date,price,qty,trnvr,cum_trnvr
2025-07-31 09:15:07 AM,550.85,75,41313.75,41313.75
2025-07-31 09:15:10 AM,537.85,75,40338.75,81652.5
2025-07-31 09:15:10 AM,526.1,0,0.0,81652.5
2025-07-31 09:15:11 AM,526.1,375,197287.5,278940.0
2025-07-31 09:15:16 AM,545.7,0,0.0,278940.0
2025-07-31 09:15:16 AM,545.7,150,81855.0,360795.0
2025-07-31 09:15:18 AM,549.9,0,0.0,360795.0
2025-07-31 09:15:20 AM,549.9,75,41242.5,402037.5
2025-07-31 09:15:21 AM,550.0,0,0.0,402037.5
2025-07-31 09:15:21 AM,550.0,225,123750.0,525787.5
2025-07-31 09:15:23 AM,550.0,2475,1361250.0,1887037.5
2025-07-31 09:15:24 AM,553.9,0,0.0,1887037.5
2025-07-31 09:15:25 AM,553.9,75,41542.5,1928580.0
2025-07-31 09:15:30 AM,554.5,0,0.0,1928580.0
2025-07-31 09:15:31 AM,554.5,150,83175.0,2011755.0
2025-07-31 09:15:33 AM,545.7,0,0.0,2011755.0
2025-07-31 09:15:35 AM,545.7,75,40927.5,2052682.5
2025-07-31 09:16:01 AM,549.0,0,0.0,2052682.5
2025-07-31 09:16:02 AM,549.0,300,164700.0,2217382.5
2025-07-31 09:16:06 AM,538.05,75,40353.75,2257736.25
2025-07-31 09:16:10 AM,534.7,0,0.0,2257736.25
2025-07-31 09:16:11 AM,534.7,225,120307.50000000001,2378043.75
2025-07-31 09:16:16 AM,534.0,0,0.0,2378043.75
2025-07-31 09:16:16 AM,534.0,75,40050.0,2418093.75
2025-07-31 09:16:25 AM,528.75,0,0.0,2418093.75
2025-07-31 09:16:25 AM,528.75,75,39656.25,2457750.0
2025-07-31 09:16:30 AM,528.75,225,118968.75,2576718.75
2025-07-31 09:16:33 AM,535.95,0,0.0,2576718.75
2025-07-31 09:16:34 AM,535.95,75,40196.25,2616915.0
2025-07-31 09:16:38 AM,528.75,0,0.0,2616915.0
2025-07-31 09:16:39 AM,531.05,0,0.0,2616915.0
2025-07-31 09:16:39 AM,531.05,150,79657.5,2696572.5
2025-07-31 09:16:39 AM,531.0,0,0.0,2696572.5
2025-07-31 09:16:40 AM,531.1,225,119497.5,2816070.0
2025-07-31 09:16:41 AM,531.2,0,0.0,2816070.0
2025-07-31 09:16:42 AM,532.85,0,0.0,2816070.0
2025-07-31 09:16:42 AM,532.85,150,79927.5,2895997.5
2025-07-31 09:17:02 AM,523.0,0,0.0,2895997.5
2025-07-31 09:17:02 AM,523.0,75,39225.0,2935222.5
2025-07-31 09:17:06 AM,521.65,0,0.0,2935222.5
2025-07-31 09:17:07 AM,521.65,75,39123.75,2974346.25
2025-07-31 09:17:12 AM,518.0,75,38850.0,3013196.25
2025-07-31 09:17:12 AM,520.0,0,0.0,3013196.25
2025-07-31 09:17:14 AM,520.0,75,39000.0,3052196.25
2025-07-31 09:17:15 AM,510.0,0,0.0,3052196.25
2025-07-31 09:17:17 AM,515.0,0,0.0,3052196.25
2025-07-31 09:17:17 AM,515.0,375,193125.0,3245321.25
2025-07-31 09:17:22 AM,508.95,0,0.0,3245321.25
2025-07-31 09:17:24 AM,508.95,225,114513.75,3359835.0
2025-07-31 09:17:27 AM,508.0,0,0.0,3359835.0
2025-07-31 09:17:27 AM,508.0,300,152400.0,3512235.0
2025-07-31 09:17:27 AM,508.95,0,0.0,3512235.0
2025-07-31 09:17:28 AM,508.95,75,38171.25,3550406.25
2025-07-31 09:17:34 AM,510.0,0,0.0,3550406.25
2025-07-31 09:17:35 AM,510.0,150,76500.0,3626906.25
2025-07-31 09:17:38 AM,515.55,0,0.0,3626906.25
2025-07-31 09:17:38 AM,515.55,150,77332.5,3704238.75
2025-07-31 09:17:42 AM,512.0,1125,576000.0,4280238.75
2025-07-31 09:17:49 AM,521.8,0,0.0,4280238.75
2025-07-31 09:17:50 AM,521.8,150,78270.0,4358508.75
2025-07-31 09:17:53 AM,524.0,0,0.0,4358508.75
2025-07-31 09:17:53 AM,524.0,225,117900.0,4476408.75
2025-07-31 09:17:57 AM,525.4,0,0.0,4476408.75
2025-07-31 09:17:58 AM,525.4,75,39405.0,4515813.75
2025-07-31 09:18:03 AM,522.3,0,0.0,4515813.75
2025-07-31 09:18:03 AM,522.3,75,39172.5,4554986.25
2025-07-31 09:18:06 AM,525.4,0,0.0,4554986.25
2025-07-31 09:18:06 AM,533.0,0,0.0,4554986.25
2025-07-31 09:18:07 AM,535.0,750,401250.0,4956236.25
2025-07-31 09:18:08 AM,536.45,0,0.0,4956236.25
2025-07-31 09:18:08 AM,536.45,300,160935.0,5117171.25
2025-07-31 09:18:12 AM,543.0,0,0.0,5117171.25
2025-07-31 09:18:13 AM,543.0,150,81450.0,5198621.25
2025-07-31 09:18:17 AM,536.0,0,0.0,5198621.25
2025-07-31 09:18:17 AM,536.0,300,160800.0,5359421.25
2025-07-31 09:18:47 AM,528.45,0,0.0,5359421.25
2025-07-31 09:18:47 AM,528.45,75,39633.75,5399055.0
2025-07-31 09:18:57 AM,533.3,0,0.0,5399055.0
2025-07-31 09:18:57 AM,533.3,600,319980.0,5719035.0
2025-07-31 09:18:58 AM,531.75,0,0.0,5719035.0
2025-07-31 09:18:59 AM,531.75,75,39881.25,5758916.25
2025-07-31 09:19:25 AM,535.85,0,0.0,5758916.25
2025-07-31 09:19:26 AM,535.0,0,0.0,5758916.25
2025-07-31 09:19:26 AM,535.0,1725,922875.0,6681791.25
2025-07-31 09:19:33 AM,535.0,75,40125.0,6721916.25
2025-07-31 09:19:52 AM,540.0,0,0.0,6721916.25
2025-07-31 09:19:53 AM,540.0,75,40500.0,6762416.25
2025-07-31 09:19:54 AM,541.0,0,0.0,6762416.25
2025-07-31 09:19:56 AM,541.0,1200,649200.0,7411616.25
2025-07-31 09:19:57 AM,538.45,0,0.0,7411616.25
2025-07-31 09:19:58 AM,538.45,75,40383.75,7452000.0
2025-07-31 09:20:15 AM,540.0,0,0.0,7452000.0
2025-07-31 09:20:16 AM,540.0,150,81000.0,7533000.0
2025-07-31 09:20:26 AM,545.5,0,0.0,7533000.0
2025-07-31 09:20:28 AM,545.5,75,40912.5,7573912.5
2025-07-31 09:20:34 AM,554.45,0,0.0,7573912.5
2025-07-31 09:20:34 AM,554.45,75,41583.75,7615496.25
2025-07-31 09:20:39 AM,557.0,0,0.0,7615496.25
2025-07-31 09:20:39 AM,557.0,150,83550.0,7699046.25
2025-07-31 09:20:59 AM,551.15,0,0.0,7699046.25
2025-07-31 09:20:59 AM,551.15,1125,620043.75,8319090.0
2025-07-31 09:21:03 AM,568.0,0,0.0,8319090.0
2025-07-31 09:21:04 AM,568.0,150,85200.0,8404290.0
2025-07-31 09:21:23 AM,564.95,0,0.0,8404290.0
2025-07-31 09:21:24 AM,564.95,600,338970.0,8743260.0
2025-07-31 09:21:26 AM,566.15,525,297228.75,9040488.75
2025-07-31 09:21:29 AM,566.15,150,84922.5,9125411.25
2025-07-31 09:21:32 AM,567.65,0,0.0,9125411.25
2025-07-31 09:21:33 AM,567.65,75,42573.75,9167985.0
2025-07-31 09:21:55 AM,569.6,0,0.0,9167985.0
2025-07-31 09:21:56 AM,569.6,75,42720.0,9210705.0
2025-07-31 09:22:01 AM,565.75,0,0.0,9210705.0
2025-07-31 09:22:01 AM,565.75,75,42431.25,9253136.25
2025-07-31 09:22:15 AM,551.55,0,0.0,9253136.25
2025-07-31 09:22:16 AM,551.55,75,41366.25,9294502.5
2025-07-31 09:22:22 AM,549.65,0,0.0,9294502.5
2025-07-31 09:22:23 AM,549.65,675,371013.75,9665516.25
2025-07-31 09:22:28 AM,546.85,0,0.0,9665516.25
2025-07-31 09:22:28 AM,546.85,75,41013.75,9706530.0
2025-07-31 09:22:48 AM,571.45,0,0.0,9706530.0
2025-07-31 09:22:48 AM,571.45,600,342870.0,10049400.0
2025-07-31 09:23:21 AM,570.0,0,0.0,10049400.0
2025-07-31 09:23:21 AM,570.0,75,42750.0,10092150.0
2025-07-31 09:23:40 AM,571.9,0,0.0,10092150.0
2025-07-31 09:23:41 AM,571.9,525,300247.5,10392397.5
2025-07-31 09:24:03 AM,561.55,0,0.0,10392397.5
2025-07-31 09:24:03 AM,561.55,150,84232.5,10476630.0
2025-07-31 09:25:15 AM,562.8,0,0.0,10476630.0
2025-07-31 09:25:16 AM,562.8,300,168840.0,10645470.0
2025-07-31 09:25:17 AM,561.55,0,0.0,10645470.0
2025-07-31 09:25:17 AM,560.0,0,0.0,10645470.0
2025-07-31 09:25:18 AM,560.0,150,84000.0,10729470.0
2025-07-31 09:25:21 AM,553.6,0,0.0,10729470.0
2025-07-31 09:25:21 AM,553.6,525,290640.0,11020110.0
2025-07-31 09:25:24 AM,550.1,0,0.0,11020110.0
2025-07-31 09:25:24 AM,550.1,150,82515.0,11102625.0
2025-07-31 09:25:47 AM,549.4,0,0.0,11102625.0
2025-07-31 09:25:48 AM,549.4,75,41205.0,11143830.0
2025-07-31 09:25:56 AM,555.5,0,0.0,11143830.0
2025-07-31 09:25:56 AM,555.5,150,83325.0,11227155.0
2025-07-31 09:26:07 AM,553.7,0,0.0,11227155.0
2025-07-31 09:26:08 AM,553.7,1800,996660.0000000001,12223815.0
2025-07-31 09:26:26 AM,546.5,75,40987.5,12264802.5
2025-07-31 09:26:40 AM,557.3,0,0.0,12264802.5
2025-07-31 09:26:41 AM,557.3,450,250784.99999999997,12515587.5
2025-07-31 09:27:08 AM,569.0,75,42675.0,12558262.5
2025-07-31 09:27:10 AM,569.95,0,0.0,12558262.5
2025-07-31 09:27:11 AM,569.95,150,85492.5,12643755.0
2025-07-31 09:27:32 AM,574.95,0,0.0,12643755.0
2025-07-31 09:27:33 AM,574.95,75,43121.25,12686876.25
2025-07-31 09:29:46 AM,562.65,0,0.0,12686876.25
2025-07-31 09:29:47 AM,562.65,75,42198.75,12729075.0
2025-07-31 09:29:56 AM,561.05,0,0.0,12729075.0
2025-07-31 09:29:57 AM,561.05,75,42078.75,12771153.75
2025-07-31 09:30:47 AM,556.7,0,0.0,12771153.75
2025-07-31 09:30:48 AM,556.7,75,41752.5,12812906.25
2025-07-31 09:31:24 AM,561.1,0,0.0,12812906.25
2025-07-31 09:31:25 AM,561.1,300,168330.0,12981236.25
2025-07-31 09:32:28 AM,570.05,0,0.0,12981236.25
2025-07-31 09:32:28 AM,570.05,75,42753.75,13023990.0
2025-07-31 09:32:35 AM,570.05,150,85507.5,13109497.5
2025-07-31 09:32:41 AM,571.65,75,42873.75,13152371.25
2025-07-31 09:32:53 AM,567.95,0,0.0,13152371.25
2025-07-31 09:32:53 AM,567.95,75,42596.25,13194967.5
2025-07-31 09:33:16 AM,566.75,0,0.0,13194967.5
2025-07-31 09:33:16 AM,564.05,0,0.0,13194967.5
2025-07-31 09:33:16 AM,564.05,150,84607.5,13279575.0
2025-07-31 09:33:20 AM,561.1,0,0.0,13279575.0
2025-07-31 09:33:20 AM,561.1,75,42082.5,13321657.5
2025-07-31 09:34:09 AM,550.25,0,0.0,13321657.5
2025-07-31 09:34:10 AM,550.25,75,41268.75,13362926.25
2025-07-31 09:34:22 AM,555.4,0,0.0,13362926.25
2025-07-31 09:34:23 AM,555.4,75,41655.0,13404581.25
2025-07-31 09:36:17 AM,553.5,0,0.0,13404581.25
2025-07-31 09:36:18 AM,553.5,75,41512.5,13446093.75
2025-07-31 09:36:43 AM,552.75,0,0.0,13446093.75
2025-07-31 09:36:43 AM,552.75,75,41456.25,13487550.0
2025-07-31 09:37:42 AM,553.8,0,0.0,13487550.0
2025-07-31 09:37:42 AM,553.8,75,41535.0,13529085.0
2025-07-31 09:42:08 AM,553.0,0,0.0,13529085.0
2025-07-31 09:42:09 AM,553.0,75,41475.0,13570560.0
2025-07-31 09:45:45 AM,555.0,0,0.0,13570560.0
2025-07-31 09:45:45 AM,555.0,75,41625.0,13612185.0
2025-07-31 09:47:54 AM,549.55,0,0.0,13612185.0
2025-07-31 09:47:54 AM,549.55,300,164865.0,13777050.0
2025-07-31 09:48:02 AM,548.0,0,0.0,13777050.0
2025-07-31 09:48:02 AM,548.0,150,82200.0,13859250.0
2025-07-31 09:49:31 AM,545.8,0,0.0,13859250.0
2025-07-31 09:49:32 AM,545.8,75,40935.0,13900185.0
2025-07-31 09:50:00 AM,548.8,0,0.0,13900185.0
2025-07-31 09:50:00 AM,548.8,75,41160.0,13941345.0
2025-07-31 09:51:22 AM,554.0,0,0.0,13941345.0
2025-07-31 09:51:22 AM,554.0,75,41550.0,13982895.0
2025-07-31 09:51:27 AM,554.0,300,166200.0,14149095.0
2025-07-31 09:51:57 AM,555.2,0,0.0,14149095.0
2025-07-31 09:51:58 AM,555.2,75,41640.0,14190735.0
2025-07-31 09:52:17 AM,558.75,0,0.0,14190735.0
2025-07-31 09:52:17 AM,558.75,75,41906.25,14232641.25
2025-07-31 09:54:52 AM,552.0,0,0.0,14232641.25
2025-07-31 09:54:54 AM,552.0,75,41400.0,14274041.25
2025-07-31 09:57:42 AM,549.0,0,0.0,14274041.25
2025-07-31 09:57:42 AM,549.0,150,82350.0,14356391.25
2025-07-31 09:58:07 AM,547.15,0,0.0,14356391.25
2025-07-31 09:58:07 AM,547.15,75,41036.25,14397427.5
2025-07-31 10:00:41 AM,525.25,0,0.0,14397427.5
2025-07-31 10:00:41 AM,525.25,75,39393.75,14436821.25
2025-07-31 10:00:45 AM,527.95,0,0.0,14436821.25
2025-07-31 10:00:46 AM,527.95,75,39596.25,14476417.5
2025-07-31 10:00:56 AM,526.9,0,0.0,14476417.5
2025-07-31 10:00:56 AM,526.9,75,39517.5,14515935.0
2025-07-31 10:01:02 AM,521.0,0,0.0,14515935.0
2025-07-31 10:01:03 AM,521.0,75,39075.0,14555010.0
2025-07-31 10:01:05 AM,520.0,0,0.0,14555010.0
2025-07-31 10:01:06 AM,520.0,75,39000.0,14594010.0
2025-07-31 10:02:27 AM,520.0,300,156000.0,14750010.0
2025-07-31 10:02:28 AM,520.0,300,156000.0,14906010.0
2025-07-31 10:02:29 AM,520.0,150,78000.0,14984010.0
2025-07-31 10:03:07 AM,518.5,0,0.0,14984010.0
2025-07-31 10:03:08 AM,518.5,150,77775.0,15061785.0
2025-07-31 10:03:19 AM,522.95,0,0.0,15061785.0
2025-07-31 10:03:19 AM,522.95,75,39221.25,15101006.25
2025-07-31 10:03:34 AM,519.05,0,0.0,15101006.25
2025-07-31 10:03:34 AM,519.05,300,155715.0,15256721.25
2025-07-31 10:03:42 AM,520.1,0,0.0,15256721.25
2025-07-31 10:03:42 AM,520.1,300,156030.0,15412751.25
2025-07-31 10:04:13 AM,521.0,0,0.0,15412751.25
2025-07-31 10:04:14 AM,521.0,75,39075.0,15451826.25
2025-07-31 10:05:29 AM,521.0,75,39075.0,15490901.25
2025-07-31 10:05:39 AM,521.95,0,0.0,15490901.25
2025-07-31 10:05:40 AM,521.95,75,39146.25,15530047.5
2025-07-31 10:06:58 AM,525.0,0,0.0,15530047.5
2025-07-31 10:06:59 AM,525.0,75,39375.0,15569422.5
2025-07-31 10:07:09 AM,527.2,75,39540.0,15608962.5
2025-07-31 10:07:09 AM,526.0,0,0.0,15608962.5
2025-07-31 10:07:10 AM,526.0,75,39450.0,15648412.5
2025-07-31 10:07:28 AM,531.05,75,39828.75,15688241.25
2025-07-31 10:08:53 AM,537.05,0,0.0,15688241.25
2025-07-31 10:08:54 AM,537.05,75,40278.75,15728520.0
2025-07-31 10:09:27 AM,534.5,0,0.0,15728520.0
2025-07-31 10:09:27 AM,534.5,75,40087.5,15768607.5
2025-07-31 10:10:04 AM,531.0,0,0.0,15768607.5
2025-07-31 10:10:04 AM,531.0,75,39825.0,15808432.5
2025-07-31 10:11:28 AM,532.45,0,0.0,15808432.5
2025-07-31 10:11:29 AM,532.45,75,39933.75,15848366.25
2025-07-31 10:13:54 AM,520.95,0,0.0,15848366.25
2025-07-31 10:13:55 AM,520.95,75,39071.25,15887437.5
2025-07-31 10:14:06 AM,523.4,0,0.0,15887437.5
2025-07-31 10:14:07 AM,523.4,75,39255.0,15926692.5
2025-07-31 10:15:47 AM,524.05,0,0.0,15926692.5
2025-07-31 10:15:48 AM,524.05,600,314430.0,16241122.5
2025-07-31 10:16:00 AM,528.9,0,0.0,16241122.5
2025-07-31 10:16:01 AM,528.9,75,39667.5,16280790.0
2025-07-31 10:16:50 AM,531.0,0,0.0,16280790.0
2025-07-31 10:16:51 AM,531.0,75,39825.0,16320615.0
2025-07-31 10:21:14 AM,522.05,0,0.0,16320615.0
2025-07-31 10:21:15 AM,522.05,75,39153.75,16359768.75
2025-07-31 10:22:13 AM,523.15,0,0.0,16359768.75
2025-07-31 10:22:14 AM,523.15,150,78472.5,16438241.25
2025-07-31 10:24:35 AM,535.0,0,0.0,16438241.25
2025-07-31 10:24:35 AM,535.0,75,40125.0,16478366.25
2025-07-31 10:29:26 AM,538.0,375,201750.0,16680116.25
2025-07-31 10:29:58 AM,529.5,0,0.0,16680116.25
2025-07-31 10:29:59 AM,529.5,300,158850.0,16838966.25
2025-07-31 10:30:48 AM,534.95,0,0.0,16838966.25
2025-07-31 10:30:50 AM,534.95,75,40121.25,16879087.5
2025-07-31 10:31:37 AM,528.0,0,0.0,16879087.5
2025-07-31 10:31:37 AM,528.0,75,39600.0,16918687.5
2025-07-31 10:32:00 AM,523.0,0,0.0,16918687.5
2025-07-31 10:32:01 AM,523.0,75,39225.0,16957912.5
2025-07-31 10:34:01 AM,522.45,0,0.0,16957912.5
2025-07-31 10:34:01 AM,522.45,375,195918.75000000003,17153831.25
2025-07-31 10:34:26 AM,522.45,150,78367.5,17232198.75
2025-07-31 10:35:15 AM,522.0,0,0.0,17232198.75
2025-07-31 10:35:16 AM,522.0,375,195750.0,17427948.75
2025-07-31 10:37:12 AM,522.0,1200,626400.0,18054348.75
2025-07-31 10:37:32 AM,522.0,75,39150.0,18093498.75
2025-07-31 10:38:35 AM,527.05,0,0.0,18093498.75
2025-07-31 10:38:35 AM,527.05,75,39528.75,18133027.5
2025-07-31 10:43:42 AM,533.0,0,0.0,18133027.5
2025-07-31 10:43:42 AM,533.0,75,39975.0,18173002.5
2025-07-31 10:44:48 AM,535.15,0,0.0,18173002.5
2025-07-31 10:44:49 AM,535.15,75,40136.25,18213138.75
2025-07-31 10:44:59 AM,543.1,0,0.0,18213138.75
2025-07-31 10:45:00 AM,543.1,75,40732.5,18253871.25
2025-07-31 10:45:00 AM,546.3,0,0.0,18253871.25
2025-07-31 10:45:00 AM,546.3,150,81945.0,18335816.25
2025-07-31 10:45:37 AM,558.05,0,0.0,18335816.25
2025-07-31 10:45:37 AM,558.05,225,125561.24999999999,18461377.5
2025-07-31 10:47:45 AM,557.0,0,0.0,18461377.5
2025-07-31 10:47:45 AM,557.0,75,41775.0,18503152.5
2025-07-31 10:48:38 AM,563.05,0,0.0,18503152.5
2025-07-31 10:48:38 AM,563.05,150,84457.5,18587610.0
2025-07-31 10:48:49 AM,570.0,0,0.0,18587610.0
2025-07-31 10:48:50 AM,570.0,75,42750.0,18630360.0
2025-07-31 10:48:52 AM,574.0,0,0.0,18630360.0
2025-07-31 10:48:53 AM,574.0,375,215250.0,18845610.0
2025-07-31 10:49:01 AM,573.0,0,0.0,18845610.0
2025-07-31 10:49:02 AM,573.0,75,42975.0,18888585.0
2025-07-31 10:49:09 AM,570.25,0,0.0,18888585.0
2025-07-31 10:49:10 AM,570.25,75,42768.75,18931353.75
2025-07-31 10:49:53 AM,569.85,0,0.0,18931353.75
2025-07-31 10:49:53 AM,567.1,225,127597.5,19058951.25
2025-07-31 10:50:06 AM,570.0,0,0.0,19058951.25
2025-07-31 10:50:07 AM,570.0,75,42750.0,19101701.25
2025-07-31 10:50:07 AM,568.0,0,0.0,19101701.25
2025-07-31 10:50:08 AM,568.0,75,42600.0,19144301.25
2025-07-31 10:50:37 AM,571.95,0,0.0,19144301.25
2025-07-31 10:50:37 AM,571.95,75,42896.25,19187197.5
2025-07-31 10:50:39 AM,576.6,0,0.0,19187197.5
2025-07-31 10:50:40 AM,579.0,0,0.0,19187197.5
2025-07-31 10:50:41 AM,579.0,150,86850.0,19274047.5
2025-07-31 10:50:59 AM,572.95,0,0.0,19274047.5
2025-07-31 10:50:59 AM,572.95,375,214856.25000000003,19488903.75
2025-07-31 10:56:37 AM,565.5,0,0.0,19488903.75
2025-07-31 10:56:37 AM,565.55,0,0.0,19488903.75
2025-07-31 10:56:38 AM,565.55,2325,1314903.75,20803807.5
2025-07-31 10:58:19 AM,561.4,0,0.0,20803807.5
2025-07-31 10:58:19 AM,561.4,75,42105.0,20845912.5
2025-07-31 10:58:25 AM,560.0,0,0.0,20845912.5
2025-07-31 10:58:26 AM,560.0,75,42000.0,20887912.5
2025-07-31 10:58:59 AM,553.65,0,0.0,20887912.5
2025-07-31 10:58:59 AM,553.65,150,83047.5,20970960.0
2025-07-31 11:01:32 AM,594.95,0,0.0,20970960.0
2025-07-31 11:01:32 AM,594.95,75,44621.25,21015581.25
2025-07-31 11:01:55 AM,597.9,0,0.0,21015581.25
2025-07-31 11:01:56 AM,597.9,75,44842.5,21060423.75
2025-07-31 11:01:59 AM,596.35,0,0.0,21060423.75
2025-07-31 11:01:59 AM,596.35,300,178905.0,21239328.75
2025-07-31 11:02:11 AM,599.6,300,179880.0,21419208.75
2025-07-31 11:02:29 AM,599.6,75,44970.0,21464178.75
2025-07-31 11:02:32 AM,599.6,75,44970.0,21509148.75
2025-07-31 11:02:56 AM,605.4,0,0.0,21509148.75
2025-07-31 11:02:56 AM,605.4,75,45405.0,21554553.75
2025-07-31 11:03:03 AM,609.1,0,0.0,21554553.75
2025-07-31 11:03:03 AM,609.1,75,45682.5,21600236.25
2025-07-31 11:04:28 AM,604.8,0,0.0,21600236.25
2025-07-31 11:04:29 AM,604.8,300,181440.0,21781676.25
2025-07-31 11:06:30 AM,613.8,0,0.0,21781676.25
2025-07-31 11:06:30 AM,613.8,375,230174.99999999997,22011851.25
2025-07-31 11:06:47 AM,622.05,0,0.0,22011851.25
2025-07-31 11:06:47 AM,622.05,75,46653.75,22058505.0
2025-07-31 11:07:29 AM,611.75,0,0.0,22058505.0
2025-07-31 11:07:30 AM,611.75,150,91762.5,22150267.5
2025-07-31 11:07:31 AM,611.85,0,0.0,22150267.5
2025-07-31 11:07:32 AM,611.85,150,91777.5,22242045.0
2025-07-31 11:07:51 AM,616.45,0,0.0,22242045.0
2025-07-31 11:07:52 AM,616.45,300,184935.0,22426980.0
2025-07-31 11:08:15 AM,614.45,0,0.0,22426980.0
2025-07-31 11:08:15 AM,614.45,1500,921675.0000000001,23348655.0
2025-07-31 11:09:08 AM,614.45,300,184335.0,23532990.0
2025-07-31 11:10:22 AM,600.0,0,0.0,23532990.0
2025-07-31 11:10:22 AM,600.0,300,180000.0,23712990.0
2025-07-31 11:10:40 AM,600.6,0,0.0,23712990.0
2025-07-31 11:10:41 AM,600.6,75,45045.0,23758035.0
2025-07-31 11:10:55 AM,596.45,0,0.0,23758035.0
2025-07-31 11:10:56 AM,596.45,300,178935.0,23936970.0
2025-07-31 11:13:47 AM,596.0,0,0.0,23936970.0
2025-07-31 11:13:47 AM,596.0,75,44700.0,23981670.0
2025-07-31 11:15:54 AM,594.45,0,0.0,23981670.0
2025-07-31 11:15:54 AM,594.45,75,44583.75,24026253.75
2025-07-31 11:17:43 AM,605.45,0,0.0,24026253.75
2025-07-31 11:17:43 AM,605.45,900,544905.0,24571158.75
2025-07-31 11:17:48 AM,602.7,0,0.0,24571158.75
2025-07-31 11:17:48 AM,602.7,75,45202.5,24616361.25
2025-07-31 11:18:32 AM,605.95,0,0.0,24616361.25
2025-07-31 11:18:32 AM,605.95,75,45446.25,24661807.5
2025-07-31 11:19:43 AM,606.15,0,0.0,24661807.5
2025-07-31 11:19:44 AM,606.15,75,45461.25,24707268.75
2025-07-31 11:19:55 AM,608.55,0,0.0,24707268.75
2025-07-31 11:19:55 AM,608.55,150,91282.5,24798551.25
2025-07-31 11:21:21 AM,615.3,75,46147.5,24844698.75
2025-07-31 11:22:07 AM,623.95,0,0.0,24844698.75
2025-07-31 11:22:07 AM,627.3,0,0.0,24844698.75
2025-07-31 11:22:07 AM,627.0,0,0.0,24844698.75
2025-07-31 11:22:08 AM,627.0,1575,987525.0,25832223.75
2025-07-31 11:22:21 AM,632.0,0,0.0,25832223.75
2025-07-31 11:22:21 AM,632.0,75,47400.0,25879623.75
2025-07-31 11:22:30 AM,629.6,0,0.0,25879623.75
2025-07-31 11:22:30 AM,629.6,150,94440.0,25974063.75
2025-07-31 11:22:36 AM,633.4,0,0.0,25974063.75
2025-07-31 11:22:37 AM,633.4,300,190020.0,26164083.75
2025-07-31 11:22:37 AM,634.15,0,0.0,26164083.75
2025-07-31 11:22:38 AM,634.15,75,47561.25,26211645.0
2025-07-31 11:22:51 AM,630.4,0,0.0,26211645.0
2025-07-31 11:22:51 AM,630.4,75,47280.0,26258925.0
2025-07-31 11:23:11 AM,628.8,0,0.0,26258925.0
2025-07-31 11:23:12 AM,628.8,75,47160.0,26306085.0
2025-07-31 11:23:12 AM,628.15,0,0.0,26306085.0
2025-07-31 11:23:13 AM,628.15,300,188445.0,26494530.0
2025-07-31 11:23:15 AM,629.05,0,0.0,26494530.0
2025-07-31 11:23:16 AM,629.05,75,47178.75,26541708.75
2025-07-31 11:24:59 AM,640.0,0,0.0,26541708.75
2025-07-31 11:25:00 AM,640.0,1125,720000.0,27261708.75
2025-07-31 11:25:00 AM,640.0,75,48000.0,27309708.75
2025-07-31 11:25:01 AM,642.0,0,0.0,27309708.75
2025-07-31 11:25:02 AM,642.0,2775,1781550.0,29091258.75
2025-07-31 11:25:29 AM,642.1,0,0.0,29091258.75
2025-07-31 11:25:30 AM,642.0,0,0.0,29091258.75
2025-07-31 11:25:31 AM,642.0,1200,770400.0,29861658.75
2025-07-31 11:25:31 AM,638.05,75,47853.75,29909512.5
2025-07-31 11:27:30 AM,638.05,75,47853.75,29957366.25
2025-07-31 11:27:51 AM,638.05,150,95707.5,30053073.75
2025-07-31 11:28:10 AM,639.3,0,0.0,30053073.75
2025-07-31 11:28:11 AM,639.25,150,95887.5,30148961.25
2025-07-31 11:28:11 AM,639.25,75,47943.75,30196905.0
2025-07-31 11:28:22 AM,640.35,0,0.0,30196905.0
2025-07-31 11:28:22 AM,640.35,150,96052.5,30292957.5
2025-07-31 11:28:23 AM,639.95,0,0.0,30292957.5
2025-07-31 11:28:24 AM,639.95,75,47996.25,30340953.75
2025-07-31 11:28:24 AM,639.95,75,47996.25,30388950.0
2025-07-31 11:28:27 AM,638.7,0,0.0,30388950.0
2025-07-31 11:28:28 AM,638.7,75,47902.5,30436852.5
2025-07-31 11:28:29 AM,638.7,75,47902.5,30484755.0
2025-07-31 11:28:30 AM,639.4,0,0.0,30484755.0
2025-07-31 11:28:30 AM,639.4,150,95910.0,30580665.0
2025-07-31 11:28:36 AM,639.15,75,47936.25,30628601.25
2025-07-31 11:28:37 AM,639.0,0,0.0,30628601.25
2025-07-31 11:28:37 AM,639.0,75,47925.0,30676526.25
2025-07-31 11:28:38 AM,639.1,75,47932.5,30724458.75
2025-07-31 11:28:43 AM,639.35,0,0.0,30724458.75
2025-07-31 11:28:44 AM,639.35,75,47951.25,30772410.0
2025-07-31 11:28:44 AM,639.45,0,0.0,30772410.0
2025-07-31 11:28:44 AM,639.45,225,143876.25,30916286.25
2025-07-31 11:28:45 AM,639.65,0,0.0,30916286.25
2025-07-31 11:28:46 AM,639.65,300,191895.0,31108181.25
2025-07-31 11:28:48 AM,639.75,0,0.0,31108181.25
2025-07-31 11:28:48 AM,639.75,75,47981.25,31156162.5
2025-07-31 11:29:07 AM,635.15,0,0.0,31156162.5
2025-07-31 11:29:07 AM,635.15,225,142908.75,31299071.25
2025-07-31 11:29:08 AM,634.35,0,0.0,31299071.25
2025-07-31 11:29:08 AM,634.35,150,95152.5,31394223.75
2025-07-31 11:29:20 AM,635.0,75,47625.0,31441848.75
2025-07-31 11:29:22 AM,633.7,0,0.0,31441848.75
2025-07-31 11:29:22 AM,633.7,75,47527.5,31489376.25
2025-07-31 11:30:16 AM,635.35,0,0.0,31489376.25
2025-07-31 11:30:17 AM,635.35,75,47651.25,31537027.5
2025-07-31 11:31:07 AM,637.05,225,143336.25,31680363.75
2025-07-31 11:31:30 AM,635.65,0,0.0,31680363.75
2025-07-31 11:31:31 AM,635.65,150,95347.5,31775711.25
2025-07-31 11:32:11 AM,646.25,300,193875.0,31969586.25
2025-07-31 11:32:14 AM,647.25,0,0.0,31969586.25
2025-07-31 11:32:14 AM,647.25,75,48543.75,32018130.0
2025-07-31 11:32:17 AM,646.0,0,0.0,32018130.0
2025-07-31 11:32:17 AM,646.0,75,48450.0,32066580.0
2025-07-31 11:32:21 AM,652.8,150,97920.0,32164500.0
2025-07-31 11:32:22 AM,649.55,0,0.0,32164500.0
2025-07-31 11:32:22 AM,649.55,75,48716.25,32213216.25
2025-07-31 11:32:24 AM,650.5,0,0.0,32213216.25
2025-07-31 11:32:25 AM,650.5,75,48787.5,32262003.75
2025-07-31 11:32:53 AM,645.55,0,0.0,32262003.75
2025-07-31 11:32:53 AM,646.2,150,96930.0,32358933.75
2025-07-31 11:33:00 AM,647.85,0,0.0,32358933.75
2025-07-31 11:33:01 AM,647.85,150,97177.5,32456111.25
2025-07-31 11:33:02 AM,648.3,0,0.0,32456111.25
2025-07-31 11:33:03 AM,648.3,75,48622.5,32504733.75
2025-07-31 11:33:18 AM,653.05,0,0.0,32504733.75
2025-07-31 11:33:19 AM,653.05,150,97957.5,32602691.25
2025-07-31 11:33:24 AM,654.0,0,0.0,32602691.25
2025-07-31 11:33:24 AM,660.0,0,0.0,32602691.25
2025-07-31 11:33:24 AM,660.05,3150,2079157.4999999998,34681848.75
2025-07-31 11:34:11 AM,662.0,0,0.0,34681848.75
2025-07-31 11:34:11 AM,662.0,75,49650.0,34731498.75
2025-07-31 11:34:12 AM,662.65,0,0.0,34731498.75
2025-07-31 11:34:12 AM,662.65,75,49698.75,34781197.5
2025-07-31 11:34:13 AM,662.5,0,0.0,34781197.5
2025-07-31 11:34:14 AM,662.5,75,49687.5,34830885.0
2025-07-31 11:34:29 AM,655.0,0,0.0,34830885.0
2025-07-31 11:34:29 AM,655.0,225,147375.0,34978260.0
2025-07-31 11:34:37 AM,650.0,0,0.0,34978260.0
2025-07-31 11:34:37 AM,650.0,600,390000.0,35368260.0
2025-07-31 11:34:49 AM,654.95,0,0.0,35368260.0
2025-07-31 11:34:49 AM,654.95,150,98242.5,35466502.5
2025-07-31 11:34:51 AM,655.05,0,0.0,35466502.5
2025-07-31 11:34:51 AM,655.05,75,49128.75,35515631.25
2025-07-31 11:34:59 AM,658.9,0,0.0,35515631.25
2025-07-31 11:34:59 AM,658.9,225,148252.5,35663883.75
2025-07-31 11:35:19 AM,655.85,0,0.0,35663883.75
2025-07-31 11:35:19 AM,656.15,225,147633.75,35811517.5
2025-07-31 11:35:51 AM,646.8,75,48510.0,35860027.5
2025-07-31 11:35:54 AM,644.05,0,0.0,35860027.5
2025-07-31 11:35:54 AM,643.95,150,96592.5,35956620.0
2025-07-31 11:36:04 AM,641.0,0,0.0,35956620.0
2025-07-31 11:36:04 AM,641.0,450,288450.0,36245070.0
2025-07-31 11:38:06 AM,643.6,0,0.0,36245070.0
2025-07-31 11:38:06 AM,643.6,150,96540.0,36341610.0
2025-07-31 11:38:18 AM,641.1,0,0.0,36341610.0
2025-07-31 11:38:19 AM,641.1,75,48082.5,36389692.5
2025-07-31 11:38:20 AM,641.0,0,0.0,36389692.5
2025-07-31 11:38:20 AM,641.0,525,336525.0,36726217.5
2025-07-31 11:38:21 AM,641.0,75,48075.0,36774292.5
2025-07-31 11:38:27 AM,642.1,0,0.0,36774292.5
2025-07-31 11:38:28 AM,642.1,75,48157.5,36822450.0
2025-07-31 11:38:29 AM,642.7,0,0.0,36822450.0
2025-07-31 11:38:29 AM,642.7,75,48202.5,36870652.5
2025-07-31 11:43:07 AM,657.15,0,0.0,36870652.5
2025-07-31 11:43:08 AM,657.15,150,98572.5,36969225.0
2025-07-31 11:43:09 AM,654.05,0,0.0,36969225.0
2025-07-31 11:43:09 AM,654.05,150,98107.5,37067332.5
2025-07-31 11:45:04 AM,654.1,0,0.0,37067332.5
2025-07-31 11:45:04 AM,654.1,300,196230.0,37263562.5
2025-07-31 11:46:02 AM,654.05,0,0.0,37263562.5
2025-07-31 11:46:03 AM,654.05,75,49053.75,37312616.25
2025-07-31 11:48:27 AM,666.15,75,49961.25,37362577.5
2025-07-31 11:48:42 AM,667.4,0,0.0,37362577.5
2025-07-31 11:48:43 AM,667.4,1800,1201320.0,38563897.5
2025-07-31 11:48:50 AM,670.0,0,0.0,38563897.5
2025-07-31 11:48:50 AM,670.0,1275,854250.0,39418147.5
2025-07-31 11:49:02 AM,668.0,0,0.0,39418147.5
2025-07-31 11:49:03 AM,668.0,1800,1202400.0,40620547.5
2025-07-31 11:49:18 AM,660.55,0,0.0,40620547.5
2025-07-31 11:49:18 AM,660.55,75,49541.25,40670088.75
2025-07-31 11:50:37 AM,655.6,0,0.0,40670088.75
2025-07-31 11:50:38 AM,655.6,75,49170.0,40719258.75
2025-07-31 11:51:05 AM,660.0,75,49500.0,40768758.75
2025-07-31 11:52:18 AM,651.5,0,0.0,40768758.75
2025-07-31 11:52:20 AM,651.5,900,586350.0,41355108.75
2025-07-31 11:53:02 AM,654.0,0,0.0,41355108.75
2025-07-31 11:53:03 AM,654.0,75,49050.0,41404158.75
2025-07-31 11:53:58 AM,655.0,0,0.0,41404158.75
2025-07-31 11:53:58 AM,655.0,1800,1179000.0,42583158.75
2025-07-31 11:55:13 AM,655.0,75,49125.0,42632283.75
2025-07-31 11:56:20 AM,652.0,0,0.0,42632283.75
2025-07-31 11:56:20 AM,652.0,75,48900.0,42681183.75
2025-07-31 11:56:53 AM,652.05,75,48903.75,42730087.5
2025-07-31 12:01:47 PM,635.75,0,0.0,42730087.5
2025-07-31 12:01:48 PM,635.75,75,47681.25,42777768.75
2025-07-31 12:03:21 PM,619.4,0,0.0,42777768.75
2025-07-31 12:03:21 PM,619.4,75,46455.0,42824223.75
2025-07-31 12:07:57 PM,619.0,0,0.0,42824223.75
2025-07-31 12:07:57 PM,619.0,600,371400.0,43195623.75
2025-07-31 12:07:58 PM,619.0,150,92850.0,43288473.75
2025-07-31 12:08:20 PM,611.05,0,0.0,43288473.75
2025-07-31 12:08:20 PM,611.05,75,45828.75,43334302.5
2025-07-31 12:08:54 PM,619.9,0,0.0,43334302.5
2025-07-31 12:08:54 PM,619.9,75,46492.5,43380795.0
2025-07-31 12:09:06 PM,619.9,75,46492.5,43427287.5
2025-07-31 12:10:24 PM,621.1,0,0.0,43427287.5
2025-07-31 12:10:25 PM,621.1,600,372660.0,43799947.5
2025-07-31 12:10:30 PM,623.4,75,46755.0,43846702.5
2025-07-31 12:11:02 PM,627.3,0,0.0,43846702.5
2025-07-31 12:11:03 PM,627.3,225,141142.5,43987845.0
2025-07-31 12:11:18 PM,627.5,0,0.0,43987845.0
2025-07-31 12:11:19 PM,627.5,75,47062.5,44034907.5
2025-07-31 12:11:35 PM,632.0,300,189600.0,44224507.5
2025-07-31 12:11:39 PM,632.0,75,47400.0,44271907.5
2025-07-31 12:11:40 PM,632.0,300,189600.0,44461507.5
2025-07-31 12:13:55 PM,659.2,0,0.0,44461507.5
2025-07-31 12:13:55 PM,659.2,75,49440.0,44510947.5
2025-07-31 12:13:56 PM,659.3,0,0.0,44510947.5
2025-07-31 12:13:57 PM,659.3,75,49447.5,44560395.0
2025-07-31 12:14:02 PM,660.25,0,0.0,44560395.0
2025-07-31 12:14:02 PM,663.1,0,0.0,44560395.0
2025-07-31 12:14:02 PM,663.1,1875,1243312.5,45803707.5
2025-07-31 12:14:03 PM,663.2,0,0.0,45803707.5
2025-07-31 12:14:04 PM,663.2,75,49740.0,45853447.5
2025-07-31 12:14:40 PM,664.0,0,0.0,45853447.5
2025-07-31 12:14:41 PM,664.0,75,49800.0,45903247.5
2025-07-31 12:14:41 PM,664.45,0,0.0,45903247.5
2025-07-31 12:14:42 PM,664.45,150,99667.5,46002915.0
2025-07-31 12:14:58 PM,666.35,0,0.0,46002915.0
2025-07-31 12:14:59 PM,666.6,0,0.0,46002915.0
2025-07-31 12:14:59 PM,666.6,375,249975.0,46252890.0
2025-07-31 12:15:00 PM,667.0,0,0.0,46252890.0
2025-07-31 12:15:01 PM,667.0,150,100050.0,46352940.0
2025-07-31 12:15:02 PM,666.0,0,0.0,46352940.0
2025-07-31 12:15:02 PM,666.0,150,99900.0,46452840.0
2025-07-31 12:15:03 PM,668.9,75,50167.5,46503007.5
2025-07-31 12:15:07 PM,676.0,0,0.0,46503007.5
2025-07-31 12:15:07 PM,676.0,75,50700.0,46553707.5
2025-07-31 12:15:24 PM,684.6,0,0.0,46553707.5
2025-07-31 12:15:24 PM,684.6,75,51345.0,46605052.5
2025-07-31 12:16:33 PM,680.85,0,0.0,46605052.5
2025-07-31 12:16:34 PM,680.85,150,102127.5,46707180.0
2025-07-31 12:16:44 PM,670.0,0,0.0,46707180.0
2025-07-31 12:16:45 PM,670.0,75,50250.0,46757430.0
2025-07-31 12:16:59 PM,669.55,0,0.0,46757430.0
2025-07-31 12:16:59 PM,669.55,75,50216.25,46807646.25
2025-07-31 12:17:09 PM,662.05,150,99307.5,46906953.75
2025-07-31 12:23:58 PM,680.75,0,0.0,46906953.75
2025-07-31 12:23:59 PM,680.75,75,51056.25,46958010.0
2025-07-31 12:24:33 PM,688.0,0,0.0,46958010.0
2025-07-31 12:24:33 PM,688.0,75,51600.0,47009610.0
2025-07-31 12:25:36 PM,684.1,0,0.0,47009610.0
2025-07-31 12:25:37 PM,684.1,600,410460.0,47420070.0
2025-07-31 12:26:00 PM,680.0,300,204000.0,47624070.0
2025-07-31 12:26:43 PM,678.0,0,0.0,47624070.0
2025-07-31 12:26:44 PM,678.0,600,406800.0,48030870.0
2025-07-31 12:26:45 PM,676.0,0,0.0,48030870.0
2025-07-31 12:26:45 PM,676.0,150,101400.0,48132270.0
2025-07-31 12:28:21 PM,676.0,150,101400.0,48233670.0
2025-07-31 12:28:42 PM,673.0,0,0.0,48233670.0
2025-07-31 12:28:42 PM,673.0,150,100950.0,48334620.0
2025-07-31 12:28:54 PM,668.0,0,0.0,48334620.0
2025-07-31 12:28:55 PM,668.0,150,100200.0,48434820.0
2025-07-31 12:32:33 PM,673.45,75,50508.75,48485328.75
2025-07-31 12:34:33 PM,697.0,75,52275.0,48537603.75
2025-07-31 12:34:34 PM,697.0,975,679575.0,49217178.75
2025-07-31 12:35:03 PM,701.6,0,0.0,49217178.75
2025-07-31 12:35:03 PM,701.6,750,526200.0,49743378.75
2025-07-31 12:35:11 PM,704.6,0,0.0,49743378.75
2025-07-31 12:35:11 PM,704.6,300,211380.0,49954758.75
2025-07-31 12:35:46 PM,708.0,0,0.0,49954758.75
2025-07-31 12:35:46 PM,708.0,75,53100.0,50007858.75
2025-07-31 12:36:58 PM,709.55,75,53216.25,50061075.0
2025-07-31 12:38:20 PM,708.0,0,0.0,50061075.0
2025-07-31 12:38:20 PM,708.0,75,53100.0,50114175.0
2025-07-31 12:38:21 PM,707.0,0,0.0,50114175.0
2025-07-31 12:38:21 PM,707.0,300,212100.0,50326275.0
2025-07-31 12:38:32 PM,711.0,0,0.0,50326275.0
2025-07-31 12:38:33 PM,711.0,150,106650.0,50432925.0
2025-07-31 12:38:50 PM,711.0,150,106650.0,50539575.0
2025-07-31 12:38:51 PM,712.0,0,0.0,50539575.0
2025-07-31 12:38:51 PM,712.0,150,106800.0,50646375.0
2025-07-31 12:38:53 PM,712.0,75,53400.0,50699775.0
2025-07-31 12:40:56 PM,697.0,0,0.0,50699775.0
2025-07-31 12:40:56 PM,697.0,300,209100.0,50908875.0
2025-07-31 12:43:48 PM,686.05,75,51453.75,50960328.75
2025-07-31 12:44:52 PM,695.15,0,0.0,50960328.75
2025-07-31 12:44:53 PM,695.15,75,52136.25,51012465.0
2025-07-31 12:45:48 PM,687.35,0,0.0,51012465.0
2025-07-31 12:45:48 PM,687.35,75,51551.25,51064016.25
2025-07-31 12:48:54 PM,707.0,0,0.0,51064016.25
2025-07-31 12:48:55 PM,707.0,75,53025.0,51117041.25
2025-07-31 12:49:53 PM,714.95,0,0.0,51117041.25
2025-07-31 12:49:54 PM,714.95,75,53621.25,51170662.5
2025-07-31 12:49:58 PM,716.0,0,0.0,51170662.5
2025-07-31 12:49:58 PM,716.0,75,53700.0,51224362.5
2025-07-31 12:50:22 PM,720.0,0,0.0,51224362.5
2025-07-31 12:50:22 PM,720.0,300,216000.0,51440362.5
2025-07-31 12:50:27 PM,721.5,0,0.0,51440362.5
2025-07-31 12:50:28 PM,721.5,75,54112.5,51494475.0
2025-07-31 12:51:53 PM,720.95,0,0.0,51494475.0
2025-07-31 12:51:53 PM,720.95,300,216285.0,51710760.0
2025-07-31 12:53:17 PM,719.85,75,53988.75,51764748.75
2025-07-31 12:54:30 PM,721.1,0,0.0,51764748.75
2025-07-31 12:54:30 PM,721.1,300,216330.0,51981078.75
2025-07-31 12:56:48 PM,724.95,0,0.0,51981078.75
2025-07-31 12:56:48 PM,724.95,300,217485.0,52198563.75
2025-07-31 12:56:57 PM,725.8,0,0.0,52198563.75
2025-07-31 12:56:58 PM,725.8,75,54435.0,52252998.75
2025-07-31 12:57:39 PM,735.9,0,0.0,52252998.75
2025-07-31 12:57:40 PM,735.9,225,165577.5,52418576.25
2025-07-31 12:58:25 PM,752.0,300,225600.0,52644176.25
2025-07-31 12:58:47 PM,751.95,0,0.0,52644176.25
2025-07-31 12:58:47 PM,751.95,75,56396.25,52700572.5
2025-07-31 12:59:03 PM,751.7,0,0.0,52700572.5
2025-07-31 12:59:03 PM,751.7,300,225510.0,52926082.5
2025-07-31 01:00:02 PM,743.05,0,0.0,52926082.5
2025-07-31 01:00:02 PM,743.05,75,55728.75,52981811.25
2025-07-31 01:00:09 PM,742.05,0,0.0,52981811.25
2025-07-31 01:00:10 PM,742.05,300,222615.0,53204426.25
2025-07-31 01:03:34 PM,745.15,0,0.0,53204426.25
2025-07-31 01:03:34 PM,745.15,75,55886.25,53260312.5
2025-07-31 01:04:11 PM,740.0,0,0.0,53260312.5
2025-07-31 01:04:11 PM,740.0,75,55500.0,53315812.5
2025-07-31 01:06:13 PM,743.0,0,0.0,53315812.5
2025-07-31 01:06:13 PM,743.0,975,724425.0,54040237.5
2025-07-31 01:07:54 PM,749.05,0,0.0,54040237.5
2025-07-31 01:07:54 PM,749.05,75,56178.75,54096416.25
2025-07-31 01:08:01 PM,753.0,0,0.0,54096416.25
2025-07-31 01:08:01 PM,753.0,75,56475.0,54152891.25
2025-07-31 01:09:08 PM,741.0,0,0.0,54152891.25
2025-07-31 01:09:09 PM,741.0,150,111150.0,54264041.25
2025-07-31 01:09:14 PM,741.0,825,611325.0,54875366.25
2025-07-31 01:09:15 PM,741.05,0,0.0,54875366.25
2025-07-31 01:09:15 PM,741.05,900,666945.0,55542311.25
2025-07-31 01:10:09 PM,744.0,0,0.0,55542311.25
2025-07-31 01:10:09 PM,744.0,525,390600.0,55932911.25
2025-07-31 01:10:11 PM,744.0,375,279000.0,56211911.25
2025-07-31 01:12:12 PM,766.95,0,0.0,56211911.25
2025-07-31 01:12:12 PM,766.95,300,230085.0,56441996.25
2025-07-31 01:12:28 PM,766.5,0,0.0,56441996.25
2025-07-31 01:12:28 PM,766.5,450,344925.0,56786921.25
2025-07-31 01:13:12 PM,762.0,0,0.0,56786921.25
2025-07-31 01:13:13 PM,762.0,75,57150.0,56844071.25
2025-07-31 01:15:01 PM,748.4,0,0.0,56844071.25
2025-07-31 01:15:01 PM,748.4,1350,1010340.0,57854411.25
2025-07-31 01:15:23 PM,757.05,0,0.0,57854411.25
2025-07-31 01:15:23 PM,757.05,450,340672.5,58195083.75
2025-07-31 01:15:38 PM,750.0,0,0.0,58195083.75
2025-07-31 01:15:39 PM,750.0,75,56250.0,58251333.75
2025-07-31 01:17:44 PM,752.5,75,56437.5,58307771.25
2025-07-31 01:19:07 PM,762.0,0,0.0,58307771.25
2025-07-31 01:19:08 PM,762.0,75,57150.0,58364921.25
2025-07-31 01:24:09 PM,749.0,0,0.0,58364921.25
2025-07-31 01:24:10 PM,749.0,75,56175.0,58421096.25
2025-07-31 01:26:40 PM,748.1,0,0.0,58421096.25
2025-07-31 01:26:41 PM,748.1,75,56107.5,58477203.75
2025-07-31 01:27:23 PM,760.0,0,0.0,58477203.75
2025-07-31 01:27:24 PM,760.0,150,114000.0,58591203.75
2025-07-31 01:28:59 PM,773.0,0,0.0,58591203.75
2025-07-31 01:29:00 PM,773.0,150,115950.0,58707153.75
2025-07-31 01:30:59 PM,777.0,0,0.0,58707153.75
2025-07-31 01:30:59 PM,777.0,75,58275.0,58765428.75
2025-07-31 01:31:42 PM,775.85,0,0.0,58765428.75
2025-07-31 01:31:42 PM,775.85,75,58188.75,58823617.5
2025-07-31 01:32:37 PM,778.95,0,0.0,58823617.5
2025-07-31 01:32:38 PM,778.95,75,58421.25,58882038.75
2025-07-31 01:32:50 PM,776.0,0,0.0,58882038.75
2025-07-31 01:32:50 PM,776.0,375,291000.0,59173038.75
2025-07-31 01:36:17 PM,783.0,0,0.0,59173038.75
2025-07-31 01:36:17 PM,783.0,300,234900.0,59407938.75
2025-07-31 01:37:09 PM,789.6,0,0.0,59407938.75
2025-07-31 01:37:10 PM,789.6,600,473760.0,59881698.75
2025-07-31 01:38:47 PM,798.15,0,0.0,59881698.75
2025-07-31 01:38:48 PM,798.15,75,59861.25,59941560.0
2025-07-31 01:39:00 PM,801.9,0,0.0,59941560.0
2025-07-31 01:39:00 PM,801.9,75,60142.5,60001702.5
2025-07-31 01:39:12 PM,791.05,75,59328.75,60061031.25
2025-07-31 01:40:35 PM,791.05,75,59328.75,60120360.0
2025-07-31 01:42:13 PM,772.05,0,0.0,60120360.0
2025-07-31 01:42:14 PM,772.05,225,173711.25,60294071.25
2025-07-31 01:42:15 PM,770.0,75,57750.0,60351821.25
2025-07-31 01:44:27 PM,771.0,150,115650.0,60467471.25
2025-07-31 01:52:28 PM,766.65,0,0.0,60467471.25
2025-07-31 01:52:29 PM,766.65,75,57498.75,60524970.0
2025-07-31 01:55:39 PM,770.7,0,0.0,60524970.0
2025-07-31 01:55:40 PM,770.7,75,57802.5,60582772.5
2025-07-31 01:57:25 PM,775.8,0,0.0,60582772.5
2025-07-31 01:57:26 PM,775.8,75,58185.0,60640957.5
2025-07-31 01:58:38 PM,753.05,0,0.0,60640957.5
2025-07-31 01:58:39 PM,753.05,150,112957.5,60753915.0
2025-07-31 01:58:39 PM,750.0,0,0.0,60753915.0
2025-07-31 01:58:40 PM,750.0,600,450000.0,61203915.0
2025-07-31 01:58:53 PM,754.0,0,0.0,61203915.0
2025-07-31 01:58:54 PM,754.0,75,56550.0,61260465.0
2025-07-31 01:59:40 PM,753.0,0,0.0,61260465.0
2025-07-31 01:59:40 PM,753.0,150,112950.0,61373415.0
2025-07-31 02:00:11 PM,760.55,0,0.0,61373415.0
2025-07-31 02:00:12 PM,760.55,150,114082.5,61487497.5
2025-07-31 02:03:44 PM,775.9,0,0.0,61487497.5
2025-07-31 02:03:44 PM,775.9,150,116385.0,61603882.5
2025-07-31 02:04:02 PM,762.35,0,0.0,61603882.5
2025-07-31 02:04:03 PM,762.35,300,228705.0,61832587.5
2025-07-31 02:07:04 PM,783.15,75,58736.25,61891323.75
2025-07-31 02:09:07 PM,786.2,0,0.0,61891323.75
2025-07-31 02:09:07 PM,786.2,75,58965.0,61950288.75
2025-07-31 02:12:29 PM,781.0,0,0.0,61950288.75
2025-07-31 02:12:29 PM,781.0,225,175725.0,62126013.75
2025-07-31 02:12:30 PM,780.0,0,0.0,62126013.75
2025-07-31 02:12:30 PM,780.0,75,58500.0,62184513.75
2025-07-31 02:14:12 PM,772.05,0,0.0,62184513.75
2025-07-31 02:14:12 PM,772.05,75,57903.75,62242417.5
2025-07-31 02:14:31 PM,769.45,0,0.0,62242417.5
2025-07-31 02:14:32 PM,769.45,75,57708.75,62300126.25
2025-07-31 02:15:31 PM,766.0,0,0.0,62300126.25
2025-07-31 02:15:31 PM,766.0,225,172350.0,62472476.25
2025-07-31 02:16:58 PM,764.2,0,0.0,62472476.25
2025-07-31 02:16:59 PM,764.2,75,57315.0,62529791.25
2025-07-31 02:18:18 PM,760.05,75,57003.75,62586795.0
2025-07-31 02:25:42 PM,738.05,0,0.0,62586795.0
2025-07-31 02:25:43 PM,738.05,75,55353.75,62642148.75
2025-07-31 02:25:46 PM,735.2,0,0.0,62642148.75
2025-07-31 02:25:47 PM,735.2,75,55140.0,62697288.75
2025-07-31 02:26:40 PM,733.05,0,0.0,62697288.75
2025-07-31 02:26:41 PM,733.05,975,714723.75,63412012.5
2025-07-31 02:27:05 PM,731.65,0,0.0,63412012.5
2025-07-31 02:27:05 PM,731.65,75,54873.75,63466886.25
2025-07-31 02:28:26 PM,732.45,0,0.0,63466886.25
2025-07-31 02:28:27 PM,732.45,150,109867.5,63576753.75
2025-07-31 02:29:11 PM,713.95,0,0.0,63576753.75
2025-07-31 02:29:11 PM,713.95,75,53546.25,63630300.0
2025-07-31 02:29:59 PM,710.1,0,0.0,63630300.0
2025-07-31 02:30:00 PM,710.1,75,53257.5,63683557.5
2025-07-31 02:30:20 PM,688.2,0,0.0,63683557.5
2025-07-31 02:30:21 PM,687.0,0,0.0,63683557.5
2025-07-31 02:30:21 PM,687.0,2100,1442700.0,65126257.5
2025-07-31 02:31:25 PM,702.35,0,0.0,65126257.5
2025-07-31 02:31:26 PM,702.35,75,52676.25,65178933.75
2025-07-31 02:31:29 PM,705.95,0,0.0,65178933.75
2025-07-31 02:31:30 PM,705.95,75,52946.25,65231880.0
2025-07-31 02:31:43 PM,714.15,0,0.0,65231880.0
2025-07-31 02:31:44 PM,714.15,225,160683.75,65392563.75
2025-07-31 02:32:10 PM,706.0,0,0.0,65392563.75
2025-07-31 02:32:10 PM,706.0,75,52950.0,65445513.75
2025-07-31 02:33:39 PM,726.35,0,0.0,65445513.75
2025-07-31 02:33:39 PM,726.35,2100,1525335.0,66970848.75
2025-07-31 02:34:18 PM,725.0,0,0.0,66970848.75
2025-07-31 02:34:18 PM,725.0,75,54375.0,67025223.75
2025-07-31 02:34:34 PM,724.0,0,0.0,67025223.75
2025-07-31 02:34:35 PM,724.0,450,325800.0,67351023.75
2025-07-31 02:34:53 PM,720.0,0,0.0,67351023.75
2025-07-31 02:34:53 PM,720.0,1350,972000.0,68323023.75
2025-07-31 02:35:26 PM,719.7,0,0.0,68323023.75
2025-07-31 02:35:27 PM,719.7,225,161932.5,68484956.25
2025-07-31 02:37:40 PM,725.0,0,0.0,68484956.25
2025-07-31 02:37:41 PM,725.0,75,54375.0,68539331.25
2025-07-31 02:38:23 PM,728.05,0,0.0,68539331.25
2025-07-31 02:38:23 PM,728.05,75,54603.75,68593935.0
2025-07-31 02:40:34 PM,731.5,0,0.0,68593935.0
2025-07-31 02:40:34 PM,731.5,75,54862.5,68648797.5
2025-07-31 02:41:52 PM,707.6,75,53070.0,68701867.5
2025-07-31 02:42:00 PM,701.4,0,0.0,68701867.5
2025-07-31 02:42:00 PM,701.4,75,52605.0,68754472.5
2025-07-31 02:43:19 PM,710.0,0,0.0,68754472.5
2025-07-31 02:43:20 PM,710.0,300,213000.0,68967472.5
2025-07-31 02:44:08 PM,714.3,0,0.0,68967472.5
2025-07-31 02:44:08 PM,714.3,75,53572.5,69021045.0
2025-07-31 02:46:45 PM,705.0,0,0.0,69021045.0
2025-07-31 02:46:46 PM,705.0,75,52875.0,69073920.0
2025-07-31 02:46:50 PM,701.7,0,0.0,69073920.0
2025-07-31 02:46:51 PM,701.7,150,105255.0,69179175.0
2025-07-31 02:51:16 PM,697.95,0,0.0,69179175.0
2025-07-31 02:51:17 PM,697.95,150,104692.5,69283867.5
2025-07-31 02:51:35 PM,693.3,0,0.0,69283867.5
2025-07-31 02:51:36 PM,693.3,75,51997.5,69335865.0
2025-07-31 02:52:14 PM,694.15,0,0.0,69335865.0
2025-07-31 02:52:14 PM,694.15,300,208245.0,69544110.0
2025-07-31 02:53:55 PM,697.15,0,0.0,69544110.0
2025-07-31 02:53:55 PM,697.15,75,52286.25,69596396.25
2025-07-31 02:54:31 PM,681.1,0,0.0,69596396.25
2025-07-31 02:54:32 PM,681.1,2100,1430310.0,71026706.25
2025-07-31 02:55:38 PM,681.1,600,408660.0,71435366.25
2025-07-31 02:58:19 PM,685.0,0,0.0,71435366.25
2025-07-31 02:58:19 PM,685.0,75,51375.0,71486741.25
2025-07-31 02:59:06 PM,698.0,0,0.0,71486741.25
2025-07-31 02:59:06 PM,698.0,75,52350.0,71539091.25
2025-07-31 02:59:09 PM,699.3,0,0.0,71539091.25
2025-07-31 02:59:09 PM,699.3,600,419580.0,71958671.25
2025-07-31 03:00:22 PM,670.35,0,0.0,71958671.25
2025-07-31 03:00:22 PM,670.35,75,50276.25,72008947.5
2025-07-31 03:00:23 PM,670.0,0,0.0,72008947.5
2025-07-31 03:00:23 PM,670.0,225,150750.0,72159697.5
2025-07-31 03:01:38 PM,659.7,0,0.0,72159697.5
2025-07-31 03:01:38 PM,659.7,300,197910.0,72357607.5
2025-07-31 03:02:31 PM,647.95,0,0.0,72357607.5
2025-07-31 03:02:32 PM,644.0,2325,1497300.0,73854907.5
2025-07-31 03:02:39 PM,647.2,0,0.0,73854907.5
2025-07-31 03:02:40 PM,647.2,225,145620.0,74000527.5
2025-07-31 03:02:42 PM,646.65,0,0.0,74000527.5
2025-07-31 03:02:43 PM,646.65,75,48498.75,74049026.25
2025-07-31 03:02:45 PM,650.05,0,0.0,74049026.25
2025-07-31 03:02:46 PM,650.05,600,390030.0,74439056.25
2025-07-31 03:03:09 PM,651.45,0,0.0,74439056.25
2025-07-31 03:03:09 PM,651.45,750,488587.50000000006,74927643.75
2025-07-31 03:03:41 PM,646.1,0,0.0,74927643.75
2025-07-31 03:03:42 PM,646.1,600,387660.0,75315303.75
2025-07-31 03:04:36 PM,644.0,0,0.0,75315303.75
2025-07-31 03:04:36 PM,644.0,75,48300.0,75363603.75
2025-07-31 03:04:50 PM,646.65,0,0.0,75363603.75
2025-07-31 03:04:51 PM,646.65,300,193995.0,75557598.75
2025-07-31 03:05:00 PM,642.0,0,0.0,75557598.75
2025-07-31 03:05:00 PM,642.0,75,48150.0,75605748.75
2025-07-31 03:05:42 PM,636.95,600,382170.0,75987918.75
2025-07-31 03:05:52 PM,630.05,0,0.0,75987918.75
2025-07-31 03:05:53 PM,630.05,75,47253.75,76035172.5
2025-07-31 03:05:55 PM,630.0,0,0.0,76035172.5
2025-07-31 03:05:55 PM,630.0,450,283500.0,76318672.5
2025-07-31 03:05:57 PM,630.0,300,189000.0,76507672.5
2025-07-31 03:05:59 PM,630.95,0,0.0,76507672.5
2025-07-31 03:06:00 PM,630.95,75,47321.25,76554993.75
2025-07-31 03:06:08 PM,633.45,0,0.0,76554993.75
2025-07-31 03:06:09 PM,633.45,600,380070.0,76935063.75
2025-07-31 03:07:36 PM,626.55,0,0.0,76935063.75
2025-07-31 03:07:36 PM,626.55,750,469912.49999999994,77404976.25
2025-07-31 03:07:55 PM,627.7,75,47077.5,77452053.75
2025-07-31 03:08:35 PM,627.65,0,0.0,77452053.75
2025-07-31 03:08:36 PM,625.0,0,0.0,77452053.75
2025-07-31 03:08:36 PM,625.0,375,234375.0,77686428.75
2025-07-31 03:08:51 PM,625.0,600,375000.0,78061428.75
2025-07-31 03:09:17 PM,625.75,0,0.0,78061428.75
2025-07-31 03:09:18 PM,625.75,600,375450.0,78436878.75
2025-07-31 03:09:35 PM,620.0,0,0.0,78436878.75
2025-07-31 03:09:35 PM,620.0,75,46500.0,78483378.75
2025-07-31 03:10:21 PM,613.5,0,0.0,78483378.75
2025-07-31 03:10:21 PM,613.5,75,46012.5,78529391.25
2025-07-31 03:10:38 PM,622.55,0,0.0,78529391.25
2025-07-31 03:10:38 PM,622.55,300,186765.0,78716156.25
2025-07-31 03:11:54 PM,621.1,0,0.0,78716156.25
2025-07-31 03:11:54 PM,621.1,75,46582.5,78762738.75
2025-07-31 03:12:57 PM,623.6,0,0.0,78762738.75
2025-07-31 03:12:57 PM,623.6,75,46770.0,78809508.75
2025-07-31 03:13:05 PM,625.75,0,0.0,78809508.75
2025-07-31 03:13:05 PM,625.75,75,46931.25,78856440.0
2025-07-31 03:13:17 PM,623.35,0,0.0,78856440.0
2025-07-31 03:13:17 PM,623.35,300,187005.0,79043445.0
2025-07-31 03:13:31 PM,622.65,0,0.0,79043445.0
2025-07-31 03:13:32 PM,622.65,300,186795.0,79230240.0
2025-07-31 03:13:46 PM,622.75,0,0.0,79230240.0
2025-07-31 03:13:46 PM,622.75,75,46706.25,79276946.25
2025-07-31 03:13:59 PM,622.65,0,0.0,79276946.25
2025-07-31 03:14:00 PM,622.65,75,46698.75,79323645.0
2025-07-31 03:15:40 PM,622.05,0,0.0,79323645.0
2025-07-31 03:15:40 PM,622.05,75,46653.75,79370298.75
2025-07-31 03:15:58 PM,620.8,0,0.0,79370298.75
2025-07-31 03:15:59 PM,620.8,75,46560.0,79416858.75
2025-07-31 03:16:23 PM,614.95,0,0.0,79416858.75
2025-07-31 03:16:23 PM,614.95,75,46121.25,79462980.0
2025-07-31 03:18:02 PM,619.1,0,0.0,79462980.0
2025-07-31 03:18:02 PM,619.1,75,46432.5,79509412.5
2025-07-31 03:18:24 PM,621.75,0,0.0,79509412.5
2025-07-31 03:18:24 PM,621.75,75,46631.25,79556043.75
2025-07-31 03:18:25 PM,621.75,75,46631.25,79602675.0
2025-07-31 03:18:39 PM,623.55,0,0.0,79602675.0
2025-07-31 03:18:40 PM,623.55,75,46766.25,79649441.25
2025-07-31 03:19:06 PM,620.8,0,0.0,79649441.25
2025-07-31 03:19:07 PM,620.8,450,279360.0,79928801.25
2025-07-31 03:20:41 PM,620.4,0,0.0,79928801.25
2025-07-31 03:20:42 PM,620.4,75,46530.0,79975331.25
2025-07-31 03:21:02 PM,619.8,0,0.0,79975331.25
2025-07-31 03:21:02 PM,619.8,150,92970.0,80068301.25
2025-07-31 03:22:06 PM,621.95,0,0.0,80068301.25
2025-07-31 03:22:07 PM,621.95,750,466462.50000000006,80534763.75
2025-07-31 03:22:15 PM,620.0,75,46500.0,80581263.75
2025-07-31 03:22:26 PM,618.2,0,0.0,80581263.75
2025-07-31 03:22:26 PM,618.2,75,46365.0,80627628.75
2025-07-31 03:22:33 PM,618.2,75,46365.0,80673993.75
2025-07-31 03:23:16 PM,620.3,150,93045.0,80767038.75
2025-07-31 03:24:26 PM,618.85,0,0.0,80767038.75
2025-07-31 03:24:26 PM,618.85,225,139241.25,80906280.0
2025-07-31 03:24:54 PM,616.85,0,0.0,80906280.0
2025-07-31 03:24:54 PM,616.85,750,462637.5,81368917.5
2025-07-31 03:25:07 PM,620.15,0,0.0,81368917.5
2025-07-31 03:25:07 PM,620.15,75,46511.25,81415428.75
2025-07-31 03:25:40 PM,624.3,75,46822.5,81462251.25
2025-07-31 03:26:22 PM,623.0,0,0.0,81462251.25
2025-07-31 03:26:22 PM,623.0,75,46725.0,81508976.25
2025-07-31 03:26:55 PM,616.9,0,0.0,81508976.25
2025-07-31 03:26:56 PM,616.9,1500,925350.0,82434326.25
2025-07-31 03:26:56 PM,617.6,0,0.0,82434326.25
2025-07-31 03:26:57 PM,617.6,4050,2501280.0,84935606.25
2025-07-31 03:27:12 PM,620.75,0,0.0,84935606.25
2025-07-31 03:27:12 PM,620.75,75,46556.25,84982162.5
2025-07-31 03:27:23 PM,618.15,0,0.0,84982162.5
2025-07-31 03:27:23 PM,618.15,150,92722.5,85074885.0
2025-07-31 03:28:23 PM,618.15,75,46361.25,85121246.25
2025-07-31 03:28:36 PM,618.15,75,46361.25,85167607.5
2025-07-31 03:28:51 PM,617.6,0,0.0,85167607.5
2025-07-31 03:28:51 PM,617.6,75,46320.0,85213927.5
2025-07-31 03:29:00 PM,617.2,0,0.0,85213927.5
2025-07-31 03:29:00 PM,617.2,300,185160.0,85399087.5
2025-07-31 03:29:10 PM,616.2,0,0.0,85399087.5
2025-07-31 03:29:10 PM,616.2,75,46215.0,85445302.5
2025-07-31 03:29:23 PM,616.0,0,0.0,85445302.5
2025-07-31 03:29:23 PM,616.0,75,46200.0,85491502.5
2025-07-31 03:29:25 PM,616.0,150,92400.0,85583902.5
2025-07-31 03:29:26 PM,616.0,150,92400.0,85676302.5
2025-07-31 03:29:38 PM,619.45,0,0.0,85676302.5
2025-07-31 03:29:38 PM,619.45,900,557505.0,86233807.5
