date,price,qty,trnvr,cum_trnvr
2025-07-31 09:15:00 AM,47.4,300,14220.0,14220.0
2025-07-31 09:15:01 AM,47.5,0,0.0,14220.0
2025-07-31 09:15:01 AM,44.35,0,0.0,14220.0
2025-07-31 09:15:02 AM,47.45,2700,128115.00000000001,142335.0
2025-07-31 09:15:02 AM,47.5,75,3562.5,145897.5
2025-07-31 09:15:02 AM,49.9,0,0.0,145897.5
2025-07-31 09:15:02 AM,49.45,0,0.0,145897.5
2025-07-31 09:15:03 AM,51.1,0,0.0,145897.5
2025-07-31 09:15:03 AM,52.05,5700,296685.0,442582.5
2025-07-31 09:15:03 AM,52.05,900,46845.0,489427.5
2025-07-31 09:15:04 AM,50.0,0,0.0,489427.5
2025-07-31 09:15:04 AM,50.85,0,0.0,489427.5
2025-07-31 09:15:05 AM,49.2,0,0.0,489427.5
2025-07-31 09:15:05 AM,49.45,27975,1383363.75,1872791.25
2025-07-31 09:15:05 AM,49.75,1125,55968.75,1928760.0
2025-07-31 09:15:05 AM,47.9,0,0.0,1928760.0
2025-07-31 09:15:06 AM,48.3,0,0.0,1928760.0
2025-07-31 09:15:06 AM,49.95,8850,442057.5,2370817.5
2025-07-31 09:15:07 AM,49.3,0,0.0,2370817.5
2025-07-31 09:15:07 AM,50.0,0,0.0,2370817.5
2025-07-31 09:15:08 AM,49.55,0,0.0,2370817.5
2025-07-31 09:15:08 AM,48.6,4650,225990.0,2596807.5
2025-07-31 09:15:08 AM,49.25,975,48018.75,2644826.25
2025-07-31 09:15:09 AM,49.5,0,0.0,2644826.25
2025-07-31 09:15:09 AM,48.75,0,0.0,2644826.25
2025-07-31 09:15:10 AM,47.7,9825,468652.5,3113478.75
2025-07-31 09:15:10 AM,48.95,0,0.0,3113478.75
2025-07-31 09:15:10 AM,48.1,4650,223665.0,3337143.75
2025-07-31 09:15:10 AM,48.35,0,0.0,3337143.75
2025-07-31 09:15:11 AM,45.65,0,0.0,3337143.75
2025-07-31 09:15:11 AM,44.35,12375,548831.25,3885975.0
2025-07-31 09:15:12 AM,43.8,0,0.0,3885975.0
2025-07-31 09:15:12 AM,44.6,0,0.0,3885975.0
2025-07-31 09:15:13 AM,44.75,0,0.0,3885975.0
2025-07-31 09:15:13 AM,44.9,15375,690337.5,4576312.5
2025-07-31 09:15:13 AM,45.2,600,27120.0,4603432.5
2025-07-31 09:15:14 AM,45.35,0,0.0,4603432.5
2025-07-31 09:15:14 AM,45.2,0,0.0,4603432.5
2025-07-31 09:15:15 AM,45.4,11250,510750.0,5114182.5
2025-07-31 09:15:15 AM,44.4,0,0.0,5114182.5
2025-07-31 09:15:15 AM,44.7,2550,113985.0,5228167.5
2025-07-31 09:15:15 AM,45.25,0,0.0,5228167.5
2025-07-31 09:15:16 AM,46.75,0,0.0,5228167.5
2025-07-31 09:15:16 AM,46.5,13800,641700.0,5869867.5
2025-07-31 09:15:16 AM,46.65,975,45483.75,5915351.25
2025-07-31 09:15:17 AM,46.25,0,0.0,5915351.25
2025-07-31 09:15:17 AM,45.15,0,0.0,5915351.25
2025-07-31 09:15:18 AM,44.85,0,0.0,5915351.25
2025-07-31 09:15:18 AM,44.85,48075,2156163.75,8071515.0
2025-07-31 09:15:18 AM,45.7,150,6855.0,8078370.0
2025-07-31 09:15:19 AM,44.65,0,0.0,8078370.0
2025-07-31 09:15:19 AM,45.35,0,0.0,8078370.0
2025-07-31 09:15:20 AM,45.0,21450,965250.0,9043620.0
2025-07-31 09:15:20 AM,44.85,0,0.0,9043620.0
2025-07-31 09:15:20 AM,45.1,0,0.0,9043620.0
2025-07-31 09:15:21 AM,44.75,0,0.0,9043620.0
2025-07-31 09:15:21 AM,45.1,0,0.0,9043620.0
2025-07-31 09:15:21 AM,45.05,30600,1378530.0,10422150.0
2025-07-31 09:15:21 AM,44.75,150,6712.5,10428862.5
2025-07-31 09:15:22 AM,44.7,0,0.0,10428862.5
2025-07-31 09:15:23 AM,45.0,56925,2561625.0,12990487.5
2025-07-31 09:15:23 AM,45.35,1350,61222.5,13051710.0
2025-07-31 09:15:24 AM,45.25,0,0.0,13051710.0
2025-07-31 09:15:25 AM,44.75,25425,1137768.75,14189478.75
2025-07-31 09:15:25 AM,44.8,75,3360.0,14192838.75
2025-07-31 09:15:25 AM,44.85,0,0.0,14192838.75
2025-07-31 09:15:25 AM,45.2,0,0.0,14192838.75
2025-07-31 09:15:26 AM,45.7,0,0.0,14192838.75
2025-07-31 09:15:26 AM,45.4,4875,221325.0,14414163.75
2025-07-31 09:15:26 AM,45.15,975,44021.25,14458185.0
2025-07-31 09:15:27 AM,43.35,0,0.0,14458185.0
2025-07-31 09:15:27 AM,45.35,0,0.0,14458185.0
2025-07-31 09:15:28 AM,44.9,0,0.0,14458185.0
2025-07-31 09:15:28 AM,45.15,16125,728043.75,15186228.75
2025-07-31 09:15:28 AM,45.25,0,0.0,15186228.75
2025-07-31 09:15:28 AM,45.25,300,13575.0,15199803.75
2025-07-31 09:15:29 AM,45.05,0,0.0,15199803.75
2025-07-31 09:15:29 AM,45.1,0,0.0,15199803.75
2025-07-31 09:15:29 AM,45.0,11550,519750.0,15719553.75
2025-07-31 09:15:30 AM,44.9,3075,138067.5,15857621.25
2025-07-31 09:15:30 AM,45.05,0,0.0,15857621.25
2025-07-31 09:15:30 AM,45.5,0,0.0,15857621.25
2025-07-31 09:15:31 AM,45.15,0,0.0,15857621.25
2025-07-31 09:15:31 AM,46.0,4725,217350.0,16074971.25
2025-07-31 09:15:32 AM,45.4,0,0.0,16074971.25
2025-07-31 09:15:33 AM,45.8,0,0.0,16074971.25
2025-07-31 09:15:33 AM,46.05,18375,846168.75,16921140.0
2025-07-31 09:15:33 AM,46.2,0,0.0,16921140.0
2025-07-31 09:15:33 AM,46.35,300,13905.0,16935045.0
2025-07-31 09:15:34 AM,47.35,0,0.0,16935045.0
2025-07-31 09:15:34 AM,47.05,2475,116448.75,17051493.75
2025-07-31 09:15:35 AM,46.55,2250,104737.5,17156231.25
2025-07-31 09:15:35 AM,46.6,0,0.0,17156231.25
2025-07-31 09:15:35 AM,46.9,0,0.0,17156231.25
2025-07-31 09:15:36 AM,46.8,0,0.0,17156231.25
2025-07-31 09:15:36 AM,46.9,0,0.0,17156231.25
2025-07-31 09:15:36 AM,47.05,5100,239955.0,17396186.25
2025-07-31 09:15:36 AM,46.9,525,24622.5,17420808.75
2025-07-31 09:15:37 AM,47.25,0,0.0,17420808.75
2025-07-31 09:15:37 AM,46.65,0,0.0,17420808.75
2025-07-31 09:15:38 AM,46.9,9525,446722.5,17867531.25
2025-07-31 09:15:38 AM,47.25,0,0.0,17867531.25
2025-07-31 09:15:38 AM,47.4,825,39105.0,17906636.25
2025-07-31 09:15:39 AM,47.0,0,0.0,17906636.25
2025-07-31 09:15:39 AM,47.0,5625,264375.0,18171011.25
2025-07-31 09:15:40 AM,47.05,1050,49402.5,18220413.75
2025-07-31 09:15:40 AM,47.5,0,0.0,18220413.75
2025-07-31 09:15:41 AM,47.2,0,0.0,18220413.75
2025-07-31 09:15:41 AM,47.55,0,0.0,18220413.75
2025-07-31 09:15:41 AM,47.55,3900,185445.0,18405858.75
2025-07-31 09:15:41 AM,47.65,150,7147.5,18413006.25
2025-07-31 09:15:42 AM,47.3,0,0.0,18413006.25
2025-07-31 09:15:42 AM,47.65,0,0.0,18413006.25
2025-07-31 09:15:43 AM,47.05,2850,134092.5,18547098.75
2025-07-31 09:15:43 AM,47.65,225,10721.25,18557820.0
2025-07-31 09:15:44 AM,48.0,0,0.0,18557820.0
2025-07-31 09:15:44 AM,47.85,0,0.0,18557820.0
2025-07-31 09:15:44 AM,47.7,3900,186030.0,18743850.0
2025-07-31 09:15:45 AM,48.15,2175,104726.25,18848576.25
2025-07-31 09:15:45 AM,48.0,0,0.0,18848576.25
2025-07-31 09:15:45 AM,48.25,0,0.0,18848576.25
2025-07-31 09:15:46 AM,48.9,0,0.0,18848576.25
2025-07-31 09:15:46 AM,49.0,20925,1025325.0,19873901.25
2025-07-31 09:15:46 AM,48.85,75,3663.75,19877565.0
2025-07-31 09:15:47 AM,49.45,0,0.0,19877565.0
2025-07-31 09:15:47 AM,49.3,0,0.0,19877565.0
2025-07-31 09:15:48 AM,48.75,0,0.0,19877565.0
2025-07-31 09:15:48 AM,48.75,7350,358312.5,20235877.5
2025-07-31 09:15:48 AM,48.85,300,14655.0,20250532.5
2025-07-31 09:15:48 AM,48.9,0,0.0,20250532.5
2025-07-31 09:15:49 AM,48.65,0,0.0,20250532.5
2025-07-31 09:15:49 AM,48.25,0,0.0,20250532.5
2025-07-31 09:15:49 AM,48.5,2700,130950.0,20381482.5
2025-07-31 09:15:51 AM,48.6,0,0.0,20381482.5
2025-07-31 09:15:51 AM,48.4,0,0.0,20381482.5
2025-07-31 09:15:51 AM,48.4,750,36300.0,20417782.5
2025-07-31 09:15:51 AM,49.2,225,11070.0,20428852.5
2025-07-31 09:15:52 AM,49.3,0,0.0,20428852.5
2025-07-31 09:15:53 AM,48.4,0,0.0,20428852.5
2025-07-31 09:15:53 AM,48.4,1500,72600.0,20501452.5
2025-07-31 09:15:54 AM,48.6,0,0.0,20501452.5
2025-07-31 09:15:54 AM,48.7,0,0.0,20501452.5
2025-07-31 09:15:54 AM,48.65,900,43785.0,20545237.5
2025-07-31 09:15:55 AM,49.05,0,0.0,20545237.5
2025-07-31 09:15:55 AM,48.9,0,0.0,20545237.5
2025-07-31 09:15:56 AM,48.3,0,0.0,20545237.5
2025-07-31 09:15:56 AM,48.35,0,0.0,20545237.5
2025-07-31 09:15:56 AM,48.35,1575,76151.25,20621388.75
2025-07-31 09:15:56 AM,48.6,1050,51030.0,20672418.75
2025-07-31 09:15:57 AM,48.75,0,0.0,20672418.75
2025-07-31 09:15:57 AM,49.0,0,0.0,20672418.75
2025-07-31 09:15:58 AM,49.15,0,0.0,20672418.75
2025-07-31 09:15:58 AM,49.15,3300,162195.0,20834613.75
2025-07-31 09:15:58 AM,48.9,600,29340.0,20863953.75
2025-07-31 09:15:58 AM,49.0,0,0.0,20863953.75
2025-07-31 09:15:59 AM,49.2,0,0.0,20863953.75
2025-07-31 09:15:59 AM,49.2,2850,140220.0,21004173.75
2025-07-31 09:16:00 AM,49.5,1875,92812.5,21096986.25
2025-07-31 09:16:00 AM,49.6,0,0.0,21096986.25
2025-07-31 09:16:01 AM,49.95,0,0.0,21096986.25
2025-07-31 09:16:01 AM,49.8,0,0.0,21096986.25
2025-07-31 09:16:01 AM,49.8,7275,362295.0,21459281.25
2025-07-31 09:16:01 AM,49.55,1650,81757.5,21541038.75
2025-07-31 09:16:02 AM,49.6,0,0.0,21541038.75
2025-07-31 09:16:02 AM,49.7,0,0.0,21541038.75
2025-07-31 09:16:03 AM,50.15,4200,210630.0,21751668.75
2025-07-31 09:16:04 AM,50.7,0,0.0,21751668.75
2025-07-31 09:16:04 AM,51.0,0,0.0,21751668.75
2025-07-31 09:16:04 AM,51.0,1800,91800.0,21843468.75
2025-07-31 09:16:05 AM,50.95,450,22927.5,21866396.25
2025-07-31 09:16:05 AM,51.1,0,0.0,21866396.25
2025-07-31 09:16:06 AM,52.4,0,0.0,21866396.25
2025-07-31 09:16:06 AM,52.35,5100,266985.0,22133381.25
2025-07-31 09:16:06 AM,52.55,2250,118237.5,22251618.75
2025-07-31 09:16:07 AM,52.8,0,0.0,22251618.75
2025-07-31 09:16:07 AM,53.05,0,0.0,22251618.75
2025-07-31 09:16:08 AM,52.75,5250,276937.5,22528556.25
2025-07-31 09:16:09 AM,53.45,0,0.0,22528556.25
2025-07-31 09:16:09 AM,53.1,0,0.0,22528556.25
2025-07-31 09:16:09 AM,53.9,5025,270847.5,22799403.75
2025-07-31 09:16:10 AM,53.9,75,4042.5,22803446.25
2025-07-31 09:16:11 AM,53.65,0,0.0,22803446.25
2025-07-31 09:16:11 AM,53.6,2250,120600.0,22924046.25
2025-07-31 09:16:11 AM,53.9,0,0.0,22924046.25
2025-07-31 09:16:11 AM,53.9,300,16170.0,22940216.25
2025-07-31 09:16:12 AM,54.1,0,0.0,22940216.25
2025-07-31 09:16:12 AM,54.3,0,0.0,22940216.25
2025-07-31 09:16:13 AM,54.45,0,0.0,22940216.25
2025-07-31 09:16:13 AM,54.25,2100,113925.0,23054141.25
2025-07-31 09:16:13 AM,53.7,0,0.0,23054141.25
2025-07-31 09:16:14 AM,54.7,0,0.0,23054141.25
2025-07-31 09:16:14 AM,54.75,0,0.0,23054141.25
2025-07-31 09:16:14 AM,54.85,3375,185118.75,23239260.0
2025-07-31 09:16:15 AM,54.85,75,4113.75,23243373.75
2025-07-31 09:16:15 AM,54.9,0,0.0,23243373.75
2025-07-31 09:16:16 AM,53.95,0,0.0,23243373.75
2025-07-31 09:16:16 AM,54.8,7275,398670.0,23642043.75
2025-07-31 09:16:16 AM,54.6,0,0.0,23642043.75
2025-07-31 09:16:16 AM,54.45,1725,93926.25,23735970.0
2025-07-31 09:16:17 AM,54.6,0,0.0,23735970.0
2025-07-31 09:16:18 AM,54.4,0,0.0,23735970.0
2025-07-31 09:16:18 AM,54.25,4050,219712.5,23955682.5
2025-07-31 09:16:19 AM,54.15,0,0.0,23955682.5
2025-07-31 09:16:19 AM,54.4,0,0.0,23955682.5
2025-07-31 09:16:19 AM,54.4,6075,330480.0,24286162.5
2025-07-31 09:16:20 AM,54.35,75,4076.25,24290238.75
2025-07-31 09:16:20 AM,53.9,0,0.0,24290238.75
2025-07-31 09:16:21 AM,54.6,0,0.0,24290238.75
2025-07-31 09:16:21 AM,55.0,0,0.0,24290238.75
2025-07-31 09:16:21 AM,55.0,4125,226875.0,24517113.75
2025-07-31 09:16:22 AM,55.4,0,0.0,24517113.75
2025-07-31 09:16:22 AM,55.35,0,0.0,24517113.75
2025-07-31 09:16:23 AM,54.7,11475,627682.5,25144796.25
2025-07-31 09:16:23 AM,54.95,0,0.0,25144796.25
2025-07-31 09:16:24 AM,54.7,0,0.0,25144796.25
2025-07-31 09:16:24 AM,54.8,0,0.0,25144796.25
2025-07-31 09:16:24 AM,54.75,6825,373668.75,25518465.0
2025-07-31 09:16:25 AM,55.05,225,12386.25,25530851.25
2025-07-31 09:16:25 AM,55.4,0,0.0,25530851.25
2025-07-31 09:16:25 AM,55.7,0,0.0,25530851.25
2025-07-31 09:16:26 AM,55.5,2175,120712.5,25651563.75
2025-07-31 09:16:26 AM,55.55,525,29163.75,25680727.5
2025-07-31 09:16:27 AM,55.7,0,0.0,25680727.5
2025-07-31 09:16:27 AM,55.65,0,0.0,25680727.5
2025-07-31 09:16:27 AM,55.45,3525,195461.25,25876188.75
2025-07-31 09:16:28 AM,55.5,900,49950.0,25926138.75
2025-07-31 09:16:28 AM,55.65,0,0.0,25926138.75
2025-07-31 09:16:28 AM,55.4,0,0.0,25926138.75
2025-07-31 09:16:29 AM,54.95,0,0.0,25926138.75
2025-07-31 09:16:29 AM,55.25,0,0.0,25926138.75
2025-07-31 09:16:29 AM,55.35,20100,1112535.0,27038673.75
2025-07-31 09:16:29 AM,55.25,900,49725.0,27088398.75
2025-07-31 09:16:30 AM,55.3,0,0.0,27088398.75
2025-07-31 09:16:30 AM,54.7,0,0.0,27088398.75
2025-07-31 09:16:31 AM,54.5,0,0.0,27088398.75
2025-07-31 09:16:31 AM,54.3,22425,1217677.5,28306076.25
2025-07-31 09:16:31 AM,54.3,750,40725.0,28346801.25
2025-07-31 09:16:31 AM,54.4,0,0.0,28346801.25
2025-07-31 09:16:32 AM,53.95,0,0.0,28346801.25
2025-07-31 09:16:32 AM,53.5,0,0.0,28346801.25
2025-07-31 09:16:32 AM,53.5,12525,670087.5,29016888.75
2025-07-31 09:16:33 AM,53.25,1800,95850.0,29112738.75
2025-07-31 09:16:33 AM,52.85,0,0.0,29112738.75
2025-07-31 09:16:33 AM,52.45,0,0.0,29112738.75
2025-07-31 09:16:34 AM,53.0,0,0.0,29112738.75
2025-07-31 09:16:34 AM,53.4,0,0.0,29112738.75
2025-07-31 09:16:34 AM,53.5,8175,437362.5,29550101.25
2025-07-31 09:16:34 AM,53.85,150,8077.5,29558178.75
2025-07-31 09:16:35 AM,54.5,0,0.0,29558178.75
2025-07-31 09:16:35 AM,54.4,0,0.0,29558178.75
2025-07-31 09:16:36 AM,54.6,0,0.0,29558178.75
2025-07-31 09:16:36 AM,54.6,6825,372645.0,29930823.75
2025-07-31 09:16:36 AM,54.7,150,8205.0,29939028.75
2025-07-31 09:16:36 AM,54.6,0,0.0,29939028.75
2025-07-31 09:16:37 AM,54.65,0,0.0,29939028.75
2025-07-31 09:16:37 AM,54.25,0,0.0,29939028.75
2025-07-31 09:16:37 AM,54.75,2700,147825.0,30086853.75
2025-07-31 09:16:38 AM,54.65,75,4098.75,30090952.5
2025-07-31 09:16:39 AM,54.5,0,0.0,30090952.5
2025-07-31 09:16:39 AM,54.25,0,0.0,30090952.5
2025-07-31 09:16:39 AM,54.5,4275,232987.5,30323940.0
2025-07-31 09:16:39 AM,54.25,225,12206.25,30336146.25
2025-07-31 09:16:40 AM,53.85,0,0.0,30336146.25
2025-07-31 09:16:40 AM,54.05,0,0.0,30336146.25
2025-07-31 09:16:41 AM,54.15,0,0.0,30336146.25
2025-07-31 09:16:41 AM,54.0,1575,85050.0,30421196.25
2025-07-31 09:16:42 AM,54.3,0,0.0,30421196.25
2025-07-31 09:16:42 AM,54.1,0,0.0,30421196.25
2025-07-31 09:16:42 AM,54.2,2250,121950.0,30543146.25
2025-07-31 09:16:43 AM,54.1,0,0.0,30543146.25
2025-07-31 09:16:44 AM,53.8,0,0.0,30543146.25
2025-07-31 09:16:44 AM,53.45,0,0.0,30543146.25
2025-07-31 09:16:44 AM,53.6,3450,184920.0,30728066.25
2025-07-31 09:16:45 AM,54.25,0,0.0,30728066.25
2025-07-31 09:16:45 AM,54.9,0,0.0,30728066.25
2025-07-31 09:16:46 AM,54.35,4950,269032.5,30997098.75
2025-07-31 09:16:47 AM,54.5,0,0.0,30997098.75
2025-07-31 09:16:47 AM,54.5,300,16350.0,31013448.75
2025-07-31 09:16:48 AM,54.85,1050,57592.5,31071041.25
2025-07-31 09:16:48 AM,55.0,0,0.0,31071041.25
2025-07-31 09:16:49 AM,55.45,0,0.0,31071041.25
2025-07-31 09:16:49 AM,55.55,5475,304136.25,31375177.5
2025-07-31 09:16:49 AM,55.55,300,16665.0,31391842.5
2025-07-31 09:16:50 AM,55.4,0,0.0,31391842.5
2025-07-31 09:16:50 AM,55.35,0,0.0,31391842.5
2025-07-31 09:16:51 AM,55.1,5100,281010.0,31672852.5
2025-07-31 09:16:51 AM,55.0,0,0.0,31672852.5
2025-07-31 09:16:51 AM,54.6,0,0.0,31672852.5
2025-07-31 09:16:52 AM,54.45,0,0.0,31672852.5
2025-07-31 09:16:52 AM,54.6,0,0.0,31672852.5
2025-07-31 09:16:52 AM,54.35,2250,122287.5,31795140.0
2025-07-31 09:16:52 AM,54.4,150,8160.0,31803300.0
2025-07-31 09:16:53 AM,54.55,0,0.0,31803300.0
2025-07-31 09:16:53 AM,54.6,0,0.0,31803300.0
2025-07-31 09:16:54 AM,54.55,0,0.0,31803300.0
2025-07-31 09:16:54 AM,54.55,675,36821.25,31840121.25
2025-07-31 09:16:54 AM,54.6,0,0.0,31840121.25
2025-07-31 09:16:55 AM,54.85,0,0.0,31840121.25
2025-07-31 09:16:55 AM,55.0,3150,173250.0,32013371.25
2025-07-31 09:16:56 AM,54.9,0,0.0,32013371.25
2025-07-31 09:16:57 AM,55.05,3000,165150.0,32178521.25
2025-07-31 09:16:58 AM,54.9,0,0.0,32178521.25
2025-07-31 09:16:58 AM,54.95,0,0.0,32178521.25
2025-07-31 09:16:59 AM,54.9,5625,308812.5,32487333.75
2025-07-31 09:16:59 AM,55.0,0,0.0,32487333.75
2025-07-31 09:17:00 AM,54.9,0,0.0,32487333.75
2025-07-31 09:17:00 AM,54.95,0,0.0,32487333.75
2025-07-31 09:17:00 AM,55.25,2100,116025.0,32603358.75
2025-07-31 09:17:00 AM,55.3,150,8295.0,32611653.75
2025-07-31 09:17:01 AM,54.9,0,0.0,32611653.75
2025-07-31 09:17:01 AM,55.05,0,0.0,32611653.75
2025-07-31 09:17:02 AM,55.45,4650,257842.5,32869496.25
2025-07-31 09:17:03 AM,55.3,0,0.0,32869496.25
2025-07-31 09:17:04 AM,55.25,4350,240337.5,33109833.75
2025-07-31 09:17:04 AM,55.4,0,0.0,33109833.75
2025-07-31 09:17:04 AM,55.4,150,8310.0,33118143.75
2025-07-31 09:17:04 AM,55.35,0,0.0,33118143.75
2025-07-31 09:17:05 AM,54.9,0,0.0,33118143.75
2025-07-31 09:17:05 AM,54.8,4875,267150.0,33385293.75
2025-07-31 09:17:05 AM,54.7,225,12307.5,33397601.25
2025-07-31 09:17:06 AM,55.0,0,0.0,33397601.25
2025-07-31 09:17:06 AM,54.7,0,0.0,33397601.25
2025-07-31 09:17:07 AM,55.1,0,0.0,33397601.25
2025-07-31 09:17:07 AM,55.35,4350,240772.5,33638373.75
2025-07-31 09:17:08 AM,55.55,0,0.0,33638373.75
2025-07-31 09:17:09 AM,56.05,3750,210187.5,33848561.25
2025-07-31 09:17:09 AM,56.0,0,0.0,33848561.25
2025-07-31 09:17:09 AM,56.0,225,12600.0,33861161.25
2025-07-31 09:17:09 AM,56.1,0,0.0,33861161.25
2025-07-31 09:17:10 AM,56.25,0,0.0,33861161.25
2025-07-31 09:17:10 AM,56.3,0,0.0,33861161.25
2025-07-31 09:17:10 AM,56.25,3900,219375.0,34080536.25
2025-07-31 09:17:10 AM,56.45,300,16935.0,34097471.25
2025-07-31 09:17:11 AM,56.35,0,0.0,34097471.25
2025-07-31 09:17:12 AM,56.1,5325,298732.5,34396203.75
2025-07-31 09:17:12 AM,56.25,0,0.0,34396203.75
2025-07-31 09:17:13 AM,56.1,0,0.0,34396203.75
2025-07-31 09:17:14 AM,56.25,5400,303750.0,34699953.75
2025-07-31 09:17:14 AM,56.15,0,0.0,34699953.75
2025-07-31 09:17:14 AM,56.7,0,0.0,34699953.75
2025-07-31 09:17:15 AM,56.45,0,0.0,34699953.75
2025-07-31 09:17:15 AM,57.0,6975,397575.0,35097528.75
2025-07-31 09:17:15 AM,57.75,2625,151593.75,35249122.5
2025-07-31 09:17:15 AM,57.9,0,0.0,35249122.5
2025-07-31 09:17:16 AM,57.45,0,0.0,35249122.5
2025-07-31 09:17:17 AM,56.95,0,0.0,35249122.5
2025-07-31 09:17:17 AM,57.15,7200,411480.0,35660602.5
2025-07-31 09:17:17 AM,57.35,0,0.0,35660602.5
2025-07-31 09:17:18 AM,57.2,0,0.0,35660602.5
2025-07-31 09:17:18 AM,56.95,0,0.0,35660602.5
2025-07-31 09:17:19 AM,57.6,2550,146880.0,35807482.5
2025-07-31 09:17:19 AM,57.75,0,0.0,35807482.5
2025-07-31 09:17:19 AM,57.9,0,0.0,35807482.5
2025-07-31 09:17:20 AM,58.3,0,0.0,35807482.5
2025-07-31 09:17:20 AM,58.4,0,0.0,35807482.5
2025-07-31 09:17:20 AM,58.6,4425,259305.0,36066787.5
2025-07-31 09:17:20 AM,58.75,150,8812.5,36075600.0
2025-07-31 09:17:21 AM,59.4,0,0.0,36075600.0
2025-07-31 09:17:22 AM,59.8,0,0.0,36075600.0
2025-07-31 09:17:22 AM,59.5,2250,133875.0,36209475.0
2025-07-31 09:17:22 AM,59.55,600,35730.0,36245205.0
2025-07-31 09:17:23 AM,59.5,0,0.0,36245205.0
2025-07-31 09:17:23 AM,59.35,0,0.0,36245205.0
2025-07-31 09:17:24 AM,59.8,5550,331890.0,36577095.0
2025-07-31 09:17:24 AM,60.05,675,40533.75,36617628.75
2025-07-31 09:17:24 AM,60.0,0,0.0,36617628.75
2025-07-31 09:17:24 AM,60.35,0,0.0,36617628.75
2025-07-31 09:17:25 AM,59.7,0,0.0,36617628.75
2025-07-31 09:17:25 AM,59.0,5700,336300.0,36953928.75
2025-07-31 09:17:25 AM,59.1,450,26595.0,36980523.75
2025-07-31 09:17:26 AM,59.5,0,0.0,36980523.75
2025-07-31 09:17:26 AM,59.25,0,0.0,36980523.75
2025-07-31 09:17:27 AM,58.9,5400,318060.0,37298583.75
2025-07-31 09:17:27 AM,58.7,0,0.0,37298583.75
2025-07-31 09:17:28 AM,58.6,0,0.0,37298583.75
2025-07-31 09:17:28 AM,58.65,0,0.0,37298583.75
2025-07-31 09:17:28 AM,58.45,6075,355083.75,37653667.5
2025-07-31 09:17:28 AM,58.45,225,13151.25,37666818.75
2025-07-31 09:17:30 AM,58.15,0,0.0,37666818.75
2025-07-31 09:17:30 AM,58.55,24675,1444721.25,39111540.0
2025-07-31 09:17:30 AM,58.7,75,4402.5,39115942.5
2025-07-31 09:17:30 AM,58.85,0,0.0,39115942.5
2025-07-31 09:17:31 AM,59.3,0,0.0,39115942.5
2025-07-31 09:17:31 AM,59.2,0,0.0,39115942.5
2025-07-31 09:17:32 AM,59.0,3225,190275.0,39306217.5
2025-07-31 09:17:32 AM,58.9,0,0.0,39306217.5
2025-07-31 09:17:32 AM,58.9,75,4417.5,39310635.0
2025-07-31 09:17:32 AM,59.0,0,0.0,39310635.0
2025-07-31 09:17:33 AM,59.15,0,0.0,39310635.0
2025-07-31 09:17:33 AM,59.6,4200,250320.0,39560955.0
2025-07-31 09:17:34 AM,59.55,0,0.0,39560955.0
2025-07-31 09:17:34 AM,59.3,0,0.0,39560955.0
2025-07-31 09:17:35 AM,58.9,0,0.0,39560955.0
2025-07-31 09:17:35 AM,59.2,4200,248640.0,39809595.0
2025-07-31 09:17:35 AM,59.05,150,8857.5,39818452.5
2025-07-31 09:17:36 AM,58.5,0,0.0,39818452.5
2025-07-31 09:17:36 AM,58.65,0,0.0,39818452.5
2025-07-31 09:17:37 AM,58.45,5400,315630.0,40134082.5
2025-07-31 09:17:37 AM,58.4,375,21900.0,40155982.5
2025-07-31 09:17:37 AM,58.3,0,0.0,40155982.5
2025-07-31 09:17:38 AM,58.35,0,0.0,40155982.5
2025-07-31 09:17:38 AM,58.55,5250,307387.5,40463370.0
2025-07-31 09:17:39 AM,58.05,0,0.0,40463370.0
2025-07-31 09:17:39 AM,58.4,0,0.0,40463370.0
2025-07-31 09:17:40 AM,58.35,0,0.0,40463370.0
2025-07-31 09:17:40 AM,58.5,9600,561600.0,41024970.0
2025-07-31 09:17:41 AM,58.55,0,0.0,41024970.0
2025-07-31 09:17:41 AM,58.65,0,0.0,41024970.0
2025-07-31 09:17:42 AM,57.8,13425,775965.0,41800935.0
2025-07-31 09:17:42 AM,57.95,150,8692.5,41809627.5
2025-07-31 09:17:42 AM,57.7,0,0.0,41809627.5
2025-07-31 09:17:43 AM,57.5,0,0.0,41809627.5
2025-07-31 09:17:43 AM,57.75,1875,108281.25,41917908.75
2025-07-31 09:17:43 AM,57.55,300,17265.0,41935173.75
2025-07-31 09:17:44 AM,57.35,0,0.0,41935173.75
2025-07-31 09:17:45 AM,56.95,5100,290445.0,42225618.75
2025-07-31 09:17:46 AM,56.05,0,0.0,42225618.75
2025-07-31 09:17:46 AM,55.85,0,0.0,42225618.75
2025-07-31 09:17:47 AM,55.65,6675,371463.75,42597082.5
2025-07-31 09:17:47 AM,56.3,0,0.0,42597082.5
2025-07-31 09:17:48 AM,56.8,0,0.0,42597082.5
2025-07-31 09:17:48 AM,56.55,0,0.0,42597082.5
2025-07-31 09:17:48 AM,56.8,5175,293940.0,42891022.5
2025-07-31 09:17:49 AM,56.3,0,0.0,42891022.5
2025-07-31 09:17:49 AM,56.15,0,0.0,42891022.5
2025-07-31 09:17:50 AM,56.45,0,0.0,42891022.5
2025-07-31 09:17:50 AM,56.2,2700,151740.0,43042762.5
2025-07-31 09:17:50 AM,56.3,0,0.0,43042762.5
2025-07-31 09:17:50 AM,56.3,1200,67560.0,43110322.5
2025-07-31 09:17:51 AM,55.45,0,0.0,43110322.5
2025-07-31 09:17:51 AM,55.5,0,0.0,43110322.5
2025-07-31 09:17:52 AM,55.8,2700,150660.0,43260982.5
2025-07-31 09:17:53 AM,55.25,0,0.0,43260982.5
2025-07-31 09:17:53 AM,55.2,0,0.0,43260982.5
2025-07-31 09:17:53 AM,55.25,2775,153318.75,43414301.25
2025-07-31 09:17:53 AM,55.25,600,33150.0,43447451.25
2025-07-31 09:17:54 AM,55.6,0,0.0,43447451.25
2025-07-31 09:17:55 AM,55.35,0,0.0,43447451.25
2025-07-31 09:17:55 AM,55.35,3900,215865.0,43663316.25
2025-07-31 09:17:55 AM,55.0,4200,231000.0,43894316.25
2025-07-31 09:17:55 AM,54.9,0,0.0,43894316.25
2025-07-31 09:17:56 AM,54.65,0,0.0,43894316.25
2025-07-31 09:17:57 AM,54.65,5550,303307.5,44197623.75
2025-07-31 09:17:57 AM,54.6,600,32760.0,44230383.75
2025-07-31 09:17:57 AM,54.5,0,0.0,44230383.75
2025-07-31 09:17:58 AM,54.85,0,0.0,44230383.75
2025-07-31 09:17:58 AM,54.7,0,0.0,44230383.75
2025-07-31 09:17:58 AM,54.7,2250,123075.0,44353458.75
2025-07-31 09:17:59 AM,54.75,0,0.0,44353458.75
2025-07-31 09:18:00 AM,55.1,0,0.0,44353458.75
2025-07-31 09:18:00 AM,55.1,1200,66120.0,44419578.75
2025-07-31 09:18:00 AM,55.4,0,0.0,44419578.75
2025-07-31 09:18:01 AM,55.5,0,0.0,44419578.75
2025-07-31 09:18:01 AM,55.35,1575,87176.25,44506755.0
2025-07-31 09:18:02 AM,55.1,0,0.0,44506755.0
2025-07-31 09:18:02 AM,55.4,0,0.0,44506755.0
2025-07-31 09:18:03 AM,55.65,0,0.0,44506755.0
2025-07-31 09:18:03 AM,55.8,3750,209250.0,44716005.0
2025-07-31 09:18:04 AM,54.95,0,0.0,44716005.0
2025-07-31 09:18:04 AM,55.2,0,0.0,44716005.0
2025-07-31 09:18:05 AM,55.05,1050,57802.5,44773807.5
2025-07-31 09:18:05 AM,54.85,225,12341.25,44786148.75
2025-07-31 09:18:05 AM,54.9,0,0.0,44786148.75
2025-07-31 09:18:05 AM,54.7,0,0.0,44786148.75
2025-07-31 09:18:06 AM,54.8,0,0.0,44786148.75
2025-07-31 09:18:06 AM,53.55,0,0.0,44786148.75
2025-07-31 09:18:06 AM,52.55,7275,382301.25,45168450.0
2025-07-31 09:18:06 AM,52.85,225,11891.25,45180341.25
2025-07-31 09:18:07 AM,52.55,0,0.0,45180341.25
2025-07-31 09:18:07 AM,52.8,0,0.0,45180341.25
2025-07-31 09:18:08 AM,52.2,0,0.0,45180341.25
2025-07-31 09:18:08 AM,52.2,10050,524610.0,45704951.25
2025-07-31 09:18:08 AM,52.25,0,0.0,45704951.25
2025-07-31 09:18:09 AM,52.3,0,0.0,45704951.25
2025-07-31 09:18:09 AM,52.45,0,0.0,45704951.25
2025-07-31 09:18:09 AM,52.45,1875,98343.75,45803295.0
2025-07-31 09:18:10 AM,51.95,0,0.0,45803295.0
2025-07-31 09:18:11 AM,51.6,0,0.0,45803295.0
2025-07-31 09:18:11 AM,51.6,13425,692730.0,46496025.0
2025-07-31 09:18:11 AM,51.75,600,31050.0,46527075.0
2025-07-31 09:18:12 AM,51.7,0,0.0,46527075.0
2025-07-31 09:18:12 AM,51.3,0,0.0,46527075.0
2025-07-31 09:18:13 AM,51.45,0,0.0,46527075.0
2025-07-31 09:18:13 AM,51.45,5400,277830.0,46804905.0
2025-07-31 09:18:13 AM,51.55,300,15465.0,46820370.0
2025-07-31 09:18:13 AM,51.35,0,0.0,46820370.0
2025-07-31 09:18:14 AM,52.15,0,0.0,46820370.0
2025-07-31 09:18:14 AM,51.8,3300,170940.0,46991310.0
2025-07-31 09:18:15 AM,51.75,0,0.0,46991310.0
2025-07-31 09:18:15 AM,51.65,0,0.0,46991310.0
2025-07-31 09:18:16 AM,52.8,3150,166320.0,47157630.0
2025-07-31 09:18:16 AM,52.75,300,15825.0,47173455.0
2025-07-31 09:18:16 AM,52.85,0,0.0,47173455.0
2025-07-31 09:18:17 AM,52.65,0,0.0,47173455.0
2025-07-31 09:18:17 AM,52.75,0,0.0,47173455.0
2025-07-31 09:18:17 AM,52.75,1650,87037.5,47260492.5
2025-07-31 09:18:17 AM,52.75,75,3956.25,47264448.75
2025-07-31 09:18:18 AM,53.15,0,0.0,47264448.75
2025-07-31 09:18:18 AM,53.5,0,0.0,47264448.75
2025-07-31 09:18:19 AM,53.4,1950,104130.0,47368578.75
2025-07-31 09:18:19 AM,53.85,300,16155.0,47384733.75
2025-07-31 09:18:20 AM,53.8,0,0.0,47384733.75
2025-07-31 09:18:20 AM,53.65,0,0.0,47384733.75
2025-07-31 09:18:21 AM,53.75,3675,197531.25,47582265.0
2025-07-31 09:18:21 AM,53.65,225,12071.25,47594336.25
2025-07-31 09:18:21 AM,53.75,0,0.0,47594336.25
2025-07-31 09:18:22 AM,53.15,0,0.0,47594336.25
2025-07-31 09:18:22 AM,53.2,0,0.0,47594336.25
2025-07-31 09:18:22 AM,53.4,3150,168210.0,47762546.25
2025-07-31 09:18:22 AM,53.3,525,27982.5,47790528.75
2025-07-31 09:18:23 AM,53.55,0,0.0,47790528.75
2025-07-31 09:18:23 AM,53.6,0,0.0,47790528.75
2025-07-31 09:18:24 AM,53.25,0,0.0,47790528.75
2025-07-31 09:18:24 AM,53.25,3450,183712.5,47974241.25
2025-07-31 09:18:24 AM,53.35,300,16005.0,47990246.25
2025-07-31 09:18:25 AM,53.5,0,0.0,47990246.25
2025-07-31 09:18:25 AM,54.0,0,0.0,47990246.25
2025-07-31 09:18:26 AM,54.0,2100,113400.0,48103646.25
2025-07-31 09:18:26 AM,54.05,0,0.0,48103646.25
2025-07-31 09:18:26 AM,54.05,300,16215.0,48119861.25
2025-07-31 09:18:26 AM,54.1,0,0.0,48119861.25
2025-07-31 09:18:27 AM,54.4,0,0.0,48119861.25
2025-07-31 09:18:27 AM,54.35,0,0.0,48119861.25
2025-07-31 09:18:27 AM,54.35,5850,317947.5,48437808.75
2025-07-31 09:18:27 AM,54.85,375,20568.75,48458377.5
2025-07-31 09:18:29 AM,53.8,0,0.0,48458377.5
2025-07-31 09:18:29 AM,53.9,1800,97020.0,48555397.5
2025-07-31 09:18:29 AM,53.95,75,4046.25,48559443.75
2025-07-31 09:18:29 AM,54.0,0,0.0,48559443.75
2025-07-31 09:18:30 AM,53.45,0,0.0,48559443.75
2025-07-31 09:18:30 AM,53.4,0,0.0,48559443.75
2025-07-31 09:18:31 AM,53.15,4500,239175.0,48798618.75
2025-07-31 09:18:31 AM,52.9,0,0.0,48798618.75
2025-07-31 09:18:32 AM,52.65,0,0.0,48798618.75
2025-07-31 09:18:32 AM,52.65,1650,86872.5,48885491.25
2025-07-31 09:18:33 AM,52.9,0,0.0,48885491.25
2025-07-31 09:18:33 AM,52.95,0,0.0,48885491.25
2025-07-31 09:18:34 AM,53.6,0,0.0,48885491.25
2025-07-31 09:18:34 AM,53.6,1275,68340.0,48953831.25
2025-07-31 09:18:34 AM,53.8,0,0.0,48953831.25
2025-07-31 09:18:35 AM,53.65,0,0.0,48953831.25
2025-07-31 09:18:35 AM,53.95,0,0.0,48953831.25
2025-07-31 09:18:36 AM,54.05,3375,182418.75,49136250.0
2025-07-31 09:18:37 AM,54.0,0,0.0,49136250.0
2025-07-31 09:18:37 AM,54.65,0,0.0,49136250.0
2025-07-31 09:18:37 AM,54.65,10725,586121.25,49722371.25
2025-07-31 09:18:37 AM,54.65,450,24592.5,49746963.75
2025-07-31 09:18:38 AM,54.35,0,0.0,49746963.75
2025-07-31 09:18:39 AM,54.6,0,0.0,49746963.75
2025-07-31 09:18:39 AM,54.6,1350,73710.0,49820673.75
2025-07-31 09:18:40 AM,55.0,0,0.0,49820673.75
2025-07-31 09:18:41 AM,54.5,1950,106275.0,49926948.75
2025-07-31 09:18:41 AM,54.5,525,28612.5,49955561.25
2025-07-31 09:18:41 AM,54.45,0,0.0,49955561.25
2025-07-31 09:18:42 AM,54.7,0,0.0,49955561.25
2025-07-31 09:18:42 AM,54.8,0,0.0,49955561.25
2025-07-31 09:18:42 AM,54.5,2700,147150.0,50102711.25
2025-07-31 09:18:43 AM,54.7,0,0.0,50102711.25
2025-07-31 09:18:44 AM,53.85,0,0.0,50102711.25
2025-07-31 09:18:44 AM,53.85,1725,92891.25,50195602.5
2025-07-31 09:18:45 AM,54.05,0,0.0,50195602.5
2025-07-31 09:18:45 AM,53.75,0,0.0,50195602.5
2025-07-31 09:18:46 AM,54.25,4125,223781.25,50419383.75
2025-07-31 09:18:46 AM,54.55,0,0.0,50419383.75
2025-07-31 09:18:47 AM,54.5,0,0.0,50419383.75
2025-07-31 09:18:47 AM,54.7,1575,86152.5,50505536.25
2025-07-31 09:18:47 AM,55.0,375,20625.0,50526161.25
2025-07-31 09:18:48 AM,54.6,0,0.0,50526161.25
2025-07-31 09:18:49 AM,54.4,0,0.0,50526161.25
2025-07-31 09:18:49 AM,54.4,1050,57120.0,50583281.25
2025-07-31 09:18:50 AM,54.05,0,0.0,50583281.25
2025-07-31 09:18:51 AM,54.1,825,44632.5,50627913.75
2025-07-31 09:18:51 AM,54.0,0,0.0,50627913.75
2025-07-31 09:18:52 AM,54.3,0,0.0,50627913.75
2025-07-31 09:18:52 AM,53.9,750,40425.0,50668338.75
2025-07-31 09:18:53 AM,54.35,0,0.0,50668338.75
2025-07-31 09:18:53 AM,54.0,0,0.0,50668338.75
2025-07-31 09:18:54 AM,53.85,0,0.0,50668338.75
2025-07-31 09:18:54 AM,54.0,6300,340200.0,51008538.75
2025-07-31 09:18:56 AM,53.6,8625,462300.0,51470838.75
2025-07-31 09:18:56 AM,54.0,0,0.0,51470838.75
2025-07-31 09:18:56 AM,54.0,12375,668250.0,52139088.75
2025-07-31 09:18:56 AM,53.55,0,0.0,52139088.75
2025-07-31 09:18:57 AM,53.7,0,0.0,52139088.75
2025-07-31 09:18:57 AM,53.7,825,44302.5,52183391.25
2025-07-31 09:18:57 AM,53.85,150,8077.5,52191468.75
2025-07-31 09:18:59 AM,54.6,0,0.0,52191468.75
2025-07-31 09:18:59 AM,54.55,0,0.0,52191468.75
2025-07-31 09:18:59 AM,54.55,1200,65460.0,52256928.75
2025-07-31 09:19:00 AM,53.4,0,0.0,52256928.75
2025-07-31 09:19:00 AM,53.25,0,0.0,52256928.75
2025-07-31 09:19:01 AM,53.5,2775,148462.5,52405391.25
2025-07-31 09:19:01 AM,53.0,300,15900.0,52421291.25
2025-07-31 09:19:01 AM,53.3,0,0.0,52421291.25
2025-07-31 09:19:02 AM,52.85,0,0.0,52421291.25
2025-07-31 09:19:02 AM,53.3,0,0.0,52421291.25
2025-07-31 09:19:02 AM,53.0,2475,131175.0,52552466.25
2025-07-31 09:19:03 AM,52.85,0,0.0,52552466.25
2025-07-31 09:19:03 AM,52.55,0,0.0,52552466.25
2025-07-31 09:19:04 AM,52.6,0,0.0,52552466.25
2025-07-31 09:19:04 AM,52.15,0,0.0,52552466.25
2025-07-31 09:19:04 AM,52.2,1950,101790.0,52654256.25
2025-07-31 09:19:04 AM,52.25,300,15675.0,52669931.25
2025-07-31 09:19:05 AM,52.7,0,0.0,52669931.25
2025-07-31 09:19:05 AM,53.1,0,0.0,52669931.25
2025-07-31 09:19:06 AM,52.75,2175,114731.25,52784662.5
2025-07-31 09:19:07 AM,52.65,0,0.0,52784662.5
2025-07-31 09:19:07 AM,52.25,0,0.0,52784662.5
2025-07-31 09:19:07 AM,52.25,1650,86212.5,52870875.0
2025-07-31 09:19:08 AM,52.3,0,0.0,52870875.0
2025-07-31 09:19:09 AM,52.2,0,0.0,52870875.0
2025-07-31 09:19:09 AM,52.35,0,0.0,52870875.0
2025-07-31 09:19:09 AM,52.35,1350,70672.5,52941547.5
2025-07-31 09:19:09 AM,52.45,300,15735.0,52957282.5
2025-07-31 09:19:10 AM,52.55,0,0.0,52957282.5
2025-07-31 09:19:11 AM,52.7,1350,71145.0,53028427.5
2025-07-31 09:19:11 AM,52.45,0,0.0,53028427.5
2025-07-31 09:19:11 AM,52.45,675,35403.75,53063831.25
2025-07-31 09:19:12 AM,52.5,0,0.0,53063831.25
2025-07-31 09:19:12 AM,52.4,2625,137550.0,53201381.25
2025-07-31 09:19:13 AM,52.55,0,0.0,53201381.25
2025-07-31 09:19:14 AM,52.7,0,0.0,53201381.25
2025-07-31 09:19:14 AM,52.6,0,0.0,53201381.25
2025-07-31 09:19:14 AM,52.35,6900,361215.0,53562596.25
2025-07-31 09:19:14 AM,52.1,150,7815.0,53570411.25
2025-07-31 09:19:15 AM,51.9,0,0.0,53570411.25
2025-07-31 09:19:15 AM,51.95,0,0.0,53570411.25
2025-07-31 09:19:16 AM,51.35,2625,134793.75,53705205.0
2025-07-31 09:19:16 AM,51.5,0,0.0,53705205.0
2025-07-31 09:19:16 AM,51.5,375,19312.5,53724517.5
2025-07-31 09:19:16 AM,51.7,0,0.0,53724517.5
2025-07-31 09:19:17 AM,51.85,0,0.0,53724517.5
2025-07-31 09:19:17 AM,51.85,975,50553.75,53775071.25
2025-07-31 09:19:18 AM,51.8,0,0.0,53775071.25
2025-07-31 09:19:18 AM,52.0,0,0.0,53775071.25
2025-07-31 09:19:19 AM,51.9,900,46710.0,53821781.25
2025-07-31 09:19:20 AM,51.6,0,0.0,53821781.25
2025-07-31 09:19:20 AM,51.8,0,0.0,53821781.25
2025-07-31 09:19:21 AM,51.75,675,34931.25,53856712.5
2025-07-31 09:19:21 AM,51.9,150,7785.0,53864497.5
2025-07-31 09:19:21 AM,52.0,0,0.0,53864497.5
2025-07-31 09:19:22 AM,51.95,0,0.0,53864497.5
2025-07-31 09:19:22 AM,51.7,450,23265.0,53887762.5
2025-07-31 09:19:23 AM,51.3,375,19237.5,53907000.0
2025-07-31 09:19:23 AM,51.55,0,0.0,53907000.0
2025-07-31 09:19:24 AM,51.8,0,0.0,53907000.0
2025-07-31 09:19:24 AM,51.8,900,46620.0,53953620.0
2025-07-31 09:19:25 AM,52.1,0,0.0,53953620.0
2025-07-31 09:19:26 AM,51.8,1125,58275.0,54011895.0
2025-07-31 09:19:26 AM,51.7,300,15510.0,54027405.0
2025-07-31 09:19:27 AM,51.7,1425,73672.5,54101077.5
2025-07-31 09:19:28 AM,51.7,375,19387.5,54120465.0
2025-07-31 09:19:28 AM,52.0,0,0.0,54120465.0
2025-07-31 09:19:28 AM,52.05,0,0.0,54120465.0
2025-07-31 09:19:29 AM,52.15,0,0.0,54120465.0
2025-07-31 09:19:29 AM,52.15,1275,66491.25,54186956.25
2025-07-31 09:19:30 AM,51.85,0,0.0,54186956.25
2025-07-31 09:19:31 AM,51.85,900,46665.0,54233621.25
2025-07-31 09:19:32 AM,52.2,0,0.0,54233621.25
2025-07-31 09:19:32 AM,52.2,225,11745.0,54245366.25
2025-07-31 09:19:33 AM,51.9,0,0.0,54245366.25
2025-07-31 09:19:33 AM,51.85,0,0.0,54245366.25
2025-07-31 09:19:34 AM,51.75,0,0.0,54245366.25
2025-07-31 09:19:34 AM,51.75,675,34931.25,54280297.5
2025-07-31 09:19:34 AM,51.55,900,46395.0,54326692.5
2025-07-31 09:19:35 AM,51.45,0,0.0,54326692.5
2025-07-31 09:19:36 AM,51.5,150,7725.0,54334417.5
2025-07-31 09:19:36 AM,51.55,0,0.0,54334417.5
2025-07-31 09:19:36 AM,51.55,75,3866.25,54338283.75
2025-07-31 09:19:37 AM,51.35,0,0.0,54338283.75
2025-07-31 09:19:37 AM,51.25,4125,211406.25,54549690.0
2025-07-31 09:19:38 AM,51.45,225,11576.25,54561266.25
2025-07-31 09:19:38 AM,51.35,0,0.0,54561266.25
2025-07-31 09:19:39 AM,51.35,75,3851.25,54565117.5
2025-07-31 09:19:39 AM,51.2,0,0.0,54565117.5
2025-07-31 09:19:40 AM,51.0,0,0.0,54565117.5
2025-07-31 09:19:41 AM,50.65,1200,60780.0,54625897.5
2025-07-31 09:19:42 AM,51.35,0,0.0,54625897.5
2025-07-31 09:19:42 AM,51.35,375,19256.25,54645153.75
2025-07-31 09:19:43 AM,51.0,225,11475.0,54656628.75
2025-07-31 09:19:44 AM,50.75,0,0.0,54656628.75
2025-07-31 09:19:44 AM,50.75,375,19031.25,54675660.0
2025-07-31 09:19:45 AM,51.1,0,0.0,54675660.0
2025-07-31 09:19:45 AM,50.75,0,0.0,54675660.0
2025-07-31 09:19:46 AM,51.0,2175,110925.0,54786585.0
2025-07-31 09:19:46 AM,50.95,0,0.0,54786585.0
2025-07-31 09:19:46 AM,50.95,150,7642.5,54794227.5
2025-07-31 09:19:46 AM,51.3,0,0.0,54794227.5
2025-07-31 09:19:47 AM,50.8,0,0.0,54794227.5
2025-07-31 09:19:47 AM,50.8,1350,68580.0,54862807.5
2025-07-31 09:19:48 AM,50.9,600,30540.0,54893347.5
2025-07-31 09:19:48 AM,51.0,0,0.0,54893347.5
2025-07-31 09:19:49 AM,50.95,0,0.0,54893347.5
2025-07-31 09:19:49 AM,50.95,3075,156671.25,55050018.75
2025-07-31 09:19:49 AM,50.95,75,3821.25,55053840.0
2025-07-31 09:19:50 AM,50.6,0,0.0,55053840.0
2025-07-31 09:19:50 AM,50.55,0,0.0,55053840.0
2025-07-31 09:19:51 AM,50.55,225,11373.75,55065213.75
2025-07-31 09:19:51 AM,50.15,0,0.0,55065213.75
2025-07-31 09:19:51 AM,50.15,1500,75225.0,55140438.75
2025-07-31 09:19:52 AM,49.8,0,0.0,55140438.75
2025-07-31 09:19:52 AM,49.8,2475,123255.0,55263693.75
2025-07-31 09:19:53 AM,49.5,600,29700.0,55293393.75
2025-07-31 09:19:53 AM,49.45,0,0.0,55293393.75
2025-07-31 09:19:53 AM,49.4,0,0.0,55293393.75
2025-07-31 09:19:54 AM,49.7,1200,59640.0,55353033.75
2025-07-31 09:19:55 AM,50.0,0,0.0,55353033.75
2025-07-31 09:19:56 AM,49.75,675,33581.25,55386615.0
2025-07-31 09:19:57 AM,50.0,0,0.0,55386615.0
2025-07-31 09:19:57 AM,49.7,600,29820.0,55416435.0
2025-07-31 09:19:58 AM,49.45,75,3708.75,55420143.75
2025-07-31 09:19:59 AM,49.9,1050,52395.0,55472538.75
2025-07-31 09:19:59 AM,49.6,0,0.0,55472538.75
2025-07-31 09:19:59 AM,49.6,300,14880.0,55487418.75
2025-07-31 09:20:00 AM,49.35,0,0.0,55487418.75
2025-07-31 09:20:00 AM,49.45,0,0.0,55487418.75
2025-07-31 09:20:01 AM,49.65,2175,107988.75,55595407.5
2025-07-31 09:20:01 AM,49.45,0,0.0,55595407.5
2025-07-31 09:20:01 AM,49.45,75,3708.75,55599116.25
2025-07-31 09:20:01 AM,49.75,0,0.0,55599116.25
2025-07-31 09:20:02 AM,50.35,0,0.0,55599116.25
2025-07-31 09:20:02 AM,50.15,0,0.0,55599116.25
2025-07-31 09:20:02 AM,49.95,15375,767981.25,56367097.5
2025-07-31 09:20:03 AM,50.0,150,7500.0,56374597.5
2025-07-31 09:20:03 AM,50.15,0,0.0,56374597.5
2025-07-31 09:20:04 AM,49.8,0,0.0,56374597.5
2025-07-31 09:20:04 AM,50.1,2700,135270.0,56509867.5
2025-07-31 09:20:04 AM,50.25,150,7537.5,56517405.0
2025-07-31 09:20:05 AM,50.15,0,0.0,56517405.0
2025-07-31 09:20:06 AM,50.2,975,48945.0,56566350.0
2025-07-31 09:20:06 AM,50.15,0,0.0,56566350.0
2025-07-31 09:20:06 AM,50.15,75,3761.25,56570111.25
2025-07-31 09:20:06 AM,50.0,0,0.0,56570111.25
2025-07-31 09:20:07 AM,50.25,0,0.0,56570111.25
2025-07-31 09:20:07 AM,50.35,0,0.0,56570111.25
2025-07-31 09:20:07 AM,50.35,900,45315.0,56615426.25
2025-07-31 09:20:08 AM,50.3,150,7545.0,56622971.25
2025-07-31 09:20:08 AM,50.5,0,0.0,56622971.25
2025-07-31 09:20:09 AM,50.3,0,0.0,56622971.25
2025-07-31 09:20:09 AM,50.2,4350,218370.0,56841341.25
2025-07-31 09:20:10 AM,50.45,0,0.0,56841341.25
2025-07-31 09:20:10 AM,50.5,0,0.0,56841341.25
2025-07-31 09:20:11 AM,50.3,750,37725.0,56879066.25
2025-07-31 09:20:11 AM,50.15,75,3761.25,56882827.5
2025-07-31 09:20:12 AM,49.85,0,0.0,56882827.5
2025-07-31 09:20:12 AM,49.85,2400,119640.0,57002467.5
2025-07-31 09:20:13 AM,49.8,225,11205.0,57013672.5
2025-07-31 09:20:14 AM,49.8,75,3735.0,57017407.5
2025-07-31 09:20:14 AM,49.5,675,33412.5,57050820.0
2025-07-31 09:20:15 AM,49.25,0,0.0,57050820.0
2025-07-31 09:20:15 AM,48.9,4725,231052.5,57281872.5
2025-07-31 09:20:16 AM,48.7,300,14610.0,57296482.5
2025-07-31 09:20:16 AM,48.9,0,0.0,57296482.5
2025-07-31 09:20:17 AM,48.35,0,0.0,57296482.5
2025-07-31 09:20:17 AM,48.45,4950,239827.5,57536310.0
2025-07-31 09:20:18 AM,48.45,150,7267.5,57543577.5
2025-07-31 09:20:18 AM,48.35,0,0.0,57543577.5
2025-07-31 09:20:18 AM,48.85,0,0.0,57543577.5
2025-07-31 09:20:19 AM,48.6,0,0.0,57543577.5
2025-07-31 09:20:19 AM,48.6,8625,419175.0,57962752.5
2025-07-31 09:20:19 AM,48.2,0,0.0,57962752.5
2025-07-31 09:20:19 AM,48.2,75,3615.0,57966367.5
2025-07-31 09:20:20 AM,48.15,0,0.0,57966367.5
2025-07-31 09:20:20 AM,48.2,0,0.0,57966367.5
2025-07-31 09:20:20 AM,48.2,2250,108450.0,58074817.5
2025-07-31 09:20:21 AM,47.9,900,43110.0,58117927.5
2025-07-31 09:20:22 AM,47.6,0,0.0,58117927.5
2025-07-31 09:20:22 AM,47.75,2025,96693.75,58214621.25
2025-07-31 09:20:23 AM,47.75,300,14325.0,58228946.25
2025-07-31 09:20:23 AM,47.5,0,0.0,58228946.25
2025-07-31 09:20:24 AM,47.3,0,0.0,58228946.25
2025-07-31 09:20:24 AM,47.3,600,28380.0,58257326.25
2025-07-31 09:20:24 AM,47.65,0,0.0,58257326.25
2025-07-31 09:20:24 AM,47.65,600,28590.0,58285916.25
2025-07-31 09:20:25 AM,47.1,0,0.0,58285916.25
2025-07-31 09:20:25 AM,47.05,0,0.0,58285916.25
2025-07-31 09:20:25 AM,47.05,6300,296415.0,58582331.25
2025-07-31 09:20:26 AM,47.25,75,3543.75,58585875.0
2025-07-31 09:20:27 AM,47.15,0,0.0,58585875.0
2025-07-31 09:20:27 AM,47.35,0,0.0,58585875.0
2025-07-31 09:20:27 AM,47.35,2550,120742.5,58706617.5
2025-07-31 09:20:28 AM,47.95,1275,61136.25,58767753.75
2025-07-31 09:20:28 AM,47.5,0,0.0,58767753.75
2025-07-31 09:20:29 AM,47.2,0,0.0,58767753.75
2025-07-31 09:20:29 AM,47.2,375,17700.0,58785453.75
2025-07-31 09:20:29 AM,46.95,0,0.0,58785453.75
2025-07-31 09:20:29 AM,47.05,1725,81161.25,58866615.0
2025-07-31 09:20:30 AM,46.5,0,0.0,58866615.0
2025-07-31 09:20:30 AM,46.8,0,0.0,58866615.0
2025-07-31 09:20:31 AM,46.8,975,45630.0,58912245.0
2025-07-31 09:20:31 AM,46.5,0,0.0,58912245.0
2025-07-31 09:20:32 AM,46.65,0,0.0,58912245.0
2025-07-31 09:20:32 AM,46.35,1200,55620.0,58967865.0
2025-07-31 09:20:33 AM,46.45,150,6967.5,58974832.5
2025-07-31 09:20:33 AM,46.2,0,0.0,58974832.5
2025-07-31 09:20:33 AM,46.05,0,0.0,58974832.5
2025-07-31 09:20:34 AM,46.1,0,0.0,58974832.5
2025-07-31 09:20:34 AM,46.1,975,44947.5,59019780.0
2025-07-31 09:20:34 AM,46.25,300,13875.0,59033655.0
2025-07-31 09:20:35 AM,45.9,0,0.0,59033655.0
2025-07-31 09:20:36 AM,45.7,5625,257062.50000000003,59290717.5
2025-07-31 09:20:36 AM,45.65,300,13695.0,59304412.5
2025-07-31 09:20:36 AM,46.2,0,0.0,59304412.5
2025-07-31 09:20:37 AM,45.85,0,0.0,59304412.5
2025-07-31 09:20:37 AM,45.95,0,0.0,59304412.5
2025-07-31 09:20:37 AM,45.7,11775,538117.5,59842530.0
2025-07-31 09:20:38 AM,46.3,0,0.0,59842530.0
2025-07-31 09:20:39 AM,45.75,0,0.0,59842530.0
2025-07-31 09:20:39 AM,45.75,6075,277931.25,60120461.25
2025-07-31 09:20:39 AM,45.6,0,0.0,60120461.25
2025-07-31 09:20:39 AM,45.6,2775,126540.0,60247001.25
2025-07-31 09:20:40 AM,45.75,0,0.0,60247001.25
2025-07-31 09:20:40 AM,45.65,0,0.0,60247001.25
2025-07-31 09:20:41 AM,45.4,11850,537990.0,60784991.25
2025-07-31 09:20:41 AM,44.6,4275,190665.0,60975656.25
2025-07-31 09:20:41 AM,44.75,0,0.0,60975656.25
2025-07-31 09:20:41 AM,45.55,0,0.0,60975656.25
2025-07-31 09:20:42 AM,44.85,0,0.0,60975656.25
2025-07-31 09:20:42 AM,44.85,16500,740025.0,61715681.25
2025-07-31 09:20:43 AM,44.45,300,13335.0,61729016.25
2025-07-31 09:20:43 AM,44.9,0,0.0,61729016.25
2025-07-31 09:20:44 AM,44.55,0,0.0,61729016.25
2025-07-31 09:20:44 AM,44.55,9450,420997.5,62150013.75
2025-07-31 09:20:44 AM,44.4,0,0.0,62150013.75
2025-07-31 09:20:44 AM,44.45,600,26670.0,62176683.75
2025-07-31 09:20:45 AM,44.0,0,0.0,62176683.75
2025-07-31 09:20:46 AM,43.9,4500,197550.0,62374233.75
2025-07-31 09:20:46 AM,44.15,75,3311.25,62377545.0
2025-07-31 09:20:46 AM,43.9,0,0.0,62377545.0
2025-07-31 09:20:47 AM,44.2,0,0.0,62377545.0
2025-07-31 09:20:47 AM,44.1,17625,777262.5,63154807.5
2025-07-31 09:20:48 AM,44.25,0,0.0,63154807.5
2025-07-31 09:20:48 AM,43.95,0,0.0,63154807.5
2025-07-31 09:20:49 AM,43.75,0,0.0,63154807.5
2025-07-31 09:20:49 AM,43.7,12375,540787.5,63695595.0
2025-07-31 09:20:49 AM,43.95,0,0.0,63695595.0
2025-07-31 09:20:49 AM,43.85,450,19732.5,63715327.5
2025-07-31 09:20:50 AM,43.3,0,0.0,63715327.5
2025-07-31 09:20:50 AM,43.65,0,0.0,63715327.5
2025-07-31 09:20:51 AM,43.65,6450,281542.5,63996870.0
2025-07-31 09:20:51 AM,43.5,9825,427387.5,64424257.5
2025-07-31 09:20:51 AM,43.65,0,0.0,64424257.5
2025-07-31 09:20:51 AM,43.4,0,0.0,64424257.5
2025-07-31 09:20:52 AM,43.05,0,0.0,64424257.5
2025-07-31 09:20:52 AM,43.3,0,0.0,64424257.5
2025-07-31 09:20:52 AM,43.25,11625,502781.25,64927038.75
2025-07-31 09:20:53 AM,43.55,825,35928.75,64962967.5
2025-07-31 09:20:53 AM,43.6,0,0.0,64962967.5
2025-07-31 09:20:53 AM,43.8,0,0.0,64962967.5
2025-07-31 09:20:54 AM,43.55,0,0.0,64962967.5
2025-07-31 09:20:54 AM,43.55,3900,169845.0,65132812.5
2025-07-31 09:20:54 AM,43.65,75,3273.75,65136086.25
2025-07-31 09:20:55 AM,43.95,0,0.0,65136086.25
2025-07-31 09:20:56 AM,44.35,7950,352582.5,65488668.75
2025-07-31 09:20:56 AM,44.95,15750,707962.5,66196631.25
2025-07-31 09:20:56 AM,45.0,0,0.0,66196631.25
2025-07-31 09:20:56 AM,44.85,0,0.0,66196631.25
2025-07-31 09:20:57 AM,45.5,0,0.0,66196631.25
2025-07-31 09:20:57 AM,45.25,0,0.0,66196631.25
2025-07-31 09:20:57 AM,45.25,8250,373312.5,66569943.75
2025-07-31 09:20:58 AM,44.95,0,0.0,66569943.75
2025-07-31 09:20:58 AM,45.4,0,0.0,66569943.75
2025-07-31 09:20:59 AM,45.55,9375,427031.25,66996975.0
2025-07-31 09:20:59 AM,45.3,0,0.0,66996975.0
2025-07-31 09:20:59 AM,45.1,1050,47355.0,67044330.0
2025-07-31 09:21:00 AM,45.25,0,0.0,67044330.0
2025-07-31 09:21:01 AM,44.95,6300,283185.0,67327515.0
2025-07-31 09:21:01 AM,44.15,1125,49668.75,67377183.75
2025-07-31 09:21:01 AM,44.3,0,0.0,67377183.75
2025-07-31 09:21:02 AM,44.1,0,0.0,67377183.75
2025-07-31 09:21:02 AM,43.85,0,0.0,67377183.75
2025-07-31 09:21:02 AM,43.85,17550,769567.5,68146751.25
2025-07-31 09:21:03 AM,43.75,900,39375.0,68186126.25
2025-07-31 09:21:03 AM,43.7,0,0.0,68186126.25
2025-07-31 09:21:03 AM,43.45,0,0.0,68186126.25
2025-07-31 09:21:04 AM,43.95,0,0.0,68186126.25
2025-07-31 09:21:04 AM,43.95,8175,359291.25,68545417.5
2025-07-31 09:21:04 AM,43.9,750,32925.0,68578342.5
2025-07-31 09:21:04 AM,44.0,0,0.0,68578342.5
2025-07-31 09:21:05 AM,43.8,0,0.0,68578342.5
2025-07-31 09:21:05 AM,44.15,0,0.0,68578342.5
2025-07-31 09:21:06 AM,44.65,7575,338223.75,68916566.25
2025-07-31 09:21:06 AM,44.4,4725,209790.0,69126356.25
2025-07-31 09:21:06 AM,44.3,0,0.0,69126356.25
2025-07-31 09:21:06 AM,44.4,0,0.0,69126356.25
2025-07-31 09:21:07 AM,44.55,0,0.0,69126356.25
2025-07-31 09:21:07 AM,44.7,0,0.0,69126356.25
2025-07-31 09:21:07 AM,44.6,6075,270945.0,69397301.25
2025-07-31 09:21:08 AM,44.75,150,6712.5,69404013.75
2025-07-31 09:21:08 AM,44.8,0,0.0,69404013.75
2025-07-31 09:21:08 AM,45.0,0,0.0,69404013.75
2025-07-31 09:21:09 AM,44.85,4275,191733.75,69595747.5
2025-07-31 09:21:09 AM,44.9,1050,47145.0,69642892.5
2025-07-31 09:21:09 AM,45.15,0,0.0,69642892.5
2025-07-31 09:21:10 AM,45.35,0,0.0,69642892.5
2025-07-31 09:21:10 AM,45.2,0,0.0,69642892.5
2025-07-31 09:21:11 AM,45.35,16125,731268.75,70374161.25
2025-07-31 09:21:11 AM,45.65,3150,143797.5,70517958.75
2025-07-31 09:21:11 AM,45.55,0,0.0,70517958.75
2025-07-31 09:21:12 AM,45.75,0,0.0,70517958.75
2025-07-31 09:21:12 AM,46.0,0,0.0,70517958.75
2025-07-31 09:21:12 AM,46.15,5850,269977.5,70787936.25
2025-07-31 09:21:13 AM,46.15,3450,159217.5,70947153.75
2025-07-31 09:21:13 AM,46.2,0,0.0,70947153.75
2025-07-31 09:21:13 AM,45.95,0,0.0,70947153.75
2025-07-31 09:21:14 AM,45.95,2025,93048.75,71040202.5
2025-07-31 09:21:14 AM,45.95,75,3446.25,71043648.75
2025-07-31 09:21:15 AM,45.75,0,0.0,71043648.75
2025-07-31 09:21:15 AM,45.55,0,0.0,71043648.75
2025-07-31 09:21:16 AM,45.7,4650,212505.0,71256153.75
2025-07-31 09:21:16 AM,45.65,0,0.0,71256153.75
2025-07-31 09:21:16 AM,45.65,1725,78746.25,71334900.0
2025-07-31 09:21:16 AM,45.7,0,0.0,71334900.0
2025-07-31 09:21:17 AM,44.9,0,0.0,71334900.0
2025-07-31 09:21:17 AM,45.2,9375,423750.0,71758650.0
2025-07-31 09:21:17 AM,45.05,0,0.0,71758650.0
2025-07-31 09:21:18 AM,45.05,600,27030.0,71785680.0
2025-07-31 09:21:18 AM,45.2,0,0.0,71785680.0
2025-07-31 09:21:18 AM,45.25,0,0.0,71785680.0
2025-07-31 09:21:19 AM,45.0,0,0.0,71785680.0
2025-07-31 09:21:19 AM,45.0,2325,104625.0,71890305.0
2025-07-31 09:21:20 AM,44.75,0,0.0,71890305.0
2025-07-31 09:21:20 AM,44.55,0,0.0,71890305.0
2025-07-31 09:21:21 AM,44.55,1950,86872.5,71977177.5
2025-07-31 09:21:21 AM,44.6,375,16725.0,71993902.5
2025-07-31 09:21:21 AM,44.75,0,0.0,71993902.5
2025-07-31 09:21:22 AM,44.6,0,0.0,71993902.5
2025-07-31 09:21:22 AM,44.8,0,0.0,71993902.5
2025-07-31 09:21:22 AM,44.8,2775,124319.99999999999,72118222.5
2025-07-31 09:21:23 AM,44.65,150,6697.5,72124920.0
2025-07-31 09:21:23 AM,45.0,0,0.0,72124920.0
2025-07-31 09:21:23 AM,44.8,0,0.0,72124920.0
2025-07-31 09:21:24 AM,44.55,0,0.0,72124920.0
2025-07-31 09:21:24 AM,44.65,1500,66975.0,72191895.0
2025-07-31 09:21:24 AM,44.7,0,0.0,72191895.0
2025-07-31 09:21:24 AM,44.7,825,36877.5,72228772.5
2025-07-31 09:21:25 AM,44.95,0,0.0,72228772.5
2025-07-31 09:21:26 AM,44.95,300,13485.0,72242257.5
2025-07-31 09:21:27 AM,44.85,0,0.0,72242257.5
2025-07-31 09:21:27 AM,44.65,0,0.0,72242257.5
2025-07-31 09:21:27 AM,44.7,0,0.0,72242257.5
2025-07-31 09:21:27 AM,44.7,1500,67050.0,72309307.5
2025-07-31 09:21:28 AM,44.9,75,3367.5,72312675.0
2025-07-31 09:21:28 AM,44.65,0,0.0,72312675.0
2025-07-31 09:21:29 AM,45.2,0,0.0,72312675.0
2025-07-31 09:21:29 AM,45.2,750,33900.0,72346575.0
2025-07-31 09:21:29 AM,45.2,150,6780.0,72353355.0
2025-07-31 09:21:31 AM,44.95,0,0.0,72353355.0
2025-07-31 09:21:32 AM,44.7,0,0.0,72353355.0
2025-07-31 09:21:32 AM,44.7,750,33525.0,72386880.0
2025-07-31 09:21:33 AM,45.0,825,37125.0,72424005.0
2025-07-31 09:21:33 AM,45.2,0,0.0,72424005.0
2025-07-31 09:21:34 AM,45.4,0,0.0,72424005.0
2025-07-31 09:21:34 AM,45.4,1575,71505.0,72495510.0
2025-07-31 09:21:34 AM,44.95,75,3371.25,72498881.25
2025-07-31 09:21:35 AM,45.2,0,0.0,72498881.25
2025-07-31 09:21:35 AM,45.1,0,0.0,72498881.25
2025-07-31 09:21:36 AM,45.1,4200,189420.0,72688301.25
2025-07-31 09:21:36 AM,45.2,0,0.0,72688301.25
2025-07-31 09:21:37 AM,45.1,0,0.0,72688301.25
2025-07-31 09:21:37 AM,45.1,600,27060.0,72715361.25
2025-07-31 09:21:38 AM,44.65,150,6697.5,72722058.75
2025-07-31 09:21:38 AM,45.05,0,0.0,72722058.75
2025-07-31 09:21:39 AM,44.7,0,0.0,72722058.75
2025-07-31 09:21:39 AM,44.7,600,26820.0,72748878.75
2025-07-31 09:21:39 AM,44.8,0,0.0,72748878.75
2025-07-31 09:21:39 AM,44.8,300,13440.0,72762318.75
2025-07-31 09:21:40 AM,45.0,0,0.0,72762318.75
2025-07-31 09:21:41 AM,45.4,4425,200895.0,72963213.75
2025-07-31 09:21:42 AM,45.25,0,0.0,72963213.75
2025-07-31 09:21:42 AM,45.25,1425,64481.25,73027695.0
2025-07-31 09:21:43 AM,45.05,75,3378.75,73031073.75
2025-07-31 09:21:43 AM,45.35,0,0.0,73031073.75
2025-07-31 09:21:44 AM,45.45,0,0.0,73031073.75
2025-07-31 09:21:44 AM,45.45,975,44313.75,73075387.5
2025-07-31 09:21:45 AM,45.15,0,0.0,73075387.5
2025-07-31 09:21:46 AM,45.15,150,6772.5,73082160.0
2025-07-31 09:21:46 AM,45.0,0,0.0,73082160.0
2025-07-31 09:21:46 AM,45.0,825,37125.0,73119285.0
2025-07-31 09:21:46 AM,44.95,0,0.0,73119285.0
2025-07-31 09:21:47 AM,44.65,0,0.0,73119285.0
2025-07-31 09:21:47 AM,44.65,300,13395.0,73132680.0
2025-07-31 09:21:47 AM,44.8,0,0.0,73132680.0
2025-07-31 09:21:48 AM,44.7,1275,56992.5,73189672.5
2025-07-31 09:21:48 AM,45.1,0,0.0,73189672.5
2025-07-31 09:21:49 AM,45.05,0,0.0,73189672.5
2025-07-31 09:21:49 AM,45.05,600,27030.0,73216702.5
2025-07-31 09:21:50 AM,45.15,0,0.0,73216702.5
2025-07-31 09:21:51 AM,45.15,300,13545.0,73230247.5
2025-07-31 09:21:51 AM,45.3,375,16987.5,73247235.0
2025-07-31 09:21:52 AM,45.0,0,0.0,73247235.0
2025-07-31 09:21:52 AM,45.0,1725,77625.0,73324860.0
2025-07-31 09:21:53 AM,45.1,150,6765.0,73331625.0
2025-07-31 09:21:53 AM,44.95,0,0.0,73331625.0
2025-07-31 09:21:54 AM,45.2,450,20340.0,73351965.0
2025-07-31 09:21:54 AM,45.15,75,3386.25,73355351.25
2025-07-31 09:21:56 AM,45.15,1800,81270.0,73436621.25
2025-07-31 09:21:56 AM,45.45,0,0.0,73436621.25
2025-07-31 09:21:56 AM,45.45,525,23861.25,73460482.5
2025-07-31 09:21:56 AM,45.7,0,0.0,73460482.5
2025-07-31 09:21:57 AM,45.8,0,0.0,73460482.5
2025-07-31 09:21:57 AM,45.65,2850,130102.5,73590585.0
2025-07-31 09:21:57 AM,45.7,0,0.0,73590585.0
2025-07-31 09:21:58 AM,45.65,1950,89017.5,73679602.5
2025-07-31 09:21:59 AM,45.6,0,0.0,73679602.5
2025-07-31 09:21:59 AM,45.6,1350,61560.0,73741162.5
2025-07-31 09:21:59 AM,45.55,150,6832.5,73747995.0
2025-07-31 09:22:00 AM,45.7,0,0.0,73747995.0
2025-07-31 09:22:00 AM,45.55,0,0.0,73747995.0
2025-07-31 09:22:01 AM,45.75,2250,102937.5,73850932.5
2025-07-31 09:22:01 AM,45.55,0,0.0,73850932.5
2025-07-31 09:22:01 AM,45.55,450,20497.5,73871430.0
2025-07-31 09:22:01 AM,45.65,0,0.0,73871430.0
2025-07-31 09:22:02 AM,46.0,0,0.0,73871430.0
2025-07-31 09:22:02 AM,46.05,0,0.0,73871430.0
2025-07-31 09:22:02 AM,46.05,1125,51806.25,73923236.25
2025-07-31 09:22:03 AM,45.95,0,0.0,73923236.25
2025-07-31 09:22:04 AM,46.2,0,0.0,73923236.25
2025-07-31 09:22:04 AM,46.2,600,27720.0,73950956.25
2025-07-31 09:22:04 AM,46.25,0,0.0,73950956.25
2025-07-31 09:22:04 AM,46.25,975,45093.75,73996050.0
2025-07-31 09:22:05 AM,46.6,0,0.0,73996050.0
2025-07-31 09:22:05 AM,46.65,0,0.0,73996050.0
2025-07-31 09:22:06 AM,46.65,675,31488.75,74027538.75
2025-07-31 09:22:06 AM,46.95,0,0.0,74027538.75
2025-07-31 09:22:06 AM,46.95,2400,112680.0,74140218.75
2025-07-31 09:22:07 AM,47.1,0,0.0,74140218.75
2025-07-31 09:22:07 AM,47.3,1650,78045.0,74218263.75
2025-07-31 09:22:08 AM,47.25,525,24806.25,74243070.0
2025-07-31 09:22:08 AM,46.95,0,0.0,74243070.0
2025-07-31 09:22:09 AM,47.35,2175,102986.25,74346056.25
2025-07-31 09:22:09 AM,47.1,0,0.0,74346056.25
2025-07-31 09:22:09 AM,47.1,225,10597.5,74356653.75
2025-07-31 09:22:10 AM,47.2,0,0.0,74356653.75
2025-07-31 09:22:10 AM,47.25,0,0.0,74356653.75
2025-07-31 09:22:11 AM,47.5,1125,53437.5,74410091.25
2025-07-31 09:22:11 AM,47.95,0,0.0,74410091.25
2025-07-31 09:22:12 AM,48.7,0,0.0,74410091.25
2025-07-31 09:22:12 AM,48.75,0,0.0,74410091.25
2025-07-31 09:22:12 AM,48.75,7350,358312.5,74768403.75
2025-07-31 09:22:13 AM,49.05,1050,51502.5,74819906.25
2025-07-31 09:22:14 AM,48.8,0,0.0,74819906.25
2025-07-31 09:22:14 AM,49.55,3825,189528.75,75009435.0
2025-07-31 09:22:14 AM,49.4,0,0.0,75009435.0
2025-07-31 09:22:14 AM,49.1,1875,92062.5,75101497.5
2025-07-31 09:22:15 AM,49.0,0,0.0,75101497.5
2025-07-31 09:22:15 AM,49.3,0,0.0,75101497.5
2025-07-31 09:22:16 AM,49.55,3000,148650.0,75250147.5
2025-07-31 09:22:16 AM,49.4,150,7410.0,75257557.5
2025-07-31 09:22:17 AM,48.55,0,0.0,75257557.5
2025-07-31 09:22:17 AM,48.65,0,0.0,75257557.5
2025-07-31 09:22:17 AM,48.75,750,36562.5,75294120.0
2025-07-31 09:22:18 AM,48.85,825,40301.25,75334421.25
2025-07-31 09:22:18 AM,48.95,0,0.0,75334421.25
2025-07-31 09:22:19 AM,48.95,1725,84438.75,75418860.0
2025-07-31 09:22:19 AM,48.8,0,0.0,75418860.0
2025-07-31 09:22:19 AM,49.0,9600,470400.0,75889260.0
2025-07-31 09:22:20 AM,49.1,0,0.0,75889260.0
2025-07-31 09:22:20 AM,49.35,0,0.0,75889260.0
2025-07-31 09:22:21 AM,49.3,4800,236640.0,76125900.0
2025-07-31 09:22:21 AM,49.15,0,0.0,76125900.0
2025-07-31 09:22:21 AM,49.15,600,29490.0,76155390.0
2025-07-31 09:22:21 AM,49.2,0,0.0,76155390.0
2025-07-31 09:22:22 AM,50.05,0,0.0,76155390.0
2025-07-31 09:22:22 AM,50.2,16350,820770.0,76976160.0
2025-07-31 09:22:22 AM,50.15,0,0.0,76976160.0
2025-07-31 09:22:23 AM,50.25,2925,146981.25,77123141.25
2025-07-31 09:22:23 AM,50.15,0,0.0,77123141.25
2025-07-31 09:22:23 AM,49.75,0,0.0,77123141.25
2025-07-31 09:22:24 AM,49.7,4500,223650.0,77346791.25
2025-07-31 09:22:24 AM,50.0,0,0.0,77346791.25
2025-07-31 09:22:24 AM,49.6,2475,122760.0,77469551.25
2025-07-31 09:22:25 AM,49.1,0,0.0,77469551.25
2025-07-31 09:22:25 AM,49.3,0,0.0,77469551.25
2025-07-31 09:22:26 AM,49.45,4050,200272.5,77669823.75
2025-07-31 09:22:26 AM,49.4,0,0.0,77669823.75
2025-07-31 09:22:26 AM,49.55,1275,63176.25,77733000.0
2025-07-31 09:22:27 AM,49.4,0,0.0,77733000.0
2025-07-31 09:22:27 AM,49.5,3225,159637.5,77892637.5
2025-07-31 09:22:28 AM,49.95,1575,78671.25,77971308.75
2025-07-31 09:22:28 AM,49.9,0,0.0,77971308.75
2025-07-31 09:22:28 AM,50.05,0,0.0,77971308.75
2025-07-31 09:22:29 AM,49.6,1275,63240.0,78034548.75
2025-07-31 09:22:29 AM,49.55,1050,52027.5,78086576.25
2025-07-31 09:22:30 AM,49.8,0,0.0,78086576.25
2025-07-31 09:22:30 AM,49.65,0,0.0,78086576.25
2025-07-31 09:22:31 AM,50.0,375,18750.0,78105326.25
2025-07-31 09:22:31 AM,49.55,0,0.0,78105326.25
2025-07-31 09:22:32 AM,49.6,0,0.0,78105326.25
2025-07-31 09:22:32 AM,49.45,0,0.0,78105326.25
2025-07-31 09:22:32 AM,49.45,825,40796.25,78146122.5
2025-07-31 09:22:33 AM,49.25,75,3693.75,78149816.25
2025-07-31 09:22:33 AM,49.05,0,0.0,78149816.25
2025-07-31 09:22:33 AM,49.1,0,0.0,78149816.25
2025-07-31 09:22:34 AM,49.45,825,40796.25,78190612.5
2025-07-31 09:22:34 AM,49.35,0,0.0,78190612.5
2025-07-31 09:22:34 AM,49.25,5925,291806.25,78482418.75
2025-07-31 09:22:35 AM,49.6,0,0.0,78482418.75
2025-07-31 09:22:35 AM,49.5,0,0.0,78482418.75
2025-07-31 09:22:36 AM,49.9,1200,59880.0,78542298.75
2025-07-31 09:22:38 AM,49.15,0,0.0,78542298.75
2025-07-31 09:22:39 AM,49.15,375,18431.25,78560730.0
2025-07-31 09:22:39 AM,48.85,900,43965.0,78604695.0
2025-07-31 09:22:40 AM,48.5,0,0.0,78604695.0
2025-07-31 09:22:40 AM,48.55,0,0.0,78604695.0
2025-07-31 09:22:41 AM,48.4,1425,68970.0,78673665.0
2025-07-31 09:22:41 AM,48.4,75,3630.0,78677295.0
2025-07-31 09:22:42 AM,48.3,0,0.0,78677295.0
2025-07-31 09:22:42 AM,48.45,1275,61773.75,78739068.75
2025-07-31 09:22:43 AM,48.4,450,21780.0,78760848.75
2025-07-31 09:22:43 AM,48.45,0,0.0,78760848.75
2025-07-31 09:22:44 AM,48.65,375,18243.75,78779092.5
2025-07-31 09:22:45 AM,48.4,0,0.0,78779092.5
2025-07-31 09:22:46 AM,48.4,375,18150.0,78797242.5
2025-07-31 09:22:46 AM,48.0,0,0.0,78797242.5
2025-07-31 09:22:46 AM,48.0,525,25200.0,78822442.5
2025-07-31 09:22:47 AM,48.0,225,10800.0,78833242.5
2025-07-31 09:22:48 AM,48.3,525,25357.5,78858600.0
2025-07-31 09:22:48 AM,48.45,0,0.0,78858600.0
2025-07-31 09:22:48 AM,48.35,0,0.0,78858600.0
2025-07-31 09:22:49 AM,47.95,32625,1564368.75,80422968.75
2025-07-31 09:22:49 AM,47.6,0,0.0,80422968.75
2025-07-31 09:22:49 AM,47.65,300,14295.0,80437263.75
2025-07-31 09:22:50 AM,47.15,0,0.0,80437263.75
2025-07-31 09:22:51 AM,47.5,375,17812.5,80455076.25
2025-07-31 09:22:52 AM,47.7,0,0.0,80455076.25
2025-07-31 09:22:52 AM,47.7,75,3577.5,80458653.75
2025-07-31 09:22:53 AM,47.6,75,3570.0,80462223.75
2025-07-31 09:22:54 AM,46.15,8175,377276.25,80839500.0
2025-07-31 09:22:54 AM,46.25,0,0.0,80839500.0
2025-07-31 09:22:54 AM,46.0,1800,82800.0,80922300.0
2025-07-31 09:22:55 AM,46.1,0,0.0,80922300.0
2025-07-31 09:22:56 AM,46.2,4050,187110.0,81109410.0
2025-07-31 09:22:56 AM,46.55,0,0.0,81109410.0
2025-07-31 09:22:56 AM,46.75,2775,129731.25,81239141.25
2025-07-31 09:22:57 AM,46.9,0,0.0,81239141.25
2025-07-31 09:22:57 AM,46.8,0,0.0,81239141.25
2025-07-31 09:22:57 AM,46.9,3000,140700.0,81379841.25
2025-07-31 09:22:58 AM,46.7,150,7005.0,81386846.25
2025-07-31 09:22:58 AM,46.45,0,0.0,81386846.25
2025-07-31 09:22:59 AM,46.75,300,14025.0,81400871.25
2025-07-31 09:23:00 AM,46.65,0,0.0,81400871.25
2025-07-31 09:23:00 AM,46.85,0,0.0,81400871.25
2025-07-31 09:23:01 AM,46.5,825,38362.5,81439233.75
2025-07-31 09:23:01 AM,46.55,0,0.0,81439233.75
2025-07-31 09:23:01 AM,46.65,225,10496.25,81449730.0
2025-07-31 09:23:02 AM,46.7,0,0.0,81449730.0
2025-07-31 09:23:02 AM,46.9,450,21105.0,81470835.0
2025-07-31 09:23:03 AM,46.85,600,28110.0,81498945.0
2025-07-31 09:23:03 AM,46.9,0,0.0,81498945.0
2025-07-31 09:23:04 AM,46.5,300,13950.0,81512895.0
2025-07-31 09:23:04 AM,46.9,0,0.0,81512895.0
2025-07-31 09:23:04 AM,46.9,75,3517.5,81516412.5
2025-07-31 09:23:05 AM,46.65,0,0.0,81516412.5
2025-07-31 09:23:06 AM,46.25,900,41625.0,81558037.5
2025-07-31 09:23:06 AM,45.95,675,31016.250000000004,81589053.75
2025-07-31 09:23:07 AM,46.0,0,0.0,81589053.75
2025-07-31 09:23:07 AM,45.9,0,0.0,81589053.75
2025-07-31 09:23:07 AM,45.6,1875,85500.0,81674553.75
2025-07-31 09:23:08 AM,45.75,1800,82350.0,81756903.75
2025-07-31 09:23:08 AM,45.85,0,0.0,81756903.75
2025-07-31 09:23:08 AM,46.0,0,0.0,81756903.75
2025-07-31 09:23:09 AM,46.1,10725,494422.5,82251326.25
2025-07-31 09:23:09 AM,46.1,3075,141757.5,82393083.75
2025-07-31 09:23:10 AM,46.2,0,0.0,82393083.75
2025-07-31 09:23:11 AM,45.75,1125,51468.75,82444552.5
2025-07-31 09:23:11 AM,45.45,0,0.0,82444552.5
2025-07-31 09:23:11 AM,45.45,600,27270.0,82471822.5
2025-07-31 09:23:12 AM,45.2,0,0.0,82471822.5
2025-07-31 09:23:12 AM,45.5,450,20475.0,82492297.5
2025-07-31 09:23:12 AM,45.3,0,0.0,82492297.5
2025-07-31 09:23:13 AM,45.3,75,3397.5,82495695.0
2025-07-31 09:23:13 AM,45.5,0,0.0,82495695.0
2025-07-31 09:23:13 AM,45.4,0,0.0,82495695.0
2025-07-31 09:23:14 AM,45.35,0,0.0,82495695.0
2025-07-31 09:23:14 AM,45.35,600,27210.0,82522905.0
2025-07-31 09:23:14 AM,44.75,825,36918.75,82559823.75
2025-07-31 09:23:15 AM,44.9,0,0.0,82559823.75
2025-07-31 09:23:15 AM,44.65,0,0.0,82559823.75
2025-07-31 09:23:16 AM,44.8,1875,84000.0,82643823.75
2025-07-31 09:23:16 AM,44.8,1875,84000.0,82727823.75
2025-07-31 09:23:17 AM,45.3,0,0.0,82727823.75
2025-07-31 09:23:17 AM,45.45,1950,88627.5,82816451.25
2025-07-31 09:23:17 AM,45.75,0,0.0,82816451.25
2025-07-31 09:23:18 AM,45.55,300,13665.0,82830116.25
2025-07-31 09:23:18 AM,45.75,0,0.0,82830116.25
2025-07-31 09:23:18 AM,45.55,0,0.0,82830116.25
2025-07-31 09:23:19 AM,45.65,2550,116407.5,82946523.75
2025-07-31 09:23:19 AM,46.0,0,0.0,82946523.75
2025-07-31 09:23:19 AM,45.95,1500,68925.0,83015448.75
2025-07-31 09:23:20 AM,45.85,0,0.0,83015448.75
2025-07-31 09:23:20 AM,45.9,0,0.0,83015448.75
2025-07-31 09:23:21 AM,46.3,5925,274327.5,83289776.25
2025-07-31 09:23:21 AM,46.75,0,0.0,83289776.25
2025-07-31 09:23:21 AM,46.55,750,34912.5,83324688.75
2025-07-31 09:23:21 AM,46.5,0,0.0,83324688.75
2025-07-31 09:23:22 AM,46.85,0,0.0,83324688.75
2025-07-31 09:23:22 AM,46.85,3450,161632.5,83486321.25
2025-07-31 09:23:22 AM,46.8,0,0.0,83486321.25
2025-07-31 09:23:23 AM,46.7,1050,49035.0,83535356.25
2025-07-31 09:23:23 AM,46.95,0,0.0,83535356.25
2025-07-31 09:23:24 AM,46.8,0,0.0,83535356.25
2025-07-31 09:23:24 AM,46.8,4275,200070.0,83735426.25
2025-07-31 09:23:24 AM,46.85,0,0.0,83735426.25
2025-07-31 09:23:25 AM,46.85,900,42165.0,83777591.25
2025-07-31 09:23:25 AM,46.25,0,0.0,83777591.25
2025-07-31 09:23:26 AM,46.4,3675,170520.0,83948111.25
2025-07-31 09:23:26 AM,46.5,0,0.0,83948111.25
2025-07-31 09:23:26 AM,46.5,1275,59287.5,84007398.75
2025-07-31 09:23:27 AM,47.0,0,0.0,84007398.75
2025-07-31 09:23:28 AM,47.2,1275,60180.0,84067578.75
2025-07-31 09:23:28 AM,47.1,0,0.0,84067578.75
2025-07-31 09:23:29 AM,46.7,1050,49035.0,84116613.75
2025-07-31 09:23:29 AM,46.6,0,0.0,84116613.75
2025-07-31 09:23:30 AM,46.6,225,10485.0,84127098.75
2025-07-31 09:23:30 AM,46.4,0,0.0,84127098.75
2025-07-31 09:23:30 AM,46.35,0,0.0,84127098.75
2025-07-31 09:23:31 AM,46.35,225,10428.75,84137527.5
2025-07-31 09:23:31 AM,46.35,150,6952.5,84144480.0
2025-07-31 09:23:32 AM,46.55,0,0.0,84144480.0
2025-07-31 09:23:32 AM,46.55,300,13965.0,84158445.0
2025-07-31 09:23:33 AM,46.2,150,6930.0,84165375.0
2025-07-31 09:23:33 AM,46.3,0,0.0,84165375.0
2025-07-31 09:23:33 AM,46.2,0,0.0,84165375.0
2025-07-31 09:23:34 AM,46.25,0,0.0,84165375.0
2025-07-31 09:23:34 AM,46.25,675,31218.75,84196593.75
2025-07-31 09:23:34 AM,45.95,0,0.0,84196593.75
2025-07-31 09:23:35 AM,46.1,750,34575.0,84231168.75
2025-07-31 09:23:35 AM,46.15,0,0.0,84231168.75
2025-07-31 09:23:35 AM,46.05,0,0.0,84231168.75
2025-07-31 09:23:36 AM,46.3,525,24307.5,84255476.25
2025-07-31 09:23:36 AM,46.35,0,0.0,84255476.25
2025-07-31 09:23:36 AM,46.35,300,13905.0,84269381.25
2025-07-31 09:23:36 AM,46.4,0,0.0,84269381.25
2025-07-31 09:23:37 AM,46.3,0,0.0,84269381.25
2025-07-31 09:23:37 AM,46.3,600,27780.0,84297161.25
2025-07-31 09:23:38 AM,46.2,525,24255.0,84321416.25
2025-07-31 09:23:38 AM,46.4,0,0.0,84321416.25
2025-07-31 09:23:39 AM,45.75,18000,823500.0,85144916.25
2025-07-31 09:23:39 AM,45.65,0,0.0,85144916.25
2025-07-31 09:23:39 AM,45.55,0,0.0,85144916.25
2025-07-31 09:23:40 AM,45.5,450,20475.0,85165391.25
2025-07-31 09:23:40 AM,45.25,0,0.0,85165391.25
2025-07-31 09:23:40 AM,45.3,0,0.0,85165391.25
2025-07-31 09:23:41 AM,45.5,2550,116025.0,85281416.25
2025-07-31 09:23:41 AM,45.45,0,0.0,85281416.25
2025-07-31 09:23:41 AM,45.65,1350,61627.5,85343043.75
2025-07-31 09:23:42 AM,45.65,2175,99288.75,85442332.5
2025-07-31 09:23:43 AM,45.9,1575,72292.5,85514625.0
2025-07-31 09:23:43 AM,46.0,0,0.0,85514625.0
2025-07-31 09:23:43 AM,45.75,0,0.0,85514625.0
2025-07-31 09:23:44 AM,46.2,0,0.0,85514625.0
2025-07-31 09:23:44 AM,46.2,3375,155925.0,85670550.0
2025-07-31 09:23:45 AM,46.2,825,38115.0,85708665.0
2025-07-31 09:23:46 AM,45.9,1800,82620.0,85791285.0
2025-07-31 09:23:46 AM,45.9,2025,92947.5,85884232.5
2025-07-31 09:23:47 AM,45.55,0,0.0,85884232.5
2025-07-31 09:23:47 AM,45.35,1950,88432.5,85972665.0
2025-07-31 09:23:48 AM,45.1,1950,87945.0,86060610.0
2025-07-31 09:23:49 AM,45.4,0,0.0,86060610.0
2025-07-31 09:23:49 AM,45.4,2700,122580.0,86183190.0
2025-07-31 09:23:49 AM,45.45,0,0.0,86183190.0
2025-07-31 09:23:50 AM,45.6,525,23940.0,86207130.0
2025-07-31 09:23:50 AM,45.35,0,0.0,86207130.0
2025-07-31 09:23:51 AM,45.5,2550,116025.0,86323155.0
2025-07-31 09:23:51 AM,45.2,0,0.0,86323155.0
2025-07-31 09:23:51 AM,45.6,8100,369360.0,86692515.0
2025-07-31 09:23:51 AM,45.65,0,0.0,86692515.0
2025-07-31 09:23:52 AM,45.8,0,0.0,86692515.0
2025-07-31 09:23:52 AM,45.8,1650,75570.0,86768085.0
2025-07-31 09:23:53 AM,45.6,900,41040.0,86809125.0
2025-07-31 09:23:53 AM,45.65,0,0.0,86809125.0
2025-07-31 09:23:54 AM,45.85,1950,89407.5,86898532.5
2025-07-31 09:23:54 AM,46.1,0,0.0,86898532.5
2025-07-31 09:23:55 AM,46.1,525,24202.5,86922735.0
2025-07-31 09:23:55 AM,46.2,0,0.0,86922735.0
2025-07-31 09:23:56 AM,46.4,1050,48720.0,86971455.0
2025-07-31 09:23:56 AM,46.2,0,0.0,86971455.0
2025-07-31 09:23:56 AM,46.2,150,6930.0,86978385.0
2025-07-31 09:23:56 AM,46.3,0,0.0,86978385.0
2025-07-31 09:23:57 AM,46.45,0,0.0,86978385.0
2025-07-31 09:23:57 AM,46.45,2325,107996.25,87086381.25
2025-07-31 09:23:58 AM,46.6,0,0.0,87086381.25
2025-07-31 09:23:59 AM,46.8,0,0.0,87086381.25
2025-07-31 09:23:59 AM,46.8,525,24570.0,87110951.25
2025-07-31 09:23:59 AM,46.55,0,0.0,87110951.25
2025-07-31 09:24:00 AM,46.55,375,17456.25,87128407.5
2025-07-31 09:24:00 AM,46.35,0,0.0,87128407.5
2025-07-31 09:24:01 AM,46.45,300,13935.0,87142342.5
2025-07-31 09:24:01 AM,46.8,75,3510.0,87145852.5
2025-07-31 09:24:03 AM,46.55,0,0.0,87145852.5
2025-07-31 09:24:03 AM,46.55,75,3491.25,87149343.75
2025-07-31 09:24:05 AM,46.65,0,0.0,87149343.75
2025-07-31 09:24:06 AM,46.65,975,45483.75,87194827.5
2025-07-31 09:24:06 AM,46.7,225,10507.5,87205335.0
2025-07-31 09:24:06 AM,46.55,0,0.0,87205335.0
2025-07-31 09:24:07 AM,46.45,0,0.0,87205335.0
2025-07-31 09:24:07 AM,46.45,675,31353.750000000004,87236688.75
2025-07-31 09:24:08 AM,46.4,1500,69600.0,87306288.75
2025-07-31 09:24:09 AM,46.35,0,0.0,87306288.75
2025-07-31 09:24:09 AM,46.45,3225,149801.25,87456090.0
2025-07-31 09:24:10 AM,46.25,675,31218.75,87487308.75
2025-07-31 09:24:10 AM,46.0,0,0.0,87487308.75
2025-07-31 09:24:11 AM,46.0,2250,103500.0,87590808.75
2025-07-31 09:24:11 AM,46.25,0,0.0,87590808.75
2025-07-31 09:24:11 AM,46.2,525,24255.0,87615063.75
2025-07-31 09:24:12 AM,46.05,0,0.0,87615063.75
2025-07-31 09:24:12 AM,46.05,525,24176.25,87639240.0
2025-07-31 09:24:13 AM,45.5,825,37537.5,87676777.5
2025-07-31 09:24:14 AM,45.8,0,0.0,87676777.5
2025-07-31 09:24:14 AM,45.85,675,30948.75,87707726.25
2025-07-31 09:24:14 AM,46.0,0,0.0,87707726.25
2025-07-31 09:24:15 AM,45.8,375,17175.0,87724901.25
2025-07-31 09:24:15 AM,45.95,0,0.0,87724901.25
2025-07-31 09:24:15 AM,45.7,0,0.0,87724901.25
2025-07-31 09:24:15 AM,45.75,600,27450.0,87752351.25
2025-07-31 09:24:16 AM,45.7,0,0.0,87752351.25
2025-07-31 09:24:16 AM,46.1,150,6915.0,87759266.25
2025-07-31 09:24:17 AM,45.95,0,0.0,87759266.25
2025-07-31 09:24:17 AM,45.95,375,17231.25,87776497.5
2025-07-31 09:24:18 AM,45.55,225,10248.75,87786746.25
2025-07-31 09:24:18 AM,44.95,0,0.0,87786746.25
2025-07-31 09:24:18 AM,44.8,0,0.0,87786746.25
2025-07-31 09:24:19 AM,44.85,13575,608838.75,88395585.0
2025-07-31 09:24:20 AM,44.8,150,6720.0,88402305.0
2025-07-31 09:24:20 AM,45.0,0,0.0,88402305.0
2025-07-31 09:24:20 AM,44.85,0,0.0,88402305.0
2025-07-31 09:24:20 AM,44.85,450,20182.5,88422487.5
2025-07-31 09:24:21 AM,44.75,3225,144318.75,88566806.25
2025-07-31 09:24:21 AM,44.8,0,0.0,88566806.25
2025-07-31 09:24:22 AM,44.75,0,0.0,88566806.25
2025-07-31 09:24:22 AM,44.6,0,0.0,88566806.25
2025-07-31 09:24:22 AM,44.6,1350,60210.0,88627016.25
2025-07-31 09:24:23 AM,44.7,8850,395595.0,89022611.25
2025-07-31 09:24:24 AM,44.85,1275,57183.75,89079795.0
2025-07-31 09:24:24 AM,44.9,0,0.0,89079795.0
2025-07-31 09:24:25 AM,44.95,1050,47197.5,89126992.5
2025-07-31 09:24:25 AM,44.85,1800,80730.0,89207722.5
2025-07-31 09:24:26 AM,45.45,0,0.0,89207722.5
2025-07-31 09:24:26 AM,45.4,375,17025.0,89224747.5
2025-07-31 09:24:27 AM,45.7,0,0.0,89224747.5
2025-07-31 09:24:27 AM,45.7,150,6855.0,89231602.5
2025-07-31 09:24:28 AM,46.05,1500,69075.0,89300677.5
2025-07-31 09:24:28 AM,46.1,0,0.0,89300677.5
2025-07-31 09:24:29 AM,46.35,750,34762.5,89335440.0
2025-07-31 09:24:29 AM,46.25,0,0.0,89335440.0
2025-07-31 09:24:30 AM,46.35,900,41715.0,89377155.0
2025-07-31 09:24:30 AM,46.25,0,0.0,89377155.0
2025-07-31 09:24:31 AM,46.3,1500,69450.0,89446605.0
2025-07-31 09:24:31 AM,46.35,0,0.0,89446605.0
2025-07-31 09:24:31 AM,46.3,975,45142.5,89491747.5
2025-07-31 09:24:32 AM,46.45,0,0.0,89491747.5
2025-07-31 09:24:32 AM,46.45,2700,125415.00000000001,89617162.5
2025-07-31 09:24:33 AM,46.45,1650,76642.5,89693805.0
2025-07-31 09:24:33 AM,46.65,0,0.0,89693805.0
2025-07-31 09:24:34 AM,46.5,900,41850.0,89735655.0
2025-07-31 09:24:35 AM,46.9,2325,109042.5,89844697.5
2025-07-31 09:24:35 AM,46.7,0,0.0,89844697.5
2025-07-31 09:24:35 AM,46.8,0,0.0,89844697.5
2025-07-31 09:24:36 AM,46.8,750,35100.0,89879797.5
2025-07-31 09:24:36 AM,46.45,0,0.0,89879797.5
2025-07-31 09:24:36 AM,46.45,1575,73158.75,89952956.25
2025-07-31 09:24:37 AM,46.6,0,0.0,89952956.25
2025-07-31 09:24:37 AM,46.4,0,0.0,89952956.25
2025-07-31 09:24:37 AM,46.4,2250,104400.0,90057356.25
2025-07-31 09:24:38 AM,46.25,1125,52031.25,90109387.5
2025-07-31 09:24:38 AM,46.15,0,0.0,90109387.5
2025-07-31 09:24:39 AM,46.0,2100,96600.0,90205987.5
2025-07-31 09:24:39 AM,46.3,0,0.0,90205987.5
2025-07-31 09:24:40 AM,46.3,1200,55560.0,90261547.5
2025-07-31 09:24:40 AM,45.6,0,0.0,90261547.5
2025-07-31 09:24:40 AM,45.35,0,0.0,90261547.5
2025-07-31 09:24:41 AM,45.35,450,20407.5,90281955.0
2025-07-31 09:24:41 AM,45.3,0,0.0,90281955.0
2025-07-31 09:24:41 AM,45.3,3150,142695.0,90424650.0
2025-07-31 09:24:42 AM,45.35,0,0.0,90424650.0
2025-07-31 09:24:42 AM,45.35,825,37413.75,90462063.75
2025-07-31 09:24:43 AM,45.4,0,0.0,90462063.75
2025-07-31 09:24:44 AM,45.45,450,20452.5,90482516.25
2025-07-31 09:24:45 AM,44.95,375,16856.25,90499372.5
2025-07-31 09:24:45 AM,44.85,0,0.0,90499372.5
2025-07-31 09:24:45 AM,44.8,0,0.0,90499372.5
2025-07-31 09:24:46 AM,44.8,1200,53760.0,90553132.5
2025-07-31 09:24:47 AM,45.2,0,0.0,90553132.5
2025-07-31 09:24:47 AM,45.0,0,0.0,90553132.5
2025-07-31 09:24:47 AM,45.0,750,33750.0,90586882.5
2025-07-31 09:24:48 AM,44.75,0,0.0,90586882.5
2025-07-31 09:24:48 AM,44.75,225,10068.75,90596951.25
2025-07-31 09:24:48 AM,44.6,0,0.0,90596951.25
2025-07-31 09:24:49 AM,44.45,825,36671.25,90633622.5
2025-07-31 09:24:49 AM,44.35,0,0.0,90633622.5
2025-07-31 09:24:50 AM,44.35,1875,83156.25,90716778.75
2025-07-31 09:24:50 AM,43.9,0,0.0,90716778.75
2025-07-31 09:24:50 AM,43.85,0,0.0,90716778.75
2025-07-31 09:24:51 AM,43.9,3900,171210.0,90887988.75
2025-07-31 09:24:51 AM,43.9,600,26340.0,90914328.75
2025-07-31 09:24:52 AM,43.75,0,0.0,90914328.75
2025-07-31 09:24:52 AM,43.8,0,0.0,90914328.75
2025-07-31 09:24:52 AM,43.85,450,19732.5,90934061.25
2025-07-31 09:24:53 AM,43.8,0,0.0,90934061.25
2025-07-31 09:24:53 AM,43.8,375,16425.0,90950486.25
2025-07-31 09:24:54 AM,43.75,2025,88593.75,91039080.0
2025-07-31 09:24:54 AM,43.6,0,0.0,91039080.0
2025-07-31 09:24:55 AM,43.6,225,9810.0,91048890.0
2025-07-31 09:24:55 AM,43.7,0,0.0,91048890.0
2025-07-31 09:24:56 AM,43.75,375,16406.25,91065296.25
2025-07-31 09:24:56 AM,43.65,0,0.0,91065296.25
2025-07-31 09:24:56 AM,43.65,3150,137497.5,91202793.75
2025-07-31 09:24:57 AM,43.85,0,0.0,91202793.75
2025-07-31 09:24:57 AM,43.8,0,0.0,91202793.75
2025-07-31 09:24:57 AM,43.8,150,6570.0,91209363.75
2025-07-31 09:24:58 AM,44.2,0,0.0,91209363.75
2025-07-31 09:24:58 AM,44.2,975,43095.0,91252458.75
2025-07-31 09:24:58 AM,44.3,0,0.0,91252458.75
2025-07-31 09:24:59 AM,44.1,450,19845.0,91272303.75
2025-07-31 09:24:59 AM,44.05,0,0.0,91272303.75
2025-07-31 09:24:59 AM,43.95,0,0.0,91272303.75
2025-07-31 09:25:00 AM,44.15,525,23178.75,91295482.5
2025-07-31 09:25:00 AM,43.95,0,0.0,91295482.5
2025-07-31 09:25:01 AM,43.95,150,6592.5,91302075.0
2025-07-31 09:25:01 AM,43.9,0,0.0,91302075.0
2025-07-31 09:25:01 AM,43.9,4500,197550.0,91499625.0
2025-07-31 09:25:02 AM,43.8,0,0.0,91499625.0
2025-07-31 09:25:03 AM,43.65,0,0.0,91499625.0
2025-07-31 09:25:03 AM,43.65,600,26190.0,91525815.0
2025-07-31 09:25:04 AM,43.7,150,6555.0,91532370.0
2025-07-31 09:25:04 AM,43.8,0,0.0,91532370.0
2025-07-31 09:25:05 AM,43.6,3450,150420.0,91682790.0
2025-07-31 09:25:06 AM,43.4,1575,68355.0,91751145.0
2025-07-31 09:25:06 AM,43.75,0,0.0,91751145.0
2025-07-31 09:25:06 AM,43.75,375,16406.25,91767551.25
2025-07-31 09:25:07 AM,43.5,0,0.0,91767551.25
2025-07-31 09:25:07 AM,43.95,0,0.0,91767551.25
2025-07-31 09:25:07 AM,43.9,1200,52680.0,91820231.25
2025-07-31 09:25:08 AM,44.0,0,0.0,91820231.25
2025-07-31 09:25:08 AM,44.0,825,36300.0,91856531.25
2025-07-31 09:25:09 AM,44.05,75,3303.75,91859835.0
2025-07-31 09:25:10 AM,43.9,300,13170.0,91873005.0
2025-07-31 09:25:11 AM,43.8,225,9855.0,91882860.0
2025-07-31 09:25:11 AM,44.2,0,0.0,91882860.0
2025-07-31 09:25:11 AM,44.2,75,3315.0,91886175.0
2025-07-31 09:25:12 AM,44.15,0,0.0,91886175.0
2025-07-31 09:25:12 AM,44.0,0,0.0,91886175.0
2025-07-31 09:25:12 AM,44.0,450,19800.0,91905975.0
2025-07-31 09:25:13 AM,44.3,0,0.0,91905975.0
2025-07-31 09:25:13 AM,44.3,75,3322.5,91909297.5
2025-07-31 09:25:13 AM,44.35,0,0.0,91909297.5
2025-07-31 09:25:14 AM,44.35,75,3326.25,91912623.75
2025-07-31 09:25:14 AM,44.45,0,0.0,91912623.75
2025-07-31 09:25:15 AM,44.4,375,16650.0,91929273.75
2025-07-31 09:25:15 AM,44.7,0,0.0,91929273.75
2025-07-31 09:25:16 AM,44.7,150,6705.0,91935978.75
2025-07-31 09:25:17 AM,44.7,375,16762.5,91952741.25
2025-07-31 09:25:17 AM,45.0,0,0.0,91952741.25
2025-07-31 09:25:18 AM,45.0,375,16875.0,91969616.25
2025-07-31 09:25:18 AM,45.55,0,0.0,91969616.25
2025-07-31 09:25:19 AM,45.7,300,13710.0,91983326.25
2025-07-31 09:25:20 AM,45.45,0,0.0,91983326.25
2025-07-31 09:25:20 AM,45.4,0,0.0,91983326.25
2025-07-31 09:25:21 AM,45.4,2625,119175.0,92102501.25
2025-07-31 09:25:21 AM,45.65,0,0.0,92102501.25
2025-07-31 09:25:21 AM,45.65,1050,47932.5,92150433.75
2025-07-31 09:25:22 AM,46.2,0,0.0,92150433.75
2025-07-31 09:25:22 AM,46.2,2925,135135.0,92285568.75
2025-07-31 09:25:23 AM,46.1,0,0.0,92285568.75
2025-07-31 09:25:23 AM,46.1,600,27660.0,92313228.75
2025-07-31 09:25:23 AM,46.45,0,0.0,92313228.75
2025-07-31 09:25:24 AM,46.8,2025,94770.0,92407998.75
2025-07-31 09:25:24 AM,46.9,0,0.0,92407998.75
2025-07-31 09:25:24 AM,46.8,0,0.0,92407998.75
2025-07-31 09:25:25 AM,47.2,4350,205320.0,92613318.75
2025-07-31 09:25:25 AM,47.0,0,0.0,92613318.75
2025-07-31 09:25:25 AM,46.85,0,0.0,92613318.75
2025-07-31 09:25:26 AM,46.85,4425,207311.25,92820630.0
2025-07-31 09:25:26 AM,46.55,0,0.0,92820630.0
2025-07-31 09:25:26 AM,46.55,75,3491.25,92824121.25
2025-07-31 09:25:27 AM,46.35,0,0.0,92824121.25
2025-07-31 09:25:27 AM,46.35,1050,48667.5,92872788.75
2025-07-31 09:25:27 AM,46.15,0,0.0,92872788.75
2025-07-31 09:25:28 AM,46.15,1650,76147.5,92948936.25
2025-07-31 09:25:28 AM,46.25,0,0.0,92948936.25
2025-07-31 09:25:29 AM,46.25,300,13875.0,92962811.25
2025-07-31 09:25:30 AM,46.85,0,0.0,92962811.25
2025-07-31 09:25:31 AM,46.7,975,45532.5,93008343.75
2025-07-31 09:25:31 AM,46.65,0,0.0,93008343.75
2025-07-31 09:25:31 AM,46.65,300,13995.0,93022338.75
2025-07-31 09:25:32 AM,46.55,225,10473.75,93032812.5
2025-07-31 09:25:33 AM,46.6,0,0.0,93032812.5
2025-07-31 09:25:33 AM,46.6,150,6990.0,93039802.5
2025-07-31 09:25:33 AM,46.25,0,0.0,93039802.5
2025-07-31 09:25:34 AM,46.25,5175,239343.75,93279146.25
2025-07-31 09:25:35 AM,46.2,450,20790.0,93299936.25
2025-07-31 09:25:35 AM,46.35,0,0.0,93299936.25
2025-07-31 09:25:36 AM,46.35,450,20857.5,93320793.75
2025-07-31 09:25:36 AM,46.15,0,0.0,93320793.75
2025-07-31 09:25:36 AM,46.15,75,3461.25,93324255.0
2025-07-31 09:25:37 AM,46.55,0,0.0,93324255.0
2025-07-31 09:25:38 AM,46.45,0,0.0,93324255.0
2025-07-31 09:25:38 AM,46.45,525,24386.25,93348641.25
2025-07-31 09:25:38 AM,46.6,0,0.0,93348641.25
2025-07-31 09:25:39 AM,46.65,450,20992.5,93369633.75
2025-07-31 09:25:40 AM,46.65,225,10496.25,93380130.0
2025-07-31 09:25:40 AM,46.55,0,0.0,93380130.0
2025-07-31 09:25:41 AM,46.55,225,10473.75,93390603.75
2025-07-31 09:25:41 AM,46.6,0,0.0,93390603.75
2025-07-31 09:25:41 AM,46.9,0,0.0,93390603.75
2025-07-31 09:25:41 AM,46.9,300,14070.0,93404673.75
2025-07-31 09:25:42 AM,47.0,0,0.0,93404673.75
2025-07-31 09:25:42 AM,47.0,1350,63450.0,93468123.75
2025-07-31 09:25:43 AM,47.1,0,0.0,93468123.75
2025-07-31 09:25:43 AM,47.1,1725,81247.5,93549371.25
2025-07-31 09:25:43 AM,46.65,0,0.0,93549371.25
2025-07-31 09:25:44 AM,46.8,525,24570.0,93573941.25
2025-07-31 09:25:45 AM,46.95,975,45776.25,93619717.5
2025-07-31 09:25:46 AM,46.95,900,42255.0,93661972.5
2025-07-31 09:25:46 AM,46.8,0,0.0,93661972.5
2025-07-31 09:25:46 AM,46.8,225,10530.0,93672502.5
2025-07-31 09:25:47 AM,46.7,0,0.0,93672502.5
2025-07-31 09:25:47 AM,46.55,1125,52368.75,93724871.25
2025-07-31 09:25:48 AM,46.95,0,0.0,93724871.25
2025-07-31 09:25:48 AM,46.95,4050,190147.5,93915018.75
2025-07-31 09:25:48 AM,46.9,0,0.0,93915018.75
2025-07-31 09:25:49 AM,46.8,975,45630.0,93960648.75
2025-07-31 09:25:49 AM,46.6,0,0.0,93960648.75
2025-07-31 09:25:50 AM,46.75,2850,133237.5,94093886.25
2025-07-31 09:25:50 AM,46.55,0,0.0,94093886.25
2025-07-31 09:25:51 AM,46.55,1050,48877.5,94142763.75
2025-07-31 09:25:51 AM,46.35,0,0.0,94142763.75
2025-07-31 09:25:51 AM,46.3,450,20835.0,94163598.75
2025-07-31 09:25:51 AM,46.1,0,0.0,94163598.75
2025-07-31 09:25:52 AM,45.6,0,0.0,94163598.75
2025-07-31 09:25:52 AM,45.6,525,23940.0,94187538.75
2025-07-31 09:25:53 AM,45.75,0,0.0,94187538.75
2025-07-31 09:25:53 AM,45.75,150,6862.5,94194401.25
2025-07-31 09:25:53 AM,45.7,0,0.0,94194401.25
2025-07-31 09:25:54 AM,45.8,600,27480.0,94221881.25
2025-07-31 09:25:55 AM,45.4,975,44265.0,94266146.25
2025-07-31 09:25:55 AM,45.55,0,0.0,94266146.25
2025-07-31 09:25:56 AM,45.55,300,13665.0,94279811.25
2025-07-31 09:25:56 AM,45.55,75,3416.25,94283227.5
2025-07-31 09:25:57 AM,45.95,0,0.0,94283227.5
2025-07-31 09:25:57 AM,45.95,225,10338.75,94293566.25
2025-07-31 09:25:58 AM,46.6,0,0.0,94293566.25
2025-07-31 09:25:58 AM,46.6,8400,391440.0,94685006.25
2025-07-31 09:25:59 AM,47.0,300,14100.0,94699106.25
2025-07-31 09:26:00 AM,47.15,0,0.0,94699106.25
2025-07-31 09:26:00 AM,47.15,225,10608.75,94709715.0
2025-07-31 09:26:00 AM,46.75,0,0.0,94709715.0
2025-07-31 09:26:01 AM,46.8,1800,84240.0,94793955.0
2025-07-31 09:26:01 AM,46.6,0,0.0,94793955.0
2025-07-31 09:26:01 AM,46.6,75,3495.0,94797450.0
2025-07-31 09:26:02 AM,46.55,3075,143141.25,94940591.25
2025-07-31 09:26:03 AM,46.5,0,0.0,94940591.25
2025-07-31 09:26:03 AM,46.65,1725,80471.25,95021062.5
2025-07-31 09:26:03 AM,46.6,0,0.0,95021062.5
2025-07-31 09:26:04 AM,46.75,1425,66618.75,95087681.25
2025-07-31 09:26:04 AM,46.7,0,0.0,95087681.25
2025-07-31 09:26:05 AM,46.7,1200,56040.0,95143721.25
2025-07-31 09:26:05 AM,46.65,0,0.0,95143721.25
2025-07-31 09:26:06 AM,46.4,1950,90480.0,95234201.25
2025-07-31 09:26:06 AM,46.5,0,0.0,95234201.25
2025-07-31 09:26:06 AM,46.5,975,45337.5,95279538.75
2025-07-31 09:26:07 AM,46.4,0,0.0,95279538.75
2025-07-31 09:26:07 AM,46.25,1125,52031.25,95331570.0
2025-07-31 09:26:08 AM,46.5,0,0.0,95331570.0
2025-07-31 09:26:08 AM,46.5,975,45337.5,95376907.5
2025-07-31 09:26:08 AM,46.55,0,0.0,95376907.5
2025-07-31 09:26:09 AM,46.95,0,0.0,95376907.5
2025-07-31 09:26:09 AM,46.95,450,21127.5,95398035.0
2025-07-31 09:26:09 AM,46.7,0,0.0,95398035.0
2025-07-31 09:26:10 AM,46.6,3825,178245.0,95576280.0
2025-07-31 09:26:10 AM,46.7,0,0.0,95576280.0
2025-07-31 09:26:10 AM,46.85,0,0.0,95576280.0
2025-07-31 09:26:11 AM,46.75,1650,77137.5,95653417.5
2025-07-31 09:26:11 AM,46.95,0,0.0,95653417.5
2025-07-31 09:26:11 AM,46.6,0,0.0,95653417.5
2025-07-31 09:26:11 AM,46.6,525,24465.0,95677882.5
2025-07-31 09:26:12 AM,46.85,0,0.0,95677882.5
2025-07-31 09:26:12 AM,46.85,75,3513.75,95681396.25
2025-07-31 09:26:14 AM,47.0,0,0.0,95681396.25
2025-07-31 09:26:15 AM,47.15,450,21217.5,95702613.75
2025-07-31 09:26:15 AM,47.25,0,0.0,95702613.75
2025-07-31 09:26:16 AM,47.3,450,21285.0,95723898.75
2025-07-31 09:26:17 AM,47.15,0,0.0,95723898.75
2025-07-31 09:26:17 AM,46.8,1050,49140.0,95773038.75
2025-07-31 09:26:18 AM,46.65,0,0.0,95773038.75
2025-07-31 09:26:18 AM,46.8,225,10530.0,95783568.75
2025-07-31 09:26:19 AM,46.85,0,0.0,95783568.75
2025-07-31 09:26:19 AM,46.85,300,14055.0,95797623.75
2025-07-31 09:26:20 AM,46.55,75,3491.25,95801115.0
2025-07-31 09:26:20 AM,46.75,0,0.0,95801115.0
2025-07-31 09:26:20 AM,46.35,0,0.0,95801115.0
2025-07-31 09:26:21 AM,46.4,2250,104400.0,95905515.0
2025-07-31 09:26:21 AM,46.25,0,0.0,95905515.0
2025-07-31 09:26:21 AM,46.25,450,20812.5,95926327.5
2025-07-31 09:26:24 AM,46.5,0,0.0,95926327.5
2025-07-31 09:26:24 AM,46.5,150,6975.0,95933302.5
2025-07-31 09:26:24 AM,46.55,0,0.0,95933302.5
2025-07-31 09:26:25 AM,46.6,150,6990.0,95940292.5
2025-07-31 09:26:25 AM,46.9,0,0.0,95940292.5
2025-07-31 09:26:26 AM,46.6,375,17475.0,95957767.5
2025-07-31 09:26:26 AM,46.75,0,0.0,95957767.5
2025-07-31 09:26:26 AM,46.75,75,3506.25,95961273.75
2025-07-31 09:26:27 AM,46.85,0,0.0,95961273.75
2025-07-31 09:26:27 AM,46.85,225,10541.25,95971815.0
2025-07-31 09:26:28 AM,46.3,300,13890.0,95985705.0
2025-07-31 09:26:29 AM,46.35,0,0.0,95985705.0
2025-07-31 09:26:29 AM,46.35,75,3476.25,95989181.25
2025-07-31 09:26:29 AM,46.4,0,0.0,95989181.25
2025-07-31 09:26:30 AM,46.15,300,13845.0,96003026.25
2025-07-31 09:26:30 AM,46.05,0,0.0,96003026.25
2025-07-31 09:26:31 AM,45.85,1275,58458.75,96061485.0
2025-07-31 09:26:31 AM,45.7,0,0.0,96061485.0
2025-07-31 09:26:31 AM,45.55,0,0.0,96061485.0
2025-07-31 09:26:31 AM,45.45,825,37496.25,96098981.25
2025-07-31 09:26:32 AM,45.5,0,0.0,96098981.25
2025-07-31 09:26:32 AM,45.5,1650,75075.0,96174056.25
2025-07-31 09:26:33 AM,45.5,975,44362.5,96218418.75
2025-07-31 09:26:34 AM,44.85,2475,111003.75,96329422.5
2025-07-31 09:26:34 AM,44.95,0,0.0,96329422.5
2025-07-31 09:26:35 AM,44.9,0,0.0,96329422.5
2025-07-31 09:26:35 AM,44.85,1950,87457.5,96416880.0
2025-07-31 09:26:36 AM,45.1,0,0.0,96416880.0
2025-07-31 09:26:36 AM,45.1,375,16912.5,96433792.5
2025-07-31 09:26:37 AM,45.05,0,0.0,96433792.5
2025-07-31 09:26:37 AM,45.05,375,16893.75,96450686.25
2025-07-31 09:26:38 AM,45.05,150,6757.5,96457443.75
2025-07-31 09:26:39 AM,45.15,0,0.0,96457443.75
2025-07-31 09:26:40 AM,45.15,75,3386.25,96460830.0
2025-07-31 09:26:40 AM,44.85,0,0.0,96460830.0
2025-07-31 09:26:41 AM,44.85,2400,107640.0,96568470.0
2025-07-31 09:26:41 AM,44.8,150,6720.0,96575190.0
2025-07-31 09:26:42 AM,44.5,0,0.0,96575190.0
2025-07-31 09:26:42 AM,44.3,525,23257.5,96598447.5
2025-07-31 09:26:43 AM,44.5,150,6675.0,96605122.5
2025-07-31 09:26:43 AM,44.2,0,0.0,96605122.5
2025-07-31 09:26:44 AM,44.55,0,0.0,96605122.5
2025-07-31 09:26:44 AM,43.9,450,19755.0,96624877.5
2025-07-31 09:26:44 AM,44.1,0,0.0,96624877.5
2025-07-31 09:26:45 AM,44.2,750,33150.0,96658027.5
2025-07-31 09:26:46 AM,43.8,0,0.0,96658027.5
2025-07-31 09:26:46 AM,43.8,150,6570.0,96664597.5
2025-07-31 09:26:47 AM,43.95,0,0.0,96664597.5
2025-07-31 09:26:47 AM,43.95,75,3296.25,96667893.75
2025-07-31 09:26:48 AM,44.15,300,13245.0,96681138.75
2025-07-31 09:26:48 AM,43.95,0,0.0,96681138.75
2025-07-31 09:26:49 AM,43.5,0,0.0,96681138.75
2025-07-31 09:26:49 AM,43.5,1125,48937.5,96730076.25
2025-07-31 09:26:50 AM,43.75,75,3281.25,96733357.5
2025-07-31 09:26:50 AM,43.9,0,0.0,96733357.5
2025-07-31 09:26:51 AM,43.5,1575,68512.5,96801870.0
2025-07-31 09:26:51 AM,43.45,0,0.0,96801870.0
2025-07-31 09:26:51 AM,43.55,1275,55526.25,96857396.25
2025-07-31 09:26:52 AM,43.65,0,0.0,96857396.25
2025-07-31 09:26:52 AM,43.4,0,0.0,96857396.25
2025-07-31 09:26:52 AM,43.4,600,26040.0,96883436.25
2025-07-31 09:26:53 AM,43.75,150,6562.5,96889998.75
2025-07-31 09:26:54 AM,43.8,0,0.0,96889998.75
2025-07-31 09:26:54 AM,43.8,150,6570.0,96896568.75
2025-07-31 09:26:55 AM,44.3,375,16612.5,96913181.25
2025-07-31 09:26:55 AM,44.4,0,0.0,96913181.25
2025-07-31 09:26:56 AM,44.05,1575,69378.75,96982560.0
2025-07-31 09:26:56 AM,43.85,0,0.0,96982560.0
2025-07-31 09:26:56 AM,43.85,1575,69063.75,97051623.75
2025-07-31 09:26:57 AM,43.85,225,9866.25,97061490.0
2025-07-31 09:26:58 AM,43.75,1950,85312.5,97146802.5
2025-07-31 09:26:59 AM,43.55,0,0.0,97146802.5
2025-07-31 09:26:59 AM,43.55,450,19597.5,97166400.0
2025-07-31 09:27:01 AM,43.45,0,0.0,97166400.0
2025-07-31 09:27:01 AM,43.45,525,22811.25,97189211.25
2025-07-31 09:27:02 AM,43.65,0,0.0,97189211.25
2025-07-31 09:27:02 AM,43.65,75,3273.75,97192485.0
2025-07-31 09:27:03 AM,43.55,225,9798.75,97202283.75
2025-07-31 09:27:04 AM,43.8,0,0.0,97202283.75
2025-07-31 09:27:04 AM,44.0,1125,49500.0,97251783.75
2025-07-31 09:27:04 AM,43.95,0,0.0,97251783.75
2025-07-31 09:27:05 AM,43.9,1050,46095.0,97297878.75
2025-07-31 09:27:05 AM,44.05,0,0.0,97297878.75
2025-07-31 09:27:06 AM,43.9,1950,85605.0,97383483.75
2025-07-31 09:27:06 AM,43.6,0,0.0,97383483.75
2025-07-31 09:27:06 AM,43.6,150,6540.0,97390023.75
2025-07-31 09:27:07 AM,43.5,0,0.0,97390023.75
2025-07-31 09:27:07 AM,43.6,0,0.0,97390023.75
2025-07-31 09:27:07 AM,43.6,150,6540.0,97396563.75
2025-07-31 09:27:08 AM,43.3,225,9742.5,97406306.25
2025-07-31 09:27:08 AM,43.25,0,0.0,97406306.25
2025-07-31 09:27:09 AM,43.25,150,6487.5,97412793.75
2025-07-31 09:27:09 AM,43.4,0,0.0,97412793.75
2025-07-31 09:27:10 AM,43.4,150,6510.0,97419303.75
2025-07-31 09:27:10 AM,43.2,0,0.0,97419303.75
2025-07-31 09:27:11 AM,43.15,375,16181.25,97435485.0
2025-07-31 09:27:11 AM,43.45,0,0.0,97435485.0
2025-07-31 09:27:11 AM,43.45,225,9776.25,97445261.25
2025-07-31 09:27:12 AM,43.15,0,0.0,97445261.25
2025-07-31 09:27:12 AM,43.15,1275,55016.25,97500277.5
2025-07-31 09:27:13 AM,43.4,375,16275.0,97516552.5
2025-07-31 09:27:13 AM,43.35,0,0.0,97516552.5
2025-07-31 09:27:14 AM,43.3,0,0.0,97516552.5
2025-07-31 09:27:14 AM,43.2,900,38880.0,97555432.5
2025-07-31 09:27:15 AM,43.4,75,3255.0,97558687.5
2025-07-31 09:27:16 AM,43.5,1725,75037.5,97633725.0
2025-07-31 09:27:16 AM,43.7,150,6555.0,97640280.0
2025-07-31 09:27:16 AM,43.5,0,0.0,97640280.0
2025-07-31 09:27:17 AM,43.7,0,0.0,97640280.0
2025-07-31 09:27:17 AM,43.6,0,0.0,97640280.0
2025-07-31 09:27:17 AM,43.6,4200,183120.0,97823400.0
2025-07-31 09:27:18 AM,44.05,900,39645.0,97863045.0
2025-07-31 09:27:18 AM,43.7,0,0.0,97863045.0
2025-07-31 09:27:19 AM,43.75,1575,68906.25,97931951.25
2025-07-31 09:27:19 AM,43.6,0,0.0,97931951.25
2025-07-31 09:27:20 AM,43.5,900,39150.0,97971101.25
2025-07-31 09:27:20 AM,43.4,0,0.0,97971101.25
2025-07-31 09:27:21 AM,43.3,0,0.0,97971101.25
2025-07-31 09:27:21 AM,43.3,900,38970.0,98010071.25
2025-07-31 09:27:21 AM,43.55,0,0.0,98010071.25
2025-07-31 09:27:22 AM,43.45,0,0.0,98010071.25
2025-07-31 09:27:22 AM,43.45,1200,52140.0,98062211.25
2025-07-31 09:27:23 AM,43.35,0,0.0,98062211.25
2025-07-31 09:27:24 AM,43.55,0,0.0,98062211.25
2025-07-31 09:27:24 AM,43.55,750,32662.499999999996,98094873.75
2025-07-31 09:27:24 AM,43.4,0,0.0,98094873.75
2025-07-31 09:27:25 AM,43.2,1050,45360.0,98140233.75
2025-07-31 09:27:25 AM,43.35,0,0.0,98140233.75
2025-07-31 09:27:25 AM,43.3,0,0.0,98140233.75
2025-07-31 09:27:26 AM,43.2,2550,110160.0,98250393.75
2025-07-31 09:27:26 AM,43.25,0,0.0,98250393.75
2025-07-31 09:27:26 AM,43.25,300,12975.0,98263368.75
2025-07-31 09:27:27 AM,43.2,0,0.0,98263368.75
2025-07-31 09:27:27 AM,43.2,825,35640.0,98299008.75
2025-07-31 09:27:28 AM,43.1,1725,74347.5,98373356.25
2025-07-31 09:27:28 AM,43.0,0,0.0,98373356.25
2025-07-31 09:27:29 AM,43.15,0,0.0,98373356.25
2025-07-31 09:27:29 AM,43.15,300,12945.0,98386301.25
2025-07-31 09:27:29 AM,43.35,0,0.0,98386301.25
2025-07-31 09:27:30 AM,43.3,750,32474.999999999996,98418776.25
2025-07-31 09:27:30 AM,43.1,0,0.0,98418776.25
2025-07-31 09:27:30 AM,43.15,0,0.0,98418776.25
2025-07-31 09:27:31 AM,43.0,825,35475.0,98454251.25
2025-07-31 09:27:31 AM,43.2,0,0.0,98454251.25
2025-07-31 09:27:31 AM,42.95,300,12885.0,98467136.25
2025-07-31 09:27:32 AM,43.05,0,0.0,98467136.25
2025-07-31 09:27:32 AM,43.05,900,38745.0,98505881.25
2025-07-31 09:27:33 AM,43.4,825,35805.0,98541686.25
2025-07-31 09:27:34 AM,43.2,0,0.0,98541686.25
2025-07-31 09:27:34 AM,43.2,1500,64800.00000000001,98606486.25
2025-07-31 09:27:35 AM,43.35,600,26010.0,98632496.25
2025-07-31 09:27:36 AM,43.9,0,0.0,98632496.25
2025-07-31 09:27:36 AM,43.75,375,16406.25,98648902.5
2025-07-31 09:27:36 AM,43.55,450,19597.5,98668500.0
2025-07-31 09:27:36 AM,43.6,0,0.0,98668500.0
2025-07-31 09:27:37 AM,43.6,2550,111180.0,98779680.0
2025-07-31 09:27:38 AM,43.65,1350,58927.5,98838607.5
2025-07-31 09:27:38 AM,43.8,0,0.0,98838607.5
2025-07-31 09:27:38 AM,43.85,0,0.0,98838607.5
2025-07-31 09:27:39 AM,44.1,0,0.0,98838607.5
2025-07-31 09:27:39 AM,44.1,825,36382.5,98874990.0
2025-07-31 09:27:40 AM,44.05,0,0.0,98874990.0
2025-07-31 09:27:41 AM,44.6,1575,70245.0,98945235.0
2025-07-31 09:27:41 AM,44.85,0,0.0,98945235.0
2025-07-31 09:27:41 AM,44.85,600,26910.0,98972145.0
2025-07-31 09:27:42 AM,45.2,0,0.0,98972145.0
2025-07-31 09:27:42 AM,45.1,0,0.0,98972145.0
2025-07-31 09:27:42 AM,45.1,26175,1180492.5,100152637.5
2025-07-31 09:27:43 AM,44.75,375,16781.25,100169418.75
2025-07-31 09:27:43 AM,44.85,0,0.0,100169418.75
2025-07-31 09:27:44 AM,45.0,0,0.0,100169418.75
2025-07-31 09:27:44 AM,45.0,150,6750.0,100176168.75
2025-07-31 09:27:44 AM,44.85,0,0.0,100176168.75
2025-07-31 09:27:45 AM,44.55,450,20047.5,100196216.25
2025-07-31 09:27:47 AM,44.35,0,0.0,100196216.25
2025-07-31 09:27:47 AM,44.3,0,0.0,100196216.25
2025-07-31 09:27:47 AM,44.4,0,0.0,100196216.25
2025-07-31 09:27:47 AM,44.4,750,33300.0,100229516.25
2025-07-31 09:27:48 AM,44.45,75,3333.75,100232850.0
2025-07-31 09:27:48 AM,44.5,0,0.0,100232850.0
2025-07-31 09:27:49 AM,44.1,150,6615.0,100239465.0
2025-07-31 09:27:50 AM,44.25,300,13275.0,100252740.0
2025-07-31 09:27:50 AM,44.15,0,0.0,100252740.0
2025-07-31 09:27:51 AM,43.95,1050,46147.5,100298887.5
2025-07-31 09:27:51 AM,43.8,375,16425.0,100315312.5
2025-07-31 09:27:52 AM,43.85,0,0.0,100315312.5
2025-07-31 09:27:52 AM,43.85,525,23021.25,100338333.75
2025-07-31 09:27:55 AM,43.7,0,0.0,100338333.75
2025-07-31 09:27:55 AM,43.7,75,3277.5,100341611.25
2025-07-31 09:27:55 AM,43.9,0,0.0,100341611.25
2025-07-31 09:27:56 AM,43.7,300,13110.0,100354721.25
2025-07-31 09:27:56 AM,43.6,75,3270.0,100357991.25
2025-07-31 09:27:57 AM,43.4,0,0.0,100357991.25
2025-07-31 09:27:57 AM,43.4,75,3255.0,100361246.25
2025-07-31 09:27:58 AM,43.65,150,6547.5,100367793.75
2025-07-31 09:27:58 AM,44.1,0,0.0,100367793.75
2025-07-31 09:27:59 AM,43.8,0,0.0,100367793.75
2025-07-31 09:27:59 AM,43.9,750,32925.0,100400718.75
2025-07-31 09:28:00 AM,43.8,0,0.0,100400718.75
2025-07-31 09:28:01 AM,43.8,75,3285.0,100404003.75
2025-07-31 09:28:01 AM,43.7,0,0.0,100404003.75
2025-07-31 09:28:01 AM,43.8,225,9855.0,100413858.75
2025-07-31 09:28:02 AM,43.7,0,0.0,100413858.75
2025-07-31 09:28:02 AM,43.7,75,3277.5,100417136.25
2025-07-31 09:28:03 AM,44.0,450,19800.0,100436936.25
2025-07-31 09:28:04 AM,43.85,0,0.0,100436936.25
2025-07-31 09:28:04 AM,43.85,525,23021.25,100459957.5
2025-07-31 09:28:05 AM,44.3,450,19935.0,100479892.5
2025-07-31 09:28:05 AM,44.05,0,0.0,100479892.5
2025-07-31 09:28:06 AM,44.05,300,13215.0,100493107.5
2025-07-31 09:28:07 AM,44.15,0,0.0,100493107.5
2025-07-31 09:28:07 AM,44.0,0,0.0,100493107.5
2025-07-31 09:28:07 AM,44.0,3300,145200.0,100638307.5
2025-07-31 09:28:08 AM,44.3,150,6645.0,100644952.5
2025-07-31 09:28:09 AM,44.45,0,0.0,100644952.5
2025-07-31 09:28:09 AM,44.45,2475,110013.75,100754966.25
2025-07-31 09:28:10 AM,44.3,0,0.0,100754966.25
2025-07-31 09:28:11 AM,44.65,1950,87067.5,100842033.75
2025-07-31 09:28:11 AM,44.8,0,0.0,100842033.75
2025-07-31 09:28:11 AM,44.8,150,6720.0,100848753.75
2025-07-31 09:28:12 AM,44.6,0,0.0,100848753.75
2025-07-31 09:28:12 AM,44.6,1500,66900.0,100915653.75
2025-07-31 09:28:13 AM,44.6,75,3345.0,100918998.75
2025-07-31 09:28:14 AM,44.45,0,0.0,100918998.75
2025-07-31 09:28:14 AM,44.45,675,30003.750000000004,100949002.5
2025-07-31 09:28:15 AM,44.15,225,9933.75,100958936.25
2025-07-31 09:28:16 AM,44.2,150,6630.0,100965566.25
2025-07-31 09:28:17 AM,44.35,0,0.0,100965566.25
2025-07-31 09:28:17 AM,44.45,150,6667.5,100972233.75
2025-07-31 09:28:18 AM,44.65,825,36836.25,101009070.0
2025-07-31 09:28:18 AM,44.6,0,0.0,101009070.0
2025-07-31 09:28:19 AM,44.65,0,0.0,101009070.0
2025-07-31 09:28:19 AM,44.75,0,0.0,101009070.0
2025-07-31 09:28:19 AM,44.75,1800,80550.0,101089620.0
2025-07-31 09:28:20 AM,44.65,1500,66975.0,101156595.0
2025-07-31 09:28:20 AM,44.3,0,0.0,101156595.0
2025-07-31 09:28:21 AM,44.25,4650,205762.5,101362357.5
2025-07-31 09:28:21 AM,44.3,0,0.0,101362357.5
2025-07-31 09:28:21 AM,44.4,1725,76590.0,101438947.5
2025-07-31 09:28:22 AM,44.45,0,0.0,101438947.5
2025-07-31 09:28:22 AM,44.35,150,6652.5,101445600.0
2025-07-31 09:28:23 AM,44.4,225,9990.0,101455590.0
2025-07-31 09:28:24 AM,44.25,0,0.0,101455590.0
2025-07-31 09:28:24 AM,44.25,75,3318.75,101458908.75
2025-07-31 09:28:25 AM,44.35,0,0.0,101458908.75
2025-07-31 09:28:25 AM,44.2,0,0.0,101458908.75
2025-07-31 09:28:26 AM,44.2,375,16575.0,101475483.75
2025-07-31 09:28:27 AM,44.3,0,0.0,101475483.75
2025-07-31 09:28:27 AM,44.15,0,0.0,101475483.75
2025-07-31 09:28:27 AM,44.15,1125,49668.75,101525152.5
2025-07-31 09:28:28 AM,44.15,225,9933.75,101535086.25
2025-07-31 09:28:29 AM,43.9,0,0.0,101535086.25
2025-07-31 09:28:29 AM,43.9,300,13170.0,101548256.25
2025-07-31 09:28:30 AM,43.9,150,6585.0,101554841.25
2025-07-31 09:28:30 AM,43.75,0,0.0,101554841.25
2025-07-31 09:28:31 AM,43.55,975,42461.25,101597302.5
2025-07-31 09:28:31 AM,43.55,75,3266.25,101600568.75
2025-07-31 09:28:31 AM,43.6,0,0.0,101600568.75
2025-07-31 09:28:32 AM,43.65,0,0.0,101600568.75
2025-07-31 09:28:33 AM,43.95,375,16481.25,101617050.0
2025-07-31 09:28:34 AM,43.95,75,3296.25,101620346.25
2025-07-31 09:28:35 AM,44.1,150,6615.0,101626961.25
2025-07-31 09:28:36 AM,43.95,150,6592.5,101633553.75
2025-07-31 09:28:36 AM,43.8,0,0.0,101633553.75
2025-07-31 09:28:36 AM,43.8,300,13140.0,101646693.75
2025-07-31 09:28:37 AM,43.5,0,0.0,101646693.75
2025-07-31 09:28:37 AM,43.55,0,0.0,101646693.75
2025-07-31 09:28:38 AM,43.55,450,19597.5,101666291.25
2025-07-31 09:28:38 AM,43.85,0,0.0,101666291.25
2025-07-31 09:28:38 AM,43.85,1050,46042.5,101712333.75
2025-07-31 09:28:38 AM,44.0,0,0.0,101712333.75
2025-07-31 09:28:39 AM,43.9,0,0.0,101712333.75
2025-07-31 09:28:39 AM,44.05,675,29733.749999999996,101742067.5
2025-07-31 09:28:40 AM,44.15,0,0.0,101742067.5
2025-07-31 09:28:41 AM,44.15,75,3311.25,101745378.75
2025-07-31 09:28:41 AM,43.95,0,0.0,101745378.75
2025-07-31 09:28:41 AM,43.95,150,6592.5,101751971.25
2025-07-31 09:28:42 AM,43.8,0,0.0,101751971.25
2025-07-31 09:28:42 AM,43.95,0,0.0,101751971.25
2025-07-31 09:28:43 AM,43.95,300,13185.0,101765156.25
2025-07-31 09:28:43 AM,44.1,0,0.0,101765156.25
2025-07-31 09:28:43 AM,44.1,375,16537.5,101781693.75
2025-07-31 09:28:44 AM,44.05,0,0.0,101781693.75
2025-07-31 09:28:44 AM,44.1,150,6615.0,101788308.75
2025-07-31 09:28:45 AM,44.0,75,3300.0,101791608.75
2025-07-31 09:28:45 AM,44.05,0,0.0,101791608.75
2025-07-31 09:28:46 AM,44.05,150,6607.5,101798216.25
2025-07-31 09:28:46 AM,44.0,0,0.0,101798216.25
2025-07-31 09:28:46 AM,43.9,525,23047.5,101821263.75
2025-07-31 09:28:47 AM,44.25,0,0.0,101821263.75
2025-07-31 09:28:47 AM,44.15,0,0.0,101821263.75
2025-07-31 09:28:48 AM,44.15,450,19867.5,101841131.25
2025-07-31 09:28:48 AM,44.1,0,0.0,101841131.25
2025-07-31 09:28:48 AM,44.1,75,3307.5,101844438.75
2025-07-31 09:28:51 AM,44.35,0,0.0,101844438.75
2025-07-31 09:28:51 AM,44.35,75,3326.25,101847765.0
2025-07-31 09:28:51 AM,44.65,0,0.0,101847765.0
2025-07-31 09:28:51 AM,44.6,825,36795.0,101884560.0
2025-07-31 09:28:52 AM,44.7,0,0.0,101884560.0
2025-07-31 09:28:53 AM,44.75,525,23493.75,101908053.75
2025-07-31 09:28:54 AM,44.15,75,3311.25,101911365.0
2025-07-31 09:28:55 AM,44.15,2100,92715.0,102004080.0
2025-07-31 09:28:55 AM,44.1,0,0.0,102004080.0
2025-07-31 09:28:56 AM,44.1,150,6615.0,102010695.0
2025-07-31 09:28:58 AM,44.2,0,0.0,102010695.0
2025-07-31 09:28:58 AM,44.2,75,3315.0,102014010.0
2025-07-31 09:28:59 AM,44.15,0,0.0,102014010.0
2025-07-31 09:28:59 AM,44.25,0,0.0,102014010.0
2025-07-31 09:28:59 AM,44.25,375,16593.75,102030603.75
2025-07-31 09:29:00 AM,44.3,375,16612.5,102047216.25
2025-07-31 09:29:00 AM,44.2,0,0.0,102047216.25
2025-07-31 09:29:01 AM,44.05,225,9911.25,102057127.5
2025-07-31 09:29:02 AM,43.65,0,0.0,102057127.5
2025-07-31 09:29:03 AM,43.45,675,29328.750000000004,102086456.25
2025-07-31 09:29:03 AM,43.6,450,19620.0,102106076.25
2025-07-31 09:29:03 AM,43.75,0,0.0,102106076.25
2025-07-31 09:29:04 AM,43.7,0,0.0,102106076.25
2025-07-31 09:29:04 AM,43.7,675,29497.500000000004,102135573.75
2025-07-31 09:29:05 AM,43.95,225,9888.75,102145462.5
2025-07-31 09:29:05 AM,44.25,0,0.0,102145462.5
2025-07-31 09:29:05 AM,44.3,0,0.0,102145462.5
2025-07-31 09:29:06 AM,44.3,225,9967.5,102155430.0
2025-07-31 09:29:06 AM,43.95,0,0.0,102155430.0
2025-07-31 09:29:06 AM,43.95,75,3296.25,102158726.25
2025-07-31 09:29:08 AM,43.95,75,3296.25,102162022.5
2025-07-31 09:29:08 AM,44.05,0,0.0,102162022.5
2025-07-31 09:29:08 AM,44.05,450,19822.5,102181845.0
2025-07-31 09:29:09 AM,44.0,0,0.0,102181845.0
2025-07-31 09:29:09 AM,44.0,450,19800.0,102201645.0
2025-07-31 09:29:11 AM,44.05,375,16518.75,102218163.75
2025-07-31 09:29:11 AM,44.5,0,0.0,102218163.75
2025-07-31 09:29:11 AM,44.5,1800,80100.0,102298263.75
2025-07-31 09:29:12 AM,44.85,0,0.0,102298263.75
2025-07-31 09:29:12 AM,44.8,0,0.0,102298263.75
2025-07-31 09:29:13 AM,44.8,1050,47040.0,102345303.75
2025-07-31 09:29:13 AM,44.6,0,0.0,102345303.75
2025-07-31 09:29:14 AM,44.6,300,13380.0,102358683.75
2025-07-31 09:29:15 AM,44.3,0,0.0,102358683.75
2025-07-31 09:29:15 AM,44.3,3075,136222.5,102494906.25
2025-07-31 09:29:15 AM,44.35,0,0.0,102494906.25
2025-07-31 09:29:15 AM,44.25,0,0.0,102494906.25
2025-07-31 09:29:16 AM,44.25,300,13275.0,102508181.25
2025-07-31 09:29:16 AM,44.25,75,3318.75,102511500.0
2025-07-31 09:29:18 AM,44.55,75,3341.25,102514841.25
2025-07-31 09:29:18 AM,44.3,150,6645.0,102521486.25
2025-07-31 09:29:19 AM,44.1,0,0.0,102521486.25
2025-07-31 09:29:19 AM,44.1,75,3307.5,102524793.75
2025-07-31 09:29:22 AM,44.25,0,0.0,102524793.75
2025-07-31 09:29:22 AM,44.55,0,0.0,102524793.75
2025-07-31 09:29:23 AM,44.5,3825,170212.5,102695006.25
2025-07-31 09:29:23 AM,44.35,0,0.0,102695006.25
2025-07-31 09:29:24 AM,44.55,0,0.0,102695006.25
2025-07-31 09:29:24 AM,44.55,1125,50118.75,102745125.0
2025-07-31 09:29:24 AM,44.05,0,0.0,102745125.0
2025-07-31 09:29:25 AM,44.5,3750,166875.0,102912000.0
2025-07-31 09:29:25 AM,44.55,0,0.0,102912000.0
2025-07-31 09:29:25 AM,44.45,0,0.0,102912000.0
2025-07-31 09:29:26 AM,44.5,450,20025.0,102932025.0
2025-07-31 09:29:26 AM,44.45,0,0.0,102932025.0
2025-07-31 09:29:26 AM,44.35,450,19957.5,102951982.5
2025-07-31 09:29:27 AM,44.1,0,0.0,102951982.5
2025-07-31 09:29:28 AM,44.3,150,6645.0,102958627.5
2025-07-31 09:29:29 AM,44.2,0,0.0,102958627.5
2025-07-31 09:29:29 AM,44.2,1050,46410.0,103005037.5
2025-07-31 09:29:30 AM,44.0,0,0.0,103005037.5
2025-07-31 09:29:31 AM,43.9,375,16462.5,103021500.0
2025-07-31 09:29:33 AM,43.9,150,6585.0,103028085.0
2025-07-31 09:29:33 AM,43.95,150,6592.5,103034677.5
2025-07-31 09:29:34 AM,43.9,0,0.0,103034677.5
2025-07-31 09:29:34 AM,43.9,1950,85605.0,103120282.5
2025-07-31 09:29:35 AM,43.7,75,3277.5,103123560.0
2025-07-31 09:29:36 AM,43.8,0,0.0,103123560.0
2025-07-31 09:29:36 AM,43.8,600,26280.0,103149840.0
2025-07-31 09:29:38 AM,43.8,75,3285.0,103153125.0
2025-07-31 09:29:38 AM,43.7,0,0.0,103153125.0
2025-07-31 09:29:39 AM,44.1,0,0.0,103153125.0
2025-07-31 09:29:39 AM,44.1,2400,105840.0,103258965.0
2025-07-31 09:29:40 AM,43.95,0,0.0,103258965.0
2025-07-31 09:29:41 AM,43.95,150,6592.5,103265557.5
2025-07-31 09:29:42 AM,43.85,0,0.0,103265557.5
2025-07-31 09:29:43 AM,43.85,3075,134838.75,103400396.25
2025-07-31 09:29:43 AM,44.15,75,3311.25,103403707.5
2025-07-31 09:29:44 AM,44.3,0,0.0,103403707.5
2025-07-31 09:29:44 AM,44.3,150,6645.0,103410352.5
2025-07-31 09:29:45 AM,44.3,75,3322.5,103413675.0
2025-07-31 09:29:46 AM,44.3,75,3322.5,103416997.5
2025-07-31 09:29:46 AM,44.25,75,3318.75,103420316.25
2025-07-31 09:29:47 AM,44.5,0,0.0,103420316.25
2025-07-31 09:29:48 AM,44.5,900,40050.0,103460366.25
2025-07-31 09:29:48 AM,44.5,3300,146850.0,103607216.25
2025-07-31 09:29:49 AM,44.85,0,0.0,103607216.25
2025-07-31 09:29:49 AM,44.85,4575,205188.75,103812405.0
2025-07-31 09:29:49 AM,44.8,0,0.0,103812405.0
2025-07-31 09:29:50 AM,44.8,150,6720.0,103819125.0
2025-07-31 09:29:51 AM,44.8,75,3360.0,103822485.0
2025-07-31 09:29:53 AM,45.1,0,0.0,103822485.0
2025-07-31 09:29:53 AM,45.1,150,6765.0,103829250.0
2025-07-31 09:29:54 AM,45.15,0,0.0,103829250.0
2025-07-31 09:29:54 AM,45.15,225,10158.75,103839408.75
2025-07-31 09:29:54 AM,45.2,0,0.0,103839408.75
2025-07-31 09:29:55 AM,45.1,450,20295.0,103859703.75
2025-07-31 09:29:55 AM,44.8,0,0.0,103859703.75
2025-07-31 09:29:56 AM,44.8,75,3360.0,103863063.75
2025-07-31 09:29:57 AM,44.75,0,0.0,103863063.75
2025-07-31 09:29:58 AM,44.75,75,3356.25,103866420.0
2025-07-31 09:29:59 AM,45.0,0,0.0,103866420.0
2025-07-31 09:29:59 AM,45.4,0,0.0,103866420.0
2025-07-31 09:29:59 AM,45.4,375,17025.0,103883445.0
2025-07-31 09:30:02 AM,45.7,0,0.0,103883445.0
2025-07-31 09:30:02 AM,45.75,0,0.0,103883445.0
2025-07-31 09:30:03 AM,45.75,525,24018.75,103907463.75
2025-07-31 09:30:03 AM,45.85,0,0.0,103907463.75
2025-07-31 09:30:03 AM,45.85,300,13755.0,103921218.75
2025-07-31 09:30:04 AM,46.0,0,0.0,103921218.75
2025-07-31 09:30:04 AM,46.0,75,3450.0,103924668.75
2025-07-31 09:30:04 AM,46.35,0,0.0,103924668.75
2025-07-31 09:30:05 AM,46.35,75,3476.25,103928145.0
2025-07-31 09:30:05 AM,46.25,0,0.0,103928145.0
2025-07-31 09:30:06 AM,46.5,450,20925.0,103949070.0
2025-07-31 09:30:06 AM,46.8,750,35100.0,103984170.0
2025-07-31 09:30:07 AM,46.5,0,0.0,103984170.0
2025-07-31 09:30:07 AM,46.2,0,0.0,103984170.0
2025-07-31 09:30:08 AM,46.15,900,41535.0,104025705.0
2025-07-31 09:30:09 AM,46.1,0,0.0,104025705.0
2025-07-31 09:30:09 AM,46.1,75,3457.5,104029162.5
2025-07-31 09:30:09 AM,46.4,0,0.0,104029162.5
2025-07-31 09:30:10 AM,46.4,525,24360.0,104053522.5
2025-07-31 09:30:11 AM,46.1,0,0.0,104053522.5
2025-07-31 09:30:11 AM,46.1,75,3457.5,104056980.0
2025-07-31 09:30:11 AM,46.25,0,0.0,104056980.0
2025-07-31 09:30:12 AM,46.25,75,3468.75,104060448.75
2025-07-31 09:30:13 AM,46.55,0,0.0,104060448.75
