date,price,qty,trnvr,cum_trnvr
2025-07-31 09:15:34 AM,418.3,75,31372.5,31372.5
2025-07-31 09:15:52 AM,419.0,0,0.0,31372.5
2025-07-31 09:15:52 AM,419.0,75,31425.0,62797.5
2025-07-31 09:16:29 AM,402.45,0,0.0,62797.5
2025-07-31 09:16:29 AM,402.45,75,30183.75,92981.25
2025-07-31 09:16:33 AM,402.9,0,0.0,92981.25
2025-07-31 09:16:34 AM,407.65,525,214016.25,306997.5
2025-07-31 09:16:50 AM,397.75,0,0.0,306997.5
2025-07-31 09:16:50 AM,397.35,0,0.0,306997.5
2025-07-31 09:16:51 AM,397.35,900,357615.0,664612.5
2025-07-31 09:16:53 AM,397.55,0,0.0,664612.5
2025-07-31 09:16:54 AM,397.55,75,29816.25,694428.75
2025-07-31 09:17:01 AM,396.0,0,0.0,694428.75
2025-07-31 09:17:01 AM,396.0,75,29700.0,724128.75
2025-07-31 09:17:15 AM,384.35,0,0.0,724128.75
2025-07-31 09:17:16 AM,384.35,150,57652.5,781781.25
2025-07-31 09:17:16 AM,384.85,0,0.0,781781.25
2025-07-31 09:17:16 AM,383.95,0,0.0,781781.25
2025-07-31 09:17:17 AM,383.95,150,57592.5,839373.75
2025-07-31 09:17:18 AM,387.45,0,0.0,839373.75
2025-07-31 09:17:19 AM,387.45,75,29058.75,868432.5
2025-07-31 09:18:06 AM,399.85,0,0.0,868432.5
2025-07-31 09:18:06 AM,401.5,0,0.0,868432.5
2025-07-31 09:18:06 AM,404.55,0,0.0,868432.5
2025-07-31 09:18:07 AM,408.1,0,0.0,868432.5
2025-07-31 09:18:07 AM,408.0,3600,1468800.0,2337232.5
2025-07-31 09:18:08 AM,407.1,0,0.0,2337232.5
2025-07-31 09:18:08 AM,409.25,0,0.0,2337232.5
2025-07-31 09:18:09 AM,409.35,0,0.0,2337232.5
2025-07-31 09:18:09 AM,409.75,450,184387.5,2521620.0
2025-07-31 09:18:14 AM,409.0,0,0.0,2521620.0
2025-07-31 09:18:14 AM,409.0,75,30675.0,2552295.0
2025-07-31 09:18:16 AM,408.55,0,0.0,2552295.0
2025-07-31 09:18:16 AM,407.95,0,0.0,2552295.0
2025-07-31 09:18:17 AM,407.95,150,61192.5,2613487.5
2025-07-31 09:18:34 AM,402.2,0,0.0,2613487.5
2025-07-31 09:18:35 AM,402.2,75,30165.0,2643652.5
2025-07-31 09:18:37 AM,398.85,0,0.0,2643652.5
2025-07-31 09:18:39 AM,398.85,75,29913.75,2673566.25
2025-07-31 09:19:02 AM,403.3,0,0.0,2673566.25
2025-07-31 09:19:02 AM,403.3,75,30247.5,2703813.75
2025-07-31 09:19:14 AM,407.6,0,0.0,2703813.75
2025-07-31 09:19:15 AM,407.6,750,305700.0,3009513.75
2025-07-31 09:19:27 AM,404.75,0,0.0,3009513.75
2025-07-31 09:19:28 AM,404.75,75,30356.25,3039870.0
2025-07-31 09:19:31 AM,405.0,0,0.0,3039870.0
2025-07-31 09:19:32 AM,405.0,75,30375.0,3070245.0
2025-07-31 09:19:40 AM,408.75,0,0.0,3070245.0
2025-07-31 09:19:40 AM,408.75,75,30656.25,3100901.25
2025-07-31 09:20:44 AM,434.3,0,0.0,3100901.25
2025-07-31 09:20:45 AM,434.3,75,32572.5,3133473.75
2025-07-31 09:20:53 AM,439.0,0,0.0,3133473.75
2025-07-31 09:20:53 AM,437.25,300,131175.0,3264648.75
2025-07-31 09:21:16 AM,429.1,0,0.0,3264648.75
2025-07-31 09:21:17 AM,429.1,225,96547.5,3361196.25
2025-07-31 09:22:00 AM,433.8,0,0.0,3361196.25
2025-07-31 09:22:00 AM,433.8,75,32535.0,3393731.25
2025-07-31 09:22:10 AM,428.0,0,0.0,3393731.25
2025-07-31 09:22:10 AM,428.0,75,32100.0,3425831.25
2025-07-31 09:22:11 AM,427.4,0,0.0,3425831.25
2025-07-31 09:22:12 AM,427.4,150,64110.0,3489941.25
2025-07-31 09:22:22 AM,421.45,0,0.0,3489941.25
2025-07-31 09:22:22 AM,421.45,300,126435.0,3616376.25
2025-07-31 09:22:31 AM,423.9,0,0.0,3616376.25
2025-07-31 09:22:32 AM,422.0,0,0.0,3616376.25
2025-07-31 09:22:32 AM,422.0,600,253200.0,3869576.25
2025-07-31 09:22:54 AM,433.65,0,0.0,3869576.25
2025-07-31 09:22:54 AM,433.65,750,325237.5,4194813.75
2025-07-31 09:23:10 AM,440.6,0,0.0,4194813.75
2025-07-31 09:23:11 AM,440.6,75,33045.0,4227858.75
2025-07-31 09:23:24 AM,440.0,0,0.0,4227858.75
2025-07-31 09:23:25 AM,440.0,75,33000.0,4260858.75
2025-07-31 09:23:31 AM,441.05,0,0.0,4260858.75
2025-07-31 09:23:32 AM,441.05,150,66157.5,4327016.25
2025-07-31 09:23:39 AM,437.85,0,0.0,4327016.25
2025-07-31 09:23:39 AM,437.85,2850,1247872.5,5574888.75
2025-07-31 09:24:06 AM,431.9,0,0.0,5574888.75
2025-07-31 09:24:07 AM,431.9,75,32392.5,5607281.25
2025-07-31 09:24:08 AM,431.7,0,0.0,5607281.25
2025-07-31 09:24:09 AM,431.7,75,32377.5,5639658.75
2025-07-31 09:24:18 AM,434.25,0,0.0,5639658.75
2025-07-31 09:24:19 AM,434.25,2625,1139906.25,6779565.0
2025-07-31 09:24:20 AM,432.55,0,0.0,6779565.0
2025-07-31 09:24:20 AM,432.55,75,32441.25,6812006.25
2025-07-31 09:24:30 AM,427.7,75,32077.5,6844083.75
2025-07-31 09:26:11 AM,419.45,0,0.0,6844083.75
2025-07-31 09:26:12 AM,419.45,75,31458.75,6875542.5
2025-07-31 09:27:41 AM,435.0,0,0.0,6875542.5
2025-07-31 09:27:41 AM,435.0,225,97875.0,6973417.5
2025-07-31 09:27:52 AM,439.25,0,0.0,6973417.5
2025-07-31 09:27:52 AM,439.25,75,32943.75,7006361.25
2025-07-31 09:28:00 AM,439.4,0,0.0,7006361.25
2025-07-31 09:28:01 AM,439.4,300,131820.0,7138181.25
2025-07-31 09:30:10 AM,423.0,0,0.0,7138181.25
2025-07-31 09:30:11 AM,423.0,225,95175.0,7233356.25
2025-07-31 09:30:12 AM,421.0,0,0.0,7233356.25
2025-07-31 09:30:12 AM,422.15,0,0.0,7233356.25
2025-07-31 09:30:13 AM,422.15,975,411596.25,7644952.5
2025-07-31 09:30:24 AM,420.8,0,0.0,7644952.5
2025-07-31 09:30:24 AM,420.8,75,31560.0,7676512.5
2025-07-31 09:30:26 AM,420.5,0,0.0,7676512.5
2025-07-31 09:30:26 AM,420.5,225,94612.5,7771125.0
2025-07-31 09:30:43 AM,421.7,0,0.0,7771125.0
2025-07-31 09:30:44 AM,422.0,0,0.0,7771125.0
2025-07-31 09:30:44 AM,422.0,225,94950.0,7866075.0
2025-07-31 09:33:45 AM,422.0,75,31650.0,7897725.0
2025-07-31 09:33:53 AM,422.0,300,126600.0,8024325.0
2025-07-31 09:33:57 AM,421.8,0,0.0,8024325.0
2025-07-31 09:33:58 AM,421.8,75,31635.0,8055960.0
2025-07-31 09:35:47 AM,422.45,0,0.0,8055960.0
2025-07-31 09:35:48 AM,422.05,0,0.0,8055960.0
2025-07-31 09:35:48 AM,422.15,0,0.0,8055960.0
2025-07-31 09:35:48 AM,422.15,300,126645.0,8182605.0
2025-07-31 09:35:49 AM,422.35,0,0.0,8182605.0
2025-07-31 09:35:50 AM,422.35,225,95028.75,8277633.75
2025-07-31 09:36:11 AM,423.95,0,0.0,8277633.75
2025-07-31 09:36:11 AM,423.95,75,31796.25,8309430.0
2025-07-31 09:36:26 AM,422.9,0,0.0,8309430.0
2025-07-31 09:36:26 AM,422.9,75,31717.5,8341147.5
2025-07-31 09:36:37 AM,419.95,0,0.0,8341147.5
2025-07-31 09:36:38 AM,419.95,75,31496.25,8372643.75
2025-07-31 09:36:59 AM,419.55,0,0.0,8372643.75
2025-07-31 09:37:00 AM,419.55,75,31466.25,8404110.0
2025-07-31 09:38:01 AM,422.3,0,0.0,8404110.0
2025-07-31 09:38:03 AM,422.3,375,158362.5,8562472.5
2025-07-31 09:38:25 AM,419.35,0,0.0,8562472.5
2025-07-31 09:38:26 AM,418.95,0,0.0,8562472.5
2025-07-31 09:38:26 AM,418.95,300,125685.0,8688157.5
2025-07-31 09:38:39 AM,418.45,0,0.0,8688157.5
2025-07-31 09:38:40 AM,418.45,75,31383.75,8719541.25
2025-07-31 09:38:52 AM,415.65,0,0.0,8719541.25
2025-07-31 09:38:53 AM,415.65,75,31173.75,8750715.0
2025-07-31 09:39:06 AM,416.2,75,31215.0,8781930.0
2025-07-31 09:39:08 AM,415.05,0,0.0,8781930.0
2025-07-31 09:39:09 AM,415.05,450,186772.5,8968702.5
2025-07-31 09:39:23 AM,417.7,0,0.0,8968702.5
2025-07-31 09:39:23 AM,417.7,75,31327.5,9000030.0
2025-07-31 09:39:48 AM,419.25,0,0.0,9000030.0
2025-07-31 09:39:49 AM,419.25,75,31443.75,9031473.75
2025-07-31 09:39:58 AM,416.7,0,0.0,9031473.75
2025-07-31 09:39:58 AM,416.7,150,62505.0,9093978.75
2025-07-31 09:40:12 AM,416.0,0,0.0,9093978.75
2025-07-31 09:40:13 AM,416.0,1050,436800.0,9530778.75
2025-07-31 09:41:11 AM,429.5,0,0.0,9530778.75
2025-07-31 09:41:11 AM,429.5,75,32212.5,9562991.25
2025-07-31 09:43:49 AM,424.95,0,0.0,9562991.25
2025-07-31 09:43:50 AM,424.95,75,31871.25,9594862.5
2025-07-31 09:51:58 AM,424.95,150,63742.5,9658605.0
2025-07-31 09:56:35 AM,427.15,225,96108.75,9754713.75
2025-07-31 09:59:06 AM,418.55,0,0.0,9754713.75
2025-07-31 09:59:06 AM,418.55,75,31391.25,9786105.0
2025-07-31 09:59:39 AM,418.55,450,188347.5,9974452.5
2025-07-31 10:00:32 AM,407.0,0,0.0,9974452.5
2025-07-31 10:00:32 AM,407.0,75,30525.0,10004977.5
2025-07-31 10:00:45 AM,398.0,0,0.0,10004977.5
2025-07-31 10:00:46 AM,398.0,900,358200.0,10363177.5
2025-07-31 10:00:54 AM,398.0,75,29850.0,10393027.5
2025-07-31 10:01:27 AM,400.3,0,0.0,10393027.5
2025-07-31 10:01:28 AM,400.3,75,30022.5,10423050.0
2025-07-31 10:01:41 AM,399.35,0,0.0,10423050.0
2025-07-31 10:01:42 AM,399.35,75,29951.25,10453001.25
2025-07-31 10:03:00 AM,389.0,0,0.0,10453001.25
2025-07-31 10:03:00 AM,389.0,75,29175.0,10482176.25
2025-07-31 10:03:51 AM,393.3,0,0.0,10482176.25
2025-07-31 10:03:51 AM,393.3,75,29497.5,10511673.75
2025-07-31 10:04:09 AM,393.3,75,29497.5,10541171.25
2025-07-31 10:04:10 AM,391.75,225,88143.75,10629315.0
2025-07-31 10:05:38 AM,395.0,0,0.0,10629315.0
2025-07-31 10:05:38 AM,395.0,150,59250.0,10688565.0
2025-07-31 10:05:50 AM,398.45,0,0.0,10688565.0
2025-07-31 10:05:50 AM,398.45,75,29883.75,10718448.75
2025-07-31 10:07:25 AM,401.4,0,0.0,10718448.75
2025-07-31 10:07:25 AM,401.4,150,60210.0,10778658.75
2025-07-31 10:07:35 AM,403.95,0,0.0,10778658.75
2025-07-31 10:07:37 AM,403.95,75,30296.25,10808955.0
2025-07-31 10:07:38 AM,405.35,0,0.0,10808955.0
2025-07-31 10:07:38 AM,405.35,75,30401.25,10839356.25
2025-07-31 10:07:49 AM,405.1,0,0.0,10839356.25
2025-07-31 10:07:50 AM,405.1,150,60765.0,10900121.25
2025-07-31 10:07:59 AM,409.05,0,0.0,10900121.25
2025-07-31 10:08:00 AM,409.05,75,30678.75,10930800.0
2025-07-31 10:08:20 AM,406.9,0,0.0,10930800.0
2025-07-31 10:08:21 AM,406.9,750,305175.0,11235975.0
2025-07-31 10:09:00 AM,403.2,0,0.0,11235975.0
2025-07-31 10:09:00 AM,403.2,75,30240.0,11266215.0
2025-07-31 10:10:17 AM,399.2,75,29940.0,11296155.0
2025-07-31 10:11:49 AM,401.2,0,0.0,11296155.0
2025-07-31 10:11:50 AM,401.2,75,30090.0,11326245.0
2025-07-31 10:13:42 AM,395.0,0,0.0,11326245.0
2025-07-31 10:13:43 AM,395.0,150,59250.0,11385495.0
2025-07-31 10:16:02 AM,398.15,0,0.0,11385495.0
2025-07-31 10:16:02 AM,398.15,75,29861.25,11415356.25
2025-07-31 10:16:04 AM,399.8,0,0.0,11415356.25
2025-07-31 10:16:04 AM,399.8,750,299850.0,11715206.25
2025-07-31 10:16:48 AM,402.3,0,0.0,11715206.25
2025-07-31 10:16:48 AM,402.3,75,30172.5,11745378.75
2025-07-31 10:18:12 AM,402.3,150,60345.0,11805723.75
2025-07-31 10:22:49 AM,404.35,0,0.0,11805723.75
2025-07-31 10:22:49 AM,404.35,75,30326.25,11836050.0
2025-07-31 10:22:55 AM,403.55,0,0.0,11836050.0
2025-07-31 10:22:56 AM,403.55,75,30266.25,11866316.25
2025-07-31 10:22:58 AM,404.7,0,0.0,11866316.25
2025-07-31 10:22:59 AM,404.7,225,91057.5,11957373.75
2025-07-31 10:23:11 AM,403.45,0,0.0,11957373.75
2025-07-31 10:23:12 AM,403.45,225,90776.25,12048150.0
2025-07-31 10:29:26 AM,401.65,0,0.0,12048150.0
2025-07-31 10:29:26 AM,401.65,225,90371.25,12138521.25
2025-07-31 10:30:35 AM,404.2,0,0.0,12138521.25
2025-07-31 10:30:36 AM,404.2,150,60630.0,12199151.25
2025-07-31 10:36:27 AM,395.35,0,0.0,12199151.25
2025-07-31 10:36:27 AM,395.35,75,29651.25,12228802.5
2025-07-31 10:37:12 AM,393.95,0,0.0,12228802.5
2025-07-31 10:37:12 AM,393.95,1425,561378.75,12790181.25
2025-07-31 10:39:10 AM,397.8,0,0.0,12790181.25
2025-07-31 10:39:11 AM,397.8,150,59670.0,12849851.25
2025-07-31 10:40:01 AM,402.45,0,0.0,12849851.25
2025-07-31 10:40:02 AM,402.45,75,30183.75,12880035.0
2025-07-31 10:40:05 AM,402.25,0,0.0,12880035.0
2025-07-31 10:40:05 AM,402.25,75,30168.75,12910203.75
2025-07-31 10:41:16 AM,400.3,0,0.0,12910203.75
2025-07-31 10:41:16 AM,400.3,600,240180.0,13150383.75
2025-07-31 10:42:22 AM,402.0,0,0.0,13150383.75
2025-07-31 10:42:23 AM,402.0,600,241200.0,13391583.75
2025-07-31 10:42:31 AM,401.25,0,0.0,13391583.75
2025-07-31 10:42:31 AM,401.25,75,30093.75,13421677.5
2025-07-31 10:44:15 AM,403.25,0,0.0,13421677.5
2025-07-31 10:44:15 AM,403.25,75,30243.75,13451921.25
2025-07-31 10:45:12 AM,417.45,0,0.0,13451921.25
2025-07-31 10:45:12 AM,417.45,75,31308.75,13483230.0
2025-07-31 10:45:34 AM,424.0,150,63600.0,13546830.0
2025-07-31 10:45:35 AM,425.05,0,0.0,13546830.0
2025-07-31 10:45:36 AM,425.05,150,63757.5,13610587.5
2025-07-31 10:45:48 AM,422.15,225,94983.75,13705571.25
2025-07-31 10:46:10 AM,424.85,0,0.0,13705571.25
2025-07-31 10:46:11 AM,424.85,75,31863.75,13737435.0
2025-07-31 10:46:26 AM,421.0,0,0.0,13737435.0
2025-07-31 10:46:27 AM,421.0,75,31575.0,13769010.0
2025-07-31 10:46:43 AM,422.45,0,0.0,13769010.0
2025-07-31 10:46:44 AM,422.45,150,63367.5,13832377.5
2025-07-31 10:48:04 AM,426.35,0,0.0,13832377.5
2025-07-31 10:48:04 AM,426.35,225,95928.75,13928306.25
2025-07-31 10:48:47 AM,436.0,0,0.0,13928306.25
2025-07-31 10:48:48 AM,436.0,75,32700.0,13961006.25
2025-07-31 10:49:03 AM,440.65,0,0.0,13961006.25
2025-07-31 10:49:03 AM,440.65,600,264390.0,14225396.25
2025-07-31 10:49:06 AM,439.45,0,0.0,14225396.25
2025-07-31 10:49:06 AM,439.45,75,32958.75,14258355.0
2025-07-31 10:51:39 AM,430.0,0,0.0,14258355.0
2025-07-31 10:51:40 AM,430.0,75,32250.0,14290605.0
2025-07-31 10:51:42 AM,431.5,0,0.0,14290605.0
2025-07-31 10:51:43 AM,431.5,75,32362.5,14322967.5
2025-07-31 10:53:28 AM,442.95,0,0.0,14322967.5
2025-07-31 10:53:28 AM,442.95,75,33221.25,14356188.75
2025-07-31 10:54:14 AM,436.0,0,0.0,14356188.75
2025-07-31 10:54:14 AM,436.0,75,32700.0,14388888.75
2025-07-31 10:54:32 AM,443.65,0,0.0,14388888.75
2025-07-31 10:54:32 AM,443.65,75,33273.75,14422162.5
2025-07-31 10:55:18 AM,442.05,0,0.0,14422162.5
2025-07-31 10:55:18 AM,442.05,75,33153.75,14455316.25
2025-07-31 10:55:21 AM,438.2,0,0.0,14455316.25
2025-07-31 10:55:22 AM,438.2,750,328650.0,14783966.25
2025-07-31 10:55:45 AM,442.0,0,0.0,14783966.25
2025-07-31 10:55:45 AM,442.0,150,66300.0,14850266.25
2025-07-31 10:56:19 AM,438.25,0,0.0,14850266.25
2025-07-31 10:56:20 AM,438.25,75,32868.75,14883135.0
2025-07-31 10:56:37 AM,436.35,0,0.0,14883135.0
2025-07-31 10:56:38 AM,436.35,2625,1145418.75,16028553.75
2025-07-31 10:56:48 AM,433.65,0,0.0,16028553.75
2025-07-31 10:56:49 AM,433.65,225,97571.25,16126125.0
2025-07-31 10:57:12 AM,430.1,375,161287.5,16287412.5
2025-07-31 10:57:45 AM,434.75,0,0.0,16287412.5
2025-07-31 10:57:45 AM,434.75,225,97818.75,16385231.25
2025-07-31 10:58:58 AM,424.25,0,0.0,16385231.25
2025-07-31 10:58:59 AM,424.25,75,31818.75,16417050.0
2025-07-31 10:59:19 AM,431.95,0,0.0,16417050.0
2025-07-31 10:59:19 AM,431.95,75,32396.25,16449446.25
2025-07-31 10:59:34 AM,434.0,0,0.0,16449446.25
2025-07-31 10:59:34 AM,434.0,75,32550.0,16481996.25
2025-07-31 10:59:42 AM,435.0,0,0.0,16481996.25
2025-07-31 10:59:42 AM,435.0,75,32625.0,16514621.25
2025-07-31 11:00:00 AM,434.7,0,0.0,16514621.25
2025-07-31 11:00:00 AM,434.7,75,32602.5,16547223.75
2025-07-31 11:02:00 AM,464.7,0,0.0,16547223.75
2025-07-31 11:02:00 AM,464.7,75,34852.5,16582076.25
2025-07-31 11:02:02 AM,468.1,0,0.0,16582076.25
2025-07-31 11:02:02 AM,468.1,75,35107.5,16617183.75
2025-07-31 11:02:33 AM,469.05,0,0.0,16617183.75
2025-07-31 11:02:34 AM,469.05,375,175893.75,16793077.5
2025-07-31 11:02:59 AM,472.4,0,0.0,16793077.5
2025-07-31 11:02:59 AM,472.4,75,35430.0,16828507.5
2025-07-31 11:03:04 AM,479.05,75,35928.75,16864436.25
2025-07-31 11:03:06 AM,477.85,75,35838.75,16900275.0
2025-07-31 11:03:35 AM,475.2,0,0.0,16900275.0
2025-07-31 11:03:35 AM,475.2,75,35640.0,16935915.0
2025-07-31 11:03:41 AM,477.45,0,0.0,16935915.0
2025-07-31 11:03:42 AM,477.45,75,35808.75,16971723.75
2025-07-31 11:04:16 AM,475.0,0,0.0,16971723.75
2025-07-31 11:04:16 AM,475.0,75,35625.0,17007348.75
2025-07-31 11:05:02 AM,476.25,0,0.0,17007348.75
2025-07-31 11:05:03 AM,476.25,75,35718.75,17043067.5
2025-07-31 11:09:09 AM,476.3,0,0.0,17043067.5
2025-07-31 11:09:10 AM,476.3,450,214335.0,17257402.5
2025-07-31 11:09:13 AM,476.3,300,142890.0,17400292.5
2025-07-31 11:10:09 AM,469.05,0,0.0,17400292.5
2025-07-31 11:10:10 AM,469.05,150,70357.5,17470650.0
2025-07-31 11:10:35 AM,464.7,0,0.0,17470650.0
2025-07-31 11:10:35 AM,464.7,75,34852.5,17505502.5
2025-07-31 11:12:43 AM,460.25,0,0.0,17505502.5
2025-07-31 11:12:44 AM,460.25,75,34518.75,17540021.25
2025-07-31 11:13:20 AM,459.0,0,0.0,17540021.25
2025-07-31 11:13:21 AM,459.0,75,34425.0,17574446.25
2025-07-31 11:13:23 AM,460.85,0,0.0,17574446.25
2025-07-31 11:13:23 AM,460.85,75,34563.75,17609010.0
2025-07-31 11:13:26 AM,459.9,0,0.0,17609010.0
2025-07-31 11:13:26 AM,459.9,150,68985.0,17677995.0
2025-07-31 11:13:28 AM,457.7,0,0.0,17677995.0
2025-07-31 11:13:28 AM,457.7,75,34327.5,17712322.5
2025-07-31 11:14:26 AM,461.9,0,0.0,17712322.5
2025-07-31 11:14:27 AM,461.9,75,34642.5,17746965.0
2025-07-31 11:14:35 AM,463.75,0,0.0,17746965.0
2025-07-31 11:14:35 AM,463.75,75,34781.25,17781746.25
2025-07-31 11:18:54 AM,468.2,0,0.0,17781746.25
2025-07-31 11:18:54 AM,468.2,75,35115.0,17816861.25
2025-07-31 11:19:35 AM,471.8,0,0.0,17816861.25
2025-07-31 11:19:36 AM,471.8,375,176925.0,17993786.25
2025-07-31 11:19:44 AM,475.2,0,0.0,17993786.25
2025-07-31 11:19:44 AM,475.2,75,35640.0,18029426.25
2025-07-31 11:21:00 AM,487.05,0,0.0,18029426.25
2025-07-31 11:21:01 AM,487.05,75,36528.75,18065955.0
2025-07-31 11:22:07 AM,490.0,0,0.0,18065955.0
2025-07-31 11:22:08 AM,490.0,1500,735000.0,18800955.0
2025-07-31 11:22:24 AM,498.0,0,0.0,18800955.0
2025-07-31 11:22:24 AM,498.0,75,37350.0,18838305.0
2025-07-31 11:23:01 AM,499.5,0,0.0,18838305.0
2025-07-31 11:23:01 AM,499.5,75,37462.5,18875767.5
2025-07-31 11:24:58 AM,499.5,225,112387.5,18988155.0
2025-07-31 11:25:02 AM,505.8,0,0.0,18988155.0
2025-07-31 11:25:02 AM,505.8,2250,1138050.0,20126205.0
2025-07-31 11:25:15 AM,516.05,0,0.0,20126205.0
2025-07-31 11:25:15 AM,516.05,75,38703.75,20164908.75
2025-07-31 11:25:18 AM,518.55,0,0.0,20164908.75
2025-07-31 11:25:19 AM,518.55,75,38891.25,20203800.0
2025-07-31 11:27:34 AM,505.6,0,0.0,20203800.0
2025-07-31 11:27:35 AM,505.6,75,37920.0,20241720.0
2025-07-31 11:28:38 AM,504.35,0,0.0,20241720.0
2025-07-31 11:28:38 AM,504.35,75,37826.25,20279546.25
2025-07-31 11:28:44 AM,503.3,0,0.0,20279546.25
2025-07-31 11:28:45 AM,503.3,75,37747.5,20317293.75
2025-07-31 11:28:47 AM,502.5,75,37687.5,20354981.25
2025-07-31 11:28:59 AM,501.9,0,0.0,20354981.25
2025-07-31 11:29:00 AM,502.15,150,75322.5,20430303.75
2025-07-31 11:29:04 AM,498.4,0,0.0,20430303.75
2025-07-31 11:29:05 AM,498.4,75,37380.0,20467683.75
2025-07-31 11:29:06 AM,497.6,0,0.0,20467683.75
2025-07-31 11:29:06 AM,497.6,75,37320.0,20505003.75
2025-07-31 11:29:24 AM,497.6,75,37320.0,20542323.75
2025-07-31 11:30:02 AM,495.55,0,0.0,20542323.75
2025-07-31 11:30:03 AM,495.3,150,74295.0,20616618.75
2025-07-31 11:30:15 AM,496.55,0,0.0,20616618.75
2025-07-31 11:30:15 AM,496.55,75,37241.25,20653860.0
2025-07-31 11:31:48 AM,501.65,0,0.0,20653860.0
2025-07-31 11:31:49 AM,501.65,75,37623.75,20691483.75
2025-07-31 11:32:05 AM,510.0,0,0.0,20691483.75
2025-07-31 11:32:05 AM,510.0,75,38250.0,20729733.75
2025-07-31 11:32:08 AM,508.85,0,0.0,20729733.75
2025-07-31 11:32:09 AM,508.85,75,38163.75,20767897.5
2025-07-31 11:32:35 AM,513.75,0,0.0,20767897.5
2025-07-31 11:32:36 AM,513.75,75,38531.25,20806428.75
2025-07-31 11:32:41 AM,513.75,75,38531.25,20844960.0
2025-07-31 11:33:02 AM,512.3,0,0.0,20844960.0
2025-07-31 11:33:03 AM,512.3,75,38422.5,20883382.5
2025-07-31 11:33:12 AM,514.75,0,0.0,20883382.5
2025-07-31 11:33:13 AM,514.75,75,38606.25,20921988.75
2025-07-31 11:33:13 AM,514.25,0,0.0,20921988.75
2025-07-31 11:33:14 AM,514.25,75,38568.75,20960557.5
2025-07-31 11:33:23 AM,517.7,0,0.0,20960557.5
2025-07-31 11:33:23 AM,517.7,2325,1203652.5,22164210.0
2025-07-31 11:33:24 AM,520.1,0,0.0,22164210.0
2025-07-31 11:33:24 AM,520.1,150,78015.0,22242225.0
2025-07-31 11:33:31 AM,518.75,0,0.0,22242225.0
2025-07-31 11:33:32 AM,518.75,75,38906.25,22281131.25
2025-07-31 11:34:00 AM,518.55,0,0.0,22281131.25
2025-07-31 11:34:00 AM,518.55,75,38891.25,22320022.5
2025-07-31 11:34:05 AM,523.3,0,0.0,22320022.5
2025-07-31 11:34:06 AM,523.3,75,39247.5,22359270.0
2025-07-31 11:34:11 AM,524.95,0,0.0,22359270.0
2025-07-31 11:34:12 AM,524.95,300,157485.0,22516755.0
2025-07-31 11:34:24 AM,523.05,0,0.0,22516755.0
2025-07-31 11:34:25 AM,523.05,75,39228.75,22555983.75
2025-07-31 11:34:28 AM,518.5,0,0.0,22555983.75
2025-07-31 11:34:28 AM,518.5,75,38887.5,22594871.25
2025-07-31 11:36:20 AM,505.7,0,0.0,22594871.25
2025-07-31 11:36:20 AM,505.7,75,37927.5,22632798.75
2025-07-31 11:37:27 AM,509.8,0,0.0,22632798.75
2025-07-31 11:37:27 AM,509.8,450,229410.0,22862208.75
2025-07-31 11:40:43 AM,506.45,375,189918.75,23052127.5
2025-07-31 11:42:37 AM,515.25,150,77287.5,23129415.0
2025-07-31 11:43:04 AM,523.05,0,0.0,23129415.0
2025-07-31 11:43:04 AM,523.05,75,39228.75,23168643.75
2025-07-31 11:43:29 AM,522.4,0,0.0,23168643.75
2025-07-31 11:43:29 AM,522.4,75,39180.0,23207823.75
2025-07-31 11:44:02 AM,522.7,0,0.0,23207823.75
2025-07-31 11:44:02 AM,522.7,75,39202.5,23247026.25
2025-07-31 11:48:20 AM,527.2,0,0.0,23247026.25
2025-07-31 11:48:22 AM,527.2,375,197700.00000000003,23444726.25
2025-07-31 11:48:51 AM,531.1,0,0.0,23444726.25
2025-07-31 11:48:51 AM,531.1,75,39832.5,23484558.75
2025-07-31 11:57:06 AM,518.8,0,0.0,23484558.75
2025-07-31 11:57:06 AM,518.8,75,38910.0,23523468.75
2025-07-31 12:03:10 PM,488.55,0,0.0,23523468.75
2025-07-31 12:03:12 PM,488.55,75,36641.25,23560110.0
2025-07-31 12:05:17 PM,491.85,0,0.0,23560110.0
2025-07-31 12:05:17 PM,491.85,75,36888.75,23596998.75
2025-07-31 12:08:15 PM,477.85,0,0.0,23596998.75
2025-07-31 12:08:15 PM,477.85,75,35838.75,23632837.5
2025-07-31 12:13:47 PM,520.0,0,0.0,23632837.5
2025-07-31 12:13:47 PM,520.0,75,39000.0,23671837.5
2025-07-31 12:14:14 PM,522.65,0,0.0,23671837.5
2025-07-31 12:14:15 PM,522.65,75,39198.75,23711036.25
2025-07-31 12:14:32 PM,523.85,0,0.0,23711036.25
2025-07-31 12:14:33 PM,523.85,150,78577.5,23789613.75
2025-07-31 12:15:03 PM,531.55,300,159465.0,23949078.75
2025-07-31 12:15:33 PM,542.8,0,0.0,23949078.75
2025-07-31 12:15:33 PM,542.8,75,40710.0,23989788.75
2025-07-31 12:17:08 PM,525.55,0,0.0,23989788.75
2025-07-31 12:17:08 PM,525.55,750,394162.49999999994,24383951.25
2025-07-31 12:18:46 PM,540.45,0,0.0,24383951.25
2025-07-31 12:18:46 PM,540.5,0,0.0,24383951.25
2025-07-31 12:18:47 PM,540.5,600,324300.0,24708251.25
2025-07-31 12:22:13 PM,542.1,0,0.0,24708251.25
2025-07-31 12:22:14 PM,542.1,75,40657.5,24748908.75
2025-07-31 12:34:19 PM,552.9,0,0.0,24748908.75
2025-07-31 12:34:20 PM,552.9,75,41467.5,24790376.25
2025-07-31 12:36:39 PM,569.5,0,0.0,24790376.25
2025-07-31 12:36:40 PM,569.5,75,42712.5,24833088.75
2025-07-31 12:37:37 PM,572.0,0,0.0,24833088.75
2025-07-31 12:37:38 PM,572.0,75,42900.0,24875988.75
2025-07-31 12:39:22 PM,566.0,0,0.0,24875988.75
2025-07-31 12:39:22 PM,566.0,75,42450.0,24918438.75
2025-07-31 12:40:13 PM,560.75,0,0.0,24918438.75
2025-07-31 12:40:13 PM,560.75,75,42056.25,24960495.0
2025-07-31 12:43:42 PM,546.75,0,0.0,24960495.0
2025-07-31 12:43:42 PM,546.75,75,41006.25,25001501.25
2025-07-31 12:45:13 PM,560.4,0,0.0,25001501.25
2025-07-31 12:45:13 PM,560.4,75,42030.0,25043531.25
2025-07-31 12:45:31 PM,553.1,0,0.0,25043531.25
2025-07-31 12:45:32 PM,553.1,150,82965.0,25126496.25
2025-07-31 12:45:34 PM,552.45,0,0.0,25126496.25
2025-07-31 12:45:34 PM,552.45,225,124301.25000000001,25250797.5
2025-07-31 12:45:35 PM,552.3,0,0.0,25250797.5
2025-07-31 12:45:36 PM,552.3,150,82845.0,25333642.5
2025-07-31 12:45:38 PM,551.45,0,0.0,25333642.5
2025-07-31 12:45:38 PM,551.45,150,82717.5,25416360.0
2025-07-31 12:50:22 PM,580.0,0,0.0,25416360.0
2025-07-31 12:50:22 PM,580.0,75,43500.0,25459860.0
2025-07-31 12:53:32 PM,582.6,0,0.0,25459860.0
2025-07-31 12:53:32 PM,582.6,75,43695.0,25503555.0
2025-07-31 12:56:59 PM,585.95,0,0.0,25503555.0
2025-07-31 12:57:00 PM,585.95,300,175785.0,25679340.0
2025-07-31 12:59:44 PM,603.4,0,0.0,25679340.0
2025-07-31 12:59:45 PM,603.4,75,45255.0,25724595.0
2025-07-31 12:59:59 PM,603.0,0,0.0,25724595.0
2025-07-31 01:00:00 PM,603.0,300,180900.0,25905495.0
2025-07-31 01:00:33 PM,603.4,0,0.0,25905495.0
2025-07-31 01:00:33 PM,603.4,75,45255.0,25950750.0
2025-07-31 01:02:40 PM,611.9,0,0.0,25950750.0
2025-07-31 01:02:40 PM,611.9,375,229462.5,26180212.5
2025-07-31 01:06:13 PM,602.75,0,0.0,26180212.5
2025-07-31 01:06:13 PM,602.75,825,497268.75,26677481.25
2025-07-31 01:06:53 PM,596.45,0,0.0,26677481.25
2025-07-31 01:06:54 PM,596.45,150,89467.5,26766948.75
2025-07-31 01:07:59 PM,611.05,0,0.0,26766948.75
2025-07-31 01:07:59 PM,611.05,300,183315.0,26950263.75
2025-07-31 01:08:21 PM,610.9,0,0.0,26950263.75
2025-07-31 01:08:21 PM,610.9,150,91635.0,27041898.75
2025-07-31 01:08:59 PM,601.75,0,0.0,27041898.75
2025-07-31 01:08:59 PM,601.75,300,180525.0,27222423.75
2025-07-31 01:11:41 PM,611.95,0,0.0,27222423.75
2025-07-31 01:11:41 PM,611.95,150,91792.5,27314216.25
2025-07-31 01:11:59 PM,621.25,0,0.0,27314216.25
2025-07-31 01:12:00 PM,621.25,300,186375.0,27500591.25
2025-07-31 01:12:00 PM,617.65,0,0.0,27500591.25
2025-07-31 01:12:01 PM,617.65,300,185295.0,27685886.25
2025-07-31 01:19:59 PM,620.15,0,0.0,27685886.25
2025-07-31 01:20:00 PM,620.15,300,186045.0,27871931.25
2025-07-31 01:21:00 PM,611.2,0,0.0,27871931.25
2025-07-31 01:21:00 PM,611.2,300,183360.0,28055291.25
2025-07-31 01:25:55 PM,605.0,0,0.0,28055291.25
2025-07-31 01:25:55 PM,605.0,75,45375.0,28100666.25
2025-07-31 01:27:59 PM,621.7,0,0.0,28100666.25
2025-07-31 01:28:01 PM,621.7,300,186510.0,28287176.25
2025-07-31 01:28:32 PM,622.2,0,0.0,28287176.25
2025-07-31 01:28:33 PM,622.2,75,46665.0,28333841.25
2025-07-31 01:30:59 PM,632.85,0,0.0,28333841.25
2025-07-31 01:31:00 PM,632.85,300,189855.0,28523696.25
2025-07-31 01:34:20 PM,640.0,0,0.0,28523696.25
2025-07-31 01:34:21 PM,640.0,75,48000.0,28571696.25
2025-07-31 01:41:53 PM,640.0,75,48000.0,28619696.25
2025-07-31 01:42:13 PM,630.0,0,0.0,28619696.25
2025-07-31 01:42:13 PM,630.0,825,519750.0,29139446.25
2025-07-31 01:44:28 PM,630.0,75,47250.0,29186696.25
2025-07-31 01:45:38 PM,627.35,0,0.0,29186696.25
2025-07-31 01:45:39 PM,627.35,75,47051.25,29233747.5
2025-07-31 01:51:02 PM,619.85,0,0.0,29233747.5
2025-07-31 01:51:02 PM,619.85,75,46488.75,29280236.25
2025-07-31 01:58:38 PM,613.4,0,0.0,29280236.25
2025-07-31 01:58:38 PM,613.4,750,460050.0,29740286.25
2025-07-31 02:12:00 PM,640.3,0,0.0,29740286.25
2025-07-31 02:12:00 PM,640.3,525,336157.5,30076443.75
2025-07-31 02:12:17 PM,646.1,0,0.0,30076443.75
2025-07-31 02:12:18 PM,646.1,75,48457.5,30124901.25
2025-07-31 02:12:20 PM,644.55,0,0.0,30124901.25
2025-07-31 02:12:21 PM,644.55,75,48341.25,30173242.5
2025-07-31 02:22:06 PM,613.0,0,0.0,30173242.5
2025-07-31 02:22:07 PM,613.0,150,91950.0,30265192.5
2025-07-31 02:25:01 PM,609.35,0,0.0,30265192.5
2025-07-31 02:25:02 PM,609.35,75,45701.25,30310893.75
2025-07-31 02:26:40 PM,593.25,0,0.0,30310893.75
2025-07-31 02:26:41 PM,593.25,600,355950.0,30666843.75
2025-07-31 02:28:07 PM,596.55,0,0.0,30666843.75
2025-07-31 02:28:08 PM,596.55,150,89482.5,30756326.25
2025-07-31 02:29:39 PM,579.85,0,0.0,30756326.25
2025-07-31 02:29:40 PM,579.85,825,478376.25,31234702.5
2025-07-31 02:29:59 PM,570.3,0,0.0,31234702.5
2025-07-31 02:29:59 PM,570.3,750,427724.99999999994,31662427.5
2025-07-31 02:30:08 PM,558.65,75,41898.75,31704326.25
2025-07-31 02:31:14 PM,562.85,0,0.0,31704326.25
2025-07-31 02:31:14 PM,562.85,75,42213.75,31746540.0
2025-07-31 02:31:17 PM,565.3,0,0.0,31746540.0
2025-07-31 02:31:18 PM,563.35,0,0.0,31746540.0
2025-07-31 02:31:18 PM,563.35,600,338010.0,32084550.0
2025-07-31 02:31:22 PM,576.1,0,0.0,32084550.0
2025-07-31 02:31:23 PM,576.1,75,43207.5,32127757.5
2025-07-31 02:33:39 PM,586.8,0,0.0,32127757.5
2025-07-31 02:33:39 PM,586.8,2550,1496340.0,33624097.5
2025-07-31 02:34:47 PM,580.5,0,0.0,33624097.5
2025-07-31 02:34:48 PM,580.5,600,348300.0,33972397.5
2025-07-31 02:54:31 PM,542.95,0,0.0,33972397.5
2025-07-31 02:54:32 PM,542.95,750,407212.50000000006,34379610.0
2025-07-31 02:55:40 PM,542.95,1125,610818.75,34990428.75
2025-07-31 03:01:08 PM,522.6,0,0.0,34990428.75
2025-07-31 03:01:08 PM,522.6,75,39195.0,35029623.75
2025-07-31 03:01:09 PM,519.15,0,0.0,35029623.75
2025-07-31 03:01:10 PM,519.15,75,38936.25,35068560.0
2025-07-31 03:02:49 PM,509.6,0,0.0,35068560.0
2025-07-31 03:02:50 PM,509.15,0,0.0,35068560.0
2025-07-31 03:02:50 PM,509.15,225,114558.75,35183118.75
2025-07-31 03:03:09 PM,510.75,0,0.0,35183118.75
2025-07-31 03:03:10 PM,510.75,75,38306.25,35221425.0
2025-07-31 03:03:27 PM,508.35,0,0.0,35221425.0
2025-07-31 03:03:28 PM,508.35,750,381262.5,35602687.5
2025-07-31 03:07:00 PM,494.6,0,0.0,35602687.5
2025-07-31 03:07:00 PM,494.6,300,148380.0,35751067.5
2025-07-31 03:10:34 PM,483.8,150,72570.0,35823637.5
2025-07-31 03:10:55 PM,495.0,0,0.0,35823637.5
2025-07-31 03:10:56 PM,495.0,75,37125.0,35860762.5
2025-07-31 03:11:05 PM,499.0,75,37425.0,35898187.5
2025-07-31 03:14:00 PM,486.35,0,0.0,35898187.5
2025-07-31 03:14:00 PM,486.35,300,145905.0,36044092.5
2025-07-31 03:16:02 PM,482.0,0,0.0,36044092.5
2025-07-31 03:16:03 PM,482.0,825,397650.0,36441742.5
2025-07-31 03:19:28 PM,485.2,0,0.0,36441742.5
2025-07-31 03:19:28 PM,485.2,75,36390.0,36478132.5
2025-07-31 03:20:03 PM,483.8,0,0.0,36478132.5
2025-07-31 03:20:03 PM,483.8,150,72570.0,36550702.5
2025-07-31 03:21:11 PM,482.15,75,36161.25,36586863.75
2025-07-31 03:22:08 PM,484.95,0,0.0,36586863.75
2025-07-31 03:22:08 PM,484.95,75,36371.25,36623235.0
2025-07-31 03:24:41 PM,483.15,0,0.0,36623235.0
2025-07-31 03:24:42 PM,483.15,75,36236.25,36659471.25
2025-07-31 03:25:50 PM,486.45,0,0.0,36659471.25
2025-07-31 03:25:50 PM,486.45,75,36483.75,36695955.0
2025-07-31 03:26:22 PM,486.75,0,0.0,36695955.0
2025-07-31 03:26:23 PM,486.75,75,36506.25,36732461.25
2025-07-31 03:27:18 PM,484.3,0,0.0,36732461.25
2025-07-31 03:27:18 PM,484.3,75,36322.5,36768783.75
2025-07-31 03:27:37 PM,483.75,0,0.0,36768783.75
2025-07-31 03:27:37 PM,483.75,75,36281.25,36805065.0
2025-07-31 03:28:05 PM,483.9,0,0.0,36805065.0
2025-07-31 03:28:05 PM,483.9,150,72585.0,36877650.0
2025-07-31 03:28:19 PM,483.0,0,0.0,36877650.0
2025-07-31 03:28:19 PM,483.0,75,36225.0,36913875.0
2025-07-31 03:29:10 PM,479.85,0,0.0,36913875.0
2025-07-31 03:29:10 PM,479.85,75,35988.75,36949863.75
2025-07-31 03:29:30 PM,481.65,0,0.0,36949863.75
2025-07-31 03:29:30 PM,481.65,150,72247.5,37022111.25
