date,price,qty,trnvr,cum_trnvr
2025-07-31 09:15:00 AM,60.0,75,4500.0,4500.0
2025-07-31 09:15:01 AM,74.95,0,0.0,4500.0
2025-07-31 09:15:01 AM,68.6,0,0.0,4500.0
2025-07-31 09:15:01 AM,74.6,0,0.0,4500.0
2025-07-31 09:15:02 AM,72.45,3375,244518.75,249018.75
2025-07-31 09:15:02 AM,74.9,0,0.0,249018.75
2025-07-31 09:15:03 AM,76.05,0,0.0,249018.75
2025-07-31 09:15:03 AM,81.7,3075,251227.5,500246.25
2025-07-31 09:15:04 AM,77.5,1575,122062.5,622308.75
2025-07-31 09:15:05 AM,76.15,525,39978.75,662287.5
2025-07-31 09:15:06 AM,72.25,0,0.0,662287.5
2025-07-31 09:15:06 AM,75.9,0,0.0,662287.5
2025-07-31 09:15:07 AM,77.45,4800,371760.0,1034047.5
2025-07-31 09:15:07 AM,75.75,0,0.0,1034047.5
2025-07-31 09:15:07 AM,75.0,0,0.0,1034047.5
2025-07-31 09:15:08 AM,74.15,0,0.0,1034047.5
2025-07-31 09:15:08 AM,77.25,1425,110081.25,1144128.75
2025-07-31 09:15:08 AM,75.05,75,5628.75,1149757.5
2025-07-31 09:15:09 AM,75.75,0,0.0,1149757.5
2025-07-31 09:15:10 AM,74.25,2925,217181.25,1366938.75
2025-07-31 09:15:10 AM,74.55,225,16773.75,1383712.5
2025-07-31 09:15:10 AM,73.05,0,0.0,1383712.5
2025-07-31 09:15:11 AM,71.0,0,0.0,1383712.5
2025-07-31 09:15:11 AM,71.25,0,0.0,1383712.5
2025-07-31 09:15:12 AM,67.75,1950,132112.5,1515825.0
2025-07-31 09:15:12 AM,69.85,150,10477.5,1526302.5
2025-07-31 09:15:12 AM,66.85,0,0.0,1526302.5
2025-07-31 09:15:12 AM,72.85,0,0.0,1526302.5
2025-07-31 09:15:13 AM,69.35,0,0.0,1526302.5
2025-07-31 09:15:13 AM,69.35,900,62414.99999999999,1588717.5
2025-07-31 09:15:14 AM,70.15,0,0.0,1588717.5
2025-07-31 09:15:15 AM,68.1,2100,143010.0,1731727.5
2025-07-31 09:15:15 AM,68.8,0,0.0,1731727.5
2025-07-31 09:15:16 AM,72.0,0,0.0,1731727.5
2025-07-31 09:15:16 AM,72.15,1725,124458.75000000001,1856186.25
2025-07-31 09:15:16 AM,71.95,600,43170.0,1899356.25
2025-07-31 09:15:17 AM,72.45,0,0.0,1899356.25
2025-07-31 09:15:17 AM,71.6,0,0.0,1899356.25
2025-07-31 09:15:18 AM,70.4,0,0.0,1899356.25
2025-07-31 09:15:18 AM,70.4,5475,385440.00000000006,2284796.25
2025-07-31 09:15:18 AM,71.55,0,0.0,2284796.25
2025-07-31 09:15:19 AM,70.35,0,0.0,2284796.25
2025-07-31 09:15:20 AM,70.05,1950,136597.5,2421393.75
2025-07-31 09:15:20 AM,70.0,0,0.0,2421393.75
2025-07-31 09:15:20 AM,69.8,0,0.0,2421393.75
2025-07-31 09:15:21 AM,69.95,0,0.0,2421393.75
2025-07-31 09:15:21 AM,69.95,900,62955.0,2484348.75
2025-07-31 09:15:22 AM,70.3,0,0.0,2484348.75
2025-07-31 09:15:22 AM,70.8,0,0.0,2484348.75
2025-07-31 09:15:23 AM,70.75,1050,74287.5,2558636.25
2025-07-31 09:15:23 AM,70.85,1050,74392.5,2633028.75
2025-07-31 09:15:24 AM,70.4,0,0.0,2633028.75
2025-07-31 09:15:24 AM,70.95,0,0.0,2633028.75
2025-07-31 09:15:25 AM,70.0,1800,126000.0,2759028.75
2025-07-31 09:15:25 AM,70.7,0,0.0,2759028.75
2025-07-31 09:15:25 AM,71.1,0,0.0,2759028.75
2025-07-31 09:15:26 AM,70.65,0,0.0,2759028.75
2025-07-31 09:15:26 AM,70.55,2100,148155.0,2907183.75
2025-07-31 09:15:27 AM,70.25,0,0.0,2907183.75
2025-07-31 09:15:27 AM,70.95,0,0.0,2907183.75
2025-07-31 09:15:28 AM,71.55,2100,150255.0,3057438.75
2025-07-31 09:15:28 AM,70.5,0,0.0,3057438.75
2025-07-31 09:15:29 AM,70.8,0,0.0,3057438.75
2025-07-31 09:15:29 AM,70.9,0,0.0,3057438.75
2025-07-31 09:15:29 AM,70.85,1275,90333.75,3147772.5
2025-07-31 09:15:30 AM,71.0,0,0.0,3147772.5
2025-07-31 09:15:31 AM,71.15,0,0.0,3147772.5
2025-07-31 09:15:31 AM,71.15,3600,256140.00000000003,3403912.5
2025-07-31 09:15:31 AM,70.9,0,0.0,3403912.5
2025-07-31 09:15:32 AM,70.95,0,0.0,3403912.5
2025-07-31 09:15:33 AM,71.25,2400,171000.0,3574912.5
2025-07-31 09:15:33 AM,71.75,0,0.0,3574912.5
2025-07-31 09:15:33 AM,73.65,0,0.0,3574912.5
2025-07-31 09:15:34 AM,73.5,0,0.0,3574912.5
2025-07-31 09:15:34 AM,73.4,2025,148635.0,3723547.5
2025-07-31 09:15:35 AM,72.75,0,0.0,3723547.5
2025-07-31 09:15:36 AM,72.55,2325,168678.75,3892226.25
2025-07-31 09:15:36 AM,72.75,0,0.0,3892226.25
2025-07-31 09:15:37 AM,73.45,0,0.0,3892226.25
2025-07-31 09:15:37 AM,73.1,0,0.0,3892226.25
2025-07-31 09:15:37 AM,73.1,4725,345397.5,4237623.75
2025-07-31 09:15:38 AM,73.0,0,0.0,4237623.75
2025-07-31 09:15:39 AM,72.9,1425,103882.50000000001,4341506.25
2025-07-31 09:15:39 AM,72.4,0,0.0,4341506.25
2025-07-31 09:15:40 AM,73.05,0,0.0,4341506.25
2025-07-31 09:15:40 AM,73.3,0,0.0,4341506.25
2025-07-31 09:15:41 AM,73.65,2250,165712.5,4507218.75
2025-07-31 09:15:41 AM,73.4,225,16515.0,4523733.75
2025-07-31 09:15:41 AM,73.75,0,0.0,4523733.75
2025-07-31 09:15:42 AM,73.9,0,0.0,4523733.75
2025-07-31 09:15:42 AM,73.4,0,0.0,4523733.75
2025-07-31 09:15:42 AM,74.0,1425,105450.0,4629183.75
2025-07-31 09:15:43 AM,73.25,0,0.0,4629183.75
2025-07-31 09:15:44 AM,74.4,450,33480.0,4662663.75
2025-07-31 09:15:44 AM,74.05,0,0.0,4662663.75
2025-07-31 09:15:45 AM,74.55,0,0.0,4662663.75
2025-07-31 09:15:45 AM,74.7,0,0.0,4662663.75
2025-07-31 09:15:45 AM,74.25,3000,222750.0,4885413.75
2025-07-31 09:15:46 AM,74.25,75,5568.75,4890982.5
2025-07-31 09:15:46 AM,74.75,0,0.0,4890982.5
2025-07-31 09:15:46 AM,74.9,0,0.0,4890982.5
2025-07-31 09:15:47 AM,74.9,4575,342667.5,5233650.0
2025-07-31 09:15:47 AM,74.65,0,0.0,5233650.0
2025-07-31 09:15:47 AM,74.55,975,72686.25,5306336.25
2025-07-31 09:15:48 AM,74.05,0,0.0,5306336.25
2025-07-31 09:15:48 AM,73.6,0,0.0,5306336.25
2025-07-31 09:15:49 AM,73.5,1125,82687.5,5389023.75
2025-07-31 09:15:49 AM,73.75,75,5531.25,5394555.0
2025-07-31 09:15:49 AM,73.6,0,0.0,5394555.0
2025-07-31 09:15:50 AM,73.75,0,0.0,5394555.0
2025-07-31 09:15:50 AM,73.75,750,55312.5,5449867.5
2025-07-31 09:15:51 AM,74.0,0,0.0,5449867.5
2025-07-31 09:15:51 AM,74.15,0,0.0,5449867.5
2025-07-31 09:15:52 AM,74.3,0,0.0,5449867.5
2025-07-31 09:15:52 AM,74.3,1800,133740.0,5583607.5
2025-07-31 09:15:53 AM,73.05,0,0.0,5583607.5
2025-07-31 09:15:53 AM,73.35,0,0.0,5583607.5
2025-07-31 09:15:54 AM,73.4,2625,192675.00000000003,5776282.5
2025-07-31 09:15:54 AM,73.15,0,0.0,5776282.5
2025-07-31 09:15:54 AM,73.75,0,0.0,5776282.5
2025-07-31 09:15:55 AM,73.9,0,0.0,5776282.5
2025-07-31 09:15:55 AM,73.9,1950,144105.0,5920387.5
2025-07-31 09:15:55 AM,73.55,75,5516.25,5925903.75
2025-07-31 09:15:56 AM,73.15,0,0.0,5925903.75
2025-07-31 09:15:57 AM,73.9,1875,138562.5,6064466.25
2025-07-31 09:15:57 AM,73.8,0,0.0,6064466.25
2025-07-31 09:15:58 AM,74.4,0,0.0,6064466.25
2025-07-31 09:15:58 AM,74.45,0,0.0,6064466.25
2025-07-31 09:15:58 AM,74.6,2100,156660.0,6221126.25
2025-07-31 09:15:59 AM,74.3,0,0.0,6221126.25
2025-07-31 09:15:59 AM,74.45,0,0.0,6221126.25
2025-07-31 09:16:00 AM,75.0,0,0.0,6221126.25
2025-07-31 09:16:00 AM,75.2,4125,310200.0,6531326.25
2025-07-31 09:16:01 AM,75.75,0,0.0,6531326.25
2025-07-31 09:16:01 AM,75.25,0,0.0,6531326.25
2025-07-31 09:16:02 AM,75.0,4875,365625.0,6896951.25
2025-07-31 09:16:02 AM,74.95,0,0.0,6896951.25
2025-07-31 09:16:03 AM,75.8,0,0.0,6896951.25
2025-07-31 09:16:03 AM,76.3,0,0.0,6896951.25
2025-07-31 09:16:03 AM,76.7,2400,184080.0,7081031.25
2025-07-31 09:16:04 AM,76.95,0,0.0,7081031.25
2025-07-31 09:16:05 AM,76.85,2475,190203.75,7271235.0
2025-07-31 09:16:05 AM,77.2,75,5790.0,7277025.0
2025-07-31 09:16:05 AM,77.45,0,0.0,7277025.0
2025-07-31 09:16:06 AM,79.0,0,0.0,7277025.0
2025-07-31 09:16:07 AM,79.8,2100,167580.0,7444605.0
2025-07-31 09:16:07 AM,78.7,0,0.0,7444605.0
2025-07-31 09:16:07 AM,79.35,0,0.0,7444605.0
2025-07-31 09:16:08 AM,79.3,0,0.0,7444605.0
2025-07-31 09:16:08 AM,79.5,0,0.0,7444605.0
2025-07-31 09:16:08 AM,79.5,1875,149062.5,7593667.5
2025-07-31 09:16:09 AM,80.55,0,0.0,7593667.5
2025-07-31 09:16:10 AM,80.85,900,72765.0,7666432.5
2025-07-31 09:16:10 AM,80.85,75,6063.75,7672496.25
2025-07-31 09:16:11 AM,80.6,0,0.0,7672496.25
2025-07-31 09:16:12 AM,80.95,2925,236778.75,7909275.0
2025-07-31 09:16:12 AM,81.9,0,0.0,7909275.0
2025-07-31 09:16:13 AM,81.8,0,0.0,7909275.0
2025-07-31 09:16:13 AM,81.25,1050,85312.5,7994587.5
2025-07-31 09:16:14 AM,82.0,0,0.0,7994587.5
2025-07-31 09:16:15 AM,82.55,3225,266223.75,8260811.25
2025-07-31 09:16:15 AM,82.15,0,0.0,8260811.25
2025-07-31 09:16:16 AM,81.65,0,0.0,8260811.25
2025-07-31 09:16:16 AM,81.65,1050,85732.5,8346543.75
2025-07-31 09:16:17 AM,82.2,0,0.0,8346543.75
2025-07-31 09:16:18 AM,81.4,1500,122100.00000000001,8468643.75
2025-07-31 09:16:19 AM,81.2,0,0.0,8468643.75
2025-07-31 09:16:19 AM,81.65,0,0.0,8468643.75
2025-07-31 09:16:20 AM,81.2,900,73080.0,8541723.75
2025-07-31 09:16:20 AM,81.05,75,6078.75,8547802.5
2025-07-31 09:16:20 AM,80.15,0,0.0,8547802.5
2025-07-31 09:16:21 AM,82.3,0,0.0,8547802.5
2025-07-31 09:16:21 AM,82.65,0,0.0,8547802.5
2025-07-31 09:16:21 AM,83.05,1950,161947.5,8709750.0
2025-07-31 09:16:21 AM,83.2,75,6240.0,8715990.0
2025-07-31 09:16:22 AM,83.4,0,0.0,8715990.0
2025-07-31 09:16:22 AM,83.05,0,0.0,8715990.0
2025-07-31 09:16:23 AM,82.3,2700,222210.0,8938200.0
2025-07-31 09:16:23 AM,82.3,75,6172.5,8944372.5
2025-07-31 09:16:24 AM,81.8,0,0.0,8944372.5
2025-07-31 09:16:24 AM,82.15,0,0.0,8944372.5
2025-07-31 09:16:25 AM,83.3,1575,131197.5,9075570.0
2025-07-31 09:16:25 AM,83.45,0,0.0,9075570.0
2025-07-31 09:16:26 AM,82.85,0,0.0,9075570.0
2025-07-31 09:16:26 AM,83.05,0,0.0,9075570.0
2025-07-31 09:16:26 AM,83.05,3975,330123.75,9405693.75
2025-07-31 09:16:27 AM,83.2,0,0.0,9405693.75
2025-07-31 09:16:28 AM,82.8,5925,490590.0,9896283.75
2025-07-31 09:16:28 AM,82.7,525,43417.5,9939701.25
2025-07-31 09:16:28 AM,83.0,0,0.0,9939701.25
2025-07-31 09:16:29 AM,82.05,0,0.0,9939701.25
2025-07-31 09:16:29 AM,82.7,8700,719490.0,10659191.25
2025-07-31 09:16:30 AM,81.9,0,0.0,10659191.25
2025-07-31 09:16:31 AM,81.6,0,0.0,10659191.25
2025-07-31 09:16:31 AM,81.95,0,0.0,10659191.25
2025-07-31 09:16:31 AM,82.05,5175,424608.75,11083800.0
2025-07-31 09:16:32 AM,81.15,0,0.0,11083800.0
2025-07-31 09:16:32 AM,80.4,0,0.0,11083800.0
2025-07-31 09:16:33 AM,79.9,2625,209737.50000000003,11293537.5
2025-07-31 09:16:33 AM,79.5,0,0.0,11293537.5
2025-07-31 09:16:34 AM,79.8,0,0.0,11293537.5
2025-07-31 09:16:34 AM,80.65,0,0.0,11293537.5
2025-07-31 09:16:34 AM,80.8,5175,418140.0,11711677.5
2025-07-31 09:16:35 AM,81.7,0,0.0,11711677.5
2025-07-31 09:16:36 AM,82.2,0,0.0,11711677.5
2025-07-31 09:16:36 AM,82.2,1200,98640.0,11810317.5
2025-07-31 09:16:37 AM,82.15,0,0.0,11810317.5
2025-07-31 09:16:38 AM,82.2,1950,160290.0,11970607.5
2025-07-31 09:16:39 AM,81.55,0,0.0,11970607.5
2025-07-31 09:16:39 AM,81.45,300,24435.0,11995042.5
2025-07-31 09:16:40 AM,81.4,150,12210.0,12007252.5
2025-07-31 09:16:42 AM,81.2,0,0.0,12007252.5
2025-07-31 09:16:43 AM,81.1,1050,85155.0,12092407.5
2025-07-31 09:16:43 AM,81.05,0,0.0,12092407.5
2025-07-31 09:16:44 AM,80.55,0,0.0,12092407.5
2025-07-31 09:16:44 AM,80.55,2100,169155.0,12261562.5
2025-07-31 09:16:45 AM,80.95,0,0.0,12261562.5
2025-07-31 09:16:46 AM,81.8,975,79755.0,12341317.5
2025-07-31 09:16:47 AM,81.95,0,0.0,12341317.5
2025-07-31 09:16:48 AM,82.4,1275,105060.0,12446377.5
2025-07-31 09:16:48 AM,82.5,0,0.0,12446377.5
2025-07-31 09:16:49 AM,83.4,0,0.0,12446377.5
2025-07-31 09:16:49 AM,83.4,375,31275.000000000004,12477652.5
2025-07-31 09:16:50 AM,83.1,0,0.0,12477652.5
2025-07-31 09:16:51 AM,82.65,525,43391.25,12521043.75
2025-07-31 09:16:51 AM,82.15,0,0.0,12521043.75
2025-07-31 09:16:52 AM,82.35,0,0.0,12521043.75
2025-07-31 09:16:52 AM,82.35,450,37057.5,12558101.25
2025-07-31 09:16:53 AM,82.15,0,0.0,12558101.25
2025-07-31 09:16:54 AM,82.15,150,12322.5,12570423.75
2025-07-31 09:16:56 AM,82.45,0,0.0,12570423.75
2025-07-31 09:16:56 AM,82.45,150,12367.5,12582791.25
2025-07-31 09:16:57 AM,82.5,0,0.0,12582791.25
2025-07-31 09:16:57 AM,82.5,75,6187.5,12588978.75
2025-07-31 09:16:58 AM,82.35,0,0.0,12588978.75
2025-07-31 09:16:58 AM,82.75,0,0.0,12588978.75
2025-07-31 09:16:58 AM,82.6,0,0.0,12588978.75
2025-07-31 09:16:59 AM,82.6,1875,154875.0,12743853.75
2025-07-31 09:16:59 AM,82.4,0,0.0,12743853.75
2025-07-31 09:17:00 AM,82.9,0,0.0,12743853.75
2025-07-31 09:17:01 AM,82.8,6000,496800.0,13240653.75
2025-07-31 09:17:01 AM,82.9,0,0.0,13240653.75
2025-07-31 09:17:01 AM,82.5,0,0.0,13240653.75
2025-07-31 09:17:02 AM,83.2,0,0.0,13240653.75
2025-07-31 09:17:02 AM,82.8,0,0.0,13240653.75
2025-07-31 09:17:02 AM,82.9,900,74610.0,13315263.75
2025-07-31 09:17:03 AM,83.4,0,0.0,13315263.75
2025-07-31 09:17:04 AM,83.15,2625,218268.75000000003,13533532.5
2025-07-31 09:17:04 AM,83.1,0,0.0,13533532.5
2025-07-31 09:17:05 AM,82.5,0,0.0,13533532.5
2025-07-31 09:17:05 AM,82.75,0,0.0,13533532.5
2025-07-31 09:17:06 AM,83.0,1875,155625.0,13689157.5
2025-07-31 09:17:06 AM,83.0,375,31125.0,13720282.5
2025-07-31 09:17:06 AM,82.75,0,0.0,13720282.5
2025-07-31 09:17:07 AM,83.35,0,0.0,13720282.5
2025-07-31 09:17:07 AM,83.35,1425,118773.74999999999,13839056.25
2025-07-31 09:17:08 AM,83.7,0,0.0,13839056.25
2025-07-31 09:17:09 AM,84.2,825,69465.0,13908521.25
2025-07-31 09:17:10 AM,84.45,0,0.0,13908521.25
2025-07-31 09:17:10 AM,84.95,0,0.0,13908521.25
2025-07-31 09:17:10 AM,85.5,6375,545062.5,14453583.75
2025-07-31 09:17:11 AM,85.2,0,0.0,14453583.75
2025-07-31 09:17:12 AM,85.2,525,44730.0,14498313.75
2025-07-31 09:17:13 AM,84.7,0,0.0,14498313.75
2025-07-31 09:17:13 AM,84.65,0,0.0,14498313.75
2025-07-31 09:17:14 AM,85.0,2850,242250.0,14740563.75
2025-07-31 09:17:14 AM,85.0,375,31875.0,14772438.75
2025-07-31 09:17:14 AM,85.65,0,0.0,14772438.75
2025-07-31 09:17:15 AM,86.1,0,0.0,14772438.75
2025-07-31 09:17:15 AM,86.25,0,0.0,14772438.75
2025-07-31 09:17:15 AM,87.5,8475,741562.5,15514001.25
2025-07-31 09:17:15 AM,87.25,600,52350.0,15566351.25
2025-07-31 09:17:16 AM,86.8,0,0.0,15566351.25
2025-07-31 09:17:16 AM,86.85,0,0.0,15566351.25
2025-07-31 09:17:17 AM,86.35,5400,466289.99999999994,16032641.25
2025-07-31 09:17:17 AM,86.6,0,0.0,16032641.25
2025-07-31 09:17:18 AM,86.55,0,0.0,16032641.25
2025-07-31 09:17:19 AM,86.8,375,32550.0,16065191.25
2025-07-31 09:17:19 AM,87.1,75,6532.5,16071723.75
2025-07-31 09:17:19 AM,87.4,0,0.0,16071723.75
2025-07-31 09:17:20 AM,88.15,0,0.0,16071723.75
2025-07-31 09:17:20 AM,88.15,450,39667.5,16111391.25
2025-07-31 09:17:20 AM,88.55,75,6641.25,16118032.5
2025-07-31 09:17:20 AM,88.8,0,0.0,16118032.5
2025-07-31 09:17:21 AM,89.0,0,0.0,16118032.5
2025-07-31 09:17:21 AM,89.4,0,0.0,16118032.5
2025-07-31 09:17:22 AM,90.0,1125,101250.0,16219282.5
2025-07-31 09:17:22 AM,90.05,0,0.0,16219282.5
2025-07-31 09:17:23 AM,89.6,0,0.0,16219282.5
2025-07-31 09:17:23 AM,89.8,0,0.0,16219282.5
2025-07-31 09:17:23 AM,89.8,1200,107760.0,16327042.5
2025-07-31 09:17:24 AM,91.35,0,0.0,16327042.5
2025-07-31 09:17:24 AM,90.65,0,0.0,16327042.5
2025-07-31 09:17:25 AM,89.0,0,0.0,16327042.5
2025-07-31 09:17:25 AM,89.0,1200,106800.0,16433842.5
2025-07-31 09:17:26 AM,89.15,0,0.0,16433842.5
2025-07-31 09:17:27 AM,88.75,1275,113156.25,16546998.75
2025-07-31 09:17:27 AM,88.6,0,0.0,16546998.75
2025-07-31 09:17:28 AM,88.3,0,0.0,16546998.75
2025-07-31 09:17:28 AM,88.4,1500,132600.0,16679598.75
2025-07-31 09:17:29 AM,88.5,0,0.0,16679598.75
2025-07-31 09:17:29 AM,88.4,0,0.0,16679598.75
2025-07-31 09:17:30 AM,88.5,8325,736762.5,17416361.25
2025-07-31 09:17:30 AM,88.8,0,0.0,17416361.25
2025-07-31 09:17:31 AM,89.5,0,0.0,17416361.25
2025-07-31 09:17:31 AM,89.4,0,0.0,17416361.25
2025-07-31 09:17:32 AM,89.4,2550,227970.0,17644331.25
2025-07-31 09:17:32 AM,88.95,0,0.0,17644331.25
2025-07-31 09:17:33 AM,88.6,0,0.0,17644331.25
2025-07-31 09:17:33 AM,88.6,150,13290.0,17657621.25
2025-07-31 09:17:33 AM,89.7,75,6727.5,17664348.75
2025-07-31 09:17:34 AM,89.35,0,0.0,17664348.75
2025-07-31 09:17:34 AM,89.3,0,0.0,17664348.75
2025-07-31 09:17:35 AM,88.7,525,46567.5,17710916.25
2025-07-31 09:17:36 AM,87.7,0,0.0,17710916.25
2025-07-31 09:17:36 AM,88.45,0,0.0,17710916.25
2025-07-31 09:17:37 AM,88.1,1650,145365.0,17856281.25
2025-07-31 09:17:37 AM,87.55,0,0.0,17856281.25
2025-07-31 09:17:38 AM,87.6,0,0.0,17856281.25
2025-07-31 09:17:38 AM,87.4,0,0.0,17856281.25
2025-07-31 09:17:38 AM,87.4,1950,170430.0,18026711.25
2025-07-31 09:17:39 AM,88.25,0,0.0,18026711.25
2025-07-31 09:17:39 AM,87.75,0,0.0,18026711.25
2025-07-31 09:17:40 AM,88.15,7275,641291.25,18668002.5
2025-07-31 09:17:41 AM,88.4,0,0.0,18668002.5
2025-07-31 09:17:41 AM,88.1,1275,112327.5,18780330.0
2025-07-31 09:17:42 AM,86.85,5550,482017.49999999994,19262347.5
2025-07-31 09:17:42 AM,87.15,0,0.0,19262347.5
2025-07-31 09:17:42 AM,87.1,0,0.0,19262347.5
2025-07-31 09:17:43 AM,86.7,0,0.0,19262347.5
2025-07-31 09:17:43 AM,86.75,1575,136631.25,19398978.75
2025-07-31 09:17:43 AM,87.1,0,0.0,19398978.75
2025-07-31 09:17:44 AM,86.4,0,0.0,19398978.75
2025-07-31 09:17:45 AM,86.35,525,45333.75,19444312.5
2025-07-31 09:17:45 AM,85.3,0,0.0,19444312.5
2025-07-31 09:17:46 AM,84.55,0,0.0,19444312.5
2025-07-31 09:17:46 AM,83.95,0,0.0,19444312.5
2025-07-31 09:17:46 AM,84.4,1950,164580.0,19608892.5
2025-07-31 09:17:47 AM,84.05,0,0.0,19608892.5
2025-07-31 09:17:47 AM,84.95,0,0.0,19608892.5
2025-07-31 09:17:48 AM,85.5,0,0.0,19608892.5
2025-07-31 09:17:48 AM,85.5,1500,128250.0,19737142.5
2025-07-31 09:17:49 AM,85.1,0,0.0,19737142.5
2025-07-31 09:17:50 AM,85.1,75,6382.5,19743525.0
2025-07-31 09:17:50 AM,84.5,75,6337.5,19749862.5
2025-07-31 09:17:51 AM,84.45,0,0.0,19749862.5
2025-07-31 09:17:51 AM,84.45,225,19001.25,19768863.75
2025-07-31 09:17:51 AM,84.25,300,25275.0,19794138.75
2025-07-31 09:17:53 AM,83.25,0,0.0,19794138.75
2025-07-31 09:17:54 AM,83.75,0,0.0,19794138.75
2025-07-31 09:17:54 AM,83.9,0,0.0,19794138.75
2025-07-31 09:17:55 AM,83.45,2250,187762.5,19981901.25
2025-07-31 09:17:55 AM,83.0,0,0.0,19981901.25
2025-07-31 09:17:56 AM,82.75,0,0.0,19981901.25
2025-07-31 09:17:56 AM,82.75,975,80681.25,20062582.5
2025-07-31 09:17:57 AM,82.5,0,0.0,20062582.5
2025-07-31 09:17:57 AM,82.25,0,0.0,20062582.5
2025-07-31 09:17:58 AM,82.0,750,61500.0,20124082.5
2025-07-31 09:17:58 AM,82.6,0,0.0,20124082.5
2025-07-31 09:17:59 AM,83.0,0,0.0,20124082.5
2025-07-31 09:17:59 AM,83.25,0,0.0,20124082.5
2025-07-31 09:17:59 AM,83.25,2250,187312.5,20311395.0
2025-07-31 09:18:00 AM,83.9,0,0.0,20311395.0
2025-07-31 09:18:00 AM,84.0,0,0.0,20311395.0
2025-07-31 09:18:01 AM,83.85,0,0.0,20311395.0
2025-07-31 09:18:01 AM,83.85,750,62887.49999999999,20374282.5
2025-07-31 09:18:01 AM,83.9,75,6292.5,20380575.0
2025-07-31 09:18:01 AM,83.65,0,0.0,20380575.0
2025-07-31 09:18:03 AM,84.3,900,75870.0,20456445.0
2025-07-31 09:18:04 AM,83.3,0,0.0,20456445.0
2025-07-31 09:18:04 AM,83.45,525,43811.25,20500256.25
2025-07-31 09:18:05 AM,82.7,0,0.0,20500256.25
2025-07-31 09:18:06 AM,80.9,0,0.0,20500256.25
2025-07-31 09:18:06 AM,80.9,4575,370117.5,20870373.75
2025-07-31 09:18:06 AM,80.3,150,12045.0,20882418.75
2025-07-31 09:18:06 AM,79.65,0,0.0,20882418.75
2025-07-31 09:18:07 AM,79.3,0,0.0,20882418.75
2025-07-31 09:18:07 AM,80.0,0,0.0,20882418.75
2025-07-31 09:18:08 AM,78.95,7800,615810.0,21498228.75
2025-07-31 09:18:08 AM,78.8,0,0.0,21498228.75
2025-07-31 09:18:08 AM,79.15,0,0.0,21498228.75
2025-07-31 09:18:09 AM,79.0,0,0.0,21498228.75
2025-07-31 09:18:09 AM,79.4,2100,166740.0,21664968.75
2025-07-31 09:18:10 AM,78.75,0,0.0,21664968.75
2025-07-31 09:18:10 AM,78.7,0,0.0,21664968.75
2025-07-31 09:18:11 AM,77.95,4650,362467.5,22027436.25
2025-07-31 09:18:11 AM,78.15,1800,140670.0,22168106.25
2025-07-31 09:18:12 AM,77.55,0,0.0,22168106.25
2025-07-31 09:18:12 AM,77.2,0,0.0,22168106.25
2025-07-31 09:18:13 AM,77.2,1575,121590.0,22289696.25
2025-07-31 09:18:13 AM,77.8,0,0.0,22289696.25
2025-07-31 09:18:14 AM,78.7,0,0.0,22289696.25
2025-07-31 09:18:14 AM,78.7,300,23610.0,22313306.25
2025-07-31 09:18:15 AM,78.4,75,5880.0,22319186.25
2025-07-31 09:18:16 AM,79.45,0,0.0,22319186.25
2025-07-31 09:18:17 AM,79.45,750,59587.5,22378773.75
2025-07-31 09:18:18 AM,80.1,0,0.0,22378773.75
2025-07-31 09:18:18 AM,80.55,0,0.0,22378773.75
2025-07-31 09:18:18 AM,80.55,225,18123.75,22396897.5
2025-07-31 09:18:20 AM,81.2,0,0.0,22396897.5
2025-07-31 09:18:21 AM,81.15,0,0.0,22396897.5
2025-07-31 09:18:22 AM,80.9,375,30337.500000000004,22427235.0
2025-07-31 09:18:22 AM,80.25,450,36112.5,22463347.5
2025-07-31 09:18:22 AM,80.2,0,0.0,22463347.5
2025-07-31 09:18:22 AM,80.6,0,0.0,22463347.5
2025-07-31 09:18:23 AM,80.7,0,0.0,22463347.5
2025-07-31 09:18:23 AM,80.8,0,0.0,22463347.5
2025-07-31 09:18:23 AM,80.8,900,72720.0,22536067.5
2025-07-31 09:18:25 AM,81.35,1500,122024.99999999999,22658092.5
2025-07-31 09:18:26 AM,81.9,0,0.0,22658092.5
2025-07-31 09:18:26 AM,81.45,0,0.0,22658092.5
2025-07-31 09:18:27 AM,81.85,750,61387.49999999999,22719480.0
2025-07-31 09:18:27 AM,82.05,150,12307.5,22731787.5
2025-07-31 09:18:28 AM,81.85,0,0.0,22731787.5
2025-07-31 09:18:28 AM,81.85,75,6138.75,22737926.25
2025-07-31 09:18:28 AM,81.45,0,0.0,22737926.25
2025-07-31 09:18:28 AM,81.45,150,12217.5,22750143.75
2025-07-31 09:18:29 AM,81.2,0,0.0,22750143.75
2025-07-31 09:18:30 AM,80.7,2025,163417.5,22913561.25
2025-07-31 09:18:31 AM,79.95,0,0.0,22913561.25
2025-07-31 09:18:31 AM,80.2,0,0.0,22913561.25
2025-07-31 09:18:32 AM,79.8,1200,95760.0,23009321.25
2025-07-31 09:18:32 AM,79.45,150,11917.5,23021238.75
2025-07-31 09:18:33 AM,79.9,0,0.0,23021238.75
2025-07-31 09:18:33 AM,79.9,300,23970.0,23045208.75
2025-07-31 09:18:34 AM,81.0,0,0.0,23045208.75
2025-07-31 09:18:35 AM,81.3,825,67072.5,23112281.25
2025-07-31 09:18:35 AM,81.55,150,12232.5,23124513.75
2025-07-31 09:18:36 AM,81.7,0,0.0,23124513.75
2025-07-31 09:18:37 AM,81.7,600,49020.0,23173533.75
2025-07-31 09:18:37 AM,82.3,450,37035.0,23210568.75
2025-07-31 09:18:38 AM,82.4,0,0.0,23210568.75
2025-07-31 09:18:38 AM,82.55,825,68103.75,23278672.5
2025-07-31 09:18:39 AM,82.6,0,0.0,23278672.5
2025-07-31 09:18:40 AM,82.6,375,30974.999999999996,23309647.5
2025-07-31 09:18:41 AM,82.35,0,0.0,23309647.5
2025-07-31 09:18:42 AM,82.35,150,12352.5,23322000.0
2025-07-31 09:18:43 AM,81.7,0,0.0,23322000.0
2025-07-31 09:18:43 AM,81.7,225,18382.5,23340382.5
2025-07-31 09:18:44 AM,81.4,0,0.0,23340382.5
2025-07-31 09:18:45 AM,81.4,300,24420.0,23364802.5
2025-07-31 09:18:45 AM,81.45,0,0.0,23364802.5
2025-07-31 09:18:45 AM,81.45,75,6108.75,23370911.25
2025-07-31 09:18:46 AM,82.05,0,0.0,23370911.25
2025-07-31 09:18:47 AM,82.05,150,12307.5,23383218.75
2025-07-31 09:18:47 AM,82.4,1350,111240.00000000001,23494458.75
2025-07-31 09:18:48 AM,82.7,0,0.0,23494458.75
2025-07-31 09:18:48 AM,82.7,300,24810.0,23519268.75
2025-07-31 09:18:50 AM,81.7,0,0.0,23519268.75
2025-07-31 09:18:50 AM,81.7,600,49020.0,23568288.75
2025-07-31 09:18:51 AM,81.6,0,0.0,23568288.75
2025-07-31 09:18:51 AM,81.75,0,0.0,23568288.75
2025-07-31 09:18:52 AM,81.95,450,36877.5,23605166.25
2025-07-31 09:18:53 AM,82.05,0,0.0,23605166.25
2025-07-31 09:18:53 AM,82.05,75,6153.75,23611320.0
2025-07-31 09:18:54 AM,81.5,0,0.0,23611320.0
2025-07-31 09:18:55 AM,81.5,975,79462.5,23690782.5
2025-07-31 09:18:56 AM,80.9,0,0.0,23690782.5
2025-07-31 09:18:57 AM,80.9,300,24270.0,23715052.5
2025-07-31 09:18:57 AM,81.45,0,0.0,23715052.5
2025-07-31 09:18:58 AM,81.7,0,0.0,23715052.5
2025-07-31 09:18:58 AM,81.7,375,30637.5,23745690.0
2025-07-31 09:19:00 AM,81.75,0,0.0,23745690.0
2025-07-31 09:19:00 AM,81.4,300,24420.0,23770110.0
2025-07-31 09:19:00 AM,80.5,150,12075.0,23782185.0
2025-07-31 09:19:02 AM,79.85,1575,125763.74999999999,23907948.75
2025-07-31 09:19:02 AM,79.85,150,11977.5,23919926.25
2025-07-31 09:19:03 AM,79.9,0,0.0,23919926.25
2025-07-31 09:19:03 AM,79.9,1050,83895.0,24003821.25
2025-07-31 09:19:04 AM,79.3,0,0.0,24003821.25
2025-07-31 09:19:04 AM,79.35,0,0.0,24003821.25
2025-07-31 09:19:05 AM,79.65,375,29868.750000000004,24033690.0
2025-07-31 09:19:06 AM,80.05,0,0.0,24033690.0
2025-07-31 09:19:07 AM,79.3,525,41632.5,24075322.5
2025-07-31 09:19:08 AM,78.95,0,0.0,24075322.5
2025-07-31 09:19:08 AM,78.95,150,11842.5,24087165.0
2025-07-31 09:19:09 AM,79.15,0,0.0,24087165.0
2025-07-31 09:19:10 AM,79.15,450,35617.5,24122782.5
2025-07-31 09:19:11 AM,79.6,0,0.0,24122782.5
2025-07-31 09:19:12 AM,79.6,75,5970.0,24128752.5
2025-07-31 09:19:12 AM,79.45,0,0.0,24128752.5
2025-07-31 09:19:13 AM,79.25,0,0.0,24128752.5
2025-07-31 09:19:13 AM,79.25,150,11887.5,24140640.0
2025-07-31 09:19:14 AM,79.75,150,11962.5,24152602.5
2025-07-31 09:19:14 AM,79.15,0,0.0,24152602.5
2025-07-31 09:19:15 AM,79.15,75,5936.25,24158538.75
2025-07-31 09:19:15 AM,78.45,150,11767.5,24170306.25
2025-07-31 09:19:16 AM,78.1,0,0.0,24170306.25
2025-07-31 09:19:17 AM,78.1,900,70290.0,24240596.25
2025-07-31 09:19:17 AM,78.75,0,0.0,24240596.25
2025-07-31 09:19:18 AM,78.85,0,0.0,24240596.25
2025-07-31 09:19:18 AM,78.85,225,17741.25,24258337.5
2025-07-31 09:19:19 AM,78.9,0,0.0,24258337.5
2025-07-31 09:19:20 AM,78.0,9150,713700.0,24972037.5
2025-07-31 09:19:20 AM,79.0,0,0.0,24972037.5
2025-07-31 09:19:21 AM,78.6,0,0.0,24972037.5
2025-07-31 09:19:22 AM,78.6,6000,471599.99999999994,25443637.5
2025-07-31 09:19:23 AM,78.3,0,0.0,25443637.5
2025-07-31 09:19:23 AM,78.3,75,5872.5,25449510.0
2025-07-31 09:19:24 AM,78.05,0,0.0,25449510.0
2025-07-31 09:19:24 AM,78.2,0,0.0,25449510.0
2025-07-31 09:19:25 AM,78.7,3600,283320.0,25732830.0
2025-07-31 09:19:27 AM,79.35,0,0.0,25732830.0
2025-07-31 09:19:28 AM,79.15,0,0.0,25732830.0
2025-07-31 09:19:28 AM,79.5,525,41737.5,25774567.5
2025-07-31 09:19:29 AM,79.2,675,53460.0,25828027.5
2025-07-31 09:19:30 AM,78.8,0,0.0,25828027.5
2025-07-31 09:19:31 AM,79.2,0,0.0,25828027.5
2025-07-31 09:19:32 AM,79.2,300,23760.0,25851787.5
2025-07-31 09:19:33 AM,78.8,0,0.0,25851787.5
2025-07-31 09:19:33 AM,78.8,150,11820.0,25863607.5
2025-07-31 09:19:34 AM,78.5,0,0.0,25863607.5
2025-07-31 09:19:34 AM,78.0,0,0.0,25863607.5
2025-07-31 09:19:35 AM,78.0,975,76050.0,25939657.5
2025-07-31 09:19:36 AM,78.3,0,0.0,25939657.5
2025-07-31 09:19:37 AM,78.3,375,29362.5,25969020.0
2025-07-31 09:19:37 AM,77.9,0,0.0,25969020.0
2025-07-31 09:19:37 AM,77.9,150,11685.0,25980705.0
2025-07-31 09:19:37 AM,78.0,0,0.0,25980705.0
2025-07-31 09:19:38 AM,78.0,150,11700.0,25992405.0
2025-07-31 09:19:39 AM,78.05,150,11707.5,26004112.5
2025-07-31 09:19:39 AM,77.95,0,0.0,26004112.5
2025-07-31 09:19:40 AM,77.85,375,29193.749999999996,26033306.25
2025-07-31 09:19:40 AM,77.7,0,0.0,26033306.25
2025-07-31 09:19:40 AM,77.6,300,23280.0,26056586.25
2025-07-31 09:19:41 AM,77.35,0,0.0,26056586.25
2025-07-31 09:19:42 AM,78.0,750,58500.0,26115086.25
2025-07-31 09:19:42 AM,77.8,0,0.0,26115086.25
2025-07-31 09:19:43 AM,77.8,300,23340.0,26138426.25
2025-07-31 09:19:44 AM,77.75,0,0.0,26138426.25
2025-07-31 09:19:45 AM,77.75,225,17493.75,26155920.0
2025-07-31 09:19:46 AM,78.4,0,0.0,26155920.0
2025-07-31 09:19:47 AM,78.4,75,5880.0,26161800.0
2025-07-31 09:19:47 AM,77.7,75,5827.5,26167627.5
2025-07-31 09:19:47 AM,77.35,0,0.0,26167627.5
2025-07-31 09:19:48 AM,77.9,0,0.0,26167627.5
2025-07-31 09:19:48 AM,77.8,450,35010.0,26202637.5
2025-07-31 09:19:49 AM,77.85,900,70065.0,26272702.5
2025-07-31 09:19:50 AM,77.75,75,5831.25,26278533.75
2025-07-31 09:19:50 AM,77.2,150,11580.0,26290113.75
2025-07-31 09:19:51 AM,77.3,0,0.0,26290113.75
2025-07-31 09:19:52 AM,76.45,1125,86006.25,26376120.0
2025-07-31 09:19:52 AM,75.8,0,0.0,26376120.0
2025-07-31 09:19:53 AM,75.5,0,0.0,26376120.0
2025-07-31 09:19:53 AM,76.15,1350,102802.50000000001,26478922.5
2025-07-31 09:19:54 AM,76.15,75,5711.25,26484633.75
2025-07-31 09:19:54 AM,75.9,0,0.0,26484633.75
2025-07-31 09:19:55 AM,76.65,450,34492.5,26519126.25
2025-07-31 09:19:56 AM,76.1,0,0.0,26519126.25
2025-07-31 09:19:57 AM,76.1,300,22830.0,26541956.25
2025-07-31 09:19:57 AM,76.05,0,0.0,26541956.25
2025-07-31 09:19:58 AM,75.9,0,0.0,26541956.25
2025-07-31 09:19:58 AM,76.4,0,0.0,26541956.25
2025-07-31 09:19:58 AM,76.4,1200,91680.0,26633636.25
2025-07-31 09:19:59 AM,76.2,0,0.0,26633636.25
2025-07-31 09:20:00 AM,76.2,1200,91440.0,26725076.25
2025-07-31 09:20:00 AM,75.65,300,22695.0,26747771.25
2025-07-31 09:20:01 AM,76.55,0,0.0,26747771.25
2025-07-31 09:20:02 AM,76.55,150,11482.5,26759253.75
2025-07-31 09:20:02 AM,77.25,150,11587.5,26770841.25
2025-07-31 09:20:03 AM,76.9,0,0.0,26770841.25
2025-07-31 09:20:03 AM,77.0,1875,144375.0,26915216.25
2025-07-31 09:20:04 AM,77.0,600,46200.0,26961416.25
2025-07-31 09:20:04 AM,77.25,0,0.0,26961416.25
2025-07-31 09:20:05 AM,77.15,750,57862.50000000001,27019278.75
2025-07-31 09:20:06 AM,77.1,0,0.0,27019278.75
2025-07-31 09:20:06 AM,77.0,0,0.0,27019278.75
2025-07-31 09:20:07 AM,77.35,1125,87018.75,27106297.5
2025-07-31 09:20:07 AM,77.3,75,5797.5,27112095.0
2025-07-31 09:20:07 AM,77.25,0,0.0,27112095.0
2025-07-31 09:20:08 AM,77.55,0,0.0,27112095.0
2025-07-31 09:20:08 AM,77.55,300,23265.0,27135360.0
2025-07-31 09:20:11 AM,77.15,0,0.0,27135360.0
2025-07-31 09:20:11 AM,76.8,0,0.0,27135360.0
2025-07-31 09:20:12 AM,76.8,225,17280.0,27152640.0
2025-07-31 09:20:12 AM,76.5,375,28687.5,27181327.5
2025-07-31 09:20:13 AM,76.7,0,0.0,27181327.5
2025-07-31 09:20:13 AM,76.7,300,23010.0,27204337.5
2025-07-31 09:20:15 AM,76.0,0,0.0,27204337.5
2025-07-31 09:20:15 AM,75.75,0,0.0,27204337.5
2025-07-31 09:20:15 AM,75.75,450,34087.5,27238425.0
2025-07-31 09:20:16 AM,75.25,0,0.0,27238425.0
2025-07-31 09:20:17 AM,74.7,825,61627.5,27300052.5
2025-07-31 09:20:18 AM,75.25,0,0.0,27300052.5
2025-07-31 09:20:18 AM,75.05,4350,326467.5,27626520.0
2025-07-31 09:20:19 AM,74.4,0,0.0,27626520.0
2025-07-31 09:20:20 AM,74.0,0,0.0,27626520.0
2025-07-31 09:20:20 AM,74.0,450,33300.0,27659820.0
2025-07-31 09:20:21 AM,74.05,0,0.0,27659820.0
2025-07-31 09:20:21 AM,74.3,0,0.0,27659820.0
2025-07-31 09:20:22 AM,74.1,1200,88920.0,27748740.0
2025-07-31 09:20:22 AM,73.8,450,33210.0,27781950.0
2025-07-31 09:20:23 AM,73.35,0,0.0,27781950.0
2025-07-31 09:20:23 AM,73.5,0,0.0,27781950.0
2025-07-31 09:20:23 AM,73.2,1200,87840.0,27869790.0
2025-07-31 09:20:24 AM,73.35,300,22005.0,27891795.0
2025-07-31 09:20:24 AM,73.55,0,0.0,27891795.0
2025-07-31 09:20:25 AM,72.85,0,0.0,27891795.0
2025-07-31 09:20:25 AM,72.85,975,71028.75,27962823.75
2025-07-31 09:20:26 AM,72.9,0,0.0,27962823.75
2025-07-31 09:20:26 AM,73.05,0,0.0,27962823.75
2025-07-31 09:20:27 AM,73.15,1425,104238.75000000001,28067062.5
2025-07-31 09:20:27 AM,73.2,150,10980.0,28078042.5
2025-07-31 09:20:27 AM,73.35,0,0.0,28078042.5
2025-07-31 09:20:28 AM,73.0,0,0.0,28078042.5
2025-07-31 09:20:28 AM,72.85,375,27318.749999999996,28105361.25
2025-07-31 09:20:29 AM,73.05,75,5478.75,28110840.0
2025-07-31 09:20:29 AM,72.35,0,0.0,28110840.0
2025-07-31 09:20:30 AM,72.0,525,37800.0,28148640.0
2025-07-31 09:20:31 AM,72.05,0,0.0,28148640.0
2025-07-31 09:20:32 AM,71.85,150,10777.5,28159417.5
2025-07-31 09:20:33 AM,71.35,0,0.0,28159417.5
2025-07-31 09:20:33 AM,70.85,0,0.0,28159417.5
2025-07-31 09:20:33 AM,70.9,1725,122302.50000000001,28281720.0
2025-07-31 09:20:34 AM,71.25,375,26718.75,28308438.75
2025-07-31 09:20:34 AM,70.95,0,0.0,28308438.75
2025-07-31 09:20:35 AM,70.55,450,31747.5,28340186.25
2025-07-31 09:20:37 AM,70.45,300,21135.0,28361321.25
2025-07-31 09:20:37 AM,70.75,0,0.0,28361321.25
2025-07-31 09:20:37 AM,70.75,150,10612.5,28371933.75
2025-07-31 09:20:37 AM,70.4,0,0.0,28371933.75
2025-07-31 09:20:38 AM,70.4,75,5280.0,28377213.75
2025-07-31 09:20:39 AM,70.3,0,0.0,28377213.75
2025-07-31 09:20:39 AM,70.3,75,5272.5,28382486.25
2025-07-31 09:20:39 AM,70.1,0,0.0,28382486.25
2025-07-31 09:20:40 AM,70.25,0,0.0,28382486.25
2025-07-31 09:20:40 AM,70.25,750,52687.5,28435173.75
2025-07-31 09:20:40 AM,70.0,0,0.0,28435173.75
2025-07-31 09:20:40 AM,70.0,75,5250.0,28440423.75
2025-07-31 09:20:41 AM,69.05,0,0.0,28440423.75
2025-07-31 09:20:41 AM,68.95,0,0.0,28440423.75
2025-07-31 09:20:42 AM,69.1,1950,134745.0,28575168.75
2025-07-31 09:20:42 AM,68.8,300,20640.0,28595808.75
2025-07-31 09:20:43 AM,68.4,0,0.0,28595808.75
2025-07-31 09:20:43 AM,68.55,0,0.0,28595808.75
2025-07-31 09:20:44 AM,68.55,900,61695.0,28657503.75
2025-07-31 09:20:44 AM,68.8,600,41280.0,28698783.75
2025-07-31 09:20:44 AM,68.4,0,0.0,28698783.75
2025-07-31 09:20:44 AM,68.55,0,0.0,28698783.75
2025-07-31 09:20:45 AM,68.15,825,56223.75000000001,28755007.5
2025-07-31 09:20:46 AM,67.45,0,0.0,28755007.5
2025-07-31 09:20:46 AM,67.3,0,0.0,28755007.5
2025-07-31 09:20:47 AM,67.3,525,35332.5,28790340.0
2025-07-31 09:20:47 AM,67.5,75,5062.5,28795402.5
2025-07-31 09:20:48 AM,67.9,0,0.0,28795402.5
2025-07-31 09:20:48 AM,67.7,0,0.0,28795402.5
2025-07-31 09:20:49 AM,67.7,375,25387.5,28820790.0
2025-07-31 09:20:49 AM,67.35,75,5051.25,28825841.25
2025-07-31 09:20:49 AM,67.15,0,0.0,28825841.25
2025-07-31 09:20:50 AM,66.55,1425,94833.75,28920675.0
2025-07-31 09:20:50 AM,66.75,0,0.0,28920675.0
2025-07-31 09:20:50 AM,67.0,0,0.0,28920675.0
2025-07-31 09:20:50 AM,67.0,450,30150.0,28950825.0
2025-07-31 09:20:51 AM,66.2,0,0.0,28950825.0
2025-07-31 09:20:51 AM,65.75,0,0.0,28950825.0
2025-07-31 09:20:52 AM,65.9,1350,88965.00000000001,29039790.0
2025-07-31 09:20:52 AM,66.3,0,0.0,29039790.0
2025-07-31 09:20:52 AM,66.3,450,29835.0,29069625.0
2025-07-31 09:20:53 AM,66.85,0,0.0,29069625.0
2025-07-31 09:20:54 AM,66.85,2175,145398.75,29215023.75
2025-07-31 09:20:54 AM,66.75,225,15018.75,29230042.5
2025-07-31 09:20:54 AM,66.45,0,0.0,29230042.5
2025-07-31 09:20:54 AM,66.8,0,0.0,29230042.5
2025-07-31 09:20:55 AM,67.55,0,0.0,29230042.5
2025-07-31 09:20:55 AM,67.55,2325,157053.75,29387096.25
2025-07-31 09:20:56 AM,68.45,0,0.0,29387096.25
2025-07-31 09:20:56 AM,69.05,0,0.0,29387096.25
2025-07-31 09:20:57 AM,69.05,900,62145.0,29449241.25
2025-07-31 09:20:57 AM,69.25,0,0.0,29449241.25
2025-07-31 09:20:58 AM,68.65,0,0.0,29449241.25
2025-07-31 09:20:59 AM,68.65,300,20595.0,29469836.25
2025-07-31 09:21:00 AM,69.1,0,0.0,29469836.25
2025-07-31 09:21:00 AM,69.1,150,10365.0,29480201.25
2025-07-31 09:21:00 AM,69.05,75,5178.75,29485380.0
2025-07-31 09:21:01 AM,67.5,0,0.0,29485380.0
2025-07-31 09:21:02 AM,67.5,975,65812.5,29551192.5
2025-07-31 09:21:02 AM,67.2,75,5040.0,29556232.5
2025-07-31 09:21:03 AM,66.75,0,0.0,29556232.5
2025-07-31 09:21:03 AM,66.45,0,0.0,29556232.5
2025-07-31 09:21:04 AM,66.95,2100,140595.0,29696827.5
2025-07-31 09:21:04 AM,67.25,0,0.0,29696827.5
2025-07-31 09:21:04 AM,66.95,0,0.0,29696827.5
2025-07-31 09:21:05 AM,67.45,825,55646.25,29752473.75
2025-07-31 09:21:06 AM,67.6,0,0.0,29752473.75
2025-07-31 09:21:07 AM,67.55,6675,450896.25,30203370.0
2025-07-31 09:21:07 AM,68.05,0,0.0,30203370.0
2025-07-31 09:21:07 AM,68.05,300,20415.0,30223785.0
2025-07-31 09:21:08 AM,68.55,0,0.0,30223785.0
2025-07-31 09:21:09 AM,68.75,975,67031.25,30290816.25
2025-07-31 09:21:09 AM,68.35,0,0.0,30290816.25
2025-07-31 09:21:10 AM,68.8,0,0.0,30290816.25
2025-07-31 09:21:10 AM,68.8,225,15480.0,30306296.25
2025-07-31 09:21:11 AM,69.45,0,0.0,30306296.25
2025-07-31 09:21:12 AM,69.6,525,36540.0,30342836.25
2025-07-31 09:21:12 AM,70.0,0,0.0,30342836.25
2025-07-31 09:21:12 AM,70.0,150,10500.0,30353336.25
2025-07-31 09:21:13 AM,70.25,0,0.0,30353336.25
2025-07-31 09:21:13 AM,70.45,0,0.0,30353336.25
2025-07-31 09:21:14 AM,70.45,4275,301173.75,30654510.0
2025-07-31 09:21:14 AM,70.15,75,5261.25,30659771.25
2025-07-31 09:21:14 AM,69.75,0,0.0,30659771.25
2025-07-31 09:21:15 AM,69.45,0,0.0,30659771.25
2025-07-31 09:21:15 AM,69.45,6675,463578.75,31123350.0
2025-07-31 09:21:17 AM,68.55,0,0.0,31123350.0
2025-07-31 09:21:17 AM,68.55,225,15423.75,31138773.75
2025-07-31 09:21:17 AM,69.0,0,0.0,31138773.75
2025-07-31 09:21:18 AM,68.8,0,0.0,31138773.75
2025-07-31 09:21:18 AM,68.9,0,0.0,31138773.75
2025-07-31 09:21:18 AM,68.85,0,0.0,31138773.75
2025-07-31 09:21:19 AM,68.85,5550,382117.49999999994,31520891.25
2025-07-31 09:21:19 AM,68.8,300,20640.0,31541531.25
2025-07-31 09:21:19 AM,68.2,0,0.0,31541531.25
2025-07-31 09:21:20 AM,68.35,3750,256312.49999999997,31797843.75
2025-07-31 09:21:21 AM,68.2,0,0.0,31797843.75
2025-07-31 09:21:22 AM,68.15,3525,240228.75000000003,32038072.5
2025-07-31 09:21:22 AM,68.35,75,5126.25,32043198.75
2025-07-31 09:21:22 AM,68.3,0,0.0,32043198.75
2025-07-31 09:21:23 AM,68.2,0,0.0,32043198.75
2025-07-31 09:21:23 AM,68.35,0,0.0,32043198.75
2025-07-31 09:21:24 AM,68.35,11925,815073.7499999999,32858272.5
2025-07-31 09:21:24 AM,68.05,1500,102075.0,32960347.5
2025-07-31 09:21:24 AM,68.25,0,0.0,32960347.5
2025-07-31 09:21:25 AM,68.1,0,0.0,32960347.5
2025-07-31 09:21:25 AM,68.1,1800,122579.99999999999,33082927.5
2025-07-31 09:21:26 AM,68.35,0,0.0,33082927.5
2025-07-31 09:21:27 AM,68.0,150,10200.0,33093127.5
2025-07-31 09:21:27 AM,67.95,75,5096.25,33098223.75
2025-07-31 09:21:28 AM,68.0,0,0.0,33098223.75
2025-07-31 09:21:29 AM,68.0,225,15300.0,33113523.75
2025-07-31 09:21:29 AM,69.25,0,0.0,33113523.75
2025-07-31 09:21:30 AM,69.25,300,20775.0,33134298.75
2025-07-31 09:21:31 AM,68.7,0,0.0,33134298.75
2025-07-31 09:21:31 AM,68.05,0,0.0,33134298.75
2025-07-31 09:21:32 AM,68.05,300,20415.0,33154713.75
2025-07-31 09:21:33 AM,68.6,0,0.0,33154713.75
2025-07-31 09:21:33 AM,68.9,0,0.0,33154713.75
2025-07-31 09:21:34 AM,68.9,450,31005.000000000004,33185718.75
2025-07-31 09:21:35 AM,68.75,0,0.0,33185718.75
2025-07-31 09:21:35 AM,68.75,2325,159843.75,33345562.5
2025-07-31 09:21:36 AM,68.9,0,0.0,33345562.5
2025-07-31 09:21:37 AM,68.7,3075,211252.5,33556815.0
2025-07-31 09:21:37 AM,68.9,750,51675.00000000001,33608490.0
2025-07-31 09:21:38 AM,68.55,0,0.0,33608490.0
2025-07-31 09:21:39 AM,68.55,1125,77118.75,33685608.75
2025-07-31 09:21:39 AM,68.45,0,0.0,33685608.75
2025-07-31 09:21:40 AM,68.45,75,5133.75,33690742.5
2025-07-31 09:21:41 AM,69.05,0,0.0,33690742.5
2025-07-31 09:21:41 AM,69.4,0,0.0,33690742.5
2025-07-31 09:21:42 AM,69.15,375,25931.250000000004,33716673.75
2025-07-31 09:21:43 AM,69.0,0,0.0,33716673.75
2025-07-31 09:21:44 AM,69.05,1575,108753.75,33825427.5
2025-07-31 09:21:44 AM,69.1,900,62189.99999999999,33887617.5
2025-07-31 09:21:45 AM,68.9,0,0.0,33887617.5
2025-07-31 09:21:45 AM,68.9,225,15502.500000000002,33903120.0
2025-07-31 09:21:45 AM,68.95,225,15513.75,33918633.75
2025-07-31 09:21:46 AM,68.75,0,0.0,33918633.75
2025-07-31 09:21:47 AM,68.75,75,5156.25,33923790.0
2025-07-31 09:21:47 AM,68.3,0,0.0,33923790.0
2025-07-31 09:21:49 AM,68.3,450,30735.0,33954525.0
2025-07-31 09:21:50 AM,68.7,0,0.0,33954525.0
2025-07-31 09:21:50 AM,68.7,75,5152.5,33959677.5
2025-07-31 09:21:52 AM,68.25,300,20475.0,33980152.5
2025-07-31 09:21:54 AM,68.8,150,10320.0,33990472.5
2025-07-31 09:21:54 AM,68.45,0,0.0,33990472.5
2025-07-31 09:21:55 AM,68.1,2700,183869.99999999997,34174342.5
2025-07-31 09:21:58 AM,69.5,0,0.0,34174342.5
2025-07-31 09:21:58 AM,69.35,0,0.0,34174342.5
2025-07-31 09:21:59 AM,69.35,300,20805.0,34195147.5
2025-07-31 09:21:59 AM,69.3,0,0.0,34195147.5
2025-07-31 09:22:00 AM,69.15,0,0.0,34195147.5
2025-07-31 09:22:00 AM,69.15,525,36303.75,34231451.25
2025-07-31 09:22:01 AM,69.55,0,0.0,34231451.25
2025-07-31 09:22:02 AM,69.35,225,15603.749999999998,34247055.0
2025-07-31 09:22:02 AM,70.1,0,0.0,34247055.0
2025-07-31 09:22:03 AM,70.15,0,0.0,34247055.0
2025-07-31 09:22:04 AM,70.15,300,21045.0,34268100.0
2025-07-31 09:22:04 AM,70.75,0,0.0,34268100.0
2025-07-31 09:22:04 AM,70.25,0,0.0,34268100.0
2025-07-31 09:22:05 AM,70.35,3225,226878.74999999997,34494978.75
2025-07-31 09:22:05 AM,70.95,0,0.0,34494978.75
2025-07-31 09:22:05 AM,71.1,225,15997.499999999998,34510976.25
2025-07-31 09:22:06 AM,70.9,0,0.0,34510976.25
2025-07-31 09:22:07 AM,71.85,3000,215549.99999999997,34726526.25
2025-07-31 09:22:07 AM,71.95,0,0.0,34726526.25
2025-07-31 09:22:08 AM,71.5,0,0.0,34726526.25
2025-07-31 09:22:09 AM,71.5,150,10725.0,34737251.25
2025-07-31 09:22:09 AM,71.85,0,0.0,34737251.25
2025-07-31 09:22:10 AM,72.0,150,10800.0,34748051.25
2025-07-31 09:22:10 AM,72.45,0,0.0,34748051.25
2025-07-31 09:22:10 AM,72.4,150,10860.0,34758911.25
2025-07-31 09:22:11 AM,73.0,0,0.0,34758911.25
2025-07-31 09:22:11 AM,73.65,0,0.0,34758911.25
2025-07-31 09:22:12 AM,74.25,600,44550.0,34803461.25
2025-07-31 09:22:12 AM,74.15,900,66735.0,34870196.25
2025-07-31 09:22:13 AM,75.0,0,0.0,34870196.25
2025-07-31 09:22:14 AM,74.6,2550,190230.0,35060426.25
2025-07-31 09:22:14 AM,75.15,0,0.0,35060426.25
2025-07-31 09:22:14 AM,75.0,0,0.0,35060426.25
2025-07-31 09:22:15 AM,75.15,0,0.0,35060426.25
2025-07-31 09:22:15 AM,75.15,4275,321266.25,35381692.5
2025-07-31 09:22:15 AM,75.35,150,11302.5,35392995.0
2025-07-31 09:22:16 AM,74.9,0,0.0,35392995.0
2025-07-31 09:22:17 AM,74.9,150,11235.0,35404230.0
2025-07-31 09:22:17 AM,74.35,300,22305.0,35426535.0
2025-07-31 09:22:17 AM,74.7,0,0.0,35426535.0
2025-07-31 09:22:18 AM,74.25,0,0.0,35426535.0
2025-07-31 09:22:19 AM,74.35,2100,156135.0,35582670.0
2025-07-31 09:22:19 AM,74.7,0,0.0,35582670.0
2025-07-31 09:22:20 AM,75.05,0,0.0,35582670.0
2025-07-31 09:22:20 AM,75.05,750,56287.5,35638957.5
2025-07-31 09:22:21 AM,74.55,0,0.0,35638957.5
2025-07-31 09:22:21 AM,74.35,0,0.0,35638957.5
2025-07-31 09:22:22 AM,76.3,9975,761092.5,36400050.0
2025-07-31 09:22:23 AM,76.0,0,0.0,36400050.0
2025-07-31 09:22:23 AM,75.9,0,0.0,36400050.0
2025-07-31 09:22:24 AM,75.65,675,51063.75000000001,36451113.75
2025-07-31 09:22:24 AM,75.85,0,0.0,36451113.75
2025-07-31 09:22:24 AM,75.7,0,0.0,36451113.75
2025-07-31 09:22:25 AM,74.55,1125,83868.75,36534982.5
2025-07-31 09:22:26 AM,74.75,0,0.0,36534982.5
2025-07-31 09:22:27 AM,74.75,75,5606.25,36540588.75
2025-07-31 09:22:27 AM,74.55,0,0.0,36540588.75
2025-07-31 09:22:28 AM,75.75,0,0.0,36540588.75
2025-07-31 09:22:29 AM,75.75,4050,306787.5,36847376.25
2025-07-31 09:22:29 AM,75.0,0,0.0,36847376.25
2025-07-31 09:22:30 AM,75.35,0,0.0,36847376.25
2025-07-31 09:22:30 AM,75.0,1350,101250.0,36948626.25
2025-07-31 09:22:31 AM,75.15,0,0.0,36948626.25
2025-07-31 09:22:32 AM,75.1,4875,366112.5,37314738.75
2025-07-31 09:22:32 AM,75.0,0,0.0,37314738.75
2025-07-31 09:22:33 AM,74.65,0,0.0,37314738.75
2025-07-31 09:22:34 AM,74.65,825,61586.25000000001,37376325.0
2025-07-31 09:22:35 AM,74.8,0,0.0,37376325.0
2025-07-31 09:22:35 AM,74.8,150,11220.0,37387545.0
2025-07-31 09:22:36 AM,75.25,0,0.0,37387545.0
2025-07-31 09:22:37 AM,74.4,0,0.0,37387545.0
2025-07-31 09:22:37 AM,74.4,3750,279000.0,37666545.0
2025-07-31 09:22:39 AM,74.4,675,50220.00000000001,37716765.0
2025-07-31 09:22:39 AM,74.3,0,0.0,37716765.0
2025-07-31 09:22:40 AM,73.65,300,22095.0,37738860.0
2025-07-31 09:22:43 AM,73.0,0,0.0,37738860.0
2025-07-31 09:22:43 AM,73.05,0,0.0,37738860.0
2025-07-31 09:22:44 AM,73.45,375,27543.75,37766403.75
2025-07-31 09:22:44 AM,73.2,75,5490.0,37771893.75
2025-07-31 09:22:45 AM,73.35,0,0.0,37771893.75
2025-07-31 09:22:45 AM,73.35,975,71516.25,37843410.0
2025-07-31 09:22:46 AM,72.9,0,0.0,37843410.0
2025-07-31 09:22:47 AM,72.9,150,10935.0,37854345.0
2025-07-31 09:22:48 AM,72.8,0,0.0,37854345.0
2025-07-31 09:22:48 AM,73.0,0,0.0,37854345.0
2025-07-31 09:22:49 AM,72.7,450,32715.0,37887060.0
2025-07-31 09:22:49 AM,72.0,0,0.0,37887060.0
2025-07-31 09:22:50 AM,71.6,900,64439.99999999999,37951500.0
2025-07-31 09:22:51 AM,72.65,0,0.0,37951500.0
2025-07-31 09:22:52 AM,72.3,525,37957.5,37989457.5
2025-07-31 09:22:53 AM,71.9,0,0.0,37989457.5
2025-07-31 09:22:54 AM,70.95,4050,287347.5,38276805.0
2025-07-31 09:22:54 AM,70.3,0,0.0,38276805.0
2025-07-31 09:22:54 AM,70.35,0,0.0,38276805.0
2025-07-31 09:22:55 AM,69.95,0,0.0,38276805.0
2025-07-31 09:22:55 AM,69.95,4050,283297.5,38560102.5
2025-07-31 09:22:56 AM,70.8,0,0.0,38560102.5
2025-07-31 09:22:56 AM,71.15,0,0.0,38560102.5
2025-07-31 09:22:57 AM,71.35,6300,449504.99999999994,39009607.5
2025-07-31 09:22:58 AM,71.0,0,0.0,39009607.5
2025-07-31 09:22:59 AM,71.0,450,31950.0,39041557.5
2025-07-31 09:23:00 AM,71.4,0,0.0,39041557.5
2025-07-31 09:23:00 AM,71.4,75,5355.0,39046912.5
2025-07-31 09:23:01 AM,71.0,0,0.0,39046912.5
2025-07-31 09:23:01 AM,70.65,0,0.0,39046912.5
2025-07-31 09:23:02 AM,70.7,1050,74235.0,39121147.5
2025-07-31 09:23:02 AM,71.25,0,0.0,39121147.5
2025-07-31 09:23:04 AM,70.75,0,0.0,39121147.5
2025-07-31 09:23:04 AM,70.75,375,26531.25,39147678.75
2025-07-31 09:23:04 AM,71.35,0,0.0,39147678.75
2025-07-31 09:23:05 AM,71.15,600,42690.0,39190368.75
2025-07-31 09:23:06 AM,70.4,225,15840.000000000002,39206208.75
2025-07-31 09:23:06 AM,70.0,0,0.0,39206208.75
2025-07-31 09:23:07 AM,70.0,1350,94500.0,39300708.75
2025-07-31 09:23:08 AM,69.75,0,0.0,39300708.75
2025-07-31 09:23:09 AM,69.75,1800,125550.0,39426258.75
2025-07-31 09:23:09 AM,70.15,0,0.0,39426258.75
2025-07-31 09:23:10 AM,70.15,450,31567.500000000004,39457826.25
2025-07-31 09:23:11 AM,68.75,0,0.0,39457826.25
2025-07-31 09:23:12 AM,68.95,750,51712.5,39509538.75
2025-07-31 09:23:13 AM,68.7,0,0.0,39509538.75
2025-07-31 09:23:13 AM,69.15,0,0.0,39509538.75
2025-07-31 09:23:14 AM,69.15,2925,202263.75000000003,39711802.5
2025-07-31 09:23:14 AM,68.85,0,0.0,39711802.5
2025-07-31 09:23:15 AM,68.0,750,51000.0,39762802.5
2025-07-31 09:23:16 AM,68.15,0,0.0,39762802.5
2025-07-31 09:23:16 AM,68.2,0,0.0,39762802.5
2025-07-31 09:23:17 AM,68.7,5175,355522.5,40118325.0
2025-07-31 09:23:17 AM,68.9,225,15502.500000000002,40133827.5
2025-07-31 09:23:19 AM,69.5,0,0.0,40133827.5
2025-07-31 09:23:19 AM,69.5,300,20850.0,40154677.5
2025-07-31 09:23:20 AM,70.3,150,10545.0,40165222.5
2025-07-31 09:23:21 AM,70.9,0,0.0,40165222.5
2025-07-31 09:23:22 AM,70.9,300,21270.0,40186492.5
2025-07-31 09:23:22 AM,70.95,0,0.0,40186492.5
2025-07-31 09:23:24 AM,71.45,0,0.0,40186492.5
2025-07-31 09:23:24 AM,71.45,1125,80381.25,40266873.75
2025-07-31 09:23:25 AM,70.7,0,0.0,40266873.75
2025-07-31 09:23:25 AM,70.7,2700,190890.0,40457763.75
2025-07-31 09:23:26 AM,70.85,0,0.0,40457763.75
2025-07-31 09:23:26 AM,71.0,0,0.0,40457763.75
2025-07-31 09:23:27 AM,71.45,1650,117892.5,40575656.25
2025-07-31 09:23:28 AM,71.7,0,0.0,40575656.25
2025-07-31 09:23:28 AM,71.15,0,0.0,40575656.25
2025-07-31 09:23:29 AM,70.75,1650,116737.5,40692393.75
2025-07-31 09:23:29 AM,71.1,0,0.0,40692393.75
2025-07-31 09:23:30 AM,70.7,0,0.0,40692393.75
2025-07-31 09:23:30 AM,70.7,675,47722.5,40740116.25
2025-07-31 09:23:31 AM,70.55,0,0.0,40740116.25
2025-07-31 09:23:32 AM,70.6,1350,95309.99999999999,40835426.25
2025-07-31 09:23:33 AM,70.25,0,0.0,40835426.25
2025-07-31 09:23:34 AM,70.45,675,47553.75,40882980.0
2025-07-31 09:23:34 AM,70.15,0,0.0,40882980.0
2025-07-31 09:23:34 AM,70.4,0,0.0,40882980.0
2025-07-31 09:23:35 AM,69.95,0,0.0,40882980.0
2025-07-31 09:23:35 AM,69.95,3075,215096.25,41098076.25
2025-07-31 09:23:37 AM,70.6,0,0.0,41098076.25
2025-07-31 09:23:37 AM,70.6,75,5295.0,41103371.25
2025-07-31 09:23:38 AM,70.8,0,0.0,41103371.25
2025-07-31 09:23:39 AM,70.65,0,0.0,41103371.25
2025-07-31 09:23:39 AM,70.65,150,10597.5,41113968.75
2025-07-31 09:23:39 AM,70.1,0,0.0,41113968.75
2025-07-31 09:23:40 AM,69.35,0,0.0,41113968.75
2025-07-31 09:23:40 AM,69.35,6750,468112.49999999994,41582081.25
2025-07-31 09:23:41 AM,69.85,0,0.0,41582081.25
2025-07-31 09:23:41 AM,70.15,0,0.0,41582081.25
2025-07-31 09:23:42 AM,70.0,1200,84000.0,41666081.25
2025-07-31 09:23:43 AM,70.6,0,0.0,41666081.25
2025-07-31 09:23:44 AM,70.4,300,21120.0,41687201.25
2025-07-31 09:23:44 AM,70.65,0,0.0,41687201.25
2025-07-31 09:23:45 AM,70.65,1725,121871.25000000001,41809072.5
2025-07-31 09:23:46 AM,70.5,0,0.0,41809072.5
2025-07-31 09:23:47 AM,70.0,0,0.0,41809072.5
2025-07-31 09:23:47 AM,69.5,225,15637.5,41824710.0
2025-07-31 09:23:50 AM,69.8,0,0.0,41824710.0
2025-07-31 09:23:50 AM,69.35,0,0.0,41824710.0
2025-07-31 09:23:50 AM,69.35,150,10402.5,41835112.5
2025-07-31 09:23:52 AM,70.2,0,0.0,41835112.5
2025-07-31 09:23:52 AM,70.2,150,10530.0,41845642.5
2025-07-31 09:23:52 AM,70.0,0,0.0,41845642.5
2025-07-31 09:23:54 AM,70.35,0,0.0,41845642.5
2025-07-31 09:23:54 AM,70.65,300,21195.0,41866837.5
2025-07-31 09:23:54 AM,70.85,0,0.0,41866837.5
2025-07-31 09:23:54 AM,70.95,0,0.0,41866837.5
2025-07-31 09:23:55 AM,71.0,0,0.0,41866837.5
2025-07-31 09:23:55 AM,71.0,675,47925.0,41914762.5
2025-07-31 09:23:56 AM,71.25,0,0.0,41914762.5
2025-07-31 09:23:57 AM,71.5,375,26812.5,41941575.0
2025-07-31 09:23:57 AM,71.3,75,5347.5,41946922.5
2025-07-31 09:23:57 AM,71.6,0,0.0,41946922.5
2025-07-31 09:23:59 AM,71.6,300,21480.0,41968402.5
2025-07-31 09:23:59 AM,71.5,0,0.0,41968402.5
2025-07-31 09:24:00 AM,70.8,0,0.0,41968402.5
2025-07-31 09:24:00 AM,70.8,3300,233640.0,42202042.5
2025-07-31 09:24:02 AM,71.75,0,0.0,42202042.5
2025-07-31 09:24:02 AM,71.95,150,10792.5,42212835.0
2025-07-31 09:24:03 AM,71.05,0,0.0,42212835.0
2025-07-31 09:24:04 AM,71.4,150,10710.0,42223545.0
2025-07-31 09:24:04 AM,71.7,0,0.0,42223545.0
2025-07-31 09:24:05 AM,71.7,1050,75285.0,42298830.0
2025-07-31 09:24:06 AM,71.6,0,0.0,42298830.0
2025-07-31 09:24:07 AM,71.55,1350,96592.5,42395422.5
2025-07-31 09:24:08 AM,71.75,0,0.0,42395422.5
2025-07-31 09:24:09 AM,71.75,375,26906.25,42422328.75
2025-07-31 09:24:09 AM,71.25,0,0.0,42422328.75
2025-07-31 09:24:10 AM,71.3,0,0.0,42422328.75
2025-07-31 09:24:10 AM,71.3,300,21390.0,42443718.75
2025-07-31 09:24:11 AM,70.75,0,0.0,42443718.75
2025-07-31 09:24:12 AM,70.75,525,37143.75,42480862.5
2025-07-31 09:24:12 AM,70.5,0,0.0,42480862.5
2025-07-31 09:24:13 AM,69.85,0,0.0,42480862.5
2025-07-31 09:24:14 AM,69.85,450,31432.499999999996,42512295.0
2025-07-31 09:24:14 AM,70.65,0,0.0,42512295.0
2025-07-31 09:24:15 AM,70.35,0,0.0,42512295.0
2025-07-31 09:24:15 AM,70.35,450,31657.499999999996,42543952.5
2025-07-31 09:24:17 AM,70.5,0,0.0,42543952.5
2025-07-31 09:24:17 AM,70.3,1050,73815.0,42617767.5
2025-07-31 09:24:17 AM,70.35,0,0.0,42617767.5
2025-07-31 09:24:18 AM,69.45,0,0.0,42617767.5
2025-07-31 09:24:19 AM,69.4,6600,458040.00000000006,43075807.5
2025-07-31 09:24:19 AM,69.45,75,5208.75,43081016.25
2025-07-31 09:24:20 AM,69.3,0,0.0,43081016.25
2025-07-31 09:24:20 AM,69.15,0,0.0,43081016.25
2025-07-31 09:24:20 AM,69.15,1050,72607.5,43153623.75
2025-07-31 09:24:22 AM,69.2,0,0.0,43153623.75
2025-07-31 09:24:22 AM,69.25,900,62325.0,43215948.75
2025-07-31 09:24:23 AM,69.55,0,0.0,43215948.75
2025-07-31 09:24:24 AM,69.55,1425,99108.75,43315057.5
2025-07-31 09:24:26 AM,69.65,0,0.0,43315057.5
2025-07-31 09:24:26 AM,70.25,0,0.0,43315057.5
2025-07-31 09:24:27 AM,70.25,600,42150.0,43357207.5
2025-07-31 09:24:28 AM,71.0,0,0.0,43357207.5
2025-07-31 09:24:28 AM,71.35,0,0.0,43357207.5
2025-07-31 09:24:29 AM,71.35,2100,149835.0,43507042.5
2025-07-31 09:24:32 AM,72.0,0,0.0,43507042.5
2025-07-31 09:24:32 AM,72.15,0,0.0,43507042.5
2025-07-31 09:24:32 AM,72.15,1050,75757.5,43582800.0
2025-07-31 09:24:32 AM,72.3,225,16267.5,43599067.5
2025-07-31 09:24:33 AM,72.15,0,0.0,43599067.5
2025-07-31 09:24:34 AM,72.15,750,54112.50000000001,43653180.0
2025-07-31 09:24:35 AM,72.3,0,0.0,43653180.0
2025-07-31 09:24:35 AM,72.35,0,0.0,43653180.0
2025-07-31 09:24:35 AM,72.35,150,10852.5,43664032.5
2025-07-31 09:24:36 AM,72.15,0,0.0,43664032.5
2025-07-31 09:24:37 AM,72.15,600,43290.0,43707322.5
2025-07-31 09:24:37 AM,71.9,0,0.0,43707322.5
2025-07-31 09:24:38 AM,71.4,0,0.0,43707322.5
2025-07-31 09:24:39 AM,71.45,0,0.0,43707322.5
2025-07-31 09:24:39 AM,71.45,975,69663.75,43776986.25
2025-07-31 09:24:39 AM,70.9,2325,164842.5,43941828.75
2025-07-31 09:24:40 AM,70.8,0,0.0,43941828.75
2025-07-31 09:24:40 AM,70.8,75,5310.0,43947138.75
2025-07-31 09:24:41 AM,70.4,0,0.0,43947138.75
2025-07-31 09:24:42 AM,70.35,2475,174116.25,44121255.0
2025-07-31 09:24:43 AM,70.25,0,0.0,44121255.0
2025-07-31 09:24:44 AM,70.25,75,5268.75,44126523.75
2025-07-31 09:24:44 AM,70.3,0,0.0,44126523.75
2025-07-31 09:24:45 AM,69.95,0,0.0,44126523.75
2025-07-31 09:24:45 AM,69.95,600,41970.0,44168493.75
2025-07-31 09:24:46 AM,70.15,0,0.0,44168493.75
2025-07-31 09:24:46 AM,70.2,0,0.0,44168493.75
2025-07-31 09:24:47 AM,70.25,4050,284512.5,44453006.25
2025-07-31 09:24:48 AM,69.6,0,0.0,44453006.25
2025-07-31 09:24:48 AM,69.4,0,0.0,44453006.25
2025-07-31 09:24:49 AM,69.4,150,10410.0,44463416.25
2025-07-31 09:24:49 AM,69.35,75,5201.25,44468617.5
2025-07-31 09:24:50 AM,68.2,0,0.0,44468617.5
2025-07-31 09:24:50 AM,68.2,750,51150.0,44519767.5
2025-07-31 09:24:51 AM,68.0,0,0.0,44519767.5
2025-07-31 09:24:52 AM,68.0,600,40800.0,44560567.5
2025-07-31 09:24:55 AM,67.9,0,0.0,44560567.5
2025-07-31 09:24:55 AM,67.9,675,45832.50000000001,44606400.0
2025-07-31 09:24:56 AM,67.8,0,0.0,44606400.0
2025-07-31 09:24:57 AM,67.8,1425,96615.0,44703015.0
2025-07-31 09:24:58 AM,68.45,0,0.0,44703015.0
2025-07-31 09:24:58 AM,68.6,0,0.0,44703015.0
2025-07-31 09:24:59 AM,68.65,600,41190.0,44744205.0
2025-07-31 09:25:00 AM,68.55,0,0.0,44744205.0
2025-07-31 09:25:00 AM,68.55,75,5141.25,44749346.25
2025-07-31 09:25:01 AM,68.25,0,0.0,44749346.25
2025-07-31 09:25:02 AM,68.25,150,10237.5,44759583.75
2025-07-31 09:25:02 AM,68.05,0,0.0,44759583.75
2025-07-31 09:25:03 AM,68.2,0,0.0,44759583.75
2025-07-31 09:25:04 AM,68.1,2025,137902.5,44897486.25
2025-07-31 09:25:05 AM,67.9,0,0.0,44897486.25
2025-07-31 09:25:05 AM,67.9,75,5092.5,44902578.75
2025-07-31 09:25:12 AM,68.5,0,0.0,44902578.75
2025-07-31 09:25:12 AM,68.5,150,10275.0,44912853.75
2025-07-31 09:25:12 AM,68.35,0,0.0,44912853.75
2025-07-31 09:25:13 AM,68.65,0,0.0,44912853.75
2025-07-31 09:25:13 AM,68.5,0,0.0,44912853.75
2025-07-31 09:25:14 AM,68.5,450,30825.0,44943678.75
2025-07-31 09:25:14 AM,68.85,0,0.0,44943678.75
2025-07-31 09:25:15 AM,69.4,0,0.0,44943678.75
2025-07-31 09:25:15 AM,69.4,150,10410.0,44954088.75
2025-07-31 09:25:17 AM,69.75,75,5231.25,44959320.0
2025-07-31 09:25:18 AM,70.0,0,0.0,44959320.0
2025-07-31 09:25:19 AM,70.8,150,10620.0,44969940.0
2025-07-31 09:25:20 AM,70.65,0,0.0,44969940.0
2025-07-31 09:25:20 AM,70.65,675,47688.75000000001,45017628.75
2025-07-31 09:25:21 AM,71.2,0,0.0,45017628.75
2025-07-31 09:25:22 AM,71.8,2100,150780.0,45168408.75
2025-07-31 09:25:22 AM,71.4,0,0.0,45168408.75
2025-07-31 09:25:23 AM,72.0,0,0.0,45168408.75
2025-07-31 09:25:24 AM,72.6,450,32669.999999999996,45201078.75
2025-07-31 09:25:24 AM,72.8,0,0.0,45201078.75
2025-07-31 09:25:25 AM,72.85,0,0.0,45201078.75
2025-07-31 09:25:26 AM,72.85,750,54637.49999999999,45255716.25
2025-07-31 09:25:26 AM,72.45,0,0.0,45255716.25
2025-07-31 09:25:26 AM,72.15,0,0.0,45255716.25
2025-07-31 09:25:27 AM,72.15,225,16233.750000000002,45271950.0
2025-07-31 09:25:27 AM,71.95,0,0.0,45271950.0
2025-07-31 09:25:28 AM,71.7,0,0.0,45271950.0
2025-07-31 09:25:29 AM,71.7,450,32265.0,45304215.0
2025-07-31 09:25:29 AM,72.0,0,0.0,45304215.0
2025-07-31 09:25:29 AM,72.1,0,0.0,45304215.0
2025-07-31 09:25:30 AM,72.5,0,0.0,45304215.0
2025-07-31 09:25:31 AM,72.5,750,54375.0,45358590.0
2025-07-31 09:25:32 AM,72.35,0,0.0,45358590.0
2025-07-31 09:25:33 AM,71.8,0,0.0,45358590.0
2025-07-31 09:25:34 AM,71.8,2775,199245.0,45557835.0
2025-07-31 09:25:34 AM,71.45,0,0.0,45557835.0
2025-07-31 09:25:35 AM,71.85,0,0.0,45557835.0
2025-07-31 09:25:36 AM,71.85,300,21555.0,45579390.0
2025-07-31 09:25:37 AM,72.35,0,0.0,45579390.0
2025-07-31 09:25:39 AM,72.3,0,0.0,45579390.0
2025-07-31 09:25:39 AM,72.4,225,16290.000000000002,45595680.0
2025-07-31 09:25:39 AM,72.65,0,0.0,45595680.0
2025-07-31 09:25:40 AM,72.1,0,0.0,45595680.0
2025-07-31 09:25:41 AM,72.1,2925,210892.49999999997,45806572.5
2025-07-31 09:25:41 AM,72.4,225,16290.000000000002,45822862.5
2025-07-31 09:25:41 AM,73.0,0,0.0,45822862.5
2025-07-31 09:25:42 AM,73.1,0,0.0,45822862.5
2025-07-31 09:25:42 AM,73.05,825,60266.25,45883128.75
2025-07-31 09:25:43 AM,73.0,0,0.0,45883128.75
2025-07-31 09:25:44 AM,72.5,525,38062.5,45921191.25
2025-07-31 09:25:44 AM,72.9,75,5467.5,45926658.75
2025-07-31 09:25:46 AM,72.9,600,43740.0,45970398.75
2025-07-31 09:25:46 AM,72.75,0,0.0,45970398.75
2025-07-31 09:25:46 AM,72.65,0,0.0,45970398.75
2025-07-31 09:25:47 AM,72.15,300,21645.0,45992043.75
2025-07-31 09:25:47 AM,71.8,0,0.0,45992043.75
2025-07-31 09:25:48 AM,72.65,0,0.0,45992043.75
2025-07-31 09:25:49 AM,72.65,7200,523080.00000000006,46515123.75
2025-07-31 09:25:50 AM,72.15,0,0.0,46515123.75
2025-07-31 09:25:51 AM,72.15,150,10822.5,46525946.25
2025-07-31 09:25:51 AM,71.7,0,0.0,46525946.25
2025-07-31 09:25:51 AM,71.45,0,0.0,46525946.25
2025-07-31 09:25:52 AM,71.0,450,31950.0,46557896.25
2025-07-31 09:25:53 AM,71.2,0,0.0,46557896.25
2025-07-31 09:25:54 AM,71.2,750,53400.0,46611296.25
2025-07-31 09:25:55 AM,70.85,0,0.0,46611296.25
2025-07-31 09:25:56 AM,70.85,75,5313.75,46616610.0
2025-07-31 09:25:57 AM,72.5,0,0.0,46616610.0
2025-07-31 09:25:57 AM,72.85,0,0.0,46616610.0
2025-07-31 09:25:58 AM,72.5,0,0.0,46616610.0
2025-07-31 09:25:58 AM,72.95,0,0.0,46616610.0
2025-07-31 09:25:59 AM,73.05,4350,317767.5,46934377.5
2025-07-31 09:26:00 AM,73.0,0,0.0,46934377.5
2025-07-31 09:26:01 AM,73.0,300,21900.0,46956277.5
2025-07-31 09:26:01 AM,73.2,0,0.0,46956277.5
2025-07-31 09:26:02 AM,72.85,300,21855.0,46978132.5
2025-07-31 09:26:03 AM,72.75,0,0.0,46978132.5
2025-07-31 09:26:03 AM,72.4,0,0.0,46978132.5
2025-07-31 09:26:04 AM,72.4,825,59730.00000000001,47037862.5
2025-07-31 09:26:06 AM,72.4,75,5430.0,47043292.5
2025-07-31 09:26:06 AM,72.5,0,0.0,47043292.5
2025-07-31 09:26:07 AM,72.1,225,16222.499999999998,47059515.0
2025-07-31 09:26:09 AM,72.95,150,10942.5,47070457.5
2025-07-31 09:26:09 AM,72.85,0,0.0,47070457.5
2025-07-31 09:26:09 AM,72.8,0,0.0,47070457.5
2025-07-31 09:26:10 AM,72.65,0,0.0,47070457.5
2025-07-31 09:26:11 AM,72.8,975,70980.0,47141437.5
2025-07-31 09:26:11 AM,72.65,0,0.0,47141437.5
2025-07-31 09:26:12 AM,72.85,975,71028.75,47212466.25
2025-07-31 09:26:13 AM,73.1,0,0.0,47212466.25
2025-07-31 09:26:14 AM,73.1,300,21930.0,47234396.25
2025-07-31 09:26:14 AM,73.6,0,0.0,47234396.25
2025-07-31 09:26:15 AM,73.95,450,33277.5,47267673.75
2025-07-31 09:26:16 AM,73.35,0,0.0,47267673.75
2025-07-31 09:26:17 AM,73.45,0,0.0,47267673.75
2025-07-31 09:26:17 AM,73.45,300,22035.0,47289708.75
2025-07-31 09:26:18 AM,73.05,0,0.0,47289708.75
2025-07-31 09:26:19 AM,73.05,75,5478.75,47295187.5
2025-07-31 09:26:19 AM,73.2,0,0.0,47295187.5
2025-07-31 09:26:20 AM,72.7,300,21810.0,47316997.5
2025-07-31 09:26:21 AM,72.6,0,0.0,47316997.5
2025-07-31 09:26:22 AM,72.75,225,16368.75,47333366.25
2025-07-31 09:26:24 AM,72.75,75,5456.25,47338822.5
2025-07-31 09:26:25 AM,73.05,0,0.0,47338822.5
2025-07-31 09:26:25 AM,73.05,75,5478.75,47344301.25
2025-07-31 09:26:27 AM,73.1,0,0.0,47344301.25
2025-07-31 09:26:27 AM,73.1,75,5482.5,47349783.75
2025-07-31 09:26:28 AM,72.45,0,0.0,47349783.75
2025-07-31 09:26:28 AM,72.5,0,0.0,47349783.75
2025-07-31 09:26:29 AM,72.5,300,21750.0,47371533.75
2025-07-31 09:26:30 AM,72.1,0,0.0,47371533.75
2025-07-31 09:26:30 AM,72.1,225,16222.499999999998,47387756.25
2025-07-31 09:26:32 AM,71.05,150,10657.5,47398413.75
2025-07-31 09:26:34 AM,71.05,150,10657.5,47409071.25
2025-07-31 09:26:35 AM,70.0,0,0.0,47409071.25
2025-07-31 09:26:35 AM,70.3,0,0.0,47409071.25
2025-07-31 09:26:35 AM,70.35,600,42210.0,47451281.25
2025-07-31 09:26:36 AM,70.3,0,0.0,47451281.25
2025-07-31 09:26:37 AM,70.3,150,10545.0,47461826.25
2025-07-31 09:26:38 AM,70.75,0,0.0,47461826.25
2025-07-31 09:26:39 AM,70.75,225,15918.75,47477745.0
2025-07-31 09:26:39 AM,70.4,225,15840.000000000002,47493585.0
2025-07-31 09:26:40 AM,70.15,0,0.0,47493585.0
2025-07-31 09:26:40 AM,70.15,300,21045.0,47514630.0
2025-07-31 09:26:41 AM,69.75,0,0.0,47514630.0
2025-07-31 09:26:41 AM,70.0,0,0.0,47514630.0
2025-07-31 09:26:42 AM,69.25,2925,202556.25,47717186.25
2025-07-31 09:26:45 AM,68.6,0,0.0,47717186.25
2025-07-31 09:26:45 AM,68.6,75,5145.0,47722331.25
2025-07-31 09:26:46 AM,68.8,0,0.0,47722331.25
2025-07-31 09:26:47 AM,68.4,600,41040.0,47763371.25
2025-07-31 09:26:48 AM,68.3,0,0.0,47763371.25
2025-07-31 09:26:49 AM,68.3,150,10245.0,47773616.25
2025-07-31 09:26:49 AM,68.0,0,0.0,47773616.25
2025-07-31 09:26:50 AM,68.1,0,0.0,47773616.25
2025-07-31 09:26:50 AM,68.1,900,61289.99999999999,47834906.25
2025-07-31 09:26:51 AM,67.5,75,5062.5,47839968.75
2025-07-31 09:26:51 AM,67.45,0,0.0,47839968.75
2025-07-31 09:26:52 AM,67.8,375,25425.0,47865393.75
2025-07-31 09:26:53 AM,68.0,0,0.0,47865393.75
2025-07-31 09:26:54 AM,68.0,225,15300.0,47880693.75
2025-07-31 09:26:55 AM,68.8,0,0.0,47880693.75
2025-07-31 09:26:55 AM,68.8,75,5160.0,47885853.75
2025-07-31 09:26:56 AM,68.35,0,0.0,47885853.75
2025-07-31 09:26:57 AM,68.15,0,0.0,47885853.75
2025-07-31 09:26:57 AM,68.15,150,10222.5,47896076.25
2025-07-31 09:27:00 AM,67.5,0,0.0,47896076.25
2025-07-31 09:27:01 AM,67.5,150,10125.0,47906201.25
2025-07-31 09:27:05 AM,68.2,0,0.0,47906201.25
2025-07-31 09:27:05 AM,68.6,0,0.0,47906201.25
2025-07-31 09:27:06 AM,68.6,150,10290.0,47916491.25
2025-07-31 09:27:06 AM,68.1,0,0.0,47916491.25
2025-07-31 09:27:07 AM,67.7,150,10155.0,47926646.25
2025-07-31 09:27:08 AM,67.45,0,0.0,47926646.25
2025-07-31 09:27:09 AM,67.45,525,35411.25,47962057.5
2025-07-31 09:27:09 AM,67.5,0,0.0,47962057.5
2025-07-31 09:27:10 AM,67.2,0,0.0,47962057.5
2025-07-31 09:27:11 AM,67.35,675,45461.24999999999,48007518.75
2025-07-31 09:27:14 AM,67.35,150,10102.5,48017621.25
2025-07-31 09:27:14 AM,67.25,75,5043.75,48022665.0
2025-07-31 09:27:16 AM,67.6,0,0.0,48022665.0
2025-07-31 09:27:16 AM,67.55,0,0.0,48022665.0
2025-07-31 09:27:17 AM,67.55,600,40530.0,48063195.0
2025-07-31 09:27:26 AM,67.25,0,0.0,48063195.0
2025-07-31 09:27:26 AM,67.2,0,0.0,48063195.0
2025-07-31 09:27:27 AM,67.25,375,25218.75,48088413.75
2025-07-31 09:27:28 AM,66.65,0,0.0,48088413.75
2025-07-31 09:27:29 AM,66.65,675,44988.75000000001,48133402.5
2025-07-31 09:27:29 AM,66.85,75,5013.75,48138416.25
2025-07-31 09:27:30 AM,67.25,0,0.0,48138416.25
2025-07-31 09:27:30 AM,67.3,0,0.0,48138416.25
2025-07-31 09:27:31 AM,67.3,300,20190.0,48158606.25
2025-07-31 09:27:31 AM,66.65,0,0.0,48158606.25
2025-07-31 09:27:32 AM,66.65,600,39990.0,48198596.25
2025-07-31 09:27:33 AM,67.0,0,0.0,48198596.25
2025-07-31 09:27:34 AM,67.0,75,5025.0,48203621.25
2025-07-31 09:27:36 AM,67.75,0,0.0,48203621.25
2025-07-31 09:27:36 AM,67.75,75,5081.25,48208702.5
2025-07-31 09:27:38 AM,67.95,0,0.0,48208702.5
2025-07-31 09:27:38 AM,67.9,0,0.0,48208702.5
2025-07-31 09:27:39 AM,67.9,375,25462.500000000004,48234165.0
2025-07-31 09:27:40 AM,68.55,0,0.0,48234165.0
2025-07-31 09:27:40 AM,69.0,0,0.0,48234165.0
2025-07-31 09:27:41 AM,69.0,225,15525.0,48249690.0
2025-07-31 09:27:42 AM,69.25,0,0.0,48249690.0
2025-07-31 09:27:42 AM,69.6,675,46979.99999999999,48296670.0
2025-07-31 09:27:44 AM,69.5,0,0.0,48296670.0
2025-07-31 09:27:46 AM,69.5,75,5212.5,48301882.5
2025-07-31 09:27:46 AM,68.8,0,0.0,48301882.5
2025-07-31 09:27:46 AM,68.7,0,0.0,48301882.5
2025-07-31 09:27:47 AM,68.65,0,0.0,48301882.5
2025-07-31 09:27:47 AM,68.65,525,36041.25,48337923.75
2025-07-31 09:27:47 AM,68.75,75,5156.25,48343080.0
2025-07-31 09:27:48 AM,68.8,0,0.0,48343080.0
2025-07-31 09:27:49 AM,68.8,75,5160.0,48348240.0
2025-07-31 09:27:49 AM,68.55,0,0.0,48348240.0
2025-07-31 09:27:51 AM,68.55,525,35988.75,48384228.75
2025-07-31 09:27:52 AM,67.9,0,0.0,48384228.75
2025-07-31 09:27:52 AM,67.6,225,15209.999999999998,48399438.75
2025-07-31 09:27:53 AM,67.7,0,0.0,48399438.75
2025-07-31 09:27:54 AM,67.7,75,5077.5,48404516.25
2025-07-31 09:27:54 AM,67.6,0,0.0,48404516.25
2025-07-31 09:27:56 AM,67.75,0,0.0,48404516.25
2025-07-31 09:27:56 AM,67.75,150,10162.5,48414678.75
2025-07-31 09:27:56 AM,67.25,0,0.0,48414678.75
2025-07-31 09:27:57 AM,67.25,300,20175.0,48434853.75
2025-07-31 09:28:03 AM,67.65,0,0.0,48434853.75
2025-07-31 09:28:03 AM,67.8,0,0.0,48434853.75
2025-07-31 09:28:04 AM,67.8,225,15255.0,48450108.75
2025-07-31 09:28:07 AM,67.85,0,0.0,48450108.75
2025-07-31 09:28:07 AM,68.35,375,25631.249999999996,48475740.0
2025-07-31 09:28:10 AM,68.75,0,0.0,48475740.0
2025-07-31 09:28:10 AM,68.9,0,0.0,48475740.0
2025-07-31 09:28:11 AM,68.7,600,41220.0,48516960.0
2025-07-31 09:28:11 AM,69.0,525,36225.0,48553185.0
2025-07-31 09:28:11 AM,69.25,0,0.0,48553185.0
2025-07-31 09:28:12 AM,69.4,0,0.0,48553185.0
2025-07-31 09:28:12 AM,69.3,675,46777.5,48599962.5
2025-07-31 09:28:13 AM,68.85,0,0.0,48599962.5
2025-07-31 09:28:14 AM,68.65,0,0.0,48599962.5
2025-07-31 09:28:14 AM,68.65,150,10297.5,48610260.0
2025-07-31 09:28:15 AM,68.55,0,0.0,48610260.0
2025-07-31 09:28:16 AM,68.55,75,5141.25,48615401.25
2025-07-31 09:28:18 AM,69.1,0,0.0,48615401.25
2025-07-31 09:28:19 AM,69.0,0,0.0,48615401.25
2025-07-31 09:28:19 AM,69.0,450,31050.0,48646451.25
2025-07-31 09:28:20 AM,68.6,0,0.0,48646451.25
2025-07-31 09:28:20 AM,68.0,0,0.0,48646451.25
2025-07-31 09:28:21 AM,68.3,0,0.0,48646451.25
2025-07-31 09:28:21 AM,68.3,225,15367.5,48661818.75
2025-07-31 09:28:24 AM,68.75,0,0.0,48661818.75
2025-07-31 09:28:25 AM,68.25,0,0.0,48661818.75
2025-07-31 09:28:26 AM,68.6,0,0.0,48661818.75
2025-07-31 09:28:26 AM,68.6,300,20580.0,48682398.75
2025-07-31 09:28:27 AM,68.35,975,66641.25,48749040.0
2025-07-31 09:28:30 AM,67.55,0,0.0,48749040.0
2025-07-31 09:28:31 AM,67.55,300,20265.0,48769305.0
2025-07-31 09:28:32 AM,67.9,0,0.0,48769305.0
2025-07-31 09:28:32 AM,67.9,75,5092.5,48774397.5
2025-07-31 09:28:37 AM,67.5,0,0.0,48774397.5
2025-07-31 09:28:37 AM,67.5,75,5062.5,48779460.0
2025-07-31 09:28:39 AM,68.05,0,0.0,48779460.0
2025-07-31 09:28:39 AM,68.05,75,5103.75,48784563.75
2025-07-31 09:28:39 AM,68.1,75,5107.5,48789671.25
2025-07-31 09:28:41 AM,68.1,150,10215.0,48799886.25
2025-07-31 09:28:41 AM,68.25,0,0.0,48799886.25
2025-07-31 09:28:42 AM,67.9,225,15277.500000000002,48815163.75
2025-07-31 09:28:43 AM,68.1,0,0.0,48815163.75
2025-07-31 09:28:44 AM,68.1,150,10215.0,48825378.75
2025-07-31 09:28:46 AM,68.1,75,5107.5,48830486.25
2025-07-31 09:28:51 AM,68.6,75,5145.0,48835631.25
2025-07-31 09:28:51 AM,69.05,0,0.0,48835631.25
2025-07-31 09:28:52 AM,69.05,600,41430.0,48877061.25
2025-07-31 09:28:56 AM,68.0,0,0.0,48877061.25
2025-07-31 09:28:56 AM,68.0,450,30600.0,48907661.25
2025-07-31 09:28:57 AM,68.4,0,0.0,48907661.25
2025-07-31 09:28:57 AM,68.4,900,61560.00000000001,48969221.25
2025-07-31 09:29:01 AM,68.4,75,5130.0,48974351.25
2025-07-31 09:29:02 AM,67.7,0,0.0,48974351.25
2025-07-31 09:29:02 AM,67.5,225,15187.5,48989538.75
2025-07-31 09:29:03 AM,67.25,0,0.0,48989538.75
2025-07-31 09:29:03 AM,67.2,0,0.0,48989538.75
2025-07-31 09:29:03 AM,67.4,0,0.0,48989538.75
2025-07-31 09:29:04 AM,67.4,300,20220.0,49009758.75
2025-07-31 09:29:05 AM,68.05,0,0.0,49009758.75
2025-07-31 09:29:06 AM,68.05,225,15311.25,49025070.0
2025-07-31 09:29:06 AM,68.2,0,0.0,49025070.0
2025-07-31 09:29:07 AM,68.2,75,5115.0,49030185.0
2025-07-31 09:29:09 AM,68.0,0,0.0,49030185.0
2025-07-31 09:29:09 AM,68.0,75,5100.0,49035285.0
2025-07-31 09:29:11 AM,69.0,0,0.0,49035285.0
2025-07-31 09:29:11 AM,69.3,0,0.0,49035285.0
2025-07-31 09:29:12 AM,69.45,1575,109383.75,49144668.75
2025-07-31 09:29:12 AM,69.15,0,0.0,49144668.75
2025-07-31 09:29:12 AM,69.15,150,10372.5,49155041.25
2025-07-31 09:29:17 AM,68.55,0,0.0,49155041.25
2025-07-31 09:29:17 AM,68.55,75,5141.25,49160182.5
2025-07-31 09:29:19 AM,68.9,75,5167.5,49165350.0
2025-07-31 09:29:20 AM,68.35,0,0.0,49165350.0
2025-07-31 09:29:21 AM,68.35,75,5126.25,49170476.25
2025-07-31 09:29:22 AM,68.5,0,0.0,49170476.25
2025-07-31 09:29:22 AM,69.0,1875,129375.0,49299851.25
2025-07-31 09:29:22 AM,69.0,75,5175.0,49305026.25
2025-07-31 09:29:23 AM,68.8,0,0.0,49305026.25
2025-07-31 09:29:24 AM,68.8,150,10320.0,49315346.25
2025-07-31 09:29:26 AM,68.6,0,0.0,49315346.25
2025-07-31 09:29:27 AM,68.25,0,0.0,49315346.25
2025-07-31 09:29:27 AM,68.25,375,25593.75,49340940.0
2025-07-31 09:29:28 AM,68.55,0,0.0,49340940.0
2025-07-31 09:29:29 AM,68.4,150,10260.0,49351200.0
2025-07-31 09:29:30 AM,68.15,0,0.0,49351200.0
2025-07-31 09:29:31 AM,68.25,225,15356.25,49366556.25
2025-07-31 09:29:32 AM,68.2,600,40920.0,49407476.25
2025-07-31 09:29:33 AM,68.3,0,0.0,49407476.25
2025-07-31 09:29:34 AM,68.25,525,35831.25,49443307.5
2025-07-31 09:29:37 AM,67.95,75,5096.25,49448403.75
2025-07-31 09:29:38 AM,67.8,0,0.0,49448403.75
2025-07-31 09:29:39 AM,68.05,0,0.0,49448403.75
2025-07-31 09:29:39 AM,68.05,2550,173527.5,49621931.25
2025-07-31 09:29:43 AM,68.55,0,0.0,49621931.25
2025-07-31 09:29:44 AM,68.55,225,15423.75,49637355.0
2025-07-31 09:29:44 AM,68.9,0,0.0,49637355.0
2025-07-31 09:29:45 AM,68.6,0,0.0,49637355.0
2025-07-31 09:29:46 AM,68.6,300,20580.0,49657935.0
2025-07-31 09:29:47 AM,68.7,0,0.0,49657935.0
2025-07-31 09:29:47 AM,68.75,225,15468.75,49673403.75
2025-07-31 09:29:48 AM,69.65,0,0.0,49673403.75
2025-07-31 09:29:49 AM,70.0,0,0.0,49673403.75
2025-07-31 09:29:49 AM,69.95,1350,94432.5,49767836.25
2025-07-31 09:29:49 AM,69.5,0,0.0,49767836.25
2025-07-31 09:29:51 AM,69.75,0,0.0,49767836.25
2025-07-31 09:29:51 AM,69.75,750,52312.5,49820148.75
2025-07-31 09:29:52 AM,70.05,0,0.0,49820148.75
2025-07-31 09:29:52 AM,70.05,75,5253.75,49825402.5
2025-07-31 09:29:52 AM,70.2,225,15795.0,49841197.5
2025-07-31 09:29:53 AM,70.0,0,0.0,49841197.5
2025-07-31 09:29:54 AM,70.0,150,10500.0,49851697.5
2025-07-31 09:29:54 AM,70.1,0,0.0,49851697.5
2025-07-31 09:29:55 AM,69.6,0,0.0,49851697.5
2025-07-31 09:29:56 AM,69.75,450,31387.5,49883085.0
2025-07-31 09:29:56 AM,69.7,75,5227.5,49888312.5
2025-07-31 09:29:56 AM,69.8,0,0.0,49888312.5
2025-07-31 09:29:57 AM,69.7,0,0.0,49888312.5
2025-07-31 09:29:57 AM,69.45,2175,151053.75,50039366.25
2025-07-31 09:29:59 AM,70.2,0,0.0,50039366.25
2025-07-31 09:29:59 AM,70.55,225,15873.75,50055240.0
2025-07-31 09:30:00 AM,70.8,0,0.0,50055240.0
2025-07-31 09:30:00 AM,71.0,0,0.0,50055240.0
2025-07-31 09:30:01 AM,71.0,825,58575.0,50113815.0
2025-07-31 09:30:03 AM,71.3,0,0.0,50113815.0
2025-07-31 09:30:04 AM,71.3,450,32085.0,50145900.0
2025-07-31 09:30:04 AM,71.55,375,26831.25,50172731.25
2025-07-31 09:30:04 AM,71.45,0,0.0,50172731.25
2025-07-31 09:30:06 AM,72.35,0,0.0,50172731.25
2025-07-31 09:30:06 AM,72.35,975,70541.25,50243272.5
2025-07-31 09:30:07 AM,72.05,0,0.0,50243272.5
2025-07-31 09:30:07 AM,72.05,150,10807.5,50254080.0
2025-07-31 09:30:09 AM,71.75,0,0.0,50254080.0
2025-07-31 09:30:09 AM,71.75,150,10762.5,50264842.5
2025-07-31 09:30:11 AM,71.8,0,0.0,50264842.5
2025-07-31 09:30:12 AM,71.8,75,5385.0,50270227.5
2025-07-31 09:30:13 AM,72.95,0,0.0,50270227.5
2025-07-31 09:30:13 AM,73.0,0,0.0,50270227.5
2025-07-31 09:30:14 AM,73.25,0,0.0,50270227.5
2025-07-31 09:30:14 AM,72.95,750,54712.5,50324940.0
2025-07-31 09:30:14 AM,72.85,0,0.0,50324940.0
2025-07-31 09:30:16 AM,73.2,0,0.0,50324940.0
2025-07-31 09:30:16 AM,73.2,2025,148230.0,50473170.0
2025-07-31 09:30:17 AM,72.9,0,0.0,50473170.0
2025-07-31 09:30:17 AM,72.95,0,0.0,50473170.0
2025-07-31 09:30:17 AM,73.1,4050,296055.0,50769225.0
2025-07-31 09:30:19 AM,73.35,0,0.0,50769225.0
2025-07-31 09:30:19 AM,72.9,225,16402.5,50785627.5
2025-07-31 09:30:20 AM,73.1,0,0.0,50785627.5
2025-07-31 09:30:21 AM,73.05,0,0.0,50785627.5
2025-07-31 09:30:21 AM,73.05,300,21915.0,50807542.5
2025-07-31 09:30:22 AM,72.9,0,0.0,50807542.5
2025-07-31 09:30:22 AM,72.9,75,5467.5,50813010.0
2025-07-31 09:30:23 AM,73.1,0,0.0,50813010.0
2025-07-31 09:30:24 AM,73.1,75,5482.5,50818492.5
2025-07-31 09:30:24 AM,72.65,0,0.0,50818492.5
2025-07-31 09:30:25 AM,72.45,0,0.0,50818492.5
2025-07-31 09:30:26 AM,72.45,675,48903.75,50867396.25
2025-07-31 09:30:27 AM,72.0,0,0.0,50867396.25
2025-07-31 09:30:27 AM,72.7,0,0.0,50867396.25
2025-07-31 09:30:27 AM,72.7,4275,310792.5,51178188.75
2025-07-31 09:30:28 AM,72.65,0,0.0,51178188.75
2025-07-31 09:30:29 AM,72.65,75,5448.75,51183637.5
2025-07-31 09:30:30 AM,72.25,0,0.0,51183637.5
2025-07-31 09:30:31 AM,72.3,0,0.0,51183637.5
2025-07-31 09:30:31 AM,72.3,150,10845.0,51194482.5
2025-07-31 09:30:31 AM,71.9,0,0.0,51194482.5
2025-07-31 09:30:32 AM,71.75,0,0.0,51194482.5
2025-07-31 09:30:32 AM,71.75,600,43050.0,51237532.5
2025-07-31 09:30:33 AM,72.2,0,0.0,51237532.5
2025-07-31 09:30:34 AM,72.1,0,0.0,51237532.5
2025-07-31 09:30:34 AM,72.1,150,10815.0,51248347.5
2025-07-31 09:30:35 AM,72.0,0,0.0,51248347.5
2025-07-31 09:30:35 AM,72.35,0,0.0,51248347.5
2025-07-31 09:30:36 AM,72.35,3900,282165.0,51530512.5
2025-07-31 09:30:37 AM,72.15,0,0.0,51530512.5
2025-07-31 09:30:37 AM,72.15,75,5411.25,51535923.75
2025-07-31 09:30:41 AM,73.0,0,0.0,51535923.75
2025-07-31 09:30:42 AM,72.1,0,0.0,51535923.75
2025-07-31 09:30:42 AM,72.1,1725,124372.49999999999,51660296.25
2025-07-31 09:30:44 AM,71.55,0,0.0,51660296.25
2025-07-31 09:30:44 AM,70.9,675,47857.50000000001,51708153.75
2025-07-31 09:30:45 AM,70.15,0,0.0,51708153.75
2025-07-31 09:30:46 AM,70.15,450,31567.500000000004,51739721.25
2025-07-31 09:30:48 AM,70.2,75,5265.0,51744986.25
2025-07-31 09:30:48 AM,70.45,0,0.0,51744986.25
2025-07-31 09:30:49 AM,69.5,450,31275.0,51776261.25
2025-07-31 09:30:49 AM,69.5,75,5212.5,51781473.75
2025-07-31 09:30:50 AM,69.95,0,0.0,51781473.75
2025-07-31 09:30:51 AM,69.95,750,52462.5,51833936.25
2025-07-31 09:30:51 AM,70.2,75,5265.0,51839201.25
2025-07-31 09:30:52 AM,70.4,0,0.0,51839201.25
2025-07-31 09:30:52 AM,70.4,150,10560.0,51849761.25
2025-07-31 09:30:54 AM,70.55,0,0.0,51849761.25
2025-07-31 09:30:54 AM,70.55,75,5291.25,51855052.5
2025-07-31 09:30:55 AM,70.5,0,0.0,51855052.5
2025-07-31 09:30:56 AM,70.5,300,21150.0,51876202.5
2025-07-31 09:30:56 AM,70.0,0,0.0,51876202.5
2025-07-31 09:30:57 AM,69.75,0,0.0,51876202.5
2025-07-31 09:30:57 AM,69.75,150,10462.5,51886665.0
2025-07-31 09:31:00 AM,70.4,0,0.0,51886665.0
2025-07-31 09:31:01 AM,70.4,75,5280.0,51891945.0
2025-07-31 09:31:02 AM,71.1,0,0.0,51891945.0
2025-07-31 09:31:02 AM,71.25,0,0.0,51891945.0
2025-07-31 09:31:02 AM,71.25,375,26718.75,51918663.75
2025-07-31 09:31:03 AM,71.2,0,0.0,51918663.75
2025-07-31 09:31:04 AM,72.15,750,54112.50000000001,51972776.25
2025-07-31 09:31:05 AM,71.75,0,0.0,51972776.25
2025-07-31 09:31:06 AM,72.25,450,32512.5,52005288.75
2025-07-31 09:31:07 AM,72.45,0,0.0,52005288.75
2025-07-31 09:31:07 AM,72.45,75,5433.75,52010722.5
2025-07-31 09:31:08 AM,72.25,0,0.0,52010722.5
2025-07-31 09:31:09 AM,72.0,0,0.0,52010722.5
2025-07-31 09:31:09 AM,72.0,150,10800.0,52021522.5
2025-07-31 09:31:09 AM,71.0,300,21300.0,52042822.5
2025-07-31 09:31:10 AM,70.9,0,0.0,52042822.5
2025-07-31 09:31:11 AM,70.9,75,5317.5,52048140.0
2025-07-31 09:31:13 AM,70.85,0,0.0,52048140.0
2025-07-31 09:31:13 AM,70.85,450,31882.499999999996,52080022.5
2025-07-31 09:31:15 AM,70.2,0,0.0,52080022.5
2025-07-31 09:31:15 AM,70.4,0,0.0,52080022.5
2025-07-31 09:31:16 AM,70.35,975,68591.25,52148613.75
2025-07-31 09:31:16 AM,70.25,75,5268.75,52153882.5
2025-07-31 09:31:16 AM,70.35,0,0.0,52153882.5
2025-07-31 09:31:17 AM,70.05,0,0.0,52153882.5
2025-07-31 09:31:17 AM,70.2,0,0.0,52153882.5
2025-07-31 09:31:17 AM,70.2,4275,300105.0,52453987.5
2025-07-31 09:31:18 AM,69.5,0,0.0,52453987.5
2025-07-31 09:31:19 AM,69.5,450,31275.0,52485262.5
2025-07-31 09:31:19 AM,69.45,225,15626.25,52500888.75
2025-07-31 09:31:21 AM,68.8,0,0.0,52500888.75
2025-07-31 09:31:21 AM,68.8,300,20640.0,52521528.75
2025-07-31 09:31:21 AM,69.45,0,0.0,52521528.75
2025-07-31 09:31:22 AM,68.7,0,0.0,52521528.75
2025-07-31 09:31:23 AM,68.7,300,20610.0,52542138.75
2025-07-31 09:31:24 AM,69.0,1350,93150.0,52635288.75
2025-07-31 09:31:24 AM,69.2,75,5190.0,52640478.75
2025-07-31 09:31:26 AM,68.75,0,0.0,52640478.75
2025-07-31 09:31:28 AM,68.85,825,56801.24999999999,52697280.0
2025-07-31 09:31:28 AM,68.0,0,0.0,52697280.0
2025-07-31 09:31:29 AM,68.45,1950,133477.5,52830757.5
2025-07-31 09:31:31 AM,67.9,0,0.0,52830757.5
2025-07-31 09:31:31 AM,67.9,150,10185.0,52840942.5
2025-07-31 09:31:32 AM,67.75,0,0.0,52840942.5
2025-07-31 09:31:33 AM,67.75,150,10162.5,52851105.0
2025-07-31 09:31:34 AM,68.5,0,0.0,52851105.0
2025-07-31 09:31:34 AM,68.5,75,5137.5,52856242.5
2025-07-31 09:31:34 AM,68.2,150,10230.0,52866472.5
2025-07-31 09:31:34 AM,68.1,0,0.0,52866472.5
2025-07-31 09:31:35 AM,68.2,0,0.0,52866472.5
2025-07-31 09:31:36 AM,68.2,21600,1473120.0,54339592.5
2025-07-31 09:31:36 AM,67.95,0,0.0,54339592.5
2025-07-31 09:31:37 AM,68.15,0,0.0,54339592.5
2025-07-31 09:31:38 AM,68.15,600,40890.0,54380482.5
2025-07-31 09:31:38 AM,68.1,0,0.0,54380482.5
2025-07-31 09:31:39 AM,67.85,975,66153.75,54446636.25
2025-07-31 09:31:40 AM,67.65,0,0.0,54446636.25
2025-07-31 09:31:40 AM,67.35,0,0.0,54446636.25
2025-07-31 09:31:41 AM,67.35,150,10102.5,54456738.75
2025-07-31 09:31:42 AM,67.75,0,0.0,54456738.75
2025-07-31 09:31:43 AM,67.75,1800,121950.0,54578688.75
2025-07-31 09:31:44 AM,67.2,0,0.0,54578688.75
2025-07-31 09:31:44 AM,67.2,150,10080.0,54588768.75
2025-07-31 09:31:46 AM,67.4,0,0.0,54588768.75
2025-07-31 09:31:48 AM,67.4,225,15165.000000000002,54603933.75
2025-07-31 09:31:49 AM,67.35,0,0.0,54603933.75
2025-07-31 09:31:49 AM,67.35,75,5051.25,54608985.0
2025-07-31 09:31:50 AM,67.0,0,0.0,54608985.0
2025-07-31 09:31:50 AM,67.05,0,0.0,54608985.0
2025-07-31 09:31:51 AM,67.05,450,30172.5,54639157.5
2025-07-31 09:31:52 AM,67.3,0,0.0,54639157.5
2025-07-31 09:31:53 AM,67.3,75,5047.5,54644205.0
2025-07-31 09:31:53 AM,67.5,0,0.0,54644205.0
2025-07-31 09:31:54 AM,68.2,225,15345.0,54659550.0
2025-07-31 09:31:55 AM,68.5,0,0.0,54659550.0
2025-07-31 09:31:56 AM,68.1,0,0.0,54659550.0
2025-07-31 09:31:56 AM,68.05,1500,102075.0,54761625.0
2025-07-31 09:31:58 AM,68.3,0,0.0,54761625.0
2025-07-31 09:31:58 AM,68.3,75,5122.5,54766747.5
2025-07-31 09:31:58 AM,68.0,0,0.0,54766747.5
2025-07-31 09:31:59 AM,68.0,75,5100.0,54771847.5
2025-07-31 09:32:01 AM,67.5,0,0.0,54771847.5
2025-07-31 09:32:01 AM,67.5,450,30375.0,54802222.5
2025-07-31 09:32:02 AM,67.55,0,0.0,54802222.5
2025-07-31 09:32:03 AM,67.55,1275,86126.25,54888348.75
2025-07-31 09:32:03 AM,67.45,0,0.0,54888348.75
2025-07-31 09:32:03 AM,67.6,0,0.0,54888348.75
2025-07-31 09:32:04 AM,68.0,900,61200.0,54949548.75
2025-07-31 09:32:04 AM,68.2,0,0.0,54949548.75
2025-07-31 09:32:05 AM,68.4,0,0.0,54949548.75
2025-07-31 09:32:06 AM,68.15,0,0.0,54949548.75
2025-07-31 09:32:06 AM,68.15,1050,71557.5,55021106.25
2025-07-31 09:32:06 AM,68.2,0,0.0,55021106.25
2025-07-31 09:32:07 AM,68.3,0,0.0,55021106.25
2025-07-31 09:32:08 AM,68.3,825,56347.5,55077453.75
2025-07-31 09:32:08 AM,68.1,0,0.0,55077453.75
2025-07-31 09:32:09 AM,68.0,600,40800.0,55118253.75
2025-07-31 09:32:09 AM,68.1,0,0.0,55118253.75
2025-07-31 09:32:10 AM,67.6,0,0.0,55118253.75
2025-07-31 09:32:11 AM,67.6,1575,106469.99999999999,55224723.75
2025-07-31 09:32:11 AM,67.65,225,15221.250000000002,55239945.0
2025-07-31 09:32:11 AM,67.75,0,0.0,55239945.0
2025-07-31 09:32:12 AM,67.95,0,0.0,55239945.0
2025-07-31 09:32:13 AM,67.95,450,30577.5,55270522.5
2025-07-31 09:32:14 AM,68.05,0,0.0,55270522.5
2025-07-31 09:32:14 AM,67.55,2925,197583.75,55468106.25
2025-07-31 09:32:16 AM,67.7,150,10155.0,55478261.25
2025-07-31 09:32:17 AM,67.6,0,0.0,55478261.25
2025-07-31 09:32:18 AM,67.6,75,5070.0,55483331.25
2025-07-31 09:32:19 AM,67.45,0,0.0,55483331.25
2025-07-31 09:32:21 AM,67.05,0,0.0,55483331.25
2025-07-31 09:32:21 AM,67.05,675,45258.75,55528590.0
2025-07-31 09:32:21 AM,67.4,600,40440.0,55569030.0
2025-07-31 09:32:23 AM,66.95,0,0.0,55569030.0
2025-07-31 09:32:23 AM,67.0,975,65325.0,55634355.0
2025-07-31 09:32:24 AM,66.75,150,10012.5,55644367.5
2025-07-31 09:32:24 AM,66.65,0,0.0,55644367.5
2025-07-31 09:32:25 AM,66.45,0,0.0,55644367.5
2025-07-31 09:32:25 AM,66.1,0,0.0,55644367.5
2025-07-31 09:32:26 AM,66.1,300,19830.0,55664197.5
2025-07-31 09:32:26 AM,66.45,0,0.0,55664197.5
2025-07-31 09:32:28 AM,66.45,150,9967.5,55674165.0
2025-07-31 09:32:28 AM,66.65,0,0.0,55674165.0
2025-07-31 09:32:29 AM,66.65,150,9997.5,55684162.5
2025-07-31 09:32:32 AM,66.55,0,0.0,55684162.5
2025-07-31 09:32:33 AM,66.55,75,4991.25,55689153.75
2025-07-31 09:32:33 AM,66.65,0,0.0,55689153.75
2025-07-31 09:32:33 AM,66.65,75,4998.75,55694152.5
2025-07-31 09:32:34 AM,66.5,0,0.0,55694152.5
2025-07-31 09:32:34 AM,66.5,75,4987.5,55699140.0
2025-07-31 09:32:36 AM,66.8,0,0.0,55699140.0
2025-07-31 09:32:38 AM,66.8,75,5010.0,55704150.0
2025-07-31 09:32:41 AM,67.2,0,0.0,55704150.0
2025-07-31 09:32:41 AM,67.2,75,5040.0,55709190.0
2025-07-31 09:32:43 AM,67.65,0,0.0,55709190.0
2025-07-31 09:32:43 AM,67.65,2550,172507.5,55881697.5
2025-07-31 09:32:44 AM,67.75,0,0.0,55881697.5
2025-07-31 09:32:44 AM,67.75,75,5081.25,55886778.75
2025-07-31 09:32:44 AM,67.75,75,5081.25,55891860.0
2025-07-31 09:32:46 AM,67.65,0,0.0,55891860.0
2025-07-31 09:32:46 AM,68.05,225,15311.25,55907171.25
2025-07-31 09:32:47 AM,67.95,0,0.0,55907171.25
2025-07-31 09:32:48 AM,67.95,75,5096.25,55912267.5
2025-07-31 09:32:50 AM,68.7,0,0.0,55912267.5
2025-07-31 09:32:51 AM,69.1,0,0.0,55912267.5
2025-07-31 09:32:51 AM,68.55,1275,87401.25,55999668.75
2025-07-31 09:32:52 AM,68.9,0,0.0,55999668.75
2025-07-31 09:32:52 AM,68.35,0,0.0,55999668.75
2025-07-31 09:32:53 AM,68.7,0,0.0,55999668.75
2025-07-31 09:32:53 AM,68.7,1125,77287.5,56076956.25
2025-07-31 09:32:54 AM,68.4,0,0.0,56076956.25
2025-07-31 09:32:54 AM,68.65,1425,97826.25000000001,56174782.5
2025-07-31 09:32:55 AM,68.05,0,0.0,56174782.5
2025-07-31 09:32:56 AM,68.15,0,0.0,56174782.5
2025-07-31 09:32:56 AM,68.1,1050,71505.0,56246287.5
2025-07-31 09:32:57 AM,68.2,0,0.0,56246287.5
2025-07-31 09:32:58 AM,68.85,0,0.0,56246287.5
2025-07-31 09:32:58 AM,68.85,2400,165240.0,56411527.5
2025-07-31 09:32:59 AM,68.95,1125,77568.75,56489096.25
2025-07-31 09:33:00 AM,69.15,0,0.0,56489096.25
2025-07-31 09:33:01 AM,69.05,0,0.0,56489096.25
2025-07-31 09:33:01 AM,68.6,1200,82320.0,56571416.25
2025-07-31 09:33:02 AM,68.85,0,0.0,56571416.25
2025-07-31 09:33:03 AM,68.85,675,46473.74999999999,56617890.0
2025-07-31 09:33:04 AM,68.7,0,0.0,56617890.0
2025-07-31 09:33:04 AM,68.8,450,30960.0,56648850.0
2025-07-31 09:33:05 AM,68.95,0,0.0,56648850.0
2025-07-31 09:33:06 AM,69.1,0,0.0,56648850.0
2025-07-31 09:33:06 AM,68.95,1725,118938.75,56767788.75
2025-07-31 09:33:07 AM,69.0,0,0.0,56767788.75
2025-07-31 09:33:08 AM,68.65,0,0.0,56767788.75
2025-07-31 09:33:08 AM,68.65,900,61785.00000000001,56829573.75
2025-07-31 09:33:09 AM,68.75,0,0.0,56829573.75
2025-07-31 09:33:09 AM,69.05,675,46608.75,56876182.5
2025-07-31 09:33:09 AM,68.55,150,10282.5,56886465.0
2025-07-31 09:33:10 AM,68.7,0,0.0,56886465.0
2025-07-31 09:33:11 AM,69.05,0,0.0,56886465.0
2025-07-31 09:33:11 AM,69.2,900,62280.0,56948745.0
2025-07-31 09:33:12 AM,68.85,0,0.0,56948745.0
2025-07-31 09:33:13 AM,69.15,0,0.0,56948745.0
2025-07-31 09:33:13 AM,69.15,1050,72607.5,57021352.5
2025-07-31 09:33:14 AM,68.85,0,0.0,57021352.5
2025-07-31 09:33:14 AM,69.15,450,31117.500000000004,57052470.0
2025-07-31 09:33:14 AM,68.55,150,10282.5,57062752.5
2025-07-31 09:33:15 AM,68.85,0,0.0,57062752.5
2025-07-31 09:33:16 AM,69.05,0,0.0,57062752.5
2025-07-31 09:33:16 AM,69.1,1800,124379.99999999999,57187132.5
2025-07-31 09:33:17 AM,69.05,0,0.0,57187132.5
2025-07-31 09:33:18 AM,68.95,0,0.0,57187132.5
2025-07-31 09:33:18 AM,68.95,1125,77568.75,57264701.25
2025-07-31 09:33:19 AM,69.15,0,0.0,57264701.25
2025-07-31 09:33:19 AM,69.45,0,0.0,57264701.25
2025-07-31 09:33:19 AM,69.5,825,57337.5,57322038.75
2025-07-31 09:33:19 AM,69.8,225,15705.0,57337743.75
2025-07-31 09:33:20 AM,69.9,0,0.0,57337743.75
2025-07-31 09:33:20 AM,70.65,0,0.0,57337743.75
2025-07-31 09:33:21 AM,70.3,0,0.0,57337743.75
2025-07-31 09:33:21 AM,70.55,900,63495.0,57401238.75
2025-07-31 09:33:22 AM,70.75,0,0.0,57401238.75
2025-07-31 09:33:23 AM,70.8,0,0.0,57401238.75
2025-07-31 09:33:23 AM,70.8,975,69030.0,57470268.75
2025-07-31 09:33:24 AM,71.05,0,0.0,57470268.75
2025-07-31 09:33:24 AM,70.75,1950,137962.5,57608231.25
2025-07-31 09:33:24 AM,70.85,150,10627.5,57618858.75
2025-07-31 09:33:26 AM,71.45,0,0.0,57618858.75
2025-07-31 09:33:26 AM,71.55,1575,112691.25,57731550.0
2025-07-31 09:33:27 AM,71.7,0,0.0,57731550.0
2025-07-31 09:33:27 AM,72.0,0,0.0,57731550.0
2025-07-31 09:33:28 AM,71.55,0,0.0,57731550.0
2025-07-31 09:33:28 AM,71.55,2025,144888.75,57876438.75
2025-07-31 09:33:28 AM,71.7,300,21510.0,57897948.75
2025-07-31 09:33:29 AM,71.8,0,0.0,57897948.75
2025-07-31 09:33:29 AM,71.55,1125,80493.75,57978442.5
2025-07-31 09:33:29 AM,71.35,225,16053.749999999998,57994496.25
2025-07-31 09:33:31 AM,71.05,0,0.0,57994496.25
2025-07-31 09:33:31 AM,71.05,150,10657.5,58005153.75
2025-07-31 09:33:33 AM,70.95,75,5321.25,58010475.0
2025-07-31 09:33:34 AM,71.6,0,0.0,58010475.0
2025-07-31 09:33:34 AM,71.85,150,10777.5,58021252.5
2025-07-31 09:33:37 AM,71.7,0,0.0,58021252.5
2025-07-31 09:33:38 AM,71.7,75,5377.5,58026630.0
2025-07-31 09:33:38 AM,71.95,0,0.0,58026630.0
2025-07-31 09:33:39 AM,72.2,0,0.0,58026630.0
2025-07-31 09:33:39 AM,72.05,0,0.0,58026630.0
2025-07-31 09:33:39 AM,71.85,2850,204772.49999999997,58231402.5
2025-07-31 09:33:40 AM,72.05,0,0.0,58231402.5
2025-07-31 09:33:41 AM,72.2,0,0.0,58231402.5
2025-07-31 09:33:41 AM,71.85,0,0.0,58231402.5
2025-07-31 09:33:41 AM,71.85,1200,86220.0,58317622.5
2025-07-31 09:33:43 AM,72.0,0,0.0,58317622.5
2025-07-31 09:33:44 AM,71.8,0,0.0,58317622.5
2025-07-31 09:33:44 AM,71.8,150,10770.0,58328392.5
2025-07-31 09:33:45 AM,72.35,0,0.0,58328392.5
2025-07-31 09:33:46 AM,72.3,0,0.0,58328392.5
2025-07-31 09:33:46 AM,72.2,375,27075.0,58355467.5
2025-07-31 09:33:47 AM,72.25,0,0.0,58355467.5
2025-07-31 09:33:47 AM,72.45,0,0.0,58355467.5
2025-07-31 09:33:48 AM,72.8,0,0.0,58355467.5
2025-07-31 09:33:48 AM,72.8,900,65520.0,58420987.5
2025-07-31 09:33:48 AM,72.6,75,5445.0,58426432.5
2025-07-31 09:33:49 AM,71.85,0,0.0,58426432.5
2025-07-31 09:33:49 AM,71.6,0,0.0,58426432.5
2025-07-31 09:33:49 AM,71.9,3600,258840.00000000003,58685272.5
2025-07-31 09:33:51 AM,72.1,0,0.0,58685272.5
2025-07-31 09:33:51 AM,72.1,75,5407.5,58690680.0
2025-07-31 09:33:54 AM,73.0,0,0.0,58690680.0
2025-07-31 09:33:54 AM,72.9,0,0.0,58690680.0
2025-07-31 09:33:54 AM,72.9,225,16402.5,58707082.5
2025-07-31 09:33:57 AM,72.6,0,0.0,58707082.5
2025-07-31 09:33:58 AM,73.05,0,0.0,58707082.5
2025-07-31 09:33:58 AM,73.15,0,0.0,58707082.5
2025-07-31 09:33:58 AM,73.15,450,32917.5,58740000.0
2025-07-31 09:33:59 AM,72.55,0,0.0,58740000.0
2025-07-31 09:33:59 AM,72.85,750,54637.49999999999,58794637.5
2025-07-31 09:34:00 AM,72.1,0,0.0,58794637.5
2025-07-31 09:34:01 AM,72.0,0,0.0,58794637.5
2025-07-31 09:34:01 AM,72.0,900,64800.0,58859437.5
2025-07-31 09:34:04 AM,71.8,0,0.0,58859437.5
2025-07-31 09:34:04 AM,71.7,225,16132.5,58875570.0
2025-07-31 09:34:06 AM,71.6,0,0.0,58875570.0
2025-07-31 09:34:06 AM,71.6,75,5370.0,58880940.0
2025-07-31 09:34:07 AM,71.7,0,0.0,58880940.0
2025-07-31 09:34:08 AM,71.7,150,10755.0,58891695.0
2025-07-31 09:34:10 AM,72.4,0,0.0,58891695.0
2025-07-31 09:34:11 AM,72.4,900,65160.00000000001,58956855.0
2025-07-31 09:34:15 AM,71.95,0,0.0,58956855.0
2025-07-31 09:34:16 AM,71.95,150,10792.5,58967647.5
2025-07-31 09:34:19 AM,71.4,0,0.0,58967647.5
2025-07-31 09:34:19 AM,71.35,2475,176591.25,59144238.75
2025-07-31 09:34:25 AM,70.5,0,0.0,59144238.75
2025-07-31 09:34:26 AM,70.5,150,10575.0,59154813.75
2025-07-31 09:34:27 AM,70.0,0,0.0,59154813.75
2025-07-31 09:34:28 AM,70.0,2475,173250.0,59328063.75
2025-07-31 09:34:29 AM,70.0,75,5250.0,59333313.75
2025-07-31 09:34:30 AM,69.8,0,0.0,59333313.75
2025-07-31 09:34:31 AM,70.05,0,0.0,59333313.75
2025-07-31 09:34:31 AM,70.05,300,21015.0,59354328.75
2025-07-31 09:34:42 AM,70.1,0,0.0,59354328.75
2025-07-31 09:34:43 AM,70.1,75,5257.5,59359586.25
2025-07-31 09:34:49 AM,68.75,0,0.0,59359586.25
2025-07-31 09:34:49 AM,68.6,600,41160.0,59400746.25
2025-07-31 09:34:51 AM,68.1,0,0.0,59400746.25
2025-07-31 09:34:51 AM,68.1,150,10215.0,59410961.25
2025-07-31 09:34:52 AM,68.45,0,0.0,59410961.25
2025-07-31 09:34:53 AM,68.0,0,0.0,59410961.25
2025-07-31 09:34:53 AM,68.0,3225,219300.0,59630261.25
2025-07-31 09:34:55 AM,67.9,0,0.0,59630261.25
2025-07-31 09:34:56 AM,68.35,0,0.0,59630261.25
2025-07-31 09:34:56 AM,68.25,0,0.0,59630261.25
2025-07-31 09:34:56 AM,68.25,675,46068.75,59676330.0
2025-07-31 09:34:57 AM,67.95,0,0.0,59676330.0
2025-07-31 09:34:58 AM,68.15,0,0.0,59676330.0
2025-07-31 09:34:58 AM,68.15,150,10222.5,59686552.5
2025-07-31 09:34:59 AM,67.85,0,0.0,59686552.5
2025-07-31 09:34:59 AM,68.25,3300,225225.0,59911777.5
2025-07-31 09:35:00 AM,68.0,0,0.0,59911777.5
2025-07-31 09:35:01 AM,68.25,0,0.0,59911777.5
2025-07-31 09:35:01 AM,68.35,2025,138408.75,60050186.25
2025-07-31 09:35:04 AM,68.35,1800,123029.99999999999,60173216.25
2025-07-31 09:35:05 AM,68.45,0,0.0,60173216.25
2025-07-31 09:35:06 AM,69.0,0,0.0,60173216.25
2025-07-31 09:35:06 AM,69.0,2025,139725.0,60312941.25
2025-07-31 09:35:09 AM,69.35,0,0.0,60312941.25
2025-07-31 09:35:09 AM,69.35,75,5201.25,60318142.5
2025-07-31 09:35:11 AM,70.2,0,0.0,60318142.5
2025-07-31 09:35:11 AM,70.2,1800,126360.0,60444502.5
2025-07-31 09:35:12 AM,69.85,0,0.0,60444502.5
2025-07-31 09:35:13 AM,69.85,75,5238.75,60449741.25
2025-07-31 09:35:14 AM,70.15,1950,136792.5,60586533.75
2025-07-31 09:35:17 AM,70.5,0,0.0,60586533.75
2025-07-31 09:35:18 AM,70.45,1875,132093.75,60718627.5
2025-07-31 09:35:19 AM,70.85,0,0.0,60718627.5
2025-07-31 09:35:19 AM,70.8,2850,201780.0,60920407.5
2025-07-31 09:35:20 AM,71.15,0,0.0,60920407.5
2025-07-31 09:35:21 AM,71.3,0,0.0,60920407.5
2025-07-31 09:35:21 AM,71.55,0,0.0,60920407.5
2025-07-31 09:35:21 AM,71.55,975,69761.25,60990168.75
2025-07-31 09:35:22 AM,71.8,0,0.0,60990168.75
2025-07-31 09:35:23 AM,71.8,150,10770.0,61000938.75
2025-07-31 09:35:23 AM,71.55,0,0.0,61000938.75
2025-07-31 09:35:23 AM,71.55,525,37563.75,61038502.5
2025-07-31 09:35:24 AM,71.75,0,0.0,61038502.5
2025-07-31 09:35:24 AM,71.4,750,53550.00000000001,61092052.5
2025-07-31 09:35:26 AM,71.25,0,0.0,61092052.5
2025-07-31 09:35:26 AM,71.25,75,5343.75,61097396.25
2025-07-31 09:35:28 AM,71.65,0,0.0,61097396.25
2025-07-31 09:35:28 AM,71.65,450,32242.500000000004,61129638.75
2025-07-31 09:35:28 AM,72.0,0,0.0,61129638.75
2025-07-31 09:35:28 AM,72.2,1500,108300.0,61237938.75
2025-07-31 09:35:29 AM,71.7,0,0.0,61237938.75
2025-07-31 09:35:29 AM,71.55,2850,203917.5,61441856.25
2025-07-31 09:35:30 AM,71.35,150,10702.5,61452558.75
2025-07-31 09:35:31 AM,71.25,0,0.0,61452558.75
2025-07-31 09:35:31 AM,71.25,375,26718.75,61479277.5
2025-07-31 09:35:33 AM,71.1,0,0.0,61479277.5
2025-07-31 09:35:33 AM,71.1,600,42660.0,61521937.5
2025-07-31 09:35:35 AM,71.45,0,0.0,61521937.5
2025-07-31 09:35:36 AM,71.45,75,5358.75,61527296.25
2025-07-31 09:35:37 AM,70.5,0,0.0,61527296.25
2025-07-31 09:35:38 AM,70.5,225,15862.5,61543158.75
2025-07-31 09:35:43 AM,70.5,75,5287.5,61548446.25
2025-07-31 09:35:47 AM,71.4,0,0.0,61548446.25
2025-07-31 09:35:48 AM,71.85,0,0.0,61548446.25
2025-07-31 09:35:48 AM,71.85,975,70053.75,61618500.0
2025-07-31 09:35:49 AM,72.25,0,0.0,61618500.0
2025-07-31 09:35:49 AM,72.25,75,5418.75,61623918.75
2025-07-31 09:35:52 AM,72.3,0,0.0,61623918.75
2025-07-31 09:35:53 AM,71.6,0,0.0,61623918.75
2025-07-31 09:35:53 AM,71.6,1050,75180.0,61699098.75
2025-07-31 09:35:54 AM,72.0,0,0.0,61699098.75
2025-07-31 09:35:54 AM,71.95,300,21585.0,61720683.75
2025-07-31 09:35:56 AM,71.4,0,0.0,61720683.75
2025-07-31 09:35:58 AM,71.4,375,26775.000000000004,61747458.75
2025-07-31 09:35:59 AM,71.3,0,0.0,61747458.75
2025-07-31 09:36:00 AM,71.75,300,21525.0,61768983.75
2025-07-31 09:36:01 AM,72.05,0,0.0,61768983.75
2025-07-31 09:36:01 AM,72.05,75,5403.75,61774387.5
2025-07-31 09:36:02 AM,71.95,0,0.0,61774387.5
2025-07-31 09:36:03 AM,71.95,150,10792.5,61785180.0
2025-07-31 09:36:03 AM,72.25,0,0.0,61785180.0
2025-07-31 09:36:04 AM,72.35,0,0.0,61785180.0
2025-07-31 09:36:05 AM,72.85,825,60101.24999999999,61845281.25
2025-07-31 09:36:06 AM,72.85,225,16391.25,61861672.5
2025-07-31 09:36:07 AM,72.45,0,0.0,61861672.5
2025-07-31 09:36:08 AM,72.3,1275,92182.5,61953855.0
2025-07-31 09:36:09 AM,72.25,0,0.0,61953855.0
2025-07-31 09:36:10 AM,72.25,75,5418.75,61959273.75
2025-07-31 09:36:12 AM,72.15,0,0.0,61959273.75
2025-07-31 09:36:13 AM,72.15,75,5411.25,61964685.0
2025-07-31 09:36:13 AM,71.75,0,0.0,61964685.0
2025-07-31 09:36:15 AM,71.75,75,5381.25,61970066.25
2025-07-31 09:36:15 AM,71.95,0,0.0,61970066.25
2025-07-31 09:36:16 AM,71.95,75,5396.25,61975462.5
2025-07-31 09:36:16 AM,72.0,0,0.0,61975462.5
2025-07-31 09:36:18 AM,72.0,300,21600.0,61997062.5
2025-07-31 09:36:18 AM,72.15,0,0.0,61997062.5
2025-07-31 09:36:20 AM,72.15,300,21645.0,62018707.5
2025-07-31 09:36:22 AM,71.65,0,0.0,62018707.5
2025-07-31 09:36:23 AM,71.65,150,10747.5,62029455.0
2025-07-31 09:36:31 AM,71.65,75,5373.75,62034828.75
2025-07-31 09:36:33 AM,73.0,0,0.0,62034828.75
2025-07-31 09:36:33 AM,73.15,1650,120697.50000000001,62155526.25
2025-07-31 09:36:33 AM,73.1,150,10965.0,62166491.25
2025-07-31 09:36:34 AM,73.25,0,0.0,62166491.25
2025-07-31 09:36:35 AM,72.95,825,60183.75,62226675.0
2025-07-31 09:36:36 AM,73.0,0,0.0,62226675.0
2025-07-31 09:36:36 AM,73.0,450,32850.0,62259525.0
2025-07-31 09:36:37 AM,72.65,0,0.0,62259525.0
2025-07-31 09:36:38 AM,72.6,0,0.0,62259525.0
2025-07-31 09:36:38 AM,72.6,450,32669.999999999996,62292195.0
2025-07-31 09:36:39 AM,72.2,0,0.0,62292195.0
2025-07-31 09:36:40 AM,72.2,600,43320.0,62335515.0
2025-07-31 09:36:40 AM,71.85,0,0.0,62335515.0
2025-07-31 09:36:41 AM,71.75,0,0.0,62335515.0
2025-07-31 09:36:41 AM,71.7,0,0.0,62335515.0
2025-07-31 09:36:41 AM,71.7,225,16132.5,62351647.5
2025-07-31 09:36:43 AM,72.15,0,0.0,62351647.5
2025-07-31 09:36:45 AM,72.15,600,43290.0,62394937.5
2025-07-31 09:36:47 AM,72.05,0,0.0,62394937.5
2025-07-31 09:36:48 AM,71.7,0,0.0,62394937.5
2025-07-31 09:36:48 AM,71.7,150,10755.0,62405692.5
2025-07-31 09:36:49 AM,71.9,0,0.0,62405692.5
2025-07-31 09:36:50 AM,72.7,300,21810.0,62427502.5
2025-07-31 09:36:51 AM,72.5,75,5437.5,62432940.0
2025-07-31 09:36:53 AM,72.75,0,0.0,62432940.0
2025-07-31 09:36:55 AM,72.75,600,43650.0,62476590.0
2025-07-31 09:36:55 AM,72.3,600,43380.0,62519970.0
2025-07-31 09:36:56 AM,72.3,75,5422.5,62525392.5
2025-07-31 09:36:57 AM,71.55,0,0.0,62525392.5
2025-07-31 09:36:58 AM,71.55,150,10732.5,62536125.0
2025-07-31 09:37:02 AM,72.55,0,0.0,62536125.0
2025-07-31 09:37:03 AM,72.55,75,5441.25,62541566.25
2025-07-31 09:37:03 AM,72.6,75,5445.0,62547011.25
2025-07-31 09:37:04 AM,72.65,0,0.0,62547011.25
2025-07-31 09:37:05 AM,72.65,150,10897.5,62557908.75
2025-07-31 09:37:10 AM,72.55,0,0.0,62557908.75
2025-07-31 09:37:11 AM,72.55,150,10882.5,62568791.25
2025-07-31 09:37:12 AM,73.0,0,0.0,62568791.25
2025-07-31 09:37:13 AM,73.0,75,5475.0,62574266.25
2025-07-31 09:37:14 AM,72.55,0,0.0,62574266.25
2025-07-31 09:37:15 AM,72.25,225,16256.25,62590522.5
2025-07-31 09:37:16 AM,72.0,0,0.0,62590522.5
2025-07-31 09:37:16 AM,72.0,225,16200.0,62606722.5
2025-07-31 09:37:16 AM,71.9,450,32355.000000000004,62639077.5
2025-07-31 09:37:18 AM,71.3,0,0.0,62639077.5
2025-07-31 09:37:18 AM,71.3,150,10695.0,62649772.5
2025-07-31 09:37:19 AM,71.4,0,0.0,62649772.5
2025-07-31 09:37:20 AM,71.4,225,16065.000000000002,62665837.5
2025-07-31 09:37:26 AM,72.3,0,0.0,62665837.5
2025-07-31 09:37:26 AM,72.3,75,5422.5,62671260.0
2025-07-31 09:37:27 AM,70.6,0,0.0,62671260.0
2025-07-31 09:37:28 AM,70.8,0,0.0,62671260.0
2025-07-31 09:37:28 AM,71.05,6000,426300.0,63097560.0
2025-07-31 09:37:29 AM,71.3,0,0.0,63097560.0
2025-07-31 09:37:29 AM,71.3,75,5347.5,63102907.5
2025-07-31 09:37:30 AM,70.8,375,26550.0,63129457.5
2025-07-31 09:37:32 AM,70.55,0,0.0,63129457.5
2025-07-31 09:37:33 AM,70.7,0,0.0,63129457.5
2025-07-31 09:37:33 AM,70.7,300,21210.0,63150667.5
2025-07-31 09:37:34 AM,70.7,75,5302.5,63155970.0
2025-07-31 09:37:36 AM,70.75,0,0.0,63155970.0
2025-07-31 09:37:36 AM,70.75,300,21225.0,63177195.0
2025-07-31 09:37:36 AM,70.4,150,10560.0,63187755.0
2025-07-31 09:37:38 AM,70.4,375,26400.000000000004,63214155.0
2025-07-31 09:37:39 AM,69.7,0,0.0,63214155.0
2025-07-31 09:37:39 AM,69.7,1875,130687.5,63344842.5
2025-07-31 09:37:40 AM,69.75,150,10462.5,63355305.0
2025-07-31 09:37:41 AM,70.2,0,0.0,63355305.0
2025-07-31 09:37:41 AM,70.3,0,0.0,63355305.0
2025-07-31 09:37:41 AM,70.3,600,42180.0,63397485.0
2025-07-31 09:37:41 AM,70.0,375,26250.0,63423735.0
2025-07-31 09:37:42 AM,70.1,0,0.0,63423735.0
2025-07-31 09:37:43 AM,70.05,2025,141851.25,63565586.25
2025-07-31 09:37:43 AM,70.3,75,5272.5,63570858.75
2025-07-31 09:37:44 AM,70.25,0,0.0,63570858.75
2025-07-31 09:37:44 AM,70.55,0,0.0,63570858.75
2025-07-31 09:37:44 AM,70.55,225,15873.75,63586732.5
2025-07-31 09:37:45 AM,69.7,0,0.0,63586732.5
2025-07-31 09:37:46 AM,69.7,300,20910.0,63607642.5
2025-07-31 09:37:46 AM,69.35,300,20805.0,63628447.5
2025-07-31 09:37:47 AM,69.65,0,0.0,63628447.5
2025-07-31 09:37:48 AM,69.4,2175,150945.0,63779392.5
2025-07-31 09:37:49 AM,69.1,0,0.0,63779392.5
2025-07-31 09:37:49 AM,69.1,2100,145110.0,63924502.5
2025-07-31 09:37:51 AM,69.0,150,10350.0,63934852.5
2025-07-31 09:37:53 AM,68.75,975,67031.25,64001883.75
2025-07-31 09:37:54 AM,68.75,75,5156.25,64007040.0
2025-07-31 09:37:56 AM,68.45,0,0.0,64007040.0
2025-07-31 09:37:57 AM,68.2,0,0.0,64007040.0
2025-07-31 09:37:58 AM,68.2,150,10230.0,64017270.0
2025-07-31 09:37:58 AM,69.05,0,0.0,64017270.0
2025-07-31 09:37:59 AM,68.95,0,0.0,64017270.0
2025-07-31 09:37:59 AM,68.4,0,0.0,64017270.0
2025-07-31 09:37:59 AM,68.4,3300,225720.00000000003,64242990.0
2025-07-31 09:38:00 AM,68.9,0,0.0,64242990.0
2025-07-31 09:38:01 AM,69.95,0,0.0,64242990.0
2025-07-31 09:38:01 AM,69.95,300,20985.0,64263975.0
2025-07-31 09:38:01 AM,70.3,900,63270.0,64327245.0
2025-07-31 09:38:02 AM,70.2,0,0.0,64327245.0
2025-07-31 09:38:02 AM,70.4,0,0.0,64327245.0
2025-07-31 09:38:03 AM,70.4,300,21120.0,64348365.0
2025-07-31 09:38:03 AM,71.15,0,0.0,64348365.0
2025-07-31 09:38:04 AM,71.2,0,0.0,64348365.0
2025-07-31 09:38:04 AM,71.1,0,0.0,64348365.0
2025-07-31 09:38:04 AM,71.1,1500,106649.99999999999,64455015.0
2025-07-31 09:38:04 AM,70.35,375,26381.249999999996,64481396.25
2025-07-31 09:38:07 AM,70.1,0,0.0,64481396.25
2025-07-31 09:38:08 AM,70.1,75,5257.5,64486653.75
2025-07-31 09:38:08 AM,70.15,0,0.0,64486653.75
2025-07-31 09:38:09 AM,70.15,75,5261.25,64491915.0
2025-07-31 09:38:11 AM,70.15,375,26306.250000000004,64518221.25
2025-07-31 09:38:12 AM,70.0,0,0.0,64518221.25
2025-07-31 09:38:13 AM,70.0,150,10500.0,64528721.25
2025-07-31 09:38:15 AM,70.25,0,0.0,64528721.25
2025-07-31 09:38:16 AM,70.25,450,31612.5,64560333.75
2025-07-31 09:38:17 AM,70.8,0,0.0,64560333.75
2025-07-31 09:38:18 AM,70.8,75,5310.0,64565643.75
2025-07-31 09:38:18 AM,70.4,0,0.0,64565643.75
2025-07-31 09:38:19 AM,70.4,225,15840.000000000002,64581483.75
2025-07-31 09:38:20 AM,70.9,0,0.0,64581483.75
2025-07-31 09:38:20 AM,71.15,0,0.0,64581483.75
2025-07-31 09:38:21 AM,71.15,900,64035.00000000001,64645518.75
2025-07-31 09:38:22 AM,71.65,0,0.0,64645518.75
2025-07-31 09:38:22 AM,71.5,0,0.0,64645518.75
2025-07-31 09:38:23 AM,71.25,675,48093.75,64693612.5
2025-07-31 09:38:24 AM,70.9,0,0.0,64693612.5
2025-07-31 09:38:24 AM,70.9,300,21270.0,64714882.5
2025-07-31 09:38:24 AM,70.2,150,10530.0,64725412.5
2025-07-31 09:38:26 AM,70.7,0,0.0,64725412.5
2025-07-31 09:38:26 AM,70.7,9975,705232.5,65430645.0
2025-07-31 09:38:26 AM,70.45,150,10567.5,65441212.5
2025-07-31 09:38:27 AM,70.5,0,0.0,65441212.5
2025-07-31 09:38:28 AM,70.8,225,15930.0,65457142.5
2025-07-31 09:38:28 AM,70.6,0,0.0,65457142.5
2025-07-31 09:38:29 AM,70.6,900,63539.99999999999,65520682.5
2025-07-31 09:38:31 AM,71.0,0,0.0,65520682.5
2025-07-31 09:38:32 AM,70.95,0,0.0,65520682.5
2025-07-31 09:38:33 AM,70.95,375,26606.25,65547288.75
2025-07-31 09:38:34 AM,70.85,0,0.0,65547288.75
2025-07-31 09:38:34 AM,70.85,150,10627.5,65557916.25
2025-07-31 09:38:35 AM,70.5,0,0.0,65557916.25
2025-07-31 09:38:35 AM,70.6,0,0.0,65557916.25
2025-07-31 09:38:36 AM,70.6,150,10590.0,65568506.25
2025-07-31 09:38:36 AM,71.25,0,0.0,65568506.25
2025-07-31 09:38:37 AM,71.05,0,0.0,65568506.25
2025-07-31 09:38:38 AM,71.05,225,15986.25,65584492.5
2025-07-31 09:38:41 AM,71.45,0,0.0,65584492.5
2025-07-31 09:38:43 AM,71.45,300,21435.0,65605927.5
2025-07-31 09:38:43 AM,70.95,0,0.0,65605927.5
2025-07-31 09:38:44 AM,70.95,75,5321.25,65611248.75
2025-07-31 09:38:52 AM,71.5,0,0.0,65611248.75
2025-07-31 09:38:53 AM,71.5,75,5362.5,65616611.25
2025-07-31 09:38:53 AM,71.55,0,0.0,65616611.25
2025-07-31 09:38:54 AM,71.55,300,21465.0,65638076.25
2025-07-31 09:38:54 AM,71.8,0,0.0,65638076.25
2025-07-31 09:38:54 AM,71.8,225,16155.0,65654231.25
2025-07-31 09:38:55 AM,71.35,0,0.0,65654231.25
2025-07-31 09:38:56 AM,70.75,0,0.0,65654231.25
2025-07-31 09:38:56 AM,70.75,3900,275925.0,65930156.25
2025-07-31 09:38:57 AM,71.05,0,0.0,65930156.25
2025-07-31 09:38:58 AM,71.05,150,10657.5,65940813.75
2025-07-31 09:38:58 AM,71.4,0,0.0,65940813.75
2025-07-31 09:38:59 AM,71.4,75,5355.0,65946168.75
2025-07-31 09:38:59 AM,71.6,0,0.0,65946168.75
2025-07-31 09:38:59 AM,71.6,75,5370.0,65951538.75
2025-07-31 09:39:01 AM,70.95,0,0.0,65951538.75
2025-07-31 09:39:03 AM,70.95,75,5321.25,65956860.0
2025-07-31 09:39:07 AM,71.5,0,0.0,65956860.0
2025-07-31 09:39:08 AM,71.55,150,10732.5,65967592.5
2025-07-31 09:39:09 AM,71.7,0,0.0,65967592.5
2025-07-31 09:39:09 AM,71.65,0,0.0,65967592.5
2025-07-31 09:39:09 AM,72.5,5175,375187.5,66342780.0
2025-07-31 09:39:09 AM,72.65,150,10897.5,66353677.5
2025-07-31 09:39:10 AM,72.7,0,0.0,66353677.5
2025-07-31 09:39:11 AM,72.6,0,0.0,66353677.5
2025-07-31 09:39:11 AM,72.6,1725,125234.99999999999,66478912.5
2025-07-31 09:39:12 AM,71.45,0,0.0,66478912.5
2025-07-31 09:39:13 AM,72.0,750,54000.0,66532912.5
2025-07-31 09:39:14 AM,72.3,0,0.0,66532912.5
2025-07-31 09:39:14 AM,72.3,75,5422.5,66538335.0
2025-07-31 09:39:16 AM,71.65,0,0.0,66538335.0
2025-07-31 09:39:16 AM,71.65,75,5373.75,66543708.75
2025-07-31 09:39:22 AM,71.5,0,0.0,66543708.75
2025-07-31 09:39:22 AM,71.25,0,0.0,66543708.75
2025-07-31 09:39:23 AM,71.0,1125,79875.0,66623583.75
2025-07-31 09:39:24 AM,71.0,225,15975.0,66639558.75
2025-07-31 09:39:30 AM,71.7,0,0.0,66639558.75
2025-07-31 09:39:31 AM,71.7,1350,96795.0,66736353.75
2025-07-31 09:39:33 AM,71.55,0,0.0,66736353.75
2025-07-31 09:39:33 AM,71.55,300,21465.0,66757818.75
2025-07-31 09:39:33 AM,71.65,0,0.0,66757818.75
2025-07-31 09:39:34 AM,71.75,0,0.0,66757818.75
