date,price,qty,trnvr,cum_trnvr
2025-07-31 09:15:11 AM,329.15,75,24686.25,24686.25
2025-07-31 09:15:12 AM,333.85,75,25038.75,49725.0
2025-07-31 09:15:13 AM,331.6,0,0.0,49725.0
2025-07-31 09:15:13 AM,331.6,75,24870.0,74595.0
2025-07-31 09:15:23 AM,336.4,0,0.0,74595.0
2025-07-31 09:15:24 AM,336.4,75,25230.0,99825.0
2025-07-31 09:15:33 AM,337.65,75,25323.75,125148.75
2025-07-31 09:15:36 AM,336.5,0,0.0,125148.75
2025-07-31 09:15:37 AM,337.1,525,176977.5,302126.25
2025-07-31 09:16:00 AM,333.3,0,0.0,302126.25
2025-07-31 09:16:01 AM,333.3,150,49995.0,352121.25
2025-07-31 09:16:01 AM,333.15,450,149917.5,502038.75
2025-07-31 09:16:02 AM,334.2,0,0.0,502038.75
2025-07-31 09:16:02 AM,333.5,300,100050.0,602088.75
2025-07-31 09:16:03 AM,333.25,150,49987.5,652076.25
2025-07-31 09:16:04 AM,332.0,375,124500.0,776576.25
2025-07-31 09:16:04 AM,331.3,0,0.0,776576.25
2025-07-31 09:16:04 AM,331.3,75,24847.5,801423.75
2025-07-31 09:16:05 AM,331.2,0,0.0,801423.75
2025-07-31 09:16:05 AM,332.05,0,0.0,801423.75
2025-07-31 09:16:06 AM,330.65,600,198390.0,999813.75
2025-07-31 09:16:06 AM,328.15,150,49222.5,1049036.25
2025-07-31 09:16:07 AM,328.0,0,0.0,1049036.25
2025-07-31 09:16:07 AM,328.0,375,123000.0,1172036.25
2025-07-31 09:16:08 AM,327.55,75,24566.25,1196602.5
2025-07-31 09:16:08 AM,327.15,0,0.0,1196602.5
2025-07-31 09:16:09 AM,326.0,225,73350.0,1269952.5
2025-07-31 09:16:10 AM,325.5,0,0.0,1269952.5
2025-07-31 09:16:11 AM,325.5,825,268537.5,1538490.0
2025-07-31 09:16:12 AM,324.3,375,121612.5,1660102.5
2025-07-31 09:16:13 AM,325.95,0,0.0,1660102.5
2025-07-31 09:16:13 AM,326.25,0,0.0,1660102.5
2025-07-31 09:16:14 AM,323.2,600,193920.0,1854022.5
2025-07-31 09:16:14 AM,323.8,75,24285.0,1878307.5
2025-07-31 09:16:15 AM,322.0,0,0.0,1878307.5
2025-07-31 09:16:15 AM,323.1,0,0.0,1878307.5
2025-07-31 09:16:15 AM,323.1,225,72697.5,1951005.0
2025-07-31 09:16:16 AM,323.8,0,0.0,1951005.0
2025-07-31 09:16:17 AM,323.8,150,48570.0,1999575.0
2025-07-31 09:16:17 AM,322.95,0,0.0,1999575.0
2025-07-31 09:16:19 AM,322.95,75,24221.25,2023796.25
2025-07-31 09:16:21 AM,322.25,0,0.0,2023796.25
2025-07-31 09:16:21 AM,321.25,0,0.0,2023796.25
2025-07-31 09:16:22 AM,322.0,375,120750.0,2144546.25
2025-07-31 09:16:22 AM,322.2,0,0.0,2144546.25
2025-07-31 09:16:22 AM,322.2,75,24165.0,2168711.25
2025-07-31 09:16:24 AM,321.25,0,0.0,2168711.25
2025-07-31 09:16:25 AM,321.25,75,24093.75,2192805.0
2025-07-31 09:16:28 AM,322.1,0,0.0,2192805.0
2025-07-31 09:16:28 AM,322.1,150,48315.0,2241120.0
2025-07-31 09:16:29 AM,322.65,300,96795.0,2337915.0
2025-07-31 09:16:31 AM,318.15,0,0.0,2337915.0
2025-07-31 09:16:31 AM,318.15,225,71583.75,2409498.75
2025-07-31 09:16:33 AM,323.4,0,0.0,2409498.75
2025-07-31 09:16:33 AM,325.0,0,0.0,2409498.75
2025-07-31 09:16:33 AM,326.2,1650,538230.0,2947728.75
2025-07-31 09:16:33 AM,325.55,0,0.0,2947728.75
2025-07-31 09:16:34 AM,325.55,75,24416.25,2972145.0
2025-07-31 09:16:34 AM,327.8,0,0.0,2972145.0
2025-07-31 09:16:35 AM,327.8,675,221265.0,3193410.0
2025-07-31 09:16:48 AM,319.15,0,0.0,3193410.0
2025-07-31 09:16:48 AM,319.15,75,23936.25,3217346.25
2025-07-31 09:16:48 AM,319.1,0,0.0,3217346.25
2025-07-31 09:16:49 AM,318.7,0,0.0,3217346.25
2025-07-31 09:16:49 AM,318.7,150,47805.0,3265151.25
2025-07-31 09:16:55 AM,319.5,0,0.0,3265151.25
2025-07-31 09:16:55 AM,317.8,0,0.0,3265151.25
2025-07-31 09:16:56 AM,317.6,225,71460.0,3336611.25
2025-07-31 09:16:58 AM,318.4,0,0.0,3336611.25
2025-07-31 09:16:59 AM,318.4,75,23880.0,3360491.25
2025-07-31 09:17:07 AM,311.65,75,23373.75,3383865.0
2025-07-31 09:17:11 AM,310.0,0,0.0,3383865.0
2025-07-31 09:17:11 AM,309.9,0,0.0,3383865.0
2025-07-31 09:17:11 AM,309.95,0,0.0,3383865.0
2025-07-31 09:17:11 AM,309.95,225,69738.75,3453603.75
2025-07-31 09:17:15 AM,307.3,0,0.0,3453603.75
2025-07-31 09:17:15 AM,305.85,0,0.0,3453603.75
2025-07-31 09:17:16 AM,306.35,0,0.0,3453603.75
2025-07-31 09:17:16 AM,306.35,1725,528453.75,3982057.5
2025-07-31 09:17:18 AM,308.25,0,0.0,3982057.5
2025-07-31 09:17:18 AM,308.25,150,46237.5,4028295.0
2025-07-31 09:17:30 AM,305.4,0,0.0,4028295.0
2025-07-31 09:17:30 AM,305.4,1350,412289.99999999994,4440585.0
2025-07-31 09:17:30 AM,303.5,0,0.0,4440585.0
2025-07-31 09:17:31 AM,303.5,1500,455250.0,4895835.0
2025-07-31 09:17:34 AM,304.65,0,0.0,4895835.0
2025-07-31 09:17:34 AM,304.65,75,22848.75,4918683.75
2025-07-31 09:17:39 AM,308.4,0,0.0,4918683.75
2025-07-31 09:17:39 AM,306.0,3075,940950.0,5859633.75
2025-07-31 09:17:42 AM,307.1,0,0.0,5859633.75
2025-07-31 09:17:42 AM,306.95,0,0.0,5859633.75
2025-07-31 09:17:42 AM,306.95,450,138127.5,5997761.25
2025-07-31 09:17:44 AM,308.8,75,23160.0,6020921.25
2025-07-31 09:17:47 AM,311.35,0,0.0,6020921.25
2025-07-31 09:17:47 AM,311.35,75,23351.25,6044272.5
2025-07-31 09:17:52 AM,316.2,0,0.0,6044272.5
2025-07-31 09:17:52 AM,316.2,75,23715.0,6067987.5
2025-07-31 09:18:06 AM,319.05,0,0.0,6067987.5
2025-07-31 09:18:07 AM,324.85,0,0.0,6067987.5
2025-07-31 09:18:07 AM,327.05,2625,858506.25,6926493.75
2025-07-31 09:18:07 AM,327.45,0,0.0,6926493.75
2025-07-31 09:18:07 AM,327.45,1350,442057.5,7368551.25
2025-07-31 09:18:08 AM,328.6,0,0.0,7368551.25
2025-07-31 09:18:08 AM,328.4,0,0.0,7368551.25
2025-07-31 09:18:08 AM,328.4,1050,344820.0,7713371.25
2025-07-31 09:18:09 AM,328.8,150,49320.0,7762691.25
2025-07-31 09:18:10 AM,330.0,0,0.0,7762691.25
2025-07-31 09:18:10 AM,330.0,450,148500.0,7911191.25
2025-07-31 09:18:13 AM,331.0,0,0.0,7911191.25
2025-07-31 09:18:13 AM,331.0,300,99300.0,8010491.25
2025-07-31 09:18:13 AM,329.35,0,0.0,8010491.25
2025-07-31 09:18:14 AM,329.1,0,0.0,8010491.25
2025-07-31 09:18:14 AM,329.1,375,123412.50000000001,8133903.75
2025-07-31 09:18:18 AM,327.45,0,0.0,8133903.75
2025-07-31 09:18:18 AM,326.35,0,0.0,8133903.75
2025-07-31 09:18:19 AM,326.35,225,73428.75,8207332.5
2025-07-31 09:18:21 AM,324.2,0,0.0,8207332.5
2025-07-31 09:18:22 AM,324.2,75,24315.0,8231647.5
2025-07-31 09:18:25 AM,321.35,0,0.0,8231647.5
2025-07-31 09:18:25 AM,321.35,75,24101.25,8255748.75
2025-07-31 09:18:26 AM,320.2,0,0.0,8255748.75
2025-07-31 09:18:27 AM,319.7,150,47955.0,8303703.75
2025-07-31 09:18:28 AM,320.9,0,0.0,8303703.75
2025-07-31 09:18:29 AM,320.9,150,48135.0,8351838.75
2025-07-31 09:18:32 AM,326.4,0,0.0,8351838.75
2025-07-31 09:18:34 AM,326.4,75,24480.0,8376318.75
2025-07-31 09:18:34 AM,322.7,0,0.0,8376318.75
2025-07-31 09:18:35 AM,322.35,0,0.0,8376318.75
2025-07-31 09:18:35 AM,322.35,150,48352.5,8424671.25
2025-07-31 09:18:37 AM,320.3,150,48045.0,8472716.25
2025-07-31 09:18:38 AM,318.9,0,0.0,8472716.25
2025-07-31 09:18:39 AM,318.9,75,23917.5,8496633.75
2025-07-31 09:18:44 AM,323.15,450,145417.5,8642051.25
2025-07-31 09:18:47 AM,318.45,0,0.0,8642051.25
2025-07-31 09:18:48 AM,319.5,0,0.0,8642051.25
2025-07-31 09:18:49 AM,319.5,300,95850.0,8737901.25
2025-07-31 09:18:50 AM,321.35,0,0.0,8737901.25
2025-07-31 09:18:50 AM,321.35,150,48202.5,8786103.75
2025-07-31 09:18:54 AM,322.45,0,0.0,8786103.75
2025-07-31 09:18:54 AM,322.45,150,48367.5,8834471.25
2025-07-31 09:18:58 AM,322.35,0,0.0,8834471.25
2025-07-31 09:18:59 AM,322.35,150,48352.5,8882823.75
2025-07-31 09:19:17 AM,326.65,150,48997.5,8931821.25
2025-07-31 09:19:31 AM,323.65,0,0.0,8931821.25
2025-07-31 09:19:32 AM,323.65,75,24273.75,8956095.0
2025-07-31 09:19:32 AM,324.55,75,24341.25,8980436.25
2025-07-31 09:19:37 AM,327.15,0,0.0,8980436.25
2025-07-31 09:19:37 AM,327.15,75,24536.25,9004972.5
2025-07-31 09:19:52 AM,340.55,0,0.0,9004972.5
2025-07-31 09:19:54 AM,340.55,75,25541.25,9030513.75
2025-07-31 09:19:57 AM,329.0,0,0.0,9030513.75
2025-07-31 09:19:57 AM,329.0,75,24675.0,9055188.75
2025-07-31 09:20:11 AM,325.0,0,0.0,9055188.75
2025-07-31 09:20:12 AM,325.0,75,24375.0,9079563.75
2025-07-31 09:20:28 AM,334.75,0,0.0,9079563.75
2025-07-31 09:20:28 AM,334.75,75,25106.25,9104670.0
2025-07-31 09:20:33 AM,340.55,0,0.0,9104670.0
2025-07-31 09:20:33 AM,340.55,75,25541.25,9130211.25
2025-07-31 09:20:36 AM,342.65,0,0.0,9130211.25
2025-07-31 09:20:36 AM,342.5,0,0.0,9130211.25
2025-07-31 09:20:37 AM,342.5,150,51375.0,9181586.25
2025-07-31 09:20:37 AM,342.4,0,0.0,9181586.25
2025-07-31 09:20:38 AM,342.4,150,51360.0,9232946.25
2025-07-31 09:20:39 AM,344.15,0,0.0,9232946.25
2025-07-31 09:20:40 AM,344.15,75,25811.25,9258757.5
2025-07-31 09:20:49 AM,352.4,0,0.0,9258757.5
2025-07-31 09:20:50 AM,352.4,150,52860.0,9311617.5
2025-07-31 09:20:52 AM,357.1,0,0.0,9311617.5
2025-07-31 09:20:52 AM,357.1,75,26782.5,9338400.0
2025-07-31 09:20:52 AM,357.1,225,80347.5,9418747.5
2025-07-31 09:20:58 AM,349.95,0,0.0,9418747.5
2025-07-31 09:20:59 AM,349.95,975,341201.25,9759948.75
2025-07-31 09:21:13 AM,345.0,0,0.0,9759948.75
2025-07-31 09:21:13 AM,344.7,0,0.0,9759948.75
2025-07-31 09:21:14 AM,344.7,225,77557.5,9837506.25
2025-07-31 09:21:28 AM,353.85,0,0.0,9837506.25
2025-07-31 09:21:29 AM,353.85,75,26538.75,9864045.0
2025-07-31 09:21:38 AM,353.8,0,0.0,9864045.0
2025-07-31 09:21:39 AM,353.8,75,26535.0,9890580.0
2025-07-31 09:21:39 AM,354.2,0,0.0,9890580.0
2025-07-31 09:21:39 AM,354.3,150,53145.0,9943725.0
2025-07-31 09:21:40 AM,354.3,75,26572.5,9970297.5
2025-07-31 09:22:00 AM,354.0,0,0.0,9970297.5
2025-07-31 09:22:00 AM,354.0,75,26550.0,9996847.5
2025-07-31 09:22:01 AM,351.15,0,0.0,9996847.5
2025-07-31 09:22:02 AM,351.15,75,26336.25,10023183.75
2025-07-31 09:22:02 AM,349.3,75,26197.5,10049381.25
2025-07-31 09:22:03 AM,349.8,0,0.0,10049381.25
2025-07-31 09:22:04 AM,349.8,75,26235.0,10075616.25
2025-07-31 09:22:06 AM,348.6,0,0.0,10075616.25
2025-07-31 09:22:07 AM,348.6,75,26145.0,10101761.25
2025-07-31 09:22:09 AM,348.55,0,0.0,10101761.25
2025-07-31 09:22:10 AM,348.55,75,26141.25,10127902.5
2025-07-31 09:22:22 AM,339.5,0,0.0,10127902.5
2025-07-31 09:22:22 AM,339.5,1425,483787.5,10611690.0
2025-07-31 09:22:28 AM,340.05,0,0.0,10611690.0
2025-07-31 09:22:29 AM,340.05,75,25503.75,10637193.75
2025-07-31 09:22:33 AM,341.45,0,0.0,10637193.75
2025-07-31 09:22:34 AM,341.45,75,25608.75,10662802.5
2025-07-31 09:22:37 AM,342.35,0,0.0,10662802.5
2025-07-31 09:22:37 AM,342.35,300,102705.0,10765507.5
2025-07-31 09:22:39 AM,342.65,75,25698.75,10791206.25
2025-07-31 09:22:40 AM,345.55,0,0.0,10791206.25
2025-07-31 09:22:40 AM,346.65,0,0.0,10791206.25
2025-07-31 09:22:40 AM,346.65,375,129993.74999999999,10921200.0
2025-07-31 09:22:42 AM,347.0,0,0.0,10921200.0
2025-07-31 09:22:42 AM,347.0,75,26025.0,10947225.0
2025-07-31 09:22:54 AM,351.4,525,184485.0,11131710.0
2025-07-31 09:22:55 AM,352.65,0,0.0,11131710.0
2025-07-31 09:22:56 AM,352.65,75,26448.75,11158158.75
2025-07-31 09:23:02 AM,352.95,0,0.0,11158158.75
2025-07-31 09:23:02 AM,352.95,75,26471.25,11184630.0
2025-07-31 09:23:10 AM,356.65,0,0.0,11184630.0
2025-07-31 09:23:11 AM,356.65,75,26748.75,11211378.75
2025-07-31 09:23:20 AM,357.5,0,0.0,11211378.75
2025-07-31 09:23:21 AM,357.5,225,80437.5,11291816.25
2025-07-31 09:23:29 AM,356.55,0,0.0,11291816.25
2025-07-31 09:23:29 AM,356.55,300,106965.0,11398781.25
2025-07-31 09:23:31 AM,358.45,0,0.0,11398781.25
2025-07-31 09:23:32 AM,358.45,75,26883.75,11425665.0
2025-07-31 09:23:34 AM,358.2,0,0.0,11425665.0
2025-07-31 09:23:34 AM,358.2,150,53730.0,11479395.0
2025-07-31 09:23:34 AM,358.65,0,0.0,11479395.0
2025-07-31 09:23:36 AM,358.65,75,26898.75,11506293.75
2025-07-31 09:23:36 AM,357.35,0,0.0,11506293.75
2025-07-31 09:23:36 AM,358.05,0,0.0,11506293.75
2025-07-31 09:23:37 AM,358.05,225,80561.25,11586855.0
2025-07-31 09:23:39 AM,356.9,0,0.0,11586855.0
2025-07-31 09:23:39 AM,356.9,75,26767.5,11613622.5
2025-07-31 09:23:39 AM,355.9,450,160155.0,11773777.5
2025-07-31 09:23:40 AM,356.05,0,0.0,11773777.5
2025-07-31 09:23:41 AM,356.25,0,0.0,11773777.5
2025-07-31 09:23:41 AM,356.25,225,80156.25,11853933.75
2025-07-31 09:23:43 AM,352.5,0,0.0,11853933.75
2025-07-31 09:23:44 AM,352.5,75,26437.5,11880371.25
2025-07-31 09:23:45 AM,350.25,0,0.0,11880371.25
2025-07-31 09:23:46 AM,350.25,75,26268.75,11906640.0
2025-07-31 09:23:47 AM,353.25,0,0.0,11906640.0
2025-07-31 09:23:47 AM,353.25,75,26493.75,11933133.75
2025-07-31 09:23:50 AM,354.1,0,0.0,11933133.75
2025-07-31 09:23:51 AM,354.1,75,26557.5,11959691.25
2025-07-31 09:23:51 AM,354.25,0,0.0,11959691.25
2025-07-31 09:23:51 AM,354.3,0,0.0,11959691.25
2025-07-31 09:23:52 AM,354.3,150,53145.0,12012836.25
2025-07-31 09:24:11 AM,352.9,0,0.0,12012836.25
2025-07-31 09:24:12 AM,353.75,0,0.0,12012836.25
2025-07-31 09:24:12 AM,353.75,225,79593.75,12092430.0
2025-07-31 09:24:14 AM,353.2,0,0.0,12092430.0
2025-07-31 09:24:15 AM,353.35,0,0.0,12092430.0
2025-07-31 09:24:16 AM,353.35,375,132506.25,12224936.25
2025-07-31 09:24:18 AM,352.55,0,0.0,12224936.25
2025-07-31 09:24:19 AM,352.55,450,158647.5,12383583.75
2025-07-31 09:24:45 AM,349.05,0,0.0,12383583.75
2025-07-31 09:24:46 AM,349.05,75,26178.75,12409762.5
2025-07-31 09:24:50 AM,355.05,0,0.0,12409762.5
2025-07-31 09:24:51 AM,355.05,75,26628.75,12436391.25
2025-07-31 09:24:54 AM,357.2,0,0.0,12436391.25
2025-07-31 09:24:54 AM,357.2,75,26790.0,12463181.25
2025-07-31 09:24:59 AM,355.4,0,0.0,12463181.25
2025-07-31 09:24:59 AM,355.4,75,26655.0,12489836.25
2025-07-31 09:25:05 AM,354.7,0,0.0,12489836.25
2025-07-31 09:25:06 AM,354.7,75,26602.5,12516438.75
2025-07-31 09:25:24 AM,340.0,0,0.0,12516438.75
2025-07-31 09:25:24 AM,338.95,150,50842.5,12567281.25
2025-07-31 09:26:40 AM,343.0,0,0.0,12567281.25
2025-07-31 09:26:41 AM,343.0,75,25725.0,12593006.25
2025-07-31 09:27:26 AM,358.45,0,0.0,12593006.25
2025-07-31 09:27:28 AM,358.45,75,26883.75,12619890.0
2025-07-31 09:29:07 AM,352.5,0,0.0,12619890.0
2025-07-31 09:29:08 AM,352.5,75,26437.5,12646327.5
2025-07-31 09:29:16 AM,350.3,0,0.0,12646327.5
2025-07-31 09:29:18 AM,350.3,75,26272.5,12672600.0
2025-07-31 09:29:43 AM,352.9,0,0.0,12672600.0
2025-07-31 09:29:43 AM,352.9,75,26467.5,12699067.5
2025-07-31 09:29:46 AM,350.3,0,0.0,12699067.5
2025-07-31 09:29:46 AM,350.3,75,26272.5,12725340.0
2025-07-31 09:30:05 AM,342.85,0,0.0,12725340.0
2025-07-31 09:30:06 AM,342.85,375,128568.75000000001,12853908.75
2025-07-31 09:30:08 AM,342.25,0,0.0,12853908.75
2025-07-31 09:30:09 AM,342.25,75,25668.75,12879577.5
2025-07-31 09:30:12 AM,340.7,0,0.0,12879577.5
2025-07-31 09:30:13 AM,339.0,0,0.0,12879577.5
2025-07-31 09:30:13 AM,339.0,225,76275.0,12955852.5
2025-07-31 09:30:27 AM,340.1,0,0.0,12955852.5
2025-07-31 09:30:28 AM,340.1,375,127537.50000000001,13083390.0
2025-07-31 09:30:31 AM,341.9,0,0.0,13083390.0
2025-07-31 09:30:31 AM,341.9,75,25642.5,13109032.5
2025-07-31 09:30:36 AM,339.65,75,25473.75,13134506.25
2025-07-31 09:30:43 AM,340.3,0,0.0,13134506.25
2025-07-31 09:30:44 AM,344.0,0,0.0,13134506.25
2025-07-31 09:30:44 AM,344.0,150,51600.0,13186106.25
2025-07-31 09:30:49 AM,344.85,0,0.0,13186106.25
2025-07-31 09:30:49 AM,344.85,75,25863.75,13211970.0
2025-07-31 09:30:52 AM,342.4,0,0.0,13211970.0
2025-07-31 09:30:53 AM,342.4,150,51360.0,13263330.0
2025-07-31 09:31:02 AM,341.05,0,0.0,13263330.0
2025-07-31 09:31:03 AM,341.05,150,51157.5,13314487.5
2025-07-31 09:31:30 AM,352.0,0,0.0,13314487.5
2025-07-31 09:31:31 AM,352.0,75,26400.0,13340887.5
2025-07-31 09:31:34 AM,350.05,0,0.0,13340887.5
2025-07-31 09:31:34 AM,350.05,75,26253.75,13367141.25
2025-07-31 09:31:53 AM,352.5,0,0.0,13367141.25
2025-07-31 09:31:54 AM,352.5,75,26437.5,13393578.75
2025-07-31 09:31:58 AM,351.1,0,0.0,13393578.75
2025-07-31 09:31:59 AM,351.1,75,26332.5,13419911.25
2025-07-31 09:32:00 AM,351.55,0,0.0,13419911.25
2025-07-31 09:32:01 AM,351.55,75,26366.25,13446277.5
2025-07-31 09:32:06 AM,351.75,0,0.0,13446277.5
2025-07-31 09:32:06 AM,351.75,75,26381.25,13472658.75
2025-07-31 09:32:08 AM,351.75,375,131906.25,13604565.0
2025-07-31 09:32:17 AM,354.15,0,0.0,13604565.0
2025-07-31 09:32:18 AM,354.15,75,26561.25,13631126.25
2025-07-31 09:32:25 AM,358.0,0,0.0,13631126.25
2025-07-31 09:32:26 AM,358.0,75,26850.0,13657976.25
2025-07-31 09:32:34 AM,355.45,0,0.0,13657976.25
2025-07-31 09:32:34 AM,355.45,75,26658.75,13684635.0
2025-07-31 09:33:11 AM,352.05,0,0.0,13684635.0
2025-07-31 09:33:13 AM,352.05,75,26403.75,13711038.75
2025-07-31 09:33:27 AM,342.65,0,0.0,13711038.75
2025-07-31 09:33:28 AM,342.65,75,25698.75,13736737.5
2025-07-31 09:33:34 AM,344.85,0,0.0,13736737.5
2025-07-31 09:33:35 AM,344.85,75,25863.75,13762601.25
2025-07-31 09:33:54 AM,340.0,0,0.0,13762601.25
2025-07-31 09:33:55 AM,340.0,300,102000.0,13864601.25
2025-07-31 09:34:40 AM,346.85,75,26013.75,13890615.0
2025-07-31 09:35:12 AM,347.65,0,0.0,13890615.0
2025-07-31 09:35:13 AM,347.65,75,26073.75,13916688.75
2025-07-31 09:35:30 AM,343.35,0,0.0,13916688.75
2025-07-31 09:35:31 AM,343.35,1500,515025.00000000006,14431713.75
2025-07-31 09:35:40 AM,344.45,0,0.0,14431713.75
2025-07-31 09:35:40 AM,344.45,75,25833.75,14457547.5
2025-07-31 09:35:50 AM,341.0,0,0.0,14457547.5
2025-07-31 09:35:51 AM,341.0,75,25575.0,14483122.5
2025-07-31 09:36:18 AM,341.0,75,25575.0,14508697.5
2025-07-31 09:36:22 AM,342.05,0,0.0,14508697.5
2025-07-31 09:36:23 AM,342.05,75,25653.75,14534351.25
2025-07-31 09:36:33 AM,338.25,0,0.0,14534351.25
2025-07-31 09:36:33 AM,337.4,225,75915.0,14610266.25
2025-07-31 09:36:36 AM,337.4,75,25305.0,14635571.25
2025-07-31 09:37:01 AM,339.5,150,50925.0,14686496.25
2025-07-31 09:37:13 AM,339.45,0,0.0,14686496.25
2025-07-31 09:37:13 AM,339.45,150,50917.5,14737413.75
2025-07-31 09:37:40 AM,343.4,0,0.0,14737413.75
2025-07-31 09:37:41 AM,343.4,150,51510.0,14788923.75
2025-07-31 09:38:05 AM,338.05,0,0.0,14788923.75
2025-07-31 09:38:06 AM,338.05,75,25353.75,14814277.5
2025-07-31 09:38:12 AM,339.0,0,0.0,14814277.5
2025-07-31 09:38:13 AM,339.0,75,25425.0,14839702.5
2025-07-31 09:38:25 AM,337.6,0,0.0,14839702.5
2025-07-31 09:38:25 AM,337.05,0,0.0,14839702.5
2025-07-31 09:38:26 AM,337.5,0,0.0,14839702.5
2025-07-31 09:38:26 AM,337.5,1275,430312.5,15270015.0
2025-07-31 09:38:54 AM,335.95,900,302355.0,15572370.0
2025-07-31 09:38:55 AM,336.55,0,0.0,15572370.0
2025-07-31 09:38:55 AM,336.55,375,126206.25,15698576.25
2025-07-31 09:39:09 AM,334.45,0,0.0,15698576.25
2025-07-31 09:39:09 AM,334.45,150,50167.5,15748743.75
2025-07-31 09:39:26 AM,336.95,0,0.0,15748743.75
2025-07-31 09:39:26 AM,336.95,75,25271.25,15774015.0
2025-07-31 09:39:40 AM,337.85,0,0.0,15774015.0
2025-07-31 09:39:41 AM,337.85,75,25338.75,15799353.75
2025-07-31 09:40:08 AM,332.0,0,0.0,15799353.75
2025-07-31 09:40:09 AM,332.0,300,99600.0,15898953.75
2025-07-31 09:40:19 AM,338.9,0,0.0,15898953.75
2025-07-31 09:40:20 AM,338.9,75,25417.5,15924371.25
2025-07-31 09:40:44 AM,338.75,0,0.0,15924371.25
2025-07-31 09:40:45 AM,338.75,75,25406.25,15949777.5
2025-07-31 09:41:06 AM,343.2,0,0.0,15949777.5
2025-07-31 09:41:08 AM,343.2,150,51480.0,16001257.5
2025-07-31 09:41:14 AM,346.95,0,0.0,16001257.5
2025-07-31 09:41:15 AM,346.95,75,26021.25,16027278.75
2025-07-31 09:41:50 AM,347.45,0,0.0,16027278.75
2025-07-31 09:41:51 AM,347.45,75,26058.75,16053337.5
2025-07-31 09:42:56 AM,344.7,0,0.0,16053337.5
2025-07-31 09:42:56 AM,344.7,75,25852.5,16079190.0
2025-07-31 09:43:13 AM,343.65,0,0.0,16079190.0
2025-07-31 09:43:13 AM,343.65,75,25773.75,16104963.75
2025-07-31 09:43:19 AM,345.55,0,0.0,16104963.75
2025-07-31 09:43:20 AM,345.55,75,25916.25,16130880.0
2025-07-31 09:44:09 AM,346.95,0,0.0,16130880.0
2025-07-31 09:44:10 AM,346.95,150,52042.5,16182922.5
2025-07-31 09:44:13 AM,345.9,0,0.0,16182922.5
2025-07-31 09:44:13 AM,345.9,75,25942.5,16208865.0
2025-07-31 09:44:41 AM,345.15,0,0.0,16208865.0
2025-07-31 09:44:41 AM,345.15,75,25886.25,16234751.25
2025-07-31 09:44:44 AM,347.1,0,0.0,16234751.25
2025-07-31 09:44:45 AM,347.1,75,26032.5,16260783.75
2025-07-31 09:45:20 AM,346.2,0,0.0,16260783.75
2025-07-31 09:45:21 AM,346.2,75,25965.0,16286748.75
2025-07-31 09:45:52 AM,347.0,0,0.0,16286748.75
2025-07-31 09:45:53 AM,347.6,150,52140.0,16338888.75
2025-07-31 09:45:53 AM,347.65,0,0.0,16338888.75
2025-07-31 09:45:55 AM,347.65,150,52147.5,16391036.25
2025-07-31 09:47:06 AM,343.8,150,51570.0,16442606.25
2025-07-31 09:47:18 AM,345.5,0,0.0,16442606.25
2025-07-31 09:47:20 AM,345.5,75,25912.5,16468518.75
2025-07-31 09:48:00 AM,337.05,0,0.0,16468518.75
2025-07-31 09:48:01 AM,335.8,0,0.0,16468518.75
2025-07-31 09:48:02 AM,335.8,300,100740.0,16569258.75
2025-07-31 09:48:09 AM,333.1,0,0.0,16569258.75
2025-07-31 09:48:10 AM,333.1,75,24982.5,16594241.25
2025-07-31 09:48:32 AM,338.15,0,0.0,16594241.25
2025-07-31 09:48:33 AM,338.15,75,25361.25,16619602.5
2025-07-31 09:48:47 AM,342.95,0,0.0,16619602.5
2025-07-31 09:48:48 AM,342.95,75,25721.25,16645323.75
2025-07-31 09:49:33 AM,333.25,75,24993.75,16670317.5
2025-07-31 09:49:34 AM,332.85,0,0.0,16670317.5
2025-07-31 09:49:35 AM,332.85,150,49927.5,16720245.0
2025-07-31 09:50:00 AM,336.7,0,0.0,16720245.0
2025-07-31 09:50:00 AM,336.7,75,25252.5,16745497.5
2025-07-31 09:50:31 AM,335.05,0,0.0,16745497.5
2025-07-31 09:50:31 AM,335.05,75,25128.75,16770626.25
2025-07-31 09:50:32 AM,335.0,0,0.0,16770626.25
2025-07-31 09:50:33 AM,335.0,375,125625.0,16896251.25
2025-07-31 09:50:37 AM,332.75,0,0.0,16896251.25
2025-07-31 09:50:38 AM,332.75,75,24956.25,16921207.5
2025-07-31 09:51:14 AM,337.4,0,0.0,16921207.5
2025-07-31 09:51:15 AM,337.4,75,25305.0,16946512.5
2025-07-31 09:51:18 AM,339.65,0,0.0,16946512.5
2025-07-31 09:51:18 AM,339.65,75,25473.75,16971986.25
2025-07-31 09:51:21 AM,343.0,0,0.0,16971986.25
2025-07-31 09:51:22 AM,343.35,0,0.0,16971986.25
2025-07-31 09:51:22 AM,343.35,375,128756.25000000001,17100742.5
2025-07-31 09:51:28 AM,341.75,0,0.0,17100742.5
2025-07-31 09:51:28 AM,341.75,75,25631.25,17126373.75
2025-07-31 09:51:58 AM,343.45,0,0.0,17126373.75
2025-07-31 09:51:58 AM,343.15,0,0.0,17126373.75
2025-07-31 09:51:58 AM,343.15,225,77208.75,17203582.5
2025-07-31 09:52:04 AM,344.0,0,0.0,17203582.5
2025-07-31 09:52:05 AM,344.0,225,77400.0,17280982.5
2025-07-31 09:52:16 AM,346.15,0,0.0,17280982.5
2025-07-31 09:52:17 AM,345.8,0,0.0,17280982.5
2025-07-31 09:52:17 AM,345.8,375,129675.0,17410657.5
2025-07-31 09:52:21 AM,345.5,0,0.0,17410657.5
2025-07-31 09:52:22 AM,345.5,75,25912.5,17436570.0
2025-07-31 09:52:38 AM,345.1,0,0.0,17436570.0
2025-07-31 09:52:38 AM,345.1,75,25882.5,17462452.5
2025-07-31 09:53:00 AM,345.6,150,51840.0,17514292.5
2025-07-31 09:53:32 AM,345.8,0,0.0,17514292.5
2025-07-31 09:53:32 AM,346.7,0,0.0,17514292.5
2025-07-31 09:53:33 AM,346.7,150,52005.0,17566297.5
2025-07-31 09:54:33 AM,341.2,0,0.0,17566297.5
2025-07-31 09:54:33 AM,341.2,75,25590.0,17591887.5
2025-07-31 09:54:48 AM,341.4,0,0.0,17591887.5
2025-07-31 09:54:48 AM,341.4,1275,435285.0,18027172.5
2025-07-31 09:56:06 AM,344.95,0,0.0,18027172.5
2025-07-31 09:56:07 AM,344.95,75,25871.25,18053043.75
2025-07-31 09:56:11 AM,345.15,0,0.0,18053043.75
2025-07-31 09:56:12 AM,345.15,75,25886.25,18078930.0
2025-07-31 09:56:34 AM,344.65,0,0.0,18078930.0
2025-07-31 09:56:35 AM,344.65,75,25848.75,18104778.75
2025-07-31 09:57:25 AM,339.2,0,0.0,18104778.75
2025-07-31 09:57:25 AM,339.2,75,25440.0,18130218.75
2025-07-31 09:57:42 AM,335.4,0,0.0,18130218.75
2025-07-31 09:57:42 AM,335.4,75,25155.0,18155373.75
2025-07-31 09:58:03 AM,334.65,0,0.0,18155373.75
2025-07-31 09:58:04 AM,334.65,75,25098.75,18180472.5
2025-07-31 09:58:08 AM,335.8,0,0.0,18180472.5
2025-07-31 09:58:09 AM,335.8,75,25185.0,18205657.5
2025-07-31 09:58:15 AM,334.45,0,0.0,18205657.5
2025-07-31 09:58:15 AM,334.45,75,25083.75,18230741.25
2025-07-31 09:59:59 AM,333.5,0,0.0,18230741.25
2025-07-31 10:00:00 AM,334.45,0,0.0,18230741.25
2025-07-31 10:00:00 AM,334.45,2250,752512.5,18983253.75
2025-07-31 10:00:12 AM,331.0,0,0.0,18983253.75
2025-07-31 10:00:12 AM,331.0,75,24825.0,19008078.75
2025-07-31 10:00:16 AM,330.3,0,0.0,19008078.75
2025-07-31 10:00:17 AM,330.3,225,74317.5,19082396.25
2025-07-31 10:00:17 AM,330.0,0,0.0,19082396.25
2025-07-31 10:00:18 AM,328.4,0,0.0,19082396.25
2025-07-31 10:00:18 AM,328.4,1200,394080.0,19476476.25
2025-07-31 10:00:33 AM,324.85,0,0.0,19476476.25
2025-07-31 10:00:33 AM,324.85,150,48727.5,19525203.75
2025-07-31 10:00:41 AM,316.2,0,0.0,19525203.75
2025-07-31 10:00:42 AM,316.2,600,189720.0,19714923.75
2025-07-31 10:00:43 AM,316.6,0,0.0,19714923.75
2025-07-31 10:00:44 AM,316.6,75,23745.0,19738668.75
2025-07-31 10:00:45 AM,318.95,0,0.0,19738668.75
2025-07-31 10:00:45 AM,318.95,300,95685.0,19834353.75
2025-07-31 10:00:47 AM,317.5,0,0.0,19834353.75
2025-07-31 10:00:47 AM,317.5,900,285750.0,20120103.75
2025-07-31 10:00:50 AM,320.45,225,72101.25,20192205.0
2025-07-31 10:00:57 AM,318.0,0,0.0,20192205.0
2025-07-31 10:00:57 AM,318.0,225,71550.0,20263755.0
2025-07-31 10:01:01 AM,315.0,0,0.0,20263755.0
2025-07-31 10:01:02 AM,315.0,150,47250.0,20311005.0
2025-07-31 10:01:08 AM,316.35,0,0.0,20311005.0
2025-07-31 10:01:09 AM,316.35,75,23726.25,20334731.25
2025-07-31 10:01:15 AM,318.45,0,0.0,20334731.25
2025-07-31 10:01:15 AM,318.45,150,47767.5,20382498.75
2025-07-31 10:01:27 AM,321.1,0,0.0,20382498.75
2025-07-31 10:01:27 AM,321.1,75,24082.5,20406581.25
2025-07-31 10:01:28 AM,320.65,75,24048.75,20430630.0
2025-07-31 10:01:29 AM,319.65,0,0.0,20430630.0
2025-07-31 10:01:30 AM,319.65,75,23973.75,20454603.75
2025-07-31 10:01:46 AM,318.85,0,0.0,20454603.75
2025-07-31 10:01:47 AM,318.85,75,23913.75,20478517.5
2025-07-31 10:02:18 AM,317.0,0,0.0,20478517.5
2025-07-31 10:02:18 AM,317.0,75,23775.0,20502292.5
2025-07-31 10:02:33 AM,312.35,0,0.0,20502292.5
2025-07-31 10:02:33 AM,312.35,75,23426.25,20525718.75
2025-07-31 10:02:38 AM,313.5,0,0.0,20525718.75
2025-07-31 10:02:38 AM,313.5,300,94050.0,20619768.75
2025-07-31 10:02:43 AM,312.6,0,0.0,20619768.75
2025-07-31 10:02:43 AM,312.6,75,23445.0,20643213.75
2025-07-31 10:02:49 AM,312.15,0,0.0,20643213.75
2025-07-31 10:02:50 AM,312.15,75,23411.25,20666625.0
2025-07-31 10:02:50 AM,312.5,0,0.0,20666625.0
2025-07-31 10:02:52 AM,312.5,75,23437.5,20690062.5
2025-07-31 10:02:56 AM,311.65,0,0.0,20690062.5
2025-07-31 10:02:57 AM,311.65,225,70121.25,20760183.75
2025-07-31 10:03:00 AM,310.0,0,0.0,20760183.75
2025-07-31 10:03:00 AM,310.0,450,139500.0,20899683.75
2025-07-31 10:03:03 AM,312.25,0,0.0,20899683.75
2025-07-31 10:03:04 AM,312.25,75,23418.75,20923102.5
2025-07-31 10:03:08 AM,311.5,0,0.0,20923102.5
2025-07-31 10:03:09 AM,311.5,225,70087.5,20993190.0
2025-07-31 10:03:22 AM,313.35,0,0.0,20993190.0
2025-07-31 10:03:22 AM,313.35,75,23501.25,21016691.25
2025-07-31 10:03:27 AM,313.55,0,0.0,21016691.25
2025-07-31 10:03:27 AM,313.55,75,23516.25,21040207.5
2025-07-31 10:03:52 AM,313.15,0,0.0,21040207.5
2025-07-31 10:03:52 AM,313.15,75,23486.25,21063693.75
2025-07-31 10:04:04 AM,315.6,0,0.0,21063693.75
2025-07-31 10:04:05 AM,315.1,0,0.0,21063693.75
2025-07-31 10:04:05 AM,315.1,150,47265.0,21110958.75
2025-07-31 10:04:13 AM,313.15,0,0.0,21110958.75
2025-07-31 10:04:14 AM,313.15,75,23486.25,21134445.0
2025-07-31 10:04:43 AM,316.8,0,0.0,21134445.0
2025-07-31 10:04:44 AM,316.8,75,23760.0,21158205.0
2025-07-31 10:05:49 AM,316.8,225,71280.0,21229485.0
2025-07-31 10:05:50 AM,318.25,0,0.0,21229485.0
2025-07-31 10:05:50 AM,318.25,525,167081.25,21396566.25
2025-07-31 10:06:09 AM,314.0,0,0.0,21396566.25
2025-07-31 10:06:10 AM,314.0,75,23550.0,21420116.25
2025-07-31 10:06:43 AM,316.35,0,0.0,21420116.25
2025-07-31 10:06:44 AM,315.5,150,47325.0,21467441.25
2025-07-31 10:06:58 AM,316.0,0,0.0,21467441.25
2025-07-31 10:06:59 AM,316.0,450,142200.0,21609641.25
2025-07-31 10:07:11 AM,320.0,75,24000.0,21633641.25
2025-07-31 10:07:16 AM,322.85,150,48427.5,21682068.75
2025-07-31 10:07:17 AM,322.9,0,0.0,21682068.75
2025-07-31 10:07:17 AM,322.9,150,48435.0,21730503.75
2025-07-31 10:07:19 AM,322.9,150,48435.0,21778938.75
2025-07-31 10:07:32 AM,321.45,0,0.0,21778938.75
2025-07-31 10:07:32 AM,321.45,75,24108.75,21803047.5
2025-07-31 10:07:36 AM,324.0,0,0.0,21803047.5
2025-07-31 10:07:37 AM,324.0,75,24300.0,21827347.5
2025-07-31 10:07:53 AM,325.0,0,0.0,21827347.5
2025-07-31 10:07:54 AM,325.0,225,73125.0,21900472.5
2025-07-31 10:08:05 AM,328.7,0,0.0,21900472.5
2025-07-31 10:08:05 AM,328.7,75,24652.5,21925125.0
2025-07-31 10:08:11 AM,330.9,0,0.0,21925125.0
2025-07-31 10:08:11 AM,330.9,75,24817.5,21949942.5
2025-07-31 10:08:21 AM,324.4,0,0.0,21949942.5
2025-07-31 10:08:22 AM,324.4,75,24330.0,21974272.5
2025-07-31 10:08:30 AM,328.45,0,0.0,21974272.5
2025-07-31 10:08:30 AM,328.45,75,24633.75,21998906.25
2025-07-31 10:08:37 AM,328.25,0,0.0,21998906.25
2025-07-31 10:08:37 AM,328.25,150,49237.5,22048143.75
2025-07-31 10:08:59 AM,324.05,0,0.0,22048143.75
2025-07-31 10:09:00 AM,324.05,75,24303.75,22072447.5
2025-07-31 10:09:07 AM,325.0,0,0.0,22072447.5
2025-07-31 10:09:07 AM,325.0,75,24375.0,22096822.5
2025-07-31 10:09:36 AM,324.0,0,0.0,22096822.5
2025-07-31 10:09:37 AM,324.0,75,24300.0,22121122.5
2025-07-31 10:10:34 AM,315.0,0,0.0,22121122.5
2025-07-31 10:10:35 AM,315.0,75,23625.0,22144747.5
2025-07-31 10:10:45 AM,315.0,150,47250.0,22191997.5
2025-07-31 10:11:21 AM,324.85,0,0.0,22191997.5
2025-07-31 10:11:21 AM,324.85,375,121818.75000000001,22313816.25
2025-07-31 10:11:21 AM,324.9,0,0.0,22313816.25
2025-07-31 10:11:22 AM,324.9,225,73102.5,22386918.75
2025-07-31 10:11:53 AM,321.05,0,0.0,22386918.75
2025-07-31 10:11:53 AM,321.05,300,96315.0,22483233.75
2025-07-31 10:12:11 AM,317.5,0,0.0,22483233.75
2025-07-31 10:12:11 AM,317.5,75,23812.5,22507046.25
2025-07-31 10:13:37 AM,315.8,0,0.0,22507046.25
2025-07-31 10:13:37 AM,315.8,75,23685.0,22530731.25
2025-07-31 10:13:51 AM,315.25,0,0.0,22530731.25
2025-07-31 10:13:51 AM,315.25,75,23643.75,22554375.0
2025-07-31 10:15:09 AM,315.0,0,0.0,22554375.0
2025-07-31 10:15:10 AM,315.0,225,70875.0,22625250.0
2025-07-31 10:15:11 AM,313.75,0,0.0,22625250.0
2025-07-31 10:15:11 AM,313.75,300,94125.0,22719375.0
2025-07-31 10:15:17 AM,313.3,0,0.0,22719375.0
2025-07-31 10:15:18 AM,313.3,300,93990.0,22813365.0
2025-07-31 10:15:23 AM,313.25,0,0.0,22813365.0
2025-07-31 10:15:23 AM,313.25,75,23493.75,22836858.75
2025-07-31 10:15:47 AM,316.45,0,0.0,22836858.75
2025-07-31 10:15:47 AM,316.45,225,71201.25,22908060.0
2025-07-31 10:16:27 AM,322.95,0,0.0,22908060.0
2025-07-31 10:16:28 AM,322.95,225,72663.75,22980723.75
2025-07-31 10:17:07 AM,318.85,0,0.0,22980723.75
2025-07-31 10:17:08 AM,318.85,75,23913.75,23004637.5
2025-07-31 10:17:21 AM,316.0,0,0.0,23004637.5
2025-07-31 10:17:23 AM,316.0,75,23700.0,23028337.5
2025-07-31 10:17:54 AM,315.15,0,0.0,23028337.5
2025-07-31 10:17:54 AM,315.15,75,23636.25,23051973.75
2025-07-31 10:17:56 AM,316.75,0,0.0,23051973.75
2025-07-31 10:17:56 AM,316.75,75,23756.25,23075730.0
2025-07-31 10:18:01 AM,319.05,75,23928.75,23099658.75
2025-07-31 10:19:06 AM,316.6,0,0.0,23099658.75
2025-07-31 10:19:06 AM,316.6,75,23745.0,23123403.75
2025-07-31 10:19:29 AM,318.55,0,0.0,23123403.75
2025-07-31 10:19:30 AM,318.55,75,23891.25,23147295.0
2025-07-31 10:19:36 AM,319.95,0,0.0,23147295.0
2025-07-31 10:19:36 AM,319.95,75,23996.25,23171291.25
2025-07-31 10:20:05 AM,315.95,0,0.0,23171291.25
2025-07-31 10:20:06 AM,318.75,2850,908437.5,24079728.75
2025-07-31 10:20:51 AM,314.8,0,0.0,24079728.75
2025-07-31 10:20:51 AM,314.8,75,23610.0,24103338.75
2025-07-31 10:21:27 AM,314.3,0,0.0,24103338.75
2025-07-31 10:21:28 AM,314.3,75,23572.5,24126911.25
2025-07-31 10:21:46 AM,313.6,0,0.0,24126911.25
2025-07-31 10:21:46 AM,313.25,450,140962.5,24267873.75
2025-07-31 10:21:50 AM,316.0,0,0.0,24267873.75
2025-07-31 10:21:51 AM,316.0,225,71100.0,24338973.75
2025-07-31 10:22:29 AM,317.9,0,0.0,24338973.75
2025-07-31 10:22:29 AM,317.9,75,23842.5,24362816.25
2025-07-31 10:22:31 AM,317.9,525,166897.5,24529713.75
2025-07-31 10:22:33 AM,321.65,0,0.0,24529713.75
2025-07-31 10:22:34 AM,321.65,150,48247.5,24577961.25
2025-07-31 10:22:40 AM,323.7,0,0.0,24577961.25
2025-07-31 10:22:41 AM,323.7,225,72832.5,24650793.75
2025-07-31 10:22:52 AM,325.0,0,0.0,24650793.75
2025-07-31 10:22:53 AM,325.0,75,24375.0,24675168.75
2025-07-31 10:23:12 AM,323.25,0,0.0,24675168.75
2025-07-31 10:23:13 AM,323.25,75,24243.75,24699412.5
2025-07-31 10:23:16 AM,321.5,0,0.0,24699412.5
2025-07-31 10:23:16 AM,321.5,75,24112.5,24723525.0
2025-07-31 10:24:32 AM,323.3,0,0.0,24723525.0
2025-07-31 10:24:33 AM,323.3,150,48495.0,24772020.0
2025-07-31 10:25:00 AM,326.0,0,0.0,24772020.0
2025-07-31 10:25:00 AM,326.0,75,24450.0,24796470.0
2025-07-31 10:25:21 AM,323.45,0,0.0,24796470.0
2025-07-31 10:25:22 AM,323.45,75,24258.75,24820728.75
2025-07-31 10:25:33 AM,324.3,0,0.0,24820728.75
2025-07-31 10:25:33 AM,324.3,150,48645.0,24869373.75
2025-07-31 10:25:51 AM,323.55,0,0.0,24869373.75
2025-07-31 10:25:52 AM,323.55,375,121331.25,24990705.0
2025-07-31 10:26:01 AM,326.45,0,0.0,24990705.0
2025-07-31 10:26:02 AM,326.45,225,73451.25,25064156.25
2025-07-31 10:27:11 AM,323.9,0,0.0,25064156.25
2025-07-31 10:27:12 AM,323.9,75,24292.5,25088448.75
2025-07-31 10:27:34 AM,329.9,600,197940.0,25286388.75
2025-07-31 10:29:27 AM,318.5,0,0.0,25286388.75
2025-07-31 10:29:27 AM,318.95,0,0.0,25286388.75
2025-07-31 10:29:27 AM,319.65,750,239737.49999999997,25526126.25
2025-07-31 10:29:27 AM,319.75,75,23981.25,25550107.5
2025-07-31 10:29:42 AM,318.85,0,0.0,25550107.5
2025-07-31 10:29:42 AM,318.85,2025,645671.25,26195778.75
2025-07-31 10:29:58 AM,320.1,0,0.0,26195778.75
2025-07-31 10:29:59 AM,320.1,450,144045.0,26339823.75
2025-07-31 10:30:02 AM,317.8,0,0.0,26339823.75
2025-07-31 10:30:02 AM,317.8,1200,381360.0,26721183.75
2025-07-31 10:30:10 AM,316.6,0,0.0,26721183.75
2025-07-31 10:30:10 AM,317.2,0,0.0,26721183.75
2025-07-31 10:30:10 AM,316.6,975,308685.0,27029868.75
2025-07-31 10:30:39 AM,322.9,0,0.0,27029868.75
2025-07-31 10:30:40 AM,322.9,600,193740.0,27223608.75
2025-07-31 10:30:51 AM,324.85,0,0.0,27223608.75
2025-07-31 10:30:52 AM,324.9,0,0.0,27223608.75
2025-07-31 10:30:52 AM,324.85,525,170546.25,27394155.0
2025-07-31 10:32:50 AM,318.1,0,0.0,27394155.0
2025-07-31 10:32:50 AM,318.1,75,23857.5,27418012.5
2025-07-31 10:32:57 AM,317.55,0,0.0,27418012.5
2025-07-31 10:32:59 AM,317.55,750,238162.5,27656175.0
2025-07-31 10:33:06 AM,318.85,0,0.0,27656175.0
2025-07-31 10:33:07 AM,318.85,75,23913.75,27680088.75
2025-07-31 10:34:05 AM,315.3,0,0.0,27680088.75
2025-07-31 10:34:05 AM,315.3,75,23647.5,27703736.25
2025-07-31 10:34:17 AM,315.75,0,0.0,27703736.25
2025-07-31 10:34:19 AM,315.75,75,23681.25,27727417.5
2025-07-31 10:34:20 AM,315.3,0,0.0,27727417.5
2025-07-31 10:34:20 AM,315.3,150,47295.0,27774712.5
2025-07-31 10:34:39 AM,316.0,0,0.0,27774712.5
2025-07-31 10:34:40 AM,316.0,75,23700.0,27798412.5
2025-07-31 10:34:57 AM,315.0,0,0.0,27798412.5
2025-07-31 10:34:57 AM,315.0,75,23625.0,27822037.5
2025-07-31 10:35:00 AM,315.05,0,0.0,27822037.5
2025-07-31 10:35:02 AM,315.05,75,23628.75,27845666.25
2025-07-31 10:35:03 AM,315.35,0,0.0,27845666.25
2025-07-31 10:35:03 AM,315.35,75,23651.25,27869317.5
2025-07-31 10:35:05 AM,315.65,0,0.0,27869317.5
2025-07-31 10:35:06 AM,315.25,0,0.0,27869317.5
2025-07-31 10:35:06 AM,314.9,0,0.0,27869317.5
2025-07-31 10:35:06 AM,315.45,375,118293.75,27987611.25
2025-07-31 10:35:08 AM,314.95,0,0.0,27987611.25
2025-07-31 10:35:08 AM,314.95,75,23621.25,28011232.5
2025-07-31 10:35:12 AM,315.25,0,0.0,28011232.5
2025-07-31 10:35:13 AM,315.25,75,23643.75,28034876.25
2025-07-31 10:35:16 AM,315.2,0,0.0,28034876.25
2025-07-31 10:35:17 AM,315.85,150,47377.5,28082253.75
2025-07-31 10:35:17 AM,315.65,0,0.0,28082253.75
2025-07-31 10:35:18 AM,315.55,0,0.0,28082253.75
2025-07-31 10:35:18 AM,315.55,150,47332.5,28129586.25
2025-07-31 10:35:38 AM,317.85,0,0.0,28129586.25
2025-07-31 10:35:38 AM,317.85,75,23838.75,28153425.0
2025-07-31 10:35:41 AM,317.3,0,0.0,28153425.0
2025-07-31 10:35:41 AM,317.3,75,23797.5,28177222.5
2025-07-31 10:35:45 AM,314.3,225,70717.5,28247940.0
2025-07-31 10:35:54 AM,315.15,0,0.0,28247940.0
2025-07-31 10:35:55 AM,315.15,75,23636.25,28271576.25
2025-07-31 10:36:03 AM,316.05,0,0.0,28271576.25
2025-07-31 10:36:05 AM,316.05,75,23703.75,28295280.0
2025-07-31 10:36:25 AM,316.15,0,0.0,28295280.0
2025-07-31 10:36:26 AM,316.15,150,47422.5,28342702.5
2025-07-31 10:36:37 AM,316.3,0,0.0,28342702.5
2025-07-31 10:36:37 AM,316.3,75,23722.5,28366425.0
2025-07-31 10:36:43 AM,315.1,0,0.0,28366425.0
2025-07-31 10:36:44 AM,315.1,75,23632.5,28390057.5
2025-07-31 10:36:46 AM,316.1,0,0.0,28390057.5
2025-07-31 10:36:46 AM,316.1,75,23707.5,28413765.0
2025-07-31 10:36:48 AM,316.25,0,0.0,28413765.0
2025-07-31 10:36:49 AM,316.25,75,23718.75,28437483.75
2025-07-31 10:36:52 AM,316.15,0,0.0,28437483.75
2025-07-31 10:36:52 AM,316.15,75,23711.25,28461195.0
2025-07-31 10:37:00 AM,315.5,0,0.0,28461195.0
2025-07-31 10:37:01 AM,315.5,75,23662.5,28484857.5
2025-07-31 10:37:04 AM,316.55,0,0.0,28484857.5
2025-07-31 10:37:04 AM,316.55,600,189930.0,28674787.5
2025-07-31 10:37:12 AM,314.3,0,0.0,28674787.5
2025-07-31 10:37:12 AM,310.45,0,0.0,28674787.5
2025-07-31 10:37:12 AM,310.45,1275,395823.75,29070611.25
2025-07-31 10:37:14 AM,311.1,0,0.0,29070611.25
2025-07-31 10:37:14 AM,311.1,75,23332.5,29093943.75
2025-07-31 10:37:27 AM,313.5,0,0.0,29093943.75
2025-07-31 10:37:27 AM,313.5,75,23512.5,29117456.25
2025-07-31 10:37:32 AM,315.2,0,0.0,29117456.25
2025-07-31 10:37:32 AM,314.45,300,94335.0,29211791.25
2025-07-31 10:37:34 AM,314.8,0,0.0,29211791.25
2025-07-31 10:37:34 AM,314.8,150,47220.0,29259011.25
2025-07-31 10:37:34 AM,314.8,75,23610.0,29282621.25
2025-07-31 10:37:36 AM,315.05,75,23628.75,29306250.0
2025-07-31 10:37:36 AM,315.3,0,0.0,29306250.0
2025-07-31 10:37:37 AM,316.15,0,0.0,29306250.0
2025-07-31 10:37:37 AM,316.15,1500,474224.99999999994,29780475.0
2025-07-31 10:37:51 AM,318.35,0,0.0,29780475.0
2025-07-31 10:37:52 AM,318.35,75,23876.25,29804351.25
2025-07-31 10:38:19 AM,320.7,0,0.0,29804351.25
2025-07-31 10:38:19 AM,320.7,750,240525.0,30044876.25
2025-07-31 10:38:43 AM,316.9,75,23767.5,30068643.75
2025-07-31 10:39:00 AM,315.0,0,0.0,30068643.75
2025-07-31 10:39:01 AM,315.0,900,283500.0,30352143.75
2025-07-31 10:39:10 AM,318.95,0,0.0,30352143.75
2025-07-31 10:39:10 AM,317.05,0,0.0,30352143.75
2025-07-31 10:39:11 AM,317.05,1500,475575.0,30827718.75
2025-07-31 10:39:33 AM,320.45,0,0.0,30827718.75
2025-07-31 10:39:34 AM,320.45,75,24033.75,30851752.5
2025-07-31 10:39:57 AM,320.4,0,0.0,30851752.5
2025-07-31 10:39:57 AM,320.4,900,288360.0,31140112.5
2025-07-31 10:40:05 AM,322.1,0,0.0,31140112.5
2025-07-31 10:40:05 AM,322.9,0,0.0,31140112.5
2025-07-31 10:40:05 AM,321.7,0,0.0,31140112.5
2025-07-31 10:40:06 AM,321.7,2025,651442.5,31791555.0
2025-07-31 10:40:08 AM,322.25,0,0.0,31791555.0
2025-07-31 10:40:09 AM,322.25,75,24168.75,31815723.75
2025-07-31 10:40:16 AM,322.75,0,0.0,31815723.75
2025-07-31 10:40:18 AM,322.75,150,48412.5,31864136.25
2025-07-31 10:40:18 AM,322.9,0,0.0,31864136.25
2025-07-31 10:40:19 AM,322.9,525,169522.5,32033658.75
2025-07-31 10:40:46 AM,320.45,0,0.0,32033658.75
2025-07-31 10:40:47 AM,320.45,225,72101.25,32105760.0
2025-07-31 10:41:26 AM,319.85,75,23988.75,32129748.75
2025-07-31 10:42:02 AM,322.0,0,0.0,32129748.75
2025-07-31 10:42:02 AM,322.0,75,24150.0,32153898.75
2025-07-31 10:44:38 AM,325.0,0,0.0,32153898.75
2025-07-31 10:44:38 AM,325.0,75,24375.0,32178273.75
2025-07-31 10:45:03 AM,331.25,0,0.0,32178273.75
2025-07-31 10:45:03 AM,331.25,75,24843.75,32203117.5
2025-07-31 10:45:06 AM,335.0,0,0.0,32203117.5
2025-07-31 10:45:07 AM,335.4,375,125774.99999999999,32328892.5
2025-07-31 10:45:12 AM,337.4,0,0.0,32328892.5
2025-07-31 10:45:13 AM,337.4,75,25305.0,32354197.5
2025-07-31 10:45:29 AM,337.3,0,0.0,32354197.5
2025-07-31 10:45:29 AM,337.3,825,278272.5,32632470.0
2025-07-31 10:45:30 AM,337.05,600,202230.0,32834700.0
2025-07-31 10:45:32 AM,340.65,0,0.0,32834700.0
2025-07-31 10:45:33 AM,340.65,75,25548.75,32860248.75
2025-07-31 10:45:38 AM,346.3,0,0.0,32860248.75
2025-07-31 10:45:38 AM,346.3,75,25972.5,32886221.25
2025-07-31 10:45:44 AM,340.05,0,0.0,32886221.25
2025-07-31 10:45:45 AM,340.05,300,102015.0,32988236.25
2025-07-31 10:46:44 AM,340.05,300,102015.0,33090251.25
2025-07-31 10:47:22 AM,343.6,0,0.0,33090251.25
2025-07-31 10:47:23 AM,343.6,225,77310.0,33167561.25
2025-07-31 10:47:30 AM,344.75,0,0.0,33167561.25
2025-07-31 10:47:31 AM,344.75,975,336131.25,33503692.5
2025-07-31 10:47:33 AM,343.6,0,0.0,33503692.5
2025-07-31 10:47:33 AM,343.6,675,231930.00000000003,33735622.5
2025-07-31 10:48:37 AM,349.9,0,0.0,33735622.5
2025-07-31 10:48:38 AM,349.9,300,104970.0,33840592.5
2025-07-31 10:48:49 AM,355.55,0,0.0,33840592.5
2025-07-31 10:48:50 AM,355.55,1575,559991.25,34400583.75
2025-07-31 10:48:50 AM,357.65,0,0.0,34400583.75
2025-07-31 10:48:51 AM,357.65,1275,456003.75,34856587.5
2025-07-31 10:48:59 AM,356.8,0,0.0,34856587.5
2025-07-31 10:49:00 AM,356.8,525,187320.0,35043907.5
2025-07-31 10:49:12 AM,356.15,75,26711.25,35070618.75
2025-07-31 10:49:17 AM,352.85,0,0.0,35070618.75
2025-07-31 10:49:18 AM,352.85,75,26463.75,35097082.5
2025-07-31 10:49:19 AM,350.05,0,0.0,35097082.5
2025-07-31 10:49:19 AM,350.05,300,105015.0,35202097.5
2025-07-31 10:49:54 AM,354.8,0,0.0,35202097.5
2025-07-31 10:49:54 AM,354.8,75,26610.0,35228707.5
2025-07-31 10:50:53 AM,359.45,0,0.0,35228707.5
2025-07-31 10:50:53 AM,359.45,75,26958.75,35255666.25
2025-07-31 10:50:53 AM,361.2,0,0.0,35255666.25
2025-07-31 10:50:54 AM,361.2,750,270900.0,35526566.25
2025-07-31 10:50:57 AM,358.85,0,0.0,35526566.25
2025-07-31 10:50:57 AM,358.85,1575,565188.75,36091755.0
2025-07-31 10:51:08 AM,351.5,0,0.0,36091755.0
2025-07-31 10:51:09 AM,351.5,375,131812.5,36223567.5
2025-07-31 10:51:11 AM,352.0,0,0.0,36223567.5
2025-07-31 10:51:12 AM,352.0,75,26400.0,36249967.5
2025-07-31 10:51:33 AM,351.65,0,0.0,36249967.5
2025-07-31 10:51:33 AM,351.65,2700,949454.9999999999,37199422.5
2025-07-31 10:51:48 AM,351.65,225,79121.25,37278543.75
2025-07-31 10:52:15 AM,360.0,75,27000.0,37305543.75
2025-07-31 10:52:17 AM,359.3,0,0.0,37305543.75
2025-07-31 10:52:18 AM,359.3,75,26947.5,37332491.25
2025-07-31 10:53:07 AM,360.0,0,0.0,37332491.25
2025-07-31 10:53:07 AM,360.0,75,27000.0,37359491.25
2025-07-31 10:53:10 AM,361.0,0,0.0,37359491.25
2025-07-31 10:53:11 AM,361.0,75,27075.0,37386566.25
2025-07-31 10:53:43 AM,358.2,0,0.0,37386566.25
2025-07-31 10:53:43 AM,358.2,75,26865.0,37413431.25
2025-07-31 10:53:49 AM,357.05,225,80336.25,37493767.5
2025-07-31 10:53:58 AM,358.35,0,0.0,37493767.5
2025-07-31 10:53:58 AM,358.35,75,26876.25,37520643.75
2025-07-31 10:54:11 AM,355.6,750,266700.0,37787343.75
2025-07-31 10:55:08 AM,361.25,0,0.0,37787343.75
2025-07-31 10:55:08 AM,361.25,75,27093.75,37814437.5
2025-07-31 10:55:21 AM,358.5,0,0.0,37814437.5
2025-07-31 10:55:21 AM,358.5,375,134437.5,37948875.0
2025-07-31 10:55:47 AM,360.05,0,0.0,37948875.0
2025-07-31 10:55:48 AM,360.05,75,27003.75,37975878.75
2025-07-31 10:56:07 AM,359.7,0,0.0,37975878.75
2025-07-31 10:56:08 AM,359.7,75,26977.5,38002856.25
2025-07-31 10:56:09 AM,358.6,0,0.0,38002856.25
2025-07-31 10:56:10 AM,358.6,75,26895.0,38029751.25
2025-07-31 10:56:33 AM,355.0,0,0.0,38029751.25
2025-07-31 10:56:34 AM,355.0,750,266250.0,38296001.25
2025-07-31 10:56:37 AM,353.5,0,0.0,38296001.25
2025-07-31 10:56:37 AM,351.0,0,0.0,38296001.25
2025-07-31 10:56:38 AM,351.0,2025,710775.0,39006776.25
2025-07-31 10:56:39 AM,351.4,0,0.0,39006776.25
2025-07-31 10:56:40 AM,351.4,75,26355.0,39033131.25
2025-07-31 10:56:46 AM,352.1,150,52815.0,39085946.25
2025-07-31 10:57:07 AM,350.0,0,0.0,39085946.25
2025-07-31 10:57:08 AM,350.0,75,26250.0,39112196.25
2025-07-31 10:57:08 AM,345.6,0,0.0,39112196.25
2025-07-31 10:57:09 AM,345.6,300,103680.0,39215876.25
2025-07-31 10:57:12 AM,348.65,0,0.0,39215876.25
2025-07-31 10:57:12 AM,347.0,0,0.0,39215876.25
2025-07-31 10:57:12 AM,349.05,1800,628290.0,39844166.25
2025-07-31 10:57:45 AM,352.45,600,211470.0,40055636.25
2025-07-31 10:57:45 AM,352.0,0,0.0,40055636.25
2025-07-31 10:57:45 AM,352.45,0,0.0,40055636.25
2025-07-31 10:57:45 AM,352.45,825,290771.25,40346407.5
2025-07-31 10:57:54 AM,353.65,0,0.0,40346407.5
2025-07-31 10:57:55 AM,353.65,75,26523.75,40372931.25
2025-07-31 10:58:13 AM,347.45,0,0.0,40372931.25
2025-07-31 10:58:13 AM,347.45,225,78176.25,40451107.5
2025-07-31 10:58:56 AM,341.6,0,0.0,40451107.5
2025-07-31 10:58:56 AM,341.6,75,25620.0,40476727.5
2025-07-31 10:59:09 AM,346.95,0,0.0,40476727.5
2025-07-31 10:59:10 AM,346.95,750,260212.5,40736940.0
2025-07-31 10:59:34 AM,350.45,0,0.0,40736940.0
2025-07-31 10:59:35 AM,350.45,75,26283.75,40763223.75
2025-07-31 10:59:47 AM,353.6,0,0.0,40763223.75
2025-07-31 10:59:48 AM,353.6,75,26520.0,40789743.75
2025-07-31 10:59:50 AM,352.85,0,0.0,40789743.75
2025-07-31 10:59:50 AM,352.85,75,26463.75,40816207.5
2025-07-31 10:59:57 AM,351.15,75,26336.25,40842543.75
2025-07-31 11:01:05 AM,360.75,0,0.0,40842543.75
2025-07-31 11:01:05 AM,360.75,75,27056.25,40869600.0
2025-07-31 11:01:10 AM,370.0,0,0.0,40869600.0
2025-07-31 11:01:10 AM,370.0,375,138750.0,41008350.0
2025-07-31 11:01:17 AM,370.0,75,27750.0,41036100.0
2025-07-31 11:01:17 AM,369.9,0,0.0,41036100.0
2025-07-31 11:01:18 AM,369.9,150,55485.0,41091585.0
2025-07-31 11:01:20 AM,375.0,0,0.0,41091585.0
2025-07-31 11:01:20 AM,375.0,150,56250.0,41147835.0
2025-07-31 11:01:36 AM,376.75,0,0.0,41147835.0
2025-07-31 11:01:37 AM,377.8,750,283350.0,41431185.0
2025-07-31 11:01:40 AM,380.0,0,0.0,41431185.0
2025-07-31 11:01:40 AM,380.0,750,285000.0,41716185.0
2025-07-31 11:01:41 AM,380.55,0,0.0,41716185.0
2025-07-31 11:01:42 AM,380.55,75,28541.25,41744726.25
2025-07-31 11:01:44 AM,378.15,0,0.0,41744726.25
2025-07-31 11:01:45 AM,378.15,75,28361.25,41773087.5
2025-07-31 11:02:03 AM,380.7,0,0.0,41773087.5
2025-07-31 11:02:04 AM,380.7,375,142762.5,41915850.0
2025-07-31 11:02:18 AM,380.4,0,0.0,41915850.0
2025-07-31 11:02:18 AM,380.4,75,28530.0,41944380.0
2025-07-31 11:02:19 AM,379.05,0,0.0,41944380.0
2025-07-31 11:02:20 AM,379.05,375,142143.75,42086523.75
2025-07-31 11:02:20 AM,380.4,0,0.0,42086523.75
2025-07-31 11:02:20 AM,380.4,75,28530.0,42115053.75
2025-07-31 11:02:23 AM,380.2,0,0.0,42115053.75
2025-07-31 11:02:23 AM,380.2,75,28515.0,42143568.75
2025-07-31 11:02:34 AM,385.0,0,0.0,42143568.75
2025-07-31 11:02:35 AM,385.0,375,144375.0,42287943.75
2025-07-31 11:02:35 AM,387.25,0,0.0,42287943.75
2025-07-31 11:02:35 AM,387.25,75,29043.75,42316987.5
2025-07-31 11:02:44 AM,387.7,0,0.0,42316987.5
2025-07-31 11:02:45 AM,387.7,75,29077.5,42346065.0
2025-07-31 11:02:48 AM,383.7,0,0.0,42346065.0
2025-07-31 11:02:48 AM,383.7,75,28777.5,42374842.5
2025-07-31 11:02:54 AM,385.75,0,0.0,42374842.5
2025-07-31 11:02:55 AM,385.75,75,28931.25,42403773.75
2025-07-31 11:02:55 AM,386.3,0,0.0,42403773.75
2025-07-31 11:02:57 AM,386.3,75,28972.5,42432746.25
2025-07-31 11:03:01 AM,390.6,0,0.0,42432746.25
2025-07-31 11:03:02 AM,390.6,75,29295.0,42462041.25
2025-07-31 11:03:02 AM,390.55,0,0.0,42462041.25
2025-07-31 11:03:03 AM,390.55,75,29291.25,42491332.5
2025-07-31 11:03:24 AM,389.55,75,29216.25,42520548.75
2025-07-31 11:03:29 AM,386.8,0,0.0,42520548.75
2025-07-31 11:03:30 AM,386.8,75,29010.0,42549558.75
2025-07-31 11:03:31 AM,388.75,0,0.0,42549558.75
2025-07-31 11:03:32 AM,388.75,75,29156.25,42578715.0
2025-07-31 11:03:32 AM,390.9,0,0.0,42578715.0
2025-07-31 11:03:34 AM,390.9,75,29317.5,42608032.5
2025-07-31 11:03:52 AM,390.65,0,0.0,42608032.5
2025-07-31 11:03:52 AM,390.65,75,29298.75,42637331.25
2025-07-31 11:03:56 AM,388.45,0,0.0,42637331.25
2025-07-31 11:03:57 AM,388.45,75,29133.75,42666465.0
2025-07-31 11:04:10 AM,390.0,0,0.0,42666465.0
2025-07-31 11:04:10 AM,390.0,75,29250.0,42695715.0
2025-07-31 11:04:17 AM,390.0,75,29250.0,42724965.0
2025-07-31 11:04:18 AM,390.0,600,234000.0,42958965.0
2025-07-31 11:04:21 AM,390.1,0,0.0,42958965.0
2025-07-31 11:04:22 AM,390.1,75,29257.5,42988222.5
2025-07-31 11:04:36 AM,385.7,75,28927.5,43017150.0
2025-07-31 11:04:40 AM,385.8,75,28935.0,43046085.0
2025-07-31 11:04:57 AM,391.0,75,29325.0,43075410.0
2025-07-31 11:05:24 AM,392.45,0,0.0,43075410.0
2025-07-31 11:05:25 AM,392.45,75,29433.75,43104843.75
2025-07-31 11:05:36 AM,388.8,0,0.0,43104843.75
2025-07-31 11:05:37 AM,390.0,0,0.0,43104843.75
2025-07-31 11:05:37 AM,390.0,150,58500.0,43163343.75
2025-07-31 11:05:45 AM,394.25,0,0.0,43163343.75
2025-07-31 11:05:45 AM,394.25,75,29568.75,43192912.5
2025-07-31 11:05:48 AM,395.25,0,0.0,43192912.5
2025-07-31 11:05:48 AM,395.1,0,0.0,43192912.5
2025-07-31 11:05:49 AM,395.1,150,59265.0,43252177.5
2025-07-31 11:05:50 AM,400.0,0,0.0,43252177.5
2025-07-31 11:05:50 AM,400.0,75,30000.0,43282177.5
2025-07-31 11:05:52 AM,399.0,0,0.0,43282177.5
2025-07-31 11:05:52 AM,399.0,75,29925.0,43312102.5
2025-07-31 11:05:53 AM,399.9,0,0.0,43312102.5
2025-07-31 11:05:54 AM,399.9,150,59985.0,43372087.5
2025-07-31 11:06:00 AM,399.8,0,0.0,43372087.5
2025-07-31 11:06:00 AM,399.8,75,29985.0,43402072.5
2025-07-31 11:06:16 AM,399.75,0,0.0,43402072.5
2025-07-31 11:06:17 AM,399.75,75,29981.25,43432053.75
2025-07-31 11:06:32 AM,394.1,0,0.0,43432053.75
2025-07-31 11:06:34 AM,394.1,375,147787.5,43579841.25
2025-07-31 11:06:39 AM,399.0,0,0.0,43579841.25
2025-07-31 11:06:39 AM,399.0,75,29925.0,43609766.25
2025-07-31 11:06:43 AM,402.55,0,0.0,43609766.25
2025-07-31 11:06:44 AM,402.55,75,30191.25,43639957.5
2025-07-31 11:06:58 AM,397.6,0,0.0,43639957.5
2025-07-31 11:06:59 AM,397.6,300,119280.0,43759237.5
2025-07-31 11:07:11 AM,390.7,0,0.0,43759237.5
2025-07-31 11:07:12 AM,390.7,75,29302.5,43788540.0
2025-07-31 11:07:15 AM,389.3,0,0.0,43788540.0
2025-07-31 11:07:15 AM,389.3,75,29197.5,43817737.5
2025-07-31 11:07:25 AM,392.3,75,29422.5,43847160.0
2025-07-31 11:07:31 AM,394.0,0,0.0,43847160.0
2025-07-31 11:07:32 AM,394.0,75,29550.0,43876710.0
2025-07-31 11:07:42 AM,395.6,0,0.0,43876710.0
2025-07-31 11:07:42 AM,395.6,75,29670.0,43906380.0
2025-07-31 11:09:07 AM,395.6,675,267030.0,44173410.0
2025-07-31 11:09:10 AM,391.45,0,0.0,44173410.0
2025-07-31 11:09:10 AM,391.45,75,29358.75,44202768.75
2025-07-31 11:09:21 AM,392.25,0,0.0,44202768.75
2025-07-31 11:09:22 AM,392.25,75,29418.75,44232187.5
2025-07-31 11:09:26 AM,390.15,0,0.0,44232187.5
2025-07-31 11:09:27 AM,390.15,225,87783.75,44319971.25
2025-07-31 11:09:59 AM,385.7,75,28927.5,44348898.75
2025-07-31 11:10:19 AM,383.7,0,0.0,44348898.75
2025-07-31 11:10:19 AM,383.7,150,57555.0,44406453.75
2025-07-31 11:10:25 AM,378.7,0,0.0,44406453.75
2025-07-31 11:10:25 AM,376.8,225,84780.0,44491233.75
2025-07-31 11:10:29 AM,376.55,75,28241.25,44519475.0
2025-07-31 11:10:48 AM,376.8,0,0.0,44519475.0
2025-07-31 11:10:49 AM,376.8,1800,678240.0,45197715.0
2025-07-31 11:11:53 AM,382.0,0,0.0,45197715.0
2025-07-31 11:11:53 AM,382.0,150,57300.0,45255015.0
2025-07-31 11:12:03 AM,380.2,0,0.0,45255015.0
2025-07-31 11:12:03 AM,380.2,75,28515.0,45283530.0
2025-07-31 11:12:44 AM,375.05,0,0.0,45283530.0
2025-07-31 11:12:45 AM,375.05,75,28128.75,45311658.75
2025-07-31 11:12:45 AM,373.2,0,0.0,45311658.75
2025-07-31 11:12:46 AM,373.2,375,139950.0,45451608.75
2025-07-31 11:13:10 AM,376.05,0,0.0,45451608.75
2025-07-31 11:13:11 AM,376.05,900,338445.0,45790053.75
2025-07-31 11:13:25 AM,377.2,0,0.0,45790053.75
2025-07-31 11:13:26 AM,375.75,0,0.0,45790053.75
2025-07-31 11:13:26 AM,375.75,525,197268.75,45987322.5
2025-07-31 11:13:50 AM,377.1,0,0.0,45987322.5
2025-07-31 11:13:50 AM,377.1,150,56565.0,46043887.5
2025-07-31 11:14:37 AM,379.8,0,0.0,46043887.5
2025-07-31 11:14:38 AM,379.8,75,28485.0,46072372.5
2025-07-31 11:15:10 AM,380.8,0,0.0,46072372.5
2025-07-31 11:15:10 AM,380.8,75,28560.0,46100932.5
2025-07-31 11:15:20 AM,381.9,0,0.0,46100932.5
2025-07-31 11:15:20 AM,381.9,150,57285.0,46158217.5
2025-07-31 11:16:14 AM,378.4,0,0.0,46158217.5
2025-07-31 11:16:15 AM,378.4,75,28380.0,46186597.5
2025-07-31 11:16:21 AM,380.95,0,0.0,46186597.5
2025-07-31 11:16:22 AM,380.95,75,28571.25,46215168.75
2025-07-31 11:17:01 AM,381.9,0,0.0,46215168.75
2025-07-31 11:17:02 AM,381.9,75,28642.5,46243811.25
2025-07-31 11:17:16 AM,382.85,0,0.0,46243811.25
2025-07-31 11:17:16 AM,382.85,75,28713.75,46272525.0
2025-07-31 11:17:49 AM,385.3,0,0.0,46272525.0
2025-07-31 11:17:50 AM,385.3,75,28897.5,46301422.5
2025-07-31 11:17:54 AM,384.4,0,0.0,46301422.5
2025-07-31 11:17:55 AM,384.4,150,57660.0,46359082.5
2025-07-31 11:18:02 AM,385.95,0,0.0,46359082.5
2025-07-31 11:18:02 AM,385.95,75,28946.25,46388028.75
2025-07-31 11:18:06 AM,385.3,0,0.0,46388028.75
2025-07-31 11:18:07 AM,385.3,75,28897.5,46416926.25
2025-07-31 11:18:58 AM,385.4,0,0.0,46416926.25
2025-07-31 11:18:58 AM,385.4,75,28905.0,46445831.25
2025-07-31 11:19:29 AM,383.55,0,0.0,46445831.25
2025-07-31 11:19:29 AM,383.55,75,28766.25,46474597.5
2025-07-31 11:19:32 AM,385.4,0,0.0,46474597.5
2025-07-31 11:19:32 AM,385.4,75,28905.0,46503502.5
2025-07-31 11:19:44 AM,389.0,0,0.0,46503502.5
2025-07-31 11:19:44 AM,389.0,75,29175.0,46532677.5
2025-07-31 11:20:33 AM,397.4,0,0.0,46532677.5
2025-07-31 11:20:33 AM,397.4,75,29805.0,46562482.5
2025-07-31 11:20:46 AM,400.0,75,30000.0,46592482.5
2025-07-31 11:20:59 AM,401.95,0,0.0,46592482.5
2025-07-31 11:20:59 AM,401.95,75,30146.25,46622628.75
2025-07-31 11:21:18 AM,395.65,0,0.0,46622628.75
2025-07-31 11:21:18 AM,395.65,75,29673.75,46652302.5
2025-07-31 11:22:07 AM,404.95,0,0.0,46652302.5
2025-07-31 11:22:08 AM,404.95,4200,1700790.0,48353092.5
2025-07-31 11:23:28 AM,408.65,0,0.0,48353092.5
2025-07-31 11:23:29 AM,408.65,375,153243.75,48506336.25
2025-07-31 11:23:41 AM,408.6,75,30645.0,48536981.25
2025-07-31 11:23:43 AM,407.25,0,0.0,48536981.25
2025-07-31 11:23:43 AM,407.25,75,30543.75,48567525.0
2025-07-31 11:23:44 AM,408.6,0,0.0,48567525.0
2025-07-31 11:23:44 AM,408.6,75,30645.0,48598170.0
2025-07-31 11:23:56 AM,404.95,75,30371.25,48628541.25
2025-07-31 11:24:16 AM,408.0,0,0.0,48628541.25
2025-07-31 11:24:16 AM,408.0,75,30600.0,48659141.25
2025-07-31 11:24:27 AM,407.1,0,0.0,48659141.25
2025-07-31 11:24:28 AM,407.3,0,0.0,48659141.25
2025-07-31 11:24:28 AM,407.3,150,61095.0,48720236.25
2025-07-31 11:24:29 AM,407.55,0,0.0,48720236.25
2025-07-31 11:24:30 AM,408.1,150,61215.0,48781451.25
2025-07-31 11:24:58 AM,411.65,0,0.0,48781451.25
2025-07-31 11:24:58 AM,411.65,75,30873.75,48812325.0
2025-07-31 11:25:00 AM,418.3,0,0.0,48812325.0
2025-07-31 11:25:00 AM,418.3,600,250980.0,49063305.0
2025-07-31 11:25:02 AM,419.65,0,0.0,49063305.0
2025-07-31 11:25:02 AM,419.65,3600,1510740.0,50574045.0
2025-07-31 11:25:06 AM,420.95,0,0.0,50574045.0
2025-07-31 11:25:06 AM,421.95,0,0.0,50574045.0
2025-07-31 11:25:06 AM,421.95,375,158231.25,50732276.25
2025-07-31 11:25:08 AM,422.6,0,0.0,50732276.25
2025-07-31 11:25:08 AM,422.6,75,31695.0,50763971.25
2025-07-31 11:25:17 AM,431.45,0,0.0,50763971.25
2025-07-31 11:25:18 AM,431.45,450,194152.5,50958123.75
2025-07-31 11:25:22 AM,427.7,0,0.0,50958123.75
2025-07-31 11:25:23 AM,427.7,150,64155.0,51022278.75
2025-07-31 11:25:39 AM,415.75,0,0.0,51022278.75
2025-07-31 11:25:40 AM,412.45,0,0.0,51022278.75
2025-07-31 11:25:40 AM,412.45,150,61867.5,51084146.25
2025-07-31 11:25:43 AM,414.7,0,0.0,51084146.25
2025-07-31 11:25:43 AM,414.7,75,31102.5,51115248.75
2025-07-31 11:25:43 AM,414.2,75,31065.0,51146313.75
2025-07-31 11:25:57 AM,416.55,0,0.0,51146313.75
2025-07-31 11:25:58 AM,416.55,75,31241.25,51177555.0
2025-07-31 11:25:59 AM,414.5,0,0.0,51177555.0
2025-07-31 11:25:59 AM,413.5,0,0.0,51177555.0
2025-07-31 11:26:00 AM,413.85,0,0.0,51177555.0
2025-07-31 11:26:00 AM,413.85,975,403503.75,51581058.75
2025-07-31 11:26:12 AM,410.65,75,30798.75,51611857.5
2025-07-31 11:26:24 AM,411.95,0,0.0,51611857.5
2025-07-31 11:26:25 AM,411.95,75,30896.25,51642753.75
2025-07-31 11:26:28 AM,408.65,0,0.0,51642753.75
2025-07-31 11:26:28 AM,408.65,75,30648.75,51673402.5
2025-07-31 11:26:32 AM,411.15,0,0.0,51673402.5
2025-07-31 11:26:33 AM,411.15,75,30836.25,51704238.75
2025-07-31 11:26:40 AM,409.5,0,0.0,51704238.75
2025-07-31 11:26:40 AM,409.5,225,92137.5,51796376.25
2025-07-31 11:26:44 AM,413.7,75,31027.5,51827403.75
2025-07-31 11:27:32 AM,416.65,0,0.0,51827403.75
2025-07-31 11:27:32 AM,416.65,900,374985.0,52202388.75
2025-07-31 11:27:34 AM,417.5,0,0.0,52202388.75
2025-07-31 11:27:35 AM,417.5,75,31312.5,52233701.25
2025-07-31 11:27:53 AM,415.5,0,0.0,52233701.25
2025-07-31 11:27:53 AM,415.5,75,31162.5,52264863.75
2025-07-31 11:28:03 AM,415.95,0,0.0,52264863.75
2025-07-31 11:28:04 AM,415.95,75,31196.25,52296060.0
2025-07-31 11:28:08 AM,415.35,0,0.0,52296060.0
2025-07-31 11:28:08 AM,415.35,75,31151.25,52327211.25
2025-07-31 11:28:09 AM,414.8,0,0.0,52327211.25
2025-07-31 11:28:09 AM,414.8,150,62220.0,52389431.25
2025-07-31 11:28:10 AM,414.75,0,0.0,52389431.25
2025-07-31 11:28:10 AM,414.75,75,31106.25,52420537.5
2025-07-31 11:28:11 AM,416.3,0,0.0,52420537.5
2025-07-31 11:28:11 AM,416.3,300,124890.0,52545427.5
2025-07-31 11:28:14 AM,418.9,0,0.0,52545427.5
2025-07-31 11:28:15 AM,418.9,225,94252.5,52639680.0
2025-07-31 11:28:22 AM,417.4,0,0.0,52639680.0
2025-07-31 11:28:22 AM,416.7,300,125010.0,52764690.0
2025-07-31 11:29:04 AM,412.5,0,0.0,52764690.0
2025-07-31 11:29:05 AM,412.5,75,30937.5,52795627.5
2025-07-31 11:29:33 AM,411.7,0,0.0,52795627.5
2025-07-31 11:29:33 AM,411.7,150,61755.0,52857382.5
2025-07-31 11:29:34 AM,412.1,0,0.0,52857382.5
2025-07-31 11:29:34 AM,411.8,300,123540.0,52980922.5
2025-07-31 11:29:36 AM,410.05,0,0.0,52980922.5
2025-07-31 11:29:37 AM,410.05,75,30753.75,53011676.25
2025-07-31 11:29:37 AM,410.7,0,0.0,53011676.25
2025-07-31 11:29:37 AM,410.45,0,0.0,53011676.25
2025-07-31 11:29:37 AM,410.45,750,307837.5,53319513.75
2025-07-31 11:29:40 AM,408.95,0,0.0,53319513.75
2025-07-31 11:29:40 AM,408.95,75,30671.25,53350185.0
2025-07-31 11:29:41 AM,409.2,150,61380.0,53411565.0
2025-07-31 11:29:47 AM,410.45,0,0.0,53411565.0
2025-07-31 11:29:47 AM,410.45,75,30783.75,53442348.75
2025-07-31 11:30:00 AM,409.65,0,0.0,53442348.75
2025-07-31 11:30:00 AM,409.65,75,30723.75,53473072.5
2025-07-31 11:30:03 AM,409.25,0,0.0,53473072.5
2025-07-31 11:30:03 AM,409.25,75,30693.75,53503766.25
2025-07-31 11:30:04 AM,409.15,0,0.0,53503766.25
2025-07-31 11:30:05 AM,409.15,75,30686.25,53534452.5
2025-07-31 11:30:06 AM,409.35,0,0.0,53534452.5
2025-07-31 11:30:07 AM,409.35,150,61402.5,53595855.0
2025-07-31 11:30:11 AM,409.6,0,0.0,53595855.0
2025-07-31 11:30:12 AM,409.6,75,30720.0,53626575.0
2025-07-31 11:31:19 AM,416.05,0,0.0,53626575.0
2025-07-31 11:31:19 AM,416.05,75,31203.75,53657778.75
2025-07-31 11:31:32 AM,414.2,0,0.0,53657778.75
2025-07-31 11:31:32 AM,414.2,75,31065.0,53688843.75
2025-07-31 11:31:53 AM,419.4,0,0.0,53688843.75
2025-07-31 11:31:54 AM,419.4,75,31455.0,53720298.75
2025-07-31 11:32:11 AM,424.85,0,0.0,53720298.75
2025-07-31 11:32:11 AM,424.85,75,31863.75,53752162.5
2025-07-31 11:32:12 AM,424.4,0,0.0,53752162.5
2025-07-31 11:32:12 AM,424.4,75,31830.0,53783992.5
2025-07-31 11:32:13 AM,423.5,0,0.0,53783992.5
2025-07-31 11:32:13 AM,423.5,75,31762.5,53815755.0
2025-07-31 11:32:28 AM,426.0,0,0.0,53815755.0
2025-07-31 11:32:29 AM,426.0,75,31950.0,53847705.0
2025-07-31 11:32:33 AM,427.45,0,0.0,53847705.0
2025-07-31 11:32:34 AM,427.45,75,32058.75,53879763.75
2025-07-31 11:32:47 AM,423.65,0,0.0,53879763.75
2025-07-31 11:32:48 AM,423.65,75,31773.75,53911537.5
2025-07-31 11:32:52 AM,422.1,0,0.0,53911537.5
2025-07-31 11:32:52 AM,423.05,0,0.0,53911537.5
2025-07-31 11:32:53 AM,423.05,150,63457.5,53974995.0
2025-07-31 11:32:53 AM,422.75,0,0.0,53974995.0
2025-07-31 11:32:53 AM,422.75,225,95118.75,54070113.75
2025-07-31 11:32:54 AM,424.15,0,0.0,54070113.75
2025-07-31 11:32:54 AM,424.15,75,31811.25,54101925.0
2025-07-31 11:33:17 AM,428.35,0,0.0,54101925.0
2025-07-31 11:33:18 AM,428.35,75,32126.25,54134051.25
2025-07-31 11:33:23 AM,430.7,0,0.0,54134051.25
2025-07-31 11:33:24 AM,434.0,0,0.0,54134051.25
2025-07-31 11:33:24 AM,435.75,2025,882393.75,55016445.0
2025-07-31 11:33:52 AM,433.5,0,0.0,55016445.0
2025-07-31 11:33:53 AM,433.5,75,32512.5,55048957.5
2025-07-31 11:34:05 AM,434.55,0,0.0,55048957.5
2025-07-31 11:34:05 AM,434.55,75,32591.25,55081548.75
2025-07-31 11:34:23 AM,433.55,0,0.0,55081548.75
2025-07-31 11:34:23 AM,433.55,75,32516.25,55114065.0
2025-07-31 11:35:09 AM,435.4,0,0.0,55114065.0
2025-07-31 11:35:09 AM,435.4,75,32655.0,55146720.0
2025-07-31 11:35:17 AM,433.05,0,0.0,55146720.0
2025-07-31 11:35:18 AM,433.05,75,32478.75,55179198.75
2025-07-31 11:35:20 AM,430.3,0,0.0,55179198.75
2025-07-31 11:35:20 AM,430.3,75,32272.5,55211471.25
2025-07-31 11:35:34 AM,426.7,0,0.0,55211471.25
2025-07-31 11:35:34 AM,426.7,900,384030.0,55595501.25
2025-07-31 11:35:48 AM,421.05,0,0.0,55595501.25
2025-07-31 11:35:49 AM,421.05,75,31578.75,55627080.0
2025-07-31 11:36:12 AM,418.0,0,0.0,55627080.0
2025-07-31 11:36:13 AM,418.0,75,31350.0,55658430.0
2025-07-31 11:36:46 AM,422.75,0,0.0,55658430.0
2025-07-31 11:36:47 AM,422.75,75,31706.25,55690136.25
2025-07-31 11:37:48 AM,421.5,0,0.0,55690136.25
2025-07-31 11:37:48 AM,421.5,75,31612.5,55721748.75
2025-07-31 11:37:52 AM,419.25,0,0.0,55721748.75
2025-07-31 11:37:52 AM,419.55,150,62932.5,55784681.25
2025-07-31 11:37:53 AM,419.9,0,0.0,55784681.25
2025-07-31 11:37:53 AM,419.9,150,62985.0,55847666.25
2025-07-31 11:38:40 AM,417.4,0,0.0,55847666.25
2025-07-31 11:38:41 AM,417.4,150,62610.0,55910276.25
2025-07-31 11:38:42 AM,416.6,0,0.0,55910276.25
2025-07-31 11:38:43 AM,416.6,75,31245.0,55941521.25
2025-07-31 11:39:38 AM,420.35,0,0.0,55941521.25
2025-07-31 11:39:38 AM,420.35,225,94578.75,56036100.0
2025-07-31 11:40:33 AM,423.0,0,0.0,56036100.0
2025-07-31 11:40:33 AM,423.0,375,158625.0,56194725.0
2025-07-31 11:40:39 AM,420.15,0,0.0,56194725.0
2025-07-31 11:40:40 AM,420.15,75,31511.25,56226236.25
2025-07-31 11:40:57 AM,424.45,0,0.0,56226236.25
2025-07-31 11:40:57 AM,424.45,225,95501.25,56321737.5
2025-07-31 11:41:45 AM,420.05,0,0.0,56321737.5
2025-07-31 11:41:45 AM,420.05,75,31503.75,56353241.25
2025-07-31 11:41:48 AM,422.95,0,0.0,56353241.25
2025-07-31 11:41:48 AM,422.95,75,31721.25,56384962.5
2025-07-31 11:42:04 AM,426.85,0,0.0,56384962.5
2025-07-31 11:42:04 AM,426.85,75,32013.75,56416976.25
2025-07-31 11:43:20 AM,435.7,0,0.0,56416976.25
2025-07-31 11:43:21 AM,435.7,75,32677.5,56449653.75
2025-07-31 11:43:51 AM,435.7,75,32677.5,56482331.25
2025-07-31 11:43:54 AM,435.45,0,0.0,56482331.25
2025-07-31 11:43:55 AM,435.45,75,32658.75,56514990.0
2025-07-31 11:44:18 AM,434.3,0,0.0,56514990.0
2025-07-31 11:44:18 AM,434.3,75,32572.5,56547562.5
2025-07-31 11:45:04 AM,434.8,0,0.0,56547562.5
2025-07-31 11:45:05 AM,434.8,75,32610.0,56580172.5
2025-07-31 11:45:08 AM,433.2,0,0.0,56580172.5
2025-07-31 11:45:08 AM,433.2,150,64980.0,56645152.5
2025-07-31 11:46:04 AM,433.0,0,0.0,56645152.5
2025-07-31 11:46:05 AM,433.0,150,64950.0,56710102.5
2025-07-31 11:46:17 AM,438.0,0,0.0,56710102.5
2025-07-31 11:46:18 AM,438.0,150,65700.0,56775802.5
2025-07-31 11:46:25 AM,442.4,0,0.0,56775802.5
2025-07-31 11:46:25 AM,442.4,75,33180.0,56808982.5
2025-07-31 11:48:01 AM,443.25,0,0.0,56808982.5
2025-07-31 11:48:01 AM,443.25,75,33243.75,56842226.25
2025-07-31 11:48:50 AM,443.25,75,33243.75,56875470.0
2025-07-31 11:48:55 AM,440.5,0,0.0,56875470.0
2025-07-31 11:48:55 AM,440.25,150,66037.5,56941507.5
2025-07-31 11:49:42 AM,432.7,0,0.0,56941507.5
2025-07-31 11:49:42 AM,432.7,75,32452.5,56973960.0
2025-07-31 11:49:53 AM,434.05,0,0.0,56973960.0
2025-07-31 11:49:54 AM,434.05,75,32553.75,57006513.75
2025-07-31 11:50:04 AM,430.95,0,0.0,57006513.75
2025-07-31 11:50:04 AM,430.95,75,32321.25,57038835.0
2025-07-31 11:50:29 AM,431.0,0,0.0,57038835.0
2025-07-31 11:50:29 AM,431.0,75,32325.0,57071160.0
2025-07-31 11:53:51 AM,427.95,0,0.0,57071160.0
2025-07-31 11:53:52 AM,427.95,225,96288.75,57167448.75
2025-07-31 11:54:08 AM,427.0,0,0.0,57167448.75
2025-07-31 11:54:08 AM,427.0,225,96075.0,57263523.75
2025-07-31 11:54:48 AM,425.8,0,0.0,57263523.75
2025-07-31 11:54:49 AM,425.8,225,95805.0,57359328.75
2025-07-31 11:57:19 AM,429.1,0,0.0,57359328.75
2025-07-31 11:57:19 AM,429.1,75,32182.5,57391511.25
2025-07-31 11:58:20 AM,425.1,0,0.0,57391511.25
2025-07-31 11:58:22 AM,425.1,75,31882.5,57423393.75
2025-07-31 11:58:22 AM,425.4,0,0.0,57423393.75
2025-07-31 11:58:23 AM,425.4,75,31905.0,57455298.75
2025-07-31 11:58:54 AM,424.55,0,0.0,57455298.75
2025-07-31 11:58:56 AM,424.55,75,31841.25,57487140.0
2025-07-31 12:00:12 PM,423.65,0,0.0,57487140.0
2025-07-31 12:00:13 PM,423.65,150,63547.5,57550687.5
2025-07-31 12:01:10 PM,415.7,0,0.0,57550687.5
2025-07-31 12:01:11 PM,415.7,75,31177.5,57581865.0
2025-07-31 12:02:08 PM,413.5,0,0.0,57581865.0
2025-07-31 12:02:09 PM,413.5,75,31012.5,57612877.5
2025-07-31 12:02:10 PM,415.0,0,0.0,57612877.5
2025-07-31 12:02:11 PM,415.0,75,31125.0,57644002.5
2025-07-31 12:04:22 PM,407.8,0,0.0,57644002.5
2025-07-31 12:04:22 PM,407.8,150,61170.0,57705172.5
2025-07-31 12:04:22 PM,408.5,0,0.0,57705172.5
2025-07-31 12:04:23 PM,408.5,300,122550.0,57827722.5
2025-07-31 12:04:43 PM,410.0,0,0.0,57827722.5
2025-07-31 12:04:43 PM,410.0,150,61500.0,57889222.5
2025-07-31 12:04:53 PM,408.0,0,0.0,57889222.5
2025-07-31 12:04:53 PM,408.0,75,30600.0,57919822.5
2025-07-31 12:05:06 PM,404.7,0,0.0,57919822.5
2025-07-31 12:05:06 PM,404.7,75,30352.5,57950175.0
2025-07-31 12:07:54 PM,398.85,0,0.0,57950175.0
2025-07-31 12:07:55 PM,398.85,975,388878.75,58339053.75
2025-07-31 12:08:00 PM,395.0,0,0.0,58339053.75
2025-07-31 12:08:00 PM,395.0,75,29625.0,58368678.75
2025-07-31 12:08:01 PM,394.3,75,29572.5,58398251.25
2025-07-31 12:08:21 PM,391.95,0,0.0,58398251.25
2025-07-31 12:08:21 PM,391.95,75,29396.25,58427647.5
2025-07-31 12:08:27 PM,391.35,0,0.0,58427647.5
2025-07-31 12:08:28 PM,391.35,75,29351.25,58456998.75
2025-07-31 12:10:02 PM,394.45,0,0.0,58456998.75
2025-07-31 12:10:02 PM,394.45,225,88751.25,58545750.0
2025-07-31 12:10:14 PM,397.7,0,0.0,58545750.0
2025-07-31 12:10:14 PM,397.7,150,59655.0,58605405.0
2025-07-31 12:10:38 PM,405.1,150,60765.0,58666170.0
2025-07-31 12:10:53 PM,403.8,75,30285.0,58696455.0
2025-07-31 12:11:49 PM,414.0,0,0.0,58696455.0
2025-07-31 12:11:49 PM,414.0,75,31050.0,58727505.0
2025-07-31 12:11:59 PM,416.9,0,0.0,58727505.0
2025-07-31 12:11:59 PM,416.9,75,31267.5,58758772.5
2025-07-31 12:12:30 PM,425.35,0,0.0,58758772.5
2025-07-31 12:12:31 PM,425.35,225,95703.75,58854476.25
2025-07-31 12:12:45 PM,426.25,0,0.0,58854476.25
2025-07-31 12:12:45 PM,426.25,75,31968.75,58886445.0
2025-07-31 12:12:54 PM,425.9,0,0.0,58886445.0
2025-07-31 12:12:54 PM,425.9,150,63885.0,58950330.0
2025-07-31 12:13:26 PM,427.3,0,0.0,58950330.0
2025-07-31 12:13:26 PM,427.3,75,32047.5,58982377.5
2025-07-31 12:13:58 PM,433.6,0,0.0,58982377.5
2025-07-31 12:13:59 PM,433.6,75,32520.0,59014897.5
2025-07-31 12:15:02 PM,442.45,0,0.0,59014897.5
2025-07-31 12:15:02 PM,442.45,150,66367.5,59081265.0
2025-07-31 12:15:03 PM,443.85,0,0.0,59081265.0
2025-07-31 12:15:03 PM,443.85,1350,599197.5,59680462.5
2025-07-31 12:15:18 PM,458.0,0,0.0,59680462.5
2025-07-31 12:15:18 PM,458.0,1875,858750.0,60539212.5
2025-07-31 12:15:26 PM,456.0,0,0.0,60539212.5
2025-07-31 12:15:27 PM,456.0,75,34200.0,60573412.5
2025-07-31 12:15:51 PM,451.8,0,0.0,60573412.5
2025-07-31 12:15:52 PM,451.8,75,33885.0,60607297.5
2025-07-31 12:15:53 PM,451.8,150,67770.0,60675067.5
2025-07-31 12:16:11 PM,455.3,0,0.0,60675067.5
2025-07-31 12:16:12 PM,455.3,75,34147.5,60709215.0
2025-07-31 12:16:15 PM,456.1,75,34207.5,60743422.5
2025-07-31 12:16:44 PM,444.45,0,0.0,60743422.5
2025-07-31 12:16:45 PM,444.45,75,33333.75,60776756.25
2025-07-31 12:16:53 PM,444.1,0,0.0,60776756.25
2025-07-31 12:16:53 PM,444.1,75,33307.5,60810063.75
2025-07-31 12:17:08 PM,437.3,0,0.0,60810063.75
2025-07-31 12:17:08 PM,437.3,1125,491962.5,61302026.25
2025-07-31 12:17:11 PM,439.35,0,0.0,61302026.25
2025-07-31 12:17:11 PM,439.35,75,32951.25,61334977.5
2025-07-31 12:17:16 PM,441.75,0,0.0,61334977.5
2025-07-31 12:17:16 PM,441.75,150,66262.5,61401240.0
2025-07-31 12:18:18 PM,445.65,0,0.0,61401240.0
2025-07-31 12:18:18 PM,445.65,75,33423.75,61434663.75
2025-07-31 12:19:38 PM,455.75,0,0.0,61434663.75
2025-07-31 12:19:39 PM,455.75,75,34181.25,61468845.0
2025-07-31 12:19:46 PM,457.3,0,0.0,61468845.0
2025-07-31 12:19:47 PM,457.3,75,34297.5,61503142.5
2025-07-31 12:20:03 PM,457.3,150,68595.0,61571737.5
2025-07-31 12:20:44 PM,457.45,0,0.0,61571737.5
2025-07-31 12:20:45 PM,457.45,75,34308.75,61606046.25
2025-07-31 12:21:37 PM,452.0,0,0.0,61606046.25
2025-07-31 12:21:38 PM,452.0,225,101700.0,61707746.25
2025-07-31 12:22:07 PM,450.35,0,0.0,61707746.25
2025-07-31 12:22:07 PM,450.35,75,33776.25,61741522.5
2025-07-31 12:22:46 PM,458.25,0,0.0,61741522.5
2025-07-31 12:22:47 PM,458.25,75,34368.75,61775891.25
2025-07-31 12:22:53 PM,461.1,0,0.0,61775891.25
2025-07-31 12:22:53 PM,461.1,75,34582.5,61810473.75
2025-07-31 12:22:55 PM,457.3,0,0.0,61810473.75
2025-07-31 12:22:55 PM,457.3,75,34297.5,61844771.25
2025-07-31 12:23:29 PM,458.25,0,0.0,61844771.25
2025-07-31 12:23:30 PM,458.25,75,34368.75,61879140.0
2025-07-31 12:23:47 PM,456.85,225,102791.25,61981931.25
2025-07-31 12:24:46 PM,459.8,0,0.0,61981931.25
2025-07-31 12:24:47 PM,459.8,300,137940.0,62119871.25
2025-07-31 12:25:59 PM,452.05,0,0.0,62119871.25
2025-07-31 12:26:00 PM,452.25,300,135675.0,62255546.25
2025-07-31 12:26:00 PM,452.3,675,305302.5,62560848.75
2025-07-31 12:28:57 PM,441.45,0,0.0,62560848.75
2025-07-31 12:28:57 PM,441.45,75,33108.75,62593957.5
2025-07-31 12:29:15 PM,441.4,0,0.0,62593957.5
2025-07-31 12:29:16 PM,441.4,75,33105.0,62627062.5
2025-07-31 12:29:26 PM,437.3,0,0.0,62627062.5
2025-07-31 12:29:28 PM,437.3,75,32797.5,62659860.0
2025-07-31 12:30:14 PM,449.75,0,0.0,62659860.0
2025-07-31 12:30:14 PM,449.75,75,33731.25,62693591.25
2025-07-31 12:30:41 PM,448.7,0,0.0,62693591.25
2025-07-31 12:30:42 PM,448.7,75,33652.5,62727243.75
2025-07-31 12:30:55 PM,449.35,0,0.0,62727243.75
2025-07-31 12:30:55 PM,449.35,375,168506.25,62895750.0
2025-07-31 12:30:57 PM,450.0,0,0.0,62895750.0
2025-07-31 12:30:58 PM,450.0,3675,1653750.0,64549500.0
2025-07-31 12:31:01 PM,450.0,450,202500.0,64752000.0
2025-07-31 12:31:12 PM,447.85,0,0.0,64752000.0
2025-07-31 12:31:13 PM,447.85,3600,1612260.0,66364260.0
2025-07-31 12:33:09 PM,442.35,0,0.0,66364260.0
2025-07-31 12:33:10 PM,442.35,150,66352.5,66430612.5
2025-07-31 12:33:22 PM,445.9,0,0.0,66430612.5
2025-07-31 12:33:23 PM,445.9,600,267540.0,66698152.5
2025-07-31 12:34:20 PM,463.55,0,0.0,66698152.5
2025-07-31 12:34:21 PM,463.55,75,34766.25,66732918.75
2025-07-31 12:34:35 PM,470.0,0,0.0,66732918.75
2025-07-31 12:34:35 PM,470.0,75,35250.0,66768168.75
2025-07-31 12:34:37 PM,470.05,0,0.0,66768168.75
2025-07-31 12:34:37 PM,470.05,75,35253.75,66803422.5
2025-07-31 12:34:42 PM,472.8,0,0.0,66803422.5
2025-07-31 12:34:42 PM,472.8,150,70920.0,66874342.5
2025-07-31 12:34:47 PM,470.65,0,0.0,66874342.5
2025-07-31 12:34:47 PM,470.65,75,35298.75,66909641.25
2025-07-31 12:35:10 PM,474.0,0,0.0,66909641.25
2025-07-31 12:35:10 PM,474.0,75,35550.0,66945191.25
2025-07-31 12:35:12 PM,471.5,0,0.0,66945191.25
2025-07-31 12:35:13 PM,471.5,75,35362.5,66980553.75
2025-07-31 12:35:22 PM,472.2,0,0.0,66980553.75
2025-07-31 12:35:23 PM,472.2,150,70830.0,67051383.75
2025-07-31 12:35:36 PM,475.05,0,0.0,67051383.75
2025-07-31 12:35:36 PM,475.05,75,35628.75,67087012.5
2025-07-31 12:35:40 PM,475.35,0,0.0,67087012.5
2025-07-31 12:35:41 PM,475.5,150,71325.0,67158337.5
2025-07-31 12:37:23 PM,481.9,75,36142.5,67194480.0
2025-07-31 12:39:44 PM,477.15,75,35786.25,67230266.25
2025-07-31 12:39:46 PM,475.8,0,0.0,67230266.25
2025-07-31 12:39:46 PM,475.8,75,35685.0,67265951.25
2025-07-31 12:39:47 PM,476.95,75,35771.25,67301722.5
2025-07-31 12:43:35 PM,455.6,0,0.0,67301722.5
2025-07-31 12:43:35 PM,455.6,75,34170.0,67335892.5
2025-07-31 12:44:23 PM,460.65,0,0.0,67335892.5
2025-07-31 12:44:24 PM,460.65,75,34548.75,67370441.25
2025-07-31 12:48:32 PM,472.55,0,0.0,67370441.25
2025-07-31 12:48:32 PM,472.55,75,35441.25,67405882.5
2025-07-31 12:48:47 PM,476.05,0,0.0,67405882.5
2025-07-31 12:48:47 PM,476.05,75,35703.75,67441586.25
2025-07-31 12:50:43 PM,492.5,0,0.0,67441586.25
2025-07-31 12:50:44 PM,493.8,150,74070.0,67515656.25
2025-07-31 12:57:30 PM,495.55,0,0.0,67515656.25
2025-07-31 12:57:30 PM,495.55,75,37166.25,67552822.5
2025-07-31 12:58:19 PM,516.1,0,0.0,67552822.5
2025-07-31 12:58:20 PM,516.1,75,38707.5,67591530.0
2025-07-31 12:58:21 PM,513.65,0,0.0,67591530.0
2025-07-31 12:58:21 PM,513.65,75,38523.75,67630053.75
2025-07-31 12:58:22 PM,515.55,75,38666.25,67668720.0
2025-07-31 12:58:26 PM,520.0,0,0.0,67668720.0
2025-07-31 12:58:27 PM,520.0,75,39000.0,67707720.0
2025-07-31 01:02:40 PM,519.9,0,0.0,67707720.0
2025-07-31 01:02:40 PM,519.9,75,38992.5,67746712.5
2025-07-31 01:03:50 PM,516.7,75,38752.5,67785465.0
2025-07-31 01:03:56 PM,516.2,0,0.0,67785465.0
2025-07-31 01:03:57 PM,516.2,75,38715.0,67824180.0
2025-07-31 01:06:13 PM,511.4,0,0.0,67824180.0
2025-07-31 01:06:13 PM,511.4,825,421905.0,68246085.0
2025-07-31 01:06:53 PM,505.95,0,0.0,68246085.0
2025-07-31 01:06:54 PM,505.95,150,75892.5,68321977.5
2025-07-31 01:07:31 PM,516.25,0,0.0,68321977.5
2025-07-31 01:07:31 PM,516.25,75,38718.75,68360696.25
2025-07-31 01:08:24 PM,517.85,0,0.0,68360696.25
2025-07-31 01:08:25 PM,517.85,75,38838.75,68399535.0
2025-07-31 01:09:20 PM,511.25,0,0.0,68399535.0
2025-07-31 01:09:20 PM,511.25,75,38343.75,68437878.75
2025-07-31 01:12:46 PM,533.55,0,0.0,68437878.75
2025-07-31 01:12:47 PM,533.55,75,40016.25,68477895.0
2025-07-31 01:13:07 PM,528.0,0,0.0,68477895.0
2025-07-31 01:13:07 PM,528.0,150,79200.0,68557095.0
2025-07-31 01:13:40 PM,529.65,0,0.0,68557095.0
2025-07-31 01:13:41 PM,529.65,75,39723.75,68596818.75
2025-07-31 01:13:46 PM,525.0,0,0.0,68596818.75
2025-07-31 01:13:46 PM,525.0,75,39375.0,68636193.75
2025-07-31 01:14:20 PM,517.65,0,0.0,68636193.75
2025-07-31 01:14:20 PM,517.65,1500,776475.0,69412668.75
2025-07-31 01:14:20 PM,516.95,450,232627.50000000003,69645296.25
2025-07-31 01:14:20 PM,517.65,0,0.0,69645296.25
2025-07-31 01:14:22 PM,517.65,450,232942.5,69878238.75
2025-07-31 01:15:15 PM,522.0,0,0.0,69878238.75
2025-07-31 01:15:15 PM,522.0,150,78300.0,69956538.75
2025-07-31 01:17:45 PM,522.35,0,0.0,69956538.75
2025-07-31 01:17:46 PM,522.35,75,39176.25,69995715.0
2025-07-31 01:17:47 PM,524.85,0,0.0,69995715.0
2025-07-31 01:17:48 PM,524.85,75,39363.75,70035078.75
2025-07-31 01:17:51 PM,526.3,0,0.0,70035078.75
2025-07-31 01:17:51 PM,526.3,375,197362.49999999997,70232441.25
2025-07-31 01:18:11 PM,525.95,0,0.0,70232441.25
2025-07-31 01:18:11 PM,525.95,75,39446.25,70271887.5
2025-07-31 01:18:52 PM,530.25,0,0.0,70271887.5
2025-07-31 01:18:52 PM,530.25,900,477225.0,70749112.5
2025-07-31 01:20:18 PM,515.65,0,0.0,70749112.5
2025-07-31 01:20:18 PM,515.65,75,38673.75,70787786.25
2025-07-31 01:23:02 PM,520.1,0,0.0,70787786.25
2025-07-31 01:23:03 PM,520.1,75,39007.5,70826793.75
2025-07-31 01:24:39 PM,508.3,0,0.0,70826793.75
2025-07-31 01:24:40 PM,508.3,975,495592.5,71322386.25
2025-07-31 01:28:27 PM,530.0,0,0.0,71322386.25
2025-07-31 01:28:28 PM,530.0,3600,1908000.0,73230386.25
2025-07-31 01:28:32 PM,533.85,0,0.0,73230386.25
2025-07-31 01:28:33 PM,533.85,75,40038.75,73270425.0
2025-07-31 01:29:25 PM,538.5,0,0.0,73270425.0
2025-07-31 01:29:26 PM,538.5,150,80775.0,73351200.0
2025-07-31 01:36:16 PM,548.45,0,0.0,73351200.0
2025-07-31 01:36:17 PM,548.45,75,41133.75,73392333.75
2025-07-31 01:36:30 PM,555.0,0,0.0,73392333.75
2025-07-31 01:36:32 PM,555.0,75,41625.0,73433958.75
2025-07-31 01:38:01 PM,560.0,0,0.0,73433958.75
2025-07-31 01:38:01 PM,560.0,75,42000.0,73475958.75
2025-07-31 01:38:48 PM,565.25,0,0.0,73475958.75
2025-07-31 01:38:48 PM,565.25,150,84787.5,73560746.25
2025-07-31 01:39:28 PM,557.85,0,0.0,73560746.25
2025-07-31 01:39:28 PM,557.85,75,41838.75,73602585.0
2025-07-31 01:40:15 PM,560.0,0,0.0,73602585.0
2025-07-31 01:40:16 PM,560.0,75,42000.0,73644585.0
2025-07-31 01:40:24 PM,559.95,0,0.0,73644585.0
2025-07-31 01:40:25 PM,559.95,75,41996.25,73686581.25
2025-07-31 01:40:43 PM,552.3,0,0.0,73686581.25
2025-07-31 01:40:43 PM,552.3,225,124267.49999999999,73810848.75
2025-07-31 01:40:45 PM,550.0,0,0.0,73810848.75
2025-07-31 01:40:46 PM,550.0,75,41250.0,73852098.75
2025-07-31 01:42:23 PM,537.7,0,0.0,73852098.75
2025-07-31 01:42:23 PM,537.7,75,40327.5,73892426.25
2025-07-31 01:44:19 PM,533.45,0,0.0,73892426.25
2025-07-31 01:44:19 PM,533.45,150,80017.5,73972443.75
2025-07-31 01:45:00 PM,539.35,75,40451.25,74012895.0
2025-07-31 01:48:10 PM,539.35,75,40451.25,74053346.25
2025-07-31 01:48:35 PM,539.4,75,40455.0,74093801.25
2025-07-31 01:57:00 PM,533.6,0,0.0,74093801.25
2025-07-31 01:57:00 PM,533.6,75,40020.0,74133821.25
2025-07-31 01:58:38 PM,522.45,0,0.0,74133821.25
2025-07-31 01:58:39 PM,522.45,750,391837.50000000006,74525658.75
2025-07-31 01:59:14 PM,526.6,0,0.0,74525658.75
2025-07-31 01:59:14 PM,526.6,75,39495.0,74565153.75
2025-07-31 02:01:48 PM,530.55,0,0.0,74565153.75
2025-07-31 02:01:49 PM,530.55,225,119373.74999999999,74684527.5
2025-07-31 02:02:50 PM,540.0,0,0.0,74684527.5
2025-07-31 02:02:50 PM,540.0,75,40500.0,74725027.5
2025-07-31 02:02:56 PM,540.0,75,40500.0,74765527.5
2025-07-31 02:12:57 PM,539.45,0,0.0,74765527.5
2025-07-31 02:12:57 PM,539.45,225,121376.25000000001,74886903.75
2025-07-31 02:16:53 PM,532.9,0,0.0,74886903.75
2025-07-31 02:16:53 PM,532.9,75,39967.5,74926871.25
2025-07-31 02:16:59 PM,531.35,0,0.0,74926871.25
2025-07-31 02:16:59 PM,531.35,75,39851.25,74966722.5
2025-07-31 02:18:30 PM,531.4,0,0.0,74966722.5
2025-07-31 02:18:30 PM,531.4,75,39855.0,75006577.5
2025-07-31 02:25:55 PM,500.0,0,0.0,75006577.5
2025-07-31 02:25:55 PM,500.0,75,37500.0,75044077.5
2025-07-31 02:26:40 PM,502.15,0,0.0,75044077.5
2025-07-31 02:26:42 PM,502.15,750,376612.5,75420690.0
2025-07-31 02:29:23 PM,484.6,0,0.0,75420690.0
2025-07-31 02:29:24 PM,484.6,75,36345.0,75457035.0
2025-07-31 02:29:39 PM,489.0,0,0.0,75457035.0
2025-07-31 02:29:39 PM,489.0,1050,513450.0,75970485.0
2025-07-31 02:30:00 PM,479.15,0,0.0,75970485.0
2025-07-31 02:30:00 PM,479.15,975,467171.25,76437656.25
2025-07-31 02:31:21 PM,476.85,0,0.0,76437656.25
2025-07-31 02:31:22 PM,476.85,450,214582.5,76652238.75
2025-07-31 02:31:22 PM,479.0,0,0.0,76652238.75
2025-07-31 02:31:23 PM,479.0,75,35925.0,76688163.75
2025-07-31 02:31:43 PM,484.35,75,36326.25,76724490.0
2025-07-31 02:33:06 PM,484.35,75,36326.25,76760816.25
2025-07-31 02:33:39 PM,495.9,0,0.0,76760816.25
2025-07-31 02:33:39 PM,495.9,3975,1971202.5,78732018.75
2025-07-31 02:34:13 PM,495.0,0,0.0,78732018.75
2025-07-31 02:34:13 PM,495.0,75,37125.0,78769143.75
2025-07-31 02:34:14 PM,492.95,0,0.0,78769143.75
2025-07-31 02:34:15 PM,492.95,75,36971.25,78806115.0
2025-07-31 02:34:58 PM,488.8,0,0.0,78806115.0
2025-07-31 02:34:58 PM,488.8,75,36660.0,78842775.0
2025-07-31 02:37:16 PM,491.8,0,0.0,78842775.0
2025-07-31 02:37:16 PM,492.15,0,0.0,78842775.0
2025-07-31 02:37:17 PM,492.15,150,73822.5,78916597.5
2025-07-31 02:37:43 PM,493.8,0,0.0,78916597.5
2025-07-31 02:37:44 PM,493.8,75,37035.0,78953632.5
2025-07-31 02:38:11 PM,497.7,0,0.0,78953632.5
2025-07-31 02:38:12 PM,497.7,150,74655.0,79028287.5
2025-07-31 02:38:36 PM,500.05,0,0.0,79028287.5
2025-07-31 02:38:37 PM,500.05,150,75007.5,79103295.0
2025-07-31 02:41:20 PM,485.75,0,0.0,79103295.0
2025-07-31 02:41:20 PM,485.75,150,72862.5,79176157.5
2025-07-31 02:41:41 PM,479.9,0,0.0,79176157.5
2025-07-31 02:41:41 PM,479.9,150,71985.0,79248142.5
2025-07-31 02:42:04 PM,482.0,0,0.0,79248142.5
2025-07-31 02:42:05 PM,482.0,75,36150.0,79284292.5
2025-07-31 02:45:25 PM,483.8,0,0.0,79284292.5
2025-07-31 02:45:26 PM,483.8,75,36285.0,79320577.5
2025-07-31 02:48:52 PM,475.0,0,0.0,79320577.5
2025-07-31 02:48:53 PM,475.0,75,35625.0,79356202.5
2025-07-31 02:54:27 PM,455.0,0,0.0,79356202.5
2025-07-31 02:54:27 PM,455.0,3750,1706250.0,81062452.5
2025-07-31 02:54:31 PM,453.25,0,0.0,81062452.5
2025-07-31 02:54:32 PM,453.25,2400,1087800.0,82150252.5
2025-07-31 02:54:34 PM,453.5,0,0.0,82150252.5
2025-07-31 02:54:34 PM,453.5,75,34012.5,82184265.0
2025-07-31 02:54:54 PM,446.45,0,0.0,82184265.0
2025-07-31 02:54:54 PM,446.45,75,33483.75,82217748.75
2025-07-31 02:55:15 PM,446.35,0,0.0,82217748.75
2025-07-31 02:55:15 PM,446.4,0,0.0,82217748.75
2025-07-31 02:55:15 PM,445.8,0,0.0,82217748.75
2025-07-31 02:55:16 PM,445.8,1950,869310.0,83087058.75
2025-07-31 03:00:12 PM,446.2,0,0.0,83087058.75
2025-07-31 03:00:12 PM,446.2,300,133860.0,83220918.75
2025-07-31 03:00:22 PM,443.9,0,0.0,83220918.75
2025-07-31 03:00:23 PM,443.9,75,33292.5,83254211.25
2025-07-31 03:00:27 PM,440.1,0,0.0,83254211.25
2025-07-31 03:00:28 PM,440.1,150,66015.0,83320226.25
2025-07-31 03:00:42 PM,431.5,0,0.0,83320226.25
2025-07-31 03:00:42 PM,431.5,75,32362.5,83352588.75
2025-07-31 03:01:44 PM,432.05,0,0.0,83352588.75
2025-07-31 03:01:45 PM,432.05,75,32403.75,83384992.5
2025-07-31 03:02:14 PM,425.9,0,0.0,83384992.5
2025-07-31 03:02:15 PM,425.9,75,31942.5,83416935.0
2025-07-31 03:02:24 PM,423.8,0,0.0,83416935.0
2025-07-31 03:02:25 PM,423.8,150,63570.0,83480505.0
2025-07-31 03:03:01 PM,423.2,0,0.0,83480505.0
2025-07-31 03:03:01 PM,423.2,75,31740.0,83512245.0
2025-07-31 03:03:27 PM,420.95,0,0.0,83512245.0
2025-07-31 03:03:27 PM,420.95,150,63142.5,83575387.5
2025-07-31 03:04:07 PM,417.1,0,0.0,83575387.5
2025-07-31 03:04:07 PM,417.1,1125,469237.5,84044625.0
2025-07-31 03:07:12 PM,407.0,0,0.0,84044625.0
2025-07-31 03:07:13 PM,407.0,75,30525.0,84075150.0
2025-07-31 03:09:56 PM,393.55,0,0.0,84075150.0
2025-07-31 03:09:57 PM,393.55,150,59032.5,84134182.5
2025-07-31 03:10:17 PM,390.5,0,0.0,84134182.5
2025-07-31 03:10:18 PM,390.5,75,29287.5,84163470.0
2025-07-31 03:11:06 PM,412.45,0,0.0,84163470.0
2025-07-31 03:11:07 PM,412.45,75,30933.75,84194403.75
2025-07-31 03:11:49 PM,399.0,0,0.0,84194403.75
2025-07-31 03:11:49 PM,399.0,75,29925.0,84224328.75
2025-07-31 03:12:51 PM,400.0,0,0.0,84224328.75
2025-07-31 03:12:52 PM,400.0,225,90000.0,84314328.75
2025-07-31 03:13:00 PM,402.05,0,0.0,84314328.75
2025-07-31 03:13:01 PM,402.05,150,60307.5,84374636.25
2025-07-31 03:14:30 PM,404.05,0,0.0,84374636.25
2025-07-31 03:14:30 PM,404.05,150,60607.5,84435243.75
2025-07-31 03:14:43 PM,401.75,0,0.0,84435243.75
2025-07-31 03:14:44 PM,401.75,75,30131.25,84465375.0
2025-07-31 03:15:02 PM,399.35,0,0.0,84465375.0
2025-07-31 03:15:02 PM,399.35,150,59902.5,84525277.5
2025-07-31 03:16:00 PM,396.15,0,0.0,84525277.5
2025-07-31 03:16:01 PM,396.15,75,29711.25,84554988.75
2025-07-31 03:16:02 PM,396.0,0,0.0,84554988.75
2025-07-31 03:16:02 PM,396.45,0,0.0,84554988.75
2025-07-31 03:16:02 PM,396.45,900,356805.0,84911793.75
2025-07-31 03:16:18 PM,391.8,0,0.0,84911793.75
2025-07-31 03:16:19 PM,391.8,300,117540.0,85029333.75
2025-07-31 03:18:47 PM,400.5,0,0.0,85029333.75
2025-07-31 03:18:47 PM,400.5,75,30037.5,85059371.25
2025-07-31 03:20:01 PM,396.9,0,0.0,85059371.25
2025-07-31 03:20:02 PM,396.9,75,29767.5,85089138.75
2025-07-31 03:20:02 PM,397.0,0,0.0,85089138.75
2025-07-31 03:20:02 PM,397.0,75,29775.0,85118913.75
2025-07-31 03:20:03 PM,397.05,0,0.0,85118913.75
2025-07-31 03:20:04 PM,397.05,75,29778.75,85148692.5
2025-07-31 03:20:14 PM,399.25,0,0.0,85148692.5
2025-07-31 03:20:15 PM,399.25,75,29943.75,85178636.25
2025-07-31 03:20:21 PM,399.35,0,0.0,85178636.25
2025-07-31 03:20:22 PM,399.35,75,29951.25,85208587.5
2025-07-31 03:20:24 PM,399.95,0,0.0,85208587.5
2025-07-31 03:20:24 PM,399.95,75,29996.25,85238583.75
2025-07-31 03:20:41 PM,398.6,0,0.0,85238583.75
2025-07-31 03:20:42 PM,398.6,75,29895.0,85268478.75
2025-07-31 03:21:25 PM,395.35,0,0.0,85268478.75
2025-07-31 03:21:25 PM,395.35,225,88953.75,85357432.5
2025-07-31 03:22:53 PM,395.35,225,88953.75,85446386.25
2025-07-31 03:23:22 PM,396.4,0,0.0,85446386.25
2025-07-31 03:23:23 PM,396.4,300,118920.0,85565306.25
2025-07-31 03:24:03 PM,396.05,0,0.0,85565306.25
2025-07-31 03:24:05 PM,396.05,525,207926.25,85773232.5
2025-07-31 03:24:05 PM,395.95,0,0.0,85773232.5
2025-07-31 03:24:06 PM,395.95,450,178177.5,85951410.0
2025-07-31 03:24:09 PM,395.3,0,0.0,85951410.0
2025-07-31 03:24:10 PM,392.35,0,0.0,85951410.0
2025-07-31 03:24:10 PM,392.35,6450,2530657.5,88482067.5
2025-07-31 03:24:15 PM,396.0,150,59400.0,88541467.5
2025-07-31 03:26:11 PM,401.3,0,0.0,88541467.5
2025-07-31 03:26:12 PM,401.3,75,30097.5,88571565.0
2025-07-31 03:26:29 PM,399.45,0,0.0,88571565.0
2025-07-31 03:26:29 PM,399.45,75,29958.75,88601523.75
2025-07-31 03:26:48 PM,399.0,0,0.0,88601523.75
2025-07-31 03:26:49 PM,399.0,75,29925.0,88631448.75
2025-07-31 03:26:56 PM,398.05,0,0.0,88631448.75
2025-07-31 03:26:57 PM,398.05,75,29853.75,88661302.5
2025-07-31 03:27:30 PM,398.05,75,29853.75,88691156.25
2025-07-31 03:27:31 PM,397.75,0,0.0,88691156.25
2025-07-31 03:27:31 PM,397.75,75,29831.25,88720987.5
2025-07-31 03:27:38 PM,397.95,0,0.0,88720987.5
2025-07-31 03:27:38 PM,397.95,75,29846.25,88750833.75
2025-07-31 03:27:52 PM,397.75,0,0.0,88750833.75
2025-07-31 03:27:52 PM,397.75,150,59662.5,88810496.25
2025-07-31 03:27:55 PM,397.65,0,0.0,88810496.25
2025-07-31 03:27:56 PM,397.65,75,29823.75,88840320.0
2025-07-31 03:27:57 PM,397.65,75,29823.75,88870143.75
2025-07-31 03:28:00 PM,396.6,0,0.0,88870143.75
2025-07-31 03:28:01 PM,396.6,75,29745.0,88899888.75
2025-07-31 03:28:07 PM,397.0,0,0.0,88899888.75
2025-07-31 03:28:07 PM,397.0,150,59550.0,88959438.75
2025-07-31 03:28:19 PM,396.3,0,0.0,88959438.75
2025-07-31 03:28:20 PM,396.3,825,326947.5,89286386.25
2025-07-31 03:28:36 PM,396.05,0,0.0,89286386.25
2025-07-31 03:28:37 PM,396.05,75,29703.75,89316090.0
2025-07-31 03:29:00 PM,395.05,0,0.0,89316090.0
2025-07-31 03:29:00 PM,395.05,75,29628.75,89345718.75
2025-07-31 03:29:02 PM,393.9,0,0.0,89345718.75
2025-07-31 03:29:02 PM,393.9,75,29542.5,89375261.25
2025-07-31 03:29:11 PM,393.75,0,0.0,89375261.25
2025-07-31 03:29:12 PM,393.75,150,59062.5,89434323.75
2025-07-31 03:29:19 PM,392.95,0,0.0,89434323.75
2025-07-31 03:29:19 PM,392.95,75,29471.25,89463795.0
2025-07-31 03:29:31 PM,394.4,0,0.0,89463795.0
2025-07-31 03:29:32 PM,394.4,75,29580.0,89493375.0
2025-07-31 03:29:47 PM,396.25,0,0.0,89493375.0
2025-07-31 03:29:47 PM,396.25,600,237750.0,89731125.0
