date,price,qty,trnvr,cum_trnvr
2025-07-31 09:15:00 AM,111.95,1275,142736.25,142736.25
2025-07-31 09:15:00 AM,111.9,0,0.0,142736.25
2025-07-31 09:15:01 AM,112.2,0,0.0,142736.25
2025-07-31 09:15:01 AM,116.3,0,0.0,142736.25
2025-07-31 09:15:01 AM,117.5,14025,1647937.5,1790673.75
2025-07-31 09:15:02 AM,116.25,750,87187.5,1877861.25
2025-07-31 09:15:02 AM,118.8,0,0.0,1877861.25
2025-07-31 09:15:02 AM,126.95,0,0.0,1877861.25
2025-07-31 09:15:03 AM,124.25,26850,3336112.5,5213973.75
2025-07-31 09:15:03 AM,123.45,225,27776.25,5241750.0
2025-07-31 09:15:03 AM,126.2,0,0.0,5241750.0
2025-07-31 09:15:03 AM,125.7,0,0.0,5241750.0
2025-07-31 09:15:04 AM,119.4,0,0.0,5241750.0
2025-07-31 09:15:04 AM,126.7,0,0.0,5241750.0
2025-07-31 09:15:04 AM,125.95,29025,3655698.75,8897448.75
2025-07-31 09:15:05 AM,126.4,1425,180120.0,9077568.75
2025-07-31 09:15:05 AM,120.15,0,0.0,9077568.75
2025-07-31 09:15:05 AM,119.9,0,0.0,9077568.75
2025-07-31 09:15:06 AM,116.65,21750,2537137.5,11614706.25
2025-07-31 09:15:06 AM,116.6,0,0.0,11614706.25
2025-07-31 09:15:06 AM,119.4,1650,197010.0,11811716.25
2025-07-31 09:15:06 AM,118.7,0,0.0,11811716.25
2025-07-31 09:15:07 AM,121.4,0,0.0,11811716.25
2025-07-31 09:15:07 AM,118.15,0,0.0,11811716.25
2025-07-31 09:15:08 AM,118.55,32400,3841020.0,15652736.25
2025-07-31 09:15:08 AM,122.15,0,0.0,15652736.25
2025-07-31 09:15:08 AM,121.5,0,0.0,15652736.25
2025-07-31 09:15:09 AM,122.85,0,0.0,15652736.25
2025-07-31 09:15:09 AM,120.2,0,0.0,15652736.25
2025-07-31 09:15:09 AM,119.95,30750,3688462.5,19341198.75
2025-07-31 09:15:10 AM,120.65,600,72390.0,19413588.75
2025-07-31 09:15:10 AM,117.85,0,0.0,19413588.75
2025-07-31 09:15:10 AM,119.1,0,0.0,19413588.75
2025-07-31 09:15:11 AM,114.05,29475,3361623.75,22775212.5
2025-07-31 09:15:11 AM,115.7,0,0.0,22775212.5
2025-07-31 09:15:11 AM,115.45,4350,502207.5,23277420.0
2025-07-31 09:15:11 AM,112.5,0,0.0,23277420.0
2025-07-31 09:15:12 AM,110.55,0,0.0,23277420.0
2025-07-31 09:15:12 AM,114.5,0,0.0,23277420.0
2025-07-31 09:15:13 AM,109.3,30075,3287197.5,26564617.5
2025-07-31 09:15:13 AM,110.7,0,0.0,26564617.5
2025-07-31 09:15:13 AM,110.7,225,24907.5,26589525.0
2025-07-31 09:15:14 AM,111.3,0,0.0,26589525.0
2025-07-31 09:15:14 AM,112.1,0,0.0,26589525.0
2025-07-31 09:15:14 AM,110.6,0,0.0,26589525.0
2025-07-31 09:15:14 AM,111.4,12600,1403640.0,27993165.0
2025-07-31 09:15:15 AM,112.0,0,0.0,27993165.0
2025-07-31 09:15:16 AM,113.8,0,0.0,27993165.0
2025-07-31 09:15:16 AM,114.8,9750,1119300.0,29112465.0
2025-07-31 09:15:16 AM,116.6,0,0.0,29112465.0
2025-07-31 09:15:16 AM,115.85,225,26066.25,29138531.25
2025-07-31 09:15:16 AM,115.9,0,0.0,29138531.25
2025-07-31 09:15:17 AM,114.2,0,0.0,29138531.25
2025-07-31 09:15:17 AM,115.15,0,0.0,29138531.25
2025-07-31 09:15:18 AM,112.7,20100,2265270.0,31403801.25
2025-07-31 09:15:18 AM,113.8,225,25605.0,31429406.25
2025-07-31 09:15:18 AM,114.9,0,0.0,31429406.25
2025-07-31 09:15:19 AM,114.1,0,0.0,31429406.25
2025-07-31 09:15:19 AM,114.25,0,0.0,31429406.25
2025-07-31 09:15:19 AM,113.7,11400,1296180.0,32725586.25
2025-07-31 09:15:20 AM,112.6,0,0.0,32725586.25
2025-07-31 09:15:21 AM,112.75,0,0.0,32725586.25
2025-07-31 09:15:21 AM,113.15,14625,1654818.75,34380405.0
2025-07-31 09:15:21 AM,112.7,150,16905.0,34397310.0
2025-07-31 09:15:21 AM,113.2,0,0.0,34397310.0
2025-07-31 09:15:21 AM,112.15,0,0.0,34397310.0
2025-07-31 09:15:22 AM,112.7,0,0.0,34397310.0
2025-07-31 09:15:22 AM,112.25,15750,1767937.5,36165247.5
2025-07-31 09:15:23 AM,113.2,0,0.0,36165247.5
2025-07-31 09:15:23 AM,113.2,75,8490.0,36173737.5
2025-07-31 09:15:23 AM,113.0,0,0.0,36173737.5
2025-07-31 09:15:23 AM,112.75,0,0.0,36173737.5
2025-07-31 09:15:24 AM,113.15,0,0.0,36173737.5
2025-07-31 09:15:24 AM,112.25,12225,1372256.25,37545993.75
2025-07-31 09:15:24 AM,112.0,750,84000.0,37629993.75
2025-07-31 09:15:25 AM,112.3,0,0.0,37629993.75
2025-07-31 09:15:25 AM,112.95,0,0.0,37629993.75
2025-07-31 09:15:25 AM,113.9,0,0.0,37629993.75
2025-07-31 09:15:26 AM,112.9,28950,3268455.0,40898448.75
2025-07-31 09:15:26 AM,112.9,300,33870.0,40932318.75
2025-07-31 09:15:26 AM,112.75,0,0.0,40932318.75
2025-07-31 09:15:26 AM,112.5,0,0.0,40932318.75
2025-07-31 09:15:27 AM,112.45,0,0.0,40932318.75
2025-07-31 09:15:27 AM,113.05,14100,1594005.0,42526323.75
2025-07-31 09:15:28 AM,112.6,375,42225.0,42568548.75
2025-07-31 09:15:28 AM,112.25,0,0.0,42568548.75
2025-07-31 09:15:28 AM,112.1,0,0.0,42568548.75
2025-07-31 09:15:29 AM,112.0,0,0.0,42568548.75
2025-07-31 09:15:29 AM,111.85,11100,1241535.0,43810083.75
2025-07-31 09:15:29 AM,112.15,0,0.0,43810083.75
2025-07-31 09:15:30 AM,113.15,0,0.0,43810083.75
2025-07-31 09:15:31 AM,112.85,0,0.0,43810083.75
2025-07-31 09:15:31 AM,112.5,11175,1257187.5,45067271.25
2025-07-31 09:15:31 AM,113.15,0,0.0,45067271.25
2025-07-31 09:15:31 AM,112.25,0,0.0,45067271.25
2025-07-31 09:15:32 AM,113.45,0,0.0,45067271.25
2025-07-31 09:15:32 AM,113.15,20250,2291287.5,47358558.75
2025-07-31 09:15:32 AM,113.5,0,0.0,47358558.75
2025-07-31 09:15:32 AM,113.5,1050,119175.0,47477733.75
2025-07-31 09:15:33 AM,114.45,0,0.0,47477733.75
2025-07-31 09:15:34 AM,116.85,0,0.0,47477733.75
2025-07-31 09:15:34 AM,116.6,15450,1801470.0,49279203.75
2025-07-31 09:15:34 AM,115.65,0,0.0,49279203.75
2025-07-31 09:15:35 AM,115.45,0,0.0,49279203.75
2025-07-31 09:15:35 AM,115.75,0,0.0,49279203.75
2025-07-31 09:15:36 AM,115.85,18075,2093988.75,51373192.5
2025-07-31 09:15:36 AM,115.15,675,77726.25,51450918.75
2025-07-31 09:15:36 AM,115.1,0,0.0,51450918.75
2025-07-31 09:15:36 AM,115.15,0,0.0,51450918.75
2025-07-31 09:15:37 AM,115.65,0,0.0,51450918.75
2025-07-31 09:15:37 AM,115.85,17550,2033167.5,53484086.25
2025-07-31 09:15:37 AM,114.85,825,94751.25,53578837.5
2025-07-31 09:15:38 AM,115.05,0,0.0,53578837.5
2025-07-31 09:15:38 AM,115.5,0,0.0,53578837.5
2025-07-31 09:15:38 AM,115.15,0,0.0,53578837.5
2025-07-31 09:15:39 AM,115.6,23625,2731050.0,56309887.5
2025-07-31 09:15:39 AM,114.75,0,0.0,56309887.5
2025-07-31 09:15:40 AM,114.85,0,0.0,56309887.5
2025-07-31 09:15:40 AM,115.65,0,0.0,56309887.5
2025-07-31 09:15:40 AM,116.15,0,0.0,56309887.5
2025-07-31 09:15:41 AM,116.15,18300,2125545.0,58435432.5
2025-07-31 09:15:41 AM,116.25,0,0.0,58435432.5
2025-07-31 09:15:42 AM,116.3,0,0.0,58435432.5
2025-07-31 09:15:42 AM,115.95,7125,826143.75,59261576.25
2025-07-31 09:15:43 AM,115.75,0,0.0,59261576.25
2025-07-31 09:15:43 AM,115.65,0,0.0,59261576.25
2025-07-31 09:15:43 AM,116.95,0,0.0,59261576.25
2025-07-31 09:15:44 AM,117.05,9150,1071007.5,60332583.75
2025-07-31 09:15:44 AM,117.1,75,8782.5,60341366.25
2025-07-31 09:15:44 AM,116.4,0,0.0,60341366.25
2025-07-31 09:15:45 AM,116.95,0,0.0,60341366.25
2025-07-31 09:15:45 AM,116.9,0,0.0,60341366.25
2025-07-31 09:15:45 AM,117.0,13575,1588275.0,61929641.25
2025-07-31 09:15:46 AM,116.95,0,0.0,61929641.25
2025-07-31 09:15:47 AM,116.55,0,0.0,61929641.25
2025-07-31 09:15:47 AM,116.9,0,0.0,61929641.25
2025-07-31 09:15:47 AM,116.9,9600,1122240.0,63051881.25
2025-07-31 09:15:47 AM,116.75,75,8756.25,63060637.5
2025-07-31 09:15:47 AM,116.6,0,0.0,63060637.5
2025-07-31 09:15:48 AM,115.6,0,0.0,63060637.5
2025-07-31 09:15:49 AM,114.6,0,0.0,63060637.5
2025-07-31 09:15:49 AM,114.6,15150,1736190.0,64796827.5
2025-07-31 09:15:49 AM,115.05,0,0.0,64796827.5
2025-07-31 09:15:49 AM,115.15,0,0.0,64796827.5
2025-07-31 09:15:50 AM,114.45,0,0.0,64796827.5
2025-07-31 09:15:50 AM,114.1,12525,1429102.5,66225930.0
2025-07-31 09:15:50 AM,114.45,300,34335.0,66260265.0
2025-07-31 09:15:50 AM,114.2,0,0.0,66260265.0
2025-07-31 09:15:51 AM,115.55,0,0.0,66260265.0
2025-07-31 09:15:52 AM,114.9,8025,922072.5,67182337.5
2025-07-31 09:15:52 AM,115.55,0,0.0,67182337.5
2025-07-31 09:15:52 AM,115.0,0,0.0,67182337.5
2025-07-31 09:15:53 AM,114.05,0,0.0,67182337.5
2025-07-31 09:15:53 AM,114.15,6375,727706.25,67910043.75
2025-07-31 09:15:54 AM,113.85,0,0.0,67910043.75
2025-07-31 09:15:54 AM,114.5,0,0.0,67910043.75
2025-07-31 09:15:55 AM,114.45,4350,497857.5,68407901.25
2025-07-31 09:15:55 AM,114.1,75,8557.5,68416458.75
2025-07-31 09:15:55 AM,114.15,0,0.0,68416458.75
2025-07-31 09:15:56 AM,113.55,0,0.0,68416458.75
2025-07-31 09:15:57 AM,114.3,0,0.0,68416458.75
2025-07-31 09:15:57 AM,114.3,1875,214312.5,68630771.25
2025-07-31 09:15:57 AM,114.7,0,0.0,68630771.25
2025-07-31 09:15:57 AM,114.9,0,0.0,68630771.25
2025-07-31 09:15:58 AM,115.4,0,0.0,68630771.25
2025-07-31 09:15:58 AM,115.4,6975,804915.0,69435686.25
2025-07-31 09:15:59 AM,115.0,0,0.0,69435686.25
2025-07-31 09:15:59 AM,115.45,0,0.0,69435686.25
2025-07-31 09:15:59 AM,115.95,0,0.0,69435686.25
2025-07-31 09:16:00 AM,115.5,8100,935550.0,70371236.25
2025-07-31 09:16:00 AM,115.95,75,8696.25,70379932.5
2025-07-31 09:16:00 AM,116.35,0,0.0,70379932.5
2025-07-31 09:16:00 AM,116.5,0,0.0,70379932.5
2025-07-31 09:16:01 AM,116.75,0,0.0,70379932.5
2025-07-31 09:16:01 AM,116.55,6600,769230.0,71149162.5
2025-07-31 09:16:02 AM,116.25,0,0.0,71149162.5
2025-07-31 09:16:02 AM,116.9,0,0.0,71149162.5
2025-07-31 09:16:02 AM,116.75,0,0.0,71149162.5
2025-07-31 09:16:03 AM,118.25,0,0.0,71149162.5
2025-07-31 09:16:03 AM,118.25,7050,833662.5,71982825.0
2025-07-31 09:16:03 AM,118.4,150,17760.0,72000585.0
2025-07-31 09:16:03 AM,118.85,0,0.0,72000585.0
2025-07-31 09:16:04 AM,119.1,0,0.0,72000585.0
2025-07-31 09:16:05 AM,119.55,4725,564873.75,72565458.75
2025-07-31 09:16:05 AM,119.3,225,26842.5,72592301.25
2025-07-31 09:16:05 AM,118.55,0,0.0,72592301.25
2025-07-31 09:16:05 AM,120.0,0,0.0,72592301.25
2025-07-31 09:16:06 AM,122.4,0,0.0,72592301.25
2025-07-31 09:16:06 AM,122.75,11625,1426968.75,74019270.0
2025-07-31 09:16:06 AM,122.25,75,9168.75,74028438.75
2025-07-31 09:16:07 AM,122.05,0,0.0,74028438.75
2025-07-31 09:16:07 AM,122.15,0,0.0,74028438.75
2025-07-31 09:16:08 AM,123.25,0,0.0,74028438.75
2025-07-31 09:16:08 AM,122.6,5100,625260.0,74653698.75
2025-07-31 09:16:08 AM,122.6,75,9195.0,74662893.75
2025-07-31 09:16:08 AM,123.1,0,0.0,74662893.75
2025-07-31 09:16:09 AM,123.9,0,0.0,74662893.75
2025-07-31 09:16:09 AM,124.5,0,0.0,74662893.75
2025-07-31 09:16:09 AM,124.5,6600,821700.0,75484593.75
2025-07-31 09:16:09 AM,125.0,1875,234375.0,75718968.75
2025-07-31 09:16:10 AM,124.75,0,0.0,75718968.75
2025-07-31 09:16:11 AM,124.85,0,0.0,75718968.75
2025-07-31 09:16:11 AM,124.25,0,0.0,75718968.75
2025-07-31 09:16:11 AM,124.5,12600,1568700.0,77287668.75
2025-07-31 09:16:11 AM,124.25,375,46593.75,77334262.5
2025-07-31 09:16:12 AM,125.4,0,0.0,77334262.5
2025-07-31 09:16:12 AM,126.0,0,0.0,77334262.5
2025-07-31 09:16:12 AM,126.3,0,0.0,77334262.5
2025-07-31 09:16:13 AM,125.45,6975,875013.75,78209276.25
2025-07-31 09:16:13 AM,125.4,450,56430.0,78265706.25
2025-07-31 09:16:13 AM,125.2,0,0.0,78265706.25
2025-07-31 09:16:13 AM,126.4,0,0.0,78265706.25
2025-07-31 09:16:14 AM,126.45,0,0.0,78265706.25
2025-07-31 09:16:14 AM,127.0,10575,1343025.0,79608731.25
2025-07-31 09:16:14 AM,126.55,150,18982.5,79627713.75
2025-07-31 09:16:14 AM,126.7,0,0.0,79627713.75
2025-07-31 09:16:15 AM,126.3,0,0.0,79627713.75
2025-07-31 09:16:16 AM,125.15,0,0.0,79627713.75
2025-07-31 09:16:16 AM,125.95,7725,972963.75,80600677.5
2025-07-31 09:16:16 AM,126.7,0,0.0,80600677.5
2025-07-31 09:16:16 AM,126.0,0,0.0,80600677.5
2025-07-31 09:16:17 AM,126.8,0,0.0,80600677.5
2025-07-31 09:16:17 AM,126.45,0,0.0,80600677.5
2025-07-31 09:16:17 AM,126.5,5400,683100.0,81283777.5
2025-07-31 09:16:18 AM,125.45,0,0.0,81283777.5
2025-07-31 09:16:18 AM,125.55,0,0.0,81283777.5
2025-07-31 09:16:19 AM,126.0,6450,812700.0,82096477.5
2025-07-31 09:16:19 AM,126.0,225,28350.0,82124827.5
2025-07-31 09:16:19 AM,125.65,0,0.0,82124827.5
2025-07-31 09:16:20 AM,124.25,0,0.0,82124827.5
2025-07-31 09:16:21 AM,126.3,0,0.0,82124827.5
2025-07-31 09:16:21 AM,126.3,10500,1326150.0,83450977.5
2025-07-31 09:16:21 AM,127.2,0,0.0,83450977.5
2025-07-31 09:16:21 AM,127.8,0,0.0,83450977.5
2025-07-31 09:16:22 AM,127.8,8700,1111860.0,84562837.5
2025-07-31 09:16:22 AM,127.1,450,57195.0,84620032.5
2025-07-31 09:16:22 AM,126.95,0,0.0,84620032.5
2025-07-31 09:16:23 AM,127.15,0,0.0,84620032.5
2025-07-31 09:16:23 AM,126.15,0,0.0,84620032.5
2025-07-31 09:16:24 AM,126.75,4050,513337.5,85133370.0
2025-07-31 09:16:24 AM,126.8,1875,237750.0,85371120.0
2025-07-31 09:16:24 AM,127.05,0,0.0,85371120.0
2025-07-31 09:16:25 AM,127.5,0,0.0,85371120.0
2025-07-31 09:16:25 AM,128.45,0,0.0,85371120.0
2025-07-31 09:16:25 AM,127.65,0,0.0,85371120.0
2025-07-31 09:16:25 AM,127.85,7950,1016407.5,86387527.5
2025-07-31 09:16:26 AM,128.2,0,0.0,86387527.5
2025-07-31 09:16:27 AM,128.25,0,0.0,86387527.5
2025-07-31 09:16:27 AM,128.4,4500,577800.0,86965327.5
2025-07-31 09:16:27 AM,127.8,225,28755.0,86994082.5
2025-07-31 09:16:27 AM,128.65,0,0.0,86994082.5
2025-07-31 09:16:27 AM,127.5,0,0.0,86994082.5
2025-07-31 09:16:28 AM,127.45,0,0.0,86994082.5
2025-07-31 09:16:28 AM,127.55,0,0.0,86994082.5
2025-07-31 09:16:29 AM,127.65,19425,2479601.25,89473683.75
2025-07-31 09:16:29 AM,126.8,825,104610.0,89578293.75
2025-07-31 09:16:29 AM,127.8,0,0.0,89578293.75
2025-07-31 09:16:29 AM,127.65,0,0.0,89578293.75
2025-07-31 09:16:30 AM,126.55,0,0.0,89578293.75
2025-07-31 09:16:30 AM,126.65,9975,1263333.75,90841627.5
2025-07-31 09:16:30 AM,126.85,600,76110.0,90917737.5
2025-07-31 09:16:30 AM,126.6,0,0.0,90917737.5
2025-07-31 09:16:31 AM,126.55,0,0.0,90917737.5
2025-07-31 09:16:32 AM,126.0,0,0.0,90917737.5
2025-07-31 09:16:32 AM,125.6,13050,1639080.0,92556817.5
2025-07-31 09:16:32 AM,125.95,675,85016.25,92641833.75
2025-07-31 09:16:32 AM,126.0,0,0.0,92641833.75
2025-07-31 09:16:32 AM,125.15,0,0.0,92641833.75
2025-07-31 09:16:33 AM,123.8,0,0.0,92641833.75
2025-07-31 09:16:33 AM,122.3,0,0.0,92641833.75
2025-07-31 09:16:33 AM,122.3,31275,3824932.5,96466766.25
2025-07-31 09:16:33 AM,122.35,750,91762.5,96558528.75
2025-07-31 09:16:34 AM,123.0,0,0.0,96558528.75
2025-07-31 09:16:34 AM,124.95,0,0.0,96558528.75
2025-07-31 09:16:35 AM,125.9,16125,2030137.5,98588666.25
2025-07-31 09:16:35 AM,126.05,225,28361.25,98617027.5
2025-07-31 09:16:35 AM,126.15,0,0.0,98617027.5
2025-07-31 09:16:35 AM,126.05,0,0.0,98617027.5
2025-07-31 09:16:36 AM,126.5,0,0.0,98617027.5
2025-07-31 09:16:36 AM,127.3,0,0.0,98617027.5
2025-07-31 09:16:37 AM,126.55,4650,588457.5,99205485.0
2025-07-31 09:16:37 AM,126.45,75,9483.75,99214968.75
2025-07-31 09:16:37 AM,126.8,0,0.0,99214968.75
2025-07-31 09:16:38 AM,126.5,0,0.0,99214968.75
2025-07-31 09:16:38 AM,126.85,0,0.0,99214968.75
2025-07-31 09:16:38 AM,126.55,2400,303720.0,99518688.75
2025-07-31 09:16:38 AM,126.35,0,0.0,99518688.75
2025-07-31 09:16:39 AM,126.1,0,0.0,99518688.75
2025-07-31 09:16:39 AM,126.45,0,0.0,99518688.75
2025-07-31 09:16:40 AM,125.85,4725,594641.25,100113330.0
2025-07-31 09:16:40 AM,125.8,450,56610.0,100169940.0
2025-07-31 09:16:40 AM,125.05,0,0.0,100169940.0
2025-07-31 09:16:41 AM,125.3,0,0.0,100169940.0
2025-07-31 09:16:41 AM,125.6,0,0.0,100169940.0
2025-07-31 09:16:41 AM,125.6,6075,763020.0,100932960.0
2025-07-31 09:16:41 AM,125.8,75,9435.0,100942395.0
2025-07-31 09:16:41 AM,125.5,0,0.0,100942395.0
2025-07-31 09:16:42 AM,125.2,0,0.0,100942395.0
2025-07-31 09:16:42 AM,125.6,0,0.0,100942395.0
2025-07-31 09:16:43 AM,125.05,8325,1041041.25,101983436.25
2025-07-31 09:16:43 AM,125.2,375,46950.0,102030386.25
2025-07-31 09:16:43 AM,124.95,0,0.0,102030386.25
2025-07-31 09:16:44 AM,124.65,0,0.0,102030386.25
2025-07-31 09:16:44 AM,124.55,0,0.0,102030386.25
2025-07-31 09:16:44 AM,124.6,0,0.0,102030386.25
2025-07-31 09:16:44 AM,124.6,15300,1906380.0,103936766.25
2025-07-31 09:16:44 AM,125.25,300,37575.0,103974341.25
2025-07-31 09:16:45 AM,126.8,0,0.0,103974341.25
2025-07-31 09:16:46 AM,126.15,0,0.0,103974341.25
2025-07-31 09:16:46 AM,126.45,0,0.0,103974341.25
2025-07-31 09:16:46 AM,126.1,3750,472875.0,104447216.25
2025-07-31 09:16:46 AM,125.85,75,9438.75,104456655.0
2025-07-31 09:16:46 AM,125.7,0,0.0,104456655.0
2025-07-31 09:16:47 AM,126.05,0,0.0,104456655.0
2025-07-31 09:16:47 AM,126.5,0,0.0,104456655.0
2025-07-31 09:16:48 AM,127.5,5025,640687.5,105097342.5
2025-07-31 09:16:48 AM,127.25,0,0.0,105097342.5
2025-07-31 09:16:49 AM,128.0,0,0.0,105097342.5
2025-07-31 09:16:49 AM,128.45,0,0.0,105097342.5
2025-07-31 09:16:49 AM,128.75,5775,743531.25,105840873.75
2025-07-31 09:16:49 AM,128.35,1050,134767.5,105975641.25
2025-07-31 09:16:49 AM,128.45,0,0.0,105975641.25
2025-07-31 09:16:50 AM,128.15,0,0.0,105975641.25
2025-07-31 09:16:51 AM,127.85,0,0.0,105975641.25
2025-07-31 09:16:51 AM,127.45,10125,1290431.25,107266072.5
2025-07-31 09:16:51 AM,128.0,225,28800.0,107294872.5
2025-07-31 09:16:51 AM,127.05,0,0.0,107294872.5
2025-07-31 09:16:52 AM,127.3,0,0.0,107294872.5
2025-07-31 09:16:52 AM,126.55,2400,303720.0,107598592.5
2025-07-31 09:16:52 AM,126.7,75,9502.5,107608095.0
2025-07-31 09:16:53 AM,127.2,0,0.0,107608095.0
2025-07-31 09:16:53 AM,126.95,0,0.0,107608095.0
2025-07-31 09:16:53 AM,127.55,0,0.0,107608095.0
2025-07-31 09:16:54 AM,127.4,0,0.0,107608095.0
2025-07-31 09:16:54 AM,127.4,2325,296205.0,107904300.0
2025-07-31 09:16:54 AM,127.75,1350,172462.5,108076762.5
2025-07-31 09:16:54 AM,127.55,0,0.0,108076762.5
2025-07-31 09:16:55 AM,127.75,0,0.0,108076762.5
2025-07-31 09:16:56 AM,127.65,0,0.0,108076762.5
2025-07-31 09:16:56 AM,127.65,4500,574425.0,108651187.5
2025-07-31 09:16:56 AM,127.9,150,19185.0,108670372.5
2025-07-31 09:16:56 AM,128.2,0,0.0,108670372.5
2025-07-31 09:16:56 AM,127.75,0,0.0,108670372.5
2025-07-31 09:16:57 AM,127.95,0,0.0,108670372.5
2025-07-31 09:16:57 AM,127.9,5175,661882.5,109332255.0
2025-07-31 09:16:57 AM,128.65,1575,202623.75,109534878.75
2025-07-31 09:16:58 AM,128.15,0,0.0,109534878.75
2025-07-31 09:16:59 AM,127.9,0,0.0,109534878.75
2025-07-31 09:16:59 AM,127.9,2100,268590.0,109803468.75
2025-07-31 09:16:59 AM,127.7,75,9577.5,109813046.25
2025-07-31 09:16:59 AM,127.95,0,0.0,109813046.25
2025-07-31 09:16:59 AM,127.65,0,0.0,109813046.25
2025-07-31 09:17:00 AM,128.2,0,0.0,109813046.25
2025-07-31 09:17:00 AM,128.6,12150,1562490.0,111375536.25
2025-07-31 09:17:00 AM,128.65,75,9648.75,111385185.0
2025-07-31 09:17:01 AM,128.45,0,0.0,111385185.0
2025-07-31 09:17:01 AM,128.0,0,0.0,111385185.0
2025-07-31 09:17:01 AM,128.25,0,0.0,111385185.0
2025-07-31 09:17:02 AM,129.0,15900,2051100.0,113436285.0
2025-07-31 09:17:02 AM,128.5,225,28912.5,113465197.5
2025-07-31 09:17:03 AM,128.0,0,0.0,113465197.5
2025-07-31 09:17:03 AM,129.0,0,0.0,113465197.5
2025-07-31 09:17:03 AM,128.8,0,0.0,113465197.5
2025-07-31 09:17:04 AM,129.5,3750,485625.0,113950822.5
2025-07-31 09:17:04 AM,129.55,450,58297.50000000001,114009120.0
2025-07-31 09:17:05 AM,129.0,0,0.0,114009120.0
2025-07-31 09:17:05 AM,128.6,0,0.0,114009120.0
2025-07-31 09:17:05 AM,128.25,4950,634837.5,114643957.5
2025-07-31 09:17:05 AM,127.55,7425,947058.75,115591016.25
2025-07-31 09:17:05 AM,128.25,0,0.0,115591016.25
2025-07-31 09:17:06 AM,128.15,0,0.0,115591016.25
2025-07-31 09:17:06 AM,128.2,0,0.0,115591016.25
2025-07-31 09:17:07 AM,129.35,5175,669386.25,116260402.5
2025-07-31 09:17:07 AM,129.1,0,0.0,116260402.5
2025-07-31 09:17:08 AM,129.6,0,0.0,116260402.5
2025-07-31 09:17:08 AM,130.05,0,0.0,116260402.5
2025-07-31 09:17:08 AM,129.9,9825,1276267.5,117536670.0
2025-07-31 09:17:09 AM,130.05,75,9753.75,117546423.75
2025-07-31 09:17:09 AM,131.0,0,0.0,117546423.75
2025-07-31 09:17:09 AM,131.05,0,0.0,117546423.75
2025-07-31 09:17:10 AM,130.85,0,0.0,117546423.75
2025-07-31 09:17:10 AM,130.85,9600,1256160.0,118802583.75
2025-07-31 09:17:10 AM,131.6,3675,483630.0,119286213.75
2025-07-31 09:17:11 AM,132.1,0,0.0,119286213.75
2025-07-31 09:17:11 AM,131.2,0,0.0,119286213.75
2025-07-31 09:17:11 AM,131.7,0,0.0,119286213.75
2025-07-31 09:17:12 AM,131.65,10200,1342830.0,120629043.75
2025-07-31 09:17:12 AM,131.35,75,9851.25,120638895.0
2025-07-31 09:17:12 AM,131.0,0,0.0,120638895.0
2025-07-31 09:17:13 AM,130.85,0,0.0,120638895.0
2025-07-31 09:17:13 AM,131.95,0,0.0,120638895.0
2025-07-31 09:17:13 AM,130.75,25650,3353737.5,123992632.5
2025-07-31 09:17:13 AM,131.35,75,9851.25,124002483.75
2025-07-31 09:17:14 AM,132.2,0,0.0,124002483.75
2025-07-31 09:17:15 AM,132.0,0,0.0,124002483.75
2025-07-31 09:17:15 AM,132.5,11775,1560187.5,125562671.25
2025-07-31 09:17:15 AM,132.1,0,0.0,125562671.25
2025-07-31 09:17:16 AM,134.5,0,0.0,125562671.25
2025-07-31 09:17:16 AM,134.65,0,0.0,125562671.25
2025-07-31 09:17:16 AM,134.35,0,0.0,125562671.25
2025-07-31 09:17:16 AM,134.35,26100,3506535.0,129069206.25
2025-07-31 09:17:17 AM,133.75,225,30093.75,129099300.0
2025-07-31 09:17:17 AM,134.15,0,0.0,129099300.0
2025-07-31 09:17:17 AM,133.95,0,0.0,129099300.0
2025-07-31 09:17:18 AM,133.55,11850,1582567.5000000002,130681867.5
2025-07-31 09:17:18 AM,133.85,75,10038.75,130691906.25
2025-07-31 09:17:18 AM,134.2,0,0.0,130691906.25
2025-07-31 09:17:18 AM,134.35,0,0.0,130691906.25
2025-07-31 09:17:19 AM,134.75,0,0.0,130691906.25
2025-07-31 09:17:20 AM,135.4,0,0.0,130691906.25
2025-07-31 09:17:20 AM,135.35,6450,873007.5,131564913.75
2025-07-31 09:17:20 AM,135.5,1725,233737.5,131798651.25
2025-07-31 09:17:20 AM,136.55,0,0.0,131798651.25
2025-07-31 09:17:20 AM,136.95,0,0.0,131798651.25
2025-07-31 09:17:21 AM,137.3,0,0.0,131798651.25
2025-07-31 09:17:21 AM,137.6,6300,866880.0,132665531.25
2025-07-31 09:17:21 AM,137.7,450,61964.99999999999,132727496.25
2025-07-31 09:17:21 AM,138.3,0,0.0,132727496.25
2025-07-31 09:17:22 AM,138.55,0,0.0,132727496.25
2025-07-31 09:17:23 AM,138.75,0,0.0,132727496.25
2025-07-31 09:17:23 AM,137.75,34050,4690387.5,137417883.75
2025-07-31 09:17:23 AM,137.45,375,51543.74999999999,137469427.5
2025-07-31 09:17:23 AM,138.15,0,0.0,137469427.5
2025-07-31 09:17:23 AM,138.9,0,0.0,137469427.5
2025-07-31 09:17:24 AM,138.75,0,0.0,137469427.5
2025-07-31 09:17:24 AM,139.2,0,0.0,137469427.5
2025-07-31 09:17:24 AM,139.2,7125,991799.9999999999,138461227.5
2025-07-31 09:17:25 AM,138.9,75,10417.5,138471645.0
2025-07-31 09:17:25 AM,138.4,0,0.0,138471645.0
2025-07-31 09:17:26 AM,137.65,0,0.0,138471645.0
2025-07-31 09:17:26 AM,138.3,9675,1338052.5,139809697.5
2025-07-31 09:17:26 AM,137.7,1200,165240.0,139974937.5
2025-07-31 09:17:26 AM,137.5,0,0.0,139974937.5
2025-07-31 09:17:27 AM,136.95,0,0.0,139974937.5
2025-07-31 09:17:27 AM,135.6,0,0.0,139974937.5
2025-07-31 09:17:28 AM,135.9,10500,1426950.0,141401887.5
2025-07-31 09:17:28 AM,136.55,150,20482.5,141422370.0
2025-07-31 09:17:28 AM,137.05,0,0.0,141422370.0
2025-07-31 09:17:29 AM,136.4,0,0.0,141422370.0
2025-07-31 09:17:29 AM,136.2,0,0.0,141422370.0
2025-07-31 09:17:29 AM,136.95,0,0.0,141422370.0
2025-07-31 09:17:29 AM,136.55,11775,1607876.2500000002,143030246.25
2025-07-31 09:17:30 AM,136.6,0,0.0,143030246.25
2025-07-31 09:17:31 AM,136.55,0,0.0,143030246.25
2025-07-31 09:17:31 AM,137.3,0,0.0,143030246.25
2025-07-31 09:17:31 AM,137.7,12750,1755674.9999999998,144785921.25
2025-07-31 09:17:31 AM,136.55,150,20482.5,144806403.75
2025-07-31 09:17:32 AM,136.45,0,0.0,144806403.75
2025-07-31 09:17:32 AM,137.15,0,0.0,144806403.75
2025-07-31 09:17:32 AM,137.75,0,0.0,144806403.75
2025-07-31 09:17:33 AM,137.0,6450,883650.0,145690053.75
2025-07-31 09:17:33 AM,137.05,600,82230.0,145772283.75
2025-07-31 09:17:33 AM,138.1,0,0.0,145772283.75
2025-07-31 09:17:33 AM,137.6,0,0.0,145772283.75
2025-07-31 09:17:34 AM,137.8,0,0.0,145772283.75
2025-07-31 09:17:34 AM,136.85,6750,923737.5,146696021.25
2025-07-31 09:17:34 AM,137.3,225,30892.500000000004,146726913.75
2025-07-31 09:17:35 AM,136.9,0,0.0,146726913.75
2025-07-31 09:17:35 AM,136.3,0,0.0,146726913.75
2025-07-31 09:17:35 AM,136.35,0,0.0,146726913.75
2025-07-31 09:17:36 AM,136.0,14625,1989000.0,148715913.75
2025-07-31 09:17:36 AM,135.35,450,60907.5,148776821.25
2025-07-31 09:17:36 AM,135.1,0,0.0,148776821.25
2025-07-31 09:17:37 AM,136.0,0,0.0,148776821.25
2025-07-31 09:17:37 AM,135.0,0,0.0,148776821.25
2025-07-31 09:17:37 AM,134.9,0,0.0,148776821.25
2025-07-31 09:17:37 AM,134.7,13650,1838654.9999999998,150615476.25
2025-07-31 09:17:38 AM,134.3,300,40290.0,150655766.25
2025-07-31 09:17:38 AM,134.65,0,0.0,150655766.25
2025-07-31 09:17:38 AM,135.5,0,0.0,150655766.25
2025-07-31 09:17:39 AM,135.45,0,0.0,150655766.25
2025-07-31 09:17:39 AM,135.7,10125,1373962.5,152029728.75
2025-07-31 09:17:40 AM,135.75,0,0.0,152029728.75
2025-07-31 09:17:40 AM,135.85,0,0.0,152029728.75
2025-07-31 09:17:41 AM,135.65,0,0.0,152029728.75
2025-07-31 09:17:41 AM,135.65,2850,386602.5,152416331.25
2025-07-31 09:17:41 AM,135.5,150,20325.0,152436656.25
2025-07-31 09:17:41 AM,135.7,0,0.0,152436656.25
2025-07-31 09:17:42 AM,134.55,0,0.0,152436656.25
2025-07-31 09:17:42 AM,134.45,11475,1542813.7499999998,153979470.0
2025-07-31 09:17:42 AM,134.0,300,40200.0,154019670.0
2025-07-31 09:17:43 AM,134.4,0,0.0,154019670.0
2025-07-31 09:17:43 AM,134.2,0,0.0,154019670.0
2025-07-31 09:17:44 AM,133.25,6750,899437.5,154919107.5
2025-07-31 09:17:44 AM,133.55,375,50081.25000000001,154969188.75
2025-07-31 09:17:45 AM,132.75,0,0.0,154969188.75
2025-07-31 09:17:45 AM,132.85,0,0.0,154969188.75
2025-07-31 09:17:45 AM,132.05,0,0.0,154969188.75
2025-07-31 09:17:46 AM,131.15,5025,659028.75,155628217.5
2025-07-31 09:17:46 AM,130.4,0,0.0,155628217.5
2025-07-31 09:17:47 AM,130.3,0,0.0,155628217.5
2025-07-31 09:17:47 AM,131.35,0,0.0,155628217.5
2025-07-31 09:17:47 AM,132.9,23250,3089925.0,158718142.5
2025-07-31 09:17:47 AM,132.0,7350,970200.0,159688342.5
2025-07-31 09:17:48 AM,132.7,0,0.0,159688342.5
2025-07-31 09:17:48 AM,131.75,0,0.0,159688342.5
2025-07-31 09:17:48 AM,131.6,0,0.0,159688342.5
2025-07-31 09:17:49 AM,131.55,10125,1331943.75,161020286.25
2025-07-31 09:17:49 AM,131.05,0,0.0,161020286.25
2025-07-31 09:17:49 AM,130.2,0,0.0,161020286.25
2025-07-31 09:17:50 AM,131.2,0,0.0,161020286.25
2025-07-31 09:17:50 AM,130.55,0,0.0,161020286.25
2025-07-31 09:17:51 AM,130.2,7650,996029.9999999999,162016316.25
2025-07-31 09:17:51 AM,130.35,75,9776.25,162026092.5
2025-07-31 09:17:51 AM,129.2,0,0.0,162026092.5
2025-07-31 09:17:52 AM,130.15,0,0.0,162026092.5
2025-07-31 09:17:52 AM,129.6,9525,1234440.0,163260532.5
2025-07-31 09:17:52 AM,129.85,0,0.0,163260532.5
2025-07-31 09:17:53 AM,128.85,0,0.0,163260532.5
2025-07-31 09:17:54 AM,130.05,0,0.0,163260532.5
2025-07-31 09:17:54 AM,129.8,13200,1713360.0000000002,164973892.5
2025-07-31 09:17:54 AM,129.9,150,19485.0,164993377.5
2025-07-31 09:17:54 AM,129.8,0,0.0,164993377.5
2025-07-31 09:17:54 AM,129.15,0,0.0,164993377.5
2025-07-31 09:17:55 AM,129.05,0,0.0,164993377.5
2025-07-31 09:17:55 AM,128.15,3450,442117.5,165435495.0
2025-07-31 09:17:55 AM,128.25,0,0.0,165435495.0
2025-07-31 09:17:56 AM,128.15,0,0.0,165435495.0
2025-07-31 09:17:57 AM,128.4,0,0.0,165435495.0
2025-07-31 09:17:57 AM,127.75,6150,785662.5,166221157.5
2025-07-31 09:17:57 AM,128.15,3600,461340.0,166682497.5
2025-07-31 09:17:57 AM,128.45,0,0.0,166682497.5
2025-07-31 09:17:57 AM,127.65,0,0.0,166682497.5
2025-07-31 09:17:58 AM,128.35,0,0.0,166682497.5
2025-07-31 09:17:58 AM,129.0,0,0.0,166682497.5
2025-07-31 09:17:59 AM,129.0,3750,483750.0,167166247.5
2025-07-31 09:17:59 AM,128.8,0,0.0,167166247.5
2025-07-31 09:18:00 AM,129.55,0,0.0,167166247.5
2025-07-31 09:18:00 AM,129.85,5325,691451.25,167857698.75
2025-07-31 09:18:00 AM,129.9,0,0.0,167857698.75
2025-07-31 09:18:00 AM,129.5,0,0.0,167857698.75
2025-07-31 09:18:01 AM,129.9,0,0.0,167857698.75
2025-07-31 09:18:01 AM,129.65,0,0.0,167857698.75
2025-07-31 09:18:02 AM,129.45,2325,300971.25,168158670.0
2025-07-31 09:18:03 AM,130.85,0,0.0,168158670.0
2025-07-31 09:18:03 AM,130.15,0,0.0,168158670.0
2025-07-31 09:18:03 AM,130.2,3600,468719.99999999994,168627390.0
2025-07-31 09:18:03 AM,129.6,225,29160.0,168656550.0
2025-07-31 09:18:04 AM,129.15,0,0.0,168656550.0
2025-07-31 09:18:04 AM,129.2,0,0.0,168656550.0
2025-07-31 09:18:05 AM,128.8,5025,647220.0,169303770.0
2025-07-31 09:18:05 AM,128.7,1200,154440.0,169458210.0
2025-07-31 09:18:05 AM,129.05,0,0.0,169458210.0
2025-07-31 09:18:06 AM,128.8,0,0.0,169458210.0
2025-07-31 09:18:06 AM,125.5,0,0.0,169458210.0
2025-07-31 09:18:06 AM,123.5,69450,8577075.0,178035285.0
2025-07-31 09:18:06 AM,122.8,2400,294720.0,178330005.0
2025-07-31 09:18:07 AM,122.65,0,0.0,178330005.0
2025-07-31 09:18:07 AM,124.3,0,0.0,178330005.0
2025-07-31 09:18:08 AM,122.45,29625,3627581.25,181957586.25
2025-07-31 09:18:08 AM,122.7,600,73620.0,182031206.25
2025-07-31 09:18:08 AM,122.45,0,0.0,182031206.25
2025-07-31 09:18:08 AM,122.5,0,0.0,182031206.25
2025-07-31 09:18:09 AM,122.45,0,0.0,182031206.25
2025-07-31 09:18:09 AM,123.05,0,0.0,182031206.25
2025-07-31 09:18:10 AM,122.25,14700,1797075.0,183828281.25
2025-07-31 09:18:10 AM,121.6,300,36480.0,183864761.25
2025-07-31 09:18:10 AM,121.35,0,0.0,183864761.25
2025-07-31 09:18:10 AM,121.55,0,0.0,183864761.25
2025-07-31 09:18:11 AM,120.8,12375,1494900.0,185359661.25
2025-07-31 09:18:11 AM,121.5,0,0.0,185359661.25
2025-07-31 09:18:12 AM,120.0,0,0.0,185359661.25
2025-07-31 09:18:13 AM,120.2,0,0.0,185359661.25
2025-07-31 09:18:13 AM,120.35,12450,1498357.5,186858018.75
2025-07-31 09:18:13 AM,121.45,3600,437220.0,187295238.75
2025-07-31 09:18:13 AM,121.6,0,0.0,187295238.75
2025-07-31 09:18:13 AM,121.25,0,0.0,187295238.75
2025-07-31 09:18:14 AM,121.75,0,0.0,187295238.75
2025-07-31 09:18:14 AM,121.75,6450,785287.5,188080526.25
2025-07-31 09:18:15 AM,121.5,0,0.0,188080526.25
2025-07-31 09:18:15 AM,121.8,0,0.0,188080526.25
2025-07-31 09:18:15 AM,122.4,0,0.0,188080526.25
2025-07-31 09:18:16 AM,123.3,9150,1128195.0,189208721.25
2025-07-31 09:18:16 AM,123.2,1275,157080.0,189365801.25
2025-07-31 09:18:16 AM,123.6,0,0.0,189365801.25
2025-07-31 09:18:17 AM,123.65,0,0.0,189365801.25
2025-07-31 09:18:17 AM,123.35,0,0.0,189365801.25
2025-07-31 09:18:17 AM,123.65,2175,268938.75,189634740.0
2025-07-31 09:18:18 AM,123.65,450,55642.5,189690382.5
2025-07-31 09:18:18 AM,124.2,0,0.0,189690382.5
2025-07-31 09:18:18 AM,124.65,0,0.0,189690382.5
2025-07-31 09:18:19 AM,125.1,1425,178267.5,189868650.0
2025-07-31 09:18:19 AM,126.1,0,0.0,189868650.0
2025-07-31 09:18:19 AM,126.1,525,66202.5,189934852.5
2025-07-31 09:18:19 AM,126.15,0,0.0,189934852.5
2025-07-31 09:18:20 AM,125.8,0,0.0,189934852.5
2025-07-31 09:18:20 AM,125.75,0,0.0,189934852.5
2025-07-31 09:18:21 AM,125.3,4875,610837.5,190545690.0
2025-07-31 09:18:21 AM,125.5,150,18825.0,190564515.0
2025-07-31 09:18:21 AM,125.25,0,0.0,190564515.0
2025-07-31 09:18:21 AM,125.45,0,0.0,190564515.0
2025-07-31 09:18:22 AM,125.05,0,0.0,190564515.0
2025-07-31 09:18:22 AM,125.05,5475,684648.75,191249163.75
2025-07-31 09:18:23 AM,125.05,75,9378.75,191258542.5
2025-07-31 09:18:23 AM,125.3,0,0.0,191258542.5
2025-07-31 09:18:24 AM,125.5,3900,489450.0,191747992.5
2025-07-31 09:18:24 AM,124.65,0,0.0,191747992.5
2025-07-31 09:18:24 AM,124.95,750,93712.5,191841705.0
2025-07-31 09:18:24 AM,125.7,0,0.0,191841705.0
2025-07-31 09:18:25 AM,126.2,0,0.0,191841705.0
2025-07-31 09:18:26 AM,126.75,0,0.0,191841705.0
2025-07-31 09:18:26 AM,126.75,3000,380250.0,192221955.0
2025-07-31 09:18:26 AM,126.7,0,0.0,192221955.0
2025-07-31 09:18:26 AM,126.2,0,0.0,192221955.0
2025-07-31 09:18:27 AM,127.1,0,0.0,192221955.0
2025-07-31 09:18:27 AM,127.5,5175,659812.5,192881767.5
2025-07-31 09:18:27 AM,127.8,0,0.0,192881767.5
2025-07-31 09:18:28 AM,127.45,150,19117.5,192900885.0
2025-07-31 09:18:28 AM,126.3,0,0.0,192900885.0
2025-07-31 09:18:29 AM,126.0,0,0.0,192900885.0
2025-07-31 09:18:29 AM,126.15,1725,217608.75,193118493.75
2025-07-31 09:18:29 AM,126.65,75,9498.75,193127992.5
2025-07-31 09:18:29 AM,125.95,0,0.0,193127992.5
2025-07-31 09:18:30 AM,125.0,0,0.0,193127992.5
2025-07-31 09:18:30 AM,124.45,0,0.0,193127992.5
2025-07-31 09:18:31 AM,125.0,3900,487500.0,193615492.5
2025-07-31 09:18:31 AM,124.2,0,0.0,193615492.5
2025-07-31 09:18:32 AM,123.65,0,0.0,193615492.5
2025-07-31 09:18:32 AM,123.4,0,0.0,193615492.5
2025-07-31 09:18:32 AM,123.55,7875,972956.25,194588448.75
2025-07-31 09:18:32 AM,123.65,0,0.0,194588448.75
2025-07-31 09:18:33 AM,123.65,225,27821.25,194616270.0
2025-07-31 09:18:33 AM,124.0,0,0.0,194616270.0
2025-07-31 09:18:33 AM,125.1,0,0.0,194616270.0
2025-07-31 09:18:34 AM,126.05,1350,170167.5,194786437.5
2025-07-31 09:18:34 AM,125.75,300,37725.0,194824162.5
2025-07-31 09:18:35 AM,126.15,0,0.0,194824162.5
2025-07-31 09:18:35 AM,126.45,0,0.0,194824162.5
2025-07-31 09:18:35 AM,126.7,0,0.0,194824162.5
2025-07-31 09:18:36 AM,126.3,4350,549405.0,195373567.5
2025-07-31 09:18:36 AM,126.55,0,0.0,195373567.5
2025-07-31 09:18:36 AM,127.35,0,0.0,195373567.5
2025-07-31 09:18:37 AM,127.15,0,0.0,195373567.5
2025-07-31 09:18:37 AM,128.05,3900,499395.00000000006,195872962.5
2025-07-31 09:18:38 AM,127.65,0,0.0,195872962.5
2025-07-31 09:18:38 AM,127.65,1650,210622.5,196083585.0
2025-07-31 09:18:38 AM,128.15,0,0.0,196083585.0
2025-07-31 09:18:38 AM,127.8,0,0.0,196083585.0
2025-07-31 09:18:39 AM,127.55,5100,650505.0,196734090.0
2025-07-31 09:18:39 AM,128.1,0,0.0,196734090.0
2025-07-31 09:18:39 AM,128.0,825,105600.0,196839690.0
2025-07-31 09:18:40 AM,128.4,0,0.0,196839690.0
2025-07-31 09:18:40 AM,127.65,0,0.0,196839690.0
2025-07-31 09:18:41 AM,126.9,1800,228420.0,197068110.0
2025-07-31 09:18:41 AM,127.45,450,57352.5,197125462.5
2025-07-31 09:18:41 AM,127.5,0,0.0,197125462.5
2025-07-31 09:18:42 AM,127.95,0,0.0,197125462.5
2025-07-31 09:18:42 AM,127.4,3750,477750.0,197603212.5
2025-07-31 09:18:43 AM,127.75,0,0.0,197603212.5
2025-07-31 09:18:43 AM,128.1,1275,163327.5,197766540.0
2025-07-31 09:18:43 AM,127.2,0,0.0,197766540.0
2025-07-31 09:18:44 AM,126.2,3000,378600.0,198145140.0
2025-07-31 09:18:44 AM,126.25,375,47343.75,198192483.75
2025-07-31 09:18:45 AM,126.05,0,0.0,198192483.75
2025-07-31 09:18:46 AM,127.25,0,0.0,198192483.75
2025-07-31 09:18:46 AM,127.2,2475,314820.0,198507303.75
2025-07-31 09:18:46 AM,127.05,300,38115.0,198545418.75
2025-07-31 09:18:46 AM,127.45,0,0.0,198545418.75
2025-07-31 09:18:46 AM,127.75,0,0.0,198545418.75
2025-07-31 09:18:47 AM,128.05,0,0.0,198545418.75
2025-07-31 09:18:47 AM,128.25,8100,1038825.0,199584243.75
2025-07-31 09:18:48 AM,128.25,225,28856.25,199613100.0
2025-07-31 09:18:48 AM,128.15,0,0.0,199613100.0
2025-07-31 09:18:49 AM,128.1,0,0.0,199613100.0
2025-07-31 09:18:49 AM,127.15,1275,162116.25,199775216.25
2025-07-31 09:18:49 AM,127.0,0,0.0,199775216.25
2025-07-31 09:18:50 AM,126.95,0,0.0,199775216.25
2025-07-31 09:18:51 AM,127.0,1050,133350.0,199908566.25
2025-07-31 09:18:52 AM,126.85,0,0.0,199908566.25
2025-07-31 09:18:52 AM,127.05,0,0.0,199908566.25
2025-07-31 09:18:52 AM,127.4,1950,248430.0,200156996.25
2025-07-31 09:18:52 AM,126.95,0,0.0,200156996.25
2025-07-31 09:18:53 AM,126.95,150,19042.5,200176038.75
2025-07-31 09:18:53 AM,127.5,0,0.0,200176038.75
2025-07-31 09:18:53 AM,126.75,0,0.0,200176038.75
2025-07-31 09:18:54 AM,126.9,2400,304560.0,200480598.75
2025-07-31 09:18:54 AM,127.2,1800,228960.0,200709558.75
2025-07-31 09:18:55 AM,126.4,0,0.0,200709558.75
2025-07-31 09:18:55 AM,126.75,0,0.0,200709558.75
2025-07-31 09:18:56 AM,125.75,2250,282937.5,200992496.25
2025-07-31 09:18:57 AM,125.6,0,0.0,200992496.25
2025-07-31 09:18:57 AM,126.3,0,0.0,200992496.25
2025-07-31 09:18:57 AM,126.0,1050,132300.0,201124796.25
2025-07-31 09:18:57 AM,125.95,0,0.0,201124796.25
2025-07-31 09:18:58 AM,125.95,300,37785.0,201162581.25
2025-07-31 09:18:58 AM,126.2,0,0.0,201162581.25
2025-07-31 09:18:59 AM,127.85,3075,393138.75,201555720.0
2025-07-31 09:18:59 AM,127.45,0,0.0,201555720.0
2025-07-31 09:18:59 AM,127.1,150,19065.0,201574785.0
2025-07-31 09:19:00 AM,126.6,0,0.0,201574785.0
2025-07-31 09:19:00 AM,125.45,0,0.0,201574785.0
2025-07-31 09:19:00 AM,125.6,0,0.0,201574785.0
2025-07-31 09:19:01 AM,125.6,4425,555780.0,202130565.0
2025-07-31 09:19:01 AM,125.3,0,0.0,202130565.0
2025-07-31 09:19:01 AM,125.15,0,0.0,202130565.0
2025-07-31 09:19:02 AM,125.75,0,0.0,202130565.0
2025-07-31 09:19:02 AM,125.0,2025,253125.0,202383690.0
2025-07-31 09:19:03 AM,124.2,0,0.0,202383690.0
2025-07-31 09:19:04 AM,124.5,0,0.0,202383690.0
2025-07-31 09:19:04 AM,123.8,2625,324975.0,202708665.0
2025-07-31 09:19:04 AM,123.55,0,0.0,202708665.0
2025-07-31 09:19:04 AM,123.95,1275,158036.25,202866701.25
2025-07-31 09:19:04 AM,123.6,0,0.0,202866701.25
2025-07-31 09:19:05 AM,124.35,0,0.0,202866701.25
2025-07-31 09:19:05 AM,124.45,0,0.0,202866701.25
2025-07-31 09:19:06 AM,123.55,5850,722767.5,203589468.75
2025-07-31 09:19:06 AM,123.6,0,0.0,203589468.75
2025-07-31 09:19:06 AM,124.05,0,0.0,203589468.75
2025-07-31 09:19:07 AM,123.45,0,0.0,203589468.75
2025-07-31 09:19:07 AM,123.0,3375,415125.0,204004593.75
2025-07-31 09:19:08 AM,122.7,375,46012.5,204050606.25
2025-07-31 09:19:08 AM,122.95,0,0.0,204050606.25
2025-07-31 09:19:09 AM,123.15,4275,526466.25,204577072.5
2025-07-31 09:19:09 AM,123.7,75,9277.5,204586350.0
2025-07-31 09:19:09 AM,123.85,0,0.0,204586350.0
2025-07-31 09:19:10 AM,123.75,0,0.0,204586350.0
2025-07-31 09:19:10 AM,124.65,0,0.0,204586350.0
2025-07-31 09:19:11 AM,123.95,5775,715811.25,205302161.25
2025-07-31 09:19:11 AM,123.2,75,9240.0,205311401.25
2025-07-31 09:19:11 AM,123.6,0,0.0,205311401.25
2025-07-31 09:19:11 AM,123.9,0,0.0,205311401.25
2025-07-31 09:19:12 AM,123.6,0,0.0,205311401.25
2025-07-31 09:19:12 AM,123.6,1500,185400.0,205496801.25
2025-07-31 09:19:13 AM,124.2,0,0.0,205496801.25
2025-07-31 09:19:13 AM,124.5,0,0.0,205496801.25
2025-07-31 09:19:14 AM,124.0,3150,390600.0,205887401.25
2025-07-31 09:19:14 AM,123.4,0,0.0,205887401.25
2025-07-31 09:19:14 AM,123.4,375,46275.0,205933676.25
2025-07-31 09:19:15 AM,122.75,0,0.0,205933676.25
2025-07-31 09:19:16 AM,120.95,5100,616845.0,206550521.25
2025-07-31 09:19:16 AM,122.3,150,18345.0,206568866.25
2025-07-31 09:19:16 AM,122.2,0,0.0,206568866.25
2025-07-31 09:19:16 AM,122.3,0,0.0,206568866.25
2025-07-31 09:19:17 AM,122.55,0,0.0,206568866.25
2025-07-31 09:19:17 AM,122.55,1800,220590.0,206789456.25
2025-07-31 09:19:18 AM,123.15,0,0.0,206789456.25
2025-07-31 09:19:18 AM,122.8,0,0.0,206789456.25
2025-07-31 09:19:19 AM,123.0,2025,249075.0,207038531.25
2025-07-31 09:19:19 AM,122.85,225,27641.25,207066172.5
2025-07-31 09:19:19 AM,122.65,0,0.0,207066172.5
2025-07-31 09:19:20 AM,123.4,0,0.0,207066172.5
2025-07-31 09:19:20 AM,122.85,0,0.0,207066172.5
2025-07-31 09:19:21 AM,122.85,4200,515970.0,207582142.5
2025-07-31 09:19:21 AM,123.4,150,18510.0,207600652.5
2025-07-31 09:19:21 AM,123.1,0,0.0,207600652.5
2025-07-31 09:19:22 AM,123.3,0,0.0,207600652.5
2025-07-31 09:19:22 AM,122.0,5775,704550.0,208305202.5
2025-07-31 09:19:23 AM,123.0,150,18450.0,208323652.5
2025-07-31 09:19:24 AM,122.25,1200,146700.0,208470352.5
2025-07-31 09:19:24 AM,123.1,225,27697.5,208498050.0
2025-07-31 09:19:25 AM,123.6,0,0.0,208498050.0
2025-07-31 09:19:26 AM,123.4,1575,194355.0,208692405.0
2025-07-31 09:19:26 AM,123.4,225,27765.0,208720170.0
2025-07-31 09:19:26 AM,122.85,0,0.0,208720170.0
2025-07-31 09:19:26 AM,122.9,0,0.0,208720170.0
2025-07-31 09:19:27 AM,123.65,0,0.0,208720170.0
2025-07-31 09:19:27 AM,123.0,2325,285975.0,209006145.0
2025-07-31 09:19:28 AM,123.2,525,64680.0,209070825.0
2025-07-31 09:19:28 AM,123.9,0,0.0,209070825.0
2025-07-31 09:19:28 AM,124.0,0,0.0,209070825.0
2025-07-31 09:19:29 AM,123.6,0,0.0,209070825.0
2025-07-31 09:19:29 AM,123.6,1800,222480.0,209293305.0
2025-07-31 09:19:29 AM,124.1,75,9307.5,209302612.5
2025-07-31 09:19:30 AM,123.0,0,0.0,209302612.5
2025-07-31 09:19:31 AM,123.4,825,101805.0,209404417.5
2025-07-31 09:19:31 AM,123.45,75,9258.75,209413676.25
2025-07-31 09:19:32 AM,124.2,0,0.0,209413676.25
2025-07-31 09:19:32 AM,123.6,1500,185400.0,209599076.25
2025-07-31 09:19:33 AM,123.35,0,0.0,209599076.25
2025-07-31 09:19:34 AM,123.5,0,0.0,209599076.25
2025-07-31 09:19:34 AM,122.85,4125,506756.25,210105832.5
2025-07-31 09:19:34 AM,122.0,0,0.0,210105832.5
2025-07-31 09:19:34 AM,122.0,675,82350.0,210188182.5
2025-07-31 09:19:35 AM,122.75,0,0.0,210188182.5
2025-07-31 09:19:35 AM,123.0,0,0.0,210188182.5
2025-07-31 09:19:36 AM,123.0,6000,738000.0,210926182.5
2025-07-31 09:19:36 AM,122.5,1875,229687.5,211155870.0
2025-07-31 09:19:36 AM,122.9,0,0.0,211155870.0
2025-07-31 09:19:37 AM,122.2,0,0.0,211155870.0
2025-07-31 09:19:37 AM,122.4,3300,403920.0,211559790.0
2025-07-31 09:19:38 AM,122.25,525,64181.25,211623971.25
2025-07-31 09:19:38 AM,121.9,0,0.0,211623971.25
2025-07-31 09:19:38 AM,122.3,0,0.0,211623971.25
2025-07-31 09:19:38 AM,122.35,0,0.0,211623971.25
2025-07-31 09:19:39 AM,122.2,0,0.0,211623971.25
2025-07-31 09:19:39 AM,122.2,2325,284115.0,211908086.25
2025-07-31 09:19:39 AM,122.65,450,55192.5,211963278.75
2025-07-31 09:19:40 AM,122.0,0,0.0,211963278.75
2025-07-31 09:19:40 AM,121.15,0,0.0,211963278.75
2025-07-31 09:19:41 AM,121.15,4650,563347.5,212526626.25
2025-07-31 09:19:42 AM,122.35,0,0.0,212526626.25
2025-07-31 09:19:42 AM,122.45,0,0.0,212526626.25
2025-07-31 09:19:42 AM,122.0,0,0.0,212526626.25
2025-07-31 09:19:42 AM,122.0,2400,292800.0,212819426.25
2025-07-31 09:19:43 AM,122.2,150,18330.0,212837756.25
2025-07-31 09:19:43 AM,121.75,0,0.0,212837756.25
2025-07-31 09:19:43 AM,121.6,0,0.0,212837756.25
2025-07-31 09:19:44 AM,122.0,0,0.0,212837756.25
2025-07-31 09:19:44 AM,122.0,2250,274500.0,213112256.25
2025-07-31 09:19:44 AM,121.65,225,27371.25,213139627.5
2025-07-31 09:19:45 AM,122.0,0,0.0,213139627.5
2025-07-31 09:19:46 AM,122.55,0,0.0,213139627.5
2025-07-31 09:19:46 AM,122.55,3900,477945.0,213617572.5
2025-07-31 09:19:46 AM,122.0,600,73200.0,213690772.5
2025-07-31 09:19:46 AM,122.75,0,0.0,213690772.5
2025-07-31 09:19:47 AM,122.2,0,0.0,213690772.5
2025-07-31 09:19:47 AM,121.3,0,0.0,213690772.5
2025-07-31 09:19:47 AM,121.3,600,72780.0,213763552.5
2025-07-31 09:19:48 AM,122.3,0,0.0,213763552.5
2025-07-31 09:19:48 AM,122.1,0,0.0,213763552.5
2025-07-31 09:19:49 AM,122.7,0,0.0,213763552.5
2025-07-31 09:19:49 AM,122.7,5700,699390.0,214462942.5
2025-07-31 09:19:49 AM,122.5,75,9187.5,214472130.0
2025-07-31 09:19:50 AM,121.6,0,0.0,214472130.0
2025-07-31 09:19:51 AM,121.6,1275,155040.0,214627170.0
2025-07-31 09:19:51 AM,121.05,150,18157.5,214645327.5
2025-07-31 09:19:51 AM,120.85,0,0.0,214645327.5
2025-07-31 09:19:52 AM,120.0,0,0.0,214645327.5
2025-07-31 09:19:52 AM,119.6,0,0.0,214645327.5
2025-07-31 09:19:52 AM,119.6,9300,1112280.0,215757607.5
2025-07-31 09:19:53 AM,119.85,75,8988.75,215766596.25
2025-07-31 09:19:53 AM,119.65,0,0.0,215766596.25
2025-07-31 09:19:54 AM,119.95,0,0.0,215766596.25
2025-07-31 09:19:54 AM,120.05,6150,738307.5,216504903.75
2025-07-31 09:19:54 AM,120.1,0,0.0,216504903.75
2025-07-31 09:19:54 AM,120.1,300,36030.0,216540933.75
2025-07-31 09:19:55 AM,120.4,0,0.0,216540933.75
2025-07-31 09:19:55 AM,120.0,0,0.0,216540933.75
2025-07-31 09:19:56 AM,120.0,2775,333000.0,216873933.75
2025-07-31 09:19:56 AM,119.95,750,89962.5,216963896.25
2025-07-31 09:19:56 AM,120.2,0,0.0,216963896.25
2025-07-31 09:19:57 AM,119.85,0,0.0,216963896.25
2025-07-31 09:19:57 AM,119.6,0,0.0,216963896.25
2025-07-31 09:19:58 AM,119.6,3675,439530.0,217403426.25
2025-07-31 09:19:58 AM,120.3,0,0.0,217403426.25
2025-07-31 09:19:58 AM,120.55,0,0.0,217403426.25
2025-07-31 09:19:59 AM,120.4,0,0.0,217403426.25
2025-07-31 09:19:59 AM,120.4,2025,243810.0,217647236.25
2025-07-31 09:19:59 AM,120.35,75,9026.25,217656262.5
2025-07-31 09:19:59 AM,120.0,0,0.0,217656262.5
2025-07-31 09:20:00 AM,120.15,0,0.0,217656262.5
2025-07-31 09:20:00 AM,120.35,0,0.0,217656262.5
2025-07-31 09:20:01 AM,120.35,4200,505470.0,218161732.5
2025-07-31 09:20:01 AM,120.15,1575,189236.25,218350968.75
2025-07-31 09:20:01 AM,121.25,0,0.0,218350968.75
2025-07-31 09:20:02 AM,121.65,0,0.0,218350968.75
2025-07-31 09:20:02 AM,121.9,0,0.0,218350968.75
2025-07-31 09:20:02 AM,121.1,0,0.0,218350968.75
2025-07-31 09:20:03 AM,121.1,3000,363300.0,218714268.75
2025-07-31 09:20:03 AM,121.5,75,9112.5,218723381.25
2025-07-31 09:20:03 AM,122.25,0,0.0,218723381.25
2025-07-31 09:20:04 AM,121.4,0,0.0,218723381.25
2025-07-31 09:20:04 AM,121.95,1725,210363.75,218933745.0
2025-07-31 09:20:05 AM,121.05,0,0.0,218933745.0
2025-07-31 09:20:05 AM,121.3,0,0.0,218933745.0
2025-07-31 09:20:06 AM,121.9,3825,466267.5,219400012.5
2025-07-31 09:20:06 AM,122.0,0,0.0,219400012.5
2025-07-31 09:20:07 AM,122.65,0,0.0,219400012.5
2025-07-31 09:20:08 AM,122.9,9750,1198275.0,220598287.5
2025-07-31 09:20:08 AM,122.45,0,0.0,220598287.5
2025-07-31 09:20:08 AM,122.85,0,0.0,220598287.5
2025-07-31 09:20:09 AM,122.5,2550,312375.0,220910662.5
2025-07-31 09:20:09 AM,122.2,375,45825.0,220956487.5
2025-07-31 09:20:10 AM,122.8,0,0.0,220956487.5
2025-07-31 09:20:10 AM,122.9,0,0.0,220956487.5
2025-07-31 09:20:11 AM,122.15,5025,613803.75,221570291.25
2025-07-31 09:20:11 AM,122.0,300,36600.0,221606891.25
2025-07-31 09:20:11 AM,121.6,0,0.0,221606891.25
2025-07-31 09:20:12 AM,121.1,0,0.0,221606891.25
2025-07-31 09:20:13 AM,120.75,5100,615825.0,222222716.25
2025-07-31 09:20:13 AM,121.4,750,91050.0,222313766.25
2025-07-31 09:20:13 AM,120.9,0,0.0,222313766.25
2025-07-31 09:20:14 AM,120.25,5550,667387.5,222981153.75
2025-07-31 09:20:14 AM,120.8,0,0.0,222981153.75
2025-07-31 09:20:14 AM,120.8,75,9060.0,222990213.75
2025-07-31 09:20:15 AM,119.9,0,0.0,222990213.75
2025-07-31 09:20:15 AM,119.4,0,0.0,222990213.75
2025-07-31 09:20:16 AM,119.0,3675,437325.0,223427538.75
2025-07-31 09:20:16 AM,119.0,150,17850.0,223445388.75
2025-07-31 09:20:16 AM,119.4,0,0.0,223445388.75
2025-07-31 09:20:17 AM,118.45,0,0.0,223445388.75
2025-07-31 09:20:17 AM,118.7,0,0.0,223445388.75
2025-07-31 09:20:17 AM,118.8,0,0.0,223445388.75
2025-07-31 09:20:18 AM,118.8,7425,882090.0,224327478.75
2025-07-31 09:20:18 AM,118.85,0,0.0,224327478.75
2025-07-31 09:20:18 AM,119.3,0,0.0,224327478.75
2025-07-31 09:20:19 AM,118.25,3675,434568.75,224762047.5
2025-07-31 09:20:19 AM,118.0,0,0.0,224762047.5
2025-07-31 09:20:19 AM,117.1,2100,245910.0,225007957.5
2025-07-31 09:20:20 AM,118.3,0,0.0,225007957.5
2025-07-31 09:20:20 AM,118.45,0,0.0,225007957.5
2025-07-31 09:20:20 AM,118.2,0,0.0,225007957.5
2025-07-31 09:20:21 AM,118.3,2400,283920.0,225291877.5
2025-07-31 09:20:21 AM,117.7,375,44137.5,225336015.0
2025-07-31 09:20:21 AM,117.85,0,0.0,225336015.0
2025-07-31 09:20:21 AM,118.15,0,0.0,225336015.0
2025-07-31 09:20:22 AM,117.65,0,0.0,225336015.0
2025-07-31 09:20:23 AM,117.65,3900,458835.0,225794850.0
2025-07-31 09:20:23 AM,117.35,900,105615.0,225900465.0
2025-07-31 09:20:23 AM,117.0,0,0.0,225900465.0
2025-07-31 09:20:24 AM,116.9,0,0.0,225900465.0
2025-07-31 09:20:24 AM,116.75,0,0.0,225900465.0
2025-07-31 09:20:24 AM,116.75,3225,376518.75,226276983.75
2025-07-31 09:20:24 AM,116.75,1125,131343.75,226408327.5
2025-07-31 09:20:25 AM,115.65,0,0.0,226408327.5
2025-07-31 09:20:25 AM,116.15,0,0.0,226408327.5
2025-07-31 09:20:26 AM,116.3,6525,758857.5,227167185.0
2025-07-31 09:20:26 AM,116.05,900,104445.0,227271630.0
2025-07-31 09:20:26 AM,115.95,0,0.0,227271630.0
2025-07-31 09:20:27 AM,116.05,0,0.0,227271630.0
2025-07-31 09:20:27 AM,116.65,0,0.0,227271630.0
2025-07-31 09:20:27 AM,116.85,0,0.0,227271630.0
2025-07-31 09:20:28 AM,117.3,7350,862155.0,228133785.0
2025-07-31 09:20:28 AM,117.2,75,8790.0,228142575.0
2025-07-31 09:20:28 AM,115.85,0,0.0,228142575.0
2025-07-31 09:20:29 AM,115.95,0,0.0,228142575.0
2025-07-31 09:20:29 AM,115.25,0,0.0,228142575.0
2025-07-31 09:20:29 AM,115.1,3300,379830.0,228522405.0
2025-07-31 09:20:29 AM,115.05,900,103545.0,228625950.0
2025-07-31 09:20:30 AM,115.0,0,0.0,228625950.0
2025-07-31 09:20:30 AM,115.2,0,0.0,228625950.0
2025-07-31 09:20:31 AM,114.6,6900,790740.0,229416690.0
2025-07-31 09:20:31 AM,114.05,225,25661.25,229442351.25
2025-07-31 09:20:31 AM,114.75,0,0.0,229442351.25
2025-07-31 09:20:31 AM,114.35,0,0.0,229442351.25
2025-07-31 09:20:32 AM,114.15,0,0.0,229442351.25
2025-07-31 09:20:33 AM,114.25,11325,1293881.25,230736232.5
2025-07-31 09:20:33 AM,114.25,300,34275.0,230770507.5
2025-07-31 09:20:33 AM,113.65,0,0.0,230770507.5
2025-07-31 09:20:33 AM,113.1,0,0.0,230770507.5
2025-07-31 09:20:33 AM,113.3,0,0.0,230770507.5
2025-07-31 09:20:34 AM,113.8,0,0.0,230770507.5
2025-07-31 09:20:34 AM,113.45,7500,850875.0,231621382.5
2025-07-31 09:20:34 AM,113.0,525,59325.0,231680707.5
2025-07-31 09:20:34 AM,112.7,0,0.0,231680707.5
2025-07-31 09:20:35 AM,111.8,0,0.0,231680707.5
2025-07-31 09:20:36 AM,112.35,0,0.0,231680707.5
2025-07-31 09:20:36 AM,112.35,6825,766788.75,232447496.25
2025-07-31 09:20:36 AM,112.65,1875,211218.75,232658715.0
2025-07-31 09:20:36 AM,113.2,0,0.0,232658715.0
2025-07-31 09:20:36 AM,112.8,0,0.0,232658715.0
2025-07-31 09:20:38 AM,112.4,0,0.0,232658715.0
2025-07-31 09:20:38 AM,112.5,2550,286875.0,232945590.0
2025-07-31 09:20:38 AM,112.75,225,25368.75,232970958.75
2025-07-31 09:20:38 AM,112.0,0,0.0,232970958.75
2025-07-31 09:20:39 AM,112.4,0,0.0,232970958.75
2025-07-31 09:20:39 AM,111.6,0,0.0,232970958.75
2025-07-31 09:20:39 AM,111.65,5700,636405.0,233607363.75
2025-07-31 09:20:39 AM,112.5,375,42187.5,233649551.25
2025-07-31 09:20:40 AM,111.55,0,0.0,233649551.25
2025-07-31 09:20:40 AM,111.6,0,0.0,233649551.25
2025-07-31 09:20:41 AM,110.85,0,0.0,233649551.25
2025-07-31 09:20:41 AM,109.45,9900,1083555.0,234733106.25
2025-07-31 09:20:41 AM,110.15,1125,123918.75,234857025.0
2025-07-31 09:20:41 AM,110.4,0,0.0,234857025.0
2025-07-31 09:20:42 AM,109.8,0,0.0,234857025.0
2025-07-31 09:20:42 AM,109.2,0,0.0,234857025.0
2025-07-31 09:20:43 AM,109.25,0,0.0,234857025.0
2025-07-31 09:20:43 AM,108.5,4350,471975.0,235329000.0
2025-07-31 09:20:43 AM,108.4,375,40650.0,235369650.0
2025-07-31 09:20:43 AM,109.6,0,0.0,235369650.0
2025-07-31 09:20:44 AM,109.4,0,0.0,235369650.0
2025-07-31 09:20:44 AM,108.35,0,0.0,235369650.0
2025-07-31 09:20:44 AM,109.3,10650,1164045.0,236533695.0
2025-07-31 09:20:44 AM,108.95,1575,171596.25,236705291.25
2025-07-31 09:20:45 AM,108.7,0,0.0,236705291.25
2025-07-31 09:20:45 AM,108.55,0,0.0,236705291.25
2025-07-31 09:20:46 AM,107.95,0,0.0,236705291.25
2025-07-31 09:20:46 AM,108.25,7500,811875.0,237517166.25
2025-07-31 09:20:46 AM,107.5,150,16125.0,237533291.25
2025-07-31 09:20:47 AM,107.35,0,0.0,237533291.25
2025-07-31 09:20:47 AM,107.95,0,0.0,237533291.25
2025-07-31 09:20:48 AM,107.9,6000,647400.0,238180691.25
2025-07-31 09:20:48 AM,107.95,150,16192.5,238196883.75
2025-07-31 09:20:48 AM,107.3,0,0.0,238196883.75
2025-07-31 09:20:49 AM,107.4,0,0.0,238196883.75
2025-07-31 09:20:49 AM,107.25,0,0.0,238196883.75
2025-07-31 09:20:49 AM,107.25,1275,136743.75,238333627.5
2025-07-31 09:20:49 AM,106.55,825,87903.75,238421531.25
2025-07-31 09:20:50 AM,107.25,0,0.0,238421531.25
2025-07-31 09:20:51 AM,106.6,0,0.0,238421531.25
2025-07-31 09:20:51 AM,106.5,5400,575100.0,238996631.25
2025-07-31 09:20:51 AM,106.0,2325,246450.0,239243081.25
2025-07-31 09:20:51 AM,105.55,0,0.0,239243081.25
2025-07-31 09:20:52 AM,105.65,0,0.0,239243081.25
2025-07-31 09:20:52 AM,105.55,0,0.0,239243081.25
2025-07-31 09:20:53 AM,105.65,0,0.0,239243081.25
2025-07-31 09:20:53 AM,105.65,4350,459577.5,239702658.75
2025-07-31 09:20:53 AM,106.0,75,7950.0,239710608.75
2025-07-31 09:20:53 AM,106.3,0,0.0,239710608.75
2025-07-31 09:20:54 AM,106.5,0,0.0,239710608.75
2025-07-31 09:20:54 AM,106.3,5625,597937.5,240308546.25
2025-07-31 09:20:54 AM,106.75,0,0.0,240308546.25
2025-07-31 09:20:54 AM,106.9,300,32070.0,240340616.25
2025-07-31 09:20:55 AM,107.6,0,0.0,240340616.25
2025-07-31 09:20:56 AM,108.35,0,0.0,240340616.25
2025-07-31 09:20:56 AM,108.15,3975,429896.25,240770512.5
2025-07-31 09:20:56 AM,108.0,450,48600.0,240819112.5
2025-07-31 09:20:56 AM,108.6,0,0.0,240819112.5
2025-07-31 09:20:57 AM,110.15,0,0.0,240819112.5
2025-07-31 09:20:57 AM,109.65,0,0.0,240819112.5
2025-07-31 09:20:58 AM,109.75,0,0.0,240819112.5
2025-07-31 09:20:58 AM,109.6,3975,435660.0,241254772.5
2025-07-31 09:20:58 AM,109.75,0,0.0,241254772.5
2025-07-31 09:20:59 AM,111.05,0,0.0,241254772.5
2025-07-31 09:20:59 AM,110.0,6375,701250.0,241956022.5
2025-07-31 09:20:59 AM,109.8,0,0.0,241956022.5
2025-07-31 09:20:59 AM,110.2,1425,157035.0,242113057.5
2025-07-31 09:21:00 AM,110.3,0,0.0,242113057.5
2025-07-31 09:21:00 AM,110.8,0,0.0,242113057.5
2025-07-31 09:21:01 AM,109.45,0,0.0,242113057.5
2025-07-31 09:21:01 AM,108.2,6300,681660.0,242794717.5
2025-07-31 09:21:01 AM,107.5,525,56437.5,242851155.0
2025-07-31 09:21:01 AM,108.25,0,0.0,242851155.0
2025-07-31 09:21:02 AM,107.95,0,0.0,242851155.0
2025-07-31 09:21:02 AM,107.45,0,0.0,242851155.0
2025-07-31 09:21:03 AM,107.6,3375,363150.0,243214305.0
2025-07-31 09:21:03 AM,107.4,300,32220.0,243246525.0
2025-07-31 09:21:03 AM,107.45,0,0.0,243246525.0
2025-07-31 09:21:03 AM,106.6,0,0.0,243246525.0
2025-07-31 09:21:04 AM,106.5,0,0.0,243246525.0
2025-07-31 09:21:04 AM,106.7,0,0.0,243246525.0
2025-07-31 09:21:04 AM,106.7,6900,736230.0,243982755.0
2025-07-31 09:21:04 AM,106.95,150,16042.5,243998797.5
2025-07-31 09:21:05 AM,107.05,0,0.0,243998797.5
2025-07-31 09:21:05 AM,107.8,0,0.0,243998797.5
2025-07-31 09:21:06 AM,107.55,0,0.0,243998797.5
2025-07-31 09:21:06 AM,107.45,5325,572171.25,244570968.75
2025-07-31 09:21:06 AM,107.75,825,88893.75,244659862.5
2025-07-31 09:21:07 AM,107.55,0,0.0,244659862.5
2025-07-31 09:21:07 AM,108.45,0,0.0,244659862.5
2025-07-31 09:21:08 AM,108.35,0,0.0,244659862.5
2025-07-31 09:21:08 AM,108.6,5550,602730.0,245262592.5
2025-07-31 09:21:08 AM,109.05,1800,196290.0,245458882.5
2025-07-31 09:21:08 AM,109.3,0,0.0,245458882.5
2025-07-31 09:21:09 AM,109.0,0,0.0,245458882.5
2025-07-31 09:21:09 AM,109.35,0,0.0,245458882.5
2025-07-31 09:21:09 AM,109.2,4425,483210.0,245942092.5
2025-07-31 09:21:09 AM,109.05,75,8178.75,245950271.25
2025-07-31 09:21:10 AM,109.15,0,0.0,245950271.25
2025-07-31 09:21:10 AM,110.0,0,0.0,245950271.25
2025-07-31 09:21:11 AM,109.8,0,0.0,245950271.25
2025-07-31 09:21:11 AM,110.5,2700,298350.0,246248621.25
2025-07-31 09:21:11 AM,110.65,450,49792.5,246298413.75
2025-07-31 09:21:11 AM,110.55,0,0.0,246298413.75
2025-07-31 09:21:12 AM,110.05,0,0.0,246298413.75
2025-07-31 09:21:12 AM,111.45,0,0.0,246298413.75
2025-07-31 09:21:13 AM,111.5,11100,1237650.0,247536063.75
2025-07-31 09:21:13 AM,111.85,450,50332.5,247586396.25
2025-07-31 09:21:13 AM,111.7,0,0.0,247586396.25
2025-07-31 09:21:14 AM,111.95,0,0.0,247586396.25
2025-07-31 09:21:14 AM,111.4,0,0.0,247586396.25
2025-07-31 09:21:14 AM,111.5,8925,995137.5,248581533.75
2025-07-31 09:21:14 AM,111.35,150,16702.5,248598236.25
2025-07-31 09:21:15 AM,111.0,0,0.0,248598236.25
2025-07-31 09:21:15 AM,111.4,0,0.0,248598236.25
2025-07-31 09:21:16 AM,110.9,0,0.0,248598236.25
2025-07-31 09:21:16 AM,110.7,3450,381915.0,248980151.25
2025-07-31 09:21:16 AM,110.45,225,24851.25,249005002.5
2025-07-31 09:21:17 AM,109.9,0,0.0,249005002.5
2025-07-31 09:21:17 AM,109.3,0,0.0,249005002.5
2025-07-31 09:21:17 AM,110.35,3900,430365.0,249435367.5
2025-07-31 09:21:18 AM,110.15,450,49567.5,249484935.0
2025-07-31 09:21:18 AM,110.25,0,0.0,249484935.0
2025-07-31 09:21:19 AM,109.2,0,0.0,249484935.0
2025-07-31 09:21:19 AM,109.55,11175,1224221.25,250709156.25
2025-07-31 09:21:19 AM,109.2,75,8190.0,250717346.25
2025-07-31 09:21:20 AM,109.6,0,0.0,250717346.25
2025-07-31 09:21:20 AM,109.55,0,0.0,250717346.25
2025-07-31 09:21:21 AM,109.3,0,0.0,250717346.25
2025-07-31 09:21:21 AM,108.6,7500,814500.0,251531846.25
2025-07-31 09:21:21 AM,109.1,225,24547.5,251556393.75
2025-07-31 09:21:21 AM,109.4,0,0.0,251556393.75
2025-07-31 09:21:22 AM,108.15,0,0.0,251556393.75
2025-07-31 09:21:22 AM,109.25,0,0.0,251556393.75
2025-07-31 09:21:22 AM,109.0,1725,188025.0,251744418.75
2025-07-31 09:21:23 AM,109.4,150,16410.0,251760828.75
2025-07-31 09:21:23 AM,109.05,0,0.0,251760828.75
2025-07-31 09:21:24 AM,108.9,0,0.0,251760828.75
2025-07-31 09:21:24 AM,108.5,0,0.0,251760828.75
2025-07-31 09:21:24 AM,108.75,1575,171281.25,251932110.0
2025-07-31 09:21:25 AM,108.45,0,0.0,251932110.0
2025-07-31 09:21:25 AM,108.9,0,0.0,251932110.0
2025-07-31 09:21:26 AM,109.5,0,0.0,251932110.0
2025-07-31 09:21:26 AM,108.7,2850,309795.0,252241905.0
2025-07-31 09:21:26 AM,109.25,2025,221231.25,252463136.25
2025-07-31 09:21:27 AM,108.95,0,0.0,252463136.25
2025-07-31 09:21:27 AM,108.55,0,0.0,252463136.25
2025-07-31 09:21:27 AM,109.05,2850,310792.5,252773928.75
2025-07-31 09:21:28 AM,108.7,300,32610.0,252806538.75
2025-07-31 09:21:28 AM,108.85,0,0.0,252806538.75
2025-07-31 09:21:29 AM,110.0,0,0.0,252806538.75
2025-07-31 09:21:29 AM,110.05,2850,313642.5,253120181.25
2025-07-31 09:21:30 AM,109.9,0,0.0,253120181.25
2025-07-31 09:21:30 AM,109.3,0,0.0,253120181.25
2025-07-31 09:21:31 AM,109.5,0,0.0,253120181.25
2025-07-31 09:21:31 AM,109.05,1575,171753.75,253291935.0
2025-07-31 09:21:32 AM,108.7,0,0.0,253291935.0
2025-07-31 09:21:32 AM,108.75,0,0.0,253291935.0
2025-07-31 09:21:32 AM,108.8,825,89760.0,253381695.0
2025-07-31 09:21:33 AM,108.95,150,16342.5,253398037.5
2025-07-31 09:21:33 AM,109.6,0,0.0,253398037.5
2025-07-31 09:21:34 AM,109.75,0,0.0,253398037.5
2025-07-31 09:21:34 AM,109.65,0,0.0,253398037.5
2025-07-31 09:21:34 AM,109.5,1125,123187.5,253521225.0
2025-07-31 09:21:34 AM,108.8,600,65280.0,253586505.0
2025-07-31 09:21:35 AM,109.2,0,0.0,253586505.0
2025-07-31 09:21:35 AM,109.35,0,0.0,253586505.0
2025-07-31 09:21:36 AM,109.3,0,0.0,253586505.0
2025-07-31 09:21:36 AM,109.25,1500,163875.0,253750380.0
2025-07-31 09:21:36 AM,109.25,300,32775.0,253783155.0
2025-07-31 09:21:37 AM,109.15,0,0.0,253783155.0
2025-07-31 09:21:37 AM,109.35,0,0.0,253783155.0
2025-07-31 09:21:37 AM,109.25,600,65550.0,253848705.0
2025-07-31 09:21:38 AM,108.7,975,105982.5,253954687.5
2025-07-31 09:21:38 AM,108.75,0,0.0,253954687.5
2025-07-31 09:21:39 AM,108.65,0,0.0,253954687.5
2025-07-31 09:21:39 AM,108.4,4275,463410.0,254418097.5
2025-07-31 09:21:40 AM,109.0,0,0.0,254418097.5
2025-07-31 09:21:41 AM,109.95,0,0.0,254418097.5
2025-07-31 09:21:41 AM,109.95,1050,115447.5,254533545.0
2025-07-31 09:21:41 AM,110.2,0,0.0,254533545.0
2025-07-31 09:21:41 AM,110.2,1050,115710.0,254649255.0
2025-07-31 09:21:42 AM,110.45,0,0.0,254649255.0
2025-07-31 09:21:42 AM,109.5,0,0.0,254649255.0
2025-07-31 09:21:42 AM,109.5,2325,254587.5,254903842.5
2025-07-31 09:21:43 AM,109.6,525,57540.0,254961382.5
2025-07-31 09:21:43 AM,109.95,0,0.0,254961382.5
2025-07-31 09:21:44 AM,110.05,0,0.0,254961382.5
2025-07-31 09:21:44 AM,110.05,1650,181582.5,255142965.0
2025-07-31 09:21:45 AM,109.75,0,0.0,255142965.0
2025-07-31 09:21:45 AM,109.3,0,0.0,255142965.0
2025-07-31 09:21:46 AM,109.0,675,73575.0,255216540.0
2025-07-31 09:21:46 AM,108.6,0,0.0,255216540.0
2025-07-31 09:21:46 AM,108.6,150,16290.0,255232830.0
2025-07-31 09:21:47 AM,108.85,0,0.0,255232830.0
2025-07-31 09:21:47 AM,108.5,0,0.0,255232830.0
2025-07-31 09:21:47 AM,108.7,3225,350557.5,255583387.5
2025-07-31 09:21:48 AM,108.9,0,0.0,255583387.5
2025-07-31 09:21:48 AM,108.9,75,8167.5,255591555.0
2025-07-31 09:21:48 AM,109.15,0,0.0,255591555.0
2025-07-31 09:21:49 AM,109.45,0,0.0,255591555.0
2025-07-31 09:21:49 AM,109.3,975,106567.5,255698122.5
2025-07-31 09:21:50 AM,109.85,0,0.0,255698122.5
2025-07-31 09:21:50 AM,109.45,0,0.0,255698122.5
2025-07-31 09:21:51 AM,109.5,0,0.0,255698122.5
2025-07-31 09:21:51 AM,109.5,11025,1207237.5,256905360.0
2025-07-31 09:21:51 AM,109.75,600,65850.0,256971210.0
2025-07-31 09:21:51 AM,109.05,0,0.0,256971210.0
2025-07-31 09:21:52 AM,109.2,0,0.0,256971210.0
2025-07-31 09:21:52 AM,109.0,0,0.0,256971210.0
2025-07-31 09:21:52 AM,109.3,3750,409875.0,257381085.0
2025-07-31 09:21:53 AM,108.7,0,0.0,257381085.0
2025-07-31 09:21:53 AM,108.7,75,8152.5,257389237.5
2025-07-31 09:21:53 AM,108.8,0,0.0,257389237.5
2025-07-31 09:21:54 AM,109.5,0,0.0,257389237.5
2025-07-31 09:21:54 AM,108.75,0,0.0,257389237.5
2025-07-31 09:21:54 AM,108.85,4200,457170.0,257846407.5
2025-07-31 09:21:54 AM,108.95,750,81712.5,257928120.0
2025-07-31 09:21:55 AM,109.3,0,0.0,257928120.0
2025-07-31 09:21:56 AM,109.9,0,0.0,257928120.0
2025-07-31 09:21:56 AM,109.9,1575,173092.5,258101212.5
2025-07-31 09:21:56 AM,110.45,150,16567.5,258117780.0
2025-07-31 09:21:56 AM,110.3,0,0.0,258117780.0
2025-07-31 09:21:57 AM,110.1,0,0.0,258117780.0
2025-07-31 09:21:57 AM,110.05,0,0.0,258117780.0
2025-07-31 09:21:57 AM,110.45,3000,331350.0,258449130.0
2025-07-31 09:21:58 AM,110.0,300,33000.0,258482130.0
2025-07-31 09:21:58 AM,110.1,0,0.0,258482130.0
2025-07-31 09:21:59 AM,110.0,0,0.0,258482130.0
2025-07-31 09:21:59 AM,109.5,900,98550.0,258580680.0
2025-07-31 09:22:00 AM,110.25,0,0.0,258580680.0
2025-07-31 09:22:01 AM,110.8,0,0.0,258580680.0
2025-07-31 09:22:01 AM,110.8,600,66480.0,258647160.0
2025-07-31 09:22:01 AM,110.65,0,0.0,258647160.0
2025-07-31 09:22:01 AM,110.65,450,49792.5,258696952.5
2025-07-31 09:22:02 AM,110.25,0,0.0,258696952.5
2025-07-31 09:22:02 AM,111.3,0,0.0,258696952.5
2025-07-31 09:22:02 AM,111.35,5925,659748.75,259356701.25
2025-07-31 09:22:03 AM,111.4,0,0.0,259356701.25
2025-07-31 09:22:03 AM,111.65,375,41868.75,259398570.0
2025-07-31 09:22:04 AM,111.05,0,0.0,259398570.0
2025-07-31 09:22:04 AM,112.0,0,0.0,259398570.0
2025-07-31 09:22:04 AM,111.65,1575,175848.75,259574418.75
2025-07-31 09:22:04 AM,111.8,150,16770.0,259591188.75
2025-07-31 09:22:05 AM,112.0,0,0.0,259591188.75
2025-07-31 09:22:05 AM,112.05,0,0.0,259591188.75
2025-07-31 09:22:06 AM,112.5,0,0.0,259591188.75
2025-07-31 09:22:06 AM,112.8,3075,346860.0,259938048.75
2025-07-31 09:22:06 AM,113.05,2325,262841.25,260200890.0
2025-07-31 09:22:06 AM,113.1,0,0.0,260200890.0
2025-07-31 09:22:07 AM,113.35,0,0.0,260200890.0
2025-07-31 09:22:07 AM,113.7,0,0.0,260200890.0
2025-07-31 09:22:08 AM,113.85,5925,674561.25,260875451.25
2025-07-31 09:22:08 AM,113.05,0,0.0,260875451.25
2025-07-31 09:22:09 AM,113.95,0,0.0,260875451.25
2025-07-31 09:22:09 AM,113.6,2475,281160.0,261156611.25
2025-07-31 09:22:09 AM,113.35,300,34005.0,261190616.25
2025-07-31 09:22:10 AM,113.95,0,0.0,261190616.25
2025-07-31 09:22:10 AM,114.55,0,0.0,261190616.25
2025-07-31 09:22:11 AM,114.3,0,0.0,261190616.25
2025-07-31 09:22:11 AM,114.2,3300,376860.0,261567476.25
2025-07-31 09:22:11 AM,115.3,0,0.0,261567476.25
2025-07-31 09:22:11 AM,115.3,2100,242130.0,261809606.25
2025-07-31 09:22:12 AM,116.55,0,0.0,261809606.25
2025-07-31 09:22:12 AM,117.55,0,0.0,261809606.25
2025-07-31 09:22:13 AM,117.8,5025,591945.0,262401551.25
2025-07-31 09:22:13 AM,118.15,0,0.0,262401551.25
2025-07-31 09:22:13 AM,118.15,4650,549397.5,262950948.75
2025-07-31 09:22:13 AM,118.6,0,0.0,262950948.75
2025-07-31 09:22:14 AM,118.3,0,0.0,262950948.75
2025-07-31 09:22:14 AM,119.15,0,0.0,262950948.75
2025-07-31 09:22:14 AM,118.35,13650,1615477.5,264566426.25
2025-07-31 09:22:14 AM,118.3,150,17745.0,264584171.25
2025-07-31 09:22:15 AM,118.6,0,0.0,264584171.25
2025-07-31 09:22:15 AM,119.0,0,0.0,264584171.25
2025-07-31 09:22:16 AM,118.3,0,0.0,264584171.25
2025-07-31 09:22:16 AM,118.0,24300,2867400.0,267451571.25
2025-07-31 09:22:16 AM,117.85,0,0.0,267451571.25
2025-07-31 09:22:16 AM,117.25,1050,123112.5,267574683.75
2025-07-31 09:22:17 AM,117.35,0,0.0,267574683.75
2025-07-31 09:22:17 AM,117.1,0,0.0,267574683.75
2025-07-31 09:22:18 AM,117.35,2775,325646.25,267900330.0
2025-07-31 09:22:18 AM,117.25,0,0.0,267900330.0
2025-07-31 09:22:18 AM,117.25,750,87937.5,267988267.5
2025-07-31 09:22:18 AM,117.6,0,0.0,267988267.5
2025-07-31 09:22:19 AM,116.9,0,0.0,267988267.5
2025-07-31 09:22:19 AM,117.8,0,0.0,267988267.5
2025-07-31 09:22:19 AM,117.8,1275,150195.0,268138462.5
2025-07-31 09:22:20 AM,118.0,0,0.0,268138462.5
2025-07-31 09:22:20 AM,118.1,0,0.0,268138462.5
2025-07-31 09:22:21 AM,118.3,0,0.0,268138462.5
2025-07-31 09:22:21 AM,118.25,4500,532125.0,268670587.5
2025-07-31 09:22:21 AM,118.15,0,0.0,268670587.5
2025-07-31 09:22:21 AM,118.0,1725,203550.0,268874137.5
2025-07-31 09:22:22 AM,119.85,0,0.0,268874137.5
2025-07-31 09:22:22 AM,119.3,0,0.0,268874137.5
2025-07-31 09:22:23 AM,119.65,24675,2952363.75,271826501.25
2025-07-31 09:22:23 AM,119.55,0,0.0,271826501.25
2025-07-31 09:22:23 AM,119.9,750,89925.0,271916426.25
2025-07-31 09:22:23 AM,119.75,0,0.0,271916426.25
2025-07-31 09:22:24 AM,119.45,0,0.0,271916426.25
2025-07-31 09:22:24 AM,119.75,0,0.0,271916426.25
2025-07-31 09:22:24 AM,119.75,9450,1131637.5,273048063.75
2025-07-31 09:22:25 AM,118.0,0,0.0,273048063.75
2025-07-31 09:22:25 AM,117.95,0,0.0,273048063.75
2025-07-31 09:22:26 AM,118.05,5025,593201.25,273641265.0
2025-07-31 09:22:26 AM,118.25,0,0.0,273641265.0
2025-07-31 09:22:26 AM,118.25,825,97556.25,273738821.25
2025-07-31 09:22:27 AM,117.65,0,0.0,273738821.25
2025-07-31 09:22:27 AM,118.3,0,0.0,273738821.25
2025-07-31 09:22:28 AM,117.8,2475,291555.0,274030376.25
2025-07-31 09:22:28 AM,118.95,0,0.0,274030376.25
2025-07-31 09:22:28 AM,119.1,2775,330502.5,274360878.75
2025-07-31 09:22:28 AM,119.05,0,0.0,274360878.75
2025-07-31 09:22:29 AM,119.45,0,0.0,274360878.75
2025-07-31 09:22:29 AM,118.1,0,0.0,274360878.75
2025-07-31 09:22:29 AM,118.7,6825,810127.5,275171006.25
2025-07-31 09:22:30 AM,118.45,0,0.0,275171006.25
2025-07-31 09:22:30 AM,117.95,0,0.0,275171006.25
2025-07-31 09:22:31 AM,118.65,0,0.0,275171006.25
2025-07-31 09:22:31 AM,118.6,4800,569280.0,275740286.25
2025-07-31 09:22:31 AM,118.45,0,0.0,275740286.25
2025-07-31 09:22:31 AM,118.45,150,17767.5,275758053.75
2025-07-31 09:22:32 AM,118.95,0,0.0,275758053.75
2025-07-31 09:22:32 AM,118.2,0,0.0,275758053.75
2025-07-31 09:22:33 AM,118.1,8025,947752.5,276705806.25
2025-07-31 09:22:33 AM,117.85,75,8838.75,276714645.0
2025-07-31 09:22:33 AM,117.95,0,0.0,276714645.0
2025-07-31 09:22:34 AM,117.85,0,0.0,276714645.0
2025-07-31 09:22:34 AM,117.85,1800,212130.0,276926775.0
2025-07-31 09:22:34 AM,117.35,150,17602.5,276944377.5
2025-07-31 09:22:35 AM,117.45,0,0.0,276944377.5
2025-07-31 09:22:35 AM,117.9,0,0.0,276944377.5
2025-07-31 09:22:36 AM,118.45,0,0.0,276944377.5
2025-07-31 09:22:36 AM,117.8,1800,212040.0,277156417.5
2025-07-31 09:22:36 AM,118.65,0,0.0,277156417.5
2025-07-31 09:22:36 AM,118.65,75,8898.75,277165316.25
2025-07-31 09:22:37 AM,117.9,0,0.0,277165316.25
2025-07-31 09:22:37 AM,118.05,0,0.0,277165316.25
2025-07-31 09:22:38 AM,118.0,2325,274350.0,277439666.25
2025-07-31 09:22:38 AM,117.75,75,8831.25,277448497.5
2025-07-31 09:22:38 AM,117.25,0,0.0,277448497.5
2025-07-31 09:22:39 AM,117.05,0,0.0,277448497.5
2025-07-31 09:22:39 AM,116.9,0,0.0,277448497.5
2025-07-31 09:22:39 AM,116.75,3900,455325.0,277903822.5
2025-07-31 09:22:40 AM,115.65,0,0.0,277903822.5
2025-07-31 09:22:40 AM,115.2,0,0.0,277903822.5
2025-07-31 09:22:41 AM,115.5,0,0.0,277903822.5
2025-07-31 09:22:41 AM,115.5,2550,294525.0,278198347.5
2025-07-31 09:22:41 AM,114.7,0,0.0,278198347.5
2025-07-31 09:22:41 AM,114.7,1875,215062.5,278413410.0
2025-07-31 09:22:42 AM,115.2,0,0.0,278413410.0
2025-07-31 09:22:43 AM,115.3,1200,138360.0,278551770.0
2025-07-31 09:22:43 AM,116.0,0,0.0,278551770.0
2025-07-31 09:22:43 AM,115.5,750,86625.0,278638395.0
2025-07-31 09:22:44 AM,115.7,0,0.0,278638395.0
2025-07-31 09:22:44 AM,115.7,600,69420.0,278707815.0
2025-07-31 09:22:45 AM,115.4,0,0.0,278707815.0
2025-07-31 09:22:45 AM,115.0,0,0.0,278707815.0
2025-07-31 09:22:46 AM,114.95,0,0.0,278707815.0
2025-07-31 09:22:46 AM,114.85,2400,275640.0,278983455.0
2025-07-31 09:22:46 AM,115.0,0,0.0,278983455.0
2025-07-31 09:22:46 AM,115.0,150,17250.0,279000705.0
2025-07-31 09:22:47 AM,114.8,0,0.0,279000705.0
2025-07-31 09:22:47 AM,115.0,0,0.0,279000705.0
2025-07-31 09:22:48 AM,114.4,1500,171600.0,279172305.0
2025-07-31 09:22:48 AM,114.85,300,34455.0,279206760.0
2025-07-31 09:22:48 AM,115.3,0,0.0,279206760.0
2025-07-31 09:22:49 AM,113.85,0,0.0,279206760.0
2025-07-31 09:22:49 AM,113.85,2475,281778.75,279488538.75
2025-07-31 09:22:50 AM,113.15,0,0.0,279488538.75
2025-07-31 09:22:51 AM,113.65,0,0.0,279488538.75
2025-07-31 09:22:51 AM,113.65,1050,119332.5,279607871.25
2025-07-31 09:22:51 AM,114.7,0,0.0,279607871.25
2025-07-31 09:22:51 AM,114.7,150,17205.0,279625076.25
2025-07-31 09:22:52 AM,114.5,0,0.0,279625076.25
2025-07-31 09:22:52 AM,114.15,0,0.0,279625076.25
2025-07-31 09:22:53 AM,113.6,2250,255600.0,279880676.25
2025-07-31 09:22:53 AM,113.7,0,0.0,279880676.25
2025-07-31 09:22:54 AM,112.0,0,0.0,279880676.25
2025-07-31 09:22:54 AM,111.3,5700,634410.0,280515086.25
2025-07-31 09:22:54 AM,111.8,375,41925.0,280557011.25
2025-07-31 09:22:55 AM,111.45,0,0.0,280557011.25
2025-07-31 09:22:55 AM,111.25,0,0.0,280557011.25
2025-07-31 09:22:56 AM,111.4,0,0.0,280557011.25
2025-07-31 09:22:56 AM,112.05,4875,546243.75,281103255.0
2025-07-31 09:22:56 AM,112.4,975,109590.0,281212845.0
2025-07-31 09:22:56 AM,112.65,0,0.0,281212845.0
2025-07-31 09:22:57 AM,112.6,0,0.0,281212845.0
2025-07-31 09:22:57 AM,112.3,0,0.0,281212845.0
2025-07-31 09:22:58 AM,112.0,2400,268800.0,281481645.0
2025-07-31 09:22:58 AM,112.05,0,0.0,281481645.0
2025-07-31 09:22:58 AM,112.05,75,8403.75,281490048.75
2025-07-31 09:22:58 AM,111.75,0,0.0,281490048.75
2025-07-31 09:22:59 AM,111.9,0,0.0,281490048.75
2025-07-31 09:22:59 AM,112.05,0,0.0,281490048.75
2025-07-31 09:22:59 AM,112.2,450,50490.0,281540538.75
2025-07-31 09:22:59 AM,112.4,225,25290.0,281565828.75
2025-07-31 09:23:00 AM,112.25,0,0.0,281565828.75
2025-07-31 09:23:01 AM,112.15,1725,193458.75,281759287.5
2025-07-31 09:23:01 AM,112.1,1500,168150.0,281927437.5
2025-07-31 09:23:02 AM,112.25,0,0.0,281927437.5
2025-07-31 09:23:02 AM,112.4,0,0.0,281927437.5
2025-07-31 09:23:03 AM,112.65,1200,135180.0,282062617.5
2025-07-31 09:23:03 AM,112.2,225,25245.0,282087862.5
2025-07-31 09:23:04 AM,111.9,0,0.0,282087862.5
2025-07-31 09:23:04 AM,112.7,0,0.0,282087862.5
2025-07-31 09:23:04 AM,112.4,975,109590.0,282197452.5
2025-07-31 09:23:04 AM,112.35,150,16852.5,282214305.0
2025-07-31 09:23:05 AM,112.0,0,0.0,282214305.0
2025-07-31 09:23:05 AM,111.25,0,0.0,282214305.0
2025-07-31 09:23:06 AM,110.55,2925,323358.75,282537663.75
2025-07-31 09:23:06 AM,110.85,0,0.0,282537663.75
2025-07-31 09:23:06 AM,111.0,150,16650.0,282554313.75
2025-07-31 09:23:07 AM,110.8,0,0.0,282554313.75
2025-07-31 09:23:07 AM,110.25,0,0.0,282554313.75
2025-07-31 09:23:08 AM,110.05,6525,718076.25,283272390.0
2025-07-31 09:23:08 AM,110.65,0,0.0,283272390.0
2025-07-31 09:23:09 AM,110.15,0,0.0,283272390.0
2025-07-31 09:23:09 AM,110.9,0,0.0,283272390.0
2025-07-31 09:23:09 AM,110.9,6075,673717.5,283946107.5
2025-07-31 09:23:10 AM,110.7,0,0.0,283946107.5
2025-07-31 09:23:11 AM,110.05,0,0.0,283946107.5
2025-07-31 09:23:11 AM,109.65,2925,320726.25,284266833.75
2025-07-31 09:23:11 AM,109.5,0,0.0,284266833.75
2025-07-31 09:23:11 AM,108.8,675,73440.0,284340273.75
2025-07-31 09:23:12 AM,108.85,0,0.0,284340273.75
2025-07-31 09:23:13 AM,109.45,0,0.0,284340273.75
2025-07-31 09:23:13 AM,109.45,4575,500733.75,284841007.5
2025-07-31 09:23:13 AM,109.05,1125,122681.25,284963688.75
2025-07-31 09:23:13 AM,108.95,0,0.0,284963688.75
2025-07-31 09:23:14 AM,108.55,0,0.0,284963688.75
2025-07-31 09:23:14 AM,108.85,0,0.0,284963688.75
2025-07-31 09:23:14 AM,108.35,1800,195030.0,285158718.75
2025-07-31 09:23:15 AM,108.0,0,0.0,285158718.75
2025-07-31 09:23:15 AM,107.05,0,0.0,285158718.75
2025-07-31 09:23:16 AM,107.55,0,0.0,285158718.75
2025-07-31 09:23:16 AM,107.8,9675,1042965.0,286201683.75
2025-07-31 09:23:16 AM,107.7,0,0.0,286201683.75
2025-07-31 09:23:16 AM,107.4,1650,177210.0,286378893.75
2025-07-31 09:23:17 AM,108.75,0,0.0,286378893.75
2025-07-31 09:23:17 AM,108.9,0,0.0,286378893.75
2025-07-31 09:23:18 AM,109.0,0,0.0,286378893.75
2025-07-31 09:23:18 AM,109.0,2925,318825.0,286697718.75
2025-07-31 09:23:18 AM,108.95,450,49027.5,286746746.25
2025-07-31 09:23:18 AM,109.2,0,0.0,286746746.25
2025-07-31 09:23:19 AM,109.4,0,0.0,286746746.25
2025-07-31 09:23:19 AM,109.8,0,0.0,286746746.25
2025-07-31 09:23:19 AM,109.8,6300,691740.0,287438486.25
2025-07-31 09:23:19 AM,110.25,150,16537.5,287455023.75
2025-07-31 09:23:20 AM,109.85,0,0.0,287455023.75
2025-07-31 09:23:20 AM,111.25,0,0.0,287455023.75
2025-07-31 09:23:21 AM,111.3,0,0.0,287455023.75
2025-07-31 09:23:21 AM,111.75,8850,988987.5,288444011.25
2025-07-31 09:23:21 AM,111.45,0,0.0,288444011.25
2025-07-31 09:23:21 AM,111.1,825,91657.5,288535668.75
2025-07-31 09:23:22 AM,112.15,0,0.0,288535668.75
2025-07-31 09:23:22 AM,112.2,0,0.0,288535668.75
2025-07-31 09:23:23 AM,111.5,0,0.0,288535668.75
2025-07-31 09:23:23 AM,111.5,4575,510112.5,289045781.25
2025-07-31 09:23:23 AM,111.95,525,58773.75,289104555.0
2025-07-31 09:23:23 AM,111.65,0,0.0,289104555.0
2025-07-31 09:23:24 AM,112.9,0,0.0,289104555.0
2025-07-31 09:23:24 AM,112.15,0,0.0,289104555.0
2025-07-31 09:23:24 AM,112.15,2100,235515.0,289340070.0
2025-07-31 09:23:25 AM,112.25,225,25256.25,289365326.25
2025-07-31 09:23:25 AM,111.45,0,0.0,289365326.25
2025-07-31 09:23:26 AM,111.95,0,0.0,289365326.25
2025-07-31 09:23:26 AM,111.95,3525,394623.75,289759950.0
2025-07-31 09:23:26 AM,111.95,300,33585.0,289793535.0
2025-07-31 09:23:27 AM,112.8,0,0.0,289793535.0
2025-07-31 09:23:27 AM,113.55,0,0.0,289793535.0
2025-07-31 09:23:28 AM,113.05,0,0.0,289793535.0
2025-07-31 09:23:28 AM,112.0,22950,2570400.0,292363935.0
2025-07-31 09:23:28 AM,112.8,75,8460.0,292372395.0
2025-07-31 09:23:28 AM,112.0,0,0.0,292372395.0
2025-07-31 09:23:29 AM,111.95,0,0.0,292372395.0
2025-07-31 09:23:29 AM,111.7,0,0.0,292372395.0
2025-07-31 09:23:29 AM,111.7,21225,2370832.5,294743227.5
2025-07-31 09:23:30 AM,111.35,450,50107.5,294793335.0
2025-07-31 09:23:30 AM,111.05,0,0.0,294793335.0
2025-07-31 09:23:30 AM,111.2,0,0.0,294793335.0
2025-07-31 09:23:31 AM,111.5,13050,1455075.0,296248410.0
2025-07-31 09:23:31 AM,111.3,0,0.0,296248410.0
2025-07-31 09:23:31 AM,111.05,3825,424766.25,296673176.25
2025-07-31 09:23:32 AM,111.45,0,0.0,296673176.25
2025-07-31 09:23:32 AM,110.95,0,0.0,296673176.25
2025-07-31 09:23:33 AM,111.15,0,0.0,296673176.25
2025-07-31 09:23:33 AM,111.15,6450,716917.5,297390093.75
2025-07-31 09:23:33 AM,111.2,375,41700.0,297431793.75
2025-07-31 09:23:33 AM,111.3,0,0.0,297431793.75
2025-07-31 09:23:34 AM,111.1,3675,408292.5,297840086.25
2025-07-31 09:23:35 AM,110.95,0,0.0,297840086.25
2025-07-31 09:23:36 AM,111.3,0,0.0,297840086.25
2025-07-31 09:23:36 AM,111.45,1500,167175.0,298007261.25
2025-07-31 09:23:37 AM,111.3,0,0.0,298007261.25
2025-07-31 09:23:38 AM,111.35,0,0.0,298007261.25
2025-07-31 09:23:38 AM,111.35,600,66810.0,298074071.25
2025-07-31 09:23:38 AM,111.6,150,16740.0,298090811.25
2025-07-31 09:23:38 AM,111.85,0,0.0,298090811.25
2025-07-31 09:23:39 AM,111.55,0,0.0,298090811.25
2025-07-31 09:23:39 AM,111.2,0,0.0,298090811.25
2025-07-31 09:23:39 AM,111.2,13050,1451160.0,299541971.25
2025-07-31 09:23:40 AM,110.45,0,0.0,299541971.25
2025-07-31 09:23:41 AM,110.5,0,0.0,299541971.25
2025-07-31 09:23:41 AM,111.2,2700,300240.0,299842211.25
2025-07-31 09:23:41 AM,111.15,1725,191733.75,300033945.0
2025-07-31 09:23:41 AM,111.4,0,0.0,300033945.0
2025-07-31 09:23:42 AM,111.55,0,0.0,300033945.0
2025-07-31 09:23:42 AM,111.0,0,0.0,300033945.0
2025-07-31 09:23:43 AM,111.7,0,0.0,300033945.0
2025-07-31 09:23:43 AM,111.7,2925,326722.5,300360667.5
2025-07-31 09:23:43 AM,112.0,15300,1713600.0,302074267.5
2025-07-31 09:23:43 AM,111.95,0,0.0,302074267.5
2025-07-31 09:23:44 AM,111.85,0,0.0,302074267.5
2025-07-31 09:23:44 AM,112.0,0,0.0,302074267.5
2025-07-31 09:23:44 AM,112.0,35025,3922800.0,305997067.5
2025-07-31 09:23:45 AM,112.75,300,33825.0,306030892.5
2025-07-31 09:23:45 AM,113.0,0,0.0,306030892.5
2025-07-31 09:23:45 AM,112.15,0,0.0,306030892.5
2025-07-31 09:23:46 AM,112.25,0,0.0,306030892.5
2025-07-31 09:23:46 AM,112.2,1125,126225.0,306157117.5
2025-07-31 09:23:46 AM,111.65,0,0.0,306157117.5
2025-07-31 09:23:46 AM,111.95,675,75566.25,306232683.75
2025-07-31 09:23:47 AM,111.3,0,0.0,306232683.75
2025-07-31 09:23:47 AM,111.15,0,0.0,306232683.75
2025-07-31 09:23:48 AM,110.95,0,0.0,306232683.75
2025-07-31 09:23:48 AM,110.95,1350,149782.5,306382466.25
2025-07-31 09:23:48 AM,110.55,150,16582.5,306399048.75
2025-07-31 09:23:48 AM,110.75,0,0.0,306399048.75
2025-07-31 09:23:49 AM,110.7,0,0.0,306399048.75
2025-07-31 09:23:49 AM,110.95,1875,208031.25,306607080.0
2025-07-31 09:23:49 AM,110.6,0,0.0,306607080.0
2025-07-31 09:23:50 AM,110.6,300,33180.0,306640260.0
2025-07-31 09:23:50 AM,110.95,0,0.0,306640260.0
2025-07-31 09:23:51 AM,111.1,0,0.0,306640260.0
2025-07-31 09:23:51 AM,111.1,1950,216645.0,306856905.0
2025-07-31 09:23:51 AM,111.0,450,49950.0,306906855.0
2025-07-31 09:23:53 AM,111.7,0,0.0,306906855.0
2025-07-31 09:23:53 AM,111.7,525,58642.5,306965497.5
2025-07-31 09:23:53 AM,112.0,0,0.0,306965497.5
2025-07-31 09:23:54 AM,112.3,0,0.0,306965497.5
2025-07-31 09:23:54 AM,112.6,2100,236460.0,307201957.5
2025-07-31 09:23:54 AM,112.75,0,0.0,307201957.5
2025-07-31 09:23:55 AM,112.75,75,8456.25,307210413.75
2025-07-31 09:23:55 AM,112.85,0,0.0,307210413.75
2025-07-31 09:23:56 AM,113.0,0,0.0,307210413.75
2025-07-31 09:23:56 AM,112.9,3525,397972.5,307608386.25
2025-07-31 09:23:57 AM,113.35,0,0.0,307608386.25
2025-07-31 09:23:58 AM,113.75,2250,255937.5,307864323.75
2025-07-31 09:23:58 AM,113.7,975,110857.5,307975181.25
2025-07-31 09:23:58 AM,113.65,0,0.0,307975181.25
2025-07-31 09:23:59 AM,114.0,0,0.0,307975181.25
2025-07-31 09:23:59 AM,113.8,0,0.0,307975181.25
2025-07-31 09:23:59 AM,113.8,4875,554775.0,308529956.25
2025-07-31 09:24:00 AM,112.75,1050,118387.5,308648343.75
2025-07-31 09:24:00 AM,112.85,0,0.0,308648343.75
2025-07-31 09:24:01 AM,112.9,0,0.0,308648343.75
2025-07-31 09:24:01 AM,114.1,1125,128362.5,308776706.25
2025-07-31 09:24:01 AM,113.95,0,0.0,308776706.25
2025-07-31 09:24:01 AM,114.05,900,102645.0,308879351.25
2025-07-31 09:24:02 AM,114.35,0,0.0,308879351.25
2025-07-31 09:24:02 AM,114.2,0,0.0,308879351.25
2025-07-31 09:24:03 AM,113.5,0,0.0,308879351.25
2025-07-31 09:24:03 AM,113.5,600,68100.0,308947451.25
2025-07-31 09:24:03 AM,113.35,0,0.0,308947451.25
2025-07-31 09:24:04 AM,113.3,0,0.0,308947451.25
2025-07-31 09:24:04 AM,114.05,0,0.0,308947451.25
2025-07-31 09:24:04 AM,114.05,6075,692853.75,309640305.0
2025-07-31 09:24:05 AM,113.55,150,17032.5,309657337.5
2025-07-31 09:24:05 AM,113.65,0,0.0,309657337.5
2025-07-31 09:24:06 AM,113.75,0,0.0,309657337.5
2025-07-31 09:24:06 AM,113.9,2700,307530.0,309964867.5
2025-07-31 09:24:06 AM,113.7,2550,289935.0,310254802.5
2025-07-31 09:24:07 AM,113.9,0,0.0,310254802.5
2025-07-31 09:24:08 AM,114.15,0,0.0,310254802.5
2025-07-31 09:24:08 AM,114.15,1425,162663.75,310417466.25
2025-07-31 09:24:08 AM,114.1,825,94132.5,310511598.75
2025-07-31 09:24:08 AM,113.85,0,0.0,310511598.75
2025-07-31 09:24:09 AM,113.85,225,25616.25,310537215.0
2025-07-31 09:24:10 AM,113.4,150,17010.0,310554225.0
2025-07-31 09:24:10 AM,112.75,0,0.0,310554225.0
2025-07-31 09:24:11 AM,113.05,1350,152617.5,310706842.5
2025-07-31 09:24:11 AM,112.9,0,0.0,310706842.5
2025-07-31 09:24:11 AM,112.75,150,16912.5,310723755.0
2025-07-31 09:24:12 AM,112.85,0,0.0,310723755.0
2025-07-31 09:24:12 AM,112.3,0,0.0,310723755.0
2025-07-31 09:24:13 AM,111.95,0,0.0,310723755.0
2025-07-31 09:24:13 AM,111.95,5025,562548.75,311286303.75
2025-07-31 09:24:13 AM,111.1,300,33330.0,311319633.75
2025-07-31 09:24:13 AM,111.6,0,0.0,311319633.75
2025-07-31 09:24:14 AM,111.65,0,0.0,311319633.75
2025-07-31 09:24:14 AM,111.95,1500,167925.0,311487558.75
2025-07-31 09:24:14 AM,112.15,0,0.0,311487558.75
2025-07-31 09:24:15 AM,112.15,675,75701.25,311563260.0
2025-07-31 09:24:15 AM,112.4,0,0.0,311563260.0
2025-07-31 09:24:16 AM,112.0,0,0.0,311563260.0
2025-07-31 09:24:16 AM,112.0,675,75600.0,311638860.0
2025-07-31 09:24:16 AM,112.5,300,33750.0,311672610.0
2025-07-31 09:24:17 AM,112.3,0,0.0,311672610.0
2025-07-31 09:24:18 AM,111.85,0,0.0,311672610.0
2025-07-31 09:24:18 AM,111.65,750,83737.5,311756347.5
2025-07-31 09:24:18 AM,110.55,0,0.0,311756347.5
2025-07-31 09:24:19 AM,110.9,0,0.0,311756347.5
2025-07-31 09:24:19 AM,111.0,12975,1440225.0,313196572.5
2025-07-31 09:24:19 AM,110.95,0,0.0,313196572.5
2025-07-31 09:24:20 AM,110.95,75,8321.25,313204893.75
2025-07-31 09:24:20 AM,111.2,0,0.0,313204893.75
2025-07-31 09:24:21 AM,111.05,0,0.0,313204893.75
2025-07-31 09:24:21 AM,111.25,525,58406.25,313263300.0
2025-07-31 09:24:22 AM,110.9,0,0.0,313263300.0
2025-07-31 09:24:22 AM,110.75,0,0.0,313263300.0
2025-07-31 09:24:23 AM,111.2,5175,575460.0,313838760.0
2025-07-31 09:24:23 AM,111.25,0,0.0,313838760.0
2025-07-31 09:24:23 AM,111.25,600,66750.0,313905510.0
2025-07-31 09:24:23 AM,111.6,0,0.0,313905510.0
2025-07-31 09:24:24 AM,111.55,0,0.0,313905510.0
2025-07-31 09:24:24 AM,111.95,2550,285472.5,314190982.5
2025-07-31 09:24:25 AM,111.3,675,75127.5,314266110.0
2025-07-31 09:24:25 AM,111.6,0,0.0,314266110.0
2025-07-31 09:24:26 AM,111.45,0,0.0,314266110.0
2025-07-31 09:24:26 AM,112.5,1500,168750.0,314434860.0
2025-07-31 09:24:26 AM,112.1,75,8407.5,314443267.5
2025-07-31 09:24:27 AM,112.6,0,0.0,314443267.5
2025-07-31 09:24:27 AM,113.0,0,0.0,314443267.5
2025-07-31 09:24:28 AM,113.4,0,0.0,314443267.5
2025-07-31 09:24:28 AM,113.4,1350,153090.0,314596357.5
2025-07-31 09:24:28 AM,113.35,75,8501.25,314604858.75
2025-07-31 09:24:28 AM,113.95,0,0.0,314604858.75
2025-07-31 09:24:29 AM,114.4,0,0.0,314604858.75
2025-07-31 09:24:29 AM,113.85,0,0.0,314604858.75
2025-07-31 09:24:29 AM,113.85,32400,3688740.0,318293598.75
2025-07-31 09:24:30 AM,114.35,75,8576.25,318302175.0
2025-07-31 09:24:30 AM,114.7,0,0.0,318302175.0
2025-07-31 09:24:30 AM,114.5,0,0.0,318302175.0
2025-07-31 09:24:31 AM,114.5,1500,171750.0,318473925.0
2025-07-31 09:24:31 AM,114.55,600,68730.0,318542655.0
2025-07-31 09:24:32 AM,114.9,0,0.0,318542655.0
2025-07-31 09:24:32 AM,115.0,0,0.0,318542655.0
2025-07-31 09:24:33 AM,115.35,0,0.0,318542655.0
2025-07-31 09:24:33 AM,115.35,3075,354701.25,318897356.25
2025-07-31 09:24:33 AM,115.6,675,78030.0,318975386.25
2025-07-31 09:24:33 AM,115.35,0,0.0,318975386.25
2025-07-31 09:24:34 AM,115.55,0,0.0,318975386.25
2025-07-31 09:24:34 AM,115.0,0,0.0,318975386.25
2025-07-31 09:24:34 AM,115.0,2100,241500.0,319216886.25
2025-07-31 09:24:35 AM,115.25,1050,121012.5,319337898.75
2025-07-31 09:24:35 AM,115.3,0,0.0,319337898.75
2025-07-31 09:24:36 AM,116.0,0,0.0,319337898.75
2025-07-31 09:24:36 AM,116.0,2850,330600.0,319668498.75
2025-07-31 09:24:36 AM,115.15,900,103635.0,319772133.75
2025-07-31 09:24:37 AM,114.95,0,0.0,319772133.75
2025-07-31 09:24:37 AM,115.0,0,0.0,319772133.75
2025-07-31 09:24:38 AM,115.15,0,0.0,319772133.75
2025-07-31 09:24:38 AM,114.8,1650,189420.0,319961553.75
2025-07-31 09:24:38 AM,114.95,300,34485.0,319996038.75
2025-07-31 09:24:38 AM,114.35,0,0.0,319996038.75
2025-07-31 09:24:39 AM,113.9,0,0.0,319996038.75
2025-07-31 09:24:39 AM,113.65,0,0.0,319996038.75
2025-07-31 09:24:39 AM,113.65,2250,255712.5,320251751.25
2025-07-31 09:24:40 AM,113.45,0,0.0,320251751.25
2025-07-31 09:24:41 AM,113.05,0,0.0,320251751.25
2025-07-31 09:24:41 AM,112.75,1125,126843.75,320378595.0
2025-07-31 09:24:41 AM,112.9,75,8467.5,320387062.5
2025-07-31 09:24:42 AM,112.95,0,0.0,320387062.5
2025-07-31 09:24:42 AM,113.0,0,0.0,320387062.5
2025-07-31 09:24:43 AM,112.45,525,59036.25,320446098.75
2025-07-31 09:24:43 AM,112.75,600,67650.0,320513748.75
2025-07-31 09:24:43 AM,112.45,0,0.0,320513748.75
2025-07-31 09:24:44 AM,112.25,0,0.0,320513748.75
2025-07-31 09:24:44 AM,112.55,0,0.0,320513748.75
2025-07-31 09:24:44 AM,112.55,1500,168825.0,320682573.75
2025-07-31 09:24:45 AM,112.2,450,50490.0,320733063.75
2025-07-31 09:24:45 AM,112.0,0,0.0,320733063.75
2025-07-31 09:24:46 AM,111.6,0,0.0,320733063.75
2025-07-31 09:24:46 AM,111.65,1725,192596.25,320925660.0
2025-07-31 09:24:47 AM,112.15,0,0.0,320925660.0
2025-07-31 09:24:47 AM,111.85,0,0.0,320925660.0
2025-07-31 09:24:48 AM,111.5,0,0.0,320925660.0
2025-07-31 09:24:48 AM,111.5,1500,167250.0,321092910.0
2025-07-31 09:24:48 AM,111.55,675,75296.25,321168206.25
2025-07-31 09:24:48 AM,111.35,0,0.0,321168206.25
2025-07-31 09:24:49 AM,110.85,0,0.0,321168206.25
2025-07-31 09:24:49 AM,110.75,0,0.0,321168206.25
2025-07-31 09:24:49 AM,110.5,3450,381225.0,321549431.25
2025-07-31 09:24:50 AM,110.1,150,16515.0,321565946.25
2025-07-31 09:24:50 AM,109.75,0,0.0,321565946.25
2025-07-31 09:24:51 AM,109.25,0,0.0,321565946.25
2025-07-31 09:24:51 AM,109.35,6450,705307.5,322271253.75
2025-07-31 09:24:52 AM,109.1,0,0.0,322271253.75
2025-07-31 09:24:52 AM,109.2,0,0.0,322271253.75
2025-07-31 09:24:53 AM,109.4,0,0.0,322271253.75
2025-07-31 09:24:53 AM,109.15,1800,196470.0,322467723.75
2025-07-31 09:24:53 AM,109.2,225,24570.0,322492293.75
2025-07-31 09:24:53 AM,109.0,0,0.0,322492293.75
2025-07-31 09:24:54 AM,108.95,0,0.0,322492293.75
2025-07-31 09:24:54 AM,109.15,0,0.0,322492293.75
2025-07-31 09:24:54 AM,108.65,10125,1100081.25,323592375.0
2025-07-31 09:24:55 AM,108.5,75,8137.5,323600512.5
2025-07-31 09:24:55 AM,108.7,0,0.0,323600512.5
2025-07-31 09:24:56 AM,108.9,0,0.0,323600512.5
2025-07-31 09:24:56 AM,109.05,1350,147217.5,323747730.0
2025-07-31 09:24:56 AM,108.5,0,0.0,323747730.0
2025-07-31 09:24:56 AM,108.5,300,32550.0,323780280.0
2025-07-31 09:24:57 AM,108.9,0,0.0,323780280.0
2025-07-31 09:24:58 AM,109.45,825,90296.25,323870576.25
2025-07-31 09:24:58 AM,109.65,150,16447.5,323887023.75
2025-07-31 09:24:58 AM,109.9,0,0.0,323887023.75
2025-07-31 09:24:59 AM,109.75,0,0.0,323887023.75
2025-07-31 09:24:59 AM,109.8,0,0.0,323887023.75
2025-07-31 09:24:59 AM,110.0,2025,222750.0,324109773.75
2025-07-31 09:25:00 AM,109.65,150,16447.5,324126221.25
2025-07-31 09:25:01 AM,109.35,0,0.0,324126221.25
2025-07-31 09:25:01 AM,109.35,600,65610.0,324191831.25
2025-07-31 09:25:02 AM,109.65,0,0.0,324191831.25
2025-07-31 09:25:02 AM,109.15,0,0.0,324191831.25
2025-07-31 09:25:03 AM,108.8,0,0.0,324191831.25
2025-07-31 09:25:03 AM,109.05,1425,155396.25,324347227.5
2025-07-31 09:25:03 AM,109.1,75,8182.5,324355410.0
2025-07-31 09:25:04 AM,109.15,0,0.0,324355410.0
2025-07-31 09:25:04 AM,109.15,375,40931.25,324396341.25
2025-07-31 09:25:05 AM,109.6,0,0.0,324396341.25
2025-07-31 09:25:05 AM,109.1,0,0.0,324396341.25
2025-07-31 09:25:06 AM,109.1,375,40912.5,324437253.75
2025-07-31 09:25:06 AM,108.5,0,0.0,324437253.75
2025-07-31 09:25:07 AM,108.3,0,0.0,324437253.75
2025-07-31 09:25:07 AM,109.5,0,0.0,324437253.75
2025-07-31 09:25:08 AM,109.35,0,0.0,324437253.75
2025-07-31 09:25:08 AM,109.5,2400,262800.0,324700053.75
2025-07-31 09:25:08 AM,109.2,450,49140.0,324749193.75
2025-07-31 09:25:09 AM,109.9,0,0.0,324749193.75
2025-07-31 09:25:09 AM,110.0,0,0.0,324749193.75
2025-07-31 09:25:09 AM,109.25,2850,311362.5,325060556.25
2025-07-31 09:25:10 AM,109.7,0,0.0,325060556.25
2025-07-31 09:25:10 AM,109.7,75,8227.5,325068783.75
2025-07-31 09:25:11 AM,110.0,0,0.0,325068783.75
2025-07-31 09:25:11 AM,110.0,1425,156750.0,325225533.75
2025-07-31 09:25:11 AM,109.9,0,0.0,325225533.75
2025-07-31 09:25:11 AM,109.9,75,8242.5,325233776.25
2025-07-31 09:25:12 AM,110.15,0,0.0,325233776.25
2025-07-31 09:25:13 AM,110.75,900,99675.0,325333451.25
2025-07-31 09:25:13 AM,110.55,600,66330.0,325399781.25
2025-07-31 09:25:14 AM,109.85,0,0.0,325399781.25
2025-07-31 09:25:14 AM,110.5,0,0.0,325399781.25
2025-07-31 09:25:14 AM,110.85,2400,266040.0,325665821.25
2025-07-31 09:25:15 AM,110.85,75,8313.75,325674135.0
2025-07-31 09:25:15 AM,111.1,0,0.0,325674135.0
2025-07-31 09:25:15 AM,110.95,0,0.0,325674135.0
2025-07-31 09:25:16 AM,110.8,4275,473670.0,326147805.0
2025-07-31 09:25:17 AM,111.75,0,0.0,326147805.0
2025-07-31 09:25:17 AM,112.05,0,0.0,326147805.0
2025-07-31 09:25:18 AM,112.55,2775,312326.25,326460131.25
2025-07-31 09:25:18 AM,112.6,75,8445.0,326468576.25
2025-07-31 09:25:19 AM,113.65,0,0.0,326468576.25
2025-07-31 09:25:19 AM,113.5,0,0.0,326468576.25
2025-07-31 09:25:19 AM,113.5,1650,187275.0,326655851.25
2025-07-31 09:25:20 AM,113.55,225,25548.75,326681400.0
2025-07-31 09:25:20 AM,113.15,0,0.0,326681400.0
2025-07-31 09:25:20 AM,113.1,0,0.0,326681400.0
2025-07-31 09:25:21 AM,113.55,0,0.0,326681400.0
2025-07-31 09:25:21 AM,113.55,3450,391747.5,327073147.5
2025-07-31 09:25:21 AM,114.0,0,0.0,327073147.5
2025-07-31 09:25:21 AM,114.0,975,111150.0,327184297.5
2025-07-31 09:25:22 AM,114.55,0,0.0,327184297.5
2025-07-31 09:25:22 AM,114.75,0,0.0,327184297.5
2025-07-31 09:25:23 AM,114.3,0,0.0,327184297.5
2025-07-31 09:25:23 AM,114.5,2925,334912.5,327519210.0
2025-07-31 09:25:23 AM,115.0,0,0.0,327519210.0
2025-07-31 09:25:24 AM,116.2,0,0.0,327519210.0
2025-07-31 09:25:24 AM,116.65,0,0.0,327519210.0
2025-07-31 09:25:24 AM,116.65,45750,5336737.5,332855947.5
2025-07-31 09:25:25 AM,117.4,0,0.0,332855947.5
2025-07-31 09:25:25 AM,117.4,1650,193710.0,333049657.5
2025-07-31 09:25:25 AM,115.9,0,0.0,333049657.5
2025-07-31 09:25:26 AM,115.85,0,0.0,333049657.5
2025-07-31 09:25:26 AM,115.85,2700,312795.0,333362452.5
2025-07-31 09:25:26 AM,115.5,0,0.0,333362452.5
2025-07-31 09:25:26 AM,115.5,600,69300.0,333431752.5
2025-07-31 09:25:27 AM,114.65,0,0.0,333431752.5
2025-07-31 09:25:27 AM,115.05,0,0.0,333431752.5
2025-07-31 09:25:28 AM,115.0,0,0.0,333431752.5
2025-07-31 09:25:28 AM,115.0,1125,129375.0,333561127.5
2025-07-31 09:25:28 AM,114.65,0,0.0,333561127.5
2025-07-31 09:25:29 AM,114.5,0,0.0,333561127.5
2025-07-31 09:25:29 AM,114.8,0,0.0,333561127.5
2025-07-31 09:25:29 AM,114.8,3975,456330.0,334017457.5
2025-07-31 09:25:30 AM,115.5,0,0.0,334017457.5
2025-07-31 09:25:30 AM,115.5,825,95287.5,334112745.0
2025-07-31 09:25:30 AM,115.65,0,0.0,334112745.0
2025-07-31 09:25:31 AM,115.3,0,0.0,334112745.0
2025-07-31 09:25:31 AM,115.85,4725,547391.25,334660136.25
2025-07-31 09:25:32 AM,115.45,0,0.0,334660136.25
2025-07-31 09:25:32 AM,115.75,0,0.0,334660136.25
2025-07-31 09:25:33 AM,115.5,0,0.0,334660136.25
2025-07-31 09:25:33 AM,115.5,3375,389812.5,335049948.75
2025-07-31 09:25:33 AM,114.9,0,0.0,335049948.75
2025-07-31 09:25:34 AM,114.6,0,0.0,335049948.75
2025-07-31 09:25:34 AM,114.4,0,0.0,335049948.75
2025-07-31 09:25:34 AM,114.4,4425,506220.0,335556168.75
2025-07-31 09:25:35 AM,114.45,0,0.0,335556168.75
2025-07-31 09:25:35 AM,114.45,225,25751.25,335581920.0
2025-07-31 09:25:35 AM,114.95,0,0.0,335581920.0
2025-07-31 09:25:36 AM,114.7,0,0.0,335581920.0
2025-07-31 09:25:36 AM,114.75,4350,499162.5,336081082.5
2025-07-31 09:25:36 AM,115.5,0,0.0,336081082.5
2025-07-31 09:25:36 AM,115.5,150,17325.0,336098407.5
2025-07-31 09:25:37 AM,115.0,0,0.0,336098407.5
2025-07-31 09:25:38 AM,115.65,1425,164801.25,336263208.75
2025-07-31 09:25:38 AM,115.4,0,0.0,336263208.75
2025-07-31 09:25:38 AM,115.4,975,112515.0,336375723.75
2025-07-31 09:25:38 AM,115.35,0,0.0,336375723.75
2025-07-31 09:25:39 AM,115.55,0,0.0,336375723.75
2025-07-31 09:25:39 AM,115.65,0,0.0,336375723.75
2025-07-31 09:25:39 AM,115.65,4950,572467.5,336948191.25
2025-07-31 09:25:40 AM,115.5,0,0.0,336948191.25
2025-07-31 09:25:40 AM,115.5,975,112612.5,337060803.75
2025-07-31 09:25:40 AM,115.85,0,0.0,337060803.75
2025-07-31 09:25:41 AM,116.0,0,0.0,337060803.75
2025-07-31 09:25:41 AM,116.35,4650,541027.5,337601831.25
2025-07-31 09:25:41 AM,116.35,150,17452.5,337619283.75
2025-07-31 09:25:42 AM,117.0,0,0.0,337619283.75
2025-07-31 09:25:43 AM,117.6,0,0.0,337619283.75
2025-07-31 09:25:43 AM,117.4,5175,607545.0,338226828.75
2025-07-31 09:25:43 AM,117.3,150,17595.0,338244423.75
2025-07-31 09:25:43 AM,116.3,0,0.0,338244423.75
2025-07-31 09:25:44 AM,116.0,0,0.0,338244423.75
2025-07-31 09:25:44 AM,116.25,0,0.0,338244423.75
2025-07-31 09:25:44 AM,116.6,4800,559680.0,338804103.75
2025-07-31 09:25:45 AM,116.95,0,0.0,338804103.75
2025-07-31 09:25:45 AM,116.95,1350,157882.5,338961986.25
2025-07-31 09:25:45 AM,116.75,0,0.0,338961986.25
2025-07-31 09:25:46 AM,116.45,0,0.0,338961986.25
2025-07-31 09:25:46 AM,116.9,1125,131512.5,339093498.75
2025-07-31 09:25:46 AM,116.15,0,0.0,339093498.75
2025-07-31 09:25:46 AM,116.3,900,104670.0,339198168.75
2025-07-31 09:25:47 AM,116.0,0,0.0,339198168.75
2025-07-31 09:25:47 AM,115.6,0,0.0,339198168.75
2025-07-31 09:25:48 AM,116.3,0,0.0,339198168.75
2025-07-31 09:25:48 AM,116.3,96450,11217135.0,350415303.75
2025-07-31 09:25:48 AM,116.35,75,8726.25,350424030.0
2025-07-31 09:25:49 AM,116.1,0,0.0,350424030.0
2025-07-31 09:25:49 AM,115.95,0,0.0,350424030.0
2025-07-31 09:25:49 AM,116.05,3825,443891.25,350867921.25
2025-07-31 09:25:50 AM,115.4,0,0.0,350867921.25
2025-07-31 09:25:51 AM,115.55,0,0.0,350867921.25
2025-07-31 09:25:51 AM,115.2,4350,501120.0,351369041.25
2025-07-31 09:25:51 AM,115.1,0,0.0,351369041.25
2025-07-31 09:25:51 AM,115.1,150,17265.0,351386306.25
2025-07-31 09:25:52 AM,114.35,0,0.0,351386306.25
2025-07-31 09:25:52 AM,113.55,0,0.0,351386306.25
2025-07-31 09:25:53 AM,114.35,0,0.0,351386306.25
2025-07-31 09:25:53 AM,114.4,18900,2162160.0,353548466.25
2025-07-31 09:25:53 AM,114.3,1800,205740.0,353754206.25
2025-07-31 09:25:53 AM,114.4,0,0.0,353754206.25
2025-07-31 09:25:54 AM,113.8,0,0.0,353754206.25
2025-07-31 09:25:54 AM,113.4,9600,1088640.0,354842846.25
2025-07-31 09:25:55 AM,113.9,0,0.0,354842846.25
2025-07-31 09:25:56 AM,113.85,2550,290317.5,355133163.75
2025-07-31 09:25:56 AM,114.4,150,17160.0,355150323.75
2025-07-31 09:25:57 AM,114.3,0,0.0,355150323.75
2025-07-31 09:25:57 AM,114.75,0,0.0,355150323.75
2025-07-31 09:25:58 AM,115.9,0,0.0,355150323.75
2025-07-31 09:25:58 AM,115.9,13200,1529880.0,356680203.75
2025-07-31 09:25:58 AM,116.5,0,0.0,356680203.75
2025-07-31 09:25:59 AM,116.85,0,0.0,356680203.75
2025-07-31 09:25:59 AM,117.35,0,0.0,356680203.75
2025-07-31 09:25:59 AM,117.0,4650,544050.0,357224253.75
2025-07-31 09:26:00 AM,116.8,0,0.0,357224253.75
2025-07-31 09:26:00 AM,116.9,675,78907.5,357303161.25
2025-07-31 09:26:00 AM,116.2,0,0.0,357303161.25
2025-07-31 09:26:01 AM,117.0,0,0.0,357303161.25
2025-07-31 09:26:01 AM,116.5,2250,262125.0,357565286.25
2025-07-31 09:26:01 AM,116.3,0,0.0,357565286.25
2025-07-31 09:26:01 AM,116.3,75,8722.5,357574008.75
2025-07-31 09:26:02 AM,116.7,0,0.0,357574008.75
2025-07-31 09:26:03 AM,115.9,0,0.0,357574008.75
2025-07-31 09:26:03 AM,115.9,2475,286852.5,357860861.25
2025-07-31 09:26:03 AM,116.05,75,8703.75,357869565.0
2025-07-31 09:26:03 AM,116.3,0,0.0,357869565.0
2025-07-31 09:26:04 AM,116.05,0,0.0,357869565.0
2025-07-31 09:26:04 AM,116.3,0,0.0,357869565.0
2025-07-31 09:26:04 AM,116.3,1125,130837.5,358000402.5
2025-07-31 09:26:05 AM,116.35,0,0.0,358000402.5
2025-07-31 09:26:05 AM,116.3,225,26167.5,358026570.0
2025-07-31 09:26:05 AM,116.1,0,0.0,358026570.0
2025-07-31 09:26:06 AM,115.7,0,0.0,358026570.0
2025-07-31 09:26:06 AM,115.75,2475,286481.25,358313051.25
2025-07-31 09:26:06 AM,116.15,0,0.0,358313051.25
2025-07-31 09:26:06 AM,116.15,75,8711.25,358321762.5
2025-07-31 09:26:07 AM,115.75,0,0.0,358321762.5
2025-07-31 09:26:07 AM,115.25,0,0.0,358321762.5
2025-07-31 09:26:08 AM,115.05,0,0.0,358321762.5
2025-07-31 09:26:08 AM,115.05,1125,129431.25,358451193.75
2025-07-31 09:26:08 AM,115.4,1800,207720.0,358658913.75
2025-07-31 09:26:09 AM,116.0,0,0.0,358658913.75
2025-07-31 09:26:09 AM,116.4,0,0.0,358658913.75
2025-07-31 09:26:09 AM,116.4,1050,122220.0,358781133.75
2025-07-31 09:26:10 AM,116.35,225,26178.75,358807312.5
2025-07-31 09:26:10 AM,116.15,0,0.0,358807312.5
2025-07-31 09:26:11 AM,116.7,0,0.0,358807312.5
2025-07-31 09:26:11 AM,116.15,450,52267.5,358859580.0
2025-07-31 09:26:11 AM,116.1,0,0.0,358859580.0
2025-07-31 09:26:11 AM,116.35,2700,314145.0,359173725.0
2025-07-31 09:26:12 AM,116.65,0,0.0,359173725.0
2025-07-31 09:26:12 AM,116.4,0,0.0,359173725.0
2025-07-31 09:26:13 AM,116.65,0,0.0,359173725.0
2025-07-31 09:26:13 AM,116.65,2025,236216.25,359409941.25
2025-07-31 09:26:13 AM,116.95,225,26313.75,359436255.0
2025-07-31 09:26:13 AM,116.65,0,0.0,359436255.0
2025-07-31 09:26:14 AM,117.35,0,0.0,359436255.0
2025-07-31 09:26:14 AM,117.5,9975,1172062.5,360608317.5
2025-07-31 09:26:15 AM,118.0,0,0.0,360608317.5
2025-07-31 09:26:15 AM,117.95,0,0.0,360608317.5
2025-07-31 09:26:16 AM,117.05,0,0.0,360608317.5
2025-07-31 09:26:16 AM,117.3,3975,466267.5,361074585.0
2025-07-31 09:26:17 AM,117.25,0,0.0,361074585.0
2025-07-31 09:26:17 AM,116.3,0,0.0,361074585.0
2025-07-31 09:26:18 AM,116.7,0,0.0,361074585.0
2025-07-31 09:26:18 AM,116.4,2325,270630.0,361345215.0
2025-07-31 09:26:18 AM,116.5,0,0.0,361345215.0
2025-07-31 09:26:19 AM,117.15,0,0.0,361345215.0
2025-07-31 09:26:19 AM,116.7,2325,271327.5,361616542.5
2025-07-31 09:26:20 AM,116.5,0,0.0,361616542.5
2025-07-31 09:26:21 AM,116.35,0,0.0,361616542.5
2025-07-31 09:26:21 AM,116.25,5550,645187.5,362261730.0
2025-07-31 09:26:21 AM,115.85,75,8688.75,362270418.75
2025-07-31 09:26:22 AM,116.1,0,0.0,362270418.75
2025-07-31 09:26:22 AM,116.45,0,0.0,362270418.75
2025-07-31 09:26:23 AM,117.0,0,0.0,362270418.75
2025-07-31 09:26:23 AM,116.8,2100,245280.0,362515698.75
2025-07-31 09:26:23 AM,116.35,0,0.0,362515698.75
2025-07-31 09:26:24 AM,116.3,0,0.0,362515698.75
2025-07-31 09:26:24 AM,116.8,0,0.0,362515698.75
2025-07-31 09:26:24 AM,116.65,2700,314955.0,362830653.75
2025-07-31 09:26:25 AM,116.5,75,8737.5,362839391.25
2025-07-31 09:26:25 AM,116.75,0,0.0,362839391.25
2025-07-31 09:26:26 AM,116.4,0,0.0,362839391.25
2025-07-31 09:26:26 AM,116.7,1875,218812.5,363058203.75
2025-07-31 09:26:26 AM,116.8,1800,210240.0,363268443.75
2025-07-31 09:26:27 AM,117.25,0,0.0,363268443.75
2025-07-31 09:26:27 AM,116.15,0,0.0,363268443.75
2025-07-31 09:26:28 AM,115.75,0,0.0,363268443.75
2025-07-31 09:26:28 AM,116.15,12525,1454778.75,364723222.5
2025-07-31 09:26:28 AM,115.9,0,0.0,364723222.5
2025-07-31 09:26:29 AM,115.5,0,0.0,364723222.5
2025-07-31 09:26:29 AM,115.85,0,0.0,364723222.5
2025-07-31 09:26:29 AM,116.0,2550,295800.0,365019022.5
2025-07-31 09:26:30 AM,115.75,600,69450.0,365088472.5
2025-07-31 09:26:30 AM,115.4,0,0.0,365088472.5
2025-07-31 09:26:30 AM,115.3,0,0.0,365088472.5
2025-07-31 09:26:31 AM,114.75,0,0.0,365088472.5
2025-07-31 09:26:31 AM,114.4,3600,411840.0,365500312.5
2025-07-31 09:26:31 AM,114.35,150,17152.5,365517465.0
2025-07-31 09:26:32 AM,114.1,0,0.0,365517465.0
2025-07-31 09:26:32 AM,114.0,0,0.0,365517465.0
2025-07-31 09:26:33 AM,114.25,0,0.0,365517465.0
2025-07-31 09:26:33 AM,113.95,5550,632422.5,366149887.5
2025-07-31 09:26:34 AM,114.0,0,0.0,366149887.5
2025-07-31 09:26:34 AM,113.0,0,0.0,366149887.5
2025-07-31 09:26:35 AM,112.55,525,59088.75,366208976.25
2025-07-31 09:26:35 AM,112.25,75,8418.75,366217395.0
2025-07-31 09:26:35 AM,112.35,0,0.0,366217395.0
2025-07-31 09:26:35 AM,113.2,0,0.0,366217395.0
2025-07-31 09:26:36 AM,112.7,0,0.0,366217395.0
2025-07-31 09:26:36 AM,112.55,3825,430503.75,366647898.75
2025-07-31 09:26:37 AM,112.4,0,0.0,366647898.75
2025-07-31 09:26:37 AM,112.35,0,0.0,366647898.75
2025-07-31 09:26:38 AM,112.95,0,0.0,366647898.75
2025-07-31 09:26:38 AM,112.75,4650,524287.5,367172186.25
2025-07-31 09:26:39 AM,113.65,0,0.0,367172186.25
2025-07-31 09:26:39 AM,113.0,0,0.0,367172186.25
2025-07-31 09:26:40 AM,112.7,450,50715.0,367222901.25
2025-07-31 09:26:40 AM,113.0,0,0.0,367222901.25
2025-07-31 09:26:40 AM,112.0,0,0.0,367222901.25
2025-07-31 09:26:41 AM,112.05,0,0.0,367222901.25
2025-07-31 09:26:41 AM,111.9,3000,335700.0,367558601.25
2025-07-31 09:26:41 AM,112.2,2100,235620.0,367794221.25
2025-07-31 09:26:42 AM,112.0,0,0.0,367794221.25
2025-07-31 09:26:43 AM,111.1,0,0.0,367794221.25
2025-07-31 09:26:43 AM,111.0,3975,441225.0,368235446.25
2025-07-31 09:26:44 AM,110.4,0,0.0,368235446.25
2025-07-31 09:26:45 AM,110.4,2625,289800.0,368525246.25
2025-07-31 09:26:45 AM,110.1,0,0.0,368525246.25
2025-07-31 09:26:45 AM,109.85,0,0.0,368525246.25
2025-07-31 09:26:46 AM,109.6,0,0.0,368525246.25
2025-07-31 09:26:46 AM,109.6,8175,895980.0,369421226.25
2025-07-31 09:26:47 AM,109.5,0,0.0,369421226.25
2025-07-31 09:26:47 AM,109.55,0,0.0,369421226.25
2025-07-31 09:26:48 AM,109.6,4725,517860.0,369939086.25
2025-07-31 09:26:48 AM,109.55,0,0.0,369939086.25
2025-07-31 09:26:49 AM,109.35,0,0.0,369939086.25
2025-07-31 09:26:49 AM,109.05,0,0.0,369939086.25
2025-07-31 09:26:50 AM,109.05,3000,327150.0,370266236.25
2025-07-31 09:26:50 AM,109.0,75,8175.0,370274411.25
2025-07-31 09:26:50 AM,108.8,0,0.0,370274411.25
2025-07-31 09:26:50 AM,108.7,0,0.0,370274411.25
2025-07-31 09:26:51 AM,108.4,0,0.0,370274411.25
2025-07-31 09:26:51 AM,108.25,1725,186731.25,370461142.5
2025-07-31 09:26:51 AM,108.25,825,89306.25,370550448.75
2025-07-31 09:26:52 AM,108.45,0,0.0,370550448.75
2025-07-31 09:26:52 AM,108.05,0,0.0,370550448.75
2025-07-31 09:26:53 AM,108.65,0,0.0,370550448.75
2025-07-31 09:26:53 AM,108.45,5550,601897.5,371152346.25
2025-07-31 09:26:53 AM,108.9,0,0.0,371152346.25
2025-07-31 09:26:54 AM,109.35,0,0.0,371152346.25
2025-07-31 09:26:55 AM,109.7,6300,691110.0,371843456.25
2025-07-31 09:26:55 AM,110.0,1200,132000.0,371975456.25
2025-07-31 09:26:55 AM,110.05,0,0.0,371975456.25
2025-07-31 09:26:56 AM,109.6,0,0.0,371975456.25
2025-07-31 09:26:56 AM,109.3,0,0.0,371975456.25
2025-07-31 09:26:56 AM,109.3,2400,262320.0,372237776.25
2025-07-31 09:26:56 AM,109.15,150,16372.5,372254148.75
2025-07-31 09:26:57 AM,109.75,0,0.0,372254148.75
2025-07-31 09:26:57 AM,109.35,0,0.0,372254148.75
2025-07-31 09:26:58 AM,109.1,0,0.0,372254148.75
2025-07-31 09:26:58 AM,109.0,3375,367875.0,372622023.75
2025-07-31 09:26:58 AM,108.75,375,40781.25,372662805.0
2025-07-31 09:26:58 AM,108.8,0,0.0,372662805.0
2025-07-31 09:26:59 AM,109.1,0,0.0,372662805.0
2025-07-31 09:27:00 AM,108.0,0,0.0,372662805.0
2025-07-31 09:27:00 AM,108.0,9375,1012500.0,373675305.0
2025-07-31 09:27:00 AM,108.3,375,40612.5,373715917.5
2025-07-31 09:27:00 AM,107.9,0,0.0,373715917.5
2025-07-31 09:27:00 AM,108.35,0,0.0,373715917.5
2025-07-31 09:27:01 AM,108.3,0,0.0,373715917.5
