date,price,qty,trnvr,cum_trnvr
2025-07-31 09:15:00 AM,164.5,4200,690900.0,690900.0
2025-07-31 09:15:00 AM,164.25,750,123187.5,814087.5
2025-07-31 09:15:00 AM,161.15,0,0.0,814087.5
2025-07-31 09:15:01 AM,155.05,0,0.0,814087.5
2025-07-31 09:15:01 AM,155.1,0,0.0,814087.5
2025-07-31 09:15:01 AM,155.25,27000,4191750.0,5005837.5
2025-07-31 09:15:02 AM,157.8,2325,366885.0,5372722.5
2025-07-31 09:15:02 AM,164.75,0,0.0,5372722.5
2025-07-31 09:15:02 AM,161.5,0,0.0,5372722.5
2025-07-31 09:15:03 AM,161.35,47775,7708496.25,13081218.75
2025-07-31 09:15:03 AM,166.9,900,150210.0,13231428.75
2025-07-31 09:15:03 AM,161.8,0,0.0,13231428.75
2025-07-31 09:15:04 AM,164.85,0,0.0,13231428.75
2025-07-31 09:15:04 AM,158.55,0,0.0,13231428.75
2025-07-31 09:15:04 AM,166.25,0,0.0,13231428.75
2025-07-31 09:15:05 AM,166.5,41550,6918075.0,20149503.75
2025-07-31 09:15:05 AM,161.0,5400,869400.0,21018903.75
2025-07-31 09:15:05 AM,162.55,0,0.0,21018903.75
2025-07-31 09:15:05 AM,157.85,0,0.0,21018903.75
2025-07-31 09:15:06 AM,156.9,33225,5213002.5,26231906.25
2025-07-31 09:15:06 AM,161.25,600,96750.0,26328656.25
2025-07-31 09:15:06 AM,160.3,0,0.0,26328656.25
2025-07-31 09:15:07 AM,161.35,0,0.0,26328656.25
2025-07-31 09:15:07 AM,158.5,0,0.0,26328656.25
2025-07-31 09:15:07 AM,158.8,0,0.0,26328656.25
2025-07-31 09:15:08 AM,160.55,35625,5719593.75,32048250.0
2025-07-31 09:15:08 AM,160.1,4275,684427.5,32732677.5
2025-07-31 09:15:08 AM,163.0,0,0.0,32732677.5
2025-07-31 09:15:09 AM,160.8,0,0.0,32732677.5
2025-07-31 09:15:09 AM,160.65,0,0.0,32732677.5
2025-07-31 09:15:09 AM,160.05,0,0.0,32732677.5
2025-07-31 09:15:09 AM,160.05,33975,5437698.75,38170376.25
2025-07-31 09:15:10 AM,160.6,2775,445665.0,38616041.25
2025-07-31 09:15:10 AM,153.9,0,0.0,38616041.25
2025-07-31 09:15:11 AM,155.0,0,0.0,38616041.25
2025-07-31 09:15:11 AM,151.85,38775,5887983.75,44504025.0
2025-07-31 09:15:11 AM,153.0,5925,906525.0,45410550.0
2025-07-31 09:15:11 AM,151.95,0,0.0,45410550.0
2025-07-31 09:15:12 AM,149.4,0,0.0,45410550.0
2025-07-31 09:15:12 AM,149.55,0,0.0,45410550.0
2025-07-31 09:15:13 AM,147.75,38475,5684681.25,51095231.25
2025-07-31 09:15:13 AM,147.7,2550,376635.0,51471866.25
2025-07-31 09:15:13 AM,148.35,0,0.0,51471866.25
2025-07-31 09:15:13 AM,147.7,0,0.0,51471866.25
2025-07-31 09:15:14 AM,149.1,0,0.0,51471866.25
2025-07-31 09:15:14 AM,147.25,10950,1612387.5,53084253.75
2025-07-31 09:15:15 AM,149.1,750,111825.0,53196078.75
2025-07-31 09:15:15 AM,147.55,0,0.0,53196078.75
2025-07-31 09:15:15 AM,151.0,0,0.0,53196078.75
2025-07-31 09:15:15 AM,151.9,0,0.0,53196078.75
2025-07-31 09:15:16 AM,152.45,23025,3510161.2499999995,56706240.0
2025-07-31 09:15:16 AM,154.5,750,115875.0,56822115.0
2025-07-31 09:15:16 AM,153.6,0,0.0,56822115.0
2025-07-31 09:15:16 AM,152.85,0,0.0,56822115.0
2025-07-31 09:15:17 AM,153.45,0,0.0,56822115.0
2025-07-31 09:15:18 AM,151.65,0,0.0,56822115.0
2025-07-31 09:15:18 AM,151.95,17700,2689515.0,59511630.0
2025-07-31 09:15:18 AM,152.45,1200,182940.0,59694570.0
2025-07-31 09:15:18 AM,151.9,0,0.0,59694570.0
2025-07-31 09:15:19 AM,150.5,0,0.0,59694570.0
2025-07-31 09:15:19 AM,150.6,23925,3603105.0,63297675.0
2025-07-31 09:15:19 AM,151.65,0,0.0,63297675.0
2025-07-31 09:15:20 AM,149.45,900,134505.0,63432180.0
2025-07-31 09:15:20 AM,150.35,0,0.0,63432180.0
2025-07-31 09:15:21 AM,150.55,0,0.0,63432180.0
2025-07-31 09:15:21 AM,151.0,14550,2197050.0,65629230.0
2025-07-31 09:15:21 AM,150.9,600,90540.0,65719770.0
2025-07-31 09:15:21 AM,149.15,0,0.0,65719770.0
2025-07-31 09:15:22 AM,149.85,0,0.0,65719770.0
2025-07-31 09:15:22 AM,150.95,0,0.0,65719770.0
2025-07-31 09:15:23 AM,150.85,0,0.0,65719770.0
2025-07-31 09:15:23 AM,151.15,18300,2766045.0,68485815.0
2025-07-31 09:15:23 AM,150.15,75,11261.25,68497076.25
2025-07-31 09:15:23 AM,149.75,0,0.0,68497076.25
2025-07-31 09:15:23 AM,150.5,0,0.0,68497076.25
2025-07-31 09:15:24 AM,150.25,0,0.0,68497076.25
2025-07-31 09:15:24 AM,150.0,13725,2058750.0,70555826.25
2025-07-31 09:15:25 AM,150.0,1575,236250.0,70792076.25
2025-07-31 09:15:25 AM,150.25,0,0.0,70792076.25
2025-07-31 09:15:25 AM,150.2,0,0.0,70792076.25
2025-07-31 09:15:26 AM,150.35,22575,3394151.25,74186227.5
2025-07-31 09:15:26 AM,150.15,75,11261.25,74197488.75
2025-07-31 09:15:26 AM,149.7,0,0.0,74197488.75
2025-07-31 09:15:27 AM,150.25,0,0.0,74197488.75
2025-07-31 09:15:28 AM,150.0,0,0.0,74197488.75
2025-07-31 09:15:28 AM,149.85,10650,1595902.5,75793391.25
2025-07-31 09:15:28 AM,150.0,375,56250.0,75849641.25
2025-07-31 09:15:28 AM,149.75,0,0.0,75849641.25
2025-07-31 09:15:29 AM,149.85,0,0.0,75849641.25
2025-07-31 09:15:29 AM,148.95,0,0.0,75849641.25
2025-07-31 09:15:29 AM,149.3,0,0.0,75849641.25
2025-07-31 09:15:29 AM,149.25,12975,1936518.75,77786160.0
2025-07-31 09:15:30 AM,149.25,2100,313425.0,78099585.0
2025-07-31 09:15:30 AM,150.3,0,0.0,78099585.0
2025-07-31 09:15:30 AM,149.85,0,0.0,78099585.0
2025-07-31 09:15:31 AM,150.7,14325,2158777.5,80258362.5
2025-07-31 09:15:31 AM,151.7,5550,841934.9999999999,81100297.5
2025-07-31 09:15:31 AM,150.15,0,0.0,81100297.5
2025-07-31 09:15:31 AM,149.75,0,0.0,81100297.5
2025-07-31 09:15:32 AM,151.8,0,0.0,81100297.5
2025-07-31 09:15:33 AM,151.05,8100,1223505.0,82323802.5
2025-07-31 09:15:33 AM,152.15,2175,330926.25,82654728.75
2025-07-31 09:15:33 AM,154.5,0,0.0,82654728.75
2025-07-31 09:15:34 AM,154.55,0,0.0,82654728.75
2025-07-31 09:15:34 AM,154.4,14250,2200200.0,84854928.75
2025-07-31 09:15:34 AM,153.5,0,0.0,84854928.75
2025-07-31 09:15:35 AM,152.95,0,0.0,84854928.75
2025-07-31 09:15:35 AM,152.95,1200,183540.0,85038468.75
2025-07-31 09:15:35 AM,153.9,0,0.0,85038468.75
2025-07-31 09:15:36 AM,153.1,0,0.0,85038468.75
2025-07-31 09:15:36 AM,154.15,10425,1607013.75,86645482.5
2025-07-31 09:15:36 AM,153.35,375,57506.25,86702988.75
2025-07-31 09:15:36 AM,154.5,0,0.0,86702988.75
2025-07-31 09:15:37 AM,154.15,0,0.0,86702988.75
2025-07-31 09:15:37 AM,153.55,0,0.0,86702988.75
2025-07-31 09:15:37 AM,152.95,0,0.0,86702988.75
2025-07-31 09:15:38 AM,153.25,16650,2551612.5,89254601.25
2025-07-31 09:15:38 AM,153.4,2775,425685.0,89680286.25
2025-07-31 09:15:38 AM,153.45,0,0.0,89680286.25
2025-07-31 09:15:39 AM,153.55,0,0.0,89680286.25
2025-07-31 09:15:39 AM,153.45,0,0.0,89680286.25
2025-07-31 09:15:39 AM,153.3,0,0.0,89680286.25
2025-07-31 09:15:39 AM,153.45,20700,3176414.9999999995,92856701.25
2025-07-31 09:15:40 AM,153.65,750,115237.5,92971938.75
2025-07-31 09:15:40 AM,155.0,0,0.0,92971938.75
2025-07-31 09:15:41 AM,154.95,0,0.0,92971938.75
2025-07-31 09:15:41 AM,154.1,15900,2450190.0,95422128.75
2025-07-31 09:15:41 AM,154.3,900,138870.0,95560998.75
2025-07-31 09:15:41 AM,155.0,0,0.0,95560998.75
2025-07-31 09:15:41 AM,154.15,0,0.0,95560998.75
2025-07-31 09:15:42 AM,154.0,0,0.0,95560998.75
2025-07-31 09:15:43 AM,154.1,18525,2854702.5,98415701.25
2025-07-31 09:15:43 AM,154.0,375,57750.0,98473451.25
2025-07-31 09:15:43 AM,155.2,0,0.0,98473451.25
2025-07-31 09:15:44 AM,155.1,0,0.0,98473451.25
2025-07-31 09:15:44 AM,154.8,0,0.0,98473451.25
2025-07-31 09:15:44 AM,155.0,0,0.0,98473451.25
2025-07-31 09:15:44 AM,155.1,18000,2791800.0,101265251.25
2025-07-31 09:15:45 AM,155.6,675,105030.0,101370281.25
2025-07-31 09:15:45 AM,155.95,0,0.0,101370281.25
2025-07-31 09:15:46 AM,155.45,0,0.0,101370281.25
2025-07-31 09:15:46 AM,155.2,7875,1222200.0,102592481.25
2025-07-31 09:15:46 AM,155.1,1575,244282.5,102836763.75
2025-07-31 09:15:46 AM,154.85,0,0.0,102836763.75
2025-07-31 09:15:46 AM,155.0,0,0.0,102836763.75
2025-07-31 09:15:47 AM,153.55,0,0.0,102836763.75
2025-07-31 09:15:48 AM,153.2,14025,2148630.0,104985393.75
2025-07-31 09:15:48 AM,153.1,750,114825.0,105100218.75
2025-07-31 09:15:48 AM,151.75,0,0.0,105100218.75
2025-07-31 09:15:48 AM,152.1,0,0.0,105100218.75
2025-07-31 09:15:49 AM,152.5,0,0.0,105100218.75
2025-07-31 09:15:49 AM,151.8,17850,2709630.0,107809848.75
2025-07-31 09:15:50 AM,152.15,0,0.0,107809848.75
2025-07-31 09:15:50 AM,152.15,75,11411.25,107821260.0
2025-07-31 09:15:50 AM,151.6,0,0.0,107821260.0
2025-07-31 09:15:50 AM,151.55,0,0.0,107821260.0
2025-07-31 09:15:51 AM,152.7,9000,1374300.0,109195560.0
2025-07-31 09:15:51 AM,153.5,3150,483525.0,109679085.0
2025-07-31 09:15:52 AM,153.1,0,0.0,109679085.0
2025-07-31 09:15:52 AM,153.6,0,0.0,109679085.0
2025-07-31 09:15:52 AM,152.35,0,0.0,109679085.0
2025-07-31 09:15:53 AM,152.1,11775,1790977.5,111470062.5
2025-07-31 09:15:53 AM,151.45,450,68152.5,111538215.0
2025-07-31 09:15:53 AM,151.8,0,0.0,111538215.0
2025-07-31 09:15:54 AM,151.45,0,0.0,111538215.0
2025-07-31 09:15:54 AM,152.9,0,0.0,111538215.0
2025-07-31 09:15:54 AM,152.9,12225,1869202.5,113407417.5
2025-07-31 09:15:55 AM,152.8,375,57300.00000000001,113464717.5
2025-07-31 09:15:56 AM,151.1,0,0.0,113464717.5
2025-07-31 09:15:56 AM,151.55,0,0.0,113464717.5
2025-07-31 09:15:56 AM,150.75,20250,3052687.5,116517405.0
2025-07-31 09:15:56 AM,151.0,75,11325.0,116528730.0
2025-07-31 09:15:56 AM,151.5,0,0.0,116528730.0
2025-07-31 09:15:56 AM,151.95,0,0.0,116528730.0
2025-07-31 09:15:57 AM,152.9,0,0.0,116528730.0
2025-07-31 09:15:57 AM,152.8,0,0.0,116528730.0
2025-07-31 09:15:58 AM,153.0,8250,1262250.0,117790980.0
2025-07-31 09:15:58 AM,153.0,4875,745875.0,118536855.0
2025-07-31 09:15:59 AM,152.5,0,0.0,118536855.0
2025-07-31 09:15:59 AM,152.65,0,0.0,118536855.0
2025-07-31 09:15:59 AM,153.9,0,0.0,118536855.0
2025-07-31 09:15:59 AM,153.45,0,0.0,118536855.0
2025-07-31 09:15:59 AM,153.35,10950,1679182.5,120216037.5
2025-07-31 09:16:00 AM,153.6,4500,691200.0,120907237.5
2025-07-31 09:16:01 AM,155.0,0,0.0,120907237.5
2025-07-31 09:16:01 AM,156.65,0,0.0,120907237.5
2025-07-31 09:16:01 AM,155.65,44100,6864165.0,127771402.5
2025-07-31 09:16:02 AM,155.5,0,0.0,127771402.5
2025-07-31 09:16:02 AM,155.45,0,0.0,127771402.5
2025-07-31 09:16:03 AM,155.55,7575,1178291.25,128949693.75
2025-07-31 09:16:03 AM,156.2,225,35145.0,128984838.75
2025-07-31 09:16:03 AM,157.0,0,0.0,128984838.75
2025-07-31 09:16:04 AM,158.15,0,0.0,128984838.75
2025-07-31 09:16:04 AM,158.25,0,0.0,128984838.75
2025-07-31 09:16:04 AM,158.5,8850,1402725.0,130387563.75
2025-07-31 09:16:05 AM,157.95,0,0.0,130387563.75
2025-07-31 09:16:05 AM,158.3,2250,356175.0,130743738.75
2025-07-31 09:16:05 AM,159.5,0,0.0,130743738.75
2025-07-31 09:16:05 AM,159.85,0,0.0,130743738.75
2025-07-31 09:16:06 AM,162.5,26475,4302187.5,135045926.25
2025-07-31 09:16:06 AM,162.05,0,0.0,135045926.25
2025-07-31 09:16:07 AM,162.0,0,0.0,135045926.25
2025-07-31 09:16:07 AM,161.55,0,0.0,135045926.25
2025-07-31 09:16:08 AM,162.35,0,0.0,135045926.25
2025-07-31 09:16:08 AM,162.65,15750,2561737.5,137607663.75
2025-07-31 09:16:08 AM,162.55,600,97530.0,137705193.75
2025-07-31 09:16:08 AM,163.5,0,0.0,137705193.75
2025-07-31 09:16:09 AM,163.4,0,0.0,137705193.75
2025-07-31 09:16:09 AM,164.35,15675,2576186.25,140281380.0
2025-07-31 09:16:10 AM,164.8,0,0.0,140281380.0
2025-07-31 09:16:10 AM,165.0,0,0.0,140281380.0
2025-07-31 09:16:10 AM,164.5,2625,431812.5,140713192.5
2025-07-31 09:16:10 AM,164.85,0,0.0,140713192.5
2025-07-31 09:16:11 AM,165.15,0,0.0,140713192.5
2025-07-31 09:16:11 AM,164.45,16575,2725758.75,143438951.25
2025-07-31 09:16:11 AM,165.55,2025,335238.75,143774190.0
2025-07-31 09:16:11 AM,166.0,0,0.0,143774190.0
2025-07-31 09:16:11 AM,165.5,0,0.0,143774190.0
2025-07-31 09:16:12 AM,166.9,0,0.0,143774190.0
2025-07-31 09:16:13 AM,165.45,0,0.0,143774190.0
2025-07-31 09:16:13 AM,166.3,7050,1172415.0,144946605.0
2025-07-31 09:16:13 AM,165.95,450,74677.5,145021282.5
2025-07-31 09:16:13 AM,166.65,0,0.0,145021282.5
2025-07-31 09:16:14 AM,167.1,0,0.0,145021282.5
2025-07-31 09:16:14 AM,166.8,0,0.0,145021282.5
2025-07-31 09:16:14 AM,167.45,17025,2850836.25,147872118.75
2025-07-31 09:16:15 AM,167.75,0,0.0,147872118.75
2025-07-31 09:16:15 AM,168.0,2625,441000.0,148313118.75
2025-07-31 09:16:16 AM,165.5,0,0.0,148313118.75
2025-07-31 09:16:16 AM,165.95,0,0.0,148313118.75
2025-07-31 09:16:16 AM,166.8,11850,1976580.0000000002,150289698.75
2025-07-31 09:16:16 AM,166.9,675,112657.5,150402356.25
2025-07-31 09:16:17 AM,167.05,0,0.0,150402356.25
2025-07-31 09:16:18 AM,166.8,0,0.0,150402356.25
2025-07-31 09:16:18 AM,167.3,0,0.0,150402356.25
2025-07-31 09:16:18 AM,167.1,7425,1240717.5,151643073.75
2025-07-31 09:16:18 AM,166.6,375,62475.0,151705548.75
2025-07-31 09:16:19 AM,166.05,0,0.0,151705548.75
2025-07-31 09:16:19 AM,165.9,0,0.0,151705548.75
2025-07-31 09:16:19 AM,166.15,0,0.0,151705548.75
2025-07-31 09:16:19 AM,166.35,0,0.0,151705548.75
2025-07-31 09:16:19 AM,165.6,22725,3763260.0,155468808.75
2025-07-31 09:16:20 AM,165.2,525,86730.0,155555538.75
2025-07-31 09:16:20 AM,165.75,0,0.0,155555538.75
2025-07-31 09:16:20 AM,165.95,0,0.0,155555538.75
2025-07-31 09:16:21 AM,167.5,13575,2273812.5,157829351.25
2025-07-31 09:16:21 AM,168.0,1425,239400.0,158068751.25
2025-07-31 09:16:22 AM,169.0,0,0.0,158068751.25
2025-07-31 09:16:22 AM,167.9,0,0.0,158068751.25
2025-07-31 09:16:22 AM,167.2,0,0.0,158068751.25
2025-07-31 09:16:22 AM,167.4,0,0.0,158068751.25
2025-07-31 09:16:23 AM,167.15,24375,4074281.25,162143032.5
2025-07-31 09:16:23 AM,167.75,450,75487.5,162218520.0
2025-07-31 09:16:24 AM,166.85,0,0.0,162218520.0
2025-07-31 09:16:24 AM,167.35,0,0.0,162218520.0
2025-07-31 09:16:24 AM,168.0,0,0.0,162218520.0
2025-07-31 09:16:24 AM,168.75,0,0.0,162218520.0
2025-07-31 09:16:25 AM,168.4,13575,2286030.0,164504550.0
2025-07-31 09:16:25 AM,169.3,525,88882.5,164593432.5
2025-07-31 09:16:25 AM,168.25,0,0.0,164593432.5
2025-07-31 09:16:25 AM,168.7,0,0.0,164593432.5
2025-07-31 09:16:26 AM,169.1,9750,1648725.0,166242157.5
2025-07-31 09:16:26 AM,168.7,2025,341617.5,166583775.0
2025-07-31 09:16:26 AM,168.95,0,0.0,166583775.0
2025-07-31 09:16:27 AM,168.75,0,0.0,166583775.0
2025-07-31 09:16:27 AM,168.9,0,0.0,166583775.0
2025-07-31 09:16:28 AM,168.7,0,0.0,166583775.0
2025-07-31 09:16:28 AM,168.45,13200,2223540.0,168807315.0
2025-07-31 09:16:28 AM,168.0,0,0.0,168807315.0
2025-07-31 09:16:28 AM,168.8,0,0.0,168807315.0
2025-07-31 09:16:29 AM,168.95,0,0.0,168807315.0
2025-07-31 09:16:30 AM,168.75,23100,3898125.0,172705440.0
2025-07-31 09:16:30 AM,168.55,225,37923.75,172743363.75
2025-07-31 09:16:30 AM,167.65,0,0.0,172743363.75
2025-07-31 09:16:30 AM,168.4,0,0.0,172743363.75
2025-07-31 09:16:31 AM,167.7,11475,1924357.4999999998,174667721.25
2025-07-31 09:16:31 AM,168.25,150,25237.5,174692958.75
2025-07-31 09:16:31 AM,168.4,0,0.0,174692958.75
2025-07-31 09:16:32 AM,165.8,0,0.0,174692958.75
2025-07-31 09:16:33 AM,165.9,0,0.0,174692958.75
2025-07-31 09:16:33 AM,164.7,25275,4162792.4999999995,178855751.25
2025-07-31 09:16:33 AM,164.5,20775,3417487.5,182273238.75
2025-07-31 09:16:33 AM,162.55,0,0.0,182273238.75
2025-07-31 09:16:34 AM,161.75,0,0.0,182273238.75
2025-07-31 09:16:35 AM,165.9,41325,6855817.5,189129056.25
2025-07-31 09:16:35 AM,165.0,0,0.0,189129056.25
2025-07-31 09:16:35 AM,165.0,3150,519750.0,189648806.25
2025-07-31 09:16:36 AM,166.95,0,0.0,189648806.25
2025-07-31 09:16:36 AM,167.35,0,0.0,189648806.25
2025-07-31 09:16:36 AM,167.45,8475,1419138.75,191067945.0
2025-07-31 09:16:36 AM,167.15,150,25072.5,191093017.5
2025-07-31 09:16:36 AM,167.55,0,0.0,191093017.5
2025-07-31 09:16:37 AM,167.35,0,0.0,191093017.5
2025-07-31 09:16:37 AM,167.2,0,0.0,191093017.5
2025-07-31 09:16:38 AM,167.35,12750,2133712.5,193226730.0
2025-07-31 09:16:38 AM,167.45,300,50235.0,193276965.0
2025-07-31 09:16:38 AM,167.0,0,0.0,193276965.0
2025-07-31 09:16:38 AM,166.6,0,0.0,193276965.0
2025-07-31 09:16:40 AM,166.95,7425,1239603.75,194516568.75
2025-07-31 09:16:40 AM,166.8,0,0.0,194516568.75
2025-07-31 09:16:40 AM,166.8,450,75060.0,194591628.75
2025-07-31 09:16:40 AM,165.8,0,0.0,194591628.75
2025-07-31 09:16:41 AM,166.35,4650,773527.5,195365156.25
2025-07-31 09:16:41 AM,165.8,525,87045.0,195452201.25
2025-07-31 09:16:41 AM,165.7,0,0.0,195452201.25
2025-07-31 09:16:42 AM,165.5,0,0.0,195452201.25
2025-07-31 09:16:43 AM,166.0,0,0.0,195452201.25
2025-07-31 09:16:43 AM,165.55,7275,1204376.25,196656577.5
2025-07-31 09:16:43 AM,166.0,0,0.0,196656577.5
2025-07-31 09:16:45 AM,166.1,0,0.0,196656577.5
2025-07-31 09:16:45 AM,166.1,3900,647790.0,197304367.5
2025-07-31 09:16:45 AM,165.7,0,0.0,197304367.5
2025-07-31 09:16:45 AM,165.7,1050,173985.0,197478352.5
2025-07-31 09:16:45 AM,167.1,0,0.0,197478352.5
2025-07-31 09:16:45 AM,166.5,0,0.0,197478352.5
2025-07-31 09:16:46 AM,166.45,3975,661638.75,198139991.25
2025-07-31 09:16:46 AM,167.0,150,25050.0,198165041.25
2025-07-31 09:16:46 AM,166.35,0,0.0,198165041.25
2025-07-31 09:16:48 AM,167.25,0,0.0,198165041.25
2025-07-31 09:16:48 AM,168.35,0,0.0,198165041.25
2025-07-31 09:16:48 AM,168.0,9900,1663200.0,199828241.25
2025-07-31 09:16:48 AM,167.55,450,75397.5,199903638.75
2025-07-31 09:16:48 AM,168.5,0,0.0,199903638.75
2025-07-31 09:16:48 AM,169.15,0,0.0,199903638.75
2025-07-31 09:16:50 AM,169.05,0,0.0,199903638.75
2025-07-31 09:16:50 AM,169.05,11400,1927170.0000000002,201830808.75
2025-07-31 09:16:50 AM,169.25,1500,253875.0,202084683.75
2025-07-31 09:16:50 AM,168.9,0,0.0,202084683.75
2025-07-31 09:16:51 AM,168.3,11250,1893375.0000000002,203978058.75
2025-07-31 09:16:51 AM,167.95,300,50385.0,204028443.75
2025-07-31 09:16:51 AM,167.85,0,0.0,204028443.75
2025-07-31 09:16:51 AM,168.0,0,0.0,204028443.75
2025-07-31 09:16:53 AM,167.55,0,0.0,204028443.75
2025-07-31 09:16:53 AM,168.7,2850,480794.99999999994,204509238.75
2025-07-31 09:16:53 AM,167.95,300,50385.0,204559623.75
2025-07-31 09:16:53 AM,168.25,0,0.0,204559623.75
2025-07-31 09:16:53 AM,168.1,0,0.0,204559623.75
2025-07-31 09:16:54 AM,168.35,0,0.0,204559623.75
2025-07-31 09:16:55 AM,168.25,5100,858075.0,205417698.75
2025-07-31 09:16:55 AM,168.3,225,37867.5,205455566.25
2025-07-31 09:16:55 AM,169.25,0,0.0,205455566.25
2025-07-31 09:16:56 AM,169.55,0,0.0,205455566.25
2025-07-31 09:16:56 AM,169.05,3150,532507.5,205988073.75
2025-07-31 09:16:56 AM,168.75,75,12656.25,206000730.0
2025-07-31 09:16:57 AM,169.55,0,0.0,206000730.0
2025-07-31 09:16:57 AM,169.35,0,0.0,206000730.0
2025-07-31 09:16:58 AM,168.65,5625,948656.25,206949386.25
2025-07-31 09:16:58 AM,168.9,225,38002.5,206987388.75
2025-07-31 09:16:58 AM,169.45,0,0.0,206987388.75
2025-07-31 09:16:59 AM,168.8,0,0.0,206987388.75
2025-07-31 09:16:59 AM,169.3,0,0.0,206987388.75
2025-07-31 09:17:00 AM,168.85,5475,924453.75,207911842.5
2025-07-31 09:17:00 AM,168.95,0,0.0,207911842.5
2025-07-31 09:17:00 AM,169.0,900,152100.0,208063942.5
2025-07-31 09:17:00 AM,170.0,0,0.0,208063942.5
2025-07-31 09:17:01 AM,170.05,11925,2027846.2500000002,210091788.75
2025-07-31 09:17:01 AM,169.15,150,25372.5,210117161.25
2025-07-31 09:17:01 AM,169.35,0,0.0,210117161.25
2025-07-31 09:17:02 AM,169.65,0,0.0,210117161.25
2025-07-31 09:17:02 AM,169.75,0,0.0,210117161.25
2025-07-31 09:17:03 AM,170.75,0,0.0,210117161.25
2025-07-31 09:17:03 AM,170.3,21975,3742342.5000000005,213859503.75
2025-07-31 09:17:03 AM,171.0,375,64125.0,213923628.75
2025-07-31 09:17:03 AM,170.6,0,0.0,213923628.75
2025-07-31 09:17:03 AM,170.55,0,0.0,213923628.75
2025-07-31 09:17:05 AM,171.1,0,0.0,213923628.75
2025-07-31 09:17:05 AM,171.1,7800,1334580.0,215258208.75
2025-07-31 09:17:05 AM,171.0,0,0.0,215258208.75
2025-07-31 09:17:05 AM,171.0,600,102600.0,215360808.75
2025-07-31 09:17:05 AM,169.2,0,0.0,215360808.75
2025-07-31 09:17:05 AM,169.7,0,0.0,215360808.75
2025-07-31 09:17:06 AM,169.4,22950,3887730.0,219248538.75
2025-07-31 09:17:06 AM,170.5,225,38362.5,219286901.25
2025-07-31 09:17:07 AM,171.0,0,0.0,219286901.25
2025-07-31 09:17:07 AM,171.05,0,0.0,219286901.25
2025-07-31 09:17:08 AM,171.45,0,0.0,219286901.25
2025-07-31 09:17:08 AM,171.75,11175,1919306.25,221206207.5
2025-07-31 09:17:08 AM,171.55,12300,2110065.0,223316272.5
2025-07-31 09:17:08 AM,172.25,0,0.0,223316272.5
2025-07-31 09:17:09 AM,172.5,0,0.0,223316272.5
2025-07-31 09:17:09 AM,173.45,0,0.0,223316272.5
2025-07-31 09:17:10 AM,172.9,10425,1802482.5,225118755.0
2025-07-31 09:17:10 AM,173.45,2175,377253.75,225496008.75
2025-07-31 09:17:10 AM,174.6,0,0.0,225496008.75
2025-07-31 09:17:11 AM,174.75,0,0.0,225496008.75
2025-07-31 09:17:11 AM,174.25,10875,1894968.75,227390977.5
2025-07-31 09:17:11 AM,174.3,4350,758205.0,228149182.5
2025-07-31 09:17:12 AM,173.25,0,0.0,228149182.5
2025-07-31 09:17:12 AM,173.05,0,0.0,228149182.5
2025-07-31 09:17:13 AM,173.6,0,0.0,228149182.5
2025-07-31 09:17:13 AM,173.65,4800,833520.0,228982702.5
2025-07-31 09:17:13 AM,173.35,525,91008.75,229073711.25
2025-07-31 09:17:13 AM,173.75,0,0.0,229073711.25
2025-07-31 09:17:14 AM,174.5,0,0.0,229073711.25
2025-07-31 09:17:14 AM,174.8,0,0.0,229073711.25
2025-07-31 09:17:14 AM,174.3,0,0.0,229073711.25
2025-07-31 09:17:15 AM,174.8,12450,2176260.0,231249971.25
2025-07-31 09:17:15 AM,175.35,225,39453.75,231289425.0
2025-07-31 09:17:16 AM,177.35,0,0.0,231289425.0
2025-07-31 09:17:16 AM,177.8,28650,5093970.0,236383395.0
2025-07-31 09:17:16 AM,177.5,1350,239625.0,236623020.0
2025-07-31 09:17:17 AM,176.55,0,0.0,236623020.0
2025-07-31 09:17:17 AM,177.75,0,0.0,236623020.0
2025-07-31 09:17:18 AM,176.95,0,0.0,236623020.0
2025-07-31 09:17:18 AM,177.5,11175,1983562.5,238606582.5
2025-07-31 09:17:18 AM,176.5,600,105900.0,238712482.5
2025-07-31 09:17:18 AM,177.2,0,0.0,238712482.5
2025-07-31 09:17:19 AM,177.15,0,0.0,238712482.5
2025-07-31 09:17:19 AM,179.15,0,0.0,238712482.5
2025-07-31 09:17:19 AM,178.95,0,0.0,238712482.5
2025-07-31 09:17:20 AM,179.5,16575,2975212.5,241687695.0
2025-07-31 09:17:20 AM,179.5,225,40387.5,241728082.5
2025-07-31 09:17:20 AM,180.9,0,0.0,241728082.5
2025-07-31 09:17:21 AM,180.6,0,0.0,241728082.5
2025-07-31 09:17:21 AM,181.7,13125,2384812.5,244112895.0
2025-07-31 09:17:21 AM,181.4,1950,353730.0,244466625.0
2025-07-31 09:17:22 AM,182.2,0,0.0,244466625.0
2025-07-31 09:17:22 AM,182.7,0,0.0,244466625.0
2025-07-31 09:17:23 AM,182.55,18375,3354356.25,247820981.25
2025-07-31 09:17:23 AM,181.9,3975,723052.5,248544033.75
2025-07-31 09:17:23 AM,183.4,0,0.0,248544033.75
2025-07-31 09:17:24 AM,182.75,0,0.0,248544033.75
2025-07-31 09:17:25 AM,182.1,13050,2376405.0,250920438.75
2025-07-31 09:17:25 AM,182.95,0,0.0,250920438.75
2025-07-31 09:17:25 AM,182.4,1425,259920.0,251180358.75
2025-07-31 09:17:25 AM,181.75,0,0.0,251180358.75
2025-07-31 09:17:26 AM,181.6,0,0.0,251180358.75
2025-07-31 09:17:26 AM,181.9,13500,2455650.0,253636008.75
2025-07-31 09:17:26 AM,181.05,0,0.0,253636008.75
2025-07-31 09:17:26 AM,181.05,825,149366.25,253785375.0
2025-07-31 09:17:27 AM,180.75,0,0.0,253785375.0
2025-07-31 09:17:27 AM,180.0,0,0.0,253785375.0
2025-07-31 09:17:27 AM,179.35,0,0.0,253785375.0
2025-07-31 09:17:28 AM,179.95,11100,1997444.9999999998,255782820.0
2025-07-31 09:17:28 AM,180.4,3525,635910.0,256418730.0
2025-07-31 09:17:28 AM,180.75,0,0.0,256418730.0
2025-07-31 09:17:29 AM,179.8,0,0.0,256418730.0
2025-07-31 09:17:29 AM,180.6,0,0.0,256418730.0
2025-07-31 09:17:30 AM,180.0,7950,1431000.0,257849730.0
2025-07-31 09:17:30 AM,179.3,4350,779955.0,258629685.0
2025-07-31 09:17:30 AM,180.75,0,0.0,258629685.0
2025-07-31 09:17:31 AM,180.05,0,0.0,258629685.0
2025-07-31 09:17:31 AM,181.2,15675,2840310.0,261469995.0
2025-07-31 09:17:31 AM,180.6,375,67725.0,261537720.0
2025-07-31 09:17:32 AM,180.1,0,0.0,261537720.0
2025-07-31 09:17:32 AM,181.15,0,0.0,261537720.0
2025-07-31 09:17:33 AM,180.55,0,0.0,261537720.0
2025-07-31 09:17:33 AM,180.95,3525,637848.75,262175568.75
2025-07-31 09:17:33 AM,182.0,5550,1010100.0,263185668.75
2025-07-31 09:17:33 AM,180.8,0,0.0,263185668.75
2025-07-31 09:17:33 AM,180.95,0,0.0,263185668.75
2025-07-31 09:17:34 AM,180.9,0,0.0,263185668.75
2025-07-31 09:17:35 AM,181.35,6225,1128903.75,264314572.5
2025-07-31 09:17:35 AM,179.95,2100,377895.0,264692467.5
2025-07-31 09:17:36 AM,180.25,0,0.0,264692467.5
2025-07-31 09:17:36 AM,179.85,0,0.0,264692467.5
2025-07-31 09:17:36 AM,179.1,6375,1141762.5,265834230.0
2025-07-31 09:17:36 AM,178.75,0,0.0,265834230.0
2025-07-31 09:17:37 AM,178.15,0,0.0,265834230.0
2025-07-31 09:17:38 AM,177.8,27225,4840605.0,270674835.0
2025-07-31 09:17:38 AM,177.3,2250,398925.0,271073760.0
2025-07-31 09:17:39 AM,178.7,0,0.0,271073760.0
2025-07-31 09:17:39 AM,178.4,0,0.0,271073760.0
2025-07-31 09:17:39 AM,179.45,0,0.0,271073760.0
2025-07-31 09:17:40 AM,178.65,12225,2183996.25,273257756.25
2025-07-31 09:17:40 AM,178.7,75,13402.5,273271158.75
2025-07-31 09:17:40 AM,179.1,0,0.0,273271158.75
2025-07-31 09:17:41 AM,179.2,0,0.0,273271158.75
2025-07-31 09:17:41 AM,179.0,2475,443025.0,273714183.75
2025-07-31 09:17:41 AM,178.95,0,0.0,273714183.75
2025-07-31 09:17:41 AM,178.95,375,67106.25,273781290.0
2025-07-31 09:17:42 AM,177.6,0,0.0,273781290.0
2025-07-31 09:17:42 AM,177.85,0,0.0,273781290.0
2025-07-31 09:17:43 AM,177.15,15900,2816685.0,276597975.0
2025-07-31 09:17:43 AM,177.5,525,93187.5,276691162.5
2025-07-31 09:17:44 AM,175.8,0,0.0,276691162.5
2025-07-31 09:17:44 AM,176.0,0,0.0,276691162.5
2025-07-31 09:17:45 AM,176.0,4200,739200.0,277430362.5
2025-07-31 09:17:45 AM,175.45,1500,263175.0,277693537.5
2025-07-31 09:17:45 AM,174.7,0,0.0,277693537.5
2025-07-31 09:17:46 AM,173.45,0,0.0,277693537.5
2025-07-31 09:17:46 AM,172.85,12600,2177910.0,279871447.5
2025-07-31 09:17:46 AM,172.2,300,51660.0,279923107.5
2025-07-31 09:17:46 AM,172.15,0,0.0,279923107.5
2025-07-31 09:17:47 AM,172.35,0,0.0,279923107.5
2025-07-31 09:17:47 AM,174.0,0,0.0,279923107.5
2025-07-31 09:17:47 AM,173.9,0,0.0,279923107.5
2025-07-31 09:17:48 AM,174.5,8175,1426537.5,281349645.0
2025-07-31 09:17:48 AM,174.2,75,13065.0,281362710.0
2025-07-31 09:17:48 AM,173.2,0,0.0,281362710.0
2025-07-31 09:17:49 AM,172.95,0,0.0,281362710.0
2025-07-31 09:17:49 AM,173.1,0,0.0,281362710.0
2025-07-31 09:17:50 AM,172.8,10800,1866240.0000000002,283228950.0
2025-07-31 09:17:50 AM,173.8,375,65175.00000000001,283294125.0
2025-07-31 09:17:50 AM,172.4,0,0.0,283294125.0
2025-07-31 09:17:51 AM,172.55,0,0.0,283294125.0
2025-07-31 09:17:51 AM,171.05,5025,859526.25,284153651.25
2025-07-31 09:17:51 AM,171.5,0,0.0,284153651.25
2025-07-31 09:17:51 AM,172.5,375,64687.5,284218338.75
2025-07-31 09:17:52 AM,171.9,0,0.0,284218338.75
2025-07-31 09:17:53 AM,171.25,0,0.0,284218338.75
2025-07-31 09:17:53 AM,171.0,4950,846450.0,285064788.75
2025-07-31 09:17:53 AM,170.6,150,25590.0,285090378.75
2025-07-31 09:17:53 AM,171.9,0,0.0,285090378.75
2025-07-31 09:17:54 AM,171.65,0,0.0,285090378.75
2025-07-31 09:17:54 AM,170.55,0,0.0,285090378.75
2025-07-31 09:17:54 AM,170.25,0,0.0,285090378.75
2025-07-31 09:17:55 AM,170.1,14100,2398410.0,287488788.75
2025-07-31 09:17:55 AM,170.0,3975,675750.0,288164538.75
2025-07-31 09:17:55 AM,169.15,0,0.0,288164538.75
2025-07-31 09:17:56 AM,169.8,0,0.0,288164538.75
2025-07-31 09:17:56 AM,169.75,12000,2037000.0,290201538.75
2025-07-31 09:17:56 AM,168.75,1800,303750.0,290505288.75
2025-07-31 09:17:58 AM,169.5,0,0.0,290505288.75
2025-07-31 09:17:58 AM,169.9,23325,3962917.5,294468206.25
2025-07-31 09:17:58 AM,169.75,3075,521981.25,294990187.5
2025-07-31 09:17:58 AM,170.4,0,0.0,294990187.5
2025-07-31 09:17:58 AM,170.6,0,0.0,294990187.5
2025-07-31 09:17:59 AM,171.05,0,0.0,294990187.5
2025-07-31 09:17:59 AM,170.75,0,0.0,294990187.5
2025-07-31 09:18:00 AM,171.05,12900,2206545.0,297196732.5
2025-07-31 09:18:00 AM,171.2,4050,693360.0,297890092.5
2025-07-31 09:18:01 AM,171.55,0,0.0,297890092.5
2025-07-31 09:18:01 AM,171.7,0,0.0,297890092.5
2025-07-31 09:18:01 AM,170.9,8700,1486830.0,299376922.5
2025-07-31 09:18:01 AM,171.0,0,0.0,299376922.5
2025-07-31 09:18:01 AM,170.6,1875,319875.0,299696797.5
2025-07-31 09:18:02 AM,170.5,0,0.0,299696797.5
2025-07-31 09:18:02 AM,171.65,0,0.0,299696797.5
2025-07-31 09:18:03 AM,172.25,27225,4689506.25,304386303.75
2025-07-31 09:18:03 AM,171.9,1725,296527.5,304682831.25
2025-07-31 09:18:03 AM,171.2,0,0.0,304682831.25
2025-07-31 09:18:04 AM,171.05,0,0.0,304682831.25
2025-07-31 09:18:05 AM,170.6,0,0.0,304682831.25
2025-07-31 09:18:05 AM,170.1,24450,4158945.0,308841776.25
2025-07-31 09:18:05 AM,169.45,9600,1626720.0,310468496.25
2025-07-31 09:18:05 AM,170.3,0,0.0,310468496.25
2025-07-31 09:18:06 AM,170.9,0,0.0,310468496.25
2025-07-31 09:18:06 AM,164.2,86400,14186879.999999998,324655376.25
2025-07-31 09:18:06 AM,163.8,7050,1154790.0,325810166.25
2025-07-31 09:18:07 AM,162.95,0,0.0,325810166.25
2025-07-31 09:18:07 AM,164.35,0,0.0,325810166.25
2025-07-31 09:18:08 AM,163.15,0,0.0,325810166.25
2025-07-31 09:18:08 AM,161.95,66300,10737285.0,336547451.25
2025-07-31 09:18:08 AM,162.85,2325,378626.25,336926077.5
2025-07-31 09:18:08 AM,162.95,0,0.0,336926077.5
2025-07-31 09:18:09 AM,162.9,0,0.0,336926077.5
2025-07-31 09:18:09 AM,162.75,0,0.0,336926077.5
2025-07-31 09:18:10 AM,161.75,0,0.0,336926077.5
2025-07-31 09:18:10 AM,161.55,23250,3756037.5000000005,340682115.0
2025-07-31 09:18:10 AM,161.4,300,48420.0,340730535.0
2025-07-31 09:18:10 AM,160.8,0,0.0,340730535.0
2025-07-31 09:18:11 AM,161.35,0,0.0,340730535.0
2025-07-31 09:18:11 AM,160.45,18900,3032505.0,343763040.0
2025-07-31 09:18:11 AM,161.4,0,0.0,343763040.0
2025-07-31 09:18:11 AM,160.85,2550,410167.5,344173207.5
2025-07-31 09:18:12 AM,159.5,0,0.0,344173207.5
2025-07-31 09:18:13 AM,159.9,0,0.0,344173207.5
2025-07-31 09:18:13 AM,160.45,16500,2647425.0,346820632.5
2025-07-31 09:18:13 AM,160.25,825,132206.25,346952838.75
2025-07-31 09:18:13 AM,160.75,0,0.0,346952838.75
2025-07-31 09:18:13 AM,161.0,0,0.0,346952838.75
2025-07-31 09:18:14 AM,161.75,0,0.0,346952838.75
2025-07-31 09:18:14 AM,161.3,15900,2564670.0,349517508.75
2025-07-31 09:18:15 AM,161.75,0,0.0,349517508.75
2025-07-31 09:18:15 AM,162.6,0,0.0,349517508.75
2025-07-31 09:18:15 AM,162.5,0,0.0,349517508.75
2025-07-31 09:18:16 AM,163.65,15525,2540666.25,352058175.0
2025-07-31 09:18:16 AM,163.65,75,12273.75,352070448.75
2025-07-31 09:18:17 AM,163.9,0,0.0,352070448.75
2025-07-31 09:18:17 AM,163.85,0,0.0,352070448.75
2025-07-31 09:18:18 AM,163.65,0,0.0,352070448.75
2025-07-31 09:18:18 AM,164.1,7275,1193827.5,353264276.25
2025-07-31 09:18:18 AM,164.25,1050,172462.5,353436738.75
2025-07-31 09:18:18 AM,164.95,0,0.0,353436738.75
2025-07-31 09:18:19 AM,165.6,0,0.0,353436738.75
2025-07-31 09:18:19 AM,167.1,0,0.0,353436738.75
2025-07-31 09:18:19 AM,166.8,4500,750600.0,354187338.75
2025-07-31 09:18:20 AM,165.8,0,0.0,354187338.75
2025-07-31 09:18:21 AM,166.05,0,0.0,354187338.75
2025-07-31 09:18:21 AM,165.6,6450,1068120.0,355255458.75
2025-07-31 09:18:21 AM,165.7,75,12427.5,355267886.25
2025-07-31 09:18:21 AM,165.8,0,0.0,355267886.25
2025-07-31 09:18:21 AM,165.6,0,0.0,355267886.25
2025-07-31 09:18:22 AM,165.65,0,0.0,355267886.25
2025-07-31 09:18:23 AM,165.65,3600,596340.0,355864226.25
2025-07-31 09:18:23 AM,166.2,75,12465.0,355876691.25
2025-07-31 09:18:23 AM,166.3,0,0.0,355876691.25
2025-07-31 09:18:24 AM,166.5,0,0.0,355876691.25
2025-07-31 09:18:24 AM,166.55,0,0.0,355876691.25
2025-07-31 09:18:24 AM,166.4,16800,2795520.0,358672211.25
2025-07-31 09:18:25 AM,166.6,225,37485.0,358709696.25
2025-07-31 09:18:25 AM,167.7,0,0.0,358709696.25
2025-07-31 09:18:26 AM,167.45,0,0.0,358709696.25
2025-07-31 09:18:26 AM,167.4,7725,1293165.0,360002861.25
2025-07-31 09:18:26 AM,167.85,0,0.0,360002861.25
2025-07-31 09:18:26 AM,168.35,0,0.0,360002861.25
2025-07-31 09:18:27 AM,168.75,0,0.0,360002861.25
2025-07-31 09:18:28 AM,168.15,8250,1387237.5,361390098.75
2025-07-31 09:18:28 AM,168.0,375,63000.0,361453098.75
2025-07-31 09:18:28 AM,167.5,0,0.0,361453098.75
2025-07-31 09:18:29 AM,167.05,0,0.0,361453098.75
2025-07-31 09:18:29 AM,167.0,0,0.0,361453098.75
2025-07-31 09:18:29 AM,167.35,12150,2033302.5,363486401.25
2025-07-31 09:18:29 AM,167.4,0,0.0,363486401.25
2025-07-31 09:18:30 AM,166.95,825,137733.75,363624135.0
2025-07-31 09:18:30 AM,165.5,0,0.0,363624135.0
2025-07-31 09:18:31 AM,165.8,0,0.0,363624135.0
2025-07-31 09:18:31 AM,165.25,10500,1735125.0,365359260.0
2025-07-31 09:18:31 AM,164.8,150,24720.0,365383980.0
2025-07-31 09:18:31 AM,164.7,0,0.0,365383980.0
2025-07-31 09:18:32 AM,164.35,0,0.0,365383980.0
2025-07-31 09:18:32 AM,164.1,0,0.0,365383980.0
2025-07-31 09:18:32 AM,164.3,0,0.0,365383980.0
2025-07-31 09:18:33 AM,164.35,5925,973773.75,366357753.75
2025-07-31 09:18:33 AM,165.85,0,0.0,366357753.75
2025-07-31 09:18:34 AM,166.55,0,0.0,366357753.75
2025-07-31 09:18:34 AM,167.1,9225,1541497.5,367899251.25
2025-07-31 09:18:35 AM,167.2,2025,338580.0,368237831.25
2025-07-31 09:18:35 AM,167.75,0,0.0,368237831.25
2025-07-31 09:18:36 AM,168.0,29100,4888800.0,373126631.25
2025-07-31 09:18:36 AM,168.7,0,0.0,373126631.25
2025-07-31 09:18:37 AM,168.0,0,0.0,373126631.25
2025-07-31 09:18:37 AM,169.4,0,0.0,373126631.25
2025-07-31 09:18:37 AM,169.2,0,0.0,373126631.25
2025-07-31 09:18:38 AM,169.25,13800,2335650.0,375462281.25
2025-07-31 09:18:38 AM,169.5,1125,190687.5,375652968.75
2025-07-31 09:18:38 AM,169.0,0,0.0,375652968.75
2025-07-31 09:18:39 AM,168.75,0,0.0,375652968.75
2025-07-31 09:18:39 AM,169.9,0,0.0,375652968.75
2025-07-31 09:18:39 AM,169.9,11100,1885890.0,377538858.75
2025-07-31 09:18:40 AM,170.0,525,89250.0,377628108.75
2025-07-31 09:18:40 AM,170.25,0,0.0,377628108.75
2025-07-31 09:18:40 AM,169.5,0,0.0,377628108.75
2025-07-31 09:18:41 AM,168.4,12300,2071320.0,379699428.75
2025-07-31 09:18:41 AM,168.7,0,0.0,379699428.75
2025-07-31 09:18:43 AM,168.85,0,0.0,379699428.75
2025-07-31 09:18:43 AM,169.4,0,0.0,379699428.75
2025-07-31 09:18:43 AM,168.95,2700,456164.99999999994,380155593.75
2025-07-31 09:18:43 AM,168.8,225,37980.0,380193573.75
2025-07-31 09:18:43 AM,167.85,0,0.0,380193573.75
2025-07-31 09:18:44 AM,166.95,0,0.0,380193573.75
2025-07-31 09:18:44 AM,166.85,6150,1026127.5,381219701.25
2025-07-31 09:18:45 AM,167.25,525,87806.25,381307507.5
2025-07-31 09:18:45 AM,166.85,0,0.0,381307507.5
2025-07-31 09:18:46 AM,168.55,1500,252825.00000000003,381560332.5
2025-07-31 09:18:46 AM,169.0,75,12675.0,381573007.5
2025-07-31 09:18:46 AM,168.45,0,0.0,381573007.5
2025-07-31 09:18:47 AM,168.95,0,0.0,381573007.5
2025-07-31 09:18:47 AM,169.6,0,0.0,381573007.5
2025-07-31 09:18:48 AM,170.1,0,0.0,381573007.5
2025-07-31 09:18:48 AM,170.1,4425,752692.5,382325700.0
2025-07-31 09:18:48 AM,169.3,225,38092.5,382363792.5
2025-07-31 09:18:48 AM,169.0,0,0.0,382363792.5
2025-07-31 09:18:49 AM,168.6,0,0.0,382363792.5
2025-07-31 09:18:49 AM,168.45,0,0.0,382363792.5
2025-07-31 09:18:49 AM,168.0,4425,743400.0,383107192.5
2025-07-31 09:18:50 AM,167.85,0,0.0,383107192.5
2025-07-31 09:18:50 AM,167.4,0,0.0,383107192.5
2025-07-31 09:18:51 AM,167.75,1575,264206.25,383371398.75
2025-07-31 09:18:52 AM,168.65,0,0.0,383371398.75
2025-07-31 09:18:52 AM,167.9,0,0.0,383371398.75
2025-07-31 09:18:52 AM,168.35,0,0.0,383371398.75
2025-07-31 09:18:53 AM,168.5,2475,417037.5,383788436.25
2025-07-31 09:18:53 AM,168.95,1200,202740.0,383991176.25
2025-07-31 09:18:53 AM,167.8,0,0.0,383991176.25
2025-07-31 09:18:53 AM,167.5,0,0.0,383991176.25
2025-07-31 09:18:54 AM,167.75,0,0.0,383991176.25
2025-07-31 09:18:55 AM,167.75,2550,427762.5,384418938.75
2025-07-31 09:18:55 AM,168.15,150,25222.5,384444161.25
2025-07-31 09:18:55 AM,167.45,0,0.0,384444161.25
2025-07-31 09:18:55 AM,166.8,0,0.0,384444161.25
2025-07-31 09:18:56 AM,166.5,19275,3209287.5,387653448.75
2025-07-31 09:18:56 AM,166.4,150,24960.0,387678408.75
2025-07-31 09:18:56 AM,166.1,0,0.0,387678408.75
2025-07-31 09:18:57 AM,166.8,0,0.0,387678408.75
2025-07-31 09:18:57 AM,166.25,0,0.0,387678408.75
2025-07-31 09:18:58 AM,167.1,6000,1002600.0,388681008.75
2025-07-31 09:18:58 AM,167.45,150,25117.5,388706126.25
2025-07-31 09:18:58 AM,167.3,0,0.0,388706126.25
2025-07-31 09:18:58 AM,167.45,0,0.0,388706126.25
2025-07-31 09:18:59 AM,168.1,0,0.0,388706126.25
2025-07-31 09:19:00 AM,168.1,5100,857310.0,389563436.25
2025-07-31 09:19:00 AM,167.2,0,0.0,389563436.25
2025-07-31 09:19:00 AM,166.45,0,0.0,389563436.25
2025-07-31 09:19:01 AM,165.75,4650,770737.5,390334173.75
2025-07-31 09:19:01 AM,165.4,0,0.0,390334173.75
2025-07-31 09:19:02 AM,165.1,0,0.0,390334173.75
2025-07-31 09:19:02 AM,165.6,0,0.0,390334173.75
2025-07-31 09:19:02 AM,165.5,0,0.0,390334173.75
2025-07-31 09:19:03 AM,165.55,5775,956051.2500000001,391290225.0
2025-07-31 09:19:03 AM,164.45,300,49335.0,391339560.0
2025-07-31 09:19:03 AM,165.2,0,0.0,391339560.0
2025-07-31 09:19:04 AM,164.85,0,0.0,391339560.0
2025-07-31 09:19:04 AM,164.05,0,0.0,391339560.0
2025-07-31 09:19:05 AM,164.2,6075,997514.9999999999,392337075.0
2025-07-31 09:19:05 AM,164.15,0,0.0,392337075.0
2025-07-31 09:19:05 AM,165.1,0,0.0,392337075.0
2025-07-31 09:19:05 AM,164.4,0,0.0,392337075.0
2025-07-31 09:19:06 AM,164.4,2775,456210.0,392793285.0
2025-07-31 09:19:06 AM,164.0,0,0.0,392793285.0
2025-07-31 09:19:07 AM,164.35,0,0.0,392793285.0
2025-07-31 09:19:08 AM,163.0,0,0.0,392793285.0
2025-07-31 09:19:08 AM,163.3,1425,232702.50000000003,393025987.5
2025-07-31 09:19:08 AM,163.55,150,24532.5,393050520.0
2025-07-31 09:19:08 AM,163.95,0,0.0,393050520.0
2025-07-31 09:19:09 AM,164.1,0,0.0,393050520.0
2025-07-31 09:19:09 AM,163.85,0,0.0,393050520.0
2025-07-31 09:19:10 AM,163.75,19275,3156281.25,396206801.25
2025-07-31 09:19:10 AM,164.6,75,12345.0,396219146.25
2025-07-31 09:19:10 AM,164.45,0,0.0,396219146.25
2025-07-31 09:19:11 AM,164.55,0,0.0,396219146.25
2025-07-31 09:19:11 AM,164.1,13125,2153812.5,398372958.75
2025-07-31 09:19:11 AM,164.25,0,0.0,398372958.75
2025-07-31 09:19:12 AM,163.65,0,0.0,398372958.75
2025-07-31 09:19:12 AM,164.15,0,0.0,398372958.75
2025-07-31 09:19:13 AM,164.0,10875,1783500.0,400156458.75
2025-07-31 09:19:13 AM,164.2,75,12315.0,400168773.75
2025-07-31 09:19:13 AM,164.45,0,0.0,400168773.75
2025-07-31 09:19:14 AM,164.0,9750,1599000.0,401767773.75
2025-07-31 09:19:14 AM,163.7,0,0.0,401767773.75
2025-07-31 09:19:15 AM,163.3,300,48990.0,401816763.75
2025-07-31 09:19:15 AM,162.55,0,0.0,401816763.75
2025-07-31 09:19:16 AM,161.1,0,0.0,401816763.75
2025-07-31 09:19:16 AM,162.3,11325,1838047.5000000002,403654811.25
2025-07-31 09:19:16 AM,162.7,225,36607.5,403691418.75
2025-07-31 09:19:16 AM,162.85,0,0.0,403691418.75
2025-07-31 09:19:17 AM,163.1,0,0.0,403691418.75
2025-07-31 09:19:17 AM,163.15,0,0.0,403691418.75
2025-07-31 09:19:18 AM,163.2,18150,2962080.0,406653498.75
2025-07-31 09:19:18 AM,163.4,450,73530.0,406727028.75
2025-07-31 09:19:19 AM,163.1,0,0.0,406727028.75
2025-07-31 09:19:19 AM,163.0,3525,574575.0,407301603.75
2025-07-31 09:19:19 AM,162.5,0,0.0,407301603.75
2025-07-31 09:19:19 AM,162.75,0,0.0,407301603.75
2025-07-31 09:19:20 AM,162.1,825,133732.5,407435336.25
2025-07-31 09:19:21 AM,163.15,0,0.0,407435336.25
2025-07-31 09:19:21 AM,163.2,0,0.0,407435336.25
2025-07-31 09:19:21 AM,163.15,3300,538395.0,407973731.25
2025-07-31 09:19:21 AM,163.4,300,49020.0,408022751.25
2025-07-31 09:19:21 AM,163.8,0,0.0,408022751.25
2025-07-31 09:19:22 AM,162.7,0,0.0,408022751.25
2025-07-31 09:19:23 AM,162.7,5175,841972.4999999999,408864723.75
2025-07-31 09:19:23 AM,162.7,225,36607.5,408901331.25
2025-07-31 09:19:24 AM,163.35,0,0.0,408901331.25
2025-07-31 09:19:24 AM,163.05,0,0.0,408901331.25
2025-07-31 09:19:24 AM,162.55,7725,1255698.75,410157030.0
2025-07-31 09:19:24 AM,163.7,0,0.0,410157030.0
2025-07-31 09:19:25 AM,163.9,1950,319605.0,410476635.0
2025-07-31 09:19:25 AM,163.95,0,0.0,410476635.0
2025-07-31 09:19:26 AM,163.3,11325,1849372.5000000002,412326007.5
2025-07-31 09:19:26 AM,163.55,150,24532.5,412350540.0
2025-07-31 09:19:26 AM,163.45,0,0.0,412350540.0
2025-07-31 09:19:28 AM,163.4,0,0.0,412350540.0
2025-07-31 09:19:28 AM,163.9,4725,774427.5,413124967.5
2025-07-31 09:19:28 AM,163.45,300,49035.0,413174002.5
2025-07-31 09:19:28 AM,163.9,0,0.0,413174002.5
2025-07-31 09:19:28 AM,164.45,0,0.0,413174002.5
2025-07-31 09:19:29 AM,163.75,5850,957937.5,414131940.0
2025-07-31 09:19:30 AM,164.3,0,0.0,414131940.0
2025-07-31 09:19:30 AM,164.3,1200,197160.0,414329100.0
2025-07-31 09:19:30 AM,163.6,0,0.0,414329100.0
2025-07-31 09:19:31 AM,163.85,0,0.0,414329100.0
2025-07-31 09:19:31 AM,164.25,4425,726806.25,415055906.25
2025-07-31 09:19:32 AM,164.95,0,0.0,415055906.25
2025-07-31 09:19:32 AM,165.0,0,0.0,415055906.25
2025-07-31 09:19:32 AM,163.85,0,0.0,415055906.25
2025-07-31 09:19:33 AM,164.2,0,0.0,415055906.25
2025-07-31 09:19:33 AM,164.1,4050,664605.0,415720511.25
2025-07-31 09:19:33 AM,164.1,675,110767.5,415831278.75
2025-07-31 09:19:33 AM,163.95,0,0.0,415831278.75
2025-07-31 09:19:34 AM,163.7,0,0.0,415831278.75
2025-07-31 09:19:34 AM,162.65,4200,683130.0,416514408.75
2025-07-31 09:19:35 AM,162.85,0,0.0,416514408.75
2025-07-31 09:19:35 AM,162.85,2100,341985.0,416856393.75
2025-07-31 09:19:35 AM,162.75,0,0.0,416856393.75
2025-07-31 09:19:35 AM,163.15,0,0.0,416856393.75
2025-07-31 09:19:36 AM,163.25,0,0.0,416856393.75
2025-07-31 09:19:36 AM,163.2,10650,1738079.9999999998,418594473.75
2025-07-31 09:19:38 AM,162.8,0,0.0,418594473.75
2025-07-31 09:19:38 AM,162.55,7575,1231316.25,419825790.0
2025-07-31 09:19:38 AM,162.5,75,12187.5,419837977.5
2025-07-31 09:19:38 AM,162.25,0,0.0,419837977.5
2025-07-31 09:19:39 AM,162.35,0,0.0,419837977.5
2025-07-31 09:19:39 AM,162.3,2025,328657.5,420166635.0
2025-07-31 09:19:40 AM,163.0,0,0.0,420166635.0
2025-07-31 09:19:40 AM,162.5,225,36562.5,420203197.5
2025-07-31 09:19:40 AM,161.6,0,0.0,420203197.5
2025-07-31 09:19:41 AM,161.8,2550,412590.0,420615787.5
2025-07-31 09:19:41 AM,161.85,0,0.0,420615787.5
2025-07-31 09:19:42 AM,162.35,0,0.0,420615787.5
2025-07-31 09:19:43 AM,162.6,0,0.0,420615787.5
2025-07-31 09:19:43 AM,162.3,1200,194760.0,420810547.5
2025-07-31 09:19:43 AM,162.0,525,85050.0,420895597.5
2025-07-31 09:19:43 AM,162.3,0,0.0,420895597.5
2025-07-31 09:19:44 AM,162.0,750,121500.0,421017097.5
2025-07-31 09:19:45 AM,162.1,0,0.0,421017097.5
2025-07-31 09:19:46 AM,163.0,0,0.0,421017097.5
2025-07-31 09:19:46 AM,163.35,5625,918843.75,421935941.25
2025-07-31 09:19:47 AM,163.05,0,0.0,421935941.25
2025-07-31 09:19:47 AM,162.6,0,0.0,421935941.25
2025-07-31 09:19:47 AM,162.45,0,0.0,421935941.25
2025-07-31 09:19:48 AM,162.55,0,0.0,421935941.25
2025-07-31 09:19:48 AM,162.65,6675,1085688.75,423021630.0
2025-07-31 09:19:48 AM,162.2,0,0.0,423021630.0
2025-07-31 09:19:49 AM,163.1,0,0.0,423021630.0
2025-07-31 09:19:49 AM,163.1,2250,366975.0,423388605.0
2025-07-31 09:19:50 AM,162.3,0,0.0,423388605.0
2025-07-31 09:19:50 AM,162.15,825,133773.75,423522378.75
2025-07-31 09:19:50 AM,161.8,0,0.0,423522378.75
2025-07-31 09:19:51 AM,161.85,1575,254913.75,423777292.5
2025-07-31 09:19:51 AM,161.7,75,12127.5,423789420.0
2025-07-31 09:19:52 AM,160.3,0,0.0,423789420.0
2025-07-31 09:19:52 AM,159.4,0,0.0,423789420.0
2025-07-31 09:19:53 AM,159.9,13050,2086695.0,425876115.0
2025-07-31 09:19:53 AM,159.05,525,83501.25,425959616.25
2025-07-31 09:19:53 AM,159.6,0,0.0,425959616.25
2025-07-31 09:19:54 AM,160.0,0,0.0,425959616.25
2025-07-31 09:19:54 AM,161.1,4050,652455.0,426612071.25
2025-07-31 09:19:55 AM,160.65,1875,301218.75,426913290.0
2025-07-31 09:19:55 AM,160.0,0,0.0,426913290.0
2025-07-31 09:19:56 AM,159.9,0,0.0,426913290.0
2025-07-31 09:19:56 AM,159.95,3525,563823.75,427477113.75
2025-07-31 09:19:57 AM,160.7,0,0.0,427477113.75
2025-07-31 09:19:57 AM,159.9,0,0.0,427477113.75
2025-07-31 09:19:58 AM,160.75,1050,168787.5,427645901.25
2025-07-31 09:19:58 AM,161.05,450,72472.5,427718373.75
2025-07-31 09:19:58 AM,160.5,0,0.0,427718373.75
2025-07-31 09:19:59 AM,160.35,0,0.0,427718373.75
2025-07-31 09:19:59 AM,159.9,8625,1379137.5,429097511.25
2025-07-31 09:20:00 AM,159.7,525,83842.5,429181353.75
2025-07-31 09:20:00 AM,159.4,0,0.0,429181353.75
2025-07-31 09:20:00 AM,159.85,0,0.0,429181353.75
2025-07-31 09:20:01 AM,161.1,0,0.0,429181353.75
2025-07-31 09:20:01 AM,161.0,10125,1630125.0,430811478.75
2025-07-31 09:20:01 AM,161.7,300,48510.0,430859988.75
2025-07-31 09:20:01 AM,161.55,0,0.0,430859988.75
2025-07-31 09:20:03 AM,161.85,0,0.0,430859988.75
2025-07-31 09:20:03 AM,161.75,4725,764268.75,431624257.5
2025-07-31 09:20:03 AM,163.3,1350,220455.00000000003,431844712.5
2025-07-31 09:20:03 AM,162.55,0,0.0,431844712.5
2025-07-31 09:20:04 AM,161.4,0,0.0,431844712.5
2025-07-31 09:20:04 AM,162.5,0,0.0,431844712.5
2025-07-31 09:20:04 AM,162.5,7950,1291875.0,433136587.5
2025-07-31 09:20:05 AM,162.95,0,0.0,433136587.5
2025-07-31 09:20:05 AM,162.95,675,109991.24999999999,433246578.75
2025-07-31 09:20:05 AM,161.6,0,0.0,433246578.75
2025-07-31 09:20:06 AM,162.2,0,0.0,433246578.75
2025-07-31 09:20:06 AM,162.05,3750,607687.5,433854266.25
2025-07-31 09:20:06 AM,162.0,450,72900.0,433927166.25
2025-07-31 09:20:07 AM,162.9,0,0.0,433927166.25
2025-07-31 09:20:07 AM,163.85,0,0.0,433927166.25
2025-07-31 09:20:08 AM,163.95,0,0.0,433927166.25
2025-07-31 09:20:08 AM,163.1,7875,1284412.5,435211578.75
2025-07-31 09:20:08 AM,163.25,750,122437.5,435334016.25
2025-07-31 09:20:09 AM,163.7,0,0.0,435334016.25
2025-07-31 09:20:09 AM,164.0,0,0.0,435334016.25
2025-07-31 09:20:09 AM,163.6,0,0.0,435334016.25
2025-07-31 09:20:09 AM,163.3,2625,428662.50000000006,435762678.75
2025-07-31 09:20:10 AM,163.3,300,48990.0,435811668.75
2025-07-31 09:20:10 AM,164.15,0,0.0,435811668.75
2025-07-31 09:20:11 AM,163.8,0,0.0,435811668.75
2025-07-31 09:20:11 AM,162.85,11475,1868703.75,437680372.5
2025-07-31 09:20:11 AM,162.1,225,36472.5,437716845.0
2025-07-31 09:20:11 AM,162.15,0,0.0,437716845.0
2025-07-31 09:20:13 AM,161.7,0,0.0,437716845.0
2025-07-31 09:20:13 AM,161.9,0,0.0,437716845.0
2025-07-31 09:20:13 AM,161.5,9675,1562512.5,439279357.5
2025-07-31 09:20:13 AM,161.5,1125,181687.5,439461045.0
2025-07-31 09:20:14 AM,161.35,0,0.0,439461045.0
2025-07-31 09:20:14 AM,160.55,0,0.0,439461045.0
2025-07-31 09:20:14 AM,160.55,6000,963300.0000000001,440424345.0
2025-07-31 09:20:15 AM,160.7,75,12052.5,440436397.5
2025-07-31 09:20:15 AM,159.6,0,0.0,440436397.5
2025-07-31 09:20:16 AM,159.15,0,0.0,440436397.5
2025-07-31 09:20:16 AM,159.5,5400,861300.0,441297697.5
2025-07-31 09:20:17 AM,158.35,0,0.0,441297697.5
2025-07-31 09:20:17 AM,158.9,0,0.0,441297697.5
2025-07-31 09:20:17 AM,158.15,0,0.0,441297697.5
2025-07-31 09:20:18 AM,158.1,0,0.0,441297697.5
2025-07-31 09:20:18 AM,159.1,10125,1610887.5,442908585.0
2025-07-31 09:20:18 AM,159.35,2325,370488.75,443279073.75
2025-07-31 09:20:18 AM,159.15,0,0.0,443279073.75
2025-07-31 09:20:19 AM,158.7,0,0.0,443279073.75
2025-07-31 09:20:19 AM,157.7,9225,1454782.5,444733856.25
2025-07-31 09:20:20 AM,158.2,0,0.0,444733856.25
2025-07-31 09:20:20 AM,158.2,150,23730.0,444757586.25
2025-07-31 09:20:21 AM,158.25,0,0.0,444757586.25
2025-07-31 09:20:21 AM,158.3,12000,1899600.0000000002,446657186.25
2025-07-31 09:20:21 AM,158.05,300,47415.0,446704601.25
2025-07-31 09:20:21 AM,158.25,0,0.0,446704601.25
2025-07-31 09:20:22 AM,158.5,0,0.0,446704601.25
2025-07-31 09:20:22 AM,157.7,0,0.0,446704601.25
2025-07-31 09:20:23 AM,157.95,0,0.0,446704601.25
2025-07-31 09:20:23 AM,156.45,6300,985634.9999999999,447690236.25
2025-07-31 09:20:23 AM,156.3,150,23445.0,447713681.25
2025-07-31 09:20:24 AM,156.35,0,0.0,447713681.25
2025-07-31 09:20:24 AM,156.65,0,0.0,447713681.25
2025-07-31 09:20:24 AM,156.65,12300,1926795.0,449640476.25
2025-07-31 09:20:25 AM,156.95,0,0.0,449640476.25
2025-07-31 09:20:25 AM,156.95,375,58856.24999999999,449699332.5
2025-07-31 09:20:25 AM,156.2,0,0.0,449699332.5
2025-07-31 09:20:26 AM,155.5,0,0.0,449699332.5
2025-07-31 09:20:26 AM,155.8,3375,525825.0,450225157.5
2025-07-31 09:20:27 AM,155.5,0,0.0,450225157.5
2025-07-31 09:20:27 AM,156.5,0,0.0,450225157.5
2025-07-31 09:20:28 AM,156.45,0,0.0,450225157.5
2025-07-31 09:20:28 AM,156.05,8175,1275708.75,451500866.25
2025-07-31 09:20:28 AM,156.25,600,93750.0,451594616.25
2025-07-31 09:20:28 AM,155.15,0,0.0,451594616.25
2025-07-31 09:20:29 AM,154.5,0,0.0,451594616.25
2025-07-31 09:20:29 AM,154.8,8925,1381590.0,452976206.25
2025-07-31 09:20:30 AM,154.2,75,11565.0,452987771.25
2025-07-31 09:20:30 AM,153.95,0,0.0,452987771.25
2025-07-31 09:20:31 AM,153.7,0,0.0,452987771.25
2025-07-31 09:20:31 AM,153.2,6150,942179.9999999999,453929951.25
2025-07-31 09:20:31 AM,153.4,0,0.0,453929951.25
2025-07-31 09:20:32 AM,153.7,0,0.0,453929951.25
2025-07-31 09:20:32 AM,153.1,0,0.0,453929951.25
2025-07-31 09:20:33 AM,152.25,9975,1518693.75,455448645.0
2025-07-31 09:20:33 AM,152.35,150,22852.5,455471497.5
2025-07-31 09:20:34 AM,152.0,0,0.0,455471497.5
2025-07-31 09:20:34 AM,151.2,0,0.0,455471497.5
2025-07-31 09:20:35 AM,151.2,4200,635040.0,456106537.5
2025-07-31 09:20:35 AM,150.75,1875,282656.25,456389193.75
2025-07-31 09:20:35 AM,151.15,0,0.0,456389193.75
2025-07-31 09:20:35 AM,150.3,0,0.0,456389193.75
2025-07-31 09:20:36 AM,152.0,4575,695400.0,457084593.75
2025-07-31 09:20:36 AM,151.8,225,34155.0,457118748.75
2025-07-31 09:20:37 AM,151.3,0,0.0,457118748.75
2025-07-31 09:20:37 AM,151.2,0,0.0,457118748.75
2025-07-31 09:20:37 AM,150.95,0,0.0,457118748.75
2025-07-31 09:20:38 AM,151.2,0,0.0,457118748.75
2025-07-31 09:20:38 AM,151.05,6900,1042245.0000000001,458160993.75
2025-07-31 09:20:38 AM,150.75,225,33918.75,458194912.5
2025-07-31 09:20:38 AM,150.7,0,0.0,458194912.5
2025-07-31 09:20:39 AM,151.3,0,0.0,458194912.5
2025-07-31 09:20:40 AM,151.3,9975,1509217.5,459704130.0
2025-07-31 09:20:40 AM,150.25,0,0.0,459704130.0
2025-07-31 09:20:40 AM,150.5,4575,688537.5,460392667.5
2025-07-31 09:20:40 AM,149.55,0,0.0,460392667.5
2025-07-31 09:20:41 AM,148.8,0,0.0,460392667.5
2025-07-31 09:20:41 AM,148.5,25200,3742200.0,464134867.5
2025-07-31 09:20:41 AM,148.2,225,33345.0,464168212.5
2025-07-31 09:20:42 AM,147.6,0,0.0,464168212.5
2025-07-31 09:20:42 AM,146.9,0,0.0,464168212.5
2025-07-31 09:20:43 AM,147.1,18000,2647800.0,466816012.5
2025-07-31 09:20:43 AM,147.2,5025,739680.0,467555692.5
2025-07-31 09:20:43 AM,146.4,0,0.0,467555692.5
2025-07-31 09:20:44 AM,146.8,0,0.0,467555692.5
2025-07-31 09:20:45 AM,146.75,14925,2190243.75,469745936.25
2025-07-31 09:20:45 AM,146.55,375,54956.25000000001,469800892.5
2025-07-31 09:20:45 AM,145.35,0,0.0,469800892.5
2025-07-31 09:20:46 AM,145.7,0,0.0,469800892.5
2025-07-31 09:20:46 AM,145.25,8100,1176525.0,470977417.5
2025-07-31 09:20:46 AM,144.7,150,21705.0,470999122.5
2025-07-31 09:20:46 AM,144.8,0,0.0,470999122.5
2025-07-31 09:20:47 AM,145.05,0,0.0,470999122.5
2025-07-31 09:20:48 AM,145.7,0,0.0,470999122.5
2025-07-31 09:20:48 AM,144.7,0,0.0,470999122.5
2025-07-31 09:20:48 AM,144.6,12225,1767735.0,472766857.5
2025-07-31 09:20:48 AM,144.65,1575,227823.75,472994681.25
2025-07-31 09:20:48 AM,144.7,0,0.0,472994681.25
2025-07-31 09:20:49 AM,144.15,0,0.0,472994681.25
2025-07-31 09:20:50 AM,143.55,10200,1464210.0,474458891.25
2025-07-31 09:20:50 AM,143.15,825,118098.75,474576990.0
2025-07-31 09:20:50 AM,143.8,0,0.0,474576990.0
2025-07-31 09:20:51 AM,142.95,7575,1082846.25,475659836.25
2025-07-31 09:20:51 AM,142.75,600,85650.0,475745486.25
2025-07-31 09:20:51 AM,142.4,0,0.0,475745486.25
2025-07-31 09:20:52 AM,141.45,0,0.0,475745486.25
2025-07-31 09:20:53 AM,142.35,0,0.0,475745486.25
2025-07-31 09:20:53 AM,142.8,0,0.0,475745486.25
2025-07-31 09:20:53 AM,142.8,9900,1413720.0,477159206.25
2025-07-31 09:20:53 AM,142.8,2400,342720.0,477501926.25
2025-07-31 09:20:53 AM,143.6,0,0.0,477501926.25
2025-07-31 09:20:54 AM,143.55,0,0.0,477501926.25
2025-07-31 09:20:54 AM,144.1,0,0.0,477501926.25
2025-07-31 09:20:55 AM,144.05,19800,2852190.0,480354116.25
2025-07-31 09:20:55 AM,144.05,225,32411.250000000004,480386527.5
2025-07-31 09:20:56 AM,145.2,0,0.0,480386527.5
2025-07-31 09:20:56 AM,145.7,0,0.0,480386527.5
2025-07-31 09:20:56 AM,146.05,14250,2081212.5000000002,482467740.0
2025-07-31 09:20:56 AM,146.1,150,21915.0,482489655.0
2025-07-31 09:20:56 AM,147.55,0,0.0,482489655.0
2025-07-31 09:20:57 AM,148.0,0,0.0,482489655.0
2025-07-31 09:20:57 AM,147.15,0,0.0,482489655.0
2025-07-31 09:20:58 AM,147.35,0,0.0,482489655.0
2025-07-31 09:20:58 AM,147.5,8775,1294312.5,483783967.5
2025-07-31 09:20:58 AM,147.95,75,11096.25,483795063.75
2025-07-31 09:20:58 AM,149.6,0,0.0,483795063.75
2025-07-31 09:20:59 AM,147.85,0,0.0,483795063.75
2025-07-31 09:21:00 AM,148.5,0,0.0,483795063.75
2025-07-31 09:21:00 AM,148.5,3975,590287.5,484385351.25
2025-07-31 09:21:00 AM,147.35,0,0.0,484385351.25
2025-07-31 09:21:01 AM,147.25,0,0.0,484385351.25
2025-07-31 09:21:01 AM,145.2,10350,1502819.9999999998,485888171.25
2025-07-31 09:21:01 AM,145.0,225,32625.0,485920796.25
2025-07-31 09:21:02 AM,145.6,0,0.0,485920796.25
2025-07-31 09:21:02 AM,144.75,0,0.0,485920796.25
2025-07-31 09:21:02 AM,144.3,0,0.0,485920796.25
2025-07-31 09:21:03 AM,143.95,7875,1133606.25,487054402.5
2025-07-31 09:21:03 AM,143.55,225,32298.750000000004,487086701.25
2025-07-31 09:21:03 AM,143.9,0,0.0,487086701.25
2025-07-31 09:21:04 AM,144.45,0,0.0,487086701.25
2025-07-31 09:21:04 AM,144.3,0,0.0,487086701.25
2025-07-31 09:21:05 AM,144.3,8775,1266232.5,488352933.75
2025-07-31 09:21:06 AM,145.05,0,0.0,488352933.75
2025-07-31 09:21:06 AM,145.1,6975,1012072.5,489365006.25
2025-07-31 09:21:06 AM,145.1,75,10882.5,489375888.75
2025-07-31 09:21:06 AM,144.95,0,0.0,489375888.75
2025-07-31 09:21:07 AM,146.15,0,0.0,489375888.75
2025-07-31 09:21:08 AM,146.55,6075,890291.2500000001,490266180.0
2025-07-31 09:21:08 AM,147.4,150,22110.0,490288290.0
2025-07-31 09:21:08 AM,147.1,0,0.0,490288290.0
2025-07-31 09:21:09 AM,146.65,0,0.0,490288290.0
2025-07-31 09:21:10 AM,146.5,0,0.0,490288290.0
2025-07-31 09:21:10 AM,146.5,4575,670237.5,490958527.5
2025-07-31 09:21:10 AM,146.55,525,76938.75,491035466.25
2025-07-31 09:21:10 AM,147.45,0,0.0,491035466.25
2025-07-31 09:21:11 AM,147.35,0,0.0,491035466.25
2025-07-31 09:21:11 AM,148.75,4725,702843.75,491738310.0
2025-07-31 09:21:11 AM,148.5,75,11137.5,491749447.5
2025-07-31 09:21:12 AM,148.45,0,0.0,491749447.5
2025-07-31 09:21:12 AM,150.6,0,0.0,491749447.5
2025-07-31 09:21:13 AM,151.25,0,0.0,491749447.5
2025-07-31 09:21:13 AM,149.65,9075,1358073.75,493107521.25
2025-07-31 09:21:13 AM,150.25,375,56343.75,493163865.0
2025-07-31 09:21:14 AM,149.5,0,0.0,493163865.0
2025-07-31 09:21:14 AM,149.9,0,0.0,493163865.0
2025-07-31 09:21:15 AM,149.75,4875,730031.25,493893896.25
2025-07-31 09:21:15 AM,149.8,0,0.0,493893896.25
2025-07-31 09:21:15 AM,149.8,525,78645.0,493972541.25
2025-07-31 09:21:15 AM,149.65,0,0.0,493972541.25
2025-07-31 09:21:16 AM,148.2,7050,1044809.9999999999,495017351.25
2025-07-31 09:21:16 AM,147.55,1500,221325.00000000003,495238676.25
2025-07-31 09:21:16 AM,147.8,0,0.0,495238676.25
2025-07-31 09:21:17 AM,147.4,0,0.0,495238676.25
2025-07-31 09:21:17 AM,148.05,0,0.0,495238676.25
2025-07-31 09:21:18 AM,148.0,0,0.0,495238676.25
2025-07-31 09:21:18 AM,148.0,3825,566100.0,495804776.25
2025-07-31 09:21:19 AM,147.85,0,0.0,495804776.25
2025-07-31 09:21:19 AM,147.5,0,0.0,495804776.25
2025-07-31 09:21:19 AM,147.0,0,0.0,495804776.25
2025-07-31 09:21:20 AM,147.05,0,0.0,495804776.25
2025-07-31 09:21:20 AM,147.05,9525,1400651.25,497205427.5
2025-07-31 09:21:20 AM,146.75,975,143081.25,497348508.75
2025-07-31 09:21:20 AM,146.15,0,0.0,497348508.75
2025-07-31 09:21:21 AM,146.35,0,0.0,497348508.75
2025-07-31 09:21:21 AM,147.1,6600,970860.0,498319368.75
2025-07-31 09:21:21 AM,147.1,225,33097.5,498352466.25
2025-07-31 09:21:21 AM,146.6,0,0.0,498352466.25
2025-07-31 09:21:22 AM,145.95,0,0.0,498352466.25
2025-07-31 09:21:22 AM,146.55,0,0.0,498352466.25
2025-07-31 09:21:23 AM,146.45,19425,2844791.25,501197257.5
2025-07-31 09:21:23 AM,147.2,375,55199.99999999999,501252457.5
2025-07-31 09:21:24 AM,146.8,0,0.0,501252457.5
2025-07-31 09:21:24 AM,146.0,0,0.0,501252457.5
2025-07-31 09:21:24 AM,146.45,0,0.0,501252457.5
2025-07-31 09:21:25 AM,146.45,2925,428366.24999999994,501680823.75
2025-07-31 09:21:25 AM,146.0,225,32850.0,501713673.75
2025-07-31 09:21:25 AM,146.65,0,0.0,501713673.75
2025-07-31 09:21:26 AM,146.75,0,0.0,501713673.75
2025-07-31 09:21:26 AM,145.8,5550,809190.0000000001,502522863.75
2025-07-31 09:21:26 AM,146.45,750,109837.49999999999,502632701.25
2025-07-31 09:21:26 AM,146.15,0,0.0,502632701.25
2025-07-31 09:21:28 AM,146.55,0,0.0,502632701.25
2025-07-31 09:21:28 AM,145.5,5775,840262.5,503472963.75
2025-07-31 09:21:28 AM,145.55,1650,240157.50000000003,503713121.25
2025-07-31 09:21:29 AM,147.6,0,0.0,503713121.25
2025-07-31 09:21:29 AM,147.3,0,0.0,503713121.25
2025-07-31 09:21:30 AM,147.45,0,0.0,503713121.25
2025-07-31 09:21:30 AM,147.0,0,0.0,503713121.25
2025-07-31 09:21:30 AM,147.15,9225,1357458.75,505070580.0
2025-07-31 09:21:30 AM,146.4,0,0.0,505070580.0
2025-07-31 09:21:31 AM,147.0,1425,209475.0,505280055.0
2025-07-31 09:21:31 AM,146.25,1125,164531.25,505444586.25
2025-07-31 09:21:31 AM,145.6,0,0.0,505444586.25
2025-07-31 09:21:33 AM,146.1,0,0.0,505444586.25
2025-07-31 09:21:33 AM,145.75,0,0.0,505444586.25
2025-07-31 09:21:33 AM,146.2,2625,383774.99999999994,505828361.25
2025-07-31 09:21:33 AM,146.75,975,143081.25,505971442.5
2025-07-31 09:21:33 AM,147.1,0,0.0,505971442.5
2025-07-31 09:21:34 AM,146.1,0,0.0,505971442.5
2025-07-31 09:21:35 AM,146.2,3225,471494.99999999994,506442937.5
2025-07-31 09:21:35 AM,146.1,150,21915.0,506464852.5
2025-07-31 09:21:36 AM,146.5,0,0.0,506464852.5
2025-07-31 09:21:36 AM,146.45,2775,406398.74999999994,506871251.25
2025-07-31 09:21:36 AM,147.05,750,110287.50000000001,506981538.75
2025-07-31 09:21:37 AM,146.55,0,0.0,506981538.75
2025-07-31 09:21:38 AM,145.55,0,0.0,506981538.75
2025-07-31 09:21:38 AM,145.55,4950,720472.5,507702011.25
2025-07-31 09:21:38 AM,146.1,225,32872.5,507734883.75
2025-07-31 09:21:39 AM,145.95,0,0.0,507734883.75
2025-07-31 09:21:40 AM,146.0,0,0.0,507734883.75
2025-07-31 09:21:40 AM,146.0,6525,952650.0,508687533.75
2025-07-31 09:21:40 AM,146.2,0,0.0,508687533.75
2025-07-31 09:21:40 AM,146.0,825,120450.0,508807983.75
2025-07-31 09:21:41 AM,146.6,0,0.0,508807983.75
2025-07-31 09:21:41 AM,148.25,3075,455868.75,509263852.5
2025-07-31 09:21:41 AM,147.5,150,22125.0,509285977.5
2025-07-31 09:21:42 AM,147.8,0,0.0,509285977.5
2025-07-31 09:21:42 AM,147.3,0,0.0,509285977.5
2025-07-31 09:21:43 AM,146.9,0,0.0,509285977.5
2025-07-31 09:21:43 AM,146.85,0,0.0,509285977.5
2025-07-31 09:21:43 AM,146.85,1725,253316.25,509539293.75
2025-07-31 09:21:43 AM,147.2,450,66240.0,509605533.75
2025-07-31 09:21:44 AM,146.95,0,0.0,509605533.75
2025-07-31 09:21:44 AM,147.65,0,0.0,509605533.75
2025-07-31 09:21:45 AM,146.95,0,0.0,509605533.75
2025-07-31 09:21:45 AM,146.95,2625,385743.74999999994,509991277.5
2025-07-31 09:21:45 AM,147.05,225,33086.25,510024363.75
2025-07-31 09:21:46 AM,147.4,0,0.0,510024363.75
2025-07-31 09:21:46 AM,147.2,0,0.0,510024363.75
2025-07-31 09:21:46 AM,145.6,5775,840840.0,510865203.75
2025-07-31 09:21:46 AM,145.4,1650,239910.0,511105113.75
2025-07-31 09:21:47 AM,145.9,0,0.0,511105113.75
2025-07-31 09:21:47 AM,145.8,0,0.0,511105113.75
2025-07-31 09:21:48 AM,145.9,0,0.0,511105113.75
2025-07-31 09:21:48 AM,145.7,0,0.0,511105113.75
2025-07-31 09:21:48 AM,145.75,4725,688668.75,511793782.5
2025-07-31 09:21:48 AM,146.3,225,32917.5,511826700.0
2025-07-31 09:21:49 AM,146.1,0,0.0,511826700.0
2025-07-31 09:21:50 AM,146.95,0,0.0,511826700.0
2025-07-31 09:21:50 AM,146.95,5775,848636.2499999999,512675336.25
2025-07-31 09:21:51 AM,146.55,0,0.0,512675336.25
2025-07-31 09:21:51 AM,147.0,2775,407925.0,513083261.25
2025-07-31 09:21:51 AM,146.55,1050,153877.5,513237138.75
2025-07-31 09:21:52 AM,147.05,0,0.0,513237138.75
2025-07-31 09:21:52 AM,146.8,0,0.0,513237138.75
2025-07-31 09:21:53 AM,146.05,0,0.0,513237138.75
2025-07-31 09:21:53 AM,146.0,0,0.0,513237138.75
2025-07-31 09:21:53 AM,146.15,6750,986512.5,514223651.25
2025-07-31 09:21:53 AM,146.1,525,76702.5,514300353.75
2025-07-31 09:21:54 AM,146.6,0,0.0,514300353.75
2025-07-31 09:21:54 AM,146.9,0,0.0,514300353.75
2025-07-31 09:21:55 AM,145.35,0,0.0,514300353.75
2025-07-31 09:21:55 AM,145.35,8550,1242742.5,515543096.25
2025-07-31 09:21:55 AM,146.0,0,0.0,515543096.25
2025-07-31 09:21:55 AM,146.0,1575,229950.0,515773046.25
2025-07-31 09:21:56 AM,146.85,0,0.0,515773046.25
2025-07-31 09:21:56 AM,147.0,0,0.0,515773046.25
2025-07-31 09:21:56 AM,147.8,10425,1540815.0000000002,517313861.25
2025-07-31 09:21:57 AM,147.2,0,0.0,517313861.25
2025-07-31 09:21:57 AM,147.25,0,0.0,517313861.25
2025-07-31 09:21:58 AM,147.4,0,0.0,517313861.25
2025-07-31 09:21:58 AM,147.9,2250,332775.0,517646636.25
2025-07-31 09:21:58 AM,147.4,75,11055.0,517657691.25
2025-07-31 09:21:59 AM,147.8,0,0.0,517657691.25
2025-07-31 09:21:59 AM,147.05,0,0.0,517657691.25
2025-07-31 09:22:00 AM,147.1,0,0.0,517657691.25
2025-07-31 09:22:00 AM,146.85,12150,1784227.5,519441918.75
2025-07-31 09:22:00 AM,147.6,0,0.0,519441918.75
2025-07-31 09:22:00 AM,147.6,75,11070.0,519452988.75
2025-07-31 09:22:01 AM,148.5,0,0.0,519452988.75
2025-07-31 09:22:01 AM,148.75,0,0.0,519452988.75
2025-07-31 09:22:01 AM,148.2,2850,422369.99999999994,519875358.75
2025-07-31 09:22:01 AM,148.25,675,100068.75,519975427.5
2025-07-31 09:22:02 AM,147.7,0,0.0,519975427.5
2025-07-31 09:22:03 AM,149.1,0,0.0,519975427.5
2025-07-31 09:22:03 AM,149.25,6225,929081.25,520904508.75
2025-07-31 09:22:03 AM,149.05,75,11178.75,520915687.5
2025-07-31 09:22:04 AM,149.55,0,0.0,520915687.5
2025-07-31 09:22:05 AM,149.8,0,0.0,520915687.5
2025-07-31 09:22:05 AM,149.8,4425,662865.0,521578552.5
2025-07-31 09:22:05 AM,149.95,1575,236171.24999999997,521814723.75
2025-07-31 09:22:06 AM,149.9,0,0.0,521814723.75
2025-07-31 09:22:06 AM,150.4,0,0.0,521814723.75
2025-07-31 09:22:06 AM,150.5,6300,948150.0,522762873.75
2025-07-31 09:22:06 AM,150.7,750,113024.99999999999,522875898.75
2025-07-31 09:22:07 AM,152.25,0,0.0,522875898.75
2025-07-31 09:22:07 AM,152.3,0,0.0,522875898.75
2025-07-31 09:22:08 AM,151.9,0,0.0,522875898.75
2025-07-31 09:22:08 AM,152.0,14250,2166000.0,525041898.75
2025-07-31 09:22:08 AM,151.45,450,68152.5,525110051.25
2025-07-31 09:22:09 AM,151.95,0,0.0,525110051.25
2025-07-31 09:22:09 AM,151.85,0,0.0,525110051.25
2025-07-31 09:22:10 AM,151.3,0,0.0,525110051.25
2025-07-31 09:22:10 AM,151.6,5100,773160.0,525883211.25
2025-07-31 09:22:10 AM,152.0,0,0.0,525883211.25
2025-07-31 09:22:10 AM,152.0,75,11400.0,525894611.25
2025-07-31 09:22:11 AM,153.1,0,0.0,525894611.25
2025-07-31 09:22:11 AM,152.75,0,0.0,525894611.25
2025-07-31 09:22:11 AM,154.25,10350,1596487.5,527491098.75
2025-07-31 09:22:11 AM,155.35,2700,419445.0,527910543.75
2025-07-31 09:22:12 AM,155.3,0,0.0,527910543.75
2025-07-31 09:22:13 AM,157.4,0,0.0,527910543.75
2025-07-31 09:22:13 AM,157.65,0,0.0,527910543.75
2025-07-31 09:22:13 AM,158.05,17700,2797485.0,530708028.75
2025-07-31 09:22:13 AM,158.7,1050,166635.0,530874663.75
2025-07-31 09:22:14 AM,157.75,0,0.0,530874663.75
2025-07-31 09:22:14 AM,157.3,0,0.0,530874663.75
2025-07-31 09:22:15 AM,158.05,0,0.0,530874663.75
2025-07-31 09:22:15 AM,157.65,0,0.0,530874663.75
2025-07-31 09:22:15 AM,157.4,9750,1534650.0,532409313.75
2025-07-31 09:22:15 AM,157.35,375,59006.25,532468320.0
2025-07-31 09:22:16 AM,158.65,0,0.0,532468320.0
2025-07-31 09:22:16 AM,158.55,0,0.0,532468320.0
2025-07-31 09:22:16 AM,156.95,17625,2766243.75,535234563.75
2025-07-31 09:22:16 AM,156.65,675,105738.75,535340302.5
2025-07-31 09:22:17 AM,156.25,0,0.0,535340302.5
2025-07-31 09:22:17 AM,155.9,0,0.0,535340302.5
2025-07-31 09:22:18 AM,155.95,0,0.0,535340302.5
2025-07-31 09:22:18 AM,156.8,0,0.0,535340302.5
2025-07-31 09:22:18 AM,156.8,5850,917280.0000000001,536257582.5
2025-07-31 09:22:18 AM,156.8,525,82320.0,536339902.5
2025-07-31 09:22:19 AM,157.05,0,0.0,536339902.5
2025-07-31 09:22:19 AM,156.4,0,0.0,536339902.5
2025-07-31 09:22:20 AM,156.75,0,0.0,536339902.5
2025-07-31 09:22:20 AM,157.4,0,0.0,536339902.5
2025-07-31 09:22:20 AM,157.3,3675,578077.5,536917980.0
2025-07-31 09:22:20 AM,157.45,150,23617.5,536941597.5
2025-07-31 09:22:21 AM,157.55,0,0.0,536941597.5
2025-07-31 09:22:21 AM,157.4,0,0.0,536941597.5
2025-07-31 09:22:21 AM,157.3,5475,861217.5000000001,537802815.0
2025-07-31 09:22:21 AM,156.4,3075,480930.0,538283745.0
2025-07-31 09:22:22 AM,159.15,0,0.0,538283745.0
2025-07-31 09:22:22 AM,159.5,0,0.0,538283745.0
2025-07-31 09:22:23 AM,158.9,0,0.0,538283745.0
2025-07-31 09:22:23 AM,159.6,0,0.0,538283745.0
2025-07-31 09:22:23 AM,159.4,18150,2893110.0,541176855.0
2025-07-31 09:22:23 AM,159.7,675,107797.49999999999,541284652.5
2025-07-31 09:22:24 AM,159.2,0,0.0,541284652.5
2025-07-31 09:22:24 AM,159.05,0,0.0,541284652.5
2025-07-31 09:22:25 AM,158.45,0,0.0,541284652.5
2025-07-31 09:22:25 AM,158.2,10725,1696694.9999999998,542981347.5
2025-07-31 09:22:25 AM,156.3,9900,1547370.0,544528717.5
2025-07-31 09:22:26 AM,157.6,0,0.0,544528717.5
2025-07-31 09:22:26 AM,157.55,0,0.0,544528717.5
2025-07-31 09:22:26 AM,157.55,10800,1701540.0000000002,546230257.5
2025-07-31 09:22:26 AM,157.25,75,11793.75,546242051.25
2025-07-31 09:22:27 AM,157.35,0,0.0,546242051.25
2025-07-31 09:22:28 AM,156.75,0,0.0,546242051.25
2025-07-31 09:22:28 AM,158.65,7575,1201773.75,547443825.0
2025-07-31 09:22:28 AM,158.55,150,23782.5,547467607.5
2025-07-31 09:22:29 AM,158.25,0,0.0,547467607.5
2025-07-31 09:22:29 AM,157.4,0,0.0,547467607.5
2025-07-31 09:22:30 AM,157.45,0,0.0,547467607.5
2025-07-31 09:22:30 AM,157.35,0,0.0,547467607.5
2025-07-31 09:22:30 AM,157.3,9225,1451092.5,548918700.0
2025-07-31 09:22:30 AM,157.45,1500,236174.99999999997,549154875.0
2025-07-31 09:22:31 AM,157.7,0,0.0,549154875.0
2025-07-31 09:22:31 AM,157.75,0,0.0,549154875.0
2025-07-31 09:22:31 AM,157.75,6150,970162.5,550125037.5
2025-07-31 09:22:31 AM,157.55,300,47265.0,550172302.5
2025-07-31 09:22:32 AM,158.35,0,0.0,550172302.5
2025-07-31 09:22:32 AM,158.0,0,0.0,550172302.5
2025-07-31 09:22:33 AM,156.95,0,0.0,550172302.5
2025-07-31 09:22:33 AM,156.55,0,0.0,550172302.5
2025-07-31 09:22:33 AM,156.45,21825,3414521.2499999995,553586823.75
2025-07-31 09:22:34 AM,156.8,0,0.0,553586823.75
2025-07-31 09:22:34 AM,156.75,0,0.0,553586823.75
2025-07-31 09:22:35 AM,156.35,0,0.0,553586823.75
2025-07-31 09:22:35 AM,156.4,0,0.0,553586823.75
2025-07-31 09:22:35 AM,156.9,13725,2153452.5,555740276.25
2025-07-31 09:22:35 AM,156.8,450,70560.0,555810836.25
2025-07-31 09:22:36 AM,157.55,0,0.0,555810836.25
2025-07-31 09:22:36 AM,156.6,3375,528525.0,556339361.25
2025-07-31 09:22:36 AM,156.8,150,23520.0,556362881.25
2025-07-31 09:22:38 AM,157.1,0,0.0,556362881.25
2025-07-31 09:22:38 AM,156.5,4050,633825.0,556996706.25
2025-07-31 09:22:38 AM,156.7,75,11752.5,557008458.75
2025-07-31 09:22:39 AM,156.35,0,0.0,557008458.75
2025-07-31 09:22:40 AM,154.4,0,0.0,557008458.75
2025-07-31 09:22:40 AM,154.55,0,0.0,557008458.75
2025-07-31 09:22:40 AM,154.1,8325,1282882.5,558291341.25
2025-07-31 09:22:40 AM,154.15,1050,161857.5,558453198.75
2025-07-31 09:22:41 AM,154.1,0,0.0,558453198.75
2025-07-31 09:22:41 AM,153.85,0,0.0,558453198.75
2025-07-31 09:22:41 AM,153.35,5025,770583.75,559223782.5
2025-07-31 09:22:41 AM,154.05,75,11553.75,559235336.25
2025-07-31 09:22:42 AM,153.95,0,0.0,559235336.25
2025-07-31 09:22:43 AM,153.75,0,0.0,559235336.25
2025-07-31 09:22:43 AM,154.25,0,0.0,559235336.25
2025-07-31 09:22:43 AM,154.05,1200,184860.0,559420196.25
2025-07-31 09:22:43 AM,153.5,300,46050.0,559466246.25
2025-07-31 09:22:44 AM,154.3,0,0.0,559466246.25
2025-07-31 09:22:45 AM,154.35,0,0.0,559466246.25
2025-07-31 09:22:45 AM,154.35,3300,509355.0,559975601.25
2025-07-31 09:22:45 AM,153.75,75,11531.25,559987132.5
2025-07-31 09:22:46 AM,153.15,0,0.0,559987132.5
2025-07-31 09:22:46 AM,153.2,0,0.0,559987132.5
2025-07-31 09:22:46 AM,153.75,2250,345937.5,560333070.0
2025-07-31 09:22:46 AM,153.45,300,46035.0,560379105.0
2025-07-31 09:22:47 AM,152.95,0,0.0,560379105.0
2025-07-31 09:22:48 AM,153.5,0,0.0,560379105.0
2025-07-31 09:22:48 AM,153.15,9375,1435781.25,561814886.25
2025-07-31 09:22:48 AM,153.3,75,11497.5,561826383.75
2025-07-31 09:22:49 AM,153.1,0,0.0,561826383.75
2025-07-31 09:22:50 AM,151.6,0,0.0,561826383.75
2025-07-31 09:22:50 AM,150.5,3750,564375.0,562390758.75
2025-07-31 09:22:50 AM,150.55,75,11291.25,562402050.0
2025-07-31 09:22:51 AM,151.55,0,0.0,562402050.0
2025-07-31 09:22:51 AM,151.75,0,0.0,562402050.0
2025-07-31 09:22:51 AM,151.85,2100,318885.0,562720935.0
2025-07-31 09:22:51 AM,152.15,300,45645.0,562766580.0
2025-07-31 09:22:52 AM,151.85,0,0.0,562766580.0
2025-07-31 09:22:53 AM,151.55,0,0.0,562766580.0
2025-07-31 09:22:53 AM,151.8,4425,671715.0,563438295.0
2025-07-31 09:22:53 AM,151.2,5175,782459.9999999999,564220755.0
2025-07-31 09:22:54 AM,151.0,0,0.0,564220755.0
2025-07-31 09:22:54 AM,150.9,0,0.0,564220755.0
2025-07-31 09:22:55 AM,148.55,11700,1738035.0000000002,565958790.0
2025-07-31 09:22:55 AM,148.3,0,0.0,565958790.0
2025-07-31 09:22:55 AM,148.3,150,22245.0,565981035.0
2025-07-31 09:22:56 AM,148.95,0,0.0,565981035.0
2025-07-31 09:22:56 AM,148.45,0,0.0,565981035.0
2025-07-31 09:22:56 AM,149.8,5175,775215.0000000001,566756250.0
2025-07-31 09:22:56 AM,150.65,2550,384157.5,567140407.5
2025-07-31 09:22:58 AM,149.9,0,0.0,567140407.5
2025-07-31 09:22:58 AM,149.6,2100,314160.0,567454567.5
2025-07-31 09:22:59 AM,149.15,0,0.0,567454567.5
2025-07-31 09:23:00 AM,150.0,0,0.0,567454567.5
2025-07-31 09:23:00 AM,150.2,4875,732225.0,568186792.5
2025-07-31 09:23:00 AM,150.25,450,67612.5,568254405.0
2025-07-31 09:23:01 AM,150.0,0,0.0,568254405.0
2025-07-31 09:23:01 AM,150.0,3825,573750.0,568828155.0
2025-07-31 09:23:01 AM,150.2,75,11265.0,568839420.0
2025-07-31 09:23:02 AM,149.7,0,0.0,568839420.0
2025-07-31 09:23:03 AM,150.55,0,0.0,568839420.0
2025-07-31 09:23:03 AM,149.65,3300,493845.0,569333265.0
2025-07-31 09:23:04 AM,150.1,0,0.0,569333265.0
2025-07-31 09:23:05 AM,149.35,1500,224025.0,569557290.0
2025-07-31 09:23:05 AM,149.0,0,0.0,569557290.0
2025-07-31 09:23:05 AM,149.0,75,11175.0,569568465.0
2025-07-31 09:23:06 AM,148.6,0,0.0,569568465.0
2025-07-31 09:23:06 AM,148.1,5325,788632.5,570357097.5
2025-07-31 09:23:06 AM,148.1,225,33322.5,570390420.0
2025-07-31 09:23:07 AM,147.9,0,0.0,570390420.0
2025-07-31 09:23:08 AM,146.6,0,0.0,570390420.0
2025-07-31 09:23:08 AM,147.5,0,0.0,570390420.0
2025-07-31 09:23:08 AM,146.65,8700,1275855.0,571666275.0
2025-07-31 09:23:08 AM,147.65,2100,310065.0,571976340.0
2025-07-31 09:23:09 AM,147.25,0,0.0,571976340.0
2025-07-31 09:23:09 AM,147.6,0,0.0,571976340.0
2025-07-31 09:23:10 AM,148.1,0,0.0,571976340.0
2025-07-31 09:23:10 AM,148.15,10875,1611131.25,573587471.25
2025-07-31 09:23:10 AM,147.7,75,11077.5,573598548.75
2025-07-31 09:23:11 AM,147.45,0,0.0,573598548.75
2025-07-31 09:23:11 AM,147.0,0,0.0,573598548.75
2025-07-31 09:23:11 AM,145.6,12825,1867320.0,575465868.75
2025-07-31 09:23:12 AM,145.3,900,130770.00000000001,575596638.75
2025-07-31 09:23:12 AM,145.25,0,0.0,575596638.75
2025-07-31 09:23:12 AM,145.75,0,0.0,575596638.75
2025-07-31 09:23:13 AM,146.3,0,0.0,575596638.75
2025-07-31 09:23:13 AM,145.8,0,0.0,575596638.75
2025-07-31 09:23:13 AM,146.2,7425,1085535.0,576682173.75
2025-07-31 09:23:14 AM,145.05,0,0.0,576682173.75
2025-07-31 09:23:14 AM,145.4,0,0.0,576682173.75
2025-07-31 09:23:15 AM,144.3,15975,2305192.5,578987366.25
2025-07-31 09:23:15 AM,144.0,0,0.0,578987366.25
2025-07-31 09:23:15 AM,143.8,4575,657885.0,579645251.25
2025-07-31 09:23:16 AM,144.15,0,0.0,579645251.25
2025-07-31 09:23:16 AM,144.2,0,0.0,579645251.25
2025-07-31 09:23:16 AM,144.6,8625,1247175.0,580892426.25
2025-07-31 09:23:17 AM,144.45,375,54168.74999999999,580946595.0
2025-07-31 09:23:17 AM,145.2,0,0.0,580946595.0
2025-07-31 09:23:18 AM,145.35,0,0.0,580946595.0
2025-07-31 09:23:18 AM,145.1,0,0.0,580946595.0
2025-07-31 09:23:18 AM,145.35,5250,763087.5,581709682.5
2025-07-31 09:23:18 AM,145.55,2325,338403.75,582048086.25
2025-07-31 09:23:19 AM,146.4,0,0.0,582048086.25
2025-07-31 09:23:19 AM,146.15,0,0.0,582048086.25
2025-07-31 09:23:20 AM,146.4,8025,1174860.0,583222946.25
2025-07-31 09:23:20 AM,146.95,0,0.0,583222946.25
2025-07-31 09:23:20 AM,147.85,450,66532.5,583289478.75
2025-07-31 09:23:21 AM,148.95,0,0.0,583289478.75
2025-07-31 09:23:21 AM,148.9,11250,1675125.0,584964603.75
2025-07-31 09:23:22 AM,149.2,0,0.0,584964603.75
2025-07-31 09:23:23 AM,149.35,0,0.0,584964603.75
2025-07-31 09:23:23 AM,149.05,0,0.0,584964603.75
2025-07-31 09:23:23 AM,148.95,6000,893699.9999999999,585858303.75
2025-07-31 09:23:23 AM,148.95,75,11171.25,585869475.0
2025-07-31 09:23:24 AM,150.0,0,0.0,585869475.0
2025-07-31 09:23:25 AM,149.4,0,0.0,585869475.0
2025-07-31 09:23:25 AM,149.4,5775,862785.0,586732260.0
2025-07-31 09:23:25 AM,148.8,0,0.0,586732260.0
2025-07-31 09:23:25 AM,148.8,2775,412920.00000000006,587145180.0
2025-07-31 09:23:26 AM,149.35,0,0.0,587145180.0
2025-07-31 09:23:26 AM,150.2,3075,461864.99999999994,587607045.0
2025-07-31 09:23:27 AM,150.7,75,11302.5,587618347.5
2025-07-31 09:23:27 AM,149.9,0,0.0,587618347.5
2025-07-31 09:23:28 AM,150.55,0,0.0,587618347.5
2025-07-31 09:23:28 AM,150.25,0,0.0,587618347.5
2025-07-31 09:23:28 AM,150.25,4725,709931.25,588328278.75
2025-07-31 09:23:28 AM,149.9,975,146152.5,588474431.25
2025-07-31 09:23:29 AM,149.4,0,0.0,588474431.25
2025-07-31 09:23:29 AM,149.25,0,0.0,588474431.25
2025-07-31 09:23:30 AM,148.85,5100,759135.0,589233566.25
2025-07-31 09:23:30 AM,148.65,0,0.0,589233566.25
2025-07-31 09:23:30 AM,148.35,825,122388.75,589355955.0
2025-07-31 09:23:31 AM,148.6,0,0.0,589355955.0
2025-07-31 09:23:31 AM,148.55,2175,323096.25,589679051.25
2025-07-31 09:23:32 AM,148.8,75,11160.0,589690211.25
2025-07-31 09:23:33 AM,148.75,0,0.0,589690211.25
2025-07-31 09:23:33 AM,148.35,6525,967983.75,590658195.0
2025-07-31 09:23:33 AM,148.4,300,44520.0,590702715.0
2025-07-31 09:23:34 AM,148.95,0,0.0,590702715.0
2025-07-31 09:23:34 AM,148.5,0,0.0,590702715.0
2025-07-31 09:23:35 AM,148.5,6075,902137.5,591604852.5
2025-07-31 09:23:35 AM,147.75,750,110812.5,591715665.0
2025-07-31 09:23:36 AM,149.0,0,0.0,591715665.0
2025-07-31 09:23:36 AM,148.75,0,0.0,591715665.0
2025-07-31 09:23:36 AM,148.3,2175,322552.5,592038217.5
2025-07-31 09:23:37 AM,148.45,375,55668.74999999999,592093886.25
2025-07-31 09:23:37 AM,149.05,0,0.0,592093886.25
2025-07-31 09:23:37 AM,148.65,0,0.0,592093886.25
2025-07-31 09:23:38 AM,149.05,0,0.0,592093886.25
2025-07-31 09:23:38 AM,149.15,2700,402705.0,592496591.25
2025-07-31 09:23:39 AM,149.35,0,0.0,592496591.25
2025-07-31 09:23:39 AM,148.9,0,0.0,592496591.25
2025-07-31 09:23:40 AM,148.0,11475,1698300.0,594194891.25
2025-07-31 09:23:40 AM,147.95,0,0.0,594194891.25
2025-07-31 09:23:40 AM,147.7,0,0.0,594194891.25
2025-07-31 09:23:40 AM,147.95,975,144251.25,594339142.5
2025-07-31 09:23:41 AM,148.35,0,0.0,594339142.5
2025-07-31 09:23:41 AM,148.25,0,0.0,594339142.5
2025-07-31 09:23:41 AM,148.8,4725,703080.0,595042222.5
2025-07-31 09:23:42 AM,148.75,75,11156.25,595053378.75
2025-07-31 09:23:42 AM,149.05,0,0.0,595053378.75
2025-07-31 09:23:43 AM,149.65,0,0.0,595053378.75
2025-07-31 09:23:43 AM,149.6,0,0.0,595053378.75
2025-07-31 09:23:43 AM,149.65,3450,516292.5,595569671.25
2025-07-31 09:23:43 AM,150.65,1050,158182.5,595727853.75
2025-07-31 09:23:44 AM,150.2,0,0.0,595727853.75
2025-07-31 09:23:44 AM,150.15,0,0.0,595727853.75
2025-07-31 09:23:45 AM,150.7,0,0.0,595727853.75
2025-07-31 09:23:45 AM,150.7,3750,565125.0,596292978.75
2025-07-31 09:23:45 AM,151.2,0,0.0,596292978.75
2025-07-31 09:23:45 AM,151.2,1425,215459.99999999997,596508438.75
2025-07-31 09:23:46 AM,150.35,0,0.0,596508438.75
2025-07-31 09:23:46 AM,150.4,0,0.0,596508438.75
2025-07-31 09:23:46 AM,149.05,5475,816048.7500000001,597324487.5
2025-07-31 09:23:47 AM,149.25,300,44775.0,597369262.5
2025-07-31 09:23:47 AM,149.15,0,0.0,597369262.5
2025-07-31 09:23:47 AM,149.2,0,0.0,597369262.5
2025-07-31 09:23:48 AM,148.55,0,0.0,597369262.5
2025-07-31 09:23:48 AM,148.3,0,0.0,597369262.5
2025-07-31 09:23:48 AM,148.05,2400,355320.0,597724582.5
2025-07-31 09:23:48 AM,148.4,75,11130.0,597735712.5
2025-07-31 09:23:49 AM,148.8,0,0.0,597735712.5
2025-07-31 09:23:50 AM,148.6,0,0.0,597735712.5
2025-07-31 09:23:50 AM,148.6,3825,568395.0,598304107.5
2025-07-31 09:23:50 AM,148.75,1125,167343.75,598471451.25
2025-07-31 09:23:51 AM,148.4,0,0.0,598471451.25
2025-07-31 09:23:51 AM,148.75,7800,1160250.0,599631701.25
2025-07-31 09:23:52 AM,149.05,525,78251.25,599709952.5
2025-07-31 09:23:53 AM,149.3,0,0.0,599709952.5
2025-07-31 09:23:53 AM,149.8,0,0.0,599709952.5
2025-07-31 09:23:53 AM,149.9,3075,460942.5,600170895.0
2025-07-31 09:23:53 AM,150.0,225,33750.0,600204645.0
2025-07-31 09:23:54 AM,150.2,0,0.0,600204645.0
2025-07-31 09:23:54 AM,150.15,0,0.0,600204645.0
2025-07-31 09:23:55 AM,151.2,2250,340200.0,600544845.0
2025-07-31 09:23:55 AM,151.5,0,0.0,600544845.0
2025-07-31 09:23:55 AM,151.8,600,91080.0,600635925.0
2025-07-31 09:23:56 AM,151.25,5250,794062.5,601429987.5
2025-07-31 09:23:57 AM,151.35,225,34053.75,601464041.25
2025-07-31 09:23:58 AM,151.55,0,0.0,601464041.25
2025-07-31 09:23:58 AM,151.75,0,0.0,601464041.25
2025-07-31 09:23:58 AM,151.75,6150,933262.5,602397303.75
2025-07-31 09:23:58 AM,152.1,75,11407.5,602408711.25
2025-07-31 09:23:59 AM,152.25,0,0.0,602408711.25
2025-07-31 09:24:00 AM,150.9,0,0.0,602408711.25
2025-07-31 09:24:00 AM,150.95,3750,566062.5,602974773.75
2025-07-31 09:24:00 AM,151.2,375,56699.99999999999,603031473.75
2025-07-31 09:24:01 AM,150.85,0,0.0,603031473.75
2025-07-31 09:24:01 AM,152.0,0,0.0,603031473.75
2025-07-31 09:24:01 AM,152.5,7500,1143750.0,604175223.75
2025-07-31 09:24:02 AM,152.4,0,0.0,604175223.75
2025-07-31 09:24:02 AM,152.4,150,22860.0,604198083.75
2025-07-31 09:24:02 AM,152.75,0,0.0,604198083.75
2025-07-31 09:24:03 AM,151.5,0,0.0,604198083.75
2025-07-31 09:24:03 AM,151.75,4050,614587.5,604812671.25
2025-07-31 09:24:03 AM,151.75,150,22762.5,604835433.75
2025-07-31 09:24:04 AM,151.8,0,0.0,604835433.75
2025-07-31 09:24:05 AM,152.3,0,0.0,604835433.75
2025-07-31 09:24:05 AM,152.3,3825,582547.5,605417981.25
2025-07-31 09:24:05 AM,152.0,3075,467400.0,605885381.25
2025-07-31 09:24:06 AM,152.5,0,0.0,605885381.25
2025-07-31 09:24:06 AM,152.6,5250,801150.0,606686531.25
2025-07-31 09:24:07 AM,152.2,0,0.0,606686531.25
2025-07-31 09:24:07 AM,152.2,150,22830.0,606709361.25
2025-07-31 09:24:08 AM,153.2,0,0.0,606709361.25
2025-07-31 09:24:08 AM,152.2,5250,799049.9999999999,607508411.25
2025-07-31 09:24:08 AM,152.15,450,68467.5,607576878.75
2025-07-31 09:24:09 AM,152.2,0,0.0,607576878.75
2025-07-31 09:24:09 AM,152.0,0,0.0,607576878.75
2025-07-31 09:24:10 AM,151.65,0,0.0,607576878.75
2025-07-31 09:24:10 AM,151.65,1725,261596.25,607838475.0
2025-07-31 09:24:10 AM,151.7,225,34132.5,607872607.5
2025-07-31 09:24:11 AM,150.6,0,0.0,607872607.5
2025-07-31 09:24:11 AM,150.85,0,0.0,607872607.5
2025-07-31 09:24:11 AM,151.2,2325,351540.0,608224147.5
2025-07-31 09:24:12 AM,150.95,0,0.0,608224147.5
2025-07-31 09:24:12 AM,150.95,75,11321.25,608235468.75
2025-07-31 09:24:13 AM,149.3,0,0.0,608235468.75
2025-07-31 09:24:13 AM,149.15,0,0.0,608235468.75
2025-07-31 09:24:13 AM,148.6,5400,802440.0,609037908.75
2025-07-31 09:24:13 AM,149.05,75,11178.75,609049087.5
2025-07-31 09:24:14 AM,149.55,0,0.0,609049087.5
2025-07-31 09:24:14 AM,149.75,0,0.0,609049087.5
2025-07-31 09:24:15 AM,150.05,0,0.0,609049087.5
2025-07-31 09:24:15 AM,150.35,4425,665298.75,609714386.25
2025-07-31 09:24:15 AM,150.25,225,33806.25,609748192.5
2025-07-31 09:24:16 AM,150.25,975,146493.75,609894686.25
2025-07-31 09:24:18 AM,149.55,0,0.0,609894686.25
2025-07-31 09:24:18 AM,149.55,1650,246757.50000000003,610141443.75
2025-07-31 09:24:18 AM,148.85,4575,680988.75,610822432.5
2025-07-31 09:24:20 AM,149.25,0,0.0,610822432.5
2025-07-31 09:24:20 AM,149.25,4425,660431.25,611482863.75
2025-07-31 09:24:20 AM,148.85,825,122801.25,611605665.0
2025-07-31 09:24:21 AM,149.05,0,0.0,611605665.0
2025-07-31 09:24:21 AM,149.15,0,0.0,611605665.0
2025-07-31 09:24:21 AM,149.25,1350,201487.5,611807152.5
2025-07-31 09:24:22 AM,148.95,225,33513.75,611840666.25
2025-07-31 09:24:22 AM,148.0,0,0.0,611840666.25
2025-07-31 09:24:23 AM,148.3,0,0.0,611840666.25
2025-07-31 09:24:23 AM,149.5,0,0.0,611840666.25
2025-07-31 09:24:23 AM,149.2,15075,2249190.0,614089856.25
2025-07-31 09:24:24 AM,149.6,0,0.0,614089856.25
2025-07-31 09:24:25 AM,149.85,0,0.0,614089856.25
2025-07-31 09:24:25 AM,149.85,7425,1112636.25,615202492.5
2025-07-31 09:24:25 AM,149.35,1650,246427.5,615448920.0
2025-07-31 09:24:26 AM,149.65,0,0.0,615448920.0
2025-07-31 09:24:26 AM,150.0,0,0.0,615448920.0
2025-07-31 09:24:26 AM,150.8,10200,1538160.0,616987080.0
2025-07-31 09:24:27 AM,151.2,0,0.0,616987080.0
2025-07-31 09:24:27 AM,151.2,675,102059.99999999999,617089140.0
2025-07-31 09:24:28 AM,152.1,0,0.0,617089140.0
2025-07-31 09:24:28 AM,152.1,1500,228150.0,617317290.0
2025-07-31 09:24:28 AM,152.95,600,91770.0,617409060.0
2025-07-31 09:24:29 AM,153.15,0,0.0,617409060.0
2025-07-31 09:24:29 AM,153.85,0,0.0,617409060.0
2025-07-31 09:24:30 AM,153.4,0,0.0,617409060.0
2025-07-31 09:24:30 AM,153.25,9450,1448212.5,618857272.5
2025-07-31 09:24:30 AM,153.25,3150,482737.5,619340010.0
2025-07-31 09:24:31 AM,153.15,0,0.0,619340010.0
2025-07-31 09:24:31 AM,153.7,0,0.0,619340010.0
2025-07-31 09:24:31 AM,153.85,2550,392317.5,619732327.5
2025-07-31 09:24:32 AM,153.35,0,0.0,619732327.5
2025-07-31 09:24:32 AM,153.35,600,92010.0,619824337.5
2025-07-31 09:24:33 AM,154.9,0,0.0,619824337.5
2025-07-31 09:24:33 AM,154.25,5550,856087.5,620680425.0
2025-07-31 09:24:33 AM,154.4,675,104220.0,620784645.0
2025-07-31 09:24:34 AM,153.95,0,0.0,620784645.0
2025-07-31 09:24:35 AM,155.0,0,0.0,620784645.0
2025-07-31 09:24:35 AM,155.0,7575,1174125.0,621958770.0
2025-07-31 09:24:35 AM,154.75,0,0.0,621958770.0
2025-07-31 09:24:35 AM,155.0,2100,325500.0,622284270.0
2025-07-31 09:24:36 AM,155.2,0,0.0,622284270.0
2025-07-31 09:24:36 AM,155.4,0,0.0,622284270.0
2025-07-31 09:24:36 AM,154.8,7800,1207440.0,623491710.0
2025-07-31 09:24:37 AM,154.05,0,0.0,623491710.0
2025-07-31 09:24:37 AM,154.05,825,127091.25000000001,623618801.25
2025-07-31 09:24:37 AM,154.45,0,0.0,623618801.25
2025-07-31 09:24:38 AM,153.95,0,0.0,623618801.25
2025-07-31 09:24:38 AM,154.25,0,0.0,623618801.25
2025-07-31 09:24:38 AM,153.8,3000,461400.00000000006,624080201.25
2025-07-31 09:24:38 AM,152.95,1425,217953.74999999997,624298155.0
2025-07-31 09:24:39 AM,153.05,0,0.0,624298155.0
2025-07-31 09:24:40 AM,152.4,0,0.0,624298155.0
2025-07-31 09:24:40 AM,152.4,3450,525780.0,624823935.0
2025-07-31 09:24:40 AM,152.65,225,34346.25,624858281.25
2025-07-31 09:24:41 AM,151.8,0,0.0,624858281.25
2025-07-31 09:24:41 AM,151.45,3750,567937.5,625426218.75
2025-07-31 09:24:42 AM,151.3,0,0.0,625426218.75
2025-07-31 09:24:42 AM,151.3,450,68085.0,625494303.75
2025-07-31 09:24:43 AM,151.05,0,0.0,625494303.75
2025-07-31 09:24:43 AM,151.0,1575,237825.0,625732128.75
2025-07-31 09:24:43 AM,151.3,900,136170.0,625868298.75
2025-07-31 09:24:44 AM,151.0,0,0.0,625868298.75
2025-07-31 09:24:45 AM,151.25,0,0.0,625868298.75
2025-07-31 09:24:45 AM,151.25,2250,340312.5,626208611.25
2025-07-31 09:24:46 AM,150.05,0,0.0,626208611.25
2025-07-31 09:24:46 AM,150.0,0,0.0,626208611.25
2025-07-31 09:24:46 AM,150.55,4650,700057.5,626908668.75
2025-07-31 09:24:47 AM,150.6,0,0.0,626908668.75
2025-07-31 09:24:47 AM,150.6,1425,214605.0,627123273.75
2025-07-31 09:24:48 AM,149.6,0,0.0,627123273.75
2025-07-31 09:24:48 AM,149.6,1200,179520.0,627302793.75
2025-07-31 09:24:48 AM,149.55,300,44865.0,627347658.75
2025-07-31 09:24:49 AM,149.4,0,0.0,627347658.75
2025-07-31 09:24:50 AM,148.65,0,0.0,627347658.75
2025-07-31 09:24:50 AM,148.65,2925,434801.25,627782460.0
2025-07-31 09:24:50 AM,147.0,4500,661500.0,628443960.0
2025-07-31 09:24:51 AM,146.7,0,0.0,628443960.0
2025-07-31 09:24:51 AM,147.0,2775,407925.0,628851885.0
2025-07-31 09:24:52 AM,147.25,375,55218.75,628907103.75
2025-07-31 09:24:52 AM,146.6,0,0.0,628907103.75
2025-07-31 09:24:53 AM,147.15,0,0.0,628907103.75
2025-07-31 09:24:53 AM,146.7,0,0.0,628907103.75
2025-07-31 09:24:53 AM,146.75,4125,605343.75,629512447.5
2025-07-31 09:24:54 AM,146.5,0,0.0,629512447.5
2025-07-31 09:24:55 AM,146.05,0,0.0,629512447.5
2025-07-31 09:24:55 AM,146.4,9750,1427400.0,630939847.5
2025-07-31 09:24:55 AM,146.1,675,98617.5,631038465.0
2025-07-31 09:24:56 AM,146.0,0,0.0,631038465.0
2025-07-31 09:24:56 AM,146.35,5775,845171.25,631883636.25
2025-07-31 09:24:57 AM,146.0,0,0.0,631883636.25
2025-07-31 09:24:57 AM,145.8,975,142155.0,632025791.25
2025-07-31 09:24:58 AM,146.9,0,0.0,632025791.25
2025-07-31 09:24:58 AM,147.1,0,0.0,632025791.25
2025-07-31 09:24:58 AM,147.75,6375,941906.25,632967697.5
2025-07-31 09:24:58 AM,147.4,300,44220.0,633011917.5
2025-07-31 09:24:59 AM,147.6,0,0.0,633011917.5
2025-07-31 09:24:59 AM,147.15,0,0.0,633011917.5
2025-07-31 09:25:00 AM,147.5,0,0.0,633011917.5
2025-07-31 09:25:00 AM,147.75,0,0.0,633011917.5
2025-07-31 09:25:00 AM,147.75,1275,188381.25,633200298.75
2025-07-31 09:25:00 AM,147.4,75,11055.0,633211353.75
2025-07-31 09:25:01 AM,147.65,0,0.0,633211353.75
2025-07-31 09:25:01 AM,147.75,1725,254868.75,633466222.5
2025-07-31 09:25:02 AM,147.7,0,0.0,633466222.5
2025-07-31 09:25:02 AM,147.7,1050,155085.0,633621307.5
2025-07-31 09:25:02 AM,147.55,0,0.0,633621307.5
2025-07-31 09:25:03 AM,146.85,0,0.0,633621307.5
2025-07-31 09:25:03 AM,146.75,3600,528300.0,634149607.5
2025-07-31 09:25:04 AM,146.95,0,0.0,634149607.5
2025-07-31 09:25:05 AM,147.15,0,0.0,634149607.5
2025-07-31 09:25:05 AM,147.25,2775,408618.75,634558226.25
2025-07-31 09:25:05 AM,147.2,0,0.0,634558226.25
2025-07-31 09:25:05 AM,147.1,525,77227.5,634635453.75
2025-07-31 09:25:06 AM,146.25,0,0.0,634635453.75
2025-07-31 09:25:06 AM,146.55,1200,175860.0,634811313.75
2025-07-31 09:25:07 AM,146.2,0,0.0,634811313.75
2025-07-31 09:25:07 AM,146.2,2100,307020.0,635118333.75
2025-07-31 09:25:07 AM,146.5,0,0.0,635118333.75
2025-07-31 09:25:08 AM,146.65,0,0.0,635118333.75
2025-07-31 09:25:08 AM,146.8,0,0.0,635118333.75
2025-07-31 09:25:08 AM,147.25,3150,463837.5,635582171.25
2025-07-31 09:25:08 AM,147.3,75,11047.5,635593218.75
2025-07-31 09:25:09 AM,147.05,0,0.0,635593218.75
2025-07-31 09:25:09 AM,148.15,0,0.0,635593218.75
2025-07-31 09:25:10 AM,147.5,0,0.0,635593218.75
2025-07-31 09:25:10 AM,147.5,4275,630562.5,636223781.25
2025-07-31 09:25:10 AM,147.05,675,99258.75000000001,636323040.0
2025-07-31 09:25:11 AM,147.1,0,0.0,636323040.0
2025-07-31 09:25:11 AM,147.2,0,0.0,636323040.0
2025-07-31 09:25:11 AM,148.15,3525,522228.75,636845268.75
2025-07-31 09:25:12 AM,148.2,0,0.0,636845268.75
2025-07-31 09:25:12 AM,148.2,300,44460.0,636889728.75
2025-07-31 09:25:13 AM,148.65,0,0.0,636889728.75
2025-07-31 09:25:13 AM,148.35,2925,433923.75,637323652.5
2025-07-31 09:25:14 AM,148.05,0,0.0,637323652.5
2025-07-31 09:25:15 AM,148.9,0,0.0,637323652.5
2025-07-31 09:25:15 AM,149.65,0,0.0,637323652.5
2025-07-31 09:25:15 AM,149.5,4500,672750.0,637996402.5
2025-07-31 09:25:15 AM,149.45,450,67252.5,638063655.0
2025-07-31 09:25:16 AM,149.7,0,0.0,638063655.0
2025-07-31 09:25:16 AM,149.45,3750,560437.5,638624092.5
2025-07-31 09:25:17 AM,150.05,0,0.0,638624092.5
2025-07-31 09:25:17 AM,150.05,1200,180060.0,638804152.5
2025-07-31 09:25:17 AM,150.1,0,0.0,638804152.5
2025-07-31 09:25:18 AM,151.45,0,0.0,638804152.5
2025-07-31 09:25:18 AM,152.3,12000,1827600.0000000002,640631752.5
2025-07-31 09:25:18 AM,151.85,225,34166.25,640665918.75
2025-07-31 09:25:19 AM,152.6,0,0.0,640665918.75
2025-07-31 09:25:20 AM,152.0,0,0.0,640665918.75
2025-07-31 09:25:20 AM,151.95,9225,1401738.75,642067657.5
2025-07-31 09:25:20 AM,151.65,0,0.0,642067657.5
2025-07-31 09:25:20 AM,152.45,900,137205.0,642204862.5
2025-07-31 09:25:21 AM,152.1,0,0.0,642204862.5
2025-07-31 09:25:21 AM,151.9,0,0.0,642204862.5
2025-07-31 09:25:21 AM,153.0,6525,998325.0,643203187.5
2025-07-31 09:25:22 AM,153.7,0,0.0,643203187.5
2025-07-31 09:25:22 AM,153.7,1950,299715.0,643502902.5
2025-07-31 09:25:23 AM,153.35,0,0.0,643502902.5
2025-07-31 09:25:23 AM,153.9,0,0.0,643502902.5
2025-07-31 09:25:23 AM,154.25,8775,1353543.75,644856446.25
2025-07-31 09:25:23 AM,154.95,1050,162697.5,645019143.75
2025-07-31 09:25:24 AM,155.65,0,0.0,645019143.75
2025-07-31 09:25:24 AM,155.95,0,0.0,645019143.75
2025-07-31 09:25:25 AM,157.8,0,0.0,645019143.75
2025-07-31 09:25:25 AM,157.1,10650,1673115.0,646692258.75
2025-07-31 09:25:25 AM,156.85,0,0.0,646692258.75
2025-07-31 09:25:25 AM,156.3,750,117225.00000000001,646809483.75
2025-07-31 09:25:26 AM,155.35,0,0.0,646809483.75
2025-07-31 09:25:26 AM,155.3,0,0.0,646809483.75
2025-07-31 09:25:26 AM,155.15,6300,977445.0,647786928.75
2025-07-31 09:25:27 AM,154.15,0,0.0,647786928.75
2025-07-31 09:25:27 AM,154.15,375,57806.25,647844735.0
2025-07-31 09:25:28 AM,154.4,0,0.0,647844735.0
2025-07-31 09:25:28 AM,153.6,0,0.0,647844735.0
2025-07-31 09:25:28 AM,153.75,4800,738000.0,648582735.0
2025-07-31 09:25:28 AM,153.65,750,115237.5,648697972.5
2025-07-31 09:25:29 AM,153.6,0,0.0,648697972.5
2025-07-31 09:25:29 AM,154.85,0,0.0,648697972.5
2025-07-31 09:25:30 AM,154.95,0,0.0,648697972.5
2025-07-31 09:25:30 AM,155.25,0,0.0,648697972.5
2025-07-31 09:25:30 AM,155.3,5325,826972.5000000001,649524945.0
2025-07-31 09:25:30 AM,155.4,1125,174825.0,649699770.0
2025-07-31 09:25:31 AM,155.2,0,0.0,649699770.0
2025-07-31 09:25:31 AM,154.9,0,0.0,649699770.0
2025-07-31 09:25:31 AM,155.85,3900,607815.0,650307585.0
2025-07-31 09:25:32 AM,154.85,0,0.0,650307585.0
2025-07-31 09:25:32 AM,154.85,1800,278730.0,650586315.0
2025-07-31 09:25:33 AM,155.4,0,0.0,650586315.0
2025-07-31 09:25:33 AM,154.4,14475,2234940.0,652821255.0
2025-07-31 09:25:33 AM,154.0,2850,438900.0,653260155.0
2025-07-31 09:25:34 AM,154.15,0,0.0,653260155.0
2025-07-31 09:25:34 AM,154.6,0,0.0,653260155.0
2025-07-31 09:25:35 AM,153.85,0,0.0,653260155.0
2025-07-31 09:25:35 AM,153.45,3375,517893.74999999994,653778048.75
2025-07-31 09:25:35 AM,154.4,2100,324240.0,654102288.75
2025-07-31 09:25:36 AM,154.45,0,0.0,654102288.75
2025-07-31 09:25:36 AM,154.65,1725,266771.25,654369060.0
2025-07-31 09:25:37 AM,154.95,0,0.0,654369060.0
2025-07-31 09:25:37 AM,154.7,2175,336472.5,654705532.5
2025-07-31 09:25:38 AM,154.95,0,0.0,654705532.5
2025-07-31 09:25:38 AM,154.55,0,0.0,654705532.5
2025-07-31 09:25:38 AM,154.95,7200,1115640.0,655821172.5
2025-07-31 09:25:38 AM,154.75,300,46425.0,655867597.5
2025-07-31 09:25:39 AM,155.1,0,0.0,655867597.5
2025-07-31 09:25:40 AM,155.35,0,0.0,655867597.5
2025-07-31 09:25:40 AM,155.5,6825,1061287.5,656928885.0
2025-07-31 09:25:40 AM,155.4,0,0.0,656928885.0
2025-07-31 09:25:40 AM,155.7,1050,163485.0,657092370.0
2025-07-31 09:25:41 AM,155.55,0,0.0,657092370.0
2025-07-31 09:25:41 AM,156.8,6300,987840.0000000001,658080210.0
2025-07-31 09:25:42 AM,156.6,0,0.0,658080210.0
2025-07-31 09:25:42 AM,156.6,1200,187920.0,658268130.0
2025-07-31 09:25:42 AM,156.85,0,0.0,658268130.0
2025-07-31 09:25:43 AM,157.7,0,0.0,658268130.0
2025-07-31 09:25:43 AM,157.0,4500,706500.0,658974630.0
2025-07-31 09:25:44 AM,155.8,0,0.0,658974630.0
2025-07-31 09:25:44 AM,155.7,0,0.0,658974630.0
2025-07-31 09:25:45 AM,156.95,7050,1106497.5,660081127.5
2025-07-31 09:25:45 AM,156.45,450,70402.5,660151530.0
2025-07-31 09:25:46 AM,156.9,0,0.0,660151530.0
2025-07-31 09:25:46 AM,156.35,0,0.0,660151530.0
2025-07-31 09:25:46 AM,155.85,3225,502616.25,660654146.25
2025-07-31 09:25:47 AM,155.7,0,0.0,660654146.25
2025-07-31 09:25:47 AM,155.4,0,0.0,660654146.25
2025-07-31 09:25:47 AM,155.45,1575,244833.74999999997,660898980.0
2025-07-31 09:25:48 AM,155.9,0,0.0,660898980.0
2025-07-31 09:25:48 AM,155.7,0,0.0,660898980.0
2025-07-31 09:25:48 AM,156.05,13050,2036452.5000000002,662935432.5
2025-07-31 09:25:48 AM,155.55,450,69997.5,663005430.0
2025-07-31 09:25:49 AM,155.95,0,0.0,663005430.0
2025-07-31 09:25:50 AM,155.85,0,0.0,663005430.0
2025-07-31 09:25:50 AM,155.65,1275,198453.75,663203883.75
2025-07-31 09:25:50 AM,155.05,225,34886.25,663238770.0
2025-07-31 09:25:51 AM,154.85,0,0.0,663238770.0
2025-07-31 09:25:51 AM,154.45,5625,868781.2499999999,664107551.25
2025-07-31 09:25:52 AM,153.85,0,0.0,664107551.25
2025-07-31 09:25:52 AM,153.7,0,0.0,664107551.25
2025-07-31 09:25:52 AM,153.7,2400,368880.0,664476431.25
2025-07-31 09:25:53 AM,153.45,0,0.0,664476431.25
2025-07-31 09:25:53 AM,153.5,0,0.0,664476431.25
2025-07-31 09:25:53 AM,153.3,6825,1046272.5000000001,665522703.75
2025-07-31 09:25:53 AM,152.8,225,34380.0,665557083.75
2025-07-31 09:25:54 AM,153.6,0,0.0,665557083.75
2025-07-31 09:25:55 AM,152.75,0,0.0,665557083.75
2025-07-31 09:25:55 AM,152.75,975,148931.25,665706015.0
2025-07-31 09:25:55 AM,152.6,375,57225.0,665763240.0
2025-07-31 09:25:56 AM,152.7,0,0.0,665763240.0
2025-07-31 09:25:56 AM,153.15,3000,459450.0,666222690.0
2025-07-31 09:25:57 AM,153.4,0,0.0,666222690.0
2025-07-31 09:25:57 AM,153.4,75,11505.0,666234195.0
2025-07-31 09:25:58 AM,155.25,0,0.0,666234195.0
2025-07-31 09:25:58 AM,155.7,8325,1296202.5,667530397.5
2025-07-31 09:25:59 AM,156.35,0,0.0,667530397.5
2025-07-31 09:25:59 AM,156.6,0,0.0,667530397.5
2025-07-31 09:26:00 AM,157.0,0,0.0,667530397.5
2025-07-31 09:26:00 AM,156.1,7875,1229287.5,668759685.0
2025-07-31 09:26:00 AM,156.65,0,0.0,668759685.0
2025-07-31 09:26:00 AM,156.6,750,117450.0,668877135.0
2025-07-31 09:26:01 AM,156.5,0,0.0,668877135.0
2025-07-31 09:26:01 AM,155.7,600,93420.0,668970555.0
2025-07-31 09:26:02 AM,155.6,0,0.0,668970555.0
2025-07-31 09:26:02 AM,155.6,3975,618510.0,669589065.0
2025-07-31 09:26:03 AM,155.9,0,0.0,669589065.0
2025-07-31 09:26:03 AM,155.85,0,0.0,669589065.0
2025-07-31 09:26:03 AM,155.4,4500,699300.0,670288365.0
2025-07-31 09:26:03 AM,155.05,825,127916.25000000001,670416281.25
2025-07-31 09:26:04 AM,155.9,0,0.0,670416281.25
2025-07-31 09:26:05 AM,155.6,0,0.0,670416281.25
2025-07-31 09:26:05 AM,155.4,5025,780885.0,671197166.25
2025-07-31 09:26:05 AM,155.5,2625,408187.5,671605353.75
2025-07-31 09:26:06 AM,155.0,0,0.0,671605353.75
2025-07-31 09:26:06 AM,155.35,2550,396142.5,672001496.25
2025-07-31 09:26:07 AM,154.75,0,0.0,672001496.25
2025-07-31 09:26:07 AM,155.1,0,0.0,672001496.25
2025-07-31 09:26:07 AM,154.5,450,69525.0,672071021.25
2025-07-31 09:26:08 AM,155.0,0,0.0,672071021.25
2025-07-31 09:26:08 AM,154.8,0,0.0,672071021.25
2025-07-31 09:26:08 AM,155.4,4875,757575.0,672828596.25
2025-07-31 09:26:09 AM,155.0,0,0.0,672828596.25
2025-07-31 09:26:09 AM,155.8,0,0.0,672828596.25
2025-07-31 09:26:10 AM,156.55,0,0.0,672828596.25
2025-07-31 09:26:10 AM,156.15,0,0.0,672828596.25
2025-07-31 09:26:10 AM,155.85,6225,970166.25,673798762.5
2025-07-31 09:26:10 AM,156.15,450,70267.5,673869030.0
2025-07-31 09:26:11 AM,155.6,0,0.0,673869030.0
2025-07-31 09:26:11 AM,155.95,7725,1204713.75,675073743.75
2025-07-31 09:26:12 AM,156.6,0,0.0,675073743.75
2025-07-31 09:26:12 AM,156.7,2100,329070.0,675402813.75
2025-07-31 09:26:13 AM,156.2,0,0.0,675402813.75
2025-07-31 09:26:13 AM,156.6,0,0.0,675402813.75
2025-07-31 09:26:13 AM,156.1,3225,503422.5,675906236.25
2025-07-31 09:26:13 AM,156.2,300,46860.0,675953096.25
2025-07-31 09:26:14 AM,156.7,0,0.0,675953096.25
2025-07-31 09:26:14 AM,157.85,0,0.0,675953096.25
2025-07-31 09:26:15 AM,157.8,0,0.0,675953096.25
2025-07-31 09:26:15 AM,158.3,0,0.0,675953096.25
2025-07-31 09:26:15 AM,157.65,14025,2211041.25,678164137.5
2025-07-31 09:26:15 AM,157.65,75,11823.75,678175961.25
2025-07-31 09:26:16 AM,157.7,0,0.0,678175961.25
2025-07-31 09:26:16 AM,157.45,0,0.0,678175961.25
2025-07-31 09:26:16 AM,156.6,8925,1397655.0,679573616.25
2025-07-31 09:26:17 AM,156.6,150,23490.0,679597106.25
2025-07-31 09:26:18 AM,156.2,0,0.0,679597106.25
2025-07-31 09:26:18 AM,156.5,3450,539925.0,680137031.25
2025-07-31 09:26:19 AM,156.55,0,0.0,680137031.25
2025-07-31 09:26:19 AM,156.5,0,0.0,680137031.25
2025-07-31 09:26:20 AM,156.1,0,0.0,680137031.25
2025-07-31 09:26:20 AM,156.1,3225,503422.5,680640453.75
2025-07-31 09:26:20 AM,156.1,75,11707.5,680652161.25
2025-07-31 09:26:21 AM,155.9,0,0.0,680652161.25
2025-07-31 09:26:21 AM,156.0,0,0.0,680652161.25
2025-07-31 09:26:21 AM,155.5,4350,676425.0,681328586.25
2025-07-31 09:26:22 AM,155.8,0,0.0,681328586.25
2025-07-31 09:26:22 AM,155.8,300,46740.0,681375326.25
2025-07-31 09:26:23 AM,156.3,0,0.0,681375326.25
2025-07-31 09:26:23 AM,156.0,3975,620100.0,681995426.25
2025-07-31 09:26:23 AM,155.85,975,151953.75,682147380.0
2025-07-31 09:26:24 AM,156.0,0,0.0,682147380.0
2025-07-31 09:26:25 AM,156.35,0,0.0,682147380.0
2025-07-31 09:26:25 AM,156.35,2100,328335.0,682475715.0
2025-07-31 09:26:25 AM,155.7,150,23355.0,682499070.0
2025-07-31 09:26:26 AM,156.3,0,0.0,682499070.0
2025-07-31 09:26:26 AM,156.6,1425,223155.0,682722225.0
2025-07-31 09:26:27 AM,157.2,0,0.0,682722225.0
2025-07-31 09:26:27 AM,156.7,0,0.0,682722225.0
2025-07-31 09:26:27 AM,156.7,6525,1022467.4999999999,683744692.5
2025-07-31 09:26:28 AM,155.9,0,0.0,683744692.5
2025-07-31 09:26:28 AM,155.75,4575,712556.25,684457248.75
2025-07-31 09:26:28 AM,155.45,450,69952.5,684527201.25
2025-07-31 09:26:29 AM,155.35,0,0.0,684527201.25
2025-07-31 09:26:29 AM,155.55,0,0.0,684527201.25
2025-07-31 09:26:30 AM,155.0,0,0.0,684527201.25
2025-07-31 09:26:30 AM,154.25,0,0.0,684527201.25
2025-07-31 09:26:30 AM,155.0,6000,930000.0,685457201.25
2025-07-31 09:26:30 AM,154.4,150,23160.0,685480361.25
2025-07-31 09:26:31 AM,154.0,0,0.0,685480361.25
2025-07-31 09:26:31 AM,152.95,3750,573562.5,686053923.75
2025-07-31 09:26:32 AM,153.0,0,0.0,686053923.75
2025-07-31 09:26:32 AM,153.0,1275,195075.0,686248998.75
2025-07-31 09:26:33 AM,153.45,0,0.0,686248998.75
2025-07-31 09:26:33 AM,153.2,0,0.0,686248998.75
2025-07-31 09:26:33 AM,153.2,3225,494069.99999999994,686743068.75
2025-07-31 09:26:34 AM,152.5,0,0.0,686743068.75
2025-07-31 09:26:35 AM,151.4,0,0.0,686743068.75
2025-07-31 09:26:35 AM,151.75,8475,1286081.25,688029150.0
2025-07-31 09:26:35 AM,151.55,225,34098.75,688063248.75
2025-07-31 09:26:36 AM,151.05,0,0.0,688063248.75
2025-07-31 09:26:36 AM,151.45,4050,613372.5,688676621.25
2025-07-31 09:26:38 AM,151.9,0,0.0,688676621.25
2025-07-31 09:26:38 AM,151.65,3675,557313.75,689233935.0
2025-07-31 09:26:38 AM,152.65,825,125936.25,689359871.25
2025-07-31 09:26:39 AM,152.45,0,0.0,689359871.25
2025-07-31 09:26:39 AM,152.25,0,0.0,689359871.25
2025-07-31 09:26:40 AM,151.65,0,0.0,689359871.25
2025-07-31 09:26:40 AM,151.55,6900,1045695.0000000001,690405566.25
2025-07-31 09:26:40 AM,150.45,1950,293377.5,690698943.75
2025-07-31 09:26:41 AM,150.7,0,0.0,690698943.75
2025-07-31 09:26:41 AM,150.8,0,0.0,690698943.75
2025-07-31 09:26:41 AM,150.8,1425,214890.00000000003,690913833.75
2025-07-31 09:26:42 AM,150.45,0,0.0,690913833.75
2025-07-31 09:26:42 AM,149.7,6000,898199.9999999999,691812033.75
2025-07-31 09:26:43 AM,149.4,0,0.0,691812033.75
2025-07-31 09:26:43 AM,148.95,5025,748473.75,692560507.5
2025-07-31 09:26:45 AM,148.4,0,0.0,692560507.5
2025-07-31 09:26:45 AM,148.0,0,0.0,692560507.5
2025-07-31 09:26:45 AM,148.0,3000,444000.0,693004507.5
2025-07-31 09:26:46 AM,147.3,0,0.0,693004507.5
2025-07-31 09:26:46 AM,147.45,0,0.0,693004507.5
2025-07-31 09:26:46 AM,147.9,2400,354960.0,693359467.5
2025-07-31 09:26:47 AM,147.75,750,110812.5,693470280.0
2025-07-31 09:26:48 AM,147.35,0,0.0,693470280.0
2025-07-31 09:26:48 AM,147.0,0,0.0,693470280.0
2025-07-31 09:26:48 AM,147.0,5850,859950.0,694330230.0
2025-07-31 09:26:49 AM,147.15,0,0.0,694330230.0
2025-07-31 09:26:50 AM,146.55,0,0.0,694330230.0
2025-07-31 09:26:50 AM,146.8,0,0.0,694330230.0
2025-07-31 09:26:50 AM,146.5,3375,494437.5,694824667.5
2025-07-31 09:26:51 AM,145.6,0,0.0,694824667.5
2025-07-31 09:26:51 AM,145.55,0,0.0,694824667.5
2025-07-31 09:26:51 AM,145.65,7350,1070527.5,695895195.0
2025-07-31 09:26:52 AM,146.1,0,0.0,695895195.0
2025-07-31 09:26:52 AM,145.55,1125,163743.75,696058938.75
2025-07-31 09:26:52 AM,145.45,0,0.0,696058938.75
2025-07-31 09:26:53 AM,146.3,0,0.0,696058938.75
2025-07-31 09:26:53 AM,146.4,3000,439200.0,696498138.75
2025-07-31 09:26:54 AM,146.5,0,0.0,696498138.75
2025-07-31 09:26:54 AM,146.4,0,0.0,696498138.75
2025-07-31 09:26:55 AM,147.45,0,0.0,696498138.75
2025-07-31 09:26:55 AM,147.55,0,0.0,696498138.75
2025-07-31 09:26:55 AM,147.85,4275,632058.75,697130197.5
2025-07-31 09:26:55 AM,148.0,1725,255300.0,697385497.5
2025-07-31 09:26:56 AM,147.75,0,0.0,697385497.5
2025-07-31 09:26:56 AM,147.55,0,0.0,697385497.5
2025-07-31 09:26:56 AM,146.7,4500,660150.0,698045647.5
2025-07-31 09:26:57 AM,147.25,0,0.0,698045647.5
2025-07-31 09:26:57 AM,147.15,1125,165543.75,698211191.25
2025-07-31 09:26:58 AM,146.65,0,0.0,698211191.25
2025-07-31 09:26:58 AM,146.3,7500,1097250.0,699308441.25
2025-07-31 09:26:58 AM,146.45,750,109837.49999999999,699418278.75
2025-07-31 09:26:59 AM,146.2,0,0.0,699418278.75
2025-07-31 09:26:59 AM,146.55,0,0.0,699418278.75
2025-07-31 09:27:00 AM,145.45,0,0.0,699418278.75
2025-07-31 09:27:00 AM,145.65,3225,469721.25,699888000.0
2025-07-31 09:27:00 AM,145.3,1425,207052.50000000003,700095052.5
2025-07-31 09:27:01 AM,145.6,0,0.0,700095052.5
2025-07-31 09:27:02 AM,145.25,2175,315918.75,700410971.25
2025-07-31 09:27:02 AM,145.2,0,0.0,700410971.25
2025-07-31 09:27:02 AM,145.0,2325,337125.0,700748096.25
2025-07-31 09:27:03 AM,146.6,0,0.0,700748096.25
2025-07-31 09:27:03 AM,146.1,0,0.0,700748096.25
2025-07-31 09:27:03 AM,146.0,7350,1073100.0,701821196.25
2025-07-31 09:27:03 AM,146.3,225,32917.5,701854113.75
2025-07-31 09:27:04 AM,146.35,0,0.0,701854113.75
2025-07-31 09:27:04 AM,146.6,0,0.0,701854113.75
2025-07-31 09:27:05 AM,146.9,0,0.0,701854113.75
2025-07-31 09:27:05 AM,147.65,8550,1262407.5,703116521.25
2025-07-31 09:27:05 AM,147.55,450,66397.5,703182918.75
2025-07-31 09:27:06 AM,147.4,0,0.0,703182918.75
2025-07-31 09:27:06 AM,147.15,0,0.0,703182918.75
