date,price,qty,trnvr,cum_trnvr
2025-07-31 09:15:00 AM,117.5,1200,141000.0,141000.0
2025-07-31 09:15:00 AM,117.45,0,0.0,141000.0
2025-07-31 09:15:00 AM,117.35,0,0.0,141000.0
2025-07-31 09:15:00 AM,113.8,0,0.0,141000.0
2025-07-31 09:15:01 AM,124.0,0,0.0,141000.0
2025-07-31 09:15:01 AM,121.4,0,0.0,141000.0
2025-07-31 09:15:01 AM,121.8,19725,2402505.0,2543505.0
2025-07-31 09:15:01 AM,121.8,75,9135.0,2552640.0
2025-07-31 09:15:02 AM,113.4,0,0.0,2552640.0
2025-07-31 09:15:02 AM,111.55,0,0.0,2552640.0
2025-07-31 09:15:03 AM,115.9,15150,1755885.0,4308525.0
2025-07-31 09:15:03 AM,110.05,0,0.0,4308525.0
2025-07-31 09:15:03 AM,112.15,0,0.0,4308525.0
2025-07-31 09:15:04 AM,106.15,0,0.0,4308525.0
2025-07-31 09:15:04 AM,106.9,0,0.0,4308525.0
2025-07-31 09:15:04 AM,106.55,13425,1430433.75,5738958.75
2025-07-31 09:15:04 AM,106.5,600,63900.0,5802858.75
2025-07-31 09:15:05 AM,109.9,0,0.0,5802858.75
2025-07-31 09:15:05 AM,110.65,0,0.0,5802858.75
2025-07-31 09:15:06 AM,108.85,21975,2391978.75,8194837.5
2025-07-31 09:15:06 AM,108.95,1200,130740.0,8325577.5
2025-07-31 09:15:06 AM,110.2,0,0.0,8325577.5
2025-07-31 09:15:06 AM,106.45,0,0.0,8325577.5
2025-07-31 09:15:07 AM,106.5,0,0.0,8325577.5
2025-07-31 09:15:07 AM,105.75,0,0.0,8325577.5
2025-07-31 09:15:07 AM,106.15,17700,1878855.0,10204432.5
2025-07-31 09:15:08 AM,108.25,0,0.0,10204432.5
2025-07-31 09:15:08 AM,105.05,0,0.0,10204432.5
2025-07-31 09:15:09 AM,104.25,31425,3276056.25,13480488.75
2025-07-31 09:15:09 AM,104.65,1800,188370.0,13668858.75
2025-07-31 09:15:09 AM,105.3,0,0.0,13668858.75
2025-07-31 09:15:09 AM,105.05,0,0.0,13668858.75
2025-07-31 09:15:10 AM,108.3,0,0.0,13668858.75
2025-07-31 09:15:10 AM,108.4,0,0.0,13668858.75
2025-07-31 09:15:11 AM,110.0,25575,2813250.0,16482108.75
2025-07-31 09:15:11 AM,113.05,0,0.0,16482108.75
2025-07-31 09:15:11 AM,110.65,0,0.0,16482108.75
2025-07-31 09:15:12 AM,115.15,0,0.0,16482108.75
2025-07-31 09:15:12 AM,112.85,0,0.0,16482108.75
2025-07-31 09:15:12 AM,112.65,21975,2475483.75,18957592.5
2025-07-31 09:15:12 AM,113.7,750,85275.0,19042867.5
2025-07-31 09:15:13 AM,115.2,0,0.0,19042867.5
2025-07-31 09:15:14 AM,113.85,0,0.0,19042867.5
2025-07-31 09:15:14 AM,114.85,6900,792465.0,19835332.5
2025-07-31 09:15:14 AM,114.85,75,8613.75,19843946.25
2025-07-31 09:15:15 AM,115.35,0,0.0,19843946.25
2025-07-31 09:15:16 AM,114.1,6225,710272.5,20554218.75
2025-07-31 09:15:16 AM,113.85,150,17077.5,20571296.25
2025-07-31 09:15:16 AM,114.5,0,0.0,20571296.25
2025-07-31 09:15:16 AM,114.1,0,0.0,20571296.25
2025-07-31 09:15:17 AM,113.25,0,0.0,20571296.25
2025-07-31 09:15:17 AM,113.35,26100,2958435.0,23529731.25
2025-07-31 09:15:17 AM,114.05,75,8553.75,23538285.0
2025-07-31 09:15:18 AM,116.8,0,0.0,23538285.0
2025-07-31 09:15:19 AM,115.55,23250,2686537.5,26224822.5
2025-07-31 09:15:19 AM,115.5,825,95287.5,26320110.0
2025-07-31 09:15:19 AM,115.95,0,0.0,26320110.0
2025-07-31 09:15:19 AM,115.35,0,0.0,26320110.0
2025-07-31 09:15:20 AM,117.25,0,0.0,26320110.0
2025-07-31 09:15:20 AM,117.0,0,0.0,26320110.0
2025-07-31 09:15:20 AM,117.0,18075,2114775.0,28434885.0
2025-07-31 09:15:21 AM,116.85,0,0.0,28434885.0
2025-07-31 09:15:21 AM,117.45,0,0.0,28434885.0
2025-07-31 09:15:22 AM,118.55,0,0.0,28434885.0
2025-07-31 09:15:22 AM,117.75,6600,777150.0,29212035.0
2025-07-31 09:15:22 AM,117.8,0,0.0,29212035.0
2025-07-31 09:15:23 AM,117.6,0,0.0,29212035.0
2025-07-31 09:15:23 AM,117.75,0,0.0,29212035.0
2025-07-31 09:15:24 AM,118.65,9450,1121242.5,30333277.5
2025-07-31 09:15:24 AM,118.9,0,0.0,30333277.5
2025-07-31 09:15:24 AM,118.65,0,0.0,30333277.5
2025-07-31 09:15:25 AM,119.35,0,0.0,30333277.5
2025-07-31 09:15:25 AM,119.05,6300,750015.0,31083292.5
2025-07-31 09:15:25 AM,118.95,600,71370.0,31154662.5
2025-07-31 09:15:26 AM,118.4,0,0.0,31154662.5
2025-07-31 09:15:26 AM,118.3,0,0.0,31154662.5
2025-07-31 09:15:27 AM,119.55,3825,457278.75,31611941.25
2025-07-31 09:15:27 AM,118.75,225,26718.75,31638660.0
2025-07-31 09:15:27 AM,118.45,0,0.0,31638660.0
2025-07-31 09:15:28 AM,119.9,0,0.0,31638660.0
2025-07-31 09:15:29 AM,119.65,7650,915322.5,32553982.5
2025-07-31 09:15:29 AM,120.2,75,9015.0,32562997.5
2025-07-31 09:15:29 AM,119.45,0,0.0,32562997.5
2025-07-31 09:15:29 AM,119.55,0,0.0,32562997.5
2025-07-31 09:15:30 AM,118.7,0,0.0,32562997.5
2025-07-31 09:15:30 AM,118.1,0,0.0,32562997.5
2025-07-31 09:15:30 AM,119.4,9225,1101465.0,33664462.5
2025-07-31 09:15:30 AM,119.3,75,8947.5,33673410.0
2025-07-31 09:15:31 AM,118.65,0,0.0,33673410.0
2025-07-31 09:15:31 AM,118.0,0,0.0,33673410.0
2025-07-31 09:15:32 AM,118.5,13425,1590862.5,35264272.5
2025-07-31 09:15:32 AM,118.65,225,26696.25,35290968.75
2025-07-31 09:15:32 AM,118.5,0,0.0,35290968.75
2025-07-31 09:15:32 AM,118.75,0,0.0,35290968.75
2025-07-31 09:15:33 AM,118.1,0,0.0,35290968.75
2025-07-31 09:15:33 AM,117.8,0,0.0,35290968.75
2025-07-31 09:15:33 AM,116.55,11775,1372376.25,36663345.0
2025-07-31 09:15:33 AM,116.45,150,17467.5,36680812.5
2025-07-31 09:15:34 AM,117.1,0,0.0,36680812.5
2025-07-31 09:15:35 AM,116.95,6225,728013.75,37408826.25
2025-07-31 09:15:35 AM,116.85,300,35055.0,37443881.25
2025-07-31 09:15:35 AM,116.65,0,0.0,37443881.25
2025-07-31 09:15:35 AM,116.6,0,0.0,37443881.25
2025-07-31 09:15:36 AM,115.7,0,0.0,37443881.25
2025-07-31 09:15:36 AM,116.15,0,0.0,37443881.25
2025-07-31 09:15:37 AM,116.4,11325,1318230.0,38762111.25
2025-07-31 09:15:37 AM,116.45,225,26201.25,38788312.5
2025-07-31 09:15:37 AM,117.1,0,0.0,38788312.5
2025-07-31 09:15:37 AM,116.75,0,0.0,38788312.5
2025-07-31 09:15:38 AM,117.15,0,0.0,38788312.5
2025-07-31 09:15:38 AM,117.0,0,0.0,38788312.5
2025-07-31 09:15:38 AM,117.3,14175,1662727.5,40451040.0
2025-07-31 09:15:38 AM,116.85,225,26291.25,40477331.25
2025-07-31 09:15:39 AM,117.45,0,0.0,40477331.25
2025-07-31 09:15:40 AM,116.6,14625,1705275.0,42182606.25
2025-07-31 09:15:40 AM,116.55,525,61188.75,42243795.0
2025-07-31 09:15:40 AM,116.35,0,0.0,42243795.0
2025-07-31 09:15:40 AM,116.1,0,0.0,42243795.0
2025-07-31 09:15:41 AM,116.0,0,0.0,42243795.0
2025-07-31 09:15:41 AM,115.95,0,0.0,42243795.0
2025-07-31 09:15:41 AM,115.75,15075,1744931.25,43988726.25
2025-07-31 09:15:41 AM,115.8,225,26055.0,44014781.25
2025-07-31 09:15:42 AM,116.2,0,0.0,44014781.25
2025-07-31 09:15:42 AM,116.7,0,0.0,44014781.25
2025-07-31 09:15:43 AM,116.05,9225,1070561.25,45085342.5
2025-07-31 09:15:43 AM,116.1,0,0.0,45085342.5
2025-07-31 09:15:44 AM,116.15,0,0.0,45085342.5
2025-07-31 09:15:44 AM,116.7,0,0.0,45085342.5
2025-07-31 09:15:45 AM,116.1,7050,818505.0,45903847.5
2025-07-31 09:15:45 AM,116.2,0,0.0,45903847.5
2025-07-31 09:15:45 AM,116.15,0,0.0,45903847.5
2025-07-31 09:15:46 AM,116.2,0,0.0,45903847.5
2025-07-31 09:15:46 AM,116.25,0,0.0,45903847.5
2025-07-31 09:15:46 AM,116.8,17400,2032320.0,47936167.5
2025-07-31 09:15:46 AM,116.65,375,43743.75,47979911.25
2025-07-31 09:15:47 AM,116.85,0,0.0,47979911.25
2025-07-31 09:15:47 AM,116.25,0,0.0,47979911.25
2025-07-31 09:15:48 AM,117.7,30375,3575137.5,51555048.75
2025-07-31 09:15:48 AM,117.3,375,43987.5,51599036.25
2025-07-31 09:15:48 AM,117.35,0,0.0,51599036.25
2025-07-31 09:15:48 AM,117.45,0,0.0,51599036.25
2025-07-31 09:15:49 AM,117.5,0,0.0,51599036.25
2025-07-31 09:15:49 AM,117.35,0,0.0,51599036.25
2025-07-31 09:15:49 AM,117.6,14475,1702260.0,53301296.25
2025-07-31 09:15:50 AM,118.0,0,0.0,53301296.25
2025-07-31 09:15:50 AM,117.35,0,0.0,53301296.25
2025-07-31 09:15:51 AM,118.0,0,0.0,53301296.25
2025-07-31 09:15:51 AM,117.65,17475,2055933.75,55357230.0
2025-07-31 09:15:51 AM,117.1,0,0.0,55357230.0
2025-07-31 09:15:51 AM,117.25,2625,307781.25,55665011.25
2025-07-31 09:15:52 AM,116.75,0,0.0,55665011.25
2025-07-31 09:15:52 AM,117.2,0,0.0,55665011.25
2025-07-31 09:15:53 AM,117.5,12300,1445250.0,57110261.25
2025-07-31 09:15:53 AM,117.25,1800,211050.0,57321311.25
2025-07-31 09:15:53 AM,117.8,0,0.0,57321311.25
2025-07-31 09:15:53 AM,118.7,0,0.0,57321311.25
2025-07-31 09:15:54 AM,119.0,0,0.0,57321311.25
2025-07-31 09:15:54 AM,119.1,0,0.0,57321311.25
2025-07-31 09:15:54 AM,118.1,17025,2010652.5,59331963.75
2025-07-31 09:15:54 AM,117.8,150,17670.0,59349633.75
2025-07-31 09:15:55 AM,118.35,0,0.0,59349633.75
2025-07-31 09:15:55 AM,118.7,0,0.0,59349633.75
2025-07-31 09:15:56 AM,120.0,0,0.0,59349633.75
2025-07-31 09:15:56 AM,120.0,6375,765000.0,60114633.75
2025-07-31 09:15:57 AM,118.25,0,0.0,60114633.75
2025-07-31 09:15:57 AM,118.3,0,0.0,60114633.75
2025-07-31 09:15:58 AM,117.75,7125,838968.75,60953602.5
2025-07-31 09:15:58 AM,117.7,0,0.0,60953602.5
2025-07-31 09:15:59 AM,117.3,0,0.0,60953602.5
2025-07-31 09:15:59 AM,117.45,0,0.0,60953602.5
2025-07-31 09:15:59 AM,117.0,5625,658125.0,61611727.5
2025-07-31 09:15:59 AM,117.35,225,26403.75,61638131.25
2025-07-31 09:16:00 AM,114.85,0,0.0,61638131.25
2025-07-31 09:16:00 AM,114.15,0,0.0,61638131.25
2025-07-31 09:16:01 AM,114.35,20475,2341316.25,63979447.5
2025-07-31 09:16:01 AM,114.5,3150,360675.0,64340122.5
2025-07-31 09:16:01 AM,114.2,0,0.0,64340122.5
2025-07-31 09:16:02 AM,114.45,0,0.0,64340122.5
2025-07-31 09:16:02 AM,114.9,0,0.0,64340122.5
2025-07-31 09:16:03 AM,115.0,5925,681375.0,65021497.5
2025-07-31 09:16:03 AM,114.9,225,25852.5,65047350.0
2025-07-31 09:16:03 AM,114.0,0,0.0,65047350.0
2025-07-31 09:16:04 AM,113.7,0,0.0,65047350.0
2025-07-31 09:16:04 AM,113.75,2775,315656.25,65363006.25
2025-07-31 09:16:05 AM,114.05,0,0.0,65363006.25
2025-07-31 09:16:05 AM,113.75,0,0.0,65363006.25
2025-07-31 09:16:06 AM,112.4,5550,623820.0,65986826.25
2025-07-31 09:16:06 AM,112.4,75,8430.0,65995256.25
2025-07-31 09:16:06 AM,112.1,0,0.0,65995256.25
2025-07-31 09:16:07 AM,112.2,0,0.0,65995256.25
2025-07-31 09:16:07 AM,112.55,0,0.0,65995256.25
2025-07-31 09:16:07 AM,112.5,4650,523125.0,66518381.25
2025-07-31 09:16:07 AM,112.25,225,25256.25,66543637.5
2025-07-31 09:16:08 AM,112.3,0,0.0,66543637.5
2025-07-31 09:16:08 AM,112.0,0,0.0,66543637.5
2025-07-31 09:16:09 AM,111.45,0,0.0,66543637.5
2025-07-31 09:16:09 AM,112.25,8925,1001831.25,67545468.75
2025-07-31 09:16:09 AM,112.35,975,109541.25,67655010.0
2025-07-31 09:16:10 AM,111.0,0,0.0,67655010.0
2025-07-31 09:16:10 AM,111.15,0,0.0,67655010.0
2025-07-31 09:16:11 AM,111.5,3900,434850.0,68089860.0
2025-07-31 09:16:11 AM,111.7,225,25132.5,68114992.5
2025-07-31 09:16:11 AM,111.9,0,0.0,68114992.5
2025-07-31 09:16:11 AM,111.55,0,0.0,68114992.5
2025-07-31 09:16:12 AM,111.8,0,0.0,68114992.5
2025-07-31 09:16:12 AM,111.1,4650,516615.0,68631607.5
2025-07-31 09:16:12 AM,111.95,75,8396.25,68640003.75
2025-07-31 09:16:13 AM,111.35,0,0.0,68640003.75
2025-07-31 09:16:13 AM,111.6,0,0.0,68640003.75
2025-07-31 09:16:14 AM,110.9,9525,1056322.5,69696326.25
2025-07-31 09:16:14 AM,110.9,225,24952.5,69721278.75
2025-07-31 09:16:14 AM,110.6,0,0.0,69721278.75
2025-07-31 09:16:15 AM,110.3,0,0.0,69721278.75
2025-07-31 09:16:15 AM,110.8,0,0.0,69721278.75
2025-07-31 09:16:16 AM,111.25,7050,784312.5,70505591.25
2025-07-31 09:16:16 AM,110.9,0,0.0,70505591.25
2025-07-31 09:16:16 AM,110.6,0,0.0,70505591.25
2025-07-31 09:16:17 AM,110.85,0,0.0,70505591.25
2025-07-31 09:16:17 AM,110.7,5850,647595.0,71153186.25
2025-07-31 09:16:17 AM,110.55,225,24873.75,71178060.0
2025-07-31 09:16:18 AM,111.1,0,0.0,71178060.0
2025-07-31 09:16:18 AM,111.0,0,0.0,71178060.0
2025-07-31 09:16:19 AM,110.85,3975,440628.75,71618688.75
2025-07-31 09:16:19 AM,111.65,0,0.0,71618688.75
2025-07-31 09:16:20 AM,111.7,0,0.0,71618688.75
2025-07-31 09:16:20 AM,112.0,0,0.0,71618688.75
2025-07-31 09:16:20 AM,111.1,6450,716595.0,72335283.75
2025-07-31 09:16:20 AM,110.95,225,24963.75,72360247.5
2025-07-31 09:16:21 AM,110.9,0,0.0,72360247.5
2025-07-31 09:16:21 AM,110.1,0,0.0,72360247.5
2025-07-31 09:16:22 AM,109.95,0,0.0,72360247.5
2025-07-31 09:16:22 AM,110.3,24825,2738197.5,75098445.0
2025-07-31 09:16:22 AM,109.95,0,0.0,75098445.0
2025-07-31 09:16:22 AM,109.95,3300,362835.0,75461280.0
2025-07-31 09:16:23 AM,109.75,0,0.0,75461280.0
2025-07-31 09:16:23 AM,110.45,0,0.0,75461280.0
2025-07-31 09:16:24 AM,110.15,4575,503936.25,75965216.25
2025-07-31 09:16:24 AM,110.1,0,0.0,75965216.25
2025-07-31 09:16:25 AM,109.0,0,0.0,75965216.25
2025-07-31 09:16:25 AM,109.4,0,0.0,75965216.25
2025-07-31 09:16:25 AM,109.8,5775,634095.0,76599311.25
2025-07-31 09:16:26 AM,110.35,0,0.0,76599311.25
2025-07-31 09:16:27 AM,110.2,0,0.0,76599311.25
2025-07-31 09:16:27 AM,110.3,11400,1257420.0,77856731.25
2025-07-31 09:16:27 AM,111.2,0,0.0,77856731.25
2025-07-31 09:16:28 AM,110.75,0,0.0,77856731.25
2025-07-31 09:16:28 AM,110.25,0,0.0,77856731.25
2025-07-31 09:16:29 AM,108.9,10275,1118947.5,78975678.75
2025-07-31 09:16:29 AM,108.8,0,0.0,78975678.75
2025-07-31 09:16:29 AM,108.55,0,0.0,78975678.75
2025-07-31 09:16:30 AM,107.6,0,0.0,78975678.75
2025-07-31 09:16:30 AM,107.7,0,0.0,78975678.75
2025-07-31 09:16:30 AM,107.7,6375,686587.5,79662266.25
2025-07-31 09:16:31 AM,107.95,0,0.0,79662266.25
2025-07-31 09:16:32 AM,109.25,7350,802987.5,80465253.75
2025-07-31 09:16:32 AM,108.95,0,0.0,80465253.75
2025-07-31 09:16:32 AM,109.0,0,0.0,80465253.75
2025-07-31 09:16:32 AM,109.0,1350,147150.0,80612403.75
2025-07-31 09:16:33 AM,112.2,0,0.0,80612403.75
2025-07-31 09:16:33 AM,112.65,0,0.0,80612403.75
2025-07-31 09:16:34 AM,113.7,34800,3956760.0,84569163.75
2025-07-31 09:16:34 AM,112.7,0,0.0,84569163.75
2025-07-31 09:16:34 AM,112.1,0,0.0,84569163.75
2025-07-31 09:16:35 AM,109.45,0,0.0,84569163.75
2025-07-31 09:16:35 AM,109.65,0,0.0,84569163.75
2025-07-31 09:16:35 AM,109.65,6750,740137.5,85309301.25
2025-07-31 09:16:36 AM,109.2,0,0.0,85309301.25
2025-07-31 09:16:36 AM,109.9,0,0.0,85309301.25
2025-07-31 09:16:37 AM,108.55,2175,236096.25,85545397.5
2025-07-31 09:16:37 AM,108.85,0,0.0,85545397.5
2025-07-31 09:16:37 AM,109.3,0,0.0,85545397.5
2025-07-31 09:16:38 AM,108.15,0,0.0,85545397.5
2025-07-31 09:16:38 AM,108.95,0,0.0,85545397.5
2025-07-31 09:16:39 AM,109.1,8850,965535.0,86510932.5
2025-07-31 09:16:39 AM,109.4,0,0.0,86510932.5
2025-07-31 09:16:40 AM,110.05,2400,264120.0,86775052.5
2025-07-31 09:16:40 AM,110.5,0,0.0,86775052.5
2025-07-31 09:16:41 AM,109.85,0,0.0,86775052.5
2025-07-31 09:16:42 AM,110.4,3600,397440.0,87172492.5
2025-07-31 09:16:42 AM,110.0,0,0.0,87172492.5
2025-07-31 09:16:42 AM,110.15,0,0.0,87172492.5
2025-07-31 09:16:43 AM,109.95,0,0.0,87172492.5
2025-07-31 09:16:43 AM,109.7,0,0.0,87172492.5
2025-07-31 09:16:43 AM,109.7,3225,353782.5,87526275.0
2025-07-31 09:16:44 AM,110.0,75,8250.0,87534525.0
2025-07-31 09:16:44 AM,109.85,0,0.0,87534525.0
2025-07-31 09:16:44 AM,110.0,0,0.0,87534525.0
2025-07-31 09:16:45 AM,109.3,3600,393480.0,87928005.0
2025-07-31 09:16:45 AM,109.2,750,81900.0,88009905.0
2025-07-31 09:16:46 AM,109.7,0,0.0,88009905.0
2025-07-31 09:16:47 AM,109.4,1200,131280.0,88141185.0
2025-07-31 09:16:47 AM,109.55,0,0.0,88141185.0
2025-07-31 09:16:48 AM,108.55,0,0.0,88141185.0
2025-07-31 09:16:48 AM,108.8,0,0.0,88141185.0
2025-07-31 09:16:48 AM,108.15,5475,592121.25,88733306.25
2025-07-31 09:16:49 AM,108.05,0,0.0,88733306.25
2025-07-31 09:16:50 AM,107.85,5475,590478.75,89323785.0
2025-07-31 09:16:50 AM,107.7,0,0.0,89323785.0
2025-07-31 09:16:51 AM,107.45,0,0.0,89323785.0
2025-07-31 09:16:51 AM,107.95,0,0.0,89323785.0
2025-07-31 09:16:52 AM,108.4,5925,642270.0,89966055.0
2025-07-31 09:16:52 AM,107.9,0,0.0,89966055.0
2025-07-31 09:16:52 AM,108.0,0,0.0,89966055.0
2025-07-31 09:16:53 AM,108.3,0,0.0,89966055.0
2025-07-31 09:16:53 AM,108.25,0,0.0,89966055.0
2025-07-31 09:16:53 AM,108.25,1650,178612.5,90144667.5
2025-07-31 09:16:53 AM,108.15,75,8111.25,90152778.75
2025-07-31 09:16:54 AM,108.3,0,0.0,90152778.75
2025-07-31 09:16:54 AM,108.4,0,0.0,90152778.75
2025-07-31 09:16:55 AM,108.3,2925,316777.5,90469556.25
2025-07-31 09:16:55 AM,108.05,150,16207.5,90485763.75
2025-07-31 09:16:55 AM,107.9,0,0.0,90485763.75
2025-07-31 09:16:55 AM,107.7,0,0.0,90485763.75
2025-07-31 09:16:56 AM,108.2,0,0.0,90485763.75
2025-07-31 09:16:57 AM,108.0,6000,648000.0,91133763.75
2025-07-31 09:16:57 AM,107.9,75,8092.5,91141856.25
2025-07-31 09:16:57 AM,108.0,0,0.0,91141856.25
2025-07-31 09:16:57 AM,107.75,0,0.0,91141856.25
2025-07-31 09:16:58 AM,108.4,0,0.0,91141856.25
2025-07-31 09:16:58 AM,108.3,0,0.0,91141856.25
2025-07-31 09:16:58 AM,108.3,2550,276165.0,91418021.25
2025-07-31 09:16:58 AM,108.45,75,8133.75,91426155.0
2025-07-31 09:16:59 AM,108.0,0,0.0,91426155.0
2025-07-31 09:16:59 AM,107.9,0,0.0,91426155.0
2025-07-31 09:17:00 AM,107.7,4200,452340.0,91878495.0
2025-07-31 09:17:00 AM,107.05,0,0.0,91878495.0
2025-07-31 09:17:00 AM,106.75,0,0.0,91878495.0
2025-07-31 09:17:01 AM,106.5,0,0.0,91878495.0
2025-07-31 09:17:01 AM,106.0,0,0.0,91878495.0
2025-07-31 09:17:01 AM,106.5,5925,631012.5,92509507.5
2025-07-31 09:17:02 AM,105.25,0,0.0,92509507.5
2025-07-31 09:17:03 AM,104.6,0,0.0,92509507.5
2025-07-31 09:17:03 AM,104.6,6600,690360.0,93199867.5
2025-07-31 09:17:03 AM,105.35,0,0.0,93199867.5
2025-07-31 09:17:04 AM,104.85,0,0.0,93199867.5
2025-07-31 09:17:05 AM,104.9,4200,440580.0,93640447.5
2025-07-31 09:17:05 AM,105.2,525,55230.0,93695677.5
2025-07-31 09:17:05 AM,105.8,0,0.0,93695677.5
2025-07-31 09:17:05 AM,105.3,0,0.0,93695677.5
2025-07-31 09:17:06 AM,104.9,0,0.0,93695677.5
2025-07-31 09:17:06 AM,105.0,0,0.0,93695677.5
2025-07-31 09:17:06 AM,105.0,3975,417375.0,94113052.5
2025-07-31 09:17:06 AM,104.6,225,23535.0,94136587.5
2025-07-31 09:17:07 AM,104.4,0,0.0,94136587.5
2025-07-31 09:17:07 AM,104.65,0,0.0,94136587.5
2025-07-31 09:17:08 AM,104.6,4275,447165.0,94583752.5
2025-07-31 09:17:08 AM,104.0,0,0.0,94583752.5
2025-07-31 09:17:09 AM,104.4,0,0.0,94583752.5
2025-07-31 09:17:09 AM,104.0,0,0.0,94583752.5
2025-07-31 09:17:10 AM,104.3,7575,790072.5,95373825.0
2025-07-31 09:17:10 AM,104.35,75,7826.25,95381651.25
2025-07-31 09:17:10 AM,103.45,0,0.0,95381651.25
2025-07-31 09:17:10 AM,103.7,0,0.0,95381651.25
2025-07-31 09:17:11 AM,104.4,0,0.0,95381651.25
2025-07-31 09:17:11 AM,104.0,0,0.0,95381651.25
2025-07-31 09:17:11 AM,104.0,4275,444600.0,95826251.25
2025-07-31 09:17:12 AM,104.2,0,0.0,95826251.25
2025-07-31 09:17:12 AM,104.25,0,0.0,95826251.25
2025-07-31 09:17:13 AM,104.45,7425,775541.25,96601792.5
2025-07-31 09:17:13 AM,104.25,0,0.0,96601792.5
2025-07-31 09:17:13 AM,103.7,0,0.0,96601792.5
2025-07-31 09:17:14 AM,102.95,0,0.0,96601792.5
2025-07-31 09:17:14 AM,102.9,0,0.0,96601792.5
2025-07-31 09:17:14 AM,103.6,3000,310800.0,96912592.5
2025-07-31 09:17:15 AM,103.45,375,38793.75,96951386.25
2025-07-31 09:17:15 AM,103.3,0,0.0,96951386.25
2025-07-31 09:17:15 AM,101.35,0,0.0,96951386.25
2025-07-31 09:17:16 AM,101.6,0,0.0,96951386.25
2025-07-31 09:17:16 AM,101.6,14775,1501140.0,98452526.25
2025-07-31 09:17:16 AM,102.65,4500,461925.0,98914451.25
2025-07-31 09:17:16 AM,102.15,0,0.0,98914451.25
2025-07-31 09:17:17 AM,102.85,0,0.0,98914451.25
2025-07-31 09:17:17 AM,102.6,0,0.0,98914451.25
2025-07-31 09:17:18 AM,102.75,7725,793743.75,99708195.0
2025-07-31 09:17:18 AM,103.05,0,0.0,99708195.0
2025-07-31 09:17:18 AM,103.0,0,0.0,99708195.0
2025-07-31 09:17:19 AM,103.05,0,0.0,99708195.0
2025-07-31 09:17:19 AM,102.8,0,0.0,99708195.0
2025-07-31 09:17:19 AM,102.6,5550,569430.0,100277625.0
2025-07-31 09:17:20 AM,102.2,0,0.0,100277625.0
2025-07-31 09:17:20 AM,102.1,0,0.0,100277625.0
2025-07-31 09:17:21 AM,101.75,7875,801281.25,101078906.25
2025-07-31 09:17:21 AM,101.95,0,0.0,101078906.25
2025-07-31 09:17:21 AM,102.2,0,0.0,101078906.25
2025-07-31 09:17:22 AM,101.5,0,0.0,101078906.25
2025-07-31 09:17:23 AM,101.25,9300,941625.0,102020531.25
2025-07-31 09:17:23 AM,101.9,0,0.0,102020531.25
2025-07-31 09:17:23 AM,101.5,0,0.0,102020531.25
2025-07-31 09:17:24 AM,101.15,0,0.0,102020531.25
2025-07-31 09:17:24 AM,101.15,14850,1502077.5,103522608.75
2025-07-31 09:17:24 AM,100.95,0,0.0,103522608.75
2025-07-31 09:17:24 AM,101.1,375,37912.5,103560521.25
2025-07-31 09:17:25 AM,101.45,0,0.0,103560521.25
2025-07-31 09:17:25 AM,101.7,0,0.0,103560521.25
2025-07-31 09:17:26 AM,101.8,6150,626070.0,104186591.25
2025-07-31 09:17:26 AM,101.9,300,30570.0,104217161.25
2025-07-31 09:17:26 AM,101.85,0,0.0,104217161.25
2025-07-31 09:17:26 AM,101.9,0,0.0,104217161.25
2025-07-31 09:17:27 AM,102.0,0,0.0,104217161.25
2025-07-31 09:17:27 AM,101.75,0,0.0,104217161.25
2025-07-31 09:17:28 AM,102.25,4200,429450.0,104646611.25
2025-07-31 09:17:28 AM,102.2,300,30660.0,104677271.25
2025-07-31 09:17:28 AM,101.95,0,0.0,104677271.25
2025-07-31 09:17:28 AM,102.0,0,0.0,104677271.25
2025-07-31 09:17:29 AM,102.3,0,0.0,104677271.25
2025-07-31 09:17:29 AM,101.85,4350,443047.5,105120318.75
2025-07-31 09:17:29 AM,102.15,0,0.0,105120318.75
2025-07-31 09:17:30 AM,101.8,0,0.0,105120318.75
2025-07-31 09:17:30 AM,102.35,0,0.0,105120318.75
2025-07-31 09:17:31 AM,101.35,13200,1337820.0,106458138.75
2025-07-31 09:17:31 AM,101.75,0,0.0,106458138.75
2025-07-31 09:17:32 AM,102.2,0,0.0,106458138.75
2025-07-31 09:17:32 AM,101.55,0,0.0,106458138.75
2025-07-31 09:17:32 AM,101.8,4050,412290.0,106870428.75
2025-07-31 09:17:33 AM,101.7,0,0.0,106870428.75
2025-07-31 09:17:34 AM,102.1,0,0.0,106870428.75
2025-07-31 09:17:34 AM,102.1,2775,283327.5,107153756.25
2025-07-31 09:17:34 AM,102.0,0,0.0,107153756.25
2025-07-31 09:17:34 AM,101.75,2550,259462.5,107413218.75
2025-07-31 09:17:35 AM,102.35,0,0.0,107413218.75
2025-07-31 09:17:35 AM,102.0,0,0.0,107413218.75
2025-07-31 09:17:36 AM,102.75,10275,1055756.25,108468975.0
2025-07-31 09:17:36 AM,103.4,0,0.0,108468975.0
2025-07-31 09:17:37 AM,103.05,0,0.0,108468975.0
2025-07-31 09:17:37 AM,103.5,2550,263925.0,108732900.0
2025-07-31 09:17:38 AM,104.2,0,0.0,108732900.0
2025-07-31 09:17:38 AM,103.8,0,0.0,108732900.0
2025-07-31 09:17:39 AM,103.25,12450,1285462.5,110018362.5
2025-07-31 09:17:39 AM,103.45,0,0.0,110018362.5
2025-07-31 09:17:39 AM,103.5,0,0.0,110018362.5
2025-07-31 09:17:40 AM,102.6,0,0.0,110018362.5
2025-07-31 09:17:40 AM,102.9,0,0.0,110018362.5
2025-07-31 09:17:41 AM,102.5,3000,307500.0,110325862.5
2025-07-31 09:17:41 AM,103.0,0,0.0,110325862.5
2025-07-31 09:17:41 AM,102.8,0,0.0,110325862.5
2025-07-31 09:17:42 AM,104.0,0,0.0,110325862.5
2025-07-31 09:17:42 AM,103.7,11325,1174402.5,111500265.0
2025-07-31 09:17:42 AM,103.65,0,0.0,111500265.0
2025-07-31 09:17:42 AM,103.75,375,38906.25,111539171.25
2025-07-31 09:17:43 AM,103.9,0,0.0,111539171.25
2025-07-31 09:17:43 AM,103.8,0,0.0,111539171.25
2025-07-31 09:17:44 AM,104.45,3750,391687.5,111930858.75
2025-07-31 09:17:44 AM,104.45,375,39168.75,111970027.5
2025-07-31 09:17:44 AM,103.95,0,0.0,111970027.5
2025-07-31 09:17:45 AM,105.05,0,0.0,111970027.5
2025-07-31 09:17:45 AM,105.35,0,0.0,111970027.5
2025-07-31 09:17:46 AM,105.0,4800,504000.0,112474027.5
2025-07-31 09:17:46 AM,105.75,0,0.0,112474027.5
2025-07-31 09:17:46 AM,106.0,0,0.0,112474027.5
2025-07-31 09:17:47 AM,105.45,0,0.0,112474027.5
2025-07-31 09:17:47 AM,105.75,0,0.0,112474027.5
2025-07-31 09:17:47 AM,105.75,5175,547256.25,113021283.75
2025-07-31 09:17:48 AM,107.1,0,0.0,113021283.75
2025-07-31 09:17:49 AM,106.65,10125,1079831.25,114101115.0
2025-07-31 09:17:49 AM,106.7,0,0.0,114101115.0
2025-07-31 09:17:49 AM,106.85,0,0.0,114101115.0
2025-07-31 09:17:50 AM,106.8,0,0.0,114101115.0
2025-07-31 09:17:50 AM,107.1,4350,465885.0,114567000.0
2025-07-31 09:17:51 AM,107.6,0,0.0,114567000.0
2025-07-31 09:17:51 AM,107.35,0,0.0,114567000.0
2025-07-31 09:17:52 AM,107.6,0,0.0,114567000.0
2025-07-31 09:17:52 AM,107.6,2850,306660.0,114873660.0
2025-07-31 09:17:52 AM,107.95,450,48577.5,114922237.5
2025-07-31 09:17:53 AM,108.55,0,0.0,114922237.5
2025-07-31 09:17:53 AM,108.3,0,0.0,114922237.5
2025-07-31 09:17:54 AM,108.55,4875,529181.25,115451418.75
2025-07-31 09:17:54 AM,108.15,150,16222.5,115467641.25
2025-07-31 09:17:54 AM,109.0,0,0.0,115467641.25
2025-07-31 09:17:54 AM,108.5,0,0.0,115467641.25
2025-07-31 09:17:55 AM,109.3,0,0.0,115467641.25
2025-07-31 09:17:55 AM,109.15,4500,491175.0,115958816.25
2025-07-31 09:17:56 AM,108.85,0,0.0,115958816.25
2025-07-31 09:17:57 AM,109.05,0,0.0,115958816.25
2025-07-31 09:17:57 AM,109.05,3675,400758.75,116359575.0
2025-07-31 09:17:57 AM,109.25,0,0.0,116359575.0
2025-07-31 09:17:58 AM,108.7,0,0.0,116359575.0
2025-07-31 09:17:58 AM,108.5,0,0.0,116359575.0
2025-07-31 09:17:59 AM,108.55,4800,521040.0,116880615.0
2025-07-31 09:17:59 AM,108.15,75,8111.25,116888726.25
2025-07-31 09:17:59 AM,107.75,0,0.0,116888726.25
2025-07-31 09:18:00 AM,106.4,0,0.0,116888726.25
2025-07-31 09:18:00 AM,106.4,4950,526680.0,117415406.25
2025-07-31 09:18:01 AM,106.9,0,0.0,117415406.25
2025-07-31 09:18:02 AM,107.85,6600,711810.0,118127216.25
2025-07-31 09:18:02 AM,107.15,0,0.0,118127216.25
2025-07-31 09:18:03 AM,106.75,0,0.0,118127216.25
2025-07-31 09:18:03 AM,107.25,3075,329793.75,118457010.0
2025-07-31 09:18:04 AM,107.3,375,40237.5,118497247.5
2025-07-31 09:18:04 AM,107.05,0,0.0,118497247.5
2025-07-31 09:18:05 AM,105.65,0,0.0,118497247.5
2025-07-31 09:18:05 AM,106.3,8325,884947.5,119382195.0
2025-07-31 09:18:05 AM,106.35,75,7976.25,119390171.25
2025-07-31 09:18:05 AM,105.9,0,0.0,119390171.25
2025-07-31 09:18:06 AM,111.2,0,0.0,119390171.25
2025-07-31 09:18:07 AM,113.9,54075,6159142.5,125549313.75
2025-07-31 09:18:07 AM,113.6,225,25560.0,125574873.75
2025-07-31 09:18:07 AM,113.3,0,0.0,125574873.75
2025-07-31 09:18:07 AM,113.2,0,0.0,125574873.75
2025-07-31 09:18:08 AM,114.75,0,0.0,125574873.75
2025-07-31 09:18:08 AM,114.95,0,0.0,125574873.75
2025-07-31 09:18:08 AM,114.95,10650,1224217.5,126799091.25
2025-07-31 09:18:08 AM,114.55,225,25773.75,126824865.0
2025-07-31 09:18:09 AM,114.9,0,0.0,126824865.0
2025-07-31 09:18:10 AM,116.05,9675,1122783.75,127947648.75
2025-07-31 09:18:10 AM,115.9,300,34770.0,127982418.75
2025-07-31 09:18:10 AM,115.55,0,0.0,127982418.75
2025-07-31 09:18:10 AM,115.5,0,0.0,127982418.75
2025-07-31 09:18:11 AM,115.35,0,0.0,127982418.75
2025-07-31 09:18:11 AM,115.05,0,0.0,127982418.75
2025-07-31 09:18:12 AM,115.25,11625,1339781.25,129322200.0
2025-07-31 09:18:12 AM,115.6,600,69360.0,129391560.0
2025-07-31 09:18:12 AM,115.95,0,0.0,129391560.0
2025-07-31 09:18:12 AM,115.8,0,0.0,129391560.0
2025-07-31 09:18:13 AM,115.35,0,0.0,129391560.0
2025-07-31 09:18:13 AM,114.9,4650,534285.0,129925845.0
2025-07-31 09:18:13 AM,114.85,0,0.0,129925845.0
2025-07-31 09:18:13 AM,114.75,2175,249581.25,130175426.25
2025-07-31 09:18:14 AM,114.8,0,0.0,130175426.25
2025-07-31 09:18:15 AM,114.15,3600,410940.0,130586366.25
2025-07-31 09:18:15 AM,114.5,0,0.0,130586366.25
2025-07-31 09:18:16 AM,114.6,0,0.0,130586366.25
2025-07-31 09:18:16 AM,114.5,0,0.0,130586366.25
2025-07-31 09:18:16 AM,114.4,2850,326040.0,130912406.25
2025-07-31 09:18:17 AM,114.7,375,43012.5,130955418.75
2025-07-31 09:18:17 AM,114.95,0,0.0,130955418.75
2025-07-31 09:18:17 AM,114.65,0,0.0,130955418.75
2025-07-31 09:18:18 AM,113.8,0,0.0,130955418.75
2025-07-31 09:18:18 AM,113.5,3825,434137.5,131389556.25
2025-07-31 09:18:18 AM,113.65,75,8523.75,131398080.0
2025-07-31 09:18:19 AM,111.65,0,0.0,131398080.0
2025-07-31 09:18:20 AM,111.6,3675,410130.0,131808210.0
2025-07-31 09:18:20 AM,111.7,0,0.0,131808210.0
2025-07-31 09:18:20 AM,112.0,975,109200.0,131917410.0
2025-07-31 09:18:20 AM,111.65,0,0.0,131917410.0
2025-07-31 09:18:21 AM,112.1,0,0.0,131917410.0
2025-07-31 09:18:21 AM,111.9,0,0.0,131917410.0
2025-07-31 09:18:21 AM,111.75,9375,1047656.25,132965066.25
2025-07-31 09:18:22 AM,112.15,675,75701.25,133040767.5
2025-07-31 09:18:22 AM,111.2,0,0.0,133040767.5
2025-07-31 09:18:23 AM,111.8,0,0.0,133040767.5
2025-07-31 09:18:23 AM,111.7,4350,485895.0,133526662.5
2025-07-31 09:18:23 AM,111.55,525,58563.75,133585226.25
2025-07-31 09:18:24 AM,112.05,0,0.0,133585226.25
2025-07-31 09:18:25 AM,111.1,2325,258307.5,133843533.75
2025-07-31 09:18:25 AM,111.05,750,83287.5,133926821.25
2025-07-31 09:18:25 AM,110.9,0,0.0,133926821.25
2025-07-31 09:18:26 AM,110.85,0,0.0,133926821.25
2025-07-31 09:18:26 AM,110.75,0,0.0,133926821.25
2025-07-31 09:18:26 AM,110.2,825,90915.0,134017736.25
2025-07-31 09:18:27 AM,110.55,975,107786.25,134125522.5
2025-07-31 09:18:27 AM,110.5,0,0.0,134125522.5
2025-07-31 09:18:28 AM,111.1,0,0.0,134125522.5
2025-07-31 09:18:28 AM,110.6,6525,721665.0,134847187.5
2025-07-31 09:18:28 AM,110.7,0,0.0,134847187.5
2025-07-31 09:18:28 AM,111.4,375,41775.0,134888962.5
2025-07-31 09:18:29 AM,111.3,0,0.0,134888962.5
2025-07-31 09:18:29 AM,111.1,0,0.0,134888962.5
2025-07-31 09:18:30 AM,112.1,4125,462412.5,135351375.0
2025-07-31 09:18:30 AM,112.2,0,0.0,135351375.0
2025-07-31 09:18:30 AM,112.9,525,59272.5,135410647.5
2025-07-31 09:18:30 AM,112.4,0,0.0,135410647.5
2025-07-31 09:18:31 AM,112.8,0,0.0,135410647.5
2025-07-31 09:18:31 AM,112.7,0,0.0,135410647.5
2025-07-31 09:18:31 AM,112.95,3150,355792.5,135766440.0
2025-07-31 09:18:32 AM,112.95,600,67770.0,135834210.0
2025-07-31 09:18:32 AM,113.85,0,0.0,135834210.0
2025-07-31 09:18:32 AM,113.6,0,0.0,135834210.0
2025-07-31 09:18:33 AM,112.9,0,0.0,135834210.0
2025-07-31 09:18:33 AM,112.9,2100,237090.0,136071300.0
2025-07-31 09:18:33 AM,112.45,600,67470.0,136138770.0
2025-07-31 09:18:34 AM,111.65,0,0.0,136138770.0
2025-07-31 09:18:34 AM,112.25,0,0.0,136138770.0
2025-07-31 09:18:35 AM,111.4,3300,367620.0,136506390.0
2025-07-31 09:18:35 AM,111.2,2175,241860.0,136748250.0
2025-07-31 09:18:35 AM,111.15,0,0.0,136748250.0
2025-07-31 09:18:35 AM,111.35,0,0.0,136748250.0
2025-07-31 09:18:36 AM,111.0,0,0.0,136748250.0
2025-07-31 09:18:36 AM,110.9,0,0.0,136748250.0
2025-07-31 09:18:36 AM,110.9,1425,158032.5,136906282.5
2025-07-31 09:18:37 AM,110.7,1125,124537.5,137030820.0
2025-07-31 09:18:37 AM,110.2,0,0.0,137030820.0
2025-07-31 09:18:38 AM,110.05,0,0.0,137030820.0
2025-07-31 09:18:38 AM,109.7,6300,691110.0,137721930.0
2025-07-31 09:18:38 AM,109.8,0,0.0,137721930.0
2025-07-31 09:18:39 AM,109.8,1500,164700.0,137886630.0
2025-07-31 09:18:39 AM,109.85,0,0.0,137886630.0
2025-07-31 09:18:40 AM,110.15,975,107396.25,137994026.25
2025-07-31 09:18:40 AM,109.95,375,41231.25,138035257.5
2025-07-31 09:18:40 AM,110.3,0,0.0,138035257.5
2025-07-31 09:18:41 AM,110.35,0,0.0,138035257.5
2025-07-31 09:18:41 AM,110.75,0,0.0,138035257.5
2025-07-31 09:18:42 AM,110.9,1575,174667.5,138209925.0
2025-07-31 09:18:42 AM,110.75,675,74756.25,138284681.25
2025-07-31 09:18:42 AM,110.4,0,0.0,138284681.25
2025-07-31 09:18:42 AM,110.75,0,0.0,138284681.25
2025-07-31 09:18:43 AM,110.85,0,0.0,138284681.25
2025-07-31 09:18:43 AM,111.05,3375,374793.75,138659475.0
2025-07-31 09:18:43 AM,110.55,0,0.0,138659475.0
2025-07-31 09:18:44 AM,110.65,1875,207468.75,138866943.75
2025-07-31 09:18:44 AM,111.8,0,0.0,138866943.75
2025-07-31 09:18:45 AM,112.0,1575,176400.0,139043343.75
2025-07-31 09:18:45 AM,111.7,0,0.0,139043343.75
2025-07-31 09:18:45 AM,111.85,3825,427826.25,139471170.0
2025-07-31 09:18:46 AM,110.2,0,0.0,139471170.0
2025-07-31 09:18:46 AM,110.65,0,0.0,139471170.0
2025-07-31 09:18:47 AM,110.65,2400,265560.0,139736730.0
2025-07-31 09:18:47 AM,110.45,75,8283.75,139745013.75
2025-07-31 09:18:47 AM,110.0,0,0.0,139745013.75
2025-07-31 09:18:48 AM,110.55,0,0.0,139745013.75
2025-07-31 09:18:48 AM,110.7,0,0.0,139745013.75
2025-07-31 09:18:48 AM,110.5,8550,944775.0,140689788.75
2025-07-31 09:18:49 AM,110.7,225,24907.5,140714696.25
2025-07-31 09:18:49 AM,111.2,0,0.0,140714696.25
2025-07-31 09:18:50 AM,111.7,2025,226192.5,140940888.75
2025-07-31 09:18:51 AM,111.35,0,0.0,140940888.75
2025-07-31 09:18:51 AM,111.2,0,0.0,140940888.75
2025-07-31 09:18:52 AM,111.2,1275,141780.0,141082668.75
2025-07-31 09:18:52 AM,111.25,0,0.0,141082668.75
2025-07-31 09:18:53 AM,110.85,0,0.0,141082668.75
2025-07-31 09:18:53 AM,111.5,0,0.0,141082668.75
2025-07-31 09:18:53 AM,111.45,2025,225686.25,141308355.0
2025-07-31 09:18:54 AM,111.3,450,50085.0,141358440.0
2025-07-31 09:18:54 AM,112.15,0,0.0,141358440.0
2025-07-31 09:18:54 AM,111.8,0,0.0,141358440.0
2025-07-31 09:18:55 AM,111.7,3900,435630.0,141794070.0
2025-07-31 09:18:56 AM,111.95,0,0.0,141794070.0
2025-07-31 09:18:56 AM,112.3,0,0.0,141794070.0
2025-07-31 09:18:57 AM,112.35,1275,143246.25,141937316.25
2025-07-31 09:18:57 AM,112.05,750,84037.5,142021353.75
2025-07-31 09:18:57 AM,112.3,0,0.0,142021353.75
2025-07-31 09:18:58 AM,111.85,0,0.0,142021353.75
2025-07-31 09:18:58 AM,111.7,0,0.0,142021353.75
2025-07-31 09:18:58 AM,111.75,1725,192768.75,142214122.5
2025-07-31 09:18:59 AM,111.35,0,0.0,142214122.5
2025-07-31 09:18:59 AM,111.6,0,0.0,142214122.5
2025-07-31 09:19:00 AM,113.35,4050,459067.5,142673190.0
2025-07-31 09:19:00 AM,112.6,75,8445.0,142681635.0
2025-07-31 09:19:00 AM,112.3,0,0.0,142681635.0
2025-07-31 09:19:00 AM,112.5,0,0.0,142681635.0
2025-07-31 09:19:01 AM,112.65,0,0.0,142681635.0
2025-07-31 09:19:02 AM,113.0,825,93225.0,142774860.0
2025-07-31 09:19:02 AM,112.2,525,58905.0,142833765.0
2025-07-31 09:19:02 AM,112.1,0,0.0,142833765.0
2025-07-31 09:19:02 AM,111.8,0,0.0,142833765.0
2025-07-31 09:19:03 AM,113.2,0,0.0,142833765.0
2025-07-31 09:19:03 AM,113.2,1500,169800.0,143003565.0
2025-07-31 09:19:04 AM,112.95,525,59298.75,143062863.75
2025-07-31 09:19:04 AM,113.25,0,0.0,143062863.75
2025-07-31 09:19:04 AM,113.2,0,0.0,143062863.75
2025-07-31 09:19:05 AM,112.8,750,84600.0,143147463.75
2025-07-31 09:19:05 AM,112.6,675,76005.0,143223468.75
2025-07-31 09:19:06 AM,113.1,0,0.0,143223468.75
2025-07-31 09:19:06 AM,113.8,0,0.0,143223468.75
2025-07-31 09:19:07 AM,113.65,4050,460282.5,143683751.25
2025-07-31 09:19:07 AM,114.0,1050,119700.0,143803451.25
2025-07-31 09:19:07 AM,114.1,0,0.0,143803451.25
2025-07-31 09:19:07 AM,114.0,0,0.0,143803451.25
2025-07-31 09:19:08 AM,114.5,0,0.0,143803451.25
2025-07-31 09:19:08 AM,114.3,0,0.0,143803451.25
2025-07-31 09:19:08 AM,114.25,2250,257062.5,144060513.75
2025-07-31 09:19:09 AM,114.25,675,77118.75,144137632.5
2025-07-31 09:19:09 AM,114.75,0,0.0,144137632.5
2025-07-31 09:19:09 AM,114.15,0,0.0,144137632.5
2025-07-31 09:19:10 AM,113.5,3825,434137.5,144571770.0
2025-07-31 09:19:10 AM,113.05,300,33915.0,144605685.0
2025-07-31 09:19:10 AM,113.45,0,0.0,144605685.0
2025-07-31 09:19:11 AM,113.7,0,0.0,144605685.0
2025-07-31 09:19:11 AM,113.6,0,0.0,144605685.0
2025-07-31 09:19:12 AM,113.7,1875,213187.5,144818872.5
2025-07-31 09:19:12 AM,113.9,675,76882.5,144895755.0
2025-07-31 09:19:12 AM,114.1,0,0.0,144895755.0
2025-07-31 09:19:13 AM,113.2,0,0.0,144895755.0
2025-07-31 09:19:13 AM,113.3,0,0.0,144895755.0
2025-07-31 09:19:13 AM,113.1,3975,449572.5,145345327.5
2025-07-31 09:19:14 AM,113.65,450,51142.5,145396470.0
2025-07-31 09:19:14 AM,113.25,0,0.0,145396470.0
2025-07-31 09:19:14 AM,113.3,0,0.0,145396470.0
2025-07-31 09:19:15 AM,113.8,3150,358470.0,145754940.0
2025-07-31 09:19:16 AM,114.35,0,0.0,145754940.0
2025-07-31 09:19:17 AM,114.35,3600,411660.0,146166600.0
2025-07-31 09:19:17 AM,114.15,525,59928.75,146226528.75
2025-07-31 09:19:18 AM,113.65,0,0.0,146226528.75
2025-07-31 09:19:18 AM,114.1,750,85575.0,146312103.75
2025-07-31 09:19:19 AM,114.2,150,17130.0,146329233.75
2025-07-31 09:19:19 AM,114.15,0,0.0,146329233.75
2025-07-31 09:19:20 AM,114.55,1875,214781.25,146544015.0
2025-07-31 09:19:20 AM,113.85,0,0.0,146544015.0
2025-07-31 09:19:20 AM,113.85,75,8538.75,146552553.75
2025-07-31 09:19:20 AM,113.8,0,0.0,146552553.75
2025-07-31 09:19:22 AM,114.5,3000,343500.0,146896053.75
2025-07-31 09:19:22 AM,113.95,225,25638.75,146921692.5
2025-07-31 09:19:22 AM,114.3,0,0.0,146921692.5
2025-07-31 09:19:23 AM,114.25,0,0.0,146921692.5
2025-07-31 09:19:23 AM,114.4,1350,154440.0,147076132.5
2025-07-31 09:19:24 AM,114.3,0,0.0,147076132.5
2025-07-31 09:19:25 AM,113.5,1500,170250.0,147246382.5
2025-07-31 09:19:25 AM,113.25,375,42468.75,147288851.25
2025-07-31 09:19:26 AM,113.6,0,0.0,147288851.25
2025-07-31 09:19:26 AM,113.65,0,0.0,147288851.25
2025-07-31 09:19:27 AM,113.9,1575,179392.5,147468243.75
2025-07-31 09:19:27 AM,113.2,375,42450.0,147510693.75
2025-07-31 09:19:28 AM,113.0,0,0.0,147510693.75
2025-07-31 09:19:28 AM,113.15,0,0.0,147510693.75
2025-07-31 09:19:28 AM,112.75,1800,202950.0,147713643.75
2025-07-31 09:19:29 AM,113.0,150,16950.0,147730593.75
2025-07-31 09:19:29 AM,113.5,0,0.0,147730593.75
2025-07-31 09:19:29 AM,113.25,0,0.0,147730593.75
2025-07-31 09:19:30 AM,113.5,525,59587.5,147790181.25
2025-07-31 09:19:30 AM,113.6,0,0.0,147790181.25
2025-07-31 09:19:30 AM,113.6,75,8520.0,147798701.25
2025-07-31 09:19:31 AM,113.45,0,0.0,147798701.25
2025-07-31 09:19:31 AM,113.0,0,0.0,147798701.25
2025-07-31 09:19:32 AM,112.6,1500,168900.0,147967601.25
2025-07-31 09:19:32 AM,112.9,75,8467.5,147976068.75
2025-07-31 09:19:32 AM,113.5,0,0.0,147976068.75
2025-07-31 09:19:33 AM,113.7,600,68220.0,148044288.75
2025-07-31 09:19:34 AM,113.55,75,8516.25,148052805.0
2025-07-31 09:19:34 AM,114.2,0,0.0,148052805.0
2025-07-31 09:19:35 AM,114.5,2925,334912.5,148387717.5
2025-07-31 09:19:35 AM,114.25,0,0.0,148387717.5
2025-07-31 09:19:36 AM,114.8,0,0.0,148387717.5
2025-07-31 09:19:36 AM,114.55,0,0.0,148387717.5
2025-07-31 09:19:37 AM,115.05,675,77658.75,148465376.25
2025-07-31 09:19:37 AM,115.5,75,8662.5,148474038.75
2025-07-31 09:19:37 AM,115.4,0,0.0,148474038.75
2025-07-31 09:19:38 AM,115.15,0,0.0,148474038.75
2025-07-31 09:19:38 AM,114.9,0,0.0,148474038.75
2025-07-31 09:19:38 AM,114.9,900,103410.0,148577448.75
2025-07-31 09:19:39 AM,115.2,150,17280.0,148594728.75
2025-07-31 09:19:39 AM,114.6,0,0.0,148594728.75
2025-07-31 09:19:39 AM,115.2,0,0.0,148594728.75
2025-07-31 09:19:40 AM,115.1,1500,172650.0,148767378.75
2025-07-31 09:19:40 AM,115.45,600,69270.0,148836648.75
2025-07-31 09:19:41 AM,115.2,0,0.0,148836648.75
2025-07-31 09:19:41 AM,115.15,0,0.0,148836648.75
2025-07-31 09:19:42 AM,114.55,3000,343650.0,149180298.75
2025-07-31 09:19:42 AM,114.45,75,8583.75,149188882.5
2025-07-31 09:19:42 AM,114.6,0,0.0,149188882.5
2025-07-31 09:19:43 AM,115.05,0,0.0,149188882.5
2025-07-31 09:19:43 AM,114.75,2700,309825.0,149498707.5
2025-07-31 09:19:44 AM,115.25,0,0.0,149498707.5
2025-07-31 09:19:45 AM,114.95,2175,250016.25,149748723.75
2025-07-31 09:19:45 AM,115.15,2325,267723.75,150016447.5
2025-07-31 09:19:45 AM,115.05,0,0.0,150016447.5
2025-07-31 09:19:46 AM,114.9,0,0.0,150016447.5
2025-07-31 09:19:46 AM,114.45,0,0.0,150016447.5
2025-07-31 09:19:47 AM,114.6,4275,489915.0,150506362.5
2025-07-31 09:19:47 AM,115.45,4275,493548.75,150999911.25
2025-07-31 09:19:47 AM,115.9,0,0.0,150999911.25
2025-07-31 09:19:48 AM,115.75,0,0.0,150999911.25
2025-07-31 09:19:48 AM,115.5,0,0.0,150999911.25
2025-07-31 09:19:48 AM,115.75,2775,321206.25,151321117.5
2025-07-31 09:19:49 AM,115.1,975,112222.5,151433340.0
2025-07-31 09:19:49 AM,114.95,0,0.0,151433340.0
2025-07-31 09:19:49 AM,115.05,0,0.0,151433340.0
2025-07-31 09:19:50 AM,115.7,7200,833040.0,152266380.0
2025-07-31 09:19:50 AM,115.5,375,43312.5,152309692.5
2025-07-31 09:19:50 AM,115.9,0,0.0,152309692.5
2025-07-31 09:19:51 AM,116.25,0,0.0,152309692.5
2025-07-31 09:19:51 AM,116.0,0,0.0,152309692.5
2025-07-31 09:19:52 AM,117.2,7650,896580.0,153206272.5
2025-07-31 09:19:52 AM,116.8,975,113880.0,153320152.5
2025-07-31 09:19:52 AM,116.55,0,0.0,153320152.5
2025-07-31 09:19:52 AM,118.0,0,0.0,153320152.5
2025-07-31 09:19:53 AM,117.5,0,0.0,153320152.5
2025-07-31 09:19:53 AM,117.7,6075,715027.5,154035180.0
2025-07-31 09:19:54 AM,117.9,375,44212.5,154079392.5
2025-07-31 09:19:54 AM,117.1,0,0.0,154079392.5
2025-07-31 09:19:54 AM,117.15,0,0.0,154079392.5
2025-07-31 09:19:55 AM,116.75,4950,577912.5,154657305.0
2025-07-31 09:19:55 AM,117.2,0,0.0,154657305.0
2025-07-31 09:19:55 AM,117.2,75,8790.0,154666095.0
2025-07-31 09:19:56 AM,116.75,0,0.0,154666095.0
2025-07-31 09:19:56 AM,117.1,0,0.0,154666095.0
2025-07-31 09:19:57 AM,116.45,2625,305681.25,154971776.25
2025-07-31 09:19:57 AM,117.05,75,8778.75,154980555.0
2025-07-31 09:19:57 AM,116.7,0,0.0,154980555.0
2025-07-31 09:19:58 AM,116.5,0,0.0,154980555.0
2025-07-31 09:19:58 AM,116.05,1725,200186.25,155180741.25
2025-07-31 09:19:59 AM,116.05,150,17407.5,155198148.75
2025-07-31 09:19:59 AM,116.65,0,0.0,155198148.75
2025-07-31 09:19:59 AM,116.45,0,0.0,155198148.75
2025-07-31 09:20:00 AM,116.5,2925,340762.5,155538911.25
2025-07-31 09:20:00 AM,116.0,0,0.0,155538911.25
2025-07-31 09:20:01 AM,115.1,0,0.0,155538911.25
2025-07-31 09:20:02 AM,115.35,6150,709402.5,156248313.75
2025-07-31 09:20:02 AM,114.95,2100,241395.0,156489708.75
2025-07-31 09:20:02 AM,115.25,0,0.0,156489708.75
2025-07-31 09:20:03 AM,114.35,0,0.0,156489708.75
2025-07-31 09:20:03 AM,114.35,2175,248711.25,156738420.0
2025-07-31 09:20:04 AM,114.9,75,8617.5,156747037.5
2025-07-31 09:20:04 AM,114.55,0,0.0,156747037.5
2025-07-31 09:20:04 AM,114.9,0,0.0,156747037.5
2025-07-31 09:20:05 AM,114.95,2925,336228.75,157083266.25
2025-07-31 09:20:05 AM,115.15,0,0.0,157083266.25
2025-07-31 09:20:05 AM,115.15,450,51817.5,157135083.75
2025-07-31 09:20:06 AM,114.25,0,0.0,157135083.75
2025-07-31 09:20:07 AM,114.05,5325,607316.25,157742400.0
2025-07-31 09:20:07 AM,113.75,675,76781.25,157819181.25
2025-07-31 09:20:07 AM,113.55,0,0.0,157819181.25
2025-07-31 09:20:07 AM,113.8,0,0.0,157819181.25
2025-07-31 09:20:08 AM,113.65,0,0.0,157819181.25
2025-07-31 09:20:08 AM,113.5,0,0.0,157819181.25
2025-07-31 09:20:08 AM,113.6,1950,221520.0,158040701.25
2025-07-31 09:20:09 AM,113.6,150,17040.0,158057741.25
2025-07-31 09:20:09 AM,114.0,0,0.0,158057741.25
2025-07-31 09:20:10 AM,113.7,2475,281407.5,158339148.75
2025-07-31 09:20:10 AM,113.45,0,0.0,158339148.75
2025-07-31 09:20:10 AM,113.45,450,51052.5,158390201.25
2025-07-31 09:20:11 AM,114.3,0,0.0,158390201.25
2025-07-31 09:20:11 AM,115.0,0,0.0,158390201.25
2025-07-31 09:20:12 AM,114.8,5250,602700.0,158992901.25
2025-07-31 09:20:12 AM,115.65,3600,416340.0,159409241.25
2025-07-31 09:20:12 AM,115.35,0,0.0,159409241.25
2025-07-31 09:20:13 AM,115.2,0,0.0,159409241.25
2025-07-31 09:20:13 AM,115.2,7575,872640.0,160281881.25
2025-07-31 09:20:14 AM,116.0,150,17400.0,160299281.25
2025-07-31 09:20:14 AM,115.8,0,0.0,160299281.25
2025-07-31 09:20:15 AM,117.15,0,0.0,160299281.25
2025-07-31 09:20:15 AM,117.15,1425,166938.75,160466220.0
2025-07-31 09:20:15 AM,117.35,0,0.0,160466220.0
2025-07-31 09:20:15 AM,117.35,300,35205.0,160501425.0
2025-07-31 09:20:16 AM,117.4,0,0.0,160501425.0
2025-07-31 09:20:16 AM,117.8,0,0.0,160501425.0
2025-07-31 09:20:17 AM,118.0,3825,451350.0,160952775.0
2025-07-31 09:20:17 AM,118.75,0,0.0,160952775.0
2025-07-31 09:20:18 AM,117.4,0,0.0,160952775.0
2025-07-31 09:20:18 AM,117.95,7425,875778.75,161828553.75
2025-07-31 09:20:19 AM,118.1,0,0.0,161828553.75
2025-07-31 09:20:19 AM,118.2,0,0.0,161828553.75
2025-07-31 09:20:20 AM,118.0,0,0.0,161828553.75
2025-07-31 09:20:20 AM,118.0,2325,274350.0,162102903.75
2025-07-31 09:20:20 AM,117.95,0,0.0,162102903.75
2025-07-31 09:20:20 AM,117.85,150,17677.5,162120581.25
2025-07-31 09:20:22 AM,117.85,1800,212130.0,162332711.25
2025-07-31 09:20:22 AM,117.95,75,8846.25,162341557.5
2025-07-31 09:20:22 AM,118.4,0,0.0,162341557.5
2025-07-31 09:20:22 AM,118.5,0,0.0,162341557.5
2025-07-31 09:20:23 AM,119.55,0,0.0,162341557.5
2025-07-31 09:20:23 AM,119.3,0,0.0,162341557.5
2025-07-31 09:20:23 AM,119.7,2400,287280.0,162628837.5
2025-07-31 09:20:24 AM,119.45,975,116463.75,162745301.25
2025-07-31 09:20:24 AM,119.95,0,0.0,162745301.25
2025-07-31 09:20:25 AM,121.0,0,0.0,162745301.25
2025-07-31 09:20:25 AM,121.0,6375,771375.0,163516676.25
2025-07-31 09:20:25 AM,121.15,0,0.0,163516676.25
2025-07-31 09:20:25 AM,121.15,300,36345.0,163553021.25
2025-07-31 09:20:26 AM,120.7,0,0.0,163553021.25
2025-07-31 09:20:26 AM,120.05,0,0.0,163553021.25
2025-07-31 09:20:27 AM,120.1,3075,369307.5,163922328.75
2025-07-31 09:20:27 AM,120.75,375,45281.25,163967610.0
2025-07-31 09:20:27 AM,120.35,0,0.0,163967610.0
2025-07-31 09:20:28 AM,119.95,0,0.0,163967610.0
2025-07-31 09:20:28 AM,120.15,0,0.0,163967610.0
2025-07-31 09:20:28 AM,120.15,10350,1243552.5,165211162.5
2025-07-31 09:20:29 AM,120.3,750,90225.0,165301387.5
2025-07-31 09:20:29 AM,120.6,0,0.0,165301387.5
2025-07-31 09:20:29 AM,121.25,0,0.0,165301387.5
2025-07-31 09:20:30 AM,122.0,8700,1061400.0,166362787.5
2025-07-31 09:20:30 AM,121.8,0,0.0,166362787.5
2025-07-31 09:20:30 AM,122.0,0,0.0,166362787.5
2025-07-31 09:20:30 AM,122.0,5550,677100.0,167039887.5
2025-07-31 09:20:31 AM,122.1,0,0.0,167039887.5
2025-07-31 09:20:32 AM,122.6,8850,1085010.0,168124897.5
2025-07-31 09:20:32 AM,122.5,1875,229687.5,168354585.0
2025-07-31 09:20:32 AM,122.3,0,0.0,168354585.0
2025-07-31 09:20:33 AM,122.9,0,0.0,168354585.0
2025-07-31 09:20:33 AM,122.45,0,0.0,168354585.0
2025-07-31 09:20:33 AM,123.25,5925,730256.25,169084841.25
2025-07-31 09:20:34 AM,123.1,225,27697.5,169112538.75
2025-07-31 09:20:34 AM,122.85,0,0.0,169112538.75
2025-07-31 09:20:34 AM,123.3,0,0.0,169112538.75
2025-07-31 09:20:35 AM,124.0,3000,372000.0,169484538.75
2025-07-31 09:20:35 AM,124.45,0,0.0,169484538.75
2025-07-31 09:20:35 AM,124.45,1050,130672.5,169615211.25
2025-07-31 09:20:36 AM,123.9,0,0.0,169615211.25
2025-07-31 09:20:36 AM,123.5,0,0.0,169615211.25
2025-07-31 09:20:37 AM,123.75,3225,399093.75,170014305.0
2025-07-31 09:20:37 AM,123.75,150,18562.5,170032867.5
2025-07-31 09:20:37 AM,124.1,0,0.0,170032867.5
2025-07-31 09:20:38 AM,125.0,0,0.0,170032867.5
2025-07-31 09:20:38 AM,124.6,25425,3167955.0,173200822.5
2025-07-31 09:20:39 AM,125.0,3900,487500.0,173688322.5
2025-07-31 09:20:39 AM,125.05,0,0.0,173688322.5
2025-07-31 09:20:40 AM,125.85,0,0.0,173688322.5
2025-07-31 09:20:40 AM,125.85,10050,1264792.5,174953115.0
2025-07-31 09:20:40 AM,125.8,0,0.0,174953115.0
2025-07-31 09:20:40 AM,125.8,225,28305.0,174981420.0
2025-07-31 09:20:41 AM,126.25,0,0.0,174981420.0
2025-07-31 09:20:41 AM,126.35,0,0.0,174981420.0
2025-07-31 09:20:42 AM,126.45,4800,606960.0,175588380.0
2025-07-31 09:20:42 AM,127.0,525,66675.0,175655055.0
2025-07-31 09:20:42 AM,127.1,0,0.0,175655055.0
2025-07-31 09:20:43 AM,128.7,0,0.0,175655055.0
2025-07-31 09:20:43 AM,128.85,0,0.0,175655055.0
2025-07-31 09:20:44 AM,128.85,19725,2541566.25,178196621.25
2025-07-31 09:20:44 AM,128.3,75,9622.5,178206243.75
2025-07-31 09:20:44 AM,129.0,0,0.0,178206243.75
2025-07-31 09:20:44 AM,128.85,0,0.0,178206243.75
2025-07-31 09:20:45 AM,129.75,5100,661725.0,178867968.75
2025-07-31 09:20:45 AM,129.55,0,0.0,178867968.75
2025-07-31 09:20:45 AM,129.55,450,58297.50000000001,178926266.25
2025-07-31 09:20:46 AM,129.95,0,0.0,178926266.25
2025-07-31 09:20:46 AM,130.0,0,0.0,178926266.25
2025-07-31 09:20:47 AM,130.25,11700,1523925.0,180450191.25
2025-07-31 09:20:47 AM,130.8,450,58860.00000000001,180509051.25
2025-07-31 09:20:47 AM,130.0,0,0.0,180509051.25
2025-07-31 09:20:48 AM,130.45,0,0.0,180509051.25
2025-07-31 09:20:48 AM,130.3,0,0.0,180509051.25
2025-07-31 09:20:49 AM,130.3,4950,644985.0,181154036.25
2025-07-31 09:20:49 AM,130.5,375,48937.5,181202973.75
2025-07-31 09:20:49 AM,130.75,0,0.0,181202973.75
2025-07-31 09:20:49 AM,130.35,0,0.0,181202973.75
2025-07-31 09:20:50 AM,130.8,6975,912330.0000000001,182115303.75
2025-07-31 09:20:50 AM,129.75,0,0.0,182115303.75
2025-07-31 09:20:50 AM,129.75,1800,233550.0,182348853.75
2025-07-31 09:20:51 AM,131.6,0,0.0,182348853.75
2025-07-31 09:20:51 AM,132.4,0,0.0,182348853.75
2025-07-31 09:20:52 AM,132.6,11100,1471860.0,183820713.75
2025-07-31 09:20:52 AM,133.6,1875,250500.0,184071213.75
2025-07-31 09:20:52 AM,132.65,0,0.0,184071213.75
2025-07-31 09:20:52 AM,132.25,0,0.0,184071213.75
2025-07-31 09:20:53 AM,131.3,0,0.0,184071213.75
2025-07-31 09:20:53 AM,131.35,0,0.0,184071213.75
2025-07-31 09:20:54 AM,131.7,5025,661792.5,184733006.25
2025-07-31 09:20:54 AM,131.25,150,19687.5,184752693.75
2025-07-31 09:20:54 AM,131.45,0,0.0,184752693.75
2025-07-31 09:20:54 AM,131.2,0,0.0,184752693.75
2025-07-31 09:20:55 AM,130.8,0,0.0,184752693.75
2025-07-31 09:20:55 AM,130.8,6525,853470.0000000001,185606163.75
2025-07-31 09:20:55 AM,130.25,0,0.0,185606163.75
2025-07-31 09:20:55 AM,130.25,375,48843.75,185655007.5
2025-07-31 09:20:56 AM,130.35,0,0.0,185655007.5
2025-07-31 09:20:56 AM,128.1,0,0.0,185655007.5
2025-07-31 09:20:57 AM,128.15,8100,1038015.0,186693022.5
2025-07-31 09:20:57 AM,128.4,150,19260.0,186712282.5
2025-07-31 09:20:57 AM,128.75,0,0.0,186712282.5
2025-07-31 09:20:57 AM,128.4,0,0.0,186712282.5
2025-07-31 09:20:58 AM,128.0,0,0.0,186712282.5
2025-07-31 09:20:58 AM,127.25,0,0.0,186712282.5
2025-07-31 09:20:59 AM,127.0,4500,571500.0,187283782.5
2025-07-31 09:20:59 AM,128.35,750,96262.5,187380045.0
2025-07-31 09:20:59 AM,128.05,0,0.0,187380045.0
2025-07-31 09:21:00 AM,127.0,0,0.0,187380045.0
2025-07-31 09:21:00 AM,127.0,15300,1943100.0,189323145.0
2025-07-31 09:21:00 AM,127.45,0,0.0,189323145.0
2025-07-31 09:21:00 AM,127.25,525,66806.25,189389951.25
2025-07-31 09:21:01 AM,130.0,0,0.0,189389951.25
2025-07-31 09:21:01 AM,129.65,0,0.0,189389951.25
2025-07-31 09:21:02 AM,130.2,4650,605430.0,189995381.25
2025-07-31 09:21:02 AM,130.7,150,19605.0,190014986.25
2025-07-31 09:21:02 AM,130.55,0,0.0,190014986.25
2025-07-31 09:21:02 AM,130.45,0,0.0,190014986.25
2025-07-31 09:21:03 AM,131.45,0,0.0,190014986.25
2025-07-31 09:21:03 AM,131.7,0,0.0,190014986.25
2025-07-31 09:21:04 AM,131.2,5475,718319.9999999999,190733306.25
2025-07-31 09:21:04 AM,130.6,450,58770.0,190792076.25
2025-07-31 09:21:04 AM,130.75,0,0.0,190792076.25
2025-07-31 09:21:04 AM,131.05,0,0.0,190792076.25
2025-07-31 09:21:05 AM,130.4,3675,479220.0,191271296.25
2025-07-31 09:21:05 AM,129.65,0,0.0,191271296.25
2025-07-31 09:21:05 AM,129.65,525,68066.25,191339362.5
2025-07-31 09:21:06 AM,130.35,0,0.0,191339362.5
2025-07-31 09:21:06 AM,130.55,0,0.0,191339362.5
2025-07-31 09:21:07 AM,129.75,3525,457368.75,191796731.25
2025-07-31 09:21:07 AM,129.9,225,29227.5,191825958.75
2025-07-31 09:21:07 AM,129.5,0,0.0,191825958.75
2025-07-31 09:21:07 AM,129.0,0,0.0,191825958.75
2025-07-31 09:21:08 AM,127.8,0,0.0,191825958.75
2025-07-31 09:21:08 AM,128.5,0,0.0,191825958.75
2025-07-31 09:21:09 AM,128.65,11325,1456961.25,193282920.0
2025-07-31 09:21:09 AM,128.35,525,67383.75,193350303.75
2025-07-31 09:21:09 AM,128.55,0,0.0,193350303.75
2025-07-31 09:21:09 AM,128.9,0,0.0,193350303.75
2025-07-31 09:21:10 AM,128.6,0,0.0,193350303.75
2025-07-31 09:21:10 AM,128.0,3225,412800.0,193763103.75
2025-07-31 09:21:10 AM,128.0,150,19200.0,193782303.75
2025-07-31 09:21:11 AM,127.85,0,0.0,193782303.75
2025-07-31 09:21:12 AM,127.7,21825,2787052.5,196569356.25
2025-07-31 09:21:12 AM,127.85,1575,201363.75,196770720.0
2025-07-31 09:21:12 AM,127.3,0,0.0,196770720.0
2025-07-31 09:21:12 AM,127.55,0,0.0,196770720.0
2025-07-31 09:21:13 AM,126.45,0,0.0,196770720.0
2025-07-31 09:21:13 AM,126.0,0,0.0,196770720.0
2025-07-31 09:21:14 AM,126.0,59325,7474950.0,204245670.0
2025-07-31 09:21:14 AM,126.15,1050,132457.5,204378127.5
2025-07-31 09:21:14 AM,126.1,0,0.0,204378127.5
2025-07-31 09:21:14 AM,125.85,0,0.0,204378127.5
2025-07-31 09:21:15 AM,126.9,0,0.0,204378127.5
2025-07-31 09:21:15 AM,126.55,11250,1423687.5,205801815.0
2025-07-31 09:21:15 AM,126.7,1800,228060.0,206029875.0
2025-07-31 09:21:16 AM,129.25,0,0.0,206029875.0
2025-07-31 09:21:16 AM,130.05,0,0.0,206029875.0
2025-07-31 09:21:17 AM,130.55,37425,4885833.75,210915708.75
2025-07-31 09:21:17 AM,129.9,675,87682.5,211003391.25
2025-07-31 09:21:17 AM,130.3,0,0.0,211003391.25
2025-07-31 09:21:17 AM,129.35,0,0.0,211003391.25
2025-07-31 09:21:18 AM,129.65,0,0.0,211003391.25
2025-07-31 09:21:18 AM,129.2,0,0.0,211003391.25
2025-07-31 09:21:18 AM,129.2,4950,639540.0,211642931.25
2025-07-31 09:21:19 AM,129.45,75,9708.75,211652640.0
2025-07-31 09:21:19 AM,130.3,0,0.0,211652640.0
2025-07-31 09:21:19 AM,130.45,0,0.0,211652640.0
2025-07-31 09:21:20 AM,130.5,0,0.0,211652640.0
2025-07-31 09:21:20 AM,130.5,10125,1321312.5,212973952.5
2025-07-31 09:21:20 AM,131.15,0,0.0,212973952.5
2025-07-31 09:21:20 AM,131.2,1425,186959.99999999997,213160912.5
2025-07-31 09:21:21 AM,130.65,0,0.0,213160912.5
2025-07-31 09:21:22 AM,130.8,19800,2589840.0,215750752.5
2025-07-31 09:21:22 AM,130.9,150,19635.0,215770387.5
2025-07-31 09:21:22 AM,131.35,0,0.0,215770387.5
2025-07-31 09:21:23 AM,130.85,0,0.0,215770387.5
2025-07-31 09:21:23 AM,131.25,0,0.0,215770387.5
2025-07-31 09:21:23 AM,131.25,1875,246093.75,216016481.25
2025-07-31 09:21:24 AM,131.35,1125,147768.75,216164250.0
2025-07-31 09:21:24 AM,132.0,0,0.0,216164250.0
2025-07-31 09:21:25 AM,132.05,0,0.0,216164250.0
2025-07-31 09:21:25 AM,132.05,3525,465476.25000000006,216629726.25
2025-07-31 09:21:25 AM,130.75,75,9806.25,216639532.5
2025-07-31 09:21:25 AM,131.45,0,0.0,216639532.5
2025-07-31 09:21:26 AM,131.7,0,0.0,216639532.5
2025-07-31 09:21:26 AM,131.5,0,0.0,216639532.5
2025-07-31 09:21:27 AM,132.15,4350,574852.5,217214385.0
2025-07-31 09:21:27 AM,131.95,300,39585.0,217253970.0
2025-07-31 09:21:27 AM,131.65,0,0.0,217253970.0
2025-07-31 09:21:28 AM,131.4,0,0.0,217253970.0
2025-07-31 09:21:28 AM,131.0,22125,2898375.0,220152345.0
2025-07-31 09:21:29 AM,130.6,1275,166515.0,220318860.0
2025-07-31 09:21:29 AM,129.45,0,0.0,220318860.0
2025-07-31 09:21:29 AM,130.9,0,0.0,220318860.0
2025-07-31 09:21:30 AM,130.75,0,0.0,220318860.0
2025-07-31 09:21:30 AM,131.1,4425,580117.5,220898977.5
2025-07-31 09:21:30 AM,131.35,0,0.0,220898977.5
2025-07-31 09:21:30 AM,131.0,975,127725.0,221026702.5
2025-07-31 09:21:31 AM,131.2,0,0.0,221026702.5
2025-07-31 09:21:31 AM,131.4,0,0.0,221026702.5
2025-07-31 09:21:32 AM,132.2,2475,327195.0,221353897.5
2025-07-31 09:21:32 AM,132.35,450,59557.5,221413455.0
2025-07-31 09:21:32 AM,132.4,0,0.0,221413455.0
2025-07-31 09:21:32 AM,132.6,0,0.0,221413455.0
2025-07-31 09:21:33 AM,131.3,0,0.0,221413455.0
2025-07-31 09:21:33 AM,131.0,0,0.0,221413455.0
2025-07-31 09:21:33 AM,130.8,3150,412020.00000000006,221825475.0
2025-07-31 09:21:34 AM,131.2,825,108239.99999999999,221933715.0
2025-07-31 09:21:34 AM,131.4,0,0.0,221933715.0
2025-07-31 09:21:34 AM,131.85,0,0.0,221933715.0
2025-07-31 09:21:35 AM,131.95,0,0.0,221933715.0
2025-07-31 09:21:35 AM,131.95,4125,544293.75,222478008.75
2025-07-31 09:21:35 AM,131.75,0,0.0,222478008.75
2025-07-31 09:21:35 AM,131.75,300,39525.0,222517533.75
2025-07-31 09:21:36 AM,131.9,0,0.0,222517533.75
2025-07-31 09:21:37 AM,131.9,3225,425377.5,222942911.25
2025-07-31 09:21:37 AM,131.3,150,19695.0,222962606.25
2025-07-31 09:21:37 AM,131.8,0,0.0,222962606.25
2025-07-31 09:21:38 AM,132.25,0,0.0,222962606.25
2025-07-31 09:21:38 AM,132.25,2475,327318.75,223289925.0
2025-07-31 09:21:38 AM,132.05,0,0.0,223289925.0
2025-07-31 09:21:39 AM,131.8,1125,148275.0,223438200.0
2025-07-31 09:21:39 AM,132.35,0,0.0,223438200.0
2025-07-31 09:21:39 AM,132.25,0,0.0,223438200.0
2025-07-31 09:21:40 AM,131.5,0,0.0,223438200.0
2025-07-31 09:21:40 AM,131.7,5400,711179.9999999999,224149380.0
2025-07-31 09:21:40 AM,131.55,75,9866.25,224159246.25
2025-07-31 09:21:41 AM,130.35,0,0.0,224159246.25
2025-07-31 09:21:42 AM,130.9,18900,2474010.0,226633256.25
2025-07-31 09:21:42 AM,131.45,0,0.0,226633256.25
2025-07-31 09:21:42 AM,131.55,0,0.0,226633256.25
2025-07-31 09:21:43 AM,131.7,0,0.0,226633256.25
2025-07-31 09:21:43 AM,131.55,0,0.0,226633256.25
2025-07-31 09:21:43 AM,131.35,1950,256132.5,226889388.75
2025-07-31 09:21:44 AM,131.5,1350,177525.0,227066913.75
2025-07-31 09:21:44 AM,131.35,0,0.0,227066913.75
2025-07-31 09:21:44 AM,130.75,0,0.0,227066913.75
2025-07-31 09:21:45 AM,131.2,0,0.0,227066913.75
2025-07-31 09:21:45 AM,131.15,4350,570502.5,227637416.25
2025-07-31 09:21:45 AM,131.3,0,0.0,227637416.25
2025-07-31 09:21:45 AM,131.3,300,39390.0,227676806.25
2025-07-31 09:21:46 AM,133.55,0,0.0,227676806.25
2025-07-31 09:21:47 AM,132.7,7875,1045012.4999999999,228721818.75
2025-07-31 09:21:47 AM,133.2,450,59939.99999999999,228781758.75
2025-07-31 09:21:47 AM,133.25,0,0.0,228781758.75
2025-07-31 09:21:47 AM,133.35,0,0.0,228781758.75
2025-07-31 09:21:48 AM,132.5,0,0.0,228781758.75
2025-07-31 09:21:48 AM,132.25,8100,1071225.0,229852983.75
2025-07-31 09:21:48 AM,131.95,0,0.0,229852983.75
2025-07-31 09:21:49 AM,131.8,1050,138390.0,229991373.75
2025-07-31 09:21:49 AM,131.85,0,0.0,229991373.75
2025-07-31 09:21:49 AM,132.25,0,0.0,229991373.75
2025-07-31 09:21:50 AM,133.05,0,0.0,229991373.75
2025-07-31 09:21:50 AM,133.25,9675,1289193.75,231280567.5
2025-07-31 09:21:50 AM,133.3,0,0.0,231280567.5
2025-07-31 09:21:50 AM,133.6,4125,551100.0,231831667.5
2025-07-31 09:21:51 AM,133.45,0,0.0,231831667.5
2025-07-31 09:21:51 AM,133.15,0,0.0,231831667.5
2025-07-31 09:21:52 AM,134.0,28200,3778800.0,235610467.5
2025-07-31 09:21:52 AM,134.0,3750,502500.0,236112967.5
2025-07-31 09:21:52 AM,133.7,0,0.0,236112967.5
2025-07-31 09:21:52 AM,133.45,0,0.0,236112967.5
2025-07-31 09:21:53 AM,133.5,0,0.0,236112967.5
2025-07-31 09:21:53 AM,133.45,1125,150131.25,236263098.75
2025-07-31 09:21:54 AM,133.9,0,0.0,236263098.75
2025-07-31 09:21:54 AM,133.95,0,0.0,236263098.75
2025-07-31 09:21:55 AM,133.15,31275,4164266.25,240427365.0
2025-07-31 09:21:55 AM,133.1,0,0.0,240427365.0
2025-07-31 09:21:55 AM,133.1,225,29947.5,240457312.5
2025-07-31 09:21:56 AM,132.05,0,0.0,240457312.5
2025-07-31 09:21:56 AM,132.75,0,0.0,240457312.5
2025-07-31 09:21:57 AM,132.9,17550,2332395.0,242789707.5
2025-07-31 09:21:57 AM,132.65,3750,497437.5,243287145.0
2025-07-31 09:21:57 AM,133.0,0,0.0,243287145.0
2025-07-31 09:21:58 AM,133.9,0,0.0,243287145.0
2025-07-31 09:21:58 AM,133.8,0,0.0,243287145.0
2025-07-31 09:21:58 AM,133.1,24750,3294225.0,246581370.0
2025-07-31 09:21:59 AM,132.8,0,0.0,246581370.0
2025-07-31 09:21:59 AM,132.15,0,0.0,246581370.0
2025-07-31 09:22:00 AM,131.0,0,0.0,246581370.0
2025-07-31 09:22:00 AM,131.1,2400,314640.0,246896010.0
2025-07-31 09:22:00 AM,130.75,1950,254962.5,247150972.5
2025-07-31 09:22:00 AM,130.25,0,0.0,247150972.5
2025-07-31 09:22:01 AM,131.2,0,0.0,247150972.5
2025-07-31 09:22:01 AM,130.8,0,0.0,247150972.5
2025-07-31 09:22:02 AM,129.35,4350,562672.5,247713645.0
2025-07-31 09:22:02 AM,129.75,900,116775.0,247830420.0
2025-07-31 09:22:02 AM,129.5,0,0.0,247830420.0
2025-07-31 09:22:02 AM,129.7,0,0.0,247830420.0
2025-07-31 09:22:03 AM,130.0,0,0.0,247830420.0
2025-07-31 09:22:03 AM,130.3,0,0.0,247830420.0
2025-07-31 09:22:03 AM,130.25,9600,1250400.0,249080820.0
2025-07-31 09:22:04 AM,130.35,3600,469260.0,249550080.0
2025-07-31 09:22:04 AM,130.5,0,0.0,249550080.0
2025-07-31 09:22:04 AM,130.4,0,0.0,249550080.0
2025-07-31 09:22:05 AM,130.75,33375,4363781.25,253913861.25
2025-07-31 09:22:05 AM,130.3,0,0.0,253913861.25
2025-07-31 09:22:05 AM,130.65,0,0.0,253913861.25
2025-07-31 09:22:05 AM,130.55,825,107703.75000000001,254021565.0
2025-07-31 09:22:06 AM,129.65,0,0.0,254021565.0
2025-07-31 09:22:07 AM,128.8,7875,1014300.0000000001,255035865.0
2025-07-31 09:22:07 AM,129.1,675,87142.5,255123007.5
2025-07-31 09:22:07 AM,128.95,0,0.0,255123007.5
2025-07-31 09:22:07 AM,129.55,0,0.0,255123007.5
2025-07-31 09:22:08 AM,129.65,0,0.0,255123007.5
2025-07-31 09:22:08 AM,130.15,0,0.0,255123007.5
2025-07-31 09:22:08 AM,129.75,5850,759037.5,255882045.0
2025-07-31 09:22:09 AM,129.3,300,38790.0,255920835.0
2025-07-31 09:22:09 AM,129.05,0,0.0,255920835.0
2025-07-31 09:22:09 AM,129.1,0,0.0,255920835.0
2025-07-31 09:22:10 AM,128.6,0,0.0,255920835.0
2025-07-31 09:22:10 AM,128.6,1575,202545.0,256123380.0
2025-07-31 09:22:10 AM,128.25,0,0.0,256123380.0
2025-07-31 09:22:10 AM,128.35,675,86636.25,256210016.25
2025-07-31 09:22:11 AM,126.3,0,0.0,256210016.25
2025-07-31 09:22:11 AM,125.95,0,0.0,256210016.25
2025-07-31 09:22:12 AM,124.85,17550,2191117.5,258401133.75
2025-07-31 09:22:12 AM,124.75,2700,336825.0,258737958.75
2025-07-31 09:22:12 AM,125.05,0,0.0,258737958.75
2025-07-31 09:22:13 AM,124.7,0,0.0,258737958.75
2025-07-31 09:22:13 AM,124.8,0,0.0,258737958.75
2025-07-31 09:22:13 AM,124.65,31725,3954521.25,262692480.0
2025-07-31 09:22:14 AM,125.5,5475,687112.5,263379592.5
2025-07-31 09:22:14 AM,124.3,0,0.0,263379592.5
2025-07-31 09:22:15 AM,125.05,11775,1472463.75,264852056.25
2025-07-31 09:22:16 AM,126.15,0,0.0,264852056.25
2025-07-31 09:22:16 AM,126.05,0,0.0,264852056.25
2025-07-31 09:22:17 AM,126.2,7275,918105.0,265770161.25
2025-07-31 09:22:17 AM,126.15,0,0.0,265770161.25
2025-07-31 09:22:17 AM,126.0,0,0.0,265770161.25
2025-07-31 09:22:18 AM,125.9,0,0.0,265770161.25
2025-07-31 09:22:18 AM,125.9,2250,283275.0,266053436.25
2025-07-31 09:22:19 AM,125.55,75,9416.25,266062852.5
2025-07-31 09:22:19 AM,125.45,0,0.0,266062852.5
2025-07-31 09:22:19 AM,124.95,0,0.0,266062852.5
2025-07-31 09:22:20 AM,124.65,0,0.0,266062852.5
2025-07-31 09:22:20 AM,124.65,1725,215021.25,266277873.75
2025-07-31 09:22:20 AM,124.7,75,9352.5,266287226.25
2025-07-31 09:22:20 AM,124.95,0,0.0,266287226.25
2025-07-31 09:22:21 AM,125.75,0,0.0,266287226.25
2025-07-31 09:22:21 AM,125.5,0,0.0,266287226.25
2025-07-31 09:22:22 AM,123.6,20325,2512170.0,268799396.25
2025-07-31 09:22:22 AM,123.55,825,101928.75,268901325.0
2025-07-31 09:22:22 AM,123.6,0,0.0,268901325.0
2025-07-31 09:22:23 AM,122.9,0,0.0,268901325.0
2025-07-31 09:22:23 AM,122.4,0,0.0,268901325.0
2025-07-31 09:22:23 AM,123.0,2100,258300.0,269159625.0
2025-07-31 09:22:24 AM,122.85,450,55282.5,269214907.5
2025-07-31 09:22:24 AM,122.9,0,0.0,269214907.5
2025-07-31 09:22:24 AM,122.8,0,0.0,269214907.5
2025-07-31 09:22:25 AM,124.4,4800,597120.0,269812027.5
2025-07-31 09:22:26 AM,124.25,0,0.0,269812027.5
2025-07-31 09:22:26 AM,124.7,0,0.0,269812027.5
2025-07-31 09:22:27 AM,124.7,4350,542445.0,270354472.5
2025-07-31 09:22:27 AM,124.8,375,46800.0,270401272.5
2025-07-31 09:22:27 AM,124.65,0,0.0,270401272.5
2025-07-31 09:22:28 AM,124.55,0,0.0,270401272.5
2025-07-31 09:22:28 AM,124.55,4425,551133.75,270952406.25
2025-07-31 09:22:29 AM,125.0,1500,187500.0,271139906.25
2025-07-31 09:22:29 AM,125.8,0,0.0,271139906.25
2025-07-31 09:22:30 AM,126.25,0,0.0,271139906.25
2025-07-31 09:22:30 AM,126.2,2925,369135.0,271509041.25
2025-07-31 09:22:31 AM,125.85,0,0.0,271509041.25
2025-07-31 09:22:32 AM,123.95,3900,483405.0,271992446.25
2025-07-31 09:22:32 AM,124.4,1350,167940.0,272160386.25
2025-07-31 09:22:32 AM,125.05,0,0.0,272160386.25
2025-07-31 09:22:33 AM,125.5,0,0.0,272160386.25
2025-07-31 09:22:33 AM,126.0,0,0.0,272160386.25
2025-07-31 09:22:33 AM,125.95,0,0.0,272160386.25
2025-07-31 09:22:33 AM,126.05,7200,907560.0,273067946.25
2025-07-31 09:22:34 AM,125.7,75,9427.5,273077373.75
2025-07-31 09:22:34 AM,125.9,0,0.0,273077373.75
2025-07-31 09:22:34 AM,126.3,0,0.0,273077373.75
2025-07-31 09:22:35 AM,126.2,0,0.0,273077373.75
2025-07-31 09:22:35 AM,126.2,2325,293415.0,273370788.75
2025-07-31 09:22:36 AM,125.05,0,0.0,273370788.75
2025-07-31 09:22:36 AM,125.55,0,0.0,273370788.75
2025-07-31 09:22:37 AM,125.0,975,121875.0,273492663.75
2025-07-31 09:22:37 AM,124.65,75,9348.75,273502012.5
2025-07-31 09:22:37 AM,125.0,0,0.0,273502012.5
2025-07-31 09:22:38 AM,125.65,0,0.0,273502012.5
2025-07-31 09:22:38 AM,125.75,0,0.0,273502012.5
2025-07-31 09:22:38 AM,126.0,1950,245700.0,273747712.5
2025-07-31 09:22:39 AM,125.65,975,122508.75,273870221.25
2025-07-31 09:22:39 AM,126.0,0,0.0,273870221.25
2025-07-31 09:22:40 AM,127.3,0,0.0,273870221.25
2025-07-31 09:22:40 AM,128.5,41925,5387362.5,279257583.75
2025-07-31 09:22:41 AM,128.8,0,0.0,279257583.75
2025-07-31 09:22:42 AM,128.2,2925,374984.99999999994,279632568.75
2025-07-31 09:22:42 AM,128.95,600,77370.0,279709938.75
2025-07-31 09:22:43 AM,128.75,0,0.0,279709938.75
2025-07-31 09:22:43 AM,128.8,0,0.0,279709938.75
2025-07-31 09:22:43 AM,128.8,975,125580.00000000001,279835518.75
2025-07-31 09:22:45 AM,127.65,0,0.0,279835518.75
2025-07-31 09:22:45 AM,128.75,2025,260718.75,280096237.5
2025-07-31 09:22:46 AM,128.5,0,0.0,280096237.5
2025-07-31 09:22:46 AM,128.6,0,0.0,280096237.5
2025-07-31 09:22:47 AM,128.95,1575,203096.24999999997,280299333.75
2025-07-31 09:22:47 AM,129.85,0,0.0,280299333.75
2025-07-31 09:22:48 AM,129.25,0,0.0,280299333.75
2025-07-31 09:22:49 AM,129.4,1575,203805.0,280503138.75
2025-07-31 09:22:49 AM,129.6,75,9720.0,280512858.75
2025-07-31 09:22:49 AM,130.05,0,0.0,280512858.75
2025-07-31 09:22:49 AM,130.4,0,0.0,280512858.75
2025-07-31 09:22:50 AM,130.55,0,0.0,280512858.75
2025-07-31 09:22:50 AM,130.75,4275,558956.25,281071815.0
2025-07-31 09:22:50 AM,130.75,225,29418.75,281101233.75
2025-07-31 09:22:50 AM,131.35,0,0.0,281101233.75
2025-07-31 09:22:51 AM,131.1,0,0.0,281101233.75
2025-07-31 09:22:52 AM,131.3,31500,4135950.0000000005,285237183.75
2025-07-31 09:22:52 AM,131.45,3975,522513.74999999994,285759697.5
2025-07-31 09:22:52 AM,131.05,0,0.0,285759697.5
2025-07-31 09:22:52 AM,131.35,0,0.0,285759697.5
2025-07-31 09:22:53 AM,131.7,0,0.0,285759697.5
2025-07-31 09:22:54 AM,131.55,9300,1223415.0,286983112.5
2025-07-31 09:22:54 AM,131.55,6150,809032.5000000001,287792145.0
2025-07-31 09:22:54 AM,130.7,0,0.0,287792145.0
2025-07-31 09:22:55 AM,131.35,0,0.0,287792145.0
2025-07-31 09:22:55 AM,132.2,0,0.0,287792145.0
2025-07-31 09:22:55 AM,132.2,3750,495749.99999999994,288287895.0
2025-07-31 09:22:56 AM,132.45,0,0.0,288287895.0
2025-07-31 09:22:56 AM,132.3,0,0.0,288287895.0
2025-07-31 09:22:57 AM,132.25,7350,972037.5,289259932.5
2025-07-31 09:22:57 AM,132.3,0,0.0,289259932.5
2025-07-31 09:22:58 AM,132.55,0,0.0,289259932.5
2025-07-31 09:22:59 AM,132.85,2925,388586.25,289648518.75
2025-07-31 09:22:59 AM,132.6,1125,149175.0,289797693.75
2025-07-31 09:22:59 AM,132.0,0,0.0,289797693.75
2025-07-31 09:22:59 AM,132.2,0,0.0,289797693.75
2025-07-31 09:23:00 AM,132.1,3225,426022.5,290223716.25
2025-07-31 09:23:01 AM,131.85,0,0.0,290223716.25
2025-07-31 09:23:01 AM,131.95,0,0.0,290223716.25
2025-07-31 09:23:02 AM,131.55,2625,345318.75000000006,290569035.0
2025-07-31 09:23:02 AM,131.9,300,39570.0,290608605.0
2025-07-31 09:23:03 AM,131.95,0,0.0,290608605.0
2025-07-31 09:23:03 AM,132.4,0,0.0,290608605.0
2025-07-31 09:23:04 AM,132.4,1350,178740.0,290787345.0
2025-07-31 09:23:04 AM,132.0,225,29700.0,290817045.0
2025-07-31 09:23:04 AM,132.15,0,0.0,290817045.0
2025-07-31 09:23:05 AM,133.0,0,0.0,290817045.0
2025-07-31 09:23:05 AM,133.0,5700,758100.0,291575145.0
2025-07-31 09:23:06 AM,133.75,0,0.0,291575145.0
2025-07-31 09:23:07 AM,134.15,4425,593613.75,292168758.75
2025-07-31 09:23:07 AM,134.0,375,50250.0,292219008.75
2025-07-31 09:23:07 AM,135.0,0,0.0,292219008.75
2025-07-31 09:23:07 AM,135.8,0,0.0,292219008.75
2025-07-31 09:23:08 AM,135.55,0,0.0,292219008.75
2025-07-31 09:23:09 AM,135.45,0,0.0,292219008.75
2025-07-31 09:23:09 AM,135.45,12150,1645717.4999999998,293864726.25
2025-07-31 09:23:09 AM,135.2,525,70980.0,293935706.25
2025-07-31 09:23:09 AM,134.55,0,0.0,293935706.25
2025-07-31 09:23:10 AM,134.65,0,0.0,293935706.25
2025-07-31 09:23:10 AM,134.3,6150,825945.0000000001,294761651.25
2025-07-31 09:23:10 AM,134.7,75,10102.5,294771753.75
2025-07-31 09:23:11 AM,136.0,0,0.0,294771753.75
2025-07-31 09:23:11 AM,136.6,0,0.0,294771753.75
2025-07-31 09:23:12 AM,136.55,41325,5642928.750000001,300414682.5
2025-07-31 09:23:12 AM,136.5,525,71662.5,300486345.0
2025-07-31 09:23:12 AM,136.2,0,0.0,300486345.0
2025-07-31 09:23:13 AM,136.1,0,0.0,300486345.0
2025-07-31 09:23:13 AM,136.8,0,0.0,300486345.0
2025-07-31 09:23:13 AM,136.65,0,0.0,300486345.0
2025-07-31 09:23:14 AM,136.75,7125,974343.75,301460688.75
2025-07-31 09:23:14 AM,137.55,3975,546761.25,302007450.0
2025-07-31 09:23:14 AM,137.7,0,0.0,302007450.0
2025-07-31 09:23:14 AM,137.6,0,0.0,302007450.0
2025-07-31 09:23:15 AM,139.6,26475,3695910.0,305703360.0
2025-07-31 09:23:16 AM,139.2,0,0.0,305703360.0
2025-07-31 09:23:16 AM,138.95,0,0.0,305703360.0
2025-07-31 09:23:16 AM,138.2,0,0.0,305703360.0
2025-07-31 09:23:17 AM,139.0,5475,761025.0,306464385.0
2025-07-31 09:23:17 AM,138.6,975,135135.0,306599520.0
2025-07-31 09:23:17 AM,138.45,0,0.0,306599520.0
2025-07-31 09:23:17 AM,138.0,0,0.0,306599520.0
2025-07-31 09:23:18 AM,138.2,0,0.0,306599520.0
2025-07-31 09:23:19 AM,137.7,0,0.0,306599520.0
2025-07-31 09:23:19 AM,137.7,3975,547357.5,307146877.5
2025-07-31 09:23:19 AM,136.75,525,71793.75,307218671.25
2025-07-31 09:23:19 AM,136.5,0,0.0,307218671.25
2025-07-31 09:23:19 AM,136.6,0,0.0,307218671.25
2025-07-31 09:23:20 AM,135.6,0,0.0,307218671.25
2025-07-31 09:23:20 AM,134.55,20325,2734728.75,309953400.0
2025-07-31 09:23:20 AM,134.5,0,0.0,309953400.0
2025-07-31 09:23:20 AM,134.5,225,30262.5,309983662.5
2025-07-31 09:23:21 AM,135.85,0,0.0,309983662.5
2025-07-31 09:23:21 AM,135.7,0,0.0,309983662.5
2025-07-31 09:23:22 AM,134.55,33300,4480515.0,314464177.5
2025-07-31 09:23:22 AM,135.05,4425,597596.25,315061773.75
2025-07-31 09:23:22 AM,135.9,0,0.0,315061773.75
2025-07-31 09:23:22 AM,135.6,0,0.0,315061773.75
2025-07-31 09:23:23 AM,135.65,0,0.0,315061773.75
2025-07-31 09:23:24 AM,135.2,0,0.0,315061773.75
2025-07-31 09:23:24 AM,135.2,16050,2169960.0,317231733.75
2025-07-31 09:23:24 AM,135.45,750,101587.49999999999,317333321.25
2025-07-31 09:23:24 AM,135.2,0,0.0,317333321.25
2025-07-31 09:23:25 AM,135.3,0,0.0,317333321.25
2025-07-31 09:23:25 AM,135.3,8550,1156815.0,318490136.25
2025-07-31 09:23:25 AM,135.7,0,0.0,318490136.25
2025-07-31 09:23:26 AM,135.75,0,0.0,318490136.25
2025-07-31 09:23:26 AM,135.0,0,0.0,318490136.25
2025-07-31 09:23:27 AM,134.9,11550,1558095.0,320048231.25
2025-07-31 09:23:27 AM,134.1,4650,623565.0,320671796.25
2025-07-31 09:23:27 AM,134.75,0,0.0,320671796.25
2025-07-31 09:23:28 AM,134.7,0,0.0,320671796.25
2025-07-31 09:23:28 AM,135.35,0,0.0,320671796.25
2025-07-31 09:23:29 AM,135.35,30300,4101105.0,324772901.25
2025-07-31 09:23:29 AM,136.35,5175,705611.25,325478512.5
2025-07-31 09:23:29 AM,136.55,0,0.0,325478512.5
2025-07-31 09:23:30 AM,137.15,0,0.0,325478512.5
2025-07-31 09:23:30 AM,136.9,0,0.0,325478512.5
2025-07-31 09:23:30 AM,136.9,4875,667387.5,326145900.0
2025-07-31 09:23:31 AM,137.3,0,0.0,326145900.0
2025-07-31 09:23:31 AM,137.15,0,0.0,326145900.0
2025-07-31 09:23:32 AM,136.5,3600,491400.0,326637300.0
2025-07-31 09:23:32 AM,137.0,750,102750.0,326740050.0
2025-07-31 09:23:32 AM,136.8,0,0.0,326740050.0
2025-07-31 09:23:33 AM,137.4,0,0.0,326740050.0
2025-07-31 09:23:33 AM,136.9,0,0.0,326740050.0
2025-07-31 09:23:33 AM,136.25,0,0.0,326740050.0
2025-07-31 09:23:34 AM,136.0,2025,275400.0,327015450.0
2025-07-31 09:23:34 AM,136.5,600,81900.0,327097350.0
2025-07-31 09:23:34 AM,136.55,0,0.0,327097350.0
2025-07-31 09:23:34 AM,136.3,0,0.0,327097350.0
2025-07-31 09:23:35 AM,136.65,0,0.0,327097350.0
2025-07-31 09:23:35 AM,136.7,5250,717674.9999999999,327815025.0
2025-07-31 09:23:36 AM,136.0,0,0.0,327815025.0
2025-07-31 09:23:37 AM,136.05,0,0.0,327815025.0
2025-07-31 09:23:37 AM,136.8,4800,656640.0,328471665.0
2025-07-31 09:23:37 AM,136.25,225,30656.25,328502321.25
2025-07-31 09:23:37 AM,136.35,0,0.0,328502321.25
2025-07-31 09:23:38 AM,135.7,0,0.0,328502321.25
2025-07-31 09:23:39 AM,135.55,750,101662.50000000001,328603983.75
2025-07-31 09:23:39 AM,135.15,750,101362.5,328705346.25
2025-07-31 09:23:39 AM,133.85,0,0.0,328705346.25
2025-07-31 09:23:39 AM,133.8,0,0.0,328705346.25
2025-07-31 09:23:40 AM,134.5,0,0.0,328705346.25
2025-07-31 09:23:40 AM,134.5,30450,4095525.0,332800871.25
2025-07-31 09:23:41 AM,133.4,0,0.0,332800871.25
2025-07-31 09:23:42 AM,133.45,2325,310271.25,333111142.5
2025-07-31 09:23:42 AM,133.2,0,0.0,333111142.5
2025-07-31 09:23:43 AM,132.35,0,0.0,333111142.5
2025-07-31 09:23:44 AM,132.35,2100,277935.0,333389077.5
2025-07-31 09:23:44 AM,130.9,0,0.0,333389077.5
2025-07-31 09:23:45 AM,130.95,0,0.0,333389077.5
2025-07-31 09:23:45 AM,130.6,0,0.0,333389077.5
2025-07-31 09:23:45 AM,130.95,0,0.0,333389077.5
2025-07-31 09:23:45 AM,130.95,5175,677666.2499999999,334066743.75
2025-07-31 09:23:46 AM,132.45,0,0.0,334066743.75
2025-07-31 09:23:47 AM,133.4,3450,460230.0,334526973.75
2025-07-31 09:23:47 AM,132.9,75,9967.5,334536941.25
2025-07-31 09:23:47 AM,132.85,0,0.0,334536941.25
2025-07-31 09:23:49 AM,133.0,0,0.0,334536941.25
2025-07-31 09:23:49 AM,133.0,3000,399000.0,334935941.25
2025-07-31 09:23:49 AM,133.25,150,19987.5,334955928.75
2025-07-31 09:23:49 AM,133.4,0,0.0,334955928.75
2025-07-31 09:23:49 AM,133.05,0,0.0,334955928.75
2025-07-31 09:23:50 AM,133.65,0,0.0,334955928.75
2025-07-31 09:23:50 AM,133.8,0,0.0,334955928.75
2025-07-31 09:23:50 AM,133.8,1800,240840.00000000003,335196768.75
2025-07-31 09:23:51 AM,133.3,0,0.0,335196768.75
2025-07-31 09:23:51 AM,133.4,0,0.0,335196768.75
2025-07-31 09:23:52 AM,132.55,1725,228648.75000000003,335425417.5
2025-07-31 09:23:52 AM,132.45,150,19867.5,335445285.0
2025-07-31 09:23:52 AM,132.1,0,0.0,335445285.0
2025-07-31 09:23:52 AM,132.7,0,0.0,335445285.0
2025-07-31 09:23:53 AM,132.15,0,0.0,335445285.0
2025-07-31 09:23:54 AM,132.15,2100,277515.0,335722800.0
2025-07-31 09:23:54 AM,132.0,225,29700.0,335752500.0
2025-07-31 09:23:54 AM,131.55,0,0.0,335752500.0
2025-07-31 09:23:55 AM,131.7,0,0.0,335752500.0
2025-07-31 09:23:55 AM,131.8,0,0.0,335752500.0
2025-07-31 09:23:55 AM,131.85,3900,514215.0,336266715.0
2025-07-31 09:23:56 AM,132.1,0,0.0,336266715.0
2025-07-31 09:23:57 AM,132.25,0,0.0,336266715.0
2025-07-31 09:23:57 AM,131.05,1425,186746.25000000003,336453461.25
2025-07-31 09:23:57 AM,131.35,1275,167471.25,336620932.5
2025-07-31 09:23:57 AM,130.55,0,0.0,336620932.5
2025-07-31 09:23:58 AM,130.8,0,0.0,336620932.5
2025-07-31 09:23:58 AM,130.85,0,0.0,336620932.5
2025-07-31 09:23:59 AM,130.75,6825,892368.75,337513301.25
2025-07-31 09:23:59 AM,131.1,75,9832.5,337523133.75
2025-07-31 09:23:59 AM,131.95,0,0.0,337523133.75
2025-07-31 09:24:00 AM,132.0,0,0.0,337523133.75
2025-07-31 09:24:00 AM,132.0,2700,356400.0,337879533.75
2025-07-31 09:24:01 AM,131.0,0,0.0,337879533.75
2025-07-31 09:24:02 AM,130.75,0,0.0,337879533.75
2025-07-31 09:24:02 AM,130.5,1950,254475.0,338134008.75
2025-07-31 09:24:02 AM,130.95,675,88391.24999999999,338222400.0
2025-07-31 09:24:02 AM,131.2,0,0.0,338222400.0
2025-07-31 09:24:03 AM,132.2,0,0.0,338222400.0
2025-07-31 09:24:04 AM,132.0,4350,574200.0,338796600.0
2025-07-31 09:24:04 AM,131.9,900,118710.0,338915310.0
2025-07-31 09:24:05 AM,130.85,0,0.0,338915310.0
2025-07-31 09:24:05 AM,131.2,0,0.0,338915310.0
2025-07-31 09:24:05 AM,131.2,675,88559.99999999999,339003870.0
2025-07-31 09:24:06 AM,131.05,0,0.0,339003870.0
2025-07-31 09:24:07 AM,131.2,16725,2194320.0,341198190.0
2025-07-31 09:24:07 AM,131.6,75,9870.0,341208060.0
2025-07-31 09:24:07 AM,131.1,0,0.0,341208060.0
2025-07-31 09:24:08 AM,131.5,0,0.0,341208060.0
2025-07-31 09:24:09 AM,131.15,0,0.0,341208060.0
2025-07-31 09:24:09 AM,131.15,2175,285251.25,341493311.25
2025-07-31 09:24:09 AM,131.4,225,29565.0,341522876.25
2025-07-31 09:24:09 AM,131.55,0,0.0,341522876.25
2025-07-31 09:24:10 AM,132.25,0,0.0,341522876.25
2025-07-31 09:24:10 AM,132.45,0,0.0,341522876.25
2025-07-31 09:24:10 AM,132.6,1725,228735.0,341751611.25
2025-07-31 09:24:11 AM,133.55,0,0.0,341751611.25
2025-07-31 09:24:12 AM,134.0,1650,221100.0,341972711.25
2025-07-31 09:24:13 AM,134.6,0,0.0,341972711.25
2025-07-31 09:24:13 AM,135.3,0,0.0,341972711.25
2025-07-31 09:24:13 AM,133.85,0,0.0,341972711.25
2025-07-31 09:24:14 AM,133.85,2475,331278.75,342303990.0
2025-07-31 09:24:14 AM,134.55,150,20182.5,342324172.5
2025-07-31 09:24:14 AM,133.85,0,0.0,342324172.5
2025-07-31 09:24:15 AM,134.15,0,0.0,342324172.5
2025-07-31 09:24:15 AM,134.15,3225,432633.75,342756806.25
2025-07-31 09:24:16 AM,133.9,0,0.0,342756806.25
2025-07-31 09:24:16 AM,133.25,0,0.0,342756806.25
2025-07-31 09:24:17 AM,133.25,1125,149906.25,342906712.5
2025-07-31 09:24:17 AM,133.4,0,0.0,342906712.5
2025-07-31 09:24:17 AM,133.55,0,0.0,342906712.5
2025-07-31 09:24:18 AM,132.65,0,0.0,342906712.5
2025-07-31 09:24:19 AM,132.25,7950,1051387.5,343958100.0
2025-07-31 09:24:19 AM,132.2,750,99149.99999999999,344057250.0
2025-07-31 09:24:19 AM,132.05,0,0.0,344057250.0
2025-07-31 09:24:20 AM,131.5,0,0.0,344057250.0
2025-07-31 09:24:20 AM,132.05,0,0.0,344057250.0
2025-07-31 09:24:20 AM,132.05,1500,198075.00000000003,344255325.0
2025-07-31 09:24:20 AM,131.7,300,39510.0,344294835.0
2025-07-31 09:24:21 AM,132.15,0,0.0,344294835.0
2025-07-31 09:24:21 AM,132.1,0,0.0,344294835.0
2025-07-31 09:24:22 AM,132.6,4200,556920.0,344851755.0
2025-07-31 09:24:22 AM,132.65,225,29846.25,344881601.25
2025-07-31 09:24:23 AM,133.4,0,0.0,344881601.25
2025-07-31 09:24:23 AM,133.05,0,0.0,344881601.25
2025-07-31 09:24:24 AM,132.45,3000,397349.99999999994,345278951.25
2025-07-31 09:24:24 AM,133.0,75,9975.0,345288926.25
2025-07-31 09:24:25 AM,132.4,0,0.0,345288926.25
2025-07-31 09:24:25 AM,132.35,0,0.0,345288926.25
2025-07-31 09:24:25 AM,132.35,1650,218377.5,345507303.75
2025-07-31 09:24:25 AM,132.5,225,29812.5,345537116.25
2025-07-31 09:24:26 AM,131.45,0,0.0,345537116.25
2025-07-31 09:24:27 AM,130.9,2925,382882.5,345919998.75
2025-07-31 09:24:27 AM,130.8,75,9810.0,345929808.75
2025-07-31 09:24:27 AM,130.2,0,0.0,345929808.75
2025-07-31 09:24:28 AM,129.75,0,0.0,345929808.75
2025-07-31 09:24:29 AM,129.0,0,0.0,345929808.75
2025-07-31 09:24:29 AM,129.0,7875,1015875.0,346945683.75
2025-07-31 09:24:29 AM,128.85,75,9663.75,346955347.5
2025-07-31 09:24:29 AM,129.2,0,0.0,346955347.5
2025-07-31 09:24:29 AM,129.35,0,0.0,346955347.5
2025-07-31 09:24:30 AM,128.7,0,0.0,346955347.5
2025-07-31 09:24:30 AM,129.05,2850,367792.50000000006,347323140.0
2025-07-31 09:24:31 AM,128.65,0,0.0,347323140.0
2025-07-31 09:24:31 AM,129.1,0,0.0,347323140.0
2025-07-31 09:24:32 AM,127.1,43350,5509785.0,352832925.0
2025-07-31 09:24:32 AM,126.9,225,28552.5,352861477.5
2025-07-31 09:24:32 AM,126.95,0,0.0,352861477.5
2025-07-31 09:24:32 AM,126.9,0,0.0,352861477.5
2025-07-31 09:24:33 AM,127.45,0,0.0,352861477.5
2025-07-31 09:24:34 AM,127.2,2775,352980.0,353214457.5
2025-07-31 09:24:34 AM,127.3,1275,162307.5,353376765.0
2025-07-31 09:24:35 AM,127.25,0,0.0,353376765.0
2025-07-31 09:24:35 AM,126.55,0,0.0,353376765.0
2025-07-31 09:24:35 AM,126.55,1425,180333.75,353557098.75
2025-07-31 09:24:36 AM,127.8,0,0.0,353557098.75
2025-07-31 09:24:36 AM,128.0,0,0.0,353557098.75
2025-07-31 09:24:37 AM,127.5,2100,267750.0,353824848.75
2025-07-31 09:24:37 AM,127.8,0,0.0,353824848.75
2025-07-31 09:24:38 AM,128.85,0,0.0,353824848.75
2025-07-31 09:24:39 AM,129.3,0,0.0,353824848.75
2025-07-31 09:24:39 AM,129.75,2025,262743.75,354087592.5
2025-07-31 09:24:39 AM,129.45,0,0.0,354087592.5
2025-07-31 09:24:40 AM,129.4,0,0.0,354087592.5
2025-07-31 09:24:40 AM,129.4,3000,388200.0,354475792.5
2025-07-31 09:24:41 AM,130.0,0,0.0,354475792.5
2025-07-31 09:24:41 AM,130.05,0,0.0,354475792.5
2025-07-31 09:24:42 AM,130.8,6000,784800.0000000001,355260592.5
2025-07-31 09:24:43 AM,130.45,0,0.0,355260592.5
2025-07-31 09:24:43 AM,130.85,0,0.0,355260592.5
2025-07-31 09:24:44 AM,130.5,2175,283837.5,355544430.0
2025-07-31 09:24:44 AM,130.4,900,117360.0,355661790.0
2025-07-31 09:24:44 AM,130.55,0,0.0,355661790.0
2025-07-31 09:24:45 AM,130.6,0,0.0,355661790.0
2025-07-31 09:24:45 AM,130.55,0,0.0,355661790.0
2025-07-31 09:24:45 AM,130.55,1350,176242.50000000003,355838032.5
2025-07-31 09:24:47 AM,130.85,1575,206088.75,356044121.25
2025-07-31 09:24:48 AM,131.45,0,0.0,356044121.25
2025-07-31 09:24:49 AM,131.85,10125,1334981.25,357379102.5
2025-07-31 09:24:49 AM,132.0,1050,138600.0,357517702.5
2025-07-31 09:24:49 AM,131.85,0,0.0,357517702.5
2025-07-31 09:24:49 AM,132.3,0,0.0,357517702.5
2025-07-31 09:24:50 AM,134.1,0,0.0,357517702.5
2025-07-31 09:24:50 AM,134.1,17100,2293110.0,359810812.5
2025-07-31 09:24:51 AM,135.0,0,0.0,359810812.5
2025-07-31 09:24:52 AM,134.55,1650,222007.50000000003,360032820.0
2025-07-31 09:24:52 AM,134.15,0,0.0,360032820.0
2025-07-31 09:24:52 AM,134.25,0,0.0,360032820.0
2025-07-31 09:24:53 AM,134.55,0,0.0,360032820.0
2025-07-31 09:24:54 AM,134.8,4875,657150.0,360689970.0
2025-07-31 09:24:55 AM,135.25,0,0.0,360689970.0
2025-07-31 09:24:55 AM,135.1,0,0.0,360689970.0
2025-07-31 09:24:55 AM,135.4,3975,538215.0,361228185.0
2025-07-31 09:24:56 AM,135.45,0,0.0,361228185.0
2025-07-31 09:24:57 AM,135.15,2400,324360.0,361552545.0
2025-07-31 09:24:57 AM,134.8,0,0.0,361552545.0
2025-07-31 09:24:58 AM,134.65,0,0.0,361552545.0
2025-07-31 09:24:58 AM,134.1,0,0.0,361552545.0
2025-07-31 09:24:59 AM,133.9,5175,692932.5,362245477.5
2025-07-31 09:24:59 AM,134.0,0,0.0,362245477.5
2025-07-31 09:25:00 AM,132.95,0,0.0,362245477.5
2025-07-31 09:25:00 AM,133.3,1875,249937.50000000003,362495415.0
2025-07-31 09:25:01 AM,133.15,0,0.0,362495415.0
2025-07-31 09:25:01 AM,132.0,0,0.0,362495415.0
2025-07-31 09:25:02 AM,132.85,2700,358695.0,362854110.0
2025-07-31 09:25:02 AM,133.9,0,0.0,362854110.0
2025-07-31 09:25:03 AM,133.15,0,0.0,362854110.0
2025-07-31 09:25:04 AM,133.2,1725,229769.99999999997,363083880.0
2025-07-31 09:25:04 AM,133.0,0,0.0,363083880.0
2025-07-31 09:25:05 AM,133.3,0,0.0,363083880.0
2025-07-31 09:25:05 AM,133.6,2625,350700.0,363434580.0
2025-07-31 09:25:06 AM,133.7,0,0.0,363434580.0
2025-07-31 09:25:06 AM,133.3,0,0.0,363434580.0
2025-07-31 09:25:06 AM,134.0,0,0.0,363434580.0
2025-07-31 09:25:07 AM,134.1,1275,170977.5,363605557.5
2025-07-31 09:25:07 AM,133.4,0,0.0,363605557.5
2025-07-31 09:25:08 AM,133.25,0,0.0,363605557.5
2025-07-31 09:25:08 AM,132.55,0,0.0,363605557.5
2025-07-31 09:25:09 AM,132.45,1350,178807.49999999997,363784365.0
2025-07-31 09:25:09 AM,131.55,1050,138127.5,363922492.5
2025-07-31 09:25:09 AM,132.45,0,0.0,363922492.5
2025-07-31 09:25:10 AM,133.4,0,0.0,363922492.5
2025-07-31 09:25:10 AM,133.1,0,0.0,363922492.5
2025-07-31 09:25:10 AM,133.1,2250,299475.0,364221967.5
2025-07-31 09:25:11 AM,132.4,0,0.0,364221967.5
2025-07-31 09:25:12 AM,132.25,675,89268.75,364311236.25
2025-07-31 09:25:13 AM,131.8,0,0.0,364311236.25
2025-07-31 09:25:14 AM,131.75,1125,148218.75,364459455.0
2025-07-31 09:25:14 AM,130.45,0,0.0,364459455.0
2025-07-31 09:25:14 AM,130.6,0,0.0,364459455.0
2025-07-31 09:25:15 AM,129.8,0,0.0,364459455.0
2025-07-31 09:25:15 AM,129.8,3825,496485.00000000006,364955940.0
2025-07-31 09:25:16 AM,129.85,0,0.0,364955940.0
2025-07-31 09:25:17 AM,129.2,3225,416669.99999999994,365372610.0
2025-07-31 09:25:18 AM,127.9,0,0.0,365372610.0
2025-07-31 09:25:19 AM,127.9,1875,239812.5,365612422.5
2025-07-31 09:25:19 AM,127.7,0,0.0,365612422.5
2025-07-31 09:25:20 AM,127.6,0,0.0,365612422.5
2025-07-31 09:25:20 AM,127.7,4875,622537.5,366234960.0
2025-07-31 09:25:21 AM,126.55,0,0.0,366234960.0
2025-07-31 09:25:22 AM,127.15,1350,171652.5,366406612.5
2025-07-31 09:25:23 AM,125.8,0,0.0,366406612.5
2025-07-31 09:25:23 AM,125.45,0,0.0,366406612.5
2025-07-31 09:25:24 AM,124.3,6675,829702.5,367236315.0
2025-07-31 09:25:24 AM,123.7,0,0.0,367236315.0
2025-07-31 09:25:24 AM,123.8,0,0.0,367236315.0
2025-07-31 09:25:25 AM,124.65,3675,458088.75,367694403.75
2025-07-31 09:25:25 AM,124.9,0,0.0,367694403.75
2025-07-31 09:25:26 AM,124.9,150,18735.0,367713138.75
2025-07-31 09:25:26 AM,124.55,0,0.0,367713138.75
2025-07-31 09:25:27 AM,125.75,6375,801656.25,368514795.0
2025-07-31 09:25:28 AM,126.0,0,0.0,368514795.0
2025-07-31 09:25:28 AM,126.8,0,0.0,368514795.0
2025-07-31 09:25:29 AM,126.55,4350,550492.5,369065287.5
2025-07-31 09:25:29 AM,126.05,0,0.0,369065287.5
2025-07-31 09:25:30 AM,125.7,0,0.0,369065287.5
2025-07-31 09:25:30 AM,125.7,4050,509085.0,369574372.5
2025-07-31 09:25:31 AM,125.6,150,18840.0,369593212.5
2025-07-31 09:25:31 AM,125.0,0,0.0,369593212.5
2025-07-31 09:25:31 AM,125.35,0,0.0,369593212.5
2025-07-31 09:25:32 AM,125.9,600,75540.0,369668752.5
2025-07-31 09:25:33 AM,125.35,0,0.0,369668752.5
2025-07-31 09:25:34 AM,125.2,5775,723030.0,370391782.5
2025-07-31 09:25:34 AM,125.45,675,84678.75,370476461.25
2025-07-31 09:25:34 AM,125.6,0,0.0,370476461.25
2025-07-31 09:25:34 AM,125.95,0,0.0,370476461.25
2025-07-31 09:25:35 AM,125.5,0,0.0,370476461.25
2025-07-31 09:25:35 AM,125.5,1050,131775.0,370608236.25
2025-07-31 09:25:35 AM,125.1,0,0.0,370608236.25
2025-07-31 09:25:36 AM,125.2,225,28170.0,370636406.25
2025-07-31 09:25:36 AM,124.55,0,0.0,370636406.25
2025-07-31 09:25:37 AM,124.75,2475,308756.25,370945162.5
2025-07-31 09:25:37 AM,124.0,75,9300.0,370954462.5
2025-07-31 09:25:37 AM,124.25,0,0.0,370954462.5
2025-07-31 09:25:37 AM,124.65,0,0.0,370954462.5
2025-07-31 09:25:38 AM,124.15,0,0.0,370954462.5
2025-07-31 09:25:38 AM,123.8,0,0.0,370954462.5
2025-07-31 09:25:39 AM,123.8,3000,371400.0,371325862.5
2025-07-31 09:25:39 AM,123.85,0,0.0,371325862.5
2025-07-31 09:25:40 AM,122.4,0,0.0,371325862.5
2025-07-31 09:25:40 AM,122.4,6375,780300.0,372106162.5
2025-07-31 09:25:40 AM,122.65,0,0.0,372106162.5
2025-07-31 09:25:41 AM,122.65,225,27596.25,372133758.75
2025-07-31 09:25:41 AM,122.7,0,0.0,372133758.75
2025-07-31 09:25:42 AM,122.45,0,0.0,372133758.75
2025-07-31 09:25:42 AM,122.3,3300,403590.0,372537348.75
2025-07-31 09:25:42 AM,122.35,0,0.0,372537348.75
2025-07-31 09:25:43 AM,122.1,0,0.0,372537348.75
2025-07-31 09:25:43 AM,123.35,0,0.0,372537348.75
2025-07-31 09:25:44 AM,123.35,2700,333045.0,372870393.75
2025-07-31 09:25:44 AM,123.2,0,0.0,372870393.75
2025-07-31 09:25:45 AM,122.8,0,0.0,372870393.75
2025-07-31 09:25:45 AM,122.8,3300,405240.0,373275633.75
2025-07-31 09:25:45 AM,123.0,0,0.0,373275633.75
2025-07-31 09:25:46 AM,123.0,75,9225.0,373284858.75
2025-07-31 09:25:46 AM,123.35,0,0.0,373284858.75
2025-07-31 09:25:47 AM,123.75,2025,250593.75,373535452.5
2025-07-31 09:25:48 AM,123.9,0,0.0,373535452.5
2025-07-31 09:25:49 AM,124.35,4575,568901.25,374104353.75
2025-07-31 09:25:49 AM,124.3,0,0.0,374104353.75
2025-07-31 09:25:49 AM,124.0,0,0.0,374104353.75
2025-07-31 09:25:50 AM,124.9,0,0.0,374104353.75
2025-07-31 09:25:50 AM,125.0,3825,478125.0,374582478.75
2025-07-31 09:25:51 AM,125.3,0,0.0,374582478.75
2025-07-31 09:25:51 AM,125.35,0,0.0,374582478.75
2025-07-31 09:25:52 AM,126.25,3375,426093.75,375008572.5
2025-07-31 09:25:52 AM,126.35,75,9476.25,375018048.75
2025-07-31 09:25:52 AM,126.75,0,0.0,375018048.75
2025-07-31 09:25:53 AM,126.25,0,0.0,375018048.75
2025-07-31 09:25:53 AM,125.85,0,0.0,375018048.75
2025-07-31 09:25:54 AM,126.2,1125,141975.0,375160023.75
2025-07-31 09:25:54 AM,126.75,0,0.0,375160023.75
2025-07-31 09:25:55 AM,126.9,0,0.0,375160023.75
2025-07-31 09:25:55 AM,126.9,2475,314077.5,375474101.25
2025-07-31 09:25:56 AM,126.2,0,0.0,375474101.25
2025-07-31 09:25:57 AM,125.95,675,85016.25,375559117.5
2025-07-31 09:25:57 AM,125.65,0,0.0,375559117.5
2025-07-31 09:25:58 AM,125.0,0,0.0,375559117.5
2025-07-31 09:25:59 AM,124.4,2025,251910.0,375811027.5
2025-07-31 09:25:59 AM,124.0,0,0.0,375811027.5
2025-07-31 09:26:00 AM,123.7,0,0.0,375811027.5
2025-07-31 09:26:00 AM,123.9,0,0.0,375811027.5
2025-07-31 09:26:00 AM,123.9,2250,278775.0,376089802.5
2025-07-31 09:26:00 AM,123.95,0,0.0,376089802.5
2025-07-31 09:26:01 AM,123.9,150,18585.0,376108387.5
2025-07-31 09:26:01 AM,124.1,0,0.0,376108387.5
2025-07-31 09:26:02 AM,124.0,900,111600.0,376219987.5
2025-07-31 09:26:02 AM,124.65,0,0.0,376219987.5
2025-07-31 09:26:02 AM,124.5,0,0.0,376219987.5
2025-07-31 09:26:03 AM,124.75,0,0.0,376219987.5
2025-07-31 09:26:04 AM,124.85,2025,252821.25,376472808.75
2025-07-31 09:26:04 AM,124.6,0,0.0,376472808.75
2025-07-31 09:26:04 AM,124.7,0,0.0,376472808.75
2025-07-31 09:26:05 AM,124.7,1425,177697.5,376650506.25
2025-07-31 09:26:06 AM,124.45,75,9333.75,376659840.0
2025-07-31 09:26:06 AM,124.4,0,0.0,376659840.0
2025-07-31 09:26:07 AM,124.8,1050,131040.0,376790880.0
2025-07-31 09:26:07 AM,124.85,0,0.0,376790880.0
2025-07-31 09:26:08 AM,125.0,0,0.0,376790880.0
2025-07-31 09:26:09 AM,124.6,825,102795.0,376893675.0
2025-07-31 09:26:09 AM,123.0,0,0.0,376893675.0
2025-07-31 09:26:10 AM,123.55,0,0.0,376893675.0
2025-07-31 09:26:10 AM,123.3,13425,1655302.5,378548977.5
2025-07-31 09:26:11 AM,123.9,2475,306652.5,378855630.0
2025-07-31 09:26:11 AM,123.75,0,0.0,378855630.0
2025-07-31 09:26:11 AM,123.35,0,0.0,378855630.0
2025-07-31 09:26:12 AM,123.15,1875,230906.25,379086536.25
2025-07-31 09:26:12 AM,123.05,0,0.0,379086536.25
2025-07-31 09:26:13 AM,123.0,0,0.0,379086536.25
2025-07-31 09:26:14 AM,122.45,0,0.0,379086536.25
2025-07-31 09:26:14 AM,122.05,1275,155613.75,379242150.0
2025-07-31 09:26:14 AM,121.9,825,100567.5,379342717.5
2025-07-31 09:26:14 AM,122.0,0,0.0,379342717.5
2025-07-31 09:26:15 AM,120.9,6375,770737.5,380113455.0
2025-07-31 09:26:16 AM,121.25,75,9093.75,380122548.75
2025-07-31 09:26:16 AM,122.0,0,0.0,380122548.75
2025-07-31 09:26:16 AM,122.45,0,0.0,380122548.75
2025-07-31 09:26:17 AM,122.45,450,55102.5,380177651.25
2025-07-31 09:26:17 AM,121.95,150,18292.5,380195943.75
2025-07-31 09:26:17 AM,122.35,0,0.0,380195943.75
2025-07-31 09:26:18 AM,122.8,0,0.0,380195943.75
2025-07-31 09:26:18 AM,122.6,0,0.0,380195943.75
2025-07-31 09:26:19 AM,122.45,1875,229593.75,380425537.5
2025-07-31 09:26:19 AM,122.3,375,45862.5,380471400.0
2025-07-31 09:26:19 AM,122.35,0,0.0,380471400.0
2025-07-31 09:26:19 AM,122.05,0,0.0,380471400.0
2025-07-31 09:26:20 AM,122.35,0,0.0,380471400.0
2025-07-31 09:26:20 AM,122.45,2400,293880.0,380765280.0
2025-07-31 09:26:21 AM,122.55,0,0.0,380765280.0
2025-07-31 09:26:22 AM,122.0,1425,173850.0,380939130.0
2025-07-31 09:26:22 AM,121.95,300,36585.0,380975715.0
2025-07-31 09:26:22 AM,121.45,0,0.0,380975715.0
2025-07-31 09:26:23 AM,121.55,0,0.0,380975715.0
2025-07-31 09:26:23 AM,121.65,0,0.0,380975715.0
2025-07-31 09:26:24 AM,121.65,2925,355826.25,381331541.25
2025-07-31 09:26:24 AM,121.95,75,9146.25,381340687.5
2025-07-31 09:26:24 AM,121.55,0,0.0,381340687.5
2025-07-31 09:26:25 AM,121.35,0,0.0,381340687.5
2025-07-31 09:26:25 AM,121.55,4950,601672.5,381942360.0
2025-07-31 09:26:26 AM,121.05,0,0.0,381942360.0
2025-07-31 09:26:26 AM,121.0,0,0.0,381942360.0
2025-07-31 09:26:27 AM,121.8,2325,283185.0,382225545.0
2025-07-31 09:26:27 AM,121.25,75,9093.75,382234638.75
2025-07-31 09:26:28 AM,122.0,0,0.0,382234638.75
2025-07-31 09:26:29 AM,122.05,1800,219690.0,382454328.75
2025-07-31 09:26:29 AM,121.65,0,0.0,382454328.75
2025-07-31 09:26:30 AM,122.3,2400,293520.0,382747848.75
2025-07-31 09:26:31 AM,123.0,75,9225.0,382757073.75
2025-07-31 09:26:31 AM,123.35,0,0.0,382757073.75
2025-07-31 09:26:31 AM,123.85,0,0.0,382757073.75
2025-07-31 09:26:32 AM,123.4,975,120315.0,382877388.75
2025-07-31 09:26:32 AM,122.95,0,0.0,382877388.75
2025-07-31 09:26:33 AM,122.75,0,0.0,382877388.75
2025-07-31 09:26:33 AM,123.05,0,0.0,382877388.75
2025-07-31 09:26:34 AM,123.95,1800,223110.0,383100498.75
2025-07-31 09:26:34 AM,124.05,525,65126.25,383165625.0
2025-07-31 09:26:34 AM,124.25,0,0.0,383165625.0
2025-07-31 09:26:35 AM,124.4,0,0.0,383165625.0
2025-07-31 09:26:35 AM,124.5,0,0.0,383165625.0
2025-07-31 09:26:35 AM,124.5,1350,168075.0,383333700.0
2025-07-31 09:26:36 AM,124.65,300,37395.0,383371095.0
2025-07-31 09:26:36 AM,124.85,0,0.0,383371095.0
2025-07-31 09:26:36 AM,125.0,0,0.0,383371095.0
2025-07-31 09:26:37 AM,125.0,600,75000.0,383446095.0
2025-07-31 09:26:37 AM,124.95,0,0.0,383446095.0
2025-07-31 09:26:38 AM,124.5,0,0.0,383446095.0
2025-07-31 09:26:38 AM,124.2,0,0.0,383446095.0
2025-07-31 09:26:39 AM,124.2,2775,344655.0,383790750.0
2025-07-31 09:26:39 AM,124.5,300,37350.0,383828100.0
2025-07-31 09:26:39 AM,124.85,0,0.0,383828100.0
2025-07-31 09:26:40 AM,125.35,0,0.0,383828100.0
2025-07-31 09:26:40 AM,125.35,975,122216.25,383950316.25
2025-07-31 09:26:41 AM,125.45,75,9408.75,383959725.0
2025-07-31 09:26:41 AM,126.0,0,0.0,383959725.0
2025-07-31 09:26:41 AM,125.75,0,0.0,383959725.0
2025-07-31 09:26:42 AM,126.25,1350,170437.5,384130162.5
2025-07-31 09:26:42 AM,126.4,0,0.0,384130162.5
2025-07-31 09:26:43 AM,127.8,0,0.0,384130162.5
2025-07-31 09:26:44 AM,127.4,1425,181545.0,384311707.5
2025-07-31 09:26:44 AM,128.4,0,0.0,384311707.5
2025-07-31 09:26:44 AM,128.2,0,0.0,384311707.5
2025-07-31 09:26:45 AM,129.0,0,0.0,384311707.5
2025-07-31 09:26:45 AM,129.5,2400,310800.0,384622507.5
2025-07-31 09:26:46 AM,129.0,75,9675.0,384632182.5
2025-07-31 09:26:46 AM,129.1,0,0.0,384632182.5
2025-07-31 09:26:47 AM,129.0,1875,241875.0,384874057.5
2025-07-31 09:26:47 AM,129.2,0,0.0,384874057.5
2025-07-31 09:26:48 AM,129.3,0,0.0,384874057.5
2025-07-31 09:26:48 AM,129.45,0,0.0,384874057.5
2025-07-31 09:26:49 AM,129.6,2025,262440.0,385136497.5
2025-07-31 09:26:49 AM,130.1,0,0.0,385136497.5
2025-07-31 09:26:49 AM,130.3,0,0.0,385136497.5
2025-07-31 09:26:50 AM,130.4,0,0.0,385136497.5
2025-07-31 09:26:50 AM,130.4,4725,616140.0,385752637.5
2025-07-31 09:26:51 AM,131.1,150,19665.0,385772302.5
2025-07-31 09:26:51 AM,131.05,0,0.0,385772302.5
2025-07-31 09:26:52 AM,130.8,0,0.0,385772302.5
2025-07-31 09:26:52 AM,130.85,2625,343481.25,386115783.75
2025-07-31 09:26:52 AM,130.35,525,68433.75,386184217.5
2025-07-31 09:26:52 AM,130.9,0,0.0,386184217.5
2025-07-31 09:26:53 AM,130.0,0,0.0,386184217.5
2025-07-31 09:26:53 AM,129.65,0,0.0,386184217.5
2025-07-31 09:26:54 AM,129.6,1500,194400.0,386378617.5
2025-07-31 09:26:54 AM,129.95,0,0.0,386378617.5
2025-07-31 09:26:54 AM,129.8,0,0.0,386378617.5
2025-07-31 09:26:55 AM,129.35,0,0.0,386378617.5
2025-07-31 09:26:55 AM,129.35,3975,514166.25,386892783.75
2025-07-31 09:26:56 AM,130.8,0,0.0,386892783.75
2025-07-31 09:26:56 AM,131.0,0,0.0,386892783.75
2025-07-31 09:26:57 AM,130.15,7875,1024931.25,387917715.0
2025-07-31 09:26:58 AM,131.25,0,0.0,387917715.0
2025-07-31 09:26:59 AM,130.85,2700,353295.0,388271010.0
2025-07-31 09:26:59 AM,131.45,0,0.0,388271010.0
2025-07-31 09:26:59 AM,132.0,0,0.0,388271010.0
2025-07-31 09:27:00 AM,132.8,0,0.0,388271010.0
2025-07-31 09:27:00 AM,132.4,0,0.0,388271010.0
2025-07-31 09:27:01 AM,132.4,2400,317760.0,388588770.0
2025-07-31 09:27:01 AM,132.15,825,109023.75,388697793.75
2025-07-31 09:27:01 AM,132.2,0,0.0,388697793.75
2025-07-31 09:27:02 AM,132.15,2250,297337.5,388995131.25
2025-07-31 09:27:02 AM,131.85,225,29666.25,389024797.5
2025-07-31 09:27:03 AM,131.5,0,0.0,389024797.5
2025-07-31 09:27:03 AM,131.1,0,0.0,389024797.5
2025-07-31 09:27:04 AM,130.85,2100,274785.0,389299582.5
2025-07-31 09:27:04 AM,130.2,0,0.0,389299582.5
2025-07-31 09:27:05 AM,130.25,0,0.0,389299582.5
2025-07-31 09:27:05 AM,130.75,0,0.0,389299582.5
2025-07-31 09:27:06 AM,130.75,1650,215737.5,389515320.0
2025-07-31 09:27:06 AM,130.7,75,9802.5,389525122.5
2025-07-31 09:27:06 AM,131.85,0,0.0,389525122.5
2025-07-31 09:27:07 AM,132.6,1350,179010.0,389704132.5
2025-07-31 09:27:07 AM,132.65,150,19897.5,389724030.0
2025-07-31 09:27:07 AM,132.4,0,0.0,389724030.0
2025-07-31 09:27:08 AM,133.0,0,0.0,389724030.0
2025-07-31 09:27:09 AM,133.85,0,0.0,389724030.0
2025-07-31 09:27:09 AM,133.7,1425,190522.49999999997,389914552.5
2025-07-31 09:27:09 AM,134.0,75,10050.0,389924602.5
2025-07-31 09:27:09 AM,133.4,0,0.0,389924602.5
2025-07-31 09:27:10 AM,133.7,0,0.0,389924602.5
2025-07-31 09:27:10 AM,134.15,0,0.0,389924602.5
2025-07-31 09:27:11 AM,134.15,2100,281715.0,390206317.5
2025-07-31 09:27:11 AM,133.55,300,40065.0,390246382.5
2025-07-31 09:27:11 AM,133.8,0,0.0,390246382.5
2025-07-31 09:27:11 AM,134.25,0,0.0,390246382.5
2025-07-31 09:27:12 AM,134.5,2775,373237.5,390619620.0
2025-07-31 09:27:12 AM,134.4,0,0.0,390619620.0
2025-07-31 09:27:13 AM,134.15,0,0.0,390619620.0
2025-07-31 09:27:14 AM,134.2,3600,483119.99999999994,391102740.0
2025-07-31 09:27:14 AM,134.5,75,10087.5,391112827.5
2025-07-31 09:27:14 AM,134.7,0,0.0,391112827.5
2025-07-31 09:27:15 AM,133.4,0,0.0,391112827.5
2025-07-31 09:27:16 AM,133.95,2250,301387.5,391414215.0
2025-07-31 09:27:16 AM,133.7,75,10027.5,391424242.5
2025-07-31 09:27:16 AM,133.85,0,0.0,391424242.5
2025-07-31 09:27:16 AM,134.5,0,0.0,391424242.5
2025-07-31 09:27:16 AM,133.95,0,0.0,391424242.5
2025-07-31 09:27:17 AM,133.85,1650,220852.5,391645095.0
2025-07-31 09:27:18 AM,133.0,0,0.0,391645095.0
2025-07-31 09:27:18 AM,133.1,0,0.0,391645095.0
2025-07-31 09:27:19 AM,133.3,2700,359910.00000000006,392005005.0
2025-07-31 09:27:19 AM,133.4,0,0.0,392005005.0
2025-07-31 09:27:20 AM,134.1,0,0.0,392005005.0
2025-07-31 09:27:20 AM,134.0,0,0.0,392005005.0
2025-07-31 09:27:21 AM,134.0,1725,231150.0,392236155.0
2025-07-31 09:27:21 AM,134.1,75,10057.5,392246212.5
2025-07-31 09:27:22 AM,133.85,3300,441705.0,392687917.5
2025-07-31 09:27:22 AM,133.85,1950,261007.5,392948925.0
2025-07-31 09:27:22 AM,133.75,0,0.0,392948925.0
2025-07-31 09:27:23 AM,133.85,0,0.0,392948925.0
2025-07-31 09:27:23 AM,134.0,0,0.0,392948925.0
2025-07-31 09:27:23 AM,134.45,0,0.0,392948925.0
2025-07-31 09:27:24 AM,134.1,1875,251437.5,393200362.5
2025-07-31 09:27:24 AM,133.45,75,10008.75,393210371.25
2025-07-31 09:27:24 AM,133.75,0,0.0,393210371.25
2025-07-31 09:27:24 AM,134.95,0,0.0,393210371.25
2025-07-31 09:27:25 AM,134.1,0,0.0,393210371.25
2025-07-31 09:27:26 AM,134.85,4800,647280.0,393857651.25
2025-07-31 09:27:26 AM,134.65,75,10098.75,393867750.0
2025-07-31 09:27:26 AM,134.95,0,0.0,393867750.0
2025-07-31 09:27:26 AM,135.3,0,0.0,393867750.0
2025-07-31 09:27:27 AM,134.55,4950,666022.5,394533772.5
2025-07-31 09:27:27 AM,135.15,150,20272.5,394554045.0
2025-07-31 09:27:28 AM,135.85,0,0.0,394554045.0
2025-07-31 09:27:28 AM,135.5,0,0.0,394554045.0
2025-07-31 09:27:29 AM,135.7,7050,956684.9999999999,395510730.0
2025-07-31 09:27:29 AM,135.85,0,0.0,395510730.0
2025-07-31 09:27:30 AM,135.4,0,0.0,395510730.0
2025-07-31 09:27:30 AM,134.9,0,0.0,395510730.0
2025-07-31 09:27:31 AM,135.1,2325,314107.5,395824837.5
2025-07-31 09:27:31 AM,135.85,0,0.0,395824837.5
2025-07-31 09:27:31 AM,136.25,0,0.0,395824837.5
2025-07-31 09:27:32 AM,136.0,1950,265200.0,396090037.5
2025-07-31 09:27:32 AM,135.8,0,0.0,396090037.5
2025-07-31 09:27:33 AM,135.75,0,0.0,396090037.5
2025-07-31 09:27:33 AM,135.25,0,0.0,396090037.5
2025-07-31 09:27:33 AM,134.85,0,0.0,396090037.5
2025-07-31 09:27:34 AM,135.05,2025,273476.25,396363513.75
2025-07-31 09:27:34 AM,134.7,0,0.0,396363513.75
2025-07-31 09:27:35 AM,134.65,0,0.0,396363513.75
2025-07-31 09:27:35 AM,133.45,0,0.0,396363513.75
2025-07-31 09:27:35 AM,133.75,0,0.0,396363513.75
2025-07-31 09:27:36 AM,133.75,7725,1033218.75,397396732.5
2025-07-31 09:27:36 AM,133.95,750,100462.49999999999,397497195.0
2025-07-31 09:27:36 AM,134.0,0,0.0,397497195.0
2025-07-31 09:27:36 AM,133.85,0,0.0,397497195.0
2025-07-31 09:27:37 AM,133.6,1800,240480.0,397737675.0
2025-07-31 09:27:37 AM,133.45,825,110096.24999999999,397847771.25
2025-07-31 09:27:37 AM,133.75,0,0.0,397847771.25
2025-07-31 09:27:37 AM,133.7,0,0.0,397847771.25
2025-07-31 09:27:38 AM,133.0,0,0.0,397847771.25
2025-07-31 09:27:38 AM,132.95,0,0.0,397847771.25
2025-07-31 09:27:39 AM,133.05,2475,329298.75,398177070.0
2025-07-31 09:27:39 AM,132.6,0,0.0,398177070.0
2025-07-31 09:27:40 AM,132.0,0,0.0,398177070.0
2025-07-31 09:27:40 AM,130.95,0,0.0,398177070.0
2025-07-31 09:27:41 AM,131.0,5700,746700.0,398923770.0
2025-07-31 09:27:42 AM,130.75,0,0.0,398923770.0
2025-07-31 09:27:42 AM,130.3,5175,674302.5000000001,399598072.5
2025-07-31 09:27:43 AM,130.25,0,0.0,399598072.5
2025-07-31 09:27:43 AM,130.4,0,0.0,399598072.5
2025-07-31 09:27:44 AM,130.0,0,0.0,399598072.5
2025-07-31 09:27:44 AM,130.15,1125,146418.75,399744491.25
2025-07-31 09:27:44 AM,129.85,150,19477.5,399763968.75
2025-07-31 09:27:44 AM,130.55,0,0.0,399763968.75
2025-07-31 09:27:45 AM,131.25,0,0.0,399763968.75
2025-07-31 09:27:45 AM,131.4,0,0.0,399763968.75
2025-07-31 09:27:46 AM,131.4,3300,433620.0,400197588.75
2025-07-31 09:27:46 AM,131.55,75,9866.25,400207455.0
2025-07-31 09:27:46 AM,131.85,0,0.0,400207455.0
2025-07-31 09:27:47 AM,131.8,0,0.0,400207455.0
2025-07-31 09:27:47 AM,131.95,3375,445331.24999999994,400652786.25
2025-07-31 09:27:47 AM,131.8,75,9885.0,400662671.25
2025-07-31 09:27:48 AM,131.65,0,0.0,400662671.25
2025-07-31 09:27:48 AM,131.55,0,0.0,400662671.25
2025-07-31 09:27:48 AM,131.85,0,0.0,400662671.25
2025-07-31 09:27:49 AM,131.9,1200,158280.0,400820951.25
2025-07-31 09:27:50 AM,133.1,0,0.0,400820951.25
2025-07-31 09:27:50 AM,133.2,0,0.0,400820951.25
2025-07-31 09:27:50 AM,133.3,0,0.0,400820951.25
2025-07-31 09:27:50 AM,133.15,0,0.0,400820951.25
2025-07-31 09:27:51 AM,133.15,5700,758955.0,401579906.25
2025-07-31 09:27:51 AM,133.55,0,0.0,401579906.25
2025-07-31 09:27:52 AM,133.15,0,0.0,401579906.25
2025-07-31 09:27:52 AM,134.1,5100,683910.0,402263816.25
2025-07-31 09:27:53 AM,134.15,0,0.0,402263816.25
2025-07-31 09:27:53 AM,134.4,0,0.0,402263816.25
2025-07-31 09:27:53 AM,134.25,0,0.0,402263816.25
2025-07-31 09:27:54 AM,134.25,600,80550.0,402344366.25
2025-07-31 09:27:54 AM,134.1,75,10057.5,402354423.75
2025-07-31 09:27:54 AM,133.95,0,0.0,402354423.75
2025-07-31 09:27:55 AM,134.3,0,0.0,402354423.75
2025-07-31 09:27:55 AM,133.5,0,0.0,402354423.75
2025-07-31 09:27:56 AM,133.5,1125,150187.5,402504611.25
2025-07-31 09:27:56 AM,134.2,0,0.0,402504611.25
2025-07-31 09:27:57 AM,133.75,750,100312.5,402604923.75
2025-07-31 09:27:58 AM,132.95,0,0.0,402604923.75
2025-07-31 09:27:59 AM,133.4,0,0.0,402604923.75
2025-07-31 09:27:59 AM,133.4,6525,870435.0,403475358.75
2025-07-31 09:27:59 AM,133.5,0,0.0,403475358.75
2025-07-31 09:28:00 AM,133.25,0,0.0,403475358.75
2025-07-31 09:28:01 AM,133.75,4800,642000.0,404117358.75
2025-07-31 09:28:01 AM,133.75,675,90281.25,404207640.0
2025-07-31 09:28:01 AM,133.05,0,0.0,404207640.0
2025-07-31 09:28:02 AM,133.3,2475,329917.5,404537557.5
2025-07-31 09:28:02 AM,133.25,225,29981.25,404567538.75
2025-07-31 09:28:03 AM,133.1,0,0.0,404567538.75
2025-07-31 09:28:03 AM,133.0,0,0.0,404567538.75
2025-07-31 09:28:04 AM,132.9,0,0.0,404567538.75
2025-07-31 09:28:04 AM,133.05,2475,329298.75,404896837.5
2025-07-31 09:28:04 AM,133.1,75,9982.5,404906820.0
2025-07-31 09:28:04 AM,132.0,0,0.0,404906820.0
2025-07-31 09:28:05 AM,132.15,0,0.0,404906820.0
2025-07-31 09:28:05 AM,131.8,0,0.0,404906820.0
