date,price,qty,trnvr,cum_trnvr
2025-07-31 09:15:00 AM,219.2,450,98640.0,98640.0
2025-07-31 09:15:01 AM,265.35,0,0.0,98640.0
2025-07-31 09:15:02 AM,292.25,2025,591806.25,690446.25
2025-07-31 09:15:02 AM,317.05,150,47557.5,738003.75
2025-07-31 09:15:02 AM,302.95,0,0.0,738003.75
2025-07-31 09:15:03 AM,310.35,450,139657.5,877661.25
2025-07-31 09:15:03 AM,315.95,0,0.0,877661.25
2025-07-31 09:15:04 AM,313.85,0,0.0,877661.25
2025-07-31 09:15:05 AM,307.85,2475,761928.75,1639590.0
2025-07-31 09:15:05 AM,311.95,75,23396.25,1662986.25
2025-07-31 09:15:05 AM,318.5,0,0.0,1662986.25
2025-07-31 09:15:06 AM,307.4,0,0.0,1662986.25
2025-07-31 09:15:06 AM,306.95,2400,736680.0,2399666.25
2025-07-31 09:15:07 AM,310.8,0,0.0,2399666.25
2025-07-31 09:15:08 AM,313.85,225,70616.25,2470282.5
2025-07-31 09:15:09 AM,315.9,0,0.0,2470282.5
2025-07-31 09:15:10 AM,315.9,300,94770.0,2565052.5
2025-07-31 09:15:10 AM,308.8,75,23160.0,2588212.5
2025-07-31 09:15:10 AM,309.85,0,0.0,2588212.5
2025-07-31 09:15:11 AM,298.75,0,0.0,2588212.5
2025-07-31 09:15:11 AM,298.75,1275,380906.25,2969118.75
2025-07-31 09:15:11 AM,297.05,0,0.0,2969118.75
2025-07-31 09:15:12 AM,292.1,0,0.0,2969118.75
2025-07-31 09:15:12 AM,297.0,0,0.0,2969118.75
2025-07-31 09:15:13 AM,293.15,0,0.0,2969118.75
2025-07-31 09:15:13 AM,297.45,2775,825423.75,3794542.5
2025-07-31 09:15:13 AM,295.75,75,22181.25,3816723.75
2025-07-31 09:15:14 AM,298.6,0,0.0,3816723.75
2025-07-31 09:15:15 AM,294.4,0,0.0,3816723.75
2025-07-31 09:15:15 AM,294.4,150,44160.0,3860883.75
2025-07-31 09:15:15 AM,292.6,75,21945.0,3882828.75
2025-07-31 09:15:16 AM,297.95,0,0.0,3882828.75
2025-07-31 09:15:16 AM,300.45,0,0.0,3882828.75
2025-07-31 09:15:16 AM,301.45,375,113043.75,3995872.5
2025-07-31 09:15:18 AM,299.65,0,0.0,3995872.5
2025-07-31 09:15:18 AM,297.15,1125,334293.75,4330166.25
2025-07-31 09:15:19 AM,299.75,0,0.0,4330166.25
2025-07-31 09:15:19 AM,296.75,0,0.0,4330166.25
2025-07-31 09:15:19 AM,296.2,1575,466515.0,4796681.25
2025-07-31 09:15:20 AM,297.8,75,22335.0,4819016.25
2025-07-31 09:15:20 AM,296.8,0,0.0,4819016.25
2025-07-31 09:15:21 AM,296.25,2550,755437.5,5574453.75
2025-07-31 09:15:21 AM,294.85,0,0.0,5574453.75
2025-07-31 09:15:23 AM,296.85,0,0.0,5574453.75
2025-07-31 09:15:23 AM,296.85,2850,846022.5000000001,6420476.25
2025-07-31 09:15:23 AM,295.8,0,0.0,6420476.25
2025-07-31 09:15:23 AM,296.15,0,0.0,6420476.25
2025-07-31 09:15:24 AM,295.6,0,0.0,6420476.25
2025-07-31 09:15:24 AM,293.5,1500,440250.0,6860726.25
2025-07-31 09:15:25 AM,294.45,0,0.0,6860726.25
2025-07-31 09:15:25 AM,296.65,0,0.0,6860726.25
2025-07-31 09:15:26 AM,295.4,6225,1838864.9999999998,8699591.25
2025-07-31 09:15:26 AM,295.8,1200,354960.0,9054551.25
2025-07-31 09:15:26 AM,294.95,0,0.0,9054551.25
2025-07-31 09:15:27 AM,295.8,0,0.0,9054551.25
2025-07-31 09:15:28 AM,296.9,0,0.0,9054551.25
2025-07-31 09:15:28 AM,295.75,1725,510168.75,9564720.0
2025-07-31 09:15:28 AM,294.5,0,0.0,9564720.0
2025-07-31 09:15:28 AM,295.6,0,0.0,9564720.0
2025-07-31 09:15:29 AM,295.35,0,0.0,9564720.0
2025-07-31 09:15:29 AM,295.35,600,177210.0,9741930.0
2025-07-31 09:15:30 AM,295.2,0,0.0,9741930.0
2025-07-31 09:15:31 AM,296.55,750,222412.5,9964342.5
2025-07-31 09:15:31 AM,297.0,75,22275.0,9986617.5
2025-07-31 09:15:31 AM,296.2,0,0.0,9986617.5
2025-07-31 09:15:32 AM,296.35,0,0.0,9986617.5
2025-07-31 09:15:33 AM,297.8,3150,938070.0,10924687.5
2025-07-31 09:15:33 AM,302.0,0,0.0,10924687.5
2025-07-31 09:15:34 AM,303.15,0,0.0,10924687.5
2025-07-31 09:15:34 AM,301.85,3525,1064021.25,11988708.75
2025-07-31 09:15:35 AM,300.6,0,0.0,11988708.75
2025-07-31 09:15:35 AM,300.85,0,0.0,11988708.75
2025-07-31 09:15:36 AM,302.5,0,0.0,11988708.75
2025-07-31 09:15:36 AM,301.1,2175,654892.5,12643601.25
2025-07-31 09:15:36 AM,300.25,0,0.0,12643601.25
2025-07-31 09:15:37 AM,301.25,0,0.0,12643601.25
2025-07-31 09:15:37 AM,300.45,1575,473208.75,13116810.0
2025-07-31 09:15:38 AM,300.35,0,0.0,13116810.0
2025-07-31 09:15:38 AM,300.5,0,0.0,13116810.0
2025-07-31 09:15:38 AM,301.65,0,0.0,13116810.0
2025-07-31 09:15:39 AM,300.7,2625,789337.5,13906147.5
2025-07-31 09:15:40 AM,300.55,0,0.0,13906147.5
2025-07-31 09:15:40 AM,301.05,0,0.0,13906147.5
2025-07-31 09:15:40 AM,303.0,0,0.0,13906147.5
2025-07-31 09:15:41 AM,303.05,3300,1000065.0,14906212.5
2025-07-31 09:15:41 AM,302.65,0,0.0,14906212.5
2025-07-31 09:15:42 AM,301.4,0,0.0,14906212.5
2025-07-31 09:15:42 AM,302.65,825,249686.24999999997,15155898.75
2025-07-31 09:15:43 AM,301.9,0,0.0,15155898.75
2025-07-31 09:15:43 AM,302.25,0,0.0,15155898.75
2025-07-31 09:15:44 AM,303.0,525,159075.0,15314973.75
2025-07-31 09:15:44 AM,303.4,0,0.0,15314973.75
2025-07-31 09:15:45 AM,302.45,0,0.0,15314973.75
2025-07-31 09:15:45 AM,302.75,0,0.0,15314973.75
2025-07-31 09:15:46 AM,303.4,1275,386835.0,15701808.75
2025-07-31 09:15:46 AM,302.9,0,0.0,15701808.75
2025-07-31 09:15:47 AM,302.75,0,0.0,15701808.75
2025-07-31 09:15:47 AM,303.6,0,0.0,15701808.75
2025-07-31 09:15:47 AM,303.6,900,273240.0,15975048.75
2025-07-31 09:15:47 AM,303.05,75,22728.75,15997777.5
2025-07-31 09:15:48 AM,300.45,0,0.0,15997777.5
2025-07-31 09:15:49 AM,299.9,0,0.0,15997777.5
2025-07-31 09:15:49 AM,299.9,975,292402.5,16290180.0
2025-07-31 09:15:49 AM,298.6,0,0.0,16290180.0
2025-07-31 09:15:50 AM,299.1,375,112162.50000000001,16402342.5
2025-07-31 09:15:51 AM,299.4,0,0.0,16402342.5
2025-07-31 09:15:51 AM,301.8,0,0.0,16402342.5
2025-07-31 09:15:52 AM,301.35,0,0.0,16402342.5
2025-07-31 09:15:52 AM,301.35,2400,723240.0,17125582.5
2025-07-31 09:15:52 AM,300.15,0,0.0,17125582.5
2025-07-31 09:15:54 AM,297.25,0,0.0,17125582.5
2025-07-31 09:15:54 AM,297.25,225,66881.25,17192463.75
2025-07-31 09:15:54 AM,297.0,75,22275.0,17214738.75
2025-07-31 09:15:54 AM,296.75,0,0.0,17214738.75
2025-07-31 09:15:55 AM,297.85,0,0.0,17214738.75
2025-07-31 09:15:55 AM,297.85,2175,647823.75,17862562.5
2025-07-31 09:15:56 AM,295.9,0,0.0,17862562.5
2025-07-31 09:15:57 AM,296.8,0,0.0,17862562.5
2025-07-31 09:15:57 AM,299.0,450,134550.0,17997112.5
2025-07-31 09:15:57 AM,298.8,0,0.0,17997112.5
2025-07-31 09:15:58 AM,300.0,0,0.0,17997112.5
2025-07-31 09:15:58 AM,300.0,450,135000.0,18132112.5
2025-07-31 09:15:59 AM,300.15,0,0.0,18132112.5
2025-07-31 09:15:59 AM,300.9,0,0.0,18132112.5
2025-07-31 09:15:59 AM,301.1,0,0.0,18132112.5
2025-07-31 09:16:00 AM,302.25,1275,385368.75,18517481.25
2025-07-31 09:16:00 AM,303.9,0,0.0,18517481.25
2025-07-31 09:16:00 AM,303.95,0,0.0,18517481.25
2025-07-31 09:16:01 AM,304.5,0,0.0,18517481.25
2025-07-31 09:16:02 AM,304.05,0,0.0,18517481.25
2025-07-31 09:16:02 AM,304.05,825,250841.25,18768322.5
2025-07-31 09:16:02 AM,304.8,0,0.0,18768322.5
2025-07-31 09:16:03 AM,304.4,0,0.0,18768322.5
2025-07-31 09:16:03 AM,304.4,450,136980.0,18905302.5
2025-07-31 09:16:05 AM,308.7,0,0.0,18905302.5
2025-07-31 09:16:06 AM,311.85,0,0.0,18905302.5
2025-07-31 09:16:06 AM,311.85,525,163721.25,19069023.75
2025-07-31 09:16:06 AM,313.4,75,23505.0,19092528.75
2025-07-31 09:16:07 AM,312.3,0,0.0,19092528.75
2025-07-31 09:16:08 AM,314.8,0,0.0,19092528.75
2025-07-31 09:16:08 AM,314.7,450,141615.0,19234143.75
2025-07-31 09:16:08 AM,315.0,0,0.0,19234143.75
2025-07-31 09:16:10 AM,316.85,0,0.0,19234143.75
2025-07-31 09:16:10 AM,316.85,150,47527.5,19281671.25
2025-07-31 09:16:11 AM,316.5,0,0.0,19281671.25
2025-07-31 09:16:11 AM,316.55,300,94965.0,19376636.25
2025-07-31 09:16:15 AM,319.55,0,0.0,19376636.25
2025-07-31 09:16:16 AM,317.55,0,0.0,19376636.25
2025-07-31 09:16:16 AM,319.7,0,0.0,19376636.25
2025-07-31 09:16:16 AM,319.7,450,143865.0,19520501.25
2025-07-31 09:16:17 AM,319.0,0,0.0,19520501.25
2025-07-31 09:16:18 AM,319.3,300,95790.0,19616291.25
2025-07-31 09:16:18 AM,319.2,0,0.0,19616291.25
2025-07-31 09:16:19 AM,318.2,0,0.0,19616291.25
2025-07-31 09:16:19 AM,318.2,225,71595.0,19687886.25
2025-07-31 09:16:20 AM,317.5,0,0.0,19687886.25
2025-07-31 09:16:21 AM,319.0,0,0.0,19687886.25
2025-07-31 09:16:21 AM,319.3,1650,526845.0,20214731.25
2025-07-31 09:16:21 AM,320.4,0,0.0,20214731.25
2025-07-31 09:16:22 AM,323.45,0,0.0,20214731.25
2025-07-31 09:16:22 AM,323.45,375,121293.75,20336025.0
2025-07-31 09:16:29 AM,321.5,0,0.0,20336025.0
2025-07-31 09:16:29 AM,321.5,3825,1229737.5,21565762.5
2025-07-31 09:16:31 AM,322.5,0,0.0,21565762.5
2025-07-31 09:16:32 AM,321.0,0,0.0,21565762.5
2025-07-31 09:16:32 AM,321.0,450,144450.0,21710212.5
2025-07-31 09:16:32 AM,320.0,225,72000.0,21782212.5
2025-07-31 09:16:32 AM,318.75,0,0.0,21782212.5
2025-07-31 09:16:33 AM,315.65,0,0.0,21782212.5
2025-07-31 09:16:33 AM,313.55,0,0.0,21782212.5
2025-07-31 09:16:34 AM,313.55,3525,1105263.75,22887476.25
2025-07-31 09:16:34 AM,312.2,450,140490.0,23027966.25
2025-07-31 09:16:34 AM,314.55,0,0.0,23027966.25
2025-07-31 09:16:34 AM,316.8,0,0.0,23027966.25
2025-07-31 09:16:35 AM,320.35,0,0.0,23027966.25
2025-07-31 09:16:35 AM,320.35,825,264288.75,23292255.0
2025-07-31 09:16:36 AM,320.75,0,0.0,23292255.0
2025-07-31 09:16:37 AM,322.55,150,48382.5,23340637.5
2025-07-31 09:16:38 AM,322.05,0,0.0,23340637.5
2025-07-31 09:16:38 AM,322.05,75,24153.75,23364791.25
2025-07-31 09:16:40 AM,319.0,0,0.0,23364791.25
2025-07-31 09:16:41 AM,319.0,75,23925.0,23388716.25
2025-07-31 09:16:44 AM,319.2,0,0.0,23388716.25
2025-07-31 09:16:44 AM,317.95,0,0.0,23388716.25
2025-07-31 09:16:45 AM,317.95,750,238462.5,23627178.75
2025-07-31 09:16:47 AM,320.2,0,0.0,23627178.75
2025-07-31 09:16:48 AM,320.2,75,24015.0,23651193.75
2025-07-31 09:16:48 AM,323.45,0,0.0,23651193.75
2025-07-31 09:16:49 AM,323.45,225,72776.25,23723970.0
2025-07-31 09:16:54 AM,323.35,1350,436522.50000000006,24160492.5
2025-07-31 09:16:54 AM,323.55,225,72798.75,24233291.25
2025-07-31 09:16:56 AM,325.0,0,0.0,24233291.25
2025-07-31 09:16:56 AM,325.0,75,24375.0,24257666.25
2025-07-31 09:16:57 AM,325.4,0,0.0,24257666.25
2025-07-31 09:16:57 AM,325.4,75,24405.0,24282071.25
2025-07-31 09:17:00 AM,325.0,0,0.0,24282071.25
2025-07-31 09:17:00 AM,326.0,0,0.0,24282071.25
2025-07-31 09:17:00 AM,326.0,4950,1613700.0,25895771.25
2025-07-31 09:17:01 AM,325.15,0,0.0,25895771.25
2025-07-31 09:17:02 AM,325.15,600,195090.0,26090861.25
2025-07-31 09:17:04 AM,325.9,0,0.0,26090861.25
2025-07-31 09:17:05 AM,325.9,750,244424.99999999997,26335286.25
2025-07-31 09:17:06 AM,326.95,0,0.0,26335286.25
2025-07-31 09:17:06 AM,327.05,0,0.0,26335286.25
2025-07-31 09:17:07 AM,329.0,0,0.0,26335286.25
2025-07-31 09:17:07 AM,329.0,375,123375.0,26458661.25
2025-07-31 09:17:08 AM,329.8,0,0.0,26458661.25
2025-07-31 09:17:09 AM,329.8,150,49470.0,26508131.25
2025-07-31 09:17:10 AM,330.75,0,0.0,26508131.25
2025-07-31 09:17:10 AM,330.55,0,0.0,26508131.25
2025-07-31 09:17:10 AM,330.55,675,223121.25,26731252.5
2025-07-31 09:17:10 AM,333.3,300,99990.0,26831242.5
2025-07-31 09:17:11 AM,329.25,0,0.0,26831242.5
2025-07-31 09:17:12 AM,330.45,0,0.0,26831242.5
2025-07-31 09:17:12 AM,330.45,1875,619593.75,27450836.25
2025-07-31 09:17:13 AM,331.65,0,0.0,27450836.25
2025-07-31 09:17:13 AM,331.8,0,0.0,27450836.25
2025-07-31 09:17:13 AM,331.8,150,49770.0,27500606.25
2025-07-31 09:17:14 AM,332.85,0,0.0,27500606.25
2025-07-31 09:17:15 AM,333.3,0,0.0,27500606.25
2025-07-31 09:17:15 AM,333.3,150,49995.0,27550601.25
2025-07-31 09:17:15 AM,337.9,2325,785617.5,28336218.75
2025-07-31 09:17:16 AM,338.15,0,0.0,28336218.75
2025-07-31 09:17:16 AM,338.0,0,0.0,28336218.75
2025-07-31 09:17:17 AM,336.05,2325,781316.25,29117535.0
2025-07-31 09:17:20 AM,340.75,0,0.0,29117535.0
2025-07-31 09:17:21 AM,340.75,150,51112.5,29168647.5
2025-07-31 09:17:22 AM,343.4,0,0.0,29168647.5
2025-07-31 09:17:23 AM,343.4,1200,412080.0,29580727.5
2025-07-31 09:17:25 AM,344.25,75,25818.75,29606546.25
2025-07-31 09:17:28 AM,340.35,0,0.0,29606546.25
2025-07-31 09:17:29 AM,341.35,0,0.0,29606546.25
2025-07-31 09:17:30 AM,341.35,2850,972847.5000000001,30579393.75
2025-07-31 09:17:30 AM,340.7,0,0.0,30579393.75
2025-07-31 09:17:31 AM,340.7,2550,868785.0,31448178.75
2025-07-31 09:17:39 AM,336.5,0,0.0,31448178.75
2025-07-31 09:17:39 AM,337.75,0,0.0,31448178.75
2025-07-31 09:17:39 AM,337.75,2925,987918.75,32436097.5
2025-07-31 09:17:42 AM,337.2,0,0.0,32436097.5
2025-07-31 09:17:42 AM,337.5,0,0.0,32436097.5
2025-07-31 09:17:42 AM,337.5,3900,1316250.0,33752347.5
2025-07-31 09:17:44 AM,336.0,0,0.0,33752347.5
2025-07-31 09:17:44 AM,336.0,75,25200.0,33777547.5
2025-07-31 09:17:45 AM,335.0,0,0.0,33777547.5
2025-07-31 09:17:45 AM,333.2,0,0.0,33777547.5
2025-07-31 09:17:46 AM,332.75,15225,5066118.75,38843666.25
2025-07-31 09:17:46 AM,330.0,0,0.0,38843666.25
2025-07-31 09:17:47 AM,331.4,0,0.0,38843666.25
2025-07-31 09:17:47 AM,331.4,375,124274.99999999999,38967941.25
2025-07-31 09:17:54 AM,327.75,0,0.0,38967941.25
2025-07-31 09:17:54 AM,327.75,75,24581.25,38992522.5
2025-07-31 09:17:57 AM,325.0,0,0.0,38992522.5
2025-07-31 09:17:59 AM,325.0,150,48750.0,39041272.5
2025-07-31 09:18:00 AM,328.05,0,0.0,39041272.5
2025-07-31 09:18:00 AM,328.7,0,0.0,39041272.5
2025-07-31 09:18:00 AM,328.05,2850,934942.5,39976215.0
2025-07-31 09:18:01 AM,327.55,0,0.0,39976215.0
2025-07-31 09:18:02 AM,326.8,0,0.0,39976215.0
2025-07-31 09:18:02 AM,326.8,4350,1421580.0,41397795.0
2025-07-31 09:18:03 AM,324.65,1800,584370.0,41982165.0
2025-07-31 09:18:04 AM,327.2,0,0.0,41982165.0
2025-07-31 09:18:05 AM,327.2,150,49080.0,42031245.0
2025-07-31 09:18:06 AM,319.65,0,0.0,42031245.0
2025-07-31 09:18:06 AM,316.7,0,0.0,42031245.0
2025-07-31 09:18:07 AM,315.1,5175,1630642.5000000002,43661887.5
2025-07-31 09:18:07 AM,314.95,1500,472425.0,44134312.5
2025-07-31 09:18:07 AM,315.25,0,0.0,44134312.5
2025-07-31 09:18:07 AM,317.6,0,0.0,44134312.5
2025-07-31 09:18:08 AM,314.7,0,0.0,44134312.5
2025-07-31 09:18:08 AM,314.7,5925,1864597.5,45998910.0
2025-07-31 09:18:08 AM,314.6,0,0.0,45998910.0
2025-07-31 09:18:09 AM,314.75,0,0.0,45998910.0
2025-07-31 09:18:09 AM,314.8,0,0.0,45998910.0
2025-07-31 09:18:10 AM,313.95,2925,918303.75,46917213.75
2025-07-31 09:18:10 AM,312.35,75,23426.25,46940640.0
2025-07-31 09:18:10 AM,311.45,0,0.0,46940640.0
2025-07-31 09:18:11 AM,312.7,0,0.0,46940640.0
2025-07-31 09:18:11 AM,312.55,0,0.0,46940640.0
2025-07-31 09:18:11 AM,311.95,1725,538113.75,47478753.75
2025-07-31 09:18:11 AM,312.35,150,46852.5,47525606.25
2025-07-31 09:18:12 AM,311.0,0,0.0,47525606.25
2025-07-31 09:18:13 AM,311.95,150,46792.5,47572398.75
2025-07-31 09:18:14 AM,313.5,0,0.0,47572398.75
2025-07-31 09:18:14 AM,313.5,75,23512.5,47595911.25
2025-07-31 09:18:15 AM,313.7,0,0.0,47595911.25
2025-07-31 09:18:15 AM,314.65,0,0.0,47595911.25
2025-07-31 09:18:16 AM,314.65,450,141592.5,47737503.75
2025-07-31 09:18:19 AM,321.5,0,0.0,47737503.75
2025-07-31 09:18:21 AM,321.5,300,96450.0,47833953.75
2025-07-31 09:18:21 AM,319.85,0,0.0,47833953.75
2025-07-31 09:18:23 AM,319.85,900,287865.0,48121818.75
2025-07-31 09:18:23 AM,320.9,0,0.0,48121818.75
2025-07-31 09:18:24 AM,320.9,75,24067.5,48145886.25
2025-07-31 09:18:26 AM,321.6,0,0.0,48145886.25
2025-07-31 09:18:26 AM,321.6,75,24120.0,48170006.25
2025-07-31 09:18:29 AM,321.7,0,0.0,48170006.25
2025-07-31 09:18:29 AM,321.7,75,24127.5,48194133.75
2025-07-31 09:18:30 AM,322.45,0,0.0,48194133.75
2025-07-31 09:18:30 AM,320.95,0,0.0,48194133.75
2025-07-31 09:18:30 AM,319.5,0,0.0,48194133.75
2025-07-31 09:18:31 AM,319.5,375,119812.5,48313946.25
2025-07-31 09:18:31 AM,319.25,0,0.0,48313946.25
2025-07-31 09:18:31 AM,319.25,75,23943.75,48337890.0
2025-07-31 09:18:32 AM,318.0,0,0.0,48337890.0
2025-07-31 09:18:33 AM,318.0,150,47700.0,48385590.0
2025-07-31 09:18:34 AM,320.4,0,0.0,48385590.0
2025-07-31 09:18:34 AM,321.05,0,0.0,48385590.0
2025-07-31 09:18:34 AM,321.05,1050,337102.5,48722692.5
2025-07-31 09:18:37 AM,324.65,0,0.0,48722692.5
2025-07-31 09:18:38 AM,324.7,225,73057.5,48795750.0
2025-07-31 09:18:38 AM,325.1,0,0.0,48795750.0
2025-07-31 09:18:39 AM,324.3,0,0.0,48795750.0
2025-07-31 09:18:39 AM,325.15,2475,804746.25,49600496.25
2025-07-31 09:18:40 AM,324.75,0,0.0,49600496.25
2025-07-31 09:18:41 AM,324.75,600,194850.0,49795346.25
2025-07-31 09:18:41 AM,323.45,0,0.0,49795346.25
2025-07-31 09:18:42 AM,323.7,0,0.0,49795346.25
2025-07-31 09:18:43 AM,323.7,150,48555.0,49843901.25
2025-07-31 09:18:43 AM,322.55,0,0.0,49843901.25
2025-07-31 09:18:44 AM,322.55,225,72573.75,49916475.0
2025-07-31 09:18:49 AM,322.95,0,0.0,49916475.0
2025-07-31 09:18:49 AM,322.95,75,24221.25,49940696.25
2025-07-31 09:18:50 AM,322.55,0,0.0,49940696.25
2025-07-31 09:18:51 AM,322.55,75,24191.25,49964887.5
2025-07-31 09:18:53 AM,323.45,300,97035.0,50061922.5
2025-07-31 09:18:55 AM,322.25,0,0.0,50061922.5
2025-07-31 09:18:56 AM,322.25,150,48337.5,50110260.0
2025-07-31 09:18:56 AM,320.45,0,0.0,50110260.0
2025-07-31 09:18:56 AM,320.45,1800,576810.0,50687070.0
2025-07-31 09:18:57 AM,320.75,0,0.0,50687070.0
2025-07-31 09:18:58 AM,320.75,150,48112.5,50735182.5
2025-07-31 09:18:58 AM,322.15,0,0.0,50735182.5
2025-07-31 09:18:59 AM,322.15,150,48322.5,50783505.0
2025-07-31 09:19:04 AM,316.2,0,0.0,50783505.0
2025-07-31 09:19:04 AM,316.2,225,71145.0,50854650.0
2025-07-31 09:19:12 AM,318.05,0,0.0,50854650.0
2025-07-31 09:19:13 AM,318.05,1350,429367.5,51284017.5
2025-07-31 09:19:15 AM,316.2,0,0.0,51284017.5
2025-07-31 09:19:15 AM,314.75,0,0.0,51284017.5
2025-07-31 09:19:16 AM,314.75,300,94425.0,51378442.5
2025-07-31 09:19:16 AM,315.0,0,0.0,51378442.5
2025-07-31 09:19:16 AM,314.8,0,0.0,51378442.5
2025-07-31 09:19:17 AM,314.8,225,70830.0,51449272.5
2025-07-31 09:19:20 AM,316.4,0,0.0,51449272.5
2025-07-31 09:19:21 AM,316.4,375,118649.99999999999,51567922.5
2025-07-31 09:19:23 AM,316.85,0,0.0,51567922.5
2025-07-31 09:19:23 AM,316.85,375,118818.75000000001,51686741.25
2025-07-31 09:19:26 AM,317.3,0,0.0,51686741.25
2025-07-31 09:19:26 AM,317.3,75,23797.5,51710538.75
2025-07-31 09:19:29 AM,318.65,0,0.0,51710538.75
2025-07-31 09:19:29 AM,318.65,75,23898.75,51734437.5
2025-07-31 09:19:31 AM,319.7,0,0.0,51734437.5
2025-07-31 09:19:32 AM,319.7,75,23977.5,51758415.0
2025-07-31 09:19:34 AM,316.25,0,0.0,51758415.0
2025-07-31 09:19:34 AM,316.25,150,47437.5,51805852.5
2025-07-31 09:19:40 AM,315.0,0,0.0,51805852.5
2025-07-31 09:19:41 AM,315.0,150,47250.0,51853102.5
2025-07-31 09:19:49 AM,316.75,0,0.0,51853102.5
2025-07-31 09:19:49 AM,316.75,150,47512.5,51900615.0
2025-07-31 09:19:53 AM,310.85,0,0.0,51900615.0
2025-07-31 09:19:53 AM,311.25,0,0.0,51900615.0
2025-07-31 09:19:54 AM,312.25,0,0.0,51900615.0
2025-07-31 09:19:54 AM,312.25,225,70256.25,51970871.25
2025-07-31 09:19:59 AM,313.15,0,0.0,51970871.25
2025-07-31 09:19:59 AM,313.0,0,0.0,51970871.25
2025-07-31 09:19:59 AM,313.0,150,46950.0,52017821.25
2025-07-31 09:20:00 AM,312.2,0,0.0,52017821.25
2025-07-31 09:20:01 AM,312.2,225,70245.0,52088066.25
2025-07-31 09:20:03 AM,316.4,0,0.0,52088066.25
2025-07-31 09:20:04 AM,316.4,225,71190.0,52159256.25
2025-07-31 09:20:05 AM,315.9,0,0.0,52159256.25
2025-07-31 09:20:05 AM,314.2,0,0.0,52159256.25
2025-07-31 09:20:06 AM,314.2,1875,589125.0,52748381.25
2025-07-31 09:20:07 AM,317.15,0,0.0,52748381.25
2025-07-31 09:20:08 AM,317.15,225,71358.75,52819740.0
2025-07-31 09:20:08 AM,317.2,0,0.0,52819740.0
2025-07-31 09:20:09 AM,317.2,225,71370.0,52891110.0
2025-07-31 09:20:10 AM,317.8,0,0.0,52891110.0
2025-07-31 09:20:11 AM,317.55,0,0.0,52891110.0
2025-07-31 09:20:11 AM,317.6,0,0.0,52891110.0
2025-07-31 09:20:11 AM,315.6,675,213030.00000000003,53104140.0
2025-07-31 09:20:12 AM,316.4,0,0.0,53104140.0
2025-07-31 09:20:12 AM,315.9,0,0.0,53104140.0
2025-07-31 09:20:12 AM,315.3,0,0.0,53104140.0
2025-07-31 09:20:13 AM,315.3,750,236475.0,53340615.0
2025-07-31 09:20:13 AM,315.15,75,23636.25,53364251.25
2025-07-31 09:20:14 AM,314.55,75,23591.25,53387842.5
2025-07-31 09:20:15 AM,313.4,0,0.0,53387842.5
2025-07-31 09:20:16 AM,313.4,225,70515.0,53458357.5
2025-07-31 09:20:18 AM,310.0,75,23250.0,53481607.5
2025-07-31 09:20:18 AM,311.25,0,0.0,53481607.5
2025-07-31 09:20:19 AM,311.25,750,233437.5,53715045.0
2025-07-31 09:20:19 AM,308.0,0,0.0,53715045.0
2025-07-31 09:20:20 AM,311.5,0,0.0,53715045.0
2025-07-31 09:20:20 AM,310.8,0,0.0,53715045.0
2025-07-31 09:20:21 AM,310.8,4725,1468530.0,55183575.0
2025-07-31 09:20:23 AM,307.1,0,0.0,55183575.0
2025-07-31 09:20:24 AM,308.05,600,184830.0,55368405.0
2025-07-31 09:20:26 AM,305.75,0,0.0,55368405.0
2025-07-31 09:20:26 AM,305.75,150,45862.5,55414267.5
2025-07-31 09:20:26 AM,306.0,0,0.0,55414267.5
2025-07-31 09:20:27 AM,307.15,0,0.0,55414267.5
2025-07-31 09:20:28 AM,307.15,225,69108.75,55483376.25
2025-07-31 09:20:29 AM,304.75,0,0.0,55483376.25
2025-07-31 09:20:29 AM,304.75,150,45712.5,55529088.75
2025-07-31 09:20:30 AM,305.0,0,0.0,55529088.75
2025-07-31 09:20:31 AM,305.0,75,22875.0,55551963.75
2025-07-31 09:20:32 AM,302.0,0,0.0,55551963.75
2025-07-31 09:20:33 AM,302.0,600,181200.0,55733163.75
2025-07-31 09:20:34 AM,300.0,75,22500.0,55755663.75
2025-07-31 09:20:37 AM,298.65,0,0.0,55755663.75
2025-07-31 09:20:38 AM,298.65,1800,537570.0,56293233.75
2025-07-31 09:20:39 AM,298.55,0,0.0,56293233.75
2025-07-31 09:20:39 AM,298.35,150,44752.5,56337986.25
2025-07-31 09:20:42 AM,293.5,0,0.0,56337986.25
2025-07-31 09:20:43 AM,293.5,150,44025.0,56382011.25
2025-07-31 09:20:46 AM,290.85,0,0.0,56382011.25
2025-07-31 09:20:48 AM,290.85,75,21813.75,56403825.0
2025-07-31 09:20:48 AM,290.15,0,0.0,56403825.0
2025-07-31 09:20:48 AM,290.15,150,43522.5,56447347.5
2025-07-31 09:20:49 AM,288.0,150,43200.0,56490547.5
2025-07-31 09:20:51 AM,288.25,0,0.0,56490547.5
2025-07-31 09:20:51 AM,288.25,75,21618.75,56512166.25
2025-07-31 09:20:52 AM,286.1,0,0.0,56512166.25
2025-07-31 09:20:53 AM,286.1,75,21457.5,56533623.75
2025-07-31 09:20:54 AM,287.75,0,0.0,56533623.75
2025-07-31 09:20:54 AM,287.75,300,86325.0,56619948.75
2025-07-31 09:20:55 AM,289.35,0,0.0,56619948.75
2025-07-31 09:20:56 AM,289.35,75,21701.25,56641650.0
2025-07-31 09:20:57 AM,293.7,0,0.0,56641650.0
2025-07-31 09:20:57 AM,294.65,0,0.0,56641650.0
2025-07-31 09:20:58 AM,294.65,750,220987.49999999997,56862637.5
2025-07-31 09:20:59 AM,294.05,0,0.0,56862637.5
2025-07-31 09:20:59 AM,294.05,75,22053.75,56884691.25
2025-07-31 09:21:03 AM,288.1,75,21607.5,56906298.75
2025-07-31 09:21:07 AM,291.5,0,0.0,56906298.75
2025-07-31 09:21:08 AM,292.2,0,0.0,56906298.75
2025-07-31 09:21:08 AM,292.2,150,43830.0,56950128.75
2025-07-31 09:21:09 AM,292.9,0,0.0,56950128.75
2025-07-31 09:21:09 AM,292.9,75,21967.5,56972096.25
2025-07-31 09:21:11 AM,294.9,150,44235.0,57016331.25
2025-07-31 09:21:12 AM,297.5,0,0.0,57016331.25
2025-07-31 09:21:13 AM,297.5,75,22312.5,57038643.75
2025-07-31 09:21:16 AM,296.0,0,0.0,57038643.75
2025-07-31 09:21:16 AM,296.0,75,22200.0,57060843.75
2025-07-31 09:21:17 AM,293.0,0,0.0,57060843.75
2025-07-31 09:21:18 AM,293.0,450,131850.0,57192693.75
2025-07-31 09:21:18 AM,294.0,0,0.0,57192693.75
2025-07-31 09:21:19 AM,294.0,75,22050.0,57214743.75
2025-07-31 09:21:20 AM,291.25,0,0.0,57214743.75
2025-07-31 09:21:21 AM,291.25,75,21843.75,57236587.5
2025-07-31 09:21:21 AM,291.1,750,218325.00000000003,57454912.5
2025-07-31 09:21:22 AM,292.05,0,0.0,57454912.5
2025-07-31 09:21:23 AM,292.1,0,0.0,57454912.5
2025-07-31 09:21:23 AM,292.1,225,65722.5,57520635.0
2025-07-31 09:21:31 AM,292.0,0,0.0,57520635.0
2025-07-31 09:21:33 AM,292.0,75,21900.0,57542535.0
2025-07-31 09:21:34 AM,292.6,0,0.0,57542535.0
2025-07-31 09:21:34 AM,292.6,75,21945.0,57564480.0
2025-07-31 09:21:35 AM,291.5,150,43725.0,57608205.0
2025-07-31 09:21:37 AM,290.85,0,0.0,57608205.0
2025-07-31 09:21:38 AM,290.85,75,21813.75,57630018.75
2025-07-31 09:21:39 AM,290.75,0,0.0,57630018.75
2025-07-31 09:21:39 AM,290.75,75,21806.25,57651825.0
2025-07-31 09:21:40 AM,289.85,0,0.0,57651825.0
2025-07-31 09:21:40 AM,290.55,0,0.0,57651825.0
2025-07-31 09:21:41 AM,290.55,225,65373.75,57717198.75
2025-07-31 09:21:44 AM,292.25,0,0.0,57717198.75
2025-07-31 09:21:44 AM,292.25,75,21918.75,57739117.5
2025-07-31 09:21:46 AM,291.65,0,0.0,57739117.5
2025-07-31 09:21:46 AM,291.65,150,43747.5,57782865.0
2025-07-31 09:21:48 AM,290.7,0,0.0,57782865.0
2025-07-31 09:21:49 AM,290.7,75,21802.5,57804667.5
2025-07-31 09:21:54 AM,290.85,0,0.0,57804667.5
2025-07-31 09:21:54 AM,290.85,75,21813.75,57826481.25
2025-07-31 09:21:55 AM,289.25,0,0.0,57826481.25
2025-07-31 09:21:55 AM,289.25,75,21693.75,57848175.0
2025-07-31 09:21:58 AM,291.0,0,0.0,57848175.0
2025-07-31 09:21:59 AM,291.0,75,21825.0,57870000.0
2025-07-31 09:22:01 AM,293.35,0,0.0,57870000.0
2025-07-31 09:22:01 AM,293.35,675,198011.25000000003,58068011.25
2025-07-31 09:22:13 AM,308.0,0,0.0,58068011.25
2025-07-31 09:22:13 AM,308.45,0,0.0,58068011.25
2025-07-31 09:22:14 AM,305.75,0,0.0,58068011.25
2025-07-31 09:22:14 AM,305.75,375,114656.25,58182667.5
2025-07-31 09:22:16 AM,306.1,225,68872.5,58251540.0
2025-07-31 09:22:20 AM,306.05,0,0.0,58251540.0
2025-07-31 09:22:21 AM,306.05,150,45907.5,58297447.5
2025-07-31 09:22:21 AM,304.1,0,0.0,58297447.5
2025-07-31 09:22:22 AM,309.05,0,0.0,58297447.5
2025-07-31 09:22:23 AM,309.05,2850,880792.5,59178240.0
2025-07-31 09:22:24 AM,309.5,0,0.0,59178240.0
2025-07-31 09:22:24 AM,309.5,75,23212.5,59201452.5
2025-07-31 09:22:24 AM,308.4,0,0.0,59201452.5
2025-07-31 09:22:25 AM,308.4,75,23130.0,59224582.5
2025-07-31 09:22:25 AM,304.75,0,0.0,59224582.5
2025-07-31 09:22:26 AM,304.75,600,182850.0,59407432.5
2025-07-31 09:22:27 AM,305.35,0,0.0,59407432.5
2025-07-31 09:22:28 AM,305.35,75,22901.25,59430333.75
2025-07-31 09:22:28 AM,308.0,0,0.0,59430333.75
2025-07-31 09:22:28 AM,308.0,150,46200.0,59476533.75
2025-07-31 09:22:28 AM,307.7,0,0.0,59476533.75
2025-07-31 09:22:29 AM,305.65,0,0.0,59476533.75
2025-07-31 09:22:29 AM,305.65,525,160466.25,59637000.0
2025-07-31 09:22:30 AM,305.95,0,0.0,59637000.0
2025-07-31 09:22:30 AM,305.95,75,22946.25,59659946.25
2025-07-31 09:22:30 AM,305.9,0,0.0,59659946.25
2025-07-31 09:22:31 AM,305.3,0,0.0,59659946.25
2025-07-31 09:22:31 AM,305.3,150,45795.0,59705741.25
2025-07-31 09:22:33 AM,304.8,0,0.0,59705741.25
2025-07-31 09:22:33 AM,304.8,150,45720.0,59751461.25
2025-07-31 09:22:33 AM,304.45,0,0.0,59751461.25
2025-07-31 09:22:34 AM,304.75,0,0.0,59751461.25
2025-07-31 09:22:34 AM,304.75,600,182850.0,59934311.25
2025-07-31 09:22:36 AM,305.25,75,22893.75,59957205.0
2025-07-31 09:22:36 AM,305.7,0,0.0,59957205.0
2025-07-31 09:22:36 AM,305.7,75,22927.5,59980132.5
2025-07-31 09:22:37 AM,305.05,0,0.0,59980132.5
2025-07-31 09:22:38 AM,305.05,75,22878.75,60003011.25
2025-07-31 09:22:38 AM,303.65,0,0.0,60003011.25
2025-07-31 09:22:39 AM,303.65,75,22773.75,60025785.0
2025-07-31 09:22:40 AM,300.95,0,0.0,60025785.0
2025-07-31 09:22:40 AM,301.25,900,271125.0,60296910.0
2025-07-31 09:22:40 AM,300.9,0,0.0,60296910.0
2025-07-31 09:22:41 AM,300.9,75,22567.5,60319477.5
2025-07-31 09:22:41 AM,299.3,0,0.0,60319477.5
2025-07-31 09:22:41 AM,299.3,600,179580.0,60499057.5
2025-07-31 09:22:42 AM,299.7,0,0.0,60499057.5
2025-07-31 09:22:43 AM,299.7,150,44955.0,60544012.5
2025-07-31 09:22:47 AM,297.35,0,0.0,60544012.5
2025-07-31 09:22:48 AM,297.35,75,22301.25,60566313.75
2025-07-31 09:22:48 AM,298.2,0,0.0,60566313.75
2025-07-31 09:22:48 AM,298.2,75,22365.0,60588678.75
2025-07-31 09:22:48 AM,298.75,0,0.0,60588678.75
2025-07-31 09:22:48 AM,298.9,0,0.0,60588678.75
2025-07-31 09:22:49 AM,298.9,300,89670.0,60678348.75
2025-07-31 09:22:51 AM,295.85,0,0.0,60678348.75
2025-07-31 09:22:51 AM,295.85,75,22188.75,60700537.5
2025-07-31 09:22:52 AM,296.9,0,0.0,60700537.5
2025-07-31 09:22:53 AM,296.9,75,22267.5,60722805.0
2025-07-31 09:22:54 AM,293.8,0,0.0,60722805.0
2025-07-31 09:22:54 AM,292.95,0,0.0,60722805.0
2025-07-31 09:22:54 AM,292.95,1800,527310.0,61250115.0
2025-07-31 09:22:56 AM,294.3,0,0.0,61250115.0
2025-07-31 09:22:58 AM,292.9,0,0.0,61250115.0
2025-07-31 09:22:58 AM,292.9,375,109837.49999999999,61359952.5
2025-07-31 09:22:58 AM,292.3,0,0.0,61359952.5
2025-07-31 09:22:59 AM,292.3,75,21922.5,61381875.0
2025-07-31 09:23:03 AM,293.6,0,0.0,61381875.0
2025-07-31 09:23:04 AM,293.45,0,0.0,61381875.0
2025-07-31 09:23:04 AM,293.45,150,44017.5,61425892.5
2025-07-31 09:23:07 AM,288.85,0,0.0,61425892.5
2025-07-31 09:23:08 AM,288.85,225,64991.25000000001,61490883.75
2025-07-31 09:23:08 AM,289.4,0,0.0,61490883.75
2025-07-31 09:23:09 AM,289.2,0,0.0,61490883.75
2025-07-31 09:23:09 AM,289.2,225,65070.0,61555953.75
2025-07-31 09:23:11 AM,286.95,225,64563.75,61620517.5
2025-07-31 09:23:12 AM,287.5,0,0.0,61620517.5
2025-07-31 09:23:13 AM,287.15,225,64608.74999999999,61685126.25
2025-07-31 09:23:13 AM,286.55,0,0.0,61685126.25
2025-07-31 09:23:14 AM,286.55,75,21491.25,61706617.5
2025-07-31 09:23:15 AM,283.15,0,0.0,61706617.5
2025-07-31 09:23:16 AM,283.45,0,0.0,61706617.5
2025-07-31 09:23:16 AM,283.45,300,85035.0,61791652.5
2025-07-31 09:23:16 AM,283.1,150,42465.0,61834117.5
2025-07-31 09:23:17 AM,283.7,0,0.0,61834117.5
2025-07-31 09:23:17 AM,284.6,0,0.0,61834117.5
2025-07-31 09:23:18 AM,284.6,375,106725.00000000001,61940842.5
2025-07-31 09:23:20 AM,289.75,0,0.0,61940842.5
2025-07-31 09:23:20 AM,289.85,0,0.0,61940842.5
2025-07-31 09:23:21 AM,290.85,300,87255.0,62028097.5
2025-07-31 09:23:27 AM,293.05,0,0.0,62028097.5
2025-07-31 09:23:28 AM,293.05,150,43957.5,62072055.0
2025-07-31 09:23:28 AM,292.6,0,0.0,62072055.0
2025-07-31 09:23:28 AM,292.4,0,0.0,62072055.0
2025-07-31 09:23:29 AM,292.4,150,43860.0,62115915.0
2025-07-31 09:23:30 AM,290.0,75,21750.0,62137665.0
2025-07-31 09:23:32 AM,289.65,0,0.0,62137665.0
2025-07-31 09:23:33 AM,289.65,1125,325856.25,62463521.25
2025-07-31 09:23:37 AM,290.25,0,0.0,62463521.25
2025-07-31 09:23:38 AM,290.25,675,195918.75,62659440.0
2025-07-31 09:23:39 AM,292.15,0,0.0,62659440.0
2025-07-31 09:23:39 AM,291.4,0,0.0,62659440.0
2025-07-31 09:23:39 AM,291.4,1425,415244.99999999994,63074685.0
2025-07-31 09:23:40 AM,290.0,0,0.0,63074685.0
2025-07-31 09:23:41 AM,290.0,300,87000.0,63161685.0
2025-07-31 09:23:54 AM,294.6,75,22095.0,63183780.0
2025-07-31 09:24:01 AM,297.45,0,0.0,63183780.0
2025-07-31 09:24:01 AM,297.45,75,22308.75,63206088.75
2025-07-31 09:24:02 AM,298.35,0,0.0,63206088.75
2025-07-31 09:24:03 AM,298.35,75,22376.25,63228465.0
2025-07-31 09:24:03 AM,296.45,0,0.0,63228465.0
2025-07-31 09:24:03 AM,296.05,0,0.0,63228465.0
2025-07-31 09:24:04 AM,297.35,0,0.0,63228465.0
2025-07-31 09:24:04 AM,297.45,900,267705.0,63496170.0
2025-07-31 09:24:05 AM,297.3,150,44595.0,63540765.0
2025-07-31 09:24:05 AM,297.05,0,0.0,63540765.0
2025-07-31 09:24:05 AM,297.75,0,0.0,63540765.0
2025-07-31 09:24:06 AM,297.25,0,0.0,63540765.0
2025-07-31 09:24:06 AM,297.05,450,133672.5,63674437.5
2025-07-31 09:24:06 AM,297.75,75,22331.25,63696768.75
2025-07-31 09:24:07 AM,297.35,0,0.0,63696768.75
2025-07-31 09:24:08 AM,297.75,0,0.0,63696768.75
2025-07-31 09:24:08 AM,297.75,225,66993.75,63763762.5
2025-07-31 09:24:09 AM,297.7,0,0.0,63763762.5
2025-07-31 09:24:09 AM,296.95,0,0.0,63763762.5
2025-07-31 09:24:09 AM,296.95,300,89085.0,63852847.5
2025-07-31 09:24:10 AM,295.1,0,0.0,63852847.5
2025-07-31 09:24:10 AM,295.1,150,44265.0,63897112.5
2025-07-31 09:24:10 AM,295.3,0,0.0,63897112.5
2025-07-31 09:24:11 AM,295.25,600,177150.0,64074262.5
2025-07-31 09:24:13 AM,292.95,0,0.0,64074262.5
2025-07-31 09:24:13 AM,292.95,75,21971.25,64096233.75
2025-07-31 09:24:17 AM,292.7,0,0.0,64096233.75
2025-07-31 09:24:18 AM,292.7,300,87810.0,64184043.75
2025-07-31 09:24:18 AM,293.2,0,0.0,64184043.75
2025-07-31 09:24:19 AM,293.2,2025,593730.0,64777773.75
2025-07-31 09:24:22 AM,292.4,0,0.0,64777773.75
2025-07-31 09:24:23 AM,293.1,0,0.0,64777773.75
2025-07-31 09:24:23 AM,293.1,375,109912.50000000001,64887686.25
2025-07-31 09:24:23 AM,293.9,75,22042.5,64909728.75
2025-07-31 09:24:32 AM,301.65,0,0.0,64909728.75
2025-07-31 09:24:32 AM,301.9,0,0.0,64909728.75
2025-07-31 09:24:33 AM,301.9,600,181140.0,65090868.75
2025-07-31 09:24:34 AM,301.05,0,0.0,65090868.75
2025-07-31 09:24:35 AM,301.05,75,22578.75,65113447.5
2025-07-31 09:24:38 AM,300.0,0,0.0,65113447.5
2025-07-31 09:24:40 AM,300.0,150,45000.0,65158447.5
2025-07-31 09:24:47 AM,295.6,0,0.0,65158447.5
2025-07-31 09:24:48 AM,295.6,375,110850.00000000001,65269297.5
2025-07-31 09:24:58 AM,289.5,0,0.0,65269297.5
2025-07-31 09:24:58 AM,289.5,75,21712.5,65291010.0
2025-07-31 09:25:07 AM,289.2,0,0.0,65291010.0
2025-07-31 09:25:08 AM,289.2,225,65070.0,65356080.0
2025-07-31 09:25:14 AM,294.9,0,0.0,65356080.0
2025-07-31 09:25:15 AM,294.9,525,154822.5,65510902.5
2025-07-31 09:25:15 AM,294.75,0,0.0,65510902.5
2025-07-31 09:25:16 AM,294.75,675,198956.25,65709858.75
2025-07-31 09:25:19 AM,299.35,0,0.0,65709858.75
2025-07-31 09:25:20 AM,299.35,600,179610.0,65889468.75
2025-07-31 09:25:24 AM,305.45,0,0.0,65889468.75
2025-07-31 09:25:25 AM,305.45,75,22908.75,65912377.5
2025-07-31 09:25:25 AM,304.5,0,0.0,65912377.5
2025-07-31 09:25:26 AM,304.5,150,45675.0,65958052.5
2025-07-31 09:25:27 AM,302.6,0,0.0,65958052.5
2025-07-31 09:25:28 AM,302.6,225,68085.0,66026137.5
2025-07-31 09:25:34 AM,301.4,0,0.0,66026137.5
2025-07-31 09:25:35 AM,301.4,225,67815.0,66093952.5
2025-07-31 09:25:36 AM,302.5,0,0.0,66093952.5
2025-07-31 09:25:36 AM,302.5,75,22687.5,66116640.0
2025-07-31 09:25:41 AM,305.2,0,0.0,66116640.0
2025-07-31 09:25:41 AM,305.2,75,22890.0,66139530.0
2025-07-31 09:25:48 AM,304.95,0,0.0,66139530.0
2025-07-31 09:25:50 AM,304.95,75,22871.25,66162401.25
2025-07-31 09:26:07 AM,303.9,0,0.0,66162401.25
2025-07-31 09:26:08 AM,303.9,150,45585.0,66207986.25
2025-07-31 09:26:09 AM,305.65,0,0.0,66207986.25
2025-07-31 09:26:10 AM,305.65,75,22923.75,66230910.0
2025-07-31 09:26:24 AM,306.0,0,0.0,66230910.0
2025-07-31 09:26:25 AM,306.0,600,183600.0,66414510.0
2025-07-31 09:26:37 AM,298.65,0,0.0,66414510.0
2025-07-31 09:26:38 AM,298.65,75,22398.75,66436908.75
2025-07-31 09:26:39 AM,300.8,0,0.0,66436908.75
2025-07-31 09:26:40 AM,300.8,75,22560.0,66459468.75
2025-07-31 09:26:49 AM,291.5,0,0.0,66459468.75
2025-07-31 09:26:49 AM,290.85,0,0.0,66459468.75
2025-07-31 09:26:50 AM,290.85,225,65441.25000000001,66524910.0
2025-07-31 09:26:51 AM,289.7,0,0.0,66524910.0
2025-07-31 09:26:51 AM,289.7,300,86910.0,66611820.0
2025-07-31 09:26:55 AM,293.85,0,0.0,66611820.0
2025-07-31 09:26:56 AM,293.85,75,22038.75,66633858.75
2025-07-31 09:26:57 AM,290.25,0,0.0,66633858.75
2025-07-31 09:26:58 AM,290.25,150,43537.5,66677396.25
2025-07-31 09:27:00 AM,288.35,0,0.0,66677396.25
2025-07-31 09:27:00 AM,288.35,150,43252.5,66720648.75
2025-07-31 09:27:02 AM,289.35,0,0.0,66720648.75
2025-07-31 09:27:02 AM,289.8,0,0.0,66720648.75
2025-07-31 09:27:03 AM,290.75,0,0.0,66720648.75
2025-07-31 09:27:03 AM,290.75,300,87225.0,66807873.75
2025-07-31 09:27:05 AM,292.0,0,0.0,66807873.75
2025-07-31 09:27:06 AM,292.0,150,43800.0,66851673.75
2025-07-31 09:27:13 AM,287.65,150,43147.5,66894821.25
2025-07-31 09:27:15 AM,287.65,450,129442.49999999999,67024263.75
2025-07-31 09:27:16 AM,288.5,0,0.0,67024263.75
2025-07-31 09:27:16 AM,288.5,300,86550.0,67110813.75
2025-07-31 09:27:31 AM,285.7,0,0.0,67110813.75
2025-07-31 09:27:31 AM,285.7,150,42855.0,67153668.75
2025-07-31 09:27:32 AM,284.25,0,0.0,67153668.75
2025-07-31 09:27:33 AM,284.25,75,21318.75,67174987.5
2025-07-31 09:27:34 AM,287.0,0,0.0,67174987.5
2025-07-31 09:27:35 AM,287.0,300,86100.0,67261087.5
2025-07-31 09:27:46 AM,291.1,75,21832.5,67282920.0
2025-07-31 09:28:00 AM,288.95,0,0.0,67282920.0
2025-07-31 09:28:01 AM,288.95,75,21671.25,67304591.25
2025-07-31 09:28:02 AM,288.65,0,0.0,67304591.25
2025-07-31 09:28:03 AM,288.65,375,108243.74999999999,67412835.0
2025-07-31 09:28:19 AM,290.85,0,0.0,67412835.0
2025-07-31 09:28:20 AM,290.85,150,43627.5,67456462.5
2025-07-31 09:28:22 AM,290.55,225,65373.75,67521836.25
2025-07-31 09:28:29 AM,288.65,0,0.0,67521836.25
2025-07-31 09:28:30 AM,288.65,600,173190.0,67695026.25
2025-07-31 09:28:37 AM,287.65,0,0.0,67695026.25
2025-07-31 09:28:38 AM,287.65,150,43147.5,67738173.75
2025-07-31 09:28:44 AM,290.05,0,0.0,67738173.75
2025-07-31 09:28:45 AM,290.05,75,21753.75,67759927.5
2025-07-31 09:28:46 AM,288.85,0,0.0,67759927.5
2025-07-31 09:28:47 AM,288.85,75,21663.75,67781591.25
2025-07-31 09:28:47 AM,290.1,0,0.0,67781591.25
2025-07-31 09:28:48 AM,290.1,75,21757.5,67803348.75
2025-07-31 09:28:51 AM,294.3,0,0.0,67803348.75
2025-07-31 09:28:52 AM,294.3,75,22072.5,67825421.25
2025-07-31 09:28:54 AM,292.05,0,0.0,67825421.25
2025-07-31 09:28:55 AM,292.05,75,21903.75,67847325.0
2025-07-31 09:28:57 AM,291.3,0,0.0,67847325.0
2025-07-31 09:28:57 AM,292.15,0,0.0,67847325.0
2025-07-31 09:28:58 AM,292.15,225,65733.75,67913058.75
2025-07-31 09:29:05 AM,291.55,0,0.0,67913058.75
2025-07-31 09:29:05 AM,291.7,0,0.0,67913058.75
2025-07-31 09:29:07 AM,291.7,300,87510.0,68000568.75
2025-07-31 09:29:10 AM,292.15,0,0.0,68000568.75
2025-07-31 09:29:12 AM,292.15,75,21911.25,68022480.0
2025-07-31 09:29:15 AM,293.25,0,0.0,68022480.0
2025-07-31 09:29:16 AM,293.25,300,87975.0,68110455.0
2025-07-31 09:29:22 AM,295.75,0,0.0,68110455.0
2025-07-31 09:29:23 AM,294.7,0,0.0,68110455.0
2025-07-31 09:29:23 AM,294.7,300,88410.0,68198865.0
2025-07-31 09:29:26 AM,293.3,0,0.0,68198865.0
2025-07-31 09:29:26 AM,293.3,75,21997.5,68220862.5
2025-07-31 09:29:50 AM,297.2,0,0.0,68220862.5
2025-07-31 09:29:51 AM,297.2,75,22290.0,68243152.5
2025-07-31 09:30:00 AM,300.0,0,0.0,68243152.5
2025-07-31 09:30:00 AM,300.0,75,22500.0,68265652.5
2025-07-31 09:30:02 AM,299.5,0,0.0,68265652.5
2025-07-31 09:30:03 AM,299.5,75,22462.5,68288115.0
2025-07-31 09:30:24 AM,306.65,0,0.0,68288115.0
2025-07-31 09:30:25 AM,306.65,75,22998.75,68311113.75
2025-07-31 09:30:27 AM,303.8,0,0.0,68311113.75
2025-07-31 09:30:28 AM,303.8,300,91140.0,68402253.75
2025-07-31 09:30:32 AM,303.9,0,0.0,68402253.75
2025-07-31 09:30:33 AM,303.9,75,22792.5,68425046.25
2025-07-31 09:30:41 AM,306.0,0,0.0,68425046.25
2025-07-31 09:30:42 AM,306.0,600,183600.0,68608646.25
2025-07-31 09:30:43 AM,302.0,225,67950.0,68676596.25
2025-07-31 09:30:45 AM,302.0,675,203850.0,68880446.25
2025-07-31 09:30:45 AM,299.5,0,0.0,68880446.25
2025-07-31 09:30:47 AM,299.5,75,22462.5,68902908.75
2025-07-31 09:30:49 AM,299.0,0,0.0,68902908.75
2025-07-31 09:30:50 AM,299.0,150,44850.0,68947758.75
2025-07-31 09:31:04 AM,304.0,0,0.0,68947758.75
2025-07-31 09:31:05 AM,304.0,150,45600.0,68993358.75
2025-07-31 09:31:07 AM,306.9,0,0.0,68993358.75
2025-07-31 09:31:08 AM,306.9,75,23017.5,69016376.25
2025-07-31 09:31:09 AM,304.6,0,0.0,69016376.25
2025-07-31 09:31:10 AM,304.6,150,45690.0,69062066.25
2025-07-31 09:31:21 AM,296.25,0,0.0,69062066.25
2025-07-31 09:31:22 AM,296.25,75,22218.75,69084285.0
2025-07-31 09:31:23 AM,294.6,0,0.0,69084285.0
2025-07-31 09:31:23 AM,294.85,225,66341.25,69150626.25
2025-07-31 09:31:25 AM,295.85,0,0.0,69150626.25
2025-07-31 09:31:25 AM,295.85,75,22188.75,69172815.0
2025-07-31 09:31:26 AM,295.1,0,0.0,69172815.0
2025-07-31 09:31:27 AM,295.1,75,22132.5,69194947.5
2025-07-31 09:31:28 AM,293.6,0,0.0,69194947.5
2025-07-31 09:31:28 AM,293.6,225,66060.0,69261007.5
2025-07-31 09:31:38 AM,293.6,75,22020.0,69283027.5
2025-07-31 09:31:43 AM,291.15,0,0.0,69283027.5
2025-07-31 09:31:43 AM,291.15,75,21836.25,69304863.75
2025-07-31 09:31:48 AM,290.1,0,0.0,69304863.75
2025-07-31 09:31:48 AM,290.1,225,65272.50000000001,69370136.25
2025-07-31 09:31:54 AM,292.05,0,0.0,69370136.25
2025-07-31 09:31:55 AM,292.05,75,21903.75,69392040.0
2025-07-31 09:32:02 AM,289.65,75,21723.75,69413763.75
2025-07-31 09:32:06 AM,292.5,0,0.0,69413763.75
2025-07-31 09:32:07 AM,292.5,75,21937.5,69435701.25
2025-07-31 09:32:08 AM,292.5,75,21937.5,69457638.75
2025-07-31 09:32:18 AM,290.3,0,0.0,69457638.75
2025-07-31 09:32:18 AM,290.3,75,21772.5,69479411.25
2025-07-31 09:32:19 AM,289.85,0,0.0,69479411.25
2025-07-31 09:32:20 AM,289.35,0,0.0,69479411.25
2025-07-31 09:32:20 AM,289.65,0,0.0,69479411.25
2025-07-31 09:32:20 AM,289.65,525,152066.25,69631477.5
2025-07-31 09:32:28 AM,286.85,0,0.0,69631477.5
2025-07-31 09:32:28 AM,286.85,75,21513.75,69652991.25
2025-07-31 09:32:45 AM,289.8,0,0.0,69652991.25
2025-07-31 09:32:47 AM,289.8,75,21735.0,69674726.25
2025-07-31 09:32:48 AM,290.3,0,0.0,69674726.25
2025-07-31 09:32:49 AM,290.3,75,21772.5,69696498.75
2025-07-31 09:33:14 AM,292.8,0,0.0,69696498.75
2025-07-31 09:33:15 AM,292.8,75,21960.0,69718458.75
2025-07-31 09:33:27 AM,302.5,0,0.0,69718458.75
2025-07-31 09:33:28 AM,302.5,150,45375.0,69763833.75
2025-07-31 09:33:42 AM,300.0,0,0.0,69763833.75
2025-07-31 09:33:43 AM,301.85,0,0.0,69763833.75
2025-07-31 09:33:43 AM,301.85,525,158471.25,69922305.0
2025-07-31 09:33:49 AM,300.7,0,0.0,69922305.0
2025-07-31 09:33:49 AM,300.55,0,0.0,69922305.0
2025-07-31 09:33:50 AM,300.55,150,45082.5,69967387.5
2025-07-31 09:33:55 AM,303.7,0,0.0,69967387.5
2025-07-31 09:33:55 AM,303.7,75,22777.5,69990165.0
2025-07-31 09:33:58 AM,305.0,0,0.0,69990165.0
2025-07-31 09:33:58 AM,305.0,225,68625.0,70058790.0
2025-07-31 09:34:27 AM,298.85,0,0.0,70058790.0
2025-07-31 09:34:27 AM,298.85,225,67241.25,70126031.25
2025-07-31 09:34:29 AM,298.55,0,0.0,70126031.25
2025-07-31 09:34:30 AM,298.55,300,89565.0,70215596.25
2025-07-31 09:34:32 AM,296.55,0,0.0,70215596.25
2025-07-31 09:34:33 AM,296.55,225,66723.75,70282320.0
2025-07-31 09:34:36 AM,296.1,0,0.0,70282320.0
2025-07-31 09:34:37 AM,296.1,225,66622.5,70348942.5
2025-07-31 09:34:37 AM,296.55,0,0.0,70348942.5
2025-07-31 09:34:38 AM,296.55,225,66723.75,70415666.25
2025-07-31 09:34:41 AM,296.85,0,0.0,70415666.25
2025-07-31 09:34:42 AM,296.85,75,22263.75,70437930.0
2025-07-31 09:34:47 AM,295.85,0,0.0,70437930.0
2025-07-31 09:34:47 AM,295.85,75,22188.75,70460118.75
2025-07-31 09:34:55 AM,291.95,75,21896.25,70482015.0
2025-07-31 09:34:57 AM,291.0,0,0.0,70482015.0
2025-07-31 09:34:58 AM,290.65,0,0.0,70482015.0
2025-07-31 09:34:58 AM,289.9,225,65227.49999999999,70547242.5
2025-07-31 09:35:10 AM,296.0,150,44400.0,70591642.5
2025-07-31 09:35:15 AM,296.0,75,22200.0,70613842.5
2025-07-31 09:35:15 AM,296.0,2925,865800.0,71479642.5
2025-07-31 09:35:17 AM,299.45,0,0.0,71479642.5
2025-07-31 09:35:19 AM,299.45,75,22458.75,71502101.25
2025-07-31 09:35:24 AM,301.45,0,0.0,71502101.25
2025-07-31 09:35:25 AM,301.45,75,22608.75,71524710.0
2025-07-31 09:35:29 AM,300.75,0,0.0,71524710.0
2025-07-31 09:35:30 AM,300.75,150,45112.5,71569822.5
2025-07-31 09:35:33 AM,300.85,0,0.0,71569822.5
2025-07-31 09:35:34 AM,300.85,150,45127.5,71614950.0
2025-07-31 09:35:44 AM,300.1,375,112537.50000000001,71727487.5
2025-07-31 09:35:44 AM,299.15,0,0.0,71727487.5
2025-07-31 09:35:45 AM,300.85,225,67691.25,71795178.75
2025-07-31 09:36:16 AM,303.4,0,0.0,71795178.75
2025-07-31 09:36:17 AM,303.4,75,22755.0,71817933.75
2025-07-31 09:36:17 AM,302.65,0,0.0,71817933.75
2025-07-31 09:36:18 AM,302.65,75,22698.75,71840632.5
2025-07-31 09:36:29 AM,303.4,0,0.0,71840632.5
2025-07-31 09:36:29 AM,301.55,0,0.0,71840632.5
2025-07-31 09:36:30 AM,301.55,300,90465.0,71931097.5
2025-07-31 09:36:35 AM,305.9,0,0.0,71931097.5
2025-07-31 09:36:35 AM,305.9,675,206482.49999999997,72137580.0
2025-07-31 09:36:37 AM,305.35,0,0.0,72137580.0
2025-07-31 09:36:38 AM,305.35,75,22901.25,72160481.25
2025-07-31 09:36:41 AM,301.5,0,0.0,72160481.25
2025-07-31 09:36:42 AM,301.5,150,45225.0,72205706.25
2025-07-31 09:36:49 AM,303.65,0,0.0,72205706.25
2025-07-31 09:36:50 AM,303.65,225,68321.25,72274027.5
2025-07-31 09:37:01 AM,304.55,0,0.0,72274027.5
2025-07-31 09:37:02 AM,304.55,75,22841.25,72296868.75
2025-07-31 09:37:03 AM,305.0,0,0.0,72296868.75
2025-07-31 09:37:03 AM,305.0,75,22875.0,72319743.75
2025-07-31 09:37:08 AM,304.55,0,0.0,72319743.75
2025-07-31 09:37:08 AM,304.55,75,22841.25,72342585.0
2025-07-31 09:37:09 AM,304.4,0,0.0,72342585.0
2025-07-31 09:37:10 AM,303.7,0,0.0,72342585.0
2025-07-31 09:37:10 AM,303.7,150,45555.0,72388140.0
2025-07-31 09:37:15 AM,304.35,0,0.0,72388140.0
2025-07-31 09:37:15 AM,304.35,75,22826.25,72410966.25
2025-07-31 09:37:46 AM,299.95,0,0.0,72410966.25
2025-07-31 09:37:47 AM,299.95,75,22496.25,72433462.5
2025-07-31 09:37:54 AM,297.2,0,0.0,72433462.5
2025-07-31 09:37:55 AM,297.2,75,22290.0,72455752.5
2025-07-31 09:38:01 AM,301.35,0,0.0,72455752.5
2025-07-31 09:38:02 AM,301.35,75,22601.25,72478353.75
2025-07-31 09:38:04 AM,302.6,0,0.0,72478353.75
2025-07-31 09:38:05 AM,302.6,75,22695.0,72501048.75
2025-07-31 09:38:06 AM,300.45,0,0.0,72501048.75
2025-07-31 09:38:07 AM,300.45,75,22533.75,72523582.5
2025-07-31 09:38:18 AM,302.1,0,0.0,72523582.5
2025-07-31 09:38:18 AM,302.1,150,45315.0,72568897.5
2025-07-31 09:38:20 AM,303.8,0,0.0,72568897.5
2025-07-31 09:38:20 AM,303.8,150,45570.0,72614467.5
2025-07-31 09:38:21 AM,304.6,0,0.0,72614467.5
2025-07-31 09:38:22 AM,304.6,75,22845.0,72637312.5
2025-07-31 09:38:25 AM,303.5,0,0.0,72637312.5
2025-07-31 09:38:25 AM,303.5,675,204862.5,72842175.0
2025-07-31 09:38:26 AM,302.7,0,0.0,72842175.0
2025-07-31 09:38:27 AM,302.7,525,158917.5,73001092.5
2025-07-31 09:38:36 AM,303.25,0,0.0,73001092.5
2025-07-31 09:38:37 AM,303.25,375,113718.75,73114811.25
2025-07-31 09:38:44 AM,304.8,0,0.0,73114811.25
2025-07-31 09:38:44 AM,304.8,1500,457200.0,73572011.25
2025-07-31 09:38:51 AM,304.2,0,0.0,73572011.25
2025-07-31 09:38:52 AM,304.2,3225,981045.0,74553056.25
2025-07-31 09:38:54 AM,304.7,0,0.0,74553056.25
2025-07-31 09:38:54 AM,304.5,0,0.0,74553056.25
2025-07-31 09:38:55 AM,304.75,0,0.0,74553056.25
2025-07-31 09:38:55 AM,304.75,3900,1188525.0,75741581.25
2025-07-31 09:38:56 AM,303.0,0,0.0,75741581.25
2025-07-31 09:38:57 AM,303.0,75,22725.0,75764306.25
2025-07-31 09:38:58 AM,304.0,75,22800.0,75787106.25
2025-07-31 09:39:09 AM,306.7,0,0.0,75787106.25
2025-07-31 09:39:10 AM,306.7,225,69007.5,75856113.75
2025-07-31 09:39:15 AM,305.7,0,0.0,75856113.75
2025-07-31 09:39:15 AM,305.7,75,22927.5,75879041.25
2025-07-31 09:39:33 AM,305.0,0,0.0,75879041.25
2025-07-31 09:39:33 AM,305.0,825,251625.0,76130666.25
2025-07-31 09:39:52 AM,305.0,75,22875.0,76153541.25
2025-07-31 09:39:54 AM,306.0,0,0.0,76153541.25
2025-07-31 09:39:55 AM,306.0,75,22950.0,76176491.25
2025-07-31 09:40:03 AM,305.75,0,0.0,76176491.25
2025-07-31 09:40:03 AM,305.75,75,22931.25,76199422.5
2025-07-31 09:40:06 AM,307.0,0,0.0,76199422.5
2025-07-31 09:40:07 AM,307.0,150,46050.0,76245472.5
2025-07-31 09:40:10 AM,306.0,0,0.0,76245472.5
2025-07-31 09:40:11 AM,306.0,75,22950.0,76268422.5
2025-07-31 09:40:12 AM,306.8,0,0.0,76268422.5
2025-07-31 09:40:12 AM,306.8,300,92040.0,76360462.5
2025-07-31 09:40:21 AM,304.15,0,0.0,76360462.5
2025-07-31 09:40:22 AM,304.15,225,68433.75,76428896.25
2025-07-31 09:40:22 AM,303.55,0,0.0,76428896.25
2025-07-31 09:40:22 AM,303.55,75,22766.25,76451662.5
2025-07-31 09:40:49 AM,302.55,0,0.0,76451662.5
2025-07-31 09:40:49 AM,302.55,300,90765.0,76542427.5
2025-07-31 09:40:57 AM,303.8,0,0.0,76542427.5
2025-07-31 09:40:58 AM,303.55,0,0.0,76542427.5
2025-07-31 09:40:58 AM,303.55,450,136597.5,76679025.0
2025-07-31 09:41:06 AM,297.65,0,0.0,76679025.0
2025-07-31 09:41:07 AM,297.65,450,133942.5,76812967.5
2025-07-31 09:41:10 AM,295.1,0,0.0,76812967.5
2025-07-31 09:41:10 AM,295.1,750,221325.00000000003,77034292.5
2025-07-31 09:41:11 AM,294.55,0,0.0,77034292.5
2025-07-31 09:41:12 AM,294.55,75,22091.25,77056383.75
2025-07-31 09:41:15 AM,293.25,0,0.0,77056383.75
2025-07-31 09:41:16 AM,293.25,75,21993.75,77078377.5
2025-07-31 09:41:31 AM,294.15,0,0.0,77078377.5
2025-07-31 09:41:32 AM,294.15,75,22061.25,77100438.75
2025-07-31 09:41:46 AM,294.3,0,0.0,77100438.75
2025-07-31 09:41:46 AM,294.55,0,0.0,77100438.75
2025-07-31 09:41:47 AM,294.55,225,66273.75,77166712.5
2025-07-31 09:41:50 AM,294.0,0,0.0,77166712.5
2025-07-31 09:41:51 AM,294.0,75,22050.0,77188762.5
2025-07-31 09:41:54 AM,296.05,0,0.0,77188762.5
2025-07-31 09:41:55 AM,296.05,450,133222.5,77321985.0
2025-07-31 09:42:00 AM,297.0,0,0.0,77321985.0
2025-07-31 09:42:00 AM,297.0,75,22275.0,77344260.0
2025-07-31 09:42:38 AM,295.9,0,0.0,77344260.0
2025-07-31 09:42:38 AM,295.9,75,22192.5,77366452.5
2025-07-31 09:42:42 AM,295.65,0,0.0,77366452.5
2025-07-31 09:42:43 AM,295.65,75,22173.75,77388626.25
2025-07-31 09:42:46 AM,296.35,0,0.0,77388626.25
2025-07-31 09:42:47 AM,296.35,75,22226.25,77410852.5
2025-07-31 09:43:19 AM,295.65,0,0.0,77410852.5
2025-07-31 09:43:20 AM,295.65,75,22173.75,77433026.25
2025-07-31 09:43:33 AM,295.8,0,0.0,77433026.25
2025-07-31 09:43:34 AM,295.8,75,22185.0,77455211.25
2025-07-31 09:43:35 AM,295.15,0,0.0,77455211.25
2025-07-31 09:43:35 AM,295.15,75,22136.25,77477347.5
2025-07-31 09:43:53 AM,296.95,0,0.0,77477347.5
2025-07-31 09:43:54 AM,296.95,75,22271.25,77499618.75
2025-07-31 09:44:03 AM,296.15,0,0.0,77499618.75
2025-07-31 09:44:04 AM,296.15,75,22211.25,77521830.0
2025-07-31 09:44:04 AM,295.65,0,0.0,77521830.0
2025-07-31 09:44:04 AM,295.65,75,22173.75,77544003.75
2025-07-31 09:44:07 AM,295.05,0,0.0,77544003.75
2025-07-31 09:44:07 AM,295.05,450,132772.5,77676776.25
2025-07-31 09:44:15 AM,292.75,0,0.0,77676776.25
2025-07-31 09:44:15 AM,292.75,75,21956.25,77698732.5
2025-07-31 09:44:17 AM,293.2,0,0.0,77698732.5
2025-07-31 09:44:17 AM,293.2,75,21990.0,77720722.5
2025-07-31 09:44:20 AM,292.8,0,0.0,77720722.5
2025-07-31 09:44:20 AM,293.7,0,0.0,77720722.5
2025-07-31 09:44:20 AM,293.7,150,44055.0,77764777.5
2025-07-31 09:44:20 AM,294.0,0,0.0,77764777.5
2025-07-31 09:44:21 AM,294.0,150,44100.0,77808877.5
2025-07-31 09:44:22 AM,293.1,0,0.0,77808877.5
2025-07-31 09:44:22 AM,293.1,75,21982.5,77830860.0
2025-07-31 09:44:25 AM,292.75,0,0.0,77830860.0
2025-07-31 09:44:25 AM,292.75,75,21956.25,77852816.25
2025-07-31 09:44:33 AM,294.3,75,22072.5,77874888.75
2025-07-31 09:44:52 AM,293.5,0,0.0,77874888.75
2025-07-31 09:44:52 AM,293.5,75,22012.5,77896901.25
2025-07-31 09:44:55 AM,293.7,0,0.0,77896901.25
2025-07-31 09:44:55 AM,293.7,75,22027.5,77918928.75
2025-07-31 09:44:59 AM,296.15,0,0.0,77918928.75
2025-07-31 09:45:00 AM,296.15,75,22211.25,77941140.0
2025-07-31 09:45:22 AM,292.85,0,0.0,77941140.0
2025-07-31 09:45:22 AM,292.85,75,21963.75,77963103.75
2025-07-31 09:45:43 AM,295.95,0,0.0,77963103.75
2025-07-31 09:45:44 AM,295.95,75,22196.25,77985300.0
2025-07-31 09:45:51 AM,292.85,0,0.0,77985300.0
2025-07-31 09:45:52 AM,292.85,75,21963.75,78007263.75
2025-07-31 09:45:53 AM,292.85,525,153746.25,78161010.0
2025-07-31 09:46:05 AM,294.95,0,0.0,78161010.0
2025-07-31 09:46:07 AM,294.95,75,22121.25,78183131.25
2025-07-31 09:46:13 AM,296.05,75,22203.75,78205335.0
2025-07-31 09:46:34 AM,295.35,0,0.0,78205335.0
2025-07-31 09:46:35 AM,295.35,75,22151.25,78227486.25
2025-07-31 09:47:36 AM,296.1,0,0.0,78227486.25
2025-07-31 09:47:37 AM,296.1,75,22207.5,78249693.75
2025-07-31 09:47:40 AM,298.3,0,0.0,78249693.75
2025-07-31 09:47:40 AM,298.3,150,44745.0,78294438.75
2025-07-31 09:47:41 AM,300.6,0,0.0,78294438.75
2025-07-31 09:47:42 AM,300.6,225,67635.0,78362073.75
2025-07-31 09:47:42 AM,300.7,0,0.0,78362073.75
2025-07-31 09:47:42 AM,300.7,75,22552.5,78384626.25
2025-07-31 09:47:47 AM,299.95,0,0.0,78384626.25
2025-07-31 09:47:47 AM,299.95,75,22496.25,78407122.5
2025-07-31 09:48:05 AM,304.15,0,0.0,78407122.5
2025-07-31 09:48:05 AM,304.15,75,22811.25,78429933.75
2025-07-31 09:48:11 AM,304.3,0,0.0,78429933.75
2025-07-31 09:48:12 AM,304.3,600,182580.0,78612513.75
2025-07-31 09:48:13 AM,305.55,375,114581.25,78727095.0
2025-07-31 09:48:56 AM,298.9,0,0.0,78727095.0
2025-07-31 09:48:57 AM,298.9,75,22417.5,78749512.5
2025-07-31 09:49:01 AM,300.1,0,0.0,78749512.5
2025-07-31 09:49:02 AM,300.1,75,22507.5,78772020.0
2025-07-31 09:49:25 AM,303.7,0,0.0,78772020.0
2025-07-31 09:49:25 AM,303.7,75,22777.5,78794797.5
2025-07-31 09:49:31 AM,305.55,0,0.0,78794797.5
2025-07-31 09:49:32 AM,305.55,75,22916.25,78817713.75
2025-07-31 09:49:33 AM,307.0,75,23025.0,78840738.75
2025-07-31 09:49:37 AM,307.45,0,0.0,78840738.75
2025-07-31 09:49:38 AM,307.45,450,138352.5,78979091.25
2025-07-31 09:49:44 AM,306.2,0,0.0,78979091.25
2025-07-31 09:49:44 AM,306.2,225,68895.0,79047986.25
2025-07-31 09:49:49 AM,304.55,0,0.0,79047986.25
2025-07-31 09:49:49 AM,304.55,150,45682.5,79093668.75
2025-07-31 09:50:09 AM,303.75,0,0.0,79093668.75
2025-07-31 09:50:09 AM,303.75,75,22781.25,79116450.0
2025-07-31 09:50:11 AM,303.5,0,0.0,79116450.0
2025-07-31 09:50:12 AM,303.5,75,22762.5,79139212.5
2025-07-31 09:50:15 AM,302.4,0,0.0,79139212.5
2025-07-31 09:50:15 AM,302.4,150,45360.0,79184572.5
2025-07-31 09:50:17 AM,301.1,0,0.0,79184572.5
2025-07-31 09:50:17 AM,301.1,225,67747.5,79252320.0
2025-07-31 09:50:27 AM,303.95,75,22796.25,79275116.25
2025-07-31 09:50:35 AM,305.2,0,0.0,79275116.25
2025-07-31 09:50:35 AM,305.2,75,22890.0,79298006.25
2025-07-31 09:50:43 AM,303.9,0,0.0,79298006.25
2025-07-31 09:50:43 AM,303.9,75,22792.5,79320798.75
2025-07-31 09:50:52 AM,307.35,0,0.0,79320798.75
2025-07-31 09:50:52 AM,306.65,0,0.0,79320798.75
2025-07-31 09:50:52 AM,306.65,225,68996.25,79389795.0
2025-07-31 09:50:59 AM,305.4,0,0.0,79389795.0
2025-07-31 09:51:00 AM,305.4,75,22905.0,79412700.0
2025-07-31 09:51:04 AM,305.35,0,0.0,79412700.0
2025-07-31 09:51:05 AM,305.35,75,22901.25,79435601.25
2025-07-31 09:51:10 AM,306.05,0,0.0,79435601.25
2025-07-31 09:51:10 AM,306.05,75,22953.75,79458555.0
2025-07-31 09:51:15 AM,302.25,0,0.0,79458555.0
2025-07-31 09:51:15 AM,302.25,75,22668.75,79481223.75
2025-07-31 09:51:16 AM,301.1,0,0.0,79481223.75
2025-07-31 09:51:17 AM,301.1,525,158077.5,79639301.25
2025-07-31 09:51:22 AM,297.1,0,0.0,79639301.25
2025-07-31 09:51:22 AM,297.35,0,0.0,79639301.25
2025-07-31 09:51:22 AM,297.35,150,44602.5,79683903.75
2025-07-31 09:51:24 AM,296.9,0,0.0,79683903.75
2025-07-31 09:51:24 AM,296.9,75,22267.5,79706171.25
2025-07-31 09:51:24 AM,297.3,0,0.0,79706171.25
2025-07-31 09:51:25 AM,297.3,375,111487.5,79817658.75
2025-07-31 09:51:54 AM,298.85,0,0.0,79817658.75
2025-07-31 09:51:55 AM,298.85,75,22413.75,79840072.5
2025-07-31 09:52:19 AM,293.9,0,0.0,79840072.5
2025-07-31 09:52:20 AM,293.9,75,22042.5,79862115.0
2025-07-31 09:52:23 AM,294.65,1800,530370.0,80392485.0
2025-07-31 09:52:26 AM,295.5,0,0.0,80392485.0
2025-07-31 09:52:27 AM,295.5,75,22162.5,80414647.5
2025-07-31 09:52:52 AM,294.9,75,22117.5,80436765.0
2025-07-31 09:52:53 AM,295.1,0,0.0,80436765.0
2025-07-31 09:52:53 AM,295.1,150,44265.0,80481030.0
2025-07-31 09:52:55 AM,295.65,0,0.0,80481030.0
2025-07-31 09:52:55 AM,295.65,75,22173.75,80503203.75
2025-07-31 09:53:00 AM,294.95,75,22121.25,80525325.0
2025-07-31 09:53:03 AM,296.5,0,0.0,80525325.0
2025-07-31 09:53:03 AM,296.5,150,44475.0,80569800.0
2025-07-31 09:53:17 AM,295.65,0,0.0,80569800.0
2025-07-31 09:53:17 AM,295.65,375,110868.74999999999,80680668.75
2025-07-31 09:53:21 AM,296.15,0,0.0,80680668.75
2025-07-31 09:53:22 AM,296.15,75,22211.25,80702880.0
2025-07-31 09:53:32 AM,293.45,0,0.0,80702880.0
2025-07-31 09:53:32 AM,293.45,225,66026.25,80768906.25
2025-07-31 09:53:46 AM,293.6,0,0.0,80768906.25
2025-07-31 09:53:46 AM,293.6,150,44040.0,80812946.25
2025-07-31 09:54:23 AM,295.8,0,0.0,80812946.25
2025-07-31 09:54:23 AM,295.8,75,22185.0,80835131.25
2025-07-31 09:54:24 AM,295.55,0,0.0,80835131.25
2025-07-31 09:54:25 AM,295.55,75,22166.25,80857297.5
2025-07-31 09:54:33 AM,297.45,0,0.0,80857297.5
2025-07-31 09:54:33 AM,297.45,75,22308.75,80879606.25
2025-07-31 09:54:34 AM,297.4,0,0.0,80879606.25
2025-07-31 09:54:35 AM,297.4,75,22305.0,80901911.25
2025-07-31 09:54:37 AM,297.9,0,0.0,80901911.25
2025-07-31 09:54:37 AM,297.9,75,22342.5,80924253.75
2025-07-31 09:54:48 AM,297.6,0,0.0,80924253.75
2025-07-31 09:54:48 AM,297.6,1800,535680.0,81459933.75
2025-07-31 09:55:25 AM,296.25,0,0.0,81459933.75
2025-07-31 09:55:25 AM,296.25,225,66656.25,81526590.0
2025-07-31 09:56:37 AM,294.8,0,0.0,81526590.0
2025-07-31 09:56:37 AM,294.8,75,22110.0,81548700.0
2025-07-31 09:56:37 AM,295.3,0,0.0,81548700.0
2025-07-31 09:56:38 AM,295.3,75,22147.5,81570847.5
2025-07-31 09:56:49 AM,293.4,0,0.0,81570847.5
2025-07-31 09:56:50 AM,293.4,75,22005.0,81592852.5
2025-07-31 09:57:38 AM,299.8,0,0.0,81592852.5
2025-07-31 09:57:38 AM,299.8,75,22485.0,81615337.5
2025-07-31 09:57:50 AM,302.3,0,0.0,81615337.5
2025-07-31 09:57:50 AM,302.3,75,22672.5,81638010.0
2025-07-31 09:57:55 AM,303.2,0,0.0,81638010.0
2025-07-31 09:57:55 AM,303.2,75,22740.0,81660750.0
2025-07-31 09:57:58 AM,302.95,0,0.0,81660750.0
2025-07-31 09:57:58 AM,302.95,75,22721.25,81683471.25
2025-07-31 09:58:03 AM,303.0,0,0.0,81683471.25
2025-07-31 09:58:03 AM,303.6,525,159390.0,81842861.25
2025-07-31 09:58:05 AM,302.0,0,0.0,81842861.25
2025-07-31 09:58:05 AM,302.0,75,22650.0,81865511.25
2025-07-31 09:58:08 AM,302.4,0,0.0,81865511.25
2025-07-31 09:58:08 AM,302.4,300,90720.0,81956231.25
2025-07-31 09:58:09 AM,303.35,0,0.0,81956231.25
2025-07-31 09:58:10 AM,303.35,75,22751.25,81978982.5
2025-07-31 09:58:18 AM,304.55,0,0.0,81978982.5
2025-07-31 09:58:18 AM,304.55,150,45682.5,82024665.0
2025-07-31 09:58:22 AM,304.95,0,0.0,82024665.0
2025-07-31 09:58:23 AM,304.95,75,22871.25,82047536.25
2025-07-31 09:58:33 AM,302.7,0,0.0,82047536.25
2025-07-31 09:58:33 AM,302.7,75,22702.5,82070238.75
2025-07-31 09:58:56 AM,300.25,0,0.0,82070238.75
2025-07-31 09:58:57 AM,300.25,150,45037.5,82115276.25
2025-07-31 09:59:19 AM,301.6,0,0.0,82115276.25
2025-07-31 09:59:20 AM,301.6,75,22620.0,82137896.25
2025-07-31 09:59:26 AM,300.8,0,0.0,82137896.25
2025-07-31 09:59:26 AM,300.8,1800,541440.0,82679336.25
2025-07-31 09:59:43 AM,301.35,0,0.0,82679336.25
2025-07-31 09:59:43 AM,301.35,150,45202.5,82724538.75
2025-07-31 09:59:44 AM,301.05,0,0.0,82724538.75
2025-07-31 09:59:44 AM,301.05,225,67736.25,82792275.0
2025-07-31 09:59:49 AM,300.55,0,0.0,82792275.0
2025-07-31 09:59:50 AM,300.55,225,67623.75,82859898.75
2025-07-31 09:59:53 AM,301.25,0,0.0,82859898.75
2025-07-31 09:59:53 AM,301.25,150,45187.5,82905086.25
2025-07-31 09:59:56 AM,301.3,0,0.0,82905086.25
2025-07-31 09:59:56 AM,301.3,75,22597.5,82927683.75
2025-07-31 09:59:57 AM,300.85,0,0.0,82927683.75
2025-07-31 09:59:58 AM,304.15,0,0.0,82927683.75
2025-07-31 09:59:58 AM,303.15,0,0.0,82927683.75
2025-07-31 09:59:58 AM,303.15,375,113681.24999999999,83041365.0
2025-07-31 09:59:59 AM,304.4,0,0.0,83041365.0
2025-07-31 10:00:00 AM,303.9,0,0.0,83041365.0
2025-07-31 10:00:00 AM,303.9,2700,820529.9999999999,83861895.0
2025-07-31 10:00:01 AM,305.45,0,0.0,83861895.0
2025-07-31 10:00:01 AM,304.95,375,114356.25,83976251.25
2025-07-31 10:00:02 AM,304.4,75,22830.0,83999081.25
2025-07-31 10:00:05 AM,304.15,0,0.0,83999081.25
2025-07-31 10:00:05 AM,304.15,150,45622.5,84044703.75
2025-07-31 10:00:08 AM,305.95,0,0.0,84044703.75
2025-07-31 10:00:08 AM,305.95,75,22946.25,84067650.0
2025-07-31 10:00:18 AM,307.7,0,0.0,84067650.0
2025-07-31 10:00:18 AM,309.0,225,69525.0,84137175.0
2025-07-31 10:00:18 AM,310.0,75,23250.0,84160425.0
2025-07-31 10:00:21 AM,308.9,0,0.0,84160425.0
2025-07-31 10:00:21 AM,308.9,75,23167.5,84183592.5
2025-07-31 10:00:23 AM,309.95,0,0.0,84183592.5
2025-07-31 10:00:23 AM,309.95,75,23246.25,84206838.75
2025-07-31 10:00:27 AM,311.7,0,0.0,84206838.75
2025-07-31 10:00:28 AM,311.7,75,23377.5,84230216.25
2025-07-31 10:00:31 AM,310.6,0,0.0,84230216.25
2025-07-31 10:00:31 AM,310.6,75,23295.0,84253511.25
2025-07-31 10:00:33 AM,316.0,0,0.0,84253511.25
2025-07-31 10:00:33 AM,316.0,150,47400.0,84300911.25
2025-07-31 10:00:38 AM,319.45,0,0.0,84300911.25
2025-07-31 10:00:38 AM,318.2,0,0.0,84300911.25
2025-07-31 10:00:38 AM,318.2,225,71595.0,84372506.25
2025-07-31 10:00:40 AM,320.0,0,0.0,84372506.25
2025-07-31 10:00:40 AM,320.0,75,24000.0,84396506.25
2025-07-31 10:00:41 AM,323.75,0,0.0,84396506.25
2025-07-31 10:00:41 AM,323.75,75,24281.25,84420787.5
2025-07-31 10:00:47 AM,319.9,0,0.0,84420787.5
2025-07-31 10:00:48 AM,320.25,0,0.0,84420787.5
2025-07-31 10:00:48 AM,320.25,225,72056.25,84492843.75
2025-07-31 10:00:48 AM,318.2,0,0.0,84492843.75
2025-07-31 10:00:48 AM,318.2,75,23865.0,84516708.75
2025-07-31 10:00:50 AM,319.6,0,0.0,84516708.75
2025-07-31 10:00:50 AM,319.6,150,47940.0,84564648.75
2025-07-31 10:00:54 AM,321.4,0,0.0,84564648.75
2025-07-31 10:00:54 AM,322.1,300,96630.0,84661278.75
2025-07-31 10:01:02 AM,327.5,0,0.0,84661278.75
2025-07-31 10:01:03 AM,327.5,525,171937.5,84833216.25
2025-07-31 10:01:06 AM,328.2,0,0.0,84833216.25
2025-07-31 10:01:06 AM,328.2,1125,369225.0,85202441.25
2025-07-31 10:01:12 AM,322.75,0,0.0,85202441.25
2025-07-31 10:01:13 AM,322.75,300,96825.0,85299266.25
2025-07-31 10:01:19 AM,320.75,0,0.0,85299266.25
2025-07-31 10:01:19 AM,320.75,75,24056.25,85323322.5
2025-07-31 10:01:20 AM,319.85,225,71966.25,85395288.75
2025-07-31 10:01:21 AM,320.15,0,0.0,85395288.75
2025-07-31 10:01:21 AM,320.15,300,96045.0,85491333.75
2025-07-31 10:01:23 AM,317.75,0,0.0,85491333.75
2025-07-31 10:01:23 AM,317.75,150,47662.5,85538996.25
2025-07-31 10:01:31 AM,321.9,0,0.0,85538996.25
2025-07-31 10:01:31 AM,321.9,75,24142.5,85563138.75
2025-07-31 10:01:40 AM,321.15,0,0.0,85563138.75
2025-07-31 10:01:41 AM,321.15,75,24086.25,85587225.0
2025-07-31 10:01:47 AM,322.85,0,0.0,85587225.0
2025-07-31 10:01:48 AM,322.85,75,24213.75,85611438.75
2025-07-31 10:01:56 AM,322.4,0,0.0,85611438.75
2025-07-31 10:01:56 AM,322.4,150,48360.0,85659798.75
2025-07-31 10:01:56 AM,321.8,0,0.0,85659798.75
2025-07-31 10:01:57 AM,321.8,225,72405.0,85732203.75
2025-07-31 10:02:15 AM,324.15,0,0.0,85732203.75
2025-07-31 10:02:15 AM,324.15,75,24311.25,85756515.0
2025-07-31 10:02:28 AM,327.75,300,98325.0,85854840.0
2025-07-31 10:02:30 AM,328.2,0,0.0,85854840.0
2025-07-31 10:02:30 AM,328.2,75,24615.0,85879455.0
2025-07-31 10:02:31 AM,330.0,75,24750.0,85904205.0
2025-07-31 10:02:38 AM,326.8,0,0.0,85904205.0
2025-07-31 10:02:38 AM,326.8,150,49020.0,85953225.0
2025-07-31 10:02:43 AM,327.25,0,0.0,85953225.0
2025-07-31 10:02:44 AM,327.4,0,0.0,85953225.0
2025-07-31 10:02:44 AM,327.4,150,49110.0,86002335.0
2025-07-31 10:02:57 AM,329.0,150,49350.0,86051685.0
2025-07-31 10:02:59 AM,328.8,0,0.0,86051685.0
2025-07-31 10:02:59 AM,328.8,300,98640.0,86150325.0
2025-07-31 10:03:09 AM,327.4,0,0.0,86150325.0
2025-07-31 10:03:09 AM,327.4,300,98220.0,86248545.0
2025-07-31 10:03:27 AM,326.35,0,0.0,86248545.0
2025-07-31 10:03:28 AM,326.35,75,24476.25,86273021.25
2025-07-31 10:03:36 AM,328.5,0,0.0,86273021.25
2025-07-31 10:03:36 AM,328.5,300,98550.0,86371571.25
2025-07-31 10:03:39 AM,326.0,0,0.0,86371571.25
2025-07-31 10:03:39 AM,326.0,75,24450.0,86396021.25
2025-07-31 10:03:43 AM,326.85,0,0.0,86396021.25
2025-07-31 10:03:43 AM,326.85,300,98055.0,86494076.25
2025-07-31 10:03:49 AM,326.15,0,0.0,86494076.25
2025-07-31 10:03:49 AM,326.15,75,24461.25,86518537.5
2025-07-31 10:03:56 AM,326.15,75,24461.25,86542998.75
2025-07-31 10:04:12 AM,326.15,150,48922.5,86591921.25
2025-07-31 10:04:33 AM,321.45,0,0.0,86591921.25
2025-07-31 10:04:35 AM,321.45,300,96435.0,86688356.25
2025-07-31 10:04:43 AM,322.55,75,24191.25,86712547.5
2025-07-31 10:04:52 AM,323.65,0,0.0,86712547.5
2025-07-31 10:04:53 AM,323.65,150,48547.5,86761095.0
2025-07-31 10:04:54 AM,324.85,0,0.0,86761095.0
2025-07-31 10:04:55 AM,324.85,75,24363.75,86785458.75
2025-07-31 10:04:57 AM,326.0,0,0.0,86785458.75
2025-07-31 10:04:58 AM,326.0,75,24450.0,86809908.75
2025-07-31 10:05:13 AM,324.8,150,48720.0,86858628.75
2025-07-31 10:05:38 AM,323.3,0,0.0,86858628.75
2025-07-31 10:05:38 AM,323.3,75,24247.5,86882876.25
2025-07-31 10:05:47 AM,321.5,0,0.0,86882876.25
2025-07-31 10:05:48 AM,321.5,75,24112.5,86906988.75
2025-07-31 10:05:50 AM,319.8,0,0.0,86906988.75
2025-07-31 10:05:50 AM,319.8,75,23985.0,86930973.75
2025-07-31 10:07:09 AM,320.0,0,0.0,86930973.75
2025-07-31 10:07:09 AM,320.0,75,24000.0,86954973.75
2025-07-31 10:07:36 AM,313.0,0,0.0,86954973.75
2025-07-31 10:07:36 AM,313.0,150,46950.0,87001923.75
2025-07-31 10:08:13 AM,308.85,0,0.0,87001923.75
2025-07-31 10:08:13 AM,308.85,75,23163.75,87025087.5
2025-07-31 10:08:24 AM,308.95,0,0.0,87025087.5
2025-07-31 10:08:24 AM,308.95,75,23171.25,87048258.75
2025-07-31 10:08:25 AM,309.55,0,0.0,87048258.75
2025-07-31 10:08:26 AM,309.55,150,46432.5,87094691.25
2025-07-31 10:08:37 AM,309.25,0,0.0,87094691.25
2025-07-31 10:08:37 AM,309.25,75,23193.75,87117885.0
2025-07-31 10:09:11 AM,316.2,0,0.0,87117885.0
2025-07-31 10:09:11 AM,316.2,4500,1422900.0,88540785.0
2025-07-31 10:09:17 AM,315.15,0,0.0,88540785.0
2025-07-31 10:09:17 AM,315.15,75,23636.25,88564421.25
2025-07-31 10:10:04 AM,317.0,75,23775.0,88588196.25
2025-07-31 10:10:12 AM,321.45,75,24108.75,88612305.0
2025-07-31 10:10:16 AM,319.5,0,0.0,88612305.0
2025-07-31 10:10:16 AM,319.5,75,23962.5,88636267.5
2025-07-31 10:10:21 AM,319.55,0,0.0,88636267.5
2025-07-31 10:10:21 AM,319.55,75,23966.25,88660233.75
2025-07-31 10:10:29 AM,322.5,0,0.0,88660233.75
2025-07-31 10:10:30 AM,322.5,225,72562.5,88732796.25
2025-07-31 10:10:55 AM,319.5,0,0.0,88732796.25
2025-07-31 10:10:56 AM,319.5,75,23962.5,88756758.75
2025-07-31 10:11:21 AM,311.6,0,0.0,88756758.75
2025-07-31 10:11:21 AM,311.6,375,116850.00000000001,88873608.75
2025-07-31 10:12:14 AM,320.55,0,0.0,88873608.75
2025-07-31 10:12:15 AM,320.55,75,24041.25,88897650.0
2025-07-31 10:12:19 AM,320.75,0,0.0,88897650.0
2025-07-31 10:12:19 AM,320.75,75,24056.25,88921706.25
2025-07-31 10:13:57 AM,327.55,0,0.0,88921706.25
2025-07-31 10:13:58 AM,327.55,225,73698.75,88995405.0
2025-07-31 10:14:12 AM,323.15,0,0.0,88995405.0
2025-07-31 10:14:12 AM,323.15,75,24236.25,89019641.25
2025-07-31 10:14:55 AM,317.95,0,0.0,89019641.25
2025-07-31 10:14:55 AM,317.95,75,23846.25,89043487.5
2025-07-31 10:15:09 AM,323.15,0,0.0,89043487.5
2025-07-31 10:15:10 AM,323.15,75,24236.25,89067723.75
2025-07-31 10:15:12 AM,324.25,0,0.0,89067723.75
2025-07-31 10:15:13 AM,325.55,150,48832.5,89116556.25
2025-07-31 10:15:25 AM,325.55,75,24416.25,89140972.5
2025-07-31 10:15:32 AM,325.45,0,0.0,89140972.5
2025-07-31 10:15:32 AM,325.45,75,24408.75,89165381.25
2025-07-31 10:15:37 AM,326.75,0,0.0,89165381.25
2025-07-31 10:15:38 AM,326.75,75,24506.25,89189887.5
2025-07-31 10:15:56 AM,320.45,0,0.0,89189887.5
2025-07-31 10:15:56 AM,320.45,375,120168.75,89310056.25
2025-07-31 10:16:00 AM,318.6,75,23895.0,89333951.25
2025-07-31 10:16:17 AM,318.35,0,0.0,89333951.25
2025-07-31 10:16:18 AM,318.35,225,71628.75,89405580.0
2025-07-31 10:16:24 AM,314.5,0,0.0,89405580.0
2025-07-31 10:16:25 AM,314.5,75,23587.5,89429167.5
2025-07-31 10:16:41 AM,314.3,0,0.0,89429167.5
2025-07-31 10:16:41 AM,314.3,75,23572.5,89452740.0
2025-07-31 10:17:06 AM,319.1,0,0.0,89452740.0
2025-07-31 10:17:06 AM,319.1,75,23932.5,89476672.5
2025-07-31 10:17:10 AM,320.0,0,0.0,89476672.5
2025-07-31 10:17:10 AM,320.0,75,24000.0,89500672.5
2025-07-31 10:17:55 AM,322.1,0,0.0,89500672.5
2025-07-31 10:17:55 AM,322.1,1275,410677.5,89911350.0
2025-07-31 10:18:05 AM,317.75,0,0.0,89911350.0
2025-07-31 10:18:05 AM,317.75,150,47662.5,89959012.5
2025-07-31 10:18:07 AM,318.65,0,0.0,89959012.5
2025-07-31 10:18:07 AM,318.65,150,47797.5,90006810.0
2025-07-31 10:18:30 AM,318.55,0,0.0,90006810.0
2025-07-31 10:18:30 AM,318.55,225,71673.75,90078483.75
2025-07-31 10:18:52 AM,321.0,0,0.0,90078483.75
2025-07-31 10:18:53 AM,321.0,300,96300.0,90174783.75
2025-07-31 10:19:00 AM,321.45,0,0.0,90174783.75
2025-07-31 10:19:00 AM,321.45,225,72326.25,90247110.0
2025-07-31 10:19:06 AM,322.7,0,0.0,90247110.0
2025-07-31 10:19:06 AM,322.7,75,24202.5,90271312.5
2025-07-31 10:19:17 AM,321.0,0,0.0,90271312.5
2025-07-31 10:19:18 AM,321.0,75,24075.0,90295387.5
2025-07-31 10:19:34 AM,320.65,0,0.0,90295387.5
2025-07-31 10:19:35 AM,320.65,750,240487.49999999997,90535875.0
2025-07-31 10:19:36 AM,317.8,0,0.0,90535875.0
2025-07-31 10:19:36 AM,317.8,75,23835.0,90559710.0
2025-07-31 10:19:49 AM,321.45,0,0.0,90559710.0
2025-07-31 10:19:49 AM,321.45,75,24108.75,90583818.75
2025-07-31 10:20:05 AM,322.95,0,0.0,90583818.75
2025-07-31 10:20:06 AM,322.95,3225,1041513.75,91625332.5
2025-07-31 10:20:06 AM,321.35,0,0.0,91625332.5
2025-07-31 10:20:07 AM,321.35,1275,409721.25,92035053.75
2025-07-31 10:20:37 AM,324.9,0,0.0,92035053.75
2025-07-31 10:20:38 AM,324.9,75,24367.5,92059421.25
2025-07-31 10:20:41 AM,321.85,0,0.0,92059421.25
2025-07-31 10:20:41 AM,321.85,75,24138.75,92083560.0
2025-07-31 10:21:00 AM,325.6,0,0.0,92083560.0
2025-07-31 10:21:01 AM,325.6,150,48840.0,92132400.0
2025-07-31 10:21:04 AM,325.45,0,0.0,92132400.0
2025-07-31 10:21:04 AM,325.45,75,24408.75,92156808.75
2025-07-31 10:21:14 AM,324.35,0,0.0,92156808.75
2025-07-31 10:21:14 AM,324.35,75,24326.25,92181135.0
2025-07-31 10:21:34 AM,325.65,75,24423.75,92205558.75
2025-07-31 10:21:46 AM,325.5,0,0.0,92205558.75
2025-07-31 10:21:46 AM,326.4,2925,954719.9999999999,93160278.75
2025-07-31 10:22:12 AM,323.05,0,0.0,93160278.75
2025-07-31 10:22:13 AM,323.05,75,24228.75,93184507.5
2025-07-31 10:22:38 AM,315.0,0,0.0,93184507.5
2025-07-31 10:22:38 AM,315.0,75,23625.0,93208132.5
2025-07-31 10:22:40 AM,314.4,0,0.0,93208132.5
2025-07-31 10:22:41 AM,314.4,75,23580.0,93231712.5
2025-07-31 10:24:07 AM,316.4,0,0.0,93231712.5
2025-07-31 10:24:08 AM,316.4,150,47460.0,93279172.5
2025-07-31 10:24:12 AM,316.95,0,0.0,93279172.5
2025-07-31 10:24:13 AM,316.95,75,23771.25,93302943.75
2025-07-31 10:24:20 AM,317.0,0,0.0,93302943.75
2025-07-31 10:24:20 AM,317.0,300,95100.0,93398043.75
2025-07-31 10:24:31 AM,315.3,0,0.0,93398043.75
2025-07-31 10:24:32 AM,315.3,150,47295.0,93445338.75
2025-07-31 10:24:49 AM,314.25,0,0.0,93445338.75
2025-07-31 10:24:49 AM,314.25,75,23568.75,93468907.5
2025-07-31 10:25:07 AM,315.15,0,0.0,93468907.5
2025-07-31 10:25:08 AM,315.15,75,23636.25,93492543.75
2025-07-31 10:25:10 AM,315.4,2250,709650.0,94202193.75
2025-07-31 10:25:52 AM,314.95,0,0.0,94202193.75
2025-07-31 10:25:53 AM,314.95,375,118106.25,94320300.0
2025-07-31 10:26:11 AM,313.85,0,0.0,94320300.0
2025-07-31 10:26:12 AM,313.85,75,23538.75,94343838.75
2025-07-31 10:26:24 AM,315.3,0,0.0,94343838.75
2025-07-31 10:26:25 AM,315.3,75,23647.5,94367486.25
2025-07-31 10:26:25 AM,314.8,0,0.0,94367486.25
2025-07-31 10:26:25 AM,314.8,75,23610.0,94391096.25
2025-07-31 10:27:00 AM,315.05,0,0.0,94391096.25
2025-07-31 10:27:00 AM,315.05,75,23628.75,94414725.0
2025-07-31 10:27:04 AM,315.9,0,0.0,94414725.0
2025-07-31 10:27:05 AM,315.9,75,23692.5,94438417.5
2025-07-31 10:27:20 AM,310.8,0,0.0,94438417.5
2025-07-31 10:27:21 AM,310.8,225,69930.0,94508347.5
2025-07-31 10:27:28 AM,310.15,0,0.0,94508347.5
2025-07-31 10:27:28 AM,310.15,300,93045.0,94601392.5
2025-07-31 10:28:05 AM,309.55,0,0.0,94601392.5
2025-07-31 10:28:05 AM,309.55,225,69648.75,94671041.25
2025-07-31 10:28:11 AM,309.05,0,0.0,94671041.25
2025-07-31 10:28:11 AM,309.05,225,69536.25,94740577.5
2025-07-31 10:28:12 AM,311.25,75,23343.75,94763921.25
2025-07-31 10:28:33 AM,311.0,0,0.0,94763921.25
2025-07-31 10:28:34 AM,311.0,75,23325.0,94787246.25
2025-07-31 10:28:40 AM,313.25,75,23493.75,94810740.0
2025-07-31 10:28:46 AM,314.1,0,0.0,94810740.0
2025-07-31 10:28:47 AM,314.1,300,94230.0,94904970.0
2025-07-31 10:29:00 AM,312.45,0,0.0,94904970.0
2025-07-31 10:29:01 AM,312.45,75,23433.75,94928403.75
2025-07-31 10:29:26 AM,317.5,0,0.0,94928403.75
2025-07-31 10:29:27 AM,318.95,2400,765480.0,95693883.75
2025-07-31 10:29:31 AM,321.5,0,0.0,95693883.75
2025-07-31 10:29:32 AM,321.5,1425,458137.5,96152021.25
2025-07-31 10:29:38 AM,321.7,0,0.0,96152021.25
2025-07-31 10:29:38 AM,321.7,75,24127.5,96176148.75
2025-07-31 10:29:41 AM,318.75,0,0.0,96176148.75
2025-07-31 10:29:42 AM,319.9,2925,935707.4999999999,97111856.25
2025-07-31 10:30:05 AM,323.2,0,0.0,97111856.25
2025-07-31 10:30:06 AM,322.05,0,0.0,97111856.25
2025-07-31 10:30:06 AM,322.05,600,193230.0,97305086.25
2025-07-31 10:30:10 AM,321.3,0,0.0,97305086.25
2025-07-31 10:30:11 AM,321.3,975,313267.5,97618353.75
2025-07-31 10:31:09 AM,314.9,0,0.0,97618353.75
2025-07-31 10:31:09 AM,314.9,75,23617.5,97641971.25
2025-07-31 10:31:27 AM,318.4,0,0.0,97641971.25
2025-07-31 10:31:27 AM,318.4,75,23880.0,97665851.25
2025-07-31 10:32:07 AM,322.3,0,0.0,97665851.25
2025-07-31 10:32:07 AM,322.3,75,24172.5,97690023.75
2025-07-31 10:32:33 AM,322.3,75,24172.5,97714196.25
2025-07-31 10:32:36 AM,321.45,0,0.0,97714196.25
2025-07-31 10:32:37 AM,321.45,75,24108.75,97738305.0
2025-07-31 10:32:57 AM,321.35,0,0.0,97738305.0
2025-07-31 10:32:58 AM,321.35,300,96405.0,97834710.0
2025-07-31 10:33:09 AM,318.6,0,0.0,97834710.0
2025-07-31 10:33:10 AM,318.6,75,23895.0,97858605.0
2025-07-31 10:33:17 AM,319.15,0,0.0,97858605.0
2025-07-31 10:33:17 AM,319.15,75,23936.25,97882541.25
2025-07-31 10:33:21 AM,319.0,0,0.0,97882541.25
2025-07-31 10:33:21 AM,319.0,600,191400.0,98073941.25
2025-07-31 10:33:25 AM,320.55,0,0.0,98073941.25
2025-07-31 10:33:25 AM,320.55,75,24041.25,98097982.5
2025-07-31 10:33:32 AM,320.4,0,0.0,98097982.5
2025-07-31 10:33:32 AM,320.4,75,24030.0,98122012.5
2025-07-31 10:34:02 AM,323.0,0,0.0,98122012.5
2025-07-31 10:34:02 AM,323.0,75,24225.0,98146237.5
2025-07-31 10:34:07 AM,322.75,0,0.0,98146237.5
2025-07-31 10:34:07 AM,322.75,300,96825.0,98243062.5
2025-07-31 10:34:15 AM,323.45,0,0.0,98243062.5
2025-07-31 10:34:15 AM,323.45,300,97035.0,98340097.5
2025-07-31 10:34:19 AM,323.2,0,0.0,98340097.5
2025-07-31 10:34:19 AM,323.2,225,72720.0,98412817.5
2025-07-31 10:34:36 AM,322.55,225,72573.75,98485391.25
2025-07-31 10:34:37 AM,323.0,0,0.0,98485391.25
2025-07-31 10:34:37 AM,323.0,75,24225.0,98509616.25
2025-07-31 10:34:38 AM,323.35,0,0.0,98509616.25
2025-07-31 10:34:38 AM,323.35,225,72753.75,98582370.0
2025-07-31 10:34:39 AM,321.95,0,0.0,98582370.0
2025-07-31 10:34:40 AM,321.95,150,48292.5,98630662.5
2025-07-31 10:34:44 AM,320.9,75,24067.5,98654730.0
2025-07-31 10:34:46 AM,322.0,0,0.0,98654730.0
2025-07-31 10:34:46 AM,322.0,225,72450.0,98727180.0
2025-07-31 10:34:50 AM,321.15,0,0.0,98727180.0
2025-07-31 10:34:50 AM,321.15,75,24086.25,98751266.25
2025-07-31 10:34:55 AM,322.0,0,0.0,98751266.25
2025-07-31 10:34:56 AM,322.0,75,24150.0,98775416.25
2025-07-31 10:35:42 AM,322.25,0,0.0,98775416.25
2025-07-31 10:35:42 AM,322.25,75,24168.75,98799585.0
2025-07-31 10:35:45 AM,323.9,0,0.0,98799585.0
2025-07-31 10:35:45 AM,323.9,300,97170.0,98896755.0
2025-07-31 10:35:54 AM,323.2,0,0.0,98896755.0
2025-07-31 10:35:54 AM,323.2,75,24240.0,98920995.0
2025-07-31 10:35:57 AM,321.4,0,0.0,98920995.0
2025-07-31 10:35:58 AM,321.4,75,24105.0,98945100.0
2025-07-31 10:36:13 AM,321.8,0,0.0,98945100.0
2025-07-31 10:36:14 AM,321.8,75,24135.0,98969235.0
2025-07-31 10:36:17 AM,325.0,0,0.0,98969235.0
2025-07-31 10:36:18 AM,325.0,75,24375.0,98993610.0
2025-07-31 10:36:24 AM,323.1,0,0.0,98993610.0
2025-07-31 10:36:24 AM,322.65,0,0.0,98993610.0
2025-07-31 10:36:25 AM,322.65,150,48397.5,99042007.5
2025-07-31 10:36:25 AM,321.45,0,0.0,99042007.5
2025-07-31 10:36:25 AM,321.6,0,0.0,99042007.5
2025-07-31 10:36:25 AM,321.6,300,96480.0,99138487.5
2025-07-31 10:36:27 AM,321.25,0,0.0,99138487.5
2025-07-31 10:36:28 AM,321.25,75,24093.75,99162581.25
2025-07-31 10:37:01 AM,323.2,0,0.0,99162581.25
2025-07-31 10:37:01 AM,323.2,750,242400.0,99404981.25
2025-07-31 10:37:12 AM,327.0,0,0.0,99404981.25
2025-07-31 10:37:13 AM,327.0,3300,1079100.0,100484081.25
2025-07-31 10:37:16 AM,327.1,450,147195.0,100631276.25
2025-07-31 10:37:16 AM,327.3,0,0.0,100631276.25
2025-07-31 10:37:17 AM,327.3,75,24547.5,100655823.75
2025-07-31 10:37:18 AM,326.75,0,0.0,100655823.75
2025-07-31 10:37:19 AM,326.75,75,24506.25,100680330.0
2025-07-31 10:37:36 AM,320.65,0,0.0,100680330.0
2025-07-31 10:37:37 AM,321.55,0,0.0,100680330.0
2025-07-31 10:37:37 AM,321.55,2025,651138.75,101331468.75
2025-07-31 10:38:11 AM,315.6,75,23670.0,101355138.75
2025-07-31 10:38:55 AM,321.8,0,0.0,101355138.75
2025-07-31 10:38:55 AM,321.8,150,48270.0,101403408.75
2025-07-31 10:38:59 AM,322.4,0,0.0,101403408.75
2025-07-31 10:39:00 AM,322.4,150,48360.0,101451768.75
2025-07-31 10:39:10 AM,320.05,0,0.0,101451768.75
2025-07-31 10:39:11 AM,320.25,0,0.0,101451768.75
2025-07-31 10:39:11 AM,320.25,2550,816637.5,102268406.25
2025-07-31 10:39:57 AM,317.05,0,0.0,102268406.25
2025-07-31 10:39:57 AM,317.05,75,23778.75,102292185.0
2025-07-31 10:40:05 AM,315.75,0,0.0,102292185.0
2025-07-31 10:40:05 AM,316.8,0,0.0,102292185.0
2025-07-31 10:40:05 AM,316.8,3600,1140480.0,103432665.0
2025-07-31 10:40:27 AM,314.6,0,0.0,103432665.0
2025-07-31 10:40:27 AM,314.6,75,23595.0,103456260.0
2025-07-31 10:40:28 AM,315.65,0,0.0,103456260.0
2025-07-31 10:40:28 AM,315.65,75,23673.75,103479933.75
2025-07-31 10:41:18 AM,318.35,0,0.0,103479933.75
2025-07-31 10:41:19 AM,318.35,75,23876.25,103503810.0
2025-07-31 10:41:34 AM,316.9,0,0.0,103503810.0
2025-07-31 10:41:34 AM,316.85,0,0.0,103503810.0
2025-07-31 10:41:35 AM,316.85,225,71291.25,103575101.25
2025-07-31 10:41:52 AM,315.0,0,0.0,103575101.25
2025-07-31 10:41:53 AM,315.0,150,47250.0,103622351.25
2025-07-31 10:41:55 AM,315.05,75,23628.75,103645980.0
2025-07-31 10:42:28 AM,315.7,0,0.0,103645980.0
2025-07-31 10:42:28 AM,315.7,75,23677.5,103669657.5
2025-07-31 10:42:56 AM,316.05,0,0.0,103669657.5
2025-07-31 10:42:56 AM,316.05,300,94815.0,103764472.5
2025-07-31 10:44:02 AM,316.0,0,0.0,103764472.5
2025-07-31 10:44:03 AM,316.0,75,23700.0,103788172.5
2025-07-31 10:44:09 AM,315.1,0,0.0,103788172.5
2025-07-31 10:44:10 AM,315.1,300,94530.0,103882702.5
2025-07-31 10:44:24 AM,315.15,0,0.0,103882702.5
2025-07-31 10:44:24 AM,315.15,150,47272.5,103929975.0
2025-07-31 10:44:27 AM,315.55,0,0.0,103929975.0
2025-07-31 10:44:27 AM,315.55,75,23666.25,103953641.25
2025-07-31 10:44:38 AM,313.0,0,0.0,103953641.25
2025-07-31 10:44:39 AM,313.0,75,23475.0,103977116.25
2025-07-31 10:44:51 AM,311.0,0,0.0,103977116.25
2025-07-31 10:44:51 AM,310.0,225,69750.0,104046866.25
2025-07-31 10:44:52 AM,310.05,75,23253.75,104070120.0
2025-07-31 10:44:57 AM,307.75,0,0.0,104070120.0
2025-07-31 10:44:58 AM,307.75,75,23081.25,104093201.25
2025-07-31 10:44:59 AM,304.3,0,0.0,104093201.25
2025-07-31 10:44:59 AM,303.6,375,113850.00000000001,104207051.25
2025-07-31 10:45:01 AM,305.05,0,0.0,104207051.25
2025-07-31 10:45:01 AM,305.05,300,91515.0,104298566.25
2025-07-31 10:45:02 AM,306.15,0,0.0,104298566.25
2025-07-31 10:45:02 AM,306.15,75,22961.25,104321527.5
2025-07-31 10:45:03 AM,307.3,75,23047.5,104344575.0
2025-07-31 10:45:06 AM,302.75,0,0.0,104344575.0
2025-07-31 10:45:06 AM,302.75,75,22706.25,104367281.25
2025-07-31 10:45:08 AM,303.0,0,0.0,104367281.25
2025-07-31 10:45:09 AM,303.0,75,22725.0,104390006.25
2025-07-31 10:45:12 AM,300.0,0,0.0,104390006.25
2025-07-31 10:45:12 AM,300.0,75,22500.0,104412506.25
2025-07-31 10:45:22 AM,300.9,0,0.0,104412506.25
2025-07-31 10:45:22 AM,300.9,225,67702.5,104480208.75
2025-07-31 10:45:29 AM,297.95,0,0.0,104480208.75
2025-07-31 10:45:29 AM,298.55,2175,649346.25,105129555.0
2025-07-31 10:45:30 AM,299.0,0,0.0,105129555.0
2025-07-31 10:45:30 AM,299.0,1350,403650.0,105533205.0
2025-07-31 10:45:34 AM,293.5,0,0.0,105533205.0
2025-07-31 10:45:35 AM,293.5,375,110062.5,105643267.5
2025-07-31 10:45:35 AM,293.0,0,0.0,105643267.5
2025-07-31 10:45:36 AM,291.8,0,0.0,105643267.5
2025-07-31 10:45:36 AM,291.8,1575,459585.0,106102852.5
2025-07-31 10:45:38 AM,290.0,0,0.0,106102852.5
2025-07-31 10:45:38 AM,290.0,525,152250.0,106255102.5
2025-07-31 10:45:39 AM,290.45,0,0.0,106255102.5
2025-07-31 10:45:39 AM,290.45,225,65351.25,106320453.75
2025-07-31 10:45:44 AM,295.0,0,0.0,106320453.75
2025-07-31 10:45:44 AM,295.0,225,66375.0,106386828.75
2025-07-31 10:45:49 AM,295.2,0,0.0,106386828.75
2025-07-31 10:45:50 AM,295.2,150,44280.0,106431108.75
2025-07-31 10:45:51 AM,295.65,0,0.0,106431108.75
2025-07-31 10:45:52 AM,295.65,75,22173.75,106453282.5
2025-07-31 10:46:10 AM,294.85,0,0.0,106453282.5
2025-07-31 10:46:10 AM,294.85,225,66341.25,106519623.75
2025-07-31 10:46:17 AM,297.4,0,0.0,106519623.75
2025-07-31 10:46:17 AM,297.4,150,44610.0,106564233.75
2025-07-31 10:46:44 AM,298.45,0,0.0,106564233.75
2025-07-31 10:46:44 AM,298.45,1500,447675.0,107011908.75
2025-07-31 10:46:49 AM,297.75,0,0.0,107011908.75
2025-07-31 10:46:49 AM,297.75,75,22331.25,107034240.0
2025-07-31 10:46:52 AM,298.15,0,0.0,107034240.0
2025-07-31 10:46:52 AM,298.15,75,22361.25,107056601.25
2025-07-31 10:47:00 AM,295.2,0,0.0,107056601.25
2025-07-31 10:47:00 AM,295.2,75,22140.0,107078741.25
2025-07-31 10:47:00 AM,294.55,0,0.0,107078741.25
2025-07-31 10:47:01 AM,294.55,75,22091.25,107100832.5
2025-07-31 10:47:34 AM,294.8,0,0.0,107100832.5
2025-07-31 10:47:35 AM,294.8,150,44220.0,107145052.5
2025-07-31 10:47:37 AM,295.0,0,0.0,107145052.5
2025-07-31 10:47:37 AM,295.0,75,22125.0,107167177.5
2025-07-31 10:47:58 AM,295.2,0,0.0,107167177.5
2025-07-31 10:47:58 AM,295.2,75,22140.0,107189317.5
2025-07-31 10:48:20 AM,294.9,225,66352.5,107255670.0
2025-07-31 10:48:25 AM,290.85,0,0.0,107255670.0
2025-07-31 10:48:25 AM,290.85,225,65441.25000000001,107321111.25
2025-07-31 10:48:28 AM,293.05,0,0.0,107321111.25
2025-07-31 10:48:28 AM,293.05,75,21978.75,107343090.0
2025-07-31 10:48:31 AM,290.45,0,0.0,107343090.0
2025-07-31 10:48:32 AM,290.45,75,21783.75,107364873.75
2025-07-31 10:48:34 AM,290.8,0,0.0,107364873.75
2025-07-31 10:48:35 AM,290.8,75,21810.0,107386683.75
2025-07-31 10:48:39 AM,289.35,0,0.0,107386683.75
2025-07-31 10:48:39 AM,289.35,75,21701.25,107408385.0
2025-07-31 10:48:42 AM,288.15,0,0.0,107408385.0
2025-07-31 10:48:42 AM,288.15,75,21611.25,107429996.25
2025-07-31 10:48:45 AM,287.0,75,21525.0,107451521.25
2025-07-31 10:48:46 AM,287.25,225,64631.25,107516152.5
2025-07-31 10:48:46 AM,288.15,0,0.0,107516152.5
2025-07-31 10:48:47 AM,288.15,75,21611.25,107537763.75
2025-07-31 10:48:49 AM,284.05,0,0.0,107537763.75
2025-07-31 10:48:50 AM,284.05,2625,745631.25,108283395.0
2025-07-31 10:48:51 AM,281.7,0,0.0,108283395.0
2025-07-31 10:48:52 AM,281.7,300,84510.0,108367905.0
2025-07-31 10:48:52 AM,282.45,0,0.0,108367905.0
2025-07-31 10:48:52 AM,282.45,75,21183.75,108389088.75
2025-07-31 10:48:53 AM,280.5,0,0.0,108389088.75
2025-07-31 10:48:53 AM,280.0,450,126000.0,108515088.75
2025-07-31 10:48:54 AM,280.0,75,21000.0,108536088.75
2025-07-31 10:48:59 AM,283.5,0,0.0,108536088.75
2025-07-31 10:48:59 AM,283.5,150,42525.0,108578613.75
2025-07-31 10:49:00 AM,281.85,0,0.0,108578613.75
2025-07-31 10:49:00 AM,280.95,1200,337140.0,108915753.75
2025-07-31 10:49:00 AM,280.85,0,0.0,108915753.75
2025-07-31 10:49:01 AM,280.85,75,21063.75,108936817.5
2025-07-31 10:49:06 AM,282.0,0,0.0,108936817.5
2025-07-31 10:49:06 AM,282.7,0,0.0,108936817.5
2025-07-31 10:49:07 AM,282.7,300,84810.0,109021627.5
2025-07-31 10:49:09 AM,283.4,0,0.0,109021627.5
2025-07-31 10:49:10 AM,284.55,0,0.0,109021627.5
2025-07-31 10:49:10 AM,284.45,300,85335.0,109106962.5
2025-07-31 10:49:11 AM,283.9,0,0.0,109106962.5
2025-07-31 10:49:11 AM,283.9,75,21292.5,109128255.0
2025-07-31 10:49:11 AM,283.1,0,0.0,109128255.0
2025-07-31 10:49:12 AM,283.1,75,21232.5,109149487.5
2025-07-31 10:49:13 AM,284.6,0,0.0,109149487.5
2025-07-31 10:49:13 AM,284.6,75,21345.0,109170832.5
2025-07-31 10:49:14 AM,282.65,0,0.0,109170832.5
2025-07-31 10:49:14 AM,282.65,225,63596.24999999999,109234428.75
2025-07-31 10:49:21 AM,289.0,0,0.0,109234428.75
2025-07-31 10:49:22 AM,289.0,75,21675.0,109256103.75
2025-07-31 10:49:59 AM,284.1,0,0.0,109256103.75
2025-07-31 10:49:59 AM,284.4,0,0.0,109256103.75
2025-07-31 10:50:00 AM,284.5,0,0.0,109256103.75
2025-07-31 10:50:00 AM,284.5,225,64012.5,109320116.25
2025-07-31 10:50:05 AM,284.7,0,0.0,109320116.25
2025-07-31 10:50:05 AM,284.7,75,21352.5,109341468.75
2025-07-31 10:50:29 AM,286.35,0,0.0,109341468.75
2025-07-31 10:50:30 AM,286.35,75,21476.25,109362945.0
2025-07-31 10:50:37 AM,282.6,0,0.0,109362945.0
2025-07-31 10:50:37 AM,282.6,225,63585.00000000001,109426530.0
2025-07-31 10:50:39 AM,279.7,0,0.0,109426530.0
2025-07-31 10:50:39 AM,279.8,0,0.0,109426530.0
2025-07-31 10:50:40 AM,277.8,0,0.0,109426530.0
2025-07-31 10:50:40 AM,278.0,1200,333600.0,109760130.0
2025-07-31 10:50:40 AM,277.5,0,0.0,109760130.0
2025-07-31 10:50:41 AM,277.5,150,41625.0,109801755.0
2025-07-31 10:50:42 AM,278.2,0,0.0,109801755.0
2025-07-31 10:50:42 AM,278.2,225,62595.0,109864350.0
2025-07-31 10:50:43 AM,275.85,0,0.0,109864350.0
2025-07-31 10:50:43 AM,276.85,0,0.0,109864350.0
2025-07-31 10:50:44 AM,276.85,750,207637.50000000003,110071987.5
2025-07-31 10:50:45 AM,278.35,0,0.0,110071987.5
2025-07-31 10:50:45 AM,278.35,75,20876.25,110092863.75
2025-07-31 10:50:46 AM,278.1,0,0.0,110092863.75
2025-07-31 10:50:46 AM,278.1,75,20857.5,110113721.25
2025-07-31 10:50:48 AM,279.75,0,0.0,110113721.25
2025-07-31 10:50:49 AM,279.75,75,20981.25,110134702.5
2025-07-31 10:50:50 AM,281.45,0,0.0,110134702.5
2025-07-31 10:50:50 AM,281.45,75,21108.75,110155811.25
2025-07-31 10:50:58 AM,282.3,0,0.0,110155811.25
2025-07-31 10:50:59 AM,282.3,75,21172.5,110176983.75
2025-07-31 10:50:59 AM,284.6,0,0.0,110176983.75
2025-07-31 10:51:00 AM,285.1,0,0.0,110176983.75
2025-07-31 10:51:00 AM,285.1,225,64147.50000000001,110241131.25
2025-07-31 10:51:01 AM,285.85,0,0.0,110241131.25
2025-07-31 10:51:01 AM,285.85,75,21438.75,110262570.0
2025-07-31 10:51:01 AM,286.95,0,0.0,110262570.0
2025-07-31 10:51:02 AM,286.95,450,129127.5,110391697.5
2025-07-31 10:51:07 AM,287.75,0,0.0,110391697.5
2025-07-31 10:51:07 AM,287.75,75,21581.25,110413278.75
2025-07-31 10:51:11 AM,288.75,0,0.0,110413278.75
2025-07-31 10:51:12 AM,288.75,75,21656.25,110434935.0
2025-07-31 10:51:21 AM,288.8,0,0.0,110434935.0
2025-07-31 10:51:22 AM,288.8,75,21660.0,110456595.0
2025-07-31 10:51:45 AM,288.7,0,0.0,110456595.0
2025-07-31 10:51:45 AM,288.7,75,21652.5,110478247.5
2025-07-31 10:52:16 AM,279.95,0,0.0,110478247.5
2025-07-31 10:52:17 AM,279.95,75,20996.25,110499243.75
2025-07-31 10:52:26 AM,282.75,0,0.0,110499243.75
2025-07-31 10:52:27 AM,282.75,75,21206.25,110520450.0
2025-07-31 10:52:33 AM,283.55,0,0.0,110520450.0
2025-07-31 10:52:34 AM,283.55,75,21266.25,110541716.25
2025-07-31 10:52:34 AM,283.95,0,0.0,110541716.25
2025-07-31 10:52:34 AM,283.15,0,0.0,110541716.25
2025-07-31 10:52:35 AM,283.15,825,233598.74999999997,110775315.0
2025-07-31 10:52:37 AM,282.2,450,126990.0,110902305.0
2025-07-31 10:52:39 AM,282.2,150,42330.0,110944635.0
2025-07-31 10:52:46 AM,281.8,0,0.0,110944635.0
2025-07-31 10:52:47 AM,281.8,75,21135.0,110965770.0
2025-07-31 10:53:00 AM,282.3,0,0.0,110965770.0
2025-07-31 10:53:00 AM,282.3,450,127035.0,111092805.0
2025-07-31 10:53:02 AM,281.8,0,0.0,111092805.0
2025-07-31 10:53:02 AM,281.8,75,21135.0,111113940.0
2025-07-31 10:53:06 AM,281.1,0,0.0,111113940.0
2025-07-31 10:53:07 AM,281.1,75,21082.5,111135022.5
2025-07-31 10:53:13 AM,280.3,0,0.0,111135022.5
2025-07-31 10:53:14 AM,280.3,75,21022.5,111156045.0
2025-07-31 10:53:23 AM,282.3,0,0.0,111156045.0
2025-07-31 10:53:24 AM,282.3,75,21172.5,111177217.5
2025-07-31 10:53:39 AM,280.35,0,0.0,111177217.5
2025-07-31 10:53:40 AM,280.35,75,21026.25,111198243.75
2025-07-31 10:53:40 AM,280.25,0,0.0,111198243.75
2025-07-31 10:53:40 AM,280.25,750,210187.5,111408431.25
2025-07-31 10:53:48 AM,281.75,0,0.0,111408431.25
2025-07-31 10:53:49 AM,281.75,75,21131.25,111429562.5
2025-07-31 10:53:52 AM,282.35,0,0.0,111429562.5
2025-07-31 10:53:54 AM,282.35,75,21176.25,111450738.75
2025-07-31 10:53:55 AM,282.05,0,0.0,111450738.75
2025-07-31 10:53:55 AM,282.05,75,21153.75,111471892.5
2025-07-31 10:53:57 AM,281.35,0,0.0,111471892.5
2025-07-31 10:53:57 AM,281.35,75,21101.25,111492993.75
2025-07-31 10:53:58 AM,281.4,0,0.0,111492993.75
2025-07-31 10:53:59 AM,281.4,300,84420.0,111577413.75
2025-07-31 10:53:59 AM,283.95,0,0.0,111577413.75
2025-07-31 10:54:00 AM,283.95,900,255555.0,111832968.75
2025-07-31 10:54:05 AM,282.25,0,0.0,111832968.75
2025-07-31 10:54:05 AM,282.25,75,21168.75,111854137.5
2025-07-31 10:54:09 AM,283.4,0,0.0,111854137.5
2025-07-31 10:54:10 AM,283.4,75,21255.0,111875392.5
2025-07-31 10:54:19 AM,282.45,0,0.0,111875392.5
2025-07-31 10:54:20 AM,282.45,75,21183.75,111896576.25
2025-07-31 10:54:28 AM,281.35,0,0.0,111896576.25
2025-07-31 10:54:29 AM,281.35,75,21101.25,111917677.5
2025-07-31 10:54:29 AM,280.0,0,0.0,111917677.5
2025-07-31 10:54:30 AM,280.0,300,84000.0,112001677.5
2025-07-31 10:54:32 AM,279.2,0,0.0,112001677.5
2025-07-31 10:54:32 AM,279.2,75,20940.0,112022617.5
2025-07-31 10:54:32 AM,279.25,0,0.0,112022617.5
2025-07-31 10:54:33 AM,280.0,0,0.0,112022617.5
2025-07-31 10:54:34 AM,280.0,975,273000.0,112295617.5
2025-07-31 10:54:45 AM,280.35,150,42052.5,112337670.0
2025-07-31 10:55:07 AM,280.0,0,0.0,112337670.0
2025-07-31 10:55:07 AM,280.0,450,126000.0,112463670.0
2025-07-31 10:55:11 AM,279.95,0,0.0,112463670.0
2025-07-31 10:55:12 AM,279.0,150,41850.0,112505520.0
2025-07-31 10:55:14 AM,280.0,0,0.0,112505520.0
2025-07-31 10:55:14 AM,280.0,75,21000.0,112526520.0
2025-07-31 10:55:15 AM,280.0,825,231000.0,112757520.0
2025-07-31 10:55:23 AM,283.8,0,0.0,112757520.0
2025-07-31 10:55:24 AM,283.8,225,63855.0,112821375.0
2025-07-31 10:55:25 AM,283.15,0,0.0,112821375.0
2025-07-31 10:55:25 AM,283.15,375,106181.24999999999,112927556.25
2025-07-31 10:55:27 AM,283.9,0,0.0,112927556.25
2025-07-31 10:55:27 AM,283.9,75,21292.5,112948848.75
2025-07-31 10:55:35 AM,281.95,0,0.0,112948848.75
2025-07-31 10:55:35 AM,281.95,75,21146.25,112969995.0
2025-07-31 10:55:45 AM,281.25,0,0.0,112969995.0
2025-07-31 10:55:45 AM,281.25,75,21093.75,112991088.75
2025-07-31 10:56:04 AM,281.85,0,0.0,112991088.75
2025-07-31 10:56:04 AM,281.85,75,21138.75,113012227.5
2025-07-31 10:56:37 AM,287.0,0,0.0,113012227.5
2025-07-31 10:56:37 AM,288.05,2025,583301.25,113595528.75
2025-07-31 10:56:39 AM,287.9,0,0.0,113595528.75
2025-07-31 10:56:40 AM,287.9,75,21592.5,113617121.25
2025-07-31 10:56:50 AM,287.7,0,0.0,113617121.25
2025-07-31 10:56:50 AM,287.7,1050,302085.0,113919206.25
2025-07-31 10:56:56 AM,285.0,0,0.0,113919206.25
2025-07-31 10:56:57 AM,285.0,975,277875.0,114197081.25
2025-07-31 10:56:57 AM,285.0,300,85500.0,114282581.25
2025-07-31 10:57:03 AM,286.3,0,0.0,114282581.25
2025-07-31 10:57:04 AM,286.3,75,21472.5,114304053.75
2025-07-31 10:57:08 AM,291.05,0,0.0,114304053.75
2025-07-31 10:57:09 AM,291.05,975,283773.75,114587827.5
2025-07-31 10:57:09 AM,292.35,0,0.0,114587827.5
2025-07-31 10:57:09 AM,292.35,675,197336.25000000003,114785163.75
2025-07-31 10:57:12 AM,290.2,0,0.0,114785163.75
2025-07-31 10:57:12 AM,290.95,0,0.0,114785163.75
2025-07-31 10:57:12 AM,290.95,1350,392782.5,115177946.25
2025-07-31 10:57:18 AM,290.7,0,0.0,115177946.25
2025-07-31 10:57:19 AM,291.15,0,0.0,115177946.25
2025-07-31 10:57:19 AM,291.15,375,109181.24999999999,115287127.5
2025-07-31 10:57:25 AM,289.0,0,0.0,115287127.5
2025-07-31 10:57:25 AM,289.0,1050,303450.0,115590577.5
2025-07-31 10:57:42 AM,289.0,75,21675.0,115612252.5
2025-07-31 10:57:45 AM,286.6,0,0.0,115612252.5
2025-07-31 10:57:45 AM,286.5,0,0.0,115612252.5
2025-07-31 10:57:45 AM,286.5,2325,666112.5,116278365.0
2025-07-31 10:57:46 AM,285.5,0,0.0,116278365.0
2025-07-31 10:57:47 AM,285.5,75,21412.5,116299777.5
2025-07-31 10:57:50 AM,283.5,0,0.0,116299777.5
2025-07-31 10:57:51 AM,283.5,75,21262.5,116321040.0
2025-07-31 10:57:53 AM,284.55,0,0.0,116321040.0
2025-07-31 10:57:54 AM,284.55,150,42682.5,116363722.5
2025-07-31 10:58:04 AM,288.95,0,0.0,116363722.5
2025-07-31 10:58:05 AM,288.95,150,43342.5,116407065.0
2025-07-31 10:58:20 AM,290.8,0,0.0,116407065.0
2025-07-31 10:58:20 AM,290.8,75,21810.0,116428875.0
2025-07-31 10:58:23 AM,290.9,0,0.0,116428875.0
2025-07-31 10:58:24 AM,290.9,75,21817.5,116450692.5
2025-07-31 10:58:32 AM,291.45,0,0.0,116450692.5
2025-07-31 10:58:32 AM,291.45,150,43717.5,116494410.0
2025-07-31 10:58:36 AM,291.75,0,0.0,116494410.0
2025-07-31 10:58:37 AM,292.05,0,0.0,116494410.0
2025-07-31 10:58:37 AM,292.05,675,197133.75,116691543.75
2025-07-31 10:58:37 AM,291.95,0,0.0,116691543.75
2025-07-31 10:58:37 AM,292.0,300,87600.0,116779143.75
2025-07-31 10:58:39 AM,292.1,150,43815.0,116822958.75
2025-07-31 10:58:40 AM,293.95,0,0.0,116822958.75
2025-07-31 10:58:40 AM,293.85,375,110193.75000000001,116933152.5
2025-07-31 10:58:40 AM,294.25,0,0.0,116933152.5
2025-07-31 10:58:41 AM,294.6,150,44190.0,116977342.5
2025-07-31 10:58:42 AM,294.65,0,0.0,116977342.5
2025-07-31 10:58:42 AM,294.65,75,22098.75,116999441.25
2025-07-31 10:58:46 AM,293.5,0,0.0,116999441.25
2025-07-31 10:58:47 AM,294.0,0,0.0,116999441.25
2025-07-31 10:58:47 AM,294.0,300,88200.0,117087641.25
2025-07-31 10:58:59 AM,292.95,900,263655.0,117351296.25
2025-07-31 10:59:01 AM,293.45,0,0.0,117351296.25
2025-07-31 10:59:02 AM,293.65,0,0.0,117351296.25
2025-07-31 10:59:02 AM,293.65,150,44047.5,117395343.75
2025-07-31 10:59:06 AM,291.8,0,0.0,117395343.75
2025-07-31 10:59:07 AM,291.8,75,21885.0,117417228.75
2025-07-31 10:59:18 AM,287.85,0,0.0,117417228.75
2025-07-31 10:59:19 AM,287.85,75,21588.75,117438817.5
2025-07-31 10:59:27 AM,286.75,75,21506.25,117460323.75
2025-07-31 10:59:32 AM,286.1,0,0.0,117460323.75
2025-07-31 10:59:32 AM,286.1,225,64372.50000000001,117524696.25
2025-07-31 10:59:33 AM,286.85,0,0.0,117524696.25
2025-07-31 10:59:34 AM,286.85,75,21513.75,117546210.0
2025-07-31 10:59:56 AM,284.4,0,0.0,117546210.0
2025-07-31 10:59:57 AM,285.1,0,0.0,117546210.0
2025-07-31 10:59:57 AM,285.1,150,42765.0,117588975.0
2025-07-31 11:00:01 AM,284.75,75,21356.25,117610331.25
2025-07-31 11:00:32 AM,282.0,0,0.0,117610331.25
2025-07-31 11:00:32 AM,282.0,75,21150.0,117631481.25
2025-07-31 11:00:37 AM,281.0,0,0.0,117631481.25
2025-07-31 11:00:37 AM,281.0,150,42150.0,117673631.25
2025-07-31 11:00:39 AM,280.85,0,0.0,117673631.25
2025-07-31 11:00:40 AM,280.85,75,21063.75,117694695.0
2025-07-31 11:00:46 AM,278.1,0,0.0,117694695.0
2025-07-31 11:00:47 AM,277.0,0,0.0,117694695.0
2025-07-31 11:00:47 AM,277.0,225,62325.0,117757020.0
2025-07-31 11:00:52 AM,277.65,0,0.0,117757020.0
2025-07-31 11:00:52 AM,277.65,1050,291532.5,118048552.5
2025-07-31 11:00:53 AM,277.0,0,0.0,118048552.5
2025-07-31 11:00:54 AM,277.0,225,62325.0,118110877.5
2025-07-31 11:01:05 AM,277.0,300,83100.0,118193977.5
2025-07-31 11:01:06 AM,276.0,0,0.0,118193977.5
2025-07-31 11:01:06 AM,275.2,0,0.0,118193977.5
2025-07-31 11:01:07 AM,275.2,225,61920.0,118255897.5
2025-07-31 11:01:09 AM,273.0,0,0.0,118255897.5
2025-07-31 11:01:09 AM,273.0,225,61425.0,118317322.5
2025-07-31 11:01:09 AM,271.0,0,0.0,118317322.5
2025-07-31 11:01:10 AM,271.0,150,40650.0,118357972.5
2025-07-31 11:01:12 AM,270.15,0,0.0,118357972.5
2025-07-31 11:01:12 AM,270.15,225,60783.74999999999,118418756.25
2025-07-31 11:01:12 AM,269.55,75,20216.25,118438972.5
2025-07-31 11:01:14 AM,269.3,0,0.0,118438972.5
2025-07-31 11:01:14 AM,269.3,150,40395.0,118479367.5
2025-07-31 11:01:16 AM,270.95,0,0.0,118479367.5
2025-07-31 11:01:16 AM,270.95,225,60963.75,118540331.25
2025-07-31 11:01:19 AM,270.7,0,0.0,118540331.25
2025-07-31 11:01:19 AM,270.7,150,40605.0,118580936.25
2025-07-31 11:01:19 AM,269.7,0,0.0,118580936.25
2025-07-31 11:01:20 AM,269.0,0,0.0,118580936.25
2025-07-31 11:01:20 AM,264.85,375,99318.75000000001,118680255.0
2025-07-31 11:01:25 AM,263.3,0,0.0,118680255.0
2025-07-31 11:01:25 AM,262.8,0,0.0,118680255.0
2025-07-31 11:01:25 AM,262.8,150,39420.0,118719675.0
2025-07-31 11:01:27 AM,264.85,0,0.0,118719675.0
2025-07-31 11:01:27 AM,264.85,1050,278092.5,118997767.5
2025-07-31 11:01:30 AM,263.35,0,0.0,118997767.5
2025-07-31 11:01:30 AM,263.35,225,59253.75000000001,119057021.25
2025-07-31 11:01:38 AM,263.0,0,0.0,119057021.25
2025-07-31 11:01:39 AM,263.0,75,19725.0,119076746.25
2025-07-31 11:01:40 AM,261.0,0,0.0,119076746.25
2025-07-31 11:01:40 AM,261.0,150,39150.0,119115896.25
2025-07-31 11:01:42 AM,261.8,0,0.0,119115896.25
2025-07-31 11:01:42 AM,261.8,1050,274890.0,119390786.25
2025-07-31 11:01:56 AM,263.25,0,0.0,119390786.25
2025-07-31 11:01:57 AM,263.25,75,19743.75,119410530.0
2025-07-31 11:02:00 AM,262.8,0,0.0,119410530.0
2025-07-31 11:02:00 AM,262.8,75,19710.0,119430240.0
2025-07-31 11:02:01 AM,260.0,0,0.0,119430240.0
2025-07-31 11:02:02 AM,260.0,75,19500.0,119449740.0
2025-07-31 11:02:04 AM,261.1,0,0.0,119449740.0
2025-07-31 11:02:05 AM,261.1,75,19582.5,119469322.5
2025-07-31 11:02:06 AM,261.5,0,0.0,119469322.5
2025-07-31 11:02:07 AM,261.5,150,39225.0,119508547.5
2025-07-31 11:02:09 AM,262.75,0,0.0,119508547.5
2025-07-31 11:02:10 AM,262.75,75,19706.25,119528253.75
2025-07-31 11:02:33 AM,259.0,0,0.0,119528253.75
2025-07-31 11:02:33 AM,257.3,0,0.0,119528253.75
2025-07-31 11:02:33 AM,257.55,0,0.0,119528253.75
2025-07-31 11:02:34 AM,257.55,1200,309060.0,119837313.75
2025-07-31 11:02:35 AM,258.45,0,0.0,119837313.75
2025-07-31 11:02:35 AM,256.95,0,0.0,119837313.75
2025-07-31 11:02:35 AM,256.95,1575,404696.25,120242010.0
2025-07-31 11:02:36 AM,256.35,0,0.0,120242010.0
2025-07-31 11:02:36 AM,257.05,0,0.0,120242010.0
2025-07-31 11:02:37 AM,257.05,1725,443411.25,120685421.25
2025-07-31 11:02:43 AM,255.6,0,0.0,120685421.25
2025-07-31 11:02:44 AM,255.6,375,95850.0,120781271.25
2025-07-31 11:02:45 AM,257.55,0,0.0,120781271.25
2025-07-31 11:02:46 AM,257.55,375,96581.25,120877852.5
2025-07-31 11:02:47 AM,258.4,0,0.0,120877852.5
2025-07-31 11:02:47 AM,258.4,75,19380.0,120897232.5
2025-07-31 11:02:48 AM,259.5,0,0.0,120897232.5
2025-07-31 11:02:49 AM,259.5,75,19462.5,120916695.0
2025-07-31 11:02:51 AM,258.15,0,0.0,120916695.0
2025-07-31 11:02:52 AM,258.3,0,0.0,120916695.0
2025-07-31 11:02:52 AM,258.3,300,77490.0,120994185.0
2025-07-31 11:02:54 AM,257.45,0,0.0,120994185.0
2025-07-31 11:02:54 AM,257.45,75,19308.75,121013493.75
2025-07-31 11:02:56 AM,258.25,150,38737.5,121052231.25
2025-07-31 11:03:03 AM,254.1,0,0.0,121052231.25
2025-07-31 11:03:04 AM,254.1,75,19057.5,121071288.75
2025-07-31 11:03:06 AM,252.45,0,0.0,121071288.75
2025-07-31 11:03:07 AM,252.45,150,37867.5,121109156.25
2025-07-31 11:03:09 AM,251.4,0,0.0,121109156.25
2025-07-31 11:03:10 AM,251.05,0,0.0,121109156.25
2025-07-31 11:03:11 AM,251.05,450,112972.5,121222128.75
2025-07-31 11:03:14 AM,249.75,0,0.0,121222128.75
2025-07-31 11:03:14 AM,249.75,225,56193.75,121278322.5
2025-07-31 11:03:16 AM,250.35,450,112657.5,121390980.0
2025-07-31 11:03:17 AM,248.85,0,0.0,121390980.0
2025-07-31 11:03:17 AM,248.85,150,37327.5,121428307.5
2025-07-31 11:03:18 AM,250.45,0,0.0,121428307.5
2025-07-31 11:03:19 AM,250.45,75,18783.75,121447091.25
2025-07-31 11:03:22 AM,253.5,0,0.0,121447091.25
2025-07-31 11:03:22 AM,253.5,150,38025.0,121485116.25
2025-07-31 11:03:24 AM,253.35,75,19001.25,121504117.5
2025-07-31 11:03:38 AM,253.9,0,0.0,121504117.5
2025-07-31 11:03:39 AM,253.9,150,38085.0,121542202.5
2025-07-31 11:03:41 AM,251.95,0,0.0,121542202.5
2025-07-31 11:03:42 AM,251.95,450,113377.5,121655580.0
2025-07-31 11:03:45 AM,254.1,0,0.0,121655580.0
2025-07-31 11:03:45 AM,254.1,150,38115.0,121693695.0
2025-07-31 11:03:56 AM,255.45,0,0.0,121693695.0
2025-07-31 11:03:57 AM,255.45,150,38317.5,121732012.5
2025-07-31 11:04:03 AM,253.25,0,0.0,121732012.5
2025-07-31 11:04:04 AM,253.25,75,18993.75,121751006.25
2025-07-31 11:04:08 AM,254.65,0,0.0,121751006.25
2025-07-31 11:04:08 AM,255.0,0,0.0,121751006.25
2025-07-31 11:04:09 AM,255.45,225,57476.25,121808482.5
2025-07-31 11:04:10 AM,254.55,0,0.0,121808482.5
2025-07-31 11:04:10 AM,254.55,225,57273.75,121865756.25
2025-07-31 11:04:17 AM,253.85,0,0.0,121865756.25
2025-07-31 11:04:19 AM,253.85,75,19038.75,121884795.0
2025-07-31 11:04:22 AM,253.85,75,19038.75,121903833.75
2025-07-31 11:04:36 AM,256.4,0,0.0,121903833.75
2025-07-31 11:04:37 AM,256.4,1425,365369.99999999994,122269203.75
2025-07-31 11:04:38 AM,256.25,0,0.0,122269203.75
2025-07-31 11:04:39 AM,256.25,225,57656.25,122326860.0
2025-07-31 11:04:39 AM,255.7,0,0.0,122326860.0
2025-07-31 11:04:40 AM,256.65,0,0.0,122326860.0
2025-07-31 11:04:40 AM,256.65,375,96243.74999999999,122423103.75
2025-07-31 11:04:51 AM,254.0,0,0.0,122423103.75
2025-07-31 11:04:52 AM,254.0,75,19050.0,122442153.75
2025-07-31 11:05:01 AM,252.0,0,0.0,122442153.75
2025-07-31 11:05:02 AM,252.05,0,0.0,122442153.75
2025-07-31 11:05:02 AM,252.05,150,37807.5,122479961.25
2025-07-31 11:05:04 AM,253.4,0,0.0,122479961.25
2025-07-31 11:05:05 AM,253.85,0,0.0,122479961.25
2025-07-31 11:05:06 AM,253.85,375,95193.75,122575155.0
2025-07-31 11:05:07 AM,253.45,0,0.0,122575155.0
2025-07-31 11:05:07 AM,253.45,75,19008.75,122594163.75
2025-07-31 11:05:08 AM,252.75,0,0.0,122594163.75
2025-07-31 11:05:09 AM,252.75,75,18956.25,122613120.0
2025-07-31 11:05:36 AM,255.6,0,0.0,122613120.0
2025-07-31 11:05:37 AM,255.6,150,38340.0,122651460.0
2025-07-31 11:05:42 AM,254.2,0,0.0,122651460.0
2025-07-31 11:05:44 AM,252.9,225,56902.5,122708362.5
2025-07-31 11:05:45 AM,252.45,0,0.0,122708362.5
2025-07-31 11:05:45 AM,252.45,150,37867.5,122746230.0
2025-07-31 11:05:45 AM,252.95,0,0.0,122746230.0
2025-07-31 11:05:46 AM,252.95,75,18971.25,122765201.25
2025-07-31 11:05:47 AM,252.1,0,0.0,122765201.25
2025-07-31 11:05:47 AM,252.1,300,75630.0,122840831.25
2025-07-31 11:05:49 AM,250.0,0,0.0,122840831.25
2025-07-31 11:05:49 AM,250.0,75,18750.0,122859581.25
2025-07-31 11:05:49 AM,247.5,0,0.0,122859581.25
2025-07-31 11:05:50 AM,248.55,0,0.0,122859581.25
2025-07-31 11:05:50 AM,249.35,750,187012.5,123046593.75
2025-07-31 11:05:53 AM,248.5,0,0.0,123046593.75
2025-07-31 11:05:54 AM,248.5,75,18637.5,123065231.25
2025-07-31 11:05:56 AM,247.9,0,0.0,123065231.25
2025-07-31 11:05:57 AM,247.9,75,18592.5,123083823.75
2025-07-31 11:06:08 AM,248.5,0,0.0,123083823.75
2025-07-31 11:06:08 AM,248.0,0,0.0,123083823.75
2025-07-31 11:06:09 AM,248.0,375,93000.0,123176823.75
2025-07-31 11:06:13 AM,247.45,0,0.0,123176823.75
2025-07-31 11:06:14 AM,247.45,75,18558.75,123195382.5
2025-07-31 11:06:17 AM,248.45,0,0.0,123195382.5
2025-07-31 11:06:17 AM,249.55,900,224595.0,123419977.5
2025-07-31 11:06:36 AM,249.9,0,0.0,123419977.5
2025-07-31 11:06:36 AM,249.1,0,0.0,123419977.5
2025-07-31 11:06:37 AM,248.7,0,0.0,123419977.5
