date,price,qty,trnvr,cum_trnvr
2025-07-31 09:15:02 AM,389.8,225,87705.0,87705.0
2025-07-31 09:15:06 AM,386.9,0,0.0,87705.0
2025-07-31 09:15:06 AM,387.35,0,0.0,87705.0
2025-07-31 09:15:06 AM,385.2,0,0.0,87705.0
2025-07-31 09:15:07 AM,385.2,225,86670.0,174375.0
2025-07-31 09:15:07 AM,396.25,0,0.0,174375.0
2025-07-31 09:15:09 AM,396.25,375,148593.75,322968.75
2025-07-31 09:15:10 AM,385.3,0,0.0,322968.75
2025-07-31 09:15:10 AM,385.3,75,28897.5,351866.25
2025-07-31 09:15:10 AM,383.9,75,28792.5,380658.75
2025-07-31 09:15:11 AM,380.3,0,0.0,380658.75
2025-07-31 09:15:12 AM,380.3,375,142612.5,523271.25
2025-07-31 09:15:12 AM,378.05,75,28353.75,551625.0
2025-07-31 09:15:13 AM,371.55,0,0.0,551625.0
2025-07-31 09:15:13 AM,375.3,0,0.0,551625.0
2025-07-31 09:15:14 AM,370.1,0,0.0,551625.0
2025-07-31 09:15:14 AM,370.1,900,333090.0,884715.0
2025-07-31 09:15:16 AM,379.5,0,0.0,884715.0
2025-07-31 09:15:17 AM,378.0,0,0.0,884715.0
2025-07-31 09:15:17 AM,378.0,225,85050.0,969765.0
2025-07-31 09:15:17 AM,377.9,0,0.0,969765.0
2025-07-31 09:15:18 AM,375.75,0,0.0,969765.0
2025-07-31 09:15:19 AM,375.75,2100,789075.0,1758840.0
2025-07-31 09:15:19 AM,373.75,0,0.0,1758840.0
2025-07-31 09:15:20 AM,375.4,375,140775.0,1899615.0
2025-07-31 09:15:21 AM,374.3,0,0.0,1899615.0
2025-07-31 09:15:22 AM,374.3,150,56145.0,1955760.0
2025-07-31 09:15:23 AM,372.9,0,0.0,1955760.0
2025-07-31 09:15:24 AM,372.9,75,27967.5,1983727.5
2025-07-31 09:15:24 AM,373.4,0,0.0,1983727.5
2025-07-31 09:15:25 AM,372.5,0,0.0,1983727.5
2025-07-31 09:15:25 AM,373.35,2100,784035.0,2767762.5
2025-07-31 09:15:25 AM,373.55,0,0.0,2767762.5
2025-07-31 09:15:25 AM,373.55,450,168097.5,2935860.0
2025-07-31 09:15:26 AM,373.4,0,0.0,2935860.0
2025-07-31 09:15:26 AM,373.0,0,0.0,2935860.0
2025-07-31 09:15:27 AM,373.0,1275,475575.0,3411435.0
2025-07-31 09:15:27 AM,372.6,0,0.0,3411435.0
2025-07-31 09:15:28 AM,371.7,0,0.0,3411435.0
2025-07-31 09:15:29 AM,371.7,150,55755.0,3467190.0
2025-07-31 09:15:30 AM,374.5,0,0.0,3467190.0
2025-07-31 09:15:30 AM,374.5,75,28087.5,3495277.5
2025-07-31 09:15:31 AM,374.35,0,0.0,3495277.5
2025-07-31 09:15:31 AM,374.15,0,0.0,3495277.5
2025-07-31 09:15:32 AM,374.15,1275,477041.25,3972318.75
2025-07-31 09:15:33 AM,377.75,0,0.0,3972318.75
2025-07-31 09:15:34 AM,377.75,750,283312.5,4255631.25
2025-07-31 09:15:34 AM,380.2,0,0.0,4255631.25
2025-07-31 09:15:35 AM,379.8,0,0.0,4255631.25
2025-07-31 09:15:35 AM,379.8,300,113940.0,4369571.25
2025-07-31 09:15:36 AM,379.6,0,0.0,4369571.25
2025-07-31 09:15:37 AM,379.6,150,56940.0,4426511.25
2025-07-31 09:15:37 AM,377.85,0,0.0,4426511.25
2025-07-31 09:15:39 AM,377.85,750,283387.5,4709898.75
2025-07-31 09:15:40 AM,379.0,0,0.0,4709898.75
2025-07-31 09:15:40 AM,379.4,675,256094.99999999997,4965993.75
2025-07-31 09:15:42 AM,380.45,0,0.0,4965993.75
2025-07-31 09:15:43 AM,379.3,0,0.0,4965993.75
2025-07-31 09:15:43 AM,381.55,0,0.0,4965993.75
2025-07-31 09:15:44 AM,381.55,375,143081.25,5109075.0
2025-07-31 09:15:46 AM,381.95,0,0.0,5109075.0
2025-07-31 09:15:47 AM,381.95,150,57292.5,5166367.5
2025-07-31 09:15:48 AM,376.55,0,0.0,5166367.5
2025-07-31 09:15:49 AM,376.55,150,56482.5,5222850.0
2025-07-31 09:15:51 AM,378.45,0,0.0,5222850.0
2025-07-31 09:15:52 AM,378.45,525,198686.25,5421536.25
2025-07-31 09:15:52 AM,379.05,0,0.0,5421536.25
2025-07-31 09:15:54 AM,379.05,75,28428.75,5449965.0
2025-07-31 09:16:00 AM,380.0,0,0.0,5449965.0
2025-07-31 09:16:00 AM,380.0,150,57000.0,5506965.0
2025-07-31 09:16:05 AM,386.1,0,0.0,5506965.0
2025-07-31 09:16:05 AM,386.1,525,202702.5,5709667.5
2025-07-31 09:16:05 AM,389.35,75,29201.25,5738868.75
2025-07-31 09:16:06 AM,390.0,0,0.0,5738868.75
2025-07-31 09:16:07 AM,390.0,750,292500.0,6031368.75
2025-07-31 09:16:08 AM,394.7,0,0.0,6031368.75
2025-07-31 09:16:09 AM,395.7,300,118710.0,6150078.75
2025-07-31 09:16:12 AM,398.0,0,0.0,6150078.75
2025-07-31 09:16:13 AM,398.15,0,0.0,6150078.75
2025-07-31 09:16:14 AM,398.15,450,179167.5,6329246.25
2025-07-31 09:16:15 AM,400.0,0,0.0,6329246.25
2025-07-31 09:16:15 AM,400.0,150,60000.0,6389246.25
2025-07-31 09:16:19 AM,400.0,75,30000.0,6419246.25
2025-07-31 09:16:20 AM,396.35,375,148631.25,6567877.5
2025-07-31 09:16:21 AM,397.5,0,0.0,6567877.5
2025-07-31 09:16:22 AM,397.5,375,149062.5,6716940.0
2025-07-31 09:16:23 AM,401.75,0,0.0,6716940.0
2025-07-31 09:16:24 AM,401.75,300,120525.0,6837465.0
2025-07-31 09:16:27 AM,402.85,150,60427.5,6897892.5
2025-07-31 09:16:29 AM,400.9,0,0.0,6897892.5
2025-07-31 09:16:29 AM,400.9,150,60135.0,6958027.5
2025-07-31 09:16:30 AM,402.9,150,60435.0,7018462.5
2025-07-31 09:16:35 AM,397.35,0,0.0,7018462.5
2025-07-31 09:16:35 AM,397.35,75,29801.25,7048263.75
2025-07-31 09:16:42 AM,398.7,0,0.0,7048263.75
2025-07-31 09:16:42 AM,398.7,75,29902.5,7078166.25
2025-07-31 09:16:47 AM,399.85,0,0.0,7078166.25
2025-07-31 09:16:49 AM,402.8,0,0.0,7078166.25
2025-07-31 09:16:49 AM,402.8,150,60420.0,7138586.25
2025-07-31 09:16:55 AM,404.6,0,0.0,7138586.25
2025-07-31 09:16:55 AM,404.6,75,30345.0,7168931.25
2025-07-31 09:17:00 AM,405.0,0,0.0,7168931.25
2025-07-31 09:17:00 AM,405.0,150,60750.0,7229681.25
2025-07-31 09:17:08 AM,409.8,0,0.0,7229681.25
2025-07-31 09:17:09 AM,409.8,300,122940.0,7352621.25
2025-07-31 09:17:15 AM,415.75,0,0.0,7352621.25
2025-07-31 09:17:15 AM,423.2,0,0.0,7352621.25
2025-07-31 09:17:15 AM,423.2,975,412620.0,7765241.25
2025-07-31 09:17:17 AM,417.95,0,0.0,7765241.25
2025-07-31 09:17:17 AM,417.95,75,31346.25,7796587.5
2025-07-31 09:17:26 AM,418.25,0,0.0,7796587.5
2025-07-31 09:17:26 AM,418.25,1500,627375.0,8423962.5
2025-07-31 09:17:26 AM,423.9,0,0.0,8423962.5
2025-07-31 09:17:27 AM,423.9,300,127170.0,8551132.5
2025-07-31 09:17:30 AM,419.35,0,0.0,8551132.5
2025-07-31 09:17:30 AM,419.35,375,157256.25,8708388.75
2025-07-31 09:17:39 AM,415.65,0,0.0,8708388.75
2025-07-31 09:17:39 AM,415.65,75,31173.75,8739562.5
2025-07-31 09:17:39 AM,418.25,0,0.0,8739562.5
2025-07-31 09:17:40 AM,419.55,300,125865.0,8865427.5
2025-07-31 09:17:42 AM,417.35,0,0.0,8865427.5
2025-07-31 09:17:42 AM,417.35,600,250410.0,9115837.5
2025-07-31 09:17:43 AM,417.5,0,0.0,9115837.5
2025-07-31 09:17:44 AM,417.5,75,31312.5,9147150.0
2025-07-31 09:17:44 AM,415.8,0,0.0,9147150.0
2025-07-31 09:17:45 AM,415.8,75,31185.0,9178335.0
2025-07-31 09:17:50 AM,409.95,75,30746.25,9209081.25
2025-07-31 09:17:53 AM,408.0,0,0.0,9209081.25
2025-07-31 09:17:53 AM,408.15,0,0.0,9209081.25
2025-07-31 09:17:54 AM,408.15,225,91833.75,9300915.0
2025-07-31 09:18:06 AM,402.9,0,0.0,9300915.0
2025-07-31 09:18:06 AM,400.0,0,0.0,9300915.0
2025-07-31 09:18:07 AM,395.55,15750,6229912.5,15530827.5
2025-07-31 09:18:10 AM,392.35,0,0.0,15530827.5
2025-07-31 09:18:10 AM,392.35,1050,411967.5,15942795.0
2025-07-31 09:18:13 AM,391.4,0,0.0,15942795.0
2025-07-31 09:18:14 AM,392.45,0,0.0,15942795.0
2025-07-31 09:18:14 AM,392.45,225,88301.25,16031096.25
2025-07-31 09:18:15 AM,392.05,225,88211.25,16119307.5
2025-07-31 09:18:15 AM,392.15,225,88233.75,16207541.25
2025-07-31 09:18:15 AM,393.25,0,0.0,16207541.25
2025-07-31 09:18:16 AM,394.35,0,0.0,16207541.25
2025-07-31 09:18:17 AM,394.35,375,147881.25,16355422.5
2025-07-31 09:18:18 AM,396.0,0,0.0,16355422.5
2025-07-31 09:18:18 AM,396.0,75,29700.0,16385122.5
2025-07-31 09:18:19 AM,398.4,0,0.0,16385122.5
2025-07-31 09:18:20 AM,398.4,150,59760.0,16444882.5
2025-07-31 09:18:34 AM,400.95,0,0.0,16444882.5
2025-07-31 09:18:35 AM,401.55,0,0.0,16444882.5
2025-07-31 09:18:35 AM,401.55,150,60232.5,16505115.0
2025-07-31 09:18:38 AM,404.4,0,0.0,16505115.0
2025-07-31 09:18:38 AM,405.0,150,60750.0,16565865.0
2025-07-31 09:19:00 AM,398.6,0,0.0,16565865.0
2025-07-31 09:19:02 AM,398.6,150,59790.0,16625655.0
2025-07-31 09:19:05 AM,397.6,0,0.0,16625655.0
2025-07-31 09:19:07 AM,397.6,75,29820.0,16655475.0
2025-07-31 09:19:09 AM,396.1,0,0.0,16655475.0
2025-07-31 09:19:09 AM,395.8,0,0.0,16655475.0
2025-07-31 09:19:10 AM,395.8,300,118740.0,16774215.0
2025-07-31 09:19:25 AM,395.8,75,29685.0,16803900.0
2025-07-31 09:19:37 AM,393.75,0,0.0,16803900.0
2025-07-31 09:19:38 AM,394.55,0,0.0,16803900.0
2025-07-31 09:19:38 AM,394.55,225,88773.75,16892673.75
2025-07-31 09:20:13 AM,394.55,1425,562233.75,17454907.5
2025-07-31 09:20:13 AM,393.0,150,58950.0,17513857.5
2025-07-31 09:20:16 AM,390.1,0,0.0,17513857.5
2025-07-31 09:20:16 AM,390.0,0,0.0,17513857.5
2025-07-31 09:20:16 AM,390.0,150,58500.0,17572357.5
2025-07-31 09:20:20 AM,389.7,0,0.0,17572357.5
2025-07-31 09:20:20 AM,389.7,1125,438412.5,18010770.0
2025-07-31 09:20:28 AM,386.25,0,0.0,18010770.0
2025-07-31 09:20:28 AM,386.25,75,28968.75,18039738.75
2025-07-31 09:20:31 AM,380.8,0,0.0,18039738.75
2025-07-31 09:20:32 AM,380.8,75,28560.0,18068298.75
2025-07-31 09:20:50 AM,366.2,0,0.0,18068298.75
2025-07-31 09:20:52 AM,366.2,75,27465.0,18095763.75
2025-07-31 09:20:57 AM,371.3,0,0.0,18095763.75
2025-07-31 09:20:57 AM,372.2,300,111660.0,18207423.75
2025-07-31 09:21:12 AM,373.6,0,0.0,18207423.75
2025-07-31 09:21:13 AM,373.6,75,28020.0,18235443.75
2025-07-31 09:21:16 AM,372.5,0,0.0,18235443.75
2025-07-31 09:21:17 AM,372.5,75,27937.5,18263381.25
2025-07-31 09:22:00 AM,369.2,0,0.0,18263381.25
2025-07-31 09:22:02 AM,369.2,75,27690.0,18291071.25
2025-07-31 09:22:13 AM,384.0,0,0.0,18291071.25
2025-07-31 09:22:13 AM,385.9,150,57885.0,18348956.25
2025-07-31 09:22:15 AM,384.25,0,0.0,18348956.25
2025-07-31 09:22:15 AM,384.25,75,28818.75,18377775.0
2025-07-31 09:22:16 AM,381.95,0,0.0,18377775.0
2025-07-31 09:22:16 AM,381.95,75,28646.25,18406421.25
2025-07-31 09:22:22 AM,384.0,0,0.0,18406421.25
2025-07-31 09:22:22 AM,384.0,1050,403200.0,18809621.25
2025-07-31 09:22:22 AM,386.0,0,0.0,18809621.25
2025-07-31 09:22:23 AM,385.25,0,0.0,18809621.25
2025-07-31 09:22:23 AM,385.25,375,144468.75,18954090.0
2025-07-31 09:22:28 AM,384.9,0,0.0,18954090.0
2025-07-31 09:22:28 AM,384.9,375,144337.5,19098427.5
2025-07-31 09:22:29 AM,383.5,0,0.0,19098427.5
2025-07-31 09:22:30 AM,383.5,75,28762.5,19127190.0
2025-07-31 09:22:36 AM,382.0,0,0.0,19127190.0
2025-07-31 09:22:36 AM,382.0,75,28650.0,19155840.0
2025-07-31 09:22:48 AM,373.4,0,0.0,19155840.0
2025-07-31 09:22:48 AM,373.4,75,28005.0,19183845.0
2025-07-31 09:22:58 AM,368.45,0,0.0,19183845.0
2025-07-31 09:22:58 AM,368.45,75,27633.75,19211478.75
2025-07-31 09:23:07 AM,365.0,0,0.0,19211478.75
2025-07-31 09:23:08 AM,365.0,75,27375.0,19238853.75
2025-07-31 09:23:17 AM,359.85,0,0.0,19238853.75
2025-07-31 09:23:18 AM,359.9,0,0.0,19238853.75
2025-07-31 09:23:18 AM,359.9,150,53985.0,19292838.75
2025-07-31 09:23:21 AM,365.9,0,0.0,19292838.75
2025-07-31 09:23:22 AM,365.9,750,274425.0,19567263.75
2025-07-31 09:23:39 AM,367.15,0,0.0,19567263.75
2025-07-31 09:23:39 AM,366.1,0,0.0,19567263.75
2025-07-31 09:23:40 AM,366.1,300,109830.0,19677093.75
2025-07-31 09:23:44 AM,370.75,0,0.0,19677093.75
2025-07-31 09:23:45 AM,370.75,75,27806.25,19704900.0
2025-07-31 09:24:18 AM,368.1,0,0.0,19704900.0
2025-07-31 09:24:18 AM,368.1,150,55215.0,19760115.0
2025-07-31 09:24:26 AM,369.75,0,0.0,19760115.0
2025-07-31 09:24:27 AM,369.75,75,27731.25,19787846.25
2025-07-31 09:24:29 AM,375.0,0,0.0,19787846.25
2025-07-31 09:24:29 AM,375.0,75,28125.0,19815971.25
2025-07-31 09:24:49 AM,369.3,0,0.0,19815971.25
2025-07-31 09:24:50 AM,369.3,75,27697.5,19843668.75
2025-07-31 09:25:25 AM,382.0,0,0.0,19843668.75
2025-07-31 09:25:25 AM,382.0,75,28650.0,19872318.75
2025-07-31 09:25:39 AM,381.1,0,0.0,19872318.75
2025-07-31 09:25:40 AM,381.1,75,28582.5,19900901.25
2025-07-31 09:25:47 AM,380.9,0,0.0,19900901.25
2025-07-31 09:25:48 AM,382.1,0,0.0,19900901.25
2025-07-31 09:25:48 AM,382.1,150,57315.0,19958216.25
2025-07-31 09:25:55 AM,377.75,0,0.0,19958216.25
2025-07-31 09:25:57 AM,377.75,75,28331.25,19986547.5
2025-07-31 09:26:04 AM,381.0,0,0.0,19986547.5
2025-07-31 09:26:04 AM,381.0,75,28575.0,20015122.5
2025-07-31 09:26:45 AM,368.8,0,0.0,20015122.5
2025-07-31 09:26:45 AM,368.8,75,27660.0,20042782.5
2025-07-31 09:27:23 AM,363.65,0,0.0,20042782.5
2025-07-31 09:27:24 AM,363.65,75,27273.75,20070056.25
2025-07-31 09:27:24 AM,363.05,0,0.0,20070056.25
2025-07-31 09:27:25 AM,363.05,75,27228.75,20097285.0
2025-07-31 09:27:28 AM,360.0,0,0.0,20097285.0
2025-07-31 09:27:29 AM,360.0,75,27000.0,20124285.0
2025-07-31 09:28:38 AM,364.3,0,0.0,20124285.0
2025-07-31 09:28:39 AM,364.3,75,27322.5,20151607.5
2025-07-31 09:28:50 AM,366.45,0,0.0,20151607.5
2025-07-31 09:28:50 AM,366.45,300,109935.0,20261542.5
2025-07-31 09:29:05 AM,366.75,0,0.0,20261542.5
2025-07-31 09:29:05 AM,366.75,150,55012.5,20316555.0
2025-07-31 09:29:13 AM,371.2,0,0.0,20316555.0
2025-07-31 09:29:14 AM,371.2,75,27840.0,20344395.0
2025-07-31 09:29:23 AM,371.1,0,0.0,20344395.0
2025-07-31 09:29:24 AM,371.1,75,27832.5,20372227.5
2025-07-31 09:29:25 AM,369.45,0,0.0,20372227.5
2025-07-31 09:29:25 AM,369.45,75,27708.75,20399936.25
2025-07-31 09:29:35 AM,365.4,0,0.0,20399936.25
2025-07-31 09:29:35 AM,365.4,75,27405.0,20427341.25
2025-07-31 09:29:58 AM,373.25,0,0.0,20427341.25
2025-07-31 09:29:59 AM,373.25,75,27993.75,20455335.0
2025-07-31 09:30:28 AM,382.3,0,0.0,20455335.0
2025-07-31 09:30:29 AM,382.3,75,28672.5,20484007.5
2025-07-31 09:30:47 AM,376.75,0,0.0,20484007.5
2025-07-31 09:30:47 AM,376.75,525,197793.75,20681801.25
2025-07-31 09:30:52 AM,377.25,0,0.0,20681801.25
2025-07-31 09:30:52 AM,377.25,75,28293.75,20710095.0
2025-07-31 09:31:18 AM,375.05,0,0.0,20710095.0
2025-07-31 09:31:19 AM,375.05,75,28128.75,20738223.75
2025-07-31 09:31:23 AM,370.75,0,0.0,20738223.75
2025-07-31 09:31:24 AM,370.75,150,55612.5,20793836.25
2025-07-31 09:31:31 AM,367.5,0,0.0,20793836.25
2025-07-31 09:31:31 AM,367.5,75,27562.5,20821398.75
2025-07-31 09:31:32 AM,368.75,0,0.0,20821398.75
2025-07-31 09:31:32 AM,368.75,75,27656.25,20849055.0
2025-07-31 09:31:36 AM,368.65,0,0.0,20849055.0
2025-07-31 09:31:37 AM,368.65,75,27648.75,20876703.75
2025-07-31 09:31:39 AM,368.45,0,0.0,20876703.75
2025-07-31 09:31:39 AM,368.45,75,27633.75,20904337.5
2025-07-31 09:31:42 AM,366.2,0,0.0,20904337.5
2025-07-31 09:31:42 AM,366.2,75,27465.0,20931802.5
2025-07-31 09:31:44 AM,365.4,0,0.0,20931802.5
2025-07-31 09:31:44 AM,365.4,300,109620.0,21041422.5
2025-07-31 09:32:08 AM,367.5,0,0.0,21041422.5
2025-07-31 09:32:09 AM,367.5,300,110250.0,21151672.5
2025-07-31 09:32:12 AM,365.0,0,0.0,21151672.5
2025-07-31 09:32:12 AM,365.0,300,109500.0,21261172.5
2025-07-31 09:32:42 AM,363.35,0,0.0,21261172.5
2025-07-31 09:32:42 AM,363.35,75,27251.25,21288423.75
2025-07-31 09:33:09 AM,368.3,0,0.0,21288423.75
2025-07-31 09:33:09 AM,368.3,75,27622.5,21316046.25
2025-07-31 09:33:12 AM,368.95,0,0.0,21316046.25
2025-07-31 09:33:14 AM,368.95,75,27671.25,21343717.5
2025-07-31 09:35:05 AM,368.0,0,0.0,21343717.5
2025-07-31 09:35:06 AM,368.0,750,276000.0,21619717.5
2025-07-31 09:35:17 AM,372.65,0,0.0,21619717.5
2025-07-31 09:35:18 AM,372.65,1800,670770.0,22290487.5
2025-07-31 09:35:19 AM,374.5,0,0.0,22290487.5
2025-07-31 09:35:19 AM,374.5,300,112350.0,22402837.5
2025-07-31 09:35:20 AM,376.85,0,0.0,22402837.5
2025-07-31 09:35:21 AM,376.85,750,282637.5,22685475.0
2025-07-31 09:35:32 AM,377.15,0,0.0,22685475.0
2025-07-31 09:35:33 AM,377.15,750,282862.5,22968337.5
2025-07-31 09:35:52 AM,379.35,0,0.0,22968337.5
2025-07-31 09:35:53 AM,379.35,75,28451.25,22996788.75
2025-07-31 09:36:36 AM,381.05,0,0.0,22996788.75
2025-07-31 09:36:37 AM,382.45,0,0.0,22996788.75
2025-07-31 09:36:37 AM,382.7,0,0.0,22996788.75
2025-07-31 09:36:38 AM,382.7,1575,602752.5,23599541.25
2025-07-31 09:36:39 AM,379.55,0,0.0,23599541.25
2025-07-31 09:36:39 AM,379.55,750,284662.5,23884203.75
2025-07-31 09:36:41 AM,378.0,0,0.0,23884203.75
2025-07-31 09:36:41 AM,378.0,750,283500.0,24167703.75
2025-07-31 09:36:43 AM,378.55,750,283912.5,24451616.25
2025-07-31 09:36:46 AM,380.5,0,0.0,24451616.25
2025-07-31 09:36:46 AM,380.5,750,285375.0,24736991.25
2025-07-31 09:36:48 AM,378.65,0,0.0,24736991.25
2025-07-31 09:36:49 AM,378.65,750,283987.5,25020978.75
2025-07-31 09:36:54 AM,379.95,0,0.0,25020978.75
2025-07-31 09:36:54 AM,379.95,600,227970.0,25248948.75
2025-07-31 09:37:37 AM,374.5,0,0.0,25248948.75
2025-07-31 09:37:38 AM,374.5,150,56175.0,25305123.75
2025-07-31 09:37:51 AM,373.95,0,0.0,25305123.75
2025-07-31 09:37:51 AM,373.95,750,280462.5,25585586.25
2025-07-31 09:37:58 AM,372.5,0,0.0,25585586.25
2025-07-31 09:37:58 AM,372.5,375,139687.5,25725273.75
2025-07-31 09:38:25 AM,379.65,0,0.0,25725273.75
2025-07-31 09:38:26 AM,379.65,75,28473.75,25753747.5
2025-07-31 09:38:42 AM,380.0,0,0.0,25753747.5
2025-07-31 09:38:43 AM,380.0,75,28500.0,25782247.5
2025-07-31 09:38:54 AM,380.9,0,0.0,25782247.5
2025-07-31 09:38:55 AM,379.3,0,0.0,25782247.5
2025-07-31 09:38:56 AM,379.3,1050,398265.0,26180512.5
2025-07-31 09:39:09 AM,384.0,0,0.0,26180512.5
2025-07-31 09:39:09 AM,384.0,150,57600.0,26238112.5
2025-07-31 09:40:08 AM,385.0,0,0.0,26238112.5
2025-07-31 09:40:09 AM,385.0,675,259875.0,26497987.5
2025-07-31 09:40:46 AM,378.55,0,0.0,26497987.5
2025-07-31 09:40:46 AM,378.55,300,113565.0,26611552.5
2025-07-31 09:41:01 AM,379.2,75,28440.0,26639992.5
2025-07-31 09:41:21 AM,369.2,0,0.0,26639992.5
2025-07-31 09:41:22 AM,369.2,75,27690.0,26667682.5
2025-07-31 09:42:37 AM,370.85,0,0.0,26667682.5
2025-07-31 09:42:38 AM,370.85,75,27813.75,26695496.25
2025-07-31 09:44:02 AM,372.0,0,0.0,26695496.25
2025-07-31 09:44:03 AM,372.0,75,27900.0,26723396.25
2025-07-31 09:44:28 AM,369.2,75,27690.0,26751086.25
2025-07-31 09:44:33 AM,371.25,0,0.0,26751086.25
2025-07-31 09:44:34 AM,371.25,75,27843.75,26778930.0
2025-07-31 09:44:39 AM,371.1,0,0.0,26778930.0
2025-07-31 09:44:40 AM,371.1,75,27832.5,26806762.5
2025-07-31 09:44:52 AM,370.3,0,0.0,26806762.5
2025-07-31 09:44:53 AM,370.3,75,27772.5,26834535.0
2025-07-31 09:45:01 AM,372.1,0,0.0,26834535.0
2025-07-31 09:45:01 AM,372.1,1125,418612.5,27253147.5
2025-07-31 09:45:20 AM,369.35,0,0.0,27253147.5
2025-07-31 09:45:21 AM,369.35,375,138506.25,27391653.75
2025-07-31 09:45:41 AM,372.8,0,0.0,27391653.75
2025-07-31 09:45:41 AM,372.8,75,27960.0,27419613.75
2025-07-31 09:45:50 AM,370.55,0,0.0,27419613.75
2025-07-31 09:45:51 AM,370.55,75,27791.25,27447405.0
2025-07-31 09:46:41 AM,373.5,0,0.0,27447405.0
2025-07-31 09:46:43 AM,373.5,75,28012.5,27475417.5
2025-07-31 09:47:05 AM,371.05,0,0.0,27475417.5
2025-07-31 09:47:06 AM,371.05,600,222630.0,27698047.5
2025-07-31 09:47:32 AM,370.85,0,0.0,27698047.5
2025-07-31 09:47:33 AM,370.85,150,55627.5,27753675.0
2025-07-31 09:47:38 AM,374.5,0,0.0,27753675.0
2025-07-31 09:47:38 AM,374.5,75,28087.5,27781762.5
2025-07-31 09:48:53 AM,374.05,0,0.0,27781762.5
2025-07-31 09:48:54 AM,374.05,750,280537.5,28062300.0
2025-07-31 09:48:56 AM,375.15,0,0.0,28062300.0
2025-07-31 09:48:56 AM,375.15,150,56272.5,28118572.5
2025-07-31 09:49:12 AM,376.5,0,0.0,28118572.5
2025-07-31 09:49:13 AM,376.5,225,84712.5,28203285.0
2025-07-31 09:50:17 AM,378.4,0,0.0,28203285.0
2025-07-31 09:50:18 AM,378.4,75,28380.0,28231665.0
2025-07-31 09:50:19 AM,377.3,0,0.0,28231665.0
2025-07-31 09:50:19 AM,377.3,75,28297.5,28259962.5
2025-07-31 09:50:23 AM,380.35,0,0.0,28259962.5
2025-07-31 09:50:24 AM,380.35,75,28526.25,28288488.75
2025-07-31 09:50:52 AM,385.0,0,0.0,28288488.75
2025-07-31 09:50:53 AM,385.0,75,28875.0,28317363.75
2025-07-31 09:51:01 AM,383.2,0,0.0,28317363.75
2025-07-31 09:51:01 AM,383.2,75,28740.0,28346103.75
2025-07-31 09:52:16 AM,369.9,0,0.0,28346103.75
2025-07-31 09:52:16 AM,369.9,225,83227.5,28429331.25
2025-07-31 09:52:52 AM,372.0,75,27900.0,28457231.25
2025-07-31 09:52:53 AM,372.0,150,55800.0,28513031.25
2025-07-31 09:53:01 AM,372.0,12000,4464000.0,32977031.25
2025-07-31 09:53:06 AM,374.0,0,0.0,32977031.25
2025-07-31 09:53:06 AM,374.0,75,28050.0,33005081.25
2025-07-31 09:53:32 AM,370.0,0,0.0,33005081.25
2025-07-31 09:53:33 AM,370.0,75,27750.0,33032831.25
2025-07-31 09:53:42 AM,371.0,0,0.0,33032831.25
2025-07-31 09:53:43 AM,371.0,75,27825.0,33060656.25
2025-07-31 09:53:50 AM,370.0,0,0.0,33060656.25
2025-07-31 09:53:50 AM,370.0,300,111000.0,33171656.25
2025-07-31 09:54:26 AM,371.8,0,0.0,33171656.25
2025-07-31 09:54:26 AM,371.8,75,27885.0,33199541.25
2025-07-31 09:54:48 AM,374.15,0,0.0,33199541.25
2025-07-31 09:54:49 AM,374.15,2175,813776.25,34013317.5
2025-07-31 09:55:05 AM,371.95,0,0.0,34013317.5
2025-07-31 09:55:05 AM,371.95,75,27896.25,34041213.75
2025-07-31 09:55:57 AM,371.35,0,0.0,34041213.75
2025-07-31 09:55:57 AM,371.35,75,27851.25,34069065.0
2025-07-31 09:56:09 AM,370.0,0,0.0,34069065.0
2025-07-31 09:56:10 AM,370.0,75,27750.0,34096815.0
2025-07-31 09:57:10 AM,372.7,0,0.0,34096815.0
2025-07-31 09:57:10 AM,372.7,450,167715.0,34264530.0
2025-07-31 09:57:27 AM,376.0,0,0.0,34264530.0
2025-07-31 09:57:27 AM,376.0,75,28200.0,34292730.0
2025-07-31 09:57:46 AM,379.0,0,0.0,34292730.0
2025-07-31 09:57:46 AM,379.0,1800,682200.0,34974930.0
2025-07-31 09:57:51 AM,380.05,0,0.0,34974930.0
2025-07-31 09:57:51 AM,380.05,450,171022.5,35145952.5
2025-07-31 09:58:04 AM,380.5,0,0.0,35145952.5
2025-07-31 09:58:05 AM,380.5,150,57075.0,35203027.5
2025-07-31 09:58:18 AM,381.05,0,0.0,35203027.5
2025-07-31 09:58:18 AM,381.05,75,28578.75,35231606.25
2025-07-31 09:58:37 AM,379.2,0,0.0,35231606.25
2025-07-31 09:58:37 AM,379.2,75,28440.0,35260046.25
2025-07-31 09:59:21 AM,379.5,0,0.0,35260046.25
2025-07-31 09:59:22 AM,379.5,1800,683100.0,35943146.25
2025-07-31 09:59:42 AM,378.85,0,0.0,35943146.25
2025-07-31 09:59:42 AM,378.85,1200,454620.0,36397766.25
2025-07-31 09:59:58 AM,380.0,0,0.0,36397766.25
2025-07-31 09:59:58 AM,380.0,75,28500.0,36426266.25
2025-07-31 09:59:59 AM,381.3,0,0.0,36426266.25
2025-07-31 10:00:00 AM,381.3,75,28597.5,36454863.75
2025-07-31 10:00:18 AM,388.0,0,0.0,36454863.75
2025-07-31 10:00:18 AM,388.55,375,145706.25,36600570.0
2025-07-31 10:00:27 AM,390.0,0,0.0,36600570.0
2025-07-31 10:00:27 AM,390.0,75,29250.0,36629820.0
2025-07-31 10:00:33 AM,390.9,0,0.0,36629820.0
2025-07-31 10:00:33 AM,390.9,75,29317.5,36659137.5
2025-07-31 10:00:38 AM,397.05,75,29778.75,36688916.25
2025-07-31 10:00:40 AM,399.0,0,0.0,36688916.25
2025-07-31 10:00:40 AM,399.0,75,29925.0,36718841.25
2025-07-31 10:00:41 AM,402.15,0,0.0,36718841.25
2025-07-31 10:00:41 AM,402.15,75,30161.25,36749002.5
2025-07-31 10:00:44 AM,400.0,225,90000.0,36839002.5
2025-07-31 10:01:02 AM,407.0,0,0.0,36839002.5
2025-07-31 10:01:03 AM,407.0,75,30525.0,36869527.5
2025-07-31 10:01:05 AM,406.7,150,61005.0,36930532.5
2025-07-31 10:01:08 AM,407.1,0,0.0,36930532.5
2025-07-31 10:01:08 AM,407.1,75,30532.5,36961065.0
2025-07-31 10:01:17 AM,397.9,0,0.0,36961065.0
2025-07-31 10:01:18 AM,397.9,75,29842.5,36990907.5
2025-07-31 10:01:25 AM,396.35,0,0.0,36990907.5
2025-07-31 10:01:26 AM,396.35,75,29726.25,37020633.75
2025-07-31 10:01:38 AM,398.9,0,0.0,37020633.75
2025-07-31 10:01:39 AM,398.9,75,29917.5,37050551.25
2025-07-31 10:01:42 AM,400.05,0,0.0,37050551.25
2025-07-31 10:01:43 AM,400.05,75,30003.75,37080555.0
2025-07-31 10:01:47 AM,401.35,0,0.0,37080555.0
2025-07-31 10:01:47 AM,401.35,75,30101.25,37110656.25
2025-07-31 10:01:52 AM,403.05,0,0.0,37110656.25
2025-07-31 10:01:52 AM,403.05,75,30228.75,37140885.0
2025-07-31 10:02:02 AM,401.0,0,0.0,37140885.0
2025-07-31 10:02:02 AM,401.0,150,60150.0,37201035.0
2025-07-31 10:02:23 AM,407.0,0,0.0,37201035.0
2025-07-31 10:02:23 AM,407.0,75,30525.0,37231560.0
2025-07-31 10:04:39 AM,397.45,0,0.0,37231560.0
2025-07-31 10:04:39 AM,397.45,75,29808.75,37261368.75
2025-07-31 10:04:40 AM,400.7,0,0.0,37261368.75
2025-07-31 10:04:41 AM,400.7,150,60105.0,37321473.75
2025-07-31 10:04:59 AM,404.5,75,30337.5,37351811.25
2025-07-31 10:05:02 AM,403.8,0,0.0,37351811.25
2025-07-31 10:05:02 AM,403.8,75,30285.0,37382096.25
2025-07-31 10:05:11 AM,403.25,0,0.0,37382096.25
2025-07-31 10:05:12 AM,403.25,75,30243.75,37412340.0
2025-07-31 10:05:13 AM,404.45,0,0.0,37412340.0
2025-07-31 10:05:13 AM,404.45,225,91001.25,37503341.25
2025-07-31 10:05:16 AM,404.45,150,60667.5,37564008.75
2025-07-31 10:05:23 AM,402.0,0,0.0,37564008.75
2025-07-31 10:05:24 AM,402.0,150,60300.0,37624308.75
2025-07-31 10:05:41 AM,404.2,0,0.0,37624308.75
2025-07-31 10:05:41 AM,404.2,75,30315.0,37654623.75
2025-07-31 10:05:43 AM,402.0,0,0.0,37654623.75
2025-07-31 10:05:44 AM,402.0,75,30150.0,37684773.75
2025-07-31 10:06:21 AM,402.15,0,0.0,37684773.75
2025-07-31 10:06:21 AM,402.15,75,30161.25,37714935.0
2025-07-31 10:07:09 AM,400.0,0,0.0,37714935.0
2025-07-31 10:07:09 AM,400.0,75,30000.0,37744935.0
2025-07-31 10:07:14 AM,396.0,0,0.0,37744935.0
2025-07-31 10:07:14 AM,396.0,75,29700.0,37774635.0
2025-07-31 10:07:57 AM,390.0,0,0.0,37774635.0
2025-07-31 10:07:58 AM,390.0,150,58500.0,37833135.0
2025-07-31 10:08:15 AM,389.75,0,0.0,37833135.0
2025-07-31 10:08:16 AM,389.75,75,29231.25,37862366.25
2025-07-31 10:08:22 AM,389.7,0,0.0,37862366.25
2025-07-31 10:08:23 AM,389.7,225,87682.5,37950048.75
2025-07-31 10:08:28 AM,388.75,0,0.0,37950048.75
2025-07-31 10:08:28 AM,388.75,75,29156.25,37979205.0
2025-07-31 10:08:37 AM,386.55,0,0.0,37979205.0
2025-07-31 10:08:38 AM,386.55,75,28991.25,38008196.25
2025-07-31 10:08:44 AM,389.1,0,0.0,38008196.25
2025-07-31 10:08:44 AM,389.1,75,29182.5,38037378.75
2025-07-31 10:09:11 AM,391.9,0,0.0,38037378.75
2025-07-31 10:09:11 AM,391.9,150,58785.0,38096163.75
2025-07-31 10:10:34 AM,402.0,0,0.0,38096163.75
2025-07-31 10:10:34 AM,402.0,75,30150.0,38126313.75
2025-07-31 10:10:41 AM,404.1,0,0.0,38126313.75
2025-07-31 10:10:42 AM,404.1,75,30307.5,38156621.25
2025-07-31 10:11:33 AM,392.6,0,0.0,38156621.25
2025-07-31 10:11:33 AM,392.6,75,29445.0,38186066.25
2025-07-31 10:12:20 AM,400.75,0,0.0,38186066.25
2025-07-31 10:12:20 AM,400.75,1800,721350.0,38907416.25
2025-07-31 10:12:49 AM,400.9,0,0.0,38907416.25
2025-07-31 10:12:50 AM,400.9,75,30067.5,38937483.75
2025-07-31 10:13:02 AM,401.9,0,0.0,38937483.75
2025-07-31 10:13:03 AM,401.9,1125,452137.5,39389621.25
2025-07-31 10:13:21 AM,402.0,0,0.0,39389621.25
2025-07-31 10:13:22 AM,402.0,300,120600.0,39510221.25
2025-07-31 10:13:43 AM,404.0,0,0.0,39510221.25
2025-07-31 10:13:44 AM,404.0,75,30300.0,39540521.25
2025-07-31 10:16:01 AM,397.2,0,0.0,39540521.25
2025-07-31 10:16:01 AM,397.2,225,89370.0,39629891.25
2025-07-31 10:17:32 AM,400.45,0,0.0,39629891.25
2025-07-31 10:17:32 AM,400.45,75,30033.75,39659925.0
2025-07-31 10:18:05 AM,396.7,0,0.0,39659925.0
2025-07-31 10:18:06 AM,396.7,75,29752.5,39689677.5
2025-07-31 10:18:11 AM,396.1,0,0.0,39689677.5
2025-07-31 10:18:11 AM,396.1,1350,534735.0,40224412.5
2025-07-31 10:20:05 AM,401.95,0,0.0,40224412.5
2025-07-31 10:20:06 AM,401.95,75,30146.25,40254558.75
2025-07-31 10:20:19 AM,403.0,0,0.0,40254558.75
2025-07-31 10:20:20 AM,403.0,75,30225.0,40284783.75
2025-07-31 10:21:46 AM,405.35,0,0.0,40284783.75
2025-07-31 10:21:46 AM,405.65,150,60847.5,40345631.25
2025-07-31 10:22:08 AM,401.15,0,0.0,40345631.25
2025-07-31 10:22:08 AM,401.15,75,30086.25,40375717.5
2025-07-31 10:25:03 AM,392.0,0,0.0,40375717.5
2025-07-31 10:25:03 AM,392.0,75,29400.0,40405117.5
2025-07-31 10:25:31 AM,393.0,0,0.0,40405117.5
2025-07-31 10:25:32 AM,393.0,150,58950.0,40464067.5
2025-07-31 10:26:39 AM,393.05,0,0.0,40464067.5
2025-07-31 10:26:39 AM,393.05,150,58957.5,40523025.0
2025-07-31 10:27:13 AM,388.0,0,0.0,40523025.0
2025-07-31 10:27:13 AM,389.05,450,175072.5,40698097.5
2025-07-31 10:27:14 AM,390.35,0,0.0,40698097.5
2025-07-31 10:27:14 AM,390.35,75,29276.25,40727373.75
2025-07-31 10:27:30 AM,388.0,0,0.0,40727373.75
2025-07-31 10:27:31 AM,388.0,75,29100.0,40756473.75
2025-07-31 10:27:34 AM,387.35,0,0.0,40756473.75
2025-07-31 10:27:34 AM,387.35,75,29051.25,40785525.0
2025-07-31 10:29:26 AM,398.35,0,0.0,40785525.0
2025-07-31 10:29:27 AM,408.3,0,0.0,40785525.0
2025-07-31 10:29:27 AM,408.3,750,306225.0,41091750.0
2025-07-31 10:29:41 AM,399.8,0,0.0,41091750.0
2025-07-31 10:29:41 AM,399.8,1050,419790.0,41511540.0
2025-07-31 10:29:42 AM,398.1,0,0.0,41511540.0
2025-07-31 10:29:42 AM,398.1,150,59715.0,41571255.0
2025-07-31 10:30:00 AM,398.0,75,29850.0,41601105.0
2025-07-31 10:30:00 AM,398.0,300,119400.0,41720505.0
2025-07-31 10:30:10 AM,401.25,0,0.0,41720505.0
2025-07-31 10:30:10 AM,401.25,75,30093.75,41750598.75
2025-07-31 10:30:18 AM,399.0,300,119700.0,41870298.75
2025-07-31 10:30:45 AM,392.3,0,0.0,41870298.75
2025-07-31 10:30:46 AM,392.3,150,58845.0,41929143.75
2025-07-31 10:32:09 AM,403.0,0,0.0,41929143.75
2025-07-31 10:32:09 AM,403.0,75,30225.0,41959368.75
2025-07-31 10:35:50 AM,405.2,75,30390.0,41989758.75
2025-07-31 10:36:18 AM,405.2,150,60780.0,42050538.75
2025-07-31 10:36:25 AM,400.9,0,0.0,42050538.75
2025-07-31 10:36:25 AM,400.9,75,30067.5,42080606.25
2025-07-31 10:36:43 AM,403.0,0,0.0,42080606.25
2025-07-31 10:36:43 AM,403.0,75,30225.0,42110831.25
2025-07-31 10:37:12 AM,403.3,2400,967920.0,43078751.25
2025-07-31 10:37:12 AM,405.95,0,0.0,43078751.25
2025-07-31 10:37:13 AM,405.95,75,30446.25,43109197.5
2025-07-31 10:37:37 AM,400.0,0,0.0,43109197.5
2025-07-31 10:37:37 AM,400.0,1200,480000.0,43589197.5
2025-07-31 10:37:41 AM,399.2,0,0.0,43589197.5
2025-07-31 10:37:41 AM,399.2,150,59880.0,43649077.5
2025-07-31 10:39:10 AM,399.1,0,0.0,43649077.5
2025-07-31 10:39:10 AM,399.1,225,89797.5,43738875.0
2025-07-31 10:40:05 AM,394.4,0,0.0,43738875.0
2025-07-31 10:40:05 AM,394.4,225,88740.0,43827615.0
2025-07-31 10:41:13 AM,395.95,0,0.0,43827615.0
2025-07-31 10:41:14 AM,395.95,75,29696.25,43857311.25
2025-07-31 10:44:45 AM,390.0,0,0.0,43857311.25
2025-07-31 10:44:45 AM,390.0,75,29250.0,43886561.25
2025-07-31 10:44:46 AM,390.65,0,0.0,43886561.25
2025-07-31 10:44:46 AM,390.65,75,29298.75,43915860.0
2025-07-31 10:44:51 AM,389.0,0,0.0,43915860.0
2025-07-31 10:44:51 AM,389.0,375,145875.0,44061735.0
2025-07-31 10:44:52 AM,388.15,0,0.0,44061735.0
2025-07-31 10:44:53 AM,388.15,375,145556.25,44207291.25
2025-07-31 10:44:58 AM,384.4,0,0.0,44207291.25
2025-07-31 10:44:58 AM,384.4,75,28830.0,44236121.25
2025-07-31 10:44:59 AM,381.55,0,0.0,44236121.25
2025-07-31 10:44:59 AM,381.55,75,28616.25,44264737.5
2025-07-31 10:45:02 AM,384.2,0,0.0,44264737.5
2025-07-31 10:45:03 AM,384.2,75,28815.0,44293552.5
2025-07-31 10:45:16 AM,377.95,0,0.0,44293552.5
2025-07-31 10:45:17 AM,377.95,225,85038.75,44378591.25
2025-07-31 10:45:29 AM,375.9,300,112770.0,44491361.25
2025-07-31 10:45:34 AM,370.0,0,0.0,44491361.25
2025-07-31 10:45:35 AM,370.0,900,333000.0,44824361.25
2025-07-31 10:45:42 AM,369.55,0,0.0,44824361.25
2025-07-31 10:45:42 AM,369.55,150,55432.5,44879793.75
2025-07-31 10:45:47 AM,373.4,0,0.0,44879793.75
2025-07-31 10:45:47 AM,373.4,75,28005.0,44907798.75
2025-07-31 10:47:30 AM,372.1,0,0.0,44907798.75
2025-07-31 10:47:30 AM,372.1,225,83722.5,44991521.25
2025-07-31 10:47:32 AM,372.3,600,223380.0,45214901.25
2025-07-31 10:48:15 AM,371.6,0,0.0,45214901.25
2025-07-31 10:48:16 AM,371.6,300,111480.0,45326381.25
2025-07-31 10:48:29 AM,368.6,0,0.0,45326381.25
2025-07-31 10:48:29 AM,368.6,75,27645.0,45354026.25
2025-07-31 10:48:34 AM,366.5,0,0.0,45354026.25
2025-07-31 10:48:36 AM,366.5,1050,384825.0,45738851.25
2025-07-31 10:48:37 AM,366.15,0,0.0,45738851.25
2025-07-31 10:48:37 AM,366.15,150,54922.5,45793773.75
2025-07-31 10:48:50 AM,360.0,0,0.0,45793773.75
2025-07-31 10:48:50 AM,359.35,0,0.0,45793773.75
2025-07-31 10:48:50 AM,356.3,0,0.0,45793773.75
2025-07-31 10:48:51 AM,356.3,900,320670.0,46114443.75
2025-07-31 10:48:52 AM,357.85,0,0.0,46114443.75
2025-07-31 10:48:52 AM,357.85,75,26838.75,46141282.5
2025-07-31 10:48:54 AM,353.75,0,0.0,46141282.5
2025-07-31 10:48:54 AM,353.25,1350,476887.5,46618170.0
2025-07-31 10:48:58 AM,356.45,525,187136.25,46805306.25
2025-07-31 10:49:05 AM,356.0,0,0.0,46805306.25
2025-07-31 10:49:06 AM,356.0,900,320400.0,47125706.25
2025-07-31 10:49:15 AM,359.95,0,0.0,47125706.25
2025-07-31 10:49:15 AM,359.95,75,26996.25,47152702.5
2025-07-31 10:49:26 AM,364.1,0,0.0,47152702.5
2025-07-31 10:49:26 AM,364.1,600,218460.0,47371162.5
2025-07-31 10:49:59 AM,361.5,0,0.0,47371162.5
2025-07-31 10:49:59 AM,361.5,600,216900.0,47588062.5
2025-07-31 10:50:43 AM,352.55,0,0.0,47588062.5
2025-07-31 10:50:43 AM,352.55,75,26441.25,47614503.75
2025-07-31 10:51:30 AM,363.95,0,0.0,47614503.75
2025-07-31 10:51:31 AM,363.95,75,27296.25,47641800.0
2025-07-31 10:51:36 AM,365.7,0,0.0,47641800.0
2025-07-31 10:51:36 AM,365.7,150,54855.0,47696655.0
2025-07-31 10:52:06 AM,360.5,0,0.0,47696655.0
2025-07-31 10:52:06 AM,360.5,1125,405562.5,48102217.5
2025-07-31 10:53:35 AM,355.6,0,0.0,48102217.5
2025-07-31 10:53:36 AM,355.6,150,53340.0,48155557.5
2025-07-31 10:54:11 AM,359.1,75,26932.5,48182490.0
2025-07-31 10:54:29 AM,356.0,0,0.0,48182490.0
2025-07-31 10:54:29 AM,356.0,75,26700.0,48209190.0
2025-07-31 10:54:52 AM,355.9,0,0.0,48209190.0
2025-07-31 10:54:53 AM,355.9,150,53385.0,48262575.0
2025-07-31 10:55:33 AM,355.8,0,0.0,48262575.0
2025-07-31 10:55:34 AM,355.8,150,53370.0,48315945.0
2025-07-31 10:55:59 AM,356.55,0,0.0,48315945.0
2025-07-31 10:55:59 AM,356.55,75,26741.25,48342686.25
2025-07-31 10:56:06 AM,354.7,0,0.0,48342686.25
2025-07-31 10:56:06 AM,354.7,300,106410.0,48449096.25
2025-07-31 10:56:33 AM,359.95,0,0.0,48449096.25
2025-07-31 10:56:35 AM,359.95,75,26996.25,48476092.5
2025-07-31 10:56:37 AM,360.85,0,0.0,48476092.5
2025-07-31 10:56:37 AM,363.0,0,0.0,48476092.5
2025-07-31 10:56:38 AM,363.0,4200,1524600.0,50000692.5
2025-07-31 10:57:12 AM,365.95,0,0.0,50000692.5
2025-07-31 10:57:12 AM,365.95,75,27446.25,50028138.75
2025-07-31 10:57:19 AM,367.2,75,27540.0,50055678.75
2025-07-31 10:57:32 AM,365.7,0,0.0,50055678.75
2025-07-31 10:57:32 AM,365.7,75,27427.5,50083106.25
2025-07-31 10:57:45 AM,362.0,0,0.0,50083106.25
2025-07-31 10:57:45 AM,362.0,375,135750.0,50218856.25
2025-07-31 10:57:46 AM,360.6,0,0.0,50218856.25
2025-07-31 10:57:47 AM,360.6,150,54090.0,50272946.25
2025-07-31 10:58:07 AM,365.65,0,0.0,50272946.25
2025-07-31 10:58:08 AM,365.65,75,27423.75,50300370.0
2025-07-31 10:58:14 AM,365.8,0,0.0,50300370.0
2025-07-31 10:58:15 AM,365.8,600,219480.0,50519850.0
2025-07-31 10:59:26 AM,362.1,0,0.0,50519850.0
2025-07-31 10:59:27 AM,362.1,75,27157.5,50547007.5
2025-07-31 10:59:30 AM,362.3,0,0.0,50547007.5
2025-07-31 10:59:30 AM,362.3,75,27172.5,50574180.0
2025-07-31 11:00:45 AM,354.0,0,0.0,50574180.0
2025-07-31 11:00:45 AM,354.0,225,79650.0,50653830.0
2025-07-31 11:00:46 AM,352.55,0,0.0,50653830.0
2025-07-31 11:00:46 AM,352.55,75,26441.25,50680271.25
2025-07-31 11:01:06 AM,350.0,0,0.0,50680271.25
2025-07-31 11:01:06 AM,350.0,600,210000.0,50890271.25
2025-07-31 11:01:09 AM,347.25,0,0.0,50890271.25
2025-07-31 11:01:09 AM,346.85,0,0.0,50890271.25
2025-07-31 11:01:10 AM,346.85,150,52027.5,50942298.75
2025-07-31 11:01:20 AM,338.5,0,0.0,50942298.75
2025-07-31 11:01:20 AM,335.85,0,0.0,50942298.75
2025-07-31 11:01:20 AM,335.85,150,50377.5,50992676.25
2025-07-31 11:01:25 AM,335.35,0,0.0,50992676.25
2025-07-31 11:01:25 AM,335.35,150,50302.5,51042978.75
2025-07-31 11:01:26 AM,334.65,0,0.0,51042978.75
2025-07-31 11:01:26 AM,334.65,300,100395.0,51143373.75
2025-07-31 11:01:27 AM,334.7,0,0.0,51143373.75
2025-07-31 11:01:27 AM,335.9,0,0.0,51143373.75
2025-07-31 11:01:28 AM,335.9,225,75577.5,51218951.25
2025-07-31 11:01:40 AM,334.25,0,0.0,51218951.25
2025-07-31 11:01:40 AM,334.25,75,25068.75,51244020.0
2025-07-31 11:01:42 AM,334.05,0,0.0,51244020.0
2025-07-31 11:01:43 AM,334.05,375,125268.75,51369288.75
2025-07-31 11:01:57 AM,337.3,0,0.0,51369288.75
2025-07-31 11:01:58 AM,337.3,150,50595.0,51419883.75
2025-07-31 11:02:00 AM,334.9,0,0.0,51419883.75
2025-07-31 11:02:00 AM,334.9,75,25117.5,51445001.25
2025-07-31 11:02:02 AM,331.5,0,0.0,51445001.25
2025-07-31 11:02:03 AM,331.5,150,49725.0,51494726.25
2025-07-31 11:02:27 AM,333.35,0,0.0,51494726.25
2025-07-31 11:02:28 AM,333.35,300,100005.0,51594731.25
2025-07-31 11:02:34 AM,329.9,0,0.0,51594731.25
2025-07-31 11:02:34 AM,329.9,225,74227.5,51668958.75
2025-07-31 11:02:35 AM,328.5,0,0.0,51668958.75
2025-07-31 11:02:36 AM,327.85,0,0.0,51668958.75
2025-07-31 11:02:36 AM,327.85,900,295065.0,51964023.75
2025-07-31 11:02:39 AM,327.25,0,0.0,51964023.75
2025-07-31 11:02:39 AM,327.75,0,0.0,51964023.75
2025-07-31 11:02:39 AM,327.75,150,49162.5,52013186.25
2025-07-31 11:03:01 AM,327.75,75,24581.25,52037767.5
2025-07-31 11:03:06 AM,323.25,0,0.0,52037767.5
2025-07-31 11:03:06 AM,323.25,75,24243.75,52062011.25
2025-07-31 11:03:07 AM,321.65,0,0.0,52062011.25
2025-07-31 11:03:08 AM,321.65,75,24123.75,52086135.0
2025-07-31 11:03:10 AM,320.45,0,0.0,52086135.0
2025-07-31 11:03:11 AM,320.45,75,24033.75,52110168.75
2025-07-31 11:03:14 AM,318.8,0,0.0,52110168.75
2025-07-31 11:03:15 AM,318.8,75,23910.0,52134078.75
2025-07-31 11:03:30 AM,327.25,0,0.0,52134078.75
2025-07-31 11:03:30 AM,327.25,75,24543.75,52158622.5
2025-07-31 11:03:39 AM,325.3,0,0.0,52158622.5
2025-07-31 11:03:39 AM,325.3,150,48795.0,52207417.5
2025-07-31 11:03:40 AM,323.6,0,0.0,52207417.5
2025-07-31 11:03:41 AM,323.6,75,24270.0,52231687.5
2025-07-31 11:03:45 AM,324.85,0,0.0,52231687.5
2025-07-31 11:03:46 AM,324.85,75,24363.75,52256051.25
2025-07-31 11:04:00 AM,324.0,0,0.0,52256051.25
2025-07-31 11:04:01 AM,324.0,75,24300.0,52280351.25
2025-07-31 11:04:14 AM,325.9,0,0.0,52280351.25
2025-07-31 11:04:15 AM,325.9,75,24442.5,52304793.75
2025-07-31 11:04:36 AM,328.4,0,0.0,52304793.75
2025-07-31 11:04:37 AM,328.4,375,123149.99999999999,52427943.75
2025-07-31 11:04:52 AM,324.05,75,24303.75,52452247.5
2025-07-31 11:05:09 AM,324.0,75,24300.0,52476547.5
2025-07-31 11:05:11 AM,324.0,75,24300.0,52500847.5
2025-07-31 11:05:11 AM,324.45,0,0.0,52500847.5
2025-07-31 11:05:12 AM,324.45,75,24333.75,52525181.25
2025-07-31 11:05:49 AM,316.95,0,0.0,52525181.25
2025-07-31 11:05:51 AM,319.65,0,0.0,52525181.25
2025-07-31 11:05:51 AM,319.65,150,47947.5,52573128.75
2025-07-31 11:06:00 AM,317.85,0,0.0,52573128.75
2025-07-31 11:06:01 AM,317.85,75,23838.75,52596967.5
2025-07-31 11:06:03 AM,318.85,0,0.0,52596967.5
2025-07-31 11:06:04 AM,318.85,75,23913.75,52620881.25
2025-07-31 11:06:12 AM,316.9,0,0.0,52620881.25
2025-07-31 11:06:12 AM,316.9,75,23767.5,52644648.75
2025-07-31 11:06:36 AM,320.05,450,144022.5,52788671.25
2025-07-31 11:06:37 AM,318.65,0,0.0,52788671.25
2025-07-31 11:06:37 AM,318.65,450,143392.5,52932063.75
2025-07-31 11:06:43 AM,315.95,0,0.0,52932063.75
2025-07-31 11:06:44 AM,314.25,525,164981.25,53097045.0
2025-07-31 11:06:45 AM,315.4,0,0.0,53097045.0
2025-07-31 11:06:46 AM,315.4,75,23655.0,53120700.0
2025-07-31 11:06:46 AM,315.0,0,0.0,53120700.0
2025-07-31 11:06:46 AM,315.0,75,23625.0,53144325.0
2025-07-31 11:06:46 AM,315.6,0,0.0,53144325.0
2025-07-31 11:06:47 AM,315.6,75,23670.0,53167995.0
2025-07-31 11:06:48 AM,316.25,0,0.0,53167995.0
2025-07-31 11:06:48 AM,317.0,0,0.0,53167995.0
2025-07-31 11:06:49 AM,317.0,1950,618150.0,53786145.0
2025-07-31 11:06:57 AM,317.95,0,0.0,53786145.0
2025-07-31 11:06:57 AM,317.95,75,23846.25,53809991.25
2025-07-31 11:07:01 AM,317.8,0,0.0,53809991.25
2025-07-31 11:07:02 AM,317.8,75,23835.0,53833826.25
2025-07-31 11:07:05 AM,320.45,0,0.0,53833826.25
2025-07-31 11:07:05 AM,320.45,75,24033.75,53857860.0
2025-07-31 11:07:05 AM,320.35,75,24026.25,53881886.25
2025-07-31 11:07:09 AM,323.9,0,0.0,53881886.25
2025-07-31 11:07:10 AM,323.9,75,24292.5,53906178.75
2025-07-31 11:07:13 AM,325.3,75,24397.5,53930576.25
2025-07-31 11:07:15 AM,324.3,0,0.0,53930576.25
2025-07-31 11:07:15 AM,324.3,150,48645.0,53979221.25
2025-07-31 11:07:43 AM,321.7,0,0.0,53979221.25
2025-07-31 11:07:43 AM,321.7,150,48255.0,54027476.25
2025-07-31 11:07:52 AM,317.8,0,0.0,54027476.25
2025-07-31 11:07:52 AM,317.8,75,23835.0,54051311.25
2025-07-31 11:08:00 AM,317.5,0,0.0,54051311.25
2025-07-31 11:08:00 AM,318.25,0,0.0,54051311.25
2025-07-31 11:08:00 AM,318.25,150,47737.5,54099048.75
2025-07-31 11:08:26 AM,320.5,0,0.0,54099048.75
2025-07-31 11:08:26 AM,320.5,75,24037.5,54123086.25
2025-07-31 11:08:32 AM,317.75,0,0.0,54123086.25
2025-07-31 11:08:33 AM,317.75,300,95325.0,54218411.25
2025-07-31 11:08:37 AM,317.0,0,0.0,54218411.25
2025-07-31 11:08:38 AM,317.0,75,23775.0,54242186.25
2025-07-31 11:08:45 AM,317.0,825,261525.0,54503711.25
2025-07-31 11:08:56 AM,318.85,0,0.0,54503711.25
2025-07-31 11:08:56 AM,318.85,75,23913.75,54527625.0
2025-07-31 11:08:57 AM,317.85,0,0.0,54527625.0
2025-07-31 11:08:58 AM,317.85,75,23838.75,54551463.75
2025-07-31 11:08:58 AM,318.95,0,0.0,54551463.75
2025-07-31 11:08:59 AM,318.95,75,23921.25,54575385.0
2025-07-31 11:09:07 AM,322.0,0,0.0,54575385.0
2025-07-31 11:09:07 AM,322.0,300,96600.0,54671985.0
2025-07-31 11:09:09 AM,324.0,0,0.0,54671985.0
2025-07-31 11:09:09 AM,324.0,75,24300.0,54696285.0
2025-07-31 11:09:12 AM,323.4,0,0.0,54696285.0
2025-07-31 11:09:12 AM,323.4,600,194040.0,54890325.0
2025-07-31 11:09:15 AM,320.55,0,0.0,54890325.0
2025-07-31 11:09:16 AM,320.55,75,24041.25,54914366.25
2025-07-31 11:09:26 AM,323.55,0,0.0,54914366.25
2025-07-31 11:09:26 AM,324.65,0,0.0,54914366.25
2025-07-31 11:09:27 AM,324.65,1425,462626.24999999994,55376992.5
2025-07-31 11:09:48 AM,324.65,75,24348.75,55401341.25
2025-07-31 11:09:51 AM,327.3,0,0.0,55401341.25
2025-07-31 11:09:52 AM,327.3,75,24547.5,55425888.75
2025-07-31 11:10:03 AM,328.75,0,0.0,55425888.75
2025-07-31 11:10:04 AM,328.75,75,24656.25,55450545.0
2025-07-31 11:10:07 AM,329.0,0,0.0,55450545.0
2025-07-31 11:10:07 AM,329.0,75,24675.0,55475220.0
2025-07-31 11:10:16 AM,330.0,0,0.0,55475220.0
2025-07-31 11:10:16 AM,330.0,225,74250.0,55549470.0
2025-07-31 11:10:26 AM,333.4,0,0.0,55549470.0
2025-07-31 11:10:26 AM,333.4,75,25005.0,55574475.0
2025-07-31 11:10:30 AM,335.0,0,0.0,55574475.0
2025-07-31 11:10:31 AM,335.0,300,100500.0,55674975.0
2025-07-31 11:10:31 AM,335.25,0,0.0,55674975.0
2025-07-31 11:10:32 AM,335.25,75,25143.75,55700118.75
2025-07-31 11:10:37 AM,331.2,0,0.0,55700118.75
2025-07-31 11:10:38 AM,331.2,300,99360.0,55799478.75
2025-07-31 11:10:45 AM,332.9,0,0.0,55799478.75
2025-07-31 11:10:46 AM,332.9,75,24967.5,55824446.25
2025-07-31 11:10:55 AM,333.1,0,0.0,55824446.25
2025-07-31 11:10:56 AM,333.1,75,24982.5,55849428.75
2025-07-31 11:11:01 AM,330.4,0,0.0,55849428.75
2025-07-31 11:11:01 AM,330.4,75,24780.0,55874208.75
2025-07-31 11:11:03 AM,331.45,0,0.0,55874208.75
2025-07-31 11:11:04 AM,331.45,75,24858.75,55899067.5
2025-07-31 11:11:06 AM,333.65,0,0.0,55899067.5
2025-07-31 11:11:06 AM,333.65,2250,750712.5,56649780.0
2025-07-31 11:11:46 AM,329.7,0,0.0,56649780.0
2025-07-31 11:11:47 AM,330.3,0,0.0,56649780.0
2025-07-31 11:11:47 AM,330.3,150,49545.0,56699325.0
2025-07-31 11:11:48 AM,329.85,75,24738.75,56724063.75
2025-07-31 11:11:51 AM,331.6,0,0.0,56724063.75
2025-07-31 11:11:52 AM,331.6,75,24870.0,56748933.75
2025-07-31 11:11:58 AM,332.0,0,0.0,56748933.75
2025-07-31 11:11:59 AM,332.0,75,24900.0,56773833.75
2025-07-31 11:13:26 AM,334.4,0,0.0,56773833.75
2025-07-31 11:13:26 AM,334.4,75,25080.0,56798913.75
2025-07-31 11:13:34 AM,338.75,0,0.0,56798913.75
2025-07-31 11:13:34 AM,338.75,375,127031.25,56925945.0
2025-07-31 11:13:42 AM,337.15,0,0.0,56925945.0
2025-07-31 11:13:43 AM,337.15,750,252862.49999999997,57178807.5
2025-07-31 11:13:50 AM,335.85,0,0.0,57178807.5
2025-07-31 11:13:50 AM,335.85,300,100755.0,57279562.5
2025-07-31 11:13:52 AM,335.35,0,0.0,57279562.5
2025-07-31 11:13:53 AM,335.35,75,25151.25,57304713.75
2025-07-31 11:13:55 AM,334.35,0,0.0,57304713.75
2025-07-31 11:13:55 AM,334.35,75,25076.25,57329790.0
2025-07-31 11:13:55 AM,335.05,0,0.0,57329790.0
2025-07-31 11:13:56 AM,335.05,75,25128.75,57354918.75
2025-07-31 11:13:56 AM,334.75,0,0.0,57354918.75
2025-07-31 11:13:57 AM,336.0,0,0.0,57354918.75
2025-07-31 11:13:58 AM,336.0,150,50400.0,57405318.75
2025-07-31 11:14:08 AM,334.95,0,0.0,57405318.75
2025-07-31 11:14:09 AM,334.95,225,75363.75,57480682.5
2025-07-31 11:14:35 AM,332.7,225,74857.5,57555540.0
2025-07-31 11:14:35 AM,332.95,0,0.0,57555540.0
2025-07-31 11:14:36 AM,333.15,375,124931.24999999999,57680471.25
2025-07-31 11:14:37 AM,332.5,0,0.0,57680471.25
2025-07-31 11:14:38 AM,332.0,1050,348600.0,58029071.25
2025-07-31 11:14:46 AM,332.8,0,0.0,58029071.25
2025-07-31 11:14:46 AM,332.8,75,24960.0,58054031.25
2025-07-31 11:14:47 AM,332.65,0,0.0,58054031.25
2025-07-31 11:14:47 AM,332.65,75,24948.75,58078980.0
2025-07-31 11:14:50 AM,331.8,75,24885.0,58103865.0
2025-07-31 11:14:51 AM,331.55,0,0.0,58103865.0
2025-07-31 11:14:52 AM,331.9,0,0.0,58103865.0
2025-07-31 11:14:52 AM,331.9,150,49785.0,58153650.0
2025-07-31 11:15:20 AM,330.25,0,0.0,58153650.0
2025-07-31 11:15:20 AM,331.8,1575,522585.0,58676235.0
2025-07-31 11:16:21 AM,331.65,0,0.0,58676235.0
2025-07-31 11:16:22 AM,331.65,75,24873.75,58701108.75
2025-07-31 11:17:01 AM,331.0,0,0.0,58701108.75
2025-07-31 11:17:01 AM,331.0,75,24825.0,58725933.75
2025-07-31 11:17:08 AM,330.2,0,0.0,58725933.75
2025-07-31 11:17:09 AM,330.2,75,24765.0,58750698.75
2025-07-31 11:18:03 AM,327.95,0,0.0,58750698.75
2025-07-31 11:18:03 AM,327.95,75,24596.25,58775295.0
2025-07-31 11:18:29 AM,327.0,0,0.0,58775295.0
2025-07-31 11:18:29 AM,327.0,75,24525.0,58799820.0
2025-07-31 11:18:42 AM,333.1,0,0.0,58799820.0
2025-07-31 11:18:42 AM,333.15,150,49972.5,58849792.5
2025-07-31 11:18:54 AM,328.65,0,0.0,58849792.5
2025-07-31 11:18:54 AM,328.65,75,24648.75,58874441.25
2025-07-31 11:19:40 AM,325.85,0,0.0,58874441.25
2025-07-31 11:19:40 AM,325.85,75,24438.75,58898880.0
2025-07-31 11:19:48 AM,324.9,0,0.0,58898880.0
2025-07-31 11:19:48 AM,324.9,75,24367.5,58923247.5
2025-07-31 11:20:07 AM,321.55,0,0.0,58923247.5
2025-07-31 11:20:08 AM,321.55,150,48232.5,58971480.0
2025-07-31 11:20:15 AM,318.5,0,0.0,58971480.0
2025-07-31 11:20:15 AM,318.5,75,23887.5,58995367.5
2025-07-31 11:20:18 AM,318.0,0,0.0,58995367.5
2025-07-31 11:20:19 AM,318.0,75,23850.0,59019217.5
2025-07-31 11:20:21 AM,319.25,0,0.0,59019217.5
2025-07-31 11:20:21 AM,319.25,75,23943.75,59043161.25
2025-07-31 11:20:22 AM,319.6,0,0.0,59043161.25
2025-07-31 11:20:23 AM,319.6,75,23970.0,59067131.25
2025-07-31 11:20:24 AM,318.5,0,0.0,59067131.25
2025-07-31 11:20:24 AM,318.5,75,23887.5,59091018.75
2025-07-31 11:20:32 AM,318.0,0,0.0,59091018.75
2025-07-31 11:20:33 AM,318.0,75,23850.0,59114868.75
2025-07-31 11:20:35 AM,317.6,0,0.0,59114868.75
2025-07-31 11:20:36 AM,317.6,75,23820.0,59138688.75
2025-07-31 11:20:37 AM,317.55,0,0.0,59138688.75
2025-07-31 11:20:38 AM,317.55,75,23816.25,59162505.0
2025-07-31 11:20:41 AM,317.5,0,0.0,59162505.0
2025-07-31 11:20:41 AM,317.5,75,23812.5,59186317.5
2025-07-31 11:20:46 AM,315.0,0,0.0,59186317.5
2025-07-31 11:20:46 AM,315.0,75,23625.0,59209942.5
2025-07-31 11:20:48 AM,316.5,0,0.0,59209942.5
2025-07-31 11:20:48 AM,316.8,0,0.0,59209942.5
2025-07-31 11:20:49 AM,316.8,150,47520.0,59257462.5
2025-07-31 11:21:03 AM,314.65,0,0.0,59257462.5
2025-07-31 11:21:04 AM,314.65,75,23598.75,59281061.25
2025-07-31 11:21:07 AM,316.1,0,0.0,59281061.25
2025-07-31 11:21:08 AM,316.1,75,23707.5,59304768.75
2025-07-31 11:21:13 AM,316.0,0,0.0,59304768.75
2025-07-31 11:21:13 AM,316.0,75,23700.0,59328468.75
2025-07-31 11:21:18 AM,318.0,0,0.0,59328468.75
2025-07-31 11:21:19 AM,318.0,75,23850.0,59352318.75
2025-07-31 11:21:34 AM,313.5,0,0.0,59352318.75
2025-07-31 11:21:35 AM,313.5,75,23512.5,59375831.25
2025-07-31 11:21:36 AM,313.95,75,23546.25,59399377.5
2025-07-31 11:21:44 AM,314.55,0,0.0,59399377.5
2025-07-31 11:21:44 AM,314.55,75,23591.25,59422968.75
2025-07-31 11:22:07 AM,310.6,0,0.0,59422968.75
2025-07-31 11:22:07 AM,309.95,1725,534663.75,59957632.5
2025-07-31 11:22:08 AM,310.6,75,23295.0,59980927.5
2025-07-31 11:22:10 AM,310.2,0,0.0,59980927.5
2025-07-31 11:22:11 AM,310.2,75,23265.0,60004192.5
2025-07-31 11:22:20 AM,308.55,0,0.0,60004192.5
2025-07-31 11:22:21 AM,308.55,75,23141.25,60027333.75
2025-07-31 11:22:21 AM,306.45,0,0.0,60027333.75
2025-07-31 11:22:21 AM,306.2,0,0.0,60027333.75
2025-07-31 11:22:22 AM,306.2,375,114825.0,60142158.75
2025-07-31 11:22:22 AM,305.0,75,22875.0,60165033.75
2025-07-31 11:22:23 AM,304.15,0,0.0,60165033.75
2025-07-31 11:22:23 AM,303.65,675,204963.74999999997,60369997.5
2025-07-31 11:22:24 AM,304.5,0,0.0,60369997.5
2025-07-31 11:22:24 AM,304.5,225,68512.5,60438510.0
2025-07-31 11:22:24 AM,304.75,0,0.0,60438510.0
2025-07-31 11:22:25 AM,304.75,225,68568.75,60507078.75
2025-07-31 11:22:26 AM,304.2,0,0.0,60507078.75
2025-07-31 11:22:27 AM,304.2,75,22815.0,60529893.75
2025-07-31 11:22:37 AM,304.2,225,68445.0,60598338.75
2025-07-31 11:22:46 AM,305.1,0,0.0,60598338.75
2025-07-31 11:22:47 AM,305.1,75,22882.5,60621221.25
2025-07-31 11:22:47 AM,305.9,0,0.0,60621221.25
2025-07-31 11:22:47 AM,305.9,300,91770.0,60712991.25
2025-07-31 11:22:53 AM,304.45,0,0.0,60712991.25
2025-07-31 11:22:53 AM,304.45,75,22833.75,60735825.0
2025-07-31 11:22:58 AM,304.0,0,0.0,60735825.0
2025-07-31 11:22:58 AM,304.0,75,22800.0,60758625.0
2025-07-31 11:23:02 AM,303.55,75,22766.25,60781391.25
2025-07-31 11:23:02 AM,303.5,0,0.0,60781391.25
2025-07-31 11:23:02 AM,303.5,75,22762.5,60804153.75
2025-07-31 11:23:18 AM,304.4,0,0.0,60804153.75
2025-07-31 11:23:18 AM,304.4,75,22830.0,60826983.75
2025-07-31 11:23:25 AM,305.3,0,0.0,60826983.75
2025-07-31 11:23:25 AM,305.3,375,114487.5,60941471.25
2025-07-31 11:23:34 AM,306.2,0,0.0,60941471.25
2025-07-31 11:23:35 AM,306.2,225,68895.0,61010366.25
2025-07-31 11:24:10 AM,307.3,0,0.0,61010366.25
2025-07-31 11:24:10 AM,307.3,150,46095.0,61056461.25
2025-07-31 11:24:17 AM,306.0,0,0.0,61056461.25
2025-07-31 11:24:17 AM,306.0,75,22950.0,61079411.25
2025-07-31 11:24:18 AM,306.4,0,0.0,61079411.25
2025-07-31 11:24:18 AM,306.4,75,22980.0,61102391.25
2025-07-31 11:24:39 AM,306.6,0,0.0,61102391.25
2025-07-31 11:24:40 AM,306.6,75,22995.0,61125386.25
2025-07-31 11:24:43 AM,305.35,0,0.0,61125386.25
2025-07-31 11:24:43 AM,305.35,75,22901.25,61148287.5
2025-07-31 11:24:45 AM,305.75,0,0.0,61148287.5
2025-07-31 11:24:45 AM,305.75,75,22931.25,61171218.75
2025-07-31 11:24:58 AM,301.7,0,0.0,61171218.75
2025-07-31 11:24:58 AM,301.25,0,0.0,61171218.75
2025-07-31 11:24:58 AM,298.75,750,224062.5,61395281.25
2025-07-31 11:25:00 AM,298.85,0,0.0,61395281.25
2025-07-31 11:25:00 AM,298.85,525,156896.25,61552177.5
2025-07-31 11:25:01 AM,299.5,75,22462.5,61574640.0
2025-07-31 11:25:02 AM,295.95,0,0.0,61574640.0
2025-07-31 11:25:02 AM,296.0,0,0.0,61574640.0
2025-07-31 11:25:02 AM,296.0,1200,355200.0,61929840.0
2025-07-31 11:25:03 AM,295.85,0,0.0,61929840.0
2025-07-31 11:25:03 AM,295.85,225,66566.25,61996406.25
2025-07-31 11:25:07 AM,294.8,0,0.0,61996406.25
2025-07-31 11:25:07 AM,294.8,75,22110.0,62018516.25
2025-07-31 11:25:08 AM,293.25,0,0.0,62018516.25
2025-07-31 11:25:08 AM,293.25,150,43987.5,62062503.75
2025-07-31 11:25:10 AM,292.6,0,0.0,62062503.75
2025-07-31 11:25:10 AM,292.6,75,21945.0,62084448.75
2025-07-31 11:25:18 AM,286.9,0,0.0,62084448.75
2025-07-31 11:25:18 AM,288.55,225,64923.75,62149372.5
2025-07-31 11:25:20 AM,288.45,0,0.0,62149372.5
2025-07-31 11:25:20 AM,287.8,150,43170.0,62192542.5
2025-07-31 11:25:22 AM,288.85,0,0.0,62192542.5
2025-07-31 11:25:22 AM,288.85,75,21663.75,62214206.25
2025-07-31 11:25:22 AM,289.8,75,21735.0,62235941.25
2025-07-31 11:25:23 AM,290.15,225,65283.74999999999,62301225.0
2025-07-31 11:25:29 AM,294.1,0,0.0,62301225.0
2025-07-31 11:25:29 AM,294.1,300,88230.0,62389455.0
2025-07-31 11:25:37 AM,301.2,0,0.0,62389455.0
2025-07-31 11:25:37 AM,301.2,75,22590.0,62412045.0
2025-07-31 11:25:44 AM,300.4,0,0.0,62412045.0
2025-07-31 11:25:44 AM,300.4,150,45060.0,62457105.0
2025-07-31 11:25:47 AM,298.65,0,0.0,62457105.0
2025-07-31 11:25:47 AM,298.65,150,44797.5,62501902.5
2025-07-31 11:25:52 AM,298.65,375,111993.74999999999,62613896.25
2025-07-31 11:25:54 AM,299.6,0,0.0,62613896.25
2025-07-31 11:25:55 AM,299.6,375,112350.00000000001,62726246.25
2025-07-31 11:26:02 AM,302.0,75,22650.0,62748896.25
2025-07-31 11:26:07 AM,303.55,0,0.0,62748896.25
2025-07-31 11:26:07 AM,303.55,75,22766.25,62771662.5
2025-07-31 11:26:12 AM,303.85,75,22788.75,62794451.25
2025-07-31 11:26:18 AM,304.0,0,0.0,62794451.25
2025-07-31 11:26:19 AM,304.0,75,22800.0,62817251.25
2025-07-31 11:26:19 AM,303.85,75,22788.75,62840040.0
2025-07-31 11:26:20 AM,303.65,75,22773.75,62862813.75
2025-07-31 11:26:33 AM,303.9,0,0.0,62862813.75
2025-07-31 11:26:34 AM,303.9,525,159547.5,63022361.25
2025-07-31 11:26:38 AM,304.25,0,0.0,63022361.25
2025-07-31 11:26:39 AM,304.25,300,91275.0,63113636.25
2025-07-31 11:26:44 AM,301.5,0,0.0,63113636.25
2025-07-31 11:26:44 AM,301.5,75,22612.5,63136248.75
2025-07-31 11:27:16 AM,302.45,0,0.0,63136248.75
2025-07-31 11:27:17 AM,302.45,75,22683.75,63158932.5
2025-07-31 11:27:33 AM,300.05,0,0.0,63158932.5
2025-07-31 11:27:34 AM,300.05,150,45007.5,63203940.0
2025-07-31 11:27:40 AM,298.65,0,0.0,63203940.0
2025-07-31 11:27:40 AM,298.65,150,44797.5,63248737.5
2025-07-31 11:27:51 AM,300.45,0,0.0,63248737.5
2025-07-31 11:27:52 AM,300.45,75,22533.75,63271271.25
2025-07-31 11:27:57 AM,298.95,0,0.0,63271271.25
2025-07-31 11:27:57 AM,298.95,75,22421.25,63293692.5
2025-07-31 11:28:02 AM,298.25,0,0.0,63293692.5
2025-07-31 11:28:02 AM,298.25,75,22368.75,63316061.25
2025-07-31 11:28:19 AM,299.3,0,0.0,63316061.25
2025-07-31 11:28:20 AM,299.3,150,44895.0,63360956.25
2025-07-31 11:28:31 AM,299.0,0,0.0,63360956.25
2025-07-31 11:28:31 AM,299.4,150,44910.0,63405866.25
2025-07-31 11:28:47 AM,299.7,0,0.0,63405866.25
2025-07-31 11:28:47 AM,299.7,75,22477.5,63428343.75
2025-07-31 11:28:47 AM,300.1,0,0.0,63428343.75
2025-07-31 11:28:48 AM,300.1,75,22507.5,63450851.25
2025-07-31 11:29:07 AM,304.0,75,22800.0,63473651.25
2025-07-31 11:29:10 AM,301.9,0,0.0,63473651.25
2025-07-31 11:29:10 AM,301.9,75,22642.5,63496293.75
2025-07-31 11:29:22 AM,303.8,0,0.0,63496293.75
2025-07-31 11:29:22 AM,303.8,75,22785.0,63519078.75
2025-07-31 11:29:30 AM,303.45,0,0.0,63519078.75
2025-07-31 11:29:30 AM,303.45,75,22758.75,63541837.5
2025-07-31 11:30:01 AM,306.1,0,0.0,63541837.5
2025-07-31 11:30:01 AM,306.1,525,160702.5,63702540.0
2025-07-31 11:30:04 AM,307.25,75,23043.75,63725583.75
2025-07-31 11:30:17 AM,303.95,0,0.0,63725583.75
2025-07-31 11:30:17 AM,303.95,75,22796.25,63748380.0
2025-07-31 11:30:36 AM,304.05,0,0.0,63748380.0
2025-07-31 11:30:37 AM,304.05,75,22803.75,63771183.75
2025-07-31 11:30:43 AM,303.9,0,0.0,63771183.75
2025-07-31 11:30:43 AM,303.9,225,68377.5,63839561.25
2025-07-31 11:30:57 AM,300.75,0,0.0,63839561.25
2025-07-31 11:30:57 AM,300.75,75,22556.25,63862117.5
2025-07-31 11:30:57 AM,302.1,75,22657.5,63884775.0
2025-07-31 11:30:57 AM,302.25,0,0.0,63884775.0
2025-07-31 11:30:58 AM,302.25,150,45337.5,63930112.5
2025-07-31 11:31:03 AM,302.6,0,0.0,63930112.5
2025-07-31 11:31:03 AM,302.6,75,22695.0,63952807.5
2025-07-31 11:31:45 AM,303.8,0,0.0,63952807.5
2025-07-31 11:31:45 AM,303.8,75,22785.0,63975592.5
2025-07-31 11:31:46 AM,301.15,0,0.0,63975592.5
2025-07-31 11:31:47 AM,301.15,75,22586.25,63998178.75
2025-07-31 11:32:06 AM,297.05,0,0.0,63998178.75
2025-07-31 11:32:07 AM,297.05,75,22278.75,64020457.5
2025-07-31 11:32:15 AM,294.95,0,0.0,64020457.5
2025-07-31 11:32:16 AM,294.95,75,22121.25,64042578.75
2025-07-31 11:32:19 AM,295.8,0,0.0,64042578.75
2025-07-31 11:32:19 AM,295.8,75,22185.0,64064763.75
2025-07-31 11:32:36 AM,292.9,0,0.0,64064763.75
2025-07-31 11:32:37 AM,292.9,75,21967.5,64086731.25
2025-07-31 11:32:42 AM,293.55,0,0.0,64086731.25
2025-07-31 11:32:42 AM,293.55,75,22016.25,64108747.5
2025-07-31 11:33:18 AM,290.0,0,0.0,64108747.5
2025-07-31 11:33:18 AM,290.0,225,65250.0,64173997.5
2025-07-31 11:33:23 AM,289.05,0,0.0,64173997.5
2025-07-31 11:33:24 AM,286.0,0,0.0,64173997.5
2025-07-31 11:33:24 AM,286.0,2700,772200.0,64946197.5
2025-07-31 11:33:25 AM,286.8,0,0.0,64946197.5
2025-07-31 11:33:26 AM,286.8,75,21510.0,64967707.5
2025-07-31 11:33:31 AM,289.95,0,0.0,64967707.5
2025-07-31 11:33:31 AM,289.95,150,43492.5,65011200.0
2025-07-31 11:33:37 AM,288.9,0,0.0,65011200.0
2025-07-31 11:33:37 AM,289.05,0,0.0,65011200.0
2025-07-31 11:33:37 AM,289.05,150,43357.5,65054557.5
2025-07-31 11:33:55 AM,288.75,0,0.0,65054557.5
2025-07-31 11:33:56 AM,288.75,75,21656.25,65076213.75
2025-07-31 11:34:00 AM,289.0,0,0.0,65076213.75
2025-07-31 11:34:00 AM,288.9,150,43335.0,65119548.75
2025-07-31 11:34:05 AM,287.1,0,0.0,65119548.75
2025-07-31 11:34:05 AM,287.1,75,21532.5,65141081.25
2025-07-31 11:34:11 AM,285.05,0,0.0,65141081.25
2025-07-31 11:34:11 AM,285.05,75,21378.75,65162460.0
2025-07-31 11:34:11 AM,285.15,0,0.0,65162460.0
2025-07-31 11:34:12 AM,285.15,75,21386.25,65183846.25
2025-07-31 11:34:12 AM,283.9,0,0.0,65183846.25
2025-07-31 11:34:13 AM,283.9,150,42585.0,65226431.25
2025-07-31 11:34:17 AM,286.55,0,0.0,65226431.25
2025-07-31 11:34:17 AM,286.55,75,21491.25,65247922.5
2025-07-31 11:34:19 AM,286.25,0,0.0,65247922.5
2025-07-31 11:34:19 AM,286.25,75,21468.75,65269391.25
2025-07-31 11:34:22 AM,287.1,0,0.0,65269391.25
2025-07-31 11:34:23 AM,287.1,75,21532.5,65290923.75
2025-07-31 11:34:38 AM,291.7,0,0.0,65290923.75
2025-07-31 11:34:38 AM,291.7,75,21877.5,65312801.25
2025-07-31 11:34:39 AM,292.25,0,0.0,65312801.25
2025-07-31 11:34:39 AM,292.25,75,21918.75,65334720.0
2025-07-31 11:34:47 AM,289.45,0,0.0,65334720.0
2025-07-31 11:34:47 AM,289.45,150,43417.5,65378137.5
2025-07-31 11:34:48 AM,289.65,75,21723.75,65399861.25
2025-07-31 11:34:49 AM,289.3,0,0.0,65399861.25
2025-07-31 11:34:49 AM,289.3,75,21697.5,65421558.75
2025-07-31 11:34:50 AM,288.35,0,0.0,65421558.75
2025-07-31 11:34:51 AM,288.35,75,21626.25,65443185.0
2025-07-31 11:34:52 AM,288.95,0,0.0,65443185.0
2025-07-31 11:34:52 AM,288.95,75,21671.25,65464856.25
2025-07-31 11:34:56 AM,286.7,0,0.0,65464856.25
2025-07-31 11:34:56 AM,286.7,75,21502.5,65486358.75
2025-07-31 11:34:56 AM,286.8,0,0.0,65486358.75
2025-07-31 11:34:56 AM,286.8,75,21510.0,65507868.75
2025-07-31 11:34:57 AM,286.8,75,21510.0,65529378.75
2025-07-31 11:34:58 AM,286.7,75,21502.5,65550881.25
2025-07-31 11:35:00 AM,285.6,0,0.0,65550881.25
2025-07-31 11:35:00 AM,285.6,450,128520.00000000001,65679401.25
2025-07-31 11:35:01 AM,285.6,225,64260.00000000001,65743661.25
2025-07-31 11:35:02 AM,285.75,0,0.0,65743661.25
2025-07-31 11:35:02 AM,285.75,75,21431.25,65765092.5
2025-07-31 11:35:04 AM,286.1,0,0.0,65765092.5
2025-07-31 11:35:04 AM,286.1,75,21457.5,65786550.0
2025-07-31 11:35:05 AM,285.0,0,0.0,65786550.0
2025-07-31 11:35:06 AM,285.0,75,21375.0,65807925.0
2025-07-31 11:35:06 AM,284.55,0,0.0,65807925.0
2025-07-31 11:35:06 AM,284.55,225,64023.75,65871948.75
2025-07-31 11:35:07 AM,285.25,0,0.0,65871948.75
2025-07-31 11:35:07 AM,285.25,75,21393.75,65893342.5
2025-07-31 11:35:08 AM,285.35,0,0.0,65893342.5
2025-07-31 11:35:08 AM,285.35,75,21401.25,65914743.75
2025-07-31 11:35:09 AM,285.5,0,0.0,65914743.75
2025-07-31 11:35:09 AM,285.5,150,42825.0,65957568.75
2025-07-31 11:35:26 AM,291.95,0,0.0,65957568.75
2025-07-31 11:35:26 AM,291.95,75,21896.25,65979465.0
2025-07-31 11:35:27 AM,292.45,0,0.0,65979465.0
2025-07-31 11:35:27 AM,292.45,75,21933.75,66001398.75
2025-07-31 11:35:41 AM,293.55,0,0.0,66001398.75
2025-07-31 11:35:41 AM,293.55,150,44032.5,66045431.25
2025-07-31 11:35:49 AM,296.05,0,0.0,66045431.25
2025-07-31 11:35:50 AM,296.05,75,22203.75,66067635.0
2025-07-31 11:35:50 AM,295.55,0,0.0,66067635.0
2025-07-31 11:35:51 AM,295.55,75,22166.25,66089801.25
2025-07-31 11:35:57 AM,297.15,0,0.0,66089801.25
2025-07-31 11:35:58 AM,297.15,75,22286.25,66112087.5
2025-07-31 11:36:04 AM,299.1,0,0.0,66112087.5
2025-07-31 11:36:04 AM,299.1,75,22432.5,66134520.0
2025-07-31 11:36:05 AM,300.5,0,0.0,66134520.0
2025-07-31 11:36:06 AM,299.9,375,112462.49999999999,66246982.5
2025-07-31 11:36:12 AM,299.15,0,0.0,66246982.5
2025-07-31 11:36:13 AM,299.15,75,22436.25,66269418.75
2025-07-31 11:36:31 AM,299.85,0,0.0,66269418.75
2025-07-31 11:36:32 AM,299.15,300,89745.0,66359163.75
2025-07-31 11:36:46 AM,296.15,0,0.0,66359163.75
2025-07-31 11:36:47 AM,296.15,225,66633.75,66425797.5
2025-07-31 11:37:22 AM,297.0,0,0.0,66425797.5
2025-07-31 11:37:22 AM,297.0,75,22275.0,66448072.5
2025-07-31 11:37:25 AM,296.7,0,0.0,66448072.5
2025-07-31 11:37:25 AM,296.7,75,22252.5,66470325.0
2025-07-31 11:37:55 AM,300.0,225,67500.0,66537825.0
2025-07-31 11:38:36 AM,299.1,0,0.0,66537825.0
2025-07-31 11:38:37 AM,299.1,75,22432.5,66560257.5
2025-07-31 11:38:40 AM,300.2,0,0.0,66560257.5
2025-07-31 11:38:42 AM,300.2,225,67545.0,66627802.5
2025-07-31 11:39:19 AM,301.55,75,22616.25,66650418.75
2025-07-31 11:39:50 AM,296.85,0,0.0,66650418.75
2025-07-31 11:39:50 AM,296.85,75,22263.75,66672682.5
2025-07-31 11:39:57 AM,298.45,0,0.0,66672682.5
2025-07-31 11:39:58 AM,298.45,75,22383.75,66695066.25
2025-07-31 11:40:02 AM,295.6,0,0.0,66695066.25
2025-07-31 11:40:03 AM,297.6,0,0.0,66695066.25
2025-07-31 11:40:03 AM,297.6,3450,1026720.0000000001,67721786.25
2025-07-31 11:40:27 AM,297.2,0,0.0,67721786.25
2025-07-31 11:40:27 AM,297.2,225,66870.0,67788656.25
2025-07-31 11:40:28 AM,297.25,0,0.0,67788656.25
2025-07-31 11:40:28 AM,297.25,225,66881.25,67855537.5
2025-07-31 11:40:37 AM,299.15,0,0.0,67855537.5
2025-07-31 11:40:38 AM,299.15,75,22436.25,67877973.75
2025-07-31 11:40:55 AM,297.0,0,0.0,67877973.75
2025-07-31 11:40:55 AM,297.0,225,66825.0,67944798.75
2025-07-31 11:40:57 AM,296.9,0,0.0,67944798.75
2025-07-31 11:40:58 AM,296.9,225,66802.5,68011601.25
2025-07-31 11:40:59 AM,296.6,0,0.0,68011601.25
2025-07-31 11:41:00 AM,296.6,75,22245.0,68033846.25
2025-07-31 11:41:03 AM,296.25,0,0.0,68033846.25
2025-07-31 11:41:03 AM,296.25,75,22218.75,68056065.0
2025-07-31 11:41:23 AM,297.4,0,0.0,68056065.0
2025-07-31 11:41:23 AM,297.4,300,89220.0,68145285.0
2025-07-31 11:41:37 AM,296.0,0,0.0,68145285.0
2025-07-31 11:41:38 AM,296.0,225,66600.0,68211885.0
2025-07-31 11:41:50 AM,298.7,0,0.0,68211885.0
2025-07-31 11:41:51 AM,298.7,75,22402.5,68234287.5
2025-07-31 11:41:56 AM,296.75,0,0.0,68234287.5
2025-07-31 11:41:57 AM,296.75,75,22256.25,68256543.75
2025-07-31 11:42:37 AM,292.4,0,0.0,68256543.75
2025-07-31 11:42:37 AM,292.4,150,43860.0,68300403.75
2025-07-31 11:42:44 AM,290.7,0,0.0,68300403.75
2025-07-31 11:42:44 AM,290.7,75,21802.5,68322206.25
2025-07-31 11:42:56 AM,288.45,0,0.0,68322206.25
2025-07-31 11:42:57 AM,288.45,225,64901.25,68387107.5
2025-07-31 11:42:59 AM,287.8,0,0.0,68387107.5
2025-07-31 11:42:59 AM,287.8,75,21585.0,68408692.5
2025-07-31 11:43:02 AM,288.55,0,0.0,68408692.5
2025-07-31 11:43:02 AM,288.55,150,43282.5,68451975.0
2025-07-31 11:43:06 AM,288.4,0,0.0,68451975.0
2025-07-31 11:43:06 AM,288.75,0,0.0,68451975.0
2025-07-31 11:43:06 AM,288.75,2325,671343.75,69123318.75
2025-07-31 11:43:07 AM,288.1,0,0.0,69123318.75
2025-07-31 11:43:07 AM,288.1,2025,583402.5,69706721.25
2025-07-31 11:43:21 AM,286.35,0,0.0,69706721.25
2025-07-31 11:43:22 AM,286.35,225,64428.75000000001,69771150.0
2025-07-31 11:43:22 AM,286.05,0,0.0,69771150.0
2025-07-31 11:43:22 AM,286.05,225,64361.25,69835511.25
2025-07-31 11:43:23 AM,286.15,0,0.0,69835511.25
2025-07-31 11:43:23 AM,286.15,75,21461.25,69856972.5
2025-07-31 11:43:25 AM,286.45,0,0.0,69856972.5
2025-07-31 11:43:26 AM,286.45,150,42967.5,69899940.0
2025-07-31 11:43:32 AM,285.0,0,0.0,69899940.0
2025-07-31 11:43:32 AM,285.0,1875,534375.0,70434315.0
2025-07-31 11:43:33 AM,286.35,0,0.0,70434315.0
2025-07-31 11:43:33 AM,286.35,1350,386572.50000000006,70820887.5
2025-07-31 11:43:39 AM,286.4,0,0.0,70820887.5
2025-07-31 11:43:39 AM,286.4,300,85920.0,70906807.5
2025-07-31 11:43:58 AM,286.4,75,21480.0,70928287.5
2025-07-31 11:44:31 AM,288.8,0,0.0,70928287.5
2025-07-31 11:44:32 AM,288.8,150,43320.0,70971607.5
2025-07-31 11:45:21 AM,289.7,0,0.0,70971607.5
2025-07-31 11:45:22 AM,289.7,75,21727.5,70993335.0
2025-07-31 11:45:40 AM,294.3,0,0.0,70993335.0
2025-07-31 11:45:40 AM,294.3,75,22072.5,71015407.5
2025-07-31 11:46:02 AM,290.0,0,0.0,71015407.5
2025-07-31 11:46:02 AM,290.0,75,21750.0,71037157.5
2025-07-31 11:46:05 AM,288.25,0,0.0,71037157.5
2025-07-31 11:46:06 AM,288.25,150,43237.5,71080395.0
2025-07-31 11:46:23 AM,283.0,0,0.0,71080395.0
2025-07-31 11:46:23 AM,281.45,0,0.0,71080395.0
2025-07-31 11:46:24 AM,281.45,225,63326.25,71143721.25
2025-07-31 11:46:25 AM,282.15,0,0.0,71143721.25
2025-07-31 11:46:25 AM,282.15,75,21161.25,71164882.5
2025-07-31 11:46:27 AM,282.4,0,0.0,71164882.5
2025-07-31 11:46:27 AM,282.4,75,21180.0,71186062.5
2025-07-31 11:46:34 AM,284.1,0,0.0,71186062.5
2025-07-31 11:46:34 AM,284.1,75,21307.5,71207370.0
2025-07-31 11:46:42 AM,284.1,150,42615.0,71249985.0
2025-07-31 11:46:44 AM,284.0,0,0.0,71249985.0
2025-07-31 11:46:45 AM,284.0,75,21300.0,71271285.0
2025-07-31 11:47:02 AM,287.0,0,0.0,71271285.0
2025-07-31 11:47:03 AM,287.0,75,21525.0,71292810.0
2025-07-31 11:47:22 AM,285.0,75,21375.0,71314185.0
2025-07-31 11:47:38 AM,284.9,225,64102.49999999999,71378287.5
2025-07-31 11:47:46 AM,285.65,0,0.0,71378287.5
2025-07-31 11:47:46 AM,285.65,75,21423.75,71399711.25
2025-07-31 11:47:48 AM,284.75,0,0.0,71399711.25
2025-07-31 11:47:48 AM,284.75,150,42712.5,71442423.75
2025-07-31 11:48:15 AM,279.45,0,0.0,71442423.75
2025-07-31 11:48:15 AM,279.45,150,41917.5,71484341.25
2025-07-31 11:48:23 AM,282.75,0,0.0,71484341.25
2025-07-31 11:48:23 AM,282.75,75,21206.25,71505547.5
2025-07-31 11:48:25 AM,282.05,0,0.0,71505547.5
2025-07-31 11:48:25 AM,282.05,525,148076.25,71653623.75
2025-07-31 11:48:42 AM,281.3,0,0.0,71653623.75
2025-07-31 11:48:42 AM,281.3,75,21097.5,71674721.25
2025-07-31 11:48:43 AM,281.35,0,0.0,71674721.25
2025-07-31 11:48:43 AM,281.35,75,21101.25,71695822.5
2025-07-31 11:48:50 AM,280.1,0,0.0,71695822.5
2025-07-31 11:48:50 AM,279.0,0,0.0,71695822.5
2025-07-31 11:48:50 AM,279.75,225,62943.75,71758766.25
2025-07-31 11:49:13 AM,283.2,0,0.0,71758766.25
2025-07-31 11:49:13 AM,283.25,0,0.0,71758766.25
2025-07-31 11:49:13 AM,283.25,225,63731.25,71822497.5
2025-07-31 11:49:49 AM,288.7,0,0.0,71822497.5
2025-07-31 11:49:49 AM,288.7,150,43305.0,71865802.5
2025-07-31 11:49:58 AM,289.0,75,21675.0,71887477.5
2025-07-31 11:50:31 AM,288.15,0,0.0,71887477.5
2025-07-31 11:50:31 AM,289.55,825,238878.75,72126356.25
2025-07-31 11:50:54 AM,289.0,0,0.0,72126356.25
2025-07-31 11:50:54 AM,289.0,75,21675.0,72148031.25
2025-07-31 11:51:08 AM,284.55,0,0.0,72148031.25
2025-07-31 11:51:09 AM,284.55,1350,384142.5,72532173.75
2025-07-31 11:51:09 AM,284.6,0,0.0,72532173.75
2025-07-31 11:51:09 AM,285.4,0,0.0,72532173.75
2025-07-31 11:51:10 AM,285.4,1425,406694.99999999994,72938868.75
2025-07-31 11:51:11 AM,288.0,0,0.0,72938868.75
2025-07-31 11:51:12 AM,288.0,75,21600.0,72960468.75
2025-07-31 11:51:15 AM,286.75,0,0.0,72960468.75
2025-07-31 11:51:16 AM,286.75,75,21506.25,72981975.0
2025-07-31 11:51:21 AM,289.0,0,0.0,72981975.0
2025-07-31 11:51:21 AM,289.0,75,21675.0,73003650.0
2025-07-31 11:51:32 AM,286.8,0,0.0,73003650.0
2025-07-31 11:51:33 AM,286.8,375,107550.0,73111200.0
2025-07-31 11:52:10 AM,292.7,0,0.0,73111200.0
2025-07-31 11:52:11 AM,292.7,75,21952.5,73133152.5
2025-07-31 11:52:11 AM,293.15,0,0.0,73133152.5
2025-07-31 11:52:12 AM,293.15,75,21986.25,73155138.75
2025-07-31 11:52:38 AM,292.75,0,0.0,73155138.75
2025-07-31 11:52:39 AM,292.75,75,21956.25,73177095.0
2025-07-31 11:53:17 AM,291.75,0,0.0,73177095.0
2025-07-31 11:53:18 AM,291.75,75,21881.25,73198976.25
2025-07-31 11:53:40 AM,294.7,0,0.0,73198976.25
2025-07-31 11:53:40 AM,294.7,75,22102.5,73221078.75
2025-07-31 11:53:45 AM,293.65,0,0.0,73221078.75
2025-07-31 11:53:46 AM,293.65,75,22023.75,73243102.5
2025-07-31 11:53:51 AM,292.1,0,0.0,73243102.5
2025-07-31 11:53:52 AM,292.1,75,21907.5,73265010.0
2025-07-31 11:53:55 AM,292.5,0,0.0,73265010.0
2025-07-31 11:53:55 AM,292.5,75,21937.5,73286947.5
2025-07-31 11:54:06 AM,293.0,0,0.0,73286947.5
2025-07-31 11:54:07 AM,293.0,75,21975.0,73308922.5
2025-07-31 11:54:08 AM,294.2,75,22065.0,73330987.5
2025-07-31 11:54:34 AM,293.75,0,0.0,73330987.5
2025-07-31 11:54:34 AM,293.75,300,88125.0,73419112.5
2025-07-31 11:55:05 AM,292.1,75,21907.5,73441020.0
2025-07-31 11:55:06 AM,292.4,0,0.0,73441020.0
2025-07-31 11:55:06 AM,292.4,75,21930.0,73462950.0
2025-07-31 11:56:13 AM,290.95,0,0.0,73462950.0
2025-07-31 11:56:14 AM,290.95,75,21821.25,73484771.25
2025-07-31 11:56:25 AM,293.3,0,0.0,73484771.25
2025-07-31 11:56:25 AM,293.3,75,21997.5,73506768.75
2025-07-31 11:56:39 AM,293.3,75,21997.5,73528766.25
2025-07-31 11:57:00 AM,290.7,0,0.0,73528766.25
2025-07-31 11:57:01 AM,290.7,75,21802.5,73550568.75
2025-07-31 11:57:45 AM,288.2,0,0.0,73550568.75
2025-07-31 11:57:45 AM,288.2,75,21615.0,73572183.75
2025-07-31 11:57:50 AM,290.0,0,0.0,73572183.75
2025-07-31 11:57:51 AM,290.0,75,21750.0,73593933.75
2025-07-31 11:57:54 AM,289.65,0,0.0,73593933.75
2025-07-31 11:57:54 AM,289.65,75,21723.75,73615657.5
2025-07-31 11:58:12 AM,294.0,0,0.0,73615657.5
2025-07-31 11:58:13 AM,294.0,75,22050.0,73637707.5
2025-07-31 11:58:47 AM,295.3,75,22147.5,73659855.0
2025-07-31 11:58:48 AM,296.0,0,0.0,73659855.0
2025-07-31 11:58:48 AM,296.0,75,22200.0,73682055.0
2025-07-31 11:59:29 AM,293.25,0,0.0,73682055.0
2025-07-31 11:59:29 AM,293.25,75,21993.75,73704048.75
2025-07-31 12:00:00 PM,292.8,0,0.0,73704048.75
2025-07-31 12:00:00 PM,292.8,375,109800.0,73813848.75
2025-07-31 12:00:06 PM,298.3,0,0.0,73813848.75
2025-07-31 12:00:07 PM,297.75,0,0.0,73813848.75
2025-07-31 12:00:07 PM,297.75,750,223312.5,74037161.25
2025-07-31 12:00:08 PM,295.2,0,0.0,74037161.25
2025-07-31 12:00:08 PM,295.2,150,44280.0,74081441.25
2025-07-31 12:00:25 PM,300.0,0,0.0,74081441.25
2025-07-31 12:00:26 PM,300.0,150,45000.0,74126441.25
2025-07-31 12:00:27 PM,297.95,0,0.0,74126441.25
2025-07-31 12:00:27 PM,300.4,0,0.0,74126441.25
2025-07-31 12:00:28 PM,300.4,4800,1441920.0,75568361.25
2025-07-31 12:00:48 PM,298.95,0,0.0,75568361.25
2025-07-31 12:00:48 PM,298.95,75,22421.25,75590782.5
2025-07-31 12:00:51 PM,298.05,0,0.0,75590782.5
2025-07-31 12:00:51 PM,298.05,75,22353.75,75613136.25
2025-07-31 12:01:09 PM,298.0,0,0.0,75613136.25
2025-07-31 12:01:09 PM,298.0,75,22350.0,75635486.25
2025-07-31 12:01:10 PM,298.9,0,0.0,75635486.25
2025-07-31 12:01:11 PM,298.9,75,22417.5,75657903.75
2025-07-31 12:01:32 PM,303.05,0,0.0,75657903.75
2025-07-31 12:01:33 PM,303.05,75,22728.75,75680632.5
2025-07-31 12:01:51 PM,300.0,0,0.0,75680632.5
2025-07-31 12:01:51 PM,300.0,300,90000.0,75770632.5
2025-07-31 12:02:28 PM,298.95,0,0.0,75770632.5
2025-07-31 12:02:28 PM,298.95,75,22421.25,75793053.75
2025-07-31 12:02:52 PM,305.0,0,0.0,75793053.75
2025-07-31 12:02:53 PM,305.0,75,22875.0,75815928.75
2025-07-31 12:03:14 PM,309.0,150,46350.0,75862278.75
2025-07-31 12:03:15 PM,309.8,0,0.0,75862278.75
2025-07-31 12:03:15 PM,309.8,150,46470.0,75908748.75
2025-07-31 12:03:17 PM,310.0,0,0.0,75908748.75
2025-07-31 12:03:17 PM,310.0,75,23250.0,75931998.75
2025-07-31 12:03:22 PM,311.5,0,0.0,75931998.75
2025-07-31 12:03:22 PM,311.5,75,23362.5,75955361.25
2025-07-31 12:03:38 PM,306.3,0,0.0,75955361.25
2025-07-31 12:03:38 PM,306.3,75,22972.5,75978333.75
2025-07-31 12:03:40 PM,306.15,0,0.0,75978333.75
2025-07-31 12:03:40 PM,306.15,75,22961.25,76001295.0
2025-07-31 12:03:46 PM,307.1,0,0.0,76001295.0
2025-07-31 12:03:47 PM,307.1,75,23032.5,76024327.5
2025-07-31 12:04:02 PM,307.35,0,0.0,76024327.5
2025-07-31 12:04:02 PM,307.35,75,23051.25,76047378.75
2025-07-31 12:04:03 PM,306.05,0,0.0,76047378.75
2025-07-31 12:04:04 PM,306.05,225,68861.25,76116240.0
2025-07-31 12:04:14 PM,308.5,0,0.0,76116240.0
2025-07-31 12:04:14 PM,308.5,150,46275.0,76162515.0
2025-07-31 12:04:22 PM,304.0,0,0.0,76162515.0
2025-07-31 12:04:22 PM,304.0,75,22800.0,76185315.0
2025-07-31 12:05:27 PM,308.25,0,0.0,76185315.0
2025-07-31 12:05:27 PM,308.25,225,69356.25,76254671.25
2025-07-31 12:05:31 PM,308.55,0,0.0,76254671.25
2025-07-31 12:05:31 PM,308.55,75,23141.25,76277812.5
2025-07-31 12:05:56 PM,305.65,0,0.0,76277812.5
2025-07-31 12:05:57 PM,305.65,150,45847.5,76323660.0
2025-07-31 12:06:09 PM,305.35,0,0.0,76323660.0
2025-07-31 12:06:09 PM,305.35,150,45802.5,76369462.5
2025-07-31 12:06:12 PM,303.8,225,68355.0,76437817.5
2025-07-31 12:06:16 PM,305.9,150,45885.0,76483702.5
2025-07-31 12:06:19 PM,306.15,0,0.0,76483702.5
2025-07-31 12:06:19 PM,306.15,75,22961.25,76506663.75
2025-07-31 12:07:00 PM,311.9,0,0.0,76506663.75
2025-07-31 12:07:00 PM,311.9,225,70177.5,76576841.25
2025-07-31 12:07:02 PM,313.15,0,0.0,76576841.25
2025-07-31 12:07:02 PM,313.15,75,23486.25,76600327.5
2025-07-31 12:07:46 PM,312.6,0,0.0,76600327.5
2025-07-31 12:07:46 PM,312.6,150,46890.0,76647217.5
2025-07-31 12:07:56 PM,315.0,0,0.0,76647217.5
2025-07-31 12:07:56 PM,315.0,375,118125.0,76765342.5
2025-07-31 12:08:05 PM,317.95,0,0.0,76765342.5
2025-07-31 12:08:05 PM,317.95,75,23846.25,76789188.75
2025-07-31 12:08:07 PM,317.65,0,0.0,76789188.75
2025-07-31 12:08:07 PM,317.65,225,71471.25,76860660.0
2025-07-31 12:08:08 PM,318.6,0,0.0,76860660.0
2025-07-31 12:08:08 PM,318.6,225,71685.0,76932345.0
2025-07-31 12:08:22 PM,319.9,0,0.0,76932345.0
2025-07-31 12:08:22 PM,319.9,75,23992.5,76956337.5
2025-07-31 12:08:37 PM,316.25,0,0.0,76956337.5
2025-07-31 12:08:37 PM,316.25,300,94875.0,77051212.5
2025-07-31 12:08:41 PM,315.6,0,0.0,77051212.5
2025-07-31 12:08:41 PM,315.6,150,47340.0,77098552.5
2025-07-31 12:08:58 PM,313.45,0,0.0,77098552.5
2025-07-31 12:08:59 PM,313.45,150,47017.5,77145570.0
2025-07-31 12:09:04 PM,312.8,0,0.0,77145570.0
2025-07-31 12:09:05 PM,312.8,150,46920.0,77192490.0
2025-07-31 12:09:06 PM,313.45,0,0.0,77192490.0
2025-07-31 12:09:07 PM,313.45,75,23508.75,77215998.75
2025-07-31 12:09:17 PM,314.45,0,0.0,77215998.75
2025-07-31 12:09:18 PM,314.45,75,23583.75,77239582.5
2025-07-31 12:09:24 PM,312.8,75,23460.0,77263042.5
2025-07-31 12:10:37 PM,308.85,0,0.0,77263042.5
2025-07-31 12:10:37 PM,308.85,300,92655.0,77355697.5
2025-07-31 12:10:52 PM,309.55,0,0.0,77355697.5
2025-07-31 12:10:53 PM,309.55,75,23216.25,77378913.75
2025-07-31 12:11:25 PM,306.75,0,0.0,77378913.75
2025-07-31 12:11:25 PM,306.75,75,23006.25,77401920.0
2025-07-31 12:11:36 PM,304.2,0,0.0,77401920.0
2025-07-31 12:11:36 PM,304.2,150,45630.0,77447550.0
2025-07-31 12:11:38 PM,304.6,0,0.0,77447550.0
2025-07-31 12:11:39 PM,304.6,75,22845.0,77470395.0
2025-07-31 12:11:41 PM,302.3,0,0.0,77470395.0
2025-07-31 12:11:42 PM,302.3,75,22672.5,77493067.5
2025-07-31 12:11:43 PM,304.4,0,0.0,77493067.5
2025-07-31 12:11:44 PM,304.4,75,22830.0,77515897.5
2025-07-31 12:11:45 PM,303.2,0,0.0,77515897.5
2025-07-31 12:11:45 PM,303.2,300,90960.0,77606857.5
2025-07-31 12:11:46 PM,301.35,0,0.0,77606857.5
2025-07-31 12:11:46 PM,301.35,225,67803.75,77674661.25
2025-07-31 12:11:55 PM,299.05,0,0.0,77674661.25
2025-07-31 12:11:55 PM,299.05,75,22428.75,77697090.0
2025-07-31 12:12:04 PM,296.5,0,0.0,77697090.0
2025-07-31 12:12:05 PM,296.5,75,22237.5,77719327.5
2025-07-31 12:12:07 PM,295.05,0,0.0,77719327.5
2025-07-31 12:12:07 PM,295.05,150,44257.5,77763585.0
2025-07-31 12:12:17 PM,292.9,0,0.0,77763585.0
2025-07-31 12:12:18 PM,292.9,225,65902.5,77829487.5
2025-07-31 12:12:34 PM,289.2,0,0.0,77829487.5
2025-07-31 12:12:35 PM,289.2,75,21690.0,77851177.5
2025-07-31 12:12:43 PM,291.65,75,21873.75,77873051.25
2025-07-31 12:12:43 PM,292.25,0,0.0,77873051.25
2025-07-31 12:12:44 PM,292.25,75,21918.75,77894970.0
2025-07-31 12:12:57 PM,290.4,75,21780.0,77916750.0
2025-07-31 12:12:59 PM,291.8,0,0.0,77916750.0
2025-07-31 12:12:59 PM,291.8,75,21885.0,77938635.0
2025-07-31 12:13:00 PM,290.85,0,0.0,77938635.0
2025-07-31 12:13:00 PM,290.85,75,21813.75,77960448.75
2025-07-31 12:13:02 PM,289.6,0,0.0,77960448.75
2025-07-31 12:13:02 PM,290.3,0,0.0,77960448.75
2025-07-31 12:13:02 PM,289.4,375,108524.99999999999,78068973.75
2025-07-31 12:13:06 PM,290.95,0,0.0,78068973.75
2025-07-31 12:13:06 PM,290.95,150,43642.5,78112616.25
2025-07-31 12:13:22 PM,289.2,0,0.0,78112616.25
2025-07-31 12:13:23 PM,289.2,75,21690.0,78134306.25
2025-07-31 12:13:36 PM,287.6,0,0.0,78134306.25
2025-07-31 12:13:36 PM,287.6,75,21570.0,78155876.25
2025-07-31 12:13:43 PM,288.8,0,0.0,78155876.25
2025-07-31 12:13:44 PM,288.8,75,21660.0,78177536.25
2025-07-31 12:13:51 PM,286.3,0,0.0,78177536.25
2025-07-31 12:13:51 PM,286.3,75,21472.5,78199008.75
2025-07-31 12:13:57 PM,285.1,0,0.0,78199008.75
2025-07-31 12:13:58 PM,285.1,75,21382.5,78220391.25
2025-07-31 12:14:03 PM,281.3,0,0.0,78220391.25
2025-07-31 12:14:04 PM,281.3,225,63292.5,78283683.75
2025-07-31 12:14:08 PM,284.55,0,0.0,78283683.75
2025-07-31 12:14:08 PM,284.55,75,21341.25,78305025.0
2025-07-31 12:14:08 PM,285.1,0,0.0,78305025.0
2025-07-31 12:14:09 PM,285.1,75,21382.5,78326407.5
2025-07-31 12:14:16 PM,285.1,150,42765.0,78369172.5
2025-07-31 12:14:19 PM,284.25,0,0.0,78369172.5
2025-07-31 12:14:19 PM,284.25,75,21318.75,78390491.25
2025-07-31 12:14:54 PM,282.05,0,0.0,78390491.25
2025-07-31 12:14:54 PM,282.05,75,21153.75,78411645.0
2025-07-31 12:14:58 PM,281.3,0,0.0,78411645.0
2025-07-31 12:14:59 PM,281.3,150,42195.0,78453840.0
2025-07-31 12:14:59 PM,280.95,150,42142.5,78495982.5
2025-07-31 12:15:01 PM,280.1,0,0.0,78495982.5
2025-07-31 12:15:02 PM,280.1,75,21007.5,78516990.0
2025-07-31 12:15:03 PM,279.0,750,209250.0,78726240.0
2025-07-31 12:15:03 PM,278.0,0,0.0,78726240.0
2025-07-31 12:15:03 PM,278.5,0,0.0,78726240.0
2025-07-31 12:15:04 PM,278.5,675,187987.5,78914227.5
2025-07-31 12:15:05 PM,277.0,0,0.0,78914227.5
2025-07-31 12:15:05 PM,277.0,75,20775.0,78935002.5
2025-07-31 12:15:07 PM,275.7,0,0.0,78935002.5
2025-07-31 12:15:07 PM,275.0,975,268125.0,79203127.5
2025-07-31 12:15:09 PM,271.95,0,0.0,79203127.5
2025-07-31 12:15:09 PM,271.95,75,20396.25,79223523.75
2025-07-31 12:15:10 PM,271.55,0,0.0,79223523.75
2025-07-31 12:15:10 PM,271.55,75,20366.25,79243890.0
2025-07-31 12:15:11 PM,270.45,0,0.0,79243890.0
2025-07-31 12:15:11 PM,270.45,225,60851.25,79304741.25
2025-07-31 12:15:11 PM,271.15,0,0.0,79304741.25
2025-07-31 12:15:12 PM,270.4,450,121679.99999999999,79426421.25
2025-07-31 12:15:15 PM,269.5,0,0.0,79426421.25
2025-07-31 12:15:15 PM,269.5,75,20212.5,79446633.75
2025-07-31 12:15:18 PM,268.05,0,0.0,79446633.75
2025-07-31 12:15:19 PM,268.05,75,20103.75,79466737.5
2025-07-31 12:15:19 PM,269.15,0,0.0,79466737.5
2025-07-31 12:15:20 PM,269.15,75,20186.25,79486923.75
2025-07-31 12:15:20 PM,269.75,0,0.0,79486923.75
2025-07-31 12:15:20 PM,270.45,0,0.0,79486923.75
2025-07-31 12:15:20 PM,270.45,150,40567.5,79527491.25
2025-07-31 12:15:26 PM,268.9,0,0.0,79527491.25
2025-07-31 12:15:26 PM,269.15,0,0.0,79527491.25
2025-07-31 12:15:26 PM,269.15,375,100931.24999999999,79628422.5
2025-07-31 12:15:27 PM,270.7,0,0.0,79628422.5
2025-07-31 12:15:27 PM,270.7,450,121815.0,79750237.5
2025-07-31 12:15:28 PM,269.85,0,0.0,79750237.5
2025-07-31 12:15:28 PM,269.2,225,60570.0,79810807.5
2025-07-31 12:15:52 PM,271.25,0,0.0,79810807.5
2025-07-31 12:15:52 PM,271.25,75,20343.75,79831151.25
2025-07-31 12:16:08 PM,269.0,0,0.0,79831151.25
2025-07-31 12:16:09 PM,269.0,75,20175.0,79851326.25
2025-07-31 12:16:10 PM,268.15,75,20111.25,79871437.5
2025-07-31 12:16:11 PM,268.0,0,0.0,79871437.5
2025-07-31 12:16:11 PM,268.0,750,201000.0,80072437.5
2025-07-31 12:16:13 PM,269.3,0,0.0,80072437.5
2025-07-31 12:16:13 PM,269.3,75,20197.5,80092635.0
2025-07-31 12:16:17 PM,268.55,0,0.0,80092635.0
2025-07-31 12:16:17 PM,268.55,75,20141.25,80112776.25
2025-07-31 12:16:25 PM,269.5,0,0.0,80112776.25
2025-07-31 12:16:25 PM,269.5,300,80850.0,80193626.25
2025-07-31 12:16:28 PM,271.3,0,0.0,80193626.25
2025-07-31 12:16:28 PM,271.3,75,20347.5,80213973.75
2025-07-31 12:16:28 PM,271.45,0,0.0,80213973.75
2025-07-31 12:16:29 PM,271.45,75,20358.75,80234332.5
2025-07-31 12:16:31 PM,270.5,0,0.0,80234332.5
2025-07-31 12:16:31 PM,270.5,225,60862.5,80295195.0
2025-07-31 12:16:33 PM,270.5,150,40575.0,80335770.0
2025-07-31 12:16:44 PM,276.2,0,0.0,80335770.0
2025-07-31 12:16:45 PM,276.2,225,62145.0,80397915.0
2025-07-31 12:16:50 PM,277.25,225,62381.25,80460296.25
2025-07-31 12:17:05 PM,278.55,0,0.0,80460296.25
2025-07-31 12:17:05 PM,278.55,75,20891.25,80481187.5
2025-07-31 12:17:08 PM,279.1,0,0.0,80481187.5
2025-07-31 12:17:08 PM,279.1,150,41865.0,80523052.5
2025-07-31 12:17:10 PM,280.3,0,0.0,80523052.5
2025-07-31 12:17:10 PM,280.3,75,21022.5,80544075.0
2025-07-31 12:17:11 PM,278.45,75,20883.75,80564958.75
2025-07-31 12:17:28 PM,277.95,0,0.0,80564958.75
2025-07-31 12:17:28 PM,277.95,75,20846.25,80585805.0
2025-07-31 12:17:34 PM,279.9,0,0.0,80585805.0
2025-07-31 12:17:35 PM,279.9,75,20992.5,80606797.5
2025-07-31 12:17:43 PM,277.25,0,0.0,80606797.5
2025-07-31 12:17:43 PM,277.25,150,41587.5,80648385.0
2025-07-31 12:18:02 PM,275.1,0,0.0,80648385.0
2025-07-31 12:18:02 PM,275.1,75,20632.5,80669017.5
2025-07-31 12:18:09 PM,275.25,75,20643.75,80689661.25
2025-07-31 12:18:49 PM,269.25,0,0.0,80689661.25
2025-07-31 12:18:50 PM,269.25,300,80775.0,80770436.25
2025-07-31 12:19:00 PM,266.75,0,0.0,80770436.25
2025-07-31 12:19:00 PM,266.75,75,20006.25,80790442.5
2025-07-31 12:19:01 PM,268.5,0,0.0,80790442.5
2025-07-31 12:19:01 PM,268.5,75,20137.5,80810580.0
2025-07-31 12:19:08 PM,270.05,0,0.0,80810580.0
2025-07-31 12:19:08 PM,268.8,450,120960.0,80931540.0
2025-07-31 12:19:31 PM,268.8,75,20160.0,80951700.0
2025-07-31 12:19:33 PM,268.8,75,20160.0,80971860.0
2025-07-31 12:19:43 PM,265.0,0,0.0,80971860.0
2025-07-31 12:19:44 PM,265.0,375,99375.0,81071235.0
2025-07-31 12:19:48 PM,266.05,0,0.0,81071235.0
2025-07-31 12:19:48 PM,266.05,75,19953.75,81091188.75
2025-07-31 12:19:59 PM,263.95,0,0.0,81091188.75
2025-07-31 12:19:59 PM,263.95,75,19796.25,81110985.0
2025-07-31 12:20:03 PM,267.45,0,0.0,81110985.0
2025-07-31 12:20:04 PM,267.45,150,40117.5,81151102.5
2025-07-31 12:20:11 PM,267.7,0,0.0,81151102.5
2025-07-31 12:20:11 PM,267.7,75,20077.5,81171180.0
2025-07-31 12:20:21 PM,268.9,0,0.0,81171180.0
2025-07-31 12:20:21 PM,268.95,0,0.0,81171180.0
2025-07-31 12:20:21 PM,268.95,675,181541.25,81352721.25
2025-07-31 12:20:30 PM,267.4,0,0.0,81352721.25
2025-07-31 12:20:31 PM,267.4,75,20055.0,81372776.25
2025-07-31 12:20:31 PM,267.35,0,0.0,81372776.25
2025-07-31 12:20:31 PM,267.35,450,120307.50000000001,81493083.75
2025-07-31 12:20:32 PM,268.95,0,0.0,81493083.75
2025-07-31 12:20:32 PM,268.95,150,40342.5,81533426.25
2025-07-31 12:20:41 PM,267.35,0,0.0,81533426.25
2025-07-31 12:20:41 PM,267.35,150,40102.5,81573528.75
2025-07-31 12:20:46 PM,265.55,0,0.0,81573528.75
2025-07-31 12:20:46 PM,265.55,75,19916.25,81593445.0
2025-07-31 12:20:52 PM,264.25,0,0.0,81593445.0
2025-07-31 12:20:52 PM,263.5,0,0.0,81593445.0
2025-07-31 12:20:52 PM,263.5,300,79050.0,81672495.0
2025-07-31 12:20:56 PM,266.6,0,0.0,81672495.0
2025-07-31 12:20:56 PM,266.6,75,19995.0,81692490.0
2025-07-31 12:20:59 PM,266.9,75,20017.5,81712507.5
2025-07-31 12:20:59 PM,266.85,0,0.0,81712507.5
2025-07-31 12:20:59 PM,267.1,0,0.0,81712507.5
2025-07-31 12:21:00 PM,267.1,150,40065.0,81752572.5
2025-07-31 12:21:24 PM,267.1,150,40065.0,81792637.5
2025-07-31 12:21:33 PM,269.6,0,0.0,81792637.5
2025-07-31 12:21:33 PM,269.6,75,20220.0,81812857.5
2025-07-31 12:21:34 PM,269.35,0,0.0,81812857.5
2025-07-31 12:21:35 PM,269.35,150,40402.5,81853260.0
2025-07-31 12:21:35 PM,269.15,0,0.0,81853260.0
2025-07-31 12:21:36 PM,269.15,75,20186.25,81873446.25
2025-07-31 12:21:38 PM,270.05,0,0.0,81873446.25
2025-07-31 12:21:38 PM,270.05,75,20253.75,81893700.0
2025-07-31 12:22:00 PM,271.05,0,0.0,81893700.0
2025-07-31 12:22:01 PM,271.05,75,20328.75,81914028.75
2025-07-31 12:22:46 PM,265.75,0,0.0,81914028.75
2025-07-31 12:22:46 PM,265.75,75,19931.25,81933960.0
2025-07-31 12:22:52 PM,262.0,0,0.0,81933960.0
2025-07-31 12:22:52 PM,262.0,75,19650.0,81953610.0
2025-07-31 12:22:55 PM,264.15,0,0.0,81953610.0
2025-07-31 12:22:55 PM,264.15,75,19811.25,81973421.25
2025-07-31 12:22:57 PM,265.0,0,0.0,81973421.25
2025-07-31 12:22:57 PM,265.0,75,19875.0,81993296.25
2025-07-31 12:23:07 PM,265.05,75,19878.75,82013175.0
2025-07-31 12:23:27 PM,266.0,0,0.0,82013175.0
2025-07-31 12:23:27 PM,266.0,75,19950.0,82033125.0
2025-07-31 12:23:33 PM,265.05,0,0.0,82033125.0
2025-07-31 12:23:33 PM,265.05,975,258423.75,82291548.75
2025-07-31 12:23:35 PM,265.55,0,0.0,82291548.75
2025-07-31 12:23:35 PM,265.55,75,19916.25,82311465.0
2025-07-31 12:23:38 PM,264.75,0,0.0,82311465.0
2025-07-31 12:23:38 PM,264.75,75,19856.25,82331321.25
2025-07-31 12:24:10 PM,265.05,0,0.0,82331321.25
2025-07-31 12:24:10 PM,265.05,150,39757.5,82371078.75
2025-07-31 12:24:11 PM,265.65,0,0.0,82371078.75
2025-07-31 12:24:12 PM,265.65,225,59771.24999999999,82430850.0
2025-07-31 12:24:18 PM,265.65,75,19923.75,82450773.75
2025-07-31 12:24:35 PM,263.6,0,0.0,82450773.75
2025-07-31 12:24:36 PM,263.6,150,39540.0,82490313.75
2025-07-31 12:24:51 PM,261.8,0,0.0,82490313.75
2025-07-31 12:24:52 PM,261.8,75,19635.0,82509948.75
2025-07-31 12:24:56 PM,263.5,0,0.0,82509948.75
2025-07-31 12:24:57 PM,263.5,1725,454537.5,82964486.25
2025-07-31 12:24:57 PM,265.05,0,0.0,82964486.25
2025-07-31 12:24:58 PM,265.05,1800,477090.0,83441576.25
2025-07-31 12:25:12 PM,263.85,0,0.0,83441576.25
2025-07-31 12:25:13 PM,263.4,300,79020.0,83520596.25
2025-07-31 12:25:40 PM,266.35,0,0.0,83520596.25
2025-07-31 12:25:40 PM,266.35,525,139833.75,83660430.0
2025-07-31 12:25:44 PM,265.4,0,0.0,83660430.0
2025-07-31 12:25:45 PM,265.4,75,19905.0,83680335.0
2025-07-31 12:25:45 PM,265.0,0,0.0,83680335.0
2025-07-31 12:25:45 PM,265.0,75,19875.0,83700210.0
2025-07-31 12:25:47 PM,265.85,0,0.0,83700210.0
2025-07-31 12:25:48 PM,265.85,450,119632.50000000001,83819842.5
2025-07-31 12:25:58 PM,269.0,0,0.0,83819842.5
2025-07-31 12:25:58 PM,269.0,75,20175.0,83840017.5
2025-07-31 12:25:58 PM,269.25,0,0.0,83840017.5
2025-07-31 12:25:58 PM,269.25,75,20193.75,83860211.25
2025-07-31 12:26:00 PM,269.25,75,20193.75,83880405.0
2025-07-31 12:26:15 PM,269.2,0,0.0,83880405.0
2025-07-31 12:26:16 PM,269.2,150,40380.0,83920785.0
2025-07-31 12:26:21 PM,271.2,0,0.0,83920785.0
2025-07-31 12:26:21 PM,271.1,0,0.0,83920785.0
2025-07-31 12:26:22 PM,271.1,225,60997.50000000001,83981782.5
2025-07-31 12:26:31 PM,270.75,0,0.0,83981782.5
2025-07-31 12:26:31 PM,270.75,75,20306.25,84002088.75
2025-07-31 12:27:01 PM,272.85,75,20463.75,84022552.5
2025-07-31 12:27:06 PM,272.15,0,0.0,84022552.5
2025-07-31 12:27:06 PM,272.15,75,20411.25,84042963.75
2025-07-31 12:27:25 PM,272.0,0,0.0,84042963.75
2025-07-31 12:27:26 PM,272.0,75,20400.0,84063363.75
2025-07-31 12:27:28 PM,272.75,0,0.0,84063363.75
2025-07-31 12:27:29 PM,272.75,75,20456.25,84083820.0
2025-07-31 12:27:41 PM,272.1,0,0.0,84083820.0
2025-07-31 12:27:41 PM,272.1,75,20407.5,84104227.5
2025-07-31 12:27:47 PM,274.0,0,0.0,84104227.5
2025-07-31 12:27:47 PM,274.0,75,20550.0,84124777.5
2025-07-31 12:28:01 PM,272.65,0,0.0,84124777.5
2025-07-31 12:28:01 PM,272.65,75,20448.75,84145226.25
2025-07-31 12:28:15 PM,271.2,0,0.0,84145226.25
2025-07-31 12:28:15 PM,271.2,225,61020.0,84206246.25
2025-07-31 12:28:30 PM,271.35,0,0.0,84206246.25
2025-07-31 12:28:31 PM,271.35,75,20351.25,84226597.5
2025-07-31 12:28:35 PM,272.05,0,0.0,84226597.5
2025-07-31 12:28:35 PM,272.4,0,0.0,84226597.5
2025-07-31 12:28:36 PM,272.4,150,40860.0,84267457.5
2025-07-31 12:28:42 PM,273.45,0,0.0,84267457.5
2025-07-31 12:28:42 PM,273.45,75,20508.75,84287966.25
2025-07-31 12:28:43 PM,275.05,0,0.0,84287966.25
2025-07-31 12:28:43 PM,275.05,225,61886.25,84349852.5
2025-07-31 12:28:44 PM,276.0,0,0.0,84349852.5
2025-07-31 12:28:45 PM,276.6,0,0.0,84349852.5
2025-07-31 12:28:45 PM,276.6,750,207450.00000000003,84557302.5
2025-07-31 12:28:57 PM,276.5,0,0.0,84557302.5
2025-07-31 12:28:57 PM,277.2,0,0.0,84557302.5
2025-07-31 12:28:57 PM,277.2,225,62370.0,84619672.5
2025-07-31 12:29:02 PM,276.6,0,0.0,84619672.5
2025-07-31 12:29:02 PM,276.6,75,20745.0,84640417.5
2025-07-31 12:29:03 PM,275.75,0,0.0,84640417.5
2025-07-31 12:29:03 PM,277.25,0,0.0,84640417.5
2025-07-31 12:29:03 PM,277.25,3000,831750.0,85472167.5
2025-07-31 12:29:08 PM,277.4,0,0.0,85472167.5
2025-07-31 12:29:09 PM,277.4,150,41610.0,85513777.5
2025-07-31 12:29:11 PM,276.0,0,0.0,85513777.5
2025-07-31 12:29:11 PM,276.0,225,62100.0,85575877.5
2025-07-31 12:29:14 PM,276.75,0,0.0,85575877.5
2025-07-31 12:29:14 PM,276.75,75,20756.25,85596633.75
2025-07-31 12:29:20 PM,277.4,0,0.0,85596633.75
2025-07-31 12:29:21 PM,277.4,150,41610.0,85638243.75
2025-07-31 12:29:35 PM,275.4,0,0.0,85638243.75
2025-07-31 12:29:35 PM,275.4,75,20655.0,85658898.75
2025-07-31 12:29:48 PM,273.4,0,0.0,85658898.75
2025-07-31 12:29:48 PM,273.4,75,20505.0,85679403.75
2025-07-31 12:29:49 PM,273.65,75,20523.75,85699927.5
2025-07-31 12:29:54 PM,273.45,0,0.0,85699927.5
2025-07-31 12:29:54 PM,273.45,75,20508.75,85720436.25
2025-07-31 12:30:00 PM,269.0,0,0.0,85720436.25
2025-07-31 12:30:00 PM,269.0,450,121050.0,85841486.25
2025-07-31 12:30:30 PM,268.7,0,0.0,85841486.25
2025-07-31 12:30:31 PM,268.7,75,20152.5,85861638.75
2025-07-31 12:30:54 PM,269.65,0,0.0,85861638.75
2025-07-31 12:30:54 PM,269.65,225,60671.24999999999,85922310.0
2025-07-31 12:31:09 PM,271.9,0,0.0,85922310.0
2025-07-31 12:31:10 PM,271.9,75,20392.5,85942702.5
2025-07-31 12:31:23 PM,272.95,0,0.0,85942702.5
2025-07-31 12:31:23 PM,272.95,75,20471.25,85963173.75
2025-07-31 12:33:07 PM,273.15,0,0.0,85963173.75
2025-07-31 12:33:07 PM,273.15,150,40972.5,86004146.25
2025-07-31 12:33:09 PM,275.4,0,0.0,86004146.25
2025-07-31 12:33:10 PM,275.4,75,20655.0,86024801.25
2025-07-31 12:33:33 PM,269.55,0,0.0,86024801.25
2025-07-31 12:33:33 PM,269.55,75,20216.25,86045017.5
2025-07-31 12:33:48 PM,266.0,0,0.0,86045017.5
2025-07-31 12:33:48 PM,266.0,75,19950.0,86064967.5
2025-07-31 12:33:52 PM,263.95,75,19796.25,86084763.75
2025-07-31 12:33:53 PM,263.5,0,0.0,86084763.75
2025-07-31 12:33:53 PM,263.5,3000,790500.0,86875263.75
2025-07-31 12:33:57 PM,262.05,0,0.0,86875263.75
2025-07-31 12:33:58 PM,260.0,0,0.0,86875263.75
2025-07-31 12:33:58 PM,260.55,0,0.0,86875263.75
2025-07-31 12:33:58 PM,260.55,600,156330.0,87031593.75
2025-07-31 12:34:03 PM,261.6,0,0.0,87031593.75
2025-07-31 12:34:04 PM,261.6,75,19620.0,87051213.75
2025-07-31 12:34:09 PM,260.75,1350,352012.5,87403226.25
2025-07-31 12:34:09 PM,262.35,0,0.0,87403226.25
2025-07-31 12:34:10 PM,262.35,825,216438.75000000003,87619665.0
2025-07-31 12:34:14 PM,259.55,0,0.0,87619665.0
2025-07-31 12:34:14 PM,259.55,225,58398.75,87678063.75
2025-07-31 12:34:31 PM,257.0,0,0.0,87678063.75
2025-07-31 12:34:31 PM,257.0,150,38550.0,87716613.75
2025-07-31 12:34:31 PM,255.6,0,0.0,87716613.75
2025-07-31 12:34:32 PM,255.6,75,19170.0,87735783.75
2025-07-31 12:34:33 PM,255.85,0,0.0,87735783.75
2025-07-31 12:34:33 PM,255.85,150,38377.5,87774161.25
2025-07-31 12:34:34 PM,255.0,0,0.0,87774161.25
2025-07-31 12:34:35 PM,255.0,300,76500.0,87850661.25
2025-07-31 12:34:37 PM,253.7,0,0.0,87850661.25
2025-07-31 12:34:37 PM,253.7,300,76110.0,87926771.25
2025-07-31 12:34:37 PM,253.0,0,0.0,87926771.25
2025-07-31 12:34:38 PM,251.55,0,0.0,87926771.25
2025-07-31 12:34:38 PM,251.55,1050,264127.5,88190898.75
2025-07-31 12:34:40 PM,250.0,75,18750.0,88209648.75
2025-07-31 12:34:42 PM,251.75,0,0.0,88209648.75
2025-07-31 12:34:42 PM,251.75,75,18881.25,88228530.0
2025-07-31 12:34:43 PM,251.55,0,0.0,88228530.0
2025-07-31 12:34:43 PM,251.55,75,18866.25,88247396.25
2025-07-31 12:34:44 PM,252.45,0,0.0,88247396.25
2025-07-31 12:34:44 PM,253.2,0,0.0,88247396.25
2025-07-31 12:34:45 PM,253.2,225,56970.0,88304366.25
2025-07-31 12:34:45 PM,252.25,0,0.0,88304366.25
2025-07-31 12:34:45 PM,252.25,150,37837.5,88342203.75
2025-07-31 12:34:51 PM,251.75,0,0.0,88342203.75
2025-07-31 12:34:52 PM,251.75,75,18881.25,88361085.0
2025-07-31 12:34:57 PM,253.95,0,0.0,88361085.0
2025-07-31 12:34:57 PM,253.95,450,114277.5,88475362.5
2025-07-31 12:34:59 PM,252.0,0,0.0,88475362.5
2025-07-31 12:34:59 PM,252.0,75,18900.0,88494262.5
2025-07-31 12:35:08 PM,251.9,0,0.0,88494262.5
2025-07-31 12:35:09 PM,251.9,75,18892.5,88513155.0
2025-07-31 12:35:11 PM,252.0,0,0.0,88513155.0
2025-07-31 12:35:11 PM,251.65,0,0.0,88513155.0
2025-07-31 12:35:11 PM,251.65,3225,811571.25,89324726.25
2025-07-31 12:35:21 PM,251.5,0,0.0,89324726.25
2025-07-31 12:35:21 PM,251.5,75,18862.5,89343588.75
2025-07-31 12:35:25 PM,251.0,0,0.0,89343588.75
2025-07-31 12:35:25 PM,251.0,75,18825.0,89362413.75
2025-07-31 12:35:30 PM,253.2,0,0.0,89362413.75
2025-07-31 12:35:30 PM,253.2,150,37980.0,89400393.75
2025-07-31 12:35:38 PM,251.45,0,0.0,89400393.75
2025-07-31 12:35:39 PM,251.45,75,18858.75,89419252.5
2025-07-31 12:35:40 PM,252.55,0,0.0,89419252.5
2025-07-31 12:35:40 PM,252.55,75,18941.25,89438193.75
2025-07-31 12:35:46 PM,250.0,0,0.0,89438193.75
2025-07-31 12:35:46 PM,248.95,0,0.0,89438193.75
2025-07-31 12:35:46 PM,248.7,0,0.0,89438193.75
2025-07-31 12:35:46 PM,248.7,525,130567.5,89568761.25
2025-07-31 12:35:49 PM,249.55,0,0.0,89568761.25
2025-07-31 12:35:49 PM,249.55,75,18716.25,89587477.5
2025-07-31 12:35:49 PM,248.25,0,0.0,89587477.5
2025-07-31 12:35:50 PM,248.25,2250,558562.5,90146040.0
2025-07-31 12:35:50 PM,248.35,0,0.0,90146040.0
2025-07-31 12:35:51 PM,248.35,150,37252.5,90183292.5
2025-07-31 12:35:51 PM,249.05,0,0.0,90183292.5
2025-07-31 12:35:51 PM,249.05,150,37357.5,90220650.0
2025-07-31 12:35:57 PM,250.25,0,0.0,90220650.0
2025-07-31 12:35:57 PM,250.25,825,206456.25,90427106.25
2025-07-31 12:36:01 PM,248.85,0,0.0,90427106.25
2025-07-31 12:36:01 PM,248.85,225,55991.25,90483097.5
2025-07-31 12:36:03 PM,250.3,0,0.0,90483097.5
2025-07-31 12:36:03 PM,250.3,150,37545.0,90520642.5
2025-07-31 12:36:04 PM,250.95,0,0.0,90520642.5
2025-07-31 12:36:05 PM,250.95,75,18821.25,90539463.75
2025-07-31 12:36:05 PM,250.1,0,0.0,90539463.75
2025-07-31 12:36:06 PM,250.1,300,75030.0,90614493.75
2025-07-31 12:36:11 PM,249.8,0,0.0,90614493.75
2025-07-31 12:36:11 PM,249.8,300,74940.0,90689433.75
2025-07-31 12:36:16 PM,252.4,75,18930.0,90708363.75
2025-07-31 12:36:24 PM,251.55,0,0.0,90708363.75
2025-07-31 12:36:25 PM,251.55,75,18866.25,90727230.0
2025-07-31 12:36:40 PM,249.1,0,0.0,90727230.0
2025-07-31 12:36:40 PM,249.1,1425,354967.5,91082197.5
2025-07-31 12:36:40 PM,249.85,0,0.0,91082197.5
2025-07-31 12:36:41 PM,249.85,1500,374775.0,91456972.5
2025-07-31 12:37:12 PM,246.45,0,0.0,91456972.5
2025-07-31 12:37:12 PM,246.45,150,36967.5,91493940.0
2025-07-31 12:37:20 PM,246.15,0,0.0,91493940.0
2025-07-31 12:37:21 PM,246.15,150,36922.5,91530862.5
2025-07-31 12:37:21 PM,245.45,0,0.0,91530862.5
2025-07-31 12:37:21 PM,245.45,150,36817.5,91567680.0
2025-07-31 12:37:23 PM,245.0,0,0.0,91567680.0
2025-07-31 12:37:23 PM,245.0,375,91875.0,91659555.0
2025-07-31 12:37:48 PM,246.65,0,0.0,91659555.0
2025-07-31 12:37:48 PM,246.65,300,73995.0,91733550.0
2025-07-31 12:37:52 PM,246.55,0,0.0,91733550.0
2025-07-31 12:37:52 PM,246.55,300,73965.0,91807515.0
2025-07-31 12:38:13 PM,246.15,0,0.0,91807515.0
2025-07-31 12:38:14 PM,246.15,150,36922.5,91844437.5
2025-07-31 12:38:33 PM,245.5,0,0.0,91844437.5
2025-07-31 12:38:34 PM,245.5,300,73650.0,91918087.5
2025-07-31 12:39:08 PM,246.5,0,0.0,91918087.5
2025-07-31 12:39:08 PM,246.5,300,73950.0,91992037.5
2025-07-31 12:39:14 PM,247.5,0,0.0,91992037.5
2025-07-31 12:39:14 PM,247.5,75,18562.5,92010600.0
2025-07-31 12:39:31 PM,248.4,0,0.0,92010600.0
2025-07-31 12:39:31 PM,248.4,75,18630.0,92029230.0
2025-07-31 12:39:49 PM,247.75,0,0.0,92029230.0
2025-07-31 12:39:49 PM,247.75,150,37162.5,92066392.5
2025-07-31 12:40:05 PM,251.25,0,0.0,92066392.5
2025-07-31 12:40:06 PM,251.25,75,18843.75,92085236.25
2025-07-31 12:40:11 PM,252.0,0,0.0,92085236.25
2025-07-31 12:40:11 PM,252.0,75,18900.0,92104136.25
2025-07-31 12:40:12 PM,251.3,0,0.0,92104136.25
2025-07-31 12:40:13 PM,251.3,675,169627.5,92273763.75
2025-07-31 12:40:14 PM,253.05,0,0.0,92273763.75
2025-07-31 12:40:14 PM,253.05,150,37957.5,92311721.25
2025-07-31 12:40:18 PM,252.1,150,37815.0,92349536.25
2025-07-31 12:40:21 PM,251.65,0,0.0,92349536.25
2025-07-31 12:40:21 PM,251.65,225,56621.25,92406157.5
2025-07-31 12:40:27 PM,255.45,0,0.0,92406157.5
2025-07-31 12:40:28 PM,255.45,150,38317.5,92444475.0
2025-07-31 12:40:31 PM,257.1,150,38565.0,92483040.0
2025-07-31 12:40:40 PM,255.6,75,19170.0,92502210.0
2025-07-31 12:40:56 PM,255.0,0,0.0,92502210.0
2025-07-31 12:40:56 PM,255.0,150,38250.0,92540460.0
2025-07-31 12:41:04 PM,253.15,0,0.0,92540460.0
2025-07-31 12:41:04 PM,253.15,150,37972.5,92578432.5
2025-07-31 12:41:15 PM,253.65,0,0.0,92578432.5
2025-07-31 12:41:15 PM,253.65,75,19023.75,92597456.25
2025-07-31 12:41:47 PM,251.25,0,0.0,92597456.25
2025-07-31 12:41:47 PM,251.25,750,188437.5,92785893.75
2025-07-31 12:41:50 PM,250.6,0,0.0,92785893.75
2025-07-31 12:41:50 PM,250.6,75,18795.0,92804688.75
2025-07-31 12:42:14 PM,251.4,0,0.0,92804688.75
2025-07-31 12:42:15 PM,251.4,75,18855.0,92823543.75
2025-07-31 12:42:20 PM,251.45,0,0.0,92823543.75
2025-07-31 12:42:20 PM,250.8,0,0.0,92823543.75
2025-07-31 12:42:21 PM,250.8,525,131670.0,92955213.75
2025-07-31 12:42:22 PM,252.75,0,0.0,92955213.75
2025-07-31 12:42:22 PM,252.75,300,75825.0,93031038.75
2025-07-31 12:42:26 PM,254.25,0,0.0,93031038.75
2025-07-31 12:42:26 PM,254.25,75,19068.75,93050107.5
2025-07-31 12:42:44 PM,257.1,0,0.0,93050107.5
2025-07-31 12:42:44 PM,257.1,450,115695.00000000001,93165802.5
2025-07-31 12:42:46 PM,256.65,0,0.0,93165802.5
2025-07-31 12:42:47 PM,256.65,75,19248.75,93185051.25
2025-07-31 12:42:57 PM,257.65,0,0.0,93185051.25
2025-07-31 12:42:57 PM,257.65,375,96618.74999999999,93281670.0
2025-07-31 12:43:02 PM,257.6,0,0.0,93281670.0
2025-07-31 12:43:02 PM,257.6,75,19320.0,93300990.0
2025-07-31 12:43:04 PM,259.0,0,0.0,93300990.0
2025-07-31 12:43:04 PM,259.0,150,38850.0,93339840.0
2025-07-31 12:43:07 PM,259.45,0,0.0,93339840.0
2025-07-31 12:43:07 PM,259.45,150,38917.5,93378757.5
2025-07-31 12:43:19 PM,260.85,0,0.0,93378757.5
2025-07-31 12:43:19 PM,260.85,75,19563.75,93398321.25
2025-07-31 12:43:20 PM,261.4,0,0.0,93398321.25
2025-07-31 12:43:20 PM,261.9,0,0.0,93398321.25
2025-07-31 12:43:21 PM,261.9,375,98212.49999999999,93496533.75
2025-07-31 12:43:34 PM,263.05,0,0.0,93496533.75
2025-07-31 12:43:35 PM,263.05,150,39457.5,93535991.25
2025-07-31 12:43:42 PM,261.9,0,0.0,93535991.25
2025-07-31 12:43:42 PM,261.9,75,19642.5,93555633.75
2025-07-31 12:43:45 PM,261.35,0,0.0,93555633.75
2025-07-31 12:43:46 PM,261.35,75,19601.25,93575235.0
2025-07-31 12:44:05 PM,261.9,0,0.0,93575235.0
2025-07-31 12:44:05 PM,261.9,750,196424.99999999997,93771660.0
2025-07-31 12:44:24 PM,260.0,0,0.0,93771660.0
2025-07-31 12:44:24 PM,260.0,300,78000.0,93849660.0
2025-07-31 12:44:28 PM,259.75,75,19481.25,93869141.25
2025-07-31 12:44:31 PM,255.65,0,0.0,93869141.25
2025-07-31 12:44:32 PM,255.65,1125,287606.25,94156747.5
2025-07-31 12:44:45 PM,255.05,0,0.0,94156747.5
2025-07-31 12:44:46 PM,255.6,0,0.0,94156747.5
2025-07-31 12:44:46 PM,255.6,150,38340.0,94195087.5
2025-07-31 12:44:48 PM,255.0,0,0.0,94195087.5
2025-07-31 12:44:48 PM,255.0,75,19125.0,94214212.5
2025-07-31 12:44:50 PM,253.65,0,0.0,94214212.5
2025-07-31 12:44:51 PM,253.65,150,38047.5,94252260.0
2025-07-31 12:44:53 PM,255.3,0,0.0,94252260.0
2025-07-31 12:44:53 PM,255.3,75,19147.5,94271407.5
2025-07-31 12:45:09 PM,254.0,0,0.0,94271407.5
2025-07-31 12:45:09 PM,254.0,150,38100.0,94309507.5
2025-07-31 12:45:11 PM,252.0,0,0.0,94309507.5
2025-07-31 12:45:11 PM,252.0,75,18900.0,94328407.5
2025-07-31 12:45:24 PM,254.55,0,0.0,94328407.5
2025-07-31 12:45:24 PM,254.55,75,19091.25,94347498.75
2025-07-31 12:45:28 PM,257.2,0,0.0,94347498.75
2025-07-31 12:45:29 PM,257.2,75,19290.0,94366788.75
2025-07-31 12:45:30 PM,258.2,0,0.0,94366788.75
2025-07-31 12:45:30 PM,258.2,150,38730.0,94405518.75
2025-07-31 12:45:32 PM,259.25,0,0.0,94405518.75
2025-07-31 12:45:33 PM,259.25,150,38887.5,94444406.25
2025-07-31 12:45:34 PM,259.15,0,0.0,94444406.25
2025-07-31 12:45:35 PM,259.15,150,38872.5,94483278.75
2025-07-31 12:45:36 PM,258.15,0,0.0,94483278.75
2025-07-31 12:45:36 PM,258.15,150,38722.5,94522001.25
2025-07-31 12:45:46 PM,259.65,0,0.0,94522001.25
2025-07-31 12:45:47 PM,260.0,0,0.0,94522001.25
2025-07-31 12:45:47 PM,260.0,675,175500.0,94697501.25
2025-07-31 12:45:55 PM,261.9,0,0.0,94697501.25
2025-07-31 12:45:56 PM,261.9,750,196424.99999999997,94893926.25
2025-07-31 12:46:09 PM,259.25,0,0.0,94893926.25
2025-07-31 12:46:09 PM,259.25,900,233325.0,95127251.25
2025-07-31 12:46:14 PM,258.45,0,0.0,95127251.25
2025-07-31 12:46:14 PM,258.45,75,19383.75,95146635.0
2025-07-31 12:46:17 PM,258.65,150,38797.5,95185432.5
2025-07-31 12:46:18 PM,258.2,0,0.0,95185432.5
2025-07-31 12:46:18 PM,258.2,750,193650.0,95379082.5
2025-07-31 12:46:18 PM,258.0,0,0.0,95379082.5
2025-07-31 12:46:19 PM,257.3,0,0.0,95379082.5
2025-07-31 12:46:19 PM,257.3,600,154380.0,95533462.5
2025-07-31 12:46:24 PM,258.5,0,0.0,95533462.5
2025-07-31 12:46:24 PM,258.6,0,0.0,95533462.5
2025-07-31 12:46:24 PM,258.45,525,135686.25,95669148.75
2025-07-31 12:46:27 PM,258.65,0,0.0,95669148.75
2025-07-31 12:46:27 PM,258.65,75,19398.75,95688547.5
2025-07-31 12:46:30 PM,258.6,0,0.0,95688547.5
2025-07-31 12:46:30 PM,258.55,0,0.0,95688547.5
2025-07-31 12:46:30 PM,258.35,0,0.0,95688547.5
2025-07-31 12:46:31 PM,258.35,825,213138.75000000003,95901686.25
2025-07-31 12:46:52 PM,256.35,0,0.0,95901686.25
2025-07-31 12:46:52 PM,256.35,75,19226.25,95920912.5
2025-07-31 12:47:05 PM,255.0,0,0.0,95920912.5
2025-07-31 12:47:06 PM,255.0,75,19125.0,95940037.5
2025-07-31 12:47:08 PM,254.45,0,0.0,95940037.5
2025-07-31 12:47:09 PM,254.45,150,38167.5,95978205.0
2025-07-31 12:47:12 PM,253.25,0,0.0,95978205.0
2025-07-31 12:47:12 PM,253.25,75,18993.75,95997198.75
2025-07-31 12:47:14 PM,254.1,0,0.0,95997198.75
2025-07-31 12:47:14 PM,254.1,75,19057.5,96016256.25
2025-07-31 12:47:15 PM,253.35,0,0.0,96016256.25
2025-07-31 12:47:16 PM,253.35,450,114007.5,96130263.75
2025-07-31 12:47:20 PM,252.55,0,0.0,96130263.75
