date,price,qty,trnvr,cum_trnvr
2025-07-31 09:15:15 AM,600.95,75,45071.25,45071.25
2025-07-31 09:15:16 AM,601.0,0,0.0,45071.25
2025-07-31 09:15:17 AM,601.0,75,45075.0,90146.25
2025-07-31 09:15:19 AM,597.0,0,0.0,90146.25
2025-07-31 09:15:20 AM,597.0,75,44775.0,134921.25
2025-07-31 09:15:25 AM,596.85,0,0.0,134921.25
2025-07-31 09:15:25 AM,596.85,75,44763.75,179685.0
2025-07-31 09:15:31 AM,596.85,75,44763.75,224448.75
2025-07-31 09:15:32 AM,594.9,0,0.0,224448.75
2025-07-31 09:15:33 AM,601.0,300,180300.0,404748.75
2025-07-31 09:15:37 AM,598.25,0,0.0,404748.75
2025-07-31 09:15:38 AM,597.3,150,89595.0,494343.75
2025-07-31 09:15:48 AM,600.0,0,0.0,494343.75
2025-07-31 09:15:49 AM,600.0,150,90000.0,584343.75
2025-07-31 09:15:53 AM,600.0,1725,1035000.0,1619343.75
2025-07-31 09:15:53 AM,597.0,0,0.0,1619343.75
2025-07-31 09:15:54 AM,598.75,0,0.0,1619343.75
2025-07-31 09:15:54 AM,598.75,150,89812.5,1709156.25
2025-07-31 09:15:58 AM,598.95,0,0.0,1709156.25
2025-07-31 09:15:59 AM,599.0,0,0.0,1709156.25
2025-07-31 09:15:59 AM,599.0,750,449250.0,2158406.25
2025-07-31 09:16:00 AM,602.85,0,0.0,2158406.25
2025-07-31 09:16:01 AM,602.85,675,406923.75,2565330.0
2025-07-31 09:16:14 AM,620.6,0,0.0,2565330.0
2025-07-31 09:16:15 AM,620.6,1050,651630.0,3216960.0
2025-07-31 09:16:16 AM,622.85,0,0.0,3216960.0
2025-07-31 09:16:17 AM,622.85,75,46713.75,3263673.75
2025-07-31 09:16:23 AM,622.5,0,0.0,3263673.75
2025-07-31 09:16:23 AM,622.5,75,46687.5,3310361.25
2025-07-31 09:16:23 AM,625.0,0,0.0,3310361.25
2025-07-31 09:16:25 AM,625.0,75,46875.0,3357236.25
2025-07-31 09:16:31 AM,626.05,0,0.0,3357236.25
2025-07-31 09:16:31 AM,626.05,150,93907.5,3451143.75
2025-07-31 09:16:32 AM,624.0,0,0.0,3451143.75
2025-07-31 09:16:32 AM,622.0,0,0.0,3451143.75
2025-07-31 09:16:33 AM,622.0,450,279900.0,3731043.75
2025-07-31 09:16:33 AM,621.0,225,139725.0,3870768.75
2025-07-31 09:16:48 AM,631.9,300,189570.0,4060338.75
2025-07-31 09:16:52 AM,620.4,0,0.0,4060338.75
2025-07-31 09:16:52 AM,620.4,1650,1023660.0,5083998.75
2025-07-31 09:16:52 AM,627.25,0,0.0,5083998.75
2025-07-31 09:16:53 AM,627.25,75,47043.75,5131042.5
2025-07-31 09:16:56 AM,627.25,450,282262.5,5413305.0
2025-07-31 09:17:00 AM,627.5,75,47062.5,5460367.5
2025-07-31 09:17:02 AM,632.0,0,0.0,5460367.5
2025-07-31 09:17:03 AM,632.0,75,47400.0,5507767.5
2025-07-31 09:17:09 AM,635.0,0,0.0,5507767.5
2025-07-31 09:17:09 AM,635.0,150,95250.0,5603017.5
2025-07-31 09:17:12 AM,636.15,0,0.0,5603017.5
2025-07-31 09:17:12 AM,636.25,0,0.0,5603017.5
2025-07-31 09:17:12 AM,636.25,150,95437.5,5698455.0
2025-07-31 09:17:15 AM,640.0,0,0.0,5698455.0
2025-07-31 09:17:16 AM,640.0,75,48000.0,5746455.0
2025-07-31 09:17:17 AM,639.2,0,0.0,5746455.0
2025-07-31 09:17:17 AM,639.2,75,47940.0,5794395.0
2025-07-31 09:17:22 AM,649.0,0,0.0,5794395.0
2025-07-31 09:17:22 AM,649.0,75,48675.0,5843070.0
2025-07-31 09:17:30 AM,645.5,0,0.0,5843070.0
2025-07-31 09:17:30 AM,645.5,75,48412.5,5891482.5
2025-07-31 09:17:31 AM,647.0,0,0.0,5891482.5
2025-07-31 09:17:31 AM,646.05,0,0.0,5891482.5
2025-07-31 09:17:32 AM,646.05,375,242268.74999999997,6133751.25
2025-07-31 09:17:36 AM,643.05,0,0.0,6133751.25
2025-07-31 09:17:37 AM,647.0,0,0.0,6133751.25
2025-07-31 09:17:37 AM,647.0,150,97050.0,6230801.25
2025-07-31 09:17:42 AM,643.05,450,289372.5,6520173.75
2025-07-31 09:17:43 AM,640.15,0,0.0,6520173.75
2025-07-31 09:17:45 AM,640.15,75,48011.25,6568185.0
2025-07-31 09:17:55 AM,632.15,0,0.0,6568185.0
2025-07-31 09:17:56 AM,626.05,0,0.0,6568185.0
2025-07-31 09:17:56 AM,626.05,900,563445.0,7131630.0
2025-07-31 09:18:03 AM,632.0,0,0.0,7131630.0
2025-07-31 09:18:04 AM,632.0,750,474000.0,7605630.0
2025-07-31 09:18:05 AM,633.95,0,0.0,7605630.0
2025-07-31 09:18:06 AM,633.95,75,47546.25,7653176.25
2025-07-31 09:18:06 AM,625.75,0,0.0,7653176.25
2025-07-31 09:18:06 AM,622.75,0,0.0,7653176.25
2025-07-31 09:18:07 AM,620.15,2250,1395337.5,9048513.75
2025-07-31 09:18:09 AM,617.5,900,555750.0,9604263.75
2025-07-31 09:18:10 AM,613.45,0,0.0,9604263.75
2025-07-31 09:18:10 AM,612.15,0,0.0,9604263.75
2025-07-31 09:18:10 AM,612.15,525,321378.75,9925642.5
2025-07-31 09:18:12 AM,610.2,0,0.0,9925642.5
2025-07-31 09:18:14 AM,610.2,75,45765.0,9971407.5
2025-07-31 09:18:17 AM,616.3,0,0.0,9971407.5
2025-07-31 09:18:17 AM,618.95,0,0.0,9971407.5
2025-07-31 09:18:18 AM,618.95,225,139263.75,10110671.25
2025-07-31 09:18:22 AM,621.1,0,0.0,10110671.25
2025-07-31 09:18:23 AM,622.95,0,0.0,10110671.25
2025-07-31 09:18:23 AM,622.95,375,233606.25000000003,10344277.5
2025-07-31 09:18:26 AM,626.95,75,47021.25,10391298.75
2025-07-31 09:18:28 AM,624.55,0,0.0,10391298.75
2025-07-31 09:18:28 AM,624.55,150,93682.5,10484981.25
2025-07-31 09:18:28 AM,627.85,0,0.0,10484981.25
2025-07-31 09:18:30 AM,627.85,75,47088.75,10532070.0
2025-07-31 09:18:30 AM,622.05,0,0.0,10532070.0
2025-07-31 09:18:31 AM,622.05,75,46653.75,10578723.75
2025-07-31 09:18:32 AM,618.35,0,0.0,10578723.75
2025-07-31 09:18:33 AM,621.85,0,0.0,10578723.75
2025-07-31 09:18:33 AM,621.85,150,93277.5,10672001.25
2025-07-31 09:18:34 AM,622.35,0,0.0,10672001.25
2025-07-31 09:18:35 AM,622.35,75,46676.25,10718677.5
2025-07-31 09:18:36 AM,625.95,0,0.0,10718677.5
2025-07-31 09:18:36 AM,625.95,75,46946.25,10765623.75
2025-07-31 09:18:37 AM,625.9,0,0.0,10765623.75
2025-07-31 09:18:38 AM,625.9,75,46942.5,10812566.25
2025-07-31 09:18:39 AM,629.95,0,0.0,10812566.25
2025-07-31 09:18:40 AM,629.95,75,47246.25,10859812.5
2025-07-31 09:18:41 AM,625.25,0,0.0,10859812.5
2025-07-31 09:18:41 AM,625.25,600,375150.0,11234962.5
2025-07-31 09:18:50 AM,623.6,75,46770.0,11281732.5
2025-07-31 09:18:52 AM,624.3,0,0.0,11281732.5
2025-07-31 09:18:53 AM,624.3,75,46822.5,11328555.0
2025-07-31 09:18:53 AM,627.0,0,0.0,11328555.0
2025-07-31 09:18:53 AM,626.0,450,281700.0,11610255.0
2025-07-31 09:18:55 AM,623.4,75,46755.0,11657010.0
2025-07-31 09:18:57 AM,622.05,0,0.0,11657010.0
2025-07-31 09:18:58 AM,622.05,75,46653.75,11703663.75
2025-07-31 09:18:59 AM,625.8,0,0.0,11703663.75
2025-07-31 09:19:00 AM,625.8,300,187740.0,11891403.75
2025-07-31 09:19:05 AM,620.85,0,0.0,11891403.75
2025-07-31 09:19:06 AM,620.85,75,46563.75,11937967.5
2025-07-31 09:19:07 AM,619.95,0,0.0,11937967.5
2025-07-31 09:19:08 AM,619.95,450,278977.5,12216945.0
2025-07-31 09:19:09 AM,617.15,0,0.0,12216945.0
2025-07-31 09:19:09 AM,619.65,0,0.0,12216945.0
2025-07-31 09:19:10 AM,619.65,150,92947.5,12309892.5
2025-07-31 09:19:11 AM,617.0,0,0.0,12309892.5
2025-07-31 09:19:11 AM,616.95,525,323898.75,12633791.25
2025-07-31 09:19:16 AM,615.0,0,0.0,12633791.25
2025-07-31 09:19:17 AM,615.0,75,46125.0,12679916.25
2025-07-31 09:19:17 AM,621.1,0,0.0,12679916.25
2025-07-31 09:19:18 AM,621.1,75,46582.5,12726498.75
2025-07-31 09:19:24 AM,616.1,0,0.0,12726498.75
2025-07-31 09:19:24 AM,616.65,0,0.0,12726498.75
2025-07-31 09:19:25 AM,616.65,150,92497.5,12818996.25
2025-07-31 09:19:26 AM,621.75,0,0.0,12818996.25
2025-07-31 09:19:27 AM,621.75,150,93262.5,12912258.75
2025-07-31 09:19:28 AM,618.4,0,0.0,12912258.75
2025-07-31 09:19:28 AM,619.2,0,0.0,12912258.75
2025-07-31 09:19:28 AM,619.2,150,92880.0,13005138.75
2025-07-31 09:19:37 AM,618.0,0,0.0,13005138.75
2025-07-31 09:19:38 AM,618.0,150,92700.0,13097838.75
2025-07-31 09:19:39 AM,618.25,0,0.0,13097838.75
2025-07-31 09:19:40 AM,618.25,75,46368.75,13144207.5
2025-07-31 09:19:40 AM,615.0,0,0.0,13144207.5
2025-07-31 09:19:42 AM,615.0,150,92250.0,13236457.5
2025-07-31 09:19:43 AM,615.0,300,184500.0,13420957.5
2025-07-31 09:19:46 AM,618.3,0,0.0,13420957.5
2025-07-31 09:19:47 AM,618.3,1875,1159312.5,14580270.0
2025-07-31 09:19:52 AM,611.95,0,0.0,14580270.0
2025-07-31 09:19:53 AM,612.9,0,0.0,14580270.0
2025-07-31 09:19:53 AM,612.9,225,137902.5,14718172.5
2025-07-31 09:20:01 AM,617.9,0,0.0,14718172.5
2025-07-31 09:20:02 AM,617.9,75,46342.5,14764515.0
2025-07-31 09:20:04 AM,616.95,0,0.0,14764515.0
2025-07-31 09:20:05 AM,616.95,150,92542.5,14857057.5
2025-07-31 09:20:16 AM,614.0,0,0.0,14857057.5
2025-07-31 09:20:17 AM,614.0,150,92100.0,14949157.5
2025-07-31 09:20:27 AM,605.0,0,0.0,14949157.5
2025-07-31 09:20:28 AM,605.0,600,363000.0,15312157.5
2025-07-31 09:20:32 AM,598.55,0,0.0,15312157.5
2025-07-31 09:20:33 AM,598.55,75,44891.25,15357048.75
2025-07-31 09:20:54 AM,579.5,0,0.0,15357048.75
2025-07-31 09:20:55 AM,579.5,300,173850.0,15530898.75
2025-07-31 09:21:20 AM,585.0,0,0.0,15530898.75
2025-07-31 09:21:21 AM,585.0,75,43875.0,15574773.75
2025-07-31 09:21:31 AM,584.6,0,0.0,15574773.75
2025-07-31 09:21:31 AM,584.6,75,43845.0,15618618.75
2025-07-31 09:21:47 AM,581.35,0,0.0,15618618.75
2025-07-31 09:21:48 AM,581.35,150,87202.5,15705821.25
2025-07-31 09:21:55 AM,583.25,0,0.0,15705821.25
2025-07-31 09:21:56 AM,583.25,75,43743.75,15749565.0
2025-07-31 09:22:15 AM,605.0,0,0.0,15749565.0
2025-07-31 09:22:16 AM,605.0,75,45375.0,15794940.0
2025-07-31 09:22:22 AM,601.95,0,0.0,15794940.0
2025-07-31 09:22:22 AM,601.95,150,90292.5,15885232.5
2025-07-31 09:22:40 AM,593.7,0,0.0,15885232.5
2025-07-31 09:22:41 AM,593.7,75,44527.5,15929760.0
2025-07-31 09:22:43 AM,593.7,75,44527.5,15974287.5
2025-07-31 09:22:54 AM,585.9,0,0.0,15974287.5
2025-07-31 09:22:55 AM,585.9,75,43942.5,16018230.0
2025-07-31 09:23:07 AM,581.35,0,0.0,16018230.0
2025-07-31 09:23:08 AM,581.35,75,43601.25,16061831.25
2025-07-31 09:23:15 AM,575.0,0,0.0,16061831.25
2025-07-31 09:23:15 AM,575.0,75,43125.0,16104956.25
2025-07-31 09:23:19 AM,575.35,0,0.0,16104956.25
2025-07-31 09:23:19 AM,576.95,0,0.0,16104956.25
2025-07-31 09:23:20 AM,576.7,375,216262.50000000003,16321218.75
2025-07-31 09:23:20 AM,580.5,0,0.0,16321218.75
2025-07-31 09:23:21 AM,580.5,75,43537.5,16364756.25
2025-07-31 09:23:23 AM,583.0,0,0.0,16364756.25
2025-07-31 09:23:25 AM,583.0,75,43725.0,16408481.25
2025-07-31 09:23:43 AM,584.1,0,0.0,16408481.25
2025-07-31 09:23:43 AM,584.1,150,87615.0,16496096.25
2025-07-31 09:23:44 AM,586.0,0,0.0,16496096.25
2025-07-31 09:23:45 AM,586.0,75,43950.0,16540046.25
2025-07-31 09:23:52 AM,583.75,0,0.0,16540046.25
2025-07-31 09:23:52 AM,584.1,0,0.0,16540046.25
2025-07-31 09:23:53 AM,584.1,225,131422.5,16671468.75
2025-07-31 09:23:54 AM,585.85,0,0.0,16671468.75
2025-07-31 09:23:54 AM,585.6,0,0.0,16671468.75
2025-07-31 09:23:55 AM,585.6,375,219600.0,16891068.75
2025-07-31 09:23:56 AM,588.3,0,0.0,16891068.75
2025-07-31 09:23:56 AM,587.05,0,0.0,16891068.75
2025-07-31 09:23:56 AM,587.05,225,132086.25,17023155.0
2025-07-31 09:23:58 AM,588.45,0,0.0,17023155.0
2025-07-31 09:23:58 AM,588.45,75,44133.75,17067288.75
2025-07-31 09:24:01 AM,587.05,0,0.0,17067288.75
2025-07-31 09:24:01 AM,588.35,0,0.0,17067288.75
2025-07-31 09:24:01 AM,589.3,525,309382.5,17376671.25
2025-07-31 09:24:05 AM,588.25,0,0.0,17376671.25
2025-07-31 09:24:06 AM,588.25,75,44118.75,17420790.0
2025-07-31 09:24:11 AM,587.85,0,0.0,17420790.0
2025-07-31 09:24:11 AM,587.85,75,44088.75,17464878.75
2025-07-31 09:24:12 AM,585.45,0,0.0,17464878.75
2025-07-31 09:24:13 AM,583.05,0,0.0,17464878.75
2025-07-31 09:24:13 AM,583.0,0,0.0,17464878.75
2025-07-31 09:24:13 AM,583.0,750,437250.0,17902128.75
2025-07-31 09:24:14 AM,584.0,0,0.0,17902128.75
2025-07-31 09:24:15 AM,586.2,0,0.0,17902128.75
2025-07-31 09:24:15 AM,586.2,300,175860.0,18077988.75
2025-07-31 09:24:16 AM,585.0,0,0.0,18077988.75
2025-07-31 09:24:16 AM,584.05,0,0.0,18077988.75
2025-07-31 09:24:16 AM,584.05,300,175215.0,18253203.75
2025-07-31 09:24:20 AM,586.55,0,0.0,18253203.75
2025-07-31 09:24:22 AM,586.55,75,43991.25,18297195.0
2025-07-31 09:24:26 AM,587.0,0,0.0,18297195.0
2025-07-31 09:24:26 AM,586.9,0,0.0,18297195.0
2025-07-31 09:24:27 AM,587.7,750,440775.00000000006,18737970.0
2025-07-31 09:24:27 AM,587.8,150,88170.0,18826140.0
2025-07-31 09:24:27 AM,587.95,0,0.0,18826140.0
2025-07-31 09:24:28 AM,588.75,0,0.0,18826140.0
2025-07-31 09:24:28 AM,589.05,1425,839396.2499999999,19665536.25
2025-07-31 09:24:28 AM,590.4,0,0.0,19665536.25
2025-07-31 09:24:28 AM,590.05,375,221268.74999999997,19886805.0
2025-07-31 09:24:29 AM,591.55,0,0.0,19886805.0
2025-07-31 09:24:29 AM,592.75,0,0.0,19886805.0
2025-07-31 09:24:30 AM,591.2,1275,753780.0,20640585.0
2025-07-31 09:24:30 AM,591.4,150,88710.0,20729295.0
2025-07-31 09:24:31 AM,592.0,0,0.0,20729295.0
2025-07-31 09:24:32 AM,592.0,300,177600.0,20906895.0
2025-07-31 09:24:32 AM,592.0,150,88800.0,20995695.0
2025-07-31 09:24:32 AM,595.3,0,0.0,20995695.0
2025-07-31 09:24:33 AM,595.3,825,491122.49999999994,21486817.5
2025-07-31 09:24:35 AM,594.9,0,0.0,21486817.5
2025-07-31 09:24:35 AM,595.15,0,0.0,21486817.5
2025-07-31 09:24:35 AM,595.15,450,267817.5,21754635.0
2025-07-31 09:24:35 AM,595.25,300,178575.0,21933210.0
2025-07-31 09:24:35 AM,595.65,0,0.0,21933210.0
2025-07-31 09:24:36 AM,595.2,0,0.0,21933210.0
2025-07-31 09:24:37 AM,595.2,450,267840.0,22201050.0
2025-07-31 09:24:37 AM,593.65,0,0.0,22201050.0
2025-07-31 09:24:37 AM,593.65,150,89047.5,22290097.5
2025-07-31 09:24:41 AM,590.35,0,0.0,22290097.5
2025-07-31 09:24:42 AM,590.35,75,44276.25,22334373.75
2025-07-31 09:24:43 AM,590.35,150,88552.5,22422926.25
2025-07-31 09:24:45 AM,588.4,150,88260.0,22511186.25
2025-07-31 09:24:48 AM,587.45,0,0.0,22511186.25
2025-07-31 09:24:48 AM,587.45,75,44058.75,22555245.0
2025-07-31 09:24:49 AM,586.75,0,0.0,22555245.0
2025-07-31 09:24:50 AM,586.75,75,44006.25,22599251.25
2025-07-31 09:25:00 AM,581.5,0,0.0,22599251.25
2025-07-31 09:25:00 AM,581.5,150,87225.0,22686476.25
2025-07-31 09:25:13 AM,585.55,0,0.0,22686476.25
2025-07-31 09:25:13 AM,585.55,75,43916.25,22730392.5
2025-07-31 09:25:16 AM,588.5,0,0.0,22730392.5
2025-07-31 09:25:17 AM,588.5,75,44137.5,22774530.0
2025-07-31 09:25:17 AM,590.0,0,0.0,22774530.0
2025-07-31 09:25:18 AM,591.35,0,0.0,22774530.0
2025-07-31 09:25:18 AM,591.35,450,266107.5,23040637.5
2025-07-31 09:25:27 AM,595.65,0,0.0,23040637.5
2025-07-31 09:25:28 AM,595.65,75,44673.75,23085311.25
2025-07-31 09:25:36 AM,597.65,0,0.0,23085311.25
2025-07-31 09:25:37 AM,597.65,75,44823.75,23130135.0
2025-07-31 09:25:40 AM,600.3,0,0.0,23130135.0
2025-07-31 09:25:42 AM,600.3,75,45022.5,23175157.5
2025-07-31 09:25:42 AM,604.8,0,0.0,23175157.5
2025-07-31 09:25:42 AM,604.8,75,45360.0,23220517.5
2025-07-31 09:25:50 AM,597.45,0,0.0,23220517.5
2025-07-31 09:25:50 AM,597.45,75,44808.75,23265326.25
2025-07-31 09:25:51 AM,599.7,0,0.0,23265326.25
2025-07-31 09:25:52 AM,599.7,75,44977.5,23310303.75
2025-07-31 09:26:15 AM,607.05,75,45528.75,23355832.5
2025-07-31 09:26:18 AM,600.85,0,0.0,23355832.5
2025-07-31 09:26:18 AM,600.85,375,225318.75,23581151.25
2025-07-31 09:28:01 AM,580.65,0,0.0,23581151.25
2025-07-31 09:28:02 AM,580.65,150,87097.5,23668248.75
2025-07-31 09:28:29 AM,581.95,0,0.0,23668248.75
2025-07-31 09:28:30 AM,581.95,75,43646.25,23711895.0
2025-07-31 09:28:49 AM,581.5,150,87225.0,23799120.0
2025-07-31 09:28:51 AM,589.0,0,0.0,23799120.0
2025-07-31 09:28:52 AM,589.0,300,176700.0,23975820.0
2025-07-31 09:29:06 AM,584.05,0,0.0,23975820.0
2025-07-31 09:29:07 AM,584.05,75,43803.75,24019623.75
2025-07-31 09:29:16 AM,588.25,0,0.0,24019623.75
2025-07-31 09:29:17 AM,588.25,75,44118.75,24063742.5
2025-07-31 09:29:29 AM,584.95,75,43871.25,24107613.75
2025-07-31 09:30:19 AM,600.65,0,0.0,24107613.75
2025-07-31 09:30:20 AM,600.65,75,45048.75,24152662.5
2025-07-31 09:31:15 AM,596.0,0,0.0,24152662.5
2025-07-31 09:31:16 AM,596.0,75,44700.0,24197362.5
2025-07-31 09:31:23 AM,587.9,0,0.0,24197362.5
2025-07-31 09:31:24 AM,587.9,75,44092.5,24241455.0
2025-07-31 09:31:54 AM,584.0,0,0.0,24241455.0
2025-07-31 09:31:55 AM,584.0,75,43800.0,24285255.0
2025-07-31 09:33:05 AM,583.85,0,0.0,24285255.0
2025-07-31 09:33:06 AM,583.85,225,131366.25,24416621.25
2025-07-31 09:33:20 AM,587.0,0,0.0,24416621.25
2025-07-31 09:33:21 AM,587.0,75,44025.0,24460646.25
2025-07-31 09:33:23 AM,590.05,0,0.0,24460646.25
2025-07-31 09:33:24 AM,590.05,375,221268.74999999997,24681915.0
2025-07-31 09:33:27 AM,595.0,0,0.0,24681915.0
2025-07-31 09:33:27 AM,595.0,75,44625.0,24726540.0
2025-07-31 09:33:58 AM,600.0,0,0.0,24726540.0
2025-07-31 09:33:59 AM,600.0,225,135000.0,24861540.0
2025-07-31 09:35:04 AM,582.35,0,0.0,24861540.0
2025-07-31 09:35:06 AM,582.35,375,218381.25,25079921.25
2025-07-31 09:35:49 AM,597.7,0,0.0,25079921.25
2025-07-31 09:35:49 AM,597.7,75,44827.5,25124748.75
2025-07-31 09:35:52 AM,598.15,0,0.0,25124748.75
2025-07-31 09:35:52 AM,598.15,75,44861.25,25169610.0
2025-07-31 09:36:49 AM,599.6,0,0.0,25169610.0
2025-07-31 09:36:51 AM,599.6,375,224850.0,25394460.0
2025-07-31 09:37:46 AM,593.65,0,0.0,25394460.0
2025-07-31 09:37:47 AM,593.65,75,44523.75,25438983.75
2025-07-31 09:38:00 AM,595.0,0,0.0,25438983.75
2025-07-31 09:38:01 AM,595.0,150,89250.0,25528233.75
2025-07-31 09:38:20 AM,600.0,0,0.0,25528233.75
2025-07-31 09:38:20 AM,600.0,375,225000.0,25753233.75
2025-07-31 09:38:43 AM,599.5,0,0.0,25753233.75
2025-07-31 09:38:44 AM,599.5,375,224812.5,25978046.25
2025-07-31 09:38:51 AM,602.0,0,0.0,25978046.25
2025-07-31 09:38:51 AM,602.0,75,45150.0,26023196.25
2025-07-31 09:38:54 AM,602.05,0,0.0,26023196.25
2025-07-31 09:38:54 AM,601.75,0,0.0,26023196.25
2025-07-31 09:38:56 AM,601.75,300,180525.0,26203721.25
2025-07-31 09:39:06 AM,601.25,0,0.0,26203721.25
2025-07-31 09:39:07 AM,601.25,75,45093.75,26248815.0
2025-07-31 09:39:10 AM,605.0,0,0.0,26248815.0
2025-07-31 09:39:11 AM,605.0,75,45375.0,26294190.0
2025-07-31 09:39:13 AM,602.0,0,0.0,26294190.0
2025-07-31 09:39:14 AM,602.0,225,135450.0,26429640.0
2025-07-31 09:39:26 AM,600.0,0,0.0,26429640.0
2025-07-31 09:39:26 AM,600.0,300,180000.0,26609640.0
2025-07-31 09:39:33 AM,602.0,0,0.0,26609640.0
2025-07-31 09:39:34 AM,602.0,75,45150.0,26654790.0
2025-07-31 09:39:38 AM,598.05,0,0.0,26654790.0
2025-07-31 09:39:39 AM,598.05,75,44853.75,26699643.75
2025-07-31 09:39:43 AM,599.3,0,0.0,26699643.75
2025-07-31 09:39:44 AM,599.3,300,179790.0,26879433.75
2025-07-31 09:40:20 AM,598.7,0,0.0,26879433.75
2025-07-31 09:40:21 AM,598.7,375,224512.50000000003,27103946.25
2025-07-31 09:41:05 AM,595.2,0,0.0,27103946.25
2025-07-31 09:41:06 AM,595.2,75,44640.0,27148586.25
2025-07-31 09:41:06 AM,592.7,0,0.0,27148586.25
2025-07-31 09:41:07 AM,592.7,150,88905.0,27237491.25
2025-07-31 09:41:54 AM,590.0,0,0.0,27237491.25
2025-07-31 09:41:55 AM,590.0,225,132750.0,27370241.25
2025-07-31 09:42:35 AM,589.85,0,0.0,27370241.25
2025-07-31 09:42:36 AM,589.85,375,221193.75,27591435.0
2025-07-31 09:42:56 AM,590.0,0,0.0,27591435.0
2025-07-31 09:42:56 AM,590.0,75,44250.0,27635685.0
2025-07-31 09:44:01 AM,590.3,0,0.0,27635685.0
2025-07-31 09:44:01 AM,590.3,375,221362.49999999997,27857047.5
2025-07-31 09:44:32 AM,587.4,0,0.0,27857047.5
2025-07-31 09:44:32 AM,587.4,75,44055.0,27901102.5
2025-07-31 09:45:13 AM,588.0,0,0.0,27901102.5
2025-07-31 09:45:13 AM,588.0,375,220500.0,28121602.5
2025-07-31 09:45:51 AM,588.2,0,0.0,28121602.5
2025-07-31 09:45:51 AM,588.1,0,0.0,28121602.5
2025-07-31 09:45:52 AM,588.3,0,0.0,28121602.5
2025-07-31 09:45:52 AM,588.3,1800,1058940.0,29180542.5
2025-07-31 09:46:13 AM,591.6,300,177480.0,29358022.5
2025-07-31 09:46:39 AM,591.0,0,0.0,29358022.5
2025-07-31 09:46:40 AM,591.0,225,132975.0,29490997.5
2025-07-31 09:46:56 AM,587.4,0,0.0,29490997.5
2025-07-31 09:46:57 AM,587.4,375,220275.0,29711272.5
2025-07-31 09:47:14 AM,592.9,0,0.0,29711272.5
2025-07-31 09:47:14 AM,592.9,75,44467.5,29755740.0
2025-07-31 09:47:16 AM,590.85,0,0.0,29755740.0
2025-07-31 09:47:17 AM,590.85,75,44313.75,29800053.75
2025-07-31 09:47:29 AM,589.6,0,0.0,29800053.75
2025-07-31 09:47:29 AM,589.6,75,44220.0,29844273.75
2025-07-31 09:48:04 AM,599.85,0,0.0,29844273.75
2025-07-31 09:48:05 AM,599.85,300,179955.0,30024228.75
2025-07-31 09:48:36 AM,596.35,0,0.0,30024228.75
2025-07-31 09:48:36 AM,596.35,375,223631.25,30247860.0
2025-07-31 09:49:06 AM,596.05,0,0.0,30247860.0
2025-07-31 09:49:07 AM,596.05,150,89407.5,30337267.5
2025-07-31 09:49:10 AM,596.7,0,0.0,30337267.5
2025-07-31 09:49:10 AM,596.7,150,89505.0,30426772.5
2025-07-31 09:49:21 AM,597.15,0,0.0,30426772.5
2025-07-31 09:49:22 AM,597.15,150,89572.5,30516345.0
2025-07-31 09:49:32 AM,604.45,0,0.0,30516345.0
2025-07-31 09:49:32 AM,604.45,75,45333.75,30561678.75
2025-07-31 09:49:41 AM,603.85,0,0.0,30561678.75
2025-07-31 09:49:42 AM,603.85,375,226443.75,30788122.5
2025-07-31 09:49:43 AM,602.2,0,0.0,30788122.5
2025-07-31 09:49:44 AM,602.2,75,45165.0,30833287.5
2025-07-31 09:49:53 AM,599.1,0,0.0,30833287.5
2025-07-31 09:49:53 AM,599.1,75,44932.5,30878220.0
2025-07-31 09:50:17 AM,596.05,0,0.0,30878220.0
2025-07-31 09:50:18 AM,596.05,375,223518.74999999997,31101738.75
2025-07-31 09:50:19 AM,598.65,0,0.0,31101738.75
2025-07-31 09:50:19 AM,598.65,75,44898.75,31146637.5
2025-07-31 09:50:32 AM,602.2,0,0.0,31146637.5
2025-07-31 09:50:32 AM,602.2,75,45165.0,31191802.5
2025-07-31 09:50:34 AM,602.0,0,0.0,31191802.5
2025-07-31 09:50:35 AM,602.0,75,45150.0,31236952.5
2025-07-31 09:50:36 AM,603.0,75,45225.0,31282177.5
2025-07-31 09:51:07 AM,603.0,75,45225.0,31327402.5
2025-07-31 09:51:18 AM,597.5,0,0.0,31327402.5
2025-07-31 09:51:18 AM,597.5,150,89625.0,31417027.5
2025-07-31 09:51:19 AM,595.5,0,0.0,31417027.5
2025-07-31 09:51:19 AM,595.5,150,89325.0,31506352.5
2025-07-31 09:51:23 AM,593.7,0,0.0,31506352.5
2025-07-31 09:51:23 AM,593.7,75,44527.5,31550880.0
2025-07-31 09:51:29 AM,593.55,0,0.0,31550880.0
2025-07-31 09:51:29 AM,593.55,75,44516.25,31595396.25
2025-07-31 09:51:31 AM,592.6,75,44445.0,31639841.25
2025-07-31 09:51:32 AM,592.15,0,0.0,31639841.25
2025-07-31 09:51:32 AM,592.15,150,88822.5,31728663.75
2025-07-31 09:51:49 AM,598.2,0,0.0,31728663.75
2025-07-31 09:51:49 AM,598.2,75,44865.0,31773528.75
2025-07-31 09:51:58 AM,592.3,0,0.0,31773528.75
2025-07-31 09:51:59 AM,592.3,75,44422.5,31817951.25
2025-07-31 09:52:00 AM,590.55,0,0.0,31817951.25
2025-07-31 09:52:01 AM,590.55,300,177165.0,31995116.25
2025-07-31 09:52:10 AM,588.4,0,0.0,31995116.25
2025-07-31 09:52:11 AM,588.4,150,88260.0,32083376.25
2025-07-31 09:52:11 AM,586.05,0,0.0,32083376.25
2025-07-31 09:52:11 AM,586.05,1800,1054890.0,33138266.25
2025-07-31 09:52:25 AM,590.95,75,44321.25,33182587.5
2025-07-31 09:53:06 AM,593.0,0,0.0,33182587.5
2025-07-31 09:53:07 AM,593.0,3450,2045850.0,35228437.5
2025-07-31 09:53:09 AM,593.0,225,133425.0,35361862.5
2025-07-31 09:53:11 AM,593.0,225,133425.0,35495287.5
2025-07-31 09:53:32 AM,587.35,0,0.0,35495287.5
2025-07-31 09:53:32 AM,587.35,75,44051.25,35539338.75
2025-07-31 09:54:35 AM,591.7,0,0.0,35539338.75
2025-07-31 09:54:35 AM,593.0,0,0.0,35539338.75
2025-07-31 09:54:36 AM,593.0,375,222375.0,35761713.75
2025-07-31 09:54:39 AM,593.0,1950,1156350.0,36918063.75
2025-07-31 09:54:48 AM,592.8,0,0.0,36918063.75
2025-07-31 09:54:49 AM,592.8,75,44460.0,36962523.75
2025-07-31 09:55:15 AM,590.75,0,0.0,36962523.75
2025-07-31 09:55:15 AM,590.75,75,44306.25,37006830.0
2025-07-31 09:55:36 AM,589.45,0,0.0,37006830.0
2025-07-31 09:55:37 AM,589.45,375,221043.75000000003,37227873.75
2025-07-31 09:56:07 AM,588.3,0,0.0,37227873.75
2025-07-31 09:56:07 AM,588.3,150,88245.0,37316118.75
2025-07-31 09:57:05 AM,589.5,0,0.0,37316118.75
2025-07-31 09:57:05 AM,589.5,375,221062.5,37537181.25
2025-07-31 09:57:18 AM,589.05,0,0.0,37537181.25
2025-07-31 09:57:19 AM,589.05,75,44178.75,37581360.0
2025-07-31 09:57:35 AM,594.15,0,0.0,37581360.0
2025-07-31 09:57:35 AM,594.15,75,44561.25,37625921.25
2025-07-31 09:57:49 AM,600.15,0,0.0,37625921.25
2025-07-31 09:57:49 AM,600.15,150,90022.5,37715943.75
2025-07-31 09:58:00 AM,602.0,0,0.0,37715943.75
2025-07-31 09:58:00 AM,602.0,75,45150.0,37761093.75
2025-07-31 09:58:10 AM,599.35,0,0.0,37761093.75
2025-07-31 09:58:10 AM,599.35,75,44951.25,37806045.0
2025-07-31 09:58:37 AM,598.25,0,0.0,37806045.0
2025-07-31 09:58:37 AM,598.25,75,44868.75,37850913.75
2025-07-31 09:59:37 AM,598.45,0,0.0,37850913.75
2025-07-31 09:59:37 AM,598.45,150,89767.5,37940681.25
2025-07-31 09:59:38 AM,598.35,0,0.0,37940681.25
2025-07-31 09:59:38 AM,598.35,75,44876.25,37985557.5
2025-07-31 09:59:44 AM,598.2,0,0.0,37985557.5
2025-07-31 09:59:45 AM,597.75,0,0.0,37985557.5
2025-07-31 09:59:45 AM,597.45,225,134426.25,38119983.75
2025-07-31 09:59:47 AM,597.95,75,44846.25,38164830.0
2025-07-31 09:59:51 AM,598.55,150,89782.5,38254612.5
2025-07-31 09:59:51 AM,598.5,0,0.0,38254612.5
2025-07-31 09:59:52 AM,598.5,75,44887.5,38299500.0
2025-07-31 09:59:52 AM,599.1,0,0.0,38299500.0
2025-07-31 09:59:52 AM,599.1,75,44932.5,38344432.5
2025-07-31 09:59:53 AM,598.7,0,0.0,38344432.5
2025-07-31 09:59:54 AM,598.2,225,134595.0,38479027.5
2025-07-31 09:59:54 AM,598.55,0,0.0,38479027.5
2025-07-31 09:59:54 AM,598.2,225,134595.0,38613622.5
2025-07-31 09:59:55 AM,597.95,0,0.0,38613622.5
2025-07-31 09:59:55 AM,597.95,75,44846.25,38658468.75
2025-07-31 09:59:56 AM,598.85,0,0.0,38658468.75
2025-07-31 09:59:56 AM,598.85,75,44913.75,38703382.5
2025-07-31 09:59:56 AM,598.25,0,0.0,38703382.5
2025-07-31 09:59:57 AM,598.25,375,224343.75,38927726.25
2025-07-31 09:59:57 AM,597.0,0,0.0,38927726.25
2025-07-31 09:59:57 AM,597.0,375,223875.0,39151601.25
2025-07-31 09:59:58 AM,601.8,0,0.0,39151601.25
2025-07-31 09:59:59 AM,601.8,75,45135.0,39196736.25
2025-07-31 10:00:00 AM,602.15,0,0.0,39196736.25
2025-07-31 10:00:00 AM,602.15,150,90322.5,39287058.75
2025-07-31 10:00:01 AM,603.1,0,0.0,39287058.75
2025-07-31 10:00:02 AM,603.4,0,0.0,39287058.75
2025-07-31 10:00:02 AM,602.0,375,225750.0,39512808.75
2025-07-31 10:00:04 AM,602.65,0,0.0,39512808.75
2025-07-31 10:00:04 AM,602.65,75,45198.75,39558007.5
2025-07-31 10:00:04 AM,602.6,0,0.0,39558007.5
2025-07-31 10:00:05 AM,602.1,0,0.0,39558007.5
2025-07-31 10:00:05 AM,602.1,150,90315.0,39648322.5
2025-07-31 10:00:06 AM,602.6,0,0.0,39648322.5
2025-07-31 10:00:06 AM,602.6,75,45195.0,39693517.5
2025-07-31 10:00:10 AM,603.9,0,0.0,39693517.5
2025-07-31 10:00:10 AM,604.0,0,0.0,39693517.5
2025-07-31 10:00:10 AM,605.0,225,136125.0,39829642.5
2025-07-31 10:00:15 AM,607.2,0,0.0,39829642.5
2025-07-31 10:00:15 AM,607.2,75,45540.0,39875182.5
2025-07-31 10:00:21 AM,608.4,0,0.0,39875182.5
2025-07-31 10:00:22 AM,608.4,225,136890.0,40012072.5
2025-07-31 10:00:23 AM,608.35,0,0.0,40012072.5
2025-07-31 10:00:23 AM,608.35,300,182505.0,40194577.5
2025-07-31 10:00:24 AM,607.35,225,136653.75,40331231.25
2025-07-31 10:00:25 AM,608.6,0,0.0,40331231.25
2025-07-31 10:00:25 AM,608.6,300,182580.0,40513811.25
2025-07-31 10:00:27 AM,611.9,0,0.0,40513811.25
2025-07-31 10:00:27 AM,611.9,75,45892.5,40559703.75
2025-07-31 10:00:31 AM,609.7,0,0.0,40559703.75
2025-07-31 10:00:32 AM,609.7,450,274365.0,40834068.75
2025-07-31 10:00:35 AM,613.55,0,0.0,40834068.75
2025-07-31 10:00:35 AM,613.55,75,46016.25,40880085.0
2025-07-31 10:00:35 AM,613.35,0,0.0,40880085.0
2025-07-31 10:00:36 AM,613.35,75,46001.25,40926086.25
2025-07-31 10:00:36 AM,616.35,0,0.0,40926086.25
2025-07-31 10:00:37 AM,616.35,75,46226.25,40972312.5
2025-07-31 10:00:38 AM,619.6,0,0.0,40972312.5
2025-07-31 10:00:38 AM,619.6,75,46470.0,41018782.5
2025-07-31 10:00:39 AM,620.9,975,605377.5,41624160.0
2025-07-31 10:00:41 AM,626.35,0,0.0,41624160.0
2025-07-31 10:00:41 AM,626.5,0,0.0,41624160.0
2025-07-31 10:00:42 AM,626.5,300,187950.0,41812110.0
2025-07-31 10:00:42 AM,625.1,75,46882.5,41858992.5
2025-07-31 10:00:42 AM,624.95,0,0.0,41858992.5
2025-07-31 10:00:43 AM,624.95,675,421841.25000000006,42280833.75
2025-07-31 10:00:45 AM,624.9,0,0.0,42280833.75
2025-07-31 10:00:45 AM,622.4,0,0.0,42280833.75
2025-07-31 10:00:45 AM,622.4,300,186720.0,42467553.75
2025-07-31 10:00:46 AM,623.95,0,0.0,42467553.75
2025-07-31 10:00:47 AM,623.95,75,46796.25,42514350.0
2025-07-31 10:00:48 AM,623.0,0,0.0,42514350.0
2025-07-31 10:00:48 AM,621.4,0,0.0,42514350.0
2025-07-31 10:00:48 AM,621.4,600,372840.0,42887190.0
2025-07-31 10:00:50 AM,620.9,0,0.0,42887190.0
2025-07-31 10:00:50 AM,620.9,75,46567.5,42933757.5
2025-07-31 10:00:51 AM,622.8,0,0.0,42933757.5
2025-07-31 10:00:52 AM,622.8,75,46710.0,42980467.5
2025-07-31 10:01:01 AM,629.0,0,0.0,42980467.5
2025-07-31 10:01:02 AM,629.0,750,471750.0,43452217.5
2025-07-31 10:01:02 AM,629.75,0,0.0,43452217.5
2025-07-31 10:01:02 AM,629.75,75,47231.25,43499448.75
2025-07-31 10:01:08 AM,626.75,0,0.0,43499448.75
2025-07-31 10:01:08 AM,626.7,0,0.0,43499448.75
2025-07-31 10:01:08 AM,626.7,375,235012.50000000003,43734461.25
2025-07-31 10:01:09 AM,626.4,0,0.0,43734461.25
2025-07-31 10:01:09 AM,626.4,75,46980.0,43781441.25
2025-07-31 10:01:17 AM,619.8,150,92970.0,43874411.25
2025-07-31 10:01:20 AM,620.65,0,0.0,43874411.25
2025-07-31 10:01:20 AM,620.65,75,46548.75,43920960.0
2025-07-31 10:01:22 AM,619.1,0,0.0,43920960.0
2025-07-31 10:01:22 AM,619.1,75,46432.5,43967392.5
2025-07-31 10:01:22 AM,619.0,0,0.0,43967392.5
2025-07-31 10:01:23 AM,617.9,0,0.0,43967392.5
2025-07-31 10:01:23 AM,617.9,900,556110.0,44523502.5
2025-07-31 10:01:24 AM,616.35,0,0.0,44523502.5
2025-07-31 10:01:24 AM,616.35,75,46226.25,44569728.75
2025-07-31 10:01:25 AM,616.35,375,231131.25,44800860.0
2025-07-31 10:01:32 AM,624.35,0,0.0,44800860.0
2025-07-31 10:01:32 AM,624.35,75,46826.25,44847686.25
2025-07-31 10:01:33 AM,621.75,0,0.0,44847686.25
2025-07-31 10:01:33 AM,621.75,75,46631.25,44894317.5
2025-07-31 10:01:34 AM,620.3,0,0.0,44894317.5
2025-07-31 10:01:35 AM,620.3,75,46522.5,44940840.0
2025-07-31 10:01:40 AM,622.75,0,0.0,44940840.0
2025-07-31 10:01:40 AM,622.75,300,186825.0,45127665.0
2025-07-31 10:01:41 AM,620.65,0,0.0,45127665.0
2025-07-31 10:01:42 AM,622.0,0,0.0,45127665.0
2025-07-31 10:01:42 AM,622.0,600,373200.0,45500865.0
2025-07-31 10:01:56 AM,623.8,0,0.0,45500865.0
2025-07-31 10:01:57 AM,623.8,225,140355.0,45641220.0
2025-07-31 10:01:57 AM,624.8,0,0.0,45641220.0
2025-07-31 10:01:57 AM,624.8,75,46860.0,45688080.0
2025-07-31 10:02:04 AM,624.95,0,0.0,45688080.0
2025-07-31 10:02:04 AM,624.95,75,46871.25,45734951.25
2025-07-31 10:02:08 AM,623.6,0,0.0,45734951.25
2025-07-31 10:02:08 AM,623.6,75,46770.0,45781721.25
2025-07-31 10:02:15 AM,626.65,0,0.0,45781721.25
2025-07-31 10:02:15 AM,626.65,75,46998.75,45828720.0
2025-07-31 10:02:15 AM,624.4,0,0.0,45828720.0
2025-07-31 10:02:15 AM,624.4,75,46830.0,45875550.0
2025-07-31 10:02:19 AM,625.65,0,0.0,45875550.0
2025-07-31 10:02:20 AM,625.65,375,234618.75,46110168.75
2025-07-31 10:02:31 AM,633.95,0,0.0,46110168.75
2025-07-31 10:02:32 AM,633.95,75,47546.25,46157715.0
2025-07-31 10:02:38 AM,630.9,0,0.0,46157715.0
2025-07-31 10:02:38 AM,630.9,75,47317.5,46205032.5
2025-07-31 10:02:43 AM,628.8,0,0.0,46205032.5
2025-07-31 10:02:43 AM,628.8,150,94320.0,46299352.5
2025-07-31 10:02:46 AM,628.9,0,0.0,46299352.5
2025-07-31 10:02:47 AM,628.9,150,94335.0,46393687.5
2025-07-31 10:02:52 AM,630.0,375,236250.0,46629937.5
2025-07-31 10:02:53 AM,629.75,0,0.0,46629937.5
2025-07-31 10:02:53 AM,629.75,150,94462.5,46724400.0
2025-07-31 10:03:12 AM,629.75,75,47231.25,46771631.25
2025-07-31 10:03:25 AM,627.25,0,0.0,46771631.25
2025-07-31 10:03:25 AM,627.25,375,235218.75,47006850.0
2025-07-31 10:03:26 AM,627.25,75,47043.75,47053893.75
2025-07-31 10:03:30 AM,628.4,0,0.0,47053893.75
2025-07-31 10:03:31 AM,628.4,75,47130.0,47101023.75
2025-07-31 10:03:41 AM,628.55,0,0.0,47101023.75
2025-07-31 10:03:42 AM,628.55,75,47141.25,47148165.0
2025-07-31 10:04:30 AM,623.2,0,0.0,47148165.0
2025-07-31 10:04:31 AM,623.2,75,46740.0,47194905.0
2025-07-31 10:04:40 AM,622.75,75,46706.25,47241611.25
2025-07-31 10:04:46 AM,623.6,0,0.0,47241611.25
2025-07-31 10:04:47 AM,623.6,75,46770.0,47288381.25
2025-07-31 10:04:48 AM,622.85,0,0.0,47288381.25
2025-07-31 10:04:48 AM,622.85,300,186855.0,47475236.25
2025-07-31 10:05:02 AM,627.25,0,0.0,47475236.25
2025-07-31 10:05:02 AM,627.25,150,94087.5,47569323.75
2025-07-31 10:05:09 AM,626.95,0,0.0,47569323.75
2025-07-31 10:05:10 AM,626.9,0,0.0,47569323.75
2025-07-31 10:05:10 AM,626.9,225,141052.5,47710376.25
2025-07-31 10:05:13 AM,627.2,0,0.0,47710376.25
2025-07-31 10:05:13 AM,627.2,150,94080.0,47804456.25
2025-07-31 10:05:18 AM,625.45,0,0.0,47804456.25
2025-07-31 10:05:18 AM,625.45,75,46908.75,47851365.0
2025-07-31 10:05:38 AM,626.4,0,0.0,47851365.0
2025-07-31 10:05:38 AM,626.4,225,140940.0,47992305.0
2025-07-31 10:05:42 AM,626.0,0,0.0,47992305.0
2025-07-31 10:05:42 AM,626.0,75,46950.0,48039255.0
2025-07-31 10:05:47 AM,624.05,0,0.0,48039255.0
2025-07-31 10:05:47 AM,624.05,75,46803.75,48086058.75
2025-07-31 10:05:50 AM,621.6,0,0.0,48086058.75
2025-07-31 10:05:50 AM,621.6,75,46620.0,48132678.75
2025-07-31 10:06:09 AM,626.5,0,0.0,48132678.75
2025-07-31 10:06:10 AM,626.5,75,46987.5,48179666.25
2025-07-31 10:06:17 AM,626.5,75,46987.5,48226653.75
2025-07-31 10:06:23 AM,624.75,0,0.0,48226653.75
2025-07-31 10:06:24 AM,624.75,375,234281.25,48460935.0
2025-07-31 10:06:50 AM,624.6,0,0.0,48460935.0
2025-07-31 10:06:50 AM,624.6,75,46845.0,48507780.0
2025-07-31 10:07:11 AM,619.0,0,0.0,48507780.0
2025-07-31 10:07:11 AM,619.0,150,92850.0,48600630.0
2025-07-31 10:07:14 AM,617.85,0,0.0,48600630.0
2025-07-31 10:07:14 AM,617.85,75,46338.75,48646968.75
2025-07-31 10:07:33 AM,616.05,0,0.0,48646968.75
2025-07-31 10:07:34 AM,616.05,75,46203.75,48693172.5
2025-07-31 10:07:38 AM,611.75,0,0.0,48693172.5
2025-07-31 10:07:39 AM,611.75,75,45881.25,48739053.75
2025-07-31 10:07:44 AM,615.2,0,0.0,48739053.75
2025-07-31 10:07:45 AM,615.2,75,46140.0,48785193.75
2025-07-31 10:07:48 AM,612.55,75,45941.25,48831135.0
2025-07-31 10:07:59 AM,607.0,0,0.0,48831135.0
2025-07-31 10:08:00 AM,607.0,75,45525.0,48876660.0
2025-07-31 10:08:03 AM,604.65,0,0.0,48876660.0
2025-07-31 10:08:04 AM,604.65,75,45348.75,48922008.75
2025-07-31 10:08:07 AM,605.4,0,0.0,48922008.75
2025-07-31 10:08:07 AM,605.4,75,45405.0,48967413.75
2025-07-31 10:08:10 AM,604.45,0,0.0,48967413.75
2025-07-31 10:08:10 AM,604.45,75,45333.75,49012747.5
2025-07-31 10:08:11 AM,606.55,0,0.0,49012747.5
2025-07-31 10:08:12 AM,606.8,150,91020.0,49103767.5
2025-07-31 10:08:20 AM,611.1,0,0.0,49103767.5
2025-07-31 10:08:21 AM,611.1,375,229162.5,49332930.0
2025-07-31 10:08:22 AM,611.25,0,0.0,49332930.0
2025-07-31 10:08:22 AM,611.25,75,45843.75,49378773.75
2025-07-31 10:08:23 AM,612.3,0,0.0,49378773.75
2025-07-31 10:08:23 AM,612.3,75,45922.5,49424696.25
2025-07-31 10:08:37 AM,608.15,0,0.0,49424696.25
2025-07-31 10:08:37 AM,608.15,150,91222.5,49515918.75
2025-07-31 10:08:41 AM,609.8,0,0.0,49515918.75
2025-07-31 10:08:42 AM,609.8,75,45735.0,49561653.75
2025-07-31 10:08:48 AM,611.95,0,0.0,49561653.75
2025-07-31 10:08:48 AM,611.95,75,45896.25,49607550.0
2025-07-31 10:08:49 AM,611.95,75,45896.25,49653446.25
2025-07-31 10:08:55 AM,611.95,75,45896.25,49699342.5
2025-07-31 10:08:59 AM,615.95,0,0.0,49699342.5
2025-07-31 10:08:59 AM,615.95,75,46196.25,49745538.75
2025-07-31 10:09:04 AM,615.2,0,0.0,49745538.75
2025-07-31 10:09:04 AM,615.2,75,46140.0,49791678.75
2025-07-31 10:09:09 AM,614.8,0,0.0,49791678.75
2025-07-31 10:09:09 AM,614.8,75,46110.0,49837788.75
2025-07-31 10:09:20 AM,613.65,0,0.0,49837788.75
2025-07-31 10:09:20 AM,613.65,75,46023.75,49883812.5
2025-07-31 10:09:25 AM,613.75,0,0.0,49883812.5
2025-07-31 10:09:25 AM,613.75,75,46031.25,49929843.75
2025-07-31 10:09:33 AM,612.35,0,0.0,49929843.75
2025-07-31 10:09:33 AM,612.35,75,45926.25,49975770.0
2025-07-31 10:09:48 AM,614.95,0,0.0,49975770.0
2025-07-31 10:09:48 AM,614.95,75,46121.25,50021891.25
2025-07-31 10:09:49 AM,615.0,0,0.0,50021891.25
2025-07-31 10:09:49 AM,615.0,75,46125.0,50068016.25
2025-07-31 10:10:21 AM,619.95,0,0.0,50068016.25
2025-07-31 10:10:22 AM,619.95,75,46496.25,50114512.5
2025-07-31 10:10:25 AM,624.0,0,0.0,50114512.5
2025-07-31 10:10:25 AM,624.0,75,46800.0,50161312.5
2025-07-31 10:10:33 AM,622.65,0,0.0,50161312.5
2025-07-31 10:10:33 AM,622.65,75,46698.75,50208011.25
2025-07-31 10:10:35 AM,629.0,0,0.0,50208011.25
2025-07-31 10:10:35 AM,629.0,225,141525.0,50349536.25
2025-07-31 10:10:53 AM,622.45,0,0.0,50349536.25
2025-07-31 10:10:54 AM,622.45,75,46683.75,50396220.0
2025-07-31 10:11:00 AM,618.7,0,0.0,50396220.0
2025-07-31 10:11:00 AM,618.7,75,46402.5,50442622.5
2025-07-31 10:11:03 AM,617.4,0,0.0,50442622.5
2025-07-31 10:11:04 AM,617.4,75,46305.0,50488927.5
2025-07-31 10:11:09 AM,616.5,0,0.0,50488927.5
2025-07-31 10:11:10 AM,616.5,225,138712.5,50627640.0
2025-07-31 10:11:13 AM,615.95,0,0.0,50627640.0
2025-07-31 10:11:14 AM,615.95,75,46196.25,50673836.25
2025-07-31 10:11:17 AM,612.55,0,0.0,50673836.25
2025-07-31 10:11:18 AM,612.55,75,45941.25,50719777.5
2025-07-31 10:11:19 AM,612.15,0,0.0,50719777.5
2025-07-31 10:11:20 AM,612.15,375,229556.25,50949333.75
2025-07-31 10:11:25 AM,614.3,75,46072.5,50995406.25
2025-07-31 10:11:27 AM,614.0,0,0.0,50995406.25
2025-07-31 10:11:28 AM,614.0,75,46050.0,51041456.25
2025-07-31 10:12:01 AM,618.05,150,92707.5,51134163.75
2025-07-31 10:12:09 AM,622.7,0,0.0,51134163.75
2025-07-31 10:12:09 AM,622.7,75,46702.5,51180866.25
2025-07-31 10:12:25 AM,623.4,75,46755.0,51227621.25
2025-07-31 10:12:31 AM,622.2,75,46665.0,51274286.25
2025-07-31 10:13:54 AM,630.0,75,47250.0,51321536.25
2025-07-31 10:14:00 AM,625.0,0,0.0,51321536.25
2025-07-31 10:14:01 AM,625.0,150,93750.0,51415286.25
2025-07-31 10:14:24 AM,625.85,0,0.0,51415286.25
2025-07-31 10:14:25 AM,621.85,150,93277.5,51508563.75
2025-07-31 10:14:30 AM,624.7,0,0.0,51508563.75
2025-07-31 10:14:31 AM,624.7,75,46852.5,51555416.25
2025-07-31 10:14:31 AM,624.7,75,46852.5,51602268.75
2025-07-31 10:14:37 AM,624.7,150,93705.0,51695973.75
2025-07-31 10:15:00 AM,621.85,0,0.0,51695973.75
2025-07-31 10:15:01 AM,621.85,150,93277.5,51789251.25
2025-07-31 10:15:51 AM,621.0,0,0.0,51789251.25
2025-07-31 10:15:51 AM,621.0,75,46575.0,51835826.25
2025-07-31 10:15:52 AM,622.45,0,0.0,51835826.25
2025-07-31 10:15:52 AM,622.45,150,93367.5,51929193.75
2025-07-31 10:16:01 AM,620.0,0,0.0,51929193.75
2025-07-31 10:16:01 AM,620.0,75,46500.0,51975693.75
2025-07-31 10:16:14 AM,618.2,0,0.0,51975693.75
2025-07-31 10:16:15 AM,618.2,75,46365.0,52022058.75
2025-07-31 10:16:24 AM,615.9,0,0.0,52022058.75
2025-07-31 10:16:24 AM,615.9,75,46192.5,52068251.25
2025-07-31 10:16:24 AM,614.9,0,0.0,52068251.25
2025-07-31 10:16:25 AM,614.9,75,46117.5,52114368.75
2025-07-31 10:16:30 AM,615.95,75,46196.25,52160565.0
2025-07-31 10:16:36 AM,615.4,0,0.0,52160565.0
2025-07-31 10:16:36 AM,615.4,75,46155.0,52206720.0
2025-07-31 10:17:04 AM,620.95,0,0.0,52206720.0
2025-07-31 10:17:04 AM,620.95,75,46571.25,52253291.25
2025-07-31 10:17:26 AM,623.9,0,0.0,52253291.25
2025-07-31 10:17:26 AM,623.8,0,0.0,52253291.25
2025-07-31 10:17:26 AM,623.8,225,140355.0,52393646.25
2025-07-31 10:17:33 AM,623.0,0,0.0,52393646.25
2025-07-31 10:17:33 AM,623.0,150,93450.0,52487096.25
2025-07-31 10:17:50 AM,625.0,0,0.0,52487096.25
2025-07-31 10:17:51 AM,625.0,75,46875.0,52533971.25
2025-07-31 10:17:55 AM,625.95,0,0.0,52533971.25
2025-07-31 10:17:56 AM,625.95,75,46946.25,52580917.5
2025-07-31 10:17:56 AM,623.1,0,0.0,52580917.5
2025-07-31 10:17:56 AM,623.1,75,46732.5,52627650.0
2025-07-31 10:18:04 AM,619.75,0,0.0,52627650.0
2025-07-31 10:18:05 AM,619.75,75,46481.25,52674131.25
2025-07-31 10:18:33 AM,619.35,0,0.0,52674131.25
2025-07-31 10:18:34 AM,619.35,75,46451.25,52720582.5
2025-07-31 10:18:35 AM,619.1,0,0.0,52720582.5
2025-07-31 10:18:35 AM,619.1,75,46432.5,52767015.0
2025-07-31 10:18:36 AM,619.3,0,0.0,52767015.0
2025-07-31 10:18:36 AM,619.3,75,46447.5,52813462.5
2025-07-31 10:18:39 AM,619.45,0,0.0,52813462.5
2025-07-31 10:18:40 AM,619.45,450,278752.5,53092215.0
2025-07-31 10:19:55 AM,624.95,0,0.0,53092215.0
2025-07-31 10:19:56 AM,624.95,450,281227.5,53373442.5
2025-07-31 10:20:01 AM,623.0,375,233625.0,53607067.5
2025-07-31 10:20:05 AM,625.75,0,0.0,53607067.5
2025-07-31 10:20:06 AM,625.75,150,93862.5,53700930.0
2025-07-31 10:21:12 AM,626.05,0,0.0,53700930.0
2025-07-31 10:21:12 AM,626.05,150,93907.5,53794837.5
2025-07-31 10:21:43 AM,629.05,0,0.0,53794837.5
2025-07-31 10:21:44 AM,629.05,150,94357.5,53889195.0
2025-07-31 10:21:46 AM,628.25,75,47118.75,53936313.75
2025-07-31 10:22:05 AM,627.45,0,0.0,53936313.75
2025-07-31 10:22:05 AM,627.45,75,47058.75,53983372.5
2025-07-31 10:22:17 AM,624.45,0,0.0,53983372.5
2025-07-31 10:22:18 AM,624.45,375,234168.75000000003,54217541.25
2025-07-31 10:23:08 AM,616.95,150,92542.5,54310083.75
2025-07-31 10:23:10 AM,617.55,0,0.0,54310083.75
2025-07-31 10:23:10 AM,617.55,75,46316.25,54356400.0
2025-07-31 10:23:43 AM,616.75,75,46256.25,54402656.25
2025-07-31 10:23:43 AM,616.55,0,0.0,54402656.25
2025-07-31 10:23:44 AM,616.55,75,46241.25,54448897.5
2025-07-31 10:23:44 AM,616.55,75,46241.25,54495138.75
2025-07-31 10:23:45 AM,616.55,225,138723.75,54633862.5
2025-07-31 10:23:46 AM,616.55,75,46241.25,54680103.75
2025-07-31 10:23:46 AM,616.7,0,0.0,54680103.75
2025-07-31 10:23:47 AM,616.8,525,323820.0,55003923.75
2025-07-31 10:23:47 AM,617.1,0,0.0,55003923.75
2025-07-31 10:23:48 AM,617.1,75,46282.5,55050206.25
2025-07-31 10:23:48 AM,616.9,0,0.0,55050206.25
2025-07-31 10:23:48 AM,617.3,0,0.0,55050206.25
2025-07-31 10:23:49 AM,617.3,150,92595.0,55142801.25
2025-07-31 10:24:09 AM,615.6,0,0.0,55142801.25
2025-07-31 10:24:09 AM,615.6,75,46170.0,55188971.25
2025-07-31 10:25:04 AM,615.6,75,46170.0,55235141.25
2025-07-31 10:25:10 AM,613.8,0,0.0,55235141.25
2025-07-31 10:25:10 AM,613.8,375,230174.99999999997,55465316.25
2025-07-31 10:25:20 AM,618.75,0,0.0,55465316.25
2025-07-31 10:25:20 AM,618.75,75,46406.25,55511722.5
2025-07-31 10:25:59 AM,612.1,0,0.0,55511722.5
2025-07-31 10:25:59 AM,612.1,75,45907.5,55557630.0
2025-07-31 10:26:03 AM,612.65,0,0.0,55557630.0
2025-07-31 10:26:04 AM,612.65,75,45948.75,55603578.75
2025-07-31 10:26:30 AM,613.5,0,0.0,55603578.75
2025-07-31 10:26:31 AM,613.5,75,46012.5,55649591.25
2025-07-31 10:26:32 AM,614.0,0,0.0,55649591.25
2025-07-31 10:26:32 AM,614.0,75,46050.0,55695641.25
2025-07-31 10:26:32 AM,613.65,0,0.0,55695641.25
2025-07-31 10:26:33 AM,613.65,75,46023.75,55741665.0
2025-07-31 10:26:34 AM,613.65,75,46023.75,55787688.75
2025-07-31 10:27:13 AM,607.05,0,0.0,55787688.75
2025-07-31 10:27:13 AM,607.05,225,136586.25,55924275.0
2025-07-31 10:27:18 AM,610.75,0,0.0,55924275.0
2025-07-31 10:27:18 AM,610.75,375,229031.25,56153306.25
2025-07-31 10:28:00 AM,608.55,0,0.0,56153306.25
2025-07-31 10:28:00 AM,608.55,75,45641.25,56198947.5
2025-07-31 10:28:03 AM,607.9,0,0.0,56198947.5
2025-07-31 10:28:03 AM,608.6,150,91290.0,56290237.5
2025-07-31 10:28:04 AM,608.1,0,0.0,56290237.5
2025-07-31 10:28:04 AM,608.1,75,45607.5,56335845.0
2025-07-31 10:28:28 AM,607.0,375,227625.0,56563470.0
2025-07-31 10:29:26 AM,619.0,0,0.0,56563470.0
2025-07-31 10:29:26 AM,619.0,2775,1717725.0,58281195.0
2025-07-31 10:29:27 AM,621.05,0,0.0,58281195.0
2025-07-31 10:29:27 AM,621.05,300,186315.0,58467510.0
2025-07-31 10:29:29 AM,619.15,0,0.0,58467510.0
2025-07-31 10:29:30 AM,619.15,375,232181.25,58699691.25
2025-07-31 10:29:41 AM,620.2,0,0.0,58699691.25
2025-07-31 10:29:41 AM,620.2,75,46515.0,58746206.25
2025-07-31 10:29:42 AM,621.95,300,186585.0,58932791.25
2025-07-31 10:30:06 AM,624.05,0,0.0,58932791.25
2025-07-31 10:30:06 AM,624.05,75,46803.75,58979595.0
2025-07-31 10:30:38 AM,616.4,0,0.0,58979595.0
2025-07-31 10:30:38 AM,616.4,150,92460.0,59072055.0
2025-07-31 10:30:44 AM,615.0,0,0.0,59072055.0
2025-07-31 10:30:45 AM,615.0,150,92250.0,59164305.0
2025-07-31 10:30:47 AM,612.75,0,0.0,59164305.0
2025-07-31 10:30:47 AM,612.75,225,137868.75,59302173.75
2025-07-31 10:31:58 AM,623.35,0,0.0,59302173.75
2025-07-31 10:31:58 AM,623.35,75,46751.25,59348925.0
2025-07-31 10:32:00 AM,626.2,150,93930.0,59442855.0
2025-07-31 10:32:27 AM,622.8,0,0.0,59442855.0
2025-07-31 10:32:28 AM,622.8,375,233549.99999999997,59676405.0
2025-07-31 10:32:55 AM,622.0,75,46650.0,59723055.0
2025-07-31 10:34:28 AM,625.05,0,0.0,59723055.0
2025-07-31 10:34:28 AM,625.05,375,234393.74999999997,59957448.75
2025-07-31 10:35:23 AM,625.25,0,0.0,59957448.75
2025-07-31 10:35:23 AM,625.25,75,46893.75,60004342.5
2025-07-31 10:35:45 AM,626.95,75,47021.25,60051363.75
2025-07-31 10:35:48 AM,627.0,0,0.0,60051363.75
2025-07-31 10:35:49 AM,627.0,300,188100.0,60239463.75
2025-07-31 10:35:52 AM,625.7,0,0.0,60239463.75
2025-07-31 10:35:52 AM,625.7,450,281565.0,60521028.75
2025-07-31 10:36:05 AM,623.35,0,0.0,60521028.75
2025-07-31 10:36:06 AM,623.35,375,233756.25,60754785.0
2025-07-31 10:36:26 AM,622.45,0,0.0,60754785.0
2025-07-31 10:36:26 AM,622.45,75,46683.75,60801468.75
2025-07-31 10:37:12 AM,627.0,0,0.0,60801468.75
2025-07-31 10:37:12 AM,632.0,2625,1659000.0,62460468.75
2025-07-31 10:37:37 AM,623.15,0,0.0,62460468.75
2025-07-31 10:37:37 AM,623.15,75,46736.25,62507205.0
2025-07-31 10:38:59 AM,624.95,0,0.0,62507205.0
2025-07-31 10:39:00 AM,624.95,75,46871.25,62554076.25
2025-07-31 10:39:21 AM,617.4,0,0.0,62554076.25
2025-07-31 10:39:21 AM,617.4,375,231525.0,62785601.25
2025-07-31 10:40:20 AM,615.0,0,0.0,62785601.25
2025-07-31 10:40:20 AM,615.0,225,138375.0,62923976.25
2025-07-31 10:40:58 AM,617.55,0,0.0,62923976.25
2025-07-31 10:40:59 AM,617.55,375,231581.24999999997,63155557.5
2025-07-31 10:42:23 AM,615.2,0,0.0,63155557.5
2025-07-31 10:42:24 AM,615.2,375,230700.00000000003,63386257.5
2025-07-31 10:43:01 AM,616.55,0,0.0,63386257.5
2025-07-31 10:43:02 AM,616.55,225,138723.75,63524981.25
2025-07-31 10:43:30 AM,616.0,0,0.0,63524981.25
2025-07-31 10:43:31 AM,616.0,150,92400.0,63617381.25
2025-07-31 10:44:14 AM,615.3,0,0.0,63617381.25
2025-07-31 10:44:15 AM,615.3,150,92295.0,63709676.25
2025-07-31 10:44:43 AM,611.05,0,0.0,63709676.25
2025-07-31 10:44:43 AM,611.05,375,229143.74999999997,63938820.0
2025-07-31 10:45:06 AM,598.4,900,538560.0,64477380.0
2025-07-31 10:46:08 AM,591.15,375,221681.25,64699061.25
2025-07-31 10:46:18 AM,595.6,0,0.0,64699061.25
2025-07-31 10:46:18 AM,595.6,75,44670.0,64743731.25
2025-07-31 10:46:26 AM,593.2,0,0.0,64743731.25
2025-07-31 10:46:27 AM,593.2,75,44490.0,64788221.25
2025-07-31 10:47:00 AM,591.6,75,44370.0,64832591.25
2025-07-31 10:47:42 AM,590.2,0,0.0,64832591.25
2025-07-31 10:47:43 AM,590.2,75,44265.0,64876856.25
2025-07-31 10:47:58 AM,590.0,0,0.0,64876856.25
2025-07-31 10:47:58 AM,590.0,375,221250.0,65098106.25
2025-07-31 10:48:44 AM,580.75,150,87112.5,65185218.75
2025-07-31 10:48:47 AM,580.0,0,0.0,65185218.75
2025-07-31 10:48:48 AM,580.0,75,43500.0,65228718.75
2025-07-31 10:49:00 AM,571.05,375,214143.74999999997,65442862.5
2025-07-31 10:49:19 AM,580.0,0,0.0,65442862.5
2025-07-31 10:49:19 AM,580.0,75,43500.0,65486362.5
2025-07-31 10:49:27 AM,580.3,0,0.0,65486362.5
2025-07-31 10:49:28 AM,580.3,75,43522.5,65529885.0
2025-07-31 10:49:38 AM,581.75,0,0.0,65529885.0
2025-07-31 10:49:38 AM,581.75,300,174525.0,65704410.0
2025-07-31 10:49:51 AM,577.1,0,0.0,65704410.0
2025-07-31 10:49:52 AM,577.1,375,216412.5,65920822.5
2025-07-31 10:50:17 AM,577.0,0,0.0,65920822.5
2025-07-31 10:50:17 AM,577.0,750,432750.0,66353572.5
2025-07-31 10:50:36 AM,577.0,75,43275.0,66396847.5
2025-07-31 10:50:39 AM,570.0,0,0.0,66396847.5
2025-07-31 10:50:39 AM,568.05,0,0.0,66396847.5
2025-07-31 10:50:39 AM,568.5,750,426375.0,66823222.5
2025-07-31 10:50:59 AM,574.0,0,0.0,66823222.5
2025-07-31 10:50:59 AM,574.0,75,43050.0,66866272.5
2025-07-31 10:51:12 AM,580.6,0,0.0,66866272.5
2025-07-31 10:51:13 AM,580.6,375,217725.0,67083997.5
2025-07-31 10:53:00 AM,572.0,0,0.0,67083997.5
2025-07-31 10:53:00 AM,572.0,375,214500.0,67298497.5
2025-07-31 10:53:51 AM,575.0,0,0.0,67298497.5
2025-07-31 10:53:51 AM,575.0,75,43125.0,67341622.5
2025-07-31 10:53:53 AM,575.0,75,43125.0,67384747.5
2025-07-31 10:53:54 AM,575.0,75,43125.0,67427872.5
2025-07-31 10:53:59 AM,575.0,600,345000.0,67772872.5
2025-07-31 10:54:07 AM,573.75,0,0.0,67772872.5
2025-07-31 10:54:08 AM,573.75,75,43031.25,67815903.75
2025-07-31 10:54:32 AM,570.0,0,0.0,67815903.75
2025-07-31 10:54:33 AM,570.0,525,299250.0,68115153.75
2025-07-31 10:54:33 AM,570.0,300,171000.0,68286153.75
2025-07-31 10:55:13 AM,570.0,75,42750.0,68328903.75
2025-07-31 10:55:19 AM,574.0,0,0.0,68328903.75
2025-07-31 10:55:19 AM,574.0,1800,1033200.0,69362103.75
2025-07-31 10:55:54 AM,571.0,0,0.0,69362103.75
2025-07-31 10:55:55 AM,571.0,75,42825.0,69404928.75
2025-07-31 10:56:16 AM,574.85,0,0.0,69404928.75
2025-07-31 10:56:16 AM,574.85,75,43113.75,69448042.5
2025-07-31 10:56:37 AM,581.0,0,0.0,69448042.5
2025-07-31 10:56:38 AM,581.0,2925,1699425.0,71147467.5
2025-07-31 10:57:07 AM,581.0,75,43575.0,71191042.5
2025-07-31 10:57:08 AM,583.5,0,0.0,71191042.5
2025-07-31 10:57:08 AM,583.5,150,87525.0,71278567.5
2025-07-31 10:57:12 AM,584.1,0,0.0,71278567.5
2025-07-31 10:57:12 AM,584.1,75,43807.5,71322375.0
2025-07-31 10:57:12 AM,584.95,0,0.0,71322375.0
2025-07-31 10:57:13 AM,584.95,75,43871.25,71366246.25
2025-07-31 10:57:34 AM,583.25,0,0.0,71366246.25
2025-07-31 10:57:34 AM,583.25,375,218718.75,71584965.0
2025-07-31 10:57:59 AM,579.55,0,0.0,71584965.0
2025-07-31 10:57:59 AM,579.55,300,173865.0,71758830.0
2025-07-31 10:58:01 AM,579.9,0,0.0,71758830.0
2025-07-31 10:58:01 AM,579.9,300,173970.0,71932800.0
2025-07-31 10:58:04 AM,581.75,0,0.0,71932800.0
2025-07-31 10:58:05 AM,581.75,225,130893.75,72063693.75
2025-07-31 10:58:05 AM,581.75,225,130893.75,72194587.5
2025-07-31 10:58:05 AM,583.3,0,0.0,72194587.5
2025-07-31 10:58:06 AM,583.3,300,174990.0,72369577.5
2025-07-31 10:58:33 AM,587.05,0,0.0,72369577.5
2025-07-31 10:58:33 AM,587.05,75,44028.75,72413606.25
2025-07-31 10:58:34 AM,587.05,75,44028.75,72457635.0
2025-07-31 10:58:35 AM,587.8,0,0.0,72457635.0
2025-07-31 10:58:36 AM,587.8,75,44085.0,72501720.0
2025-07-31 10:58:36 AM,587.85,0,0.0,72501720.0
2025-07-31 10:58:38 AM,587.85,150,88177.5,72589897.5
2025-07-31 10:58:39 AM,590.0,0,0.0,72589897.5
2025-07-31 10:58:39 AM,590.0,75,44250.0,72634147.5
2025-07-31 10:58:43 AM,589.55,75,44216.25,72678363.75
2025-07-31 10:58:43 AM,592.25,0,0.0,72678363.75
2025-07-31 10:58:44 AM,592.25,75,44418.75,72722782.5
2025-07-31 10:58:45 AM,591.5,0,0.0,72722782.5
2025-07-31 10:58:46 AM,591.5,75,44362.5,72767145.0
2025-07-31 10:58:51 AM,588.85,0,0.0,72767145.0
2025-07-31 10:58:51 AM,588.85,75,44163.75,72811308.75
2025-07-31 10:58:55 AM,588.35,0,0.0,72811308.75
2025-07-31 10:58:56 AM,588.35,375,220631.25,73031940.0
2025-07-31 10:59:00 AM,589.9,75,44242.5,73076182.5
2025-07-31 10:59:27 AM,580.95,0,0.0,73076182.5
2025-07-31 10:59:27 AM,580.95,150,87142.5,73163325.0
2025-07-31 10:59:29 AM,581.15,0,0.0,73163325.0
2025-07-31 10:59:29 AM,581.15,75,43586.25,73206911.25
2025-07-31 10:59:31 AM,581.15,75,43586.25,73250497.5
2025-07-31 10:59:31 AM,581.2,150,87180.0,73337677.5
2025-07-31 10:59:32 AM,581.2,75,43590.0,73381267.5
2025-07-31 10:59:54 AM,578.0,0,0.0,73381267.5
2025-07-31 10:59:54 AM,578.0,75,43350.0,73424617.5
2025-07-31 10:59:54 AM,578.0,75,43350.0,73467967.5
2025-07-31 10:59:55 AM,576.65,0,0.0,73467967.5
2025-07-31 10:59:56 AM,576.65,2175,1254213.75,74722181.25
2025-07-31 10:59:56 AM,578.0,0,0.0,74722181.25
2025-07-31 10:59:57 AM,578.0,375,216750.0,74938931.25
2025-07-31 11:00:19 AM,575.35,0,0.0,74938931.25
2025-07-31 11:00:19 AM,575.35,1800,1035630.0,75974561.25
2025-07-31 11:00:45 AM,571.2,0,0.0,75974561.25
2025-07-31 11:00:45 AM,571.2,75,42840.0,76017401.25
2025-07-31 11:00:55 AM,567.7,0,0.0,76017401.25
2025-07-31 11:00:56 AM,570.0,0,0.0,76017401.25
2025-07-31 11:00:56 AM,570.0,900,513000.0,76530401.25
2025-07-31 11:01:10 AM,557.3,0,0.0,76530401.25
2025-07-31 11:01:10 AM,557.3,450,250784.99999999997,76781186.25
2025-07-31 11:01:10 AM,558.95,0,0.0,76781186.25
2025-07-31 11:01:11 AM,558.95,75,41921.25,76823107.5
2025-07-31 11:01:20 AM,552.0,0,0.0,76823107.5
2025-07-31 11:01:21 AM,552.0,75,41400.0,76864507.5
2025-07-31 11:01:24 AM,548.4,0,0.0,76864507.5
2025-07-31 11:01:24 AM,548.4,75,41130.0,76905637.5
2025-07-31 11:01:25 AM,548.65,0,0.0,76905637.5
2025-07-31 11:01:26 AM,548.65,75,41148.75,76946786.25
2025-07-31 11:01:29 AM,548.95,0,0.0,76946786.25
2025-07-31 11:01:29 AM,548.95,75,41171.25,76987957.5
2025-07-31 11:02:33 AM,540.0,0,0.0,76987957.5
2025-07-31 11:02:34 AM,540.0,75,40500.0,77028457.5
2025-07-31 11:02:36 AM,539.3,75,40447.5,77068905.0
2025-07-31 11:02:37 AM,537.85,0,0.0,77068905.0
2025-07-31 11:02:37 AM,537.85,375,201693.75,77270598.75
2025-07-31 11:02:56 AM,541.45,0,0.0,77270598.75
2025-07-31 11:02:56 AM,541.45,75,40608.75,77311207.5
2025-07-31 11:02:58 AM,541.05,0,0.0,77311207.5
2025-07-31 11:02:58 AM,541.05,75,40578.75,77351786.25
2025-07-31 11:03:02 AM,535.55,0,0.0,77351786.25
2025-07-31 11:03:03 AM,535.55,75,40166.25,77391952.5
2025-07-31 11:03:03 AM,535.4,75,40155.0,77432107.5
2025-07-31 11:03:06 AM,532.95,0,0.0,77432107.5
2025-07-31 11:03:06 AM,532.95,75,39971.25,77472078.75
2025-07-31 11:03:08 AM,532.95,75,39971.25,77512050.0
2025-07-31 11:03:12 AM,528.2,0,0.0,77512050.0
2025-07-31 11:03:13 AM,528.2,75,39615.0,77551665.0
2025-07-31 11:03:13 AM,528.25,0,0.0,77551665.0
2025-07-31 11:03:14 AM,528.75,0,0.0,77551665.0
2025-07-31 11:03:14 AM,528.75,375,198281.25,77749946.25
2025-07-31 11:03:32 AM,534.85,0,0.0,77749946.25
2025-07-31 11:03:33 AM,534.85,300,160455.0,77910401.25
2025-07-31 11:05:44 AM,533.0,0,0.0,77910401.25
2025-07-31 11:05:44 AM,533.0,75,39975.0,77950376.25
2025-07-31 11:05:48 AM,530.0,0,0.0,77950376.25
2025-07-31 11:05:49 AM,530.0,75,39750.0,77990126.25
2025-07-31 11:05:59 AM,525.0,0,0.0,77990126.25
2025-07-31 11:05:59 AM,525.0,75,39375.0,78029501.25
2025-07-31 11:07:05 AM,527.85,0,0.0,78029501.25
2025-07-31 11:07:06 AM,527.85,375,197943.75,78227445.0
2025-07-31 11:07:09 AM,533.15,0,0.0,78227445.0
2025-07-31 11:07:10 AM,533.15,150,79972.5,78307417.5
2025-07-31 11:07:38 AM,530.6,0,0.0,78307417.5
2025-07-31 11:07:40 AM,530.6,75,39795.0,78347212.5
2025-07-31 11:08:04 AM,526.15,0,0.0,78347212.5
2025-07-31 11:08:05 AM,526.15,375,197306.25,78544518.75
2025-07-31 11:08:44 AM,527.7,0,0.0,78544518.75
2025-07-31 11:08:45 AM,527.7,75,39577.5,78584096.25
2025-07-31 11:09:26 AM,534.05,0,0.0,78584096.25
2025-07-31 11:09:26 AM,534.05,150,80107.5,78664203.75
2025-07-31 11:09:26 AM,534.35,300,160305.0,78824508.75
2025-07-31 11:09:39 AM,533.55,0,0.0,78824508.75
2025-07-31 11:09:40 AM,533.55,75,40016.25,78864525.0
2025-07-31 11:09:45 AM,534.0,0,0.0,78864525.0
2025-07-31 11:09:46 AM,534.0,75,40050.0,78904575.0
2025-07-31 11:09:56 AM,540.0,0,0.0,78904575.0
2025-07-31 11:09:56 AM,540.0,75,40500.0,78945075.0
2025-07-31 11:09:58 AM,537.7,75,40327.5,78985402.5
2025-07-31 11:10:22 AM,542.4,0,0.0,78985402.5
2025-07-31 11:10:23 AM,542.4,75,40680.0,79026082.5
2025-07-31 11:10:25 AM,545.0,75,40875.0,79066957.5
2025-07-31 11:10:42 AM,542.9,0,0.0,79066957.5
2025-07-31 11:10:43 AM,545.95,300,163785.0,79230742.5
2025-07-31 11:10:44 AM,544.95,0,0.0,79230742.5
2025-07-31 11:10:45 AM,544.95,75,40871.25,79271613.75
2025-07-31 11:11:06 AM,545.55,0,0.0,79271613.75
2025-07-31 11:11:06 AM,545.55,750,409162.49999999994,79680776.25
2025-07-31 11:11:13 AM,541.3,0,0.0,79680776.25
2025-07-31 11:11:14 AM,541.3,75,40597.5,79721373.75
2025-07-31 11:11:53 AM,543.2,0,0.0,79721373.75
2025-07-31 11:11:53 AM,543.2,75,40740.0,79762113.75
2025-07-31 11:12:04 AM,543.15,0,0.0,79762113.75
2025-07-31 11:12:04 AM,543.15,150,81472.5,79843586.25
2025-07-31 11:13:26 AM,550.85,0,0.0,79843586.25
2025-07-31 11:13:26 AM,550.85,150,82627.5,79926213.75
2025-07-31 11:13:27 AM,552.05,0,0.0,79926213.75
2025-07-31 11:13:28 AM,552.05,75,41403.75,79967617.5
2025-07-31 11:15:37 AM,549.95,0,0.0,79967617.5
2025-07-31 11:15:38 AM,549.95,75,41246.25,80008863.75
2025-07-31 11:15:39 AM,550.0,0,0.0,80008863.75
2025-07-31 11:15:40 AM,550.0,300,165000.0,80173863.75
2025-07-31 11:15:51 AM,548.0,0,0.0,80173863.75
2025-07-31 11:15:52 AM,548.0,75,41100.0,80214963.75
2025-07-31 11:16:19 AM,545.2,0,0.0,80214963.75
2025-07-31 11:16:20 AM,545.2,75,40890.0,80255853.75
2025-07-31 11:16:22 AM,543.4,0,0.0,80255853.75
2025-07-31 11:16:22 AM,543.4,300,163020.0,80418873.75
2025-07-31 11:17:26 AM,540.4,0,0.0,80418873.75
2025-07-31 11:17:27 AM,540.4,75,40530.0,80459403.75
2025-07-31 11:18:33 AM,539.7,0,0.0,80459403.75
2025-07-31 11:18:33 AM,539.7,525,283342.5,80742746.25
2025-07-31 11:20:17 AM,526.25,0,0.0,80742746.25
2025-07-31 11:20:18 AM,526.25,75,39468.75,80782215.0
2025-07-31 11:21:35 AM,521.0,0,0.0,80782215.0
2025-07-31 11:21:35 AM,521.0,300,156300.0,80938515.0
2025-07-31 11:22:02 AM,520.0,0,0.0,80938515.0
2025-07-31 11:22:02 AM,520.0,75,39000.0,80977515.0
2025-07-31 11:22:06 AM,521.45,0,0.0,80977515.0
2025-07-31 11:22:07 AM,521.45,75,39108.75,81016623.75
2025-07-31 11:22:07 AM,516.95,0,0.0,81016623.75
2025-07-31 11:22:07 AM,516.95,5100,2636445.0,83653068.75
2025-07-31 11:22:07 AM,517.0,0,0.0,83653068.75
2025-07-31 11:22:08 AM,517.0,75,38775.0,83691843.75
2025-07-31 11:22:11 AM,517.25,0,0.0,83691843.75
2025-07-31 11:22:12 AM,517.25,75,38793.75,83730637.5
2025-07-31 11:22:21 AM,511.8,0,0.0,83730637.5
2025-07-31 11:22:22 AM,511.8,225,115155.0,83845792.5
2025-07-31 11:22:24 AM,511.95,0,0.0,83845792.5
2025-07-31 11:22:25 AM,511.95,75,38396.25,83884188.75
2025-07-31 11:22:28 AM,509.0,0,0.0,83884188.75
2025-07-31 11:22:28 AM,509.0,75,38175.0,83922363.75
2025-07-31 11:23:02 AM,509.0,75,38175.0,83960538.75
2025-07-31 11:23:16 AM,511.4,0,0.0,83960538.75
2025-07-31 11:23:16 AM,511.4,75,38355.0,83998893.75
2025-07-31 11:23:21 AM,510.25,0,0.0,83998893.75
2025-07-31 11:23:21 AM,510.25,75,38268.75,84037162.5
2025-07-31 11:23:35 AM,514.1,0,0.0,84037162.5
2025-07-31 11:23:35 AM,514.1,375,192787.5,84229950.0
2025-07-31 11:24:20 AM,511.6,0,0.0,84229950.0
2025-07-31 11:24:20 AM,511.6,150,76740.0,84306690.0
2025-07-31 11:24:57 AM,511.6,75,38370.0,84345060.0
2025-07-31 11:24:58 AM,508.0,0,0.0,84345060.0
2025-07-31 11:24:58 AM,508.0,300,152400.0,84497460.0
2025-07-31 11:25:01 AM,502.25,0,0.0,84497460.0
2025-07-31 11:25:01 AM,500.0,0,0.0,84497460.0
2025-07-31 11:25:02 AM,499.95,600,299970.0,84797430.0
2025-07-31 11:25:08 AM,498.0,0,0.0,84797430.0
2025-07-31 11:25:08 AM,498.0,225,112050.0,84909480.0
2025-07-31 11:25:14 AM,490.95,0,0.0,84909480.0
2025-07-31 11:25:15 AM,490.95,75,36821.25,84946301.25
2025-07-31 11:25:29 AM,499.05,0,0.0,84946301.25
2025-07-31 11:25:30 AM,499.05,75,37428.75,84983730.0
2025-07-31 11:25:38 AM,505.3,0,0.0,84983730.0
2025-07-31 11:25:38 AM,505.3,75,37897.5,85021627.5
2025-07-31 11:25:39 AM,505.95,0,0.0,85021627.5
2025-07-31 11:25:40 AM,505.95,75,37946.25,85059573.75
2025-07-31 11:25:53 AM,503.95,0,0.0,85059573.75
2025-07-31 11:25:54 AM,503.95,75,37796.25,85097370.0
2025-07-31 11:25:59 AM,507.5,150,76125.0,85173495.0
2025-07-31 11:26:15 AM,511.1,0,0.0,85173495.0
2025-07-31 11:26:17 AM,511.1,150,76665.0,85250160.0
2025-07-31 11:26:28 AM,512.0,0,0.0,85250160.0
2025-07-31 11:26:28 AM,512.0,300,153600.0,85403760.0
2025-07-31 11:26:30 AM,510.0,0,0.0,85403760.0
2025-07-31 11:26:30 AM,510.0,75,38250.0,85442010.0
2025-07-31 11:26:35 AM,510.0,75,38250.0,85480260.0
2025-07-31 11:26:40 AM,511.95,0,0.0,85480260.0
2025-07-31 11:26:40 AM,511.95,150,76792.5,85557052.5
2025-07-31 11:28:02 AM,500.75,0,0.0,85557052.5
2025-07-31 11:28:02 AM,500.75,150,75112.5,85632165.0
2025-07-31 11:29:04 AM,509.0,0,0.0,85632165.0
2025-07-31 11:29:05 AM,509.0,1575,801675.0,86433840.0
2025-07-31 11:30:03 AM,512.55,0,0.0,86433840.0
2025-07-31 11:30:04 AM,512.55,300,153765.0,86587605.0
2025-07-31 11:30:46 AM,508.4,0,0.0,86587605.0
2025-07-31 11:30:47 AM,508.4,75,38130.0,86625735.0
2025-07-31 11:30:57 AM,508.4,75,38130.0,86663865.0
2025-07-31 11:31:25 AM,505.6,0,0.0,86663865.0
2025-07-31 11:31:26 AM,505.6,300,151680.0,86815545.0
2025-07-31 11:33:12 AM,495.0,75,37125.0,86852670.0
2025-07-31 11:33:14 AM,495.0,75,37125.0,86889795.0
2025-07-31 11:33:23 AM,488.65,0,0.0,86889795.0
2025-07-31 11:33:24 AM,485.5,3000,1456500.0,88346295.0
2025-07-31 11:33:26 AM,487.2,75,36540.0,88382835.0
2025-07-31 11:33:42 AM,488.0,375,183000.0,88565835.0
2025-07-31 11:33:50 AM,488.0,75,36600.0,88602435.0
2025-07-31 11:34:05 AM,488.0,150,73200.0,88675635.0
2025-07-31 11:34:06 AM,487.05,0,0.0,88675635.0
2025-07-31 11:34:07 AM,486.65,150,72997.5,88748632.5
2025-07-31 11:34:14 AM,482.95,0,0.0,88748632.5
2025-07-31 11:34:15 AM,482.95,450,217327.5,88965960.0
2025-07-31 11:34:15 AM,483.5,0,0.0,88965960.0
2025-07-31 11:34:16 AM,483.5,450,217575.0,89183535.0
2025-07-31 11:34:38 AM,495.3,0,0.0,89183535.0
2025-07-31 11:34:38 AM,495.3,375,185737.5,89369272.5
2025-07-31 11:35:00 AM,485.6,0,0.0,89369272.5
2025-07-31 11:35:00 AM,485.4,0,0.0,89369272.5
2025-07-31 11:35:00 AM,485.4,300,145620.0,89514892.5
2025-07-31 11:35:09 AM,486.0,0,0.0,89514892.5
2025-07-31 11:35:10 AM,486.0,75,36450.0,89551342.5
2025-07-31 11:35:19 AM,488.8,0,0.0,89551342.5
2025-07-31 11:35:20 AM,488.8,75,36660.0,89588002.5
2025-07-31 11:35:30 AM,496.0,0,0.0,89588002.5
2025-07-31 11:35:31 AM,496.0,375,186000.0,89774002.5
2025-07-31 11:35:33 AM,496.7,0,0.0,89774002.5
2025-07-31 11:35:33 AM,496.7,1800,894060.0,90668062.5
2025-07-31 11:35:45 AM,496.7,75,37252.5,90705315.0
2025-07-31 11:35:46 AM,496.7,75,37252.5,90742567.5
2025-07-31 11:35:47 AM,499.4,0,0.0,90742567.5
2025-07-31 11:35:48 AM,499.4,300,149820.0,90892387.5
2025-07-31 11:35:53 AM,499.5,0,0.0,90892387.5
2025-07-31 11:35:53 AM,499.5,75,37462.5,90929850.0
2025-07-31 11:38:43 AM,507.45,0,0.0,90929850.0
2025-07-31 11:38:44 AM,507.45,450,228352.5,91158202.5
2025-07-31 11:38:44 AM,505.0,0,0.0,91158202.5
2025-07-31 11:38:45 AM,505.0,150,75750.0,91233952.5
2025-07-31 11:39:09 AM,508.65,0,0.0,91233952.5
2025-07-31 11:39:09 AM,508.65,75,38148.75,91272101.25
2025-07-31 11:39:16 AM,506.5,0,0.0,91272101.25
2025-07-31 11:39:16 AM,506.5,75,37987.5,91310088.75
2025-07-31 11:39:19 AM,505.65,0,0.0,91310088.75
2025-07-31 11:39:20 AM,505.65,75,37923.75,91348012.5
2025-07-31 11:40:02 AM,497.9,0,0.0,91348012.5
2025-07-31 11:40:04 AM,497.9,75,37342.5,91385355.0
2025-07-31 11:40:22 AM,501.65,0,0.0,91385355.0
2025-07-31 11:40:22 AM,501.65,75,37623.75,91422978.75
2025-07-31 11:40:23 AM,499.55,0,0.0,91422978.75
2025-07-31 11:40:24 AM,499.55,75,37466.25,91460445.0
2025-07-31 11:40:43 AM,501.05,0,0.0,91460445.0
2025-07-31 11:40:44 AM,501.05,300,150315.0,91610760.0
2025-07-31 11:42:05 AM,493.3,0,0.0,91610760.0
2025-07-31 11:42:06 AM,493.3,75,36997.5,91647757.5
2025-07-31 11:42:40 AM,493.55,0,0.0,91647757.5
2025-07-31 11:42:40 AM,493.55,75,37016.25,91684773.75
2025-07-31 11:42:42 AM,491.05,0,0.0,91684773.75
2025-07-31 11:42:42 AM,491.05,75,36828.75,91721602.5
2025-07-31 11:42:49 AM,491.2,0,0.0,91721602.5
2025-07-31 11:42:49 AM,491.2,450,221040.0,91942642.5
2025-07-31 11:42:51 AM,490.65,0,0.0,91942642.5
2025-07-31 11:42:51 AM,490.65,450,220792.5,92163435.0
2025-07-31 11:42:52 AM,491.0,0,0.0,92163435.0
2025-07-31 11:42:52 AM,491.0,150,73650.0,92237085.0
2025-07-31 11:43:02 AM,489.0,0,0.0,92237085.0
2025-07-31 11:43:02 AM,489.0,75,36675.0,92273760.0
2025-07-31 11:43:05 AM,486.7,0,0.0,92273760.0
2025-07-31 11:43:05 AM,486.7,150,73005.0,92346765.0
2025-07-31 11:43:06 AM,489.0,0,0.0,92346765.0
2025-07-31 11:43:06 AM,489.0,600,293400.0,92640165.0
2025-07-31 11:43:15 AM,491.1,0,0.0,92640165.0
2025-07-31 11:43:16 AM,491.1,75,36832.5,92676997.5
2025-07-31 11:43:19 AM,487.25,150,73087.5,92750085.0
2025-07-31 11:43:22 AM,485.55,0,0.0,92750085.0
2025-07-31 11:43:22 AM,485.55,75,36416.25,92786501.25
2025-07-31 11:43:26 AM,486.65,0,0.0,92786501.25
2025-07-31 11:43:27 AM,486.65,150,72997.5,92859498.75
2025-07-31 11:43:29 AM,485.3,0,0.0,92859498.75
2025-07-31 11:43:30 AM,485.3,525,254782.5,93114281.25
2025-07-31 11:43:32 AM,484.8,0,0.0,93114281.25
2025-07-31 11:43:32 AM,484.8,1875,909000.0,94023281.25
2025-07-31 11:43:52 AM,486.35,0,0.0,94023281.25
2025-07-31 11:43:52 AM,486.35,75,36476.25,94059757.5
2025-07-31 11:43:57 AM,487.25,0,0.0,94059757.5
2025-07-31 11:43:59 AM,487.25,75,36543.75,94096301.25
2025-07-31 11:44:29 AM,490.0,0,0.0,94096301.25
2025-07-31 11:44:30 AM,490.0,75,36750.0,94133051.25
2025-07-31 11:44:57 AM,487.95,75,36596.25,94169647.5
2025-07-31 11:45:39 AM,497.0,0,0.0,94169647.5
2025-07-31 11:45:40 AM,497.0,225,111825.0,94281472.5
2025-07-31 11:45:59 AM,495.05,0,0.0,94281472.5
2025-07-31 11:45:59 AM,495.05,75,37128.75,94318601.25
2025-07-31 11:46:08 AM,489.4,0,0.0,94318601.25
2025-07-31 11:46:09 AM,489.4,75,36705.0,94355306.25
2025-07-31 11:46:23 AM,480.0,0,0.0,94355306.25
2025-07-31 11:46:24 AM,480.0,150,72000.0,94427306.25
2025-07-31 11:46:36 AM,481.75,0,0.0,94427306.25
2025-07-31 11:46:36 AM,481.55,150,72232.5,94499538.75
2025-07-31 11:46:57 AM,487.0,0,0.0,94499538.75
2025-07-31 11:46:58 AM,487.0,150,73050.0,94572588.75
2025-07-31 11:47:10 AM,485.0,0,0.0,94572588.75
2025-07-31 11:47:10 AM,485.0,75,36375.0,94608963.75
2025-07-31 11:47:23 AM,482.9,0,0.0,94608963.75
2025-07-31 11:47:24 AM,482.9,75,36217.5,94645181.25
2025-07-31 11:47:54 AM,481.3,0,0.0,94645181.25
2025-07-31 11:47:54 AM,481.3,300,144390.0,94789571.25
2025-07-31 11:47:59 AM,480.0,0,0.0,94789571.25
2025-07-31 11:47:59 AM,480.0,75,36000.0,94825571.25
2025-07-31 11:48:50 AM,476.8,0,0.0,94825571.25
2025-07-31 11:48:50 AM,477.35,0,0.0,94825571.25
2025-07-31 11:48:50 AM,477.35,225,107403.75,94932975.0
2025-07-31 11:49:35 AM,489.05,0,0.0,94932975.0
2025-07-31 11:49:35 AM,489.05,75,36678.75,94969653.75
2025-07-31 11:49:39 AM,489.35,0,0.0,94969653.75
2025-07-31 11:49:39 AM,489.35,75,36701.25,95006355.0
2025-07-31 11:49:46 AM,488.9,0,0.0,95006355.0
2025-07-31 11:49:47 AM,488.9,75,36667.5,95043022.5
2025-07-31 11:51:20 AM,488.9,75,36667.5,95079690.0
2025-07-31 11:51:21 AM,488.8,75,36660.0,95116350.0
2025-07-31 11:51:41 AM,484.25,75,36318.75,95152668.75
2025-07-31 11:52:05 AM,492.0,0,0.0,95152668.75
2025-07-31 11:52:05 AM,492.0,75,36900.0,95189568.75
2025-07-31 11:52:09 AM,497.45,0,0.0,95189568.75
2025-07-31 11:52:09 AM,497.45,150,74617.5,95264186.25
2025-07-31 11:52:29 AM,494.8,0,0.0,95264186.25
2025-07-31 11:52:30 AM,494.8,75,37110.0,95301296.25
2025-07-31 11:52:31 AM,494.45,0,0.0,95301296.25
2025-07-31 11:52:31 AM,494.45,450,222502.5,95523798.75
2025-07-31 11:52:36 AM,493.6,0,0.0,95523798.75
2025-07-31 11:52:36 AM,493.6,75,37020.0,95560818.75
2025-07-31 11:53:11 AM,492.0,0,0.0,95560818.75
2025-07-31 11:53:11 AM,492.0,75,36900.0,95597718.75
2025-07-31 11:53:12 AM,492.0,75,36900.0,95634618.75
2025-07-31 11:53:28 AM,496.55,0,0.0,95634618.75
2025-07-31 11:53:28 AM,496.6,225,111735.0,95746353.75
2025-07-31 11:53:29 AM,497.45,0,0.0,95746353.75
2025-07-31 11:53:29 AM,497.45,1800,895410.0,96641763.75
2025-07-31 11:54:24 AM,491.55,0,0.0,96641763.75
2025-07-31 11:54:24 AM,491.55,4500,2211975.0,98853738.75
2025-07-31 11:54:53 AM,491.65,0,0.0,98853738.75
2025-07-31 11:54:54 AM,491.65,75,36873.75,98890612.5
2025-07-31 11:55:03 AM,493.9,0,0.0,98890612.5
2025-07-31 11:55:04 AM,493.9,75,37042.5,98927655.0
2025-07-31 11:55:04 AM,494.9,0,0.0,98927655.0
2025-07-31 11:55:04 AM,494.9,75,37117.5,98964772.5
2025-07-31 11:55:21 AM,490.2,0,0.0,98964772.5
2025-07-31 11:55:22 AM,490.2,75,36765.0,99001537.5
2025-07-31 11:55:38 AM,490.95,0,0.0,99001537.5
2025-07-31 11:55:39 AM,490.95,75,36821.25,99038358.75
2025-07-31 11:57:29 AM,490.0,0,0.0,99038358.75
2025-07-31 11:57:30 AM,490.0,75,36750.0,99075108.75
2025-07-31 11:57:35 AM,490.2,0,0.0,99075108.75
2025-07-31 11:57:36 AM,490.2,150,73530.0,99148638.75
2025-07-31 11:57:39 AM,490.0,0,0.0,99148638.75
2025-07-31 11:57:40 AM,490.0,225,110250.0,99258888.75
2025-07-31 11:58:28 AM,493.55,0,0.0,99258888.75
2025-07-31 11:58:29 AM,493.55,75,37016.25,99295905.0
2025-07-31 12:00:06 PM,498.0,0,0.0,99295905.0
2025-07-31 12:00:06 PM,498.0,75,37350.0,99333255.0
2025-07-31 12:00:08 PM,498.6,0,0.0,99333255.0
2025-07-31 12:00:09 PM,498.6,75,37395.0,99370650.0
2025-07-31 12:00:22 PM,501.6,0,0.0,99370650.0
2025-07-31 12:00:23 PM,501.6,150,75240.0,99445890.0
2025-07-31 12:00:27 PM,504.95,0,0.0,99445890.0
2025-07-31 12:00:28 PM,504.95,150,75742.5,99521632.5
2025-07-31 12:00:29 PM,504.35,0,0.0,99521632.5
2025-07-31 12:00:30 PM,504.35,75,37826.25,99559458.75
2025-07-31 12:01:02 PM,500.35,0,0.0,99559458.75
2025-07-31 12:01:03 PM,500.35,150,75052.5,99634511.25
2025-07-31 12:01:34 PM,511.0,75,38325.0,99672836.25
2025-07-31 12:01:48 PM,508.1,150,76215.0,99749051.25
2025-07-31 12:01:48 PM,506.05,0,0.0,99749051.25
2025-07-31 12:01:49 PM,506.05,75,37953.75,99787005.0
2025-07-31 12:01:53 PM,503.2,0,0.0,99787005.0
2025-07-31 12:01:53 PM,503.2,75,37740.0,99824745.0
2025-07-31 12:02:05 PM,508.05,0,0.0,99824745.0
2025-07-31 12:02:05 PM,508.05,75,38103.75,99862848.75
2025-07-31 12:02:16 PM,503.0,300,150900.0,100013748.75
2025-07-31 12:02:29 PM,504.5,0,0.0,100013748.75
2025-07-31 12:02:29 PM,504.5,75,37837.5,100051586.25
2025-07-31 12:02:31 PM,504.9,0,0.0,100051586.25
2025-07-31 12:02:32 PM,504.9,600,302940.0,100354526.25
2025-07-31 12:02:45 PM,507.85,0,0.0,100354526.25
2025-07-31 12:02:45 PM,507.85,75,38088.75,100392615.0
2025-07-31 12:02:48 PM,507.9,0,0.0,100392615.0
2025-07-31 12:02:48 PM,507.9,150,76185.0,100468800.0
2025-07-31 12:02:48 PM,508.0,0,0.0,100468800.0
2025-07-31 12:02:48 PM,508.0,675,342900.0,100811700.0
2025-07-31 12:02:52 PM,511.0,0,0.0,100811700.0
2025-07-31 12:02:52 PM,510.25,300,153075.0,100964775.0
2025-07-31 12:03:04 PM,511.45,0,0.0,100964775.0
2025-07-31 12:03:04 PM,511.45,150,76717.5,101041492.5
2025-07-31 12:03:15 PM,518.0,0,0.0,101041492.5
2025-07-31 12:03:15 PM,518.0,450,233100.0,101274592.5
2025-07-31 12:03:17 PM,519.0,0,0.0,101274592.5
2025-07-31 12:03:17 PM,519.0,75,38925.0,101313517.5
2025-07-31 12:03:18 PM,520.95,0,0.0,101313517.5
2025-07-31 12:03:18 PM,520.95,75,39071.25,101352588.75
2025-07-31 12:03:59 PM,513.0,0,0.0,101352588.75
2025-07-31 12:03:59 PM,513.0,75,38475.0,101391063.75
2025-07-31 12:04:06 PM,516.9,0,0.0,101391063.75
2025-07-31 12:04:07 PM,516.9,75,38767.5,101429831.25
2025-07-31 12:04:28 PM,513.85,0,0.0,101429831.25
2025-07-31 12:04:28 PM,513.9,150,77085.0,101506916.25
2025-07-31 12:04:29 PM,513.9,75,38542.5,101545458.75
2025-07-31 12:04:31 PM,513.9,75,38542.5,101584001.25
2025-07-31 12:04:34 PM,513.9,75,38542.5,101622543.75
2025-07-31 12:04:41 PM,512.05,0,0.0,101622543.75
2025-07-31 12:04:42 PM,512.05,75,38403.75,101660947.5
2025-07-31 12:04:43 PM,510.15,75,38261.25,101699208.75
2025-07-31 12:04:47 PM,510.9,0,0.0,101699208.75
2025-07-31 12:04:48 PM,510.9,600,306540.0,102005748.75
2025-07-31 12:04:55 PM,513.9,0,0.0,102005748.75
2025-07-31 12:04:55 PM,513.9,300,154170.0,102159918.75
2025-07-31 12:05:02 PM,516.0,0,0.0,102159918.75
2025-07-31 12:05:03 PM,516.0,75,38700.0,102198618.75
2025-07-31 12:05:05 PM,517.0,0,0.0,102198618.75
2025-07-31 12:05:05 PM,517.0,75,38775.0,102237393.75
2025-07-31 12:05:11 PM,517.9,0,0.0,102237393.75
2025-07-31 12:05:12 PM,517.9,75,38842.5,102276236.25
2025-07-31 12:05:53 PM,514.0,0,0.0,102276236.25
2025-07-31 12:05:53 PM,514.0,75,38550.0,102314786.25
2025-07-31 12:05:56 PM,513.25,0,0.0,102314786.25
2025-07-31 12:05:57 PM,513.25,150,76987.5,102391773.75
2025-07-31 12:06:33 PM,513.1,0,0.0,102391773.75
2025-07-31 12:06:33 PM,513.1,75,38482.5,102430256.25
2025-07-31 12:07:00 PM,520.05,0,0.0,102430256.25
2025-07-31 12:07:00 PM,520.7,0,0.0,102430256.25
2025-07-31 12:07:00 PM,520.7,525,273367.5,102703623.75
2025-07-31 12:07:04 PM,523.95,300,157185.0,102860808.75
2025-07-31 12:07:05 PM,523.5,0,0.0,102860808.75
2025-07-31 12:07:05 PM,523.5,300,157050.0,103017858.75
2025-07-31 12:07:08 PM,523.9,0,0.0,103017858.75
2025-07-31 12:07:09 PM,523.9,300,157170.0,103175028.75
2025-07-31 12:07:10 PM,522.55,0,0.0,103175028.75
2025-07-31 12:07:10 PM,522.55,300,156765.0,103331793.75
2025-07-31 12:07:46 PM,521.8,0,0.0,103331793.75
2025-07-31 12:07:46 PM,521.8,300,156540.0,103488333.75
2025-07-31 12:07:47 PM,522.2,0,0.0,103488333.75
2025-07-31 12:07:47 PM,522.2,75,39165.0,103527498.75
2025-07-31 12:07:49 PM,523.05,0,0.0,103527498.75
2025-07-31 12:07:49 PM,523.05,300,156915.0,103684413.75
2025-07-31 12:07:50 PM,522.7,0,0.0,103684413.75
2025-07-31 12:07:50 PM,522.7,450,235215.00000000003,103919628.75
2025-07-31 12:07:57 PM,525.0,0,0.0,103919628.75
2025-07-31 12:07:57 PM,525.0,150,78750.0,103998378.75
2025-07-31 12:08:18 PM,530.0,75,39750.0,104038128.75
2025-07-31 12:08:19 PM,530.25,0,0.0,104038128.75
2025-07-31 12:08:19 PM,530.25,75,39768.75,104077897.5
2025-07-31 12:08:42 PM,524.05,75,39303.75,104117201.25
2025-07-31 12:09:24 PM,521.7,0,0.0,104117201.25
2025-07-31 12:09:25 PM,521.7,75,39127.5,104156328.75
2025-07-31 12:09:31 PM,525.25,0,0.0,104156328.75
2025-07-31 12:09:32 PM,525.25,75,39393.75,104195722.5
2025-07-31 12:09:49 PM,523.05,0,0.0,104195722.5
2025-07-31 12:09:50 PM,523.05,75,39228.75,104234951.25
2025-07-31 12:10:09 PM,521.5,0,0.0,104234951.25
2025-07-31 12:10:10 PM,521.5,75,39112.5,104274063.75
2025-07-31 12:10:40 PM,515.15,150,77272.5,104351336.25
2025-07-31 12:11:00 PM,515.9,0,0.0,104351336.25
2025-07-31 12:11:01 PM,515.85,0,0.0,104351336.25
2025-07-31 12:11:01 PM,515.9,300,154770.0,104506106.25
2025-07-31 12:11:03 PM,515.9,75,38692.5,104544798.75
2025-07-31 12:11:05 PM,515.9,300,154770.0,104699568.75
2025-07-31 12:11:24 PM,513.85,0,0.0,104699568.75
2025-07-31 12:11:25 PM,513.85,75,38538.75,104738107.5
2025-07-31 12:11:25 PM,513.9,0,0.0,104738107.5
2025-07-31 12:11:25 PM,513.9,75,38542.5,104776650.0
2025-07-31 12:11:26 PM,513.9,525,269797.5,105046447.5
2025-07-31 12:11:35 PM,512.0,0,0.0,105046447.5
2025-07-31 12:11:36 PM,512.0,75,38400.0,105084847.5
2025-07-31 12:11:41 PM,509.2,0,0.0,105084847.5
2025-07-31 12:11:41 PM,509.2,150,76380.0,105161227.5
2025-07-31 12:11:45 PM,507.0,0,0.0,105161227.5
2025-07-31 12:11:46 PM,507.0,75,38025.0,105199252.5
2025-07-31 12:12:08 PM,498.15,0,0.0,105199252.5
2025-07-31 12:12:08 PM,498.15,75,37361.25,105236613.75
2025-07-31 12:12:24 PM,496.05,0,0.0,105236613.75
2025-07-31 12:12:24 PM,496.05,75,37203.75,105273817.5
2025-07-31 12:12:50 PM,494.0,0,0.0,105273817.5
2025-07-31 12:12:51 PM,494.0,600,296400.0,105570217.5
2025-07-31 12:13:05 PM,493.0,150,73950.0,105644167.5
2025-07-31 12:13:06 PM,493.0,450,221850.0,105866017.5
2025-07-31 12:13:31 PM,489.35,0,0.0,105866017.5
2025-07-31 12:13:31 PM,489.35,75,36701.25,105902718.75
2025-07-31 12:13:34 PM,490.0,0,0.0,105902718.75
2025-07-31 12:13:34 PM,490.0,600,294000.0,106196718.75
2025-07-31 12:13:38 PM,490.0,225,110250.0,106306968.75
2025-07-31 12:13:38 PM,491.0,0,0.0,106306968.75
2025-07-31 12:13:39 PM,491.0,600,294600.0,106601568.75
2025-07-31 12:13:40 PM,493.3,75,36997.5,106638566.25
2025-07-31 12:13:54 PM,487.9,0,0.0,106638566.25
2025-07-31 12:13:54 PM,487.9,75,36592.5,106675158.75
2025-07-31 12:14:03 PM,481.15,0,0.0,106675158.75
2025-07-31 12:14:03 PM,480.25,0,0.0,106675158.75
2025-07-31 12:14:03 PM,480.25,300,144075.0,106819233.75
2025-07-31 12:14:03 PM,481.95,0,0.0,106819233.75
2025-07-31 12:14:04 PM,481.95,75,36146.25,106855380.0
2025-07-31 12:14:16 PM,485.55,0,0.0,106855380.0
2025-07-31 12:14:17 PM,485.55,75,36416.25,106891796.25
2025-07-31 12:14:26 PM,483.55,0,0.0,106891796.25
2025-07-31 12:14:26 PM,483.55,75,36266.25,106928062.5
2025-07-31 12:14:54 PM,481.75,0,0.0,106928062.5
2025-07-31 12:14:54 PM,481.75,300,144525.0,107072587.5
2025-07-31 12:14:55 PM,481.0,0,0.0,107072587.5
2025-07-31 12:14:55 PM,481.0,150,72150.0,107144737.5
2025-07-31 12:14:59 PM,480.0,0,0.0,107144737.5
2025-07-31 12:14:59 PM,479.7,525,251842.5,107396580.0
2025-07-31 12:15:02 PM,479.45,0,0.0,107396580.0
2025-07-31 12:15:02 PM,479.7,0,0.0,107396580.0
2025-07-31 12:15:03 PM,476.4,0,0.0,107396580.0
2025-07-31 12:15:03 PM,476.4,675,321570.0,107718150.0
2025-07-31 12:15:03 PM,476.95,75,35771.25,107753921.25
2025-07-31 12:15:04 PM,476.65,0,0.0,107753921.25
2025-07-31 12:15:05 PM,476.65,300,142995.0,107896916.25
2025-07-31 12:15:07 PM,472.0,0,0.0,107896916.25
2025-07-31 12:15:08 PM,470.5,0,0.0,107896916.25
2025-07-31 12:15:08 PM,470.5,150,70575.0,107967491.25
2025-07-31 12:15:08 PM,470.0,0,0.0,107967491.25
2025-07-31 12:15:10 PM,470.0,75,35250.0,108002741.25
2025-07-31 12:15:10 PM,467.5,0,0.0,108002741.25
2025-07-31 12:15:11 PM,467.5,375,175312.5,108178053.75
2025-07-31 12:15:20 PM,459.7,0,0.0,108178053.75
2025-07-31 12:15:21 PM,459.7,225,103432.5,108281486.25
2025-07-31 12:15:23 PM,464.55,0,0.0,108281486.25
2025-07-31 12:15:24 PM,464.55,75,34841.25,108316327.5
2025-07-31 12:15:32 PM,464.15,0,0.0,108316327.5
2025-07-31 12:15:32 PM,464.15,75,34811.25,108351138.75
2025-07-31 12:15:41 PM,463.7,75,34777.5,108385916.25
2025-07-31 12:15:42 PM,463.7,75,34777.5,108420693.75
2025-07-31 12:15:44 PM,463.6,0,0.0,108420693.75
2025-07-31 12:15:45 PM,463.6,150,69540.0,108490233.75
2025-07-31 12:15:52 PM,468.95,75,35171.25,108525405.0
2025-07-31 12:16:05 PM,466.95,0,0.0,108525405.0
2025-07-31 12:16:06 PM,466.95,75,35021.25,108560426.25
2025-07-31 12:16:07 PM,466.6,0,0.0,108560426.25
2025-07-31 12:16:07 PM,466.6,75,34995.0,108595421.25
2025-07-31 12:16:08 PM,464.0,0,0.0,108595421.25
2025-07-31 12:16:09 PM,464.0,900,417600.0,109013021.25
2025-07-31 12:16:19 PM,465.95,0,0.0,109013021.25
2025-07-31 12:16:20 PM,465.95,450,209677.5,109222698.75
2025-07-31 12:16:24 PM,465.9,0,0.0,109222698.75
2025-07-31 12:16:24 PM,465.9,150,69885.0,109292583.75
2025-07-31 12:16:36 PM,470.0,0,0.0,109292583.75
2025-07-31 12:16:36 PM,470.0,75,35250.0,109327833.75
2025-07-31 12:16:42 PM,471.95,0,0.0,109327833.75
2025-07-31 12:16:42 PM,471.95,75,35396.25,109363230.0
2025-07-31 12:16:43 PM,472.95,0,0.0,109363230.0
2025-07-31 12:16:43 PM,472.95,75,35471.25,109398701.25
2025-07-31 12:17:32 PM,477.75,0,0.0,109398701.25
2025-07-31 12:17:32 PM,477.65,150,71647.5,109470348.75
2025-07-31 12:17:39 PM,477.8,0,0.0,109470348.75
2025-07-31 12:17:39 PM,477.7,150,71655.0,109542003.75
2025-07-31 12:17:41 PM,476.9,0,0.0,109542003.75
2025-07-31 12:17:41 PM,476.9,300,143070.0,109685073.75
2025-07-31 12:17:56 PM,476.0,0,0.0,109685073.75
2025-07-31 12:17:57 PM,476.0,150,71400.0,109756473.75
2025-07-31 12:18:01 PM,473.6,0,0.0,109756473.75
2025-07-31 12:18:01 PM,473.6,75,35520.0,109791993.75
2025-07-31 12:18:19 PM,473.6,150,71040.0,109863033.75
2025-07-31 12:18:21 PM,472.0,0,0.0,109863033.75
2025-07-31 12:18:22 PM,472.0,750,354000.0,110217033.75
2025-07-31 12:18:29 PM,468.35,0,0.0,110217033.75
2025-07-31 12:18:30 PM,468.5,0,0.0,110217033.75
2025-07-31 12:18:30 PM,468.5,3600,1686600.0,111903633.75
2025-07-31 12:18:40 PM,470.5,0,0.0,111903633.75
2025-07-31 12:18:40 PM,470.5,75,35287.5,111938921.25
2025-07-31 12:18:52 PM,465.95,0,0.0,111938921.25
2025-07-31 12:18:53 PM,465.95,150,69892.5,112008813.75
2025-07-31 12:18:56 PM,465.0,0,0.0,112008813.75
2025-07-31 12:18:57 PM,465.0,75,34875.0,112043688.75
2025-07-31 12:18:58 PM,462.95,0,0.0,112043688.75
2025-07-31 12:18:58 PM,462.95,150,69442.5,112113131.25
2025-07-31 12:19:01 PM,464.95,0,0.0,112113131.25
2025-07-31 12:19:01 PM,465.0,0,0.0,112113131.25
2025-07-31 12:19:02 PM,465.0,225,104625.0,112217756.25
2025-07-31 12:19:03 PM,464.95,0,0.0,112217756.25
2025-07-31 12:19:03 PM,464.95,75,34871.25,112252627.5
2025-07-31 12:19:03 PM,465.0,750,348750.0,112601377.5
2025-07-31 12:19:43 PM,460.0,0,0.0,112601377.5
2025-07-31 12:19:44 PM,459.2,0,0.0,112601377.5
2025-07-31 12:19:44 PM,458.4,0,0.0,112601377.5
2025-07-31 12:19:44 PM,458.4,225,103140.0,112704517.5
2025-07-31 12:20:37 PM,462.75,0,0.0,112704517.5
2025-07-31 12:20:38 PM,462.75,150,69412.5,112773930.0
2025-07-31 12:20:48 PM,460.65,0,0.0,112773930.0
2025-07-31 12:20:48 PM,460.65,150,69097.5,112843027.5
2025-07-31 12:20:55 PM,462.5,0,0.0,112843027.5
2025-07-31 12:20:55 PM,462.5,75,34687.5,112877715.0
2025-07-31 12:21:00 PM,463.1,0,0.0,112877715.0
2025-07-31 12:21:01 PM,463.1,150,69465.0,112947180.0
2025-07-31 12:21:19 PM,464.7,0,0.0,112947180.0
2025-07-31 12:21:19 PM,464.7,150,69705.0,113016885.0
2025-07-31 12:21:25 PM,463.0,0,0.0,113016885.0
2025-07-31 12:21:25 PM,462.35,0,0.0,113016885.0
2025-07-31 12:21:26 PM,462.35,150,69352.5,113086237.5
2025-07-31 12:21:34 PM,465.55,0,0.0,113086237.5
2025-07-31 12:21:35 PM,465.55,900,418995.0,113505232.5
2025-07-31 12:21:49 PM,467.65,0,0.0,113505232.5
2025-07-31 12:21:50 PM,467.65,300,140295.0,113645527.5
2025-07-31 12:22:05 PM,468.05,0,0.0,113645527.5
2025-07-31 12:22:05 PM,468.05,75,35103.75,113680631.25
2025-07-31 12:22:07 PM,467.05,0,0.0,113680631.25
2025-07-31 12:22:08 PM,467.05,450,210172.5,113890803.75
2025-07-31 12:22:09 PM,465.5,0,0.0,113890803.75
2025-07-31 12:22:10 PM,465.5,150,69825.0,113960628.75
2025-07-31 12:22:46 PM,461.1,0,0.0,113960628.75
2025-07-31 12:22:46 PM,460.2,0,0.0,113960628.75
2025-07-31 12:22:46 PM,460.2,375,172575.0,114133203.75
2025-07-31 12:22:54 PM,458.05,0,0.0,114133203.75
2025-07-31 12:22:55 PM,458.05,300,137415.0,114270618.75
2025-07-31 12:23:07 PM,460.9,0,0.0,114270618.75
2025-07-31 12:23:08 PM,460.9,600,276540.0,114547158.75
2025-07-31 12:23:14 PM,460.0,0,0.0,114547158.75
2025-07-31 12:23:15 PM,460.0,75,34500.0,114581658.75
2025-07-31 12:23:25 PM,461.05,0,0.0,114581658.75
2025-07-31 12:23:26 PM,461.05,75,34578.75,114616237.5
2025-07-31 12:23:49 PM,462.0,0,0.0,114616237.5
2025-07-31 12:23:50 PM,462.0,1800,831600.0,115447837.5
2025-07-31 12:24:00 PM,458.0,0,0.0,115447837.5
2025-07-31 12:24:01 PM,458.0,1800,824400.0,116272237.5
2025-07-31 12:24:19 PM,461.8,0,0.0,116272237.5
2025-07-31 12:24:20 PM,461.8,75,34635.0,116306872.5
2025-07-31 12:24:31 PM,461.75,0,0.0,116306872.5
2025-07-31 12:24:31 PM,461.75,75,34631.25,116341503.75
2025-07-31 12:24:38 PM,457.8,0,0.0,116341503.75
2025-07-31 12:24:38 PM,457.8,75,34335.0,116375838.75
2025-07-31 12:24:47 PM,459.2,0,0.0,116375838.75
2025-07-31 12:24:48 PM,459.2,75,34440.0,116410278.75
2025-07-31 12:24:56 PM,458.65,0,0.0,116410278.75
2025-07-31 12:24:56 PM,458.65,150,68797.5,116479076.25
2025-07-31 12:25:16 PM,461.2,0,0.0,116479076.25
2025-07-31 12:25:16 PM,461.2,75,34590.0,116513666.25
2025-07-31 12:25:22 PM,458.05,0,0.0,116513666.25
2025-07-31 12:25:23 PM,458.05,75,34353.75,116548020.0
2025-07-31 12:25:28 PM,459.05,0,0.0,116548020.0
2025-07-31 12:25:28 PM,459.05,75,34428.75,116582448.75
2025-07-31 12:25:28 PM,460.9,0,0.0,116582448.75
2025-07-31 12:25:28 PM,460.9,75,34567.5,116617016.25
2025-07-31 12:27:00 PM,471.95,0,0.0,116617016.25
2025-07-31 12:27:01 PM,471.95,75,35396.25,116652412.5
2025-07-31 12:27:29 PM,473.0,0,0.0,116652412.5
2025-07-31 12:27:30 PM,473.0,225,106425.0,116758837.5
2025-07-31 12:29:48 PM,472.7,0,0.0,116758837.5
2025-07-31 12:29:48 PM,472.7,150,70905.0,116829742.5
2025-07-31 12:29:51 PM,474.25,0,0.0,116829742.5
2025-07-31 12:29:51 PM,474.25,4500,2134125.0,118963867.5
2025-07-31 12:30:06 PM,464.05,0,0.0,118963867.5
2025-07-31 12:30:07 PM,464.05,75,34803.75,118998671.25
2025-07-31 12:32:45 PM,470.8,0,0.0,118998671.25
2025-07-31 12:32:45 PM,470.8,375,176550.0,119175221.25
2025-07-31 12:33:45 PM,465.25,0,0.0,119175221.25
2025-07-31 12:33:45 PM,465.25,75,34893.75,119210115.0
2025-07-31 12:33:53 PM,460.0,0,0.0,119210115.0
2025-07-31 12:33:53 PM,460.0,75,34500.0,119244615.0
2025-07-31 12:33:58 PM,453.25,75,33993.75,119278608.75
2025-07-31 12:34:09 PM,457.0,0,0.0,119278608.75
2025-07-31 12:34:10 PM,457.0,225,102825.0,119381433.75
2025-07-31 12:34:27 PM,456.05,0,0.0,119381433.75
2025-07-31 12:34:28 PM,456.05,75,34203.75,119415637.5
2025-07-31 12:34:29 PM,453.05,0,0.0,119415637.5
2025-07-31 12:34:30 PM,453.05,75,33978.75,119449616.25
2025-07-31 12:34:33 PM,450.0,0,0.0,119449616.25
2025-07-31 12:34:33 PM,450.0,75,33750.0,119483366.25
2025-07-31 12:34:34 PM,449.0,0,0.0,119483366.25
2025-07-31 12:34:35 PM,449.0,150,67350.0,119550716.25
2025-07-31 12:34:38 PM,443.35,0,0.0,119550716.25
2025-07-31 12:34:40 PM,443.35,150,66502.5,119617218.75
2025-07-31 12:34:42 PM,444.95,0,0.0,119617218.75
2025-07-31 12:34:42 PM,442.65,0,0.0,119617218.75
2025-07-31 12:34:43 PM,442.65,150,66397.5,119683616.25
2025-07-31 12:34:43 PM,445.7,0,0.0,119683616.25
2025-07-31 12:34:45 PM,445.7,75,33427.5,119717043.75
2025-07-31 12:34:50 PM,443.65,0,0.0,119717043.75
2025-07-31 12:34:51 PM,443.65,75,33273.75,119750317.5
2025-07-31 12:35:11 PM,443.05,0,0.0,119750317.5
2025-07-31 12:35:11 PM,443.05,75,33228.75,119783546.25
2025-07-31 12:35:19 PM,446.4,0,0.0,119783546.25
2025-07-31 12:35:19 PM,446.4,1800,803520.0,120587066.25
2025-07-31 12:35:27 PM,445.2,0,0.0,120587066.25
2025-07-31 12:35:27 PM,445.2,75,33390.0,120620456.25
2025-07-31 12:35:34 PM,446.15,0,0.0,120620456.25
2025-07-31 12:35:34 PM,446.15,75,33461.25,120653917.5
2025-07-31 12:35:46 PM,443.1,0,0.0,120653917.5
2025-07-31 12:35:46 PM,443.1,75,33232.5,120687150.0
2025-07-31 12:35:46 PM,443.4,0,0.0,120687150.0
2025-07-31 12:35:47 PM,443.4,375,166275.0,120853425.0
2025-07-31 12:35:52 PM,439.75,0,0.0,120853425.0
2025-07-31 12:35:52 PM,439.75,150,65962.5,120919387.5
2025-07-31 12:36:04 PM,442.3,0,0.0,120919387.5
2025-07-31 12:36:04 PM,442.3,375,165862.5,121085250.0
2025-07-31 12:36:09 PM,442.3,75,33172.5,121118422.5
2025-07-31 12:36:10 PM,443.45,0,0.0,121118422.5
2025-07-31 12:36:11 PM,443.45,75,33258.75,121151681.25
2025-07-31 12:36:58 PM,440.0,0,0.0,121151681.25
2025-07-31 12:36:59 PM,440.0,225,99000.0,121250681.25
2025-07-31 12:37:09 PM,440.0,150,66000.0,121316681.25
2025-07-31 12:37:21 PM,437.85,0,0.0,121316681.25
2025-07-31 12:37:21 PM,437.85,75,32838.75,121349520.0
2025-07-31 12:37:22 PM,436.95,0,0.0,121349520.0
2025-07-31 12:37:23 PM,436.95,225,98313.75,121447833.75
2025-07-31 12:37:41 PM,437.95,0,0.0,121447833.75
2025-07-31 12:37:41 PM,437.95,75,32846.25,121480680.0
2025-07-31 12:37:50 PM,436.6,0,0.0,121480680.0
2025-07-31 12:37:51 PM,436.6,75,32745.0,121513425.0
2025-07-31 12:38:40 PM,439.0,0,0.0,121513425.0
2025-07-31 12:38:41 PM,439.0,450,197550.0,121710975.0
2025-07-31 12:38:43 PM,439.0,225,98775.0,121809750.0
2025-07-31 12:38:48 PM,439.3,75,32947.5,121842697.5
2025-07-31 12:39:06 PM,437.15,0,0.0,121842697.5
2025-07-31 12:39:06 PM,437.15,600,262290.0,122104987.5
2025-07-31 12:39:14 PM,440.0,0,0.0,122104987.5
2025-07-31 12:39:14 PM,440.0,75,33000.0,122137987.5
2025-07-31 12:39:22 PM,441.05,0,0.0,122137987.5
2025-07-31 12:39:22 PM,441.05,300,132315.0,122270302.5
2025-07-31 12:39:26 PM,442.7,0,0.0,122270302.5
2025-07-31 12:39:27 PM,442.7,75,33202.5,122303505.0
2025-07-31 12:39:31 PM,440.0,75,33000.0,122336505.0
2025-07-31 12:39:35 PM,440.4,0,0.0,122336505.0
2025-07-31 12:39:36 PM,440.4,300,132120.0,122468625.0
2025-07-31 12:39:45 PM,440.0,0,0.0,122468625.0
2025-07-31 12:39:46 PM,440.0,75,33000.0,122501625.0
2025-07-31 12:40:01 PM,443.3,0,0.0,122501625.0
2025-07-31 12:40:01 PM,443.3,75,33247.5,122534872.5
2025-07-31 12:40:19 PM,448.5,75,33637.5,122568510.0
2025-07-31 12:40:35 PM,451.2,0,0.0,122568510.0
2025-07-31 12:40:36 PM,451.2,75,33840.0,122602350.0
2025-07-31 12:40:39 PM,451.2,150,67680.0,122670030.0
2025-07-31 12:41:16 PM,447.05,0,0.0,122670030.0
2025-07-31 12:41:17 PM,446.95,0,0.0,122670030.0
2025-07-31 12:41:17 PM,446.95,150,67042.5,122737072.5
2025-07-31 12:41:22 PM,448.4,0,0.0,122737072.5
2025-07-31 12:41:22 PM,448.4,1800,807120.0,123544192.5
2025-07-31 12:41:32 PM,448.3,0,0.0,123544192.5
2025-07-31 12:41:32 PM,446.55,0,0.0,123544192.5
2025-07-31 12:41:32 PM,446.55,225,100473.75,123644666.25
2025-07-31 12:41:56 PM,442.55,0,0.0,123644666.25
2025-07-31 12:41:56 PM,442.55,450,199147.5,123843813.75
2025-07-31 12:42:53 PM,454.0,0,0.0,123843813.75
2025-07-31 12:42:53 PM,454.0,75,34050.0,123877863.75
2025-07-31 12:42:54 PM,453.95,0,0.0,123877863.75
2025-07-31 12:42:54 PM,453.95,150,68092.5,123945956.25
2025-07-31 12:43:01 PM,452.15,0,0.0,123945956.25
2025-07-31 12:43:03 PM,452.15,75,33911.25,123979867.5
2025-07-31 12:43:18 PM,457.5,0,0.0,123979867.5
2025-07-31 12:43:18 PM,457.5,150,68625.0,124048492.5
2025-07-31 12:43:20 PM,459.4,0,0.0,124048492.5
2025-07-31 12:43:21 PM,459.4,75,34455.0,124082947.5
2025-07-31 12:43:22 PM,458.55,0,0.0,124082947.5
2025-07-31 12:43:23 PM,458.2,0,0.0,124082947.5
2025-07-31 12:43:23 PM,458.2,150,68730.0,124151677.5
2025-07-31 12:43:24 PM,460.0,0,0.0,124151677.5
2025-07-31 12:43:24 PM,460.0,75,34500.0,124186177.5
2025-07-31 12:43:39 PM,460.0,75,34500.0,124220677.5
2025-07-31 12:44:30 PM,452.65,0,0.0,124220677.5
2025-07-31 12:44:31 PM,452.65,75,33948.75,124254626.25
2025-07-31 12:44:31 PM,451.15,0,0.0,124254626.25
2025-07-31 12:44:32 PM,451.15,75,33836.25,124288462.5
2025-07-31 12:45:40 PM,452.9,0,0.0,124288462.5
2025-07-31 12:45:41 PM,452.9,225,101902.5,124390365.0
2025-07-31 12:45:42 PM,453.05,0,0.0,124390365.0
2025-07-31 12:45:43 PM,453.05,75,33978.75,124424343.75
2025-07-31 12:47:09 PM,448.0,150,67200.0,124491543.75
2025-07-31 12:48:30 PM,448.05,0,0.0,124491543.75
2025-07-31 12:48:31 PM,448.05,75,33603.75,124525147.5
2025-07-31 12:48:49 PM,440.8,0,0.0,124525147.5
2025-07-31 12:48:49 PM,440.8,675,297540.0,124822687.5
2025-07-31 12:49:00 PM,440.0,0,0.0,124822687.5
2025-07-31 12:49:00 PM,440.0,75,33000.0,124855687.5
2025-07-31 12:49:57 PM,432.55,0,0.0,124855687.5
2025-07-31 12:49:58 PM,432.55,75,32441.25,124888128.75
2025-07-31 12:49:59 PM,431.2,0,0.0,124888128.75
2025-07-31 12:49:59 PM,431.2,75,32340.0,124920468.75
2025-07-31 12:50:05 PM,433.2,0,0.0,124920468.75
2025-07-31 12:50:06 PM,433.2,75,32490.0,124952958.75
2025-07-31 12:50:13 PM,434.05,0,0.0,124952958.75
2025-07-31 12:50:14 PM,432.0,0,0.0,124952958.75
2025-07-31 12:50:14 PM,432.0,2250,972000.0,125924958.75
2025-07-31 12:50:15 PM,432.0,600,259200.0,126184158.75
2025-07-31 12:50:26 PM,429.8,0,0.0,126184158.75
2025-07-31 12:50:26 PM,429.8,75,32235.0,126216393.75
2025-07-31 12:51:37 PM,432.25,0,0.0,126216393.75
2025-07-31 12:51:37 PM,432.25,75,32418.75,126248812.5
2025-07-31 12:51:49 PM,429.0,0,0.0,126248812.5
2025-07-31 12:51:50 PM,429.0,75,32175.0,126280987.5
2025-07-31 12:52:10 PM,432.0,0,0.0,126280987.5
2025-07-31 12:52:10 PM,432.0,150,64800.0,126345787.5
2025-07-31 12:52:25 PM,431.2,0,0.0,126345787.5
2025-07-31 12:52:25 PM,431.2,150,64680.0,126410467.5
2025-07-31 12:53:32 PM,428.1,0,0.0,126410467.5
2025-07-31 12:53:32 PM,428.1,150,64215.0,126474682.5
2025-07-31 12:54:01 PM,429.7,0,0.0,126474682.5
2025-07-31 12:54:02 PM,429.7,75,32227.5,126506910.0
2025-07-31 12:54:10 PM,428.0,0,0.0,126506910.0
2025-07-31 12:54:10 PM,428.0,75,32100.0,126539010.0
2025-07-31 12:54:26 PM,431.05,0,0.0,126539010.0
2025-07-31 12:54:27 PM,431.05,75,32328.75,126571338.75
2025-07-31 12:54:28 PM,431.65,0,0.0,126571338.75
2025-07-31 12:54:29 PM,431.65,150,64747.5,126636086.25
2025-07-31 12:54:31 PM,434.4,0,0.0,126636086.25
2025-07-31 12:54:32 PM,434.4,150,65160.0,126701246.25
2025-07-31 12:54:35 PM,435.45,0,0.0,126701246.25
2025-07-31 12:54:35 PM,435.45,1500,653175.0,127354421.25
2025-07-31 12:54:36 PM,433.05,0,0.0,127354421.25
2025-07-31 12:54:37 PM,433.05,75,32478.75,127386900.0
2025-07-31 12:54:38 PM,431.9,0,0.0,127386900.0
2025-07-31 12:54:39 PM,431.9,75,32392.5,127419292.5
2025-07-31 12:54:41 PM,430.45,0,0.0,127419292.5
2025-07-31 12:54:42 PM,430.45,75,32283.75,127451576.25
2025-07-31 12:54:44 PM,431.0,0,0.0,127451576.25
2025-07-31 12:54:44 PM,431.0,75,32325.0,127483901.25
2025-07-31 12:54:50 PM,430.65,0,0.0,127483901.25
2025-07-31 12:54:50 PM,430.65,150,64597.5,127548498.75
2025-07-31 12:54:55 PM,430.0,0,0.0,127548498.75
2025-07-31 12:54:55 PM,430.0,75,32250.0,127580748.75
2025-07-31 12:54:57 PM,429.85,0,0.0,127580748.75
2025-07-31 12:54:58 PM,430.0,0,0.0,127580748.75
2025-07-31 12:54:59 PM,430.0,150,64500.0,127645248.75
2025-07-31 12:55:16 PM,432.1,0,0.0,127645248.75
2025-07-31 12:55:17 PM,432.1,1500,648150.0,128293398.75
2025-07-31 12:56:27 PM,430.0,0,0.0,128293398.75
2025-07-31 12:56:29 PM,430.0,150,64500.0,128357898.75
2025-07-31 12:56:57 PM,424.55,0,0.0,128357898.75
2025-07-31 12:56:57 PM,424.55,150,63682.5,128421581.25
2025-07-31 12:56:58 PM,425.0,0,0.0,128421581.25
2025-07-31 12:56:59 PM,425.0,150,63750.0,128485331.25
2025-07-31 12:57:15 PM,426.6,0,0.0,128485331.25
2025-07-31 12:57:15 PM,426.6,225,95985.0,128581316.25
2025-07-31 12:57:30 PM,420.0,0,0.0,128581316.25
2025-07-31 12:57:32 PM,420.0,375,157500.0,128738816.25
2025-07-31 12:57:37 PM,418.0,0,0.0,128738816.25
2025-07-31 12:57:38 PM,418.0,75,31350.0,128770166.25
2025-07-31 12:57:39 PM,416.0,0,0.0,128770166.25
2025-07-31 12:57:40 PM,416.0,150,62400.0,128832566.25
2025-07-31 12:57:53 PM,410.0,0,0.0,128832566.25
2025-07-31 12:57:53 PM,410.0,75,30750.0,128863316.25
2025-07-31 12:57:57 PM,410.65,0,0.0,128863316.25
2025-07-31 12:57:57 PM,410.65,75,30798.75,128894115.0
2025-07-31 12:58:03 PM,403.85,0,0.0,128894115.0
2025-07-31 12:58:03 PM,403.85,75,30288.75,128924403.75
2025-07-31 12:58:04 PM,402.05,0,0.0,128924403.75
2025-07-31 12:58:05 PM,402.05,450,180922.5,129105326.25
2025-07-31 12:58:06 PM,401.9,0,0.0,129105326.25
2025-07-31 12:58:06 PM,400.0,0,0.0,129105326.25
2025-07-31 12:58:07 PM,400.0,150,60000.0,129165326.25
2025-07-31 12:58:10 PM,402.5,0,0.0,129165326.25
2025-07-31 12:58:10 PM,402.5,300,120750.0,129286076.25
2025-07-31 12:58:21 PM,405.0,0,0.0,129286076.25
2025-07-31 12:58:22 PM,403.9,0,0.0,129286076.25
2025-07-31 12:58:23 PM,403.9,600,242340.0,129528416.25
2025-07-31 12:58:24 PM,402.15,0,0.0,129528416.25
2025-07-31 12:58:24 PM,402.15,75,30161.25,129558577.5
2025-07-31 12:58:31 PM,401.95,0,0.0,129558577.5
2025-07-31 12:58:31 PM,401.95,75,30146.25,129588723.75
2025-07-31 12:58:51 PM,400.0,0,0.0,129588723.75
2025-07-31 12:58:51 PM,400.0,75,30000.0,129618723.75
2025-07-31 12:58:57 PM,398.9,0,0.0,129618723.75
2025-07-31 12:58:58 PM,398.9,75,29917.5,129648641.25
2025-07-31 12:59:18 PM,401.1,0,0.0,129648641.25
2025-07-31 12:59:19 PM,401.1,75,30082.5,129678723.75
2025-07-31 12:59:28 PM,409.6,0,0.0,129678723.75
2025-07-31 12:59:28 PM,409.6,75,30720.0,129709443.75
2025-07-31 12:59:42 PM,405.2,0,0.0,129709443.75
2025-07-31 12:59:43 PM,405.2,300,121560.0,129831003.75
2025-07-31 12:59:54 PM,405.2,75,30390.0,129861393.75
2025-07-31 01:00:01 PM,405.35,0,0.0,129861393.75
2025-07-31 01:00:01 PM,405.35,300,121605.0,129982998.75
2025-07-31 01:00:07 PM,409.25,0,0.0,129982998.75
2025-07-31 01:00:08 PM,409.25,75,30693.75,130013692.5
2025-07-31 01:00:59 PM,404.0,0,0.0,130013692.5
2025-07-31 01:00:59 PM,404.0,75,30300.0,130043992.5
2025-07-31 01:01:02 PM,405.0,0,0.0,130043992.5
2025-07-31 01:01:03 PM,405.0,75,30375.0,130074367.5
2025-07-31 01:01:03 PM,405.0,150,60750.0,130135117.5
2025-07-31 01:01:08 PM,406.8,0,0.0,130135117.5
2025-07-31 01:01:09 PM,406.8,75,30510.0,130165627.5
2025-07-31 01:01:38 PM,403.1,0,0.0,130165627.5
2025-07-31 01:01:38 PM,403.1,75,30232.5,130195860.0
2025-07-31 01:01:39 PM,401.85,0,0.0,130195860.0
2025-07-31 01:01:39 PM,401.85,150,60277.5,130256137.5
2025-07-31 01:01:54 PM,400.7,0,0.0,130256137.5
2025-07-31 01:01:54 PM,400.7,300,120210.0,130376347.5
2025-07-31 01:01:59 PM,402.25,0,0.0,130376347.5
2025-07-31 01:01:59 PM,402.25,75,30168.75,130406516.25
2025-07-31 01:02:15 PM,401.5,0,0.0,130406516.25
2025-07-31 01:02:15 PM,401.5,75,30112.5,130436628.75
2025-07-31 01:02:33 PM,401.0,0,0.0,130436628.75
2025-07-31 01:02:33 PM,401.0,150,60150.0,130496778.75
2025-07-31 01:03:12 PM,401.35,0,0.0,130496778.75
2025-07-31 01:03:13 PM,401.35,300,120405.0,130617183.75
2025-07-31 01:03:19 PM,400.65,0,0.0,130617183.75
2025-07-31 01:03:19 PM,400.65,75,30048.75,130647232.5
2025-07-31 01:03:47 PM,404.55,0,0.0,130647232.5
2025-07-31 01:03:48 PM,404.55,75,30341.25,130677573.75
2025-07-31 01:04:23 PM,412.35,0,0.0,130677573.75
2025-07-31 01:04:23 PM,412.35,75,30926.25,130708500.0
2025-07-31 01:04:58 PM,412.35,75,30926.25,130739426.25
2025-07-31 01:05:04 PM,413.5,0,0.0,130739426.25
2025-07-31 01:05:05 PM,413.5,75,31012.5,130770438.75
2025-07-31 01:05:09 PM,412.35,0,0.0,130770438.75
2025-07-31 01:05:10 PM,412.35,450,185557.5,130955996.25
2025-07-31 01:05:16 PM,412.1,0,0.0,130955996.25
2025-07-31 01:05:16 PM,412.1,150,61815.0,131017811.25
2025-07-31 01:05:41 PM,407.0,0,0.0,131017811.25
2025-07-31 01:05:41 PM,407.0,75,30525.0,131048336.25
2025-07-31 01:05:44 PM,404.0,0,0.0,131048336.25
2025-07-31 01:05:45 PM,404.0,1800,727200.0,131775536.25
2025-07-31 01:05:50 PM,408.1,0,0.0,131775536.25
2025-07-31 01:05:51 PM,408.1,75,30607.5,131806143.75
2025-07-31 01:06:00 PM,406.95,0,0.0,131806143.75
2025-07-31 01:06:00 PM,406.95,150,61042.5,131867186.25
2025-07-31 01:06:08 PM,408.4,0,0.0,131867186.25
2025-07-31 01:06:08 PM,408.4,150,61260.0,131928446.25
2025-07-31 01:06:11 PM,406.95,0,0.0,131928446.25
2025-07-31 01:06:11 PM,406.95,150,61042.5,131989488.75
2025-07-31 01:06:13 PM,409.2,0,0.0,131989488.75
2025-07-31 01:06:13 PM,411.0,0,0.0,131989488.75
2025-07-31 01:06:13 PM,411.0,2850,1171350.0,133160838.75
2025-07-31 01:06:15 PM,414.5,0,0.0,133160838.75
2025-07-31 01:06:16 PM,414.5,150,62175.0,133223013.75
2025-07-31 01:06:19 PM,412.5,0,0.0,133223013.75
2025-07-31 01:06:19 PM,410.6,0,0.0,133223013.75
2025-07-31 01:06:19 PM,410.6,225,92385.0,133315398.75
2025-07-31 01:06:31 PM,410.15,0,0.0,133315398.75
2025-07-31 01:06:31 PM,410.15,150,61522.5,133376921.25
2025-07-31 01:06:35 PM,410.5,0,0.0,133376921.25
2025-07-31 01:06:36 PM,410.5,150,61575.0,133438496.25
2025-07-31 01:06:41 PM,410.6,0,0.0,133438496.25
2025-07-31 01:06:42 PM,410.6,150,61590.0,133500086.25
2025-07-31 01:07:04 PM,411.75,0,0.0,133500086.25
2025-07-31 01:07:05 PM,411.75,300,123525.0,133623611.25
2025-07-31 01:07:18 PM,407.1,0,0.0,133623611.25
2025-07-31 01:07:18 PM,407.1,75,30532.5,133654143.75
2025-07-31 01:07:31 PM,406.85,0,0.0,133654143.75
2025-07-31 01:07:31 PM,406.85,75,30513.75,133684657.5
2025-07-31 01:08:08 PM,403.0,150,60450.0,133745107.5
2025-07-31 01:08:17 PM,402.7,0,0.0,133745107.5
2025-07-31 01:08:18 PM,402.7,75,30202.5,133775310.0
2025-07-31 01:08:23 PM,402.55,0,0.0,133775310.0
2025-07-31 01:08:24 PM,402.55,75,30191.25,133805501.25
2025-07-31 01:08:30 PM,406.1,0,0.0,133805501.25
2025-07-31 01:08:31 PM,406.1,225,91372.5,133896873.75
2025-07-31 01:08:31 PM,407.6,0,0.0,133896873.75
2025-07-31 01:08:32 PM,407.6,75,30570.0,133927443.75
2025-07-31 01:08:35 PM,409.0,0,0.0,133927443.75
2025-07-31 01:08:36 PM,409.0,75,30675.0,133958118.75
2025-07-31 01:08:54 PM,409.0,75,30675.0,133988793.75
2025-07-31 01:09:13 PM,412.45,0,0.0,133988793.75
2025-07-31 01:09:13 PM,412.45,75,30933.75,134019727.5
2025-07-31 01:09:21 PM,409.95,0,0.0,134019727.5
2025-07-31 01:09:21 PM,409.95,75,30746.25,134050473.75
2025-07-31 01:09:35 PM,410.3,0,0.0,134050473.75
2025-07-31 01:09:36 PM,410.3,75,30772.5,134081246.25
2025-07-31 01:09:52 PM,405.5,0,0.0,134081246.25
2025-07-31 01:09:53 PM,405.5,75,30412.5,134111658.75
2025-07-31 01:09:54 PM,407.25,0,0.0,134111658.75
2025-07-31 01:09:55 PM,407.25,150,61087.5,134172746.25
2025-07-31 01:10:19 PM,406.7,0,0.0,134172746.25
2025-07-31 01:10:19 PM,406.7,75,30502.5,134203248.75
2025-07-31 01:10:33 PM,405.75,75,30431.25,134233680.0
2025-07-31 01:11:19 PM,403.2,0,0.0,134233680.0
2025-07-31 01:11:19 PM,403.2,150,60480.0,134294160.0
2025-07-31 01:11:34 PM,405.0,300,121500.0,134415660.0
2025-07-31 01:11:37 PM,403.2,0,0.0,134415660.0
2025-07-31 01:11:38 PM,403.2,375,151200.0,134566860.0
2025-07-31 01:11:50 PM,400.0,0,0.0,134566860.0
2025-07-31 01:11:51 PM,400.0,150,60000.0,134626860.0
2025-07-31 01:11:53 PM,397.8,0,0.0,134626860.0
2025-07-31 01:11:53 PM,397.8,75,29835.0,134656695.0
2025-07-31 01:11:55 PM,393.2,300,117960.0,134774655.0
2025-07-31 01:12:06 PM,393.8,0,0.0,134774655.0
2025-07-31 01:12:06 PM,393.8,300,118140.0,134892795.0
2025-07-31 01:12:12 PM,390.0,0,0.0,134892795.0
2025-07-31 01:12:13 PM,390.0,225,87750.0,134980545.0
2025-07-31 01:12:15 PM,390.7,0,0.0,134980545.0
2025-07-31 01:12:16 PM,390.7,225,87907.5,135068452.5
2025-07-31 01:12:17 PM,390.4,0,0.0,135068452.5
2025-07-31 01:12:17 PM,390.4,75,29280.0,135097732.5
2025-07-31 01:12:19 PM,388.0,0,0.0,135097732.5
2025-07-31 01:12:19 PM,388.0,75,29100.0,135126832.5
2025-07-31 01:12:21 PM,388.0,150,58200.0,135185032.5
2025-07-31 01:12:33 PM,386.2,0,0.0,135185032.5
2025-07-31 01:12:33 PM,386.2,75,28965.0,135213997.5
2025-07-31 01:12:34 PM,387.85,0,0.0,135213997.5
2025-07-31 01:12:34 PM,386.75,0,0.0,135213997.5
2025-07-31 01:12:34 PM,386.75,1125,435093.75,135649091.25
2025-07-31 01:12:38 PM,385.95,0,0.0,135649091.25
2025-07-31 01:12:38 PM,385.95,300,115785.0,135764876.25
2025-07-31 01:12:41 PM,385.95,75,28946.25,135793822.5
2025-07-31 01:12:44 PM,388.0,0,0.0,135793822.5
2025-07-31 01:12:44 PM,388.0,75,29100.0,135822922.5
2025-07-31 01:12:57 PM,388.65,0,0.0,135822922.5
2025-07-31 01:12:58 PM,388.65,300,116595.0,135939517.5
2025-07-31 01:13:10 PM,390.0,0,0.0,135939517.5
2025-07-31 01:13:11 PM,390.0,75,29250.0,135968767.5
2025-07-31 01:13:25 PM,391.45,0,0.0,135968767.5
2025-07-31 01:13:25 PM,391.45,300,117435.0,136086202.5
2025-07-31 01:13:25 PM,390.0,0,0.0,136086202.5
2025-07-31 01:13:26 PM,390.0,75,29250.0,136115452.5
2025-07-31 01:13:38 PM,392.6,0,0.0,136115452.5
2025-07-31 01:13:39 PM,392.6,75,29445.0,136144897.5
2025-07-31 01:13:47 PM,398.45,0,0.0,136144897.5
2025-07-31 01:13:47 PM,398.45,150,59767.5,136204665.0
2025-07-31 01:14:08 PM,400.0,0,0.0,136204665.0
2025-07-31 01:14:08 PM,400.0,75,30000.0,136234665.0
2025-07-31 01:14:11 PM,400.0,75,30000.0,136264665.0
2025-07-31 01:14:12 PM,400.0,225,90000.0,136354665.0
2025-07-31 01:14:18 PM,402.05,0,0.0,136354665.0
2025-07-31 01:14:18 PM,402.05,75,30153.75,136384818.75
2025-07-31 01:14:19 PM,402.05,75,30153.75,136414972.5
2025-07-31 01:14:19 PM,402.3,0,0.0,136414972.5
2025-07-31 01:14:20 PM,402.3,300,120690.0,136535662.5
2025-07-31 01:14:22 PM,403.4,0,0.0,136535662.5
2025-07-31 01:14:22 PM,403.4,150,60510.0,136596172.5
2025-07-31 01:14:24 PM,403.0,0,0.0,136596172.5
2025-07-31 01:14:24 PM,403.0,75,30225.0,136626397.5
2025-07-31 01:14:35 PM,402.95,0,0.0,136626397.5
