date,price,qty,trnvr,cum_trnvr
2025-07-31 09:15:02 AM,14.05,225,3161.25,3161.25
2025-07-31 09:15:02 AM,11.1,75,832.5,3993.75
2025-07-31 09:15:03 AM,11.3,0,0.0,3993.75
2025-07-31 09:15:03 AM,11.1,0,0.0,3993.75
2025-07-31 09:15:04 AM,12.45,0,0.0,3993.75
2025-07-31 09:15:04 AM,12.45,1125,14006.25,18000.0
2025-07-31 09:15:04 AM,12.7,0,0.0,18000.0
2025-07-31 09:15:05 AM,11.3,0,0.0,18000.0
2025-07-31 09:15:05 AM,12.7,750,9525.0,27525.0
2025-07-31 09:15:07 AM,12.4,0,0.0,27525.0
2025-07-31 09:15:07 AM,12.4,1500,18600.0,46125.0
2025-07-31 09:15:07 AM,12.0,450,5400.0,51525.0
2025-07-31 09:15:08 AM,10.65,0,0.0,51525.0
2025-07-31 09:15:09 AM,10.95,525,5748.75,57273.75
2025-07-31 09:15:09 AM,10.55,225,2373.75,59647.5
2025-07-31 09:15:09 AM,10.45,0,0.0,59647.5
2025-07-31 09:15:10 AM,10.65,0,0.0,59647.5
2025-07-31 09:15:10 AM,11.6,2700,31320.0,90967.5
2025-07-31 09:15:11 AM,12.25,0,0.0,90967.5
2025-07-31 09:15:12 AM,12.25,525,6431.25,97398.75
2025-07-31 09:15:14 AM,11.35,675,7661.25,105060.0
2025-07-31 09:15:14 AM,12.1,0,0.0,105060.0
2025-07-31 09:15:15 AM,12.1,450,5445.0,110505.0
2025-07-31 09:15:16 AM,12.3,0,0.0,110505.0
2025-07-31 09:15:17 AM,11.65,0,0.0,110505.0
2025-07-31 09:15:17 AM,12.15,0,0.0,110505.0
2025-07-31 09:15:17 AM,12.15,1125,13668.75,124173.75
2025-07-31 09:15:17 AM,11.65,150,1747.5,125921.25
2025-07-31 09:15:18 AM,12.2,0,0.0,125921.25
2025-07-31 09:15:19 AM,12.35,1350,16672.5,142593.75
2025-07-31 09:15:20 AM,13.15,0,0.0,142593.75
2025-07-31 09:15:20 AM,13.15,1125,14793.75,157387.5
2025-07-31 09:15:20 AM,12.75,300,3825.0,161212.5
2025-07-31 09:15:22 AM,12.6,0,0.0,161212.5
2025-07-31 09:15:22 AM,12.6,1275,16065.0,177277.5
2025-07-31 09:15:22 AM,12.55,150,1882.5,179160.0
2025-07-31 09:15:23 AM,12.45,0,0.0,179160.0
2025-07-31 09:15:24 AM,13.25,600,7950.0,187110.0
2025-07-31 09:15:24 AM,12.6,0,0.0,187110.0
2025-07-31 09:15:24 AM,12.65,0,0.0,187110.0
2025-07-31 09:15:25 AM,12.7,0,0.0,187110.0
2025-07-31 09:15:25 AM,12.7,525,6667.5,193777.5
2025-07-31 09:15:26 AM,13.0,0,0.0,193777.5
2025-07-31 09:15:27 AM,12.75,0,0.0,193777.5
2025-07-31 09:15:27 AM,12.75,525,6693.75,200471.25
2025-07-31 09:15:28 AM,12.95,0,0.0,200471.25
2025-07-31 09:15:28 AM,12.95,225,2913.75,203385.0
2025-07-31 09:15:29 AM,13.95,150,2092.5,205477.5
2025-07-31 09:15:30 AM,13.0,0,0.0,205477.5
2025-07-31 09:15:30 AM,13.15,0,0.0,205477.5
2025-07-31 09:15:30 AM,13.15,375,4931.25,210408.75
2025-07-31 09:15:31 AM,13.45,0,0.0,210408.75
2025-07-31 09:15:32 AM,13.1,675,8842.5,219251.25
2025-07-31 09:15:33 AM,13.85,0,0.0,219251.25
2025-07-31 09:15:33 AM,13.85,450,6232.5,225483.75
2025-07-31 09:15:34 AM,13.5,0,0.0,225483.75
2025-07-31 09:15:35 AM,13.3,0,0.0,225483.75
2025-07-31 09:15:35 AM,13.3,1200,15960.0,241443.75
2025-07-31 09:15:35 AM,13.65,600,8190.0,249633.75
2025-07-31 09:15:36 AM,13.45,0,0.0,249633.75
2025-07-31 09:15:37 AM,13.45,1050,14122.5,263756.25
2025-07-31 09:15:37 AM,13.45,150,2017.5,265773.75
2025-07-31 09:15:38 AM,13.45,525,7061.25,272835.0
2025-07-31 09:15:39 AM,13.5,225,3037.5,275872.5
2025-07-31 09:15:40 AM,13.55,0,0.0,275872.5
2025-07-31 09:15:40 AM,13.45,0,0.0,275872.5
2025-07-31 09:15:40 AM,13.45,900,12105.0,287977.5
2025-07-31 09:15:42 AM,13.45,600,8070.0,296047.5
2025-07-31 09:15:43 AM,13.75,0,0.0,296047.5
2025-07-31 09:15:43 AM,13.6,0,0.0,296047.5
2025-07-31 09:15:43 AM,13.5,1425,19237.5,315285.0
2025-07-31 09:15:44 AM,13.65,0,0.0,315285.0
2025-07-31 09:15:45 AM,13.7,0,0.0,315285.0
2025-07-31 09:15:45 AM,13.7,3075,42127.5,357412.5
2025-07-31 09:15:46 AM,13.85,0,0.0,357412.5
2025-07-31 09:15:47 AM,13.75,0,0.0,357412.5
2025-07-31 09:15:47 AM,13.75,2550,35062.5,392475.0
2025-07-31 09:15:48 AM,13.65,0,0.0,392475.0
2025-07-31 09:15:48 AM,13.65,1350,18427.5,410902.5
2025-07-31 09:15:50 AM,13.55,600,8130.0,419032.5
2025-07-31 09:15:51 AM,14.0,0,0.0,419032.5
2025-07-31 09:15:51 AM,13.55,0,0.0,419032.5
2025-07-31 09:15:52 AM,13.95,0,0.0,419032.5
2025-07-31 09:15:52 AM,13.95,1725,24063.75,443096.25
2025-07-31 09:15:53 AM,14.1,0,0.0,443096.25
2025-07-31 09:15:53 AM,14.25,4425,63056.25,506152.5
2025-07-31 09:15:54 AM,14.4,300,4320.0,510472.5
2025-07-31 09:15:56 AM,14.45,0,0.0,510472.5
2025-07-31 09:15:57 AM,14.45,150,2167.5,512640.0
2025-07-31 09:15:58 AM,14.25,0,0.0,512640.0
2025-07-31 09:15:58 AM,14.25,75,1068.75,513708.75
2025-07-31 09:15:59 AM,15.35,0,0.0,513708.75
2025-07-31 09:15:59 AM,14.4,0,0.0,513708.75
2025-07-31 09:15:59 AM,14.1,0,0.0,513708.75
2025-07-31 09:16:00 AM,13.85,3375,46743.75,560452.5
2025-07-31 09:16:00 AM,13.8,1125,15525.0,575977.5
2025-07-31 09:16:00 AM,13.75,0,0.0,575977.5
2025-07-31 09:16:02 AM,13.75,75,1031.25,577008.75
2025-07-31 09:16:02 AM,13.9,0,0.0,577008.75
2025-07-31 09:16:03 AM,13.8,0,0.0,577008.75
2025-07-31 09:16:03 AM,13.8,525,7245.0,584253.75
2025-07-31 09:16:04 AM,13.6,0,0.0,584253.75
2025-07-31 09:16:05 AM,13.6,150,2040.0,586293.75
2025-07-31 09:16:06 AM,13.75,0,0.0,586293.75
2025-07-31 09:16:06 AM,13.8,0,0.0,586293.75
2025-07-31 09:16:07 AM,13.65,450,6142.5,592436.25
2025-07-31 09:16:08 AM,13.6,0,0.0,592436.25
2025-07-31 09:16:08 AM,13.5,0,0.0,592436.25
2025-07-31 09:16:08 AM,13.5,375,5062.5,597498.75
2025-07-31 09:16:09 AM,13.6,0,0.0,597498.75
2025-07-31 09:16:10 AM,13.6,75,1020.0,598518.75
2025-07-31 09:16:11 AM,13.4,0,0.0,598518.75
2025-07-31 09:16:12 AM,13.4,375,5025.0,603543.75
2025-07-31 09:16:14 AM,13.6,0,0.0,603543.75
2025-07-31 09:16:15 AM,13.35,0,0.0,603543.75
2025-07-31 09:16:15 AM,13.35,450,6007.5,609551.25
2025-07-31 09:16:15 AM,13.5,600,8100.0,617651.25
2025-07-31 09:16:16 AM,13.45,0,0.0,617651.25
2025-07-31 09:16:16 AM,13.5,0,0.0,617651.25
2025-07-31 09:16:17 AM,13.5,975,13162.5,630813.75
2025-07-31 09:16:17 AM,13.45,0,0.0,630813.75
2025-07-31 09:16:18 AM,13.2,0,0.0,630813.75
2025-07-31 09:16:18 AM,13.3,0,0.0,630813.75
2025-07-31 09:16:18 AM,13.6,5550,75480.0,706293.75
2025-07-31 09:16:19 AM,13.55,0,0.0,706293.75
2025-07-31 09:16:20 AM,13.65,0,0.0,706293.75
2025-07-31 09:16:20 AM,13.7,0,0.0,706293.75
2025-07-31 09:16:20 AM,13.7,375,5137.5,711431.25
2025-07-31 09:16:21 AM,13.5,0,0.0,711431.25
2025-07-31 09:16:22 AM,13.5,525,7087.5,718518.75
2025-07-31 09:16:23 AM,13.5,75,1012.5,719531.25
2025-07-31 09:16:24 AM,13.55,0,0.0,719531.25
2025-07-31 09:16:25 AM,13.55,75,1016.25,720547.5
2025-07-31 09:16:25 AM,13.45,0,0.0,720547.5
2025-07-31 09:16:25 AM,13.4,675,9045.0,729592.5
2025-07-31 09:16:26 AM,13.6,0,0.0,729592.5
2025-07-31 09:16:26 AM,13.65,0,0.0,729592.5
2025-07-31 09:16:26 AM,13.7,3300,45210.0,774802.5
2025-07-31 09:16:28 AM,13.9,0,0.0,774802.5
2025-07-31 09:16:28 AM,13.7,1500,20550.0,795352.5
2025-07-31 09:16:29 AM,13.25,0,0.0,795352.5
2025-07-31 09:16:30 AM,13.2,1125,14850.0,810202.5
2025-07-31 09:16:30 AM,13.1,0,0.0,810202.5
2025-07-31 09:16:31 AM,12.85,0,0.0,810202.5
2025-07-31 09:16:31 AM,12.95,975,12626.25,822828.75
2025-07-31 09:16:32 AM,13.25,1050,13912.5,836741.25
2025-07-31 09:16:32 AM,13.45,0,0.0,836741.25
2025-07-31 09:16:33 AM,13.6,0,0.0,836741.25
2025-07-31 09:16:33 AM,13.8,2250,31050.0,867791.25
2025-07-31 09:16:34 AM,13.85,0,0.0,867791.25
2025-07-31 09:16:35 AM,13.45,1200,16140.0,883931.25
2025-07-31 09:16:36 AM,13.4,0,0.0,883931.25
2025-07-31 09:16:36 AM,13.4,225,3015.0,886946.25
2025-07-31 09:16:37 AM,13.2,0,0.0,886946.25
2025-07-31 09:16:38 AM,13.2,300,3960.0,890906.25
2025-07-31 09:16:39 AM,13.15,0,0.0,890906.25
2025-07-31 09:16:39 AM,13.4,0,0.0,890906.25
2025-07-31 09:16:40 AM,13.2,0,0.0,890906.25
2025-07-31 09:16:40 AM,13.2,2550,33660.0,924566.25
2025-07-31 09:16:41 AM,13.3,1800,23940.0,948506.25
2025-07-31 09:16:42 AM,13.35,0,0.0,948506.25
2025-07-31 09:16:43 AM,13.3,0,0.0,948506.25
2025-07-31 09:16:43 AM,13.25,1125,14906.25,963412.5
2025-07-31 09:16:44 AM,13.2,0,0.0,963412.5
2025-07-31 09:16:45 AM,13.1,1875,24562.5,987975.0
2025-07-31 09:16:45 AM,13.1,450,5895.0,993870.0
2025-07-31 09:16:46 AM,13.15,0,0.0,993870.0
2025-07-31 09:16:46 AM,13.15,1275,16766.25,1010636.25
2025-07-31 09:16:49 AM,13.0,0,0.0,1010636.25
2025-07-31 09:16:50 AM,13.0,450,5850.0,1016486.25
2025-07-31 09:16:50 AM,12.75,0,0.0,1016486.25
2025-07-31 09:16:51 AM,13.0,0,0.0,1016486.25
2025-07-31 09:16:51 AM,13.0,2175,28275.0,1044761.25
2025-07-31 09:16:51 AM,12.9,75,967.5,1045728.75
2025-07-31 09:16:56 AM,12.9,225,2902.5,1048631.25
2025-07-31 09:16:57 AM,13.05,0,0.0,1048631.25
2025-07-31 09:16:57 AM,12.9,0,0.0,1048631.25
2025-07-31 09:16:58 AM,13.0,375,4875.0,1053506.25
2025-07-31 09:16:58 AM,13.0,975,12675.0,1066181.25
2025-07-31 09:16:59 AM,12.95,0,0.0,1066181.25
2025-07-31 09:16:59 AM,12.95,75,971.25,1067152.5
2025-07-31 09:17:00 AM,12.85,0,0.0,1067152.5
2025-07-31 09:17:00 AM,12.8,0,0.0,1067152.5
2025-07-31 09:17:01 AM,12.7,0,0.0,1067152.5
2025-07-31 09:17:01 AM,12.7,1500,19050.0,1086202.5
2025-07-31 09:17:01 AM,12.65,150,1897.5,1088100.0
2025-07-31 09:17:02 AM,12.6,0,0.0,1088100.0
2025-07-31 09:17:03 AM,12.5,825,10312.5,1098412.5
2025-07-31 09:17:04 AM,12.45,0,0.0,1098412.5
2025-07-31 09:17:04 AM,12.45,375,4668.75,1103081.25
2025-07-31 09:17:05 AM,12.55,0,0.0,1103081.25
2025-07-31 09:17:06 AM,12.45,0,0.0,1103081.25
2025-07-31 09:17:06 AM,12.45,2400,29880.0,1132961.25
2025-07-31 09:17:07 AM,12.5,0,0.0,1132961.25
2025-07-31 09:17:08 AM,12.5,900,11250.0,1144211.25
2025-07-31 09:17:08 AM,12.45,0,0.0,1144211.25
2025-07-31 09:17:09 AM,12.3,750,9225.0,1153436.25
2025-07-31 09:17:10 AM,12.45,0,0.0,1153436.25
2025-07-31 09:17:11 AM,12.55,0,0.0,1153436.25
2025-07-31 09:17:11 AM,12.55,1500,18825.0,1172261.25
2025-07-31 09:17:12 AM,12.7,0,0.0,1172261.25
2025-07-31 09:17:13 AM,12.6,6450,81270.0,1253531.25
2025-07-31 09:17:13 AM,12.65,0,0.0,1253531.25
2025-07-31 09:17:13 AM,12.55,0,0.0,1253531.25
2025-07-31 09:17:14 AM,12.45,975,12138.75,1265670.0
2025-07-31 09:17:16 AM,12.3,0,0.0,1265670.0
2025-07-31 09:17:16 AM,12.3,525,6457.5,1272127.5
2025-07-31 09:17:17 AM,12.45,0,0.0,1272127.5
2025-07-31 09:17:18 AM,12.6,225,2835.0,1274962.5
2025-07-31 09:17:18 AM,12.45,0,0.0,1274962.5
2025-07-31 09:17:19 AM,12.5,0,0.0,1274962.5
2025-07-31 09:17:19 AM,12.5,1725,21562.5,1296525.0
2025-07-31 09:17:20 AM,12.45,0,0.0,1296525.0
2025-07-31 09:17:21 AM,12.45,450,5602.5,1302127.5
2025-07-31 09:17:21 AM,12.4,0,0.0,1302127.5
2025-07-31 09:17:22 AM,12.45,0,0.0,1302127.5
2025-07-31 09:17:23 AM,12.4,975,12090.0,1314217.5
2025-07-31 09:17:23 AM,12.45,0,0.0,1314217.5
2025-07-31 09:17:24 AM,12.4,0,0.0,1314217.5
2025-07-31 09:17:24 AM,12.4,600,7440.0,1321657.5
2025-07-31 09:17:25 AM,12.45,0,0.0,1321657.5
2025-07-31 09:17:26 AM,12.45,300,3735.0,1325392.5
2025-07-31 09:17:26 AM,12.6,0,0.0,1325392.5
2025-07-31 09:17:27 AM,12.45,0,0.0,1325392.5
2025-07-31 09:17:27 AM,12.45,1350,16807.5,1342200.0
2025-07-31 09:17:28 AM,12.5,0,0.0,1342200.0
2025-07-31 09:17:29 AM,12.5,225,2812.5,1345012.5
2025-07-31 09:17:30 AM,12.55,0,0.0,1345012.5
2025-07-31 09:17:30 AM,12.6,0,0.0,1345012.5
2025-07-31 09:17:31 AM,12.45,450,5602.5,1350615.0
2025-07-31 09:17:32 AM,12.4,0,0.0,1350615.0
2025-07-31 09:17:32 AM,12.55,0,0.0,1350615.0
2025-07-31 09:17:32 AM,12.55,1875,23531.25,1374146.25
2025-07-31 09:17:33 AM,12.45,0,0.0,1374146.25
2025-07-31 09:17:34 AM,12.5,0,0.0,1374146.25
2025-07-31 09:17:34 AM,12.5,300,3750.0,1377896.25
2025-07-31 09:17:36 AM,12.5,75,937.5,1378833.75
2025-07-31 09:17:36 AM,12.6,0,0.0,1378833.75
2025-07-31 09:17:37 AM,12.5,0,0.0,1378833.75
2025-07-31 09:17:37 AM,12.6,1800,22680.0,1401513.75
2025-07-31 09:17:38 AM,12.7,0,0.0,1401513.75
2025-07-31 09:17:39 AM,12.65,0,0.0,1401513.75
2025-07-31 09:17:39 AM,12.75,3975,50681.25,1452195.0
2025-07-31 09:17:40 AM,12.65,0,0.0,1452195.0
2025-07-31 09:17:41 AM,12.65,150,1897.5,1454092.5
2025-07-31 09:17:42 AM,12.75,0,0.0,1454092.5
2025-07-31 09:17:42 AM,12.65,300,3795.0,1457887.5
2025-07-31 09:17:44 AM,12.75,675,8606.25,1466493.75
2025-07-31 09:17:45 AM,12.7,0,0.0,1466493.75
2025-07-31 09:17:46 AM,12.8,675,8640.0,1475133.75
2025-07-31 09:17:47 AM,12.85,0,0.0,1475133.75
2025-07-31 09:17:47 AM,12.8,600,7680.0,1482813.75
2025-07-31 09:17:48 AM,13.25,0,0.0,1482813.75
2025-07-31 09:17:49 AM,13.2,0,0.0,1482813.75
2025-07-31 09:17:49 AM,13.2,4200,55440.0,1538253.75
2025-07-31 09:17:50 AM,13.25,0,0.0,1538253.75
2025-07-31 09:17:51 AM,13.25,450,5962.5,1544216.25
2025-07-31 09:17:51 AM,13.2,75,990.0,1545206.25
2025-07-31 09:17:51 AM,13.35,0,0.0,1545206.25
2025-07-31 09:17:52 AM,13.4,0,0.0,1545206.25
2025-07-31 09:17:52 AM,13.4,1275,17085.0,1562291.25
2025-07-31 09:17:53 AM,13.7,0,0.0,1562291.25
2025-07-31 09:17:54 AM,13.6,0,0.0,1562291.25
2025-07-31 09:17:54 AM,13.6,2175,29580.0,1591871.25
2025-07-31 09:17:55 AM,13.8,0,0.0,1591871.25
2025-07-31 09:17:56 AM,13.8,1200,16560.0,1608431.25
2025-07-31 09:17:56 AM,13.65,150,2047.5,1610478.75
2025-07-31 09:17:58 AM,13.5,0,0.0,1610478.75
2025-07-31 09:17:59 AM,13.5,300,4050.0,1614528.75
2025-07-31 09:17:59 AM,13.55,150,2032.5,1616561.25
2025-07-31 09:18:00 AM,13.05,0,0.0,1616561.25
2025-07-31 09:18:00 AM,13.05,825,10766.25,1627327.5
2025-07-31 09:18:02 AM,13.2,0,0.0,1627327.5
2025-07-31 09:18:02 AM,13.25,0,0.0,1627327.5
2025-07-31 09:18:03 AM,13.3,0,0.0,1627327.5
2025-07-31 09:18:04 AM,13.25,1725,22856.25,1650183.75
2025-07-31 09:18:04 AM,13.3,0,0.0,1650183.75
2025-07-31 09:18:04 AM,13.35,0,0.0,1650183.75
2025-07-31 09:18:05 AM,13.05,0,0.0,1650183.75
2025-07-31 09:18:05 AM,12.95,0,0.0,1650183.75
2025-07-31 09:18:05 AM,13.05,2550,33277.5,1683461.25
2025-07-31 09:18:06 AM,13.4,0,0.0,1683461.25
2025-07-31 09:18:06 AM,13.95,0,0.0,1683461.25
2025-07-31 09:18:07 AM,14.25,0,0.0,1683461.25
2025-07-31 09:18:07 AM,14.25,4575,65193.75,1748655.0
2025-07-31 09:18:07 AM,14.3,0,0.0,1748655.0
2025-07-31 09:18:08 AM,14.45,0,0.0,1748655.0
2025-07-31 09:18:08 AM,14.45,975,14088.75,1762743.75
2025-07-31 09:18:09 AM,14.7,0,0.0,1762743.75
2025-07-31 09:18:10 AM,14.75,0,0.0,1762743.75
2025-07-31 09:18:10 AM,14.7,2550,37485.0,1800228.75
2025-07-31 09:18:11 AM,14.55,0,0.0,1800228.75
2025-07-31 09:18:11 AM,14.5,0,0.0,1800228.75
2025-07-31 09:18:12 AM,14.65,3150,46147.5,1846376.25
2025-07-31 09:18:12 AM,14.7,225,3307.5,1849683.75
2025-07-31 09:18:13 AM,14.65,0,0.0,1849683.75
2025-07-31 09:18:13 AM,14.55,1875,27281.25,1876965.0
2025-07-31 09:18:13 AM,14.6,225,3285.0,1880250.0
2025-07-31 09:18:15 AM,14.5,0,0.0,1880250.0
2025-07-31 09:18:15 AM,14.5,1950,28275.0,1908525.0
2025-07-31 09:18:16 AM,14.75,0,0.0,1908525.0
2025-07-31 09:18:17 AM,14.6,6375,93075.0,2001600.0
2025-07-31 09:18:18 AM,14.85,0,0.0,2001600.0
2025-07-31 09:18:18 AM,14.85,27525,408746.25,2410346.25
2025-07-31 09:18:18 AM,14.75,75,1106.25,2411452.5
2025-07-31 09:18:19 AM,14.65,0,0.0,2411452.5
2025-07-31 09:18:20 AM,14.45,0,0.0,2411452.5
2025-07-31 09:18:20 AM,14.7,0,0.0,2411452.5
2025-07-31 09:18:20 AM,14.55,1800,26190.0,2437642.5
2025-07-31 09:18:21 AM,14.5,0,0.0,2437642.5
2025-07-31 09:18:22 AM,14.5,225,3262.5,2440905.0
2025-07-31 09:18:22 AM,14.6,450,6570.0,2447475.0
2025-07-31 09:18:22 AM,14.7,0,0.0,2447475.0
2025-07-31 09:18:23 AM,14.65,0,0.0,2447475.0
2025-07-31 09:18:23 AM,14.65,28500,417525.0,2865000.0
2025-07-31 09:18:24 AM,14.7,0,0.0,2865000.0
2025-07-31 09:18:25 AM,14.65,0,0.0,2865000.0
2025-07-31 09:18:25 AM,14.65,150,2197.5,2867197.5
2025-07-31 09:18:25 AM,14.7,75,1102.5,2868300.0
2025-07-31 09:18:26 AM,14.65,0,0.0,2868300.0
2025-07-31 09:18:27 AM,14.7,12750,187425.0,3055725.0
2025-07-31 09:18:27 AM,14.8,0,0.0,3055725.0
2025-07-31 09:18:28 AM,14.95,525,7848.75,3063573.75
2025-07-31 09:18:30 AM,15.05,150,2257.5,3065831.25
2025-07-31 09:18:31 AM,15.0,0,0.0,3065831.25
2025-07-31 09:18:32 AM,15.1,150,2265.0,3068096.25
2025-07-31 09:18:32 AM,15.25,0,0.0,3068096.25
2025-07-31 09:18:32 AM,15.25,150,2287.5,3070383.75
2025-07-31 09:18:32 AM,15.2,0,0.0,3070383.75
2025-07-31 09:18:33 AM,14.95,0,0.0,3070383.75
2025-07-31 09:18:33 AM,14.95,2175,32516.25,3102900.0
2025-07-31 09:18:34 AM,14.9,0,0.0,3102900.0
2025-07-31 09:18:35 AM,14.75,0,0.0,3102900.0
2025-07-31 09:18:35 AM,14.75,750,11062.5,3113962.5
2025-07-31 09:18:37 AM,14.75,225,3318.75,3117281.25
2025-07-31 09:18:37 AM,14.55,0,0.0,3117281.25
2025-07-31 09:18:38 AM,14.5,0,0.0,3117281.25
2025-07-31 09:18:38 AM,14.4,750,10800.0,3128081.25
2025-07-31 09:18:40 AM,14.45,0,0.0,3128081.25
2025-07-31 09:18:40 AM,14.45,450,6502.5,3134583.75
2025-07-31 09:18:41 AM,14.5,0,0.0,3134583.75
2025-07-31 09:18:41 AM,14.65,0,0.0,3134583.75
2025-07-31 09:18:42 AM,14.55,1125,16368.75,3150952.5
2025-07-31 09:18:43 AM,14.65,0,0.0,3150952.5
2025-07-31 09:18:43 AM,14.65,225,3296.25,3154248.75
2025-07-31 09:18:44 AM,14.7,0,0.0,3154248.75
2025-07-31 09:18:45 AM,14.7,75,1102.5,3155351.25
2025-07-31 09:18:46 AM,14.5,0,0.0,3155351.25
2025-07-31 09:18:47 AM,14.5,1350,19575.0,3174926.25
2025-07-31 09:18:47 AM,14.5,150,2175.0,3177101.25
2025-07-31 09:18:48 AM,14.45,0,0.0,3177101.25
2025-07-31 09:18:48 AM,14.45,75,1083.75,3178185.0
2025-07-31 09:18:50 AM,14.6,0,0.0,3178185.0
2025-07-31 09:18:50 AM,14.6,525,7665.0,3185850.0
2025-07-31 09:18:51 AM,14.55,0,0.0,3185850.0
2025-07-31 09:18:51 AM,14.5,0,0.0,3185850.0
2025-07-31 09:18:52 AM,14.5,225,3262.5,3189112.5
2025-07-31 09:18:53 AM,14.5,150,2175.0,3191287.5
2025-07-31 09:18:54 AM,14.8,375,5550.0,3196837.5
2025-07-31 09:18:54 AM,14.75,0,0.0,3196837.5
2025-07-31 09:18:54 AM,14.85,0,0.0,3196837.5
2025-07-31 09:18:55 AM,14.9,0,0.0,3196837.5
2025-07-31 09:18:55 AM,14.85,1425,21161.25,3217998.75
2025-07-31 09:18:56 AM,14.9,0,0.0,3217998.75
2025-07-31 09:18:57 AM,14.9,1200,17880.0,3235878.75
2025-07-31 09:18:58 AM,14.75,0,0.0,3235878.75
2025-07-31 09:18:58 AM,14.75,225,3318.75,3239197.5
2025-07-31 09:19:00 AM,14.7,0,0.0,3239197.5
2025-07-31 09:19:00 AM,14.75,0,0.0,3239197.5
2025-07-31 09:19:00 AM,14.75,1425,21018.75,3260216.25
2025-07-31 09:19:01 AM,14.8,0,0.0,3260216.25
2025-07-31 09:19:01 AM,14.95,0,0.0,3260216.25
2025-07-31 09:19:02 AM,14.85,1950,28957.5,3289173.75
2025-07-31 09:19:03 AM,14.85,600,8910.0,3298083.75
2025-07-31 09:19:04 AM,14.9,0,0.0,3298083.75
2025-07-31 09:19:05 AM,14.8,0,0.0,3298083.75
2025-07-31 09:19:05 AM,14.85,2250,33412.5,3331496.25
2025-07-31 09:19:07 AM,15.1,525,7927.5,3339423.75
2025-07-31 09:19:08 AM,15.2,0,0.0,3339423.75
2025-07-31 09:19:09 AM,15.1,675,10192.5,3349616.25
2025-07-31 09:19:09 AM,15.2,0,0.0,3349616.25
2025-07-31 09:19:10 AM,15.1,0,0.0,3349616.25
2025-07-31 09:19:10 AM,15.1,3525,53227.5,3402843.75
2025-07-31 09:19:12 AM,15.15,2025,30678.75,3433522.5
2025-07-31 09:19:13 AM,15.2,0,0.0,3433522.5
2025-07-31 09:19:14 AM,15.2,75,1140.0,3434662.5
2025-07-31 09:19:14 AM,15.05,0,0.0,3434662.5
2025-07-31 09:19:15 AM,15.05,150,2257.5,3436920.0
2025-07-31 09:19:15 AM,15.25,0,0.0,3436920.0
2025-07-31 09:19:16 AM,15.4,450,6930.0,3443850.0
2025-07-31 09:19:16 AM,15.35,0,0.0,3443850.0
2025-07-31 09:19:16 AM,15.35,75,1151.25,3445001.25
2025-07-31 09:19:17 AM,15.25,0,0.0,3445001.25
2025-07-31 09:19:18 AM,15.25,600,9150.0,3454151.25
2025-07-31 09:19:19 AM,15.25,75,1143.75,3455295.0
2025-07-31 09:19:20 AM,15.45,0,0.0,3455295.0
2025-07-31 09:19:21 AM,15.35,1200,18420.0,3473715.0
2025-07-31 09:19:21 AM,15.35,300,4605.0,3478320.0
2025-07-31 09:19:23 AM,15.35,225,3453.75,3481773.75
2025-07-31 09:19:24 AM,15.5,0,0.0,3481773.75
2025-07-31 09:19:24 AM,15.5,600,9300.0,3491073.75
2025-07-31 09:19:26 AM,15.35,0,0.0,3491073.75
2025-07-31 09:19:26 AM,15.35,450,6907.5,3497981.25
2025-07-31 09:19:27 AM,15.45,0,0.0,3497981.25
2025-07-31 09:19:28 AM,15.4,225,3465.0,3501446.25
2025-07-31 09:19:28 AM,15.3,0,0.0,3501446.25
2025-07-31 09:19:29 AM,15.3,825,12622.5,3514068.75
2025-07-31 09:19:30 AM,15.3,1575,24097.5,3538166.25
2025-07-31 09:19:30 AM,15.4,0,0.0,3538166.25
2025-07-31 09:19:31 AM,15.3,0,0.0,3538166.25
2025-07-31 09:19:31 AM,15.3,525,8032.5,3546198.75
2025-07-31 09:19:32 AM,15.25,0,0.0,3546198.75
2025-07-31 09:19:33 AM,15.3,150,2295.0,3548493.75
2025-07-31 09:19:33 AM,15.3,150,2295.0,3550788.75
2025-07-31 09:19:34 AM,15.3,300,4590.0,3555378.75
2025-07-31 09:19:35 AM,15.45,0,0.0,3555378.75
2025-07-31 09:19:36 AM,15.4,0,0.0,3555378.75
2025-07-31 09:19:36 AM,15.4,150,2310.0,3557688.75
2025-07-31 09:19:36 AM,15.5,150,2325.0,3560013.75
2025-07-31 09:19:37 AM,15.7,0,0.0,3560013.75
2025-07-31 09:19:38 AM,15.6,450,7020.0,3567033.75
2025-07-31 09:19:39 AM,15.65,0,0.0,3567033.75
2025-07-31 09:19:39 AM,15.65,300,4695.0,3571728.75
2025-07-31 09:19:42 AM,15.5,0,0.0,3571728.75
2025-07-31 09:19:42 AM,15.6,0,0.0,3571728.75
2025-07-31 09:19:43 AM,15.6,150,2340.0,3574068.75
2025-07-31 09:19:44 AM,15.5,0,0.0,3574068.75
2025-07-31 09:19:44 AM,15.5,225,3487.5,3577556.25
2025-07-31 09:19:45 AM,15.55,0,0.0,3577556.25
2025-07-31 09:19:46 AM,15.55,150,2332.5,3579888.75
2025-07-31 09:19:48 AM,15.65,0,0.0,3579888.75
2025-07-31 09:19:48 AM,15.65,150,2347.5,3582236.25
2025-07-31 09:19:49 AM,15.7,0,0.0,3582236.25
2025-07-31 09:19:49 AM,15.7,150,2355.0,3584591.25
2025-07-31 09:19:51 AM,15.7,150,2355.0,3586946.25
2025-07-31 09:19:51 AM,15.9,750,11925.0,3598871.25
2025-07-31 09:19:53 AM,16.05,2250,36112.5,3634983.75
2025-07-31 09:19:54 AM,16.0,0,0.0,3634983.75
2025-07-31 09:19:54 AM,15.9,375,5962.5,3640946.25
2025-07-31 09:19:55 AM,15.8,0,0.0,3640946.25
2025-07-31 09:19:56 AM,15.85,225,3566.25,3644512.5
2025-07-31 09:19:58 AM,15.8,375,5925.0,3650437.5
2025-07-31 09:19:59 AM,15.7,0,0.0,3650437.5
2025-07-31 09:19:59 AM,15.75,0,0.0,3650437.5
2025-07-31 09:19:59 AM,15.75,1275,20081.25,3670518.75
2025-07-31 09:20:00 AM,15.8,6975,110205.0,3780723.75
2025-07-31 09:20:00 AM,15.9,0,0.0,3780723.75
2025-07-31 09:20:01 AM,15.55,0,0.0,3780723.75
2025-07-31 09:20:01 AM,15.65,750,11737.5,3792461.25
2025-07-31 09:20:01 AM,15.6,225,3510.0,3795971.25
2025-07-31 09:20:02 AM,15.5,0,0.0,3795971.25
2025-07-31 09:20:03 AM,15.55,2100,32655.0,3828626.25
2025-07-31 09:20:03 AM,15.55,375,5831.25,3834457.5
2025-07-31 09:20:03 AM,15.5,0,0.0,3834457.5
2025-07-31 09:20:04 AM,15.6,0,0.0,3834457.5
2025-07-31 09:20:04 AM,15.6,375,5850.0,3840307.5
2025-07-31 09:20:05 AM,15.6,150,2340.0,3842647.5
2025-07-31 09:20:06 AM,15.4,0,0.0,3842647.5
2025-07-31 09:20:06 AM,15.4,225,3465.0,3846112.5
2025-07-31 09:20:07 AM,15.35,0,0.0,3846112.5
2025-07-31 09:20:08 AM,15.3,525,8032.5,3854145.0
2025-07-31 09:20:08 AM,15.45,75,1158.75,3855303.75
2025-07-31 09:20:09 AM,15.3,0,0.0,3855303.75
2025-07-31 09:20:09 AM,15.35,0,0.0,3855303.75
2025-07-31 09:20:09 AM,15.35,2625,40293.75,3895597.5
2025-07-31 09:20:10 AM,15.3,75,1147.5,3896745.0
2025-07-31 09:20:10 AM,15.45,0,0.0,3896745.0
2025-07-31 09:20:11 AM,15.45,975,15063.75,3911808.75
2025-07-31 09:20:11 AM,15.5,75,1162.5,3912971.25
2025-07-31 09:20:12 AM,15.75,0,0.0,3912971.25
2025-07-31 09:20:13 AM,15.65,0,0.0,3912971.25
2025-07-31 09:20:13 AM,15.65,1725,26996.25,3939967.5
2025-07-31 09:20:14 AM,15.75,0,0.0,3939967.5
2025-07-31 09:20:14 AM,15.8,0,0.0,3939967.5
2025-07-31 09:20:14 AM,15.8,3525,55695.0,3995662.5
2025-07-31 09:20:15 AM,15.9,0,0.0,3995662.5
2025-07-31 09:20:15 AM,15.95,225,3588.75,3999251.25
2025-07-31 09:20:16 AM,16.0,0,0.0,3999251.25
2025-07-31 09:20:16 AM,16.1,3675,59167.50000000001,4058418.75
2025-07-31 09:20:17 AM,16.2,675,10935.0,4069353.75
2025-07-31 09:20:17 AM,16.25,0,0.0,4069353.75
2025-07-31 09:20:17 AM,16.2,0,0.0,4069353.75
2025-07-31 09:20:18 AM,16.2,1875,30375.0,4099728.75
2025-07-31 09:20:18 AM,16.15,0,0.0,4099728.75
2025-07-31 09:20:18 AM,16.15,2025,32703.749999999996,4132432.5
2025-07-31 09:20:19 AM,16.0,0,0.0,4132432.5
2025-07-31 09:20:20 AM,16.2,4200,68040.0,4200472.5
2025-07-31 09:20:21 AM,16.15,150,2422.5,4202895.0
2025-07-31 09:20:22 AM,16.1,375,6037.500000000001,4208932.5
2025-07-31 09:20:23 AM,16.3,0,0.0,4208932.5
2025-07-31 09:20:23 AM,16.3,75,1222.5,4210155.0
2025-07-31 09:20:25 AM,16.75,450,7537.5,4217692.5
2025-07-31 09:20:26 AM,16.6,0,0.0,4217692.5
2025-07-31 09:20:26 AM,16.6,150,2490.0,4220182.5
2025-07-31 09:20:27 AM,16.5,75,1237.5,4221420.0
2025-07-31 09:20:27 AM,16.6,0,0.0,4221420.0
2025-07-31 09:20:28 AM,16.5,0,0.0,4221420.0
2025-07-31 09:20:28 AM,16.5,675,11137.5,4232557.5
2025-07-31 09:20:29 AM,16.65,0,0.0,4232557.5
2025-07-31 09:20:30 AM,16.6,600,9960.0,4242517.5
2025-07-31 09:20:30 AM,16.8,0,0.0,4242517.5
2025-07-31 09:20:31 AM,16.75,0,0.0,4242517.5
2025-07-31 09:20:31 AM,16.75,300,5025.0,4247542.5
2025-07-31 09:20:33 AM,16.85,0,0.0,4247542.5
2025-07-31 09:20:33 AM,16.85,1725,29066.250000000004,4276608.75
2025-07-31 09:20:33 AM,16.95,450,7627.5,4284236.25
2025-07-31 09:20:34 AM,16.85,0,0.0,4284236.25
2025-07-31 09:20:35 AM,17.05,675,11508.75,4295745.0
2025-07-31 09:20:35 AM,16.95,0,0.0,4295745.0
2025-07-31 09:20:35 AM,16.95,300,5085.0,4300830.0
2025-07-31 09:20:36 AM,17.1,0,0.0,4300830.0
2025-07-31 09:20:36 AM,16.95,0,0.0,4300830.0
2025-07-31 09:20:36 AM,16.95,1275,21611.25,4322441.25
2025-07-31 09:20:38 AM,17.2,0,0.0,4322441.25
2025-07-31 09:20:40 AM,17.2,375,6450.0,4328891.25
2025-07-31 09:20:40 AM,17.5,0,0.0,4328891.25
2025-07-31 09:20:41 AM,17.3,0,0.0,4328891.25
2025-07-31 09:20:41 AM,17.3,1800,31140.0,4360031.25
2025-07-31 09:20:42 AM,17.4,600,10440.0,4370471.25
2025-07-31 09:20:42 AM,17.55,0,0.0,4370471.25
2025-07-31 09:20:43 AM,17.75,0,0.0,4370471.25
2025-07-31 09:20:43 AM,17.75,150,2662.5,4373133.75
2025-07-31 09:20:44 AM,17.65,0,0.0,4373133.75
2025-07-31 09:20:44 AM,17.75,0,0.0,4373133.75
2025-07-31 09:20:45 AM,17.7,1500,26550.0,4399683.75
2025-07-31 09:20:45 AM,17.8,0,0.0,4399683.75
2025-07-31 09:20:45 AM,17.8,900,16020.0,4415703.75
2025-07-31 09:20:46 AM,17.95,0,0.0,4415703.75
2025-07-31 09:20:46 AM,17.95,750,13462.5,4429166.25
2025-07-31 09:20:47 AM,18.1,0,0.0,4429166.25
2025-07-31 09:20:48 AM,18.1,1200,21720.0,4450886.25
2025-07-31 09:20:49 AM,18.0,0,0.0,4450886.25
2025-07-31 09:20:50 AM,18.1,600,10860.0,4461746.25
2025-07-31 09:20:51 AM,17.95,0,0.0,4461746.25
2025-07-31 09:20:51 AM,18.3,0,0.0,4461746.25
2025-07-31 09:20:51 AM,18.3,2100,38430.0,4500176.25
2025-07-31 09:20:52 AM,18.4,225,4140.0,4504316.25
2025-07-31 09:20:52 AM,18.3,0,0.0,4504316.25
2025-07-31 09:20:52 AM,18.35,0,0.0,4504316.25
2025-07-31 09:20:53 AM,18.25,0,0.0,4504316.25
2025-07-31 09:20:53 AM,18.1,3300,59730.00000000001,4564046.25
2025-07-31 09:20:53 AM,18.2,0,0.0,4564046.25
2025-07-31 09:20:53 AM,18.0,450,8100.0,4572146.25
2025-07-31 09:20:54 AM,18.05,0,0.0,4572146.25
2025-07-31 09:20:54 AM,18.1,0,0.0,4572146.25
2025-07-31 09:20:55 AM,17.95,1200,21540.0,4593686.25
2025-07-31 09:20:55 AM,18.0,75,1350.0,4595036.25
2025-07-31 09:20:56 AM,18.15,0,0.0,4595036.25
2025-07-31 09:20:56 AM,17.85,2700,48195.00000000001,4643231.25
2025-07-31 09:20:57 AM,17.55,4050,71077.5,4714308.75
2025-07-31 09:21:00 AM,17.55,225,3948.75,4718257.5
2025-07-31 09:21:00 AM,17.55,150,2632.5,4720890.0
2025-07-31 09:21:01 AM,17.95,0,0.0,4720890.0
2025-07-31 09:21:01 AM,17.95,75,1346.25,4722236.25
2025-07-31 09:21:02 AM,18.05,0,0.0,4722236.25
2025-07-31 09:21:03 AM,18.2,750,13650.0,4735886.25
2025-07-31 09:21:03 AM,18.3,1050,19215.0,4755101.25
2025-07-31 09:21:05 AM,18.05,225,4061.25,4759162.5
2025-07-31 09:21:05 AM,18.05,4650,83932.5,4843095.0
2025-07-31 09:21:06 AM,17.95,0,0.0,4843095.0
2025-07-31 09:21:06 AM,17.95,450,8077.5,4851172.5
2025-07-31 09:21:07 AM,17.75,0,0.0,4851172.5
2025-07-31 09:21:08 AM,17.6,525,9240.0,4860412.5
2025-07-31 09:21:08 AM,17.85,0,0.0,4860412.5
2025-07-31 09:21:09 AM,17.8,0,0.0,4860412.5
2025-07-31 09:21:10 AM,17.7,1800,31860.0,4892272.5
2025-07-31 09:21:10 AM,17.65,75,1323.75,4893596.25
2025-07-31 09:21:11 AM,17.55,0,0.0,4893596.25
2025-07-31 09:21:11 AM,17.55,1425,25008.75,4918605.0
2025-07-31 09:21:12 AM,17.6,0,0.0,4918605.0
2025-07-31 09:21:12 AM,17.5,0,0.0,4918605.0
2025-07-31 09:21:13 AM,17.4,1275,22185.0,4940790.0
2025-07-31 09:21:13 AM,17.4,75,1305.0,4942095.0
2025-07-31 09:21:14 AM,17.2,0,0.0,4942095.0
2025-07-31 09:21:14 AM,17.3,0,0.0,4942095.0
2025-07-31 09:21:15 AM,17.35,900,15615.000000000002,4957710.0
2025-07-31 09:21:15 AM,17.45,0,0.0,4957710.0
2025-07-31 09:21:15 AM,17.6,0,0.0,4957710.0
2025-07-31 09:21:16 AM,17.8,0,0.0,4957710.0
2025-07-31 09:21:16 AM,17.8,1200,21360.0,4979070.0
2025-07-31 09:21:16 AM,18.0,0,0.0,4979070.0
2025-07-31 09:21:17 AM,18.0,375,6750.0,4985820.0
2025-07-31 09:21:17 AM,18.1,0,0.0,4985820.0
2025-07-31 09:21:18 AM,18.0,450,8100.0,4993920.0
2025-07-31 09:21:19 AM,18.05,0,0.0,4993920.0
2025-07-31 09:21:19 AM,18.05,525,9476.25,5003396.25
2025-07-31 09:21:20 AM,18.15,75,1361.25,5004757.5
2025-07-31 09:21:20 AM,18.1,0,0.0,5004757.5
2025-07-31 09:21:21 AM,18.2,0,0.0,5004757.5
2025-07-31 09:21:21 AM,18.2,225,4095.0,5008852.5
2025-07-31 09:21:22 AM,18.25,0,0.0,5008852.5
2025-07-31 09:21:23 AM,18.3,675,12352.5,5021205.0
2025-07-31 09:21:23 AM,18.25,0,0.0,5021205.0
2025-07-31 09:21:23 AM,18.25,2025,36956.25,5058161.25
2025-07-31 09:21:25 AM,18.25,225,4106.25,5062267.5
2025-07-31 09:21:25 AM,18.2,0,0.0,5062267.5
2025-07-31 09:21:26 AM,18.2,75,1365.0,5063632.5
2025-07-31 09:21:27 AM,18.2,375,6825.0,5070457.5
2025-07-31 09:21:27 AM,18.25,0,0.0,5070457.5
2025-07-31 09:21:28 AM,18.15,225,4083.7499999999995,5074541.25
2025-07-31 09:21:29 AM,18.0,0,0.0,5074541.25
2025-07-31 09:21:29 AM,18.0,1125,20250.0,5094791.25
2025-07-31 09:21:30 AM,18.2,0,0.0,5094791.25
2025-07-31 09:21:30 AM,18.05,0,0.0,5094791.25
2025-07-31 09:21:31 AM,18.05,450,8122.5,5102913.75
2025-07-31 09:21:31 AM,18.1,0,0.0,5102913.75
2025-07-31 09:21:32 AM,18.05,600,10830.0,5113743.75
2025-07-31 09:21:32 AM,18.35,0,0.0,5113743.75
2025-07-31 09:21:33 AM,18.35,75,1376.25,5115120.0
2025-07-31 09:21:33 AM,18.05,0,0.0,5115120.0
2025-07-31 09:21:34 AM,18.15,0,0.0,5115120.0
2025-07-31 09:21:34 AM,18.15,150,2722.5,5117842.5
2025-07-31 09:21:36 AM,18.0,0,0.0,5117842.5
2025-07-31 09:21:36 AM,18.25,0,0.0,5117842.5
2025-07-31 09:21:36 AM,18.25,1875,34218.75,5152061.25
2025-07-31 09:21:36 AM,18.05,0,0.0,5152061.25
2025-07-31 09:21:37 AM,18.05,975,17598.75,5169660.0
2025-07-31 09:21:38 AM,18.2,0,0.0,5169660.0
2025-07-31 09:21:38 AM,18.2,150,2730.0,5172390.0
2025-07-31 09:21:38 AM,18.05,0,0.0,5172390.0
2025-07-31 09:21:38 AM,18.2,1575,28665.0,5201055.0
2025-07-31 09:21:39 AM,18.3,0,0.0,5201055.0
2025-07-31 09:21:39 AM,18.3,300,5490.0,5206545.0
2025-07-31 09:21:41 AM,18.05,150,2707.5,5209252.5
2025-07-31 09:21:42 AM,18.0,150,2700.0,5211952.5
2025-07-31 09:21:42 AM,18.15,0,0.0,5211952.5
2025-07-31 09:21:43 AM,18.2,150,2730.0,5214682.5
2025-07-31 09:21:44 AM,18.15,0,0.0,5214682.5
2025-07-31 09:21:44 AM,18.15,75,1361.25,5216043.75
2025-07-31 09:21:46 AM,18.3,0,0.0,5216043.75
2025-07-31 09:21:46 AM,18.45,0,0.0,5216043.75
2025-07-31 09:21:47 AM,18.45,1350,24907.5,5240951.25
2025-07-31 09:21:47 AM,18.55,0,0.0,5240951.25
2025-07-31 09:21:48 AM,18.4,675,12419.999999999998,5253371.25
2025-07-31 09:21:49 AM,18.3,0,0.0,5253371.25
2025-07-31 09:21:49 AM,18.3,375,6862.5,5260233.75
2025-07-31 09:21:51 AM,18.4,0,0.0,5260233.75
2025-07-31 09:21:51 AM,18.4,375,6899.999999999999,5267133.75
2025-07-31 09:21:52 AM,18.4,300,5520.0,5272653.75
2025-07-31 09:21:52 AM,18.45,0,0.0,5272653.75
2025-07-31 09:21:53 AM,18.45,1350,24907.5,5297561.25
2025-07-31 09:21:54 AM,18.5,0,0.0,5297561.25
2025-07-31 09:21:54 AM,18.5,750,13875.0,5311436.25
2025-07-31 09:21:55 AM,18.45,600,11070.0,5322506.25
2025-07-31 09:21:56 AM,18.2,0,0.0,5322506.25
2025-07-31 09:21:56 AM,18.05,675,12183.75,5334690.0
2025-07-31 09:21:57 AM,18.3,0,0.0,5334690.0
2025-07-31 09:21:58 AM,18.15,750,13612.499999999998,5348302.5
2025-07-31 09:21:58 AM,18.3,0,0.0,5348302.5
2025-07-31 09:21:58 AM,18.3,300,5490.0,5353792.5
2025-07-31 09:21:59 AM,18.05,0,0.0,5353792.5
2025-07-31 09:21:59 AM,18.05,3225,58211.25,5412003.75
2025-07-31 09:22:00 AM,17.9,150,2685.0,5414688.75
2025-07-31 09:22:01 AM,17.6,0,0.0,5414688.75
2025-07-31 09:22:01 AM,17.6,450,7920.000000000001,5422608.75
2025-07-31 09:22:02 AM,17.45,0,0.0,5422608.75
2025-07-31 09:22:03 AM,17.45,525,9161.25,5431770.0
2025-07-31 09:22:03 AM,17.45,150,2617.5,5434387.5
2025-07-31 09:22:04 AM,17.65,0,0.0,5434387.5
2025-07-31 09:22:04 AM,17.55,600,10530.0,5444917.5
2025-07-31 09:22:05 AM,17.6,300,5280.0,5450197.5
2025-07-31 09:22:05 AM,17.7,0,0.0,5450197.5
2025-07-31 09:22:05 AM,17.65,0,0.0,5450197.5
2025-07-31 09:22:06 AM,17.6,0,0.0,5450197.5
2025-07-31 09:22:06 AM,17.6,3300,58080.00000000001,5508277.5
2025-07-31 09:22:06 AM,17.5,0,0.0,5508277.5
2025-07-31 09:22:07 AM,17.5,600,10500.0,5518777.5
2025-07-31 09:22:07 AM,17.35,0,0.0,5518777.5
2025-07-31 09:22:08 AM,17.35,150,2602.5,5521380.0
2025-07-31 09:22:08 AM,17.6,0,0.0,5521380.0
2025-07-31 09:22:08 AM,17.65,0,0.0,5521380.0
2025-07-31 09:22:09 AM,17.5,0,0.0,5521380.0
2025-07-31 09:22:09 AM,17.5,975,17062.5,5538442.5
2025-07-31 09:22:11 AM,17.25,0,0.0,5538442.5
2025-07-31 09:22:11 AM,17.25,75,1293.75,5539736.25
2025-07-31 09:22:11 AM,16.95,0,0.0,5539736.25
2025-07-31 09:22:12 AM,16.9,525,8872.5,5548608.75
2025-07-31 09:22:12 AM,16.65,0,0.0,5548608.75
2025-07-31 09:22:13 AM,16.7,450,7515.0,5556123.75
2025-07-31 09:22:13 AM,16.5,0,0.0,5556123.75
2025-07-31 09:22:13 AM,16.6,0,0.0,5556123.75
2025-07-31 09:22:13 AM,16.6,1200,19920.0,5576043.75
2025-07-31 09:22:14 AM,16.85,0,0.0,5576043.75
2025-07-31 09:22:14 AM,16.75,0,0.0,5576043.75
2025-07-31 09:22:14 AM,16.75,900,15075.0,5591118.75
2025-07-31 09:22:16 AM,16.9,0,0.0,5591118.75
2025-07-31 09:22:16 AM,16.8,0,0.0,5591118.75
2025-07-31 09:22:16 AM,16.8,1950,32760.0,5623878.75
2025-07-31 09:22:17 AM,16.9,600,10140.0,5634018.75
2025-07-31 09:22:17 AM,16.8,0,0.0,5634018.75
2025-07-31 09:22:18 AM,16.85,1200,20220.0,5654238.75
2025-07-31 09:22:19 AM,16.8,0,0.0,5654238.75
2025-07-31 09:22:19 AM,16.8,225,3780.0,5658018.75
2025-07-31 09:22:20 AM,16.6,75,1245.0,5659263.75
2025-07-31 09:22:21 AM,16.8,225,3780.0,5663043.75
2025-07-31 09:22:21 AM,16.65,0,0.0,5663043.75
2025-07-31 09:22:22 AM,16.45,1200,19740.0,5682783.75
2025-07-31 09:22:22 AM,16.5,0,0.0,5682783.75
2025-07-31 09:22:23 AM,16.4,1725,28289.999999999996,5711073.75
2025-07-31 09:22:23 AM,16.4,75,1230.0,5712303.75
2025-07-31 09:22:24 AM,16.3,0,0.0,5712303.75
2025-07-31 09:22:24 AM,16.3,225,3667.5,5715971.25
2025-07-31 09:22:25 AM,16.6,0,0.0,5715971.25
2025-07-31 09:22:26 AM,16.6,75,1245.0,5717216.25
2025-07-31 09:22:28 AM,16.6,225,3735.0000000000005,5720951.25
2025-07-31 09:22:28 AM,16.55,0,0.0,5720951.25
2025-07-31 09:22:28 AM,16.55,150,2482.5,5723433.75
2025-07-31 09:22:29 AM,16.75,0,0.0,5723433.75
2025-07-31 09:22:29 AM,16.75,75,1256.25,5724690.0
2025-07-31 09:22:32 AM,16.4,0,0.0,5724690.0
2025-07-31 09:22:32 AM,16.35,1125,18393.75,5743083.75
2025-07-31 09:22:32 AM,16.5,0,0.0,5743083.75
2025-07-31 09:22:33 AM,16.5,2475,40837.5,5783921.25
2025-07-31 09:22:33 AM,16.7,0,0.0,5783921.25
2025-07-31 09:22:33 AM,16.75,0,0.0,5783921.25
2025-07-31 09:22:33 AM,16.75,1650,27637.5,5811558.75
2025-07-31 09:22:34 AM,16.6,0,0.0,5811558.75
2025-07-31 09:22:34 AM,16.55,0,0.0,5811558.75
2025-07-31 09:22:35 AM,16.55,225,3723.75,5815282.5
2025-07-31 09:22:36 AM,16.55,75,1241.25,5816523.75
2025-07-31 09:22:37 AM,16.5,0,0.0,5816523.75
2025-07-31 09:22:37 AM,16.6,0,0.0,5816523.75
2025-07-31 09:22:38 AM,16.6,150,2490.0,5819013.75
2025-07-31 09:22:40 AM,16.65,750,12487.499999999998,5831501.25
2025-07-31 09:22:40 AM,16.8,225,3780.0,5835281.25
2025-07-31 09:22:41 AM,16.6,2250,37350.0,5872631.25
2025-07-31 09:22:42 AM,16.75,150,2512.5,5875143.75
2025-07-31 09:22:44 AM,16.55,0,0.0,5875143.75
2025-07-31 09:22:45 AM,16.55,75,1241.25,5876385.0
2025-07-31 09:22:45 AM,16.8,0,0.0,5876385.0
2025-07-31 09:22:46 AM,16.8,525,8820.0,5885205.0
2025-07-31 09:22:48 AM,16.85,0,0.0,5885205.0
2025-07-31 09:22:48 AM,16.95,300,5085.0,5890290.0
2025-07-31 09:22:49 AM,17.05,0,0.0,5890290.0
2025-07-31 09:22:50 AM,17.1,1275,21802.5,5912092.5
2025-07-31 09:22:50 AM,17.2,450,7740.0,5919832.5
2025-07-31 09:22:50 AM,17.1,0,0.0,5919832.5
2025-07-31 09:22:51 AM,17.05,0,0.0,5919832.5
2025-07-31 09:22:51 AM,17.05,450,7672.5,5927505.0
2025-07-31 09:22:52 AM,17.0,150,2550.0,5930055.0
2025-07-31 09:22:52 AM,17.15,0,0.0,5930055.0
2025-07-31 09:22:53 AM,17.15,525,9003.75,5939058.75
2025-07-31 09:22:53 AM,17.0,0,0.0,5939058.75
2025-07-31 09:22:53 AM,17.15,0,0.0,5939058.75
2025-07-31 09:22:53 AM,17.15,2325,39873.75,5978932.5
2025-07-31 09:22:54 AM,17.1,0,0.0,5978932.5
2025-07-31 09:22:54 AM,16.7,0,0.0,5978932.5
2025-07-31 09:22:55 AM,16.8,6300,105840.0,6084772.5
2025-07-31 09:22:55 AM,16.95,600,10170.0,6094942.5
2025-07-31 09:22:56 AM,17.05,0,0.0,6094942.5
2025-07-31 09:22:56 AM,17.05,1200,20460.0,6115402.5
2025-07-31 09:22:57 AM,17.0,225,3825.0,6119227.5
2025-07-31 09:22:58 AM,17.0,300,5100.0,6124327.5
2025-07-31 09:22:58 AM,17.1,0,0.0,6124327.5
2025-07-31 09:22:58 AM,17.1,75,1282.5,6125610.0
2025-07-31 09:22:59 AM,16.8,0,0.0,6125610.0
2025-07-31 09:23:00 AM,16.8,1800,30240.0,6155850.0
2025-07-31 09:23:00 AM,16.95,0,0.0,6155850.0
2025-07-31 09:23:01 AM,16.95,150,2542.5,6158392.5
2025-07-31 09:23:02 AM,16.85,0,0.0,6158392.5
2025-07-31 09:23:03 AM,16.9,150,2535.0,6160927.5
2025-07-31 09:23:03 AM,16.9,75,1267.5,6162195.0
2025-07-31 09:23:06 AM,17.3,0,0.0,6162195.0
2025-07-31 09:23:06 AM,17.3,675,11677.5,6173872.5
2025-07-31 09:23:07 AM,17.35,0,0.0,6173872.5
2025-07-31 09:23:08 AM,17.4,1050,18270.0,6192142.5
2025-07-31 09:23:08 AM,17.3,675,11677.5,6203820.0
2025-07-31 09:23:08 AM,17.45,0,0.0,6203820.0
2025-07-31 09:23:09 AM,17.5,0,0.0,6203820.0
2025-07-31 09:23:10 AM,17.4,525,9135.0,6212955.0
2025-07-31 09:23:10 AM,17.2,300,5160.0,6218115.0
2025-07-31 09:23:11 AM,17.35,0,0.0,6218115.0
2025-07-31 09:23:11 AM,17.4,525,9135.0,6227250.0
2025-07-31 09:23:11 AM,17.45,0,0.0,6227250.0
2025-07-31 09:23:12 AM,17.45,1050,18322.5,6245572.5
2025-07-31 09:23:13 AM,17.35,1125,19518.75,6265091.25
2025-07-31 09:23:14 AM,17.45,0,0.0,6265091.25
2025-07-31 09:23:14 AM,17.65,0,0.0,6265091.25
2025-07-31 09:23:15 AM,17.55,2025,35538.75,6300630.0
2025-07-31 09:23:15 AM,17.55,450,7897.5,6308527.5
2025-07-31 09:23:15 AM,17.85,0,0.0,6308527.5
2025-07-31 09:23:15 AM,17.7,0,0.0,6308527.5
2025-07-31 09:23:16 AM,17.6,0,0.0,6308527.5
2025-07-31 09:23:16 AM,17.6,1950,34320.0,6342847.5
2025-07-31 09:23:17 AM,17.6,375,6600.000000000001,6349447.5
2025-07-31 09:23:17 AM,17.7,0,0.0,6349447.5
2025-07-31 09:23:18 AM,17.5,675,11812.5,6361260.0
2025-07-31 09:23:19 AM,17.2,0,0.0,6361260.0
2025-07-31 09:23:19 AM,17.15,300,5145.0,6366405.0
2025-07-31 09:23:20 AM,17.15,225,3858.7499999999995,6370263.75
2025-07-31 09:23:20 AM,17.05,0,0.0,6370263.75
2025-07-31 09:23:21 AM,16.95,225,3813.75,6374077.5
2025-07-31 09:23:22 AM,17.1,225,3847.5000000000005,6377925.0
2025-07-31 09:23:23 AM,17.1,300,5130.0,6383055.0
2025-07-31 09:23:23 AM,17.3,0,0.0,6383055.0
2025-07-31 09:23:23 AM,17.2,450,7740.0,6390795.0
2025-07-31 09:23:24 AM,17.15,0,0.0,6390795.0
2025-07-31 09:23:24 AM,17.15,75,1286.25,6392081.25
2025-07-31 09:23:25 AM,17.4,1500,26099.999999999996,6418181.25
2025-07-31 09:23:25 AM,17.3,0,0.0,6418181.25
2025-07-31 09:23:26 AM,17.3,375,6487.5,6424668.75
2025-07-31 09:23:28 AM,17.2,0,0.0,6424668.75
2025-07-31 09:23:28 AM,17.2,300,5160.0,6429828.75
2025-07-31 09:23:29 AM,17.5,0,0.0,6429828.75
2025-07-31 09:23:29 AM,17.4,225,3914.9999999999995,6433743.75
2025-07-31 09:23:30 AM,17.75,0,0.0,6433743.75
2025-07-31 09:23:31 AM,17.75,375,6656.25,6440400.0
2025-07-31 09:23:31 AM,17.7,0,0.0,6440400.0
2025-07-31 09:23:32 AM,17.7,750,13275.0,6453675.0
2025-07-31 09:23:32 AM,17.6,0,0.0,6453675.0
2025-07-31 09:23:33 AM,17.65,3000,52949.99999999999,6506625.0
2025-07-31 09:23:34 AM,17.55,0,0.0,6506625.0
2025-07-31 09:23:34 AM,17.55,75,1316.25,6507941.25
2025-07-31 09:23:35 AM,17.65,0,0.0,6507941.25
2025-07-31 09:23:36 AM,17.65,300,5295.0,6513236.25
2025-07-31 09:23:36 AM,17.7,0,0.0,6513236.25
2025-07-31 09:23:37 AM,17.6,2100,36960.0,6550196.25
2025-07-31 09:23:37 AM,17.7,0,0.0,6550196.25
2025-07-31 09:23:37 AM,17.65,0,0.0,6550196.25
2025-07-31 09:23:38 AM,17.65,4050,71482.5,6621678.75
2025-07-31 09:23:38 AM,17.6,0,0.0,6621678.75
2025-07-31 09:23:38 AM,17.6,150,2640.0,6624318.75
2025-07-31 09:23:39 AM,17.2,0,0.0,6624318.75
2025-07-31 09:23:39 AM,17.15,4575,78461.25,6702780.0
2025-07-31 09:23:40 AM,17.15,75,1286.25,6704066.25
2025-07-31 09:23:41 AM,17.15,225,3858.7499999999995,6707925.0
2025-07-31 09:23:42 AM,17.05,0,0.0,6707925.0
2025-07-31 09:23:42 AM,17.05,300,5115.0,6713040.0
2025-07-31 09:23:43 AM,16.95,0,0.0,6713040.0
2025-07-31 09:23:43 AM,16.95,150,2542.5,6715582.5
2025-07-31 09:23:43 AM,16.9,0,0.0,6715582.5
2025-07-31 09:23:43 AM,16.9,375,6337.499999999999,6721920.0
2025-07-31 09:23:44 AM,16.8,0,0.0,6721920.0
2025-07-31 09:23:44 AM,16.75,0,0.0,6721920.0
2025-07-31 09:23:44 AM,16.75,525,8793.75,6730713.75
2025-07-31 09:23:46 AM,16.85,0,0.0,6730713.75
2025-07-31 09:23:47 AM,16.95,525,8898.75,6739612.5
2025-07-31 09:23:47 AM,17.0,0,0.0,6739612.5
2025-07-31 09:23:48 AM,17.0,1200,20400.0,6760012.5
2025-07-31 09:23:51 AM,17.15,0,0.0,6760012.5
2025-07-31 09:23:51 AM,17.15,375,6431.249999999999,6766443.75
2025-07-31 09:23:52 AM,16.95,0,0.0,6766443.75
2025-07-31 09:23:52 AM,16.9,0,0.0,6766443.75
2025-07-31 09:23:53 AM,16.95,300,5085.0,6771528.75
2025-07-31 09:23:54 AM,17.0,0,0.0,6771528.75
2025-07-31 09:23:54 AM,16.85,675,11373.750000000002,6782902.5
2025-07-31 09:23:55 AM,16.8,75,1260.0,6784162.5
2025-07-31 09:23:56 AM,16.9,0,0.0,6784162.5
2025-07-31 09:23:57 AM,16.9,75,1267.5,6785430.0
2025-07-31 09:23:57 AM,16.75,0,0.0,6785430.0
2025-07-31 09:23:57 AM,16.6,0,0.0,6785430.0
2025-07-31 09:23:58 AM,16.75,1725,28893.75,6814323.75
2025-07-31 09:23:58 AM,16.7,450,7515.0,6821838.75
2025-07-31 09:23:59 AM,16.8,0,0.0,6821838.75
2025-07-31 09:23:59 AM,16.8,825,13860.0,6835698.75
2025-07-31 09:24:00 AM,16.95,225,3813.75,6839512.5
2025-07-31 09:24:02 AM,16.9,0,0.0,6839512.5
2025-07-31 09:24:03 AM,17.0,600,10200.0,6849712.5
2025-07-31 09:24:03 AM,17.1,0,0.0,6849712.5
2025-07-31 09:24:03 AM,17.1,375,6412.500000000001,6856125.0
2025-07-31 09:24:11 AM,17.05,0,0.0,6856125.0
2025-07-31 09:24:11 AM,17.15,525,9003.75,6865128.75
2025-07-31 09:24:11 AM,17.25,0,0.0,6865128.75
2025-07-31 09:24:12 AM,17.15,600,10290.0,6875418.75
2025-07-31 09:24:12 AM,17.25,0,0.0,6875418.75
2025-07-31 09:24:13 AM,17.55,900,15795.0,6891213.75
2025-07-31 09:24:15 AM,17.2,0,0.0,6891213.75
2025-07-31 09:24:15 AM,17.2,450,7740.0,6898953.75
2025-07-31 09:24:15 AM,17.15,0,0.0,6898953.75
2025-07-31 09:24:16 AM,17.15,75,1286.25,6900240.0
2025-07-31 09:24:17 AM,17.05,0,0.0,6900240.0
2025-07-31 09:24:17 AM,17.05,525,8951.25,6909191.25
2025-07-31 09:24:17 AM,17.25,0,0.0,6909191.25
2025-07-31 09:24:18 AM,17.25,1425,24581.25,6933772.5
2025-07-31 09:24:18 AM,16.9,6600,111539.99999999999,7045312.5
2025-07-31 09:24:19 AM,16.75,0,0.0,7045312.5
2025-07-31 09:24:19 AM,16.7,0,0.0,7045312.5
2025-07-31 09:24:19 AM,16.7,600,10020.0,7055332.5
2025-07-31 09:24:22 AM,17.05,450,7672.5,7063005.0
2025-07-31 09:24:22 AM,16.95,0,0.0,7063005.0
2025-07-31 09:24:23 AM,16.95,75,1271.25,7064276.25
2025-07-31 09:24:23 AM,17.1,0,0.0,7064276.25
2025-07-31 09:24:23 AM,17.1,525,8977.5,7073253.75
2025-07-31 09:24:24 AM,16.8,0,0.0,7073253.75
2025-07-31 09:24:24 AM,16.9,0,0.0,7073253.75
2025-07-31 09:24:24 AM,16.9,525,8872.5,7082126.25
2025-07-31 09:24:25 AM,17.0,0,0.0,7082126.25
2025-07-31 09:24:26 AM,16.8,750,12600.0,7094726.25
2025-07-31 09:24:27 AM,16.45,0,0.0,7094726.25
2025-07-31 09:24:28 AM,16.4,1200,19680.0,7114406.25
2025-07-31 09:24:28 AM,16.4,150,2460.0,7116866.25
2025-07-31 09:24:29 AM,16.3,0,0.0,7116866.25
2025-07-31 09:24:29 AM,16.3,225,3667.5,7120533.75
2025-07-31 09:24:32 AM,16.3,75,1222.5,7121756.25
2025-07-31 09:24:32 AM,16.15,0,0.0,7121756.25
2025-07-31 09:24:32 AM,16.1,0,0.0,7121756.25
2025-07-31 09:24:33 AM,16.1,225,3622.5000000000005,7125378.75
2025-07-31 09:24:33 AM,16.15,0,0.0,7125378.75
2025-07-31 09:24:33 AM,16.15,75,1211.25,7126590.0
2025-07-31 09:24:35 AM,16.15,600,9690.0,7136280.0
2025-07-31 09:24:36 AM,16.3,0,0.0,7136280.0
2025-07-31 09:24:36 AM,16.3,300,4890.0,7141170.0
2025-07-31 09:24:37 AM,16.35,150,2452.5,7143622.5
2025-07-31 09:24:38 AM,16.45,0,0.0,7143622.5
2025-07-31 09:24:38 AM,16.45,150,2467.5,7146090.0
2025-07-31 09:24:41 AM,16.45,225,3701.25,7149791.25
2025-07-31 09:24:42 AM,16.75,0,0.0,7149791.25
2025-07-31 09:24:43 AM,16.75,150,2512.5,7152303.75
2025-07-31 09:24:49 AM,16.9,0,0.0,7152303.75
2025-07-31 09:24:50 AM,16.9,525,8872.5,7161176.25
2025-07-31 09:24:50 AM,17.05,0,0.0,7161176.25
2025-07-31 09:24:50 AM,17.05,75,1278.75,7162455.0
2025-07-31 09:24:51 AM,17.4,0,0.0,7162455.0
2025-07-31 09:24:51 AM,17.4,225,3914.9999999999995,7166370.0
2025-07-31 09:24:52 AM,17.5,225,3937.5,7170307.5
2025-07-31 09:24:54 AM,17.55,0,0.0,7170307.5
2025-07-31 09:24:54 AM,17.45,0,0.0,7170307.5
2025-07-31 09:24:54 AM,17.3,0,0.0,7170307.5
2025-07-31 09:24:55 AM,17.5,3900,68250.0,7238557.5
2025-07-31 09:24:55 AM,17.35,0,0.0,7238557.5
2025-07-31 09:24:55 AM,17.35,2400,41640.0,7280197.5
2025-07-31 09:24:56 AM,17.5,0,0.0,7280197.5
2025-07-31 09:24:56 AM,17.5,375,6562.5,7286760.0
2025-07-31 09:24:57 AM,17.45,150,2617.5,7289377.5
2025-07-31 09:24:58 AM,17.2,150,2580.0,7291957.5
2025-07-31 09:24:58 AM,17.4,375,6524.999999999999,7298482.5
2025-07-31 09:24:59 AM,17.2,0,0.0,7298482.5
2025-07-31 09:25:00 AM,17.2,150,2580.0,7301062.5
2025-07-31 09:25:00 AM,17.2,1800,30960.0,7332022.5
2025-07-31 09:25:01 AM,17.05,0,0.0,7332022.5
2025-07-31 09:25:01 AM,16.95,225,3813.75,7335836.25
2025-07-31 09:25:01 AM,16.9,0,0.0,7335836.25
2025-07-31 09:25:02 AM,16.9,225,3802.4999999999995,7339638.75
2025-07-31 09:25:08 AM,16.9,225,3802.4999999999995,7343441.25
2025-07-31 09:25:09 AM,16.85,0,0.0,7343441.25
2025-07-31 09:25:10 AM,16.85,1275,21483.75,7364925.0
2025-07-31 09:25:11 AM,17.05,300,5115.0,7370040.0
2025-07-31 09:25:12 AM,16.85,225,3791.2500000000005,7373831.25
2025-07-31 09:25:15 AM,16.45,0,0.0,7373831.25
2025-07-31 09:25:16 AM,16.45,525,8636.25,7382467.5
2025-07-31 09:25:16 AM,16.35,0,0.0,7382467.5
2025-07-31 09:25:16 AM,16.3,0,0.0,7382467.5
2025-07-31 09:25:17 AM,16.2,1950,31590.0,7414057.5
2025-07-31 09:25:17 AM,16.3,0,0.0,7414057.5
2025-07-31 09:25:18 AM,16.15,300,4845.0,7418902.5
2025-07-31 09:25:19 AM,16.1,0,0.0,7418902.5
2025-07-31 09:25:19 AM,16.1,75,1207.5,7420110.0
2025-07-31 09:25:20 AM,16.15,0,0.0,7420110.0
2025-07-31 09:25:20 AM,16.15,675,10901.249999999998,7431011.25
2025-07-31 09:25:21 AM,16.2,375,6075.0,7437086.25
2025-07-31 09:25:21 AM,16.0,0,0.0,7437086.25
2025-07-31 09:25:22 AM,16.1,1125,18112.5,7455198.75
2025-07-31 09:25:23 AM,16.15,1125,18168.75,7473367.5
2025-07-31 09:25:23 AM,16.1,0,0.0,7473367.5
2025-07-31 09:25:23 AM,15.8,375,5925.0,7479292.5
2025-07-31 09:25:24 AM,15.5,0,0.0,7479292.5
2025-07-31 09:25:24 AM,15.5,1800,27900.0,7507192.5
2025-07-31 09:25:24 AM,15.45,0,0.0,7507192.5
2025-07-31 09:25:25 AM,15.5,900,13950.0,7521142.5
2025-07-31 09:25:25 AM,15.6,0,0.0,7521142.5
2025-07-31 09:25:26 AM,15.75,675,10631.25,7531773.75
2025-07-31 09:25:26 AM,15.7,0,0.0,7531773.75
2025-07-31 09:25:27 AM,15.85,1050,16642.5,7548416.25
2025-07-31 09:25:30 AM,15.95,0,0.0,7548416.25
2025-07-31 09:25:30 AM,15.95,75,1196.25,7549612.5
2025-07-31 09:25:31 AM,15.9,75,1192.5,7550805.0
2025-07-31 09:25:33 AM,15.9,75,1192.5,7551997.5
2025-07-31 09:25:35 AM,15.85,0,0.0,7551997.5
2025-07-31 09:25:36 AM,15.7,675,10597.5,7562595.0
2025-07-31 09:25:36 AM,15.65,0,0.0,7562595.0
2025-07-31 09:25:37 AM,15.7,375,5887.5,7568482.5
2025-07-31 09:25:37 AM,15.65,0,0.0,7568482.5
2025-07-31 09:25:38 AM,15.65,225,3521.25,7572003.75
2025-07-31 09:25:40 AM,15.4,0,0.0,7572003.75
2025-07-31 09:25:41 AM,15.55,525,8163.75,7580167.5
2025-07-31 09:25:41 AM,15.45,0,0.0,7580167.5
2025-07-31 09:25:42 AM,15.55,1650,25657.5,7605825.0
2025-07-31 09:25:42 AM,15.45,0,0.0,7605825.0
2025-07-31 09:25:42 AM,15.4,0,0.0,7605825.0
2025-07-31 09:25:43 AM,15.2,1275,19380.0,7625205.0
2025-07-31 09:25:43 AM,15.6,0,0.0,7625205.0
2025-07-31 09:25:44 AM,15.6,300,4680.0,7629885.0
2025-07-31 09:25:45 AM,15.5,0,0.0,7629885.0
2025-07-31 09:25:46 AM,15.5,225,3487.5,7633372.5
2025-07-31 09:25:47 AM,15.6,1275,19890.0,7653262.5
2025-07-31 09:25:48 AM,15.65,1275,19953.75,7673216.25
2025-07-31 09:25:48 AM,15.9,0,0.0,7673216.25
2025-07-31 09:25:49 AM,15.9,150,2385.0,7675601.25
2025-07-31 09:25:51 AM,16.05,0,0.0,7675601.25
2025-07-31 09:25:52 AM,16.05,150,2407.5,7678008.75
2025-07-31 09:25:54 AM,16.05,225,3611.25,7681620.0
2025-07-31 09:25:58 AM,16.25,0,0.0,7681620.0
2025-07-31 09:25:59 AM,16.05,0,0.0,7681620.0
2025-07-31 09:25:59 AM,16.05,1575,25278.75,7706898.75
2025-07-31 09:25:59 AM,16.05,75,1203.75,7708102.5
2025-07-31 09:26:00 AM,15.9,0,0.0,7708102.5
2025-07-31 09:26:00 AM,15.9,375,5962.5,7714065.0
2025-07-31 09:26:03 AM,16.0,0,0.0,7714065.0
2025-07-31 09:26:03 AM,16.0,375,6000.0,7720065.0
2025-07-31 09:26:05 AM,16.0,150,2400.0,7722465.0
2025-07-31 09:26:08 AM,16.0,300,4800.0,7727265.0
2025-07-31 09:26:09 AM,15.8,0,0.0,7727265.0
2025-07-31 09:26:09 AM,15.8,225,3555.0,7730820.0
2025-07-31 09:26:12 AM,15.7,0,0.0,7730820.0
2025-07-31 09:26:12 AM,15.7,150,2355.0,7733175.0
2025-07-31 09:26:13 AM,15.65,0,0.0,7733175.0
2025-07-31 09:26:13 AM,15.65,3225,50471.25,7783646.25
2025-07-31 09:26:14 AM,15.55,0,0.0,7783646.25
2025-07-31 09:26:14 AM,15.45,0,0.0,7783646.25
2025-07-31 09:26:14 AM,15.45,525,8111.25,7791757.5
2025-07-31 09:26:15 AM,15.35,75,1151.25,7792908.75
2025-07-31 09:26:15 AM,15.25,0,0.0,7792908.75
2025-07-31 09:26:16 AM,15.25,450,6862.5,7799771.25
2025-07-31 09:26:17 AM,15.55,0,0.0,7799771.25
2025-07-31 09:26:18 AM,15.55,75,1166.25,7800937.5
2025-07-31 09:26:19 AM,15.45,0,0.0,7800937.5
2025-07-31 09:26:19 AM,15.5,0,0.0,7800937.5
2025-07-31 09:26:19 AM,15.5,900,13950.0,7814887.5
2025-07-31 09:26:20 AM,15.55,0,0.0,7814887.5
2025-07-31 09:26:21 AM,15.55,1200,18660.0,7833547.5
2025-07-31 09:26:25 AM,15.2,0,0.0,7833547.5
2025-07-31 09:26:25 AM,15.2,2400,36480.0,7870027.5
2025-07-31 09:26:28 AM,15.3,0,0.0,7870027.5
2025-07-31 09:26:28 AM,15.25,0,0.0,7870027.5
2025-07-31 09:26:28 AM,15.25,225,3431.25,7873458.75
2025-07-31 09:26:29 AM,15.4,0,0.0,7873458.75
2025-07-31 09:26:29 AM,15.25,0,0.0,7873458.75
2025-07-31 09:26:29 AM,15.25,1650,25162.5,7898621.25
2025-07-31 09:26:30 AM,15.3,0,0.0,7898621.25
2025-07-31 09:26:30 AM,15.3,150,2295.0,7900916.25
2025-07-31 09:26:31 AM,15.45,0,0.0,7900916.25
2025-07-31 09:26:31 AM,15.45,75,1158.75,7902075.0
2025-07-31 09:26:32 AM,15.45,150,2317.5,7904392.5
2025-07-31 09:26:33 AM,15.45,300,4635.0,7909027.5
2025-07-31 09:26:33 AM,15.3,300,4590.0,7913617.5
2025-07-31 09:26:34 AM,15.45,0,0.0,7913617.5
2025-07-31 09:26:35 AM,15.45,1425,22016.25,7935633.75
2025-07-31 09:26:43 AM,16.0,0,0.0,7935633.75
2025-07-31 09:26:43 AM,16.1,0,0.0,7935633.75
2025-07-31 09:26:43 AM,16.1,300,4830.0,7940463.75
2025-07-31 09:26:45 AM,16.1,75,1207.5,7941671.25
2025-07-31 09:26:45 AM,16.2,0,0.0,7941671.25
2025-07-31 09:26:45 AM,16.2,300,4860.0,7946531.25
2025-07-31 09:26:46 AM,16.35,0,0.0,7946531.25
2025-07-31 09:26:46 AM,16.35,675,11036.250000000002,7957567.5
2025-07-31 09:26:47 AM,16.3,0,0.0,7957567.5
2025-07-31 09:26:48 AM,16.3,1800,29340.0,7986907.5
2025-07-31 09:26:49 AM,16.45,0,0.0,7986907.5
2025-07-31 09:26:50 AM,16.45,225,3701.25,7990608.75
2025-07-31 09:26:51 AM,16.7,0,0.0,7990608.75
2025-07-31 09:26:51 AM,16.7,150,2505.0,7993113.75
2025-07-31 09:26:51 AM,16.65,0,0.0,7993113.75
2025-07-31 09:26:52 AM,16.6,675,11205.000000000002,8004318.75
2025-07-31 09:26:53 AM,16.6,75,1245.0,8005563.75
2025-07-31 09:26:53 AM,16.6,1425,23655.000000000004,8029218.75
2025-07-31 09:26:55 AM,16.4,0,0.0,8029218.75
2025-07-31 09:26:55 AM,16.4,300,4920.0,8034138.75
2025-07-31 09:26:57 AM,16.55,0,0.0,8034138.75
2025-07-31 09:26:58 AM,16.55,75,1241.25,8035380.0
2025-07-31 09:26:58 AM,16.65,0,0.0,8035380.0
2025-07-31 09:26:58 AM,16.65,675,11238.749999999998,8046618.75
2025-07-31 09:26:59 AM,16.8,0,0.0,8046618.75
2025-07-31 09:27:00 AM,17.0,0,0.0,8046618.75
2025-07-31 09:27:00 AM,17.0,450,7650.0,8054268.75
2025-07-31 09:27:00 AM,16.95,0,0.0,8054268.75
2025-07-31 09:27:00 AM,16.95,300,5085.0,8059353.75
2025-07-31 09:27:01 AM,17.0,150,2550.0,8061903.75
2025-07-31 09:27:02 AM,16.9,0,0.0,8061903.75
2025-07-31 09:27:03 AM,16.9,75,1267.5,8063171.25
2025-07-31 09:27:03 AM,16.75,0,0.0,8063171.25
2025-07-31 09:27:03 AM,16.75,300,5025.0,8068196.25
2025-07-31 09:27:04 AM,16.6,0,0.0,8068196.25
2025-07-31 09:27:05 AM,16.55,225,3723.75,8071920.0
2025-07-31 09:27:06 AM,16.75,0,0.0,8071920.0
2025-07-31 09:27:06 AM,16.75,150,2512.5,8074432.5
2025-07-31 09:27:07 AM,16.85,225,3791.2500000000005,8078223.75
2025-07-31 09:27:07 AM,16.95,0,0.0,8078223.75
2025-07-31 09:27:08 AM,17.15,300,5145.0,8083368.75
2025-07-31 09:27:08 AM,17.15,150,2572.5,8085941.25
2025-07-31 09:27:09 AM,17.25,0,0.0,8085941.25
2025-07-31 09:27:10 AM,17.25,1050,18112.5,8104053.75
2025-07-31 09:27:10 AM,17.4,0,0.0,8104053.75
2025-07-31 09:27:10 AM,17.4,2400,41760.0,8145813.75
2025-07-31 09:27:14 AM,17.3,0,0.0,8145813.75
2025-07-31 09:27:15 AM,17.3,75,1297.5,8147111.25
2025-07-31 09:27:15 AM,17.15,0,0.0,8147111.25
2025-07-31 09:27:15 AM,17.15,75,1286.25,8148397.5
2025-07-31 09:27:16 AM,17.3,300,5190.0,8153587.5
2025-07-31 09:27:17 AM,17.35,0,0.0,8153587.5
2025-07-31 09:27:17 AM,17.35,75,1301.25,8154888.75
2025-07-31 09:27:17 AM,17.3,0,0.0,8154888.75
2025-07-31 09:27:18 AM,17.3,450,7785.0,8162673.75
2025-07-31 09:27:18 AM,17.0,0,0.0,8162673.75
2025-07-31 09:27:18 AM,17.05,0,0.0,8162673.75
2025-07-31 09:27:19 AM,17.1,0,0.0,8162673.75
2025-07-31 09:27:19 AM,17.1,750,12825.000000000002,8175498.75
2025-07-31 09:27:21 AM,17.3,0,0.0,8175498.75
2025-07-31 09:27:21 AM,17.3,300,5190.0,8180688.75
2025-07-31 09:27:23 AM,17.15,0,0.0,8180688.75
2025-07-31 09:27:24 AM,17.15,750,12862.499999999998,8193551.25
2025-07-31 09:27:26 AM,17.3,0,0.0,8193551.25
2025-07-31 09:27:26 AM,17.35,0,0.0,8193551.25
2025-07-31 09:27:26 AM,17.35,525,9108.75,8202660.0
2025-07-31 09:27:28 AM,17.35,375,6506.250000000001,8209166.25
2025-07-31 09:27:28 AM,17.5,0,0.0,8209166.25
2025-07-31 09:27:28 AM,17.5,1050,18375.0,8227541.25
2025-07-31 09:27:30 AM,17.35,0,0.0,8227541.25
2025-07-31 09:27:30 AM,17.3,0,0.0,8227541.25
2025-07-31 09:27:30 AM,17.3,375,6487.5,8234028.75
2025-07-31 09:27:31 AM,17.35,150,2602.5,8236631.25
2025-07-31 09:27:31 AM,17.45,0,0.0,8236631.25
2025-07-31 09:27:32 AM,17.45,375,6543.75,8243175.0
2025-07-31 09:27:32 AM,17.4,0,0.0,8243175.0
2025-07-31 09:27:33 AM,17.35,225,3903.7500000000005,8247078.75
2025-07-31 09:27:34 AM,17.3,0,0.0,8247078.75
2025-07-31 09:27:34 AM,17.3,150,2595.0,8249673.75
2025-07-31 09:27:35 AM,17.25,300,5175.0,8254848.75
2025-07-31 09:27:36 AM,17.2,0,0.0,8254848.75
2025-07-31 09:27:36 AM,17.2,150,2580.0,8257428.75
2025-07-31 09:27:40 AM,17.0,0,0.0,8257428.75
2025-07-31 09:27:40 AM,17.0,375,6375.0,8263803.75
2025-07-31 09:27:42 AM,16.55,0,0.0,8263803.75
2025-07-31 09:27:43 AM,16.55,75,1241.25,8265045.0
2025-07-31 09:27:44 AM,16.75,0,0.0,8265045.0
2025-07-31 09:27:44 AM,16.8,675,11340.0,8276385.0
2025-07-31 09:27:45 AM,16.85,75,1263.75,8277648.75
2025-07-31 09:27:47 AM,16.9,75,1267.5,8278916.25
2025-07-31 09:27:48 AM,16.95,225,3813.75,8282730.0
2025-07-31 09:27:49 AM,17.05,225,3836.25,8286566.25
2025-07-31 09:27:50 AM,17.1,0,0.0,8286566.25
2025-07-31 09:27:50 AM,17.15,375,6431.249999999999,8292997.5
2025-07-31 09:27:58 AM,17.1,0,0.0,8292997.5
2025-07-31 09:27:58 AM,17.1,75,1282.5,8294280.0
2025-07-31 09:27:58 AM,17.1,225,3847.5000000000005,8298127.5
2025-07-31 09:27:59 AM,17.2,0,0.0,8298127.5
2025-07-31 09:27:59 AM,17.2,450,7740.0,8305867.5
2025-07-31 09:28:02 AM,17.1,0,0.0,8305867.5
2025-07-31 09:28:02 AM,17.1,75,1282.5,8307150.0
2025-07-31 09:28:02 AM,17.0,0,0.0,8307150.0
2025-07-31 09:28:03 AM,17.0,375,6375.0,8313525.0
2025-07-31 09:28:06 AM,17.0,1950,33150.0,8346675.0
2025-07-31 09:28:07 AM,16.85,375,6318.750000000001,8352993.75
2025-07-31 09:28:09 AM,16.8,0,0.0,8352993.75
2025-07-31 09:28:09 AM,16.8,300,5040.0,8358033.75
2025-07-31 09:28:11 AM,16.75,0,0.0,8358033.75
2025-07-31 09:28:11 AM,16.65,0,0.0,8358033.75
2025-07-31 09:28:11 AM,16.65,375,6243.749999999999,8364277.5
2025-07-31 09:28:13 AM,16.8,1800,30240.0,8394517.5
2025-07-31 09:28:13 AM,16.8,75,1260.0,8395777.5
2025-07-31 09:28:16 AM,16.95,0,0.0,8395777.5
2025-07-31 09:28:16 AM,16.95,75,1271.25,8397048.75
2025-07-31 09:28:20 AM,16.75,0,0.0,8397048.75
2025-07-31 09:28:20 AM,16.8,2400,40320.0,8437368.75
2025-07-31 09:28:21 AM,16.9,0,0.0,8437368.75
2025-07-31 09:28:21 AM,16.9,2400,40560.0,8477928.75
2025-07-31 09:28:21 AM,16.8,0,0.0,8477928.75
2025-07-31 09:28:22 AM,16.8,1200,20160.0,8498088.75
2025-07-31 09:28:30 AM,17.0,1800,30600.0,8528688.75
2025-07-31 09:28:30 AM,17.1,0,0.0,8528688.75
2025-07-31 09:28:30 AM,17.25,225,3881.25,8532570.0
2025-07-31 09:28:33 AM,17.1,225,3847.5000000000005,8536417.5
2025-07-31 09:28:36 AM,16.95,0,0.0,8536417.5
2025-07-31 09:28:36 AM,16.95,525,8898.75,8545316.25
2025-07-31 09:28:36 AM,17.05,0,0.0,8545316.25
2025-07-31 09:28:37 AM,17.1,375,6412.500000000001,8551728.75
2025-07-31 09:28:38 AM,17.1,225,3847.5000000000005,8555576.25
2025-07-31 09:28:46 AM,17.15,525,9003.75,8564580.0
2025-07-31 09:28:48 AM,17.2,0,0.0,8564580.0
2025-07-31 09:28:48 AM,17.2,75,1290.0,8565870.0
2025-07-31 09:28:49 AM,17.15,300,5145.0,8571015.0
2025-07-31 09:28:51 AM,17.0,0,0.0,8571015.0
2025-07-31 09:28:51 AM,17.0,75,1275.0,8572290.0
2025-07-31 09:28:52 AM,16.65,0,0.0,8572290.0
2025-07-31 09:28:52 AM,16.65,900,14984.999999999998,8587275.0
2025-07-31 09:28:52 AM,16.75,0,0.0,8587275.0
2025-07-31 09:28:53 AM,16.8,150,2520.0,8589795.0
2025-07-31 09:28:54 AM,16.75,225,3768.75,8593563.75
2025-07-31 09:28:54 AM,16.85,0,0.0,8593563.75
2025-07-31 09:28:54 AM,16.95,0,0.0,8593563.75
2025-07-31 09:28:55 AM,16.95,750,12712.5,8606276.25
2025-07-31 09:28:56 AM,16.95,375,6356.25,8612632.5
2025-07-31 09:28:57 AM,16.9,225,3802.4999999999995,8616435.0
2025-07-31 09:28:58 AM,16.85,1500,25275.000000000004,8641710.0
2025-07-31 09:28:58 AM,16.9,0,0.0,8641710.0
2025-07-31 09:28:59 AM,16.9,300,5070.0,8646780.0
2025-07-31 09:28:59 AM,16.85,0,0.0,8646780.0
2025-07-31 09:29:00 AM,16.85,150,2527.5,8649307.5
2025-07-31 09:29:00 AM,16.85,750,12637.500000000002,8661945.0
2025-07-31 09:29:00 AM,16.9,0,0.0,8661945.0
2025-07-31 09:29:01 AM,16.95,0,0.0,8661945.0
2025-07-31 09:29:01 AM,17.0,3525,59925.0,8721870.0
2025-07-31 09:29:02 AM,17.05,1275,21738.75,8743608.75
2025-07-31 09:29:03 AM,17.2,675,11610.0,8755218.75
2025-07-31 09:29:06 AM,16.95,0,0.0,8755218.75
2025-07-31 09:29:07 AM,16.95,300,5085.0,8760303.75
2025-07-31 09:29:07 AM,17.0,0,0.0,8760303.75
2025-07-31 09:29:08 AM,16.9,300,5070.0,8765373.75
2025-07-31 09:29:10 AM,16.9,300,5070.0,8770443.75
2025-07-31 09:29:11 AM,16.6,0,0.0,8770443.75
2025-07-31 09:29:11 AM,16.4,1050,17220.0,8787663.75
2025-07-31 09:29:13 AM,16.35,0,0.0,8787663.75
2025-07-31 09:29:13 AM,16.35,450,7357.500000000001,8795021.25
2025-07-31 09:29:17 AM,16.45,0,0.0,8795021.25
2025-07-31 09:29:18 AM,16.45,1200,19740.0,8814761.25
2025-07-31 09:29:19 AM,16.7,0,0.0,8814761.25
2025-07-31 09:29:20 AM,16.7,75,1252.5,8816013.75
2025-07-31 09:29:23 AM,16.5,0,0.0,8816013.75
2025-07-31 09:29:23 AM,16.5,1200,19800.0,8835813.75
2025-07-31 09:29:24 AM,16.75,0,0.0,8835813.75
2025-07-31 09:29:24 AM,16.8,0,0.0,8835813.75
2025-07-31 09:29:25 AM,16.8,825,13860.0,8849673.75
2025-07-31 09:29:26 AM,16.9,0,0.0,8849673.75
2025-07-31 09:29:26 AM,17.05,1275,21738.75,8871412.5
2025-07-31 09:29:27 AM,17.05,5700,97185.0,8968597.5
2025-07-31 09:29:27 AM,17.1,0,0.0,8968597.5
2025-07-31 09:29:28 AM,17.05,975,16623.75,8985221.25
2025-07-31 09:29:30 AM,17.15,0,0.0,8985221.25
2025-07-31 09:29:30 AM,17.15,675,11576.249999999998,8996797.5
2025-07-31 09:29:30 AM,17.1,0,0.0,8996797.5
2025-07-31 09:29:30 AM,17.1,225,3847.5000000000005,9000645.0
2025-07-31 09:29:32 AM,17.1,675,11542.500000000002,9012187.5
2025-07-31 09:29:32 AM,17.05,0,0.0,9012187.5
2025-07-31 09:29:32 AM,17.15,0,0.0,9012187.5
2025-07-31 09:29:33 AM,17.05,2325,39641.25,9051828.75
2025-07-31 09:29:33 AM,17.1,0,0.0,9051828.75
2025-07-31 09:29:33 AM,17.1,600,10260.0,9062088.75
2025-07-31 09:29:34 AM,17.2,0,0.0,9062088.75
2025-07-31 09:29:35 AM,17.2,3375,58050.0,9120138.75
2025-07-31 09:29:35 AM,17.15,0,0.0,9120138.75
2025-07-31 09:29:35 AM,17.15,600,10290.0,9130428.75
2025-07-31 09:29:36 AM,17.1,0,0.0,9130428.75
2025-07-31 09:29:36 AM,17.25,225,3881.25,9134310.0
2025-07-31 09:29:38 AM,17.2,0,0.0,9134310.0
2025-07-31 09:29:38 AM,17.2,75,1290.0,9135600.0
2025-07-31 09:29:41 AM,17.15,0,0.0,9135600.0
2025-07-31 09:29:41 AM,17.15,300,5145.0,9140745.0
2025-07-31 09:29:42 AM,17.05,0,0.0,9140745.0
2025-07-31 09:29:43 AM,17.0,600,10200.0,9150945.0
2025-07-31 09:29:43 AM,16.8,0,0.0,9150945.0
2025-07-31 09:29:43 AM,16.8,300,5040.0,9155985.0
2025-07-31 09:29:44 AM,16.85,0,0.0,9155985.0
2025-07-31 09:29:45 AM,16.85,75,1263.75,9157248.75
2025-07-31 09:29:45 AM,16.8,0,0.0,9157248.75
2025-07-31 09:29:45 AM,16.8,75,1260.0,9158508.75
2025-07-31 09:29:47 AM,16.75,0,0.0,9158508.75
2025-07-31 09:29:47 AM,16.75,450,7537.5,9166046.25
2025-07-31 09:29:47 AM,16.6,0,0.0,9166046.25
2025-07-31 09:29:48 AM,16.6,375,6225.000000000001,9172271.25
2025-07-31 09:29:48 AM,16.4,0,0.0,9172271.25
2025-07-31 09:29:48 AM,16.35,450,7357.500000000001,9179628.75
2025-07-31 09:29:50 AM,16.4,225,3689.9999999999995,9183318.75
2025-07-31 09:29:51 AM,16.35,0,0.0,9183318.75
2025-07-31 09:29:51 AM,16.4,450,7379.999999999999,9190698.75
2025-07-31 09:29:52 AM,16.3,450,7335.0,9198033.75
2025-07-31 09:29:52 AM,16.45,0,0.0,9198033.75
2025-07-31 09:29:53 AM,16.5,2025,33412.5,9231446.25
2025-07-31 09:29:53 AM,16.4,0,0.0,9231446.25
2025-07-31 09:29:53 AM,16.4,300,4920.0,9236366.25
2025-07-31 09:29:54 AM,16.45,0,0.0,9236366.25
2025-07-31 09:29:54 AM,16.55,0,0.0,9236366.25
2025-07-31 09:29:55 AM,16.55,2400,39720.0,9276086.25
2025-07-31 09:29:55 AM,16.75,0,0.0,9276086.25
2025-07-31 09:29:55 AM,16.75,300,5025.0,9281111.25
2025-07-31 09:29:55 AM,16.7,0,0.0,9281111.25
2025-07-31 09:29:56 AM,16.75,0,0.0,9281111.25
2025-07-31 09:29:56 AM,16.75,900,15075.0,9296186.25
2025-07-31 09:29:57 AM,16.8,225,3780.0,9299966.25
2025-07-31 09:29:57 AM,16.85,0,0.0,9299966.25
2025-07-31 09:29:57 AM,16.7,0,0.0,9299966.25
2025-07-31 09:29:58 AM,16.8,1275,21420.0,9321386.25
2025-07-31 09:29:58 AM,16.65,0,0.0,9321386.25
2025-07-31 09:29:58 AM,16.65,600,9990.0,9331376.25
2025-07-31 09:29:59 AM,16.6,0,0.0,9331376.25
2025-07-31 09:30:00 AM,16.6,600,9960.0,9341336.25
2025-07-31 09:30:00 AM,16.35,0,0.0,9341336.25
2025-07-31 09:30:00 AM,16.35,225,3678.7500000000005,9345015.0
2025-07-31 09:30:00 AM,16.3,0,0.0,9345015.0
2025-07-31 09:30:01 AM,16.35,0,0.0,9345015.0
2025-07-31 09:30:01 AM,16.35,1125,18393.75,9363408.75
2025-07-31 09:30:02 AM,16.4,0,0.0,9363408.75
2025-07-31 09:30:03 AM,16.3,675,11002.5,9374411.25
2025-07-31 09:30:03 AM,16.3,975,15892.5,9390303.75
2025-07-31 09:30:04 AM,16.25,0,0.0,9390303.75
2025-07-31 09:30:05 AM,16.25,525,8531.25,9398835.0
2025-07-31 09:30:05 AM,16.2,0,0.0,9398835.0
2025-07-31 09:30:06 AM,16.1,0,0.0,9398835.0
2025-07-31 09:30:06 AM,16.1,750,12075.000000000002,9410910.0
2025-07-31 09:30:07 AM,16.1,1200,19320.0,9430230.0
2025-07-31 09:30:07 AM,16.15,0,0.0,9430230.0
2025-07-31 09:30:08 AM,16.2,2100,34020.0,9464250.0
2025-07-31 09:30:11 AM,16.0,75,1200.0,9465450.0
2025-07-31 09:30:14 AM,15.8,1200,18960.0,9484410.0
2025-07-31 09:30:14 AM,15.85,0,0.0,9484410.0
2025-07-31 09:30:14 AM,15.8,0,0.0,9484410.0
2025-07-31 09:30:15 AM,15.8,1500,23700.0,9508110.0
2025-07-31 09:30:19 AM,15.8,225,3555.0,9511665.0
2025-07-31 09:30:19 AM,15.85,0,0.0,9511665.0
2025-07-31 09:30:20 AM,15.85,225,3566.25,9515231.25
2025-07-31 09:30:21 AM,15.85,300,4755.0,9519986.25
2025-07-31 09:30:22 AM,15.85,75,1188.75,9521175.0
2025-07-31 09:30:24 AM,15.85,75,1188.75,9522363.75
2025-07-31 09:30:24 AM,16.0,0,0.0,9522363.75
2025-07-31 09:30:25 AM,16.0,300,4800.0,9527163.75
2025-07-31 09:30:26 AM,15.95,0,0.0,9527163.75
2025-07-31 09:30:26 AM,15.95,375,5981.25,9533145.0
2025-07-31 09:30:27 AM,16.3,150,2445.0,9535590.0
2025-07-31 09:30:28 AM,16.25,225,3656.25,9539246.25
2025-07-31 09:30:31 AM,16.3,0,0.0,9539246.25
2025-07-31 09:30:31 AM,16.3,75,1222.5,9540468.75
2025-07-31 09:30:34 AM,16.25,0,0.0,9540468.75
2025-07-31 09:30:35 AM,16.25,75,1218.75,9541687.5
2025-07-31 09:30:35 AM,16.15,0,0.0,9541687.5
2025-07-31 09:30:35 AM,16.05,300,4815.0,9546502.5
2025-07-31 09:30:35 AM,16.0,0,0.0,9546502.5
2025-07-31 09:30:36 AM,16.0,600,9600.0,9556102.5
2025-07-31 09:30:37 AM,15.95,0,0.0,9556102.5
2025-07-31 09:30:37 AM,15.95,600,9570.0,9565672.5
2025-07-31 09:30:37 AM,16.05,0,0.0,9565672.5
2025-07-31 09:30:38 AM,16.05,75,1203.75,9566876.25
2025-07-31 09:30:38 AM,15.95,0,0.0,9566876.25
2025-07-31 09:30:39 AM,15.95,75,1196.25,9568072.5
2025-07-31 09:30:40 AM,16.05,150,2407.5,9570480.0
2025-07-31 09:30:40 AM,16.0,75,1200.0,9571680.0
2025-07-31 09:30:40 AM,15.95,0,0.0,9571680.0
2025-07-31 09:30:41 AM,16.0,0,0.0,9571680.0
2025-07-31 09:30:42 AM,16.0,450,7200.0,9578880.0
2025-07-31 09:30:42 AM,16.0,225,3600.0,9582480.0
2025-07-31 09:30:42 AM,16.05,0,0.0,9582480.0
2025-07-31 09:30:43 AM,16.05,225,3611.25,9586091.25
2025-07-31 09:30:43 AM,16.3,0,0.0,9586091.25
2025-07-31 09:30:44 AM,16.3,450,7335.0,9593426.25
2025-07-31 09:30:44 AM,16.45,0,0.0,9593426.25
2025-07-31 09:30:45 AM,16.5,525,8662.5,9602088.75
2025-07-31 09:30:45 AM,16.45,225,3701.25,9605790.0
2025-07-31 09:30:45 AM,16.4,0,0.0,9605790.0
2025-07-31 09:30:47 AM,16.4,450,7379.999999999999,9613170.0
2025-07-31 09:30:48 AM,16.5,0,0.0,9613170.0
2025-07-31 09:30:48 AM,16.5,750,12375.0,9625545.0
2025-07-31 09:30:48 AM,16.45,0,0.0,9625545.0
2025-07-31 09:30:49 AM,16.45,75,1233.75,9626778.75
2025-07-31 09:30:50 AM,16.45,600,9870.0,9636648.75
2025-07-31 09:30:51 AM,16.4,0,0.0,9636648.75
2025-07-31 09:30:52 AM,16.4,150,2460.0,9639108.75
2025-07-31 09:30:54 AM,16.3,450,7335.0,9646443.75
2025-07-31 09:30:54 AM,16.2,0,0.0,9646443.75
2025-07-31 09:30:55 AM,16.2,450,7290.0,9653733.75
2025-07-31 09:30:57 AM,16.35,0,0.0,9653733.75
2025-07-31 09:30:58 AM,16.35,375,6131.250000000001,9659865.0
2025-07-31 09:31:00 AM,16.05,75,1203.75,9661068.75
2025-07-31 09:31:01 AM,16.0,0,0.0,9661068.75
2025-07-31 09:31:02 AM,16.0,75,1200.0,9662268.75
2025-07-31 09:31:02 AM,16.05,0,0.0,9662268.75
2025-07-31 09:31:02 AM,16.05,525,8426.25,9670695.0
2025-07-31 09:31:03 AM,16.0,0,0.0,9670695.0
2025-07-31 09:31:03 AM,16.0,150,2400.0,9673095.0
2025-07-31 09:31:05 AM,15.95,0,0.0,9673095.0
2025-07-31 09:31:05 AM,15.95,375,5981.25,9679076.25
2025-07-31 09:31:07 AM,15.7,0,0.0,9679076.25
2025-07-31 09:31:07 AM,15.7,75,1177.5,9680253.75
2025-07-31 09:31:08 AM,15.7,75,1177.5,9681431.25
2025-07-31 09:31:08 AM,15.75,0,0.0,9681431.25
2025-07-31 09:31:09 AM,15.75,675,10631.25,9692062.5
2025-07-31 09:31:09 AM,15.95,0,0.0,9692062.5
2025-07-31 09:31:10 AM,15.95,225,3588.75,9695651.25
2025-07-31 09:31:11 AM,16.05,0,0.0,9695651.25
2025-07-31 09:31:12 AM,16.05,375,6018.75,9701670.0
2025-07-31 09:31:12 AM,16.0,0,0.0,9701670.0
2025-07-31 09:31:13 AM,16.0,150,2400.0,9704070.0
2025-07-31 09:31:19 AM,16.45,75,1233.75,9705303.75
2025-07-31 09:31:23 AM,16.6,0,0.0,9705303.75
2025-07-31 09:31:24 AM,16.6,75,1245.0,9706548.75
2025-07-31 09:31:24 AM,16.55,0,0.0,9706548.75
2025-07-31 09:31:25 AM,16.55,300,4965.0,9711513.75
2025-07-31 09:31:28 AM,16.6,150,2490.0,9714003.75
2025-07-31 09:31:29 AM,16.8,0,0.0,9714003.75
2025-07-31 09:31:30 AM,16.8,75,1260.0,9715263.75
2025-07-31 09:31:30 AM,16.95,450,7627.5,9722891.25
2025-07-31 09:31:34 AM,16.95,75,1271.25,9724162.5
2025-07-31 09:31:34 AM,16.65,0,0.0,9724162.5
2025-07-31 09:31:35 AM,16.7,525,8767.5,9732930.0
2025-07-31 09:31:36 AM,16.75,0,0.0,9732930.0
2025-07-31 09:31:37 AM,16.75,300,5025.0,9737955.0
2025-07-31 09:31:37 AM,16.6,0,0.0,9737955.0
2025-07-31 09:31:38 AM,16.6,150,2490.0,9740445.0
2025-07-31 09:31:40 AM,16.75,0,0.0,9740445.0
2025-07-31 09:31:40 AM,16.75,75,1256.25,9741701.25
2025-07-31 09:31:41 AM,16.9,0,0.0,9741701.25
2025-07-31 09:31:42 AM,16.9,150,2535.0,9744236.25
2025-07-31 09:31:43 AM,16.85,0,0.0,9744236.25
2025-07-31 09:31:43 AM,16.85,225,3791.2500000000005,9748027.5
2025-07-31 09:31:45 AM,16.85,150,2527.5,9750555.0
2025-07-31 09:31:51 AM,16.9,0,0.0,9750555.0
2025-07-31 09:31:52 AM,16.9,225,3802.4999999999995,9754357.5
2025-07-31 09:31:53 AM,16.75,0,0.0,9754357.5
2025-07-31 09:31:53 AM,16.75,225,3768.75,9758126.25
2025-07-31 09:31:53 AM,16.6,0,0.0,9758126.25
2025-07-31 09:31:54 AM,16.6,75,1245.0,9759371.25
2025-07-31 09:31:54 AM,16.7,0,0.0,9759371.25
2025-07-31 09:31:55 AM,16.35,525,8583.75,9767955.0
2025-07-31 09:31:55 AM,16.45,0,0.0,9767955.0
2025-07-31 09:31:55 AM,16.45,300,4935.0,9772890.0
2025-07-31 09:31:57 AM,16.25,0,0.0,9772890.0
2025-07-31 09:31:58 AM,16.25,1800,29250.0,9802140.0
2025-07-31 09:32:00 AM,16.55,0,0.0,9802140.0
2025-07-31 09:32:00 AM,16.55,300,4965.0,9807105.0
2025-07-31 09:32:04 AM,16.7,0,0.0,9807105.0
2025-07-31 09:32:05 AM,16.7,150,2505.0,9809610.0
2025-07-31 09:32:07 AM,16.6,900,14940.000000000002,9824550.0
2025-07-31 09:32:07 AM,16.75,75,1256.25,9825806.25
2025-07-31 09:32:10 AM,16.85,0,0.0,9825806.25
2025-07-31 09:32:10 AM,16.85,75,1263.75,9827070.0
2025-07-31 09:32:11 AM,17.05,0,0.0,9827070.0
2025-07-31 09:32:11 AM,17.0,0,0.0,9827070.0
2025-07-31 09:32:12 AM,17.0,1725,29325.0,9856395.0
2025-07-31 09:32:13 AM,17.0,75,1275.0,9857670.0
2025-07-31 09:32:14 AM,16.95,0,0.0,9857670.0
2025-07-31 09:32:15 AM,16.95,75,1271.25,9858941.25
2025-07-31 09:32:17 AM,17.2,0,0.0,9858941.25
2025-07-31 09:32:18 AM,16.95,0,0.0,9858941.25
2025-07-31 09:32:18 AM,16.95,3375,57206.25,9916147.5
2025-07-31 09:32:20 AM,17.2,0,0.0,9916147.5
2025-07-31 09:32:21 AM,17.15,0,0.0,9916147.5
2025-07-31 09:32:21 AM,17.15,150,2572.5,9918720.0
2025-07-31 09:32:22 AM,17.25,0,0.0,9918720.0
2025-07-31 09:32:23 AM,17.25,750,12937.5,9931657.5
2025-07-31 09:32:25 AM,17.4,0,0.0,9931657.5
2025-07-31 09:32:25 AM,17.4,225,3914.9999999999995,9935572.5
2025-07-31 09:32:27 AM,17.1,0,0.0,9935572.5
2025-07-31 09:32:28 AM,17.1,75,1282.5,9936855.0
2025-07-31 09:32:30 AM,17.45,0,0.0,9936855.0
2025-07-31 09:32:30 AM,17.45,300,5235.0,9942090.0
2025-07-31 09:32:33 AM,17.35,0,0.0,9942090.0
2025-07-31 09:32:33 AM,17.35,450,7807.500000000001,9949897.5
2025-07-31 09:32:35 AM,17.2,0,0.0,9949897.5
2025-07-31 09:32:35 AM,17.2,75,1290.0,9951187.5
2025-07-31 09:32:37 AM,17.25,0,0.0,9951187.5
2025-07-31 09:32:37 AM,17.25,75,1293.75,9952481.25
2025-07-31 09:32:38 AM,17.25,300,5175.0,9957656.25
2025-07-31 09:32:39 AM,17.2,0,0.0,9957656.25
2025-07-31 09:32:40 AM,17.2,75,1290.0,9958946.25
2025-07-31 09:32:57 AM,16.95,0,0.0,9958946.25
2025-07-31 09:32:58 AM,16.9,0,0.0,9958946.25
2025-07-31 09:32:58 AM,16.9,600,10140.0,9969086.25
2025-07-31 09:33:01 AM,17.0,0,0.0,9969086.25
2025-07-31 09:33:02 AM,17.0,75,1275.0,9970361.25
2025-07-31 09:33:02 AM,17.1,75,1282.5,9971643.75
2025-07-31 09:33:04 AM,16.9,0,0.0,9971643.75
2025-07-31 09:33:05 AM,16.9,300,5070.0,9976713.75
2025-07-31 09:33:07 AM,17.05,0,0.0,9976713.75
2025-07-31 09:33:08 AM,16.95,0,0.0,9976713.75
2025-07-31 09:33:08 AM,16.95,1200,20340.0,9997053.75
2025-07-31 09:33:14 AM,16.95,150,2542.5,9999596.25
2025-07-31 09:33:14 AM,17.0,0,0.0,9999596.25
2025-07-31 09:33:15 AM,17.0,300,5100.0,10004696.25
2025-07-31 09:33:16 AM,16.95,0,0.0,10004696.25
2025-07-31 09:33:17 AM,16.95,225,3813.75,10008510.0
2025-07-31 09:33:17 AM,17.1,375,6412.500000000001,10014922.5
2025-07-31 09:33:20 AM,16.65,0,0.0,10014922.5
2025-07-31 09:33:20 AM,16.65,525,8741.25,10023663.75
2025-07-31 09:33:20 AM,16.55,0,0.0,10023663.75
2025-07-31 09:33:20 AM,16.55,450,7447.5,10031111.25
2025-07-31 09:33:21 AM,16.45,0,0.0,10031111.25
2025-07-31 09:33:22 AM,16.45,525,8636.25,10039747.5
2025-07-31 09:33:22 AM,16.5,75,1237.5,10040985.0
2025-07-31 09:33:24 AM,16.35,0,0.0,10040985.0
2025-07-31 09:33:24 AM,16.35,300,4905.0,10045890.0
2025-07-31 09:33:25 AM,16.25,0,0.0,10045890.0
2025-07-31 09:33:25 AM,16.2,0,0.0,10045890.0
2025-07-31 09:33:25 AM,16.3,750,12225.0,10058115.0
2025-07-31 09:33:27 AM,16.3,150,2445.0,10060560.0
2025-07-31 09:33:27 AM,16.1,1125,18112.5,10078672.5
2025-07-31 09:33:39 AM,16.55,0,0.0,10078672.5
2025-07-31 09:33:40 AM,16.55,150,2482.5,10081155.0
2025-07-31 09:33:40 AM,16.5,0,0.0,10081155.0
2025-07-31 09:33:40 AM,16.5,75,1237.5,10082392.5
2025-07-31 09:33:43 AM,16.5,75,1237.5,10083630.0
2025-07-31 09:33:45 AM,16.2,0,0.0,10083630.0
2025-07-31 09:33:45 AM,16.2,75,1215.0,10084845.0
2025-07-31 09:33:48 AM,16.3,0,0.0,10084845.0
2025-07-31 09:33:48 AM,16.3,75,1222.5,10086067.5
2025-07-31 09:33:50 AM,16.4,0,0.0,10086067.5
2025-07-31 09:33:50 AM,16.4,75,1230.0,10087297.5
2025-07-31 09:33:51 AM,16.6,0,0.0,10087297.5
2025-07-31 09:33:52 AM,16.6,5250,87150.00000000001,10174447.5
2025-07-31 09:33:54 AM,16.2,0,0.0,10174447.5
2025-07-31 09:33:55 AM,16.2,75,1215.0,10175662.5
2025-07-31 09:33:57 AM,16.2,75,1215.0,10176877.5
2025-07-31 09:33:58 AM,16.15,0,0.0,10176877.5
2025-07-31 09:33:58 AM,16.15,150,2422.5,10179300.0
2025-07-31 09:33:59 AM,16.2,0,0.0,10179300.0
2025-07-31 09:33:59 AM,16.2,75,1215.0,10180515.0
2025-07-31 09:33:59 AM,16.15,0,0.0,10180515.0
2025-07-31 09:34:00 AM,16.15,150,2422.5,10182937.5
2025-07-31 09:34:02 AM,16.35,75,1226.25,10184163.75
2025-07-31 09:34:03 AM,16.35,75,1226.25,10185390.0
2025-07-31 09:34:05 AM,16.35,375,6131.250000000001,10191521.25
2025-07-31 09:34:08 AM,16.25,0,0.0,10191521.25
2025-07-31 09:34:08 AM,16.25,150,2437.5,10193958.75
2025-07-31 09:34:09 AM,16.3,0,0.0,10193958.75
2025-07-31 09:34:09 AM,16.35,0,0.0,10193958.75
2025-07-31 09:34:09 AM,16.35,375,6131.250000000001,10200090.0
2025-07-31 09:34:10 AM,16.4,0,0.0,10200090.0
2025-07-31 09:34:10 AM,16.4,225,3689.9999999999995,10203780.0
2025-07-31 09:34:15 AM,16.4,225,3689.9999999999995,10207470.0
2025-07-31 09:34:25 AM,16.8,0,0.0,10207470.0
2025-07-31 09:34:25 AM,16.8,75,1260.0,10208730.0
2025-07-31 09:34:27 AM,16.7,0,0.0,10208730.0
2025-07-31 09:34:27 AM,16.7,675,11272.5,10220002.5
2025-07-31 09:34:30 AM,16.85,0,0.0,10220002.5
2025-07-31 09:34:30 AM,16.85,75,1263.75,10221266.25
2025-07-31 09:34:31 AM,16.95,0,0.0,10221266.25
2025-07-31 09:34:32 AM,17.05,375,6393.75,10227660.0
2025-07-31 09:34:33 AM,16.95,0,0.0,10227660.0
2025-07-31 09:34:33 AM,16.95,450,7627.5,10235287.5
2025-07-31 09:34:37 AM,16.9,0,0.0,10235287.5
2025-07-31 09:34:37 AM,16.9,450,7604.999999999999,10242892.5
2025-07-31 09:34:38 AM,16.85,300,5055.0,10247947.5
2025-07-31 09:34:40 AM,17.05,0,0.0,10247947.5
2025-07-31 09:34:41 AM,17.05,150,2557.5,10250505.0
2025-07-31 09:34:44 AM,16.8,0,0.0,10250505.0
2025-07-31 09:34:45 AM,16.8,75,1260.0,10251765.0
2025-07-31 09:34:47 AM,17.0,0,0.0,10251765.0
2025-07-31 09:34:47 AM,17.0,75,1275.0,10253040.0
2025-07-31 09:34:48 AM,17.05,375,6393.75,10259433.75
2025-07-31 09:34:50 AM,17.0,0,0.0,10259433.75
2025-07-31 09:34:50 AM,17.0,600,10200.0,10269633.75
2025-07-31 09:34:53 AM,17.2,0,0.0,10269633.75
2025-07-31 09:34:53 AM,17.2,150,2580.0,10272213.75
2025-07-31 09:34:58 AM,17.45,0,0.0,10272213.75
2025-07-31 09:34:58 AM,17.45,75,1308.75,10273522.5
2025-07-31 09:34:59 AM,17.4,0,0.0,10273522.5
2025-07-31 09:35:00 AM,17.5,0,0.0,10273522.5
2025-07-31 09:35:00 AM,17.5,1050,18375.0,10291897.5
2025-07-31 09:35:02 AM,17.55,0,0.0,10291897.5
2025-07-31 09:35:02 AM,17.55,825,14478.75,10306376.25
2025-07-31 09:35:05 AM,17.35,0,0.0,10306376.25
2025-07-31 09:35:05 AM,17.3,0,0.0,10306376.25
2025-07-31 09:35:06 AM,17.25,1200,20700.0,10327076.25
2025-07-31 09:35:08 AM,17.2,0,0.0,10327076.25
2025-07-31 09:35:08 AM,17.2,150,2580.0,10329656.25
2025-07-31 09:35:17 AM,16.85,0,0.0,10329656.25
2025-07-31 09:35:17 AM,16.85,150,2527.5,10332183.75
2025-07-31 09:35:23 AM,16.55,0,0.0,10332183.75
2025-07-31 09:35:23 AM,16.55,375,6206.25,10338390.0
2025-07-31 09:35:27 AM,16.85,0,0.0,10338390.0
2025-07-31 09:35:27 AM,16.85,225,3791.2500000000005,10342181.25
2025-07-31 09:35:27 AM,16.75,0,0.0,10342181.25
2025-07-31 09:35:28 AM,16.55,525,8688.75,10350870.0
2025-07-31 09:35:33 AM,16.85,0,0.0,10350870.0
2025-07-31 09:35:33 AM,16.85,75,1263.75,10352133.75
2025-07-31 09:35:35 AM,16.8,0,0.0,10352133.75
2025-07-31 09:35:36 AM,16.8,150,2520.0,10354653.75
2025-07-31 09:35:37 AM,16.9,0,0.0,10354653.75
2025-07-31 09:35:37 AM,16.9,1200,20280.0,10374933.75
2025-07-31 09:35:42 AM,16.9,75,1267.5,10376201.25
2025-07-31 09:35:42 AM,17.0,1800,30600.0,10406801.25
2025-07-31 09:35:43 AM,16.9,75,1267.5,10408068.75
2025-07-31 09:35:45 AM,16.8,0,0.0,10408068.75
2025-07-31 09:35:45 AM,16.8,75,1260.0,10409328.75
2025-07-31 09:35:46 AM,16.7,0,0.0,10409328.75
2025-07-31 09:35:47 AM,16.7,150,2505.0,10411833.75
2025-07-31 09:35:47 AM,16.45,450,7402.5,10419236.25
2025-07-31 09:35:50 AM,16.4,0,0.0,10419236.25
2025-07-31 09:35:51 AM,16.55,0,0.0,10419236.25
2025-07-31 09:35:51 AM,16.55,1875,31031.25,10450267.5
2025-07-31 09:35:51 AM,16.45,0,0.0,10450267.5
2025-07-31 09:35:52 AM,16.45,75,1233.75,10451501.25
2025-07-31 09:35:53 AM,16.6,0,0.0,10451501.25
2025-07-31 09:35:53 AM,16.95,5475,92801.25,10544302.5
2025-07-31 09:35:54 AM,16.75,0,0.0,10544302.5
2025-07-31 09:35:54 AM,16.75,600,10050.0,10554352.5
2025-07-31 09:35:54 AM,16.6,0,0.0,10554352.5
2025-07-31 09:35:55 AM,16.6,75,1245.0,10555597.5
2025-07-31 09:35:56 AM,16.65,0,0.0,10555597.5
2025-07-31 09:35:57 AM,16.7,1950,32565.0,10588162.5
2025-07-31 09:35:57 AM,16.7,525,8767.5,10596930.0
2025-07-31 09:35:58 AM,16.65,0,0.0,10596930.0
2025-07-31 09:35:58 AM,16.65,75,1248.75,10598178.75
2025-07-31 09:36:00 AM,16.6,225,3735.0000000000005,10601913.75
2025-07-31 09:36:04 AM,16.45,0,0.0,10601913.75
2025-07-31 09:36:05 AM,16.45,75,1233.75,10603147.5
2025-07-31 09:36:07 AM,16.45,75,1233.75,10604381.25
2025-07-31 09:36:08 AM,16.55,0,0.0,10604381.25
2025-07-31 09:36:08 AM,16.55,75,1241.25,10605622.5
2025-07-31 09:36:12 AM,16.6,0,0.0,10605622.5
2025-07-31 09:36:12 AM,16.6,225,3735.0000000000005,10609357.5
2025-07-31 09:36:16 AM,16.6,300,4980.0,10614337.5
2025-07-31 09:36:16 AM,16.55,0,0.0,10614337.5
2025-07-31 09:36:17 AM,16.55,75,1241.25,10615578.75
2025-07-31 09:36:19 AM,16.65,0,0.0,10615578.75
2025-07-31 09:36:20 AM,16.6,0,0.0,10615578.75
2025-07-31 09:36:20 AM,16.6,375,6225.000000000001,10621803.75
2025-07-31 09:36:20 AM,16.55,0,0.0,10621803.75
2025-07-31 09:36:21 AM,16.55,225,3723.75,10625527.5
2025-07-31 09:36:26 AM,16.45,0,0.0,10625527.5
2025-07-31 09:36:27 AM,16.45,150,2467.5,10627995.0
2025-07-31 09:36:31 AM,16.5,0,0.0,10627995.0
2025-07-31 09:36:32 AM,16.5,525,8662.5,10636657.5
2025-07-31 09:36:34 AM,16.45,0,0.0,10636657.5
2025-07-31 09:36:34 AM,16.45,900,14805.0,10651462.5
2025-07-31 09:36:36 AM,16.3,0,0.0,10651462.5
2025-07-31 09:36:36 AM,16.25,0,0.0,10651462.5
2025-07-31 09:36:37 AM,16.25,300,4875.0,10656337.5
2025-07-31 09:36:44 AM,16.45,0,0.0,10656337.5
2025-07-31 09:36:45 AM,16.45,300,4935.0,10661272.5
2025-07-31 09:36:46 AM,16.5,0,0.0,10661272.5
2025-07-31 09:36:46 AM,16.5,75,1237.5,10662510.0
2025-07-31 09:36:46 AM,16.4,0,0.0,10662510.0
2025-07-31 09:36:47 AM,16.4,675,11069.999999999998,10673580.0
2025-07-31 09:36:50 AM,16.35,0,0.0,10673580.0
2025-07-31 09:36:50 AM,16.35,450,7357.500000000001,10680937.5
2025-07-31 09:36:51 AM,16.4,0,0.0,10680937.5
2025-07-31 09:36:52 AM,16.4,150,2460.0,10683397.5
2025-07-31 09:37:03 AM,16.3,0,0.0,10683397.5
2025-07-31 09:37:03 AM,16.3,75,1222.5,10684620.0
2025-07-31 09:37:04 AM,16.25,0,0.0,10684620.0
2025-07-31 09:37:04 AM,16.25,450,7312.5,10691932.5
2025-07-31 09:37:11 AM,16.3,0,0.0,10691932.5
2025-07-31 09:37:12 AM,16.3,75,1222.5,10693155.0
2025-07-31 09:37:15 AM,16.35,0,0.0,10693155.0
2025-07-31 09:37:15 AM,16.35,75,1226.25,10694381.25
2025-07-31 09:37:28 AM,16.35,225,3678.7500000000005,10698060.0
2025-07-31 09:37:28 AM,16.3,0,0.0,10698060.0
2025-07-31 09:37:29 AM,16.3,150,2445.0,10700505.0
2025-07-31 09:37:32 AM,16.3,75,1222.5,10701727.5
2025-07-31 09:37:36 AM,16.15,0,0.0,10701727.5
2025-07-31 09:37:36 AM,16.15,1200,19380.0,10721107.5
2025-07-31 09:37:36 AM,16.2,0,0.0,10721107.5
2025-07-31 09:37:37 AM,16.2,1800,29160.0,10750267.5
2025-07-31 09:37:37 AM,16.2,1200,19440.0,10769707.5
2025-07-31 09:37:38 AM,16.45,1125,18506.25,10788213.75
2025-07-31 09:37:41 AM,16.1,0,0.0,10788213.75
2025-07-31 09:37:42 AM,16.2,0,0.0,10788213.75
2025-07-31 09:37:42 AM,16.2,225,3645.0,10791858.75
2025-07-31 09:37:42 AM,16.05,525,8426.25,10800285.0
2025-07-31 09:37:44 AM,16.0,0,0.0,10800285.0
2025-07-31 09:37:44 AM,16.0,675,10800.0,10811085.0
2025-07-31 09:37:44 AM,16.15,0,0.0,10811085.0
2025-07-31 09:37:45 AM,16.15,150,2422.5,10813507.5
2025-07-31 09:37:46 AM,16.15,375,6056.249999999999,10819563.75
2025-07-31 09:38:00 AM,16.0,0,0.0,10819563.75
2025-07-31 09:38:00 AM,16.0,1650,26400.0,10845963.75
2025-07-31 09:38:01 AM,15.8,0,0.0,10845963.75
2025-07-31 09:38:01 AM,15.8,150,2370.0,10848333.75
2025-07-31 09:38:02 AM,15.75,75,1181.25,10849515.0
2025-07-31 09:38:03 AM,15.6,0,0.0,10849515.0
2025-07-31 09:38:03 AM,15.65,150,2347.5,10851862.5
2025-07-31 09:38:05 AM,15.75,0,0.0,10851862.5
2025-07-31 09:38:06 AM,15.9,600,9540.0,10861402.5
2025-07-31 09:38:06 AM,15.8,0,0.0,10861402.5
2025-07-31 09:38:07 AM,15.8,75,1185.0,10862587.5
2025-07-31 09:38:08 AM,15.8,150,2370.0,10864957.5
2025-07-31 09:38:12 AM,15.75,0,0.0,10864957.5
2025-07-31 09:38:12 AM,15.75,150,2362.5,10867320.0
2025-07-31 09:38:13 AM,15.75,225,3543.75,10870863.75
2025-07-31 09:38:15 AM,15.8,0,0.0,10870863.75
2025-07-31 09:38:15 AM,15.8,750,11850.0,10882713.75
2025-07-31 09:38:18 AM,15.7,0,0.0,10882713.75
2025-07-31 09:38:18 AM,15.7,75,1177.5,10883891.25
2025-07-31 09:38:21 AM,15.55,0,0.0,10883891.25
2025-07-31 09:38:21 AM,15.65,0,0.0,10883891.25
2025-07-31 09:38:22 AM,15.7,0,0.0,10883891.25
2025-07-31 09:38:22 AM,15.7,975,15307.5,10899198.75
2025-07-31 09:38:24 AM,15.6,0,0.0,10899198.75
2025-07-31 09:38:24 AM,15.6,3075,47970.0,10947168.75
2025-07-31 09:38:25 AM,15.6,1725,26910.0,10974078.75
2025-07-31 09:38:26 AM,15.65,0,0.0,10974078.75
2025-07-31 09:38:26 AM,15.65,900,14085.0,10988163.75
2025-07-31 09:38:27 AM,15.65,300,4695.0,10992858.75
2025-07-31 09:38:29 AM,15.65,300,4695.0,10997553.75
2025-07-31 09:38:31 AM,15.5,0,0.0,10997553.75
2025-07-31 09:38:31 AM,15.6,150,2340.0,10999893.75
2025-07-31 09:38:37 AM,15.55,0,0.0,10999893.75
2025-07-31 09:38:37 AM,15.6,1575,24570.0,11024463.75
2025-07-31 09:38:37 AM,15.65,0,0.0,11024463.75
2025-07-31 09:38:38 AM,15.65,75,1173.75,11025637.5
2025-07-31 09:38:40 AM,15.5,0,0.0,11025637.5
2025-07-31 09:38:40 AM,15.5,900,13950.0,11039587.5
2025-07-31 09:38:42 AM,15.5,600,9300.0,11048887.5
2025-07-31 09:38:42 AM,15.45,0,0.0,11048887.5
2025-07-31 09:38:43 AM,15.45,75,1158.75,11050046.25
2025-07-31 09:38:47 AM,15.45,75,1158.75,11051205.0
2025-07-31 09:38:48 AM,15.45,75,1158.75,11052363.75
2025-07-31 09:38:51 AM,15.35,0,0.0,11052363.75
2025-07-31 09:38:51 AM,15.3,450,6885.0,11059248.75
2025-07-31 09:38:52 AM,15.4,0,0.0,11059248.75
2025-07-31 09:38:53 AM,15.4,75,1155.0,11060403.75
2025-07-31 09:38:54 AM,15.35,0,0.0,11060403.75
2025-07-31 09:38:54 AM,15.4,0,0.0,11060403.75
2025-07-31 09:38:55 AM,15.4,375,5775.0,11066178.75
2025-07-31 09:38:55 AM,15.35,0,0.0,11066178.75
2025-07-31 09:38:55 AM,15.35,150,2302.5,11068481.25
2025-07-31 09:38:58 AM,15.4,0,0.0,11068481.25
2025-07-31 09:38:59 AM,15.4,75,1155.0,11069636.25
2025-07-31 09:38:59 AM,15.35,0,0.0,11069636.25
2025-07-31 09:39:00 AM,15.35,750,11512.5,11081148.75
2025-07-31 09:39:02 AM,15.4,0,0.0,11081148.75
2025-07-31 09:39:02 AM,15.35,0,0.0,11081148.75
2025-07-31 09:39:02 AM,15.45,825,12746.25,11093895.0
2025-07-31 09:39:03 AM,15.45,600,9270.0,11103165.0
2025-07-31 09:39:04 AM,15.45,300,4635.0,11107800.0
2025-07-31 09:39:06 AM,15.3,0,0.0,11107800.0
2025-07-31 09:39:07 AM,15.3,150,2295.0,11110095.0
2025-07-31 09:39:08 AM,15.1,0,0.0,11110095.0
2025-07-31 09:39:09 AM,15.1,1125,16987.5,11127082.5
2025-07-31 09:39:10 AM,15.55,10200,158610.0,11285692.5
2025-07-31 09:39:10 AM,15.45,450,6952.5,11292645.0
2025-07-31 09:39:11 AM,15.75,450,7087.5,11299732.5
2025-07-31 09:39:12 AM,15.65,0,0.0,11299732.5
2025-07-31 09:39:12 AM,15.65,75,1173.75,11300906.25
2025-07-31 09:39:19 AM,15.5,0,0.0,11300906.25
2025-07-31 09:39:19 AM,15.5,1200,18600.0,11319506.25
2025-07-31 09:39:21 AM,15.65,0,0.0,11319506.25
2025-07-31 09:39:21 AM,15.65,75,1173.75,11320680.0
2025-07-31 09:39:22 AM,15.6,0,0.0,11320680.0
2025-07-31 09:39:22 AM,15.6,75,1170.0,11321850.0
2025-07-31 09:39:22 AM,15.7,0,0.0,11321850.0
2025-07-31 09:39:22 AM,15.7,300,4710.0,11326560.0
2025-07-31 09:39:31 AM,15.6,0,0.0,11326560.0
2025-07-31 09:39:32 AM,15.6,75,1170.0,11327730.0
2025-07-31 09:39:33 AM,15.5,0,0.0,11327730.0
2025-07-31 09:39:33 AM,15.5,750,11625.0,11339355.0
2025-07-31 09:39:39 AM,15.55,0,0.0,11339355.0
2025-07-31 09:39:39 AM,15.55,150,2332.5,11341687.5
2025-07-31 09:39:42 AM,15.55,225,3498.75,11345186.25
2025-07-31 09:39:46 AM,15.65,0,0.0,11345186.25
2025-07-31 09:39:46 AM,15.7,0,0.0,11345186.25
2025-07-31 09:39:46 AM,15.7,150,2355.0,11347541.25
2025-07-31 09:39:48 AM,15.7,600,9420.0,11356961.25
2025-07-31 09:39:52 AM,15.55,0,0.0,11356961.25
2025-07-31 09:39:52 AM,15.55,450,6997.5,11363958.75
2025-07-31 09:39:56 AM,15.35,0,0.0,11363958.75
2025-07-31 09:39:57 AM,15.35,75,1151.25,11365110.0
2025-07-31 09:39:58 AM,15.5,0,0.0,11365110.0
2025-07-31 09:39:58 AM,15.5,450,6975.0,11372085.0
2025-07-31 09:40:01 AM,15.6,0,0.0,11372085.0
2025-07-31 09:40:02 AM,15.6,300,4680.0,11376765.0
2025-07-31 09:40:05 AM,15.3,0,0.0,11376765.0
2025-07-31 09:40:05 AM,15.3,450,6885.0,11383650.0
2025-07-31 09:40:09 AM,15.15,0,0.0,11383650.0
2025-07-31 09:40:09 AM,15.15,150,2272.5,11385922.5
2025-07-31 09:40:10 AM,15.45,0,0.0,11385922.5
2025-07-31 09:40:11 AM,15.4,450,6930.0,11392852.5
2025-07-31 09:40:12 AM,15.45,0,0.0,11392852.5
2025-07-31 09:40:12 AM,15.7,5025,78892.5,11471745.0
2025-07-31 09:40:12 AM,15.75,1050,16537.5,11488282.5
2025-07-31 09:40:14 AM,15.9,0,0.0,11488282.5
2025-07-31 09:40:14 AM,15.9,375,5962.5,11494245.0
2025-07-31 09:40:16 AM,15.9,150,2385.0,11496630.0
2025-07-31 09:40:16 AM,15.95,0,0.0,11496630.0
2025-07-31 09:40:17 AM,15.9,1350,21465.0,11518095.0
2025-07-31 09:40:18 AM,16.0,0,0.0,11518095.0
2025-07-31 09:40:18 AM,16.0,2700,43200.0,11561295.0
2025-07-31 09:40:19 AM,16.0,600,9600.0,11570895.0
2025-07-31 09:40:21 AM,16.05,0,0.0,11570895.0
2025-07-31 09:40:22 AM,16.05,150,2407.5,11573302.5
2025-07-31 09:40:25 AM,16.2,0,0.0,11573302.5
2025-07-31 09:40:26 AM,16.2,450,7290.0,11580592.5
2025-07-31 09:40:26 AM,16.0,0,0.0,11580592.5
2025-07-31 09:40:27 AM,16.0,300,4800.0,11585392.5
2025-07-31 09:40:28 AM,16.05,0,0.0,11585392.5
2025-07-31 09:40:28 AM,16.1,0,0.0,11585392.5
2025-07-31 09:40:28 AM,16.1,525,8452.5,11593845.0
2025-07-31 09:40:30 AM,16.0,0,0.0,11593845.0
2025-07-31 09:40:30 AM,16.0,1425,22800.0,11616645.0
2025-07-31 09:40:30 AM,16.05,0,0.0,11616645.0
2025-07-31 09:40:31 AM,16.25,300,4875.0,11621520.0
2025-07-31 09:40:31 AM,16.2,0,0.0,11621520.0
2025-07-31 09:40:32 AM,16.2,300,4860.0,11626380.0
2025-07-31 09:40:32 AM,16.15,300,4845.0,11631225.0
2025-07-31 09:40:33 AM,16.15,1500,24224.999999999996,11655450.0
2025-07-31 09:40:34 AM,16.15,375,6056.249999999999,11661506.25
2025-07-31 09:40:35 AM,16.2,0,0.0,11661506.25
2025-07-31 09:40:36 AM,16.3,0,0.0,11661506.25
2025-07-31 09:40:36 AM,16.3,450,7335.0,11668841.25
2025-07-31 09:40:36 AM,16.2,0,0.0,11668841.25
2025-07-31 09:40:37 AM,16.2,375,6075.0,11674916.25
2025-07-31 09:40:37 AM,16.2,825,13365.0,11688281.25
2025-07-31 09:40:38 AM,16.3,0,0.0,11688281.25
2025-07-31 09:40:38 AM,16.3,225,3667.5,11691948.75
2025-07-31 09:40:42 AM,16.2,0,0.0,11691948.75
2025-07-31 09:40:42 AM,16.2,75,1215.0,11693163.75
2025-07-31 09:40:43 AM,16.25,0,0.0,11693163.75
2025-07-31 09:40:43 AM,16.1,0,0.0,11693163.75
2025-07-31 09:40:43 AM,16.1,225,3622.5000000000005,11696786.25
2025-07-31 09:40:47 AM,16.1,225,3622.5000000000005,11700408.75
2025-07-31 09:40:51 AM,16.1,150,2415.0,11702823.75
2025-07-31 09:40:52 AM,15.9,0,0.0,11702823.75
2025-07-31 09:40:52 AM,15.9,3750,59625.0,11762448.75
2025-07-31 09:40:58 AM,15.9,525,8347.5,11770796.25
2025-07-31 09:41:00 AM,15.5,0,0.0,11770796.25
2025-07-31 09:41:00 AM,15.5,1650,25575.0,11796371.25
2025-07-31 09:41:03 AM,16.0,0,0.0,11796371.25
2025-07-31 09:41:03 AM,16.0,75,1200.0,11797571.25
2025-07-31 09:41:04 AM,15.9,0,0.0,11797571.25
2025-07-31 09:41:04 AM,15.9,150,2385.0,11799956.25
2025-07-31 09:41:06 AM,16.1,0,0.0,11799956.25
2025-07-31 09:41:07 AM,16.1,150,2415.0,11802371.25
2025-07-31 09:41:09 AM,16.25,0,0.0,11802371.25
2025-07-31 09:41:09 AM,16.25,75,1218.75,11803590.0
2025-07-31 09:41:10 AM,16.3,0,0.0,11803590.0
2025-07-31 09:41:10 AM,16.3,150,2445.0,11806035.0
2025-07-31 09:41:11 AM,16.25,0,0.0,11806035.0
2025-07-31 09:41:11 AM,16.45,0,0.0,11806035.0
2025-07-31 09:41:12 AM,16.45,1275,20973.75,11827008.75
2025-07-31 09:41:12 AM,16.25,0,0.0,11827008.75
2025-07-31 09:41:12 AM,16.25,150,2437.5,11829446.25
2025-07-31 09:41:17 AM,16.35,0,0.0,11829446.25
2025-07-31 09:41:17 AM,16.35,375,6131.250000000001,11835577.5
2025-07-31 09:41:18 AM,16.3,0,0.0,11835577.5
2025-07-31 09:41:18 AM,16.3,225,3667.5,11839245.0
2025-07-31 09:41:20 AM,16.3,75,1222.5,11840467.5
2025-07-31 09:41:22 AM,16.3,75,1222.5,11841690.0
2025-07-31 09:41:25 AM,16.35,0,0.0,11841690.0
2025-07-31 09:41:25 AM,16.5,675,11137.5,11852827.5
2025-07-31 09:41:29 AM,16.2,0,0.0,11852827.5
2025-07-31 09:41:30 AM,16.2,75,1215.0,11854042.5
2025-07-31 09:41:33 AM,16.0,0,0.0,11854042.5
2025-07-31 09:41:33 AM,16.0,75,1200.0,11855242.5
2025-07-31 09:41:34 AM,15.95,0,0.0,11855242.5
2025-07-31 09:41:35 AM,15.95,75,1196.25,11856438.75
2025-07-31 09:41:36 AM,16.05,0,0.0,11856438.75
2025-07-31 09:41:37 AM,16.05,75,1203.75,11857642.5
2025-07-31 09:41:39 AM,16.15,75,1211.25,11858853.75
2025-07-31 09:41:47 AM,16.5,0,0.0,11858853.75
2025-07-31 09:41:47 AM,16.3,0,0.0,11858853.75
2025-07-31 09:41:47 AM,16.3,1875,30562.5,11889416.25
2025-07-31 09:41:54 AM,16.3,75,1222.5,11890638.75
2025-07-31 09:41:58 AM,16.1,0,0.0,11890638.75
2025-07-31 09:41:59 AM,16.1,75,1207.5,11891846.25
2025-07-31 09:42:03 AM,16.3,0,0.0,11891846.25
2025-07-31 09:42:04 AM,16.3,75,1222.5,11893068.75
2025-07-31 09:42:04 AM,16.2,0,0.0,11893068.75
2025-07-31 09:42:05 AM,16.2,225,3645.0,11896713.75
2025-07-31 09:42:10 AM,15.7,0,0.0,11896713.75
2025-07-31 09:42:11 AM,15.7,75,1177.5,11897891.25
2025-07-31 09:42:17 AM,15.8,0,0.0,11897891.25
2025-07-31 09:42:17 AM,15.8,1800,28440.0,11926331.25
2025-07-31 09:42:21 AM,15.8,1800,28440.0,11954771.25
2025-07-31 09:42:22 AM,15.9,0,0.0,11954771.25
2025-07-31 09:42:22 AM,15.9,75,1192.5,11955963.75
2025-07-31 09:42:26 AM,15.85,0,0.0,11955963.75
2025-07-31 09:42:27 AM,15.85,1575,24963.75,11980927.5
2025-07-31 09:42:29 AM,16.05,150,2407.5,11983335.0
2025-07-31 09:42:34 AM,16.15,0,0.0,11983335.0
2025-07-31 09:42:35 AM,16.15,75,1211.25,11984546.25
2025-07-31 09:42:37 AM,16.2,75,1215.0,11985761.25
2025-07-31 09:42:38 AM,16.15,0,0.0,11985761.25
2025-07-31 09:42:39 AM,16.1,225,3622.5000000000005,11989383.75
2025-07-31 09:42:40 AM,15.95,975,15551.25,12004935.0
2025-07-31 09:42:41 AM,16.1,0,0.0,12004935.0
2025-07-31 09:42:42 AM,15.95,0,0.0,12004935.0
2025-07-31 09:42:42 AM,15.95,975,15551.25,12020486.25
2025-07-31 09:42:43 AM,16.1,0,0.0,12020486.25
2025-07-31 09:42:44 AM,16.15,600,9690.0,12030176.25
2025-07-31 09:42:44 AM,16.1,0,0.0,12030176.25
2025-07-31 09:42:44 AM,16.1,75,1207.5,12031383.75
2025-07-31 09:42:45 AM,16.1,75,1207.5,12032591.25
2025-07-31 09:42:48 AM,16.05,0,0.0,12032591.25
2025-07-31 09:42:49 AM,16.05,150,2407.5,12034998.75
2025-07-31 09:42:50 AM,16.1,0,0.0,12034998.75
2025-07-31 09:42:50 AM,16.05,150,2407.5,12037406.25
2025-07-31 09:42:52 AM,16.05,75,1203.75,12038610.0
2025-07-31 09:42:53 AM,16.1,0,0.0,12038610.0
2025-07-31 09:42:54 AM,16.1,150,2415.0,12041025.0
2025-07-31 09:42:54 AM,16.1,75,1207.5,12042232.5
2025-07-31 09:42:55 AM,16.1,150,2415.0,12044647.5
2025-07-31 09:42:57 AM,16.1,150,2415.0,12047062.5
2025-07-31 09:42:59 AM,16.1,75,1207.5,12048270.0
2025-07-31 09:42:59 AM,16.2,0,0.0,12048270.0
2025-07-31 09:43:00 AM,16.2,150,2430.0,12050700.0
2025-07-31 09:43:05 AM,16.1,0,0.0,12050700.0
2025-07-31 09:43:05 AM,16.1,75,1207.5,12051907.5
2025-07-31 09:43:06 AM,16.0,0,0.0,12051907.5
2025-07-31 09:43:07 AM,16.0,75,1200.0,12053107.5
2025-07-31 09:43:10 AM,15.85,0,0.0,12053107.5
2025-07-31 09:43:10 AM,15.85,150,2377.5,12055485.0
2025-07-31 09:43:11 AM,15.85,75,1188.75,12056673.75
2025-07-31 09:43:16 AM,16.0,0,0.0,12056673.75
2025-07-31 09:43:17 AM,15.9,0,0.0,12056673.75
2025-07-31 09:43:17 AM,15.9,675,10732.5,12067406.25
2025-07-31 09:43:18 AM,16.05,900,14445.0,12081851.25
2025-07-31 09:43:19 AM,16.0,0,0.0,12081851.25
2025-07-31 09:43:19 AM,16.0,600,9600.0,12091451.25
2025-07-31 09:43:32 AM,16.1,0,0.0,12091451.25
2025-07-31 09:43:32 AM,16.1,75,1207.5,12092658.75
2025-07-31 09:43:36 AM,16.0,0,0.0,12092658.75
2025-07-31 09:43:37 AM,15.95,0,0.0,12092658.75
2025-07-31 09:43:37 AM,15.95,225,3588.75,12096247.5
2025-07-31 09:43:38 AM,15.95,150,2392.5,12098640.0
2025-07-31 09:43:39 AM,15.95,75,1196.25,12099836.25
2025-07-31 09:43:39 AM,16.05,0,0.0,12099836.25
2025-07-31 09:43:40 AM,15.95,0,0.0,12099836.25
2025-07-31 09:43:41 AM,15.95,300,4785.0,12104621.25
2025-07-31 09:43:44 AM,15.8,0,0.0,12104621.25
2025-07-31 09:43:44 AM,15.8,75,1185.0,12105806.25
2025-07-31 09:43:54 AM,15.95,0,0.0,12105806.25
2025-07-31 09:43:54 AM,15.95,75,1196.25,12107002.5
2025-07-31 09:43:56 AM,15.95,75,1196.25,12108198.75
2025-07-31 09:43:57 AM,16.05,0,0.0,12108198.75
2025-07-31 09:43:58 AM,16.05,525,8426.25,12116625.0
2025-07-31 09:44:02 AM,15.95,450,7177.5,12123802.5
2025-07-31 09:44:04 AM,15.85,0,0.0,12123802.5
2025-07-31 09:44:04 AM,15.85,750,11887.5,12135690.0
2025-07-31 09:44:05 AM,15.9,0,0.0,12135690.0
2025-07-31 09:44:06 AM,15.9,450,7155.0,12142845.0
2025-07-31 09:44:08 AM,16.0,450,7200.0,12150045.0
2025-07-31 09:44:09 AM,16.0,900,14400.0,12164445.0
2025-07-31 09:44:11 AM,16.0,150,2400.0,12166845.0
2025-07-31 09:44:13 AM,15.95,0,0.0,12166845.0
2025-07-31 09:44:14 AM,15.95,75,1196.25,12168041.25
2025-07-31 09:44:21 AM,15.95,675,10766.25,12178807.5
2025-07-31 09:44:22 AM,15.75,0,0.0,12178807.5
2025-07-31 09:44:22 AM,15.75,825,12993.75,12191801.25
2025-07-31 09:44:22 AM,15.85,300,4755.0,12196556.25
2025-07-31 09:44:24 AM,15.8,0,0.0,12196556.25
2025-07-31 09:44:24 AM,15.8,300,4740.0,12201296.25
2025-07-31 09:44:26 AM,15.8,600,9480.0,12210776.25
2025-07-31 09:44:28 AM,15.85,0,0.0,12210776.25
2025-07-31 09:44:29 AM,15.85,450,7132.5,12217908.75
2025-07-31 09:44:33 AM,15.8,0,0.0,12217908.75
2025-07-31 09:44:34 AM,15.7,0,0.0,12217908.75
2025-07-31 09:44:34 AM,15.75,0,0.0,12217908.75
2025-07-31 09:44:34 AM,15.7,900,14130.0,12232038.75
2025-07-31 09:44:36 AM,15.7,450,7065.0,12239103.75
2025-07-31 09:44:38 AM,15.85,0,0.0,12239103.75
2025-07-31 09:44:39 AM,15.9,0,0.0,12239103.75
2025-07-31 09:44:39 AM,15.9,975,15502.5,12254606.25
2025-07-31 09:44:40 AM,15.7,0,0.0,12254606.25
2025-07-31 09:44:41 AM,15.7,75,1177.5,12255783.75
2025-07-31 09:44:42 AM,15.65,0,0.0,12255783.75
2025-07-31 09:44:42 AM,15.65,450,7042.5,12262826.25
2025-07-31 09:44:53 AM,15.85,0,0.0,12262826.25
2025-07-31 09:44:54 AM,15.8,0,0.0,12262826.25
2025-07-31 09:44:54 AM,15.8,2250,35550.0,12298376.25
2025-07-31 09:44:56 AM,15.8,225,3555.0,12301931.25
2025-07-31 09:44:59 AM,15.8,75,1185.0,12303116.25
2025-07-31 09:44:59 AM,15.6,150,2340.0,12305456.25
2025-07-31 09:45:01 AM,15.45,450,6952.5,12312408.75
2025-07-31 09:45:02 AM,15.6,0,0.0,12312408.75
2025-07-31 09:45:02 AM,15.6,150,2340.0,12314748.75
2025-07-31 09:45:03 AM,15.55,0,0.0,12314748.75
2025-07-31 09:45:04 AM,15.55,75,1166.25,12315915.0
2025-07-31 09:45:10 AM,15.7,0,0.0,12315915.0
2025-07-31 09:45:11 AM,15.7,75,1177.5,12317092.5
2025-07-31 09:45:13 AM,15.55,0,0.0,12317092.5
2025-07-31 09:45:14 AM,15.55,300,4665.0,12321757.5
2025-07-31 09:45:17 AM,15.7,0,0.0,12321757.5
2025-07-31 09:45:17 AM,15.7,375,5887.5,12327645.0
2025-07-31 09:45:21 AM,15.75,0,0.0,12327645.0
2025-07-31 09:45:21 AM,15.75,75,1181.25,12328826.25
2025-07-31 09:45:24 AM,15.65,0,0.0,12328826.25
2025-07-31 09:45:24 AM,15.65,150,2347.5,12331173.75
2025-07-31 09:45:25 AM,15.6,0,0.0,12331173.75
2025-07-31 09:45:26 AM,15.6,75,1170.0,12332343.75
2025-07-31 09:45:26 AM,15.6,75,1170.0,12333513.75
2025-07-31 09:45:29 AM,15.5,0,0.0,12333513.75
2025-07-31 09:45:29 AM,15.5,300,4650.0,12338163.75
2025-07-31 09:45:32 AM,15.4,0,0.0,12338163.75
2025-07-31 09:45:32 AM,15.4,225,3465.0,12341628.75
2025-07-31 09:45:33 AM,15.25,0,0.0,12341628.75
2025-07-31 09:45:34 AM,15.25,1200,18300.0,12359928.75
2025-07-31 09:45:43 AM,15.35,0,0.0,12359928.75
2025-07-31 09:45:44 AM,15.35,75,1151.25,12361080.0
2025-07-31 09:45:47 AM,15.5,0,0.0,12361080.0
2025-07-31 09:45:47 AM,15.5,75,1162.5,12362242.5
2025-07-31 09:45:50 AM,15.6,0,0.0,12362242.5
2025-07-31 09:45:51 AM,15.6,825,12870.0,12375112.5
2025-07-31 09:45:51 AM,15.6,75,1170.0,12376282.5
2025-07-31 09:45:52 AM,15.6,1050,16380.0,12392662.5
2025-07-31 09:45:59 AM,15.6,75,1170.0,12393832.5
2025-07-31 09:45:59 AM,15.6,75,1170.0,12395002.5
2025-07-31 09:46:02 AM,15.5,0,0.0,12395002.5
2025-07-31 09:46:02 AM,15.5,300,4650.0,12399652.5
2025-07-31 09:46:07 AM,15.5,75,1162.5,12400815.0
2025-07-31 09:46:09 AM,15.5,75,1162.5,12401977.5
2025-07-31 09:46:10 AM,15.35,0,0.0,12401977.5
2025-07-31 09:46:11 AM,15.35,75,1151.25,12403128.75
2025-07-31 09:46:26 AM,15.6,0,0.0,12403128.75
2025-07-31 09:46:26 AM,15.6,75,1170.0,12404298.75
2025-07-31 09:46:37 AM,15.55,0,0.0,12404298.75
2025-07-31 09:46:37 AM,15.55,75,1166.25,12405465.0
2025-07-31 09:46:39 AM,15.4,0,0.0,12405465.0
2025-07-31 09:46:41 AM,15.4,150,2310.0,12407775.0
2025-07-31 09:46:47 AM,15.4,300,4620.0,12412395.0
2025-07-31 09:47:02 AM,15.6,0,0.0,12412395.0
2025-07-31 09:47:02 AM,15.6,150,2340.0,12414735.0
2025-07-31 09:47:03 AM,15.6,1725,26910.0,12441645.0
2025-07-31 09:47:04 AM,15.7,0,0.0,12441645.0
2025-07-31 09:47:04 AM,15.7,75,1177.5,12442822.5
2025-07-31 09:47:06 AM,15.4,0,0.0,12442822.5
2025-07-31 09:47:06 AM,15.4,600,9240.0,12452062.5
2025-07-31 09:47:21 AM,15.55,0,0.0,12452062.5
2025-07-31 09:47:21 AM,15.55,75,1166.25,12453228.75
2025-07-31 09:47:24 AM,15.5,0,0.0,12453228.75
2025-07-31 09:47:24 AM,15.5,600,9300.0,12462528.75
2025-07-31 09:47:27 AM,15.65,0,0.0,12462528.75
2025-07-31 09:47:28 AM,15.65,525,8216.25,12470745.0
2025-07-31 09:47:31 AM,15.65,600,9390.0,12480135.0
2025-07-31 09:47:33 AM,15.5,0,0.0,12480135.0
2025-07-31 09:47:34 AM,15.5,600,9300.0,12489435.0
2025-07-31 09:47:36 AM,15.4,0,0.0,12489435.0
2025-07-31 09:47:36 AM,15.4,150,2310.0,12491745.0
2025-07-31 09:47:37 AM,15.25,0,0.0,12491745.0
2025-07-31 09:47:38 AM,15.25,75,1143.75,12492888.75
2025-07-31 09:47:40 AM,15.2,0,0.0,12492888.75
2025-07-31 09:47:40 AM,15.0,0,0.0,12492888.75
2025-07-31 09:47:41 AM,15.0,900,13500.0,12506388.75
2025-07-31 09:47:41 AM,15.05,300,4515.0,12510903.75
2025-07-31 09:47:43 AM,15.0,900,13500.0,12524403.75
2025-07-31 09:47:44 AM,15.1,525,7927.5,12532331.25
2025-07-31 09:47:47 AM,15.05,0,0.0,12532331.25
2025-07-31 09:47:48 AM,15.05,75,1128.75,12533460.0
2025-07-31 09:47:48 AM,15.0,0,0.0,12533460.0
2025-07-31 09:47:49 AM,15.0,75,1125.0,12534585.0
2025-07-31 09:47:50 AM,15.1,0,0.0,12534585.0
2025-07-31 09:47:51 AM,15.1,150,2265.0,12536850.0
2025-07-31 09:47:54 AM,15.0,0,0.0,12536850.0
2025-07-31 09:47:54 AM,15.0,600,9000.0,12545850.0
2025-07-31 09:47:57 AM,15.1,0,0.0,12545850.0
2025-07-31 09:47:58 AM,15.1,75,1132.5,12546982.5
2025-07-31 09:47:59 AM,15.05,0,0.0,12546982.5
2025-07-31 09:47:59 AM,15.05,75,1128.75,12548111.25
2025-07-31 09:48:01 AM,15.05,300,4515.0,12552626.25
2025-07-31 09:48:06 AM,14.95,225,3363.75,12555990.0
2025-07-31 09:48:09 AM,14.85,0,0.0,12555990.0
2025-07-31 09:48:09 AM,14.85,300,4455.0,12560445.0
2025-07-31 09:48:15 AM,14.95,0,0.0,12560445.0
2025-07-31 09:48:16 AM,14.95,450,6727.5,12567172.5
2025-07-31 09:48:17 AM,14.9,0,0.0,12567172.5
2025-07-31 09:48:18 AM,14.9,150,2235.0,12569407.5
2025-07-31 09:48:23 AM,15.0,0,0.0,12569407.5
2025-07-31 09:48:24 AM,15.0,225,3375.0,12572782.5
2025-07-31 09:48:27 AM,15.0,75,1125.0,12573907.5
2025-07-31 09:48:29 AM,15.1,0,0.0,12573907.5
2025-07-31 09:48:29 AM,15.1,825,12457.5,12586365.0
2025-07-31 09:48:31 AM,15.25,0,0.0,12586365.0
2025-07-31 09:48:32 AM,15.25,675,10293.75,12596658.75
2025-07-31 09:48:36 AM,15.2,0,0.0,12596658.75
2025-07-31 09:48:37 AM,15.2,75,1140.0,12597798.75
2025-07-31 09:48:41 AM,15.25,0,0.0,12597798.75
2025-07-31 09:48:42 AM,15.25,450,6862.5,12604661.25
2025-07-31 09:48:49 AM,15.45,0,0.0,12604661.25
2025-07-31 09:48:49 AM,15.45,75,1158.75,12605820.0
2025-07-31 09:48:52 AM,15.5,0,0.0,12605820.0
2025-07-31 09:48:52 AM,15.5,900,13950.0,12619770.0
2025-07-31 09:48:57 AM,15.4,0,0.0,12619770.0
2025-07-31 09:48:57 AM,15.4,300,4620.0,12624390.0
2025-07-31 09:49:07 AM,15.15,75,1136.25,12625526.25
2025-07-31 09:49:08 AM,15.25,0,0.0,12625526.25
2025-07-31 09:49:09 AM,15.25,75,1143.75,12626670.0
2025-07-31 09:49:19 AM,15.25,600,9150.0,12635820.0
2025-07-31 09:49:24 AM,15.0,0,0.0,12635820.0
2025-07-31 09:49:24 AM,15.0,450,6750.0,12642570.0
2025-07-31 09:49:30 AM,14.9,0,0.0,12642570.0
2025-07-31 09:49:31 AM,14.9,150,2235.0,12644805.0
