date,price,qty,trnvr,cum_trnvr
2025-07-31 09:15:01 AM,13.35,975,13016.25,13016.25
2025-07-31 09:15:01 AM,9.85,0,0.0,13016.25
2025-07-31 09:15:02 AM,10.5,0,0.0,13016.25
2025-07-31 09:15:02 AM,10.05,0,0.0,13016.25
2025-07-31 09:15:03 AM,10.4,4425,46020.0,59036.25
2025-07-31 09:15:03 AM,10.4,900,9360.0,68396.25
2025-07-31 09:15:03 AM,11.2,0,0.0,68396.25
2025-07-31 09:15:04 AM,10.15,6675,67751.25,136147.5
2025-07-31 09:15:05 AM,10.85,0,0.0,136147.5
2025-07-31 09:15:05 AM,10.25,0,0.0,136147.5
2025-07-31 09:15:06 AM,11.15,6525,72753.75,208901.25
2025-07-31 09:15:06 AM,10.55,300,3165.0,212066.25
2025-07-31 09:15:06 AM,10.15,0,0.0,212066.25
2025-07-31 09:15:07 AM,10.15,2700,27405.0,239471.25
2025-07-31 09:15:07 AM,10.55,0,0.0,239471.25
2025-07-31 09:15:08 AM,10.55,150,1582.5,241053.75
2025-07-31 09:15:08 AM,11.35,0,0.0,241053.75
2025-07-31 09:15:09 AM,9.8,5175,50715.00000000001,291768.75
2025-07-31 09:15:10 AM,8.7,0,0.0,291768.75
2025-07-31 09:15:11 AM,9.95,4125,41043.75,332812.5
2025-07-31 09:15:11 AM,9.7,1650,16004.999999999998,348817.5
2025-07-31 09:15:11 AM,10.2,0,0.0,348817.5
2025-07-31 09:15:11 AM,10.35,0,0.0,348817.5
2025-07-31 09:15:12 AM,9.75,0,0.0,348817.5
2025-07-31 09:15:12 AM,9.75,5250,51187.5,400005.0
2025-07-31 09:15:13 AM,9.75,75,731.25,400736.25
2025-07-31 09:15:13 AM,8.2,0,0.0,400736.25
2025-07-31 09:15:14 AM,9.6,0,0.0,400736.25
2025-07-31 09:15:14 AM,9.9,3075,30442.5,431178.75
2025-07-31 09:15:14 AM,10.05,0,0.0,431178.75
2025-07-31 09:15:14 AM,10.0,0,0.0,431178.75
2025-07-31 09:15:15 AM,10.25,0,0.0,431178.75
2025-07-31 09:15:16 AM,10.2,0,0.0,431178.75
2025-07-31 09:15:16 AM,10.2,3600,36720.0,467898.75
2025-07-31 09:15:16 AM,10.3,375,3862.5000000000005,471761.25
2025-07-31 09:15:17 AM,10.0,1725,17250.0,489011.25
2025-07-31 09:15:17 AM,10.15,0,0.0,489011.25
2025-07-31 09:15:17 AM,10.15,375,3806.25,492817.5
2025-07-31 09:15:18 AM,10.45,0,0.0,492817.5
2025-07-31 09:15:18 AM,10.6,0,0.0,492817.5
2025-07-31 09:15:19 AM,10.6,3525,37365.0,530182.5
2025-07-31 09:15:19 AM,10.45,0,0.0,530182.5
2025-07-31 09:15:20 AM,10.7,0,0.0,530182.5
2025-07-31 09:15:20 AM,11.45,0,0.0,530182.5
2025-07-31 09:15:21 AM,11.5,10725,123337.5,653520.0
2025-07-31 09:15:21 AM,11.25,600,6750.0,660270.0
2025-07-31 09:15:21 AM,11.15,0,0.0,660270.0
2025-07-31 09:15:22 AM,11.35,3375,38306.25,698576.25
2025-07-31 09:15:22 AM,11.3,75,847.5,699423.75
2025-07-31 09:15:23 AM,11.2,0,0.0,699423.75
2025-07-31 09:15:24 AM,11.1,0,0.0,699423.75
2025-07-31 09:15:24 AM,11.25,1575,17718.75,717142.5
2025-07-31 09:15:24 AM,11.3,75,847.5,717990.0
2025-07-31 09:15:24 AM,11.55,0,0.0,717990.0
2025-07-31 09:15:24 AM,11.6,0,0.0,717990.0
2025-07-31 09:15:25 AM,11.5,0,0.0,717990.0
2025-07-31 09:15:26 AM,11.45,0,0.0,717990.0
2025-07-31 09:15:26 AM,11.45,1800,20610.0,738600.0
2025-07-31 09:15:26 AM,11.4,75,855.0,739455.0
2025-07-31 09:15:26 AM,11.35,0,0.0,739455.0
2025-07-31 09:15:27 AM,11.4,2400,27360.0,766815.0
2025-07-31 09:15:28 AM,11.6,0,0.0,766815.0
2025-07-31 09:15:29 AM,11.55,1125,12993.75,779808.75
2025-07-31 09:15:29 AM,11.4,675,7695.0,787503.75
2025-07-31 09:15:29 AM,11.55,0,0.0,787503.75
2025-07-31 09:15:30 AM,11.6,0,0.0,787503.75
2025-07-31 09:15:31 AM,11.55,0,0.0,787503.75
2025-07-31 09:15:31 AM,11.55,5250,60637.50000000001,848141.25
2025-07-31 09:15:31 AM,11.6,150,1740.0,849881.25
2025-07-31 09:15:31 AM,11.45,0,0.0,849881.25
2025-07-31 09:15:32 AM,11.55,0,0.0,849881.25
2025-07-31 09:15:32 AM,11.5,2925,33637.5,883518.75
2025-07-31 09:15:32 AM,11.5,75,862.5,884381.25
2025-07-31 09:15:32 AM,11.65,0,0.0,884381.25
2025-07-31 09:15:33 AM,11.55,0,0.0,884381.25
2025-07-31 09:15:33 AM,11.2,0,0.0,884381.25
2025-07-31 09:15:34 AM,11.4,9825,112005.0,996386.25
2025-07-31 09:15:34 AM,11.55,0,0.0,996386.25
2025-07-31 09:15:34 AM,11.4,0,0.0,996386.25
2025-07-31 09:15:36 AM,11.3,8325,94072.5,1090458.75
2025-07-31 09:15:36 AM,11.15,975,10871.25,1101330.0
2025-07-31 09:15:36 AM,11.2,0,0.0,1101330.0
2025-07-31 09:15:37 AM,11.3,9825,111022.5,1212352.5
2025-07-31 09:15:37 AM,10.8,2025,21870.0,1234222.5
2025-07-31 09:15:38 AM,11.3,0,0.0,1234222.5
2025-07-31 09:15:39 AM,11.5,2550,29325.0,1263547.5
2025-07-31 09:15:39 AM,11.5,750,8625.0,1272172.5
2025-07-31 09:15:40 AM,11.45,0,0.0,1272172.5
2025-07-31 09:15:40 AM,11.35,0,0.0,1272172.5
2025-07-31 09:15:40 AM,11.4,0,0.0,1272172.5
2025-07-31 09:15:41 AM,11.4,7950,90630.0,1362802.5
2025-07-31 09:15:41 AM,11.55,375,4331.25,1367133.75
2025-07-31 09:15:41 AM,11.3,0,0.0,1367133.75
2025-07-31 09:15:42 AM,11.45,0,0.0,1367133.75
2025-07-31 09:15:42 AM,11.35,3000,34050.0,1401183.75
2025-07-31 09:15:42 AM,11.35,75,851.25,1402035.0
2025-07-31 09:15:43 AM,11.4,0,0.0,1402035.0
2025-07-31 09:15:44 AM,11.4,900,10260.0,1412295.0
2025-07-31 09:15:44 AM,11.35,75,851.25,1413146.25
2025-07-31 09:15:44 AM,11.4,0,0.0,1413146.25
2025-07-31 09:15:45 AM,10.85,0,0.0,1413146.25
2025-07-31 09:15:46 AM,11.4,4875,55575.0,1468721.25
2025-07-31 09:15:46 AM,11.55,975,11261.25,1479982.5
2025-07-31 09:15:46 AM,11.6,0,0.0,1479982.5
2025-07-31 09:15:46 AM,11.65,0,0.0,1479982.5
2025-07-31 09:15:47 AM,11.5,2025,23287.5,1503270.0
2025-07-31 09:15:47 AM,11.55,0,0.0,1503270.0
2025-07-31 09:15:47 AM,11.5,0,0.0,1503270.0
2025-07-31 09:15:47 AM,11.5,1200,13800.0,1517070.0
2025-07-31 09:15:48 AM,11.65,0,0.0,1517070.0
2025-07-31 09:15:49 AM,11.6,0,0.0,1517070.0
2025-07-31 09:15:49 AM,11.6,7875,91350.0,1608420.0
2025-07-31 09:15:49 AM,11.55,450,5197.5,1613617.5
2025-07-31 09:15:49 AM,11.65,0,0.0,1613617.5
2025-07-31 09:15:50 AM,11.5,0,0.0,1613617.5
2025-07-31 09:15:51 AM,11.7,0,0.0,1613617.5
2025-07-31 09:15:51 AM,11.75,0,0.0,1613617.5
2025-07-31 09:15:51 AM,11.7,8100,94770.0,1708387.5
2025-07-31 09:15:51 AM,11.55,1875,21656.25,1730043.75
2025-07-31 09:15:51 AM,11.7,0,0.0,1730043.75
2025-07-31 09:15:52 AM,11.5,2625,30187.5,1760231.25
2025-07-31 09:15:52 AM,11.6,0,0.0,1760231.25
2025-07-31 09:15:52 AM,11.6,225,2610.0,1762841.25
2025-07-31 09:15:53 AM,11.75,0,0.0,1762841.25
2025-07-31 09:15:53 AM,12.0,0,0.0,1762841.25
2025-07-31 09:15:54 AM,12.1,0,0.0,1762841.25
2025-07-31 09:15:54 AM,12.25,4575,56043.75,1818885.0
2025-07-31 09:15:54 AM,12.2,225,2745.0,1821630.0
2025-07-31 09:15:54 AM,12.1,0,0.0,1821630.0
2025-07-31 09:15:55 AM,12.05,0,0.0,1821630.0
2025-07-31 09:15:55 AM,12.0,0,0.0,1821630.0
2025-07-31 09:15:56 AM,12.3,6600,81180.0,1902810.0
2025-07-31 09:15:57 AM,11.95,1425,17028.75,1919838.75
2025-07-31 09:15:57 AM,11.95,75,896.25,1920735.0
2025-07-31 09:15:58 AM,11.9,0,0.0,1920735.0
2025-07-31 09:15:58 AM,11.85,0,0.0,1920735.0
2025-07-31 09:15:59 AM,11.8,1800,21240.0,1941975.0
2025-07-31 09:16:00 AM,11.55,0,0.0,1941975.0
2025-07-31 09:16:00 AM,11.65,0,0.0,1941975.0
2025-07-31 09:16:01 AM,11.6,4500,52200.0,1994175.0
2025-07-31 09:16:02 AM,11.5,0,0.0,1994175.0
2025-07-31 09:16:02 AM,11.6,2700,31320.0,2025495.0
2025-07-31 09:16:03 AM,11.65,0,0.0,2025495.0
2025-07-31 09:16:05 AM,11.6,0,0.0,2025495.0
2025-07-31 09:16:06 AM,11.7,0,0.0,2025495.0
2025-07-31 09:16:06 AM,11.7,1500,17550.0,2043045.0
2025-07-31 09:16:06 AM,11.6,75,870.0,2043915.0
2025-07-31 09:16:06 AM,11.55,0,0.0,2043915.0
2025-07-31 09:16:07 AM,11.65,0,0.0,2043915.0
2025-07-31 09:16:07 AM,11.7,900,10530.0,2054445.0
2025-07-31 09:16:08 AM,11.6,0,0.0,2054445.0
2025-07-31 09:16:09 AM,11.55,0,0.0,2054445.0
2025-07-31 09:16:09 AM,11.45,3150,36067.5,2090512.5
2025-07-31 09:16:10 AM,11.6,0,0.0,2090512.5
2025-07-31 09:16:11 AM,11.6,1500,17400.0,2107912.5
2025-07-31 09:16:12 AM,11.5,0,0.0,2107912.5
2025-07-31 09:16:12 AM,11.5,3225,37087.5,2145000.0
2025-07-31 09:16:13 AM,11.65,0,0.0,2145000.0
2025-07-31 09:16:13 AM,11.55,0,0.0,2145000.0
2025-07-31 09:16:14 AM,11.6,5475,63510.0,2208510.0
2025-07-31 09:16:14 AM,11.55,150,1732.5,2210242.5
2025-07-31 09:16:16 AM,11.55,5025,58038.75,2268281.25
2025-07-31 09:16:16 AM,11.5,1950,22425.0,2290706.25
2025-07-31 09:16:17 AM,11.45,2925,33491.25,2324197.5
2025-07-31 09:16:18 AM,11.35,0,0.0,2324197.5
2025-07-31 09:16:19 AM,11.7,2625,30712.499999999996,2354910.0
2025-07-31 09:16:19 AM,11.5,1800,20700.0,2375610.0
2025-07-31 09:16:21 AM,11.6,0,0.0,2375610.0
2025-07-31 09:16:21 AM,11.6,8025,93090.0,2468700.0
2025-07-31 09:16:21 AM,11.5,0,0.0,2468700.0
2025-07-31 09:16:22 AM,11.6,6975,80910.0,2549610.0
2025-07-31 09:16:22 AM,11.55,75,866.25,2550476.25
2025-07-31 09:16:23 AM,11.6,0,0.0,2550476.25
2025-07-31 09:16:24 AM,11.45,3150,36067.5,2586543.75
2025-07-31 09:16:24 AM,11.55,75,866.25,2587410.0
2025-07-31 09:16:24 AM,11.5,0,0.0,2587410.0
2025-07-31 09:16:26 AM,11.6,0,0.0,2587410.0
2025-07-31 09:16:26 AM,11.6,3450,40020.0,2627430.0
2025-07-31 09:16:26 AM,11.65,900,10485.0,2637915.0
2025-07-31 09:16:27 AM,11.65,3600,41940.0,2679855.0
2025-07-31 09:16:27 AM,11.7,0,0.0,2679855.0
2025-07-31 09:16:27 AM,11.7,75,877.5,2680732.5
2025-07-31 09:16:29 AM,11.6,0,0.0,2680732.5
2025-07-31 09:16:29 AM,11.35,4800,54480.0,2735212.5
2025-07-31 09:16:29 AM,11.35,75,851.25,2736063.75
2025-07-31 09:16:30 AM,11.3,0,0.0,2736063.75
2025-07-31 09:16:31 AM,11.2,0,0.0,2736063.75
2025-07-31 09:16:31 AM,11.15,1125,12543.75,2748607.5
2025-07-31 09:16:31 AM,11.15,450,5017.5,2753625.0
2025-07-31 09:16:31 AM,11.2,0,0.0,2753625.0
2025-07-31 09:16:32 AM,11.55,0,0.0,2753625.0
2025-07-31 09:16:32 AM,11.5,4275,49162.5,2802787.5
2025-07-31 09:16:32 AM,11.55,975,11261.25,2814048.75
2025-07-31 09:16:33 AM,11.7,0,0.0,2814048.75
2025-07-31 09:16:34 AM,11.75,0,0.0,2814048.75
2025-07-31 09:16:34 AM,11.8,4425,52215.0,2866263.75
2025-07-31 09:16:34 AM,11.55,2250,25987.5,2892251.25
2025-07-31 09:16:35 AM,11.5,0,0.0,2892251.25
2025-07-31 09:16:36 AM,11.5,5400,62100.0,2954351.25
2025-07-31 09:16:36 AM,11.5,75,862.5,2955213.75
2025-07-31 09:16:37 AM,11.4,0,0.0,2955213.75
2025-07-31 09:16:37 AM,11.35,0,0.0,2955213.75
2025-07-31 09:16:37 AM,11.4,1500,17100.0,2972313.75
2025-07-31 09:16:37 AM,11.25,600,6750.0,2979063.75
2025-07-31 09:16:38 AM,11.2,0,0.0,2979063.75
2025-07-31 09:16:39 AM,11.4,5025,57285.0,3036348.75
2025-07-31 09:16:39 AM,11.25,0,0.0,3036348.75
2025-07-31 09:16:41 AM,11.35,0,0.0,3036348.75
2025-07-31 09:16:41 AM,11.35,300,3405.0,3039753.75
2025-07-31 09:16:41 AM,11.5,2700,31050.0,3070803.75
2025-07-31 09:16:41 AM,11.45,0,0.0,3070803.75
2025-07-31 09:16:42 AM,11.4,0,0.0,3070803.75
2025-07-31 09:16:42 AM,11.4,2700,30780.0,3101583.75
2025-07-31 09:16:44 AM,11.3,0,0.0,3101583.75
2025-07-31 09:16:44 AM,11.35,0,0.0,3101583.75
2025-07-31 09:16:44 AM,11.3,2625,29662.500000000004,3131246.25
2025-07-31 09:16:45 AM,11.25,0,0.0,3131246.25
2025-07-31 09:16:46 AM,11.3,2625,29662.500000000004,3160908.75
2025-07-31 09:16:46 AM,11.3,675,7627.500000000001,3168536.25
2025-07-31 09:16:47 AM,11.3,375,4237.5,3172773.75
2025-07-31 09:16:47 AM,11.25,225,2531.25,3175305.0
2025-07-31 09:16:49 AM,11.2,0,0.0,3175305.0
2025-07-31 09:16:49 AM,11.15,5700,63555.0,3238860.0
2025-07-31 09:16:49 AM,11.1,1575,17482.5,3256342.5
2025-07-31 09:16:51 AM,11.25,0,0.0,3256342.5
2025-07-31 09:16:51 AM,11.25,3600,40500.0,3296842.5
2025-07-31 09:16:51 AM,11.15,450,5017.5,3301860.0
2025-07-31 09:16:52 AM,11.2,0,0.0,3301860.0
2025-07-31 09:16:52 AM,11.2,1275,14280.0,3316140.0
2025-07-31 09:16:53 AM,11.1,0,0.0,3316140.0
2025-07-31 09:16:53 AM,11.15,0,0.0,3316140.0
2025-07-31 09:16:54 AM,11.2,1275,14280.0,3330420.0
2025-07-31 09:16:55 AM,11.15,0,0.0,3330420.0
2025-07-31 09:16:55 AM,11.1,0,0.0,3330420.0
2025-07-31 09:16:56 AM,11.05,1500,16575.0,3346995.0
2025-07-31 09:16:57 AM,11.15,0,0.0,3346995.0
2025-07-31 09:16:57 AM,11.15,675,7526.25,3354521.25
2025-07-31 09:16:58 AM,11.15,525,5853.75,3360375.0
2025-07-31 09:16:58 AM,11.1,0,0.0,3360375.0
2025-07-31 09:16:59 AM,11.15,750,8362.5,3368737.5
2025-07-31 09:17:00 AM,11.0,0,0.0,3368737.5
2025-07-31 09:17:01 AM,11.0,3750,41250.0,3409987.5
2025-07-31 09:17:01 AM,10.85,0,0.0,3409987.5
2025-07-31 09:17:01 AM,10.8,0,0.0,3409987.5
2025-07-31 09:17:02 AM,10.9,0,0.0,3409987.5
2025-07-31 09:17:02 AM,10.9,7425,80932.5,3490920.0
2025-07-31 09:17:02 AM,10.8,0,0.0,3490920.0
2025-07-31 09:17:03 AM,10.8,3750,40500.0,3531420.0
2025-07-31 09:17:04 AM,10.85,0,0.0,3531420.0
2025-07-31 09:17:04 AM,10.9,5700,62130.0,3593550.0
2025-07-31 09:17:06 AM,10.8,0,0.0,3593550.0
2025-07-31 09:17:06 AM,10.8,15675,169290.0,3762840.0
2025-07-31 09:17:06 AM,10.75,675,7256.25,3770096.25
2025-07-31 09:17:06 AM,10.8,0,0.0,3770096.25
2025-07-31 09:17:07 AM,10.7,0,0.0,3770096.25
2025-07-31 09:17:07 AM,10.7,600,6420.0,3776516.25
2025-07-31 09:17:08 AM,10.65,0,0.0,3776516.25
2025-07-31 09:17:09 AM,10.6,0,0.0,3776516.25
2025-07-31 09:17:09 AM,10.6,3750,39750.0,3816266.25
2025-07-31 09:17:10 AM,10.75,0,0.0,3816266.25
2025-07-31 09:17:11 AM,10.8,0,0.0,3816266.25
2025-07-31 09:17:11 AM,10.8,2925,31590.000000000004,3847856.25
2025-07-31 09:17:11 AM,10.85,225,2441.25,3850297.5
2025-07-31 09:17:11 AM,10.9,0,0.0,3850297.5
2025-07-31 09:17:12 AM,10.75,0,0.0,3850297.5
2025-07-31 09:17:12 AM,10.75,4350,46762.5,3897060.0
2025-07-31 09:17:13 AM,10.75,150,1612.5,3898672.5
2025-07-31 09:17:13 AM,10.7,0,0.0,3898672.5
2025-07-31 09:17:14 AM,10.75,0,0.0,3898672.5
2025-07-31 09:17:14 AM,10.6,3075,32595.0,3931267.5
2025-07-31 09:17:14 AM,10.65,2700,28755.0,3960022.5
2025-07-31 09:17:15 AM,10.7,0,0.0,3960022.5
2025-07-31 09:17:15 AM,10.65,0,0.0,3960022.5
2025-07-31 09:17:16 AM,10.65,2775,29553.75,3989576.25
2025-07-31 09:17:16 AM,10.55,75,791.25,3990367.5
2025-07-31 09:17:16 AM,10.75,0,0.0,3990367.5
2025-07-31 09:17:17 AM,10.8,975,10530.0,4000897.5
2025-07-31 09:17:18 AM,10.75,0,0.0,4000897.5
2025-07-31 09:17:19 AM,10.85,0,0.0,4000897.5
2025-07-31 09:17:19 AM,10.75,900,9675.0,4010572.5
2025-07-31 09:17:19 AM,10.8,300,3240.0,4013812.5
2025-07-31 09:17:20 AM,10.7,0,0.0,4013812.5
2025-07-31 09:17:21 AM,10.75,1575,16931.25,4030743.75
2025-07-31 09:17:21 AM,10.75,75,806.25,4031550.0
2025-07-31 09:17:22 AM,10.8,2475,26730.0,4058280.0
2025-07-31 09:17:23 AM,10.75,0,0.0,4058280.0
2025-07-31 09:17:23 AM,10.75,75,806.25,4059086.25
2025-07-31 09:17:23 AM,10.65,0,0.0,4059086.25
2025-07-31 09:17:24 AM,10.8,1725,18630.0,4077716.25
2025-07-31 09:17:24 AM,10.8,75,810.0,4078526.25
2025-07-31 09:17:25 AM,10.75,0,0.0,4078526.25
2025-07-31 09:17:26 AM,10.7,2025,21667.5,4100193.75
2025-07-31 09:17:26 AM,10.85,0,0.0,4100193.75
2025-07-31 09:17:27 AM,10.85,6900,74865.0,4175058.75
2025-07-31 09:17:28 AM,10.7,0,0.0,4175058.75
2025-07-31 09:17:28 AM,10.75,0,0.0,4175058.75
2025-07-31 09:17:29 AM,10.75,4200,45150.0,4220208.75
2025-07-31 09:17:30 AM,10.8,0,0.0,4220208.75
2025-07-31 09:17:30 AM,10.75,0,0.0,4220208.75
2025-07-31 09:17:31 AM,10.7,0,0.0,4220208.75
2025-07-31 09:17:31 AM,10.7,5325,56977.49999999999,4277186.25
2025-07-31 09:17:31 AM,10.7,75,802.5,4277988.75
2025-07-31 09:17:32 AM,10.7,600,6420.0,4284408.75
2025-07-31 09:17:33 AM,10.75,0,0.0,4284408.75
2025-07-31 09:17:34 AM,10.85,0,0.0,4284408.75
2025-07-31 09:17:34 AM,10.85,825,8951.25,4293360.0
2025-07-31 09:17:35 AM,10.8,0,0.0,4293360.0
2025-07-31 09:17:35 AM,10.75,0,0.0,4293360.0
2025-07-31 09:17:36 AM,10.75,4425,47568.75,4340928.75
2025-07-31 09:17:36 AM,10.75,1575,16931.25,4357860.0
2025-07-31 09:17:36 AM,10.85,0,0.0,4357860.0
2025-07-31 09:17:37 AM,10.85,1350,14647.5,4372507.5
2025-07-31 09:17:38 AM,10.8,750,8100.000000000001,4380607.5
2025-07-31 09:17:38 AM,10.85,0,0.0,4380607.5
2025-07-31 09:17:39 AM,10.8,12900,139320.0,4519927.5
2025-07-31 09:17:41 AM,10.75,0,0.0,4519927.5
2025-07-31 09:17:41 AM,10.75,675,7256.25,4527183.75
2025-07-31 09:17:41 AM,10.75,75,806.25,4527990.0
2025-07-31 09:17:42 AM,10.85,4725,51266.25,4579256.25
2025-07-31 09:17:44 AM,10.85,2325,25226.25,4604482.5
2025-07-31 09:17:45 AM,10.9,0,0.0,4604482.5
2025-07-31 09:17:45 AM,11.0,0,0.0,4604482.5
2025-07-31 09:17:46 AM,11.0,1200,13200.0,4617682.5
2025-07-31 09:17:46 AM,11.1,0,0.0,4617682.5
2025-07-31 09:17:47 AM,11.0,2925,32175.0,4649857.5
2025-07-31 09:17:48 AM,11.35,0,0.0,4649857.5
2025-07-31 09:17:48 AM,11.35,8475,96191.25,4746048.75
2025-07-31 09:17:49 AM,11.3,975,11017.5,4757066.25
2025-07-31 09:17:50 AM,11.4,0,0.0,4757066.25
2025-07-31 09:17:51 AM,11.4,1275,14535.0,4771601.25
2025-07-31 09:17:51 AM,11.55,975,11261.25,4782862.5
2025-07-31 09:17:51 AM,11.5,0,0.0,4782862.5
2025-07-31 09:17:52 AM,11.6,6150,71340.0,4854202.5
2025-07-31 09:17:53 AM,11.7,300,3510.0,4857712.5
2025-07-31 09:17:54 AM,11.85,1200,14220.0,4871932.5
2025-07-31 09:17:54 AM,11.8,0,0.0,4871932.5
2025-07-31 09:17:54 AM,11.75,1425,16743.75,4888676.25
2025-07-31 09:17:55 AM,11.65,0,0.0,4888676.25
2025-07-31 09:17:56 AM,11.65,6075,70773.75,4959450.0
2025-07-31 09:17:57 AM,11.6,0,0.0,4959450.0
2025-07-31 09:17:57 AM,11.75,0,0.0,4959450.0
2025-07-31 09:17:57 AM,11.6,0,0.0,4959450.0
2025-07-31 09:17:57 AM,11.6,10500,121800.0,5081250.0
2025-07-31 09:17:59 AM,11.4,3750,42750.0,5124000.0
2025-07-31 09:17:59 AM,11.4,225,2565.0,5126565.0
2025-07-31 09:18:00 AM,11.2,0,0.0,5126565.0
2025-07-31 09:18:00 AM,11.05,0,0.0,5126565.0
2025-07-31 09:18:01 AM,11.2,24825,278040.0,5404605.0
2025-07-31 09:18:01 AM,11.3,0,0.0,5404605.0
2025-07-31 09:18:02 AM,11.3,10275,116107.50000000001,5520712.5
2025-07-31 09:18:03 AM,11.3,300,3390.0,5524102.5
2025-07-31 09:18:04 AM,11.4,0,0.0,5524102.5
2025-07-31 09:18:04 AM,11.35,0,0.0,5524102.5
2025-07-31 09:18:04 AM,11.35,4650,52777.5,5576880.0
2025-07-31 09:18:04 AM,11.25,0,0.0,5576880.0
2025-07-31 09:18:04 AM,11.25,1125,12656.25,5589536.25
2025-07-31 09:18:05 AM,11.35,0,0.0,5589536.25
2025-07-31 09:18:05 AM,11.15,0,0.0,5589536.25
2025-07-31 09:18:06 AM,11.2,2400,26880.0,5616416.25
2025-07-31 09:18:06 AM,11.45,1350,15457.499999999998,5631873.75
2025-07-31 09:18:06 AM,11.95,0,0.0,5631873.75
2025-07-31 09:18:07 AM,12.1,0,0.0,5631873.75
2025-07-31 09:18:07 AM,12.25,0,0.0,5631873.75
2025-07-31 09:18:07 AM,12.25,8700,106575.0,5738448.75
2025-07-31 09:18:08 AM,12.25,975,11943.75,5750392.5
2025-07-31 09:18:08 AM,12.4,0,0.0,5750392.5
2025-07-31 09:18:08 AM,12.5,0,0.0,5750392.5
2025-07-31 09:18:09 AM,12.5,6975,87187.5,5837580.0
2025-07-31 09:18:09 AM,12.55,375,4706.25,5842286.25
2025-07-31 09:18:09 AM,12.5,0,0.0,5842286.25
2025-07-31 09:18:10 AM,12.45,0,0.0,5842286.25
2025-07-31 09:18:10 AM,12.6,0,0.0,5842286.25
2025-07-31 09:18:11 AM,12.55,0,0.0,5842286.25
2025-07-31 09:18:11 AM,12.55,2475,31061.25,5873347.5
2025-07-31 09:18:11 AM,12.5,0,0.0,5873347.5
2025-07-31 09:18:12 AM,12.45,0,0.0,5873347.5
2025-07-31 09:18:12 AM,12.8,0,0.0,5873347.5
2025-07-31 09:18:12 AM,12.7,4875,61912.5,5935260.0
2025-07-31 09:18:13 AM,12.75,1800,22950.0,5958210.0
2025-07-31 09:18:14 AM,12.5,8475,105937.5,6064147.5
2025-07-31 09:18:15 AM,12.45,75,933.75,6065081.25
2025-07-31 09:18:15 AM,12.6,0,0.0,6065081.25
2025-07-31 09:18:16 AM,12.65,0,0.0,6065081.25
2025-07-31 09:18:16 AM,12.7,0,0.0,6065081.25
2025-07-31 09:18:17 AM,12.7,5400,68580.0,6133661.25
2025-07-31 09:18:17 AM,12.8,0,0.0,6133661.25
2025-07-31 09:18:18 AM,12.85,0,0.0,6133661.25
2025-07-31 09:18:18 AM,12.7,0,0.0,6133661.25
2025-07-31 09:18:18 AM,12.7,5025,63817.5,6197478.75
2025-07-31 09:18:19 AM,12.65,0,0.0,6197478.75
2025-07-31 09:18:19 AM,12.35,0,0.0,6197478.75
2025-07-31 09:18:20 AM,12.4,1725,21390.0,6218868.75
2025-07-31 09:18:20 AM,12.5,150,1875.0,6220743.75
2025-07-31 09:18:21 AM,12.55,0,0.0,6220743.75
2025-07-31 09:18:21 AM,12.45,0,0.0,6220743.75
2025-07-31 09:18:22 AM,12.45,1650,20542.5,6241286.25
2025-07-31 09:18:22 AM,12.45,75,933.75,6242220.0
2025-07-31 09:18:22 AM,12.4,0,0.0,6242220.0
2025-07-31 09:18:23 AM,12.5,0,0.0,6242220.0
2025-07-31 09:18:23 AM,12.45,3975,49488.75,6291708.75
2025-07-31 09:18:23 AM,12.5,0,0.0,6291708.75
2025-07-31 09:18:24 AM,12.5,75,937.5,6292646.25
2025-07-31 09:18:24 AM,12.55,0,0.0,6292646.25
2025-07-31 09:18:25 AM,12.55,2700,33885.0,6326531.25
2025-07-31 09:18:25 AM,12.5,450,5625.0,6332156.25
2025-07-31 09:18:26 AM,12.45,0,0.0,6332156.25
2025-07-31 09:18:26 AM,12.55,0,0.0,6332156.25
2025-07-31 09:18:27 AM,12.5,3525,44062.5,6376218.75
2025-07-31 09:18:27 AM,12.55,0,0.0,6376218.75
2025-07-31 09:18:28 AM,12.6,0,0.0,6376218.75
2025-07-31 09:18:28 AM,12.6,1575,19845.0,6396063.75
2025-07-31 09:18:29 AM,12.6,75,945.0,6397008.75
2025-07-31 09:18:29 AM,12.7,0,0.0,6397008.75
2025-07-31 09:18:30 AM,12.75,3900,49725.0,6446733.75
2025-07-31 09:18:32 AM,12.8,0,0.0,6446733.75
2025-07-31 09:18:32 AM,12.8,3600,46080.0,6492813.75
2025-07-31 09:18:33 AM,12.7,1650,20955.0,6513768.75
2025-07-31 09:18:34 AM,12.55,0,0.0,6513768.75
2025-07-31 09:18:35 AM,12.65,3750,47437.5,6561206.25
2025-07-31 09:18:35 AM,12.45,0,0.0,6561206.25
2025-07-31 09:18:37 AM,12.5,0,0.0,6561206.25
2025-07-31 09:18:37 AM,12.5,750,9375.0,6570581.25
2025-07-31 09:18:37 AM,12.4,300,3720.0,6574301.25
2025-07-31 09:18:37 AM,12.3,0,0.0,6574301.25
2025-07-31 09:18:38 AM,12.3,2550,31365.0,6605666.25
2025-07-31 09:18:39 AM,12.2,0,0.0,6605666.25
2025-07-31 09:18:40 AM,12.1,0,0.0,6605666.25
2025-07-31 09:18:40 AM,12.25,825,10106.25,6615772.5
2025-07-31 09:18:40 AM,12.25,150,1837.5,6617610.0
2025-07-31 09:18:41 AM,12.45,0,0.0,6617610.0
2025-07-31 09:18:42 AM,12.35,2775,34271.25,6651881.25
2025-07-31 09:18:43 AM,12.3,0,0.0,6651881.25
2025-07-31 09:18:43 AM,12.3,525,6457.5,6658338.75
2025-07-31 09:18:45 AM,12.45,0,0.0,6658338.75
2025-07-31 09:18:45 AM,12.4,1425,17670.0,6676008.75
2025-07-31 09:18:45 AM,12.4,150,1860.0,6677868.75
2025-07-31 09:18:47 AM,12.25,0,0.0,6677868.75
2025-07-31 09:18:47 AM,12.25,525,6431.25,6684300.0
2025-07-31 09:18:47 AM,12.3,0,0.0,6684300.0
2025-07-31 09:18:48 AM,12.35,0,0.0,6684300.0
2025-07-31 09:18:48 AM,12.35,450,5557.5,6689857.5
2025-07-31 09:18:49 AM,12.3,0,0.0,6689857.5
2025-07-31 09:18:50 AM,12.4,0,0.0,6689857.5
2025-07-31 09:18:50 AM,12.3,2850,35055.0,6724912.5
2025-07-31 09:18:51 AM,12.25,0,0.0,6724912.5
2025-07-31 09:18:52 AM,12.25,900,11025.0,6735937.5
2025-07-31 09:18:53 AM,12.2,0,0.0,6735937.5
2025-07-31 09:18:53 AM,12.3,0,0.0,6735937.5
2025-07-31 09:18:54 AM,12.3,2175,26752.5,6762690.0
2025-07-31 09:18:54 AM,12.7,0,0.0,6762690.0
2025-07-31 09:18:55 AM,12.5,16350,204375.0,6967065.0
2025-07-31 09:18:56 AM,12.6,0,0.0,6967065.0
2025-07-31 09:18:57 AM,12.55,1500,18825.0,6985890.0
2025-07-31 09:18:59 AM,12.55,750,9412.5,6995302.5
2025-07-31 09:19:00 AM,12.65,1350,17077.5,7012380.0
2025-07-31 09:19:01 AM,12.6,0,0.0,7012380.0
2025-07-31 09:19:02 AM,12.6,525,6615.0,7018995.0
2025-07-31 09:19:03 AM,12.55,0,0.0,7018995.0
2025-07-31 09:19:04 AM,12.55,525,6588.75,7025583.75
2025-07-31 09:19:05 AM,12.5,1050,13125.0,7038708.75
2025-07-31 09:19:06 AM,12.55,0,0.0,7038708.75
2025-07-31 09:19:07 AM,12.55,150,1882.5,7040591.25
2025-07-31 09:19:08 AM,12.75,0,0.0,7040591.25
2025-07-31 09:19:08 AM,12.85,0,0.0,7040591.25
2025-07-31 09:19:08 AM,12.8,0,0.0,7040591.25
2025-07-31 09:19:09 AM,12.8,525,6720.0,7047311.25
2025-07-31 09:19:09 AM,12.9,0,0.0,7047311.25
2025-07-31 09:19:10 AM,12.8,0,0.0,7047311.25
2025-07-31 09:19:10 AM,12.8,2025,25920.0,7073231.25
2025-07-31 09:19:12 AM,12.8,4425,56640.0,7129871.25
2025-07-31 09:19:12 AM,12.75,75,956.25,7130827.5
2025-07-31 09:19:14 AM,12.85,1725,22166.25,7152993.75
2025-07-31 09:19:15 AM,12.85,975,12528.75,7165522.5
2025-07-31 09:19:15 AM,13.0,0,0.0,7165522.5
2025-07-31 09:19:17 AM,12.9,0,0.0,7165522.5
2025-07-31 09:19:17 AM,12.85,0,0.0,7165522.5
2025-07-31 09:19:17 AM,12.85,2925,37586.25,7203108.75
2025-07-31 09:19:17 AM,12.75,0,0.0,7203108.75
2025-07-31 09:19:17 AM,12.85,0,0.0,7203108.75
2025-07-31 09:19:18 AM,12.95,1875,24281.25,7227390.0
2025-07-31 09:19:20 AM,12.95,2175,28166.25,7255556.25
2025-07-31 09:19:20 AM,12.9,0,0.0,7255556.25
2025-07-31 09:19:21 AM,13.0,0,0.0,7255556.25
2025-07-31 09:19:22 AM,13.0,2700,35100.0,7290656.25
2025-07-31 09:19:22 AM,12.95,150,1942.5,7292598.75
2025-07-31 09:19:23 AM,13.0,0,0.0,7292598.75
2025-07-31 09:19:23 AM,13.0,225,2925.0,7295523.75
2025-07-31 09:19:24 AM,13.05,0,0.0,7295523.75
2025-07-31 09:19:24 AM,13.0,0,0.0,7295523.75
2025-07-31 09:19:25 AM,12.85,2400,30840.0,7326363.75
2025-07-31 09:19:26 AM,12.9,0,0.0,7326363.75
2025-07-31 09:19:26 AM,13.0,0,0.0,7326363.75
2025-07-31 09:19:27 AM,13.0,1800,23400.0,7349763.75
2025-07-31 09:19:27 AM,12.95,0,0.0,7349763.75
2025-07-31 09:19:28 AM,12.9,675,8707.5,7358471.25
2025-07-31 09:19:30 AM,12.95,0,0.0,7358471.25
2025-07-31 09:19:30 AM,13.0,900,11700.0,7370171.25
2025-07-31 09:19:31 AM,12.85,0,0.0,7370171.25
2025-07-31 09:19:32 AM,12.85,1350,17347.5,7387518.75
2025-07-31 09:19:32 AM,12.9,375,4837.5,7392356.25
2025-07-31 09:19:33 AM,12.95,0,0.0,7392356.25
2025-07-31 09:19:33 AM,12.85,450,5782.5,7398138.75
2025-07-31 09:19:34 AM,13.0,0,0.0,7398138.75
2025-07-31 09:19:35 AM,13.0,1050,13650.0,7411788.75
2025-07-31 09:19:36 AM,13.1,0,0.0,7411788.75
2025-07-31 09:19:37 AM,13.0,0,0.0,7411788.75
2025-07-31 09:19:37 AM,13.0,3450,44850.0,7456638.75
2025-07-31 09:19:37 AM,13.2,0,0.0,7456638.75
2025-07-31 09:19:38 AM,13.15,2100,27615.0,7484253.75
2025-07-31 09:19:39 AM,13.1,450,5895.0,7490148.75
2025-07-31 09:19:39 AM,13.05,0,0.0,7490148.75
2025-07-31 09:19:40 AM,13.1,0,0.0,7490148.75
2025-07-31 09:19:40 AM,13.05,1800,23490.0,7513638.75
2025-07-31 09:19:41 AM,13.15,0,0.0,7513638.75
2025-07-31 09:19:42 AM,13.05,1050,13702.5,7527341.25
2025-07-31 09:19:43 AM,13.1,675,8842.5,7536183.75
2025-07-31 09:19:45 AM,13.0,0,0.0,7536183.75
2025-07-31 09:19:45 AM,13.05,900,11745.0,7547928.75
2025-07-31 09:19:46 AM,13.1,0,0.0,7547928.75
2025-07-31 09:19:47 AM,13.05,0,0.0,7547928.75
2025-07-31 09:19:47 AM,13.1,2025,26527.5,7574456.25
2025-07-31 09:19:47 AM,13.15,0,0.0,7574456.25
2025-07-31 09:19:48 AM,13.1,0,0.0,7574456.25
2025-07-31 09:19:48 AM,13.1,1350,17685.0,7592141.25
2025-07-31 09:19:49 AM,13.15,150,1972.5,7594113.75
2025-07-31 09:19:50 AM,13.1,900,11790.0,7605903.75
2025-07-31 09:19:50 AM,13.1,75,982.5,7606886.25
2025-07-31 09:19:51 AM,13.25,0,0.0,7606886.25
2025-07-31 09:19:51 AM,13.3,0,0.0,7606886.25
2025-07-31 09:19:52 AM,13.3,975,12967.5,7619853.75
2025-07-31 09:19:53 AM,13.4,0,0.0,7619853.75
2025-07-31 09:19:53 AM,13.4,2250,30150.0,7650003.75
2025-07-31 09:19:54 AM,13.3,0,0.0,7650003.75
2025-07-31 09:19:55 AM,13.4,1950,26130.0,7676133.75
2025-07-31 09:19:57 AM,13.3,0,0.0,7676133.75
2025-07-31 09:19:58 AM,13.25,0,0.0,7676133.75
2025-07-31 09:19:58 AM,13.2,0,0.0,7676133.75
2025-07-31 09:19:58 AM,13.2,1200,15840.0,7691973.75
2025-07-31 09:19:59 AM,13.25,0,0.0,7691973.75
2025-07-31 09:20:00 AM,13.3,0,0.0,7691973.75
2025-07-31 09:20:00 AM,13.2,3525,46530.0,7738503.75
2025-07-31 09:20:02 AM,13.05,7200,93960.0,7832463.75
2025-07-31 09:20:03 AM,13.1,0,0.0,7832463.75
2025-07-31 09:20:03 AM,13.1,300,3930.0,7836393.75
2025-07-31 09:20:04 AM,13.15,0,0.0,7836393.75
2025-07-31 09:20:05 AM,13.1,3225,42247.5,7878641.25
2025-07-31 09:20:06 AM,13.05,0,0.0,7878641.25
2025-07-31 09:20:06 AM,13.0,0,0.0,7878641.25
2025-07-31 09:20:07 AM,13.0,2700,35100.0,7913741.25
2025-07-31 09:20:07 AM,13.0,75,975.0,7914716.25
2025-07-31 09:20:08 AM,12.9,0,0.0,7914716.25
2025-07-31 09:20:08 AM,13.0,0,0.0,7914716.25
2025-07-31 09:20:08 AM,13.0,225,2925.0,7917641.25
2025-07-31 09:20:09 AM,13.05,0,0.0,7917641.25
2025-07-31 09:20:10 AM,13.0,1275,16575.0,7934216.25
2025-07-31 09:20:12 AM,13.2,0,0.0,7934216.25
2025-07-31 09:20:12 AM,13.25,0,0.0,7934216.25
2025-07-31 09:20:12 AM,13.2,600,7920.0,7942136.25
2025-07-31 09:20:12 AM,13.1,0,0.0,7942136.25
2025-07-31 09:20:13 AM,13.25,0,0.0,7942136.25
2025-07-31 09:20:13 AM,13.25,5175,68568.75,8010705.0
2025-07-31 09:20:15 AM,13.35,0,0.0,8010705.0
2025-07-31 09:20:15 AM,13.55,4200,56910.0,8067615.0
2025-07-31 09:20:16 AM,13.75,0,0.0,8067615.0
2025-07-31 09:20:17 AM,13.6,2775,37740.0,8105355.0
2025-07-31 09:20:18 AM,13.75,0,0.0,8105355.0
2025-07-31 09:20:18 AM,13.55,0,0.0,8105355.0
2025-07-31 09:20:18 AM,13.55,6675,90446.25,8195801.25
2025-07-31 09:20:19 AM,13.75,0,0.0,8195801.25
2025-07-31 09:20:20 AM,13.6,5850,79560.0,8275361.25
2025-07-31 09:20:22 AM,13.5,0,0.0,8275361.25
2025-07-31 09:20:22 AM,13.6,3075,41820.0,8317181.25
2025-07-31 09:20:22 AM,13.7,75,1027.5,8318208.75
2025-07-31 09:20:22 AM,13.65,0,0.0,8318208.75
2025-07-31 09:20:23 AM,13.75,0,0.0,8318208.75
2025-07-31 09:20:23 AM,13.9,0,0.0,8318208.75
2025-07-31 09:20:23 AM,13.9,3975,55252.5,8373461.25
2025-07-31 09:20:24 AM,13.8,450,6210.0,8379671.25
2025-07-31 09:20:25 AM,13.9,0,0.0,8379671.25
2025-07-31 09:20:25 AM,13.8,0,0.0,8379671.25
2025-07-31 09:20:25 AM,14.0,1125,15750.0,8395421.25
2025-07-31 09:20:27 AM,13.85,1575,21813.75,8417235.0
2025-07-31 09:20:27 AM,13.9,0,0.0,8417235.0
2025-07-31 09:20:28 AM,13.85,900,12465.0,8429700.0
2025-07-31 09:20:30 AM,14.0,0,0.0,8429700.0
2025-07-31 09:20:30 AM,14.05,0,0.0,8429700.0
2025-07-31 09:20:30 AM,14.05,900,12645.0,8442345.0
2025-07-31 09:20:31 AM,14.15,0,0.0,8442345.0
2025-07-31 09:20:32 AM,14.15,450,6367.5,8448712.5
2025-07-31 09:20:33 AM,14.25,0,0.0,8448712.5
2025-07-31 09:20:34 AM,14.25,1050,14962.5,8463675.0
2025-07-31 09:20:34 AM,14.15,150,2122.5,8465797.5
2025-07-31 09:20:35 AM,14.3,0,0.0,8465797.5
2025-07-31 09:20:35 AM,14.35,2325,33363.75,8499161.25
2025-07-31 09:20:36 AM,14.3,0,0.0,8499161.25
2025-07-31 09:20:37 AM,14.4,2550,36720.0,8535881.25
2025-07-31 09:20:37 AM,14.25,750,10687.5,8546568.75
2025-07-31 09:20:38 AM,14.4,0,0.0,8546568.75
2025-07-31 09:20:39 AM,14.4,4500,64800.0,8611368.75
2025-07-31 09:20:39 AM,14.35,150,2152.5,8613521.25
2025-07-31 09:20:40 AM,14.4,3525,50760.0,8664281.25
2025-07-31 09:20:41 AM,14.65,0,0.0,8664281.25
2025-07-31 09:20:41 AM,14.6,0,0.0,8664281.25
2025-07-31 09:20:42 AM,14.75,1275,18806.25,8683087.5
2025-07-31 09:20:43 AM,14.85,0,0.0,8683087.5
2025-07-31 09:20:43 AM,14.8,0,0.0,8683087.5
2025-07-31 09:20:44 AM,14.8,4350,64380.0,8747467.5
2025-07-31 09:20:44 AM,14.75,75,1106.25,8748573.75
2025-07-31 09:20:46 AM,15.1,0,0.0,8748573.75
2025-07-31 09:20:46 AM,15.0,0,0.0,8748573.75
2025-07-31 09:20:46 AM,15.05,0,0.0,8748573.75
2025-07-31 09:20:47 AM,15.05,8025,120776.25,8869350.0
2025-07-31 09:20:47 AM,15.25,75,1143.75,8870493.75
2025-07-31 09:20:47 AM,15.05,0,0.0,8870493.75
2025-07-31 09:20:48 AM,15.15,0,0.0,8870493.75
2025-07-31 09:20:49 AM,15.05,900,13545.0,8884038.75
2025-07-31 09:20:49 AM,15.1,0,0.0,8884038.75
2025-07-31 09:20:50 AM,15.05,1875,28218.75,8912257.5
2025-07-31 09:20:52 AM,15.25,0,0.0,8912257.5
2025-07-31 09:20:52 AM,15.3,2850,43605.0,8955862.5
2025-07-31 09:20:52 AM,15.35,450,6907.5,8962770.0
2025-07-31 09:20:53 AM,15.2,0,0.0,8962770.0
2025-07-31 09:20:54 AM,15.1,2625,39637.5,9002407.5
2025-07-31 09:20:54 AM,15.05,0,0.0,9002407.5
2025-07-31 09:20:55 AM,15.1,3525,53227.5,9055635.0
2025-07-31 09:20:55 AM,15.0,0,0.0,9055635.0
2025-07-31 09:20:56 AM,15.05,0,0.0,9055635.0
2025-07-31 09:20:57 AM,14.85,0,0.0,9055635.0
2025-07-31 09:20:57 AM,14.8,1125,16650.0,9072285.0
2025-07-31 09:20:57 AM,14.95,0,0.0,9072285.0
2025-07-31 09:20:59 AM,14.7,0,0.0,9072285.0
2025-07-31 09:20:59 AM,14.7,3375,49612.5,9121897.5
2025-07-31 09:20:59 AM,14.85,0,0.0,9121897.5
2025-07-31 09:21:00 AM,14.8,300,4440.0,9126337.5
2025-07-31 09:21:01 AM,14.9,0,0.0,9126337.5
2025-07-31 09:21:01 AM,15.05,0,0.0,9126337.5
2025-07-31 09:21:02 AM,15.1,0,0.0,9126337.5
2025-07-31 09:21:02 AM,15.1,1950,29445.0,9155782.5
2025-07-31 09:21:02 AM,15.15,150,2272.5,9158055.0
2025-07-31 09:21:02 AM,15.1,0,0.0,9158055.0
2025-07-31 09:21:04 AM,15.15,0,0.0,9158055.0
2025-07-31 09:21:04 AM,15.15,1275,19316.25,9177371.25
2025-07-31 09:21:05 AM,14.9,4425,65932.5,9243303.75
2025-07-31 09:21:06 AM,15.15,0,0.0,9243303.75
2025-07-31 09:21:06 AM,15.05,0,0.0,9243303.75
2025-07-31 09:21:07 AM,15.05,3825,57566.25,9300870.0
2025-07-31 09:21:07 AM,14.95,0,0.0,9300870.0
2025-07-31 09:21:09 AM,14.9,1050,15645.0,9316515.0
2025-07-31 09:21:10 AM,14.75,450,6637.5,9323152.5
2025-07-31 09:21:12 AM,14.75,2025,29868.75,9353021.25
2025-07-31 09:21:13 AM,14.7,0,0.0,9353021.25
2025-07-31 09:21:13 AM,14.5,0,0.0,9353021.25
2025-07-31 09:21:13 AM,14.45,0,0.0,9353021.25
2025-07-31 09:21:14 AM,14.5,0,0.0,9353021.25
2025-07-31 09:21:14 AM,14.5,3975,57637.5,9410658.75
2025-07-31 09:21:15 AM,14.65,0,0.0,9410658.75
2025-07-31 09:21:15 AM,14.7,3600,52920.0,9463578.75
2025-07-31 09:21:15 AM,14.75,225,3318.75,9466897.5
2025-07-31 09:21:16 AM,14.65,0,0.0,9466897.5
2025-07-31 09:21:17 AM,15.05,1425,21446.25,9488343.75
2025-07-31 09:21:17 AM,15.15,0,0.0,9488343.75
2025-07-31 09:21:17 AM,15.15,675,10226.25,9498570.0
2025-07-31 09:21:18 AM,15.1,0,0.0,9498570.0
2025-07-31 09:21:18 AM,15.0,1575,23625.0,9522195.0
2025-07-31 09:21:18 AM,14.95,0,0.0,9522195.0
2025-07-31 09:21:19 AM,14.95,375,5606.25,9527801.25
2025-07-31 09:21:19 AM,15.2,0,0.0,9527801.25
2025-07-31 09:21:20 AM,15.35,1200,18420.0,9546221.25
2025-07-31 09:21:20 AM,15.25,0,0.0,9546221.25
2025-07-31 09:21:21 AM,15.4,0,0.0,9546221.25
2025-07-31 09:21:22 AM,15.35,0,0.0,9546221.25
2025-07-31 09:21:22 AM,15.35,2550,39142.5,9585363.75
2025-07-31 09:21:22 AM,15.3,0,0.0,9585363.75
2025-07-31 09:21:22 AM,15.3,150,2295.0,9587658.75
2025-07-31 09:21:24 AM,15.45,0,0.0,9587658.75
2025-07-31 09:21:24 AM,15.3,0,0.0,9587658.75
2025-07-31 09:21:25 AM,15.4,825,12705.0,9600363.75
2025-07-31 09:21:25 AM,15.3,225,3442.5,9603806.25
2025-07-31 09:21:27 AM,15.3,1275,19507.5,9623313.75
2025-07-31 09:21:28 AM,15.15,0,0.0,9623313.75
2025-07-31 09:21:28 AM,15.3,0,0.0,9623313.75
2025-07-31 09:21:28 AM,15.25,2250,34312.5,9657626.25
2025-07-31 09:21:28 AM,15.05,0,0.0,9657626.25
2025-07-31 09:21:29 AM,15.05,450,6772.5,9664398.75
2025-07-31 09:21:30 AM,15.15,0,0.0,9664398.75
2025-07-31 09:21:30 AM,15.15,1200,18180.0,9682578.75
2025-07-31 09:21:32 AM,15.15,10875,164756.25,9847335.0
2025-07-31 09:21:33 AM,15.3,0,0.0,9847335.0
2025-07-31 09:21:33 AM,15.1,600,9060.0,9856395.0
2025-07-31 09:21:35 AM,15.25,450,6862.5,9863257.5
2025-07-31 09:21:36 AM,15.3,0,0.0,9863257.5
2025-07-31 09:21:37 AM,15.3,375,5737.5,9868995.0
2025-07-31 09:21:38 AM,15.25,0,0.0,9868995.0
2025-07-31 09:21:38 AM,15.3,1725,26392.5,9895387.5
2025-07-31 09:21:39 AM,15.25,375,5718.75,9901106.25
2025-07-31 09:21:39 AM,15.2,0,0.0,9901106.25
2025-07-31 09:21:40 AM,15.3,0,0.0,9901106.25
2025-07-31 09:21:40 AM,15.3,1200,18360.0,9919466.25
2025-07-31 09:21:40 AM,15.3,75,1147.5,9920613.75
2025-07-31 09:21:41 AM,15.1,0,0.0,9920613.75
2025-07-31 09:21:42 AM,15.15,0,0.0,9920613.75
2025-07-31 09:21:42 AM,15.15,2925,44313.75,9964927.5
2025-07-31 09:21:43 AM,15.25,0,0.0,9964927.5
2025-07-31 09:21:43 AM,15.3,0,0.0,9964927.5
2025-07-31 09:21:43 AM,15.3,525,8032.5,9972960.0
2025-07-31 09:21:44 AM,15.15,0,0.0,9972960.0
2025-07-31 09:21:45 AM,15.15,1275,19316.25,9992276.25
2025-07-31 09:21:45 AM,15.2,75,1140.0,9993416.25
2025-07-31 09:21:47 AM,15.45,0,0.0,9993416.25
2025-07-31 09:21:47 AM,15.4,2250,34650.0,10028066.25
2025-07-31 09:21:47 AM,15.4,75,1155.0,10029221.25
2025-07-31 09:21:48 AM,15.3,0,0.0,10029221.25
2025-07-31 09:21:48 AM,15.45,0,0.0,10029221.25
2025-07-31 09:21:48 AM,15.3,4275,65407.5,10094628.75
2025-07-31 09:21:50 AM,15.35,1050,16117.5,10110746.25
2025-07-31 09:21:50 AM,15.4,150,2310.0,10113056.25
2025-07-31 09:21:51 AM,15.35,0,0.0,10113056.25
2025-07-31 09:21:52 AM,15.3,0,0.0,10113056.25
2025-07-31 09:21:52 AM,15.3,2100,32130.0,10145186.25
2025-07-31 09:21:53 AM,15.4,0,0.0,10145186.25
2025-07-31 09:21:53 AM,15.35,0,0.0,10145186.25
2025-07-31 09:21:53 AM,15.4,1425,21945.0,10167131.25
2025-07-31 09:21:55 AM,15.45,0,0.0,10167131.25
2025-07-31 09:21:55 AM,15.4,2100,32340.0,10199471.25
2025-07-31 09:21:56 AM,15.2,0,0.0,10199471.25
2025-07-31 09:21:57 AM,15.15,0,0.0,10199471.25
2025-07-31 09:21:57 AM,15.15,825,12498.75,10211970.0
2025-07-31 09:21:57 AM,15.1,0,0.0,10211970.0
2025-07-31 09:21:57 AM,15.1,75,1132.5,10213102.5
2025-07-31 09:21:58 AM,15.25,0,0.0,10213102.5
2025-07-31 09:21:58 AM,15.3,525,8032.5,10221135.0
2025-07-31 09:21:59 AM,15.3,75,1147.5,10222282.5
2025-07-31 09:22:00 AM,14.9,0,0.0,10222282.5
2025-07-31 09:22:00 AM,14.85,0,0.0,10222282.5
2025-07-31 09:22:00 AM,14.75,4500,66375.0,10288657.5
2025-07-31 09:22:02 AM,14.7,0,0.0,10288657.5
2025-07-31 09:22:02 AM,14.7,150,2205.0,10290862.5
2025-07-31 09:22:02 AM,14.7,75,1102.5,10291965.0
2025-07-31 09:22:03 AM,14.65,0,0.0,10291965.0
2025-07-31 09:22:03 AM,14.65,225,3296.25,10295261.25
2025-07-31 09:22:05 AM,14.7,0,0.0,10295261.25
2025-07-31 09:22:05 AM,14.75,1500,22125.0,10317386.25
2025-07-31 09:22:06 AM,14.8,0,0.0,10317386.25
2025-07-31 09:22:07 AM,14.55,0,0.0,10317386.25
2025-07-31 09:22:07 AM,14.55,4125,60018.75,10377405.0
2025-07-31 09:22:08 AM,14.8,0,0.0,10377405.0
2025-07-31 09:22:08 AM,14.8,675,9990.0,10387395.0
2025-07-31 09:22:09 AM,14.65,0,0.0,10387395.0
2025-07-31 09:22:09 AM,14.65,150,2197.5,10389592.5
2025-07-31 09:22:10 AM,14.65,75,1098.75,10390691.25
2025-07-31 09:22:11 AM,14.5,0,0.0,10390691.25
2025-07-31 09:22:11 AM,14.35,0,0.0,10390691.25
2025-07-31 09:22:12 AM,14.25,0,0.0,10390691.25
2025-07-31 09:22:12 AM,14.25,3150,44887.5,10435578.75
2025-07-31 09:22:12 AM,14.1,0,0.0,10435578.75
2025-07-31 09:22:12 AM,14.1,150,2115.0,10437693.75
2025-07-31 09:22:13 AM,14.05,0,0.0,10437693.75
2025-07-31 09:22:13 AM,14.1,0,0.0,10437693.75
2025-07-31 09:22:13 AM,14.0,2775,38850.0,10476543.75
2025-07-31 09:22:14 AM,14.05,750,10537.5,10487081.25
2025-07-31 09:22:14 AM,14.1,0,0.0,10487081.25
2025-07-31 09:22:15 AM,14.05,0,0.0,10487081.25
2025-07-31 09:22:15 AM,14.05,1800,25290.0,10512371.25
2025-07-31 09:22:15 AM,14.05,150,2107.5,10514478.75
2025-07-31 09:22:17 AM,14.1,0,0.0,10514478.75
2025-07-31 09:22:17 AM,14.2,2625,37275.0,10551753.75
2025-07-31 09:22:18 AM,14.15,2175,30776.25,10582530.0
2025-07-31 09:22:20 AM,14.0,0,0.0,10582530.0
2025-07-31 09:22:20 AM,14.0,600,8400.0,10590930.0
2025-07-31 09:22:21 AM,13.9,0,0.0,10590930.0
2025-07-31 09:22:22 AM,14.1,0,0.0,10590930.0
2025-07-31 09:22:22 AM,14.0,0,0.0,10590930.0
2025-07-31 09:22:22 AM,13.85,8625,119456.25,10710386.25
2025-07-31 09:22:22 AM,13.9,450,6255.0,10716641.25
2025-07-31 09:22:23 AM,13.8,0,0.0,10716641.25
2025-07-31 09:22:23 AM,13.75,0,0.0,10716641.25
2025-07-31 09:22:23 AM,13.75,825,11343.75,10727985.0
2025-07-31 09:22:25 AM,13.8,0,0.0,10727985.0
2025-07-31 09:22:25 AM,14.0,4275,59850.0,10787835.0
2025-07-31 09:22:26 AM,13.95,0,0.0,10787835.0
2025-07-31 09:22:27 AM,13.95,300,4185.0,10792020.0
2025-07-31 09:22:27 AM,14.0,0,0.0,10792020.0
2025-07-31 09:22:27 AM,14.0,75,1050.0,10793070.0
2025-07-31 09:22:28 AM,13.9,0,0.0,10793070.0
2025-07-31 09:22:28 AM,14.0,1650,23100.0,10816170.0
2025-07-31 09:22:30 AM,14.05,0,0.0,10816170.0
2025-07-31 09:22:30 AM,14.1,150,2115.0,10818285.0
2025-07-31 09:22:32 AM,13.9,0,0.0,10818285.0
2025-07-31 09:22:32 AM,13.75,0,0.0,10818285.0
2025-07-31 09:22:32 AM,13.7,2250,30825.0,10849110.0
2025-07-31 09:22:32 AM,13.7,375,5137.5,10854247.5
2025-07-31 09:22:33 AM,13.9,0,0.0,10854247.5
2025-07-31 09:22:33 AM,13.95,2475,34526.25,10888773.75
2025-07-31 09:22:35 AM,14.0,0,0.0,10888773.75
2025-07-31 09:22:35 AM,13.95,0,0.0,10888773.75
2025-07-31 09:22:35 AM,13.95,150,2092.5,10890866.25
2025-07-31 09:22:36 AM,14.0,0,0.0,10890866.25
2025-07-31 09:22:37 AM,14.0,975,13650.0,10904516.25
2025-07-31 09:22:38 AM,14.0,975,13650.0,10918166.25
2025-07-31 09:22:40 AM,13.9,0,0.0,10918166.25
2025-07-31 09:22:40 AM,13.9,300,4170.0,10922336.25
2025-07-31 09:22:41 AM,14.15,0,0.0,10922336.25
2025-07-31 09:22:42 AM,14.1,0,0.0,10922336.25
2025-07-31 09:22:42 AM,14.1,225,3172.5,10925508.75
2025-07-31 09:22:42 AM,14.05,75,1053.75,10926562.5
2025-07-31 09:22:43 AM,14.0,0,0.0,10926562.5
2025-07-31 09:22:43 AM,14.0,675,9450.0,10936012.5
2025-07-31 09:22:45 AM,13.85,0,0.0,10936012.5
2025-07-31 09:22:45 AM,13.85,600,8310.0,10944322.5
2025-07-31 09:22:45 AM,14.0,225,3150.0,10947472.5
2025-07-31 09:22:47 AM,13.95,0,0.0,10947472.5
2025-07-31 09:22:47 AM,14.15,1650,23347.5,10970820.0
2025-07-31 09:22:47 AM,14.15,75,1061.25,10971881.25
2025-07-31 09:22:48 AM,14.1,0,0.0,10971881.25
2025-07-31 09:22:48 AM,14.1,1650,23265.0,10995146.25
2025-07-31 09:22:49 AM,14.15,0,0.0,10995146.25
2025-07-31 09:22:50 AM,14.2,0,0.0,10995146.25
2025-07-31 09:22:50 AM,14.15,3000,42450.0,11037596.25
2025-07-31 09:22:50 AM,14.15,225,3183.75,11040780.0
2025-07-31 09:22:51 AM,14.2,0,0.0,11040780.0
2025-07-31 09:22:52 AM,14.15,0,0.0,11040780.0
2025-07-31 09:22:52 AM,14.15,750,10612.5,11051392.5
2025-07-31 09:22:52 AM,14.15,75,1061.25,11052453.75
2025-07-31 09:22:53 AM,14.2,0,0.0,11052453.75
2025-07-31 09:22:53 AM,14.2,2025,28755.0,11081208.75
2025-07-31 09:22:53 AM,14.2,75,1065.0,11082273.75
2025-07-31 09:22:54 AM,14.05,0,0.0,11082273.75
2025-07-31 09:22:55 AM,13.9,0,0.0,11082273.75
2025-07-31 09:22:55 AM,13.95,9600,133920.0,11216193.75
2025-07-31 09:22:55 AM,14.05,75,1053.75,11217247.5
2025-07-31 09:22:57 AM,14.2,0,0.0,11217247.5
2025-07-31 09:22:57 AM,14.2,450,6390.0,11223637.5
2025-07-31 09:22:58 AM,14.15,0,0.0,11223637.5
2025-07-31 09:22:58 AM,14.3,1950,27885.0,11251522.5
2025-07-31 09:23:00 AM,14.05,0,0.0,11251522.5
2025-07-31 09:23:00 AM,14.05,825,11591.25,11263113.75
2025-07-31 09:23:02 AM,14.1,0,0.0,11263113.75
2025-07-31 09:23:02 AM,14.1,375,5287.5,11268401.25
2025-07-31 09:23:03 AM,14.2,225,3195.0,11271596.25
2025-07-31 09:23:03 AM,14.25,75,1068.75,11272665.0
2025-07-31 09:23:04 AM,14.2,0,0.0,11272665.0
2025-07-31 09:23:05 AM,14.15,0,0.0,11272665.0
2025-07-31 09:23:05 AM,14.2,0,0.0,11272665.0
2025-07-31 09:23:05 AM,14.25,1050,14962.5,11287627.5
2025-07-31 09:23:07 AM,14.35,0,0.0,11287627.5
2025-07-31 09:23:07 AM,14.35,225,3228.75,11290856.25
2025-07-31 09:23:08 AM,14.5,0,0.0,11290856.25
2025-07-31 09:23:08 AM,14.45,750,10837.5,11301693.75
2025-07-31 09:23:08 AM,14.45,75,1083.75,11302777.5
2025-07-31 09:23:09 AM,14.5,0,0.0,11302777.5
2025-07-31 09:23:10 AM,14.3,0,0.0,11302777.5
2025-07-31 09:23:10 AM,14.25,675,9618.75,11312396.25
2025-07-31 09:23:12 AM,14.45,0,0.0,11312396.25
2025-07-31 09:23:12 AM,14.55,1575,22916.25,11335312.5
2025-07-31 09:23:12 AM,14.45,450,6502.5,11341815.0
2025-07-31 09:23:13 AM,14.4,0,0.0,11341815.0
2025-07-31 09:23:13 AM,14.5,750,10875.0,11352690.0
2025-07-31 09:23:14 AM,14.45,525,7586.25,11360276.25
2025-07-31 09:23:15 AM,14.55,0,0.0,11360276.25
2025-07-31 09:23:15 AM,14.45,0,0.0,11360276.25
2025-07-31 09:23:15 AM,14.6,3075,44895.0,11405171.25
2025-07-31 09:23:15 AM,14.7,3375,49612.5,11454783.75
2025-07-31 09:23:17 AM,14.4,0,0.0,11454783.75
2025-07-31 09:23:17 AM,14.45,1350,19507.5,11474291.25
2025-07-31 09:23:17 AM,14.45,1200,17340.0,11491631.25
2025-07-31 09:23:18 AM,14.4,0,0.0,11491631.25
2025-07-31 09:23:19 AM,14.4,1200,17280.0,11508911.25
2025-07-31 09:23:19 AM,14.2,375,5325.0,11514236.25
2025-07-31 09:23:20 AM,14.3,0,0.0,11514236.25
2025-07-31 09:23:20 AM,14.15,2475,35021.25,11549257.5
2025-07-31 09:23:20 AM,14.15,300,4245.0,11553502.5
2025-07-31 09:23:21 AM,14.1,0,0.0,11553502.5
2025-07-31 09:23:21 AM,14.05,0,0.0,11553502.5
2025-07-31 09:23:22 AM,14.2,0,0.0,11553502.5
2025-07-31 09:23:22 AM,14.2,1275,18105.0,11571607.5
2025-07-31 09:23:22 AM,14.05,0,0.0,11571607.5
2025-07-31 09:23:22 AM,14.2,1050,14910.0,11586517.5
2025-07-31 09:23:24 AM,14.2,1575,22365.0,11608882.5
2025-07-31 09:23:25 AM,14.25,0,0.0,11608882.5
2025-07-31 09:23:25 AM,14.4,0,0.0,11608882.5
2025-07-31 09:23:25 AM,14.4,4425,63720.0,11672602.5
2025-07-31 09:23:27 AM,14.2,0,0.0,11672602.5
2025-07-31 09:23:27 AM,14.2,375,5325.0,11677927.5
2025-07-31 09:23:27 AM,14.05,1950,27397.5,11705325.0
2025-07-31 09:23:28 AM,14.25,0,0.0,11705325.0
2025-07-31 09:23:28 AM,14.3,0,0.0,11705325.0
2025-07-31 09:23:29 AM,14.25,0,0.0,11705325.0
2025-07-31 09:23:29 AM,14.25,750,10687.5,11716012.5
2025-07-31 09:23:29 AM,14.35,0,0.0,11716012.5
2025-07-31 09:23:29 AM,14.4,1575,22680.0,11738692.5
2025-07-31 09:23:30 AM,14.5,0,0.0,11738692.5
2025-07-31 09:23:30 AM,14.6,0,0.0,11738692.5
2025-07-31 09:23:30 AM,14.65,2325,34061.25,11772753.75
2025-07-31 09:23:30 AM,14.6,75,1095.0,11773848.75
2025-07-31 09:23:32 AM,14.5,750,10875.0,11784723.75
2025-07-31 09:23:32 AM,14.5,1350,19575.0,11804298.75
2025-07-31 09:23:34 AM,14.5,2175,31537.5,11835836.25
2025-07-31 09:23:35 AM,14.6,0,0.0,11835836.25
2025-07-31 09:23:35 AM,14.7,1200,17640.0,11853476.25
2025-07-31 09:23:37 AM,14.5,0,0.0,11853476.25
2025-07-31 09:23:37 AM,14.5,975,14137.5,11867613.75
2025-07-31 09:23:38 AM,14.55,0,0.0,11867613.75
2025-07-31 09:23:39 AM,14.45,2025,29261.25,11896875.0
2025-07-31 09:23:39 AM,14.45,75,1083.75,11897958.75
2025-07-31 09:23:40 AM,14.15,0,0.0,11897958.75
2025-07-31 09:23:40 AM,14.25,3825,54506.25,11952465.0
2025-07-31 09:23:42 AM,14.2,0,0.0,11952465.0
2025-07-31 09:23:42 AM,14.2,150,2130.0,11954595.0
2025-07-31 09:23:43 AM,14.05,0,0.0,11954595.0
2025-07-31 09:23:44 AM,14.05,600,8430.0,11963025.0
2025-07-31 09:23:45 AM,13.8,0,0.0,11963025.0
2025-07-31 09:23:45 AM,13.75,4200,57750.0,12020775.0
2025-07-31 09:23:47 AM,14.1,0,0.0,12020775.0
2025-07-31 09:23:47 AM,14.1,11025,155452.5,12176227.5
2025-07-31 09:23:47 AM,14.15,75,1061.25,12177288.75
2025-07-31 09:23:48 AM,14.05,0,0.0,12177288.75
2025-07-31 09:23:49 AM,14.1,0,0.0,12177288.75
2025-07-31 09:23:49 AM,14.1,900,12690.0,12189978.75
2025-07-31 09:23:49 AM,14.15,225,3183.75,12193162.5
2025-07-31 09:23:51 AM,14.2,0,0.0,12193162.5
2025-07-31 09:23:52 AM,14.1,0,0.0,12193162.5
2025-07-31 09:23:52 AM,14.0,5775,80850.0,12274012.5
2025-07-31 09:23:52 AM,14.0,675,9450.0,12283462.5
2025-07-31 09:23:54 AM,14.05,0,0.0,12283462.5
2025-07-31 09:23:54 AM,14.0,600,8400.0,12291862.5
2025-07-31 09:23:55 AM,13.95,0,0.0,12291862.5
2025-07-31 09:23:55 AM,13.95,375,5231.25,12297093.75
2025-07-31 09:23:57 AM,13.9,0,0.0,12297093.75
2025-07-31 09:23:57 AM,13.9,3975,55252.5,12352346.25
2025-07-31 09:23:58 AM,13.85,0,0.0,12352346.25
2025-07-31 09:23:59 AM,13.75,0,0.0,12352346.25
2025-07-31 09:23:59 AM,13.75,375,5156.25,12357502.5
2025-07-31 09:23:59 AM,13.85,150,2077.5,12359580.0
2025-07-31 09:24:00 AM,14.0,0,0.0,12359580.0
2025-07-31 09:24:00 AM,14.1,0,0.0,12359580.0
2025-07-31 09:24:00 AM,14.1,10650,150165.0,12509745.0
2025-07-31 09:24:00 AM,14.05,75,1053.75,12510798.75
2025-07-31 09:24:02 AM,13.9,0,0.0,12510798.75
2025-07-31 09:24:02 AM,13.9,300,4170.0,12514968.75
2025-07-31 09:24:03 AM,14.0,0,0.0,12514968.75
2025-07-31 09:24:04 AM,14.15,525,7428.75,12522397.5
2025-07-31 09:24:05 AM,14.1,0,0.0,12522397.5
2025-07-31 09:24:05 AM,13.9,300,4170.0,12526567.5
2025-07-31 09:24:05 AM,13.95,300,4185.0,12530752.5
2025-07-31 09:24:07 AM,13.95,450,6277.5,12537030.0
2025-07-31 09:24:07 AM,14.05,450,6322.5,12543352.5
2025-07-31 09:24:08 AM,13.95,0,0.0,12543352.5
2025-07-31 09:24:09 AM,14.0,0,0.0,12543352.5
2025-07-31 09:24:09 AM,14.0,300,4200.0,12547552.5
2025-07-31 09:24:10 AM,14.05,0,0.0,12547552.5
2025-07-31 09:24:10 AM,14.05,1875,26343.75,12573896.25
2025-07-31 09:24:10 AM,14.1,375,5287.5,12579183.75
2025-07-31 09:24:11 AM,14.05,0,0.0,12579183.75
2025-07-31 09:24:12 AM,14.15,0,0.0,12579183.75
2025-07-31 09:24:12 AM,14.15,525,7428.75,12586612.5
2025-07-31 09:24:13 AM,14.35,0,0.0,12586612.5
2025-07-31 09:24:13 AM,14.5,0,0.0,12586612.5
2025-07-31 09:24:14 AM,14.5,750,10875.0,12597487.5
2025-07-31 09:24:14 AM,14.4,0,0.0,12597487.5
2025-07-31 09:24:15 AM,14.25,0,0.0,12597487.5
2025-07-31 09:24:15 AM,14.35,0,0.0,12597487.5
2025-07-31 09:24:15 AM,14.3,1050,15015.0,12612502.5
2025-07-31 09:24:16 AM,14.25,0,0.0,12612502.5
2025-07-31 09:24:17 AM,14.25,525,7481.25,12619983.75
2025-07-31 09:24:17 AM,14.25,225,3206.25,12623190.0
2025-07-31 09:24:18 AM,13.75,3000,41250.0,12664440.0
2025-07-31 09:24:19 AM,13.8,600,8280.0,12672720.0
2025-07-31 09:24:20 AM,13.85,75,1038.75,12673758.75
2025-07-31 09:24:22 AM,13.9,0,0.0,12673758.75
2025-07-31 09:24:22 AM,14.0,3450,48300.0,12722058.75
2025-07-31 09:24:22 AM,14.0,4125,57750.0,12779808.75
2025-07-31 09:24:23 AM,13.95,6300,87885.0,12867693.75
2025-07-31 09:24:25 AM,13.95,1125,15693.75,12883387.5
2025-07-31 09:24:26 AM,13.85,0,0.0,12883387.5
2025-07-31 09:24:26 AM,13.9,0,0.0,12883387.5
2025-07-31 09:24:27 AM,13.75,0,0.0,12883387.5
2025-07-31 09:24:27 AM,13.7,0,0.0,12883387.5
2025-07-31 09:24:27 AM,13.7,2475,33907.5,12917295.0
2025-07-31 09:24:27 AM,13.65,450,6142.5,12923437.5
2025-07-31 09:24:28 AM,13.6,0,0.0,12923437.5
2025-07-31 09:24:28 AM,13.6,5700,77520.0,13000957.5
2025-07-31 09:24:29 AM,13.5,0,0.0,13000957.5
2025-07-31 09:24:29 AM,13.45,300,4035.0,13004992.5
2025-07-31 09:24:30 AM,13.6,0,0.0,13004992.5
2025-07-31 09:24:30 AM,13.6,150,2040.0,13007032.5
2025-07-31 09:24:31 AM,13.55,0,0.0,13007032.5
2025-07-31 09:24:32 AM,13.6,0,0.0,13007032.5
2025-07-31 09:24:32 AM,13.5,0,0.0,13007032.5
2025-07-31 09:24:32 AM,13.25,5025,66581.25,13073613.75
2025-07-31 09:24:32 AM,13.35,525,7008.75,13080622.5
2025-07-31 09:24:33 AM,13.2,0,0.0,13080622.5
2025-07-31 09:24:33 AM,13.45,1800,24210.0,13104832.5
2025-07-31 09:24:34 AM,13.5,1650,22275.0,13127107.5
2025-07-31 09:24:35 AM,13.45,0,0.0,13127107.5
2025-07-31 09:24:35 AM,13.45,600,8070.0,13135177.5
2025-07-31 09:24:35 AM,13.3,75,997.5,13136175.0
2025-07-31 09:24:37 AM,13.45,0,0.0,13136175.0
2025-07-31 09:24:37 AM,13.45,2625,35306.25,13171481.25
2025-07-31 09:24:38 AM,13.5,0,0.0,13171481.25
2025-07-31 09:24:38 AM,13.55,1200,16260.0,13187741.25
2025-07-31 09:24:40 AM,13.65,0,0.0,13187741.25
2025-07-31 09:24:40 AM,13.65,375,5118.75,13192860.0
2025-07-31 09:24:41 AM,13.55,0,0.0,13192860.0
2025-07-31 09:24:41 AM,13.7,0,0.0,13192860.0
2025-07-31 09:24:42 AM,13.65,0,0.0,13192860.0
2025-07-31 09:24:42 AM,13.65,3525,48116.25,13240976.25
2025-07-31 09:24:43 AM,13.85,0,0.0,13240976.25
2025-07-31 09:24:43 AM,13.9,1125,15637.5,13256613.75
2025-07-31 09:24:46 AM,13.8,0,0.0,13256613.75
2025-07-31 09:24:47 AM,13.75,0,0.0,13256613.75
2025-07-31 09:24:47 AM,13.8,0,0.0,13256613.75
2025-07-31 09:24:47 AM,13.8,975,13455.0,13270068.75
2025-07-31 09:24:47 AM,13.8,375,5175.0,13275243.75
2025-07-31 09:24:48 AM,13.85,0,0.0,13275243.75
2025-07-31 09:24:49 AM,13.85,1200,16620.0,13291863.75
2025-07-31 09:24:49 AM,13.95,0,0.0,13291863.75
2025-07-31 09:24:49 AM,14.0,0,0.0,13291863.75
2025-07-31 09:24:50 AM,14.0,29625,414750.0,13706613.75
2025-07-31 09:24:51 AM,14.25,0,0.0,13706613.75
2025-07-31 09:24:52 AM,14.4,0,0.0,13706613.75
2025-07-31 09:24:52 AM,14.25,375,5343.75,13711957.5
2025-07-31 09:24:52 AM,14.3,300,4290.0,13716247.5
2025-07-31 09:24:53 AM,14.25,0,0.0,13716247.5
2025-07-31 09:24:54 AM,14.35,300,4305.0,13720552.5
2025-07-31 09:24:54 AM,14.4,0,0.0,13720552.5
2025-07-31 09:24:54 AM,14.4,150,2160.0,13722712.5
2025-07-31 09:24:55 AM,14.3,0,0.0,13722712.5
2025-07-31 09:24:55 AM,14.3,675,9652.5,13732365.0
2025-07-31 09:24:57 AM,14.4,0,0.0,13732365.0
2025-07-31 09:24:57 AM,14.4,375,5400.0,13737765.0
2025-07-31 09:24:57 AM,14.25,75,1068.75,13738833.75
2025-07-31 09:24:58 AM,14.15,0,0.0,13738833.75
2025-07-31 09:24:58 AM,14.3,0,0.0,13738833.75
2025-07-31 09:24:59 AM,14.25,1125,16031.25,13754865.0
2025-07-31 09:25:00 AM,14.0,0,0.0,13754865.0
2025-07-31 09:25:00 AM,14.0,75,1050.0,13755915.0
2025-07-31 09:25:01 AM,14.05,0,0.0,13755915.0
2025-07-31 09:25:02 AM,13.95,0,0.0,13755915.0
2025-07-31 09:25:02 AM,13.95,825,11508.75,13767423.75
2025-07-31 09:25:04 AM,14.1,0,0.0,13767423.75
2025-07-31 09:25:04 AM,14.1,600,8460.0,13775883.75
2025-07-31 09:25:05 AM,13.95,0,0.0,13775883.75
2025-07-31 09:25:05 AM,13.95,375,5231.25,13781115.0
2025-07-31 09:25:07 AM,14.0,0,0.0,13781115.0
2025-07-31 09:25:07 AM,14.0,300,4200.0,13785315.0
2025-07-31 09:25:08 AM,13.95,0,0.0,13785315.0
2025-07-31 09:25:09 AM,13.95,75,1046.25,13786361.25
2025-07-31 09:25:09 AM,13.9,0,0.0,13786361.25
2025-07-31 09:25:09 AM,13.9,300,4170.0,13790531.25
2025-07-31 09:25:10 AM,13.85,0,0.0,13790531.25
2025-07-31 09:25:10 AM,13.85,375,5193.75,13795725.0
2025-07-31 09:25:12 AM,13.95,0,0.0,13795725.0
2025-07-31 09:25:12 AM,13.95,150,2092.5,13797817.5
2025-07-31 09:25:12 AM,13.95,75,1046.25,13798863.75
2025-07-31 09:25:14 AM,13.8,675,9315.0,13808178.75
2025-07-31 09:25:14 AM,13.85,0,0.0,13808178.75
2025-07-31 09:25:14 AM,13.85,150,2077.5,13810256.25
2025-07-31 09:25:15 AM,13.65,0,0.0,13810256.25
2025-07-31 09:25:15 AM,13.6,0,0.0,13810256.25
2025-07-31 09:25:15 AM,13.55,5025,68088.75,13878345.0
2025-07-31 09:25:17 AM,13.35,0,0.0,13878345.0
2025-07-31 09:25:17 AM,13.35,225,3003.75,13881348.75
2025-07-31 09:25:17 AM,13.4,1950,26130.0,13907478.75
2025-07-31 09:25:18 AM,13.3,0,0.0,13907478.75
2025-07-31 09:25:19 AM,13.35,5550,74092.5,13981571.25
2025-07-31 09:25:20 AM,13.25,0,0.0,13981571.25
2025-07-31 09:25:20 AM,13.35,900,12015.0,13993586.25
2025-07-31 09:25:21 AM,13.4,1350,18090.0,14011676.25
2025-07-31 09:25:22 AM,13.25,0,0.0,14011676.25
2025-07-31 09:25:22 AM,13.25,1050,13912.5,14025588.75
2025-07-31 09:25:24 AM,13.0,0,0.0,14025588.75
2025-07-31 09:25:24 AM,12.85,4650,59752.5,14085341.25
2025-07-31 09:25:25 AM,12.75,0,0.0,14085341.25
2025-07-31 09:25:25 AM,13.0,1800,23400.0,14108741.25
2025-07-31 09:25:27 AM,13.1,0,0.0,14108741.25
2025-07-31 09:25:27 AM,13.1,2100,27510.0,14136251.25
2025-07-31 09:25:27 AM,13.05,675,8808.75,14145060.0
2025-07-31 09:25:28 AM,13.1,0,0.0,14145060.0
2025-07-31 09:25:29 AM,13.3,0,0.0,14145060.0
2025-07-31 09:25:29 AM,13.3,2925,38902.5,14183962.5
2025-07-31 09:25:29 AM,13.15,75,986.25,14184948.75
2025-07-31 09:25:30 AM,13.2,0,0.0,14184948.75
2025-07-31 09:25:30 AM,13.15,750,9862.5,14194811.25
2025-07-31 09:25:32 AM,13.2,0,0.0,14194811.25
2025-07-31 09:25:32 AM,13.2,525,6930.0,14201741.25
2025-07-31 09:25:34 AM,13.1,0,0.0,14201741.25
2025-07-31 09:25:34 AM,13.1,1575,20632.5,14222373.75
2025-07-31 09:25:35 AM,13.0,1650,21450.0,14243823.75
2025-07-31 09:25:36 AM,13.05,0,0.0,14243823.75
2025-07-31 09:25:37 AM,13.0,0,0.0,14243823.75
2025-07-31 09:25:37 AM,12.95,525,6798.75,14250622.5
2025-07-31 09:25:37 AM,12.95,75,971.25,14251593.75
2025-07-31 09:25:39 AM,12.85,0,0.0,14251593.75
2025-07-31 09:25:39 AM,12.8,300,3840.0,14255433.75
2025-07-31 09:25:41 AM,12.9,75,967.5,14256401.25
2025-07-31 09:25:42 AM,12.75,0,0.0,14256401.25
2025-07-31 09:25:42 AM,12.75,750,9562.5,14265963.75
2025-07-31 09:25:42 AM,12.8,375,4800.0,14270763.75
2025-07-31 09:25:43 AM,12.7,0,0.0,14270763.75
2025-07-31 09:25:43 AM,12.75,0,0.0,14270763.75
2025-07-31 09:25:44 AM,12.75,300,3825.0,14274588.75
2025-07-31 09:25:44 AM,12.85,0,0.0,14274588.75
2025-07-31 09:25:45 AM,12.85,525,6746.25,14281335.0
2025-07-31 09:25:47 AM,12.95,0,0.0,14281335.0
2025-07-31 09:25:47 AM,12.95,150,1942.5,14283277.5
2025-07-31 09:25:47 AM,12.9,75,967.5,14284245.0
2025-07-31 09:25:48 AM,13.1,0,0.0,14284245.0
2025-07-31 09:25:49 AM,13.1,975,12772.5,14297017.5
2025-07-31 09:25:50 AM,13.15,0,0.0,14297017.5
2025-07-31 09:25:50 AM,13.2,825,10890.0,14307907.5
2025-07-31 09:25:52 AM,13.3,0,0.0,14307907.5
2025-07-31 09:25:52 AM,13.35,0,0.0,14307907.5
2025-07-31 09:25:52 AM,13.35,1200,16020.0,14323927.5
2025-07-31 09:25:53 AM,13.4,0,0.0,14323927.5
2025-07-31 09:25:54 AM,13.3,0,0.0,14323927.5
2025-07-31 09:25:54 AM,13.3,375,4987.5,14328915.0
2025-07-31 09:25:55 AM,13.4,0,0.0,14328915.0
2025-07-31 09:25:55 AM,13.4,75,1005.0,14329920.0
2025-07-31 09:25:56 AM,13.45,0,0.0,14329920.0
2025-07-31 09:25:57 AM,13.35,0,0.0,14329920.0
2025-07-31 09:25:57 AM,13.35,450,6007.5,14335927.5
2025-07-31 09:25:57 AM,13.35,150,2002.5,14337930.0
2025-07-31 09:25:58 AM,13.4,0,0.0,14337930.0
2025-07-31 09:25:59 AM,13.4,375,5025.0,14342955.0
2025-07-31 09:25:59 AM,13.25,75,993.75,14343948.75
2025-07-31 09:26:00 AM,13.15,0,0.0,14343948.75
2025-07-31 09:26:00 AM,13.2,375,4950.0,14348898.75
2025-07-31 09:26:02 AM,13.2,225,2970.0,14351868.75
2025-07-31 09:26:04 AM,13.3,0,0.0,14351868.75
2025-07-31 09:26:04 AM,13.3,600,7980.0,14359848.75
2025-07-31 09:26:04 AM,13.15,0,0.0,14359848.75
2025-07-31 09:26:05 AM,13.25,0,0.0,14359848.75
2025-07-31 09:26:05 AM,13.15,825,10848.75,14370697.5
2025-07-31 09:26:07 AM,13.2,0,0.0,14370697.5
2025-07-31 09:26:07 AM,13.2,300,3960.0,14374657.5
2025-07-31 09:26:07 AM,13.2,75,990.0,14375647.5
2025-07-31 09:26:09 AM,13.25,0,0.0,14375647.5
2025-07-31 09:26:09 AM,13.25,375,4968.75,14380616.25
2025-07-31 09:26:10 AM,13.1,0,0.0,14380616.25
2025-07-31 09:26:10 AM,13.15,375,4931.25,14385547.5
2025-07-31 09:26:12 AM,13.05,0,0.0,14385547.5
2025-07-31 09:26:12 AM,13.1,0,0.0,14385547.5
2025-07-31 09:26:12 AM,13.1,1350,17685.0,14403232.5
2025-07-31 09:26:13 AM,12.9,0,0.0,14403232.5
2025-07-31 09:26:14 AM,13.05,0,0.0,14403232.5
2025-07-31 09:26:14 AM,13.05,1650,21532.5,14424765.0
2025-07-31 09:26:14 AM,12.95,750,9712.5,14434477.5
2025-07-31 09:26:15 AM,12.8,0,0.0,14434477.5
2025-07-31 09:26:15 AM,12.8,2850,36480.0,14470957.5
2025-07-31 09:26:17 AM,13.1,1800,23580.0,14494537.5
2025-07-31 09:26:18 AM,13.05,0,0.0,14494537.5
2025-07-31 09:26:18 AM,12.95,0,0.0,14494537.5
2025-07-31 09:26:19 AM,12.95,2325,30108.75,14524646.25
2025-07-31 09:26:19 AM,12.95,825,10683.75,14535330.0
2025-07-31 09:26:20 AM,12.9,1650,21285.0,14556615.0
2025-07-31 09:26:22 AM,12.9,750,9675.0,14566290.0
2025-07-31 09:26:22 AM,12.8,225,2880.0,14569170.0
2025-07-31 09:26:23 AM,12.85,0,0.0,14569170.0
2025-07-31 09:26:24 AM,12.7,0,0.0,14569170.0
2025-07-31 09:26:24 AM,12.7,1650,20955.0,14590125.0
2025-07-31 09:26:27 AM,12.75,525,6693.75,14596818.75
2025-07-31 09:26:29 AM,12.85,0,0.0,14596818.75
2025-07-31 09:26:29 AM,12.85,2475,31803.75,14628622.5
2025-07-31 09:26:30 AM,12.6,0,0.0,14628622.5
2025-07-31 09:26:30 AM,12.85,1500,19275.0,14647897.5
2025-07-31 09:26:32 AM,12.85,300,3855.0,14651752.5
2025-07-31 09:26:32 AM,12.8,675,8640.0,14660392.5
2025-07-31 09:26:34 AM,12.8,300,3840.0,14664232.5
2025-07-31 09:26:34 AM,12.9,0,0.0,14664232.5
2025-07-31 09:26:34 AM,12.8,750,9600.0,14673832.5
2025-07-31 09:26:35 AM,12.9,525,6772.5,14680605.0
2025-07-31 09:26:36 AM,12.8,0,0.0,14680605.0
2025-07-31 09:26:36 AM,12.8,1800,23040.0,14703645.0
2025-07-31 09:26:38 AM,12.95,0,0.0,14703645.0
2025-07-31 09:26:39 AM,12.95,150,1942.5,14705587.5
2025-07-31 09:26:39 AM,13.0,0,0.0,14705587.5
2025-07-31 09:26:39 AM,13.0,75,975.0,14706562.5
2025-07-31 09:26:40 AM,12.9,0,0.0,14706562.5
2025-07-31 09:26:40 AM,13.0,2025,26325.0,14732887.5
2025-07-31 09:26:42 AM,13.2,0,0.0,14732887.5
2025-07-31 09:26:42 AM,13.2,225,2970.0,14735857.5
2025-07-31 09:26:42 AM,13.2,150,1980.0,14737837.5
2025-07-31 09:26:44 AM,13.35,0,0.0,14737837.5
2025-07-31 09:26:44 AM,13.4,2100,28140.0,14765977.5
2025-07-31 09:26:44 AM,13.4,75,1005.0,14766982.5
2025-07-31 09:26:45 AM,13.45,0,0.0,14766982.5
2025-07-31 09:26:45 AM,13.6,675,9180.0,14776162.5
2025-07-31 09:26:47 AM,13.5,0,0.0,14776162.5
2025-07-31 09:26:47 AM,13.6,0,0.0,14776162.5
2025-07-31 09:26:47 AM,13.6,1950,26520.0,14802682.5
2025-07-31 09:26:48 AM,13.55,0,0.0,14802682.5
2025-07-31 09:26:49 AM,13.55,75,1016.25,14803698.75
2025-07-31 09:26:49 AM,13.7,0,0.0,14803698.75
2025-07-31 09:26:49 AM,13.7,75,1027.5,14804726.25
2025-07-31 09:26:50 AM,13.75,0,0.0,14804726.25
2025-07-31 09:26:50 AM,13.75,225,3093.75,14807820.0
2025-07-31 09:26:51 AM,13.8,0,0.0,14807820.0
2025-07-31 09:26:51 AM,13.8,1425,19665.0,14827485.0
2025-07-31 09:26:52 AM,13.85,0,0.0,14827485.0
2025-07-31 09:26:52 AM,13.7,825,11302.5,14838787.5
2025-07-31 09:26:54 AM,13.75,0,0.0,14838787.5
2025-07-31 09:26:54 AM,13.75,75,1031.25,14839818.75
2025-07-31 09:26:54 AM,13.7,150,2055.0,14841873.75
2025-07-31 09:26:55 AM,13.65,375,5118.75,14846992.5
2025-07-31 09:26:57 AM,13.8,0,0.0,14846992.5
2025-07-31 09:26:57 AM,13.8,1500,20700.0,14867692.5
2025-07-31 09:26:57 AM,13.8,150,2070.0,14869762.5
2025-07-31 09:26:59 AM,13.9,0,0.0,14869762.5
2025-07-31 09:26:59 AM,13.9,2100,29190.0,14898952.5
2025-07-31 09:26:59 AM,13.95,525,7323.75,14906276.25
2025-07-31 09:27:00 AM,14.15,0,0.0,14906276.25
2025-07-31 09:27:01 AM,14.05,3675,51633.75,14957910.0
2025-07-31 09:27:01 AM,14.1,0,0.0,14957910.0
2025-07-31 09:27:01 AM,14.1,300,4230.0,14962140.0
2025-07-31 09:27:02 AM,14.05,0,0.0,14962140.0
2025-07-31 09:27:02 AM,14.1,0,0.0,14962140.0
2025-07-31 09:27:02 AM,14.0,1275,17850.0,14979990.0
2025-07-31 09:27:03 AM,13.95,0,0.0,14979990.0
2025-07-31 09:27:04 AM,13.9,0,0.0,14979990.0
2025-07-31 09:27:04 AM,13.9,675,9382.5,14989372.5
2025-07-31 09:27:04 AM,13.75,1125,15468.75,15004841.25
2025-07-31 09:27:06 AM,13.7,225,3082.5,15007923.75
2025-07-31 09:27:06 AM,13.8,0,0.0,15007923.75
2025-07-31 09:27:06 AM,13.85,0,0.0,15007923.75
2025-07-31 09:27:06 AM,13.85,375,5193.75,15013117.5
2025-07-31 09:27:07 AM,14.0,0,0.0,15013117.5
2025-07-31 09:27:07 AM,14.0,1350,18900.0,15032017.5
2025-07-31 09:27:08 AM,14.1,0,0.0,15032017.5
2025-07-31 09:27:09 AM,14.15,0,0.0,15032017.5
2025-07-31 09:27:09 AM,14.15,375,5306.25,15037323.75
2025-07-31 09:27:10 AM,14.2,0,0.0,15037323.75
2025-07-31 09:27:11 AM,14.3,375,5362.5,15042686.25
2025-07-31 09:27:11 AM,14.25,450,6412.5,15049098.75
2025-07-31 09:27:12 AM,14.35,0,0.0,15049098.75
2025-07-31 09:27:12 AM,14.35,225,3228.75,15052327.5
2025-07-31 09:27:13 AM,14.3,0,0.0,15052327.5
2025-07-31 09:27:14 AM,14.3,450,6435.0,15058762.5
2025-07-31 09:27:15 AM,14.2,0,0.0,15058762.5
2025-07-31 09:27:15 AM,14.15,0,0.0,15058762.5
2025-07-31 09:27:15 AM,14.3,1125,16087.5,15074850.0
2025-07-31 09:27:17 AM,14.35,0,0.0,15074850.0
2025-07-31 09:27:17 AM,14.35,900,12915.0,15087765.0
2025-07-31 09:27:17 AM,14.3,750,10725.0,15098490.0
2025-07-31 09:27:19 AM,14.2,450,6390.0,15104880.0
2025-07-31 09:27:20 AM,14.15,0,0.0,15104880.0
2025-07-31 09:27:20 AM,14.15,150,2122.5,15107002.5
2025-07-31 09:27:21 AM,14.3,0,0.0,15107002.5
2025-07-31 09:27:22 AM,14.25,0,0.0,15107002.5
2025-07-31 09:27:22 AM,14.25,1350,19237.5,15126240.0
2025-07-31 09:27:22 AM,14.25,600,8550.0,15134790.0
2025-07-31 09:27:23 AM,14.2,0,0.0,15134790.0
2025-07-31 09:27:24 AM,14.2,375,5325.0,15140115.0
2025-07-31 09:27:24 AM,14.15,75,1061.25,15141176.25
2025-07-31 09:27:25 AM,14.25,0,0.0,15141176.25
2025-07-31 09:27:25 AM,14.25,225,3206.25,15144382.5
2025-07-31 09:27:27 AM,14.25,75,1068.75,15145451.25
2025-07-31 09:27:29 AM,14.4,0,0.0,15145451.25
2025-07-31 09:27:29 AM,14.4,75,1080.0,15146531.25
2025-07-31 09:27:30 AM,14.35,225,3228.75,15149760.0
2025-07-31 09:27:32 AM,14.4,0,0.0,15149760.0
2025-07-31 09:27:32 AM,14.4,75,1080.0,15150840.0
2025-07-31 09:27:34 AM,14.4,1275,18360.0,15169200.0
2025-07-31 09:27:35 AM,14.25,0,0.0,15169200.0
2025-07-31 09:27:35 AM,14.2,525,7455.0,15176655.0
2025-07-31 09:27:35 AM,14.25,225,3206.25,15179861.25
2025-07-31 09:27:36 AM,14.3,0,0.0,15179861.25
2025-07-31 09:27:37 AM,14.2,0,0.0,15179861.25
2025-07-31 09:27:37 AM,14.2,750,10650.0,15190511.25
2025-07-31 09:27:40 AM,14.1,0,0.0,15190511.25
2025-07-31 09:27:40 AM,14.05,450,6322.5,15196833.75
2025-07-31 09:27:40 AM,13.95,600,8370.0,15205203.75
2025-07-31 09:27:42 AM,13.8,0,0.0,15205203.75
2025-07-31 09:27:42 AM,13.8,600,8280.0,15213483.75
2025-07-31 09:27:42 AM,13.8,375,5175.0,15218658.75
2025-07-31 09:27:43 AM,13.85,0,0.0,15218658.75
2025-07-31 09:27:44 AM,13.75,0,0.0,15218658.75
2025-07-31 09:27:44 AM,13.75,150,2062.5,15220721.25
2025-07-31 09:27:45 AM,13.95,0,0.0,15220721.25
2025-07-31 09:27:45 AM,13.95,675,9416.25,15230137.5
2025-07-31 09:27:47 AM,14.0,0,0.0,15230137.5
2025-07-31 09:27:47 AM,14.0,750,10500.0,15240637.5
2025-07-31 09:27:48 AM,13.95,0,0.0,15240637.5
2025-07-31 09:27:49 AM,13.95,225,3138.75,15243776.25
2025-07-31 09:27:50 AM,14.15,0,0.0,15243776.25
2025-07-31 09:27:50 AM,14.2,0,0.0,15243776.25
2025-07-31 09:27:50 AM,14.2,1125,15975.0,15259751.25
2025-07-31 09:27:51 AM,14.15,0,0.0,15259751.25
2025-07-31 09:27:52 AM,14.15,150,2122.5,15261873.75
2025-07-31 09:27:53 AM,14.3,0,0.0,15261873.75
2025-07-31 09:27:54 AM,14.3,75,1072.5,15262946.25
2025-07-31 09:27:54 AM,14.25,0,0.0,15262946.25
2025-07-31 09:27:55 AM,14.2,0,0.0,15262946.25
2025-07-31 09:27:55 AM,14.2,300,4260.0,15267206.25
2025-07-31 09:27:57 AM,14.25,0,0.0,15267206.25
2025-07-31 09:27:57 AM,14.25,1500,21375.0,15288581.25
2025-07-31 09:27:58 AM,14.2,0,0.0,15288581.25
2025-07-31 09:27:59 AM,14.2,75,1065.0,15289646.25
2025-07-31 09:28:02 AM,14.3,0,0.0,15289646.25
2025-07-31 09:28:02 AM,14.3,150,2145.0,15291791.25
2025-07-31 09:28:04 AM,14.2,0,0.0,15291791.25
2025-07-31 09:28:05 AM,14.15,0,0.0,15291791.25
2025-07-31 09:28:05 AM,14.15,225,3183.75,15294975.0
2025-07-31 09:28:07 AM,14.15,150,2122.5,15297097.5
2025-07-31 09:28:10 AM,14.0,0,0.0,15297097.5
2025-07-31 09:28:10 AM,13.9,0,0.0,15297097.5
2025-07-31 09:28:10 AM,13.9,1950,27105.0,15324202.5
2025-07-31 09:28:11 AM,13.85,0,0.0,15324202.5
2025-07-31 09:28:12 AM,13.9,0,0.0,15324202.5
2025-07-31 09:28:12 AM,13.95,450,6277.5,15330480.0
2025-07-31 09:28:13 AM,13.9,0,0.0,15330480.0
2025-07-31 09:28:14 AM,14.1,525,7402.5,15337882.5
2025-07-31 09:28:17 AM,14.05,0,0.0,15337882.5
2025-07-31 09:28:17 AM,14.05,75,1053.75,15338936.25
2025-07-31 09:28:17 AM,13.95,0,0.0,15338936.25
2025-07-31 09:28:17 AM,13.95,1500,20925.0,15359861.25
2025-07-31 09:28:18 AM,14.05,0,0.0,15359861.25
2025-07-31 09:28:19 AM,14.05,300,4215.0,15364076.25
2025-07-31 09:28:19 AM,14.05,75,1053.75,15365130.0
2025-07-31 09:28:20 AM,14.1,0,0.0,15365130.0
2025-07-31 09:28:21 AM,14.15,450,6367.5,15371497.5
2025-07-31 09:28:22 AM,14.05,0,0.0,15371497.5
2025-07-31 09:28:22 AM,14.05,75,1053.75,15372551.25
2025-07-31 09:28:23 AM,14.0,0,0.0,15372551.25
2025-07-31 09:28:24 AM,14.05,0,0.0,15372551.25
2025-07-31 09:28:24 AM,14.05,150,2107.5,15374658.75
2025-07-31 09:28:26 AM,14.1,0,0.0,15374658.75
2025-07-31 09:28:26 AM,14.05,0,0.0,15374658.75
2025-07-31 09:28:27 AM,14.1,0,0.0,15374658.75
2025-07-31 09:28:27 AM,14.1,825,11632.5,15386291.25
2025-07-31 09:28:29 AM,14.05,0,0.0,15386291.25
2025-07-31 09:28:29 AM,14.05,150,2107.5,15388398.75
2025-07-31 09:28:30 AM,14.25,0,0.0,15388398.75
2025-07-31 09:28:31 AM,14.3,450,6435.0,15394833.75
2025-07-31 09:28:32 AM,14.25,0,0.0,15394833.75
2025-07-31 09:28:32 AM,14.25,75,1068.75,15395902.5
2025-07-31 09:28:33 AM,14.15,0,0.0,15395902.5
2025-07-31 09:28:34 AM,14.25,0,0.0,15395902.5
2025-07-31 09:28:34 AM,14.25,1275,18168.75,15414071.25
2025-07-31 09:28:35 AM,14.2,0,0.0,15414071.25
2025-07-31 09:28:36 AM,14.2,150,2130.0,15416201.25
2025-07-31 09:28:36 AM,14.2,75,1065.0,15417266.25
2025-07-31 09:28:36 AM,14.1,0,0.0,15417266.25
2025-07-31 09:28:37 AM,14.1,2550,35955.0,15453221.25
2025-07-31 09:28:39 AM,14.15,0,0.0,15453221.25
2025-07-31 09:28:39 AM,14.15,150,2122.5,15455343.75
2025-07-31 09:28:41 AM,14.15,150,2122.5,15457466.25
2025-07-31 09:28:46 AM,14.15,75,1061.25,15458527.5
2025-07-31 09:28:49 AM,14.25,300,4275.0,15462802.5
2025-07-31 09:28:51 AM,14.0,0,0.0,15462802.5
2025-07-31 09:28:52 AM,13.95,0,0.0,15462802.5
2025-07-31 09:28:52 AM,13.95,1350,18832.5,15481635.0
2025-07-31 09:28:54 AM,14.05,0,0.0,15481635.0
2025-07-31 09:28:54 AM,14.05,225,3161.25,15484796.25
2025-07-31 09:28:54 AM,14.15,0,0.0,15484796.25
2025-07-31 09:28:54 AM,14.15,150,2122.5,15486918.75
2025-07-31 09:28:56 AM,14.15,150,2122.5,15489041.25
2025-07-31 09:28:59 AM,14.2,0,0.0,15489041.25
2025-07-31 09:28:59 AM,14.2,375,5325.0,15494366.25
2025-07-31 09:28:59 AM,14.05,225,3161.25,15497527.5
2025-07-31 09:29:01 AM,14.2,675,9585.0,15507112.5
2025-07-31 09:29:01 AM,14.2,75,1065.0,15508177.5
2025-07-31 09:29:02 AM,14.3,225,3217.5,15511395.0
2025-07-31 09:29:02 AM,14.4,225,3240.0,15514635.0
2025-07-31 09:29:03 AM,14.5,0,0.0,15514635.0
2025-07-31 09:29:04 AM,14.35,0,0.0,15514635.0
2025-07-31 09:29:04 AM,14.3,0,0.0,15514635.0
2025-07-31 09:29:04 AM,14.3,2775,39682.5,15554317.5
2025-07-31 09:29:05 AM,14.15,0,0.0,15554317.5
2025-07-31 09:29:06 AM,14.2,675,9585.0,15563902.5
2025-07-31 09:29:07 AM,14.1,0,0.0,15563902.5
2025-07-31 09:29:07 AM,14.1,900,12690.0,15576592.5
2025-07-31 09:29:08 AM,14.2,0,0.0,15576592.5
2025-07-31 09:29:09 AM,14.2,225,3195.0,15579787.5
2025-07-31 09:29:09 AM,14.1,0,0.0,15579787.5
2025-07-31 09:29:11 AM,14.1,5400,76140.0,15655927.5
2025-07-31 09:29:11 AM,13.9,0,0.0,15655927.5
2025-07-31 09:29:12 AM,13.8,0,0.0,15655927.5
2025-07-31 09:29:12 AM,13.75,600,8250.0,15664177.5
2025-07-31 09:29:14 AM,13.75,75,1031.25,15665208.75
2025-07-31 09:29:16 AM,13.9,675,9382.5,15674591.25
2025-07-31 09:29:17 AM,13.85,0,0.0,15674591.25
2025-07-31 09:29:17 AM,13.65,6225,84971.25,15759562.5
2025-07-31 09:29:17 AM,13.75,75,1031.25,15760593.75
2025-07-31 09:29:18 AM,13.8,0,0.0,15760593.75
2025-07-31 09:29:19 AM,13.85,0,0.0,15760593.75
2025-07-31 09:29:19 AM,13.85,6450,89332.5,15849926.25
2025-07-31 09:29:22 AM,13.85,225,3116.25,15853042.5
2025-07-31 09:29:23 AM,13.8,0,0.0,15853042.5
2025-07-31 09:29:24 AM,13.9,0,0.0,15853042.5
2025-07-31 09:29:24 AM,13.9,8325,115717.5,15968760.0
2025-07-31 09:29:24 AM,14.0,1050,14700.0,15983460.0
2025-07-31 09:29:26 AM,14.1,0,0.0,15983460.0
2025-07-31 09:29:27 AM,14.25,0,0.0,15983460.0
2025-07-31 09:29:27 AM,14.25,1875,26718.75,16010178.75
2025-07-31 09:29:29 AM,14.35,0,0.0,16010178.75
2025-07-31 09:29:31 AM,14.35,900,12915.0,16023093.75
2025-07-31 09:29:31 AM,14.2,0,0.0,16023093.75
2025-07-31 09:29:32 AM,14.2,75,1065.0,16024158.75
2025-07-31 09:29:34 AM,14.35,0,0.0,16024158.75
2025-07-31 09:29:34 AM,14.35,225,3228.75,16027387.5
2025-07-31 09:29:35 AM,14.45,0,0.0,16027387.5
2025-07-31 09:29:36 AM,14.45,1800,26010.0,16053397.5
2025-07-31 09:29:37 AM,14.35,0,0.0,16053397.5
2025-07-31 09:29:37 AM,14.35,150,2152.5,16055550.0
2025-07-31 09:29:39 AM,14.35,75,1076.25,16056626.25
2025-07-31 09:29:39 AM,14.25,0,0.0,16056626.25
2025-07-31 09:29:41 AM,14.25,300,4275.0,16060901.25
2025-07-31 09:29:41 AM,14.15,0,0.0,16060901.25
2025-07-31 09:29:42 AM,14.2,0,0.0,16060901.25
2025-07-31 09:29:42 AM,14.2,4800,68160.0,16129061.25
2025-07-31 09:29:44 AM,14.0,0,0.0,16129061.25
2025-07-31 09:29:44 AM,14.05,525,7376.25,16136437.5
2025-07-31 09:29:44 AM,14.05,75,1053.75,16137491.25
2025-07-31 09:29:46 AM,14.05,375,5268.75,16142760.0
2025-07-31 09:29:46 AM,13.9,0,0.0,16142760.0
2025-07-31 09:29:47 AM,14.0,0,0.0,16142760.0
2025-07-31 09:29:47 AM,13.85,375,5193.75,16147953.75
2025-07-31 09:29:49 AM,13.8,0,0.0,16147953.75
2025-07-31 09:29:49 AM,13.6,11700,159120.0,16307073.75
2025-07-31 09:29:50 AM,13.7,0,0.0,16307073.75
2025-07-31 09:29:50 AM,13.75,0,0.0,16307073.75
2025-07-31 09:29:51 AM,13.65,3300,45045.0,16352118.75
2025-07-31 09:29:51 AM,13.65,75,1023.75,16353142.5
2025-07-31 09:29:52 AM,13.75,0,0.0,16353142.5
2025-07-31 09:29:52 AM,13.75,75,1031.25,16354173.75
2025-07-31 09:29:53 AM,13.7,0,0.0,16354173.75
2025-07-31 09:29:54 AM,13.7,75,1027.5,16355201.25
2025-07-31 09:29:56 AM,13.95,2250,31387.5,16386588.75
2025-07-31 09:29:57 AM,14.0,0,0.0,16386588.75
2025-07-31 09:29:57 AM,13.95,600,8370.0,16394958.75
2025-07-31 09:29:58 AM,13.9,0,0.0,16394958.75
2025-07-31 09:29:59 AM,13.95,0,0.0,16394958.75
2025-07-31 09:29:59 AM,13.9,6525,90697.5,16485656.25
2025-07-31 09:30:00 AM,13.7,0,0.0,16485656.25
2025-07-31 09:30:01 AM,13.65,0,0.0,16485656.25
2025-07-31 09:30:01 AM,13.65,600,8190.0,16493846.25
2025-07-31 09:30:04 AM,13.6,0,0.0,16493846.25
2025-07-31 09:30:04 AM,13.65,0,0.0,16493846.25
2025-07-31 09:30:04 AM,13.65,2400,32760.0,16526606.25
2025-07-31 09:30:05 AM,13.6,0,0.0,16526606.25
2025-07-31 09:30:06 AM,13.55,5250,71137.5,16597743.75
2025-07-31 09:30:07 AM,13.5,0,0.0,16597743.75
2025-07-31 09:30:07 AM,13.55,0,0.0,16597743.75
2025-07-31 09:30:07 AM,13.6,375,5100.0,16602843.75
2025-07-31 09:30:09 AM,13.5,150,2025.0,16604868.75
2025-07-31 09:30:11 AM,13.5,75,1012.5,16605881.25
2025-07-31 09:30:12 AM,13.45,0,0.0,16605881.25
2025-07-31 09:30:12 AM,13.45,450,6052.5,16611933.75
2025-07-31 09:30:13 AM,13.6,375,5100.0,16617033.75
2025-07-31 09:30:13 AM,13.35,0,0.0,16617033.75
2025-07-31 09:30:14 AM,13.35,75,1001.25,16618035.0
2025-07-31 09:30:15 AM,13.3,0,0.0,16618035.0
2025-07-31 09:30:15 AM,13.35,0,0.0,16618035.0
2025-07-31 09:30:16 AM,13.35,150,2002.5,16620037.5
2025-07-31 09:30:18 AM,13.25,0,0.0,16620037.5
2025-07-31 09:30:19 AM,13.25,5550,73537.5,16693575.0
2025-07-31 09:30:20 AM,13.35,0,0.0,16693575.0
2025-07-31 09:30:21 AM,13.3,300,3990.0,16697565.0
2025-07-31 09:30:22 AM,13.2,75,990.0,16698555.0
2025-07-31 09:30:22 AM,13.3,0,0.0,16698555.0
2025-07-31 09:30:24 AM,13.3,75,997.5,16699552.5
2025-07-31 09:30:24 AM,13.35,525,7008.75,16706561.25
2025-07-31 09:30:24 AM,13.4,0,0.0,16706561.25
2025-07-31 09:30:24 AM,13.45,0,0.0,16706561.25
2025-07-31 09:30:25 AM,13.4,0,0.0,16706561.25
2025-07-31 09:30:26 AM,13.35,975,13016.25,16719577.5
2025-07-31 09:30:27 AM,13.55,0,0.0,16719577.5
2025-07-31 09:30:27 AM,13.6,0,0.0,16719577.5
2025-07-31 09:30:27 AM,13.6,4950,67320.0,16786897.5
2025-07-31 09:30:28 AM,13.65,0,0.0,16786897.5
2025-07-31 09:30:29 AM,13.6,1050,14280.0,16801177.5
2025-07-31 09:30:30 AM,13.65,0,0.0,16801177.5
2025-07-31 09:30:31 AM,13.65,150,2047.5,16803225.0
2025-07-31 09:30:31 AM,13.75,75,1031.25,16804256.25
2025-07-31 09:30:32 AM,13.65,0,0.0,16804256.25
2025-07-31 09:30:32 AM,13.65,2250,30712.5,16834968.75
2025-07-31 09:30:34 AM,13.7,750,10275.0,16845243.75
2025-07-31 09:30:34 AM,13.7,300,4110.0,16849353.75
2025-07-31 09:30:35 AM,13.6,0,0.0,16849353.75
2025-07-31 09:30:36 AM,13.4,1425,19095.0,16868448.75
2025-07-31 09:30:37 AM,13.45,0,0.0,16868448.75
2025-07-31 09:30:37 AM,13.45,75,1008.75,16869457.5
2025-07-31 09:30:39 AM,13.55,0,0.0,16869457.5
2025-07-31 09:30:39 AM,13.45,225,3026.25,16872483.75
2025-07-31 09:30:41 AM,13.45,75,1008.75,16873492.5
2025-07-31 09:30:42 AM,13.4,0,0.0,16873492.5
2025-07-31 09:30:42 AM,13.4,225,3015.0,16876507.5
2025-07-31 09:30:43 AM,13.55,0,0.0,16876507.5
2025-07-31 09:30:44 AM,13.65,0,0.0,16876507.5
2025-07-31 09:30:44 AM,13.65,150,2047.5,16878555.0
2025-07-31 09:30:44 AM,13.75,75,1031.25,16879586.25
2025-07-31 09:30:46 AM,13.7,1725,23632.5,16903218.75
2025-07-31 09:30:47 AM,13.65,0,0.0,16903218.75
2025-07-31 09:30:47 AM,13.75,450,6187.5,16909406.25
2025-07-31 09:30:48 AM,13.8,0,0.0,16909406.25
2025-07-31 09:30:49 AM,13.75,0,0.0,16909406.25
2025-07-31 09:30:49 AM,13.75,150,2062.5,16911468.75
2025-07-31 09:30:49 AM,13.8,975,13455.0,16924923.75
2025-07-31 09:30:50 AM,13.75,0,0.0,16924923.75
2025-07-31 09:30:50 AM,13.8,0,0.0,16924923.75
2025-07-31 09:30:51 AM,13.7,1500,20550.0,16945473.75
2025-07-31 09:30:52 AM,13.7,750,10275.0,16955748.75
2025-07-31 09:30:54 AM,13.8,0,0.0,16955748.75
2025-07-31 09:30:54 AM,13.8,26025,359145.0,17314893.75
2025-07-31 09:30:55 AM,13.7,0,0.0,17314893.75
2025-07-31 09:30:55 AM,13.75,0,0.0,17314893.75
2025-07-31 09:30:56 AM,13.85,975,13503.75,17328397.5
2025-07-31 09:30:57 AM,13.7,0,0.0,17328397.5
2025-07-31 09:30:57 AM,13.7,150,2055.0,17330452.5
2025-07-31 09:30:58 AM,13.75,0,0.0,17330452.5
2025-07-31 09:30:59 AM,13.7,0,0.0,17330452.5
2025-07-31 09:30:59 AM,13.7,900,12330.0,17342782.5
2025-07-31 09:31:02 AM,13.45,0,0.0,17342782.5
2025-07-31 09:31:02 AM,13.6,0,0.0,17342782.5
2025-07-31 09:31:02 AM,13.5,25800,348300.0,17691082.5
2025-07-31 09:31:04 AM,13.55,0,0.0,17691082.5
2025-07-31 09:31:04 AM,13.55,1575,21341.25,17712423.75
2025-07-31 09:31:09 AM,13.35,0,0.0,17712423.75
2025-07-31 09:31:09 AM,13.35,1800,24030.0,17736453.75
2025-07-31 09:31:09 AM,13.5,0,0.0,17736453.75
2025-07-31 09:31:09 AM,13.5,75,1012.5,17737466.25
2025-07-31 09:31:11 AM,13.55,0,0.0,17737466.25
2025-07-31 09:31:11 AM,13.55,225,3048.75,17740515.0
2025-07-31 09:31:12 AM,13.45,0,0.0,17740515.0
2025-07-31 09:31:12 AM,13.45,450,6052.5,17746567.5
2025-07-31 09:31:13 AM,13.35,0,0.0,17746567.5
2025-07-31 09:31:14 AM,13.35,225,3003.75,17749571.25
2025-07-31 09:31:15 AM,13.5,0,0.0,17749571.25
2025-07-31 09:31:15 AM,13.45,0,0.0,17749571.25
2025-07-31 09:31:16 AM,13.45,375,5043.75,17754615.0
2025-07-31 09:31:16 AM,13.5,0,0.0,17754615.0
2025-07-31 09:31:17 AM,13.5,225,3037.5,17757652.5
2025-07-31 09:31:18 AM,13.7,0,0.0,17757652.5
2025-07-31 09:31:19 AM,13.75,0,0.0,17757652.5
2025-07-31 09:31:19 AM,13.75,825,11343.75,17768996.25
2025-07-31 09:31:20 AM,13.8,0,0.0,17768996.25
2025-07-31 09:31:21 AM,13.9,3150,43785.0,17812781.25
2025-07-31 09:31:22 AM,13.8,0,0.0,17812781.25
2025-07-31 09:31:22 AM,13.9,2025,28147.5,17840928.75
2025-07-31 09:31:22 AM,13.95,75,1046.25,17841975.0
2025-07-31 09:31:24 AM,14.0,0,0.0,17841975.0
2025-07-31 09:31:24 AM,14.0,14850,207900.0,18049875.0
2025-07-31 09:31:25 AM,13.95,0,0.0,18049875.0
2025-07-31 09:31:26 AM,13.95,10500,146475.0,18196350.0
2025-07-31 09:31:27 AM,13.9,0,0.0,18196350.0
2025-07-31 09:31:27 AM,13.9,2175,30232.5,18226582.5
2025-07-31 09:31:28 AM,13.85,0,0.0,18226582.5
2025-07-31 09:31:28 AM,13.9,0,0.0,18226582.5
2025-07-31 09:31:29 AM,13.85,0,0.0,18226582.5
2025-07-31 09:31:29 AM,14.0,0,0.0,18226582.5
2025-07-31 09:31:29 AM,14.0,1350,18900.0,18245482.5
2025-07-31 09:31:29 AM,14.0,75,1050.0,18246532.5
2025-07-31 09:31:31 AM,14.15,225,3183.75,18249716.25
2025-07-31 09:31:32 AM,14.1,0,0.0,18249716.25
2025-07-31 09:31:32 AM,14.15,375,5306.25,18255022.5
2025-07-31 09:31:34 AM,14.1,0,0.0,18255022.5
2025-07-31 09:31:34 AM,14.1,450,6345.0,18261367.5
2025-07-31 09:31:35 AM,14.0,0,0.0,18261367.5
2025-07-31 09:31:36 AM,14.0,375,5250.0,18266617.5
2025-07-31 09:31:36 AM,13.95,0,0.0,18266617.5
2025-07-31 09:31:37 AM,13.95,1350,18832.5,18285450.0
2025-07-31 09:31:37 AM,13.9,0,0.0,18285450.0
2025-07-31 09:31:38 AM,13.8,0,0.0,18285450.0
2025-07-31 09:31:39 AM,13.95,0,0.0,18285450.0
2025-07-31 09:31:39 AM,13.95,1500,20925.0,18306375.0
2025-07-31 09:31:40 AM,13.9,0,0.0,18306375.0
2025-07-31 09:31:41 AM,13.9,825,11467.5,18317842.5
2025-07-31 09:31:43 AM,14.1,0,0.0,18317842.5
2025-07-31 09:31:44 AM,14.1,75,1057.5,18318900.0
2025-07-31 09:31:45 AM,14.15,0,0.0,18318900.0
2025-07-31 09:31:46 AM,14.0,2400,33600.0,18352500.0
2025-07-31 09:31:49 AM,14.1,0,0.0,18352500.0
2025-07-31 09:31:51 AM,14.1,225,3172.5,18355672.5
2025-07-31 09:31:52 AM,14.15,0,0.0,18355672.5
2025-07-31 09:31:52 AM,14.1,0,0.0,18355672.5
2025-07-31 09:31:52 AM,14.1,375,5287.5,18360960.0
2025-07-31 09:31:54 AM,13.95,0,0.0,18360960.0
2025-07-31 09:31:54 AM,13.95,600,8370.0,18369330.0
2025-07-31 09:31:55 AM,13.8,0,0.0,18369330.0
2025-07-31 09:31:56 AM,13.85,525,7271.25,18376601.25
2025-07-31 09:31:57 AM,13.9,0,0.0,18376601.25
2025-07-31 09:31:57 AM,13.9,975,13552.5,18390153.75
2025-07-31 09:31:59 AM,13.9,525,7297.5,18397451.25
2025-07-31 09:32:01 AM,13.9,900,12510.0,18409961.25
2025-07-31 09:32:02 AM,14.1,0,0.0,18409961.25
2025-07-31 09:32:02 AM,14.1,1200,16920.0,18426881.25
2025-07-31 09:32:02 AM,14.0,0,0.0,18426881.25
2025-07-31 09:32:03 AM,14.0,150,2100.0,18428981.25
2025-07-31 09:32:05 AM,14.05,0,0.0,18428981.25
2025-07-31 09:32:06 AM,14.1,4275,60277.5,18489258.75
2025-07-31 09:32:08 AM,13.9,0,0.0,18489258.75
2025-07-31 09:32:09 AM,14.05,0,0.0,18489258.75
2025-07-31 09:32:09 AM,14.05,225,3161.25,18492420.0
2025-07-31 09:32:10 AM,14.1,0,0.0,18492420.0
2025-07-31 09:32:11 AM,14.1,1575,22207.5,18514627.5
2025-07-31 09:32:12 AM,14.25,0,0.0,18514627.5
2025-07-31 09:32:12 AM,14.15,225,3183.75,18517811.25
2025-07-31 09:32:13 AM,14.2,0,0.0,18517811.25
2025-07-31 09:32:14 AM,14.2,375,5325.0,18523136.25
2025-07-31 09:32:15 AM,14.25,0,0.0,18523136.25
2025-07-31 09:32:16 AM,14.2,0,0.0,18523136.25
2025-07-31 09:32:16 AM,14.2,150,2130.0,18525266.25
2025-07-31 09:32:16 AM,14.1,0,0.0,18525266.25
2025-07-31 09:32:17 AM,14.1,3675,51817.5,18577083.75
2025-07-31 09:32:19 AM,14.35,0,0.0,18577083.75
2025-07-31 09:32:19 AM,14.35,2400,34440.0,18611523.75
2025-07-31 09:32:22 AM,14.35,1125,16143.75,18627667.5
2025-07-31 09:32:24 AM,14.45,0,0.0,18627667.5
2025-07-31 09:32:24 AM,14.45,525,7586.25,18635253.75
2025-07-31 09:32:25 AM,14.5,0,0.0,18635253.75
2025-07-31 09:32:26 AM,14.5,2625,38062.5,18673316.25
2025-07-31 09:32:26 AM,14.35,0,0.0,18673316.25
2025-07-31 09:32:26 AM,14.35,750,10762.5,18684078.75
2025-07-31 09:32:27 AM,14.3,0,0.0,18684078.75
2025-07-31 09:32:27 AM,14.3,1575,22522.5,18706601.25
2025-07-31 09:32:31 AM,14.4,0,0.0,18706601.25
2025-07-31 09:32:32 AM,14.4,225,3240.0,18709841.25
2025-07-31 09:32:33 AM,14.5,0,0.0,18709841.25
2025-07-31 09:32:34 AM,14.3,375,5362.5,18715203.75
2025-07-31 09:32:35 AM,14.35,0,0.0,18715203.75
2025-07-31 09:32:36 AM,14.35,75,1076.25,18716280.0
2025-07-31 09:32:36 AM,14.3,0,0.0,18716280.0
2025-07-31 09:32:37 AM,14.45,0,0.0,18716280.0
2025-07-31 09:32:37 AM,14.45,1050,15172.5,18731452.5
2025-07-31 09:32:39 AM,14.35,0,0.0,18731452.5
2025-07-31 09:32:39 AM,14.35,600,8610.0,18740062.5
2025-07-31 09:32:45 AM,14.3,0,0.0,18740062.5
2025-07-31 09:32:45 AM,14.4,0,0.0,18740062.5
2025-07-31 09:32:46 AM,14.3,1800,25740.0,18765802.5
2025-07-31 09:32:47 AM,14.2,0,0.0,18765802.5
2025-07-31 09:32:47 AM,14.2,900,12780.0,18778582.5
2025-07-31 09:32:48 AM,14.15,0,0.0,18778582.5
2025-07-31 09:32:49 AM,14.15,75,1061.25,18779643.75
2025-07-31 09:32:49 AM,14.15,150,2122.5,18781766.25
2025-07-31 09:32:50 AM,14.05,0,0.0,18781766.25
2025-07-31 09:32:51 AM,14.1,1125,15862.5,18797628.75
2025-07-31 09:32:52 AM,14.25,0,0.0,18797628.75
2025-07-31 09:32:52 AM,14.25,750,10687.5,18808316.25
2025-07-31 09:32:53 AM,14.15,0,0.0,18808316.25
2025-07-31 09:32:54 AM,14.15,300,4245.0,18812561.25
2025-07-31 09:32:55 AM,14.3,0,0.0,18812561.25
2025-07-31 09:32:56 AM,14.3,75,1072.5,18813633.75
2025-07-31 09:32:57 AM,14.25,0,0.0,18813633.75
2025-07-31 09:32:57 AM,14.15,0,0.0,18813633.75
2025-07-31 09:32:57 AM,14.15,375,5306.25,18818940.0
2025-07-31 09:32:58 AM,14.25,0,0.0,18818940.0
2025-07-31 09:32:59 AM,14.15,0,0.0,18818940.0
2025-07-31 09:32:59 AM,14.15,600,8490.0,18827430.0
2025-07-31 09:33:04 AM,14.1,0,0.0,18827430.0
2025-07-31 09:33:04 AM,14.2,750,10650.0,18838080.0
2025-07-31 09:33:08 AM,14.2,225,3195.0,18841275.0
2025-07-31 09:33:09 AM,14.3,0,0.0,18841275.0
2025-07-31 09:33:11 AM,14.3,750,10725.0,18852000.0
2025-07-31 09:33:13 AM,14.2,0,0.0,18852000.0
2025-07-31 09:33:14 AM,14.2,750,10650.0,18862650.0
2025-07-31 09:33:14 AM,14.3,0,0.0,18862650.0
2025-07-31 09:33:15 AM,14.2,0,0.0,18862650.0
2025-07-31 09:33:16 AM,14.2,300,4260.0,18866910.0
2025-07-31 09:33:17 AM,14.1,0,0.0,18866910.0
2025-07-31 09:33:17 AM,14.35,0,0.0,18866910.0
2025-07-31 09:33:18 AM,14.35,150,2152.5,18869062.5
2025-07-31 09:33:20 AM,13.85,0,0.0,18869062.5
2025-07-31 09:33:21 AM,13.9,0,0.0,18869062.5
2025-07-31 09:33:21 AM,13.9,225,3127.5,18872190.0
2025-07-31 09:33:23 AM,13.8,0,0.0,18872190.0
2025-07-31 09:33:24 AM,13.8,750,10350.0,18882540.0
2025-07-31 09:33:25 AM,13.6,0,0.0,18882540.0
2025-07-31 09:33:26 AM,13.6,1125,15300.0,18897840.0
2025-07-31 09:33:27 AM,13.65,0,0.0,18897840.0
2025-07-31 09:33:28 AM,13.65,300,4095.0,18901935.0
2025-07-31 09:33:28 AM,13.8,0,0.0,18901935.0
2025-07-31 09:33:29 AM,13.8,75,1035.0,18902970.0
2025-07-31 09:33:33 AM,13.95,0,0.0,18902970.0
2025-07-31 09:33:34 AM,13.95,225,3138.75,18906108.75
2025-07-31 09:33:36 AM,13.85,0,0.0,18906108.75
2025-07-31 09:33:38 AM,13.85,525,7271.25,18913380.0
2025-07-31 09:33:39 AM,13.9,0,0.0,18913380.0
2025-07-31 09:33:39 AM,13.9,300,4170.0,18917550.0
2025-07-31 09:33:40 AM,13.8,0,0.0,18917550.0
2025-07-31 09:33:41 AM,13.8,300,4140.0,18921690.0
2025-07-31 09:33:42 AM,14.0,0,0.0,18921690.0
2025-07-31 09:33:43 AM,14.0,2625,36750.0,18958440.0
2025-07-31 09:33:43 AM,13.9,225,3127.5,18961567.5
2025-07-31 09:33:44 AM,13.8,0,0.0,18961567.5
2025-07-31 09:33:44 AM,13.8,375,5175.0,18966742.5
2025-07-31 09:33:44 AM,13.75,375,5156.25,18971898.75
2025-07-31 09:33:45 AM,13.6,0,0.0,18971898.75
2025-07-31 09:33:46 AM,13.6,900,12240.0,18984138.75
2025-07-31 09:33:48 AM,13.7,1125,15412.5,18999551.25
2025-07-31 09:33:50 AM,13.8,0,0.0,18999551.25
2025-07-31 09:33:50 AM,13.7,0,0.0,18999551.25
2025-07-31 09:33:51 AM,13.7,300,4110.0,19003661.25
2025-07-31 09:33:53 AM,13.6,0,0.0,19003661.25
2025-07-31 09:33:53 AM,13.6,150,2040.0,19005701.25
2025-07-31 09:33:56 AM,13.65,0,0.0,19005701.25
2025-07-31 09:33:56 AM,13.65,225,3071.25,19008772.5
2025-07-31 09:33:58 AM,13.5,225,3037.5,19011810.0
2025-07-31 09:33:59 AM,13.5,1125,15187.5,19026997.5
2025-07-31 09:34:00 AM,13.7,0,0.0,19026997.5
2025-07-31 09:34:01 AM,13.7,2400,32880.0,19059877.5
2025-07-31 09:34:02 AM,13.65,0,0.0,19059877.5
2025-07-31 09:34:02 AM,13.75,0,0.0,19059877.5
2025-07-31 09:34:03 AM,13.75,2850,39187.5,19099065.0
2025-07-31 09:34:03 AM,13.65,0,0.0,19099065.0
2025-07-31 09:34:04 AM,13.65,375,5118.75,19104183.75
2025-07-31 09:34:07 AM,13.55,0,0.0,19104183.75
2025-07-31 09:34:08 AM,13.55,450,6097.5,19110281.25
2025-07-31 09:34:08 AM,13.75,0,0.0,19110281.25
2025-07-31 09:34:09 AM,13.8,0,0.0,19110281.25
2025-07-31 09:34:09 AM,13.8,3150,43470.0,19153751.25
2025-07-31 09:34:10 AM,13.7,0,0.0,19153751.25
2025-07-31 09:34:11 AM,13.65,0,0.0,19153751.25
2025-07-31 09:34:11 AM,13.65,4350,59377.5,19213128.75
2025-07-31 09:34:11 AM,13.85,525,7271.25,19220400.0
2025-07-31 09:34:13 AM,13.85,450,6232.5,19226632.5
2025-07-31 09:34:16 AM,13.8,0,0.0,19226632.5
2025-07-31 09:34:16 AM,13.8,375,5175.0,19231807.5
2025-07-31 09:34:19 AM,13.9,0,0.0,19231807.5
2025-07-31 09:34:19 AM,13.95,0,0.0,19231807.5
2025-07-31 09:34:19 AM,13.95,750,10462.5,19242270.0
2025-07-31 09:34:21 AM,13.95,1275,17786.25,19260056.25
2025-07-31 09:34:22 AM,14.0,0,0.0,19260056.25
2025-07-31 09:34:23 AM,14.0,1800,25200.0,19285256.25
2025-07-31 09:34:24 AM,14.0,75,1050.0,19286306.25
2025-07-31 09:34:26 AM,14.05,225,3161.25,19289467.5
2025-07-31 09:34:27 AM,14.1,0,0.0,19289467.5
2025-07-31 09:34:28 AM,14.1,75,1057.5,19290525.0
2025-07-31 09:34:28 AM,14.05,375,5268.75,19295793.75
2025-07-31 09:34:29 AM,14.1,0,0.0,19295793.75
2025-07-31 09:34:29 AM,14.05,375,5268.75,19301062.5
2025-07-31 09:34:32 AM,14.35,0,0.0,19301062.5
2025-07-31 09:34:32 AM,14.25,0,0.0,19301062.5
2025-07-31 09:34:33 AM,14.25,1800,25650.0,19326712.5
2025-07-31 09:34:34 AM,14.15,0,0.0,19326712.5
2025-07-31 09:34:34 AM,14.15,1050,14857.5,19341570.0
2025-07-31 09:34:35 AM,14.2,0,0.0,19341570.0
2025-07-31 09:34:36 AM,14.2,525,7455.0,19349025.0
2025-07-31 09:34:37 AM,14.1,0,0.0,19349025.0
2025-07-31 09:34:38 AM,14.1,900,12690.0,19361715.0
2025-07-31 09:34:38 AM,14.1,750,10575.0,19372290.0
2025-07-31 09:34:39 AM,14.2,0,0.0,19372290.0
2025-07-31 09:34:39 AM,14.2,75,1065.0,19373355.0
2025-07-31 09:34:40 AM,14.25,0,0.0,19373355.0
2025-07-31 09:34:41 AM,14.25,600,8550.0,19381905.0
2025-07-31 09:34:42 AM,14.15,0,0.0,19381905.0
2025-07-31 09:34:43 AM,14.15,600,8490.0,19390395.0
2025-07-31 09:34:44 AM,14.2,300,4260.0,19394655.0
2025-07-31 09:34:46 AM,14.2,225,3195.0,19397850.0
2025-07-31 09:34:48 AM,14.25,150,2137.5,19399987.5
2025-07-31 09:34:49 AM,14.35,1200,17220.0,19417207.5
2025-07-31 09:34:51 AM,14.3,0,0.0,19417207.5
2025-07-31 09:34:51 AM,14.3,150,2145.0,19419352.5
2025-07-31 09:34:52 AM,14.4,0,0.0,19419352.5
2025-07-31 09:34:53 AM,14.35,150,2152.5,19421505.0
2025-07-31 09:34:54 AM,14.3,0,0.0,19421505.0
2025-07-31 09:34:54 AM,14.4,2100,30240.0,19451745.0
2025-07-31 09:34:56 AM,14.45,0,0.0,19451745.0
2025-07-31 09:34:56 AM,14.5,600,8700.0,19460445.0
2025-07-31 09:34:58 AM,14.55,3300,48015.0,19508460.0
2025-07-31 09:34:59 AM,14.5,0,0.0,19508460.0
2025-07-31 09:34:59 AM,14.5,75,1087.5,19509547.5
2025-07-31 09:35:00 AM,14.6,0,0.0,19509547.5
2025-07-31 09:35:01 AM,14.6,3150,45990.0,19555537.5
2025-07-31 09:35:04 AM,14.65,0,0.0,19555537.5
2025-07-31 09:35:05 AM,14.5,150,2175.0,19557712.5
2025-07-31 09:35:06 AM,14.45,0,0.0,19557712.5
2025-07-31 09:35:06 AM,14.45,2175,31428.75,19589141.25
2025-07-31 09:35:08 AM,14.35,825,11838.75,19600980.0
2025-07-31 09:35:09 AM,14.4,0,0.0,19600980.0
2025-07-31 09:35:10 AM,14.35,2100,30135.0,19631115.0
2025-07-31 09:35:10 AM,14.4,0,0.0,19631115.0
2025-07-31 09:35:11 AM,14.2,0,0.0,19631115.0
2025-07-31 09:35:11 AM,14.2,1125,15975.0,19647090.0
2025-07-31 09:35:13 AM,14.3,150,2145.0,19649235.0
2025-07-31 09:35:15 AM,14.35,0,0.0,19649235.0
2025-07-31 09:35:15 AM,14.3,0,0.0,19649235.0
2025-07-31 09:35:16 AM,14.25,0,0.0,19649235.0
2025-07-31 09:35:16 AM,14.25,2700,38475.0,19687710.0
2025-07-31 09:35:17 AM,14.2,0,0.0,19687710.0
2025-07-31 09:35:18 AM,14.15,300,4245.0,19691955.0
2025-07-31 09:35:20 AM,14.0,0,0.0,19691955.0
2025-07-31 09:35:21 AM,13.95,0,0.0,19691955.0
2025-07-31 09:35:21 AM,14.0,525,7350.0,19699305.0
2025-07-31 09:35:22 AM,13.95,0,0.0,19699305.0
2025-07-31 09:35:23 AM,13.95,150,2092.5,19701397.5
2025-07-31 09:35:24 AM,14.0,0,0.0,19701397.5
2025-07-31 09:35:24 AM,14.0,2175,30450.0,19731847.5
2025-07-31 09:35:27 AM,14.1,0,0.0,19731847.5
2025-07-31 09:35:28 AM,14.05,6150,86407.5,19818255.0
2025-07-31 09:35:28 AM,13.95,375,5231.25,19823486.25
2025-07-31 09:35:29 AM,13.95,900,12555.0,19836041.25
2025-07-31 09:35:30 AM,14.1,75,1057.5,19837098.75
2025-07-31 09:35:31 AM,14.05,0,0.0,19837098.75
2025-07-31 09:35:31 AM,14.05,1575,22128.75,19859227.5
2025-07-31 09:35:34 AM,14.15,0,0.0,19859227.5
2025-07-31 09:35:34 AM,14.15,150,2122.5,19861350.0
2025-07-31 09:35:36 AM,14.05,0,0.0,19861350.0
2025-07-31 09:35:36 AM,14.15,0,0.0,19861350.0
2025-07-31 09:35:36 AM,14.15,675,9551.25,19870901.25
2025-07-31 09:35:37 AM,14.2,0,0.0,19870901.25
2025-07-31 09:35:38 AM,14.3,3000,42900.0,19913801.25
2025-07-31 09:35:39 AM,14.2,0,0.0,19913801.25
2025-07-31 09:35:39 AM,14.2,75,1065.0,19914866.25
2025-07-31 09:35:40 AM,14.1,0,0.0,19914866.25
2025-07-31 09:35:41 AM,14.2,0,0.0,19914866.25
2025-07-31 09:35:41 AM,14.2,1050,14910.0,19929776.25
2025-07-31 09:35:43 AM,14.15,0,0.0,19929776.25
2025-07-31 09:35:43 AM,14.15,75,1061.25,19930837.5
2025-07-31 09:35:44 AM,14.05,1800,25290.0,19956127.5
2025-07-31 09:35:46 AM,14.0,0,0.0,19956127.5
2025-07-31 09:35:46 AM,14.0,75,1050.0,19957177.5
2025-07-31 09:35:47 AM,13.9,0,0.0,19957177.5
2025-07-31 09:35:48 AM,13.85,525,7271.25,19964448.75
2025-07-31 09:35:49 AM,13.8,0,0.0,19964448.75
2025-07-31 09:35:49 AM,13.8,1725,23805.0,19988253.75
2025-07-31 09:35:50 AM,13.85,0,0.0,19988253.75
2025-07-31 09:35:51 AM,13.85,1650,22852.5,20011106.25
2025-07-31 09:35:52 AM,13.9,0,0.0,20011106.25
2025-07-31 09:35:53 AM,13.95,1425,19878.75,20030985.0
2025-07-31 09:35:54 AM,13.9,525,7297.5,20038282.5
2025-07-31 09:35:56 AM,13.9,1725,23977.5,20062260.0
2025-07-31 09:35:56 AM,13.9,1500,20850.0,20083110.0
2025-07-31 09:35:57 AM,13.95,0,0.0,20083110.0
2025-07-31 09:35:58 AM,13.8,15000,207000.0,20290110.0
2025-07-31 09:35:59 AM,14.0,0,0.0,20290110.0
2025-07-31 09:35:59 AM,14.0,3075,43050.0,20333160.0
2025-07-31 09:36:00 AM,13.8,0,0.0,20333160.0
2025-07-31 09:36:01 AM,13.8,75,1035.0,20334195.0
2025-07-31 09:36:02 AM,13.85,0,0.0,20334195.0
2025-07-31 09:36:02 AM,13.8,0,0.0,20334195.0
2025-07-31 09:36:03 AM,13.8,450,6210.0,20340405.0
2025-07-31 09:36:04 AM,13.7,0,0.0,20340405.0
2025-07-31 09:36:04 AM,13.7,1800,24660.0,20365065.0
2025-07-31 09:36:05 AM,13.7,375,5137.5,20370202.5
2025-07-31 09:36:07 AM,13.8,0,0.0,20370202.5
2025-07-31 09:36:08 AM,13.8,300,4140.0,20374342.5
2025-07-31 09:36:08 AM,13.85,0,0.0,20374342.5
2025-07-31 09:36:08 AM,13.9,0,0.0,20374342.5
2025-07-31 09:36:09 AM,13.85,0,0.0,20374342.5
2025-07-31 09:36:09 AM,13.85,3750,51937.5,20426280.0
2025-07-31 09:36:10 AM,13.95,75,1046.25,20427326.25
2025-07-31 09:36:13 AM,13.8,0,0.0,20427326.25
2025-07-31 09:36:13 AM,13.8,150,2070.0,20429396.25
2025-07-31 09:36:15 AM,13.9,0,0.0,20429396.25
2025-07-31 09:36:16 AM,13.9,150,2085.0,20431481.25
2025-07-31 09:36:16 AM,13.85,0,0.0,20431481.25
2025-07-31 09:36:18 AM,13.8,2700,37260.0,20468741.25
2025-07-31 09:36:22 AM,13.85,0,0.0,20468741.25
2025-07-31 09:36:23 AM,13.9,0,0.0,20468741.25
2025-07-31 09:36:23 AM,13.9,750,10425.0,20479166.25
2025-07-31 09:36:24 AM,13.8,0,0.0,20479166.25
2025-07-31 09:36:25 AM,13.8,1050,14490.0,20493656.25
2025-07-31 09:36:27 AM,13.85,0,0.0,20493656.25
2025-07-31 09:36:27 AM,13.9,0,0.0,20493656.25
2025-07-31 09:36:28 AM,13.85,675,9348.75,20503005.0
2025-07-31 09:36:30 AM,13.9,0,0.0,20503005.0
2025-07-31 09:36:31 AM,13.85,0,0.0,20503005.0
2025-07-31 09:36:31 AM,13.9,0,0.0,20503005.0
2025-07-31 09:36:31 AM,13.8,3600,49680.0,20552685.0
2025-07-31 09:36:33 AM,13.7,1950,26715.0,20579400.0
2025-07-31 09:36:34 AM,13.75,0,0.0,20579400.0
2025-07-31 09:36:35 AM,13.75,1575,21656.25,20601056.25
2025-07-31 09:36:35 AM,13.65,0,0.0,20601056.25
2025-07-31 09:36:36 AM,13.65,2700,36855.0,20637911.25
2025-07-31 09:36:40 AM,13.8,0,0.0,20637911.25
2025-07-31 09:36:40 AM,13.8,2475,34155.0,20672066.25
2025-07-31 09:36:41 AM,13.9,0,0.0,20672066.25
2025-07-31 09:36:41 AM,13.9,450,6255.0,20678321.25
2025-07-31 09:36:44 AM,13.8,0,0.0,20678321.25
2025-07-31 09:36:45 AM,13.8,75,1035.0,20679356.25
2025-07-31 09:36:46 AM,13.8,675,9315.0,20688671.25
2025-07-31 09:36:48 AM,13.9,450,6255.0,20694926.25
2025-07-31 09:36:48 AM,13.9,900,12510.0,20707436.25
2025-07-31 09:36:52 AM,13.8,0,0.0,20707436.25
2025-07-31 09:36:53 AM,13.8,75,1035.0,20708471.25
2025-07-31 09:36:54 AM,13.75,0,0.0,20708471.25
2025-07-31 09:36:55 AM,13.75,75,1031.25,20709502.5
2025-07-31 09:36:55 AM,13.8,0,0.0,20709502.5
2025-07-31 09:36:56 AM,13.8,75,1035.0,20710537.5
2025-07-31 09:36:59 AM,13.75,0,0.0,20710537.5
2025-07-31 09:37:00 AM,13.75,150,2062.5,20712600.0
2025-07-31 09:37:00 AM,13.7,0,0.0,20712600.0
2025-07-31 09:37:01 AM,13.65,0,0.0,20712600.0
2025-07-31 09:37:01 AM,13.75,1125,15468.75,20728068.75
2025-07-31 09:37:03 AM,13.65,75,1023.75,20729092.5
2025-07-31 09:37:05 AM,13.65,75,1023.75,20730116.25
2025-07-31 09:37:08 AM,13.7,0,0.0,20730116.25
2025-07-31 09:37:08 AM,13.7,75,1027.5,20731143.75
2025-07-31 09:37:09 AM,13.75,0,0.0,20731143.75
2025-07-31 09:37:10 AM,13.75,600,8250.0,20739393.75
2025-07-31 09:37:11 AM,13.75,150,2062.5,20741456.25
2025-07-31 09:37:14 AM,13.65,0,0.0,20741456.25
2025-07-31 09:37:14 AM,13.6,0,0.0,20741456.25
2025-07-31 09:37:15 AM,13.65,750,10237.5,20751693.75
2025-07-31 09:37:16 AM,13.6,0,0.0,20751693.75
2025-07-31 09:37:16 AM,13.6,150,2040.0,20753733.75
2025-07-31 09:37:17 AM,13.75,0,0.0,20753733.75
2025-07-31 09:37:18 AM,13.7,1350,18495.0,20772228.75
2025-07-31 09:37:18 AM,13.8,0,0.0,20772228.75
2025-07-31 09:37:18 AM,13.8,75,1035.0,20773263.75
2025-07-31 09:37:20 AM,13.8,675,9315.0,20782578.75
2025-07-31 09:37:23 AM,13.8,300,4140.0,20786718.75
2025-07-31 09:37:23 AM,13.7,75,1027.5,20787746.25
2025-07-31 09:37:24 AM,13.75,0,0.0,20787746.25
2025-07-31 09:37:25 AM,13.75,75,1031.25,20788777.5
2025-07-31 09:37:25 AM,13.7,150,2055.0,20790832.5
2025-07-31 09:37:28 AM,13.65,2100,28665.0,20819497.5
2025-07-31 09:37:30 AM,13.65,75,1023.75,20820521.25
2025-07-31 09:37:31 AM,13.6,0,0.0,20820521.25
2025-07-31 09:37:31 AM,13.6,450,6120.0,20826641.25
2025-07-31 09:37:34 AM,13.65,0,0.0,20826641.25
2025-07-31 09:37:35 AM,13.65,300,4095.0,20830736.25
2025-07-31 09:37:39 AM,13.75,0,0.0,20830736.25
2025-07-31 09:37:40 AM,13.75,300,4125.0,20834861.25
2025-07-31 09:37:40 AM,13.7,1800,24660.0,20859521.25
2025-07-31 09:37:40 AM,13.65,0,0.0,20859521.25
2025-07-31 09:37:41 AM,13.6,0,0.0,20859521.25
2025-07-31 09:37:41 AM,13.6,1350,18360.0,20877881.25
2025-07-31 09:37:43 AM,13.55,300,4065.0,20881946.25
2025-07-31 09:37:44 AM,13.6,0,0.0,20881946.25
2025-07-31 09:37:45 AM,13.5,4200,56700.0,20938646.25
2025-07-31 09:37:46 AM,13.5,2625,35437.5,20974083.75
2025-07-31 09:37:48 AM,13.5,1425,19237.5,20993321.25
2025-07-31 09:37:49 AM,13.45,0,0.0,20993321.25
2025-07-31 09:37:50 AM,13.45,5100,68595.0,21061916.25
2025-07-31 09:37:50 AM,13.5,0,0.0,21061916.25
2025-07-31 09:37:51 AM,13.5,375,5062.5,21066978.75
2025-07-31 09:37:53 AM,13.6,0,0.0,21066978.75
2025-07-31 09:37:54 AM,13.5,0,0.0,21066978.75
2025-07-31 09:37:55 AM,13.5,675,9112.5,21076091.25
2025-07-31 09:37:56 AM,13.5,150,2025.0,21078116.25
2025-07-31 09:37:58 AM,13.5,1200,16200.0,21094316.25
2025-07-31 09:38:00 AM,13.4,0,0.0,21094316.25
2025-07-31 09:38:00 AM,13.25,0,0.0,21094316.25
2025-07-31 09:38:01 AM,13.1,0,0.0,21094316.25
2025-07-31 09:38:01 AM,13.2,2400,31680.0,21125996.25
2025-07-31 09:38:06 AM,13.3,0,0.0,21125996.25
2025-07-31 09:38:06 AM,13.3,1275,16957.5,21142953.75
2025-07-31 09:38:06 AM,13.3,450,5985.0,21148938.75
2025-07-31 09:38:08 AM,13.3,675,8977.5,21157916.25
2025-07-31 09:38:09 AM,13.25,0,0.0,21157916.25
2025-07-31 09:38:10 AM,13.25,75,993.75,21158910.0
2025-07-31 09:38:12 AM,13.1,0,0.0,21158910.0
2025-07-31 09:38:13 AM,13.15,0,0.0,21158910.0
2025-07-31 09:38:13 AM,13.15,150,1972.5,21160882.5
2025-07-31 09:38:14 AM,13.1,0,0.0,21160882.5
2025-07-31 09:38:15 AM,13.1,2175,28492.5,21189375.0
2025-07-31 09:38:18 AM,13.15,0,0.0,21189375.0
2025-07-31 09:38:19 AM,13.1,0,0.0,21189375.0
2025-07-31 09:38:20 AM,13.1,825,10807.5,21200182.5
2025-07-31 09:38:20 AM,13.05,150,1957.5,21202140.0
2025-07-31 09:38:21 AM,13.05,300,3915.0,21206055.0
2025-07-31 09:38:23 AM,13.1,0,0.0,21206055.0
2025-07-31 09:38:25 AM,13.1,150,1965.0,21208020.0
2025-07-31 09:38:25 AM,13.05,0,0.0,21208020.0
2025-07-31 09:38:26 AM,13.05,3525,46001.25,21254021.25
2025-07-31 09:38:30 AM,13.05,75,978.75,21255000.0
2025-07-31 09:38:31 AM,13.05,2250,29362.5,21284362.5
2025-07-31 09:38:35 AM,13.05,75,978.75,21285341.25
2025-07-31 09:38:36 AM,13.0,0,0.0,21285341.25
2025-07-31 09:38:36 AM,13.0,1875,24375.0,21309716.25
2025-07-31 09:38:39 AM,12.95,0,0.0,21309716.25
2025-07-31 09:38:40 AM,12.9,0,0.0,21309716.25
2025-07-31 09:38:40 AM,12.9,300,3870.0,21313586.25
2025-07-31 09:38:42 AM,12.85,0,0.0,21313586.25
2025-07-31 09:38:43 AM,12.85,3600,46260.0,21359846.25
2025-07-31 09:38:45 AM,12.9,375,4837.5,21364683.75
2025-07-31 09:38:46 AM,13.0,0,0.0,21364683.75
2025-07-31 09:38:46 AM,13.0,1050,13650.0,21378333.75
2025-07-31 09:38:48 AM,12.85,0,0.0,21378333.75
2025-07-31 09:38:50 AM,12.95,0,0.0,21378333.75
2025-07-31 09:38:50 AM,12.95,225,2913.75,21381247.5
2025-07-31 09:38:51 AM,12.9,0,0.0,21381247.5
2025-07-31 09:38:51 AM,12.9,150,1935.0,21383182.5
2025-07-31 09:38:54 AM,12.8,0,0.0,21383182.5
2025-07-31 09:38:55 AM,12.8,1200,15360.0,21398542.5
2025-07-31 09:38:55 AM,13.0,0,0.0,21398542.5
2025-07-31 09:38:56 AM,13.0,1650,21450.0,21419992.5
2025-07-31 09:38:57 AM,12.85,0,0.0,21419992.5
2025-07-31 09:38:58 AM,12.85,375,4818.75,21424811.25
2025-07-31 09:39:01 AM,12.9,0,0.0,21424811.25
2025-07-31 09:39:01 AM,12.9,1500,19350.0,21444161.25
2025-07-31 09:39:03 AM,12.9,450,5805.0,21449966.25
2025-07-31 09:39:03 AM,12.95,0,0.0,21449966.25
2025-07-31 09:39:05 AM,12.95,75,971.25,21450937.5
2025-07-31 09:39:06 AM,12.8,75,960.0,21451897.5
2025-07-31 09:39:07 AM,12.85,0,0.0,21451897.5
2025-07-31 09:39:08 AM,12.85,750,9637.5,21461535.0
2025-07-31 09:39:08 AM,12.8,600,7680.0,21469215.0
2025-07-31 09:39:08 AM,12.65,0,0.0,21469215.0
2025-07-31 09:39:09 AM,13.1,0,0.0,21469215.0
2025-07-31 09:39:10 AM,13.1,10350,135585.0,21604800.0
2025-07-31 09:39:11 AM,13.15,1125,14793.75,21619593.75
2025-07-31 09:39:12 AM,13.2,0,0.0,21619593.75
2025-07-31 09:39:13 AM,13.2,150,1980.0,21621573.75
2025-07-31 09:39:14 AM,13.05,0,0.0,21621573.75
2025-07-31 09:39:14 AM,13.1,0,0.0,21621573.75
2025-07-31 09:39:14 AM,13.1,600,7860.0,21629433.75
2025-07-31 09:39:15 AM,13.05,0,0.0,21629433.75
2025-07-31 09:39:16 AM,13.1,150,1965.0,21631398.75
2025-07-31 09:39:19 AM,13.1,525,6877.5,21638276.25
2025-07-31 09:39:24 AM,13.15,0,0.0,21638276.25
2025-07-31 09:39:24 AM,13.1,0,0.0,21638276.25
2025-07-31 09:39:24 AM,13.1,1350,17685.0,21655961.25
2025-07-31 09:39:25 AM,13.05,75,978.75,21656940.0
2025-07-31 09:39:25 AM,13.1,0,0.0,21656940.0
2025-07-31 09:39:26 AM,13.1,150,1965.0,21658905.0
2025-07-31 09:39:27 AM,13.05,0,0.0,21658905.0
2025-07-31 09:39:27 AM,13.1,0,0.0,21658905.0
2025-07-31 09:39:28 AM,13.1,525,6877.5,21665782.5
2025-07-31 09:39:33 AM,13.1,150,1965.0,21667747.5
2025-07-31 09:39:33 AM,13.0,150,1950.0,21669697.5
2025-07-31 09:39:34 AM,13.0,750,9750.0,21679447.5
2025-07-31 09:39:36 AM,13.0,75,975.0,21680422.5
2025-07-31 09:39:36 AM,13.0,150,1950.0,21682372.5
2025-07-31 09:39:41 AM,13.05,300,3915.0,21686287.5
2025-07-31 09:39:45 AM,13.05,225,2936.25,21689223.75
2025-07-31 09:39:45 AM,13.1,0,0.0,21689223.75
2025-07-31 09:39:46 AM,13.15,150,1972.5,21691196.25
2025-07-31 09:39:53 AM,13.0,0,0.0,21691196.25
2025-07-31 09:39:54 AM,12.9,1275,16447.5,21707643.75
2025-07-31 09:39:55 AM,12.85,450,5782.5,21713426.25
2025-07-31 09:39:56 AM,12.8,0,0.0,21713426.25
2025-07-31 09:39:56 AM,12.85,450,5782.5,21719208.75
2025-07-31 09:39:57 AM,12.95,0,0.0,21719208.75
2025-07-31 09:39:58 AM,13.05,2850,37192.5,21756401.25
2025-07-31 09:39:58 AM,13.05,900,11745.0,21768146.25
2025-07-31 09:39:59 AM,13.0,300,3900.0,21772046.25
2025-07-31 09:40:00 AM,13.0,150,1950.0,21773996.25
2025-07-31 09:40:01 AM,13.05,75,978.75,21774975.0
2025-07-31 09:40:01 AM,13.0,0,0.0,21774975.0
2025-07-31 09:40:01 AM,13.0,900,11700.0,21786675.0
2025-07-31 09:40:03 AM,13.0,450,5850.0,21792525.0
2025-07-31 09:40:04 AM,12.95,0,0.0,21792525.0
2025-07-31 09:40:04 AM,12.95,4275,55361.25,21847886.25
2025-07-31 09:40:05 AM,12.95,225,2913.75,21850800.0
2025-07-31 09:40:05 AM,12.85,0,0.0,21850800.0
2025-07-31 09:40:06 AM,12.9,750,9675.0,21860475.0
2025-07-31 09:40:09 AM,12.8,0,0.0,21860475.0
2025-07-31 09:40:09 AM,12.7,0,0.0,21860475.0
2025-07-31 09:40:09 AM,12.7,225,2857.5,21863332.5
2025-07-31 09:40:10 AM,12.75,75,956.25,21864288.75
2025-07-31 09:40:11 AM,13.05,525,6851.25,21871140.0
2025-07-31 09:40:12 AM,13.25,0,0.0,21871140.0
2025-07-31 09:40:13 AM,13.25,12675,167943.75,22039083.75
2025-07-31 09:40:13 AM,13.3,150,1995.0,22041078.75
2025-07-31 09:40:14 AM,13.35,75,1001.25,22042080.0
2025-07-31 09:40:16 AM,13.4,0,0.0,22042080.0
2025-07-31 09:40:16 AM,13.4,150,2010.0,22044090.0
2025-07-31 09:40:16 AM,13.35,0,0.0,22044090.0
2025-07-31 09:40:16 AM,13.35,150,2002.5,22046092.5
