date,price,qty,trnvr,cum_trnvr
2025-07-31 09:15:00 AM,24709.9,4800,118607520.0,118607520.0
2025-07-31 09:15:00 AM,24705.4,0,0.0,118607520.0
2025-07-31 09:15:00 AM,24696.7,1725,42601807.5,161209327.5
2025-07-31 09:15:00 AM,24690.8,0,0.0,161209327.5
2025-07-31 09:15:00 AM,24690.0,0,0.0,161209327.5
2025-07-31 09:15:01 AM,24690.9,0,0.0,161209327.5
2025-07-31 09:15:01 AM,24688.4,0,0.0,161209327.5
2025-07-31 09:15:01 AM,24680.0,9900,244332000.0,405541327.5
2025-07-31 09:15:01 AM,24674.0,1500,37011000.0,442552327.5
2025-07-31 09:15:02 AM,24669.6,0,0.0,442552327.5
2025-07-31 09:15:02 AM,24681.2,0,0.0,442552327.5
2025-07-31 09:15:03 AM,24683.4,8175,201786795.0,644339122.5
2025-07-31 09:15:03 AM,24673.0,2925,72168525.0,716507647.5
2025-07-31 09:15:03 AM,24670.8,0,0.0,716507647.5
2025-07-31 09:15:03 AM,24679.6,0,0.0,716507647.5
2025-07-31 09:15:04 AM,24681.6,0,0.0,716507647.5
2025-07-31 09:15:04 AM,24681.6,4125,101811600.0,818319247.5
2025-07-31 09:15:04 AM,24684.6,0,0.0,818319247.5
2025-07-31 09:15:04 AM,24684.6,75,1851345.0,820170592.5
2025-07-31 09:15:05 AM,24685.7,0,0.0,820170592.5
2025-07-31 09:15:06 AM,24685.4,0,0.0,820170592.5
2025-07-31 09:15:06 AM,24685.4,2550,62947770.0,883118362.5
2025-07-31 09:15:06 AM,24680.0,825,20361000.0,903479362.5
2025-07-31 09:15:06 AM,24683.8,0,0.0,903479362.5
2025-07-31 09:15:07 AM,24681.5,0,0.0,903479362.5
2025-07-31 09:15:07 AM,24681.9,0,0.0,903479362.5
2025-07-31 09:15:08 AM,24672.9,8400,207252360.0,1110731722.5
2025-07-31 09:15:08 AM,24681.6,525,12957840.0,1123689562.5
2025-07-31 09:15:08 AM,24674.0,0,0.0,1123689562.5
2025-07-31 09:15:09 AM,24676.3,0,0.0,1123689562.5
2025-07-31 09:15:09 AM,24676.9,0,0.0,1123689562.5
2025-07-31 09:15:09 AM,24678.1,5700,140665170.0,1264354732.5
2025-07-31 09:15:09 AM,24683.8,300,7405140.0,1271759872.5
2025-07-31 09:15:10 AM,24682.0,0,0.0,1271759872.5
2025-07-31 09:15:11 AM,24697.5,5250,129661875.0,1401421747.5
2025-07-31 09:15:11 AM,24700.0,2175,53722500.0,1455144247.5
2025-07-31 09:15:11 AM,24704.9,0,0.0,1455144247.5
2025-07-31 09:15:12 AM,24705.0,0,0.0,1455144247.5
2025-07-31 09:15:12 AM,24692.7,0,0.0,1455144247.5
2025-07-31 09:15:12 AM,24694.1,7350,181501635.0,1636645882.5
2025-07-31 09:15:13 AM,24696.2,825,20374365.0,1657020247.5
2025-07-31 09:15:13 AM,24703.5,0,0.0,1657020247.5
2025-07-31 09:15:14 AM,24690.1,0,0.0,1657020247.5
2025-07-31 09:15:14 AM,24690.1,675,16665817.499999998,1673686065.0
2025-07-31 09:15:14 AM,24690.0,0,0.0,1673686065.0
2025-07-31 09:15:14 AM,24690.0,600,14814000.0,1688500065.0
2025-07-31 09:15:15 AM,24698.9,0,0.0,1688500065.0
2025-07-31 09:15:15 AM,24695.0,0,0.0,1688500065.0
2025-07-31 09:15:16 AM,24695.0,1200,29634000.0,1718134065.0
2025-07-31 09:15:16 AM,24690.0,0,0.0,1718134065.0
2025-07-31 09:15:17 AM,24692.8,0,0.0,1718134065.0
2025-07-31 09:15:17 AM,24689.3,0,0.0,1718134065.0
2025-07-31 09:15:17 AM,24692.9,3525,87042472.5,1805176537.5
2025-07-31 09:15:18 AM,24688.0,0,0.0,1805176537.5
2025-07-31 09:15:19 AM,24686.9,0,0.0,1805176537.5
2025-07-31 09:15:19 AM,24694.8,2550,62971740.0,1868148277.5
2025-07-31 09:15:20 AM,24698.9,0,0.0,1868148277.5
2025-07-31 09:15:21 AM,24695.0,2475,61120125.0,1929268402.5
2025-07-31 09:15:21 AM,24692.4,0,0.0,1929268402.5
2025-07-31 09:15:21 AM,24699.0,0,0.0,1929268402.5
2025-07-31 09:15:22 AM,24699.8,0,0.0,1929268402.5
2025-07-31 09:15:22 AM,24692.3,825,20371147.5,1949639550.0
2025-07-31 09:15:22 AM,24692.1,225,5555722.5,1955195272.5
2025-07-31 09:15:23 AM,24699.8,0,0.0,1955195272.5
2025-07-31 09:15:23 AM,24692.9,0,0.0,1955195272.5
2025-07-31 09:15:24 AM,24699.8,1050,25934790.0,1981130062.5
2025-07-31 09:15:24 AM,24695.0,75,1852125.0,1982982187.5
2025-07-31 09:15:24 AM,24699.8,0,0.0,1982982187.5
2025-07-31 09:15:25 AM,24700.0,0,0.0,1982982187.5
2025-07-31 09:15:26 AM,24700.0,1575,38902500.0,2021884687.5
2025-07-31 09:15:26 AM,24699.9,0,0.0,2021884687.5
2025-07-31 09:15:26 AM,24700.0,0,0.0,2021884687.5
2025-07-31 09:15:27 AM,24700.0,1725,42607500.0,2064492187.5
2025-07-31 09:15:28 AM,24699.9,0,0.0,2064492187.5
2025-07-31 09:15:28 AM,24700.0,0,0.0,2064492187.5
2025-07-31 09:15:29 AM,24700.0,3225,79657500.0,2144149687.5
2025-07-31 09:15:31 AM,24699.9,1800,44459820.0,2188609507.5
2025-07-31 09:15:31 AM,24701.2,0,0.0,2188609507.5
2025-07-31 09:15:31 AM,24700.0,0,0.0,2188609507.5
2025-07-31 09:15:32 AM,24698.6,0,0.0,2188609507.5
2025-07-31 09:15:32 AM,24698.1,1875,46308937.5,2234918445.0
2025-07-31 09:15:32 AM,24693.0,150,3703950.0,2238622395.0
2025-07-31 09:15:33 AM,24692.0,0,0.0,2238622395.0
2025-07-31 09:15:33 AM,24689.7,0,0.0,2238622395.0
2025-07-31 09:15:34 AM,24686.0,1950,48137700.0,2286760095.0
2025-07-31 09:15:34 AM,24688.6,150,3703290.0,2290463385.0
2025-07-31 09:15:34 AM,24689.2,0,0.0,2290463385.0
2025-07-31 09:15:35 AM,24686.0,0,0.0,2290463385.0
2025-07-31 09:15:35 AM,24686.0,900,22217400.0,2312680785.0
2025-07-31 09:15:36 AM,24690.1,75,1851757.5,2314532542.5
2025-07-31 09:15:36 AM,24693.0,0,0.0,2314532542.5
2025-07-31 09:15:37 AM,24692.4,0,0.0,2314532542.5
2025-07-31 09:15:37 AM,24692.4,3825,94448430.0,2408980972.5
2025-07-31 09:15:37 AM,24692.4,75,1851930.0,2410832902.5
2025-07-31 09:15:38 AM,24690.0,0,0.0,2410832902.5
2025-07-31 09:15:38 AM,24691.2,0,0.0,2410832902.5
2025-07-31 09:15:39 AM,24691.2,1125,27777600.0,2438610502.5
2025-07-31 09:15:39 AM,24691.1,75,1851832.5,2440462335.0
2025-07-31 09:15:39 AM,24692.9,0,0.0,2440462335.0
2025-07-31 09:15:40 AM,24687.4,0,0.0,2440462335.0
2025-07-31 09:15:40 AM,24686.0,0,0.0,2440462335.0
2025-07-31 09:15:40 AM,24689.1,2025,49995427.5,2490457762.5
2025-07-31 09:15:41 AM,24685.3,0,0.0,2490457762.5
2025-07-31 09:15:42 AM,24685.4,0,0.0,2490457762.5
2025-07-31 09:15:42 AM,24685.4,675,16662645.000000002,2507120407.5
2025-07-31 09:15:43 AM,24685.5,0,0.0,2507120407.5
2025-07-31 09:15:43 AM,24685.4,0,0.0,2507120407.5
2025-07-31 09:15:44 AM,24686.0,2775,68503650.0,2575624057.5
2025-07-31 09:15:45 AM,24685.3,0,0.0,2575624057.5
2025-07-31 09:15:45 AM,24685.4,750,18514050.0,2594138107.5
2025-07-31 09:15:46 AM,24686.0,0,0.0,2594138107.5
2025-07-31 09:15:46 AM,24686.3,0,0.0,2594138107.5
2025-07-31 09:15:47 AM,24692.3,1350,33334605.0,2627472712.5
2025-07-31 09:15:47 AM,24686.4,150,3702960.0,2631175672.5
2025-07-31 09:15:47 AM,24692.4,0,0.0,2631175672.5
2025-07-31 09:15:48 AM,24688.9,0,0.0,2631175672.5
2025-07-31 09:15:48 AM,24689.7,0,0.0,2631175672.5
2025-07-31 09:15:49 AM,24690.9,975,24073627.5,2655249300.0
2025-07-31 09:15:50 AM,24691.6,0,0.0,2655249300.0
2025-07-31 09:15:50 AM,24691.6,375,9259350.0,2664508650.0
2025-07-31 09:15:51 AM,24690.3,0,0.0,2664508650.0
2025-07-31 09:15:52 AM,24691.6,2100,51852360.0,2716361010.0
2025-07-31 09:15:52 AM,24693.9,0,0.0,2716361010.0
2025-07-31 09:15:53 AM,24696.3,0,0.0,2716361010.0
2025-07-31 09:15:53 AM,24692.4,0,0.0,2716361010.0
2025-07-31 09:15:53 AM,24692.4,1575,38890530.0,2755251540.0
2025-07-31 09:15:54 AM,24692.3,75,1851922.5,2757103462.5
2025-07-31 09:15:54 AM,24694.8,0,0.0,2757103462.5
2025-07-31 09:15:54 AM,24693.1,0,0.0,2757103462.5
2025-07-31 09:15:55 AM,24691.6,1275,31481790.0,2788585252.5
2025-07-31 09:15:55 AM,24696.3,0,0.0,2788585252.5
2025-07-31 09:15:56 AM,24698.2,0,0.0,2788585252.5
2025-07-31 09:15:56 AM,24694.3,0,0.0,2788585252.5
2025-07-31 09:15:57 AM,24695.1,3600,88902360.0,2877487612.5
2025-07-31 09:15:57 AM,24694.3,75,1852072.5,2879339685.0
2025-07-31 09:15:57 AM,24693.9,0,0.0,2879339685.0
2025-07-31 09:15:57 AM,24692.3,0,0.0,2879339685.0
2025-07-31 09:15:58 AM,24692.1,0,0.0,2879339685.0
2025-07-31 09:15:58 AM,24691.0,2475,61110225.0,2940449910.0
2025-07-31 09:15:59 AM,24690.4,0,0.0,2940449910.0
2025-07-31 09:15:59 AM,24690.1,0,0.0,2940449910.0
2025-07-31 09:16:00 AM,24686.9,0,0.0,2940449910.0
2025-07-31 09:16:00 AM,24685.3,3150,77758695.0,3018208605.0
2025-07-31 09:16:00 AM,24685.5,5550,137004525.0,3155213130.0
2025-07-31 09:16:01 AM,24682.0,0,0.0,3155213130.0
2025-07-31 09:16:02 AM,24682.0,5775,142538550.0,3297751680.0
2025-07-31 09:16:02 AM,24684.8,0,0.0,3297751680.0
2025-07-31 09:16:03 AM,24684.7,0,0.0,3297751680.0
2025-07-31 09:16:03 AM,24682.0,0,0.0,3297751680.0
2025-07-31 09:16:03 AM,24682.0,1800,44427600.0,3342179280.0
2025-07-31 09:16:03 AM,24682.0,1050,25916100.0,3368095380.0
2025-07-31 09:16:04 AM,24680.9,0,0.0,3368095380.0
2025-07-31 09:16:05 AM,24675.1,3825,94382257.5,3462477637.5
2025-07-31 09:16:05 AM,24679.7,75,1850977.5,3464328615.0
2025-07-31 09:16:05 AM,24679.2,0,0.0,3464328615.0
2025-07-31 09:16:06 AM,24675.0,0,0.0,3464328615.0
2025-07-31 09:16:06 AM,24672.1,0,0.0,3464328615.0
2025-07-31 09:16:06 AM,24670.9,1200,29605080.0,3493933695.0
2025-07-31 09:16:07 AM,24670.0,0,0.0,3493933695.0
2025-07-31 09:16:07 AM,24674.6,0,0.0,3493933695.0
2025-07-31 09:16:08 AM,24671.1,0,0.0,3493933695.0
2025-07-31 09:16:08 AM,24671.1,2550,62911305.0,3556845000.0
2025-07-31 09:16:08 AM,24671.0,75,1850325.0,3558695325.0
2025-07-31 09:16:09 AM,24670.5,0,0.0,3558695325.0
2025-07-31 09:16:10 AM,24667.0,2850,70300950.0,3628996275.0
2025-07-31 09:16:10 AM,24667.5,1200,29601000.0,3658597275.0
2025-07-31 09:16:10 AM,24666.6,0,0.0,3658597275.0
2025-07-31 09:16:11 AM,24669.5,0,0.0,3658597275.0
2025-07-31 09:16:11 AM,24669.0,0,0.0,3658597275.0
2025-07-31 09:16:11 AM,24669.0,4800,118411200.0,3777008475.0
2025-07-31 09:16:12 AM,24662.2,0,0.0,3777008475.0
2025-07-31 09:16:13 AM,24668.2,2250,55503450.0,3832511925.0
2025-07-31 09:16:13 AM,24668.3,0,0.0,3832511925.0
2025-07-31 09:16:13 AM,24668.3,150,3700245.0,3836212170.0
2025-07-31 09:16:14 AM,24662.2,0,0.0,3836212170.0
2025-07-31 09:16:14 AM,24664.7,0,0.0,3836212170.0
2025-07-31 09:16:15 AM,24662.2,1425,35143635.0,3871355805.0
2025-07-31 09:16:15 AM,24663.8,0,0.0,3871355805.0
2025-07-31 09:16:16 AM,24661.5,0,0.0,3871355805.0
2025-07-31 09:16:16 AM,24661.0,1275,31442775.0,3902798580.0
2025-07-31 09:16:16 AM,24661.5,75,1849612.5,3904648192.5
2025-07-31 09:16:17 AM,24661.4,0,0.0,3904648192.5
2025-07-31 09:16:18 AM,24661.0,3825,94328325.0,3998976517.5
2025-07-31 09:16:18 AM,24662.0,0,0.0,3998976517.5
2025-07-31 09:16:18 AM,24662.0,75,1849650.0,4000826167.5
2025-07-31 09:16:18 AM,24661.0,0,0.0,4000826167.5
2025-07-31 09:16:19 AM,24661.2,1725,42540570.0,4043366737.5
2025-07-31 09:16:20 AM,24661.9,0,0.0,4043366737.5
2025-07-31 09:16:20 AM,24663.4,0,0.0,4043366737.5
2025-07-31 09:16:21 AM,24667.2,0,0.0,4043366737.5
2025-07-31 09:16:21 AM,24667.2,1200,29600640.0,4072967377.5
2025-07-31 09:16:21 AM,24661.0,0,0.0,4072967377.5
2025-07-31 09:16:22 AM,24665.1,0,0.0,4072967377.5
2025-07-31 09:16:22 AM,24662.0,0,0.0,4072967377.5
2025-07-31 09:16:23 AM,24661.0,525,12947025.0,4085914402.5
2025-07-31 09:16:23 AM,24664.4,0,0.0,4085914402.5
2025-07-31 09:16:23 AM,24664.4,75,1849830.0,4087764232.5
2025-07-31 09:16:23 AM,24661.0,0,0.0,4087764232.5
2025-07-31 09:16:24 AM,24660.0,0,0.0,4087764232.5
2025-07-31 09:16:24 AM,24663.5,3375,83239312.5,4171003545.0
2025-07-31 09:16:25 AM,24663.0,300,7398900.0,4178402445.0
2025-07-31 09:16:25 AM,24660.6,0,0.0,4178402445.0
2025-07-31 09:16:25 AM,24659.9,0,0.0,4178402445.0
2025-07-31 09:16:26 AM,24656.2,0,0.0,4178402445.0
2025-07-31 09:16:26 AM,24663.0,6525,160926075.0,4339328520.0
2025-07-31 09:16:26 AM,24661.9,0,0.0,4339328520.0
2025-07-31 09:16:27 AM,24656.0,0,0.0,4339328520.0
2025-07-31 09:16:28 AM,24661.4,1275,31443285.0,4370771805.0
2025-07-31 09:16:28 AM,24658.4,225,5548140.0,4376319945.0
2025-07-31 09:16:28 AM,24664.8,0,0.0,4376319945.0
2025-07-31 09:16:29 AM,24656.6,0,0.0,4376319945.0
2025-07-31 09:16:29 AM,24656.0,1500,36984000.0,4413303945.0
2025-07-31 09:16:30 AM,24656.9,0,0.0,4413303945.0
2025-07-31 09:16:31 AM,24663.7,2550,62892435.0,4476196380.0
2025-07-31 09:16:31 AM,24664.2,0,0.0,4476196380.0
2025-07-31 09:16:32 AM,24660.0,0,0.0,4476196380.0
2025-07-31 09:16:33 AM,24665.1,3225,79544947.5,4555741327.5
2025-07-31 09:16:33 AM,24660.6,0,0.0,4555741327.5
2025-07-31 09:16:34 AM,24668.0,0,0.0,4555741327.5
2025-07-31 09:16:34 AM,24668.0,3900,96205200.0,4651946527.5
2025-07-31 09:16:35 AM,24661.1,0,0.0,4651946527.5
2025-07-31 09:16:36 AM,24661.1,225,5548747.5,4657495275.0
2025-07-31 09:16:36 AM,24665.5,0,0.0,4657495275.0
2025-07-31 09:16:37 AM,24658.5,0,0.0,4657495275.0
2025-07-31 09:16:37 AM,24658.2,0,0.0,4657495275.0
2025-07-31 09:16:37 AM,24658.2,1125,27740475.0,4685235750.0
2025-07-31 09:16:38 AM,24664.4,0,0.0,4685235750.0
2025-07-31 09:16:38 AM,24665.2,0,0.0,4685235750.0
2025-07-31 09:16:39 AM,24659.3,975,24042817.5,4709278567.5
2025-07-31 09:16:40 AM,24665.5,0,0.0,4709278567.5
2025-07-31 09:16:41 AM,24662.2,825,20346315.0,4729624882.5
2025-07-31 09:16:41 AM,24665.2,450,11099340.0,4740724222.5
2025-07-31 09:16:41 AM,24661.3,0,0.0,4740724222.5
2025-07-31 09:16:41 AM,24665.1,0,0.0,4740724222.5
2025-07-31 09:16:42 AM,24668.9,3300,81407370.0,4822131592.5
2025-07-31 09:16:43 AM,24662.9,0,0.0,4822131592.5
2025-07-31 09:16:43 AM,24667.9,0,0.0,4822131592.5
2025-07-31 09:16:44 AM,24668.5,1125,27752062.5,4849883655.0
2025-07-31 09:16:45 AM,24666.1,0,0.0,4849883655.0
2025-07-31 09:16:45 AM,24666.1,900,22199490.0,4872083145.0
2025-07-31 09:16:46 AM,24661.3,0,0.0,4872083145.0
2025-07-31 09:16:47 AM,24667.3,1200,29600760.0,4901683905.0
2025-07-31 09:16:48 AM,24665.0,0,0.0,4901683905.0
2025-07-31 09:16:49 AM,24663.5,375,9248812.5,4910932717.5
2025-07-31 09:16:49 AM,24661.3,0,0.0,4910932717.5
2025-07-31 09:16:49 AM,24657.0,0,0.0,4910932717.5
2025-07-31 09:16:50 AM,24661.3,0,0.0,4910932717.5
2025-07-31 09:16:50 AM,24661.3,2475,61036717.5,4971969435.0
2025-07-31 09:16:50 AM,24656.9,150,3698535.0,4975667970.0
2025-07-31 09:16:51 AM,24661.3,0,0.0,4975667970.0
2025-07-31 09:16:52 AM,24659.6,225,5548410.0,4981216380.0
2025-07-31 09:16:52 AM,24658.5,0,0.0,4981216380.0
2025-07-31 09:16:53 AM,24665.1,0,0.0,4981216380.0
2025-07-31 09:16:53 AM,24665.1,900,22198590.0,5003414970.0
2025-07-31 09:16:54 AM,24658.8,0,0.0,5003414970.0
2025-07-31 09:16:55 AM,24664.5,3450,85092525.0,5088507495.0
2025-07-31 09:16:55 AM,24661.3,0,0.0,5088507495.0
2025-07-31 09:16:57 AM,24661.3,1200,29593560.0,5118101055.0
2025-07-31 09:16:57 AM,24661.3,150,3699195.0,5121800250.0
2025-07-31 09:16:58 AM,24663.6,0,0.0,5121800250.0
2025-07-31 09:16:58 AM,24663.6,75,1849770.0,5123650020.0
2025-07-31 09:16:59 AM,24665.1,0,0.0,5123650020.0
2025-07-31 09:17:00 AM,24663.6,2175,53643330.0,5177293350.0
2025-07-31 09:17:00 AM,24661.3,225,5548792.5,5182842142.5
2025-07-31 09:17:00 AM,24661.0,0,0.0,5182842142.5
2025-07-31 09:17:01 AM,24659.7,0,0.0,5182842142.5
2025-07-31 09:17:01 AM,24660.1,1050,25893105.0,5208735247.5
2025-07-31 09:17:02 AM,24656.9,0,0.0,5208735247.5
2025-07-31 09:17:03 AM,24655.0,4950,122042250.0,5330777497.5
2025-07-31 09:17:03 AM,24650.0,3000,73950000.0,5404727497.5
2025-07-31 09:17:03 AM,24654.7,0,0.0,5404727497.5
2025-07-31 09:17:04 AM,24650.0,0,0.0,5404727497.5
2025-07-31 09:17:05 AM,24647.5,2550,62851125.0,5467578622.5
2025-07-31 09:17:05 AM,24649.3,0,0.0,5467578622.5
2025-07-31 09:17:06 AM,24651.6,0,0.0,5467578622.5
2025-07-31 09:17:06 AM,24654.8,1125,27736650.0,5495315272.5
2025-07-31 09:17:06 AM,24654.8,150,3698220.0,5499013492.5
2025-07-31 09:17:07 AM,24653.4,0,0.0,5499013492.5
2025-07-31 09:17:07 AM,24654.0,0,0.0,5499013492.5
2025-07-31 09:17:08 AM,24653.1,3375,83204212.5,5582217705.0
2025-07-31 09:17:08 AM,24651.0,0,0.0,5582217705.0
2025-07-31 09:17:09 AM,24652.1,0,0.0,5582217705.0
2025-07-31 09:17:09 AM,24645.0,0,0.0,5582217705.0
2025-07-31 09:17:10 AM,24650.9,10275,253287997.50000003,5835505702.5
2025-07-31 09:17:10 AM,24649.5,0,0.0,5835505702.5
2025-07-31 09:17:11 AM,24648.0,0,0.0,5835505702.5
2025-07-31 09:17:11 AM,24643.1,0,0.0,5835505702.5
2025-07-31 09:17:11 AM,24643.1,2550,62839905.0,5898345607.5
2025-07-31 09:17:12 AM,24648.2,0,0.0,5898345607.5
2025-07-31 09:17:13 AM,24649.8,900,22184820.0,5920530427.5
2025-07-31 09:17:13 AM,24649.7,0,0.0,5920530427.5
2025-07-31 09:17:14 AM,24647.7,0,0.0,5920530427.5
2025-07-31 09:17:14 AM,24647.7,975,24031507.5,5944561935.0
2025-07-31 09:17:15 AM,24645.2,0,0.0,5944561935.0
2025-07-31 09:17:15 AM,24639.2,0,0.0,5944561935.0
2025-07-31 09:17:16 AM,24637.0,5475,134887575.0,6079449510.0
2025-07-31 09:17:16 AM,24640.0,150,3696000.0,6083145510.0
2025-07-31 09:17:16 AM,24637.0,0,0.0,6083145510.0
2025-07-31 09:17:17 AM,24639.9,0,0.0,6083145510.0
2025-07-31 09:17:17 AM,24640.0,0,0.0,6083145510.0
2025-07-31 09:17:18 AM,24640.0,3675,90552000.0,6173697510.0
2025-07-31 09:17:19 AM,24640.3,0,0.0,6173697510.0
2025-07-31 09:17:19 AM,24639.6,1575,38807370.0,6212504880.0
2025-07-31 09:17:19 AM,24637.5,150,3695625.0,6216200505.0
2025-07-31 09:17:20 AM,24636.8,0,0.0,6216200505.0
2025-07-31 09:17:20 AM,24633.9,0,0.0,6216200505.0
2025-07-31 09:17:21 AM,24633.9,9450,232790355.0,6448990860.0
2025-07-31 09:17:21 AM,24633.8,825,20322885.0,6469313745.0
2025-07-31 09:17:21 AM,24634.1,0,0.0,6469313745.0
2025-07-31 09:17:21 AM,24633.7,0,0.0,6469313745.0
2025-07-31 09:17:22 AM,24633.8,0,0.0,6469313745.0
2025-07-31 09:17:22 AM,24633.7,0,0.0,6469313745.0
2025-07-31 09:17:22 AM,24625.1,9000,221625900.0,6690939645.0
2025-07-31 09:17:23 AM,24627.0,0,0.0,6690939645.0
2025-07-31 09:17:24 AM,24630.4,5925,145935120.0,6836874765.0
2025-07-31 09:17:24 AM,24630.5,0,0.0,6836874765.0
2025-07-31 09:17:24 AM,24627.6,0,0.0,6836874765.0
2025-07-31 09:17:25 AM,24631.9,0,0.0,6836874765.0
2025-07-31 09:17:26 AM,24635.6,1950,48039420.0,6884914185.0
2025-07-31 09:17:26 AM,24630.1,150,3694515.0,6888608700.0
2025-07-31 09:17:27 AM,24630.3,1200,29556360.0,6918165060.0
2025-07-31 09:17:28 AM,24630.7,0,0.0,6918165060.0
2025-07-31 09:17:29 AM,24637.1,1800,44346780.0,6962511840.0
2025-07-31 09:17:30 AM,24633.5,0,0.0,6962511840.0
2025-07-31 09:17:30 AM,24638.1,0,0.0,6962511840.0
2025-07-31 09:17:31 AM,24633.7,3675,90528847.5,7053040687.5
2025-07-31 09:17:31 AM,24630.2,0,0.0,7053040687.5
2025-07-31 09:17:32 AM,24637.0,0,0.0,7053040687.5
2025-07-31 09:17:32 AM,24636.7,1500,36955050.0,7089995737.5
2025-07-31 09:17:32 AM,24636.5,300,7390950.0,7097386687.5
2025-07-31 09:17:33 AM,24630.1,0,0.0,7097386687.5
2025-07-31 09:17:34 AM,24630.4,1425,35098320.0,7132485007.5
2025-07-31 09:17:34 AM,24636.5,150,3695475.0,7136180482.5
2025-07-31 09:17:34 AM,24636.6,0,0.0,7136180482.5
2025-07-31 09:17:35 AM,24638.9,0,0.0,7136180482.5
2025-07-31 09:17:35 AM,24637.1,0,0.0,7136180482.5
2025-07-31 09:17:35 AM,24638.0,3675,90544650.0,7226725132.5
2025-07-31 09:17:36 AM,24640.0,0,0.0,7226725132.5
2025-07-31 09:17:36 AM,24638.2,0,0.0,7226725132.5
2025-07-31 09:17:37 AM,24642.9,8850,218089665.0,7444814797.5
2025-07-31 09:17:37 AM,24643.2,2325,57295440.0,7502110237.5
2025-07-31 09:17:38 AM,24639.5,0,0.0,7502110237.5
2025-07-31 09:17:38 AM,24643.4,0,0.0,7502110237.5
2025-07-31 09:17:39 AM,24643.0,2400,59143200.0,7561253437.5
2025-07-31 09:17:39 AM,24644.9,75,1848367.5,7563101805.0
2025-07-31 09:17:39 AM,24640.0,0,0.0,7563101805.0
2025-07-31 09:17:39 AM,24642.4,0,0.0,7563101805.0
2025-07-31 09:17:40 AM,24638.6,0,0.0,7563101805.0
2025-07-31 09:17:40 AM,24641.4,1200,29569680.0,7592671485.0
2025-07-31 09:17:40 AM,24641.4,75,1848105.0,7594519590.0
2025-07-31 09:17:41 AM,24641.6,0,0.0,7594519590.0
2025-07-31 09:17:41 AM,24641.2,0,0.0,7594519590.0
2025-07-31 09:17:42 AM,24644.0,1500,36966000.0,7631485590.0
2025-07-31 09:17:42 AM,24640.0,0,0.0,7631485590.0
2025-07-31 09:17:42 AM,24644.7,0,0.0,7631485590.0
2025-07-31 09:17:43 AM,24641.7,0,0.0,7631485590.0
2025-07-31 09:17:43 AM,24641.7,4125,101647012.5,7733132602.5
2025-07-31 09:17:44 AM,24645.4,0,0.0,7733132602.5
2025-07-31 09:17:45 AM,24645.3,750,18483975.0,7751616577.5
2025-07-31 09:17:46 AM,24647.4,0,0.0,7751616577.5
2025-07-31 09:17:46 AM,24650.0,0,0.0,7751616577.5
2025-07-31 09:17:47 AM,24650.0,2775,68403750.0,7820020327.5
2025-07-31 09:17:47 AM,24650.0,525,12941250.0,7832961577.5
2025-07-31 09:17:47 AM,24647.4,0,0.0,7832961577.5
2025-07-31 09:17:48 AM,24650.0,0,0.0,7832961577.5
2025-07-31 09:17:48 AM,24650.0,975,24033750.0,7856995327.5
2025-07-31 09:17:48 AM,24650.0,225,5546250.0,7862541577.5
2025-07-31 09:17:50 AM,24646.1,825,20333032.5,7882874610.0
2025-07-31 09:17:51 AM,24650.0,0,0.0,7882874610.0
2025-07-31 09:17:51 AM,24649.6,0,0.0,7882874610.0
2025-07-31 09:17:51 AM,24649.6,1350,33276959.999999996,7916151570.0
2025-07-31 09:17:53 AM,24653.1,0,0.0,7916151570.0
2025-07-31 09:17:53 AM,24653.1,225,5546947.5,7921698517.5
2025-07-31 09:17:53 AM,24655.0,0,0.0,7921698517.5
2025-07-31 09:17:55 AM,24655.0,750,18491250.0,7940189767.5
2025-07-31 09:17:55 AM,24655.0,75,1849125.0,7942038892.5
2025-07-31 09:17:56 AM,24655.1,0,0.0,7942038892.5
2025-07-31 09:17:56 AM,24655.1,300,7396530.0,7949435422.5
2025-07-31 09:17:57 AM,24655.0,0,0.0,7949435422.5
2025-07-31 09:17:58 AM,24655.0,525,12943875.0,7962379297.5
2025-07-31 09:17:58 AM,24658.2,375,9246825.0,7971626122.5
2025-07-31 09:17:58 AM,24656.4,0,0.0,7971626122.5
2025-07-31 09:17:59 AM,24655.3,0,0.0,7971626122.5
2025-07-31 09:18:00 AM,24653.1,3450,85053195.0,8056679317.5
2025-07-31 09:18:00 AM,24651.8,0,0.0,8056679317.5
2025-07-31 09:18:01 AM,24650.0,0,0.0,8056679317.5
2025-07-31 09:18:01 AM,24647.5,900,22182750.0,8078862067.5
2025-07-31 09:18:02 AM,24648.0,0,0.0,8078862067.5
2025-07-31 09:18:02 AM,24653.4,0,0.0,8078862067.5
2025-07-31 09:18:03 AM,24652.2,1275,31431555.0,8110293622.5
2025-07-31 09:18:03 AM,24652.8,150,3697920.0,8113991542.5
2025-07-31 09:18:03 AM,24648.1,0,0.0,8113991542.5
2025-07-31 09:18:04 AM,24653.1,0,0.0,8113991542.5
2025-07-31 09:18:04 AM,24647.7,675,16637197.5,8130628740.0
2025-07-31 09:18:05 AM,24653.1,0,0.0,8130628740.0
2025-07-31 09:18:06 AM,24653.1,675,16640842.499999998,8147269582.5
2025-07-31 09:18:06 AM,24655.0,675,16642125.0,8163911707.5
2025-07-31 09:18:06 AM,24659.2,0,0.0,8163911707.5
2025-07-31 09:18:06 AM,24660.0,0,0.0,8163911707.5
2025-07-31 09:18:07 AM,24654.9,0,0.0,8163911707.5
2025-07-31 09:18:07 AM,24661.9,0,0.0,8163911707.5
2025-07-31 09:18:07 AM,24660.0,3300,81378000.0,8245289707.5
2025-07-31 09:18:08 AM,24663.3,675,16647727.5,8261937435.0
2025-07-31 09:18:08 AM,24660.0,0,0.0,8261937435.0
2025-07-31 09:18:09 AM,24664.0,3300,81391200.0,8343328635.0
2025-07-31 09:18:09 AM,24664.0,225,5549400.0,8348878035.0
2025-07-31 09:18:10 AM,24665.0,0,0.0,8348878035.0
2025-07-31 09:18:11 AM,24665.0,300,7399500.0,8356277535.0
2025-07-31 09:18:11 AM,24664.0,0,0.0,8356277535.0
2025-07-31 09:18:11 AM,24669.8,0,0.0,8356277535.0
2025-07-31 09:18:12 AM,24664.1,0,0.0,8356277535.0
2025-07-31 09:18:12 AM,24665.9,2400,59198160.0,8415475695.0
2025-07-31 09:18:13 AM,24664.7,0,0.0,8415475695.0
2025-07-31 09:18:13 AM,24664.1,0,0.0,8415475695.0
2025-07-31 09:18:14 AM,24669.4,750,18502050.0,8433977745.0
2025-07-31 09:18:14 AM,24665.0,75,1849875.0,8435827620.0
2025-07-31 09:18:14 AM,24668.7,0,0.0,8435827620.0
2025-07-31 09:18:15 AM,24669.8,0,0.0,8435827620.0
2025-07-31 09:18:15 AM,24669.8,150,3700470.0,8439528090.0
2025-07-31 09:18:16 AM,24664.4,0,0.0,8439528090.0
2025-07-31 09:18:17 AM,24665.7,525,12949492.5,8452477582.5
2025-07-31 09:18:18 AM,24663.4,0,0.0,8452477582.5
2025-07-31 09:18:18 AM,24664.0,0,0.0,8452477582.5
2025-07-31 09:18:19 AM,24664.0,1500,36996000.0,8489473582.5
2025-07-31 09:18:19 AM,24661.4,0,0.0,8489473582.5
2025-07-31 09:18:20 AM,24662.7,0,0.0,8489473582.5
2025-07-31 09:18:20 AM,24662.7,1800,44392860.0,8533866442.5
2025-07-31 09:18:20 AM,24662.6,0,0.0,8533866442.5
2025-07-31 09:18:20 AM,24662.6,300,7398780.0,8541265222.5
2025-07-31 09:18:21 AM,24662.9,0,0.0,8541265222.5
2025-07-31 09:18:22 AM,24663.0,4125,101734875.0,8643000097.5
2025-07-31 09:18:22 AM,24664.1,75,1849807.5,8644849905.0
2025-07-31 09:18:22 AM,24662.5,0,0.0,8644849905.0
2025-07-31 09:18:22 AM,24661.8,0,0.0,8644849905.0
2025-07-31 09:18:23 AM,24661.3,0,0.0,8644849905.0
2025-07-31 09:18:23 AM,24661.3,4725,116524642.5,8761374547.5
2025-07-31 09:18:24 AM,24655.1,0,0.0,8761374547.5
2025-07-31 09:18:25 AM,24658.8,750,18494100.0,8779868647.5
2025-07-31 09:18:25 AM,24655.0,0,0.0,8779868647.5
2025-07-31 09:18:26 AM,24650.1,0,0.0,8779868647.5
2025-07-31 09:18:26 AM,24651.8,0,0.0,8779868647.5
2025-07-31 09:18:27 AM,24656.6,1425,35135655.0,8815004302.5
2025-07-31 09:18:27 AM,24657.1,0,0.0,8815004302.5
2025-07-31 09:18:27 AM,24657.0,0,0.0,8815004302.5
2025-07-31 09:18:28 AM,24657.9,0,0.0,8815004302.5
2025-07-31 09:18:28 AM,24658.6,3600,88770960.0,8903775262.5
2025-07-31 09:18:29 AM,24658.6,150,3698790.0,8907474052.5
2025-07-31 09:18:29 AM,24658.7,0,0.0,8907474052.5
2025-07-31 09:18:30 AM,24653.2,600,14791920.0,8922265972.5
2025-07-31 09:18:30 AM,24661.3,0,0.0,8922265972.5
2025-07-31 09:18:31 AM,24661.8,0,0.0,8922265972.5
2025-07-31 09:18:32 AM,24661.8,375,9248175.0,8931514147.5
2025-07-31 09:18:32 AM,24658.8,75,1849410.0,8933363557.5
2025-07-31 09:18:33 AM,24663.9,0,0.0,8933363557.5
2025-07-31 09:18:33 AM,24663.0,0,0.0,8933363557.5
2025-07-31 09:18:33 AM,24663.0,4650,114682950.0,9048046507.5
2025-07-31 09:18:33 AM,24662.4,300,7398720.0,9055445227.5
2025-07-31 09:18:34 AM,24660.8,0,0.0,9055445227.5
2025-07-31 09:18:35 AM,24658.4,2550,62878920.0,9118324147.5
2025-07-31 09:18:35 AM,24657.8,0,0.0,9118324147.5
2025-07-31 09:18:35 AM,24657.8,150,3698670.0,9122022817.5
2025-07-31 09:18:35 AM,24657.5,0,0.0,9122022817.5
2025-07-31 09:18:36 AM,24656.4,0,0.0,9122022817.5
2025-07-31 09:18:36 AM,24653.2,0,0.0,9122022817.5
2025-07-31 09:18:37 AM,24651.1,2175,53616142.5,9175638960.0
2025-07-31 09:18:37 AM,24656.5,0,0.0,9175638960.0
2025-07-31 09:18:38 AM,24650.0,0,0.0,9175638960.0
2025-07-31 09:18:38 AM,24650.0,825,20336250.0,9195975210.0
2025-07-31 09:18:39 AM,24655.3,0,0.0,9195975210.0
2025-07-31 09:18:39 AM,24654.2,0,0.0,9195975210.0
2025-07-31 09:18:40 AM,24654.3,1350,33283305.0,9229258515.0
2025-07-31 09:18:41 AM,24656.7,0,0.0,9229258515.0
2025-07-31 09:18:41 AM,24657.1,2400,59177040.0,9288435555.0
2025-07-31 09:18:43 AM,24650.3,0,0.0,9288435555.0
2025-07-31 09:18:43 AM,24650.3,450,11092635.0,9299528190.0
2025-07-31 09:18:44 AM,24651.5,0,0.0,9299528190.0
2025-07-31 09:18:45 AM,24657.9,600,14794740.0,9314322930.0
2025-07-31 09:18:46 AM,24650.5,0,0.0,9314322930.0
2025-07-31 09:18:47 AM,24650.5,450,11092725.0,9325415655.0
2025-07-31 09:18:47 AM,24650.3,0,0.0,9325415655.0
2025-07-31 09:18:48 AM,24655.0,225,5547375.0,9330963030.0
2025-07-31 09:18:49 AM,24650.2,0,0.0,9330963030.0
2025-07-31 09:18:50 AM,24651.0,900,22185900.0,9353148930.0
2025-07-31 09:18:50 AM,24653.1,75,1848982.5,9354997912.5
2025-07-31 09:18:50 AM,24655.0,0,0.0,9354997912.5
2025-07-31 09:18:51 AM,24655.0,825,20340375.0,9375338287.5
2025-07-31 09:18:53 AM,24655.0,150,3698250.0,9379036537.5
2025-07-31 09:18:54 AM,24651.9,0,0.0,9379036537.5
2025-07-31 09:18:55 AM,24651.9,150,3697785.0,9382734322.5
2025-07-31 09:18:56 AM,24658.0,0,0.0,9382734322.5
2025-07-31 09:18:56 AM,24658.0,600,14794800.0,9397529122.5
2025-07-31 09:18:58 AM,24658.7,300,7397610.0,9404926732.5
2025-07-31 09:18:58 AM,24655.0,525,12943875.0,9417870607.5
2025-07-31 09:18:59 AM,24656.8,0,0.0,9417870607.5
2025-07-31 09:19:00 AM,24656.8,450,11095560.0,9428966167.5
2025-07-31 09:19:00 AM,24651.1,150,3697665.0,9432663832.5
2025-07-31 09:19:00 AM,24658.0,0,0.0,9432663832.5
2025-07-31 09:19:01 AM,24658.1,0,0.0,9432663832.5
2025-07-31 09:19:01 AM,24658.1,900,22192290.0,9454856122.5
2025-07-31 09:19:02 AM,24653.8,0,0.0,9454856122.5
2025-07-31 09:19:03 AM,24653.4,675,16641045.000000002,9471497167.5
2025-07-31 09:19:04 AM,24660.0,0,0.0,9471497167.5
2025-07-31 09:19:05 AM,24664.8,2400,59195520.0,9530692687.5
2025-07-31 09:19:05 AM,24660.0,0,0.0,9530692687.5
2025-07-31 09:19:06 AM,24657.5,300,7397250.0,9538089937.5
2025-07-31 09:19:07 AM,24663.7,0,0.0,9538089937.5
2025-07-31 09:19:08 AM,24664.4,750,18498300.0,9556588237.5
2025-07-31 09:19:09 AM,24663.7,0,0.0,9556588237.5
2025-07-31 09:19:09 AM,24663.7,225,5549332.5,9562137570.0
2025-07-31 09:19:10 AM,24659.5,0,0.0,9562137570.0
2025-07-31 09:19:11 AM,24659.4,0,0.0,9562137570.0
2025-07-31 09:19:11 AM,24659.4,225,5548365.0,9567685935.0
2025-07-31 09:19:12 AM,24662.0,0,0.0,9567685935.0
2025-07-31 09:19:12 AM,24658.2,0,0.0,9567685935.0
2025-07-31 09:19:13 AM,24663.7,1125,27746662.5,9595432597.5
2025-07-31 09:19:13 AM,24663.7,75,1849777.5,9597282375.0
2025-07-31 09:19:14 AM,24663.7,75,1849777.5,9599132152.5
2025-07-31 09:19:16 AM,24661.3,0,0.0,9599132152.5
2025-07-31 09:19:16 AM,24661.3,225,5548792.5,9604680945.0
2025-07-31 09:19:16 AM,24663.0,75,1849725.0,9606530670.0
2025-07-31 09:19:17 AM,24660.0,0,0.0,9606530670.0
2025-07-31 09:19:18 AM,24660.0,975,24043500.0,9630574170.0
2025-07-31 09:19:18 AM,24660.4,0,0.0,9630574170.0
2025-07-31 09:19:19 AM,24660.0,0,0.0,9630574170.0
2025-07-31 09:19:19 AM,24660.0,600,14796000.0,9645370170.0
2025-07-31 09:19:20 AM,24660.4,0,0.0,9645370170.0
2025-07-31 09:19:21 AM,24660.4,450,11097180.0,9656467350.0
2025-07-31 09:19:22 AM,24664.5,0,0.0,9656467350.0
2025-07-31 09:19:22 AM,24660.0,0,0.0,9656467350.0
2025-07-31 09:19:23 AM,24660.0,2925,72130500.0,9728597850.0
2025-07-31 09:19:23 AM,24664.9,0,0.0,9728597850.0
2025-07-31 09:19:24 AM,24664.9,300,7399470.0,9735997320.0
2025-07-31 09:19:24 AM,24658.3,375,9246862.5,9745244182.5
2025-07-31 09:19:25 AM,24656.5,0,0.0,9745244182.5
2025-07-31 09:19:26 AM,24660.0,300,7398000.0,9752642182.5
2025-07-31 09:19:27 AM,24659.0,0,0.0,9752642182.5
2025-07-31 09:19:28 AM,24659.0,675,16644825.0,9769287007.5
2025-07-31 09:19:28 AM,24660.0,0,0.0,9769287007.5
2025-07-31 09:19:29 AM,24662.0,0,0.0,9769287007.5
2025-07-31 09:19:29 AM,24662.0,150,3699300.0,9772986307.5
2025-07-31 09:19:30 AM,24661.4,0,0.0,9772986307.5
2025-07-31 09:19:31 AM,24661.4,225,5548815.0,9778535122.5
2025-07-31 09:19:32 AM,24658.8,0,0.0,9778535122.5
2025-07-31 09:19:33 AM,24658.9,1050,25891845.0,9804426967.5
2025-07-31 09:19:33 AM,24661.5,3525,86931787.5,9891358755.0
2025-07-31 09:19:33 AM,24655.1,0,0.0,9891358755.0
2025-07-31 09:19:33 AM,24662.2,0,0.0,9891358755.0
2025-07-31 09:19:34 AM,24662.3,0,0.0,9891358755.0
2025-07-31 09:19:34 AM,24660.0,1500,36990000.0,9928348755.0
2025-07-31 09:19:35 AM,24664.8,0,0.0,9928348755.0
2025-07-31 09:19:36 AM,24664.9,450,11099205.0,9939447960.0
2025-07-31 09:19:36 AM,24660.0,0,0.0,9939447960.0
2025-07-31 09:19:37 AM,24667.4,0,0.0,9939447960.0
2025-07-31 09:19:38 AM,24667.4,2100,51801540.0,9991249500.0
2025-07-31 09:19:39 AM,24665.0,0,0.0,9991249500.0
2025-07-31 09:19:39 AM,24665.0,300,7399500.0,9998649000.0
2025-07-31 09:19:40 AM,24666.6,0,0.0,9998649000.0
2025-07-31 09:19:41 AM,24666.6,600,14799960.0,10013448960.0
2025-07-31 09:19:41 AM,24668.0,75,1850100.0,10015299060.0
2025-07-31 09:19:42 AM,24665.0,0,0.0,10015299060.0
2025-07-31 09:19:43 AM,24665.0,300,7399500.0,10022698560.0
2025-07-31 09:19:43 AM,24665.3,0,0.0,10022698560.0
2025-07-31 09:19:44 AM,24665.0,0,0.0,10022698560.0
2025-07-31 09:19:44 AM,24665.0,450,11099250.0,10033797810.0
2025-07-31 09:19:45 AM,24665.3,75,1849897.5,10035647707.5
2025-07-31 09:19:45 AM,24660.1,0,0.0,10035647707.5
2025-07-31 09:19:46 AM,24664.9,0,0.0,10035647707.5
2025-07-31 09:19:46 AM,24664.9,600,14798940.0,10050446647.5
2025-07-31 09:19:47 AM,24661.3,0,0.0,10050446647.5
2025-07-31 09:19:48 AM,24661.3,300,7398390.0,10057845037.5
2025-07-31 09:19:49 AM,24664.7,0,0.0,10057845037.5
2025-07-31 09:19:49 AM,24664.7,150,3699705.0,10061544742.5
2025-07-31 09:19:50 AM,24665.7,0,0.0,10061544742.5
2025-07-31 09:19:50 AM,24666.9,0,0.0,10061544742.5
2025-07-31 09:19:51 AM,24666.1,2100,51798810.0,10113343552.5
2025-07-31 09:19:52 AM,24668.0,0,0.0,10113343552.5
2025-07-31 09:19:53 AM,24668.0,450,11100600.0,10124444152.5
2025-07-31 09:19:53 AM,24668.0,75,1850100.0,10126294252.5
2025-07-31 09:19:54 AM,24665.6,0,0.0,10126294252.5
2025-07-31 09:19:54 AM,24665.6,900,22199040.0,10148493292.5
2025-07-31 09:19:55 AM,24665.6,75,1849920.0,10150343212.5
2025-07-31 09:19:55 AM,24668.0,0,0.0,10150343212.5
2025-07-31 09:19:56 AM,24667.7,0,0.0,10150343212.5
2025-07-31 09:19:56 AM,24667.7,225,5550232.5,10155893445.0
2025-07-31 09:19:58 AM,24665.5,1275,31448512.5,10187341957.5
2025-07-31 09:19:58 AM,24667.7,75,1850077.5,10189192035.0
2025-07-31 09:19:59 AM,24665.0,0,0.0,10189192035.0
2025-07-31 09:19:59 AM,24665.0,1200,29598000.0,10218790035.0
2025-07-31 09:20:00 AM,24667.7,75,1850077.5,10220640112.5
2025-07-31 09:20:00 AM,24668.0,0,0.0,10220640112.5
2025-07-31 09:20:01 AM,24665.0,1425,35147625.0,10255787737.5
2025-07-31 09:20:02 AM,24665.1,0,0.0,10255787737.5
2025-07-31 09:20:03 AM,24665.1,375,9249412.5,10265037150.0
2025-07-31 09:20:03 AM,24664.8,750,18498600.0,10283535750.0
2025-07-31 09:20:04 AM,24660.0,0,0.0,10283535750.0
2025-07-31 09:20:04 AM,24660.0,1425,35140500.0,10318676250.0
2025-07-31 09:20:05 AM,24660.0,75,1849500.0,10320525750.0
2025-07-31 09:20:05 AM,24663.9,0,0.0,10320525750.0
2025-07-31 09:20:06 AM,24657.6,0,0.0,10320525750.0
2025-07-31 09:20:06 AM,24657.6,750,18493200.0,10339018950.0
2025-07-31 09:20:07 AM,24662.5,0,0.0,10339018950.0
2025-07-31 09:20:08 AM,24662.0,2175,53639850.0,10392658800.0
2025-07-31 09:20:08 AM,24655.1,300,7396530.0,10400055330.0
2025-07-31 09:20:09 AM,24661.3,0,0.0,10400055330.0
2025-07-31 09:20:09 AM,24660.0,375,9247500.0,10409302830.0
2025-07-31 09:20:10 AM,24656.4,0,0.0,10409302830.0
2025-07-31 09:20:11 AM,24660.0,0,0.0,10409302830.0
2025-07-31 09:20:11 AM,24660.0,750,18495000.0,10427797830.0
2025-07-31 09:20:11 AM,24660.0,75,1849500.0,10429647330.0
2025-07-31 09:20:12 AM,24660.9,0,0.0,10429647330.0
2025-07-31 09:20:13 AM,24664.8,525,12949020.0,10442596350.0
2025-07-31 09:20:14 AM,24665.0,0,0.0,10442596350.0
2025-07-31 09:20:14 AM,24665.0,150,3699750.0,10446296100.0
2025-07-31 09:20:15 AM,24666.8,0,0.0,10446296100.0
2025-07-31 09:20:16 AM,24667.7,975,24051007.5,10470347107.5
2025-07-31 09:20:17 AM,24668.0,0,0.0,10470347107.5
2025-07-31 09:20:18 AM,24673.0,1650,40710450.0,10511057557.5
2025-07-31 09:20:18 AM,24668.0,75,1850100.0,10512907657.5
2025-07-31 09:20:18 AM,24673.4,0,0.0,10512907657.5
2025-07-31 09:20:19 AM,24673.6,0,0.0,10512907657.5
2025-07-31 09:20:19 AM,24673.6,2325,57366120.0,10570273777.5
2025-07-31 09:20:21 AM,24672.5,0,0.0,10570273777.5
2025-07-31 09:20:21 AM,24672.5,75,1850437.5,10572124215.0
2025-07-31 09:20:22 AM,24672.1,0,0.0,10572124215.0
2025-07-31 09:20:22 AM,24669.8,0,0.0,10572124215.0
2025-07-31 09:20:22 AM,24673.7,0,0.0,10572124215.0
2025-07-31 09:20:23 AM,24670.8,1425,35155890.0,10607280105.0
2025-07-31 09:20:23 AM,24671.2,225,5551020.0,10612831125.0
2025-07-31 09:20:24 AM,24674.5,0,0.0,10612831125.0
2025-07-31 09:20:24 AM,24674.5,450,11103525.0,10623934650.0
2025-07-31 09:20:25 AM,24671.4,300,7401420.0,10631336070.0
2025-07-31 09:20:25 AM,24675.0,0,0.0,10631336070.0
2025-07-31 09:20:26 AM,24673.7,0,0.0,10631336070.0
2025-07-31 09:20:26 AM,24673.7,1350,33309495.0,10664645565.0
2025-07-31 09:20:27 AM,24675.0,0,0.0,10664645565.0
2025-07-31 09:20:28 AM,24672.6,525,12953115.0,10677598680.0
2025-07-31 09:20:28 AM,24672.6,75,1850445.0,10679449125.0
2025-07-31 09:20:28 AM,24676.9,0,0.0,10679449125.0
2025-07-31 09:20:29 AM,24676.9,1200,29612280.0,10709061405.0
2025-07-31 09:20:30 AM,24678.0,0,0.0,10709061405.0
2025-07-31 09:20:31 AM,24677.6,0,0.0,10709061405.0
2025-07-31 09:20:31 AM,24677.6,1650,40718040.0,10749779445.0
2025-07-31 09:20:32 AM,24679.9,0,0.0,10749779445.0
2025-07-31 09:20:33 AM,24679.5,1200,29615400.0,10779394845.0
2025-07-31 09:20:33 AM,24684.0,0,0.0,10779394845.0
2025-07-31 09:20:33 AM,24681.1,0,0.0,10779394845.0
2025-07-31 09:20:34 AM,24682.0,0,0.0,10779394845.0
2025-07-31 09:20:34 AM,24682.0,450,11106900.0,10790501745.0
2025-07-31 09:20:35 AM,24688.0,0,0.0,10790501745.0
2025-07-31 09:20:36 AM,24689.3,2550,62957715.0,10853459460.0
2025-07-31 09:20:36 AM,24689.7,75,1851727.5,10855311187.5
2025-07-31 09:20:37 AM,24682.3,0,0.0,10855311187.5
2025-07-31 09:20:38 AM,24682.3,75,1851172.5,10857162360.0
2025-07-31 09:20:38 AM,24685.0,0,0.0,10857162360.0
2025-07-31 09:20:39 AM,24690.0,0,0.0,10857162360.0
2025-07-31 09:20:39 AM,24690.0,1050,25924500.0,10883086860.0
2025-07-31 09:20:40 AM,24690.9,0,0.0,10883086860.0
2025-07-31 09:20:40 AM,24689.3,0,0.0,10883086860.0
2025-07-31 09:20:41 AM,24691.0,1875,46295625.0,10929382485.0
2025-07-31 09:20:43 AM,24694.5,2175,53710537.5,10983093022.5
2025-07-31 09:20:43 AM,24694.2,75,1852065.0,10984945087.5
2025-07-31 09:20:43 AM,24693.7,0,0.0,10984945087.5
2025-07-31 09:20:43 AM,24695.9,0,0.0,10984945087.5
2025-07-31 09:20:44 AM,24693.6,0,0.0,10984945087.5
2025-07-31 09:20:44 AM,24693.6,2550,62968680.0,11047913767.5
2025-07-31 09:20:45 AM,24698.0,0,0.0,11047913767.5
2025-07-31 09:20:46 AM,24700.0,1650,40755000.0,11088668767.5
2025-07-31 09:20:46 AM,24700.0,225,5557500.0,11094226267.5
2025-07-31 09:20:47 AM,24699.5,0,0.0,11094226267.5
2025-07-31 09:20:48 AM,24699.5,2025,50016487.5,11144242755.0
2025-07-31 09:20:48 AM,24700.0,525,12967500.0,11157210255.0
2025-07-31 09:20:48 AM,24699.4,0,0.0,11157210255.0
2025-07-31 09:20:49 AM,24705.0,0,0.0,11157210255.0
2025-07-31 09:20:49 AM,24705.0,2025,50027625.0,11207237880.0
2025-07-31 09:20:50 AM,24701.9,375,9263212.5,11216501092.5
2025-07-31 09:20:50 AM,24702.5,0,0.0,11216501092.5
2025-07-31 09:20:50 AM,24705.9,0,0.0,11216501092.5
2025-07-31 09:20:51 AM,24707.0,0,0.0,11216501092.5
2025-07-31 09:20:51 AM,24707.0,375,9265125.0,11225766217.5
2025-07-31 09:20:52 AM,24708.0,0,0.0,11225766217.5
2025-07-31 09:20:53 AM,24705.2,1200,29646240.0,11255412457.5
2025-07-31 09:20:53 AM,24703.5,0,0.0,11255412457.5
2025-07-31 09:20:53 AM,24703.3,0,0.0,11255412457.5
2025-07-31 09:20:54 AM,24703.2,0,0.0,11255412457.5
2025-07-31 09:20:54 AM,24708.6,2025,50034915.0,11305447372.5
2025-07-31 09:20:55 AM,24702.7,75,1852702.5,11307300075.0
2025-07-31 09:20:55 AM,24707.1,0,0.0,11307300075.0
2025-07-31 09:20:56 AM,24699.7,0,0.0,11307300075.0
2025-07-31 09:20:56 AM,24699.7,900,22229730.0,11329529805.0
2025-07-31 09:20:56 AM,24700.0,150,3705000.0,11333234805.0
2025-07-31 09:20:57 AM,24701.1,0,0.0,11333234805.0
2025-07-31 09:20:57 AM,24699.9,0,0.0,11333234805.0
2025-07-31 09:20:58 AM,24701.5,750,18526125.0,11351760930.0
2025-07-31 09:20:58 AM,24700.6,150,3705090.0,11355466020.0
2025-07-31 09:20:58 AM,24700.2,0,0.0,11355466020.0
2025-07-31 09:20:58 AM,24698.3,0,0.0,11355466020.0
2025-07-31 09:20:59 AM,24700.0,0,0.0,11355466020.0
2025-07-31 09:21:00 AM,24693.7,825,20372302.5,11375838322.5
2025-07-31 09:21:00 AM,24696.2,75,1852215.0,11377690537.5
2025-07-31 09:21:00 AM,24699.4,0,0.0,11377690537.5
2025-07-31 09:21:00 AM,24700.1,0,0.0,11377690537.5
2025-07-31 09:21:01 AM,24700.0,0,0.0,11377690537.5
2025-07-31 09:21:01 AM,24700.0,8925,220447500.0,11598138037.5
2025-07-31 09:21:01 AM,24703.9,0,0.0,11598138037.5
2025-07-31 09:21:02 AM,24698.2,0,0.0,11598138037.5
2025-07-31 09:21:03 AM,24703.9,975,24086302.5,11622224340.0
2025-07-31 09:21:03 AM,24707.0,225,5559075.0,11627783415.0
2025-07-31 09:21:04 AM,24703.9,0,0.0,11627783415.0
2025-07-31 09:21:05 AM,24703.9,600,14822340.0,11642605755.0
2025-07-31 09:21:06 AM,24703.9,4575,113020342.5,11755626097.5
2025-07-31 09:21:07 AM,24700.0,0,0.0,11755626097.5
2025-07-31 09:21:08 AM,24700.8,2175,53724240.0,11809350337.5
2025-07-31 09:21:08 AM,24700.9,0,0.0,11809350337.5
2025-07-31 09:21:08 AM,24701.8,0,0.0,11809350337.5
2025-07-31 09:21:09 AM,24700.0,0,0.0,11809350337.5
2025-07-31 09:21:10 AM,24700.0,1500,37050000.0,11846400337.5
2025-07-31 09:21:11 AM,24697.6,0,0.0,11846400337.5
2025-07-31 09:21:11 AM,24697.6,5925,146333280.0,11992733617.5
2025-07-31 09:21:11 AM,24690.3,75,1851772.5,11994585390.0
2025-07-31 09:21:12 AM,24697.7,0,0.0,11994585390.0
2025-07-31 09:21:13 AM,24692.8,375,9259800.0,12003845190.0
2025-07-31 09:21:13 AM,24691.8,75,1851885.0,12005697075.0
2025-07-31 09:21:15 AM,24691.8,150,3703770.0,12009400845.0
2025-07-31 09:21:15 AM,24693.3,150,3703995.0,12013104840.0
2025-07-31 09:21:15 AM,24688.5,0,0.0,12013104840.0
2025-07-31 09:21:15 AM,24691.8,0,0.0,12013104840.0
2025-07-31 09:21:16 AM,24691.8,300,7407540.0,12020512380.0
2025-07-31 09:21:16 AM,24698.4,0,0.0,12020512380.0
2025-07-31 09:21:17 AM,24693.9,0,0.0,12020512380.0
2025-07-31 09:21:18 AM,24694.7,525,12964717.5,12033477097.5
2025-07-31 09:21:19 AM,24695.9,0,0.0,12033477097.5
2025-07-31 09:21:20 AM,24700.0,450,11115000.0,12044592097.5
2025-07-31 09:21:21 AM,24696.5,0,0.0,12044592097.5
2025-07-31 09:21:21 AM,24696.5,225,5556712.5,12050148810.0
2025-07-31 09:21:22 AM,24699.0,0,0.0,12050148810.0
2025-07-31 09:21:23 AM,24699.0,75,1852425.0,12052001235.0
2025-07-31 09:21:23 AM,24696.0,75,1852200.0,12053853435.0
2025-07-31 09:21:23 AM,24696.5,0,0.0,12053853435.0
2025-07-31 09:21:24 AM,24700.9,0,0.0,12053853435.0
2025-07-31 09:21:24 AM,24699.0,0,0.0,12053853435.0
2025-07-31 09:21:25 AM,24698.9,750,18524175.0,12072377610.0
2025-07-31 09:21:25 AM,24705.0,525,12970125.0,12085347735.0
2025-07-31 09:21:25 AM,24705.2,0,0.0,12085347735.0
2025-07-31 09:21:26 AM,24704.3,0,0.0,12085347735.0
2025-07-31 09:21:26 AM,24704.3,375,9264112.5,12094611847.5
2025-07-31 09:21:26 AM,24700.0,750,18525000.0,12113136847.5
2025-07-31 09:21:27 AM,24705.0,0,0.0,12113136847.5
2025-07-31 09:21:28 AM,24704.7,825,20381377.5,12133518225.0
2025-07-31 09:21:29 AM,24696.4,0,0.0,12133518225.0
2025-07-31 09:21:30 AM,24696.4,75,1852230.0,12135370455.0
2025-07-31 09:21:30 AM,24695.6,225,5556510.0,12140926965.0
2025-07-31 09:21:30 AM,24701.2,0,0.0,12140926965.0
2025-07-31 09:21:31 AM,24700.0,0,0.0,12140926965.0
2025-07-31 09:21:31 AM,24700.0,675,16672500.0,12157599465.0
2025-07-31 09:21:32 AM,24704.0,0,0.0,12157599465.0
2025-07-31 09:21:33 AM,24705.0,300,7411500.0,12165010965.0
2025-07-31 09:21:33 AM,24705.0,75,1852875.0,12166863840.0
2025-07-31 09:21:33 AM,24704.7,0,0.0,12166863840.0
2025-07-31 09:21:34 AM,24700.1,0,0.0,12166863840.0
2025-07-31 09:21:35 AM,24700.2,600,14820120.0,12181683960.0
2025-07-31 09:21:35 AM,24704.7,0,0.0,12181683960.0
2025-07-31 09:21:36 AM,24700.0,0,0.0,12181683960.0
2025-07-31 09:21:36 AM,24700.0,2175,53722500.0,12235406460.0
2025-07-31 09:21:37 AM,24700.2,0,0.0,12235406460.0
2025-07-31 09:21:38 AM,24704.7,225,5558557.5,12240965017.5
2025-07-31 09:21:39 AM,24702.7,0,0.0,12240965017.5
2025-07-31 09:21:40 AM,24701.6,450,11115720.0,12252080737.5
2025-07-31 09:21:40 AM,24700.9,75,1852567.5,12253933305.0
2025-07-31 09:21:40 AM,24700.3,0,0.0,12253933305.0
2025-07-31 09:21:41 AM,24700.3,1575,38902972.5,12292836277.5
2025-07-31 09:21:42 AM,24703.7,0,0.0,12292836277.5
2025-07-31 09:21:42 AM,24700.3,0,0.0,12292836277.5
2025-07-31 09:21:43 AM,24701.1,600,14820660.0,12307656937.5
2025-07-31 09:21:45 AM,24701.1,75,1852582.5,12309509520.0
2025-07-31 09:21:45 AM,24700.0,0,0.0,12309509520.0
2025-07-31 09:21:46 AM,24705.0,0,0.0,12309509520.0
2025-07-31 09:21:46 AM,24705.0,750,18528750.0,12328038270.0
2025-07-31 09:21:47 AM,24703.5,0,0.0,12328038270.0
2025-07-31 09:21:48 AM,24703.5,675,16674862.5,12344713132.5
2025-07-31 09:21:48 AM,24707.0,75,1853025.0,12346566157.5
2025-07-31 09:21:48 AM,24705.0,0,0.0,12346566157.5
2025-07-31 09:21:50 AM,24705.0,150,3705750.0,12350271907.5
2025-07-31 09:21:50 AM,24707.0,0,0.0,12350271907.5
2025-07-31 09:21:51 AM,24705.0,0,0.0,12350271907.5
2025-07-31 09:21:51 AM,24705.0,2400,59292000.0,12409563907.5
2025-07-31 09:21:52 AM,24707.0,0,0.0,12409563907.5
2025-07-31 09:21:52 AM,24703.6,0,0.0,12409563907.5
2025-07-31 09:21:53 AM,24706.0,375,9264750.0,12418828657.5
2025-07-31 09:21:53 AM,24708.0,0,0.0,12418828657.5
2025-07-31 09:21:54 AM,24703.8,0,0.0,12418828657.5
2025-07-31 09:21:55 AM,24703.8,675,16675065.0,12435503722.5
2025-07-31 09:21:56 AM,24707.0,0,0.0,12435503722.5
2025-07-31 09:21:56 AM,24703.0,0,0.0,12435503722.5
2025-07-31 09:21:56 AM,24700.0,0,0.0,12435503722.5
2025-07-31 09:21:56 AM,24700.0,1875,46312500.0,12481816222.5
2025-07-31 09:21:57 AM,24700.7,0,0.0,12481816222.5
2025-07-31 09:21:58 AM,24700.2,300,7410060.0,12489226282.5
2025-07-31 09:21:58 AM,24702.9,75,1852717.5,12491079000.0
2025-07-31 09:21:58 AM,24700.9,0,0.0,12491079000.0
2025-07-31 09:22:00 AM,24700.9,150,3705135.0,12494784135.0
2025-07-31 09:22:00 AM,24700.1,225,5557522.5,12500341657.5
2025-07-31 09:22:01 AM,24702.8,0,0.0,12500341657.5
2025-07-31 09:22:01 AM,24702.8,525,12968970.0,12513310627.5
2025-07-31 09:22:02 AM,24700.0,0,0.0,12513310627.5
2025-07-31 09:22:03 AM,24701.2,300,7410360.0,12520720987.5
2025-07-31 09:22:04 AM,24698.9,0,0.0,12520720987.5
2025-07-31 09:22:04 AM,24701.5,0,0.0,12520720987.5
2025-07-31 09:22:05 AM,24700.5,300,7410150.0,12528131137.5
2025-07-31 09:22:05 AM,24701.1,75,1852582.5,12529983720.0
2025-07-31 09:22:05 AM,24698.9,0,0.0,12529983720.0
2025-07-31 09:22:06 AM,24699.6,300,7409880.0,12537393600.0
2025-07-31 09:22:07 AM,24697.2,0,0.0,12537393600.0
2025-07-31 09:22:08 AM,24695.0,600,14817000.0,12552210600.0
2025-07-31 09:22:09 AM,24699.5,0,0.0,12552210600.0
2025-07-31 09:22:10 AM,24699.2,825,20376840.0,12572587440.0
2025-07-31 09:22:10 AM,24693.5,0,0.0,12572587440.0
2025-07-31 09:22:11 AM,24692.3,825,20371147.5,12592958587.5
2025-07-31 09:22:11 AM,24691.1,0,0.0,12592958587.5
2025-07-31 09:22:11 AM,24691.1,75,1851832.5,12594810420.0
2025-07-31 09:22:11 AM,24688.6,0,0.0,12594810420.0
2025-07-31 09:22:12 AM,24686.9,0,0.0,12594810420.0
2025-07-31 09:22:13 AM,24683.8,1725,42579555.0,12637389975.0
2025-07-31 09:22:13 AM,24684.1,0,0.0,12637389975.0
2025-07-31 09:22:14 AM,24678.0,0,0.0,12637389975.0
2025-07-31 09:22:14 AM,24681.0,0,0.0,12637389975.0
2025-07-31 09:22:15 AM,24683.7,600,14810220.0,12652200195.0
2025-07-31 09:22:15 AM,24677.8,75,1850835.0,12654051030.0
2025-07-31 09:22:15 AM,24677.0,0,0.0,12654051030.0
2025-07-31 09:22:16 AM,24684.7,0,0.0,12654051030.0
2025-07-31 09:22:16 AM,24684.7,1275,31472992.5,12685524022.5
2025-07-31 09:22:17 AM,24685.3,0,0.0,12685524022.5
2025-07-31 09:22:17 AM,24684.7,0,0.0,12685524022.5
2025-07-31 09:22:18 AM,24683.0,375,9256125.0,12694780147.5
2025-07-31 09:22:18 AM,24687.2,225,5554620.0,12700334767.5
2025-07-31 09:22:19 AM,24683.7,0,0.0,12700334767.5
2025-07-31 09:22:20 AM,24684.9,150,3702735.0,12704037502.5
2025-07-31 09:22:20 AM,24685.3,0,0.0,12704037502.5
2025-07-31 09:22:21 AM,24685.3,450,11108385.0,12715145887.5
2025-07-31 09:22:22 AM,24683.6,0,0.0,12715145887.5
2025-07-31 09:22:22 AM,24684.7,0,0.0,12715145887.5
2025-07-31 09:22:23 AM,24684.0,900,22215600.0,12737361487.5
2025-07-31 09:22:24 AM,24680.2,0,0.0,12737361487.5
2025-07-31 09:22:25 AM,24680.2,150,3702030.0,12741063517.5
2025-07-31 09:22:26 AM,24686.1,0,0.0,12741063517.5
2025-07-31 09:22:26 AM,24686.1,75,1851457.5,12742914975.0
2025-07-31 09:22:26 AM,24686.1,75,1851457.5,12744766432.5
2025-07-31 09:22:27 AM,24684.0,0,0.0,12744766432.5
2025-07-31 09:22:28 AM,24683.8,450,11107710.0,12755874142.5
2025-07-31 09:22:29 AM,24687.0,0,0.0,12755874142.5
2025-07-31 09:22:30 AM,24687.0,375,9257625.0,12765131767.5
2025-07-31 09:22:31 AM,24688.0,0,0.0,12765131767.5
2025-07-31 09:22:31 AM,24688.0,75,1851600.0,12766983367.5
2025-07-31 09:22:33 AM,24690.0,0,0.0,12766983367.5
2025-07-31 09:22:33 AM,24690.0,450,11110500.0,12778093867.5
2025-07-31 09:22:33 AM,24689.0,0,0.0,12778093867.5
2025-07-31 09:22:33 AM,24688.3,0,0.0,12778093867.5
2025-07-31 09:22:34 AM,24692.6,0,0.0,12778093867.5
2025-07-31 09:22:35 AM,24692.6,1050,25927230.0,12804021097.5
2025-07-31 09:22:35 AM,24685.1,450,11108295.0,12815129392.5
2025-07-31 09:22:35 AM,24692.7,0,0.0,12815129392.5
2025-07-31 09:22:36 AM,24682.6,0,0.0,12815129392.5
2025-07-31 09:22:36 AM,24682.6,225,5553585.0,12820682977.5
2025-07-31 09:22:37 AM,24683.4,0,0.0,12820682977.5
2025-07-31 09:22:38 AM,24683.4,150,3702510.0,12824385487.5
2025-07-31 09:22:38 AM,24685.6,0,0.0,12824385487.5
2025-07-31 09:22:39 AM,24686.7,0,0.0,12824385487.5
2025-07-31 09:22:40 AM,24692.6,600,14815560.0,12839201047.5
2025-07-31 09:22:41 AM,24695.0,0,0.0,12839201047.5
2025-07-31 09:22:41 AM,24695.0,75,1852125.0,12841053172.5
2025-07-31 09:22:43 AM,24691.2,0,0.0,12841053172.5
2025-07-31 09:22:43 AM,24691.2,75,1851840.0,12842905012.5
2025-07-31 09:22:43 AM,24691.1,0,0.0,12842905012.5
2025-07-31 09:22:44 AM,24695.0,0,0.0,12842905012.5
2025-07-31 09:22:45 AM,24695.0,1050,25929750.0,12868834762.5
2025-07-31 09:22:45 AM,24695.1,0,0.0,12868834762.5
2025-07-31 09:22:46 AM,24699.2,825,20376840.0,12889211602.5
2025-07-31 09:22:48 AM,24693.6,1875,46300500.0,12935512102.5
2025-07-31 09:22:49 AM,24697.0,0,0.0,12935512102.5
2025-07-31 09:22:50 AM,24697.0,300,7409100.0,12942921202.5
2025-07-31 09:22:50 AM,24700.0,0,0.0,12942921202.5
2025-07-31 09:22:50 AM,24697.0,0,0.0,12942921202.5
2025-07-31 09:22:51 AM,24697.0,1725,42602325.0,12985523527.5
2025-07-31 09:22:51 AM,24702.4,600,14821440.0,13000344967.5
2025-07-31 09:22:53 AM,24702.4,150,3705360.0,13004050327.5
2025-07-31 09:22:54 AM,24700.0,0,0.0,13004050327.5
2025-07-31 09:22:54 AM,24698.5,0,0.0,13004050327.5
2025-07-31 09:22:55 AM,24698.5,225,5557162.5,13009607490.0
2025-07-31 09:22:56 AM,24700.6,0,0.0,13009607490.0
2025-07-31 09:22:56 AM,24700.6,75,1852545.0,13011460035.0
2025-07-31 09:22:57 AM,24698.5,0,0.0,13011460035.0
2025-07-31 09:22:57 AM,24704.0,0,0.0,13011460035.0
2025-07-31 09:22:58 AM,24704.0,300,7411200.0,13018871235.0
2025-07-31 09:23:00 AM,24704.0,75,1852800.0,13020724035.0
2025-07-31 09:23:02 AM,24700.6,0,0.0,13020724035.0
2025-07-31 09:23:02 AM,24704.0,0,0.0,13020724035.0
2025-07-31 09:23:03 AM,24704.0,1875,46320000.0,13067044035.0
2025-07-31 09:23:03 AM,24701.2,0,0.0,13067044035.0
2025-07-31 09:23:04 AM,24704.0,0,0.0,13067044035.0
2025-07-31 09:23:05 AM,24704.0,150,3705600.0,13070749635.0
2025-07-31 09:23:06 AM,24704.9,150,3705735.0,13074455370.0
2025-07-31 09:23:07 AM,24708.6,0,0.0,13074455370.0
2025-07-31 09:23:07 AM,24707.5,0,0.0,13074455370.0
2025-07-31 09:23:08 AM,24709.0,1650,40769850.0,13115225220.0
2025-07-31 09:23:08 AM,24709.1,75,1853182.5,13117078402.5
2025-07-31 09:23:09 AM,24708.6,0,0.0,13117078402.5
2025-07-31 09:23:10 AM,24708.6,75,1853145.0,13118931547.5
2025-07-31 09:23:11 AM,24707.0,0,0.0,13118931547.5
2025-07-31 09:23:11 AM,24715.0,3750,92681250.0,13211612797.5
2025-07-31 09:23:11 AM,24715.0,75,1853625.0,13213466422.5
2025-07-31 09:23:13 AM,24711.3,225,5560042.5,13219026465.0
2025-07-31 09:23:14 AM,24713.0,0,0.0,13219026465.0
2025-07-31 09:23:15 AM,24715.0,225,5560875.0,13224587340.0
2025-07-31 09:23:15 AM,24715.0,975,24097125.0,13248684465.0
2025-07-31 09:23:15 AM,24717.0,0,0.0,13248684465.0
2025-07-31 09:23:16 AM,24718.0,2100,51907800.0,13300592265.0
2025-07-31 09:23:18 AM,24715.0,0,0.0,13300592265.0
2025-07-31 09:23:18 AM,24715.0,75,1853625.0,13302445890.0
2025-07-31 09:23:19 AM,24707.3,0,0.0,13302445890.0
2025-07-31 09:23:20 AM,24713.9,750,18535425.0,13320981315.0
2025-07-31 09:23:20 AM,24707.0,0,0.0,13320981315.0
2025-07-31 09:23:21 AM,24707.0,75,1853025.0,13322834340.0
2025-07-31 09:23:22 AM,24705.0,0,0.0,13322834340.0
2025-07-31 09:23:22 AM,24708.4,0,0.0,13322834340.0
2025-07-31 09:23:22 AM,24709.7,0,0.0,13322834340.0
2025-07-31 09:23:23 AM,24711.0,900,22239900.0,13345074240.0
2025-07-31 09:23:25 AM,24708.9,0,0.0,13345074240.0
2025-07-31 09:23:25 AM,24703.6,0,0.0,13345074240.0
2025-07-31 09:23:26 AM,24702.4,0,0.0,13345074240.0
2025-07-31 09:23:26 AM,24702.4,675,16674120.000000002,13361748360.0
2025-07-31 09:23:28 AM,24702.4,525,12968760.0,13374717120.0
2025-07-31 09:23:28 AM,24705.0,0,0.0,13374717120.0
2025-07-31 09:23:28 AM,24707.5,0,0.0,13374717120.0
2025-07-31 09:23:29 AM,24705.0,0,0.0,13374717120.0
2025-07-31 09:23:30 AM,24705.0,975,24087375.0,13398804495.0
2025-07-31 09:23:30 AM,24707.5,0,0.0,13398804495.0
2025-07-31 09:23:31 AM,24707.5,225,5559187.5,13404363682.5
2025-07-31 09:23:32 AM,24707.0,0,0.0,13404363682.5
2025-07-31 09:23:33 AM,24707.0,150,3706050.0,13408069732.5
2025-07-31 09:23:33 AM,24710.0,0,0.0,13408069732.5
2025-07-31 09:23:34 AM,24710.8,0,0.0,13408069732.5
2025-07-31 09:23:34 AM,24707.0,0,0.0,13408069732.5
2025-07-31 09:23:35 AM,24707.0,375,9265125.0,13417334857.5
2025-07-31 09:23:37 AM,24709.7,0,0.0,13417334857.5
2025-07-31 09:23:38 AM,24709.7,75,1853227.5,13419188085.0
2025-07-31 09:23:38 AM,24708.9,0,0.0,13419188085.0
2025-07-31 09:23:39 AM,24705.0,0,0.0,13419188085.0
2025-07-31 09:23:40 AM,24705.0,600,14823000.0,13434011085.0
2025-07-31 09:23:41 AM,24707.0,150,3706050.0,13437717135.0
2025-07-31 09:23:44 AM,24701.3,0,0.0,13437717135.0
2025-07-31 09:23:44 AM,24700.0,0,0.0,13437717135.0
2025-07-31 09:23:45 AM,24700.0,225,5557500.0,13443274635.0
2025-07-31 09:23:46 AM,24703.8,0,0.0,13443274635.0
2025-07-31 09:23:46 AM,24703.8,375,9263925.0,13452538560.0
2025-07-31 09:23:46 AM,24700.0,75,1852500.0,13454391060.0
2025-07-31 09:23:47 AM,24700.5,0,0.0,13454391060.0
2025-07-31 09:23:48 AM,24700.5,450,11115225.0,13465506285.0
2025-07-31 09:23:48 AM,24700.6,0,0.0,13465506285.0
2025-07-31 09:23:49 AM,24700.8,0,0.0,13465506285.0
2025-07-31 09:23:50 AM,24700.6,300,7410180.0,13472916465.0
2025-07-31 09:23:50 AM,24702.4,0,0.0,13472916465.0
2025-07-31 09:23:51 AM,24702.4,75,1852680.0,13474769145.0
2025-07-31 09:23:52 AM,24705.0,0,0.0,13474769145.0
2025-07-31 09:23:52 AM,24703.1,0,0.0,13474769145.0
2025-07-31 09:23:53 AM,24703.1,900,22232790.0,13497001935.0
2025-07-31 09:23:54 AM,24697.9,0,0.0,13497001935.0
2025-07-31 09:23:54 AM,24697.0,0,0.0,13497001935.0
2025-07-31 09:23:55 AM,24696.4,450,11113380.0,13508115315.0
2025-07-31 09:23:55 AM,24699.5,75,1852462.5,13509967777.5
2025-07-31 09:23:56 AM,24701.8,0,0.0,13509967777.5
2025-07-31 09:23:56 AM,24701.8,225,5557905.0,13515525682.5
2025-07-31 09:23:57 AM,24699.5,0,0.0,13515525682.5
2025-07-31 09:23:58 AM,24700.8,375,9262800.0,13524788482.5
2025-07-31 09:23:58 AM,24695.0,0,0.0,13524788482.5
2025-07-31 09:23:59 AM,24697.0,0,0.0,13524788482.5
2025-07-31 09:24:00 AM,24697.0,300,7409100.0,13532197582.5
2025-07-31 09:24:00 AM,24697.1,0,0.0,13532197582.5
2025-07-31 09:24:01 AM,24697.1,300,7409130.0,13539606712.5
2025-07-31 09:24:02 AM,24698.9,0,0.0,13539606712.5
2025-07-31 09:24:03 AM,24697.1,225,5556847.5,13545163560.0
2025-07-31 09:24:03 AM,24697.0,0,0.0,13545163560.0
2025-07-31 09:24:04 AM,24695.0,0,0.0,13545163560.0
2025-07-31 09:24:05 AM,24695.0,450,11112750.0,13556276310.0
2025-07-31 09:24:05 AM,24700.0,0,0.0,13556276310.0
2025-07-31 09:24:06 AM,24700.8,0,0.0,13556276310.0
2025-07-31 09:24:06 AM,24700.8,600,14820480.0,13571096790.0
2025-07-31 09:24:07 AM,24700.8,75,1852560.0,13572949350.0
2025-07-31 09:24:07 AM,24695.0,0,0.0,13572949350.0
2025-07-31 09:24:08 AM,24695.0,300,7408500.0,13580357850.0
2025-07-31 09:24:10 AM,24700.0,300,7410000.0,13587767850.0
2025-07-31 09:24:11 AM,24702.0,0,0.0,13587767850.0
2025-07-31 09:24:11 AM,24702.0,1050,25937100.0,13613704950.0
2025-07-31 09:24:12 AM,24700.0,0,0.0,13613704950.0
2025-07-31 09:24:13 AM,24702.5,1050,25937625.0,13639642575.0
2025-07-31 09:24:14 AM,24700.0,0,0.0,13639642575.0
2025-07-31 09:24:15 AM,24700.0,375,9262500.0,13648905075.0
2025-07-31 09:24:15 AM,24699.3,0,0.0,13648905075.0
2025-07-31 09:24:15 AM,24700.1,0,0.0,13648905075.0
2025-07-31 09:24:16 AM,24702.0,0,0.0,13648905075.0
2025-07-31 09:24:16 AM,24702.0,375,9263250.0,13658168325.0
2025-07-31 09:24:18 AM,24700.2,1050,25935210.0,13684103535.0
2025-07-31 09:24:20 AM,24700.2,75,1852515.0,13685956050.0
2025-07-31 09:24:21 AM,24702.0,0,0.0,13685956050.0
2025-07-31 09:24:21 AM,24700.0,525,12967500.0,13698923550.0
2025-07-31 09:24:22 AM,24701.7,0,0.0,13698923550.0
2025-07-31 09:24:22 AM,24700.3,0,0.0,13698923550.0
2025-07-31 09:24:23 AM,24700.7,1350,33345945.0,13732269495.0
2025-07-31 09:24:23 AM,24700.8,300,7410240.0,13739679735.0
2025-07-31 09:24:24 AM,24700.2,0,0.0,13739679735.0
2025-07-31 09:24:24 AM,24705.0,0,0.0,13739679735.0
2025-07-31 09:24:25 AM,24705.0,675,16675875.0,13756355610.0
2025-07-31 09:24:25 AM,24700.5,0,0.0,13756355610.0
2025-07-31 09:24:26 AM,24700.0,0,0.0,13756355610.0
2025-07-31 09:24:26 AM,24700.0,225,5557500.0,13761913110.0
2025-07-31 09:24:27 AM,24700.0,75,1852500.0,13763765610.0
2025-07-31 09:24:28 AM,24695.0,300,7408500.0,13771174110.0
2025-07-31 09:24:28 AM,24695.0,75,1852125.0,13773026235.0
2025-07-31 09:24:29 AM,24698.3,0,0.0,13773026235.0
2025-07-31 09:24:29 AM,24695.0,0,0.0,13773026235.0
2025-07-31 09:24:29 AM,24697.8,0,0.0,13773026235.0
2025-07-31 09:24:29 AM,24695.0,0,0.0,13773026235.0
2025-07-31 09:24:30 AM,24695.0,525,12964875.0,13785991110.0
2025-07-31 09:24:31 AM,24695.0,75,1852125.0,13787843235.0
2025-07-31 09:24:32 AM,24694.6,0,0.0,13787843235.0
2025-07-31 09:24:32 AM,24694.1,0,0.0,13787843235.0
2025-07-31 09:24:33 AM,24690.0,1050,25924500.0,13813767735.0
2025-07-31 09:24:34 AM,24689.1,0,0.0,13813767735.0
2025-07-31 09:24:35 AM,24689.1,225,5555047.5,13819322782.5
2025-07-31 09:24:35 AM,24694.1,0,0.0,13819322782.5
2025-07-31 09:24:36 AM,24693.6,0,0.0,13819322782.5
2025-07-31 09:24:36 AM,24695.4,1200,29634480.0,13848957262.5
2025-07-31 09:24:38 AM,24695.4,150,3704310.0,13852661572.5
2025-07-31 09:24:39 AM,24699.0,0,0.0,13852661572.5
2025-07-31 09:24:39 AM,24699.8,0,0.0,13852661572.5
2025-07-31 09:24:40 AM,24699.8,675,16672365.0,13869333937.5
2025-07-31 09:24:40 AM,24697.7,0,0.0,13869333937.5
2025-07-31 09:24:41 AM,24697.7,225,5556982.5,13874890920.0
2025-07-31 09:24:42 AM,24695.8,0,0.0,13874890920.0
2025-07-31 09:24:42 AM,24696.1,0,0.0,13874890920.0
2025-07-31 09:24:43 AM,24696.2,825,20374365.0,13895265285.0
2025-07-31 09:24:44 AM,24696.1,0,0.0,13895265285.0
2025-07-31 09:24:45 AM,24696.1,75,1852207.5,13897117492.5
2025-07-31 09:24:45 AM,24699.0,0,0.0,13897117492.5
2025-07-31 09:24:46 AM,24697.5,0,0.0,13897117492.5
2025-07-31 09:24:46 AM,24697.5,300,7409250.0,13904526742.5
2025-07-31 09:24:47 AM,24700.0,0,0.0,13904526742.5
2025-07-31 09:24:48 AM,24697.1,0,0.0,13904526742.5
2025-07-31 09:24:48 AM,24698.4,450,11114280.0,13915641022.5
2025-07-31 09:24:48 AM,24698.5,300,7409550.0,13923050572.5
2025-07-31 09:24:49 AM,24700.3,0,0.0,13923050572.5
2025-07-31 09:24:50 AM,24700.3,3450,85216035.0,14008266607.5
2025-07-31 09:24:50 AM,24705.0,0,0.0,14008266607.5
2025-07-31 09:24:50 AM,24704.6,0,0.0,14008266607.5
2025-07-31 09:24:51 AM,24705.7,0,0.0,14008266607.5
2025-07-31 09:24:51 AM,24707.0,0,0.0,14008266607.5
2025-07-31 09:24:51 AM,24707.0,825,20383275.0,14028649882.5
2025-07-31 09:24:52 AM,24706.7,150,3706005.0,14032355887.5
2025-07-31 09:24:52 AM,24706.2,0,0.0,14032355887.5
2025-07-31 09:24:53 AM,24706.2,300,7411860.0,14039767747.5
2025-07-31 09:24:53 AM,24706.8,0,0.0,14039767747.5
2025-07-31 09:24:54 AM,24709.0,0,0.0,14039767747.5
2025-07-31 09:24:55 AM,24709.0,1350,33357150.0,14073124897.5
2025-07-31 09:24:55 AM,24708.1,450,11118645.0,14084243542.5
2025-07-31 09:24:55 AM,24708.0,0,0.0,14084243542.5
2025-07-31 09:24:56 AM,24709.3,0,0.0,14084243542.5
2025-07-31 09:24:56 AM,24709.3,150,3706395.0,14087949937.5
2025-07-31 09:24:57 AM,24707.0,0,0.0,14087949937.5
2025-07-31 09:24:58 AM,24707.0,1125,27795375.0,14115745312.5
2025-07-31 09:24:59 AM,24705.6,0,0.0,14115745312.5
2025-07-31 09:24:59 AM,24709.4,0,0.0,14115745312.5
2025-07-31 09:25:00 AM,24709.4,150,3706410.0,14119451722.5
2025-07-31 09:25:02 AM,24705.0,0,0.0,14119451722.5
2025-07-31 09:25:03 AM,24705.0,225,5558625.0,14125010347.5
2025-07-31 09:25:03 AM,24705.0,150,3705750.0,14128716097.5
2025-07-31 09:25:04 AM,24709.4,0,0.0,14128716097.5
2025-07-31 09:25:05 AM,24709.4,750,18532050.0,14147248147.5
2025-07-31 09:25:06 AM,24710.0,0,0.0,14147248147.5
2025-07-31 09:25:06 AM,24710.0,375,9266250.0,14156514397.5
2025-07-31 09:25:07 AM,24709.4,0,0.0,14156514397.5
2025-07-31 09:25:07 AM,24710.0,0,0.0,14156514397.5
2025-07-31 09:25:08 AM,24709.4,300,7412820.0,14163927217.5
2025-07-31 09:25:10 AM,24703.5,0,0.0,14163927217.5
2025-07-31 09:25:10 AM,24703.5,75,1852762.5,14165779980.0
2025-07-31 09:25:14 AM,24705.0,0,0.0,14165779980.0
2025-07-31 09:25:15 AM,24707.7,0,0.0,14165779980.0
2025-07-31 09:25:15 AM,24706.1,300,7411830.0,14173191810.0
2025-07-31 09:25:15 AM,24700.0,0,0.0,14173191810.0
2025-07-31 09:25:16 AM,24700.0,1125,27787500.0,14200979310.0
2025-07-31 09:25:16 AM,24704.6,0,0.0,14200979310.0
2025-07-31 09:25:17 AM,24703.5,225,5558287.5,14206537597.5
2025-07-31 09:25:17 AM,24700.0,0,0.0,14206537597.5
2025-07-31 09:25:18 AM,24700.0,525,12967500.0,14219505097.5
2025-07-31 09:25:18 AM,24700.0,450,11115000.0,14230620097.5
2025-07-31 09:25:19 AM,24699.1,0,0.0,14230620097.5
2025-07-31 09:25:20 AM,24699.1,300,7409730.0,14238029827.5
2025-07-31 09:25:23 AM,24690.3,0,0.0,14238029827.5
2025-07-31 09:25:23 AM,24690.3,900,22221270.0,14260251097.5
2025-07-31 09:25:23 AM,24691.2,225,5555520.0,14265806617.5
2025-07-31 09:25:24 AM,24690.0,0,0.0,14265806617.5
2025-07-31 09:25:24 AM,24685.0,0,0.0,14265806617.5
2025-07-31 09:25:25 AM,24687.0,1500,37030500.0,14302837117.5
2025-07-31 09:25:26 AM,24686.5,300,7405950.0,14310243067.5
2025-07-31 09:25:27 AM,24690.0,0,0.0,14310243067.5
2025-07-31 09:25:27 AM,24690.0,75,1851750.0,14312094817.5
2025-07-31 09:25:28 AM,24690.0,75,1851750.0,14313946567.5
2025-07-31 09:25:28 AM,24694.7,75,1852102.5,14315798670.0
2025-07-31 09:25:29 AM,24693.6,0,0.0,14315798670.0
2025-07-31 09:25:30 AM,24686.5,0,0.0,14315798670.0
2025-07-31 09:25:30 AM,24686.5,675,16663387.5,14332462057.5
2025-07-31 09:25:30 AM,24686.5,75,1851487.5,14334313545.0
2025-07-31 09:25:30 AM,24685.8,0,0.0,14334313545.0
2025-07-31 09:25:31 AM,24684.8,225,5554080.0,14339867625.0
2025-07-31 09:25:33 AM,24691.7,0,0.0,14339867625.0
2025-07-31 09:25:33 AM,24685.0,300,7405500.0,14347273125.0
2025-07-31 09:25:33 AM,24684.5,75,1851337.5,14349124462.5
2025-07-31 09:25:34 AM,24687.0,0,0.0,14349124462.5
2025-07-31 09:25:35 AM,24690.3,300,7407090.0,14356531552.5
2025-07-31 09:25:35 AM,24690.0,0,0.0,14356531552.5
2025-07-31 09:25:36 AM,24690.0,825,20369250.0,14376900802.5
2025-07-31 09:25:37 AM,24689.7,0,0.0,14376900802.5
2025-07-31 09:25:37 AM,24689.7,75,1851727.5,14378752530.0
2025-07-31 09:25:39 AM,24688.3,0,0.0,14378752530.0
2025-07-31 09:25:40 AM,24687.9,450,11109555.0,14389862085.0
2025-07-31 09:25:40 AM,24687.9,75,1851592.5,14391713677.5
2025-07-31 09:25:40 AM,24687.7,0,0.0,14391713677.5
2025-07-31 09:25:41 AM,24683.3,300,7404990.0,14399118667.5
2025-07-31 09:25:42 AM,24687.2,225,5554620.0,14404673287.5
2025-07-31 09:25:42 AM,24681.4,0,0.0,14404673287.5
2025-07-31 09:25:43 AM,24684.6,1350,33324209.999999996,14437997497.5
2025-07-31 09:25:43 AM,24681.3,225,5553292.5,14443550790.0
2025-07-31 09:25:44 AM,24686.8,0,0.0,14443550790.0
2025-07-31 09:25:44 AM,24687.6,0,0.0,14443550790.0
2025-07-31 09:25:45 AM,24681.3,225,5553292.5,14449104082.5
2025-07-31 09:25:45 AM,24687.3,75,1851547.5,14450955630.0
2025-07-31 09:25:45 AM,24687.0,0,0.0,14450955630.0
2025-07-31 09:25:46 AM,24687.0,75,1851525.0,14452807155.0
2025-07-31 09:25:46 AM,24687.6,0,0.0,14452807155.0
2025-07-31 09:25:47 AM,24687.1,150,3703065.0,14456510220.0
2025-07-31 09:25:47 AM,24682.7,0,0.0,14456510220.0
2025-07-31 09:25:48 AM,24687.1,0,0.0,14456510220.0
2025-07-31 09:25:48 AM,24684.4,1650,40729260.0,14497239480.0
2025-07-31 09:25:48 AM,24683.9,375,9256462.5,14506495942.5
2025-07-31 09:25:49 AM,24687.4,0,0.0,14506495942.5
2025-07-31 09:25:50 AM,24687.6,225,5554710.0,14512050652.5
2025-07-31 09:25:50 AM,24687.6,75,1851570.0,14513902222.5
2025-07-31 09:25:51 AM,24687.0,450,11109150.0,14525011372.5
2025-07-31 09:25:51 AM,24687.6,0,0.0,14525011372.5
2025-07-31 09:25:52 AM,24689.7,300,7406910.0,14532418282.5
2025-07-31 09:25:52 AM,24690.0,0,0.0,14532418282.5
2025-07-31 09:25:53 AM,24694.9,0,0.0,14532418282.5
2025-07-31 09:25:53 AM,24694.9,375,9260587.5,14541678870.0
2025-07-31 09:25:54 AM,24689.7,0,0.0,14541678870.0
2025-07-31 09:25:55 AM,24692.4,300,7407720.0,14549086590.0
2025-07-31 09:25:55 AM,24694.9,0,0.0,14549086590.0
2025-07-31 09:25:56 AM,24689.7,375,9258637.5,14558345227.5
2025-07-31 09:25:56 AM,24690.0,0,0.0,14558345227.5
2025-07-31 09:25:57 AM,24691.6,150,3703740.0,14562048967.5
2025-07-31 09:25:58 AM,24686.6,225,5554485.0,14567603452.5
2025-07-31 09:25:58 AM,24691.6,150,3703740.0,14571307192.5
2025-07-31 09:26:00 AM,24683.1,150,3702465.0,14575009657.5
2025-07-31 09:26:00 AM,24689.5,75,1851712.5,14576861370.0
2025-07-31 09:26:00 AM,24684.3,0,0.0,14576861370.0
2025-07-31 09:26:01 AM,24689.5,0,0.0,14576861370.0
2025-07-31 09:26:01 AM,24689.5,150,3703425.0,14580564795.0
2025-07-31 09:26:02 AM,24689.5,75,1851712.5,14582416507.5
2025-07-31 09:26:04 AM,24690.0,0,0.0,14582416507.5
2025-07-31 09:26:04 AM,24685.0,0,0.0,14582416507.5
2025-07-31 09:26:05 AM,24685.0,150,3702750.0,14586119257.5
2025-07-31 09:26:05 AM,24687.0,75,1851525.0,14587970782.5
2025-07-31 09:26:06 AM,24685.0,0,0.0,14587970782.5
2025-07-31 09:26:06 AM,24685.0,300,7405500.0,14595376282.5
2025-07-31 09:26:08 AM,24686.4,0,0.0,14595376282.5
2025-07-31 09:26:08 AM,24686.4,750,18514800.0,14613891082.5
2025-07-31 09:26:09 AM,24690.0,0,0.0,14613891082.5
2025-07-31 09:26:09 AM,24689.9,0,0.0,14613891082.5
2025-07-31 09:26:10 AM,24688.6,225,5554935.0,14619446017.5
2025-07-31 09:26:10 AM,24689.1,0,0.0,14619446017.5
2025-07-31 09:26:10 AM,24688.8,0,0.0,14619446017.5
2025-07-31 09:26:11 AM,24683.0,900,22214700.0,14641660717.5
2025-07-31 09:26:12 AM,24688.0,0,0.0,14641660717.5
2025-07-31 09:26:12 AM,24687.9,0,0.0,14641660717.5
2025-07-31 09:26:12 AM,24687.9,150,3703185.0,14645363902.5
2025-07-31 09:26:12 AM,24688.0,0,0.0,14645363902.5
2025-07-31 09:26:13 AM,24682.0,150,3702300.0,14649066202.5
2025-07-31 09:26:13 AM,24687.3,150,3703095.0,14652769297.5
2025-07-31 09:26:14 AM,24682.1,0,0.0,14652769297.5
2025-07-31 09:26:15 AM,24682.1,225,5553472.5,14658322770.0
2025-07-31 09:26:15 AM,24681.2,525,12957630.0,14671280400.0
2025-07-31 09:26:16 AM,24682.0,0,0.0,14671280400.0
2025-07-31 09:26:16 AM,24682.0,150,3702300.0,14674982700.0
2025-07-31 09:26:16 AM,24685.0,0,0.0,14674982700.0
2025-07-31 09:26:17 AM,24685.2,150,3702780.0,14678685480.0
2025-07-31 09:26:18 AM,24685.2,75,1851390.0,14680536870.0
2025-07-31 09:26:18 AM,24686.1,75,1851457.5,14682388327.5
2025-07-31 09:26:19 AM,24681.2,0,0.0,14682388327.5
2025-07-31 09:26:20 AM,24681.2,525,12957630.0,14695345957.5
2025-07-31 09:26:20 AM,24687.1,75,1851532.5,14697197490.0
2025-07-31 09:26:21 AM,24687.0,75,1851525.0,14699049015.0
2025-07-31 09:26:22 AM,24687.0,750,18515250.0,14717564265.0
2025-07-31 09:26:22 AM,24685.3,0,0.0,14717564265.0
2025-07-31 09:26:23 AM,24685.8,225,5554305.0,14723118570.0
2025-07-31 09:26:23 AM,24685.5,150,3702825.0,14726821395.0
2025-07-31 09:26:24 AM,24681.2,0,0.0,14726821395.0
2025-07-31 09:26:25 AM,24685.5,450,11108475.0,14737929870.0
2025-07-31 09:26:25 AM,24685.7,0,0.0,14737929870.0
2025-07-31 09:26:26 AM,24685.7,150,3702855.0,14741632725.0
2025-07-31 09:26:26 AM,24685.2,0,0.0,14741632725.0
2025-07-31 09:26:26 AM,24684.6,0,0.0,14741632725.0
2025-07-31 09:26:27 AM,24684.6,150,3702690.0,14745335415.0
2025-07-31 09:26:27 AM,24681.2,0,0.0,14745335415.0
2025-07-31 09:26:27 AM,24684.0,0,0.0,14745335415.0
2025-07-31 09:26:28 AM,24682.0,1125,27767250.0,14773102665.0
2025-07-31 09:26:28 AM,24684.6,0,0.0,14773102665.0
2025-07-31 09:26:28 AM,24684.6,75,1851345.0,14774954010.0
2025-07-31 09:26:28 AM,24687.0,0,0.0,14774954010.0
2025-07-31 09:26:30 AM,24687.5,225,5554687.5,14780508697.5
2025-07-31 09:26:30 AM,24687.9,75,1851592.5,14782360290.0
2025-07-31 09:26:31 AM,24691.0,300,7407300.0,14789767590.0
2025-07-31 09:26:32 AM,24686.6,150,3702990.0,14793470580.0
2025-07-31 09:26:33 AM,24684.8,225,5554080.0,14799024660.0
2025-07-31 09:26:33 AM,24685.8,0,0.0,14799024660.0
2025-07-31 09:26:33 AM,24685.8,300,7405740.0,14806430400.0
2025-07-31 09:26:34 AM,24692.0,0,0.0,14806430400.0
2025-07-31 09:26:35 AM,24692.0,900,22222800.0,14828653200.0
2025-07-31 09:26:35 AM,24689.2,525,12961830.0,14841615030.0
2025-07-31 09:26:37 AM,24689.9,0,0.0,14841615030.0
2025-07-31 09:26:37 AM,24688.6,0,0.0,14841615030.0
2025-07-31 09:26:38 AM,24688.5,975,24071287.5,14865686317.5
2025-07-31 09:26:39 AM,24689.4,0,0.0,14865686317.5
2025-07-31 09:26:40 AM,24689.4,225,5555115.0,14871241432.5
2025-07-31 09:26:41 AM,24694.8,0,0.0,14871241432.5
2025-07-31 09:26:41 AM,24691.2,150,3703680.0,14874945112.5
2025-07-31 09:26:41 AM,24695.0,0,0.0,14874945112.5
2025-07-31 09:26:42 AM,24695.0,150,3704250.0,14878649362.5
2025-07-31 09:26:43 AM,24695.0,450,11112750.0,14889762112.5
2025-07-31 09:26:43 AM,24697.5,0,0.0,14889762112.5
2025-07-31 09:26:43 AM,24697.5,75,1852312.5,14891614425.0
2025-07-31 09:26:43 AM,24699.0,0,0.0,14891614425.0
2025-07-31 09:26:45 AM,24699.0,225,5557275.0,14897171700.0
2025-07-31 09:26:45 AM,24699.1,450,11114595.0,14908286295.0
2025-07-31 09:26:46 AM,24700.0,0,0.0,14908286295.0
2025-07-31 09:26:46 AM,24698.5,750,18523875.0,14926810170.0
2025-07-31 09:26:46 AM,24700.0,0,0.0,14926810170.0
2025-07-31 09:26:47 AM,24700.0,300,7410000.0,14934220170.0
2025-07-31 09:26:48 AM,24700.0,525,12967500.0,14947187670.0
2025-07-31 09:26:48 AM,24699.9,0,0.0,14947187670.0
2025-07-31 09:26:48 AM,24700.0,225,5557500.0,14952745170.0
2025-07-31 09:26:49 AM,24705.0,0,0.0,14952745170.0
2025-07-31 09:26:50 AM,24702.2,1650,40758630.0,14993503800.0
2025-07-31 09:26:50 AM,24701.4,150,3705210.0,14997209010.0
2025-07-31 09:26:50 AM,24701.7,0,0.0,14997209010.0
2025-07-31 09:26:51 AM,24705.0,0,0.0,14997209010.0
2025-07-31 09:26:51 AM,24705.0,225,5558625.0,15002767635.0
2025-07-31 09:26:51 AM,24704.0,0,0.0,15002767635.0
2025-07-31 09:26:52 AM,24704.0,150,3705600.0,15006473235.0
2025-07-31 09:26:53 AM,24705.0,0,0.0,15006473235.0
2025-07-31 09:26:53 AM,24705.0,75,1852875.0,15008326110.0
2025-07-31 09:26:53 AM,24707.5,0,0.0,15008326110.0
2025-07-31 09:26:53 AM,24707.5,75,1853062.5,15010179172.5
2025-07-31 09:26:54 AM,24702.2,0,0.0,15010179172.5
2025-07-31 09:26:55 AM,24705.0,375,9264375.0,15019443547.5
2025-07-31 09:26:56 AM,24705.5,75,1852912.5,15021296460.0
2025-07-31 09:26:57 AM,24701.4,0,0.0,15021296460.0
2025-07-31 09:26:57 AM,24705.0,0,0.0,15021296460.0
2025-07-31 09:26:58 AM,24705.0,150,3705750.0,15025002210.0
2025-07-31 09:26:58 AM,24705.0,150,3705750.0,15028707960.0
2025-07-31 09:27:00 AM,24705.2,150,3705780.0,15032413740.0
2025-07-31 09:27:00 AM,24706.2,75,1852965.0,15034266705.0
2025-07-31 09:27:01 AM,24708.0,75,1853100.0,15036119805.0
2025-07-31 09:27:02 AM,24706.0,450,11117700.0,15047237505.0
2025-07-31 09:27:02 AM,24709.0,0,0.0,15047237505.0
2025-07-31 09:27:03 AM,24709.0,75,1853175.0,15049090680.0
2025-07-31 09:27:03 AM,24702.4,225,5558040.0,15054648720.0
2025-07-31 09:27:05 AM,24705.0,0,0.0,15054648720.0
2025-07-31 09:27:05 AM,24705.0,75,1852875.0,15056501595.0
2025-07-31 09:27:05 AM,24700.6,0,0.0,15056501595.0
2025-07-31 09:27:06 AM,24705.0,300,7411500.0,15063913095.0
2025-07-31 09:27:07 AM,24705.0,150,3705750.0,15067618845.0
2025-07-31 09:27:08 AM,24708.2,0,0.0,15067618845.0
2025-07-31 09:27:08 AM,24708.2,75,1853115.0,15069471960.0
2025-07-31 09:27:08 AM,24709.0,0,0.0,15069471960.0
2025-07-31 09:27:08 AM,24709.0,150,3706350.0,15073178310.0
2025-07-31 09:27:10 AM,24709.0,75,1853175.0,15075031485.0
2025-07-31 09:27:10 AM,24709.0,150,3706350.0,15078737835.0
2025-07-31 09:27:11 AM,24708.9,0,0.0,15078737835.0
2025-07-31 09:27:11 AM,24708.9,150,3706335.0,15082444170.0
2025-07-31 09:27:12 AM,24709.9,75,1853242.5,15084297412.5
2025-07-31 09:27:12 AM,24709.6,0,0.0,15084297412.5
2025-07-31 09:27:12 AM,24710.0,0,0.0,15084297412.5
2025-07-31 09:27:13 AM,24710.0,975,24092250.0,15108389662.5
2025-07-31 09:27:13 AM,24710.0,150,3706500.0,15112096162.5
2025-07-31 09:27:15 AM,24710.0,300,7413000.0,15119509162.5
2025-07-31 09:27:15 AM,24711.0,75,1853325.0,15121362487.5
2025-07-31 09:27:16 AM,24711.0,75,1853325.0,15123215812.5
2025-07-31 09:27:17 AM,24711.0,75,1853325.0,15125069137.5
2025-07-31 09:27:17 AM,24711.7,0,0.0,15125069137.5
2025-07-31 09:27:18 AM,24707.8,0,0.0,15125069137.5
2025-07-31 09:27:18 AM,24707.8,150,3706170.0,15128775307.5
2025-07-31 09:27:18 AM,24711.9,0,0.0,15128775307.5
2025-07-31 09:27:18 AM,24711.9,150,3706785.0,15132482092.5
2025-07-31 09:27:19 AM,24712.0,0,0.0,15132482092.5
2025-07-31 09:27:20 AM,24712.0,225,5560200.0,15138042292.5
2025-07-31 09:27:20 AM,24712.8,75,1853460.0,15139895752.5
2025-07-31 09:27:21 AM,24709.6,150,3706440.0,15143602192.5
2025-07-31 09:27:22 AM,24712.8,75,1853460.0,15145455652.5
2025-07-31 09:27:23 AM,24712.8,75,1853460.0,15147309112.5
2025-07-31 09:27:26 AM,24712.0,0,0.0,15147309112.5
2025-07-31 09:27:26 AM,24712.0,75,1853400.0,15149162512.5
2025-07-31 09:27:28 AM,24713.9,0,0.0,15149162512.5
2025-07-31 09:27:28 AM,24714.0,225,5560650.0,15154723162.5
2025-07-31 09:27:28 AM,24715.0,75,1853625.0,15156576787.5
2025-07-31 09:27:29 AM,24714.9,0,0.0,15156576787.5
2025-07-31 09:27:30 AM,24714.9,75,1853617.5,15158430405.0
2025-07-31 09:27:30 AM,24715.0,0,0.0,15158430405.0
2025-07-31 09:27:30 AM,24715.0,1125,27804375.0,15186234780.0
2025-07-31 09:27:31 AM,24715.8,0,0.0,15186234780.0
2025-07-31 09:27:32 AM,24715.8,75,1853685.0,15188088465.0
2025-07-31 09:27:33 AM,24715.8,75,1853685.0,15189942150.0
2025-07-31 09:27:33 AM,24715.0,0,0.0,15189942150.0
2025-07-31 09:27:33 AM,24712.2,0,0.0,15189942150.0
2025-07-31 09:27:33 AM,24712.2,825,20387565.0,15210329715.0
2025-07-31 09:27:34 AM,24710.8,0,0.0,15210329715.0
2025-07-31 09:27:35 AM,24710.8,150,3706620.0,15214036335.0
2025-07-31 09:27:35 AM,24716.4,75,1853730.0,15215890065.0
2025-07-31 09:27:35 AM,24707.6,0,0.0,15215890065.0
2025-07-31 09:27:36 AM,24708.7,600,14825220.0,15230715285.0
2025-07-31 09:27:36 AM,24714.6,0,0.0,15230715285.0
2025-07-31 09:27:37 AM,24714.7,225,5560807.5,15236276092.5
2025-07-31 09:27:37 AM,24714.2,0,0.0,15236276092.5
2025-07-31 09:27:38 AM,24707.7,150,3706155.0,15239982247.5
2025-07-31 09:27:38 AM,24713.3,0,0.0,15239982247.5
2025-07-31 09:27:38 AM,24713.3,225,5560492.5,15245542740.0
2025-07-31 09:27:39 AM,24706.0,0,0.0,15245542740.0
2025-07-31 09:27:40 AM,24712.4,0,0.0,15245542740.0
2025-07-31 09:27:40 AM,24712.4,150,3706860.0,15249249600.0
2025-07-31 09:27:40 AM,24705.6,150,3705840.0,15252955440.0
2025-07-31 09:27:40 AM,24710.7,0,0.0,15252955440.0
2025-07-31 09:27:41 AM,24709.2,150,3706380.0,15256661820.0
2025-07-31 09:27:41 AM,24709.6,0,0.0,15256661820.0
2025-07-31 09:27:42 AM,24709.6,150,3706440.0,15260368260.0
2025-07-31 09:27:42 AM,24705.5,0,0.0,15260368260.0
2025-07-31 09:27:42 AM,24709.6,0,0.0,15260368260.0
2025-07-31 09:27:43 AM,24709.6,300,7412880.0,15267781140.0
2025-07-31 09:27:43 AM,24709.2,0,0.0,15267781140.0
2025-07-31 09:27:43 AM,24709.2,225,5559570.0,15273340710.0
2025-07-31 09:27:44 AM,24705.5,0,0.0,15273340710.0
2025-07-31 09:27:45 AM,24705.5,825,20382037.5,15293722747.5
2025-07-31 09:27:45 AM,24705.0,150,3705750.0,15297428497.5
2025-07-31 09:27:45 AM,24705.5,0,0.0,15297428497.5
2025-07-31 09:27:46 AM,24705.5,975,24087862.5,15321516360.0
2025-07-31 09:27:46 AM,24708.8,0,0.0,15321516360.0
2025-07-31 09:27:46 AM,24712.7,0,0.0,15321516360.0
2025-07-31 09:27:47 AM,24712.7,150,3706905.0,15325223265.0
2025-07-31 09:27:47 AM,24705.1,0,0.0,15325223265.0
2025-07-31 09:27:48 AM,24705.1,225,5558647.5,15330781912.5
2025-07-31 09:27:48 AM,24711.9,0,0.0,15330781912.5
2025-07-31 09:27:48 AM,24711.9,150,3706785.0,15334488697.5
2025-07-31 09:27:49 AM,24712.8,0,0.0,15334488697.5
2025-07-31 09:27:50 AM,24712.8,225,5560380.0,15340049077.5
2025-07-31 09:27:50 AM,24713.3,75,1853497.5,15341902575.0
2025-07-31 09:27:51 AM,24713.3,225,5560492.5,15347463067.5
2025-07-31 09:27:51 AM,24712.7,0,0.0,15347463067.5
2025-07-31 09:27:52 AM,24713.3,0,0.0,15347463067.5
2025-07-31 09:27:52 AM,24713.3,150,3706995.0,15351170062.5
2025-07-31 09:27:53 AM,24715.0,0,0.0,15351170062.5
2025-07-31 09:27:53 AM,24715.0,75,1853625.0,15353023687.5
2025-07-31 09:27:54 AM,24711.5,0,0.0,15353023687.5
2025-07-31 09:27:54 AM,24715.0,0,0.0,15353023687.5
2025-07-31 09:27:55 AM,24715.0,225,5560875.0,15358584562.5
2025-07-31 09:27:56 AM,24712.8,0,0.0,15358584562.5
2025-07-31 09:27:56 AM,24712.8,75,1853460.0,15360438022.5
2025-07-31 09:27:57 AM,24715.8,0,0.0,15360438022.5
2025-07-31 09:27:57 AM,24715.8,75,1853685.0,15362291707.5
2025-07-31 09:27:58 AM,24715.8,75,1853685.0,15364145392.5
2025-07-31 09:27:58 AM,24714.5,0,0.0,15364145392.5
2025-07-31 09:27:59 AM,24714.5,225,5560762.5,15369706155.0
2025-07-31 09:27:59 AM,24712.8,0,0.0,15369706155.0
2025-07-31 09:28:00 AM,24712.8,1200,29655360.0,15399361515.0
2025-07-31 09:28:00 AM,24708.6,375,9265725.0,15408627240.0
2025-07-31 09:28:00 AM,24714.9,0,0.0,15408627240.0
2025-07-31 09:28:01 AM,24715.6,150,3707340.0,15412334580.0
2025-07-31 09:28:02 AM,24715.6,75,1853670.0,15414188250.0
2025-07-31 09:28:02 AM,24715.7,0,0.0,15414188250.0
2025-07-31 09:28:03 AM,24715.7,150,3707355.0,15417895605.0
2025-07-31 09:28:04 AM,24714.2,0,0.0,15417895605.0
2025-07-31 09:28:05 AM,24714.2,75,1853565.0,15419749170.0
2025-07-31 09:28:05 AM,24707.9,75,1853092.5,15421602262.5
2025-07-31 09:28:06 AM,24713.7,150,3707055.0,15425309317.5
2025-07-31 09:28:08 AM,24710.0,0,0.0,15425309317.5
2025-07-31 09:28:08 AM,24710.0,75,1853250.0,15427162567.5
2025-07-31 09:28:08 AM,24710.3,0,0.0,15427162567.5
2025-07-31 09:28:09 AM,24710.3,75,1853272.5,15429015840.0
2025-07-31 09:28:09 AM,24707.7,0,0.0,15429015840.0
2025-07-31 09:28:09 AM,24710.2,0,0.0,15429015840.0
2025-07-31 09:28:10 AM,24703.3,1350,33349455.0,15462365295.0
2025-07-31 09:28:10 AM,24708.9,75,1853167.5,15464218462.5
2025-07-31 09:28:11 AM,24700.0,150,3705000.0,15467923462.5
2025-07-31 09:28:11 AM,24706.6,0,0.0,15467923462.5
2025-07-31 09:28:12 AM,24700.2,300,7410060.0,15475333522.5
2025-07-31 09:28:13 AM,24700.2,75,1852515.0,15477186037.5
2025-07-31 09:28:13 AM,24708.0,0,0.0,15477186037.5
2025-07-31 09:28:14 AM,24708.5,150,3706275.0,15480892312.5
2025-07-31 09:28:14 AM,24703.4,0,0.0,15480892312.5
2025-07-31 09:28:15 AM,24703.4,75,1852755.0,15482745067.5
2025-07-31 09:28:15 AM,24710.3,150,3706545.0,15486451612.5
2025-07-31 09:28:15 AM,24703.8,0,0.0,15486451612.5
2025-07-31 09:28:15 AM,24710.3,0,0.0,15486451612.5
2025-07-31 09:28:16 AM,24704.9,225,5558602.5,15492010215.0
2025-07-31 09:28:17 AM,24703.4,0,0.0,15492010215.0
2025-07-31 09:28:18 AM,24703.4,75,1852755.0,15493862970.0
2025-07-31 09:28:18 AM,24709.0,0,0.0,15493862970.0
2025-07-31 09:28:19 AM,24709.0,150,3706350.0,15497569320.0
2025-07-31 09:28:20 AM,24709.0,75,1853175.0,15499422495.0
2025-07-31 09:28:20 AM,24710.0,0,0.0,15499422495.0
2025-07-31 09:28:21 AM,24710.0,75,1853250.0,15501275745.0
2025-07-31 09:28:22 AM,24705.0,0,0.0,15501275745.0
2025-07-31 09:28:22 AM,24705.0,375,9264375.0,15510540120.0
2025-07-31 09:28:22 AM,24703.0,0,0.0,15510540120.0
2025-07-31 09:28:23 AM,24703.0,75,1852725.0,15512392845.0
2025-07-31 09:28:27 AM,24710.0,0,0.0,15512392845.0
2025-07-31 09:28:28 AM,24710.0,150,3706500.0,15516099345.0
2025-07-31 09:28:29 AM,24710.0,150,3706500.0,15519805845.0
2025-07-31 09:28:29 AM,24712.5,0,0.0,15519805845.0
2025-07-31 09:28:30 AM,24712.5,975,24094687.5,15543900532.5
2025-07-31 09:28:30 AM,24713.0,150,3706950.0,15547607482.5
2025-07-31 09:28:32 AM,24713.0,150,3706950.0,15551314432.5
2025-07-31 09:28:33 AM,24713.0,75,1853475.0,15553167907.5
2025-07-31 09:28:34 AM,24713.0,75,1853475.0,15555021382.5
2025-07-31 09:28:35 AM,24713.0,150,3706950.0,15558728332.5
2025-07-31 09:28:35 AM,24713.0,75,1853475.0,15560581807.5
2025-07-31 09:28:35 AM,24712.5,0,0.0,15560581807.5
2025-07-31 09:28:36 AM,24712.5,525,12974062.5,15573555870.0
2025-07-31 09:28:36 AM,24714.9,0,0.0,15573555870.0
2025-07-31 09:28:37 AM,24712.5,150,3706875.0,15577262745.0
2025-07-31 09:28:38 AM,24715.0,600,14829000.0,15592091745.0
2025-07-31 09:28:38 AM,24712.5,0,0.0,15592091745.0
2025-07-31 09:28:39 AM,24712.5,75,1853437.5,15593945182.5
2025-07-31 09:28:39 AM,24707.8,0,0.0,15593945182.5
2025-07-31 09:28:40 AM,24707.8,225,5559255.0,15599504437.5
2025-07-31 09:28:45 AM,24714.1,0,0.0,15599504437.5
2025-07-31 09:28:45 AM,24714.1,150,3707115.0,15603211552.5
2025-07-31 09:28:46 AM,24713.9,0,0.0,15603211552.5
2025-07-31 09:28:46 AM,24713.9,75,1853542.5,15605065095.0
2025-07-31 09:28:46 AM,24709.5,0,0.0,15605065095.0
2025-07-31 09:28:47 AM,24709.5,75,1853212.5,15606918307.5
2025-07-31 09:28:47 AM,24713.9,0,0.0,15606918307.5
2025-07-31 09:28:48 AM,24707.9,0,0.0,15606918307.5
2025-07-31 09:28:48 AM,24713.7,225,5560582.5,15612478890.0
2025-07-31 09:28:48 AM,24714.0,0,0.0,15612478890.0
2025-07-31 09:28:49 AM,24714.0,75,1853550.0,15614332440.0
2025-07-31 09:28:51 AM,24709.1,0,0.0,15614332440.0
2025-07-31 09:28:52 AM,24707.8,0,0.0,15614332440.0
2025-07-31 09:28:52 AM,24707.8,300,7412340.0,15621744780.0
2025-07-31 09:28:52 AM,24709.1,0,0.0,15621744780.0
2025-07-31 09:28:53 AM,24709.1,450,11119095.0,15632863875.0
2025-07-31 09:28:53 AM,24703.2,0,0.0,15632863875.0
2025-07-31 09:28:54 AM,24709.2,0,0.0,15632863875.0
2025-07-31 09:28:54 AM,24709.2,225,5559570.0,15638423445.0
2025-07-31 09:28:54 AM,24705.5,0,0.0,15638423445.0
2025-07-31 09:28:55 AM,24705.5,150,3705825.0,15642129270.0
2025-07-31 09:28:55 AM,24709.9,75,1853242.5,15643982512.5
2025-07-31 09:28:56 AM,24710.0,75,1853250.0,15645835762.5
2025-07-31 09:28:58 AM,24703.6,2175,53730330.0,15699566092.5
2025-07-31 09:28:59 AM,24710.6,0,0.0,15699566092.5
2025-07-31 09:29:00 AM,24710.6,75,1853295.0,15701419387.5
2025-07-31 09:29:00 AM,24709.3,150,3706395.0,15705125782.5
2025-07-31 09:29:01 AM,24709.0,75,1853175.0,15706978957.5
2025-07-31 09:29:02 AM,24711.0,0,0.0,15706978957.5
2025-07-31 09:29:02 AM,24711.0,150,3706650.0,15710685607.5
2025-07-31 09:29:02 AM,24710.9,0,0.0,15710685607.5
2025-07-31 09:29:03 AM,24710.9,900,22239810.0,15732925417.5
2025-07-31 09:29:04 AM,24711.0,225,5559975.0,15738485392.5
2025-07-31 09:29:05 AM,24713.0,0,0.0,15738485392.5
2025-07-31 09:29:05 AM,24709.2,900,22238280.0,15760723672.5
2025-07-31 09:29:06 AM,24712.5,75,1853437.5,15762577110.0
2025-07-31 09:29:06 AM,24710.0,0,0.0,15762577110.0
2025-07-31 09:29:07 AM,24710.0,75,1853250.0,15764430360.0
2025-07-31 09:29:07 AM,24713.0,0,0.0,15764430360.0
2025-07-31 09:29:08 AM,24713.0,75,1853475.0,15766283835.0
2025-07-31 09:29:08 AM,24712.4,0,0.0,15766283835.0
2025-07-31 09:29:09 AM,24712.5,0,0.0,15766283835.0
2025-07-31 09:29:09 AM,24712.5,900,22241250.0,15788525085.0
2025-07-31 09:29:09 AM,24709.7,0,0.0,15788525085.0
2025-07-31 09:29:10 AM,24709.7,75,1853227.5,15790378312.5
2025-07-31 09:29:10 AM,24711.8,75,1853385.0,15792231697.5
2025-07-31 09:29:11 AM,24710.0,1350,33358500.0,15825590197.5
2025-07-31 09:29:12 AM,24706.8,0,0.0,15825590197.5
2025-07-31 09:29:12 AM,24706.8,525,12971070.0,15838561267.5
2025-07-31 09:29:13 AM,24706.8,150,3706020.0,15842267287.5
2025-07-31 09:29:15 AM,24707.0,0,0.0,15842267287.5
2025-07-31 09:29:15 AM,24707.0,225,5559075.0,15847826362.5
2025-07-31 09:29:17 AM,24705.0,225,5558625.0,15853384987.5
2025-07-31 09:29:18 AM,24705.0,75,1852875.0,15855237862.5
2025-07-31 09:29:19 AM,24707.8,0,0.0,15855237862.5
2025-07-31 09:29:19 AM,24707.8,150,3706170.0,15858944032.5
2025-07-31 09:29:20 AM,24709.1,0,0.0,15858944032.5
2025-07-31 09:29:21 AM,24705.0,150,3705750.0,15862649782.5
2025-07-31 09:29:22 AM,24705.0,150,3705750.0,15866355532.5
2025-07-31 09:29:22 AM,24707.0,0,0.0,15866355532.5
2025-07-31 09:29:23 AM,24707.1,0,0.0,15866355532.5
2025-07-31 09:29:23 AM,24707.1,150,3706065.0,15870061597.5
2025-07-31 09:29:24 AM,24705.0,0,0.0,15870061597.5
2025-07-31 09:29:24 AM,24703.2,150,3705480.0,15873767077.5
2025-07-31 09:29:25 AM,24706.2,0,0.0,15873767077.5
2025-07-31 09:29:26 AM,24703.0,525,12969075.0,15886736152.5
2025-07-31 09:29:27 AM,24705.0,0,0.0,15886736152.5
2025-07-31 09:29:27 AM,24705.1,225,5558647.5,15892294800.0
2025-07-31 09:29:28 AM,24707.0,0,0.0,15892294800.0
2025-07-31 09:29:28 AM,24707.0,75,1853025.0,15894147825.0
2025-07-31 09:29:28 AM,24705.0,75,1852875.0,15896000700.0
2025-07-31 09:29:29 AM,24707.0,150,3706050.0,15899706750.0
2025-07-31 09:29:30 AM,24709.0,0,0.0,15899706750.0
2025-07-31 09:29:30 AM,24709.0,75,1853175.0,15901559925.0
2025-07-31 09:29:31 AM,24705.6,0,0.0,15901559925.0
2025-07-31 09:29:31 AM,24705.7,450,11117565.0,15912677490.0
2025-07-31 09:29:33 AM,24711.0,0,0.0,15912677490.0
2025-07-31 09:29:33 AM,24711.0,75,1853325.0,15914530815.0
2025-07-31 09:29:34 AM,24711.1,0,0.0,15914530815.0
2025-07-31 09:29:34 AM,24711.1,75,1853332.5,15916384147.5
2025-07-31 09:29:35 AM,24712.5,0,0.0,15916384147.5
2025-07-31 09:29:35 AM,24712.5,150,3706875.0,15920091022.5
2025-07-31 09:29:35 AM,24714.0,0,0.0,15920091022.5
2025-07-31 09:29:36 AM,24712.0,1050,25947600.0,15946038622.5
2025-07-31 09:29:36 AM,24712.4,0,0.0,15946038622.5
2025-07-31 09:29:37 AM,24713.5,150,3707025.0,15949745647.5
2025-07-31 09:29:37 AM,24706.3,0,0.0,15949745647.5
2025-07-31 09:29:38 AM,24706.3,300,7411890.0,15957157537.5
2025-07-31 09:29:38 AM,24712.5,450,11120625.0,15968278162.5
2025-07-31 09:29:39 AM,24712.4,525,12974010.0,15981252172.5
2025-07-31 09:29:40 AM,24713.1,0,0.0,15981252172.5
2025-07-31 09:29:41 AM,24713.1,300,7413930.0,15988666102.5
2025-07-31 09:29:42 AM,24713.3,0,0.0,15988666102.5
2025-07-31 09:29:42 AM,24713.3,75,1853497.5,15990519600.0
2025-07-31 09:29:42 AM,24706.5,0,0.0,15990519600.0
2025-07-31 09:29:43 AM,24706.5,825,20382862.5,16010902462.5
2025-07-31 09:29:43 AM,24710.1,525,12972802.5,16023875265.0
2025-07-31 09:29:44 AM,24709.5,75,1853212.5,16025728477.5
2025-07-31 09:29:45 AM,24710.1,0,0.0,16025728477.5
2025-07-31 09:29:45 AM,24710.0,975,24092250.0,16049820727.5
2025-07-31 09:29:46 AM,24709.7,75,1853227.5,16051673955.0
2025-07-31 09:29:46 AM,24708.6,0,0.0,16051673955.0
2025-07-31 09:29:47 AM,24705.0,0,0.0,16051673955.0
2025-07-31 09:29:47 AM,24705.0,300,7411500.0,16059085455.0
2025-07-31 09:29:47 AM,24707.0,0,0.0,16059085455.0
2025-07-31 09:29:48 AM,24707.0,450,11118150.0,16070203605.0
2025-07-31 09:29:48 AM,24703.7,0,0.0,16070203605.0
2025-07-31 09:29:48 AM,24703.7,300,7411110.0,16077614715.0
2025-07-31 09:29:49 AM,24703.0,0,0.0,16077614715.0
2025-07-31 09:29:49 AM,24701.0,1800,44461800.0,16122076515.0
2025-07-31 09:29:50 AM,24703.8,0,0.0,16122076515.0
2025-07-31 09:29:50 AM,24703.8,375,9263925.0,16131340440.0
2025-07-31 09:29:50 AM,24702.8,0,0.0,16131340440.0
2025-07-31 09:29:51 AM,24702.8,1050,25937940.0,16157278380.0
2025-07-31 09:29:51 AM,24702.1,0,0.0,16157278380.0
2025-07-31 09:29:52 AM,24700.5,0,0.0,16157278380.0
2025-07-31 09:29:52 AM,24700.5,1575,38903287.5,16196181667.5
2025-07-31 09:29:52 AM,24701.4,0,0.0,16196181667.5
2025-07-31 09:29:53 AM,24701.4,225,5557815.0,16201739482.5
2025-07-31 09:29:53 AM,24702.0,0,0.0,16201739482.5
2025-07-31 09:29:53 AM,24702.0,600,14821200.0,16216560682.5
2025-07-31 09:29:54 AM,24702.5,2700,66696750.0,16283257432.5
2025-07-31 09:29:55 AM,24706.7,0,0.0,16283257432.5
2025-07-31 09:29:56 AM,24706.7,450,11118015.0,16294375447.5
2025-07-31 09:29:56 AM,24707.0,0,0.0,16294375447.5
2025-07-31 09:29:57 AM,24707.0,975,24089325.0,16318464772.5
2025-07-31 09:29:57 AM,24706.7,0,0.0,16318464772.5
2025-07-31 09:29:58 AM,24705.9,150,3705885.0,16322170657.5
2025-07-31 09:29:58 AM,24706.2,0,0.0,16322170657.5
2025-07-31 09:29:59 AM,24706.2,450,11117790.0,16333288447.5
2025-07-31 09:29:59 AM,24702.0,0,0.0,16333288447.5
2025-07-31 09:29:59 AM,24702.0,150,3705300.0,16336993747.5
2025-07-31 09:30:00 AM,24701.8,0,0.0,16336993747.5
2025-07-31 09:30:00 AM,24695.0,1500,37042500.0,16374036247.5
2025-07-31 09:30:01 AM,24699.6,0,0.0,16374036247.5
2025-07-31 09:30:01 AM,24693.6,600,14816160.0,16388852407.5
2025-07-31 09:30:01 AM,24693.3,0,0.0,16388852407.5
2025-07-31 09:30:02 AM,24691.1,0,0.0,16388852407.5
2025-07-31 09:30:02 AM,24698.3,1125,27785587.5,16416637995.0
2025-07-31 09:30:02 AM,24692.5,0,0.0,16416637995.0
2025-07-31 09:30:03 AM,24700.1,825,20377582.5,16437015577.5
2025-07-31 09:30:03 AM,24693.7,0,0.0,16437015577.5
2025-07-31 09:30:04 AM,24693.7,1275,31484467.5,16468500045.0
2025-07-31 09:30:04 AM,24692.9,450,11111805.0,16479611850.0
2025-07-31 09:30:05 AM,24696.1,0,0.0,16479611850.0
2025-07-31 09:30:05 AM,24696.1,900,22226490.0,16501838340.0
2025-07-31 09:30:05 AM,24695.8,0,0.0,16501838340.0
2025-07-31 09:30:06 AM,24696.8,0,0.0,16501838340.0
2025-07-31 09:30:06 AM,24695.5,1200,29634600.0,16531472940.0
2025-07-31 09:30:07 AM,24689.0,0,0.0,16531472940.0
2025-07-31 09:30:07 AM,24689.0,1125,27775125.0,16559248065.0
2025-07-31 09:30:07 AM,24690.1,0,0.0,16559248065.0
2025-07-31 09:30:08 AM,24691.0,0,0.0,16559248065.0
2025-07-31 09:30:08 AM,24691.0,1875,46295625.0,16605543690.0
2025-07-31 09:30:08 AM,24690.0,0,0.0,16605543690.0
2025-07-31 09:30:09 AM,24690.0,600,14814000.0,16620357690.0
2025-07-31 09:30:09 AM,24697.0,0,0.0,16620357690.0
2025-07-31 09:30:10 AM,24697.0,1125,27784125.0,16648141815.0
2025-07-31 09:30:10 AM,24697.3,0,0.0,16648141815.0
2025-07-31 09:30:10 AM,24690.3,1500,37035450.0,16685177265.0
2025-07-31 09:30:11 AM,24696.5,0,0.0,16685177265.0
2025-07-31 09:30:11 AM,24696.3,1125,27783337.5,16712960602.5
2025-07-31 09:30:12 AM,24695.2,0,0.0,16712960602.5
2025-07-31 09:30:12 AM,24694.1,1575,38893207.5,16751853810.0
2025-07-31 09:30:13 AM,24694.7,0,0.0,16751853810.0
2025-07-31 09:30:13 AM,24692.0,1275,31482300.0,16783336110.0
2025-07-31 09:30:13 AM,24691.4,0,0.0,16783336110.0
2025-07-31 09:30:14 AM,24691.4,150,3703710.0,16787039820.0
2025-07-31 09:30:14 AM,24685.1,0,0.0,16787039820.0
2025-07-31 09:30:15 AM,24685.1,1425,35176267.5,16822216087.5
2025-07-31 09:30:15 AM,24690.6,750,18517950.0,16840734037.5
2025-07-31 09:30:16 AM,24691.3,0,0.0,16840734037.5
2025-07-31 09:30:16 AM,24692.0,450,11111400.0,16851845437.5
2025-07-31 09:30:16 AM,24692.1,0,0.0,16851845437.5
2025-07-31 09:30:17 AM,24690.5,750,18517875.0,16870363312.5
2025-07-31 09:30:17 AM,24689.4,0,0.0,16870363312.5
2025-07-31 09:30:18 AM,24689.4,225,5555115.0,16875918427.5
2025-07-31 09:30:18 AM,24690.4,0,0.0,16875918427.5
2025-07-31 09:30:19 AM,24690.4,150,3703560.0,16879621987.5
2025-07-31 09:30:20 AM,24690.4,825,20369580.0,16899991567.5
2025-07-31 09:30:20 AM,24690.9,0,0.0,16899991567.5
2025-07-31 09:30:20 AM,24682.9,1425,35173132.5,16935164700.0
2025-07-31 09:30:20 AM,24685.0,0,0.0,16935164700.0
2025-07-31 09:30:21 AM,24691.3,750,18518475.0,16953683175.0
2025-07-31 09:30:22 AM,24689.8,0,0.0,16953683175.0
2025-07-31 09:30:22 AM,24689.8,150,3703470.0,16957386645.0
2025-07-31 09:30:23 AM,24690.0,0,0.0,16957386645.0
2025-07-31 09:30:23 AM,24690.0,75,1851750.0,16959238395.0
2025-07-31 09:30:24 AM,24690.0,1350,33331500.0,16992569895.0
2025-07-31 09:30:25 AM,24690.2,0,0.0,16992569895.0
2025-07-31 09:30:25 AM,24690.8,825,20369910.0,17012939805.0
2025-07-31 09:30:25 AM,24691.8,450,11111310.0,17024051115.0
2025-07-31 09:30:26 AM,24692.0,0,0.0,17024051115.0
2025-07-31 09:30:26 AM,24692.9,0,0.0,17024051115.0
2025-07-31 09:30:26 AM,24691.8,1875,46297125.0,17070348240.0
2025-07-31 09:30:27 AM,24694.3,1050,25929015.0,17096277255.0
2025-07-31 09:30:28 AM,24691.8,0,0.0,17096277255.0
2025-07-31 09:30:28 AM,24694.6,0,0.0,17096277255.0
2025-07-31 09:30:28 AM,24694.2,600,14816520.0,17111093775.0
2025-07-31 09:30:29 AM,24693.5,0,0.0,17111093775.0
2025-07-31 09:30:29 AM,24693.5,75,1852012.5,17112945787.5
2025-07-31 09:30:30 AM,24689.5,0,0.0,17112945787.5
2025-07-31 09:30:30 AM,24689.5,225,5555137.5,17118500925.0
2025-07-31 09:30:30 AM,24688.6,0,0.0,17118500925.0
2025-07-31 09:30:30 AM,24688.6,300,7406580.0,17125907505.0
2025-07-31 09:30:32 AM,24689.8,0,0.0,17125907505.0
2025-07-31 09:30:32 AM,24692.5,375,9259687.5,17135167192.5
2025-07-31 09:30:33 AM,24694.7,0,0.0,17135167192.5
2025-07-31 09:30:33 AM,24688.3,225,5554867.5,17140722060.0
2025-07-31 09:30:35 AM,24696.0,0,0.0,17140722060.0
2025-07-31 09:30:35 AM,24696.0,75,1852200.0,17142574260.0
2025-07-31 09:30:35 AM,24687.6,150,3703140.0,17146277400.0
2025-07-31 09:30:36 AM,24693.3,225,5555992.5,17151833392.5
2025-07-31 09:30:37 AM,24693.2,0,0.0,17151833392.5
2025-07-31 09:30:37 AM,24693.2,75,1851990.0,17153685382.5
2025-07-31 09:30:38 AM,24693.7,0,0.0,17153685382.5
2025-07-31 09:30:38 AM,24687.0,600,14812200.0,17168497582.5
2025-07-31 09:30:39 AM,24693.9,0,0.0,17168497582.5
2025-07-31 09:30:39 AM,24693.9,75,1852042.5,17170349625.0
2025-07-31 09:30:40 AM,24693.3,0,0.0,17170349625.0
2025-07-31 09:30:40 AM,24693.3,150,3703995.0,17174053620.0
2025-07-31 09:30:40 AM,24692.5,75,1851937.5,17175905557.5
2025-07-31 09:30:41 AM,24692.4,750,18519300.0,17194424857.5
2025-07-31 09:30:42 AM,24691.1,0,0.0,17194424857.5
2025-07-31 09:30:42 AM,24686.2,525,12960255.0,17207385112.5
2025-07-31 09:30:43 AM,24692.0,0,0.0,17207385112.5
2025-07-31 09:30:43 AM,24692.0,300,7407600.0,17214792712.5
2025-07-31 09:30:44 AM,24693.5,0,0.0,17214792712.5
2025-07-31 09:30:45 AM,24694.0,450,11112300.0,17225905012.5
2025-07-31 09:30:45 AM,24694.0,300,7408200.0,17233313212.5
2025-07-31 09:30:46 AM,24693.8,0,0.0,17233313212.5
2025-07-31 09:30:46 AM,24695.0,0,0.0,17233313212.5
2025-07-31 09:30:46 AM,24695.0,1050,25929750.0,17259242962.5
2025-07-31 09:30:47 AM,24692.9,0,0.0,17259242962.5
2025-07-31 09:30:47 AM,24696.5,0,0.0,17259242962.5
2025-07-31 09:30:47 AM,24693.5,600,14816100.0,17274059062.5
2025-07-31 09:30:48 AM,24696.5,0,0.0,17274059062.5
2025-07-31 09:30:48 AM,24697.0,150,3704550.0,17277763612.5
2025-07-31 09:30:49 AM,24692.5,0,0.0,17277763612.5
2025-07-31 09:30:49 AM,24692.5,975,24075187.5,17301838800.0
2025-07-31 09:30:50 AM,24700.0,75,1852500.0,17303691300.0
2025-07-31 09:30:50 AM,24700.0,225,5557500.0,17309248800.0
2025-07-31 09:30:51 AM,24701.4,0,0.0,17309248800.0
2025-07-31 09:30:51 AM,24700.9,675,16673107.500000002,17325921907.5
2025-07-31 09:30:52 AM,24700.0,150,3705000.0,17329626907.5
2025-07-31 09:30:53 AM,24692.5,450,11111625.0,17340738532.5
2025-07-31 09:30:54 AM,24692.7,0,0.0,17340738532.5
2025-07-31 09:30:54 AM,24692.7,225,5555857.5,17346294390.0
2025-07-31 09:30:55 AM,24692.5,0,0.0,17346294390.0
2025-07-31 09:30:55 AM,24692.5,375,9259687.5,17355554077.5
2025-07-31 09:30:55 AM,24695.8,75,1852185.0,17357406262.5
2025-07-31 09:30:56 AM,24699.0,0,0.0,17357406262.5
2025-07-31 09:30:56 AM,24699.0,75,1852425.0,17359258687.5
2025-07-31 09:30:57 AM,24699.0,75,1852425.0,17361111112.5
2025-07-31 09:30:58 AM,24700.0,0,0.0,17361111112.5
2025-07-31 09:30:58 AM,24700.0,150,3705000.0,17364816112.5
2025-07-31 09:30:59 AM,24700.1,0,0.0,17364816112.5
2025-07-31 09:30:59 AM,24700.1,75,1852507.5,17366668620.0
2025-07-31 09:31:00 AM,24697.2,0,0.0,17366668620.0
2025-07-31 09:31:00 AM,24697.2,525,12966030.0,17379634650.0
2025-07-31 09:31:00 AM,24699.9,0,0.0,17379634650.0
2025-07-31 09:31:00 AM,24699.4,150,3704910.0,17383339560.0
2025-07-31 09:31:02 AM,24696.0,0,0.0,17383339560.0
2025-07-31 09:31:02 AM,24695.3,225,5556442.5,17388896002.5
2025-07-31 09:31:03 AM,24694.1,0,0.0,17388896002.5
2025-07-31 09:31:03 AM,24694.4,150,3704160.0,17392600162.5
2025-07-31 09:31:04 AM,24694.8,750,18521100.0,17411121262.5
2025-07-31 09:31:05 AM,24692.1,0,0.0,17411121262.5
2025-07-31 09:31:05 AM,24692.1,675,16667167.499999998,17427788430.0
2025-07-31 09:31:06 AM,24691.0,0,0.0,17427788430.0
2025-07-31 09:31:06 AM,24690.1,900,22221090.0,17450009520.0
2025-07-31 09:31:07 AM,24691.8,0,0.0,17450009520.0
2025-07-31 09:31:07 AM,24690.0,525,12962250.0,17462971770.0
2025-07-31 09:31:08 AM,24689.0,75,1851675.0,17464823445.0
2025-07-31 09:31:09 AM,24689.7,0,0.0,17464823445.0
2025-07-31 09:31:09 AM,24689.7,675,16665547.5,17481488992.5
2025-07-31 09:31:10 AM,24691.9,0,0.0,17481488992.5
2025-07-31 09:31:10 AM,24691.9,675,16667032.500000002,17498156025.0
2025-07-31 09:31:10 AM,24695.3,75,1852147.5,17500008172.5
2025-07-31 09:31:11 AM,24694.2,0,0.0,17500008172.5
2025-07-31 09:31:11 AM,24696.1,0,0.0,17500008172.5
2025-07-31 09:31:11 AM,24695.9,450,11113155.0,17511121327.5
2025-07-31 09:31:12 AM,24696.7,0,0.0,17511121327.5
2025-07-31 09:31:12 AM,24696.0,0,0.0,17511121327.5
2025-07-31 09:31:12 AM,24696.4,450,11113380.0,17522234707.5
2025-07-31 09:31:13 AM,24696.0,0,0.0,17522234707.5
2025-07-31 09:31:13 AM,24696.7,0,0.0,17522234707.5
2025-07-31 09:31:13 AM,24696.7,300,7409010.0,17529643717.5
2025-07-31 09:31:14 AM,24696.0,0,0.0,17529643717.5
2025-07-31 09:31:14 AM,24696.0,975,24078600.0,17553722317.5
2025-07-31 09:31:15 AM,24698.6,0,0.0,17553722317.5
2025-07-31 09:31:15 AM,24698.6,75,1852395.0,17555574712.5
2025-07-31 09:31:15 AM,24696.1,225,5556622.5,17561131335.0
2025-07-31 09:31:16 AM,24696.0,0,0.0,17561131335.0
2025-07-31 09:31:16 AM,24698.4,0,0.0,17561131335.0
2025-07-31 09:31:16 AM,24698.5,300,7409550.0,17568540885.0
2025-07-31 09:31:17 AM,24697.9,0,0.0,17568540885.0
2025-07-31 09:31:17 AM,24697.9,375,9261712.5,17577802597.5
2025-07-31 09:31:18 AM,24700.0,0,0.0,17577802597.5
2025-07-31 09:31:18 AM,24700.0,225,5557500.0,17583360097.5
2025-07-31 09:31:18 AM,24701.0,75,1852575.0,17585212672.5
2025-07-31 09:31:20 AM,24701.4,0,0.0,17585212672.5
2025-07-31 09:31:20 AM,24701.4,75,1852605.0,17587065277.5
2025-07-31 09:31:20 AM,24702.9,75,1852717.5,17588917995.0
2025-07-31 09:31:21 AM,24703.3,0,0.0,17588917995.0
2025-07-31 09:31:21 AM,24703.3,75,1852747.5,17590770742.5
2025-07-31 09:31:22 AM,24704.0,0,0.0,17590770742.5
2025-07-31 09:31:22 AM,24704.0,150,3705600.0,17594476342.5
2025-07-31 09:31:23 AM,24705.0,0,0.0,17594476342.5
2025-07-31 09:31:23 AM,24705.0,225,5558625.0,17600034967.5
2025-07-31 09:31:23 AM,24703.3,375,9263737.5,17609298705.0
2025-07-31 09:31:24 AM,24705.0,0,0.0,17609298705.0
2025-07-31 09:31:25 AM,24703.3,0,0.0,17609298705.0
2025-07-31 09:31:25 AM,24699.0,750,18524250.0,17627822955.0
2025-07-31 09:31:25 AM,24705.0,75,1852875.0,17629675830.0
2025-07-31 09:31:26 AM,24704.0,0,0.0,17629675830.0
2025-07-31 09:31:26 AM,24705.0,600,14823000.0,17644498830.0
2025-07-31 09:31:27 AM,24706.0,0,0.0,17644498830.0
2025-07-31 09:31:27 AM,24700.3,0,0.0,17644498830.0
2025-07-31 09:31:27 AM,24700.3,1275,31492882.5,17675991712.5
2025-07-31 09:31:28 AM,24706.0,0,0.0,17675991712.5
2025-07-31 09:31:28 AM,24706.0,75,1852950.0,17677844662.5
2025-07-31 09:31:30 AM,24707.0,0,0.0,17677844662.5
2025-07-31 09:31:30 AM,24707.0,225,5559075.0,17683403737.5
2025-07-31 09:31:30 AM,24707.5,150,3706125.0,17687109862.5
2025-07-31 09:31:31 AM,24707.5,75,1853062.5,17688962925.0
2025-07-31 09:31:32 AM,24709.0,0,0.0,17688962925.0
2025-07-31 09:31:32 AM,24709.0,450,11119050.0,17700081975.0
2025-07-31 09:31:33 AM,24709.7,0,0.0,17700081975.0
2025-07-31 09:31:33 AM,24710.0,225,5559750.0,17705641725.0
2025-07-31 09:31:33 AM,24710.0,225,5559750.0,17711201475.0
2025-07-31 09:31:34 AM,24712.1,0,0.0,17711201475.0
2025-07-31 09:31:35 AM,24712.1,375,9267037.5,17720468512.5
2025-07-31 09:31:35 AM,24710.0,0,0.0,17720468512.5
2025-07-31 09:31:35 AM,24710.0,75,1853250.0,17722321762.5
2025-07-31 09:31:36 AM,24711.3,0,0.0,17722321762.5
2025-07-31 09:31:36 AM,24707.5,150,3706125.0,17726027887.5
2025-07-31 09:31:37 AM,24707.5,75,1853062.5,17727880950.0
2025-07-31 09:31:38 AM,24710.7,0,0.0,17727880950.0
2025-07-31 09:31:38 AM,24710.7,75,1853302.5,17729734252.5
2025-07-31 09:31:39 AM,24710.0,0,0.0,17729734252.5
2025-07-31 09:31:39 AM,24707.5,0,0.0,17729734252.5
2025-07-31 09:31:40 AM,24707.5,300,7412250.0,17737146502.5
2025-07-31 09:31:40 AM,24710.0,150,3706500.0,17740853002.5
2025-07-31 09:31:41 AM,24707.5,75,1853062.5,17742706065.0
2025-07-31 09:31:42 AM,24711.3,225,5560042.5,17748266107.5
2025-07-31 09:31:43 AM,24712.4,0,0.0,17748266107.5
2025-07-31 09:31:43 AM,24712.4,225,5560290.0,17753826397.5
2025-07-31 09:31:44 AM,24708.0,0,0.0,17753826397.5
2025-07-31 09:31:45 AM,24708.0,150,3706200.0,17757532597.5
2025-07-31 09:31:46 AM,24712.4,0,0.0,17757532597.5
2025-07-31 09:31:46 AM,24712.4,75,1853430.0,17759386027.5
2025-07-31 09:31:47 AM,24707.2,0,0.0,17759386027.5
2025-07-31 09:31:48 AM,24714.0,0,0.0,17759386027.5
2025-07-31 09:31:48 AM,24714.0,375,9267750.0,17768653777.5
2025-07-31 09:31:48 AM,24707.6,150,3706140.0,17772359917.5
2025-07-31 09:31:50 AM,24713.9,0,0.0,17772359917.5
2025-07-31 09:31:50 AM,24713.9,225,5560627.5,17777920545.0
2025-07-31 09:31:51 AM,24713.9,75,1853542.5,17779774087.5
2025-07-31 09:31:52 AM,24714.0,375,9267750.0,17789041837.5
2025-07-31 09:31:53 AM,24712.4,75,1853430.0,17790895267.5
2025-07-31 09:31:53 AM,24711.1,75,1853332.5,17792748600.0
2025-07-31 09:31:55 AM,24707.5,0,0.0,17792748600.0
2025-07-31 09:31:55 AM,24707.5,75,1853062.5,17794601662.5
2025-07-31 09:31:56 AM,24709.0,0,0.0,17794601662.5
2025-07-31 09:31:56 AM,24709.0,300,7412700.0,17802014362.5
2025-07-31 09:31:57 AM,24708.8,0,0.0,17802014362.5
2025-07-31 09:31:57 AM,24708.8,75,1853160.0,17803867522.5
2025-07-31 09:31:58 AM,24708.0,0,0.0,17803867522.5
2025-07-31 09:31:58 AM,24708.0,300,7412400.0,17811279922.5
2025-07-31 09:31:59 AM,24710.2,0,0.0,17811279922.5
2025-07-31 09:32:00 AM,24710.2,75,1853265.0,17813133187.5
2025-07-31 09:32:03 AM,24712.7,0,0.0,17813133187.5
2025-07-31 09:32:04 AM,24712.7,150,3706905.0,17816840092.5
2025-07-31 09:32:04 AM,24710.0,0,0.0,17816840092.5
2025-07-31 09:32:05 AM,24710.0,75,1853250.0,17818693342.5
2025-07-31 09:32:05 AM,24710.4,0,0.0,17818693342.5
2025-07-31 09:32:05 AM,24710.4,75,1853280.0,17820546622.5
2025-07-31 09:32:06 AM,24705.0,0,0.0,17820546622.5
2025-07-31 09:32:06 AM,24710.1,225,5559772.5,17826106395.0
2025-07-31 09:32:07 AM,24705.0,75,1852875.0,17827959270.0
