date,price,qty,trnvr,cum_trnvr
2025-08-01 09:15:00 AM,13.0,8400,109200.0,109200.0
2025-08-01 09:15:00 AM,13.0,1575,20475.0,129675.0
2025-08-01 09:15:01 AM,12.55,0,0.0,129675.0
2025-08-01 09:15:01 AM,12.6,0,0.0,129675.0
2025-08-01 09:15:01 AM,12.8,15525,198720.0,328395.0
2025-08-01 09:15:01 AM,13.15,7800,102570.0,430965.0
2025-08-01 09:15:02 AM,13.9,0,0.0,430965.0
2025-08-01 09:15:02 AM,14.0,0,0.0,430965.0
2025-08-01 09:15:02 AM,14.4,11175,160920.0,591885.0
2025-08-01 09:15:02 AM,14.5,20475,296887.5,888772.5
2025-08-01 09:15:03 AM,14.15,0,0.0,888772.5
2025-08-01 09:15:03 AM,14.7,0,0.0,888772.5
2025-08-01 09:15:03 AM,14.75,12225,180318.75,1069091.25
2025-08-01 09:15:03 AM,15.0,3525,52875.0,1121966.25
2025-08-01 09:15:04 AM,14.6,0,0.0,1121966.25
2025-08-01 09:15:04 AM,14.4,13425,193320.0,1315286.25
2025-08-01 09:15:04 AM,14.5,300,4350.0,1319636.25
2025-08-01 09:15:05 AM,14.8,0,0.0,1319636.25
2025-08-01 09:15:05 AM,14.15,0,0.0,1319636.25
2025-08-01 09:15:05 AM,14.65,15450,226342.5,1545978.75
2025-08-01 09:15:06 AM,14.25,0,0.0,1545978.75
2025-08-01 09:15:06 AM,14.05,0,0.0,1545978.75
2025-08-01 09:15:06 AM,13.85,17175,237873.75,1783852.5
2025-08-01 09:15:06 AM,13.75,1800,24750.0,1808602.5
2025-08-01 09:15:07 AM,13.7,0,0.0,1808602.5
2025-08-01 09:15:07 AM,13.85,0,0.0,1808602.5
2025-08-01 09:15:07 AM,14.3,33750,482625.0,2291227.5
2025-08-01 09:15:07 AM,14.3,75,1072.5,2292300.0
2025-08-01 09:15:08 AM,14.5,0,0.0,2292300.0
2025-08-01 09:15:09 AM,14.25,0,0.0,2292300.0
2025-08-01 09:15:09 AM,14.25,36150,515137.5,2807437.5
2025-08-01 09:15:09 AM,14.15,0,0.0,2807437.5
2025-08-01 09:15:09 AM,14.15,2400,33960.0,2841397.5
2025-08-01 09:15:10 AM,13.95,0,0.0,2841397.5
2025-08-01 09:15:10 AM,14.1,29775,419827.5,3261225.0
2025-08-01 09:15:10 AM,13.95,675,9416.25,3270641.25
2025-08-01 09:15:11 AM,13.8,0,0.0,3270641.25
2025-08-01 09:15:11 AM,13.7,42600,583620.0,3854261.25
2025-08-01 09:15:11 AM,13.8,1125,15525.0,3869786.25
2025-08-01 09:15:12 AM,13.5,0,0.0,3869786.25
2025-08-01 09:15:12 AM,13.55,0,0.0,3869786.25
2025-08-01 09:15:12 AM,13.3,48225,641392.5,4511178.75
2025-08-01 09:15:12 AM,13.3,2100,27930.0,4539108.75
2025-08-01 09:15:13 AM,13.95,0,0.0,4539108.75
2025-08-01 09:15:13 AM,13.75,62550,860062.5,5399171.25
2025-08-01 09:15:13 AM,13.7,450,6165.0,5405336.25
2025-08-01 09:15:14 AM,13.55,0,0.0,5405336.25
2025-08-01 09:15:14 AM,13.15,31200,410280.0,5815616.25
2025-08-01 09:15:14 AM,13.2,75,990.0,5816606.25
2025-08-01 09:15:16 AM,13.45,0,0.0,5816606.25
2025-08-01 09:15:16 AM,13.45,29100,391395.0,6208001.25
2025-08-01 09:15:17 AM,13.1,0,0.0,6208001.25
2025-08-01 09:15:17 AM,13.0,0,0.0,6208001.25
2025-08-01 09:15:17 AM,12.85,25275,324783.75,6532785.0
2025-08-01 09:15:18 AM,12.95,0,0.0,6532785.0
2025-08-01 09:15:18 AM,12.9,0,0.0,6532785.0
2025-08-01 09:15:18 AM,12.9,19875,256387.5,6789172.5
2025-08-01 09:15:18 AM,12.9,525,6772.5,6795945.0
2025-08-01 09:15:19 AM,13.05,0,0.0,6795945.0
2025-08-01 09:15:19 AM,13.1,18525,242677.5,7038622.5
2025-08-01 09:15:19 AM,13.25,825,10931.25,7049553.75
2025-08-01 09:15:20 AM,13.15,0,0.0,7049553.75
2025-08-01 09:15:20 AM,13.1,0,0.0,7049553.75
2025-08-01 09:15:20 AM,13.05,36450,475672.5,7525226.25
2025-08-01 09:15:20 AM,13.05,2325,30341.25,7555567.5
2025-08-01 09:15:21 AM,13.0,0,0.0,7555567.5
2025-08-01 09:15:21 AM,12.75,16575,211331.25,7766898.75
2025-08-01 09:15:22 AM,12.8,0,0.0,7766898.75
2025-08-01 09:15:22 AM,12.8,2250,28800.0,7795698.75
2025-08-01 09:15:23 AM,12.6,0,0.0,7795698.75
2025-08-01 09:15:23 AM,12.7,0,0.0,7795698.75
2025-08-01 09:15:23 AM,12.85,10575,135888.75,7931587.5
2025-08-01 09:15:23 AM,12.9,300,3870.0,7935457.5
2025-08-01 09:15:24 AM,13.25,0,0.0,7935457.5
2025-08-01 09:15:24 AM,13.15,0,0.0,7935457.5
2025-08-01 09:15:24 AM,13.2,48150,635580.0,8571037.5
2025-08-01 09:15:24 AM,13.2,4125,54450.0,8625487.5
2025-08-01 09:15:25 AM,13.05,0,0.0,8625487.5
2025-08-01 09:15:25 AM,13.0,12000,156000.0,8781487.5
2025-08-01 09:15:25 AM,12.95,1275,16511.25,8797998.75
2025-08-01 09:15:26 AM,13.0,0,0.0,8797998.75
2025-08-01 09:15:26 AM,12.95,7725,100038.75,8898037.5
2025-08-01 09:15:27 AM,12.8,0,0.0,8898037.5
2025-08-01 09:15:27 AM,12.8,2550,32640.0,8930677.5
2025-08-01 09:15:28 AM,13.15,0,0.0,8930677.5
2025-08-01 09:15:28 AM,13.0,0,0.0,8930677.5
2025-08-01 09:15:28 AM,13.1,29175,382192.5,9312870.0
2025-08-01 09:15:28 AM,13.0,1800,23400.0,9336270.0
2025-08-01 09:15:29 AM,13.1,10350,135585.0,9471855.0
2025-08-01 09:15:30 AM,12.8,0,0.0,9471855.0
2025-08-01 09:15:30 AM,12.7,0,0.0,9471855.0
2025-08-01 09:15:30 AM,12.6,31200,393120.0,9864975.0
2025-08-01 09:15:30 AM,12.7,6525,82867.5,9947842.5
2025-08-01 09:15:31 AM,12.75,0,0.0,9947842.5
2025-08-01 09:15:31 AM,12.65,17175,217263.75,10165106.25
2025-08-01 09:15:32 AM,12.75,0,0.0,10165106.25
2025-08-01 09:15:32 AM,12.65,0,0.0,10165106.25
2025-08-01 09:15:33 AM,12.5,0,0.0,10165106.25
2025-08-01 09:15:33 AM,12.55,0,0.0,10165106.25
2025-08-01 09:15:33 AM,12.55,19125,240018.75,10405125.0
2025-08-01 09:15:34 AM,13.05,0,0.0,10405125.0
2025-08-01 09:15:34 AM,12.95,0,0.0,10405125.0
2025-08-01 09:15:34 AM,13.05,72525,946451.25,11351576.25
2025-08-01 09:15:34 AM,12.9,2475,31927.5,11383503.75
2025-08-01 09:15:35 AM,13.0,0,0.0,11383503.75
2025-08-01 09:15:35 AM,13.05,13425,175196.25,11558700.0
2025-08-01 09:15:35 AM,13.05,1950,25447.5,11584147.5
2025-08-01 09:15:36 AM,12.95,16725,216588.75,11800736.25
2025-08-01 09:15:36 AM,13.05,1575,20553.75,11821290.0
2025-08-01 09:15:37 AM,13.45,30900,415605.0,12236895.0
2025-08-01 09:15:38 AM,13.35,0,0.0,12236895.0
2025-08-01 09:15:38 AM,13.4,0,0.0,12236895.0
2025-08-01 09:15:38 AM,13.4,7125,95475.0,12332370.0
2025-08-01 09:15:39 AM,13.5,0,0.0,12332370.0
2025-08-01 09:15:39 AM,13.45,0,0.0,12332370.0
2025-08-01 09:15:39 AM,13.35,21900,292365.0,12624735.0
2025-08-01 09:15:40 AM,13.45,0,0.0,12624735.0
2025-08-01 09:15:40 AM,13.45,31650,425692.5,13050427.5
2025-08-01 09:15:41 AM,13.5,0,0.0,13050427.5
2025-08-01 09:15:41 AM,13.5,7200,97200.0,13147627.5
2025-08-01 09:15:42 AM,13.45,0,0.0,13147627.5
2025-08-01 09:15:43 AM,13.5,0,0.0,13147627.5
2025-08-01 09:15:43 AM,13.5,9975,134662.5,13282290.0
2025-08-01 09:15:43 AM,13.45,75,1008.75,13283298.75
2025-08-01 09:15:44 AM,13.35,0,0.0,13283298.75
2025-08-01 09:15:44 AM,13.4,6075,81405.0,13364703.75
2025-08-01 09:15:44 AM,13.4,1350,18090.0,13382793.75
2025-08-01 09:15:45 AM,13.5,0,0.0,13382793.75
2025-08-01 09:15:45 AM,13.55,0,0.0,13382793.75
2025-08-01 09:15:45 AM,13.25,17925,237506.25,13620300.0
2025-08-01 09:15:46 AM,13.35,1800,24030.0,13644330.0
2025-08-01 09:15:46 AM,13.2,4350,57420.0,13701750.0
2025-08-01 09:15:47 AM,13.3,0,0.0,13701750.0
2025-08-01 09:15:47 AM,13.25,675,8943.75,13710693.75
2025-08-01 09:15:48 AM,13.15,0,0.0,13710693.75
2025-08-01 09:15:48 AM,13.2,0,0.0,13710693.75
2025-08-01 09:15:48 AM,13.15,7875,103556.25,13814250.0
2025-08-01 09:15:48 AM,13.35,2250,30037.5,13844287.5
2025-08-01 09:15:49 AM,13.0,0,0.0,13844287.5
2025-08-01 09:15:49 AM,13.05,16875,220218.75,14064506.25
2025-08-01 09:15:49 AM,13.0,1275,16575.0,14081081.25
2025-08-01 09:15:50 AM,12.85,0,0.0,14081081.25
2025-08-01 09:15:50 AM,12.9,16425,211882.5,14292963.75
2025-08-01 09:15:51 AM,12.85,1950,25057.5,14318021.25
2025-08-01 09:15:51 AM,12.8,0,0.0,14318021.25
2025-08-01 09:15:52 AM,12.8,24600,314880.0,14632901.25
2025-08-01 09:15:52 AM,12.65,0,0.0,14632901.25
2025-08-01 09:15:52 AM,12.75,5475,69806.25,14702707.5
2025-08-01 09:15:53 AM,12.7,0,0.0,14702707.5
2025-08-01 09:15:53 AM,12.75,0,0.0,14702707.5
2025-08-01 09:15:53 AM,12.75,9825,125268.75,14827976.25
2025-08-01 09:15:53 AM,12.8,300,3840.0,14831816.25
2025-08-01 09:15:54 AM,12.95,0,0.0,14831816.25
2025-08-01 09:15:54 AM,13.0,0,0.0,14831816.25
2025-08-01 09:15:54 AM,12.85,6375,81918.75,14913735.0
2025-08-01 09:15:54 AM,12.9,525,6772.5,14920507.5
2025-08-01 09:15:55 AM,12.5,0,0.0,14920507.5
2025-08-01 09:15:55 AM,12.55,29925,375558.75,15296066.25
2025-08-01 09:15:56 AM,12.5,2475,30937.5,15327003.75
2025-08-01 09:15:56 AM,12.4,0,0.0,15327003.75
2025-08-01 09:15:57 AM,12.35,0,0.0,15327003.75
2025-08-01 09:15:57 AM,12.3,0,0.0,15327003.75
2025-08-01 09:15:57 AM,12.3,15525,190957.5,15517961.25
2025-08-01 09:15:57 AM,12.4,900,11160.0,15529121.25
2025-08-01 09:15:58 AM,12.5,0,0.0,15529121.25
2025-08-01 09:15:58 AM,12.45,19050,237172.5,15766293.75
2025-08-01 09:15:59 AM,12.55,0,0.0,15766293.75
2025-08-01 09:15:59 AM,12.35,8925,110223.75,15876517.5
2025-08-01 09:16:00 AM,12.4,0,0.0,15876517.5
2025-08-01 09:16:00 AM,12.5,0,0.0,15876517.5
2025-08-01 09:16:01 AM,12.8,34725,444480.0,16320997.5
2025-08-01 09:16:01 AM,12.95,0,0.0,16320997.5
2025-08-01 09:16:01 AM,13.0,2700,35100.0,16356097.5
2025-08-01 09:16:01 AM,13.05,0,0.0,16356097.5
2025-08-01 09:16:02 AM,13.0,0,0.0,16356097.5
2025-08-01 09:16:02 AM,13.05,14250,185962.5,16542060.0
2025-08-01 09:16:03 AM,13.0,0,0.0,16542060.0
2025-08-01 09:16:03 AM,13.2,17100,225720.0,16767780.0
2025-08-01 09:16:03 AM,13.1,4425,57967.5,16825747.5
2025-08-01 09:16:04 AM,13.05,0,0.0,16825747.5
2025-08-01 09:16:04 AM,13.1,0,0.0,16825747.5
2025-08-01 09:16:04 AM,13.05,14175,184983.75,17010731.25
2025-08-01 09:16:05 AM,13.1,5100,66810.0,17077541.25
2025-08-01 09:16:05 AM,13.15,0,0.0,17077541.25
2025-08-01 09:16:05 AM,13.2,0,0.0,17077541.25
2025-08-01 09:16:06 AM,13.1,15450,202395.0,17279936.25
2025-08-01 09:16:06 AM,13.0,0,0.0,17279936.25
2025-08-01 09:16:06 AM,13.1,0,0.0,17279936.25
2025-08-01 09:16:06 AM,13.0,5250,68250.0,17348186.25
2025-08-01 09:16:07 AM,12.85,0,0.0,17348186.25
2025-08-01 09:16:07 AM,12.85,28350,364297.5,17712483.75
2025-08-01 09:16:08 AM,12.95,0,0.0,17712483.75
2025-08-01 09:16:08 AM,13.0,0,0.0,17712483.75
2025-08-01 09:16:08 AM,12.95,10575,136946.25,17849430.0
2025-08-01 09:16:08 AM,12.9,150,1935.0,17851365.0
2025-08-01 09:16:09 AM,12.95,0,0.0,17851365.0
2025-08-01 09:16:09 AM,12.8,19500,249600.0,18100965.0
2025-08-01 09:16:10 AM,12.8,3900,49920.0,18150885.0
2025-08-01 09:16:10 AM,12.9,0,0.0,18150885.0
2025-08-01 09:16:10 AM,12.8,0,0.0,18150885.0
2025-08-01 09:16:11 AM,13.15,0,0.0,18150885.0
2025-08-01 09:16:11 AM,13.15,42225,555258.75,18706143.75
2025-08-01 09:16:12 AM,13.15,34200,449730.0,19155873.75
2025-08-01 09:16:13 AM,13.35,0,0.0,19155873.75
2025-08-01 09:16:13 AM,13.1,32625,427387.5,19583261.25
2025-08-01 09:16:14 AM,13.15,750,9862.5,19593123.75
2025-08-01 09:16:14 AM,13.1,0,0.0,19593123.75
2025-08-01 09:16:15 AM,13.15,18825,247548.75,19840672.5
2025-08-01 09:16:15 AM,13.25,0,0.0,19840672.5
2025-08-01 09:16:15 AM,13.15,0,0.0,19840672.5
2025-08-01 09:16:15 AM,13.2,1050,13860.0,19854532.5
2025-08-01 09:16:16 AM,13.0,0,0.0,19854532.5
2025-08-01 09:16:16 AM,12.95,0,0.0,19854532.5
2025-08-01 09:16:16 AM,12.95,14250,184537.5,20039070.0
2025-08-01 09:16:16 AM,12.95,300,3885.0,20042955.0
2025-08-01 09:16:17 AM,12.85,16800,215880.0,20258835.0
2025-08-01 09:16:17 AM,12.85,300,3855.0,20262690.0
2025-08-01 09:16:18 AM,12.9,0,0.0,20262690.0
2025-08-01 09:16:19 AM,12.9,6300,81270.0,20343960.0
2025-08-01 09:16:19 AM,12.95,0,0.0,20343960.0
2025-08-01 09:16:19 AM,13.0,0,0.0,20343960.0
2025-08-01 09:16:20 AM,13.2,0,0.0,20343960.0
2025-08-01 09:16:20 AM,13.35,46575,621776.25,20965736.25
2025-08-01 09:16:21 AM,13.3,0,0.0,20965736.25
2025-08-01 09:16:21 AM,13.25,0,0.0,20965736.25
2025-08-01 09:16:21 AM,13.25,16050,212662.5,21178398.75
2025-08-01 09:16:22 AM,13.4,0,0.0,21178398.75
2025-08-01 09:16:22 AM,13.3,0,0.0,21178398.75
2025-08-01 09:16:22 AM,13.25,20175,267318.75,21445717.5
2025-08-01 09:16:23 AM,13.25,1575,20868.75,21466586.25
2025-08-01 09:16:23 AM,13.3,0,0.0,21466586.25
2025-08-01 09:16:23 AM,13.25,0,0.0,21466586.25
2025-08-01 09:16:24 AM,13.3,0,0.0,21466586.25
2025-08-01 09:16:24 AM,13.3,23700,315210.0,21781796.25
2025-08-01 09:16:25 AM,13.2,0,0.0,21781796.25
2025-08-01 09:16:25 AM,13.2,15825,208890.0,21990686.25
2025-08-01 09:16:26 AM,13.25,0,0.0,21990686.25
2025-08-01 09:16:26 AM,13.3,22275,296257.5,22286943.75
2025-08-01 09:16:27 AM,13.2,7125,94050.0,22380993.75
2025-08-01 09:16:27 AM,13.15,0,0.0,22380993.75
2025-08-01 09:16:28 AM,13.2,14700,194040.0,22575033.75
2025-08-01 09:16:28 AM,13.2,225,2970.0,22578003.75
2025-08-01 09:16:29 AM,13.25,0,0.0,22578003.75
2025-08-01 09:16:29 AM,13.25,15900,210675.0,22788678.75
2025-08-01 09:16:29 AM,13.25,2025,26831.25,22815510.0
2025-08-01 09:16:30 AM,13.4,0,0.0,22815510.0
2025-08-01 09:16:30 AM,13.35,0,0.0,22815510.0
2025-08-01 09:16:30 AM,13.4,23625,316575.0,23132085.0
2025-08-01 09:16:31 AM,13.35,15825,211263.75,23343348.75
2025-08-01 09:16:32 AM,13.3,2775,36907.5,23380256.25
2025-08-01 09:16:33 AM,13.35,0,0.0,23380256.25
2025-08-01 09:16:33 AM,13.35,4500,60075.0,23440331.25
2025-08-01 09:16:34 AM,13.1,0,0.0,23440331.25
2025-08-01 09:16:34 AM,13.15,20850,274177.5,23714508.75
2025-08-01 09:16:34 AM,13.2,6825,90090.0,23804598.75
2025-08-01 09:16:35 AM,13.15,0,0.0,23804598.75
2025-08-01 09:16:35 AM,13.1,0,0.0,23804598.75
2025-08-01 09:16:35 AM,13.1,18825,246607.5,24051206.25
2025-08-01 09:16:36 AM,13.05,0,0.0,24051206.25
2025-08-01 09:16:37 AM,13.0,17550,228150.0,24279356.25
2025-08-01 09:16:38 AM,13.05,0,0.0,24279356.25
2025-08-01 09:16:38 AM,13.1,13275,173902.5,24453258.75
2025-08-01 09:16:38 AM,13.05,2775,36213.75,24489472.5
2025-08-01 09:16:39 AM,13.1,0,0.0,24489472.5
2025-08-01 09:16:39 AM,13.0,0,0.0,24489472.5
2025-08-01 09:16:39 AM,13.05,11025,143876.25,24633348.75
2025-08-01 09:16:39 AM,13.05,525,6851.25,24640200.0
2025-08-01 09:16:40 AM,12.95,0,0.0,24640200.0
2025-08-01 09:16:40 AM,13.0,7050,91650.0,24731850.0
2025-08-01 09:16:41 AM,13.05,0,0.0,24731850.0
2025-08-01 09:16:42 AM,13.15,0,0.0,24731850.0
2025-08-01 09:16:42 AM,13.15,7500,98625.0,24830475.0
2025-08-01 09:16:43 AM,13.1,0,0.0,24830475.0
2025-08-01 09:16:43 AM,13.1,29550,387105.0,25217580.0
2025-08-01 09:16:43 AM,13.1,600,7860.0,25225440.0
2025-08-01 09:16:44 AM,13.05,0,0.0,25225440.0
2025-08-01 09:16:44 AM,13.1,16575,217132.5,25442572.5
2025-08-01 09:16:45 AM,13.0,0,0.0,25442572.5
2025-08-01 09:16:46 AM,13.1,10050,131655.0,25574227.5
2025-08-01 09:16:47 AM,13.2,0,0.0,25574227.5
2025-08-01 09:16:47 AM,13.2,16875,222750.0,25796977.5
2025-08-01 09:16:48 AM,13.2,32925,434610.0,26231587.5
2025-08-01 09:16:49 AM,13.25,0,0.0,26231587.5
2025-08-01 09:16:49 AM,13.4,17175,230145.0,26461732.5
2025-08-01 09:16:50 AM,13.35,2250,30037.5,26491770.0
2025-08-01 09:16:51 AM,13.25,0,0.0,26491770.0
2025-08-01 09:16:51 AM,13.3,13800,183540.0,26675310.0
2025-08-01 09:16:52 AM,13.35,13200,176220.0,26851530.0
2025-08-01 09:16:53 AM,13.3,0,0.0,26851530.0
2025-08-01 09:16:53 AM,13.45,15975,214863.75,27066393.75
2025-08-01 09:16:54 AM,13.4,0,0.0,27066393.75
2025-08-01 09:16:55 AM,13.5,15675,211612.5,27278006.25
2025-08-01 09:16:56 AM,13.55,27825,377028.75,27655035.0
2025-08-01 09:16:56 AM,13.55,1950,26422.5,27681457.5
2025-08-01 09:16:57 AM,13.6,0,0.0,27681457.5
2025-08-01 09:16:57 AM,13.55,0,0.0,27681457.5
2025-08-01 09:16:57 AM,13.6,9000,122400.0,27803857.5
2025-08-01 09:16:57 AM,13.75,18750,257812.5,28061670.0
2025-08-01 09:16:58 AM,13.8,0,0.0,28061670.0
2025-08-01 09:16:59 AM,13.75,14550,200062.5,28261732.5
2025-08-01 09:16:59 AM,13.7,0,0.0,28261732.5
2025-08-01 09:17:00 AM,13.75,14100,193875.0,28455607.5
2025-08-01 09:17:00 AM,13.6,10125,137700.0,28593307.5
2025-08-01 09:17:01 AM,13.55,0,0.0,28593307.5
2025-08-01 09:17:01 AM,13.6,13050,177480.0,28770787.5
2025-08-01 09:17:02 AM,13.55,20925,283533.75,29054321.25
2025-08-01 09:17:03 AM,13.6,1200,16320.0,29070641.25
2025-08-01 09:17:03 AM,13.65,0,0.0,29070641.25
2025-08-01 09:17:03 AM,13.6,0,0.0,29070641.25
2025-08-01 09:17:04 AM,13.75,0,0.0,29070641.25
2025-08-01 09:17:04 AM,13.65,0,0.0,29070641.25
2025-08-01 09:17:04 AM,13.65,24075,328623.75,29399265.0
2025-08-01 09:17:05 AM,13.7,0,0.0,29399265.0
2025-08-01 09:17:05 AM,13.65,8775,119778.75,29519043.75
2025-08-01 09:17:05 AM,13.7,4725,64732.5,29583776.25
2025-08-01 09:17:06 AM,13.7,8550,117135.0,29700911.25
2025-08-01 09:17:07 AM,13.75,0,0.0,29700911.25
2025-08-01 09:17:08 AM,13.7,13950,191115.0,29892026.25
2025-08-01 09:17:08 AM,13.75,0,0.0,29892026.25
2025-08-01 09:17:09 AM,13.7,0,0.0,29892026.25
2025-08-01 09:17:09 AM,13.7,19425,266122.5,30158148.75
2025-08-01 09:17:09 AM,13.8,675,9315.0,30167463.75
2025-08-01 09:17:10 AM,13.7,0,0.0,30167463.75
2025-08-01 09:17:10 AM,13.75,22800,313500.0,30480963.75
2025-08-01 09:17:10 AM,13.8,3525,48645.0,30529608.75
2025-08-01 09:17:11 AM,13.7,0,0.0,30529608.75
2025-08-01 09:17:11 AM,13.75,0,0.0,30529608.75
2025-08-01 09:17:11 AM,13.7,33825,463402.5,30993011.25
2025-08-01 09:17:12 AM,13.6,0,0.0,30993011.25
2025-08-01 09:17:13 AM,13.5,0,0.0,30993011.25
2025-08-01 09:17:13 AM,13.45,15375,206793.75,31199805.0
2025-08-01 09:17:14 AM,13.4,0,0.0,31199805.0
2025-08-01 09:17:14 AM,13.35,11175,149186.25,31348991.25
2025-08-01 09:17:14 AM,13.4,2550,34170.0,31383161.25
2025-08-01 09:17:15 AM,13.35,0,0.0,31383161.25
2025-08-01 09:17:15 AM,13.45,0,0.0,31383161.25
2025-08-01 09:17:15 AM,13.35,13125,175218.75,31558380.0
2025-08-01 09:17:15 AM,13.35,150,2002.5,31560382.5
2025-08-01 09:17:16 AM,13.35,12450,166207.5,31726590.0
2025-08-01 09:17:17 AM,13.3,150,1995.0,31728585.0
2025-08-01 09:17:18 AM,13.45,8175,109953.75,31838538.75
2025-08-01 09:17:18 AM,13.4,1200,16080.0,31854618.75
2025-08-01 09:17:19 AM,13.55,0,0.0,31854618.75
2025-08-01 09:17:19 AM,13.5,0,0.0,31854618.75
2025-08-01 09:17:19 AM,13.4,15975,214065.0,32068683.75
2025-08-01 09:17:19 AM,13.3,3750,49875.0,32118558.75
2025-08-01 09:17:20 AM,13.35,0,0.0,32118558.75
2025-08-01 09:17:20 AM,13.3,22800,303240.0,32421798.75
2025-08-01 09:17:21 AM,13.25,0,0.0,32421798.75
2025-08-01 09:17:21 AM,13.2,32850,433620.0,32855418.75
2025-08-01 09:17:23 AM,13.2,14400,190080.0,33045498.75
2025-08-01 09:17:23 AM,13.15,0,0.0,33045498.75
2025-08-01 09:17:24 AM,13.1,0,0.0,33045498.75
2025-08-01 09:17:24 AM,13.15,0,0.0,33045498.75
2025-08-01 09:17:24 AM,13.15,18450,242617.5,33288116.25
2025-08-01 09:17:25 AM,13.1,0,0.0,33288116.25
2025-08-01 09:17:25 AM,13.05,0,0.0,33288116.25
2025-08-01 09:17:25 AM,13.05,13425,175196.25,33463312.5
2025-08-01 09:17:26 AM,13.0,0,0.0,33463312.5
2025-08-01 09:17:27 AM,13.0,17025,221325.0,33684637.5
2025-08-01 09:17:27 AM,12.95,0,0.0,33684637.5
2025-08-01 09:17:28 AM,12.95,19800,256410.0,33941047.5
2025-08-01 09:17:28 AM,12.9,2700,34830.0,33975877.5
2025-08-01 09:17:29 AM,12.95,0,0.0,33975877.5
2025-08-01 09:17:29 AM,12.85,15150,194677.5,34170555.0
2025-08-01 09:17:30 AM,12.8,0,0.0,34170555.0
2025-08-01 09:17:30 AM,12.85,4950,63607.5,34234162.5
2025-08-01 09:17:31 AM,12.85,1950,25057.5,34259220.0
2025-08-01 09:17:31 AM,12.8,0,0.0,34259220.0
2025-08-01 09:17:32 AM,12.9,0,0.0,34259220.0
2025-08-01 09:17:32 AM,12.9,11850,152865.0,34412085.0
2025-08-01 09:17:33 AM,12.85,9075,116613.75,34528698.75
2025-08-01 09:17:33 AM,12.8,825,10560.0,34539258.75
2025-08-01 09:17:34 AM,12.9,0,0.0,34539258.75
2025-08-01 09:17:34 AM,12.95,0,0.0,34539258.75
2025-08-01 09:17:34 AM,12.8,13650,174720.0,34713978.75
2025-08-01 09:17:36 AM,12.75,21825,278268.75,34992247.5
2025-08-01 09:17:36 AM,12.8,450,5760.0,34998007.5
2025-08-01 09:17:36 AM,12.75,0,0.0,34998007.5
2025-08-01 09:17:36 AM,12.8,0,0.0,34998007.5
2025-08-01 09:17:37 AM,12.9,0,0.0,34998007.5
2025-08-01 09:17:37 AM,12.9,17025,219622.5,35217630.0
2025-08-01 09:17:37 AM,12.85,2325,29876.25,35247506.25
2025-08-01 09:17:38 AM,12.9,0,0.0,35247506.25
2025-08-01 09:17:38 AM,12.85,3525,45296.25,35292802.5
2025-08-01 09:17:38 AM,12.85,1650,21202.5,35314005.0
2025-08-01 09:17:39 AM,12.8,0,0.0,35314005.0
2025-08-01 09:17:39 AM,12.7,14100,179070.0,35493075.0
2025-08-01 09:17:40 AM,12.75,0,0.0,35493075.0
2025-08-01 09:17:41 AM,12.85,13875,178293.75,35671368.75
2025-08-01 09:17:41 AM,12.85,450,5782.5,35677151.25
2025-08-01 09:17:42 AM,12.7,0,0.0,35677151.25
2025-08-01 09:17:42 AM,12.7,14850,188595.0,35865746.25
2025-08-01 09:17:42 AM,12.7,3225,40957.5,35906703.75
2025-08-01 09:17:43 AM,12.75,0,0.0,35906703.75
2025-08-01 09:17:43 AM,12.85,9825,126251.25,36032955.0
2025-08-01 09:17:43 AM,12.85,1875,24093.75,36057048.75
2025-08-01 09:17:44 AM,12.8,0,0.0,36057048.75
2025-08-01 09:17:44 AM,12.8,12150,155520.0,36212568.75
2025-08-01 09:17:45 AM,12.75,0,0.0,36212568.75
2025-08-01 09:17:46 AM,12.7,17925,227647.5,36440216.25
2025-08-01 09:17:46 AM,12.75,0,0.0,36440216.25
2025-08-01 09:17:46 AM,12.8,1050,13440.0,36453656.25
2025-08-01 09:17:47 AM,12.8,7125,91200.0,36544856.25
2025-08-01 09:17:47 AM,12.9,3750,48375.0,36593231.25
2025-08-01 09:17:48 AM,12.85,0,0.0,36593231.25
2025-08-01 09:17:48 AM,12.9,8325,107392.5,36700623.75
2025-08-01 09:17:48 AM,12.85,1875,24093.75,36724717.5
2025-08-01 09:17:49 AM,12.9,0,0.0,36724717.5
2025-08-01 09:17:50 AM,12.9,9450,121905.0,36846622.5
2025-08-01 09:17:51 AM,12.85,0,0.0,36846622.5
2025-08-01 09:17:51 AM,12.9,0,0.0,36846622.5
2025-08-01 09:17:51 AM,12.85,19875,255393.75,37102016.25
2025-08-01 09:17:52 AM,13.0,0,0.0,37102016.25
2025-08-01 09:17:52 AM,13.2,20700,273240.0,37375256.25
2025-08-01 09:17:52 AM,13.15,2550,33532.5,37408788.75
2025-08-01 09:17:53 AM,13.1,12450,163095.0,37571883.75
2025-08-01 09:17:55 AM,13.05,14400,187920.0,37759803.75
2025-08-01 09:17:55 AM,13.1,975,12772.5,37772576.25
2025-08-01 09:17:56 AM,12.95,0,0.0,37772576.25
2025-08-01 09:17:56 AM,12.95,19200,248640.0,38021216.25
2025-08-01 09:17:56 AM,13.0,12150,157950.0,38179166.25
2025-08-01 09:17:57 AM,12.9,0,0.0,38179166.25
2025-08-01 09:17:57 AM,12.85,0,0.0,38179166.25
2025-08-01 09:17:57 AM,12.9,14400,185760.0,38364926.25
2025-08-01 09:17:57 AM,12.85,2325,29876.25,38394802.5
2025-08-01 09:17:58 AM,12.9,0,0.0,38394802.5
2025-08-01 09:17:59 AM,12.9,9450,121905.0,38516707.5
2025-08-01 09:17:59 AM,12.95,0,0.0,38516707.5
2025-08-01 09:18:00 AM,12.9,0,0.0,38516707.5
2025-08-01 09:18:00 AM,12.9,15600,201240.0,38717947.5
2025-08-01 09:18:01 AM,12.95,8175,105866.25,38823813.75
2025-08-01 09:18:01 AM,12.9,75,967.5,38824781.25
2025-08-01 09:18:02 AM,12.9,825,10642.5,38835423.75
2025-08-01 09:18:03 AM,12.8,1200,15360.0,38850783.75
2025-08-01 09:18:03 AM,12.85,0,0.0,38850783.75
2025-08-01 09:18:04 AM,12.75,7050,89887.5,38940671.25
2025-08-01 09:18:05 AM,12.9,0,0.0,38940671.25
2025-08-01 09:18:05 AM,12.9,11775,151897.5,39092568.75
2025-08-01 09:18:05 AM,12.95,900,11655.0,39104223.75
2025-08-01 09:18:06 AM,12.85,0,0.0,39104223.75
2025-08-01 09:18:06 AM,12.8,0,0.0,39104223.75
2025-08-01 09:18:06 AM,12.85,6225,79991.25,39184215.0
2025-08-01 09:18:07 AM,12.8,975,12480.0,39196695.0
2025-08-01 09:18:07 AM,12.85,0,0.0,39196695.0
2025-08-01 09:18:08 AM,12.85,8550,109867.5,39306562.5
2025-08-01 09:18:08 AM,12.9,0,0.0,39306562.5
2025-08-01 09:18:08 AM,12.85,0,0.0,39306562.5
2025-08-01 09:18:09 AM,13.05,50100,653805.0,39960367.5
2025-08-01 09:18:10 AM,13.05,6075,79278.75,40039646.25
2025-08-01 09:18:10 AM,13.0,1275,16575.0,40056221.25
2025-08-01 09:18:11 AM,12.95,0,0.0,40056221.25
2025-08-01 09:18:11 AM,13.0,1950,25350.0,40081571.25
2025-08-01 09:18:12 AM,12.9,750,9675.0,40091246.25
2025-08-01 09:18:12 AM,12.95,0,0.0,40091246.25
2025-08-01 09:18:13 AM,12.85,3975,51078.75,40142325.0
2025-08-01 09:18:13 AM,12.85,3300,42405.0,40184730.0
2025-08-01 09:18:14 AM,12.75,0,0.0,40184730.0
2025-08-01 09:18:15 AM,12.75,19500,248625.0,40433355.0
2025-08-01 09:18:15 AM,12.85,0,0.0,40433355.0
2025-08-01 09:18:15 AM,12.85,75,963.75,40434318.75
2025-08-01 09:18:16 AM,12.8,0,0.0,40434318.75
2025-08-01 09:18:16 AM,12.9,7500,96750.0,40531068.75
2025-08-01 09:18:17 AM,12.85,225,2891.25,40533960.0
2025-08-01 09:18:17 AM,12.8,0,0.0,40533960.0
2025-08-01 09:18:17 AM,12.75,0,0.0,40533960.0
2025-08-01 09:18:18 AM,12.75,13500,172125.0,40706085.0
2025-08-01 09:18:18 AM,12.75,15975,203681.25,40909766.25
2025-08-01 09:18:20 AM,12.65,9900,125235.0,41035001.25
2025-08-01 09:18:20 AM,12.6,0,0.0,41035001.25
2025-08-01 09:18:20 AM,12.55,1575,19766.25,41054767.5
2025-08-01 09:18:21 AM,12.5,0,0.0,41054767.5
2025-08-01 09:18:21 AM,12.45,16875,210093.75,41264861.25
2025-08-01 09:18:22 AM,12.45,1800,22410.0,41287271.25
2025-08-01 09:18:22 AM,12.5,0,0.0,41287271.25
2025-08-01 09:18:23 AM,12.45,0,0.0,41287271.25
2025-08-01 09:18:23 AM,12.45,12600,156870.0,41444141.25
2025-08-01 09:18:23 AM,12.45,3000,37350.0,41481491.25
2025-08-01 09:18:24 AM,12.4,0,0.0,41481491.25
2025-08-01 09:18:24 AM,12.35,6300,77805.0,41559296.25
2025-08-01 09:18:25 AM,12.35,2100,25935.0,41585231.25
2025-08-01 09:18:26 AM,12.4,0,0.0,41585231.25
2025-08-01 09:18:26 AM,12.35,0,0.0,41585231.25
2025-08-01 09:18:26 AM,12.4,6075,75330.0,41660561.25
2025-08-01 09:18:27 AM,12.3,300,3690.0,41664251.25
2025-08-01 09:18:28 AM,12.35,0,0.0,41664251.25
2025-08-01 09:18:28 AM,12.35,3225,39828.75,41704080.0
2025-08-01 09:18:28 AM,12.35,3900,48165.0,41752245.0
2025-08-01 09:18:29 AM,12.4,0,0.0,41752245.0
2025-08-01 09:18:29 AM,12.45,0,0.0,41752245.0
2025-08-01 09:18:29 AM,12.5,6450,80625.0,41832870.0
2025-08-01 09:18:30 AM,12.65,0,0.0,41832870.0
2025-08-01 09:18:30 AM,12.65,7725,97721.25,41930591.25
2025-08-01 09:18:31 AM,12.5,108525,1356562.5,43287153.75
2025-08-01 09:18:32 AM,12.7,30750,390525.0,43677678.75
2025-08-01 09:18:32 AM,12.75,0,0.0,43677678.75
2025-08-01 09:18:33 AM,12.65,0,0.0,43677678.75
2025-08-01 09:18:33 AM,12.65,17100,216315.0,43893993.75
2025-08-01 09:18:33 AM,12.55,0,0.0,43893993.75
2025-08-01 09:18:33 AM,12.65,2775,35103.75,43929097.5
2025-08-01 09:18:34 AM,12.6,1725,21735.0,43950832.5
2025-08-01 09:18:35 AM,12.55,0,0.0,43950832.5
2025-08-01 09:18:35 AM,12.55,10050,126127.5,44076960.0
2025-08-01 09:18:36 AM,12.75,43725,557493.75,44634453.75
2025-08-01 09:18:37 AM,12.6,2400,30240.0,44664693.75
2025-08-01 09:18:38 AM,12.65,0,0.0,44664693.75
2025-08-01 09:18:38 AM,12.6,16425,206955.0,44871648.75
2025-08-01 09:18:38 AM,12.55,3075,38591.25,44910240.0
2025-08-01 09:18:39 AM,12.6,0,0.0,44910240.0
2025-08-01 09:18:39 AM,12.55,0,0.0,44910240.0
2025-08-01 09:18:39 AM,12.65,96900,1225785.0,46136025.0
2025-08-01 09:18:40 AM,12.7,0,0.0,46136025.0
2025-08-01 09:18:40 AM,12.7,1725,21907.5,46157932.5
2025-08-01 09:18:41 AM,12.65,0,0.0,46157932.5
2025-08-01 09:18:41 AM,12.65,10500,132825.0,46290757.5
2025-08-01 09:18:42 AM,12.7,4500,57150.0,46347907.5
2025-08-01 09:18:43 AM,12.75,0,0.0,46347907.5
2025-08-01 09:18:43 AM,12.75,17925,228543.75,46576451.25
2025-08-01 09:18:43 AM,12.7,75,952.5,46577403.75
2025-08-01 09:18:44 AM,12.7,4950,62865.0,46640268.75
2025-08-01 09:18:45 AM,12.65,0,0.0,46640268.75
2025-08-01 09:18:45 AM,12.65,5925,74951.25,46715220.0
2025-08-01 09:18:46 AM,12.7,0,0.0,46715220.0
2025-08-01 09:18:46 AM,12.6,8850,111510.0,46826730.0
2025-08-01 09:18:46 AM,12.75,2325,29643.75,46856373.75
2025-08-01 09:18:47 AM,12.7,0,0.0,46856373.75
2025-08-01 09:18:47 AM,12.65,0,0.0,46856373.75
2025-08-01 09:18:48 AM,12.5,0,0.0,46856373.75
2025-08-01 09:18:48 AM,12.5,13200,165000.0,47021373.75
2025-08-01 09:18:48 AM,12.45,4425,55091.25,47076465.0
2025-08-01 09:18:49 AM,12.55,11325,142128.75,47218593.75
2025-08-01 09:18:50 AM,12.45,0,0.0,47218593.75
2025-08-01 09:18:50 AM,12.4,0,0.0,47218593.75
2025-08-01 09:18:50 AM,12.4,5625,69750.0,47288343.75
2025-08-01 09:18:51 AM,12.45,0,0.0,47288343.75
2025-08-01 09:18:51 AM,12.5,14400,180000.0,47468343.75
2025-08-01 09:18:51 AM,12.45,2025,25211.25,47493555.0
2025-08-01 09:18:52 AM,12.4,0,0.0,47493555.0
2025-08-01 09:18:53 AM,12.35,4725,58353.75,47551908.75
2025-08-01 09:18:53 AM,12.4,0,0.0,47551908.75
2025-08-01 09:18:53 AM,12.45,5475,68163.75,47620072.5
2025-08-01 09:18:54 AM,12.6,0,0.0,47620072.5
2025-08-01 09:18:54 AM,12.65,38025,481016.25,48101088.75
2025-08-01 09:18:55 AM,12.6,0,0.0,48101088.75
2025-08-01 09:18:55 AM,12.65,0,0.0,48101088.75
2025-08-01 09:18:55 AM,12.65,4575,57873.75,48158962.5
2025-08-01 09:18:56 AM,12.55,0,0.0,48158962.5
2025-08-01 09:18:56 AM,12.5,10875,135937.5,48294900.0
2025-08-01 09:18:56 AM,12.5,5550,69375.0,48364275.0
2025-08-01 09:18:58 AM,12.5,63825,797812.5,49162087.5
2025-08-01 09:18:58 AM,12.5,23100,288750.0,49450837.5
2025-08-01 09:18:59 AM,12.55,0,0.0,49450837.5
2025-08-01 09:18:59 AM,12.55,14250,178837.5,49629675.0
2025-08-01 09:19:00 AM,12.55,9000,112950.0,49742625.0
2025-08-01 09:19:01 AM,12.45,0,0.0,49742625.0
2025-08-01 09:19:01 AM,12.5,0,0.0,49742625.0
2025-08-01 09:19:01 AM,12.5,13350,166875.0,49909500.0
2025-08-01 09:19:01 AM,12.45,7275,90573.75,50000073.75
2025-08-01 09:19:03 AM,12.45,11025,137261.25,50137335.0
2025-08-01 09:19:03 AM,12.4,75,930.0,50138265.0
2025-08-01 09:19:04 AM,12.5,0,0.0,50138265.0
2025-08-01 09:19:04 AM,12.55,3150,39532.5,50177797.5
2025-08-01 09:19:05 AM,12.6,5250,66150.0,50243947.5
2025-08-01 09:19:06 AM,12.55,0,0.0,50243947.5
2025-08-01 09:19:06 AM,12.6,0,0.0,50243947.5
2025-08-01 09:19:06 AM,12.6,8025,101115.0,50345062.5
2025-08-01 09:19:06 AM,12.55,3450,43297.5,50388360.0
2025-08-01 09:19:07 AM,12.7,0,0.0,50388360.0
2025-08-01 09:19:07 AM,12.65,0,0.0,50388360.0
2025-08-01 09:19:08 AM,12.65,105375,1332993.75,51721353.75
2025-08-01 09:19:08 AM,12.65,2025,25616.25,51746970.0
2025-08-01 09:19:09 AM,12.55,0,0.0,51746970.0
2025-08-01 09:19:09 AM,12.6,8025,101115.0,51848085.0
2025-08-01 09:19:10 AM,12.55,1500,18825.0,51866910.0
2025-08-01 09:19:10 AM,12.5,0,0.0,51866910.0
2025-08-01 09:19:11 AM,12.5,15000,187500.0,52054410.0
2025-08-01 09:19:11 AM,12.55,3300,41415.0,52095825.0
2025-08-01 09:19:12 AM,12.6,0,0.0,52095825.0
2025-08-01 09:19:13 AM,12.7,13050,165735.0,52261560.0
2025-08-01 09:19:13 AM,12.6,0,0.0,52261560.0
2025-08-01 09:19:13 AM,12.65,0,0.0,52261560.0
2025-08-01 09:19:13 AM,12.6,3300,41580.0,52303140.0
2025-08-01 09:19:14 AM,12.65,0,0.0,52303140.0
2025-08-01 09:19:14 AM,12.6,0,0.0,52303140.0
2025-08-01 09:19:14 AM,12.7,6150,78105.0,52381245.0
2025-08-01 09:19:15 AM,12.55,3000,37650.0,52418895.0
2025-08-01 09:19:15 AM,12.6,0,0.0,52418895.0
2025-08-01 09:19:16 AM,12.45,0,0.0,52418895.0
2025-08-01 09:19:16 AM,12.5,13275,165937.5,52584832.5
2025-08-01 09:19:16 AM,12.45,4725,58826.25,52643658.75
2025-08-01 09:19:17 AM,12.5,0,0.0,52643658.75
2025-08-01 09:19:18 AM,12.5,15825,197812.5,52841471.25
2025-08-01 09:19:18 AM,12.4,7500,93000.0,52934471.25
2025-08-01 09:19:19 AM,12.35,0,0.0,52934471.25
2025-08-01 09:19:19 AM,12.4,4875,60450.0,52994921.25
2025-08-01 09:19:20 AM,12.4,2400,29760.0,53024681.25
2025-08-01 09:19:20 AM,12.35,0,0.0,53024681.25
2025-08-01 09:19:21 AM,12.25,0,0.0,53024681.25
2025-08-01 09:19:21 AM,12.25,17775,217743.75,53242425.0
2025-08-01 09:19:21 AM,12.3,675,8302.5,53250727.5
2025-08-01 09:19:22 AM,12.35,0,0.0,53250727.5
2025-08-01 09:19:22 AM,12.3,0,0.0,53250727.5
2025-08-01 09:19:22 AM,12.35,15975,197291.25,53448018.75
2025-08-01 09:19:23 AM,12.3,0,0.0,53448018.75
2025-08-01 09:19:23 AM,12.35,8625,106518.75,53554537.5
2025-08-01 09:19:24 AM,12.3,0,0.0,53554537.5
2025-08-01 09:19:24 AM,12.2,18225,222345.0,53776882.5
2025-08-01 09:19:25 AM,12.3,9075,111622.5,53888505.0
2025-08-01 09:19:25 AM,12.2,0,0.0,53888505.0
2025-08-01 09:19:26 AM,12.25,0,0.0,53888505.0
2025-08-01 09:19:26 AM,12.25,10800,132300.0,54020805.0
2025-08-01 09:19:26 AM,12.2,9225,112545.0,54133350.0
2025-08-01 09:19:27 AM,12.25,0,0.0,54133350.0
2025-08-01 09:19:27 AM,12.25,11175,136893.75,54270243.75
2025-08-01 09:19:28 AM,12.3,2775,34132.5,54304376.25
2025-08-01 09:19:29 AM,12.25,0,0.0,54304376.25
2025-08-01 09:19:29 AM,12.15,0,0.0,54304376.25
2025-08-01 09:19:29 AM,12.1,17775,215077.5,54519453.75
2025-08-01 09:19:30 AM,12.15,7725,93858.75,54613312.5
2025-08-01 09:19:30 AM,12.2,0,0.0,54613312.5
2025-08-01 09:19:31 AM,12.3,0,0.0,54613312.5
2025-08-01 09:19:31 AM,12.25,0,0.0,54613312.5
2025-08-01 09:19:31 AM,12.3,30075,369922.5,54983235.0
2025-08-01 09:19:31 AM,12.25,675,8268.75,54991503.75
2025-08-01 09:19:32 AM,12.3,0,0.0,54991503.75
2025-08-01 09:19:32 AM,12.3,15825,194647.5,55186151.25
2025-08-01 09:19:33 AM,12.3,2625,32287.500000000004,55218438.75
2025-08-01 09:19:33 AM,12.25,0,0.0,55218438.75
2025-08-01 09:19:34 AM,12.3,0,0.0,55218438.75
2025-08-01 09:19:34 AM,12.35,13875,171356.25,55389795.0
2025-08-01 09:19:34 AM,12.35,1200,14820.0,55404615.0
2025-08-01 09:19:35 AM,12.4,0,0.0,55404615.0
2025-08-01 09:19:36 AM,12.25,0,0.0,55404615.0
2025-08-01 09:19:36 AM,12.3,13125,161437.5,55566052.5
2025-08-01 09:19:36 AM,12.3,2025,24907.5,55590960.0
2025-08-01 09:19:37 AM,12.3,16875,207562.5,55798522.5
2025-08-01 09:19:38 AM,12.3,3750,46125.0,55844647.5
2025-08-01 09:19:39 AM,12.25,0,0.0,55844647.5
2025-08-01 09:19:39 AM,12.3,14775,181732.5,56026380.0
2025-08-01 09:19:39 AM,12.3,450,5535.0,56031915.0
2025-08-01 09:19:40 AM,12.35,0,0.0,56031915.0
2025-08-01 09:19:41 AM,12.45,0,0.0,56031915.0
2025-08-01 09:19:41 AM,12.4,0,0.0,56031915.0
2025-08-01 09:19:41 AM,12.35,16125,199143.75,56231058.75
2025-08-01 09:19:41 AM,12.35,150,1852.5,56232911.25
2025-08-01 09:19:42 AM,12.4,0,0.0,56232911.25
2025-08-01 09:19:42 AM,12.35,8325,102813.75,56335725.0
2025-08-01 09:19:43 AM,12.25,0,0.0,56335725.0
2025-08-01 09:19:43 AM,12.3,0,0.0,56335725.0
2025-08-01 09:19:43 AM,12.3,43125,530437.5,56866162.5
2025-08-01 09:19:44 AM,12.25,0,0.0,56866162.5
2025-08-01 09:19:44 AM,12.3,0,0.0,56866162.5
2025-08-01 09:19:44 AM,12.3,8925,109777.5,56975940.0
2025-08-01 09:19:44 AM,12.25,1200,14700.0,56990640.0
2025-08-01 09:19:45 AM,12.2,0,0.0,56990640.0
2025-08-01 09:19:46 AM,12.25,0,0.0,56990640.0
2025-08-01 09:19:46 AM,12.25,18825,230606.25,57221246.25
2025-08-01 09:19:46 AM,12.2,75,915.0,57222161.25
2025-08-01 09:19:47 AM,12.3,0,0.0,57222161.25
2025-08-01 09:19:47 AM,12.3,2775,34132.5,57256293.75
2025-08-01 09:19:48 AM,12.3,75,922.5,57257216.25
2025-08-01 09:19:48 AM,12.35,0,0.0,57257216.25
2025-08-01 09:19:49 AM,12.2,0,0.0,57257216.25
2025-08-01 09:19:49 AM,12.25,11025,135056.25,57392272.5
2025-08-01 09:19:49 AM,12.25,7650,93712.5,57485985.0
2025-08-01 09:19:50 AM,12.3,0,0.0,57485985.0
2025-08-01 09:19:51 AM,12.35,5250,64837.5,57550822.5
2025-08-01 09:19:51 AM,12.35,2775,34271.25,57585093.75
2025-08-01 09:19:52 AM,12.3,0,0.0,57585093.75
2025-08-01 09:19:52 AM,12.25,14100,172725.0,57757818.75
2025-08-01 09:19:53 AM,12.3,75,922.5,57758741.25
2025-08-01 09:19:53 AM,12.35,0,0.0,57758741.25
2025-08-01 09:19:54 AM,12.4,0,0.0,57758741.25
2025-08-01 09:19:54 AM,12.4,16350,202740.0,57961481.25
2025-08-01 09:19:54 AM,12.45,3975,49488.75,58010970.0
2025-08-01 09:19:55 AM,12.4,0,0.0,58010970.0
2025-08-01 09:19:56 AM,12.4,11700,145080.0,58156050.0
2025-08-01 09:19:56 AM,12.35,0,0.0,58156050.0
2025-08-01 09:19:56 AM,12.3,4500,55350.0,58211400.0
2025-08-01 09:19:57 AM,12.2,0,0.0,58211400.0
2025-08-01 09:19:57 AM,12.2,20100,245220.0,58456620.0
2025-08-01 09:19:58 AM,12.15,4200,51030.0,58507650.0
2025-08-01 09:19:58 AM,12.2,0,0.0,58507650.0
2025-08-01 09:19:59 AM,12.15,0,0.0,58507650.0
2025-08-01 09:19:59 AM,12.2,0,0.0,58507650.0
2025-08-01 09:19:59 AM,12.15,16425,199563.75,58707213.75
2025-08-01 09:20:00 AM,12.15,3900,47385.0,58754598.75
2025-08-01 09:20:00 AM,12.3,0,0.0,58754598.75
2025-08-01 09:20:01 AM,12.3,10950,134685.0,58889283.75
2025-08-01 09:20:01 AM,12.25,0,0.0,58889283.75
2025-08-01 09:20:01 AM,12.25,2550,31237.5,58920521.25
2025-08-01 09:20:02 AM,12.15,0,0.0,58920521.25
2025-08-01 09:20:02 AM,12.25,7875,96468.75,59016990.0
2025-08-01 09:20:03 AM,12.3,1275,15682.5,59032672.5
2025-08-01 09:20:04 AM,12.4,0,0.0,59032672.5
2025-08-01 09:20:04 AM,12.35,0,0.0,59032672.5
2025-08-01 09:20:04 AM,12.4,6450,79980.0,59112652.5
2025-08-01 09:20:05 AM,12.45,375,4668.75,59117321.25
2025-08-01 09:20:05 AM,12.35,0,0.0,59117321.25
2025-08-01 09:20:06 AM,12.45,3600,44820.0,59162141.25
2025-08-01 09:20:06 AM,12.5,2550,31875.0,59194016.25
2025-08-01 09:20:07 AM,12.4,1125,13950.0,59207966.25
2025-08-01 09:20:08 AM,12.45,225,2801.25,59210767.5
2025-08-01 09:20:09 AM,12.5,0,0.0,59210767.5
2025-08-01 09:20:09 AM,12.55,10500,131775.0,59342542.5
2025-08-01 09:20:10 AM,12.55,1500,18825.0,59361367.5
2025-08-01 09:20:11 AM,12.5,4050,50625.0,59411992.5
2025-08-01 09:20:11 AM,12.55,0,0.0,59411992.5
2025-08-01 09:20:11 AM,12.55,150,1882.5,59413875.0
2025-08-01 09:20:12 AM,12.5,0,0.0,59413875.0
2025-08-01 09:20:12 AM,12.5,1725,21562.5,59435437.5
2025-08-01 09:20:13 AM,12.5,2700,33750.0,59469187.5
2025-08-01 09:20:14 AM,12.55,0,0.0,59469187.5
2025-08-01 09:20:14 AM,12.6,1425,17955.0,59487142.5
2025-08-01 09:20:14 AM,12.55,825,10353.75,59497496.25
2025-08-01 09:20:15 AM,12.6,0,0.0,59497496.25
2025-08-01 09:20:16 AM,12.6,2700,34020.0,59531516.25
2025-08-01 09:20:16 AM,12.55,900,11295.0,59542811.25
2025-08-01 09:20:17 AM,12.65,0,0.0,59542811.25
2025-08-01 09:20:17 AM,12.7,13875,176212.5,59719023.75
2025-08-01 09:20:18 AM,12.6,900,11340.0,59730363.75
2025-08-01 09:20:19 AM,12.65,0,0.0,59730363.75
2025-08-01 09:20:19 AM,12.6,4350,54810.0,59785173.75
2025-08-01 09:20:19 AM,12.6,75,945.0,59786118.75
2025-08-01 09:20:20 AM,12.8,0,0.0,59786118.75
2025-08-01 09:20:21 AM,12.75,4350,55462.5,59841581.25
2025-08-01 09:20:21 AM,12.8,9450,120960.0,59962541.25
2025-08-01 09:20:22 AM,12.75,0,0.0,59962541.25
2025-08-01 09:20:22 AM,12.8,19125,244800.0,60207341.25
2025-08-01 09:20:23 AM,12.75,3675,46856.25,60254197.5
2025-08-01 09:20:23 AM,12.8,0,0.0,60254197.5
2025-08-01 09:20:24 AM,12.85,0,0.0,60254197.5
2025-08-01 09:20:24 AM,12.8,12150,155520.0,60409717.5
2025-08-01 09:20:24 AM,12.85,1500,19275.0,60428992.5
2025-08-01 09:20:25 AM,12.8,0,0.0,60428992.5
2025-08-01 09:20:26 AM,12.8,6450,82560.0,60511552.5
2025-08-01 09:20:26 AM,12.75,0,0.0,60511552.5
2025-08-01 09:20:26 AM,12.8,2775,35520.0,60547072.5
2025-08-01 09:20:27 AM,12.8,2550,32640.0,60579712.5
2025-08-01 09:20:28 AM,12.85,3375,43368.75,60623081.25
2025-08-01 09:20:29 AM,12.8,0,0.0,60623081.25
2025-08-01 09:20:29 AM,12.8,5625,72000.0,60695081.25
2025-08-01 09:20:30 AM,12.9,0,0.0,60695081.25
2025-08-01 09:20:31 AM,12.85,26400,339240.0,61034321.25
2025-08-01 09:20:31 AM,12.9,0,0.0,61034321.25
2025-08-01 09:20:31 AM,12.85,1200,15420.0,61049741.25
2025-08-01 09:20:32 AM,12.9,0,0.0,61049741.25
2025-08-01 09:20:32 AM,12.8,4050,51840.0,61101581.25
2025-08-01 09:20:33 AM,12.8,4725,60480.0,61162061.25
2025-08-01 09:20:34 AM,12.85,0,0.0,61162061.25
2025-08-01 09:20:34 AM,12.85,5700,73245.0,61235306.25
2025-08-01 09:20:34 AM,12.75,975,12431.25,61247737.5
2025-08-01 09:20:35 AM,12.8,0,0.0,61247737.5
2025-08-01 09:20:35 AM,12.85,0,0.0,61247737.5
2025-08-01 09:20:36 AM,12.85,18675,239973.75,61487711.25
2025-08-01 09:20:36 AM,12.8,0,0.0,61487711.25
2025-08-01 09:20:36 AM,12.75,0,0.0,61487711.25
2025-08-01 09:20:36 AM,12.75,10125,129093.75,61616805.0
2025-08-01 09:20:37 AM,12.8,4275,54720.0,61671525.0
2025-08-01 09:20:38 AM,12.75,2100,26775.0,61698300.0
2025-08-01 09:20:38 AM,12.7,0,0.0,61698300.0
2025-08-01 09:20:39 AM,12.65,0,0.0,61698300.0
2025-08-01 09:20:39 AM,12.65,6075,76848.75,61775148.75
2025-08-01 09:20:39 AM,12.75,150,1912.5,61777061.25
2025-08-01 09:20:40 AM,12.7,0,0.0,61777061.25
2025-08-01 09:20:41 AM,12.7,11475,145732.5,61922793.75
2025-08-01 09:20:42 AM,12.75,0,0.0,61922793.75
2025-08-01 09:20:42 AM,12.7,22500,285750.0,62208543.75
2025-08-01 09:20:43 AM,12.7,1950,24765.0,62233308.75
2025-08-01 09:20:43 AM,12.65,0,0.0,62233308.75
2025-08-01 09:20:44 AM,12.55,5025,63063.75,62296372.5
2025-08-01 09:20:44 AM,12.6,0,0.0,62296372.5
2025-08-01 09:20:44 AM,12.6,750,9450.0,62305822.5
2025-08-01 09:20:45 AM,12.5,0,0.0,62305822.5
2025-08-01 09:20:46 AM,12.55,5100,64005.0,62369827.5
2025-08-01 09:20:46 AM,12.5,0,0.0,62369827.5
2025-08-01 09:20:46 AM,12.6,600,7560.0,62377387.5
2025-08-01 09:20:47 AM,12.55,0,0.0,62377387.5
2025-08-01 09:20:47 AM,12.55,2925,36708.75,62414096.25
2025-08-01 09:20:48 AM,12.6,600,7560.0,62421656.25
2025-08-01 09:20:49 AM,12.5,0,0.0,62421656.25
2025-08-01 09:20:49 AM,12.45,0,0.0,62421656.25
2025-08-01 09:20:49 AM,12.45,7500,93375.0,62515031.25
2025-08-01 09:20:49 AM,12.5,1200,15000.0,62530031.25
2025-08-01 09:20:50 AM,12.4,0,0.0,62530031.25
2025-08-01 09:20:51 AM,12.45,1725,21476.25,62551507.5
2025-08-01 09:20:51 AM,12.5,1950,24375.0,62575882.5
2025-08-01 09:20:52 AM,12.55,0,0.0,62575882.5
2025-08-01 09:20:52 AM,12.5,4575,57187.5,62633070.0
2025-08-01 09:20:53 AM,12.6,1875,23625.0,62656695.0
2025-08-01 09:20:53 AM,12.55,0,0.0,62656695.0
2025-08-01 09:20:54 AM,12.45,0,0.0,62656695.0
2025-08-01 09:20:54 AM,12.45,9300,115785.0,62772480.0
2025-08-01 09:20:54 AM,12.4,1050,13020.0,62785500.0
2025-08-01 09:20:56 AM,12.45,43650,543442.5,63328942.5
2025-08-01 09:20:56 AM,12.45,75,933.75,63329876.25
2025-08-01 09:20:57 AM,12.35,0,0.0,63329876.25
2025-08-01 09:20:57 AM,12.4,4575,56730.0,63386606.25
2025-08-01 09:20:58 AM,12.45,2175,27078.75,63413685.0
2025-08-01 09:20:59 AM,12.4,0,0.0,63413685.0
2025-08-01 09:20:59 AM,12.4,5550,68820.0,63482505.0
2025-08-01 09:20:59 AM,12.4,2700,33480.0,63515985.0
2025-08-01 09:21:00 AM,12.45,0,0.0,63515985.0
2025-08-01 09:21:01 AM,12.4,15675,194370.0,63710355.0
2025-08-01 09:21:01 AM,12.35,0,0.0,63710355.0
2025-08-01 09:21:01 AM,12.35,3075,37976.25,63748331.25
2025-08-01 09:21:02 AM,12.4,0,0.0,63748331.25
2025-08-01 09:21:02 AM,12.35,1200,14820.0,63763151.25
2025-08-01 09:21:03 AM,12.35,150,1852.5,63765003.75
2025-08-01 09:21:04 AM,12.4,0,0.0,63765003.75
2025-08-01 09:21:04 AM,12.4,3975,49290.0,63814293.75
2025-08-01 09:21:04 AM,12.35,1425,17598.75,63831892.5
2025-08-01 09:21:05 AM,12.4,0,0.0,63831892.5
2025-08-01 09:21:06 AM,12.35,39825,491838.75,64323731.25
2025-08-01 09:21:06 AM,12.35,1200,14820.0,64338551.25
2025-08-01 09:21:07 AM,12.4,0,0.0,64338551.25
2025-08-01 09:21:07 AM,12.4,9825,121830.0,64460381.25
2025-08-01 09:21:08 AM,12.45,300,3735.0,64464116.25
2025-08-01 09:21:08 AM,12.4,0,0.0,64464116.25
2025-08-01 09:21:09 AM,12.25,0,0.0,64464116.25
2025-08-01 09:21:09 AM,12.35,24675,304736.25,64768852.5
2025-08-01 09:21:09 AM,12.35,3000,37050.0,64805902.5
2025-08-01 09:21:11 AM,12.2,7950,96990.0,64902892.5
2025-08-01 09:21:12 AM,12.3,0,0.0,64902892.5
2025-08-01 09:21:12 AM,12.3,1500,18450.0,64921342.5
2025-08-01 09:21:13 AM,12.3,1500,18450.0,64939792.5
2025-08-01 09:21:14 AM,12.25,0,0.0,64939792.5
2025-08-01 09:21:14 AM,12.25,3150,38587.5,64978380.0
2025-08-01 09:21:14 AM,12.35,1875,23156.25,65001536.25
2025-08-01 09:21:16 AM,12.35,1950,24082.5,65025618.75
2025-08-01 09:21:16 AM,12.4,2100,26040.0,65051658.75
2025-08-01 09:21:17 AM,12.35,0,0.0,65051658.75
2025-08-01 09:21:17 AM,12.35,3300,40755.0,65092413.75
2025-08-01 09:21:18 AM,12.45,825,10271.25,65102685.0
2025-08-01 09:21:19 AM,12.45,450,5602.5,65108287.5
2025-08-01 09:21:20 AM,12.4,0,0.0,65108287.5
2025-08-01 09:21:21 AM,12.4,3750,46500.0,65154787.5
2025-08-01 09:21:21 AM,12.4,1875,23250.0,65178037.5
2025-08-01 09:21:22 AM,12.4,975,12090.0,65190127.5
2025-08-01 09:21:23 AM,12.45,2250,28012.5,65218140.0
2025-08-01 09:21:24 AM,12.45,11550,143797.5,65361937.5
2025-08-01 09:21:24 AM,12.4,2475,30690.0,65392627.5
2025-08-01 09:21:26 AM,12.4,8400,104160.0,65496787.5
2025-08-01 09:21:26 AM,12.4,75,930.0,65497717.5
2025-08-01 09:21:27 AM,12.45,3150,39217.5,65536935.0
2025-08-01 09:21:28 AM,12.45,11775,146598.75,65683533.75
2025-08-01 09:21:29 AM,12.45,9450,117652.5,65801186.25
2025-08-01 09:21:29 AM,12.55,3750,47062.5,65848248.75
2025-08-01 09:21:30 AM,12.5,0,0.0,65848248.75
2025-08-01 09:21:31 AM,12.45,7275,90573.75,65938822.5
2025-08-01 09:21:31 AM,12.4,0,0.0,65938822.5
2025-08-01 09:21:31 AM,12.4,375,4650.0,65943472.5
2025-08-01 09:21:32 AM,12.45,0,0.0,65943472.5
2025-08-01 09:21:32 AM,12.5,2625,32812.5,65976285.0
2025-08-01 09:21:33 AM,12.5,2250,28125.0,66004410.0
2025-08-01 09:21:33 AM,12.35,0,0.0,66004410.0
2025-08-01 09:21:34 AM,12.35,27075,334376.25,66338786.25
2025-08-01 09:21:34 AM,12.35,600,7410.0,66346196.25
2025-08-01 09:21:35 AM,12.4,0,0.0,66346196.25
2025-08-01 09:21:36 AM,12.35,1725,21303.75,66367500.0
2025-08-01 09:21:36 AM,12.3,375,4612.5,66372112.5
2025-08-01 09:21:37 AM,12.35,0,0.0,66372112.5
2025-08-01 09:21:37 AM,12.2,24375,297375.0,66669487.5
2025-08-01 09:21:38 AM,12.25,2850,34912.5,66704400.0
2025-08-01 09:21:38 AM,12.3,0,0.0,66704400.0
2025-08-01 09:21:39 AM,12.25,0,0.0,66704400.0
2025-08-01 09:21:39 AM,12.2,5850,71370.0,66775770.0
2025-08-01 09:21:39 AM,12.25,2250,27562.5,66803332.5
2025-08-01 09:21:40 AM,12.2,0,0.0,66803332.5
2025-08-01 09:21:41 AM,12.2,4500,54900.0,66858232.5
2025-08-01 09:21:41 AM,12.25,75,918.75,66859151.25
2025-08-01 09:21:42 AM,12.2,0,0.0,66859151.25
2025-08-01 09:21:42 AM,12.15,3000,36450.0,66895601.25
2025-08-01 09:21:43 AM,12.25,0,0.0,66895601.25
2025-08-01 09:21:43 AM,12.25,4200,51450.0,66947051.25
2025-08-01 09:21:44 AM,12.15,0,0.0,66947051.25
2025-08-01 09:21:44 AM,12.2,0,0.0,66947051.25
2025-08-01 09:21:44 AM,12.2,2550,31110.0,66978161.25
2025-08-01 09:21:44 AM,12.2,75,915.0,66979076.25
2025-08-01 09:21:46 AM,12.1,0,0.0,66979076.25
2025-08-01 09:21:46 AM,12.1,3375,40837.5,67019913.75
2025-08-01 09:21:46 AM,12.1,1125,13612.5,67033526.25
2025-08-01 09:21:47 AM,12.15,0,0.0,67033526.25
2025-08-01 09:21:47 AM,12.2,5100,62220.0,67095746.25
2025-08-01 09:21:48 AM,12.25,0,0.0,67095746.25
2025-08-01 09:21:48 AM,12.25,1725,21131.25,67116877.5
2025-08-01 09:21:49 AM,12.15,0,0.0,67116877.5
2025-08-01 09:21:49 AM,12.25,525,6431.25,67123308.75
2025-08-01 09:21:49 AM,12.3,375,4612.5,67127921.25
2025-08-01 09:21:51 AM,12.2,0,0.0,67127921.25
2025-08-01 09:21:51 AM,12.2,4875,59475.0,67187396.25
2025-08-01 09:21:52 AM,12.25,0,0.0,67187396.25
2025-08-01 09:21:52 AM,12.25,5325,65231.25,67252627.5
2025-08-01 09:21:53 AM,12.3,0,0.0,67252627.5
2025-08-01 09:21:53 AM,12.3,900,11070.0,67263697.5
2025-08-01 09:21:54 AM,12.3,3225,39667.5,67303365.0
2025-08-01 09:21:54 AM,12.3,13950,171585.0,67474950.0
2025-08-01 09:21:56 AM,12.25,0,0.0,67474950.0
2025-08-01 09:21:56 AM,12.25,3750,45937.5,67520887.5
2025-08-01 09:21:56 AM,12.25,5550,67987.5,67588875.0
2025-08-01 09:21:57 AM,12.2,0,0.0,67588875.0
2025-08-01 09:21:57 AM,12.1,14325,173332.5,67762207.5
2025-08-01 09:21:58 AM,12.15,0,0.0,67762207.5
2025-08-01 09:21:58 AM,12.15,1650,20047.5,67782255.0
2025-08-01 09:21:59 AM,12.15,4350,52852.5,67835107.5
2025-08-01 09:22:01 AM,12.2,0,0.0,67835107.5
2025-08-01 09:22:01 AM,12.2,3600,43920.0,67879027.5
2025-08-01 09:22:01 AM,12.25,375,4593.75,67883621.25
2025-08-01 09:22:02 AM,12.25,4350,53287.5,67936908.75
2025-08-01 09:22:03 AM,12.2,0,0.0,67936908.75
2025-08-01 09:22:03 AM,12.2,4725,57645.0,67994553.75
2025-08-01 09:22:04 AM,12.25,0,0.0,67994553.75
2025-08-01 09:22:04 AM,12.3,3375,41512.5,68036066.25
2025-08-01 09:22:05 AM,12.3,450,5535.0,68041601.25
2025-08-01 09:22:05 AM,12.25,0,0.0,68041601.25
2025-08-01 09:22:06 AM,12.2,0,0.0,68041601.25
2025-08-01 09:22:06 AM,12.2,825,10065.0,68051666.25
2025-08-01 09:22:06 AM,12.25,450,5512.5,68057178.75
2025-08-01 09:22:07 AM,12.2,0,0.0,68057178.75
2025-08-01 09:22:08 AM,12.15,1500,18225.0,68075403.75
2025-08-01 09:22:08 AM,12.2,0,0.0,68075403.75
2025-08-01 09:22:08 AM,12.2,2400,29280.0,68104683.75
2025-08-01 09:22:09 AM,12.25,0,0.0,68104683.75
2025-08-01 09:22:09 AM,12.2,2325,28365.0,68133048.75
2025-08-01 09:22:10 AM,12.25,1350,16537.5,68149586.25
2025-08-01 09:22:10 AM,12.2,0,0.0,68149586.25
2025-08-01 09:22:11 AM,12.25,0,0.0,68149586.25
2025-08-01 09:22:11 AM,12.2,0,0.0,68149586.25
2025-08-01 09:22:11 AM,12.2,3075,37515.0,68187101.25
2025-08-01 09:22:11 AM,12.3,150,1845.0,68188946.25
2025-08-01 09:22:12 AM,12.2,0,0.0,68188946.25
2025-08-01 09:22:13 AM,12.25,825,10106.25,68199052.5
2025-08-01 09:22:13 AM,12.25,75,918.75,68199971.25
2025-08-01 09:22:14 AM,12.4,0,0.0,68199971.25
2025-08-01 09:22:14 AM,12.4,4500,55800.0,68255771.25
2025-08-01 09:22:15 AM,12.3,1575,19372.5,68275143.75
2025-08-01 09:22:16 AM,12.35,0,0.0,68275143.75
2025-08-01 09:22:16 AM,12.35,975,12041.25,68287185.0
2025-08-01 09:22:18 AM,12.35,1350,16672.5,68303857.5
2025-08-01 09:22:19 AM,12.3,0,0.0,68303857.5
2025-08-01 09:22:19 AM,12.3,2325,28597.5,68332455.0
2025-08-01 09:22:20 AM,12.35,825,10188.75,68342643.75
2025-08-01 09:22:20 AM,12.3,0,0.0,68342643.75
2025-08-01 09:22:21 AM,12.35,0,0.0,68342643.75
2025-08-01 09:22:21 AM,12.35,14325,176913.75,68519557.5
2025-08-01 09:22:22 AM,12.3,0,0.0,68519557.5
2025-08-01 09:22:23 AM,12.25,750,9187.5,68528745.0
2025-08-01 09:22:23 AM,12.2,0,0.0,68528745.0
2025-08-01 09:22:23 AM,12.15,0,0.0,68528745.0
2025-08-01 09:22:23 AM,12.15,2550,30982.5,68559727.5
2025-08-01 09:22:24 AM,12.25,0,0.0,68559727.5
2025-08-01 09:22:24 AM,12.25,1425,17456.25,68577183.75
2025-08-01 09:22:25 AM,12.3,825,10147.5,68587331.25
2025-08-01 09:22:25 AM,12.25,0,0.0,68587331.25
2025-08-01 09:22:26 AM,12.25,1425,17456.25,68604787.5
2025-08-01 09:22:26 AM,12.3,75,922.5,68605710.0
2025-08-01 09:22:27 AM,12.25,0,0.0,68605710.0
2025-08-01 09:22:28 AM,12.25,2475,30318.75,68636028.75
2025-08-01 09:22:28 AM,12.3,0,0.0,68636028.75
2025-08-01 09:22:28 AM,12.3,75,922.5,68636951.25
2025-08-01 09:22:29 AM,12.2,0,0.0,68636951.25
2025-08-01 09:22:29 AM,12.25,0,0.0,68636951.25
2025-08-01 09:22:29 AM,12.2,6975,85095.0,68722046.25
2025-08-01 09:22:30 AM,12.2,3975,48495.0,68770541.25
2025-08-01 09:22:30 AM,12.15,0,0.0,68770541.25
2025-08-01 09:22:31 AM,12.15,35550,431932.5,69202473.75
2025-08-01 09:22:31 AM,12.15,525,6378.75,69208852.5
2025-08-01 09:22:33 AM,12.2,7800,95160.0,69304012.5
2025-08-01 09:22:33 AM,12.25,150,1837.5,69305850.0
2025-08-01 09:22:34 AM,12.25,1125,13781.25,69319631.25
2025-08-01 09:22:35 AM,12.25,900,11025.0,69330656.25
2025-08-01 09:22:35 AM,12.2,0,0.0,69330656.25
2025-08-01 09:22:36 AM,12.15,0,0.0,69330656.25
2025-08-01 09:22:36 AM,12.2,0,0.0,69330656.25
2025-08-01 09:22:36 AM,12.2,40350,492270.0,69822926.25
2025-08-01 09:22:36 AM,12.2,1725,21045.0,69843971.25
2025-08-01 09:22:37 AM,12.15,0,0.0,69843971.25
2025-08-01 09:22:38 AM,12.15,5625,68343.75,69912315.0
2025-08-01 09:22:38 AM,12.15,750,9112.5,69921427.5
2025-08-01 09:22:39 AM,12.15,5850,71077.5,69992505.0
2025-08-01 09:22:41 AM,12.2,0,0.0,69992505.0
2025-08-01 09:22:41 AM,12.2,3000,36600.0,70029105.0
2025-08-01 09:22:43 AM,12.2,75,915.0,70030020.0
2025-08-01 09:22:43 AM,12.2,825,10065.0,70040085.0
2025-08-01 09:22:44 AM,12.15,750,9112.5,70049197.5
2025-08-01 09:22:45 AM,12.2,300,3660.0,70052857.5
2025-08-01 09:22:45 AM,12.15,0,0.0,70052857.5
2025-08-01 09:22:45 AM,12.2,0,0.0,70052857.5
2025-08-01 09:22:46 AM,12.15,0,0.0,70052857.5
2025-08-01 09:22:46 AM,12.15,2550,30982.5,70083840.0
2025-08-01 09:22:46 AM,12.15,900,10935.0,70094775.0
2025-08-01 09:22:48 AM,12.15,5925,71988.75,70166763.75
2025-08-01 09:22:48 AM,12.1,0,0.0,70166763.75
2025-08-01 09:22:48 AM,12.1,1125,13612.5,70180376.25
2025-08-01 09:22:49 AM,12.05,0,0.0,70180376.25
2025-08-01 09:22:49 AM,12.1,3375,40837.5,70221213.75
2025-08-01 09:22:50 AM,12.1,1800,21780.0,70242993.75
2025-08-01 09:22:50 AM,12.05,0,0.0,70242993.75
2025-08-01 09:22:51 AM,12.1,0,0.0,70242993.75
2025-08-01 09:22:51 AM,12.1,4800,58080.0,70301073.75
2025-08-01 09:22:53 AM,12.15,3000,36450.0,70337523.75
2025-08-01 09:22:53 AM,12.1,0,0.0,70337523.75
2025-08-01 09:22:53 AM,12.1,150,1815.0,70339338.75
2025-08-01 09:22:54 AM,12.05,0,0.0,70339338.75
2025-08-01 09:22:54 AM,12.05,675,8133.750000000001,70347472.5
2025-08-01 09:22:55 AM,12.05,2025,24401.25,70371873.75
2025-08-01 09:22:55 AM,12.15,0,0.0,70371873.75
2025-08-01 09:22:56 AM,12.0,0,0.0,70371873.75
2025-08-01 09:22:56 AM,12.0,6075,72900.0,70444773.75
2025-08-01 09:22:56 AM,12.0,600,7200.0,70451973.75
2025-08-01 09:22:58 AM,12.0,24900,298800.0,70750773.75
2025-08-01 09:22:58 AM,11.95,0,0.0,70750773.75
2025-08-01 09:22:58 AM,11.95,75,896.25,70751670.0
2025-08-01 09:22:59 AM,11.95,4200,50190.0,70801860.0
2025-08-01 09:23:00 AM,11.95,3225,38538.75,70840398.75
2025-08-01 09:23:01 AM,11.95,3150,37642.5,70878041.25
2025-08-01 09:23:02 AM,11.9,0,0.0,70878041.25
2025-08-01 09:23:03 AM,11.95,4650,55567.5,70933608.75
2025-08-01 09:23:03 AM,11.95,450,5377.5,70938986.25
2025-08-01 09:23:04 AM,11.95,10425,124578.74999999999,71063565.0
2025-08-01 09:23:05 AM,11.95,1350,16132.499999999998,71079697.5
2025-08-01 09:23:06 AM,11.9,0,0.0,71079697.5
2025-08-01 09:23:06 AM,11.95,4875,58256.25,71137953.75
2025-08-01 09:23:06 AM,11.95,1725,20613.75,71158567.5
2025-08-01 09:23:07 AM,11.9,0,0.0,71158567.5
2025-08-01 09:23:08 AM,11.9,1725,20527.5,71179095.0
2025-08-01 09:23:08 AM,11.85,525,6221.25,71185316.25
2025-08-01 09:23:08 AM,11.9,0,0.0,71185316.25
2025-08-01 09:23:09 AM,11.9,2550,30345.0,71215661.25
2025-08-01 09:23:10 AM,11.85,750,8887.5,71224548.75
2025-08-01 09:23:11 AM,11.9,3225,38377.5,71262926.25
2025-08-01 09:23:11 AM,11.9,1950,23205.0,71286131.25
2025-08-01 09:23:12 AM,11.85,0,0.0,71286131.25
2025-08-01 09:23:13 AM,11.9,2175,25882.5,71312013.75
2025-08-01 09:23:14 AM,11.9,2850,33915.0,71345928.75
2025-08-01 09:23:16 AM,11.95,0,0.0,71345928.75
2025-08-01 09:23:16 AM,11.9,1575,18742.5,71364671.25
2025-08-01 09:23:18 AM,11.9,450,5355.0,71370026.25
2025-08-01 09:23:19 AM,11.95,0,0.0,71370026.25
2025-08-01 09:23:19 AM,11.95,2550,30472.5,71400498.75
2025-08-01 09:23:20 AM,12.0,0,0.0,71400498.75
2025-08-01 09:23:21 AM,12.1,0,0.0,71400498.75
2025-08-01 09:23:21 AM,12.1,7500,90750.0,71491248.75
2025-08-01 09:23:21 AM,12.15,750,9112.5,71500361.25
2025-08-01 09:23:22 AM,12.1,0,0.0,71500361.25
2025-08-01 09:23:23 AM,12.15,2025,24603.75,71524965.0
2025-08-01 09:23:23 AM,12.1,375,4537.5,71529502.5
2025-08-01 09:23:24 AM,12.15,0,0.0,71529502.5
2025-08-01 09:23:24 AM,12.15,6075,73811.25,71603313.75
2025-08-01 09:23:24 AM,12.15,1350,16402.5,71619716.25
2025-08-01 09:23:25 AM,12.2,0,0.0,71619716.25
2025-08-01 09:23:26 AM,12.05,69300,835065.0,72454781.25
2025-08-01 09:23:26 AM,12.0,225,2700.0,72457481.25
2025-08-01 09:23:27 AM,12.05,0,0.0,72457481.25
2025-08-01 09:23:28 AM,12.05,5850,70492.5,72527973.75
2025-08-01 09:23:29 AM,12.05,3225,38861.25,72566835.0
2025-08-01 09:23:29 AM,12.05,150,1807.5,72568642.5
2025-08-01 09:23:30 AM,12.0,0,0.0,72568642.5
2025-08-01 09:23:30 AM,12.05,0,0.0,72568642.5
2025-08-01 09:23:31 AM,12.0,0,0.0,72568642.5
2025-08-01 09:23:31 AM,12.0,6825,81900.0,72650542.5
2025-08-01 09:23:32 AM,11.95,0,0.0,72650542.5
2025-08-01 09:23:33 AM,12.0,675,8100.0,72658642.5
2025-08-01 09:23:33 AM,12.05,600,7230.0,72665872.5
2025-08-01 09:23:34 AM,12.0,2250,27000.0,72692872.5
2025-08-01 09:23:35 AM,12.05,0,0.0,72692872.5
2025-08-01 09:23:35 AM,12.0,0,0.0,72692872.5
2025-08-01 09:23:36 AM,12.05,1950,23497.5,72716370.0
2025-08-01 09:23:38 AM,12.0,900,10800.0,72727170.0
2025-08-01 09:23:39 AM,12.1,0,0.0,72727170.0
2025-08-01 09:23:39 AM,12.1,1125,13612.5,72740782.5
2025-08-01 09:23:39 AM,12.1,150,1815.0,72742597.5
2025-08-01 09:23:40 AM,12.0,0,0.0,72742597.5
2025-08-01 09:23:41 AM,12.1,0,0.0,72742597.5
2025-08-01 09:23:41 AM,12.1,5925,71692.5,72814290.0
2025-08-01 09:23:41 AM,12.1,1050,12705.0,72826995.0
2025-08-01 09:23:43 AM,12.1,3525,42652.5,72869647.5
2025-08-01 09:23:43 AM,12.15,0,0.0,72869647.5
2025-08-01 09:23:44 AM,12.15,7050,85657.5,72955305.0
2025-08-01 09:23:46 AM,12.2,0,0.0,72955305.0
2025-08-01 09:23:46 AM,12.2,2550,31110.0,72986415.0
2025-08-01 09:23:46 AM,12.15,75,911.25,72987326.25
2025-08-01 09:23:48 AM,12.15,1725,20958.75,73008285.0
2025-08-01 09:23:48 AM,12.15,75,911.25,73009196.25
2025-08-01 09:23:49 AM,12.15,11250,136687.5,73145883.75
2025-08-01 09:23:50 AM,12.25,0,0.0,73145883.75
2025-08-01 09:23:51 AM,12.2,0,0.0,73145883.75
2025-08-01 09:23:51 AM,12.2,7275,88755.0,73234638.75
2025-08-01 09:23:53 AM,12.2,8400,102480.0,73337118.75
2025-08-01 09:23:53 AM,12.2,75,915.0,73338033.75
2025-08-01 09:23:54 AM,12.25,0,0.0,73338033.75
2025-08-01 09:23:54 AM,12.25,5025,61556.25,73399590.0
2025-08-01 09:23:54 AM,12.25,1500,18375.0,73417965.0
2025-08-01 09:23:56 AM,12.2,7125,86925.0,73504890.0
2025-08-01 09:23:56 AM,12.2,3675,44835.0,73549725.0
2025-08-01 09:23:58 AM,12.15,4125,50118.75,73599843.75
2025-08-01 09:23:58 AM,12.2,0,0.0,73599843.75
2025-08-01 09:23:59 AM,12.25,0,0.0,73599843.75
2025-08-01 09:23:59 AM,12.25,20475,250818.75,73850662.5
2025-08-01 09:24:00 AM,12.2,0,0.0,73850662.5
2025-08-01 09:24:01 AM,12.15,5850,71077.5,73921740.0
2025-08-01 09:24:02 AM,12.2,0,0.0,73921740.0
2025-08-01 09:24:03 AM,12.25,6375,78093.75,73999833.75
2025-08-01 09:24:03 AM,12.35,4650,57427.5,74057261.25
2025-08-01 09:24:04 AM,12.3,0,0.0,74057261.25
2025-08-01 09:24:04 AM,12.3,8850,108855.0,74166116.25
2025-08-01 09:24:04 AM,12.4,150,1860.0,74167976.25
2025-08-01 09:24:06 AM,12.4,6750,83700.0,74251676.25
2025-08-01 09:24:06 AM,12.4,2100,26040.0,74277716.25
2025-08-01 09:24:07 AM,12.35,0,0.0,74277716.25
2025-08-01 09:24:08 AM,12.35,7125,87993.75,74365710.0
2025-08-01 09:24:08 AM,12.25,3150,38587.5,74404297.5
2025-08-01 09:24:09 AM,12.4,0,0.0,74404297.5
2025-08-01 09:24:09 AM,12.35,2850,35197.5,74439495.0
2025-08-01 09:24:09 AM,12.35,225,2778.75,74442273.75
2025-08-01 09:24:10 AM,12.4,0,0.0,74442273.75
2025-08-01 09:24:11 AM,12.35,0,0.0,74442273.75
2025-08-01 09:24:11 AM,12.35,3450,42607.5,74484881.25
2025-08-01 09:24:11 AM,12.3,1875,23062.5,74507943.75
2025-08-01 09:24:12 AM,12.35,0,0.0,74507943.75
2025-08-01 09:24:13 AM,12.3,2100,25830.0,74533773.75
2025-08-01 09:24:13 AM,12.3,225,2767.5,74536541.25
2025-08-01 09:24:14 AM,12.25,0,0.0,74536541.25
2025-08-01 09:24:14 AM,12.3,2100,25830.0,74562371.25
2025-08-01 09:24:15 AM,12.25,525,6431.25,74568802.5
2025-08-01 09:24:16 AM,12.35,0,0.0,74568802.5
2025-08-01 09:24:16 AM,12.35,6300,77805.0,74646607.5
2025-08-01 09:24:16 AM,12.35,375,4631.25,74651238.75
2025-08-01 09:24:17 AM,12.3,0,0.0,74651238.75
2025-08-01 09:24:18 AM,12.25,3375,41343.75,74692582.5
2025-08-01 09:24:19 AM,12.3,0,0.0,74692582.5
2025-08-01 09:24:19 AM,12.25,14325,175481.25,74868063.75
2025-08-01 09:24:21 AM,12.3,0,0.0,74868063.75
2025-08-01 09:24:21 AM,12.3,4350,53505.0,74921568.75
2025-08-01 09:24:21 AM,12.25,750,9187.5,74930756.25
2025-08-01 09:24:23 AM,12.35,6075,75026.25,75005782.5
2025-08-01 09:24:23 AM,12.3,150,1845.0,75007627.5
2025-08-01 09:24:24 AM,12.35,0,0.0,75007627.5
2025-08-01 09:24:24 AM,12.3,4050,49815.0,75057442.5
2025-08-01 09:24:25 AM,12.35,0,0.0,75057442.5
2025-08-01 09:24:26 AM,12.3,600,7380.0,75064822.5
2025-08-01 09:24:27 AM,12.4,0,0.0,75064822.5
2025-08-01 09:24:28 AM,12.35,3675,45386.25,75110208.75
2025-08-01 09:24:28 AM,12.45,1125,14006.25,75124215.0
2025-08-01 09:24:29 AM,12.35,0,0.0,75124215.0
2025-08-01 09:24:29 AM,12.35,4650,57427.5,75181642.5
2025-08-01 09:24:30 AM,12.3,75,922.5,75182565.0
2025-08-01 09:24:30 AM,12.35,0,0.0,75182565.0
2025-08-01 09:24:31 AM,12.4,0,0.0,75182565.0
2025-08-01 09:24:31 AM,12.4,4275,53010.0,75235575.0
2025-08-01 09:24:32 AM,12.35,0,0.0,75235575.0
2025-08-01 09:24:33 AM,12.4,750,9300.0,75244875.0
2025-08-01 09:24:33 AM,12.45,0,0.0,75244875.0
2025-08-01 09:24:34 AM,12.45,4875,60693.75,75305568.75
2025-08-01 09:24:36 AM,12.45,4575,56958.75,75362527.5
2025-08-01 09:24:36 AM,12.45,750,9337.5,75371865.0
2025-08-01 09:24:37 AM,12.4,0,0.0,75371865.0
2025-08-01 09:24:38 AM,12.45,5550,69097.5,75440962.5
2025-08-01 09:24:39 AM,12.5,0,0.0,75440962.5
2025-08-01 09:24:39 AM,12.45,0,0.0,75440962.5
2025-08-01 09:24:39 AM,12.5,1725,21562.5,75462525.0
2025-08-01 09:24:40 AM,12.45,3300,41085.0,75503610.0
2025-08-01 09:24:40 AM,12.4,0,0.0,75503610.0
2025-08-01 09:24:41 AM,12.4,4125,51150.0,75554760.0
2025-08-01 09:24:41 AM,12.45,0,0.0,75554760.0
2025-08-01 09:24:42 AM,12.5,0,0.0,75554760.0
2025-08-01 09:24:42 AM,12.45,0,0.0,75554760.0
2025-08-01 09:24:43 AM,12.45,3900,48555.0,75603315.0
2025-08-01 09:24:43 AM,12.4,300,3720.0,75607035.0
2025-08-01 09:24:44 AM,12.55,0,0.0,75607035.0
2025-08-01 09:24:44 AM,12.6,7350,92610.0,75699645.0
2025-08-01 09:24:45 AM,12.55,0,0.0,75699645.0
2025-08-01 09:24:46 AM,12.65,0,0.0,75699645.0
2025-08-01 09:24:46 AM,12.65,6375,80643.75,75780288.75
2025-08-01 09:24:46 AM,12.65,75,948.75,75781237.5
2025-08-01 09:24:47 AM,12.7,0,0.0,75781237.5
2025-08-01 09:24:48 AM,12.65,2475,31308.75,75812546.25
2025-08-01 09:24:49 AM,12.6,0,0.0,75812546.25
2025-08-01 09:24:49 AM,12.65,5850,74002.5,75886548.75
2025-08-01 09:24:50 AM,12.65,300,3795.0,75890343.75
2025-08-01 09:24:50 AM,12.75,0,0.0,75890343.75
2025-08-01 09:24:51 AM,12.65,0,0.0,75890343.75
2025-08-01 09:24:51 AM,12.65,2625,33206.25,75923550.0
2025-08-01 09:24:51 AM,12.7,75,952.5,75924502.5
2025-08-01 09:24:53 AM,12.75,1725,21993.75,75946496.25
2025-08-01 09:24:54 AM,12.8,0,0.0,75946496.25
2025-08-01 09:24:54 AM,12.7,1275,16192.5,75962688.75
2025-08-01 09:24:55 AM,12.8,0,0.0,75962688.75
2025-08-01 09:24:56 AM,12.75,0,0.0,75962688.75
2025-08-01 09:24:56 AM,12.75,3600,45900.0,76008588.75
2025-08-01 09:24:56 AM,12.7,2325,29527.5,76038116.25
2025-08-01 09:24:58 AM,12.6,4650,58590.0,76096706.25
2025-08-01 09:24:58 AM,12.6,900,11340.0,76108046.25
2025-08-01 09:24:59 AM,12.5,24675,308437.5,76416483.75
2025-08-01 09:25:00 AM,12.55,5100,64005.0,76480488.75
2025-08-01 09:25:00 AM,12.5,0,0.0,76480488.75
2025-08-01 09:25:01 AM,12.55,0,0.0,76480488.75
2025-08-01 09:25:01 AM,12.55,14100,176955.0,76657443.75
2025-08-01 09:25:01 AM,12.55,225,2823.75,76660267.5
2025-08-01 09:25:02 AM,12.5,0,0.0,76660267.5
2025-08-01 09:25:03 AM,12.5,12600,157500.0,76817767.5
2025-08-01 09:25:03 AM,12.6,0,0.0,76817767.5
2025-08-01 09:25:03 AM,12.6,75,945.0,76818712.5
2025-08-01 09:25:04 AM,12.65,8025,101516.25,76920228.75
2025-08-01 09:25:05 AM,12.7,2550,32385.0,76952613.75
2025-08-01 09:25:05 AM,12.65,0,0.0,76952613.75
2025-08-01 09:25:05 AM,12.7,0,0.0,76952613.75
2025-08-01 09:25:06 AM,12.75,0,0.0,76952613.75
2025-08-01 09:25:06 AM,12.75,14325,182643.75,77135257.5
2025-08-01 09:25:07 AM,12.8,0,0.0,77135257.5
2025-08-01 09:25:07 AM,12.75,0,0.0,77135257.5
2025-08-01 09:25:08 AM,12.8,17175,219840.0,77355097.5
2025-08-01 09:25:08 AM,12.85,0,0.0,77355097.5
2025-08-01 09:25:08 AM,12.85,28500,366225.0,77721322.5
2025-08-01 09:25:09 AM,12.9,14250,183825.0,77905147.5
2025-08-01 09:25:10 AM,12.9,1275,16447.5,77921595.0
2025-08-01 09:25:10 AM,13.0,0,0.0,77921595.0
2025-08-01 09:25:11 AM,13.05,0,0.0,77921595.0
2025-08-01 09:25:11 AM,13.05,14325,186941.25,78108536.25
2025-08-01 09:25:11 AM,13.0,75,975.0,78109511.25
2025-08-01 09:25:13 AM,13.0,21750,282750.0,78392261.25
2025-08-01 09:25:13 AM,13.0,525,6825.0,78399086.25
2025-08-01 09:25:14 AM,13.05,0,0.0,78399086.25
2025-08-01 09:25:14 AM,13.05,7050,92002.5,78491088.75
2025-08-01 09:25:15 AM,13.1,1575,20632.5,78511721.25
2025-08-01 09:25:15 AM,13.05,0,0.0,78511721.25
2025-08-01 09:25:16 AM,13.1,0,0.0,78511721.25
2025-08-01 09:25:16 AM,13.1,19725,258397.5,78770118.75
2025-08-01 09:25:17 AM,13.05,0,0.0,78770118.75
2025-08-01 09:25:18 AM,13.05,12150,158557.5,78928676.25
2025-08-01 09:25:18 AM,13.1,0,0.0,78928676.25
2025-08-01 09:25:18 AM,13.1,375,4912.5,78933588.75
2025-08-01 09:25:19 AM,13.05,0,0.0,78933588.75
2025-08-01 09:25:19 AM,13.1,0,0.0,78933588.75
2025-08-01 09:25:19 AM,13.1,18375,240712.5,79174301.25
2025-08-01 09:25:20 AM,13.15,150,1972.5,79176273.75
2025-08-01 09:25:21 AM,13.1,0,0.0,79176273.75
2025-08-01 09:25:21 AM,13.1,2550,33405.0,79209678.75
2025-08-01 09:25:22 AM,13.15,0,0.0,79209678.75
2025-08-01 09:25:22 AM,13.05,0,0.0,79209678.75
2025-08-01 09:25:23 AM,13.05,2775,36213.75,79245892.5
2025-08-01 09:25:23 AM,13.1,0,0.0,79245892.5
2025-08-01 09:25:23 AM,13.1,900,11790.0,79257682.5
2025-08-01 09:25:24 AM,13.15,0,0.0,79257682.5
2025-08-01 09:25:24 AM,13.2,0,0.0,79257682.5
2025-08-01 09:25:24 AM,13.2,2100,27720.0,79285402.5
2025-08-01 09:25:26 AM,13.15,0,0.0,79285402.5
2025-08-01 09:25:26 AM,13.15,13500,177525.0,79462927.5
2025-08-01 09:25:26 AM,13.2,150,1980.0,79464907.5
2025-08-01 09:25:28 AM,13.2,9525,125730.0,79590637.5
2025-08-01 09:25:28 AM,13.2,675,8910.0,79599547.5
2025-08-01 09:25:29 AM,13.35,0,0.0,79599547.5
2025-08-01 09:25:29 AM,13.35,19650,262327.5,79861875.0
2025-08-01 09:25:30 AM,13.3,75,997.5,79862872.5
2025-08-01 09:25:30 AM,13.35,0,0.0,79862872.5
2025-08-01 09:25:31 AM,13.4,0,0.0,79862872.5
2025-08-01 09:25:31 AM,13.4,7950,106530.0,79969402.5
2025-08-01 09:25:31 AM,13.35,1950,26032.5,79995435.0
2025-08-01 09:25:32 AM,13.25,0,0.0,79995435.0
2025-08-01 09:25:33 AM,13.25,6000,79500.0,80074935.0
2025-08-01 09:25:33 AM,13.2,0,0.0,80074935.0
2025-08-01 09:25:33 AM,13.2,2775,36630.0,80111565.0
2025-08-01 09:25:34 AM,13.25,0,0.0,80111565.0
2025-08-01 09:25:34 AM,13.2,4425,58410.0,80169975.0
2025-08-01 09:25:35 AM,13.25,1950,25837.5,80195812.5
2025-08-01 09:25:35 AM,13.2,0,0.0,80195812.5
2025-08-01 09:25:36 AM,13.2,2175,28710.0,80224522.5
2025-08-01 09:25:38 AM,13.25,7500,99375.0,80323897.5
2025-08-01 09:25:38 AM,13.25,1875,24843.75,80348741.25
2025-08-01 09:25:39 AM,13.3,3150,41895.0,80390636.25
2025-08-01 09:25:40 AM,13.3,75,997.5,80391633.75
2025-08-01 09:25:41 AM,13.25,0,0.0,80391633.75
2025-08-01 09:25:41 AM,13.25,4800,63600.0,80455233.75
2025-08-01 09:25:41 AM,13.2,2025,26730.0,80481963.75
2025-08-01 09:25:43 AM,13.2,5775,76230.0,80558193.75
2025-08-01 09:25:43 AM,13.2,150,1980.0,80560173.75
2025-08-01 09:25:44 AM,13.45,0,0.0,80560173.75
2025-08-01 09:25:44 AM,13.45,29775,400473.75,80960647.5
2025-08-01 09:25:45 AM,13.5,975,13162.5,80973810.0
2025-08-01 09:25:46 AM,13.55,0,0.0,80973810.0
2025-08-01 09:25:46 AM,13.55,15825,214428.75,81188238.75
2025-08-01 09:25:46 AM,13.45,1350,18157.5,81206396.25
2025-08-01 09:25:47 AM,13.4,0,0.0,81206396.25
2025-08-01 09:25:47 AM,13.35,0,0.0,81206396.25
2025-08-01 09:25:48 AM,13.4,9525,127635.0,81334031.25
2025-08-01 09:25:48 AM,13.4,375,5025.0,81339056.25
2025-08-01 09:25:49 AM,13.45,7425,99866.25,81438922.5
2025-08-01 09:25:49 AM,13.35,675,9011.25,81447933.75
2025-08-01 09:25:50 AM,13.45,0,0.0,81447933.75
2025-08-01 09:25:51 AM,13.5,5250,70875.0,81518808.75
2025-08-01 09:25:51 AM,13.45,0,0.0,81518808.75
2025-08-01 09:25:51 AM,13.45,1125,15131.25,81533940.0
2025-08-01 09:25:52 AM,13.55,0,0.0,81533940.0
2025-08-01 09:25:52 AM,13.55,3000,40650.0,81574590.0
2025-08-01 09:25:53 AM,13.55,3675,49796.25,81624386.25
2025-08-01 09:25:53 AM,13.5,0,0.0,81624386.25
2025-08-01 09:25:54 AM,13.55,0,0.0,81624386.25
2025-08-01 09:25:54 AM,13.55,3900,52845.0,81677231.25
2025-08-01 09:25:54 AM,13.5,300,4050.0,81681281.25
2025-08-01 09:25:56 AM,13.55,3000,40650.0,81721931.25
2025-08-01 09:25:56 AM,13.55,150,2032.5,81723963.75
2025-08-01 09:25:57 AM,13.7,0,0.0,81723963.75
2025-08-01 09:25:57 AM,13.65,0,0.0,81723963.75
2025-08-01 09:25:57 AM,13.7,7425,101722.5,81825686.25
2025-08-01 09:25:58 AM,13.75,750,10312.5,81835998.75
2025-08-01 09:25:58 AM,13.7,0,0.0,81835998.75
2025-08-01 09:25:58 AM,13.75,0,0.0,81835998.75
2025-08-01 09:25:59 AM,13.8,0,0.0,81835998.75
2025-08-01 09:25:59 AM,13.8,12225,168705.0,82004703.75
2025-08-01 09:25:59 AM,13.85,0,0.0,82004703.75
2025-08-01 09:25:59 AM,13.8,5400,74520.0,82079223.75
2025-08-01 09:26:00 AM,13.75,0,0.0,82079223.75
2025-08-01 09:26:01 AM,13.7,5700,78090.0,82157313.75
2025-08-01 09:26:01 AM,13.7,4650,63705.0,82221018.75
2025-08-01 09:26:02 AM,13.8,0,0.0,82221018.75
2025-08-01 09:26:02 AM,13.75,1725,23718.75,82244737.5
2025-08-01 09:26:03 AM,13.7,225,3082.5,82247820.0
2025-08-01 09:26:04 AM,13.75,0,0.0,82247820.0
2025-08-01 09:26:04 AM,13.7,0,0.0,82247820.0
2025-08-01 09:26:04 AM,13.7,5325,72952.5,82320772.5
2025-08-01 09:26:04 AM,13.75,3150,43312.5,82364085.0
2025-08-01 09:26:05 AM,13.8,0,0.0,82364085.0
2025-08-01 09:26:06 AM,13.85,3300,45705.0,82409790.0
2025-08-01 09:26:07 AM,13.95,0,0.0,82409790.0
2025-08-01 09:26:08 AM,13.85,16650,230602.5,82640392.5
2025-08-01 09:26:08 AM,13.85,2325,32201.25,82672593.75
2025-08-01 09:26:08 AM,13.9,0,0.0,82672593.75
2025-08-01 09:26:09 AM,13.85,0,0.0,82672593.75
2025-08-01 09:26:09 AM,13.85,11850,164122.5,82836716.25
2025-08-01 09:26:09 AM,14.1,50775,715927.5,83552643.75
2025-08-01 09:26:10 AM,14.05,0,0.0,83552643.75
2025-08-01 09:26:10 AM,14.1,0,0.0,83552643.75
2025-08-01 09:26:11 AM,14.1,14925,210442.5,83763086.25
2025-08-01 09:26:11 AM,14.1,750,10575.0,83773661.25
2025-08-01 09:26:12 AM,14.15,0,0.0,83773661.25
2025-08-01 09:26:13 AM,14.1,10350,145935.0,83919596.25
2025-08-01 09:26:13 AM,14.15,5775,81716.25,84001312.5
2025-08-01 09:26:13 AM,14.1,0,0.0,84001312.5
2025-08-01 09:26:14 AM,14.2,0,0.0,84001312.5
2025-08-01 09:26:14 AM,14.2,22950,325890.0,84327202.5
2025-08-01 09:26:14 AM,14.3,450,6435.0,84333637.5
2025-08-01 09:26:15 AM,14.25,0,0.0,84333637.5
2025-08-01 09:26:16 AM,14.1,11850,167085.0,84500722.5
2025-08-01 09:26:16 AM,14.05,3900,54795.0,84555517.5
2025-08-01 09:26:17 AM,14.35,0,0.0,84555517.5
2025-08-01 09:26:18 AM,14.3,28200,403260.0,84958777.5
2025-08-01 09:26:18 AM,14.3,450,6435.0,84965212.5
2025-08-01 09:26:18 AM,14.25,0,0.0,84965212.5
2025-08-01 09:26:19 AM,14.35,0,0.0,84965212.5
2025-08-01 09:26:19 AM,14.5,8775,127237.5,85092450.0
2025-08-01 09:26:19 AM,14.6,3075,44895.0,85137345.0
2025-08-01 09:26:20 AM,14.55,0,0.0,85137345.0
2025-08-01 09:26:21 AM,14.55,13575,197516.25,85334861.25
2025-08-01 09:26:21 AM,14.5,0,0.0,85334861.25
2025-08-01 09:26:21 AM,14.55,0,0.0,85334861.25
2025-08-01 09:26:21 AM,14.5,3075,44587.5,85379448.75
2025-08-01 09:26:22 AM,14.55,0,0.0,85379448.75
2025-08-01 09:26:23 AM,14.4,40950,589680.0,85969128.75
2025-08-01 09:26:23 AM,14.45,13800,199410.0,86168538.75
2025-08-01 09:26:23 AM,14.5,0,0.0,86168538.75
2025-08-01 09:26:24 AM,14.6,0,0.0,86168538.75
2025-08-01 09:26:24 AM,14.55,39375,572906.25,86741445.0
2025-08-01 09:26:24 AM,14.65,75,1098.75,86742543.75
2025-08-01 09:26:25 AM,14.7,0,0.0,86742543.75
2025-08-01 09:26:25 AM,14.65,0,0.0,86742543.75
2025-08-01 09:26:26 AM,14.65,7125,104381.25,86846925.0
2025-08-01 09:26:26 AM,14.55,0,0.0,86846925.0
2025-08-01 09:26:26 AM,14.55,10875,158231.25,87005156.25
2025-08-01 09:26:27 AM,14.7,0,0.0,87005156.25
2025-08-01 09:26:28 AM,14.65,4050,59332.5,87064488.75
2025-08-01 09:26:28 AM,14.55,5925,86208.75,87150697.5
2025-08-01 09:26:28 AM,14.35,0,0.0,87150697.5
2025-08-01 09:26:28 AM,14.2,0,0.0,87150697.5
2025-08-01 09:26:29 AM,14.45,0,0.0,87150697.5
2025-08-01 09:26:29 AM,14.4,0,0.0,87150697.5
2025-08-01 09:26:29 AM,14.45,55125,796556.25,87947253.75
2025-08-01 09:26:29 AM,14.4,975,14040.0,87961293.75
2025-08-01 09:26:31 AM,14.3,8250,117975.0,88079268.75
2025-08-01 09:26:31 AM,14.4,0,0.0,88079268.75
2025-08-01 09:26:31 AM,14.4,2175,31320.0,88110588.75
2025-08-01 09:26:32 AM,14.35,0,0.0,88110588.75
2025-08-01 09:26:33 AM,14.25,5625,80156.25,88190745.0
2025-08-01 09:26:33 AM,14.2,750,10650.0,88201395.0
2025-08-01 09:26:33 AM,14.15,0,0.0,88201395.0
2025-08-01 09:26:34 AM,14.05,0,0.0,88201395.0
2025-08-01 09:26:34 AM,14.05,11850,166492.5,88367887.5
2025-08-01 09:26:34 AM,14.1,750,10575.0,88378462.5
2025-08-01 09:26:35 AM,14.05,0,0.0,88378462.5
2025-08-01 09:26:36 AM,14.1,2550,35955.0,88414417.5
2025-08-01 09:26:36 AM,14.0,0,0.0,88414417.5
2025-08-01 09:26:36 AM,13.95,0,0.0,88414417.5
2025-08-01 09:26:36 AM,13.95,13875,193556.25,88607973.75
2025-08-01 09:26:37 AM,14.0,0,0.0,88607973.75
2025-08-01 09:26:37 AM,13.95,0,0.0,88607973.75
2025-08-01 09:26:38 AM,14.1,20325,286582.5,88894556.25
2025-08-01 09:26:38 AM,14.1,150,2115.0,88896671.25
2025-08-01 09:26:38 AM,14.05,0,0.0,88896671.25
2025-08-01 09:26:39 AM,14.05,6750,94837.5,88991508.75
2025-08-01 09:26:39 AM,14.1,600,8460.0,88999968.75
2025-08-01 09:26:40 AM,14.05,0,0.0,88999968.75
2025-08-01 09:26:41 AM,14.05,3825,53741.25,89053710.0
2025-08-01 09:26:41 AM,14.0,0,0.0,89053710.0
2025-08-01 09:26:41 AM,14.1,0,0.0,89053710.0
2025-08-01 09:26:41 AM,14.0,1500,21000.0,89074710.0
2025-08-01 09:26:42 AM,14.15,0,0.0,89074710.0
2025-08-01 09:26:43 AM,14.15,5700,80655.0,89155365.0
2025-08-01 09:26:43 AM,14.1,75,1057.5,89156422.5
2025-08-01 09:26:43 AM,14.2,0,0.0,89156422.5
2025-08-01 09:26:43 AM,14.1,0,0.0,89156422.5
2025-08-01 09:26:44 AM,14.25,0,0.0,89156422.5
2025-08-01 09:26:44 AM,14.25,3600,51300.0,89207722.5
2025-08-01 09:26:46 AM,14.2,8550,121410.0,89329132.5
2025-08-01 09:26:46 AM,14.1,5025,70852.5,89399985.0
2025-08-01 09:26:47 AM,14.25,0,0.0,89399985.0
2025-08-01 09:26:48 AM,14.35,4650,66727.5,89466712.5
2025-08-01 09:26:48 AM,14.25,525,7481.25,89474193.75
2025-08-01 09:26:48 AM,14.2,0,0.0,89474193.75
2025-08-01 09:26:49 AM,14.35,0,0.0,89474193.75
2025-08-01 09:26:49 AM,14.4,42600,613440.0,90087633.75
2025-08-01 09:26:49 AM,14.4,1125,16200.0,90103833.75
2025-08-01 09:26:50 AM,14.25,0,0.0,90103833.75
2025-08-01 09:26:51 AM,14.3,9600,137280.0,90241113.75
2025-08-01 09:26:51 AM,14.25,0,0.0,90241113.75
2025-08-01 09:26:51 AM,14.25,15075,214818.75,90455932.5
2025-08-01 09:26:52 AM,14.2,0,0.0,90455932.5
2025-08-01 09:26:53 AM,14.35,3825,54888.75,90510821.25
2025-08-01 09:26:53 AM,14.4,150,2160.0,90512981.25
2025-08-01 09:26:53 AM,14.35,0,0.0,90512981.25
2025-08-01 09:26:53 AM,14.4,0,0.0,90512981.25
2025-08-01 09:26:54 AM,14.3,0,0.0,90512981.25
2025-08-01 09:26:54 AM,14.3,6825,97597.5,90610578.75
2025-08-01 09:26:54 AM,14.25,2175,30993.75,90641572.5
2025-08-01 09:26:56 AM,14.25,5700,81225.0,90722797.5
2025-08-01 09:26:56 AM,14.35,0,0.0,90722797.5
2025-08-01 09:26:56 AM,14.35,225,3228.75,90726026.25
2025-08-01 09:26:58 AM,14.4,3075,44280.0,90770306.25
2025-08-01 09:26:58 AM,14.45,1575,22758.75,90793065.0
2025-08-01 09:26:58 AM,14.5,0,0.0,90793065.0
2025-08-01 09:26:59 AM,14.45,0,0.0,90793065.0
2025-08-01 09:26:59 AM,14.45,10425,150641.25,90943706.25
2025-08-01 09:26:59 AM,14.45,75,1083.75,90944790.0
2025-08-01 09:27:00 AM,14.5,0,0.0,90944790.0
2025-08-01 09:27:01 AM,14.55,17250,250987.5,91195777.5
2025-08-01 09:27:01 AM,14.5,150,2175.0,91197952.5
2025-08-01 09:27:02 AM,14.45,0,0.0,91197952.5
2025-08-01 09:27:02 AM,14.4,2250,32400.0,91230352.5
2025-08-01 09:27:03 AM,14.5,9000,130500.0,91360852.5
2025-08-01 09:27:03 AM,14.6,0,0.0,91360852.5
2025-08-01 09:27:04 AM,14.45,0,0.0,91360852.5
2025-08-01 09:27:04 AM,14.5,5025,72862.5,91433715.0
2025-08-01 09:27:04 AM,14.5,450,6525.0,91440240.0
2025-08-01 09:27:06 AM,14.5,5400,78300.0,91518540.0
2025-08-01 09:27:06 AM,14.45,0,0.0,91518540.0
2025-08-01 09:27:06 AM,14.45,375,5418.75,91523958.75
2025-08-01 09:27:07 AM,14.5,0,0.0,91523958.75
2025-08-01 09:27:07 AM,14.45,1725,24926.25,91548885.0
2025-08-01 09:27:08 AM,14.45,825,11921.25,91560806.25
2025-08-01 09:27:09 AM,14.25,0,0.0,91560806.25
2025-08-01 09:27:09 AM,14.3,0,0.0,91560806.25
2025-08-01 09:27:09 AM,14.3,26550,379665.0,91940471.25
2025-08-01 09:27:09 AM,14.35,450,6457.5,91946928.75
2025-08-01 09:27:11 AM,14.4,5550,79920.0,92026848.75
2025-08-01 09:27:11 AM,14.4,675,9720.0,92036568.75
2025-08-01 09:27:12 AM,14.45,0,0.0,92036568.75
2025-08-01 09:27:12 AM,14.45,1200,17340.0,92053908.75
2025-08-01 09:27:13 AM,14.4,0,0.0,92053908.75
2025-08-01 09:27:14 AM,14.3,6150,87945.0,92141853.75
2025-08-01 09:27:14 AM,14.4,0,0.0,92141853.75
2025-08-01 09:27:14 AM,14.4,1575,22680.0,92164533.75
2025-08-01 09:27:15 AM,14.25,0,0.0,92164533.75
2025-08-01 09:27:16 AM,14.25,22950,327037.5,92491571.25
2025-08-01 09:27:16 AM,14.35,0,0.0,92491571.25
2025-08-01 09:27:17 AM,14.25,0,0.0,92491571.25
2025-08-01 09:27:17 AM,14.3,0,0.0,92491571.25
2025-08-01 09:27:17 AM,14.4,2775,39960.0,92531531.25
2025-08-01 09:27:18 AM,14.3,375,5362.5,92536893.75
2025-08-01 09:27:18 AM,14.35,0,0.0,92536893.75
2025-08-01 09:27:19 AM,14.4,600,8640.0,92545533.75
2025-08-01 09:27:19 AM,14.45,75,1083.75,92546617.5
2025-08-01 09:27:20 AM,14.3,0,0.0,92546617.5
2025-08-01 09:27:21 AM,14.2,4725,67095.0,92613712.5
2025-08-01 09:27:21 AM,14.2,1500,21300.0,92635012.5
2025-08-01 09:27:21 AM,14.25,0,0.0,92635012.5
2025-08-01 09:27:22 AM,14.2,0,0.0,92635012.5
2025-08-01 09:27:22 AM,14.35,0,0.0,92635012.5
2025-08-01 09:27:22 AM,14.3,13350,190905.0,92825917.5
2025-08-01 09:27:23 AM,14.3,300,4290.0,92830207.5
2025-08-01 09:27:23 AM,14.35,0,0.0,92830207.5
2025-08-01 09:27:24 AM,14.25,5625,80156.25,92910363.75
2025-08-01 09:27:24 AM,14.25,75,1068.75,92911432.5
2025-08-01 09:27:25 AM,14.2,0,0.0,92911432.5
2025-08-01 09:27:26 AM,14.3,2475,35392.5,92946825.0
2025-08-01 09:27:26 AM,14.25,225,3206.25,92950031.25
2025-08-01 09:27:26 AM,14.2,0,0.0,92950031.25
2025-08-01 09:27:27 AM,14.3,0,0.0,92950031.25
2025-08-01 09:27:27 AM,14.25,3075,43818.75,92993850.0
2025-08-01 09:27:28 AM,14.2,0,0.0,92993850.0
2025-08-01 09:27:29 AM,14.4,7125,102600.0,93096450.0
2025-08-01 09:27:30 AM,14.35,0,0.0,93096450.0
2025-08-01 09:27:31 AM,14.3,2925,41827.5,93138277.5
2025-08-01 09:27:32 AM,14.25,0,0.0,93138277.5
2025-08-01 09:27:32 AM,14.25,4950,70537.5,93208815.0
2025-08-01 09:27:33 AM,14.2,0,0.0,93208815.0
2025-08-01 09:27:34 AM,14.3,1725,24667.5,93233482.5
2025-08-01 09:27:36 AM,14.3,5175,74002.5,93307485.0
2025-08-01 09:27:37 AM,14.15,0,0.0,93307485.0
2025-08-01 09:27:37 AM,14.25,2400,34200.0,93341685.0
2025-08-01 09:27:38 AM,14.25,75,1068.75,93342753.75
2025-08-01 09:27:38 AM,14.15,0,0.0,93342753.75
2025-08-01 09:27:39 AM,14.15,4350,61552.5,93404306.25
2025-08-01 09:27:40 AM,14.2,0,0.0,93404306.25
2025-08-01 09:27:41 AM,14.35,3300,47355.0,93451661.25
2025-08-01 09:27:42 AM,14.2,0,0.0,93451661.25
2025-08-01 09:27:42 AM,14.3,2625,37537.5,93489198.75
2025-08-01 09:27:44 AM,14.35,0,0.0,93489198.75
2025-08-01 09:27:44 AM,14.35,2250,32287.5,93521486.25
2025-08-01 09:27:44 AM,14.3,300,4290.0,93525776.25
2025-08-01 09:27:46 AM,14.3,2775,39682.5,93565458.75
2025-08-01 09:27:47 AM,14.4,0,0.0,93565458.75
2025-08-01 09:27:47 AM,14.4,5175,74520.0,93639978.75
2025-08-01 09:27:49 AM,14.45,0,0.0,93639978.75
2025-08-01 09:27:49 AM,14.45,4950,71527.5,93711506.25
2025-08-01 09:27:49 AM,14.4,150,2160.0,93713666.25
2025-08-01 09:27:50 AM,14.45,0,0.0,93713666.25
2025-08-01 09:27:51 AM,14.4,2250,32400.0,93746066.25
2025-08-01 09:27:51 AM,14.4,975,14040.0,93760106.25
2025-08-01 09:27:52 AM,14.55,0,0.0,93760106.25
2025-08-01 09:27:52 AM,14.6,22125,323025.0,94083131.25
2025-08-01 09:27:53 AM,14.55,1500,21825.0,94104956.25
2025-08-01 09:27:54 AM,14.6,0,0.0,94104956.25
2025-08-01 09:27:54 AM,14.6,10950,159870.0,94264826.25
2025-08-01 09:27:54 AM,14.6,150,2190.0,94267016.25
2025-08-01 09:27:55 AM,14.55,0,0.0,94267016.25
2025-08-01 09:27:56 AM,14.5,17100,247950.0,94514966.25
2025-08-01 09:27:56 AM,14.4,225,3240.0,94518206.25
2025-08-01 09:27:58 AM,14.6,12900,188340.0,94706546.25
2025-08-01 09:27:58 AM,14.6,300,4380.0,94710926.25
2025-08-01 09:27:59 AM,14.65,0,0.0,94710926.25
2025-08-01 09:27:59 AM,14.65,6600,96690.0,94807616.25
2025-08-01 09:27:59 AM,14.7,0,0.0,94807616.25
2025-08-01 09:27:59 AM,14.7,3075,45202.5,94852818.75
2025-08-01 09:28:00 AM,14.55,0,0.0,94852818.75
2025-08-01 09:28:01 AM,14.5,21375,309937.5,95162756.25
2025-08-01 09:28:01 AM,14.45,75,1083.75,95163840.0
2025-08-01 09:28:01 AM,14.4,0,0.0,95163840.0
2025-08-01 09:28:02 AM,14.55,0,0.0,95163840.0
2025-08-01 09:28:03 AM,14.6,12300,179580.0,95343420.0
2025-08-01 09:28:03 AM,14.65,1425,20876.25,95364296.25
2025-08-01 09:28:03 AM,14.6,0,0.0,95364296.25
2025-08-01 09:28:04 AM,14.65,0,0.0,95364296.25
2025-08-01 09:28:04 AM,14.65,4275,62628.75,95426925.0
2025-08-01 09:28:04 AM,14.7,300,4410.0,95431335.0
2025-08-01 09:28:05 AM,14.6,0,0.0,95431335.0
2025-08-01 09:28:06 AM,14.95,61425,918303.75,96349638.75
2025-08-01 09:28:06 AM,15.0,1275,19125.0,96368763.75
2025-08-01 09:28:06 AM,14.9,0,0.0,96368763.75
2025-08-01 09:28:07 AM,15.0,0,0.0,96368763.75
2025-08-01 09:28:07 AM,15.05,0,0.0,96368763.75
2025-08-01 09:28:08 AM,15.05,16050,241552.5,96610316.25
2025-08-01 09:28:08 AM,15.0,0,0.0,96610316.25
2025-08-01 09:28:09 AM,15.15,0,0.0,96610316.25
2025-08-01 09:28:09 AM,15.15,30825,466998.75,97077315.0
2025-08-01 09:28:09 AM,15.05,225,3386.25,97080701.25
2025-08-01 09:28:10 AM,15.25,0,0.0,97080701.25
2025-08-01 09:28:11 AM,15.1,17925,270667.5,97351368.75
2025-08-01 09:28:11 AM,15.1,600,9060.0,97360428.75
2025-08-01 09:28:12 AM,14.85,0,0.0,97360428.75
2025-08-01 09:28:12 AM,14.75,0,0.0,97360428.75
2025-08-01 09:28:13 AM,14.75,32475,479006.25,97839435.0
2025-08-01 09:28:13 AM,14.85,2325,34526.25,97873961.25
2025-08-01 09:28:14 AM,14.85,9075,134763.75,98008725.0
2025-08-01 09:28:14 AM,14.75,1275,18806.25,98027531.25
2025-08-01 09:28:15 AM,14.8,0,0.0,98027531.25
2025-08-01 09:28:16 AM,14.85,6975,103578.75,98131110.0
2025-08-01 09:28:16 AM,14.85,150,2227.5,98133337.5
2025-08-01 09:28:17 AM,14.9,0,0.0,98133337.5
2025-08-01 09:28:18 AM,14.8,8400,124320.0,98257657.5
2025-08-01 09:28:18 AM,14.75,300,4425.0,98262082.5
2025-08-01 09:28:19 AM,14.7,0,0.0,98262082.5
2025-08-01 09:28:19 AM,14.7,5250,77175.0,98339257.5
2025-08-01 09:28:20 AM,14.65,0,0.0,98339257.5
2025-08-01 09:28:21 AM,14.6,10050,146730.0,98485987.5
2025-08-01 09:28:21 AM,14.75,0,0.0,98485987.5
2025-08-01 09:28:22 AM,14.65,0,0.0,98485987.5
2025-08-01 09:28:23 AM,14.75,44025,649368.75,99135356.25
2025-08-01 09:28:23 AM,14.7,0,0.0,99135356.25
2025-08-01 09:28:24 AM,14.75,0,0.0,99135356.25
2025-08-01 09:28:24 AM,14.75,8475,125006.25,99260362.5
2025-08-01 09:28:24 AM,14.75,150,2212.5,99262575.0
2025-08-01 09:28:25 AM,14.65,0,0.0,99262575.0
2025-08-01 09:28:26 AM,14.6,13575,198195.0,99460770.0
2025-08-01 09:28:26 AM,14.7,900,13230.0,99474000.0
2025-08-01 09:28:26 AM,14.6,0,0.0,99474000.0
2025-08-01 09:28:28 AM,14.6,25125,366825.0,99840825.0
2025-08-01 09:28:28 AM,14.55,0,0.0,99840825.0
2025-08-01 09:28:29 AM,14.7,0,0.0,99840825.0
2025-08-01 09:28:29 AM,14.65,0,0.0,99840825.0
2025-08-01 09:28:29 AM,14.65,7950,116467.5,99957292.5
2025-08-01 09:28:29 AM,14.75,75,1106.25,99958398.75
2025-08-01 09:28:30 AM,14.7,0,0.0,99958398.75
2025-08-01 09:28:31 AM,14.7,4950,72765.0,100031163.75
2025-08-01 09:28:31 AM,14.7,75,1102.5,100032266.25
2025-08-01 09:28:33 AM,14.7,4950,72765.0,100105031.25
2025-08-01 09:28:33 AM,14.55,2475,36011.25,100141042.5
2025-08-01 09:28:33 AM,14.4,0,0.0,100141042.5
2025-08-01 09:28:33 AM,14.5,0,0.0,100141042.5
2025-08-01 09:28:34 AM,14.4,0,0.0,100141042.5
2025-08-01 09:28:34 AM,14.35,0,0.0,100141042.5
2025-08-01 09:28:34 AM,14.35,10500,150675.0,100291717.5
2025-08-01 09:28:34 AM,14.35,825,11838.75,100303556.25
2025-08-01 09:28:35 AM,14.4,0,0.0,100303556.25
2025-08-01 09:28:35 AM,14.3,0,0.0,100303556.25
2025-08-01 09:28:36 AM,14.45,5100,73695.0,100377251.25
2025-08-01 09:28:36 AM,14.35,0,0.0,100377251.25
2025-08-01 09:28:37 AM,14.25,0,0.0,100377251.25
2025-08-01 09:28:38 AM,14.3,8775,125482.5,100502733.75
2025-08-01 09:28:39 AM,14.4,0,0.0,100502733.75
2025-08-01 09:28:39 AM,14.4,16500,237600.0,100740333.75
2025-08-01 09:28:40 AM,14.35,0,0.0,100740333.75
2025-08-01 09:28:40 AM,14.4,0,0.0,100740333.75
2025-08-01 09:28:41 AM,14.3,4725,67567.5,100807901.25
2025-08-01 09:28:41 AM,14.4,0,0.0,100807901.25
2025-08-01 09:28:42 AM,14.45,0,0.0,100807901.25
2025-08-01 09:28:43 AM,14.5,1125,16312.5,100824213.75
2025-08-01 09:28:44 AM,14.45,0,0.0,100824213.75
2025-08-01 09:28:44 AM,14.45,1500,21675.0,100845888.75
2025-08-01 09:28:45 AM,14.5,0,0.0,100845888.75
2025-08-01 09:28:46 AM,14.6,1800,26280.0,100872168.75
2025-08-01 09:28:46 AM,14.6,1800,26280.0,100898448.75
2025-08-01 09:28:48 AM,14.55,11700,170235.0,101068683.75
2025-08-01 09:28:48 AM,14.4,900,12960.0,101081643.75
2025-08-01 09:28:48 AM,14.35,0,0.0,101081643.75
2025-08-01 09:28:48 AM,14.4,0,0.0,101081643.75
2025-08-01 09:28:49 AM,14.5,0,0.0,101081643.75
2025-08-01 09:28:49 AM,14.5,14250,206625.0,101288268.75
2025-08-01 09:28:49 AM,14.45,375,5418.75,101293687.5
2025-08-01 09:28:51 AM,14.45,12075,174483.75,101468171.25
2025-08-01 09:28:53 AM,14.5,6150,89175.0,101557346.25
2025-08-01 09:28:53 AM,14.5,75,1087.5,101558433.75
2025-08-01 09:28:54 AM,14.45,0,0.0,101558433.75
2025-08-01 09:28:54 AM,14.5,0,0.0,101558433.75
2025-08-01 09:28:54 AM,14.5,3000,43500.0,101601933.75
2025-08-01 09:28:55 AM,14.4,0,0.0,101601933.75
2025-08-01 09:28:56 AM,14.45,4275,61773.75,101663707.5
2025-08-01 09:28:58 AM,14.4,8700,125280.0,101788987.5
2025-08-01 09:28:58 AM,14.5,0,0.0,101788987.5
2025-08-01 09:28:59 AM,14.55,0,0.0,101788987.5
2025-08-01 09:28:59 AM,14.55,6300,91665.0,101880652.5
2025-08-01 09:28:59 AM,14.45,525,7586.25,101888238.75
2025-08-01 09:29:00 AM,14.4,0,0.0,101888238.75
2025-08-01 09:29:00 AM,14.35,0,0.0,101888238.75
2025-08-01 09:29:01 AM,14.35,14925,214173.75,102102412.5
2025-08-01 09:29:01 AM,14.35,150,2152.5,102104565.0
2025-08-01 09:29:01 AM,14.3,0,0.0,102104565.0
2025-08-01 09:29:01 AM,14.35,0,0.0,102104565.0
2025-08-01 09:29:02 AM,14.3,0,0.0,102104565.0
2025-08-01 09:29:03 AM,14.35,6675,95786.25,102200351.25
2025-08-01 09:29:03 AM,14.35,225,3228.75,102203580.0
2025-08-01 09:29:03 AM,14.3,0,0.0,102203580.0
2025-08-01 09:29:04 AM,14.2,0,0.0,102203580.0
2025-08-01 09:29:04 AM,14.2,6225,88395.0,102291975.0
2025-08-01 09:29:05 AM,14.25,0,0.0,102291975.0
2025-08-01 09:29:06 AM,14.25,6600,94050.0,102386025.0
2025-08-01 09:29:06 AM,14.25,300,4275.0,102390300.0
2025-08-01 09:29:06 AM,14.2,0,0.0,102390300.0
2025-08-01 09:29:07 AM,14.35,0,0.0,102390300.0
2025-08-01 09:29:07 AM,14.35,6225,89328.75,102479628.75
2025-08-01 09:29:08 AM,14.3,0,0.0,102479628.75
2025-08-01 09:29:09 AM,14.25,0,0.0,102479628.75
2025-08-01 09:29:09 AM,14.25,6450,91912.5,102571541.25
2025-08-01 09:29:11 AM,14.25,13500,192375.0,102763916.25
2025-08-01 09:29:12 AM,14.05,0,0.0,102763916.25
2025-08-01 09:29:12 AM,14.05,32400,455220.0,103219136.25
2025-08-01 09:29:13 AM,14.0,0,0.0,103219136.25
2025-08-01 09:29:14 AM,13.95,18150,253192.5,103472328.75
2025-08-01 09:29:14 AM,14.0,0,0.0,103472328.75
2025-08-01 09:29:14 AM,14.0,1500,21000.0,103493328.75
2025-08-01 09:29:15 AM,13.95,0,0.0,103493328.75
2025-08-01 09:29:16 AM,14.0,3075,43050.0,103536378.75
2025-08-01 09:29:16 AM,13.95,525,7323.75,103543702.5
2025-08-01 09:29:17 AM,13.95,8625,120318.75,103664021.25
2025-08-01 09:29:18 AM,14.0,0,0.0,103664021.25
2025-08-01 09:29:19 AM,14.1,2325,32782.5,103696803.75
2025-08-01 09:29:19 AM,14.15,150,2122.5,103698926.25
2025-08-01 09:29:19 AM,14.2,0,0.0,103698926.25
2025-08-01 09:29:21 AM,14.25,15600,222300.0,103921226.25
2025-08-01 09:29:21 AM,14.35,0,0.0,103921226.25
2025-08-01 09:29:22 AM,14.15,0,0.0,103921226.25
2025-08-01 09:29:22 AM,14.15,2175,30776.25,103952002.5
2025-08-01 09:29:23 AM,14.2,0,0.0,103952002.5
2025-08-01 09:29:24 AM,14.15,9450,133717.5,104085720.0
2025-08-01 09:29:24 AM,14.2,0,0.0,104085720.0
2025-08-01 09:29:26 AM,14.15,3525,49878.75,104135598.75
2025-08-01 09:29:26 AM,14.3,0,0.0,104135598.75
2025-08-01 09:29:27 AM,14.2,0,0.0,104135598.75
2025-08-01 09:29:27 AM,14.2,5250,74550.0,104210148.75
2025-08-01 09:29:27 AM,14.25,150,2137.5,104212286.25
2025-08-01 09:29:29 AM,14.25,525,7481.25,104219767.5
2025-08-01 09:29:30 AM,14.3,0,0.0,104219767.5
2025-08-01 09:29:30 AM,14.3,4050,57915.0,104277682.5
2025-08-01 09:29:30 AM,14.3,1275,18232.5,104295915.0
2025-08-01 09:29:32 AM,14.25,2250,32062.5,104327977.5
2025-08-01 09:29:32 AM,14.2,0,0.0,104327977.5
2025-08-01 09:29:34 AM,14.2,1275,18105.0,104346082.5
2025-08-01 09:29:34 AM,14.25,0,0.0,104346082.5
2025-08-01 09:29:35 AM,14.2,0,0.0,104346082.5
2025-08-01 09:29:35 AM,14.2,1800,25560.0,104371642.5
2025-08-01 09:29:37 AM,14.25,1800,25650.0,104397292.5
2025-08-01 09:29:38 AM,14.35,0,0.0,104397292.5
2025-08-01 09:29:38 AM,14.4,0,0.0,104397292.5
2025-08-01 09:29:39 AM,14.25,11550,164587.5,104561880.0
2025-08-01 09:29:39 AM,14.2,0,0.0,104561880.0
2025-08-01 09:29:40 AM,14.1,0,0.0,104561880.0
2025-08-01 09:29:40 AM,14.1,4575,64507.5,104626387.5
2025-08-01 09:29:40 AM,14.2,450,6390.0,104632777.5
2025-08-01 09:29:42 AM,14.15,1575,22286.25,104655063.75
2025-08-01 09:29:42 AM,14.15,75,1061.25,104656125.0
2025-08-01 09:29:43 AM,14.2,0,0.0,104656125.0
2025-08-01 09:29:43 AM,14.2,4050,57510.0,104713635.0
2025-08-01 09:29:44 AM,14.15,75,1061.25,104714696.25
2025-08-01 09:29:45 AM,14.25,0,0.0,104714696.25
2025-08-01 09:29:45 AM,14.25,3225,45956.25,104760652.5
2025-08-01 09:29:46 AM,14.3,0,0.0,104760652.5
2025-08-01 09:29:47 AM,14.2,7125,101175.0,104861827.5
2025-08-01 09:29:47 AM,14.25,0,0.0,104861827.5
2025-08-01 09:29:48 AM,14.3,0,0.0,104861827.5
2025-08-01 09:29:48 AM,14.3,1800,25740.0,104887567.5
2025-08-01 09:29:49 AM,14.2,0,0.0,104887567.5
2025-08-01 09:29:50 AM,14.15,2925,41388.75,104928956.25
2025-08-01 09:29:51 AM,14.1,0,0.0,104928956.25
2025-08-01 09:29:52 AM,14.1,2550,35955.0,104964911.25
2025-08-01 09:29:52 AM,14.0,0,0.0,104964911.25
2025-08-01 09:29:53 AM,13.95,0,0.0,104964911.25
2025-08-01 09:29:53 AM,14.05,9150,128557.5,105093468.75
2025-08-01 09:29:55 AM,14.0,1500,21000.0,105114468.75
2025-08-01 09:29:55 AM,14.0,75,1050.0,105115518.75
2025-08-01 09:29:56 AM,14.05,0,0.0,105115518.75
2025-08-01 09:29:57 AM,14.0,3900,54600.0,105170118.75
2025-08-01 09:29:58 AM,14.05,0,0.0,105170118.75
2025-08-01 09:29:58 AM,14.05,1275,17913.75,105188032.5
2025-08-01 09:29:59 AM,14.0,0,0.0,105188032.5
2025-08-01 09:30:00 AM,13.95,57225,798288.75,105986321.25
2025-08-01 09:30:00 AM,13.95,2850,39757.5,106026078.75
2025-08-01 09:30:00 AM,14.0,0,0.0,106026078.75
2025-08-01 09:30:00 AM,13.9,0,0.0,106026078.75
2025-08-01 09:30:01 AM,14.05,0,0.0,106026078.75
2025-08-01 09:30:01 AM,14.05,36225,508961.25,106535040.0
2025-08-01 09:30:03 AM,14.1,6525,92002.5,106627042.5
2025-08-01 09:30:04 AM,14.15,0,0.0,106627042.5
2025-08-01 09:30:05 AM,14.1,1800,25380.0,106652422.5
2025-08-01 09:30:05 AM,14.2,75,1065.0,106653487.5
2025-08-01 09:30:06 AM,14.15,0,0.0,106653487.5
2025-08-01 09:30:06 AM,14.15,2025,28653.75,106682141.25
2025-08-01 09:30:07 AM,14.15,225,3183.75,106685325.0
2025-08-01 09:30:07 AM,14.25,0,0.0,106685325.0
2025-08-01 09:30:08 AM,14.35,7875,113006.25,106798331.25
2025-08-01 09:30:09 AM,14.45,0,0.0,106798331.25
2025-08-01 09:30:10 AM,14.45,11550,166897.5,106965228.75
2025-08-01 09:30:10 AM,14.5,300,4350.0,106969578.75
2025-08-01 09:30:10 AM,14.45,0,0.0,106969578.75
2025-08-01 09:30:11 AM,14.4,0,0.0,106969578.75
2025-08-01 09:30:11 AM,14.4,5100,73440.0,107043018.75
2025-08-01 09:30:12 AM,14.3,0,0.0,107043018.75
2025-08-01 09:30:13 AM,14.2,1650,23430.0,107066448.75
2025-08-01 09:30:13 AM,14.25,225,3206.25,107069655.0
2025-08-01 09:30:14 AM,14.35,0,0.0,107069655.0
2025-08-01 09:30:15 AM,14.35,900,12915.0,107082570.0
2025-08-01 09:30:15 AM,14.5,0,0.0,107082570.0
2025-08-01 09:30:15 AM,14.4,0,0.0,107082570.0
2025-08-01 09:30:16 AM,14.4,4425,63720.0,107146290.0
2025-08-01 09:30:16 AM,14.4,150,2160.0,107148450.0
2025-08-01 09:30:17 AM,14.45,0,0.0,107148450.0
2025-08-01 09:30:18 AM,14.4,6525,93960.0,107242410.0
2025-08-01 09:30:20 AM,14.5,5850,84825.0,107327235.0
2025-08-01 09:30:20 AM,14.55,525,7638.75,107334873.75
2025-08-01 09:30:20 AM,14.5,0,0.0,107334873.75
2025-08-01 09:30:21 AM,14.6,8175,119355.0,107454228.75
2025-08-01 09:30:23 AM,14.55,9525,138588.75,107592817.5
2025-08-01 09:30:23 AM,14.5,300,4350.0,107597167.5
2025-08-01 09:30:23 AM,14.55,0,0.0,107597167.5
2025-08-01 09:30:24 AM,14.65,0,0.0,107597167.5
2025-08-01 09:30:24 AM,14.7,11325,166477.5,107763645.0
2025-08-01 09:30:26 AM,14.7,2700,39690.0,107803335.0
2025-08-01 09:30:26 AM,14.7,150,2205.0,107805540.0
2025-08-01 09:30:27 AM,14.8,0,0.0,107805540.0
2025-08-01 09:30:27 AM,14.85,0,0.0,107805540.0
2025-08-01 09:30:28 AM,14.9,5625,83812.5,107889352.5
2025-08-01 09:30:28 AM,14.8,375,5550.0,107894902.5
2025-08-01 09:30:28 AM,14.75,0,0.0,107894902.5
2025-08-01 09:30:28 AM,14.8,0,0.0,107894902.5
2025-08-01 09:30:29 AM,14.85,3975,59028.75,107953931.25
2025-08-01 09:30:29 AM,14.75,1875,27656.25,107981587.5
2025-08-01 09:30:30 AM,14.85,0,0.0,107981587.5
2025-08-01 09:30:31 AM,14.8,9375,138750.0,108120337.5
2025-08-01 09:30:31 AM,14.85,750,11137.5,108131475.0
2025-08-01 09:30:32 AM,14.75,0,0.0,108131475.0
2025-08-01 09:30:32 AM,14.8,0,0.0,108131475.0
2025-08-01 09:30:33 AM,14.8,7200,106560.0,108238035.0
2025-08-01 09:30:33 AM,14.75,75,1106.25,108239141.25
2025-08-01 09:30:33 AM,14.6,0,0.0,108239141.25
2025-08-01 09:30:33 AM,14.65,0,0.0,108239141.25
2025-08-01 09:30:34 AM,14.65,8475,124158.75,108363300.0
2025-08-01 09:30:34 AM,14.65,450,6592.5,108369892.5
2025-08-01 09:30:35 AM,14.6,0,0.0,108369892.5
2025-08-01 09:30:36 AM,14.6,19875,290175.0,108660067.5
2025-08-01 09:30:36 AM,14.55,225,3273.75,108663341.25
2025-08-01 09:30:37 AM,14.5,0,0.0,108663341.25
2025-08-01 09:30:38 AM,14.5,2850,41325.0,108704666.25
2025-08-01 09:30:38 AM,14.5,225,3262.5,108707928.75
2025-08-01 09:30:38 AM,14.45,0,0.0,108707928.75
2025-08-01 09:30:38 AM,14.5,0,0.0,108707928.75
2025-08-01 09:30:39 AM,14.45,0,0.0,108707928.75
2025-08-01 09:30:39 AM,14.45,3225,46601.25,108754530.0
2025-08-01 09:30:39 AM,14.4,450,6480.0,108761010.0
2025-08-01 09:30:40 AM,14.3,0,0.0,108761010.0
2025-08-01 09:30:41 AM,14.3,8025,114757.5,108875767.5
2025-08-01 09:30:41 AM,14.3,225,3217.5,108878985.0
2025-08-01 09:30:41 AM,14.25,0,0.0,108878985.0
2025-08-01 09:30:42 AM,14.2,0,0.0,108878985.0
2025-08-01 09:30:43 AM,14.15,10050,142207.5,109021192.5
2025-08-01 09:30:43 AM,14.2,150,2130.0,109023322.5
2025-08-01 09:30:43 AM,14.15,0,0.0,109023322.5
2025-08-01 09:30:43 AM,14.2,0,0.0,109023322.5
2025-08-01 09:30:44 AM,14.15,0,0.0,109023322.5
2025-08-01 09:30:44 AM,14.2,0,0.0,109023322.5
2025-08-01 09:30:44 AM,14.15,3750,53062.5,109076385.0
2025-08-01 09:30:44 AM,14.2,75,1065.0,109077450.0
2025-08-01 09:30:46 AM,14.2,4125,58575.0,109136025.0
2025-08-01 09:30:46 AM,14.25,0,0.0,109136025.0
2025-08-01 09:30:47 AM,14.2,0,0.0,109136025.0
2025-08-01 09:30:48 AM,14.2,3750,53250.0,109189275.0
2025-08-01 09:30:48 AM,14.1,0,0.0,109189275.0
2025-08-01 09:30:49 AM,14.15,0,0.0,109189275.0
2025-08-01 09:30:49 AM,14.1,7950,112095.0,109301370.0
2025-08-01 09:30:50 AM,14.15,0,0.0,109301370.0
2025-08-01 09:30:51 AM,14.2,8025,113955.0,109415325.0
2025-08-01 09:30:51 AM,14.15,75,1061.25,109416386.25
2025-08-01 09:30:53 AM,14.15,4500,63675.0,109480061.25
2025-08-01 09:30:53 AM,14.1,450,6345.0,109486406.25
2025-08-01 09:30:54 AM,14.15,4275,60491.25,109546897.5
2025-08-01 09:30:54 AM,14.2,75,1065.0,109547962.5
2025-08-01 09:30:55 AM,14.15,0,0.0,109547962.5
2025-08-01 09:30:56 AM,14.2,1200,17040.0,109565002.5
2025-08-01 09:30:56 AM,14.2,450,6390.0,109571392.5
2025-08-01 09:30:56 AM,14.25,0,0.0,109571392.5
2025-08-01 09:30:57 AM,14.2,0,0.0,109571392.5
2025-08-01 09:30:58 AM,14.2,4200,59640.0,109631032.5
2025-08-01 09:30:58 AM,14.25,0,0.0,109631032.5
2025-08-01 09:30:59 AM,14.25,2925,41681.25,109672713.75
2025-08-01 09:30:59 AM,14.2,150,2130.0,109674843.75
2025-08-01 09:31:00 AM,14.3,0,0.0,109674843.75
2025-08-01 09:31:01 AM,14.4,3300,47520.0,109722363.75
2025-08-01 09:31:01 AM,14.35,75,1076.25,109723440.0
2025-08-01 09:31:01 AM,14.4,0,0.0,109723440.0
2025-08-01 09:31:02 AM,14.55,0,0.0,109723440.0
2025-08-01 09:31:02 AM,14.55,19275,280451.25,110003891.25
2025-08-01 09:31:03 AM,14.7,75,1102.5,110004993.75
2025-08-01 09:31:04 AM,14.6,12000,175200.0,110180193.75
2025-08-01 09:31:05 AM,14.45,0,0.0,110180193.75
2025-08-01 09:31:06 AM,14.45,45375,655668.75,110835862.5
2025-08-01 09:31:07 AM,14.45,7875,113793.75,110949656.25
2025-08-01 09:31:08 AM,14.4,75,1080.0,110950736.25
2025-08-01 09:31:09 AM,14.35,9450,135607.5,111086343.75
2025-08-01 09:31:10 AM,14.4,0,0.0,111086343.75
2025-08-01 09:31:11 AM,14.45,8850,127882.5,111214226.25
2025-08-01 09:31:11 AM,14.5,150,2175.0,111216401.25
2025-08-01 09:31:12 AM,14.55,0,0.0,111216401.25
2025-08-01 09:31:12 AM,14.55,5100,74205.0,111290606.25
2025-08-01 09:31:13 AM,14.6,300,4380.0,111294986.25
2025-08-01 09:31:13 AM,14.7,0,0.0,111294986.25
2025-08-01 09:31:14 AM,14.75,22575,332981.25,111627967.5
2025-08-01 09:31:14 AM,14.7,1425,20947.5,111648915.0
2025-08-01 09:31:15 AM,14.65,0,0.0,111648915.0
2025-08-01 09:31:16 AM,14.65,2625,38456.25,111687371.25
2025-08-01 09:31:16 AM,14.65,75,1098.75,111688470.0
2025-08-01 09:31:17 AM,14.55,0,0.0,111688470.0
2025-08-01 09:31:17 AM,14.5,4275,61987.5,111750457.5
2025-08-01 09:31:18 AM,14.55,1050,15277.5,111765735.0
2025-08-01 09:31:18 AM,14.45,0,0.0,111765735.0
2025-08-01 09:31:19 AM,14.4,3825,55080.0,111820815.0
2025-08-01 09:31:20 AM,14.35,0,0.0,111820815.0
2025-08-01 09:31:21 AM,14.45,11250,162562.5,111983377.5
2025-08-01 09:31:21 AM,14.4,75,1080.0,111984457.5
2025-08-01 09:31:22 AM,14.35,0,0.0,111984457.5
2025-08-01 09:31:22 AM,14.3,1350,19305.0,112003762.5
2025-08-01 09:31:23 AM,14.4,450,6480.0,112010242.5
2025-08-01 09:31:23 AM,14.35,0,0.0,112010242.5
2025-08-01 09:31:24 AM,14.4,5025,72360.0,112082602.5
2025-08-01 09:31:24 AM,14.35,1725,24753.75,112107356.25
2025-08-01 09:31:25 AM,14.45,0,0.0,112107356.25
2025-08-01 09:31:26 AM,14.45,1950,28177.5,112135533.75
2025-08-01 09:31:27 AM,14.4,4425,63720.0,112199253.75
2025-08-01 09:31:28 AM,14.35,450,6457.5,112205711.25
2025-08-01 09:31:29 AM,14.4,7800,112320.0,112318031.25
2025-08-01 09:31:29 AM,14.35,75,1076.25,112319107.5
2025-08-01 09:31:29 AM,14.4,0,0.0,112319107.5
2025-08-01 09:31:30 AM,14.25,0,0.0,112319107.5
2025-08-01 09:31:31 AM,14.3,8925,127627.5,112446735.0
2025-08-01 09:31:31 AM,14.2,0,0.0,112446735.0
2025-08-01 09:31:32 AM,14.3,0,0.0,112446735.0
2025-08-01 09:31:32 AM,14.3,1800,25740.0,112472475.0
2025-08-01 09:31:33 AM,14.25,900,12825.0,112485300.0
2025-08-01 09:31:33 AM,14.3,0,0.0,112485300.0
2025-08-01 09:31:34 AM,14.1,31650,446265.0,112931565.0
2025-08-01 09:31:36 AM,14.1,4800,67680.0,112999245.0
2025-08-01 09:31:36 AM,14.05,0,0.0,112999245.0
2025-08-01 09:31:37 AM,14.0,0,0.0,112999245.0
2025-08-01 09:31:37 AM,14.0,8175,114450.0,113113695.0
2025-08-01 09:31:38 AM,14.05,1575,22128.75,113135823.75
2025-08-01 09:31:38 AM,14.1,0,0.0,113135823.75
2025-08-01 09:31:38 AM,14.0,0,0.0,113135823.75
2025-08-01 09:31:39 AM,14.1,4875,68737.5,113204561.25
2025-08-01 09:31:39 AM,14.05,375,5268.75,113209830.0
2025-08-01 09:31:40 AM,14.0,0,0.0,113209830.0
2025-08-01 09:31:41 AM,13.95,10425,145428.75,113355258.75
2025-08-01 09:31:42 AM,13.9,0,0.0,113355258.75
2025-08-01 09:31:42 AM,13.85,3225,44666.25,113399925.0
2025-08-01 09:31:44 AM,13.95,1950,27202.5,113427127.5
2025-08-01 09:31:44 AM,14.0,1125,15750.0,113442877.5
2025-08-01 09:31:46 AM,14.0,6600,92400.0,113535277.5
2025-08-01 09:31:46 AM,13.95,0,0.0,113535277.5
2025-08-01 09:31:47 AM,13.85,0,0.0,113535277.5
2025-08-01 09:31:47 AM,13.9,5100,70890.0,113606167.5
2025-08-01 09:31:47 AM,13.85,1425,19736.25,113625903.75
2025-08-01 09:31:48 AM,13.9,0,0.0,113625903.75
2025-08-01 09:31:49 AM,13.9,4500,62550.0,113688453.75
2025-08-01 09:31:49 AM,13.95,225,3138.75,113691592.5
2025-08-01 09:31:49 AM,13.9,0,0.0,113691592.5
2025-08-01 09:31:50 AM,13.75,0,0.0,113691592.5
2025-08-01 09:31:51 AM,13.65,10575,144348.75,113835941.25
2025-08-01 09:31:51 AM,13.75,75,1031.25,113836972.5
2025-08-01 09:31:51 AM,13.7,0,0.0,113836972.5
2025-08-01 09:31:52 AM,13.75,5025,69093.75,113906066.25
2025-08-01 09:31:52 AM,13.7,75,1027.5,113907093.75
2025-08-01 09:31:54 AM,13.8,5550,76590.0,113983683.75
2025-08-01 09:31:54 AM,13.75,900,12375.0,113996058.75
2025-08-01 09:31:54 AM,13.8,0,0.0,113996058.75
2025-08-01 09:31:55 AM,13.6,0,0.0,113996058.75
2025-08-01 09:31:56 AM,13.65,14550,198607.5,114194666.25
2025-08-01 09:31:56 AM,13.6,0,0.0,114194666.25
2025-08-01 09:31:57 AM,13.55,0,0.0,114194666.25
2025-08-01 09:31:57 AM,13.55,2250,30487.5,114225153.75
2025-08-01 09:31:57 AM,13.6,300,4080.0,114229233.75
2025-08-01 09:31:58 AM,13.55,0,0.0,114229233.75
2025-08-01 09:31:59 AM,13.5,35625,480937.5,114710171.25
2025-08-01 09:31:59 AM,13.5,4575,61762.5,114771933.75
2025-08-01 09:31:59 AM,13.45,0,0.0,114771933.75
2025-08-01 09:31:59 AM,13.5,0,0.0,114771933.75
2025-08-01 09:32:00 AM,13.45,0,0.0,114771933.75
2025-08-01 09:32:01 AM,13.5,9150,123525.0,114895458.75
2025-08-01 09:32:01 AM,13.45,8625,116006.25,115011465.0
2025-08-01 09:32:01 AM,13.4,0,0.0,115011465.0
2025-08-01 09:32:02 AM,13.45,0,0.0,115011465.0
2025-08-01 09:32:02 AM,13.45,45075,606258.75,115617723.75
2025-08-01 09:32:02 AM,13.45,300,4035.0,115621758.75
2025-08-01 09:32:03 AM,13.55,0,0.0,115621758.75
2025-08-01 09:32:04 AM,13.6,9750,132600.0,115754358.75
2025-08-01 09:32:04 AM,13.55,0,0.0,115754358.75
2025-08-01 09:32:04 AM,13.6,0,0.0,115754358.75
2025-08-01 09:32:06 AM,13.65,10650,145372.5,115899731.25
2025-08-01 09:32:06 AM,13.6,0,0.0,115899731.25
2025-08-01 09:32:06 AM,13.55,0,0.0,115899731.25
2025-08-01 09:32:07 AM,13.65,0,0.0,115899731.25
2025-08-01 09:32:07 AM,13.65,3150,42997.5,115942728.75
2025-08-01 09:32:09 AM,13.7,1950,26715.0,115969443.75
2025-08-01 09:32:09 AM,13.65,75,1023.75,115970467.5
2025-08-01 09:32:09 AM,13.7,0,0.0,115970467.5
2025-08-01 09:32:10 AM,13.75,0,0.0,115970467.5
2025-08-01 09:32:11 AM,13.75,6600,90750.0,116061217.5
2025-08-01 09:32:11 AM,13.7,1500,20550.0,116081767.5
2025-08-01 09:32:12 AM,13.6,6675,90780.0,116172547.5
2025-08-01 09:32:12 AM,13.65,0,0.0,116172547.5
2025-08-01 09:32:12 AM,13.65,1275,17403.75,116189951.25
2025-08-01 09:32:13 AM,13.6,0,0.0,116189951.25
2025-08-01 09:32:14 AM,13.6,1575,21420.0,116211371.25
2025-08-01 09:32:14 AM,13.65,375,5118.75,116216490.0
2025-08-01 09:32:15 AM,13.85,0,0.0,116216490.0
2025-08-01 09:32:16 AM,13.8,17700,244260.0,116460750.0
2025-08-01 09:32:16 AM,13.75,0,0.0,116460750.0
2025-08-01 09:32:17 AM,13.8,2325,32085.0,116492835.0
2025-08-01 09:32:17 AM,13.85,900,12465.0,116505300.0
2025-08-01 09:32:18 AM,13.95,0,0.0,116505300.0
2025-08-01 09:32:19 AM,13.95,5700,79515.0,116584815.0
2025-08-01 09:32:20 AM,13.9,0,0.0,116584815.0
