date,price,qty,trnvr,cum_trnvr
2025-08-01 09:15:00 AM,18.0,5175,93150.0,93150.0
2025-08-01 09:15:01 AM,16.6,0,0.0,93150.0
2025-08-01 09:15:01 AM,17.0,8850,150450.0,243600.0
2025-08-01 09:15:01 AM,18.05,0,0.0,243600.0
2025-08-01 09:15:02 AM,18.0,0,0.0,243600.0
2025-08-01 09:15:02 AM,17.55,4950,86872.5,330472.5
2025-08-01 09:15:02 AM,19.0,14175,269325.0,599797.5
2025-08-01 09:15:02 AM,18.8,0,0.0,599797.5
2025-08-01 09:15:03 AM,18.85,0,0.0,599797.5
2025-08-01 09:15:03 AM,19.3,8175,157777.5,757575.0
2025-08-01 09:15:03 AM,19.7,825,16252.5,773827.5
2025-08-01 09:15:03 AM,18.95,0,0.0,773827.5
2025-08-01 09:15:04 AM,19.6,0,0.0,773827.5
2025-08-01 09:15:04 AM,19.1,5175,98842.50000000001,872670.0
2025-08-01 09:15:04 AM,19.5,0,0.0,872670.0
2025-08-01 09:15:05 AM,19.6,0,0.0,872670.0
2025-08-01 09:15:05 AM,19.15,2700,51704.99999999999,924375.0
2025-08-01 09:15:05 AM,19.1,0,0.0,924375.0
2025-08-01 09:15:05 AM,19.35,10200,197370.0,1121745.0
2025-08-01 09:15:06 AM,18.9,0,0.0,1121745.0
2025-08-01 09:15:06 AM,18.4,3300,60719.99999999999,1182465.0
2025-08-01 09:15:06 AM,18.3,0,0.0,1182465.0
2025-08-01 09:15:07 AM,18.45,0,0.0,1182465.0
2025-08-01 09:15:07 AM,17.95,6675,119816.25,1302281.25
2025-08-01 09:15:07 AM,17.95,4500,80775.0,1383056.25
2025-08-01 09:15:07 AM,18.55,0,0.0,1383056.25
2025-08-01 09:15:08 AM,18.95,0,0.0,1383056.25
2025-08-01 09:15:08 AM,18.9,9225,174352.5,1557408.75
2025-08-01 09:15:08 AM,19.4,2100,40740.0,1598148.75
2025-08-01 09:15:09 AM,19.3,0,0.0,1598148.75
2025-08-01 09:15:09 AM,18.85,19950,376057.5,1974206.25
2025-08-01 09:15:09 AM,18.65,0,0.0,1974206.25
2025-08-01 09:15:10 AM,18.8,2325,43710.0,2017916.25
2025-08-01 09:15:10 AM,18.55,0,0.0,2017916.25
2025-08-01 09:15:10 AM,18.35,0,0.0,2017916.25
2025-08-01 09:15:11 AM,18.4,0,0.0,2017916.25
2025-08-01 09:15:11 AM,18.55,8550,158602.5,2176518.75
2025-08-01 09:15:11 AM,18.6,3450,64170.00000000001,2240688.75
2025-08-01 09:15:11 AM,18.5,0,0.0,2240688.75
2025-08-01 09:15:12 AM,18.05,0,0.0,2240688.75
2025-08-01 09:15:12 AM,18.1,5550,100455.00000000001,2341143.75
2025-08-01 09:15:12 AM,17.9,2025,36247.5,2377391.25
2025-08-01 09:15:12 AM,17.8,0,0.0,2377391.25
2025-08-01 09:15:13 AM,18.8,0,0.0,2377391.25
2025-08-01 09:15:13 AM,18.5,21600,399600.0,2776991.25
2025-08-01 09:15:13 AM,18.4,0,0.0,2776991.25
2025-08-01 09:15:13 AM,18.4,2325,42780.0,2819771.25
2025-08-01 09:15:14 AM,18.2,0,0.0,2819771.25
2025-08-01 09:15:14 AM,17.55,0,0.0,2819771.25
2025-08-01 09:15:15 AM,17.5,14175,248062.5,3067833.75
2025-08-01 09:15:15 AM,17.65,0,0.0,3067833.75
2025-08-01 09:15:15 AM,17.7,4125,73012.5,3140846.25
2025-08-01 09:15:16 AM,17.85,0,0.0,3140846.25
2025-08-01 09:15:16 AM,17.8,0,0.0,3140846.25
2025-08-01 09:15:16 AM,17.9,8550,153045.0,3293891.25
2025-08-01 09:15:16 AM,17.8,11625,206925.0,3500816.25
2025-08-01 09:15:16 AM,17.7,0,0.0,3500816.25
2025-08-01 09:15:17 AM,17.45,0,0.0,3500816.25
2025-08-01 09:15:17 AM,17.1,25350,433485.00000000006,3934301.25
2025-08-01 09:15:17 AM,17.2,0,0.0,3934301.25
2025-08-01 09:15:18 AM,17.35,0,0.0,3934301.25
2025-08-01 09:15:18 AM,17.35,4800,83280.0,4017581.25
2025-08-01 09:15:18 AM,17.3,0,0.0,4017581.25
2025-08-01 09:15:19 AM,17.4,0,0.0,4017581.25
2025-08-01 09:15:19 AM,17.45,6600,115170.0,4132751.25
2025-08-01 09:15:19 AM,17.45,4875,85068.75,4217820.0
2025-08-01 09:15:19 AM,17.65,0,0.0,4217820.0
2025-08-01 09:15:20 AM,17.6,0,0.0,4217820.0
2025-08-01 09:15:20 AM,17.6,2925,51480.00000000001,4269300.0
2025-08-01 09:15:20 AM,17.55,300,5265.0,4274565.0
2025-08-01 09:15:20 AM,17.4,0,0.0,4274565.0
2025-08-01 09:15:21 AM,17.45,0,0.0,4274565.0
2025-08-01 09:15:21 AM,17.15,3900,66885.0,4341450.0
2025-08-01 09:15:22 AM,16.95,0,0.0,4341450.0
2025-08-01 09:15:22 AM,16.9,3000,50699.99999999999,4392150.0
2025-08-01 09:15:22 AM,16.8,0,0.0,4392150.0
2025-08-01 09:15:23 AM,16.75,0,0.0,4392150.0
2025-08-01 09:15:23 AM,17.0,2325,39525.0,4431675.0
2025-08-01 09:15:23 AM,17.5,2775,48562.5,4480237.5
2025-08-01 09:15:24 AM,17.6,1425,25080.000000000004,4505317.5
2025-08-01 09:15:24 AM,17.35,0,0.0,4505317.5
2025-08-01 09:15:25 AM,17.3,0,0.0,4505317.5
2025-08-01 09:15:25 AM,17.3,3000,51900.0,4557217.5
2025-08-01 09:15:26 AM,17.3,1500,25950.0,4583167.5
2025-08-01 09:15:26 AM,17.25,0,0.0,4583167.5
2025-08-01 09:15:26 AM,17.2,900,15480.0,4598647.5
2025-08-01 09:15:26 AM,17.25,0,0.0,4598647.5
2025-08-01 09:15:27 AM,17.15,0,0.0,4598647.5
2025-08-01 09:15:27 AM,17.15,375,6431.249999999999,4605078.75
2025-08-01 09:15:27 AM,17.5,0,0.0,4605078.75
2025-08-01 09:15:27 AM,17.4,4875,84825.0,4689903.75
2025-08-01 09:15:28 AM,17.3,0,0.0,4689903.75
2025-08-01 09:15:28 AM,17.45,0,0.0,4689903.75
2025-08-01 09:15:29 AM,17.45,7200,125640.0,4815543.75
2025-08-01 09:15:29 AM,17.35,0,0.0,4815543.75
2025-08-01 09:15:29 AM,17.45,4200,73290.0,4888833.75
2025-08-01 09:15:29 AM,16.95,0,0.0,4888833.75
2025-08-01 09:15:30 AM,16.9,4575,77317.5,4966151.25
2025-08-01 09:15:30 AM,16.75,150,2512.5,4968663.75
2025-08-01 09:15:31 AM,16.9,0,0.0,4968663.75
2025-08-01 09:15:31 AM,16.9,825,13942.499999999998,4982606.25
2025-08-01 09:15:32 AM,16.9,2250,38025.0,5020631.25
2025-08-01 09:15:32 AM,16.85,0,0.0,5020631.25
2025-08-01 09:15:33 AM,16.75,0,0.0,5020631.25
2025-08-01 09:15:33 AM,16.75,3675,61556.25,5082187.5
2025-08-01 09:15:33 AM,17.45,11250,196312.5,5278500.0
2025-08-01 09:15:34 AM,17.3,2475,42817.5,5321317.5
2025-08-01 09:15:34 AM,17.4,0,0.0,5321317.5
2025-08-01 09:15:35 AM,17.45,0,0.0,5321317.5
2025-08-01 09:15:35 AM,17.45,750,13087.5,5334405.0
2025-08-01 09:15:35 AM,17.55,0,0.0,5334405.0
2025-08-01 09:15:36 AM,17.55,1350,23692.5,5358097.5
2025-08-01 09:15:36 AM,17.5,0,0.0,5358097.5
2025-08-01 09:15:36 AM,17.3,1875,32437.5,5390535.0
2025-08-01 09:15:36 AM,17.55,0,0.0,5390535.0
2025-08-01 09:15:37 AM,17.6,0,0.0,5390535.0
2025-08-01 09:15:37 AM,17.6,4650,81840.0,5472375.0
2025-08-01 09:15:37 AM,18.05,0,0.0,5472375.0
2025-08-01 09:15:37 AM,17.95,9300,166935.0,5639310.0
2025-08-01 09:15:38 AM,17.85,0,0.0,5639310.0
2025-08-01 09:15:38 AM,18.1,8025,145252.5,5784562.5
2025-08-01 09:15:39 AM,18.0,1050,18900.0,5803462.5
2025-08-01 09:15:39 AM,17.85,0,0.0,5803462.5
2025-08-01 09:15:40 AM,18.05,0,0.0,5803462.5
2025-08-01 09:15:40 AM,18.05,5775,104238.75,5907701.25
2025-08-01 09:15:40 AM,18.0,3375,60750.0,5968451.25
2025-08-01 09:15:41 AM,18.15,0,0.0,5968451.25
2025-08-01 09:15:41 AM,18.25,3225,58856.25,6027307.5
2025-08-01 09:15:42 AM,18.05,0,0.0,6027307.5
2025-08-01 09:15:42 AM,18.0,1875,33750.0,6061057.5
2025-08-01 09:15:42 AM,17.95,0,0.0,6061057.5
2025-08-01 09:15:43 AM,18.05,0,0.0,6061057.5
2025-08-01 09:15:43 AM,18.0,5850,105300.0,6166357.5
2025-08-01 09:15:43 AM,18.05,9375,169218.75,6335576.25
2025-08-01 09:15:44 AM,17.95,1200,21540.0,6357116.25
2025-08-01 09:15:44 AM,18.0,0,0.0,6357116.25
2025-08-01 09:15:44 AM,18.0,3075,55350.0,6412466.25
2025-08-01 09:15:45 AM,18.15,0,0.0,6412466.25
2025-08-01 09:15:45 AM,17.85,6825,121826.25000000001,6534292.5
2025-08-01 09:15:46 AM,17.85,675,12048.750000000002,6546341.25
2025-08-01 09:15:47 AM,17.85,2025,36146.25,6582487.5
2025-08-01 09:15:47 AM,17.75,2400,42600.0,6625087.5
2025-08-01 09:15:48 AM,17.65,0,0.0,6625087.5
2025-08-01 09:15:48 AM,17.75,3000,53250.0,6678337.5
2025-08-01 09:15:48 AM,17.4,0,0.0,6678337.5
2025-08-01 09:15:49 AM,17.3,0,0.0,6678337.5
2025-08-01 09:15:49 AM,17.45,4875,85068.75,6763406.25
2025-08-01 09:15:49 AM,17.4,0,0.0,6763406.25
2025-08-01 09:15:50 AM,17.3,19725,341242.5,7104648.75
2025-08-01 09:15:50 AM,17.35,0,0.0,7104648.75
2025-08-01 09:15:50 AM,17.35,6000,104100.00000000001,7208748.75
2025-08-01 09:15:50 AM,17.25,0,0.0,7208748.75
2025-08-01 09:15:51 AM,17.2,0,0.0,7208748.75
2025-08-01 09:15:51 AM,17.2,8625,148350.0,7357098.75
2025-08-01 09:15:51 AM,17.15,0,0.0,7357098.75
2025-08-01 09:15:52 AM,17.1,0,0.0,7357098.75
2025-08-01 09:15:52 AM,17.1,7500,128250.00000000001,7485348.75
2025-08-01 09:15:53 AM,17.1,3375,57712.50000000001,7543061.25
2025-08-01 09:15:53 AM,17.2,1875,32250.0,7575311.25
2025-08-01 09:15:54 AM,17.4,0,0.0,7575311.25
2025-08-01 09:15:54 AM,17.25,3900,67275.0,7642586.25
2025-08-01 09:15:54 AM,17.4,0,0.0,7642586.25
2025-08-01 09:15:55 AM,17.15,3300,56594.99999999999,7699181.25
2025-08-01 09:15:55 AM,16.9,0,0.0,7699181.25
2025-08-01 09:15:55 AM,16.85,31575,532038.75,8231220.0
2025-08-01 09:15:55 AM,16.9,0,0.0,8231220.0
2025-08-01 09:15:56 AM,16.75,0,0.0,8231220.0
2025-08-01 09:15:56 AM,16.8,9975,167580.0,8398800.0
2025-08-01 09:15:56 AM,16.65,0,0.0,8398800.0
2025-08-01 09:15:57 AM,16.7,0,0.0,8398800.0
2025-08-01 09:15:57 AM,16.6,23475,389685.00000000006,8788485.0
2025-08-01 09:15:57 AM,16.85,5475,92253.75000000001,8880738.75
2025-08-01 09:15:57 AM,16.9,0,0.0,8880738.75
2025-08-01 09:15:58 AM,16.85,0,0.0,8880738.75
2025-08-01 09:15:58 AM,16.85,10500,176925.00000000003,9057663.75
2025-08-01 09:15:59 AM,16.8,0,0.0,9057663.75
2025-08-01 09:15:59 AM,16.85,7275,122583.75000000001,9180247.5
2025-08-01 09:15:59 AM,16.6,0,0.0,9180247.5
2025-08-01 09:16:00 AM,16.65,0,0.0,9180247.5
2025-08-01 09:16:00 AM,16.85,25950,437257.50000000006,9617505.0
2025-08-01 09:16:00 AM,17.15,11100,190364.99999999997,9807870.0
2025-08-01 09:16:00 AM,17.25,0,0.0,9807870.0
2025-08-01 09:16:01 AM,17.35,0,0.0,9807870.0
2025-08-01 09:16:01 AM,17.55,10425,182958.75,9990828.75
2025-08-01 09:16:02 AM,17.5,5925,103687.5,10094516.25
2025-08-01 09:16:02 AM,17.45,0,0.0,10094516.25
2025-08-01 09:16:03 AM,17.6,10575,186120.00000000003,10280636.25
2025-08-01 09:16:03 AM,17.7,4875,86287.5,10366923.75
2025-08-01 09:16:03 AM,17.55,0,0.0,10366923.75
2025-08-01 09:16:04 AM,17.5,0,0.0,10366923.75
2025-08-01 09:16:04 AM,17.55,5025,88188.75,10455112.5
2025-08-01 09:16:04 AM,17.65,0,0.0,10455112.5
2025-08-01 09:16:05 AM,17.6,7050,124080.00000000001,10579192.5
2025-08-01 09:16:05 AM,17.55,0,0.0,10579192.5
2025-08-01 09:16:05 AM,17.5,7875,137812.5,10717005.0
2025-08-01 09:16:06 AM,17.45,0,0.0,10717005.0
2025-08-01 09:16:06 AM,17.3,7125,123262.5,10840267.5
2025-08-01 09:16:07 AM,17.2,0,0.0,10840267.5
2025-08-01 09:16:07 AM,17.0,8400,142800.0,10983067.5
2025-08-01 09:16:07 AM,17.25,8775,151368.75,11134436.25
2025-08-01 09:16:07 AM,17.2,0,0.0,11134436.25
2025-08-01 09:16:08 AM,17.35,0,0.0,11134436.25
2025-08-01 09:16:08 AM,17.35,13275,230321.25000000003,11364757.5
2025-08-01 09:16:08 AM,17.25,0,0.0,11364757.5
2025-08-01 09:16:09 AM,17.25,9300,160425.0,11525182.5
2025-08-01 09:16:09 AM,17.2,0,0.0,11525182.5
2025-08-01 09:16:10 AM,17.25,0,0.0,11525182.5
2025-08-01 09:16:10 AM,17.05,17175,292833.75,11818016.25
2025-08-01 09:16:10 AM,17.2,7425,127710.0,11945726.25
2025-08-01 09:16:10 AM,17.15,0,0.0,11945726.25
2025-08-01 09:16:11 AM,17.65,0,0.0,11945726.25
2025-08-01 09:16:11 AM,17.6,20700,364320.00000000006,12310046.25
2025-08-01 09:16:11 AM,17.65,0,0.0,12310046.25
2025-08-01 09:16:12 AM,17.6,0,0.0,12310046.25
2025-08-01 09:16:12 AM,17.6,1575,27720.000000000004,12337766.25
2025-08-01 09:16:12 AM,17.8,0,0.0,12337766.25
2025-08-01 09:16:13 AM,17.9,4200,75180.0,12412946.25
2025-08-01 09:16:13 AM,17.6,5175,91080.00000000001,12504026.25
2025-08-01 09:16:14 AM,17.65,5625,99281.24999999999,12603307.5
2025-08-01 09:16:15 AM,17.65,1350,23827.499999999996,12627135.0
2025-08-01 09:16:15 AM,17.6,0,0.0,12627135.0
2025-08-01 09:16:15 AM,17.5,0,0.0,12627135.0
2025-08-01 09:16:16 AM,17.4,10500,182699.99999999997,12809835.0
2025-08-01 09:16:16 AM,17.25,4800,82800.0,12892635.0
2025-08-01 09:16:16 AM,17.3,0,0.0,12892635.0
2025-08-01 09:16:17 AM,17.35,0,0.0,12892635.0
2025-08-01 09:16:17 AM,17.35,3450,59857.50000000001,12952492.5
2025-08-01 09:16:17 AM,17.15,0,0.0,12952492.5
2025-08-01 09:16:18 AM,17.25,5850,100912.5,13053405.0
2025-08-01 09:16:18 AM,17.15,0,0.0,13053405.0
2025-08-01 09:16:18 AM,17.25,0,0.0,13053405.0
2025-08-01 09:16:19 AM,17.3,6300,108990.0,13162395.0
2025-08-01 09:16:19 AM,17.4,0,0.0,13162395.0
2025-08-01 09:16:19 AM,17.9,12225,218827.49999999997,13381222.5
2025-08-01 09:16:19 AM,17.8,0,0.0,13381222.5
2025-08-01 09:16:20 AM,17.75,0,0.0,13381222.5
2025-08-01 09:16:20 AM,17.7,10875,192487.5,13573710.0
2025-08-01 09:16:20 AM,17.8,0,0.0,13573710.0
2025-08-01 09:16:21 AM,17.85,2250,40162.5,13613872.5
2025-08-01 09:16:21 AM,17.9,0,0.0,13613872.5
2025-08-01 09:16:21 AM,17.85,2025,36146.25,13650018.75
2025-08-01 09:16:22 AM,18.0,0,0.0,13650018.75
2025-08-01 09:16:22 AM,17.8,3450,61410.0,13711428.75
2025-08-01 09:16:22 AM,17.7,0,0.0,13711428.75
2025-08-01 09:16:23 AM,17.75,0,0.0,13711428.75
2025-08-01 09:16:23 AM,17.8,2325,41385.0,13752813.75
2025-08-01 09:16:23 AM,17.85,1050,18742.5,13771556.25
2025-08-01 09:16:24 AM,17.7,7200,127440.0,13898996.25
2025-08-01 09:16:25 AM,17.7,900,15930.0,13914926.25
2025-08-01 09:16:25 AM,17.75,0,0.0,13914926.25
2025-08-01 09:16:26 AM,17.8,0,0.0,13914926.25
2025-08-01 09:16:26 AM,17.75,2400,42600.0,13957526.25
2025-08-01 09:16:26 AM,17.65,1650,29122.499999999996,13986648.75
2025-08-01 09:16:27 AM,17.6,0,0.0,13986648.75
2025-08-01 09:16:27 AM,17.55,1875,32906.25,14019555.0
2025-08-01 09:16:28 AM,17.75,2775,49256.25,14068811.25
2025-08-01 09:16:28 AM,17.65,0,0.0,14068811.25
2025-08-01 09:16:28 AM,17.55,0,0.0,14068811.25
2025-08-01 09:16:29 AM,17.7,4275,75667.5,14144478.75
2025-08-01 09:16:29 AM,17.75,0,0.0,14144478.75
2025-08-01 09:16:29 AM,17.7,1200,21240.0,14165718.75
2025-08-01 09:16:29 AM,17.8,0,0.0,14165718.75
2025-08-01 09:16:30 AM,17.95,0,0.0,14165718.75
2025-08-01 09:16:30 AM,17.95,3750,67312.5,14233031.25
2025-08-01 09:16:31 AM,17.95,1350,24232.5,14257263.75
2025-08-01 09:16:31 AM,17.85,0,0.0,14257263.75
2025-08-01 09:16:32 AM,17.85,3450,61582.50000000001,14318846.25
2025-08-01 09:16:32 AM,17.85,600,10710.0,14329556.25
2025-08-01 09:16:32 AM,17.8,0,0.0,14329556.25
2025-08-01 09:16:33 AM,17.65,11250,198562.49999999997,14528118.75
2025-08-01 09:16:34 AM,17.55,3600,63180.0,14591298.75
2025-08-01 09:16:34 AM,17.6,10800,190080.00000000003,14781378.75
2025-08-01 09:16:35 AM,17.55,0,0.0,14781378.75
2025-08-01 09:16:35 AM,17.55,4275,75026.25,14856405.0
2025-08-01 09:16:35 AM,17.45,0,0.0,14856405.0
2025-08-01 09:16:36 AM,17.45,4950,86377.5,14942782.5
2025-08-01 09:16:36 AM,17.4,6750,117449.99999999999,15060232.5
2025-08-01 09:16:36 AM,17.25,0,0.0,15060232.5
2025-08-01 09:16:37 AM,17.45,0,0.0,15060232.5
2025-08-01 09:16:37 AM,17.45,5325,92921.25,15153153.75
2025-08-01 09:16:37 AM,17.4,0,0.0,15153153.75
2025-08-01 09:16:38 AM,17.45,525,9161.25,15162315.0
2025-08-01 09:16:38 AM,17.35,0,0.0,15162315.0
2025-08-01 09:16:38 AM,17.45,0,0.0,15162315.0
2025-08-01 09:16:39 AM,17.5,7200,126000.0,15288315.0
2025-08-01 09:16:39 AM,17.45,0,0.0,15288315.0
2025-08-01 09:16:39 AM,17.55,4725,82923.75,15371238.75
2025-08-01 09:16:39 AM,17.45,0,0.0,15371238.75
2025-08-01 09:16:40 AM,17.4,0,0.0,15371238.75
2025-08-01 09:16:40 AM,17.45,6075,106008.75,15477247.5
2025-08-01 09:16:40 AM,17.5,1725,30187.5,15507435.0
2025-08-01 09:16:40 AM,17.4,0,0.0,15507435.0
2025-08-01 09:16:41 AM,17.5,0,0.0,15507435.0
2025-08-01 09:16:41 AM,17.55,1200,21060.0,15528495.0
2025-08-01 09:16:41 AM,17.65,0,0.0,15528495.0
2025-08-01 09:16:42 AM,17.6,0,0.0,15528495.0
2025-08-01 09:16:42 AM,17.65,750,13237.499999999998,15541732.5
2025-08-01 09:16:42 AM,17.5,0,0.0,15541732.5
2025-08-01 09:16:43 AM,17.5,3075,53812.5,15595545.0
2025-08-01 09:16:43 AM,17.5,450,7875.0,15603420.0
2025-08-01 09:16:44 AM,17.45,0,0.0,15603420.0
2025-08-01 09:16:44 AM,17.45,1350,23557.5,15626977.5
2025-08-01 09:16:45 AM,17.5,675,11812.5,15638790.0
2025-08-01 09:16:45 AM,17.55,1725,30273.75,15669063.75
2025-08-01 09:16:46 AM,17.6,0,0.0,15669063.75
2025-08-01 09:16:46 AM,17.75,1575,27956.25,15697020.0
2025-08-01 09:16:47 AM,17.65,0,0.0,15697020.0
2025-08-01 09:16:47 AM,17.65,1200,21180.0,15718200.0
2025-08-01 09:16:47 AM,17.75,450,7987.5,15726187.5
2025-08-01 09:16:48 AM,17.7,0,0.0,15726187.5
2025-08-01 09:16:48 AM,17.8,1425,25365.0,15751552.5
2025-08-01 09:16:49 AM,17.8,1275,22695.0,15774247.5
2025-08-01 09:16:49 AM,17.95,0,0.0,15774247.5
2025-08-01 09:16:50 AM,17.85,3600,64260.00000000001,15838507.5
2025-08-01 09:16:50 AM,17.9,0,0.0,15838507.5
2025-08-01 09:16:50 AM,17.9,3525,63097.49999999999,15901605.0
2025-08-01 09:16:50 AM,17.85,0,0.0,15901605.0
2025-08-01 09:16:51 AM,17.75,0,0.0,15901605.0
2025-08-01 09:16:51 AM,17.8,2475,44055.0,15945660.0
2025-08-01 09:16:51 AM,17.75,1125,19968.75,15965628.75
2025-08-01 09:16:52 AM,17.9,0,0.0,15965628.75
2025-08-01 09:16:52 AM,17.85,0,0.0,15965628.75
2025-08-01 09:16:52 AM,17.85,2775,49533.75000000001,16015162.5
2025-08-01 09:16:53 AM,17.9,300,5370.0,16020532.5
2025-08-01 09:16:54 AM,18.0,0,0.0,16020532.5
2025-08-01 09:16:54 AM,18.05,4125,74456.25,16094988.75
2025-08-01 09:16:54 AM,18.05,3450,62272.5,16157261.25
2025-08-01 09:16:54 AM,18.1,0,0.0,16157261.25
2025-08-01 09:16:55 AM,18.2,3225,58695.0,16215956.25
2025-08-01 09:16:56 AM,18.1,3900,70590.0,16286546.25
2025-08-01 09:16:56 AM,18.15,0,0.0,16286546.25
2025-08-01 09:16:56 AM,18.25,0,0.0,16286546.25
2025-08-01 09:16:57 AM,18.25,5100,93075.0,16379621.25
2025-08-01 09:16:57 AM,18.25,2400,43800.0,16423421.25
2025-08-01 09:16:57 AM,18.55,0,0.0,16423421.25
2025-08-01 09:16:58 AM,18.5,0,0.0,16423421.25
2025-08-01 09:16:58 AM,18.5,6975,129037.5,16552458.75
2025-08-01 09:16:58 AM,18.55,1425,26433.75,16578892.5
2025-08-01 09:16:59 AM,18.5,0,0.0,16578892.5
2025-08-01 09:16:59 AM,18.45,0,0.0,16578892.5
2025-08-01 09:16:59 AM,18.45,6300,116235.0,16695127.5
2025-08-01 09:17:00 AM,18.5,0,0.0,16695127.5
2025-08-01 09:17:00 AM,18.4,1200,22080.0,16717207.5
2025-08-01 09:17:00 AM,18.3,0,0.0,16717207.5
2025-08-01 09:17:01 AM,18.25,0,0.0,16717207.5
2025-08-01 09:17:01 AM,18.2,6975,126945.0,16844152.5
2025-08-01 09:17:01 AM,18.2,2400,43680.0,16887832.5
2025-08-01 09:17:02 AM,18.1,0,0.0,16887832.5
2025-08-01 09:17:02 AM,18.1,10350,187335.00000000003,17075167.5
2025-08-01 09:17:02 AM,18.15,0,0.0,17075167.5
2025-08-01 09:17:03 AM,18.15,2175,39476.25,17114643.75
2025-08-01 09:17:03 AM,18.2,0,0.0,17114643.75
2025-08-01 09:17:03 AM,18.25,0,0.0,17114643.75
2025-08-01 09:17:04 AM,18.35,0,0.0,17114643.75
2025-08-01 09:17:04 AM,18.35,12000,220200.00000000003,17334843.75
2025-08-01 09:17:04 AM,18.4,900,16560.0,17351403.75
2025-08-01 09:17:05 AM,18.35,0,0.0,17351403.75
2025-08-01 09:17:05 AM,18.3,3375,61762.5,17413166.25
2025-08-01 09:17:05 AM,18.45,975,17988.75,17431155.0
2025-08-01 09:17:06 AM,18.35,0,0.0,17431155.0
2025-08-01 09:17:06 AM,18.5,0,0.0,17431155.0
2025-08-01 09:17:07 AM,18.4,6375,117299.99999999999,17548455.0
2025-08-01 09:17:07 AM,18.35,0,0.0,17548455.0
2025-08-01 09:17:07 AM,18.4,2400,44160.0,17592615.0
2025-08-01 09:17:07 AM,18.5,0,0.0,17592615.0
2025-08-01 09:17:08 AM,18.5,4725,87412.5,17680027.5
2025-08-01 09:17:08 AM,18.5,3300,61050.0,17741077.5
2025-08-01 09:17:09 AM,18.45,0,0.0,17741077.5
2025-08-01 09:17:09 AM,18.45,4725,87176.25,17828253.75
2025-08-01 09:17:10 AM,18.45,525,9686.25,17837940.0
2025-08-01 09:17:10 AM,18.5,0,0.0,17837940.0
2025-08-01 09:17:10 AM,18.55,0,0.0,17837940.0
2025-08-01 09:17:11 AM,18.45,0,0.0,17837940.0
2025-08-01 09:17:11 AM,18.5,4275,79087.5,17917027.5
2025-08-01 09:17:11 AM,18.45,1875,34593.75,17951621.25
2025-08-01 09:17:11 AM,18.4,0,0.0,17951621.25
2025-08-01 09:17:12 AM,18.3,0,0.0,17951621.25
2025-08-01 09:17:12 AM,18.1,3600,65160.00000000001,18016781.25
2025-08-01 09:17:12 AM,18.1,675,12217.500000000002,18028998.75
2025-08-01 09:17:13 AM,18.15,0,0.0,18028998.75
2025-08-01 09:17:13 AM,17.8,0,0.0,18028998.75
2025-08-01 09:17:14 AM,17.9,4725,84577.5,18113576.25
2025-08-01 09:17:14 AM,18.05,0,0.0,18113576.25
2025-08-01 09:17:15 AM,17.9,0,0.0,18113576.25
2025-08-01 09:17:15 AM,18.0,6825,122850.0,18236426.25
2025-08-01 09:17:15 AM,18.05,375,6768.75,18243195.0
2025-08-01 09:17:16 AM,18.0,0,0.0,18243195.0
2025-08-01 09:17:16 AM,18.05,2025,36551.25,18279746.25
2025-08-01 09:17:16 AM,17.95,0,0.0,18279746.25
2025-08-01 09:17:17 AM,17.85,1725,30791.250000000004,18310537.5
2025-08-01 09:17:17 AM,18.0,0,0.0,18310537.5
2025-08-01 09:17:18 AM,18.05,1200,21660.0,18332197.5
2025-08-01 09:17:18 AM,18.15,600,10890.0,18343087.5
2025-08-01 09:17:18 AM,18.25,0,0.0,18343087.5
2025-08-01 09:17:19 AM,18.2,0,0.0,18343087.5
2025-08-01 09:17:19 AM,18.0,10425,187650.0,18530737.5
2025-08-01 09:17:19 AM,18.05,600,10830.0,18541567.5
2025-08-01 09:17:20 AM,18.0,0,0.0,18541567.5
2025-08-01 09:17:20 AM,17.95,0,0.0,18541567.5
2025-08-01 09:17:20 AM,17.95,3675,65966.25,18607533.75
2025-08-01 09:17:21 AM,17.85,0,0.0,18607533.75
2025-08-01 09:17:21 AM,17.9,825,14767.499999999998,18622301.25
2025-08-01 09:17:21 AM,17.8,0,0.0,18622301.25
2025-08-01 09:17:22 AM,17.7,0,0.0,18622301.25
2025-08-01 09:17:22 AM,17.7,3375,59737.5,18682038.75
2025-08-01 09:17:22 AM,17.65,600,10590.0,18692628.75
2025-08-01 09:17:23 AM,17.75,0,0.0,18692628.75
2025-08-01 09:17:23 AM,17.7,0,0.0,18692628.75
2025-08-01 09:17:23 AM,17.7,3600,63720.0,18756348.75
2025-08-01 09:17:24 AM,17.65,975,17208.75,18773557.5
2025-08-01 09:17:24 AM,17.6,0,0.0,18773557.5
2025-08-01 09:17:25 AM,17.55,0,0.0,18773557.5
2025-08-01 09:17:25 AM,17.6,1950,34320.0,18807877.5
2025-08-01 09:17:25 AM,17.65,0,0.0,18807877.5
2025-08-01 09:17:26 AM,17.55,0,0.0,18807877.5
2025-08-01 09:17:26 AM,17.45,4350,75907.5,18883785.0
2025-08-01 09:17:26 AM,17.5,0,0.0,18883785.0
2025-08-01 09:17:26 AM,17.5,1050,18375.0,18902160.0
2025-08-01 09:17:27 AM,17.45,0,0.0,18902160.0
2025-08-01 09:17:28 AM,17.5,0,0.0,18902160.0
2025-08-01 09:17:28 AM,17.45,11325,197621.25,19099781.25
2025-08-01 09:17:28 AM,17.3,450,7785.0,19107566.25
2025-08-01 09:17:28 AM,17.35,0,0.0,19107566.25
2025-08-01 09:17:29 AM,17.45,0,0.0,19107566.25
2025-08-01 09:17:29 AM,17.35,1950,33832.5,19141398.75
2025-08-01 09:17:30 AM,17.2,150,2580.0,19143978.75
2025-08-01 09:17:30 AM,17.25,0,0.0,19143978.75
2025-08-01 09:17:31 AM,17.3,0,0.0,19143978.75
2025-08-01 09:17:31 AM,17.3,2100,36330.0,19180308.75
2025-08-01 09:17:31 AM,17.3,375,6487.5,19186796.25
2025-08-01 09:17:31 AM,17.25,0,0.0,19186796.25
2025-08-01 09:17:32 AM,17.35,0,0.0,19186796.25
2025-08-01 09:17:32 AM,17.25,3375,58218.75,19245015.0
2025-08-01 09:17:32 AM,17.3,0,0.0,19245015.0
2025-08-01 09:17:32 AM,17.3,675,11677.5,19256692.5
2025-08-01 09:17:33 AM,17.4,0,0.0,19256692.5
2025-08-01 09:17:33 AM,17.35,0,0.0,19256692.5
2025-08-01 09:17:34 AM,17.4,0,0.0,19256692.5
2025-08-01 09:17:34 AM,17.4,4800,83520.0,19340212.5
2025-08-01 09:17:34 AM,17.45,300,5235.0,19345447.5
2025-08-01 09:17:34 AM,17.2,0,0.0,19345447.5
2025-08-01 09:17:35 AM,17.25,0,0.0,19345447.5
2025-08-01 09:17:35 AM,17.2,4725,81270.0,19426717.5
2025-08-01 09:17:35 AM,17.2,1650,28380.0,19455097.5
2025-08-01 09:17:36 AM,17.25,0,0.0,19455097.5
2025-08-01 09:17:36 AM,17.35,0,0.0,19455097.5
2025-08-01 09:17:37 AM,17.45,0,0.0,19455097.5
2025-08-01 09:17:37 AM,17.3,1725,29842.5,19484940.0
2025-08-01 09:17:37 AM,17.35,0,0.0,19484940.0
2025-08-01 09:17:38 AM,17.3,0,0.0,19484940.0
2025-08-01 09:17:38 AM,17.4,3900,67860.0,19552800.0
2025-08-01 09:17:38 AM,17.35,0,0.0,19552800.0
2025-08-01 09:17:38 AM,17.3,1875,32437.5,19585237.5
2025-08-01 09:17:39 AM,17.35,0,0.0,19585237.5
2025-08-01 09:17:39 AM,17.2,0,0.0,19585237.5
2025-08-01 09:17:40 AM,17.2,5250,90300.0,19675537.5
2025-08-01 09:17:40 AM,17.25,1425,24581.25,19700118.75
2025-08-01 09:17:41 AM,17.3,0,0.0,19700118.75
2025-08-01 09:17:41 AM,17.2,3750,64500.0,19764618.75
2025-08-01 09:17:41 AM,17.1,3075,52582.50000000001,19817201.25
2025-08-01 09:17:42 AM,17.15,0,0.0,19817201.25
2025-08-01 09:17:43 AM,17.2,0,0.0,19817201.25
2025-08-01 09:17:43 AM,17.2,5775,99330.0,19916531.25
2025-08-01 09:17:43 AM,17.25,300,5175.0,19921706.25
2025-08-01 09:17:43 AM,17.35,0,0.0,19921706.25
2025-08-01 09:17:44 AM,17.25,0,0.0,19921706.25
2025-08-01 09:17:44 AM,17.15,2100,36015.0,19957721.25
2025-08-01 09:17:44 AM,17.25,0,0.0,19957721.25
2025-08-01 09:17:45 AM,17.3,0,0.0,19957721.25
2025-08-01 09:17:45 AM,17.2,2925,50310.0,20008031.25
2025-08-01 09:17:45 AM,17.2,225,3870.0,20011901.25
2025-08-01 09:17:46 AM,17.1,0,0.0,20011901.25
2025-08-01 09:17:46 AM,17.2,0,0.0,20011901.25
2025-08-01 09:17:47 AM,17.3,3825,66172.5,20078073.75
2025-08-01 09:17:47 AM,17.35,675,11711.250000000002,20089785.0
2025-08-01 09:17:47 AM,17.4,0,0.0,20089785.0
2025-08-01 09:17:48 AM,17.45,0,0.0,20089785.0
2025-08-01 09:17:48 AM,17.4,10800,187919.99999999997,20277705.0
2025-08-01 09:17:48 AM,17.4,1650,28709.999999999996,20306415.0
2025-08-01 09:17:50 AM,17.4,7950,138330.0,20444745.0
2025-08-01 09:17:50 AM,17.45,0,0.0,20444745.0
2025-08-01 09:17:50 AM,17.45,300,5235.0,20449980.0
2025-08-01 09:17:50 AM,17.4,0,0.0,20449980.0
2025-08-01 09:17:51 AM,17.35,0,0.0,20449980.0
2025-08-01 09:17:51 AM,17.3,27075,468397.5,20918377.5
2025-08-01 09:17:51 AM,17.4,900,15659.999999999998,20934037.5
2025-08-01 09:17:51 AM,17.45,0,0.0,20934037.5
2025-08-01 09:17:52 AM,17.65,7500,132375.0,21066412.5
2025-08-01 09:17:52 AM,17.65,1125,19856.25,21086268.75
2025-08-01 09:17:53 AM,17.7,0,0.0,21086268.75
2025-08-01 09:17:53 AM,17.65,0,0.0,21086268.75
2025-08-01 09:17:54 AM,17.7,0,0.0,21086268.75
2025-08-01 09:17:54 AM,17.7,4650,82305.0,21168573.75
2025-08-01 09:17:54 AM,17.7,1425,25222.5,21193796.25
2025-08-01 09:17:54 AM,17.8,0,0.0,21193796.25
2025-08-01 09:17:55 AM,17.65,0,0.0,21193796.25
2025-08-01 09:17:55 AM,17.65,3150,55597.49999999999,21249393.75
2025-08-01 09:17:55 AM,17.55,0,0.0,21249393.75
2025-08-01 09:17:56 AM,17.4,0,0.0,21249393.75
2025-08-01 09:17:57 AM,17.45,2850,49732.5,21299126.25
2025-08-01 09:17:57 AM,17.4,75,1305.0,21300431.25
2025-08-01 09:17:57 AM,17.35,0,0.0,21300431.25
2025-08-01 09:17:58 AM,17.4,6675,116144.99999999999,21416576.25
2025-08-01 09:17:58 AM,17.45,375,6543.75,21423120.0
2025-08-01 09:17:59 AM,17.55,0,0.0,21423120.0
2025-08-01 09:17:59 AM,17.5,3375,59062.5,21482182.5
2025-08-01 09:17:59 AM,17.45,0,0.0,21482182.5
2025-08-01 09:18:00 AM,17.5,450,7875.0,21490057.5
2025-08-01 09:18:00 AM,17.45,0,0.0,21490057.5
2025-08-01 09:18:00 AM,17.5,0,0.0,21490057.5
2025-08-01 09:18:01 AM,17.45,0,0.0,21490057.5
2025-08-01 09:18:01 AM,17.4,8850,153990.0,21644047.5
2025-08-01 09:18:01 AM,17.35,0,0.0,21644047.5
2025-08-01 09:18:02 AM,17.4,0,0.0,21644047.5
2025-08-01 09:18:02 AM,17.35,2700,46845.00000000001,21690892.5
2025-08-01 09:18:03 AM,17.35,375,6506.250000000001,21697398.75
2025-08-01 09:18:03 AM,17.3,0,0.0,21697398.75
2025-08-01 09:18:04 AM,17.2,0,0.0,21697398.75
2025-08-01 09:18:04 AM,17.2,5400,92880.0,21790278.75
2025-08-01 09:18:04 AM,17.25,300,5175.0,21795453.75
2025-08-01 09:18:04 AM,17.45,0,0.0,21795453.75
2025-08-01 09:18:05 AM,17.45,4875,85068.75,21880522.5
2025-08-01 09:18:05 AM,17.35,2100,36435.0,21916957.5
2025-08-01 09:18:05 AM,17.3,0,0.0,21916957.5
2025-08-01 09:18:06 AM,17.35,0,0.0,21916957.5
2025-08-01 09:18:07 AM,17.3,2925,50602.5,21967560.0
2025-08-01 09:18:07 AM,17.4,0,0.0,21967560.0
2025-08-01 09:18:08 AM,17.4,6300,109619.99999999999,22077180.0
2025-08-01 09:18:08 AM,17.45,1125,19631.25,22096811.25
2025-08-01 09:18:09 AM,17.65,0,0.0,22096811.25
2025-08-01 09:18:09 AM,17.7,10200,180540.0,22277351.25
2025-08-01 09:18:09 AM,17.75,0,0.0,22277351.25
2025-08-01 09:18:10 AM,17.7,675,11947.5,22289298.75
2025-08-01 09:18:10 AM,17.65,0,0.0,22289298.75
2025-08-01 09:18:10 AM,17.6,0,0.0,22289298.75
2025-08-01 09:18:11 AM,17.55,4425,77658.75,22366957.5
2025-08-01 09:18:11 AM,17.55,750,13162.5,22380120.0
2025-08-01 09:18:12 AM,17.5,6075,106312.5,22486432.5
2025-08-01 09:18:13 AM,17.45,0,0.0,22486432.5
2025-08-01 09:18:13 AM,17.4,0,0.0,22486432.5
2025-08-01 09:18:14 AM,17.3,2400,41520.0,22527952.5
2025-08-01 09:18:14 AM,17.4,75,1305.0,22529257.5
2025-08-01 09:18:14 AM,17.35,0,0.0,22529257.5
2025-08-01 09:18:15 AM,17.3,1650,28545.0,22557802.5
2025-08-01 09:18:16 AM,17.35,0,0.0,22557802.5
2025-08-01 09:18:17 AM,17.4,0,0.0,22557802.5
2025-08-01 09:18:17 AM,17.3,4950,85635.0,22643437.5
2025-08-01 09:18:17 AM,17.25,825,14231.25,22657668.75
2025-08-01 09:18:18 AM,17.25,3150,54337.5,22712006.25
2025-08-01 09:18:18 AM,17.3,0,0.0,22712006.25
2025-08-01 09:18:19 AM,17.2,675,11610.0,22723616.25
2025-08-01 09:18:19 AM,16.95,0,0.0,22723616.25
2025-08-01 09:18:20 AM,16.85,11400,192090.00000000003,22915706.25
2025-08-01 09:18:20 AM,16.85,2400,40440.0,22956146.25
2025-08-01 09:18:21 AM,16.8,0,0.0,22956146.25
2025-08-01 09:18:22 AM,16.8,6525,109620.0,23065766.25
2025-08-01 09:18:22 AM,16.75,0,0.0,23065766.25
2025-08-01 09:18:22 AM,16.8,4275,71820.0,23137586.25
2025-08-01 09:18:23 AM,16.75,0,0.0,23137586.25
2025-08-01 09:18:23 AM,16.7,2850,47595.0,23185181.25
2025-08-01 09:18:24 AM,16.7,900,15030.0,23200211.25
2025-08-01 09:18:24 AM,16.75,0,0.0,23200211.25
2025-08-01 09:18:25 AM,16.7,0,0.0,23200211.25
2025-08-01 09:18:25 AM,16.7,825,13777.5,23213988.75
2025-08-01 09:18:25 AM,16.7,450,7515.0,23221503.75
2025-08-01 09:18:26 AM,16.65,0,0.0,23221503.75
2025-08-01 09:18:26 AM,16.7,0,0.0,23221503.75
2025-08-01 09:18:27 AM,16.7,3600,60120.0,23281623.75
2025-08-01 09:18:27 AM,16.6,600,9960.0,23291583.75
2025-08-01 09:18:28 AM,16.65,3825,63686.24999999999,23355270.0
2025-08-01 09:18:28 AM,16.8,0,0.0,23355270.0
2025-08-01 09:18:29 AM,16.8,975,16380.0,23371650.0
2025-08-01 09:18:29 AM,17.0,0,0.0,23371650.0
2025-08-01 09:18:30 AM,17.05,0,0.0,23371650.0
2025-08-01 09:18:30 AM,17.05,19575,333753.75,23705403.75
2025-08-01 09:18:30 AM,17.05,6750,115087.5,23820491.25
2025-08-01 09:18:30 AM,17.1,0,0.0,23820491.25
2025-08-01 09:18:31 AM,17.0,31950,543150.0,24363641.25
2025-08-01 09:18:31 AM,17.1,0,0.0,24363641.25
2025-08-01 09:18:32 AM,17.05,0,0.0,24363641.25
2025-08-01 09:18:32 AM,17.05,5550,94627.5,24458268.75
2025-08-01 09:18:32 AM,17.0,0,0.0,24458268.75
2025-08-01 09:18:33 AM,17.0,32850,558450.0,25016718.75
2025-08-01 09:18:33 AM,17.0,13125,223125.0,25239843.75
2025-08-01 09:18:34 AM,16.9,0,0.0,25239843.75
2025-08-01 09:18:35 AM,16.95,15225,258063.75,25497907.5
2025-08-01 09:18:35 AM,16.9,2700,45629.99999999999,25543537.5
2025-08-01 09:18:36 AM,16.95,0,0.0,25543537.5
2025-08-01 09:18:36 AM,17.0,8625,146625.0,25690162.5
2025-08-01 09:18:37 AM,17.0,1125,19125.0,25709287.5
2025-08-01 09:18:37 AM,16.95,0,0.0,25709287.5
2025-08-01 09:18:37 AM,17.0,0,0.0,25709287.5
2025-08-01 09:18:38 AM,16.9,0,0.0,25709287.5
2025-08-01 09:18:38 AM,16.9,6000,101399.99999999999,25810687.5
2025-08-01 09:18:38 AM,16.95,825,13983.75,25824671.25
2025-08-01 09:18:38 AM,16.85,0,0.0,25824671.25
2025-08-01 09:18:39 AM,17.0,0,0.0,25824671.25
2025-08-01 09:18:40 AM,16.95,30375,514856.25,26339527.5
2025-08-01 09:18:40 AM,16.85,1725,29066.250000000004,26368593.75
2025-08-01 09:18:40 AM,17.0,0,0.0,26368593.75
2025-08-01 09:18:41 AM,16.95,0,0.0,26368593.75
2025-08-01 09:18:41 AM,17.05,29700,506385.0,26874978.75
2025-08-01 09:18:42 AM,17.1,0,0.0,26874978.75
2025-08-01 09:18:42 AM,17.1,8100,138510.0,27013488.75
2025-08-01 09:18:42 AM,17.0,0,0.0,27013488.75
2025-08-01 09:18:43 AM,17.05,0,0.0,27013488.75
2025-08-01 09:18:43 AM,17.05,7050,120202.5,27133691.25
2025-08-01 09:18:43 AM,17.0,1050,17850.0,27151541.25
2025-08-01 09:18:44 AM,16.95,3150,53392.5,27204933.75
2025-08-01 09:18:45 AM,17.05,0,0.0,27204933.75
2025-08-01 09:18:45 AM,17.05,75,1278.75,27206212.5
2025-08-01 09:18:46 AM,17.0,0,0.0,27206212.5
2025-08-01 09:18:46 AM,16.95,2250,38137.5,27244350.0
2025-08-01 09:18:46 AM,17.05,1575,26853.75,27271203.75
2025-08-01 09:18:48 AM,16.9,0,0.0,27271203.75
2025-08-01 09:18:48 AM,16.9,3825,64642.49999999999,27335846.25
2025-08-01 09:18:48 AM,16.8,0,0.0,27335846.25
2025-08-01 09:18:48 AM,16.9,975,16477.5,27352323.75
2025-08-01 09:18:49 AM,16.8,0,0.0,27352323.75
2025-08-01 09:18:49 AM,16.7,900,15030.0,27367353.75
2025-08-01 09:18:50 AM,16.7,2100,35070.0,27402423.75
2025-08-01 09:18:50 AM,16.65,0,0.0,27402423.75
2025-08-01 09:18:51 AM,16.7,0,0.0,27402423.75
2025-08-01 09:18:51 AM,16.7,3750,62625.0,27465048.75
2025-08-01 09:18:51 AM,16.7,300,5010.0,27470058.75
2025-08-01 09:18:52 AM,16.6,450,7470.000000000001,27477528.75
2025-08-01 09:18:53 AM,16.6,3825,63495.00000000001,27541023.75
2025-08-01 09:18:54 AM,16.75,0,0.0,27541023.75
2025-08-01 09:18:54 AM,16.8,0,0.0,27541023.75
2025-08-01 09:18:54 AM,16.75,4200,70350.0,27611373.75
2025-08-01 09:18:54 AM,16.9,4050,68445.0,27679818.75
2025-08-01 09:18:56 AM,16.85,0,0.0,27679818.75
2025-08-01 09:18:56 AM,16.8,0,0.0,27679818.75
2025-08-01 09:18:56 AM,16.9,11700,197729.99999999997,27877548.75
2025-08-01 09:18:56 AM,16.8,675,11340.0,27888888.75
2025-08-01 09:18:57 AM,16.75,0,0.0,27888888.75
2025-08-01 09:18:57 AM,16.7,9750,162825.0,28051713.75
2025-08-01 09:18:58 AM,16.65,0,0.0,28051713.75
2025-08-01 09:18:58 AM,16.65,900,14984.999999999998,28066698.75
2025-08-01 09:18:59 AM,16.7,0,0.0,28066698.75
2025-08-01 09:18:59 AM,16.75,0,0.0,28066698.75
2025-08-01 09:18:59 AM,16.75,2850,47737.5,28114436.25
2025-08-01 09:18:59 AM,16.75,1200,20100.0,28134536.25
2025-08-01 09:19:00 AM,16.65,0,0.0,28134536.25
2025-08-01 09:19:00 AM,16.7,0,0.0,28134536.25
2025-08-01 09:19:01 AM,16.65,0,0.0,28134536.25
2025-08-01 09:19:01 AM,16.75,3525,59043.75,28193580.0
2025-08-01 09:19:01 AM,16.65,0,0.0,28193580.0
2025-08-01 09:19:01 AM,16.65,450,7492.499999999999,28201072.5
2025-08-01 09:19:02 AM,16.7,2550,42585.0,28243657.5
2025-08-01 09:19:03 AM,16.7,825,13777.5,28257435.0
2025-08-01 09:19:03 AM,16.65,0,0.0,28257435.0
2025-08-01 09:19:04 AM,16.7,0,0.0,28257435.0
2025-08-01 09:19:04 AM,16.65,0,0.0,28257435.0
2025-08-01 09:19:04 AM,16.65,2925,48701.24999999999,28306136.25
2025-08-01 09:19:04 AM,16.75,2625,43968.75,28350105.0
2025-08-01 09:19:05 AM,16.8,0,0.0,28350105.0
2025-08-01 09:19:05 AM,16.75,2025,33918.75,28384023.75
2025-08-01 09:19:06 AM,16.8,0,0.0,28384023.75
2025-08-01 09:19:06 AM,16.8,600,10080.0,28394103.75
2025-08-01 09:19:07 AM,16.75,0,0.0,28394103.75
2025-08-01 09:19:07 AM,16.9,0,0.0,28394103.75
2025-08-01 09:19:07 AM,16.9,13800,233219.99999999997,28627323.75
2025-08-01 09:19:07 AM,16.9,5925,100132.49999999999,28727456.25
2025-08-01 09:19:09 AM,16.85,0,0.0,28727456.25
2025-08-01 09:19:09 AM,16.8,11175,187740.0,28915196.25
2025-08-01 09:19:09 AM,16.75,1050,17587.5,28932783.75
2025-08-01 09:19:10 AM,16.8,0,0.0,28932783.75
2025-08-01 09:19:10 AM,16.65,2925,48701.24999999999,28981485.0
2025-08-01 09:19:11 AM,16.75,0,0.0,28981485.0
2025-08-01 09:19:11 AM,16.7,900,15030.0,28996515.0
2025-08-01 09:19:12 AM,16.8,0,0.0,28996515.0
2025-08-01 09:19:12 AM,16.85,0,0.0,28996515.0
2025-08-01 09:19:12 AM,16.9,4050,68445.0,29064960.0
2025-08-01 09:19:12 AM,16.85,150,2527.5,29067487.5
2025-08-01 09:19:13 AM,16.95,0,0.0,29067487.5
2025-08-01 09:19:14 AM,17.0,0,0.0,29067487.5
2025-08-01 09:19:14 AM,16.95,2550,43222.5,29110710.0
2025-08-01 09:19:14 AM,16.9,300,5070.0,29115780.0
2025-08-01 09:19:15 AM,16.85,0,0.0,29115780.0
2025-08-01 09:19:15 AM,16.8,0,0.0,29115780.0
2025-08-01 09:19:15 AM,16.85,1350,22747.500000000004,29138527.5
2025-08-01 09:19:16 AM,16.6,0,0.0,29138527.5
2025-08-01 09:19:16 AM,16.7,6000,100200.0,29238727.5
2025-08-01 09:19:16 AM,16.65,0,0.0,29238727.5
2025-08-01 09:19:17 AM,16.6,0,0.0,29238727.5
2025-08-01 09:19:17 AM,16.65,0,0.0,29238727.5
2025-08-01 09:19:17 AM,16.65,1350,22477.499999999996,29261205.0
2025-08-01 09:19:17 AM,16.7,525,8767.5,29269972.5
2025-08-01 09:19:18 AM,16.6,0,0.0,29269972.5
2025-08-01 09:19:19 AM,16.5,3300,54450.0,29324422.5
2025-08-01 09:19:19 AM,16.55,0,0.0,29324422.5
2025-08-01 09:19:19 AM,16.55,525,8688.75,29333111.25
2025-08-01 09:19:20 AM,16.5,0,0.0,29333111.25
2025-08-01 09:19:20 AM,16.4,4800,78720.0,29411831.25
2025-08-01 09:19:20 AM,16.4,375,6149.999999999999,29417981.25
2025-08-01 09:19:21 AM,16.45,0,0.0,29417981.25
2025-08-01 09:19:22 AM,16.4,0,0.0,29417981.25
2025-08-01 09:19:22 AM,16.35,0,0.0,29417981.25
2025-08-01 09:19:22 AM,16.4,4650,76260.0,29494241.25
2025-08-01 09:19:22 AM,16.45,600,9870.0,29504111.25
2025-08-01 09:19:23 AM,16.4,0,0.0,29504111.25
2025-08-01 09:19:23 AM,16.45,0,0.0,29504111.25
2025-08-01 09:19:23 AM,16.45,4875,80193.75,29584305.0
2025-08-01 09:19:24 AM,16.4,0,0.0,29584305.0
2025-08-01 09:19:24 AM,16.4,750,12299.999999999998,29596605.0
2025-08-01 09:19:25 AM,16.3,0,0.0,29596605.0
2025-08-01 09:19:25 AM,16.25,0,0.0,29596605.0
2025-08-01 09:19:25 AM,16.15,7875,127181.24999999999,29723786.25
2025-08-01 09:19:25 AM,16.2,75,1215.0,29725001.25
2025-08-01 09:19:26 AM,16.25,0,0.0,29725001.25
2025-08-01 09:19:27 AM,16.3,0,0.0,29725001.25
2025-08-01 09:19:27 AM,16.25,0,0.0,29725001.25
2025-08-01 09:19:27 AM,16.25,4950,80437.5,29805438.75
2025-08-01 09:19:27 AM,16.2,150,2430.0,29807868.75
2025-08-01 09:19:28 AM,16.3,0,0.0,29807868.75
2025-08-01 09:19:28 AM,16.25,0,0.0,29807868.75
2025-08-01 09:19:28 AM,16.25,3600,58500.0,29866368.75
2025-08-01 09:19:29 AM,16.2,0,0.0,29866368.75
2025-08-01 09:19:30 AM,16.1,0,0.0,29866368.75
2025-08-01 09:19:30 AM,16.2,22350,362070.0,30228438.75
2025-08-01 09:19:30 AM,16.25,825,13406.25,30241845.0
2025-08-01 09:19:32 AM,16.35,0,0.0,30241845.0
2025-08-01 09:19:32 AM,16.4,0,0.0,30241845.0
2025-08-01 09:19:32 AM,16.4,6600,108239.99999999999,30350085.0
2025-08-01 09:19:32 AM,16.35,150,2452.5,30352537.5
2025-08-01 09:19:33 AM,16.3,0,0.0,30352537.5
2025-08-01 09:19:33 AM,16.4,7800,127919.99999999999,30480457.5
2025-08-01 09:19:34 AM,16.4,150,2460.0,30482917.5
2025-08-01 09:19:34 AM,16.35,0,0.0,30482917.5
2025-08-01 09:19:35 AM,16.4,0,0.0,30482917.5
2025-08-01 09:19:35 AM,16.45,5925,97466.25,30580383.75
2025-08-01 09:19:35 AM,16.4,600,9840.0,30590223.75
2025-08-01 09:19:36 AM,16.35,0,0.0,30590223.75
2025-08-01 09:19:37 AM,16.45,0,0.0,30590223.75
2025-08-01 09:19:37 AM,16.45,4350,71557.5,30661781.25
2025-08-01 09:19:37 AM,16.4,825,13529.999999999998,30675311.25
2025-08-01 09:19:38 AM,16.35,0,0.0,30675311.25
2025-08-01 09:19:38 AM,16.45,0,0.0,30675311.25
2025-08-01 09:19:38 AM,16.3,6225,101467.5,30776778.75
2025-08-01 09:19:39 AM,16.25,150,2437.5,30779216.25
2025-08-01 09:19:39 AM,16.35,0,0.0,30779216.25
2025-08-01 09:19:40 AM,16.4,0,0.0,30779216.25
2025-08-01 09:19:40 AM,16.45,0,0.0,30779216.25
2025-08-01 09:19:40 AM,16.55,4275,70751.25,30849967.5
2025-08-01 09:19:40 AM,16.6,3750,62250.00000000001,30912217.5
2025-08-01 09:19:41 AM,16.7,0,0.0,30912217.5
2025-08-01 09:19:42 AM,16.5,0,0.0,30912217.5
2025-08-01 09:19:42 AM,16.5,16875,278437.5,31190655.0
2025-08-01 09:19:43 AM,16.55,0,0.0,31190655.0
2025-08-01 09:19:43 AM,16.5,3225,53212.5,31243867.5
2025-08-01 09:19:43 AM,16.5,825,13612.5,31257480.0
2025-08-01 09:19:45 AM,16.35,0,0.0,31257480.0
2025-08-01 09:19:45 AM,16.35,2325,38013.75,31295493.75
2025-08-01 09:19:45 AM,16.4,1800,29519.999999999996,31325013.75
2025-08-01 09:19:46 AM,16.35,0,0.0,31325013.75
2025-08-01 09:19:47 AM,16.45,0,0.0,31325013.75
2025-08-01 09:19:47 AM,16.45,2325,38246.25,31363260.0
2025-08-01 09:19:47 AM,16.5,0,0.0,31363260.0
2025-08-01 09:19:47 AM,16.5,300,4950.0,31368210.0
2025-08-01 09:19:48 AM,16.4,3825,62729.99999999999,31430940.0
2025-08-01 09:19:48 AM,16.45,600,9870.0,31440810.0
2025-08-01 09:19:49 AM,16.4,0,0.0,31440810.0
2025-08-01 09:19:49 AM,16.35,0,0.0,31440810.0
2025-08-01 09:19:50 AM,16.45,0,0.0,31440810.0
2025-08-01 09:19:50 AM,16.45,12975,213438.75,31654248.75
2025-08-01 09:19:51 AM,16.5,0,0.0,31654248.75
2025-08-01 09:19:51 AM,16.45,0,0.0,31654248.75
2025-08-01 09:19:52 AM,16.4,3375,55349.99999999999,31709598.75
2025-08-01 09:19:53 AM,16.45,0,0.0,31709598.75
2025-08-01 09:19:53 AM,16.45,675,11103.75,31720702.5
2025-08-01 09:19:54 AM,16.5,0,0.0,31720702.5
2025-08-01 09:19:55 AM,16.65,0,0.0,31720702.5
2025-08-01 09:19:55 AM,16.55,0,0.0,31720702.5
2025-08-01 09:19:55 AM,16.55,6900,114195.0,31834897.5
2025-08-01 09:19:56 AM,16.45,0,0.0,31834897.5
2025-08-01 09:19:57 AM,16.35,6075,99326.25000000001,31934223.75
2025-08-01 09:19:57 AM,16.3,0,0.0,31934223.75
2025-08-01 09:19:57 AM,16.3,1350,22005.0,31956228.75
2025-08-01 09:19:58 AM,16.35,0,0.0,31956228.75
2025-08-01 09:19:58 AM,16.25,0,0.0,31956228.75
2025-08-01 09:19:58 AM,16.3,600,9780.0,31966008.75
2025-08-01 09:19:59 AM,16.2,0,0.0,31966008.75
2025-08-01 09:20:00 AM,16.15,0,0.0,31966008.75
2025-08-01 09:20:00 AM,16.25,8925,145031.25,32111040.0
2025-08-01 09:20:00 AM,16.3,150,2445.0,32113485.0
2025-08-01 09:20:02 AM,16.25,6900,112125.0,32225610.0
2025-08-01 09:20:02 AM,16.2,225,3645.0,32229255.0
2025-08-01 09:20:03 AM,16.45,0,0.0,32229255.0
2025-08-01 09:20:03 AM,16.45,2850,46882.5,32276137.5
2025-08-01 09:20:04 AM,16.55,0,0.0,32276137.5
2025-08-01 09:20:05 AM,16.5,0,0.0,32276137.5
2025-08-01 09:20:05 AM,16.5,5550,91575.0,32367712.5
2025-08-01 09:20:05 AM,16.6,225,3735.0000000000005,32371447.5
2025-08-01 09:20:07 AM,16.6,750,12450.000000000002,32383897.5
2025-08-01 09:20:07 AM,16.6,675,11205.000000000002,32395102.5
2025-08-01 09:20:08 AM,16.55,0,0.0,32395102.5
2025-08-01 09:20:08 AM,16.65,5025,83666.25,32478768.75
2025-08-01 09:20:08 AM,16.65,1650,27472.499999999996,32506241.25
2025-08-01 09:20:10 AM,16.75,0,0.0,32506241.25
2025-08-01 09:20:10 AM,16.75,1350,22612.5,32528853.75
2025-08-01 09:20:10 AM,16.75,1425,23868.75,32552722.5
2025-08-01 09:20:11 AM,16.7,0,0.0,32552722.5
2025-08-01 09:20:12 AM,16.8,1725,28980.0,32581702.5
2025-08-01 09:20:12 AM,16.7,150,2505.0,32584207.5
2025-08-01 09:20:13 AM,16.75,0,0.0,32584207.5
2025-08-01 09:20:13 AM,16.75,3750,62812.5,32647020.0
2025-08-01 09:20:14 AM,16.7,300,5010.0,32652030.0
2025-08-01 09:20:14 AM,16.8,0,0.0,32652030.0
2025-08-01 09:20:14 AM,16.85,0,0.0,32652030.0
2025-08-01 09:20:15 AM,16.8,0,0.0,32652030.0
2025-08-01 09:20:15 AM,16.8,20925,351540.0,33003570.0
2025-08-01 09:20:15 AM,16.85,825,13901.250000000002,33017471.25
2025-08-01 09:20:17 AM,16.9,22800,385319.99999999994,33402791.25
2025-08-01 09:20:17 AM,16.9,450,7604.999999999999,33410396.25
2025-08-01 09:20:18 AM,16.95,0,0.0,33410396.25
2025-08-01 09:20:18 AM,16.95,3600,61020.0,33471416.25
2025-08-01 09:20:20 AM,17.1,0,0.0,33471416.25
2025-08-01 09:20:20 AM,17.1,3525,60277.50000000001,33531693.75
2025-08-01 09:20:21 AM,17.05,0,0.0,33531693.75
2025-08-01 09:20:21 AM,17.1,1275,21802.5,33553496.25
2025-08-01 09:20:22 AM,17.05,1200,20460.0,33573956.25
2025-08-01 09:20:23 AM,17.0,0,0.0,33573956.25
2025-08-01 09:20:23 AM,17.05,11850,202042.5,33775998.75
2025-08-01 09:20:23 AM,17.05,225,3836.25,33779835.0
2025-08-01 09:20:24 AM,17.15,0,0.0,33779835.0
2025-08-01 09:20:25 AM,17.05,4725,80561.25,33860396.25
2025-08-01 09:20:26 AM,17.0,0,0.0,33860396.25
2025-08-01 09:20:26 AM,17.05,2325,39641.25,33900037.5
2025-08-01 09:20:27 AM,17.0,75,1275.0,33901312.5
2025-08-01 09:20:27 AM,16.95,0,0.0,33901312.5
2025-08-01 09:20:28 AM,17.15,0,0.0,33901312.5
2025-08-01 09:20:28 AM,17.15,4125,70743.75,33972056.25
2025-08-01 09:20:28 AM,17.1,150,2565.0,33974621.25
2025-08-01 09:20:29 AM,17.0,0,0.0,33974621.25
2025-08-01 09:20:29 AM,16.95,2400,40680.0,34015301.25
2025-08-01 09:20:30 AM,17.05,0,0.0,34015301.25
2025-08-01 09:20:30 AM,17.0,1200,20400.0,34035701.25
2025-08-01 09:20:30 AM,17.15,0,0.0,34035701.25
2025-08-01 09:20:31 AM,17.1,0,0.0,34035701.25
2025-08-01 09:20:31 AM,17.05,16800,286440.0,34322141.25
2025-08-01 09:20:31 AM,17.2,300,5160.0,34327301.25
2025-08-01 09:20:32 AM,17.1,0,0.0,34327301.25
2025-08-01 09:20:33 AM,17.05,0,0.0,34327301.25
2025-08-01 09:20:33 AM,17.05,8850,150892.5,34478193.75
2025-08-01 09:20:33 AM,16.95,975,16526.25,34494720.0
2025-08-01 09:20:34 AM,17.0,0,0.0,34494720.0
2025-08-01 09:20:34 AM,16.95,7800,132210.0,34626930.0
2025-08-01 09:20:35 AM,16.9,0,0.0,34626930.0
2025-08-01 09:20:35 AM,16.9,3750,63374.99999999999,34690305.0
2025-08-01 09:20:35 AM,17.0,0,0.0,34690305.0
2025-08-01 09:20:36 AM,17.1,0,0.0,34690305.0
2025-08-01 09:20:36 AM,17.0,0,0.0,34690305.0
2025-08-01 09:20:36 AM,16.95,8175,138566.25,34828871.25
2025-08-01 09:20:37 AM,17.0,0,0.0,34828871.25
2025-08-01 09:20:38 AM,16.9,3000,50699.99999999999,34879571.25
2025-08-01 09:20:39 AM,16.85,0,0.0,34879571.25
2025-08-01 09:20:39 AM,16.95,675,11441.25,34891012.5
2025-08-01 09:20:40 AM,16.95,225,3813.75,34894826.25
2025-08-01 09:20:40 AM,16.9,0,0.0,34894826.25
2025-08-01 09:20:41 AM,16.85,0,0.0,34894826.25
2025-08-01 09:20:41 AM,16.9,0,0.0,34894826.25
2025-08-01 09:20:41 AM,16.9,1875,31687.499999999996,34926513.75
2025-08-01 09:20:41 AM,16.85,75,1263.75,34927777.5
2025-08-01 09:20:42 AM,16.95,0,0.0,34927777.5
2025-08-01 09:20:43 AM,16.85,0,0.0,34927777.5
2025-08-01 09:20:43 AM,16.85,7050,118792.50000000001,35046570.0
2025-08-01 09:20:43 AM,16.8,0,0.0,35046570.0
2025-08-01 09:20:43 AM,16.8,1050,17640.0,35064210.0
2025-08-01 09:20:44 AM,16.85,0,0.0,35064210.0
2025-08-01 09:20:44 AM,16.65,0,0.0,35064210.0
2025-08-01 09:20:44 AM,16.7,3375,56362.5,35120572.5
2025-08-01 09:20:45 AM,16.75,750,12562.5,35133135.0
2025-08-01 09:20:45 AM,16.6,0,0.0,35133135.0
2025-08-01 09:20:46 AM,16.7,0,0.0,35133135.0
2025-08-01 09:20:46 AM,16.65,0,0.0,35133135.0
2025-08-01 09:20:46 AM,16.65,10725,178571.24999999997,35311706.25
2025-08-01 09:20:46 AM,16.75,1050,17587.5,35329293.75
2025-08-01 09:20:47 AM,16.7,0,0.0,35329293.75
2025-08-01 09:20:48 AM,16.7,450,7515.0,35336808.75
2025-08-01 09:20:48 AM,16.65,0,0.0,35336808.75
2025-08-01 09:20:49 AM,16.6,0,0.0,35336808.75
2025-08-01 09:20:49 AM,16.55,0,0.0,35336808.75
2025-08-01 09:20:49 AM,16.55,10800,178740.0,35515548.75
2025-08-01 09:20:50 AM,16.6,150,2490.0,35518038.75
2025-08-01 09:20:50 AM,16.55,0,0.0,35518038.75
2025-08-01 09:20:50 AM,16.45,0,0.0,35518038.75
2025-08-01 09:20:51 AM,16.55,0,0.0,35518038.75
2025-08-01 09:20:51 AM,16.55,2550,42202.5,35560241.25
2025-08-01 09:20:52 AM,16.7,0,0.0,35560241.25
2025-08-01 09:20:52 AM,16.65,0,0.0,35560241.25
2025-08-01 09:20:53 AM,16.75,0,0.0,35560241.25
2025-08-01 09:20:53 AM,16.75,10875,182156.25,35742397.5
2025-08-01 09:20:54 AM,16.65,0,0.0,35742397.5
2025-08-01 09:20:54 AM,16.6,0,0.0,35742397.5
2025-08-01 09:20:54 AM,16.55,4575,75716.25,35818113.75
2025-08-01 09:20:54 AM,16.55,150,2482.5,35820596.25
2025-08-01 09:20:56 AM,16.5,2700,44550.0,35865146.25
2025-08-01 09:20:56 AM,16.45,825,13571.25,35878717.5
2025-08-01 09:20:57 AM,16.5,0,0.0,35878717.5
2025-08-01 09:20:57 AM,16.4,0,0.0,35878717.5
2025-08-01 09:20:57 AM,16.45,5850,96232.5,35974950.0
2025-08-01 09:20:58 AM,16.5,675,11137.5,35986087.5
2025-08-01 09:20:58 AM,16.45,0,0.0,35986087.5
2025-08-01 09:20:59 AM,16.4,8700,142680.0,36128767.5
2025-08-01 09:20:59 AM,16.45,450,7402.5,36136170.0
2025-08-01 09:21:00 AM,16.55,0,0.0,36136170.0
2025-08-01 09:21:01 AM,16.45,0,0.0,36136170.0
2025-08-01 09:21:01 AM,16.4,4950,81180.0,36217350.0
2025-08-01 09:21:01 AM,16.45,450,7402.5,36224752.5
2025-08-01 09:21:02 AM,16.5,0,0.0,36224752.5
2025-08-01 09:21:02 AM,16.4,7650,125459.99999999999,36350212.5
2025-08-01 09:21:03 AM,16.45,975,16038.75,36366251.25
2025-08-01 09:21:03 AM,16.5,0,0.0,36366251.25
2025-08-01 09:21:04 AM,16.45,0,0.0,36366251.25
2025-08-01 09:21:04 AM,16.45,4425,72791.25,36439042.5
2025-08-01 09:21:04 AM,16.4,375,6149.999999999999,36445192.5
2025-08-01 09:21:05 AM,16.5,0,0.0,36445192.5
2025-08-01 09:21:05 AM,16.6,0,0.0,36445192.5
2025-08-01 09:21:06 AM,16.45,0,0.0,36445192.5
2025-08-01 09:21:06 AM,16.45,28425,467591.25,36912783.75
2025-08-01 09:21:06 AM,16.45,2175,35778.75,36948562.5
2025-08-01 09:21:07 AM,16.55,0,0.0,36948562.5
2025-08-01 09:21:07 AM,16.45,0,0.0,36948562.5
2025-08-01 09:21:07 AM,16.55,18000,297900.0,37246462.5
2025-08-01 09:21:08 AM,16.5,0,0.0,37246462.5
2025-08-01 09:21:09 AM,16.3,0,0.0,37246462.5
2025-08-01 09:21:09 AM,16.35,0,0.0,37246462.5
2025-08-01 09:21:09 AM,16.35,10050,164317.5,37410780.0
2025-08-01 09:21:09 AM,16.4,150,2460.0,37413240.0
2025-08-01 09:21:10 AM,16.3,0,0.0,37413240.0
2025-08-01 09:21:11 AM,16.15,0,0.0,37413240.0
2025-08-01 09:21:11 AM,16.25,15825,257156.25,37670396.25
2025-08-01 09:21:12 AM,16.3,0,0.0,37670396.25
2025-08-01 09:21:12 AM,16.2,7575,122715.0,37793111.25
2025-08-01 09:21:13 AM,16.25,4050,65812.5,37858923.75
2025-08-01 09:21:13 AM,16.2,0,0.0,37858923.75
2025-08-01 09:21:14 AM,16.25,0,0.0,37858923.75
2025-08-01 09:21:14 AM,16.3,0,0.0,37858923.75
2025-08-01 09:21:14 AM,16.35,17175,280811.25,38139735.0
2025-08-01 09:21:14 AM,16.25,4950,80437.5,38220172.5
2025-08-01 09:21:15 AM,16.3,0,0.0,38220172.5
2025-08-01 09:21:16 AM,16.35,6000,98100.00000000001,38318272.5
2025-08-01 09:21:16 AM,16.35,1350,22072.500000000004,38340345.0
2025-08-01 09:21:17 AM,16.4,3225,52889.99999999999,38393235.0
2025-08-01 09:21:18 AM,16.5,0,0.0,38393235.0
2025-08-01 09:21:18 AM,16.5,900,14850.0,38408085.0
2025-08-01 09:21:18 AM,16.45,0,0.0,38408085.0
2025-08-01 09:21:19 AM,16.5,0,0.0,38408085.0
2025-08-01 09:21:19 AM,16.45,0,0.0,38408085.0
2025-08-01 09:21:19 AM,16.55,3975,65786.25,38473871.25
2025-08-01 09:21:19 AM,16.55,450,7447.5,38481318.75
2025-08-01 09:21:20 AM,16.5,0,0.0,38481318.75
2025-08-01 09:21:21 AM,16.5,1500,24750.0,38506068.75
2025-08-01 09:21:22 AM,16.4,0,0.0,38506068.75
2025-08-01 09:21:22 AM,16.45,0,0.0,38506068.75
2025-08-01 09:21:22 AM,16.45,600,9870.0,38515938.75
2025-08-01 09:21:23 AM,16.55,0,0.0,38515938.75
2025-08-01 09:21:23 AM,16.55,675,11171.25,38527110.0
2025-08-01 09:21:24 AM,16.6,0,0.0,38527110.0
2025-08-01 09:21:24 AM,16.6,450,7470.000000000001,38534580.0
2025-08-01 09:21:24 AM,16.5,150,2475.0,38537055.0
2025-08-01 09:21:25 AM,16.55,0,0.0,38537055.0
2025-08-01 09:21:25 AM,16.5,0,0.0,38537055.0
2025-08-01 09:21:26 AM,16.45,9225,151751.25,38688806.25
2025-08-01 09:21:27 AM,16.55,0,0.0,38688806.25
2025-08-01 09:21:27 AM,16.6,2625,43575.00000000001,38732381.25
2025-08-01 09:21:28 AM,16.6,225,3735.0000000000005,38736116.25
2025-08-01 09:21:29 AM,16.5,0,0.0,38736116.25
2025-08-01 09:21:29 AM,16.6,3675,61005.00000000001,38797121.25
2025-08-01 09:21:29 AM,16.65,750,12487.499999999998,38809608.75
2025-08-01 09:21:30 AM,16.6,0,0.0,38809608.75
2025-08-01 09:21:30 AM,16.65,0,0.0,38809608.75
2025-08-01 09:21:31 AM,16.55,0,0.0,38809608.75
2025-08-01 09:21:31 AM,16.5,4800,79200.0,38888808.75
2025-08-01 09:21:31 AM,16.55,75,1241.25,38890050.0
2025-08-01 09:21:32 AM,16.55,675,11171.25,38901221.25
2025-08-01 09:21:33 AM,16.6,0,0.0,38901221.25
2025-08-01 09:21:34 AM,16.45,0,0.0,38901221.25
2025-08-01 09:21:34 AM,16.4,0,0.0,38901221.25
2025-08-01 09:21:34 AM,16.4,14850,243539.99999999997,39144761.25
2025-08-01 09:21:34 AM,16.4,675,11069.999999999998,39155831.25
2025-08-01 09:21:36 AM,16.45,0,0.0,39155831.25
2025-08-01 09:21:36 AM,16.45,900,14805.0,39170636.25
2025-08-01 09:21:37 AM,16.4,0,0.0,39170636.25
2025-08-01 09:21:37 AM,16.3,8925,145477.5,39316113.75
2025-08-01 09:21:37 AM,16.3,225,3667.5,39319781.25
2025-08-01 09:21:38 AM,16.25,0,0.0,39319781.25
2025-08-01 09:21:39 AM,16.2,0,0.0,39319781.25
2025-08-01 09:21:39 AM,16.15,0,0.0,39319781.25
2025-08-01 09:21:39 AM,16.25,11775,191343.75,39511125.0
2025-08-01 09:21:40 AM,16.2,0,0.0,39511125.0
2025-08-01 09:21:40 AM,16.25,0,0.0,39511125.0
2025-08-01 09:21:41 AM,16.2,4200,68040.0,39579165.0
2025-08-01 09:21:41 AM,16.15,675,10901.249999999998,39590066.25
2025-08-01 09:21:42 AM,16.1,0,0.0,39590066.25
2025-08-01 09:21:42 AM,16.2,9750,157950.0,39748016.25
2025-08-01 09:21:42 AM,16.1,1725,27772.500000000004,39775788.75
2025-08-01 09:21:44 AM,16.15,0,0.0,39775788.75
2025-08-01 09:21:44 AM,16.05,0,0.0,39775788.75
2025-08-01 09:21:44 AM,16.05,5400,86670.0,39862458.75
2025-08-01 09:21:44 AM,16.05,2400,38520.0,39900978.75
2025-08-01 09:21:45 AM,16.1,0,0.0,39900978.75
2025-08-01 09:21:45 AM,16.05,14550,233527.5,40134506.25
2025-08-01 09:21:46 AM,16.0,0,0.0,40134506.25
2025-08-01 09:21:46 AM,16.05,3375,54168.75,40188675.0
2025-08-01 09:21:47 AM,16.0,0,0.0,40188675.0
2025-08-01 09:21:47 AM,16.05,0,0.0,40188675.0
2025-08-01 09:21:47 AM,16.2,15675,253935.0,40442610.0
2025-08-01 09:21:48 AM,16.15,0,0.0,40442610.0
2025-08-01 09:21:49 AM,16.2,0,0.0,40442610.0
2025-08-01 09:21:49 AM,16.25,0,0.0,40442610.0
2025-08-01 09:21:49 AM,16.25,3000,48750.0,40491360.0
2025-08-01 09:21:49 AM,16.2,75,1215.0,40492575.0
2025-08-01 09:21:50 AM,16.3,0,0.0,40492575.0
2025-08-01 09:21:50 AM,16.3,1725,28117.5,40520692.5
2025-08-01 09:21:51 AM,16.35,0,0.0,40520692.5
2025-08-01 09:21:51 AM,16.25,525,8531.25,40529223.75
2025-08-01 09:21:52 AM,16.35,0,0.0,40529223.75
2025-08-01 09:21:52 AM,16.3,0,0.0,40529223.75
2025-08-01 09:21:52 AM,16.3,3000,48900.0,40578123.75
2025-08-01 09:21:53 AM,16.25,0,0.0,40578123.75
2025-08-01 09:21:54 AM,16.25,1200,19500.0,40597623.75
2025-08-01 09:21:55 AM,16.3,0,0.0,40597623.75
2025-08-01 09:21:55 AM,16.2,4725,76545.0,40674168.75
2025-08-01 09:21:56 AM,16.25,450,7312.5,40681481.25
2025-08-01 09:21:56 AM,16.3,0,0.0,40681481.25
2025-08-01 09:21:56 AM,16.2,0,0.0,40681481.25
2025-08-01 09:21:57 AM,16.15,0,0.0,40681481.25
2025-08-01 09:21:57 AM,16.15,4650,75097.5,40756578.75
2025-08-01 09:21:58 AM,16.2,0,0.0,40756578.75
2025-08-01 09:21:59 AM,16.1,0,0.0,40756578.75
2025-08-01 09:21:59 AM,16.1,1350,21735.000000000004,40778313.75
2025-08-01 09:22:00 AM,16.15,0,0.0,40778313.75
2025-08-01 09:22:00 AM,16.2,0,0.0,40778313.75
2025-08-01 09:22:00 AM,16.2,9600,155520.0,40933833.75
2025-08-01 09:22:01 AM,16.25,0,0.0,40933833.75
2025-08-01 09:22:01 AM,16.2,0,0.0,40933833.75
2025-08-01 09:22:02 AM,16.3,0,0.0,40933833.75
2025-08-01 09:22:02 AM,16.3,8400,136920.0,41070753.75
2025-08-01 09:22:03 AM,16.25,0,0.0,41070753.75
2025-08-01 09:22:04 AM,16.2,0,0.0,41070753.75
2025-08-01 09:22:04 AM,16.2,975,15795.0,41086548.75
2025-08-01 09:22:05 AM,16.3,0,0.0,41086548.75
2025-08-01 09:22:05 AM,16.3,600,9780.0,41096328.75
2025-08-01 09:22:05 AM,16.3,75,1222.5,41097551.25
2025-08-01 09:22:06 AM,16.2,0,0.0,41097551.25
2025-08-01 09:22:07 AM,16.25,0,0.0,41097551.25
2025-08-01 09:22:07 AM,16.2,1275,20655.0,41118206.25
2025-08-01 09:22:07 AM,16.25,75,1218.75,41119425.0
2025-08-01 09:22:08 AM,16.2,0,0.0,41119425.0
2025-08-01 09:22:08 AM,16.3,0,0.0,41119425.0
2025-08-01 09:22:09 AM,16.25,0,0.0,41119425.0
2025-08-01 09:22:09 AM,16.25,1725,28031.25,41147456.25
2025-08-01 09:22:09 AM,16.25,375,6093.75,41153550.0
2025-08-01 09:22:10 AM,16.2,2175,35235.0,41188785.0
2025-08-01 09:22:10 AM,16.3,75,1222.5,41190007.5
2025-08-01 09:22:11 AM,16.25,0,0.0,41190007.5
2025-08-01 09:22:12 AM,16.3,0,0.0,41190007.5
2025-08-01 09:22:12 AM,16.3,1050,17115.0,41207122.5
2025-08-01 09:22:14 AM,16.55,4050,67027.5,41274150.0
2025-08-01 09:22:14 AM,16.55,675,11171.25,41285321.25
2025-08-01 09:22:15 AM,16.3,1800,29340.0,41314661.25
2025-08-01 09:22:15 AM,16.35,675,11036.250000000002,41325697.5
2025-08-01 09:22:16 AM,16.3,0,0.0,41325697.5
2025-08-01 09:22:16 AM,16.35,0,0.0,41325697.5
2025-08-01 09:22:17 AM,16.35,4200,68670.0,41394367.5
2025-08-01 09:22:19 AM,16.35,600,9810.0,41404177.5
2025-08-01 09:22:19 AM,16.25,0,0.0,41404177.5
2025-08-01 09:22:19 AM,16.25,450,7312.5,41411490.0
2025-08-01 09:22:20 AM,16.3,0,0.0,41411490.0
2025-08-01 09:22:20 AM,16.35,1350,22072.500000000004,41433562.5
2025-08-01 09:22:22 AM,16.3,0,0.0,41433562.5
2025-08-01 09:22:22 AM,16.3,1200,19560.0,41453122.5
2025-08-01 09:22:22 AM,16.25,225,3656.25,41456778.75
2025-08-01 09:22:23 AM,16.2,0,0.0,41456778.75
2025-08-01 09:22:24 AM,16.25,3225,52406.25,41509185.0
2025-08-01 09:22:24 AM,16.3,0,0.0,41509185.0
2025-08-01 09:22:25 AM,16.35,0,0.0,41509185.0
2025-08-01 09:22:25 AM,16.35,1125,18393.75,41527578.75
2025-08-01 09:22:27 AM,16.35,1125,18393.75,41545972.5
2025-08-01 09:22:28 AM,16.25,0,0.0,41545972.5
2025-08-01 09:22:29 AM,16.25,1425,23156.25,41569128.75
2025-08-01 09:22:29 AM,16.2,0,0.0,41569128.75
2025-08-01 09:22:29 AM,16.2,450,7290.0,41576418.75
2025-08-01 09:22:30 AM,16.15,2325,37548.75,41613967.5
2025-08-01 09:22:30 AM,16.1,675,10867.500000000002,41624835.0
2025-08-01 09:22:32 AM,16.2,0,0.0,41624835.0
2025-08-01 09:22:32 AM,16.25,0,0.0,41624835.0
2025-08-01 09:22:32 AM,16.25,3675,59718.75,41684553.75
2025-08-01 09:22:34 AM,16.25,2250,36562.5,41721116.25
2025-08-01 09:22:35 AM,16.3,0,0.0,41721116.25
2025-08-01 09:22:35 AM,16.25,675,10968.75,41732085.0
2025-08-01 09:22:37 AM,16.1,0,0.0,41732085.0
2025-08-01 09:22:37 AM,16.15,6075,98111.24999999999,41830196.25
2025-08-01 09:22:38 AM,16.1,0,0.0,41830196.25
2025-08-01 09:22:39 AM,16.1,15000,241500.00000000003,42071696.25
2025-08-01 09:22:39 AM,16.15,150,2422.5,42074118.75
2025-08-01 09:22:39 AM,16.2,0,0.0,42074118.75
2025-08-01 09:22:40 AM,16.1,0,0.0,42074118.75
2025-08-01 09:22:40 AM,16.15,3450,55717.49999999999,42129836.25
2025-08-01 09:22:40 AM,16.15,750,12112.499999999998,42141948.75
2025-08-01 09:22:42 AM,16.2,0,0.0,42141948.75
2025-08-01 09:22:42 AM,16.2,4275,69255.0,42211203.75
2025-08-01 09:22:42 AM,16.15,0,0.0,42211203.75
2025-08-01 09:22:42 AM,16.15,150,2422.5,42213626.25
2025-08-01 09:22:43 AM,16.2,0,0.0,42213626.25
2025-08-01 09:22:44 AM,16.2,2175,35235.0,42248861.25
2025-08-01 09:22:45 AM,16.15,0,0.0,42248861.25
2025-08-01 09:22:45 AM,16.2,2625,42525.0,42291386.25
2025-08-01 09:22:45 AM,16.2,225,3645.0,42295031.25
2025-08-01 09:22:46 AM,16.15,0,0.0,42295031.25
2025-08-01 09:22:47 AM,16.05,0,0.0,42295031.25
2025-08-01 09:22:47 AM,16.05,3375,54168.75,42349200.0
2025-08-01 09:22:49 AM,16.1,2025,32602.500000000004,42381802.5
2025-08-01 09:22:50 AM,16.0,0,0.0,42381802.5
2025-08-01 09:22:50 AM,16.05,3825,61391.25,42443193.75
2025-08-01 09:22:51 AM,16.1,0,0.0,42443193.75
2025-08-01 09:22:52 AM,16.1,1275,20527.5,42463721.25
2025-08-01 09:22:52 AM,16.1,750,12075.000000000002,42475796.25
2025-08-01 09:22:53 AM,16.05,0,0.0,42475796.25
2025-08-01 09:22:53 AM,16.15,10500,169574.99999999997,42645371.25
2025-08-01 09:22:54 AM,16.05,150,2407.5,42647778.75
2025-08-01 09:22:55 AM,16.1,0,0.0,42647778.75
2025-08-01 09:22:55 AM,16.1,1950,31395.000000000004,42679173.75
2025-08-01 09:22:55 AM,16.05,375,6018.75,42685192.5
2025-08-01 09:22:56 AM,16.0,0,0.0,42685192.5
2025-08-01 09:22:57 AM,15.95,0,0.0,42685192.5
2025-08-01 09:22:57 AM,15.95,1650,26317.5,42711510.0
2025-08-01 09:22:58 AM,15.9,0,0.0,42711510.0
2025-08-01 09:22:58 AM,15.95,5175,82541.25,42794051.25
2025-08-01 09:22:59 AM,15.95,450,7177.5,42801228.75
2025-08-01 09:22:59 AM,15.9,0,0.0,42801228.75
2025-08-01 09:22:59 AM,15.85,0,0.0,42801228.75
2025-08-01 09:23:00 AM,15.95,0,0.0,42801228.75
2025-08-01 09:23:00 AM,15.85,0,0.0,42801228.75
2025-08-01 09:23:00 AM,15.85,6825,108176.25,42909405.0
2025-08-01 09:23:01 AM,15.9,0,0.0,42909405.0
2025-08-01 09:23:02 AM,15.9,2850,45315.0,42954720.0
2025-08-01 09:23:03 AM,15.85,0,0.0,42954720.0
2025-08-01 09:23:03 AM,15.9,0,0.0,42954720.0
2025-08-01 09:23:03 AM,15.85,6525,103421.25,43058141.25
2025-08-01 09:23:04 AM,15.75,450,7087.5,43065228.75
2025-08-01 09:23:04 AM,15.8,0,0.0,43065228.75
2025-08-01 09:23:05 AM,15.85,0,0.0,43065228.75
2025-08-01 09:23:05 AM,15.8,0,0.0,43065228.75
2025-08-01 09:23:05 AM,15.8,1875,29625.0,43094853.75
2025-08-01 09:23:07 AM,15.8,3150,49770.0,43144623.75
2025-08-01 09:23:07 AM,15.9,4650,73935.0,43218558.75
2025-08-01 09:23:07 AM,15.8,0,0.0,43218558.75
2025-08-01 09:23:08 AM,15.7,0,0.0,43218558.75
2025-08-01 09:23:08 AM,15.75,0,0.0,43218558.75
2025-08-01 09:23:08 AM,15.8,4050,63990.0,43282548.75
2025-08-01 09:23:09 AM,15.75,0,0.0,43282548.75
2025-08-01 09:23:09 AM,15.8,0,0.0,43282548.75
2025-08-01 09:23:10 AM,15.7,0,0.0,43282548.75
2025-08-01 09:23:10 AM,15.75,3225,50793.75,43333342.5
2025-08-01 09:23:11 AM,15.8,0,0.0,43333342.5
2025-08-01 09:23:12 AM,15.75,3075,48431.25,43381773.75
2025-08-01 09:23:12 AM,15.65,0,0.0,43381773.75
2025-08-01 09:23:12 AM,15.65,2400,37560.0,43419333.75
2025-08-01 09:23:12 AM,15.7,0,0.0,43419333.75
2025-08-01 09:23:13 AM,15.75,0,0.0,43419333.75
2025-08-01 09:23:13 AM,15.8,0,0.0,43419333.75
2025-08-01 09:23:13 AM,15.8,4350,68730.0,43488063.75
2025-08-01 09:23:14 AM,15.85,0,0.0,43488063.75
2025-08-01 09:23:14 AM,15.7,0,0.0,43488063.75
2025-08-01 09:23:15 AM,15.8,0,0.0,43488063.75
2025-08-01 09:23:15 AM,15.85,0,0.0,43488063.75
2025-08-01 09:23:15 AM,15.85,4425,70136.25,43558200.0
2025-08-01 09:23:17 AM,15.85,2925,46361.25,43604561.25
2025-08-01 09:23:17 AM,15.8,0,0.0,43604561.25
2025-08-01 09:23:17 AM,15.75,1950,30712.5,43635273.75
2025-08-01 09:23:17 AM,15.8,0,0.0,43635273.75
2025-08-01 09:23:18 AM,15.8,3075,48585.0,43683858.75
2025-08-01 09:23:18 AM,15.9,150,2385.0,43686243.75
2025-08-01 09:23:19 AM,15.85,0,0.0,43686243.75
2025-08-01 09:23:19 AM,15.9,0,0.0,43686243.75
2025-08-01 09:23:20 AM,15.95,1725,27513.75,43713757.5
2025-08-01 09:23:21 AM,16.0,0,0.0,43713757.5
2025-08-01 09:23:21 AM,16.1,0,0.0,43713757.5
2025-08-01 09:23:22 AM,16.1,6675,107467.50000000001,43821225.0
2025-08-01 09:23:23 AM,16.1,750,12075.000000000002,43833300.0
2025-08-01 09:23:23 AM,16.1,225,3622.5000000000005,43836922.5
2025-08-01 09:23:24 AM,16.15,0,0.0,43836922.5
2025-08-01 09:23:25 AM,16.2,0,0.0,43836922.5
2025-08-01 09:23:25 AM,16.2,2775,44955.0,43881877.5
2025-08-01 09:23:26 AM,16.25,0,0.0,43881877.5
2025-08-01 09:23:26 AM,16.0,19875,318000.0,44199877.5
2025-08-01 09:23:27 AM,16.0,1575,25200.0,44225077.5
2025-08-01 09:23:28 AM,15.95,0,0.0,44225077.5
2025-08-01 09:23:28 AM,15.95,2475,39476.25,44264553.75
2025-08-01 09:23:29 AM,16.0,0,0.0,44264553.75
2025-08-01 09:23:30 AM,16.05,0,0.0,44264553.75
2025-08-01 09:23:30 AM,16.05,1125,18056.25,44282610.0
2025-08-01 09:23:31 AM,16.0,0,0.0,44282610.0
2025-08-01 09:23:31 AM,15.95,0,0.0,44282610.0
2025-08-01 09:23:31 AM,15.95,750,11962.5,44294572.5
2025-08-01 09:23:32 AM,16.0,0,0.0,44294572.5
2025-08-01 09:23:33 AM,15.95,0,0.0,44294572.5
2025-08-01 09:23:33 AM,15.95,525,8373.75,44302946.25
2025-08-01 09:23:34 AM,16.0,0,0.0,44302946.25
2025-08-01 09:23:35 AM,15.95,3525,56223.75,44359170.0
2025-08-01 09:23:35 AM,16.05,825,13241.25,44372411.25
2025-08-01 09:23:36 AM,15.95,0,0.0,44372411.25
2025-08-01 09:23:36 AM,15.9,0,0.0,44372411.25
2025-08-01 09:23:36 AM,15.9,1800,28620.0,44401031.25
2025-08-01 09:23:37 AM,16.0,75,1200.0,44402231.25
2025-08-01 09:23:38 AM,15.95,0,0.0,44402231.25
2025-08-01 09:23:38 AM,15.95,2175,34691.25,44436922.5
2025-08-01 09:23:39 AM,16.15,0,0.0,44436922.5
2025-08-01 09:23:39 AM,16.0,0,0.0,44436922.5
2025-08-01 09:23:40 AM,16.0,3675,58800.0,44495722.5
2025-08-01 09:23:40 AM,16.05,0,0.0,44495722.5
2025-08-01 09:23:40 AM,16.05,225,3611.25,44499333.75
2025-08-01 09:23:41 AM,16.1,2025,32602.500000000004,44531936.25
2025-08-01 09:23:42 AM,16.05,0,0.0,44531936.25
2025-08-01 09:23:43 AM,16.1,0,0.0,44531936.25
2025-08-01 09:23:43 AM,16.1,975,15697.500000000002,44547633.75
2025-08-01 09:23:44 AM,16.15,0,0.0,44547633.75
2025-08-01 09:23:45 AM,16.15,1650,26647.499999999996,44574281.25
2025-08-01 09:23:46 AM,16.2,3150,51030.0,44625311.25
2025-08-01 09:23:47 AM,16.15,0,0.0,44625311.25
2025-08-01 09:23:47 AM,16.2,0,0.0,44625311.25
2025-08-01 09:23:48 AM,16.25,0,0.0,44625311.25
2025-08-01 09:23:48 AM,16.2,1650,26730.0,44652041.25
2025-08-01 09:23:49 AM,16.25,0,0.0,44652041.25
2025-08-01 09:23:50 AM,16.3,3525,57457.5,44709498.75
2025-08-01 09:23:50 AM,16.35,0,0.0,44709498.75
2025-08-01 09:23:50 AM,16.35,450,7357.500000000001,44716856.25
2025-08-01 09:23:51 AM,16.3,0,0.0,44716856.25
2025-08-01 09:23:51 AM,16.25,2100,34125.0,44750981.25
2025-08-01 09:23:53 AM,16.2,0,0.0,44750981.25
2025-08-01 09:23:53 AM,16.2,2025,32805.0,44783786.25
2025-08-01 09:23:53 AM,16.25,75,1218.75,44785005.0
2025-08-01 09:23:55 AM,16.3,3000,48900.0,44833905.0
2025-08-01 09:23:56 AM,16.2,0,0.0,44833905.0
2025-08-01 09:23:56 AM,16.2,150,2430.0,44836335.0
2025-08-01 09:23:57 AM,16.15,0,0.0,44836335.0
2025-08-01 09:23:58 AM,16.2,0,0.0,44836335.0
2025-08-01 09:23:58 AM,16.25,975,15843.75,44852178.75
2025-08-01 09:23:59 AM,16.2,525,8505.0,44860683.75
2025-08-01 09:24:01 AM,16.2,1725,27945.0,44888628.75
2025-08-01 09:24:01 AM,16.2,150,2430.0,44891058.75
2025-08-01 09:24:03 AM,16.3,7125,116137.5,45007196.25
2025-08-01 09:24:03 AM,16.35,0,0.0,45007196.25
2025-08-01 09:24:03 AM,16.35,675,11036.250000000002,45018232.5
2025-08-01 09:24:04 AM,16.4,0,0.0,45018232.5
2025-08-01 09:24:04 AM,16.5,8250,136125.0,45154357.5
2025-08-01 09:24:05 AM,16.5,2700,44550.0,45198907.5
2025-08-01 09:24:05 AM,16.45,0,0.0,45198907.5
2025-08-01 09:24:06 AM,16.55,2025,33513.75,45232421.25
2025-08-01 09:24:07 AM,16.45,0,0.0,45232421.25
2025-08-01 09:24:07 AM,16.35,0,0.0,45232421.25
2025-08-01 09:24:08 AM,16.35,2250,36787.5,45269208.75
2025-08-01 09:24:08 AM,16.4,0,0.0,45269208.75
2025-08-01 09:24:08 AM,16.35,3900,63765.00000000001,45332973.75
2025-08-01 09:24:09 AM,16.4,0,0.0,45332973.75
2025-08-01 09:24:10 AM,16.35,21900,358065.00000000006,45691038.75
2025-08-01 09:24:10 AM,16.35,4725,77253.75,45768292.5
2025-08-01 09:24:10 AM,16.4,0,0.0,45768292.5
2025-08-01 09:24:11 AM,16.45,0,0.0,45768292.5
2025-08-01 09:24:11 AM,16.45,2250,37012.5,45805305.0
2025-08-01 09:24:11 AM,16.4,1050,17220.0,45822525.0
2025-08-01 09:24:12 AM,16.3,0,0.0,45822525.0
2025-08-01 09:24:12 AM,16.35,0,0.0,45822525.0
2025-08-01 09:24:13 AM,16.35,1275,20846.25,45843371.25
2025-08-01 09:24:14 AM,16.4,0,0.0,45843371.25
2025-08-01 09:24:14 AM,16.35,0,0.0,45843371.25
2025-08-01 09:24:14 AM,16.35,1275,20846.25,45864217.5
2025-08-01 09:24:16 AM,16.4,0,0.0,45864217.5
2025-08-01 09:24:16 AM,16.4,2700,44279.99999999999,45908497.5
2025-08-01 09:24:17 AM,16.35,0,0.0,45908497.5
2025-08-01 09:24:18 AM,16.3,0,0.0,45908497.5
2025-08-01 09:24:18 AM,16.3,2550,41565.0,45950062.5
2025-08-01 09:24:19 AM,16.3,4500,73350.0,46023412.5
2025-08-01 09:24:19 AM,16.3,150,2445.0,46025857.5
2025-08-01 09:24:20 AM,16.35,0,0.0,46025857.5
2025-08-01 09:24:21 AM,16.35,5775,94421.25000000001,46120278.75
2025-08-01 09:24:22 AM,16.3,0,0.0,46120278.75
2025-08-01 09:24:23 AM,16.35,150,2452.5,46122731.25
2025-08-01 09:24:23 AM,16.35,225,3678.7500000000005,46126410.0
2025-08-01 09:24:24 AM,16.4,0,0.0,46126410.0
2025-08-01 09:24:24 AM,16.4,225,3689.9999999999995,46130100.0
2025-08-01 09:24:26 AM,16.4,75,1230.0,46131330.0
2025-08-01 09:24:26 AM,16.4,375,6149.999999999999,46137480.0
2025-08-01 09:24:27 AM,16.5,0,0.0,46137480.0
2025-08-01 09:24:27 AM,16.45,0,0.0,46137480.0
2025-08-01 09:24:28 AM,16.45,900,14805.0,46152285.0
2025-08-01 09:24:28 AM,16.5,0,0.0,46152285.0
2025-08-01 09:24:29 AM,16.5,1500,24750.0,46177035.0
2025-08-01 09:24:30 AM,16.45,0,0.0,46177035.0
2025-08-01 09:24:31 AM,16.45,2025,33311.25,46210346.25
2025-08-01 09:24:31 AM,16.45,75,1233.75,46211580.0
2025-08-01 09:24:32 AM,16.5,0,0.0,46211580.0
2025-08-01 09:24:32 AM,16.55,300,4965.0,46216545.0
2025-08-01 09:24:32 AM,16.55,525,8688.75,46225233.75
2025-08-01 09:24:34 AM,16.6,0,0.0,46225233.75
2025-08-01 09:24:34 AM,16.6,600,9960.0,46235193.75
2025-08-01 09:24:34 AM,16.55,75,1241.25,46236435.0
2025-08-01 09:24:35 AM,16.6,0,0.0,46236435.0
2025-08-01 09:24:35 AM,16.7,0,0.0,46236435.0
2025-08-01 09:24:36 AM,16.55,0,0.0,46236435.0
2025-08-01 09:24:36 AM,16.55,1050,17377.5,46253812.5
2025-08-01 09:24:36 AM,16.6,0,0.0,46253812.5
2025-08-01 09:24:37 AM,16.55,0,0.0,46253812.5
2025-08-01 09:24:37 AM,16.55,2175,35996.25,46289808.75
2025-08-01 09:24:39 AM,16.55,150,2482.5,46292291.25
2025-08-01 09:24:40 AM,16.6,0,0.0,46292291.25
2025-08-01 09:24:41 AM,16.6,1200,19920.0,46312211.25
2025-08-01 09:24:42 AM,16.7,0,0.0,46312211.25
2025-08-01 09:24:42 AM,16.7,300,5010.0,46317221.25
2025-08-01 09:24:43 AM,16.65,150,2497.5,46319718.75
2025-08-01 09:24:44 AM,16.75,0,0.0,46319718.75
2025-08-01 09:24:44 AM,16.85,3600,60660.00000000001,46380378.75
2025-08-01 09:24:46 AM,16.85,1875,31593.750000000004,46411972.5
2025-08-01 09:24:46 AM,16.85,75,1263.75,46413236.25
2025-08-01 09:24:47 AM,16.9,0,0.0,46413236.25
2025-08-01 09:24:47 AM,16.9,1125,19012.5,46432248.75
2025-08-01 09:24:48 AM,16.9,75,1267.5,46433516.25
2025-08-01 09:24:49 AM,16.85,0,0.0,46433516.25
2025-08-01 09:24:49 AM,16.85,17850,300772.5,46734288.75
2025-08-01 09:24:50 AM,16.95,0,0.0,46734288.75
2025-08-01 09:24:51 AM,16.9,525,8872.5,46743161.25
2025-08-01 09:24:51 AM,16.95,0,0.0,46743161.25
2025-08-01 09:24:52 AM,16.9,0,0.0,46743161.25
2025-08-01 09:24:52 AM,16.95,0,0.0,46743161.25
2025-08-01 09:24:52 AM,16.95,3375,57206.25,46800367.5
2025-08-01 09:24:53 AM,17.0,0,0.0,46800367.5
2025-08-01 09:24:54 AM,17.05,2025,34526.25,46834893.75
2025-08-01 09:24:55 AM,17.0,0,0.0,46834893.75
2025-08-01 09:24:56 AM,16.95,1275,21611.25,46856505.0
2025-08-01 09:24:56 AM,16.9,75,1267.5,46857772.5
2025-08-01 09:24:56 AM,16.95,0,0.0,46857772.5
2025-08-01 09:24:57 AM,16.9,0,0.0,46857772.5
2025-08-01 09:24:57 AM,16.9,600,10140.0,46867912.5
2025-08-01 09:24:58 AM,16.85,300,5055.0,46872967.5
2025-08-01 09:24:58 AM,16.8,0,0.0,46872967.5
2025-08-01 09:24:59 AM,16.8,525,8820.0,46881787.5
2025-08-01 09:25:00 AM,16.7,0,0.0,46881787.5
2025-08-01 09:25:01 AM,16.75,3675,61556.25,46943343.75
2025-08-01 09:25:01 AM,16.65,225,3746.2499999999995,46947090.0
2025-08-01 09:25:01 AM,16.7,0,0.0,46947090.0
2025-08-01 09:25:02 AM,16.75,0,0.0,46947090.0
2025-08-01 09:25:02 AM,16.75,1725,28893.75,46975983.75
2025-08-01 09:25:03 AM,16.8,0,0.0,46975983.75
2025-08-01 09:25:04 AM,16.75,0,0.0,46975983.75
2025-08-01 09:25:04 AM,16.75,1125,18843.75,46994827.5
2025-08-01 09:25:04 AM,16.9,75,1267.5,46996095.0
2025-08-01 09:25:06 AM,17.05,6075,103578.75,47099673.75
2025-08-01 09:25:06 AM,17.05,75,1278.75,47100952.5
2025-08-01 09:25:07 AM,17.1,0,0.0,47100952.5
2025-08-01 09:25:07 AM,17.2,0,0.0,47100952.5
2025-08-01 09:25:07 AM,17.1,6075,103882.50000000001,47204835.0
2025-08-01 09:25:07 AM,17.15,75,1286.25,47206121.25
2025-08-01 09:25:09 AM,17.2,0,0.0,47206121.25
2025-08-01 09:25:09 AM,17.15,7875,135056.25,47341177.5
2025-08-01 09:25:09 AM,17.25,75,1293.75,47342471.25
2025-08-01 09:25:10 AM,17.35,0,0.0,47342471.25
2025-08-01 09:25:11 AM,17.4,15600,271440.0,47613911.25
2025-08-01 09:25:11 AM,17.45,0,0.0,47613911.25
2025-08-01 09:25:11 AM,17.45,75,1308.75,47615220.0
2025-08-01 09:25:11 AM,17.4,0,0.0,47615220.0
2025-08-01 09:25:12 AM,17.5,0,0.0,47615220.0
2025-08-01 09:25:12 AM,17.45,0,0.0,47615220.0
2025-08-01 09:25:12 AM,17.4,18900,328860.0,47944080.0
2025-08-01 09:25:13 AM,17.35,0,0.0,47944080.0
2025-08-01 09:25:14 AM,17.45,0,0.0,47944080.0
2025-08-01 09:25:14 AM,17.45,8250,143962.5,48088042.5
2025-08-01 09:25:15 AM,17.55,0,0.0,48088042.5
2025-08-01 09:25:15 AM,17.5,3225,56437.5,48144480.0
2025-08-01 09:25:16 AM,17.6,0,0.0,48144480.0
2025-08-01 09:25:17 AM,17.5,0,0.0,48144480.0
2025-08-01 09:25:17 AM,17.5,3750,65625.0,48210105.0
2025-08-01 09:25:17 AM,17.45,75,1308.75,48211413.75
2025-08-01 09:25:18 AM,17.55,0,0.0,48211413.75
2025-08-01 09:25:19 AM,17.6,3825,67320.0,48278733.75
2025-08-01 09:25:19 AM,17.55,0,0.0,48278733.75
2025-08-01 09:25:19 AM,17.55,375,6581.25,48285315.0
2025-08-01 09:25:20 AM,17.6,0,0.0,48285315.0
2025-08-01 09:25:20 AM,17.55,3000,52650.0,48337965.0
2025-08-01 09:25:21 AM,17.5,525,9187.5,48347152.5
2025-08-01 09:25:21 AM,17.6,0,0.0,48347152.5
2025-08-01 09:25:22 AM,17.65,0,0.0,48347152.5
2025-08-01 09:25:22 AM,17.6,0,0.0,48347152.5
2025-08-01 09:25:22 AM,17.6,1350,23760.000000000004,48370912.5
2025-08-01 09:25:22 AM,17.55,75,1316.25,48372228.75
2025-08-01 09:25:23 AM,17.65,0,0.0,48372228.75
2025-08-01 09:25:24 AM,17.6,1350,23760.000000000004,48395988.75
2025-08-01 09:25:25 AM,17.75,0,0.0,48395988.75
2025-08-01 09:25:25 AM,17.8,3150,56070.0,48452058.75
2025-08-01 09:25:26 AM,17.7,0,0.0,48452058.75
2025-08-01 09:25:27 AM,17.75,0,0.0,48452058.75
2025-08-01 09:25:27 AM,17.75,2775,49256.25,48501315.0
2025-08-01 09:25:27 AM,17.7,675,11947.5,48513262.5
2025-08-01 09:25:29 AM,17.7,4950,87615.0,48600877.5
2025-08-01 09:25:29 AM,17.7,75,1327.5,48602205.0
2025-08-01 09:25:29 AM,17.9,0,0.0,48602205.0
2025-08-01 09:25:30 AM,17.85,0,0.0,48602205.0
2025-08-01 09:25:30 AM,17.9,20250,362475.0,48964680.0
2025-08-01 09:25:31 AM,17.9,225,4027.4999999999995,48968707.5
2025-08-01 09:25:31 AM,17.85,0,0.0,48968707.5
2025-08-01 09:25:32 AM,17.75,0,0.0,48968707.5
2025-08-01 09:25:32 AM,17.75,2700,47925.0,49016632.5
2025-08-01 09:25:33 AM,17.8,0,0.0,49016632.5
2025-08-01 09:25:34 AM,17.65,2175,38388.75,49055021.25
2025-08-01 09:25:34 AM,17.7,0,0.0,49055021.25
2025-08-01 09:25:34 AM,17.75,1125,19968.75,49074990.0
2025-08-01 09:25:35 AM,17.8,0,0.0,49074990.0
2025-08-01 09:25:35 AM,17.65,0,0.0,49074990.0
2025-08-01 09:25:35 AM,17.7,1725,30532.5,49105522.5
2025-08-01 09:25:36 AM,17.6,0,0.0,49105522.5
2025-08-01 09:25:36 AM,17.7,0,0.0,49105522.5
2025-08-01 09:25:37 AM,17.75,0,0.0,49105522.5
2025-08-01 09:25:37 AM,17.7,0,0.0,49105522.5
2025-08-01 09:25:37 AM,17.7,1500,26550.0,49132072.5
2025-08-01 09:25:37 AM,17.7,750,13275.0,49145347.5
2025-08-01 09:25:38 AM,17.8,0,0.0,49145347.5
2025-08-01 09:25:39 AM,17.8,3975,70755.0,49216102.5
2025-08-01 09:25:40 AM,17.75,0,0.0,49216102.5
2025-08-01 09:25:40 AM,17.75,1500,26625.0,49242727.5
2025-08-01 09:25:41 AM,17.85,150,2677.5,49245405.0
2025-08-01 09:25:41 AM,17.7,0,0.0,49245405.0
2025-08-01 09:25:41 AM,17.75,0,0.0,49245405.0
2025-08-01 09:25:42 AM,17.7,0,0.0,49245405.0
2025-08-01 09:25:42 AM,17.7,1425,25222.5,49270627.5
2025-08-01 09:25:42 AM,17.65,375,6618.749999999999,49277246.25
2025-08-01 09:25:43 AM,17.75,0,0.0,49277246.25
2025-08-01 09:25:44 AM,18.2,15900,289380.0,49566626.25
2025-08-01 09:25:44 AM,18.1,0,0.0,49566626.25
2025-08-01 09:25:44 AM,18.0,1275,22950.0,49589576.25
2025-08-01 09:25:45 AM,18.1,0,0.0,49589576.25
2025-08-01 09:25:45 AM,18.2,4800,87360.0,49676936.25
2025-08-01 09:25:45 AM,18.15,1275,23141.25,49700077.5
2025-08-01 09:25:46 AM,18.2,0,0.0,49700077.5
2025-08-01 09:25:46 AM,18.25,0,0.0,49700077.5
2025-08-01 09:25:47 AM,17.9,0,0.0,49700077.5
2025-08-01 09:25:47 AM,17.95,0,0.0,49700077.5
2025-08-01 09:25:47 AM,17.95,4875,87506.25,49787583.75
2025-08-01 09:25:47 AM,17.9,825,14767.499999999998,49802351.25
2025-08-01 09:25:48 AM,17.95,0,0.0,49802351.25
2025-08-01 09:25:49 AM,17.9,4125,73837.5,49876188.75
2025-08-01 09:25:49 AM,17.95,0,0.0,49876188.75
2025-08-01 09:25:50 AM,18.0,0,0.0,49876188.75
2025-08-01 09:25:50 AM,18.2,4350,79170.0,49955358.75
2025-08-01 09:25:51 AM,18.1,0,0.0,49955358.75
2025-08-01 09:25:52 AM,18.15,0,0.0,49955358.75
2025-08-01 09:25:52 AM,18.15,1500,27224.999999999996,49982583.75
2025-08-01 09:25:52 AM,18.2,0,0.0,49982583.75
2025-08-01 09:25:52 AM,18.2,300,5460.0,49988043.75
2025-08-01 09:25:53 AM,18.15,0,0.0,49988043.75
2025-08-01 09:25:54 AM,18.2,2475,45045.0,50033088.75
2025-08-01 09:25:54 AM,18.15,0,0.0,50033088.75
2025-08-01 09:25:55 AM,18.1,0,0.0,50033088.75
2025-08-01 09:25:55 AM,18.15,0,0.0,50033088.75
2025-08-01 09:25:55 AM,18.2,1425,25935.0,50059023.75
2025-08-01 09:25:56 AM,18.15,0,0.0,50059023.75
2025-08-01 09:25:57 AM,18.45,0,0.0,50059023.75
2025-08-01 09:25:57 AM,18.45,4050,74722.5,50133746.25
2025-08-01 09:25:57 AM,18.4,0,0.0,50133746.25
2025-08-01 09:25:57 AM,18.4,1275,23460.0,50157206.25
2025-08-01 09:25:58 AM,18.6,0,0.0,50157206.25
2025-08-01 09:25:58 AM,18.45,0,0.0,50157206.25
2025-08-01 09:25:58 AM,18.6,2625,48825.00000000001,50206031.25
2025-08-01 09:25:59 AM,18.55,0,0.0,50206031.25
2025-08-01 09:26:00 AM,18.45,0,0.0,50206031.25
2025-08-01 09:26:00 AM,18.45,8175,150828.75,50356860.0
2025-08-01 09:26:01 AM,18.4,0,0.0,50356860.0
2025-08-01 09:26:01 AM,18.35,0,0.0,50356860.0
2025-08-01 09:26:02 AM,18.55,0,0.0,50356860.0
2025-08-01 09:26:02 AM,18.55,3075,57041.25,50413901.25
2025-08-01 09:26:02 AM,18.45,0,0.0,50413901.25
2025-08-01 09:26:02 AM,18.45,750,13837.5,50427738.75
2025-08-01 09:26:03 AM,18.4,0,0.0,50427738.75
2025-08-01 09:26:03 AM,18.35,0,0.0,50427738.75
2025-08-01 09:26:03 AM,18.45,2175,40128.75,50467867.5
2025-08-01 09:26:04 AM,18.45,75,1383.75,50469251.25
2025-08-01 09:26:05 AM,18.5,0,0.0,50469251.25
2025-08-01 09:26:05 AM,18.5,7875,145687.5,50614938.75
2025-08-01 09:26:05 AM,18.55,150,2782.5,50617721.25
2025-08-01 09:26:06 AM,18.6,0,0.0,50617721.25
2025-08-01 09:26:07 AM,18.65,0,0.0,50617721.25
2025-08-01 09:26:07 AM,18.6,5625,104625.00000000001,50722346.25
2025-08-01 09:26:07 AM,18.75,0,0.0,50722346.25
2025-08-01 09:26:07 AM,18.75,6900,129375.0,50851721.25
2025-08-01 09:26:08 AM,18.6,0,0.0,50851721.25
2025-08-01 09:26:08 AM,18.65,0,0.0,50851721.25
2025-08-01 09:26:08 AM,18.7,12600,235620.0,51087341.25
2025-08-01 09:26:09 AM,18.75,150,2812.5,51090153.75
2025-08-01 09:26:09 AM,18.65,0,0.0,51090153.75
2025-08-01 09:26:10 AM,18.95,0,0.0,51090153.75
2025-08-01 09:26:10 AM,18.9,0,0.0,51090153.75
2025-08-01 09:26:10 AM,18.95,27075,513071.25,51603225.0
2025-08-01 09:26:10 AM,19.0,900,17100.0,51620325.0
2025-08-01 09:26:11 AM,18.9,0,0.0,51620325.0
2025-08-01 09:26:11 AM,19.0,0,0.0,51620325.0
2025-08-01 09:26:12 AM,19.05,5925,112871.25,51733196.25
2025-08-01 09:26:12 AM,19.1,0,0.0,51733196.25
2025-08-01 09:26:13 AM,19.15,7200,137880.0,51871076.25
2025-08-01 09:26:13 AM,19.3,2250,43425.0,51914501.25
2025-08-01 09:26:14 AM,19.2,0,0.0,51914501.25
2025-08-01 09:26:14 AM,19.25,0,0.0,51914501.25
2025-08-01 09:26:15 AM,19.2,0,0.0,51914501.25
2025-08-01 09:26:15 AM,19.2,7050,135360.0,52049861.25
2025-08-01 09:26:15 AM,19.05,375,7143.75,52057005.0
2025-08-01 09:26:16 AM,18.95,0,0.0,52057005.0
2025-08-01 09:26:16 AM,19.0,0,0.0,52057005.0
2025-08-01 09:26:17 AM,18.95,3825,72483.75,52129488.75
2025-08-01 09:26:17 AM,19.05,0,0.0,52129488.75
2025-08-01 09:26:17 AM,19.05,1125,21431.25,52150920.0
2025-08-01 09:26:17 AM,19.25,0,0.0,52150920.0
2025-08-01 09:26:18 AM,19.2,0,0.0,52150920.0
2025-08-01 09:26:18 AM,19.35,10200,197370.0,52348290.0
2025-08-01 09:26:18 AM,19.35,150,2902.5,52351192.5
2025-08-01 09:26:19 AM,19.4,0,0.0,52351192.5
2025-08-01 09:26:19 AM,19.5,0,0.0,52351192.5
2025-08-01 09:26:20 AM,19.65,0,0.0,52351192.5
2025-08-01 09:26:20 AM,19.6,6825,133770.0,52484962.5
2025-08-01 09:26:20 AM,19.55,0,0.0,52484962.5
2025-08-01 09:26:20 AM,19.55,300,5865.0,52490827.5
2025-08-01 09:26:21 AM,19.6,0,0.0,52490827.5
2025-08-01 09:26:21 AM,19.65,0,0.0,52490827.5
2025-08-01 09:26:22 AM,19.65,6450,126742.49999999999,52617570.0
2025-08-01 09:26:22 AM,19.6,0,0.0,52617570.0
2025-08-01 09:26:22 AM,19.6,600,11760.0,52629330.0
2025-08-01 09:26:22 AM,19.7,0,0.0,52629330.0
2025-08-01 09:26:23 AM,19.45,0,0.0,52629330.0
2025-08-01 09:26:23 AM,19.5,0,0.0,52629330.0
2025-08-01 09:26:23 AM,19.5,7950,155025.0,52784355.0
2025-08-01 09:26:23 AM,19.75,12750,251812.5,53036167.5
2025-08-01 09:26:24 AM,19.8,0,0.0,53036167.5
2025-08-01 09:26:24 AM,19.7,0,0.0,53036167.5
2025-08-01 09:26:25 AM,19.65,0,0.0,53036167.5
2025-08-01 09:26:25 AM,19.7,6525,128542.5,53164710.0
2025-08-01 09:26:25 AM,19.7,300,5910.0,53170620.0
2025-08-01 09:26:26 AM,19.6,0,0.0,53170620.0
2025-08-01 09:26:26 AM,19.65,0,0.0,53170620.0
2025-08-01 09:26:27 AM,19.7,2475,48757.5,53219377.5
2025-08-01 09:26:27 AM,19.75,75,1481.25,53220858.75
2025-08-01 09:26:27 AM,19.7,0,0.0,53220858.75
2025-08-01 09:26:27 AM,19.75,0,0.0,53220858.75
2025-08-01 09:26:28 AM,19.6,0,0.0,53220858.75
2025-08-01 09:26:28 AM,19.3,0,0.0,53220858.75
2025-08-01 09:26:28 AM,19.2,10275,197280.0,53418138.75
2025-08-01 09:26:28 AM,19.15,825,15798.749999999998,53433937.5
2025-08-01 09:26:29 AM,19.3,0,0.0,53433937.5
2025-08-01 09:26:29 AM,19.4,0,0.0,53433937.5
2025-08-01 09:26:30 AM,19.35,5775,111746.25000000001,53545683.75
2025-08-01 09:26:30 AM,19.45,0,0.0,53545683.75
2025-08-01 09:26:30 AM,19.35,525,10158.75,53555842.5
2025-08-01 09:26:31 AM,19.3,0,0.0,53555842.5
2025-08-01 09:26:31 AM,19.25,0,0.0,53555842.5
2025-08-01 09:26:32 AM,19.25,5175,99618.75,53655461.25
2025-08-01 09:26:32 AM,19.25,75,1443.75,53656905.0
2025-08-01 09:26:32 AM,19.35,0,0.0,53656905.0
2025-08-01 09:26:32 AM,19.25,0,0.0,53656905.0
2025-08-01 09:26:33 AM,19.0,0,0.0,53656905.0
2025-08-01 09:26:33 AM,19.1,9525,181927.5,53838832.5
2025-08-01 09:26:33 AM,19.0,75,1425.0,53840257.5
2025-08-01 09:26:34 AM,18.95,0,0.0,53840257.5
2025-08-01 09:26:35 AM,19.1,6975,133222.5,53973480.0
2025-08-01 09:26:35 AM,19.0,0,0.0,53973480.0
2025-08-01 09:26:35 AM,19.0,525,9975.0,53983455.0
2025-08-01 09:26:36 AM,18.9,0,0.0,53983455.0
2025-08-01 09:26:36 AM,18.75,0,0.0,53983455.0
2025-08-01 09:26:36 AM,18.75,21075,395156.25,54378611.25
2025-08-01 09:26:37 AM,18.8,0,0.0,54378611.25
2025-08-01 09:26:38 AM,18.9,0,0.0,54378611.25
2025-08-01 09:26:38 AM,18.95,3750,71062.5,54449673.75
2025-08-01 09:26:38 AM,18.95,750,14212.5,54463886.25
2025-08-01 09:26:39 AM,19.0,0,0.0,54463886.25
2025-08-01 09:26:40 AM,18.95,3825,72483.75,54536370.0
2025-08-01 09:26:40 AM,18.9,0,0.0,54536370.0
2025-08-01 09:26:40 AM,18.9,225,4252.5,54540622.5
2025-08-01 09:26:41 AM,18.9,3975,75127.5,54615750.0
2025-08-01 09:26:41 AM,18.8,75,1410.0,54617160.0
2025-08-01 09:26:42 AM,19.05,0,0.0,54617160.0
2025-08-01 09:26:42 AM,18.95,0,0.0,54617160.0
2025-08-01 09:26:43 AM,19.05,0,0.0,54617160.0
2025-08-01 09:26:43 AM,19.05,4425,84296.25,54701456.25
2025-08-01 09:26:43 AM,19.1,0,0.0,54701456.25
2025-08-01 09:26:43 AM,19.05,1125,21431.25,54722887.5
2025-08-01 09:26:44 AM,19.2,0,0.0,54722887.5
2025-08-01 09:26:45 AM,19.25,4875,93843.75,54816731.25
2025-08-01 09:26:45 AM,19.25,75,1443.75,54818175.0
2025-08-01 09:26:46 AM,19.15,0,0.0,54818175.0
2025-08-01 09:26:46 AM,18.95,0,0.0,54818175.0
2025-08-01 09:26:46 AM,19.0,2775,52725.0,54870900.0
2025-08-01 09:26:46 AM,19.0,375,7125.0,54878025.0
2025-08-01 09:26:47 AM,18.95,0,0.0,54878025.0
2025-08-01 09:26:47 AM,19.05,0,0.0,54878025.0
2025-08-01 09:26:48 AM,19.2,0,0.0,54878025.0
2025-08-01 09:26:48 AM,19.1,1350,25785.000000000004,54903810.0
2025-08-01 09:26:49 AM,19.35,0,0.0,54903810.0
2025-08-01 09:26:50 AM,19.3,5625,108562.5,55012372.5
2025-08-01 09:26:50 AM,19.2,525,10080.0,55022452.5
2025-08-01 09:26:50 AM,19.1,0,0.0,55022452.5
2025-08-01 09:26:50 AM,19.15,0,0.0,55022452.5
2025-08-01 09:26:51 AM,19.1,0,0.0,55022452.5
2025-08-01 09:26:51 AM,19.15,0,0.0,55022452.5
2025-08-01 09:26:51 AM,19.15,4200,80430.0,55102882.5
2025-08-01 09:26:52 AM,19.1,0,0.0,55102882.5
2025-08-01 09:26:53 AM,19.25,2100,40425.0,55143307.5
2025-08-01 09:26:53 AM,19.3,0,0.0,55143307.5
2025-08-01 09:26:53 AM,19.3,525,10132.5,55153440.0
2025-08-01 09:26:54 AM,19.2,0,0.0,55153440.0
2025-08-01 09:26:55 AM,19.15,1200,22980.0,55176420.0
2025-08-01 09:26:55 AM,19.05,225,4286.25,55180706.25
2025-08-01 09:26:55 AM,19.15,0,0.0,55180706.25
2025-08-01 09:26:56 AM,19.15,2025,38778.75,55219485.0
2025-08-01 09:26:56 AM,19.25,225,4331.25,55223816.25
2025-08-01 09:26:57 AM,19.3,0,0.0,55223816.25
2025-08-01 09:26:57 AM,19.25,0,0.0,55223816.25
2025-08-01 09:26:58 AM,19.3,3150,60795.0,55284611.25
2025-08-01 09:26:59 AM,19.45,0,0.0,55284611.25
2025-08-01 09:26:59 AM,19.4,0,0.0,55284611.25
2025-08-01 09:26:59 AM,19.45,1350,26257.5,55310868.75
2025-08-01 09:27:00 AM,19.3,1425,27502.5,55338371.25
2025-08-01 09:27:00 AM,19.45,0,0.0,55338371.25
2025-08-01 09:27:01 AM,19.4,1275,24735.0,55363106.25
2025-08-01 09:27:02 AM,19.3,0,0.0,55363106.25
2025-08-01 09:27:03 AM,19.5,5850,114075.0,55477181.25
2025-08-01 09:27:03 AM,19.55,0,0.0,55477181.25
2025-08-01 09:27:04 AM,19.4,0,0.0,55477181.25
2025-08-01 09:27:04 AM,19.35,5100,98685.0,55575866.25
2025-08-01 09:27:05 AM,19.45,75,1458.75,55577325.0
2025-08-01 09:27:06 AM,19.4,0,0.0,55577325.0
2025-08-01 09:27:06 AM,19.5,1125,21937.5,55599262.5
2025-08-01 09:27:06 AM,19.4,225,4365.0,55603627.5
2025-08-01 09:27:07 AM,19.45,0,0.0,55603627.5
2025-08-01 09:27:07 AM,19.35,0,0.0,55603627.5
2025-08-01 09:27:08 AM,19.35,1875,36281.25,55639908.75
2025-08-01 09:27:08 AM,19.4,0,0.0,55639908.75
2025-08-01 09:27:09 AM,19.25,0,0.0,55639908.75
2025-08-01 09:27:09 AM,19.15,5100,97665.0,55737573.75
2025-08-01 09:27:10 AM,19.2,75,1440.0,55739013.75
2025-08-01 09:27:11 AM,19.35,0,0.0,55739013.75
2025-08-01 09:27:11 AM,19.4,3825,74205.0,55813218.75
2025-08-01 09:27:11 AM,19.45,0,0.0,55813218.75
2025-08-01 09:27:11 AM,19.45,225,4376.25,55817595.0
2025-08-01 09:27:12 AM,19.25,0,0.0,55817595.0
2025-08-01 09:27:13 AM,19.3,1425,27502.5,55845097.5
2025-08-01 09:27:13 AM,19.4,75,1455.0,55846552.5
2025-08-01 09:27:13 AM,19.3,0,0.0,55846552.5
2025-08-01 09:27:14 AM,19.35,0,0.0,55846552.5
2025-08-01 09:27:14 AM,19.25,3075,59193.75,55905746.25
2025-08-01 09:27:14 AM,19.15,3675,70376.25,55976122.5
2025-08-01 09:27:15 AM,19.2,0,0.0,55976122.5
2025-08-01 09:27:16 AM,19.25,6450,124162.5,56100285.0
2025-08-01 09:27:16 AM,19.2,900,17280.0,56117565.0
2025-08-01 09:27:18 AM,19.2,975,18720.0,56136285.0
2025-08-01 09:27:18 AM,19.3,0,0.0,56136285.0
2025-08-01 09:27:19 AM,19.4,0,0.0,56136285.0
2025-08-01 09:27:19 AM,19.45,0,0.0,56136285.0
2025-08-01 09:27:19 AM,19.35,1425,27573.750000000004,56163858.75
2025-08-01 09:27:19 AM,19.2,150,2880.0,56166738.75
2025-08-01 09:27:20 AM,19.25,0,0.0,56166738.75
2025-08-01 09:27:20 AM,19.2,0,0.0,56166738.75
2025-08-01 09:27:21 AM,19.1,2775,53002.50000000001,56219741.25
2025-08-01 09:27:21 AM,19.15,0,0.0,56219741.25
2025-08-01 09:27:21 AM,19.15,600,11490.0,56231231.25
2025-08-01 09:27:23 AM,19.25,150,2887.5,56234118.75
2025-08-01 09:27:24 AM,19.2,0,0.0,56234118.75
2025-08-01 09:27:24 AM,19.2,1125,21600.0,56255718.75
2025-08-01 09:27:24 AM,19.1,150,2865.0,56258583.75
2025-08-01 09:27:26 AM,19.25,3225,62081.25,56320665.0
2025-08-01 09:27:26 AM,19.2,0,0.0,56320665.0
2025-08-01 09:27:26 AM,19.2,375,7200.0,56327865.0
2025-08-01 09:27:27 AM,19.15,0,0.0,56327865.0
2025-08-01 09:27:27 AM,19.2,0,0.0,56327865.0
2025-08-01 09:27:28 AM,19.2,3375,64800.0,56392665.0
2025-08-01 09:27:28 AM,19.25,825,15881.25,56408546.25
2025-08-01 09:27:28 AM,19.15,0,0.0,56408546.25
2025-08-01 09:27:29 AM,19.4,0,0.0,56408546.25
2025-08-01 09:27:29 AM,19.4,6675,129494.99999999999,56538041.25
2025-08-01 09:27:31 AM,19.25,10950,210787.5,56748828.75
2025-08-01 09:27:31 AM,19.25,525,10106.25,56758935.0
2025-08-01 09:27:32 AM,19.15,0,0.0,56758935.0
2025-08-01 09:27:32 AM,19.2,0,0.0,56758935.0
2025-08-01 09:27:33 AM,19.25,1500,28875.0,56787810.0
2025-08-01 09:27:33 AM,19.25,225,4331.25,56792141.25
2025-08-01 09:27:33 AM,19.15,0,0.0,56792141.25
2025-08-01 09:27:34 AM,19.2,0,0.0,56792141.25
2025-08-01 09:27:34 AM,19.3,0,0.0,56792141.25
2025-08-01 09:27:34 AM,19.3,1725,33292.5,56825433.75
2025-08-01 09:27:34 AM,19.25,75,1443.75,56826877.5
2025-08-01 09:27:35 AM,19.3,0,0.0,56826877.5
2025-08-01 09:27:36 AM,19.3,2400,46320.0,56873197.5
2025-08-01 09:27:36 AM,19.1,0,0.0,56873197.5
2025-08-01 09:27:36 AM,19.1,600,11460.0,56884657.5
2025-08-01 09:27:37 AM,19.2,0,0.0,56884657.5
2025-08-01 09:27:37 AM,19.05,0,0.0,56884657.5
2025-08-01 09:27:38 AM,19.1,1125,21487.5,56906145.0
2025-08-01 09:27:38 AM,19.05,0,0.0,56906145.0
2025-08-01 09:27:39 AM,19.0,0,0.0,56906145.0
2025-08-01 09:27:39 AM,19.05,9450,180022.5,57086167.5
2025-08-01 09:27:40 AM,19.15,0,0.0,57086167.5
2025-08-01 09:27:41 AM,19.25,0,0.0,57086167.5
2025-08-01 09:27:41 AM,19.25,2250,43312.5,57129480.0
2025-08-01 09:27:42 AM,19.1,0,0.0,57129480.0
2025-08-01 09:27:43 AM,19.2,150,2880.0,57132360.0
2025-08-01 09:27:43 AM,19.25,1275,24543.75,57156903.75
2025-08-01 09:27:44 AM,19.3,0,0.0,57156903.75
2025-08-01 09:27:44 AM,19.3,6750,130275.0,57287178.75
2025-08-01 09:27:44 AM,19.15,75,1436.25,57288615.0
2025-08-01 09:27:45 AM,19.1,0,0.0,57288615.0
2025-08-01 09:27:45 AM,19.2,0,0.0,57288615.0
2025-08-01 09:27:46 AM,19.25,0,0.0,57288615.0
2025-08-01 09:27:46 AM,19.25,3225,62081.25,57350696.25
2025-08-01 09:27:47 AM,19.3,0,0.0,57350696.25
2025-08-01 09:27:48 AM,19.25,525,10106.25,57360802.5
2025-08-01 09:27:48 AM,19.3,0,0.0,57360802.5
2025-08-01 09:27:49 AM,19.4,0,0.0,57360802.5
2025-08-01 09:27:49 AM,19.35,1575,30476.250000000004,57391278.75
2025-08-01 09:27:49 AM,19.35,150,2902.5,57394181.25
2025-08-01 09:27:50 AM,19.4,0,0.0,57394181.25
2025-08-01 09:27:51 AM,19.25,0,0.0,57394181.25
2025-08-01 09:27:51 AM,19.25,20250,389812.5,57783993.75
2025-08-01 09:27:51 AM,19.35,0,0.0,57783993.75
2025-08-01 09:27:51 AM,19.4,2100,40740.0,57824733.75
2025-08-01 09:27:52 AM,19.45,0,0.0,57824733.75
2025-08-01 09:27:52 AM,19.5,0,0.0,57824733.75
2025-08-01 09:27:53 AM,19.6,9375,183750.0,58008483.75
2025-08-01 09:27:53 AM,19.4,1275,24735.0,58033218.75
2025-08-01 09:27:53 AM,19.45,0,0.0,58033218.75
2025-08-01 09:27:54 AM,19.6,0,0.0,58033218.75
2025-08-01 09:27:54 AM,19.6,1800,35280.0,58068498.75
2025-08-01 09:27:54 AM,19.65,225,4421.25,58072920.0
2025-08-01 09:27:55 AM,19.45,0,0.0,58072920.0
2025-08-01 09:27:56 AM,19.45,3825,74396.25,58147316.25
2025-08-01 09:27:56 AM,19.5,0,0.0,58147316.25
2025-08-01 09:27:56 AM,19.5,1200,23400.0,58170716.25
2025-08-01 09:27:57 AM,19.4,0,0.0,58170716.25
2025-08-01 09:27:58 AM,19.6,22050,432180.00000000006,58602896.25
2025-08-01 09:27:58 AM,19.65,150,2947.5,58605843.75
2025-08-01 09:27:59 AM,19.7,0,0.0,58605843.75
2025-08-01 09:27:59 AM,19.8,3225,63855.0,58669698.75
2025-08-01 09:27:59 AM,19.8,225,4455.0,58674153.75
2025-08-01 09:28:00 AM,19.5,0,0.0,58674153.75
2025-08-01 09:28:01 AM,19.45,0,0.0,58674153.75
2025-08-01 09:28:01 AM,19.45,7800,151710.0,58825863.75
2025-08-01 09:28:01 AM,19.4,0,0.0,58825863.75
2025-08-01 09:28:01 AM,19.4,15150,293910.0,59119773.75
2025-08-01 09:28:02 AM,19.5,0,0.0,59119773.75
2025-08-01 09:28:02 AM,19.55,0,0.0,59119773.75
2025-08-01 09:28:03 AM,19.7,9600,189120.0,59308893.75
2025-08-01 09:28:03 AM,19.6,450,8820.0,59317713.75
2025-08-01 09:28:03 AM,19.65,0,0.0,59317713.75
2025-08-01 09:28:04 AM,19.75,0,0.0,59317713.75
2025-08-01 09:28:04 AM,19.75,18675,368831.25,59686545.0
2025-08-01 09:28:04 AM,19.75,1350,26662.5,59713207.5
2025-08-01 09:28:05 AM,19.8,0,0.0,59713207.5
2025-08-01 09:28:06 AM,20.1,25950,521595.00000000006,60234802.5
2025-08-01 09:28:06 AM,20.25,0,0.0,60234802.5
2025-08-01 09:28:06 AM,20.15,0,0.0,60234802.5
2025-08-01 09:28:06 AM,20.15,6600,132990.0,60367792.5
2025-08-01 09:28:07 AM,20.25,0,0.0,60367792.5
2025-08-01 09:28:08 AM,20.25,2475,50118.75,60417911.25
2025-08-01 09:28:08 AM,20.25,1275,25818.75,60443730.0
2025-08-01 09:28:08 AM,20.2,0,0.0,60443730.0
2025-08-01 09:28:09 AM,20.35,0,0.0,60443730.0
2025-08-01 09:28:09 AM,20.4,0,0.0,60443730.0
2025-08-01 09:28:09 AM,20.45,34200,699390.0,61143120.0
2025-08-01 09:28:09 AM,20.45,9375,191718.75,61334838.75
2025-08-01 09:28:10 AM,20.35,0,0.0,61334838.75
2025-08-01 09:28:10 AM,20.55,0,0.0,61334838.75
2025-08-01 09:28:11 AM,20.25,0,0.0,61334838.75
2025-08-01 09:28:11 AM,20.35,11475,233516.25000000003,61568355.0
2025-08-01 09:28:11 AM,20.35,2100,42735.0,61611090.0
2025-08-01 09:28:12 AM,20.0,0,0.0,61611090.0
2025-08-01 09:28:13 AM,20.0,11475,229500.0,61840590.0
2025-08-01 09:28:13 AM,20.0,6150,123000.0,61963590.0
2025-08-01 09:28:13 AM,20.05,0,0.0,61963590.0
2025-08-01 09:28:14 AM,20.0,0,0.0,61963590.0
2025-08-01 09:28:14 AM,20.05,0,0.0,61963590.0
2025-08-01 09:28:14 AM,20.0,10050,201000.0,62164590.0
2025-08-01 09:28:14 AM,20.05,75,1503.75,62166093.75
2025-08-01 09:28:16 AM,19.95,0,0.0,62166093.75
2025-08-01 09:28:16 AM,20.1,4575,91957.5,62258051.25
2025-08-01 09:28:16 AM,20.1,1200,24120.0,62282171.25
2025-08-01 09:28:16 AM,20.05,0,0.0,62282171.25
2025-08-01 09:28:17 AM,20.05,2100,42105.0,62324276.25
2025-08-01 09:28:18 AM,19.8,600,11880.0,62336156.25
2025-08-01 09:28:18 AM,19.85,0,0.0,62336156.25
2025-08-01 09:28:19 AM,19.95,0,0.0,62336156.25
2025-08-01 09:28:19 AM,19.9,2100,41790.0,62377946.25
2025-08-01 09:28:20 AM,19.95,0,0.0,62377946.25
2025-08-01 09:28:20 AM,19.8,0,0.0,62377946.25
2025-08-01 09:28:21 AM,19.8,4650,92070.0,62470016.25
2025-08-01 09:28:21 AM,19.95,2175,43391.25,62513407.5
2025-08-01 09:28:22 AM,19.8,0,0.0,62513407.5
2025-08-01 09:28:22 AM,19.85,0,0.0,62513407.5
2025-08-01 09:28:23 AM,19.9,4500,89550.0,62602957.5
2025-08-01 09:28:23 AM,19.95,0,0.0,62602957.5
2025-08-01 09:28:24 AM,19.9,0,0.0,62602957.5
2025-08-01 09:28:24 AM,19.9,3600,71640.0,62674597.5
2025-08-01 09:28:24 AM,19.9,75,1492.5,62676090.0
2025-08-01 09:28:25 AM,20.0,0,0.0,62676090.0
2025-08-01 09:28:26 AM,19.85,0,0.0,62676090.0
2025-08-01 09:28:26 AM,19.85,3750,74437.5,62750527.5
2025-08-01 09:28:26 AM,19.85,225,4466.25,62754993.75
2025-08-01 09:28:27 AM,19.75,0,0.0,62754993.75
2025-08-01 09:28:28 AM,19.85,6300,125055.00000000001,62880048.75
2025-08-01 09:28:28 AM,19.75,0,0.0,62880048.75
2025-08-01 09:28:29 AM,19.85,0,0.0,62880048.75
2025-08-01 09:28:29 AM,19.95,0,0.0,62880048.75
2025-08-01 09:28:29 AM,19.9,5700,113429.99999999999,62993478.75
2025-08-01 09:28:30 AM,19.85,0,0.0,62993478.75
2025-08-01 09:28:30 AM,19.95,0,0.0,62993478.75
2025-08-01 09:28:31 AM,19.95,2100,41895.0,63035373.75
2025-08-01 09:28:31 AM,19.9,75,1492.5,63036866.25
2025-08-01 09:28:33 AM,19.75,2550,50362.5,63087228.75
2025-08-01 09:28:33 AM,19.65,675,13263.749999999998,63100492.5
2025-08-01 09:28:33 AM,19.7,0,0.0,63100492.5
2025-08-01 09:28:34 AM,19.45,0,0.0,63100492.5
2025-08-01 09:28:34 AM,19.4,7125,138225.0,63238717.5
2025-08-01 09:28:34 AM,19.45,750,14587.5,63253305.0
2025-08-01 09:28:35 AM,19.4,0,0.0,63253305.0
2025-08-01 09:28:35 AM,19.45,0,0.0,63253305.0
2025-08-01 09:28:36 AM,19.45,12375,240693.75,63493998.75
2025-08-01 09:28:36 AM,19.55,300,5865.0,63499863.75
2025-08-01 09:28:37 AM,19.35,0,0.0,63499863.75
2025-08-01 09:28:37 AM,19.4,0,0.0,63499863.75
2025-08-01 09:28:38 AM,19.45,6525,126911.25,63626775.0
2025-08-01 09:28:38 AM,19.5,0,0.0,63626775.0
2025-08-01 09:28:38 AM,19.45,0,0.0,63626775.0
2025-08-01 09:28:39 AM,19.5,4575,89212.5,63715987.5
2025-08-01 09:28:39 AM,19.6,300,5880.0,63721867.5
2025-08-01 09:28:40 AM,19.55,0,0.0,63721867.5
2025-08-01 09:28:40 AM,19.5,0,0.0,63721867.5
2025-08-01 09:28:41 AM,19.45,0,0.0,63721867.5
2025-08-01 09:28:41 AM,19.45,6150,119617.5,63841485.0
2025-08-01 09:28:41 AM,19.4,225,4365.0,63845850.0
2025-08-01 09:28:41 AM,19.45,0,0.0,63845850.0
2025-08-01 09:28:42 AM,19.5,0,0.0,63845850.0
2025-08-01 09:28:42 AM,19.55,0,0.0,63845850.0
2025-08-01 09:28:43 AM,19.6,3075,60270.00000000001,63906120.0
2025-08-01 09:28:43 AM,19.6,2550,49980.0,63956100.0
2025-08-01 09:28:43 AM,19.65,0,0.0,63956100.0
2025-08-01 09:28:44 AM,19.55,0,0.0,63956100.0
2025-08-01 09:28:44 AM,19.55,150,2932.5,63959032.5
2025-08-01 09:28:45 AM,19.65,0,0.0,63959032.5
2025-08-01 09:28:46 AM,19.75,0,0.0,63959032.5
2025-08-01 09:28:46 AM,19.75,2775,54806.25,64013838.75
2025-08-01 09:28:46 AM,19.7,225,4432.5,64018271.25
2025-08-01 09:28:47 AM,19.75,0,0.0,64018271.25
2025-08-01 09:28:48 AM,19.75,28875,570281.25,64588552.5
2025-08-01 09:28:48 AM,19.55,975,19061.25,64607613.75
2025-08-01 09:28:48 AM,19.5,0,0.0,64607613.75
2025-08-01 09:28:48 AM,19.4,0,0.0,64607613.75
2025-08-01 09:28:49 AM,19.45,0,0.0,64607613.75
2025-08-01 09:28:49 AM,19.65,0,0.0,64607613.75
2025-08-01 09:28:49 AM,19.65,2475,48633.75,64656247.5
2025-08-01 09:28:50 AM,19.6,0,0.0,64656247.5
2025-08-01 09:28:50 AM,19.55,0,0.0,64656247.5
2025-08-01 09:28:51 AM,19.55,1200,23460.0,64679707.5
2025-08-01 09:28:51 AM,19.7,2250,44325.0,64724032.5
2025-08-01 09:28:53 AM,19.6,1575,30870.000000000004,64754902.5
2025-08-01 09:28:53 AM,19.6,75,1470.0,64756372.5
2025-08-01 09:28:53 AM,19.65,0,0.0,64756372.5
2025-08-01 09:28:54 AM,19.7,0,0.0,64756372.5
2025-08-01 09:28:54 AM,19.7,525,10342.5,64766715.0
2025-08-01 09:28:54 AM,19.65,375,7368.749999999999,64774083.75
2025-08-01 09:28:55 AM,19.55,0,0.0,64774083.75
2025-08-01 09:28:56 AM,19.55,2775,54251.25,64828335.0
2025-08-01 09:28:56 AM,19.65,0,0.0,64828335.0
2025-08-01 09:28:56 AM,19.7,525,10342.5,64838677.5
2025-08-01 09:28:57 AM,19.5,0,0.0,64838677.5
2025-08-01 09:28:57 AM,19.6,6750,132300.0,64970977.5
2025-08-01 09:28:58 AM,19.65,0,0.0,64970977.5
2025-08-01 09:28:59 AM,19.7,3825,75352.5,65046330.0
2025-08-01 09:28:59 AM,19.65,0,0.0,65046330.0
2025-08-01 09:28:59 AM,19.65,150,2947.5,65049277.5
2025-08-01 09:29:00 AM,19.55,0,0.0,65049277.5
2025-08-01 09:29:00 AM,19.5,0,0.0,65049277.5
2025-08-01 09:29:01 AM,19.4,3975,77115.0,65126392.5
2025-08-01 09:29:01 AM,19.5,0,0.0,65126392.5
2025-08-01 09:29:01 AM,19.5,1800,35100.0,65161492.5
2025-08-01 09:29:01 AM,19.4,0,0.0,65161492.5
2025-08-01 09:29:02 AM,19.45,0,0.0,65161492.5
2025-08-01 09:29:02 AM,19.4,0,0.0,65161492.5
2025-08-01 09:29:02 AM,19.45,1875,36468.75,65197961.25
2025-08-01 09:29:03 AM,19.4,75,1455.0,65199416.25
2025-08-01 09:29:03 AM,19.35,0,0.0,65199416.25
2025-08-01 09:29:04 AM,19.3,0,0.0,65199416.25
2025-08-01 09:29:04 AM,19.3,1050,20265.0,65219681.25
2025-08-01 09:29:04 AM,19.35,1575,30476.250000000004,65250157.5
2025-08-01 09:29:05 AM,19.25,0,0.0,65250157.5
2025-08-01 09:29:05 AM,19.35,0,0.0,65250157.5
2025-08-01 09:29:06 AM,19.35,6900,133515.0,65383672.5
2025-08-01 09:29:06 AM,19.3,0,0.0,65383672.5
2025-08-01 09:29:06 AM,19.3,150,2895.0,65386567.5
2025-08-01 09:29:06 AM,19.4,0,0.0,65386567.5
2025-08-01 09:29:07 AM,19.45,0,0.0,65386567.5
2025-08-01 09:29:07 AM,19.4,1575,30554.999999999996,65417122.5
2025-08-01 09:29:08 AM,19.45,1125,21881.25,65439003.75
2025-08-01 09:29:08 AM,19.35,0,0.0,65439003.75
2025-08-01 09:29:09 AM,19.35,1125,21768.75,65460772.5
2025-08-01 09:29:09 AM,19.25,675,12993.75,65473766.25
2025-08-01 09:29:10 AM,19.3,0,0.0,65473766.25
2025-08-01 09:29:11 AM,19.4,3675,71295.0,65545061.25
2025-08-01 09:29:11 AM,19.45,0,0.0,65545061.25
2025-08-01 09:29:12 AM,19.1,0,0.0,65545061.25
2025-08-01 09:29:12 AM,19.05,0,0.0,65545061.25
2025-08-01 09:29:12 AM,19.05,28725,547211.25,66092272.5
2025-08-01 09:29:12 AM,19.0,3300,62700.0,66154972.5
2025-08-01 09:29:13 AM,18.95,0,0.0,66154972.5
2025-08-01 09:29:13 AM,18.9,0,0.0,66154972.5
2025-08-01 09:29:14 AM,19.0,1425,27075.0,66182047.5
2025-08-01 09:29:14 AM,18.85,0,0.0,66182047.5
2025-08-01 09:29:14 AM,18.85,825,15551.250000000002,66197598.75
2025-08-01 09:29:15 AM,18.9,0,0.0,66197598.75
2025-08-01 09:29:16 AM,18.9,7425,140332.5,66337931.25
2025-08-01 09:29:16 AM,18.95,225,4263.75,66342195.0
2025-08-01 09:29:16 AM,18.9,0,0.0,66342195.0
2025-08-01 09:29:17 AM,18.9,3975,75127.5,66417322.5
2025-08-01 09:29:17 AM,18.9,150,2835.0,66420157.5
2025-08-01 09:29:18 AM,18.95,0,0.0,66420157.5
2025-08-01 09:29:18 AM,19.2,0,0.0,66420157.5
2025-08-01 09:29:19 AM,19.2,4800,92160.0,66512317.5
2025-08-01 09:29:20 AM,19.3,0,0.0,66512317.5
2025-08-01 09:29:20 AM,19.3,2925,56452.5,66568770.0
2025-08-01 09:29:22 AM,19.2,0,0.0,66568770.0
2025-08-01 09:29:22 AM,19.2,2625,50400.0,66619170.0
2025-08-01 09:29:22 AM,19.2,150,2880.0,66622050.0
2025-08-01 09:29:24 AM,19.2,150,2880.0,66624930.0
2025-08-01 09:29:24 AM,19.1,0,0.0,66624930.0
2025-08-01 09:29:25 AM,19.2,0,0.0,66624930.0
2025-08-01 09:29:25 AM,19.2,225,4320.0,66629250.0
2025-08-01 09:29:26 AM,19.2,75,1440.0,66630690.0
2025-08-01 09:29:26 AM,19.15,0,0.0,66630690.0
2025-08-01 09:29:26 AM,19.2,0,0.0,66630690.0
2025-08-01 09:29:27 AM,19.3,0,0.0,66630690.0
2025-08-01 09:29:27 AM,19.3,2100,40530.0,66671220.0
2025-08-01 09:29:27 AM,19.2,0,0.0,66671220.0
2025-08-01 09:29:27 AM,19.2,300,5760.0,66676980.0
2025-08-01 09:29:28 AM,19.15,0,0.0,66676980.0
2025-08-01 09:29:28 AM,19.25,0,0.0,66676980.0
2025-08-01 09:29:29 AM,19.25,1200,23100.0,66700080.0
2025-08-01 09:29:29 AM,19.2,0,0.0,66700080.0
2025-08-01 09:29:29 AM,19.2,225,4320.0,66704400.0
2025-08-01 09:29:30 AM,19.3,0,0.0,66704400.0
2025-08-01 09:29:30 AM,19.35,0,0.0,66704400.0
2025-08-01 09:29:30 AM,19.35,1050,20317.5,66724717.5
2025-08-01 09:29:31 AM,19.3,750,14475.0,66739192.5
2025-08-01 09:29:31 AM,19.25,0,0.0,66739192.5
2025-08-01 09:29:32 AM,19.25,975,18768.75,66757961.25
2025-08-01 09:29:33 AM,19.2,0,0.0,66757961.25
2025-08-01 09:29:34 AM,19.25,375,7218.75,66765180.0
2025-08-01 09:29:35 AM,19.2,0,0.0,66765180.0
2025-08-01 09:29:35 AM,19.2,1275,24480.0,66789660.0
2025-08-01 09:29:36 AM,19.35,375,7256.250000000001,66796916.25
2025-08-01 09:29:36 AM,19.4,0,0.0,66796916.25
2025-08-01 09:29:37 AM,19.3,300,5790.0,66802706.25
2025-08-01 09:29:37 AM,19.35,0,0.0,66802706.25
2025-08-01 09:29:37 AM,19.35,225,4353.75,66807060.0
2025-08-01 09:29:39 AM,19.35,2475,47891.25,66854951.25
2025-08-01 09:29:39 AM,19.25,375,7218.75,66862170.0
2025-08-01 09:29:39 AM,19.2,0,0.0,66862170.0
2025-08-01 09:29:40 AM,19.15,0,0.0,66862170.0
2025-08-01 09:29:40 AM,19.15,2325,44523.75,66906693.75
2025-08-01 09:29:40 AM,19.1,225,4297.5,66910991.25
2025-08-01 09:29:41 AM,19.2,0,0.0,66910991.25
2025-08-01 09:29:42 AM,19.1,900,17190.0,66928181.25
2025-08-01 09:29:42 AM,19.15,0,0.0,66928181.25
2025-08-01 09:29:42 AM,19.05,0,0.0,66928181.25
2025-08-01 09:29:42 AM,19.05,2250,42862.5,66971043.75
2025-08-01 09:29:43 AM,19.1,0,0.0,66971043.75
2025-08-01 09:29:43 AM,19.1,1275,24352.5,66995396.25
2025-08-01 09:29:44 AM,19.2,75,1440.0,66996836.25
2025-08-01 09:29:44 AM,19.15,0,0.0,66996836.25
2025-08-01 09:29:45 AM,19.25,0,0.0,66996836.25
2025-08-01 09:29:45 AM,19.3,0,0.0,66996836.25
2025-08-01 09:29:45 AM,19.3,5850,112905.0,67109741.25
2025-08-01 09:29:46 AM,19.5,0,0.0,67109741.25
2025-08-01 09:29:46 AM,19.35,0,0.0,67109741.25
2025-08-01 09:29:47 AM,19.2,1875,36000.0,67145741.25
2025-08-01 09:29:47 AM,19.3,150,2895.0,67148636.25
2025-08-01 09:29:47 AM,19.25,0,0.0,67148636.25
2025-08-01 09:29:48 AM,19.35,0,0.0,67148636.25
2025-08-01 09:29:48 AM,19.35,3150,60952.50000000001,67209588.75
2025-08-01 09:29:49 AM,19.2,0,0.0,67209588.75
2025-08-01 09:29:49 AM,19.25,0,0.0,67209588.75
2025-08-01 09:29:50 AM,19.1,0,0.0,67209588.75
2025-08-01 09:29:50 AM,19.1,675,12892.500000000002,67222481.25
2025-08-01 09:29:51 AM,19.05,0,0.0,67222481.25
2025-08-01 09:29:52 AM,19.1,225,4297.5,67226778.75
2025-08-01 09:29:52 AM,19.05,0,0.0,67226778.75
2025-08-01 09:29:52 AM,19.05,525,10001.25,67236780.0
