date,price,qty,trnvr,cum_trnvr
2025-08-01 09:15:06 AM,493.9,75,37042.5,37042.5
2025-08-01 09:15:34 AM,499.25,75,37443.75,74486.25
2025-08-01 09:15:44 AM,497.5,0,0.0,74486.25
2025-08-01 09:15:44 AM,497.5,75,37312.5,111798.75
2025-08-01 09:16:09 AM,495.6,0,0.0,111798.75
2025-08-01 09:16:10 AM,495.6,150,74340.0,186138.75
2025-08-01 09:16:17 AM,500.8,0,0.0,186138.75
2025-08-01 09:16:18 AM,500.8,1500,751200.0,937338.75
2025-08-01 09:16:34 AM,499.7,0,0.0,937338.75
2025-08-01 09:16:34 AM,499.7,75,37477.5,974816.25
2025-08-01 09:18:23 AM,494.8,0,0.0,974816.25
2025-08-01 09:18:24 AM,494.8,75,37110.0,1011926.25
2025-08-01 09:19:37 AM,502.15,0,0.0,1011926.25
2025-08-01 09:19:38 AM,502.15,75,37661.25,1049587.5
2025-08-01 09:19:46 AM,505.0,0,0.0,1049587.5
2025-08-01 09:19:46 AM,505.0,150,75750.0,1125337.5
2025-08-01 09:19:49 AM,503.7,0,0.0,1125337.5
2025-08-01 09:19:49 AM,503.7,75,37777.5,1163115.0
2025-08-01 09:20:43 AM,510.0,75,38250.0,1201365.0
2025-08-01 09:21:52 AM,508.15,0,0.0,1201365.0
2025-08-01 09:21:52 AM,508.15,75,38111.25,1239476.25
2025-08-01 09:22:00 AM,508.15,75,38111.25,1277587.5
2025-08-01 09:24:53 AM,494.4,0,0.0,1277587.5
2025-08-01 09:24:54 AM,494.4,150,74160.0,1351747.5
2025-08-01 09:25:05 AM,490.0,75,36750.0,1388497.5
2025-08-01 09:25:21 AM,484.05,0,0.0,1388497.5
2025-08-01 09:25:22 AM,484.05,75,36303.75,1424801.25
2025-08-01 09:26:07 AM,472.2,0,0.0,1424801.25
2025-08-01 09:26:07 AM,473.15,0,0.0,1424801.25
2025-08-01 09:26:08 AM,473.15,2325,1100073.75,2524875.0
2025-08-01 09:26:09 AM,473.8,0,0.0,2524875.0
2025-08-01 09:26:09 AM,473.8,150,71070.0,2595945.0
2025-08-01 09:26:10 AM,475.25,450,213862.5,2809807.5
2025-08-01 09:26:10 AM,474.8,450,213660.0,3023467.5
2025-08-01 09:26:11 AM,473.0,75,35475.0,3058942.5
2025-08-01 09:26:12 AM,471.8,0,0.0,3058942.5
2025-08-01 09:26:13 AM,471.9,675,318532.5,3377475.0
2025-08-01 09:26:52 AM,478.55,0,0.0,3377475.0
2025-08-01 09:26:53 AM,478.55,75,35891.25,3413366.25
2025-08-01 09:27:24 AM,477.5,0,0.0,3413366.25
2025-08-01 09:27:24 AM,477.5,75,35812.5,3449178.75
2025-08-01 09:27:28 AM,475.1,0,0.0,3449178.75
2025-08-01 09:27:28 AM,475.1,75,35632.5,3484811.25
2025-08-01 09:28:32 AM,469.0,0,0.0,3484811.25
2025-08-01 09:28:32 AM,469.0,75,35175.0,3519986.25
2025-08-01 09:28:48 AM,475.0,0,0.0,3519986.25
2025-08-01 09:28:49 AM,475.0,75,35625.0,3555611.25
2025-08-01 09:28:56 AM,470.0,0,0.0,3555611.25
2025-08-01 09:28:56 AM,470.0,75,35250.0,3590861.25
2025-08-01 09:28:59 AM,468.65,0,0.0,3590861.25
2025-08-01 09:28:59 AM,468.65,75,35148.75,3626010.0
2025-08-01 09:29:05 AM,470.0,0,0.0,3626010.0
2025-08-01 09:29:05 AM,470.0,150,70500.0,3696510.0
2025-08-01 09:29:12 AM,469.75,0,0.0,3696510.0
2025-08-01 09:29:12 AM,469.75,450,211387.5,3907897.5
2025-08-01 09:30:08 AM,466.9,0,0.0,3907897.5
2025-08-01 09:30:09 AM,466.9,75,35017.5,3942915.0
2025-08-01 09:30:29 AM,466.9,75,35017.5,3977932.5
2025-08-01 09:31:06 AM,467.5,0,0.0,3977932.5
2025-08-01 09:31:07 AM,467.5,75,35062.5,4012995.0
2025-08-01 09:31:13 AM,466.9,0,0.0,4012995.0
2025-08-01 09:31:14 AM,466.9,75,35017.5,4048012.5
2025-08-01 09:31:18 AM,471.0,0,0.0,4048012.5
2025-08-01 09:31:18 AM,471.0,75,35325.0,4083337.5
2025-08-01 09:31:40 AM,475.0,0,0.0,4083337.5
2025-08-01 09:31:41 AM,475.0,75,35625.0,4118962.5
2025-08-01 09:32:21 AM,482.3,0,0.0,4118962.5
2025-08-01 09:32:22 AM,482.3,75,36172.5,4155135.0
2025-08-01 09:32:26 AM,485.0,0,0.0,4155135.0
2025-08-01 09:32:26 AM,485.0,75,36375.0,4191510.0
2025-08-01 09:32:36 AM,485.0,75,36375.0,4227885.0
2025-08-01 09:32:46 AM,484.75,0,0.0,4227885.0
2025-08-01 09:32:47 AM,484.75,150,72712.5,4300597.5
2025-08-01 09:33:21 AM,490.0,0,0.0,4300597.5
2025-08-01 09:33:21 AM,490.0,75,36750.0,4337347.5
2025-08-01 09:33:36 AM,509.25,0,0.0,4337347.5
2025-08-01 09:33:37 AM,509.25,525,267356.25,4604703.75
2025-08-01 09:34:04 AM,521.45,0,0.0,4604703.75
2025-08-01 09:34:05 AM,521.45,75,39108.75,4643812.5
2025-08-01 09:34:06 AM,524.3,0,0.0,4643812.5
2025-08-01 09:34:06 AM,524.6,0,0.0,4643812.5
2025-08-01 09:34:07 AM,524.6,1275,668865.0,5312677.5
2025-08-01 09:34:07 AM,524.6,600,314760.0,5627437.5
2025-08-01 09:34:08 AM,525.3,150,78795.0,5706232.5
2025-08-01 09:34:13 AM,525.3,1200,630360.0,6336592.5
2025-08-01 09:34:40 AM,512.65,0,0.0,6336592.5
2025-08-01 09:34:40 AM,512.65,75,38448.75,6375041.25
2025-08-01 09:35:25 AM,510.0,0,0.0,6375041.25
2025-08-01 09:35:25 AM,510.0,75,38250.0,6413291.25
2025-08-01 09:35:53 AM,503.25,0,0.0,6413291.25
2025-08-01 09:35:53 AM,503.25,75,37743.75,6451035.0
2025-08-01 09:36:41 AM,514.25,0,0.0,6451035.0
2025-08-01 09:36:42 AM,514.25,75,38568.75,6489603.75
2025-08-01 09:36:46 AM,515.7,0,0.0,6489603.75
2025-08-01 09:36:47 AM,515.7,150,77355.0,6566958.75
2025-08-01 09:36:47 AM,515.7,225,116032.50000000001,6682991.25
2025-08-01 09:36:59 AM,512.9,0,0.0,6682991.25
2025-08-01 09:37:00 AM,512.9,75,38467.5,6721458.75
2025-08-01 09:37:04 AM,507.2,0,0.0,6721458.75
2025-08-01 09:37:05 AM,507.2,75,38040.0,6759498.75
2025-08-01 09:37:14 AM,494.1,0,0.0,6759498.75
2025-08-01 09:37:14 AM,494.1,150,74115.0,6833613.75
2025-08-01 09:37:16 AM,494.35,0,0.0,6833613.75
2025-08-01 09:37:16 AM,494.35,75,37076.25,6870690.0
2025-08-01 09:37:21 AM,490.3,0,0.0,6870690.0
2025-08-01 09:37:21 AM,490.3,225,110317.5,6981007.5
2025-08-01 09:38:09 AM,496.5,0,0.0,6981007.5
2025-08-01 09:38:09 AM,496.5,150,74475.0,7055482.5
2025-08-01 09:39:06 AM,499.15,0,0.0,7055482.5
2025-08-01 09:39:07 AM,499.15,150,74872.5,7130355.0
2025-08-01 09:39:09 AM,496.5,0,0.0,7130355.0
2025-08-01 09:39:10 AM,496.5,75,37237.5,7167592.5
2025-08-01 09:39:20 AM,493.7,0,0.0,7167592.5
2025-08-01 09:39:20 AM,493.7,75,37027.5,7204620.0
2025-08-01 09:39:27 AM,491.3,0,0.0,7204620.0
2025-08-01 09:39:27 AM,491.3,150,73695.0,7278315.0
2025-08-01 09:39:42 AM,491.3,75,36847.5,7315162.5
2025-08-01 09:41:40 AM,510.35,0,0.0,7315162.5
2025-08-01 09:41:40 AM,510.35,300,153105.0,7468267.5
2025-08-01 09:43:50 AM,511.55,0,0.0,7468267.5
2025-08-01 09:43:50 AM,511.55,300,153465.0,7621732.5
2025-08-01 09:43:53 AM,509.95,0,0.0,7621732.5
2025-08-01 09:43:53 AM,509.95,75,38246.25,7659978.75
2025-08-01 09:43:57 AM,511.65,0,0.0,7659978.75
2025-08-01 09:43:57 AM,511.65,525,268616.25,7928595.0
2025-08-01 09:44:28 AM,501.4,0,0.0,7928595.0
2025-08-01 09:44:29 AM,501.4,75,37605.0,7966200.0
2025-08-01 09:47:36 AM,487.4,0,0.0,7966200.0
2025-08-01 09:47:37 AM,487.4,75,36555.0,8002755.0
2025-08-01 09:49:45 AM,506.9,0,0.0,8002755.0
2025-08-01 09:49:45 AM,506.9,75,38017.5,8040772.5
2025-08-01 09:49:53 AM,499.55,0,0.0,8040772.5
2025-08-01 09:49:53 AM,499.55,75,37466.25,8078238.75
2025-08-01 09:51:19 AM,510.2,0,0.0,8078238.75
2025-08-01 09:51:20 AM,510.2,75,38265.0,8116503.75
2025-08-01 09:53:36 AM,497.3,0,0.0,8116503.75
2025-08-01 09:53:36 AM,497.3,225,111892.5,8228396.25
2025-08-01 09:54:11 AM,490.0,0,0.0,8228396.25
2025-08-01 09:54:11 AM,490.0,75,36750.0,8265146.25
2025-08-01 09:54:56 AM,489.0,0,0.0,8265146.25
2025-08-01 09:54:57 AM,489.0,75,36675.0,8301821.25
2025-08-01 09:55:33 AM,486.0,0,0.0,8301821.25
2025-08-01 09:55:34 AM,486.0,75,36450.0,8338271.25
2025-08-01 09:56:34 AM,494.9,0,0.0,8338271.25
2025-08-01 09:56:34 AM,494.9,225,111352.5,8449623.75
2025-08-01 09:56:42 AM,486.0,0,0.0,8449623.75
2025-08-01 09:56:42 AM,486.0,75,36450.0,8486073.75
2025-08-01 09:57:00 AM,483.15,0,0.0,8486073.75
2025-08-01 09:57:01 AM,483.15,75,36236.25,8522310.0
2025-08-01 09:57:07 AM,483.3,0,0.0,8522310.0
2025-08-01 09:57:08 AM,483.3,300,144990.0,8667300.0
2025-08-01 09:57:10 AM,483.15,0,0.0,8667300.0
2025-08-01 09:57:11 AM,483.15,150,72472.5,8739772.5
2025-08-01 09:57:31 AM,480.0,675,324000.0,9063772.5
2025-08-01 09:57:55 AM,482.95,0,0.0,9063772.5
2025-08-01 09:57:56 AM,482.95,75,36221.25,9099993.75
2025-08-01 10:01:00 AM,484.05,0,0.0,9099993.75
2025-08-01 10:01:00 AM,484.05,75,36303.75,9136297.5
2025-08-01 10:01:57 AM,491.0,0,0.0,9136297.5
2025-08-01 10:01:57 AM,491.0,75,36825.0,9173122.5
2025-08-01 10:03:12 AM,495.0,0,0.0,9173122.5
2025-08-01 10:03:12 AM,495.0,150,74250.0,9247372.5
2025-08-01 10:03:13 AM,497.0,0,0.0,9247372.5
2025-08-01 10:03:14 AM,497.0,75,37275.0,9284647.5
2025-08-01 10:03:29 AM,505.0,225,113625.0,9398272.5
2025-08-01 10:04:07 AM,509.0,0,0.0,9398272.5
2025-08-01 10:04:09 AM,509.0,300,152700.0,9550972.5
2025-08-01 10:04:56 AM,510.35,0,0.0,9550972.5
2025-08-01 10:04:57 AM,510.35,150,76552.5,9627525.0
2025-08-01 10:05:14 AM,505.0,0,0.0,9627525.0
2025-08-01 10:05:15 AM,503.1,0,0.0,9627525.0
2025-08-01 10:05:15 AM,503.1,450,226395.0,9853920.0
2025-08-01 10:07:46 AM,505.0,0,0.0,9853920.0
2025-08-01 10:07:46 AM,505.0,75,37875.0,9891795.0
2025-08-01 10:09:54 AM,511.0,0,0.0,9891795.0
2025-08-01 10:09:55 AM,511.0,375,191625.0,10083420.0
2025-08-01 10:13:00 AM,528.8,0,0.0,10083420.0
2025-08-01 10:13:01 AM,528.8,150,79320.0,10162740.0
2025-08-01 10:13:08 AM,522.9,0,0.0,10162740.0
2025-08-01 10:13:09 AM,522.9,675,352957.5,10515697.5
2025-08-01 10:13:24 AM,526.5,0,0.0,10515697.5
2025-08-01 10:13:26 AM,526.5,525,276412.5,10792110.0
2025-08-01 10:14:05 AM,527.85,0,0.0,10792110.0
2025-08-01 10:14:06 AM,527.85,75,39588.75,10831698.75
2025-08-01 10:14:29 AM,527.0,0,0.0,10831698.75
2025-08-01 10:14:30 AM,527.0,225,118575.0,10950273.75
2025-08-01 10:15:01 AM,528.05,0,0.0,10950273.75
2025-08-01 10:15:02 AM,528.05,75,39603.75,10989877.5
2025-08-01 10:15:13 AM,528.6,0,0.0,10989877.5
2025-08-01 10:15:13 AM,528.6,75,39645.0,11029522.5
2025-08-01 10:15:35 AM,527.1,0,0.0,11029522.5
2025-08-01 10:15:35 AM,527.1,75,39532.5,11069055.0
2025-08-01 10:15:53 AM,528.7,0,0.0,11069055.0
2025-08-01 10:15:53 AM,528.7,75,39652.5,11108707.5
2025-08-01 10:16:14 AM,528.0,0,0.0,11108707.5
2025-08-01 10:16:14 AM,528.2,0,0.0,11108707.5
2025-08-01 10:16:15 AM,528.2,150,79230.0,11187937.5
2025-08-01 10:16:17 AM,529.65,0,0.0,11187937.5
2025-08-01 10:16:18 AM,529.65,75,39723.75,11227661.25
2025-08-01 10:18:48 AM,521.95,0,0.0,11227661.25
2025-08-01 10:18:48 AM,521.95,150,78292.5,11305953.75
2025-08-01 10:19:35 AM,530.5,0,0.0,11305953.75
2025-08-01 10:19:35 AM,530.5,75,39787.5,11345741.25
2025-08-01 10:19:42 AM,529.7,0,0.0,11345741.25
2025-08-01 10:19:43 AM,529.7,150,79455.0,11425196.25
2025-08-01 10:19:44 AM,531.35,0,0.0,11425196.25
2025-08-01 10:19:44 AM,531.35,150,79702.5,11504898.75
2025-08-01 10:20:31 AM,538.0,0,0.0,11504898.75
2025-08-01 10:20:32 AM,538.0,75,40350.0,11545248.75
2025-08-01 10:20:35 AM,548.2,0,0.0,11545248.75
2025-08-01 10:20:36 AM,548.2,150,82230.0,11627478.75
2025-08-01 10:20:45 AM,548.15,0,0.0,11627478.75
2025-08-01 10:20:46 AM,548.15,600,328890.0,11956368.75
2025-08-01 10:20:46 AM,544.8,0,0.0,11956368.75
2025-08-01 10:20:47 AM,544.8,75,40860.0,11997228.75
2025-08-01 10:21:11 AM,554.9,0,0.0,11997228.75
2025-08-01 10:21:11 AM,550.75,0,0.0,11997228.75
2025-08-01 10:21:12 AM,550.75,150,82612.5,12079841.25
2025-08-01 10:21:13 AM,550.2,0,0.0,12079841.25
2025-08-01 10:21:14 AM,550.2,75,41265.0,12121106.25
2025-08-01 10:21:31 AM,550.2,75,41265.0,12162371.25
2025-08-01 10:22:28 AM,550.0,0,0.0,12162371.25
2025-08-01 10:22:29 AM,550.0,525,288750.0,12451121.25
2025-08-01 10:23:10 AM,536.4,0,0.0,12451121.25
2025-08-01 10:23:11 AM,536.4,75,40230.0,12491351.25
2025-08-01 10:23:16 AM,531.75,0,0.0,12491351.25
2025-08-01 10:23:18 AM,531.75,75,39881.25,12531232.5
2025-08-01 10:23:43 AM,538.45,0,0.0,12531232.5
2025-08-01 10:23:44 AM,538.45,75,40383.75,12571616.25
2025-08-01 10:24:44 AM,536.3,0,0.0,12571616.25
2025-08-01 10:24:45 AM,536.3,75,40222.5,12611838.75
2025-08-01 10:27:30 AM,543.8,0,0.0,12611838.75
2025-08-01 10:27:30 AM,543.8,75,40785.0,12652623.75
2025-08-01 10:29:30 AM,537.85,0,0.0,12652623.75
2025-08-01 10:29:31 AM,537.85,150,80677.5,12733301.25
2025-08-01 10:29:32 AM,542.0,0,0.0,12733301.25
2025-08-01 10:29:33 AM,542.75,0,0.0,12733301.25
2025-08-01 10:29:33 AM,542.75,150,81412.5,12814713.75
2025-08-01 10:32:15 AM,559.4,0,0.0,12814713.75
2025-08-01 10:32:16 AM,559.4,75,41955.0,12856668.75
2025-08-01 10:32:17 AM,558.3,0,0.0,12856668.75
2025-08-01 10:32:18 AM,557.8,0,0.0,12856668.75
2025-08-01 10:32:18 AM,557.8,150,83670.0,12940338.75
2025-08-01 10:32:30 AM,559.5,0,0.0,12940338.75
2025-08-01 10:32:30 AM,559.5,75,41962.5,12982301.25
2025-08-01 10:32:59 AM,552.25,0,0.0,12982301.25
2025-08-01 10:33:00 AM,552.25,600,331350.0,13313651.25
2025-08-01 10:33:00 AM,559.5,0,0.0,13313651.25
2025-08-01 10:33:01 AM,559.5,75,41962.5,13355613.75
2025-08-01 10:33:31 AM,555.95,0,0.0,13355613.75
2025-08-01 10:33:31 AM,555.95,75,41696.25,13397310.0
2025-08-01 10:33:31 AM,555.95,75,41696.25,13439006.25
2025-08-01 10:33:32 AM,555.95,75,41696.25,13480702.5
2025-08-01 10:33:37 AM,556.0,0,0.0,13480702.5
2025-08-01 10:33:37 AM,556.0,75,41700.0,13522402.5
2025-08-01 10:34:25 AM,556.65,0,0.0,13522402.5
2025-08-01 10:34:26 AM,556.65,75,41748.75,13564151.25
2025-08-01 10:35:34 AM,555.0,0,0.0,13564151.25
2025-08-01 10:35:35 AM,555.0,150,83250.0,13647401.25
2025-08-01 10:36:32 AM,557.75,0,0.0,13647401.25
2025-08-01 10:36:32 AM,557.75,150,83662.5,13731063.75
2025-08-01 10:38:49 AM,551.0,0,0.0,13731063.75
2025-08-01 10:38:49 AM,551.0,150,82650.0,13813713.75
2025-08-01 10:39:59 AM,551.8,0,0.0,13813713.75
2025-08-01 10:39:59 AM,551.8,75,41385.0,13855098.75
2025-08-01 10:40:55 AM,557.5,0,0.0,13855098.75
2025-08-01 10:40:55 AM,557.5,75,41812.5,13896911.25
2025-08-01 10:40:57 AM,557.5,75,41812.5,13938723.75
2025-08-01 10:41:12 AM,550.0,0,0.0,13938723.75
2025-08-01 10:41:12 AM,550.0,75,41250.0,13979973.75
2025-08-01 10:44:02 AM,544.0,0,0.0,13979973.75
2025-08-01 10:44:03 AM,544.0,150,81600.0,14061573.75
2025-08-01 10:44:03 AM,546.25,75,40968.75,14102542.5
2025-08-01 10:46:40 AM,536.9,0,0.0,14102542.5
2025-08-01 10:46:40 AM,536.9,150,80535.0,14183077.5
2025-08-01 10:51:16 AM,518.5,0,0.0,14183077.5
2025-08-01 10:51:17 AM,518.5,75,38887.5,14221965.0
2025-08-01 10:51:38 AM,523.5,0,0.0,14221965.0
2025-08-01 10:51:38 AM,523.5,75,39262.5,14261227.5
2025-08-01 10:52:42 AM,529.2,0,0.0,14261227.5
2025-08-01 10:52:43 AM,529.2,75,39690.0,14300917.5
2025-08-01 11:04:45 AM,554.65,0,0.0,14300917.5
2025-08-01 11:04:45 AM,554.65,150,83197.5,14384115.0
2025-08-01 11:08:04 AM,525.7,0,0.0,14384115.0
2025-08-01 11:08:05 AM,525.7,75,39427.5,14423542.5
2025-08-01 11:08:35 AM,522.35,0,0.0,14423542.5
2025-08-01 11:08:36 AM,522.35,75,39176.25,14462718.75
2025-08-01 11:08:57 AM,505.45,0,0.0,14462718.75
2025-08-01 11:08:58 AM,505.45,75,37908.75,14500627.5
2025-08-01 11:09:16 AM,508.15,0,0.0,14500627.5
2025-08-01 11:09:16 AM,508.15,75,38111.25,14538738.75
2025-08-01 11:09:26 AM,504.05,0,0.0,14538738.75
2025-08-01 11:09:27 AM,504.05,225,113411.25,14652150.0
2025-08-01 11:09:53 AM,506.25,0,0.0,14652150.0
2025-08-01 11:09:54 AM,506.25,525,265781.25,14917931.25
2025-08-01 11:10:04 AM,510.55,0,0.0,14917931.25
2025-08-01 11:10:04 AM,510.55,75,38291.25,14956222.5
2025-08-01 11:10:08 AM,508.05,0,0.0,14956222.5
2025-08-01 11:10:09 AM,508.05,75,38103.75,14994326.25
2025-08-01 11:10:50 AM,500.75,0,0.0,14994326.25
2025-08-01 11:10:50 AM,500.75,150,75112.5,15069438.75
2025-08-01 11:11:01 AM,506.6,0,0.0,15069438.75
2025-08-01 11:11:02 AM,506.6,150,75990.0,15145428.75
2025-08-01 11:11:02 AM,509.0,0,0.0,15145428.75
2025-08-01 11:11:02 AM,509.0,75,38175.0,15183603.75
2025-08-01 11:13:01 AM,508.0,0,0.0,15183603.75
2025-08-01 11:13:01 AM,508.0,75,38100.0,15221703.75
2025-08-01 11:13:02 AM,506.85,0,0.0,15221703.75
2025-08-01 11:13:03 AM,506.85,75,38013.75,15259717.5
2025-08-01 11:13:04 AM,507.3,0,0.0,15259717.5
2025-08-01 11:13:05 AM,507.3,150,76095.0,15335812.5
2025-08-01 11:14:59 AM,492.15,75,36911.25,15372723.75
2025-08-01 11:15:11 AM,496.4,0,0.0,15372723.75
2025-08-01 11:15:12 AM,496.4,75,37230.0,15409953.75
2025-08-01 11:16:10 AM,498.0,0,0.0,15409953.75
2025-08-01 11:16:10 AM,498.0,75,37350.0,15447303.75
2025-08-01 11:16:36 AM,501.15,0,0.0,15447303.75
2025-08-01 11:16:37 AM,501.15,150,75172.5,15522476.25
2025-08-01 11:17:04 AM,500.0,0,0.0,15522476.25
2025-08-01 11:17:05 AM,500.0,150,75000.0,15597476.25
2025-08-01 11:17:20 AM,493.9,0,0.0,15597476.25
2025-08-01 11:17:21 AM,493.9,75,37042.5,15634518.75
2025-08-01 11:17:34 AM,500.0,0,0.0,15634518.75
2025-08-01 11:17:35 AM,500.0,75,37500.0,15672018.75
2025-08-01 11:17:37 AM,499.8,0,0.0,15672018.75
2025-08-01 11:17:38 AM,499.8,75,37485.0,15709503.75
2025-08-01 11:18:05 AM,488.0,0,0.0,15709503.75
2025-08-01 11:18:06 AM,488.0,150,73200.0,15782703.75
2025-08-01 11:18:36 AM,480.0,0,0.0,15782703.75
2025-08-01 11:18:36 AM,480.0,825,396000.0,16178703.75
2025-08-01 11:18:57 AM,477.1,0,0.0,16178703.75
2025-08-01 11:18:58 AM,477.1,300,143130.0,16321833.75
2025-08-01 11:18:58 AM,476.1,0,0.0,16321833.75
2025-08-01 11:18:58 AM,476.1,75,35707.5,16357541.25
2025-08-01 11:19:05 AM,478.05,0,0.0,16357541.25
2025-08-01 11:19:06 AM,478.05,300,143415.0,16500956.25
2025-08-01 11:19:07 AM,481.75,0,0.0,16500956.25
2025-08-01 11:19:08 AM,481.75,75,36131.25,16537087.5
2025-08-01 11:20:06 AM,483.2,0,0.0,16537087.5
2025-08-01 11:20:06 AM,483.2,75,36240.0,16573327.5
2025-08-01 11:21:16 AM,485.25,0,0.0,16573327.5
2025-08-01 11:21:17 AM,485.25,75,36393.75,16609721.25
2025-08-01 11:21:19 AM,482.9,0,0.0,16609721.25
2025-08-01 11:21:19 AM,482.9,75,36217.5,16645938.75
2025-08-01 11:21:25 AM,484.05,0,0.0,16645938.75
2025-08-01 11:21:26 AM,484.05,75,36303.75,16682242.5
2025-08-01 11:22:21 AM,494.0,0,0.0,16682242.5
2025-08-01 11:22:22 AM,494.0,150,74100.0,16756342.5
2025-08-01 11:23:00 AM,487.95,0,0.0,16756342.5
2025-08-01 11:23:00 AM,487.95,75,36596.25,16792938.75
2025-08-01 11:23:19 AM,490.55,0,0.0,16792938.75
2025-08-01 11:23:20 AM,490.55,75,36791.25,16829730.0
2025-08-01 11:23:56 AM,490.65,0,0.0,16829730.0
2025-08-01 11:23:57 AM,490.65,75,36798.75,16866528.75
2025-08-01 11:24:05 AM,491.85,0,0.0,16866528.75
2025-08-01 11:24:07 AM,491.85,225,110666.25,16977195.0
2025-08-01 11:24:20 AM,497.15,0,0.0,16977195.0
2025-08-01 11:24:20 AM,497.15,75,37286.25,17014481.25
2025-08-01 11:25:31 AM,493.95,0,0.0,17014481.25
2025-08-01 11:25:31 AM,493.95,150,74092.5,17088573.75
2025-08-01 11:25:40 AM,490.75,0,0.0,17088573.75
2025-08-01 11:25:40 AM,490.75,225,110418.75,17198992.5
2025-08-01 11:29:09 AM,482.9,0,0.0,17198992.5
2025-08-01 11:29:09 AM,482.9,450,217305.0,17416297.5
2025-08-01 11:31:30 AM,477.5,0,0.0,17416297.5
2025-08-01 11:31:31 AM,477.5,75,35812.5,17452110.0
2025-08-01 11:32:27 AM,472.15,0,0.0,17452110.0
2025-08-01 11:32:28 AM,472.15,75,35411.25,17487521.25
2025-08-01 11:32:41 AM,473.85,0,0.0,17487521.25
2025-08-01 11:32:42 AM,473.85,75,35538.75,17523060.0
2025-08-01 11:32:50 AM,470.0,0,0.0,17523060.0
2025-08-01 11:32:50 AM,468.9,0,0.0,17523060.0
2025-08-01 11:32:51 AM,468.9,150,70335.0,17593395.0
2025-08-01 11:33:17 AM,471.7,75,35377.5,17628772.5
2025-08-01 11:33:26 AM,471.55,0,0.0,17628772.5
2025-08-01 11:33:27 AM,471.55,75,35366.25,17664138.75
2025-08-01 11:33:36 AM,471.95,0,0.0,17664138.75
2025-08-01 11:33:37 AM,471.95,75,35396.25,17699535.0
2025-08-01 11:33:46 AM,473.75,0,0.0,17699535.0
2025-08-01 11:33:47 AM,473.75,75,35531.25,17735066.25
2025-08-01 11:34:03 AM,472.7,0,0.0,17735066.25
2025-08-01 11:34:04 AM,472.7,75,35452.5,17770518.75
2025-08-01 11:34:13 AM,474.5,0,0.0,17770518.75
2025-08-01 11:34:13 AM,474.5,150,71175.0,17841693.75
2025-08-01 11:35:01 AM,474.55,0,0.0,17841693.75
2025-08-01 11:35:01 AM,474.55,75,35591.25,17877285.0
2025-08-01 11:35:09 AM,469.85,0,0.0,17877285.0
2025-08-01 11:35:10 AM,469.85,75,35238.75,17912523.75
2025-08-01 11:35:24 AM,470.6,0,0.0,17912523.75
2025-08-01 11:35:25 AM,470.6,225,105885.0,18018408.75
2025-08-01 11:35:39 AM,471.1,0,0.0,18018408.75
2025-08-01 11:35:40 AM,471.1,75,35332.5,18053741.25
2025-08-01 11:35:41 AM,469.9,0,0.0,18053741.25
2025-08-01 11:35:41 AM,469.9,300,140970.0,18194711.25
2025-08-01 11:38:57 AM,465.9,0,0.0,18194711.25
2025-08-01 11:38:59 AM,465.9,225,104827.5,18299538.75
2025-08-01 11:39:29 AM,466.4,0,0.0,18299538.75
2025-08-01 11:39:30 AM,466.4,75,34980.0,18334518.75
2025-08-01 11:39:34 AM,459.8,0,0.0,18334518.75
2025-08-01 11:39:35 AM,459.8,375,172425.0,18506943.75
2025-08-01 11:39:36 AM,457.05,0,0.0,18506943.75
2025-08-01 11:39:36 AM,457.05,150,68557.5,18575501.25
2025-08-01 11:40:00 AM,464.0,0,0.0,18575501.25
2025-08-01 11:40:01 AM,464.0,75,34800.0,18610301.25
2025-08-01 11:40:31 AM,464.6,0,0.0,18610301.25
2025-08-01 11:40:32 AM,464.6,300,139380.0,18749681.25
2025-08-01 11:40:45 AM,466.5,0,0.0,18749681.25
2025-08-01 11:40:46 AM,466.5,75,34987.5,18784668.75
2025-08-01 11:42:00 AM,457.55,0,0.0,18784668.75
2025-08-01 11:42:01 AM,458.0,0,0.0,18784668.75
2025-08-01 11:42:01 AM,458.0,300,137400.0,18922068.75
2025-08-01 11:42:35 AM,450.0,0,0.0,18922068.75
2025-08-01 11:42:36 AM,450.0,150,67500.0,18989568.75
2025-08-01 11:43:04 AM,458.25,0,0.0,18989568.75
2025-08-01 11:43:04 AM,458.25,225,103106.25,19092675.0
2025-08-01 11:43:13 AM,460.35,0,0.0,19092675.0
2025-08-01 11:43:14 AM,460.35,75,34526.25,19127201.25
2025-08-01 11:44:04 AM,452.7,0,0.0,19127201.25
2025-08-01 11:44:05 AM,452.7,75,33952.5,19161153.75
2025-08-01 11:44:06 AM,445.85,0,0.0,19161153.75
2025-08-01 11:44:07 AM,441.65,0,0.0,19161153.75
2025-08-01 11:44:07 AM,441.65,4350,1921177.5,21082331.25
2025-08-01 11:44:07 AM,442.8,1500,664200.0,21746531.25
2025-08-01 11:44:07 AM,442.85,0,0.0,21746531.25
2025-08-01 11:44:08 AM,442.85,150,66427.5,21812958.75
2025-08-01 11:44:09 AM,438.25,0,0.0,21812958.75
2025-08-01 11:44:10 AM,438.25,600,262950.0,22075908.75
2025-08-01 11:44:22 AM,437.75,0,0.0,22075908.75
2025-08-01 11:44:23 AM,437.75,75,32831.25,22108740.0
2025-08-01 11:44:50 AM,438.6,0,0.0,22108740.0
2025-08-01 11:44:50 AM,438.6,75,32895.0,22141635.0
2025-08-01 11:44:52 AM,437.8,600,262680.0,22404315.0
2025-08-01 11:45:04 AM,443.55,0,0.0,22404315.0
2025-08-01 11:45:05 AM,443.55,1125,498993.75,22903308.75
2025-08-01 11:45:10 AM,447.05,0,0.0,22903308.75
2025-08-01 11:45:12 AM,447.05,375,167643.75,23070952.5
2025-08-01 11:45:20 AM,447.05,150,67057.5,23138010.0
2025-08-01 11:46:01 AM,444.5,0,0.0,23138010.0
2025-08-01 11:46:03 AM,444.5,75,33337.5,23171347.5
2025-08-01 11:46:49 AM,450.4,0,0.0,23171347.5
2025-08-01 11:46:51 AM,450.4,225,101340.0,23272687.5
2025-08-01 11:46:53 AM,451.65,0,0.0,23272687.5
2025-08-01 11:46:54 AM,451.65,300,135495.0,23408182.5
2025-08-01 11:47:01 AM,450.75,0,0.0,23408182.5
2025-08-01 11:47:02 AM,450.75,75,33806.25,23441988.75
2025-08-01 11:47:03 AM,450.75,225,101418.75,23543407.5
2025-08-01 11:47:22 AM,453.5,0,0.0,23543407.5
2025-08-01 11:47:22 AM,453.5,75,34012.5,23577420.0
2025-08-01 11:48:20 AM,449.65,0,0.0,23577420.0
2025-08-01 11:48:21 AM,449.65,525,236066.25,23813486.25
2025-08-01 11:48:36 AM,453.05,0,0.0,23813486.25
2025-08-01 11:48:36 AM,453.05,375,169893.75,23983380.0
2025-08-01 11:48:57 AM,451.1,0,0.0,23983380.0
2025-08-01 11:48:57 AM,451.1,75,33832.5,24017212.5
2025-08-01 11:48:59 AM,451.1,375,169162.5,24186375.0
2025-08-01 11:49:40 AM,459.05,0,0.0,24186375.0
2025-08-01 11:49:40 AM,459.05,75,34428.75,24220803.75
2025-08-01 11:49:56 AM,459.55,0,0.0,24220803.75
2025-08-01 11:49:57 AM,459.55,75,34466.25,24255270.0
2025-08-01 11:50:13 AM,455.95,0,0.0,24255270.0
2025-08-01 11:50:14 AM,455.95,300,136785.0,24392055.0
2025-08-01 11:50:56 AM,455.0,0,0.0,24392055.0
2025-08-01 11:50:57 AM,455.0,75,34125.0,24426180.0
2025-08-01 11:51:16 AM,455.05,0,0.0,24426180.0
2025-08-01 11:51:18 AM,455.05,150,68257.5,24494437.5
2025-08-01 11:51:30 AM,456.35,0,0.0,24494437.5
2025-08-01 11:51:31 AM,456.35,75,34226.25,24528663.75
2025-08-01 11:51:54 AM,458.0,0,0.0,24528663.75
2025-08-01 11:51:54 AM,458.0,300,137400.0,24666063.75
2025-08-01 11:53:26 AM,464.5,0,0.0,24666063.75
2025-08-01 11:53:27 AM,464.5,300,139350.0,24805413.75
2025-08-01 11:55:16 AM,457.75,150,68662.5,24874076.25
2025-08-01 11:55:51 AM,456.0,0,0.0,24874076.25
2025-08-01 11:55:52 AM,456.0,75,34200.0,24908276.25
2025-08-01 11:56:26 AM,459.85,0,0.0,24908276.25
2025-08-01 11:56:26 AM,459.85,75,34488.75,24942765.0
2025-08-01 11:56:28 AM,457.35,0,0.0,24942765.0
2025-08-01 11:56:28 AM,457.55,0,0.0,24942765.0
2025-08-01 11:56:28 AM,457.55,375,171581.25,25114346.25
2025-08-01 11:56:30 AM,456.55,225,102723.75,25217070.0
2025-08-01 11:57:19 AM,452.3,0,0.0,25217070.0
2025-08-01 11:57:19 AM,452.3,300,135690.0,25352760.0
2025-08-01 11:57:52 AM,450.65,0,0.0,25352760.0
2025-08-01 11:57:52 AM,450.65,75,33798.75,25386558.75
2025-08-01 11:57:56 AM,452.5,0,0.0,25386558.75
2025-08-01 11:57:56 AM,452.5,300,135750.0,25522308.75
2025-08-01 11:57:59 AM,452.6,0,0.0,25522308.75
2025-08-01 11:58:00 AM,452.6,75,33945.0,25556253.75
2025-08-01 12:01:53 PM,444.0,0,0.0,25556253.75
2025-08-01 12:01:54 PM,444.0,150,66600.0,25622853.75
2025-08-01 12:03:05 PM,443.45,0,0.0,25622853.75
2025-08-01 12:03:06 PM,443.45,75,33258.75,25656112.5
2025-08-01 12:03:53 PM,444.3,0,0.0,25656112.5
2025-08-01 12:03:54 PM,444.3,375,166612.5,25822725.0
2025-08-01 12:04:01 PM,446.05,300,133815.0,25956540.0
2025-08-01 12:04:56 PM,441.0,0,0.0,25956540.0
2025-08-01 12:04:57 PM,441.0,75,33075.0,25989615.0
2025-08-01 12:06:00 PM,441.85,75,33138.75,26022753.75
2025-08-01 12:06:12 PM,441.85,75,33138.75,26055892.5
2025-08-01 12:06:34 PM,445.15,0,0.0,26055892.5
2025-08-01 12:06:36 PM,445.15,75,33386.25,26089278.75
2025-08-01 12:07:07 PM,455.0,75,34125.0,26123403.75
2025-08-01 12:08:42 PM,456.2,0,0.0,26123403.75
2025-08-01 12:08:43 PM,456.2,75,34215.0,26157618.75
2025-08-01 12:09:44 PM,457.15,0,0.0,26157618.75
2025-08-01 12:09:44 PM,456.8,1125,513900.0,26671518.75
2025-08-01 12:09:44 PM,456.35,0,0.0,26671518.75
2025-08-01 12:09:44 PM,456.35,75,34226.25,26705745.0
2025-08-01 12:10:03 PM,458.25,0,0.0,26705745.0
2025-08-01 12:10:03 PM,458.25,75,34368.75,26740113.75
2025-08-01 12:10:05 PM,456.35,75,34226.25,26774340.0
2025-08-01 12:10:19 PM,452.55,0,0.0,26774340.0
2025-08-01 12:10:20 PM,452.55,75,33941.25,26808281.25
2025-08-01 12:12:45 PM,445.15,0,0.0,26808281.25
2025-08-01 12:12:47 PM,445.15,150,66772.5,26875053.75
2025-08-01 12:13:00 PM,447.4,0,0.0,26875053.75
2025-08-01 12:13:02 PM,447.4,300,134220.0,27009273.75
2025-08-01 12:16:41 PM,445.55,0,0.0,27009273.75
2025-08-01 12:16:42 PM,449.55,0,0.0,27009273.75
2025-08-01 12:16:42 PM,449.55,825,370878.75,27380152.5
2025-08-01 12:19:44 PM,440.95,0,0.0,27380152.5
2025-08-01 12:19:45 PM,440.95,675,297641.25,27677793.75
2025-08-01 12:19:58 PM,448.0,0,0.0,27677793.75
2025-08-01 12:19:59 PM,448.0,75,33600.0,27711393.75
2025-08-01 12:19:59 PM,449.55,75,33716.25,27745110.0
2025-08-01 12:20:21 PM,451.7,0,0.0,27745110.0
2025-08-01 12:20:22 PM,451.7,300,135510.0,27880620.0
2025-08-01 12:20:46 PM,448.55,0,0.0,27880620.0
2025-08-01 12:20:46 PM,448.55,75,33641.25,27914261.25
2025-08-01 12:20:51 PM,451.6,0,0.0,27914261.25
2025-08-01 12:20:51 PM,451.6,750,338700.0,28252961.25
2025-08-01 12:20:52 PM,451.9,0,0.0,28252961.25
2025-08-01 12:20:53 PM,451.9,75,33892.5,28286853.75
2025-08-01 12:21:35 PM,452.15,0,0.0,28286853.75
2025-08-01 12:21:35 PM,452.15,225,101733.75,28388587.5
2025-08-01 12:22:01 PM,455.45,0,0.0,28388587.5
2025-08-01 12:22:02 PM,455.45,375,170793.75,28559381.25
2025-08-01 12:22:27 PM,461.25,0,0.0,28559381.25
2025-08-01 12:22:28 PM,461.25,75,34593.75,28593975.0
2025-08-01 12:22:34 PM,459.9,0,0.0,28593975.0
2025-08-01 12:22:35 PM,459.9,75,34492.5,28628467.5
2025-08-01 12:25:23 PM,461.25,0,0.0,28628467.5
2025-08-01 12:25:24 PM,461.25,150,69187.5,28697655.0
2025-08-01 12:25:30 PM,458.25,0,0.0,28697655.0
2025-08-01 12:25:30 PM,458.25,75,34368.75,28732023.75
2025-08-01 12:26:01 PM,461.9,0,0.0,28732023.75
2025-08-01 12:26:02 PM,461.9,375,173212.5,28905236.25
2025-08-01 12:26:17 PM,459.45,0,0.0,28905236.25
2025-08-01 12:26:18 PM,459.45,75,34458.75,28939695.0
2025-08-01 12:26:27 PM,458.05,0,0.0,28939695.0
2025-08-01 12:26:28 PM,458.05,75,34353.75,28974048.75
2025-08-01 12:26:29 PM,459.0,0,0.0,28974048.75
2025-08-01 12:26:29 PM,459.0,75,34425.0,29008473.75
2025-08-01 12:27:02 PM,455.5,0,0.0,29008473.75
2025-08-01 12:27:02 PM,455.0,0,0.0,29008473.75
2025-08-01 12:27:02 PM,455.0,450,204750.0,29213223.75
2025-08-01 12:27:25 PM,453.75,0,0.0,29213223.75
2025-08-01 12:27:25 PM,453.75,75,34031.25,29247255.0
2025-08-01 12:28:01 PM,454.3,0,0.0,29247255.0
2025-08-01 12:28:02 PM,454.3,375,170362.5,29417617.5
2025-08-01 12:31:02 PM,458.6,0,0.0,29417617.5
2025-08-01 12:31:02 PM,458.6,375,171975.0,29589592.5
2025-08-01 12:31:13 PM,466.0,0,0.0,29589592.5
2025-08-01 12:31:14 PM,466.0,75,34950.0,29624542.5
2025-08-01 12:31:15 PM,470.0,0,0.0,29624542.5
2025-08-01 12:31:16 PM,470.0,75,35250.0,29659792.5
2025-08-01 12:34:02 PM,460.3,0,0.0,29659792.5
2025-08-01 12:34:02 PM,459.6,0,0.0,29659792.5
2025-08-01 12:34:02 PM,459.6,750,344700.0,30004492.5
2025-08-01 12:34:17 PM,453.45,0,0.0,30004492.5
2025-08-01 12:34:18 PM,453.45,300,136035.0,30140527.5
2025-08-01 12:35:12 PM,434.8,0,0.0,30140527.5
2025-08-01 12:35:12 PM,432.85,0,0.0,30140527.5
2025-08-01 12:35:13 PM,432.85,525,227246.25,30367773.75
2025-08-01 12:35:17 PM,436.35,0,0.0,30367773.75
2025-08-01 12:35:18 PM,436.35,75,32726.25,30400500.0
2025-08-01 12:35:35 PM,437.45,0,0.0,30400500.0
2025-08-01 12:35:36 PM,437.45,75,32808.75,30433308.75
2025-08-01 12:35:45 PM,434.0,0,0.0,30433308.75
2025-08-01 12:35:46 PM,434.0,75,32550.0,30465858.75
2025-08-01 12:35:46 PM,431.5,0,0.0,30465858.75
2025-08-01 12:35:47 PM,431.5,75,32362.5,30498221.25
2025-08-01 12:36:07 PM,441.85,0,0.0,30498221.25
2025-08-01 12:36:07 PM,441.4,1050,463470.0,30961691.25
2025-08-01 12:36:19 PM,441.2,75,33090.0,30994781.25
2025-08-01 12:36:27 PM,441.6,0,0.0,30994781.25
2025-08-01 12:36:27 PM,441.6,450,198720.0,31193501.25
2025-08-01 12:37:15 PM,445.75,0,0.0,31193501.25
2025-08-01 12:37:15 PM,445.75,75,33431.25,31226932.5
2025-08-01 12:37:25 PM,447.25,0,0.0,31226932.5
2025-08-01 12:37:25 PM,447.25,75,33543.75,31260476.25
2025-08-01 12:38:21 PM,443.4,0,0.0,31260476.25
2025-08-01 12:38:21 PM,443.4,75,33255.0,31293731.25
2025-08-01 12:38:36 PM,444.95,0,0.0,31293731.25
2025-08-01 12:38:36 PM,444.95,75,33371.25,31327102.5
2025-08-01 12:38:52 PM,441.65,0,0.0,31327102.5
2025-08-01 12:38:52 PM,441.65,75,33123.75,31360226.25
2025-08-01 12:39:47 PM,441.2,0,0.0,31360226.25
2025-08-01 12:39:48 PM,441.2,75,33090.0,31393316.25
2025-08-01 12:39:54 PM,435.35,675,293861.25,31687177.5
2025-08-01 12:39:55 PM,434.7,0,0.0,31687177.5
2025-08-01 12:39:55 PM,434.7,75,32602.5,31719780.0
2025-08-01 12:40:09 PM,435.45,0,0.0,31719780.0
2025-08-01 12:40:09 PM,435.45,150,65317.5,31785097.5
2025-08-01 12:40:12 PM,431.95,0,0.0,31785097.5
2025-08-01 12:40:13 PM,431.95,75,32396.25,31817493.75
2025-08-01 12:40:35 PM,430.0,0,0.0,31817493.75
2025-08-01 12:40:35 PM,430.0,75,32250.0,31849743.75
2025-08-01 12:40:43 PM,428.95,0,0.0,31849743.75
2025-08-01 12:40:43 PM,428.95,75,32171.25,31881915.0
2025-08-01 12:40:46 PM,427.05,0,0.0,31881915.0
2025-08-01 12:40:46 PM,427.05,75,32028.75,31913943.75
2025-08-01 12:40:53 PM,429.2,0,0.0,31913943.75
2025-08-01 12:40:54 PM,427.9,0,0.0,31913943.75
2025-08-01 12:40:54 PM,427.9,675,288832.5,32202776.25
2025-08-01 12:41:03 PM,428.9,0,0.0,32202776.25
2025-08-01 12:41:03 PM,428.9,75,32167.5,32234943.75
2025-08-01 12:41:05 PM,427.9,0,0.0,32234943.75
2025-08-01 12:41:06 PM,427.9,675,288832.5,32523776.25
2025-08-01 12:41:15 PM,431.7,0,0.0,32523776.25
2025-08-01 12:41:16 PM,432.2,600,259320.0,32783096.25
2025-08-01 12:41:16 PM,444.95,150,66742.5,32849838.75
2025-08-01 12:41:16 PM,442.3,0,0.0,32849838.75
2025-08-01 12:41:17 PM,442.3,150,66345.0,32916183.75
2025-08-01 12:41:23 PM,439.8,75,32985.0,32949168.75
2025-08-01 12:41:23 PM,439.05,0,0.0,32949168.75
2025-08-01 12:41:24 PM,439.05,150,65857.5,33015026.25
2025-08-01 12:41:36 PM,439.8,0,0.0,33015026.25
2025-08-01 12:41:37 PM,439.8,75,32985.0,33048011.25
2025-08-01 12:41:40 PM,439.8,300,131940.0,33179951.25
2025-08-01 12:41:48 PM,441.5,0,0.0,33179951.25
2025-08-01 12:41:49 PM,441.5,225,99337.5,33279288.75
2025-08-01 12:42:02 PM,436.5,0,0.0,33279288.75
2025-08-01 12:42:03 PM,436.5,75,32737.5,33312026.25
2025-08-01 12:42:14 PM,435.7,0,0.0,33312026.25
2025-08-01 12:42:14 PM,435.7,75,32677.5,33344703.75
2025-08-01 12:42:24 PM,437.05,0,0.0,33344703.75
2025-08-01 12:42:24 PM,437.05,75,32778.75,33377482.5
2025-08-01 12:42:31 PM,438.55,0,0.0,33377482.5
2025-08-01 12:42:32 PM,438.55,75,32891.25,33410373.75
2025-08-01 12:42:39 PM,439.3,0,0.0,33410373.75
2025-08-01 12:42:39 PM,438.95,0,0.0,33410373.75
2025-08-01 12:42:39 PM,438.95,450,197527.5,33607901.25
2025-08-01 12:43:03 PM,436.2,0,0.0,33607901.25
2025-08-01 12:43:04 PM,436.2,75,32715.0,33640616.25
2025-08-01 12:43:09 PM,432.9,0,0.0,33640616.25
2025-08-01 12:43:09 PM,432.9,75,32467.5,33673083.75
2025-08-01 12:43:33 PM,425.0,0,0.0,33673083.75
2025-08-01 12:43:34 PM,424.5,0,0.0,33673083.75
2025-08-01 12:43:34 PM,424.4,0,0.0,33673083.75
2025-08-01 12:43:34 PM,424.4,1350,572940.0,34246023.75
2025-08-01 12:43:43 PM,425.0,0,0.0,34246023.75
2025-08-01 12:43:43 PM,425.0,900,382500.0,34628523.75
2025-08-01 12:43:46 PM,422.65,0,0.0,34628523.75
2025-08-01 12:43:47 PM,422.65,1800,760770.0,35389293.75
2025-08-01 12:44:04 PM,433.8,0,0.0,35389293.75
2025-08-01 12:44:04 PM,433.8,75,32535.0,35421828.75
2025-08-01 12:44:14 PM,435.95,0,0.0,35421828.75
2025-08-01 12:44:14 PM,435.95,75,32696.25,35454525.0
2025-08-01 12:45:06 PM,433.35,0,0.0,35454525.0
2025-08-01 12:45:06 PM,433.35,75,32501.25,35487026.25
2025-08-01 12:45:35 PM,435.2,75,32640.0,35519666.25
2025-08-01 12:45:35 PM,435.75,0,0.0,35519666.25
2025-08-01 12:45:36 PM,435.75,75,32681.25,35552347.5
2025-08-01 12:46:57 PM,434.8,0,0.0,35552347.5
2025-08-01 12:46:58 PM,434.8,75,32610.0,35584957.5
2025-08-01 12:47:00 PM,434.15,0,0.0,35584957.5
2025-08-01 12:47:01 PM,434.15,75,32561.25,35617518.75
2025-08-01 12:47:35 PM,438.9,0,0.0,35617518.75
2025-08-01 12:47:35 PM,438.9,150,65835.0,35683353.75
2025-08-01 12:47:37 PM,440.55,0,0.0,35683353.75
2025-08-01 12:47:37 PM,440.55,75,33041.25,35716395.0
2025-08-01 12:48:01 PM,441.45,0,0.0,35716395.0
2025-08-01 12:48:02 PM,441.45,375,165543.75,35881938.75
2025-08-01 12:48:08 PM,439.8,0,0.0,35881938.75
2025-08-01 12:48:08 PM,439.8,75,32985.0,35914923.75
2025-08-01 12:48:09 PM,441.05,0,0.0,35914923.75
2025-08-01 12:48:09 PM,441.05,75,33078.75,35948002.5
2025-08-01 12:48:42 PM,441.05,75,33078.75,35981081.25
2025-08-01 12:49:55 PM,438.1,0,0.0,35981081.25
2025-08-01 12:49:55 PM,438.1,675,295717.5,36276798.75
2025-08-01 12:49:59 PM,432.6,0,0.0,36276798.75
2025-08-01 12:49:59 PM,432.6,225,97335.0,36374133.75
2025-08-01 12:50:01 PM,431.15,0,0.0,36374133.75
2025-08-01 12:50:01 PM,431.15,375,161681.25,36535815.0
2025-08-01 12:50:05 PM,431.0,0,0.0,36535815.0
2025-08-01 12:50:05 PM,431.0,300,129300.0,36665115.0
2025-08-01 12:50:16 PM,428.5,0,0.0,36665115.0
2025-08-01 12:50:16 PM,428.5,75,32137.5,36697252.5
2025-08-01 12:50:17 PM,429.85,75,32238.75,36729491.25
2025-08-01 12:50:32 PM,437.15,0,0.0,36729491.25
2025-08-01 12:50:32 PM,437.15,150,65572.5,36795063.75
2025-08-01 12:51:24 PM,434.35,0,0.0,36795063.75
2025-08-01 12:51:24 PM,434.35,75,32576.25,36827640.0
2025-08-01 12:51:28 PM,432.85,0,0.0,36827640.0
2025-08-01 12:51:28 PM,432.85,300,129855.0,36957495.0
2025-08-01 12:51:48 PM,435.35,0,0.0,36957495.0
2025-08-01 12:51:48 PM,437.75,0,0.0,36957495.0
2025-08-01 12:51:48 PM,438.95,0,0.0,36957495.0
2025-08-01 12:51:48 PM,438.95,1200,526740.0,37484235.0
2025-08-01 12:52:00 PM,438.9,0,0.0,37484235.0
2025-08-01 12:52:00 PM,438.9,75,32917.5,37517152.5
2025-08-01 12:52:14 PM,442.0,0,0.0,37517152.5
2025-08-01 12:52:14 PM,442.0,300,132600.0,37649752.5
2025-08-01 12:52:24 PM,441.7,0,0.0,37649752.5
2025-08-01 12:52:25 PM,441.7,375,165637.5,37815390.0
2025-08-01 12:52:27 PM,441.45,0,0.0,37815390.0
2025-08-01 12:52:27 PM,441.45,75,33108.75,37848498.75
2025-08-01 12:52:31 PM,438.8,0,0.0,37848498.75
2025-08-01 12:52:31 PM,438.8,150,65820.0,37914318.75
2025-08-01 12:53:15 PM,438.8,75,32910.0,37947228.75
2025-08-01 12:53:16 PM,436.85,0,0.0,37947228.75
2025-08-01 12:53:17 PM,436.85,75,32763.75,37979992.5
2025-08-01 12:54:00 PM,440.05,0,0.0,37979992.5
2025-08-01 12:54:00 PM,440.05,75,33003.75,38012996.25
2025-08-01 12:54:50 PM,445.65,0,0.0,38012996.25
2025-08-01 12:54:51 PM,445.65,75,33423.75,38046420.0
2025-08-01 12:56:02 PM,448.2,0,0.0,38046420.0
2025-08-01 12:56:03 PM,448.2,75,33615.0,38080035.0
2025-08-01 12:56:26 PM,444.0,0,0.0,38080035.0
2025-08-01 12:56:27 PM,444.0,150,66600.0,38146635.0
2025-08-01 12:57:18 PM,447.7,0,0.0,38146635.0
2025-08-01 12:57:19 PM,447.7,675,302197.5,38448832.5
2025-08-01 12:59:00 PM,438.9,0,0.0,38448832.5
2025-08-01 12:59:00 PM,438.9,75,32917.5,38481750.0
2025-08-01 12:59:27 PM,440.05,0,0.0,38481750.0
2025-08-01 12:59:27 PM,440.05,75,33003.75,38514753.75
2025-08-01 01:01:21 PM,432.25,0,0.0,38514753.75
2025-08-01 01:01:21 PM,432.25,75,32418.75,38547172.5
2025-08-01 01:01:38 PM,436.05,0,0.0,38547172.5
2025-08-01 01:01:38 PM,436.05,75,32703.75,38579876.25
2025-08-01 01:02:19 PM,439.4,0,0.0,38579876.25
2025-08-01 01:02:20 PM,439.4,75,32955.0,38612831.25
2025-08-01 01:02:39 PM,435.95,75,32696.25,38645527.5
2025-08-01 01:03:10 PM,434.75,0,0.0,38645527.5
2025-08-01 01:03:11 PM,434.75,75,32606.25,38678133.75
2025-08-01 01:04:10 PM,428.4,0,0.0,38678133.75
2025-08-01 01:04:10 PM,429.9,825,354667.5,39032801.25
2025-08-01 01:04:10 PM,430.45,0,0.0,39032801.25
2025-08-01 01:04:11 PM,430.45,75,32283.75,39065085.0
2025-08-01 01:04:19 PM,429.25,75,32193.75,39097278.75
2025-08-01 01:04:29 PM,430.1,0,0.0,39097278.75
2025-08-01 01:04:29 PM,430.1,225,96772.5,39194051.25
2025-08-01 01:04:46 PM,432.3,0,0.0,39194051.25
2025-08-01 01:04:46 PM,432.3,75,32422.5,39226473.75
2025-08-01 01:04:52 PM,429.9,0,0.0,39226473.75
2025-08-01 01:04:52 PM,429.9,75,32242.5,39258716.25
2025-08-01 01:05:15 PM,435.8,0,0.0,39258716.25
2025-08-01 01:05:15 PM,435.8,75,32685.0,39291401.25
2025-08-01 01:05:25 PM,435.8,975,424905.0,39716306.25
2025-08-01 01:05:27 PM,439.75,0,0.0,39716306.25
2025-08-01 01:05:27 PM,439.75,750,329812.5,40046118.75
2025-08-01 01:05:54 PM,445.0,0,0.0,40046118.75
2025-08-01 01:05:55 PM,445.0,150,66750.0,40112868.75
2025-08-01 01:05:55 PM,444.4,0,0.0,40112868.75
2025-08-01 01:05:56 PM,444.4,75,33330.0,40146198.75
2025-08-01 01:05:56 PM,444.0,0,0.0,40146198.75
2025-08-01 01:05:57 PM,444.0,75,33300.0,40179498.75
2025-08-01 01:06:00 PM,442.65,0,0.0,40179498.75
2025-08-01 01:06:00 PM,442.65,75,33198.75,40212697.5
2025-08-01 01:06:01 PM,442.95,0,0.0,40212697.5
2025-08-01 01:06:01 PM,442.95,300,132885.0,40345582.5
2025-08-01 01:06:02 PM,444.6,0,0.0,40345582.5
2025-08-01 01:06:02 PM,444.6,375,166725.0,40512307.5
2025-08-01 01:06:19 PM,440.85,0,0.0,40512307.5
2025-08-01 01:06:19 PM,440.85,75,33063.75,40545371.25
2025-08-01 01:06:44 PM,448.7,0,0.0,40545371.25
2025-08-01 01:06:45 PM,448.7,900,403830.0,40949201.25
2025-08-01 01:08:24 PM,451.2,0,0.0,40949201.25
2025-08-01 01:08:25 PM,451.2,225,101520.0,41050721.25
2025-08-01 01:08:52 PM,452.7,0,0.0,41050721.25
2025-08-01 01:08:53 PM,452.7,75,33952.5,41084673.75
2025-08-01 01:09:49 PM,443.25,0,0.0,41084673.75
2025-08-01 01:09:50 PM,443.25,450,199462.5,41284136.25
2025-08-01 01:09:56 PM,441.35,0,0.0,41284136.25
2025-08-01 01:09:56 PM,441.35,75,33101.25,41317237.5
2025-08-01 01:10:02 PM,441.25,375,165468.75,41482706.25
2025-08-01 01:10:41 PM,436.7,0,0.0,41482706.25
2025-08-01 01:10:41 PM,436.7,75,32752.5,41515458.75
2025-08-01 01:11:36 PM,441.65,0,0.0,41515458.75
2025-08-01 01:11:36 PM,441.65,75,33123.75,41548582.5
2025-08-01 01:12:34 PM,447.45,0,0.0,41548582.5
2025-08-01 01:12:34 PM,447.45,300,134235.0,41682817.5
2025-08-01 01:12:35 PM,447.3,0,0.0,41682817.5
2025-08-01 01:12:35 PM,447.3,75,33547.5,41716365.0
2025-08-01 01:13:03 PM,449.4,375,168525.0,41884890.0
2025-08-01 01:13:45 PM,453.8,0,0.0,41884890.0
2025-08-01 01:13:46 PM,453.8,75,34035.0,41918925.0
2025-08-01 01:14:00 PM,451.2,0,0.0,41918925.0
2025-08-01 01:14:00 PM,451.2,75,33840.0,41952765.0
2025-08-01 01:15:43 PM,445.8,0,0.0,41952765.0
2025-08-01 01:15:43 PM,445.8,75,33435.0,41986200.0
2025-08-01 01:16:02 PM,444.25,375,166593.75,42152793.75
2025-08-01 01:17:02 PM,447.7,0,0.0,42152793.75
2025-08-01 01:17:03 PM,447.7,375,167887.5,42320681.25
2025-08-01 01:19:02 PM,440.5,0,0.0,42320681.25
2025-08-01 01:19:02 PM,440.5,375,165187.5,42485868.75
2025-08-01 01:19:04 PM,440.5,75,33037.5,42518906.25
2025-08-01 01:19:10 PM,441.45,0,0.0,42518906.25
2025-08-01 01:19:11 PM,441.45,300,132435.0,42651341.25
2025-08-01 01:19:24 PM,442.75,0,0.0,42651341.25
2025-08-01 01:19:24 PM,442.75,75,33206.25,42684547.5
2025-08-01 01:20:19 PM,442.95,450,199327.5,42883875.0
2025-08-01 01:20:38 PM,443.75,0,0.0,42883875.0
2025-08-01 01:20:39 PM,443.75,300,133125.0,43017000.0
2025-08-01 01:20:48 PM,443.6,0,0.0,43017000.0
2025-08-01 01:20:49 PM,443.6,75,33270.0,43050270.0
2025-08-01 01:21:17 PM,443.75,0,0.0,43050270.0
2025-08-01 01:21:17 PM,443.75,300,133125.0,43183395.0
2025-08-01 01:22:00 PM,447.25,0,0.0,43183395.0
2025-08-01 01:22:00 PM,447.25,75,33543.75,43216938.75
2025-08-01 01:23:02 PM,451.5,0,0.0,43216938.75
2025-08-01 01:23:03 PM,451.5,375,169312.5,43386251.25
2025-08-01 01:24:12 PM,451.6,0,0.0,43386251.25
2025-08-01 01:24:12 PM,451.6,75,33870.0,43420121.25
2025-08-01 01:24:39 PM,449.95,0,0.0,43420121.25
2025-08-01 01:24:39 PM,449.95,75,33746.25,43453867.5
2025-08-01 01:24:39 PM,449.55,0,0.0,43453867.5
2025-08-01 01:24:40 PM,449.55,75,33716.25,43487583.75
2025-08-01 01:25:06 PM,447.1,0,0.0,43487583.75
2025-08-01 01:25:06 PM,447.1,300,134130.0,43621713.75
2025-08-01 01:26:33 PM,463.9,0,0.0,43621713.75
2025-08-01 01:26:33 PM,463.9,150,69585.0,43691298.75
2025-08-01 01:31:42 PM,473.35,0,0.0,43691298.75
2025-08-01 01:31:42 PM,471.75,0,0.0,43691298.75
2025-08-01 01:31:42 PM,471.75,300,141525.0,43832823.75
2025-08-01 01:31:46 PM,472.95,0,0.0,43832823.75
2025-08-01 01:31:46 PM,472.95,75,35471.25,43868295.0
2025-08-01 01:31:51 PM,469.8,0,0.0,43868295.0
2025-08-01 01:31:51 PM,469.8,225,105705.0,43974000.0
2025-08-01 01:31:52 PM,469.8,225,105705.0,44079705.0
2025-08-01 01:32:20 PM,473.4,0,0.0,44079705.0
2025-08-01 01:32:21 PM,473.4,75,35505.0,44115210.0
2025-08-01 01:32:22 PM,475.5,0,0.0,44115210.0
2025-08-01 01:32:22 PM,475.5,75,35662.5,44150872.5
2025-08-01 01:32:31 PM,474.85,0,0.0,44150872.5
2025-08-01 01:32:32 PM,474.85,75,35613.75,44186486.25
2025-08-01 01:32:35 PM,475.15,0,0.0,44186486.25
2025-08-01 01:32:35 PM,475.15,75,35636.25,44222122.5
2025-08-01 01:32:41 PM,471.45,0,0.0,44222122.5
2025-08-01 01:32:41 PM,471.45,75,35358.75,44257481.25
2025-08-01 01:32:56 PM,472.85,0,0.0,44257481.25
2025-08-01 01:32:56 PM,472.85,75,35463.75,44292945.0
2025-08-01 01:32:57 PM,472.0,0,0.0,44292945.0
2025-08-01 01:32:57 PM,472.0,75,35400.0,44328345.0
2025-08-01 01:34:02 PM,463.05,375,173643.75,44501988.75
2025-08-01 01:34:14 PM,463.4,0,0.0,44501988.75
2025-08-01 01:34:15 PM,463.4,75,34755.0,44536743.75
2025-08-01 01:34:22 PM,460.35,0,0.0,44536743.75
2025-08-01 01:34:23 PM,460.35,150,69052.5,44605796.25
2025-08-01 01:34:23 PM,459.2,0,0.0,44605796.25
2025-08-01 01:34:23 PM,459.2,75,34440.0,44640236.25
2025-08-01 01:34:28 PM,458.45,75,34383.75,44674620.0
2025-08-01 01:34:37 PM,459.25,0,0.0,44674620.0
2025-08-01 01:34:38 PM,459.25,75,34443.75,44709063.75
2025-08-01 01:35:08 PM,455.8,0,0.0,44709063.75
2025-08-01 01:35:08 PM,455.8,300,136740.0,44845803.75
2025-08-01 01:35:09 PM,454.1,0,0.0,44845803.75
2025-08-01 01:35:10 PM,454.1,75,34057.5,44879861.25
2025-08-01 01:35:24 PM,449.6,0,0.0,44879861.25
2025-08-01 01:35:25 PM,449.6,150,67440.0,44947301.25
2025-08-01 01:35:49 PM,453.35,0,0.0,44947301.25
2025-08-01 01:35:50 PM,453.35,525,238008.75,45185310.0
2025-08-01 01:36:27 PM,454.55,0,0.0,45185310.0
2025-08-01 01:36:28 PM,454.55,75,34091.25,45219401.25
2025-08-01 01:36:33 PM,454.8,0,0.0,45219401.25
2025-08-01 01:36:33 PM,454.8,75,34110.0,45253511.25
2025-08-01 01:36:55 PM,451.2,0,0.0,45253511.25
2025-08-01 01:36:55 PM,451.2,225,101520.0,45355031.25
2025-08-01 01:37:32 PM,445.0,0,0.0,45355031.25
2025-08-01 01:37:32 PM,445.0,75,33375.0,45388406.25
2025-08-01 01:38:03 PM,437.95,0,0.0,45388406.25
2025-08-01 01:38:05 PM,437.95,75,32846.25,45421252.5
2025-08-01 01:38:27 PM,427.25,0,0.0,45421252.5
2025-08-01 01:38:28 PM,427.25,75,32043.75,45453296.25
2025-08-01 01:38:35 PM,425.0,0,0.0,45453296.25
2025-08-01 01:38:35 PM,425.0,225,95625.0,45548921.25
2025-08-01 01:38:41 PM,424.85,0,0.0,45548921.25
2025-08-01 01:38:42 PM,424.85,75,31863.75,45580785.0
2025-08-01 01:39:00 PM,427.7,0,0.0,45580785.0
2025-08-01 01:39:01 PM,427.7,375,160387.5,45741172.5
2025-08-01 01:39:06 PM,429.6,0,0.0,45741172.5
2025-08-01 01:39:07 PM,429.6,75,32220.0,45773392.5
2025-08-01 01:39:10 PM,432.35,0,0.0,45773392.5
2025-08-01 01:39:10 PM,432.35,75,32426.25,45805818.75
2025-08-01 01:39:30 PM,432.95,0,0.0,45805818.75
2025-08-01 01:39:31 PM,431.25,0,0.0,45805818.75
2025-08-01 01:39:31 PM,431.25,375,161718.75,45967537.5
2025-08-01 01:40:16 PM,428.3,300,128490.0,46096027.5
2025-08-01 01:40:25 PM,430.7,0,0.0,46096027.5
2025-08-01 01:40:26 PM,430.7,75,32302.5,46128330.0
2025-08-01 01:41:36 PM,428.25,0,0.0,46128330.0
2025-08-01 01:41:36 PM,428.25,75,32118.75,46160448.75
2025-08-01 01:41:57 PM,436.0,0,0.0,46160448.75
2025-08-01 01:41:57 PM,436.0,150,65400.0,46225848.75
2025-08-01 01:41:59 PM,437.35,0,0.0,46225848.75
2025-08-01 01:42:01 PM,437.35,75,32801.25,46258650.0
2025-08-01 01:42:02 PM,439.65,0,0.0,46258650.0
2025-08-01 01:42:02 PM,439.65,375,164868.75,46423518.75
2025-08-01 01:42:11 PM,439.65,75,32973.75,46456492.5
2025-08-01 01:42:25 PM,436.7,0,0.0,46456492.5
2025-08-01 01:42:25 PM,436.7,300,131010.0,46587502.5
2025-08-01 01:42:27 PM,435.55,75,32666.25,46620168.75
2025-08-01 01:42:29 PM,437.35,0,0.0,46620168.75
2025-08-01 01:42:29 PM,437.35,75,32801.25,46652970.0
2025-08-01 01:42:30 PM,438.95,0,0.0,46652970.0
2025-08-01 01:42:30 PM,438.95,75,32921.25,46685891.25
2025-08-01 01:42:31 PM,438.0,0,0.0,46685891.25
2025-08-01 01:42:31 PM,438.0,75,32850.0,46718741.25
2025-08-01 01:42:43 PM,442.9,0,0.0,46718741.25
2025-08-01 01:42:44 PM,442.9,75,33217.5,46751958.75
2025-08-01 01:42:55 PM,441.45,0,0.0,46751958.75
2025-08-01 01:42:55 PM,441.45,75,33108.75,46785067.5
2025-08-01 01:43:51 PM,443.6,0,0.0,46785067.5
2025-08-01 01:43:52 PM,443.6,75,33270.0,46818337.5
2025-08-01 01:44:20 PM,457.35,0,0.0,46818337.5
2025-08-01 01:44:20 PM,457.35,75,34301.25,46852638.75
2025-08-01 01:44:49 PM,456.75,0,0.0,46852638.75
2025-08-01 01:44:50 PM,454.8,0,0.0,46852638.75
2025-08-01 01:44:50 PM,454.8,150,68220.0,46920858.75
2025-08-01 01:45:13 PM,454.7,0,0.0,46920858.75
2025-08-01 01:45:13 PM,454.7,150,68205.0,46989063.75
2025-08-01 01:45:25 PM,454.6,0,0.0,46989063.75
2025-08-01 01:45:25 PM,454.6,1275,579615.0,47568678.75
2025-08-01 01:45:44 PM,454.65,0,0.0,47568678.75
2025-08-01 01:45:45 PM,454.65,75,34098.75,47602777.5
2025-08-01 01:45:48 PM,455.15,0,0.0,47602777.5
2025-08-01 01:45:50 PM,455.15,300,136545.0,47739322.5
2025-08-01 01:45:56 PM,453.0,0,0.0,47739322.5
2025-08-01 01:45:56 PM,453.0,225,101925.0,47841247.5
2025-08-01 01:47:35 PM,450.1,0,0.0,47841247.5
2025-08-01 01:47:35 PM,450.1,300,135030.0,47976277.5
2025-08-01 01:47:48 PM,452.1,0,0.0,47976277.5
2025-08-01 01:47:49 PM,452.1,75,33907.5,48010185.0
2025-08-01 01:48:57 PM,452.2,0,0.0,48010185.0
2025-08-01 01:48:57 PM,452.45,0,0.0,48010185.0
2025-08-01 01:48:58 PM,452.45,375,169668.75,48179853.75
2025-08-01 01:49:26 PM,453.0,0,0.0,48179853.75
2025-08-01 01:49:26 PM,453.0,75,33975.0,48213828.75
2025-08-01 01:50:02 PM,450.65,0,0.0,48213828.75
2025-08-01 01:50:03 PM,450.65,375,168993.75,48382822.5
2025-08-01 01:50:47 PM,446.95,0,0.0,48382822.5
2025-08-01 01:50:47 PM,446.95,75,33521.25,48416343.75
2025-08-01 01:51:23 PM,443.55,0,0.0,48416343.75
2025-08-01 01:51:23 PM,443.55,75,33266.25,48449610.0
2025-08-01 01:53:02 PM,452.1,0,0.0,48449610.0
2025-08-01 01:53:02 PM,452.1,375,169537.5,48619147.5
2025-08-01 01:53:33 PM,448.2,0,0.0,48619147.5
2025-08-01 01:53:33 PM,448.2,150,67230.0,48686377.5
2025-08-01 01:54:23 PM,448.2,75,33615.0,48719992.5
2025-08-01 01:54:44 PM,446.2,0,0.0,48719992.5
2025-08-01 01:54:44 PM,446.2,150,66930.0,48786922.5
2025-08-01 01:54:46 PM,445.55,0,0.0,48786922.5
2025-08-01 01:54:46 PM,445.55,375,167081.25,48954003.75
2025-08-01 01:56:19 PM,444.7,0,0.0,48954003.75
2025-08-01 01:56:19 PM,444.7,150,66705.0,49020708.75
2025-08-01 01:57:51 PM,440.7,0,0.0,49020708.75
2025-08-01 01:57:52 PM,440.7,75,33052.5,49053761.25
2025-08-01 01:58:04 PM,439.9,0,0.0,49053761.25
2025-08-01 01:58:05 PM,439.9,75,32992.5,49086753.75
2025-08-01 01:58:34 PM,436.7,0,0.0,49086753.75
2025-08-01 01:58:35 PM,433.45,0,0.0,49086753.75
2025-08-01 01:58:35 PM,433.45,375,162543.75,49249297.5
2025-08-01 01:59:19 PM,428.25,0,0.0,49249297.5
2025-08-01 01:59:20 PM,428.25,150,64237.5,49313535.0
2025-08-01 01:59:23 PM,424.6,0,0.0,49313535.0
2025-08-01 01:59:23 PM,424.6,75,31845.0,49345380.0
2025-08-01 01:59:31 PM,427.65,0,0.0,49345380.0
2025-08-01 01:59:32 PM,427.65,225,96221.25,49441601.25
2025-08-01 02:00:10 PM,439.25,0,0.0,49441601.25
2025-08-01 02:00:10 PM,440.7,0,0.0,49441601.25
2025-08-01 02:00:11 PM,440.7,675,297472.5,49739073.75
2025-08-01 02:00:44 PM,438.5,0,0.0,49739073.75
2025-08-01 02:00:45 PM,438.5,75,32887.5,49771961.25
2025-08-01 02:03:04 PM,429.05,0,0.0,49771961.25
2025-08-01 02:03:04 PM,429.05,75,32178.75,49804140.0
2025-08-01 02:06:02 PM,435.95,0,0.0,49804140.0
2025-08-01 02:06:03 PM,435.7,0,0.0,49804140.0
2025-08-01 02:06:03 PM,435.7,450,196065.0,50000205.0
2025-08-01 02:06:13 PM,433.35,750,325012.5,50325217.5
2025-08-01 02:06:14 PM,431.3,0,0.0,50325217.5
2025-08-01 02:06:14 PM,431.3,75,32347.5,50357565.0
2025-08-01 02:07:36 PM,429.05,0,0.0,50357565.0
2025-08-01 02:07:36 PM,429.05,75,32178.75,50389743.75
2025-08-01 02:07:40 PM,427.95,0,0.0,50389743.75
2025-08-01 02:07:41 PM,427.95,375,160481.25,50550225.0
2025-08-01 02:09:47 PM,432.2,0,0.0,50550225.0
2025-08-01 02:09:47 PM,432.2,525,226905.0,50777130.0
2025-08-01 02:09:59 PM,433.55,150,65032.5,50842162.5
2025-08-01 02:12:43 PM,444.35,0,0.0,50842162.5
2025-08-01 02:12:43 PM,444.35,375,166631.25,51008793.75
2025-08-01 02:12:46 PM,440.95,0,0.0,51008793.75
2025-08-01 02:12:46 PM,440.95,375,165356.25,51174150.0
2025-08-01 02:12:51 PM,443.05,0,0.0,51174150.0
2025-08-01 02:12:51 PM,443.05,150,66457.5,51240607.5
2025-08-01 02:12:52 PM,442.55,0,0.0,51240607.5
2025-08-01 02:12:53 PM,442.55,75,33191.25,51273798.75
2025-08-01 02:13:09 PM,439.05,0,0.0,51273798.75
2025-08-01 02:13:09 PM,439.05,75,32928.75,51306727.5
2025-08-01 02:17:02 PM,445.8,0,0.0,51306727.5
2025-08-01 02:17:03 PM,445.8,375,167175.0,51473902.5
2025-08-01 02:17:05 PM,444.2,0,0.0,51473902.5
2025-08-01 02:17:06 PM,444.2,375,166575.0,51640477.5
2025-08-01 02:18:01 PM,447.3,0,0.0,51640477.5
2025-08-01 02:18:02 PM,447.3,675,301927.5,51942405.0
2025-08-01 02:18:29 PM,447.3,300,134190.0,52076595.0
2025-08-01 02:18:57 PM,447.3,75,33547.5,52110142.5
2025-08-01 02:19:03 PM,447.65,0,0.0,52110142.5
2025-08-01 02:19:04 PM,447.65,375,167868.75,52278011.25
2025-08-01 02:19:18 PM,445.0,0,0.0,52278011.25
2025-08-01 02:19:18 PM,444.3,0,0.0,52278011.25
2025-08-01 02:19:19 PM,444.3,300,133290.0,52411301.25
2025-08-01 02:19:49 PM,439.8,0,0.0,52411301.25
2025-08-01 02:19:50 PM,439.8,75,32985.0,52444286.25
2025-08-01 02:19:52 PM,436.1,0,0.0,52444286.25
2025-08-01 02:19:53 PM,436.1,375,163537.5,52607823.75
2025-08-01 02:20:17 PM,440.8,0,0.0,52607823.75
2025-08-01 02:20:17 PM,440.8,375,165300.0,52773123.75
2025-08-01 02:21:03 PM,437.05,0,0.0,52773123.75
2025-08-01 02:21:04 PM,437.05,375,163893.75,52937017.5
2025-08-01 02:21:05 PM,440.8,0,0.0,52937017.5
2025-08-01 02:21:05 PM,440.8,75,33060.0,52970077.5
2025-08-01 02:21:21 PM,435.0,0,0.0,52970077.5
2025-08-01 02:21:21 PM,435.0,75,32625.0,53002702.5
2025-08-01 02:21:26 PM,436.75,0,0.0,53002702.5
2025-08-01 02:21:26 PM,436.75,75,32756.25,53035458.75
2025-08-01 02:21:45 PM,433.55,0,0.0,53035458.75
2025-08-01 02:21:46 PM,433.55,300,130065.0,53165523.75
2025-08-01 02:22:18 PM,428.0,0,0.0,53165523.75
2025-08-01 02:22:18 PM,428.0,75,32100.0,53197623.75
2025-08-01 02:22:52 PM,434.55,0,0.0,53197623.75
2025-08-01 02:22:52 PM,434.55,300,130365.0,53327988.75
2025-08-01 02:23:36 PM,431.95,0,0.0,53327988.75
2025-08-01 02:23:36 PM,431.95,75,32396.25,53360385.0
2025-08-01 02:24:36 PM,430.5,0,0.0,53360385.0
2025-08-01 02:24:38 PM,430.5,150,64575.0,53424960.0
2025-08-01 02:25:18 PM,426.5,0,0.0,53424960.0
2025-08-01 02:25:18 PM,426.5,375,159937.5,53584897.5
2025-08-01 02:25:35 PM,427.25,0,0.0,53584897.5
2025-08-01 02:25:36 PM,427.55,0,0.0,53584897.5
2025-08-01 02:25:36 PM,427.55,150,64132.5,53649030.0
2025-08-01 02:26:14 PM,430.55,0,0.0,53649030.0
2025-08-01 02:26:15 PM,429.9,0,0.0,53649030.0
2025-08-01 02:26:15 PM,429.9,150,64485.0,53713515.0
2025-08-01 02:26:21 PM,430.35,0,0.0,53713515.0
2025-08-01 02:26:22 PM,430.35,75,32276.25,53745791.25
2025-08-01 02:26:47 PM,428.2,0,0.0,53745791.25
2025-08-01 02:26:47 PM,428.2,75,32115.0,53777906.25
2025-08-01 02:26:52 PM,423.0,0,0.0,53777906.25
2025-08-01 02:26:53 PM,423.0,525,222075.0,53999981.25
2025-08-01 02:27:24 PM,421.8,0,0.0,53999981.25
2025-08-01 02:27:25 PM,421.8,75,31635.0,54031616.25
2025-08-01 02:27:36 PM,421.7,75,31627.5,54063243.75
2025-08-01 02:27:46 PM,421.3,0,0.0,54063243.75
2025-08-01 02:27:46 PM,421.3,75,31597.5,54094841.25
2025-08-01 02:27:51 PM,418.2,0,0.0,54094841.25
2025-08-01 02:27:51 PM,418.2,75,31365.0,54126206.25
2025-08-01 02:27:51 PM,418.0,75,31350.0,54157556.25
2025-08-01 02:27:52 PM,420.5,0,0.0,54157556.25
2025-08-01 02:27:53 PM,420.5,450,189225.0,54346781.25
2025-08-01 02:27:57 PM,419.0,0,0.0,54346781.25
2025-08-01 02:27:58 PM,419.0,300,125700.0,54472481.25
2025-08-01 02:28:09 PM,413.45,0,0.0,54472481.25
2025-08-01 02:28:09 PM,413.45,75,31008.75,54503490.0
2025-08-01 02:28:14 PM,412.75,0,0.0,54503490.0
2025-08-01 02:28:14 PM,412.75,75,30956.25,54534446.25
2025-08-01 02:29:04 PM,418.8,0,0.0,54534446.25
2025-08-01 02:29:04 PM,418.8,75,31410.0,54565856.25
2025-08-01 02:29:52 PM,423.95,0,0.0,54565856.25
2025-08-01 02:29:52 PM,423.95,75,31796.25,54597652.5
2025-08-01 02:30:00 PM,424.7,0,0.0,54597652.5
2025-08-01 02:30:00 PM,424.7,75,31852.5,54629505.0
2025-08-01 02:30:24 PM,422.3,0,0.0,54629505.0
2025-08-01 02:30:25 PM,422.3,150,63345.0,54692850.0
2025-08-01 02:30:52 PM,426.25,0,0.0,54692850.0
2025-08-01 02:30:53 PM,426.25,75,31968.75,54724818.75
2025-08-01 02:31:09 PM,428.2,0,0.0,54724818.75
2025-08-01 02:31:10 PM,428.2,75,32115.0,54756933.75
2025-08-01 02:31:12 PM,429.0,0,0.0,54756933.75
2025-08-01 02:31:13 PM,429.0,150,64350.0,54821283.75
2025-08-01 02:31:15 PM,429.95,0,0.0,54821283.75
2025-08-01 02:31:16 PM,429.95,75,32246.25,54853530.0
2025-08-01 02:31:22 PM,432.0,0,0.0,54853530.0
2025-08-01 02:31:23 PM,433.8,0,0.0,54853530.0
2025-08-01 02:31:23 PM,433.8,225,97605.0,54951135.0
2025-08-01 02:31:24 PM,432.0,0,0.0,54951135.0
2025-08-01 02:31:24 PM,432.0,75,32400.0,54983535.0
2025-08-01 02:31:25 PM,435.1,0,0.0,54983535.0
2025-08-01 02:31:25 PM,435.1,75,32632.5,55016167.5
2025-08-01 02:31:59 PM,439.45,0,0.0,55016167.5
2025-08-01 02:31:59 PM,439.45,75,32958.75,55049126.25
2025-08-01 02:32:03 PM,436.0,75,32700.0,55081826.25
2025-08-01 02:32:03 PM,435.1,0,0.0,55081826.25
2025-08-01 02:32:03 PM,435.1,75,32632.5,55114458.75
2025-08-01 02:32:04 PM,435.7,0,0.0,55114458.75
2025-08-01 02:32:04 PM,435.7,75,32677.5,55147136.25
2025-08-01 02:32:09 PM,434.8,0,0.0,55147136.25
2025-08-01 02:32:09 PM,434.8,75,32610.0,55179746.25
2025-08-01 02:32:12 PM,432.95,0,0.0,55179746.25
2025-08-01 02:32:13 PM,432.95,75,32471.25,55212217.5
2025-08-01 02:33:02 PM,437.25,0,0.0,55212217.5
2025-08-01 02:33:02 PM,437.25,75,32793.75,55245011.25
2025-08-01 02:33:03 PM,437.0,0,0.0,55245011.25
2025-08-01 02:33:04 PM,437.0,375,163875.0,55408886.25
2025-08-01 02:33:15 PM,438.75,600,263250.0,55672136.25
2025-08-01 02:33:28 PM,441.0,0,0.0,55672136.25
2025-08-01 02:33:30 PM,441.0,75,33075.0,55705211.25
2025-08-01 02:33:44 PM,441.0,75,33075.0,55738286.25
2025-08-01 02:34:01 PM,440.85,0,0.0,55738286.25
2025-08-01 02:34:01 PM,440.85,75,33063.75,55771350.0
2025-08-01 02:34:11 PM,441.55,0,0.0,55771350.0
2025-08-01 02:34:12 PM,441.55,75,33116.25,55804466.25
2025-08-01 02:34:40 PM,439.1,0,0.0,55804466.25
2025-08-01 02:34:40 PM,439.1,75,32932.5,55837398.75
2025-08-01 02:35:03 PM,437.85,0,0.0,55837398.75
2025-08-01 02:35:03 PM,437.85,375,164193.75,56001592.5
2025-08-01 02:35:09 PM,440.95,0,0.0,56001592.5
2025-08-01 02:35:10 PM,440.0,0,0.0,56001592.5
2025-08-01 02:35:11 PM,440.0,525,231000.0,56232592.5
2025-08-01 02:35:16 PM,441.55,0,0.0,56232592.5
2025-08-01 02:35:17 PM,441.55,75,33116.25,56265708.75
2025-08-01 02:35:30 PM,445.0,0,0.0,56265708.75
2025-08-01 02:35:30 PM,445.0,225,100125.0,56365833.75
2025-08-01 02:35:45 PM,443.35,0,0.0,56365833.75
2025-08-01 02:35:46 PM,443.35,300,133005.0,56498838.75
2025-08-01 02:37:13 PM,437.8,0,0.0,56498838.75
2025-08-01 02:37:14 PM,437.8,225,98505.0,56597343.75
2025-08-01 02:37:33 PM,439.35,0,0.0,56597343.75
2025-08-01 02:37:34 PM,439.35,75,32951.25,56630295.0
2025-08-01 02:38:28 PM,428.25,0,0.0,56630295.0
2025-08-01 02:38:29 PM,428.25,150,64237.5,56694532.5
2025-08-01 02:38:32 PM,424.75,0,0.0,56694532.5
2025-08-01 02:38:32 PM,424.75,150,63712.5,56758245.0
2025-08-01 02:38:40 PM,420.05,0,0.0,56758245.0
2025-08-01 02:38:40 PM,420.05,75,31503.75,56789748.75
2025-08-01 02:38:47 PM,419.2,0,0.0,56789748.75
2025-08-01 02:38:47 PM,419.2,75,31440.0,56821188.75
2025-08-01 02:38:53 PM,427.7,0,0.0,56821188.75
2025-08-01 02:38:54 PM,427.7,75,32077.5,56853266.25
2025-08-01 02:39:05 PM,426.0,0,0.0,56853266.25
2025-08-01 02:39:06 PM,426.0,150,63900.0,56917166.25
2025-08-01 02:39:08 PM,426.75,0,0.0,56917166.25
2025-08-01 02:39:09 PM,426.75,225,96018.75,57013185.0
2025-08-01 02:39:19 PM,427.25,0,0.0,57013185.0
2025-08-01 02:39:20 PM,427.25,150,64087.5,57077272.5
2025-08-01 02:40:06 PM,432.0,0,0.0,57077272.5
2025-08-01 02:40:06 PM,432.0,75,32400.0,57109672.5
2025-08-01 02:40:19 PM,428.5,0,0.0,57109672.5
2025-08-01 02:40:20 PM,428.5,75,32137.5,57141810.0
2025-08-01 02:41:33 PM,425.65,0,0.0,57141810.0
2025-08-01 02:41:35 PM,425.65,75,31923.75,57173733.75
2025-08-01 02:42:45 PM,423.8,0,0.0,57173733.75
2025-08-01 02:42:46 PM,423.8,75,31785.0,57205518.75
2025-08-01 02:42:51 PM,421.85,0,0.0,57205518.75
2025-08-01 02:42:52 PM,421.85,75,31638.75,57237157.5
2025-08-01 02:43:52 PM,418.7,75,31402.5,57268560.0
2025-08-01 02:43:57 PM,422.2,0,0.0,57268560.0
2025-08-01 02:43:57 PM,422.2,75,31665.0,57300225.0
2025-08-01 02:44:29 PM,420.9,0,0.0,57300225.0
2025-08-01 02:44:30 PM,420.9,150,63135.0,57363360.0
2025-08-01 02:45:18 PM,420.15,0,0.0,57363360.0
2025-08-01 02:45:18 PM,420.15,525,220578.75,57583938.75
2025-08-01 02:45:18 PM,420.2,300,126060.0,57709998.75
2025-08-01 02:45:24 PM,422.8,0,0.0,57709998.75
2025-08-01 02:45:25 PM,422.8,75,31710.0,57741708.75
2025-08-01 02:46:46 PM,417.0,0,0.0,57741708.75
2025-08-01 02:46:46 PM,417.0,75,31275.0,57772983.75
2025-08-01 02:46:46 PM,416.9,150,62535.0,57835518.75
2025-08-01 02:46:48 PM,417.9,0,0.0,57835518.75
2025-08-01 02:46:49 PM,417.9,75,31342.5,57866861.25
2025-08-01 02:47:01 PM,422.0,0,0.0,57866861.25
2025-08-01 02:47:02 PM,422.0,75,31650.0,57898511.25
2025-08-01 02:47:09 PM,423.25,0,0.0,57898511.25
2025-08-01 02:47:11 PM,423.25,75,31743.75,57930255.0
2025-08-01 02:47:16 PM,425.7,0,0.0,57930255.0
2025-08-01 02:47:17 PM,425.7,75,31927.5,57962182.5
2025-08-01 02:47:23 PM,426.0,0,0.0,57962182.5
2025-08-01 02:47:24 PM,426.0,75,31950.0,57994132.5
2025-08-01 02:47:24 PM,427.3,0,0.0,57994132.5
2025-08-01 02:47:26 PM,427.3,75,32047.5,58026180.0
2025-08-01 02:47:29 PM,426.95,0,0.0,58026180.0
2025-08-01 02:47:31 PM,426.95,75,32021.25,58058201.25
2025-08-01 02:48:03 PM,429.75,0,0.0,58058201.25
2025-08-01 02:48:04 PM,429.75,375,161156.25,58219357.5
2025-08-01 02:48:44 PM,432.0,0,0.0,58219357.5
2025-08-01 02:48:45 PM,432.0,75,32400.0,58251757.5
2025-08-01 02:49:30 PM,433.55,0,0.0,58251757.5
2025-08-01 02:49:30 PM,433.55,150,65032.5,58316790.0
2025-08-01 02:49:35 PM,435.1,0,0.0,58316790.0
2025-08-01 02:49:36 PM,433.75,0,0.0,58316790.0
2025-08-01 02:49:36 PM,433.75,300,130125.0,58446915.0
2025-08-01 02:50:28 PM,431.55,0,0.0,58446915.0
2025-08-01 02:50:28 PM,431.55,675,291296.25,58738211.25
2025-08-01 02:50:28 PM,432.25,0,0.0,58738211.25
2025-08-01 02:50:30 PM,432.25,75,32418.75,58770630.0
2025-08-01 02:50:38 PM,433.35,75,32501.25,58803131.25
2025-08-01 02:51:15 PM,432.65,0,0.0,58803131.25
2025-08-01 02:51:15 PM,432.65,75,32448.75,58835580.0
2025-08-01 02:51:50 PM,429.0,0,0.0,58835580.0
2025-08-01 02:51:50 PM,429.0,75,32175.0,58867755.0
2025-08-01 02:52:13 PM,429.0,75,32175.0,58899930.0
2025-08-01 02:52:55 PM,426.1,0,0.0,58899930.0
2025-08-01 02:52:56 PM,426.1,225,95872.5,58995802.5
2025-08-01 02:53:03 PM,429.3,0,0.0,58995802.5
2025-08-01 02:53:03 PM,427.65,450,192442.5,59188245.0
2025-08-01 02:53:38 PM,427.65,75,32073.75,59220318.75
2025-08-01 02:54:55 PM,423.05,0,0.0,59220318.75
2025-08-01 02:54:55 PM,421.5,0,0.0,59220318.75
2025-08-01 02:54:56 PM,421.5,300,126450.0,59346768.75
2025-08-01 02:55:26 PM,421.0,150,63150.0,59409918.75
2025-08-01 02:55:52 PM,416.8,0,0.0,59409918.75
2025-08-01 02:55:52 PM,416.8,225,93780.0,59503698.75
2025-08-01 02:56:08 PM,417.9,0,0.0,59503698.75
2025-08-01 02:56:08 PM,417.9,75,31342.5,59535041.25
2025-08-01 02:57:00 PM,415.0,0,0.0,59535041.25
2025-08-01 02:57:01 PM,415.0,75,31125.0,59566166.25
2025-08-01 02:57:34 PM,413.2,75,30990.0,59597156.25
2025-08-01 02:57:43 PM,414.2,75,31065.0,59628221.25
2025-08-01 02:57:45 PM,413.55,0,0.0,59628221.25
2025-08-01 02:57:46 PM,413.55,75,31016.25,59659237.5
2025-08-01 02:58:09 PM,418.9,600,251340.0,59910577.5
2025-08-01 02:58:18 PM,418.65,0,0.0,59910577.5
2025-08-01 02:58:18 PM,418.65,75,31398.75,59941976.25
2025-08-01 02:58:21 PM,421.75,0,0.0,59941976.25
2025-08-01 02:58:22 PM,421.75,150,63262.5,60005238.75
2025-08-01 02:58:44 PM,420.45,0,0.0,60005238.75
2025-08-01 02:58:44 PM,420.45,150,63067.5,60068306.25
2025-08-01 02:58:47 PM,417.35,0,0.0,60068306.25
2025-08-01 02:58:48 PM,417.35,750,313012.5,60381318.75
2025-08-01 02:58:51 PM,415.0,0,0.0,60381318.75
2025-08-01 02:58:52 PM,415.0,75,31125.0,60412443.75
2025-08-01 02:59:15 PM,417.1,0,0.0,60412443.75
2025-08-01 02:59:15 PM,417.1,150,62565.0,60475008.75
2025-08-01 02:59:40 PM,414.1,75,31057.5,60506066.25
2025-08-01 02:59:47 PM,415.1,0,0.0,60506066.25
2025-08-01 02:59:48 PM,415.1,75,31132.5,60537198.75
2025-08-01 03:00:05 PM,410.0,600,246000.0,60783198.75
2025-08-01 03:00:09 PM,414.1,0,0.0,60783198.75
2025-08-01 03:00:09 PM,414.1,150,62115.0,60845313.75
2025-08-01 03:00:26 PM,409.8,0,0.0,60845313.75
2025-08-01 03:00:26 PM,409.8,75,30735.0,60876048.75
2025-08-01 03:00:32 PM,408.0,0,0.0,60876048.75
2025-08-01 03:00:32 PM,408.0,75,30600.0,60906648.75
2025-08-01 03:00:34 PM,411.0,0,0.0,60906648.75
2025-08-01 03:00:35 PM,411.0,1050,431550.0,61338198.75
2025-08-01 03:00:43 PM,409.85,0,0.0,61338198.75
2025-08-01 03:00:43 PM,409.85,75,30738.75,61368937.5
2025-08-01 03:01:07 PM,423.35,0,0.0,61368937.5
2025-08-01 03:01:08 PM,423.35,150,63502.5,61432440.0
2025-08-01 03:01:10 PM,425.0,0,0.0,61432440.0
2025-08-01 03:01:10 PM,425.0,300,127500.0,61559940.0
2025-08-01 03:03:08 PM,417.05,0,0.0,61559940.0
2025-08-01 03:03:09 PM,417.05,150,62557.5,61622497.5
2025-08-01 03:03:31 PM,415.0,0,0.0,61622497.5
2025-08-01 03:03:32 PM,415.0,75,31125.0,61653622.5
2025-08-01 03:03:36 PM,414.0,0,0.0,61653622.5
2025-08-01 03:03:37 PM,414.0,75,31050.0,61684672.5
2025-08-01 03:04:07 PM,407.35,0,0.0,61684672.5
2025-08-01 03:04:07 PM,407.35,75,30551.25,61715223.75
2025-08-01 03:05:09 PM,404.7,0,0.0,61715223.75
2025-08-01 03:05:10 PM,404.25,150,60637.5,61775861.25
2025-08-01 03:05:11 PM,404.8,0,0.0,61775861.25
2025-08-01 03:05:11 PM,404.8,75,30360.0,61806221.25
2025-08-01 03:05:26 PM,404.15,0,0.0,61806221.25
2025-08-01 03:05:26 PM,404.15,75,30311.25,61836532.5
2025-08-01 03:05:26 PM,403.55,0,0.0,61836532.5
2025-08-01 03:05:26 PM,403.55,75,30266.25,61866798.75
2025-08-01 03:05:55 PM,393.8,0,0.0,61866798.75
2025-08-01 03:05:56 PM,393.8,75,29535.0,61896333.75
2025-08-01 03:06:17 PM,392.85,0,0.0,61896333.75
2025-08-01 03:06:17 PM,392.85,75,29463.75,61925797.5
2025-08-01 03:06:18 PM,393.7,0,0.0,61925797.5
2025-08-01 03:06:19 PM,393.35,0,0.0,61925797.5
2025-08-01 03:06:19 PM,393.35,300,118005.0,62043802.5
2025-08-01 03:06:22 PM,391.2,0,0.0,62043802.5
2025-08-01 03:06:22 PM,391.2,75,29340.0,62073142.5
2025-08-01 03:06:29 PM,388.05,0,0.0,62073142.5
2025-08-01 03:06:29 PM,388.05,375,145518.75,62218661.25
2025-08-01 03:06:32 PM,388.05,75,29103.75,62247765.0
2025-08-01 03:06:33 PM,385.5,0,0.0,62247765.0
2025-08-01 03:06:34 PM,385.5,75,28912.5,62276677.5
2025-08-01 03:06:36 PM,390.0,0,0.0,62276677.5
2025-08-01 03:06:37 PM,390.0,75,29250.0,62305927.5
2025-08-01 03:06:43 PM,387.35,0,0.0,62305927.5
2025-08-01 03:06:44 PM,387.35,75,29051.25,62334978.75
2025-08-01 03:07:10 PM,391.35,0,0.0,62334978.75
2025-08-01 03:07:10 PM,391.35,150,58702.5,62393681.25
2025-08-01 03:07:11 PM,390.85,75,29313.75,62422995.0
2025-08-01 03:07:15 PM,391.55,0,0.0,62422995.0
2025-08-01 03:07:16 PM,391.55,75,29366.25,62452361.25
2025-08-01 03:07:30 PM,389.2,0,0.0,62452361.25
2025-08-01 03:07:30 PM,389.2,225,87570.0,62539931.25
2025-08-01 03:07:59 PM,390.55,0,0.0,62539931.25
2025-08-01 03:08:00 PM,390.55,75,29291.25,62569222.5
2025-08-01 03:08:04 PM,390.4,0,0.0,62569222.5
2025-08-01 03:08:05 PM,390.4,225,87840.0,62657062.5
2025-08-01 03:08:10 PM,387.55,0,0.0,62657062.5
2025-08-01 03:08:10 PM,387.55,75,29066.25,62686128.75
2025-08-01 03:08:19 PM,380.0,0,0.0,62686128.75
2025-08-01 03:08:20 PM,380.0,75,28500.0,62714628.75
2025-08-01 03:08:30 PM,374.8,0,0.0,62714628.75
2025-08-01 03:08:30 PM,374.8,300,112440.0,62827068.75
2025-08-01 03:08:31 PM,376.35,0,0.0,62827068.75
2025-08-01 03:08:32 PM,376.35,450,169357.5,62996426.25
2025-08-01 03:08:46 PM,372.75,0,0.0,62996426.25
2025-08-01 03:08:47 PM,372.75,150,55912.5,63052338.75
2025-08-01 03:08:50 PM,372.95,0,0.0,63052338.75
2025-08-01 03:08:50 PM,372.05,225,83711.25,63136050.0
2025-08-01 03:09:00 PM,373.25,0,0.0,63136050.0
2025-08-01 03:09:00 PM,373.25,225,83981.25,63220031.25
2025-08-01 03:09:01 PM,372.8,0,0.0,63220031.25
2025-08-01 03:09:01 PM,373.45,0,0.0,63220031.25
2025-08-01 03:09:02 PM,373.45,225,84026.25,63304057.5
2025-08-01 03:09:06 PM,374.15,0,0.0,63304057.5
2025-08-01 03:09:07 PM,374.15,75,28061.25,63332118.75
2025-08-01 03:09:08 PM,370.0,0,0.0,63332118.75
2025-08-01 03:09:08 PM,370.0,150,55500.0,63387618.75
2025-08-01 03:09:22 PM,368.25,75,27618.75,63415237.5
2025-08-01 03:09:22 PM,370.0,0,0.0,63415237.5
2025-08-01 03:09:23 PM,370.0,75,27750.0,63442987.5
2025-08-01 03:09:26 PM,369.3,0,0.0,63442987.5
2025-08-01 03:09:27 PM,369.3,75,27697.5,63470685.0
2025-08-01 03:09:29 PM,368.95,0,0.0,63470685.0
2025-08-01 03:09:29 PM,368.95,75,27671.25,63498356.25
2025-08-01 03:09:35 PM,366.25,0,0.0,63498356.25
2025-08-01 03:09:35 PM,366.25,75,27468.75,63525825.0
2025-08-01 03:09:36 PM,367.05,0,0.0,63525825.0
2025-08-01 03:09:37 PM,367.05,150,55057.5,63580882.5
2025-08-01 03:09:39 PM,367.85,0,0.0,63580882.5
2025-08-01 03:09:39 PM,367.85,75,27588.75,63608471.25
2025-08-01 03:09:40 PM,365.05,0,0.0,63608471.25
2025-08-01 03:09:40 PM,365.05,75,27378.75,63635850.0
2025-08-01 03:09:44 PM,365.5,0,0.0,63635850.0
2025-08-01 03:09:45 PM,365.5,75,27412.5,63663262.5
2025-08-01 03:09:46 PM,364.1,0,0.0,63663262.5
2025-08-01 03:09:47 PM,364.1,75,27307.5,63690570.0
2025-08-01 03:10:01 PM,370.0,0,0.0,63690570.0
2025-08-01 03:10:02 PM,370.0,150,55500.0,63746070.0
2025-08-01 03:10:04 PM,371.45,75,27858.75,63773928.75
2025-08-01 03:10:13 PM,366.75,0,0.0,63773928.75
2025-08-01 03:10:13 PM,366.75,75,27506.25,63801435.0
2025-08-01 03:10:18 PM,363.0,0,0.0,63801435.0
2025-08-01 03:10:18 PM,363.0,225,81675.0,63883110.0
2025-08-01 03:10:20 PM,362.45,75,27183.75,63910293.75
2025-08-01 03:10:21 PM,360.0,0,0.0,63910293.75
2025-08-01 03:10:22 PM,360.0,150,54000.0,63964293.75
2025-08-01 03:10:23 PM,359.6,300,107880.0,64072173.75
2025-08-01 03:10:31 PM,359.1,0,0.0,64072173.75
2025-08-01 03:10:32 PM,359.1,450,161595.0,64233768.75
2025-08-01 03:10:35 PM,355.4,375,133275.0,64367043.75
2025-08-01 03:10:37 PM,356.1,0,0.0,64367043.75
2025-08-01 03:10:38 PM,355.45,0,0.0,64367043.75
2025-08-01 03:10:38 PM,355.45,150,53317.5,64420361.25
2025-08-01 03:10:39 PM,355.0,0,0.0,64420361.25
2025-08-01 03:10:40 PM,355.0,150,53250.0,64473611.25
2025-08-01 03:10:40 PM,356.65,75,26748.75,64500360.0
2025-08-01 03:10:50 PM,358.35,0,0.0,64500360.0
2025-08-01 03:10:50 PM,358.35,1575,564401.25,65064761.25
2025-08-01 03:10:54 PM,356.65,0,0.0,65064761.25
2025-08-01 03:10:55 PM,356.65,75,26748.75,65091510.0
2025-08-01 03:10:59 PM,356.25,0,0.0,65091510.0
2025-08-01 03:11:00 PM,356.25,150,53437.5,65144947.5
2025-08-01 03:11:02 PM,357.1,0,0.0,65144947.5
2025-08-01 03:11:03 PM,357.1,150,53565.0,65198512.5
2025-08-01 03:11:04 PM,358.8,0,0.0,65198512.5
2025-08-01 03:11:05 PM,358.8,75,26910.0,65225422.5
2025-08-01 03:11:07 PM,358.85,0,0.0,65225422.5
2025-08-01 03:11:07 PM,358.85,75,26913.75,65252336.25
2025-08-01 03:11:16 PM,358.55,0,0.0,65252336.25
2025-08-01 03:11:16 PM,358.55,150,53782.5,65306118.75
2025-08-01 03:11:21 PM,361.05,0,0.0,65306118.75
2025-08-01 03:11:21 PM,361.05,75,27078.75,65333197.5
2025-08-01 03:11:25 PM,358.1,75,26857.5,65360055.0
2025-08-01 03:11:25 PM,359.05,0,0.0,65360055.0
2025-08-01 03:11:25 PM,359.05,75,26928.75,65386983.75
2025-08-01 03:11:30 PM,357.3,0,0.0,65386983.75
2025-08-01 03:11:31 PM,357.3,225,80392.5,65467376.25
2025-08-01 03:11:45 PM,356.2,300,106860.0,65574236.25
2025-08-01 03:12:02 PM,350.0,450,157500.0,65731736.25
2025-08-01 03:12:06 PM,352.2,0,0.0,65731736.25
2025-08-01 03:12:07 PM,352.2,75,26415.0,65758151.25
2025-08-01 03:12:11 PM,356.2,0,0.0,65758151.25
2025-08-01 03:12:12 PM,356.2,300,106860.0,65865011.25
2025-08-01 03:12:20 PM,353.3,0,0.0,65865011.25
2025-08-01 03:12:20 PM,353.3,150,52995.0,65918006.25
2025-08-01 03:12:31 PM,352.05,0,0.0,65918006.25
2025-08-01 03:12:31 PM,352.05,375,132018.75,66050025.0
2025-08-01 03:12:33 PM,354.15,0,0.0,66050025.0
2025-08-01 03:12:33 PM,354.15,75,26561.25,66076586.25
2025-08-01 03:12:37 PM,356.45,0,0.0,66076586.25
2025-08-01 03:12:38 PM,356.45,75,26733.75,66103320.0
2025-08-01 03:12:39 PM,356.0,0,0.0,66103320.0
2025-08-01 03:12:40 PM,356.0,75,26700.0,66130020.0
2025-08-01 03:12:45 PM,352.0,0,0.0,66130020.0
2025-08-01 03:12:46 PM,352.0,300,105600.0,66235620.0
2025-08-01 03:12:47 PM,352.0,75,26400.0,66262020.0
2025-08-01 03:12:52 PM,356.0,0,0.0,66262020.0
2025-08-01 03:12:53 PM,356.0,975,347100.0,66609120.0
2025-08-01 03:12:53 PM,355.05,0,0.0,66609120.0
2025-08-01 03:12:54 PM,355.05,150,53257.5,66662377.5
2025-08-01 03:13:02 PM,357.3,0,0.0,66662377.5
2025-08-01 03:13:03 PM,357.3,75,26797.5,66689175.0
2025-08-01 03:13:04 PM,357.3,450,160785.0,66849960.0
2025-08-01 03:13:11 PM,356.85,0,0.0,66849960.0
2025-08-01 03:13:11 PM,356.85,75,26763.75,66876723.75
2025-08-01 03:13:12 PM,358.9,0,0.0,66876723.75
2025-08-01 03:13:12 PM,358.2,0,0.0,66876723.75
2025-08-01 03:13:13 PM,358.2,300,107460.0,66984183.75
2025-08-01 03:13:13 PM,361.0,1575,568575.0,67552758.75
2025-08-01 03:13:19 PM,363.1,0,0.0,67552758.75
2025-08-01 03:13:19 PM,363.1,1950,708045.0,68260803.75
2025-08-01 03:13:21 PM,363.15,0,0.0,68260803.75
2025-08-01 03:13:22 PM,365.65,0,0.0,68260803.75
2025-08-01 03:13:22 PM,365.65,300,109695.0,68370498.75
2025-08-01 03:13:38 PM,363.35,0,0.0,68370498.75
2025-08-01 03:13:38 PM,363.35,150,54502.5,68425001.25
2025-08-01 03:13:47 PM,360.55,0,0.0,68425001.25
2025-08-01 03:13:47 PM,360.55,75,27041.25,68452042.5
2025-08-01 03:13:49 PM,358.75,0,0.0,68452042.5
2025-08-01 03:13:49 PM,358.75,150,53812.5,68505855.0
2025-08-01 03:13:51 PM,358.95,0,0.0,68505855.0
2025-08-01 03:13:51 PM,358.95,75,26921.25,68532776.25
2025-08-01 03:13:52 PM,360.2,0,0.0,68532776.25
2025-08-01 03:13:52 PM,360.2,150,54030.0,68586806.25
2025-08-01 03:13:54 PM,360.45,0,0.0,68586806.25
2025-08-01 03:13:54 PM,360.45,150,54067.5,68640873.75
2025-08-01 03:13:55 PM,361.3,0,0.0,68640873.75
2025-08-01 03:13:56 PM,361.3,975,352267.5,68993141.25
2025-08-01 03:14:01 PM,362.6,0,0.0,68993141.25
2025-08-01 03:14:02 PM,362.6,150,54390.0,69047531.25
2025-08-01 03:14:09 PM,362.95,0,0.0,69047531.25
2025-08-01 03:14:09 PM,362.95,150,54442.5,69101973.75
2025-08-01 03:14:12 PM,364.15,0,0.0,69101973.75
2025-08-01 03:14:12 PM,364.15,75,27311.25,69129285.0
2025-08-01 03:14:13 PM,362.6,0,0.0,69129285.0
2025-08-01 03:14:14 PM,362.6,75,27195.0,69156480.0
2025-08-01 03:14:14 PM,362.45,0,0.0,69156480.0
2025-08-01 03:14:14 PM,362.45,75,27183.75,69183663.75
2025-08-01 03:14:15 PM,363.25,0,0.0,69183663.75
2025-08-01 03:14:16 PM,363.25,75,27243.75,69210907.5
2025-08-01 03:14:17 PM,360.5,0,0.0,69210907.5
2025-08-01 03:14:17 PM,360.5,75,27037.5,69237945.0
2025-08-01 03:14:20 PM,362.9,0,0.0,69237945.0
2025-08-01 03:14:20 PM,361.5,0,0.0,69237945.0
2025-08-01 03:14:20 PM,361.5,225,81337.5,69319282.5
2025-08-01 03:14:30 PM,365.0,0,0.0,69319282.5
2025-08-01 03:14:30 PM,365.0,75,27375.0,69346657.5
2025-08-01 03:14:32 PM,365.0,375,136875.0,69483532.5
2025-08-01 03:14:32 PM,364.85,0,0.0,69483532.5
2025-08-01 03:14:32 PM,364.85,75,27363.75,69510896.25
2025-08-01 03:14:33 PM,365.1,0,0.0,69510896.25
2025-08-01 03:14:34 PM,365.1,75,27382.5,69538278.75
2025-08-01 03:14:37 PM,363.5,0,0.0,69538278.75
2025-08-01 03:14:38 PM,363.15,0,0.0,69538278.75
2025-08-01 03:14:39 PM,363.15,225,81708.75,69619987.5
2025-08-01 03:14:47 PM,360.0,0,0.0,69619987.5
2025-08-01 03:14:47 PM,360.0,75,27000.0,69646987.5
2025-08-01 03:14:51 PM,360.8,0,0.0,69646987.5
2025-08-01 03:14:52 PM,360.8,75,27060.0,69674047.5
2025-08-01 03:15:15 PM,363.45,0,0.0,69674047.5
2025-08-01 03:15:15 PM,363.45,75,27258.75,69701306.25
2025-08-01 03:15:21 PM,363.2,0,0.0,69701306.25
2025-08-01 03:15:21 PM,363.2,225,81720.0,69783026.25
2025-08-01 03:15:26 PM,362.65,0,0.0,69783026.25
2025-08-01 03:15:26 PM,362.65,75,27198.75,69810225.0
2025-08-01 03:15:30 PM,362.65,75,27198.75,69837423.75
2025-08-01 03:15:48 PM,364.95,0,0.0,69837423.75
2025-08-01 03:15:48 PM,364.95,75,27371.25,69864795.0
2025-08-01 03:15:57 PM,362.85,0,0.0,69864795.0
2025-08-01 03:15:57 PM,362.8,0,0.0,69864795.0
2025-08-01 03:15:58 PM,362.8,2400,870720.0,70735515.0
2025-08-01 03:16:10 PM,364.35,0,0.0,70735515.0
2025-08-01 03:16:10 PM,364.35,225,81978.75,70817493.75
2025-08-01 03:16:12 PM,362.8,0,0.0,70817493.75
2025-08-01 03:16:13 PM,362.8,75,27210.0,70844703.75
2025-08-01 03:16:19 PM,360.95,0,0.0,70844703.75
2025-08-01 03:16:19 PM,360.95,1575,568496.25,71413200.0
2025-08-01 03:16:20 PM,360.65,0,0.0,71413200.0
2025-08-01 03:16:21 PM,360.65,300,108195.0,71521395.0
2025-08-01 03:16:26 PM,359.7,0,0.0,71521395.0
2025-08-01 03:16:26 PM,359.7,975,350707.5,71872102.5
2025-08-01 03:16:33 PM,358.7,0,0.0,71872102.5
2025-08-01 03:16:33 PM,358.7,75,26902.5,71899005.0
2025-08-01 03:16:44 PM,361.55,0,0.0,71899005.0
2025-08-01 03:16:44 PM,361.55,75,27116.25,71926121.25
2025-08-01 03:16:53 PM,360.85,0,0.0,71926121.25
2025-08-01 03:16:54 PM,360.85,1425,514211.25000000006,72440332.5
2025-08-01 03:17:06 PM,361.8,525,189945.0,72630277.5
2025-08-01 03:17:10 PM,365.0,0,0.0,72630277.5
2025-08-01 03:17:11 PM,365.0,150,54750.0,72685027.5
2025-08-01 03:17:13 PM,365.9,0,0.0,72685027.5
2025-08-01 03:17:13 PM,365.9,300,109770.0,72794797.5
2025-08-01 03:17:15 PM,363.5,75,27262.5,72822060.0
2025-08-01 03:17:38 PM,363.9,150,54585.0,72876645.0
2025-08-01 03:17:59 PM,362.95,0,0.0,72876645.0
2025-08-01 03:17:59 PM,362.95,150,54442.5,72931087.5
2025-08-01 03:18:00 PM,362.5,0,0.0,72931087.5
2025-08-01 03:18:01 PM,362.5,225,81562.5,73012650.0
2025-08-01 03:18:13 PM,361.25,0,0.0,73012650.0
2025-08-01 03:18:13 PM,361.25,75,27093.75,73039743.75
2025-08-01 03:18:15 PM,363.0,75,27225.0,73066968.75
2025-08-01 03:18:45 PM,364.2,0,0.0,73066968.75
2025-08-01 03:18:45 PM,364.2,150,54630.0,73121598.75
2025-08-01 03:19:01 PM,364.75,0,0.0,73121598.75
2025-08-01 03:19:01 PM,364.75,75,27356.25,73148955.0
2025-08-01 03:19:04 PM,366.4,0,0.0,73148955.0
2025-08-01 03:19:05 PM,366.4,150,54960.0,73203915.0
2025-08-01 03:19:20 PM,372.0,75,27900.0,73231815.0
2025-08-01 03:19:20 PM,372.45,0,0.0,73231815.0
2025-08-01 03:19:21 PM,372.45,225,83801.25,73315616.25
2025-08-01 03:19:24 PM,373.5,0,0.0,73315616.25
2025-08-01 03:19:24 PM,372.95,0,0.0,73315616.25
2025-08-01 03:19:25 PM,372.95,525,195798.75,73511415.0
2025-08-01 03:19:26 PM,374.2,0,0.0,73511415.0
2025-08-01 03:19:26 PM,374.2,75,28065.0,73539480.0
2025-08-01 03:19:31 PM,373.65,0,0.0,73539480.0
2025-08-01 03:19:31 PM,373.65,1050,392332.5,73931812.5
2025-08-01 03:19:36 PM,373.65,150,56047.5,73987860.0
2025-08-01 03:19:54 PM,365.75,0,0.0,73987860.0
2025-08-01 03:19:55 PM,365.75,75,27431.25,74015291.25
2025-08-01 03:20:00 PM,362.75,0,0.0,74015291.25
2025-08-01 03:20:00 PM,362.75,75,27206.25,74042497.5
2025-08-01 03:20:02 PM,367.05,0,0.0,74042497.5
2025-08-01 03:20:03 PM,367.05,75,27528.75,74070026.25
2025-08-01 03:20:13 PM,369.45,0,0.0,74070026.25
2025-08-01 03:20:15 PM,369.45,75,27708.75,74097735.0
2025-08-01 03:20:21 PM,369.6,0,0.0,74097735.0
2025-08-01 03:20:21 PM,369.6,75,27720.0,74125455.0
2025-08-01 03:20:51 PM,365.75,0,0.0,74125455.0
2025-08-01 03:20:52 PM,365.75,75,27431.25,74152886.25
2025-08-01 03:20:58 PM,363.35,0,0.0,74152886.25
2025-08-01 03:20:58 PM,363.35,150,54502.5,74207388.75
2025-08-01 03:21:01 PM,361.45,0,0.0,74207388.75
2025-08-01 03:21:02 PM,361.45,1425,515066.25,74722455.0
2025-08-01 03:21:07 PM,366.45,0,0.0,74722455.0
2025-08-01 03:21:08 PM,366.45,75,27483.75,74749938.75
2025-08-01 03:21:14 PM,365.3,0,0.0,74749938.75
2025-08-01 03:21:15 PM,365.3,75,27397.5,74777336.25
2025-08-01 03:21:28 PM,366.9,0,0.0,74777336.25
2025-08-01 03:21:29 PM,366.9,150,55035.0,74832371.25
2025-08-01 03:21:43 PM,366.9,75,27517.5,74859888.75
2025-08-01 03:21:43 PM,367.05,0,0.0,74859888.75
2025-08-01 03:21:43 PM,367.05,75,27528.75,74887417.5
2025-08-01 03:21:51 PM,366.3,0,0.0,74887417.5
2025-08-01 03:21:51 PM,366.3,75,27472.5,74914890.0
2025-08-01 03:21:53 PM,367.0,0,0.0,74914890.0
2025-08-01 03:21:53 PM,367.0,150,55050.0,74969940.0
2025-08-01 03:21:57 PM,369.95,0,0.0,74969940.0
2025-08-01 03:21:57 PM,369.95,75,27746.25,74997686.25
2025-08-01 03:22:15 PM,365.3,0,0.0,74997686.25
2025-08-01 03:22:16 PM,365.3,225,82192.5,75079878.75
2025-08-01 03:22:21 PM,366.0,0,0.0,75079878.75
2025-08-01 03:22:21 PM,366.0,150,54900.0,75134778.75
2025-08-01 03:23:11 PM,368.6,0,0.0,75134778.75
2025-08-01 03:23:12 PM,368.6,225,82935.0,75217713.75
2025-08-01 03:23:21 PM,370.3,0,0.0,75217713.75
2025-08-01 03:23:21 PM,370.3,675,249952.5,75467666.25
2025-08-01 03:23:36 PM,370.65,0,0.0,75467666.25
2025-08-01 03:23:36 PM,370.65,225,83396.25,75551062.5
2025-08-01 03:23:56 PM,366.35,0,0.0,75551062.5
2025-08-01 03:23:57 PM,366.35,75,27476.25,75578538.75
2025-08-01 03:24:03 PM,367.8,75,27585.0,75606123.75
2025-08-01 03:24:06 PM,367.1,0,0.0,75606123.75
2025-08-01 03:24:07 PM,367.1,75,27532.5,75633656.25
2025-08-01 03:24:18 PM,363.8,0,0.0,75633656.25
2025-08-01 03:24:19 PM,363.8,675,245565.0,75879221.25
2025-08-01 03:24:31 PM,365.9,0,0.0,75879221.25
2025-08-01 03:24:32 PM,365.9,225,82327.5,75961548.75
2025-08-01 03:24:58 PM,368.4,0,0.0,75961548.75
2025-08-01 03:24:59 PM,368.4,75,27630.0,75989178.75
2025-08-01 03:25:07 PM,370.0,0,0.0,75989178.75
2025-08-01 03:25:08 PM,370.0,150,55500.0,76044678.75
2025-08-01 03:25:17 PM,368.0,150,55200.0,76099878.75
2025-08-01 03:25:42 PM,368.0,75,27600.0,76127478.75
2025-08-01 03:25:52 PM,362.9,0,0.0,76127478.75
2025-08-01 03:25:53 PM,362.9,75,27217.5,76154696.25
2025-08-01 03:25:57 PM,360.1,375,135037.5,76289733.75
2025-08-01 03:26:18 PM,360.9,0,0.0,76289733.75
2025-08-01 03:26:19 PM,360.9,75,27067.5,76316801.25
2025-08-01 03:26:43 PM,356.1,0,0.0,76316801.25
2025-08-01 03:26:43 PM,356.1,900,320490.0,76637291.25
2025-08-01 03:26:55 PM,353.15,0,0.0,76637291.25
2025-08-01 03:26:56 PM,353.15,75,26486.25,76663777.5
2025-08-01 03:27:04 PM,356.5,0,0.0,76663777.5
2025-08-01 03:27:05 PM,356.5,450,160425.0,76824202.5
2025-08-01 03:27:18 PM,358.0,75,26850.0,76851052.5
2025-08-01 03:28:00 PM,360.0,0,0.0,76851052.5
2025-08-01 03:28:00 PM,360.0,75,27000.0,76878052.5
2025-08-01 03:28:09 PM,360.0,75,27000.0,76905052.5
2025-08-01 03:28:10 PM,361.9,0,0.0,76905052.5
2025-08-01 03:28:10 PM,361.9,75,27142.5,76932195.0
2025-08-01 03:28:11 PM,362.5,0,0.0,76932195.0
2025-08-01 03:28:12 PM,362.65,0,0.0,76932195.0
2025-08-01 03:28:12 PM,362.65,225,81596.25,77013791.25
2025-08-01 03:28:28 PM,367.9,0,0.0,77013791.25
2025-08-01 03:28:29 PM,367.9,75,27592.5,77041383.75
2025-08-01 03:28:30 PM,365.55,0,0.0,77041383.75
2025-08-01 03:28:30 PM,365.55,150,54832.5,77096216.25
2025-08-01 03:28:40 PM,366.0,0,0.0,77096216.25
2025-08-01 03:28:40 PM,366.0,75,27450.0,77123666.25
2025-08-01 03:28:43 PM,365.0,0,0.0,77123666.25
2025-08-01 03:28:44 PM,365.0,375,136875.0,77260541.25
2025-08-01 03:29:03 PM,366.0,0,0.0,77260541.25
2025-08-01 03:29:04 PM,366.0,75,27450.0,77287991.25
2025-08-01 03:29:04 PM,366.15,0,0.0,77287991.25
2025-08-01 03:29:05 PM,366.15,225,82383.75,77370375.0
2025-08-01 03:29:43 PM,361.85,0,0.0,77370375.0
2025-08-01 03:29:43 PM,361.85,75,27138.75,77397513.75
