date,price,qty,trnvr,cum_trnvr
2025-08-01 09:15:00 AM,52.1,600,31260.0,31260.0
2025-08-01 09:15:00 AM,52.3,0,0.0,31260.0
2025-08-01 09:15:01 AM,54.3,0,0.0,31260.0
2025-08-01 09:15:01 AM,57.5,6525,375187.5,406447.5
2025-08-01 09:15:01 AM,57.5,2025,116437.5,522885.0
2025-08-01 09:15:01 AM,58.35,0,0.0,522885.0
2025-08-01 09:15:01 AM,57.0,4275,243675.0,766560.0
2025-08-01 09:15:02 AM,57.7,0,0.0,766560.0
2025-08-01 09:15:02 AM,60.75,6075,369056.25,1135616.25
2025-08-01 09:15:02 AM,57.05,0,0.0,1135616.25
2025-08-01 09:15:03 AM,59.1,0,0.0,1135616.25
2025-08-01 09:15:03 AM,60.0,17400,1044000.0,2179616.25
2025-08-01 09:15:03 AM,61.75,1950,120412.5,2300028.75
2025-08-01 09:15:03 AM,62.1,0,0.0,2300028.75
2025-08-01 09:15:04 AM,60.95,0,0.0,2300028.75
2025-08-01 09:15:04 AM,59.95,5700,341715.0,2641743.75
2025-08-01 09:15:04 AM,61.0,0,0.0,2641743.75
2025-08-01 09:15:04 AM,61.0,1875,114375.0,2756118.75
2025-08-01 09:15:05 AM,60.85,0,0.0,2756118.75
2025-08-01 09:15:05 AM,61.95,5625,348468.75,3104587.5
2025-08-01 09:15:05 AM,62.4,0,0.0,3104587.5
2025-08-01 09:15:06 AM,61.3,0,0.0,3104587.5
2025-08-01 09:15:06 AM,61.3,4575,280447.5,3385035.0
2025-08-01 09:15:06 AM,62.35,0,0.0,3385035.0
2025-08-01 09:15:07 AM,61.75,7350,453862.5,3838897.5
2025-08-01 09:15:07 AM,61.55,1950,120022.5,3958920.0
2025-08-01 09:15:07 AM,62.95,0,0.0,3958920.0
2025-08-01 09:15:08 AM,63.95,0,0.0,3958920.0
2025-08-01 09:15:08 AM,63.75,6450,411187.5,4370107.5
2025-08-01 09:15:08 AM,65.25,3825,249581.25,4619688.75
2025-08-01 09:15:08 AM,65.2,0,0.0,4619688.75
2025-08-01 09:15:09 AM,63.95,0,0.0,4619688.75
2025-08-01 09:15:09 AM,63.65,12525,797216.25,5416905.0
2025-08-01 09:15:09 AM,62.9,0,0.0,5416905.0
2025-08-01 09:15:09 AM,62.95,2775,174686.25,5591591.25
2025-08-01 09:15:10 AM,63.45,0,0.0,5591591.25
2025-08-01 09:15:10 AM,62.65,0,0.0,5591591.25
2025-08-01 09:15:11 AM,62.6,6675,417855.0,6009446.25
2025-08-01 09:15:11 AM,62.85,1425,89561.25,6099007.5
2025-08-01 09:15:11 AM,62.9,0,0.0,6099007.5
2025-08-01 09:15:11 AM,63.0,0,0.0,6099007.5
2025-08-01 09:15:12 AM,62.0,0,0.0,6099007.5
2025-08-01 09:15:12 AM,61.9,8100,501390.0,6600397.5
2025-08-01 09:15:12 AM,62.1,1425,88492.5,6688890.0
2025-08-01 09:15:12 AM,61.9,0,0.0,6688890.0
2025-08-01 09:15:13 AM,63.0,0,0.0,6688890.0
2025-08-01 09:15:13 AM,63.25,16800,1062600.0,7751490.0
2025-08-01 09:15:13 AM,62.35,2250,140287.5,7891777.5
2025-08-01 09:15:13 AM,62.75,0,0.0,7891777.5
2025-08-01 09:15:14 AM,62.65,0,0.0,7891777.5
2025-08-01 09:15:14 AM,60.6,11400,690840.0,8582617.5
2025-08-01 09:15:14 AM,60.45,0,0.0,8582617.5
2025-08-01 09:15:15 AM,60.05,0,0.0,8582617.5
2025-08-01 09:15:15 AM,60.05,3300,198165.0,8780782.5
2025-08-01 09:15:15 AM,61.0,0,0.0,8780782.5
2025-08-01 09:15:16 AM,60.85,0,0.0,8780782.5
2025-08-01 09:15:16 AM,60.65,8625,523106.25,9303888.75
2025-08-01 09:15:16 AM,61.05,2550,155677.5,9459566.25
2025-08-01 09:15:17 AM,60.25,0,0.0,9459566.25
2025-08-01 09:15:17 AM,60.0,0,0.0,9459566.25
2025-08-01 09:15:17 AM,59.2,5250,310800.0,9770366.25
2025-08-01 09:15:17 AM,59.75,0,0.0,9770366.25
2025-08-01 09:15:17 AM,60.0,3300,198000.0,9968366.25
2025-08-01 09:15:18 AM,59.2,0,0.0,9968366.25
2025-08-01 09:15:18 AM,59.45,9675,575178.75,10543545.0
2025-08-01 09:15:18 AM,59.3,0,0.0,10543545.0
2025-08-01 09:15:19 AM,59.9,0,0.0,10543545.0
2025-08-01 09:15:19 AM,60.2,8250,496650.0,11040195.0
2025-08-01 09:15:19 AM,60.05,0,0.0,11040195.0
2025-08-01 09:15:20 AM,59.85,0,0.0,11040195.0
2025-08-01 09:15:20 AM,60.05,3075,184653.75,11224848.75
2025-08-01 09:15:20 AM,59.7,3675,219397.5,11444246.25
2025-08-01 09:15:20 AM,59.6,0,0.0,11444246.25
2025-08-01 09:15:21 AM,59.2,0,0.0,11444246.25
2025-08-01 09:15:21 AM,58.45,2925,170966.25,11615212.5
2025-08-01 09:15:21 AM,58.35,0,0.0,11615212.5
2025-08-01 09:15:21 AM,58.2,3000,174600.0,11789812.5
2025-08-01 09:15:22 AM,57.95,0,0.0,11789812.5
2025-08-01 09:15:22 AM,56.9,0,0.0,11789812.5
2025-08-01 09:15:23 AM,56.75,9150,519262.5,12309075.0
2025-08-01 09:15:23 AM,57.9,0,0.0,12309075.0
2025-08-01 09:15:23 AM,57.8,3450,199410.0,12508485.0
2025-08-01 09:15:23 AM,58.15,0,0.0,12508485.0
2025-08-01 09:15:24 AM,58.8,0,0.0,12508485.0
2025-08-01 09:15:24 AM,58.6,12975,760335.0,13268820.0
2025-08-01 09:15:24 AM,58.2,0,0.0,13268820.0
2025-08-01 09:15:24 AM,57.95,1275,73886.25,13342706.25
2025-08-01 09:15:25 AM,57.75,0,0.0,13342706.25
2025-08-01 09:15:25 AM,57.7,7875,454387.5,13797093.75
2025-08-01 09:15:25 AM,57.4,0,0.0,13797093.75
2025-08-01 09:15:26 AM,57.7,0,0.0,13797093.75
2025-08-01 09:15:26 AM,57.7,1425,82222.5,13879316.25
2025-08-01 09:15:26 AM,57.9,0,0.0,13879316.25
2025-08-01 09:15:27 AM,57.3,0,0.0,13879316.25
2025-08-01 09:15:27 AM,57.35,7575,434426.25,14313742.5
2025-08-01 09:15:27 AM,58.3,7425,432877.5,14746620.0
2025-08-01 09:15:27 AM,58.35,0,0.0,14746620.0
2025-08-01 09:15:28 AM,57.9,0,0.0,14746620.0
2025-08-01 09:15:28 AM,57.75,2550,147262.5,14893882.5
2025-08-01 09:15:28 AM,57.85,0,0.0,14893882.5
2025-08-01 09:15:29 AM,57.35,0,0.0,14893882.5
2025-08-01 09:15:29 AM,57.65,2775,159978.75,15053861.25
2025-08-01 09:15:29 AM,57.05,0,0.0,15053861.25
2025-08-01 09:15:30 AM,57.6,0,0.0,15053861.25
2025-08-01 09:15:30 AM,57.8,11475,663255.0,15717116.25
2025-08-01 09:15:30 AM,56.85,3225,183341.25,15900457.5
2025-08-01 09:15:30 AM,56.9,0,0.0,15900457.5
2025-08-01 09:15:31 AM,57.15,0,0.0,15900457.5
2025-08-01 09:15:31 AM,57.1,2625,149887.5,16050345.0
2025-08-01 09:15:31 AM,57.15,0,0.0,16050345.0
2025-08-01 09:15:31 AM,57.15,600,34290.0,16084635.0
2025-08-01 09:15:32 AM,56.95,0,0.0,16084635.0
2025-08-01 09:15:32 AM,57.8,0,0.0,16084635.0
2025-08-01 09:15:33 AM,57.65,5250,302662.5,16387297.5
2025-08-01 09:15:33 AM,57.35,0,0.0,16387297.5
2025-08-01 09:15:33 AM,58.9,13275,781897.5,17169195.0
2025-08-01 09:15:33 AM,58.8,0,0.0,17169195.0
2025-08-01 09:15:34 AM,58.75,0,0.0,17169195.0
2025-08-01 09:15:34 AM,59.05,3900,230295.0,17399490.0
2025-08-01 09:15:34 AM,58.85,0,0.0,17399490.0
2025-08-01 09:15:34 AM,59.35,2325,137988.75,17537478.75
2025-08-01 09:15:35 AM,59.2,0,0.0,17537478.75
2025-08-01 09:15:35 AM,58.9,5550,326895.0,17864373.75
2025-08-01 09:15:36 AM,58.5,0,0.0,17864373.75
2025-08-01 09:15:36 AM,58.45,2925,170966.25,18035340.0
2025-08-01 09:15:36 AM,58.8,0,0.0,18035340.0
2025-08-01 09:15:37 AM,59.15,0,0.0,18035340.0
2025-08-01 09:15:37 AM,59.15,3450,204067.5,18239407.5
2025-08-01 09:15:37 AM,59.85,5625,336656.25,18576063.75
2025-08-01 09:15:37 AM,59.65,0,0.0,18576063.75
2025-08-01 09:15:38 AM,59.4,0,0.0,18576063.75
2025-08-01 09:15:38 AM,59.65,3975,237108.75,18813172.5
2025-08-01 09:15:38 AM,60.3,0,0.0,18813172.5
2025-08-01 09:15:39 AM,60.3,3975,239692.5,19052865.0
2025-08-01 09:15:39 AM,59.6,0,0.0,19052865.0
2025-08-01 09:15:40 AM,60.1,5700,342570.0,19395435.0
2025-08-01 09:15:40 AM,60.05,0,0.0,19395435.0
2025-08-01 09:15:40 AM,60.25,2250,135562.5,19530997.5
2025-08-01 09:15:40 AM,59.9,0,0.0,19530997.5
2025-08-01 09:15:41 AM,60.0,0,0.0,19530997.5
2025-08-01 09:15:41 AM,60.3,4050,244215.0,19775212.5
2025-08-01 09:15:41 AM,60.7,0,0.0,19775212.5
2025-08-01 09:15:41 AM,60.7,3075,186652.5,19961865.0
2025-08-01 09:15:42 AM,60.45,0,0.0,19961865.0
2025-08-01 09:15:42 AM,60.3,3600,217080.0,20178945.0
2025-08-01 09:15:43 AM,60.6,0,0.0,20178945.0
2025-08-01 09:15:43 AM,60.65,2925,177401.25,20356346.25
2025-08-01 09:15:43 AM,60.4,0,0.0,20356346.25
2025-08-01 09:15:44 AM,60.1,0,0.0,20356346.25
2025-08-01 09:15:44 AM,60.3,2775,167332.5,20523678.75
2025-08-01 09:15:44 AM,60.2,300,18060.0,20541738.75
2025-08-01 09:15:45 AM,61.05,0,0.0,20541738.75
2025-08-01 09:15:45 AM,60.45,6375,385368.75,20927107.5
2025-08-01 09:15:45 AM,60.5,0,0.0,20927107.5
2025-08-01 09:15:46 AM,60.45,0,0.0,20927107.5
2025-08-01 09:15:46 AM,60.45,2100,126945.0,21054052.5
2025-08-01 09:15:46 AM,60.25,0,0.0,21054052.5
2025-08-01 09:15:47 AM,60.0,3600,216000.0,21270052.5
2025-08-01 09:15:47 AM,60.1,0,0.0,21270052.5
2025-08-01 09:15:47 AM,60.05,3975,238698.75,21508751.25
2025-08-01 09:15:47 AM,59.75,0,0.0,21508751.25
2025-08-01 09:15:48 AM,59.45,0,0.0,21508751.25
2025-08-01 09:15:48 AM,60.2,2100,126420.0,21635171.25
2025-08-01 09:15:48 AM,59.35,0,0.0,21635171.25
2025-08-01 09:15:49 AM,58.95,975,57476.25,21692647.5
2025-08-01 09:15:49 AM,58.75,0,0.0,21692647.5
2025-08-01 09:15:49 AM,58.85,5625,331031.25,22023678.75
2025-08-01 09:15:50 AM,58.8,0,0.0,22023678.75
2025-08-01 09:15:50 AM,58.7,675,39622.5,22063301.25
2025-08-01 09:15:50 AM,58.3,0,0.0,22063301.25
2025-08-01 09:15:51 AM,58.55,7800,456690.0,22519991.25
2025-08-01 09:15:51 AM,58.35,3375,196931.25,22716922.5
2025-08-01 09:15:52 AM,58.55,0,0.0,22716922.5
2025-08-01 09:15:52 AM,58.55,2700,158085.0,22875007.5
2025-08-01 09:15:52 AM,58.5,0,0.0,22875007.5
2025-08-01 09:15:53 AM,57.9,0,0.0,22875007.5
2025-08-01 09:15:53 AM,58.15,5250,305287.5,23180295.0
2025-08-01 09:15:53 AM,58.6,0,0.0,23180295.0
2025-08-01 09:15:54 AM,59.3,0,0.0,23180295.0
2025-08-01 09:15:54 AM,59.15,2025,119778.75,23300073.75
2025-08-01 09:15:54 AM,59.1,1050,62055.0,23362128.75
2025-08-01 09:15:54 AM,59.15,0,0.0,23362128.75
2025-08-01 09:15:55 AM,58.4,0,0.0,23362128.75
2025-08-01 09:15:55 AM,58.25,3675,214068.75,23576197.5
2025-08-01 09:15:55 AM,58.2,0,0.0,23576197.5
2025-08-01 09:15:56 AM,57.45,0,0.0,23576197.5
2025-08-01 09:15:56 AM,57.7,3750,216375.0,23792572.5
2025-08-01 09:15:56 AM,57.6,0,0.0,23792572.5
2025-08-01 09:15:57 AM,57.9,4125,238837.5,24031410.0
2025-08-01 09:15:57 AM,57.55,0,0.0,24031410.0
2025-08-01 09:15:57 AM,57.75,1800,103950.0,24135360.0
2025-08-01 09:15:57 AM,57.85,0,0.0,24135360.0
2025-08-01 09:15:58 AM,57.5,750,43125.0,24178485.0
2025-08-01 09:15:58 AM,58.15,0,0.0,24178485.0
2025-08-01 09:15:59 AM,58.1,2025,117652.5,24296137.5
2025-08-01 09:15:59 AM,57.9,0,0.0,24296137.5
2025-08-01 09:15:59 AM,57.2,11025,630630.0,24926767.5
2025-08-01 09:16:00 AM,57.7,0,0.0,24926767.5
2025-08-01 09:16:00 AM,59.3,9000,533700.0,25460467.5
2025-08-01 09:16:00 AM,59.5,0,0.0,25460467.5
2025-08-01 09:16:01 AM,59.8,0,0.0,25460467.5
2025-08-01 09:16:01 AM,60.3,13425,809527.5,26269995.0
2025-08-01 09:16:01 AM,60.85,3675,223623.75,26493618.75
2025-08-01 09:16:02 AM,60.05,0,0.0,26493618.75
2025-08-01 09:16:02 AM,60.3,10950,660285.0,27153903.75
2025-08-01 09:16:03 AM,60.25,0,0.0,27153903.75
2025-08-01 09:16:03 AM,60.05,0,0.0,27153903.75
2025-08-01 09:16:03 AM,60.05,8025,481901.25,27635805.0
2025-08-01 09:16:04 AM,60.0,0,0.0,27635805.0
2025-08-01 09:16:04 AM,59.85,18300,1095255.0,28731060.0
2025-08-01 09:16:04 AM,60.15,14175,852626.25,29583686.25
2025-08-01 09:16:04 AM,59.95,0,0.0,29583686.25
2025-08-01 09:16:05 AM,60.0,0,0.0,29583686.25
2025-08-01 09:16:05 AM,59.5,13575,807712.5,30391398.75
2025-08-01 09:16:05 AM,59.6,0,0.0,30391398.75
2025-08-01 09:16:06 AM,59.3,3600,213480.0,30604878.75
2025-08-01 09:16:06 AM,59.1,0,0.0,30604878.75
2025-08-01 09:16:06 AM,58.7,0,0.0,30604878.75
2025-08-01 09:16:07 AM,58.35,7050,411367.5,31016246.25
2025-08-01 09:16:07 AM,58.2,0,0.0,31016246.25
2025-08-01 09:16:07 AM,57.9,3600,208440.0,31224686.25
2025-08-01 09:16:07 AM,58.0,0,0.0,31224686.25
2025-08-01 09:16:08 AM,58.3,0,0.0,31224686.25
2025-08-01 09:16:08 AM,58.8,10125,595350.0,31820036.25
2025-08-01 09:16:08 AM,58.45,0,0.0,31820036.25
2025-08-01 09:16:09 AM,58.2,2025,117855.0,31937891.25
2025-08-01 09:16:09 AM,58.65,0,0.0,31937891.25
2025-08-01 09:16:09 AM,57.85,0,0.0,31937891.25
2025-08-01 09:16:10 AM,57.95,5850,339007.5,32276898.75
2025-08-01 09:16:10 AM,58.35,0,0.0,32276898.75
2025-08-01 09:16:10 AM,58.25,5700,332025.0,32608923.75
2025-08-01 09:16:10 AM,58.05,0,0.0,32608923.75
2025-08-01 09:16:11 AM,59.05,0,0.0,32608923.75
2025-08-01 09:16:11 AM,59.15,23625,1397418.75,34006342.5
2025-08-01 09:16:11 AM,59.35,750,44512.5,34050855.0
2025-08-01 09:16:12 AM,59.45,3900,231855.0,34282710.0
2025-08-01 09:16:13 AM,59.9,0,0.0,34282710.0
2025-08-01 09:16:13 AM,59.05,3525,208151.25,34490861.25
2025-08-01 09:16:13 AM,58.9,0,0.0,34490861.25
2025-08-01 09:16:14 AM,58.7,0,0.0,34490861.25
2025-08-01 09:16:14 AM,59.05,4575,270153.75,34761015.0
2025-08-01 09:16:14 AM,59.1,1275,75352.5,34836367.5
2025-08-01 09:16:14 AM,59.15,0,0.0,34836367.5
2025-08-01 09:16:15 AM,59.0,0,0.0,34836367.5
2025-08-01 09:16:15 AM,58.7,3900,228930.0,35065297.5
2025-08-01 09:16:16 AM,58.45,0,0.0,35065297.5
2025-08-01 09:16:16 AM,58.3,2925,170527.5,35235825.0
2025-08-01 09:16:16 AM,58.55,0,0.0,35235825.0
2025-08-01 09:16:17 AM,58.4,0,0.0,35235825.0
2025-08-01 09:16:17 AM,58.5,6000,351000.0,35586825.0
2025-08-01 09:16:17 AM,58.2,2325,135315.0,35722140.0
2025-08-01 09:16:18 AM,58.05,0,0.0,35722140.0
2025-08-01 09:16:18 AM,58.4,3675,214620.0,35936760.0
2025-08-01 09:16:19 AM,58.95,0,0.0,35936760.0
2025-08-01 09:16:19 AM,59.8,18225,1089855.0,37026615.0
2025-08-01 09:16:19 AM,60.05,0,0.0,37026615.0
2025-08-01 09:16:20 AM,60.0,0,0.0,37026615.0
2025-08-01 09:16:20 AM,60.0,4125,247500.0,37274115.0
2025-08-01 09:16:20 AM,59.7,2775,165667.5,37439782.5
2025-08-01 09:16:20 AM,59.8,0,0.0,37439782.5
2025-08-01 09:16:21 AM,60.0,0,0.0,37439782.5
2025-08-01 09:16:21 AM,59.75,9300,555675.0,37995457.5
2025-08-01 09:16:21 AM,59.7,0,0.0,37995457.5
2025-08-01 09:16:22 AM,60.0,0,0.0,37995457.5
2025-08-01 09:16:22 AM,59.7,2100,125370.0,38120827.5
2025-08-01 09:16:22 AM,59.4,0,0.0,38120827.5
2025-08-01 09:16:23 AM,59.5,0,0.0,38120827.5
2025-08-01 09:16:23 AM,59.75,6150,367462.5,38488290.0
2025-08-01 09:16:23 AM,59.85,1500,89775.0,38578065.0
2025-08-01 09:16:24 AM,59.95,0,0.0,38578065.0
2025-08-01 09:16:24 AM,59.65,4050,241582.5,38819647.5
2025-08-01 09:16:24 AM,59.1,0,0.0,38819647.5
2025-08-01 09:16:25 AM,59.4,2775,164835.0,38984482.5
2025-08-01 09:16:26 AM,59.45,12900,766905.0,39751387.5
2025-08-01 09:16:26 AM,59.5,0,0.0,39751387.5
2025-08-01 09:16:26 AM,59.2,2325,137640.0,39889027.5
2025-08-01 09:16:26 AM,59.4,0,0.0,39889027.5
2025-08-01 09:16:27 AM,59.15,0,0.0,39889027.5
2025-08-01 09:16:27 AM,58.95,3075,181271.25,40070298.75
2025-08-01 09:16:27 AM,58.7,1275,74842.5,40145141.25
2025-08-01 09:16:28 AM,58.95,0,0.0,40145141.25
2025-08-01 09:16:28 AM,58.75,6525,383343.75,40528485.0
2025-08-01 09:16:29 AM,59.05,0,0.0,40528485.0
2025-08-01 09:16:29 AM,59.0,2025,119475.0,40647960.0
2025-08-01 09:16:29 AM,59.35,0,0.0,40647960.0
2025-08-01 09:16:30 AM,59.75,0,0.0,40647960.0
2025-08-01 09:16:30 AM,59.7,5250,313425.0,40961385.0
2025-08-01 09:16:30 AM,59.7,1125,67162.5,41028547.5
2025-08-01 09:16:31 AM,59.85,0,0.0,41028547.5
2025-08-01 09:16:31 AM,59.35,3825,227013.75,41255561.25
2025-08-01 09:16:32 AM,59.45,0,0.0,41255561.25
2025-08-01 09:16:32 AM,59.4,1650,98010.0,41353571.25
2025-08-01 09:16:32 AM,59.55,0,0.0,41353571.25
2025-08-01 09:16:33 AM,59.35,0,0.0,41353571.25
2025-08-01 09:16:33 AM,59.4,3000,178200.0,41531771.25
2025-08-01 09:16:33 AM,59.0,2850,168150.0,41699921.25
2025-08-01 09:16:34 AM,59.1,5775,341302.5,42041223.75
2025-08-01 09:16:34 AM,59.15,0,0.0,42041223.75
2025-08-01 09:16:35 AM,59.05,3000,177150.0,42218373.75
2025-08-01 09:16:35 AM,59.3,0,0.0,42218373.75
2025-08-01 09:16:35 AM,58.65,0,0.0,42218373.75
2025-08-01 09:16:36 AM,58.6,5625,329625.0,42547998.75
2025-08-01 09:16:36 AM,58.65,1575,92373.75,42640372.5
2025-08-01 09:16:36 AM,58.5,0,0.0,42640372.5
2025-08-01 09:16:37 AM,58.75,0,0.0,42640372.5
2025-08-01 09:16:37 AM,59.0,3525,207975.0,42848347.5
2025-08-01 09:16:37 AM,58.95,975,57476.25,42905823.75
2025-08-01 09:16:38 AM,58.8,0,0.0,42905823.75
2025-08-01 09:16:38 AM,58.85,1800,105930.0,43011753.75
2025-08-01 09:16:39 AM,59.05,0,0.0,43011753.75
2025-08-01 09:16:39 AM,59.05,225,13286.25,43025040.0
2025-08-01 09:16:39 AM,59.2,0,0.0,43025040.0
2025-08-01 09:16:40 AM,59.0,0,0.0,43025040.0
2025-08-01 09:16:40 AM,59.0,4425,261075.0,43286115.0
2025-08-01 09:16:40 AM,59.1,225,13297.5,43299412.5
2025-08-01 09:16:40 AM,59.4,0,0.0,43299412.5
2025-08-01 09:16:41 AM,59.85,1575,94263.75,43393676.25
2025-08-01 09:16:41 AM,59.65,0,0.0,43393676.25
2025-08-01 09:16:42 AM,59.7,750,44775.0,43438451.25
2025-08-01 09:16:42 AM,59.15,0,0.0,43438451.25
2025-08-01 09:16:43 AM,59.45,3225,191726.25,43630177.5
2025-08-01 09:16:43 AM,59.4,0,0.0,43630177.5
2025-08-01 09:16:43 AM,59.1,1875,110812.5,43740990.0
2025-08-01 09:16:43 AM,59.4,0,0.0,43740990.0
2025-08-01 09:16:44 AM,59.25,0,0.0,43740990.0
2025-08-01 09:16:44 AM,59.15,4425,261738.75,44002728.75
2025-08-01 09:16:44 AM,59.4,75,4455.0,44007183.75
2025-08-01 09:16:45 AM,59.25,0,0.0,44007183.75
2025-08-01 09:16:45 AM,59.45,1950,115927.5,44123111.25
2025-08-01 09:16:46 AM,59.8,0,0.0,44123111.25
2025-08-01 09:16:46 AM,59.65,675,40263.75,44163375.0
2025-08-01 09:16:46 AM,60.3,0,0.0,44163375.0
2025-08-01 09:16:47 AM,60.0,4575,274500.0,44437875.0
2025-08-01 09:16:47 AM,60.1,0,0.0,44437875.0
2025-08-01 09:16:47 AM,60.3,1425,85927.5,44523802.5
2025-08-01 09:16:47 AM,60.35,0,0.0,44523802.5
2025-08-01 09:16:48 AM,60.0,0,0.0,44523802.5
2025-08-01 09:16:48 AM,60.25,2100,126525.0,44650327.5
2025-08-01 09:16:48 AM,60.35,2175,131261.25,44781588.75
2025-08-01 09:16:48 AM,60.45,0,0.0,44781588.75
2025-08-01 09:16:49 AM,60.25,0,0.0,44781588.75
2025-08-01 09:16:49 AM,60.75,0,0.0,44781588.75
2025-08-01 09:16:49 AM,60.75,15075,915806.25,45697395.0
2025-08-01 09:16:50 AM,60.4,0,0.0,45697395.0
2025-08-01 09:16:50 AM,60.25,1725,103931.25,45801326.25
2025-08-01 09:16:50 AM,60.0,0,0.0,45801326.25
2025-08-01 09:16:51 AM,59.95,9300,557535.0,46358861.25
2025-08-01 09:16:51 AM,59.75,2250,134437.5,46493298.75
2025-08-01 09:16:51 AM,60.05,0,0.0,46493298.75
2025-08-01 09:16:52 AM,60.2,0,0.0,46493298.75
2025-08-01 09:16:52 AM,60.4,2400,144960.0,46638258.75
2025-08-01 09:16:52 AM,60.3,0,0.0,46638258.75
2025-08-01 09:16:53 AM,60.45,900,54405.0,46692663.75
2025-08-01 09:16:53 AM,60.4,0,0.0,46692663.75
2025-08-01 09:16:53 AM,60.55,0,0.0,46692663.75
2025-08-01 09:16:54 AM,60.8,2775,168720.0,46861383.75
2025-08-01 09:16:54 AM,60.8,10425,633840.0,47495223.75
2025-08-01 09:16:54 AM,60.85,0,0.0,47495223.75
2025-08-01 09:16:55 AM,60.7,0,0.0,47495223.75
2025-08-01 09:16:55 AM,61.15,5100,311865.0,47807088.75
2025-08-01 09:16:55 AM,60.95,3975,242276.25,48049365.0
2025-08-01 09:16:55 AM,60.7,0,0.0,48049365.0
2025-08-01 09:16:56 AM,61.0,0,0.0,48049365.0
2025-08-01 09:16:56 AM,61.4,0,0.0,48049365.0
2025-08-01 09:16:56 AM,61.4,2025,124335.0,48173700.0
2025-08-01 09:16:57 AM,61.2,0,0.0,48173700.0
2025-08-01 09:16:57 AM,61.1,2925,178717.5,48352417.5
2025-08-01 09:16:57 AM,62.0,0,0.0,48352417.5
2025-08-01 09:16:58 AM,62.1,0,0.0,48352417.5
2025-08-01 09:16:58 AM,62.1,10875,675337.5,49027755.0
2025-08-01 09:16:58 AM,62.1,1875,116437.5,49144192.5
2025-08-01 09:16:59 AM,62.25,0,0.0,49144192.5
2025-08-01 09:16:59 AM,62.1,0,0.0,49144192.5
2025-08-01 09:16:59 AM,61.6,8925,549780.0,49693972.5
2025-08-01 09:16:59 AM,62.05,0,0.0,49693972.5
2025-08-01 09:17:00 AM,61.75,2100,129675.0,49823647.5
2025-08-01 09:17:00 AM,61.5,0,0.0,49823647.5
2025-08-01 09:17:01 AM,61.4,9225,566415.0,50390062.5
2025-08-01 09:17:01 AM,61.25,0,0.0,50390062.5
2025-08-01 09:17:01 AM,61.2,2775,169830.0,50559892.5
2025-08-01 09:17:01 AM,61.25,0,0.0,50559892.5
2025-08-01 09:17:02 AM,61.45,0,0.0,50559892.5
2025-08-01 09:17:02 AM,61.15,9225,564108.75,51124001.25
2025-08-01 09:17:02 AM,61.15,2400,146760.0,51270761.25
2025-08-01 09:17:03 AM,61.4,0,0.0,51270761.25
2025-08-01 09:17:03 AM,61.85,0,0.0,51270761.25
2025-08-01 09:17:04 AM,62.0,11025,683550.0,51954311.25
2025-08-01 09:17:04 AM,61.9,0,0.0,51954311.25
2025-08-01 09:17:04 AM,62.05,675,41883.75,51996195.0
2025-08-01 09:17:05 AM,62.0,0,0.0,51996195.0
2025-08-01 09:17:05 AM,61.9,3975,246052.5,52242247.5
2025-08-01 09:17:05 AM,62.2,1725,107295.0,52349542.5
2025-08-01 09:17:06 AM,62.25,0,0.0,52349542.5
2025-08-01 09:17:06 AM,62.25,4575,284793.75,52634336.25
2025-08-01 09:17:07 AM,62.2,375,23325.0,52657661.25
2025-08-01 09:17:07 AM,62.35,0,0.0,52657661.25
2025-08-01 09:17:08 AM,62.75,7050,442387.5,53100048.75
2025-08-01 09:17:08 AM,62.5,0,0.0,53100048.75
2025-08-01 09:17:09 AM,62.7,0,0.0,53100048.75
2025-08-01 09:17:09 AM,62.7,4575,286852.5,53386901.25
2025-08-01 09:17:09 AM,62.45,3150,196717.5,53583618.75
2025-08-01 09:17:09 AM,62.55,0,0.0,53583618.75
2025-08-01 09:17:10 AM,62.65,0,0.0,53583618.75
2025-08-01 09:17:11 AM,62.5,3750,234375.0,53817993.75
2025-08-01 09:17:11 AM,62.4,0,0.0,53817993.75
2025-08-01 09:17:11 AM,62.4,900,56160.0,53874153.75
2025-08-01 09:17:11 AM,62.15,0,0.0,53874153.75
2025-08-01 09:17:12 AM,61.8,0,0.0,53874153.75
2025-08-01 09:17:12 AM,61.5,5175,318262.5,54192416.25
2025-08-01 09:17:12 AM,61.3,150,9195.0,54201611.25
2025-08-01 09:17:12 AM,61.25,0,0.0,54201611.25
2025-08-01 09:17:13 AM,61.2,0,0.0,54201611.25
2025-08-01 09:17:13 AM,60.85,20325,1236776.25,55438387.5
2025-08-01 09:17:13 AM,60.45,0,0.0,55438387.5
2025-08-01 09:17:14 AM,60.4,1125,67950.0,55506337.5
2025-08-01 09:17:14 AM,60.85,0,0.0,55506337.5
2025-08-01 09:17:14 AM,61.0,0,0.0,55506337.5
2025-08-01 09:17:15 AM,60.85,0,0.0,55506337.5
2025-08-01 09:17:15 AM,61.1,5175,316192.5,55822530.0
2025-08-01 09:17:15 AM,60.9,150,9135.0,55831665.0
2025-08-01 09:17:15 AM,61.0,0,0.0,55831665.0
2025-08-01 09:17:16 AM,61.15,2475,151346.25,55983011.25
2025-08-01 09:17:16 AM,61.0,900,54900.0,56037911.25
2025-08-01 09:17:17 AM,61.6,0,0.0,56037911.25
2025-08-01 09:17:17 AM,61.6,1500,92400.0,56130311.25
2025-08-01 09:17:18 AM,61.75,1650,101887.5,56232198.75
2025-08-01 09:17:18 AM,62.1,0,0.0,56232198.75
2025-08-01 09:17:19 AM,62.15,0,0.0,56232198.75
2025-08-01 09:17:19 AM,61.65,1725,106346.25,56338545.0
2025-08-01 09:17:19 AM,61.5,150,9225.0,56347770.0
2025-08-01 09:17:19 AM,61.7,0,0.0,56347770.0
2025-08-01 09:17:20 AM,61.45,2775,170523.75,56518293.75
2025-08-01 09:17:20 AM,61.6,225,13860.0,56532153.75
2025-08-01 09:17:21 AM,61.45,0,0.0,56532153.75
2025-08-01 09:17:21 AM,60.8,0,0.0,56532153.75
2025-08-01 09:17:22 AM,60.7,0,0.0,56532153.75
2025-08-01 09:17:22 AM,60.9,2625,159862.5,56692016.25
2025-08-01 09:17:22 AM,60.65,1500,90975.0,56782991.25
2025-08-01 09:17:22 AM,60.75,0,0.0,56782991.25
2025-08-01 09:17:23 AM,60.65,0,0.0,56782991.25
2025-08-01 09:17:23 AM,60.55,1500,90825.0,56873816.25
2025-08-01 09:17:23 AM,60.4,900,54360.0,56928176.25
2025-08-01 09:17:24 AM,60.35,0,0.0,56928176.25
2025-08-01 09:17:24 AM,60.25,0,0.0,56928176.25
2025-08-01 09:17:25 AM,60.05,4125,247706.25,57175882.5
2025-08-01 09:17:25 AM,60.15,225,13533.75,57189416.25
2025-08-01 09:17:25 AM,60.25,0,0.0,57189416.25
2025-08-01 09:17:26 AM,59.85,0,0.0,57189416.25
2025-08-01 09:17:26 AM,59.8,6375,381225.0,57570641.25
2025-08-01 09:17:26 AM,59.85,1275,76308.75,57646950.0
2025-08-01 09:17:27 AM,59.5,0,0.0,57646950.0
2025-08-01 09:17:27 AM,59.7,0,0.0,57646950.0
2025-08-01 09:17:28 AM,59.4,5925,351945.0,57998895.0
2025-08-01 09:17:28 AM,59.45,825,49046.25,58047941.25
2025-08-01 09:17:28 AM,59.3,0,0.0,58047941.25
2025-08-01 09:17:29 AM,59.5,0,0.0,58047941.25
2025-08-01 09:17:29 AM,59.4,4350,258390.0,58306331.25
2025-08-01 09:17:29 AM,59.1,11625,687037.5,58993368.75
2025-08-01 09:17:30 AM,58.9,0,0.0,58993368.75
2025-08-01 09:17:30 AM,59.0,0,0.0,58993368.75
2025-08-01 09:17:31 AM,59.1,1350,79785.0,59073153.75
2025-08-01 09:17:31 AM,58.95,150,8842.5,59081996.25
2025-08-01 09:17:31 AM,58.9,0,0.0,59081996.25
2025-08-01 09:17:32 AM,59.1,0,0.0,59081996.25
2025-08-01 09:17:32 AM,58.9,2850,167865.0,59249861.25
2025-08-01 09:17:32 AM,59.0,0,0.0,59249861.25
2025-08-01 09:17:32 AM,59.0,300,17700.0,59267561.25
2025-08-01 09:17:33 AM,59.2,0,0.0,59267561.25
2025-08-01 09:17:33 AM,59.25,0,0.0,59267561.25
2025-08-01 09:17:34 AM,59.6,3000,178800.0,59446361.25
2025-08-01 09:17:34 AM,59.4,75,4455.0,59450816.25
2025-08-01 09:17:34 AM,58.75,0,0.0,59450816.25
2025-08-01 09:17:35 AM,58.95,0,0.0,59450816.25
2025-08-01 09:17:35 AM,59.1,2325,137407.5,59588223.75
2025-08-01 09:17:35 AM,58.9,0,0.0,59588223.75
2025-08-01 09:17:35 AM,58.9,900,53010.0,59641233.75
2025-08-01 09:17:36 AM,58.95,0,0.0,59641233.75
2025-08-01 09:17:36 AM,59.4,0,0.0,59641233.75
2025-08-01 09:17:37 AM,59.45,3375,200643.75,59841877.5
2025-08-01 09:17:37 AM,59.4,0,0.0,59841877.5
2025-08-01 09:17:38 AM,59.05,2175,128433.75,59970311.25
2025-08-01 09:17:38 AM,59.35,75,4451.25,59974762.5
2025-08-01 09:17:38 AM,59.3,0,0.0,59974762.5
2025-08-01 09:17:39 AM,59.2,0,0.0,59974762.5
2025-08-01 09:17:39 AM,58.9,0,0.0,59974762.5
2025-08-01 09:17:40 AM,58.9,1875,110437.5,60085200.0
2025-08-01 09:17:40 AM,58.9,150,8835.0,60094035.0
2025-08-01 09:17:40 AM,59.1,0,0.0,60094035.0
2025-08-01 09:17:41 AM,59.15,0,0.0,60094035.0
2025-08-01 09:17:41 AM,59.0,1950,115050.0,60209085.0
2025-08-01 09:17:41 AM,59.0,75,4425.0,60213510.0
2025-08-01 09:17:41 AM,58.7,0,0.0,60213510.0
2025-08-01 09:17:42 AM,58.65,0,0.0,60213510.0
2025-08-01 09:17:42 AM,58.55,3150,184432.5,60397942.5
2025-08-01 09:17:42 AM,58.65,0,0.0,60397942.5
2025-08-01 09:17:43 AM,58.65,225,13196.25,60411138.75
2025-08-01 09:17:43 AM,59.1,0,0.0,60411138.75
2025-08-01 09:17:44 AM,58.8,0,0.0,60411138.75
2025-08-01 09:17:44 AM,58.6,3750,219750.0,60630888.75
2025-08-01 09:17:44 AM,58.65,75,4398.75,60635287.5
2025-08-01 09:17:44 AM,58.85,0,0.0,60635287.5
2025-08-01 09:17:45 AM,58.95,0,0.0,60635287.5
2025-08-01 09:17:45 AM,58.6,7575,443895.0,61079182.5
2025-08-01 09:17:45 AM,58.5,0,0.0,61079182.5
2025-08-01 09:17:45 AM,58.5,300,17550.0,61096732.5
2025-08-01 09:17:46 AM,58.6,0,0.0,61096732.5
2025-08-01 09:17:46 AM,58.5,0,0.0,61096732.5
2025-08-01 09:17:47 AM,58.5,1650,96525.0,61193257.5
2025-08-01 09:17:47 AM,58.85,1125,66206.25,61259463.75
2025-08-01 09:17:47 AM,59.55,0,0.0,61259463.75
2025-08-01 09:17:48 AM,59.4,0,0.0,61259463.75
2025-08-01 09:17:48 AM,59.25,4125,244406.25,61503870.0
2025-08-01 09:17:48 AM,59.2,225,13320.0,61517190.0
2025-08-01 09:17:48 AM,59.3,0,0.0,61517190.0
2025-08-01 09:17:49 AM,59.45,0,0.0,61517190.0
2025-08-01 09:17:49 AM,59.3,3825,226822.5,61744012.5
2025-08-01 09:17:49 AM,59.45,0,0.0,61744012.5
2025-08-01 09:17:49 AM,59.45,825,49046.25,61793058.75
2025-08-01 09:17:50 AM,59.5,0,0.0,61793058.75
2025-08-01 09:17:50 AM,59.25,0,0.0,61793058.75
2025-08-01 09:17:51 AM,59.05,0,0.0,61793058.75
2025-08-01 09:17:51 AM,59.05,3225,190436.25,61983495.0
2025-08-01 09:17:51 AM,59.2,75,4440.0,61987935.0
2025-08-01 09:17:51 AM,59.25,0,0.0,61987935.0
2025-08-01 09:17:52 AM,59.35,0,0.0,61987935.0
2025-08-01 09:17:52 AM,60.35,13575,819251.25,62807186.25
2025-08-01 09:17:52 AM,60.25,0,0.0,62807186.25
2025-08-01 09:17:52 AM,60.25,750,45187.5,62852373.75
2025-08-01 09:17:53 AM,60.2,0,0.0,62852373.75
2025-08-01 09:17:53 AM,60.1,0,0.0,62852373.75
2025-08-01 09:17:54 AM,60.1,1950,117195.0,62969568.75
2025-08-01 09:17:54 AM,60.4,0,0.0,62969568.75
2025-08-01 09:17:55 AM,60.05,0,0.0,62969568.75
2025-08-01 09:17:55 AM,60.15,5475,329321.25,63298890.0
2025-08-01 09:17:55 AM,60.0,450,27000.0,63325890.0
2025-08-01 09:17:55 AM,59.9,0,0.0,63325890.0
2025-08-01 09:17:56 AM,59.8,0,0.0,63325890.0
2025-08-01 09:17:56 AM,59.7,3525,210442.5,63536332.5
2025-08-01 09:17:56 AM,59.55,0,0.0,63536332.5
2025-08-01 09:17:56 AM,59.55,675,40196.25,63576528.75
2025-08-01 09:17:57 AM,59.45,0,0.0,63576528.75
2025-08-01 09:17:57 AM,59.5,0,0.0,63576528.75
2025-08-01 09:17:58 AM,59.35,0,0.0,63576528.75
2025-08-01 09:17:58 AM,59.55,6225,370698.75,63947227.5
2025-08-01 09:17:58 AM,59.85,0,0.0,63947227.5
2025-08-01 09:17:59 AM,60.15,0,0.0,63947227.5
2025-08-01 09:17:59 AM,59.85,8400,502740.0,64449967.5
2025-08-01 09:17:59 AM,59.9,0,0.0,64449967.5
2025-08-01 09:18:00 AM,59.9,975,58402.5,64508370.0
2025-08-01 09:18:00 AM,60.0,0,0.0,64508370.0
2025-08-01 09:18:00 AM,60.05,0,0.0,64508370.0
2025-08-01 09:18:01 AM,60.1,9450,567945.0,65076315.0
2025-08-01 09:18:01 AM,59.6,0,0.0,65076315.0
2025-08-01 09:18:02 AM,59.75,9150,546712.5,65623027.5
2025-08-01 09:18:02 AM,59.6,1575,93870.0,65716897.5
2025-08-01 09:18:02 AM,59.45,0,0.0,65716897.5
2025-08-01 09:18:03 AM,59.55,0,0.0,65716897.5
2025-08-01 09:18:03 AM,59.5,0,0.0,65716897.5
2025-08-01 09:18:04 AM,59.3,11175,662677.5,66379575.0
2025-08-01 09:18:04 AM,59.45,0,0.0,66379575.0
2025-08-01 09:18:04 AM,59.9,0,0.0,66379575.0
2025-08-01 09:18:05 AM,60.0,0,0.0,66379575.0
2025-08-01 09:18:05 AM,59.8,2850,170430.0,66550005.0
2025-08-01 09:18:05 AM,60.0,75,4500.0,66554505.0
2025-08-01 09:18:05 AM,59.5,0,0.0,66554505.0
2025-08-01 09:18:06 AM,59.45,0,0.0,66554505.0
2025-08-01 09:18:06 AM,59.85,9000,538650.0,67093155.0
2025-08-01 09:18:06 AM,59.7,0,0.0,67093155.0
2025-08-01 09:18:07 AM,59.75,300,17925.0,67111080.0
2025-08-01 09:18:07 AM,59.85,0,0.0,67111080.0
2025-08-01 09:18:07 AM,59.75,0,0.0,67111080.0
2025-08-01 09:18:08 AM,60.0,0,0.0,67111080.0
2025-08-01 09:18:08 AM,60.0,8400,504000.0,67615080.0
2025-08-01 09:18:08 AM,59.9,750,44925.0,67660005.0
2025-08-01 09:18:08 AM,60.5,0,0.0,67660005.0
2025-08-01 09:18:09 AM,61.05,0,0.0,67660005.0
2025-08-01 09:18:09 AM,61.25,10875,666093.75,68326098.75
2025-08-01 09:18:09 AM,61.1,300,18330.0,68344428.75
2025-08-01 09:18:09 AM,61.15,0,0.0,68344428.75
2025-08-01 09:18:10 AM,60.9,0,0.0,68344428.75
2025-08-01 09:18:10 AM,60.6,0,0.0,68344428.75
2025-08-01 09:18:11 AM,60.55,5250,317887.5,68662316.25
2025-08-01 09:18:11 AM,60.4,600,36240.0,68698556.25
2025-08-01 09:18:11 AM,60.55,0,0.0,68698556.25
2025-08-01 09:18:12 AM,60.75,0,0.0,68698556.25
2025-08-01 09:18:12 AM,60.4,4125,249150.0,68947706.25
2025-08-01 09:18:12 AM,60.3,75,4522.5,68952228.75
2025-08-01 09:18:12 AM,60.2,0,0.0,68952228.75
2025-08-01 09:18:13 AM,59.9,0,0.0,68952228.75
2025-08-01 09:18:13 AM,59.75,8925,533268.75,69485497.5
2025-08-01 09:18:14 AM,59.9,600,35940.0,69521437.5
2025-08-01 09:18:14 AM,59.95,0,0.0,69521437.5
2025-08-01 09:18:14 AM,59.85,0,0.0,69521437.5
2025-08-01 09:18:15 AM,59.7,6525,389542.5,69910980.0
2025-08-01 09:18:15 AM,59.65,3975,237108.75,70148088.75
2025-08-01 09:18:15 AM,59.5,0,0.0,70148088.75
2025-08-01 09:18:16 AM,59.65,0,0.0,70148088.75
2025-08-01 09:18:16 AM,59.85,0,0.0,70148088.75
2025-08-01 09:18:17 AM,60.0,10050,603000.0,70751088.75
2025-08-01 09:18:17 AM,59.6,0,0.0,70751088.75
2025-08-01 09:18:17 AM,59.7,1725,102982.5,70854071.25
2025-08-01 09:18:17 AM,59.45,0,0.0,70854071.25
2025-08-01 09:18:18 AM,59.95,0,0.0,70854071.25
2025-08-01 09:18:18 AM,59.65,7950,474217.5,71328288.75
2025-08-01 09:18:18 AM,59.5,0,0.0,71328288.75
2025-08-01 09:18:19 AM,59.5,1050,62475.0,71390763.75
2025-08-01 09:18:19 AM,59.65,0,0.0,71390763.75
2025-08-01 09:18:19 AM,58.65,0,0.0,71390763.75
2025-08-01 09:18:20 AM,58.55,0,0.0,71390763.75
2025-08-01 09:18:20 AM,58.5,10425,609862.5,72000626.25
2025-08-01 09:18:20 AM,58.75,2175,127781.25,72128407.5
2025-08-01 09:18:20 AM,58.45,0,0.0,72128407.5
2025-08-01 09:18:21 AM,58.3,0,0.0,72128407.5
2025-08-01 09:18:21 AM,58.15,10350,601852.5,72730260.0
2025-08-01 09:18:22 AM,58.05,0,0.0,72730260.0
2025-08-01 09:18:22 AM,58.05,1800,104490.0,72834750.0
2025-08-01 09:18:22 AM,58.15,0,0.0,72834750.0
2025-08-01 09:18:23 AM,58.05,4800,278640.0,73113390.0
2025-08-01 09:18:23 AM,58.0,8250,478500.0,73591890.0
2025-08-01 09:18:23 AM,57.95,0,0.0,73591890.0
2025-08-01 09:18:24 AM,58.1,0,0.0,73591890.0
2025-08-01 09:18:25 AM,57.95,8250,478087.5,74069977.5
2025-08-01 09:18:25 AM,57.9,0,0.0,74069977.5
2025-08-01 09:18:25 AM,57.85,1500,86775.0,74156752.5
2025-08-01 09:18:25 AM,58.0,0,0.0,74156752.5
2025-08-01 09:18:26 AM,57.8,7725,446505.0,74603257.5
2025-08-01 09:18:26 AM,57.9,0,0.0,74603257.5
2025-08-01 09:18:27 AM,57.65,0,0.0,74603257.5
2025-08-01 09:18:27 AM,57.65,2550,147007.5,74750265.0
2025-08-01 09:18:27 AM,57.5,0,0.0,74750265.0
2025-08-01 09:18:28 AM,57.65,0,0.0,74750265.0
2025-08-01 09:18:28 AM,57.65,4725,272396.25,75022661.25
2025-08-01 09:18:28 AM,58.45,1800,105210.0,75127871.25
2025-08-01 09:18:28 AM,58.2,0,0.0,75127871.25
2025-08-01 09:18:29 AM,58.0,0,0.0,75127871.25
2025-08-01 09:18:29 AM,58.8,0,0.0,75127871.25
2025-08-01 09:18:30 AM,58.9,5700,335730.0,75463601.25
2025-08-01 09:18:30 AM,58.95,0,0.0,75463601.25
2025-08-01 09:18:30 AM,58.65,1275,74778.75,75538380.0
2025-08-01 09:18:30 AM,58.75,0,0.0,75538380.0
2025-08-01 09:18:31 AM,58.65,6750,395887.5,75934267.5
2025-08-01 09:18:32 AM,58.65,3150,184747.5,76119015.0
2025-08-01 09:18:32 AM,58.6,0,0.0,76119015.0
2025-08-01 09:18:32 AM,58.4,0,0.0,76119015.0
2025-08-01 09:18:33 AM,58.2,0,0.0,76119015.0
2025-08-01 09:18:33 AM,58.05,5550,322177.5,76441192.5
2025-08-01 09:18:33 AM,58.1,825,47932.5,76489125.0
2025-08-01 09:18:33 AM,58.15,0,0.0,76489125.0
2025-08-01 09:18:34 AM,57.8,3375,195075.0,76684200.0
2025-08-01 09:18:35 AM,57.85,0,0.0,76684200.0
2025-08-01 09:18:35 AM,57.85,675,39048.75,76723248.75
2025-08-01 09:18:35 AM,57.9,0,0.0,76723248.75
2025-08-01 09:18:36 AM,58.35,7950,463882.5,77187131.25
2025-08-01 09:18:36 AM,58.25,225,13106.25,77200237.5
2025-08-01 09:18:36 AM,58.15,0,0.0,77200237.5
2025-08-01 09:18:38 AM,57.85,0,0.0,77200237.5
2025-08-01 09:18:38 AM,57.85,2550,147517.5,77347755.0
2025-08-01 09:18:38 AM,57.95,75,4346.25,77352101.25
2025-08-01 09:18:38 AM,57.6,0,0.0,77352101.25
2025-08-01 09:18:39 AM,57.7,0,0.0,77352101.25
2025-08-01 09:18:39 AM,57.9,8700,503730.0,77855831.25
2025-08-01 09:18:40 AM,57.8,0,0.0,77855831.25
2025-08-01 09:18:40 AM,57.8,2550,147390.0,78003221.25
2025-08-01 09:18:40 AM,57.75,0,0.0,78003221.25
2025-08-01 09:18:41 AM,57.65,0,0.0,78003221.25
2025-08-01 09:18:41 AM,57.75,4050,233887.5,78237108.75
2025-08-01 09:18:41 AM,57.9,2025,117247.5,78354356.25
2025-08-01 09:18:42 AM,57.75,0,0.0,78354356.25
2025-08-01 09:18:43 AM,57.85,0,0.0,78354356.25
2025-08-01 09:18:43 AM,58.25,4725,275231.25,78629587.5
2025-08-01 09:18:43 AM,58.15,0,0.0,78629587.5
2025-08-01 09:18:43 AM,58.2,1875,109125.0,78738712.5
2025-08-01 09:18:44 AM,57.9,0,0.0,78738712.5
2025-08-01 09:18:44 AM,58.05,0,0.0,78738712.5
2025-08-01 09:18:44 AM,57.95,3675,212966.25,78951678.75
2025-08-01 09:18:45 AM,58.05,0,0.0,78951678.75
2025-08-01 09:18:45 AM,58.05,525,30476.25,78982155.0
2025-08-01 09:18:45 AM,57.85,0,0.0,78982155.0
2025-08-01 09:18:46 AM,58.25,0,0.0,78982155.0
2025-08-01 09:18:46 AM,58.3,0,0.0,78982155.0
2025-08-01 09:18:46 AM,58.3,2400,139920.0,79122075.0
2025-08-01 09:18:46 AM,58.4,75,4380.0,79126455.0
2025-08-01 09:18:47 AM,58.55,0,0.0,79126455.0
2025-08-01 09:18:47 AM,58.4,0,0.0,79126455.0
2025-08-01 09:18:47 AM,58.1,2550,148155.0,79274610.0
2025-08-01 09:18:48 AM,58.05,0,0.0,79274610.0
2025-08-01 09:18:48 AM,57.75,0,0.0,79274610.0
2025-08-01 09:18:48 AM,57.75,5700,329175.0,79603785.0
2025-08-01 09:18:49 AM,57.35,0,0.0,79603785.0
2025-08-01 09:18:49 AM,57.2,0,0.0,79603785.0
2025-08-01 09:18:49 AM,57.2,3825,218790.0,79822575.0
2025-08-01 09:18:49 AM,57.2,300,17160.0,79839735.0
2025-08-01 09:18:50 AM,56.85,0,0.0,79839735.0
2025-08-01 09:18:50 AM,57.1,0,0.0,79839735.0
2025-08-01 09:18:51 AM,57.05,0,0.0,79839735.0
2025-08-01 09:18:51 AM,56.9,11250,640125.0,80479860.0
2025-08-01 09:18:51 AM,57.05,0,0.0,80479860.0
2025-08-01 09:18:51 AM,56.95,1350,76882.5,80556742.5
2025-08-01 09:18:52 AM,57.0,0,0.0,80556742.5
2025-08-01 09:18:52 AM,56.95,0,0.0,80556742.5
2025-08-01 09:18:52 AM,57.0,5625,320625.0,80877367.5
2025-08-01 09:18:53 AM,56.8,0,0.0,80877367.5
2025-08-01 09:18:53 AM,56.8,450,25560.0,80902927.5
2025-08-01 09:18:54 AM,57.15,0,0.0,80902927.5
2025-08-01 09:18:54 AM,57.1,0,0.0,80902927.5
2025-08-01 09:18:54 AM,57.15,7050,402907.5,81305835.0
2025-08-01 09:18:54 AM,57.2,225,12870.0,81318705.0
2025-08-01 09:18:55 AM,57.85,0,0.0,81318705.0
2025-08-01 09:18:55 AM,57.65,0,0.0,81318705.0
2025-08-01 09:18:56 AM,57.5,0,0.0,81318705.0
2025-08-01 09:18:56 AM,57.5,6075,349312.5,81668017.5
2025-08-01 09:18:56 AM,57.35,0,0.0,81668017.5
2025-08-01 09:18:56 AM,57.3,600,34380.0,81702397.5
2025-08-01 09:18:57 AM,57.25,0,0.0,81702397.5
2025-08-01 09:18:57 AM,57.25,1725,98756.25,81801153.75
2025-08-01 09:18:58 AM,56.9,0,0.0,81801153.75
2025-08-01 09:18:58 AM,56.9,1425,81082.5,81882236.25
2025-08-01 09:18:58 AM,56.8,0,0.0,81882236.25
2025-08-01 09:18:59 AM,56.7,0,0.0,81882236.25
2025-08-01 09:18:59 AM,56.75,0,0.0,81882236.25
2025-08-01 09:18:59 AM,56.85,1875,106593.75,81988830.0
2025-08-01 09:18:59 AM,57.0,600,34200.0,82023030.0
2025-08-01 09:19:00 AM,56.7,0,0.0,82023030.0
2025-08-01 09:19:00 AM,57.0,0,0.0,82023030.0
2025-08-01 09:19:00 AM,57.05,7725,440711.25,82463741.25
2025-08-01 09:19:01 AM,57.0,0,0.0,82463741.25
2025-08-01 09:19:01 AM,56.9,0,0.0,82463741.25
2025-08-01 09:19:01 AM,56.9,1875,106687.5,82570428.75
2025-08-01 09:19:02 AM,56.7,43200,2449440.0,85019868.75
2025-08-01 09:19:02 AM,57.0,3000,171000.0,85190868.75
2025-08-01 09:19:03 AM,57.05,0,0.0,85190868.75
2025-08-01 09:19:03 AM,56.95,0,0.0,85190868.75
2025-08-01 09:19:04 AM,57.2,0,0.0,85190868.75
2025-08-01 09:19:04 AM,57.2,5850,334620.0,85525488.75
2025-08-01 09:19:04 AM,57.35,525,30108.75,85555597.5
2025-08-01 09:19:05 AM,57.85,0,0.0,85555597.5
2025-08-01 09:19:05 AM,57.75,0,0.0,85555597.5
2025-08-01 09:19:05 AM,57.6,5025,289440.0,85845037.5
2025-08-01 09:19:06 AM,57.85,0,0.0,85845037.5
2025-08-01 09:19:06 AM,57.85,1500,86775.0,85931812.5
2025-08-01 09:19:07 AM,57.5,0,0.0,85931812.5
2025-08-01 09:19:07 AM,57.8,0,0.0,85931812.5
2025-08-01 09:19:07 AM,57.85,3075,177888.75,86109701.25
2025-08-01 09:19:07 AM,57.8,3150,182070.0,86291771.25
2025-08-01 09:19:08 AM,58.0,0,0.0,86291771.25
2025-08-01 09:19:08 AM,57.9,0,0.0,86291771.25
2025-08-01 09:19:08 AM,57.9,2325,134617.5,86426388.75
2025-08-01 09:19:09 AM,57.65,0,0.0,86426388.75
2025-08-01 09:19:09 AM,57.6,0,0.0,86426388.75
2025-08-01 09:19:09 AM,57.6,225,12960.0,86439348.75
2025-08-01 09:19:10 AM,57.4,0,0.0,86439348.75
2025-08-01 09:19:10 AM,57.0,2400,136800.0,86576148.75
2025-08-01 09:19:10 AM,56.95,975,55526.25,86631675.0
2025-08-01 09:19:11 AM,57.0,0,0.0,86631675.0
2025-08-01 09:19:12 AM,57.5,0,0.0,86631675.0
2025-08-01 09:19:12 AM,57.5,2400,138000.0,86769675.0
2025-08-01 09:19:12 AM,57.9,600,34740.0,86804415.0
2025-08-01 09:19:13 AM,58.0,0,0.0,86804415.0
2025-08-01 09:19:13 AM,57.65,0,0.0,86804415.0
2025-08-01 09:19:13 AM,58.05,2175,126258.75,86930673.75
2025-08-01 09:19:14 AM,58.0,75,4350.0,86935023.75
2025-08-01 09:19:14 AM,57.8,0,0.0,86935023.75
2025-08-01 09:19:15 AM,57.7,0,0.0,86935023.75
2025-08-01 09:19:15 AM,57.75,0,0.0,86935023.75
2025-08-01 09:19:15 AM,57.75,1200,69300.0,87004323.75
2025-08-01 09:19:15 AM,57.2,1125,64350.0,87068673.75
2025-08-01 09:19:16 AM,57.3,0,0.0,87068673.75
2025-08-01 09:19:17 AM,57.3,1500,85950.0,87154623.75
2025-08-01 09:19:17 AM,57.35,75,4301.25,87158925.0
2025-08-01 09:19:18 AM,57.3,0,0.0,87158925.0
2025-08-01 09:19:18 AM,57.0,1275,72675.0,87231600.0
2025-08-01 09:19:19 AM,56.8,0,0.0,87231600.0
2025-08-01 09:19:19 AM,56.9,12000,682800.0,87914400.0
2025-08-01 09:19:20 AM,56.85,0,0.0,87914400.0
2025-08-01 09:19:20 AM,56.7,1650,93555.0,88007955.0
2025-08-01 09:19:21 AM,56.25,0,0.0,88007955.0
2025-08-01 09:19:22 AM,56.4,0,0.0,88007955.0
2025-08-01 09:19:22 AM,56.4,5325,300330.0,88308285.0
2025-08-01 09:19:22 AM,56.25,0,0.0,88308285.0
2025-08-01 09:19:22 AM,56.15,450,25267.5,88333552.5
2025-08-01 09:19:23 AM,56.1,0,0.0,88333552.5
2025-08-01 09:19:23 AM,56.2,0,0.0,88333552.5
2025-08-01 09:19:23 AM,56.2,4725,265545.0,88599097.5
2025-08-01 09:19:24 AM,56.15,450,25267.5,88624365.0
2025-08-01 09:19:25 AM,55.5,0,0.0,88624365.0
2025-08-01 09:19:25 AM,55.4,0,0.0,88624365.0
2025-08-01 09:19:25 AM,55.2,10350,571320.0,89195685.0
2025-08-01 09:19:25 AM,55.45,75,4158.75,89199843.75
2025-08-01 09:19:26 AM,55.25,0,0.0,89199843.75
2025-08-01 09:19:26 AM,55.15,0,0.0,89199843.75
2025-08-01 09:19:27 AM,55.3,0,0.0,89199843.75
2025-08-01 09:19:27 AM,55.1,3675,202492.5,89402336.25
2025-08-01 09:19:27 AM,55.05,0,0.0,89402336.25
2025-08-01 09:19:27 AM,55.0,5025,276375.0,89678711.25
2025-08-01 09:19:28 AM,55.3,0,0.0,89678711.25
2025-08-01 09:19:28 AM,55.45,0,0.0,89678711.25
2025-08-01 09:19:28 AM,55.25,10050,555262.5,90233973.75
2025-08-01 09:19:28 AM,55.3,1650,91245.0,90325218.75
2025-08-01 09:19:29 AM,55.45,0,0.0,90325218.75
2025-08-01 09:19:29 AM,55.0,0,0.0,90325218.75
2025-08-01 09:19:30 AM,55.05,0,0.0,90325218.75
2025-08-01 09:19:30 AM,55.25,5775,319068.75,90644287.5
2025-08-01 09:19:30 AM,55.5,525,29137.5,90673425.0
2025-08-01 09:19:31 AM,55.7,0,0.0,90673425.0
2025-08-01 09:19:31 AM,55.65,0,0.0,90673425.0
2025-08-01 09:19:32 AM,55.85,0,0.0,90673425.0
2025-08-01 09:19:32 AM,56.0,20850,1167600.0,91841025.0
2025-08-01 09:19:32 AM,56.05,300,16815.0,91857840.0
2025-08-01 09:19:33 AM,55.8,0,0.0,91857840.0
2025-08-01 09:19:33 AM,55.9,2775,155122.5,92012962.5
2025-08-01 09:19:33 AM,55.85,225,12566.25,92025528.75
2025-08-01 09:19:34 AM,55.8,0,0.0,92025528.75
2025-08-01 09:19:34 AM,55.75,0,0.0,92025528.75
2025-08-01 09:19:35 AM,55.65,0,0.0,92025528.75
2025-08-01 09:19:35 AM,56.0,0,0.0,92025528.75
2025-08-01 09:19:35 AM,55.85,3000,167550.0,92193078.75
2025-08-01 09:19:35 AM,55.85,150,8377.5,92201456.25
2025-08-01 09:19:36 AM,55.8,0,0.0,92201456.25
2025-08-01 09:19:36 AM,55.65,0,0.0,92201456.25
2025-08-01 09:19:36 AM,55.75,2925,163068.75,92364525.0
2025-08-01 09:19:37 AM,55.7,0,0.0,92364525.0
2025-08-01 09:19:37 AM,55.8,0,0.0,92364525.0
2025-08-01 09:19:37 AM,55.75,1200,66900.0,92431425.0
2025-08-01 09:19:38 AM,55.6,0,0.0,92431425.0
2025-08-01 09:19:38 AM,55.85,0,0.0,92431425.0
2025-08-01 09:19:38 AM,55.75,1725,96168.75,92527593.75
2025-08-01 09:19:38 AM,55.5,1575,87412.5,92615006.25
2025-08-01 09:19:39 AM,55.55,0,0.0,92615006.25
2025-08-01 09:19:40 AM,55.65,0,0.0,92615006.25
2025-08-01 09:19:40 AM,55.8,0,0.0,92615006.25
2025-08-01 09:19:40 AM,55.9,2925,163507.5,92778513.75
2025-08-01 09:19:40 AM,56.1,150,8415.0,92786928.75
2025-08-01 09:19:41 AM,56.3,0,0.0,92786928.75
2025-08-01 09:19:41 AM,56.6,0,0.0,92786928.75
2025-08-01 09:19:42 AM,56.2,2550,143310.0,92930238.75
2025-08-01 09:19:42 AM,56.3,75,4222.5,92934461.25
2025-08-01 09:19:42 AM,56.35,0,0.0,92934461.25
2025-08-01 09:19:43 AM,56.45,0,0.0,92934461.25
2025-08-01 09:19:43 AM,56.3,1950,109785.0,93044246.25
2025-08-01 09:19:43 AM,56.25,75,4218.75,93048465.0
2025-08-01 09:19:44 AM,56.45,0,0.0,93048465.0
2025-08-01 09:19:45 AM,55.95,0,0.0,93048465.0
2025-08-01 09:19:45 AM,56.0,3900,218400.0,93266865.0
2025-08-01 09:19:45 AM,55.8,300,16740.0,93283605.0
2025-08-01 09:19:46 AM,55.95,0,0.0,93283605.0
2025-08-01 09:19:47 AM,56.05,2400,134520.0,93418125.0
2025-08-01 09:19:47 AM,56.0,0,0.0,93418125.0
2025-08-01 09:19:47 AM,56.25,150,8437.5,93426562.5
2025-08-01 09:19:48 AM,56.55,0,0.0,93426562.5
2025-08-01 09:19:48 AM,56.45,0,0.0,93426562.5
2025-08-01 09:19:48 AM,56.55,2325,131478.75,93558041.25
2025-08-01 09:19:48 AM,56.3,150,8445.0,93566486.25
2025-08-01 09:19:49 AM,56.35,0,0.0,93566486.25
2025-08-01 09:19:49 AM,56.0,0,0.0,93566486.25
2025-08-01 09:19:50 AM,56.2,0,0.0,93566486.25
2025-08-01 09:19:50 AM,56.25,10050,565312.5,94131798.75
2025-08-01 09:19:50 AM,56.2,150,8430.0,94140228.75
2025-08-01 09:19:51 AM,56.6,0,0.0,94140228.75
2025-08-01 09:19:51 AM,56.65,0,0.0,94140228.75
2025-08-01 09:19:51 AM,56.55,2400,135720.0,94275948.75
2025-08-01 09:19:52 AM,56.5,0,0.0,94275948.75
2025-08-01 09:19:52 AM,56.35,450,25357.5,94301306.25
2025-08-01 09:19:52 AM,56.3,0,0.0,94301306.25
2025-08-01 09:19:53 AM,56.35,0,0.0,94301306.25
2025-08-01 09:19:53 AM,56.4,0,0.0,94301306.25
2025-08-01 09:19:53 AM,56.55,5625,318093.75,94619400.0
2025-08-01 09:19:53 AM,56.65,150,8497.5,94627897.5
2025-08-01 09:19:54 AM,56.45,0,0.0,94627897.5
2025-08-01 09:19:54 AM,56.55,0,0.0,94627897.5
2025-08-01 09:19:55 AM,57.0,0,0.0,94627897.5
2025-08-01 09:19:55 AM,57.0,2400,136800.0,94764697.5
2025-08-01 09:19:55 AM,57.05,0,0.0,94764697.5
2025-08-01 09:19:55 AM,57.05,300,17115.0,94781812.5
2025-08-01 09:19:56 AM,56.9,0,0.0,94781812.5
2025-08-01 09:19:56 AM,56.8,0,0.0,94781812.5
2025-08-01 09:19:56 AM,56.35,1725,97203.75,94879016.25
2025-08-01 09:19:57 AM,56.3,0,0.0,94879016.25
2025-08-01 09:19:57 AM,56.1,1650,92565.0,94971581.25
2025-08-01 09:19:58 AM,56.05,0,0.0,94971581.25
2025-08-01 09:19:58 AM,55.8,0,0.0,94971581.25
2025-08-01 09:19:58 AM,55.8,1350,75330.0,95046911.25
2025-08-01 09:19:58 AM,55.85,750,41887.5,95088798.75
2025-08-01 09:19:59 AM,55.8,0,0.0,95088798.75
2025-08-01 09:19:59 AM,55.7,0,0.0,95088798.75
2025-08-01 09:20:00 AM,55.45,0,0.0,95088798.75
2025-08-01 09:20:00 AM,56.1,16125,904612.5,95993411.25
2025-08-01 09:20:00 AM,55.8,0,0.0,95993411.25
2025-08-01 09:20:00 AM,55.9,4350,243165.0,96236576.25
2025-08-01 09:20:01 AM,56.0,0,0.0,96236576.25
2025-08-01 09:20:01 AM,56.2,0,0.0,96236576.25
2025-08-01 09:20:01 AM,55.95,31800,1779210.0,98015786.25
2025-08-01 09:20:02 AM,55.8,0,0.0,98015786.25
2025-08-01 09:20:02 AM,55.85,2325,129851.25,98145637.5
2025-08-01 09:20:02 AM,55.55,0,0.0,98145637.5
2025-08-01 09:20:03 AM,56.45,0,0.0,98145637.5
2025-08-01 09:20:03 AM,56.35,0,0.0,98145637.5
2025-08-01 09:20:03 AM,56.5,10125,572062.5,98717700.0
2025-08-01 09:20:03 AM,56.4,150,8460.0,98726160.0
2025-08-01 09:20:04 AM,56.5,0,0.0,98726160.0
2025-08-01 09:20:04 AM,56.7,0,0.0,98726160.0
2025-08-01 09:20:05 AM,56.8,3975,225780.0,98951940.0
2025-08-01 09:20:05 AM,56.7,0,0.0,98951940.0
2025-08-01 09:20:05 AM,56.85,225,12791.25,98964731.25
2025-08-01 09:20:06 AM,57.1,0,0.0,98964731.25
2025-08-01 09:20:06 AM,56.9,0,0.0,98964731.25
2025-08-01 09:20:06 AM,57.35,5175,296786.25,99261517.5
2025-08-01 09:20:07 AM,57.4,0,0.0,99261517.5
2025-08-01 09:20:07 AM,57.3,525,30082.5,99291600.0
2025-08-01 09:20:07 AM,57.0,0,0.0,99291600.0
2025-08-01 09:20:08 AM,57.3,0,0.0,99291600.0
2025-08-01 09:20:08 AM,57.05,0,0.0,99291600.0
2025-08-01 09:20:08 AM,57.1,3225,184147.5,99475747.5
2025-08-01 09:20:08 AM,57.25,450,25762.5,99501510.0
2025-08-01 09:20:09 AM,57.2,0,0.0,99501510.0
2025-08-01 09:20:09 AM,57.25,0,0.0,99501510.0
2025-08-01 09:20:10 AM,57.55,0,0.0,99501510.0
2025-08-01 09:20:10 AM,57.45,16950,973777.5,100475287.5
2025-08-01 09:20:10 AM,57.55,0,0.0,100475287.5
2025-08-01 09:20:10 AM,57.55,450,25897.5,100501185.0
2025-08-01 09:20:11 AM,57.8,0,0.0,100501185.0
2025-08-01 09:20:11 AM,57.65,0,0.0,100501185.0
2025-08-01 09:20:11 AM,57.75,1950,112612.5,100613797.5
2025-08-01 09:20:12 AM,57.4,0,0.0,100613797.5
2025-08-01 09:20:13 AM,57.45,0,0.0,100613797.5
2025-08-01 09:20:13 AM,57.55,4950,284872.5,100898670.0
2025-08-01 09:20:13 AM,57.25,2175,124518.75,101023188.75
2025-08-01 09:20:14 AM,57.65,0,0.0,101023188.75
2025-08-01 09:20:14 AM,57.95,0,0.0,101023188.75
2025-08-01 09:20:15 AM,57.7,0,0.0,101023188.75
2025-08-01 09:20:15 AM,57.7,2400,138480.0,101161668.75
2025-08-01 09:20:15 AM,57.7,750,43275.0,101204943.75
2025-08-01 09:20:16 AM,57.9,0,0.0,101204943.75
2025-08-01 09:20:16 AM,57.75,0,0.0,101204943.75
2025-08-01 09:20:16 AM,57.85,8325,481601.25,101686545.0
2025-08-01 09:20:17 AM,57.8,225,13005.0,101699550.0
2025-08-01 09:20:17 AM,57.85,0,0.0,101699550.0
2025-08-01 09:20:18 AM,57.75,0,0.0,101699550.0
2025-08-01 09:20:18 AM,57.75,2775,160256.25,101859806.25
2025-08-01 09:20:18 AM,57.7,75,4327.5,101864133.75
2025-08-01 09:20:19 AM,57.5,0,0.0,101864133.75
2025-08-01 09:20:19 AM,57.55,0,0.0,101864133.75
2025-08-01 09:20:20 AM,58.15,7500,436125.0,102300258.75
2025-08-01 09:20:20 AM,58.3,0,0.0,102300258.75
2025-08-01 09:20:20 AM,58.3,450,26235.0,102326493.75
2025-08-01 09:20:20 AM,58.15,0,0.0,102326493.75
2025-08-01 09:20:21 AM,58.2,0,0.0,102326493.75
2025-08-01 09:20:21 AM,58.2,4500,261900.0,102588393.75
2025-08-01 09:20:21 AM,58.2,300,17460.0,102605853.75
2025-08-01 09:20:22 AM,58.1,0,0.0,102605853.75
2025-08-01 09:20:22 AM,58.2,0,0.0,102605853.75
2025-08-01 09:20:23 AM,57.7,0,0.0,102605853.75
2025-08-01 09:20:23 AM,57.45,11700,672165.0,103278018.75
2025-08-01 09:20:23 AM,57.65,0,0.0,103278018.75
2025-08-01 09:20:23 AM,57.65,675,38913.75,103316932.5
2025-08-01 09:20:24 AM,57.95,0,0.0,103316932.5
2025-08-01 09:20:24 AM,57.75,0,0.0,103316932.5
2025-08-01 09:20:24 AM,57.6,7425,427680.0,103744612.5
2025-08-01 09:20:25 AM,57.6,225,12960.0,103757572.5
2025-08-01 09:20:25 AM,57.35,0,0.0,103757572.5
2025-08-01 09:20:26 AM,57.3,0,0.0,103757572.5
2025-08-01 09:20:26 AM,57.25,0,0.0,103757572.5
2025-08-01 09:20:26 AM,57.35,4500,258075.0,104015647.5
2025-08-01 09:20:26 AM,57.3,600,34380.0,104050027.5
2025-08-01 09:20:27 AM,57.25,0,0.0,104050027.5
2025-08-01 09:20:27 AM,57.35,0,0.0,104050027.5
2025-08-01 09:20:28 AM,57.75,0,0.0,104050027.5
2025-08-01 09:20:28 AM,57.75,5025,290193.75,104340221.25
2025-08-01 09:20:28 AM,57.7,0,0.0,104340221.25
2025-08-01 09:20:28 AM,57.35,375,21506.25,104361727.5
2025-08-01 09:20:29 AM,57.3,0,0.0,104361727.5
2025-08-01 09:20:29 AM,57.05,0,0.0,104361727.5
2025-08-01 09:20:29 AM,57.05,2925,166871.25,104528598.75
2025-08-01 09:20:30 AM,57.25,225,12881.25,104541480.0
2025-08-01 09:20:30 AM,57.2,0,0.0,104541480.0
2025-08-01 09:20:30 AM,57.45,0,0.0,104541480.0
2025-08-01 09:20:31 AM,57.25,0,0.0,104541480.0
2025-08-01 09:20:31 AM,57.2,12750,729300.0,105270780.0
2025-08-01 09:20:31 AM,57.35,150,8602.5,105279382.5
2025-08-01 09:20:32 AM,57.1,0,0.0,105279382.5
2025-08-01 09:20:33 AM,56.7,0,0.0,105279382.5
2025-08-01 09:20:33 AM,56.7,6000,340200.0,105619582.5
2025-08-01 09:20:33 AM,56.65,75,4248.75,105623831.25
2025-08-01 09:20:34 AM,56.6,0,0.0,105623831.25
2025-08-01 09:20:34 AM,56.8,0,0.0,105623831.25
2025-08-01 09:20:34 AM,56.65,1725,97721.25,105721552.5
2025-08-01 09:20:35 AM,56.85,1275,72483.75,105794036.25
2025-08-01 09:20:35 AM,56.6,0,0.0,105794036.25
2025-08-01 09:20:36 AM,57.4,0,0.0,105794036.25
2025-08-01 09:20:36 AM,56.95,0,0.0,105794036.25
2025-08-01 09:20:36 AM,56.75,3825,217068.75,106011105.0
2025-08-01 09:20:37 AM,56.9,0,0.0,106011105.0
2025-08-01 09:20:38 AM,56.95,0,0.0,106011105.0
2025-08-01 09:20:38 AM,56.95,2400,136680.0,106147785.0
2025-08-01 09:20:38 AM,56.9,150,8535.0,106156320.0
2025-08-01 09:20:38 AM,56.65,0,0.0,106156320.0
2025-08-01 09:20:39 AM,56.55,0,0.0,106156320.0
2025-08-01 09:20:39 AM,56.7,0,0.0,106156320.0
2025-08-01 09:20:39 AM,56.95,2025,115323.75,106271643.75
2025-08-01 09:20:40 AM,56.9,0,0.0,106271643.75
2025-08-01 09:20:40 AM,56.8,0,0.0,106271643.75
2025-08-01 09:20:41 AM,56.7,0,0.0,106271643.75
2025-08-01 09:20:41 AM,56.5,2550,144075.0,106415718.75
2025-08-01 09:20:42 AM,56.95,0,0.0,106415718.75
2025-08-01 09:20:42 AM,56.85,4800,272880.0,106688598.75
2025-08-01 09:20:43 AM,56.15,0,0.0,106688598.75
2025-08-01 09:20:43 AM,56.25,450,25312.5,106713911.25
2025-08-01 09:20:44 AM,56.0,0,0.0,106713911.25
2025-08-01 09:20:44 AM,55.75,0,0.0,106713911.25
2025-08-01 09:20:44 AM,55.9,8475,473752.5,107187663.75
2025-08-01 09:20:44 AM,55.9,150,8385.0,107196048.75
2025-08-01 09:20:45 AM,55.75,0,0.0,107196048.75
2025-08-01 09:20:45 AM,55.25,0,0.0,107196048.75
2025-08-01 09:20:46 AM,55.5,0,0.0,107196048.75
2025-08-01 09:20:46 AM,55.5,3000,166500.0,107362548.75
2025-08-01 09:20:47 AM,55.7,0,0.0,107362548.75
2025-08-01 09:20:47 AM,55.7,3675,204697.5,107567246.25
2025-08-01 09:20:48 AM,55.5,150,8325.0,107575571.25
2025-08-01 09:20:49 AM,55.35,0,0.0,107575571.25
2025-08-01 09:20:49 AM,55.2,0,0.0,107575571.25
2025-08-01 09:20:49 AM,55.0,13050,717750.0,108293321.25
2025-08-01 09:20:49 AM,55.1,150,8265.0,108301586.25
2025-08-01 09:20:50 AM,55.15,0,0.0,108301586.25
2025-08-01 09:20:50 AM,54.75,0,0.0,108301586.25
2025-08-01 09:20:51 AM,55.0,0,0.0,108301586.25
2025-08-01 09:20:51 AM,55.05,5475,301398.75,108602985.0
2025-08-01 09:20:51 AM,55.05,450,24772.5,108627757.5
2025-08-01 09:20:52 AM,55.75,0,0.0,108627757.5
2025-08-01 09:20:52 AM,55.65,0,0.0,108627757.5
2025-08-01 09:20:52 AM,55.5,5550,308025.0,108935782.5
2025-08-01 09:20:53 AM,55.8,3375,188325.0,109124107.5
2025-08-01 09:20:54 AM,55.45,0,0.0,109124107.5
2025-08-01 09:20:54 AM,55.55,0,0.0,109124107.5
2025-08-01 09:20:54 AM,55.35,3525,195108.75,109319216.25
2025-08-01 09:20:54 AM,55.05,375,20643.75,109339860.0
2025-08-01 09:20:55 AM,55.2,0,0.0,109339860.0
2025-08-01 09:20:55 AM,55.1,0,0.0,109339860.0
2025-08-01 09:20:56 AM,55.45,0,0.0,109339860.0
2025-08-01 09:20:56 AM,55.45,5475,303588.75,109643448.75
2025-08-01 09:20:56 AM,55.3,900,49770.0,109693218.75
2025-08-01 09:20:56 AM,55.4,0,0.0,109693218.75
2025-08-01 09:20:57 AM,55.1,0,0.0,109693218.75
2025-08-01 09:20:57 AM,54.95,0,0.0,109693218.75
2025-08-01 09:20:57 AM,54.85,12150,666427.5,110359646.25
2025-08-01 09:20:58 AM,54.8,525,28770.0,110388416.25
2025-08-01 09:20:58 AM,54.95,0,0.0,110388416.25
2025-08-01 09:20:58 AM,55.0,0,0.0,110388416.25
2025-08-01 09:20:59 AM,55.05,0,0.0,110388416.25
2025-08-01 09:20:59 AM,54.9,5400,296460.0,110684876.25
2025-08-01 09:20:59 AM,54.85,225,12341.25,110697217.5
2025-08-01 09:21:00 AM,55.3,0,0.0,110697217.5
2025-08-01 09:21:01 AM,55.25,0,0.0,110697217.5
2025-08-01 09:21:01 AM,55.25,9225,509681.25,111206898.75
2025-08-01 09:21:01 AM,54.9,1350,74115.0,111281013.75
2025-08-01 09:21:02 AM,55.5,0,0.0,111281013.75
2025-08-01 09:21:02 AM,55.6,0,0.0,111281013.75
2025-08-01 09:21:02 AM,55.3,10200,564060.0,111845073.75
2025-08-01 09:21:02 AM,55.3,375,20737.5,111865811.25
2025-08-01 09:21:03 AM,55.35,0,0.0,111865811.25
2025-08-01 09:21:03 AM,55.5,0,0.0,111865811.25
2025-08-01 09:21:04 AM,55.65,0,0.0,111865811.25
2025-08-01 09:21:04 AM,55.4,6450,357330.0,112223141.25
2025-08-01 09:21:04 AM,55.7,300,16710.0,112239851.25
2025-08-01 09:21:05 AM,55.5,0,0.0,112239851.25
2025-08-01 09:21:05 AM,56.1,0,0.0,112239851.25
2025-08-01 09:21:06 AM,56.05,0,0.0,112239851.25
2025-08-01 09:21:06 AM,56.05,1575,88278.75,112328130.0
2025-08-01 09:21:07 AM,56.1,0,0.0,112328130.0
2025-08-01 09:21:07 AM,56.2,0,0.0,112328130.0
2025-08-01 09:21:07 AM,56.05,1650,92482.5,112420612.5
2025-08-01 09:21:07 AM,56.05,75,4203.75,112424816.25
2025-08-01 09:21:08 AM,56.1,0,0.0,112424816.25
2025-08-01 09:21:08 AM,55.95,0,0.0,112424816.25
2025-08-01 09:21:09 AM,55.4,0,0.0,112424816.25
2025-08-01 09:21:09 AM,55.4,13275,735435.0,113160251.25
2025-08-01 09:21:09 AM,55.65,450,25042.5,113185293.75
2025-08-01 09:21:10 AM,55.75,0,0.0,113185293.75
2025-08-01 09:21:11 AM,55.2,0,0.0,113185293.75
2025-08-01 09:21:11 AM,55.0,3000,165000.0,113350293.75
2025-08-01 09:21:11 AM,55.0,75,4125.0,113354418.75
2025-08-01 09:21:12 AM,55.2,0,0.0,113354418.75
2025-08-01 09:21:12 AM,55.35,0,0.0,113354418.75
2025-08-01 09:21:12 AM,55.4,2850,157890.0,113512308.75
2025-08-01 09:21:13 AM,55.2,0,0.0,113512308.75
2025-08-01 09:21:13 AM,55.35,0,0.0,113512308.75
2025-08-01 09:21:14 AM,55.55,0,0.0,113512308.75
2025-08-01 09:21:14 AM,55.4,750,41550.0,113553858.75
2025-08-01 09:21:14 AM,55.3,525,29032.5,113582891.25
2025-08-01 09:21:15 AM,55.4,0,0.0,113582891.25
2025-08-01 09:21:16 AM,55.45,0,0.0,113582891.25
2025-08-01 09:21:16 AM,55.45,300,16635.0,113599526.25
2025-08-01 09:21:16 AM,55.35,225,12453.75,113611980.0
2025-08-01 09:21:16 AM,55.5,0,0.0,113611980.0
2025-08-01 09:21:17 AM,55.75,1425,79443.75,113691423.75
2025-08-01 09:21:17 AM,55.65,75,4173.75,113695597.5
2025-08-01 09:21:18 AM,55.95,0,0.0,113695597.5
2025-08-01 09:21:18 AM,56.0,0,0.0,113695597.5
2025-08-01 09:21:19 AM,56.25,0,0.0,113695597.5
2025-08-01 09:21:19 AM,56.1,2250,126225.0,113821822.5
2025-08-01 09:21:20 AM,56.3,0,0.0,113821822.5
2025-08-01 09:21:20 AM,56.05,1125,63056.25,113884878.75
2025-08-01 09:21:21 AM,55.85,0,0.0,113884878.75
2025-08-01 09:21:21 AM,55.8,1200,66960.0,113951838.75
2025-08-01 09:21:22 AM,55.7,0,0.0,113951838.75
2025-08-01 09:21:22 AM,55.65,3750,208687.5,114160526.25
2025-08-01 09:21:22 AM,55.75,150,8362.5,114168888.75
2025-08-01 09:21:23 AM,56.1,0,0.0,114168888.75
2025-08-01 09:21:23 AM,56.05,0,0.0,114168888.75
2025-08-01 09:21:24 AM,56.0,0,0.0,114168888.75
2025-08-01 09:21:24 AM,56.0,1500,84000.0,114252888.75
2025-08-01 09:21:24 AM,55.95,1200,67140.0,114320028.75
2025-08-01 09:21:25 AM,56.2,0,0.0,114320028.75
2025-08-01 09:21:25 AM,55.9,0,0.0,114320028.75
2025-08-01 09:21:25 AM,56.05,1200,67260.0,114387288.75
2025-08-01 09:21:26 AM,55.9,0,0.0,114387288.75
2025-08-01 09:21:26 AM,55.9,300,16770.0,114404058.75
2025-08-01 09:21:26 AM,56.05,0,0.0,114404058.75
2025-08-01 09:21:27 AM,55.75,0,0.0,114404058.75
2025-08-01 09:21:27 AM,55.55,0,0.0,114404058.75
2025-08-01 09:21:27 AM,55.7,6150,342555.0,114746613.75
2025-08-01 09:21:27 AM,55.9,450,25155.0,114771768.75
2025-08-01 09:21:28 AM,55.95,0,0.0,114771768.75
2025-08-01 09:21:29 AM,55.55,0,0.0,114771768.75
2025-08-01 09:21:29 AM,55.6,0,0.0,114771768.75
2025-08-01 09:21:29 AM,55.6,2850,158460.0,114930228.75
2025-08-01 09:21:29 AM,56.0,675,37800.0,114968028.75
2025-08-01 09:21:30 AM,56.35,0,0.0,114968028.75
2025-08-01 09:21:30 AM,56.25,0,0.0,114968028.75
2025-08-01 09:21:30 AM,56.15,5550,311632.5,115279661.25
2025-08-01 09:21:31 AM,56.1,0,0.0,115279661.25
2025-08-01 09:21:31 AM,56.05,525,29426.25,115309087.5
2025-08-01 09:21:31 AM,55.95,0,0.0,115309087.5
2025-08-01 09:21:32 AM,56.1,0,0.0,115309087.5
2025-08-01 09:21:32 AM,56.2,0,0.0,115309087.5
2025-08-01 09:21:32 AM,56.2,4125,231825.0,115540912.5
2025-08-01 09:21:32 AM,56.4,750,42300.0,115583212.5
2025-08-01 09:21:33 AM,56.2,0,0.0,115583212.5
2025-08-01 09:21:34 AM,55.95,0,0.0,115583212.5
2025-08-01 09:21:34 AM,55.65,0,0.0,115583212.5
2025-08-01 09:21:34 AM,55.65,15600,868140.0,116451352.5
2025-08-01 09:21:34 AM,55.55,375,20831.25,116472183.75
2025-08-01 09:21:35 AM,55.85,0,0.0,116472183.75
2025-08-01 09:21:35 AM,55.7,0,0.0,116472183.75
2025-08-01 09:21:35 AM,55.7,2625,146212.5,116618396.25
2025-08-01 09:21:36 AM,55.65,0,0.0,116618396.25
2025-08-01 09:21:36 AM,55.65,225,12521.25,116630917.5
2025-08-01 09:21:37 AM,55.7,0,0.0,116630917.5
2025-08-01 09:21:37 AM,55.25,10275,567693.75,117198611.25
2025-08-01 09:21:37 AM,54.95,9750,535762.5,117734373.75
2025-08-01 09:21:38 AM,55.2,0,0.0,117734373.75
2025-08-01 09:21:38 AM,54.95,0,0.0,117734373.75
2025-08-01 09:21:39 AM,54.55,0,0.0,117734373.75
2025-08-01 09:21:39 AM,54.65,3525,192641.25,117927015.0
2025-08-01 09:21:39 AM,54.55,0,0.0,117927015.0
2025-08-01 09:21:39 AM,54.55,300,16365.0,117943380.0
2025-08-01 09:21:40 AM,54.75,0,0.0,117943380.0
2025-08-01 09:21:40 AM,54.8,0,0.0,117943380.0
2025-08-01 09:21:40 AM,54.85,15375,843318.75,118786698.75
2025-08-01 09:21:41 AM,54.8,0,0.0,118786698.75
2025-08-01 09:21:41 AM,54.8,225,12330.0,118799028.75
2025-08-01 09:21:41 AM,54.75,0,0.0,118799028.75
2025-08-01 09:21:42 AM,54.6,0,0.0,118799028.75
2025-08-01 09:21:42 AM,54.4,0,0.0,118799028.75
2025-08-01 09:21:42 AM,54.6,3075,167895.0,118966923.75
2025-08-01 09:21:42 AM,54.7,1200,65640.0,119032563.75
2025-08-01 09:21:43 AM,54.45,0,0.0,119032563.75
2025-08-01 09:21:44 AM,54.5,0,0.0,119032563.75
2025-08-01 09:21:44 AM,54.5,975,53137.5,119085701.25
2025-08-01 09:21:44 AM,54.35,225,12228.75,119097930.0
2025-08-01 09:21:44 AM,54.2,0,0.0,119097930.0
2025-08-01 09:21:45 AM,54.25,0,0.0,119097930.0
2025-08-01 09:21:45 AM,54.3,1500,81450.0,119179380.0
2025-08-01 09:21:45 AM,54.5,375,20437.5,119199817.5
2025-08-01 09:21:46 AM,54.15,0,0.0,119199817.5
2025-08-01 09:21:47 AM,54.2,0,0.0,119199817.5
2025-08-01 09:21:47 AM,54.35,0,0.0,119199817.5
2025-08-01 09:21:47 AM,54.5,2400,130800.0,119330617.5
2025-08-01 09:21:48 AM,54.95,0,0.0,119330617.5
2025-08-01 09:21:48 AM,54.9,0,0.0,119330617.5
2025-08-01 09:21:49 AM,54.9,2475,135877.5,119466495.0
2025-08-01 09:21:50 AM,55.2,0,0.0,119466495.0
2025-08-01 09:21:50 AM,55.3,0,0.0,119466495.0
2025-08-01 09:21:50 AM,55.65,3825,212861.25,119679356.25
2025-08-01 09:21:50 AM,55.5,300,16650.0,119696006.25
2025-08-01 09:21:51 AM,55.55,0,0.0,119696006.25
2025-08-01 09:21:52 AM,55.7,0,0.0,119696006.25
2025-08-01 09:21:52 AM,55.4,0,0.0,119696006.25
2025-08-01 09:21:52 AM,55.65,8700,484155.0,120180161.25
2025-08-01 09:21:52 AM,55.55,300,16665.0,120196826.25
2025-08-01 09:21:53 AM,55.5,0,0.0,120196826.25
2025-08-01 09:21:53 AM,55.65,0,0.0,120196826.25
2025-08-01 09:21:53 AM,55.5,1200,66600.0,120263426.25
2025-08-01 09:21:54 AM,55.4,0,0.0,120263426.25
2025-08-01 09:21:54 AM,55.45,300,16635.0,120280061.25
2025-08-01 09:21:55 AM,55.6,0,0.0,120280061.25
2025-08-01 09:21:55 AM,55.35,1050,58117.5,120338178.75
2025-08-01 09:21:56 AM,55.3,0,0.0,120338178.75
2025-08-01 09:21:57 AM,55.4,0,0.0,120338178.75
2025-08-01 09:21:57 AM,55.35,0,0.0,120338178.75
2025-08-01 09:21:57 AM,55.35,600,33210.0,120371388.75
2025-08-01 09:21:57 AM,55.2,300,16560.0,120387948.75
2025-08-01 09:21:58 AM,55.05,0,0.0,120387948.75
2025-08-01 09:21:59 AM,55.1,7425,409117.5,120797066.25
2025-08-01 09:21:59 AM,55.2,0,0.0,120797066.25
2025-08-01 09:21:59 AM,55.2,225,12420.0,120809486.25
2025-08-01 09:21:59 AM,55.15,0,0.0,120809486.25
2025-08-01 09:22:00 AM,55.1,0,0.0,120809486.25
2025-08-01 09:22:00 AM,55.5,0,0.0,120809486.25
2025-08-01 09:22:00 AM,55.5,8850,491175.0,121300661.25
2025-08-01 09:22:00 AM,55.5,1725,95737.5,121396398.75
2025-08-01 09:22:01 AM,55.65,0,0.0,121396398.75
2025-08-01 09:22:01 AM,55.75,0,0.0,121396398.75
2025-08-01 09:22:02 AM,56.1,0,0.0,121396398.75
2025-08-01 09:22:02 AM,56.15,25200,1414980.0,122811378.75
2025-08-01 09:22:02 AM,56.0,300,16800.0,122828178.75
2025-08-01 09:22:03 AM,55.95,0,0.0,122828178.75
2025-08-01 09:22:03 AM,55.9,0,0.0,122828178.75
2025-08-01 09:22:04 AM,56.3,8475,477142.5,123305321.25
2025-08-01 09:22:04 AM,56.2,0,0.0,123305321.25
2025-08-01 09:22:04 AM,56.35,1200,67620.0,123372941.25
2025-08-01 09:22:04 AM,56.2,0,0.0,123372941.25
2025-08-01 09:22:05 AM,56.1,0,0.0,123372941.25
2025-08-01 09:22:05 AM,56.15,0,0.0,123372941.25
2025-08-01 09:22:05 AM,56.0,6600,369600.0,123742541.25
2025-08-01 09:22:05 AM,55.8,600,33480.0,123776021.25
2025-08-01 09:22:06 AM,55.75,0,0.0,123776021.25
2025-08-01 09:22:07 AM,55.7,0,0.0,123776021.25
2025-08-01 09:22:07 AM,55.75,2775,154706.25,123930727.5
2025-08-01 09:22:07 AM,55.65,900,50085.0,123980812.5
2025-08-01 09:22:08 AM,55.8,0,0.0,123980812.5
2025-08-01 09:22:08 AM,56.2,0,0.0,123980812.5
2025-08-01 09:22:08 AM,56.05,2550,142927.5,124123740.0
2025-08-01 09:22:09 AM,56.0,75,4200.0,124127940.0
2025-08-01 09:22:09 AM,56.15,0,0.0,124127940.0
2025-08-01 09:22:10 AM,55.8,0,0.0,124127940.0
2025-08-01 09:22:10 AM,55.9,4125,230587.5,124358527.5
2025-08-01 09:22:10 AM,56.1,225,12622.5,124371150.0
2025-08-01 09:22:11 AM,56.0,0,0.0,124371150.0
2025-08-01 09:22:12 AM,56.2,0,0.0,124371150.0
2025-08-01 09:22:12 AM,56.0,5775,323400.0,124694550.0
2025-08-01 09:22:12 AM,56.15,750,42112.5,124736662.5
2025-08-01 09:22:13 AM,56.1,0,0.0,124736662.5
2025-08-01 09:22:13 AM,56.2,0,0.0,124736662.5
2025-08-01 09:22:13 AM,57.0,9300,530100.0,125266762.5
2025-08-01 09:22:13 AM,57.0,375,21375.0,125288137.5
2025-08-01 09:22:14 AM,57.05,0,0.0,125288137.5
2025-08-01 09:22:15 AM,56.05,0,0.0,125288137.5
2025-08-01 09:22:15 AM,56.15,0,0.0,125288137.5
2025-08-01 09:22:15 AM,55.95,11175,625241.25,125913378.75
2025-08-01 09:22:16 AM,56.1,0,0.0,125913378.75
2025-08-01 09:22:16 AM,56.2,0,0.0,125913378.75
2025-08-01 09:22:17 AM,56.0,0,0.0,125913378.75
2025-08-01 09:22:17 AM,56.0,16125,903000.0,126816378.75
2025-08-01 09:22:17 AM,56.05,0,0.0,126816378.75
2025-08-01 09:22:17 AM,56.05,900,50445.0,126866823.75
2025-08-01 09:22:18 AM,56.15,0,0.0,126866823.75
2025-08-01 09:22:18 AM,56.1,1500,84150.0,126950973.75
2025-08-01 09:22:18 AM,55.85,2775,154983.75,127105957.5
2025-08-01 09:22:19 AM,55.7,0,0.0,127105957.5
2025-08-01 09:22:19 AM,55.5,0,0.0,127105957.5
2025-08-01 09:22:20 AM,55.75,0,0.0,127105957.5
2025-08-01 09:22:20 AM,55.65,0,0.0,127105957.5
2025-08-01 09:22:20 AM,55.85,4425,247136.25,127353093.75
2025-08-01 09:22:20 AM,55.75,75,4181.25,127357275.0
2025-08-01 09:22:21 AM,55.65,0,0.0,127357275.0
2025-08-01 09:22:21 AM,55.6,0,0.0,127357275.0
2025-08-01 09:22:22 AM,55.5,0,0.0,127357275.0
2025-08-01 09:22:22 AM,55.5,4050,224775.0,127582050.0
2025-08-01 09:22:22 AM,55.7,0,0.0,127582050.0
2025-08-01 09:22:22 AM,55.7,300,16710.0,127598760.0
2025-08-01 09:22:23 AM,55.35,0,0.0,127598760.0
2025-08-01 09:22:23 AM,55.7,1650,91905.0,127690665.0
2025-08-01 09:22:24 AM,55.75,0,0.0,127690665.0
2025-08-01 09:22:24 AM,55.7,0,0.0,127690665.0
2025-08-01 09:22:25 AM,55.75,0,0.0,127690665.0
2025-08-01 09:22:25 AM,56.0,3375,189000.0,127879665.0
2025-08-01 09:22:26 AM,55.75,0,0.0,127879665.0
2025-08-01 09:22:27 AM,55.75,5100,284325.0,128163990.0
2025-08-01 09:22:27 AM,55.7,0,0.0,128163990.0
2025-08-01 09:22:27 AM,55.7,1725,96082.5,128260072.5
2025-08-01 09:22:28 AM,55.6,0,0.0,128260072.5
2025-08-01 09:22:28 AM,55.55,2250,124987.5,128385060.0
2025-08-01 09:22:29 AM,55.6,0,0.0,128385060.0
2025-08-01 09:22:29 AM,55.55,0,0.0,128385060.0
2025-08-01 09:22:30 AM,55.4,0,0.0,128385060.0
2025-08-01 09:22:30 AM,55.1,1050,57855.0,128442915.0
2025-08-01 09:22:31 AM,55.3,0,0.0,128442915.0
2025-08-01 09:22:32 AM,55.85,0,0.0,128442915.0
2025-08-01 09:22:32 AM,55.85,5625,314156.25,128757071.25
2025-08-01 09:22:32 AM,55.7,0,0.0,128757071.25
2025-08-01 09:22:33 AM,56.2,0,0.0,128757071.25
2025-08-01 09:22:33 AM,56.1,0,0.0,128757071.25
2025-08-01 09:22:33 AM,56.15,2550,143182.5,128900253.75
2025-08-01 09:22:34 AM,55.95,150,8392.5,128908646.25
2025-08-01 09:22:34 AM,56.1,0,0.0,128908646.25
2025-08-01 09:22:35 AM,55.9,0,0.0,128908646.25
2025-08-01 09:22:35 AM,55.85,0,0.0,128908646.25
2025-08-01 09:22:35 AM,55.75,675,37631.25,128946277.5
2025-08-01 09:22:35 AM,55.8,450,25110.0,128971387.5
2025-08-01 09:22:36 AM,55.6,0,0.0,128971387.5
2025-08-01 09:22:36 AM,55.75,0,0.0,128971387.5
2025-08-01 09:22:37 AM,55.25,0,0.0,128971387.5
2025-08-01 09:22:37 AM,55.15,1725,95133.75,129066521.25
2025-08-01 09:22:37 AM,55.2,0,0.0,129066521.25
2025-08-01 09:22:38 AM,54.85,0,0.0,129066521.25
2025-08-01 09:22:38 AM,55.05,0,0.0,129066521.25
2025-08-01 09:22:38 AM,54.9,7425,407632.5,129474153.75
2025-08-01 09:22:39 AM,55.0,0,0.0,129474153.75
2025-08-01 09:22:39 AM,55.15,0,0.0,129474153.75
2025-08-01 09:22:40 AM,55.05,0,0.0,129474153.75
2025-08-01 09:22:40 AM,54.9,0,0.0,129474153.75
2025-08-01 09:22:40 AM,55.0,4275,235125.0,129709278.75
2025-08-01 09:22:40 AM,55.1,375,20662.5,129729941.25
2025-08-01 09:22:41 AM,55.2,0,0.0,129729941.25
2025-08-01 09:22:41 AM,55.35,0,0.0,129729941.25
2025-08-01 09:22:42 AM,55.3,1950,107835.0,129837776.25
2025-08-01 09:22:43 AM,55.45,0,0.0,129837776.25
2025-08-01 09:22:43 AM,55.4,3600,199440.0,130037216.25
2025-08-01 09:22:45 AM,55.45,0,0.0,130037216.25
2025-08-01 09:22:45 AM,55.4,0,0.0,130037216.25
2025-08-01 09:22:45 AM,55.4,1125,62325.0,130099541.25
2025-08-01 09:22:46 AM,55.2,0,0.0,130099541.25
2025-08-01 09:22:47 AM,54.75,1650,90337.5,130189878.75
2025-08-01 09:22:47 AM,54.5,300,16350.0,130206228.75
2025-08-01 09:22:47 AM,54.6,0,0.0,130206228.75
2025-08-01 09:22:48 AM,54.8,0,0.0,130206228.75
2025-08-01 09:22:48 AM,54.95,600,32970.0,130239198.75
2025-08-01 09:22:48 AM,54.85,75,4113.75,130243312.5
2025-08-01 09:22:49 AM,54.75,0,0.0,130243312.5
2025-08-01 09:22:50 AM,54.35,0,0.0,130243312.5
2025-08-01 09:22:50 AM,54.6,0,0.0,130243312.5
2025-08-01 09:22:50 AM,54.65,3225,176246.25,130419558.75
2025-08-01 09:22:51 AM,54.9,0,0.0,130419558.75
2025-08-01 09:22:51 AM,55.0,0,0.0,130419558.75
2025-08-01 09:22:52 AM,54.75,4575,250481.25,130670040.0
2025-08-01 09:22:52 AM,54.8,1350,73980.0,130744020.0
2025-08-01 09:22:52 AM,55.1,0,0.0,130744020.0
2025-08-01 09:22:53 AM,55.4,0,0.0,130744020.0
2025-08-01 09:22:53 AM,55.25,2625,145031.25,130889051.25
2025-08-01 09:22:53 AM,55.25,375,20718.75,130909770.0
2025-08-01 09:22:54 AM,55.0,0,0.0,130909770.0
2025-08-01 09:22:54 AM,55.1,0,0.0,130909770.0
2025-08-01 09:22:55 AM,55.25,0,0.0,130909770.0
2025-08-01 09:22:55 AM,55.35,0,0.0,130909770.0
2025-08-01 09:22:55 AM,55.35,3150,174352.5,131084122.5
2025-08-01 09:22:55 AM,55.45,75,4158.75,131088281.25
2025-08-01 09:22:56 AM,55.2,0,0.0,131088281.25
2025-08-01 09:22:56 AM,55.05,0,0.0,131088281.25
2025-08-01 09:22:57 AM,54.85,2250,123412.5,131211693.75
2025-08-01 09:22:57 AM,55.0,75,4125.0,131215818.75
2025-08-01 09:22:58 AM,54.95,0,0.0,131215818.75
2025-08-01 09:22:58 AM,54.7,0,0.0,131215818.75
2025-08-01 09:22:58 AM,54.65,1350,73777.5,131289596.25
2025-08-01 09:22:58 AM,54.95,150,8242.5,131297838.75
2025-08-01 09:22:59 AM,54.9,0,0.0,131297838.75
2025-08-01 09:23:00 AM,54.95,0,0.0,131297838.75
2025-08-01 09:23:00 AM,54.85,0,0.0,131297838.75
2025-08-01 09:23:00 AM,54.85,2625,143981.25,131441820.0
2025-08-01 09:23:00 AM,54.7,225,12307.5,131454127.5
2025-08-01 09:23:01 AM,54.8,0,0.0,131454127.5
2025-08-01 09:23:01 AM,55.1,0,0.0,131454127.5
2025-08-01 09:23:02 AM,54.85,10125,555356.25,132009483.75
2025-08-01 09:23:02 AM,54.7,75,4102.5,132013586.25
2025-08-01 09:23:02 AM,54.85,0,0.0,132013586.25
2025-08-01 09:23:03 AM,54.75,0,0.0,132013586.25
2025-08-01 09:23:03 AM,54.65,0,0.0,132013586.25
2025-08-01 09:23:03 AM,54.75,3450,188887.5,132202473.75
2025-08-01 09:23:04 AM,54.45,0,0.0,132202473.75
2025-08-01 09:23:05 AM,54.7,0,0.0,132202473.75
2025-08-01 09:23:05 AM,54.45,3525,191936.25,132394410.0
2025-08-01 09:23:06 AM,54.4,0,0.0,132394410.0
2025-08-01 09:23:06 AM,54.5,0,0.0,132394410.0
2025-08-01 09:23:07 AM,54.45,2850,155182.5,132549592.5
2025-08-01 09:23:07 AM,54.4,75,4080.0,132553672.5
2025-08-01 09:23:07 AM,54.6,0,0.0,132553672.5
2025-08-01 09:23:08 AM,54.3,0,0.0,132553672.5
2025-08-01 09:23:08 AM,54.3,13125,712687.5,133266360.0
2025-08-01 09:23:09 AM,54.35,0,0.0,133266360.0
2025-08-01 09:23:10 AM,54.15,0,0.0,133266360.0
2025-08-01 09:23:10 AM,54.15,1050,56857.5,133323217.5
2025-08-01 09:23:10 AM,54.15,75,4061.25,133327278.75
2025-08-01 09:23:11 AM,54.25,0,0.0,133327278.75
2025-08-01 09:23:11 AM,54.3,0,0.0,133327278.75
2025-08-01 09:23:11 AM,54.15,2325,125898.75,133453177.5
2025-08-01 09:23:12 AM,54.05,300,16215.0,133469392.5
2025-08-01 09:23:13 AM,54.1,0,0.0,133469392.5
2025-08-01 09:23:13 AM,54.4,0,0.0,133469392.5
2025-08-01 09:23:13 AM,54.5,2025,110362.5,133579755.0
2025-08-01 09:23:13 AM,54.65,150,8197.5,133587952.5
2025-08-01 09:23:14 AM,54.4,0,0.0,133587952.5
2025-08-01 09:23:14 AM,54.25,0,0.0,133587952.5
2025-08-01 09:23:15 AM,54.65,0,0.0,133587952.5
2025-08-01 09:23:15 AM,54.7,2625,143587.5,133731540.0
2025-08-01 09:23:15 AM,54.65,0,0.0,133731540.0
2025-08-01 09:23:15 AM,54.65,300,16395.0,133747935.0
2025-08-01 09:23:16 AM,54.5,0,0.0,133747935.0
2025-08-01 09:23:16 AM,54.45,5250,285862.5,134033797.5
2025-08-01 09:23:17 AM,54.5,825,44962.5,134078760.0
2025-08-01 09:23:17 AM,54.35,0,0.0,134078760.0
2025-08-01 09:23:17 AM,54.45,0,0.0,134078760.0
2025-08-01 09:23:18 AM,54.3,0,0.0,134078760.0
2025-08-01 09:23:18 AM,54.4,0,0.0,134078760.0
2025-08-01 09:23:18 AM,54.4,1350,73440.0,134152200.0
2025-08-01 09:23:18 AM,54.35,75,4076.25,134156276.25
2025-08-01 09:23:19 AM,54.45,0,0.0,134156276.25
2025-08-01 09:23:19 AM,54.5,0,0.0,134156276.25
2025-08-01 09:23:20 AM,54.7,1800,98460.0,134254736.25
2025-08-01 09:23:20 AM,55.0,600,33000.0,134287736.25
2025-08-01 09:23:20 AM,55.1,0,0.0,134287736.25
2025-08-01 09:23:21 AM,55.25,0,0.0,134287736.25
2025-08-01 09:23:21 AM,55.55,0,0.0,134287736.25
2025-08-01 09:23:21 AM,55.4,2475,137115.0,134424851.25
2025-08-01 09:23:22 AM,55.65,0,0.0,134424851.25
2025-08-01 09:23:22 AM,55.6,0,0.0,134424851.25
2025-08-01 09:23:23 AM,55.5,0,0.0,134424851.25
2025-08-01 09:23:23 AM,55.7,0,0.0,134424851.25
2025-08-01 09:23:23 AM,55.6,900,50040.0,134474891.25
2025-08-01 09:23:23 AM,55.65,75,4173.75,134479065.0
2025-08-01 09:23:24 AM,55.6,0,0.0,134479065.0
2025-08-01 09:23:25 AM,55.85,1050,58642.5,134537707.5
2025-08-01 09:23:25 AM,55.7,0,0.0,134537707.5
2025-08-01 09:23:25 AM,55.65,450,25042.5,134562750.0
2025-08-01 09:23:25 AM,55.9,0,0.0,134562750.0
2025-08-01 09:23:26 AM,56.0,0,0.0,134562750.0
2025-08-01 09:23:26 AM,55.9,0,0.0,134562750.0
2025-08-01 09:23:26 AM,55.3,17250,953925.0,135516675.0
2025-08-01 09:23:26 AM,55.2,1725,95220.0,135611895.0
2025-08-01 09:23:27 AM,55.15,0,0.0,135611895.0
2025-08-01 09:23:27 AM,55.45,0,0.0,135611895.0
2025-08-01 09:23:28 AM,55.25,0,0.0,135611895.0
2025-08-01 09:23:28 AM,55.25,1200,66300.0,135678195.0
2025-08-01 09:23:28 AM,55.25,750,41437.5,135719632.5
2025-08-01 09:23:30 AM,55.3,2250,124425.0,135844057.5
2025-08-01 09:23:30 AM,55.5,0,0.0,135844057.5
2025-08-01 09:23:31 AM,55.35,0,0.0,135844057.5
2025-08-01 09:23:31 AM,55.15,0,0.0,135844057.5
2025-08-01 09:23:31 AM,55.1,900,49590.0,135893647.5
2025-08-01 09:23:31 AM,55.5,225,12487.5,135906135.0
2025-08-01 09:23:32 AM,55.4,0,0.0,135906135.0
2025-08-01 09:23:32 AM,55.2,0,0.0,135906135.0
2025-08-01 09:23:33 AM,55.15,0,0.0,135906135.0
2025-08-01 09:23:33 AM,55.15,1050,57907.5,135964042.5
2025-08-01 09:23:33 AM,55.2,75,4140.0,135968182.5
2025-08-01 09:23:34 AM,55.15,0,0.0,135968182.5
2025-08-01 09:23:34 AM,55.4,1500,83100.0,136051282.5
2025-08-01 09:23:35 AM,55.15,0,0.0,136051282.5
2025-08-01 09:23:36 AM,55.25,0,0.0,136051282.5
2025-08-01 09:23:36 AM,55.0,0,0.0,136051282.5
2025-08-01 09:23:36 AM,55.0,3000,165000.0,136216282.5
2025-08-01 09:23:36 AM,55.15,225,12408.75,136228691.25
2025-08-01 09:23:37 AM,55.25,0,0.0,136228691.25
2025-08-01 09:23:37 AM,55.2,0,0.0,136228691.25
2025-08-01 09:23:38 AM,55.2,1725,95220.0,136323911.25
2025-08-01 09:23:38 AM,55.35,0,0.0,136323911.25
2025-08-01 09:23:38 AM,55.35,75,4151.25,136328062.5
2025-08-01 09:23:39 AM,55.8,0,0.0,136328062.5
2025-08-01 09:23:39 AM,55.7,0,0.0,136328062.5
2025-08-01 09:23:39 AM,55.55,1875,104156.25,136432218.75
2025-08-01 09:23:41 AM,55.7,0,0.0,136432218.75
2025-08-01 09:23:41 AM,55.9,0,0.0,136432218.75
2025-08-01 09:23:41 AM,55.8,2250,125550.0,136557768.75
2025-08-01 09:23:41 AM,55.75,3000,167250.0,136725018.75
2025-08-01 09:23:42 AM,55.95,0,0.0,136725018.75
2025-08-01 09:23:42 AM,55.9,0,0.0,136725018.75
2025-08-01 09:23:43 AM,56.1,0,0.0,136725018.75
2025-08-01 09:23:43 AM,56.15,2625,147393.75,136872412.5
2025-08-01 09:23:44 AM,56.35,0,0.0,136872412.5
2025-08-01 09:23:44 AM,56.3,0,0.0,136872412.5
2025-08-01 09:23:44 AM,56.05,4575,256428.75,137128841.25
2025-08-01 09:23:45 AM,56.1,225,12622.5,137141463.75
2025-08-01 09:23:45 AM,56.15,0,0.0,137141463.75
2025-08-01 09:23:45 AM,55.95,0,0.0,137141463.75
2025-08-01 09:23:46 AM,56.35,0,0.0,137141463.75
2025-08-01 09:23:46 AM,56.4,0,0.0,137141463.75
2025-08-01 09:23:46 AM,56.25,3525,198281.25,137339745.0
2025-08-01 09:23:46 AM,56.25,75,4218.75,137343963.75
2025-08-01 09:23:47 AM,56.4,0,0.0,137343963.75
2025-08-01 09:23:48 AM,56.4,2325,131130.0,137475093.75
2025-08-01 09:23:48 AM,56.6,0,0.0,137475093.75
2025-08-01 09:23:48 AM,56.4,0,0.0,137475093.75
2025-08-01 09:23:48 AM,56.4,1350,76140.0,137551233.75
2025-08-01 09:23:49 AM,56.55,0,0.0,137551233.75
2025-08-01 09:23:49 AM,56.5,0,0.0,137551233.75
2025-08-01 09:23:49 AM,56.6,1875,106125.0,137657358.75
2025-08-01 09:23:50 AM,56.8,0,0.0,137657358.75
2025-08-01 09:23:51 AM,56.55,0,0.0,137657358.75
2025-08-01 09:23:51 AM,56.45,0,0.0,137657358.75
2025-08-01 09:23:51 AM,56.65,7350,416377.5,138073736.25
2025-08-01 09:23:51 AM,56.65,900,50985.0,138124721.25
2025-08-01 09:23:52 AM,56.6,0,0.0,138124721.25
2025-08-01 09:23:52 AM,56.4,0,0.0,138124721.25
2025-08-01 09:23:53 AM,56.3,1350,76005.0,138200726.25
2025-08-01 09:23:53 AM,56.2,75,4215.0,138204941.25
2025-08-01 09:23:54 AM,56.35,0,0.0,138204941.25
2025-08-01 09:23:54 AM,56.6,0,0.0,138204941.25
2025-08-01 09:23:54 AM,56.55,1125,63618.75,138268560.0
2025-08-01 09:23:55 AM,56.6,300,16980.0,138285540.0
2025-08-01 09:23:56 AM,56.55,0,0.0,138285540.0
2025-08-01 09:23:56 AM,56.65,750,42487.5,138328027.5
2025-08-01 09:23:57 AM,56.25,0,0.0,138328027.5
2025-08-01 09:23:57 AM,56.4,0,0.0,138328027.5
2025-08-01 09:23:58 AM,56.45,1800,101610.0,138429637.5
2025-08-01 09:23:58 AM,56.75,0,0.0,138429637.5
2025-08-01 09:23:59 AM,56.65,0,0.0,138429637.5
2025-08-01 09:23:59 AM,56.5,0,0.0,138429637.5
2025-08-01 09:23:59 AM,56.5,2100,118650.0,138548287.5
2025-08-01 09:24:00 AM,56.2,0,0.0,138548287.5
2025-08-01 09:24:00 AM,56.1,0,0.0,138548287.5
2025-08-01 09:24:01 AM,56.2,0,0.0,138548287.5
2025-08-01 09:24:01 AM,56.25,1725,97031.25,138645318.75
2025-08-01 09:24:01 AM,56.3,0,0.0,138645318.75
2025-08-01 09:24:01 AM,56.3,150,8445.0,138653763.75
2025-08-01 09:24:02 AM,56.4,0,0.0,138653763.75
2025-08-01 09:24:02 AM,56.45,0,0.0,138653763.75
2025-08-01 09:24:02 AM,56.6,2550,144330.0,138798093.75
2025-08-01 09:24:03 AM,57.15,5550,317182.5,139115276.25
2025-08-01 09:24:03 AM,57.2,0,0.0,139115276.25
2025-08-01 09:24:04 AM,57.4,5100,292740.0,139408016.25
2025-08-01 09:24:04 AM,57.4,75,4305.0,139412321.25
2025-08-01 09:24:05 AM,57.45,0,0.0,139412321.25
2025-08-01 09:24:05 AM,57.25,0,0.0,139412321.25
2025-08-01 09:24:06 AM,57.35,0,0.0,139412321.25
2025-08-01 09:24:06 AM,57.65,3675,211863.75,139624185.0
2025-08-01 09:24:06 AM,57.55,0,0.0,139624185.0
2025-08-01 09:24:06 AM,57.5,300,17250.0,139641435.0
2025-08-01 09:24:07 AM,57.4,0,0.0,139641435.0
2025-08-01 09:24:07 AM,57.0,0,0.0,139641435.0
2025-08-01 09:24:08 AM,56.95,3375,192206.25,139833641.25
2025-08-01 09:24:08 AM,56.9,600,34140.0,139867781.25
2025-08-01 09:24:08 AM,56.85,0,0.0,139867781.25
2025-08-01 09:24:08 AM,57.15,0,0.0,139867781.25
2025-08-01 09:24:09 AM,57.1,0,0.0,139867781.25
2025-08-01 09:24:09 AM,57.1,3225,184147.5,140051928.75
2025-08-01 09:24:09 AM,57.1,75,4282.5,140056211.25
2025-08-01 09:24:10 AM,57.05,0,0.0,140056211.25
2025-08-01 09:24:10 AM,57.2,0,0.0,140056211.25
2025-08-01 09:24:11 AM,57.3,0,0.0,140056211.25
2025-08-01 09:24:11 AM,57.25,4575,261918.75,140318130.0
2025-08-01 09:24:11 AM,57.4,0,0.0,140318130.0
2025-08-01 09:24:11 AM,57.2,1575,90090.0,140408220.0
2025-08-01 09:24:12 AM,56.85,0,0.0,140408220.0
2025-08-01 09:24:12 AM,56.95,0,0.0,140408220.0
2025-08-01 09:24:13 AM,56.85,3375,191868.75,140600088.75
2025-08-01 09:24:13 AM,56.7,75,4252.5,140604341.25
2025-08-01 09:24:13 AM,57.05,0,0.0,140604341.25
2025-08-01 09:24:14 AM,56.8,0,0.0,140604341.25
2025-08-01 09:24:14 AM,56.75,0,0.0,140604341.25
2025-08-01 09:24:14 AM,56.8,1350,76680.0,140681021.25
2025-08-01 09:24:14 AM,56.8,225,12780.0,140693801.25
2025-08-01 09:24:15 AM,56.9,0,0.0,140693801.25
2025-08-01 09:24:16 AM,56.9,18750,1066875.0,141760676.25
2025-08-01 09:24:16 AM,56.85,150,8527.5,141769203.75
2025-08-01 09:24:17 AM,56.6,0,0.0,141769203.75
2025-08-01 09:24:17 AM,56.5,0,0.0,141769203.75
2025-08-01 09:24:17 AM,56.6,4950,280170.0,142049373.75
2025-08-01 09:24:17 AM,56.65,375,21243.75,142070617.5
2025-08-01 09:24:18 AM,56.55,0,0.0,142070617.5
2025-08-01 09:24:18 AM,56.5,0,0.0,142070617.5
2025-08-01 09:24:19 AM,56.1,0,0.0,142070617.5
2025-08-01 09:24:19 AM,56.4,6975,393390.0,142464007.5
2025-08-01 09:24:19 AM,56.2,75,4215.0,142468222.5
2025-08-01 09:24:20 AM,56.3,0,0.0,142468222.5
2025-08-01 09:24:21 AM,56.6,0,0.0,142468222.5
2025-08-01 09:24:21 AM,56.6,3525,199515.0,142667737.5
2025-08-01 09:24:21 AM,56.5,225,12712.5,142680450.0
2025-08-01 09:24:21 AM,56.45,0,0.0,142680450.0
2025-08-01 09:24:22 AM,56.35,0,0.0,142680450.0
2025-08-01 09:24:22 AM,56.3,1050,59115.0,142739565.0
2025-08-01 09:24:22 AM,56.25,150,8437.5,142748002.5
2025-08-01 09:24:23 AM,56.55,0,0.0,142748002.5
2025-08-01 09:24:23 AM,56.85,0,0.0,142748002.5
2025-08-01 09:24:24 AM,56.7,0,0.0,142748002.5
2025-08-01 09:24:24 AM,56.9,3525,200572.5,142948575.0
2025-08-01 09:24:24 AM,56.75,0,0.0,142948575.0
2025-08-01 09:24:24 AM,56.8,1200,68160.0,143016735.0
2025-08-01 09:24:25 AM,56.6,0,0.0,143016735.0
2025-08-01 09:24:26 AM,56.55,1050,59377.5,143076112.5
2025-08-01 09:24:26 AM,56.6,75,4245.0,143080357.5
2025-08-01 09:24:26 AM,56.7,0,0.0,143080357.5
2025-08-01 09:24:27 AM,56.95,0,0.0,143080357.5
2025-08-01 09:24:27 AM,57.15,0,0.0,143080357.5
2025-08-01 09:24:27 AM,56.8,4950,281160.0,143361517.5
2025-08-01 09:24:27 AM,56.8,75,4260.0,143365777.5
2025-08-01 09:24:28 AM,57.1,0,0.0,143365777.5
2025-08-01 09:24:29 AM,56.85,0,0.0,143365777.5
2025-08-01 09:24:29 AM,56.85,3150,179077.5,143544855.0
2025-08-01 09:24:29 AM,57.0,75,4275.0,143549130.0
2025-08-01 09:24:29 AM,57.05,0,0.0,143549130.0
2025-08-01 09:24:30 AM,57.0,0,0.0,143549130.0
2025-08-01 09:24:30 AM,57.05,0,0.0,143549130.0
2025-08-01 09:24:31 AM,57.25,4125,236156.25,143785286.25
2025-08-01 09:24:31 AM,57.35,300,17205.0,143802491.25
2025-08-01 09:24:31 AM,57.15,0,0.0,143802491.25
2025-08-01 09:24:32 AM,57.4,0,0.0,143802491.25
2025-08-01 09:24:32 AM,57.3,0,0.0,143802491.25
2025-08-01 09:24:32 AM,57.3,2100,120330.0,143922821.25
2025-08-01 09:24:32 AM,57.4,150,8610.0,143931431.25
2025-08-01 09:24:33 AM,57.5,0,0.0,143931431.25
2025-08-01 09:24:33 AM,57.65,0,0.0,143931431.25
2025-08-01 09:24:34 AM,57.65,5175,298338.75,144229770.0
2025-08-01 09:24:34 AM,57.65,600,34590.0,144264360.0
2025-08-01 09:24:35 AM,57.75,0,0.0,144264360.0
2025-08-01 09:24:35 AM,57.7,0,0.0,144264360.0
2025-08-01 09:24:36 AM,57.6,6900,397440.0,144661800.0
2025-08-01 09:24:36 AM,57.55,225,12948.75,144674748.75
2025-08-01 09:24:36 AM,57.6,0,0.0,144674748.75
2025-08-01 09:24:36 AM,57.4,0,0.0,144674748.75
2025-08-01 09:24:37 AM,57.5,0,0.0,144674748.75
2025-08-01 09:24:37 AM,57.45,0,0.0,144674748.75
2025-08-01 09:24:37 AM,57.5,2250,129375.0,144804123.75
2025-08-01 09:24:37 AM,57.35,150,8602.5,144812726.25
2025-08-01 09:24:38 AM,57.5,0,0.0,144812726.25
2025-08-01 09:24:39 AM,57.6,0,0.0,144812726.25
2025-08-01 09:24:39 AM,57.6,2850,164160.0,144976886.25
2025-08-01 09:24:39 AM,57.7,900,51930.0,145028816.25
2025-08-01 09:24:39 AM,57.8,0,0.0,145028816.25
2025-08-01 09:24:40 AM,57.7,0,0.0,145028816.25
2025-08-01 09:24:40 AM,57.4,0,0.0,145028816.25
2025-08-01 09:24:40 AM,57.3,2400,137520.0,145166336.25
2025-08-01 09:24:41 AM,57.4,450,25830.0,145192166.25
2025-08-01 09:24:41 AM,57.2,0,0.0,145192166.25
2025-08-01 09:24:41 AM,57.35,0,0.0,145192166.25
2025-08-01 09:24:42 AM,57.55,0,0.0,145192166.25
2025-08-01 09:24:42 AM,57.55,3525,202863.75,145395030.0
2025-08-01 09:24:42 AM,57.6,0,0.0,145395030.0
2025-08-01 09:24:42 AM,57.7,525,30292.5,145425322.5
2025-08-01 09:24:43 AM,57.65,0,0.0,145425322.5
2025-08-01 09:24:43 AM,57.55,0,0.0,145425322.5
2025-08-01 09:24:44 AM,58.1,0,0.0,145425322.5
2025-08-01 09:24:44 AM,58.3,6300,367290.0,145792612.5
2025-08-01 09:24:44 AM,58.3,300,17490.0,145810102.5
2025-08-01 09:24:44 AM,58.2,0,0.0,145810102.5
2025-08-01 09:24:45 AM,58.25,0,0.0,145810102.5
2025-08-01 09:24:45 AM,58.35,4275,249446.25,146059548.75
2025-08-01 09:24:46 AM,58.3,900,52470.0,146112018.75
2025-08-01 09:24:46 AM,58.15,0,0.0,146112018.75
2025-08-01 09:24:46 AM,58.3,0,0.0,146112018.75
2025-08-01 09:24:47 AM,58.4,4875,284700.0,146396718.75
2025-08-01 09:24:47 AM,58.15,300,17445.0,146414163.75
2025-08-01 09:24:48 AM,58.25,0,0.0,146414163.75
2025-08-01 09:24:48 AM,58.05,0,0.0,146414163.75
2025-08-01 09:24:49 AM,57.85,0,0.0,146414163.75
2025-08-01 09:24:49 AM,57.8,3450,199410.0,146613573.75
2025-08-01 09:24:49 AM,58.15,150,8722.5,146622296.25
2025-08-01 09:24:49 AM,58.05,0,0.0,146622296.25
2025-08-01 09:24:50 AM,58.7,0,0.0,146622296.25
2025-08-01 09:24:50 AM,58.55,0,0.0,146622296.25
2025-08-01 09:24:50 AM,58.6,1725,101085.0,146723381.25
2025-08-01 09:24:51 AM,58.5,150,8775.0,146732156.25
2025-08-01 09:24:51 AM,58.35,0,0.0,146732156.25
2025-08-01 09:24:52 AM,58.4,0,0.0,146732156.25
2025-08-01 09:24:52 AM,58.4,4875,284700.0,147016856.25
2025-08-01 09:24:52 AM,58.5,675,39487.5,147056343.75
2025-08-01 09:24:53 AM,58.7,0,0.0,147056343.75
2025-08-01 09:24:53 AM,58.8,0,0.0,147056343.75
2025-08-01 09:24:54 AM,58.65,0,0.0,147056343.75
2025-08-01 09:24:54 AM,58.85,3900,229515.0,147285858.75
2025-08-01 09:24:54 AM,58.65,375,21993.75,147307852.5
2025-08-01 09:24:55 AM,58.6,0,0.0,147307852.5
2025-08-01 09:24:55 AM,58.55,0,0.0,147307852.5
2025-08-01 09:24:55 AM,58.85,4800,282480.0,147590332.5
2025-08-01 09:24:56 AM,58.55,375,21956.25,147612288.75
2025-08-01 09:24:56 AM,58.65,0,0.0,147612288.75
2025-08-01 09:24:57 AM,58.3,0,0.0,147612288.75
2025-08-01 09:24:57 AM,58.35,2025,118158.75,147730447.5
2025-08-01 09:24:57 AM,58.5,450,26325.0,147756772.5
2025-08-01 09:24:58 AM,58.4,0,0.0,147756772.5
2025-08-01 09:24:59 AM,58.3,0,0.0,147756772.5
2025-08-01 09:24:59 AM,58.3,2025,118057.5,147874830.0
2025-08-01 09:24:59 AM,58.3,75,4372.5,147879202.5
2025-08-01 09:24:59 AM,58.4,0,0.0,147879202.5
2025-08-01 09:25:00 AM,57.9,0,0.0,147879202.5
2025-08-01 09:25:00 AM,57.7,0,0.0,147879202.5
2025-08-01 09:25:00 AM,58.05,25950,1506397.5,149385600.0
2025-08-01 09:25:01 AM,57.7,1725,99532.5,149485132.5
2025-08-01 09:25:01 AM,57.8,0,0.0,149485132.5
2025-08-01 09:25:01 AM,57.9,0,0.0,149485132.5
2025-08-01 09:25:02 AM,58.2,0,0.0,149485132.5
2025-08-01 09:25:02 AM,58.25,0,0.0,149485132.5
2025-08-01 09:25:02 AM,58.25,15675,913068.75,150398201.25
2025-08-01 09:25:02 AM,58.15,75,4361.25,150402562.5
2025-08-01 09:25:03 AM,58.2,0,0.0,150402562.5
2025-08-01 09:25:04 AM,58.8,7275,427770.0,150830332.5
2025-08-01 09:25:04 AM,59.0,4050,238950.0,151069282.5
2025-08-01 09:25:04 AM,58.9,0,0.0,151069282.5
2025-08-01 09:25:05 AM,59.1,0,0.0,151069282.5
2025-08-01 09:25:05 AM,59.2,7800,461760.0,151531042.5
2025-08-01 09:25:06 AM,59.35,2775,164696.25,151695738.75
2025-08-01 09:25:06 AM,59.45,0,0.0,151695738.75
2025-08-01 09:25:06 AM,59.3,0,0.0,151695738.75
2025-08-01 09:25:07 AM,59.4,0,0.0,151695738.75
2025-08-01 09:25:07 AM,59.6,0,0.0,151695738.75
2025-08-01 09:25:07 AM,59.6,10500,625800.0,152321538.75
2025-08-01 09:25:07 AM,59.5,1275,75862.5,152397401.25
2025-08-01 09:25:08 AM,59.45,0,0.0,152397401.25
2025-08-01 09:25:08 AM,59.5,0,0.0,152397401.25
2025-08-01 09:25:09 AM,59.85,4725,282791.25,152680192.5
2025-08-01 09:25:09 AM,59.65,0,0.0,152680192.5
2025-08-01 09:25:09 AM,59.65,150,8947.5,152689140.0
2025-08-01 09:25:09 AM,59.8,0,0.0,152689140.0
2025-08-01 09:25:10 AM,60.5,0,0.0,152689140.0
2025-08-01 09:25:10 AM,60.4,0,0.0,152689140.0
2025-08-01 09:25:10 AM,60.4,15375,928650.0,153617790.0
2025-08-01 09:25:10 AM,60.25,750,45187.5,153662977.5
2025-08-01 09:25:11 AM,60.6,0,0.0,153662977.5
2025-08-01 09:25:11 AM,60.45,0,0.0,153662977.5
2025-08-01 09:25:12 AM,60.8,0,0.0,153662977.5
2025-08-01 09:25:12 AM,60.55,10950,663022.5,154326000.0
2025-08-01 09:25:12 AM,60.7,0,0.0,154326000.0
2025-08-01 09:25:12 AM,60.6,150,9090.0,154335090.0
2025-08-01 09:25:13 AM,60.45,0,0.0,154335090.0
2025-08-01 09:25:13 AM,60.55,0,0.0,154335090.0
2025-08-01 09:25:14 AM,60.5,6750,408375.0,154743465.0
2025-08-01 09:25:14 AM,60.7,0,0.0,154743465.0
2025-08-01 09:25:14 AM,60.7,2925,177547.5,154921012.5
2025-08-01 09:25:14 AM,60.6,0,0.0,154921012.5
2025-08-01 09:25:15 AM,60.9,0,0.0,154921012.5
2025-08-01 09:25:15 AM,60.7,0,0.0,154921012.5
2025-08-01 09:25:15 AM,60.7,7500,455250.0,155376262.5
2025-08-01 09:25:16 AM,60.75,0,0.0,155376262.5
2025-08-01 09:25:17 AM,60.85,12375,753018.75,156129281.25
2025-08-01 09:25:17 AM,60.75,6750,410062.5,156539343.75
2025-08-01 09:25:17 AM,60.65,0,0.0,156539343.75
2025-08-01 09:25:18 AM,60.7,0,0.0,156539343.75
2025-08-01 09:25:18 AM,60.85,0,0.0,156539343.75
2025-08-01 09:25:18 AM,60.9,9450,575505.0,157114848.75
2025-08-01 09:25:19 AM,61.15,2850,174277.5,157289126.25
2025-08-01 09:25:19 AM,60.8,0,0.0,157289126.25
2025-08-01 09:25:19 AM,60.85,0,0.0,157289126.25
2025-08-01 09:25:20 AM,61.2,0,0.0,157289126.25
2025-08-01 09:25:20 AM,61.2,14850,908820.0,158197946.25
2025-08-01 09:25:20 AM,60.9,1425,86782.5,158284728.75
2025-08-01 09:25:21 AM,60.8,0,0.0,158284728.75
2025-08-01 09:25:21 AM,60.95,0,0.0,158284728.75
2025-08-01 09:25:22 AM,61.15,0,0.0,158284728.75
2025-08-01 09:25:22 AM,61.1,10950,669045.0,158953773.75
2025-08-01 09:25:22 AM,61.05,1725,105311.25,159059085.0
2025-08-01 09:25:23 AM,61.3,0,0.0,159059085.0
2025-08-01 09:25:23 AM,61.2,0,0.0,159059085.0
2025-08-01 09:25:23 AM,61.2,6375,390150.0,159449235.0
2025-08-01 09:25:24 AM,61.2,1350,82620.0,159531855.0
2025-08-01 09:25:24 AM,61.4,0,0.0,159531855.0
2025-08-01 09:25:24 AM,61.15,0,0.0,159531855.0
2025-08-01 09:25:25 AM,61.45,0,0.0,159531855.0
2025-08-01 09:25:25 AM,61.3,0,0.0,159531855.0
2025-08-01 09:25:25 AM,61.25,9750,597187.5,160129042.5
2025-08-01 09:25:25 AM,61.5,225,13837.5,160142880.0
2025-08-01 09:25:26 AM,61.45,0,0.0,160142880.0
2025-08-01 09:25:26 AM,61.25,0,0.0,160142880.0
2025-08-01 09:25:27 AM,61.35,0,0.0,160142880.0
2025-08-01 09:25:27 AM,61.25,7725,473156.25,160616036.25
2025-08-01 09:25:27 AM,61.25,675,41343.75,160657380.0
2025-08-01 09:25:28 AM,61.15,0,0.0,160657380.0
2025-08-01 09:25:28 AM,60.9,0,0.0,160657380.0
2025-08-01 09:25:28 AM,60.85,6975,424428.75,161081808.75
2025-08-01 09:25:29 AM,60.85,750,45637.5,161127446.25
2025-08-01 09:25:29 AM,61.55,0,0.0,161127446.25
2025-08-01 09:25:30 AM,61.35,0,0.0,161127446.25
2025-08-01 09:25:30 AM,61.3,23025,1411432.5,162538878.75
2025-08-01 09:25:30 AM,61.5,600,36900.0,162575778.75
2025-08-01 09:25:31 AM,61.45,0,0.0,162575778.75
2025-08-01 09:25:31 AM,61.5,0,0.0,162575778.75
2025-08-01 09:25:32 AM,60.7,0,0.0,162575778.75
2025-08-01 09:25:32 AM,60.7,4200,254940.0,162830718.75
2025-08-01 09:25:32 AM,60.9,1725,105052.5,162935771.25
2025-08-01 09:25:33 AM,60.75,0,0.0,162935771.25
2025-08-01 09:25:33 AM,60.6,0,0.0,162935771.25
2025-08-01 09:25:33 AM,60.7,5475,332332.5,163268103.75
2025-08-01 09:25:34 AM,60.8,225,13680.0,163281783.75
2025-08-01 09:25:34 AM,61.05,0,0.0,163281783.75
2025-08-01 09:25:34 AM,60.95,0,0.0,163281783.75
2025-08-01 09:25:35 AM,60.75,0,0.0,163281783.75
2025-08-01 09:25:35 AM,60.85,0,0.0,163281783.75
2025-08-01 09:25:35 AM,60.8,6450,392160.0,163673943.75
2025-08-01 09:25:35 AM,60.65,1500,90975.0,163764918.75
2025-08-01 09:25:36 AM,60.95,0,0.0,163764918.75
2025-08-01 09:25:37 AM,61.05,0,0.0,163764918.75
2025-08-01 09:25:37 AM,61.0,4650,283650.0,164048568.75
2025-08-01 09:25:37 AM,60.9,375,22837.5,164071406.25
2025-08-01 09:25:38 AM,61.35,0,0.0,164071406.25
2025-08-01 09:25:38 AM,61.15,0,0.0,164071406.25
2025-08-01 09:25:38 AM,61.1,2025,123727.5,164195133.75
2025-08-01 09:25:39 AM,61.35,375,23006.25,164218140.0
2025-08-01 09:25:39 AM,61.45,0,0.0,164218140.0
2025-08-01 09:25:40 AM,61.3,0,0.0,164218140.0
2025-08-01 09:25:40 AM,61.25,0,0.0,164218140.0
2025-08-01 09:25:40 AM,61.35,13200,809820.0,165027960.0
2025-08-01 09:25:40 AM,61.35,825,50613.75,165078573.75
2025-08-01 09:25:41 AM,61.05,0,0.0,165078573.75
2025-08-01 09:25:41 AM,61.0,0,0.0,165078573.75
2025-08-01 09:25:42 AM,60.85,5400,328590.0,165407163.75
2025-08-01 09:25:42 AM,60.95,150,9142.5,165416306.25
2025-08-01 09:25:43 AM,61.25,0,0.0,165416306.25
2025-08-01 09:25:43 AM,61.2,0,0.0,165416306.25
2025-08-01 09:25:43 AM,62.0,8025,497550.0,165913856.25
2025-08-01 09:25:44 AM,62.5,5475,342187.5,166256043.75
2025-08-01 09:25:44 AM,62.1,0,0.0,166256043.75
2025-08-01 09:25:44 AM,62.15,0,0.0,166256043.75
2025-08-01 09:25:45 AM,62.5,0,0.0,166256043.75
2025-08-01 09:25:45 AM,62.7,11175,700672.5,166956716.25
2025-08-01 09:25:45 AM,62.85,750,47137.5,167003853.75
2025-08-01 09:25:46 AM,62.45,0,0.0,167003853.75
2025-08-01 09:25:47 AM,61.6,0,0.0,167003853.75
2025-08-01 09:25:47 AM,61.45,10650,654442.5,167658296.25
2025-08-01 09:25:47 AM,61.65,150,9247.5,167667543.75
2025-08-01 09:25:48 AM,61.9,0,0.0,167667543.75
2025-08-01 09:25:48 AM,61.7,9300,573810.0,168241353.75
2025-08-01 09:25:49 AM,61.95,675,41816.25,168283170.0
2025-08-01 09:25:49 AM,62.05,0,0.0,168283170.0
2025-08-01 09:25:50 AM,62.2,0,0.0,168283170.0
2025-08-01 09:25:50 AM,62.55,0,0.0,168283170.0
2025-08-01 09:25:50 AM,62.5,4950,309375.0,168592545.0
2025-08-01 09:25:50 AM,62.55,900,56295.0,168648840.0
2025-08-01 09:25:51 AM,62.4,0,0.0,168648840.0
2025-08-01 09:25:51 AM,62.6,0,0.0,168648840.0
2025-08-01 09:25:52 AM,62.55,4200,262710.0,168911550.0
2025-08-01 09:25:52 AM,62.55,150,9382.5,168920932.5
2025-08-01 09:25:52 AM,62.65,0,0.0,168920932.5
2025-08-01 09:25:53 AM,62.55,0,0.0,168920932.5
2025-08-01 09:25:53 AM,62.4,0,0.0,168920932.5
2025-08-01 09:25:53 AM,62.35,11400,710790.0,169631722.5
2025-08-01 09:25:54 AM,62.5,600,37500.0,169669222.5
2025-08-01 09:25:54 AM,62.6,0,0.0,169669222.5
2025-08-01 09:25:54 AM,62.2,0,0.0,169669222.5
2025-08-01 09:25:55 AM,62.1,0,0.0,169669222.5
2025-08-01 09:25:55 AM,62.25,0,0.0,169669222.5
2025-08-01 09:25:55 AM,62.25,2700,168075.0,169837297.5
2025-08-01 09:25:55 AM,62.5,525,32812.5,169870110.0
2025-08-01 09:25:56 AM,62.45,0,0.0,169870110.0
2025-08-01 09:25:56 AM,62.35,0,0.0,169870110.0
2025-08-01 09:25:57 AM,63.0,12000,756000.0,170626110.0
2025-08-01 09:25:57 AM,63.45,0,0.0,170626110.0
2025-08-01 09:25:57 AM,63.65,1275,81153.75,170707263.75
2025-08-01 09:25:57 AM,63.35,0,0.0,170707263.75
2025-08-01 09:25:58 AM,63.7,0,0.0,170707263.75
2025-08-01 09:25:58 AM,63.6,0,0.0,170707263.75
2025-08-01 09:25:58 AM,63.65,10950,696967.5,171404231.25
2025-08-01 09:25:58 AM,63.85,825,52676.25,171456907.5
2025-08-01 09:25:59 AM,63.75,0,0.0,171456907.5
2025-08-01 09:25:59 AM,63.45,0,0.0,171456907.5
2025-08-01 09:26:00 AM,63.65,0,0.0,171456907.5
2025-08-01 09:26:00 AM,63.55,0,0.0,171456907.5
2025-08-01 09:26:00 AM,63.5,15525,985837.5,172442745.0
2025-08-01 09:26:00 AM,63.55,1800,114390.0,172557135.0
2025-08-01 09:26:01 AM,63.35,0,0.0,172557135.0
2025-08-01 09:26:01 AM,63.2,0,0.0,172557135.0
2025-08-01 09:26:02 AM,63.8,12825,818235.0,173375370.0
2025-08-01 09:26:02 AM,63.7,0,0.0,173375370.0
2025-08-01 09:26:02 AM,63.8,525,33495.0,173408865.0
2025-08-01 09:26:02 AM,63.75,0,0.0,173408865.0
2025-08-01 09:26:03 AM,63.2,0,0.0,173408865.0
2025-08-01 09:26:03 AM,63.45,0,0.0,173408865.0
2025-08-01 09:26:03 AM,63.75,14925,951468.75,174360333.75
2025-08-01 09:26:03 AM,63.8,2025,129195.0,174489528.75
2025-08-01 09:26:04 AM,63.7,0,0.0,174489528.75
2025-08-01 09:26:05 AM,63.9,0,0.0,174489528.75
2025-08-01 09:26:05 AM,63.75,0,0.0,174489528.75
2025-08-01 09:26:05 AM,63.8,7125,454575.0,174944103.75
2025-08-01 09:26:05 AM,63.95,225,14388.75,174958492.5
2025-08-01 09:26:06 AM,64.1,0,0.0,174958492.5
2025-08-01 09:26:07 AM,64.3,19575,1258672.5,176217165.0
2025-08-01 09:26:07 AM,64.15,1725,110658.75000000001,176327823.75
2025-08-01 09:26:07 AM,64.85,0,0.0,176327823.75
2025-08-01 09:26:08 AM,64.25,0,0.0,176327823.75
2025-08-01 09:26:08 AM,64.5,0,0.0,176327823.75
2025-08-01 09:26:08 AM,64.65,17475,1129758.75,177457582.5
2025-08-01 09:26:08 AM,64.75,750,48562.5,177506145.0
2025-08-01 09:26:09 AM,64.7,0,0.0,177506145.0
2025-08-01 09:26:09 AM,64.6,0,0.0,177506145.0
2025-08-01 09:26:10 AM,65.05,0,0.0,177506145.0
2025-08-01 09:26:10 AM,65.0,33150,2154750.0,179660895.0
2025-08-01 09:26:10 AM,65.15,0,0.0,179660895.0
2025-08-01 09:26:10 AM,65.1,300,19530.0,179680425.0
2025-08-01 09:26:11 AM,65.45,0,0.0,179680425.0
2025-08-01 09:26:11 AM,65.2,0,0.0,179680425.0
2025-08-01 09:26:11 AM,65.75,21600,1420200.0,181100625.0
2025-08-01 09:26:12 AM,65.4,825,53955.00000000001,181154580.0
2025-08-01 09:26:12 AM,65.5,0,0.0,181154580.0
2025-08-01 09:26:12 AM,65.55,0,0.0,181154580.0
2025-08-01 09:26:13 AM,65.85,0,0.0,181154580.0
2025-08-01 09:26:13 AM,65.6,0,0.0,181154580.0
2025-08-01 09:26:13 AM,65.4,19575,1280205.0,182434785.0
2025-08-01 09:26:13 AM,66.1,25200,1665719.9999999998,184100505.0
2025-08-01 09:26:14 AM,66.2,0,0.0,184100505.0
2025-08-01 09:26:14 AM,65.7,0,0.0,184100505.0
2025-08-01 09:26:15 AM,65.85,0,0.0,184100505.0
2025-08-01 09:26:15 AM,65.75,15225,1001043.75,185101548.75
2025-08-01 09:26:15 AM,65.75,2775,182456.25,185284005.0
2025-08-01 09:26:16 AM,65.05,0,0.0,185284005.0
2025-08-01 09:26:17 AM,64.8,16125,1044900.0,186328905.0
2025-08-01 09:26:17 AM,65.15,3075,200336.25000000003,186529241.25
2025-08-01 09:26:17 AM,65.2,0,0.0,186529241.25
2025-08-01 09:26:17 AM,66.0,0,0.0,186529241.25
2025-08-01 09:26:18 AM,65.9,0,0.0,186529241.25
2025-08-01 09:26:18 AM,65.75,0,0.0,186529241.25
2025-08-01 09:26:18 AM,66.05,23625,1560431.25,188089672.5
2025-08-01 09:26:18 AM,66.1,1350,89234.99999999999,188178907.5
2025-08-01 09:26:19 AM,66.15,0,0.0,188178907.5
2025-08-01 09:26:19 AM,66.3,0,0.0,188178907.5
2025-08-01 09:26:20 AM,67.2,42675,2867760.0,191046667.5
2025-08-01 09:26:20 AM,66.8,0,0.0,191046667.5
2025-08-01 09:26:20 AM,67.15,0,0.0,191046667.5
2025-08-01 09:26:20 AM,67.05,2475,165948.75,191212616.25
2025-08-01 09:26:21 AM,66.7,0,0.0,191212616.25
2025-08-01 09:26:22 AM,66.85,20850,1393822.4999999998,192606438.75
2025-08-01 09:26:22 AM,66.8,3825,255510.0,192861948.75
2025-08-01 09:26:22 AM,66.5,0,0.0,192861948.75
2025-08-01 09:26:22 AM,66.8,0,0.0,192861948.75
2025-08-01 09:26:23 AM,65.85,0,0.0,192861948.75
2025-08-01 09:26:23 AM,66.15,0,0.0,192861948.75
2025-08-01 09:26:23 AM,66.3,18825,1248097.5,194110046.25
2025-08-01 09:26:23 AM,66.15,825,54573.75000000001,194164620.0
2025-08-01 09:26:24 AM,67.05,0,0.0,194164620.0
2025-08-01 09:26:24 AM,67.25,0,0.0,194164620.0
2025-08-01 09:26:25 AM,67.15,22800,1531020.0000000002,195695640.0
2025-08-01 09:26:25 AM,66.95,0,0.0,195695640.0
2025-08-01 09:26:25 AM,67.2,975,65520.0,195761160.0
2025-08-01 09:26:26 AM,67.05,0,0.0,195761160.0
2025-08-01 09:26:26 AM,66.8,0,0.0,195761160.0
2025-08-01 09:26:26 AM,66.95,10425,697953.75,196459113.75
2025-08-01 09:26:27 AM,67.25,1800,121050.0,196580163.75
2025-08-01 09:26:27 AM,67.2,0,0.0,196580163.75
2025-08-01 09:26:28 AM,66.5,0,0.0,196580163.75
2025-08-01 09:26:28 AM,66.0,0,0.0,196580163.75
2025-08-01 09:26:28 AM,65.5,11625,761437.5,197341601.25
2025-08-01 09:26:28 AM,65.5,1800,117900.0,197459501.25
2025-08-01 09:26:29 AM,65.7,0,0.0,197459501.25
2025-08-01 09:26:29 AM,66.05,0,0.0,197459501.25
2025-08-01 09:26:30 AM,66.0,10725,707850.0,198167351.25
2025-08-01 09:26:30 AM,66.05,675,44583.75,198211935.0
2025-08-01 09:26:30 AM,65.9,0,0.0,198211935.0
2025-08-01 09:26:31 AM,65.65,0,0.0,198211935.0
2025-08-01 09:26:31 AM,65.75,0,0.0,198211935.0
2025-08-01 09:26:31 AM,65.8,9300,611940.0,198823875.0
2025-08-01 09:26:31 AM,65.95,525,34623.75,198858498.75
2025-08-01 09:26:32 AM,65.85,0,0.0,198858498.75
2025-08-01 09:26:32 AM,65.7,0,0.0,198858498.75
2025-08-01 09:26:33 AM,65.25,0,0.0,198858498.75
2025-08-01 09:26:33 AM,65.05,11250,731812.5,199590311.25
2025-08-01 09:26:33 AM,65.25,3975,259368.75,199849680.0
2025-08-01 09:26:34 AM,64.65,0,0.0,199849680.0
2025-08-01 09:26:34 AM,64.7,0,0.0,199849680.0
2025-08-01 09:26:35 AM,64.7,19200,1242240.0,201091920.0
2025-08-01 09:26:35 AM,64.65,0,0.0,201091920.0
2025-08-01 09:26:35 AM,64.65,1425,92126.25000000001,201184046.25
2025-08-01 09:26:35 AM,64.7,0,0.0,201184046.25
2025-08-01 09:26:36 AM,64.55,0,0.0,201184046.25
2025-08-01 09:26:36 AM,64.15,0,0.0,201184046.25
2025-08-01 09:26:36 AM,64.0,11625,744000.0,201928046.25
2025-08-01 09:26:36 AM,63.95,375,23981.25,201952027.5
2025-08-01 09:26:37 AM,64.3,0,0.0,201952027.5
2025-08-01 09:26:37 AM,64.4,0,0.0,201952027.5
2025-08-01 09:26:38 AM,64.75,0,0.0,201952027.5
2025-08-01 09:26:38 AM,64.65,12900,833985.0000000001,202786012.5
2025-08-01 09:26:38 AM,64.75,0,0.0,202786012.5
2025-08-01 09:26:38 AM,64.75,600,38850.0,202824862.5
2025-08-01 09:26:39 AM,65.2,0,0.0,202824862.5
2025-08-01 09:26:39 AM,65.1,0,0.0,202824862.5
2025-08-01 09:26:40 AM,64.9,9375,608437.5,203433300.0
2025-08-01 09:26:40 AM,65.0,300,19500.0,203452800.0
2025-08-01 09:26:40 AM,64.75,0,0.0,203452800.0
2025-08-01 09:26:40 AM,64.65,0,0.0,203452800.0
2025-08-01 09:26:41 AM,64.7,0,0.0,203452800.0
2025-08-01 09:26:41 AM,64.6,0,0.0,203452800.0
2025-08-01 09:26:41 AM,64.7,3825,247477.5,203700277.5
2025-08-01 09:26:41 AM,64.65,450,29092.500000000004,203729370.0
2025-08-01 09:26:42 AM,65.25,0,0.0,203729370.0
2025-08-01 09:26:42 AM,64.9,0,0.0,203729370.0
2025-08-01 09:26:43 AM,65.3,6000,391800.0,204121170.0
2025-08-01 09:26:43 AM,65.05,0,0.0,204121170.0
2025-08-01 09:26:43 AM,65.05,975,63423.75,204184593.75
2025-08-01 09:26:44 AM,65.2,0,0.0,204184593.75
2025-08-01 09:26:44 AM,65.35,0,0.0,204184593.75
2025-08-01 09:26:45 AM,65.6,3075,201719.99999999997,204386313.75
2025-08-01 09:26:45 AM,65.45,600,39270.0,204425583.75
2025-08-01 09:26:45 AM,65.5,0,0.0,204425583.75
2025-08-01 09:26:45 AM,65.4,0,0.0,204425583.75
2025-08-01 09:26:46 AM,65.1,0,0.0,204425583.75
2025-08-01 09:26:46 AM,64.7,0,0.0,204425583.75
2025-08-01 09:26:46 AM,64.85,3300,214004.99999999997,204639588.75
2025-08-01 09:26:46 AM,64.7,75,4852.5,204644441.25
2025-08-01 09:26:47 AM,64.8,0,0.0,204644441.25
2025-08-01 09:26:47 AM,65.15,0,0.0,204644441.25
2025-08-01 09:26:48 AM,65.55,2025,132738.75,204777180.0
2025-08-01 09:26:48 AM,65.3,0,0.0,204777180.0
2025-08-01 09:26:48 AM,65.2,1875,122250.0,204899430.0
2025-08-01 09:26:49 AM,65.6,0,0.0,204899430.0
2025-08-01 09:26:49 AM,65.5,0,0.0,204899430.0
2025-08-01 09:26:49 AM,65.7,14250,936225.0,205835655.0
2025-08-01 09:26:50 AM,65.25,1275,83193.75,205918848.75
2025-08-01 09:26:50 AM,64.9,0,0.0,205918848.75
2025-08-01 09:26:50 AM,64.95,0,0.0,205918848.75
2025-08-01 09:26:51 AM,65.1,0,0.0,205918848.75
2025-08-01 09:26:51 AM,65.1,6675,434542.49999999994,206353391.25
2025-08-01 09:26:51 AM,65.0,0,0.0,206353391.25
2025-08-01 09:26:51 AM,65.2,1200,78240.0,206431631.25
2025-08-01 09:26:52 AM,65.25,0,0.0,206431631.25
2025-08-01 09:26:52 AM,65.0,0,0.0,206431631.25
2025-08-01 09:26:53 AM,65.7,4275,280867.5,206712498.75
2025-08-01 09:26:53 AM,65.75,150,9862.5,206722361.25
2025-08-01 09:26:54 AM,65.25,0,0.0,206722361.25
2025-08-01 09:26:54 AM,64.9,6225,404002.50000000006,207126363.75
2025-08-01 09:26:55 AM,64.95,300,19485.0,207145848.75
2025-08-01 09:26:55 AM,65.0,0,0.0,207145848.75
2025-08-01 09:26:55 AM,64.95,0,0.0,207145848.75
2025-08-01 09:26:56 AM,65.05,0,0.0,207145848.75
2025-08-01 09:26:56 AM,65.2,2325,151590.0,207297438.75
2025-08-01 09:26:56 AM,65.2,150,9780.0,207307218.75
