date,price,qty,trnvr,cum_trnvr
2025-08-01 09:15:02 AM,333.95,75,25046.25,25046.25
2025-08-01 09:15:02 AM,329.3,1500,493950.0,518996.25
2025-08-01 09:15:03 AM,324.05,75,24303.75,543300.0
2025-08-01 09:15:04 AM,323.35,0,0.0,543300.0
2025-08-01 09:15:04 AM,322.0,0,0.0,543300.0
2025-08-01 09:15:04 AM,322.0,225,72450.0,615750.0
2025-08-01 09:15:06 AM,315.8,0,0.0,615750.0
2025-08-01 09:15:06 AM,315.8,375,118425.0,734175.0
2025-08-01 09:15:06 AM,312.25,0,0.0,734175.0
2025-08-01 09:15:07 AM,309.5,0,0.0,734175.0
2025-08-01 09:15:07 AM,309.5,150,46425.0,780600.0
2025-08-01 09:15:09 AM,307.65,0,0.0,780600.0
2025-08-01 09:15:09 AM,309.35,0,0.0,780600.0
2025-08-01 09:15:10 AM,309.35,525,162408.75,943008.75
2025-08-01 09:15:10 AM,308.15,75,23111.25,966120.0
2025-08-01 09:15:11 AM,307.7,0,0.0,966120.0
2025-08-01 09:15:11 AM,307.7,1350,415395.0,1381515.0
2025-08-01 09:15:12 AM,309.35,0,0.0,1381515.0
2025-08-01 09:15:12 AM,309.35,150,46402.5,1427917.5
2025-08-01 09:15:13 AM,310.15,0,0.0,1427917.5
2025-08-01 09:15:13 AM,312.0,1125,351000.0,1778917.5
2025-08-01 09:15:15 AM,311.9,0,0.0,1778917.5
2025-08-01 09:15:15 AM,313.5,225,70537.5,1849455.0
2025-08-01 09:15:15 AM,314.9,150,47235.0,1896690.0
2025-08-01 09:15:16 AM,314.35,0,0.0,1896690.0
2025-08-01 09:15:16 AM,314.35,150,47152.5,1943842.5
2025-08-01 09:15:16 AM,312.65,0,0.0,1943842.5
2025-08-01 09:15:16 AM,313.45,150,47017.5,1990860.0
2025-08-01 09:15:18 AM,318.7,0,0.0,1990860.0
2025-08-01 09:15:19 AM,318.7,75,23902.5,2014762.5
2025-08-01 09:15:22 AM,324.05,75,24303.75,2039066.25
2025-08-01 09:15:22 AM,328.0,975,319800.0,2358866.25
2025-08-01 09:15:22 AM,330.45,0,0.0,2358866.25
2025-08-01 09:15:23 AM,330.45,300,99135.0,2458001.25
2025-08-01 09:15:26 AM,329.4,0,0.0,2458001.25
2025-08-01 09:15:26 AM,329.4,75,24705.0,2482706.25
2025-08-01 09:15:26 AM,329.3,0,0.0,2482706.25
2025-08-01 09:15:27 AM,329.3,75,24697.5,2507403.75
2025-08-01 09:15:28 AM,334.1,0,0.0,2507403.75
2025-08-01 09:15:29 AM,334.1,75,25057.5,2532461.25
2025-08-01 09:15:30 AM,331.3,0,0.0,2532461.25
2025-08-01 09:15:30 AM,331.3,75,24847.5,2557308.75
2025-08-01 09:15:31 AM,331.1,0,0.0,2557308.75
2025-08-01 09:15:32 AM,331.9,450,149355.0,2706663.75
2025-08-01 09:15:33 AM,330.0,0,0.0,2706663.75
2025-08-01 09:15:33 AM,329.2,1350,444420.0,3151083.75
2025-08-01 09:15:39 AM,331.45,0,0.0,3151083.75
2025-08-01 09:15:39 AM,331.45,150,49717.5,3200801.25
2025-08-01 09:15:40 AM,326.9,75,24517.5,3225318.75
2025-08-01 09:15:44 AM,330.25,0,0.0,3225318.75
2025-08-01 09:15:44 AM,330.25,75,24768.75,3250087.5
2025-08-01 09:15:45 AM,327.7,0,0.0,3250087.5
2025-08-01 09:15:46 AM,328.75,2025,665718.75,3915806.25
2025-08-01 09:15:47 AM,327.55,0,0.0,3915806.25
2025-08-01 09:15:47 AM,327.55,525,171963.75,4087770.0
2025-08-01 09:15:48 AM,325.35,0,0.0,4087770.0
2025-08-01 09:15:48 AM,325.0,0,0.0,4087770.0
2025-08-01 09:15:48 AM,325.0,225,73125.0,4160895.0
2025-08-01 09:15:49 AM,327.75,0,0.0,4160895.0
2025-08-01 09:15:49 AM,327.75,150,49162.5,4210057.5
2025-08-01 09:15:49 AM,328.45,0,0.0,4210057.5
2025-08-01 09:15:50 AM,326.7,225,73507.5,4283565.0
2025-08-01 09:15:59 AM,326.35,0,0.0,4283565.0
2025-08-01 09:15:59 AM,326.25,600,195750.0,4479315.0
2025-08-01 09:15:59 AM,326.95,0,0.0,4479315.0
2025-08-01 09:16:00 AM,323.55,825,266928.75,4746243.75
2025-08-01 09:16:01 AM,323.1,75,24232.5,4770476.25
2025-08-01 09:16:05 AM,323.4,0,0.0,4770476.25
2025-08-01 09:16:06 AM,322.25,0,0.0,4770476.25
2025-08-01 09:16:06 AM,322.25,2250,725062.5,5495538.75
2025-08-01 09:16:07 AM,327.6,0,0.0,5495538.75
2025-08-01 09:16:08 AM,327.6,75,24570.0,5520108.75
2025-08-01 09:16:10 AM,329.6,150,49440.0,5569548.75
2025-08-01 09:16:11 AM,328.85,0,0.0,5569548.75
2025-08-01 09:16:11 AM,328.85,675,221973.75000000003,5791522.5
2025-08-01 09:16:13 AM,327.7,0,0.0,5791522.5
2025-08-01 09:16:14 AM,327.7,75,24577.5,5816100.0
2025-08-01 09:16:19 AM,329.4,0,0.0,5816100.0
2025-08-01 09:16:19 AM,329.4,975,321165.0,6137265.0
2025-08-01 09:16:25 AM,329.4,150,49410.0,6186675.0
2025-08-01 09:16:25 AM,328.75,0,0.0,6186675.0
2025-08-01 09:16:25 AM,328.75,150,49312.5,6235987.5
2025-08-01 09:16:26 AM,329.6,300,98880.0,6334867.5
2025-08-01 09:16:36 AM,330.1,0,0.0,6334867.5
2025-08-01 09:16:36 AM,328.5,825,271012.5,6605880.0
2025-08-01 09:16:39 AM,327.7,0,0.0,6605880.0
2025-08-01 09:16:39 AM,327.7,75,24577.5,6630457.5
2025-08-01 09:16:40 AM,328.35,0,0.0,6630457.5
2025-08-01 09:16:40 AM,328.35,75,24626.25,6655083.75
2025-08-01 09:16:46 AM,325.8,0,0.0,6655083.75
2025-08-01 09:16:46 AM,325.8,75,24435.0,6679518.75
2025-08-01 09:16:49 AM,324.75,0,0.0,6679518.75
2025-08-01 09:16:49 AM,324.75,75,24356.25,6703875.0
2025-08-01 09:16:51 AM,325.35,0,0.0,6703875.0
2025-08-01 09:16:51 AM,325.35,375,122006.25000000001,6825881.25
2025-08-01 09:16:55 AM,321.65,0,0.0,6825881.25
2025-08-01 09:16:55 AM,321.65,300,96495.0,6922376.25
2025-08-01 09:16:57 AM,322.35,0,0.0,6922376.25
2025-08-01 09:16:57 AM,322.35,75,24176.25,6946552.5
2025-08-01 09:16:58 AM,319.25,0,0.0,6946552.5
2025-08-01 09:16:59 AM,319.25,150,47887.5,6994440.0
2025-08-01 09:16:59 AM,319.4,0,0.0,6994440.0
2025-08-01 09:16:59 AM,319.0,0,0.0,6994440.0
2025-08-01 09:17:00 AM,319.0,525,167475.0,7161915.0
2025-08-01 09:17:00 AM,318.15,450,143167.5,7305082.5
2025-08-01 09:17:02 AM,319.65,0,0.0,7305082.5
2025-08-01 09:17:03 AM,319.65,300,95895.0,7400977.5
2025-08-01 09:17:05 AM,316.65,0,0.0,7400977.5
2025-08-01 09:17:06 AM,316.65,75,23748.75,7424726.25
2025-08-01 09:17:12 AM,318.45,0,0.0,7424726.25
2025-08-01 09:17:12 AM,318.45,75,23883.75,7448610.0
2025-08-01 09:17:13 AM,317.65,0,0.0,7448610.0
2025-08-01 09:17:14 AM,317.65,150,47647.5,7496257.5
2025-08-01 09:17:22 AM,321.1,0,0.0,7496257.5
2025-08-01 09:17:22 AM,321.1,225,72247.5,7568505.0
2025-08-01 09:17:26 AM,322.3,0,0.0,7568505.0
2025-08-01 09:17:26 AM,324.85,0,0.0,7568505.0
2025-08-01 09:17:27 AM,324.85,450,146182.5,7714687.5
2025-08-01 09:17:28 AM,325.45,0,0.0,7714687.5
2025-08-01 09:17:28 AM,325.45,450,146452.5,7861140.0
2025-08-01 09:17:28 AM,326.1,750,244575.00000000003,8105715.0
2025-08-01 09:17:29 AM,324.85,0,0.0,8105715.0
2025-08-01 09:17:29 AM,325.05,0,0.0,8105715.0
2025-08-01 09:17:30 AM,325.05,225,73136.25,8178851.25
2025-08-01 09:17:32 AM,326.8,0,0.0,8178851.25
2025-08-01 09:17:33 AM,326.8,225,73530.0,8252381.25
2025-08-01 09:17:35 AM,324.15,0,0.0,8252381.25
2025-08-01 09:17:36 AM,325.4,825,268455.0,8520836.25
2025-08-01 09:17:52 AM,324.45,0,0.0,8520836.25
2025-08-01 09:17:53 AM,324.45,750,243337.5,8764173.75
2025-08-01 09:17:57 AM,324.7,0,0.0,8764173.75
2025-08-01 09:17:57 AM,324.7,225,73057.5,8837231.25
2025-08-01 09:17:59 AM,322.8,0,0.0,8837231.25
2025-08-01 09:18:00 AM,322.8,150,48420.0,8885651.25
2025-08-01 09:18:00 AM,321.9,0,0.0,8885651.25
2025-08-01 09:18:00 AM,321.9,2250,724275.0,9609926.25
2025-08-01 09:18:05 AM,319.5,0,0.0,9609926.25
2025-08-01 09:18:05 AM,319.75,0,0.0,9609926.25
2025-08-01 09:18:05 AM,319.75,225,71943.75,9681870.0
2025-08-01 09:18:05 AM,319.6,0,0.0,9681870.0
2025-08-01 09:18:06 AM,319.6,150,47940.0,9729810.0
2025-08-01 09:18:13 AM,320.1,0,0.0,9729810.0
2025-08-01 09:18:13 AM,320.1,75,24007.5,9753817.5
2025-08-01 09:18:17 AM,320.85,0,0.0,9753817.5
2025-08-01 09:18:17 AM,320.85,75,24063.75,9777881.25
2025-08-01 09:18:18 AM,319.7,0,0.0,9777881.25
2025-08-01 09:18:18 AM,319.7,75,23977.5,9801858.75
2025-08-01 09:18:19 AM,320.35,0,0.0,9801858.75
2025-08-01 09:18:19 AM,320.35,75,24026.25,9825885.0
2025-08-01 09:18:19 AM,320.1,0,0.0,9825885.0
2025-08-01 09:18:20 AM,320.1,150,48015.0,9873900.0
2025-08-01 09:18:31 AM,324.3,0,0.0,9873900.0
2025-08-01 09:18:31 AM,324.3,1500,486450.0,10360350.0
2025-08-01 09:18:37 AM,323.85,0,0.0,10360350.0
2025-08-01 09:18:38 AM,323.85,75,24288.75,10384638.75
2025-08-01 09:18:39 AM,322.8,0,0.0,10384638.75
2025-08-01 09:18:39 AM,322.8,225,72630.0,10457268.75
2025-08-01 09:18:41 AM,323.2,75,24240.0,10481508.75
2025-08-01 09:18:48 AM,320.95,0,0.0,10481508.75
2025-08-01 09:18:48 AM,320.95,75,24071.25,10505580.0
2025-08-01 09:18:48 AM,322.65,0,0.0,10505580.0
2025-08-01 09:18:48 AM,322.65,150,48397.5,10553977.5
2025-08-01 09:18:55 AM,325.95,0,0.0,10553977.5
2025-08-01 09:18:56 AM,325.95,75,24446.25,10578423.75
2025-08-01 09:18:56 AM,327.45,0,0.0,10578423.75
2025-08-01 09:18:57 AM,327.7,0,0.0,10578423.75
2025-08-01 09:18:57 AM,327.7,300,98310.0,10676733.75
2025-08-01 09:19:13 AM,325.65,0,0.0,10676733.75
2025-08-01 09:19:14 AM,325.65,75,24423.75,10701157.5
2025-08-01 09:19:20 AM,327.4,0,0.0,10701157.5
2025-08-01 09:19:20 AM,327.4,75,24555.0,10725712.5
2025-08-01 09:19:20 AM,327.45,75,24558.75,10750271.25
2025-08-01 09:19:23 AM,330.0,0,0.0,10750271.25
2025-08-01 09:19:23 AM,330.0,225,74250.0,10824521.25
2025-08-01 09:19:25 AM,334.75,450,150637.5,10975158.75
2025-08-01 09:19:26 AM,333.85,0,0.0,10975158.75
2025-08-01 09:19:27 AM,335.0,0,0.0,10975158.75
2025-08-01 09:19:27 AM,335.0,225,75375.0,11050533.75
2025-08-01 09:19:28 AM,335.45,0,0.0,11050533.75
2025-08-01 09:19:28 AM,333.05,375,124893.75,11175427.5
2025-08-01 09:19:35 AM,332.75,0,0.0,11175427.5
2025-08-01 09:19:37 AM,332.75,75,24956.25,11200383.75
2025-08-01 09:19:38 AM,335.0,0,0.0,11200383.75
2025-08-01 09:19:39 AM,335.0,300,100500.0,11300883.75
2025-08-01 09:19:40 AM,335.65,0,0.0,11300883.75
2025-08-01 09:19:40 AM,335.65,375,125868.74999999999,11426752.5
2025-08-01 09:19:58 AM,332.25,0,0.0,11426752.5
2025-08-01 09:19:58 AM,332.25,75,24918.75,11451671.25
2025-08-01 09:20:00 AM,330.55,0,0.0,11451671.25
2025-08-01 09:20:00 AM,330.55,600,198330.0,11650001.25
2025-08-01 09:20:05 AM,325.95,0,0.0,11650001.25
2025-08-01 09:20:05 AM,325.95,75,24446.25,11674447.5
2025-08-01 09:20:06 AM,326.1,0,0.0,11674447.5
2025-08-01 09:20:07 AM,326.1,75,24457.5,11698905.0
2025-08-01 09:20:23 AM,329.45,0,0.0,11698905.0
2025-08-01 09:20:23 AM,329.45,75,24708.75,11723613.75
2025-08-01 09:20:26 AM,332.0,0,0.0,11723613.75
2025-08-01 09:20:28 AM,330.3,0,0.0,11723613.75
2025-08-01 09:20:28 AM,330.3,225,74317.5,11797931.25
2025-08-01 09:20:33 AM,335.25,0,0.0,11797931.25
2025-08-01 09:20:33 AM,335.25,75,25143.75,11823075.0
2025-08-01 09:20:34 AM,336.8,0,0.0,11823075.0
2025-08-01 09:20:34 AM,336.8,75,25260.0,11848335.0
2025-08-01 09:20:35 AM,334.1,0,0.0,11848335.0
2025-08-01 09:20:36 AM,334.1,75,25057.5,11873392.5
2025-08-01 09:20:36 AM,335.35,0,0.0,11873392.5
2025-08-01 09:20:36 AM,335.35,75,25151.25,11898543.75
2025-08-01 09:20:37 AM,334.75,0,0.0,11898543.75
2025-08-01 09:20:38 AM,334.4,0,0.0,11898543.75
2025-08-01 09:20:38 AM,334.4,150,50160.0,11948703.75
2025-08-01 09:20:39 AM,335.45,0,0.0,11948703.75
2025-08-01 09:20:39 AM,335.45,75,25158.75,11973862.5
2025-08-01 09:20:44 AM,340.0,0,0.0,11973862.5
2025-08-01 09:20:44 AM,340.0,150,51000.0,12024862.5
2025-08-01 09:20:47 AM,339.75,0,0.0,12024862.5
2025-08-01 09:20:48 AM,340.1,0,0.0,12024862.5
2025-08-01 09:20:48 AM,340.1,1950,663195.0,12688057.5
2025-08-01 09:20:48 AM,340.85,0,0.0,12688057.5
2025-08-01 09:20:49 AM,340.85,1800,613530.0,13301587.5
2025-08-01 09:20:50 AM,343.95,0,0.0,13301587.5
2025-08-01 09:20:51 AM,342.8,0,0.0,13301587.5
2025-08-01 09:20:51 AM,342.8,3675,1259790.0,14561377.5
2025-08-01 09:20:52 AM,338.35,0,0.0,14561377.5
2025-08-01 09:20:53 AM,338.35,1800,609030.0,15170407.5
2025-08-01 09:20:57 AM,345.0,0,0.0,15170407.5
2025-08-01 09:20:57 AM,345.0,150,51750.0,15222157.5
2025-08-01 09:21:00 AM,340.65,0,0.0,15222157.5
2025-08-01 09:21:01 AM,340.65,75,25548.75,15247706.25
2025-08-01 09:21:01 AM,343.3,0,0.0,15247706.25
2025-08-01 09:21:01 AM,342.9,0,0.0,15247706.25
2025-08-01 09:21:01 AM,342.9,150,51435.0,15299141.25
2025-08-01 09:21:08 AM,341.2,0,0.0,15299141.25
2025-08-01 09:21:09 AM,341.2,150,51180.0,15350321.25
2025-08-01 09:21:14 AM,342.55,75,25691.25,15376012.5
2025-08-01 09:21:18 AM,339.2,0,0.0,15376012.5
2025-08-01 09:21:19 AM,339.2,75,25440.0,15401452.5
2025-08-01 09:21:21 AM,342.55,0,0.0,15401452.5
2025-08-01 09:21:21 AM,342.55,150,51382.5,15452835.0
2025-08-01 09:21:22 AM,342.9,0,0.0,15452835.0
2025-08-01 09:21:22 AM,342.9,75,25717.5,15478552.5
2025-08-01 09:21:27 AM,345.0,0,0.0,15478552.5
2025-08-01 09:21:27 AM,345.0,75,25875.0,15504427.5
2025-08-01 09:21:29 AM,345.6,0,0.0,15504427.5
2025-08-01 09:21:29 AM,345.6,1200,414720.0,15919147.5
2025-08-01 09:21:31 AM,341.45,0,0.0,15919147.5
2025-08-01 09:21:32 AM,341.45,75,25608.75,15944756.25
2025-08-01 09:21:33 AM,340.2,0,0.0,15944756.25
2025-08-01 09:21:33 AM,340.0,0,0.0,15944756.25
2025-08-01 09:21:34 AM,339.95,0,0.0,15944756.25
2025-08-01 09:21:34 AM,340.2,0,0.0,15944756.25
2025-08-01 09:21:34 AM,340.2,450,153090.0,16097846.25
2025-08-01 09:21:37 AM,342.3,0,0.0,16097846.25
2025-08-01 09:21:37 AM,342.3,75,25672.5,16123518.75
2025-08-01 09:21:42 AM,344.85,0,0.0,16123518.75
2025-08-01 09:21:42 AM,344.85,150,51727.5,16175246.25
2025-08-01 09:21:44 AM,346.5,0,0.0,16175246.25
2025-08-01 09:21:44 AM,346.5,450,155925.0,16331171.25
2025-08-01 09:21:51 AM,339.7,0,0.0,16331171.25
2025-08-01 09:21:51 AM,339.7,75,25477.5,16356648.75
2025-08-01 09:21:52 AM,337.6,0,0.0,16356648.75
2025-08-01 09:21:52 AM,337.6,150,50640.0,16407288.75
2025-08-01 09:21:53 AM,339.4,0,0.0,16407288.75
2025-08-01 09:21:54 AM,339.4,75,25455.0,16432743.75
2025-08-01 09:22:12 AM,335.65,0,0.0,16432743.75
2025-08-01 09:22:13 AM,333.45,0,0.0,16432743.75
2025-08-01 09:22:14 AM,333.45,225,75026.25,16507770.0
2025-08-01 09:22:20 AM,338.25,0,0.0,16507770.0
2025-08-01 09:22:20 AM,338.6,0,0.0,16507770.0
2025-08-01 09:22:20 AM,338.6,150,50790.0,16558560.0
2025-08-01 09:22:21 AM,338.25,0,0.0,16558560.0
2025-08-01 09:22:22 AM,338.25,75,25368.75,16583928.75
2025-08-01 09:22:22 AM,338.3,0,0.0,16583928.75
2025-08-01 09:22:24 AM,338.3,75,25372.5,16609301.25
2025-08-01 09:22:26 AM,335.9,0,0.0,16609301.25
2025-08-01 09:22:27 AM,335.9,75,25192.5,16634493.75
2025-08-01 09:22:36 AM,336.9,0,0.0,16634493.75
2025-08-01 09:22:37 AM,337.7,0,0.0,16634493.75
2025-08-01 09:22:37 AM,337.7,150,50655.0,16685148.75
2025-08-01 09:22:41 AM,339.85,0,0.0,16685148.75
2025-08-01 09:22:42 AM,339.85,75,25488.75,16710637.5
2025-08-01 09:22:45 AM,339.0,0,0.0,16710637.5
2025-08-01 09:22:45 AM,339.0,75,25425.0,16736062.5
2025-08-01 09:22:46 AM,340.2,0,0.0,16736062.5
2025-08-01 09:22:47 AM,342.0,0,0.0,16736062.5
2025-08-01 09:22:47 AM,342.0,225,76950.0,16813012.5
2025-08-01 09:22:50 AM,343.55,450,154597.5,16967610.0
2025-08-01 09:22:52 AM,341.25,0,0.0,16967610.0
2025-08-01 09:22:52 AM,341.25,225,76781.25,17044391.25
2025-08-01 09:22:53 AM,339.4,0,0.0,17044391.25
2025-08-01 09:22:53 AM,339.4,75,25455.0,17069846.25
2025-08-01 09:23:04 AM,340.45,0,0.0,17069846.25
2025-08-01 09:23:05 AM,340.45,75,25533.75,17095380.0
2025-08-01 09:23:08 AM,342.05,0,0.0,17095380.0
2025-08-01 09:23:08 AM,342.05,150,51307.5,17146687.5
2025-08-01 09:23:26 AM,334.25,0,0.0,17146687.5
2025-08-01 09:23:26 AM,334.25,150,50137.5,17196825.0
2025-08-01 09:23:44 AM,330.75,0,0.0,17196825.0
2025-08-01 09:23:44 AM,330.75,75,24806.25,17221631.25
2025-08-01 09:23:46 AM,330.0,375,123750.0,17345381.25
2025-08-01 09:23:47 AM,330.05,0,0.0,17345381.25
2025-08-01 09:23:47 AM,330.1,0,0.0,17345381.25
2025-08-01 09:23:48 AM,330.15,0,0.0,17345381.25
2025-08-01 09:23:48 AM,330.15,7500,2476125.0,19821506.25
2025-08-01 09:23:51 AM,329.3,75,24697.5,19846203.75
2025-08-01 09:23:57 AM,331.45,0,0.0,19846203.75
2025-08-01 09:23:58 AM,331.45,75,24858.75,19871062.5
2025-08-01 09:24:01 AM,330.6,0,0.0,19871062.5
2025-08-01 09:24:01 AM,330.6,75,24795.0,19895857.5
2025-08-01 09:24:05 AM,326.1,0,0.0,19895857.5
2025-08-01 09:24:06 AM,326.1,75,24457.5,19920315.0
2025-08-01 09:24:07 AM,326.95,0,0.0,19920315.0
2025-08-01 09:24:08 AM,326.95,75,24521.25,19944836.25
2025-08-01 09:24:12 AM,329.7,0,0.0,19944836.25
2025-08-01 09:24:13 AM,329.7,150,49455.0,19994291.25
2025-08-01 09:24:14 AM,329.2,0,0.0,19994291.25
2025-08-01 09:24:14 AM,329.2,75,24690.0,20018981.25
2025-08-01 09:24:16 AM,330.75,0,0.0,20018981.25
2025-08-01 09:24:18 AM,330.75,225,74418.75,20093400.0
2025-08-01 09:24:27 AM,329.85,0,0.0,20093400.0
2025-08-01 09:24:27 AM,329.85,75,24738.75,20118138.75
2025-08-01 09:24:32 AM,326.45,0,0.0,20118138.75
2025-08-01 09:24:32 AM,327.55,0,0.0,20118138.75
2025-08-01 09:24:32 AM,327.55,150,49132.5,20167271.25
2025-08-01 09:24:36 AM,327.55,225,73698.75,20240970.0
2025-08-01 09:24:40 AM,326.8,0,0.0,20240970.0
2025-08-01 09:24:41 AM,326.8,150,49020.0,20289990.0
2025-08-01 09:24:41 AM,327.15,0,0.0,20289990.0
2025-08-01 09:24:42 AM,327.15,75,24536.25,20314526.25
2025-08-01 09:24:44 AM,325.0,0,0.0,20314526.25
2025-08-01 09:24:44 AM,325.0,75,24375.0,20338901.25
2025-08-01 09:24:48 AM,325.8,0,0.0,20338901.25
2025-08-01 09:24:49 AM,325.8,75,24435.0,20363336.25
2025-08-01 09:24:53 AM,325.0,0,0.0,20363336.25
2025-08-01 09:24:53 AM,324.7,0,0.0,20363336.25
2025-08-01 09:24:54 AM,324.7,150,48705.0,20412041.25
2025-08-01 09:24:56 AM,325.0,0,0.0,20412041.25
2025-08-01 09:24:57 AM,325.0,1425,463125.0,20875166.25
2025-08-01 09:25:00 AM,323.25,0,0.0,20875166.25
2025-08-01 09:25:00 AM,323.25,75,24243.75,20899410.0
2025-08-01 09:25:01 AM,324.75,0,0.0,20899410.0
2025-08-01 09:25:02 AM,324.75,150,48712.5,20948122.5
2025-08-01 09:25:04 AM,321.15,0,0.0,20948122.5
2025-08-01 09:25:04 AM,321.15,75,24086.25,20972208.75
2025-08-01 09:25:06 AM,320.0,0,0.0,20972208.75
2025-08-01 09:25:07 AM,320.0,150,48000.0,21020208.75
2025-08-01 09:25:08 AM,319.35,0,0.0,21020208.75
2025-08-01 09:25:08 AM,320.05,0,0.0,21020208.75
2025-08-01 09:25:09 AM,319.1,0,0.0,21020208.75
2025-08-01 09:25:09 AM,319.1,300,95730.0,21115938.75
2025-08-01 09:25:11 AM,317.45,0,0.0,21115938.75
2025-08-01 09:25:12 AM,316.55,0,0.0,21115938.75
2025-08-01 09:25:12 AM,316.55,1725,546048.75,21661987.5
2025-08-01 09:25:13 AM,317.5,0,0.0,21661987.5
2025-08-01 09:25:14 AM,317.5,225,71437.5,21733425.0
2025-08-01 09:25:26 AM,315.35,0,0.0,21733425.0
2025-08-01 09:25:27 AM,315.35,75,23651.25,21757076.25
2025-08-01 09:25:27 AM,316.6,225,71235.0,21828311.25
2025-08-01 09:25:29 AM,317.15,0,0.0,21828311.25
2025-08-01 09:25:29 AM,317.15,300,95145.0,21923456.25
2025-08-01 09:25:29 AM,318.5,0,0.0,21923456.25
2025-08-01 09:25:30 AM,318.3,0,0.0,21923456.25
2025-08-01 09:25:30 AM,318.3,1650,525195.0,22448651.25
2025-08-01 09:25:42 AM,318.3,75,23872.5,22472523.75
2025-08-01 09:25:42 AM,319.85,150,47977.5,22520501.25
2025-08-01 09:25:47 AM,318.1,0,0.0,22520501.25
2025-08-01 09:25:48 AM,319.15,0,0.0,22520501.25
2025-08-01 09:25:48 AM,319.25,0,0.0,22520501.25
2025-08-01 09:25:49 AM,319.25,7800,2490150.0,25010651.25
2025-08-01 09:25:52 AM,316.35,0,0.0,25010651.25
2025-08-01 09:25:52 AM,316.35,75,23726.25,25034377.5
2025-08-01 09:25:57 AM,313.6,0,0.0,25034377.5
2025-08-01 09:25:57 AM,313.6,375,117600.00000000001,25151977.5
2025-08-01 09:25:57 AM,312.65,0,0.0,25151977.5
2025-08-01 09:25:58 AM,312.65,525,164141.25,25316118.75
2025-08-01 09:25:59 AM,311.45,0,0.0,25316118.75
2025-08-01 09:26:00 AM,311.5,0,0.0,25316118.75
2025-08-01 09:26:00 AM,311.5,675,210262.5,25526381.25
2025-08-01 09:26:03 AM,310.35,0,0.0,25526381.25
2025-08-01 09:26:03 AM,310.35,1800,558630.0,26085011.25
2025-08-01 09:26:04 AM,311.25,0,0.0,26085011.25
2025-08-01 09:26:05 AM,310.45,0,0.0,26085011.25
2025-08-01 09:26:05 AM,310.45,150,46567.5,26131578.75
2025-08-01 09:26:06 AM,308.75,0,0.0,26131578.75
2025-08-01 09:26:07 AM,308.75,300,92625.0,26224203.75
2025-08-01 09:26:07 AM,308.3,0,0.0,26224203.75
2025-08-01 09:26:08 AM,308.75,0,0.0,26224203.75
2025-08-01 09:26:08 AM,308.75,2325,717843.75,26942047.5
2025-08-01 09:26:09 AM,308.1,0,0.0,26942047.5
2025-08-01 09:26:10 AM,310.0,0,0.0,26942047.5
2025-08-01 09:26:10 AM,310.0,1950,604500.0,27546547.5
2025-08-01 09:26:11 AM,308.25,0,0.0,27546547.5
2025-08-01 09:26:12 AM,308.25,150,46237.5,27592785.0
2025-08-01 09:26:14 AM,307.5,0,0.0,27592785.0
2025-08-01 09:26:15 AM,307.5,375,115312.5,27708097.5
2025-08-01 09:26:15 AM,308.0,0,0.0,27708097.5
2025-08-01 09:26:16 AM,308.35,0,0.0,27708097.5
2025-08-01 09:26:17 AM,308.35,300,92505.0,27800602.5
2025-08-01 09:26:17 AM,308.2,0,0.0,27800602.5
2025-08-01 09:26:18 AM,308.2,225,69345.0,27869947.5
2025-08-01 09:26:19 AM,305.55,0,0.0,27869947.5
2025-08-01 09:26:20 AM,305.55,75,22916.25,27892863.75
2025-08-01 09:26:21 AM,305.65,0,0.0,27892863.75
2025-08-01 09:26:21 AM,306.65,0,0.0,27892863.75
2025-08-01 09:26:22 AM,306.65,150,45997.5,27938861.25
2025-08-01 09:26:22 AM,306.2,150,45930.0,27984791.25
2025-08-01 09:26:23 AM,307.45,0,0.0,27984791.25
2025-08-01 09:26:23 AM,307.45,225,69176.25,28053967.5
2025-08-01 09:26:23 AM,307.7,1125,346162.5,28400130.0
2025-08-01 09:26:25 AM,307.05,0,0.0,28400130.0
2025-08-01 09:26:25 AM,307.05,75,23028.75,28423158.75
2025-08-01 09:26:26 AM,306.25,0,0.0,28423158.75
2025-08-01 09:26:27 AM,306.25,375,114843.75,28538002.5
2025-08-01 09:26:30 AM,309.55,0,0.0,28538002.5
2025-08-01 09:26:30 AM,309.55,150,46432.5,28584435.0
2025-08-01 09:26:31 AM,309.2,0,0.0,28584435.0
2025-08-01 09:26:32 AM,308.9,225,69502.5,28653937.5
2025-08-01 09:26:32 AM,307.7,0,0.0,28653937.5
2025-08-01 09:26:33 AM,310.2,0,0.0,28653937.5
2025-08-01 09:26:33 AM,310.2,675,209385.0,28863322.5
2025-08-01 09:26:36 AM,312.45,0,0.0,28863322.5
2025-08-01 09:26:36 AM,312.45,150,46867.5,28910190.0
2025-08-01 09:26:37 AM,311.35,0,0.0,28910190.0
2025-08-01 09:26:38 AM,311.35,75,23351.25,28933541.25
2025-08-01 09:26:41 AM,312.1,300,93630.0,29027171.25
2025-08-01 09:26:46 AM,311.7,0,0.0,29027171.25
2025-08-01 09:26:46 AM,311.7,150,46755.0,29073926.25
2025-08-01 09:26:51 AM,311.3,0,0.0,29073926.25
2025-08-01 09:26:51 AM,311.3,75,23347.5,29097273.75
2025-08-01 09:26:51 AM,311.2,0,0.0,29097273.75
2025-08-01 09:26:53 AM,311.2,75,23340.0,29120613.75
2025-08-01 09:26:55 AM,313.5,0,0.0,29120613.75
2025-08-01 09:26:55 AM,313.5,75,23512.5,29144126.25
2025-08-01 09:27:01 AM,311.3,75,23347.5,29167473.75
2025-08-01 09:27:02 AM,311.85,0,0.0,29167473.75
2025-08-01 09:27:03 AM,311.85,75,23388.75,29190862.5
2025-08-01 09:27:04 AM,310.85,0,0.0,29190862.5
2025-08-01 09:27:04 AM,310.85,75,23313.75,29214176.25
2025-08-01 09:27:08 AM,310.85,150,46627.5,29260803.75
2025-08-01 09:27:24 AM,311.1,0,0.0,29260803.75
2025-08-01 09:27:24 AM,311.1,150,46665.0,29307468.75
2025-08-01 09:27:25 AM,311.6,0,0.0,29307468.75
2025-08-01 09:27:26 AM,311.6,75,23370.0,29330838.75
2025-08-01 09:27:29 AM,308.8,0,0.0,29330838.75
2025-08-01 09:27:29 AM,308.8,75,23160.0,29353998.75
2025-08-01 09:27:30 AM,308.5,0,0.0,29353998.75
2025-08-01 09:27:31 AM,308.5,75,23137.5,29377136.25
2025-08-01 09:27:35 AM,309.6,0,0.0,29377136.25
2025-08-01 09:27:36 AM,309.6,300,92880.0,29470016.25
2025-08-01 09:27:37 AM,310.2,0,0.0,29470016.25
2025-08-01 09:27:38 AM,310.2,375,116325.0,29586341.25
2025-08-01 09:27:40 AM,309.6,0,0.0,29586341.25
2025-08-01 09:27:41 AM,307.6,0,0.0,29586341.25
2025-08-01 09:27:41 AM,307.6,225,69210.0,29655551.25
2025-08-01 09:27:43 AM,307.15,0,0.0,29655551.25
2025-08-01 09:27:44 AM,307.35,0,0.0,29655551.25
2025-08-01 09:27:44 AM,307.35,600,184410.0,29839961.25
2025-08-01 09:27:49 AM,309.4,225,69615.0,29909576.25
2025-08-01 09:27:50 AM,309.75,0,0.0,29909576.25
2025-08-01 09:27:51 AM,309.75,75,23231.25,29932807.5
2025-08-01 09:27:51 AM,309.35,0,0.0,29932807.5
2025-08-01 09:27:51 AM,309.35,600,185610.0,30118417.5
2025-08-01 09:27:53 AM,309.35,75,23201.25,30141618.75
2025-08-01 09:27:55 AM,309.75,0,0.0,30141618.75
2025-08-01 09:27:56 AM,309.75,75,23231.25,30164850.0
2025-08-01 09:27:57 AM,310.0,0,0.0,30164850.0
2025-08-01 09:27:57 AM,310.95,0,0.0,30164850.0
2025-08-01 09:27:58 AM,310.95,150,46642.5,30211492.5
2025-08-01 09:28:00 AM,309.1,0,0.0,30211492.5
2025-08-01 09:28:00 AM,309.65,0,0.0,30211492.5
2025-08-01 09:28:01 AM,310.05,0,0.0,30211492.5
2025-08-01 09:28:01 AM,310.05,225,69761.25,30281253.75
2025-08-01 09:28:05 AM,309.1,0,0.0,30281253.75
2025-08-01 09:28:06 AM,308.55,2175,671096.25,30952350.0
2025-08-01 09:28:06 AM,307.0,0,0.0,30952350.0
2025-08-01 09:28:07 AM,306.3,0,0.0,30952350.0
2025-08-01 09:28:07 AM,306.3,975,298642.5,31250992.5
2025-08-01 09:28:09 AM,305.0,0,0.0,31250992.5
2025-08-01 09:28:09 AM,305.0,600,183000.0,31433992.5
2025-08-01 09:28:09 AM,302.7,375,113512.5,31547505.0
2025-08-01 09:28:11 AM,300.85,0,0.0,31547505.0
2025-08-01 09:28:11 AM,300.85,525,157946.25,31705451.25
2025-08-01 09:28:12 AM,303.0,0,0.0,31705451.25
2025-08-01 09:28:12 AM,303.0,675,204525.0,31909976.25
2025-08-01 09:28:14 AM,305.6,0,0.0,31909976.25
2025-08-01 09:28:14 AM,305.6,150,45840.0,31955816.25
2025-08-01 09:28:18 AM,308.7,0,0.0,31955816.25
2025-08-01 09:28:19 AM,308.7,900,277830.0,32233646.25
2025-08-01 09:28:23 AM,305.1,825,251707.50000000003,32485353.75
2025-08-01 09:28:25 AM,304.4,0,0.0,32485353.75
2025-08-01 09:28:26 AM,304.4,150,45660.0,32531013.75
2025-08-01 09:28:28 AM,304.7,375,114262.5,32645276.25
2025-08-01 09:28:33 AM,307.25,0,0.0,32645276.25
2025-08-01 09:28:34 AM,307.25,75,23043.75,32668320.0
2025-08-01 09:28:35 AM,307.55,0,0.0,32668320.0
2025-08-01 09:28:36 AM,307.55,75,23066.25,32691386.25
2025-08-01 09:28:39 AM,308.1,0,0.0,32691386.25
2025-08-01 09:28:39 AM,308.1,150,46215.0,32737601.25
2025-08-01 09:28:40 AM,307.15,0,0.0,32737601.25
2025-08-01 09:28:40 AM,307.55,0,0.0,32737601.25
2025-08-01 09:28:41 AM,307.55,225,69198.75,32806800.0
2025-08-01 09:28:41 AM,307.85,0,0.0,32806800.0
2025-08-01 09:28:43 AM,307.85,225,69266.25,32876066.25
2025-08-01 09:28:43 AM,307.05,0,0.0,32876066.25
2025-08-01 09:28:44 AM,307.05,75,23028.75,32899095.0
2025-08-01 09:28:48 AM,309.6,0,0.0,32899095.0
2025-08-01 09:28:49 AM,309.6,75,23220.0,32922315.0
2025-08-01 09:28:52 AM,307.4,0,0.0,32922315.0
2025-08-01 09:28:52 AM,307.3,0,0.0,32922315.0
2025-08-01 09:28:52 AM,306.05,0,0.0,32922315.0
2025-08-01 09:28:52 AM,306.45,2775,850398.75,33772713.75
2025-08-01 09:28:53 AM,305.85,0,0.0,33772713.75
2025-08-01 09:28:53 AM,306.8,0,0.0,33772713.75
2025-08-01 09:28:54 AM,305.65,0,0.0,33772713.75
2025-08-01 09:28:54 AM,305.65,1425,435551.24999999994,34208265.0
2025-08-01 09:28:56 AM,304.35,0,0.0,34208265.0
2025-08-01 09:28:56 AM,304.35,300,91305.0,34299570.0
2025-08-01 09:28:57 AM,305.8,0,0.0,34299570.0
2025-08-01 09:28:57 AM,305.8,375,114675.0,34414245.0
2025-08-01 09:29:00 AM,304.7,0,0.0,34414245.0
2025-08-01 09:29:00 AM,304.45,0,0.0,34414245.0
2025-08-01 09:29:01 AM,304.45,1875,570843.75,34985088.75
2025-08-01 09:29:01 AM,305.0,0,0.0,34985088.75
2025-08-01 09:29:01 AM,305.0,150,45750.0,35030838.75
2025-08-01 09:29:06 AM,305.0,75,22875.0,35053713.75
2025-08-01 09:29:10 AM,303.8,0,0.0,35053713.75
2025-08-01 09:29:11 AM,303.8,225,68355.0,35122068.75
2025-08-01 09:29:11 AM,303.45,300,91035.0,35213103.75
2025-08-01 09:29:12 AM,306.05,0,0.0,35213103.75
2025-08-01 09:29:12 AM,306.05,2925,895196.25,36108300.0
2025-08-01 09:29:14 AM,309.0,0,0.0,36108300.0
2025-08-01 09:29:14 AM,309.0,150,46350.0,36154650.0
2025-08-01 09:29:16 AM,309.6,0,0.0,36154650.0
2025-08-01 09:29:17 AM,310.2,0,0.0,36154650.0
2025-08-01 09:29:17 AM,310.2,1875,581625.0,36736275.0
2025-08-01 09:29:23 AM,309.8,0,0.0,36736275.0
2025-08-01 09:29:24 AM,309.8,300,92940.0,36829215.0
2025-08-01 09:29:25 AM,310.05,0,0.0,36829215.0
2025-08-01 09:29:25 AM,310.0,150,46500.0,36875715.0
2025-08-01 09:29:26 AM,310.3,225,69817.5,36945532.5
2025-08-01 09:29:28 AM,309.8,0,0.0,36945532.5
2025-08-01 09:29:29 AM,310.0,150,46500.0,36992032.5
2025-08-01 09:29:36 AM,309.4,0,0.0,36992032.5
2025-08-01 09:29:37 AM,310.15,675,209351.24999999997,37201383.75
2025-08-01 09:29:39 AM,310.3,0,0.0,37201383.75
2025-08-01 09:29:39 AM,310.3,75,23272.5,37224656.25
2025-08-01 09:29:40 AM,311.35,300,93405.0,37318061.25
2025-08-01 09:29:42 AM,311.8,0,0.0,37318061.25
2025-08-01 09:29:42 AM,311.8,225,70155.0,37388216.25
2025-08-01 09:29:43 AM,310.25,0,0.0,37388216.25
2025-08-01 09:29:43 AM,310.25,300,93075.0,37481291.25
2025-08-01 09:29:44 AM,310.75,0,0.0,37481291.25
2025-08-01 09:29:44 AM,310.75,375,116531.25,37597822.5
2025-08-01 09:29:45 AM,309.85,0,0.0,37597822.5
2025-08-01 09:29:45 AM,309.85,75,23238.75,37621061.25
2025-08-01 09:29:46 AM,309.0,0,0.0,37621061.25
2025-08-01 09:29:47 AM,309.0,75,23175.0,37644236.25
2025-08-01 09:29:47 AM,309.35,0,0.0,37644236.25
2025-08-01 09:29:47 AM,309.35,150,46402.5,37690638.75
2025-08-01 09:29:47 AM,308.05,0,0.0,37690638.75
2025-08-01 09:29:48 AM,308.7,0,0.0,37690638.75
2025-08-01 09:29:48 AM,308.7,675,208372.5,37899011.25
2025-08-01 09:29:51 AM,311.2,0,0.0,37899011.25
2025-08-01 09:29:52 AM,311.2,75,23340.0,37922351.25
2025-08-01 09:29:53 AM,312.7,0,0.0,37922351.25
2025-08-01 09:29:53 AM,312.7,75,23452.5,37945803.75
2025-08-01 09:29:54 AM,311.45,0,0.0,37945803.75
2025-08-01 09:29:55 AM,312.2,150,46830.0,37992633.75
2025-08-01 09:29:55 AM,312.15,75,23411.25,38016045.0
2025-08-01 09:30:00 AM,310.25,0,0.0,38016045.0
2025-08-01 09:30:00 AM,309.75,0,0.0,38016045.0
2025-08-01 09:30:00 AM,309.75,1200,371700.0,38387745.0
2025-08-01 09:30:00 AM,308.0,0,0.0,38387745.0
2025-08-01 09:30:01 AM,308.45,0,0.0,38387745.0
2025-08-01 09:30:01 AM,308.45,225,69401.25,38457146.25
2025-08-01 09:30:02 AM,308.05,0,0.0,38457146.25
2025-08-01 09:30:03 AM,306.15,0,0.0,38457146.25
2025-08-01 09:30:03 AM,306.15,150,45922.5,38503068.75
2025-08-01 09:30:05 AM,305.0,75,22875.0,38525943.75
2025-08-01 09:30:08 AM,303.6,0,0.0,38525943.75
2025-08-01 09:30:08 AM,303.6,600,182160.0,38708103.75
2025-08-01 09:30:08 AM,302.7,600,181620.0,38889723.75
2025-08-01 09:30:13 AM,305.25,0,0.0,38889723.75
2025-08-01 09:30:13 AM,304.85,0,0.0,38889723.75
2025-08-01 09:30:13 AM,304.85,150,45727.5,38935451.25
2025-08-01 09:30:17 AM,305.0,0,0.0,38935451.25
2025-08-01 09:30:18 AM,305.0,75,22875.0,38958326.25
2025-08-01 09:30:18 AM,305.25,0,0.0,38958326.25
2025-08-01 09:30:18 AM,305.25,225,68681.25,39027007.5
2025-08-01 09:30:20 AM,304.0,0,0.0,39027007.5
2025-08-01 09:30:20 AM,304.0,450,136800.0,39163807.5
2025-08-01 09:30:20 AM,304.55,0,0.0,39163807.5
2025-08-01 09:30:21 AM,303.65,0,0.0,39163807.5
2025-08-01 09:30:21 AM,303.65,450,136642.5,39300450.0
2025-08-01 09:30:24 AM,304.15,0,0.0,39300450.0
2025-08-01 09:30:24 AM,304.15,75,22811.25,39323261.25
2025-08-01 09:30:26 AM,303.65,0,0.0,39323261.25
2025-08-01 09:30:26 AM,303.65,75,22773.75,39346035.0
2025-08-01 09:30:28 AM,301.35,0,0.0,39346035.0
2025-08-01 09:30:28 AM,302.0,225,67950.0,39413985.0
2025-08-01 09:30:33 AM,304.3,0,0.0,39413985.0
2025-08-01 09:30:34 AM,304.3,75,22822.5,39436807.5
2025-08-01 09:30:38 AM,304.9,0,0.0,39436807.5
2025-08-01 09:30:38 AM,305.05,225,68636.25,39505443.75
2025-08-01 09:30:43 AM,307.2,75,23040.0,39528483.75
2025-08-01 09:30:45 AM,307.75,0,0.0,39528483.75
2025-08-01 09:30:46 AM,307.75,75,23081.25,39551565.0
2025-08-01 09:30:48 AM,307.9,75,23092.5,39574657.5
2025-08-01 09:30:50 AM,308.15,0,0.0,39574657.5
2025-08-01 09:30:51 AM,308.15,75,23111.25,39597768.75
2025-08-01 09:30:53 AM,307.95,0,0.0,39597768.75
2025-08-01 09:30:53 AM,307.95,75,23096.25,39620865.0
2025-08-01 09:30:54 AM,307.5,0,0.0,39620865.0
2025-08-01 09:30:54 AM,307.5,75,23062.5,39643927.5
2025-08-01 09:30:59 AM,307.75,0,0.0,39643927.5
2025-08-01 09:30:59 AM,307.75,75,23081.25,39667008.75
2025-08-01 09:31:00 AM,307.25,0,0.0,39667008.75
2025-08-01 09:31:00 AM,307.25,75,23043.75,39690052.5
2025-08-01 09:31:04 AM,303.75,0,0.0,39690052.5
2025-08-01 09:31:04 AM,303.75,75,22781.25,39712833.75
2025-08-01 09:31:05 AM,303.05,0,0.0,39712833.75
2025-08-01 09:31:05 AM,303.35,0,0.0,39712833.75
2025-08-01 09:31:05 AM,302.9,300,90870.0,39803703.75
2025-08-01 09:31:06 AM,302.7,75,22702.5,39826406.25
2025-08-01 09:31:06 AM,302.75,0,0.0,39826406.25
2025-08-01 09:31:06 AM,304.4,0,0.0,39826406.25
2025-08-01 09:31:07 AM,304.4,525,159810.0,39986216.25
2025-08-01 09:31:09 AM,306.45,0,0.0,39986216.25
2025-08-01 09:31:10 AM,306.45,75,22983.75,40009200.0
2025-08-01 09:31:10 AM,305.55,0,0.0,40009200.0
2025-08-01 09:31:11 AM,305.55,225,68748.75,40077948.75
2025-08-01 09:31:13 AM,303.1,75,22732.5,40100681.25
2025-08-01 09:31:18 AM,306.2,0,0.0,40100681.25
2025-08-01 09:31:18 AM,306.2,150,45930.0,40146611.25
2025-08-01 09:31:20 AM,308.1,0,0.0,40146611.25
2025-08-01 09:31:20 AM,308.85,150,46327.5,40192938.75
2025-08-01 09:31:28 AM,308.35,0,0.0,40192938.75
2025-08-01 09:31:28 AM,308.35,75,23126.25,40216065.0
2025-08-01 09:31:34 AM,307.45,0,0.0,40216065.0
2025-08-01 09:31:35 AM,307.45,150,46117.5,40262182.5
2025-08-01 09:31:48 AM,311.65,0,0.0,40262182.5
2025-08-01 09:31:48 AM,311.65,150,46747.5,40308930.0
2025-08-01 09:31:50 AM,312.7,0,0.0,40308930.0
2025-08-01 09:31:51 AM,312.7,75,23452.5,40332382.5
2025-08-01 09:31:52 AM,313.35,0,0.0,40332382.5
2025-08-01 09:31:53 AM,313.35,525,164508.75,40496891.25
2025-08-01 09:31:55 AM,313.6,0,0.0,40496891.25
2025-08-01 09:31:55 AM,315.3,0,0.0,40496891.25
2025-08-01 09:31:56 AM,314.25,0,0.0,40496891.25
2025-08-01 09:31:56 AM,315.05,2400,756120.0,41253011.25
2025-08-01 09:31:57 AM,314.7,0,0.0,41253011.25
2025-08-01 09:31:58 AM,314.1,0,0.0,41253011.25
2025-08-01 09:31:58 AM,314.1,150,47115.0,41300126.25
2025-08-01 09:32:00 AM,316.45,0,0.0,41300126.25
2025-08-01 09:32:00 AM,316.45,150,47467.5,41347593.75
2025-08-01 09:32:01 AM,317.45,0,0.0,41347593.75
2025-08-01 09:32:01 AM,317.45,450,142852.5,41490446.25
2025-08-01 09:32:03 AM,316.6,0,0.0,41490446.25
2025-08-01 09:32:03 AM,316.6,150,47490.0,41537936.25
2025-08-01 09:32:03 AM,315.7,0,0.0,41537936.25
2025-08-01 09:32:03 AM,315.7,75,23677.5,41561613.75
2025-08-01 09:32:04 AM,315.25,0,0.0,41561613.75
2025-08-01 09:32:05 AM,315.25,150,47287.5,41608901.25
2025-08-01 09:32:09 AM,316.2,0,0.0,41608901.25
2025-08-01 09:32:09 AM,316.2,600,189720.0,41798621.25
2025-08-01 09:32:10 AM,315.0,1650,519750.0,42318371.25
2025-08-01 09:32:11 AM,315.5,0,0.0,42318371.25
2025-08-01 09:32:11 AM,315.5,225,70987.5,42389358.75
2025-08-01 09:32:13 AM,316.65,0,0.0,42389358.75
2025-08-01 09:32:14 AM,316.65,375,118743.74999999999,42508102.5
2025-08-01 09:32:15 AM,313.35,0,0.0,42508102.5
2025-08-01 09:32:15 AM,312.7,0,0.0,42508102.5
2025-08-01 09:32:16 AM,312.7,375,117262.5,42625365.0
2025-08-01 09:32:20 AM,315.0,0,0.0,42625365.0
2025-08-01 09:32:21 AM,315.0,600,189000.0,42814365.0
2025-08-01 09:32:24 AM,315.85,0,0.0,42814365.0
2025-08-01 09:32:25 AM,315.7,300,94710.0,42909075.0
2025-08-01 09:32:31 AM,319.5,0,0.0,42909075.0
2025-08-01 09:32:32 AM,320.1,0,0.0,42909075.0
2025-08-01 09:32:32 AM,320.1,825,264082.5,43173157.5
2025-08-01 09:32:33 AM,318.15,0,0.0,43173157.5
2025-08-01 09:32:34 AM,318.15,75,23861.25,43197018.75
2025-08-01 09:32:37 AM,316.2,0,0.0,43197018.75
2025-08-01 09:32:37 AM,316.2,150,47430.0,43244448.75
2025-08-01 09:32:38 AM,316.05,0,0.0,43244448.75
2025-08-01 09:32:39 AM,316.05,75,23703.75,43268152.5
2025-08-01 09:32:42 AM,316.2,0,0.0,43268152.5
2025-08-01 09:32:42 AM,316.2,75,23715.0,43291867.5
2025-08-01 09:32:44 AM,317.7,0,0.0,43291867.5
2025-08-01 09:32:44 AM,317.7,75,23827.5,43315695.0
2025-08-01 09:32:50 AM,318.15,0,0.0,43315695.0
2025-08-01 09:32:51 AM,318.15,75,23861.25,43339556.25
2025-08-01 09:32:56 AM,317.8,0,0.0,43339556.25
2025-08-01 09:32:56 AM,317.8,150,47670.0,43387226.25
2025-08-01 09:33:01 AM,318.65,0,0.0,43387226.25
2025-08-01 09:33:01 AM,318.65,225,71696.25,43458922.5
2025-08-01 09:33:01 AM,317.4,225,71415.0,43530337.5
2025-08-01 09:33:08 AM,320.0,0,0.0,43530337.5
2025-08-01 09:33:09 AM,320.0,75,24000.0,43554337.5
2025-08-01 09:33:12 AM,318.65,0,0.0,43554337.5
2025-08-01 09:33:13 AM,318.65,75,23898.75,43578236.25
2025-08-01 09:33:18 AM,319.5,0,0.0,43578236.25
2025-08-01 09:33:18 AM,320.0,0,0.0,43578236.25
2025-08-01 09:33:19 AM,320.0,300,96000.0,43674236.25
2025-08-01 09:33:21 AM,323.0,0,0.0,43674236.25
2025-08-01 09:33:22 AM,323.0,225,72675.0,43746911.25
2025-08-01 09:33:22 AM,324.6,0,0.0,43746911.25
2025-08-01 09:33:22 AM,324.55,0,0.0,43746911.25
2025-08-01 09:33:23 AM,324.55,600,194730.0,43941641.25
2025-08-01 09:33:23 AM,327.0,0,0.0,43941641.25
2025-08-01 09:33:23 AM,326.0,0,0.0,43941641.25
2025-08-01 09:33:24 AM,326.0,375,122250.0,44063891.25
2025-08-01 09:33:24 AM,327.4,0,0.0,44063891.25
2025-08-01 09:33:25 AM,330.05,0,0.0,44063891.25
2025-08-01 09:33:26 AM,330.05,450,148522.5,44212413.75
2025-08-01 09:33:26 AM,330.4,75,24780.0,44237193.75
2025-08-01 09:33:26 AM,331.35,0,0.0,44237193.75
2025-08-01 09:33:26 AM,330.4,0,0.0,44237193.75
2025-08-01 09:33:27 AM,329.5,0,0.0,44237193.75
2025-08-01 09:33:27 AM,329.5,1650,543675.0,44780868.75
2025-08-01 09:33:28 AM,330.25,0,0.0,44780868.75
2025-08-01 09:33:29 AM,330.35,1575,520301.25000000006,45301170.0
2025-08-01 09:33:30 AM,332.95,0,0.0,45301170.0
2025-08-01 09:33:31 AM,332.95,75,24971.25,45326141.25
2025-08-01 09:33:31 AM,333.0,0,0.0,45326141.25
2025-08-01 09:33:32 AM,335.35,0,0.0,45326141.25
2025-08-01 09:33:32 AM,334.75,975,326381.25,45652522.5
2025-08-01 09:33:32 AM,335.7,0,0.0,45652522.5
2025-08-01 09:33:33 AM,335.7,75,25177.5,45677700.0
2025-08-01 09:33:33 AM,336.15,0,0.0,45677700.0
2025-08-01 09:33:34 AM,334.7,1500,502050.0,46179750.0
2025-08-01 09:33:35 AM,337.95,0,0.0,46179750.0
2025-08-01 09:33:36 AM,337.95,300,101385.0,46281135.0
2025-08-01 09:33:36 AM,336.3,0,0.0,46281135.0
2025-08-01 09:33:36 AM,336.3,150,50445.0,46331580.0
2025-08-01 09:33:36 AM,337.4,0,0.0,46331580.0
2025-08-01 09:33:37 AM,337.4,300,101220.0,46432800.0
2025-08-01 09:33:39 AM,339.55,0,0.0,46432800.0
2025-08-01 09:33:40 AM,341.6,0,0.0,46432800.0
2025-08-01 09:33:40 AM,340.0,0,0.0,46432800.0
2025-08-01 09:33:41 AM,340.0,600,204000.0,46636800.0
2025-08-01 09:33:41 AM,340.5,150,51075.0,46687875.0
2025-08-01 09:33:41 AM,340.9,0,0.0,46687875.0
2025-08-01 09:33:42 AM,340.85,0,0.0,46687875.0
2025-08-01 09:33:42 AM,340.85,375,127818.75000000001,46815693.75
2025-08-01 09:33:44 AM,338.5,0,0.0,46815693.75
2025-08-01 09:33:44 AM,338.5,75,25387.5,46841081.25
2025-08-01 09:33:45 AM,340.05,0,0.0,46841081.25
2025-08-01 09:33:46 AM,340.05,75,25503.75,46866585.0
2025-08-01 09:33:46 AM,339.4,75,25455.0,46892040.0
2025-08-01 09:33:46 AM,340.45,0,0.0,46892040.0
2025-08-01 09:33:47 AM,340.2,0,0.0,46892040.0
2025-08-01 09:33:47 AM,340.2,450,153090.0,47045130.0
2025-08-01 09:33:48 AM,340.2,75,25515.0,47070645.0
2025-08-01 09:33:49 AM,339.8,75,25485.0,47096130.0
2025-08-01 09:33:50 AM,342.0,0,0.0,47096130.0
2025-08-01 09:33:51 AM,345.6,2325,803520.0,47899650.0
2025-08-01 09:33:51 AM,346.95,2625,910743.75,48810393.75
2025-08-01 09:33:52 AM,345.75,0,0.0,48810393.75
2025-08-01 09:33:53 AM,345.75,75,25931.25,48836325.0
2025-08-01 09:33:53 AM,346.95,0,0.0,48836325.0
2025-08-01 09:33:53 AM,349.0,0,0.0,48836325.0
2025-08-01 09:33:54 AM,349.0,150,52350.0,48888675.0
2025-08-01 09:33:54 AM,350.3,150,52545.0,48941220.0
2025-08-01 09:33:55 AM,350.65,0,0.0,48941220.0
2025-08-01 09:33:55 AM,354.9,0,0.0,48941220.0
2025-08-01 09:33:56 AM,354.9,300,106470.0,49047690.0
2025-08-01 09:33:56 AM,359.0,0,0.0,49047690.0
2025-08-01 09:33:56 AM,358.45,0,0.0,49047690.0
2025-08-01 09:33:57 AM,356.2,0,0.0,49047690.0
2025-08-01 09:33:57 AM,356.3,600,213780.0,49261470.0
2025-08-01 09:33:58 AM,356.3,375,133612.5,49395082.5
2025-08-01 09:33:58 AM,355.3,0,0.0,49395082.5
2025-08-01 09:33:59 AM,353.6,0,0.0,49395082.5
2025-08-01 09:33:59 AM,353.6,375,132600.0,49527682.5
2025-08-01 09:34:00 AM,351.7,0,0.0,49527682.5
2025-08-01 09:34:01 AM,351.7,300,105510.0,49633192.5
2025-08-01 09:34:01 AM,353.9,0,0.0,49633192.5
2025-08-01 09:34:02 AM,353.9,75,26542.5,49659735.0
2025-08-01 09:34:03 AM,353.1,0,0.0,49659735.0
2025-08-01 09:34:04 AM,352.6,0,0.0,49659735.0
2025-08-01 09:34:04 AM,350.05,525,183776.25,49843511.25
2025-08-01 09:34:05 AM,350.5,0,0.0,49843511.25
2025-08-01 09:34:05 AM,350.8,225,78930.0,49922441.25
2025-08-01 09:34:06 AM,350.85,0,0.0,49922441.25
2025-08-01 09:34:07 AM,352.8,0,0.0,49922441.25
2025-08-01 09:34:07 AM,352.8,150,52920.0,49975361.25
2025-08-01 09:34:08 AM,353.3,0,0.0,49975361.25
2025-08-01 09:34:08 AM,353.7,0,0.0,49975361.25
2025-08-01 09:34:09 AM,353.7,2325,822352.5,50797713.75
2025-08-01 09:34:10 AM,354.35,0,0.0,50797713.75
2025-08-01 09:34:10 AM,355.0,0,0.0,50797713.75
2025-08-01 09:34:10 AM,355.0,1725,612375.0,51410088.75
2025-08-01 09:34:11 AM,355.9,0,0.0,51410088.75
2025-08-01 09:34:11 AM,355.0,0,0.0,51410088.75
2025-08-01 09:34:12 AM,354.25,1500,531375.0,51941463.75
2025-08-01 09:34:12 AM,353.15,0,0.0,51941463.75
2025-08-01 09:34:12 AM,353.15,375,132431.25,52073895.0
2025-08-01 09:34:13 AM,352.0,0,0.0,52073895.0
2025-08-01 09:34:14 AM,352.0,1050,369600.0,52443495.0
2025-08-01 09:34:14 AM,349.0,600,209400.0,52652895.0
2025-08-01 09:34:14 AM,348.3,0,0.0,52652895.0
2025-08-01 09:34:14 AM,348.2,0,0.0,52652895.0
2025-08-01 09:34:15 AM,349.7,0,0.0,52652895.0
2025-08-01 09:34:15 AM,349.7,1200,419640.0,53072535.0
2025-08-01 09:34:16 AM,351.2,0,0.0,53072535.0
2025-08-01 09:34:17 AM,351.25,375,131718.75,53204253.75
2025-08-01 09:34:17 AM,351.25,225,79031.25,53283285.0
2025-08-01 09:34:20 AM,350.05,0,0.0,53283285.0
2025-08-01 09:34:20 AM,350.05,75,26253.75,53309538.75
2025-08-01 09:34:25 AM,348.9,0,0.0,53309538.75
2025-08-01 09:34:25 AM,348.9,75,26167.5,53335706.25
2025-08-01 09:34:31 AM,344.75,0,0.0,53335706.25
2025-08-01 09:34:32 AM,344.75,150,51712.5,53387418.75
2025-08-01 09:34:33 AM,344.25,0,0.0,53387418.75
2025-08-01 09:34:33 AM,344.25,75,25818.75,53413237.5
2025-08-01 09:34:34 AM,344.7,225,77557.5,53490795.0
2025-08-01 09:34:35 AM,345.4,225,77715.0,53568510.0
2025-08-01 09:34:43 AM,343.1,0,0.0,53568510.0
2025-08-01 09:34:43 AM,342.9,0,0.0,53568510.0
2025-08-01 09:34:43 AM,342.9,150,51435.0,53619945.0
2025-08-01 09:34:44 AM,343.05,75,25728.75,53645673.75
2025-08-01 09:34:44 AM,342.45,0,0.0,53645673.75
2025-08-01 09:34:45 AM,342.45,75,25683.75,53671357.5
2025-08-01 09:34:48 AM,339.05,0,0.0,53671357.5
2025-08-01 09:34:48 AM,339.05,75,25428.75,53696786.25
2025-08-01 09:34:49 AM,338.4,75,25380.0,53722166.25
2025-08-01 09:34:50 AM,337.85,0,0.0,53722166.25
2025-08-01 09:34:50 AM,337.85,225,76016.25,53798182.5
2025-08-01 09:34:50 AM,338.7,0,0.0,53798182.5
2025-08-01 09:34:51 AM,338.7,75,25402.5,53823585.0
2025-08-01 09:34:53 AM,338.4,0,0.0,53823585.0
2025-08-01 09:34:53 AM,338.4,75,25380.0,53848965.0
2025-08-01 09:34:54 AM,337.5,0,0.0,53848965.0
2025-08-01 09:34:55 AM,337.45,0,0.0,53848965.0
2025-08-01 09:34:55 AM,337.45,150,50617.5,53899582.5
2025-08-01 09:34:56 AM,336.65,0,0.0,53899582.5
2025-08-01 09:34:56 AM,336.65,75,25248.75,53924831.25
2025-08-01 09:34:57 AM,335.4,0,0.0,53924831.25
2025-08-01 09:34:57 AM,335.4,300,100620.0,54025451.25
2025-08-01 09:34:59 AM,335.3,0,0.0,54025451.25
2025-08-01 09:35:00 AM,335.3,150,50295.0,54075746.25
2025-08-01 09:35:02 AM,338.4,150,50760.0,54126506.25
2025-08-01 09:35:04 AM,339.65,0,0.0,54126506.25
2025-08-01 09:35:05 AM,339.65,75,25473.75,54151980.0
2025-08-01 09:35:08 AM,342.35,0,0.0,54151980.0
2025-08-01 09:35:08 AM,342.35,150,51352.5,54203332.5
2025-08-01 09:35:09 AM,342.0,0,0.0,54203332.5
2025-08-01 09:35:10 AM,342.0,225,76950.0,54280282.5
2025-08-01 09:35:13 AM,341.5,0,0.0,54280282.5
2025-08-01 09:35:13 AM,341.5,150,51225.0,54331507.5
2025-08-01 09:35:16 AM,343.05,0,0.0,54331507.5
2025-08-01 09:35:16 AM,343.05,75,25728.75,54357236.25
2025-08-01 09:35:17 AM,342.7,0,0.0,54357236.25
2025-08-01 09:35:18 AM,342.7,75,25702.5,54382938.75
2025-08-01 09:35:19 AM,342.1,0,0.0,54382938.75
2025-08-01 09:35:20 AM,342.1,450,153945.0,54536883.75
2025-08-01 09:35:22 AM,342.45,0,0.0,54536883.75
2025-08-01 09:35:22 AM,342.45,75,25683.75,54562567.5
2025-08-01 09:35:24 AM,339.4,0,0.0,54562567.5
2025-08-01 09:35:25 AM,339.4,75,25455.0,54588022.5
2025-08-01 09:35:27 AM,339.1,0,0.0,54588022.5
2025-08-01 09:35:27 AM,338.8,0,0.0,54588022.5
2025-08-01 09:35:28 AM,338.8,225,76230.0,54664252.5
2025-08-01 09:35:38 AM,339.1,0,0.0,54664252.5
2025-08-01 09:35:38 AM,339.1,75,25432.5,54689685.0
2025-08-01 09:35:38 AM,338.1,0,0.0,54689685.0
2025-08-01 09:35:39 AM,338.0,0,0.0,54689685.0
2025-08-01 09:35:40 AM,338.0,525,177450.0,54867135.0
2025-08-01 09:35:43 AM,336.7,0,0.0,54867135.0
2025-08-01 09:35:43 AM,336.7,150,50505.0,54917640.0
2025-08-01 09:35:47 AM,332.85,150,49927.5,54967567.5
2025-08-01 09:35:48 AM,334.1,0,0.0,54967567.5
2025-08-01 09:35:48 AM,334.1,75,25057.5,54992625.0
2025-08-01 09:35:48 AM,334.7,0,0.0,54992625.0
2025-08-01 09:35:49 AM,335.2,0,0.0,54992625.0
2025-08-01 09:35:49 AM,335.55,0,0.0,54992625.0
2025-08-01 09:35:50 AM,335.55,225,75498.75,55068123.75
2025-08-01 09:35:53 AM,334.15,0,0.0,55068123.75
2025-08-01 09:35:53 AM,334.15,75,25061.25,55093185.0
2025-08-01 09:35:54 AM,336.7,0,0.0,55093185.0
2025-08-01 09:35:55 AM,336.7,75,25252.5,55118437.5
2025-08-01 09:35:56 AM,335.65,0,0.0,55118437.5
2025-08-01 09:35:56 AM,335.65,75,25173.75,55143611.25
2025-08-01 09:35:57 AM,337.15,0,0.0,55143611.25
2025-08-01 09:35:58 AM,337.15,75,25286.25,55168897.5
2025-08-01 09:36:02 AM,339.85,0,0.0,55168897.5
2025-08-01 09:36:03 AM,339.85,75,25488.75,55194386.25
2025-08-01 09:36:12 AM,341.7,0,0.0,55194386.25
2025-08-01 09:36:13 AM,341.7,150,51255.0,55245641.25
2025-08-01 09:36:15 AM,341.1,0,0.0,55245641.25
2025-08-01 09:36:16 AM,341.1,75,25582.5,55271223.75
2025-08-01 09:36:16 AM,340.2,0,0.0,55271223.75
2025-08-01 09:36:17 AM,340.2,450,153090.0,55424313.75
2025-08-01 09:36:17 AM,339.65,0,0.0,55424313.75
2025-08-01 09:36:18 AM,339.65,75,25473.75,55449787.5
2025-08-01 09:36:20 AM,340.25,0,0.0,55449787.5
2025-08-01 09:36:21 AM,340.25,75,25518.75,55475306.25
2025-08-01 09:36:21 AM,341.6,0,0.0,55475306.25
2025-08-01 09:36:22 AM,341.6,300,102480.0,55577786.25
2025-08-01 09:36:28 AM,340.45,0,0.0,55577786.25
2025-08-01 09:36:28 AM,340.45,150,51067.5,55628853.75
2025-08-01 09:36:33 AM,340.8,0,0.0,55628853.75
2025-08-01 09:36:33 AM,340.8,75,25560.0,55654413.75
2025-08-01 09:36:35 AM,342.25,0,0.0,55654413.75
2025-08-01 09:36:36 AM,342.25,75,25668.75,55680082.5
2025-08-01 09:36:39 AM,347.25,0,0.0,55680082.5
2025-08-01 09:36:39 AM,347.25,225,78131.25,55758213.75
2025-08-01 09:36:45 AM,343.85,0,0.0,55758213.75
2025-08-01 09:36:46 AM,343.85,150,51577.5,55809791.25
2025-08-01 09:36:46 AM,345.6,0,0.0,55809791.25
2025-08-01 09:36:46 AM,345.65,0,0.0,55809791.25
2025-08-01 09:36:47 AM,345.65,300,103695.0,55913486.25
2025-08-01 09:36:49 AM,341.7,0,0.0,55913486.25
2025-08-01 09:36:49 AM,341.7,75,25627.5,55939113.75
2025-08-01 09:36:51 AM,342.9,0,0.0,55939113.75
2025-08-01 09:36:52 AM,342.9,75,25717.5,55964831.25
2025-08-01 09:37:00 AM,341.0,0,0.0,55964831.25
2025-08-01 09:37:00 AM,340.0,150,51000.0,56015831.25
2025-08-01 09:37:05 AM,335.0,0,0.0,56015831.25
2025-08-01 09:37:05 AM,335.0,150,50250.0,56066081.25
2025-08-01 09:37:08 AM,333.4,0,0.0,56066081.25
2025-08-01 09:37:10 AM,333.4,375,125024.99999999999,56191106.25
2025-08-01 09:37:10 AM,332.25,0,0.0,56191106.25
2025-08-01 09:37:10 AM,332.25,75,24918.75,56216025.0
2025-08-01 09:37:11 AM,330.55,0,0.0,56216025.0
2025-08-01 09:37:11 AM,330.55,150,49582.5,56265607.5
2025-08-01 09:37:12 AM,330.3,0,0.0,56265607.5
2025-08-01 09:37:12 AM,329.5,0,0.0,56265607.5
2025-08-01 09:37:13 AM,329.5,300,98850.0,56364457.5
2025-08-01 09:37:14 AM,329.0,0,0.0,56364457.5
2025-08-01 09:37:14 AM,326.7,0,0.0,56364457.5
2025-08-01 09:37:14 AM,326.7,150,49005.0,56413462.5
2025-08-01 09:37:15 AM,327.45,300,98235.0,56511697.5
2025-08-01 09:37:17 AM,326.85,0,0.0,56511697.5
2025-08-01 09:37:17 AM,326.95,0,0.0,56511697.5
2025-08-01 09:37:18 AM,326.95,375,122606.25,56634303.75
2025-08-01 09:37:19 AM,325.0,225,73125.0,56707428.75
2025-08-01 09:37:24 AM,323.05,0,0.0,56707428.75
2025-08-01 09:37:24 AM,323.05,75,24228.75,56731657.5
2025-08-01 09:37:25 AM,320.2,0,0.0,56731657.5
2025-08-01 09:37:25 AM,320.2,75,24015.0,56755672.5
2025-08-01 09:37:26 AM,321.75,0,0.0,56755672.5
2025-08-01 09:37:26 AM,321.75,75,24131.25,56779803.75
2025-08-01 09:37:27 AM,323.15,0,0.0,56779803.75
2025-08-01 09:37:28 AM,325.0,0,0.0,56779803.75
2025-08-01 09:37:28 AM,325.0,150,48750.0,56828553.75
2025-08-01 09:37:30 AM,325.8,0,0.0,56828553.75
2025-08-01 09:37:30 AM,325.8,75,24435.0,56852988.75
2025-08-01 09:37:40 AM,331.95,0,0.0,56852988.75
2025-08-01 09:37:41 AM,331.95,75,24896.25,56877885.0
2025-08-01 09:37:52 AM,333.25,0,0.0,56877885.0
2025-08-01 09:37:53 AM,333.25,75,24993.75,56902878.75
2025-08-01 09:37:54 AM,331.2,0,0.0,56902878.75
2025-08-01 09:37:54 AM,331.2,75,24840.0,56927718.75
2025-08-01 09:38:02 AM,328.0,75,24600.0,56952318.75
2025-08-01 09:38:06 AM,326.05,0,0.0,56952318.75
2025-08-01 09:38:07 AM,326.05,75,24453.75,56976772.5
2025-08-01 09:38:08 AM,328.35,0,0.0,56976772.5
2025-08-01 09:38:08 AM,328.35,150,49252.5,57026025.0
2025-08-01 09:38:09 AM,328.85,0,0.0,57026025.0
2025-08-01 09:38:09 AM,328.85,75,24663.75,57050688.75
2025-08-01 09:38:11 AM,331.95,0,0.0,57050688.75
2025-08-01 09:38:11 AM,331.95,300,99585.0,57150273.75
2025-08-01 09:38:14 AM,333.4,0,0.0,57150273.75
2025-08-01 09:38:14 AM,333.4,75,25005.0,57175278.75
2025-08-01 09:38:18 AM,333.4,75,25005.0,57200283.75
2025-08-01 09:38:24 AM,332.8,0,0.0,57200283.75
2025-08-01 09:38:24 AM,332.8,75,24960.0,57225243.75
2025-08-01 09:38:49 AM,334.75,0,0.0,57225243.75
2025-08-01 09:38:49 AM,334.75,450,150637.5,57375881.25
2025-08-01 09:38:52 AM,334.15,0,0.0,57375881.25
2025-08-01 09:38:52 AM,334.15,75,25061.25,57400942.5
2025-08-01 09:39:01 AM,332.7,0,0.0,57400942.5
2025-08-01 09:39:01 AM,332.7,75,24952.5,57425895.0
2025-08-01 09:39:03 AM,330.65,0,0.0,57425895.0
2025-08-01 09:39:03 AM,330.3,150,49545.0,57475440.0
2025-08-01 09:39:05 AM,329.85,0,0.0,57475440.0
2025-08-01 09:39:06 AM,329.85,375,123693.75000000001,57599133.75
2025-08-01 09:39:06 AM,330.05,375,123768.75,57722902.5
2025-08-01 09:39:11 AM,325.55,0,0.0,57722902.5
2025-08-01 09:39:11 AM,325.55,75,24416.25,57747318.75
2025-08-01 09:39:12 AM,326.55,0,0.0,57747318.75
2025-08-01 09:39:13 AM,326.55,525,171438.75,57918757.5
2025-08-01 09:39:15 AM,325.55,0,0.0,57918757.5
2025-08-01 09:39:16 AM,325.0,225,73125.0,57991882.5
2025-08-01 09:39:16 AM,325.35,0,0.0,57991882.5
2025-08-01 09:39:16 AM,325.35,1800,585630.0,58577512.5
2025-08-01 09:39:19 AM,325.7,0,0.0,58577512.5
2025-08-01 09:39:20 AM,325.7,75,24427.5,58601940.0
2025-08-01 09:39:21 AM,323.95,0,0.0,58601940.0
2025-08-01 09:39:21 AM,323.95,150,48592.5,58650532.5
2025-08-01 09:39:21 AM,323.75,0,0.0,58650532.5
2025-08-01 09:39:22 AM,323.6,0,0.0,58650532.5
2025-08-01 09:39:23 AM,323.35,0,0.0,58650532.5
2025-08-01 09:39:23 AM,323.35,3000,970050.0000000001,59620582.5
2025-08-01 09:39:24 AM,324.45,0,0.0,59620582.5
2025-08-01 09:39:24 AM,324.65,675,219138.74999999997,59839721.25
2025-08-01 09:39:24 AM,324.7,0,0.0,59839721.25
2025-08-01 09:39:25 AM,325.2,225,73170.0,59912891.25
2025-08-01 09:39:29 AM,323.7,0,0.0,59912891.25
2025-08-01 09:39:30 AM,323.7,75,24277.5,59937168.75
2025-08-01 09:39:30 AM,322.8,0,0.0,59937168.75
2025-08-01 09:39:31 AM,322.8,225,72630.0,60009798.75
2025-08-01 09:39:31 AM,323.45,75,24258.75,60034057.5
2025-08-01 09:39:34 AM,323.3,0,0.0,60034057.5
2025-08-01 09:39:35 AM,323.3,75,24247.5,60058305.0
2025-08-01 09:39:37 AM,323.25,0,0.0,60058305.0
2025-08-01 09:39:38 AM,323.25,75,24243.75,60082548.75
2025-08-01 09:39:40 AM,323.15,0,0.0,60082548.75
2025-08-01 09:39:41 AM,323.15,75,24236.25,60106785.0
2025-08-01 09:39:41 AM,323.6,0,0.0,60106785.0
2025-08-01 09:39:41 AM,323.6,375,121350.00000000001,60228135.0
2025-08-01 09:39:43 AM,323.0,0,0.0,60228135.0
2025-08-01 09:39:44 AM,323.0,75,24225.0,60252360.0
2025-08-01 09:39:46 AM,325.4,0,0.0,60252360.0
2025-08-01 09:39:47 AM,325.4,300,97620.0,60349980.0
2025-08-01 09:39:51 AM,324.85,0,0.0,60349980.0
2025-08-01 09:39:52 AM,324.85,75,24363.75,60374343.75
2025-08-01 09:39:57 AM,322.9,0,0.0,60374343.75
2025-08-01 09:39:58 AM,322.9,75,24217.5,60398561.25
2025-08-01 09:40:02 AM,320.0,0,0.0,60398561.25
2025-08-01 09:40:02 AM,320.0,150,48000.0,60446561.25
2025-08-01 09:40:03 AM,319.15,0,0.0,60446561.25
2025-08-01 09:40:04 AM,319.15,75,23936.25,60470497.5
2025-08-01 09:40:04 AM,318.75,0,0.0,60470497.5
2025-08-01 09:40:04 AM,318.75,600,191250.0,60661747.5
2025-08-01 09:40:05 AM,319.25,0,0.0,60661747.5
2025-08-01 09:40:05 AM,319.7,600,191820.0,60853567.5
2025-08-01 09:40:11 AM,322.25,0,0.0,60853567.5
2025-08-01 09:40:12 AM,322.25,75,24168.75,60877736.25
2025-08-01 09:40:13 AM,323.0,0,0.0,60877736.25
2025-08-01 09:40:13 AM,323.0,75,24225.0,60901961.25
2025-08-01 09:40:24 AM,326.0,0,0.0,60901961.25
2025-08-01 09:40:24 AM,326.0,150,48900.0,60950861.25
2025-08-01 09:40:27 AM,324.1,0,0.0,60950861.25
2025-08-01 09:40:27 AM,324.1,75,24307.5,60975168.75
2025-08-01 09:40:39 AM,325.6,75,24420.0,60999588.75
2025-08-01 09:40:42 AM,326.9,0,0.0,60999588.75
2025-08-01 09:40:43 AM,326.9,75,24517.5,61024106.25
2025-08-01 09:40:46 AM,327.15,0,0.0,61024106.25
2025-08-01 09:40:46 AM,327.15,75,24536.25,61048642.5
2025-08-01 09:40:47 AM,329.0,0,0.0,61048642.5
2025-08-01 09:40:47 AM,329.0,300,98700.0,61147342.5
2025-08-01 09:40:48 AM,329.4,0,0.0,61147342.5
2025-08-01 09:40:48 AM,329.4,1125,370575.0,61517917.5
2025-08-01 09:40:48 AM,328.6,0,0.0,61517917.5
2025-08-01 09:40:49 AM,328.6,150,49290.0,61567207.5
2025-08-01 09:40:49 AM,329.25,0,0.0,61567207.5
2025-08-01 09:40:49 AM,329.25,75,24693.75,61591901.25
2025-08-01 09:40:51 AM,331.5,0,0.0,61591901.25
2025-08-01 09:40:51 AM,331.5,825,273487.5,61865388.75
2025-08-01 09:40:58 AM,333.0,0,0.0,61865388.75
2025-08-01 09:40:58 AM,333.0,75,24975.0,61890363.75
2025-08-01 09:40:59 AM,333.55,300,100065.0,61990428.75
2025-08-01 09:41:04 AM,336.55,0,0.0,61990428.75
2025-08-01 09:41:04 AM,336.55,75,25241.25,62015670.0
2025-08-01 09:41:07 AM,334.3,0,0.0,62015670.0
2025-08-01 09:41:07 AM,334.3,300,100290.0,62115960.0
2025-08-01 09:41:07 AM,335.55,0,0.0,62115960.0
2025-08-01 09:41:07 AM,335.55,600,201330.0,62317290.0
2025-08-01 09:41:09 AM,335.65,0,0.0,62317290.0
2025-08-01 09:41:09 AM,336.15,225,75633.75,62392923.75
2025-08-01 09:41:10 AM,336.25,0,0.0,62392923.75
2025-08-01 09:41:10 AM,336.25,75,25218.75,62418142.5
2025-08-01 09:41:11 AM,336.75,0,0.0,62418142.5
2025-08-01 09:41:12 AM,336.75,150,50512.5,62468655.0
2025-08-01 09:41:15 AM,332.7,0,0.0,62468655.0
2025-08-01 09:41:15 AM,332.7,75,24952.5,62493607.5
2025-08-01 09:41:16 AM,332.75,0,0.0,62493607.5
2025-08-01 09:41:16 AM,332.75,150,49912.5,62543520.0
2025-08-01 09:41:18 AM,333.4,300,100020.0,62643540.0
2025-08-01 09:41:39 AM,338.0,0,0.0,62643540.0
2025-08-01 09:41:39 AM,338.0,150,50700.0,62694240.0
2025-08-01 09:41:41 AM,337.05,75,25278.75,62719518.75
2025-08-01 09:41:53 AM,337.05,150,50557.5,62770076.25
2025-08-01 09:41:54 AM,336.6,0,0.0,62770076.25
2025-08-01 09:41:54 AM,336.6,300,100980.0,62871056.25
2025-08-01 09:42:01 AM,338.0,0,0.0,62871056.25
2025-08-01 09:42:01 AM,340.0,225,76500.0,62947556.25
2025-08-01 09:42:01 AM,338.2,0,0.0,62947556.25
2025-08-01 09:42:02 AM,338.2,225,76095.0,63023651.25
2025-08-01 09:42:03 AM,337.2,0,0.0,63023651.25
2025-08-01 09:42:03 AM,334.5,225,75262.5,63098913.75
2025-08-01 09:42:07 AM,336.0,0,0.0,63098913.75
2025-08-01 09:42:07 AM,336.0,75,25200.0,63124113.75
2025-08-01 09:42:19 AM,330.1,0,0.0,63124113.75
2025-08-01 09:42:19 AM,328.75,0,0.0,63124113.75
2025-08-01 09:42:19 AM,328.75,225,73968.75,63198082.5
2025-08-01 09:42:29 AM,330.25,0,0.0,63198082.5
2025-08-01 09:42:29 AM,330.25,75,24768.75,63222851.25
2025-08-01 09:42:31 AM,328.0,0,0.0,63222851.25
2025-08-01 09:42:32 AM,328.0,75,24600.0,63247451.25
2025-08-01 09:42:33 AM,328.0,150,49200.0,63296651.25
2025-08-01 09:42:33 AM,328.0,75,24600.0,63321251.25
2025-08-01 09:42:46 AM,333.05,0,0.0,63321251.25
2025-08-01 09:42:46 AM,333.05,150,49957.5,63371208.75
2025-08-01 09:42:47 AM,333.15,0,0.0,63371208.75
2025-08-01 09:42:47 AM,333.15,75,24986.25,63396195.0
2025-08-01 09:42:57 AM,335.15,0,0.0,63396195.0
2025-08-01 09:42:57 AM,335.15,75,25136.25,63421331.25
2025-08-01 09:43:00 AM,336.1,0,0.0,63421331.25
2025-08-01 09:43:01 AM,336.1,75,25207.5,63446538.75
2025-08-01 09:43:02 AM,338.65,0,0.0,63446538.75
2025-08-01 09:43:02 AM,338.65,75,25398.75,63471937.5
2025-08-01 09:43:05 AM,337.4,0,0.0,63471937.5
2025-08-01 09:43:06 AM,337.4,75,25305.0,63497242.5
2025-08-01 09:43:11 AM,338.9,0,0.0,63497242.5
2025-08-01 09:43:11 AM,338.9,75,25417.5,63522660.0
2025-08-01 09:43:14 AM,338.4,0,0.0,63522660.0
2025-08-01 09:43:15 AM,338.4,75,25380.0,63548040.0
2025-08-01 09:43:19 AM,338.15,0,0.0,63548040.0
2025-08-01 09:43:19 AM,338.15,75,25361.25,63573401.25
2025-08-01 09:43:19 AM,337.85,0,0.0,63573401.25
2025-08-01 09:43:20 AM,337.85,75,25338.75,63598740.0
2025-08-01 09:43:33 AM,339.65,0,0.0,63598740.0
2025-08-01 09:43:34 AM,339.65,75,25473.75,63624213.75
2025-08-01 09:43:40 AM,339.75,0,0.0,63624213.75
2025-08-01 09:43:40 AM,339.75,75,25481.25,63649695.0
2025-08-01 09:43:58 AM,338.35,0,0.0,63649695.0
2025-08-01 09:43:59 AM,338.35,75,25376.25,63675071.25
2025-08-01 09:44:05 AM,335.3,0,0.0,63675071.25
2025-08-01 09:44:05 AM,335.3,300,100590.0,63775661.25
2025-08-01 09:44:19 AM,334.05,0,0.0,63775661.25
2025-08-01 09:44:20 AM,334.05,150,50107.5,63825768.75
2025-08-01 09:44:20 AM,334.5,0,0.0,63825768.75
2025-08-01 09:44:21 AM,334.5,75,25087.5,63850856.25
2025-08-01 09:44:31 AM,332.6,0,0.0,63850856.25
2025-08-01 09:44:31 AM,332.6,75,24945.0,63875801.25
2025-08-01 09:44:32 AM,331.4,0,0.0,63875801.25
2025-08-01 09:44:33 AM,331.4,75,24855.0,63900656.25
2025-08-01 09:44:33 AM,331.2,0,0.0,63900656.25
2025-08-01 09:44:33 AM,331.65,0,0.0,63900656.25
2025-08-01 09:44:34 AM,331.65,300,99495.0,64000151.25
2025-08-01 09:44:38 AM,326.45,375,122418.75,64122570.0
2025-08-01 09:44:38 AM,326.15,0,0.0,64122570.0
2025-08-01 09:44:39 AM,326.8,975,318630.0,64441200.0
2025-08-01 09:44:40 AM,327.2,0,0.0,64441200.0
2025-08-01 09:44:40 AM,327.9,300,98370.0,64539570.0
2025-08-01 09:44:40 AM,327.55,0,0.0,64539570.0
2025-08-01 09:44:41 AM,326.8,0,0.0,64539570.0
2025-08-01 09:44:41 AM,326.8,225,73530.0,64613100.0
2025-08-01 09:44:42 AM,326.75,75,24506.25,64637606.25
2025-08-01 09:44:45 AM,327.85,0,0.0,64637606.25
2025-08-01 09:44:45 AM,327.85,75,24588.75,64662195.0
2025-08-01 09:44:48 AM,328.2,0,0.0,64662195.0
2025-08-01 09:44:48 AM,328.2,225,73845.0,64736040.0
2025-08-01 09:44:49 AM,328.1,0,0.0,64736040.0
2025-08-01 09:44:50 AM,328.1,75,24607.5,64760647.5
2025-08-01 09:44:51 AM,328.15,0,0.0,64760647.5
2025-08-01 09:44:51 AM,328.05,150,49207.5,64809855.0
2025-08-01 09:44:52 AM,327.3,0,0.0,64809855.0
2025-08-01 09:44:53 AM,327.3,75,24547.5,64834402.5
2025-08-01 09:44:54 AM,327.7,0,0.0,64834402.5
2025-08-01 09:44:55 AM,327.25,750,245437.5,65079840.0
2025-08-01 09:44:55 AM,327.7,0,0.0,65079840.0
2025-08-01 09:44:56 AM,327.8,0,0.0,65079840.0
2025-08-01 09:44:56 AM,327.8,150,49170.0,65129010.0
2025-08-01 09:44:57 AM,328.85,0,0.0,65129010.0
2025-08-01 09:44:57 AM,328.85,75,24663.75,65153673.75
2025-08-01 09:45:00 AM,330.75,0,0.0,65153673.75
2025-08-01 09:45:01 AM,330.75,150,49612.5,65203286.25
2025-08-01 09:45:05 AM,326.25,0,0.0,65203286.25
2025-08-01 09:45:05 AM,326.25,75,24468.75,65227755.0
2025-08-01 09:45:06 AM,324.8,0,0.0,65227755.0
2025-08-01 09:45:07 AM,324.8,75,24360.0,65252115.0
2025-08-01 09:45:08 AM,323.3,300,96990.0,65349105.0
2025-08-01 09:45:10 AM,322.1,0,0.0,65349105.0
2025-08-01 09:45:10 AM,322.0,0,0.0,65349105.0
2025-08-01 09:45:10 AM,322.0,150,48300.0,65397405.0
2025-08-01 09:45:11 AM,321.75,0,0.0,65397405.0
2025-08-01 09:45:11 AM,321.75,75,24131.25,65421536.25
2025-08-01 09:45:15 AM,323.0,0,0.0,65421536.25
2025-08-01 09:45:15 AM,323.0,300,96900.0,65518436.25
2025-08-01 09:45:21 AM,323.3,0,0.0,65518436.25
2025-08-01 09:45:21 AM,323.3,75,24247.5,65542683.75
2025-08-01 09:45:25 AM,324.9,0,0.0,65542683.75
2025-08-01 09:45:25 AM,324.9,75,24367.5,65567051.25
2025-08-01 09:45:53 AM,327.9,0,0.0,65567051.25
2025-08-01 09:45:53 AM,327.9,75,24592.5,65591643.75
2025-08-01 09:45:56 AM,328.55,0,0.0,65591643.75
2025-08-01 09:45:56 AM,328.55,75,24641.25,65616285.0
2025-08-01 09:46:01 AM,327.8,0,0.0,65616285.0
2025-08-01 09:46:02 AM,327.8,150,49170.0,65665455.0
2025-08-01 09:46:03 AM,328.75,0,0.0,65665455.0
2025-08-01 09:46:03 AM,328.75,75,24656.25,65690111.25
2025-08-01 09:46:07 AM,327.55,0,0.0,65690111.25
2025-08-01 09:46:07 AM,327.55,75,24566.25,65714677.5
2025-08-01 09:46:09 AM,326.55,0,0.0,65714677.5
2025-08-01 09:46:09 AM,326.55,375,122456.25,65837133.75
2025-08-01 09:46:15 AM,328.9,0,0.0,65837133.75
2025-08-01 09:46:15 AM,328.9,150,49335.0,65886468.75
2025-08-01 09:46:40 AM,325.65,0,0.0,65886468.75
2025-08-01 09:46:41 AM,325.65,150,48847.5,65935316.25
2025-08-01 09:46:42 AM,325.7,0,0.0,65935316.25
2025-08-01 09:46:42 AM,325.7,300,97710.0,66033026.25
2025-08-01 09:46:50 AM,322.65,0,0.0,66033026.25
2025-08-01 09:46:50 AM,322.65,75,24198.75,66057225.0
2025-08-01 09:46:52 AM,323.0,0,0.0,66057225.0
2025-08-01 09:46:52 AM,323.0,150,48450.0,66105675.0
2025-08-01 09:46:59 AM,325.0,0,0.0,66105675.0
2025-08-01 09:46:59 AM,325.0,75,24375.0,66130050.0
2025-08-01 09:47:03 AM,324.1,0,0.0,66130050.0
2025-08-01 09:47:04 AM,324.1,75,24307.5,66154357.5
2025-08-01 09:47:12 AM,324.9,0,0.0,66154357.5
2025-08-01 09:47:12 AM,324.9,75,24367.5,66178725.0
2025-08-01 09:47:17 AM,324.75,0,0.0,66178725.0
2025-08-01 09:47:17 AM,324.75,225,73068.75,66251793.75
2025-08-01 09:47:18 AM,323.5,0,0.0,66251793.75
2025-08-01 09:47:18 AM,323.5,75,24262.5,66276056.25
2025-08-01 09:47:25 AM,322.3,0,0.0,66276056.25
2025-08-01 09:47:25 AM,322.3,75,24172.5,66300228.75
2025-08-01 09:47:28 AM,321.9,0,0.0,66300228.75
2025-08-01 09:47:28 AM,321.9,150,48285.0,66348513.75
2025-08-01 09:47:31 AM,320.95,0,0.0,66348513.75
2025-08-01 09:47:31 AM,320.9,0,0.0,66348513.75
2025-08-01 09:47:31 AM,320.9,225,72202.5,66420716.25
2025-08-01 09:47:31 AM,320.0,0,0.0,66420716.25
2025-08-01 09:47:32 AM,315.2,0,0.0,66420716.25
2025-08-01 09:47:32 AM,315.2,1350,425520.0,66846236.25
2025-08-01 09:47:33 AM,316.75,0,0.0,66846236.25
2025-08-01 09:47:33 AM,316.75,75,23756.25,66869992.5
2025-08-01 09:47:36 AM,320.65,75,24048.75,66894041.25
2025-08-01 09:47:37 AM,320.8,0,0.0,66894041.25
2025-08-01 09:47:37 AM,320.8,75,24060.0,66918101.25
2025-08-01 09:47:45 AM,321.2,0,0.0,66918101.25
2025-08-01 09:47:45 AM,321.2,75,24090.0,66942191.25
2025-08-01 09:47:46 AM,322.85,0,0.0,66942191.25
2025-08-01 09:47:46 AM,323.45,0,0.0,66942191.25
2025-08-01 09:47:46 AM,323.45,150,48517.5,66990708.75
2025-08-01 09:47:47 AM,324.9,0,0.0,66990708.75
2025-08-01 09:47:48 AM,324.9,75,24367.5,67015076.25
2025-08-01 09:47:48 AM,325.6,0,0.0,67015076.25
2025-08-01 09:47:48 AM,325.6,150,48840.0,67063916.25
2025-08-01 09:47:51 AM,324.4,0,0.0,67063916.25
2025-08-01 09:47:52 AM,324.4,75,24330.0,67088246.25
2025-08-01 09:48:19 AM,328.85,0,0.0,67088246.25
2025-08-01 09:48:19 AM,328.85,300,98655.0,67186901.25
2025-08-01 09:48:29 AM,332.25,0,0.0,67186901.25
2025-08-01 09:48:30 AM,332.25,75,24918.75,67211820.0
2025-08-01 09:48:34 AM,332.6,0,0.0,67211820.0
2025-08-01 09:48:34 AM,332.6,225,74835.0,67286655.0
2025-08-01 09:48:36 AM,335.5,0,0.0,67286655.0
2025-08-01 09:48:36 AM,335.5,300,100650.0,67387305.0
2025-08-01 09:48:37 AM,335.2,0,0.0,67387305.0
2025-08-01 09:48:38 AM,335.2,75,25140.0,67412445.0
2025-08-01 09:48:39 AM,335.9,0,0.0,67412445.0
2025-08-01 09:48:39 AM,335.9,225,75577.5,67488022.5
2025-08-01 09:48:42 AM,337.65,0,0.0,67488022.5
2025-08-01 09:48:43 AM,337.65,750,253237.49999999997,67741260.0
2025-08-01 09:48:44 AM,336.35,0,0.0,67741260.0
2025-08-01 09:48:45 AM,336.35,75,25226.25,67766486.25
2025-08-01 09:49:00 AM,333.85,0,0.0,67766486.25
2025-08-01 09:49:00 AM,333.85,75,25038.75,67791525.0
2025-08-01 09:49:02 AM,334.3,0,0.0,67791525.0
2025-08-01 09:49:03 AM,334.3,75,25072.5,67816597.5
2025-08-01 09:49:05 AM,337.55,0,0.0,67816597.5
2025-08-01 09:49:05 AM,337.55,75,25316.25,67841913.75
2025-08-01 09:49:08 AM,337.45,0,0.0,67841913.75
2025-08-01 09:49:09 AM,337.45,75,25308.75,67867222.5
2025-08-01 09:49:10 AM,338.0,0,0.0,67867222.5
2025-08-01 09:49:10 AM,338.0,75,25350.0,67892572.5
2025-08-01 09:49:13 AM,337.85,0,0.0,67892572.5
2025-08-01 09:49:14 AM,337.85,75,25338.75,67917911.25
2025-08-01 09:49:19 AM,336.3,0,0.0,67917911.25
2025-08-01 09:49:19 AM,336.3,75,25222.5,67943133.75
2025-08-01 09:49:23 AM,338.0,2025,684450.0,68627583.75
2025-08-01 09:49:24 AM,337.0,0,0.0,68627583.75
2025-08-01 09:49:24 AM,337.0,6450,2173650.0,70801233.75
2025-08-01 09:49:25 AM,337.45,0,0.0,70801233.75
2025-08-01 09:49:25 AM,337.55,300,101265.0,70902498.75
2025-08-01 09:49:26 AM,337.5,0,0.0,70902498.75
2025-08-01 09:49:26 AM,337.5,225,75937.5,70978436.25
2025-08-01 09:49:32 AM,335.4,0,0.0,70978436.25
2025-08-01 09:49:32 AM,335.4,75,25155.0,71003591.25
2025-08-01 09:49:37 AM,337.35,0,0.0,71003591.25
2025-08-01 09:49:37 AM,337.35,525,177108.75,71180700.0
2025-08-01 09:49:38 AM,336.65,0,0.0,71180700.0
2025-08-01 09:49:38 AM,336.65,75,25248.75,71205948.75
2025-08-01 09:49:41 AM,336.25,525,176531.25,71382480.0
2025-08-01 09:49:42 AM,335.5,0,0.0,71382480.0
2025-08-01 09:49:42 AM,335.5,75,25162.5,71407642.5
2025-08-01 09:49:51 AM,332.55,0,0.0,71407642.5
2025-08-01 09:49:51 AM,332.55,225,74823.75,71482466.25
2025-08-01 09:49:52 AM,331.35,0,0.0,71482466.25
2025-08-01 09:49:52 AM,331.35,75,24851.25,71507317.5
2025-08-01 09:49:53 AM,331.0,0,0.0,71507317.5
2025-08-01 09:49:53 AM,331.0,375,124125.0,71631442.5
2025-08-01 09:49:54 AM,329.55,0,0.0,71631442.5
2025-08-01 09:49:54 AM,329.55,150,49432.5,71680875.0
2025-08-01 09:49:54 AM,328.95,0,0.0,71680875.0
2025-08-01 09:49:55 AM,328.95,75,24671.25,71705546.25
2025-08-01 09:49:55 AM,329.3,0,0.0,71705546.25
2025-08-01 09:49:55 AM,328.4,450,147780.0,71853326.25
2025-08-01 09:49:58 AM,328.6,0,0.0,71853326.25
2025-08-01 09:49:59 AM,328.6,150,49290.0,71902616.25
2025-08-01 09:50:06 AM,328.5,0,0.0,71902616.25
2025-08-01 09:50:06 AM,328.5,75,24637.5,71927253.75
2025-08-01 09:50:07 AM,328.9,0,0.0,71927253.75
2025-08-01 09:50:07 AM,328.9,150,49335.0,71976588.75
2025-08-01 09:50:08 AM,328.7,0,0.0,71976588.75
2025-08-01 09:50:09 AM,328.75,150,49312.5,72025901.25
2025-08-01 09:50:12 AM,329.65,0,0.0,72025901.25
2025-08-01 09:50:12 AM,329.65,525,173066.25,72198967.5
2025-08-01 09:50:14 AM,329.1,0,0.0,72198967.5
2025-08-01 09:50:14 AM,329.1,75,24682.5,72223650.0
2025-08-01 09:50:17 AM,327.7,0,0.0,72223650.0
2025-08-01 09:50:18 AM,327.7,75,24577.5,72248227.5
2025-08-01 09:50:25 AM,328.75,0,0.0,72248227.5
2025-08-01 09:50:25 AM,328.75,75,24656.25,72272883.75
2025-08-01 09:50:30 AM,329.8,0,0.0,72272883.75
2025-08-01 09:50:31 AM,329.8,75,24735.0,72297618.75
2025-08-01 09:50:40 AM,331.4,0,0.0,72297618.75
2025-08-01 09:50:41 AM,331.4,75,24855.0,72322473.75
2025-08-01 09:51:04 AM,334.1,0,0.0,72322473.75
2025-08-01 09:51:05 AM,334.1,75,25057.5,72347531.25
2025-08-01 09:51:07 AM,335.25,0,0.0,72347531.25
2025-08-01 09:51:07 AM,335.25,75,25143.75,72372675.0
2025-08-01 09:51:12 AM,337.2,0,0.0,72372675.0
2025-08-01 09:51:12 AM,337.2,75,25290.0,72397965.0
2025-08-01 09:51:14 AM,337.35,0,0.0,72397965.0
2025-08-01 09:51:14 AM,337.35,75,25301.25,72423266.25
2025-08-01 09:51:17 AM,337.1,0,0.0,72423266.25
2025-08-01 09:51:17 AM,338.0,0,0.0,72423266.25
2025-08-01 09:51:17 AM,338.2,9300,3145260.0,75568526.25
2025-08-01 09:51:18 AM,338.1,0,0.0,75568526.25
2025-08-01 09:51:18 AM,338.05,0,0.0,75568526.25
2025-08-01 09:51:18 AM,338.05,2550,862027.5,76430553.75
2025-08-01 09:51:19 AM,338.1,0,0.0,76430553.75
2025-08-01 09:51:19 AM,339.55,0,0.0,76430553.75
2025-08-01 09:51:19 AM,340.0,375,127500.0,76558053.75
2025-08-01 09:51:20 AM,339.55,0,0.0,76558053.75
2025-08-01 09:51:21 AM,339.7,0,0.0,76558053.75
2025-08-01 09:51:21 AM,339.7,675,229297.5,76787351.25
2025-08-01 09:51:22 AM,338.75,0,0.0,76787351.25
2025-08-01 09:51:22 AM,338.75,75,25406.25,76812757.5
2025-08-01 09:51:30 AM,338.35,0,0.0,76812757.5
2025-08-01 09:51:31 AM,338.35,150,50752.5,76863510.0
2025-08-01 09:51:32 AM,335.4,0,0.0,76863510.0
2025-08-01 09:51:32 AM,335.4,75,25155.0,76888665.0
2025-08-01 09:51:35 AM,333.7,0,0.0,76888665.0
2025-08-01 09:51:35 AM,333.7,75,25027.5,76913692.5
2025-08-01 09:51:36 AM,334.5,0,0.0,76913692.5
2025-08-01 09:51:36 AM,334.5,75,25087.5,76938780.0
2025-08-01 09:51:37 AM,334.55,0,0.0,76938780.0
2025-08-01 09:51:37 AM,334.55,225,75273.75,77014053.75
2025-08-01 09:51:37 AM,333.65,0,0.0,77014053.75
2025-08-01 09:51:37 AM,333.65,75,25023.75,77039077.5
2025-08-01 09:51:42 AM,332.8,0,0.0,77039077.5
2025-08-01 09:51:42 AM,332.8,75,24960.0,77064037.5
2025-08-01 09:51:43 AM,333.15,0,0.0,77064037.5
2025-08-01 09:51:44 AM,333.15,75,24986.25,77089023.75
2025-08-01 09:51:45 AM,331.4,0,0.0,77089023.75
2025-08-01 09:51:46 AM,331.4,75,24855.0,77113878.75
2025-08-01 09:52:02 AM,330.4,75,24780.0,77138658.75
2025-08-01 09:52:05 AM,329.4,0,0.0,77138658.75
2025-08-01 09:52:05 AM,329.4,75,24705.0,77163363.75
2025-08-01 09:52:10 AM,331.4,0,0.0,77163363.75
2025-08-01 09:52:10 AM,331.4,75,24855.0,77188218.75
2025-08-01 09:52:10 AM,332.0,0,0.0,77188218.75
2025-08-01 09:52:11 AM,332.0,150,49800.0,77238018.75
2025-08-01 09:52:12 AM,332.3,0,0.0,77238018.75
2025-08-01 09:52:12 AM,332.3,750,249225.0,77487243.75
2025-08-01 09:52:13 AM,331.15,0,0.0,77487243.75
2025-08-01 09:52:13 AM,331.15,75,24836.25,77512080.0
2025-08-01 09:52:19 AM,331.05,0,0.0,77512080.0
2025-08-01 09:52:19 AM,331.05,75,24828.75,77536908.75
2025-08-01 09:52:20 AM,329.65,0,0.0,77536908.75
2025-08-01 09:52:20 AM,329.65,75,24723.75,77561632.5
2025-08-01 09:52:24 AM,330.0,0,0.0,77561632.5
2025-08-01 09:52:25 AM,330.0,75,24750.0,77586382.5
2025-08-01 09:52:35 AM,330.0,75,24750.0,77611132.5
2025-08-01 09:52:45 AM,332.0,0,0.0,77611132.5
2025-08-01 09:52:45 AM,332.0,225,74700.0,77685832.5
2025-08-01 09:52:52 AM,329.8,0,0.0,77685832.5
2025-08-01 09:52:53 AM,329.8,75,24735.0,77710567.5
2025-08-01 09:52:53 AM,330.0,0,0.0,77710567.5
2025-08-01 09:52:53 AM,330.0,75,24750.0,77735317.5
2025-08-01 09:53:01 AM,329.5,75,24712.5,77760030.0
2025-08-01 09:53:01 AM,329.85,0,0.0,77760030.0
2025-08-01 09:53:02 AM,329.85,75,24738.75,77784768.75
2025-08-01 09:53:02 AM,332.0,0,0.0,77784768.75
2025-08-01 09:53:03 AM,332.0,1275,423300.0,78208068.75
2025-08-01 09:53:06 AM,332.0,75,24900.0,78232968.75
2025-08-01 09:53:08 AM,332.0,2925,971100.0,79204068.75
2025-08-01 09:53:10 AM,329.8,0,0.0,79204068.75
2025-08-01 09:53:10 AM,329.8,75,24735.0,79228803.75
2025-08-01 09:53:11 AM,329.5,0,0.0,79228803.75
2025-08-01 09:53:11 AM,329.5,150,49425.0,79278228.75
2025-08-01 09:53:12 AM,329.0,75,24675.0,79302903.75
2025-08-01 09:53:14 AM,328.0,0,0.0,79302903.75
2025-08-01 09:53:15 AM,328.0,300,98400.0,79401303.75
2025-08-01 09:53:18 AM,325.65,75,24423.75,79425727.5
2025-08-01 09:53:23 AM,323.85,0,0.0,79425727.5
2025-08-01 09:53:23 AM,323.85,225,72866.25,79498593.75
2025-08-01 09:53:24 AM,323.8,0,0.0,79498593.75
2025-08-01 09:53:25 AM,323.8,750,242850.0,79741443.75
2025-08-01 09:53:25 AM,325.05,0,0.0,79741443.75
2025-08-01 09:53:26 AM,325.05,75,24378.75,79765822.5
2025-08-01 09:53:33 AM,325.65,0,0.0,79765822.5
2025-08-01 09:53:33 AM,325.65,75,24423.75,79790246.25
2025-08-01 09:53:38 AM,326.9,225,73552.5,79863798.75
2025-08-01 09:53:40 AM,325.4,0,0.0,79863798.75
2025-08-01 09:53:41 AM,325.4,75,24405.0,79888203.75
2025-08-01 09:53:53 AM,324.5,0,0.0,79888203.75
2025-08-01 09:53:54 AM,324.5,75,24337.5,79912541.25
2025-08-01 09:53:55 AM,322.2,0,0.0,79912541.25
2025-08-01 09:53:56 AM,322.5,750,241875.0,80154416.25
2025-08-01 09:54:05 AM,323.35,0,0.0,80154416.25
2025-08-01 09:54:06 AM,323.35,75,24251.25,80178667.5
2025-08-01 09:54:17 AM,321.0,0,0.0,80178667.5
2025-08-01 09:54:17 AM,321.0,75,24075.0,80202742.5
2025-08-01 09:54:23 AM,318.0,75,23850.0,80226592.5
2025-08-01 09:54:24 AM,318.0,300,95400.0,80321992.5
2025-08-01 09:54:24 AM,318.2,0,0.0,80321992.5
2025-08-01 09:54:24 AM,318.2,75,23865.0,80345857.5
2025-08-01 09:54:29 AM,317.65,0,0.0,80345857.5
2025-08-01 09:54:29 AM,317.65,75,23823.75,80369681.25
2025-08-01 09:54:31 AM,318.4,75,23880.0,80393561.25
2025-08-01 09:54:32 AM,319.5,225,71887.5,80465448.75
2025-08-01 09:54:34 AM,321.0,0,0.0,80465448.75
2025-08-01 09:54:34 AM,321.0,75,24075.0,80489523.75
2025-08-01 09:54:38 AM,319.2,0,0.0,80489523.75
2025-08-01 09:54:38 AM,319.2,225,71820.0,80561343.75
2025-08-01 09:54:41 AM,319.2,75,23940.0,80585283.75
2025-08-01 09:54:47 AM,318.45,0,0.0,80585283.75
2025-08-01 09:54:47 AM,318.45,75,23883.75,80609167.5
2025-08-01 09:54:57 AM,321.7,0,0.0,80609167.5
2025-08-01 09:54:57 AM,321.7,225,72382.5,80681550.0
2025-08-01 09:55:03 AM,321.3,0,0.0,80681550.0
2025-08-01 09:55:04 AM,321.3,75,24097.5,80705647.5
2025-08-01 09:55:11 AM,323.35,0,0.0,80705647.5
2025-08-01 09:55:11 AM,323.65,0,0.0,80705647.5
2025-08-01 09:55:11 AM,323.65,150,48547.5,80754195.0
2025-08-01 09:55:26 AM,319.25,0,0.0,80754195.0
2025-08-01 09:55:26 AM,319.25,225,71831.25,80826026.25
2025-08-01 09:55:31 AM,319.85,0,0.0,80826026.25
2025-08-01 09:55:31 AM,319.85,75,23988.75,80850015.0
2025-08-01 09:55:34 AM,316.7,0,0.0,80850015.0
2025-08-01 09:55:35 AM,316.7,525,166267.5,81016282.5
2025-08-01 09:55:36 AM,317.5,0,0.0,81016282.5
2025-08-01 09:55:36 AM,317.5,225,71437.5,81087720.0
2025-08-01 09:55:58 AM,319.35,300,95805.0,81183525.0
2025-08-01 09:56:10 AM,321.45,0,0.0,81183525.0
2025-08-01 09:56:10 AM,321.45,225,72326.25,81255851.25
2025-08-01 09:56:18 AM,323.55,0,0.0,81255851.25
2025-08-01 09:56:18 AM,323.55,75,24266.25,81280117.5
2025-08-01 09:56:27 AM,323.0,0,0.0,81280117.5
2025-08-01 09:56:27 AM,323.0,75,24225.0,81304342.5
2025-08-01 09:56:28 AM,321.9,300,96570.0,81400912.5
2025-08-01 09:56:30 AM,322.6,0,0.0,81400912.5
2025-08-01 09:56:30 AM,322.6,75,24195.0,81425107.5
2025-08-01 09:56:34 AM,323.2,0,0.0,81425107.5
2025-08-01 09:56:35 AM,323.2,75,24240.0,81449347.5
2025-08-01 09:56:37 AM,321.0,0,0.0,81449347.5
2025-08-01 09:56:38 AM,321.0,150,48150.0,81497497.5
2025-08-01 09:56:42 AM,317.5,150,47625.0,81545122.5
2025-08-01 09:56:46 AM,314.05,0,0.0,81545122.5
2025-08-01 09:56:46 AM,314.05,375,117768.75,81662891.25
2025-08-01 09:56:56 AM,316.6,0,0.0,81662891.25
2025-08-01 09:56:57 AM,316.6,150,47490.0,81710381.25
2025-08-01 09:56:59 AM,313.0,0,0.0,81710381.25
2025-08-01 09:56:59 AM,313.0,300,93900.0,81804281.25
2025-08-01 09:57:02 AM,315.5,150,47325.0,81851606.25
2025-08-01 09:57:07 AM,315.7,0,0.0,81851606.25
2025-08-01 09:57:07 AM,315.7,150,47355.0,81898961.25
2025-08-01 09:57:08 AM,316.25,0,0.0,81898961.25
2025-08-01 09:57:08 AM,316.25,75,23718.75,81922680.0
2025-08-01 09:57:12 AM,315.1,0,0.0,81922680.0
2025-08-01 09:57:13 AM,315.1,375,118162.50000000001,82040842.5
2025-08-01 09:57:20 AM,317.05,75,23778.75,82064621.25
2025-08-01 09:57:31 AM,313.0,0,0.0,82064621.25
2025-08-01 09:57:31 AM,311.0,0,0.0,82064621.25
2025-08-01 09:57:31 AM,311.0,450,139950.0,82204571.25
2025-08-01 09:57:40 AM,315.45,0,0.0,82204571.25
2025-08-01 09:57:40 AM,315.45,75,23658.75,82228230.0
2025-08-01 09:57:46 AM,315.15,0,0.0,82228230.0
2025-08-01 09:57:46 AM,315.15,75,23636.25,82251866.25
2025-08-01 09:57:50 AM,316.8,0,0.0,82251866.25
2025-08-01 09:57:51 AM,316.8,75,23760.0,82275626.25
2025-08-01 09:57:57 AM,315.7,0,0.0,82275626.25
2025-08-01 09:57:57 AM,315.7,75,23677.5,82299303.75
2025-08-01 09:57:58 AM,313.85,0,0.0,82299303.75
2025-08-01 09:57:58 AM,313.85,300,94155.0,82393458.75
2025-08-01 09:58:00 AM,313.6,0,0.0,82393458.75
2025-08-01 09:58:01 AM,313.0,1875,586875.0,82980333.75
2025-08-01 09:58:04 AM,312.55,0,0.0,82980333.75
2025-08-01 09:58:05 AM,312.55,75,23441.25,83003775.0
2025-08-01 09:58:05 AM,312.0,0,0.0,83003775.0
2025-08-01 09:58:06 AM,312.0,1800,561600.0,83565375.0
2025-08-01 09:58:06 AM,311.0,0,0.0,83565375.0
2025-08-01 09:58:07 AM,311.0,75,23325.0,83588700.0
2025-08-01 09:58:10 AM,311.9,0,0.0,83588700.0
2025-08-01 09:58:11 AM,311.9,1800,561420.0,84150120.0
2025-08-01 09:58:15 AM,310.8,0,0.0,84150120.0
2025-08-01 09:58:15 AM,311.35,2100,653835.0,84803955.0
2025-08-01 09:58:16 AM,312.05,0,0.0,84803955.0
2025-08-01 09:58:17 AM,312.05,75,23403.75,84827358.75
2025-08-01 09:58:18 AM,310.0,0,0.0,84827358.75
2025-08-01 09:58:18 AM,310.0,225,69750.0,84897108.75
2025-08-01 09:58:20 AM,311.8,0,0.0,84897108.75
2025-08-01 09:58:20 AM,311.8,1275,397545.0,85294653.75
2025-08-01 09:58:26 AM,311.5,0,0.0,85294653.75
2025-08-01 09:58:27 AM,311.5,75,23362.5,85318016.25
2025-08-01 09:58:27 AM,311.5,75,23362.5,85341378.75
2025-08-01 09:58:30 AM,313.15,0,0.0,85341378.75
2025-08-01 09:58:30 AM,313.15,300,93945.0,85435323.75
2025-08-01 09:58:35 AM,313.15,75,23486.25,85458810.0
2025-08-01 09:58:36 AM,312.25,0,0.0,85458810.0
2025-08-01 09:58:36 AM,312.85,0,0.0,85458810.0
2025-08-01 09:58:37 AM,312.85,150,46927.5,85505737.5
2025-08-01 09:58:37 AM,312.05,0,0.0,85505737.5
2025-08-01 09:58:37 AM,312.05,375,117018.75,85622756.25
2025-08-01 09:58:44 AM,314.65,0,0.0,85622756.25
2025-08-01 09:58:44 AM,314.65,225,70796.25,85693552.5
2025-08-01 09:58:46 AM,315.9,0,0.0,85693552.5
2025-08-01 09:58:47 AM,315.9,75,23692.5,85717245.0
2025-08-01 09:58:49 AM,314.65,0,0.0,85717245.0
2025-08-01 09:58:50 AM,314.65,75,23598.75,85740843.75
2025-08-01 09:58:58 AM,312.4,0,0.0,85740843.75
2025-08-01 09:58:58 AM,312.4,75,23430.0,85764273.75
2025-08-01 09:59:13 AM,313.55,0,0.0,85764273.75
2025-08-01 09:59:14 AM,313.55,75,23516.25,85787790.0
2025-08-01 09:59:14 AM,313.9,0,0.0,85787790.0
2025-08-01 09:59:15 AM,313.9,75,23542.5,85811332.5
2025-08-01 09:59:20 AM,314.5,0,0.0,85811332.5
2025-08-01 09:59:20 AM,314.5,75,23587.5,85834920.0
2025-08-01 09:59:25 AM,318.0,75,23850.0,85858770.0
2025-08-01 09:59:31 AM,317.4,0,0.0,85858770.0
2025-08-01 09:59:31 AM,317.1,0,0.0,85858770.0
2025-08-01 09:59:32 AM,317.1,225,71347.5,85930117.5
2025-08-01 09:59:33 AM,317.7,0,0.0,85930117.5
2025-08-01 09:59:33 AM,317.7,75,23827.5,85953945.0
2025-08-01 09:59:40 AM,319.0,0,0.0,85953945.0
2025-08-01 09:59:40 AM,319.0,75,23925.0,85977870.0
2025-08-01 09:59:41 AM,319.5,0,0.0,85977870.0
2025-08-01 09:59:42 AM,319.5,75,23962.5,86001832.5
2025-08-01 09:59:47 AM,317.5,0,0.0,86001832.5
2025-08-01 09:59:47 AM,317.5,75,23812.5,86025645.0
2025-08-01 10:00:01 AM,315.9,0,0.0,86025645.0
2025-08-01 10:00:02 AM,315.9,75,23692.5,86049337.5
2025-08-01 10:00:07 AM,312.0,0,0.0,86049337.5
2025-08-01 10:00:07 AM,312.0,75,23400.0,86072737.5
2025-08-01 10:00:08 AM,309.5,0,0.0,86072737.5
2025-08-01 10:00:09 AM,309.5,300,92850.0,86165587.5
2025-08-01 10:00:09 AM,310.0,0,0.0,86165587.5
2025-08-01 10:00:10 AM,310.0,150,46500.0,86212087.5
2025-08-01 10:00:14 AM,309.15,0,0.0,86212087.5
2025-08-01 10:00:15 AM,308.9,300,92670.0,86304757.5
2025-08-01 10:00:16 AM,308.7,0,0.0,86304757.5
2025-08-01 10:00:17 AM,308.7,150,46305.0,86351062.5
2025-08-01 10:00:17 AM,309.7,0,0.0,86351062.5
2025-08-01 10:00:18 AM,309.7,75,23227.5,86374290.0
2025-08-01 10:00:29 AM,311.9,0,0.0,86374290.0
2025-08-01 10:00:30 AM,311.9,75,23392.5,86397682.5
2025-08-01 10:00:31 AM,310.65,0,0.0,86397682.5
2025-08-01 10:00:32 AM,310.65,75,23298.75,86420981.25
2025-08-01 10:00:50 AM,309.95,0,0.0,86420981.25
2025-08-01 10:00:50 AM,309.95,150,46492.5,86467473.75
2025-08-01 10:00:56 AM,314.25,0,0.0,86467473.75
2025-08-01 10:00:57 AM,314.25,225,70706.25,86538180.0
2025-08-01 10:00:59 AM,315.15,0,0.0,86538180.0
2025-08-01 10:01:00 AM,315.15,75,23636.25,86561816.25
2025-08-01 10:01:03 AM,314.65,0,0.0,86561816.25
2025-08-01 10:01:03 AM,315.4,0,0.0,86561816.25
2025-08-01 10:01:03 AM,315.4,2625,827924.9999999999,87389741.25
2025-08-01 10:01:05 AM,315.7,0,0.0,87389741.25
2025-08-01 10:01:07 AM,315.7,75,23677.5,87413418.75
2025-08-01 10:01:08 AM,318.0,0,0.0,87413418.75
2025-08-01 10:01:08 AM,318.0,150,47700.0,87461118.75
2025-08-01 10:01:09 AM,317.55,0,0.0,87461118.75
2025-08-01 10:01:09 AM,317.55,75,23816.25,87484935.0
2025-08-01 10:01:17 AM,316.1,0,0.0,87484935.0
2025-08-01 10:01:17 AM,316.1,75,23707.5,87508642.5
2025-08-01 10:01:21 AM,315.8,0,0.0,87508642.5
2025-08-01 10:01:21 AM,315.8,150,47370.0,87556012.5
2025-08-01 10:01:33 AM,315.6,0,0.0,87556012.5
2025-08-01 10:01:34 AM,315.6,75,23670.0,87579682.5
2025-08-01 10:01:36 AM,315.6,225,71010.0,87650692.5
2025-08-01 10:01:56 AM,320.95,75,24071.25,87674763.75
2025-08-01 10:01:58 AM,321.9,750,241424.99999999997,87916188.75
2025-08-01 10:01:59 AM,322.25,0,0.0,87916188.75
2025-08-01 10:01:59 AM,322.25,75,24168.75,87940357.5
2025-08-01 10:02:00 AM,323.15,75,24236.25,87964593.75
2025-08-01 10:02:01 AM,322.65,150,48397.5,88012991.25
2025-08-01 10:02:03 AM,322.4,0,0.0,88012991.25
2025-08-01 10:02:03 AM,322.4,225,72540.0,88085531.25
2025-08-01 10:02:04 AM,322.0,0,0.0,88085531.25
2025-08-01 10:02:04 AM,322.0,75,24150.0,88109681.25
2025-08-01 10:02:10 AM,321.6,0,0.0,88109681.25
2025-08-01 10:02:11 AM,321.4,0,0.0,88109681.25
2025-08-01 10:02:11 AM,321.4,150,48210.0,88157891.25
2025-08-01 10:02:12 AM,322.3,0,0.0,88157891.25
2025-08-01 10:02:13 AM,322.3,600,193380.0,88351271.25
2025-08-01 10:02:14 AM,321.1,0,0.0,88351271.25
2025-08-01 10:02:14 AM,321.1,75,24082.5,88375353.75
2025-08-01 10:02:22 AM,322.25,0,0.0,88375353.75
2025-08-01 10:02:23 AM,322.25,225,72506.25,88447860.0
2025-08-01 10:02:25 AM,324.0,0,0.0,88447860.0
2025-08-01 10:02:26 AM,324.5,0,0.0,88447860.0
2025-08-01 10:02:26 AM,324.5,375,121687.5,88569547.5
2025-08-01 10:02:27 AM,325.05,0,0.0,88569547.5
2025-08-01 10:02:28 AM,325.05,75,24378.75,88593926.25
2025-08-01 10:02:29 AM,325.45,0,0.0,88593926.25
2025-08-01 10:02:30 AM,325.45,75,24408.75,88618335.0
2025-08-01 10:02:33 AM,324.65,0,0.0,88618335.0
2025-08-01 10:02:34 AM,324.65,75,24348.75,88642683.75
2025-08-01 10:02:37 AM,323.3,0,0.0,88642683.75
2025-08-01 10:02:37 AM,323.8,0,0.0,88642683.75
2025-08-01 10:02:38 AM,323.8,225,72855.0,88715538.75
2025-08-01 10:02:42 AM,324.1,0,0.0,88715538.75
2025-08-01 10:02:43 AM,324.1,150,48615.0,88764153.75
2025-08-01 10:02:59 AM,324.45,0,0.0,88764153.75
2025-08-01 10:02:59 AM,324.45,75,24333.75,88788487.5
2025-08-01 10:03:00 AM,324.75,0,0.0,88788487.5
2025-08-01 10:03:00 AM,324.0,0,0.0,88788487.5
2025-08-01 10:03:00 AM,324.0,225,72900.0,88861387.5
2025-08-01 10:03:03 AM,323.85,0,0.0,88861387.5
2025-08-01 10:03:03 AM,323.85,75,24288.75,88885676.25
2025-08-01 10:03:19 AM,329.95,0,0.0,88885676.25
2025-08-01 10:03:19 AM,329.95,75,24746.25,88910422.5
2025-08-01 10:03:24 AM,332.6,0,0.0,88910422.5
2025-08-01 10:03:24 AM,335.8,0,0.0,88910422.5
2025-08-01 10:03:24 AM,335.8,1650,554070.0,89464492.5
2025-08-01 10:03:26 AM,336.9,0,0.0,89464492.5
2025-08-01 10:03:26 AM,336.9,375,126337.49999999999,89590830.0
2025-08-01 10:03:28 AM,335.95,0,0.0,89590830.0
2025-08-01 10:03:28 AM,335.95,75,25196.25,89616026.25
2025-08-01 10:03:28 AM,335.85,0,0.0,89616026.25
2025-08-01 10:03:28 AM,335.85,75,25188.75,89641215.0
2025-08-01 10:03:30 AM,335.25,0,0.0,89641215.0
2025-08-01 10:03:31 AM,333.6,0,0.0,89641215.0
2025-08-01 10:03:31 AM,333.6,150,50040.0,89691255.0
2025-08-01 10:03:32 AM,335.55,0,0.0,89691255.0
2025-08-01 10:03:33 AM,335.55,150,50332.5,89741587.5
2025-08-01 10:03:34 AM,335.8,0,0.0,89741587.5
2025-08-01 10:03:34 AM,335.8,300,100740.0,89842327.5
2025-08-01 10:03:35 AM,337.15,0,0.0,89842327.5
2025-08-01 10:03:35 AM,337.15,75,25286.25,89867613.75
2025-08-01 10:03:35 AM,336.0,0,0.0,89867613.75
2025-08-01 10:03:36 AM,336.75,225,75768.75,89943382.5
2025-08-01 10:03:36 AM,337.45,0,0.0,89943382.5
2025-08-01 10:03:36 AM,338.4,1875,634500.0,90577882.5
2025-08-01 10:03:37 AM,338.8,0,0.0,90577882.5
2025-08-01 10:03:38 AM,338.8,600,203280.0,90781162.5
2025-08-01 10:03:39 AM,339.9,0,0.0,90781162.5
2025-08-01 10:03:39 AM,339.9,225,76477.5,90857640.0
2025-08-01 10:03:40 AM,340.75,0,0.0,90857640.0
2025-08-01 10:03:40 AM,340.75,300,102225.0,90959865.0
2025-08-01 10:03:41 AM,340.3,150,51045.0,91010910.0
2025-08-01 10:03:43 AM,341.95,0,0.0,91010910.0
2025-08-01 10:03:43 AM,341.95,75,25646.25,91036556.25
2025-08-01 10:03:43 AM,342.4,0,0.0,91036556.25
2025-08-01 10:03:43 AM,343.2,375,128700.0,91165256.25
2025-08-01 10:03:44 AM,343.45,0,0.0,91165256.25
2025-08-01 10:03:44 AM,343.45,75,25758.75,91191015.0
2025-08-01 10:03:45 AM,342.35,75,25676.25,91216691.25
2025-08-01 10:03:47 AM,341.45,0,0.0,91216691.25
2025-08-01 10:03:48 AM,341.45,150,51217.5,91267908.75
2025-08-01 10:03:49 AM,342.65,225,77096.25,91345005.0
2025-08-01 10:03:50 AM,340.4,150,51060.0,91396065.0
2025-08-01 10:03:58 AM,341.05,75,25578.75,91421643.75
2025-08-01 10:04:07 AM,336.3,0,0.0,91421643.75
2025-08-01 10:04:07 AM,335.45,0,0.0,91421643.75
2025-08-01 10:04:08 AM,335.45,2625,880556.25,92302200.0
2025-08-01 10:04:08 AM,337.55,0,0.0,92302200.0
2025-08-01 10:04:08 AM,337.55,75,25316.25,92327516.25
2025-08-01 10:04:19 AM,337.6,0,0.0,92327516.25
2025-08-01 10:04:20 AM,337.6,75,25320.0,92352836.25
2025-08-01 10:04:35 AM,337.8,0,0.0,92352836.25
2025-08-01 10:04:36 AM,337.8,75,25335.0,92378171.25
2025-08-01 10:04:44 AM,339.6,0,0.0,92378171.25
2025-08-01 10:04:45 AM,339.6,225,76410.0,92454581.25
2025-08-01 10:04:46 AM,341.0,0,0.0,92454581.25
2025-08-01 10:04:47 AM,341.0,75,25575.0,92480156.25
2025-08-01 10:04:53 AM,337.8,75,25335.0,92505491.25
2025-08-01 10:04:55 AM,337.6,0,0.0,92505491.25
2025-08-01 10:04:56 AM,339.6,8925,3030930.0,95536421.25
2025-08-01 10:05:00 AM,338.9,0,0.0,95536421.25
2025-08-01 10:05:00 AM,338.9,450,152505.0,95688926.25
2025-08-01 10:05:05 AM,340.5,0,0.0,95688926.25
2025-08-01 10:05:06 AM,340.8,225,76680.0,95765606.25
2025-08-01 10:05:06 AM,341.4,0,0.0,95765606.25
2025-08-01 10:05:07 AM,341.4,150,51210.0,95816816.25
2025-08-01 10:05:07 AM,341.25,0,0.0,95816816.25
2025-08-01 10:05:08 AM,341.25,150,51187.5,95868003.75
2025-08-01 10:05:10 AM,339.75,0,0.0,95868003.75
2025-08-01 10:05:10 AM,339.75,75,25481.25,95893485.0
2025-08-01 10:05:12 AM,338.9,0,0.0,95893485.0
2025-08-01 10:05:13 AM,338.9,75,25417.5,95918902.5
2025-08-01 10:05:14 AM,335.0,0,0.0,95918902.5
2025-08-01 10:05:14 AM,332.2,0,0.0,95918902.5
2025-08-01 10:05:14 AM,332.2,300,99660.0,96018562.5
2025-08-01 10:05:22 AM,331.5,0,0.0,96018562.5
2025-08-01 10:05:23 AM,331.5,75,24862.5,96043425.0
2025-08-01 10:05:23 AM,330.45,0,0.0,96043425.0
2025-08-01 10:05:23 AM,330.45,75,24783.75,96068208.75
2025-08-01 10:05:29 AM,332.25,0,0.0,96068208.75
2025-08-01 10:05:29 AM,332.25,75,24918.75,96093127.5
2025-08-01 10:05:36 AM,334.75,75,25106.25,96118233.75
2025-08-01 10:06:19 AM,333.9,0,0.0,96118233.75
2025-08-01 10:06:19 AM,333.9,75,25042.5,96143276.25
2025-08-01 10:06:26 AM,331.45,0,0.0,96143276.25
2025-08-01 10:06:26 AM,331.45,300,99435.0,96242711.25
2025-08-01 10:06:27 AM,329.45,0,0.0,96242711.25
2025-08-01 10:06:28 AM,329.45,450,148252.5,96390963.75
2025-08-01 10:06:39 AM,332.7,0,0.0,96390963.75
2025-08-01 10:06:40 AM,332.7,150,49905.0,96440868.75
2025-08-01 10:06:53 AM,333.65,0,0.0,96440868.75
2025-08-01 10:06:55 AM,333.65,75,25023.75,96465892.5
2025-08-01 10:07:07 AM,330.35,75,24776.25,96490668.75
2025-08-01 10:07:30 AM,338.4,0,0.0,96490668.75
2025-08-01 10:07:31 AM,338.4,150,50760.0,96541428.75
2025-08-01 10:07:38 AM,336.85,0,0.0,96541428.75
2025-08-01 10:07:39 AM,336.85,75,25263.75,96566692.5
2025-08-01 10:07:53 AM,330.3,75,24772.5,96591465.0
2025-08-01 10:08:01 AM,328.65,0,0.0,96591465.0
2025-08-01 10:08:01 AM,328.65,75,24648.75,96616113.75
2025-08-01 10:08:05 AM,329.05,0,0.0,96616113.75
2025-08-01 10:08:06 AM,329.05,75,24678.75,96640792.5
2025-08-01 10:08:06 AM,330.3,0,0.0,96640792.5
2025-08-01 10:08:06 AM,330.3,75,24772.5,96665565.0
2025-08-01 10:08:11 AM,331.35,0,0.0,96665565.0
2025-08-01 10:08:11 AM,331.35,75,24851.25,96690416.25
2025-08-01 10:08:20 AM,330.95,0,0.0,96690416.25
2025-08-01 10:08:21 AM,330.95,75,24821.25,96715237.5
2025-08-01 10:08:23 AM,330.45,0,0.0,96715237.5
2025-08-01 10:08:24 AM,330.45,150,49567.5,96764805.0
2025-08-01 10:08:26 AM,333.6,0,0.0,96764805.0
2025-08-01 10:08:26 AM,333.6,75,25020.0,96789825.0
2025-08-01 10:08:41 AM,332.25,0,0.0,96789825.0
2025-08-01 10:08:41 AM,332.25,75,24918.75,96814743.75
2025-08-01 10:08:59 AM,330.7,0,0.0,96814743.75
2025-08-01 10:08:59 AM,330.7,450,148815.0,96963558.75
2025-08-01 10:09:00 AM,330.8,0,0.0,96963558.75
2025-08-01 10:09:00 AM,330.8,75,24810.0,96988368.75
2025-08-01 10:09:19 AM,340.0,0,0.0,96988368.75
2025-08-01 10:09:19 AM,340.0,75,25500.0,97013868.75
2025-08-01 10:09:49 AM,338.8,0,0.0,97013868.75
2025-08-01 10:09:49 AM,338.8,150,50820.0,97064688.75
2025-08-01 10:09:55 AM,342.05,0,0.0,97064688.75
2025-08-01 10:09:56 AM,342.05,75,25653.75,97090342.5
2025-08-01 10:09:57 AM,343.7,0,0.0,97090342.5
2025-08-01 10:09:58 AM,343.7,375,128887.5,97219230.0
2025-08-01 10:10:01 AM,337.95,0,0.0,97219230.0
2025-08-01 10:10:01 AM,337.95,675,228116.25,97447346.25
2025-08-01 10:10:10 AM,338.0,0,0.0,97447346.25
2025-08-01 10:10:10 AM,338.0,75,25350.0,97472696.25
2025-08-01 10:10:11 AM,338.4,0,0.0,97472696.25
2025-08-01 10:10:11 AM,338.4,600,203040.0,97675736.25
2025-08-01 10:10:14 AM,336.75,0,0.0,97675736.25
2025-08-01 10:10:14 AM,336.75,300,101025.0,97776761.25
2025-08-01 10:10:17 AM,336.35,0,0.0,97776761.25
2025-08-01 10:10:18 AM,336.35,75,25226.25,97801987.5
2025-08-01 10:10:40 AM,345.2,0,0.0,97801987.5
2025-08-01 10:10:41 AM,347.65,0,0.0,97801987.5
2025-08-01 10:10:41 AM,347.65,675,234663.74999999997,98036651.25
2025-08-01 10:10:42 AM,348.0,0,0.0,98036651.25
2025-08-01 10:10:43 AM,348.0,75,26100.0,98062751.25
2025-08-01 10:10:44 AM,343.9,0,0.0,98062751.25
2025-08-01 10:10:44 AM,343.9,75,25792.5,98088543.75
2025-08-01 10:10:48 AM,346.55,0,0.0,98088543.75
2025-08-01 10:10:49 AM,347.4,0,0.0,98088543.75
2025-08-01 10:10:49 AM,347.4,150,52110.0,98140653.75
2025-08-01 10:10:53 AM,349.0,0,0.0,98140653.75
2025-08-01 10:10:55 AM,349.0,75,26175.0,98166828.75
2025-08-01 10:10:56 AM,348.5,0,0.0,98166828.75
2025-08-01 10:10:56 AM,348.5,75,26137.5,98192966.25
2025-08-01 10:10:57 AM,350.0,0,0.0,98192966.25
2025-08-01 10:10:58 AM,350.0,150,52500.0,98245466.25
2025-08-01 10:11:02 AM,350.1,0,0.0,98245466.25
2025-08-01 10:11:03 AM,351.45,0,0.0,98245466.25
2025-08-01 10:11:03 AM,351.45,225,79076.25,98324542.5
2025-08-01 10:11:04 AM,352.0,0,0.0,98324542.5
2025-08-01 10:11:05 AM,352.0,225,79200.0,98403742.5
2025-08-01 10:11:05 AM,348.25,0,0.0,98403742.5
2025-08-01 10:11:05 AM,348.25,75,26118.75,98429861.25
2025-08-01 10:11:05 AM,348.4,0,0.0,98429861.25
2025-08-01 10:11:06 AM,348.4,75,26130.0,98455991.25
2025-08-01 10:11:06 AM,346.95,0,0.0,98455991.25
2025-08-01 10:11:07 AM,346.95,75,26021.25,98482012.5
2025-08-01 10:11:08 AM,348.0,0,0.0,98482012.5
2025-08-01 10:11:08 AM,348.0,150,52200.0,98534212.5
2025-08-01 10:11:08 AM,348.65,0,0.0,98534212.5
2025-08-01 10:11:10 AM,348.65,300,104595.0,98638807.5
2025-08-01 10:11:10 AM,348.35,0,0.0,98638807.5
2025-08-01 10:11:10 AM,348.35,600,209010.0,98847817.5
2025-08-01 10:11:18 AM,348.75,0,0.0,98847817.5
2025-08-01 10:11:20 AM,348.75,75,26156.25,98873973.75
2025-08-01 10:11:26 AM,346.2,0,0.0,98873973.75
2025-08-01 10:11:28 AM,346.2,150,51930.0,98925903.75
2025-08-01 10:11:38 AM,349.8,0,0.0,98925903.75
2025-08-01 10:11:40 AM,349.8,300,104940.0,99030843.75
2025-08-01 10:11:45 AM,348.85,75,26163.75,99057007.5
2025-08-01 10:11:46 AM,349.0,0,0.0,99057007.5
2025-08-01 10:11:46 AM,349.0,75,26175.0,99083182.5
2025-08-01 10:11:47 AM,350.5,0,0.0,99083182.5
2025-08-01 10:11:47 AM,351.25,0,0.0,99083182.5
2025-08-01 10:11:48 AM,351.25,225,79031.25,99162213.75
2025-08-01 10:11:52 AM,350.4,0,0.0,99162213.75
2025-08-01 10:11:53 AM,350.4,75,26280.0,99188493.75
2025-08-01 10:11:57 AM,349.35,0,0.0,99188493.75
2025-08-01 10:11:58 AM,349.35,75,26201.25,99214695.0
2025-08-01 10:12:15 AM,349.1,0,0.0,99214695.0
2025-08-01 10:12:16 AM,349.1,450,157095.0,99371790.0
2025-08-01 10:12:19 AM,348.85,0,0.0,99371790.0
2025-08-01 10:12:19 AM,348.85,225,78491.25,99450281.25
2025-08-01 10:12:26 AM,350.0,0,0.0,99450281.25
2025-08-01 10:12:26 AM,352.0,150,52800.0,99503081.25
2025-08-01 10:12:29 AM,352.0,75,26400.0,99529481.25
2025-08-01 10:12:33 AM,353.55,0,0.0,99529481.25
2025-08-01 10:12:33 AM,353.55,525,185613.75,99715095.0
2025-08-01 10:12:39 AM,352.55,0,0.0,99715095.0
2025-08-01 10:12:39 AM,352.85,225,79391.25,99794486.25
2025-08-01 10:12:40 AM,353.9,0,0.0,99794486.25
2025-08-01 10:12:41 AM,353.9,75,26542.5,99821028.75
2025-08-01 10:12:41 AM,354.95,75,26621.25,99847650.0
2025-08-01 10:12:42 AM,354.3,0,0.0,99847650.0
2025-08-01 10:12:43 AM,354.3,525,186007.5,100033657.5
2025-08-01 10:12:43 AM,354.8,5400,1915920.0,101949577.5
2025-08-01 10:12:45 AM,353.25,300,105975.0,102055552.5
2025-08-01 10:12:45 AM,353.45,0,0.0,102055552.5
2025-08-01 10:12:46 AM,353.45,75,26508.75,102082061.25
2025-08-01 10:12:52 AM,355.0,0,0.0,102082061.25
2025-08-01 10:12:53 AM,355.0,75,26625.0,102108686.25
2025-08-01 10:12:53 AM,353.5,0,0.0,102108686.25
2025-08-01 10:12:54 AM,353.25,0,0.0,102108686.25
2025-08-01 10:12:54 AM,353.25,300,105975.0,102214661.25
2025-08-01 10:12:56 AM,353.95,0,0.0,102214661.25
2025-08-01 10:12:57 AM,353.85,0,0.0,102214661.25
2025-08-01 10:12:58 AM,353.85,225,79616.25,102294277.5
2025-08-01 10:12:59 AM,353.9,0,0.0,102294277.5
2025-08-01 10:12:59 AM,353.9,75,26542.5,102320820.0
2025-08-01 10:13:01 AM,351.55,0,0.0,102320820.0
2025-08-01 10:13:01 AM,351.55,75,26366.25,102347186.25
2025-08-01 10:13:01 AM,353.0,75,26475.0,102373661.25
2025-08-01 10:13:04 AM,352.15,0,0.0,102373661.25
2025-08-01 10:13:04 AM,351.2,0,0.0,102373661.25
2025-08-01 10:13:05 AM,351.2,600,210720.0,102584381.25
2025-08-01 10:13:06 AM,350.7,0,0.0,102584381.25
2025-08-01 10:13:06 AM,350.7,75,26302.5,102610683.75
2025-08-01 10:13:15 AM,347.7,0,0.0,102610683.75
2025-08-01 10:13:16 AM,347.7,300,104310.0,102714993.75
2025-08-01 10:13:18 AM,349.9,75,26242.5,102741236.25
2025-08-01 10:13:26 AM,350.35,0,0.0,102741236.25
2025-08-01 10:13:27 AM,350.35,150,52552.5,102793788.75
2025-08-01 10:13:30 AM,353.35,0,0.0,102793788.75
2025-08-01 10:13:31 AM,353.35,75,26501.25,102820290.0
2025-08-01 10:13:33 AM,353.45,0,0.0,102820290.0
2025-08-01 10:13:33 AM,353.45,75,26508.75,102846798.75
2025-08-01 10:13:34 AM,355.25,0,0.0,102846798.75
2025-08-01 10:13:35 AM,356.15,600,213690.0,103060488.75
2025-08-01 10:13:35 AM,356.15,75,26711.25,103087200.0
2025-08-01 10:13:39 AM,353.35,0,0.0,103087200.0
2025-08-01 10:13:40 AM,353.35,150,53002.5,103140202.5
2025-08-01 10:13:45 AM,353.15,0,0.0,103140202.5
2025-08-01 10:13:46 AM,353.15,150,52972.5,103193175.0
2025-08-01 10:13:48 AM,353.4,0,0.0,103193175.0
2025-08-01 10:13:48 AM,353.4,150,53010.0,103246185.0
2025-08-01 10:13:55 AM,354.15,0,0.0,103246185.0
2025-08-01 10:13:55 AM,354.15,375,132806.25,103378991.25
2025-08-01 10:14:05 AM,355.9,0,0.0,103378991.25
2025-08-01 10:14:05 AM,355.9,75,26692.5,103405683.75
2025-08-01 10:14:05 AM,354.05,0,0.0,103405683.75
2025-08-01 10:14:06 AM,354.05,75,26553.75,103432237.5
2025-08-01 10:14:07 AM,353.65,0,0.0,103432237.5
2025-08-01 10:14:08 AM,353.65,900,318285.0,103750522.5
2025-08-01 10:14:08 AM,353.45,0,0.0,103750522.5
2025-08-01 10:14:08 AM,353.45,300,106035.0,103856557.5
2025-08-01 10:14:14 AM,351.65,0,0.0,103856557.5
2025-08-01 10:14:15 AM,351.65,75,26373.75,103882931.25
2025-08-01 10:14:16 AM,352.6,0,0.0,103882931.25
2025-08-01 10:14:16 AM,352.6,75,26445.0,103909376.25
2025-08-01 10:14:17 AM,355.1,0,0.0,103909376.25
2025-08-01 10:14:18 AM,355.1,225,79897.5,103989273.75
2025-08-01 10:14:18 AM,356.6,0,0.0,103989273.75
2025-08-01 10:14:18 AM,356.6,75,26745.0,104016018.75
2025-08-01 10:14:20 AM,355.85,0,0.0,104016018.75
2025-08-01 10:14:21 AM,355.85,150,53377.5,104069396.25
2025-08-01 10:14:23 AM,355.6,0,0.0,104069396.25
2025-08-01 10:14:23 AM,355.6,450,160020.0,104229416.25
2025-08-01 10:14:28 AM,354.75,0,0.0,104229416.25
2025-08-01 10:14:28 AM,354.75,75,26606.25,104256022.5
2025-08-01 10:14:30 AM,351.35,0,0.0,104256022.5
2025-08-01 10:14:30 AM,351.35,225,79053.75,104335076.25
2025-08-01 10:14:31 AM,352.1,0,0.0,104335076.25
2025-08-01 10:14:31 AM,352.1,75,26407.5,104361483.75
2025-08-01 10:14:37 AM,352.4,0,0.0,104361483.75
2025-08-01 10:14:38 AM,352.4,75,26430.0,104387913.75
2025-08-01 10:14:42 AM,351.4,0,0.0,104387913.75
2025-08-01 10:14:43 AM,351.4,75,26355.0,104414268.75
2025-08-01 10:14:46 AM,350.0,0,0.0,104414268.75
2025-08-01 10:14:46 AM,350.0,75,26250.0,104440518.75
2025-08-01 10:14:56 AM,353.0,0,0.0,104440518.75
2025-08-01 10:14:56 AM,353.0,75,26475.0,104466993.75
2025-08-01 10:14:57 AM,355.2,0,0.0,104466993.75
2025-08-01 10:14:58 AM,355.2,75,26640.0,104493633.75
2025-08-01 10:15:00 AM,354.05,0,0.0,104493633.75
2025-08-01 10:15:01 AM,354.05,75,26553.75,104520187.5
2025-08-01 10:15:03 AM,354.85,0,0.0,104520187.5
2025-08-01 10:15:03 AM,354.55,0,0.0,104520187.5
2025-08-01 10:15:03 AM,354.55,225,79773.75,104599961.25
2025-08-01 10:15:08 AM,354.55,75,26591.25,104626552.5
2025-08-01 10:15:10 AM,355.8,0,0.0,104626552.5
2025-08-01 10:15:11 AM,355.8,525,186795.0,104813347.5
2025-08-01 10:15:12 AM,355.05,0,0.0,104813347.5
2025-08-01 10:15:13 AM,353.0,0,0.0,104813347.5
2025-08-01 10:15:13 AM,353.45,0,0.0,104813347.5
2025-08-01 10:15:13 AM,353.45,225,79526.25,104892873.75
2025-08-01 10:15:15 AM,354.55,0,0.0,104892873.75
2025-08-01 10:15:16 AM,354.55,75,26591.25,104919465.0
2025-08-01 10:15:21 AM,352.2,0,0.0,104919465.0
2025-08-01 10:15:21 AM,352.2,75,26415.0,104945880.0
2025-08-01 10:15:35 AM,352.2,525,184905.0,105130785.0
2025-08-01 10:15:35 AM,353.95,0,0.0,105130785.0
2025-08-01 10:15:36 AM,353.4,225,79515.0,105210300.0
2025-08-01 10:15:42 AM,355.0,0,0.0,105210300.0
2025-08-01 10:15:42 AM,355.7,0,0.0,105210300.0
2025-08-01 10:15:43 AM,357.0,0,0.0,105210300.0
2025-08-01 10:15:43 AM,360.05,0,0.0,105210300.0
2025-08-01 10:15:43 AM,358.85,1050,376792.5,105587092.5
2025-08-01 10:15:44 AM,357.5,0,0.0,105587092.5
2025-08-01 10:15:45 AM,357.5,150,53625.0,105640717.5
2025-08-01 10:15:45 AM,358.95,0,0.0,105640717.5
2025-08-01 10:15:45 AM,358.95,300,107685.0,105748402.5
2025-08-01 10:15:46 AM,358.05,0,0.0,105748402.5
2025-08-01 10:15:46 AM,358.05,75,26853.75,105775256.25
2025-08-01 10:15:47 AM,355.9,0,0.0,105775256.25
2025-08-01 10:15:48 AM,355.9,75,26692.5,105801948.75
2025-08-01 10:15:51 AM,355.35,0,0.0,105801948.75
2025-08-01 10:15:51 AM,355.5,0,0.0,105801948.75
2025-08-01 10:15:51 AM,355.5,150,53325.0,105855273.75
2025-08-01 10:15:52 AM,354.75,0,0.0,105855273.75
2025-08-01 10:15:53 AM,354.75,450,159637.5,106014911.25
2025-08-01 10:15:55 AM,354.85,0,0.0,106014911.25
2025-08-01 10:15:56 AM,354.85,75,26613.75,106041525.0
2025-08-01 10:16:03 AM,358.4,0,0.0,106041525.0
2025-08-01 10:16:03 AM,358.4,75,26880.0,106068405.0
2025-08-01 10:16:05 AM,359.55,0,0.0,106068405.0
2025-08-01 10:16:06 AM,358.55,0,0.0,106068405.0
2025-08-01 10:16:06 AM,358.55,450,161347.5,106229752.5
2025-08-01 10:16:07 AM,358.95,0,0.0,106229752.5
2025-08-01 10:16:08 AM,358.95,75,26921.25,106256673.75
2025-08-01 10:16:11 AM,355.7,75,26677.5,106283351.25
2025-08-01 10:16:12 AM,355.35,0,0.0,106283351.25
2025-08-01 10:16:13 AM,355.35,225,79953.75,106363305.0
2025-08-01 10:16:13 AM,354.7,75,26602.5,106389907.5
2025-08-01 10:16:25 AM,353.0,0,0.0,106389907.5
2025-08-01 10:16:25 AM,353.0,75,26475.0,106416382.5
2025-08-01 10:16:26 AM,353.25,0,0.0,106416382.5
2025-08-01 10:16:26 AM,353.25,300,105975.0,106522357.5
2025-08-01 10:16:42 AM,352.85,0,0.0,106522357.5
2025-08-01 10:16:43 AM,352.85,75,26463.75,106548821.25
2025-08-01 10:16:46 AM,351.6,0,0.0,106548821.25
2025-08-01 10:16:46 AM,351.6,900,316440.0,106865261.25
2025-08-01 10:16:59 AM,351.45,0,0.0,106865261.25
2025-08-01 10:17:00 AM,351.45,375,131793.75,106997055.0
2025-08-01 10:17:00 AM,349.9,0,0.0,106997055.0
2025-08-01 10:17:00 AM,349.9,75,26242.5,107023297.5
2025-08-01 10:17:16 AM,349.95,0,0.0,107023297.5
2025-08-01 10:17:16 AM,349.95,150,52492.5,107075790.0
2025-08-01 10:17:41 AM,351.45,0,0.0,107075790.0
2025-08-01 10:17:41 AM,351.45,75,26358.75,107102148.75
2025-08-01 10:17:45 AM,350.9,0,0.0,107102148.75
2025-08-01 10:17:45 AM,350.9,300,105270.0,107207418.75
2025-08-01 10:17:54 AM,349.0,0,0.0,107207418.75
2025-08-01 10:17:54 AM,348.0,0,0.0,107207418.75
2025-08-01 10:17:55 AM,341.6,1650,563640.0,107771058.75
2025-08-01 10:17:57 AM,345.35,0,0.0,107771058.75
2025-08-01 10:17:58 AM,344.4,0,0.0,107771058.75
2025-08-01 10:17:58 AM,344.4,675,232469.99999999997,108003528.75
2025-08-01 10:17:58 AM,346.0,0,0.0,108003528.75
2025-08-01 10:17:58 AM,346.0,225,77850.0,108081378.75
2025-08-01 10:18:18 AM,345.1,0,0.0,108081378.75
2025-08-01 10:18:18 AM,345.1,225,77647.5,108159026.25
2025-08-01 10:18:27 AM,342.3,0,0.0,108159026.25
2025-08-01 10:18:28 AM,341.85,0,0.0,108159026.25
2025-08-01 10:18:28 AM,341.85,1050,358942.5,108517968.75
2025-08-01 10:18:30 AM,341.65,0,0.0,108517968.75
2025-08-01 10:18:30 AM,341.65,300,102495.0,108620463.75
2025-08-01 10:18:39 AM,345.75,0,0.0,108620463.75
2025-08-01 10:18:39 AM,345.75,75,25931.25,108646395.0
2025-08-01 10:18:44 AM,347.3,0,0.0,108646395.0
2025-08-01 10:18:44 AM,347.3,75,26047.5,108672442.5
2025-08-01 10:18:45 AM,347.6,0,0.0,108672442.5
2025-08-01 10:18:46 AM,347.6,75,26070.0,108698512.5
2025-08-01 10:18:52 AM,347.05,0,0.0,108698512.5
2025-08-01 10:18:52 AM,347.05,75,26028.75,108724541.25
2025-08-01 10:18:54 AM,346.4,0,0.0,108724541.25
2025-08-01 10:18:54 AM,346.4,150,51960.0,108776501.25
2025-08-01 10:19:05 AM,354.75,0,0.0,108776501.25
2025-08-01 10:19:06 AM,354.75,75,26606.25,108803107.5
2025-08-01 10:19:09 AM,354.5,150,53175.0,108856282.5
2025-08-01 10:19:10 AM,353.05,0,0.0,108856282.5
