date,price,qty,trnvr,cum_trnvr
2025-08-01 09:15:00 AM,64.5,5700,367650.0,367650.0
2025-08-01 09:15:00 AM,66.5,75,4987.5,372637.5
2025-08-01 09:15:00 AM,65.85,0,0.0,372637.5
2025-08-01 09:15:01 AM,64.15,0,0.0,372637.5
2025-08-01 09:15:01 AM,67.1,14700,986369.9999999999,1359007.5
2025-08-01 09:15:01 AM,69.1,0,0.0,1359007.5
2025-08-01 09:15:01 AM,70.0,3150,220500.0,1579507.5
2025-08-01 09:15:02 AM,68.75,0,0.0,1579507.5
2025-08-01 09:15:02 AM,70.3,0,0.0,1579507.5
2025-08-01 09:15:02 AM,70.6,43875,3097574.9999999995,4677082.5
2025-08-01 09:15:02 AM,68.0,11625,790500.0,5467582.5
2025-08-01 09:15:03 AM,71.6,0,0.0,5467582.5
2025-08-01 09:15:03 AM,73.0,0,0.0,5467582.5
2025-08-01 09:15:04 AM,72.5,135150,9798375.0,15265957.5
2025-08-01 09:15:04 AM,71.4,0,0.0,15265957.5
2025-08-01 09:15:04 AM,71.85,4650,334102.5,15600060.0
2025-08-01 09:15:04 AM,71.75,0,0.0,15600060.0
2025-08-01 09:15:05 AM,72.45,0,0.0,15600060.0
2025-08-01 09:15:05 AM,71.65,30750,2203237.5,17803297.5
2025-08-01 09:15:05 AM,72.85,9225,672041.25,18475338.75
2025-08-01 09:15:05 AM,73.45,0,0.0,18475338.75
2025-08-01 09:15:06 AM,73.25,0,0.0,18475338.75
2025-08-01 09:15:06 AM,73.8,26025,1920645.0,20395983.75
2025-08-01 09:15:06 AM,73.1,0,0.0,20395983.75
2025-08-01 09:15:06 AM,72.95,1350,98482.5,20494466.25
2025-08-01 09:15:07 AM,74.65,0,0.0,20494466.25
2025-08-01 09:15:07 AM,74.05,23550,1743877.5,22238343.75
2025-08-01 09:15:07 AM,74.15,10650,789697.5000000001,23028041.25
2025-08-01 09:15:07 AM,74.25,0,0.0,23028041.25
2025-08-01 09:15:08 AM,76.5,0,0.0,23028041.25
2025-08-01 09:15:08 AM,76.9,0,0.0,23028041.25
2025-08-01 09:15:08 AM,78.25,38850,3040012.5,26068053.75
2025-08-01 09:15:09 AM,77.05,4950,381397.5,26449451.25
2025-08-01 09:15:09 AM,76.35,0,0.0,26449451.25
2025-08-01 09:15:10 AM,75.5,40500,3057750.0,29507201.25
2025-08-01 09:15:10 AM,76.3,0,0.0,29507201.25
2025-08-01 09:15:10 AM,75.75,9225,698793.75,30205995.0
2025-08-01 09:15:10 AM,75.25,0,0.0,30205995.0
2025-08-01 09:15:11 AM,75.4,37500,2827500.0,33033495.0
2025-08-01 09:15:11 AM,75.3,0,0.0,33033495.0
2025-08-01 09:15:11 AM,75.15,6900,518535.00000000006,33552030.0
2025-08-01 09:15:11 AM,74.7,0,0.0,33552030.0
2025-08-01 09:15:12 AM,74.5,0,0.0,33552030.0
2025-08-01 09:15:12 AM,74.6,33000,2461800.0,36013830.0
2025-08-01 09:15:12 AM,74.5,0,0.0,36013830.0
2025-08-01 09:15:12 AM,74.95,5475,410351.25,36424181.25
2025-08-01 09:15:13 AM,75.55,0,0.0,36424181.25
2025-08-01 09:15:13 AM,75.0,0,0.0,36424181.25
2025-08-01 09:15:13 AM,75.2,40125,3017400.0,39441581.25
2025-08-01 09:15:13 AM,74.8,3225,241230.0,39682811.25
2025-08-01 09:15:14 AM,74.55,0,0.0,39682811.25
2025-08-01 09:15:14 AM,72.7,0,0.0,39682811.25
2025-08-01 09:15:15 AM,72.85,59400,4327290.0,44010101.25
2025-08-01 09:15:15 AM,72.2,0,0.0,44010101.25
2025-08-01 09:15:15 AM,72.3,9750,704925.0,44715026.25
2025-08-01 09:15:16 AM,72.85,0,0.0,44715026.25
2025-08-01 09:15:16 AM,73.25,34650,2538112.5,47253138.75
2025-08-01 09:15:16 AM,73.25,525,38456.25,47291595.0
2025-08-01 09:15:16 AM,73.35,0,0.0,47291595.0
2025-08-01 09:15:17 AM,72.35,0,0.0,47291595.0
2025-08-01 09:15:17 AM,70.9,0,0.0,47291595.0
2025-08-01 09:15:17 AM,72.4,35100,2541240.0,49832835.0
2025-08-01 09:15:17 AM,72.25,375,27093.75,49859928.75
2025-08-01 09:15:18 AM,71.6,0,0.0,49859928.75
2025-08-01 09:15:18 AM,71.85,0,0.0,49859928.75
2025-08-01 09:15:18 AM,71.65,20475,1467033.75,51326962.5
2025-08-01 09:15:19 AM,71.95,9525,685323.75,52012286.25
2025-08-01 09:15:19 AM,72.35,0,0.0,52012286.25
2025-08-01 09:15:19 AM,72.25,0,0.0,52012286.25
2025-08-01 09:15:20 AM,71.6,0,0.0,52012286.25
2025-08-01 09:15:20 AM,72.1,23100,1665509.9999999998,53677796.25
2025-08-01 09:15:20 AM,72.1,300,21630.0,53699426.25
2025-08-01 09:15:20 AM,72.0,0,0.0,53699426.25
2025-08-01 09:15:21 AM,71.35,0,0.0,53699426.25
2025-08-01 09:15:21 AM,70.4,21375,1504800.0000000002,55204226.25
2025-08-01 09:15:21 AM,70.35,3600,253259.99999999997,55457486.25
2025-08-01 09:15:21 AM,70.6,0,0.0,55457486.25
2025-08-01 09:15:22 AM,69.2,0,0.0,55457486.25
2025-08-01 09:15:22 AM,68.95,0,0.0,55457486.25
2025-08-01 09:15:22 AM,68.45,37350,2556607.5,58014093.75
2025-08-01 09:15:22 AM,68.05,975,66348.75,58080442.5
2025-08-01 09:15:23 AM,68.25,0,0.0,58080442.5
2025-08-01 09:15:23 AM,69.7,0,0.0,58080442.5
2025-08-01 09:15:24 AM,70.45,0,0.0,58080442.5
2025-08-01 09:15:24 AM,70.4,40575,2856480.0,60936922.5
2025-08-01 09:15:24 AM,70.55,675,47621.25,60984543.75
2025-08-01 09:15:24 AM,70.6,0,0.0,60984543.75
2025-08-01 09:15:25 AM,69.15,0,0.0,60984543.75
2025-08-01 09:15:25 AM,70.0,20100,1407000.0,62391543.75
2025-08-01 09:15:25 AM,69.8,0,0.0,62391543.75
2025-08-01 09:15:25 AM,69.45,2700,187515.0,62579058.75
2025-08-01 09:15:26 AM,69.3,0,0.0,62579058.75
2025-08-01 09:15:26 AM,69.15,0,0.0,62579058.75
2025-08-01 09:15:27 AM,69.0,27450,1894050.0,64473108.75
2025-08-01 09:15:27 AM,69.1,300,20730.0,64493838.75
2025-08-01 09:15:27 AM,69.15,0,0.0,64493838.75
2025-08-01 09:15:27 AM,68.85,0,0.0,64493838.75
2025-08-01 09:15:28 AM,69.45,0,0.0,64493838.75
2025-08-01 09:15:28 AM,69.05,30825,2128466.25,66622305.0
2025-08-01 09:15:28 AM,68.85,975,67128.75,66689433.75
2025-08-01 09:15:28 AM,69.45,0,0.0,66689433.75
2025-08-01 09:15:29 AM,68.7,0,0.0,66689433.75
2025-08-01 09:15:29 AM,69.3,0,0.0,66689433.75
2025-08-01 09:15:29 AM,69.6,16500,1148400.0,67837833.75
2025-08-01 09:15:29 AM,68.45,6450,441502.5,68279336.25
2025-08-01 09:15:30 AM,69.05,0,0.0,68279336.25
2025-08-01 09:15:30 AM,68.9,0,0.0,68279336.25
2025-08-01 09:15:31 AM,68.85,16350,1125697.5,69405033.75
2025-08-01 09:15:31 AM,68.7,0,0.0,69405033.75
2025-08-01 09:15:31 AM,68.8,1800,123840.0,69528873.75
2025-08-01 09:15:31 AM,68.55,0,0.0,69528873.75
2025-08-01 09:15:32 AM,68.4,0,0.0,69528873.75
2025-08-01 09:15:32 AM,68.45,0,0.0,69528873.75
2025-08-01 09:15:32 AM,68.55,27975,1917686.25,71446560.0
2025-08-01 09:15:32 AM,68.95,1125,77568.75,71524128.75
2025-08-01 09:15:33 AM,69.2,0,0.0,71524128.75
2025-08-01 09:15:33 AM,70.75,0,0.0,71524128.75
2025-08-01 09:15:34 AM,70.55,42750,3016012.5,74540141.25
2025-08-01 09:15:34 AM,70.95,0,0.0,74540141.25
2025-08-01 09:15:34 AM,70.75,0,0.0,74540141.25
2025-08-01 09:15:35 AM,70.95,0,0.0,74540141.25
2025-08-01 09:15:35 AM,71.1,34575,2458282.5,76998423.75
2025-08-01 09:15:35 AM,71.1,150,10665.0,77009088.75
2025-08-01 09:15:35 AM,70.9,0,0.0,77009088.75
2025-08-01 09:15:36 AM,70.0,0,0.0,77009088.75
2025-08-01 09:15:36 AM,69.9,0,0.0,77009088.75
2025-08-01 09:15:36 AM,70.3,17775,1249582.5,78258671.25
2025-08-01 09:15:36 AM,70.5,3900,274950.0,78533621.25
2025-08-01 09:15:37 AM,70.8,0,0.0,78533621.25
2025-08-01 09:15:37 AM,71.2,0,0.0,78533621.25
2025-08-01 09:15:38 AM,71.05,24075,1710528.75,80244150.0
2025-08-01 09:15:38 AM,71.25,750,53437.5,80297587.5
2025-08-01 09:15:38 AM,71.85,0,0.0,80297587.5
2025-08-01 09:15:39 AM,72.15,0,0.0,80297587.5
2025-08-01 09:15:39 AM,72.2,0,0.0,80297587.5
2025-08-01 09:15:39 AM,71.9,34050,2448195.0,82745782.5
2025-08-01 09:15:39 AM,71.75,2475,177581.25,82923363.75
2025-08-01 09:15:40 AM,71.9,0,0.0,82923363.75
2025-08-01 09:15:40 AM,72.25,0,0.0,82923363.75
2025-08-01 09:15:41 AM,71.85,17850,1282522.5,84205886.25
2025-08-01 09:15:41 AM,72.0,900,64800.0,84270686.25
2025-08-01 09:15:41 AM,72.6,0,0.0,84270686.25
2025-08-01 09:15:42 AM,72.4,0,0.0,84270686.25
2025-08-01 09:15:42 AM,72.45,15375,1113918.75,85384605.0
2025-08-01 09:15:43 AM,72.65,0,0.0,85384605.0
2025-08-01 09:15:43 AM,72.8,0,0.0,85384605.0
2025-08-01 09:15:43 AM,72.25,35775,2584743.75,87969348.75
2025-08-01 09:15:44 AM,72.25,2325,167981.25,88137330.0
2025-08-01 09:15:44 AM,72.4,0,0.0,88137330.0
2025-08-01 09:15:45 AM,73.1,0,0.0,88137330.0
2025-08-01 09:15:45 AM,73.6,24375,1793999.9999999998,89931330.0
2025-08-01 09:15:45 AM,72.6,2025,147015.0,90078345.0
2025-08-01 09:15:46 AM,72.15,0,0.0,90078345.0
2025-08-01 09:15:46 AM,72.2,0,0.0,90078345.0
2025-08-01 09:15:46 AM,72.1,29625,2135962.5,92214307.5
2025-08-01 09:15:46 AM,72.15,7425,535713.75,92750021.25
2025-08-01 09:15:47 AM,72.05,0,0.0,92750021.25
2025-08-01 09:15:47 AM,71.8,0,0.0,92750021.25
2025-08-01 09:15:48 AM,71.65,22650,1622872.5000000002,94372893.75
2025-08-01 09:15:48 AM,71.5,0,0.0,94372893.75
2025-08-01 09:15:48 AM,71.8,4200,301560.0,94674453.75
2025-08-01 09:15:48 AM,72.3,0,0.0,94674453.75
2025-08-01 09:15:49 AM,70.4,0,0.0,94674453.75
2025-08-01 09:15:49 AM,70.5,0,0.0,94674453.75
2025-08-01 09:15:49 AM,70.8,28950,2049660.0,96724113.75
2025-08-01 09:15:50 AM,70.7,0,0.0,96724113.75
2025-08-01 09:15:50 AM,70.85,0,0.0,96724113.75
2025-08-01 09:15:51 AM,70.2,24600,1726920.0,98451033.75
2025-08-01 09:15:51 AM,70.2,75,5265.0,98456298.75
2025-08-01 09:15:51 AM,70.4,0,0.0,98456298.75
2025-08-01 09:15:51 AM,70.3,0,0.0,98456298.75
2025-08-01 09:15:52 AM,70.45,0,0.0,98456298.75
2025-08-01 09:15:52 AM,70.2,18975,1332045.0,99788343.75
2025-08-01 09:15:52 AM,70.2,75,5265.0,99793608.75
2025-08-01 09:15:52 AM,70.65,0,0.0,99793608.75
2025-08-01 09:15:53 AM,69.85,0,0.0,99793608.75
2025-08-01 09:15:53 AM,70.2,0,0.0,99793608.75
2025-08-01 09:15:53 AM,70.35,55650,3914977.4999999995,103708586.25
2025-08-01 09:15:54 AM,70.8,1725,122130.0,103830716.25
2025-08-01 09:15:54 AM,71.3,0,0.0,103830716.25
2025-08-01 09:15:54 AM,70.9,0,0.0,103830716.25
2025-08-01 09:15:55 AM,70.35,0,0.0,103830716.25
2025-08-01 09:15:55 AM,70.2,21600,1516320.0,105347036.25
2025-08-01 09:15:55 AM,70.25,0,0.0,105347036.25
2025-08-01 09:15:55 AM,70.25,300,21075.0,105368111.25
2025-08-01 09:15:56 AM,69.3,0,0.0,105368111.25
2025-08-01 09:15:56 AM,69.55,0,0.0,105368111.25
2025-08-01 09:15:56 AM,69.5,17250,1198875.0,106566986.25
2025-08-01 09:15:56 AM,69.2,1500,103800.0,106670786.25
2025-08-01 09:15:57 AM,69.4,0,0.0,106670786.25
2025-08-01 09:15:57 AM,69.55,0,0.0,106670786.25
2025-08-01 09:15:58 AM,69.95,0,0.0,106670786.25
2025-08-01 09:15:58 AM,69.8,23100,1612380.0,108283166.25
2025-08-01 09:15:58 AM,69.65,0,0.0,108283166.25
2025-08-01 09:15:58 AM,69.85,3525,246221.24999999997,108529387.5
2025-08-01 09:15:59 AM,69.95,0,0.0,108529387.5
2025-08-01 09:15:59 AM,69.9,0,0.0,108529387.5
2025-08-01 09:15:59 AM,69.65,17250,1201462.5,109730850.0
2025-08-01 09:15:59 AM,69.5,75,5212.5,109736062.5
2025-08-01 09:16:00 AM,69.75,0,0.0,109736062.5
2025-08-01 09:16:00 AM,70.55,0,0.0,109736062.5
2025-08-01 09:16:01 AM,71.8,61500,4415700.0,114151762.5
2025-08-01 09:16:01 AM,72.0,150,10800.0,114162562.5
2025-08-01 09:16:01 AM,72.35,0,0.0,114162562.5
2025-08-01 09:16:01 AM,72.5,0,0.0,114162562.5
2025-08-01 09:16:02 AM,72.25,0,0.0,114162562.5
2025-08-01 09:16:02 AM,72.7,0,0.0,114162562.5
2025-08-01 09:16:02 AM,72.75,48000,3492000.0,117654562.5
2025-08-01 09:16:02 AM,72.6,375,27224.999999999996,117681787.5
2025-08-01 09:16:03 AM,72.4,0,0.0,117681787.5
2025-08-01 09:16:03 AM,73.15,0,0.0,117681787.5
2025-08-01 09:16:04 AM,72.15,0,0.0,117681787.5
2025-08-01 09:16:04 AM,72.1,33075,2384707.5,120066495.0
2025-08-01 09:16:04 AM,72.05,900,64845.0,120131340.0
2025-08-01 09:16:04 AM,72.0,0,0.0,120131340.0
2025-08-01 09:16:05 AM,71.95,0,0.0,120131340.0
2025-08-01 09:16:05 AM,72.0,24000,1728000.0,121859340.0
2025-08-01 09:16:05 AM,71.9,0,0.0,121859340.0
2025-08-01 09:16:05 AM,72.1,600,43260.0,121902600.0
2025-08-01 09:16:06 AM,71.65,0,0.0,121902600.0
2025-08-01 09:16:06 AM,70.6,0,0.0,121902600.0
2025-08-01 09:16:07 AM,70.4,31575,2222880.0,124125480.0
2025-08-01 09:16:07 AM,70.25,525,36881.25,124162361.25
2025-08-01 09:16:07 AM,69.75,0,0.0,124162361.25
2025-08-01 09:16:07 AM,69.8,0,0.0,124162361.25
2025-08-01 09:16:08 AM,70.5,0,0.0,124162361.25
2025-08-01 09:16:08 AM,70.85,0,0.0,124162361.25
2025-08-01 09:16:08 AM,70.7,39150,2767905.0,126930266.25
2025-08-01 09:16:08 AM,70.55,675,47621.25,126977887.5
2025-08-01 09:16:09 AM,70.5,0,0.0,126977887.5
2025-08-01 09:16:09 AM,70.7,0,0.0,126977887.5
2025-08-01 09:16:10 AM,70.05,0,0.0,126977887.5
2025-08-01 09:16:10 AM,69.65,47025,3275291.2500000005,130253178.75
2025-08-01 09:16:10 AM,69.7,2475,172507.5,130425686.25
2025-08-01 09:16:10 AM,69.95,0,0.0,130425686.25
2025-08-01 09:16:11 AM,71.2,0,0.0,130425686.25
2025-08-01 09:16:11 AM,71.35,56175,4008086.2499999995,134433772.5
2025-08-01 09:16:11 AM,71.3,0,0.0,134433772.5
2025-08-01 09:16:11 AM,71.25,300,21375.0,134455147.5
2025-08-01 09:16:12 AM,71.2,0,0.0,134455147.5
2025-08-01 09:16:12 AM,70.8,0,0.0,134455147.5
2025-08-01 09:16:13 AM,71.65,19050,1364932.5,135820080.0
2025-08-01 09:16:13 AM,71.6,0,0.0,135820080.0
2025-08-01 09:16:13 AM,71.3,600,42780.0,135862860.0
2025-08-01 09:16:13 AM,70.9,0,0.0,135862860.0
2025-08-01 09:16:14 AM,70.8,0,0.0,135862860.0
2025-08-01 09:16:14 AM,71.15,0,0.0,135862860.0
2025-08-01 09:16:14 AM,71.25,11700,833625.0,136696485.0
2025-08-01 09:16:14 AM,71.25,1500,106875.0,136803360.0
2025-08-01 09:16:15 AM,71.15,0,0.0,136803360.0
2025-08-01 09:16:15 AM,70.7,0,0.0,136803360.0
2025-08-01 09:16:16 AM,70.3,27300,1919190.0,138722550.0
2025-08-01 09:16:16 AM,70.2,600,42120.0,138764670.0
2025-08-01 09:16:16 AM,70.1,0,0.0,138764670.0
2025-08-01 09:16:16 AM,70.05,0,0.0,138764670.0
2025-08-01 09:16:17 AM,70.35,0,0.0,138764670.0
2025-08-01 09:16:17 AM,70.4,0,0.0,138764670.0
2025-08-01 09:16:17 AM,70.35,14475,1018316.2499999999,139782986.25
2025-08-01 09:16:17 AM,70.5,825,58162.5,139841148.75
2025-08-01 09:16:18 AM,70.25,0,0.0,139841148.75
2025-08-01 09:16:18 AM,70.45,0,0.0,139841148.75
2025-08-01 09:16:18 AM,70.3,27375,1924462.5,141765611.25
2025-08-01 09:16:19 AM,70.9,5175,366907.50000000006,142132518.75
2025-08-01 09:16:19 AM,71.8,0,0.0,142132518.75
2025-08-01 09:16:20 AM,72.05,0,0.0,142132518.75
2025-08-01 09:16:20 AM,71.8,0,0.0,142132518.75
2025-08-01 09:16:20 AM,71.8,48150,3457170.0,145589688.75
2025-08-01 09:16:20 AM,71.8,675,48465.0,145638153.75
2025-08-01 09:16:21 AM,72.2,0,0.0,145638153.75
2025-08-01 09:16:21 AM,71.8,0,0.0,145638153.75
2025-08-01 09:16:21 AM,71.8,16725,1200855.0,146839008.75
2025-08-01 09:16:22 AM,72.05,2700,194535.0,147033543.75
2025-08-01 09:16:22 AM,72.3,0,0.0,147033543.75
2025-08-01 09:16:22 AM,71.4,0,0.0,147033543.75
2025-08-01 09:16:23 AM,71.6,0,0.0,147033543.75
2025-08-01 09:16:23 AM,71.75,0,0.0,147033543.75
2025-08-01 09:16:23 AM,71.95,20625,1483968.75,148517512.5
2025-08-01 09:16:23 AM,72.05,3150,226957.5,148744470.0
2025-08-01 09:16:24 AM,72.0,0,0.0,148744470.0
2025-08-01 09:16:24 AM,71.7,0,0.0,148744470.0
2025-08-01 09:16:24 AM,71.35,17925,1278948.75,150023418.75
2025-08-01 09:16:25 AM,71.35,2100,149835.0,150173253.75
2025-08-01 09:16:25 AM,71.45,0,0.0,150173253.75
2025-08-01 09:16:26 AM,71.55,0,0.0,150173253.75
2025-08-01 09:16:26 AM,71.2,0,0.0,150173253.75
2025-08-01 09:16:26 AM,71.2,16800,1196160.0,151369413.75
2025-08-01 09:16:26 AM,71.15,825,58698.75000000001,151428112.5
2025-08-01 09:16:27 AM,71.1,0,0.0,151428112.5
2025-08-01 09:16:27 AM,70.8,0,0.0,151428112.5
2025-08-01 09:16:27 AM,70.85,13875,983043.7499999999,152411156.25
2025-08-01 09:16:28 AM,71.05,1950,138547.5,152549703.75
2025-08-01 09:16:28 AM,70.8,0,0.0,152549703.75
2025-08-01 09:16:28 AM,70.3,0,0.0,152549703.75
2025-08-01 09:16:29 AM,71.2,0,0.0,152549703.75
2025-08-01 09:16:29 AM,70.9,0,0.0,152549703.75
2025-08-01 09:16:29 AM,71.1,18375,1306462.5,153856166.25
2025-08-01 09:16:29 AM,71.3,2475,176467.5,154032633.75
2025-08-01 09:16:30 AM,71.9,0,0.0,154032633.75
2025-08-01 09:16:30 AM,71.75,0,0.0,154032633.75
2025-08-01 09:16:30 AM,71.95,16950,1219552.5,155252186.25
2025-08-01 09:16:31 AM,71.75,675,48431.25,155300617.5
2025-08-01 09:16:31 AM,71.9,0,0.0,155300617.5
2025-08-01 09:16:31 AM,71.75,0,0.0,155300617.5
2025-08-01 09:16:32 AM,71.4,0,0.0,155300617.5
2025-08-01 09:16:32 AM,71.15,0,0.0,155300617.5
2025-08-01 09:16:32 AM,71.15,21900,1558185.0000000002,156858802.5
2025-08-01 09:16:33 AM,71.3,0,0.0,156858802.5
2025-08-01 09:16:33 AM,71.1,0,0.0,156858802.5
2025-08-01 09:16:33 AM,71.1,15450,1098495.0,157957297.5
2025-08-01 09:16:33 AM,71.05,75,5328.75,157962626.25
2025-08-01 09:16:34 AM,71.1,0,0.0,157962626.25
2025-08-01 09:16:35 AM,71.15,0,0.0,157962626.25
2025-08-01 09:16:35 AM,71.0,0,0.0,157962626.25
2025-08-01 09:16:35 AM,71.0,23700,1682700.0,159645326.25
2025-08-01 09:16:35 AM,71.15,375,26681.250000000004,159672007.5
2025-08-01 09:16:36 AM,70.95,0,0.0,159672007.5
2025-08-01 09:16:36 AM,70.65,0,0.0,159672007.5
2025-08-01 09:16:36 AM,70.5,17025,1200262.5,160872270.0
2025-08-01 09:16:36 AM,70.7,150,10605.0,160882875.0
2025-08-01 09:16:37 AM,70.75,0,0.0,160882875.0
2025-08-01 09:16:37 AM,71.15,0,0.0,160882875.0
2025-08-01 09:16:38 AM,71.05,0,0.0,160882875.0
2025-08-01 09:16:38 AM,71.4,13950,996030.0000000001,161878905.0
2025-08-01 09:16:38 AM,71.35,0,0.0,161878905.0
2025-08-01 09:16:38 AM,71.2,375,26700.0,161905605.0
2025-08-01 09:16:39 AM,71.1,0,0.0,161905605.0
2025-08-01 09:16:39 AM,71.3,0,0.0,161905605.0
2025-08-01 09:16:39 AM,71.05,8700,618135.0,162523740.0
2025-08-01 09:16:39 AM,71.0,2175,154425.0,162678165.0
2025-08-01 09:16:40 AM,71.35,0,0.0,162678165.0
2025-08-01 09:16:41 AM,71.4,0,0.0,162678165.0
2025-08-01 09:16:41 AM,72.0,23700,1706400.0,164384565.0
2025-08-01 09:16:41 AM,71.85,0,0.0,164384565.0
2025-08-01 09:16:42 AM,71.65,0,0.0,164384565.0
2025-08-01 09:16:42 AM,71.6,0,0.0,164384565.0
2025-08-01 09:16:42 AM,71.45,9375,669843.75,165054408.75
2025-08-01 09:16:42 AM,71.4,2100,149940.0,165204348.75
2025-08-01 09:16:43 AM,71.25,0,0.0,165204348.75
2025-08-01 09:16:43 AM,71.45,0,0.0,165204348.75
2025-08-01 09:16:44 AM,71.3,0,0.0,165204348.75
2025-08-01 09:16:44 AM,71.3,7575,540097.5,165744446.25
2025-08-01 09:16:44 AM,71.25,600,42750.0,165787196.25
2025-08-01 09:16:44 AM,71.3,0,0.0,165787196.25
2025-08-01 09:16:45 AM,71.4,0,0.0,165787196.25
2025-08-01 09:16:45 AM,71.0,0,0.0,165787196.25
2025-08-01 09:16:45 AM,71.25,15450,1100812.5,166888008.75
2025-08-01 09:16:45 AM,71.75,3000,215250.0,167103258.75
2025-08-01 09:16:46 AM,72.0,0,0.0,167103258.75
2025-08-01 09:16:46 AM,72.15,0,0.0,167103258.75
2025-08-01 09:16:47 AM,72.05,0,0.0,167103258.75
2025-08-01 09:16:47 AM,72.0,20625,1485000.0,168588258.75
2025-08-01 09:16:47 AM,72.3,150,10845.0,168599103.75
2025-08-01 09:16:47 AM,72.25,0,0.0,168599103.75
2025-08-01 09:16:48 AM,72.05,0,0.0,168599103.75
2025-08-01 09:16:48 AM,72.25,0,0.0,168599103.75
2025-08-01 09:16:48 AM,72.45,24525,1776836.25,170375940.0
2025-08-01 09:16:48 AM,72.35,1500,108524.99999999999,170484465.0
2025-08-01 09:16:49 AM,72.55,0,0.0,170484465.0
2025-08-01 09:16:49 AM,73.05,0,0.0,170484465.0
2025-08-01 09:16:50 AM,72.55,26175,1898996.25,172383461.25
2025-08-01 09:16:50 AM,72.55,75,5441.25,172388902.5
2025-08-01 09:16:50 AM,72.5,0,0.0,172388902.5
2025-08-01 09:16:51 AM,72.15,0,0.0,172388902.5
2025-08-01 09:16:51 AM,72.0,0,0.0,172388902.5
2025-08-01 09:16:51 AM,71.9,24675,1774132.5000000002,174163035.0
2025-08-01 09:16:51 AM,71.8,2550,183090.0,174346125.0
2025-08-01 09:16:52 AM,72.6,0,0.0,174346125.0
2025-08-01 09:16:52 AM,72.65,0,0.0,174346125.0
2025-08-01 09:16:53 AM,72.6,19800,1437480.0,175783605.0
2025-08-01 09:16:53 AM,72.3,0,0.0,175783605.0
2025-08-01 09:16:54 AM,72.95,0,0.0,175783605.0
2025-08-01 09:16:54 AM,73.15,0,0.0,175783605.0
2025-08-01 09:16:54 AM,73.25,17475,1280043.75,177063648.75
2025-08-01 09:16:54 AM,73.2,450,32940.0,177096588.75
2025-08-01 09:16:55 AM,73.1,0,0.0,177096588.75
2025-08-01 09:16:55 AM,73.4,0,0.0,177096588.75
2025-08-01 09:16:56 AM,73.4,17100,1255140.0,178351728.75
2025-08-01 09:16:56 AM,73.35,0,0.0,178351728.75
2025-08-01 09:16:56 AM,73.35,300,22005.0,178373733.75
2025-08-01 09:16:56 AM,73.6,0,0.0,178373733.75
2025-08-01 09:16:57 AM,73.5,0,0.0,178373733.75
2025-08-01 09:16:57 AM,73.6,0,0.0,178373733.75
2025-08-01 09:16:57 AM,73.85,24675,1822248.7499999998,180195982.5
2025-08-01 09:16:57 AM,74.1,15675,1161517.5,181357500.0
2025-08-01 09:16:58 AM,74.4,0,0.0,181357500.0
2025-08-01 09:16:59 AM,74.7,18675,1395022.5,182752522.5
2025-08-01 09:16:59 AM,74.55,1200,89460.0,182841982.5
2025-08-01 09:16:59 AM,73.95,0,0.0,182841982.5
2025-08-01 09:17:00 AM,74.5,0,0.0,182841982.5
2025-08-01 09:17:00 AM,73.65,0,0.0,182841982.5
2025-08-01 09:17:00 AM,73.65,24225,1784171.2500000002,184626153.75
2025-08-01 09:17:00 AM,74.15,4050,300307.5,184926461.25
2025-08-01 09:17:01 AM,73.6,0,0.0,184926461.25
2025-08-01 09:17:01 AM,73.7,0,0.0,184926461.25
2025-08-01 09:17:02 AM,74.1,22950,1700594.9999999998,186627056.25
2025-08-01 09:17:02 AM,74.05,0,0.0,186627056.25
2025-08-01 09:17:02 AM,74.05,525,38876.25,186665932.5
2025-08-01 09:17:02 AM,73.6,0,0.0,186665932.5
2025-08-01 09:17:03 AM,74.0,0,0.0,186665932.5
2025-08-01 09:17:03 AM,74.15,0,0.0,186665932.5
2025-08-01 09:17:03 AM,74.25,32175,2388993.75,189054926.25
2025-08-01 09:17:03 AM,74.3,900,66870.0,189121796.25
2025-08-01 09:17:04 AM,74.7,0,0.0,189121796.25
2025-08-01 09:17:04 AM,74.3,0,0.0,189121796.25
2025-08-01 09:17:05 AM,74.5,32175,2397037.5,191518833.75
2025-08-01 09:17:05 AM,74.55,75,5591.25,191524425.0
2025-08-01 09:17:05 AM,74.35,0,0.0,191524425.0
2025-08-01 09:17:06 AM,74.75,0,0.0,191524425.0
2025-08-01 09:17:06 AM,74.9,40575,3039067.5,194563492.5
2025-08-01 09:17:06 AM,74.85,0,0.0,194563492.5
2025-08-01 09:17:06 AM,74.85,75,5613.75,194569106.25
2025-08-01 09:17:07 AM,75.05,0,0.0,194569106.25
2025-08-01 09:17:07 AM,75.0,0,0.0,194569106.25
2025-08-01 09:17:08 AM,75.3,12300,926190.0,195495296.25
2025-08-01 09:17:08 AM,75.3,150,11295.0,195506591.25
2025-08-01 09:17:09 AM,75.35,0,0.0,195506591.25
2025-08-01 09:17:09 AM,75.1,0,0.0,195506591.25
2025-08-01 09:17:09 AM,75.2,29625,2227800.0,197734391.25
2025-08-01 09:17:09 AM,75.25,1950,146737.5,197881128.75
2025-08-01 09:17:10 AM,75.2,0,0.0,197881128.75
2025-08-01 09:17:10 AM,75.35,0,0.0,197881128.75
2025-08-01 09:17:10 AM,75.3,21825,1643422.5,199524551.25
2025-08-01 09:17:11 AM,75.15,75,5636.25,199530187.5
2025-08-01 09:17:11 AM,75.25,0,0.0,199530187.5
2025-08-01 09:17:11 AM,75.0,0,0.0,199530187.5
2025-08-01 09:17:12 AM,74.5,0,0.0,199530187.5
2025-08-01 09:17:12 AM,73.95,0,0.0,199530187.5
2025-08-01 09:17:12 AM,73.8,27750,2047950.0,201578137.5
2025-08-01 09:17:12 AM,74.0,600,44400.0,201622537.5
2025-08-01 09:17:13 AM,73.4,0,0.0,201622537.5
2025-08-01 09:17:13 AM,72.9,26250,1913625.0000000002,203536162.5
2025-08-01 09:17:14 AM,72.9,2925,213232.50000000003,203749395.0
2025-08-01 09:17:14 AM,73.1,0,0.0,203749395.0
2025-08-01 09:17:14 AM,73.6,0,0.0,203749395.0
2025-08-01 09:17:15 AM,73.35,0,0.0,203749395.0
2025-08-01 09:17:15 AM,73.5,0,0.0,203749395.0
2025-08-01 09:17:15 AM,73.35,26025,1908933.7499999998,205658328.75
2025-08-01 09:17:15 AM,73.45,525,38561.25,205696890.0
2025-08-01 09:17:16 AM,73.55,0,0.0,205696890.0
2025-08-01 09:17:16 AM,73.6,0,0.0,205696890.0
2025-08-01 09:17:16 AM,73.4,7875,578025.0,206274915.0
2025-08-01 09:17:17 AM,73.45,225,16526.25,206291441.25
2025-08-01 09:17:17 AM,73.2,0,0.0,206291441.25
2025-08-01 09:17:18 AM,74.45,0,0.0,206291441.25
2025-08-01 09:17:18 AM,74.45,9000,670050.0,206961491.25
2025-08-01 09:17:18 AM,74.5,0,0.0,206961491.25
2025-08-01 09:17:18 AM,74.5,600,44700.0,207006191.25
2025-08-01 09:17:19 AM,74.6,0,0.0,207006191.25
2025-08-01 09:17:19 AM,74.0,0,0.0,207006191.25
2025-08-01 09:17:19 AM,74.25,17475,1297518.75,208303710.0
2025-08-01 09:17:19 AM,74.35,450,33457.5,208337167.5
2025-08-01 09:17:20 AM,74.2,0,0.0,208337167.5
2025-08-01 09:17:20 AM,73.85,0,0.0,208337167.5
2025-08-01 09:17:21 AM,74.0,0,0.0,208337167.5
2025-08-01 09:17:21 AM,73.95,14475,1070426.25,209407593.75
2025-08-01 09:17:21 AM,73.75,300,22125.0,209429718.75
2025-08-01 09:17:21 AM,73.7,0,0.0,209429718.75
2025-08-01 09:17:22 AM,73.3,0,0.0,209429718.75
2025-08-01 09:17:22 AM,72.95,0,0.0,209429718.75
2025-08-01 09:17:22 AM,73.15,15000,1097250.0,210526968.75
2025-08-01 09:17:22 AM,73.0,75,5475.0,210532443.75
2025-08-01 09:17:23 AM,72.9,0,0.0,210532443.75
2025-08-01 09:17:23 AM,72.95,0,0.0,210532443.75
2025-08-01 09:17:24 AM,72.7,0,0.0,210532443.75
2025-08-01 09:17:24 AM,72.55,21675,1572521.25,212104965.0
2025-08-01 09:17:24 AM,72.5,375,27187.5,212132152.5
2025-08-01 09:17:24 AM,72.6,0,0.0,212132152.5
2025-08-01 09:17:25 AM,72.2,0,0.0,212132152.5
2025-08-01 09:17:25 AM,72.4,0,0.0,212132152.5
2025-08-01 09:17:25 AM,72.45,14925,1081316.25,213213468.75
2025-08-01 09:17:26 AM,72.3,1500,108450.0,213321918.75
2025-08-01 09:17:26 AM,72.2,0,0.0,213321918.75
2025-08-01 09:17:26 AM,72.0,0,0.0,213321918.75
2025-08-01 09:17:27 AM,71.85,0,0.0,213321918.75
2025-08-01 09:17:27 AM,71.65,19800,1418670.0,214740588.75
2025-08-01 09:17:27 AM,71.7,900,64530.0,214805118.75
2025-08-01 09:17:27 AM,71.4,0,0.0,214805118.75
2025-08-01 09:17:28 AM,71.7,0,0.0,214805118.75
2025-08-01 09:17:28 AM,71.3,0,0.0,214805118.75
2025-08-01 09:17:28 AM,71.2,21900,1559280.0,216364398.75
2025-08-01 09:17:29 AM,71.2,1800,128160.0,216492558.75
2025-08-01 09:17:29 AM,71.95,0,0.0,216492558.75
2025-08-01 09:17:29 AM,71.35,0,0.0,216492558.75
2025-08-01 09:17:30 AM,70.95,0,0.0,216492558.75
2025-08-01 09:17:30 AM,71.2,21450,1527240.0,218019798.75
2025-08-01 09:17:30 AM,71.0,750,53250.0,218073048.75
2025-08-01 09:17:30 AM,70.9,0,0.0,218073048.75
2025-08-01 09:17:31 AM,71.0,0,0.0,218073048.75
2025-08-01 09:17:31 AM,71.2,0,0.0,218073048.75
2025-08-01 09:17:31 AM,70.8,17400,1231920.0,219304968.75
2025-08-01 09:17:32 AM,71.05,600,42630.0,219347598.75
2025-08-01 09:17:32 AM,71.1,0,0.0,219347598.75
2025-08-01 09:17:32 AM,70.85,0,0.0,219347598.75
2025-08-01 09:17:33 AM,71.05,0,0.0,219347598.75
2025-08-01 09:17:33 AM,71.1,6900,490589.99999999994,219838188.75
2025-08-01 09:17:33 AM,71.15,750,53362.50000000001,219891551.25
2025-08-01 09:17:33 AM,71.2,0,0.0,219891551.25
2025-08-01 09:17:34 AM,71.85,0,0.0,219891551.25
2025-08-01 09:17:34 AM,71.6,0,0.0,219891551.25
2025-08-01 09:17:35 AM,70.6,33900,2393340.0,222284891.25
2025-08-01 09:17:35 AM,70.55,225,15873.75,222300765.0
2025-08-01 09:17:35 AM,71.0,0,0.0,222300765.0
2025-08-01 09:17:36 AM,71.15,0,0.0,222300765.0
2025-08-01 09:17:36 AM,71.55,16275,1164476.25,223465241.25
2025-08-01 09:17:36 AM,71.55,600,42930.0,223508171.25
2025-08-01 09:17:37 AM,71.4,0,0.0,223508171.25
2025-08-01 09:17:37 AM,71.35,0,0.0,223508171.25
2025-08-01 09:17:38 AM,71.4,10950,781830.0000000001,224290001.25
2025-08-01 09:17:38 AM,71.4,300,21420.0,224311421.25
2025-08-01 09:17:38 AM,71.1,0,0.0,224311421.25
2025-08-01 09:17:39 AM,71.4,0,0.0,224311421.25
2025-08-01 09:17:39 AM,71.3,15000,1069500.0,225380921.25
2025-08-01 09:17:39 AM,71.15,0,0.0,225380921.25
2025-08-01 09:17:39 AM,71.2,1125,80100.0,225461021.25
2025-08-01 09:17:40 AM,70.95,0,0.0,225461021.25
2025-08-01 09:17:40 AM,70.85,0,0.0,225461021.25
2025-08-01 09:17:41 AM,71.05,7950,564847.5,226025868.75
2025-08-01 09:17:41 AM,71.15,150,10672.5,226036541.25
2025-08-01 09:17:41 AM,71.0,0,0.0,226036541.25
2025-08-01 09:17:41 AM,70.9,0,0.0,226036541.25
2025-08-01 09:17:42 AM,70.7,0,0.0,226036541.25
2025-08-01 09:17:42 AM,70.55,18075,1275191.25,227311732.5
2025-08-01 09:17:42 AM,70.75,1200,84900.0,227396632.5
2025-08-01 09:17:43 AM,70.55,0,0.0,227396632.5
2025-08-01 09:17:43 AM,70.9,0,0.0,227396632.5
2025-08-01 09:17:43 AM,71.05,7275,516888.75,227913521.25
2025-08-01 09:17:44 AM,71.0,750,53250.0,227966771.25
2025-08-01 09:17:44 AM,70.85,0,0.0,227966771.25
2025-08-01 09:17:44 AM,70.4,0,0.0,227966771.25
2025-08-01 09:17:45 AM,70.85,0,0.0,227966771.25
2025-08-01 09:17:45 AM,70.6,9075,640695.0,228607466.25
2025-08-01 09:17:45 AM,70.65,300,21195.0,228628661.25
2025-08-01 09:17:46 AM,70.45,0,0.0,228628661.25
2025-08-01 09:17:46 AM,70.75,0,0.0,228628661.25
2025-08-01 09:17:46 AM,70.5,6825,481162.5,229109823.75
2025-08-01 09:17:46 AM,70.8,975,69030.0,229178853.75
2025-08-01 09:17:47 AM,70.9,0,0.0,229178853.75
2025-08-01 09:17:47 AM,71.2,0,0.0,229178853.75
2025-08-01 09:17:48 AM,71.35,18150,1295002.5,230473856.25
2025-08-01 09:17:48 AM,71.5,0,0.0,230473856.25
2025-08-01 09:17:48 AM,71.4,300,21420.0,230495276.25
2025-08-01 09:17:48 AM,71.15,0,0.0,230495276.25
2025-08-01 09:17:49 AM,71.55,0,0.0,230495276.25
2025-08-01 09:17:49 AM,71.4,0,0.0,230495276.25
2025-08-01 09:17:49 AM,71.4,11850,846090.0000000001,231341366.25
2025-08-01 09:17:49 AM,71.6,600,42960.0,231384326.25
2025-08-01 09:17:50 AM,71.45,0,0.0,231384326.25
2025-08-01 09:17:51 AM,71.15,14025,997878.7500000001,232382205.0
2025-08-01 09:17:51 AM,71.3,450,32085.0,232414290.0
2025-08-01 09:17:51 AM,71.05,0,0.0,232414290.0
2025-08-01 09:17:51 AM,71.1,0,0.0,232414290.0
2025-08-01 09:17:52 AM,71.65,0,0.0,232414290.0
2025-08-01 09:17:52 AM,72.35,17475,1264316.25,233678606.25
2025-08-01 09:17:52 AM,72.5,300,21750.0,233700356.25
2025-08-01 09:17:52 AM,72.6,0,0.0,233700356.25
2025-08-01 09:17:53 AM,72.4,0,0.0,233700356.25
2025-08-01 09:17:53 AM,72.6,0,0.0,233700356.25
2025-08-01 09:17:53 AM,72.35,13275,960446.2499999999,234660802.5
2025-08-01 09:17:54 AM,72.45,1350,97807.5,234758610.0
2025-08-01 09:17:54 AM,72.75,0,0.0,234758610.0
2025-08-01 09:17:54 AM,72.7,0,0.0,234758610.0
2025-08-01 09:17:55 AM,72.35,0,0.0,234758610.0
2025-08-01 09:17:55 AM,72.3,15600,1127880.0,235886490.0
2025-08-01 09:17:55 AM,72.25,0,0.0,235886490.0
2025-08-01 09:17:55 AM,72.25,2325,167981.25,236054471.25
2025-08-01 09:17:56 AM,72.0,0,0.0,236054471.25
2025-08-01 09:17:56 AM,72.15,0,0.0,236054471.25
2025-08-01 09:17:56 AM,71.8,11175,802365.0,236856836.25
2025-08-01 09:17:57 AM,71.7,1275,91417.5,236948253.75
2025-08-01 09:17:57 AM,71.65,0,0.0,236948253.75
2025-08-01 09:17:57 AM,71.5,0,0.0,236948253.75
2025-08-01 09:17:58 AM,71.75,11400,817950.0,237766203.75
2025-08-01 09:17:58 AM,71.95,0,0.0,237766203.75
2025-08-01 09:17:58 AM,71.9,1125,80887.5,237847091.25
2025-08-01 09:17:59 AM,72.45,0,0.0,237847091.25
2025-08-01 09:17:59 AM,72.2,0,0.0,237847091.25
2025-08-01 09:17:59 AM,72.1,8475,611047.5,238458138.75
2025-08-01 09:18:00 AM,72.3,1050,75915.0,238534053.75
2025-08-01 09:18:00 AM,72.15,0,0.0,238534053.75
2025-08-01 09:18:00 AM,72.25,0,0.0,238534053.75
2025-08-01 09:18:01 AM,72.3,0,0.0,238534053.75
2025-08-01 09:18:01 AM,72.4,13800,999120.0000000001,239533173.75
2025-08-01 09:18:01 AM,72.1,0,0.0,239533173.75
2025-08-01 09:18:01 AM,72.1,375,27037.499999999996,239560211.25
2025-08-01 09:18:02 AM,72.0,0,0.0,239560211.25
2025-08-01 09:18:02 AM,72.05,0,0.0,239560211.25
2025-08-01 09:18:02 AM,71.8,14475,1039305.0,240599516.25
2025-08-01 09:18:03 AM,71.7,1050,75285.0,240674801.25
2025-08-01 09:18:03 AM,71.9,0,0.0,240674801.25
2025-08-01 09:18:03 AM,71.6,0,0.0,240674801.25
2025-08-01 09:18:04 AM,71.8,0,0.0,240674801.25
2025-08-01 09:18:04 AM,71.8,19875,1427025.0,242101826.25
2025-08-01 09:18:04 AM,71.7,750,53775.0,242155601.25
2025-08-01 09:18:04 AM,71.8,0,0.0,242155601.25
2025-08-01 09:18:05 AM,72.3,0,0.0,242155601.25
2025-08-01 09:18:05 AM,72.4,14700,1064280.0,243219881.25
2025-08-01 09:18:05 AM,71.95,0,0.0,243219881.25
2025-08-01 09:18:05 AM,71.95,2250,161887.5,243381768.75
2025-08-01 09:18:06 AM,71.9,0,0.0,243381768.75
2025-08-01 09:18:06 AM,72.0,0,0.0,243381768.75
2025-08-01 09:18:07 AM,72.2,11475,828495.0,244210263.75
2025-08-01 09:18:07 AM,72.45,5250,380362.5,244590626.25
2025-08-01 09:18:07 AM,72.15,0,0.0,244590626.25
2025-08-01 09:18:08 AM,72.2,0,0.0,244590626.25
2025-08-01 09:18:08 AM,72.4,0,0.0,244590626.25
2025-08-01 09:18:08 AM,72.7,7500,545250.0,245135876.25
2025-08-01 09:18:08 AM,72.7,4050,294435.0,245430311.25
2025-08-01 09:18:09 AM,73.7,0,0.0,245430311.25
2025-08-01 09:18:10 AM,73.35,0,0.0,245430311.25
2025-08-01 09:18:10 AM,73.35,14175,1039736.2499999999,246470047.5
2025-08-01 09:18:10 AM,73.1,1500,109649.99999999999,246579697.5
2025-08-01 09:18:11 AM,72.9,0,0.0,246579697.5
2025-08-01 09:18:11 AM,72.9,16275,1186447.5,247766145.0
2025-08-01 09:18:11 AM,73.0,525,38325.0,247804470.0
2025-08-01 09:18:12 AM,73.35,0,0.0,247804470.0
2025-08-01 09:18:12 AM,72.7,0,0.0,247804470.0
2025-08-01 09:18:13 AM,72.4,28500,2063400.0000000002,249867870.0
2025-08-01 09:18:13 AM,72.3,0,0.0,249867870.0
2025-08-01 09:18:13 AM,72.55,2700,195885.0,250063755.0
2025-08-01 09:18:13 AM,72.45,0,0.0,250063755.0
2025-08-01 09:18:14 AM,72.2,0,0.0,250063755.0
2025-08-01 09:18:14 AM,72.35,0,0.0,250063755.0
2025-08-01 09:18:14 AM,72.1,17175,1238317.5,251302072.5
2025-08-01 09:18:15 AM,72.25,300,21675.0,251323747.5
2025-08-01 09:18:15 AM,72.2,0,0.0,251323747.5
2025-08-01 09:18:15 AM,71.85,0,0.0,251323747.5
2025-08-01 09:18:16 AM,71.9,0,0.0,251323747.5
2025-08-01 09:18:16 AM,72.7,21675,1575772.5,252899520.0
2025-08-01 09:18:16 AM,72.85,0,0.0,252899520.0
2025-08-01 09:18:16 AM,72.6,675,49004.99999999999,252948525.0
2025-08-01 09:18:17 AM,72.1,0,0.0,252948525.0
2025-08-01 09:18:17 AM,71.9,0,0.0,252948525.0
2025-08-01 09:18:18 AM,72.05,14400,1037520.0,253986045.0
2025-08-01 09:18:18 AM,72.4,0,0.0,253986045.0
2025-08-01 09:18:18 AM,72.5,2250,163125.0,254149170.0
2025-08-01 09:18:18 AM,72.05,0,0.0,254149170.0
2025-08-01 09:18:19 AM,72.0,0,0.0,254149170.0
2025-08-01 09:18:19 AM,72.05,0,0.0,254149170.0
2025-08-01 09:18:19 AM,71.15,33375,2374631.25,256523801.25
2025-08-01 09:18:20 AM,71.15,8250,586987.5,257110788.75
2025-08-01 09:18:20 AM,70.95,0,0.0,257110788.75
2025-08-01 09:18:20 AM,70.85,0,0.0,257110788.75
2025-08-01 09:18:21 AM,70.7,0,0.0,257110788.75
2025-08-01 09:18:21 AM,70.4,21150,1488960.0000000002,258599748.75
2025-08-01 09:18:21 AM,70.3,525,36907.5,258636656.25
2025-08-01 09:18:22 AM,70.45,0,0.0,258636656.25
2025-08-01 09:18:22 AM,70.25,0,0.0,258636656.25
2025-08-01 09:18:23 AM,70.3,20700,1455210.0,260091866.25
2025-08-01 09:18:23 AM,70.4,0,0.0,260091866.25
2025-08-01 09:18:23 AM,70.45,1275,89823.75,260181690.0
2025-08-01 09:18:23 AM,70.4,0,0.0,260181690.0
2025-08-01 09:18:24 AM,70.2,0,0.0,260181690.0
2025-08-01 09:18:24 AM,70.35,0,0.0,260181690.0
2025-08-01 09:18:24 AM,70.35,93000,6542549.999999999,266724240.0
2025-08-01 09:18:25 AM,70.2,900,63180.0,266787420.0
2025-08-01 09:18:25 AM,70.0,0,0.0,266787420.0
2025-08-01 09:18:26 AM,70.15,0,0.0,266787420.0
2025-08-01 09:18:26 AM,70.0,14025,981750.0,267769170.0
2025-08-01 09:18:26 AM,70.05,900,63045.0,267832215.0
2025-08-01 09:18:27 AM,69.85,0,0.0,267832215.0
2025-08-01 09:18:27 AM,69.9,0,0.0,267832215.0
2025-08-01 09:18:28 AM,69.7,25800,1798260.0,269630475.0
2025-08-01 09:18:28 AM,69.75,0,0.0,269630475.0
2025-08-01 09:18:28 AM,69.7,1950,135915.0,269766390.0
2025-08-01 09:18:28 AM,69.75,0,0.0,269766390.0
2025-08-01 09:18:29 AM,70.35,0,0.0,269766390.0
2025-08-01 09:18:29 AM,70.4,0,0.0,269766390.0
2025-08-01 09:18:29 AM,71.1,27825,1978357.4999999998,271744747.5
2025-08-01 09:18:30 AM,71.2,3300,234960.0,271979707.5
2025-08-01 09:18:30 AM,71.25,0,0.0,271979707.5
2025-08-01 09:18:31 AM,71.05,0,0.0,271979707.5
2025-08-01 09:18:31 AM,70.9,18900,1340010.0,273319717.5
2025-08-01 09:18:31 AM,71.0,0,0.0,273319717.5
2025-08-01 09:18:31 AM,70.7,675,47722.5,273367440.0
2025-08-01 09:18:32 AM,71.1,0,0.0,273367440.0
2025-08-01 09:18:32 AM,70.9,0,0.0,273367440.0
2025-08-01 09:18:33 AM,70.3,16125,1133587.5,274501027.5
2025-08-01 09:18:33 AM,70.4,0,0.0,274501027.5
2025-08-01 09:18:33 AM,70.2,1725,121095.0,274622122.5
2025-08-01 09:18:33 AM,70.35,0,0.0,274622122.5
2025-08-01 09:18:34 AM,70.2,0,0.0,274622122.5
2025-08-01 09:18:34 AM,70.0,0,0.0,274622122.5
2025-08-01 09:18:34 AM,70.0,11775,824250.0,275446372.5
2025-08-01 09:18:34 AM,70.0,975,68250.0,275514622.5
2025-08-01 09:18:35 AM,69.85,0,0.0,275514622.5
2025-08-01 09:18:35 AM,69.7,0,0.0,275514622.5
2025-08-01 09:18:36 AM,70.15,0,0.0,275514622.5
2025-08-01 09:18:36 AM,70.5,19200,1353600.0,276868222.5
2025-08-01 09:18:36 AM,70.65,1275,90078.75,276958301.25
2025-08-01 09:18:36 AM,70.4,0,0.0,276958301.25
2025-08-01 09:18:37 AM,70.25,0,0.0,276958301.25
2025-08-01 09:18:37 AM,70.05,0,0.0,276958301.25
2025-08-01 09:18:38 AM,70.2,5625,394875.0,277353176.25
2025-08-01 09:18:38 AM,70.15,150,10522.5,277363698.75
2025-08-01 09:18:38 AM,70.25,0,0.0,277363698.75
2025-08-01 09:18:39 AM,69.85,0,0.0,277363698.75
2025-08-01 09:18:39 AM,70.15,0,0.0,277363698.75
2025-08-01 09:18:39 AM,70.05,17850,1250392.5,278614091.25
2025-08-01 09:18:39 AM,70.15,600,42090.0,278656181.25
2025-08-01 09:18:40 AM,70.05,0,0.0,278656181.25
2025-08-01 09:18:40 AM,69.75,0,0.0,278656181.25
2025-08-01 09:18:41 AM,69.7,0,0.0,278656181.25
2025-08-01 09:18:41 AM,69.8,28125,1963125.0,280619306.25
2025-08-01 09:18:41 AM,69.8,375,26175.0,280645481.25
2025-08-01 09:18:41 AM,69.9,0,0.0,280645481.25
2025-08-01 09:18:42 AM,69.95,0,0.0,280645481.25
2025-08-01 09:18:43 AM,70.25,56325,3956831.25,284602312.5
2025-08-01 09:18:43 AM,70.3,0,0.0,284602312.5
2025-08-01 09:18:43 AM,70.2,1350,94770.0,284697082.5
2025-08-01 09:18:43 AM,69.95,0,0.0,284697082.5
2025-08-01 09:18:44 AM,70.2,0,0.0,284697082.5
2025-08-01 09:18:44 AM,70.35,0,0.0,284697082.5
2025-08-01 09:18:44 AM,70.1,10350,725534.9999999999,285422617.5
2025-08-01 09:18:44 AM,70.2,825,57915.0,285480532.5
2025-08-01 09:18:45 AM,70.15,0,0.0,285480532.5
2025-08-01 09:18:45 AM,70.25,0,0.0,285480532.5
2025-08-01 09:18:46 AM,70.6,0,0.0,285480532.5
2025-08-01 09:18:46 AM,70.65,11175,789513.7500000001,286270046.25
2025-08-01 09:18:46 AM,70.7,1875,132562.5,286402608.75
2025-08-01 09:18:46 AM,70.65,0,0.0,286402608.75
2025-08-01 09:18:47 AM,70.7,0,0.0,286402608.75
2025-08-01 09:18:47 AM,70.5,0,0.0,286402608.75
2025-08-01 09:18:48 AM,70.2,16500,1158300.0,287560908.75
2025-08-01 09:18:48 AM,69.9,0,0.0,287560908.75
2025-08-01 09:18:48 AM,69.75,1950,136012.5,287696921.25
2025-08-01 09:18:48 AM,69.5,0,0.0,287696921.25
2025-08-01 09:18:49 AM,69.2,0,0.0,287696921.25
2025-08-01 09:18:49 AM,69.35,0,0.0,287696921.25
2025-08-01 09:18:49 AM,69.2,9750,674700.0,288371621.25
2025-08-01 09:18:49 AM,69.2,1800,124560.0,288496181.25
2025-08-01 09:18:50 AM,68.9,0,0.0,288496181.25
2025-08-01 09:18:51 AM,68.95,29775,2052986.25,290549167.5
2025-08-01 09:18:51 AM,68.7,825,56677.5,290605845.0
2025-08-01 09:18:51 AM,68.8,0,0.0,290605845.0
2025-08-01 09:18:52 AM,69.05,0,0.0,290605845.0
2025-08-01 09:18:52 AM,68.9,0,0.0,290605845.0
2025-08-01 09:18:53 AM,68.7,21150,1453005.0,292058850.0
2025-08-01 09:18:53 AM,68.55,525,35988.75,292094838.75
2025-08-01 09:18:53 AM,69.1,0,0.0,292094838.75
2025-08-01 09:18:54 AM,69.0,0,0.0,292094838.75
2025-08-01 09:18:54 AM,68.95,0,0.0,292094838.75
2025-08-01 09:18:54 AM,69.6,24600,1712159.9999999998,293806998.75
2025-08-01 09:18:54 AM,69.75,4800,334800.0,294141798.75
2025-08-01 09:18:55 AM,69.5,0,0.0,294141798.75
2025-08-01 09:18:56 AM,69.35,0,0.0,294141798.75
2025-08-01 09:18:56 AM,69.55,13350,928492.5,295070291.25
2025-08-01 09:18:56 AM,69.2,75,5190.0,295075481.25
2025-08-01 09:18:56 AM,69.25,0,0.0,295075481.25
2025-08-01 09:18:57 AM,69.15,0,0.0,295075481.25
2025-08-01 09:18:57 AM,69.3,0,0.0,295075481.25
2025-08-01 09:18:58 AM,68.75,16950,1165312.5,296240793.75
2025-08-01 09:18:58 AM,68.8,0,0.0,296240793.75
2025-08-01 09:18:58 AM,68.85,1425,98111.24999999999,296338905.0
2025-08-01 09:18:58 AM,68.75,0,0.0,296338905.0
2025-08-01 09:18:59 AM,68.55,0,0.0,296338905.0
2025-08-01 09:18:59 AM,68.95,0,0.0,296338905.0
2025-08-01 09:18:59 AM,69.1,10500,725549.9999999999,297064455.0
2025-08-01 09:18:59 AM,68.9,450,31005.000000000004,297095460.0
2025-08-01 09:19:00 AM,69.35,0,0.0,297095460.0
2025-08-01 09:19:01 AM,69.05,0,0.0,297095460.0
2025-08-01 09:19:01 AM,68.95,19575,1349696.25,298445156.25
2025-08-01 09:19:01 AM,68.8,1800,123840.0,298568996.25
2025-08-01 09:19:01 AM,68.95,0,0.0,298568996.25
2025-08-01 09:19:02 AM,68.9,0,0.0,298568996.25
2025-08-01 09:19:03 AM,69.1,20850,1440734.9999999998,300009731.25
2025-08-01 09:19:03 AM,69.15,0,0.0,300009731.25
2025-08-01 09:19:03 AM,69.15,600,41490.0,300051221.25
2025-08-01 09:19:03 AM,69.35,0,0.0,300051221.25
2025-08-01 09:19:04 AM,69.45,0,0.0,300051221.25
2025-08-01 09:19:04 AM,69.8,0,0.0,300051221.25
2025-08-01 09:19:04 AM,70.0,5325,372750.0,300423971.25
2025-08-01 09:19:04 AM,69.95,375,26231.25,300450202.5
2025-08-01 09:19:05 AM,70.0,0,0.0,300450202.5
2025-08-01 09:19:05 AM,69.85,0,0.0,300450202.5
2025-08-01 09:19:06 AM,70.15,0,0.0,300450202.5
2025-08-01 09:19:06 AM,70.15,13350,936502.5000000001,301386705.0
2025-08-01 09:19:06 AM,70.2,2175,152685.0,301539390.0
2025-08-01 09:19:07 AM,69.95,0,0.0,301539390.0
2025-08-01 09:19:07 AM,70.15,0,0.0,301539390.0
2025-08-01 09:19:08 AM,70.15,6675,468251.25000000006,302007641.25
2025-08-01 09:19:08 AM,70.05,975,68298.75,302075940.0
2025-08-01 09:19:08 AM,70.1,0,0.0,302075940.0
2025-08-01 09:19:09 AM,69.85,0,0.0,302075940.0
2025-08-01 09:19:09 AM,69.75,0,0.0,302075940.0
2025-08-01 09:19:09 AM,69.75,9750,680062.5,302756002.5
2025-08-01 09:19:09 AM,69.8,375,26175.0,302782177.5
2025-08-01 09:19:10 AM,69.55,0,0.0,302782177.5
2025-08-01 09:19:10 AM,68.75,0,0.0,302782177.5
2025-08-01 09:19:11 AM,69.0,0,0.0,302782177.5
2025-08-01 09:19:11 AM,69.0,6750,465750.0,303247927.5
2025-08-01 09:19:11 AM,69.25,375,25968.75,303273896.25
2025-08-01 09:19:11 AM,69.35,0,0.0,303273896.25
2025-08-01 09:19:12 AM,69.85,0,0.0,303273896.25
2025-08-01 09:19:12 AM,69.8,0,0.0,303273896.25
2025-08-01 09:19:12 AM,70.0,53100,3717000.0,306990896.25
2025-08-01 09:19:13 AM,69.75,2700,188325.0,307179221.25
2025-08-01 09:19:13 AM,69.55,0,0.0,307179221.25
2025-08-01 09:19:13 AM,69.8,0,0.0,307179221.25
2025-08-01 09:19:14 AM,70.1,0,0.0,307179221.25
2025-08-01 09:19:14 AM,69.95,0,0.0,307179221.25
2025-08-01 09:19:14 AM,69.95,11925,834153.75,308013375.0
2025-08-01 09:19:14 AM,70.05,2250,157612.5,308170987.5
2025-08-01 09:19:15 AM,69.95,0,0.0,308170987.5
2025-08-01 09:19:15 AM,69.9,0,0.0,308170987.5
2025-08-01 09:19:16 AM,69.35,5925,410898.74999999994,308581886.25
2025-08-01 09:19:16 AM,69.35,4050,280867.5,308862753.75
2025-08-01 09:19:16 AM,69.25,0,0.0,308862753.75
2025-08-01 09:19:17 AM,69.2,6900,477480.0,309340233.75
2025-08-01 09:19:18 AM,69.4,2100,145740.0,309485973.75
2025-08-01 09:19:18 AM,69.25,0,0.0,309485973.75
2025-08-01 09:19:19 AM,68.7,0,0.0,309485973.75
2025-08-01 09:19:19 AM,68.75,0,0.0,309485973.75
2025-08-01 09:19:19 AM,68.75,26025,1789218.75,311275192.5
2025-08-01 09:19:19 AM,68.6,300,20580.0,311295772.5
2025-08-01 09:19:21 AM,68.3,46950,3206685.0,314502457.5
2025-08-01 09:19:21 AM,68.35,1575,107651.24999999999,314610108.75
2025-08-01 09:19:22 AM,68.2,0,0.0,314610108.75
2025-08-01 09:19:22 AM,68.05,0,0.0,314610108.75
2025-08-01 09:19:22 AM,68.0,26100,1774800.0,316384908.75
2025-08-01 09:19:23 AM,67.95,25575,1737821.25,318122730.0
2025-08-01 09:19:23 AM,68.1,0,0.0,318122730.0
2025-08-01 09:19:23 AM,68.0,0,0.0,318122730.0
2025-08-01 09:19:24 AM,68.05,0,0.0,318122730.0
2025-08-01 09:19:24 AM,67.35,24675,1661861.2499999998,319784591.25
2025-08-01 09:19:24 AM,67.25,1350,90787.5,319875378.75
2025-08-01 09:19:25 AM,66.85,0,0.0,319875378.75
2025-08-01 09:19:25 AM,67.25,0,0.0,319875378.75
2025-08-01 09:19:26 AM,66.85,34275,2291283.75,322166662.5
2025-08-01 09:19:26 AM,66.8,0,0.0,322166662.5
2025-08-01 09:19:26 AM,66.75,5250,350437.5,322517100.0
2025-08-01 09:19:26 AM,66.8,0,0.0,322517100.0
2025-08-01 09:19:27 AM,66.6,0,0.0,322517100.0
2025-08-01 09:19:27 AM,66.8,17100,1142280.0,323659380.0
2025-08-01 09:19:28 AM,67.0,5100,341700.0,324001080.0
2025-08-01 09:19:28 AM,67.15,0,0.0,324001080.0
2025-08-01 09:19:28 AM,67.3,0,0.0,324001080.0
2025-08-01 09:19:29 AM,66.85,0,0.0,324001080.0
2025-08-01 09:19:29 AM,66.9,0,0.0,324001080.0
2025-08-01 09:19:29 AM,66.9,30900,2067210.0000000002,326068290.0
2025-08-01 09:19:29 AM,66.95,1125,75318.75,326143608.75
2025-08-01 09:19:30 AM,66.8,0,0.0,326143608.75
2025-08-01 09:19:30 AM,67.3,0,0.0,326143608.75
2025-08-01 09:19:31 AM,67.45,22200,1497390.0,327640998.75
2025-08-01 09:19:31 AM,67.6,600,40560.0,327681558.75
2025-08-01 09:19:32 AM,67.95,0,0.0,327681558.75
2025-08-01 09:19:32 AM,67.85,15900,1078815.0,328760373.75
2025-08-01 09:19:33 AM,67.4,3000,202200.00000000003,328962573.75
2025-08-01 09:19:33 AM,67.45,0,0.0,328962573.75
2025-08-01 09:19:33 AM,67.8,0,0.0,328962573.75
2025-08-01 09:19:34 AM,67.6,0,0.0,328962573.75
2025-08-01 09:19:34 AM,67.3,0,0.0,328962573.75
2025-08-01 09:19:34 AM,67.3,12600,847980.0,329810553.75
2025-08-01 09:19:34 AM,67.5,1575,106312.5,329916866.25
2025-08-01 09:19:35 AM,67.7,0,0.0,329916866.25
2025-08-01 09:19:35 AM,67.8,0,0.0,329916866.25
2025-08-01 09:19:36 AM,67.5,5250,354375.0,330271241.25
2025-08-01 09:19:36 AM,67.45,675,45528.75,330316770.0
2025-08-01 09:19:37 AM,67.7,0,0.0,330316770.0
2025-08-01 09:19:37 AM,67.55,0,0.0,330316770.0
2025-08-01 09:19:37 AM,67.65,9075,613923.75,330930693.75
2025-08-01 09:19:38 AM,67.55,2625,177318.75,331108012.5
2025-08-01 09:19:38 AM,67.75,0,0.0,331108012.5
2025-08-01 09:19:38 AM,67.5,0,0.0,331108012.5
2025-08-01 09:19:39 AM,67.1,0,0.0,331108012.5
2025-08-01 09:19:39 AM,67.05,0,0.0,331108012.5
2025-08-01 09:19:39 AM,67.05,15750,1056037.5,332164050.0
2025-08-01 09:19:39 AM,67.35,1500,101024.99999999999,332265075.0
2025-08-01 09:19:40 AM,67.55,0,0.0,332265075.0
2025-08-01 09:19:40 AM,68.15,0,0.0,332265075.0
2025-08-01 09:19:41 AM,68.4,9600,656640.0,332921715.0
2025-08-01 09:19:41 AM,68.25,375,25593.75,332947308.75
2025-08-01 09:19:41 AM,68.1,0,0.0,332947308.75
2025-08-01 09:19:42 AM,68.55,0,0.0,332947308.75
2025-08-01 09:19:42 AM,68.4,6750,461700.00000000006,333409008.75
2025-08-01 09:19:43 AM,68.3,1275,87082.5,333496091.25
2025-08-01 09:19:43 AM,68.35,0,0.0,333496091.25
2025-08-01 09:19:43 AM,68.25,0,0.0,333496091.25
2025-08-01 09:19:44 AM,68.4,0,0.0,333496091.25
2025-08-01 09:19:44 AM,68.65,0,0.0,333496091.25
2025-08-01 09:19:44 AM,68.65,6375,437643.75000000006,333933735.0
2025-08-01 09:19:44 AM,68.25,2400,163800.0,334097535.0
2025-08-01 09:19:45 AM,67.8,0,0.0,334097535.0
2025-08-01 09:19:45 AM,68.0,0,0.0,334097535.0
2025-08-01 09:19:46 AM,67.7,14775,1000267.5,335097802.5
2025-08-01 09:19:46 AM,67.75,2475,167681.25,335265483.75
2025-08-01 09:19:46 AM,68.0,0,0.0,335265483.75
2025-08-01 09:19:47 AM,68.15,0,0.0,335265483.75
2025-08-01 09:19:47 AM,68.5,0,0.0,335265483.75
2025-08-01 09:19:47 AM,68.7,9525,654367.5,335919851.25
2025-08-01 09:19:48 AM,68.4,1050,71820.0,335991671.25
2025-08-01 09:19:48 AM,68.3,0,0.0,335991671.25
2025-08-01 09:19:49 AM,67.75,0,0.0,335991671.25
2025-08-01 09:19:49 AM,67.85,0,0.0,335991671.25
2025-08-01 09:19:49 AM,68.05,17775,1209588.75,337201260.0
2025-08-01 09:19:49 AM,67.9,75,5092.5,337206352.5
2025-08-01 09:19:50 AM,68.2,0,0.0,337206352.5
2025-08-01 09:19:50 AM,68.3,0,0.0,337206352.5
2025-08-01 09:19:51 AM,68.55,8400,575820.0,337782172.5
2025-08-01 09:19:51 AM,68.6,900,61739.99999999999,337843912.5
2025-08-01 09:19:52 AM,68.4,0,0.0,337843912.5
2025-08-01 09:19:52 AM,68.15,0,0.0,337843912.5
2025-08-01 09:19:52 AM,68.2,11850,808170.0,338652082.5
2025-08-01 09:19:53 AM,68.4,5775,395010.00000000006,339047092.5
2025-08-01 09:19:53 AM,68.5,0,0.0,339047092.5
2025-08-01 09:19:54 AM,68.4,0,0.0,339047092.5
2025-08-01 09:19:54 AM,68.55,0,0.0,339047092.5
2025-08-01 09:19:54 AM,68.75,6450,443437.5,339490530.0
2025-08-01 09:19:54 AM,68.85,2175,149748.75,339640278.75
2025-08-01 09:19:55 AM,69.1,0,0.0,339640278.75
2025-08-01 09:19:56 AM,68.75,0,0.0,339640278.75
2025-08-01 09:19:56 AM,68.75,13425,922968.75,340563247.5
2025-08-01 09:19:56 AM,68.55,1875,128531.25,340691778.75
2025-08-01 09:19:56 AM,68.3,0,0.0,340691778.75
2025-08-01 09:19:57 AM,68.0,0,0.0,340691778.75
2025-08-01 09:19:57 AM,68.0,19800,1346400.0,342038178.75
2025-08-01 09:19:58 AM,67.95,75,5096.25,342043275.0
2025-08-01 09:19:58 AM,67.55,0,0.0,342043275.0
2025-08-01 09:19:58 AM,67.85,0,0.0,342043275.0
2025-08-01 09:19:59 AM,67.55,0,0.0,342043275.0
2025-08-01 09:19:59 AM,67.45,11625,784106.25,342827381.25
2025-08-01 09:19:59 AM,67.55,0,0.0,342827381.25
2025-08-01 09:19:59 AM,67.35,4800,323280.0,343150661.25
2025-08-01 09:20:00 AM,67.7,0,0.0,343150661.25
2025-08-01 09:20:00 AM,67.65,0,0.0,343150661.25
2025-08-01 09:20:01 AM,68.25,20625,1407656.25,344558317.5
2025-08-01 09:20:01 AM,68.0,0,0.0,344558317.5
2025-08-01 09:20:01 AM,68.6,4950,339570.0,344897887.5
2025-08-01 09:20:01 AM,68.0,0,0.0,344897887.5
2025-08-01 09:20:02 AM,67.75,0,0.0,344897887.5
2025-08-01 09:20:02 AM,67.95,0,0.0,344897887.5
2025-08-01 09:20:02 AM,68.1,13725,934672.4999999999,345832560.0
2025-08-01 09:20:03 AM,68.5,0,0.0,345832560.0
2025-08-01 09:20:03 AM,68.55,0,0.0,345832560.0
2025-08-01 09:20:04 AM,68.9,0,0.0,345832560.0
2025-08-01 09:20:04 AM,68.9,11250,775125.0000000001,346607685.0
2025-08-01 09:20:04 AM,68.9,1650,113685.00000000001,346721370.0
2025-08-01 09:20:05 AM,69.2,0,0.0,346721370.0
2025-08-01 09:20:06 AM,69.25,10800,747900.0,347469270.0
2025-08-01 09:20:06 AM,69.05,0,0.0,347469270.0
2025-08-01 09:20:06 AM,69.5,1800,125100.0,347594370.0
2025-08-01 09:20:06 AM,69.75,0,0.0,347594370.0
2025-08-01 09:20:07 AM,69.1,0,0.0,347594370.0
2025-08-01 09:20:07 AM,69.05,0,0.0,347594370.0
2025-08-01 09:20:07 AM,69.5,9000,625500.0,348219870.0
2025-08-01 09:20:08 AM,69.5,1800,125100.0,348344970.0
2025-08-01 09:20:08 AM,69.0,0,0.0,348344970.0
2025-08-01 09:20:08 AM,69.25,0,0.0,348344970.0
2025-08-01 09:20:09 AM,69.15,0,0.0,348344970.0
2025-08-01 09:20:09 AM,69.15,15375,1063181.25,349408151.25
2025-08-01 09:20:09 AM,69.35,0,0.0,349408151.25
2025-08-01 09:20:09 AM,69.35,450,31207.499999999996,349439358.75
2025-08-01 09:20:10 AM,69.65,0,0.0,349439358.75
2025-08-01 09:20:10 AM,69.45,0,0.0,349439358.75
2025-08-01 09:20:11 AM,69.95,12225,855138.75,350294497.5
2025-08-01 09:20:11 AM,69.75,0,0.0,350294497.5
2025-08-01 09:20:11 AM,69.95,1350,94432.5,350388930.0
2025-08-01 09:20:12 AM,69.4,0,0.0,350388930.0
2025-08-01 09:20:12 AM,69.7,0,0.0,350388930.0
2025-08-01 09:20:12 AM,69.95,11625,813168.75,351202098.75
2025-08-01 09:20:12 AM,69.95,1125,78693.75,351280792.5
2025-08-01 09:20:13 AM,69.55,0,0.0,351280792.5
2025-08-01 09:20:13 AM,69.4,0,0.0,351280792.5
2025-08-01 09:20:14 AM,69.8,0,0.0,351280792.5
2025-08-01 09:20:14 AM,69.8,30975,2162055.0,353442847.5
2025-08-01 09:20:14 AM,69.8,18675,1303515.0,354746362.5
2025-08-01 09:20:15 AM,69.9,0,0.0,354746362.5
2025-08-01 09:20:15 AM,69.95,0,0.0,354746362.5
2025-08-01 09:20:16 AM,69.9,13650,954135.0000000001,355700497.5
2025-08-01 09:20:16 AM,69.8,600,41880.0,355742377.5
2025-08-01 09:20:16 AM,69.95,0,0.0,355742377.5
2025-08-01 09:20:16 AM,69.6,0,0.0,355742377.5
2025-08-01 09:20:17 AM,69.8,0,0.0,355742377.5
2025-08-01 09:20:17 AM,69.9,0,0.0,355742377.5
2025-08-01 09:20:17 AM,70.05,14175,992958.75,356735336.25
2025-08-01 09:20:17 AM,69.9,600,41940.0,356777276.25
2025-08-01 09:20:18 AM,69.95,0,0.0,356777276.25
2025-08-01 09:20:19 AM,69.45,0,0.0,356777276.25
2025-08-01 09:20:19 AM,69.6,8700,605520.0,357382796.25
2025-08-01 09:20:19 AM,69.5,0,0.0,357382796.25
2025-08-01 09:20:19 AM,69.55,4875,339056.25,357721852.5
2025-08-01 09:20:20 AM,70.3,0,0.0,357721852.5
2025-08-01 09:20:20 AM,70.45,0,0.0,357721852.5
2025-08-01 09:20:21 AM,70.35,11475,807266.2499999999,358529118.75
2025-08-01 09:20:21 AM,70.45,1950,137377.5,358666496.25
2025-08-01 09:20:21 AM,70.35,0,0.0,358666496.25
2025-08-01 09:20:22 AM,70.1,0,0.0,358666496.25
2025-08-01 09:20:22 AM,69.75,0,0.0,358666496.25
2025-08-01 09:20:22 AM,69.95,31050,2171947.5,360838443.75
2025-08-01 09:20:22 AM,69.75,1425,99393.75,360937837.5
2025-08-01 09:20:23 AM,69.6,0,0.0,360937837.5
2025-08-01 09:20:23 AM,69.45,0,0.0,360937837.5
2025-08-01 09:20:24 AM,69.7,0,0.0,360937837.5
2025-08-01 09:20:24 AM,69.6,17550,1221480.0,362159317.5
2025-08-01 09:20:24 AM,69.6,2925,203579.99999999997,362362897.5
2025-08-01 09:20:25 AM,69.5,0,0.0,362362897.5
2025-08-01 09:20:25 AM,69.45,0,0.0,362362897.5
2025-08-01 09:20:26 AM,69.3,8175,566527.5,362929425.0
2025-08-01 09:20:26 AM,69.25,1200,83100.0,363012525.0
2025-08-01 09:20:26 AM,69.35,0,0.0,363012525.0
2025-08-01 09:20:27 AM,69.25,0,0.0,363012525.0
2025-08-01 09:20:27 AM,69.2,0,0.0,363012525.0
2025-08-01 09:20:27 AM,69.0,8475,584775.0,363597300.0
2025-08-01 09:20:27 AM,69.1,375,25912.499999999996,363623212.5
2025-08-01 09:20:28 AM,69.7,0,0.0,363623212.5
2025-08-01 09:20:28 AM,69.2,0,0.0,363623212.5
2025-08-01 09:20:29 AM,69.1,0,0.0,363623212.5
2025-08-01 09:20:29 AM,69.0,10500,724500.0,364347712.5
2025-08-01 09:20:29 AM,69.0,1050,72450.0,364420162.5
2025-08-01 09:20:30 AM,69.25,0,0.0,364420162.5
2025-08-01 09:20:31 AM,69.25,16875,1168593.75,365588756.25
2025-08-01 09:20:31 AM,69.25,2175,150618.75,365739375.0
2025-08-01 09:20:31 AM,69.2,0,0.0,365739375.0
2025-08-01 09:20:32 AM,68.9,0,0.0,365739375.0
2025-08-01 09:20:32 AM,68.55,0,0.0,365739375.0
2025-08-01 09:20:32 AM,68.5,14325,981262.5,366720637.5
2025-08-01 09:20:32 AM,68.7,675,46372.5,366767010.0
2025-08-01 09:20:33 AM,68.5,0,0.0,366767010.0
2025-08-01 09:20:33 AM,68.3,0,0.0,366767010.0
2025-08-01 09:20:34 AM,68.25,0,0.0,366767010.0
2025-08-01 09:20:34 AM,68.5,6975,477787.5,367244797.5
2025-08-01 09:20:34 AM,68.6,0,0.0,367244797.5
2025-08-01 09:20:34 AM,68.6,450,30869.999999999996,367275667.5
2025-08-01 09:20:35 AM,68.65,0,0.0,367275667.5
2025-08-01 09:20:36 AM,69.05,10125,699131.25,367974798.75
2025-08-01 09:20:36 AM,68.75,4650,319687.5,368294486.25
2025-08-01 09:20:36 AM,68.4,0,0.0,368294486.25
2025-08-01 09:20:37 AM,68.55,0,0.0,368294486.25
2025-08-01 09:20:37 AM,68.65,0,0.0,368294486.25
2025-08-01 09:20:37 AM,68.65,9600,659040.0,368953526.25
2025-08-01 09:20:37 AM,68.7,750,51525.0,369005051.25
2025-08-01 09:20:38 AM,68.5,0,0.0,369005051.25
2025-08-01 09:20:38 AM,68.4,0,0.0,369005051.25
2025-08-01 09:20:39 AM,68.45,0,0.0,369005051.25
2025-08-01 09:20:39 AM,68.45,6525,446636.25,369451687.5
2025-08-01 09:20:39 AM,68.7,0,0.0,369451687.5
2025-08-01 09:20:39 AM,68.7,1425,97897.5,369549585.0
2025-08-01 09:20:40 AM,68.5,0,0.0,369549585.0
2025-08-01 09:20:40 AM,68.15,0,0.0,369549585.0
2025-08-01 09:20:40 AM,68.4,5625,384750.00000000006,369934335.0
2025-08-01 09:20:41 AM,68.2,1275,86955.0,370021290.0
2025-08-01 09:20:42 AM,68.55,0,0.0,370021290.0
2025-08-01 09:20:42 AM,68.25,14400,982800.0,371004090.0
2025-08-01 09:20:42 AM,68.35,225,15378.749999999998,371019468.75
2025-08-01 09:20:43 AM,67.95,0,0.0,371019468.75
2025-08-01 09:20:44 AM,67.4,0,0.0,371019468.75
2025-08-01 09:20:44 AM,67.4,20400,1374960.0,372394428.75
2025-08-01 09:20:44 AM,67.3,150,10095.0,372404523.75
2025-08-01 09:20:44 AM,67.45,0,0.0,372404523.75
2025-08-01 09:20:45 AM,66.75,0,0.0,372404523.75
2025-08-01 09:20:45 AM,67.1,0,0.0,372404523.75
2025-08-01 09:20:45 AM,66.95,28575,1913096.25,374317620.0
2025-08-01 09:20:46 AM,66.75,3600,240300.0,374557920.0
2025-08-01 09:20:46 AM,67.05,0,0.0,374557920.0
2025-08-01 09:20:47 AM,67.3,0,0.0,374557920.0
2025-08-01 09:20:47 AM,67.2,0,0.0,374557920.0
2025-08-01 09:20:47 AM,67.3,10200,686460.0,375244380.0
2025-08-01 09:20:47 AM,67.05,675,45258.75,375289638.75
2025-08-01 09:20:48 AM,67.0,0,0.0,375289638.75
2025-08-01 09:20:48 AM,67.2,0,0.0,375289638.75
2025-08-01 09:20:49 AM,66.7,0,0.0,375289638.75
2025-08-01 09:20:49 AM,66.25,15825,1048406.25,376338045.0
2025-08-01 09:20:49 AM,66.7,2700,180090.0,376518135.0
2025-08-01 09:20:49 AM,66.6,0,0.0,376518135.0
2025-08-01 09:20:50 AM,66.35,0,0.0,376518135.0
2025-08-01 09:20:50 AM,66.55,0,0.0,376518135.0
2025-08-01 09:20:50 AM,66.6,9825,654345.0,377172480.0
2025-08-01 09:20:51 AM,66.5,0,0.0,377172480.0
2025-08-01 09:20:51 AM,66.5,6750,448875.0,377621355.0
2025-08-01 09:20:51 AM,66.75,0,0.0,377621355.0
2025-08-01 09:20:52 AM,67.4,0,0.0,377621355.0
2025-08-01 09:20:52 AM,67.1,0,0.0,377621355.0
2025-08-01 09:20:52 AM,67.15,16575,1113011.25,378734366.25
2025-08-01 09:20:52 AM,67.1,825,55357.49999999999,378789723.75
2025-08-01 09:20:53 AM,67.2,0,0.0,378789723.75
2025-08-01 09:20:53 AM,67.0,0,0.0,378789723.75
2025-08-01 09:20:54 AM,66.95,0,0.0,378789723.75
2025-08-01 09:20:54 AM,66.7,8025,535267.5,379324991.25
2025-08-01 09:20:54 AM,66.8,225,15030.0,379340021.25
2025-08-01 09:20:54 AM,66.6,0,0.0,379340021.25
2025-08-01 09:20:55 AM,66.75,0,0.0,379340021.25
2025-08-01 09:20:55 AM,66.7,0,0.0,379340021.25
2025-08-01 09:20:55 AM,67.0,13650,914550.0,380254571.25
2025-08-01 09:20:56 AM,66.8,0,0.0,380254571.25
2025-08-01 09:20:56 AM,66.8,1350,90180.0,380344751.25
2025-08-01 09:20:56 AM,67.0,0,0.0,380344751.25
2025-08-01 09:20:57 AM,66.25,0,0.0,380344751.25
2025-08-01 09:20:57 AM,66.05,0,0.0,380344751.25
2025-08-01 09:20:57 AM,66.3,19425,1287877.5,381632628.75
2025-08-01 09:20:57 AM,66.35,900,59714.99999999999,381692343.75
2025-08-01 09:20:58 AM,66.5,0,0.0,381692343.75
2025-08-01 09:20:59 AM,66.2,0,0.0,381692343.75
2025-08-01 09:20:59 AM,66.45,13800,917010.0,382609353.75
2025-08-01 09:20:59 AM,66.25,525,34781.25,382644135.0
2025-08-01 09:20:59 AM,66.0,0,0.0,382644135.0
2025-08-01 09:21:00 AM,66.75,0,0.0,382644135.0
2025-08-01 09:21:00 AM,66.95,0,0.0,382644135.0
2025-08-01 09:21:00 AM,66.8,14925,996990.0,383641125.0
2025-08-01 09:21:01 AM,66.2,0,0.0,383641125.0
2025-08-01 09:21:01 AM,66.2,4200,278040.0,383919165.0
2025-08-01 09:21:01 AM,66.7,0,0.0,383919165.0
2025-08-01 09:21:02 AM,67.15,0,0.0,383919165.0
2025-08-01 09:21:02 AM,67.1,0,0.0,383919165.0
2025-08-01 09:21:02 AM,67.0,10200,683400.0,384602565.0
2025-08-01 09:21:02 AM,66.85,150,10027.5,384612592.5
2025-08-01 09:21:03 AM,67.15,0,0.0,384612592.5
2025-08-01 09:21:03 AM,66.85,0,0.0,384612592.5
2025-08-01 09:21:04 AM,67.2,0,0.0,384612592.5
2025-08-01 09:21:04 AM,67.4,6000,404400.00000000006,385016992.5
2025-08-01 09:21:04 AM,67.1,1275,85552.5,385102545.0
2025-08-01 09:21:04 AM,67.15,0,0.0,385102545.0
2025-08-01 09:21:05 AM,67.8,0,0.0,385102545.0
2025-08-01 09:21:05 AM,67.6,0,0.0,385102545.0
2025-08-01 09:21:05 AM,67.6,5250,354899.99999999994,385457445.0
2025-08-01 09:21:06 AM,67.65,0,0.0,385457445.0
2025-08-01 09:21:06 AM,67.65,1350,91327.50000000001,385548772.5
2025-08-01 09:21:06 AM,67.8,0,0.0,385548772.5
2025-08-01 09:21:07 AM,67.9,0,0.0,385548772.5
2025-08-01 09:21:07 AM,67.65,0,0.0,385548772.5
2025-08-01 09:21:07 AM,67.9,7125,483787.50000000006,386032560.0
2025-08-01 09:21:07 AM,67.7,1575,106627.5,386139187.5
2025-08-01 09:21:08 AM,67.75,0,0.0,386139187.5
2025-08-01 09:21:08 AM,66.9,0,0.0,386139187.5
2025-08-01 09:21:09 AM,67.15,0,0.0,386139187.5
2025-08-01 09:21:09 AM,67.15,17850,1198627.5,387337815.0
2025-08-01 09:21:09 AM,67.2,150,10080.0,387347895.0
2025-08-01 09:21:10 AM,67.25,0,0.0,387347895.0
2025-08-01 09:21:10 AM,66.7,0,0.0,387347895.0
2025-08-01 09:21:11 AM,66.7,7950,530265.0,387878160.0
2025-08-01 09:21:11 AM,66.6,0,0.0,387878160.0
2025-08-01 09:21:11 AM,66.6,2100,139860.0,388018020.0
2025-08-01 09:21:11 AM,66.65,0,0.0,388018020.0
2025-08-01 09:21:12 AM,66.9,0,0.0,388018020.0
2025-08-01 09:21:12 AM,66.95,3300,220935.0,388238955.0
2025-08-01 09:21:12 AM,67.0,0,0.0,388238955.0
2025-08-01 09:21:12 AM,66.55,2250,149737.5,388388692.5
2025-08-01 09:21:13 AM,66.8,0,0.0,388388692.5
2025-08-01 09:21:13 AM,67.15,0,0.0,388388692.5
2025-08-01 09:21:14 AM,67.05,0,0.0,388388692.5
2025-08-01 09:21:14 AM,66.65,8100,539865.0,388928557.5
2025-08-01 09:21:14 AM,67.1,150,10065.0,388938622.5
2025-08-01 09:21:14 AM,67.05,0,0.0,388938622.5
2025-08-01 09:21:15 AM,66.9,0,0.0,388938622.5
2025-08-01 09:21:15 AM,66.65,0,0.0,388938622.5
2025-08-01 09:21:16 AM,66.85,4500,300825.0,389239447.5
2025-08-01 09:21:16 AM,67.0,1200,80400.0,389319847.5
2025-08-01 09:21:16 AM,67.15,0,0.0,389319847.5
2025-08-01 09:21:16 AM,66.95,0,0.0,389319847.5
2025-08-01 09:21:17 AM,66.7,0,0.0,389319847.5
2025-08-01 09:21:17 AM,67.2,8175,549360.0,389869207.5
2025-08-01 09:21:17 AM,67.2,1275,85680.0,389954887.5
2025-08-01 09:21:18 AM,67.7,0,0.0,389954887.5
2025-08-01 09:21:18 AM,67.65,0,0.0,389954887.5
2025-08-01 09:21:19 AM,67.8,0,0.0,389954887.5
2025-08-01 09:21:19 AM,67.65,5700,385605.00000000006,390340492.5
2025-08-01 09:21:19 AM,67.8,300,20340.0,390360832.5
2025-08-01 09:21:20 AM,67.9,0,0.0,390360832.5
2025-08-01 09:21:21 AM,67.5,1350,91125.0,390451957.5
2025-08-01 09:21:21 AM,67.35,600,40410.0,390492367.5
2025-08-01 09:21:21 AM,67.15,0,0.0,390492367.5
2025-08-01 09:21:21 AM,67.3,0,0.0,390492367.5
2025-08-01 09:21:22 AM,67.4,0,0.0,390492367.5
2025-08-01 09:21:22 AM,67.3,6975,469417.5,390961785.0
2025-08-01 09:21:22 AM,67.4,4050,272970.0,391234755.0
2025-08-01 09:21:23 AM,67.65,0,0.0,391234755.0
2025-08-01 09:21:24 AM,67.55,0,0.0,391234755.0
2025-08-01 09:21:24 AM,67.8,6975,472905.0,391707660.0
2025-08-01 09:21:24 AM,67.65,1800,121770.00000000001,391829430.0
2025-08-01 09:21:25 AM,67.45,0,0.0,391829430.0
2025-08-01 09:21:25 AM,67.75,0,0.0,391829430.0
2025-08-01 09:21:26 AM,67.5,5175,349312.5,392178742.5
2025-08-01 09:21:26 AM,67.7,0,0.0,392178742.5
2025-08-01 09:21:26 AM,67.6,0,0.0,392178742.5
2025-08-01 09:21:27 AM,67.1,0,0.0,392178742.5
2025-08-01 09:21:27 AM,67.2,15150,1018080.0,393196822.5
2025-08-01 09:21:27 AM,67.35,1950,131332.5,393328155.0
2025-08-01 09:21:28 AM,67.5,0,0.0,393328155.0
2025-08-01 09:21:28 AM,67.1,0,0.0,393328155.0
2025-08-01 09:21:29 AM,67.25,0,0.0,393328155.0
2025-08-01 09:21:29 AM,67.45,31275,2109498.75,395437653.75
2025-08-01 09:21:29 AM,67.8,2250,152550.0,395590203.75
2025-08-01 09:21:29 AM,68.05,0,0.0,395590203.75
2025-08-01 09:21:30 AM,67.7,0,0.0,395590203.75
2025-08-01 09:21:30 AM,67.75,0,0.0,395590203.75
2025-08-01 09:21:31 AM,67.75,18975,1285556.25,396875760.0
2025-08-01 09:21:31 AM,67.75,375,25406.25,396901166.25
2025-08-01 09:21:31 AM,67.6,0,0.0,396901166.25
2025-08-01 09:21:31 AM,67.8,0,0.0,396901166.25
2025-08-01 09:21:32 AM,67.9,0,0.0,396901166.25
2025-08-01 09:21:32 AM,67.85,8325,564851.25,397466017.5
2025-08-01 09:21:32 AM,67.95,300,20385.0,397486402.5
2025-08-01 09:21:33 AM,68.0,0,0.0,397486402.5
2025-08-01 09:21:33 AM,67.7,0,0.0,397486402.5
2025-08-01 09:21:34 AM,67.15,21150,1420222.5000000002,398906625.0
2025-08-01 09:21:34 AM,67.2,0,0.0,398906625.0
2025-08-01 09:21:34 AM,67.0,675,45225.0,398951850.0
2025-08-01 09:21:34 AM,67.25,0,0.0,398951850.0
2025-08-01 09:21:35 AM,67.45,0,0.0,398951850.0
2025-08-01 09:21:35 AM,67.35,0,0.0,398951850.0
2025-08-01 09:21:36 AM,67.35,4725,318228.75,399270078.75
2025-08-01 09:21:36 AM,67.25,900,60525.0,399330603.75
2025-08-01 09:21:36 AM,67.4,0,0.0,399330603.75
2025-08-01 09:21:36 AM,67.25,0,0.0,399330603.75
2025-08-01 09:21:37 AM,67.05,0,0.0,399330603.75
2025-08-01 09:21:37 AM,66.95,9975,667826.25,399998430.0
2025-08-01 09:21:37 AM,66.5,9975,663337.5,400661767.5
2025-08-01 09:21:38 AM,66.4,0,0.0,400661767.5
2025-08-01 09:21:38 AM,66.45,0,0.0,400661767.5
2025-08-01 09:21:39 AM,66.0,0,0.0,400661767.5
2025-08-01 09:21:39 AM,65.9,22200,1462980.0000000002,402124747.5
2025-08-01 09:21:39 AM,65.75,1575,103556.25,402228303.75
2025-08-01 09:21:39 AM,66.0,0,0.0,402228303.75
2025-08-01 09:21:40 AM,66.1,0,0.0,402228303.75
2025-08-01 09:21:40 AM,66.45,0,0.0,402228303.75
2025-08-01 09:21:41 AM,66.45,8475,563163.75,402791467.5
2025-08-01 09:21:41 AM,66.25,1875,124218.75,402915686.25
2025-08-01 09:21:41 AM,66.1,0,0.0,402915686.25
2025-08-01 09:21:41 AM,66.15,0,0.0,402915686.25
2025-08-01 09:21:42 AM,65.8,0,0.0,402915686.25
2025-08-01 09:21:42 AM,65.95,11550,761722.5,403677408.75
2025-08-01 09:21:42 AM,66.0,0,0.0,403677408.75
2025-08-01 09:21:43 AM,65.7,750,49275.0,403726683.75
2025-08-01 09:21:43 AM,65.75,0,0.0,403726683.75
2025-08-01 09:21:43 AM,66.15,0,0.0,403726683.75
2025-08-01 09:21:44 AM,65.55,0,0.0,403726683.75
2025-08-01 09:21:44 AM,65.55,9225,604698.75,404331382.5
2025-08-01 09:21:44 AM,65.5,900,58950.0,404390332.5
2025-08-01 09:21:44 AM,65.45,0,0.0,404390332.5
2025-08-01 09:21:45 AM,65.65,0,0.0,404390332.5
2025-08-01 09:21:45 AM,65.7,0,0.0,404390332.5
2025-08-01 09:21:46 AM,65.5,18000,1179000.0,405569332.5
2025-08-01 09:21:46 AM,65.45,675,44178.75,405613511.25
2025-08-01 09:21:46 AM,65.35,0,0.0,405613511.25
2025-08-01 09:21:46 AM,65.3,0,0.0,405613511.25
2025-08-01 09:21:47 AM,65.65,0,0.0,405613511.25
2025-08-01 09:21:47 AM,66.25,4575,303093.75,405916605.0
2025-08-01 09:21:48 AM,66.65,4500,299925.0,406216530.0
2025-08-01 09:21:48 AM,66.4,0,0.0,406216530.0
2025-08-01 09:21:48 AM,66.5,0,0.0,406216530.0
2025-08-01 09:21:49 AM,66.4,0,0.0,406216530.0
2025-08-01 09:21:49 AM,66.7,6075,405202.5,406621732.5
2025-08-01 09:21:49 AM,66.75,600,40050.0,406661782.5
2025-08-01 09:21:49 AM,66.6,0,0.0,406661782.5
2025-08-01 09:21:50 AM,66.95,0,0.0,406661782.5
2025-08-01 09:21:50 AM,67.3,0,0.0,406661782.5
2025-08-01 09:21:51 AM,67.1,7350,493184.99999999994,407154967.5
2025-08-01 09:21:51 AM,67.25,300,20175.0,407175142.5
2025-08-01 09:21:51 AM,67.1,0,0.0,407175142.5
2025-08-01 09:21:52 AM,67.1,11025,739777.4999999999,407914920.0
2025-08-01 09:21:53 AM,67.25,225,15131.25,407930051.25
2025-08-01 09:21:53 AM,67.15,0,0.0,407930051.25
2025-08-01 09:21:54 AM,67.3,0,0.0,407930051.25
2025-08-01 09:21:54 AM,67.0,10350,693450.0,408623501.25
2025-08-01 09:21:54 AM,66.95,2025,135573.75,408759075.0
2025-08-01 09:21:54 AM,67.15,0,0.0,408759075.0
2025-08-01 09:21:55 AM,67.25,0,0.0,408759075.0
2025-08-01 09:21:56 AM,66.9,12600,842940.0000000001,409602015.0
2025-08-01 09:21:56 AM,66.95,375,25106.25,409627121.25
2025-08-01 09:21:56 AM,67.1,0,0.0,409627121.25
2025-08-01 09:21:56 AM,66.9,0,0.0,409627121.25
2025-08-01 09:21:57 AM,66.75,0,0.0,409627121.25
2025-08-01 09:21:57 AM,66.55,10425,693783.75,410320905.0
2025-08-01 09:21:58 AM,66.6,2700,179819.99999999997,410500725.0
2025-08-01 09:21:58 AM,66.65,0,0.0,410500725.0
2025-08-01 09:21:58 AM,66.75,0,0.0,410500725.0
2025-08-01 09:21:59 AM,66.95,0,0.0,410500725.0
2025-08-01 09:21:59 AM,66.65,7050,469882.50000000006,410970607.5
2025-08-01 09:21:59 AM,66.65,1200,79980.0,411050587.5
2025-08-01 09:22:00 AM,67.0,0,0.0,411050587.5
2025-08-01 09:22:00 AM,67.35,0,0.0,411050587.5
2025-08-01 09:22:01 AM,67.3,16875,1135687.5,412186275.0
2025-08-01 09:22:01 AM,67.4,1200,80880.0,412267155.0
2025-08-01 09:22:01 AM,67.5,0,0.0,412267155.0
2025-08-01 09:22:01 AM,67.9,0,0.0,412267155.0
2025-08-01 09:22:02 AM,68.2,0,0.0,412267155.0
2025-08-01 09:22:02 AM,67.85,21825,1480826.2499999998,413747981.25
2025-08-01 09:22:02 AM,68.0,0,0.0,413747981.25
2025-08-01 09:22:03 AM,68.05,1875,127593.75,413875575.0
2025-08-01 09:22:03 AM,67.9,0,0.0,413875575.0
2025-08-01 09:22:03 AM,68.0,0,0.0,413875575.0
2025-08-01 09:22:04 AM,68.35,0,0.0,413875575.0
2025-08-01 09:22:04 AM,68.2,5625,383625.0,414259200.0
2025-08-01 09:22:04 AM,68.35,600,41010.0,414300210.0
2025-08-01 09:22:04 AM,68.3,0,0.0,414300210.0
2025-08-01 09:22:05 AM,68.0,0,0.0,414300210.0
2025-08-01 09:22:05 AM,67.9,0,0.0,414300210.0
2025-08-01 09:22:06 AM,67.85,13350,905797.4999999999,415206007.5
2025-08-01 09:22:06 AM,67.75,1875,127031.25,415333038.75
2025-08-01 09:22:06 AM,67.6,0,0.0,415333038.75
2025-08-01 09:22:06 AM,67.7,0,0.0,415333038.75
2025-08-01 09:22:07 AM,67.5,0,0.0,415333038.75
2025-08-01 09:22:07 AM,67.6,2850,192659.99999999997,415525698.75
2025-08-01 09:22:08 AM,67.85,1125,76331.25,415602030.0
2025-08-01 09:22:08 AM,68.2,0,0.0,415602030.0
2025-08-01 09:22:08 AM,68.15,0,0.0,415602030.0
2025-08-01 09:22:09 AM,68.0,0,0.0,415602030.0
2025-08-01 09:22:09 AM,67.8,8775,594945.0,416196975.0
2025-08-01 09:22:09 AM,67.9,900,61110.00000000001,416258085.0
2025-08-01 09:22:09 AM,68.0,0,0.0,416258085.0
2025-08-01 09:22:10 AM,67.65,0,0.0,416258085.0
2025-08-01 09:22:10 AM,68.0,0,0.0,416258085.0
2025-08-01 09:22:11 AM,68.05,11025,750251.25,417008336.25
2025-08-01 09:22:11 AM,68.0,150,10200.0,417018536.25
2025-08-01 09:22:12 AM,68.15,0,0.0,417018536.25
2025-08-01 09:22:12 AM,67.85,5925,402011.24999999994,417420547.5
2025-08-01 09:22:12 AM,68.0,525,35700.0,417456247.5
2025-08-01 09:22:13 AM,68.15,0,0.0,417456247.5
2025-08-01 09:22:13 AM,68.9,0,0.0,417456247.5
2025-08-01 09:22:14 AM,69.1,0,0.0,417456247.5
2025-08-01 09:22:14 AM,68.9,17100,1178190.0,418634437.5
2025-08-01 09:22:14 AM,68.85,225,15491.249999999998,418649928.75
2025-08-01 09:22:14 AM,68.9,0,0.0,418649928.75
2025-08-01 09:22:15 AM,67.8,0,0.0,418649928.75
2025-08-01 09:22:15 AM,67.85,0,0.0,418649928.75
2025-08-01 09:22:16 AM,68.15,18600,1267590.0,419917518.75
2025-08-01 09:22:16 AM,68.15,225,15333.750000000002,419932852.5
2025-08-01 09:22:16 AM,68.25,0,0.0,419932852.5
2025-08-01 09:22:16 AM,68.0,0,0.0,419932852.5
2025-08-01 09:22:17 AM,67.6,0,0.0,419932852.5
2025-08-01 09:22:17 AM,67.95,5775,392411.25,420325263.75
2025-08-01 09:22:17 AM,68.0,375,25500.0,420350763.75
2025-08-01 09:22:18 AM,68.1,0,0.0,420350763.75
2025-08-01 09:22:18 AM,68.0,0,0.0,420350763.75
2025-08-01 09:22:19 AM,67.3,0,0.0,420350763.75
2025-08-01 09:22:19 AM,67.35,17475,1176941.25,421527705.0
2025-08-01 09:22:19 AM,67.4,1800,121320.00000000001,421649025.0
2025-08-01 09:22:19 AM,67.7,0,0.0,421649025.0
2025-08-01 09:22:20 AM,67.45,0,0.0,421649025.0
2025-08-01 09:22:20 AM,67.55,0,0.0,421649025.0
2025-08-01 09:22:21 AM,67.25,11700,786825.0,422435850.0
2025-08-01 09:22:21 AM,67.4,75,5055.0,422440905.0
2025-08-01 09:22:21 AM,67.45,0,0.0,422440905.0
2025-08-01 09:22:21 AM,67.5,0,0.0,422440905.0
2025-08-01 09:22:22 AM,67.35,0,0.0,422440905.0
2025-08-01 09:22:22 AM,67.35,9450,636457.5,423077362.5
2025-08-01 09:22:22 AM,67.35,1200,80820.0,423158182.5
2025-08-01 09:22:23 AM,67.0,0,0.0,423158182.5
2025-08-01 09:22:23 AM,67.15,0,0.0,423158182.5
2025-08-01 09:22:24 AM,67.7,0,0.0,423158182.5
2025-08-01 09:22:24 AM,67.7,9750,660075.0,423818257.5
2025-08-01 09:22:24 AM,67.75,225,15243.75,423833501.25
2025-08-01 09:22:25 AM,67.7,0,0.0,423833501.25
2025-08-01 09:22:26 AM,67.6,51975,3513509.9999999995,427347011.25
2025-08-01 09:22:26 AM,67.6,225,15209.999999999998,427362221.25
2025-08-01 09:22:26 AM,67.8,0,0.0,427362221.25
2025-08-01 09:22:27 AM,67.5,0,0.0,427362221.25
2025-08-01 09:22:27 AM,67.55,0,0.0,427362221.25
2025-08-01 09:22:27 AM,67.45,2625,177056.25,427539277.5
2025-08-01 09:22:27 AM,67.4,75,5055.0,427544332.5
2025-08-01 09:22:28 AM,67.7,0,0.0,427544332.5
2025-08-01 09:22:28 AM,67.55,0,0.0,427544332.5
2025-08-01 09:22:29 AM,67.35,0,0.0,427544332.5
2025-08-01 09:22:29 AM,67.1,9525,639127.5,428183460.0
2025-08-01 09:22:29 AM,67.15,75,5036.25,428188496.25
2025-08-01 09:22:30 AM,67.0,0,0.0,428188496.25
2025-08-01 09:22:30 AM,67.05,0,0.0,428188496.25
2025-08-01 09:22:31 AM,67.0,4950,331650.0,428520146.25
2025-08-01 09:22:31 AM,67.15,375,25181.250000000004,428545327.5
2025-08-01 09:22:31 AM,67.2,0,0.0,428545327.5
2025-08-01 09:22:32 AM,67.75,0,0.0,428545327.5
2025-08-01 09:22:32 AM,67.85,0,0.0,428545327.5
2025-08-01 09:22:32 AM,67.85,3375,228993.74999999997,428774321.25
2025-08-01 09:22:32 AM,68.0,1200,81600.0,428855921.25
2025-08-01 09:22:33 AM,68.15,0,0.0,428855921.25
2025-08-01 09:22:33 AM,68.05,0,0.0,428855921.25
2025-08-01 09:22:34 AM,68.0,0,0.0,428855921.25
2025-08-01 09:22:34 AM,68.0,10350,703800.0,429559721.25
2025-08-01 09:22:34 AM,67.95,75,5096.25,429564817.5
2025-08-01 09:22:34 AM,68.0,0,0.0,429564817.5
2025-08-01 09:22:35 AM,67.6,0,0.0,429564817.5
2025-08-01 09:22:35 AM,67.55,0,0.0,429564817.5
2025-08-01 09:22:36 AM,67.5,7425,501187.5,430066005.0
2025-08-01 09:22:36 AM,67.6,225,15209.999999999998,430081215.0
2025-08-01 09:22:36 AM,67.2,0,0.0,430081215.0
2025-08-01 09:22:37 AM,66.75,0,0.0,430081215.0
2025-08-01 09:22:37 AM,66.85,0,0.0,430081215.0
2025-08-01 09:22:37 AM,66.85,6975,466278.74999999994,430547493.75
2025-08-01 09:22:37 AM,66.85,75,5013.75,430552507.5
2025-08-01 09:22:38 AM,66.65,0,0.0,430552507.5
2025-08-01 09:22:38 AM,66.55,0,0.0,430552507.5
2025-08-01 09:22:39 AM,66.8,0,0.0,430552507.5
2025-08-01 09:22:39 AM,66.9,18975,1269427.5,431821935.0
2025-08-01 09:22:39 AM,66.9,75,5017.5,431826952.5
2025-08-01 09:22:40 AM,66.4,0,0.0,431826952.5
2025-08-01 09:22:40 AM,66.75,0,0.0,431826952.5
2025-08-01 09:22:41 AM,66.9,8400,561960.0,432388912.5
2025-08-01 09:22:41 AM,66.95,375,25106.25,432414018.75
2025-08-01 09:22:41 AM,67.05,0,0.0,432414018.75
2025-08-01 09:22:41 AM,67.1,0,0.0,432414018.75
2025-08-01 09:22:42 AM,66.9,0,0.0,432414018.75
2025-08-01 09:22:42 AM,67.0,0,0.0,432414018.75
2025-08-01 09:22:42 AM,67.0,5625,376875.0,432790893.75
2025-08-01 09:22:42 AM,66.85,3525,235646.24999999997,433026540.0
2025-08-01 09:22:43 AM,67.2,0,0.0,433026540.0
2025-08-01 09:22:44 AM,67.05,0,0.0,433026540.0
2025-08-01 09:22:44 AM,67.2,5850,393120.0,433419660.0
2025-08-01 09:22:44 AM,67.0,0,0.0,433419660.0
2025-08-01 09:22:45 AM,66.95,0,0.0,433419660.0
2025-08-01 09:22:46 AM,66.7,13125,875437.5,434295097.5
2025-08-01 09:22:46 AM,66.7,150,10005.0,434305102.5
2025-08-01 09:22:46 AM,66.8,0,0.0,434305102.5
2025-08-01 09:22:46 AM,66.35,0,0.0,434305102.5
2025-08-01 09:22:47 AM,66.0,0,0.0,434305102.5
2025-08-01 09:22:47 AM,66.4,0,0.0,434305102.5
2025-08-01 09:22:47 AM,66.4,16950,1125480.0,435430582.5
2025-08-01 09:22:47 AM,66.4,150,9960.0,435440542.5
2025-08-01 09:22:48 AM,66.5,0,0.0,435440542.5
2025-08-01 09:22:48 AM,66.6,0,0.0,435440542.5
2025-08-01 09:22:49 AM,66.35,0,0.0,435440542.5
2025-08-01 09:22:49 AM,66.4,10050,667320.0,436107862.5
2025-08-01 09:22:50 AM,66.15,0,0.0,436107862.5
2025-08-01 09:22:50 AM,66.4,0,0.0,436107862.5
2025-08-01 09:22:51 AM,66.4,9450,627480.0,436735342.5
2025-08-01 09:22:51 AM,66.4,5550,368520.00000000006,437103862.5
2025-08-01 09:22:51 AM,66.55,0,0.0,437103862.5
2025-08-01 09:22:51 AM,66.3,0,0.0,437103862.5
2025-08-01 09:22:52 AM,66.7,0,0.0,437103862.5
2025-08-01 09:22:52 AM,66.7,31575,2106052.5,439209915.0
2025-08-01 09:22:52 AM,66.9,525,35122.5,439245037.5
2025-08-01 09:22:53 AM,66.95,0,0.0,439245037.5
2025-08-01 09:22:53 AM,67.0,0,0.0,439245037.5
2025-08-01 09:22:54 AM,66.75,0,0.0,439245037.5
2025-08-01 09:22:54 AM,66.65,9300,619845.0,439864882.5
2025-08-01 09:22:54 AM,66.7,0,0.0,439864882.5
2025-08-01 09:22:55 AM,67.15,0,0.0,439864882.5
2025-08-01 09:22:55 AM,66.8,0,0.0,439864882.5
2025-08-01 09:22:56 AM,66.8,8325,556110.0,440420992.5
2025-08-01 09:22:56 AM,66.7,150,10005.0,440430997.5
2025-08-01 09:22:56 AM,66.8,0,0.0,440430997.5
2025-08-01 09:22:56 AM,66.7,0,0.0,440430997.5
2025-08-01 09:22:57 AM,66.55,0,0.0,440430997.5
2025-08-01 09:22:57 AM,66.65,0,0.0,440430997.5
2025-08-01 09:22:57 AM,66.65,8100,539865.0,440970862.5
2025-08-01 09:22:57 AM,66.5,2325,154612.5,441125475.0
2025-08-01 09:22:58 AM,66.3,0,0.0,441125475.0
2025-08-01 09:22:58 AM,66.5,0,0.0,441125475.0
2025-08-01 09:22:59 AM,66.5,11550,768075.0,441893550.0
2025-08-01 09:22:59 AM,66.55,300,19965.0,441913515.0
2025-08-01 09:22:59 AM,66.5,0,0.0,441913515.0
2025-08-01 09:23:01 AM,66.55,11550,768652.5,442682167.5
2025-08-01 09:23:01 AM,66.55,450,29947.5,442712115.0
2025-08-01 09:23:01 AM,66.8,0,0.0,442712115.0
2025-08-01 09:23:01 AM,66.6,0,0.0,442712115.0
2025-08-01 09:23:02 AM,66.65,0,0.0,442712115.0
2025-08-01 09:23:02 AM,66.55,0,0.0,442712115.0
2025-08-01 09:23:02 AM,66.5,6525,433912.5,443146027.5
2025-08-01 09:23:02 AM,66.7,450,30015.0,443176042.5
2025-08-01 09:23:03 AM,66.3,0,0.0,443176042.5
2025-08-01 09:23:03 AM,66.35,0,0.0,443176042.5
2025-08-01 09:23:04 AM,66.15,0,0.0,443176042.5
2025-08-01 09:23:04 AM,66.05,39000,2575950.0,445751992.5
2025-08-01 09:23:04 AM,65.85,3675,241998.74999999997,445993991.25
2025-08-01 09:23:04 AM,66.0,0,0.0,445993991.25
2025-08-01 09:23:05 AM,66.25,0,0.0,445993991.25
2025-08-01 09:23:06 AM,66.1,16425,1085692.5,447079683.75
2025-08-01 09:23:06 AM,66.05,75,4953.75,447084637.5
2025-08-01 09:23:06 AM,66.1,0,0.0,447084637.5
2025-08-01 09:23:06 AM,65.9,0,0.0,447084637.5
2025-08-01 09:23:07 AM,66.1,0,0.0,447084637.5
2025-08-01 09:23:07 AM,65.8,0,0.0,447084637.5
2025-08-01 09:23:07 AM,65.95,6225,410538.75,447495176.25
2025-08-01 09:23:07 AM,65.65,450,29542.500000000004,447524718.75
2025-08-01 09:23:08 AM,65.6,0,0.0,447524718.75
2025-08-01 09:23:08 AM,65.75,0,0.0,447524718.75
2025-08-01 09:23:09 AM,65.95,0,0.0,447524718.75
2025-08-01 09:23:09 AM,65.85,6150,404977.49999999994,447929696.25
2025-08-01 09:23:09 AM,65.8,0,0.0,447929696.25
2025-08-01 09:23:10 AM,65.55,0,0.0,447929696.25
2025-08-01 09:23:11 AM,65.7,9900,650430.0,448580126.25
2025-08-01 09:23:11 AM,65.65,300,19695.0,448599821.25
2025-08-01 09:23:11 AM,65.8,0,0.0,448599821.25
2025-08-01 09:23:11 AM,65.7,0,0.0,448599821.25
2025-08-01 09:23:12 AM,65.65,0,0.0,448599821.25
2025-08-01 09:23:12 AM,65.6,0,0.0,448599821.25
2025-08-01 09:23:12 AM,65.6,11250,737999.9999999999,449337821.25
2025-08-01 09:23:13 AM,65.9,0,0.0,449337821.25
2025-08-01 09:23:13 AM,66.3,0,0.0,449337821.25
2025-08-01 09:23:14 AM,65.95,15375,1013981.25,450351802.5
2025-08-01 09:23:14 AM,65.95,300,19785.0,450371587.5
2025-08-01 09:23:15 AM,66.35,0,0.0,450371587.5
2025-08-01 09:23:15 AM,66.0,0,0.0,450371587.5
2025-08-01 09:23:16 AM,65.9,3000,197700.00000000003,450569287.5
2025-08-01 09:23:16 AM,65.9,1800,118620.00000000001,450687907.5
2025-08-01 09:23:16 AM,66.0,0,0.0,450687907.5
2025-08-01 09:23:17 AM,66.05,0,0.0,450687907.5
2025-08-01 09:23:17 AM,65.8,0,0.0,450687907.5
2025-08-01 09:23:17 AM,65.65,10050,659782.5,451347690.0
2025-08-01 09:23:17 AM,65.75,225,14793.75,451362483.75
2025-08-01 09:23:18 AM,66.15,0,0.0,451362483.75
2025-08-01 09:23:18 AM,66.0,0,0.0,451362483.75
2025-08-01 09:23:19 AM,66.5,34050,2264325.0,453626808.75
2025-08-01 09:23:19 AM,66.3,75,4972.5,453631781.25
2025-08-01 09:23:20 AM,66.8,0,0.0,453631781.25
2025-08-01 09:23:21 AM,66.6,8700,579420.0,454211201.25
2025-08-01 09:23:21 AM,67.35,7875,530381.25,454741582.5
2025-08-01 09:23:21 AM,67.65,0,0.0,454741582.5
2025-08-01 09:23:21 AM,67.2,0,0.0,454741582.5
2025-08-01 09:23:22 AM,67.3,0,0.0,454741582.5
2025-08-01 09:23:22 AM,67.35,0,0.0,454741582.5
2025-08-01 09:23:22 AM,67.35,7275,489971.24999999994,455231553.75
2025-08-01 09:23:23 AM,67.45,0,0.0,455231553.75
2025-08-01 09:23:24 AM,67.65,12075,816873.7500000001,456048427.5
2025-08-01 09:23:24 AM,67.65,75,5073.75,456053501.25
2025-08-01 09:23:24 AM,67.8,0,0.0,456053501.25
2025-08-01 09:23:25 AM,67.55,0,0.0,456053501.25
2025-08-01 09:23:25 AM,67.9,0,0.0,456053501.25
2025-08-01 09:23:26 AM,68.1,13275,904027.4999999999,456957528.75
2025-08-01 09:23:26 AM,67.85,2700,183194.99999999997,457140723.75
2025-08-01 09:23:26 AM,67.05,0,0.0,457140723.75
2025-08-01 09:23:27 AM,67.15,0,0.0,457140723.75
2025-08-01 09:23:27 AM,67.0,0,0.0,457140723.75
2025-08-01 09:23:27 AM,67.0,39525,2648175.0,459788898.75
2025-08-01 09:23:27 AM,66.95,450,30127.5,459819026.25
2025-08-01 09:23:28 AM,67.05,0,0.0,459819026.25
2025-08-01 09:23:28 AM,67.1,0,0.0,459819026.25
2025-08-01 09:23:29 AM,67.05,0,0.0,459819026.25
2025-08-01 09:23:29 AM,67.05,4725,316811.25,460135837.5
2025-08-01 09:23:29 AM,66.95,1425,95403.75,460231241.25
2025-08-01 09:23:29 AM,67.0,0,0.0,460231241.25
2025-08-01 09:23:30 AM,67.05,0,0.0,460231241.25
2025-08-01 09:23:30 AM,67.2,0,0.0,460231241.25
2025-08-01 09:23:31 AM,67.2,5625,378000.0,460609241.25
2025-08-01 09:23:31 AM,66.95,1500,100425.0,460709666.25
2025-08-01 09:23:31 AM,67.1,0,0.0,460709666.25
2025-08-01 09:23:32 AM,66.95,0,0.0,460709666.25
2025-08-01 09:23:32 AM,66.85,0,0.0,460709666.25
2025-08-01 09:23:32 AM,66.85,6750,451237.49999999994,461160903.75
2025-08-01 09:23:32 AM,66.9,150,10035.0,461170938.75
2025-08-01 09:23:33 AM,66.95,0,0.0,461170938.75
2025-08-01 09:23:33 AM,66.85,0,0.0,461170938.75
2025-08-01 09:23:34 AM,66.9,0,0.0,461170938.75
2025-08-01 09:23:34 AM,66.9,8850,592065.0,461763003.75
2025-08-01 09:23:34 AM,67.0,225,15075.0,461778078.75
2025-08-01 09:23:35 AM,67.05,0,0.0,461778078.75
2025-08-01 09:23:35 AM,67.0,0,0.0,461778078.75
2025-08-01 09:23:36 AM,67.0,6675,447225.0,462225303.75
2025-08-01 09:23:36 AM,66.7,2025,135067.5,462360371.25
2025-08-01 09:23:36 AM,66.9,0,0.0,462360371.25
2025-08-01 09:23:36 AM,67.0,0,0.0,462360371.25
2025-08-01 09:23:37 AM,67.1,0,0.0,462360371.25
2025-08-01 09:23:37 AM,67.0,0,0.0,462360371.25
2025-08-01 09:23:37 AM,67.0,4950,331650.0,462692021.25
2025-08-01 09:23:37 AM,66.95,450,30127.5,462722148.75
2025-08-01 09:23:38 AM,67.15,0,0.0,462722148.75
2025-08-01 09:23:38 AM,67.2,0,0.0,462722148.75
2025-08-01 09:23:39 AM,67.45,0,0.0,462722148.75
2025-08-01 09:23:39 AM,67.45,5850,394582.5,463116731.25
2025-08-01 09:23:39 AM,67.55,975,65861.25,463182592.5
2025-08-01 09:23:40 AM,67.3,0,0.0,463182592.5
2025-08-01 09:23:40 AM,67.65,0,0.0,463182592.5
2025-08-01 09:23:41 AM,67.6,6000,405599.99999999994,463588192.5
2025-08-01 09:23:41 AM,67.85,1200,81420.0,463669612.5
2025-08-01 09:23:41 AM,67.9,0,0.0,463669612.5
2025-08-01 09:23:41 AM,67.85,0,0.0,463669612.5
2025-08-01 09:23:42 AM,67.95,0,0.0,463669612.5
2025-08-01 09:23:42 AM,67.75,0,0.0,463669612.5
2025-08-01 09:23:42 AM,67.8,7575,513585.0,464183197.5
2025-08-01 09:23:43 AM,67.85,8475,575028.75,464758226.25
2025-08-01 09:23:43 AM,68.0,0,0.0,464758226.25
2025-08-01 09:23:43 AM,68.1,0,0.0,464758226.25
2025-08-01 09:23:44 AM,68.15,0,0.0,464758226.25
2025-08-01 09:23:44 AM,68.15,11625,792243.7500000001,465550470.0
2025-08-01 09:23:44 AM,68.15,450,30667.500000000004,465581137.5
2025-08-01 09:23:45 AM,68.0,0,0.0,465581137.5
2025-08-01 09:23:46 AM,68.15,9150,623572.5,466204710.0
2025-08-01 09:23:46 AM,68.2,4125,281325.0,466486035.0
2025-08-01 09:23:46 AM,68.35,0,0.0,466486035.0
2025-08-01 09:23:47 AM,68.45,0,0.0,466486035.0
2025-08-01 09:23:47 AM,68.45,6225,426101.25,466912136.25
2025-08-01 09:23:48 AM,68.45,600,41070.0,466953206.25
2025-08-01 09:23:48 AM,68.5,0,0.0,466953206.25
2025-08-01 09:23:49 AM,68.55,0,0.0,466953206.25
2025-08-01 09:23:49 AM,68.7,6375,437962.5,467391168.75
2025-08-01 09:23:49 AM,68.75,1800,123750.0,467514918.75
2025-08-01 09:23:49 AM,68.85,0,0.0,467514918.75
2025-08-01 09:23:50 AM,68.8,0,0.0,467514918.75
2025-08-01 09:23:50 AM,68.75,0,0.0,467514918.75
2025-08-01 09:23:51 AM,68.65,14475,993708.7500000001,468508627.5
2025-08-01 09:23:51 AM,68.6,2400,164640.0,468673267.5
2025-08-01 09:23:51 AM,68.4,0,0.0,468673267.5
2025-08-01 09:23:52 AM,68.35,0,0.0,468673267.5
2025-08-01 09:23:52 AM,68.15,0,0.0,468673267.5
2025-08-01 09:23:52 AM,68.2,8550,583110.0,469256377.5
2025-08-01 09:23:53 AM,68.4,450,30780.000000000004,469287157.5
2025-08-01 09:23:53 AM,68.1,0,0.0,469287157.5
2025-08-01 09:23:53 AM,68.55,0,0.0,469287157.5
2025-08-01 09:23:54 AM,68.75,0,0.0,469287157.5
2025-08-01 09:23:54 AM,68.75,12450,855937.5,470143095.0
2025-08-01 09:23:54 AM,68.4,1650,112860.00000000001,470255955.0
2025-08-01 09:23:54 AM,68.55,0,0.0,470255955.0
2025-08-01 09:23:55 AM,68.6,0,0.0,470255955.0
2025-08-01 09:23:55 AM,68.65,0,0.0,470255955.0
2025-08-01 09:23:56 AM,68.7,4425,303997.5,470559952.5
2025-08-01 09:23:56 AM,68.7,1575,108202.5,470668155.0
2025-08-01 09:23:56 AM,68.45,0,0.0,470668155.0
2025-08-01 09:23:57 AM,68.4,0,0.0,470668155.0
2025-08-01 09:23:57 AM,68.2,0,0.0,470668155.0
2025-08-01 09:23:57 AM,68.4,9000,615600.0,471283755.0
2025-08-01 09:23:58 AM,68.45,225,15401.25,471299156.25
2025-08-01 09:23:58 AM,68.65,0,0.0,471299156.25
2025-08-01 09:23:58 AM,68.7,0,0.0,471299156.25
2025-08-01 09:23:59 AM,68.7,7650,525555.0,471824711.25
2025-08-01 09:23:59 AM,68.5,525,35962.5,471860673.75
2025-08-01 09:24:00 AM,68.15,0,0.0,471860673.75
2025-08-01 09:24:00 AM,68.2,0,0.0,471860673.75
2025-08-01 09:24:01 AM,68.15,11100,756465.0000000001,472617138.75
2025-08-01 09:24:01 AM,68.2,600,40920.0,472658058.75
2025-08-01 09:24:01 AM,68.25,0,0.0,472658058.75
2025-08-01 09:24:02 AM,68.45,0,0.0,472658058.75
2025-08-01 09:24:02 AM,68.8,0,0.0,472658058.75
2025-08-01 09:24:02 AM,68.9,11100,764790.0000000001,473422848.75
2025-08-01 09:24:03 AM,69.2,9750,674700.0,474097548.75
2025-08-01 09:24:03 AM,69.35,0,0.0,474097548.75
2025-08-01 09:24:03 AM,69.65,0,0.0,474097548.75
2025-08-01 09:24:04 AM,69.4,0,0.0,474097548.75
2025-08-01 09:24:04 AM,69.7,18525,1291192.5,475388741.25
2025-08-01 09:24:04 AM,69.8,525,36645.0,475425386.25
2025-08-01 09:24:04 AM,69.5,0,0.0,475425386.25
2025-08-01 09:24:05 AM,69.35,0,0.0,475425386.25
2025-08-01 09:24:06 AM,69.65,13050,908932.5000000001,476334318.75
2025-08-01 09:24:06 AM,69.7,0,0.0,476334318.75
2025-08-01 09:24:06 AM,69.7,4575,318877.5,476653196.25
2025-08-01 09:24:06 AM,69.6,0,0.0,476653196.25
2025-08-01 09:24:07 AM,69.3,0,0.0,476653196.25
2025-08-01 09:24:07 AM,68.95,0,0.0,476653196.25
2025-08-01 09:24:07 AM,68.95,18000,1241100.0,477894296.25
2025-08-01 09:24:08 AM,69.1,525,36277.5,477930573.75
2025-08-01 09:24:08 AM,69.3,0,0.0,477930573.75
2025-08-01 09:24:08 AM,69.5,0,0.0,477930573.75
2025-08-01 09:24:09 AM,69.2,0,0.0,477930573.75
2025-08-01 09:24:09 AM,69.15,11850,819427.5000000001,478750001.25
2025-08-01 09:24:09 AM,69.2,1650,114180.0,478864181.25
2025-08-01 09:24:09 AM,69.0,0,0.0,478864181.25
2025-08-01 09:24:10 AM,69.3,0,0.0,478864181.25
2025-08-01 09:24:10 AM,69.45,0,0.0,478864181.25
2025-08-01 09:24:11 AM,69.55,5700,396435.0,479260616.25
2025-08-01 09:24:11 AM,69.35,0,0.0,479260616.25
2025-08-01 09:24:11 AM,69.5,525,36487.5,479297103.75
2025-08-01 09:24:11 AM,69.15,0,0.0,479297103.75
2025-08-01 09:24:12 AM,68.85,0,0.0,479297103.75
2025-08-01 09:24:12 AM,68.9,21000,1446900.0000000002,480744003.75
2025-08-01 09:24:13 AM,68.85,375,25818.749999999996,480769822.5
2025-08-01 09:24:13 AM,69.15,0,0.0,480769822.5
2025-08-01 09:24:13 AM,68.95,0,0.0,480769822.5
2025-08-01 09:24:14 AM,69.05,0,0.0,480769822.5
2025-08-01 09:24:14 AM,69.0,8400,579600.0,481349422.5
2025-08-01 09:24:14 AM,68.6,1050,72030.0,481421452.5
2025-08-01 09:24:14 AM,68.8,0,0.0,481421452.5
2025-08-01 09:24:15 AM,68.95,0,0.0,481421452.5
2025-08-01 09:24:16 AM,68.8,19575,1346760.0,482768212.5
2025-08-01 09:24:16 AM,68.8,1650,113520.0,482881732.5
2025-08-01 09:24:16 AM,68.75,0,0.0,482881732.5
2025-08-01 09:24:17 AM,68.55,0,0.0,482881732.5
2025-08-01 09:24:17 AM,68.65,2400,164760.0,483046492.5
2025-08-01 09:24:18 AM,68.4,300,20520.0,483067012.5
2025-08-01 09:24:18 AM,68.25,0,0.0,483067012.5
2025-08-01 09:24:18 AM,67.8,0,0.0,483067012.5
2025-08-01 09:24:19 AM,68.05,0,0.0,483067012.5
2025-08-01 09:24:19 AM,68.05,15750,1071787.5,484138800.0
2025-08-01 09:24:19 AM,68.2,1875,127875.0,484266675.0
2025-08-01 09:24:19 AM,68.0,0,0.0,484266675.0
2025-08-01 09:24:20 AM,68.35,0,0.0,484266675.0
2025-08-01 09:24:20 AM,68.45,0,0.0,484266675.0
2025-08-01 09:24:21 AM,68.35,3675,251186.24999999997,484517861.25
2025-08-01 09:24:21 AM,68.45,0,0.0,484517861.25
2025-08-01 09:24:21 AM,68.45,2400,164280.0,484682141.25
2025-08-01 09:24:21 AM,68.4,0,0.0,484682141.25
2025-08-01 09:24:22 AM,68.1,0,0.0,484682141.25
2025-08-01 09:24:22 AM,68.35,0,0.0,484682141.25
2025-08-01 09:24:22 AM,68.3,5175,353452.5,485035593.75
2025-08-01 09:24:23 AM,68.4,600,41040.0,485076633.75
2025-08-01 09:24:23 AM,68.75,0,0.0,485076633.75
2025-08-01 09:24:23 AM,68.65,0,0.0,485076633.75
2025-08-01 09:24:24 AM,68.6,0,0.0,485076633.75
2025-08-01 09:24:24 AM,68.6,2850,195509.99999999997,485272143.75
2025-08-01 09:24:24 AM,68.65,450,30892.500000000004,485303036.25
2025-08-01 09:24:24 AM,68.45,0,0.0,485303036.25
2025-08-01 09:24:25 AM,68.55,0,0.0,485303036.25
2025-08-01 09:24:25 AM,68.5,0,0.0,485303036.25
2025-08-01 09:24:26 AM,68.65,4050,278032.5,485581068.75
2025-08-01 09:24:26 AM,68.7,0,0.0,485581068.75
2025-08-01 09:24:26 AM,68.7,2400,164880.0,485745948.75
2025-08-01 09:24:26 AM,68.55,0,0.0,485745948.75
2025-08-01 09:24:27 AM,68.95,0,0.0,485745948.75
2025-08-01 09:24:27 AM,68.8,0,0.0,485745948.75
2025-08-01 09:24:27 AM,68.75,16275,1118906.25,486864855.0
2025-08-01 09:24:28 AM,68.9,525,36172.5,486901027.5
2025-08-01 09:24:28 AM,69.1,0,0.0,486901027.5
2025-08-01 09:24:28 AM,68.9,0,0.0,486901027.5
2025-08-01 09:24:29 AM,69.1,0,0.0,486901027.5
2025-08-01 09:24:29 AM,69.25,4125,285656.25,487186683.75
2025-08-01 09:24:29 AM,69.3,675,46777.5,487233461.25
2025-08-01 09:24:29 AM,69.0,0,0.0,487233461.25
2025-08-01 09:24:30 AM,69.1,0,0.0,487233461.25
2025-08-01 09:24:30 AM,69.35,0,0.0,487233461.25
2025-08-01 09:24:31 AM,69.45,14850,1031332.5,488264793.75
2025-08-01 09:24:31 AM,69.4,0,0.0,488264793.75
2025-08-01 09:24:31 AM,69.3,2625,181912.5,488446706.25
2025-08-01 09:24:31 AM,69.5,0,0.0,488446706.25
2025-08-01 09:24:32 AM,69.6,0,0.0,488446706.25
2025-08-01 09:24:32 AM,69.75,10350,721912.5,489168618.75
2025-08-01 09:24:33 AM,69.75,525,36618.75,489205237.5
2025-08-01 09:24:33 AM,69.85,0,0.0,489205237.5
2025-08-01 09:24:33 AM,69.8,0,0.0,489205237.5
2025-08-01 09:24:34 AM,69.65,0,0.0,489205237.5
2025-08-01 09:24:34 AM,69.75,15525,1082868.75,490288106.25
2025-08-01 09:24:34 AM,69.75,600,41850.0,490329956.25
2025-08-01 09:24:34 AM,69.5,0,0.0,490329956.25
2025-08-01 09:24:35 AM,70.1,0,0.0,490329956.25
2025-08-01 09:24:35 AM,70.0,0,0.0,490329956.25
2025-08-01 09:24:36 AM,69.85,32625,2278856.25,492608812.5
2025-08-01 09:24:36 AM,69.5,0,0.0,492608812.5
2025-08-01 09:24:36 AM,69.55,5475,380786.25,492989598.75
2025-08-01 09:24:36 AM,69.7,0,0.0,492989598.75
2025-08-01 09:24:37 AM,69.6,0,0.0,492989598.75
2025-08-01 09:24:37 AM,69.55,0,0.0,492989598.75
2025-08-01 09:24:37 AM,69.7,14100,982770.0,493972368.75
2025-08-01 09:24:38 AM,69.8,825,57585.0,494029953.75
2025-08-01 09:24:38 AM,69.65,0,0.0,494029953.75
2025-08-01 09:24:38 AM,69.55,0,0.0,494029953.75
2025-08-01 09:24:39 AM,69.9,0,0.0,494029953.75
2025-08-01 09:24:39 AM,69.95,19200,1343040.0,495372993.75
2025-08-01 09:24:39 AM,69.95,75,5246.25,495378240.0
2025-08-01 09:24:40 AM,69.55,0,0.0,495378240.0
2025-08-01 09:24:40 AM,69.45,0,0.0,495378240.0
2025-08-01 09:24:41 AM,69.4,10050,697470.0,496075710.0
2025-08-01 09:24:41 AM,69.5,0,0.0,496075710.0
2025-08-01 09:24:41 AM,69.5,2250,156375.0,496232085.0
2025-08-01 09:24:42 AM,69.8,0,0.0,496232085.0
2025-08-01 09:24:42 AM,69.65,7650,532822.5,496764907.5
2025-08-01 09:24:43 AM,69.8,2250,157050.0,496921957.5
2025-08-01 09:24:43 AM,69.55,0,0.0,496921957.5
2025-08-01 09:24:43 AM,69.95,0,0.0,496921957.5
2025-08-01 09:24:44 AM,70.5,0,0.0,496921957.5
2025-08-01 09:24:44 AM,70.5,12300,867150.0,497789107.5
2025-08-01 09:24:44 AM,70.55,1125,79368.75,497868476.25
2025-08-01 09:24:44 AM,70.35,0,0.0,497868476.25
2025-08-01 09:24:45 AM,70.5,0,0.0,497868476.25
2025-08-01 09:24:46 AM,70.6,11250,794249.9999999999,498662726.25
2025-08-01 09:24:46 AM,70.55,0,0.0,498662726.25
2025-08-01 09:24:46 AM,70.55,4350,306892.5,498969618.75
2025-08-01 09:24:46 AM,70.6,0,0.0,498969618.75
2025-08-01 09:24:47 AM,70.55,15375,1084706.25,500054325.0
2025-08-01 09:24:47 AM,70.3,0,0.0,500054325.0
2025-08-01 09:24:48 AM,70.35,3675,258536.24999999997,500312861.25
2025-08-01 09:24:48 AM,70.15,0,0.0,500312861.25
2025-08-01 09:24:48 AM,70.2,0,0.0,500312861.25
2025-08-01 09:24:49 AM,70.65,28950,2045317.5000000002,502358178.75
2025-08-01 09:24:49 AM,70.6,2400,169440.0,502527618.75
2025-08-01 09:24:49 AM,70.5,0,0.0,502527618.75
2025-08-01 09:24:50 AM,70.85,0,0.0,502527618.75
2025-08-01 09:24:50 AM,70.75,0,0.0,502527618.75
2025-08-01 09:24:51 AM,70.6,32025,2260965.0,504788583.75
2025-08-01 09:24:51 AM,70.8,0,0.0,504788583.75
2025-08-01 09:24:51 AM,70.8,1650,116820.0,504905403.75
2025-08-01 09:24:51 AM,70.55,0,0.0,504905403.75
2025-08-01 09:24:52 AM,70.8,0,0.0,504905403.75
2025-08-01 09:24:52 AM,70.75,13950,986962.5,505892366.25
2025-08-01 09:24:52 AM,70.8,0,0.0,505892366.25
2025-08-01 09:24:53 AM,70.9,4575,324367.5,506216733.75
2025-08-01 09:24:53 AM,71.2,0,0.0,506216733.75
2025-08-01 09:24:53 AM,70.85,0,0.0,506216733.75
2025-08-01 09:24:54 AM,71.0,26775,1901025.0,508117758.75
2025-08-01 09:24:54 AM,71.0,2550,181050.0,508298808.75
2025-08-01 09:24:54 AM,71.1,0,0.0,508298808.75
2025-08-01 09:24:55 AM,71.0,0,0.0,508298808.75
2025-08-01 09:24:56 AM,71.0,14250,1011750.0,509310558.75
2025-08-01 09:24:56 AM,70.8,1125,79650.0,509390208.75
2025-08-01 09:24:56 AM,70.95,0,0.0,509390208.75
2025-08-01 09:24:56 AM,71.0,0,0.0,509390208.75
2025-08-01 09:24:57 AM,70.9,0,0.0,509390208.75
2025-08-01 09:24:57 AM,70.8,12750,902700.0,510292908.75
2025-08-01 09:24:58 AM,70.55,1800,126990.0,510419898.75
2025-08-01 09:24:58 AM,70.5,0,0.0,510419898.75
2025-08-01 09:24:58 AM,70.7,0,0.0,510419898.75
2025-08-01 09:24:59 AM,70.55,5700,402135.0,510822033.75
2025-08-01 09:24:59 AM,70.6,0,0.0,510822033.75
2025-08-01 09:24:59 AM,70.65,4125,291431.25,511113465.0
2025-08-01 09:24:59 AM,70.6,0,0.0,511113465.0
2025-08-01 09:25:00 AM,69.85,0,0.0,511113465.0
2025-08-01 09:25:00 AM,69.8,0,0.0,511113465.0
2025-08-01 09:25:01 AM,69.95,55800,3903210.0,515016675.0
2025-08-01 09:25:01 AM,70.3,3375,237262.5,515253937.5
2025-08-01 09:25:01 AM,70.1,0,0.0,515253937.5
2025-08-01 09:25:02 AM,70.55,0,0.0,515253937.5
2025-08-01 09:25:02 AM,70.55,21000,1481550.0,516735487.5
2025-08-01 09:25:02 AM,70.35,0,0.0,516735487.5
2025-08-01 09:25:03 AM,70.6,2625,185324.99999999997,516920812.5
2025-08-01 09:25:03 AM,70.55,0,0.0,516920812.5
2025-08-01 09:25:03 AM,71.2,0,0.0,516920812.5
2025-08-01 09:25:04 AM,71.05,12975,921873.75,517842686.25
2025-08-01 09:25:04 AM,71.15,1425,101388.75000000001,517944075.0
2025-08-01 09:25:05 AM,71.6,0,0.0,517944075.0
2025-08-01 09:25:06 AM,71.9,15300,1100070.0,519044145.0
2025-08-01 09:25:06 AM,71.8,150,10770.0,519054915.0
2025-08-01 09:25:06 AM,71.7,0,0.0,519054915.0
2025-08-01 09:25:07 AM,72.1,0,0.0,519054915.0
2025-08-01 09:25:07 AM,72.15,23025,1661253.7500000002,520716168.75
2025-08-01 09:25:07 AM,72.1,0,0.0,520716168.75
2025-08-01 09:25:08 AM,71.95,3225,232038.75,520948207.5
2025-08-01 09:25:08 AM,71.9,0,0.0,520948207.5
2025-08-01 09:25:08 AM,72.0,0,0.0,520948207.5
2025-08-01 09:25:09 AM,72.15,19575,1412336.25,522360543.75
2025-08-01 09:25:09 AM,72.1,0,0.0,522360543.75
2025-08-01 09:25:09 AM,72.4,17400,1259760.0,523620303.75
2025-08-01 09:25:09 AM,72.35,0,0.0,523620303.75
2025-08-01 09:25:10 AM,73.1,0,0.0,523620303.75
2025-08-01 09:25:11 AM,73.05,55950,4087147.5,527707451.25
2025-08-01 09:25:11 AM,73.5,6525,479587.5,528187038.75
2025-08-01 09:25:11 AM,73.15,0,0.0,528187038.75
2025-08-01 09:25:11 AM,73.3,0,0.0,528187038.75
2025-08-01 09:25:12 AM,73.45,0,0.0,528187038.75
2025-08-01 09:25:12 AM,72.9,24900,1815210.0000000002,530002248.75
2025-08-01 09:25:13 AM,72.95,4725,344688.75,530346937.5
2025-08-01 09:25:13 AM,73.05,0,0.0,530346937.5
2025-08-01 09:25:13 AM,73.1,0,0.0,530346937.5
2025-08-01 09:25:14 AM,73.35,22050,1617367.4999999998,531964305.0
2025-08-01 09:25:14 AM,73.35,13200,968219.9999999999,532932525.0
2025-08-01 09:25:14 AM,73.1,0,0.0,532932525.0
2025-08-01 09:25:15 AM,73.35,0,0.0,532932525.0
2025-08-01 09:25:15 AM,73.45,0,0.0,532932525.0
2025-08-01 09:25:16 AM,73.3,22875,1676737.5,534609262.5
2025-08-01 09:25:16 AM,73.25,3750,274687.5,534883950.0
2025-08-01 09:25:16 AM,73.65,0,0.0,534883950.0
2025-08-01 09:25:16 AM,73.6,0,0.0,534883950.0
2025-08-01 09:25:17 AM,73.55,0,0.0,534883950.0
2025-08-01 09:25:17 AM,73.2,29475,2157570.0,537041520.0
2025-08-01 09:25:18 AM,73.6,4425,325680.0,537367200.0
2025-08-01 09:25:18 AM,73.35,0,0.0,537367200.0
2025-08-01 09:25:18 AM,73.65,0,0.0,537367200.0
2025-08-01 09:25:19 AM,73.4,47775,3506685.0000000005,540873885.0
2025-08-01 09:25:19 AM,73.6,0,0.0,540873885.0
2025-08-01 09:25:19 AM,73.55,7350,540592.5,541414477.5
2025-08-01 09:25:19 AM,73.75,0,0.0,541414477.5
2025-08-01 09:25:20 AM,73.95,0,0.0,541414477.5
2025-08-01 09:25:20 AM,73.85,0,0.0,541414477.5
2025-08-01 09:25:21 AM,73.55,13200,970860.0,542385337.5
2025-08-01 09:25:21 AM,73.45,3375,247893.75,542633231.25
2025-08-01 09:25:21 AM,73.5,0,0.0,542633231.25
2025-08-01 09:25:21 AM,73.75,0,0.0,542633231.25
2025-08-01 09:25:22 AM,73.85,0,0.0,542633231.25
2025-08-01 09:25:22 AM,73.6,16050,1181280.0,543814511.25
2025-08-01 09:25:22 AM,73.75,0,0.0,543814511.25
2025-08-01 09:25:23 AM,73.9,8025,593047.5,544407558.75
2025-08-01 09:25:23 AM,74.0,0,0.0,544407558.75
2025-08-01 09:25:23 AM,73.7,0,0.0,544407558.75
2025-08-01 09:25:24 AM,73.95,30150,2229592.5,546637151.25
2025-08-01 09:25:24 AM,74.2,0,0.0,546637151.25
2025-08-01 09:25:24 AM,74.1,5175,383467.49999999994,547020618.75
2025-08-01 09:25:25 AM,74.05,0,0.0,547020618.75
2025-08-01 09:25:26 AM,74.25,23325,1731881.25,548752500.0
2025-08-01 09:25:26 AM,74.1,1575,116707.49999999999,548869207.5
2025-08-01 09:25:26 AM,74.05,0,0.0,548869207.5
2025-08-01 09:25:26 AM,74.15,0,0.0,548869207.5
2025-08-01 09:25:27 AM,74.1,0,0.0,548869207.5
2025-08-01 09:25:27 AM,73.95,22575,1669421.25,550538628.75
2025-08-01 09:25:27 AM,74.05,0,0.0,550538628.75
2025-08-01 09:25:28 AM,74.1,3675,272317.5,550810946.25
2025-08-01 09:25:28 AM,73.5,0,0.0,550810946.25
2025-08-01 09:25:28 AM,73.8,0,0.0,550810946.25
2025-08-01 09:25:29 AM,73.95,40050,2961697.5,553772643.75
2025-08-01 09:25:29 AM,74.2,0,0.0,553772643.75
2025-08-01 09:25:29 AM,74.2,3675,272685.0,554045328.75
2025-08-01 09:25:29 AM,74.3,0,0.0,554045328.75
2025-08-01 09:25:30 AM,73.9,0,0.0,554045328.75
2025-08-01 09:25:30 AM,74.0,0,0.0,554045328.75
2025-08-01 09:25:31 AM,74.1,17850,1322685.0,555368013.75
2025-08-01 09:25:31 AM,74.3,2850,211755.0,555579768.75
2025-08-01 09:25:31 AM,74.1,0,0.0,555579768.75
2025-08-01 09:25:31 AM,73.95,0,0.0,555579768.75
2025-08-01 09:25:32 AM,73.35,0,0.0,555579768.75
2025-08-01 09:25:32 AM,74.0,31125,2303250.0,557883018.75
2025-08-01 09:25:33 AM,73.55,4200,308910.0,558191928.75
2025-08-01 09:25:33 AM,73.15,0,0.0,558191928.75
2025-08-01 09:25:33 AM,73.05,0,0.0,558191928.75
2025-08-01 09:25:34 AM,73.55,16125,1185993.75,559377922.5
2025-08-01 09:25:34 AM,73.6,0,0.0,559377922.5
2025-08-01 09:25:34 AM,73.4,15450,1134030.0,560511952.5
2025-08-01 09:25:35 AM,73.45,0,0.0,560511952.5
2025-08-01 09:25:35 AM,73.2,0,0.0,560511952.5
2025-08-01 09:25:36 AM,73.35,22950,1683382.4999999998,562195335.0
2025-08-01 09:25:36 AM,73.55,1200,88260.0,562283595.0
2025-08-01 09:25:36 AM,73.5,0,0.0,562283595.0
2025-08-01 09:25:37 AM,73.6,0,0.0,562283595.0
2025-08-01 09:25:37 AM,73.55,11025,810888.75,563094483.75
2025-08-01 09:25:37 AM,73.35,0,0.0,563094483.75
2025-08-01 09:25:38 AM,73.9,5400,399060.00000000006,563493543.75
2025-08-01 09:25:38 AM,73.8,0,0.0,563493543.75
2025-08-01 09:25:38 AM,73.7,0,0.0,563493543.75
2025-08-01 09:25:39 AM,73.9,12300,908970.0000000001,564402513.75
2025-08-01 09:25:39 AM,73.95,0,0.0,564402513.75
2025-08-01 09:25:39 AM,74.0,4275,316350.0,564718863.75
2025-08-01 09:25:39 AM,73.8,0,0.0,564718863.75
2025-08-01 09:25:40 AM,73.9,0,0.0,564718863.75
2025-08-01 09:25:40 AM,74.0,0,0.0,564718863.75
2025-08-01 09:25:41 AM,73.55,14025,1031538.75,565750402.5
2025-08-01 09:25:41 AM,73.65,4200,309330.0,566059732.5
2025-08-01 09:25:41 AM,73.5,0,0.0,566059732.5
2025-08-01 09:25:41 AM,73.2,0,0.0,566059732.5
2025-08-01 09:25:42 AM,73.45,0,0.0,566059732.5
2025-08-01 09:25:42 AM,73.5,12000,882000.0,566941732.5
2025-08-01 09:25:43 AM,74.0,2325,172050.0,567113782.5
2025-08-01 09:25:43 AM,73.7,0,0.0,567113782.5
2025-08-01 09:25:43 AM,74.7,0,0.0,567113782.5
2025-08-01 09:25:44 AM,74.8,116025,8678670.0,575792452.5
2025-08-01 09:25:44 AM,75.0,0,0.0,575792452.5
2025-08-01 09:25:44 AM,75.25,11100,835275.0,576627727.5
2025-08-01 09:25:44 AM,75.3,0,0.0,576627727.5
2025-08-01 09:25:45 AM,75.2,0,0.0,576627727.5
2025-08-01 09:25:45 AM,75.7,0,0.0,576627727.5
2025-08-01 09:25:46 AM,75.45,31425,2371016.25,578998743.75
2025-08-01 09:25:46 AM,75.2,3450,259440.0,579258183.75
2025-08-01 09:25:46 AM,75.55,0,0.0,579258183.75
2025-08-01 09:25:47 AM,74.55,0,0.0,579258183.75
2025-08-01 09:25:47 AM,74.3,0,0.0,579258183.75
2025-08-01 09:25:47 AM,74.6,34425,2568105.0,581826288.75
2025-08-01 09:25:48 AM,74.55,4050,301927.5,582128216.25
2025-08-01 09:25:48 AM,74.65,0,0.0,582128216.25
2025-08-01 09:25:48 AM,74.45,0,0.0,582128216.25
2025-08-01 09:25:49 AM,74.5,14775,1100737.5,583228953.75
2025-08-01 09:25:49 AM,74.6,0,0.0,583228953.75
2025-08-01 09:25:49 AM,75.05,5625,422156.25,583651110.0
2025-08-01 09:25:49 AM,74.9,0,0.0,583651110.0
2025-08-01 09:25:50 AM,75.4,0,0.0,583651110.0
2025-08-01 09:25:51 AM,75.2,20850,1567920.0,585219030.0
2025-08-01 09:25:51 AM,75.3,1050,79065.0,585298095.0
2025-08-01 09:25:51 AM,75.4,0,0.0,585298095.0
2025-08-01 09:25:51 AM,75.3,0,0.0,585298095.0
2025-08-01 09:25:52 AM,75.5,0,0.0,585298095.0
2025-08-01 09:25:52 AM,75.25,0,0.0,585298095.0
2025-08-01 09:25:52 AM,75.25,21525,1619756.25,586917851.25
2025-08-01 09:25:53 AM,75.35,9300,700755.0,587618606.25
2025-08-01 09:25:53 AM,75.25,0,0.0,587618606.25
2025-08-01 09:25:54 AM,75.15,15225,1144158.75,588762765.0
2025-08-01 09:25:54 AM,75.05,0,0.0,588762765.0
2025-08-01 09:25:54 AM,74.9,8175,612307.5,589375072.5
2025-08-01 09:25:54 AM,75.05,0,0.0,589375072.5
2025-08-01 09:25:55 AM,74.75,0,0.0,589375072.5
2025-08-01 09:25:55 AM,75.1,0,0.0,589375072.5
2025-08-01 09:25:56 AM,75.25,20700,1557675.0,590932747.5
2025-08-01 09:25:56 AM,75.15,2775,208541.25000000003,591141288.75
2025-08-01 09:25:56 AM,75.1,0,0.0,591141288.75
2025-08-01 09:25:56 AM,75.25,0,0.0,591141288.75
2025-08-01 09:25:57 AM,76.25,0,0.0,591141288.75
2025-08-01 09:25:57 AM,76.2,0,0.0,591141288.75
2025-08-01 09:25:57 AM,76.3,52275,3988582.5,595129871.25
2025-08-01 09:25:58 AM,76.5,7050,539325.0,595669196.25
2025-08-01 09:25:58 AM,76.85,0,0.0,595669196.25
2025-08-01 09:25:59 AM,76.8,46125,3542400.0,599211596.25
2025-08-01 09:25:59 AM,76.55,0,0.0,599211596.25
2025-08-01 09:25:59 AM,76.5,9075,694237.5,599905833.75
2025-08-01 09:25:59 AM,76.7,0,0.0,599905833.75
2025-08-01 09:26:00 AM,76.3,0,0.0,599905833.75
2025-08-01 09:26:00 AM,76.2,0,0.0,599905833.75
2025-08-01 09:26:01 AM,76.15,33750,2570062.5,602475896.25
2025-08-01 09:26:01 AM,76.3,2325,177397.5,602653293.75
2025-08-01 09:26:01 AM,76.1,0,0.0,602653293.75
2025-08-01 09:26:01 AM,76.45,0,0.0,602653293.75
2025-08-01 09:26:02 AM,76.65,0,0.0,602653293.75
