date,price,qty,trnvr,cum_trnvr
2025-08-01 09:15:00 AM,79.9,75,5992.5,5992.5
2025-08-01 09:15:00 AM,81.45,0,0.0,5992.5
2025-08-01 09:15:00 AM,78.95,0,0.0,5992.5
2025-08-01 09:15:00 AM,77.35,600,46410.0,52402.5
2025-08-01 09:15:00 AM,77.8,0,0.0,52402.5
2025-08-01 09:15:01 AM,77.95,750,58462.5,110865.0
2025-08-01 09:15:01 AM,78.45,1575,123558.75,234423.75
2025-08-01 09:15:01 AM,81.3,0,0.0,234423.75
2025-08-01 09:15:01 AM,81.55,0,0.0,234423.75
2025-08-01 09:15:02 AM,82.05,4125,338456.25,572880.0
2025-08-01 09:15:02 AM,82.4,4575,376980.0,949860.0
2025-08-01 09:15:02 AM,84.55,0,0.0,949860.0
2025-08-01 09:15:02 AM,86.1,0,0.0,949860.0
2025-08-01 09:15:03 AM,85.05,24975,2124123.75,3073983.75
2025-08-01 09:15:03 AM,85.85,0,0.0,3073983.75
2025-08-01 09:15:03 AM,86.25,600,51750.0,3125733.75
2025-08-01 09:15:04 AM,86.85,0,0.0,3125733.75
2025-08-01 09:15:04 AM,85.6,0,0.0,3125733.75
2025-08-01 09:15:04 AM,85.35,9975,851366.25,3977100.0
2025-08-01 09:15:04 AM,87.85,600,52710.0,4029810.0
2025-08-01 09:15:05 AM,88.4,0,0.0,4029810.0
2025-08-01 09:15:05 AM,88.25,7125,628781.25,4658591.25
2025-08-01 09:15:05 AM,87.85,525,46121.25,4704712.5
2025-08-01 09:15:06 AM,87.7,0,0.0,4704712.5
2025-08-01 09:15:06 AM,87.65,0,0.0,4704712.5
2025-08-01 09:15:06 AM,88.5,12300,1088550.0,5793262.5
2025-08-01 09:15:06 AM,88.65,1950,172867.5,5966130.0
2025-08-01 09:15:07 AM,88.85,0,0.0,5966130.0
2025-08-01 09:15:08 AM,91.05,10500,956025.0,6922155.0
2025-08-01 09:15:08 AM,91.4,675,61695.00000000001,6983850.0
2025-08-01 09:15:08 AM,91.15,0,0.0,6983850.0
2025-08-01 09:15:08 AM,91.95,0,0.0,6983850.0
2025-08-01 09:15:09 AM,91.3,11025,1006582.5,7990432.5
2025-08-01 09:15:09 AM,91.65,0,0.0,7990432.5
2025-08-01 09:15:09 AM,91.45,0,0.0,7990432.5
2025-08-01 09:15:09 AM,91.35,750,68512.5,8058945.0
2025-08-01 09:15:10 AM,90.15,0,0.0,8058945.0
2025-08-01 09:15:10 AM,89.8,0,0.0,8058945.0
2025-08-01 09:15:10 AM,90.0,10350,931500.0,8990445.0
2025-08-01 09:15:10 AM,89.8,1350,121230.0,9111675.0
2025-08-01 09:15:11 AM,89.4,0,0.0,9111675.0
2025-08-01 09:15:11 AM,89.85,0,0.0,9111675.0
2025-08-01 09:15:11 AM,89.5,9225,825637.5,9937312.5
2025-08-01 09:15:12 AM,88.5,7725,683662.5,10620975.0
2025-08-01 09:15:12 AM,88.3,0,0.0,10620975.0
2025-08-01 09:15:13 AM,90.35,17250,1558537.5,12179512.5
2025-08-01 09:15:13 AM,90.0,5025,452250.0,12631762.5
2025-08-01 09:15:13 AM,89.55,0,0.0,12631762.5
2025-08-01 09:15:13 AM,89.9,0,0.0,12631762.5
2025-08-01 09:15:14 AM,87.2,0,0.0,12631762.5
2025-08-01 09:15:14 AM,87.45,12225,1069076.25,13700838.75
2025-08-01 09:15:14 AM,86.85,0,0.0,13700838.75
2025-08-01 09:15:14 AM,86.8,5700,494760.0,14195598.75
2025-08-01 09:15:15 AM,86.2,0,0.0,14195598.75
2025-08-01 09:15:15 AM,86.3,0,0.0,14195598.75
2025-08-01 09:15:15 AM,86.45,14625,1264331.25,15459930.0
2025-08-01 09:15:15 AM,87.6,1050,91980.0,15551910.0
2025-08-01 09:15:16 AM,87.25,0,0.0,15551910.0
2025-08-01 09:15:16 AM,87.65,0,0.0,15551910.0
2025-08-01 09:15:16 AM,87.95,13200,1160940.0,16712850.0
2025-08-01 09:15:17 AM,86.35,3075,265526.25,16978376.25
2025-08-01 09:15:17 AM,85.45,0,0.0,16978376.25
2025-08-01 09:15:17 AM,84.85,0,0.0,16978376.25
2025-08-01 09:15:18 AM,85.9,15675,1346482.5,18324858.75
2025-08-01 09:15:18 AM,85.85,0,0.0,18324858.75
2025-08-01 09:15:18 AM,85.9,0,0.0,18324858.75
2025-08-01 09:15:18 AM,85.55,2400,205320.0,18530178.75
2025-08-01 09:15:19 AM,86.55,0,0.0,18530178.75
2025-08-01 09:15:19 AM,86.05,0,0.0,18530178.75
2025-08-01 09:15:19 AM,86.15,15450,1331017.5,19861196.25
2025-08-01 09:15:19 AM,86.45,300,25935.0,19887131.25
2025-08-01 09:15:20 AM,86.1,0,0.0,19887131.25
2025-08-01 09:15:20 AM,85.7,0,0.0,19887131.25
2025-08-01 09:15:20 AM,85.2,9600,817920.0,20705051.25
2025-08-01 09:15:21 AM,85.25,2025,172631.25,20877682.5
2025-08-01 09:15:21 AM,84.5,0,0.0,20877682.5
2025-08-01 09:15:21 AM,84.55,0,0.0,20877682.5
2025-08-01 09:15:22 AM,82.1,7725,634222.5,21511905.0
2025-08-01 09:15:22 AM,82.65,0,0.0,21511905.0
2025-08-01 09:15:22 AM,82.35,0,0.0,21511905.0
2025-08-01 09:15:22 AM,82.35,3525,290283.75,21802188.75
2025-08-01 09:15:23 AM,83.2,0,0.0,21802188.75
2025-08-01 09:15:23 AM,83.15,7875,654806.25,22456995.0
2025-08-01 09:15:23 AM,84.25,7800,657150.0,23114145.0
2025-08-01 09:15:24 AM,83.7,0,0.0,23114145.0
2025-08-01 09:15:25 AM,83.65,13725,1148096.25,24262241.25
2025-08-01 09:15:25 AM,82.9,0,0.0,24262241.25
2025-08-01 09:15:25 AM,82.95,5700,472815.0,24735056.25
2025-08-01 09:15:25 AM,82.75,0,0.0,24735056.25
2025-08-01 09:15:26 AM,83.0,0,0.0,24735056.25
2025-08-01 09:15:26 AM,82.4,10875,896100.0000000001,25631156.25
2025-08-01 09:15:26 AM,82.65,1050,86782.5,25717938.75
2025-08-01 09:15:27 AM,82.6,0,0.0,25717938.75
2025-08-01 09:15:27 AM,82.8,0,0.0,25717938.75
2025-08-01 09:15:28 AM,82.4,21900,1804560.0000000002,27522498.75
2025-08-01 09:15:28 AM,82.05,0,0.0,27522498.75
2025-08-01 09:15:28 AM,82.55,0,0.0,27522498.75
2025-08-01 09:15:28 AM,82.55,1575,130016.25,27652515.0
2025-08-01 09:15:29 AM,82.35,0,0.0,27652515.0
2025-08-01 09:15:29 AM,83.05,0,0.0,27652515.0
2025-08-01 09:15:29 AM,83.4,6825,569205.0,28221720.0
2025-08-01 09:15:29 AM,82.9,3300,273570.0,28495290.0
2025-08-01 09:15:30 AM,83.4,0,0.0,28495290.0
2025-08-01 09:15:31 AM,82.2,9525,782955.0,29278245.0
2025-08-01 09:15:31 AM,82.15,5400,443610.00000000006,29721855.0
2025-08-01 09:15:31 AM,82.1,0,0.0,29721855.0
2025-08-01 09:15:32 AM,82.25,0,0.0,29721855.0
2025-08-01 09:15:32 AM,83.0,6000,498000.0,30219855.0
2025-08-01 09:15:32 AM,83.2,300,24960.0,30244815.0
2025-08-01 09:15:33 AM,84.45,0,0.0,30244815.0
2025-08-01 09:15:34 AM,84.2,20250,1705050.0,31949865.0
2025-08-01 09:15:34 AM,84.6,1650,139590.0,32089455.0
2025-08-01 09:15:34 AM,84.85,0,0.0,32089455.0
2025-08-01 09:15:34 AM,84.4,0,0.0,32089455.0
2025-08-01 09:15:35 AM,85.0,0,0.0,32089455.0
2025-08-01 09:15:35 AM,84.4,7800,658320.0,32747775.0
2025-08-01 09:15:35 AM,84.0,2100,176400.0,32924175.0
2025-08-01 09:15:36 AM,83.65,0,0.0,32924175.0
2025-08-01 09:15:37 AM,84.5,6900,583050.0,33507225.0
2025-08-01 09:15:37 AM,84.95,2625,222993.75,33730218.75
2025-08-01 09:15:37 AM,85.05,0,0.0,33730218.75
2025-08-01 09:15:38 AM,85.4,0,0.0,33730218.75
2025-08-01 09:15:38 AM,85.45,0,0.0,33730218.75
2025-08-01 09:15:38 AM,85.55,18225,1559148.75,35289367.5
2025-08-01 09:15:38 AM,86.0,675,58050.0,35347417.5
2025-08-01 09:15:39 AM,85.9,0,0.0,35347417.5
2025-08-01 09:15:40 AM,86.1,12975,1117147.5,36464565.0
2025-08-01 09:15:40 AM,86.7,2250,195075.0,36659640.0
2025-08-01 09:15:40 AM,86.1,0,0.0,36659640.0
2025-08-01 09:15:41 AM,86.0,0,0.0,36659640.0
2025-08-01 09:15:41 AM,86.0,6900,593400.0,37253040.0
2025-08-01 09:15:41 AM,86.4,0,0.0,37253040.0
2025-08-01 09:15:41 AM,86.4,2250,194400.0,37447440.0
2025-08-01 09:15:42 AM,86.45,0,0.0,37447440.0
2025-08-01 09:15:43 AM,86.65,5925,513401.25000000006,37960841.25
2025-08-01 09:15:43 AM,86.8,150,13020.0,37973861.25
2025-08-01 09:15:43 AM,86.5,0,0.0,37973861.25
2025-08-01 09:15:44 AM,86.4,2550,220320.0,38194181.25
2025-08-01 09:15:44 AM,86.25,0,0.0,38194181.25
2025-08-01 09:15:44 AM,86.45,450,38902.5,38233083.75
2025-08-01 09:15:45 AM,87.35,0,0.0,38233083.75
2025-08-01 09:15:45 AM,86.7,0,0.0,38233083.75
2025-08-01 09:15:46 AM,86.35,8325,718863.75,38951947.5
2025-08-01 09:15:46 AM,86.35,675,58286.24999999999,39010233.75
2025-08-01 09:15:46 AM,86.0,0,0.0,39010233.75
2025-08-01 09:15:47 AM,85.95,0,0.0,39010233.75
2025-08-01 09:15:47 AM,86.2,13725,1183095.0,40193328.75
2025-08-01 09:15:47 AM,86.0,975,83850.0,40277178.75
2025-08-01 09:15:48 AM,86.65,0,0.0,40277178.75
2025-08-01 09:15:48 AM,85.85,0,0.0,40277178.75
2025-08-01 09:15:49 AM,84.25,11325,954131.25,41231310.0
2025-08-01 09:15:49 AM,84.55,2625,221943.75,41453253.75
2025-08-01 09:15:49 AM,84.25,0,0.0,41453253.75
2025-08-01 09:15:50 AM,84.65,0,0.0,41453253.75
2025-08-01 09:15:50 AM,84.55,0,0.0,41453253.75
2025-08-01 09:15:50 AM,84.25,9900,834075.0,42287328.75
2025-08-01 09:15:50 AM,84.4,75,6330.0,42293658.75
2025-08-01 09:15:51 AM,83.9,0,0.0,42293658.75
2025-08-01 09:15:51 AM,83.85,0,0.0,42293658.75
2025-08-01 09:15:52 AM,84.15,8700,732105.0,43025763.75
2025-08-01 09:15:52 AM,84.1,1200,100920.0,43126683.75
2025-08-01 09:15:52 AM,83.8,0,0.0,43126683.75
2025-08-01 09:15:52 AM,84.05,0,0.0,43126683.75
2025-08-01 09:15:53 AM,84.25,0,0.0,43126683.75
2025-08-01 09:15:53 AM,84.4,8250,696300.0,43822983.75
2025-08-01 09:15:53 AM,84.4,525,44310.0,43867293.75
2025-08-01 09:15:54 AM,84.8,0,0.0,43867293.75
2025-08-01 09:15:54 AM,84.7,0,0.0,43867293.75
2025-08-01 09:15:55 AM,84.35,7050,594667.5,44461961.25
2025-08-01 09:15:55 AM,84.2,450,37890.0,44499851.25
2025-08-01 09:15:55 AM,84.1,0,0.0,44499851.25
2025-08-01 09:15:55 AM,84.2,0,0.0,44499851.25
2025-08-01 09:15:56 AM,83.3,0,0.0,44499851.25
2025-08-01 09:15:56 AM,83.1,0,0.0,44499851.25
2025-08-01 09:15:56 AM,83.1,12975,1078222.5,45578073.75
2025-08-01 09:15:56 AM,83.0,1350,112050.0,45690123.75
2025-08-01 09:15:57 AM,83.4,0,0.0,45690123.75
2025-08-01 09:15:58 AM,83.6,10725,896609.9999999999,46586733.75
2025-08-01 09:15:58 AM,83.6,675,56429.99999999999,46643163.75
2025-08-01 09:15:58 AM,83.5,0,0.0,46643163.75
2025-08-01 09:15:59 AM,83.95,0,0.0,46643163.75
2025-08-01 09:15:59 AM,83.8,0,0.0,46643163.75
2025-08-01 09:15:59 AM,83.8,7500,628500.0,47271663.75
2025-08-01 09:15:59 AM,82.95,6975,578576.25,47850240.0
2025-08-01 09:16:00 AM,84.6,0,0.0,47850240.0
2025-08-01 09:16:00 AM,85.2,0,0.0,47850240.0
2025-08-01 09:16:01 AM,86.0,26775,2302650.0,50152890.0
2025-08-01 09:16:01 AM,85.9,525,45097.5,50197987.5
2025-08-01 09:16:01 AM,87.0,0,0.0,50197987.5
2025-08-01 09:16:01 AM,86.75,0,0.0,50197987.5
2025-08-01 09:16:02 AM,87.05,0,0.0,50197987.5
2025-08-01 09:16:02 AM,87.05,30000,2611500.0,52809487.5
2025-08-01 09:16:02 AM,86.7,150,13005.0,52822492.5
2025-08-01 09:16:03 AM,87.6,0,0.0,52822492.5
2025-08-01 09:16:03 AM,87.5,0,0.0,52822492.5
2025-08-01 09:16:04 AM,86.6,18000,1558800.0,54381292.5
2025-08-01 09:16:04 AM,86.4,2550,220320.0,54601612.5
2025-08-01 09:16:04 AM,86.25,0,0.0,54601612.5
2025-08-01 09:16:04 AM,86.15,0,0.0,54601612.5
2025-08-01 09:16:05 AM,86.6,0,0.0,54601612.5
2025-08-01 09:16:05 AM,86.4,0,0.0,54601612.5
2025-08-01 09:16:05 AM,86.3,17550,1514565.0,56116177.5
2025-08-01 09:16:05 AM,86.05,750,64537.5,56180715.0
2025-08-01 09:16:06 AM,84.75,0,0.0,56180715.0
2025-08-01 09:16:06 AM,84.55,0,0.0,56180715.0
2025-08-01 09:16:07 AM,84.0,15975,1341900.0,57522615.0
2025-08-01 09:16:07 AM,83.65,3300,276045.0,57798660.0
2025-08-01 09:16:07 AM,84.3,0,0.0,57798660.0
2025-08-01 09:16:08 AM,84.7,0,0.0,57798660.0
2025-08-01 09:16:08 AM,84.85,11775,999108.7499999999,58797768.75
2025-08-01 09:16:08 AM,84.6,0,0.0,58797768.75
2025-08-01 09:16:08 AM,84.65,1650,139672.5,58937441.25
2025-08-01 09:16:09 AM,84.85,0,0.0,58937441.25
2025-08-01 09:16:09 AM,84.75,0,0.0,58937441.25
2025-08-01 09:16:09 AM,83.95,11100,931845.0,59869286.25
2025-08-01 09:16:10 AM,83.7,4650,389205.0,60258491.25
2025-08-01 09:16:10 AM,83.65,0,0.0,60258491.25
2025-08-01 09:16:10 AM,83.9,0,0.0,60258491.25
2025-08-01 09:16:11 AM,85.15,0,0.0,60258491.25
2025-08-01 09:16:11 AM,85.3,0,0.0,60258491.25
2025-08-01 09:16:11 AM,85.3,34875,2974837.5,63233328.75
2025-08-01 09:16:11 AM,85.4,900,76860.0,63310188.75
2025-08-01 09:16:12 AM,84.6,0,0.0,63310188.75
2025-08-01 09:16:12 AM,84.9,0,0.0,63310188.75
2025-08-01 09:16:13 AM,85.85,13500,1158975.0,64469163.75
2025-08-01 09:16:13 AM,85.45,225,19226.25,64488390.0
2025-08-01 09:16:13 AM,84.9,0,0.0,64488390.0
2025-08-01 09:16:13 AM,84.95,0,0.0,64488390.0
2025-08-01 09:16:14 AM,85.0,0,0.0,64488390.0
2025-08-01 09:16:14 AM,85.2,10800,920160.0,65408550.0
2025-08-01 09:16:14 AM,85.05,75,6378.75,65414928.75
2025-08-01 09:16:15 AM,84.55,0,0.0,65414928.75
2025-08-01 09:16:15 AM,84.45,0,0.0,65414928.75
2025-08-01 09:16:16 AM,84.3,6900,581670.0,65996598.75
2025-08-01 09:16:16 AM,84.4,225,18990.0,66015588.75
2025-08-01 09:16:16 AM,83.9,0,0.0,66015588.75
2025-08-01 09:16:17 AM,84.55,0,0.0,66015588.75
2025-08-01 09:16:17 AM,84.6,9825,831195.0,66846783.75
2025-08-01 09:16:17 AM,84.1,1350,113534.99999999999,66960318.75
2025-08-01 09:16:18 AM,84.4,0,0.0,66960318.75
2025-08-01 09:16:18 AM,84.45,0,0.0,66960318.75
2025-08-01 09:16:18 AM,84.1,7725,649672.5,67609991.25
2025-08-01 09:16:19 AM,84.75,450,38137.5,67648128.75
2025-08-01 09:16:19 AM,86.0,0,0.0,67648128.75
2025-08-01 09:16:20 AM,86.1,0,0.0,67648128.75
2025-08-01 09:16:20 AM,86.1,17325,1491682.5,69139811.25
2025-08-01 09:16:20 AM,85.75,3975,340856.25,69480667.5
2025-08-01 09:16:21 AM,85.9,0,0.0,69480667.5
2025-08-01 09:16:21 AM,86.05,0,0.0,69480667.5
2025-08-01 09:16:22 AM,86.05,8325,716366.25,70197033.75
2025-08-01 09:16:22 AM,85.85,150,12877.5,70209911.25
2025-08-01 09:16:22 AM,85.55,0,0.0,70209911.25
2025-08-01 09:16:22 AM,85.35,0,0.0,70209911.25
2025-08-01 09:16:23 AM,86.0,0,0.0,70209911.25
2025-08-01 09:16:23 AM,86.25,0,0.0,70209911.25
2025-08-01 09:16:23 AM,86.25,4875,420468.75,70630380.0
2025-08-01 09:16:24 AM,86.1,0,0.0,70630380.0
2025-08-01 09:16:24 AM,86.05,0,0.0,70630380.0
2025-08-01 09:16:25 AM,85.45,6750,576787.5,71207167.5
2025-08-01 09:16:25 AM,85.6,225,19260.0,71226427.5
2025-08-01 09:16:25 AM,85.55,0,0.0,71226427.5
2025-08-01 09:16:26 AM,85.1,0,0.0,71226427.5
2025-08-01 09:16:26 AM,85.4,0,0.0,71226427.5
2025-08-01 09:16:26 AM,85.4,3675,313845.0,71540272.5
2025-08-01 09:16:26 AM,85.4,375,32025.000000000004,71572297.5
2025-08-01 09:16:27 AM,84.9,0,0.0,71572297.5
2025-08-01 09:16:27 AM,84.7,0,0.0,71572297.5
2025-08-01 09:16:28 AM,84.7,7350,622545.0,72194842.5
2025-08-01 09:16:28 AM,84.35,0,0.0,72194842.5
2025-08-01 09:16:28 AM,84.3,0,0.0,72194842.5
2025-08-01 09:16:29 AM,84.8,0,0.0,72194842.5
2025-08-01 09:16:29 AM,85.0,0,0.0,72194842.5
2025-08-01 09:16:29 AM,84.95,9075,770921.25,72965763.75
2025-08-01 09:16:29 AM,85.55,3750,320812.5,73286576.25
2025-08-01 09:16:30 AM,85.95,0,0.0,73286576.25
2025-08-01 09:16:31 AM,86.1,5775,497227.49999999994,73783803.75
2025-08-01 09:16:31 AM,86.35,75,6476.25,73790280.0
2025-08-01 09:16:31 AM,85.8,0,0.0,73790280.0
2025-08-01 09:16:32 AM,85.3,0,0.0,73790280.0
2025-08-01 09:16:32 AM,85.3,5325,454222.5,74244502.5
2025-08-01 09:16:32 AM,85.2,675,57510.0,74302012.5
2025-08-01 09:16:33 AM,85.15,0,0.0,74302012.5
2025-08-01 09:16:33 AM,85.0,0,0.0,74302012.5
2025-08-01 09:16:34 AM,84.95,4050,344047.5,74646060.0
2025-08-01 09:16:34 AM,84.9,375,31837.500000000004,74677897.5
2025-08-01 09:16:34 AM,84.7,0,0.0,74677897.5
2025-08-01 09:16:35 AM,85.2,0,0.0,74677897.5
2025-08-01 09:16:35 AM,85.0,0,0.0,74677897.5
2025-08-01 09:16:35 AM,85.2,4500,383400.0,75061297.5
2025-08-01 09:16:35 AM,84.65,1950,165067.5,75226365.0
2025-08-01 09:16:36 AM,84.6,0,0.0,75226365.0
2025-08-01 09:16:36 AM,84.85,0,0.0,75226365.0
2025-08-01 09:16:36 AM,84.45,6075,513033.75,75739398.75
2025-08-01 09:16:37 AM,85.1,1050,89355.0,75828753.75
2025-08-01 09:16:37 AM,85.0,0,0.0,75828753.75
2025-08-01 09:16:38 AM,85.05,0,0.0,75828753.75
2025-08-01 09:16:38 AM,85.05,6150,523057.5,76351811.25
2025-08-01 09:16:38 AM,85.15,225,19158.75,76370970.0
2025-08-01 09:16:39 AM,85.2,0,0.0,76370970.0
2025-08-01 09:16:39 AM,85.0,3450,293250.0,76664220.0
2025-08-01 09:16:40 AM,85.0,150,12750.0,76676970.0
2025-08-01 09:16:41 AM,86.0,0,0.0,76676970.0
2025-08-01 09:16:41 AM,85.9,0,0.0,76676970.0
2025-08-01 09:16:41 AM,85.9,2625,225487.50000000003,76902457.5
2025-08-01 09:16:41 AM,85.7,1800,154260.0,77056717.5
2025-08-01 09:16:42 AM,85.85,0,0.0,77056717.5
2025-08-01 09:16:43 AM,85.3,3900,332670.0,77389387.5
2025-08-01 09:16:43 AM,85.55,2850,243817.5,77633205.0
2025-08-01 09:16:43 AM,85.35,0,0.0,77633205.0
2025-08-01 09:16:43 AM,85.3,0,0.0,77633205.0
2025-08-01 09:16:44 AM,85.6,0,0.0,77633205.0
2025-08-01 09:16:44 AM,85.6,3600,308160.0,77941365.0
2025-08-01 09:16:44 AM,85.5,1050,89775.0,78031140.0
2025-08-01 09:16:45 AM,85.1,0,0.0,78031140.0
2025-08-01 09:16:45 AM,85.3,0,0.0,78031140.0
2025-08-01 09:16:46 AM,86.05,7125,613106.25,78644246.25
2025-08-01 09:16:46 AM,86.0,675,58050.0,78702296.25
2025-08-01 09:16:46 AM,86.45,0,0.0,78702296.25
2025-08-01 09:16:46 AM,86.85,0,0.0,78702296.25
2025-08-01 09:16:47 AM,86.6,0,0.0,78702296.25
2025-08-01 09:16:47 AM,86.75,0,0.0,78702296.25
2025-08-01 09:16:47 AM,86.75,3525,305793.75,79008090.0
2025-08-01 09:16:47 AM,86.65,975,84483.75,79092573.75
2025-08-01 09:16:48 AM,86.7,0,0.0,79092573.75
2025-08-01 09:16:48 AM,86.75,0,0.0,79092573.75
2025-08-01 09:16:49 AM,86.7,9750,845325.0,79937898.75
2025-08-01 09:16:49 AM,87.0,4200,365400.0,80303298.75
2025-08-01 09:16:49 AM,87.15,0,0.0,80303298.75
2025-08-01 09:16:50 AM,86.75,0,0.0,80303298.75
2025-08-01 09:16:50 AM,86.5,5175,447637.5,80750936.25
2025-08-01 09:16:50 AM,86.65,2775,240453.75000000003,80991390.0
2025-08-01 09:16:51 AM,86.15,0,0.0,80991390.0
2025-08-01 09:16:52 AM,86.65,5475,474408.75000000006,81465798.75
2025-08-01 09:16:52 AM,86.65,2250,194962.5,81660761.25
2025-08-01 09:16:52 AM,86.8,0,0.0,81660761.25
2025-08-01 09:16:52 AM,87.0,0,0.0,81660761.25
2025-08-01 09:16:53 AM,86.8,0,0.0,81660761.25
2025-08-01 09:16:53 AM,86.7,6825,591727.5,82252488.75
2025-08-01 09:16:53 AM,87.2,600,52320.0,82304808.75
2025-08-01 09:16:54 AM,87.7,0,0.0,82304808.75
2025-08-01 09:16:55 AM,87.6,4725,413910.0,82718718.75
2025-08-01 09:16:55 AM,87.4,1275,111435.0,82830153.75
2025-08-01 09:16:55 AM,87.65,0,0.0,82830153.75
2025-08-01 09:16:55 AM,87.75,0,0.0,82830153.75
2025-08-01 09:16:56 AM,88.05,0,0.0,82830153.75
2025-08-01 09:16:56 AM,88.1,0,0.0,82830153.75
2025-08-01 09:16:56 AM,88.1,11100,977909.9999999999,83808063.75
2025-08-01 09:16:56 AM,88.0,1800,158400.0,83966463.75
2025-08-01 09:16:57 AM,88.15,0,0.0,83966463.75
2025-08-01 09:16:57 AM,88.5,0,0.0,83966463.75
2025-08-01 09:16:58 AM,89.15,13425,1196838.75,85163302.5
2025-08-01 09:16:58 AM,89.1,450,40095.0,85203397.5
2025-08-01 09:16:58 AM,89.15,0,0.0,85203397.5
2025-08-01 09:16:58 AM,89.0,0,0.0,85203397.5
2025-08-01 09:16:59 AM,88.45,0,0.0,85203397.5
2025-08-01 09:16:59 AM,88.45,26325,2328446.25,87531843.75
2025-08-01 09:16:59 AM,88.75,0,0.0,87531843.75
2025-08-01 09:16:59 AM,88.95,3150,280192.5,87812036.25
2025-08-01 09:17:00 AM,88.2,0,0.0,87812036.25
2025-08-01 09:17:01 AM,88.05,13125,1155656.25,88967692.5
2025-08-01 09:17:01 AM,88.15,300,26445.0,88994137.5
2025-08-01 09:17:01 AM,88.1,0,0.0,88994137.5
2025-08-01 09:17:02 AM,88.25,0,0.0,88994137.5
2025-08-01 09:17:02 AM,88.0,0,0.0,88994137.5
2025-08-01 09:17:02 AM,88.0,8475,745800.0,89739937.5
2025-08-01 09:17:02 AM,88.2,8100,714420.0,90454357.5
2025-08-01 09:17:03 AM,88.55,0,0.0,90454357.5
2025-08-01 09:17:04 AM,89.1,7425,661567.5,91115925.0
2025-08-01 09:17:04 AM,89.15,75,6686.25,91122611.25
2025-08-01 09:17:04 AM,89.0,0,0.0,91122611.25
2025-08-01 09:17:04 AM,88.9,0,0.0,91122611.25
2025-08-01 09:17:05 AM,89.1,0,0.0,91122611.25
2025-08-01 09:17:05 AM,89.2,9000,802800.0,91925411.25
2025-08-01 09:17:05 AM,89.35,600,53610.0,91979021.25
2025-08-01 09:17:06 AM,89.7,0,0.0,91979021.25
2025-08-01 09:17:06 AM,89.55,0,0.0,91979021.25
2025-08-01 09:17:07 AM,89.75,9000,807750.0,92786771.25
2025-08-01 09:17:07 AM,89.9,2775,249472.50000000003,93036243.75
2025-08-01 09:17:07 AM,89.7,0,0.0,93036243.75
2025-08-01 09:17:07 AM,89.65,0,0.0,93036243.75
2025-08-01 09:17:08 AM,90.15,15525,1399578.75,94435822.5
2025-08-01 09:17:08 AM,90.1,0,0.0,94435822.5
2025-08-01 09:17:08 AM,89.9,1200,107880.0,94543702.5
2025-08-01 09:17:09 AM,89.75,0,0.0,94543702.5
2025-08-01 09:17:09 AM,90.2,0,0.0,94543702.5
2025-08-01 09:17:10 AM,90.0,10725,965250.0,95508952.5
2025-08-01 09:17:10 AM,90.05,450,40522.5,95549475.0
2025-08-01 09:17:10 AM,89.85,0,0.0,95549475.0
2025-08-01 09:17:10 AM,90.1,0,0.0,95549475.0
2025-08-01 09:17:11 AM,90.0,9600,864000.0,96413475.0
2025-08-01 09:17:11 AM,89.85,0,0.0,96413475.0
2025-08-01 09:17:11 AM,89.7,0,0.0,96413475.0
2025-08-01 09:17:11 AM,89.6,3150,282240.0,96695715.0
2025-08-01 09:17:12 AM,88.9,0,0.0,96695715.0
2025-08-01 09:17:12 AM,88.6,0,0.0,96695715.0
2025-08-01 09:17:12 AM,88.45,9000,796050.0,97491765.0
2025-08-01 09:17:13 AM,88.45,2475,218913.75,97710678.75
2025-08-01 09:17:13 AM,88.0,0,0.0,97710678.75
2025-08-01 09:17:14 AM,88.1,10725,944872.4999999999,98655551.25
2025-08-01 09:17:14 AM,88.0,0,0.0,98655551.25
2025-08-01 09:17:14 AM,88.0,2250,198000.0,98853551.25
2025-08-01 09:17:14 AM,88.2,0,0.0,98853551.25
2025-08-01 09:17:15 AM,88.0,0,0.0,98853551.25
2025-08-01 09:17:15 AM,87.9,6675,586732.5,99440283.75
2025-08-01 09:17:16 AM,88.1,5250,462524.99999999994,99902808.75
2025-08-01 09:17:16 AM,88.05,0,0.0,99902808.75
2025-08-01 09:17:17 AM,88.0,3150,277200.0,100180008.75
2025-08-01 09:17:17 AM,87.75,0,0.0,100180008.75
2025-08-01 09:17:17 AM,87.75,150,13162.5,100193171.25
2025-08-01 09:17:17 AM,87.7,0,0.0,100193171.25
2025-08-01 09:17:18 AM,89.2,0,0.0,100193171.25
2025-08-01 09:17:18 AM,89.45,11775,1053273.75,101246445.0
2025-08-01 09:17:18 AM,89.3,225,20092.5,101266537.5
2025-08-01 09:17:19 AM,88.5,0,0.0,101266537.5
2025-08-01 09:17:19 AM,88.6,0,0.0,101266537.5
2025-08-01 09:17:20 AM,88.85,8025,713021.25,101979558.75
2025-08-01 09:17:20 AM,88.45,0,0.0,101979558.75
2025-08-01 09:17:20 AM,88.45,2100,185745.0,102165303.75
2025-08-01 09:17:20 AM,88.4,0,0.0,102165303.75
2025-08-01 09:17:21 AM,88.15,0,0.0,102165303.75
2025-08-01 09:17:21 AM,88.1,5475,482347.49999999994,102647651.25
2025-08-01 09:17:22 AM,87.7,1575,138127.5,102785778.75
2025-08-01 09:17:22 AM,87.4,0,0.0,102785778.75
2025-08-01 09:17:23 AM,87.35,4275,373421.25,103159200.0
2025-08-01 09:17:23 AM,87.4,0,0.0,103159200.0
2025-08-01 09:17:23 AM,87.45,375,32793.75,103191993.75
2025-08-01 09:17:24 AM,87.15,0,0.0,103191993.75
2025-08-01 09:17:24 AM,86.95,0,0.0,103191993.75
2025-08-01 09:17:24 AM,87.05,11250,979312.5,104171306.25
2025-08-01 09:17:25 AM,86.6,1425,123404.99999999999,104294711.25
2025-08-01 09:17:25 AM,86.9,0,0.0,104294711.25
2025-08-01 09:17:25 AM,86.8,0,0.0,104294711.25
2025-08-01 09:17:26 AM,86.35,11175,964961.2499999999,105259672.5
2025-08-01 09:17:26 AM,86.3,0,0.0,105259672.5
2025-08-01 09:17:26 AM,86.1,1425,122692.49999999999,105382365.0
2025-08-01 09:17:27 AM,85.55,0,0.0,105382365.0
2025-08-01 09:17:27 AM,85.9,6750,579825.0,105962190.0
2025-08-01 09:17:28 AM,86.2,7875,678825.0,106641015.0
2025-08-01 09:17:28 AM,85.4,0,0.0,106641015.0
2025-08-01 09:17:28 AM,85.35,0,0.0,106641015.0
2025-08-01 09:17:29 AM,85.7,4875,417787.5,107058802.5
2025-08-01 09:17:29 AM,85.45,1800,153810.0,107212612.5
2025-08-01 09:17:30 AM,85.05,0,0.0,107212612.5
2025-08-01 09:17:30 AM,85.1,10050,855255.0,108067867.5
2025-08-01 09:17:31 AM,85.1,975,82972.5,108150840.0
2025-08-01 09:17:31 AM,85.15,0,0.0,108150840.0
2025-08-01 09:17:31 AM,85.3,0,0.0,108150840.0
2025-08-01 09:17:32 AM,85.1,2550,217005.0,108367845.0
2025-08-01 09:17:32 AM,85.0,0,0.0,108367845.0
2025-08-01 09:17:32 AM,85.0,2400,204000.0,108571845.0
2025-08-01 09:17:33 AM,85.55,0,0.0,108571845.0
2025-08-01 09:17:33 AM,85.3,0,0.0,108571845.0
2025-08-01 09:17:33 AM,85.35,10350,883372.4999999999,109455217.5
2025-08-01 09:17:34 AM,85.9,825,70867.5,109526085.0
2025-08-01 09:17:34 AM,86.0,0,0.0,109526085.0
2025-08-01 09:17:34 AM,85.45,0,0.0,109526085.0
2025-08-01 09:17:35 AM,85.2,8700,741240.0,110267325.0
2025-08-01 09:17:35 AM,85.4,0,0.0,110267325.0
2025-08-01 09:17:35 AM,85.3,2250,191925.0,110459250.0
2025-08-01 09:17:36 AM,85.7,0,0.0,110459250.0
2025-08-01 09:17:36 AM,85.75,0,0.0,110459250.0
2025-08-01 09:17:36 AM,85.9,5925,508957.50000000006,110968207.5
2025-08-01 09:17:36 AM,85.7,525,44992.5,111013200.0
2025-08-01 09:17:37 AM,85.55,0,0.0,111013200.0
2025-08-01 09:17:38 AM,85.65,6525,558866.25,111572066.25
2025-08-01 09:17:38 AM,85.45,0,0.0,111572066.25
2025-08-01 09:17:38 AM,85.45,225,19226.25,111591292.5
2025-08-01 09:17:39 AM,85.55,0,0.0,111591292.5
2025-08-01 09:17:39 AM,85.05,5400,459270.0,112050562.5
2025-08-01 09:17:39 AM,85.1,525,44677.5,112095240.0
2025-08-01 09:17:40 AM,85.2,0,0.0,112095240.0
2025-08-01 09:17:41 AM,85.15,7950,676942.5,112772182.5
2025-08-01 09:17:41 AM,85.25,0,0.0,112772182.5
2025-08-01 09:17:41 AM,85.05,750,63787.5,112835970.0
2025-08-01 09:17:42 AM,84.6,0,0.0,112835970.0
2025-08-01 09:17:42 AM,84.65,0,0.0,112835970.0
2025-08-01 09:17:42 AM,84.5,2475,209137.5,113045107.5
2025-08-01 09:17:43 AM,85.1,0,0.0,113045107.5
2025-08-01 09:17:44 AM,84.85,5400,458189.99999999994,113503297.5
2025-08-01 09:17:44 AM,84.5,0,0.0,113503297.5
2025-08-01 09:17:44 AM,84.5,525,44362.5,113547660.0
2025-08-01 09:17:45 AM,84.75,0,0.0,113547660.0
2025-08-01 09:17:45 AM,84.55,0,0.0,113547660.0
2025-08-01 09:17:45 AM,84.5,2850,240825.0,113788485.0
2025-08-01 09:17:45 AM,84.65,1950,165067.5,113953552.5
2025-08-01 09:17:46 AM,84.85,0,0.0,113953552.5
2025-08-01 09:17:46 AM,84.8,0,0.0,113953552.5
2025-08-01 09:17:47 AM,85.2,3675,313110.0,114266662.5
2025-08-01 09:17:47 AM,85.0,300,25500.0,114292162.5
2025-08-01 09:17:47 AM,85.25,0,0.0,114292162.5
2025-08-01 09:17:48 AM,85.5,0,0.0,114292162.5
2025-08-01 09:17:48 AM,85.25,5400,460350.0,114752512.5
2025-08-01 09:17:49 AM,85.4,900,76860.0,114829372.5
2025-08-01 09:17:49 AM,85.8,0,0.0,114829372.5
2025-08-01 09:17:49 AM,85.7,0,0.0,114829372.5
2025-08-01 09:17:50 AM,85.9,5625,483187.50000000006,115312560.0
2025-08-01 09:17:50 AM,85.65,2325,199136.25,115511696.25
2025-08-01 09:17:50 AM,85.85,0,0.0,115511696.25
2025-08-01 09:17:51 AM,85.45,0,0.0,115511696.25
2025-08-01 09:17:51 AM,85.45,3900,333255.0,115844951.25
2025-08-01 09:17:52 AM,85.9,2100,180390.0,116025341.25
2025-08-01 09:17:52 AM,86.9,0,0.0,116025341.25
2025-08-01 09:17:52 AM,87.0,0,0.0,116025341.25
2025-08-01 09:17:53 AM,86.9,2100,182490.0,116207831.25
2025-08-01 09:17:53 AM,86.9,1875,162937.5,116370768.75
2025-08-01 09:17:53 AM,86.75,0,0.0,116370768.75
2025-08-01 09:17:53 AM,86.9,0,0.0,116370768.75
2025-08-01 09:17:54 AM,87.2,0,0.0,116370768.75
2025-08-01 09:17:54 AM,87.05,0,0.0,116370768.75
2025-08-01 09:17:54 AM,86.9,11850,1029765.0000000001,117400533.75
2025-08-01 09:17:55 AM,87.15,1350,117652.50000000001,117518186.25
2025-08-01 09:17:55 AM,86.6,0,0.0,117518186.25
2025-08-01 09:17:55 AM,86.7,0,0.0,117518186.25
2025-08-01 09:17:56 AM,86.35,4200,362670.0,117880856.25
2025-08-01 09:17:56 AM,86.4,300,25920.0,117906776.25
2025-08-01 09:17:57 AM,85.8,2250,193050.0,118099826.25
2025-08-01 09:17:58 AM,85.9,1650,141735.0,118241561.25
2025-08-01 09:17:58 AM,86.25,0,0.0,118241561.25
2025-08-01 09:17:58 AM,86.2,0,0.0,118241561.25
2025-08-01 09:17:59 AM,86.35,3075,265526.25,118507087.5
2025-08-01 09:17:59 AM,86.85,150,13027.5,118520115.0
2025-08-01 09:17:59 AM,86.55,0,0.0,118520115.0
2025-08-01 09:18:00 AM,86.65,0,0.0,118520115.0
2025-08-01 09:18:00 AM,86.7,0,0.0,118520115.0
2025-08-01 09:18:00 AM,86.85,4425,384311.25,118904426.25
2025-08-01 09:18:01 AM,86.95,3000,260850.0,119165276.25
2025-08-01 09:18:01 AM,86.6,0,0.0,119165276.25
2025-08-01 09:18:01 AM,86.5,0,0.0,119165276.25
2025-08-01 09:18:02 AM,86.5,9150,791475.0,119956751.25
2025-08-01 09:18:02 AM,86.7,6750,585225.0,120541976.25
2025-08-01 09:18:02 AM,86.45,0,0.0,120541976.25
2025-08-01 09:18:02 AM,86.7,0,0.0,120541976.25
2025-08-01 09:18:03 AM,86.05,0,0.0,120541976.25
2025-08-01 09:18:03 AM,86.25,0,0.0,120541976.25
2025-08-01 09:18:03 AM,86.15,7650,659047.5,121201023.75
2025-08-01 09:18:04 AM,86.05,600,51630.0,121252653.75
2025-08-01 09:18:04 AM,86.15,0,0.0,121252653.75
2025-08-01 09:18:05 AM,86.8,2625,227850.0,121480503.75
2025-08-01 09:18:05 AM,86.65,600,51990.0,121532493.75
2025-08-01 09:18:05 AM,86.95,0,0.0,121532493.75
2025-08-01 09:18:06 AM,86.2,0,0.0,121532493.75
2025-08-01 09:18:06 AM,86.25,0,0.0,121532493.75
2025-08-01 09:18:06 AM,86.6,7050,610530.0,122143023.75
2025-08-01 09:18:07 AM,86.7,225,19507.5,122162531.25
2025-08-01 09:18:07 AM,86.65,0,0.0,122162531.25
2025-08-01 09:18:07 AM,86.9,0,0.0,122162531.25
2025-08-01 09:18:08 AM,86.85,2325,201926.25,122364457.5
2025-08-01 09:18:08 AM,86.85,225,19541.25,122383998.75
2025-08-01 09:18:08 AM,86.9,0,0.0,122383998.75
2025-08-01 09:18:08 AM,87.0,0,0.0,122383998.75
2025-08-01 09:18:09 AM,88.55,0,0.0,122383998.75
2025-08-01 09:18:09 AM,88.6,0,0.0,122383998.75
2025-08-01 09:18:09 AM,88.65,8100,718065.0,123102063.75
2025-08-01 09:18:10 AM,88.7,750,66525.0,123168588.75
2025-08-01 09:18:10 AM,87.55,0,0.0,123168588.75
2025-08-01 09:18:10 AM,87.5,0,0.0,123168588.75
2025-08-01 09:18:11 AM,87.45,9300,813285.0,123981873.75
2025-08-01 09:18:11 AM,87.85,5475,480978.74999999994,124462852.5
2025-08-01 09:18:11 AM,87.75,0,0.0,124462852.5
2025-08-01 09:18:12 AM,87.1,5850,509534.99999999994,124972387.5
2025-08-01 09:18:12 AM,87.3,0,0.0,124972387.5
2025-08-01 09:18:12 AM,87.25,1125,98156.25,125070543.75
2025-08-01 09:18:13 AM,86.95,0,0.0,125070543.75
2025-08-01 09:18:13 AM,86.6,0,0.0,125070543.75
2025-08-01 09:18:14 AM,86.75,3450,299287.5,125369831.25
2025-08-01 09:18:14 AM,86.85,0,0.0,125369831.25
2025-08-01 09:18:14 AM,86.9,0,0.0,125369831.25
2025-08-01 09:18:15 AM,86.35,0,0.0,125369831.25
2025-08-01 09:18:15 AM,86.4,0,0.0,125369831.25
2025-08-01 09:18:15 AM,86.4,5550,479520.00000000006,125849351.25
2025-08-01 09:18:16 AM,86.25,1875,161718.75,126011070.0
2025-08-01 09:18:16 AM,87.45,0,0.0,126011070.0
2025-08-01 09:18:16 AM,87.0,0,0.0,126011070.0
2025-08-01 09:18:17 AM,86.5,4575,395737.5,126406807.5
2025-08-01 09:18:17 AM,86.45,3750,324187.5,126730995.0
2025-08-01 09:18:18 AM,86.7,0,0.0,126730995.0
2025-08-01 09:18:19 AM,86.4,6000,518400.00000000006,127249395.0
2025-08-01 09:18:19 AM,86.3,675,58252.5,127307647.5
2025-08-01 09:18:19 AM,86.65,0,0.0,127307647.5
2025-08-01 09:18:20 AM,85.35,0,0.0,127307647.5
2025-08-01 09:18:20 AM,85.4,0,0.0,127307647.5
2025-08-01 09:18:20 AM,85.35,11925,1017798.7499999999,128325446.25
2025-08-01 09:18:21 AM,85.1,750,63824.99999999999,128389271.25
2025-08-01 09:18:21 AM,84.5,0,0.0,128389271.25
2025-08-01 09:18:22 AM,84.5,10875,918937.5,129308208.75
2025-08-01 09:18:22 AM,84.45,0,0.0,129308208.75
2025-08-01 09:18:22 AM,84.5,825,69712.5,129377921.25
2025-08-01 09:18:23 AM,84.6,0,0.0,129377921.25
2025-08-01 09:18:24 AM,84.55,8700,735585.0,130113506.25
2025-08-01 09:18:24 AM,84.2,225,18945.0,130132451.25
2025-08-01 09:18:24 AM,84.55,0,0.0,130132451.25
2025-08-01 09:18:24 AM,84.65,0,0.0,130132451.25
2025-08-01 09:18:25 AM,84.2,0,0.0,130132451.25
2025-08-01 09:18:25 AM,84.3,4500,379350.0,130511801.25
2025-08-01 09:18:26 AM,84.25,150,12637.5,130524438.75
2025-08-01 09:18:26 AM,84.4,0,0.0,130524438.75
2025-08-01 09:18:26 AM,84.1,0,0.0,130524438.75
2025-08-01 09:18:27 AM,84.1,11850,996584.9999999999,131521023.75
2025-08-01 09:18:27 AM,84.0,0,0.0,131521023.75
2025-08-01 09:18:27 AM,83.75,5475,458531.25,131979555.0
2025-08-01 09:18:28 AM,83.95,0,0.0,131979555.0
2025-08-01 09:18:28 AM,84.0,0,0.0,131979555.0
2025-08-01 09:18:29 AM,84.7,7875,667012.5,132646567.5
2025-08-01 09:18:29 AM,84.5,75,6337.5,132652905.0
2025-08-01 09:18:29 AM,84.65,0,0.0,132652905.0
2025-08-01 09:18:30 AM,85.45,0,0.0,132652905.0
2025-08-01 09:18:30 AM,85.65,0,0.0,132652905.0
2025-08-01 09:18:30 AM,85.75,6375,546656.25,133199561.25
2025-08-01 09:18:31 AM,85.55,1500,128325.0,133327886.25
2025-08-01 09:18:31 AM,85.2,0,0.0,133327886.25
2025-08-01 09:18:31 AM,85.0,0,0.0,133327886.25
2025-08-01 09:18:32 AM,85.25,7575,645768.75,133973655.0
2025-08-01 09:18:32 AM,85.1,0,0.0,133973655.0
2025-08-01 09:18:32 AM,85.05,3825,325316.25,134298971.25
2025-08-01 09:18:33 AM,84.7,0,0.0,134298971.25
2025-08-01 09:18:33 AM,84.75,0,0.0,134298971.25
2025-08-01 09:18:34 AM,84.45,3600,304020.0,134602991.25
2025-08-01 09:18:34 AM,84.4,675,56970.00000000001,134659961.25
2025-08-01 09:18:34 AM,84.1,0,0.0,134659961.25
2025-08-01 09:18:35 AM,83.75,0,0.0,134659961.25
2025-08-01 09:18:35 AM,83.8,0,0.0,134659961.25
2025-08-01 09:18:35 AM,84.2,6675,562035.0,135221996.25
2025-08-01 09:18:36 AM,84.75,0,0.0,135221996.25
2025-08-01 09:18:36 AM,84.8,0,0.0,135221996.25
2025-08-01 09:18:37 AM,84.45,4950,418027.5,135640023.75
2025-08-01 09:18:37 AM,84.3,0,0.0,135640023.75
2025-08-01 09:18:37 AM,84.35,525,44283.75,135684307.5
2025-08-01 09:18:38 AM,84.3,0,0.0,135684307.5
2025-08-01 09:18:39 AM,84.15,3150,265072.5,135949380.0
2025-08-01 09:18:39 AM,84.4,0,0.0,135949380.0
2025-08-01 09:18:39 AM,84.35,0,0.0,135949380.0
2025-08-01 09:18:40 AM,83.9,0,0.0,135949380.0
2025-08-01 09:18:40 AM,84.1,0,0.0,135949380.0
2025-08-01 09:18:40 AM,83.8,5325,446235.0,136395615.0
2025-08-01 09:18:41 AM,83.9,75,6292.5,136401907.5
2025-08-01 09:18:41 AM,84.05,0,0.0,136401907.5
2025-08-01 09:18:41 AM,83.9,0,0.0,136401907.5
2025-08-01 09:18:42 AM,84.2,0,0.0,136401907.5
2025-08-01 09:18:42 AM,84.2,8700,732540.0,137134447.5
2025-08-01 09:18:42 AM,84.1,225,18922.5,137153370.0
2025-08-01 09:18:43 AM,84.4,0,0.0,137153370.0
2025-08-01 09:18:43 AM,84.35,0,0.0,137153370.0
2025-08-01 09:18:44 AM,84.6,10125,856575.0,138009945.0
2025-08-01 09:18:44 AM,84.75,375,31781.25,138041726.25
2025-08-01 09:18:44 AM,84.65,0,0.0,138041726.25
2025-08-01 09:18:45 AM,84.7,0,0.0,138041726.25
2025-08-01 09:18:45 AM,84.5,0,0.0,138041726.25
2025-08-01 09:18:45 AM,85.0,5775,490875.0,138532601.25
2025-08-01 09:18:46 AM,84.75,225,19068.75,138551670.0
2025-08-01 09:18:46 AM,84.8,0,0.0,138551670.0
2025-08-01 09:18:46 AM,85.05,0,0.0,138551670.0
2025-08-01 09:18:47 AM,84.7,0,0.0,138551670.0
2025-08-01 09:18:47 AM,84.7,2925,247747.5,138799417.5
2025-08-01 09:18:47 AM,84.65,0,0.0,138799417.5
2025-08-01 09:18:47 AM,84.85,600,50910.0,138850327.5
2025-08-01 09:18:48 AM,83.75,0,0.0,138850327.5
2025-08-01 09:18:49 AM,83.2,8850,736320.0,139586647.5
2025-08-01 09:18:49 AM,83.3,225,18742.5,139605390.0
2025-08-01 09:18:49 AM,83.45,0,0.0,139605390.0
2025-08-01 09:18:50 AM,82.75,0,0.0,139605390.0
2025-08-01 09:18:50 AM,83.05,0,0.0,139605390.0
2025-08-01 09:18:50 AM,82.85,16800,1391880.0,140997270.0
2025-08-01 09:18:51 AM,82.9,675,55957.50000000001,141053227.5
2025-08-01 09:18:51 AM,82.7,0,0.0,141053227.5
2025-08-01 09:18:51 AM,82.8,0,0.0,141053227.5
2025-08-01 09:18:52 AM,82.8,9675,801090.0,141854317.5
2025-08-01 09:18:52 AM,82.9,1050,87045.0,141941362.5
2025-08-01 09:18:53 AM,83.05,0,0.0,141941362.5
2025-08-01 09:18:53 AM,82.85,0,0.0,141941362.5
2025-08-01 09:18:54 AM,82.95,8100,671895.0,142613257.5
2025-08-01 09:18:54 AM,83.05,1050,87202.5,142700460.0
2025-08-01 09:18:54 AM,83.0,0,0.0,142700460.0
2025-08-01 09:18:54 AM,83.1,0,0.0,142700460.0
2025-08-01 09:18:55 AM,83.85,0,0.0,142700460.0
2025-08-01 09:18:55 AM,84.0,0,0.0,142700460.0
2025-08-01 09:18:55 AM,83.8,5100,427380.0,143127840.0
2025-08-01 09:18:56 AM,83.65,75,6273.75,143134113.75
2025-08-01 09:18:56 AM,83.2,0,0.0,143134113.75
2025-08-01 09:18:57 AM,83.15,0,0.0,143134113.75
2025-08-01 09:18:57 AM,83.35,4725,393828.75,143527942.5
2025-08-01 09:18:57 AM,83.0,225,18675.0,143546617.5
2025-08-01 09:18:58 AM,82.75,0,0.0,143546617.5
2025-08-01 09:18:58 AM,82.85,0,0.0,143546617.5
2025-08-01 09:18:59 AM,83.0,2775,230325.0,143776942.5
2025-08-01 09:18:59 AM,83.0,750,62250.0,143839192.5
2025-08-01 09:18:59 AM,83.15,0,0.0,143839192.5
2025-08-01 09:18:59 AM,83.0,0,0.0,143839192.5
2025-08-01 09:19:00 AM,83.65,0,0.0,143839192.5
2025-08-01 09:19:00 AM,83.6,0,0.0,143839192.5
2025-08-01 09:19:00 AM,83.25,18600,1548450.0,145387642.5
2025-08-01 09:19:01 AM,83.35,2625,218793.74999999997,145606436.25
2025-08-01 09:19:01 AM,82.95,0,0.0,145606436.25
2025-08-01 09:19:02 AM,82.85,0,0.0,145606436.25
2025-08-01 09:19:02 AM,82.85,4725,391466.25,145997902.5
2025-08-01 09:19:02 AM,83.1,0,0.0,145997902.5
2025-08-01 09:19:02 AM,83.4,1125,93825.0,146091727.5
2025-08-01 09:19:03 AM,83.2,0,0.0,146091727.5
2025-08-01 09:19:03 AM,83.5,0,0.0,146091727.5
2025-08-01 09:19:04 AM,83.45,2475,206538.75,146298266.25
2025-08-01 09:19:04 AM,83.45,75,6258.75,146304525.0
2025-08-01 09:19:04 AM,83.95,0,0.0,146304525.0
2025-08-01 09:19:04 AM,84.0,0,0.0,146304525.0
2025-08-01 09:19:05 AM,83.95,0,0.0,146304525.0
2025-08-01 09:19:06 AM,84.35,3225,272028.75,146576553.75
2025-08-01 09:19:06 AM,84.3,0,0.0,146576553.75
2025-08-01 09:19:06 AM,84.5,0,0.0,146576553.75
2025-08-01 09:19:07 AM,84.2,0,0.0,146576553.75
2025-08-01 09:19:07 AM,84.2,3975,334695.0,146911248.75
2025-08-01 09:19:07 AM,84.35,600,50610.0,146961858.75
2025-08-01 09:19:08 AM,84.15,0,0.0,146961858.75
2025-08-01 09:19:09 AM,84.1,2100,176610.0,147138468.75
2025-08-01 09:19:09 AM,83.8,600,50280.0,147188748.75
2025-08-01 09:19:10 AM,82.85,0,0.0,147188748.75
2025-08-01 09:19:10 AM,82.8,0,0.0,147188748.75
2025-08-01 09:19:11 AM,83.05,6825,566816.25,147755565.0
2025-08-01 09:19:11 AM,83.65,0,0.0,147755565.0
2025-08-01 09:19:11 AM,83.75,0,0.0,147755565.0
2025-08-01 09:19:12 AM,84.05,0,0.0,147755565.0
2025-08-01 09:19:12 AM,84.05,4125,346706.25,148102271.25
2025-08-01 09:19:13 AM,83.8,0,0.0,148102271.25
2025-08-01 09:19:13 AM,84.3,0,0.0,148102271.25
2025-08-01 09:19:14 AM,84.4,1725,145590.0,148247861.25
2025-08-01 09:19:14 AM,84.25,0,0.0,148247861.25
2025-08-01 09:19:14 AM,84.2,0,0.0,148247861.25
2025-08-01 09:19:15 AM,83.95,0,0.0,148247861.25
2025-08-01 09:19:15 AM,84.05,3075,258453.75,148506315.0
2025-08-01 09:19:16 AM,83.55,525,43863.75,148550178.75
2025-08-01 09:19:16 AM,83.45,0,0.0,148550178.75
2025-08-01 09:19:16 AM,83.35,0,0.0,148550178.75
2025-08-01 09:19:17 AM,83.4,0,0.0,148550178.75
2025-08-01 09:19:17 AM,83.4,3600,300240.0,148850418.75
2025-08-01 09:19:17 AM,83.55,150,12532.5,148862951.25
2025-08-01 09:19:18 AM,83.3,0,0.0,148862951.25
2025-08-01 09:19:19 AM,82.8,5475,453330.0,149316281.25
2025-08-01 09:19:19 AM,82.9,300,24870.0,149341151.25
2025-08-01 09:19:19 AM,82.8,0,0.0,149341151.25
2025-08-01 09:19:20 AM,82.65,0,0.0,149341151.25
2025-08-01 09:19:20 AM,82.55,2775,229076.25,149570227.5
2025-08-01 09:19:21 AM,82.15,1350,110902.50000000001,149681130.0
2025-08-01 09:19:21 AM,82.35,0,0.0,149681130.0
2025-08-01 09:19:21 AM,82.55,0,0.0,149681130.0
2025-08-01 09:19:22 AM,82.05,0,0.0,149681130.0
2025-08-01 09:19:22 AM,82.05,12975,1064598.75,150745728.75
2025-08-01 09:19:22 AM,82.0,75,6150.0,150751878.75
2025-08-01 09:19:23 AM,81.9,0,0.0,150751878.75
2025-08-01 09:19:24 AM,81.7,7500,612750.0,151364628.75
2025-08-01 09:19:24 AM,81.6,375,30599.999999999996,151395228.75
2025-08-01 09:19:24 AM,81.1,0,0.0,151395228.75
2025-08-01 09:19:24 AM,81.05,0,0.0,151395228.75
2025-08-01 09:19:25 AM,80.75,0,0.0,151395228.75
2025-08-01 09:19:25 AM,80.8,0,0.0,151395228.75
2025-08-01 09:19:25 AM,80.4,27375,2200950.0,153596178.75
2025-08-01 09:19:26 AM,80.6,1050,84630.0,153680808.75
2025-08-01 09:19:26 AM,80.45,0,0.0,153680808.75
2025-08-01 09:19:26 AM,80.5,0,0.0,153680808.75
2025-08-01 09:19:27 AM,80.3,0,0.0,153680808.75
2025-08-01 09:19:27 AM,80.15,13200,1057980.0,154738788.75
2025-08-01 09:19:27 AM,80.45,375,30168.75,154768957.5
2025-08-01 09:19:28 AM,81.1,0,0.0,154768957.5
2025-08-01 09:19:28 AM,80.55,0,0.0,154768957.5
2025-08-01 09:19:29 AM,80.7,13875,1119712.5,155888670.0
2025-08-01 09:19:29 AM,80.45,225,18101.25,155906771.25
2025-08-01 09:19:29 AM,80.3,0,0.0,155906771.25
2025-08-01 09:19:29 AM,80.75,0,0.0,155906771.25
2025-08-01 09:19:30 AM,81.05,0,0.0,155906771.25
2025-08-01 09:19:30 AM,80.9,0,0.0,155906771.25
2025-08-01 09:19:30 AM,81.1,8700,705570.0,156612341.25
2025-08-01 09:19:31 AM,81.35,1350,109822.49999999999,156722163.75
2025-08-01 09:19:31 AM,81.4,0,0.0,156722163.75
2025-08-01 09:19:31 AM,81.5,0,0.0,156722163.75
2025-08-01 09:19:32 AM,81.85,0,0.0,156722163.75
2025-08-01 09:19:32 AM,81.75,7725,631518.75,157353682.5
2025-08-01 09:19:32 AM,81.75,75,6131.25,157359813.75
2025-08-01 09:19:33 AM,81.35,0,0.0,157359813.75
2025-08-01 09:19:34 AM,81.25,3450,280312.5,157640126.25
2025-08-01 09:19:34 AM,81.25,75,6093.75,157646220.0
2025-08-01 09:19:34 AM,81.3,0,0.0,157646220.0
2025-08-01 09:19:35 AM,81.75,0,0.0,157646220.0
2025-08-01 09:19:35 AM,81.5,2475,201712.5,157847932.5
2025-08-01 09:19:36 AM,81.3,600,48780.0,157896712.5
2025-08-01 09:19:36 AM,81.25,0,0.0,157896712.5
2025-08-01 09:19:37 AM,81.55,0,0.0,157896712.5
2025-08-01 09:19:37 AM,81.55,4200,342510.0,158239222.5
2025-08-01 09:19:37 AM,81.35,225,18303.75,158257526.25
2025-08-01 09:19:38 AM,81.4,0,0.0,158257526.25
2025-08-01 09:19:38 AM,81.25,0,0.0,158257526.25
2025-08-01 09:19:39 AM,80.75,5175,417881.25,158675407.5
2025-08-01 09:19:39 AM,80.7,0,0.0,158675407.5
2025-08-01 09:19:39 AM,80.85,0,0.0,158675407.5
2025-08-01 09:19:40 AM,81.9,0,0.0,158675407.5
2025-08-01 09:19:40 AM,82.1,0,0.0,158675407.5
2025-08-01 09:19:40 AM,82.2,4200,345240.0,159020647.5
2025-08-01 09:19:41 AM,82.15,450,36967.5,159057615.0
2025-08-01 09:19:42 AM,82.45,0,0.0,159057615.0
2025-08-01 09:19:42 AM,82.45,3375,278268.75,159335883.75
2025-08-01 09:19:42 AM,82.3,150,12345.0,159348228.75
2025-08-01 09:19:43 AM,82.1,0,0.0,159348228.75
2025-08-01 09:19:44 AM,82.1,2925,240142.49999999997,159588371.25
2025-08-01 09:19:44 AM,82.3,150,12345.0,159600716.25
2025-08-01 09:19:44 AM,82.4,0,0.0,159600716.25
2025-08-01 09:19:44 AM,82.5,0,0.0,159600716.25
2025-08-01 09:19:45 AM,81.8,0,0.0,159600716.25
2025-08-01 09:19:45 AM,81.6,4725,385560.0,159986276.25
2025-08-01 09:19:46 AM,81.6,675,55079.99999999999,160041356.25
2025-08-01 09:19:46 AM,82.1,0,0.0,160041356.25
2025-08-01 09:19:47 AM,82.25,0,0.0,160041356.25
2025-08-01 09:19:47 AM,82.45,0,0.0,160041356.25
2025-08-01 09:19:47 AM,82.45,3150,259717.5,160301073.75
2025-08-01 09:19:47 AM,82.35,3825,314988.75,160616062.5
2025-08-01 09:19:48 AM,82.05,0,0.0,160616062.5
2025-08-01 09:19:49 AM,81.65,9300,759345.0,161375407.5
2025-08-01 09:19:49 AM,81.65,75,6123.75,161381531.25
2025-08-01 09:19:49 AM,81.85,0,0.0,161381531.25
2025-08-01 09:19:49 AM,81.9,0,0.0,161381531.25
2025-08-01 09:19:50 AM,82.05,0,0.0,161381531.25
2025-08-01 09:19:50 AM,82.45,8250,680212.5,162061743.75
2025-08-01 09:19:51 AM,82.45,450,37102.5,162098846.25
2025-08-01 09:19:51 AM,82.3,0,0.0,162098846.25
2025-08-01 09:19:52 AM,82.0,0,0.0,162098846.25
2025-08-01 09:19:52 AM,82.0,2925,239850.0,162338696.25
2025-08-01 09:19:53 AM,82.55,0,0.0,162338696.25
2025-08-01 09:19:54 AM,82.45,2250,185512.5,162524208.75
2025-08-01 09:19:54 AM,82.45,150,12367.5,162536576.25
2025-08-01 09:19:54 AM,82.5,0,0.0,162536576.25
2025-08-01 09:19:55 AM,82.9,0,0.0,162536576.25
2025-08-01 09:19:55 AM,82.95,6375,528806.25,163065382.5
2025-08-01 09:19:56 AM,82.85,300,24855.0,163090237.5
2025-08-01 09:19:56 AM,82.65,0,0.0,163090237.5
2025-08-01 09:19:56 AM,82.2,0,0.0,163090237.5
2025-08-01 09:19:57 AM,81.8,0,0.0,163090237.5
2025-08-01 09:19:57 AM,81.6,0,0.0,163090237.5
2025-08-01 09:19:57 AM,81.6,2700,220319.99999999997,163310557.5
2025-08-01 09:19:57 AM,81.75,75,6131.25,163316688.75
2025-08-01 09:19:58 AM,81.35,0,0.0,163316688.75
2025-08-01 09:19:58 AM,81.6,0,0.0,163316688.75
2025-08-01 09:19:59 AM,81.35,6075,494201.24999999994,163810890.0
2025-08-01 09:19:59 AM,81.2,900,73080.0,163883970.0
2025-08-01 09:19:59 AM,81.1,0,0.0,163883970.0
2025-08-01 09:20:00 AM,81.8,0,0.0,163883970.0
2025-08-01 09:20:00 AM,81.45,0,0.0,163883970.0
2025-08-01 09:20:00 AM,81.95,30000,2458500.0,166342470.0
2025-08-01 09:20:01 AM,81.95,7350,602332.5,166944802.5
2025-08-01 09:20:01 AM,81.85,0,0.0,166944802.5
2025-08-01 09:20:02 AM,81.4,0,0.0,166944802.5
2025-08-01 09:20:02 AM,81.75,0,0.0,166944802.5
2025-08-01 09:20:02 AM,81.95,9750,799012.5,167743815.0
2025-08-01 09:20:02 AM,81.95,1200,98340.0,167842155.0
2025-08-01 09:20:03 AM,82.5,0,0.0,167842155.0
2025-08-01 09:20:03 AM,82.3,0,0.0,167842155.0
2025-08-01 09:20:04 AM,82.8,17325,1434510.0,169276665.0
2025-08-01 09:20:04 AM,83.0,0,0.0,169276665.0
2025-08-01 09:20:05 AM,83.3,0,0.0,169276665.0
2025-08-01 09:20:05 AM,83.3,4350,362355.0,169639020.0
2025-08-01 09:20:06 AM,83.35,450,37507.5,169676527.5
2025-08-01 09:20:06 AM,83.9,0,0.0,169676527.5
2025-08-01 09:20:07 AM,83.25,0,0.0,169676527.5
2025-08-01 09:20:07 AM,83.25,5400,449550.0,170126077.5
2025-08-01 09:20:07 AM,83.2,300,24960.0,170151037.5
2025-08-01 09:20:08 AM,83.3,0,0.0,170151037.5
2025-08-01 09:20:09 AM,83.25,8250,686812.5,170837850.0
2025-08-01 09:20:09 AM,83.35,525,43758.75,170881608.75
2025-08-01 09:20:09 AM,83.3,0,0.0,170881608.75
2025-08-01 09:20:09 AM,83.4,0,0.0,170881608.75
2025-08-01 09:20:10 AM,83.7,0,0.0,170881608.75
2025-08-01 09:20:10 AM,84.05,7875,661893.75,171543502.5
2025-08-01 09:20:11 AM,84.0,975,81900.0,171625402.5
2025-08-01 09:20:11 AM,84.1,0,0.0,171625402.5
2025-08-01 09:20:11 AM,83.9,0,0.0,171625402.5
2025-08-01 09:20:12 AM,83.75,10875,910781.25,172536183.75
2025-08-01 09:20:12 AM,84.05,0,0.0,172536183.75
2025-08-01 09:20:12 AM,84.1,225,18922.5,172555106.25
2025-08-01 09:20:13 AM,83.35,0,0.0,172555106.25
2025-08-01 09:20:14 AM,84.25,4200,353850.0,172908956.25
2025-08-01 09:20:14 AM,84.15,600,50490.0,172959446.25
2025-08-01 09:20:14 AM,84.1,0,0.0,172959446.25
2025-08-01 09:20:15 AM,84.1,4200,353220.0,173312666.25
2025-08-01 09:20:16 AM,84.0,300,25200.0,173337866.25
2025-08-01 09:20:16 AM,83.55,0,0.0,173337866.25
2025-08-01 09:20:16 AM,83.6,0,0.0,173337866.25
2025-08-01 09:20:17 AM,84.1,9675,813667.5,174151533.75
2025-08-01 09:20:17 AM,84.2,0,0.0,174151533.75
2025-08-01 09:20:17 AM,84.25,1725,145331.25,174296865.0
2025-08-01 09:20:18 AM,83.95,0,0.0,174296865.0
2025-08-01 09:20:18 AM,83.9,0,0.0,174296865.0
2025-08-01 09:20:19 AM,83.7,6300,527310.0,174824175.0
2025-08-01 09:20:19 AM,83.5,2100,175350.0,174999525.0
2025-08-01 09:20:19 AM,83.6,0,0.0,174999525.0
2025-08-01 09:20:19 AM,83.4,0,0.0,174999525.0
2025-08-01 09:20:20 AM,84.7,0,0.0,174999525.0
2025-08-01 09:20:20 AM,84.4,0,0.0,174999525.0
2025-08-01 09:20:20 AM,84.6,5025,425115.0,175424640.0
2025-08-01 09:20:21 AM,84.5,225,19012.5,175443652.5
2025-08-01 09:20:21 AM,84.35,0,0.0,175443652.5
2025-08-01 09:20:21 AM,84.5,0,0.0,175443652.5
2025-08-01 09:20:22 AM,84.35,9825,828738.75,176272391.25
2025-08-01 09:20:22 AM,84.15,0,0.0,176272391.25
2025-08-01 09:20:22 AM,84.0,0,0.0,176272391.25
2025-08-01 09:20:22 AM,83.95,1875,157406.25,176429797.5
2025-08-01 09:20:23 AM,83.6,0,0.0,176429797.5
2025-08-01 09:20:24 AM,83.75,7575,634406.25,177064203.75
2025-08-01 09:20:24 AM,83.55,300,25065.0,177089268.75
2025-08-01 09:20:24 AM,83.5,0,0.0,177089268.75
2025-08-01 09:20:25 AM,83.4,0,0.0,177089268.75
2025-08-01 09:20:25 AM,83.4,4200,350280.0,177439548.75
2025-08-01 09:20:26 AM,83.2,375,31200.0,177470748.75
2025-08-01 09:20:26 AM,83.0,0,0.0,177470748.75
2025-08-01 09:20:26 AM,83.25,0,0.0,177470748.75
2025-08-01 09:20:27 AM,83.15,6900,573735.0,178044483.75
2025-08-01 09:20:27 AM,82.95,0,0.0,178044483.75
2025-08-01 09:20:27 AM,82.85,0,0.0,178044483.75
2025-08-01 09:20:27 AM,83.0,2250,186750.0,178231233.75
2025-08-01 09:20:28 AM,83.05,0,0.0,178231233.75
2025-08-01 09:20:28 AM,83.15,0,0.0,178231233.75
2025-08-01 09:20:29 AM,82.75,7425,614418.75,178845652.5
2025-08-01 09:20:29 AM,82.8,0,0.0,178845652.5
2025-08-01 09:20:29 AM,82.95,0,0.0,178845652.5
2025-08-01 09:20:30 AM,83.05,0,0.0,178845652.5
2025-08-01 09:20:30 AM,83.1,0,0.0,178845652.5
2025-08-01 09:20:30 AM,83.0,10500,871500.0,179717152.5
2025-08-01 09:20:31 AM,83.1,1275,105952.5,179823105.0
2025-08-01 09:20:31 AM,83.15,0,0.0,179823105.0
2025-08-01 09:20:32 AM,82.5,2025,167062.5,179990167.5
2025-08-01 09:20:32 AM,82.3,0,0.0,179990167.5
2025-08-01 09:20:32 AM,82.0,0,0.0,179990167.5
2025-08-01 09:20:32 AM,82.4,6150,506760.00000000006,180496927.5
2025-08-01 09:20:33 AM,81.8,0,0.0,180496927.5
2025-08-01 09:20:33 AM,81.95,0,0.0,180496927.5
2025-08-01 09:20:34 AM,82.1,5775,474127.49999999994,180971055.0
2025-08-01 09:20:34 AM,82.2,75,6165.0,180977220.0
2025-08-01 09:20:34 AM,82.25,0,0.0,180977220.0
2025-08-01 09:20:35 AM,82.15,0,0.0,180977220.0
2025-08-01 09:20:35 AM,82.75,5100,422025.0,181399245.0
2025-08-01 09:20:36 AM,82.7,1725,142657.5,181541902.5
2025-08-01 09:20:36 AM,82.05,0,0.0,181541902.5
2025-08-01 09:20:36 AM,82.25,0,0.0,181541902.5
2025-08-01 09:20:37 AM,82.5,3975,327937.5,181869840.0
2025-08-01 09:20:37 AM,82.6,0,0.0,181869840.0
2025-08-01 09:20:37 AM,82.5,300,24750.0,181894590.0
2025-08-01 09:20:38 AM,82.15,0,0.0,181894590.0
2025-08-01 09:20:39 AM,82.35,3750,308812.5,182203402.5
2025-08-01 09:20:39 AM,82.35,150,12352.5,182215755.0
2025-08-01 09:20:39 AM,82.4,0,0.0,182215755.0
2025-08-01 09:20:39 AM,82.2,0,0.0,182215755.0
2025-08-01 09:20:40 AM,81.8,0,0.0,182215755.0
2025-08-01 09:20:40 AM,82.0,0,0.0,182215755.0
2025-08-01 09:20:40 AM,81.9,5175,423832.50000000006,182639587.5
2025-08-01 09:20:41 AM,81.9,225,18427.5,182658015.0
2025-08-01 09:20:42 AM,82.05,6825,559991.25,183218006.25
2025-08-01 09:20:42 AM,82.05,375,30768.75,183248775.0
2025-08-01 09:20:43 AM,81.5,0,0.0,183248775.0
2025-08-01 09:20:44 AM,80.7,9900,798930.0,184047705.0
2025-08-01 09:20:44 AM,80.65,150,12097.5,184059802.5
2025-08-01 09:20:44 AM,80.75,0,0.0,184059802.5
2025-08-01 09:20:44 AM,80.95,0,0.0,184059802.5
2025-08-01 09:20:45 AM,80.5,0,0.0,184059802.5
2025-08-01 09:20:45 AM,80.2,21675,1738335.0,185798137.5
2025-08-01 09:20:46 AM,80.35,1650,132577.5,185930715.0
2025-08-01 09:20:46 AM,80.5,0,0.0,185930715.0
2025-08-01 09:20:47 AM,80.6,4800,386880.0,186317595.0
2025-08-01 09:20:47 AM,80.65,0,0.0,186317595.0
2025-08-01 09:20:47 AM,80.5,600,48300.0,186365895.0
2025-08-01 09:20:48 AM,80.25,0,0.0,186365895.0
2025-08-01 09:20:49 AM,79.55,15825,1258878.75,187624773.75
2025-08-01 09:20:49 AM,79.65,600,47790.0,187672563.75
2025-08-01 09:20:49 AM,79.85,0,0.0,187672563.75
2025-08-01 09:20:50 AM,79.65,0,0.0,187672563.75
2025-08-01 09:20:50 AM,79.8,0,0.0,187672563.75
2025-08-01 09:20:50 AM,79.75,13575,1082606.25,188755170.0
2025-08-01 09:20:51 AM,79.9,2925,233707.50000000003,188988877.5
2025-08-01 09:20:51 AM,80.1,0,0.0,188988877.5
2025-08-01 09:20:52 AM,80.55,4800,386640.0,189375517.5
2025-08-01 09:20:52 AM,80.5,0,0.0,189375517.5
2025-08-01 09:20:52 AM,80.6,0,0.0,189375517.5
2025-08-01 09:20:52 AM,80.7,1200,96840.0,189472357.5
2025-08-01 09:20:53 AM,80.35,0,0.0,189472357.5
2025-08-01 09:20:53 AM,80.55,0,0.0,189472357.5
2025-08-01 09:20:54 AM,80.0,11025,882000.0,190354357.5
2025-08-01 09:20:54 AM,80.1,600,48060.0,190402417.5
2025-08-01 09:20:54 AM,79.85,0,0.0,190402417.5
2025-08-01 09:20:54 AM,79.8,0,0.0,190402417.5
2025-08-01 09:20:55 AM,79.75,0,0.0,190402417.5
2025-08-01 09:20:55 AM,80.1,0,0.0,190402417.5
2025-08-01 09:20:55 AM,80.3,4125,331237.5,190733655.0
2025-08-01 09:20:56 AM,80.45,750,60337.5,190793992.5
2025-08-01 09:20:56 AM,80.4,0,0.0,190793992.5
2025-08-01 09:20:57 AM,79.55,3675,292346.25,191086338.75
2025-08-01 09:20:57 AM,79.35,0,0.0,191086338.75
2025-08-01 09:20:57 AM,79.4,1950,154830.0,191241168.75
2025-08-01 09:20:58 AM,80.0,0,0.0,191241168.75
2025-08-01 09:20:59 AM,79.55,4575,363941.25,191605110.0
2025-08-01 09:20:59 AM,79.7,1050,83685.0,191688795.0
2025-08-01 09:20:59 AM,79.3,0,0.0,191688795.0
2025-08-01 09:21:00 AM,80.45,0,0.0,191688795.0
2025-08-01 09:21:00 AM,80.55,0,0.0,191688795.0
2025-08-01 09:21:00 AM,80.3,11850,951555.0,192640350.0
2025-08-01 09:21:01 AM,79.5,12150,965925.0,193606275.0
2025-08-01 09:21:01 AM,80.15,0,0.0,193606275.0
2025-08-01 09:21:01 AM,80.3,0,0.0,193606275.0
2025-08-01 09:21:02 AM,81.0,7275,589275.0,194195550.0
2025-08-01 09:21:02 AM,80.6,0,0.0,194195550.0
2025-08-01 09:21:02 AM,80.4,0,0.0,194195550.0
2025-08-01 09:21:02 AM,80.4,1200,96480.0,194292030.0
2025-08-01 09:21:03 AM,80.3,0,0.0,194292030.0
2025-08-01 09:21:03 AM,80.1,0,0.0,194292030.0
2025-08-01 09:21:04 AM,80.9,6825,552142.5,194844172.5
2025-08-01 09:21:04 AM,80.85,150,12127.5,194856300.0
2025-08-01 09:21:04 AM,80.65,0,0.0,194856300.0
2025-08-01 09:21:05 AM,81.2,0,0.0,194856300.0
2025-08-01 09:21:05 AM,81.35,0,0.0,194856300.0
2025-08-01 09:21:05 AM,81.15,4275,346916.25,195203216.25
2025-08-01 09:21:06 AM,81.0,675,54675.0,195257891.25
2025-08-01 09:21:06 AM,81.1,0,0.0,195257891.25
2025-08-01 09:21:07 AM,81.4,4425,360195.0,195618086.25
2025-08-01 09:21:07 AM,81.5,300,24450.0,195642536.25
2025-08-01 09:21:08 AM,80.25,0,0.0,195642536.25
2025-08-01 09:21:09 AM,80.65,18825,1518236.25,197160772.5
2025-08-01 09:21:09 AM,80.75,75,6056.25,197166828.75
2025-08-01 09:21:10 AM,80.35,0,0.0,197166828.75
2025-08-01 09:21:10 AM,80.0,4425,354000.0,197520828.75
2025-08-01 09:21:11 AM,79.8,1350,107730.0,197628558.75
2025-08-01 09:21:11 AM,80.0,0,0.0,197628558.75
2025-08-01 09:21:12 AM,80.45,1500,120675.0,197749233.75
2025-08-01 09:21:13 AM,80.35,0,0.0,197749233.75
2025-08-01 09:21:13 AM,80.6,0,0.0,197749233.75
2025-08-01 09:21:14 AM,80.1,5550,444554.99999999994,198193788.75
2025-08-01 09:21:14 AM,80.1,3825,306382.5,198500171.25
2025-08-01 09:21:14 AM,80.55,0,0.0,198500171.25
2025-08-01 09:21:15 AM,79.95,0,0.0,198500171.25
2025-08-01 09:21:15 AM,80.2,0,0.0,198500171.25
2025-08-01 09:21:16 AM,80.35,8550,686992.5,199187163.75
2025-08-01 09:21:16 AM,80.45,75,6033.75,199193197.5
2025-08-01 09:21:16 AM,80.25,0,0.0,199193197.5
2025-08-01 09:21:17 AM,80.8,2250,181800.0,199374997.5
2025-08-01 09:21:17 AM,80.6,0,0.0,199374997.5
2025-08-01 09:21:17 AM,80.6,75,6045.0,199381042.5
2025-08-01 09:21:18 AM,81.2,0,0.0,199381042.5
2025-08-01 09:21:19 AM,81.4,1425,115995.00000000001,199497037.5
2025-08-01 09:21:19 AM,81.5,300,24450.0,199521487.5
2025-08-01 09:21:19 AM,81.3,0,0.0,199521487.5
2025-08-01 09:21:20 AM,81.35,0,0.0,199521487.5
2025-08-01 09:21:21 AM,80.95,2550,206422.5,199727910.0
2025-08-01 09:21:21 AM,80.85,300,24255.0,199752165.0
2025-08-01 09:21:21 AM,80.6,0,0.0,199752165.0
2025-08-01 09:21:22 AM,80.8,3600,290880.0,200043045.0
2025-08-01 09:21:23 AM,81.05,0,0.0,200043045.0
2025-08-01 09:21:24 AM,81.4,1500,122100.00000000001,200165145.0
2025-08-01 09:21:24 AM,81.25,600,48750.0,200213895.0
2025-08-01 09:21:24 AM,81.15,0,0.0,200213895.0
2025-08-01 09:21:25 AM,81.25,0,0.0,200213895.0
2025-08-01 09:21:25 AM,81.3,0,0.0,200213895.0
2025-08-01 09:21:26 AM,81.3,675,54877.5,200268772.5
2025-08-01 09:21:26 AM,81.05,0,0.0,200268772.5
2025-08-01 09:21:27 AM,80.75,10950,884212.5,201152985.0
2025-08-01 09:21:28 AM,80.55,0,0.0,201152985.0
2025-08-01 09:21:28 AM,80.35,0,0.0,201152985.0
2025-08-01 09:21:29 AM,80.45,2850,229282.5,201382267.5
2025-08-01 09:21:29 AM,81.05,2100,170205.0,201552472.5
2025-08-01 09:21:29 AM,81.55,0,0.0,201552472.5
2025-08-01 09:21:29 AM,81.5,0,0.0,201552472.5
2025-08-01 09:21:30 AM,81.3,0,0.0,201552472.5
2025-08-01 09:21:30 AM,81.2,0,0.0,201552472.5
2025-08-01 09:21:31 AM,81.1,9000,729900.0,202282372.5
2025-08-01 09:21:32 AM,81.4,2925,238095.00000000003,202520467.5
2025-08-01 09:21:32 AM,81.55,0,0.0,202520467.5
2025-08-01 09:21:32 AM,81.55,150,12232.5,202532700.0
2025-08-01 09:21:33 AM,81.25,0,0.0,202532700.0
2025-08-01 09:21:34 AM,80.85,21225,1716041.2499999998,204248741.25
2025-08-01 09:21:34 AM,80.4,225,18090.0,204266831.25
2025-08-01 09:21:34 AM,80.65,0,0.0,204266831.25
2025-08-01 09:21:35 AM,80.75,0,0.0,204266831.25
2025-08-01 09:21:35 AM,80.95,0,0.0,204266831.25
2025-08-01 09:21:36 AM,80.9,3525,285172.5,204552003.75
2025-08-01 09:21:36 AM,80.85,75,6063.75,204558067.5
2025-08-01 09:21:36 AM,80.65,0,0.0,204558067.5
2025-08-01 09:21:37 AM,80.1,6750,540675.0,205098742.5
2025-08-01 09:21:37 AM,79.7,0,0.0,205098742.5
2025-08-01 09:21:37 AM,79.7,11700,932490.0,206031232.5
2025-08-01 09:21:38 AM,79.55,0,0.0,206031232.5
2025-08-01 09:21:38 AM,79.35,0,0.0,206031232.5
2025-08-01 09:21:39 AM,79.05,5925,468371.25,206499603.75
2025-08-01 09:21:39 AM,79.0,7725,610275.0,207109878.75
2025-08-01 09:21:39 AM,78.9,0,0.0,207109878.75
2025-08-01 09:21:39 AM,79.25,0,0.0,207109878.75
2025-08-01 09:21:40 AM,79.55,0,0.0,207109878.75
2025-08-01 09:21:40 AM,79.6,0,0.0,207109878.75
2025-08-01 09:21:41 AM,79.6,5700,453719.99999999994,207563598.75
2025-08-01 09:21:41 AM,79.25,225,17831.25,207581430.0
2025-08-01 09:21:41 AM,79.35,0,0.0,207581430.0
2025-08-01 09:21:41 AM,79.0,0,0.0,207581430.0
2025-08-01 09:21:42 AM,78.95,8475,669101.25,208250531.25
2025-08-01 09:21:42 AM,79.3,0,0.0,208250531.25
2025-08-01 09:21:42 AM,79.2,975,77220.0,208327751.25
2025-08-01 09:21:43 AM,79.05,0,0.0,208327751.25
2025-08-01 09:21:43 AM,79.15,0,0.0,208327751.25
2025-08-01 09:21:44 AM,78.85,10500,827924.9999999999,209155676.25
2025-08-01 09:21:44 AM,78.5,300,23550.0,209179226.25
2025-08-01 09:21:44 AM,78.75,0,0.0,209179226.25
2025-08-01 09:21:45 AM,78.6,0,0.0,209179226.25
2025-08-01 09:21:45 AM,78.9,0,0.0,209179226.25
2025-08-01 09:21:46 AM,78.5,6150,482775.0,209662001.25
2025-08-01 09:21:46 AM,78.55,2250,176737.5,209838738.75
2025-08-01 09:21:46 AM,78.65,0,0.0,209838738.75
2025-08-01 09:21:46 AM,78.55,0,0.0,209838738.75
2025-08-01 09:21:47 AM,79.55,8325,662253.75,210500992.5
2025-08-01 09:21:47 AM,79.5,0,0.0,210500992.5
2025-08-01 09:21:47 AM,79.65,600,47790.0,210548782.5
2025-08-01 09:21:48 AM,80.0,0,0.0,210548782.5
2025-08-01 09:21:49 AM,79.8,15225,1214955.0,211763737.5
2025-08-01 09:21:49 AM,80.05,75,6003.75,211769741.25
2025-08-01 09:21:49 AM,79.9,0,0.0,211769741.25
2025-08-01 09:21:49 AM,79.8,0,0.0,211769741.25
2025-08-01 09:21:50 AM,80.7,0,0.0,211769741.25
2025-08-01 09:21:51 AM,80.5,3225,259612.5,212029353.75
2025-08-01 09:21:51 AM,80.8,0,0.0,212029353.75
2025-08-01 09:21:52 AM,80.55,4050,326227.5,212355581.25
2025-08-01 09:21:53 AM,80.7,0,0.0,212355581.25
2025-08-01 09:21:53 AM,80.8,0,0.0,212355581.25
2025-08-01 09:21:54 AM,80.55,975,78536.25,212434117.5
2025-08-01 09:21:54 AM,80.5,225,18112.5,212452230.0
2025-08-01 09:21:55 AM,80.45,0,0.0,212452230.0
2025-08-01 09:21:56 AM,80.45,2775,223248.75,212675478.75
2025-08-01 09:21:56 AM,80.35,75,6026.25,212681505.0
2025-08-01 09:21:56 AM,80.5,0,0.0,212681505.0
2025-08-01 09:21:57 AM,79.9,3375,269662.5,212951167.5
2025-08-01 09:21:58 AM,80.3,0,0.0,212951167.5
2025-08-01 09:21:59 AM,80.45,2400,193080.0,213144247.5
2025-08-01 09:21:59 AM,79.95,8100,647595.0,213791842.5
2025-08-01 09:21:59 AM,80.3,0,0.0,213791842.5
2025-08-01 09:21:59 AM,80.2,0,0.0,213791842.5
2025-08-01 09:22:00 AM,80.75,0,0.0,213791842.5
2025-08-01 09:22:00 AM,80.8,0,0.0,213791842.5
2025-08-01 09:22:01 AM,81.0,11850,959850.0,214751692.5
2025-08-01 09:22:01 AM,81.75,0,0.0,214751692.5
2025-08-01 09:22:01 AM,81.6,0,0.0,214751692.5
2025-08-01 09:22:02 AM,81.65,5175,422538.75000000006,215174231.25
2025-08-01 09:22:02 AM,81.6,0,0.0,215174231.25
2025-08-01 09:22:02 AM,81.6,2325,189720.0,215363951.25
2025-08-01 09:22:03 AM,81.8,0,0.0,215363951.25
2025-08-01 09:22:03 AM,81.95,0,0.0,215363951.25
2025-08-01 09:22:04 AM,82.0,6525,535050.0,215899001.25
2025-08-01 09:22:04 AM,81.9,825,67567.5,215966568.75
2025-08-01 09:22:05 AM,81.4,0,0.0,215966568.75
2025-08-01 09:22:05 AM,81.5,0,0.0,215966568.75
2025-08-01 09:22:06 AM,81.5,4425,360637.5,216327206.25
2025-08-01 09:22:06 AM,81.5,225,18337.5,216345543.75
2025-08-01 09:22:06 AM,81.35,0,0.0,216345543.75
2025-08-01 09:22:07 AM,81.2,7125,578550.0,216924093.75
2025-08-01 09:22:07 AM,81.3,0,0.0,216924093.75
2025-08-01 09:22:07 AM,81.15,1425,115638.75000000001,217039732.5
2025-08-01 09:22:08 AM,82.05,0,0.0,217039732.5
2025-08-01 09:22:09 AM,81.8,5550,453990.0,217493722.5
2025-08-01 09:22:09 AM,81.55,2025,165138.75,217658861.25
2025-08-01 09:22:09 AM,81.65,0,0.0,217658861.25
2025-08-01 09:22:10 AM,81.7,0,0.0,217658861.25
2025-08-01 09:22:10 AM,81.75,0,0.0,217658861.25
2025-08-01 09:22:11 AM,81.8,2850,233130.0,217891991.25
2025-08-01 09:22:11 AM,81.7,0,0.0,217891991.25
2025-08-01 09:22:12 AM,81.85,6225,509516.24999999994,218401507.5
2025-08-01 09:22:12 AM,81.75,0,0.0,218401507.5
2025-08-01 09:22:12 AM,81.5,1275,103912.5,218505420.0
2025-08-01 09:22:13 AM,82.6,0,0.0,218505420.0
2025-08-01 09:22:14 AM,83.0,9300,771900.0,219277320.0
2025-08-01 09:22:14 AM,83.0,2325,192975.0,219470295.0
2025-08-01 09:22:14 AM,82.75,0,0.0,219470295.0
2025-08-01 09:22:15 AM,81.45,0,0.0,219470295.0
2025-08-01 09:22:15 AM,81.7,0,0.0,219470295.0
2025-08-01 09:22:15 AM,82.0,9825,805650.0,220275945.0
2025-08-01 09:22:16 AM,81.85,3900,319215.0,220595160.0
2025-08-01 09:22:16 AM,81.65,0,0.0,220595160.0
2025-08-01 09:22:17 AM,81.45,10200,830790.0,221425950.0
2025-08-01 09:22:17 AM,81.6,0,0.0,221425950.0
2025-08-01 09:22:17 AM,81.65,450,36742.5,221462692.5
2025-08-01 09:22:18 AM,81.7,0,0.0,221462692.5
2025-08-01 09:22:19 AM,80.9,13125,1061812.5,222524505.0
2025-08-01 09:22:19 AM,80.8,1875,151500.0,222676005.0
2025-08-01 09:22:19 AM,80.9,0,0.0,222676005.0
2025-08-01 09:22:20 AM,81.3,0,0.0,222676005.0
2025-08-01 09:22:20 AM,80.8,0,0.0,222676005.0
2025-08-01 09:22:20 AM,80.95,4125,333918.75,223009923.75
2025-08-01 09:22:21 AM,81.0,300,24300.0,223034223.75
2025-08-01 09:22:21 AM,81.1,0,0.0,223034223.75
2025-08-01 09:22:22 AM,81.0,2475,200475.0,223234698.75
2025-08-01 09:22:22 AM,80.8,1275,103020.0,223337718.75
2025-08-01 09:22:23 AM,80.9,0,0.0,223337718.75
2025-08-01 09:22:24 AM,81.3,3750,304875.0,223642593.75
2025-08-01 09:22:24 AM,81.2,75,6090.0,223648683.75
2025-08-01 09:22:24 AM,81.5,0,0.0,223648683.75
2025-08-01 09:22:25 AM,81.45,0,0.0,223648683.75
2025-08-01 09:22:25 AM,81.25,18075,1468593.75,225117277.5
2025-08-01 09:22:26 AM,81.15,525,42603.75,225159881.25
2025-08-01 09:22:26 AM,81.45,0,0.0,225159881.25
2025-08-01 09:22:27 AM,80.9,6600,533940.0,225693821.25
2025-08-01 09:22:27 AM,81.05,525,42551.25,225736372.5
2025-08-01 09:22:28 AM,81.0,0,0.0,225736372.5
2025-08-01 09:22:29 AM,80.8,9075,733260.0,226469632.5
2025-08-01 09:22:29 AM,80.4,1950,156780.0,226626412.5
2025-08-01 09:22:29 AM,80.45,0,0.0,226626412.5
2025-08-01 09:22:30 AM,80.4,0,0.0,226626412.5
2025-08-01 09:22:30 AM,80.3,2550,204765.0,226831177.5
2025-08-01 09:22:31 AM,80.55,0,0.0,226831177.5
2025-08-01 09:22:31 AM,80.7,0,0.0,226831177.5
2025-08-01 09:22:32 AM,81.5,4125,336187.5,227167365.0
2025-08-01 09:22:32 AM,81.75,600,49050.0,227216415.0
2025-08-01 09:22:33 AM,81.9,0,0.0,227216415.0
2025-08-01 09:22:34 AM,81.55,2325,189603.75,227406018.75
2025-08-01 09:22:34 AM,81.5,225,18337.5,227424356.25
2025-08-01 09:22:34 AM,81.6,0,0.0,227424356.25
2025-08-01 09:22:35 AM,81.1,0,0.0,227424356.25
2025-08-01 09:22:35 AM,81.4,5025,409035.0,227833391.25
2025-08-01 09:22:36 AM,81.2,75,6090.0,227839481.25
2025-08-01 09:22:36 AM,80.95,0,0.0,227839481.25
2025-08-01 09:22:37 AM,80.1,4275,342427.5,228181908.75
2025-08-01 09:22:37 AM,80.35,150,12052.5,228193961.25
2025-08-01 09:22:38 AM,79.8,0,0.0,228193961.25
2025-08-01 09:22:39 AM,80.35,9975,801491.25,228995452.5
2025-08-01 09:22:39 AM,80.3,0,0.0,228995452.5
2025-08-01 09:22:40 AM,79.95,0,0.0,228995452.5
2025-08-01 09:22:40 AM,79.95,3450,275827.5,229271280.0
2025-08-01 09:22:41 AM,80.3,300,24090.0,229295370.0
2025-08-01 09:22:41 AM,80.6,0,0.0,229295370.0
2025-08-01 09:22:42 AM,80.3,3225,258967.5,229554337.5
2025-08-01 09:22:43 AM,80.9,0,0.0,229554337.5
2025-08-01 09:22:44 AM,80.7,2550,205785.0,229760122.5
2025-08-01 09:22:44 AM,80.6,75,6045.0,229766167.5
2025-08-01 09:22:44 AM,80.65,0,0.0,229766167.5
2025-08-01 09:22:45 AM,80.4,0,0.0,229766167.5
2025-08-01 09:22:45 AM,80.6,0,0.0,229766167.5
2025-08-01 09:22:45 AM,80.5,4275,344137.5,230110305.0
2025-08-01 09:22:46 AM,80.2,525,42105.0,230152410.0
2025-08-01 09:22:46 AM,79.7,0,0.0,230152410.0
2025-08-01 09:22:46 AM,79.45,0,0.0,230152410.0
2025-08-01 09:22:47 AM,79.3,0,0.0,230152410.0
2025-08-01 09:22:47 AM,79.3,6000,475800.0,230628210.0
2025-08-01 09:22:47 AM,79.55,0,0.0,230628210.0
2025-08-01 09:22:47 AM,79.8,450,35910.0,230664120.0
2025-08-01 09:22:48 AM,79.75,0,0.0,230664120.0
2025-08-01 09:22:49 AM,79.9,3525,281647.5,230945767.5
2025-08-01 09:22:49 AM,79.6,225,17910.0,230963677.5
2025-08-01 09:22:49 AM,79.4,0,0.0,230963677.5
2025-08-01 09:22:50 AM,79.65,0,0.0,230963677.5
2025-08-01 09:22:50 AM,79.6,0,0.0,230963677.5
2025-08-01 09:22:50 AM,79.7,3300,263010.0,231226687.5
2025-08-01 09:22:51 AM,79.95,225,17988.75,231244676.25
2025-08-01 09:22:52 AM,80.2,0,0.0,231244676.25
2025-08-01 09:22:52 AM,80.2,3900,312780.0,231557456.25
2025-08-01 09:22:53 AM,80.7,0,0.0,231557456.25
2025-08-01 09:22:53 AM,80.75,0,0.0,231557456.25
2025-08-01 09:22:54 AM,80.05,4125,330206.25,231887662.5
2025-08-01 09:22:54 AM,80.1,75,6007.5,231893670.0
2025-08-01 09:22:54 AM,80.2,0,0.0,231893670.0
2025-08-01 09:22:55 AM,80.7,0,0.0,231893670.0
2025-08-01 09:22:55 AM,80.3,675,54202.5,231947872.5
2025-08-01 09:22:56 AM,80.35,150,12052.5,231959925.0
2025-08-01 09:22:56 AM,80.2,0,0.0,231959925.0
2025-08-01 09:22:57 AM,80.0,0,0.0,231959925.0
2025-08-01 09:22:57 AM,80.0,375,30000.0,231989925.0
2025-08-01 09:22:57 AM,79.9,225,17977.5,232007902.5
2025-08-01 09:22:58 AM,79.85,0,0.0,232007902.5
2025-08-01 09:22:59 AM,79.9,1800,143820.0,232151722.5
2025-08-01 09:22:59 AM,79.95,450,35977.5,232187700.0
2025-08-01 09:22:59 AM,80.15,0,0.0,232187700.0
2025-08-01 09:22:59 AM,79.95,0,0.0,232187700.0
2025-08-01 09:23:00 AM,80.0,0,0.0,232187700.0
2025-08-01 09:23:00 AM,79.7,0,0.0,232187700.0
2025-08-01 09:23:00 AM,80.0,8775,702000.0,232889700.0
2025-08-01 09:23:01 AM,80.1,4950,396495.0,233286195.0
2025-08-01 09:23:01 AM,80.2,0,0.0,233286195.0
2025-08-01 09:23:02 AM,80.25,0,0.0,233286195.0
2025-08-01 09:23:02 AM,80.25,1350,108337.5,233394532.5
2025-08-01 09:23:02 AM,80.25,75,6018.75,233400551.25
2025-08-01 09:23:03 AM,79.95,0,0.0,233400551.25
2025-08-01 09:23:03 AM,79.8,0,0.0,233400551.25
2025-08-01 09:23:04 AM,79.7,7650,609705.0,234010256.25
2025-08-01 09:23:04 AM,79.45,225,17876.25,234028132.5
2025-08-01 09:23:04 AM,79.35,0,0.0,234028132.5
2025-08-01 09:23:05 AM,79.75,0,0.0,234028132.5
2025-08-01 09:23:05 AM,79.3,3900,309270.0,234337402.5
2025-08-01 09:23:06 AM,79.55,150,11932.5,234349335.0
2025-08-01 09:23:06 AM,79.4,0,0.0,234349335.0
2025-08-01 09:23:06 AM,79.55,0,0.0,234349335.0
2025-08-01 09:23:07 AM,79.5,0,0.0,234349335.0
2025-08-01 09:23:07 AM,79.5,1200,95400.0,234444735.0
2025-08-01 09:23:07 AM,79.3,300,23790.0,234468525.0
2025-08-01 09:23:08 AM,79.1,0,0.0,234468525.0
2025-08-01 09:23:09 AM,79.2,1725,136620.0,234605145.0
2025-08-01 09:23:09 AM,79.15,0,0.0,234605145.0
2025-08-01 09:23:10 AM,79.1,0,0.0,234605145.0
2025-08-01 09:23:10 AM,79.15,3150,249322.50000000003,234854467.5
2025-08-01 09:23:11 AM,79.2,1125,89100.0,234943567.5
2025-08-01 09:23:12 AM,78.85,1425,112361.24999999999,235055928.75
2025-08-01 09:23:12 AM,79.1,0,0.0,235055928.75
2025-08-01 09:23:12 AM,79.1,75,5932.5,235061861.25
2025-08-01 09:23:13 AM,79.65,0,0.0,235061861.25
2025-08-01 09:23:14 AM,79.45,4725,375401.25,235437262.5
2025-08-01 09:23:14 AM,79.2,0,0.0,235437262.5
2025-08-01 09:23:14 AM,79.3,0,0.0,235437262.5
2025-08-01 09:23:15 AM,79.65,0,0.0,235437262.5
2025-08-01 09:23:15 AM,79.45,1425,113216.25,235550478.75
2025-08-01 09:23:16 AM,79.5,150,11925.0,235562403.75
2025-08-01 09:23:16 AM,79.4,0,0.0,235562403.75
2025-08-01 09:23:17 AM,79.6,900,71640.0,235634043.75
2025-08-01 09:23:17 AM,79.0,0,0.0,235634043.75
2025-08-01 09:23:17 AM,79.0,1050,82950.0,235716993.75
2025-08-01 09:23:18 AM,79.3,0,0.0,235716993.75
2025-08-01 09:23:19 AM,79.55,2325,184953.75,235901947.5
2025-08-01 09:23:19 AM,79.8,825,65835.0,235967782.5
2025-08-01 09:23:20 AM,80.3,0,0.0,235967782.5
2025-08-01 09:23:20 AM,80.2,0,0.0,235967782.5
2025-08-01 09:23:20 AM,80.25,3975,318993.75,236286776.25
2025-08-01 09:23:21 AM,80.6,900,72540.0,236359316.25
2025-08-01 09:23:21 AM,80.7,0,0.0,236359316.25
2025-08-01 09:23:22 AM,80.95,4350,352132.5,236711448.75
2025-08-01 09:23:22 AM,81.05,750,60787.5,236772236.25
2025-08-01 09:23:23 AM,81.15,0,0.0,236772236.25
2025-08-01 09:23:24 AM,81.15,3750,304312.5,237076548.75
2025-08-01 09:23:24 AM,81.5,75,6112.5,237082661.25
2025-08-01 09:23:24 AM,81.6,0,0.0,237082661.25
2025-08-01 09:23:25 AM,81.85,0,0.0,237082661.25
2025-08-01 09:23:25 AM,81.65,3450,281692.5,237364353.75
2025-08-01 09:23:26 AM,81.5,900,73350.0,237437703.75
2025-08-01 09:23:26 AM,80.9,0,0.0,237437703.75
2025-08-01 09:23:27 AM,80.8,25275,2042220.0,239479923.75
2025-08-01 09:23:27 AM,80.6,0,0.0,239479923.75
2025-08-01 09:23:27 AM,80.6,300,24180.0,239504103.75
2025-08-01 09:23:28 AM,80.8,0,0.0,239504103.75
2025-08-01 09:23:29 AM,80.4,2250,180900.0,239685003.75
2025-08-01 09:23:29 AM,80.6,75,6045.0,239691048.75
2025-08-01 09:23:29 AM,80.65,0,0.0,239691048.75
2025-08-01 09:23:30 AM,80.8,0,0.0,239691048.75
2025-08-01 09:23:30 AM,80.8,1800,145440.0,239836488.75
2025-08-01 09:23:31 AM,80.85,375,30318.749999999996,239866807.5
2025-08-01 09:23:31 AM,81.0,0,0.0,239866807.5
2025-08-01 09:23:32 AM,80.6,4950,398970.0,240265777.5
2025-08-01 09:23:33 AM,80.45,0,0.0,240265777.5
2025-08-01 09:23:34 AM,80.55,1200,96660.0,240362437.5
2025-08-01 09:23:34 AM,80.8,75,6060.0,240368497.5
2025-08-01 09:23:35 AM,80.6,0,0.0,240368497.5
2025-08-01 09:23:35 AM,80.5,0,0.0,240368497.5
2025-08-01 09:23:35 AM,80.65,1875,151218.75,240519716.25
2025-08-01 09:23:36 AM,80.7,375,30262.5,240549978.75
2025-08-01 09:23:36 AM,80.6,0,0.0,240549978.75
2025-08-01 09:23:37 AM,80.75,2775,224081.25,240774060.0
2025-08-01 09:23:37 AM,80.75,525,42393.75,240816453.75
2025-08-01 09:23:38 AM,81.05,0,0.0,240816453.75
2025-08-01 09:23:39 AM,81.5,900,73350.0,240889803.75
2025-08-01 09:23:39 AM,81.4,825,67155.0,240956958.75
2025-08-01 09:23:40 AM,81.35,0,0.0,240956958.75
2025-08-01 09:23:41 AM,81.5,1800,146700.0,241103658.75
2025-08-01 09:23:41 AM,81.55,975,79511.25,241183170.0
2025-08-01 09:23:41 AM,81.65,0,0.0,241183170.0
2025-08-01 09:23:41 AM,81.7,0,0.0,241183170.0
2025-08-01 09:23:42 AM,81.75,4875,398531.25,241581701.25
2025-08-01 09:23:42 AM,81.6,0,0.0,241581701.25
2025-08-01 09:23:42 AM,81.9,9975,816952.5,242398653.75
2025-08-01 09:23:43 AM,82.15,0,0.0,242398653.75
2025-08-01 09:23:43 AM,82.2,0,0.0,242398653.75
2025-08-01 09:23:44 AM,82.45,11025,909011.25,243307665.0
2025-08-01 09:23:44 AM,82.1,2475,203197.5,243510862.5
2025-08-01 09:23:44 AM,81.9,0,0.0,243510862.5
2025-08-01 09:23:44 AM,82.1,0,0.0,243510862.5
2025-08-01 09:23:45 AM,82.2,0,0.0,243510862.5
2025-08-01 09:23:45 AM,82.35,0,0.0,243510862.5
2025-08-01 09:23:46 AM,82.35,11175,920261.2499999999,244431123.75
2025-08-01 09:23:46 AM,82.3,75,6172.5,244437296.25
2025-08-01 09:23:46 AM,82.5,0,0.0,244437296.25
2025-08-01 09:23:46 AM,82.4,0,0.0,244437296.25
2025-08-01 09:23:47 AM,82.6,3900,322140.0,244759436.25
2025-08-01 09:23:47 AM,82.3,0,0.0,244759436.25
2025-08-01 09:23:47 AM,82.3,375,30862.5,244790298.75
2025-08-01 09:23:48 AM,82.35,0,0.0,244790298.75
2025-08-01 09:23:48 AM,82.4,0,0.0,244790298.75
2025-08-01 09:23:49 AM,82.5,4350,358875.0,245149173.75
2025-08-01 09:23:49 AM,82.6,225,18585.0,245167758.75
2025-08-01 09:23:49 AM,82.7,0,0.0,245167758.75
2025-08-01 09:23:50 AM,82.85,0,0.0,245167758.75
2025-08-01 09:23:50 AM,82.7,0,0.0,245167758.75
2025-08-01 09:23:51 AM,82.35,4875,401456.25,245569215.0
2025-08-01 09:23:51 AM,82.45,1200,98940.0,245668155.0
2025-08-01 09:23:51 AM,82.5,0,0.0,245668155.0
2025-08-01 09:23:52 AM,82.2,3075,252765.0,245920920.0
2025-08-01 09:23:52 AM,81.8,0,0.0,245920920.0
2025-08-01 09:23:52 AM,82.15,1800,147870.0,246068790.0
2025-08-01 09:23:53 AM,82.3,0,0.0,246068790.0
2025-08-01 09:23:54 AM,82.5,2175,179437.5,246248227.5
2025-08-01 09:23:54 AM,82.75,1050,86887.5,246335115.0
2025-08-01 09:23:54 AM,82.7,0,0.0,246335115.0
2025-08-01 09:23:55 AM,82.4,0,0.0,246335115.0
2025-08-01 09:23:55 AM,82.45,0,0.0,246335115.0
2025-08-01 09:23:55 AM,82.45,4350,358657.5,246693772.5
2025-08-01 09:23:56 AM,82.5,1725,142312.5,246836085.0
2025-08-01 09:23:56 AM,82.7,0,0.0,246836085.0
2025-08-01 09:23:56 AM,82.55,0,0.0,246836085.0
2025-08-01 09:23:57 AM,82.25,2175,178893.75,247014978.75
2025-08-01 09:23:58 AM,82.75,0,0.0,247014978.75
2025-08-01 09:23:59 AM,82.45,2925,241166.25,247256145.0
2025-08-01 09:23:59 AM,82.3,1125,92587.5,247348732.5
2025-08-01 09:24:00 AM,82.05,0,0.0,247348732.5
2025-08-01 09:24:00 AM,82.05,6675,547683.75,247896416.25
2025-08-01 09:24:01 AM,82.2,450,36990.0,247933406.25
2025-08-01 09:24:01 AM,82.05,0,0.0,247933406.25
2025-08-01 09:24:01 AM,82.0,0,0.0,247933406.25
2025-08-01 09:24:02 AM,82.25,2775,228243.75,248161650.0
2025-08-01 09:24:02 AM,82.7,0,0.0,248161650.0
2025-08-01 09:24:02 AM,82.7,600,49620.0,248211270.0
2025-08-01 09:24:02 AM,82.75,0,0.0,248211270.0
2025-08-01 09:24:03 AM,84.1,0,0.0,248211270.0
2025-08-01 09:24:03 AM,84.15,0,0.0,248211270.0
2025-08-01 09:24:04 AM,83.65,21600,1806840.0000000002,250018110.0
2025-08-01 09:24:04 AM,83.6,225,18810.0,250036920.0
2025-08-01 09:24:04 AM,83.8,0,0.0,250036920.0
2025-08-01 09:24:04 AM,83.85,0,0.0,250036920.0
2025-08-01 09:24:05 AM,83.95,0,0.0,250036920.0
2025-08-01 09:24:05 AM,83.65,0,0.0,250036920.0
2025-08-01 09:24:05 AM,83.65,14700,1229655.0,251266575.0
2025-08-01 09:24:06 AM,83.9,2175,182482.5,251449057.5
2025-08-01 09:24:06 AM,83.85,0,0.0,251449057.5
2025-08-01 09:24:07 AM,83.35,7125,593868.75,252042926.25
2025-08-01 09:24:07 AM,83.0,0,0.0,252042926.25
2025-08-01 09:24:07 AM,83.0,1350,112050.0,252154976.25
2025-08-01 09:24:08 AM,83.55,0,0.0,252154976.25
2025-08-01 09:24:09 AM,83.3,6375,531037.5,252686013.75
2025-08-01 09:24:09 AM,83.4,1575,131355.0,252817368.75
2025-08-01 09:24:09 AM,83.25,0,0.0,252817368.75
2025-08-01 09:24:10 AM,83.75,0,0.0,252817368.75
2025-08-01 09:24:10 AM,83.65,0,0.0,252817368.75
2025-08-01 09:24:10 AM,83.7,3375,282487.5,253099856.25
2025-08-01 09:24:11 AM,83.75,750,62812.5,253162668.75
2025-08-01 09:24:11 AM,83.3,0,0.0,253162668.75
2025-08-01 09:24:12 AM,83.0,6975,578925.0,253741593.75
2025-08-01 09:24:12 AM,82.9,0,0.0,253741593.75
2025-08-01 09:24:12 AM,82.9,1275,105697.5,253847291.25
2025-08-01 09:24:13 AM,83.05,0,0.0,253847291.25
2025-08-01 09:24:14 AM,82.95,3150,261292.5,254108583.75
2025-08-01 09:24:14 AM,82.8,75,6210.0,254114793.75
2025-08-01 09:24:15 AM,82.9,0,0.0,254114793.75
2025-08-01 09:24:15 AM,82.9,10650,882885.0000000001,254997678.75
2025-08-01 09:24:16 AM,82.75,225,18618.75,255016297.5
2025-08-01 09:24:16 AM,82.65,0,0.0,255016297.5
2025-08-01 09:24:16 AM,82.5,0,0.0,255016297.5
2025-08-01 09:24:17 AM,82.35,1050,86467.5,255102765.0
2025-08-01 09:24:17 AM,82.3,0,0.0,255102765.0
2025-08-01 09:24:17 AM,82.3,300,24690.0,255127455.0
2025-08-01 09:24:18 AM,81.75,0,0.0,255127455.0
2025-08-01 09:24:18 AM,81.8,0,0.0,255127455.0
2025-08-01 09:24:19 AM,82.1,6825,560332.5,255687787.5
2025-08-01 09:24:19 AM,81.9,75,6142.5,255693930.0
2025-08-01 09:24:19 AM,81.8,0,0.0,255693930.0
2025-08-01 09:24:19 AM,81.6,0,0.0,255693930.0
2025-08-01 09:24:20 AM,82.35,0,0.0,255693930.0
2025-08-01 09:24:20 AM,82.35,4275,352046.25,256045976.25
2025-08-01 09:24:21 AM,82.35,1125,92643.75,256138620.0
2025-08-01 09:24:21 AM,82.25,0,0.0,256138620.0
2025-08-01 09:24:21 AM,82.15,0,0.0,256138620.0
2025-08-01 09:24:22 AM,82.05,4725,387686.25,256526306.25
2025-08-01 09:24:22 AM,82.2,0,0.0,256526306.25
2025-08-01 09:24:22 AM,81.9,450,36855.0,256563161.25
2025-08-01 09:24:23 AM,82.65,0,0.0,256563161.25
2025-08-01 09:24:24 AM,82.6,6000,495599.99999999994,257058761.25
2025-08-01 09:24:24 AM,82.65,525,43391.25,257102152.5
2025-08-01 09:24:24 AM,82.35,0,0.0,257102152.5
2025-08-01 09:24:25 AM,82.4,0,0.0,257102152.5
2025-08-01 09:24:25 AM,82.4,3150,259560.00000000003,257361712.5
2025-08-01 09:24:26 AM,82.45,450,37102.5,257398815.0
2025-08-01 09:24:26 AM,82.55,0,0.0,257398815.0
2025-08-01 09:24:26 AM,82.7,0,0.0,257398815.0
2025-08-01 09:24:27 AM,82.9,3150,261135.00000000003,257659950.0
2025-08-01 09:24:27 AM,82.95,0,0.0,257659950.0
2025-08-01 09:24:27 AM,82.8,2775,229770.0,257889720.0
2025-08-01 09:24:28 AM,82.9,0,0.0,257889720.0
2025-08-01 09:24:29 AM,82.85,1575,130488.74999999999,258020208.75
2025-08-01 09:24:29 AM,83.15,0,0.0,258020208.75
2025-08-01 09:24:30 AM,83.4,0,0.0,258020208.75
2025-08-01 09:24:30 AM,83.4,5775,481635.00000000006,258501843.75
2025-08-01 09:24:31 AM,83.65,1650,138022.5,258639866.25
2025-08-01 09:24:31 AM,83.7,0,0.0,258639866.25
2025-08-01 09:24:32 AM,83.45,3825,319196.25,258959062.5
2025-08-01 09:24:32 AM,83.5,0,0.0,258959062.5
2025-08-01 09:24:32 AM,83.7,600,50220.0,259009282.5
2025-08-01 09:24:33 AM,83.9,0,0.0,259009282.5
2025-08-01 09:24:33 AM,83.7,0,0.0,259009282.5
2025-08-01 09:24:34 AM,83.75,7350,615562.5,259624845.0
2025-08-01 09:24:34 AM,83.8,525,43995.0,259668840.0
2025-08-01 09:24:34 AM,83.65,0,0.0,259668840.0
2025-08-01 09:24:35 AM,84.1,0,0.0,259668840.0
2025-08-01 09:24:35 AM,83.85,0,0.0,259668840.0
2025-08-01 09:24:35 AM,84.0,6825,573300.0,260242140.0
2025-08-01 09:24:36 AM,83.9,600,50340.0,260292480.0
2025-08-01 09:24:36 AM,83.75,0,0.0,260292480.0
2025-08-01 09:24:37 AM,83.95,8625,724068.75,261016548.75
2025-08-01 09:24:37 AM,83.6,0,0.0,261016548.75
2025-08-01 09:24:37 AM,83.6,1350,112859.99999999999,261129408.75
2025-08-01 09:24:38 AM,83.8,0,0.0,261129408.75
2025-08-01 09:24:39 AM,83.85,3150,264127.5,261393536.25
2025-08-01 09:24:39 AM,84.0,300,25200.0,261418736.25
2025-08-01 09:24:39 AM,84.2,0,0.0,261418736.25
2025-08-01 09:24:39 AM,84.1,0,0.0,261418736.25
2025-08-01 09:24:40 AM,83.3,0,0.0,261418736.25
2025-08-01 09:24:40 AM,83.2,0,0.0,261418736.25
2025-08-01 09:24:40 AM,83.2,4125,343200.0,261761936.25
2025-08-01 09:24:41 AM,83.45,900,75105.0,261837041.25
2025-08-01 09:24:41 AM,83.8,0,0.0,261837041.25
2025-08-01 09:24:41 AM,84.0,0,0.0,261837041.25
2025-08-01 09:24:42 AM,84.1,4350,365835.0,262202876.25
2025-08-01 09:24:42 AM,83.7,0,0.0,262202876.25
2025-08-01 09:24:42 AM,83.7,600,50220.0,262253096.25
2025-08-01 09:24:43 AM,84.15,0,0.0,262253096.25
2025-08-01 09:24:43 AM,83.95,0,0.0,262253096.25
2025-08-01 09:24:44 AM,84.75,8850,750037.5,263003133.75
2025-08-01 09:24:44 AM,84.6,75,6345.0,263009478.75
2025-08-01 09:24:44 AM,84.75,0,0.0,263009478.75
2025-08-01 09:24:45 AM,84.7,0,0.0,263009478.75
2025-08-01 09:24:45 AM,84.95,8625,732693.75,263742172.5
2025-08-01 09:24:46 AM,84.8,1875,159000.0,263901172.5
2025-08-01 09:24:46 AM,84.9,0,0.0,263901172.5
2025-08-01 09:24:46 AM,84.95,0,0.0,263901172.5
2025-08-01 09:24:47 AM,84.65,10725,907871.2500000001,264809043.75
2025-08-01 09:24:47 AM,84.5,0,0.0,264809043.75
2025-08-01 09:24:47 AM,84.5,600,50700.0,264859743.75
2025-08-01 09:24:49 AM,84.25,6075,511818.75,265371562.5
2025-08-01 09:24:49 AM,84.55,150,12682.5,265384245.0
2025-08-01 09:24:49 AM,84.65,0,0.0,265384245.0
2025-08-01 09:24:49 AM,84.95,0,0.0,265384245.0
2025-08-01 09:24:50 AM,85.0,0,0.0,265384245.0
2025-08-01 09:24:50 AM,85.0,25200,2142000.0,267526245.0
2025-08-01 09:24:51 AM,84.9,750,63675.00000000001,267589920.0
2025-08-01 09:24:52 AM,84.8,6900,585120.0,268175040.0
2025-08-01 09:24:52 AM,85.0,0,0.0,268175040.0
2025-08-01 09:24:52 AM,84.8,0,0.0,268175040.0
2025-08-01 09:24:52 AM,84.8,3225,273480.0,268448520.0
2025-08-01 09:24:53 AM,85.15,0,0.0,268448520.0
2025-08-01 09:24:53 AM,85.0,0,0.0,268448520.0
2025-08-01 09:24:54 AM,85.2,2475,210870.0,268659390.0
2025-08-01 09:24:54 AM,85.1,600,51060.0,268710450.0
2025-08-01 09:24:55 AM,85.05,0,0.0,268710450.0
2025-08-01 09:24:55 AM,84.95,5775,490586.25,269201036.25
2025-08-01 09:24:56 AM,85.0,825,70125.0,269271161.25
2025-08-01 09:24:56 AM,85.25,0,0.0,269271161.25
2025-08-01 09:24:56 AM,85.05,0,0.0,269271161.25
2025-08-01 09:24:57 AM,84.95,4050,344047.5,269615208.75
2025-08-01 09:24:57 AM,84.9,0,0.0,269615208.75
2025-08-01 09:24:57 AM,84.9,675,57307.50000000001,269672516.25
2025-08-01 09:24:58 AM,85.0,0,0.0,269672516.25
2025-08-01 09:24:58 AM,84.7,0,0.0,269672516.25
2025-08-01 09:24:59 AM,85.0,5850,497250.0,270169766.25
2025-08-01 09:24:59 AM,85.0,2100,178500.0,270348266.25
2025-08-01 09:25:00 AM,84.2,25125,2115525.0,272463791.25
2025-08-01 09:25:00 AM,84.15,0,0.0,272463791.25
2025-08-01 09:25:01 AM,84.0,9075,762300.0,273226091.25
2025-08-01 09:25:01 AM,84.3,0,0.0,273226091.25
2025-08-01 09:25:02 AM,84.7,21075,1785052.5,275011143.75
2025-08-01 09:25:02 AM,84.8,0,0.0,275011143.75
2025-08-01 09:25:02 AM,84.8,225,19080.0,275030223.75
2025-08-01 09:25:03 AM,85.4,0,0.0,275030223.75
2025-08-01 09:25:04 AM,85.75,5775,495206.25,275525430.0
2025-08-01 09:25:04 AM,85.4,750,64050.00000000001,275589480.0
2025-08-01 09:25:04 AM,85.45,0,0.0,275589480.0
2025-08-01 09:25:04 AM,85.65,0,0.0,275589480.0
2025-08-01 09:25:05 AM,86.05,11850,1019692.5,276609172.5
2025-08-01 09:25:05 AM,85.85,0,0.0,276609172.5
2025-08-01 09:25:05 AM,86.0,0,0.0,276609172.5
2025-08-01 09:25:06 AM,86.4,5700,492480.00000000006,277101652.5
2025-08-01 09:25:06 AM,86.35,0,0.0,277101652.5
2025-08-01 09:25:06 AM,86.2,0,0.0,277101652.5
2025-08-01 09:25:07 AM,86.55,10950,947722.5,278049375.0
2025-08-01 09:25:07 AM,86.6,1950,168870.0,278218245.0
2025-08-01 09:25:07 AM,86.4,0,0.0,278218245.0
2025-08-01 09:25:08 AM,86.5,0,0.0,278218245.0
2025-08-01 09:25:09 AM,86.9,7425,645232.5,278863477.5
2025-08-01 09:25:09 AM,86.8,6225,540330.0,279403807.5
2025-08-01 09:25:09 AM,86.9,0,0.0,279403807.5
2025-08-01 09:25:10 AM,87.55,10425,912708.75,280316516.25
2025-08-01 09:25:10 AM,87.7,0,0.0,280316516.25
2025-08-01 09:25:11 AM,87.65,5625,493031.25000000006,280809547.5
2025-08-01 09:25:11 AM,88.1,0,0.0,280809547.5
2025-08-01 09:25:11 AM,87.95,0,0.0,280809547.5
2025-08-01 09:25:12 AM,87.8,16050,1409190.0,282218737.5
2025-08-01 09:25:12 AM,87.4,6900,603060.0,282821797.5
2025-08-01 09:25:12 AM,87.35,0,0.0,282821797.5
2025-08-01 09:25:12 AM,87.55,0,0.0,282821797.5
2025-08-01 09:25:13 AM,87.45,0,0.0,282821797.5
2025-08-01 09:25:14 AM,87.7,16650,1460205.0,284282002.5
2025-08-01 09:25:14 AM,87.95,3000,263850.0,284545852.5
2025-08-01 09:25:14 AM,87.85,0,0.0,284545852.5
2025-08-01 09:25:14 AM,87.65,0,0.0,284545852.5
2025-08-01 09:25:15 AM,88.1,12000,1057200.0,285603052.5
2025-08-01 09:25:15 AM,88.05,0,0.0,285603052.5
2025-08-01 09:25:16 AM,87.85,1725,151541.25,285754593.75
2025-08-01 09:25:16 AM,88.3,0,0.0,285754593.75
2025-08-01 09:25:16 AM,88.05,0,0.0,285754593.75
2025-08-01 09:25:17 AM,87.9,10875,955912.5000000001,286710506.25
2025-08-01 09:25:17 AM,87.75,2025,177693.75,286888200.0
2025-08-01 09:25:17 AM,87.9,0,0.0,286888200.0
2025-08-01 09:25:18 AM,88.25,0,0.0,286888200.0
2025-08-01 09:25:18 AM,88.1,0,0.0,286888200.0
2025-08-01 09:25:19 AM,88.35,18300,1616805.0,288505005.0
2025-08-01 09:25:19 AM,88.15,300,26445.0,288531450.0
2025-08-01 09:25:19 AM,88.3,0,0.0,288531450.0
2025-08-01 09:25:19 AM,88.35,0,0.0,288531450.0
2025-08-01 09:25:20 AM,88.5,16200,1433700.0,289965150.0
2025-08-01 09:25:20 AM,88.55,0,0.0,289965150.0
2025-08-01 09:25:20 AM,88.35,0,0.0,289965150.0
2025-08-01 09:25:21 AM,88.3,9300,821190.0,290786340.0
2025-08-01 09:25:21 AM,88.45,0,0.0,290786340.0
2025-08-01 09:25:21 AM,88.2,0,0.0,290786340.0
2025-08-01 09:25:22 AM,88.5,13950,1234575.0,292020915.0
2025-08-01 09:25:22 AM,88.35,1950,172282.5,292193197.5
2025-08-01 09:25:22 AM,88.5,0,0.0,292193197.5
2025-08-01 09:25:22 AM,88.35,0,0.0,292193197.5
2025-08-01 09:25:23 AM,88.4,0,0.0,292193197.5
2025-08-01 09:25:23 AM,88.35,0,0.0,292193197.5
2025-08-01 09:25:24 AM,88.85,9450,839632.5,293032830.0
2025-08-01 09:25:24 AM,88.7,525,46567.5,293079397.5
2025-08-01 09:25:24 AM,88.85,0,0.0,293079397.5
2025-08-01 09:25:24 AM,88.8,0,0.0,293079397.5
2025-08-01 09:25:25 AM,88.8,8100,719280.0,293798677.5
2025-08-01 09:25:25 AM,88.75,0,0.0,293798677.5
2025-08-01 09:25:26 AM,88.9,1800,160020.0,293958697.5
2025-08-01 09:25:26 AM,88.8,0,0.0,293958697.5
2025-08-01 09:25:26 AM,88.9,0,0.0,293958697.5
2025-08-01 09:25:27 AM,88.65,9075,804498.75,294763196.25
2025-08-01 09:25:27 AM,88.45,3975,351588.75,295114785.0
2025-08-01 09:25:27 AM,88.7,0,0.0,295114785.0
2025-08-01 09:25:28 AM,88.5,0,0.0,295114785.0
2025-08-01 09:25:28 AM,88.2,0,0.0,295114785.0
2025-08-01 09:25:29 AM,88.0,12075,1062600.0,296177385.0
2025-08-01 09:25:29 AM,88.7,18300,1623210.0,297800595.0
2025-08-01 09:25:29 AM,88.85,0,0.0,297800595.0
2025-08-01 09:25:29 AM,88.95,0,0.0,297800595.0
2025-08-01 09:25:30 AM,88.85,14625,1299431.25,299100026.25
2025-08-01 09:25:30 AM,88.9,0,0.0,299100026.25
2025-08-01 09:25:31 AM,88.7,2025,179617.5,299279643.75
2025-08-01 09:25:31 AM,88.6,0,0.0,299279643.75
2025-08-01 09:25:31 AM,88.45,0,0.0,299279643.75
2025-08-01 09:25:32 AM,87.65,9900,867735.0,300147378.75
2025-08-01 09:25:32 AM,88.0,1650,145200.0,300292578.75
2025-08-01 09:25:32 AM,88.4,0,0.0,300292578.75
2025-08-01 09:25:33 AM,87.7,0,0.0,300292578.75
2025-08-01 09:25:33 AM,87.5,0,0.0,300292578.75
2025-08-01 09:25:34 AM,88.0,11700,1029600.0,301322178.75
2025-08-01 09:25:34 AM,88.2,6300,555660.0,301877838.75
2025-08-01 09:25:34 AM,88.1,0,0.0,301877838.75
2025-08-01 09:25:35 AM,87.9,5175,454882.50000000006,302332721.25
2025-08-01 09:25:36 AM,87.65,975,85458.75,302418180.0
2025-08-01 09:25:36 AM,88.0,0,0.0,302418180.0
2025-08-01 09:25:37 AM,88.25,11250,992812.5,303410992.5
2025-08-01 09:25:37 AM,87.85,1575,138363.75,303549356.25
2025-08-01 09:25:37 AM,88.05,0,0.0,303549356.25
2025-08-01 09:25:37 AM,88.3,0,0.0,303549356.25
2025-08-01 09:25:38 AM,88.55,0,0.0,303549356.25
2025-08-01 09:25:38 AM,88.55,14850,1314967.5,304864323.75
2025-08-01 09:25:39 AM,88.5,825,73012.5,304937336.25
2025-08-01 09:25:39 AM,88.75,0,0.0,304937336.25
2025-08-01 09:25:39 AM,88.5,0,0.0,304937336.25
2025-08-01 09:25:40 AM,88.6,4050,358830.0,305296166.25
2025-08-01 09:25:41 AM,88.2,1650,145530.0,305441696.25
2025-08-01 09:25:41 AM,87.85,0,0.0,305441696.25
2025-08-01 09:25:41 AM,87.75,0,0.0,305441696.25
2025-08-01 09:25:42 AM,88.05,9525,838676.25,306280372.5
2025-08-01 09:25:42 AM,87.75,1950,171112.5,306451485.0
2025-08-01 09:25:42 AM,87.95,0,0.0,306451485.0
2025-08-01 09:25:42 AM,88.25,0,0.0,306451485.0
2025-08-01 09:25:43 AM,89.45,0,0.0,306451485.0
2025-08-01 09:25:43 AM,89.5,0,0.0,306451485.0
2025-08-01 09:25:43 AM,89.9,11700,1051830.0,307503315.0
2025-08-01 09:25:44 AM,90.0,24450,2200500.0,309703815.0
2025-08-01 09:25:44 AM,90.1,0,0.0,309703815.0
2025-08-01 09:25:45 AM,90.55,18150,1643482.5,311347297.5
2025-08-01 09:25:45 AM,90.65,0,0.0,311347297.5
2025-08-01 09:25:45 AM,90.6,0,0.0,311347297.5
2025-08-01 09:25:46 AM,90.55,3075,278441.25,311625738.75
2025-08-01 09:25:46 AM,89.9,0,0.0,311625738.75
2025-08-01 09:25:47 AM,88.8,21975,1951380.0,313577118.75
2025-08-01 09:25:47 AM,89.4,1425,127395.00000000001,313704513.75
2025-08-01 09:25:47 AM,89.35,0,0.0,313704513.75
2025-08-01 09:25:47 AM,89.4,0,0.0,313704513.75
2025-08-01 09:25:48 AM,88.9,0,0.0,313704513.75
2025-08-01 09:25:48 AM,88.85,0,0.0,313704513.75
2025-08-01 09:25:48 AM,88.85,15975,1419378.75,315123892.5
2025-08-01 09:25:49 AM,89.2,6975,622170.0,315746062.5
2025-08-01 09:25:49 AM,89.85,0,0.0,315746062.5
2025-08-01 09:25:49 AM,89.7,0,0.0,315746062.5
2025-08-01 09:25:50 AM,90.05,6900,621345.0,316367407.5
2025-08-01 09:25:50 AM,90.35,0,0.0,316367407.5
2025-08-01 09:25:51 AM,90.05,3900,351195.0,316718602.5
2025-08-01 09:25:51 AM,90.15,0,0.0,316718602.5
2025-08-01 09:25:51 AM,90.2,0,0.0,316718602.5
2025-08-01 09:25:52 AM,90.35,6975,630191.25,317348793.75
2025-08-01 09:25:52 AM,90.1,975,87847.5,317436641.25
2025-08-01 09:25:52 AM,89.9,0,0.0,317436641.25
2025-08-01 09:25:52 AM,90.2,0,0.0,317436641.25
2025-08-01 09:25:53 AM,90.0,0,0.0,317436641.25
2025-08-01 09:25:53 AM,89.85,0,0.0,317436641.25
2025-08-01 09:25:53 AM,89.85,5625,505406.24999999994,317942047.5
2025-08-01 09:25:54 AM,90.1,1575,141907.5,318083955.0
2025-08-01 09:25:54 AM,89.65,0,0.0,318083955.0
2025-08-01 09:25:54 AM,89.7,0,0.0,318083955.0
2025-08-01 09:25:55 AM,89.8,11550,1037190.0,319121145.0
2025-08-01 09:25:56 AM,89.75,2625,235593.75,319356738.75
2025-08-01 09:25:56 AM,89.9,0,0.0,319356738.75
2025-08-01 09:25:57 AM,91.5,20775,1900912.5,321257651.25
2025-08-01 09:25:57 AM,91.3,2325,212272.5,321469923.75
2025-08-01 09:25:57 AM,91.2,0,0.0,321469923.75
2025-08-01 09:25:57 AM,91.5,0,0.0,321469923.75
2025-08-01 09:25:58 AM,91.85,0,0.0,321469923.75
2025-08-01 09:25:59 AM,91.55,11475,1050536.25,322520460.0
2025-08-01 09:25:59 AM,92.05,0,0.0,322520460.0
2025-08-01 09:25:59 AM,92.0,3975,365700.0,322886160.0
2025-08-01 09:25:59 AM,91.85,0,0.0,322886160.0
2025-08-01 09:26:00 AM,92.1,0,0.0,322886160.0
2025-08-01 09:26:00 AM,91.4,32025,2927085.0,325813245.0
2025-08-01 09:26:00 AM,91.6,0,0.0,325813245.0
2025-08-01 09:26:00 AM,91.3,0,0.0,325813245.0
2025-08-01 09:26:01 AM,91.25,8925,814406.25,326627651.25
2025-08-01 09:26:01 AM,91.5,0,0.0,326627651.25
2025-08-01 09:26:01 AM,91.45,0,0.0,326627651.25
2025-08-01 09:26:02 AM,91.7,14625,1341112.5,327968763.75
2025-08-01 09:26:02 AM,91.85,1650,151552.5,328120316.25
2025-08-01 09:26:02 AM,91.8,0,0.0,328120316.25
2025-08-01 09:26:02 AM,91.7,0,0.0,328120316.25
2025-08-01 09:26:03 AM,91.85,0,0.0,328120316.25
2025-08-01 09:26:03 AM,92.0,0,0.0,328120316.25
2025-08-01 09:26:04 AM,91.4,9225,843165.0,328963481.25
2025-08-01 09:26:04 AM,91.8,3375,309825.0,329273306.25
2025-08-01 09:26:04 AM,91.55,0,0.0,329273306.25
2025-08-01 09:26:05 AM,92.25,10350,954787.5,330228093.75
2025-08-01 09:26:05 AM,91.9,0,0.0,330228093.75
2025-08-01 09:26:05 AM,92.15,0,0.0,330228093.75
2025-08-01 09:26:06 AM,92.35,4425,408648.75,330636742.5
2025-08-01 09:26:06 AM,92.45,0,0.0,330636742.5
2025-08-01 09:26:06 AM,92.65,0,0.0,330636742.5
2025-08-01 09:26:07 AM,92.8,10275,953520.0,331590262.5
2025-08-01 09:26:07 AM,93.1,14550,1354605.0,332944867.5
2025-08-01 09:26:07 AM,92.65,0,0.0,332944867.5
2025-08-01 09:26:08 AM,93.3,0,0.0,332944867.5
2025-08-01 09:26:08 AM,93.1,0,0.0,332944867.5
2025-08-01 09:26:09 AM,93.15,16350,1523002.5,334467870.0
2025-08-01 09:26:09 AM,92.95,6075,564671.25,335032541.25
2025-08-01 09:26:09 AM,93.35,0,0.0,335032541.25
2025-08-01 09:26:09 AM,93.7,0,0.0,335032541.25
2025-08-01 09:26:10 AM,93.6,47475,4443660.0,339476201.25
2025-08-01 09:26:10 AM,93.7,0,0.0,339476201.25
2025-08-01 09:26:11 AM,93.75,3675,344531.25,339820732.5
2025-08-01 09:26:11 AM,94.3,0,0.0,339820732.5
2025-08-01 09:26:11 AM,94.45,0,0.0,339820732.5
2025-08-01 09:26:12 AM,94.3,23475,2213692.5,342034425.0
2025-08-01 09:26:12 AM,94.6,3675,347655.0,342382080.0
2025-08-01 09:26:12 AM,94.15,0,0.0,342382080.0
2025-08-01 09:26:12 AM,94.35,0,0.0,342382080.0
2025-08-01 09:26:13 AM,94.1,0,0.0,342382080.0
2025-08-01 09:26:13 AM,94.0,0,0.0,342382080.0
2025-08-01 09:26:14 AM,94.8,29550,2801340.0,345183420.0
2025-08-01 09:26:14 AM,94.35,7050,665167.5,345848587.5
2025-08-01 09:26:14 AM,94.5,0,0.0,345848587.5
2025-08-01 09:26:14 AM,94.35,0,0.0,345848587.5
2025-08-01 09:26:15 AM,93.95,15525,1458573.75,347307161.25
2025-08-01 09:26:15 AM,93.55,0,0.0,347307161.25
2025-08-01 09:26:15 AM,93.6,0,0.0,347307161.25
2025-08-01 09:26:15 AM,93.25,10200,951150.0,348258311.25
2025-08-01 09:26:16 AM,93.1,0,0.0,348258311.25
2025-08-01 09:26:17 AM,93.45,16350,1527907.5,349786218.75
2025-08-01 09:26:17 AM,94.0,14325,1346550.0,351132768.75
2025-08-01 09:26:17 AM,94.1,0,0.0,351132768.75
2025-08-01 09:26:17 AM,94.15,0,0.0,351132768.75
2025-08-01 09:26:18 AM,94.7,0,0.0,351132768.75
2025-08-01 09:26:18 AM,94.65,0,0.0,351132768.75
2025-08-01 09:26:19 AM,94.85,22800,2162580.0,353295348.75
2025-08-01 09:26:19 AM,94.85,4875,462393.75,353757742.5
2025-08-01 09:26:19 AM,95.9,0,0.0,353757742.5
2025-08-01 09:26:20 AM,95.8,40425,3872715.0,357630457.5
2025-08-01 09:26:20 AM,95.6,0,0.0,357630457.5
2025-08-01 09:26:20 AM,95.45,0,0.0,357630457.5
2025-08-01 09:26:21 AM,95.2,5400,514080.0,358144537.5
2025-08-01 09:26:21 AM,95.0,0,0.0,358144537.5
2025-08-01 09:26:21 AM,95.2,0,0.0,358144537.5
2025-08-01 09:26:22 AM,95.2,26625,2534700.0,360679237.5
2025-08-01 09:26:22 AM,94.9,19125,1814962.5,362494200.0
2025-08-01 09:26:22 AM,94.6,0,0.0,362494200.0
2025-08-01 09:26:22 AM,94.65,0,0.0,362494200.0
2025-08-01 09:26:23 AM,94.7,0,0.0,362494200.0
2025-08-01 09:26:23 AM,95.45,0,0.0,362494200.0
2025-08-01 09:26:24 AM,95.65,24075,2302773.75,364796973.75
2025-08-01 09:26:24 AM,95.7,2925,279922.5,365076896.25
2025-08-01 09:26:25 AM,95.85,16425,1574336.25,366651232.5
2025-08-01 09:26:25 AM,95.8,0,0.0,366651232.5
2025-08-01 09:26:25 AM,95.55,0,0.0,366651232.5
2025-08-01 09:26:26 AM,95.6,6675,638130.0,367289362.5
2025-08-01 09:26:26 AM,95.3,0,0.0,367289362.5
2025-08-01 09:26:26 AM,95.65,0,0.0,367289362.5
2025-08-01 09:26:27 AM,95.7,15225,1457032.5,368746395.0
2025-08-01 09:26:27 AM,95.4,1950,186030.0,368932425.0
2025-08-01 09:26:27 AM,95.5,0,0.0,368932425.0
2025-08-01 09:26:27 AM,95.55,0,0.0,368932425.0
2025-08-01 09:26:28 AM,93.5,0,0.0,368932425.0
2025-08-01 09:26:28 AM,93.6,0,0.0,368932425.0
2025-08-01 09:26:29 AM,93.65,26025,2437241.25,371369666.25
2025-08-01 09:26:29 AM,94.3,7875,742612.5,372112278.75
2025-08-01 09:26:29 AM,94.25,0,0.0,372112278.75
2025-08-01 09:26:29 AM,94.2,0,0.0,372112278.75
2025-08-01 09:26:30 AM,94.05,16425,1544771.25,373657050.0
2025-08-01 09:26:30 AM,93.95,0,0.0,373657050.0
2025-08-01 09:26:30 AM,94.0,0,0.0,373657050.0
2025-08-01 09:26:31 AM,93.8,2175,204015.0,373861065.0
2025-08-01 09:26:31 AM,93.9,0,0.0,373861065.0
2025-08-01 09:26:32 AM,94.15,9450,889717.5,374750782.5
2025-08-01 09:26:32 AM,93.8,2850,267330.0,375018112.5
2025-08-01 09:26:32 AM,93.4,0,0.0,375018112.5
2025-08-01 09:26:33 AM,93.05,0,0.0,375018112.5
2025-08-01 09:26:33 AM,93.3,0,0.0,375018112.5
2025-08-01 09:26:34 AM,92.75,15750,1460812.5,376478925.0
2025-08-01 09:26:34 AM,92.5,5550,513375.0,376992300.0
2025-08-01 09:26:34 AM,92.85,0,0.0,376992300.0
2025-08-01 09:26:35 AM,92.55,10500,971775.0,377964075.0
2025-08-01 09:26:35 AM,92.15,0,0.0,377964075.0
2025-08-01 09:26:35 AM,92.25,0,0.0,377964075.0
2025-08-01 09:26:36 AM,92.2,3450,318090.0,378282165.0
2025-08-01 09:26:36 AM,91.6,0,0.0,378282165.0
2025-08-01 09:26:36 AM,91.55,0,0.0,378282165.0
2025-08-01 09:26:37 AM,92.2,24750,2281950.0,380564115.0
2025-08-01 09:26:37 AM,92.25,750,69187.5,380633302.5
2025-08-01 09:26:37 AM,92.55,0,0.0,380633302.5
2025-08-01 09:26:37 AM,92.5,0,0.0,380633302.5
2025-08-01 09:26:38 AM,92.95,0,0.0,380633302.5
2025-08-01 09:26:38 AM,93.05,0,0.0,380633302.5
2025-08-01 09:26:39 AM,93.1,10425,970567.4999999999,381603870.0
2025-08-01 09:26:39 AM,93.1,2775,258352.49999999997,381862222.5
2025-08-01 09:26:39 AM,93.15,0,0.0,381862222.5
2025-08-01 09:26:39 AM,93.2,0,0.0,381862222.5
2025-08-01 09:26:40 AM,92.5,8925,825562.5,382687785.0
2025-08-01 09:26:40 AM,92.55,0,0.0,382687785.0
2025-08-01 09:26:40 AM,92.5,0,0.0,382687785.0
2025-08-01 09:26:41 AM,92.55,7050,652477.5,383340262.5
2025-08-01 09:26:41 AM,92.5,0,0.0,383340262.5
2025-08-01 09:26:41 AM,92.25,0,0.0,383340262.5
2025-08-01 09:26:42 AM,92.9,5400,501660.00000000006,383841922.5
2025-08-01 09:26:42 AM,92.9,375,34837.5,383876760.0
2025-08-01 09:26:42 AM,92.95,0,0.0,383876760.0
2025-08-01 09:26:43 AM,93.4,0,0.0,383876760.0
2025-08-01 09:26:43 AM,93.35,0,0.0,383876760.0
2025-08-01 09:26:44 AM,93.15,9450,880267.5,384757027.5
2025-08-01 09:26:44 AM,93.35,150,14002.5,384771030.0
2025-08-01 09:26:44 AM,93.25,0,0.0,384771030.0
2025-08-01 09:26:44 AM,93.3,0,0.0,384771030.0
2025-08-01 09:26:45 AM,93.55,7500,701625.0,385472655.0
2025-08-01 09:26:45 AM,93.4,0,0.0,385472655.0
2025-08-01 09:26:46 AM,93.35,600,56010.0,385528665.0
2025-08-01 09:26:46 AM,92.7,0,0.0,385528665.0
2025-08-01 09:26:47 AM,93.05,7800,725790.0,386254455.0
2025-08-01 09:26:47 AM,93.45,150,14017.5,386268472.5
2025-08-01 09:26:47 AM,93.6,0,0.0,386268472.5
2025-08-01 09:26:47 AM,93.35,0,0.0,386268472.5
2025-08-01 09:26:48 AM,93.45,0,0.0,386268472.5
2025-08-01 09:26:49 AM,93.8,8100,759780.0,387028252.5
2025-08-01 09:26:49 AM,93.6,3375,315900.0,387344152.5
2025-08-01 09:26:49 AM,93.7,0,0.0,387344152.5
2025-08-01 09:26:50 AM,92.6,4650,430590.0,387774742.5
2025-08-01 09:26:50 AM,92.95,0,0.0,387774742.5
2025-08-01 09:26:51 AM,93.15,4575,426161.25,388200903.75
2025-08-01 09:26:51 AM,93.05,0,0.0,388200903.75
2025-08-01 09:26:51 AM,93.25,0,0.0,388200903.75
2025-08-01 09:26:52 AM,93.0,9000,837000.0,389037903.75
2025-08-01 09:26:52 AM,93.2,1950,181740.0,389219643.75
2025-08-01 09:26:52 AM,93.35,0,0.0,389219643.75
2025-08-01 09:26:53 AM,93.5,0,0.0,389219643.75
2025-08-01 09:26:53 AM,93.4,0,0.0,389219643.75
2025-08-01 09:26:54 AM,93.2,8025,747930.0,389967573.75
2025-08-01 09:26:54 AM,93.15,1500,139725.0,390107298.75
2025-08-01 09:26:54 AM,92.55,0,0.0,390107298.75
2025-08-01 09:26:55 AM,92.8,5475,508080.0,390615378.75
2025-08-01 09:26:55 AM,93.0,0,0.0,390615378.75
2025-08-01 09:26:56 AM,93.05,1125,104681.25,390720060.0
2025-08-01 09:26:56 AM,93.1,0,0.0,390720060.0
2025-08-01 09:26:56 AM,93.2,0,0.0,390720060.0
2025-08-01 09:26:57 AM,93.3,4500,419850.0,391139910.0
2025-08-01 09:26:57 AM,93.25,525,48956.25,391188866.25
2025-08-01 09:26:57 AM,93.2,0,0.0,391188866.25
2025-08-01 09:26:57 AM,93.4,0,0.0,391188866.25
2025-08-01 09:26:58 AM,93.45,0,0.0,391188866.25
2025-08-01 09:26:59 AM,93.45,3975,371463.75,391560330.0
2025-08-01 09:26:59 AM,93.4,1425,133095.0,391693425.0
2025-08-01 09:26:59 AM,93.5,0,0.0,391693425.0
2025-08-01 09:26:59 AM,93.45,0,0.0,391693425.0
2025-08-01 09:27:00 AM,93.5,5925,553987.5,392247412.5
2025-08-01 09:27:00 AM,93.85,0,0.0,392247412.5
2025-08-01 09:27:00 AM,93.7,0,0.0,392247412.5
2025-08-01 09:27:01 AM,93.95,3675,345266.25,392592678.75
2025-08-01 09:27:01 AM,93.4,0,0.0,392592678.75
2025-08-01 09:27:01 AM,93.8,0,0.0,392592678.75
2025-08-01 09:27:02 AM,93.5,9075,848512.5,393441191.25
2025-08-01 09:27:02 AM,93.3,1575,146947.5,393588138.75
2025-08-01 09:27:02 AM,93.35,0,0.0,393588138.75
2025-08-01 09:27:03 AM,93.55,0,0.0,393588138.75
2025-08-01 09:27:04 AM,93.55,7800,729690.0,394317828.75
2025-08-01 09:27:04 AM,93.85,300,28155.0,394345983.75
2025-08-01 09:27:04 AM,94.1,0,0.0,394345983.75
2025-08-01 09:27:05 AM,93.75,7800,731250.0,395077233.75
2025-08-01 09:27:05 AM,94.35,0,0.0,395077233.75
2025-08-01 09:27:05 AM,94.3,0,0.0,395077233.75
2025-08-01 09:27:06 AM,94.25,2325,219131.25,395296365.0
2025-08-01 09:27:06 AM,94.1,0,0.0,395296365.0
2025-08-01 09:27:07 AM,94.45,7350,694207.5,395990572.5
2025-08-01 09:27:07 AM,94.3,825,77797.5,396068370.0
2025-08-01 09:27:07 AM,94.2,0,0.0,396068370.0
2025-08-01 09:27:08 AM,94.4,0,0.0,396068370.0
2025-08-01 09:27:08 AM,94.15,3750,353062.5,396421432.5
2025-08-01 09:27:08 AM,93.75,0,0.0,396421432.5
2025-08-01 09:27:09 AM,93.65,2850,266902.5,396688335.0
2025-08-01 09:27:09 AM,93.95,0,0.0,396688335.0
2025-08-01 09:27:10 AM,94.0,10425,979950.0,397668285.0
2025-08-01 09:27:10 AM,94.15,0,0.0,397668285.0
2025-08-01 09:27:10 AM,94.0,0,0.0,397668285.0
2025-08-01 09:27:11 AM,94.05,3600,338580.0,398006865.0
2025-08-01 09:27:11 AM,94.1,0,0.0,398006865.0
2025-08-01 09:27:12 AM,94.5,6675,630787.5,398637652.5
2025-08-01 09:27:12 AM,94.25,1950,183787.5,398821440.0
2025-08-01 09:27:12 AM,94.2,0,0.0,398821440.0
2025-08-01 09:27:12 AM,94.15,0,0.0,398821440.0
2025-08-01 09:27:13 AM,94.4,0,0.0,398821440.0
2025-08-01 09:27:13 AM,94.35,5550,523642.49999999994,399345082.5
2025-08-01 09:27:14 AM,94.2,525,49455.0,399394537.5
2025-08-01 09:27:14 AM,93.65,0,0.0,399394537.5
2025-08-01 09:27:14 AM,94.0,0,0.0,399394537.5
2025-08-01 09:27:15 AM,93.45,10125,946181.25,400340718.75
2025-08-01 09:27:15 AM,93.5,0,0.0,400340718.75
2025-08-01 09:27:16 AM,93.85,4200,394170.0,400734888.75
2025-08-01 09:27:16 AM,93.75,0,0.0,400734888.75
2025-08-01 09:27:17 AM,93.4,9075,847605.0,401582493.75
2025-08-01 09:27:17 AM,93.8,1200,112560.0,401695053.75
2025-08-01 09:27:17 AM,94.2,0,0.0,401695053.75
2025-08-01 09:27:18 AM,94.6,0,0.0,401695053.75
2025-08-01 09:27:18 AM,94.5,4500,425250.0,402120303.75
2025-08-01 09:27:18 AM,94.6,0,0.0,402120303.75
2025-08-01 09:27:19 AM,94.75,975,92381.25,402212685.0
2025-08-01 09:27:19 AM,94.15,0,0.0,402212685.0
2025-08-01 09:27:20 AM,93.9,6150,577485.0,402790170.0
2025-08-01 09:27:20 AM,93.6,0,0.0,402790170.0
2025-08-01 09:27:21 AM,93.55,300,28065.0,402818235.0
2025-08-01 09:27:21 AM,93.8,0,0.0,402818235.0
2025-08-01 09:27:21 AM,93.85,0,0.0,402818235.0
2025-08-01 09:27:22 AM,93.85,6375,598293.75,403416528.75
2025-08-01 09:27:22 AM,94.4,1350,127440.00000000001,403543968.75
2025-08-01 09:27:22 AM,94.2,0,0.0,403543968.75
2025-08-01 09:27:22 AM,94.35,0,0.0,403543968.75
2025-08-01 09:27:23 AM,94.15,0,0.0,403543968.75
2025-08-01 09:27:23 AM,94.15,4275,402491.25,403946460.0
2025-08-01 09:27:23 AM,93.95,0,0.0,403946460.0
2025-08-01 09:27:24 AM,94.1,1125,105862.5,404052322.5
2025-08-01 09:27:24 AM,93.75,0,0.0,404052322.5
2025-08-01 09:27:24 AM,93.9,0,0.0,404052322.5
2025-08-01 09:27:25 AM,94.0,8700,817800.0,404870122.5
2025-08-01 09:27:25 AM,93.85,0,0.0,404870122.5
2025-08-01 09:27:26 AM,94.1,1875,176437.5,405046560.0
2025-08-01 09:27:26 AM,94.0,0,0.0,405046560.0
2025-08-01 09:27:27 AM,94.1,6450,606945.0,405653505.0
2025-08-01 09:27:27 AM,94.2,1350,127170.0,405780675.0
2025-08-01 09:27:27 AM,94.0,0,0.0,405780675.0
2025-08-01 09:27:28 AM,94.45,0,0.0,405780675.0
2025-08-01 09:27:28 AM,94.45,6300,595035.0,406375710.0
2025-08-01 09:27:29 AM,95.0,9075,862125.0,407237835.0
2025-08-01 09:27:29 AM,94.95,0,0.0,407237835.0
2025-08-01 09:27:30 AM,94.45,10575,998808.75,408236643.75
2025-08-01 09:27:30 AM,94.35,0,0.0,408236643.75
2025-08-01 09:27:30 AM,94.55,0,0.0,408236643.75
2025-08-01 09:27:31 AM,94.0,5175,486450.0,408723093.75
2025-08-01 09:27:31 AM,93.75,0,0.0,408723093.75
2025-08-01 09:27:31 AM,93.6,0,0.0,408723093.75
2025-08-01 09:27:32 AM,93.6,4800,449280.0,409172373.75
2025-08-01 09:27:32 AM,93.65,1425,133451.25,409305825.0
2025-08-01 09:27:32 AM,94.15,0,0.0,409305825.0
2025-08-01 09:27:32 AM,94.25,0,0.0,409305825.0
2025-08-01 09:27:33 AM,94.0,0,0.0,409305825.0
2025-08-01 09:27:33 AM,94.0,3375,317250.0,409623075.0
