date,price,qty,trnvr,cum_trnvr
2025-08-01 09:15:00 AM,236.15,750,177112.5,177112.5
2025-08-01 09:15:01 AM,227.9,1500,341850.0,518962.5
2025-08-01 09:15:01 AM,224.7,0,0.0,518962.5
2025-08-01 09:15:01 AM,227.4,825,187605.0,706567.5
2025-08-01 09:15:02 AM,222.7,0,0.0,706567.5
2025-08-01 09:15:02 AM,222.7,3750,835125.0,1541692.5
2025-08-01 09:15:02 AM,221.55,0,0.0,1541692.5
2025-08-01 09:15:02 AM,222.25,750,166687.5,1708380.0
2025-08-01 09:15:03 AM,218.65,0,0.0,1708380.0
2025-08-01 09:15:03 AM,216.45,0,0.0,1708380.0
2025-08-01 09:15:03 AM,213.95,4275,914636.25,2623016.25
2025-08-01 09:15:04 AM,215.9,1650,356235.0,2979251.25
2025-08-01 09:15:04 AM,214.4,0,0.0,2979251.25
2025-08-01 09:15:05 AM,211.85,5175,1096323.75,4075575.0
2025-08-01 09:15:05 AM,211.2,0,0.0,4075575.0
2025-08-01 09:15:05 AM,211.2,2175,459360.0,4534935.0
2025-08-01 09:15:06 AM,208.85,0,0.0,4534935.0
2025-08-01 09:15:06 AM,208.85,1800,375930.0,4910865.0
2025-08-01 09:15:06 AM,208.8,75,15660.0,4926525.0
2025-08-01 09:15:07 AM,204.5,0,0.0,4926525.0
2025-08-01 09:15:07 AM,202.25,3300,667425.0,5593950.0
2025-08-01 09:15:07 AM,203.0,75,15225.0,5609175.0
2025-08-01 09:15:08 AM,205.45,0,0.0,5609175.0
2025-08-01 09:15:08 AM,205.25,0,0.0,5609175.0
2025-08-01 09:15:08 AM,202.0,4350,878700.0,6487875.0
2025-08-01 09:15:09 AM,202.7,1275,258442.5,6746317.5
2025-08-01 09:15:09 AM,202.75,0,0.0,6746317.5
2025-08-01 09:15:10 AM,204.55,1200,245460.0,6991777.5
2025-08-01 09:15:10 AM,204.7,0,0.0,6991777.5
2025-08-01 09:15:10 AM,204.7,2700,552690.0,7544467.5
2025-08-01 09:15:11 AM,204.4,0,0.0,7544467.5
2025-08-01 09:15:11 AM,204.4,5925,1211070.0,8755537.5
2025-08-01 09:15:11 AM,207.6,0,0.0,8755537.5
2025-08-01 09:15:11 AM,207.5,1875,389062.5,9144600.0
2025-08-01 09:15:12 AM,205.1,0,0.0,9144600.0
2025-08-01 09:15:12 AM,205.7,0,0.0,9144600.0
2025-08-01 09:15:12 AM,204.7,3750,767625.0,9912225.0
2025-08-01 09:15:13 AM,206.5,2700,557550.0,10469775.0
2025-08-01 09:15:13 AM,206.3,0,0.0,10469775.0
2025-08-01 09:15:13 AM,206.05,0,0.0,10469775.0
2025-08-01 09:15:14 AM,206.35,1725,355953.75,10825728.75
2025-08-01 09:15:14 AM,205.55,0,0.0,10825728.75
2025-08-01 09:15:14 AM,204.8,450,92160.0,10917888.75
2025-08-01 09:15:15 AM,209.15,0,0.0,10917888.75
2025-08-01 09:15:15 AM,209.15,2775,580391.25,11498280.0
2025-08-01 09:15:15 AM,208.75,0,0.0,11498280.0
2025-08-01 09:15:15 AM,207.4,3075,637755.0,12136035.0
2025-08-01 09:15:16 AM,207.85,0,0.0,12136035.0
2025-08-01 09:15:16 AM,208.2,0,0.0,12136035.0
2025-08-01 09:15:16 AM,206.95,1425,294903.75,12430938.75
2025-08-01 09:15:17 AM,210.0,3075,645750.0,13076688.75
2025-08-01 09:15:17 AM,211.3,0,0.0,13076688.75
2025-08-01 09:15:18 AM,211.35,2475,523091.25,13599780.0
2025-08-01 09:15:18 AM,210.7,0,0.0,13599780.0
2025-08-01 09:15:18 AM,210.05,0,0.0,13599780.0
2025-08-01 09:15:18 AM,209.6,2625,550200.0,14149980.0
2025-08-01 09:15:19 AM,211.4,0,0.0,14149980.0
2025-08-01 09:15:19 AM,212.1,1875,397687.5,14547667.5
2025-08-01 09:15:19 AM,213.1,4200,895020.0,15442687.5
2025-08-01 09:15:20 AM,212.9,0,0.0,15442687.5
2025-08-01 09:15:20 AM,212.5,0,0.0,15442687.5
2025-08-01 09:15:20 AM,214.85,2925,628436.25,16071123.75
2025-08-01 09:15:21 AM,213.95,1275,272786.25,16343910.0
2025-08-01 09:15:21 AM,213.3,0,0.0,16343910.0
2025-08-01 09:15:21 AM,214.55,0,0.0,16343910.0
2025-08-01 09:15:22 AM,218.5,3000,655500.0,16999410.0
2025-08-01 09:15:22 AM,221.0,375,82875.0,17082285.0
2025-08-01 09:15:23 AM,218.35,0,0.0,17082285.0
2025-08-01 09:15:23 AM,218.9,0,0.0,17082285.0
2025-08-01 09:15:23 AM,221.1,5625,1243687.5,18325972.5
2025-08-01 09:15:24 AM,220.0,3450,759000.0,19084972.5
2025-08-01 09:15:24 AM,221.35,0,0.0,19084972.5
2025-08-01 09:15:24 AM,221.4,0,0.0,19084972.5
2025-08-01 09:15:25 AM,221.25,1875,414843.75,19499816.25
2025-08-01 09:15:25 AM,221.4,0,0.0,19499816.25
2025-08-01 09:15:25 AM,222.4,3900,867360.0,20367176.25
2025-08-01 09:15:26 AM,222.55,0,0.0,20367176.25
2025-08-01 09:15:26 AM,221.7,2475,548707.5,20915883.75
2025-08-01 09:15:27 AM,220.6,1500,330900.0,21246783.75
2025-08-01 09:15:27 AM,220.95,0,0.0,21246783.75
2025-08-01 09:15:27 AM,222.1,0,0.0,21246783.75
2025-08-01 09:15:28 AM,224.45,0,0.0,21246783.75
2025-08-01 09:15:28 AM,224.45,6225,1397201.25,22643985.0
2025-08-01 09:15:28 AM,224.9,1125,253012.5,22896997.5
2025-08-01 09:15:29 AM,226.4,0,0.0,22896997.5
2025-08-01 09:15:30 AM,223.6,5850,1308060.0,24205057.5
2025-08-01 09:15:30 AM,222.85,0,0.0,24205057.5
2025-08-01 09:15:30 AM,222.75,0,0.0,24205057.5
2025-08-01 09:15:30 AM,223.15,6000,1338900.0,25543957.5
2025-08-01 09:15:31 AM,224.05,0,0.0,25543957.5
2025-08-01 09:15:31 AM,223.6,0,0.0,25543957.5
2025-08-01 09:15:31 AM,223.85,4725,1057691.25,26601648.75
2025-08-01 09:15:32 AM,223.95,1275,285536.25,26887185.0
2025-08-01 09:15:32 AM,222.1,0,0.0,26887185.0
2025-08-01 09:15:33 AM,221.95,1500,332925.0,27220110.0
2025-08-01 09:15:33 AM,222.75,0,0.0,27220110.0
2025-08-01 09:15:33 AM,222.0,0,0.0,27220110.0
2025-08-01 09:15:33 AM,223.05,3075,685878.75,27905988.75
2025-08-01 09:15:34 AM,220.95,0,0.0,27905988.75
2025-08-01 09:15:34 AM,220.85,2625,579731.25,28485720.0
2025-08-01 09:15:35 AM,220.1,1875,412687.5,28898407.5
2025-08-01 09:15:35 AM,221.35,0,0.0,28898407.5
2025-08-01 09:15:36 AM,222.0,1350,299700.0,29198107.5
2025-08-01 09:15:36 AM,222.2,0,0.0,29198107.5
2025-08-01 09:15:36 AM,222.4,0,0.0,29198107.5
2025-08-01 09:15:36 AM,221.5,1050,232575.0,29430682.5
2025-08-01 09:15:37 AM,225.45,6300,1420335.0,30851017.5
2025-08-01 09:15:38 AM,225.85,600,135510.0,30986527.5
2025-08-01 09:15:39 AM,223.25,0,0.0,30986527.5
2025-08-01 09:15:39 AM,223.1,0,0.0,30986527.5
2025-08-01 09:15:39 AM,223.1,1800,401580.0,31388107.5
2025-08-01 09:15:39 AM,221.0,1500,331500.0,31719607.5
2025-08-01 09:15:40 AM,220.6,0,0.0,31719607.5
2025-08-01 09:15:40 AM,222.05,3300,732765.0,32452372.5
2025-08-01 09:15:41 AM,222.1,450,99945.0,32552317.5
2025-08-01 09:15:41 AM,222.65,0,0.0,32552317.5
2025-08-01 09:15:42 AM,221.65,0,0.0,32552317.5
2025-08-01 09:15:42 AM,221.65,1950,432217.5,32984535.0
2025-08-01 09:15:42 AM,221.95,750,166462.5,33150997.5
2025-08-01 09:15:43 AM,222.65,0,0.0,33150997.5
2025-08-01 09:15:44 AM,222.05,1200,266460.0,33417457.5
2025-08-01 09:15:44 AM,222.45,0,0.0,33417457.5
2025-08-01 09:15:44 AM,222.65,900,200385.0,33617842.5
2025-08-01 09:15:45 AM,221.2,0,0.0,33617842.5
2025-08-01 09:15:45 AM,222.0,2250,499500.0,34117342.5
2025-08-01 09:15:46 AM,221.55,150,33232.5,34150575.0
2025-08-01 09:15:46 AM,220.9,0,0.0,34150575.0
2025-08-01 09:15:47 AM,219.55,7275,1597226.25,35747801.25
2025-08-01 09:15:47 AM,219.8,0,0.0,35747801.25
2025-08-01 09:15:47 AM,219.7,0,0.0,35747801.25
2025-08-01 09:15:47 AM,219.35,2100,460635.0,36208436.25
2025-08-01 09:15:48 AM,217.8,0,0.0,36208436.25
2025-08-01 09:15:48 AM,218.0,0,0.0,36208436.25
2025-08-01 09:15:48 AM,219.95,2550,560872.5,36769308.75
2025-08-01 09:15:49 AM,220.3,1350,297405.0,37066713.75
2025-08-01 09:15:49 AM,220.6,0,0.0,37066713.75
2025-08-01 09:15:50 AM,218.8,0,0.0,37066713.75
2025-08-01 09:15:50 AM,218.8,1575,344610.0,37411323.75
2025-08-01 09:15:50 AM,219.8,675,148365.0,37559688.75
2025-08-01 09:15:51 AM,219.95,0,0.0,37559688.75
2025-08-01 09:15:52 AM,219.85,2325,511151.25,38070840.0
2025-08-01 09:15:52 AM,221.65,450,99742.5,38170582.5
2025-08-01 09:15:52 AM,220.65,0,0.0,38170582.5
2025-08-01 09:15:52 AM,220.5,0,0.0,38170582.5
2025-08-01 09:15:53 AM,221.5,0,0.0,38170582.5
2025-08-01 09:15:53 AM,221.2,3675,812910.0,38983492.5
2025-08-01 09:15:54 AM,220.3,375,82612.5,39066105.0
2025-08-01 09:15:54 AM,221.1,0,0.0,39066105.0
2025-08-01 09:15:55 AM,220.6,2025,446715.0,39512820.0
2025-08-01 09:15:55 AM,221.8,375,83175.0,39595995.0
2025-08-01 09:15:56 AM,223.2,0,0.0,39595995.0
2025-08-01 09:15:56 AM,222.85,0,0.0,39595995.0
2025-08-01 09:15:56 AM,222.15,2475,549821.25,40145816.25
2025-08-01 09:15:57 AM,221.45,525,116261.25,40262077.5
2025-08-01 09:15:58 AM,222.1,0,0.0,40262077.5
2025-08-01 09:15:58 AM,222.1,900,199890.0,40461967.5
2025-08-01 09:15:58 AM,221.05,675,149208.75,40611176.25
2025-08-01 09:15:59 AM,219.6,0,0.0,40611176.25
2025-08-01 09:16:00 AM,218.4,2325,507780.0,41118956.25
2025-08-01 09:16:00 AM,216.0,0,0.0,41118956.25
2025-08-01 09:16:00 AM,216.05,2625,567131.25,41686087.5
2025-08-01 09:16:01 AM,216.45,0,0.0,41686087.5
2025-08-01 09:16:01 AM,216.5,0,0.0,41686087.5
2025-08-01 09:16:01 AM,215.8,8625,1861275.0,43547362.5
2025-08-01 09:16:02 AM,216.5,3825,828112.5,44375475.0
2025-08-01 09:16:02 AM,216.45,0,0.0,44375475.0
2025-08-01 09:16:02 AM,216.15,0,0.0,44375475.0
2025-08-01 09:16:03 AM,214.75,6225,1336818.75,45712293.75
2025-08-01 09:16:03 AM,214.8,0,0.0,45712293.75
2025-08-01 09:16:03 AM,216.6,3375,731025.0,46443318.75
2025-08-01 09:16:04 AM,216.65,0,0.0,46443318.75
2025-08-01 09:16:05 AM,216.8,3000,650400.0,47093718.75
2025-08-01 09:16:05 AM,216.15,0,0.0,47093718.75
2025-08-01 09:16:05 AM,216.7,0,0.0,47093718.75
2025-08-01 09:16:05 AM,216.7,675,146272.5,47239991.25
2025-08-01 09:16:06 AM,219.0,0,0.0,47239991.25
2025-08-01 09:16:06 AM,219.0,6600,1445400.0,48685391.25
2025-08-01 09:16:07 AM,220.75,3300,728475.0,49413866.25
2025-08-01 09:16:07 AM,220.9,0,0.0,49413866.25
2025-08-01 09:16:07 AM,221.0,0,0.0,49413866.25
2025-08-01 09:16:08 AM,220.65,2325,513011.25,49926877.5
2025-08-01 09:16:08 AM,218.35,0,0.0,49926877.5
2025-08-01 09:16:08 AM,219.55,0,0.0,49926877.5
2025-08-01 09:16:08 AM,219.05,3075,673578.75,50600456.25
2025-08-01 09:16:09 AM,220.0,0,0.0,50600456.25
2025-08-01 09:16:09 AM,222.45,4725,1051076.25,51651532.5
2025-08-01 09:16:10 AM,221.55,3300,731115.0,52382647.5
2025-08-01 09:16:11 AM,222.95,0,0.0,52382647.5
2025-08-01 09:16:11 AM,222.95,8175,1822616.25,54205263.75
2025-08-01 09:16:12 AM,222.1,2475,549697.5,54754961.25
2025-08-01 09:16:13 AM,221.55,2025,448638.75,55203600.0
2025-08-01 09:16:13 AM,221.0,0,0.0,55203600.0
2025-08-01 09:16:13 AM,221.05,0,0.0,55203600.0
2025-08-01 09:16:13 AM,220.85,975,215328.75,55418928.75
2025-08-01 09:16:14 AM,220.5,0,0.0,55418928.75
2025-08-01 09:16:14 AM,220.25,1650,363412.5,55782341.25
2025-08-01 09:16:15 AM,221.4,750,166050.0,55948391.25
2025-08-01 09:16:15 AM,221.7,0,0.0,55948391.25
2025-08-01 09:16:16 AM,221.25,3825,846281.25,56794672.5
2025-08-01 09:16:16 AM,221.7,0,0.0,56794672.5
2025-08-01 09:16:16 AM,222.2,0,0.0,56794672.5
2025-08-01 09:16:16 AM,221.9,600,133140.0,56927812.5
2025-08-01 09:16:17 AM,221.8,0,0.0,56927812.5
2025-08-01 09:16:17 AM,221.85,2775,615633.75,57543446.25
2025-08-01 09:16:18 AM,222.8,600,133680.0,57677126.25
2025-08-01 09:16:18 AM,222.6,0,0.0,57677126.25
2025-08-01 09:16:19 AM,224.4,0,0.0,57677126.25
2025-08-01 09:16:19 AM,224.4,4500,1009800.0,58686926.25
2025-08-01 09:16:20 AM,224.1,3300,739530.0,59426456.25
2025-08-01 09:16:20 AM,223.65,3225,721271.25,60147727.5
2025-08-01 09:16:21 AM,223.15,0,0.0,60147727.5
2025-08-01 09:16:21 AM,223.15,525,117153.75,60264881.25
2025-08-01 09:16:22 AM,223.65,0,0.0,60264881.25
2025-08-01 09:16:22 AM,223.65,1725,385796.25,60650677.5
2025-08-01 09:16:23 AM,223.4,150,33510.0,60684187.5
2025-08-01 09:16:23 AM,223.2,0,0.0,60684187.5
2025-08-01 09:16:24 AM,222.0,3825,849150.0,61533337.5
2025-08-01 09:16:24 AM,221.0,0,0.0,61533337.5
2025-08-01 09:16:24 AM,221.45,1050,232522.5,61765860.0
2025-08-01 09:16:25 AM,221.35,0,0.0,61765860.0
2025-08-01 09:16:25 AM,222.6,1050,233730.0,61999590.0
2025-08-01 09:16:26 AM,222.55,900,200295.0,62199885.0
2025-08-01 09:16:26 AM,222.05,0,0.0,62199885.0
2025-08-01 09:16:27 AM,222.4,2100,467040.0,62666925.0
2025-08-01 09:16:27 AM,222.75,0,0.0,62666925.0
2025-08-01 09:16:27 AM,222.55,825,183603.75,62850528.75
2025-08-01 09:16:28 AM,222.95,0,0.0,62850528.75
2025-08-01 09:16:28 AM,222.4,1650,366960.0,63217488.75
2025-08-01 09:16:29 AM,222.1,0,0.0,63217488.75
2025-08-01 09:16:29 AM,222.2,1200,266640.0,63484128.75
2025-08-01 09:16:30 AM,221.9,0,0.0,63484128.75
2025-08-01 09:16:30 AM,221.9,825,183067.5,63667196.25
2025-08-01 09:16:31 AM,221.3,300,66390.0,63733586.25
2025-08-01 09:16:32 AM,221.8,750,166350.0,63899936.25
2025-08-01 09:16:32 AM,222.45,0,0.0,63899936.25
2025-08-01 09:16:32 AM,222.4,525,116760.0,64016696.25
2025-08-01 09:16:33 AM,222.0,0,0.0,64016696.25
2025-08-01 09:16:33 AM,222.65,675,150288.75,64166985.0
2025-08-01 09:16:34 AM,222.2,750,166650.0,64333635.0
2025-08-01 09:16:35 AM,221.3,1575,348547.5,64682182.5
2025-08-01 09:16:35 AM,221.6,0,0.0,64682182.5
2025-08-01 09:16:35 AM,221.75,0,0.0,64682182.5
2025-08-01 09:16:36 AM,222.45,600,133470.0,64815652.5
2025-08-01 09:16:36 AM,221.9,0,0.0,64815652.5
2025-08-01 09:16:37 AM,221.4,900,199260.0,65014912.5
2025-08-01 09:16:37 AM,221.6,0,0.0,65014912.5
2025-08-01 09:16:37 AM,221.6,300,66480.0,65081392.5
2025-08-01 09:16:38 AM,220.75,0,0.0,65081392.5
2025-08-01 09:16:38 AM,220.75,2025,447018.75,65528411.25
2025-08-01 09:16:39 AM,220.95,2025,447423.75,65975835.0
2025-08-01 09:16:39 AM,220.3,0,0.0,65975835.0
2025-08-01 09:16:40 AM,220.65,1425,314426.25,66290261.25
2025-08-01 09:16:40 AM,219.55,0,0.0,66290261.25
2025-08-01 09:16:40 AM,220.1,4950,1089495.0,67379756.25
2025-08-01 09:16:41 AM,219.15,0,0.0,67379756.25
2025-08-01 09:16:41 AM,219.15,600,131490.0,67511246.25
2025-08-01 09:16:42 AM,219.4,1350,296190.0,67807436.25
2025-08-01 09:16:43 AM,220.3,2550,561765.0,68369201.25
2025-08-01 09:16:43 AM,219.65,150,32947.5,68402148.75
2025-08-01 09:16:44 AM,219.55,0,0.0,68402148.75
2025-08-01 09:16:44 AM,219.7,450,98865.0,68501013.75
2025-08-01 09:16:45 AM,219.05,1725,377861.25,68878875.0
2025-08-01 09:16:46 AM,218.05,1575,343428.75,69222303.75
2025-08-01 09:16:46 AM,217.35,0,0.0,69222303.75
2025-08-01 09:16:46 AM,217.6,0,0.0,69222303.75
2025-08-01 09:16:47 AM,217.35,3975,863966.25,70086270.0
2025-08-01 09:16:47 AM,218.15,0,0.0,70086270.0
2025-08-01 09:16:48 AM,217.95,2175,474041.25,70560311.25
2025-08-01 09:16:48 AM,219.1,0,0.0,70560311.25
2025-08-01 09:16:48 AM,217.85,2025,441146.25,71001457.5
2025-08-01 09:16:49 AM,218.1,0,0.0,71001457.5
2025-08-01 09:16:49 AM,216.2,450,97290.0,71098747.5
2025-08-01 09:16:50 AM,218.6,1350,295110.0,71393857.5
2025-08-01 09:16:50 AM,218.35,0,0.0,71393857.5
2025-08-01 09:16:51 AM,218.4,675,147420.0,71541277.5
2025-08-01 09:16:51 AM,218.9,0,0.0,71541277.5
2025-08-01 09:16:51 AM,218.9,3750,820875.0,72362152.5
2025-08-01 09:16:52 AM,217.45,0,0.0,72362152.5
2025-08-01 09:16:52 AM,217.95,2625,572118.75,72934271.25
2025-08-01 09:16:53 AM,218.4,750,163800.0,73098071.25
2025-08-01 09:16:54 AM,217.2,300,65160.0,73163231.25
2025-08-01 09:16:54 AM,216.2,0,0.0,73163231.25
2025-08-01 09:16:55 AM,215.3,1950,419835.0,73583066.25
2025-08-01 09:16:55 AM,216.05,0,0.0,73583066.25
2025-08-01 09:16:56 AM,215.35,600,129210.0,73712276.25
2025-08-01 09:16:56 AM,215.55,0,0.0,73712276.25
2025-08-01 09:16:56 AM,215.2,0,0.0,73712276.25
2025-08-01 09:16:56 AM,215.55,1425,307158.75,74019435.0
2025-08-01 09:16:57 AM,215.6,0,0.0,74019435.0
2025-08-01 09:16:57 AM,214.7,2175,466972.5,74486407.5
2025-08-01 09:16:58 AM,214.5,2475,530887.5,75017295.0
2025-08-01 09:16:59 AM,214.05,1425,305021.25,75322316.25
2025-08-01 09:16:59 AM,213.75,0,0.0,75322316.25
2025-08-01 09:16:59 AM,212.0,10350,2194200.0,77516516.25
2025-08-01 09:17:00 AM,213.5,0,0.0,77516516.25
2025-08-01 09:17:00 AM,213.1,13275,2828902.5,80345418.75
2025-08-01 09:17:01 AM,212.9,1950,415155.0,80760573.75
2025-08-01 09:17:01 AM,213.25,0,0.0,80760573.75
2025-08-01 09:17:02 AM,212.6,2625,558075.0,81318648.75
2025-08-01 09:17:03 AM,212.85,3525,750296.25,82068945.0
2025-08-01 09:17:03 AM,212.0,0,0.0,82068945.0
2025-08-01 09:17:04 AM,211.5,3525,745537.5,82814482.5
2025-08-01 09:17:04 AM,211.4,0,0.0,82814482.5
2025-08-01 09:17:04 AM,212.2,0,0.0,82814482.5
2025-08-01 09:17:04 AM,212.45,750,159337.5,82973820.0
2025-08-01 09:17:05 AM,212.0,0,0.0,82973820.0
2025-08-01 09:17:05 AM,211.95,0,0.0,82973820.0
2025-08-01 09:17:05 AM,211.8,7800,1652040.0,84625860.0
2025-08-01 09:17:06 AM,212.0,3975,842700.0,85468560.0
2025-08-01 09:17:06 AM,210.85,0,0.0,85468560.0
2025-08-01 09:17:07 AM,210.55,1425,300033.75,85768593.75
2025-08-01 09:17:07 AM,210.95,0,0.0,85768593.75
2025-08-01 09:17:07 AM,211.35,975,206066.25,85974660.0
2025-08-01 09:17:08 AM,211.2,0,0.0,85974660.0
2025-08-01 09:17:08 AM,211.05,2850,601492.5,86576152.5
2025-08-01 09:17:09 AM,211.95,1125,238443.75,86814596.25
2025-08-01 09:17:10 AM,211.65,1050,222232.5,87036828.75
2025-08-01 09:17:10 AM,210.5,0,0.0,87036828.75
2025-08-01 09:17:10 AM,211.15,1125,237543.75,87274372.5
2025-08-01 09:17:11 AM,211.05,0,0.0,87274372.5
2025-08-01 09:17:11 AM,211.8,6600,1397880.0,88672252.5
2025-08-01 09:17:12 AM,212.35,0,0.0,88672252.5
2025-08-01 09:17:12 AM,212.35,2625,557418.75,89229671.25
2025-08-01 09:17:13 AM,212.5,450,95625.0,89325296.25
2025-08-01 09:17:13 AM,213.1,0,0.0,89325296.25
2025-08-01 09:17:14 AM,214.65,4050,869332.5,90194628.75
2025-08-01 09:17:14 AM,214.0,0,0.0,90194628.75
2025-08-01 09:17:14 AM,214.15,2550,546082.5,90740711.25
2025-08-01 09:17:15 AM,214.0,0,0.0,90740711.25
2025-08-01 09:17:15 AM,214.0,2850,609900.0,91350611.25
2025-08-01 09:17:16 AM,212.65,1275,271128.75,91621740.0
2025-08-01 09:17:16 AM,213.15,0,0.0,91621740.0
2025-08-01 09:17:17 AM,213.25,300,63975.0,91685715.0
2025-08-01 09:17:17 AM,213.4,0,0.0,91685715.0
2025-08-01 09:17:18 AM,212.5,600,127500.0,91813215.0
2025-08-01 09:17:18 AM,212.8,0,0.0,91813215.0
2025-08-01 09:17:18 AM,212.8,1425,303240.0,92116455.0
2025-08-01 09:17:19 AM,212.7,75,15952.5,92132407.5
2025-08-01 09:17:20 AM,212.65,825,175436.25,92307843.75
2025-08-01 09:17:20 AM,212.25,0,0.0,92307843.75
2025-08-01 09:17:20 AM,212.25,150,31837.5,92339681.25
2025-08-01 09:17:21 AM,212.8,0,0.0,92339681.25
2025-08-01 09:17:21 AM,212.8,225,47880.0,92387561.25
2025-08-01 09:17:22 AM,214.35,1500,321525.0,92709086.25
2025-08-01 09:17:23 AM,214.45,825,176921.25,92886007.5
2025-08-01 09:17:23 AM,215.0,0,0.0,92886007.5
2025-08-01 09:17:24 AM,216.15,2325,502548.75,93388556.25
2025-08-01 09:17:24 AM,215.65,0,0.0,93388556.25
2025-08-01 09:17:24 AM,215.8,1200,258960.0,93647516.25
2025-08-01 09:17:25 AM,216.25,0,0.0,93647516.25
2025-08-01 09:17:25 AM,216.05,1650,356482.5,94003998.75
2025-08-01 09:17:26 AM,217.6,0,0.0,94003998.75
2025-08-01 09:17:26 AM,217.6,2925,636480.0,94640478.75
2025-08-01 09:17:27 AM,217.7,3975,865357.5,95505836.25
2025-08-01 09:17:27 AM,218.3,0,0.0,95505836.25
2025-08-01 09:17:28 AM,217.7,5175,1126597.5,96632433.75
2025-08-01 09:17:28 AM,218.2,0,0.0,96632433.75
2025-08-01 09:17:28 AM,218.55,0,0.0,96632433.75
2025-08-01 09:17:29 AM,219.05,2175,476433.75,97108867.5
2025-08-01 09:17:29 AM,219.0,0,0.0,97108867.5
2025-08-01 09:17:29 AM,219.65,4350,955477.5,98064345.0
2025-08-01 09:17:30 AM,220.5,7050,1554525.0,99618870.0
2025-08-01 09:17:30 AM,220.1,0,0.0,99618870.0
2025-08-01 09:17:31 AM,219.25,900,197325.0,99816195.0
2025-08-01 09:17:31 AM,220.0,0,0.0,99816195.0
2025-08-01 09:17:32 AM,220.1,8700,1914870.0,101731065.0
2025-08-01 09:17:32 AM,220.5,0,0.0,101731065.0
2025-08-01 09:17:32 AM,220.5,2400,529200.0,102260265.0
2025-08-01 09:17:33 AM,220.15,0,0.0,102260265.0
2025-08-01 09:17:33 AM,219.5,0,0.0,102260265.0
2025-08-01 09:17:33 AM,219.5,2700,592650.0,102852915.0
2025-08-01 09:17:34 AM,218.9,1350,295515.0,103148430.0
2025-08-01 09:17:34 AM,218.35,0,0.0,103148430.0
2025-08-01 09:17:35 AM,219.55,1950,428122.5,103576552.5
2025-08-01 09:17:35 AM,218.05,0,0.0,103576552.5
2025-08-01 09:17:35 AM,218.45,0,0.0,103576552.5
2025-08-01 09:17:35 AM,218.4,1125,245700.0,103822252.5
2025-08-01 09:17:36 AM,217.6,0,0.0,103822252.5
2025-08-01 09:17:36 AM,218.2,0,0.0,103822252.5
2025-08-01 09:17:36 AM,218.2,825,180015.0,104002267.5
2025-08-01 09:17:37 AM,217.9,225,49027.5,104051295.0
2025-08-01 09:17:37 AM,218.65,0,0.0,104051295.0
2025-08-01 09:17:38 AM,219.0,3375,739125.0,104790420.0
2025-08-01 09:17:38 AM,219.55,0,0.0,104790420.0
2025-08-01 09:17:38 AM,218.25,7650,1669612.5,106460032.5
2025-08-01 09:17:39 AM,219.15,0,0.0,106460032.5
2025-08-01 09:17:39 AM,219.55,0,0.0,106460032.5
2025-08-01 09:17:39 AM,219.55,2850,625717.5,107085750.0
2025-08-01 09:17:40 AM,219.45,150,32917.5,107118667.5
2025-08-01 09:17:40 AM,219.55,0,0.0,107118667.5
2025-08-01 09:17:41 AM,218.9,3225,705952.5,107824620.0
2025-08-01 09:17:41 AM,219.1,0,0.0,107824620.0
2025-08-01 09:17:41 AM,219.75,1200,263700.0,108088320.0
2025-08-01 09:17:42 AM,220.05,0,0.0,108088320.0
2025-08-01 09:17:42 AM,219.55,1200,263460.0,108351780.0
2025-08-01 09:17:43 AM,219.75,300,65925.0,108417705.0
2025-08-01 09:17:43 AM,219.35,0,0.0,108417705.0
2025-08-01 09:17:44 AM,220.0,3825,841500.0,109259205.0
2025-08-01 09:17:44 AM,219.75,750,164812.5,109424017.5
2025-08-01 09:17:45 AM,220.1,0,0.0,109424017.5
2025-08-01 09:17:45 AM,219.65,0,0.0,109424017.5
2025-08-01 09:17:45 AM,220.0,2625,577500.0,110001517.5
2025-08-01 09:17:46 AM,219.65,0,0.0,110001517.5
2025-08-01 09:17:46 AM,219.65,300,65895.0,110067412.5
2025-08-01 09:17:47 AM,219.1,75,16432.5,110083845.0
2025-08-01 09:17:48 AM,219.1,750,164325.0,110248170.0
2025-08-01 09:17:48 AM,218.65,0,0.0,110248170.0
2025-08-01 09:17:49 AM,219.5,150,32925.0,110281095.0
2025-08-01 09:17:49 AM,219.0,0,0.0,110281095.0
2025-08-01 09:17:49 AM,219.0,75,16425.0,110297520.0
2025-08-01 09:17:50 AM,218.5,0,0.0,110297520.0
2025-08-01 09:17:50 AM,219.2,300,65760.0,110363280.0
2025-08-01 09:17:51 AM,219.3,2700,592110.0,110955390.0
2025-08-01 09:17:52 AM,217.6,3075,669120.0,111624510.0
2025-08-01 09:17:52 AM,216.95,1425,309153.75,111933663.75
2025-08-01 09:17:53 AM,216.7,0,0.0,111933663.75
2025-08-01 09:17:54 AM,216.8,600,130080.0,112063743.75
2025-08-01 09:17:54 AM,217.0,0,0.0,112063743.75
2025-08-01 09:17:54 AM,217.0,150,32550.0,112096293.75
2025-08-01 09:17:55 AM,216.6,0,0.0,112096293.75
2025-08-01 09:17:55 AM,216.6,600,129960.0,112226253.75
2025-08-01 09:17:56 AM,217.25,0,0.0,112226253.75
2025-08-01 09:17:57 AM,217.75,450,97987.5,112324241.25
2025-08-01 09:17:57 AM,218.05,0,0.0,112324241.25
2025-08-01 09:17:57 AM,218.15,1575,343586.25,112667827.5
2025-08-01 09:17:58 AM,216.7,0,0.0,112667827.5
2025-08-01 09:17:58 AM,216.45,1350,292207.5,112960035.0
2025-08-01 09:17:59 AM,215.7,525,113242.5,113073277.5
2025-08-01 09:17:59 AM,215.8,0,0.0,113073277.5
2025-08-01 09:18:00 AM,215.05,3225,693536.25,113766813.75
2025-08-01 09:18:00 AM,214.4,975,209040.0,113975853.75
2025-08-01 09:18:01 AM,214.3,0,0.0,113975853.75
2025-08-01 09:18:02 AM,214.1,3825,818932.5,114794786.25
2025-08-01 09:18:02 AM,214.05,0,0.0,114794786.25
2025-08-01 09:18:02 AM,214.05,8100,1733805.0,116528591.25
2025-08-01 09:18:03 AM,213.95,0,0.0,116528591.25
2025-08-01 09:18:03 AM,214.0,1950,417300.0,116945891.25
2025-08-01 09:18:04 AM,214.0,375,80250.0,117026141.25
2025-08-01 09:18:04 AM,213.9,0,0.0,117026141.25
2025-08-01 09:18:05 AM,213.0,1275,271575.0,117297716.25
2025-08-01 09:18:05 AM,213.5,0,0.0,117297716.25
2025-08-01 09:18:05 AM,212.9,0,0.0,117297716.25
2025-08-01 09:18:05 AM,213.5,1650,352275.0,117649991.25
2025-08-01 09:18:06 AM,213.5,825,176137.5,117826128.75
2025-08-01 09:18:07 AM,213.2,0,0.0,117826128.75
2025-08-01 09:18:07 AM,213.2,150,31980.0,117858108.75
2025-08-01 09:18:08 AM,212.5,0,0.0,117858108.75
2025-08-01 09:18:08 AM,212.5,1575,334687.5,118192796.25
2025-08-01 09:18:08 AM,212.1,1125,238612.5,118431408.75
2025-08-01 09:18:09 AM,210.7,0,0.0,118431408.75
2025-08-01 09:18:09 AM,211.05,0,0.0,118431408.75
2025-08-01 09:18:09 AM,211.1,3300,696630.0,119128038.75
2025-08-01 09:18:10 AM,213.0,0,0.0,119128038.75
2025-08-01 09:18:10 AM,213.0,450,95850.0,119223888.75
2025-08-01 09:18:11 AM,212.75,0,0.0,119223888.75
2025-08-01 09:18:11 AM,212.75,750,159562.5,119383451.25
2025-08-01 09:18:11 AM,212.2,300,63660.0,119447111.25
2025-08-01 09:18:12 AM,214.0,0,0.0,119447111.25
2025-08-01 09:18:12 AM,213.9,2475,529402.5,119976513.75
2025-08-01 09:18:13 AM,215.0,0,0.0,119976513.75
2025-08-01 09:18:13 AM,215.0,450,96750.0,120073263.75
2025-08-01 09:18:14 AM,215.2,0,0.0,120073263.75
2025-08-01 09:18:14 AM,215.2,2100,451920.0,120525183.75
2025-08-01 09:18:15 AM,214.95,1200,257940.0,120783123.75
2025-08-01 09:18:15 AM,216.0,0,0.0,120783123.75
2025-08-01 09:18:16 AM,216.45,1425,308441.25,121091565.0
2025-08-01 09:18:16 AM,215.75,0,0.0,121091565.0
2025-08-01 09:18:16 AM,215.3,7950,1711635.0,122803200.0
2025-08-01 09:18:17 AM,215.2,0,0.0,122803200.0
2025-08-01 09:18:17 AM,215.0,1050,225750.0,123028950.0
2025-08-01 09:18:18 AM,214.1,0,0.0,123028950.0
2025-08-01 09:18:18 AM,214.4,0,0.0,123028950.0
2025-08-01 09:18:18 AM,214.4,375,80400.0,123109350.0
2025-08-01 09:18:19 AM,214.3,0,0.0,123109350.0
2025-08-01 09:18:19 AM,214.3,675,144652.5,123254002.5
2025-08-01 09:18:20 AM,215.0,1050,225750.0,123479752.5
2025-08-01 09:18:20 AM,217.35,0,0.0,123479752.5
2025-08-01 09:18:21 AM,216.95,2400,520680.0,124000432.5
2025-08-01 09:18:21 AM,218.0,0,0.0,124000432.5
2025-08-01 09:18:21 AM,217.65,1500,326475.0,124326907.5
2025-08-01 09:18:22 AM,218.4,0,0.0,124326907.5
2025-08-01 09:18:22 AM,218.4,6000,1310400.0,125637307.5
2025-08-01 09:18:23 AM,217.85,0,0.0,125637307.5
2025-08-01 09:18:23 AM,217.85,1200,261420.0,125898727.5
2025-08-01 09:18:24 AM,218.7,0,0.0,125898727.5
2025-08-01 09:18:24 AM,218.7,2100,459270.0,126357997.5
2025-08-01 09:18:25 AM,218.6,1200,262320.0,126620317.5
2025-08-01 09:18:25 AM,218.8,0,0.0,126620317.5
2025-08-01 09:18:26 AM,218.9,1200,262680.0,126882997.5
2025-08-01 09:18:26 AM,218.7,0,0.0,126882997.5
2025-08-01 09:18:27 AM,219.3,975,213817.5,127096815.0
2025-08-01 09:18:27 AM,220.0,0,0.0,127096815.0
2025-08-01 09:18:27 AM,220.25,0,0.0,127096815.0
2025-08-01 09:18:27 AM,220.7,3225,711757.5,127808572.5
2025-08-01 09:18:28 AM,220.05,0,0.0,127808572.5
2025-08-01 09:18:28 AM,220.05,4875,1072743.75,128881316.25
2025-08-01 09:18:29 AM,218.0,0,0.0,128881316.25
2025-08-01 09:18:29 AM,218.0,3150,686700.0,129568016.25
2025-08-01 09:18:30 AM,217.95,825,179808.75,129747825.0
2025-08-01 09:18:30 AM,217.15,0,0.0,129747825.0
2025-08-01 09:18:31 AM,217.65,2250,489712.5,130237537.5
2025-08-01 09:18:31 AM,217.25,0,0.0,130237537.5
2025-08-01 09:18:32 AM,216.6,1125,243675.0,130481212.5
2025-08-01 09:18:32 AM,216.9,0,0.0,130481212.5
2025-08-01 09:18:32 AM,216.5,375,81187.5,130562400.0
2025-08-01 09:18:33 AM,217.2,0,0.0,130562400.0
2025-08-01 09:18:33 AM,217.0,0,0.0,130562400.0
2025-08-01 09:18:33 AM,217.0,1200,260400.0,130822800.0
2025-08-01 09:18:34 AM,216.75,0,0.0,130822800.0
2025-08-01 09:18:34 AM,216.75,2250,487687.5,131310487.5
2025-08-01 09:18:35 AM,217.95,675,147116.25,131457603.75
2025-08-01 09:18:35 AM,217.4,0,0.0,131457603.75
2025-08-01 09:18:36 AM,216.7,600,130020.0,131587623.75
2025-08-01 09:18:36 AM,216.05,0,0.0,131587623.75
2025-08-01 09:18:37 AM,216.2,1275,275655.0,131863278.75
2025-08-01 09:18:37 AM,216.6,0,0.0,131863278.75
2025-08-01 09:18:37 AM,216.35,600,129810.0,131993088.75
2025-08-01 09:18:38 AM,216.2,0,0.0,131993088.75
2025-08-01 09:18:38 AM,215.95,0,0.0,131993088.75
2025-08-01 09:18:38 AM,215.95,450,97177.5,132090266.25
2025-08-01 09:18:39 AM,216.35,0,0.0,132090266.25
2025-08-01 09:18:39 AM,216.35,975,210941.25,132301207.5
2025-08-01 09:18:40 AM,216.25,525,113531.25,132414738.75
2025-08-01 09:18:40 AM,216.0,0,0.0,132414738.75
2025-08-01 09:18:41 AM,216.6,375,81225.0,132495963.75
2025-08-01 09:18:41 AM,216.8,0,0.0,132495963.75
2025-08-01 09:18:41 AM,216.5,0,0.0,132495963.75
2025-08-01 09:18:42 AM,215.9,450,97155.0,132593118.75
2025-08-01 09:18:42 AM,216.0,0,0.0,132593118.75
2025-08-01 09:18:42 AM,215.7,600,129420.0,132722538.75
2025-08-01 09:18:43 AM,216.0,0,0.0,132722538.75
2025-08-01 09:18:43 AM,216.1,0,0.0,132722538.75
2025-08-01 09:18:43 AM,215.6,2925,630630.0,133353168.75
2025-08-01 09:18:44 AM,214.7,0,0.0,133353168.75
2025-08-01 09:18:44 AM,214.95,0,0.0,133353168.75
2025-08-01 09:18:44 AM,214.95,4575,983396.25,134336565.0
2025-08-01 09:18:45 AM,215.0,450,96750.0,134433315.0
2025-08-01 09:18:45 AM,214.9,0,0.0,134433315.0
2025-08-01 09:18:46 AM,214.05,675,144483.75,134577798.75
2025-08-01 09:18:46 AM,213.7,0,0.0,134577798.75
2025-08-01 09:18:46 AM,214.05,0,0.0,134577798.75
2025-08-01 09:18:47 AM,213.6,450,96120.0,134673918.75
2025-08-01 09:18:47 AM,214.7,0,0.0,134673918.75
2025-08-01 09:18:47 AM,214.8,750,161100.0,134835018.75
2025-08-01 09:18:48 AM,215.3,0,0.0,134835018.75
2025-08-01 09:18:48 AM,216.25,0,0.0,134835018.75
2025-08-01 09:18:48 AM,216.25,2100,454125.0,135289143.75
2025-08-01 09:18:49 AM,217.45,0,0.0,135289143.75
2025-08-01 09:18:49 AM,217.45,300,65235.0,135354378.75
2025-08-01 09:18:50 AM,218.8,525,114870.0,135469248.75
2025-08-01 09:18:50 AM,220.3,0,0.0,135469248.75
2025-08-01 09:18:50 AM,220.2,0,0.0,135469248.75
2025-08-01 09:18:51 AM,220.1,2175,478717.5,135947966.25
2025-08-01 09:18:51 AM,220.35,0,0.0,135947966.25
2025-08-01 09:18:52 AM,220.2,1050,231210.0,136179176.25
2025-08-01 09:18:52 AM,219.15,0,0.0,136179176.25
2025-08-01 09:18:52 AM,220.2,1125,247725.0,136426901.25
2025-08-01 09:18:53 AM,219.9,0,0.0,136426901.25
2025-08-01 09:18:53 AM,219.9,600,131940.0,136558841.25
2025-08-01 09:18:54 AM,219.75,0,0.0,136558841.25
2025-08-01 09:18:54 AM,219.75,2475,543881.25,137102722.5
2025-08-01 09:18:55 AM,218.3,825,180097.5,137282820.0
2025-08-01 09:18:55 AM,217.65,0,0.0,137282820.0
2025-08-01 09:18:56 AM,219.05,1275,279288.75,137562108.75
2025-08-01 09:18:56 AM,219.4,0,0.0,137562108.75
2025-08-01 09:18:57 AM,219.35,2700,592245.0,138154353.75
2025-08-01 09:18:57 AM,219.5,0,0.0,138154353.75
2025-08-01 09:18:57 AM,219.35,750,164512.5,138318866.25
2025-08-01 09:18:58 AM,220.75,0,0.0,138318866.25
2025-08-01 09:18:58 AM,220.6,4650,1025790.0,139344656.25
2025-08-01 09:18:59 AM,220.05,0,0.0,139344656.25
2025-08-01 09:18:59 AM,220.05,2100,462105.0,139806761.25
2025-08-01 09:19:00 AM,220.25,1875,412968.75,140219730.0
2025-08-01 09:19:00 AM,219.0,0,0.0,140219730.0
2025-08-01 09:19:01 AM,218.95,2250,492637.5,140712367.5
2025-08-01 09:19:01 AM,219.2,0,0.0,140712367.5
2025-08-01 09:19:01 AM,218.8,0,0.0,140712367.5
2025-08-01 09:19:02 AM,218.15,900,196335.0,140908702.5
2025-08-01 09:19:02 AM,218.7,0,0.0,140908702.5
2025-08-01 09:19:02 AM,218.2,0,0.0,140908702.5
2025-08-01 09:19:02 AM,218.0,2175,474150.0,141382852.5
2025-08-01 09:19:03 AM,217.95,0,0.0,141382852.5
2025-08-01 09:19:03 AM,217.95,450,98077.5,141480930.0
2025-08-01 09:19:04 AM,217.2,0,0.0,141480930.0
2025-08-01 09:19:04 AM,216.75,1875,406406.25,141887336.25
2025-08-01 09:19:05 AM,217.4,450,97830.0,141985166.25
2025-08-01 09:19:05 AM,217.45,0,0.0,141985166.25
2025-08-01 09:19:05 AM,217.05,0,0.0,141985166.25
2025-08-01 09:19:06 AM,217.35,900,195615.0,142180781.25
2025-08-01 09:19:06 AM,217.7,0,0.0,142180781.25
2025-08-01 09:19:07 AM,218.05,3525,768626.25,142949407.5
2025-08-01 09:19:08 AM,218.1,0,0.0,142949407.5
2025-08-01 09:19:08 AM,218.1,5025,1095952.5,144045360.0
2025-08-01 09:19:09 AM,218.5,0,0.0,144045360.0
2025-08-01 09:19:09 AM,218.5,1800,393300.0,144438660.0
2025-08-01 09:19:10 AM,218.7,27300,5970510.0,150409170.0
2025-08-01 09:19:10 AM,220.25,0,0.0,150409170.0
2025-08-01 09:19:10 AM,220.7,0,0.0,150409170.0
2025-08-01 09:19:11 AM,220.5,13725,3026362.5,153435532.5
2025-08-01 09:19:11 AM,218.5,150,32775.0,153468307.5
2025-08-01 09:19:12 AM,217.85,0,0.0,153468307.5
2025-08-01 09:19:12 AM,217.85,2550,555517.5,154023825.0
2025-08-01 09:19:13 AM,217.6,0,0.0,154023825.0
2025-08-01 09:19:13 AM,217.6,2475,538560.0,154562385.0
2025-08-01 09:19:14 AM,217.85,2325,506501.25,155068886.25
2025-08-01 09:19:14 AM,217.7,0,0.0,155068886.25
2025-08-01 09:19:15 AM,218.15,2250,490837.5,155559723.75
2025-08-01 09:19:15 AM,217.9,0,0.0,155559723.75
2025-08-01 09:19:16 AM,218.45,1125,245756.25,155805480.0
2025-08-01 09:19:16 AM,217.65,0,0.0,155805480.0
2025-08-01 09:19:16 AM,217.65,2475,538683.75,156344163.75
2025-08-01 09:19:17 AM,217.75,0,0.0,156344163.75
2025-08-01 09:19:17 AM,217.8,3075,669735.0,157013898.75
2025-08-01 09:19:18 AM,217.7,0,0.0,157013898.75
2025-08-01 09:19:18 AM,217.7,675,146947.5,157160846.25
2025-08-01 09:19:19 AM,219.65,4425,971951.25,158132797.5
2025-08-01 09:19:20 AM,219.9,2175,478282.5,158611080.0
2025-08-01 09:19:20 AM,219.95,0,0.0,158611080.0
2025-08-01 09:19:21 AM,221.0,8250,1823250.0,160434330.0
2025-08-01 09:19:21 AM,220.4,0,0.0,160434330.0
2025-08-01 09:19:21 AM,220.4,3000,661200.0,161095530.0
2025-08-01 09:19:22 AM,222.3,0,0.0,161095530.0
2025-08-01 09:19:22 AM,222.45,5775,1284648.75,162380178.75
2025-08-01 09:19:23 AM,222.55,0,0.0,162380178.75
2025-08-01 09:19:23 AM,222.4,0,0.0,162380178.75
2025-08-01 09:19:23 AM,222.6,6750,1502550.0,163882728.75
2025-08-01 09:19:24 AM,223.6,5850,1308060.0,165190788.75
2025-08-01 09:19:24 AM,224.0,0,0.0,165190788.75
2025-08-01 09:19:24 AM,224.4,0,0.0,165190788.75
2025-08-01 09:19:25 AM,226.15,12750,2883412.5,168074201.25
2025-08-01 09:19:25 AM,225.55,0,0.0,168074201.25
2025-08-01 09:19:25 AM,225.25,0,0.0,168074201.25
2025-08-01 09:19:26 AM,225.55,3525,795063.75,168869265.0
2025-08-01 09:19:26 AM,225.0,0,0.0,168869265.0
2025-08-01 09:19:26 AM,225.25,0,0.0,168869265.0
2025-08-01 09:19:26 AM,226.25,7500,1696875.0,170566140.0
2025-08-01 09:19:27 AM,226.35,0,0.0,170566140.0
2025-08-01 09:19:27 AM,226.25,3825,865406.25,171431546.25
2025-08-01 09:19:28 AM,224.35,0,0.0,171431546.25
2025-08-01 09:19:28 AM,224.25,0,0.0,171431546.25
2025-08-01 09:19:28 AM,223.55,3600,804780.0,172236326.25
2025-08-01 09:19:29 AM,225.15,3525,793653.75,173029980.0
2025-08-01 09:19:29 AM,225.2,0,0.0,173029980.0
2025-08-01 09:19:29 AM,225.15,0,0.0,173029980.0
2025-08-01 09:19:30 AM,225.3,5850,1318005.0,174347985.0
2025-08-01 09:19:30 AM,224.5,0,0.0,174347985.0
2025-08-01 09:19:31 AM,223.15,975,217571.25,174565556.25
2025-08-01 09:19:31 AM,223.2,0,0.0,174565556.25
2025-08-01 09:19:31 AM,223.4,5925,1323645.0,175889201.25
2025-08-01 09:19:32 AM,222.8,0,0.0,175889201.25
2025-08-01 09:19:32 AM,223.65,6675,1492863.75,177382065.0
2025-08-01 09:19:33 AM,225.05,0,0.0,177382065.0
2025-08-01 09:19:33 AM,224.35,0,0.0,177382065.0
2025-08-01 09:19:33 AM,224.8,3375,758700.0,178140765.0
2025-08-01 09:19:34 AM,224.85,2400,539640.0,178680405.0
2025-08-01 09:19:34 AM,224.5,0,0.0,178680405.0
2025-08-01 09:19:35 AM,224.9,300,67470.0,178747875.0
2025-08-01 09:19:35 AM,224.5,0,0.0,178747875.0
2025-08-01 09:19:36 AM,225.0,1350,303750.0,179051625.0
2025-08-01 09:19:36 AM,225.05,0,0.0,179051625.0
2025-08-01 09:19:36 AM,225.1,4050,911655.0,179963280.0
2025-08-01 09:19:37 AM,224.25,0,0.0,179963280.0
2025-08-01 09:19:37 AM,224.65,0,0.0,179963280.0
2025-08-01 09:19:37 AM,224.65,1125,252731.25,180216011.25
2025-08-01 09:19:38 AM,225.3,0,0.0,180216011.25
2025-08-01 09:19:38 AM,225.55,450,101497.5,180317508.75
2025-08-01 09:19:39 AM,226.6,1500,339900.0,180657408.75
2025-08-01 09:19:39 AM,226.55,0,0.0,180657408.75
2025-08-01 09:19:40 AM,224.95,2625,590493.75,181247902.5
2025-08-01 09:19:40 AM,224.55,0,0.0,181247902.5
2025-08-01 09:19:40 AM,224.6,0,0.0,181247902.5
2025-08-01 09:19:41 AM,223.85,1425,318986.25,181566888.75
2025-08-01 09:19:41 AM,223.35,0,0.0,181566888.75
2025-08-01 09:19:41 AM,223.95,0,0.0,181566888.75
2025-08-01 09:19:41 AM,224.2,1200,269040.0,181835928.75
2025-08-01 09:19:42 AM,223.45,0,0.0,181835928.75
2025-08-01 09:19:42 AM,222.6,0,0.0,181835928.75
2025-08-01 09:19:42 AM,222.8,1125,250650.0,182086578.75
2025-08-01 09:19:43 AM,223.2,0,0.0,182086578.75
2025-08-01 09:19:43 AM,223.55,0,0.0,182086578.75
2025-08-01 09:19:43 AM,223.75,2850,637687.5,182724266.25
2025-08-01 09:19:44 AM,223.15,375,83681.25,182807947.5
2025-08-01 09:19:44 AM,222.45,0,0.0,182807947.5
2025-08-01 09:19:45 AM,225.4,4425,997395.0,183805342.5
2025-08-01 09:19:45 AM,225.8,0,0.0,183805342.5
2025-08-01 09:19:46 AM,226.0,675,152550.0,183957892.5
2025-08-01 09:19:46 AM,225.9,0,0.0,183957892.5
2025-08-01 09:19:46 AM,226.0,675,152550.0,184110442.5
2025-08-01 09:19:47 AM,224.5,0,0.0,184110442.5
2025-08-01 09:19:47 AM,223.5,0,0.0,184110442.5
2025-08-01 09:19:47 AM,223.9,750,167925.0,184278367.5
2025-08-01 09:19:48 AM,223.85,0,0.0,184278367.5
2025-08-01 09:19:48 AM,224.2,0,0.0,184278367.5
2025-08-01 09:19:48 AM,224.3,2700,605610.0,184883977.5
2025-08-01 09:19:49 AM,224.8,450,101160.0,184985137.5
2025-08-01 09:19:50 AM,224.2,1650,369930.0,185355067.5
2025-08-01 09:19:50 AM,225.2,0,0.0,185355067.5
2025-08-01 09:19:51 AM,224.5,675,151537.5,185506605.0
2025-08-01 09:19:51 AM,224.4,0,0.0,185506605.0
2025-08-01 09:19:51 AM,224.4,1350,302940.0,185809545.0
2025-08-01 09:19:52 AM,225.35,0,0.0,185809545.0
2025-08-01 09:19:52 AM,225.0,1500,337500.0,186147045.0
2025-08-01 09:19:53 AM,224.9,1350,303615.0,186450660.0
2025-08-01 09:19:54 AM,224.75,450,101137.5,186551797.5
2025-08-01 09:19:55 AM,223.0,1125,250875.0,186802672.5
2025-08-01 09:19:56 AM,223.15,1050,234307.5,187036980.0
2025-08-01 09:19:56 AM,223.7,0,0.0,187036980.0
2025-08-01 09:19:56 AM,224.7,1200,269640.0,187306620.0
2025-08-01 09:19:57 AM,225.2,0,0.0,187306620.0
2025-08-01 09:19:57 AM,225.2,1125,253350.0,187559970.0
2025-08-01 09:19:58 AM,225.35,0,0.0,187559970.0
2025-08-01 09:19:58 AM,225.95,525,118623.75,187678593.75
2025-08-01 09:19:59 AM,225.85,1350,304897.5,187983491.25
2025-08-01 09:19:59 AM,225.75,0,0.0,187983491.25
2025-08-01 09:20:00 AM,224.7,3900,876330.0,188859821.25
2025-08-01 09:20:00 AM,224.55,0,0.0,188859821.25
2025-08-01 09:20:01 AM,222.8,2700,601560.0,189461381.25
2025-08-01 09:20:01 AM,221.55,0,0.0,189461381.25
2025-08-01 09:20:01 AM,222.2,0,0.0,189461381.25
2025-08-01 09:20:01 AM,222.1,4650,1032765.0,190494146.25
2025-08-01 09:20:02 AM,223.8,0,0.0,190494146.25
2025-08-01 09:20:02 AM,222.6,1725,383985.0,190878131.25
2025-08-01 09:20:03 AM,221.6,0,0.0,190878131.25
2025-08-01 09:20:03 AM,221.2,525,116130.0,190994261.25
2025-08-01 09:20:04 AM,221.2,225,49770.0,191044031.25
2025-08-01 09:20:05 AM,220.35,600,132210.0,191176241.25
2025-08-01 09:20:05 AM,219.5,0,0.0,191176241.25
2025-08-01 09:20:06 AM,219.85,4800,1055280.0,192231521.25
2025-08-01 09:20:06 AM,218.55,0,0.0,192231521.25
2025-08-01 09:20:06 AM,218.65,3750,819937.5,193051458.75
2025-08-01 09:20:07 AM,219.7,0,0.0,193051458.75
2025-08-01 09:20:07 AM,219.7,750,164775.0,193216233.75
2025-08-01 09:20:08 AM,221.0,0,0.0,193216233.75
2025-08-01 09:20:08 AM,220.95,0,0.0,193216233.75
2025-08-01 09:20:08 AM,220.9,1650,364485.0,193580718.75
2025-08-01 09:20:09 AM,222.25,825,183356.25,193764075.0
2025-08-01 09:20:10 AM,220.85,1050,231892.5,193995967.5
2025-08-01 09:20:10 AM,221.05,0,0.0,193995967.5
2025-08-01 09:20:11 AM,220.3,750,165225.0,194161192.5
2025-08-01 09:20:11 AM,220.85,0,0.0,194161192.5
2025-08-01 09:20:11 AM,220.85,150,33127.5,194194320.0
2025-08-01 09:20:12 AM,220.9,0,0.0,194194320.0
2025-08-01 09:20:12 AM,220.4,0,0.0,194194320.0
2025-08-01 09:20:12 AM,220.4,1350,297540.0,194491860.0
2025-08-01 09:20:13 AM,221.85,1200,266220.0,194758080.0
2025-08-01 09:20:13 AM,222.4,0,0.0,194758080.0
2025-08-01 09:20:14 AM,219.95,3000,659850.0,195417930.0
2025-08-01 09:20:14 AM,220.5,0,0.0,195417930.0
2025-08-01 09:20:15 AM,219.9,825,181417.5,195599347.5
2025-08-01 09:20:15 AM,220.2,0,0.0,195599347.5
2025-08-01 09:20:16 AM,219.8,750,164850.0,195764197.5
2025-08-01 09:20:16 AM,219.25,0,0.0,195764197.5
2025-08-01 09:20:16 AM,220.2,300,66060.0,195830257.5
2025-08-01 09:20:17 AM,220.0,0,0.0,195830257.5
2025-08-01 09:20:17 AM,220.05,0,0.0,195830257.5
2025-08-01 09:20:17 AM,220.05,450,99022.5,195929280.0
2025-08-01 09:20:18 AM,220.4,225,49590.0,195978870.0
2025-08-01 09:20:19 AM,222.0,675,149850.0,196128720.0
2025-08-01 09:20:20 AM,219.5,3300,724350.0,196853070.0
2025-08-01 09:20:20 AM,220.15,0,0.0,196853070.0
2025-08-01 09:20:21 AM,220.95,450,99427.5,196952497.5
2025-08-01 09:20:21 AM,220.9,0,0.0,196952497.5
2025-08-01 09:20:21 AM,220.6,375,82725.0,197035222.5
2025-08-01 09:20:22 AM,221.5,0,0.0,197035222.5
2025-08-01 09:20:22 AM,221.5,375,83062.5,197118285.0
2025-08-01 09:20:23 AM,223.35,1500,335025.0,197453310.0
2025-08-01 09:20:24 AM,222.2,825,183315.0,197636625.0
2025-08-01 09:20:24 AM,222.25,0,0.0,197636625.0
2025-08-01 09:20:25 AM,223.25,675,150693.75,197787318.75
2025-08-01 09:20:26 AM,223.0,300,66900.0,197854218.75
2025-08-01 09:20:26 AM,223.7,0,0.0,197854218.75
2025-08-01 09:20:27 AM,224.55,2175,488396.25,198342615.0
2025-08-01 09:20:27 AM,224.85,0,0.0,198342615.0
2025-08-01 09:20:27 AM,224.4,225,50490.0,198393105.0
2025-08-01 09:20:28 AM,224.25,2475,555018.75,198948123.75
2025-08-01 09:20:29 AM,225.75,2850,643387.5,199591511.25
2025-08-01 09:20:30 AM,225.35,600,135210.0,199726721.25
2025-08-01 09:20:30 AM,225.0,0,0.0,199726721.25
2025-08-01 09:20:30 AM,224.95,0,0.0,199726721.25
2025-08-01 09:20:31 AM,224.15,3450,773317.5,200500038.75
2025-08-01 09:20:31 AM,225.5,0,0.0,200500038.75
2025-08-01 09:20:32 AM,225.4,975,219765.0,200719803.75
2025-08-01 09:20:32 AM,226.0,0,0.0,200719803.75
2025-08-01 09:20:32 AM,226.4,0,0.0,200719803.75
2025-08-01 09:20:32 AM,227.05,7650,1736932.5,202456736.25
2025-08-01 09:20:33 AM,228.0,0,0.0,202456736.25
2025-08-01 09:20:33 AM,228.0,2925,666900.0,203123636.25
2025-08-01 09:20:34 AM,227.4,2325,528705.0,203652341.25
2025-08-01 09:20:34 AM,227.6,0,0.0,203652341.25
2025-08-01 09:20:35 AM,226.9,1875,425437.5,204077778.75
2025-08-01 09:20:35 AM,226.55,0,0.0,204077778.75
2025-08-01 09:20:36 AM,225.3,2325,523822.5,204601601.25
2025-08-01 09:20:36 AM,226.95,0,0.0,204601601.25
2025-08-01 09:20:37 AM,226.35,1800,407430.0,205009031.25
2025-08-01 09:20:37 AM,225.75,0,0.0,205009031.25
2025-08-01 09:20:37 AM,226.4,1200,271680.0,205280711.25
2025-08-01 09:20:38 AM,226.95,0,0.0,205280711.25
2025-08-01 09:20:38 AM,226.95,2025,459573.75,205740285.0
2025-08-01 09:20:39 AM,227.25,375,85218.75,205825503.75
2025-08-01 09:20:40 AM,226.9,375,85087.5,205910591.25
2025-08-01 09:20:40 AM,227.55,0,0.0,205910591.25
2025-08-01 09:20:41 AM,227.8,1350,307530.0,206218121.25
2025-08-01 09:20:41 AM,227.25,0,0.0,206218121.25
2025-08-01 09:20:42 AM,226.7,3150,714105.0,206932226.25
2025-08-01 09:20:42 AM,226.9,0,0.0,206932226.25
2025-08-01 09:20:42 AM,226.9,150,34035.0,206966261.25
2025-08-01 09:20:43 AM,229.95,0,0.0,206966261.25
2025-08-01 09:20:43 AM,229.95,7200,1655640.0,208621901.25
2025-08-01 09:20:44 AM,230.75,2775,640331.25,209262232.5
2025-08-01 09:20:44 AM,231.25,0,0.0,209262232.5
2025-08-01 09:20:45 AM,232.7,8250,1919775.0,211182007.5
2025-08-01 09:20:45 AM,231.3,0,0.0,211182007.5
2025-08-01 09:20:45 AM,231.15,0,0.0,211182007.5
2025-08-01 09:20:46 AM,231.95,4125,956793.75,212138801.25
2025-08-01 09:20:46 AM,231.45,0,0.0,212138801.25
2025-08-01 09:20:47 AM,230.45,4200,967890.0,213106691.25
2025-08-01 09:20:47 AM,229.75,0,0.0,213106691.25
2025-08-01 09:20:47 AM,230.6,3600,830160.0,213936851.25
2025-08-01 09:20:48 AM,231.15,0,0.0,213936851.25
2025-08-01 09:20:48 AM,231.15,1575,364061.25,214300912.5
2025-08-01 09:20:49 AM,232.4,1950,453180.0,214754092.5
2025-08-01 09:20:49 AM,232.1,0,0.0,214754092.5
2025-08-01 09:20:50 AM,232.5,2100,488250.0,215242342.5
2025-08-01 09:20:50 AM,232.05,0,0.0,215242342.5
2025-08-01 09:20:51 AM,233.15,5625,1311468.75,216553811.25
2025-08-01 09:20:51 AM,232.05,0,0.0,216553811.25
2025-08-01 09:20:52 AM,231.6,3975,920610.0,217474421.25
2025-08-01 09:20:52 AM,232.2,0,0.0,217474421.25
2025-08-01 09:20:52 AM,232.5,1575,366187.5,217840608.75
2025-08-01 09:20:53 AM,232.0,0,0.0,217840608.75
2025-08-01 09:20:53 AM,232.25,1200,278700.0,218119308.75
2025-08-01 09:20:53 AM,231.6,0,0.0,218119308.75
2025-08-01 09:20:54 AM,232.85,2625,611231.25,218730540.0
2025-08-01 09:20:55 AM,233.1,2025,472027.5,219202567.5
2025-08-01 09:20:55 AM,233.05,0,0.0,219202567.5
2025-08-01 09:20:55 AM,232.8,0,0.0,219202567.5
2025-08-01 09:20:56 AM,231.35,900,208215.0,219410782.5
2025-08-01 09:20:56 AM,231.85,0,0.0,219410782.5
2025-08-01 09:20:57 AM,233.5,2250,525375.0,219936157.5
2025-08-01 09:20:57 AM,235.5,0,0.0,219936157.5
2025-08-01 09:20:57 AM,235.5,5175,1218712.5,221154870.0
2025-08-01 09:20:58 AM,234.75,0,0.0,221154870.0
2025-08-01 09:20:58 AM,234.25,2400,562200.0,221717070.0
2025-08-01 09:20:59 AM,234.9,2775,651847.5,222368917.5
2025-08-01 09:20:59 AM,235.0,0,0.0,222368917.5
2025-08-01 09:21:00 AM,231.85,5325,1234601.25,223603518.75
2025-08-01 09:21:00 AM,230.8,0,0.0,223603518.75
2025-08-01 09:21:00 AM,231.0,0,0.0,223603518.75
2025-08-01 09:21:01 AM,232.75,3150,733162.5,224336681.25
2025-08-01 09:21:01 AM,232.15,0,0.0,224336681.25
2025-08-01 09:21:02 AM,231.5,2775,642412.5,224979093.75
2025-08-01 09:21:02 AM,230.6,0,0.0,224979093.75
2025-08-01 09:21:02 AM,230.75,4125,951843.75,225930937.5
2025-08-01 09:21:03 AM,231.95,0,0.0,225930937.5
2025-08-01 09:21:03 AM,231.95,2400,556680.0,226487617.5
2025-08-01 09:21:03 AM,232.35,0,0.0,226487617.5
2025-08-01 09:21:04 AM,230.75,2100,484575.0,226972192.5
2025-08-01 09:21:05 AM,230.0,1725,396750.0,227368942.5
2025-08-01 09:21:05 AM,230.1,0,0.0,227368942.5
2025-08-01 09:21:06 AM,231.0,2250,519750.0,227888692.5
2025-08-01 09:21:06 AM,230.6,0,0.0,227888692.5
2025-08-01 09:21:07 AM,229.95,2550,586372.5,228475065.0
2025-08-01 09:21:07 AM,230.2,0,0.0,228475065.0
2025-08-01 09:21:07 AM,230.2,150,34530.0,228509595.0
2025-08-01 09:21:08 AM,230.9,0,0.0,228509595.0
2025-08-01 09:21:08 AM,230.9,10350,2389815.0,230899410.0
2025-08-01 09:21:09 AM,230.25,2625,604406.25,231503816.25
2025-08-01 09:21:09 AM,230.3,0,0.0,231503816.25
2025-08-01 09:21:10 AM,231.85,1575,365163.75,231868980.0
2025-08-01 09:21:10 AM,231.7,0,0.0,231868980.0
2025-08-01 09:21:11 AM,233.25,675,157443.75,232026423.75
2025-08-01 09:21:11 AM,233.0,0,0.0,232026423.75
2025-08-01 09:21:12 AM,231.65,1050,243232.5,232269656.25
2025-08-01 09:21:12 AM,232.25,0,0.0,232269656.25
2025-08-01 09:21:12 AM,232.25,750,174187.5,232443843.75
2025-08-01 09:21:13 AM,232.85,0,0.0,232443843.75
2025-08-01 09:21:13 AM,232.3,0,0.0,232443843.75
2025-08-01 09:21:13 AM,232.3,1725,400717.5,232844561.25
2025-08-01 09:21:14 AM,232.5,300,69750.0,232914311.25
2025-08-01 09:21:14 AM,233.0,0,0.0,232914311.25
2025-08-01 09:21:14 AM,233.45,0,0.0,232914311.25
2025-08-01 09:21:15 AM,234.45,4350,1019857.5,233934168.75
2025-08-01 09:21:15 AM,234.25,0,0.0,233934168.75
2025-08-01 09:21:16 AM,233.5,1200,280200.0,234214368.75
2025-08-01 09:21:16 AM,233.15,0,0.0,234214368.75
2025-08-01 09:21:16 AM,233.7,0,0.0,234214368.75
2025-08-01 09:21:17 AM,233.4,3525,822735.0,235037103.75
2025-08-01 09:21:17 AM,233.0,0,0.0,235037103.75
2025-08-01 09:21:17 AM,232.7,0,0.0,235037103.75
2025-08-01 09:21:17 AM,232.7,1800,418860.0,235455963.75
2025-08-01 09:21:18 AM,231.15,0,0.0,235455963.75
2025-08-01 09:21:18 AM,231.25,0,0.0,235455963.75
2025-08-01 09:21:18 AM,231.25,1425,329531.25,235785495.0
2025-08-01 09:21:19 AM,231.7,1350,312795.0,236098290.0
2025-08-01 09:21:20 AM,231.8,675,156465.0,236254755.0
2025-08-01 09:21:20 AM,231.0,0,0.0,236254755.0
2025-08-01 09:21:21 AM,233.15,750,174862.5,236429617.5
2025-08-01 09:21:21 AM,234.1,0,0.0,236429617.5
2025-08-01 09:21:22 AM,233.5,1950,455325.0,236884942.5
2025-08-01 09:21:22 AM,234.0,0,0.0,236884942.5
2025-08-01 09:21:22 AM,233.05,1425,332096.25,237217038.75
2025-08-01 09:21:23 AM,231.65,0,0.0,237217038.75
2025-08-01 09:21:23 AM,231.65,375,86868.75,237303907.5
2025-08-01 09:21:24 AM,232.3,1125,261337.5,237565245.0
2025-08-01 09:21:25 AM,231.7,225,52132.5,237617377.5
2025-08-01 09:21:25 AM,231.45,0,0.0,237617377.5
2025-08-01 09:21:26 AM,232.5,1950,453375.0,238070752.5
2025-08-01 09:21:26 AM,233.0,0,0.0,238070752.5
2025-08-01 09:21:27 AM,234.25,3600,843300.0,238914052.5
2025-08-01 09:21:27 AM,236.55,0,0.0,238914052.5
2025-08-01 09:21:27 AM,236.15,0,0.0,238914052.5
2025-08-01 09:21:27 AM,235.9,5775,1362322.5,240276375.0
2025-08-01 09:21:28 AM,235.15,0,0.0,240276375.0
2025-08-01 09:21:28 AM,235.15,1725,405633.75,240682008.75
2025-08-01 09:21:29 AM,233.75,3600,841500.0,241523508.75
2025-08-01 09:21:29 AM,233.95,0,0.0,241523508.75
2025-08-01 09:21:29 AM,232.75,0,0.0,241523508.75
2025-08-01 09:21:30 AM,231.75,1125,260718.75,241784227.5
2025-08-01 09:21:31 AM,232.15,300,69645.0,241853872.5
2025-08-01 09:21:31 AM,232.6,0,0.0,241853872.5
2025-08-01 09:21:32 AM,232.55,2325,540678.75,242394551.25
2025-08-01 09:21:32 AM,233.2,0,0.0,242394551.25
2025-08-01 09:21:32 AM,233.2,75,17490.0,242412041.25
2025-08-01 09:21:33 AM,231.0,0,0.0,242412041.25
2025-08-01 09:21:33 AM,230.95,0,0.0,242412041.25
2025-08-01 09:21:33 AM,230.95,7875,1818731.25,244230772.5
2025-08-01 09:21:34 AM,232.55,750,174412.5,244405185.0
2025-08-01 09:21:34 AM,232.45,0,0.0,244405185.0
2025-08-01 09:21:35 AM,231.6,1575,364770.0,244769955.0
2025-08-01 09:21:35 AM,232.35,0,0.0,244769955.0
2025-08-01 09:21:35 AM,232.5,0,0.0,244769955.0
2025-08-01 09:21:36 AM,231.55,600,138930.0,244908885.0
2025-08-01 09:21:36 AM,232.05,0,0.0,244908885.0
2025-08-01 09:21:37 AM,232.8,1050,244440.0,245153325.0
2025-08-01 09:21:37 AM,234.0,0,0.0,245153325.0
2025-08-01 09:21:37 AM,232.95,5475,1275401.25,246428726.25
2025-08-01 09:21:38 AM,232.35,0,0.0,246428726.25
2025-08-01 09:21:38 AM,232.35,225,52278.75,246481005.0
2025-08-01 09:21:39 AM,234.25,2100,491925.0,246972930.0
2025-08-01 09:21:40 AM,233.0,1575,366975.0,247339905.0
2025-08-01 09:21:41 AM,233.15,600,139890.0,247479795.0
2025-08-01 09:21:42 AM,234.75,975,228881.25,247708676.25
2025-08-01 09:21:42 AM,234.55,0,0.0,247708676.25
2025-08-01 09:21:42 AM,234.55,825,193503.75,247902180.0
2025-08-01 09:21:43 AM,233.15,0,0.0,247902180.0
2025-08-01 09:21:43 AM,233.55,0,0.0,247902180.0
2025-08-01 09:21:43 AM,233.55,900,210195.0,248112375.0
2025-08-01 09:21:44 AM,235.0,1050,246750.0,248359125.0
2025-08-01 09:21:44 AM,235.25,0,0.0,248359125.0
2025-08-01 09:21:44 AM,235.9,0,0.0,248359125.0
2025-08-01 09:21:45 AM,235.55,2175,512321.25,248871446.25
2025-08-01 09:21:45 AM,235.2,0,0.0,248871446.25
2025-08-01 09:21:46 AM,235.6,4650,1095540.0,249966986.25
2025-08-01 09:21:47 AM,235.65,3375,795318.75,250762305.0
2025-08-01 09:21:47 AM,233.0,0,0.0,250762305.0
2025-08-01 09:21:47 AM,232.65,2475,575808.75,251338113.75
2025-08-01 09:21:48 AM,231.55,0,0.0,251338113.75
2025-08-01 09:21:48 AM,231.85,0,0.0,251338113.75
2025-08-01 09:21:48 AM,231.85,3150,730327.5,252068441.25
2025-08-01 09:21:49 AM,232.0,2925,678600.0,252747041.25
2025-08-01 09:21:49 AM,232.15,0,0.0,252747041.25
2025-08-01 09:21:50 AM,230.9,975,225127.5,252972168.75
2025-08-01 09:21:50 AM,230.0,0,0.0,252972168.75
2025-08-01 09:21:50 AM,230.2,0,0.0,252972168.75
2025-08-01 09:21:51 AM,230.6,7800,1798680.0,254770848.75
2025-08-01 09:21:51 AM,230.35,0,0.0,254770848.75
2025-08-01 09:21:52 AM,229.65,4050,930082.5,255700931.25
2025-08-01 09:21:52 AM,229.55,0,0.0,255700931.25
2025-08-01 09:21:52 AM,229.55,750,172162.5,255873093.75
2025-08-01 09:21:53 AM,230.4,0,0.0,255873093.75
2025-08-01 09:21:53 AM,230.4,2325,535680.0,256408773.75
2025-08-01 09:21:54 AM,229.95,1050,241447.5,256650221.25
2025-08-01 09:21:54 AM,230.25,0,0.0,256650221.25
2025-08-01 09:21:54 AM,230.2,0,0.0,256650221.25
2025-08-01 09:21:55 AM,230.25,1125,259031.25,256909252.5
2025-08-01 09:21:55 AM,230.05,0,0.0,256909252.5
2025-08-01 09:21:55 AM,229.35,0,0.0,256909252.5
2025-08-01 09:21:56 AM,231.05,2550,589177.5,257498430.0
2025-08-01 09:21:56 AM,230.55,0,0.0,257498430.0
2025-08-01 09:21:57 AM,230.4,1125,259200.0,257757630.0
2025-08-01 09:21:57 AM,231.45,0,0.0,257757630.0
2025-08-01 09:21:57 AM,231.45,225,52076.25,257809706.25
2025-08-01 09:21:58 AM,231.4,0,0.0,257809706.25
2025-08-01 09:21:58 AM,231.7,525,121642.5,257931348.75
2025-08-01 09:21:59 AM,230.45,4575,1054308.75,258985657.5
2025-08-01 09:21:59 AM,230.8,0,0.0,258985657.5
2025-08-01 09:22:00 AM,229.0,2925,669825.0,259655482.5
2025-08-01 09:22:00 AM,228.2,0,0.0,259655482.5
2025-08-01 09:22:01 AM,228.15,3450,787117.5,260442600.0
2025-08-01 09:22:01 AM,226.0,0,0.0,260442600.0
2025-08-01 09:22:01 AM,226.5,0,0.0,260442600.0
2025-08-01 09:22:02 AM,225.8,8700,1964460.0,262407060.0
2025-08-01 09:22:02 AM,226.0,0,0.0,262407060.0
2025-08-01 09:22:02 AM,225.55,0,0.0,262407060.0
2025-08-01 09:22:02 AM,225.2,1350,304020.0,262711080.0
2025-08-01 09:22:03 AM,224.35,0,0.0,262711080.0
2025-08-01 09:22:03 AM,224.6,0,0.0,262711080.0
2025-08-01 09:22:03 AM,224.5,2775,622987.5,263334067.5
2025-08-01 09:22:04 AM,225.6,2700,609120.0,263943187.5
2025-08-01 09:22:04 AM,225.35,0,0.0,263943187.5
2025-08-01 09:22:04 AM,225.3,0,0.0,263943187.5
2025-08-01 09:22:05 AM,226.1,2625,593512.5,264536700.0
2025-08-01 09:22:05 AM,226.95,0,0.0,264536700.0
2025-08-01 09:22:06 AM,227.05,675,153258.75,264689958.75
2025-08-01 09:22:06 AM,227.25,0,0.0,264689958.75
2025-08-01 09:22:06 AM,226.75,0,0.0,264689958.75
2025-08-01 09:22:07 AM,226.8,975,221130.0,264911088.75
2025-08-01 09:22:07 AM,227.3,0,0.0,264911088.75
2025-08-01 09:22:07 AM,227.3,150,34095.0,264945183.75
2025-08-01 09:22:08 AM,226.1,0,0.0,264945183.75
2025-08-01 09:22:08 AM,226.1,375,84787.5,265029971.25
2025-08-01 09:22:09 AM,226.5,1050,237825.0,265267796.25
2025-08-01 09:22:09 AM,226.65,0,0.0,265267796.25
2025-08-01 09:22:10 AM,227.0,2400,544800.0,265812596.25
2025-08-01 09:22:11 AM,226.4,375,84900.0,265897496.25
2025-08-01 09:22:11 AM,226.8,0,0.0,265897496.25
2025-08-01 09:22:11 AM,226.25,0,0.0,265897496.25
2025-08-01 09:22:11 AM,226.3,675,152752.5,266050248.75
2025-08-01 09:22:12 AM,227.65,0,0.0,266050248.75
2025-08-01 09:22:12 AM,227.65,750,170737.5,266220986.25
2025-08-01 09:22:13 AM,225.0,0,0.0,266220986.25
2025-08-01 09:22:13 AM,224.45,0,0.0,266220986.25
2025-08-01 09:22:13 AM,224.45,4125,925856.25,267146842.5
2025-08-01 09:22:14 AM,224.7,225,50557.5,267197400.0
2025-08-01 09:22:14 AM,225.75,0,0.0,267197400.0
2025-08-01 09:22:15 AM,228.4,900,205560.0,267402960.0
2025-08-01 09:22:15 AM,227.7,0,0.0,267402960.0
2025-08-01 09:22:16 AM,227.55,525,119463.75,267522423.75
2025-08-01 09:22:16 AM,227.5,75,17062.5,267539486.25
2025-08-01 09:22:17 AM,228.0,0,0.0,267539486.25
2025-08-01 09:22:17 AM,227.7,0,0.0,267539486.25
2025-08-01 09:22:17 AM,227.3,525,119332.5,267658818.75
2025-08-01 09:22:18 AM,228.1,0,0.0,267658818.75
2025-08-01 09:22:18 AM,227.4,0,0.0,267658818.75
2025-08-01 09:22:18 AM,227.4,4500,1023300.0,268682118.75
2025-08-01 09:22:19 AM,228.95,7275,1665611.25,270347730.0
2025-08-01 09:22:19 AM,229.4,0,0.0,270347730.0
2025-08-01 09:22:20 AM,229.5,3075,705712.5,271053442.5
2025-08-01 09:22:20 AM,228.6,0,0.0,271053442.5
2025-08-01 09:22:21 AM,229.5,1425,327037.5,271380480.0
2025-08-01 09:22:21 AM,229.1,0,0.0,271380480.0
2025-08-01 09:22:21 AM,229.25,300,68775.0,271449255.0
2025-08-01 09:22:22 AM,228.3,0,0.0,271449255.0
2025-08-01 09:22:22 AM,228.5,900,205650.0,271654905.0
2025-08-01 09:22:23 AM,229.65,0,0.0,271654905.0
2025-08-01 09:22:23 AM,229.65,450,103342.5,271758247.5
2025-08-01 09:22:24 AM,228.4,825,188430.0,271946677.5
2025-08-01 09:22:24 AM,228.35,0,0.0,271946677.5
2025-08-01 09:22:25 AM,227.95,525,119673.75,272066351.25
2025-08-01 09:22:26 AM,228.45,3075,702483.75,272768835.0
2025-08-01 09:22:26 AM,227.15,0,0.0,272768835.0
2025-08-01 09:22:26 AM,227.1,600,136260.0,272905095.0
2025-08-01 09:22:27 AM,228.25,0,0.0,272905095.0
2025-08-01 09:22:27 AM,228.35,2925,667923.75,273573018.75
2025-08-01 09:22:28 AM,227.75,0,0.0,273573018.75
2025-08-01 09:22:28 AM,228.0,0,0.0,273573018.75
2025-08-01 09:22:28 AM,228.0,2025,461700.0,274034718.75
2025-08-01 09:22:29 AM,229.0,3675,841575.0,274876293.75
2025-08-01 09:22:29 AM,229.15,0,0.0,274876293.75
2025-08-01 09:22:30 AM,228.8,675,154440.0,275030733.75
2025-08-01 09:22:30 AM,229.2,0,0.0,275030733.75
2025-08-01 09:22:31 AM,229.2,300,68760.0,275099493.75
2025-08-01 09:22:31 AM,228.9,0,0.0,275099493.75
2025-08-01 09:22:32 AM,228.25,3375,770343.75,275869837.5
2025-08-01 09:22:32 AM,227.0,0,0.0,275869837.5
2025-08-01 09:22:32 AM,226.0,3975,898350.0,276768187.5
2025-08-01 09:22:33 AM,225.8,0,0.0,276768187.5
2025-08-01 09:22:33 AM,225.8,2250,508050.0,277276237.5
2025-08-01 09:22:34 AM,227.1,2100,476910.0,277753147.5
2025-08-01 09:22:35 AM,227.0,150,34050.0,277787197.5
2025-08-01 09:22:35 AM,228.55,0,0.0,277787197.5
2025-08-01 09:22:36 AM,228.25,1275,291018.75,278078216.25
2025-08-01 09:22:36 AM,229.45,0,0.0,278078216.25
2025-08-01 09:22:36 AM,229.9,0,0.0,278078216.25
2025-08-01 09:22:37 AM,231.25,1500,346875.0,278425091.25
2025-08-01 09:22:37 AM,231.15,0,0.0,278425091.25
2025-08-01 09:22:37 AM,231.6,225,52110.0,278477201.25
2025-08-01 09:22:38 AM,231.4,0,0.0,278477201.25
2025-08-01 09:22:38 AM,232.0,0,0.0,278477201.25
2025-08-01 09:22:38 AM,232.0,1500,348000.0,278825201.25
2025-08-01 09:22:39 AM,231.6,2100,486360.0,279311561.25
2025-08-01 09:22:39 AM,231.0,0,0.0,279311561.25
2025-08-01 09:22:40 AM,232.05,2625,609131.25,279920692.5
2025-08-01 09:22:40 AM,231.85,0,0.0,279920692.5
2025-08-01 09:22:41 AM,231.75,825,191193.75,280111886.25
2025-08-01 09:22:41 AM,231.0,0,0.0,280111886.25
2025-08-01 09:22:42 AM,230.95,1125,259818.75,280371705.0
2025-08-01 09:22:42 AM,230.75,0,0.0,280371705.0
2025-08-01 09:22:42 AM,230.9,525,121222.5,280492927.5
2025-08-01 09:22:43 AM,229.75,0,0.0,280492927.5
2025-08-01 09:22:43 AM,229.75,1200,275700.0,280768627.5
2025-08-01 09:22:44 AM,230.65,150,34597.5,280803225.0
2025-08-01 09:22:44 AM,230.85,0,0.0,280803225.0
2025-08-01 09:22:44 AM,230.5,0,0.0,280803225.0
2025-08-01 09:22:45 AM,230.25,1200,276300.0,281079525.0
2025-08-01 09:22:46 AM,230.1,150,34515.0,281114040.0
2025-08-01 09:22:46 AM,232.0,0,0.0,281114040.0
2025-08-01 09:22:47 AM,233.5,600,140100.0,281254140.0
2025-08-01 09:22:47 AM,234.1,0,0.0,281254140.0
2025-08-01 09:22:47 AM,233.45,3150,735367.5,281989507.5
2025-08-01 09:22:48 AM,232.25,0,0.0,281989507.5
2025-08-01 09:22:48 AM,232.25,975,226443.75,282215951.25
2025-08-01 09:22:49 AM,232.8,1425,331740.0,282547691.25
2025-08-01 09:22:49 AM,232.7,0,0.0,282547691.25
2025-08-01 09:22:49 AM,233.25,0,0.0,282547691.25
2025-08-01 09:22:50 AM,233.85,750,175387.5,282723078.75
2025-08-01 09:22:50 AM,233.1,0,0.0,282723078.75
2025-08-01 09:22:51 AM,232.35,375,87131.25,282810210.0
2025-08-01 09:22:51 AM,232.2,0,0.0,282810210.0
2025-08-01 09:22:52 AM,232.2,225,52245.0,282862455.0
2025-08-01 09:22:52 AM,232.3,0,0.0,282862455.0
2025-08-01 09:22:52 AM,231.75,0,0.0,282862455.0
2025-08-01 09:22:52 AM,231.25,675,156093.75,283018548.75
2025-08-01 09:22:53 AM,230.5,0,0.0,283018548.75
2025-08-01 09:22:53 AM,230.6,0,0.0,283018548.75
2025-08-01 09:22:53 AM,230.6,2850,657210.0,283675758.75
2025-08-01 09:22:54 AM,230.9,0,0.0,283675758.75
2025-08-01 09:22:55 AM,230.0,825,189750.0,283865508.75
2025-08-01 09:22:55 AM,229.5,0,0.0,283865508.75
2025-08-01 09:22:55 AM,229.65,0,0.0,283865508.75
2025-08-01 09:22:56 AM,230.2,525,120855.0,283986363.75
2025-08-01 09:22:56 AM,230.45,0,0.0,283986363.75
2025-08-01 09:22:57 AM,230.05,1125,258806.25,284245170.0
2025-08-01 09:22:57 AM,230.4,0,0.0,284245170.0
2025-08-01 09:22:57 AM,231.65,1350,312727.5,284557897.5
2025-08-01 09:22:58 AM,231.15,0,0.0,284557897.5
2025-08-01 09:22:58 AM,230.75,0,0.0,284557897.5
2025-08-01 09:22:58 AM,230.75,675,155756.25,284713653.75
2025-08-01 09:22:59 AM,230.25,300,69075.0,284782728.75
2025-08-01 09:22:59 AM,230.3,0,0.0,284782728.75
2025-08-01 09:23:00 AM,230.65,1500,345975.0,285128703.75
2025-08-01 09:23:00 AM,230.5,0,0.0,285128703.75
2025-08-01 09:23:01 AM,230.4,375,86400.0,285215103.75
2025-08-01 09:23:01 AM,229.0,0,0.0,285215103.75
2025-08-01 09:23:02 AM,229.7,2100,482370.0,285697473.75
2025-08-01 09:23:02 AM,229.3,0,0.0,285697473.75
2025-08-01 09:23:03 AM,229.3,75,17197.5,285714671.25
2025-08-01 09:23:03 AM,229.75,0,0.0,285714671.25
2025-08-01 09:23:03 AM,230.25,0,0.0,285714671.25
2025-08-01 09:23:03 AM,230.05,1200,276060.0,285990731.25
2025-08-01 09:23:04 AM,231.15,525,121353.75,286112085.0
2025-08-01 09:23:04 AM,231.85,0,0.0,286112085.0
2025-08-01 09:23:05 AM,231.6,675,156330.0,286268415.0
2025-08-01 09:23:06 AM,232.2,2175,505035.0,286773450.0
2025-08-01 09:23:06 AM,232.15,0,0.0,286773450.0
2025-08-01 09:23:06 AM,231.95,0,0.0,286773450.0
2025-08-01 09:23:07 AM,231.75,450,104287.5,286877737.5
2025-08-01 09:23:07 AM,232.1,0,0.0,286877737.5
2025-08-01 09:23:08 AM,232.1,150,34815.0,286912552.5
2025-08-01 09:23:08 AM,233.6,0,0.0,286912552.5
2025-08-01 09:23:08 AM,232.85,0,0.0,286912552.5
2025-08-01 09:23:08 AM,232.6,975,226785.0,287139337.5
2025-08-01 09:23:09 AM,232.85,150,34927.5,287174265.0
2025-08-01 09:23:09 AM,232.75,0,0.0,287174265.0
2025-08-01 09:23:10 AM,233.4,1050,245070.0,287419335.0
2025-08-01 09:23:10 AM,233.6,0,0.0,287419335.0
2025-08-01 09:23:11 AM,233.05,150,34957.5,287454292.5
2025-08-01 09:23:11 AM,232.7,0,0.0,287454292.5
2025-08-01 09:23:12 AM,232.75,900,209475.0,287663767.5
2025-08-01 09:23:12 AM,234.0,0,0.0,287663767.5
2025-08-01 09:23:13 AM,233.8,600,140280.0,287804047.5
2025-08-01 09:23:13 AM,234.0,225,52650.0,287856697.5
2025-08-01 09:23:13 AM,231.55,0,0.0,287856697.5
2025-08-01 09:23:14 AM,232.5,1500,348750.0,288205447.5
2025-08-01 09:23:14 AM,233.55,0,0.0,288205447.5
2025-08-01 09:23:14 AM,232.45,0,0.0,288205447.5
2025-08-01 09:23:15 AM,231.8,1050,243390.0,288448837.5
2025-08-01 09:23:15 AM,232.0,0,0.0,288448837.5
2025-08-01 09:23:16 AM,232.45,150,34867.5,288483705.0
2025-08-01 09:23:16 AM,232.05,0,0.0,288483705.0
2025-08-01 09:23:17 AM,232.0,1050,243600.0,288727305.0
2025-08-01 09:23:17 AM,232.55,0,0.0,288727305.0
2025-08-01 09:23:18 AM,232.55,525,122088.75,288849393.75
2025-08-01 09:23:18 AM,232.95,2400,559080.0,289408473.75
2025-08-01 09:23:19 AM,231.8,1500,347700.0,289756173.75
2025-08-01 09:23:20 AM,230.0,1050,241500.0,289997673.75
2025-08-01 09:23:20 AM,229.55,0,0.0,289997673.75
2025-08-01 09:23:21 AM,228.6,1875,428625.0,290426298.75
2025-08-01 09:23:21 AM,227.85,0,0.0,290426298.75
2025-08-01 09:23:22 AM,227.85,2175,495573.75,290921872.5
2025-08-01 09:23:22 AM,227.6,0,0.0,290921872.5
2025-08-01 09:23:22 AM,227.95,0,0.0,290921872.5
2025-08-01 09:23:23 AM,227.5,1050,238875.0,291160747.5
2025-08-01 09:23:23 AM,227.2,825,187440.0,291348187.5
2025-08-01 09:23:23 AM,226.7,0,0.0,291348187.5
2025-08-01 09:23:24 AM,226.45,3150,713317.5,292061505.0
2025-08-01 09:23:24 AM,226.5,0,0.0,292061505.0
2025-08-01 09:23:24 AM,226.55,0,0.0,292061505.0
2025-08-01 09:23:25 AM,226.8,1950,442260.0,292503765.0
2025-08-01 09:23:25 AM,226.1,0,0.0,292503765.0
2025-08-01 09:23:26 AM,226.1,975,220447.5,292724212.5
2025-08-01 09:23:26 AM,225.95,0,0.0,292724212.5
2025-08-01 09:23:27 AM,225.9,7275,1643422.5,294367635.0
2025-08-01 09:23:27 AM,226.65,0,0.0,294367635.0
2025-08-01 09:23:27 AM,226.7,0,0.0,294367635.0
2025-08-01 09:23:28 AM,226.3,3075,695872.5,295063507.5
2025-08-01 09:23:28 AM,226.2,225,50895.0,295114402.5
2025-08-01 09:23:29 AM,227.15,4800,1090320.0,296204722.5
2025-08-01 09:23:30 AM,226.0,225,50850.0,296255572.5
2025-08-01 09:23:30 AM,226.75,0,0.0,296255572.5
2025-08-01 09:23:31 AM,227.3,1950,443235.0,296698807.5
2025-08-01 09:23:31 AM,226.55,0,0.0,296698807.5
2025-08-01 09:23:32 AM,226.7,600,136020.0,296834827.5
2025-08-01 09:23:32 AM,227.05,0,0.0,296834827.5
2025-08-01 09:23:33 AM,227.6,1350,307260.0,297142087.5
2025-08-01 09:23:33 AM,227.85,150,34177.5,297176265.0
2025-08-01 09:23:33 AM,228.0,0,0.0,297176265.0
2025-08-01 09:23:34 AM,227.35,525,119358.75,297295623.75
2025-08-01 09:23:34 AM,226.55,0,0.0,297295623.75
2025-08-01 09:23:34 AM,227.0,0,0.0,297295623.75
2025-08-01 09:23:35 AM,227.1,525,119227.5,297414851.25
2025-08-01 09:23:35 AM,226.6,0,0.0,297414851.25
2025-08-01 09:23:36 AM,226.85,300,68055.0,297482906.25
2025-08-01 09:23:36 AM,227.25,0,0.0,297482906.25
2025-08-01 09:23:37 AM,226.7,600,136020.0,297618926.25
2025-08-01 09:23:37 AM,226.65,0,0.0,297618926.25
2025-08-01 09:23:38 AM,226.65,975,220983.75,297839910.0
2025-08-01 09:23:38 AM,227.0,225,51075.0,297890985.0
2025-08-01 09:23:38 AM,226.25,0,0.0,297890985.0
2025-08-01 09:23:39 AM,224.8,4200,944160.0,298835145.0
2025-08-01 09:23:40 AM,225.0,75,16875.0,298852020.0
2025-08-01 09:23:40 AM,224.75,0,0.0,298852020.0
2025-08-01 09:23:40 AM,224.35,0,0.0,298852020.0
2025-08-01 09:23:41 AM,224.2,900,201780.0,299053800.0
2025-08-01 09:23:41 AM,224.5,0,0.0,299053800.0
2025-08-01 09:23:42 AM,224.1,600,134460.0,299188260.0
2025-08-01 09:23:42 AM,224.55,0,0.0,299188260.0
2025-08-01 09:23:42 AM,224.1,0,0.0,299188260.0
2025-08-01 09:23:43 AM,223.35,1650,368527.5,299556787.5
2025-08-01 09:23:44 AM,223.05,2325,518591.25,300075378.75
2025-08-01 09:23:45 AM,223.0,600,133800.0,300209178.75
2025-08-01 09:23:46 AM,222.25,900,200025.0,300409203.75
2025-08-01 09:23:46 AM,222.8,0,0.0,300409203.75
2025-08-01 09:23:46 AM,222.1,0,0.0,300409203.75
2025-08-01 09:23:46 AM,222.0,3900,865800.0,301275003.75
2025-08-01 09:23:47 AM,221.5,0,0.0,301275003.75
2025-08-01 09:23:48 AM,221.75,2175,482306.25,301757310.0
2025-08-01 09:23:48 AM,222.25,0,0.0,301757310.0
2025-08-01 09:23:48 AM,222.25,4425,983456.25,302740766.25
2025-08-01 09:23:48 AM,222.4,0,0.0,302740766.25
2025-08-01 09:23:49 AM,221.8,1425,316065.0,303056831.25
2025-08-01 09:23:50 AM,221.3,675,149377.5,303206208.75
2025-08-01 09:23:50 AM,221.55,0,0.0,303206208.75
2025-08-01 09:23:51 AM,222.7,1425,317347.5,303523556.25
2025-08-01 09:23:51 AM,222.45,0,0.0,303523556.25
2025-08-01 09:23:51 AM,222.7,0,0.0,303523556.25
2025-08-01 09:23:51 AM,222.65,2400,534360.0,304057916.25
2025-08-01 09:23:52 AM,223.05,0,0.0,304057916.25
2025-08-01 09:23:52 AM,223.05,1500,334575.0,304392491.25
2025-08-01 09:23:53 AM,223.05,900,200745.0,304593236.25
2025-08-01 09:23:54 AM,222.3,975,216742.5,304809978.75
2025-08-01 09:23:54 AM,222.75,0,0.0,304809978.75
2025-08-01 09:23:55 AM,222.8,750,167100.0,304977078.75
2025-08-01 09:23:55 AM,223.65,0,0.0,304977078.75
2025-08-01 09:23:56 AM,223.4,525,117285.0,305094363.75
2025-08-01 09:23:56 AM,223.45,0,0.0,305094363.75
2025-08-01 09:23:56 AM,223.5,0,0.0,305094363.75
2025-08-01 09:23:56 AM,223.5,225,50287.5,305144651.25
2025-08-01 09:23:57 AM,224.4,0,0.0,305144651.25
2025-08-01 09:23:57 AM,224.4,1575,353430.0,305498081.25
2025-08-01 09:23:58 AM,223.0,1275,284325.0,305782406.25
2025-08-01 09:23:58 AM,223.1,0,0.0,305782406.25
2025-08-01 09:23:58 AM,223.25,0,0.0,305782406.25
2025-08-01 09:23:59 AM,222.75,1050,233887.5,306016293.75
2025-08-01 09:23:59 AM,223.25,0,0.0,306016293.75
2025-08-01 09:23:59 AM,223.3,0,0.0,306016293.75
2025-08-01 09:24:00 AM,223.0,525,117075.0,306133368.75
2025-08-01 09:24:01 AM,222.95,525,117048.75,306250417.5
2025-08-01 09:24:01 AM,223.0,0,0.0,306250417.5
2025-08-01 09:24:01 AM,222.75,150,33412.5,306283830.0
2025-08-01 09:24:02 AM,221.3,0,0.0,306283830.0
2025-08-01 09:24:02 AM,221.85,0,0.0,306283830.0
2025-08-01 09:24:02 AM,221.85,2025,449246.25,306733076.25
2025-08-01 09:24:03 AM,220.05,9600,2112480.0,308845556.25
2025-08-01 09:24:03 AM,218.8,0,0.0,308845556.25
2025-08-01 09:24:03 AM,218.7,0,0.0,308845556.25
2025-08-01 09:24:04 AM,219.4,3075,674655.0,309520211.25
2025-08-01 09:24:04 AM,218.65,0,0.0,309520211.25
2025-08-01 09:24:04 AM,219.3,0,0.0,309520211.25
2025-08-01 09:24:05 AM,218.5,1125,245812.5,309766023.75
2025-08-01 09:24:05 AM,218.35,0,0.0,309766023.75
2025-08-01 09:24:05 AM,218.9,0,0.0,309766023.75
2025-08-01 09:24:06 AM,218.75,1200,262500.0,310028523.75
2025-08-01 09:24:06 AM,218.35,0,0.0,310028523.75
2025-08-01 09:24:06 AM,218.75,0,0.0,310028523.75
2025-08-01 09:24:06 AM,218.75,525,114843.75,310143367.5
2025-08-01 09:24:07 AM,220.5,0,0.0,310143367.5
2025-08-01 09:24:07 AM,220.5,1725,380362.5,310523730.0
2025-08-01 09:24:08 AM,220.35,225,49578.75,310573308.75
2025-08-01 09:24:08 AM,220.45,0,0.0,310573308.75
2025-08-01 09:24:09 AM,221.2,2175,481110.0,311054418.75
2025-08-01 09:24:10 AM,220.5,600,132300.0,311186718.75
2025-08-01 09:24:10 AM,220.7,0,0.0,311186718.75
2025-08-01 09:24:11 AM,220.8,525,115920.0,311302638.75
2025-08-01 09:24:11 AM,220.65,0,0.0,311302638.75
2025-08-01 09:24:11 AM,221.0,0,0.0,311302638.75
2025-08-01 09:24:11 AM,221.0,375,82875.0,311385513.75
2025-08-01 09:24:12 AM,221.6,0,0.0,311385513.75
2025-08-01 09:24:12 AM,221.6,225,49860.0,311435373.75
2025-08-01 09:24:13 AM,221.05,975,215523.75,311650897.5
2025-08-01 09:24:13 AM,221.65,0,0.0,311650897.5
2025-08-01 09:24:14 AM,221.4,1050,232470.0,311883367.5
2025-08-01 09:24:14 AM,222.25,0,0.0,311883367.5
2025-08-01 09:24:15 AM,222.25,225,50006.25,311933373.75
2025-08-01 09:24:15 AM,222.35,0,0.0,311933373.75
2025-08-01 09:24:16 AM,223.0,1425,317775.0,312251148.75
2025-08-01 09:24:16 AM,222.95,0,0.0,312251148.75
2025-08-01 09:24:16 AM,222.95,300,66885.0,312318033.75
2025-08-01 09:24:17 AM,223.85,0,0.0,312318033.75
2025-08-01 09:24:17 AM,223.85,375,83943.75,312401977.5
2025-08-01 09:24:18 AM,225.3,1875,422437.5,312824415.0
2025-08-01 09:24:18 AM,226.1,0,0.0,312824415.0
2025-08-01 09:24:19 AM,225.65,4275,964653.75,313789068.75
2025-08-01 09:24:21 AM,224.45,0,0.0,313789068.75
2025-08-01 09:24:21 AM,224.45,300,67335.0,313856403.75
2025-08-01 09:24:22 AM,223.85,0,0.0,313856403.75
2025-08-01 09:24:22 AM,223.95,0,0.0,313856403.75
2025-08-01 09:24:22 AM,223.95,375,83981.25,313940385.0
2025-08-01 09:24:22 AM,223.8,0,0.0,313940385.0
2025-08-01 09:24:23 AM,223.1,2250,501975.0,314442360.0
2025-08-01 09:24:24 AM,223.2,750,167400.0,314609760.0
2025-08-01 09:24:24 AM,222.9,0,0.0,314609760.0
2025-08-01 09:24:25 AM,222.9,225,50152.5,314659912.5
2025-08-01 09:24:26 AM,222.3,300,66690.0,314726602.5
2025-08-01 09:24:26 AM,222.25,0,0.0,314726602.5
2025-08-01 09:24:26 AM,221.55,675,149546.25,314876148.75
2025-08-01 09:24:27 AM,221.85,0,0.0,314876148.75
2025-08-01 09:24:27 AM,221.85,300,66555.0,314942703.75
2025-08-01 09:24:28 AM,221.2,150,33180.0,314975883.75
2025-08-01 09:24:29 AM,221.0,675,149175.0,315125058.75
2025-08-01 09:24:29 AM,220.9,0,0.0,315125058.75
2025-08-01 09:24:30 AM,221.55,975,216011.25,315341070.0
2025-08-01 09:24:30 AM,221.5,0,0.0,315341070.0
2025-08-01 09:24:31 AM,219.6,3225,708210.0,316049280.0
2025-08-01 09:24:31 AM,219.6,375,82350.0,316131630.0
2025-08-01 09:24:32 AM,219.8,0,0.0,316131630.0
2025-08-01 09:24:32 AM,219.8,75,16485.0,316148115.0
2025-08-01 09:24:33 AM,219.9,450,98955.0,316247070.0
2025-08-01 09:24:33 AM,219.85,0,0.0,316247070.0
2025-08-01 09:24:34 AM,219.7,2400,527280.0,316774350.0
2025-08-01 09:24:34 AM,219.4,0,0.0,316774350.0
2025-08-01 09:24:35 AM,219.4,150,32910.0,316807260.0
2025-08-01 09:24:35 AM,219.0,0,0.0,316807260.0
2025-08-01 09:24:35 AM,219.6,0,0.0,316807260.0
2025-08-01 09:24:36 AM,220.0,2775,610500.0,317417760.0
2025-08-01 09:24:36 AM,219.95,0,0.0,317417760.0
2025-08-01 09:24:36 AM,219.45,0,0.0,317417760.0
2025-08-01 09:24:36 AM,219.6,1950,428220.0,317845980.0
2025-08-01 09:24:37 AM,220.3,0,0.0,317845980.0
2025-08-01 09:24:37 AM,220.6,0,0.0,317845980.0
2025-08-01 09:24:37 AM,220.2,1200,264240.0,318110220.0
2025-08-01 09:24:38 AM,220.45,300,66135.0,318176355.0
2025-08-01 09:24:38 AM,220.35,0,0.0,318176355.0
2025-08-01 09:24:39 AM,219.0,2550,558450.0,318734805.0
2025-08-01 09:24:40 AM,219.4,825,181005.0,318915810.0
2025-08-01 09:24:40 AM,220.6,0,0.0,318915810.0
2025-08-01 09:24:41 AM,220.6,375,82725.0,318998535.0
2025-08-01 09:24:41 AM,220.15,0,0.0,318998535.0
2025-08-01 09:24:41 AM,219.25,0,0.0,318998535.0
2025-08-01 09:24:41 AM,219.6,900,197640.0,319196175.0
2025-08-01 09:24:42 AM,218.9,0,0.0,319196175.0
2025-08-01 09:24:42 AM,219.65,0,0.0,319196175.0
2025-08-01 09:24:42 AM,219.75,750,164812.5,319360987.5
2025-08-01 09:24:43 AM,219.35,75,16451.25,319377438.75
2025-08-01 09:24:43 AM,219.4,0,0.0,319377438.75
2025-08-01 09:24:44 AM,218.0,3600,784800.0,320162238.75
2025-08-01 09:24:44 AM,217.8,0,0.0,320162238.75
2025-08-01 09:24:44 AM,218.15,0,0.0,320162238.75
2025-08-01 09:24:45 AM,218.15,150,32722.5,320194961.25
2025-08-01 09:24:45 AM,217.5,0,0.0,320194961.25
2025-08-01 09:24:46 AM,217.8,2325,506385.0,320701346.25
2025-08-01 09:24:46 AM,217.95,0,0.0,320701346.25
2025-08-01 09:24:47 AM,217.8,1425,310365.0,321011711.25
2025-08-01 09:24:47 AM,218.7,0,0.0,321011711.25
2025-08-01 09:24:47 AM,218.7,3075,672502.5,321684213.75
2025-08-01 09:24:48 AM,219.55,1650,362257.5,322046471.25
2025-08-01 09:24:48 AM,219.15,0,0.0,322046471.25
2025-08-01 09:24:49 AM,219.05,1425,312146.25,322358617.5
2025-08-01 09:24:50 AM,218.0,525,114450.0,322473067.5
2025-08-01 09:24:50 AM,218.35,0,0.0,322473067.5
2025-08-01 09:24:51 AM,218.4,300,65520.0,322538587.5
2025-08-01 09:24:51 AM,218.55,0,0.0,322538587.5
2025-08-01 09:24:52 AM,218.55,4200,917910.0,323456497.5
2025-08-01 09:24:52 AM,217.95,0,0.0,323456497.5
2025-08-01 09:24:52 AM,217.95,450,98077.5,323554575.0
2025-08-01 09:24:53 AM,217.4,1350,293490.0,323848065.0
2025-08-01 09:24:53 AM,217.95,0,0.0,323848065.0
2025-08-01 09:24:54 AM,217.65,1200,261180.0,324109245.0
2025-08-01 09:24:54 AM,218.15,0,0.0,324109245.0
2025-08-01 09:24:55 AM,217.65,300,65295.0,324174540.0
2025-08-01 09:24:55 AM,217.15,0,0.0,324174540.0
2025-08-01 09:24:56 AM,217.2,2850,619020.0,324793560.0
2025-08-01 09:24:56 AM,217.4,0,0.0,324793560.0
2025-08-01 09:24:56 AM,217.1,0,0.0,324793560.0
2025-08-01 09:24:57 AM,217.5,1425,309937.5,325103497.5
2025-08-01 09:24:57 AM,217.35,0,0.0,325103497.5
2025-08-01 09:24:57 AM,217.8,1275,277695.0,325381192.5
2025-08-01 09:24:58 AM,217.45,1275,277248.75,325658441.25
2025-08-01 09:24:58 AM,217.55,0,0.0,325658441.25
2025-08-01 09:24:59 AM,216.45,3375,730518.75,326388960.0
2025-08-01 09:24:59 AM,216.2,0,0.0,326388960.0
2025-08-01 09:25:00 AM,217.25,1875,407343.75,326796303.75
2025-08-01 09:25:00 AM,218.9,0,0.0,326796303.75
2025-08-01 09:25:00 AM,218.5,0,0.0,326796303.75
2025-08-01 09:25:01 AM,218.45,5400,1179630.0,327975933.75
2025-08-01 09:25:01 AM,217.1,0,0.0,327975933.75
2025-08-01 09:25:02 AM,216.85,1875,406593.75,328382527.5
2025-08-01 09:25:02 AM,216.45,0,0.0,328382527.5
2025-08-01 09:25:02 AM,216.8,0,0.0,328382527.5
2025-08-01 09:25:02 AM,216.9,1725,374152.5,328756680.0
2025-08-01 09:25:03 AM,216.0,1500,324000.0,329080680.0
2025-08-01 09:25:03 AM,215.5,0,0.0,329080680.0
2025-08-01 09:25:04 AM,215.1,1275,274252.5,329354932.5
2025-08-01 09:25:05 AM,214.2,6300,1349460.0,330704392.5
2025-08-01 09:25:05 AM,214.8,0,0.0,330704392.5
2025-08-01 09:25:06 AM,214.15,3225,690633.75,331395026.25
2025-08-01 09:25:06 AM,214.1,0,0.0,331395026.25
2025-08-01 09:25:07 AM,213.65,2475,528783.75,331923810.0
2025-08-01 09:25:07 AM,213.55,0,0.0,331923810.0
2025-08-01 09:25:08 AM,214.0,2925,625950.0,332549760.0
2025-08-01 09:25:08 AM,213.7,1050,224385.0,332774145.0
2025-08-01 09:25:09 AM,213.65,2475,528783.75,333302928.75
2025-08-01 09:25:10 AM,212.45,1575,334608.75,333637537.5
2025-08-01 09:25:10 AM,212.5,0,0.0,333637537.5
2025-08-01 09:25:11 AM,211.5,3600,761400.0,334398937.5
2025-08-01 09:25:11 AM,212.05,0,0.0,334398937.5
2025-08-01 09:25:11 AM,211.55,0,0.0,334398937.5
2025-08-01 09:25:12 AM,211.2,2700,570240.0,334969177.5
2025-08-01 09:25:12 AM,211.95,0,0.0,334969177.5
2025-08-01 09:25:12 AM,212.7,0,0.0,334969177.5
2025-08-01 09:25:13 AM,212.4,8250,1752300.0,336721477.5
2025-08-01 09:25:13 AM,211.65,1725,365096.25,337086573.75
2025-08-01 09:25:13 AM,211.5,0,0.0,337086573.75
2025-08-01 09:25:13 AM,212.1,0,0.0,337086573.75
2025-08-01 09:25:14 AM,211.5,3525,745537.5,337832111.25
2025-08-01 09:25:14 AM,211.9,0,0.0,337832111.25
2025-08-01 09:25:15 AM,211.05,450,94972.5,337927083.75
2025-08-01 09:25:15 AM,211.6,0,0.0,337927083.75
2025-08-01 09:25:16 AM,211.35,1200,253620.0,338180703.75
2025-08-01 09:25:16 AM,211.0,0,0.0,338180703.75
2025-08-01 09:25:16 AM,211.3,0,0.0,338180703.75
2025-08-01 09:25:17 AM,211.6,3825,809370.0,338990073.75
2025-08-01 09:25:17 AM,211.95,0,0.0,338990073.75
2025-08-01 09:25:18 AM,211.55,2925,618783.75,339608857.5
2025-08-01 09:25:18 AM,211.55,6675,1412096.25,341020953.75
2025-08-01 09:25:18 AM,211.5,0,0.0,341020953.75
2025-08-01 09:25:19 AM,210.55,5325,1121178.75,342142132.5
2025-08-01 09:25:19 AM,210.2,0,0.0,342142132.5
2025-08-01 09:25:20 AM,209.8,7725,1620705.0,343762837.5
2025-08-01 09:25:20 AM,209.5,0,0.0,343762837.5
2025-08-01 09:25:21 AM,210.0,1200,252000.0,344014837.5
2025-08-01 09:25:21 AM,210.15,0,0.0,344014837.5
2025-08-01 09:25:22 AM,209.75,2550,534862.5,344549700.0
2025-08-01 09:25:23 AM,209.5,2925,612787.5,345162487.5
2025-08-01 09:25:23 AM,209.7,1800,377460.0,345539947.5
2025-08-01 09:25:23 AM,210.75,0,0.0,345539947.5
2025-08-01 09:25:23 AM,210.25,0,0.0,345539947.5
2025-08-01 09:25:24 AM,210.5,600,126300.0,345666247.5
2025-08-01 09:25:24 AM,209.5,0,0.0,345666247.5
2025-08-01 09:25:25 AM,209.3,1725,361042.5,346027290.0
2025-08-01 09:25:25 AM,210.15,0,0.0,346027290.0
2025-08-01 09:25:25 AM,210.7,0,0.0,346027290.0
2025-08-01 09:25:26 AM,210.4,1275,268260.0,346295550.0
2025-08-01 09:25:26 AM,210.85,0,0.0,346295550.0
2025-08-01 09:25:26 AM,210.3,0,0.0,346295550.0
2025-08-01 09:25:26 AM,210.3,2700,567810.0,346863360.0
2025-08-01 09:25:27 AM,211.8,0,0.0,346863360.0
2025-08-01 09:25:27 AM,211.8,2175,460665.0,347324025.0
2025-08-01 09:25:28 AM,212.05,1050,222652.5,347546677.5
2025-08-01 09:25:29 AM,213.15,9000,1918350.0,349465027.5
2025-08-01 09:25:29 AM,212.75,0,0.0,349465027.5
2025-08-01 09:25:30 AM,212.9,300,63870.0,349528897.5
2025-08-01 09:25:30 AM,212.65,0,0.0,349528897.5
2025-08-01 09:25:31 AM,212.55,975,207236.25,349736133.75
2025-08-01 09:25:31 AM,212.2,0,0.0,349736133.75
2025-08-01 09:25:31 AM,212.8,0,0.0,349736133.75
2025-08-01 09:25:31 AM,212.8,2775,590520.0,350326653.75
2025-08-01 09:25:32 AM,212.65,0,0.0,350326653.75
2025-08-01 09:25:32 AM,212.65,825,175436.25,350502090.0
2025-08-01 09:25:33 AM,213.9,2025,433147.5,350935237.5
2025-08-01 09:25:33 AM,214.1,0,0.0,350935237.5
2025-08-01 09:25:34 AM,213.55,825,176178.75,351111416.25
2025-08-01 09:25:34 AM,213.75,0,0.0,351111416.25
2025-08-01 09:25:34 AM,213.2,0,0.0,351111416.25
2025-08-01 09:25:35 AM,213.4,3450,736230.0,351847646.25
2025-08-01 09:25:35 AM,214.0,0,0.0,351847646.25
2025-08-01 09:25:36 AM,213.85,4125,882131.25,352729777.5
2025-08-01 09:25:36 AM,213.55,0,0.0,352729777.5
2025-08-01 09:25:36 AM,213.6,450,96120.0,352825897.5
2025-08-01 09:25:37 AM,213.9,0,0.0,352825897.5
2025-08-01 09:25:37 AM,213.5,0,0.0,352825897.5
2025-08-01 09:25:37 AM,213.5,450,96075.0,352921972.5
2025-08-01 09:25:38 AM,213.55,1275,272276.25,353194248.75
2025-08-01 09:25:39 AM,212.8,900,191520.0,353385768.75
2025-08-01 09:25:39 AM,212.9,0,0.0,353385768.75
2025-08-01 09:25:40 AM,212.9,600,127740.0,353513508.75
2025-08-01 09:25:40 AM,213.05,0,0.0,353513508.75
2025-08-01 09:25:40 AM,213.3,0,0.0,353513508.75
2025-08-01 09:25:41 AM,213.0,2775,591075.0,354104583.75
2025-08-01 09:25:41 AM,213.55,0,0.0,354104583.75
2025-08-01 09:25:41 AM,214.0,0,0.0,354104583.75
2025-08-01 09:25:41 AM,214.0,1950,417300.0,354521883.75
2025-08-01 09:25:42 AM,214.25,0,0.0,354521883.75
2025-08-01 09:25:42 AM,214.0,0,0.0,354521883.75
2025-08-01 09:25:42 AM,214.0,3075,658050.0,355179933.75
2025-08-01 09:25:43 AM,213.0,300,63900.0,355243833.75
2025-08-01 09:25:43 AM,212.2,0,0.0,355243833.75
2025-08-01 09:25:43 AM,212.25,0,0.0,355243833.75
2025-08-01 09:25:44 AM,211.05,5550,1171327.5,356415161.25
2025-08-01 09:25:44 AM,210.6,0,0.0,356415161.25
2025-08-01 09:25:45 AM,210.35,825,173538.75,356588700.0
2025-08-01 09:25:45 AM,210.55,0,0.0,356588700.0
2025-08-01 09:25:46 AM,210.5,1200,252600.0,356841300.0
2025-08-01 09:25:46 AM,211.4,0,0.0,356841300.0
2025-08-01 09:25:46 AM,211.4,1875,396375.0,357237675.0
2025-08-01 09:25:47 AM,212.75,0,0.0,357237675.0
2025-08-01 09:25:47 AM,212.75,825,175518.75,357413193.75
2025-08-01 09:25:48 AM,212.15,75,15911.25,357429105.0
2025-08-01 09:25:48 AM,212.6,0,0.0,357429105.0
2025-08-01 09:25:48 AM,213.0,0,0.0,357429105.0
2025-08-01 09:25:49 AM,212.7,2400,510480.0,357939585.0
2025-08-01 09:25:49 AM,212.1,0,0.0,357939585.0
2025-08-01 09:25:49 AM,211.75,0,0.0,357939585.0
2025-08-01 09:25:50 AM,212.25,450,95512.5,358035097.5
2025-08-01 09:25:50 AM,211.75,0,0.0,358035097.5
2025-08-01 09:25:51 AM,211.75,150,31762.5,358066860.0
2025-08-01 09:25:51 AM,211.35,0,0.0,358066860.0
2025-08-01 09:25:51 AM,211.35,450,95107.5,358161967.5
2025-08-01 09:25:52 AM,212.0,0,0.0,358161967.5
2025-08-01 09:25:52 AM,212.3,0,0.0,358161967.5
2025-08-01 09:25:52 AM,212.3,1350,286605.0,358448572.5
2025-08-01 09:25:53 AM,212.6,2175,462405.0,358910977.5
2025-08-01 09:25:53 AM,212.4,0,0.0,358910977.5
2025-08-01 09:25:53 AM,212.25,0,0.0,358910977.5
2025-08-01 09:25:54 AM,211.75,1650,349387.5,359260365.0
2025-08-01 09:25:54 AM,212.1,0,0.0,359260365.0
2025-08-01 09:25:55 AM,212.1,1200,254520.0,359514885.0
2025-08-01 09:25:55 AM,211.7,0,0.0,359514885.0
2025-08-01 09:25:56 AM,211.7,1425,301672.5,359816557.5
2025-08-01 09:25:56 AM,210.25,2475,520368.75,360336926.25
2025-08-01 09:25:56 AM,210.4,0,0.0,360336926.25
2025-08-01 09:25:57 AM,209.25,11550,2416837.5,362753763.75
2025-08-01 09:25:57 AM,208.95,0,0.0,362753763.75
2025-08-01 09:25:58 AM,207.7,4500,934650.0,363688413.75
2025-08-01 09:25:59 AM,207.3,6150,1274895.0,364963308.75
2025-08-01 09:26:00 AM,207.05,2250,465862.5,365429171.25
2025-08-01 09:26:00 AM,207.7,0,0.0,365429171.25
2025-08-01 09:26:00 AM,207.55,0,0.0,365429171.25
2025-08-01 09:26:01 AM,207.25,10800,2238300.0,367667471.25
2025-08-01 09:26:01 AM,207.0,1200,248400.0,367915871.25
2025-08-01 09:26:01 AM,207.3,0,0.0,367915871.25
2025-08-01 09:26:02 AM,206.4,3000,619200.0,368535071.25
2025-08-01 09:26:03 AM,207.4,3675,762195.0,369297266.25
2025-08-01 09:26:03 AM,206.55,0,0.0,369297266.25
2025-08-01 09:26:04 AM,206.65,6375,1317393.75,370614660.0
2025-08-01 09:26:04 AM,206.85,0,0.0,370614660.0
2025-08-01 09:26:05 AM,206.3,525,108307.5,370722967.5
2025-08-01 09:26:05 AM,206.7,0,0.0,370722967.5
2025-08-01 09:26:06 AM,205.75,5925,1219068.75,371942036.25
2025-08-01 09:26:06 AM,205.6,675,138780.0,372080816.25
2025-08-01 09:26:06 AM,205.55,0,0.0,372080816.25
2025-08-01 09:26:07 AM,204.55,15825,3237003.75,375317820.0
2025-08-01 09:26:07 AM,204.9,0,0.0,375317820.0
2025-08-01 09:26:07 AM,205.2,0,0.0,375317820.0
2025-08-01 09:26:08 AM,205.2,6375,1308150.0,376625970.0
2025-08-01 09:26:08 AM,204.95,0,0.0,376625970.0
2025-08-01 09:26:09 AM,204.9,2025,414922.5,377040892.5
2025-08-01 09:26:09 AM,205.45,0,0.0,377040892.5
2025-08-01 09:26:10 AM,207.0,0,0.0,377040892.5
2025-08-01 09:26:10 AM,207.0,8100,1676700.0,378717592.5
2025-08-01 09:26:10 AM,205.75,0,0.0,378717592.5
2025-08-01 09:26:10 AM,205.6,0,0.0,378717592.5
2025-08-01 09:26:11 AM,205.2,5100,1046520.0,379764112.5
2025-08-01 09:26:11 AM,204.25,15600,3186300.0,382950412.5
2025-08-01 09:26:11 AM,204.1,0,0.0,382950412.5
2025-08-01 09:26:11 AM,203.9,0,0.0,382950412.5
2025-08-01 09:26:12 AM,204.25,10725,2190581.25,385140993.75
2025-08-01 09:26:12 AM,204.0,0,0.0,385140993.75
2025-08-01 09:26:13 AM,204.6,900,184140.0,385325133.75
2025-08-01 09:26:13 AM,204.05,0,0.0,385325133.75
2025-08-01 09:26:13 AM,204.65,0,0.0,385325133.75
2025-08-01 09:26:14 AM,203.65,3075,626223.75,385951357.5
2025-08-01 09:26:14 AM,203.55,0,0.0,385951357.5
2025-08-01 09:26:15 AM,203.8,1200,244560.0,386195917.5
2025-08-01 09:26:15 AM,204.65,0,0.0,386195917.5
2025-08-01 09:26:15 AM,204.65,2475,506508.75,386702426.25
2025-08-01 09:26:16 AM,205.25,3075,631143.75,387333570.0
2025-08-01 09:26:17 AM,204.75,8700,1781325.0,389114895.0
2025-08-01 09:26:17 AM,205.2,0,0.0,389114895.0
2025-08-01 09:26:17 AM,205.05,0,0.0,389114895.0
2025-08-01 09:26:18 AM,204.6,600,122760.0,389237655.0
2025-08-01 09:26:18 AM,204.0,0,0.0,389237655.0
2025-08-01 09:26:18 AM,203.9,0,0.0,389237655.0
2025-08-01 09:26:19 AM,203.55,1875,381656.25,389619311.25
2025-08-01 09:26:19 AM,202.7,0,0.0,389619311.25
2025-08-01 09:26:20 AM,203.15,3525,716103.75,390335415.0
2025-08-01 09:26:20 AM,202.7,0,0.0,390335415.0
2025-08-01 09:26:20 AM,202.55,0,0.0,390335415.0
2025-08-01 09:26:20 AM,203.0,2475,502425.0,390837840.0
2025-08-01 09:26:21 AM,203.25,2550,518287.5,391356127.5
2025-08-01 09:26:21 AM,203.15,0,0.0,391356127.5
2025-08-01 09:26:22 AM,203.3,1425,289702.5,391645830.0
2025-08-01 09:26:22 AM,203.85,0,0.0,391645830.0
2025-08-01 09:26:23 AM,203.6,0,0.0,391645830.0
2025-08-01 09:26:23 AM,203.85,1200,244620.0,391890450.0
2025-08-01 09:26:23 AM,203.65,0,0.0,391890450.0
2025-08-01 09:26:24 AM,204.0,4650,948600.0,392839050.0
2025-08-01 09:26:24 AM,203.95,0,0.0,392839050.0
2025-08-01 09:26:25 AM,203.55,1725,351123.75,393190173.75
2025-08-01 09:26:25 AM,203.25,0,0.0,393190173.75
2025-08-01 09:26:25 AM,203.15,2025,411378.75,393601552.5
2025-08-01 09:26:26 AM,203.55,4125,839643.75,394441196.25
2025-08-01 09:26:26 AM,202.85,0,0.0,394441196.25
2025-08-01 09:26:27 AM,203.65,6600,1344090.0,395785286.25
2025-08-01 09:26:27 AM,203.3,0,0.0,395785286.25
2025-08-01 09:26:27 AM,203.15,0,0.0,395785286.25
2025-08-01 09:26:28 AM,204.2,825,168465.0,395953751.25
2025-08-01 09:26:28 AM,206.0,0,0.0,395953751.25
2025-08-01 09:26:29 AM,205.2,2625,538650.0,396492401.25
2025-08-01 09:26:29 AM,205.3,0,0.0,396492401.25
2025-08-01 09:26:29 AM,205.4,0,0.0,396492401.25
2025-08-01 09:26:30 AM,205.3,3900,800670.0,397293071.25
2025-08-01 09:26:30 AM,205.0,0,0.0,397293071.25
2025-08-01 09:26:30 AM,205.2,0,0.0,397293071.25
2025-08-01 09:26:30 AM,205.2,1425,292410.0,397585481.25
2025-08-01 09:26:31 AM,204.9,300,61470.0,397646951.25
2025-08-01 09:26:31 AM,204.65,0,0.0,397646951.25
2025-08-01 09:26:32 AM,204.6,2475,506385.0,398153336.25
2025-08-01 09:26:32 AM,204.8,0,0.0,398153336.25
2025-08-01 09:26:32 AM,205.45,0,0.0,398153336.25
2025-08-01 09:26:33 AM,205.9,1275,262522.5,398415858.75
2025-08-01 09:26:33 AM,206.3,0,0.0,398415858.75
2025-08-01 09:26:33 AM,206.4,0,0.0,398415858.75
2025-08-01 09:26:34 AM,207.4,2925,606645.0,399022503.75
2025-08-01 09:26:34 AM,207.3,0,0.0,399022503.75
2025-08-01 09:26:34 AM,207.0,0,0.0,399022503.75
2025-08-01 09:26:35 AM,207.6,525,108990.0,399131493.75
2025-08-01 09:26:35 AM,207.3,0,0.0,399131493.75
2025-08-01 09:26:35 AM,207.3,3675,761827.5,399893321.25
2025-08-01 09:26:36 AM,207.6,3225,669510.0,400562831.25
2025-08-01 09:26:37 AM,206.85,1650,341302.5,400904133.75
2025-08-01 09:26:37 AM,206.8,0,0.0,400904133.75
2025-08-01 09:26:38 AM,206.55,1800,371790.0,401275923.75
2025-08-01 09:26:38 AM,206.95,0,0.0,401275923.75
2025-08-01 09:26:39 AM,206.4,2400,495360.0,401771283.75
2025-08-01 09:26:39 AM,206.55,0,0.0,401771283.75
2025-08-01 09:26:39 AM,206.6,0,0.0,401771283.75
2025-08-01 09:26:40 AM,207.1,3000,621300.0,402392583.75
2025-08-01 09:26:40 AM,207.4,0,0.0,402392583.75
2025-08-01 09:26:40 AM,207.55,0,0.0,402392583.75
2025-08-01 09:26:40 AM,207.55,675,140096.25,402532680.0
2025-08-01 09:26:41 AM,208.0,2400,499200.0,403031880.0
2025-08-01 09:26:42 AM,207.0,1800,372600.0,403404480.0
2025-08-01 09:26:42 AM,207.6,0,0.0,403404480.0
2025-08-01 09:26:43 AM,207.1,1950,403845.0,403808325.0
2025-08-01 09:26:43 AM,206.8,0,0.0,403808325.0
2025-08-01 09:26:44 AM,207.75,5250,1090687.5,404899012.5
2025-08-01 09:26:44 AM,207.4,0,0.0,404899012.5
2025-08-01 09:26:44 AM,207.45,0,0.0,404899012.5
2025-08-01 09:26:45 AM,206.7,4725,976657.5,405875670.0
2025-08-01 09:26:45 AM,206.6,0,0.0,405875670.0
2025-08-01 09:26:45 AM,206.6,975,201435.0,406077105.0
2025-08-01 09:26:46 AM,207.5,2775,575812.5,406652917.5
2025-08-01 09:26:46 AM,207.55,0,0.0,406652917.5
2025-08-01 09:26:47 AM,207.15,1725,357333.75,407010251.25
2025-08-01 09:26:48 AM,207.4,4425,917745.0,407927996.25
2025-08-01 09:26:48 AM,206.95,0,0.0,407927996.25
2025-08-01 09:26:49 AM,207.2,8625,1787100.0,409715096.25
2025-08-01 09:26:49 AM,206.8,0,0.0,409715096.25
2025-08-01 09:26:50 AM,207.4,3075,637755.0,410352851.25
2025-08-01 09:26:50 AM,208.0,0,0.0,410352851.25
2025-08-01 09:26:50 AM,207.2,0,0.0,410352851.25
2025-08-01 09:26:50 AM,207.6,5100,1058760.0,411411611.25
2025-08-01 09:26:51 AM,207.5,1275,264562.5,411676173.75
2025-08-01 09:26:51 AM,207.2,0,0.0,411676173.75
2025-08-01 09:26:52 AM,207.0,4200,869400.0,412545573.75
2025-08-01 09:26:52 AM,207.3,0,0.0,412545573.75
2025-08-01 09:26:52 AM,206.9,0,0.0,412545573.75
2025-08-01 09:26:53 AM,206.85,5625,1163531.25,413709105.0
2025-08-01 09:26:53 AM,207.2,0,0.0,413709105.0
2025-08-01 09:26:54 AM,207.3,900,186570.0,413895675.0
2025-08-01 09:26:54 AM,208.0,0,0.0,413895675.0
2025-08-01 09:26:55 AM,208.8,7275,1519020.0,415414695.0
2025-08-01 09:26:55 AM,208.5,0,0.0,415414695.0
2025-08-01 09:26:55 AM,208.5,3075,641137.5,416055832.5
2025-08-01 09:26:56 AM,207.95,2475,514676.25,416570508.75
2025-08-01 09:26:57 AM,207.95,5700,1185315.0,417755823.75
2025-08-01 09:26:57 AM,207.35,0,0.0,417755823.75
2025-08-01 09:26:57 AM,207.85,0,0.0,417755823.75
2025-08-01 09:26:58 AM,207.5,1200,249000.0,418004823.75
2025-08-01 09:26:58 AM,207.8,0,0.0,418004823.75
2025-08-01 09:26:59 AM,207.65,2550,529507.5,418534331.25
2025-08-01 09:26:59 AM,207.45,0,0.0,418534331.25
2025-08-01 09:27:00 AM,207.7,1050,218085.0,418752416.25
2025-08-01 09:27:00 AM,206.95,0,0.0,418752416.25
2025-08-01 09:27:00 AM,207.4,0,0.0,418752416.25
2025-08-01 09:27:00 AM,207.4,1575,326655.0,419079071.25
2025-08-01 09:27:01 AM,207.6,5100,1058760.0,420137831.25
2025-08-01 09:27:01 AM,207.7,0,0.0,420137831.25
2025-08-01 09:27:01 AM,207.75,0,0.0,420137831.25
2025-08-01 09:27:02 AM,207.7,1725,358282.5,420496113.75
2025-08-01 09:27:02 AM,207.65,0,0.0,420496113.75
2025-08-01 09:27:03 AM,206.65,4050,836932.5,421333046.25
2025-08-01 09:27:03 AM,207.25,0,0.0,421333046.25
2025-08-01 09:27:03 AM,206.85,0,0.0,421333046.25
2025-08-01 09:27:04 AM,207.0,9750,2018250.0,423351296.25
2025-08-01 09:27:04 AM,206.35,0,0.0,423351296.25
2025-08-01 09:27:05 AM,206.2,825,170115.0,423521411.25
2025-08-01 09:27:05 AM,206.65,0,0.0,423521411.25
2025-08-01 09:27:05 AM,206.3,0,0.0,423521411.25
2025-08-01 09:27:05 AM,206.25,1725,355781.25,423877192.5
2025-08-01 09:27:06 AM,206.35,225,46428.75,423923621.25
2025-08-01 09:27:06 AM,206.1,0,0.0,423923621.25
2025-08-01 09:27:06 AM,206.3,0,0.0,423923621.25
2025-08-01 09:27:07 AM,206.45,2700,557415.0,424481036.25
2025-08-01 09:27:08 AM,206.85,525,108596.25,424589632.5
2025-08-01 09:27:08 AM,206.75,0,0.0,424589632.5
2025-08-01 09:27:09 AM,208.05,1575,327678.75,424917311.25
2025-08-01 09:27:09 AM,207.45,0,0.0,424917311.25
2025-08-01 09:27:10 AM,207.45,900,186705.0,425104016.25
2025-08-01 09:27:10 AM,206.7,0,0.0,425104016.25
2025-08-01 09:27:10 AM,207.0,0,0.0,425104016.25
2025-08-01 09:27:10 AM,206.55,2325,480228.75,425584245.0
2025-08-01 09:27:11 AM,206.45,75,15483.75,425599728.75
2025-08-01 09:27:11 AM,207.2,0,0.0,425599728.75
2025-08-01 09:27:12 AM,207.15,750,155362.5,425755091.25
2025-08-01 09:27:12 AM,206.95,0,0.0,425755091.25
2025-08-01 09:27:13 AM,207.25,1350,279787.5,426034878.75
2025-08-01 09:27:13 AM,207.3,0,0.0,426034878.75
2025-08-01 09:27:14 AM,207.5,525,108937.5,426143816.25
2025-08-01 09:27:14 AM,208.5,0,0.0,426143816.25
2025-08-01 09:27:15 AM,208.5,600,125100.0,426268916.25
2025-08-01 09:27:15 AM,208.05,0,0.0,426268916.25
2025-08-01 09:27:15 AM,208.05,450,93622.5,426362538.75
2025-08-01 09:27:16 AM,208.05,3750,780187.5,427142726.25
2025-08-01 09:27:17 AM,207.9,1350,280665.0,427423391.25
2025-08-01 09:27:17 AM,207.65,0,0.0,427423391.25
2025-08-01 09:27:18 AM,206.7,825,170527.5,427593918.75
2025-08-01 09:27:18 AM,206.25,0,0.0,427593918.75
2025-08-01 09:27:19 AM,206.5,975,201337.5,427795256.25
2025-08-01 09:27:19 AM,207.8,0,0.0,427795256.25
2025-08-01 09:27:20 AM,207.8,5625,1168875.0,428964131.25
2025-08-01 09:27:20 AM,207.85,0,0.0,428964131.25
2025-08-01 09:27:21 AM,207.85,375,77943.75,429042075.0
2025-08-01 09:27:21 AM,207.0,0,0.0,429042075.0
2025-08-01 09:27:21 AM,207.0,600,124200.0,429166275.0
2025-08-01 09:27:21 AM,207.2,0,0.0,429166275.0
2025-08-01 09:27:22 AM,206.45,1800,371610.0,429537885.0
2025-08-01 09:27:22 AM,206.85,0,0.0,429537885.0
2025-08-01 09:27:23 AM,206.55,1500,309825.0,429847710.0
2025-08-01 09:27:23 AM,207.0,0,0.0,429847710.0
2025-08-01 09:27:24 AM,207.5,1875,389062.5,430236772.5
2025-08-01 09:27:24 AM,207.0,0,0.0,430236772.5
2025-08-01 09:27:25 AM,207.05,450,93172.5,430329945.0
2025-08-01 09:27:25 AM,206.95,0,0.0,430329945.0
2025-08-01 09:27:25 AM,206.9,0,0.0,430329945.0
2025-08-01 09:27:26 AM,206.9,675,139657.5,430469602.5
2025-08-01 09:27:26 AM,206.45,0,0.0,430469602.5
2025-08-01 09:27:26 AM,206.45,2475,510963.75,430980566.25
2025-08-01 09:27:26 AM,207.0,0,0.0,430980566.25
2025-08-01 09:27:27 AM,206.6,3225,666285.0,431646851.25
2025-08-01 09:27:27 AM,207.0,0,0.0,431646851.25
2025-08-01 09:27:28 AM,206.9,975,201727.5,431848578.75
2025-08-01 09:27:28 AM,206.25,0,0.0,431848578.75
2025-08-01 09:27:28 AM,206.0,0,0.0,431848578.75
2025-08-01 09:27:29 AM,205.0,4875,999375.0,432847953.75
2025-08-01 09:27:29 AM,204.45,0,0.0,432847953.75
2025-08-01 09:27:30 AM,204.5,9375,1917187.5,434765141.25
2025-08-01 09:27:30 AM,205.0,0,0.0,434765141.25
2025-08-01 09:27:31 AM,205.4,1800,369720.0,435134861.25
2025-08-01 09:27:31 AM,206.25,0,0.0,435134861.25
2025-08-01 09:27:31 AM,206.25,1725,355781.25,435490642.5
2025-08-01 09:27:31 AM,206.35,0,0.0,435490642.5
2025-08-01 09:27:32 AM,205.7,450,92565.0,435583207.5
2025-08-01 09:27:32 AM,205.1,0,0.0,435583207.5
2025-08-01 09:27:32 AM,205.15,0,0.0,435583207.5
2025-08-01 09:27:33 AM,205.15,300,61545.0,435644752.5
2025-08-01 09:27:33 AM,205.75,0,0.0,435644752.5
2025-08-01 09:27:34 AM,205.75,2025,416643.75,436061396.25
2025-08-01 09:27:34 AM,205.0,0,0.0,436061396.25
2025-08-01 09:27:35 AM,205.0,2475,507375.0,436568771.25
2025-08-01 09:27:35 AM,205.5,0,0.0,436568771.25
2025-08-01 09:27:36 AM,205.5,4650,955575.0,437524346.25
2025-08-01 09:27:36 AM,205.35,0,0.0,437524346.25
2025-08-01 09:27:36 AM,205.35,2850,585247.5,438109593.75
2025-08-01 09:27:37 AM,205.9,450,92655.0,438202248.75
2025-08-01 09:27:37 AM,205.0,0,0.0,438202248.75
2025-08-01 09:27:37 AM,205.6,0,0.0,438202248.75
2025-08-01 09:27:38 AM,205.4,975,200265.0,438402513.75
2025-08-01 09:27:38 AM,206.55,0,0.0,438402513.75
2025-08-01 09:27:39 AM,206.7,825,170527.5,438573041.25
2025-08-01 09:27:39 AM,206.75,0,0.0,438573041.25
2025-08-01 09:27:39 AM,206.8,0,0.0,438573041.25
2025-08-01 09:27:40 AM,206.8,1200,248160.0,438821201.25
2025-08-01 09:27:40 AM,205.5,0,0.0,438821201.25
2025-08-01 09:27:41 AM,205.6,6750,1387800.0,440209001.25
2025-08-01 09:27:41 AM,205.7,0,0.0,440209001.25
2025-08-01 09:27:41 AM,205.7,6450,1326765.0,441535766.25
2025-08-01 09:27:42 AM,205.0,3075,630375.0,442166141.25
2025-08-01 09:27:42 AM,204.65,0,0.0,442166141.25
2025-08-01 09:27:43 AM,204.95,1350,276682.5,442442823.75
2025-08-01 09:27:43 AM,203.9,0,0.0,442442823.75
2025-08-01 09:27:44 AM,204.4,750,153300.0,442596123.75
2025-08-01 09:27:44 AM,205.0,0,0.0,442596123.75
2025-08-01 09:27:45 AM,205.0,1050,215250.0,442811373.75
2025-08-01 09:27:45 AM,205.3,0,0.0,442811373.75
2025-08-01 09:27:46 AM,205.05,300,61515.0,442872888.75
2025-08-01 09:27:46 AM,205.15,0,0.0,442872888.75
2025-08-01 09:27:46 AM,205.15,225,46158.75,442919047.5
2025-08-01 09:27:46 AM,205.05,0,0.0,442919047.5
2025-08-01 09:27:47 AM,204.75,1050,214987.5,443134035.0
2025-08-01 09:27:47 AM,205.05,0,0.0,443134035.0
2025-08-01 09:27:48 AM,205.05,225,46136.25,443180171.25
2025-08-01 09:27:48 AM,205.0,0,0.0,443180171.25
2025-08-01 09:27:49 AM,205.1,1425,292267.5,443472438.75
2025-08-01 09:27:49 AM,205.2,0,0.0,443472438.75
2025-08-01 09:27:49 AM,205.75,0,0.0,443472438.75
2025-08-01 09:27:50 AM,205.75,1650,339487.5,443811926.25
2025-08-01 09:27:50 AM,206.15,0,0.0,443811926.25
2025-08-01 09:27:51 AM,206.15,450,92767.5,443904693.75
2025-08-01 09:27:51 AM,205.15,0,0.0,443904693.75
2025-08-01 09:27:51 AM,205.15,675,138476.25,444043170.0
2025-08-01 09:27:52 AM,205.35,525,107808.75,444150978.75
2025-08-01 09:27:52 AM,204.55,0,0.0,444150978.75
2025-08-01 09:27:53 AM,205.65,2475,508983.75,444659962.5
2025-08-01 09:27:53 AM,205.45,0,0.0,444659962.5
2025-08-01 09:27:54 AM,205.15,3300,676995.0,445336957.5
2025-08-01 09:27:54 AM,204.7,0,0.0,445336957.5
2025-08-01 09:27:54 AM,205.75,0,0.0,445336957.5
2025-08-01 09:27:55 AM,206.05,3225,664511.25,446001468.75
2025-08-01 09:27:55 AM,205.75,0,0.0,446001468.75
2025-08-01 09:27:56 AM,205.75,1425,293193.75,446294662.5
2025-08-01 09:27:56 AM,205.75,525,108018.75,446402681.25
2025-08-01 09:27:57 AM,206.6,2850,588810.0,446991491.25
2025-08-01 09:27:58 AM,205.75,1050,216037.5,447207528.75
2025-08-01 09:27:58 AM,206.0,0,0.0,447207528.75
2025-08-01 09:27:58 AM,205.8,0,0.0,447207528.75
2025-08-01 09:27:59 AM,205.4,525,107835.0,447315363.75
2025-08-01 09:27:59 AM,204.65,0,0.0,447315363.75
2025-08-01 09:27:59 AM,204.45,0,0.0,447315363.75
2025-08-01 09:28:00 AM,206.0,4875,1004250.0,448319613.75
2025-08-01 09:28:00 AM,205.55,0,0.0,448319613.75
2025-08-01 09:28:01 AM,205.85,825,169826.25,448489440.0
2025-08-01 09:28:01 AM,206.6,0,0.0,448489440.0
2025-08-01 09:28:01 AM,206.55,1800,371790.0,448861230.0
2025-08-01 09:28:01 AM,206.05,0,0.0,448861230.0
2025-08-01 09:28:02 AM,205.35,1125,231018.75,449092248.75
2025-08-01 09:28:03 AM,205.6,600,123360.0,449215608.75
2025-08-01 09:28:04 AM,205.2,150,30780.0,449246388.75
2025-08-01 09:28:04 AM,205.9,0,0.0,449246388.75
2025-08-01 09:28:05 AM,205.9,300,61770.0,449308158.75
2025-08-01 09:28:05 AM,205.45,0,0.0,449308158.75
2025-08-01 09:28:06 AM,205.65,2250,462712.5,449770871.25
2025-08-01 09:28:06 AM,204.2,0,0.0,449770871.25
2025-08-01 09:28:06 AM,204.0,12600,2570400.0,452341271.25
2025-08-01 09:28:07 AM,203.75,300,61125.0,452402396.25
2025-08-01 09:28:08 AM,203.7,375,76387.5,452478783.75
2025-08-01 09:28:09 AM,202.15,6675,1349351.25,453828135.0
2025-08-01 09:28:09 AM,200.2,0,0.0,453828135.0
2025-08-01 09:28:10 AM,199.4,144375,28788375.0,482616510.0
2025-08-01 09:28:10 AM,198.9,0,0.0,482616510.0
2025-08-01 09:28:11 AM,199.4,9300,1854420.0,484470930.0
2025-08-01 09:28:11 AM,199.55,0,0.0,484470930.0
2025-08-01 09:28:11 AM,200.2,0,0.0,484470930.0
2025-08-01 09:28:11 AM,200.2,27300,5465460.0,489936390.0
2025-08-01 09:28:11 AM,200.1,0,0.0,489936390.0
2025-08-01 09:28:12 AM,202.75,64125,13001343.75,502937733.75
2025-08-01 09:28:12 AM,202.1,0,0.0,502937733.75
2025-08-01 09:28:12 AM,202.3,0,0.0,502937733.75
2025-08-01 09:28:13 AM,202.7,1125,228037.5,503165771.25
2025-08-01 09:28:13 AM,202.35,0,0.0,503165771.25
2025-08-01 09:28:13 AM,202.1,0,0.0,503165771.25
2025-08-01 09:28:14 AM,202.65,2400,486360.0,503652131.25
2025-08-01 09:28:14 AM,202.4,0,0.0,503652131.25
2025-08-01 09:28:15 AM,202.3,600,121380.0,503773511.25
2025-08-01 09:28:16 AM,202.95,1350,273982.5,504047493.75
2025-08-01 09:28:16 AM,202.05,0,0.0,504047493.75
2025-08-01 09:28:16 AM,202.35,7125,1441743.75,505489237.5
2025-08-01 09:28:16 AM,202.0,0,0.0,505489237.5
2025-08-01 09:28:17 AM,202.3,1575,318622.5,505807860.0
2025-08-01 09:28:18 AM,203.6,675,137430.0,505945290.0
2025-08-01 09:28:18 AM,204.35,0,0.0,505945290.0
2025-08-01 09:28:19 AM,204.55,975,199436.25,506144726.25
2025-08-01 09:28:19 AM,204.05,0,0.0,506144726.25
2025-08-01 09:28:19 AM,204.25,0,0.0,506144726.25
2025-08-01 09:28:20 AM,204.05,2025,413201.25,506557927.5
2025-08-01 09:28:20 AM,203.85,0,0.0,506557927.5
2025-08-01 09:28:21 AM,203.85,450,91732.5,506649660.0
2025-08-01 09:28:21 AM,202.3,0,0.0,506649660.0
2025-08-01 09:28:21 AM,202.3,2400,485520.0,507135180.0
2025-08-01 09:28:22 AM,203.1,900,182790.0,507317970.0
2025-08-01 09:28:22 AM,202.95,0,0.0,507317970.0
2025-08-01 09:28:23 AM,202.9,1275,258697.5,507576667.5
2025-08-01 09:28:23 AM,202.4,0,0.0,507576667.5
2025-08-01 09:28:24 AM,202.35,450,91057.5,507667725.0
2025-08-01 09:28:24 AM,202.4,0,0.0,507667725.0
2025-08-01 09:28:25 AM,202.0,1200,242400.0,507910125.0
2025-08-01 09:28:25 AM,201.95,0,0.0,507910125.0
2025-08-01 09:28:25 AM,202.0,0,0.0,507910125.0
2025-08-01 09:28:26 AM,202.05,1725,348536.25,508258661.25
2025-08-01 09:28:26 AM,202.1,0,0.0,508258661.25
2025-08-01 09:28:26 AM,202.0,1500,303000.0,508561661.25
2025-08-01 09:28:27 AM,202.35,675,136586.25,508698247.5
2025-08-01 09:28:27 AM,202.75,0,0.0,508698247.5
2025-08-01 09:28:27 AM,202.7,0,0.0,508698247.5
2025-08-01 09:28:28 AM,202.3,1800,364140.0,509062387.5
2025-08-01 09:28:28 AM,202.95,0,0.0,509062387.5
2025-08-01 09:28:28 AM,202.5,0,0.0,509062387.5
2025-08-01 09:28:29 AM,202.0,1350,272700.0,509335087.5
2025-08-01 09:28:29 AM,201.9,0,0.0,509335087.5
2025-08-01 09:28:29 AM,201.5,0,0.0,509335087.5
2025-08-01 09:28:30 AM,201.95,2475,499826.25,509834913.75
2025-08-01 09:28:30 AM,201.75,0,0.0,509834913.75
2025-08-01 09:28:30 AM,201.6,0,0.0,509834913.75
2025-08-01 09:28:31 AM,201.0,4275,859275.0,510694188.75
2025-08-01 09:28:31 AM,201.45,0,0.0,510694188.75
2025-08-01 09:28:31 AM,201.55,2925,589533.75,511283722.5
2025-08-01 09:28:32 AM,202.0,1725,348450.0,511632172.5
2025-08-01 09:28:32 AM,201.7,0,0.0,511632172.5
2025-08-01 09:28:32 AM,202.25,0,0.0,511632172.5
2025-08-01 09:28:33 AM,203.5,4500,915750.0,512547922.5
2025-08-01 09:28:33 AM,204.45,0,0.0,512547922.5
2025-08-01 09:28:34 AM,204.25,2625,536156.25,513084078.75
2025-08-01 09:28:34 AM,204.0,0,0.0,513084078.75
2025-08-01 09:28:34 AM,204.1,0,0.0,513084078.75
2025-08-01 09:28:35 AM,203.85,1350,275197.5,513359276.25
2025-08-01 09:28:35 AM,203.7,0,0.0,513359276.25
2025-08-01 09:28:35 AM,203.85,0,0.0,513359276.25
2025-08-01 09:28:36 AM,203.8,3000,611400.0,513970676.25
2025-08-01 09:28:36 AM,204.8,0,0.0,513970676.25
2025-08-01 09:28:36 AM,204.85,0,0.0,513970676.25
