date,price,qty,trnvr,cum_trnvr
2025-08-01 09:15:00 AM,87.5,600,52500.0,52500.0
2025-08-01 09:15:00 AM,85.2,0,0.0,52500.0
2025-08-01 09:15:00 AM,81.15,0,0.0,52500.0
2025-08-01 09:15:00 AM,81.1,5100,413610.0,466110.0
2025-08-01 09:15:00 AM,81.25,0,0.0,466110.0
2025-08-01 09:15:00 AM,80.25,0,0.0,466110.0
2025-08-01 09:15:00 AM,84.55,8625,729243.75,1195353.75
2025-08-01 09:15:00 AM,84.6,1275,107865.0,1303218.75
2025-08-01 09:15:01 AM,80.9,0,0.0,1303218.75
2025-08-01 09:15:01 AM,80.75,0,0.0,1303218.75
2025-08-01 09:15:01 AM,80.0,17550,1404000.0,2707218.75
2025-08-01 09:15:02 AM,79.75,9300,741675.0,3448893.75
2025-08-01 09:15:02 AM,78.6,0,0.0,3448893.75
2025-08-01 09:15:02 AM,77.6,0,0.0,3448893.75
2025-08-01 09:15:03 AM,73.7,53400,3935580.0,7384473.75
2025-08-01 09:15:03 AM,74.4,1200,89280.0,7473753.75
2025-08-01 09:15:03 AM,73.35,0,0.0,7473753.75
2025-08-01 09:15:03 AM,74.05,0,0.0,7473753.75
2025-08-01 09:15:04 AM,75.0,24150,1811250.0,9285003.75
2025-08-01 09:15:04 AM,74.2,0,0.0,9285003.75
2025-08-01 09:15:04 AM,75.05,0,0.0,9285003.75
2025-08-01 09:15:04 AM,75.2,1200,90240.0,9375243.75
2025-08-01 09:15:05 AM,74.55,30375,2264456.25,11639700.0
2025-08-01 09:15:05 AM,74.85,0,0.0,11639700.0
2025-08-01 09:15:05 AM,74.25,5925,439931.25,12079631.25
2025-08-01 09:15:06 AM,73.7,0,0.0,12079631.25
2025-08-01 09:15:06 AM,73.8,0,0.0,12079631.25
2025-08-01 09:15:06 AM,73.4,11625,853275.0000000001,12932906.25
2025-08-01 09:15:06 AM,72.65,1725,125321.25000000001,13058227.5
2025-08-01 09:15:07 AM,70.8,0,0.0,13058227.5
2025-08-01 09:15:07 AM,70.55,0,0.0,13058227.5
2025-08-01 09:15:07 AM,70.55,31875,2248781.25,15307008.75
2025-08-01 09:15:08 AM,70.75,5400,382050.0,15689058.75
2025-08-01 09:15:08 AM,71.55,0,0.0,15689058.75
2025-08-01 09:15:08 AM,71.25,0,0.0,15689058.75
2025-08-01 09:15:09 AM,70.3,32250,2267175.0,17956233.75
2025-08-01 09:15:09 AM,70.5,0,0.0,17956233.75
2025-08-01 09:15:09 AM,70.55,0,0.0,17956233.75
2025-08-01 09:15:09 AM,70.5,4950,348975.0,18305208.75
2025-08-01 09:15:10 AM,70.45,18750,1320937.5,19626146.25
2025-08-01 09:15:10 AM,70.3,0,0.0,19626146.25
2025-08-01 09:15:10 AM,70.55,14925,1052958.75,20679105.0
2025-08-01 09:15:11 AM,71.65,0,0.0,20679105.0
2025-08-01 09:15:11 AM,70.95,0,0.0,20679105.0
2025-08-01 09:15:11 AM,72.0,35550,2559600.0,23238705.0
2025-08-01 09:15:11 AM,71.35,5550,395992.49999999994,23634697.5
2025-08-01 09:15:12 AM,70.8,0,0.0,23634697.5
2025-08-01 09:15:12 AM,71.15,0,0.0,23634697.5
2025-08-01 09:15:12 AM,70.65,24150,1706197.5000000002,25340895.0
2025-08-01 09:15:13 AM,71.8,14100,1012380.0,26353275.0
2025-08-01 09:15:13 AM,71.4,0,0.0,26353275.0
2025-08-01 09:15:13 AM,71.1,0,0.0,26353275.0
2025-08-01 09:15:14 AM,70.45,30900,2176905.0,28530180.0
2025-08-01 09:15:14 AM,70.15,0,0.0,28530180.0
2025-08-01 09:15:14 AM,70.0,0,0.0,28530180.0
2025-08-01 09:15:14 AM,70.25,19950,1401487.5,29931667.5
2025-08-01 09:15:15 AM,72.0,0,0.0,29931667.5
2025-08-01 09:15:15 AM,71.75,0,0.0,29931667.5
2025-08-01 09:15:15 AM,71.8,47475,3408705.0,33340372.5
2025-08-01 09:15:15 AM,70.95,1650,117067.5,33457440.0
2025-08-01 09:15:16 AM,71.1,0,0.0,33457440.0
2025-08-01 09:15:16 AM,70.65,22650,1600222.5000000002,35057662.5
2025-08-01 09:15:16 AM,72.1,12450,897644.9999999999,35955307.5
2025-08-01 09:15:17 AM,72.35,0,0.0,35955307.5
2025-08-01 09:15:17 AM,72.85,0,0.0,35955307.5
2025-08-01 09:15:18 AM,72.7,29775,2164642.5,38119950.0
2025-08-01 09:15:18 AM,72.2,3975,286995.0,38406945.0
2025-08-01 09:15:18 AM,71.9,0,0.0,38406945.0
2025-08-01 09:15:18 AM,71.95,0,0.0,38406945.0
2025-08-01 09:15:19 AM,73.5,0,0.0,38406945.0
2025-08-01 09:15:19 AM,73.5,24750,1819125.0,40226070.0
2025-08-01 09:15:19 AM,73.35,0,0.0,40226070.0
2025-08-01 09:15:19 AM,73.25,4950,362587.5,40588657.5
2025-08-01 09:15:20 AM,73.4,0,0.0,40588657.5
2025-08-01 09:15:20 AM,73.35,0,0.0,40588657.5
2025-08-01 09:15:20 AM,73.25,16875,1236093.75,41824751.25
2025-08-01 09:15:20 AM,73.75,3150,232312.5,42057063.75
2025-08-01 09:15:21 AM,74.1,0,0.0,42057063.75
2025-08-01 09:15:21 AM,73.8,0,0.0,42057063.75
2025-08-01 09:15:22 AM,75.45,19200,1448640.0,43505703.75
2025-08-01 09:15:22 AM,75.95,10500,797475.0,44303178.75
2025-08-01 09:15:22 AM,76.15,0,0.0,44303178.75
2025-08-01 09:15:22 AM,76.35,0,0.0,44303178.75
2025-08-01 09:15:23 AM,75.9,0,0.0,44303178.75
2025-08-01 09:15:23 AM,76.1,0,0.0,44303178.75
2025-08-01 09:15:23 AM,76.25,38250,2916562.5,47219741.25
2025-08-01 09:15:23 AM,77.4,11550,893970.0000000001,48113711.25
2025-08-01 09:15:24 AM,77.25,0,0.0,48113711.25
2025-08-01 09:15:24 AM,77.35,0,0.0,48113711.25
2025-08-01 09:15:25 AM,77.1,37500,2891250.0,51004961.25
2025-08-01 09:15:25 AM,77.25,9975,770568.75,51775530.0
2025-08-01 09:15:25 AM,77.4,0,0.0,51775530.0
2025-08-01 09:15:26 AM,77.25,0,0.0,51775530.0
2025-08-01 09:15:26 AM,77.25,23550,1819237.5,53594767.5
2025-08-01 09:15:26 AM,77.4,0,0.0,53594767.5
2025-08-01 09:15:26 AM,76.9,7650,588285.0,54183052.5
2025-08-01 09:15:27 AM,77.0,0,0.0,54183052.5
2025-08-01 09:15:27 AM,76.8,0,0.0,54183052.5
2025-08-01 09:15:28 AM,78.3,42000,3288600.0,57471652.5
2025-08-01 09:15:28 AM,79.0,6300,497700.0,57969352.5
2025-08-01 09:15:28 AM,78.6,0,0.0,57969352.5
2025-08-01 09:15:28 AM,79.0,0,0.0,57969352.5
2025-08-01 09:15:29 AM,79.5,0,0.0,57969352.5
2025-08-01 09:15:29 AM,79.2,54375,4306500.0,62275852.5
2025-08-01 09:15:29 AM,79.35,0,0.0,62275852.5
2025-08-01 09:15:29 AM,79.45,6525,518411.25,62794263.75
2025-08-01 09:15:30 AM,78.25,0,0.0,62794263.75
2025-08-01 09:15:30 AM,78.05,0,0.0,62794263.75
2025-08-01 09:15:30 AM,78.2,27450,2146590.0,64940853.75
2025-08-01 09:15:31 AM,77.6,7125,552900.0,65493753.75
2025-08-01 09:15:31 AM,77.8,0,0.0,65493753.75
2025-08-01 09:15:31 AM,78.0,0,0.0,65493753.75
2025-08-01 09:15:32 AM,77.25,0,0.0,65493753.75
2025-08-01 09:15:32 AM,77.05,32100,2473305.0,67967058.75
2025-08-01 09:15:32 AM,76.75,6750,518062.5,68485121.25
2025-08-01 09:15:33 AM,77.8,0,0.0,68485121.25
2025-08-01 09:15:33 AM,77.5,0,0.0,68485121.25
2025-08-01 09:15:33 AM,77.75,27450,2134237.5,70619358.75
2025-08-01 09:15:34 AM,77.2,2775,214230.0,70833588.75
2025-08-01 09:15:35 AM,77.1,0,0.0,70833588.75
2025-08-01 09:15:35 AM,77.15,17775,1371341.25,72204930.0
2025-08-01 09:15:35 AM,77.0,0,0.0,72204930.0
2025-08-01 09:15:35 AM,77.4,5850,452790.00000000006,72657720.0
2025-08-01 09:15:36 AM,77.45,0,0.0,72657720.0
2025-08-01 09:15:36 AM,77.0,0,0.0,72657720.0
2025-08-01 09:15:36 AM,76.8,18225,1399680.0,74057400.0
2025-08-01 09:15:37 AM,77.4,4200,325080.0,74382480.0
2025-08-01 09:15:37 AM,77.95,0,0.0,74382480.0
2025-08-01 09:15:38 AM,79.55,0,0.0,74382480.0
2025-08-01 09:15:38 AM,79.55,24300,1933065.0,76315545.0
2025-08-01 09:15:38 AM,79.8,0,0.0,76315545.0
2025-08-01 09:15:38 AM,79.55,600,47730.0,76363275.0
2025-08-01 09:15:39 AM,78.05,0,0.0,76363275.0
2025-08-01 09:15:39 AM,77.75,23775,1848506.25,78211781.25
2025-08-01 09:15:40 AM,77.5,4575,354562.5,78566343.75
2025-08-01 09:15:40 AM,76.9,0,0.0,78566343.75
2025-08-01 09:15:40 AM,77.1,0,0.0,78566343.75
2025-08-01 09:15:41 AM,78.25,14400,1126800.0,79693143.75
2025-08-01 09:15:41 AM,77.7,0,0.0,79693143.75
2025-08-01 09:15:41 AM,77.75,0,0.0,79693143.75
2025-08-01 09:15:41 AM,77.9,3900,303810.0,79996953.75
2025-08-01 09:15:42 AM,78.0,0,0.0,79996953.75
2025-08-01 09:15:42 AM,77.9,0,0.0,79996953.75
2025-08-01 09:15:42 AM,77.6,14175,1099980.0,81096933.75
2025-08-01 09:15:43 AM,77.75,1575,122456.25,81219390.0
2025-08-01 09:15:44 AM,77.9,10800,841320.0000000001,82060710.0
2025-08-01 09:15:44 AM,78.0,0,0.0,82060710.0
2025-08-01 09:15:44 AM,77.75,0,0.0,82060710.0
2025-08-01 09:15:44 AM,77.8,2550,198390.0,82259100.0
2025-08-01 09:15:45 AM,77.7,0,0.0,82259100.0
2025-08-01 09:15:45 AM,77.65,0,0.0,82259100.0
2025-08-01 09:15:45 AM,77.25,21750,1680187.5,83939287.5
2025-08-01 09:15:46 AM,77.2,2025,156330.0,84095617.5
2025-08-01 09:15:46 AM,76.85,0,0.0,84095617.5
2025-08-01 09:15:47 AM,76.5,13050,998325.0,85093942.5
2025-08-01 09:15:47 AM,76.4,0,0.0,85093942.5
2025-08-01 09:15:47 AM,76.0,0,0.0,85093942.5
2025-08-01 09:15:47 AM,76.15,4725,359808.75,85453751.25
2025-08-01 09:15:48 AM,75.3,0,0.0,85453751.25
2025-08-01 09:15:48 AM,75.8,0,0.0,85453751.25
2025-08-01 09:15:48 AM,75.8,20775,1574745.0,87028496.25
2025-08-01 09:15:49 AM,75.9,3975,301702.5,87330198.75
2025-08-01 09:15:49 AM,76.4,0,0.0,87330198.75
2025-08-01 09:15:49 AM,76.0,0,0.0,87330198.75
2025-08-01 09:15:50 AM,75.6,0,0.0,87330198.75
2025-08-01 09:15:50 AM,75.35,15075,1135901.25,88466100.0
2025-08-01 09:15:50 AM,75.6,0,0.0,88466100.0
2025-08-01 09:15:50 AM,75.6,1950,147420.0,88613520.0
2025-08-01 09:15:51 AM,75.75,0,0.0,88613520.0
2025-08-01 09:15:51 AM,75.95,0,0.0,88613520.0
2025-08-01 09:15:51 AM,75.6,11850,895859.9999999999,89509380.0
2025-08-01 09:15:52 AM,75.9,4725,358627.5,89868007.5
2025-08-01 09:15:52 AM,77.05,0,0.0,89868007.5
2025-08-01 09:15:53 AM,77.05,11550,889927.5,90757935.0
2025-08-01 09:15:53 AM,76.4,0,0.0,90757935.0
2025-08-01 09:15:53 AM,76.85,0,0.0,90757935.0
2025-08-01 09:15:53 AM,76.8,5250,403200.0,91161135.0
2025-08-01 09:15:54 AM,76.35,0,0.0,91161135.0
2025-08-01 09:15:54 AM,76.4,0,0.0,91161135.0
2025-08-01 09:15:54 AM,76.45,16350,1249957.5,92411092.5
2025-08-01 09:15:55 AM,76.75,900,69075.0,92480167.5
2025-08-01 09:15:55 AM,76.65,0,0.0,92480167.5
2025-08-01 09:15:56 AM,77.5,11775,912562.5,93392730.0
2025-08-01 09:15:56 AM,77.35,0,0.0,93392730.0
2025-08-01 09:15:56 AM,77.4,0,0.0,93392730.0
2025-08-01 09:15:56 AM,77.55,1575,122141.25,93514871.25
2025-08-01 09:15:57 AM,77.4,0,0.0,93514871.25
2025-08-01 09:15:57 AM,77.3,11625,898612.5,94413483.75
2025-08-01 09:15:58 AM,77.35,2700,208844.99999999997,94622328.75
2025-08-01 09:15:58 AM,76.75,0,0.0,94622328.75
2025-08-01 09:15:59 AM,76.0,13725,1043100.0,95665428.75
2025-08-01 09:15:59 AM,75.45,0,0.0,95665428.75
2025-08-01 09:15:59 AM,75.4,0,0.0,95665428.75
2025-08-01 09:15:59 AM,75.1,14625,1098337.5,96763766.25
2025-08-01 09:16:00 AM,74.3,0,0.0,96763766.25
2025-08-01 09:16:00 AM,73.95,0,0.0,96763766.25
2025-08-01 09:16:00 AM,74.25,45450,3374662.5,100138428.75
2025-08-01 09:16:01 AM,74.75,2250,168187.5,100306616.25
2025-08-01 09:16:01 AM,74.1,0,0.0,100306616.25
2025-08-01 09:16:01 AM,74.2,0,0.0,100306616.25
2025-08-01 09:16:02 AM,74.7,0,0.0,100306616.25
2025-08-01 09:16:02 AM,74.55,0,0.0,100306616.25
2025-08-01 09:16:02 AM,74.55,35475,2644661.25,102951277.5
2025-08-01 09:16:02 AM,74.9,1500,112350.00000000001,103063627.5
2025-08-01 09:16:03 AM,73.65,0,0.0,103063627.5
2025-08-01 09:16:03 AM,73.5,0,0.0,103063627.5
2025-08-01 09:16:03 AM,74.75,39075,2920856.25,105984483.75
2025-08-01 09:16:04 AM,74.7,3750,280125.0,106264608.75
2025-08-01 09:16:04 AM,74.8,0,0.0,106264608.75
2025-08-01 09:16:04 AM,74.4,0,0.0,106264608.75
2025-08-01 09:16:05 AM,74.65,0,0.0,106264608.75
2025-08-01 09:16:05 AM,74.8,40350,3018180.0,109282788.75
2025-08-01 09:16:05 AM,74.35,3150,234202.49999999997,109516991.25
2025-08-01 09:16:06 AM,75.65,0,0.0,109516991.25
2025-08-01 09:16:06 AM,75.55,0,0.0,109516991.25
2025-08-01 09:16:06 AM,75.9,26250,1992375.0000000002,111509366.25
2025-08-01 09:16:07 AM,76.95,6075,467471.25,111976837.5
2025-08-01 09:16:07 AM,77.15,0,0.0,111976837.5
2025-08-01 09:16:07 AM,76.9,0,0.0,111976837.5
2025-08-01 09:16:08 AM,76.15,63975,4871696.25,116848533.75
2025-08-01 09:16:08 AM,76.05,0,0.0,116848533.75
2025-08-01 09:16:08 AM,76.1,0,0.0,116848533.75
2025-08-01 09:16:08 AM,76.1,3300,251129.99999999997,117099663.75
2025-08-01 09:16:09 AM,76.65,0,0.0,117099663.75
2025-08-01 09:16:09 AM,76.9,0,0.0,117099663.75
2025-08-01 09:16:09 AM,77.35,17625,1363293.75,118462957.5
2025-08-01 09:16:10 AM,77.5,3300,255750.0,118718707.5
2025-08-01 09:16:10 AM,76.6,0,0.0,118718707.5
2025-08-01 09:16:10 AM,76.85,0,0.0,118718707.5
2025-08-01 09:16:11 AM,78.1,61800,4826580.0,123545287.5
2025-08-01 09:16:11 AM,78.7,0,0.0,123545287.5
2025-08-01 09:16:11 AM,78.8,5550,437340.0,123982627.5
2025-08-01 09:16:12 AM,78.15,0,0.0,123982627.5
2025-08-01 09:16:12 AM,78.4,26250,2058000.0000000002,126040627.5
2025-08-01 09:16:13 AM,77.95,1950,152002.5,126192630.0
2025-08-01 09:16:13 AM,77.3,0,0.0,126192630.0
2025-08-01 09:16:13 AM,77.0,0,0.0,126192630.0
2025-08-01 09:16:14 AM,77.05,0,0.0,126192630.0
2025-08-01 09:16:14 AM,77.1,0,0.0,126192630.0
2025-08-01 09:16:14 AM,77.35,17400,1345890.0,127538520.0
2025-08-01 09:16:14 AM,77.5,525,40687.5,127579207.5
2025-08-01 09:16:15 AM,78.25,0,0.0,127579207.5
2025-08-01 09:16:15 AM,78.3,0,0.0,127579207.5
2025-08-01 09:16:15 AM,77.95,8775,684011.25,128263218.75
2025-08-01 09:16:16 AM,77.7,1050,81585.0,128344803.75
2025-08-01 09:16:16 AM,78.0,0,0.0,128344803.75
2025-08-01 09:16:16 AM,78.15,0,0.0,128344803.75
2025-08-01 09:16:17 AM,78.55,0,0.0,128344803.75
2025-08-01 09:16:17 AM,78.4,0,0.0,128344803.75
2025-08-01 09:16:17 AM,78.45,23400,1835730.0,130180533.75
2025-08-01 09:16:17 AM,77.95,675,52616.25,130233150.0
2025-08-01 09:16:18 AM,78.85,0,0.0,130233150.0
2025-08-01 09:16:18 AM,78.55,24150,1896982.5,132130132.5
2025-08-01 09:16:19 AM,79.2,8025,635580.0,132765712.5
2025-08-01 09:16:19 AM,79.75,0,0.0,132765712.5
2025-08-01 09:16:20 AM,79.95,51900,4149405.0,136915117.5
2025-08-01 09:16:20 AM,80.0,0,0.0,136915117.5
2025-08-01 09:16:20 AM,79.8,0,0.0,136915117.5
2025-08-01 09:16:20 AM,80.15,4125,330618.75,137245736.25
2025-08-01 09:16:21 AM,79.55,0,0.0,137245736.25
2025-08-01 09:16:21 AM,79.7,0,0.0,137245736.25
2025-08-01 09:16:21 AM,79.75,16650,1327837.5,138573573.75
2025-08-01 09:16:22 AM,79.8,1950,155610.0,138729183.75
2025-08-01 09:16:22 AM,79.45,0,0.0,138729183.75
2025-08-01 09:16:23 AM,79.1,0,0.0,138729183.75
2025-08-01 09:16:23 AM,79.2,0,0.0,138729183.75
2025-08-01 09:16:23 AM,79.2,11925,944460.0,139673643.75
2025-08-01 09:16:23 AM,79.2,375,29700.0,139703343.75
2025-08-01 09:16:24 AM,78.45,0,0.0,139703343.75
2025-08-01 09:16:24 AM,78.3,0,0.0,139703343.75
2025-08-01 09:16:24 AM,78.75,17475,1376156.25,141079500.0
2025-08-01 09:16:25 AM,78.4,225,17640.0,141097140.0
2025-08-01 09:16:25 AM,78.7,0,0.0,141097140.0
2025-08-01 09:16:25 AM,78.65,0,0.0,141097140.0
2025-08-01 09:16:26 AM,78.7,11100,873570.0,141970710.0
2025-08-01 09:16:26 AM,78.35,0,0.0,141970710.0
2025-08-01 09:16:26 AM,78.45,0,0.0,141970710.0
2025-08-01 09:16:26 AM,78.5,4275,335587.5,142306297.5
2025-08-01 09:16:27 AM,78.4,0,0.0,142306297.5
2025-08-01 09:16:27 AM,78.6,0,0.0,142306297.5
2025-08-01 09:16:27 AM,78.65,8250,648862.5,142955160.0
2025-08-01 09:16:28 AM,78.55,600,47130.0,143002290.0
2025-08-01 09:16:28 AM,78.95,0,0.0,143002290.0
2025-08-01 09:16:28 AM,78.75,0,0.0,143002290.0
2025-08-01 09:16:29 AM,77.95,29925,2332653.75,145334943.75
2025-08-01 09:16:29 AM,78.2,0,0.0,145334943.75
2025-08-01 09:16:29 AM,78.25,0,0.0,145334943.75
2025-08-01 09:16:29 AM,78.3,4200,328860.0,145663803.75
2025-08-01 09:16:30 AM,78.15,0,0.0,145663803.75
2025-08-01 09:16:30 AM,77.95,15750,1227712.5,146891516.25
2025-08-01 09:16:31 AM,77.9,750,58425.00000000001,146949941.25
2025-08-01 09:16:31 AM,78.2,0,0.0,146949941.25
2025-08-01 09:16:31 AM,78.15,0,0.0,146949941.25
2025-08-01 09:16:32 AM,78.25,35775,2799393.75,149749335.0
2025-08-01 09:16:32 AM,78.3,0,0.0,149749335.0
2025-08-01 09:16:32 AM,78.6,3825,300645.0,150049980.0
2025-08-01 09:16:33 AM,78.65,0,0.0,150049980.0
2025-08-01 09:16:33 AM,78.7,0,0.0,150049980.0
2025-08-01 09:16:33 AM,78.55,6300,494865.0,150544845.0
2025-08-01 09:16:34 AM,78.35,3150,246802.49999999997,150791647.5
2025-08-01 09:16:34 AM,78.55,0,0.0,150791647.5
2025-08-01 09:16:35 AM,77.85,12075,940038.7499999999,151731686.25
2025-08-01 09:16:35 AM,78.0,0,0.0,151731686.25
2025-08-01 09:16:35 AM,78.1,0,0.0,151731686.25
2025-08-01 09:16:35 AM,78.4,5250,411600.00000000006,152143286.25
2025-08-01 09:16:36 AM,78.0,0,0.0,152143286.25
2025-08-01 09:16:36 AM,77.95,0,0.0,152143286.25
2025-08-01 09:16:36 AM,77.85,5250,408712.49999999994,152551998.75
2025-08-01 09:16:37 AM,77.95,1950,152002.5,152704001.25
2025-08-01 09:16:37 AM,77.8,0,0.0,152704001.25
2025-08-01 09:16:37 AM,77.55,0,0.0,152704001.25
2025-08-01 09:16:38 AM,77.45,25125,1945931.25,154649932.5
2025-08-01 09:16:38 AM,77.6,0,0.0,154649932.5
2025-08-01 09:16:38 AM,77.45,0,0.0,154649932.5
2025-08-01 09:16:38 AM,77.25,4125,318656.25,154968588.75
2025-08-01 09:16:39 AM,77.2,0,0.0,154968588.75
2025-08-01 09:16:39 AM,77.45,0,0.0,154968588.75
2025-08-01 09:16:39 AM,77.55,5850,453667.5,155422256.25
2025-08-01 09:16:40 AM,77.35,7350,568522.5,155990778.75
2025-08-01 09:16:40 AM,76.85,0,0.0,155990778.75
2025-08-01 09:16:41 AM,76.8,25275,1941120.0,157931898.75
2025-08-01 09:16:41 AM,76.85,0,0.0,157931898.75
2025-08-01 09:16:41 AM,76.7,0,0.0,157931898.75
2025-08-01 09:16:41 AM,76.85,5175,397698.74999999994,158329597.5
2025-08-01 09:16:42 AM,76.65,0,0.0,158329597.5
2025-08-01 09:16:42 AM,76.5,0,0.0,158329597.5
2025-08-01 09:16:42 AM,76.65,6075,465648.75000000006,158795246.25
2025-08-01 09:16:43 AM,77.15,2475,190946.25,158986192.5
2025-08-01 09:16:43 AM,76.9,0,0.0,158986192.5
2025-08-01 09:16:43 AM,77.1,0,0.0,158986192.5
2025-08-01 09:16:44 AM,76.75,8550,656212.5,159642405.0
2025-08-01 09:16:44 AM,76.55,0,0.0,159642405.0
2025-08-01 09:16:44 AM,76.55,3000,229650.0,159872055.0
2025-08-01 09:16:45 AM,76.5,0,0.0,159872055.0
2025-08-01 09:16:46 AM,76.25,10500,800625.0,160672680.0
2025-08-01 09:16:46 AM,76.25,600,45750.0,160718430.0
2025-08-01 09:16:46 AM,76.0,0,0.0,160718430.0
2025-08-01 09:16:47 AM,76.0,20625,1567500.0,162285930.0
2025-08-01 09:16:47 AM,76.25,0,0.0,162285930.0
2025-08-01 09:16:47 AM,76.2,0,0.0,162285930.0
2025-08-01 09:16:47 AM,76.05,1725,131186.25,162417116.25
2025-08-01 09:16:48 AM,76.15,0,0.0,162417116.25
2025-08-01 09:16:48 AM,76.25,0,0.0,162417116.25
2025-08-01 09:16:48 AM,76.25,6225,474656.25,162891772.5
2025-08-01 09:16:49 AM,76.35,675,51536.24999999999,162943308.75
2025-08-01 09:16:49 AM,75.45,0,0.0,162943308.75
2025-08-01 09:16:49 AM,75.4,0,0.0,162943308.75
2025-08-01 09:16:50 AM,76.45,19050,1456372.5,164399681.25
2025-08-01 09:16:50 AM,76.35,0,0.0,164399681.25
2025-08-01 09:16:50 AM,76.6,0,0.0,164399681.25
2025-08-01 09:16:50 AM,76.1,4200,319620.0,164719301.25
2025-08-01 09:16:51 AM,76.4,0,0.0,164719301.25
2025-08-01 09:16:51 AM,76.2,0,0.0,164719301.25
2025-08-01 09:16:51 AM,76.05,8175,621708.75,165341010.0
2025-08-01 09:16:52 AM,75.65,3300,249645.00000000003,165590655.0
2025-08-01 09:16:52 AM,75.6,0,0.0,165590655.0
2025-08-01 09:16:52 AM,75.8,0,0.0,165590655.0
2025-08-01 09:16:53 AM,75.85,9975,756603.75,166347258.75
2025-08-01 09:16:53 AM,75.8,450,34110.0,166381368.75
2025-08-01 09:16:53 AM,75.55,0,0.0,166381368.75
2025-08-01 09:16:54 AM,75.15,0,0.0,166381368.75
2025-08-01 09:16:54 AM,75.1,0,0.0,166381368.75
2025-08-01 09:16:54 AM,74.85,22275,1667283.7499999998,168048652.5
2025-08-01 09:16:55 AM,74.9,1800,134820.0,168183472.5
2025-08-01 09:16:55 AM,74.85,0,0.0,168183472.5
2025-08-01 09:16:56 AM,74.65,21300,1590045.0000000002,169773517.5
2025-08-01 09:16:56 AM,74.75,0,0.0,169773517.5
2025-08-01 09:16:56 AM,74.8,0,0.0,169773517.5
2025-08-01 09:16:56 AM,74.85,1800,134730.0,169908247.5
2025-08-01 09:16:57 AM,74.9,0,0.0,169908247.5
2025-08-01 09:16:58 AM,74.6,17325,1292445.0,171200692.5
2025-08-01 09:16:58 AM,74.85,1800,134730.0,171335422.5
2025-08-01 09:16:58 AM,74.5,0,0.0,171335422.5
2025-08-01 09:16:58 AM,74.55,0,0.0,171335422.5
2025-08-01 09:16:59 AM,74.25,8325,618131.25,171953553.75
2025-08-01 09:16:59 AM,74.1,0,0.0,171953553.75
2025-08-01 09:16:59 AM,74.1,750,55574.99999999999,172009128.75
2025-08-01 09:17:00 AM,74.0,0,0.0,172009128.75
2025-08-01 09:17:00 AM,73.75,0,0.0,172009128.75
2025-08-01 09:17:01 AM,73.45,24825,1823396.25,173832525.0
2025-08-01 09:17:01 AM,73.65,2250,165712.5,173998237.5
2025-08-01 09:17:01 AM,73.4,0,0.0,173998237.5
2025-08-01 09:17:01 AM,73.7,0,0.0,173998237.5
2025-08-01 09:17:02 AM,73.6,29625,2180400.0,176178637.5
2025-08-01 09:17:02 AM,73.65,0,0.0,176178637.5
2025-08-01 09:17:02 AM,73.7,4200,309540.0,176488177.5
2025-08-01 09:17:03 AM,73.2,0,0.0,176488177.5
2025-08-01 09:17:03 AM,73.05,0,0.0,176488177.5
2025-08-01 09:17:03 AM,73.35,22950,1683382.4999999998,178171560.0
2025-08-01 09:17:04 AM,73.2,3225,236070.0,178407630.0
2025-08-01 09:17:04 AM,73.4,0,0.0,178407630.0
2025-08-01 09:17:05 AM,73.2,11700,856440.0,179264070.0
2025-08-01 09:17:05 AM,73.15,0,0.0,179264070.0
2025-08-01 09:17:05 AM,73.2,900,65880.0,179329950.0
2025-08-01 09:17:05 AM,73.15,0,0.0,179329950.0
2025-08-01 09:17:06 AM,72.9,0,0.0,179329950.0
2025-08-01 09:17:06 AM,72.7,15300,1112310.0,180442260.0
2025-08-01 09:17:07 AM,72.75,3975,289181.25,180731441.25
2025-08-01 09:17:07 AM,72.9,0,0.0,180731441.25
2025-08-01 09:17:08 AM,73.0,8475,618675.0,181350116.25
2025-08-01 09:17:08 AM,73.15,0,0.0,181350116.25
2025-08-01 09:17:08 AM,73.05,6375,465693.75,181815810.0
2025-08-01 09:17:09 AM,73.4,0,0.0,181815810.0
2025-08-01 09:17:09 AM,73.4,20625,1513875.0000000002,183329685.0
2025-08-01 09:17:09 AM,73.5,2325,170887.5,183500572.5
2025-08-01 09:17:10 AM,73.0,0,0.0,183500572.5
2025-08-01 09:17:10 AM,72.8,0,0.0,183500572.5
2025-08-01 09:17:11 AM,72.85,12900,939764.9999999999,184440337.5
2025-08-01 09:17:11 AM,72.95,0,0.0,184440337.5
2025-08-01 09:17:11 AM,72.95,1050,76597.5,184516935.0
2025-08-01 09:17:12 AM,73.5,0,0.0,184516935.0
2025-08-01 09:17:12 AM,73.7,0,0.0,184516935.0
2025-08-01 09:17:12 AM,73.5,13500,992250.0,185509185.0
2025-08-01 09:17:12 AM,73.6,525,38640.0,185547825.0
2025-08-01 09:17:14 AM,74.05,11775,871938.75,186419763.75
2025-08-01 09:17:14 AM,73.9,375,27712.500000000004,186447476.25
2025-08-01 09:17:14 AM,74.05,0,0.0,186447476.25
2025-08-01 09:17:14 AM,74.1,0,0.0,186447476.25
2025-08-01 09:17:15 AM,73.95,0,0.0,186447476.25
2025-08-01 09:17:15 AM,74.1,0,0.0,186447476.25
2025-08-01 09:17:15 AM,74.1,14625,1083712.5,187531188.75
2025-08-01 09:17:15 AM,73.9,4500,332550.0,187863738.75
2025-08-01 09:17:16 AM,73.45,0,0.0,187863738.75
2025-08-01 09:17:17 AM,73.65,10350,762277.5000000001,188626016.25
2025-08-01 09:17:17 AM,73.5,1425,104737.5,188730753.75
2025-08-01 09:17:17 AM,73.8,0,0.0,188730753.75
2025-08-01 09:17:17 AM,73.7,0,0.0,188730753.75
2025-08-01 09:17:18 AM,73.6,0,0.0,188730753.75
2025-08-01 09:17:18 AM,73.65,0,0.0,188730753.75
2025-08-01 09:17:18 AM,73.7,13425,989422.5,189720176.25
2025-08-01 09:17:18 AM,73.65,3975,292758.75,190012935.0
2025-08-01 09:17:19 AM,73.6,0,0.0,190012935.0
2025-08-01 09:17:20 AM,73.6,4425,325680.0,190338615.0
2025-08-01 09:17:20 AM,73.5,750,55125.0,190393740.0
2025-08-01 09:17:20 AM,73.6,0,0.0,190393740.0
2025-08-01 09:17:21 AM,73.65,0,0.0,190393740.0
2025-08-01 09:17:21 AM,73.8,7875,581175.0,190974915.0
2025-08-01 09:17:21 AM,74.05,4050,299902.5,191274817.5
2025-08-01 09:17:22 AM,74.2,0,0.0,191274817.5
2025-08-01 09:17:22 AM,74.15,0,0.0,191274817.5
2025-08-01 09:17:23 AM,74.4,7425,552420.0,191827237.5
2025-08-01 09:17:23 AM,74.25,825,61256.25,191888493.75
2025-08-01 09:17:23 AM,74.4,0,0.0,191888493.75
2025-08-01 09:17:23 AM,74.3,0,0.0,191888493.75
2025-08-01 09:17:24 AM,75.05,0,0.0,191888493.75
2025-08-01 09:17:24 AM,75.1,0,0.0,191888493.75
2025-08-01 09:17:24 AM,75.1,17700,1329270.0,193217763.75
2025-08-01 09:17:24 AM,74.85,2475,185253.75,193403017.5
2025-08-01 09:17:25 AM,75.1,0,0.0,193403017.5
2025-08-01 09:17:26 AM,75.6,15900,1202040.0,194605057.5
2025-08-01 09:17:26 AM,75.85,1575,119463.74999999999,194724521.25
2025-08-01 09:17:26 AM,75.95,0,0.0,194724521.25
2025-08-01 09:17:26 AM,76.15,0,0.0,194724521.25
2025-08-01 09:17:27 AM,76.5,0,0.0,194724521.25
2025-08-01 09:17:27 AM,76.45,0,0.0,194724521.25
2025-08-01 09:17:27 AM,76.35,31275,2387846.25,197112367.5
2025-08-01 09:17:27 AM,76.1,7050,536505.0,197648872.5
2025-08-01 09:17:28 AM,76.15,0,0.0,197648872.5
2025-08-01 09:17:28 AM,76.35,0,0.0,197648872.5
2025-08-01 09:17:29 AM,76.4,19800,1512720.0,199161592.5
2025-08-01 09:17:29 AM,76.65,2250,172462.5,199334055.0
2025-08-01 09:17:29 AM,76.4,0,0.0,199334055.0
2025-08-01 09:17:29 AM,76.5,0,0.0,199334055.0
2025-08-01 09:17:30 AM,77.35,0,0.0,199334055.0
2025-08-01 09:17:30 AM,77.25,0,0.0,199334055.0
2025-08-01 09:17:30 AM,77.1,16575,1277932.5,200611987.5
2025-08-01 09:17:30 AM,76.8,3600,276480.0,200888467.5
2025-08-01 09:17:31 AM,76.95,0,0.0,200888467.5
2025-08-01 09:17:32 AM,77.2,9825,758490.0,201646957.5
2025-08-01 09:17:32 AM,77.05,3525,271601.25,201918558.75
2025-08-01 09:17:32 AM,77.1,0,0.0,201918558.75
2025-08-01 09:17:33 AM,76.65,0,0.0,201918558.75
2025-08-01 09:17:33 AM,76.45,0,0.0,201918558.75
2025-08-01 09:17:33 AM,76.45,25500,1949475.0,203868033.75
2025-08-01 09:17:33 AM,76.45,3375,258018.75,204126052.5
2025-08-01 09:17:34 AM,76.2,0,0.0,204126052.5
2025-08-01 09:17:34 AM,76.3,0,0.0,204126052.5
2025-08-01 09:17:35 AM,76.8,15975,1226880.0,205352932.5
2025-08-01 09:17:35 AM,75.85,4050,307192.5,205660125.0
2025-08-01 09:17:35 AM,75.8,0,0.0,205660125.0
2025-08-01 09:17:35 AM,75.85,0,0.0,205660125.0
2025-08-01 09:17:36 AM,75.75,0,0.0,205660125.0
2025-08-01 09:17:36 AM,75.85,11475,870378.7499999999,206530503.75
2025-08-01 09:17:36 AM,75.9,1650,125235.00000000001,206655738.75
2025-08-01 09:17:37 AM,76.45,0,0.0,206655738.75
2025-08-01 09:17:37 AM,76.35,0,0.0,206655738.75
2025-08-01 09:17:38 AM,76.2,4950,377190.0,207032928.75
2025-08-01 09:17:38 AM,76.7,3750,287625.0,207320553.75
2025-08-01 09:17:38 AM,76.8,0,0.0,207320553.75
2025-08-01 09:17:38 AM,76.85,0,0.0,207320553.75
2025-08-01 09:17:39 AM,76.5,0,0.0,207320553.75
2025-08-01 09:17:39 AM,76.65,8025,615116.25,207935670.0
2025-08-01 09:17:39 AM,76.9,2175,167257.5,208102927.5
2025-08-01 09:17:40 AM,77.0,0,0.0,208102927.5
2025-08-01 09:17:40 AM,76.85,0,0.0,208102927.5
2025-08-01 09:17:41 AM,76.6,10350,792809.9999999999,208895737.5
2025-08-01 09:17:41 AM,76.7,1500,115050.0,209010787.5
2025-08-01 09:17:41 AM,76.9,0,0.0,209010787.5
2025-08-01 09:17:42 AM,76.95,0,0.0,209010787.5
2025-08-01 09:17:42 AM,76.75,7800,598650.0,209609437.5
2025-08-01 09:17:42 AM,76.65,2625,201206.25000000003,209810643.75
2025-08-01 09:17:43 AM,76.5,0,0.0,209810643.75
2025-08-01 09:17:44 AM,76.65,11625,891056.2500000001,210701700.0
2025-08-01 09:17:44 AM,76.85,1200,92220.0,210793920.0
2025-08-01 09:17:44 AM,76.7,0,0.0,210793920.0
2025-08-01 09:17:45 AM,77.05,0,0.0,210793920.0
2025-08-01 09:17:45 AM,76.65,0,0.0,210793920.0
2025-08-01 09:17:45 AM,76.65,5850,448402.50000000006,211242322.5
2025-08-01 09:17:45 AM,77.1,2175,167692.5,211410015.0
2025-08-01 09:17:46 AM,76.7,0,0.0,211410015.0
2025-08-01 09:17:47 AM,76.65,6750,517387.50000000006,211927402.5
2025-08-01 09:17:47 AM,76.4,1125,85950.0,212013352.5
2025-08-01 09:17:47 AM,76.65,0,0.0,212013352.5
2025-08-01 09:17:48 AM,76.5,7050,539325.0,212552677.5
2025-08-01 09:17:48 AM,76.3,0,0.0,212552677.5
2025-08-01 09:17:48 AM,76.5,1425,109012.5,212661690.0
2025-08-01 09:17:49 AM,76.3,0,0.0,212661690.0
2025-08-01 09:17:49 AM,76.35,0,0.0,212661690.0
2025-08-01 09:17:49 AM,76.2,6225,474345.0,213136035.0
2025-08-01 09:17:50 AM,76.2,975,74295.0,213210330.0
2025-08-01 09:17:50 AM,76.3,0,0.0,213210330.0
2025-08-01 09:17:51 AM,76.25,8175,623343.75,213833673.75
2025-08-01 09:17:51 AM,76.45,0,0.0,213833673.75
2025-08-01 09:17:51 AM,76.35,1050,80167.5,213913841.25
2025-08-01 09:17:52 AM,75.35,0,0.0,213913841.25
2025-08-01 09:17:52 AM,75.25,0,0.0,213913841.25
2025-08-01 09:17:52 AM,75.6,18225,1377810.0,215291651.25
2025-08-01 09:17:53 AM,75.55,1500,113325.0,215404976.25
2025-08-01 09:17:53 AM,75.7,0,0.0,215404976.25
2025-08-01 09:17:54 AM,75.5,9900,747450.0,216152426.25
2025-08-01 09:17:54 AM,75.5,1650,124575.0,216277001.25
2025-08-01 09:17:55 AM,75.35,0,0.0,216277001.25
2025-08-01 09:17:55 AM,75.5,5325,402037.5,216679038.75
2025-08-01 09:17:56 AM,75.55,2325,175653.75,216854692.5
2025-08-01 09:17:56 AM,75.65,0,0.0,216854692.5
2025-08-01 09:17:56 AM,75.8,0,0.0,216854692.5
2025-08-01 09:17:57 AM,76.0,5025,381900.0,217236592.5
2025-08-01 09:17:57 AM,75.7,1500,113550.0,217350142.5
2025-08-01 09:17:58 AM,75.2,0,0.0,217350142.5
2025-08-01 09:17:58 AM,75.35,0,0.0,217350142.5
2025-08-01 09:17:58 AM,75.2,7125,535800.0,217885942.5
2025-08-01 09:17:59 AM,74.95,9150,685792.5,218571735.0
2025-08-01 09:17:59 AM,74.6,0,0.0,218571735.0
2025-08-01 09:17:59 AM,74.65,0,0.0,218571735.0
2025-08-01 09:18:00 AM,74.2,10425,773535.0,219345270.0
2025-08-01 09:18:00 AM,74.35,0,0.0,219345270.0
2025-08-01 09:18:00 AM,74.1,1650,122264.99999999999,219467535.0
2025-08-01 09:18:01 AM,74.05,0,0.0,219467535.0
2025-08-01 09:18:01 AM,74.1,0,0.0,219467535.0
2025-08-01 09:18:01 AM,74.25,12525,929981.25,220397516.25
2025-08-01 09:18:02 AM,74.05,2250,166612.5,220564128.75
2025-08-01 09:18:02 AM,74.0,0,0.0,220564128.75
2025-08-01 09:18:02 AM,73.8,0,0.0,220564128.75
2025-08-01 09:18:03 AM,73.5,9375,689062.5,221253191.25
2025-08-01 09:18:03 AM,73.65,0,0.0,221253191.25
2025-08-01 09:18:03 AM,73.65,1500,110475.00000000001,221363666.25
2025-08-01 09:18:04 AM,73.55,0,0.0,221363666.25
2025-08-01 09:18:04 AM,73.5,0,0.0,221363666.25
2025-08-01 09:18:04 AM,73.35,7050,517117.49999999994,221880783.75
2025-08-01 09:18:05 AM,73.3,750,54975.0,221935758.75
2025-08-01 09:18:05 AM,73.45,0,0.0,221935758.75
2025-08-01 09:18:05 AM,73.5,0,0.0,221935758.75
2025-08-01 09:18:06 AM,73.7,12525,923092.5,222858851.25
2025-08-01 09:18:06 AM,73.5,0,0.0,222858851.25
2025-08-01 09:18:06 AM,73.3,675,49477.5,222908328.75
2025-08-01 09:18:07 AM,73.55,0,0.0,222908328.75
2025-08-01 09:18:07 AM,73.8,3525,260145.0,223168473.75
2025-08-01 09:18:08 AM,73.35,825,60513.74999999999,223228987.5
2025-08-01 09:18:08 AM,73.15,0,0.0,223228987.5
2025-08-01 09:18:08 AM,73.3,0,0.0,223228987.5
2025-08-01 09:18:09 AM,72.5,20700,1500750.0,224729737.5
2025-08-01 09:18:09 AM,72.75,0,0.0,224729737.5
2025-08-01 09:18:09 AM,72.8,2250,163800.0,224893537.5
2025-08-01 09:18:10 AM,73.7,0,0.0,224893537.5
2025-08-01 09:18:10 AM,73.8,0,0.0,224893537.5
2025-08-01 09:18:10 AM,73.6,16575,1219920.0,226113457.5
2025-08-01 09:18:11 AM,73.75,3375,248906.25,226362363.75
2025-08-01 09:18:11 AM,73.55,0,0.0,226362363.75
2025-08-01 09:18:11 AM,73.8,0,0.0,226362363.75
2025-08-01 09:18:12 AM,74.2,14925,1107435.0,227469798.75
2025-08-01 09:18:12 AM,74.3,0,0.0,227469798.75
2025-08-01 09:18:12 AM,74.2,0,0.0,227469798.75
2025-08-01 09:18:12 AM,74.4,3225,239940.00000000003,227709738.75
2025-08-01 09:18:13 AM,74.7,0,0.0,227709738.75
2025-08-01 09:18:14 AM,74.65,6000,447900.00000000006,228157638.75
2025-08-01 09:18:14 AM,74.55,2100,156555.0,228314193.75
2025-08-01 09:18:14 AM,74.7,0,0.0,228314193.75
2025-08-01 09:18:14 AM,74.55,0,0.0,228314193.75
2025-08-01 09:18:15 AM,75.25,0,0.0,228314193.75
2025-08-01 09:18:15 AM,75.3,0,0.0,228314193.75
2025-08-01 09:18:15 AM,75.45,19350,1459957.5,229774151.25
2025-08-01 09:18:16 AM,75.5,750,56625.0,229830776.25
2025-08-01 09:18:16 AM,74.4,0,0.0,229830776.25
2025-08-01 09:18:16 AM,74.65,0,0.0,229830776.25
2025-08-01 09:18:17 AM,74.6,13050,973529.9999999999,230804306.25
2025-08-01 09:18:18 AM,74.35,0,0.0,230804306.25
2025-08-01 09:18:18 AM,74.25,0,0.0,230804306.25
2025-08-01 09:18:19 AM,74.15,7500,556125.0,231360431.25
2025-08-01 09:18:19 AM,74.0,1275,94350.0,231454781.25
2025-08-01 09:18:20 AM,75.5,0,0.0,231454781.25
2025-08-01 09:18:20 AM,75.35,20775,1565396.2499999998,233020177.5
2025-08-01 09:18:21 AM,75.4,75,5655.0,233025832.5
2025-08-01 09:18:21 AM,76.0,0,0.0,233025832.5
2025-08-01 09:18:22 AM,76.1,12675,964567.4999999999,233990400.0
2025-08-01 09:18:22 AM,76.25,0,0.0,233990400.0
2025-08-01 09:18:22 AM,76.25,1350,102937.5,234093337.5
2025-08-01 09:18:23 AM,76.0,0,0.0,234093337.5
2025-08-01 09:18:24 AM,75.95,12675,962666.25,235056003.75
2025-08-01 09:18:24 AM,76.3,1125,85837.5,235141841.25
2025-08-01 09:18:24 AM,76.1,0,0.0,235141841.25
2025-08-01 09:18:25 AM,76.45,0,0.0,235141841.25
2025-08-01 09:18:25 AM,76.25,0,0.0,235141841.25
2025-08-01 09:18:25 AM,76.35,4425,337848.75,235479690.0
2025-08-01 09:18:26 AM,76.4,300,22920.0,235502610.0
2025-08-01 09:18:26 AM,76.25,0,0.0,235502610.0
2025-08-01 09:18:26 AM,76.3,0,0.0,235502610.0
2025-08-01 09:18:27 AM,77.1,18450,1422495.0,236925105.0
2025-08-01 09:18:27 AM,76.95,0,0.0,236925105.0
2025-08-01 09:18:27 AM,77.1,1650,127214.99999999999,237052320.0
2025-08-01 09:18:28 AM,76.7,0,0.0,237052320.0
2025-08-01 09:18:28 AM,76.65,0,0.0,237052320.0
2025-08-01 09:18:29 AM,76.4,14700,1123080.0,238175400.0
2025-08-01 09:18:29 AM,76.3,1125,85837.5,238261237.5
2025-08-01 09:18:29 AM,76.1,0,0.0,238261237.5
2025-08-01 09:18:30 AM,75.55,0,0.0,238261237.5
2025-08-01 09:18:30 AM,75.6,0,0.0,238261237.5
2025-08-01 09:18:30 AM,75.95,8250,626587.5,238887825.0
2025-08-01 09:18:31 AM,75.8,525,39795.0,238927620.0
2025-08-01 09:18:31 AM,75.95,0,0.0,238927620.0
2025-08-01 09:18:31 AM,75.85,0,0.0,238927620.0
2025-08-01 09:18:32 AM,75.4,8850,667290.0,239594910.0
2025-08-01 09:18:32 AM,75.3,0,0.0,239594910.0
2025-08-01 09:18:32 AM,75.3,75,5647.5,239600557.5
2025-08-01 09:18:33 AM,75.5,0,0.0,239600557.5
2025-08-01 09:18:33 AM,75.4,0,0.0,239600557.5
2025-08-01 09:18:34 AM,75.45,11100,837495.0,240438052.5
2025-08-01 09:18:34 AM,75.75,2025,153393.75,240591446.25
2025-08-01 09:18:34 AM,75.6,0,0.0,240591446.25
2025-08-01 09:18:35 AM,75.85,0,0.0,240591446.25
2025-08-01 09:18:35 AM,75.1,6000,450599.99999999994,241042046.25
2025-08-01 09:18:36 AM,75.2,900,67680.0,241109726.25
2025-08-01 09:18:36 AM,74.9,0,0.0,241109726.25
2025-08-01 09:18:36 AM,75.0,0,0.0,241109726.25
2025-08-01 09:18:37 AM,75.2,14850,1116720.0,242226446.25
2025-08-01 09:18:37 AM,75.0,0,0.0,242226446.25
2025-08-01 09:18:37 AM,75.2,1275,95880.0,242322326.25
2025-08-01 09:18:38 AM,74.85,0,0.0,242322326.25
2025-08-01 09:18:38 AM,74.7,0,0.0,242322326.25
2025-08-01 09:18:39 AM,75.2,15525,1167480.0,243489806.25
2025-08-01 09:18:39 AM,75.0,2100,157500.0,243647306.25
2025-08-01 09:18:39 AM,75.2,0,0.0,243647306.25
2025-08-01 09:18:40 AM,75.15,0,0.0,243647306.25
2025-08-01 09:18:40 AM,74.9,0,0.0,243647306.25
2025-08-01 09:18:40 AM,75.3,6375,480037.5,244127343.75
2025-08-01 09:18:41 AM,75.0,1575,118125.0,244245468.75
2025-08-01 09:18:41 AM,74.8,0,0.0,244245468.75
2025-08-01 09:18:42 AM,74.8,5175,387090.0,244632558.75
2025-08-01 09:18:43 AM,74.75,0,0.0,244632558.75
2025-08-01 09:18:43 AM,74.6,0,0.0,244632558.75
2025-08-01 09:18:44 AM,74.25,10950,813037.5,245445596.25
2025-08-01 09:18:44 AM,74.0,1275,94350.0,245539946.25
2025-08-01 09:18:44 AM,74.15,0,0.0,245539946.25
2025-08-01 09:18:44 AM,74.45,0,0.0,245539946.25
2025-08-01 09:18:45 AM,74.15,0,0.0,245539946.25
2025-08-01 09:18:45 AM,73.65,19875,1463793.75,247003740.0
2025-08-01 09:18:46 AM,73.8,1350,99630.0,247103370.0
2025-08-01 09:18:47 AM,74.15,12750,945412.5000000001,248048782.5
2025-08-01 09:18:47 AM,74.15,1650,122347.50000000001,248171130.0
2025-08-01 09:18:48 AM,75.1,0,0.0,248171130.0
2025-08-01 09:18:48 AM,75.0,0,0.0,248171130.0
2025-08-01 09:18:49 AM,75.6,12000,907199.9999999999,249078330.0
2025-08-01 09:18:49 AM,75.85,3525,267371.25,249345701.25
2025-08-01 09:18:49 AM,76.1,0,0.0,249345701.25
2025-08-01 09:18:49 AM,75.9,0,0.0,249345701.25
2025-08-01 09:18:50 AM,76.75,0,0.0,249345701.25
2025-08-01 09:18:50 AM,76.6,0,0.0,249345701.25
2025-08-01 09:18:50 AM,76.85,14175,1089348.75,250435050.0
2025-08-01 09:18:51 AM,76.65,750,57487.50000000001,250492537.5
2025-08-01 09:18:51 AM,76.75,0,0.0,250492537.5
2025-08-01 09:18:52 AM,76.2,0,0.0,250492537.5
2025-08-01 09:18:52 AM,76.2,6375,485775.0,250978312.5
2025-08-01 09:18:52 AM,76.6,0,0.0,250978312.5
2025-08-01 09:18:52 AM,76.8,1050,80640.0,251058952.5
2025-08-01 09:18:53 AM,76.45,0,0.0,251058952.5
2025-08-01 09:18:54 AM,76.65,10350,793327.5000000001,251852280.0
2025-08-01 09:18:54 AM,76.65,1500,114975.00000000001,251967255.0
2025-08-01 09:18:54 AM,76.35,0,0.0,251967255.0
2025-08-01 09:18:54 AM,76.6,0,0.0,251967255.0
2025-08-01 09:18:55 AM,75.85,0,0.0,251967255.0
2025-08-01 09:18:55 AM,76.0,14850,1128600.0,253095855.0
2025-08-01 09:18:56 AM,76.0,3075,233700.0,253329555.0
2025-08-01 09:18:56 AM,76.35,0,0.0,253329555.0
2025-08-01 09:18:56 AM,76.6,0,0.0,253329555.0
2025-08-01 09:18:57 AM,76.8,0,0.0,253329555.0
2025-08-01 09:18:57 AM,76.65,13125,1006031.2500000001,254335586.25
2025-08-01 09:18:57 AM,76.5,0,0.0,254335586.25
2025-08-01 09:18:57 AM,76.7,450,34515.0,254370101.25
2025-08-01 09:18:58 AM,77.35,0,0.0,254370101.25
2025-08-01 09:18:58 AM,77.15,0,0.0,254370101.25
2025-08-01 09:18:59 AM,77.4,25500,1973700.0000000002,256343801.25
2025-08-01 09:18:59 AM,76.85,2175,167148.75,256510950.0
2025-08-01 09:18:59 AM,76.75,0,0.0,256510950.0
2025-08-01 09:18:59 AM,76.7,0,0.0,256510950.0
2025-08-01 09:19:00 AM,76.2,0,0.0,256510950.0
2025-08-01 09:19:00 AM,76.5,36600,2799900.0,259310850.0
2025-08-01 09:19:01 AM,76.25,975,74343.75,259385193.75
2025-08-01 09:19:01 AM,76.2,0,0.0,259385193.75
2025-08-01 09:19:02 AM,75.85,0,0.0,259385193.75
2025-08-01 09:19:02 AM,75.85,22575,1712313.7499999998,261097507.5
2025-08-01 09:19:02 AM,75.8,0,0.0,261097507.5
2025-08-01 09:19:02 AM,75.35,675,50861.24999999999,261148368.75
2025-08-01 09:19:03 AM,75.7,0,0.0,261148368.75
2025-08-01 09:19:03 AM,75.65,0,0.0,261148368.75
2025-08-01 09:19:04 AM,75.75,5175,392006.25,261540375.0
2025-08-01 09:19:04 AM,75.65,4350,329077.5,261869452.5
2025-08-01 09:19:04 AM,75.45,0,0.0,261869452.5
2025-08-01 09:19:05 AM,75.6,0,0.0,261869452.5
2025-08-01 09:19:06 AM,75.45,10125,763931.25,262633383.75
2025-08-01 09:19:06 AM,75.55,225,16998.75,262650382.5
2025-08-01 09:19:06 AM,75.75,0,0.0,262650382.5
2025-08-01 09:19:06 AM,75.85,0,0.0,262650382.5
2025-08-01 09:19:07 AM,76.0,0,0.0,262650382.5
2025-08-01 09:19:07 AM,76.0,8550,649800.0,263300182.5
2025-08-01 09:19:07 AM,76.15,150,11422.5,263311605.0
2025-08-01 09:19:08 AM,76.05,0,0.0,263311605.0
2025-08-01 09:19:09 AM,76.3,3750,286125.0,263597730.0
2025-08-01 09:19:09 AM,76.15,1350,102802.50000000001,263700532.5
2025-08-01 09:19:09 AM,76.4,0,0.0,263700532.5
2025-08-01 09:19:10 AM,77.65,0,0.0,263700532.5
2025-08-01 09:19:10 AM,77.7,0,0.0,263700532.5
2025-08-01 09:19:11 AM,77.05,17400,1340670.0,265041202.5
2025-08-01 09:19:11 AM,77.0,1875,144375.0,265185577.5
2025-08-01 09:19:11 AM,76.6,0,0.0,265185577.5
2025-08-01 09:19:12 AM,76.0,10950,832200.0,266017777.5
2025-08-01 09:19:12 AM,76.0,525,39900.0,266057677.5
2025-08-01 09:19:13 AM,76.3,0,0.0,266057677.5
2025-08-01 09:19:13 AM,76.05,0,0.0,266057677.5
2025-08-01 09:19:14 AM,76.05,6975,530448.75,266588126.25
2025-08-01 09:19:14 AM,76.05,75,5703.75,266593830.0
2025-08-01 09:19:14 AM,75.9,0,0.0,266593830.0
2025-08-01 09:19:14 AM,75.75,0,0.0,266593830.0
2025-08-01 09:19:15 AM,76.1,0,0.0,266593830.0
2025-08-01 09:19:15 AM,76.2,0,0.0,266593830.0
2025-08-01 09:19:15 AM,76.15,2925,222738.75000000003,266816568.75
2025-08-01 09:19:15 AM,76.1,450,34245.0,266850813.75
2025-08-01 09:19:16 AM,76.0,0,0.0,266850813.75
2025-08-01 09:19:17 AM,75.75,12750,965812.5,267816626.25
2025-08-01 09:19:17 AM,75.6,0,0.0,267816626.25
2025-08-01 09:19:17 AM,75.75,0,0.0,267816626.25
2025-08-01 09:19:17 AM,75.75,900,68175.0,267884801.25
2025-08-01 09:19:18 AM,75.8,0,0.0,267884801.25
2025-08-01 09:19:18 AM,75.85,0,0.0,267884801.25
2025-08-01 09:19:19 AM,76.85,12300,945254.9999999999,268830056.25
2025-08-01 09:19:19 AM,76.8,525,40320.0,268870376.25
2025-08-01 09:19:19 AM,76.7,0,0.0,268870376.25
2025-08-01 09:19:19 AM,76.5,0,0.0,268870376.25
2025-08-01 09:19:20 AM,77.0,0,0.0,268870376.25
2025-08-01 09:19:20 AM,76.9,0,0.0,268870376.25
2025-08-01 09:19:20 AM,76.85,8775,674358.75,269544735.0
2025-08-01 09:19:20 AM,77.3,375,28987.5,269573722.5
2025-08-01 09:19:21 AM,77.15,0,0.0,269573722.5
2025-08-01 09:19:21 AM,77.2,0,0.0,269573722.5
2025-08-01 09:19:22 AM,77.95,32625,2543118.75,272116841.25
2025-08-01 09:19:22 AM,78.1,0,0.0,272116841.25
2025-08-01 09:19:22 AM,78.05,1800,140490.0,272257331.25
2025-08-01 09:19:23 AM,78.3,0,0.0,272257331.25
2025-08-01 09:19:24 AM,78.6,17400,1367640.0,273624971.25
2025-08-01 09:19:24 AM,78.7,2325,182977.5,273807948.75
2025-08-01 09:19:24 AM,78.9,0,0.0,273807948.75
2025-08-01 09:19:24 AM,79.1,0,0.0,273807948.75
2025-08-01 09:19:25 AM,79.6,0,0.0,273807948.75
2025-08-01 09:19:25 AM,79.65,0,0.0,273807948.75
2025-08-01 09:19:25 AM,79.7,49125,3915262.5,277723211.25
2025-08-01 09:19:25 AM,80.0,2175,174000.0,277897211.25
2025-08-01 09:19:26 AM,79.85,0,0.0,277897211.25
2025-08-01 09:19:26 AM,80.1,0,0.0,277897211.25
2025-08-01 09:19:27 AM,80.45,32100,2582445.0,280479656.25
2025-08-01 09:19:27 AM,80.65,0,0.0,280479656.25
2025-08-01 09:19:27 AM,80.6,0,0.0,280479656.25
2025-08-01 09:19:27 AM,80.35,4425,355548.75,280835205.0
2025-08-01 09:19:28 AM,79.25,0,0.0,280835205.0
2025-08-01 09:19:28 AM,79.75,0,0.0,280835205.0
2025-08-01 09:19:29 AM,79.55,28575,2273141.25,283108346.25
2025-08-01 09:19:29 AM,79.5,2475,196762.5,283305108.75
2025-08-01 09:19:29 AM,79.7,0,0.0,283305108.75
2025-08-01 09:19:29 AM,79.25,0,0.0,283305108.75
2025-08-01 09:19:30 AM,79.15,0,0.0,283305108.75
2025-08-01 09:19:30 AM,79.45,0,0.0,283305108.75
2025-08-01 09:19:30 AM,79.35,13800,1095030.0,284400138.75
2025-08-01 09:19:30 AM,79.05,900,71145.0,284471283.75
2025-08-01 09:19:31 AM,78.95,0,0.0,284471283.75
2025-08-01 09:19:32 AM,78.2,18525,1448655.0,285919938.75
2025-08-01 09:19:32 AM,78.75,0,0.0,285919938.75
2025-08-01 09:19:32 AM,78.85,0,0.0,285919938.75
2025-08-01 09:19:32 AM,78.75,3225,253968.75,286173907.5
2025-08-01 09:19:33 AM,79.5,0,0.0,286173907.5
2025-08-01 09:19:33 AM,79.25,0,0.0,286173907.5
2025-08-01 09:19:34 AM,79.45,21525,1710161.25,287884068.75
2025-08-01 09:19:34 AM,79.8,975,77805.0,287961873.75
2025-08-01 09:19:34 AM,79.7,0,0.0,287961873.75
2025-08-01 09:19:34 AM,79.55,0,0.0,287961873.75
2025-08-01 09:19:35 AM,79.35,0,0.0,287961873.75
2025-08-01 09:19:35 AM,79.55,0,0.0,287961873.75
2025-08-01 09:19:35 AM,79.65,14325,1140986.25,289102860.0
2025-08-01 09:19:35 AM,79.65,450,35842.5,289138702.5
2025-08-01 09:19:36 AM,79.9,0,0.0,289138702.5
2025-08-01 09:19:36 AM,79.7,0,0.0,289138702.5
2025-08-01 09:19:37 AM,79.5,11550,918225.0,290056927.5
2025-08-01 09:19:37 AM,79.65,2100,167265.0,290224192.5
2025-08-01 09:19:38 AM,79.75,0,0.0,290224192.5
2025-08-01 09:19:38 AM,80.0,0,0.0,290224192.5
2025-08-01 09:19:39 AM,80.7,14850,1198395.0,291422587.5
2025-08-01 09:19:39 AM,80.9,825,66742.5,291489330.0
2025-08-01 09:19:39 AM,80.95,0,0.0,291489330.0
2025-08-01 09:19:40 AM,79.6,0,0.0,291489330.0
2025-08-01 09:19:40 AM,79.05,0,0.0,291489330.0
2025-08-01 09:19:40 AM,79.15,22950,1816492.5000000002,293305822.5
2025-08-01 09:19:40 AM,79.2,2850,225720.0,293531542.5
2025-08-01 09:19:41 AM,79.3,0,0.0,293531542.5
2025-08-01 09:19:41 AM,79.2,0,0.0,293531542.5
2025-08-01 09:19:42 AM,78.85,19800,1561230.0,295092772.5
2025-08-01 09:19:42 AM,78.85,900,70965.0,295163737.5
2025-08-01 09:19:43 AM,78.9,0,0.0,295163737.5
2025-08-01 09:19:44 AM,78.9,9975,787027.5,295950765.0
2025-08-01 09:19:44 AM,78.8,675,53190.0,296003955.0
2025-08-01 09:19:44 AM,78.85,0,0.0,296003955.0
2025-08-01 09:19:44 AM,78.7,0,0.0,296003955.0
2025-08-01 09:19:45 AM,80.15,0,0.0,296003955.0
2025-08-01 09:19:45 AM,80.25,0,0.0,296003955.0
2025-08-01 09:19:45 AM,80.35,12300,988304.9999999999,296992260.0
2025-08-01 09:19:45 AM,80.45,75,6033.75,296998293.75
2025-08-01 09:19:46 AM,80.05,0,0.0,296998293.75
2025-08-01 09:19:46 AM,80.1,0,0.0,296998293.75
2025-08-01 09:19:47 AM,79.7,13950,1111815.0,298110108.75
2025-08-01 09:19:47 AM,79.45,0,0.0,298110108.75
2025-08-01 09:19:47 AM,79.2,2250,178200.0,298288308.75
2025-08-01 09:19:48 AM,79.35,0,0.0,298288308.75
2025-08-01 09:19:48 AM,79.7,0,0.0,298288308.75
2025-08-01 09:19:49 AM,80.0,13125,1050000.0,299338308.75
2025-08-01 09:19:49 AM,80.0,75,6000.0,299344308.75
2025-08-01 09:19:49 AM,79.75,0,0.0,299344308.75
2025-08-01 09:19:49 AM,79.6,0,0.0,299344308.75
2025-08-01 09:19:50 AM,80.3,0,0.0,299344308.75
2025-08-01 09:19:50 AM,80.1,9375,750937.5,300095246.25
2025-08-01 09:19:50 AM,80.2,375,30075.0,300125321.25
2025-08-01 09:19:51 AM,80.0,0,0.0,300125321.25
2025-08-01 09:19:51 AM,79.8,0,0.0,300125321.25
2025-08-01 09:19:52 AM,80.25,19275,1546818.75,301672140.0
2025-08-01 09:19:52 AM,80.35,0,0.0,301672140.0
2025-08-01 09:19:52 AM,80.2,2700,216540.0,301888680.0
2025-08-01 09:19:53 AM,80.0,0,0.0,301888680.0
2025-08-01 09:19:53 AM,79.8,0,0.0,301888680.0
2025-08-01 09:19:54 AM,80.2,13650,1094730.0,302983410.0
2025-08-01 09:19:54 AM,79.85,450,35932.5,303019342.5
2025-08-01 09:19:54 AM,80.0,0,0.0,303019342.5
2025-08-01 09:19:55 AM,79.05,0,0.0,303019342.5
2025-08-01 09:19:55 AM,79.1,0,0.0,303019342.5
2025-08-01 09:19:55 AM,79.15,29850,2362627.5,305381970.0
2025-08-01 09:19:55 AM,79.4,525,41685.0,305423655.0
2025-08-01 09:19:56 AM,79.25,0,0.0,305423655.0
2025-08-01 09:19:56 AM,79.4,0,0.0,305423655.0
2025-08-01 09:19:57 AM,80.0,10575,846000.0,306269655.0
2025-08-01 09:19:57 AM,79.9,0,0.0,306269655.0
2025-08-01 09:19:57 AM,79.8,0,0.0,306269655.0
2025-08-01 09:19:57 AM,79.75,4200,334950.0,306604605.0
2025-08-01 09:19:58 AM,80.3,0,0.0,306604605.0
2025-08-01 09:19:58 AM,80.2,0,0.0,306604605.0
2025-08-01 09:19:59 AM,80.1,14625,1171462.5,307776067.5
2025-08-01 09:19:59 AM,80.1,900,72090.0,307848157.5
2025-08-01 09:19:59 AM,79.9,0,0.0,307848157.5
2025-08-01 09:19:59 AM,80.0,0,0.0,307848157.5
2025-08-01 09:20:00 AM,79.55,0,0.0,307848157.5
2025-08-01 09:20:00 AM,79.6,0,0.0,307848157.5
2025-08-01 09:20:00 AM,79.05,44250,3497962.5,311346120.0
2025-08-01 09:20:01 AM,78.85,5250,413962.49999999994,311760082.5
2025-08-01 09:20:01 AM,78.4,0,0.0,311760082.5
2025-08-01 09:20:01 AM,78.45,0,0.0,311760082.5
2025-08-01 09:20:02 AM,79.05,35850,2833942.5,314594025.0
2025-08-01 09:20:02 AM,79.0,0,0.0,314594025.0
2025-08-01 09:20:02 AM,78.75,0,0.0,314594025.0
2025-08-01 09:20:02 AM,78.45,8100,635445.0,315229470.0
2025-08-01 09:20:03 AM,78.0,0,0.0,315229470.0
2025-08-01 09:20:03 AM,78.1,0,0.0,315229470.0
2025-08-01 09:20:04 AM,78.05,25200,1966860.0,317196330.0
2025-08-01 09:20:04 AM,78.0,3675,286650.0,317482980.0
2025-08-01 09:20:04 AM,77.65,0,0.0,317482980.0
2025-08-01 09:20:04 AM,77.55,0,0.0,317482980.0
2025-08-01 09:20:05 AM,76.85,0,0.0,317482980.0
2025-08-01 09:20:05 AM,77.3,0,0.0,317482980.0
2025-08-01 09:20:05 AM,77.2,24975,1928070.0,319411050.0
2025-08-01 09:20:06 AM,77.25,900,69525.0,319480575.0
2025-08-01 09:20:06 AM,76.85,0,0.0,319480575.0
2025-08-01 09:20:07 AM,77.4,14250,1102950.0,320583525.0
2025-08-01 09:20:07 AM,77.55,0,0.0,320583525.0
2025-08-01 09:20:07 AM,77.3,1200,92760.0,320676285.0
2025-08-01 09:20:08 AM,77.75,0,0.0,320676285.0
2025-08-01 09:20:09 AM,78.4,27750,2175600.0,322851885.0
2025-08-01 09:20:09 AM,78.55,300,23565.0,322875450.0
2025-08-01 09:20:10 AM,78.35,0,0.0,322875450.0
2025-08-01 09:20:10 AM,78.2,0,0.0,322875450.0
2025-08-01 09:20:10 AM,77.8,11850,921930.0,323797380.0
2025-08-01 09:20:11 AM,77.9,450,35055.0,323832435.0
2025-08-01 09:20:11 AM,77.75,0,0.0,323832435.0
2025-08-01 09:20:12 AM,78.3,4800,375840.0,324208275.0
2025-08-01 09:20:12 AM,77.9,0,0.0,324208275.0
2025-08-01 09:20:12 AM,77.9,675,52582.50000000001,324260857.5
2025-08-01 09:20:13 AM,78.6,0,0.0,324260857.5
2025-08-01 09:20:14 AM,77.9,9750,759525.0,325020382.5
2025-08-01 09:20:14 AM,77.7,1125,87412.5,325107795.0
2025-08-01 09:20:14 AM,77.75,0,0.0,325107795.0
2025-08-01 09:20:14 AM,77.7,0,0.0,325107795.0
2025-08-01 09:20:15 AM,77.25,0,0.0,325107795.0
2025-08-01 09:20:15 AM,77.15,7725,595983.75,325703778.75
2025-08-01 09:20:16 AM,77.15,150,11572.5,325715351.25
2025-08-01 09:20:16 AM,77.9,0,0.0,325715351.25
2025-08-01 09:20:16 AM,77.75,0,0.0,325715351.25
2025-08-01 09:20:17 AM,77.8,23400,1820520.0,327535871.25
2025-08-01 09:20:17 AM,77.35,0,0.0,327535871.25
2025-08-01 09:20:17 AM,77.55,0,0.0,327535871.25
2025-08-01 09:20:17 AM,77.5,1050,81375.0,327617246.25
2025-08-01 09:20:18 AM,77.65,0,0.0,327617246.25
2025-08-01 09:20:18 AM,77.55,0,0.0,327617246.25
2025-08-01 09:20:19 AM,78.4,5625,441000.00000000006,328058246.25
2025-08-01 09:20:19 AM,78.6,300,23580.0,328081826.25
2025-08-01 09:20:19 AM,78.9,0,0.0,328081826.25
2025-08-01 09:20:19 AM,78.8,0,0.0,328081826.25
2025-08-01 09:20:20 AM,77.9,0,0.0,328081826.25
2025-08-01 09:20:20 AM,77.65,0,0.0,328081826.25
2025-08-01 09:20:20 AM,77.8,14775,1149495.0,329231321.25
2025-08-01 09:20:21 AM,78.0,525,40950.0,329272271.25
2025-08-01 09:20:21 AM,78.1,0,0.0,329272271.25
2025-08-01 09:20:22 AM,78.6,8475,666135.0,329938406.25
2025-08-01 09:20:22 AM,79.0,1425,112575.0,330050981.25
2025-08-01 09:20:22 AM,79.25,0,0.0,330050981.25
2025-08-01 09:20:24 AM,78.3,10875,851512.5,330902493.75
2025-08-01 09:20:24 AM,78.8,750,59100.0,330961593.75
2025-08-01 09:20:24 AM,78.85,0,0.0,330961593.75
2025-08-01 09:20:25 AM,79.0,0,0.0,330961593.75
2025-08-01 09:20:25 AM,78.9,13875,1094737.5,332056331.25
2025-08-01 09:20:26 AM,79.4,1575,125055.00000000001,332181386.25
2025-08-01 09:20:26 AM,79.7,0,0.0,332181386.25
2025-08-01 09:20:26 AM,79.6,0,0.0,332181386.25
2025-08-01 09:20:27 AM,79.9,7125,569287.5,332750673.75
2025-08-01 09:20:27 AM,80.0,0,0.0,332750673.75
2025-08-01 09:20:27 AM,79.95,0,0.0,332750673.75
2025-08-01 09:20:27 AM,79.8,1575,125685.0,332876358.75
2025-08-01 09:20:28 AM,79.7,0,0.0,332876358.75
2025-08-01 09:20:28 AM,79.85,0,0.0,332876358.75
2025-08-01 09:20:29 AM,79.75,17925,1429518.75,334305877.5
2025-08-01 09:20:29 AM,80.2,18225,1461645.0,335767522.5
2025-08-01 09:20:29 AM,80.35,0,0.0,335767522.5
2025-08-01 09:20:30 AM,80.15,12300,985845.0000000001,336753367.5
2025-08-01 09:20:31 AM,80.2,75,6015.0,336759382.5
2025-08-01 09:20:31 AM,80.3,0,0.0,336759382.5
2025-08-01 09:20:31 AM,80.25,0,0.0,336759382.5
2025-08-01 09:20:32 AM,80.7,28950,2336265.0,339095647.5
2025-08-01 09:20:32 AM,80.95,0,0.0,339095647.5
2025-08-01 09:20:32 AM,81.45,0,0.0,339095647.5
2025-08-01 09:20:32 AM,81.05,17325,1404191.25,340499838.75
2025-08-01 09:20:33 AM,81.7,0,0.0,340499838.75
2025-08-01 09:20:33 AM,81.75,0,0.0,340499838.75
2025-08-01 09:20:34 AM,81.8,12450,1018410.0,341518248.75
2025-08-01 09:20:34 AM,81.5,3000,244500.0,341762748.75
2025-08-01 09:20:34 AM,81.75,0,0.0,341762748.75
2025-08-01 09:20:34 AM,81.7,0,0.0,341762748.75
2025-08-01 09:20:35 AM,81.15,0,0.0,341762748.75
2025-08-01 09:20:35 AM,80.95,0,0.0,341762748.75
2025-08-01 09:20:35 AM,80.3,27225,2186167.5,343948916.25
2025-08-01 09:20:36 AM,79.95,2250,179887.5,344128803.75
2025-08-01 09:20:36 AM,80.8,0,0.0,344128803.75
2025-08-01 09:20:36 AM,80.75,0,0.0,344128803.75
2025-08-01 09:20:37 AM,80.75,17925,1447443.75,345576247.5
2025-08-01 09:20:37 AM,80.55,0,0.0,345576247.5
2025-08-01 09:20:37 AM,80.65,2700,217755.00000000003,345794002.5
2025-08-01 09:20:38 AM,80.9,0,0.0,345794002.5
2025-08-01 09:20:38 AM,81.1,0,0.0,345794002.5
2025-08-01 09:20:39 AM,81.1,15225,1234747.5,347028750.0
2025-08-01 09:20:39 AM,80.8,1425,115140.0,347143890.0
2025-08-01 09:20:39 AM,80.9,0,0.0,347143890.0
2025-08-01 09:20:39 AM,81.1,0,0.0,347143890.0
2025-08-01 09:20:40 AM,81.4,0,0.0,347143890.0
2025-08-01 09:20:40 AM,81.4,17250,1404150.0,348548040.0
2025-08-01 09:20:41 AM,81.45,450,36652.5,348584692.5
2025-08-01 09:20:41 AM,80.9,0,0.0,348584692.5
2025-08-01 09:20:41 AM,81.0,0,0.0,348584692.5
2025-08-01 09:20:42 AM,81.35,14550,1183642.5,349768335.0
2025-08-01 09:20:42 AM,81.6,0,0.0,349768335.0
2025-08-01 09:20:42 AM,81.6,1200,97920.0,349866255.0
2025-08-01 09:20:43 AM,82.45,0,0.0,349866255.0
2025-08-01 09:20:43 AM,82.0,0,0.0,349866255.0
2025-08-01 09:20:44 AM,82.6,17625,1455825.0,351322080.0
2025-08-01 09:20:44 AM,83.15,7425,617388.75,351939468.75
2025-08-01 09:20:44 AM,82.95,0,0.0,351939468.75
2025-08-01 09:20:44 AM,82.8,0,0.0,351939468.75
2025-08-01 09:20:45 AM,83.35,0,0.0,351939468.75
2025-08-01 09:20:45 AM,83.3,0,0.0,351939468.75
2025-08-01 09:20:45 AM,83.45,33000,2753850.0,354693318.75
2025-08-01 09:20:46 AM,83.5,2775,231712.5,354925031.25
2025-08-01 09:20:46 AM,83.0,0,0.0,354925031.25
2025-08-01 09:20:46 AM,83.1,0,0.0,354925031.25
2025-08-01 09:20:47 AM,82.55,35625,2940843.75,357865875.0
2025-08-01 09:20:47 AM,82.45,0,0.0,357865875.0
2025-08-01 09:20:47 AM,82.6,0,0.0,357865875.0
2025-08-01 09:20:47 AM,82.7,6975,576832.5,358442707.5
2025-08-01 09:20:48 AM,83.15,0,0.0,358442707.5
2025-08-01 09:20:49 AM,83.35,11850,987697.4999999999,359430405.0
2025-08-01 09:20:49 AM,83.6,3075,257069.99999999997,359687475.0
2025-08-01 09:20:49 AM,83.45,0,0.0,359687475.0
2025-08-01 09:20:49 AM,83.35,0,0.0,359687475.0
2025-08-01 09:20:50 AM,83.75,0,0.0,359687475.0
2025-08-01 09:20:50 AM,83.8,0,0.0,359687475.0
2025-08-01 09:20:50 AM,83.9,29625,2485537.5,362173012.5
2025-08-01 09:20:51 AM,83.8,2475,207405.0,362380417.5
2025-08-01 09:20:51 AM,83.6,0,0.0,362380417.5
2025-08-01 09:20:51 AM,83.85,0,0.0,362380417.5
2025-08-01 09:20:52 AM,83.75,13875,1162031.25,363542448.75
2025-08-01 09:20:52 AM,83.8,0,0.0,363542448.75
2025-08-01 09:20:52 AM,83.55,0,0.0,363542448.75
2025-08-01 09:20:52 AM,83.55,3600,300780.0,363843228.75
2025-08-01 09:20:53 AM,83.6,0,0.0,363843228.75
2025-08-01 09:20:53 AM,83.3,0,0.0,363843228.75
2025-08-01 09:20:54 AM,83.25,18450,1535962.5,365379191.25
2025-08-01 09:20:54 AM,83.75,9150,766312.5,366145503.75
2025-08-01 09:20:54 AM,83.9,0,0.0,366145503.75
2025-08-01 09:20:55 AM,83.75,0,0.0,366145503.75
2025-08-01 09:20:55 AM,83.6,0,0.0,366145503.75
2025-08-01 09:20:55 AM,83.15,18450,1534117.5,367679621.25
2025-08-01 09:20:56 AM,83.3,1050,87465.0,367767086.25
2025-08-01 09:20:56 AM,83.2,0,0.0,367767086.25
2025-08-01 09:20:56 AM,83.3,0,0.0,367767086.25
2025-08-01 09:20:57 AM,84.7,32925,2788747.5,370555833.75
2025-08-01 09:20:57 AM,85.35,0,0.0,370555833.75
2025-08-01 09:20:57 AM,85.3,0,0.0,370555833.75
2025-08-01 09:20:57 AM,85.4,25500,2177700.0,372733533.75
2025-08-01 09:20:58 AM,85.05,0,0.0,372733533.75
2025-08-01 09:20:58 AM,85.2,0,0.0,372733533.75
2025-08-01 09:20:59 AM,85.5,22800,1949400.0,374682933.75
2025-08-01 09:20:59 AM,85.35,4200,358470.0,375041403.75
2025-08-01 09:20:59 AM,85.15,0,0.0,375041403.75
2025-08-01 09:21:00 AM,82.95,0,0.0,375041403.75
2025-08-01 09:21:00 AM,83.45,39600,3304620.0,378346023.75
2025-08-01 09:21:01 AM,83.65,2175,181938.75,378527962.5
2025-08-01 09:21:01 AM,84.1,0,0.0,378527962.5
2025-08-01 09:21:02 AM,82.9,31575,2617567.5,381145530.0
2025-08-01 09:21:02 AM,83.25,0,0.0,381145530.0
2025-08-01 09:21:02 AM,83.55,5625,469968.75,381615498.75
2025-08-01 09:21:03 AM,84.2,0,0.0,381615498.75
2025-08-01 09:21:03 AM,83.85,0,0.0,381615498.75
2025-08-01 09:21:04 AM,83.6,18150,1517340.0,383132838.75
2025-08-01 09:21:04 AM,83.45,1950,162727.5,383295566.25
2025-08-01 09:21:04 AM,83.25,0,0.0,383295566.25
2025-08-01 09:21:04 AM,83.5,0,0.0,383295566.25
2025-08-01 09:21:05 AM,83.0,0,0.0,383295566.25
2025-08-01 09:21:05 AM,83.25,13875,1155093.75,384450660.0
2025-08-01 09:21:06 AM,83.45,300,25035.0,384475695.0
2025-08-01 09:21:06 AM,83.1,0,0.0,384475695.0
2025-08-01 09:21:06 AM,83.3,0,0.0,384475695.0
2025-08-01 09:21:07 AM,82.95,22425,1860153.75,386335848.75
2025-08-01 09:21:07 AM,82.75,0,0.0,386335848.75
2025-08-01 09:21:07 AM,83.4,0,0.0,386335848.75
2025-08-01 09:21:07 AM,83.2,1425,118560.0,386454408.75
2025-08-01 09:21:08 AM,83.15,0,0.0,386454408.75
2025-08-01 09:21:08 AM,83.25,0,0.0,386454408.75
2025-08-01 09:21:09 AM,83.05,36225,3008486.25,389462895.0
2025-08-01 09:21:09 AM,82.8,1425,117990.0,389580885.0
2025-08-01 09:21:09 AM,82.95,0,0.0,389580885.0
2025-08-01 09:21:10 AM,83.25,0,0.0,389580885.0
2025-08-01 09:21:10 AM,83.15,0,0.0,389580885.0
2025-08-01 09:21:10 AM,83.5,10200,851700.0,390432585.0
2025-08-01 09:21:11 AM,84.3,2025,170707.5,390603292.5
2025-08-01 09:21:11 AM,84.05,0,0.0,390603292.5
2025-08-01 09:21:12 AM,83.7,12450,1042065.0,391645357.5
2025-08-01 09:21:12 AM,83.6,0,0.0,391645357.5
2025-08-01 09:21:12 AM,83.55,225,18798.75,391664156.25
2025-08-01 09:21:13 AM,83.9,0,0.0,391664156.25
2025-08-01 09:21:13 AM,83.55,0,0.0,391664156.25
2025-08-01 09:21:14 AM,84.3,15975,1346692.5,393010848.75
2025-08-01 09:21:14 AM,84.3,300,25290.0,393036138.75
2025-08-01 09:21:14 AM,84.5,0,0.0,393036138.75
2025-08-01 09:21:14 AM,84.7,0,0.0,393036138.75
2025-08-01 09:21:15 AM,85.3,0,0.0,393036138.75
2025-08-01 09:21:15 AM,85.25,0,0.0,393036138.75
2025-08-01 09:21:15 AM,85.1,12600,1072260.0,394108398.75
2025-08-01 09:21:16 AM,84.8,900,76320.0,394184718.75
2025-08-01 09:21:16 AM,84.55,0,0.0,394184718.75
2025-08-01 09:21:16 AM,84.6,0,0.0,394184718.75
2025-08-01 09:21:17 AM,84.25,13875,1168968.75,395353687.5
2025-08-01 09:21:17 AM,84.0,0,0.0,395353687.5
2025-08-01 09:21:17 AM,84.6,0,0.0,395353687.5
2025-08-01 09:21:17 AM,84.6,2100,177660.0,395531347.5
2025-08-01 09:21:18 AM,83.3,0,0.0,395531347.5
2025-08-01 09:21:18 AM,83.4,0,0.0,395531347.5
2025-08-01 09:21:19 AM,83.65,12225,1022621.2500000001,396553968.75
2025-08-01 09:21:19 AM,83.6,1875,156750.0,396710718.75
2025-08-01 09:21:19 AM,83.3,0,0.0,396710718.75
2025-08-01 09:21:19 AM,83.35,0,0.0,396710718.75
2025-08-01 09:21:20 AM,83.65,0,0.0,396710718.75
2025-08-01 09:21:20 AM,83.5,26400,2204400.0,398915118.75
2025-08-01 09:21:21 AM,84.8,6525,553320.0,399468438.75
2025-08-01 09:21:21 AM,85.05,0,0.0,399468438.75
2025-08-01 09:21:21 AM,84.8,0,0.0,399468438.75
2025-08-01 09:21:22 AM,85.1,13050,1110555.0,400578993.75
2025-08-01 09:21:22 AM,84.9,0,0.0,400578993.75
2025-08-01 09:21:22 AM,84.9,600,50940.0,400629933.75
2025-08-01 09:21:23 AM,84.1,0,0.0,400629933.75
2025-08-01 09:21:23 AM,84.3,0,0.0,400629933.75
2025-08-01 09:21:24 AM,83.95,13575,1139621.25,401769555.0
2025-08-01 09:21:24 AM,83.95,450,37777.5,401807332.5
2025-08-01 09:21:24 AM,83.85,0,0.0,401807332.5
2025-08-01 09:21:24 AM,83.9,0,0.0,401807332.5
2025-08-01 09:21:25 AM,83.95,0,0.0,401807332.5
2025-08-01 09:21:25 AM,84.0,0,0.0,401807332.5
2025-08-01 09:21:25 AM,84.1,11100,933509.9999999999,402740842.5
2025-08-01 09:21:26 AM,84.05,2475,208023.75,402948866.25
2025-08-01 09:21:26 AM,84.75,0,0.0,402948866.25
2025-08-01 09:21:26 AM,84.95,0,0.0,402948866.25
2025-08-01 09:21:27 AM,86.75,21075,1828256.25,404777122.5
2025-08-01 09:21:27 AM,86.6,0,0.0,404777122.5
2025-08-01 09:21:27 AM,86.7,0,0.0,404777122.5
2025-08-01 09:21:27 AM,86.7,1875,162562.5,404939685.0
2025-08-01 09:21:28 AM,86.4,0,0.0,404939685.0
2025-08-01 09:21:28 AM,86.65,0,0.0,404939685.0
2025-08-01 09:21:29 AM,85.9,36600,3143940.0,408083625.0
2025-08-01 09:21:29 AM,86.05,300,25815.0,408109440.0
2025-08-01 09:21:29 AM,84.25,0,0.0,408109440.0
2025-08-01 09:21:29 AM,83.95,0,0.0,408109440.0
2025-08-01 09:21:30 AM,84.4,0,0.0,408109440.0
2025-08-01 09:21:30 AM,84.3,25800,2174940.0,410284380.0
2025-08-01 09:21:31 AM,84.4,2475,208890.0,410493270.0
2025-08-01 09:21:31 AM,84.6,0,0.0,410493270.0
2025-08-01 09:21:32 AM,84.85,10875,922743.7499999999,411416013.75
2025-08-01 09:21:32 AM,84.8,0,0.0,411416013.75
2025-08-01 09:21:32 AM,84.8,225,19080.0,411435093.75
2025-08-01 09:21:33 AM,83.2,0,0.0,411435093.75
2025-08-01 09:21:33 AM,83.4,0,0.0,411435093.75
2025-08-01 09:21:34 AM,83.9,36900,3095910.0,414531003.75
2025-08-01 09:21:34 AM,84.0,1350,113400.0,414644403.75
2025-08-01 09:21:34 AM,83.95,0,0.0,414644403.75
2025-08-01 09:21:35 AM,84.0,0,0.0,414644403.75
2025-08-01 09:21:35 AM,83.95,0,0.0,414644403.75
2025-08-01 09:21:35 AM,84.0,8475,711900.0,415356303.75
2025-08-01 09:21:36 AM,83.95,2025,169998.75,415526302.5
2025-08-01 09:21:36 AM,84.05,0,0.0,415526302.5
2025-08-01 09:21:37 AM,84.9,8400,713160.0,416239462.5
2025-08-01 09:21:37 AM,85.05,0,0.0,416239462.5
2025-08-01 09:21:37 AM,84.1,0,0.0,416239462.5
2025-08-01 09:21:37 AM,84.15,17025,1432653.75,417672116.25
2025-08-01 09:21:39 AM,84.75,22275,1887806.25,419559922.5
2025-08-01 09:21:39 AM,84.8,75,6360.0,419566282.5
2025-08-01 09:21:39 AM,85.0,0,0.0,419566282.5
2025-08-01 09:21:39 AM,84.7,0,0.0,419566282.5
2025-08-01 09:21:40 AM,84.0,0,0.0,419566282.5
2025-08-01 09:21:40 AM,84.15,0,0.0,419566282.5
2025-08-01 09:21:40 AM,83.95,19200,1611840.0,421178122.5
2025-08-01 09:21:41 AM,84.4,1425,120270.00000000001,421298392.5
2025-08-01 09:21:41 AM,84.6,0,0.0,421298392.5
2025-08-01 09:21:41 AM,85.0,0,0.0,421298392.5
2025-08-01 09:21:42 AM,84.85,10350,878197.4999999999,422176590.0
2025-08-01 09:21:42 AM,84.75,0,0.0,422176590.0
2025-08-01 09:21:42 AM,84.6,0,0.0,422176590.0
2025-08-01 09:21:42 AM,84.6,975,82485.0,422259075.0
2025-08-01 09:21:43 AM,84.25,0,0.0,422259075.0
2025-08-01 09:21:43 AM,84.05,0,0.0,422259075.0
2025-08-01 09:21:44 AM,84.6,20775,1757564.9999999998,424016640.0
2025-08-01 09:21:44 AM,85.25,450,38362.5,424055002.5
2025-08-01 09:21:44 AM,85.7,0,0.0,424055002.5
2025-08-01 09:21:45 AM,85.3,0,0.0,424055002.5
2025-08-01 09:21:45 AM,85.15,0,0.0,424055002.5
2025-08-01 09:21:45 AM,84.9,15000,1273500.0,425328502.5
2025-08-01 09:21:46 AM,85.3,1875,159937.5,425488440.0
2025-08-01 09:21:46 AM,85.45,0,0.0,425488440.0
2025-08-01 09:21:46 AM,85.2,0,0.0,425488440.0
2025-08-01 09:21:47 AM,84.05,19800,1664190.0,427152630.0
2025-08-01 09:21:47 AM,84.2,0,0.0,427152630.0
2025-08-01 09:21:47 AM,84.0,900,75600.0,427228230.0
2025-08-01 09:21:48 AM,83.35,0,0.0,427228230.0
2025-08-01 09:21:48 AM,83.5,0,0.0,427228230.0
2025-08-01 09:21:49 AM,83.65,30075,2515773.75,429744003.75
2025-08-01 09:21:49 AM,83.75,300,25125.0,429769128.75
2025-08-01 09:21:49 AM,83.8,0,0.0,429769128.75
2025-08-01 09:21:50 AM,82.6,0,0.0,429769128.75
2025-08-01 09:21:50 AM,82.5,0,0.0,429769128.75
2025-08-01 09:21:50 AM,82.7,18150,1501005.0,431270133.75
2025-08-01 09:21:51 AM,82.8,2325,192510.0,431462643.75
2025-08-01 09:21:51 AM,82.65,0,0.0,431462643.75
2025-08-01 09:21:51 AM,82.6,0,0.0,431462643.75
2025-08-01 09:21:52 AM,82.4,34500,2842800.0,434305443.75
2025-08-01 09:21:52 AM,82.35,0,0.0,434305443.75
2025-08-01 09:21:52 AM,82.6,225,18585.0,434324028.75
2025-08-01 09:21:53 AM,82.1,0,0.0,434324028.75
2025-08-01 09:21:53 AM,82.5,0,0.0,434324028.75
2025-08-01 09:21:54 AM,82.1,13950,1145295.0,435469323.75
2025-08-01 09:21:54 AM,82.15,525,43128.75,435512452.5
2025-08-01 09:21:54 AM,82.45,0,0.0,435512452.5
2025-08-01 09:21:54 AM,82.35,0,0.0,435512452.5
2025-08-01 09:21:55 AM,82.1,0,0.0,435512452.5
2025-08-01 09:21:55 AM,82.3,0,0.0,435512452.5
2025-08-01 09:21:55 AM,82.3,10425,857977.5,436370430.0
2025-08-01 09:21:56 AM,82.95,4575,379496.25,436749926.25
2025-08-01 09:21:56 AM,83.0,0,0.0,436749926.25
2025-08-01 09:21:56 AM,82.9,0,0.0,436749926.25
2025-08-01 09:21:57 AM,83.25,5850,487012.5,437236938.75
2025-08-01 09:21:57 AM,83.65,0,0.0,437236938.75
2025-08-01 09:21:57 AM,83.9,0,0.0,437236938.75
2025-08-01 09:21:57 AM,83.55,2400,200520.0,437437458.75
2025-08-01 09:21:58 AM,83.25,0,0.0,437437458.75
2025-08-01 09:21:59 AM,82.45,7650,630742.5,438068201.25
2025-08-01 09:21:59 AM,82.35,1500,123524.99999999999,438191726.25
2025-08-01 09:21:59 AM,82.5,0,0.0,438191726.25
2025-08-01 09:22:00 AM,81.45,0,0.0,438191726.25
2025-08-01 09:22:00 AM,81.6,0,0.0,438191726.25
2025-08-01 09:22:00 AM,81.45,30375,2474043.75,440665770.0
2025-08-01 09:22:01 AM,81.2,14775,1199730.0,441865500.0
2025-08-01 09:22:01 AM,80.2,0,0.0,441865500.0
2025-08-01 09:22:01 AM,80.25,0,0.0,441865500.0
2025-08-01 09:22:02 AM,80.05,43575,3488178.75,445353678.75
2025-08-01 09:22:02 AM,80.0,0,0.0,445353678.75
2025-08-01 09:22:02 AM,80.0,8250,660000.0,446013678.75
2025-08-01 09:22:03 AM,79.5,0,0.0,446013678.75
2025-08-01 09:22:03 AM,79.6,0,0.0,446013678.75
2025-08-01 09:22:04 AM,79.5,25050,1991475.0,448005153.75
2025-08-01 09:22:04 AM,80.0,450,36000.0,448041153.75
2025-08-01 09:22:04 AM,79.95,0,0.0,448041153.75
2025-08-01 09:22:05 AM,80.85,0,0.0,448041153.75
2025-08-01 09:22:05 AM,80.95,17775,1438886.25,449480040.0
2025-08-01 09:22:06 AM,81.0,3525,285525.0,449765565.0
2025-08-01 09:22:06 AM,80.45,0,0.0,449765565.0
2025-08-01 09:22:06 AM,80.6,0,0.0,449765565.0
2025-08-01 09:22:07 AM,80.6,8025,646815.0,450412380.0
2025-08-01 09:22:07 AM,80.9,0,0.0,450412380.0
2025-08-01 09:22:07 AM,80.7,300,24210.0,450436590.0
2025-08-01 09:22:08 AM,80.2,0,0.0,450436590.0
2025-08-01 09:22:09 AM,80.75,14775,1193081.25,451629671.25
2025-08-01 09:22:09 AM,80.8,0,0.0,451629671.25
2025-08-01 09:22:10 AM,80.7,0,0.0,451629671.25
2025-08-01 09:22:10 AM,80.7,7875,635512.5,452265183.75
2025-08-01 09:22:11 AM,80.85,1125,90956.25,452356140.0
2025-08-01 09:22:11 AM,80.65,0,0.0,452356140.0
2025-08-01 09:22:11 AM,80.8,0,0.0,452356140.0
2025-08-01 09:22:12 AM,81.25,18750,1523437.5,453879577.5
2025-08-01 09:22:12 AM,81.6,0,0.0,453879577.5
2025-08-01 09:22:12 AM,81.6,2775,226439.99999999997,454106017.5
2025-08-01 09:22:13 AM,79.75,0,0.0,454106017.5
2025-08-01 09:22:13 AM,80.0,0,0.0,454106017.5
2025-08-01 09:22:14 AM,79.85,20550,1640917.4999999998,455746935.0
2025-08-01 09:22:14 AM,80.0,150,12000.0,455758935.0
2025-08-01 09:22:14 AM,80.4,0,0.0,455758935.0
2025-08-01 09:22:14 AM,80.5,0,0.0,455758935.0
2025-08-01 09:22:15 AM,81.7,0,0.0,455758935.0
2025-08-01 09:22:15 AM,81.45,0,0.0,455758935.0
2025-08-01 09:22:15 AM,81.05,13350,1082017.5,456840952.5
2025-08-01 09:22:16 AM,81.45,4575,372633.75,457213586.25
2025-08-01 09:22:16 AM,81.4,0,0.0,457213586.25
2025-08-01 09:22:17 AM,81.35,8775,713846.25,457927432.5
2025-08-01 09:22:17 AM,81.4,0,0.0,457927432.5
2025-08-01 09:22:17 AM,81.15,450,36517.5,457963950.0
2025-08-01 09:22:18 AM,81.55,0,0.0,457963950.0
2025-08-01 09:22:19 AM,82.2,10275,844605.0,458808555.0
2025-08-01 09:22:19 AM,82.5,1275,105187.5,458913742.5
2025-08-01 09:22:19 AM,82.35,0,0.0,458913742.5
2025-08-01 09:22:20 AM,82.2,0,0.0,458913742.5
2025-08-01 09:22:20 AM,82.45,0,0.0,458913742.5
2025-08-01 09:22:20 AM,82.55,5025,414813.75,459328556.25
2025-08-01 09:22:21 AM,82.45,900,74205.0,459402761.25
2025-08-01 09:22:21 AM,82.35,0,0.0,459402761.25
2025-08-01 09:22:21 AM,82.1,0,0.0,459402761.25
2025-08-01 09:22:22 AM,82.3,11250,925875.0,460328636.25
2025-08-01 09:22:22 AM,81.55,0,0.0,460328636.25
2025-08-01 09:22:22 AM,82.55,15900,1312545.0,461641181.25
2025-08-01 09:22:23 AM,82.35,0,0.0,461641181.25
2025-08-01 09:22:24 AM,81.8,3375,276075.0,461917256.25
2025-08-01 09:22:24 AM,81.9,300,24570.0,461941826.25
2025-08-01 09:22:24 AM,81.85,0,0.0,461941826.25
2025-08-01 09:22:25 AM,81.4,0,0.0,461941826.25
2025-08-01 09:22:25 AM,81.4,4425,360195.0,462302021.25
2025-08-01 09:22:26 AM,81.95,2475,202826.25,462504847.5
2025-08-01 09:22:26 AM,81.15,0,0.0,462504847.5
2025-08-01 09:22:26 AM,81.1,0,0.0,462504847.5
2025-08-01 09:22:27 AM,81.8,6900,564420.0,463069267.5
2025-08-01 09:22:27 AM,81.75,0,0.0,463069267.5
2025-08-01 09:22:27 AM,81.8,375,30675.0,463099942.5
2025-08-01 09:22:28 AM,81.85,0,0.0,463099942.5
2025-08-01 09:22:29 AM,81.85,9225,755066.25,463855008.75
2025-08-01 09:22:29 AM,82.45,8625,711131.25,464566140.0
2025-08-01 09:22:29 AM,82.3,0,0.0,464566140.0
2025-08-01 09:22:30 AM,82.25,0,0.0,464566140.0
2025-08-01 09:22:30 AM,82.45,0,0.0,464566140.0
2025-08-01 09:22:30 AM,82.1,13500,1108350.0,465674490.0
2025-08-01 09:22:31 AM,82.15,1350,110902.50000000001,465785392.5
2025-08-01 09:22:31 AM,81.8,0,0.0,465785392.5
2025-08-01 09:22:32 AM,81.35,6225,506403.74999999994,466291796.25
2025-08-01 09:22:32 AM,81.05,0,0.0,466291796.25
2025-08-01 09:22:32 AM,81.15,0,0.0,466291796.25
2025-08-01 09:22:32 AM,81.0,675,54675.0,466346471.25
2025-08-01 09:22:33 AM,80.6,0,0.0,466346471.25
2025-08-01 09:22:34 AM,81.0,7125,577125.0,466923596.25
2025-08-01 09:22:34 AM,80.8,375,30300.0,466953896.25
2025-08-01 09:22:34 AM,81.15,0,0.0,466953896.25
2025-08-01 09:22:35 AM,81.75,0,0.0,466953896.25
2025-08-01 09:22:35 AM,81.75,4200,343350.0,467297246.25
2025-08-01 09:22:36 AM,81.65,450,36742.5,467333988.75
2025-08-01 09:22:36 AM,82.6,0,0.0,467333988.75
2025-08-01 09:22:37 AM,83.4,10575,881955.0000000001,468215943.75
2025-08-01 09:22:37 AM,83.25,0,0.0,468215943.75
2025-08-01 09:22:37 AM,83.4,0,0.0,468215943.75
2025-08-01 09:22:37 AM,83.4,450,37530.0,468253473.75
2025-08-01 09:22:38 AM,83.35,0,0.0,468253473.75
2025-08-01 09:22:38 AM,83.55,0,0.0,468253473.75
2025-08-01 09:22:39 AM,82.9,6000,497400.00000000006,468750873.75
2025-08-01 09:22:39 AM,83.1,75,6232.5,468757106.25
2025-08-01 09:22:39 AM,83.45,0,0.0,468757106.25
2025-08-01 09:22:39 AM,83.4,0,0.0,468757106.25
2025-08-01 09:22:40 AM,83.55,0,0.0,468757106.25
2025-08-01 09:22:40 AM,83.35,3900,325065.0,469082171.25
2025-08-01 09:22:41 AM,83.6,150,12540.0,469094711.25
2025-08-01 09:22:41 AM,83.35,0,0.0,469094711.25
2025-08-01 09:22:41 AM,83.15,0,0.0,469094711.25
2025-08-01 09:22:42 AM,83.0,12225,1014675.0,470109386.25
2025-08-01 09:22:42 AM,83.05,0,0.0,470109386.25
2025-08-01 09:22:42 AM,83.3,975,81217.5,470190603.75
2025-08-01 09:22:43 AM,82.95,0,0.0,470190603.75
2025-08-01 09:22:44 AM,82.75,7950,657862.5,470848466.25
2025-08-01 09:22:44 AM,82.8,375,31050.0,470879516.25
2025-08-01 09:22:44 AM,82.75,0,0.0,470879516.25
2025-08-01 09:22:45 AM,82.95,0,0.0,470879516.25
2025-08-01 09:22:45 AM,82.7,0,0.0,470879516.25
2025-08-01 09:22:45 AM,82.75,15450,1278487.5,472158003.75
2025-08-01 09:22:46 AM,83.2,1350,112320.0,472270323.75
2025-08-01 09:22:46 AM,84.0,0,0.0,472270323.75
2025-08-01 09:22:46 AM,84.45,0,0.0,472270323.75
2025-08-01 09:22:47 AM,84.6,29475,2493585.0,474763908.75
2025-08-01 09:22:47 AM,84.25,0,0.0,474763908.75
2025-08-01 09:22:47 AM,84.15,0,0.0,474763908.75
2025-08-01 09:22:47 AM,84.1,2925,245992.49999999997,475009901.25
2025-08-01 09:22:48 AM,83.9,0,0.0,475009901.25
2025-08-01 09:22:48 AM,83.95,0,0.0,475009901.25
2025-08-01 09:22:49 AM,84.0,10875,913500.0,475923401.25
2025-08-01 09:22:49 AM,84.0,450,37800.0,475961201.25
2025-08-01 09:22:49 AM,84.15,0,0.0,475961201.25
2025-08-01 09:22:50 AM,84.1,0,0.0,475961201.25
2025-08-01 09:22:50 AM,83.85,0,0.0,475961201.25
2025-08-01 09:22:50 AM,83.9,9900,830610.0,476791811.25
2025-08-01 09:22:51 AM,84.0,1575,132300.0,476924111.25
2025-08-01 09:22:51 AM,83.75,0,0.0,476924111.25
2025-08-01 09:22:51 AM,83.8,0,0.0,476924111.25
2025-08-01 09:22:52 AM,83.3,13350,1112055.0,478036166.25
2025-08-01 09:22:52 AM,83.4,975,81315.0,478117481.25
2025-08-01 09:22:53 AM,82.9,0,0.0,478117481.25
2025-08-01 09:22:53 AM,82.75,0,0.0,478117481.25
2025-08-01 09:22:54 AM,83.2,11475,954720.0,479072201.25
2025-08-01 09:22:54 AM,83.25,0,0.0,479072201.25
2025-08-01 09:22:54 AM,83.0,0,0.0,479072201.25
2025-08-01 09:22:55 AM,82.45,0,0.0,479072201.25
2025-08-01 09:22:55 AM,82.7,7425,614047.5,479686248.75
2025-08-01 09:22:56 AM,82.6,225,18585.0,479704833.75
2025-08-01 09:22:56 AM,83.0,0,0.0,479704833.75
2025-08-01 09:22:57 AM,82.75,8325,688893.75,480393727.5
2025-08-01 09:22:57 AM,82.8,0,0.0,480393727.5
2025-08-01 09:22:57 AM,82.7,1575,130252.5,480523980.0
2025-08-01 09:22:58 AM,82.9,0,0.0,480523980.0
2025-08-01 09:22:59 AM,82.35,2925,240873.74999999997,480764853.75
2025-08-01 09:22:59 AM,82.3,1050,86415.0,480851268.75
2025-08-01 09:22:59 AM,82.35,0,0.0,480851268.75
2025-08-01 09:23:00 AM,83.0,0,0.0,480851268.75
2025-08-01 09:23:00 AM,82.75,0,0.0,480851268.75
2025-08-01 09:23:00 AM,82.7,8775,725692.5,481576961.25
2025-08-01 09:23:01 AM,82.7,1050,86835.0,481663796.25
2025-08-01 09:23:01 AM,82.35,0,0.0,481663796.25
2025-08-01 09:23:02 AM,82.4,18000,1483200.0,483146996.25
2025-08-01 09:23:02 AM,82.05,0,0.0,483146996.25
2025-08-01 09:23:02 AM,82.05,1350,110767.5,483257763.75
2025-08-01 09:23:03 AM,82.6,0,0.0,483257763.75
2025-08-01 09:23:04 AM,83.35,29250,2437987.5,485695751.25
2025-08-01 09:23:04 AM,83.85,12750,1069087.5,486764838.75
2025-08-01 09:23:04 AM,83.45,0,0.0,486764838.75
2025-08-01 09:23:04 AM,83.1,0,0.0,486764838.75
2025-08-01 09:23:05 AM,83.25,0,0.0,486764838.75
2025-08-01 09:23:05 AM,83.7,15225,1274332.5,488039171.25
2025-08-01 09:23:06 AM,83.8,300,25140.0,488064311.25
2025-08-01 09:23:06 AM,83.85,0,0.0,488064311.25
2025-08-01 09:23:06 AM,83.4,0,0.0,488064311.25
2025-08-01 09:23:07 AM,83.75,9825,822843.75,488887155.0
2025-08-01 09:23:07 AM,83.55,0,0.0,488887155.0
2025-08-01 09:23:07 AM,83.6,750,62699.99999999999,488949855.0
2025-08-01 09:23:08 AM,84.35,0,0.0,488949855.0
2025-08-01 09:23:08 AM,84.05,0,0.0,488949855.0
2025-08-01 09:23:09 AM,84.15,10650,896197.5000000001,489846052.5
2025-08-01 09:23:09 AM,83.9,675,56632.50000000001,489902685.0
2025-08-01 09:23:09 AM,83.95,0,0.0,489902685.0
2025-08-01 09:23:10 AM,84.2,0,0.0,489902685.0
2025-08-01 09:23:10 AM,84.4,14250,1202700.0,491105385.0
2025-08-01 09:23:11 AM,84.2,1200,101040.0,491206425.0
2025-08-01 09:23:11 AM,84.15,0,0.0,491206425.0
2025-08-01 09:23:11 AM,84.25,0,0.0,491206425.0
2025-08-01 09:23:12 AM,84.95,10650,904717.5,492111142.5
2025-08-01 09:23:12 AM,84.45,0,0.0,492111142.5
2025-08-01 09:23:12 AM,84.8,900,76320.0,492187462.5
2025-08-01 09:23:13 AM,83.8,0,0.0,492187462.5
2025-08-01 09:23:13 AM,83.6,0,0.0,492187462.5
2025-08-01 09:23:14 AM,84.2,11925,1004085.0,493191547.5
2025-08-01 09:23:14 AM,84.55,3300,279015.0,493470562.5
2025-08-01 09:23:14 AM,84.5,0,0.0,493470562.5
2025-08-01 09:23:15 AM,83.8,0,0.0,493470562.5
2025-08-01 09:23:15 AM,84.15,8625,725793.75,494196356.25
2025-08-01 09:23:16 AM,83.8,150,12570.0,494208926.25
2025-08-01 09:23:16 AM,83.85,0,0.0,494208926.25
2025-08-01 09:23:16 AM,84.0,0,0.0,494208926.25
2025-08-01 09:23:17 AM,84.1,11925,1002892.4999999999,495211818.75
2025-08-01 09:23:17 AM,84.25,0,0.0,495211818.75
2025-08-01 09:23:17 AM,84.25,1425,120056.25,495331875.0
2025-08-01 09:23:18 AM,84.2,0,0.0,495331875.0
2025-08-01 09:23:18 AM,84.05,0,0.0,495331875.0
2025-08-01 09:23:19 AM,83.95,11250,944437.5,496276312.5
2025-08-01 09:23:19 AM,83.65,3825,319961.25,496596273.75
2025-08-01 09:23:19 AM,83.4,0,0.0,496596273.75
2025-08-01 09:23:20 AM,82.6,0,0.0,496596273.75
2025-08-01 09:23:20 AM,82.8,12150,1006020.0,497602293.75
2025-08-01 09:23:21 AM,82.2,5400,443880.0,498046173.75
2025-08-01 09:23:21 AM,81.95,0,0.0,498046173.75
2025-08-01 09:23:22 AM,81.75,10650,870637.5,498916811.25
2025-08-01 09:23:22 AM,81.5,0,0.0,498916811.25
2025-08-01 09:23:22 AM,81.4,3300,268620.0,499185431.25
2025-08-01 09:23:23 AM,81.25,0,0.0,499185431.25
2025-08-01 09:23:23 AM,81.2,0,0.0,499185431.25
2025-08-01 09:23:24 AM,81.3,12075,981697.5,500167128.75
2025-08-01 09:23:24 AM,80.8,2850,230280.0,500397408.75
2025-08-01 09:23:24 AM,80.95,0,0.0,500397408.75
2025-08-01 09:23:24 AM,80.9,0,0.0,500397408.75
2025-08-01 09:23:25 AM,80.65,0,0.0,500397408.75
2025-08-01 09:23:25 AM,80.85,0,0.0,500397408.75
2025-08-01 09:23:25 AM,80.8,11400,921120.0,501318528.75
2025-08-01 09:23:26 AM,80.65,675,54438.75000000001,501372967.5
2025-08-01 09:23:26 AM,80.25,0,0.0,501372967.5
2025-08-01 09:23:26 AM,80.1,0,0.0,501372967.5
2025-08-01 09:23:27 AM,80.25,67575,5422893.75,506795861.25
2025-08-01 09:23:27 AM,80.45,0,0.0,506795861.25
2025-08-01 09:23:27 AM,80.55,675,54371.25,506850232.5
2025-08-01 09:23:28 AM,80.5,0,0.0,506850232.5
2025-08-01 09:23:29 AM,80.8,8700,702960.0,507553192.5
2025-08-01 09:23:29 AM,80.75,3675,296756.25,507849948.75
2025-08-01 09:23:29 AM,80.7,0,0.0,507849948.75
2025-08-01 09:23:30 AM,80.85,0,0.0,507849948.75
2025-08-01 09:23:30 AM,80.75,6750,545062.5,508395011.25
2025-08-01 09:23:31 AM,80.65,1125,90731.25,508485742.5
2025-08-01 09:23:31 AM,80.75,0,0.0,508485742.5
2025-08-01 09:23:32 AM,81.1,7200,583920.0,509069662.5
2025-08-01 09:23:32 AM,81.2,0,0.0,509069662.5
2025-08-01 09:23:32 AM,80.85,3225,260741.24999999997,509330403.75
2025-08-01 09:23:33 AM,81.15,0,0.0,509330403.75
2025-08-01 09:23:34 AM,81.0,6750,546750.0,509877153.75
2025-08-01 09:23:34 AM,80.95,1725,139638.75,510016792.5
2025-08-01 09:23:34 AM,80.85,0,0.0,510016792.5
2025-08-01 09:23:35 AM,80.4,0,0.0,510016792.5
2025-08-01 09:23:35 AM,80.55,10200,821610.0,510838402.5
2025-08-01 09:23:36 AM,80.5,1650,132825.0,510971227.5
2025-08-01 09:23:36 AM,80.85,0,0.0,510971227.5
2025-08-01 09:23:36 AM,80.7,0,0.0,510971227.5
2025-08-01 09:23:37 AM,80.3,6900,554070.0,511525297.5
2025-08-01 09:23:37 AM,80.6,2025,163215.0,511688512.5
2025-08-01 09:23:38 AM,80.45,0,0.0,511688512.5
2025-08-01 09:23:38 AM,80.5,0,0.0,511688512.5
2025-08-01 09:23:39 AM,79.45,22500,1787625.0,513476137.5
2025-08-01 09:23:39 AM,79.55,4275,340076.25,513816213.75
2025-08-01 09:23:39 AM,79.6,0,0.0,513816213.75
2025-08-01 09:23:39 AM,79.5,0,0.0,513816213.75
2025-08-01 09:23:40 AM,79.3,5625,446062.5,514262276.25
2025-08-01 09:23:40 AM,79.15,0,0.0,514262276.25
2025-08-01 09:23:41 AM,79.4,3900,309660.0,514571936.25
2025-08-01 09:23:41 AM,79.2,0,0.0,514571936.25
2025-08-01 09:23:42 AM,79.3,7650,606645.0,515178581.25
2025-08-01 09:23:42 AM,79.1,0,0.0,515178581.25
2025-08-01 09:23:43 AM,78.85,0,0.0,515178581.25
2025-08-01 09:23:43 AM,78.7,0,0.0,515178581.25
2025-08-01 09:23:44 AM,78.4,23625,1852200.0000000002,517030781.25
2025-08-01 09:23:44 AM,78.35,3300,258554.99999999997,517289336.25
2025-08-01 09:23:44 AM,79.0,0,0.0,517289336.25
2025-08-01 09:23:45 AM,78.5,0,0.0,517289336.25
2025-08-01 09:23:45 AM,78.5,18450,1448325.0,518737661.25
2025-08-01 09:23:46 AM,78.25,3150,246487.5,518984148.75
2025-08-01 09:23:46 AM,78.4,0,0.0,518984148.75
2025-08-01 09:23:47 AM,77.9,22650,1764435.0000000002,520748583.75
2025-08-01 09:23:47 AM,78.0,600,46800.0,520795383.75
2025-08-01 09:23:48 AM,78.05,0,0.0,520795383.75
2025-08-01 09:23:48 AM,78.3,0,0.0,520795383.75
2025-08-01 09:23:49 AM,77.95,12375,964631.25,521760015.0
2025-08-01 09:23:49 AM,78.15,825,64473.75000000001,521824488.75
2025-08-01 09:23:49 AM,77.9,0,0.0,521824488.75
2025-08-01 09:23:49 AM,77.95,0,0.0,521824488.75
2025-08-01 09:23:50 AM,78.0,0,0.0,521824488.75
2025-08-01 09:23:50 AM,78.1,12300,960629.9999999999,522785118.75
2025-08-01 09:23:51 AM,78.4,1575,123480.00000000001,522908598.75
2025-08-01 09:23:51 AM,78.15,0,0.0,522908598.75
2025-08-01 09:23:52 AM,78.65,11700,920205.0000000001,523828803.75
2025-08-01 09:23:53 AM,78.55,0,0.0,523828803.75
2025-08-01 09:23:53 AM,78.3,0,0.0,523828803.75
2025-08-01 09:23:54 AM,78.35,2625,205668.74999999997,524034472.5
2025-08-01 09:23:54 AM,78.2,600,46920.0,524081392.5
2025-08-01 09:23:54 AM,78.55,0,0.0,524081392.5
2025-08-01 09:23:55 AM,78.8,0,0.0,524081392.5
2025-08-01 09:23:55 AM,78.85,0,0.0,524081392.5
2025-08-01 09:23:55 AM,78.8,5850,460980.0,524542372.5
2025-08-01 09:23:56 AM,78.85,1500,118274.99999999999,524660647.5
2025-08-01 09:23:56 AM,78.7,0,0.0,524660647.5
2025-08-01 09:23:56 AM,78.85,0,0.0,524660647.5
2025-08-01 09:23:57 AM,79.1,9300,735630.0,525396277.5
2025-08-01 09:23:57 AM,79.35,0,0.0,525396277.5
2025-08-01 09:23:57 AM,79.35,1575,124976.24999999999,525521253.75
2025-08-01 09:23:58 AM,78.6,0,0.0,525521253.75
2025-08-01 09:23:59 AM,78.6,6825,536445.0,526057698.75
2025-08-01 09:23:59 AM,78.4,1800,141120.0,526198818.75
2025-08-01 09:23:59 AM,78.6,0,0.0,526198818.75
2025-08-01 09:24:00 AM,78.5,0,0.0,526198818.75
2025-08-01 09:24:00 AM,78.5,16350,1283475.0,527482293.75
2025-08-01 09:24:01 AM,78.7,6000,472200.0,527954493.75
2025-08-01 09:24:01 AM,78.5,0,0.0,527954493.75
2025-08-01 09:24:01 AM,78.4,0,0.0,527954493.75
2025-08-01 09:24:02 AM,78.05,9525,743426.25,528697920.0
2025-08-01 09:24:02 AM,77.75,0,0.0,528697920.0
2025-08-01 09:24:02 AM,77.75,8100,629775.0,529327695.0
2025-08-01 09:24:02 AM,77.7,0,0.0,529327695.0
2025-08-01 09:24:03 AM,76.25,0,0.0,529327695.0
2025-08-01 09:24:03 AM,76.3,0,0.0,529327695.0
2025-08-01 09:24:04 AM,76.4,44850,3426540.0000000005,532754235.0
2025-08-01 09:24:04 AM,76.7,7125,546487.5,533300722.5
2025-08-01 09:24:04 AM,76.65,0,0.0,533300722.5
2025-08-01 09:24:04 AM,76.4,0,0.0,533300722.5
2025-08-01 09:24:05 AM,76.5,0,0.0,533300722.5
2025-08-01 09:24:05 AM,76.25,0,0.0,533300722.5
2025-08-01 09:24:05 AM,76.5,29325,2243362.5,535544085.0
2025-08-01 09:24:05 AM,76.5,4050,309825.0,535853910.0
2025-08-01 09:24:06 AM,76.25,0,0.0,535853910.0
2025-08-01 09:24:07 AM,77.05,18075,1392678.75,537246588.75
2025-08-01 09:24:07 AM,77.0,0,0.0,537246588.75
2025-08-01 09:24:07 AM,77.05,5850,450742.5,537697331.25
2025-08-01 09:24:07 AM,77.1,0,0.0,537697331.25
2025-08-01 09:24:08 AM,77.0,0,0.0,537697331.25
2025-08-01 09:24:09 AM,77.25,7875,608343.75,538305675.0
2025-08-01 09:24:09 AM,77.35,10350,800572.4999999999,539106247.5
2025-08-01 09:24:09 AM,77.6,0,0.0,539106247.5
2025-08-01 09:24:09 AM,77.8,0,0.0,539106247.5
2025-08-01 09:24:10 AM,77.15,0,0.0,539106247.5
2025-08-01 09:24:10 AM,77.35,6975,539516.25,539645763.75
2025-08-01 09:24:11 AM,77.45,225,17426.25,539663190.0
2025-08-01 09:24:11 AM,77.5,0,0.0,539663190.0
2025-08-01 09:24:12 AM,77.7,4725,367132.5,540030322.5
2025-08-01 09:24:12 AM,77.85,0,0.0,540030322.5
2025-08-01 09:24:12 AM,77.9,1200,93480.0,540123802.5
2025-08-01 09:24:12 AM,77.85,0,0.0,540123802.5
2025-08-01 09:24:13 AM,77.95,0,0.0,540123802.5
2025-08-01 09:24:13 AM,77.9,0,0.0,540123802.5
2025-08-01 09:24:14 AM,77.65,8100,628965.0,540752767.5
2025-08-01 09:24:14 AM,78.2,1200,93840.0,540846607.5
2025-08-01 09:24:14 AM,78.15,0,0.0,540846607.5
2025-08-01 09:24:14 AM,78.1,0,0.0,540846607.5
2025-08-01 09:24:15 AM,78.25,0,0.0,540846607.5
2025-08-01 09:24:15 AM,78.4,0,0.0,540846607.5
2025-08-01 09:24:15 AM,78.2,19050,1489710.0,542336317.5
2025-08-01 09:24:16 AM,78.5,1500,117750.0,542454067.5
2025-08-01 09:24:16 AM,78.7,0,0.0,542454067.5
2025-08-01 09:24:16 AM,78.6,0,0.0,542454067.5
2025-08-01 09:24:17 AM,78.9,6375,502987.50000000006,542957055.0
2025-08-01 09:24:17 AM,78.9,2250,177525.0,543134580.0
2025-08-01 09:24:18 AM,80.15,0,0.0,543134580.0
2025-08-01 09:24:18 AM,80.05,0,0.0,543134580.0
2025-08-01 09:24:19 AM,80.1,22575,1808257.4999999998,544942837.5
2025-08-01 09:24:19 AM,79.8,1200,95760.0,545038597.5
2025-08-01 09:24:19 AM,80.1,0,0.0,545038597.5
2025-08-01 09:24:20 AM,79.3,0,0.0,545038597.5
2025-08-01 09:24:20 AM,79.35,13275,1053371.25,546091968.75
2025-08-01 09:24:21 AM,79.2,1350,106920.0,546198888.75
2025-08-01 09:24:21 AM,79.25,0,0.0,546198888.75
2025-08-01 09:24:21 AM,79.3,0,0.0,546198888.75
2025-08-01 09:24:22 AM,79.25,4875,386343.75,546585232.5
2025-08-01 09:24:22 AM,79.0,0,0.0,546585232.5
2025-08-01 09:24:22 AM,79.05,7650,604732.5,547189965.0
2025-08-01 09:24:22 AM,79.2,0,0.0,547189965.0
2025-08-01 09:24:23 AM,78.65,0,0.0,547189965.0
2025-08-01 09:24:23 AM,78.6,0,0.0,547189965.0
2025-08-01 09:24:24 AM,78.65,5850,460102.50000000006,547650067.5
2025-08-01 09:24:24 AM,78.7,1950,153465.0,547803532.5
2025-08-01 09:24:24 AM,78.8,0,0.0,547803532.5
2025-08-01 09:24:24 AM,78.9,0,0.0,547803532.5
2025-08-01 09:24:25 AM,78.35,0,0.0,547803532.5
2025-08-01 09:24:25 AM,78.4,0,0.0,547803532.5
2025-08-01 09:24:25 AM,78.4,5700,446880.00000000006,548250412.5
2025-08-01 09:24:26 AM,78.5,1425,111862.5,548362275.0
2025-08-01 09:24:26 AM,78.35,0,0.0,548362275.0
2025-08-01 09:24:26 AM,78.25,0,0.0,548362275.0
2025-08-01 09:24:27 AM,77.95,8625,672318.75,549034593.75
2025-08-01 09:24:27 AM,78.2,0,0.0,549034593.75
2025-08-01 09:24:27 AM,78.2,600,46920.0,549081513.75
2025-08-01 09:24:28 AM,78.0,0,0.0,549081513.75
2025-08-01 09:24:29 AM,77.8,2175,169215.0,549250728.75
2025-08-01 09:24:29 AM,77.25,2400,185400.0,549436128.75
2025-08-01 09:24:29 AM,77.5,0,0.0,549436128.75
2025-08-01 09:24:30 AM,77.45,0,0.0,549436128.75
2025-08-01 09:24:30 AM,77.35,0,0.0,549436128.75
2025-08-01 09:24:30 AM,77.35,15000,1160250.0,550596378.75
2025-08-01 09:24:31 AM,77.05,1200,92460.0,550688838.75
2025-08-01 09:24:31 AM,76.85,0,0.0,550688838.75
2025-08-01 09:24:31 AM,76.65,0,0.0,550688838.75
2025-08-01 09:24:32 AM,76.6,8550,654930.0,551343768.75
2025-08-01 09:24:32 AM,77.15,0,0.0,551343768.75
2025-08-01 09:24:32 AM,77.15,4275,329816.25,551673585.0
2025-08-01 09:24:33 AM,76.8,0,0.0,551673585.0
2025-08-01 09:24:33 AM,76.65,0,0.0,551673585.0
2025-08-01 09:24:34 AM,76.65,5100,390915.0,552064500.0
2025-08-01 09:24:34 AM,76.55,600,45930.0,552110430.0
2025-08-01 09:24:34 AM,76.7,0,0.0,552110430.0
2025-08-01 09:24:35 AM,76.65,0,0.0,552110430.0
2025-08-01 09:24:35 AM,77.2,0,0.0,552110430.0
2025-08-01 09:24:35 AM,76.8,17400,1336320.0,553446750.0
2025-08-01 09:24:36 AM,76.95,150,11542.5,553458292.5
2025-08-01 09:24:36 AM,76.75,0,0.0,553458292.5
2025-08-01 09:24:37 AM,77.1,7050,543555.0,554001847.5
2025-08-01 09:24:37 AM,77.2,0,0.0,554001847.5
2025-08-01 09:24:37 AM,77.05,1200,92460.0,554094307.5
2025-08-01 09:24:38 AM,77.25,0,0.0,554094307.5
2025-08-01 09:24:39 AM,76.95,3975,305876.25,554400183.75
2025-08-01 09:24:39 AM,76.4,2400,183360.0,554583543.75
2025-08-01 09:24:39 AM,76.45,0,0.0,554583543.75
2025-08-01 09:24:40 AM,77.15,0,0.0,554583543.75
2025-08-01 09:24:40 AM,77.0,7275,560175.0,555143718.75
2025-08-01 09:24:41 AM,77.0,1725,132825.0,555276543.75
2025-08-01 09:24:41 AM,76.45,0,0.0,555276543.75
2025-08-01 09:24:41 AM,76.55,0,0.0,555276543.75
2025-08-01 09:24:42 AM,76.35,13350,1019272.4999999999,556295816.25
2025-08-01 09:24:42 AM,76.6,0,0.0,556295816.25
2025-08-01 09:24:42 AM,76.65,0,0.0,556295816.25
2025-08-01 09:24:42 AM,76.65,1800,137970.0,556433786.25
2025-08-01 09:24:43 AM,76.2,0,0.0,556433786.25
2025-08-01 09:24:44 AM,76.35,9225,704328.75,557138115.0
2025-08-01 09:24:44 AM,76.0,8625,655500.0,557793615.0
2025-08-01 09:24:44 AM,75.8,0,0.0,557793615.0
2025-08-01 09:24:44 AM,75.95,0,0.0,557793615.0
2025-08-01 09:24:45 AM,75.5,0,0.0,557793615.0
2025-08-01 09:24:45 AM,75.45,0,0.0,557793615.0
2025-08-01 09:24:45 AM,75.6,10875,822149.9999999999,558615765.0
2025-08-01 09:24:46 AM,75.9,1950,148005.0,558763770.0
2025-08-01 09:24:46 AM,75.55,0,0.0,558763770.0
2025-08-01 09:24:46 AM,75.7,0,0.0,558763770.0
2025-08-01 09:24:47 AM,75.95,11550,877222.5,559640992.5
2025-08-01 09:24:47 AM,76.0,0,0.0,559640992.5
2025-08-01 09:24:47 AM,76.15,0,0.0,559640992.5
2025-08-01 09:24:47 AM,76.15,1200,91380.0,559732372.5
2025-08-01 09:24:48 AM,76.5,0,0.0,559732372.5
2025-08-01 09:24:48 AM,76.35,0,0.0,559732372.5
2025-08-01 09:24:49 AM,76.55,6675,510971.25,560243343.75
2025-08-01 09:24:49 AM,76.5,6825,522112.5,560765456.25
2025-08-01 09:24:49 AM,76.4,0,0.0,560765456.25
2025-08-01 09:24:49 AM,76.15,0,0.0,560765456.25
2025-08-01 09:24:50 AM,76.2,0,0.0,560765456.25
2025-08-01 09:24:50 AM,75.95,8325,632283.75,561397740.0
2025-08-01 09:24:51 AM,75.9,2025,153697.5,561551437.5
2025-08-01 09:24:51 AM,76.3,0,0.0,561551437.5
2025-08-01 09:24:52 AM,76.0,4050,307800.0,561859237.5
2025-08-01 09:24:52 AM,75.8,0,0.0,561859237.5
2025-08-01 09:24:52 AM,75.8,4425,335415.0,562194652.5
2025-08-01 09:24:53 AM,76.0,0,0.0,562194652.5
2025-08-01 09:24:54 AM,75.8,3975,301305.0,562495957.5
2025-08-01 09:24:54 AM,75.95,600,45570.0,562541527.5
2025-08-01 09:24:54 AM,75.7,0,0.0,562541527.5
2025-08-01 09:24:55 AM,75.7,8700,658590.0,563200117.5
2025-08-01 09:24:55 AM,75.35,0,0.0,563200117.5
2025-08-01 09:24:56 AM,75.65,525,39716.25,563239833.75
2025-08-01 09:24:56 AM,75.3,0,0.0,563239833.75
2025-08-01 09:24:56 AM,75.4,0,0.0,563239833.75
2025-08-01 09:24:57 AM,75.65,47550,3597157.5000000005,566836991.25
2025-08-01 09:24:57 AM,75.55,0,0.0,566836991.25
2025-08-01 09:24:57 AM,75.55,1200,90660.0,566927651.25
2025-08-01 09:24:58 AM,75.3,0,0.0,566927651.25
2025-08-01 09:24:58 AM,75.4,0,0.0,566927651.25
2025-08-01 09:24:59 AM,75.1,13125,985687.4999999999,567913338.75
2025-08-01 09:24:59 AM,75.0,20475,1535625.0,569448963.75
2025-08-01 09:24:59 AM,74.85,0,0.0,569448963.75
2025-08-01 09:24:59 AM,75.0,0,0.0,569448963.75
2025-08-01 09:25:00 AM,76.25,55575,4237593.75,573686557.5
2025-08-01 09:25:00 AM,76.05,0,0.0,573686557.5
2025-08-01 09:25:00 AM,76.2,0,0.0,573686557.5
2025-08-01 09:25:01 AM,75.95,11325,860133.75,574546691.25
2025-08-01 09:25:01 AM,75.35,0,0.0,574546691.25
2025-08-01 09:25:01 AM,75.4,0,0.0,574546691.25
2025-08-01 09:25:02 AM,75.4,20925,1577745.0000000002,576124436.25
2025-08-01 09:25:02 AM,75.15,11550,867982.5000000001,576992418.75
2025-08-01 09:25:02 AM,75.2,0,0.0,576992418.75
2025-08-01 09:25:03 AM,74.6,0,0.0,576992418.75
2025-08-01 09:25:03 AM,74.85,17850,1336072.5,578328491.25
2025-08-01 09:25:04 AM,74.7,4125,308137.5,578636628.75
2025-08-01 09:25:04 AM,74.55,0,0.0,578636628.75
2025-08-01 09:25:04 AM,74.65,0,0.0,578636628.75
2025-08-01 09:25:05 AM,74.2,9375,695625.0,579332253.75
2025-08-01 09:25:05 AM,74.1,0,0.0,579332253.75
2025-08-01 09:25:06 AM,74.4,6375,474300.00000000006,579806553.75
2025-08-01 09:25:06 AM,74.0,0,0.0,579806553.75
2025-08-01 09:25:06 AM,74.15,0,0.0,579806553.75
2025-08-01 09:25:07 AM,74.1,17550,1300455.0,581107008.75
2025-08-01 09:25:07 AM,73.95,7200,532440.0,581639448.75
2025-08-01 09:25:07 AM,74.05,0,0.0,581639448.75
2025-08-01 09:25:08 AM,73.75,0,0.0,581639448.75
2025-08-01 09:25:08 AM,73.7,0,0.0,581639448.75
2025-08-01 09:25:08 AM,73.9,11325,836917.5000000001,582476366.25
2025-08-01 09:25:09 AM,73.65,4875,359043.75,582835410.0
2025-08-01 09:25:09 AM,73.55,0,0.0,582835410.0
2025-08-01 09:25:09 AM,73.5,0,0.0,582835410.0
2025-08-01 09:25:10 AM,73.05,32325,2361341.25,585196751.25
2025-08-01 09:25:10 AM,73.0,0,0.0,585196751.25
2025-08-01 09:25:11 AM,73.05,44250,3232462.5,588429213.75
2025-08-01 09:25:11 AM,73.15,0,0.0,588429213.75
2025-08-01 09:25:11 AM,73.1,0,0.0,588429213.75
2025-08-01 09:25:12 AM,73.1,50925,3722617.4999999995,592151831.25
2025-08-01 09:25:12 AM,73.3,2175,159427.5,592311258.75
2025-08-01 09:25:12 AM,73.4,0,0.0,592311258.75
2025-08-01 09:25:12 AM,73.35,0,0.0,592311258.75
2025-08-01 09:25:13 AM,72.9,0,0.0,592311258.75
2025-08-01 09:25:13 AM,72.9,18450,1345005.0,593656263.75
2025-08-01 09:25:14 AM,72.85,5775,420708.74999999994,594076972.5
2025-08-01 09:25:14 AM,72.75,0,0.0,594076972.5
2025-08-01 09:25:14 AM,72.8,0,0.0,594076972.5
2025-08-01 09:25:15 AM,72.9,16875,1230187.5,595307160.0
2025-08-01 09:25:15 AM,72.8,0,0.0,595307160.0
2025-08-01 09:25:16 AM,72.95,5250,382987.5,595690147.5
2025-08-01 09:25:16 AM,72.5,0,0.0,595690147.5
2025-08-01 09:25:16 AM,72.55,0,0.0,595690147.5
2025-08-01 09:25:17 AM,73.0,7350,536550.0,596226697.5
2025-08-01 09:25:17 AM,73.0,4125,301125.0,596527822.5
2025-08-01 09:25:17 AM,73.25,0,0.0,596527822.5
2025-08-01 09:25:18 AM,72.5,0,0.0,596527822.5
2025-08-01 09:25:18 AM,72.75,0,0.0,596527822.5
2025-08-01 09:25:18 AM,72.55,8700,631185.0,597159007.5
2025-08-01 09:25:19 AM,72.7,3375,245362.5,597404370.0
2025-08-01 09:25:19 AM,72.0,0,0.0,597404370.0
2025-08-01 09:25:20 AM,72.2,43800,3162360.0,600566730.0
2025-08-01 09:25:20 AM,72.05,0,0.0,600566730.0
2025-08-01 09:25:20 AM,72.55,0,0.0,600566730.0
2025-08-01 09:25:21 AM,72.15,4575,330086.25,600896816.25
2025-08-01 09:25:21 AM,72.4,0,0.0,600896816.25
2025-08-01 09:25:21 AM,72.1,0,0.0,600896816.25
2025-08-01 09:25:22 AM,71.9,64125,4610587.5,605507403.75
2025-08-01 09:25:22 AM,72.1,600,43260.0,605550663.75
2025-08-01 09:25:22 AM,72.0,0,0.0,605550663.75
2025-08-01 09:25:23 AM,72.25,0,0.0,605550663.75
2025-08-01 09:25:23 AM,72.3,0,0.0,605550663.75
2025-08-01 09:25:23 AM,72.2,11325,817665.0,606368328.75
2025-08-01 09:25:24 AM,72.45,2550,184747.5,606553076.25
2025-08-01 09:25:24 AM,72.0,0,0.0,606553076.25
2025-08-01 09:25:25 AM,72.65,16050,1166032.5,607719108.75
2025-08-01 09:25:25 AM,72.45,0,0.0,607719108.75
2025-08-01 09:25:25 AM,72.6,0,0.0,607719108.75
2025-08-01 09:25:26 AM,72.3,5925,428377.5,608147486.25
2025-08-01 09:25:26 AM,72.6,0,0.0,608147486.25
2025-08-01 09:25:27 AM,72.8,9150,666120.0,608813606.25
2025-08-01 09:25:27 AM,73.0,6675,487275.0,609300881.25
2025-08-01 09:25:28 AM,73.35,0,0.0,609300881.25
2025-08-01 09:25:28 AM,73.3,0,0.0,609300881.25
2025-08-01 09:25:28 AM,73.5,7575,556762.5,609857643.75
2025-08-01 09:25:29 AM,74.0,21825,1615050.0,611472693.75
2025-08-01 09:25:29 AM,73.8,0,0.0,611472693.75
2025-08-01 09:25:30 AM,73.5,25350,1863225.0,613335918.75
2025-08-01 09:25:30 AM,73.55,0,0.0,613335918.75
2025-08-01 09:25:31 AM,73.55,2025,148938.75,613484857.5
2025-08-01 09:25:31 AM,73.7,0,0.0,613484857.5
2025-08-01 09:25:31 AM,73.75,0,0.0,613484857.5
2025-08-01 09:25:32 AM,74.3,8700,646410.0,614131267.5
2025-08-01 09:25:32 AM,73.75,1650,121687.5,614252955.0
2025-08-01 09:25:32 AM,73.65,0,0.0,614252955.0
2025-08-01 09:25:33 AM,74.5,0,0.0,614252955.0
2025-08-01 09:25:33 AM,74.3,7350,546105.0,614799060.0
2025-08-01 09:25:34 AM,74.1,2400,177840.0,614976900.0
2025-08-01 09:25:34 AM,73.95,0,0.0,614976900.0
2025-08-01 09:25:35 AM,74.25,13950,1035787.5,616012687.5
2025-08-01 09:25:35 AM,74.0,0,0.0,616012687.5
2025-08-01 09:25:36 AM,74.25,1650,122512.5,616135200.0
2025-08-01 09:25:36 AM,74.15,0,0.0,616135200.0
2025-08-01 09:25:37 AM,74.25,9000,668250.0,616803450.0
2025-08-01 09:25:37 AM,74.25,2475,183768.75,616987218.75
2025-08-01 09:25:37 AM,74.15,0,0.0,616987218.75
2025-08-01 09:25:37 AM,74.0,0,0.0,616987218.75
2025-08-01 09:25:38 AM,73.85,0,0.0,616987218.75
2025-08-01 09:25:38 AM,73.9,0,0.0,616987218.75
2025-08-01 09:25:38 AM,73.95,7650,565717.5,617552936.25
2025-08-01 09:25:39 AM,73.85,900,66465.0,617619401.25
2025-08-01 09:25:40 AM,73.95,4200,310590.0,617929991.25
2025-08-01 09:25:40 AM,74.0,0,0.0,617929991.25
2025-08-01 09:25:40 AM,73.75,375,27656.25,617957647.5
2025-08-01 09:25:41 AM,74.4,0,0.0,617957647.5
2025-08-01 09:25:41 AM,74.3,0,0.0,617957647.5
2025-08-01 09:25:42 AM,74.3,7350,546105.0,618503752.5
2025-08-01 09:25:42 AM,74.5,1050,78225.0,618581977.5
2025-08-01 09:25:42 AM,74.1,0,0.0,618581977.5
2025-08-01 09:25:43 AM,73.55,0,0.0,618581977.5
2025-08-01 09:25:43 AM,73.45,0,0.0,618581977.5
2025-08-01 09:25:43 AM,73.3,23100,1693230.0,620275207.5
2025-08-01 09:25:44 AM,73.2,15750,1152900.0,621428107.5
2025-08-01 09:25:44 AM,73.0,0,0.0,621428107.5
2025-08-01 09:25:44 AM,72.85,0,0.0,621428107.5
2025-08-01 09:25:45 AM,72.9,12675,924007.5000000001,622352115.0
2025-08-01 09:25:45 AM,72.95,0,0.0,622352115.0
2025-08-01 09:25:45 AM,73.0,150,10950.0,622363065.0
2025-08-01 09:25:46 AM,73.5,0,0.0,622363065.0
2025-08-01 09:25:47 AM,74.0,8475,627150.0,622990215.0
2025-08-01 09:25:47 AM,73.85,2925,216011.24999999997,623206226.25
2025-08-01 09:25:47 AM,73.95,0,0.0,623206226.25
2025-08-01 09:25:48 AM,74.1,0,0.0,623206226.25
2025-08-01 09:25:48 AM,74.05,5475,405423.75,623611650.0
2025-08-01 09:25:49 AM,73.7,1425,105022.5,623716672.5
2025-08-01 09:25:49 AM,73.6,0,0.0,623716672.5
2025-08-01 09:25:49 AM,73.5,0,0.0,623716672.5
2025-08-01 09:25:50 AM,73.6,6375,469199.99999999994,624185872.5
2025-08-01 09:25:50 AM,73.4,0,0.0,624185872.5
2025-08-01 09:25:50 AM,73.6,525,38640.0,624224512.5
2025-08-01 09:25:51 AM,73.4,0,0.0,624224512.5
2025-08-01 09:25:52 AM,73.4,12600,924840.0000000001,625149352.5
2025-08-01 09:25:52 AM,73.65,1500,110475.00000000001,625259827.5
2025-08-01 09:25:52 AM,73.55,0,0.0,625259827.5
2025-08-01 09:25:53 AM,73.6,0,0.0,625259827.5
2025-08-01 09:25:53 AM,73.5,10875,799312.5,626059140.0
2025-08-01 09:25:54 AM,73.65,750,55237.50000000001,626114377.5
2025-08-01 09:25:54 AM,73.4,0,0.0,626114377.5
2025-08-01 09:25:55 AM,73.3,3675,269377.5,626383755.0
2025-08-01 09:25:55 AM,73.2,0,0.0,626383755.0
2025-08-01 09:25:55 AM,73.35,0,0.0,626383755.0
2025-08-01 09:25:55 AM,73.1,2100,153510.0,626537265.0
2025-08-01 09:25:56 AM,72.75,0,0.0,626537265.0
2025-08-01 09:25:56 AM,72.9,0,0.0,626537265.0
2025-08-01 09:25:57 AM,72.4,24225,1753890.0000000002,628291155.0
2025-08-01 09:25:57 AM,72.2,900,64980.0,628356135.0
2025-08-01 09:25:57 AM,72.1,0,0.0,628356135.0
2025-08-01 09:25:58 AM,71.45,0,0.0,628356135.0
2025-08-01 09:25:59 AM,71.55,23025,1647438.75,630003573.75
2025-08-01 09:25:59 AM,71.4,0,0.0,630003573.75
2025-08-01 09:25:59 AM,71.4,3375,240975.00000000003,630244548.75
2025-08-01 09:25:59 AM,71.35,0,0.0,630244548.75
2025-08-01 09:26:00 AM,71.55,42075,3010466.25,633255015.0
2025-08-01 09:26:00 AM,71.35,0,0.0,633255015.0
2025-08-01 09:26:00 AM,71.3,4125,294112.5,633549127.5
2025-08-01 09:26:01 AM,71.05,0,0.0,633549127.5
2025-08-01 09:26:02 AM,70.55,0,0.0,633549127.5
2025-08-01 09:26:02 AM,70.65,24000,1695600.0000000002,635244727.5
2025-08-01 09:26:02 AM,70.65,5625,397406.25000000006,635642133.75
2025-08-01 09:26:02 AM,70.7,0,0.0,635642133.75
2025-08-01 09:26:03 AM,70.55,0,0.0,635642133.75
2025-08-01 09:26:03 AM,70.45,0,0.0,635642133.75
2025-08-01 09:26:04 AM,70.6,20175,1424355.0,637066488.75
2025-08-01 09:26:04 AM,70.9,8625,611512.5,637678001.25
2025-08-01 09:26:04 AM,70.85,0,0.0,637678001.25
2025-08-01 09:26:04 AM,70.75,0,0.0,637678001.25
2025-08-01 09:26:05 AM,70.55,30450,2148247.5,639826248.75
2025-08-01 09:26:05 AM,70.8,0,0.0,639826248.75
2025-08-01 09:26:05 AM,70.6,0,0.0,639826248.75
2025-08-01 09:26:05 AM,70.4,4425,311520.0,640137768.75
2025-08-01 09:26:06 AM,70.1,0,0.0,640137768.75
2025-08-01 09:26:06 AM,70.05,0,0.0,640137768.75
2025-08-01 09:26:07 AM,70.2,39150,2748330.0,642886098.75
2025-08-01 09:26:07 AM,70.1,67650,4742265.0,647628363.75
2025-08-01 09:26:07 AM,70.15,0,0.0,647628363.75
2025-08-01 09:26:07 AM,70.3,0,0.0,647628363.75
2025-08-01 09:26:08 AM,70.15,0,0.0,647628363.75
2025-08-01 09:26:09 AM,70.15,26400,1851960.0000000002,649480323.75
2025-08-01 09:26:09 AM,69.95,11250,786937.5,650267261.25
2025-08-01 09:26:09 AM,71.05,0,0.0,650267261.25
2025-08-01 09:26:09 AM,71.15,0,0.0,650267261.25
2025-08-01 09:26:10 AM,70.45,38850,2736982.5,653004243.75
2025-08-01 09:26:10 AM,70.4,0,0.0,653004243.75
2025-08-01 09:26:10 AM,70.4,3975,279840.0,653284083.75
2025-08-01 09:26:11 AM,69.8,0,0.0,653284083.75
2025-08-01 09:26:11 AM,69.7,0,0.0,653284083.75
2025-08-01 09:26:12 AM,69.95,15825,1106958.75,654391042.5
2025-08-01 09:26:12 AM,69.75,5625,392343.75,654783386.25
2025-08-01 09:26:12 AM,69.9,0,0.0,654783386.25
2025-08-01 09:26:12 AM,69.75,0,0.0,654783386.25
2025-08-01 09:26:13 AM,69.85,0,0.0,654783386.25
2025-08-01 09:26:13 AM,69.75,0,0.0,654783386.25
2025-08-01 09:26:14 AM,69.5,15975,1110262.5,655893648.75
2025-08-01 09:26:14 AM,69.8,5400,376920.0,656270568.75
2025-08-01 09:26:14 AM,69.65,0,0.0,656270568.75
2025-08-01 09:26:14 AM,69.6,0,0.0,656270568.75
2025-08-01 09:26:15 AM,70.1,20625,1445812.4999999998,657716381.25
2025-08-01 09:26:15 AM,70.2,0,0.0,657716381.25
2025-08-01 09:26:16 AM,70.2,3150,221130.0,657937511.25
2025-08-01 09:26:16 AM,70.15,0,0.0,657937511.25
2025-08-01 09:26:16 AM,70.0,0,0.0,657937511.25
2025-08-01 09:26:17 AM,69.35,33075,2293751.25,660231262.5
2025-08-01 09:26:17 AM,70.2,23700,1663740.0,661895002.5
2025-08-01 09:26:17 AM,70.1,0,0.0,661895002.5
2025-08-01 09:26:18 AM,69.45,0,0.0,661895002.5
2025-08-01 09:26:18 AM,69.65,0,0.0,661895002.5
2025-08-01 09:26:19 AM,69.5,10425,724537.5,662619540.0
2025-08-01 09:26:19 AM,69.5,3600,250200.0,662869740.0
2025-08-01 09:26:19 AM,69.1,0,0.0,662869740.0
2025-08-01 09:26:19 AM,69.25,0,0.0,662869740.0
2025-08-01 09:26:20 AM,69.1,37500,2591250.0,665460990.0
2025-08-01 09:26:20 AM,69.15,0,0.0,665460990.0
2025-08-01 09:26:21 AM,69.15,9450,653467.5,666114457.5
2025-08-01 09:26:22 AM,69.4,5550,385170.00000000006,666499627.5
2025-08-01 09:26:22 AM,69.2,2250,155700.0,666655327.5
2025-08-01 09:26:23 AM,69.1,0,0.0,666655327.5
2025-08-01 09:26:23 AM,70.25,0,0.0,666655327.5
2025-08-01 09:26:24 AM,70.1,24450,1713944.9999999998,668369272.5
2025-08-01 09:26:24 AM,69.9,16500,1153350.0,669522622.5
2025-08-01 09:26:24 AM,69.7,0,0.0,669522622.5
2025-08-01 09:26:25 AM,69.35,8550,592942.5,670115565.0
2025-08-01 09:26:25 AM,69.45,0,0.0,670115565.0
2025-08-01 09:26:26 AM,69.15,1425,98538.75000000001,670214103.75
2025-08-01 09:26:26 AM,69.25,0,0.0,670214103.75
2025-08-01 09:26:27 AM,68.9,13275,914647.5000000001,671128751.25
2025-08-01 09:26:27 AM,69.4,5550,385170.00000000006,671513921.25
2025-08-01 09:26:27 AM,69.2,0,0.0,671513921.25
2025-08-01 09:26:27 AM,69.15,0,0.0,671513921.25
2025-08-01 09:26:28 AM,70.15,0,0.0,671513921.25
2025-08-01 09:26:28 AM,70.2,0,0.0,671513921.25
2025-08-01 09:26:29 AM,70.05,15375,1077018.75,672590940.0
2025-08-01 09:26:29 AM,69.85,1125,78581.25,672669521.25
2025-08-01 09:26:29 AM,70.1,0,0.0,672669521.25
2025-08-01 09:26:30 AM,69.95,12375,865631.25,673535152.5
2025-08-01 09:26:31 AM,69.85,3525,246221.24999999997,673781373.75
2025-08-01 09:26:31 AM,69.75,0,0.0,673781373.75
2025-08-01 09:26:32 AM,69.35,10425,722973.7499999999,674504347.5
2025-08-01 09:26:32 AM,69.8,2175,151815.0,674656162.5
2025-08-01 09:26:32 AM,70.15,0,0.0,674656162.5
2025-08-01 09:26:32 AM,70.05,0,0.0,674656162.5
2025-08-01 09:26:33 AM,70.45,0,0.0,674656162.5
2025-08-01 09:26:34 AM,70.7,9300,657510.0,675313672.5
2025-08-01 09:26:34 AM,70.9,1875,132937.5,675446610.0
2025-08-01 09:26:34 AM,70.8,0,0.0,675446610.0
2025-08-01 09:26:34 AM,70.85,0,0.0,675446610.0
2025-08-01 09:26:35 AM,70.8,19275,1364670.0,676811280.0
2025-08-01 09:26:35 AM,70.65,0,0.0,676811280.0
2025-08-01 09:26:36 AM,70.8,2550,180540.0,676991820.0
2025-08-01 09:26:36 AM,71.1,0,0.0,676991820.0
2025-08-01 09:26:36 AM,71.2,0,0.0,676991820.0
2025-08-01 09:26:37 AM,70.7,18450,1304415.0,678296235.0
2025-08-01 09:26:37 AM,70.5,1125,79312.5,678375547.5
2025-08-01 09:26:37 AM,70.45,0,0.0,678375547.5
2025-08-01 09:26:38 AM,70.65,0,0.0,678375547.5
2025-08-01 09:26:39 AM,70.65,5775,408003.75000000006,678783551.25
2025-08-01 09:26:39 AM,70.55,5175,365096.25,679148647.5
2025-08-01 09:26:39 AM,70.9,0,0.0,679148647.5
2025-08-01 09:26:40 AM,70.95,9600,681120.0,679829767.5
2025-08-01 09:26:40 AM,71.05,0,0.0,679829767.5
2025-08-01 09:26:40 AM,70.9,0,0.0,679829767.5
2025-08-01 09:26:41 AM,71.0,1800,127800.0,679957567.5
2025-08-01 09:26:41 AM,71.4,0,0.0,679957567.5
2025-08-01 09:26:42 AM,70.85,12075,855513.7499999999,680813081.25
2025-08-01 09:26:42 AM,71.0,3375,239625.0,681052706.25
2025-08-01 09:26:42 AM,70.8,0,0.0,681052706.25
2025-08-01 09:26:43 AM,70.9,0,0.0,681052706.25
2025-08-01 09:26:43 AM,71.05,0,0.0,681052706.25
