date,price,qty,trnvr,cum_trnvr
2025-08-01 09:15:00 AM,270.95,2400,650280.0,650280.0
2025-08-01 09:15:01 AM,292.0,0,0.0,650280.0
2025-08-01 09:15:01 AM,292.0,225,65700.0,715980.0
2025-08-01 09:15:02 AM,294.0,0,0.0,715980.0
2025-08-01 09:15:02 AM,293.8,0,0.0,715980.0
2025-08-01 09:15:02 AM,293.7,1800,528660.0,1244640.0
2025-08-01 09:15:02 AM,290.65,300,87195.0,1331835.0
2025-08-01 09:15:03 AM,295.45,0,0.0,1331835.0
2025-08-01 09:15:03 AM,297.35,2625,780543.7500000001,2112378.75
2025-08-01 09:15:04 AM,296.4,225,66690.0,2179068.75
2025-08-01 09:15:04 AM,299.45,0,0.0,2179068.75
2025-08-01 09:15:05 AM,303.05,6825,2068316.25,4247385.0
2025-08-01 09:15:05 AM,304.05,0,0.0,4247385.0
2025-08-01 09:15:05 AM,304.05,4200,1277010.0,5524395.0
2025-08-01 09:15:06 AM,307.5,0,0.0,5524395.0
2025-08-01 09:15:06 AM,307.5,75,23062.5,5547457.5
2025-08-01 09:15:07 AM,310.9,0,0.0,5547457.5
2025-08-01 09:15:07 AM,310.9,225,69952.5,5617410.0
2025-08-01 09:15:07 AM,311.7,150,46755.0,5664165.0
2025-08-01 09:15:08 AM,316.0,75,23700.0,5687865.0
2025-08-01 09:15:09 AM,315.4,225,70965.0,5758830.0
2025-08-01 09:15:10 AM,310.6,450,139770.0,5898600.0
2025-08-01 09:15:10 AM,309.75,0,0.0,5898600.0
2025-08-01 09:15:10 AM,311.05,0,0.0,5898600.0
2025-08-01 09:15:10 AM,311.05,150,46657.5,5945257.5
2025-08-01 09:15:11 AM,308.65,0,0.0,5945257.5
2025-08-01 09:15:11 AM,308.65,4350,1342627.5,7287885.0
2025-08-01 09:15:11 AM,308.0,150,46200.0,7334085.0
2025-08-01 09:15:12 AM,307.7,0,0.0,7334085.0
2025-08-01 09:15:12 AM,309.45,825,255296.25,7589381.25
2025-08-01 09:15:13 AM,309.4,75,23205.0,7612586.25
2025-08-01 09:15:13 AM,309.75,0,0.0,7612586.25
2025-08-01 09:15:14 AM,309.75,75,23231.25,7635817.5
2025-08-01 09:15:14 AM,306.55,0,0.0,7635817.5
2025-08-01 09:15:14 AM,305.7,0,0.0,7635817.5
2025-08-01 09:15:14 AM,305.45,975,297813.75,7933631.25
2025-08-01 09:15:15 AM,303.6,0,0.0,7933631.25
2025-08-01 09:15:15 AM,303.6,975,296010.0,8229641.25
2025-08-01 09:15:16 AM,303.7,0,0.0,8229641.25
2025-08-01 09:15:16 AM,304.8,825,251460.0,8481101.25
2025-08-01 09:15:17 AM,300.5,450,135225.0,8616326.25
2025-08-01 09:15:18 AM,300.0,900,270000.0,8886326.25
2025-08-01 09:15:18 AM,301.45,0,0.0,8886326.25
2025-08-01 09:15:18 AM,301.45,225,67826.25,8954152.5
2025-08-01 09:15:19 AM,300.75,0,0.0,8954152.5
2025-08-01 09:15:19 AM,300.5,0,0.0,8954152.5
2025-08-01 09:15:19 AM,299.45,1050,314422.5,9268575.0
2025-08-01 09:15:19 AM,300.05,75,22503.75,9291078.75
2025-08-01 09:15:21 AM,296.5,150,44475.0,9335553.75
2025-08-01 09:15:21 AM,296.75,0,0.0,9335553.75
2025-08-01 09:15:21 AM,297.2,225,66870.0,9402423.75
2025-08-01 09:15:22 AM,292.75,0,0.0,9402423.75
2025-08-01 09:15:22 AM,292.75,750,219562.5,9621986.25
2025-08-01 09:15:22 AM,288.65,150,43297.5,9665283.75
2025-08-01 09:15:23 AM,290.7,0,0.0,9665283.75
2025-08-01 09:15:23 AM,292.15,0,0.0,9665283.75
2025-08-01 09:15:23 AM,290.9,3000,872699.9999999999,10537983.75
2025-08-01 09:15:24 AM,292.0,150,43800.0,10581783.75
2025-08-01 09:15:24 AM,291.9,0,0.0,10581783.75
2025-08-01 09:15:24 AM,292.3,0,0.0,10581783.75
2025-08-01 09:15:25 AM,290.4,0,0.0,10581783.75
2025-08-01 09:15:25 AM,290.4,900,261359.99999999997,10843143.75
2025-08-01 09:15:25 AM,288.65,150,43297.5,10886441.25
2025-08-01 09:15:26 AM,289.25,0,0.0,10886441.25
2025-08-01 09:15:26 AM,289.25,75,21693.75,10908135.0
2025-08-01 09:15:27 AM,289.45,0,0.0,10908135.0
2025-08-01 09:15:28 AM,290.25,0,0.0,10908135.0
2025-08-01 09:15:28 AM,290.25,750,217687.5,11125822.5
2025-08-01 09:15:29 AM,286.5,450,128925.0,11254747.5
2025-08-01 09:15:30 AM,288.25,75,21618.75,11276366.25
2025-08-01 09:15:30 AM,291.2,0,0.0,11276366.25
2025-08-01 09:15:30 AM,287.15,3300,947594.9999999999,12223961.25
2025-08-01 09:15:31 AM,287.8,0,0.0,12223961.25
2025-08-01 09:15:31 AM,288.15,225,64833.74999999999,12288795.0
2025-08-01 09:15:33 AM,290.4,375,108899.99999999999,12397695.0
2025-08-01 09:15:33 AM,291.9,0,0.0,12397695.0
2025-08-01 09:15:33 AM,291.9,225,65677.5,12463372.5
2025-08-01 09:15:34 AM,292.75,0,0.0,12463372.5
2025-08-01 09:15:34 AM,292.75,75,21956.25,12485328.75
2025-08-01 09:15:35 AM,292.85,300,87855.0,12573183.75
2025-08-01 09:15:36 AM,291.7,150,43755.0,12616938.75
2025-08-01 09:15:37 AM,290.9,0,0.0,12616938.75
2025-08-01 09:15:37 AM,290.9,75,21817.5,12638756.25
2025-08-01 09:15:38 AM,290.75,75,21806.25,12660562.5
2025-08-01 09:15:39 AM,290.35,0,0.0,12660562.5
2025-08-01 09:15:39 AM,290.35,75,21776.25,12682338.75
2025-08-01 09:15:39 AM,293.9,75,22042.5,12704381.25
2025-08-01 09:15:41 AM,292.7,225,65857.5,12770238.75
2025-08-01 09:15:41 AM,293.25,0,0.0,12770238.75
2025-08-01 09:15:41 AM,293.25,150,43987.5,12814226.25
2025-08-01 09:15:43 AM,294.05,0,0.0,12814226.25
2025-08-01 09:15:44 AM,294.05,75,22053.75,12836280.0
2025-08-01 09:15:45 AM,294.65,0,0.0,12836280.0
2025-08-01 09:15:45 AM,295.4,0,0.0,12836280.0
2025-08-01 09:15:45 AM,294.65,0,0.0,12836280.0
2025-08-01 09:15:45 AM,294.05,900,264645.0,13100925.0
2025-08-01 09:15:47 AM,295.25,600,177150.0,13278075.0
2025-08-01 09:15:47 AM,293.5,0,0.0,13278075.0
2025-08-01 09:15:47 AM,293.85,525,154271.25,13432346.25
2025-08-01 09:15:49 AM,290.05,0,0.0,13432346.25
2025-08-01 09:15:49 AM,290.05,600,174030.0,13606376.25
2025-08-01 09:15:50 AM,292.5,0,0.0,13606376.25
2025-08-01 09:15:50 AM,292.5,75,21937.5,13628313.75
2025-08-01 09:15:51 AM,292.05,75,21903.75,13650217.5
2025-08-01 09:15:52 AM,291.2,675,196560.0,13846777.5
2025-08-01 09:15:52 AM,290.45,0,0.0,13846777.5
2025-08-01 09:15:52 AM,292.1,150,43815.0,13890592.5
2025-08-01 09:15:53 AM,289.35,0,0.0,13890592.5
2025-08-01 09:15:53 AM,291.35,600,174810.0,14065402.5
2025-08-01 09:15:55 AM,291.8,150,43770.0,14109172.5
2025-08-01 09:15:56 AM,289.95,0,0.0,14109172.5
2025-08-01 09:15:57 AM,289.95,150,43492.5,14152665.0
2025-08-01 09:15:57 AM,289.45,0,0.0,14152665.0
2025-08-01 09:15:57 AM,289.45,75,21708.75,14174373.75
2025-08-01 09:15:58 AM,289.65,75,21723.75,14196097.5
2025-08-01 09:15:59 AM,290.7,0,0.0,14196097.5
2025-08-01 09:15:59 AM,291.35,0,0.0,14196097.5
2025-08-01 09:16:00 AM,293.9,1050,308595.0,14504692.5
2025-08-01 09:16:00 AM,295.0,0,0.0,14504692.5
2025-08-01 09:16:00 AM,295.9,300,88770.0,14593462.5
2025-08-01 09:16:01 AM,296.15,0,0.0,14593462.5
2025-08-01 09:16:01 AM,297.35,300,89205.0,14682667.5
2025-08-01 09:16:02 AM,296.1,2175,644017.5,15326685.0
2025-08-01 09:16:03 AM,298.25,0,0.0,15326685.0
2025-08-01 09:16:03 AM,298.25,375,111843.75,15438528.75
2025-08-01 09:16:05 AM,297.55,0,0.0,15438528.75
2025-08-01 09:16:05 AM,297.55,150,44632.5,15483161.25
2025-08-01 09:16:05 AM,297.25,225,66881.25,15550042.5
2025-08-01 09:16:06 AM,293.3,0,0.0,15550042.5
2025-08-01 09:16:06 AM,293.4,525,154035.0,15704077.5
2025-08-01 09:16:07 AM,291.8,300,87540.0,15791617.5
2025-08-01 09:16:08 AM,292.15,75,21911.25,15813528.75
2025-08-01 09:16:09 AM,292.6,300,87780.0,15901308.75
2025-08-01 09:16:09 AM,290.9,75,21817.5,15923126.25
2025-08-01 09:16:10 AM,290.35,0,0.0,15923126.25
2025-08-01 09:16:10 AM,290.35,600,174210.0,16097336.25
2025-08-01 09:16:11 AM,292.8,0,0.0,16097336.25
2025-08-01 09:16:11 AM,292.8,1500,439200.0,16536536.25
2025-08-01 09:16:12 AM,292.95,0,0.0,16536536.25
2025-08-01 09:16:13 AM,293.4,150,44010.0,16580546.25
2025-08-01 09:16:15 AM,293.0,0,0.0,16580546.25
2025-08-01 09:16:15 AM,292.4,300,87720.0,16668266.25
2025-08-01 09:16:16 AM,292.8,1275,373320.0,17041586.25
2025-08-01 09:16:16 AM,291.65,0,0.0,17041586.25
2025-08-01 09:16:17 AM,291.65,150,43747.5,17085333.75
2025-08-01 09:16:18 AM,291.45,0,0.0,17085333.75
2025-08-01 09:16:19 AM,293.6,0,0.0,17085333.75
2025-08-01 09:16:19 AM,293.85,1275,374658.75,17459992.5
2025-08-01 09:16:20 AM,294.55,0,0.0,17459992.5
2025-08-01 09:16:21 AM,294.9,375,110587.49999999999,17570580.0
2025-08-01 09:16:23 AM,293.7,0,0.0,17570580.0
2025-08-01 09:16:23 AM,293.7,75,22027.5,17592607.5
2025-08-01 09:16:24 AM,294.5,0,0.0,17592607.5
2025-08-01 09:16:24 AM,294.5,75,22087.5,17614695.0
2025-08-01 09:16:25 AM,293.8,0,0.0,17614695.0
2025-08-01 09:16:25 AM,292.55,0,0.0,17614695.0
2025-08-01 09:16:25 AM,292.8,1200,351360.0,17966055.0
2025-08-01 09:16:27 AM,292.25,0,0.0,17966055.0
2025-08-01 09:16:27 AM,292.25,150,43837.5,18009892.5
2025-08-01 09:16:28 AM,292.45,675,197403.75,18207296.25
2025-08-01 09:16:29 AM,292.55,0,0.0,18207296.25
2025-08-01 09:16:29 AM,292.55,150,43882.5,18251178.75
2025-08-01 09:16:30 AM,293.45,0,0.0,18251178.75
2025-08-01 09:16:30 AM,293.45,375,110043.75,18361222.5
2025-08-01 09:16:31 AM,294.65,150,44197.5,18405420.0
2025-08-01 09:16:32 AM,294.55,300,88365.0,18493785.0
2025-08-01 09:16:34 AM,292.4,150,43860.0,18537645.0
2025-08-01 09:16:34 AM,293.0,0,0.0,18537645.0
2025-08-01 09:16:35 AM,293.75,0,0.0,18537645.0
2025-08-01 09:16:35 AM,293.75,900,264375.0,18802020.0
2025-08-01 09:16:36 AM,293.0,225,65925.0,18867945.0
2025-08-01 09:16:37 AM,293.0,75,21975.0,18889920.0
2025-08-01 09:16:38 AM,293.55,0,0.0,18889920.0
2025-08-01 09:16:38 AM,293.5,600,176100.0,19066020.0
2025-08-01 09:16:40 AM,294.55,0,0.0,19066020.0
2025-08-01 09:16:40 AM,294.55,75,22091.25,19088111.25
2025-08-01 09:16:41 AM,294.85,0,0.0,19088111.25
2025-08-01 09:16:41 AM,294.85,150,44227.5,19132338.75
2025-08-01 09:16:42 AM,295.2,0,0.0,19132338.75
2025-08-01 09:16:43 AM,295.2,225,66420.0,19198758.75
2025-08-01 09:16:44 AM,293.8,0,0.0,19198758.75
2025-08-01 09:16:44 AM,293.8,75,22035.0,19220793.75
2025-08-01 09:16:46 AM,296.85,0,0.0,19220793.75
2025-08-01 09:16:46 AM,296.85,225,66791.25,19287585.0
2025-08-01 09:16:49 AM,296.55,0,0.0,19287585.0
2025-08-01 09:16:49 AM,296.55,75,22241.25,19309826.25
2025-08-01 09:16:50 AM,297.05,0,0.0,19309826.25
2025-08-01 09:16:50 AM,296.65,0,0.0,19309826.25
2025-08-01 09:16:51 AM,296.65,150,44497.5,19354323.75
2025-08-01 09:16:51 AM,296.05,0,0.0,19354323.75
2025-08-01 09:16:51 AM,296.0,375,111000.0,19465323.75
2025-08-01 09:16:52 AM,297.25,0,0.0,19465323.75
2025-08-01 09:16:52 AM,297.25,150,44587.5,19509911.25
2025-08-01 09:16:53 AM,297.95,0,0.0,19509911.25
2025-08-01 09:16:53 AM,297.95,1050,312847.5,19822758.75
2025-08-01 09:16:54 AM,298.2,75,22365.0,19845123.75
2025-08-01 09:16:54 AM,298.05,0,0.0,19845123.75
2025-08-01 09:16:55 AM,298.0,150,44700.0,19889823.75
2025-08-01 09:16:56 AM,300.1,1125,337612.5,20227436.25
2025-08-01 09:16:56 AM,300.9,450,135405.0,20362841.25
2025-08-01 09:16:57 AM,300.4,0,0.0,20362841.25
2025-08-01 09:16:57 AM,301.65,1050,316732.5,20679573.75
2025-08-01 09:16:58 AM,301.7,300,90510.0,20770083.75
2025-08-01 09:16:59 AM,302.75,525,158943.75,20929027.5
2025-08-01 09:17:00 AM,301.55,0,0.0,20929027.5
2025-08-01 09:17:01 AM,301.55,450,135697.5,21064725.0
2025-08-01 09:17:01 AM,301.85,0,0.0,21064725.0
2025-08-01 09:17:01 AM,301.85,300,90555.0,21155280.0
2025-08-01 09:17:02 AM,301.45,75,22608.75,21177888.75
2025-08-01 09:17:03 AM,301.75,75,22631.25,21200520.0
2025-08-01 09:17:03 AM,302.5,0,0.0,21200520.0
2025-08-01 09:17:03 AM,302.95,0,0.0,21200520.0
2025-08-01 09:17:04 AM,302.6,1350,408510.00000000006,21609030.0
2025-08-01 09:17:06 AM,303.5,0,0.0,21609030.0
2025-08-01 09:17:06 AM,305.0,150,45750.0,21654780.0
2025-08-01 09:17:07 AM,304.15,0,0.0,21654780.0
2025-08-01 09:17:08 AM,304.15,150,45622.5,21700402.5
2025-08-01 09:17:08 AM,304.3,0,0.0,21700402.5
2025-08-01 09:17:08 AM,304.3,225,68467.5,21768870.0
2025-08-01 09:17:09 AM,304.85,0,0.0,21768870.0
2025-08-01 09:17:09 AM,304.85,75,22863.75,21791733.75
2025-08-01 09:17:10 AM,306.0,675,206550.0,21998283.75
2025-08-01 09:17:11 AM,305.35,75,22901.25,22021185.0
2025-08-01 09:17:11 AM,305.2,0,0.0,22021185.0
2025-08-01 09:17:11 AM,304.95,375,114356.25,22135541.25
2025-08-01 09:17:12 AM,302.0,0,0.0,22135541.25
2025-08-01 09:17:12 AM,302.25,525,158681.25,22294222.5
2025-08-01 09:17:14 AM,300.0,75,22500.0,22316722.5
2025-08-01 09:17:14 AM,300.6,0,0.0,22316722.5
2025-08-01 09:17:14 AM,300.85,225,67691.25,22384413.75
2025-08-01 09:17:15 AM,300.2,0,0.0,22384413.75
2025-08-01 09:17:15 AM,301.35,1200,361620.0,22746033.75
2025-08-01 09:17:16 AM,301.4,75,22605.0,22768638.75
2025-08-01 09:17:17 AM,300.85,150,45127.5,22813766.25
2025-08-01 09:17:18 AM,302.95,300,90885.0,22904651.25
2025-08-01 09:17:21 AM,302.75,1200,363300.0,23267951.25
2025-08-01 09:17:21 AM,301.25,0,0.0,23267951.25
2025-08-01 09:17:21 AM,301.25,150,45187.5,23313138.75
2025-08-01 09:17:22 AM,299.95,0,0.0,23313138.75
2025-08-01 09:17:22 AM,299.65,0,0.0,23313138.75
2025-08-01 09:17:22 AM,299.65,6600,1977689.9999999998,25290828.75
2025-08-01 09:17:23 AM,299.25,1200,359100.0,25649928.75
2025-08-01 09:17:24 AM,298.85,75,22413.75,25672342.5
2025-08-01 09:17:25 AM,298.25,0,0.0,25672342.5
2025-08-01 09:17:25 AM,298.25,75,22368.75,25694711.25
2025-08-01 09:17:26 AM,297.6,0,0.0,25694711.25
2025-08-01 09:17:26 AM,297.6,525,156240.0,25850951.25
2025-08-01 09:17:28 AM,297.0,0,0.0,25850951.25
2025-08-01 09:17:28 AM,297.0,375,111375.0,25962326.25
2025-08-01 09:17:29 AM,295.0,0,0.0,25962326.25
2025-08-01 09:17:29 AM,295.0,600,177000.0,26139326.25
2025-08-01 09:17:29 AM,294.0,0,0.0,26139326.25
2025-08-01 09:17:30 AM,294.3,0,0.0,26139326.25
2025-08-01 09:17:30 AM,294.3,2400,706320.0,26845646.25
2025-08-01 09:17:32 AM,294.25,0,0.0,26845646.25
2025-08-01 09:17:32 AM,294.25,75,22068.75,26867715.0
2025-08-01 09:17:32 AM,293.6,0,0.0,26867715.0
2025-08-01 09:17:32 AM,293.6,75,22020.0,26889735.0
2025-08-01 09:17:33 AM,293.8,0,0.0,26889735.0
2025-08-01 09:17:33 AM,293.95,150,44092.5,26933827.5
2025-08-01 09:17:36 AM,295.65,75,22173.75,26956001.25
2025-08-01 09:17:39 AM,294.3,0,0.0,26956001.25
2025-08-01 09:17:40 AM,293.5,0,0.0,26956001.25
2025-08-01 09:17:40 AM,293.5,300,88050.0,27044051.25
2025-08-01 09:17:40 AM,294.0,0,0.0,27044051.25
2025-08-01 09:17:41 AM,294.0,150,44100.0,27088151.25
2025-08-01 09:17:43 AM,293.9,0,0.0,27088151.25
2025-08-01 09:17:43 AM,293.9,375,110212.49999999999,27198363.75
2025-08-01 09:17:45 AM,293.7,0,0.0,27198363.75
2025-08-01 09:17:46 AM,293.7,150,44055.0,27242418.75
2025-08-01 09:17:46 AM,293.8,0,0.0,27242418.75
2025-08-01 09:17:47 AM,295.45,0,0.0,27242418.75
2025-08-01 09:17:47 AM,295.45,13500,3988575.0,31230993.75
2025-08-01 09:17:48 AM,294.7,0,0.0,31230993.75
2025-08-01 09:17:49 AM,294.7,225,66307.5,31297301.25
2025-08-01 09:17:58 AM,296.2,0,0.0,31297301.25
2025-08-01 09:17:58 AM,297.5,0,0.0,31297301.25
2025-08-01 09:17:58 AM,297.5,825,245437.5,31542738.75
2025-08-01 09:17:59 AM,298.05,0,0.0,31542738.75
2025-08-01 09:17:59 AM,298.05,150,44707.5,31587446.25
2025-08-01 09:18:00 AM,299.2,225,67320.0,31654766.25
2025-08-01 09:18:03 AM,299.3,0,0.0,31654766.25
2025-08-01 09:18:03 AM,299.05,0,0.0,31654766.25
2025-08-01 09:18:03 AM,299.05,525,157001.25,31811767.5
2025-08-01 09:18:05 AM,299.55,0,0.0,31811767.5
2025-08-01 09:18:05 AM,299.55,375,112331.25,31924098.75
2025-08-01 09:18:06 AM,299.2,0,0.0,31924098.75
2025-08-01 09:18:06 AM,299.2,75,22440.0,31946538.75
2025-08-01 09:18:07 AM,299.55,0,0.0,31946538.75
2025-08-01 09:18:07 AM,299.55,225,67398.75,32013937.5
2025-08-01 09:18:08 AM,299.8,0,0.0,32013937.5
2025-08-01 09:18:08 AM,299.8,450,134910.0,32148847.5
2025-08-01 09:18:09 AM,301.3,1425,429352.5,32578200.0
2025-08-01 09:18:10 AM,302.05,0,0.0,32578200.0
2025-08-01 09:18:10 AM,301.35,150,45202.5,32623402.5
2025-08-01 09:18:11 AM,301.5,0,0.0,32623402.5
2025-08-01 09:18:11 AM,301.5,675,203512.5,32826915.0
2025-08-01 09:18:13 AM,299.2,0,0.0,32826915.0
2025-08-01 09:18:14 AM,299.65,0,0.0,32826915.0
2025-08-01 09:18:14 AM,299.65,675,202263.74999999997,33029178.75
2025-08-01 09:18:15 AM,299.1,75,22432.5,33051611.25
2025-08-01 09:18:18 AM,299.45,0,0.0,33051611.25
2025-08-01 09:18:18 AM,299.45,150,44917.5,33096528.75
2025-08-01 09:18:19 AM,298.5,0,0.0,33096528.75
2025-08-01 09:18:19 AM,297.85,0,0.0,33096528.75
2025-08-01 09:18:20 AM,295.9,750,221924.99999999997,33318453.75
2025-08-01 09:18:20 AM,297.15,0,0.0,33318453.75
2025-08-01 09:18:21 AM,297.15,1125,334293.75,33652747.5
2025-08-01 09:18:21 AM,295.5,0,0.0,33652747.5
2025-08-01 09:18:22 AM,295.5,375,110812.5,33763560.0
2025-08-01 09:18:22 AM,294.3,0,0.0,33763560.0
2025-08-01 09:18:22 AM,294.4,150,44160.0,33807720.0
2025-08-01 09:18:23 AM,294.75,0,0.0,33807720.0
2025-08-01 09:18:23 AM,294.75,600,176850.0,33984570.0
2025-08-01 09:18:24 AM,294.8,0,0.0,33984570.0
2025-08-01 09:18:24 AM,294.8,225,66330.0,34050900.0
2025-08-01 09:18:25 AM,294.35,75,22076.25,34072976.25
2025-08-01 09:18:26 AM,293.85,225,66116.25,34139092.5
2025-08-01 09:18:26 AM,294.4,0,0.0,34139092.5
2025-08-01 09:18:27 AM,293.8,1275,374595.0,34513687.5
2025-08-01 09:18:27 AM,292.45,75,21933.75,34535621.25
2025-08-01 09:18:29 AM,294.75,0,0.0,34535621.25
2025-08-01 09:18:29 AM,294.75,75,22106.25,34557727.5
2025-08-01 09:18:31 AM,296.7,0,0.0,34557727.5
2025-08-01 09:18:32 AM,296.7,75,22252.5,34579980.0
2025-08-01 09:18:32 AM,295.25,0,0.0,34579980.0
2025-08-01 09:18:33 AM,295.4,0,0.0,34579980.0
2025-08-01 09:18:33 AM,295.4,150,44310.0,34624290.0
2025-08-01 09:18:34 AM,294.75,0,0.0,34624290.0
2025-08-01 09:18:35 AM,294.0,225,66150.0,34690440.0
2025-08-01 09:18:36 AM,295.55,0,0.0,34690440.0
2025-08-01 09:18:37 AM,295.55,75,22166.25,34712606.25
2025-08-01 09:18:37 AM,294.9,0,0.0,34712606.25
2025-08-01 09:18:37 AM,294.9,75,22117.5,34734723.75
2025-08-01 09:18:38 AM,295.0,0,0.0,34734723.75
2025-08-01 09:18:38 AM,295.25,150,44287.5,34779011.25
2025-08-01 09:18:40 AM,295.7,225,66532.5,34845543.75
2025-08-01 09:18:42 AM,295.25,0,0.0,34845543.75
2025-08-01 09:18:42 AM,295.6,0,0.0,34845543.75
2025-08-01 09:18:42 AM,295.0,1275,376125.0,35221668.75
2025-08-01 09:18:43 AM,295.85,0,0.0,35221668.75
2025-08-01 09:18:43 AM,295.85,375,110943.75000000001,35332612.5
2025-08-01 09:18:47 AM,297.1,0,0.0,35332612.5
2025-08-01 09:18:47 AM,297.1,450,133695.0,35466307.5
2025-08-01 09:18:48 AM,293.8,0,0.0,35466307.5
2025-08-01 09:18:49 AM,293.8,225,66105.0,35532412.5
2025-08-01 09:18:49 AM,291.05,0,0.0,35532412.5
2025-08-01 09:18:50 AM,290.75,675,196256.25,35728668.75
2025-08-01 09:18:50 AM,291.35,0,0.0,35728668.75
2025-08-01 09:18:51 AM,291.45,150,43717.5,35772386.25
2025-08-01 09:18:51 AM,291.0,0,0.0,35772386.25
2025-08-01 09:18:52 AM,291.0,75,21825.0,35794211.25
2025-08-01 09:18:53 AM,291.5,0,0.0,35794211.25
2025-08-01 09:18:53 AM,291.5,150,43725.0,35837936.25
2025-08-01 09:18:56 AM,292.35,0,0.0,35837936.25
2025-08-01 09:18:56 AM,291.5,0,0.0,35837936.25
2025-08-01 09:18:57 AM,291.5,150,43725.0,35881661.25
2025-08-01 09:18:58 AM,291.0,0,0.0,35881661.25
2025-08-01 09:18:58 AM,291.0,750,218250.0,36099911.25
2025-08-01 09:18:58 AM,289.8,0,0.0,36099911.25
2025-08-01 09:18:59 AM,289.8,300,86940.0,36186851.25
2025-08-01 09:19:00 AM,291.7,0,0.0,36186851.25
2025-08-01 09:19:00 AM,291.7,225,65632.5,36252483.75
2025-08-01 09:19:02 AM,292.75,0,0.0,36252483.75
2025-08-01 09:19:03 AM,292.75,150,43912.5,36296396.25
2025-08-01 09:19:03 AM,292.9,0,0.0,36296396.25
2025-08-01 09:19:03 AM,293.3,0,0.0,36296396.25
2025-08-01 09:19:03 AM,293.3,300,87990.0,36384386.25
2025-08-01 09:19:08 AM,295.15,0,0.0,36384386.25
2025-08-01 09:19:08 AM,295.15,75,22136.25,36406522.5
2025-08-01 09:19:09 AM,294.5,0,0.0,36406522.5
2025-08-01 09:19:09 AM,294.5,75,22087.5,36428610.0
2025-08-01 09:19:10 AM,291.25,0,0.0,36428610.0
2025-08-01 09:19:11 AM,291.25,75,21843.75,36450453.75
2025-08-01 09:19:11 AM,293.7,0,0.0,36450453.75
2025-08-01 09:19:12 AM,293.7,525,154192.5,36604646.25
2025-08-01 09:19:20 AM,291.55,75,21866.25,36626512.5
2025-08-01 09:19:22 AM,289.85,0,0.0,36626512.5
2025-08-01 09:19:22 AM,289.85,225,65216.25000000001,36691728.75
2025-08-01 09:19:24 AM,288.45,0,0.0,36691728.75
2025-08-01 09:19:24 AM,288.45,525,151436.25,36843165.0
2025-08-01 09:19:28 AM,286.45,0,0.0,36843165.0
2025-08-01 09:19:28 AM,287.05,150,43057.5,36886222.5
2025-08-01 09:19:28 AM,286.4,0,0.0,36886222.5
2025-08-01 09:19:28 AM,286.8,0,0.0,36886222.5
2025-08-01 09:19:29 AM,286.8,600,172080.0,37058302.5
2025-08-01 09:19:30 AM,286.9,0,0.0,37058302.5
2025-08-01 09:19:30 AM,286.9,75,21517.5,37079820.0
2025-08-01 09:19:31 AM,288.3,0,0.0,37079820.0
2025-08-01 09:19:32 AM,288.3,150,43245.0,37123065.0
2025-08-01 09:19:32 AM,289.75,0,0.0,37123065.0
2025-08-01 09:19:32 AM,288.95,150,43342.5,37166407.5
2025-08-01 09:19:33 AM,287.4,0,0.0,37166407.5
2025-08-01 09:19:33 AM,287.4,75,21555.0,37187962.5
2025-08-01 09:19:35 AM,288.2,75,21615.0,37209577.5
2025-08-01 09:19:35 AM,287.6,0,0.0,37209577.5
2025-08-01 09:19:36 AM,288.05,1200,345660.0,37555237.5
2025-08-01 09:19:38 AM,288.0,0,0.0,37555237.5
2025-08-01 09:19:38 AM,287.5,0,0.0,37555237.5
2025-08-01 09:19:38 AM,286.8,300,86040.0,37641277.5
2025-08-01 09:19:39 AM,286.45,675,193353.75,37834631.25
2025-08-01 09:19:40 AM,288.3,0,0.0,37834631.25
2025-08-01 09:19:41 AM,288.9,450,130004.99999999999,37964636.25
2025-08-01 09:19:42 AM,288.6,75,21645.0,37986281.25
2025-08-01 09:19:43 AM,289.05,0,0.0,37986281.25
2025-08-01 09:19:43 AM,289.05,300,86715.0,38072996.25
2025-08-01 09:19:46 AM,287.85,0,0.0,38072996.25
2025-08-01 09:19:46 AM,287.85,150,43177.5,38116173.75
2025-08-01 09:19:47 AM,289.05,0,0.0,38116173.75
2025-08-01 09:19:47 AM,289.05,150,43357.5,38159531.25
2025-08-01 09:19:49 AM,288.15,0,0.0,38159531.25
2025-08-01 09:19:49 AM,288.15,150,43222.5,38202753.75
2025-08-01 09:19:49 AM,288.25,0,0.0,38202753.75
2025-08-01 09:19:50 AM,288.6,0,0.0,38202753.75
2025-08-01 09:19:50 AM,288.6,150,43290.0,38246043.75
2025-08-01 09:19:51 AM,288.8,0,0.0,38246043.75
2025-08-01 09:19:52 AM,288.8,150,43320.0,38289363.75
2025-08-01 09:19:56 AM,290.55,0,0.0,38289363.75
2025-08-01 09:19:56 AM,290.55,75,21791.25,38311155.0
2025-08-01 09:19:57 AM,287.45,0,0.0,38311155.0
2025-08-01 09:19:57 AM,288.5,0,0.0,38311155.0
2025-08-01 09:19:57 AM,288.5,225,64912.5,38376067.5
2025-08-01 09:19:58 AM,288.65,0,0.0,38376067.5
2025-08-01 09:19:58 AM,288.65,225,64946.24999999999,38441013.75
2025-08-01 09:19:59 AM,287.8,675,194265.0,38635278.75
2025-08-01 09:20:00 AM,288.5,75,21637.5,38656916.25
2025-08-01 09:20:01 AM,289.25,600,173550.0,38830466.25
2025-08-01 09:20:01 AM,289.85,0,0.0,38830466.25
2025-08-01 09:20:02 AM,289.5,150,43425.0,38873891.25
2025-08-01 09:20:02 AM,288.75,0,0.0,38873891.25
2025-08-01 09:20:02 AM,288.75,525,151593.75,39025485.0
2025-08-01 09:20:03 AM,291.15,0,0.0,39025485.0
2025-08-01 09:20:03 AM,291.0,150,43650.0,39069135.0
2025-08-01 09:20:04 AM,291.2,0,0.0,39069135.0
2025-08-01 09:20:05 AM,291.2,75,21840.0,39090975.0
2025-08-01 09:20:05 AM,292.3,0,0.0,39090975.0
2025-08-01 09:20:06 AM,292.2,150,43830.0,39134805.0
2025-08-01 09:20:06 AM,293.4,0,0.0,39134805.0
2025-08-01 09:20:07 AM,293.0,375,109875.0,39244680.0
2025-08-01 09:20:07 AM,292.85,0,0.0,39244680.0
2025-08-01 09:20:07 AM,292.8,225,65880.0,39310560.0
2025-08-01 09:20:08 AM,291.75,0,0.0,39310560.0
2025-08-01 09:20:08 AM,291.75,450,131287.5,39441847.5
2025-08-01 09:20:09 AM,292.1,375,109537.50000000001,39551385.0
2025-08-01 09:20:11 AM,293.5,150,44025.0,39595410.0
2025-08-01 09:20:12 AM,292.0,0,0.0,39595410.0
2025-08-01 09:20:12 AM,292.0,300,87600.0,39683010.0
2025-08-01 09:20:13 AM,291.35,0,0.0,39683010.0
2025-08-01 09:20:13 AM,291.7,1050,306285.0,39989295.0
2025-08-01 09:20:14 AM,292.65,75,21948.75,40011243.75
2025-08-01 09:20:15 AM,293.85,150,44077.5,40055321.25
2025-08-01 09:20:16 AM,293.95,375,110231.25,40165552.5
2025-08-01 09:20:17 AM,293.2,0,0.0,40165552.5
2025-08-01 09:20:17 AM,293.2,150,43980.0,40209532.5
2025-08-01 09:20:18 AM,292.95,0,0.0,40209532.5
2025-08-01 09:20:19 AM,292.15,375,109556.24999999999,40319088.75
2025-08-01 09:20:20 AM,294.1,150,44115.0,40363203.75
2025-08-01 09:20:22 AM,292.8,0,0.0,40363203.75
2025-08-01 09:20:22 AM,292.0,600,175200.0,40538403.75
2025-08-01 09:20:23 AM,290.75,75,21806.25,40560210.0
2025-08-01 09:20:24 AM,292.4,75,21930.0,40582140.0
2025-08-01 09:20:25 AM,290.3,150,43545.0,40625685.0
2025-08-01 09:20:25 AM,291.45,0,0.0,40625685.0
2025-08-01 09:20:26 AM,290.45,450,130702.5,40756387.5
2025-08-01 09:20:30 AM,289.2,0,0.0,40756387.5
2025-08-01 09:20:30 AM,289.2,75,21690.0,40778077.5
2025-08-01 09:20:30 AM,289.25,0,0.0,40778077.5
2025-08-01 09:20:31 AM,290.0,300,87000.0,40865077.5
2025-08-01 09:20:32 AM,288.9,75,21667.5,40886745.0
2025-08-01 09:20:32 AM,287.6,0,0.0,40886745.0
2025-08-01 09:20:32 AM,286.0,1125,321750.0,41208495.0
2025-08-01 09:20:33 AM,287.25,0,0.0,41208495.0
2025-08-01 09:20:33 AM,287.25,375,107718.75,41316213.75
2025-08-01 09:20:34 AM,287.3,75,21547.5,41337761.25
2025-08-01 09:20:35 AM,287.35,0,0.0,41337761.25
2025-08-01 09:20:36 AM,287.35,75,21551.25,41359312.5
2025-08-01 09:20:37 AM,288.35,0,0.0,41359312.5
2025-08-01 09:20:37 AM,288.0,150,43200.0,41402512.5
2025-08-01 09:20:38 AM,288.4,0,0.0,41402512.5
2025-08-01 09:20:38 AM,288.4,375,108149.99999999999,41510662.5
2025-08-01 09:20:40 AM,286.6,0,0.0,41510662.5
2025-08-01 09:20:40 AM,286.6,75,21495.0,41532157.5
2025-08-01 09:20:41 AM,287.55,0,0.0,41532157.5
2025-08-01 09:20:42 AM,287.4,750,215549.99999999997,41747707.5
2025-08-01 09:20:42 AM,286.5,0,0.0,41747707.5
2025-08-01 09:20:42 AM,286.5,750,214875.0,41962582.5
2025-08-01 09:20:43 AM,284.7,0,0.0,41962582.5
2025-08-01 09:20:43 AM,284.7,1350,384345.0,42346927.5
2025-08-01 09:20:44 AM,282.95,150,42442.5,42389370.0
2025-08-01 09:20:45 AM,280.55,600,168330.0,42557700.0
2025-08-01 09:20:45 AM,281.3,0,0.0,42557700.0
2025-08-01 09:20:46 AM,282.85,450,127282.50000000001,42684982.5
2025-08-01 09:20:46 AM,281.95,0,0.0,42684982.5
2025-08-01 09:20:47 AM,283.2,150,42480.0,42727462.5
2025-08-01 09:20:47 AM,283.65,0,0.0,42727462.5
2025-08-01 09:20:47 AM,283.65,600,170190.0,42897652.5
2025-08-01 09:20:48 AM,282.3,0,0.0,42897652.5
2025-08-01 09:20:48 AM,282.3,75,21172.5,42918825.0
2025-08-01 09:20:49 AM,281.4,150,42210.0,42961035.0
2025-08-01 09:20:50 AM,280.85,0,0.0,42961035.0
2025-08-01 09:20:51 AM,280.85,75,21063.75,42982098.75
2025-08-01 09:20:51 AM,281.3,0,0.0,42982098.75
2025-08-01 09:20:52 AM,281.3,150,42195.0,43024293.75
2025-08-01 09:20:53 AM,283.25,0,0.0,43024293.75
2025-08-01 09:20:53 AM,283.25,300,84975.0,43109268.75
2025-08-01 09:20:54 AM,281.9,150,42285.0,43151553.75
2025-08-01 09:20:55 AM,280.95,150,42142.5,43193696.25
2025-08-01 09:20:56 AM,282.25,0,0.0,43193696.25
2025-08-01 09:20:57 AM,280.45,150,42067.5,43235763.75
2025-08-01 09:20:57 AM,280.0,0,0.0,43235763.75
2025-08-01 09:20:57 AM,279.25,450,125662.5,43361426.25
2025-08-01 09:20:58 AM,279.35,0,0.0,43361426.25
2025-08-01 09:20:58 AM,279.35,300,83805.0,43445231.25
2025-08-01 09:20:59 AM,279.6,225,62910.00000000001,43508141.25
2025-08-01 09:21:00 AM,282.2,675,190485.0,43698626.25
2025-08-01 09:21:00 AM,283.3,0,0.0,43698626.25
2025-08-01 09:21:01 AM,283.3,375,106237.5,43804863.75
2025-08-01 09:21:01 AM,281.2,0,0.0,43804863.75
2025-08-01 09:21:02 AM,281.2,600,168720.0,43973583.75
2025-08-01 09:21:02 AM,284.15,0,0.0,43973583.75
2025-08-01 09:21:03 AM,282.55,525,148338.75,44121922.5
2025-08-01 09:21:03 AM,283.05,150,42457.5,44164380.0
2025-08-01 09:21:04 AM,284.0,75,21300.0,44185680.0
2025-08-01 09:21:05 AM,283.05,1650,467032.5,44652712.5
2025-08-01 09:21:05 AM,284.8,0,0.0,44652712.5
2025-08-01 09:21:06 AM,284.8,150,42720.0,44695432.5
2025-08-01 09:21:07 AM,285.1,0,0.0,44695432.5
2025-08-01 09:21:08 AM,285.1,300,85530.0,44780962.5
2025-08-01 09:21:08 AM,282.2,0,0.0,44780962.5
2025-08-01 09:21:08 AM,282.2,1800,507960.0,45288922.5
2025-08-01 09:21:10 AM,283.2,0,0.0,45288922.5
2025-08-01 09:21:10 AM,283.2,75,21240.0,45310162.5
2025-08-01 09:21:11 AM,280.85,0,0.0,45310162.5
2025-08-01 09:21:11 AM,280.8,1050,294840.0,45605002.5
2025-08-01 09:21:12 AM,282.35,750,211762.50000000003,45816765.0
2025-08-01 09:21:16 AM,281.1,75,21082.5,45837847.5
2025-08-01 09:21:17 AM,280.7,0,0.0,45837847.5
2025-08-01 09:21:17 AM,282.0,150,42300.0,45880147.5
2025-08-01 09:21:18 AM,283.5,0,0.0,45880147.5
2025-08-01 09:21:18 AM,283.5,75,21262.5,45901410.0
2025-08-01 09:21:20 AM,283.55,0,0.0,45901410.0
2025-08-01 09:21:20 AM,283.55,75,21266.25,45922676.25
2025-08-01 09:21:21 AM,281.8,75,21135.0,45943811.25
2025-08-01 09:21:25 AM,283.45,0,0.0,45943811.25
2025-08-01 09:21:25 AM,283.45,75,21258.75,45965070.0
2025-08-01 09:21:27 AM,280.35,0,0.0,45965070.0
2025-08-01 09:21:27 AM,280.3,0,0.0,45965070.0
2025-08-01 09:21:27 AM,281.35,1200,337620.0,46302690.0
2025-08-01 09:21:29 AM,282.05,0,0.0,46302690.0
2025-08-01 09:21:29 AM,282.05,75,21153.75,46323843.75
2025-08-01 09:21:30 AM,284.45,75,21333.75,46345177.5
2025-08-01 09:21:31 AM,283.1,300,84930.0,46430107.5
2025-08-01 09:21:31 AM,283.3,0,0.0,46430107.5
2025-08-01 09:21:32 AM,283.3,75,21247.5,46451355.0
2025-08-01 09:21:32 AM,283.7,0,0.0,46451355.0
2025-08-01 09:21:32 AM,283.7,75,21277.5,46472632.5
2025-08-01 09:21:33 AM,283.35,0,0.0,46472632.5
2025-08-01 09:21:33 AM,283.35,3975,1126316.25,47598948.75
2025-08-01 09:21:36 AM,283.5,0,0.0,47598948.75
2025-08-01 09:21:36 AM,283.5,525,148837.5,47747786.25
2025-08-01 09:21:37 AM,280.6,0,0.0,47747786.25
2025-08-01 09:21:37 AM,280.6,1125,315675.0,48063461.25
2025-08-01 09:21:38 AM,280.5,0,0.0,48063461.25
2025-08-01 09:21:39 AM,280.5,75,21037.5,48084498.75
2025-08-01 09:21:41 AM,280.0,0,0.0,48084498.75
2025-08-01 09:21:42 AM,280.0,225,63000.0,48147498.75
2025-08-01 09:21:43 AM,278.0,0,0.0,48147498.75
2025-08-01 09:21:43 AM,278.85,0,0.0,48147498.75
2025-08-01 09:21:43 AM,278.85,1950,543757.5,48691256.25
2025-08-01 09:21:46 AM,277.75,0,0.0,48691256.25
2025-08-01 09:21:46 AM,277.75,150,41662.5,48732918.75
2025-08-01 09:21:47 AM,280.65,0,0.0,48732918.75
2025-08-01 09:21:47 AM,281.1,975,274072.5,49006991.25
2025-08-01 09:21:49 AM,281.55,0,0.0,49006991.25
2025-08-01 09:21:50 AM,281.55,75,21116.25,49028107.5
2025-08-01 09:21:56 AM,283.2,0,0.0,49028107.5
2025-08-01 09:21:56 AM,282.65,0,0.0,49028107.5
2025-08-01 09:21:57 AM,282.65,300,84795.0,49112902.5
2025-08-01 09:21:57 AM,281.1,0,0.0,49112902.5
2025-08-01 09:21:57 AM,281.1,150,42165.0,49155067.5
2025-08-01 09:21:59 AM,282.95,0,0.0,49155067.5
2025-08-01 09:21:59 AM,282.95,75,21221.25,49176288.75
2025-08-01 09:22:01 AM,285.0,0,0.0,49176288.75
2025-08-01 09:22:01 AM,286.0,0,0.0,49176288.75
2025-08-01 09:22:02 AM,286.0,375,107250.0,49283538.75
2025-08-01 09:22:02 AM,287.6,0,0.0,49283538.75
2025-08-01 09:22:02 AM,287.6,150,43140.0,49326678.75
2025-08-01 09:22:04 AM,286.95,0,0.0,49326678.75
2025-08-01 09:22:04 AM,286.95,1125,322818.75,49649497.5
2025-08-01 09:22:05 AM,287.15,75,21536.25,49671033.75
2025-08-01 09:22:06 AM,286.45,0,0.0,49671033.75
2025-08-01 09:22:07 AM,286.45,75,21483.75,49692517.5
2025-08-01 09:22:08 AM,286.75,0,0.0,49692517.5
2025-08-01 09:22:08 AM,286.75,75,21506.25,49714023.75
2025-08-01 09:22:12 AM,285.9,0,0.0,49714023.75
2025-08-01 09:22:12 AM,285.9,75,21442.5,49735466.25
2025-08-01 09:22:13 AM,289.0,0,0.0,49735466.25
2025-08-01 09:22:14 AM,289.0,150,43350.0,49778816.25
2025-08-01 09:22:16 AM,287.2,0,0.0,49778816.25
2025-08-01 09:22:16 AM,287.2,150,43080.0,49821896.25
2025-08-01 09:22:18 AM,285.3,0,0.0,49821896.25
2025-08-01 09:22:19 AM,284.45,0,0.0,49821896.25
2025-08-01 09:22:19 AM,284.45,1050,298672.5,50120568.75
2025-08-01 09:22:20 AM,285.25,0,0.0,50120568.75
2025-08-01 09:22:21 AM,285.25,75,21393.75,50141962.5
2025-08-01 09:22:22 AM,285.0,0,0.0,50141962.5
2025-08-01 09:22:22 AM,285.0,75,21375.0,50163337.5
2025-08-01 09:22:22 AM,284.95,0,0.0,50163337.5
2025-08-01 09:22:22 AM,284.95,75,21371.25,50184708.75
2025-08-01 09:22:23 AM,283.95,0,0.0,50184708.75
2025-08-01 09:22:23 AM,283.95,300,85185.0,50269893.75
2025-08-01 09:22:29 AM,284.7,0,0.0,50269893.75
2025-08-01 09:22:29 AM,284.3,0,0.0,50269893.75
2025-08-01 09:22:29 AM,284.3,225,63967.5,50333861.25
2025-08-01 09:22:31 AM,284.9,0,0.0,50333861.25
2025-08-01 09:22:31 AM,284.9,75,21367.5,50355228.75
2025-08-01 09:22:33 AM,288.05,0,0.0,50355228.75
2025-08-01 09:22:33 AM,288.05,75,21603.75,50376832.5
2025-08-01 09:22:35 AM,286.05,0,0.0,50376832.5
2025-08-01 09:22:35 AM,286.05,225,64361.25,50441193.75
2025-08-01 09:22:38 AM,282.05,0,0.0,50441193.75
2025-08-01 09:22:38 AM,282.05,75,21153.75,50462347.5
2025-08-01 09:22:39 AM,283.0,0,0.0,50462347.5
2025-08-01 09:22:39 AM,283.0,150,42450.0,50504797.5
2025-08-01 09:22:46 AM,282.35,0,0.0,50504797.5
2025-08-01 09:22:46 AM,282.35,75,21176.25,50525973.75
2025-08-01 09:22:50 AM,280.2,0,0.0,50525973.75
2025-08-01 09:22:50 AM,280.2,525,147105.0,50673078.75
2025-08-01 09:22:50 AM,281.0,0,0.0,50673078.75
2025-08-01 09:22:51 AM,281.0,75,21075.0,50694153.75
2025-08-01 09:22:51 AM,281.55,0,0.0,50694153.75
2025-08-01 09:22:52 AM,281.55,750,211162.5,50905316.25
2025-08-01 09:22:52 AM,282.1,0,0.0,50905316.25
2025-08-01 09:22:52 AM,282.1,75,21157.5,50926473.75
2025-08-01 09:22:53 AM,283.2,0,0.0,50926473.75
2025-08-01 09:22:53 AM,283.2,975,276120.0,51202593.75
2025-08-01 09:23:01 AM,283.75,0,0.0,51202593.75
2025-08-01 09:23:02 AM,283.2,600,169920.0,51372513.75
2025-08-01 09:23:02 AM,283.7,0,0.0,51372513.75
2025-08-01 09:23:03 AM,283.7,75,21277.5,51393791.25
2025-08-01 09:23:05 AM,281.7,0,0.0,51393791.25
2025-08-01 09:23:06 AM,281.7,150,42255.0,51436046.25
2025-08-01 09:23:08 AM,280.2,0,0.0,51436046.25
2025-08-01 09:23:08 AM,280.2,75,21015.0,51457061.25
2025-08-01 09:23:10 AM,279.9,75,20992.5,51478053.75
2025-08-01 09:23:12 AM,279.65,0,0.0,51478053.75
2025-08-01 09:23:13 AM,279.65,75,20973.75,51499027.5
2025-08-01 09:23:13 AM,281.55,0,0.0,51499027.5
2025-08-01 09:23:14 AM,281.55,1125,316743.75,51815771.25
2025-08-01 09:23:15 AM,280.55,0,0.0,51815771.25
2025-08-01 09:23:16 AM,280.55,600,168330.0,51984101.25
2025-08-01 09:23:16 AM,281.5,0,0.0,51984101.25
2025-08-01 09:23:17 AM,281.45,3075,865458.75,52849560.0
2025-08-01 09:23:19 AM,282.65,0,0.0,52849560.0
2025-08-01 09:23:20 AM,282.65,225,63596.24999999999,52913156.25
2025-08-01 09:23:23 AM,286.0,0,0.0,52913156.25
2025-08-01 09:23:23 AM,286.0,75,21450.0,52934606.25
2025-08-01 09:23:24 AM,286.55,0,0.0,52934606.25
2025-08-01 09:23:25 AM,286.55,750,214912.5,53149518.75
2025-08-01 09:23:26 AM,287.05,75,21528.75,53171047.5
2025-08-01 09:23:26 AM,285.8,0,0.0,53171047.5
2025-08-01 09:23:27 AM,285.8,2175,621615.0,53792662.5
2025-08-01 09:23:27 AM,286.1,0,0.0,53792662.5
2025-08-01 09:23:28 AM,286.1,75,21457.5,53814120.0
2025-08-01 09:23:28 AM,286.2,0,0.0,53814120.0
2025-08-01 09:23:29 AM,286.2,1800,515160.0,54329280.0
2025-08-01 09:23:31 AM,285.0,75,21375.0,54350655.0
2025-08-01 09:23:33 AM,285.55,0,0.0,54350655.0
2025-08-01 09:23:33 AM,285.0,300,85500.0,54436155.0
2025-08-01 09:23:34 AM,285.65,675,192813.74999999997,54628968.75
2025-08-01 09:23:36 AM,284.95,0,0.0,54628968.75
2025-08-01 09:23:36 AM,284.95,150,42742.5,54671711.25
2025-08-01 09:23:43 AM,288.1,0,0.0,54671711.25
2025-08-01 09:23:43 AM,289.05,0,0.0,54671711.25
2025-08-01 09:23:43 AM,289.1,0,0.0,54671711.25
2025-08-01 09:23:43 AM,289.1,1050,303555.0,54975266.25
2025-08-01 09:23:46 AM,289.8,0,0.0,54975266.25
2025-08-01 09:23:46 AM,289.8,600,173880.0,55149146.25
2025-08-01 09:23:48 AM,290.2,0,0.0,55149146.25
2025-08-01 09:23:48 AM,290.2,75,21765.0,55170911.25
2025-08-01 09:23:49 AM,290.8,0,0.0,55170911.25
2025-08-01 09:23:50 AM,290.8,75,21810.0,55192721.25
2025-08-01 09:23:50 AM,290.0,0,0.0,55192721.25
2025-08-01 09:23:51 AM,290.0,75,21750.0,55214471.25
2025-08-01 09:23:51 AM,289.4,0,0.0,55214471.25
2025-08-01 09:23:52 AM,289.4,750,217049.99999999997,55431521.25
2025-08-01 09:23:52 AM,289.6,0,0.0,55431521.25
2025-08-01 09:23:53 AM,289.6,150,43440.0,55474961.25
2025-08-01 09:23:53 AM,289.0,0,0.0,55474961.25
2025-08-01 09:23:53 AM,289.0,975,281775.0,55756736.25
2025-08-01 09:23:53 AM,289.8,0,0.0,55756736.25
2025-08-01 09:23:54 AM,289.8,375,108675.0,55865411.25
2025-08-01 09:23:55 AM,290.3,0,0.0,55865411.25
2025-08-01 09:23:55 AM,290.3,225,65317.5,55930728.75
2025-08-01 09:23:55 AM,289.6,0,0.0,55930728.75
2025-08-01 09:23:56 AM,289.6,75,21720.0,55952448.75
2025-08-01 09:23:58 AM,288.85,0,0.0,55952448.75
2025-08-01 09:23:58 AM,288.85,150,43327.5,55995776.25
2025-08-01 09:24:01 AM,288.7,0,0.0,55995776.25
2025-08-01 09:24:01 AM,288.7,150,43305.0,56039081.25
2025-08-01 09:24:02 AM,289.25,0,0.0,56039081.25
2025-08-01 09:24:02 AM,289.95,0,0.0,56039081.25
2025-08-01 09:24:02 AM,290.85,0,0.0,56039081.25
2025-08-01 09:24:02 AM,290.85,375,109068.75000000001,56148150.0
2025-08-01 09:24:03 AM,292.0,225,65700.0,56213850.0
2025-08-01 09:24:03 AM,294.15,0,0.0,56213850.0
2025-08-01 09:24:03 AM,293.35,0,0.0,56213850.0
2025-08-01 09:24:04 AM,293.15,1125,329793.75,56543643.75
2025-08-01 09:24:05 AM,293.1,225,65947.5,56609591.25
2025-08-01 09:24:06 AM,293.1,75,21982.5,56631573.75
2025-08-01 09:24:07 AM,293.5,0,0.0,56631573.75
2025-08-01 09:24:07 AM,293.5,150,44025.0,56675598.75
2025-08-01 09:24:08 AM,292.7,0,0.0,56675598.75
2025-08-01 09:24:09 AM,291.9,375,109462.49999999999,56785061.25
2025-08-01 09:24:11 AM,291.8,0,0.0,56785061.25
2025-08-01 09:24:11 AM,291.6,0,0.0,56785061.25
2025-08-01 09:24:11 AM,291.6,300,87480.0,56872541.25
2025-08-01 09:24:13 AM,290.7,0,0.0,56872541.25
2025-08-01 09:24:13 AM,290.7,300,87210.0,56959751.25
2025-08-01 09:24:15 AM,289.9,0,0.0,56959751.25
2025-08-01 09:24:16 AM,289.9,75,21742.5,56981493.75
2025-08-01 09:24:18 AM,288.0,0,0.0,56981493.75
2025-08-01 09:24:18 AM,288.0,150,43200.0,57024693.75
2025-08-01 09:24:20 AM,287.35,0,0.0,57024693.75
2025-08-01 09:24:21 AM,287.35,75,21551.25,57046245.0
2025-08-01 09:24:21 AM,288.9,0,0.0,57046245.0
2025-08-01 09:24:21 AM,288.9,750,216674.99999999997,57262920.0
2025-08-01 09:24:25 AM,290.3,0,0.0,57262920.0
2025-08-01 09:24:26 AM,290.3,1500,435450.0,57698370.0
2025-08-01 09:24:27 AM,290.8,0,0.0,57698370.0
2025-08-01 09:24:27 AM,290.8,75,21810.0,57720180.0
2025-08-01 09:24:29 AM,290.7,0,0.0,57720180.0
2025-08-01 09:24:30 AM,290.7,600,174420.0,57894600.0
2025-08-01 09:24:32 AM,292.75,0,0.0,57894600.0
2025-08-01 09:24:32 AM,292.75,75,21956.25,57916556.25
2025-08-01 09:24:35 AM,293.25,0,0.0,57916556.25
2025-08-01 09:24:35 AM,292.8,0,0.0,57916556.25
2025-08-01 09:24:36 AM,292.8,675,197640.0,58114196.25
2025-08-01 09:24:37 AM,293.0,0,0.0,58114196.25
2025-08-01 09:24:37 AM,293.0,75,21975.0,58136171.25
2025-08-01 09:24:40 AM,292.75,0,0.0,58136171.25
2025-08-01 09:24:40 AM,292.75,750,219562.5,58355733.75
2025-08-01 09:24:44 AM,295.0,0,0.0,58355733.75
2025-08-01 09:24:45 AM,295.0,675,199125.0,58554858.75
2025-08-01 09:24:45 AM,295.25,0,0.0,58554858.75
2025-08-01 09:24:46 AM,295.25,75,22143.75,58577002.5
2025-08-01 09:24:46 AM,294.75,0,0.0,58577002.5
2025-08-01 09:24:47 AM,294.75,75,22106.25,58599108.75
2025-08-01 09:24:47 AM,294.4,0,0.0,58599108.75
2025-08-01 09:24:47 AM,294.4,150,44160.0,58643268.75
2025-08-01 09:24:48 AM,293.25,0,0.0,58643268.75
2025-08-01 09:24:49 AM,293.25,150,43987.5,58687256.25
2025-08-01 09:24:50 AM,294.4,0,0.0,58687256.25
2025-08-01 09:24:50 AM,294.4,600,176640.0,58863896.25
2025-08-01 09:24:50 AM,295.1,0,0.0,58863896.25
2025-08-01 09:24:51 AM,295.1,900,265590.0,59129486.25
2025-08-01 09:24:51 AM,293.7,0,0.0,59129486.25
2025-08-01 09:24:52 AM,293.7,900,264330.0,59393816.25
2025-08-01 09:24:52 AM,294.55,0,0.0,59393816.25
2025-08-01 09:24:52 AM,294.55,75,22091.25,59415907.5
2025-08-01 09:24:54 AM,294.85,0,0.0,59415907.5
2025-08-01 09:24:55 AM,294.85,150,44227.5,59460135.0
2025-08-01 09:24:56 AM,295.0,0,0.0,59460135.0
2025-08-01 09:24:56 AM,295.0,75,22125.0,59482260.0
2025-08-01 09:24:57 AM,294.85,0,0.0,59482260.0
2025-08-01 09:24:57 AM,294.85,75,22113.75,59504373.75
2025-08-01 09:24:59 AM,295.1,0,0.0,59504373.75
2025-08-01 09:24:59 AM,295.1,75,22132.5,59526506.25
2025-08-01 09:25:00 AM,293.25,0,0.0,59526506.25
2025-08-01 09:25:00 AM,293.25,225,65981.25,59592487.5
2025-08-01 09:25:03 AM,297.1,0,0.0,59592487.5
2025-08-01 09:25:04 AM,297.65,300,89295.0,59681782.5
2025-08-01 09:25:05 AM,298.4,0,0.0,59681782.5
2025-08-01 09:25:05 AM,297.7,0,0.0,59681782.5
2025-08-01 09:25:06 AM,299.05,1050,314002.5,59995785.0
2025-08-01 09:25:06 AM,298.55,0,0.0,59995785.0
2025-08-01 09:25:07 AM,298.55,225,67173.75,60062958.75
2025-08-01 09:25:07 AM,299.4,0,0.0,60062958.75
2025-08-01 09:25:08 AM,299.4,150,44910.0,60107868.75
2025-08-01 09:25:08 AM,299.25,450,134662.5,60242531.25
2025-08-01 09:25:09 AM,300.0,0,0.0,60242531.25
2025-08-01 09:25:10 AM,302.0,1575,475650.0,60718181.25
2025-08-01 09:25:11 AM,302.4,1950,589680.0,61307861.25
2025-08-01 09:25:11 AM,302.5,0,0.0,61307861.25
2025-08-01 09:25:12 AM,302.65,375,113493.74999999999,61421355.0
2025-08-01 09:25:12 AM,302.25,0,0.0,61421355.0
2025-08-01 09:25:13 AM,301.65,900,271485.0,61692840.0
2025-08-01 09:25:13 AM,301.65,150,45247.5,61738087.5
2025-08-01 09:25:14 AM,301.3,450,135585.0,61873672.5
2025-08-01 09:25:15 AM,302.25,525,158681.25,62032353.75
2025-08-01 09:25:15 AM,301.95,0,0.0,62032353.75
2025-08-01 09:25:16 AM,301.95,600,181170.0,62213523.75
2025-08-01 09:25:16 AM,303.2,0,0.0,62213523.75
2025-08-01 09:25:17 AM,302.9,150,45435.0,62258958.75
2025-08-01 09:25:17 AM,301.95,0,0.0,62258958.75
2025-08-01 09:25:18 AM,302.4,975,294840.0,62553798.75
2025-08-01 09:25:18 AM,302.1,300,90630.0,62644428.75
2025-08-01 09:25:19 AM,303.3,975,295717.5,62940146.25
2025-08-01 09:25:20 AM,303.75,75,22781.25,62962927.5
2025-08-01 09:25:20 AM,303.55,0,0.0,62962927.5
2025-08-01 09:25:21 AM,303.55,525,159363.75,63122291.25
2025-08-01 09:25:21 AM,303.25,0,0.0,63122291.25
2025-08-01 09:25:22 AM,303.25,750,227437.5,63349728.75
2025-08-01 09:25:22 AM,304.5,0,0.0,63349728.75
2025-08-01 09:25:23 AM,304.5,225,68512.5,63418241.25
2025-08-01 09:25:24 AM,304.85,0,0.0,63418241.25
2025-08-01 09:25:25 AM,304.85,75,22863.75,63441105.0
2025-08-01 09:25:25 AM,303.8,0,0.0,63441105.0
2025-08-01 09:25:26 AM,303.8,75,22785.0,63463890.0
2025-08-01 09:25:26 AM,303.35,0,0.0,63463890.0
2025-08-01 09:25:27 AM,303.95,525,159573.75,63623463.75
2025-08-01 09:25:27 AM,303.0,0,0.0,63623463.75
2025-08-01 09:25:27 AM,303.45,0,0.0,63623463.75
2025-08-01 09:25:28 AM,303.0,2400,727200.0,64350663.75
2025-08-01 09:25:28 AM,302.1,1500,453150.00000000006,64803813.75
2025-08-01 09:25:29 AM,302.6,600,181560.0,64985373.75
2025-08-01 09:25:29 AM,303.15,0,0.0,64985373.75
2025-08-01 09:25:29 AM,302.75,0,0.0,64985373.75
2025-08-01 09:25:30 AM,302.75,825,249768.75,65235142.5
2025-08-01 09:25:30 AM,303.2,0,0.0,65235142.5
2025-08-01 09:25:31 AM,303.2,150,45480.0,65280622.5
2025-08-01 09:25:31 AM,303.7,0,0.0,65280622.5
2025-08-01 09:25:32 AM,301.65,525,158366.25,65438988.75
2025-08-01 09:25:32 AM,301.8,0,0.0,65438988.75
2025-08-01 09:25:33 AM,301.8,375,113175.0,65552163.75
2025-08-01 09:25:34 AM,301.0,0,0.0,65552163.75
2025-08-01 09:25:34 AM,301.65,150,45247.5,65597411.25
2025-08-01 09:25:35 AM,301.8,75,22635.0,65620046.25
2025-08-01 09:25:35 AM,301.4,0,0.0,65620046.25
2025-08-01 09:25:36 AM,301.4,75,22605.0,65642651.25
2025-08-01 09:25:36 AM,301.35,0,0.0,65642651.25
2025-08-01 09:25:37 AM,301.7,150,45255.0,65687906.25
2025-08-01 09:25:37 AM,301.05,0,0.0,65687906.25
2025-08-01 09:25:37 AM,301.55,0,0.0,65687906.25
2025-08-01 09:25:38 AM,301.55,225,67848.75,65755755.0
2025-08-01 09:25:38 AM,301.75,150,45262.5,65801017.5
2025-08-01 09:25:38 AM,302.35,0,0.0,65801017.5
2025-08-01 09:25:39 AM,302.75,150,45412.5,65846430.0
2025-08-01 09:25:40 AM,302.55,0,0.0,65846430.0
2025-08-01 09:25:41 AM,302.8,900,272520.0,66118950.0
2025-08-01 09:25:42 AM,300.75,0,0.0,66118950.0
2025-08-01 09:25:42 AM,301.4,0,0.0,66118950.0
2025-08-01 09:25:42 AM,301.4,450,135630.0,66254580.0
2025-08-01 09:25:43 AM,302.2,75,22665.0,66277245.0
2025-08-01 09:25:43 AM,302.65,0,0.0,66277245.0
2025-08-01 09:25:43 AM,304.0,0,0.0,66277245.0
2025-08-01 09:25:44 AM,304.85,4275,1303233.75,67580478.75
2025-08-01 09:25:44 AM,305.9,0,0.0,67580478.75
2025-08-01 09:25:45 AM,305.9,375,114712.49999999999,67695191.25
2025-08-01 09:25:45 AM,306.35,0,0.0,67695191.25
2025-08-01 09:25:46 AM,306.35,75,22976.25,67718167.5
2025-08-01 09:25:46 AM,306.25,0,0.0,67718167.5
2025-08-01 09:25:46 AM,306.25,75,22968.75,67741136.25
2025-08-01 09:25:47 AM,303.9,0,0.0,67741136.25
2025-08-01 09:25:47 AM,303.9,750,227924.99999999997,67969061.25
2025-08-01 09:25:48 AM,303.8,150,45570.0,68014631.25
2025-08-01 09:25:48 AM,302.8,0,0.0,68014631.25
2025-08-01 09:25:49 AM,303.85,300,91155.0,68105786.25
2025-08-01 09:25:49 AM,304.8,0,0.0,68105786.25
2025-08-01 09:25:50 AM,304.5,225,68512.5,68174298.75
2025-08-01 09:25:51 AM,305.05,150,45757.5,68220056.25
2025-08-01 09:25:51 AM,305.15,0,0.0,68220056.25
2025-08-01 09:25:51 AM,304.95,0,0.0,68220056.25
2025-08-01 09:25:51 AM,304.95,150,45742.5,68265798.75
2025-08-01 09:25:52 AM,306.4,0,0.0,68265798.75
2025-08-01 09:25:52 AM,306.4,375,114899.99999999999,68380698.75
2025-08-01 09:25:53 AM,304.5,225,68512.5,68449211.25
2025-08-01 09:25:54 AM,303.85,1875,569718.75,69018930.0
2025-08-01 09:25:54 AM,303.95,0,0.0,69018930.0
2025-08-01 09:25:55 AM,303.9,3075,934492.4999999999,69953422.5
2025-08-01 09:25:55 AM,304.6,0,0.0,69953422.5
2025-08-01 09:25:56 AM,304.6,75,22845.0,69976267.5
2025-08-01 09:25:56 AM,305.0,75,22875.0,69999142.5
2025-08-01 09:25:57 AM,308.0,0,0.0,69999142.5
2025-08-01 09:25:57 AM,308.0,1200,369600.0,70368742.5
2025-08-01 09:25:58 AM,309.3,900,278370.0,70647112.5
2025-08-01 09:25:58 AM,309.7,0,0.0,70647112.5
2025-08-01 09:25:58 AM,309.25,0,0.0,70647112.5
2025-08-01 09:25:59 AM,308.8,2100,648480.0,71295592.5
2025-08-01 09:25:59 AM,308.85,0,0.0,71295592.5
2025-08-01 09:26:00 AM,309.65,300,92895.0,71388487.5
2025-08-01 09:26:00 AM,309.0,0,0.0,71388487.5
2025-08-01 09:26:01 AM,309.0,1425,440325.0,71828812.5
2025-08-01 09:26:01 AM,309.15,0,0.0,71828812.5
2025-08-01 09:26:02 AM,310.5,0,0.0,71828812.5
2025-08-01 09:26:02 AM,310.25,0,0.0,71828812.5
2025-08-01 09:26:02 AM,310.25,450,139612.5,71968425.0
2025-08-01 09:26:03 AM,308.85,375,115818.75000000001,72084243.75
2025-08-01 09:26:03 AM,310.4,0,0.0,72084243.75
2025-08-01 09:26:04 AM,309.4,1575,487304.99999999994,72571548.75
2025-08-01 09:26:05 AM,310.6,375,116475.00000000001,72688023.75
2025-08-01 09:26:05 AM,310.3,0,0.0,72688023.75
2025-08-01 09:26:06 AM,310.3,150,46545.0,72734568.75
2025-08-01 09:26:06 AM,311.8,450,140310.0,72874878.75
2025-08-01 09:26:07 AM,313.0,1575,492975.0,73367853.75
2025-08-01 09:26:08 AM,311.75,450,140287.5,73508141.25
2025-08-01 09:26:09 AM,312.55,1275,398501.25,73906642.5
2025-08-01 09:26:09 AM,311.5,0,0.0,73906642.5
2025-08-01 09:26:10 AM,311.7,0,0.0,73906642.5
2025-08-01 09:26:10 AM,312.55,1575,492266.25,74398908.75
2025-08-01 09:26:10 AM,312.9,0,0.0,74398908.75
2025-08-01 09:26:11 AM,313.05,300,93915.0,74492823.75
2025-08-01 09:26:11 AM,313.55,150,47032.5,74539856.25
2025-08-01 09:26:11 AM,314.0,0,0.0,74539856.25
2025-08-01 09:26:12 AM,314.25,750,235687.5,74775543.75
2025-08-01 09:26:13 AM,314.25,150,47137.5,74822681.25
2025-08-01 09:26:13 AM,314.2,0,0.0,74822681.25
2025-08-01 09:26:14 AM,315.6,2700,852120.0000000001,75674801.25
2025-08-01 09:26:14 AM,314.3,0,0.0,75674801.25
2025-08-01 09:26:15 AM,314.15,375,117806.24999999999,75792607.5
2025-08-01 09:26:15 AM,313.05,0,0.0,75792607.5
2025-08-01 09:26:16 AM,313.05,150,46957.5,75839565.0
2025-08-01 09:26:17 AM,312.5,0,0.0,75839565.0
2025-08-01 09:26:17 AM,313.65,525,164666.25,76004231.25
2025-08-01 09:26:19 AM,315.1,0,0.0,76004231.25
2025-08-01 09:26:19 AM,314.7,450,141615.0,76145846.25
2025-08-01 09:26:19 AM,317.1,0,0.0,76145846.25
2025-08-01 09:26:20 AM,317.15,1050,333007.5,76478853.75
2025-08-01 09:26:20 AM,316.5,0,0.0,76478853.75
2025-08-01 09:26:21 AM,316.05,1125,355556.25,76834410.0
2025-08-01 09:26:21 AM,314.75,825,259668.75,77094078.75
2025-08-01 09:26:22 AM,315.0,825,259875.0,77353953.75
2025-08-01 09:26:22 AM,314.35,0,0.0,77353953.75
2025-08-01 09:26:22 AM,314.25,0,0.0,77353953.75
2025-08-01 09:26:23 AM,314.25,525,164981.25,77518935.0
2025-08-01 09:26:23 AM,314.9,0,0.0,77518935.0
2025-08-01 09:26:24 AM,315.0,2400,756000.0,78274935.0
2025-08-01 09:26:24 AM,315.75,0,0.0,78274935.0
2025-08-01 09:26:25 AM,315.75,225,71043.75,78345978.75
2025-08-01 09:26:25 AM,316.5,0,0.0,78345978.75
2025-08-01 09:26:26 AM,316.5,75,23737.5,78369716.25
2025-08-01 09:26:27 AM,316.5,75,23737.5,78393453.75
2025-08-01 09:26:28 AM,314.75,0,0.0,78393453.75
2025-08-01 09:26:28 AM,314.75,75,23606.25,78417060.0
2025-08-01 09:26:28 AM,312.0,0,0.0,78417060.0
2025-08-01 09:26:28 AM,310.7,0,0.0,78417060.0
2025-08-01 09:26:29 AM,311.3,3300,1027290.0,79444350.0
2025-08-01 09:26:29 AM,312.85,0,0.0,79444350.0
2025-08-01 09:26:30 AM,312.85,150,46927.5,79491277.5
2025-08-01 09:26:30 AM,312.6,0,0.0,79491277.5
2025-08-01 09:26:31 AM,312.6,225,70335.0,79561612.5
2025-08-01 09:26:32 AM,312.9,0,0.0,79561612.5
2025-08-01 09:26:32 AM,312.8,150,46920.0,79608532.5
2025-08-01 09:26:33 AM,311.7,375,116887.5,79725420.0
2025-08-01 09:26:34 AM,310.0,150,46500.0,79771920.0
2025-08-01 09:26:35 AM,310.0,300,93000.0,79864920.0
2025-08-01 09:26:35 AM,309.25,0,0.0,79864920.0
2025-08-01 09:26:36 AM,309.25,300,92775.0,79957695.0
2025-08-01 09:26:38 AM,310.45,0,0.0,79957695.0
2025-08-01 09:26:38 AM,309.9,375,116212.49999999999,80073907.5
2025-08-01 09:26:39 AM,311.15,0,0.0,80073907.5
2025-08-01 09:26:40 AM,311.15,150,46672.5,80120580.0
2025-08-01 09:26:41 AM,309.4,0,0.0,80120580.0
2025-08-01 09:26:41 AM,309.4,75,23205.0,80143785.0
2025-08-01 09:26:42 AM,310.45,0,0.0,80143785.0
2025-08-01 09:26:42 AM,310.45,75,23283.75,80167068.75
2025-08-01 09:26:43 AM,310.75,75,23306.25,80190375.0
2025-08-01 09:26:46 AM,310.6,0,0.0,80190375.0
2025-08-01 09:26:46 AM,310.6,75,23295.0,80213670.0
2025-08-01 09:26:47 AM,310.5,0,0.0,80213670.0
2025-08-01 09:26:48 AM,310.5,75,23287.5,80236957.5
2025-08-01 09:26:48 AM,311.3,0,0.0,80236957.5
2025-08-01 09:26:49 AM,311.75,825,257193.75,80494151.25
2025-08-01 09:26:50 AM,311.2,75,23340.0,80517491.25
2025-08-01 09:26:50 AM,310.0,0,0.0,80517491.25
2025-08-01 09:26:51 AM,310.0,3825,1185750.0,81703241.25
2025-08-01 09:26:52 AM,310.75,0,0.0,81703241.25
2025-08-01 09:26:52 AM,310.75,600,186450.0,81889691.25
2025-08-01 09:26:55 AM,308.5,375,115687.5,82005378.75
2025-08-01 09:26:55 AM,309.8,0,0.0,82005378.75
2025-08-01 09:26:56 AM,309.8,75,23235.0,82028613.75
2025-08-01 09:26:56 AM,310.75,300,93225.0,82121838.75
2025-08-01 09:26:59 AM,311.0,0,0.0,82121838.75
2025-08-01 09:26:59 AM,311.0,75,23325.0,82145163.75
2025-08-01 09:27:02 AM,311.45,0,0.0,82145163.75
2025-08-01 09:27:02 AM,311.45,450,140152.5,82285316.25
2025-08-01 09:27:03 AM,312.0,0,0.0,82285316.25
2025-08-01 09:27:03 AM,312.0,75,23400.0,82308716.25
2025-08-01 09:27:08 AM,311.8,0,0.0,82308716.25
2025-08-01 09:27:09 AM,310.0,375,116250.0,82424966.25
2025-08-01 09:27:10 AM,311.65,0,0.0,82424966.25
2025-08-01 09:27:11 AM,311.65,75,23373.75,82448340.0
2025-08-01 09:27:11 AM,312.0,0,0.0,82448340.0
2025-08-01 09:27:11 AM,312.0,975,304200.0,82752540.0
2025-08-01 09:27:13 AM,311.4,0,0.0,82752540.0
2025-08-01 09:27:13 AM,311.4,75,23355.0,82775895.0
2025-08-01 09:27:13 AM,311.8,0,0.0,82775895.0
2025-08-01 09:27:14 AM,312.2,4125,1287825.0,84063720.0
2025-08-01 09:27:15 AM,311.15,150,46672.5,84110392.5
2025-08-01 09:27:15 AM,310.15,0,0.0,84110392.5
2025-08-01 09:27:15 AM,310.15,150,46522.5,84156915.0
2025-08-01 09:27:18 AM,313.05,0,0.0,84156915.0
2025-08-01 09:27:19 AM,313.05,975,305223.75,84462138.75
2025-08-01 09:27:19 AM,312.8,0,0.0,84462138.75
2025-08-01 09:27:20 AM,311.7,375,116887.5,84579026.25
2025-08-01 09:27:21 AM,310.2,0,0.0,84579026.25
2025-08-01 09:27:21 AM,310.2,225,69795.0,84648821.25
2025-08-01 09:27:22 AM,312.0,0,0.0,84648821.25
2025-08-01 09:27:22 AM,312.0,300,93600.0,84742421.25
2025-08-01 09:27:23 AM,311.95,75,23396.25,84765817.5
2025-08-01 09:27:25 AM,311.75,0,0.0,84765817.5
2025-08-01 09:27:26 AM,311.75,75,23381.25,84789198.75
2025-08-01 09:27:26 AM,312.4,0,0.0,84789198.75
2025-08-01 09:27:26 AM,312.4,75,23430.0,84812628.75
2025-08-01 09:27:27 AM,311.9,0,0.0,84812628.75
2025-08-01 09:27:27 AM,311.9,150,46785.0,84859413.75
2025-08-01 09:27:28 AM,312.6,0,0.0,84859413.75
2025-08-01 09:27:28 AM,312.6,900,281340.0,85140753.75
2025-08-01 09:27:29 AM,313.5,0,0.0,85140753.75
2025-08-01 09:27:29 AM,313.5,75,23512.5,85164266.25
2025-08-01 09:27:29 AM,314.5,0,0.0,85164266.25
2025-08-01 09:27:30 AM,314.5,150,47175.0,85211441.25
2025-08-01 09:27:31 AM,313.7,75,23527.5,85234968.75
2025-08-01 09:27:34 AM,313.35,0,0.0,85234968.75
2025-08-01 09:27:35 AM,313.35,225,70503.75,85305472.5
2025-08-01 09:27:37 AM,312.2,0,0.0,85305472.5
2025-08-01 09:27:37 AM,311.9,525,163747.5,85469220.0
2025-08-01 09:27:37 AM,311.7,0,0.0,85469220.0
2025-08-01 09:27:38 AM,311.15,600,186690.0,85655910.0
2025-08-01 09:27:39 AM,311.15,75,23336.25,85679246.25
2025-08-01 09:27:41 AM,314.15,0,0.0,85679246.25
2025-08-01 09:27:41 AM,314.15,225,70683.75,85749930.0
2025-08-01 09:27:42 AM,313.85,75,23538.75,85773468.75
2025-08-01 09:27:45 AM,312.9,0,0.0,85773468.75
2025-08-01 09:27:46 AM,312.9,75,23467.5,85796936.25
2025-08-01 09:27:46 AM,313.25,0,0.0,85796936.25
2025-08-01 09:27:46 AM,312.4,0,0.0,85796936.25
2025-08-01 09:27:46 AM,312.4,1350,421739.99999999994,86218676.25
2025-08-01 09:27:49 AM,313.55,0,0.0,86218676.25
2025-08-01 09:27:49 AM,313.8,150,47070.0,86265746.25
2025-08-01 09:27:51 AM,312.8,75,23460.0,86289206.25
2025-08-01 09:27:51 AM,312.4,0,0.0,86289206.25
2025-08-01 09:27:51 AM,312.4,75,23430.0,86312636.25
2025-08-01 09:27:53 AM,313.95,75,23546.25,86336182.5
2025-08-01 09:27:55 AM,313.5,0,0.0,86336182.5
2025-08-01 09:27:56 AM,313.5,75,23512.5,86359695.0
2025-08-01 09:27:59 AM,314.1,0,0.0,86359695.0
2025-08-01 09:28:00 AM,314.1,75,23557.5,86383252.5
2025-08-01 09:28:01 AM,311.35,0,0.0,86383252.5
2025-08-01 09:28:01 AM,311.35,750,233512.50000000003,86616765.0
2025-08-01 09:28:05 AM,313.35,0,0.0,86616765.0
2025-08-01 09:28:05 AM,312.95,0,0.0,86616765.0
2025-08-01 09:28:06 AM,312.95,525,164298.75,86781063.75
2025-08-01 09:28:06 AM,315.9,0,0.0,86781063.75
2025-08-01 09:28:06 AM,315.9,3525,1113547.5,87894611.25
2025-08-01 09:28:09 AM,319.0,0,0.0,87894611.25
2025-08-01 09:28:09 AM,318.85,750,239137.50000000003,88133748.75
2025-08-01 09:28:09 AM,321.45,0,0.0,88133748.75
2025-08-01 09:28:10 AM,321.1,1575,505732.50000000006,88639481.25
2025-08-01 09:28:10 AM,322.3,0,0.0,88639481.25
2025-08-01 09:28:11 AM,320.7,2925,938047.5,89577528.75
2025-08-01 09:28:11 AM,319.8,0,0.0,89577528.75
2025-08-01 09:28:11 AM,319.7,525,167842.5,89745371.25
2025-08-01 09:28:12 AM,317.25,975,309318.75,90054690.0
2025-08-01 09:28:12 AM,316.85,0,0.0,90054690.0
2025-08-01 09:28:13 AM,316.85,375,118818.75000000001,90173508.75
2025-08-01 09:28:13 AM,317.05,0,0.0,90173508.75
2025-08-01 09:28:14 AM,317.05,150,47557.5,90221066.25
2025-08-01 09:28:15 AM,318.5,0,0.0,90221066.25
2025-08-01 09:28:16 AM,317.5,1200,381000.0,90602066.25
2025-08-01 09:28:16 AM,318.15,0,0.0,90602066.25
2025-08-01 09:28:16 AM,318.15,75,23861.25,90625927.5
2025-08-01 09:28:17 AM,317.9,675,214582.49999999997,90840510.0
2025-08-01 09:28:18 AM,316.95,1200,380340.0,91220850.0
2025-08-01 09:28:19 AM,315.55,150,47332.5,91268182.5
2025-08-01 09:28:20 AM,316.85,75,23763.75,91291946.25
2025-08-01 09:28:23 AM,317.8,0,0.0,91291946.25
2025-08-01 09:28:23 AM,317.8,75,23835.0,91315781.25
2025-08-01 09:28:27 AM,317.6,150,47640.0,91363421.25
2025-08-01 09:28:28 AM,316.85,0,0.0,91363421.25
2025-08-01 09:28:29 AM,318.5,150,47775.0,91411196.25
2025-08-01 09:28:30 AM,318.5,450,143325.0,91554521.25
2025-08-01 09:28:30 AM,319.3,0,0.0,91554521.25
2025-08-01 09:28:31 AM,319.3,75,23947.5,91578468.75
2025-08-01 09:28:31 AM,319.9,0,0.0,91578468.75
2025-08-01 09:28:31 AM,319.9,150,47985.0,91626453.75
2025-08-01 09:28:32 AM,318.9,300,95670.0,91722123.75
2025-08-01 09:28:33 AM,316.55,225,71223.75,91793347.5
2025-08-01 09:28:33 AM,316.35,0,0.0,91793347.5
2025-08-01 09:28:34 AM,316.35,75,23726.25,91817073.75
2025-08-01 09:28:35 AM,315.5,0,0.0,91817073.75
2025-08-01 09:28:35 AM,315.5,75,23662.5,91840736.25
2025-08-01 09:28:35 AM,315.0,0,0.0,91840736.25
2025-08-01 09:28:36 AM,315.0,300,94500.0,91935236.25
2025-08-01 09:28:36 AM,315.75,0,0.0,91935236.25
2025-08-01 09:28:36 AM,315.15,0,0.0,91935236.25
2025-08-01 09:28:36 AM,315.15,1875,590906.25,92526142.5
2025-08-01 09:28:43 AM,317.15,0,0.0,92526142.5
2025-08-01 09:28:43 AM,317.15,75,23786.25,92549928.75
2025-08-01 09:28:44 AM,316.65,0,0.0,92549928.75
2025-08-01 09:28:44 AM,316.65,75,23748.75,92573677.5
2025-08-01 09:28:48 AM,313.6,0,0.0,92573677.5
2025-08-01 09:28:48 AM,313.6,75,23520.0,92597197.5
2025-08-01 09:28:48 AM,313.0,0,0.0,92597197.5
2025-08-01 09:28:49 AM,314.0,525,164850.0,92762047.5
2025-08-01 09:28:49 AM,315.3,0,0.0,92762047.5
2025-08-01 09:28:50 AM,315.3,75,23647.5,92785695.0
2025-08-01 09:28:54 AM,316.15,0,0.0,92785695.0
2025-08-01 09:28:54 AM,316.15,600,189690.0,92975385.0
2025-08-01 09:28:56 AM,318.0,0,0.0,92975385.0
2025-08-01 09:28:56 AM,317.8,0,0.0,92975385.0
2025-08-01 09:28:56 AM,317.8,600,190680.0,93166065.0
2025-08-01 09:28:57 AM,316.2,225,71145.0,93237210.0
2025-08-01 09:28:57 AM,317.8,0,0.0,93237210.0
2025-08-01 09:28:58 AM,317.8,75,23835.0,93261045.0
2025-08-01 09:28:59 AM,318.15,0,0.0,93261045.0
2025-08-01 09:29:00 AM,318.15,75,23861.25,93284906.25
2025-08-01 09:29:01 AM,316.1,0,0.0,93284906.25
2025-08-01 09:29:01 AM,316.1,150,47415.0,93332321.25
2025-08-01 09:29:08 AM,317.8,0,0.0,93332321.25
2025-08-01 09:29:08 AM,317.8,75,23835.0,93356156.25
2025-08-01 09:29:09 AM,318.15,0,0.0,93356156.25
2025-08-01 09:29:09 AM,317.15,0,0.0,93356156.25
2025-08-01 09:29:09 AM,317.15,450,142717.5,93498873.75
2025-08-01 09:29:10 AM,317.25,0,0.0,93498873.75
2025-08-01 09:29:10 AM,317.25,150,47587.5,93546461.25
2025-08-01 09:29:11 AM,315.8,0,0.0,93546461.25
2025-08-01 09:29:12 AM,314.75,4275,1345556.25,94892017.5
2025-08-01 09:29:12 AM,315.75,0,0.0,94892017.5
2025-08-01 09:29:12 AM,315.45,150,47317.5,94939335.0
2025-08-01 09:29:12 AM,313.6,0,0.0,94939335.0
2025-08-01 09:29:13 AM,313.0,375,117375.0,95056710.0
2025-08-01 09:29:14 AM,312.0,375,117000.0,95173710.0
2025-08-01 09:29:16 AM,311.9,0,0.0,95173710.0
2025-08-01 09:29:17 AM,311.9,75,23392.5,95197102.5
2025-08-01 09:29:17 AM,312.0,0,0.0,95197102.5
2025-08-01 09:29:17 AM,311.8,150,46770.0,95243872.5
2025-08-01 09:29:18 AM,312.3,150,46845.0,95290717.5
2025-08-01 09:29:19 AM,314.4,375,117899.99999999999,95408617.5
2025-08-01 09:29:20 AM,314.35,75,23576.25,95432193.75
2025-08-01 09:29:21 AM,314.2,0,0.0,95432193.75
2025-08-01 09:29:22 AM,314.2,150,47130.0,95479323.75
2025-08-01 09:29:23 AM,313.95,0,0.0,95479323.75
2025-08-01 09:29:23 AM,313.25,150,46987.5,95526311.25
2025-08-01 09:29:26 AM,313.8,0,0.0,95526311.25
2025-08-01 09:29:27 AM,313.8,1125,353025.0,95879336.25
2025-08-01 09:29:35 AM,312.45,0,0.0,95879336.25
2025-08-01 09:29:35 AM,312.45,150,46867.5,95926203.75
2025-08-01 09:29:39 AM,313.3,0,0.0,95926203.75
2025-08-01 09:29:39 AM,313.35,0,0.0,95926203.75
2025-08-01 09:29:39 AM,313.2,0,0.0,95926203.75
2025-08-01 09:29:40 AM,311.0,1200,373200.0,96299403.75
2025-08-01 09:29:42 AM,311.65,0,0.0,96299403.75
2025-08-01 09:29:42 AM,311.65,75,23373.75,96322777.5
2025-08-01 09:29:43 AM,312.9,0,0.0,96322777.5
2025-08-01 09:29:44 AM,312.9,75,23467.5,96346245.0
2025-08-01 09:29:44 AM,314.3,0,0.0,96346245.0
2025-08-01 09:29:45 AM,314.3,75,23572.5,96369817.5
2025-08-01 09:29:46 AM,315.35,0,0.0,96369817.5
2025-08-01 09:29:46 AM,315.35,150,47302.5,96417120.0
2025-08-01 09:29:46 AM,314.95,0,0.0,96417120.0
2025-08-01 09:29:47 AM,313.95,375,117731.25,96534851.25
2025-08-01 09:29:47 AM,314.8,0,0.0,96534851.25
2025-08-01 09:29:48 AM,314.8,300,94440.0,96629291.25
2025-08-01 09:29:57 AM,312.0,0,0.0,96629291.25
2025-08-01 09:29:58 AM,312.0,75,23400.0,96652691.25
2025-08-01 09:29:59 AM,311.85,75,23388.75,96676080.0
2025-08-01 09:29:59 AM,311.25,0,0.0,96676080.0
2025-08-01 09:30:00 AM,311.0,0,0.0,96676080.0
2025-08-01 09:30:00 AM,313.5,2925,916987.5,97593067.5
2025-08-01 09:30:00 AM,313.95,0,0.0,97593067.5
2025-08-01 09:30:01 AM,313.95,150,47092.5,97640160.0
2025-08-01 09:30:01 AM,314.9,0,0.0,97640160.0
2025-08-01 09:30:02 AM,314.9,450,141705.0,97781865.0
2025-08-01 09:30:02 AM,314.25,225,70706.25,97852571.25
2025-08-01 09:30:03 AM,315.55,450,141997.5,97994568.75
2025-08-01 09:30:03 AM,315.5,0,0.0,97994568.75
2025-08-01 09:30:04 AM,315.5,150,47325.0,98041893.75
2025-08-01 09:30:05 AM,317.45,0,0.0,98041893.75
2025-08-01 09:30:06 AM,316.0,0,0.0,98041893.75
2025-08-01 09:30:06 AM,316.0,225,71100.0,98112993.75
2025-08-01 09:30:06 AM,316.6,0,0.0,98112993.75
2025-08-01 09:30:07 AM,316.6,150,47490.0,98160483.75
2025-08-01 09:30:07 AM,318.0,150,47700.0,98208183.75
2025-08-01 09:30:08 AM,318.85,300,95655.0,98303838.75
2025-08-01 09:30:08 AM,320.0,0,0.0,98303838.75
2025-08-01 09:30:09 AM,320.0,150,48000.0,98351838.75
2025-08-01 09:30:09 AM,320.35,0,0.0,98351838.75
2025-08-01 09:30:10 AM,320.35,75,24026.25,98375865.0
2025-08-01 09:30:10 AM,320.1,0,0.0,98375865.0
2025-08-01 09:30:11 AM,320.5,2250,721125.0,99096990.0
2025-08-01 09:30:11 AM,320.15,0,0.0,99096990.0
2025-08-01 09:30:12 AM,320.15,75,24011.25,99121001.25
2025-08-01 09:30:12 AM,318.1,75,23857.5,99144858.75
2025-08-01 09:30:13 AM,318.0,300,95400.0,99240258.75
2025-08-01 09:30:14 AM,319.2,150,47880.0,99288138.75
2025-08-01 09:30:15 AM,318.75,0,0.0,99288138.75
2025-08-01 09:30:16 AM,318.75,525,167343.75,99455482.5
2025-08-01 09:30:16 AM,319.65,0,0.0,99455482.5
2025-08-01 09:30:17 AM,319.65,75,23973.75,99479456.25
2025-08-01 09:30:18 AM,318.0,1050,333900.0,99813356.25
2025-08-01 09:30:19 AM,317.35,0,0.0,99813356.25
2025-08-01 09:30:19 AM,318.35,1425,453648.75000000006,100267005.0
2025-08-01 09:30:19 AM,318.5,0,0.0,100267005.0
2025-08-01 09:30:20 AM,318.5,225,71662.5,100338667.5
2025-08-01 09:30:20 AM,320.0,0,0.0,100338667.5
2025-08-01 09:30:21 AM,319.85,375,119943.75000000001,100458611.25
2025-08-01 09:30:22 AM,320.0,225,72000.0,100530611.25
2025-08-01 09:30:23 AM,318.35,150,47752.5,100578363.75
2025-08-01 09:30:24 AM,320.15,0,0.0,100578363.75
2025-08-01 09:30:24 AM,320.7,450,144315.0,100722678.75
2025-08-01 09:30:25 AM,320.9,0,0.0,100722678.75
2025-08-01 09:30:26 AM,320.6,225,72135.0,100794813.75
2025-08-01 09:30:26 AM,320.65,0,0.0,100794813.75
2025-08-01 09:30:27 AM,320.65,150,48097.5,100842911.25
2025-08-01 09:30:27 AM,322.55,1050,338677.5,101181588.75
2025-08-01 09:30:28 AM,323.05,0,0.0,101181588.75
2025-08-01 09:30:28 AM,323.05,150,48457.5,101230046.25
2025-08-01 09:30:29 AM,322.15,150,48322.5,101278368.75
2025-08-01 09:30:29 AM,322.75,0,0.0,101278368.75
2025-08-01 09:30:30 AM,322.75,450,145237.5,101423606.25
2025-08-01 09:30:30 AM,320.9,0,0.0,101423606.25
2025-08-01 09:30:30 AM,322.15,0,0.0,101423606.25
2025-08-01 09:30:31 AM,322.15,600,193290.0,101616896.25
2025-08-01 09:30:31 AM,322.65,0,0.0,101616896.25
2025-08-01 09:30:32 AM,322.65,150,48397.5,101665293.75
2025-08-01 09:30:32 AM,321.5,825,265237.5,101930531.25
2025-08-01 09:30:33 AM,320.0,300,96000.0,102026531.25
2025-08-01 09:30:34 AM,320.45,0,0.0,102026531.25
2025-08-01 09:30:35 AM,320.45,75,24033.75,102050565.0
2025-08-01 09:30:35 AM,320.5,0,0.0,102050565.0
2025-08-01 09:30:36 AM,320.5,450,144225.0,102194790.0
2025-08-01 09:30:36 AM,318.35,0,0.0,102194790.0
2025-08-01 09:30:37 AM,318.35,225,71628.75,102266418.75
2025-08-01 09:30:37 AM,319.3,300,95790.0,102362208.75
2025-08-01 09:30:38 AM,319.05,0,0.0,102362208.75
2025-08-01 09:30:38 AM,319.05,75,23928.75,102386137.5
2025-08-01 09:30:38 AM,318.95,0,0.0,102386137.5
2025-08-01 09:30:39 AM,318.65,300,95595.0,102481732.5
2025-08-01 09:30:40 AM,318.2,0,0.0,102481732.5
2025-08-01 09:30:41 AM,317.3,225,71392.5,102553125.0
2025-08-01 09:30:42 AM,316.0,0,0.0,102553125.0
2025-08-01 09:30:42 AM,316.0,375,118500.0,102671625.0
2025-08-01 09:30:43 AM,316.35,75,23726.25,102695351.25
2025-08-01 09:30:44 AM,314.7,0,0.0,102695351.25
2025-08-01 09:30:45 AM,314.7,150,47205.0,102742556.25
2025-08-01 09:30:46 AM,316.25,0,0.0,102742556.25
2025-08-01 09:30:47 AM,316.25,300,94875.0,102837431.25
2025-08-01 09:30:47 AM,316.25,75,23718.75,102861150.0
2025-08-01 09:30:48 AM,314.6,0,0.0,102861150.0
2025-08-01 09:30:49 AM,314.6,75,23595.0,102884745.0
2025-08-01 09:30:50 AM,315.85,0,0.0,102884745.0
2025-08-01 09:30:50 AM,315.8,375,118425.0,103003170.0
2025-08-01 09:30:53 AM,314.65,0,0.0,103003170.0
2025-08-01 09:30:54 AM,314.65,750,235987.49999999997,103239157.5
2025-08-01 09:30:55 AM,316.2,0,0.0,103239157.5
2025-08-01 09:30:56 AM,316.2,75,23715.0,103262872.5
2025-08-01 09:30:59 AM,315.5,0,0.0,103262872.5
2025-08-01 09:30:59 AM,315.5,75,23662.5,103286535.0
2025-08-01 09:31:00 AM,315.95,0,0.0,103286535.0
2025-08-01 09:31:01 AM,317.0,0,0.0,103286535.0
2025-08-01 09:31:01 AM,317.3,225,71392.5,103357927.5
2025-08-01 09:31:01 AM,318.1,0,0.0,103357927.5
2025-08-01 09:31:02 AM,318.1,75,23857.5,103381785.0
2025-08-01 09:31:02 AM,320.0,0,0.0,103381785.0
2025-08-01 09:31:02 AM,320.0,150,48000.0,103429785.0
2025-08-01 09:31:03 AM,320.85,600,192510.0,103622295.0
2025-08-01 09:31:05 AM,320.35,0,0.0,103622295.0
2025-08-01 09:31:05 AM,320.45,0,0.0,103622295.0
2025-08-01 09:31:06 AM,320.45,1500,480675.0,104102970.0
2025-08-01 09:31:07 AM,319.45,0,0.0,104102970.0
2025-08-01 09:31:07 AM,319.45,75,23958.75,104126928.75
2025-08-01 09:31:08 AM,318.45,0,0.0,104126928.75
2025-08-01 09:31:08 AM,318.45,75,23883.75,104150812.5
2025-08-01 09:31:09 AM,317.0,0,0.0,104150812.5
2025-08-01 09:31:09 AM,317.0,150,47550.0,104198362.5
2025-08-01 09:31:11 AM,318.85,0,0.0,104198362.5
2025-08-01 09:31:11 AM,318.85,75,23913.75,104222276.25
2025-08-01 09:31:18 AM,318.6,0,0.0,104222276.25
2025-08-01 09:31:18 AM,318.6,300,95580.0,104317856.25
2025-08-01 09:31:19 AM,316.4,0,0.0,104317856.25
2025-08-01 09:31:20 AM,315.5,150,47325.0,104365181.25
2025-08-01 09:31:20 AM,315.4,0,0.0,104365181.25
2025-08-01 09:31:21 AM,315.4,450,141930.0,104507111.25
2025-08-01 09:31:22 AM,315.9,0,0.0,104507111.25
2025-08-01 09:31:23 AM,315.9,750,236924.99999999997,104744036.25
2025-08-01 09:31:27 AM,316.2,0,0.0,104744036.25
2025-08-01 09:31:28 AM,316.2,450,142290.0,104886326.25
2025-08-01 09:31:29 AM,316.65,0,0.0,104886326.25
2025-08-01 09:31:29 AM,316.65,75,23748.75,104910075.0
2025-08-01 09:31:32 AM,316.25,0,0.0,104910075.0
2025-08-01 09:31:32 AM,316.45,0,0.0,104910075.0
2025-08-01 09:31:33 AM,316.45,225,71201.25,104981276.25
2025-08-01 09:31:33 AM,316.6,300,94980.0,105076256.25
2025-08-01 09:31:34 AM,315.9,2700,852929.9999999999,105929186.25
2025-08-01 09:31:35 AM,314.35,0,0.0,105929186.25
2025-08-01 09:31:36 AM,314.35,75,23576.25,105952762.5
2025-08-01 09:31:39 AM,313.5,0,0.0,105952762.5
2025-08-01 09:31:39 AM,313.5,150,47025.0,105999787.5
2025-08-01 09:31:40 AM,314.0,0,0.0,105999787.5
2025-08-01 09:31:40 AM,314.0,150,47100.0,106046887.5
2025-08-01 09:31:42 AM,312.9,0,0.0,106046887.5
2025-08-01 09:31:42 AM,312.1,0,0.0,106046887.5
2025-08-01 09:31:43 AM,312.1,150,46815.0,106093702.5
2025-08-01 09:31:44 AM,312.45,0,0.0,106093702.5
2025-08-01 09:31:44 AM,313.15,0,0.0,106093702.5
2025-08-01 09:31:44 AM,313.7,375,117637.5,106211340.0
2025-08-01 09:31:46 AM,313.35,0,0.0,106211340.0
2025-08-01 09:31:46 AM,313.35,75,23501.25,106234841.25
2025-08-01 09:31:47 AM,311.45,0,0.0,106234841.25
2025-08-01 09:31:48 AM,311.4,225,70065.0,106304906.25
2025-08-01 09:31:48 AM,311.8,0,0.0,106304906.25
2025-08-01 09:31:49 AM,312.45,2550,796747.5,107101653.75
2025-08-01 09:31:49 AM,310.9,0,0.0,107101653.75
2025-08-01 09:31:50 AM,311.8,375,116925.0,107218578.75
2025-08-01 09:31:50 AM,310.0,0,0.0,107218578.75
2025-08-01 09:31:51 AM,308.3,0,0.0,107218578.75
2025-08-01 09:31:51 AM,308.3,1800,554940.0,107773518.75
2025-08-01 09:31:51 AM,309.0,0,0.0,107773518.75
2025-08-01 09:31:52 AM,309.0,75,23175.0,107796693.75
2025-08-01 09:31:53 AM,309.0,675,208575.0,108005268.75
2025-08-01 09:31:53 AM,308.75,75,23156.25,108028425.0
2025-08-01 09:31:53 AM,308.9,0,0.0,108028425.0
2025-08-01 09:31:54 AM,310.4,450,139680.0,108168105.0
2025-08-01 09:31:55 AM,306.95,0,0.0,108168105.0
2025-08-01 09:31:56 AM,307.4,0,0.0,108168105.0
2025-08-01 09:31:56 AM,307.5,825,253687.5,108421792.5
2025-08-01 09:31:57 AM,307.45,0,0.0,108421792.5
2025-08-01 09:31:58 AM,307.45,900,276705.0,108698497.5
2025-08-01 09:31:58 AM,308.0,1425,438900.0,109137397.5
2025-08-01 09:31:59 AM,304.9,1200,365880.0,109503277.5
2025-08-01 09:32:00 AM,305.45,0,0.0,109503277.5
2025-08-01 09:32:00 AM,305.45,150,45817.5,109549095.0
2025-08-01 09:32:00 AM,305.3,0,0.0,109549095.0
2025-08-01 09:32:01 AM,304.1,4350,1322835.0,110871930.0
2025-08-01 09:32:02 AM,304.5,150,45675.0,110917605.0
2025-08-01 09:32:02 AM,304.8,0,0.0,110917605.0
2025-08-01 09:32:03 AM,304.8,225,68580.0,110986185.0
2025-08-01 09:32:03 AM,305.4,75,22905.0,111009090.0
2025-08-01 09:32:05 AM,307.35,0,0.0,111009090.0
2025-08-01 09:32:05 AM,307.35,300,92205.0,111101295.0
2025-08-01 09:32:05 AM,307.0,0,0.0,111101295.0
2025-08-01 09:32:06 AM,307.0,75,23025.0,111124320.0
2025-08-01 09:32:07 AM,306.95,0,0.0,111124320.0
2025-08-01 09:32:07 AM,306.9,0,0.0,111124320.0
2025-08-01 09:32:08 AM,306.9,450,138105.0,111262425.0
2025-08-01 09:32:08 AM,307.65,0,0.0,111262425.0
2025-08-01 09:32:09 AM,307.6,675,207630.00000000003,111470055.0
2025-08-01 09:32:10 AM,307.95,0,0.0,111470055.0
2025-08-01 09:32:11 AM,308.0,150,46200.0,111516255.0
2025-08-01 09:32:12 AM,306.4,0,0.0,111516255.0
2025-08-01 09:32:13 AM,306.4,75,22980.0,111539235.0
2025-08-01 09:32:13 AM,305.35,300,91605.0,111630840.0
2025-08-01 09:32:15 AM,307.1,0,0.0,111630840.0
2025-08-01 09:32:15 AM,307.1,150,46065.0,111676905.0
2025-08-01 09:32:16 AM,309.9,0,0.0,111676905.0
2025-08-01 09:32:16 AM,309.35,375,116006.25000000001,111792911.25
2025-08-01 09:32:18 AM,309.3,0,0.0,111792911.25
2025-08-01 09:32:18 AM,309.45,0,0.0,111792911.25
2025-08-01 09:32:19 AM,310.85,0,0.0,111792911.25
2025-08-01 09:32:19 AM,310.85,2700,839295.0000000001,112632206.25
2025-08-01 09:32:20 AM,308.7,0,0.0,112632206.25
2025-08-01 09:32:21 AM,309.5,0,0.0,112632206.25
2025-08-01 09:32:21 AM,309.5,450,139275.0,112771481.25
2025-08-01 09:32:22 AM,308.25,0,0.0,112771481.25
2025-08-01 09:32:22 AM,308.25,450,138712.5,112910193.75
2025-08-01 09:32:23 AM,308.45,0,0.0,112910193.75
2025-08-01 09:32:23 AM,308.45,225,69401.25,112979595.0
2025-08-01 09:32:25 AM,306.4,0,0.0,112979595.0
2025-08-01 09:32:25 AM,306.4,600,183840.0,113163435.0
2025-08-01 09:32:26 AM,305.35,0,0.0,113163435.0
2025-08-01 09:32:26 AM,305.35,225,68703.75,113232138.75
2025-08-01 09:32:27 AM,304.0,0,0.0,113232138.75
2025-08-01 09:32:27 AM,304.0,75,22800.0,113254938.75
2025-08-01 09:32:28 AM,303.85,0,0.0,113254938.75
2025-08-01 09:32:28 AM,303.85,2025,615296.25,113870235.0
2025-08-01 09:32:30 AM,303.55,825,250428.75,114120663.75
2025-08-01 09:32:31 AM,303.15,0,0.0,114120663.75
2025-08-01 09:32:31 AM,303.15,75,22736.25,114143400.0
2025-08-01 09:32:32 AM,303.1,0,0.0,114143400.0
2025-08-01 09:32:32 AM,303.1,75,22732.5,114166132.5
2025-08-01 09:32:33 AM,303.85,0,0.0,114166132.5
2025-08-01 09:32:33 AM,303.85,75,22788.75,114188921.25
2025-08-01 09:32:33 AM,304.2,75,22815.0,114211736.25
2025-08-01 09:32:34 AM,303.8,0,0.0,114211736.25
2025-08-01 09:32:34 AM,304.05,150,45607.5,114257343.75
2025-08-01 09:32:38 AM,307.2,0,0.0,114257343.75
2025-08-01 09:32:38 AM,307.2,75,23040.0,114280383.75
2025-08-01 09:32:40 AM,309.35,0,0.0,114280383.75
2025-08-01 09:32:40 AM,309.35,300,92805.0,114373188.75
2025-08-01 09:32:41 AM,309.7,0,0.0,114373188.75
2025-08-01 09:32:41 AM,309.7,75,23227.5,114396416.25
2025-08-01 09:32:42 AM,307.35,0,0.0,114396416.25
2025-08-01 09:32:42 AM,307.35,150,46102.5,114442518.75
2025-08-01 09:32:43 AM,307.45,0,0.0,114442518.75
2025-08-01 09:32:43 AM,307.45,750,230587.5,114673106.25
2025-08-01 09:32:43 AM,306.4,75,22980.0,114696086.25
2025-08-01 09:32:44 AM,305.55,0,0.0,114696086.25
2025-08-01 09:32:44 AM,305.55,75,22916.25,114719002.5
2025-08-01 09:32:46 AM,305.7,0,0.0,114719002.5
2025-08-01 09:32:46 AM,305.7,150,45855.0,114764857.5
2025-08-01 09:32:48 AM,306.55,0,0.0,114764857.5
2025-08-01 09:32:48 AM,306.55,300,91965.0,114856822.5
2025-08-01 09:32:49 AM,304.95,0,0.0,114856822.5
2025-08-01 09:32:49 AM,304.95,75,22871.25,114879693.75
2025-08-01 09:32:51 AM,304.9,0,0.0,114879693.75
2025-08-01 09:32:51 AM,304.9,375,114337.49999999999,114994031.25
2025-08-01 09:32:53 AM,304.5,0,0.0,114994031.25
2025-08-01 09:32:53 AM,304.5,150,45675.0,115039706.25
2025-08-01 09:32:56 AM,305.5,0,0.0,115039706.25
2025-08-01 09:32:56 AM,305.05,300,91515.0,115131221.25
2025-08-01 09:32:57 AM,304.25,0,0.0,115131221.25
2025-08-01 09:32:57 AM,304.25,75,22818.75,115154040.0
2025-08-01 09:32:58 AM,304.8,0,0.0,115154040.0
2025-08-01 09:32:58 AM,304.8,450,137160.0,115291200.0
2025-08-01 09:32:59 AM,303.0,0,0.0,115291200.0
2025-08-01 09:32:59 AM,303.7,225,68332.5,115359532.5
2025-08-01 09:33:01 AM,305.35,0,0.0,115359532.5
2025-08-01 09:33:02 AM,305.35,75,22901.25,115382433.75
2025-08-01 09:33:02 AM,305.05,0,0.0,115382433.75
2025-08-01 09:33:03 AM,305.05,75,22878.75,115405312.5
2025-08-01 09:33:03 AM,305.9,0,0.0,115405312.5
2025-08-01 09:33:03 AM,305.9,75,22942.5,115428255.0
2025-08-01 09:33:04 AM,306.25,0,0.0,115428255.0
2025-08-01 09:33:04 AM,305.9,225,68827.5,115497082.5
2025-08-01 09:33:07 AM,304.45,0,0.0,115497082.5
2025-08-01 09:33:08 AM,304.45,75,22833.75,115519916.25
2025-08-01 09:33:08 AM,303.45,0,0.0,115519916.25
2025-08-01 09:33:08 AM,303.45,75,22758.75,115542675.0
2025-08-01 09:33:10 AM,302.5,0,0.0,115542675.0
2025-08-01 09:33:10 AM,302.5,750,226875.0,115769550.0
2025-08-01 09:33:12 AM,304.8,0,0.0,115769550.0
2025-08-01 09:33:13 AM,304.8,75,22860.0,115792410.0
2025-08-01 09:33:15 AM,303.9,0,0.0,115792410.0
2025-08-01 09:33:15 AM,303.9,75,22792.5,115815202.5
2025-08-01 09:33:18 AM,303.9,75,22792.5,115837995.0
2025-08-01 09:33:19 AM,302.0,0,0.0,115837995.0
2025-08-01 09:33:19 AM,302.0,375,113250.0,115951245.0
2025-08-01 09:33:20 AM,300.05,0,0.0,115951245.0
2025-08-01 09:33:20 AM,300.05,1425,427571.25,116378816.25
2025-08-01 09:33:21 AM,300.1,0,0.0,116378816.25
2025-08-01 09:33:21 AM,300.05,150,45007.5,116423823.75
2025-08-01 09:33:21 AM,298.0,1500,447000.0,116870823.75
2025-08-01 09:33:22 AM,298.55,75,22391.25,116893215.0
2025-08-01 09:33:23 AM,297.0,0,0.0,116893215.0
2025-08-01 09:33:23 AM,296.65,2700,800954.9999999999,117694170.0
2025-08-01 09:33:24 AM,295.2,0,0.0,117694170.0
2025-08-01 09:33:24 AM,295.7,600,177420.0,117871590.0
2025-08-01 09:33:25 AM,294.05,0,0.0,117871590.0
2025-08-01 09:33:25 AM,293.1,1200,351720.0,118223310.0
2025-08-01 09:33:26 AM,292.05,0,0.0,118223310.0
2025-08-01 09:33:26 AM,291.6,0,0.0,118223310.0
2025-08-01 09:33:26 AM,291.6,750,218700.00000000003,118442010.0
2025-08-01 09:33:26 AM,291.8,675,196965.0,118638975.0
2025-08-01 09:33:27 AM,293.8,525,154245.0,118793220.0
2025-08-01 09:33:28 AM,293.15,225,65958.75,118859178.75
2025-08-01 09:33:30 AM,291.3,0,0.0,118859178.75
2025-08-01 09:33:30 AM,291.3,150,43695.0,118902873.75
2025-08-01 09:33:31 AM,290.2,0,0.0,118902873.75
2025-08-01 09:33:31 AM,290.1,0,0.0,118902873.75
2025-08-01 09:33:31 AM,290.1,2700,783270.0000000001,119686143.75
2025-08-01 09:33:31 AM,290.35,750,217762.50000000003,119903906.25
2025-08-01 09:33:32 AM,290.0,0,0.0,119903906.25
2025-08-01 09:33:32 AM,287.45,525,150911.25,120054817.5
2025-08-01 09:33:33 AM,288.35,0,0.0,120054817.5
2025-08-01 09:33:33 AM,288.1,300,86430.0,120141247.5
2025-08-01 09:33:34 AM,287.6,0,0.0,120141247.5
2025-08-01 09:33:34 AM,287.3,150,43095.0,120184342.5
2025-08-01 09:33:36 AM,286.95,0,0.0,120184342.5
2025-08-01 09:33:36 AM,286.75,0,0.0,120184342.5
2025-08-01 09:33:36 AM,286.75,1950,559162.5,120743505.0
2025-08-01 09:33:36 AM,286.8,300,86040.0,120829545.0
2025-08-01 09:33:38 AM,287.0,1200,344400.0,121173945.0
2025-08-01 09:33:39 AM,283.5,0,0.0,121173945.0
2025-08-01 09:33:39 AM,284.7,525,149467.5,121323412.5
2025-08-01 09:33:40 AM,284.0,0,0.0,121323412.5
2025-08-01 09:33:40 AM,284.0,75,21300.0,121344712.5
2025-08-01 09:33:41 AM,281.25,0,0.0,121344712.5
2025-08-01 09:33:41 AM,282.0,2925,824850.0,122169562.5
2025-08-01 09:33:41 AM,283.0,225,63675.0,122233237.5
2025-08-01 09:33:43 AM,283.65,450,127642.49999999999,122360880.0
2025-08-01 09:33:43 AM,284.1,150,42615.0,122403495.0
2025-08-01 09:33:44 AM,284.2,75,21315.0,122424810.0
2025-08-01 09:33:46 AM,282.85,0,0.0,122424810.0
2025-08-01 09:33:46 AM,283.3,0,0.0,122424810.0
2025-08-01 09:33:46 AM,283.3,225,63742.5,122488552.5
2025-08-01 09:33:47 AM,282.25,0,0.0,122488552.5
2025-08-01 09:33:48 AM,282.4,750,211799.99999999997,122700352.5
2025-08-01 09:33:49 AM,283.45,0,0.0,122700352.5
2025-08-01 09:33:49 AM,283.45,150,42517.5,122742870.0
2025-08-01 09:33:50 AM,282.3,0,0.0,122742870.0
2025-08-01 09:33:50 AM,282.3,150,42345.0,122785215.0
2025-08-01 09:33:51 AM,279.3,0,0.0,122785215.0
2025-08-01 09:33:51 AM,275.5,0,0.0,122785215.0
2025-08-01 09:33:51 AM,275.5,4125,1136437.5,123921652.5
2025-08-01 09:33:51 AM,276.25,1350,372937.5,124294590.0
2025-08-01 09:33:52 AM,276.1,0,0.0,124294590.0
2025-08-01 09:33:53 AM,276.85,600,166110.0,124460700.0
2025-08-01 09:33:53 AM,274.0,1350,369900.0,124830600.0
2025-08-01 09:33:54 AM,273.3,0,0.0,124830600.0
2025-08-01 09:33:54 AM,272.9,0,0.0,124830600.0
2025-08-01 09:33:54 AM,271.9,1875,509812.49999999994,125340412.5
2025-08-01 09:33:55 AM,268.8,0,0.0,125340412.5
2025-08-01 09:33:55 AM,268.05,0,0.0,125340412.5
2025-08-01 09:33:55 AM,266.8,2400,640320.0,125980732.5
2025-08-01 09:33:56 AM,267.2,0,0.0,125980732.5
2025-08-01 09:33:56 AM,267.65,900,240884.99999999997,126221617.5
2025-08-01 09:33:57 AM,268.6,2100,564060.0,126785677.5
2025-08-01 09:33:58 AM,269.0,600,161400.0,126947077.5
2025-08-01 09:33:58 AM,270.65,0,0.0,126947077.5
2025-08-01 09:33:58 AM,268.1,0,0.0,126947077.5
2025-08-01 09:33:58 AM,270.75,600,162450.0,127109527.5
2025-08-01 09:33:59 AM,270.7,0,0.0,127109527.5
2025-08-01 09:33:59 AM,270.7,150,40605.0,127150132.5
2025-08-01 09:34:00 AM,270.35,0,0.0,127150132.5
2025-08-01 09:34:00 AM,269.6,0,0.0,127150132.5
2025-08-01 09:34:00 AM,269.6,675,181980.00000000003,127332112.5
2025-08-01 09:34:01 AM,269.85,0,0.0,127332112.5
2025-08-01 09:34:01 AM,269.85,150,40477.5,127372590.0
2025-08-01 09:34:02 AM,269.85,75,20238.75,127392828.75
2025-08-01 09:34:03 AM,270.6,450,121770.00000000001,127514598.75
2025-08-01 09:34:03 AM,270.5,150,40575.0,127555173.75
2025-08-01 09:34:04 AM,272.0,0,0.0,127555173.75
2025-08-01 09:34:04 AM,273.25,1125,307406.25,127862580.0
2025-08-01 09:34:05 AM,273.5,0,0.0,127862580.0
2025-08-01 09:34:05 AM,273.4,150,41010.0,127903590.0
2025-08-01 09:34:06 AM,273.0,0,0.0,127903590.0
2025-08-01 09:34:06 AM,272.5,1650,449625.0,128353215.0
2025-08-01 09:34:07 AM,272.65,750,204487.49999999997,128557702.5
2025-08-01 09:34:08 AM,271.0,675,182925.0,128740627.5
2025-08-01 09:34:08 AM,270.25,825,222956.25,128963583.75
2025-08-01 09:34:09 AM,269.0,75,20175.0,128983758.75
2025-08-01 09:34:11 AM,269.5,0,0.0,128983758.75
2025-08-01 09:34:11 AM,269.6,0,0.0,128983758.75
2025-08-01 09:34:11 AM,269.7,225,60682.5,129044441.25
2025-08-01 09:34:12 AM,269.25,75,20193.75,129064635.0
2025-08-01 09:34:13 AM,271.6,1050,285180.0,129349815.0
2025-08-01 09:34:14 AM,272.65,0,0.0,129349815.0
2025-08-01 09:34:14 AM,274.85,0,0.0,129349815.0
2025-08-01 09:34:14 AM,275.2,375,103200.0,129453015.0
2025-08-01 09:34:16 AM,274.0,0,0.0,129453015.0
2025-08-01 09:34:16 AM,274.0,75,20550.0,129473565.0
2025-08-01 09:34:17 AM,273.15,525,143403.75,129616968.75
2025-08-01 09:34:18 AM,273.05,975,266223.75,129883192.5
2025-08-01 09:34:18 AM,273.45,600,164070.0,130047262.5
2025-08-01 09:34:19 AM,274.35,0,0.0,130047262.5
2025-08-01 09:34:19 AM,274.65,3375,926943.7499999999,130974206.25
2025-08-01 09:34:20 AM,275.0,0,0.0,130974206.25
2025-08-01 09:34:20 AM,275.0,300,82500.0,131056706.25
2025-08-01 09:34:21 AM,275.0,300,82500.0,131139206.25
2025-08-01 09:34:22 AM,275.55,0,0.0,131139206.25
2025-08-01 09:34:22 AM,275.6,0,0.0,131139206.25
2025-08-01 09:34:23 AM,275.6,600,165360.0,131304566.25
2025-08-01 09:34:23 AM,276.6,0,0.0,131304566.25
2025-08-01 09:34:23 AM,276.6,75,20745.0,131325311.25
2025-08-01 09:34:25 AM,276.0,150,41400.0,131366711.25
2025-08-01 09:34:25 AM,276.25,0,0.0,131366711.25
2025-08-01 09:34:26 AM,276.05,0,0.0,131366711.25
2025-08-01 09:34:26 AM,277.1,1875,519562.50000000006,131886273.75
2025-08-01 09:34:27 AM,279.25,225,62831.25,131949105.0
2025-08-01 09:34:28 AM,278.85,0,0.0,131949105.0
2025-08-01 09:34:28 AM,278.85,75,20913.75,131970018.75
2025-08-01 09:34:28 AM,276.8,225,62280.0,132032298.75
2025-08-01 09:34:29 AM,277.6,0,0.0,132032298.75
2025-08-01 09:34:29 AM,277.85,525,145871.25,132178170.0
2025-08-01 09:34:31 AM,277.65,0,0.0,132178170.0
2025-08-01 09:34:31 AM,278.4,525,146160.0,132324330.0
2025-08-01 09:34:32 AM,280.7,375,105262.5,132429592.5
2025-08-01 09:34:33 AM,279.55,0,0.0,132429592.5
2025-08-01 09:34:34 AM,279.4,0,0.0,132429592.5
2025-08-01 09:34:34 AM,279.4,375,104774.99999999999,132534367.5
2025-08-01 09:34:35 AM,279.35,0,0.0,132534367.5
2025-08-01 09:34:35 AM,279.35,150,41902.5,132576270.0
2025-08-01 09:34:36 AM,279.65,0,0.0,132576270.0
2025-08-01 09:34:36 AM,282.0,750,211500.0,132787770.0
2025-08-01 09:34:37 AM,281.3,450,126585.0,132914355.0
2025-08-01 09:34:38 AM,280.8,0,0.0,132914355.0
2025-08-01 09:34:38 AM,280.8,75,21060.0,132935415.0
2025-08-01 09:34:38 AM,283.55,225,63798.75,132999213.75
2025-08-01 09:34:40 AM,282.1,0,0.0,132999213.75
2025-08-01 09:34:40 AM,281.55,750,211162.5,133210376.25
2025-08-01 09:34:41 AM,282.4,0,0.0,133210376.25
2025-08-01 09:34:42 AM,282.4,300,84720.0,133295096.25
2025-08-01 09:34:42 AM,281.85,0,0.0,133295096.25
2025-08-01 09:34:43 AM,281.85,150,42277.5,133337373.75
2025-08-01 09:34:44 AM,281.7,0,0.0,133337373.75
2025-08-01 09:34:44 AM,281.7,375,105637.5,133443011.25
2025-08-01 09:34:45 AM,283.45,0,0.0,133443011.25
2025-08-01 09:34:46 AM,283.0,0,0.0,133443011.25
2025-08-01 09:34:46 AM,283.0,675,191025.0,133634036.25
2025-08-01 09:34:47 AM,285.0,0,0.0,133634036.25
2025-08-01 09:34:48 AM,285.7,300,85710.0,133719746.25
2025-08-01 09:34:49 AM,286.45,0,0.0,133719746.25
2025-08-01 09:34:49 AM,285.35,150,42802.5,133762548.75
2025-08-01 09:34:50 AM,285.05,150,42757.5,133805306.25
2025-08-01 09:34:51 AM,284.9,0,0.0,133805306.25
2025-08-01 09:34:51 AM,284.9,600,170940.0,133976246.25
2025-08-01 09:34:52 AM,284.4,75,21330.0,133997576.25
2025-08-01 09:34:53 AM,285.7,0,0.0,133997576.25
2025-08-01 09:34:53 AM,285.7,75,21427.5,134019003.75
2025-08-01 09:34:54 AM,285.95,0,0.0,134019003.75
2025-08-01 09:34:54 AM,285.25,900,256725.0,134275728.75
2025-08-01 09:34:55 AM,286.1,0,0.0,134275728.75
2025-08-01 09:34:55 AM,286.1,75,21457.5,134297186.25
2025-08-01 09:34:56 AM,285.25,0,0.0,134297186.25
2025-08-01 09:34:56 AM,285.25,750,213937.5,134511123.75
2025-08-01 09:34:57 AM,286.7,0,0.0,134511123.75
2025-08-01 09:34:57 AM,286.7,75,21502.5,134532626.25
2025-08-01 09:34:58 AM,285.7,0,0.0,134532626.25
2025-08-01 09:34:58 AM,285.7,225,64282.5,134596908.75
2025-08-01 09:34:58 AM,287.65,300,86295.0,134683203.75
2025-08-01 09:34:59 AM,287.1,225,64597.50000000001,134747801.25
2025-08-01 09:35:00 AM,287.05,150,43057.5,134790858.75
2025-08-01 09:35:01 AM,286.45,0,0.0,134790858.75
2025-08-01 09:35:01 AM,286.4,1275,365160.0,135156018.75
2025-08-01 09:35:02 AM,285.0,0,0.0,135156018.75
2025-08-01 09:35:02 AM,285.0,225,64125.0,135220143.75
2025-08-01 09:35:03 AM,285.05,0,0.0,135220143.75
2025-08-01 09:35:03 AM,285.05,150,42757.5,135262901.25
2025-08-01 09:35:03 AM,284.0,75,21300.0,135284201.25
2025-08-01 09:35:04 AM,284.2,0,0.0,135284201.25
2025-08-01 09:35:04 AM,283.75,0,0.0,135284201.25
2025-08-01 09:35:04 AM,283.7,1125,319162.5,135603363.75
2025-08-01 09:35:05 AM,283.95,225,63888.75,135667252.5
2025-08-01 09:35:06 AM,283.8,0,0.0,135667252.5
2025-08-01 09:35:06 AM,283.8,75,21285.0,135688537.5
2025-08-01 09:35:07 AM,283.25,0,0.0,135688537.5
2025-08-01 09:35:07 AM,283.25,150,42487.5,135731025.0
2025-08-01 09:35:09 AM,281.2,0,0.0,135731025.0
2025-08-01 09:35:09 AM,281.2,75,21090.0,135752115.0
2025-08-01 09:35:11 AM,283.2,0,0.0,135752115.0
2025-08-01 09:35:12 AM,283.2,150,42480.0,135794595.0
2025-08-01 09:35:13 AM,281.9,0,0.0,135794595.0
2025-08-01 09:35:13 AM,281.9,75,21142.5,135815737.5
2025-08-01 09:35:14 AM,278.95,0,0.0,135815737.5
2025-08-01 09:35:15 AM,278.95,225,62763.75,135878501.25
2025-08-01 09:35:17 AM,281.1,0,0.0,135878501.25
2025-08-01 09:35:18 AM,281.7,0,0.0,135878501.25
2025-08-01 09:35:18 AM,281.7,300,84510.0,135963011.25
2025-08-01 09:35:19 AM,282.25,0,0.0,135963011.25
2025-08-01 09:35:19 AM,282.25,150,42337.5,136005348.75
2025-08-01 09:35:20 AM,281.7,0,0.0,136005348.75
2025-08-01 09:35:20 AM,280.85,225,63191.25000000001,136068540.0
2025-08-01 09:35:22 AM,282.25,0,0.0,136068540.0
2025-08-01 09:35:22 AM,282.25,75,21168.75,136089708.75
2025-08-01 09:35:24 AM,285.15,0,0.0,136089708.75
2025-08-01 09:35:24 AM,285.15,375,106931.24999999999,136196640.0
2025-08-01 09:35:29 AM,285.9,0,0.0,136196640.0
2025-08-01 09:35:29 AM,285.9,75,21442.5,136218082.5
2025-08-01 09:35:31 AM,285.75,0,0.0,136218082.5
2025-08-01 09:35:31 AM,285.75,75,21431.25,136239513.75
2025-08-01 09:35:34 AM,285.3,0,0.0,136239513.75
2025-08-01 09:35:34 AM,285.3,300,85590.0,136325103.75
2025-08-01 09:35:35 AM,285.5,0,0.0,136325103.75
2025-08-01 09:35:35 AM,285.5,75,21412.5,136346516.25
2025-08-01 09:35:36 AM,286.05,0,0.0,136346516.25
2025-08-01 09:35:36 AM,286.05,150,42907.5,136389423.75
2025-08-01 09:35:37 AM,284.2,0,0.0,136389423.75
2025-08-01 09:35:37 AM,284.2,75,21315.0,136410738.75
2025-08-01 09:35:38 AM,285.45,0,0.0,136410738.75
2025-08-01 09:35:38 AM,284.2,2175,618135.0,137028873.75
2025-08-01 09:35:40 AM,284.25,0,0.0,137028873.75
2025-08-01 09:35:41 AM,284.25,75,21318.75,137050192.5
2025-08-01 09:35:42 AM,284.2,0,0.0,137050192.5
2025-08-01 09:35:42 AM,284.2,75,21315.0,137071507.5
2025-08-01 09:35:42 AM,285.6,0,0.0,137071507.5
2025-08-01 09:35:43 AM,285.85,0,0.0,137071507.5
2025-08-01 09:35:43 AM,285.85,150,42877.5,137114385.0
2025-08-01 09:35:45 AM,288.0,0,0.0,137114385.0
2025-08-01 09:35:45 AM,288.0,75,21600.0,137135985.0
2025-08-01 09:35:47 AM,289.0,0,0.0,137135985.0
2025-08-01 09:35:47 AM,289.0,750,216750.0,137352735.0
2025-08-01 09:35:47 AM,287.85,0,0.0,137352735.0
2025-08-01 09:35:48 AM,287.85,75,21588.75,137374323.75
2025-08-01 09:35:49 AM,287.65,0,0.0,137374323.75
2025-08-01 09:35:49 AM,286.25,600,171750.0,137546073.75
2025-08-01 09:35:52 AM,287.5,0,0.0,137546073.75
2025-08-01 09:35:53 AM,287.5,75,21562.5,137567636.25
2025-08-01 09:35:55 AM,286.95,0,0.0,137567636.25
2025-08-01 09:35:56 AM,286.95,300,86085.0,137653721.25
2025-08-01 09:35:57 AM,286.0,0,0.0,137653721.25
2025-08-01 09:35:58 AM,286.0,75,21450.0,137675171.25
2025-08-01 09:35:58 AM,285.1,0,0.0,137675171.25
2025-08-01 09:35:58 AM,285.1,450,128295.00000000001,137803466.25
2025-08-01 09:36:02 AM,282.95,0,0.0,137803466.25
2025-08-01 09:36:03 AM,282.95,75,21221.25,137824687.5
2025-08-01 09:36:04 AM,281.45,0,0.0,137824687.5
2025-08-01 09:36:04 AM,281.45,75,21108.75,137845796.25
2025-08-01 09:36:07 AM,282.35,0,0.0,137845796.25
2025-08-01 09:36:08 AM,282.35,75,21176.25,137866972.5
2025-08-01 09:36:08 AM,281.3,0,0.0,137866972.5
2025-08-01 09:36:09 AM,280.1,2400,672240.0,138539212.5
2025-08-01 09:36:09 AM,280.85,0,0.0,138539212.5
2025-08-01 09:36:09 AM,280.85,75,21063.75,138560276.25
2025-08-01 09:36:10 AM,280.0,900,252000.0,138812276.25
2025-08-01 09:36:11 AM,280.5,0,0.0,138812276.25
2025-08-01 09:36:11 AM,280.5,75,21037.5,138833313.75
2025-08-01 09:36:12 AM,280.95,0,0.0,138833313.75
2025-08-01 09:36:12 AM,280.95,75,21071.25,138854385.0
2025-08-01 09:36:13 AM,280.6,0,0.0,138854385.0
2025-08-01 09:36:13 AM,280.6,75,21045.0,138875430.0
2025-08-01 09:36:16 AM,282.1,0,0.0,138875430.0
2025-08-01 09:36:16 AM,282.1,75,21157.5,138896587.5
2025-08-01 09:36:17 AM,282.75,0,0.0,138896587.5
2025-08-01 09:36:17 AM,282.75,750,212062.5,139108650.0
2025-08-01 09:36:18 AM,282.3,0,0.0,139108650.0
2025-08-01 09:36:18 AM,282.3,75,21172.5,139129822.5
2025-08-01 09:36:27 AM,282.85,0,0.0,139129822.5
2025-08-01 09:36:28 AM,281.95,0,0.0,139129822.5
2025-08-01 09:36:28 AM,282.65,225,63596.24999999999,139193418.75
2025-08-01 09:36:31 AM,282.35,0,0.0,139193418.75
2025-08-01 09:36:31 AM,282.35,525,148233.75,139341652.5
2025-08-01 09:36:33 AM,282.2,0,0.0,139341652.5
2025-08-01 09:36:33 AM,282.2,300,84660.0,139426312.5
2025-08-01 09:36:34 AM,282.0,0,0.0,139426312.5
2025-08-01 09:36:34 AM,282.0,150,42300.0,139468612.5
2025-08-01 09:36:36 AM,281.4,0,0.0,139468612.5
2025-08-01 09:36:36 AM,281.4,75,21105.0,139489717.5
2025-08-01 09:36:38 AM,280.0,0,0.0,139489717.5
2025-08-01 09:36:38 AM,280.0,150,42000.0,139531717.5
2025-08-01 09:36:39 AM,277.0,0,0.0,139531717.5
2025-08-01 09:36:39 AM,277.0,375,103875.0,139635592.5
2025-08-01 09:36:41 AM,280.0,0,0.0,139635592.5
2025-08-01 09:36:41 AM,280.0,150,42000.0,139677592.5
2025-08-01 09:36:42 AM,279.45,0,0.0,139677592.5
2025-08-01 09:36:43 AM,279.45,300,83835.0,139761427.5
2025-08-01 09:36:46 AM,278.4,0,0.0,139761427.5
2025-08-01 09:36:46 AM,278.4,150,41760.0,139803187.5
2025-08-01 09:36:48 AM,280.4,0,0.0,139803187.5
2025-08-01 09:36:48 AM,281.4,0,0.0,139803187.5
2025-08-01 09:36:48 AM,281.4,300,84420.0,139887607.5
2025-08-01 09:36:50 AM,281.55,0,0.0,139887607.5
2025-08-01 09:36:51 AM,281.35,0,0.0,139887607.5
2025-08-01 09:36:51 AM,281.35,150,42202.5,139929810.0
2025-08-01 09:36:54 AM,280.85,0,0.0,139929810.0
2025-08-01 09:36:54 AM,280.85,150,42127.5,139971937.5
2025-08-01 09:36:55 AM,280.95,0,0.0,139971937.5
2025-08-01 09:36:55 AM,280.95,75,21071.25,139993008.75
2025-08-01 09:36:56 AM,281.9,0,0.0,139993008.75
2025-08-01 09:36:56 AM,281.9,75,21142.5,140014151.25
2025-08-01 09:36:58 AM,281.5,0,0.0,140014151.25
2025-08-01 09:36:58 AM,281.5,75,21112.5,140035263.75
2025-08-01 09:36:59 AM,281.5,75,21112.5,140056376.25
2025-08-01 09:37:00 AM,283.35,0,0.0,140056376.25
2025-08-01 09:37:01 AM,283.35,150,42502.5,140098878.75
2025-08-01 09:37:05 AM,288.4,0,0.0,140098878.75
2025-08-01 09:37:06 AM,288.4,75,21630.0,140120508.75
2025-08-01 09:37:06 AM,289.0,0,0.0,140120508.75
2025-08-01 09:37:06 AM,289.0,300,86700.0,140207208.75
2025-08-01 09:37:07 AM,289.4,525,151935.0,140359143.75
2025-08-01 09:37:09 AM,287.6,0,0.0,140359143.75
2025-08-01 09:37:10 AM,287.6,150,43140.0,140402283.75
2025-08-01 09:37:11 AM,290.0,0,0.0,140402283.75
2025-08-01 09:37:11 AM,290.0,300,87000.0,140489283.75
2025-08-01 09:37:12 AM,291.0,0,0.0,140489283.75
2025-08-01 09:37:12 AM,291.0,300,87300.0,140576583.75
2025-08-01 09:37:13 AM,291.6,0,0.0,140576583.75
2025-08-01 09:37:14 AM,293.0,0,0.0,140576583.75
2025-08-01 09:37:14 AM,293.0,450,131850.0,140708433.75
2025-08-01 09:37:15 AM,294.1,600,176460.0,140884893.75
2025-08-01 09:37:15 AM,294.95,0,0.0,140884893.75
2025-08-01 09:37:15 AM,294.45,675,198753.75,141083647.5
2025-08-01 09:37:16 AM,294.25,75,22068.75,141105716.25
2025-08-01 09:37:17 AM,294.55,0,0.0,141105716.25
2025-08-01 09:37:17 AM,293.5,1050,308175.0,141413891.25
2025-08-01 09:37:18 AM,293.8,0,0.0,141413891.25
2025-08-01 09:37:18 AM,293.8,225,66105.0,141479996.25
2025-08-01 09:37:19 AM,294.95,0,0.0,141479996.25
2025-08-01 09:37:19 AM,294.95,750,221212.5,141701208.75
2025-08-01 09:37:19 AM,295.0,2100,619500.0,142320708.75
2025-08-01 09:37:20 AM,296.0,0,0.0,142320708.75
2025-08-01 09:37:20 AM,297.0,225,66825.0,142387533.75
2025-08-01 09:37:22 AM,297.85,0,0.0,142387533.75
2025-08-01 09:37:22 AM,297.85,600,178710.0,142566243.75
2025-08-01 09:37:23 AM,297.3,75,22297.5,142588541.25
2025-08-01 09:37:23 AM,297.05,0,0.0,142588541.25
2025-08-01 09:37:24 AM,297.55,2625,781068.75,143369610.0
2025-08-01 09:37:25 AM,300.0,0,0.0,143369610.0
2025-08-01 09:37:25 AM,298.6,225,67185.0,143436795.0
2025-08-01 09:37:26 AM,299.5,0,0.0,143436795.0
2025-08-01 09:37:26 AM,298.85,825,246551.25000000003,143683346.25
2025-08-01 09:37:27 AM,298.15,0,0.0,143683346.25
2025-08-01 09:37:27 AM,298.3,225,67117.5,143750463.75
2025-08-01 09:37:28 AM,297.0,75,22275.0,143772738.75
2025-08-01 09:37:29 AM,295.2,5550,1638360.0,145411098.75
2025-08-01 09:37:29 AM,294.7,150,44205.0,145455303.75
2025-08-01 09:37:30 AM,295.15,375,110681.24999999999,145565985.0
2025-08-01 09:37:31 AM,295.15,75,22136.25,145588121.25
2025-08-01 09:37:32 AM,293.25,0,0.0,145588121.25
2025-08-01 09:37:32 AM,293.25,150,43987.5,145632108.75
2025-08-01 09:37:33 AM,292.9,0,0.0,145632108.75
2025-08-01 09:37:33 AM,292.9,75,21967.5,145654076.25
2025-08-01 09:37:34 AM,293.4,75,22005.0,145676081.25
2025-08-01 09:37:35 AM,293.05,150,43957.5,145720038.75
2025-08-01 09:37:38 AM,290.7,0,0.0,145720038.75
2025-08-01 09:37:38 AM,290.7,225,65407.5,145785446.25
2025-08-01 09:37:40 AM,290.05,0,0.0,145785446.25
2025-08-01 09:37:40 AM,290.45,0,0.0,145785446.25
2025-08-01 09:37:40 AM,290.0,1200,348000.0,146133446.25
2025-08-01 09:37:42 AM,289.0,0,0.0,146133446.25
2025-08-01 09:37:42 AM,289.0,375,108375.0,146241821.25
2025-08-01 09:37:45 AM,288.25,0,0.0,146241821.25
2025-08-01 09:37:46 AM,288.25,75,21618.75,146263440.0
2025-08-01 09:37:46 AM,289.0,0,0.0,146263440.0
2025-08-01 09:37:47 AM,289.0,75,21675.0,146285115.0
2025-08-01 09:37:52 AM,289.2,75,21690.0,146306805.0
2025-08-01 09:37:56 AM,290.25,0,0.0,146306805.0
2025-08-01 09:37:57 AM,290.25,75,21768.75,146328573.75
2025-08-01 09:38:01 AM,292.35,0,0.0,146328573.75
2025-08-01 09:38:01 AM,292.35,75,21926.25,146350500.0
2025-08-01 09:38:02 AM,293.6,0,0.0,146350500.0
2025-08-01 09:38:03 AM,293.6,75,22020.0,146372520.0
2025-08-01 09:38:06 AM,294.5,0,0.0,146372520.0
2025-08-01 09:38:06 AM,294.95,0,0.0,146372520.0
2025-08-01 09:38:06 AM,294.95,900,265455.0,146637975.0
2025-08-01 09:38:09 AM,293.8,0,0.0,146637975.0
2025-08-01 09:38:10 AM,293.1,450,131895.0,146769870.0
2025-08-01 09:38:11 AM,291.75,0,0.0,146769870.0
2025-08-01 09:38:11 AM,291.75,300,87525.0,146857395.0
2025-08-01 09:38:13 AM,290.55,0,0.0,146857395.0
2025-08-01 09:38:13 AM,290.55,150,43582.5,146900977.5
2025-08-01 09:38:13 AM,290.5,0,0.0,146900977.5
2025-08-01 09:38:13 AM,290.5,75,21787.5,146922765.0
2025-08-01 09:38:14 AM,290.05,0,0.0,146922765.0
2025-08-01 09:38:15 AM,290.05,375,108768.75,147031533.75
2025-08-01 09:38:16 AM,291.4,0,0.0,147031533.75
2025-08-01 09:38:16 AM,291.4,300,87420.0,147118953.75
2025-08-01 09:38:18 AM,290.55,0,0.0,147118953.75
2025-08-01 09:38:18 AM,290.55,150,43582.5,147162536.25
2025-08-01 09:38:19 AM,290.5,0,0.0,147162536.25
2025-08-01 09:38:20 AM,290.5,150,43575.0,147206111.25
2025-08-01 09:38:31 AM,293.1,0,0.0,147206111.25
2025-08-01 09:38:32 AM,293.1,75,21982.5,147228093.75
2025-08-01 09:38:32 AM,292.4,0,0.0,147228093.75
2025-08-01 09:38:33 AM,292.4,75,21930.0,147250023.75
2025-08-01 09:38:36 AM,291.3,0,0.0,147250023.75
2025-08-01 09:38:36 AM,291.3,75,21847.5,147271871.25
2025-08-01 09:38:38 AM,290.3,0,0.0,147271871.25
2025-08-01 09:38:38 AM,290.3,75,21772.5,147293643.75
2025-08-01 09:38:39 AM,290.0,150,43500.0,147337143.75
2025-08-01 09:38:40 AM,289.6,0,0.0,147337143.75
2025-08-01 09:38:40 AM,289.6,75,21720.0,147358863.75
2025-08-01 09:38:42 AM,290.45,0,0.0,147358863.75
2025-08-01 09:38:42 AM,290.4,0,0.0,147358863.75
2025-08-01 09:38:43 AM,290.4,150,43560.0,147402423.75
2025-08-01 09:38:46 AM,291.05,0,0.0,147402423.75
2025-08-01 09:38:47 AM,291.05,300,87315.0,147489738.75
2025-08-01 09:38:49 AM,288.6,0,0.0,147489738.75
2025-08-01 09:38:50 AM,288.6,75,21645.0,147511383.75
2025-08-01 09:38:52 AM,289.15,0,0.0,147511383.75
2025-08-01 09:38:53 AM,289.65,0,0.0,147511383.75
2025-08-01 09:38:53 AM,289.65,150,43447.5,147554831.25
2025-08-01 09:38:54 AM,290.55,0,0.0,147554831.25
2025-08-01 09:38:55 AM,290.65,525,152591.25,147707422.5
2025-08-01 09:38:59 AM,289.2,0,0.0,147707422.5
2025-08-01 09:38:59 AM,289.2,150,43380.0,147750802.5
2025-08-01 09:39:01 AM,292.2,0,0.0,147750802.5
2025-08-01 09:39:02 AM,292.2,75,21915.0,147772717.5
2025-08-01 09:39:04 AM,293.0,0,0.0,147772717.5
2025-08-01 09:39:05 AM,293.0,75,21975.0,147794692.5
2025-08-01 09:39:06 AM,294.1,0,0.0,147794692.5
2025-08-01 09:39:06 AM,294.1,75,22057.5,147816750.0
2025-08-01 09:39:07 AM,293.8,0,0.0,147816750.0
2025-08-01 09:39:08 AM,293.8,75,22035.0,147838785.0
2025-08-01 09:39:09 AM,295.0,0,0.0,147838785.0
2025-08-01 09:39:10 AM,296.0,450,133200.0,147971985.0
2025-08-01 09:39:11 AM,297.0,0,0.0,147971985.0
2025-08-01 09:39:11 AM,297.05,975,289623.75,148261608.75
2025-08-01 09:39:12 AM,297.4,0,0.0,148261608.75
2025-08-01 09:39:12 AM,297.4,150,44610.0,148306218.75
2025-08-01 09:39:13 AM,296.45,0,0.0,148306218.75
2025-08-01 09:39:13 AM,296.45,1200,355740.0,148661958.75
2025-08-01 09:39:14 AM,297.35,75,22301.25,148684260.0
2025-08-01 09:39:15 AM,297.4,0,0.0,148684260.0
2025-08-01 09:39:15 AM,297.4,150,44610.0,148728870.0
2025-08-01 09:39:16 AM,297.5,0,0.0,148728870.0
2025-08-01 09:39:16 AM,297.5,225,66937.5,148795807.5
2025-08-01 09:39:17 AM,296.2,0,0.0,148795807.5
2025-08-01 09:39:17 AM,296.2,375,111075.0,148906882.5
2025-08-01 09:39:17 AM,296.55,0,0.0,148906882.5
2025-08-01 09:39:18 AM,296.75,0,0.0,148906882.5
2025-08-01 09:39:18 AM,296.75,1125,333843.75,149240726.25
2025-08-01 09:39:20 AM,296.15,0,0.0,149240726.25
2025-08-01 09:39:20 AM,296.15,75,22211.25,149262937.5
2025-08-01 09:39:21 AM,300.0,0,0.0,149262937.5
2025-08-01 09:39:21 AM,300.0,675,202500.0,149465437.5
2025-08-01 09:39:22 AM,298.05,0,0.0,149465437.5
2025-08-01 09:39:23 AM,298.05,600,178830.0,149644267.5
2025-08-01 09:39:25 AM,298.45,0,0.0,149644267.5
2025-08-01 09:39:25 AM,298.45,75,22383.75,149666651.25
2025-08-01 09:39:26 AM,298.7,0,0.0,149666651.25
2025-08-01 09:39:26 AM,298.1,150,44715.0,149711366.25
2025-08-01 09:39:28 AM,298.95,0,0.0,149711366.25
2025-08-01 09:39:28 AM,298.95,825,246633.75,149958000.0
2025-08-01 09:39:29 AM,299.05,0,0.0,149958000.0
2025-08-01 09:39:30 AM,299.7,150,44955.0,150002955.0
2025-08-01 09:39:31 AM,298.35,0,0.0,150002955.0
2025-08-01 09:39:31 AM,298.35,75,22376.25,150025331.25
2025-08-01 09:39:31 AM,297.25,0,0.0,150025331.25
2025-08-01 09:39:32 AM,297.25,75,22293.75,150047625.0
2025-08-01 09:39:33 AM,297.8,0,0.0,150047625.0
2025-08-01 09:39:33 AM,297.8,1800,536040.0,150583665.0
2025-08-01 09:39:34 AM,298.85,0,0.0,150583665.0
2025-08-01 09:39:35 AM,298.85,75,22413.75,150606078.75
2025-08-01 09:39:36 AM,297.85,0,0.0,150606078.75
2025-08-01 09:39:36 AM,297.85,900,268065.0,150874143.75
2025-08-01 09:39:38 AM,297.8,0,0.0,150874143.75
2025-08-01 09:39:38 AM,297.8,75,22335.0,150896478.75
2025-08-01 09:39:39 AM,298.45,0,0.0,150896478.75
2025-08-01 09:39:39 AM,298.0,0,0.0,150896478.75
2025-08-01 09:39:40 AM,298.0,150,44700.0,150941178.75
2025-08-01 09:39:40 AM,298.2,0,0.0,150941178.75
2025-08-01 09:39:40 AM,298.2,900,268380.0,151209558.75
2025-08-01 09:39:41 AM,298.65,0,0.0,151209558.75
2025-08-01 09:39:41 AM,298.65,75,22398.75,151231957.5
2025-08-01 09:39:42 AM,297.8,0,0.0,151231957.5
2025-08-01 09:39:43 AM,298.6,0,0.0,151231957.5
2025-08-01 09:39:43 AM,298.6,150,44790.0,151276747.5
2025-08-01 09:39:43 AM,298.05,75,22353.75,151299101.25
2025-08-01 09:39:44 AM,297.0,225,66825.0,151365926.25
2025-08-01 09:39:46 AM,297.35,0,0.0,151365926.25
2025-08-01 09:39:46 AM,297.35,75,22301.25,151388227.5
2025-08-01 09:39:47 AM,296.95,0,0.0,151388227.5
2025-08-01 09:39:47 AM,296.9,0,0.0,151388227.5
2025-08-01 09:39:48 AM,296.25,0,0.0,151388227.5
2025-08-01 09:39:48 AM,296.25,225,66656.25,151454883.75
2025-08-01 09:39:56 AM,300.0,0,0.0,151454883.75
2025-08-01 09:39:56 AM,300.0,150,45000.0,151499883.75
2025-08-01 09:39:57 AM,301.45,300,90435.0,151590318.75
2025-08-01 09:39:57 AM,300.15,0,0.0,151590318.75
2025-08-01 09:39:58 AM,300.15,75,22511.25,151612830.0
2025-08-01 09:39:58 AM,299.3,0,0.0,151612830.0
2025-08-01 09:39:58 AM,299.3,300,89790.0,151702620.0
2025-08-01 09:40:00 AM,300.05,0,0.0,151702620.0
2025-08-01 09:40:01 AM,301.0,0,0.0,151702620.0
2025-08-01 09:40:01 AM,301.0,1050,316050.0,152018670.0
2025-08-01 09:40:02 AM,300.6,0,0.0,152018670.0
2025-08-01 09:40:03 AM,302.2,0,0.0,152018670.0
2025-08-01 09:40:03 AM,302.2,2100,634620.0,152653290.0
2025-08-01 09:40:03 AM,302.45,225,68051.25,152721341.25
2025-08-01 09:40:04 AM,301.15,0,0.0,152721341.25
2025-08-01 09:40:05 AM,302.4,600,181440.0,152902781.25
2025-08-01 09:40:05 AM,301.75,0,0.0,152902781.25
2025-08-01 09:40:05 AM,302.4,2325,703080.0,153605861.25
2025-08-01 09:40:06 AM,302.4,75,22680.0,153628541.25
2025-08-01 09:40:07 AM,299.0,0,0.0,153628541.25
2025-08-01 09:40:08 AM,298.8,0,0.0,153628541.25
2025-08-01 09:40:08 AM,298.8,600,179280.0,153807821.25
2025-08-01 09:40:08 AM,299.85,75,22488.75,153830310.0
2025-08-01 09:40:09 AM,297.65,0,0.0,153830310.0
2025-08-01 09:40:10 AM,299.0,225,67275.0,153897585.0
2025-08-01 09:40:10 AM,299.0,75,22425.0,153920010.0
2025-08-01 09:40:12 AM,299.0,150,44850.0,153964860.0
2025-08-01 09:40:12 AM,298.75,0,0.0,153964860.0
2025-08-01 09:40:13 AM,298.0,0,0.0,153964860.0
2025-08-01 09:40:13 AM,298.2,0,0.0,153964860.0
2025-08-01 09:40:13 AM,298.2,375,111825.0,154076685.0
2025-08-01 09:40:17 AM,298.6,0,0.0,154076685.0
2025-08-01 09:40:18 AM,298.6,150,44790.0,154121475.0
2025-08-01 09:40:20 AM,296.55,0,0.0,154121475.0
2025-08-01 09:40:21 AM,296.55,75,22241.25,154143716.25
2025-08-01 09:40:23 AM,296.6,0,0.0,154143716.25
2025-08-01 09:40:24 AM,296.65,0,0.0,154143716.25
