date,price,qty,trnvr,cum_trnvr
2025-08-01 09:15:00 AM,311.8,2475,771705.0,771705.0
2025-08-01 09:15:01 AM,316.6,0,0.0,771705.0
2025-08-01 09:15:01 AM,324.55,0,0.0,771705.0
2025-08-01 09:15:01 AM,325.55,4050,1318477.5,2090182.5
2025-08-01 09:15:02 AM,326.15,0,0.0,2090182.5
2025-08-01 09:15:02 AM,327.85,0,0.0,2090182.5
2025-08-01 09:15:02 AM,328.1,10275,3371227.5000000005,5461410.0
2025-08-01 09:15:02 AM,329.05,75,24678.75,5486088.75
2025-08-01 09:15:03 AM,331.65,0,0.0,5486088.75
2025-08-01 09:15:03 AM,336.85,0,0.0,5486088.75
2025-08-01 09:15:03 AM,335.75,6450,2165587.5,7651676.25
2025-08-01 09:15:03 AM,336.55,75,25241.25,7676917.5
2025-08-01 09:15:04 AM,338.7,0,0.0,7676917.5
2025-08-01 09:15:04 AM,337.8,0,0.0,7676917.5
2025-08-01 09:15:04 AM,340.1,6675,2270167.5,9947085.0
2025-08-01 09:15:05 AM,339.75,225,76443.75,10023528.75
2025-08-01 09:15:05 AM,343.25,0,0.0,10023528.75
2025-08-01 09:15:05 AM,342.95,0,0.0,10023528.75
2025-08-01 09:15:06 AM,342.1,7350,2514435.0,12537963.75
2025-08-01 09:15:06 AM,342.5,0,0.0,12537963.75
2025-08-01 09:15:06 AM,341.9,750,256424.99999999997,12794388.75
2025-08-01 09:15:06 AM,346.05,0,0.0,12794388.75
2025-08-01 09:15:07 AM,349.7,0,0.0,12794388.75
2025-08-01 09:15:07 AM,349.95,0,0.0,12794388.75
2025-08-01 09:15:07 AM,348.8,14025,4891920.0,17686308.75
2025-08-01 09:15:07 AM,348.95,150,52342.5,17738651.25
2025-08-01 09:15:08 AM,352.5,0,0.0,17738651.25
2025-08-01 09:15:08 AM,351.85,0,0.0,17738651.25
2025-08-01 09:15:08 AM,352.2,7950,2799990.0,20538641.25
2025-08-01 09:15:08 AM,354.75,1350,478912.5,21017553.75
2025-08-01 09:15:09 AM,353.1,0,0.0,21017553.75
2025-08-01 09:15:09 AM,352.1,0,0.0,21017553.75
2025-08-01 09:15:09 AM,352.75,7575,2672081.25,23689635.0
2025-08-01 09:15:09 AM,352.15,2625,924393.7499999999,24614028.75
2025-08-01 09:15:10 AM,350.35,0,0.0,24614028.75
2025-08-01 09:15:10 AM,349.45,0,0.0,24614028.75
2025-08-01 09:15:10 AM,347.8,3225,1121655.0,25735683.75
2025-08-01 09:15:11 AM,349.8,825,288585.0,26024268.75
2025-08-01 09:15:11 AM,348.85,0,0.0,26024268.75
2025-08-01 09:15:11 AM,345.3,0,0.0,26024268.75
2025-08-01 09:15:12 AM,349.3,5475,1912417.5,27936686.25
2025-08-01 09:15:12 AM,348.25,75,26118.75,27962805.0
2025-08-01 09:15:12 AM,346.1,0,0.0,27962805.0
2025-08-01 09:15:13 AM,348.35,0,0.0,27962805.0
2025-08-01 09:15:13 AM,346.75,0,0.0,27962805.0
2025-08-01 09:15:13 AM,348.05,8475,2949723.75,30912528.75
2025-08-01 09:15:13 AM,347.25,450,156262.5,31068791.25
2025-08-01 09:15:14 AM,347.0,0,0.0,31068791.25
2025-08-01 09:15:14 AM,344.4,0,0.0,31068791.25
2025-08-01 09:15:14 AM,345.0,27825,9599625.0,40668416.25
2025-08-01 09:15:15 AM,344.15,75,25811.25,40694227.5
2025-08-01 09:15:15 AM,343.45,0,0.0,40694227.5
2025-08-01 09:15:15 AM,340.1,0,0.0,40694227.5
2025-08-01 09:15:16 AM,342.6,8775,3006315.0,43700542.5
2025-08-01 09:15:16 AM,342.5,0,0.0,43700542.5
2025-08-01 09:15:17 AM,340.0,0,0.0,43700542.5
2025-08-01 09:15:17 AM,338.95,8250,2796337.5,46496880.0
2025-08-01 09:15:18 AM,338.15,0,0.0,46496880.0
2025-08-01 09:15:18 AM,337.85,0,0.0,46496880.0
2025-08-01 09:15:18 AM,338.4,9525,3223260.0,49720140.0
2025-08-01 09:15:18 AM,338.55,75,25391.25,49745531.25
2025-08-01 09:15:19 AM,338.0,0,0.0,49745531.25
2025-08-01 09:15:19 AM,338.35,0,0.0,49745531.25
2025-08-01 09:15:19 AM,338.7,4200,1422540.0,51168071.25
2025-08-01 09:15:20 AM,337.1,300,101130.0,51269201.25
2025-08-01 09:15:20 AM,336.9,0,0.0,51269201.25
2025-08-01 09:15:20 AM,337.4,0,0.0,51269201.25
2025-08-01 09:15:21 AM,336.65,0,0.0,51269201.25
2025-08-01 09:15:21 AM,335.7,8175,2744347.5,54013548.75
2025-08-01 09:15:21 AM,335.0,0,0.0,54013548.75
2025-08-01 09:15:21 AM,335.0,150,50250.0,54063798.75
2025-08-01 09:15:22 AM,330.0,0,0.0,54063798.75
2025-08-01 09:15:22 AM,328.9,0,0.0,54063798.75
2025-08-01 09:15:22 AM,328.05,2325,762716.25,54826515.0
2025-08-01 09:15:22 AM,326.3,750,244725.0,55071240.0
2025-08-01 09:15:23 AM,327.7,0,0.0,55071240.0
2025-08-01 09:15:23 AM,329.15,0,0.0,55071240.0
2025-08-01 09:15:24 AM,331.65,2550,845707.5,55916947.5
2025-08-01 09:15:24 AM,330.5,0,0.0,55916947.5
2025-08-01 09:15:24 AM,330.2,750,247650.0,56164597.5
2025-08-01 09:15:24 AM,330.95,0,0.0,56164597.5
2025-08-01 09:15:25 AM,327.8,0,0.0,56164597.5
2025-08-01 09:15:25 AM,328.8,0,0.0,56164597.5
2025-08-01 09:15:25 AM,328.3,7200,2363760.0,58528357.5
2025-08-01 09:15:25 AM,326.75,1725,563643.75,59092001.25
2025-08-01 09:15:26 AM,327.0,0,0.0,59092001.25
2025-08-01 09:15:26 AM,326.5,0,0.0,59092001.25
2025-08-01 09:15:27 AM,327.9,2475,811552.5,59903553.75
2025-08-01 09:15:27 AM,327.3,225,73642.5,59977196.25
2025-08-01 09:15:27 AM,328.0,0,0.0,59977196.25
2025-08-01 09:15:28 AM,326.15,0,0.0,59977196.25
2025-08-01 09:15:28 AM,324.5,0,0.0,59977196.25
2025-08-01 09:15:28 AM,324.35,4050,1313617.5,61290813.75
2025-08-01 09:15:29 AM,323.5,0,0.0,61290813.75
2025-08-01 09:15:29 AM,324.65,0,0.0,61290813.75
2025-08-01 09:15:30 AM,324.25,1875,607968.75,61898782.5
2025-08-01 09:15:30 AM,326.9,300,98070.0,61996852.5
2025-08-01 09:15:30 AM,327.55,0,0.0,61996852.5
2025-08-01 09:15:31 AM,324.9,0,0.0,61996852.5
2025-08-01 09:15:31 AM,326.55,0,0.0,61996852.5
2025-08-01 09:15:31 AM,326.55,1800,587790.0,62584642.5
2025-08-01 09:15:31 AM,324.8,750,243600.0,62828242.5
2025-08-01 09:15:32 AM,325.15,0,0.0,62828242.5
2025-08-01 09:15:32 AM,325.8,0,0.0,62828242.5
2025-08-01 09:15:33 AM,326.9,1275,416797.5,63245040.0
2025-08-01 09:15:33 AM,327.95,75,24596.25,63269636.25
2025-08-01 09:15:33 AM,329.65,0,0.0,63269636.25
2025-08-01 09:15:34 AM,329.5,0,0.0,63269636.25
2025-08-01 09:15:34 AM,331.0,0,0.0,63269636.25
2025-08-01 09:15:34 AM,329.9,6000,1979399.9999999998,65249036.25
2025-08-01 09:15:34 AM,330.05,600,198030.0,65447066.25
2025-08-01 09:15:35 AM,331.0,0,0.0,65447066.25
2025-08-01 09:15:35 AM,329.2,0,0.0,65447066.25
2025-08-01 09:15:36 AM,327.45,3750,1227937.5,66675003.75
2025-08-01 09:15:36 AM,327.35,150,49102.5,66724106.25
2025-08-01 09:15:37 AM,330.05,0,0.0,66724106.25
2025-08-01 09:15:37 AM,328.85,0,0.0,66724106.25
2025-08-01 09:15:37 AM,328.1,2400,787440.0,67511546.25
2025-08-01 09:15:37 AM,328.45,75,24633.75,67536180.0
2025-08-01 09:15:38 AM,327.95,0,0.0,67536180.0
2025-08-01 09:15:38 AM,328.65,0,0.0,67536180.0
2025-08-01 09:15:39 AM,331.05,0,0.0,67536180.0
2025-08-01 09:15:39 AM,331.05,2400,794520.0,68330700.0
2025-08-01 09:15:40 AM,330.3,0,0.0,68330700.0
2025-08-01 09:15:40 AM,332.95,0,0.0,68330700.0
2025-08-01 09:15:40 AM,331.8,1200,398160.0,68728860.0
2025-08-01 09:15:41 AM,330.7,300,99210.0,68828070.0
2025-08-01 09:15:41 AM,330.1,0,0.0,68828070.0
2025-08-01 09:15:42 AM,330.8,0,0.0,68828070.0
2025-08-01 09:15:42 AM,330.8,1800,595440.0,69423510.0
2025-08-01 09:15:43 AM,332.1,0,0.0,69423510.0
2025-08-01 09:15:43 AM,331.75,0,0.0,69423510.0
2025-08-01 09:15:43 AM,330.3,3825,1263397.5,70686907.5
2025-08-01 09:15:44 AM,331.2,75,24840.0,70711747.5
2025-08-01 09:15:45 AM,333.35,0,0.0,70711747.5
2025-08-01 09:15:45 AM,333.35,1875,625031.25,71336778.75
2025-08-01 09:15:46 AM,331.95,0,0.0,71336778.75
2025-08-01 09:15:46 AM,331.65,0,0.0,71336778.75
2025-08-01 09:15:46 AM,332.4,2700,897479.9999999999,72234258.75
2025-08-01 09:15:47 AM,331.2,75,24840.0,72259098.75
2025-08-01 09:15:47 AM,331.55,0,0.0,72259098.75
2025-08-01 09:15:48 AM,330.45,0,0.0,72259098.75
2025-08-01 09:15:48 AM,332.15,3975,1320296.25,73579395.0
2025-08-01 09:15:49 AM,330.1,0,0.0,73579395.0
2025-08-01 09:15:49 AM,330.7,0,0.0,73579395.0
2025-08-01 09:15:49 AM,330.9,2925,967882.4999999999,74547277.5
2025-08-01 09:15:50 AM,330.55,150,49582.5,74596860.0
2025-08-01 09:15:50 AM,330.65,0,0.0,74596860.0
2025-08-01 09:15:51 AM,329.9,0,0.0,74596860.0
2025-08-01 09:15:51 AM,330.0,0,0.0,74596860.0
2025-08-01 09:15:51 AM,330.0,2625,866250.0,75463110.0
2025-08-01 09:15:52 AM,328.85,0,0.0,75463110.0
2025-08-01 09:15:52 AM,328.85,2325,764576.25,76227686.25
2025-08-01 09:15:53 AM,328.0,525,172200.0,76399886.25
2025-08-01 09:15:53 AM,329.0,0,0.0,76399886.25
2025-08-01 09:15:54 AM,330.0,0,0.0,76399886.25
2025-08-01 09:15:54 AM,329.95,0,0.0,76399886.25
2025-08-01 09:15:54 AM,329.65,4725,1557596.25,77957482.5
2025-08-01 09:15:54 AM,331.0,525,173775.0,78131257.5
2025-08-01 09:15:55 AM,329.75,0,0.0,78131257.5
2025-08-01 09:15:55 AM,329.9,0,0.0,78131257.5
2025-08-01 09:15:56 AM,326.9,3300,1078770.0,79210027.5
2025-08-01 09:15:56 AM,327.7,0,0.0,79210027.5
2025-08-01 09:15:57 AM,328.2,0,0.0,79210027.5
2025-08-01 09:15:57 AM,326.95,0,0.0,79210027.5
2025-08-01 09:15:57 AM,326.95,1200,392340.0,79602367.5
2025-08-01 09:15:58 AM,327.05,0,0.0,79602367.5
2025-08-01 09:15:59 AM,328.45,1275,418773.75,80021141.25
2025-08-01 09:15:59 AM,328.0,0,0.0,80021141.25
2025-08-01 09:15:59 AM,330.0,450,148500.0,80169641.25
2025-08-01 09:16:00 AM,331.4,0,0.0,80169641.25
2025-08-01 09:16:00 AM,332.55,0,0.0,80169641.25
2025-08-01 09:16:00 AM,333.5,5250,1750875.0,81920516.25
2025-08-01 09:16:00 AM,334.25,900,300825.0,82221341.25
2025-08-01 09:16:01 AM,334.3,0,0.0,82221341.25
2025-08-01 09:16:01 AM,335.0,0,0.0,82221341.25
2025-08-01 09:16:02 AM,335.65,2400,805560.0,83026901.25
2025-08-01 09:16:02 AM,334.25,225,75206.25,83102107.5
2025-08-01 09:16:02 AM,335.95,0,0.0,83102107.5
2025-08-01 09:16:03 AM,336.45,0,0.0,83102107.5
2025-08-01 09:16:03 AM,336.95,0,0.0,83102107.5
2025-08-01 09:16:03 AM,337.4,1800,607320.0,83709427.5
2025-08-01 09:16:04 AM,335.3,0,0.0,83709427.5
2025-08-01 09:16:04 AM,335.35,0,0.0,83709427.5
2025-08-01 09:16:05 AM,334.2,600,200520.0,83909947.5
2025-08-01 09:16:05 AM,335.95,75,25196.25,83935143.75
2025-08-01 09:16:06 AM,335.55,0,0.0,83935143.75
2025-08-01 09:16:06 AM,332.45,0,0.0,83935143.75
2025-08-01 09:16:06 AM,332.15,1200,398580.0,84333723.75
2025-08-01 09:16:06 AM,331.55,1050,348127.5,84681851.25
2025-08-01 09:16:07 AM,328.55,0,0.0,84681851.25
2025-08-01 09:16:08 AM,330.75,1950,644962.5,85326813.75
2025-08-01 09:16:08 AM,331.35,0,0.0,85326813.75
2025-08-01 09:16:09 AM,331.1,0,0.0,85326813.75
2025-08-01 09:16:09 AM,329.15,3000,987449.9999999999,86314263.75
2025-08-01 09:16:09 AM,328.2,2475,812295.0,87126558.75
2025-08-01 09:16:10 AM,329.75,0,0.0,87126558.75
2025-08-01 09:16:10 AM,327.9,0,0.0,87126558.75
2025-08-01 09:16:11 AM,330.6,0,0.0,87126558.75
2025-08-01 09:16:11 AM,330.6,3975,1314135.0,88440693.75
2025-08-01 09:16:11 AM,330.0,225,74250.0,88514943.75
2025-08-01 09:16:11 AM,329.95,0,0.0,88514943.75
2025-08-01 09:16:12 AM,329.2,0,0.0,88514943.75
2025-08-01 09:16:12 AM,330.35,1875,619406.25,89134350.0
2025-08-01 09:16:12 AM,330.6,750,247950.00000000003,89382300.0
2025-08-01 09:16:13 AM,331.0,0,0.0,89382300.0
2025-08-01 09:16:13 AM,330.0,0,0.0,89382300.0
2025-08-01 09:16:14 AM,330.3,3675,1213852.5,90596152.5
2025-08-01 09:16:15 AM,330.2,0,0.0,90596152.5
2025-08-01 09:16:15 AM,329.45,375,123543.75,90719696.25
2025-08-01 09:16:16 AM,330.8,225,74430.0,90794126.25
2025-08-01 09:16:16 AM,330.35,0,0.0,90794126.25
2025-08-01 09:16:16 AM,329.4,0,0.0,90794126.25
2025-08-01 09:16:17 AM,329.3,0,0.0,90794126.25
2025-08-01 09:16:17 AM,329.3,750,246975.0,91041101.25
2025-08-01 09:16:18 AM,329.05,0,0.0,91041101.25
2025-08-01 09:16:18 AM,329.2,0,0.0,91041101.25
2025-08-01 09:16:18 AM,329.7,2550,840735.0,91881836.25
2025-08-01 09:16:19 AM,330.3,0,0.0,91881836.25
2025-08-01 09:16:19 AM,331.25,0,0.0,91881836.25
2025-08-01 09:16:20 AM,331.65,0,0.0,91881836.25
2025-08-01 09:16:20 AM,331.9,2325,771667.5,92653503.75
2025-08-01 09:16:20 AM,331.15,0,0.0,92653503.75
2025-08-01 09:16:20 AM,331.15,525,173853.75,92827357.5
2025-08-01 09:16:21 AM,332.8,0,0.0,92827357.5
2025-08-01 09:16:21 AM,331.85,0,0.0,92827357.5
2025-08-01 09:16:21 AM,331.0,1500,496500.0,93323857.5
2025-08-01 09:16:22 AM,330.8,0,0.0,93323857.5
2025-08-01 09:16:23 AM,331.15,0,0.0,93323857.5
2025-08-01 09:16:23 AM,331.1,1425,471817.50000000006,93795675.0
2025-08-01 09:16:23 AM,332.7,225,74857.5,93870532.5
2025-08-01 09:16:24 AM,332.45,0,0.0,93870532.5
2025-08-01 09:16:24 AM,332.7,525,174667.5,94045200.0
2025-08-01 09:16:25 AM,331.75,300,99525.0,94144725.0
2025-08-01 09:16:25 AM,331.5,0,0.0,94144725.0
2025-08-01 09:16:25 AM,331.1,0,0.0,94144725.0
2025-08-01 09:16:26 AM,330.7,0,0.0,94144725.0
2025-08-01 09:16:26 AM,330.45,0,0.0,94144725.0
2025-08-01 09:16:26 AM,330.45,1200,396540.0,94541265.0
2025-08-01 09:16:27 AM,329.3,0,0.0,94541265.0
2025-08-01 09:16:27 AM,330.3,0,0.0,94541265.0
2025-08-01 09:16:28 AM,329.85,0,0.0,94541265.0
2025-08-01 09:16:28 AM,329.85,3825,1261676.25,95802941.25
2025-08-01 09:16:28 AM,328.5,0,0.0,95802941.25
2025-08-01 09:16:29 AM,331.0,0,0.0,95802941.25
2025-08-01 09:16:29 AM,330.9,2025,670072.5,96473013.75
2025-08-01 09:16:29 AM,330.6,75,24795.0,96497808.75
2025-08-01 09:16:30 AM,331.1,0,0.0,96497808.75
2025-08-01 09:16:30 AM,331.2,0,0.0,96497808.75
2025-08-01 09:16:31 AM,331.75,0,0.0,96497808.75
2025-08-01 09:16:31 AM,331.75,1425,472743.75,96970552.5
2025-08-01 09:16:31 AM,333.2,0,0.0,96970552.5
2025-08-01 09:16:31 AM,333.2,675,224910.0,97195462.5
2025-08-01 09:16:32 AM,330.95,0,0.0,97195462.5
2025-08-01 09:16:32 AM,331.0,0,0.0,97195462.5
2025-08-01 09:16:32 AM,330.6,600,198360.0,97393822.5
2025-08-01 09:16:33 AM,331.0,600,198600.0,97592422.5
2025-08-01 09:16:34 AM,330.8,0,0.0,97592422.5
2025-08-01 09:16:34 AM,330.0,1500,495000.0,98087422.5
2025-08-01 09:16:34 AM,330.7,0,0.0,98087422.5
2025-08-01 09:16:34 AM,330.75,675,223256.25,98310678.75
2025-08-01 09:16:35 AM,331.3,0,0.0,98310678.75
2025-08-01 09:16:35 AM,331.7,0,0.0,98310678.75
2025-08-01 09:16:36 AM,331.0,900,297900.0,98608578.75
2025-08-01 09:16:36 AM,331.0,225,74475.0,98683053.75
2025-08-01 09:16:36 AM,331.05,0,0.0,98683053.75
2025-08-01 09:16:36 AM,330.9,0,0.0,98683053.75
2025-08-01 09:16:37 AM,330.3,0,0.0,98683053.75
2025-08-01 09:16:37 AM,331.65,0,0.0,98683053.75
2025-08-01 09:16:37 AM,331.65,900,298485.0,98981538.75
2025-08-01 09:16:38 AM,331.95,0,0.0,98981538.75
2025-08-01 09:16:39 AM,331.4,0,0.0,98981538.75
2025-08-01 09:16:39 AM,331.4,450,149130.0,99130668.75
2025-08-01 09:16:39 AM,331.65,0,0.0,99130668.75
2025-08-01 09:16:39 AM,331.65,75,24873.75,99155542.5
2025-08-01 09:16:40 AM,331.6,0,0.0,99155542.5
2025-08-01 09:16:40 AM,332.0,0,0.0,99155542.5
2025-08-01 09:16:40 AM,332.0,900,298800.0,99454342.5
2025-08-01 09:16:42 AM,333.1,0,0.0,99454342.5
2025-08-01 09:16:42 AM,332.1,3075,1021207.5000000001,100475550.0
2025-08-01 09:16:42 AM,333.1,450,149895.0,100625445.0
2025-08-01 09:16:43 AM,331.9,0,0.0,100625445.0
2025-08-01 09:16:44 AM,332.5,1125,374062.5,100999507.5
2025-08-01 09:16:44 AM,332.0,0,0.0,100999507.5
2025-08-01 09:16:45 AM,332.65,0,0.0,100999507.5
2025-08-01 09:16:45 AM,332.25,0,0.0,100999507.5
2025-08-01 09:16:45 AM,333.3,1200,399960.0,101399467.5
2025-08-01 09:16:45 AM,333.45,225,75026.25,101474493.75
2025-08-01 09:16:47 AM,334.55,0,0.0,101474493.75
2025-08-01 09:16:47 AM,334.55,5175,1731296.25,103205790.0
2025-08-01 09:16:47 AM,335.25,0,0.0,103205790.0
2025-08-01 09:16:47 AM,335.25,450,150862.5,103356652.5
2025-08-01 09:16:48 AM,334.95,0,0.0,103356652.5
2025-08-01 09:16:48 AM,335.4,0,0.0,103356652.5
2025-08-01 09:16:48 AM,335.45,6525,2188811.25,105545463.75
2025-08-01 09:16:49 AM,335.45,375,125793.75,105671257.5
2025-08-01 09:16:49 AM,335.75,0,0.0,105671257.5
2025-08-01 09:16:49 AM,337.2,0,0.0,105671257.5
2025-08-01 09:16:50 AM,337.2,4425,1492110.0,107163367.5
2025-08-01 09:16:50 AM,333.5,0,0.0,107163367.5
2025-08-01 09:16:50 AM,335.0,150,50250.0,107213617.5
2025-08-01 09:16:51 AM,335.05,0,0.0,107213617.5
2025-08-01 09:16:51 AM,333.55,0,0.0,107213617.5
2025-08-01 09:16:52 AM,334.8,1650,552420.0,107766037.5
2025-08-01 09:16:52 AM,335.85,0,0.0,107766037.5
2025-08-01 09:16:52 AM,336.3,525,176557.5,107942595.0
2025-08-01 09:16:52 AM,336.0,0,0.0,107942595.0
2025-08-01 09:16:53 AM,335.0,0,0.0,107942595.0
2025-08-01 09:16:53 AM,335.75,0,0.0,107942595.0
2025-08-01 09:16:53 AM,335.6,2400,805440.0,108748035.0
2025-08-01 09:16:53 AM,335.7,75,25177.5,108773212.5
2025-08-01 09:16:54 AM,336.7,0,0.0,108773212.5
2025-08-01 09:16:54 AM,336.05,0,0.0,108773212.5
2025-08-01 09:16:55 AM,337.75,0,0.0,108773212.5
2025-08-01 09:16:55 AM,337.75,6975,2355806.25,111129018.75
2025-08-01 09:16:55 AM,337.75,150,50662.5,111179681.25
2025-08-01 09:16:56 AM,338.4,0,0.0,111179681.25
2025-08-01 09:16:56 AM,338.0,0,0.0,111179681.25
2025-08-01 09:16:56 AM,338.7,7125,2413237.5,113592918.75
2025-08-01 09:16:57 AM,338.0,4275,1444950.0,115037868.75
2025-08-01 09:16:57 AM,338.4,0,0.0,115037868.75
2025-08-01 09:16:57 AM,337.7,0,0.0,115037868.75
2025-08-01 09:16:58 AM,340.25,0,0.0,115037868.75
2025-08-01 09:16:58 AM,339.8,12825,4357935.0,119395803.75
2025-08-01 09:16:58 AM,339.8,975,331305.0,119727108.75
2025-08-01 09:16:59 AM,341.25,0,0.0,119727108.75
2025-08-01 09:16:59 AM,340.4,0,0.0,119727108.75
2025-08-01 09:17:00 AM,340.6,7800,2656680.0,122383788.75
2025-08-01 09:17:00 AM,340.95,0,0.0,122383788.75
2025-08-01 09:17:00 AM,340.4,3825,1302030.0,123685818.75
2025-08-01 09:17:00 AM,339.85,0,0.0,123685818.75
2025-08-01 09:17:01 AM,340.35,0,0.0,123685818.75
2025-08-01 09:17:01 AM,339.35,0,0.0,123685818.75
2025-08-01 09:17:01 AM,340.55,2925,996108.75,124681927.5
2025-08-01 09:17:02 AM,339.85,0,0.0,124681927.5
2025-08-01 09:17:03 AM,340.15,0,0.0,124681927.5
2025-08-01 09:17:03 AM,340.15,1275,433691.25,125115618.75
2025-08-01 09:17:03 AM,341.5,975,332962.5,125448581.25
2025-08-01 09:17:04 AM,342.25,0,0.0,125448581.25
2025-08-01 09:17:04 AM,341.9,0,0.0,125448581.25
2025-08-01 09:17:04 AM,342.2,5850,2001870.0,127450451.25
2025-08-01 09:17:05 AM,341.5,675,230512.5,127680963.75
2025-08-01 09:17:05 AM,342.05,0,0.0,127680963.75
2025-08-01 09:17:05 AM,341.35,0,0.0,127680963.75
2025-08-01 09:17:06 AM,343.0,0,0.0,127680963.75
2025-08-01 09:17:06 AM,343.5,6975,2395912.5,130076876.25
2025-08-01 09:17:06 AM,343.7,2625,902212.5,130979088.75
2025-08-01 09:17:07 AM,343.4,0,0.0,130979088.75
2025-08-01 09:17:07 AM,343.5,0,0.0,130979088.75
2025-08-01 09:17:08 AM,342.9,4275,1465897.5,132444986.25
2025-08-01 09:17:08 AM,342.85,0,0.0,132444986.25
2025-08-01 09:17:09 AM,343.3,0,0.0,132444986.25
2025-08-01 09:17:09 AM,343.75,2625,902343.75,133347330.0
2025-08-01 09:17:10 AM,344.25,0,0.0,133347330.0
2025-08-01 09:17:11 AM,344.15,975,335546.25,133682876.25
2025-08-01 09:17:11 AM,344.0,0,0.0,133682876.25
2025-08-01 09:17:12 AM,343.15,0,0.0,133682876.25
2025-08-01 09:17:12 AM,340.65,5850,1992802.4999999998,135675678.75
2025-08-01 09:17:13 AM,340.25,0,0.0,135675678.75
2025-08-01 09:17:13 AM,340.75,0,0.0,135675678.75
2025-08-01 09:17:14 AM,337.45,5775,1948773.75,137624452.5
2025-08-01 09:17:14 AM,338.9,0,0.0,137624452.5
2025-08-01 09:17:14 AM,338.9,525,177922.5,137802375.0
2025-08-01 09:17:14 AM,339.15,0,0.0,137802375.0
2025-08-01 09:17:15 AM,338.8,0,0.0,137802375.0
2025-08-01 09:17:15 AM,339.75,4050,1375987.5,139178362.5
2025-08-01 09:17:15 AM,339.95,450,152977.5,139331340.0
2025-08-01 09:17:16 AM,340.0,0,0.0,139331340.0
2025-08-01 09:17:16 AM,340.2,0,0.0,139331340.0
2025-08-01 09:17:17 AM,340.1,0,0.0,139331340.0
2025-08-01 09:17:17 AM,340.1,1350,459135.00000000006,139790475.0
2025-08-01 09:17:18 AM,341.1,0,0.0,139790475.0
2025-08-01 09:17:18 AM,341.65,2325,794336.25,140584811.25
2025-08-01 09:17:18 AM,341.3,225,76792.5,140661603.75
2025-08-01 09:17:19 AM,342.3,0,0.0,140661603.75
2025-08-01 09:17:19 AM,341.6,0,0.0,140661603.75
2025-08-01 09:17:20 AM,340.0,0,0.0,140661603.75
2025-08-01 09:17:20 AM,340.0,1050,357000.0,141018603.75
2025-08-01 09:17:20 AM,342.0,0,0.0,141018603.75
2025-08-01 09:17:20 AM,340.0,3900,1326000.0,142344603.75
2025-08-01 09:17:21 AM,341.2,0,0.0,142344603.75
2025-08-01 09:17:21 AM,340.0,3375,1147500.0,143492103.75
2025-08-01 09:17:22 AM,339.1,0,0.0,143492103.75
2025-08-01 09:17:23 AM,338.0,0,0.0,143492103.75
2025-08-01 09:17:23 AM,338.0,2700,912600.0,144404703.75
2025-08-01 09:17:23 AM,338.0,975,329550.0,144734253.75
2025-08-01 09:17:24 AM,337.0,0,0.0,144734253.75
2025-08-01 09:17:24 AM,337.0,1125,379125.0,145113378.75
2025-08-01 09:17:25 AM,336.85,300,101055.0,145214433.75
2025-08-01 09:17:25 AM,336.9,0,0.0,145214433.75
2025-08-01 09:17:26 AM,336.0,0,0.0,145214433.75
2025-08-01 09:17:26 AM,335.45,825,276746.25,145491180.0
2025-08-01 09:17:27 AM,335.0,0,0.0,145491180.0
2025-08-01 09:17:27 AM,334.65,0,0.0,145491180.0
2025-08-01 09:17:28 AM,334.4,1875,627000.0,146118180.0
2025-08-01 09:17:28 AM,334.0,1200,400800.0,146518980.0
2025-08-01 09:17:29 AM,334.1,0,0.0,146518980.0
2025-08-01 09:17:29 AM,334.1,9450,3157245.0,149676225.0
2025-08-01 09:17:30 AM,331.25,0,0.0,149676225.0
2025-08-01 09:17:30 AM,332.55,0,0.0,149676225.0
2025-08-01 09:17:31 AM,332.55,2700,897885.0,150574110.0
2025-08-01 09:17:31 AM,332.5,75,24937.5,150599047.5
2025-08-01 09:17:32 AM,332.2,0,0.0,150599047.5
2025-08-01 09:17:32 AM,332.2,375,124575.0,150723622.5
2025-08-01 09:17:33 AM,331.05,150,49657.5,150773280.0
2025-08-01 09:17:33 AM,331.8,0,0.0,150773280.0
2025-08-01 09:17:33 AM,332.35,0,0.0,150773280.0
2025-08-01 09:17:34 AM,334.65,0,0.0,150773280.0
2025-08-01 09:17:34 AM,334.0,975,325650.0,151098930.0
2025-08-01 09:17:34 AM,333.95,0,0.0,151098930.0
2025-08-01 09:17:34 AM,333.4,1575,525105.0,151624035.0
2025-08-01 09:17:35 AM,331.8,0,0.0,151624035.0
2025-08-01 09:17:35 AM,333.1,900,299790.0,151923825.0
2025-08-01 09:17:36 AM,333.2,225,74970.0,151998795.0
2025-08-01 09:17:37 AM,334.0,0,0.0,151998795.0
2025-08-01 09:17:37 AM,333.45,0,0.0,151998795.0
2025-08-01 09:17:37 AM,333.45,2625,875306.25,152874101.25
2025-08-01 09:17:37 AM,332.8,3075,1023360.0,153897461.25
2025-08-01 09:17:38 AM,332.6,0,0.0,153897461.25
2025-08-01 09:17:38 AM,332.7,0,0.0,153897461.25
2025-08-01 09:17:39 AM,332.5,300,99750.0,153997211.25
2025-08-01 09:17:39 AM,333.55,0,0.0,153997211.25
2025-08-01 09:17:40 AM,332.25,0,0.0,153997211.25
2025-08-01 09:17:40 AM,332.45,0,0.0,153997211.25
2025-08-01 09:17:40 AM,332.45,1350,448807.5,154446018.75
2025-08-01 09:17:41 AM,332.55,0,0.0,154446018.75
2025-08-01 09:17:42 AM,332.0,1875,622500.0,155068518.75
2025-08-01 09:17:42 AM,331.65,0,0.0,155068518.75
2025-08-01 09:17:43 AM,331.85,0,0.0,155068518.75
2025-08-01 09:17:43 AM,331.85,150,49777.5,155118296.25
2025-08-01 09:17:44 AM,332.3,0,0.0,155118296.25
2025-08-01 09:17:44 AM,331.85,0,0.0,155118296.25
2025-08-01 09:17:45 AM,331.15,0,0.0,155118296.25
2025-08-01 09:17:45 AM,331.15,1800,596070.0,155714366.25
2025-08-01 09:17:46 AM,331.55,0,0.0,155714366.25
2025-08-01 09:17:46 AM,331.65,825,273611.25,155987977.5
2025-08-01 09:17:47 AM,332.4,0,0.0,155987977.5
2025-08-01 09:17:47 AM,332.8,0,0.0,155987977.5
2025-08-01 09:17:48 AM,332.5,0,0.0,155987977.5
2025-08-01 09:17:48 AM,332.15,825,274023.75,156262001.25
2025-08-01 09:17:49 AM,332.65,0,0.0,156262001.25
2025-08-01 09:17:49 AM,333.4,0,0.0,156262001.25
2025-08-01 09:17:50 AM,332.8,2100,698880.0,156960881.25
2025-08-01 09:17:51 AM,332.6,0,0.0,156960881.25
2025-08-01 09:17:51 AM,332.75,0,0.0,156960881.25
2025-08-01 09:17:51 AM,332.75,450,149737.5,157110618.75
2025-08-01 09:17:51 AM,332.2,75,24915.0,157135533.75
2025-08-01 09:17:52 AM,333.2,0,0.0,157135533.75
2025-08-01 09:17:52 AM,335.5,0,0.0,157135533.75
2025-08-01 09:17:53 AM,334.95,4125,1381668.75,158517202.5
2025-08-01 09:17:54 AM,335.35,0,0.0,158517202.5
2025-08-01 09:17:54 AM,335.9,0,0.0,158517202.5
2025-08-01 09:17:54 AM,335.9,450,151155.0,158668357.5
2025-08-01 09:17:55 AM,335.35,0,0.0,158668357.5
2025-08-01 09:17:56 AM,335.4,3600,1207440.0,159875797.5
2025-08-01 09:17:57 AM,334.2,0,0.0,159875797.5
2025-08-01 09:17:57 AM,334.2,150,50130.0,159925927.5
2025-08-01 09:17:58 AM,334.3,0,0.0,159925927.5
2025-08-01 09:17:58 AM,334.7,0,0.0,159925927.5
2025-08-01 09:17:59 AM,336.05,0,0.0,159925927.5
2025-08-01 09:17:59 AM,336.05,300,100815.0,160026742.5
2025-08-01 09:18:00 AM,336.45,0,0.0,160026742.5
2025-08-01 09:18:00 AM,337.0,0,0.0,160026742.5
2025-08-01 09:18:00 AM,337.1,1125,379237.5,160405980.0
2025-08-01 09:18:01 AM,337.2,450,151740.0,160557720.0
2025-08-01 09:18:01 AM,337.45,0,0.0,160557720.0
2025-08-01 09:18:01 AM,336.6,0,0.0,160557720.0
2025-08-01 09:18:02 AM,336.4,0,0.0,160557720.0
2025-08-01 09:18:02 AM,336.4,825,277530.0,160835250.0
2025-08-01 09:18:03 AM,337.15,0,0.0,160835250.0
2025-08-01 09:18:03 AM,337.3,0,0.0,160835250.0
2025-08-01 09:18:03 AM,337.2,675,227610.0,161062860.0
2025-08-01 09:18:04 AM,336.4,0,0.0,161062860.0
2025-08-01 09:18:05 AM,338.0,0,0.0,161062860.0
2025-08-01 09:18:05 AM,338.0,975,329550.0,161392410.0
2025-08-01 09:18:06 AM,337.0,0,0.0,161392410.0
2025-08-01 09:18:06 AM,337.45,0,0.0,161392410.0
2025-08-01 09:18:07 AM,337.45,525,177161.25,161569571.25
2025-08-01 09:18:07 AM,338.0,0,0.0,161569571.25
2025-08-01 09:18:07 AM,338.0,75,25350.0,161594921.25
2025-08-01 09:18:08 AM,337.8,0,0.0,161594921.25
2025-08-01 09:18:08 AM,339.1,0,0.0,161594921.25
2025-08-01 09:18:08 AM,339.1,450,152595.0,161747516.25
2025-08-01 09:18:08 AM,339.65,75,25473.75,161772990.0
2025-08-01 09:18:09 AM,342.0,0,0.0,161772990.0
2025-08-01 09:18:09 AM,341.65,0,0.0,161772990.0
2025-08-01 09:18:10 AM,342.25,3450,1180762.5,162953752.5
2025-08-01 09:18:10 AM,340.0,2700,918000.0,163871752.5
2025-08-01 09:18:10 AM,338.9,0,0.0,163871752.5
2025-08-01 09:18:11 AM,339.95,0,0.0,163871752.5
2025-08-01 09:18:11 AM,340.15,0,0.0,163871752.5
2025-08-01 09:18:11 AM,339.45,1275,432798.75,164304551.25
2025-08-01 09:18:11 AM,340.5,375,127687.5,164432238.75
2025-08-01 09:18:12 AM,340.75,0,0.0,164432238.75
2025-08-01 09:18:12 AM,339.1,0,0.0,164432238.75
2025-08-01 09:18:12 AM,338.2,900,304380.0,164736618.75
2025-08-01 09:18:13 AM,338.1,0,0.0,164736618.75
2025-08-01 09:18:13 AM,338.05,825,278891.25,165015510.0
2025-08-01 09:18:14 AM,338.1,0,0.0,165015510.0
2025-08-01 09:18:14 AM,337.15,0,0.0,165015510.0
2025-08-01 09:18:14 AM,337.15,600,202290.0,165217800.0
2025-08-01 09:18:15 AM,337.05,75,25278.75,165243078.75
2025-08-01 09:18:15 AM,337.35,0,0.0,165243078.75
2025-08-01 09:18:15 AM,336.4,0,0.0,165243078.75
2025-08-01 09:18:16 AM,336.45,0,0.0,165243078.75
2025-08-01 09:18:16 AM,337.0,975,328575.0,165571653.75
2025-08-01 09:18:16 AM,338.2,150,50730.0,165622383.75
2025-08-01 09:18:17 AM,337.1,0,0.0,165622383.75
2025-08-01 09:18:17 AM,336.95,225,75813.75,165698197.5
2025-08-01 09:18:18 AM,338.3,0,0.0,165698197.5
2025-08-01 09:18:18 AM,338.3,525,177607.5,165875805.0
2025-08-01 09:18:19 AM,337.35,0,0.0,165875805.0
2025-08-01 09:18:19 AM,336.85,300,101055.0,165976860.0
2025-08-01 09:18:20 AM,335.95,600,201570.0,166178430.0
2025-08-01 09:18:20 AM,335.2,0,0.0,166178430.0
2025-08-01 09:18:21 AM,333.5,0,0.0,166178430.0
2025-08-01 09:18:21 AM,333.5,1800,600300.0,166778730.0
2025-08-01 09:18:21 AM,333.0,0,0.0,166778730.0
2025-08-01 09:18:21 AM,333.0,150,49950.0,166828680.0
2025-08-01 09:18:22 AM,332.55,0,0.0,166828680.0
2025-08-01 09:18:22 AM,332.9,150,49935.0,166878615.0
2025-08-01 09:18:23 AM,332.6,0,0.0,166878615.0
2025-08-01 09:18:23 AM,332.5,375,124687.5,167003302.5
2025-08-01 09:18:24 AM,332.85,0,0.0,167003302.5
2025-08-01 09:18:24 AM,332.0,0,0.0,167003302.5
2025-08-01 09:18:24 AM,332.25,1650,548212.5,167551515.0
2025-08-01 09:18:25 AM,332.35,0,0.0,167551515.0
2025-08-01 09:18:26 AM,332.55,0,0.0,167551515.0
2025-08-01 09:18:26 AM,332.55,300,99765.0,167651280.0
2025-08-01 09:18:26 AM,332.3,0,0.0,167651280.0
2025-08-01 09:18:26 AM,332.3,150,49845.0,167701125.0
2025-08-01 09:18:27 AM,330.7,0,0.0,167701125.0
2025-08-01 09:18:27 AM,330.7,1125,372037.5,168073162.5
2025-08-01 09:18:28 AM,330.6,0,0.0,168073162.5
2025-08-01 09:18:28 AM,330.6,75,24795.0,168097957.5
2025-08-01 09:18:29 AM,332.8,0,0.0,168097957.5
2025-08-01 09:18:29 AM,332.8,525,174720.0,168272677.5
2025-08-01 09:18:30 AM,333.35,225,75003.75,168347681.25
2025-08-01 09:18:30 AM,335.4,0,0.0,168347681.25
2025-08-01 09:18:30 AM,334.1,0,0.0,168347681.25
2025-08-01 09:18:31 AM,334.75,0,0.0,168347681.25
2025-08-01 09:18:31 AM,334.55,900,301095.0,168648776.25
2025-08-01 09:18:33 AM,333.4,0,0.0,168648776.25
2025-08-01 09:18:33 AM,333.45,0,0.0,168648776.25
2025-08-01 09:18:33 AM,333.45,1350,450157.5,169098933.75
2025-08-01 09:18:34 AM,333.65,0,0.0,169098933.75
2025-08-01 09:18:34 AM,332.9,0,0.0,169098933.75
2025-08-01 09:18:34 AM,332.8,600,199680.0,169298613.75
2025-08-01 09:18:35 AM,332.25,0,0.0,169298613.75
2025-08-01 09:18:35 AM,331.6,0,0.0,169298613.75
2025-08-01 09:18:36 AM,333.45,0,0.0,169298613.75
2025-08-01 09:18:36 AM,333.45,1125,375131.25,169673745.0
2025-08-01 09:18:36 AM,333.45,75,25008.75,169698753.75
2025-08-01 09:18:37 AM,333.85,0,0.0,169698753.75
2025-08-01 09:18:38 AM,333.85,75,25038.75,169723792.5
2025-08-01 09:18:38 AM,333.7,0,0.0,169723792.5
2025-08-01 09:18:38 AM,333.7,150,50055.0,169773847.5
2025-08-01 09:18:39 AM,332.45,0,0.0,169773847.5
2025-08-01 09:18:39 AM,332.45,300,99735.0,169873582.5
2025-08-01 09:18:40 AM,333.3,150,49995.0,169923577.5
2025-08-01 09:18:40 AM,334.1,0,0.0,169923577.5
2025-08-01 09:18:41 AM,332.8,0,0.0,169923577.5
2025-08-01 09:18:41 AM,332.5,975,324187.5,170247765.0
2025-08-01 09:18:41 AM,332.8,0,0.0,170247765.0
2025-08-01 09:18:41 AM,332.8,150,49920.0,170297685.0
2025-08-01 09:18:42 AM,333.65,0,0.0,170297685.0
2025-08-01 09:18:43 AM,333.65,75,25023.75,170322708.75
2025-08-01 09:18:43 AM,334.05,0,0.0,170322708.75
2025-08-01 09:18:43 AM,334.6,450,150570.0,170473278.75
2025-08-01 09:18:44 AM,334.75,0,0.0,170473278.75
2025-08-01 09:18:44 AM,334.75,300,100425.0,170573703.75
2025-08-01 09:18:45 AM,334.65,225,75296.25,170649000.0
2025-08-01 09:18:45 AM,334.8,0,0.0,170649000.0
2025-08-01 09:18:46 AM,336.25,0,0.0,170649000.0
2025-08-01 09:18:46 AM,336.25,600,201750.0,170850750.0
2025-08-01 09:18:46 AM,336.0,0,0.0,170850750.0
2025-08-01 09:18:46 AM,336.0,75,25200.0,170875950.0
2025-08-01 09:18:47 AM,335.45,0,0.0,170875950.0
2025-08-01 09:18:48 AM,335.2,1650,553080.0,171429030.0
2025-08-01 09:18:48 AM,333.3,0,0.0,171429030.0
2025-08-01 09:18:48 AM,333.6,1800,600480.0,172029510.0
2025-08-01 09:18:49 AM,331.3,0,0.0,172029510.0
2025-08-01 09:18:49 AM,331.6,0,0.0,172029510.0
2025-08-01 09:18:49 AM,331.6,2850,945060.0000000001,172974570.0
2025-08-01 09:18:50 AM,330.9,10875,3598537.4999999995,176573107.5
2025-08-01 09:18:50 AM,330.0,0,0.0,176573107.5
2025-08-01 09:18:51 AM,329.75,0,0.0,176573107.5
2025-08-01 09:18:51 AM,329.75,1500,494625.0,177067732.5
2025-08-01 09:18:51 AM,330.0,750,247500.0,177315232.5
2025-08-01 09:18:52 AM,329.5,0,0.0,177315232.5
2025-08-01 09:18:53 AM,328.75,2850,936937.5,178252170.0
2025-08-01 09:18:53 AM,328.05,0,0.0,178252170.0
2025-08-01 09:18:53 AM,328.05,3600,1180980.0,179433150.0
2025-08-01 09:18:54 AM,329.8,0,0.0,179433150.0
2025-08-01 09:18:54 AM,330.05,750,247537.5,179680687.5
2025-08-01 09:18:55 AM,332.1,75,24907.5,179705595.0
2025-08-01 09:18:55 AM,331.65,0,0.0,179705595.0
2025-08-01 09:18:56 AM,330.4,0,0.0,179705595.0
2025-08-01 09:18:56 AM,329.5,1425,469537.5,180175132.5
2025-08-01 09:18:57 AM,329.9,0,0.0,180175132.5
2025-08-01 09:18:57 AM,330.15,0,0.0,180175132.5
2025-08-01 09:18:58 AM,329.05,525,172751.25,180347883.75
2025-08-01 09:18:58 AM,329.1,75,24682.5,180372566.25
2025-08-01 09:18:59 AM,328.25,0,0.0,180372566.25
2025-08-01 09:18:59 AM,329.6,0,0.0,180372566.25
2025-08-01 09:18:59 AM,329.6,3225,1062960.0,181435526.25
2025-08-01 09:19:00 AM,328.8,150,49320.0,181484846.25
2025-08-01 09:19:00 AM,329.6,0,0.0,181484846.25
2025-08-01 09:19:00 AM,329.7,0,0.0,181484846.25
2025-08-01 09:19:01 AM,330.05,0,0.0,181484846.25
2025-08-01 09:19:01 AM,330.05,600,198030.0,181682876.25
2025-08-01 09:19:02 AM,329.9,0,0.0,181682876.25
2025-08-01 09:19:02 AM,330.85,0,0.0,181682876.25
2025-08-01 09:19:03 AM,331.4,1725,571665.0,182254541.25
2025-08-01 09:19:03 AM,331.2,0,0.0,182254541.25
2025-08-01 09:19:03 AM,331.5,450,149175.0,182403716.25
2025-08-01 09:19:04 AM,333.15,0,0.0,182403716.25
2025-08-01 09:19:04 AM,333.15,150,49972.5,182453688.75
2025-08-01 09:19:05 AM,333.0,150,49950.0,182503638.75
2025-08-01 09:19:06 AM,333.4,375,125024.99999999999,182628663.75
2025-08-01 09:19:06 AM,333.3,0,0.0,182628663.75
2025-08-01 09:19:06 AM,333.3,75,24997.5,182653661.25
2025-08-01 09:19:07 AM,332.25,0,0.0,182653661.25
2025-08-01 09:19:08 AM,332.5,600,199500.0,182853161.25
2025-08-01 09:19:08 AM,333.0,300,99900.0,182953061.25
2025-08-01 09:19:09 AM,332.4,0,0.0,182953061.25
2025-08-01 09:19:09 AM,332.5,0,0.0,182953061.25
2025-08-01 09:19:09 AM,332.5,450,149625.0,183102686.25
2025-08-01 09:19:10 AM,331.1,0,0.0,183102686.25
2025-08-01 09:19:10 AM,329.6,0,0.0,183102686.25
2025-08-01 09:19:11 AM,329.0,0,0.0,183102686.25
2025-08-01 09:19:11 AM,329.55,525,173013.75,183275700.0
2025-08-01 09:19:12 AM,331.8,0,0.0,183275700.0
2025-08-01 09:19:13 AM,331.8,225,74655.0,183350355.0
2025-08-01 09:19:13 AM,332.15,0,0.0,183350355.0
2025-08-01 09:19:13 AM,332.15,450,149467.5,183499822.5
2025-08-01 09:19:14 AM,333.3,0,0.0,183499822.5
2025-08-01 09:19:14 AM,332.4,0,0.0,183499822.5
2025-08-01 09:19:14 AM,332.55,825,274353.75,183774176.25
2025-08-01 09:19:15 AM,332.7,225,74857.5,183849033.75
2025-08-01 09:19:15 AM,332.65,0,0.0,183849033.75
2025-08-01 09:19:16 AM,331.75,0,0.0,183849033.75
2025-08-01 09:19:16 AM,331.75,1725,572268.75,184421302.5
2025-08-01 09:19:17 AM,331.95,0,0.0,184421302.5
2025-08-01 09:19:18 AM,332.3,150,49845.0,184471147.5
2025-08-01 09:19:18 AM,332.05,0,0.0,184471147.5
2025-08-01 09:19:18 AM,332.05,225,74711.25,184545858.75
2025-08-01 09:19:19 AM,329.6,0,0.0,184545858.75
2025-08-01 09:19:19 AM,330.7,0,0.0,184545858.75
2025-08-01 09:19:19 AM,330.7,675,223222.5,184769081.25
2025-08-01 09:19:20 AM,329.4,225,74115.0,184843196.25
2025-08-01 09:19:20 AM,330.0,0,0.0,184843196.25
2025-08-01 09:19:21 AM,328.6,0,0.0,184843196.25
2025-08-01 09:19:21 AM,328.6,525,172515.0,185015711.25
2025-08-01 09:19:21 AM,329.15,0,0.0,185015711.25
2025-08-01 09:19:21 AM,329.1,525,172777.5,185188488.75
2025-08-01 09:19:22 AM,328.8,0,0.0,185188488.75
2025-08-01 09:19:22 AM,327.85,0,0.0,185188488.75
2025-08-01 09:19:23 AM,327.0,1950,637650.0,185826138.75
2025-08-01 09:19:23 AM,327.5,0,0.0,185826138.75
2025-08-01 09:19:23 AM,327.5,150,49125.0,185875263.75
2025-08-01 09:19:24 AM,326.6,0,0.0,185875263.75
2025-08-01 09:19:24 AM,324.4,0,0.0,185875263.75
2025-08-01 09:19:24 AM,324.4,8475,2749290.0,188624553.75
2025-08-01 09:19:25 AM,324.15,675,218801.24999999997,188843355.0
2025-08-01 09:19:25 AM,323.85,0,0.0,188843355.0
2025-08-01 09:19:25 AM,323.95,0,0.0,188843355.0
2025-08-01 09:19:26 AM,323.75,0,0.0,188843355.0
2025-08-01 09:19:26 AM,323.45,1800,582210.0,189425565.0
2025-08-01 09:19:26 AM,323.95,0,0.0,189425565.0
2025-08-01 09:19:26 AM,323.8,300,97140.0,189522705.0
2025-08-01 09:19:27 AM,322.6,0,0.0,189522705.0
2025-08-01 09:19:28 AM,323.7,3300,1068210.0,190590915.0
2025-08-01 09:19:28 AM,323.95,0,0.0,190590915.0
2025-08-01 09:19:28 AM,325.5,0,0.0,190590915.0
2025-08-01 09:19:28 AM,325.5,525,170887.5,190761802.5
2025-08-01 09:19:29 AM,324.6,0,0.0,190761802.5
2025-08-01 09:19:29 AM,324.2,1875,607875.0,191369677.5
2025-08-01 09:19:30 AM,324.3,375,121612.5,191491290.0
2025-08-01 09:19:30 AM,324.25,0,0.0,191491290.0
2025-08-01 09:19:30 AM,325.15,0,0.0,191491290.0
2025-08-01 09:19:31 AM,325.95,0,0.0,191491290.0
2025-08-01 09:19:31 AM,325.95,3000,977850.0,192469140.0
2025-08-01 09:19:31 AM,326.45,0,0.0,192469140.0
2025-08-01 09:19:31 AM,326.45,75,24483.75,192493623.75
2025-08-01 09:19:32 AM,326.95,0,0.0,192493623.75
2025-08-01 09:19:32 AM,327.9,0,0.0,192493623.75
2025-08-01 09:19:33 AM,325.85,750,244387.50000000003,192738011.25
2025-08-01 09:19:33 AM,325.6,0,0.0,192738011.25
2025-08-01 09:19:33 AM,325.55,0,0.0,192738011.25
2025-08-01 09:19:33 AM,325.55,450,146497.5,192884508.75
2025-08-01 09:19:34 AM,324.8,0,0.0,192884508.75
2025-08-01 09:19:34 AM,324.8,1425,462840.0,193347348.75
2025-08-01 09:19:35 AM,324.4,75,24330.0,193371678.75
2025-08-01 09:19:35 AM,325.6,0,0.0,193371678.75
2025-08-01 09:19:36 AM,324.55,0,0.0,193371678.75
2025-08-01 09:19:36 AM,324.7,2250,730575.0,194102253.75
2025-08-01 09:19:36 AM,325.65,450,146542.5,194248796.25
2025-08-01 09:19:37 AM,324.7,0,0.0,194248796.25
2025-08-01 09:19:37 AM,325.65,0,0.0,194248796.25
2025-08-01 09:19:38 AM,325.0,1350,438750.0,194687546.25
2025-08-01 09:19:38 AM,324.95,75,24371.25,194711917.5
2025-08-01 09:19:39 AM,323.15,0,0.0,194711917.5
2025-08-01 09:19:39 AM,323.6,0,0.0,194711917.5
2025-08-01 09:19:39 AM,323.6,1050,339780.0,195051697.5
2025-08-01 09:19:40 AM,325.0,0,0.0,195051697.5
2025-08-01 09:19:40 AM,326.0,0,0.0,195051697.5
2025-08-01 09:19:41 AM,327.1,0,0.0,195051697.5
2025-08-01 09:19:41 AM,327.1,1725,564247.5,195615945.0
2025-08-01 09:19:41 AM,326.9,75,24517.5,195640462.5
2025-08-01 09:19:42 AM,327.05,0,0.0,195640462.5
2025-08-01 09:19:43 AM,327.3,3300,1080090.0,196720552.5
2025-08-01 09:19:43 AM,327.75,0,0.0,196720552.5
2025-08-01 09:19:43 AM,327.4,0,0.0,196720552.5
2025-08-01 09:19:43 AM,327.4,300,98220.0,196818772.5
2025-08-01 09:19:44 AM,327.65,0,0.0,196818772.5
2025-08-01 09:19:44 AM,328.0,0,0.0,196818772.5
2025-08-01 09:19:44 AM,328.0,450,147600.0,196966372.5
2025-08-01 09:19:45 AM,325.45,900,292905.0,197259277.5
2025-08-01 09:19:45 AM,324.2,0,0.0,197259277.5
2025-08-01 09:19:46 AM,324.55,0,0.0,197259277.5
2025-08-01 09:19:46 AM,325.0,525,170625.0,197429902.5
2025-08-01 09:19:47 AM,325.95,0,0.0,197429902.5
2025-08-01 09:19:47 AM,326.3,0,0.0,197429902.5
2025-08-01 09:19:48 AM,327.0,750,245250.0,197675152.5
2025-08-01 09:19:49 AM,325.7,0,0.0,197675152.5
2025-08-01 09:19:49 AM,326.2,450,146790.0,197821942.5
2025-08-01 09:19:50 AM,326.75,825,269568.75,198091511.25
2025-08-01 09:19:51 AM,326.45,0,0.0,198091511.25
2025-08-01 09:19:51 AM,326.45,75,24483.75,198115995.0
2025-08-01 09:19:52 AM,326.8,0,0.0,198115995.0
2025-08-01 09:19:52 AM,326.2,0,0.0,198115995.0
2025-08-01 09:19:53 AM,325.5,375,122062.5,198238057.5
2025-08-01 09:19:54 AM,326.8,0,0.0,198238057.5
2025-08-01 09:19:54 AM,326.8,300,98040.0,198336097.5
2025-08-01 09:19:55 AM,327.0,75,24525.0,198360622.5
2025-08-01 09:19:56 AM,327.7,0,0.0,198360622.5
2025-08-01 09:19:56 AM,327.7,150,49155.0,198409777.5
2025-08-01 09:19:57 AM,325.9,0,0.0,198409777.5
2025-08-01 09:19:58 AM,325.85,600,195510.0,198605287.5
2025-08-01 09:19:58 AM,325.35,0,0.0,198605287.5
2025-08-01 09:19:58 AM,325.45,0,0.0,198605287.5
2025-08-01 09:19:58 AM,325.45,900,292905.0,198898192.5
2025-08-01 09:19:59 AM,324.05,0,0.0,198898192.5
2025-08-01 09:19:59 AM,324.95,525,170598.75,199068791.25
2025-08-01 09:20:00 AM,324.95,1125,365568.75,199434360.0
2025-08-01 09:20:00 AM,326.65,0,0.0,199434360.0
2025-08-01 09:20:00 AM,326.45,0,0.0,199434360.0
2025-08-01 09:20:01 AM,327.6,0,0.0,199434360.0
2025-08-01 09:20:01 AM,328.45,1050,344872.5,199779232.5
2025-08-01 09:20:01 AM,327.15,0,0.0,199779232.5
2025-08-01 09:20:01 AM,327.15,375,122681.24999999999,199901913.75
2025-08-01 09:20:02 AM,327.0,0,0.0,199901913.75
2025-08-01 09:20:03 AM,325.3,300,97590.0,199999503.75
2025-08-01 09:20:03 AM,328.0,0,0.0,199999503.75
2025-08-01 09:20:03 AM,328.0,375,123000.0,200122503.75
2025-08-01 09:20:04 AM,329.1,0,0.0,200122503.75
2025-08-01 09:20:04 AM,328.95,0,0.0,200122503.75
2025-08-01 09:20:04 AM,328.95,600,197370.0,200319873.75
2025-08-01 09:20:05 AM,329.8,75,24735.0,200344608.75
2025-08-01 09:20:05 AM,330.8,0,0.0,200344608.75
2025-08-01 09:20:06 AM,330.3,0,0.0,200344608.75
2025-08-01 09:20:06 AM,330.3,1050,346815.0,200691423.75
2025-08-01 09:20:06 AM,331.65,375,124368.74999999999,200815792.5
2025-08-01 09:20:07 AM,330.8,0,0.0,200815792.5
2025-08-01 09:20:08 AM,331.1,1875,620812.5,201436605.0
2025-08-01 09:20:09 AM,330.15,0,0.0,201436605.0
2025-08-01 09:20:09 AM,329.55,0,0.0,201436605.0
2025-08-01 09:20:09 AM,329.55,4875,1606556.25,203043161.25
2025-08-01 09:20:10 AM,331.1,0,0.0,203043161.25
2025-08-01 09:20:11 AM,331.1,75,24832.5,203067993.75
2025-08-01 09:20:11 AM,331.25,75,24843.75,203092837.5
2025-08-01 09:20:12 AM,329.6,0,0.0,203092837.5
2025-08-01 09:20:13 AM,329.9,675,222682.49999999997,203315520.0
2025-08-01 09:20:13 AM,329.55,0,0.0,203315520.0
2025-08-01 09:20:13 AM,329.55,300,98865.0,203414385.0
2025-08-01 09:20:14 AM,330.55,0,0.0,203414385.0
2025-08-01 09:20:14 AM,331.55,0,0.0,203414385.0
2025-08-01 09:20:14 AM,331.55,450,149197.5,203563582.5
2025-08-01 09:20:15 AM,330.9,225,74452.5,203638035.0
2025-08-01 09:20:15 AM,331.65,0,0.0,203638035.0
2025-08-01 09:20:16 AM,330.95,0,0.0,203638035.0
2025-08-01 09:20:16 AM,330.95,4725,1563738.75,205201773.75
2025-08-01 09:20:16 AM,331.25,150,49687.5,205251461.25
2025-08-01 09:20:17 AM,331.6,0,0.0,205251461.25
2025-08-01 09:20:18 AM,331.6,525,174090.0,205425551.25
2025-08-01 09:20:18 AM,331.35,0,0.0,205425551.25
2025-08-01 09:20:18 AM,331.25,450,149062.5,205574613.75
2025-08-01 09:20:19 AM,330.0,0,0.0,205574613.75
2025-08-01 09:20:19 AM,330.0,1125,371250.0,205945863.75
2025-08-01 09:20:20 AM,332.0,1350,448200.0,206394063.75
2025-08-01 09:20:21 AM,331.15,0,0.0,206394063.75
2025-08-01 09:20:21 AM,331.15,75,24836.25,206418900.0
2025-08-01 09:20:22 AM,330.65,0,0.0,206418900.0
2025-08-01 09:20:22 AM,330.7,0,0.0,206418900.0
2025-08-01 09:20:23 AM,328.0,3375,1107000.0,207525900.0
2025-08-01 09:20:23 AM,328.75,0,0.0,207525900.0
2025-08-01 09:20:23 AM,328.75,300,98625.0,207624525.0
2025-08-01 09:20:24 AM,329.8,0,0.0,207624525.0
2025-08-01 09:20:24 AM,329.4,675,222344.99999999997,207846870.0
2025-08-01 09:20:25 AM,329.3,75,24697.5,207871567.5
2025-08-01 09:20:25 AM,328.3,0,0.0,207871567.5
2025-08-01 09:20:26 AM,328.05,0,0.0,207871567.5
2025-08-01 09:20:26 AM,328.05,525,172226.25,208043793.75
2025-08-01 09:20:26 AM,327.95,0,0.0,208043793.75
2025-08-01 09:20:26 AM,328.0,225,73800.0,208117593.75
2025-08-01 09:20:28 AM,328.95,600,197370.0,208314963.75
2025-08-01 09:20:28 AM,327.05,0,0.0,208314963.75
2025-08-01 09:20:28 AM,327.05,450,147172.5,208462136.25
2025-08-01 09:20:29 AM,326.55,0,0.0,208462136.25
2025-08-01 09:20:29 AM,326.8,0,0.0,208462136.25
2025-08-01 09:20:29 AM,326.8,1125,367650.0,208829786.25
2025-08-01 09:20:30 AM,326.65,0,0.0,208829786.25
2025-08-01 09:20:30 AM,327.15,0,0.0,208829786.25
2025-08-01 09:20:31 AM,327.45,0,0.0,208829786.25
2025-08-01 09:20:31 AM,327.3,1200,392760.0,209222546.25
2025-08-01 09:20:31 AM,327.05,0,0.0,209222546.25
2025-08-01 09:20:31 AM,327.05,150,49057.5,209271603.75
2025-08-01 09:20:32 AM,326.2,0,0.0,209271603.75
2025-08-01 09:20:33 AM,324.55,2175,705896.25,209977500.0
2025-08-01 09:20:34 AM,324.45,0,0.0,209977500.0
2025-08-01 09:20:34 AM,324.45,375,121668.75,210099168.75
2025-08-01 09:20:35 AM,323.7,450,145665.0,210244833.75
2025-08-01 09:20:36 AM,327.2,0,0.0,210244833.75
2025-08-01 09:20:36 AM,327.2,525,171780.0,210416613.75
2025-08-01 09:20:36 AM,325.25,0,0.0,210416613.75
2025-08-01 09:20:36 AM,324.95,1950,633652.5,211050266.25
2025-08-01 09:20:37 AM,325.45,0,0.0,211050266.25
2025-08-01 09:20:37 AM,324.9,0,0.0,211050266.25
2025-08-01 09:20:38 AM,325.05,600,195030.0,211245296.25
2025-08-01 09:20:39 AM,324.4,0,0.0,211245296.25
2025-08-01 09:20:39 AM,325.3,375,121987.5,211367283.75
2025-08-01 09:20:40 AM,324.0,75,24300.0,211391583.75
2025-08-01 09:20:40 AM,324.8,0,0.0,211391583.75
2025-08-01 09:20:41 AM,323.8,0,0.0,211391583.75
2025-08-01 09:20:41 AM,323.8,300,97140.0,211488723.75
2025-08-01 09:20:41 AM,324.8,600,194880.0,211683603.75
2025-08-01 09:20:42 AM,324.75,0,0.0,211683603.75
2025-08-01 09:20:42 AM,323.8,0,0.0,211683603.75
2025-08-01 09:20:43 AM,322.4,3975,1281540.0,212965143.75
2025-08-01 09:20:43 AM,321.5,0,0.0,212965143.75
2025-08-01 09:20:43 AM,322.55,0,0.0,212965143.75
2025-08-01 09:20:43 AM,322.55,825,266103.75,213231247.5
2025-08-01 09:20:44 AM,319.95,0,0.0,213231247.5
2025-08-01 09:20:44 AM,320.75,0,0.0,213231247.5
2025-08-01 09:20:44 AM,320.75,2850,914137.5,214145385.0
2025-08-01 09:20:45 AM,317.9,1275,405322.5,214550707.5
2025-08-01 09:20:45 AM,319.85,0,0.0,214550707.5
2025-08-01 09:20:46 AM,319.15,0,0.0,214550707.5
2025-08-01 09:20:46 AM,319.15,2175,694151.25,215244858.75
2025-08-01 09:20:46 AM,319.55,0,0.0,215244858.75
2025-08-01 09:20:46 AM,319.55,300,95865.0,215340723.75
2025-08-01 09:20:47 AM,321.05,0,0.0,215340723.75
2025-08-01 09:20:47 AM,321.55,0,0.0,215340723.75
2025-08-01 09:20:48 AM,320.95,1275,409211.25,215749935.0
2025-08-01 09:20:48 AM,319.9,0,0.0,215749935.0
2025-08-01 09:20:48 AM,319.4,0,0.0,215749935.0
2025-08-01 09:20:48 AM,319.4,1575,503054.99999999994,216252990.0
2025-08-01 09:20:49 AM,318.05,0,0.0,216252990.0
2025-08-01 09:20:49 AM,319.1,825,263257.5,216516247.5
2025-08-01 09:20:50 AM,317.6,825,262020.00000000003,216778267.5
2025-08-01 09:20:50 AM,318.55,0,0.0,216778267.5
2025-08-01 09:20:51 AM,317.65,0,0.0,216778267.5
2025-08-01 09:20:51 AM,317.65,525,166766.25,216945033.75
2025-08-01 09:20:52 AM,320.2,0,0.0,216945033.75
2025-08-01 09:20:53 AM,319.95,450,143977.5,217089011.25
2025-08-01 09:20:53 AM,319.8,0,0.0,217089011.25
2025-08-01 09:20:53 AM,319.9,0,0.0,217089011.25
2025-08-01 09:20:53 AM,319.9,1800,575820.0,217664831.25
2025-08-01 09:20:54 AM,319.2,0,0.0,217664831.25
2025-08-01 09:20:54 AM,318.8,0,0.0,217664831.25
2025-08-01 09:20:54 AM,317.65,975,309708.75,217974540.0
2025-08-01 09:20:55 AM,317.6,75,23820.0,217998360.0
2025-08-01 09:20:55 AM,318.5,0,0.0,217998360.0
2025-08-01 09:20:56 AM,319.8,0,0.0,217998360.0
2025-08-01 09:20:56 AM,319.8,1050,335790.0,218334150.0
2025-08-01 09:20:56 AM,319.2,225,71820.0,218405970.0
2025-08-01 09:20:57 AM,317.9,0,0.0,218405970.0
2025-08-01 09:20:57 AM,316.7,0,0.0,218405970.0
2025-08-01 09:20:58 AM,316.7,1500,475050.0,218881020.0
2025-08-01 09:20:58 AM,316.8,0,0.0,218881020.0
2025-08-01 09:20:58 AM,316.8,900,285120.0,219166140.0
2025-08-01 09:20:59 AM,317.35,0,0.0,219166140.0
2025-08-01 09:20:59 AM,316.6,0,0.0,219166140.0
2025-08-01 09:20:59 AM,316.6,825,261195.00000000003,219427335.0
2025-08-01 09:21:00 AM,317.65,225,71471.25,219498806.25
2025-08-01 09:21:00 AM,320.0,0,0.0,219498806.25
2025-08-01 09:21:01 AM,317.25,0,0.0,219498806.25
2025-08-01 09:21:01 AM,317.7,1500,476550.0,219975356.25
2025-08-01 09:21:02 AM,320.85,0,0.0,219975356.25
2025-08-01 09:21:02 AM,321.15,0,0.0,219975356.25
2025-08-01 09:21:03 AM,320.1,2550,816255.0,220791611.25
2025-08-01 09:21:03 AM,319.65,0,0.0,220791611.25
2025-08-01 09:21:03 AM,319.65,150,47947.5,220839558.75
2025-08-01 09:21:04 AM,320.0,0,0.0,220839558.75
2025-08-01 09:21:04 AM,321.05,0,0.0,220839558.75
2025-08-01 09:21:04 AM,320.85,375,120318.75000000001,220959877.5
2025-08-01 09:21:05 AM,320.8,150,48120.0,221007997.5
2025-08-01 09:21:05 AM,321.5,0,0.0,221007997.5
2025-08-01 09:21:05 AM,322.0,0,0.0,221007997.5
2025-08-01 09:21:06 AM,321.95,0,0.0,221007997.5
2025-08-01 09:21:06 AM,321.95,300,96585.0,221104582.5
2025-08-01 09:21:06 AM,321.5,0,0.0,221104582.5
2025-08-01 09:21:06 AM,321.9,300,96570.0,221201152.5
2025-08-01 09:21:07 AM,322.75,0,0.0,221201152.5
2025-08-01 09:21:08 AM,322.05,1725,555536.25,221756688.75
2025-08-01 09:21:08 AM,321.7,0,0.0,221756688.75
2025-08-01 09:21:08 AM,319.7,0,0.0,221756688.75
2025-08-01 09:21:08 AM,319.7,1725,551482.5,222308171.25
2025-08-01 09:21:09 AM,320.85,0,0.0,222308171.25
2025-08-01 09:21:09 AM,320.85,300,96255.0,222404426.25
2025-08-01 09:21:10 AM,320.9,300,96270.0,222500696.25
2025-08-01 09:21:10 AM,320.0,0,0.0,222500696.25
2025-08-01 09:21:11 AM,318.3,0,0.0,222500696.25
2025-08-01 09:21:11 AM,318.6,1650,525690.0,223026386.25
2025-08-01 09:21:11 AM,318.9,150,47835.0,223074221.25
2025-08-01 09:21:12 AM,319.4,0,0.0,223074221.25
2025-08-01 09:21:12 AM,319.65,0,0.0,223074221.25
2025-08-01 09:21:13 AM,318.4,2250,716400.0,223790621.25
2025-08-01 09:21:13 AM,318.65,0,0.0,223790621.25
2025-08-01 09:21:13 AM,318.65,150,47797.5,223838418.75
2025-08-01 09:21:13 AM,318.95,0,0.0,223838418.75
2025-08-01 09:21:14 AM,319.8,0,0.0,223838418.75
2025-08-01 09:21:14 AM,319.8,300,95940.0,223934358.75
2025-08-01 09:21:15 AM,318.1,750,238575.00000000003,224172933.75
2025-08-01 09:21:15 AM,317.1,0,0.0,224172933.75
2025-08-01 09:21:16 AM,318.65,0,0.0,224172933.75
2025-08-01 09:21:16 AM,318.65,300,95595.0,224268528.75
2025-08-01 09:21:16 AM,319.05,150,47857.5,224316386.25
2025-08-01 09:21:18 AM,320.4,0,0.0,224316386.25
2025-08-01 09:21:18 AM,320.4,75,24030.0,224340416.25
2025-08-01 09:21:19 AM,321.0,0,0.0,224340416.25
2025-08-01 09:21:19 AM,321.0,225,72225.0,224412641.25
2025-08-01 09:21:21 AM,318.3,0,0.0,224412641.25
2025-08-01 09:21:21 AM,319.0,0,0.0,224412641.25
2025-08-01 09:21:21 AM,319.0,900,287100.0,224699741.25
2025-08-01 09:21:21 AM,319.0,150,47850.0,224747591.25
2025-08-01 09:21:22 AM,319.05,0,0.0,224747591.25
2025-08-01 09:21:22 AM,319.1,0,0.0,224747591.25
2025-08-01 09:21:23 AM,319.5,450,143775.0,224891366.25
2025-08-01 09:21:24 AM,321.0,0,0.0,224891366.25
2025-08-01 09:21:24 AM,321.05,0,0.0,224891366.25
2025-08-01 09:21:24 AM,321.05,750,240787.5,225132153.75
2025-08-01 09:21:25 AM,320.55,150,48082.5,225180236.25
2025-08-01 09:21:25 AM,321.3,0,0.0,225180236.25
2025-08-01 09:21:26 AM,319.6,0,0.0,225180236.25
2025-08-01 09:21:26 AM,319.8,600,191880.0,225372116.25
2025-08-01 09:21:26 AM,318.0,825,262350.0,225634466.25
2025-08-01 09:21:28 AM,318.1,975,310147.5,225944613.75
2025-08-01 09:21:28 AM,318.8,75,23910.0,225968523.75
2025-08-01 09:21:29 AM,317.8,0,0.0,225968523.75
2025-08-01 09:21:29 AM,318.95,0,0.0,225968523.75
2025-08-01 09:21:29 AM,321.95,1500,482925.0,226451448.75
2025-08-01 09:21:30 AM,321.05,300,96315.0,226547763.75
2025-08-01 09:21:30 AM,320.7,0,0.0,226547763.75
2025-08-01 09:21:31 AM,320.7,75,24052.5,226571816.25
2025-08-01 09:21:31 AM,320.4,0,0.0,226571816.25
2025-08-01 09:21:31 AM,320.5,150,48075.0,226619891.25
2025-08-01 09:21:32 AM,320.8,0,0.0,226619891.25
2025-08-01 09:21:33 AM,321.0,1725,553725.0,227173616.25
2025-08-01 09:21:33 AM,320.5,0,0.0,227173616.25
2025-08-01 09:21:33 AM,321.3,8700,2795310.0,229968926.25
2025-08-01 09:21:34 AM,320.7,0,0.0,229968926.25
2025-08-01 09:21:34 AM,320.7,375,120262.5,230089188.75
2025-08-01 09:21:35 AM,319.7,150,47955.0,230137143.75
2025-08-01 09:21:35 AM,320.3,0,0.0,230137143.75
2025-08-01 09:21:36 AM,320.3,75,24022.5,230161166.25
2025-08-01 09:21:36 AM,320.4,0,0.0,230161166.25
2025-08-01 09:21:36 AM,320.0,225,72000.0,230233166.25
2025-08-01 09:21:37 AM,318.8,0,0.0,230233166.25
2025-08-01 09:21:38 AM,318.3,6600,2100780.0,232333946.25
2025-08-01 09:21:38 AM,318.15,0,0.0,232333946.25
2025-08-01 09:21:38 AM,318.15,150,47722.5,232381668.75
2025-08-01 09:21:38 AM,318.1,0,0.0,232381668.75
2025-08-01 09:21:39 AM,316.2,0,0.0,232381668.75
2025-08-01 09:21:39 AM,316.4,0,0.0,232381668.75
2025-08-01 09:21:39 AM,316.85,4425,1402061.25,233783730.0
2025-08-01 09:21:40 AM,317.55,75,23816.25,233807546.25
2025-08-01 09:21:40 AM,318.0,0,0.0,233807546.25
2025-08-01 09:21:41 AM,317.0,0,0.0,233807546.25
2025-08-01 09:21:41 AM,317.0,675,213975.0,234021521.25
2025-08-01 09:21:41 AM,317.25,0,0.0,234021521.25
2025-08-01 09:21:41 AM,317.0,1875,594375.0,234615896.25
2025-08-01 09:21:42 AM,315.0,0,0.0,234615896.25
2025-08-01 09:21:42 AM,316.65,0,0.0,234615896.25
2025-08-01 09:21:43 AM,316.75,2400,760200.0,235376096.25
2025-08-01 09:21:43 AM,317.35,1950,618832.5,235994928.75
2025-08-01 09:21:44 AM,315.0,0,0.0,235994928.75
2025-08-01 09:21:44 AM,315.35,0,0.0,235994928.75
2025-08-01 09:21:44 AM,315.35,2550,804142.5,236799071.25
2025-08-01 09:21:45 AM,315.35,225,70953.75,236870025.0
2025-08-01 09:21:45 AM,315.7,0,0.0,236870025.0
2025-08-01 09:21:46 AM,314.05,0,0.0,236870025.0
2025-08-01 09:21:46 AM,314.75,1575,495731.25,237365756.25
2025-08-01 09:21:46 AM,314.0,0,0.0,237365756.25
2025-08-01 09:21:46 AM,315.4,1800,567720.0,237933476.25
2025-08-01 09:21:47 AM,314.55,0,0.0,237933476.25
2025-08-01 09:21:47 AM,317.05,0,0.0,237933476.25
2025-08-01 09:21:48 AM,317.05,2325,737141.25,238670617.5
2025-08-01 09:21:48 AM,318.1,0,0.0,238670617.5
2025-08-01 09:21:48 AM,319.2,1350,430920.0,239101537.5
2025-08-01 09:21:48 AM,318.9,0,0.0,239101537.5
2025-08-01 09:21:49 AM,318.55,0,0.0,239101537.5
2025-08-01 09:21:49 AM,319.05,0,0.0,239101537.5
2025-08-01 09:21:49 AM,319.05,825,263216.25,239364753.75
2025-08-01 09:21:50 AM,321.1,0,0.0,239364753.75
2025-08-01 09:21:51 AM,320.3,0,0.0,239364753.75
2025-08-01 09:21:51 AM,321.25,2025,650531.25,240015285.0
2025-08-01 09:21:51 AM,322.0,600,193200.0,240208485.0
2025-08-01 09:21:52 AM,322.7,0,0.0,240208485.0
2025-08-01 09:21:52 AM,321.65,0,0.0,240208485.0
2025-08-01 09:21:53 AM,320.25,975,312243.75,240520728.75
2025-08-01 09:21:53 AM,321.55,150,48232.5,240568961.25
2025-08-01 09:21:53 AM,321.0,0,0.0,240568961.25
2025-08-01 09:21:54 AM,321.1,0,0.0,240568961.25
2025-08-01 09:21:54 AM,320.95,0,0.0,240568961.25
2025-08-01 09:21:54 AM,321.15,750,240862.49999999997,240809823.75
2025-08-01 09:21:55 AM,320.25,0,0.0,240809823.75
2025-08-01 09:21:56 AM,320.5,0,0.0,240809823.75
2025-08-01 09:21:56 AM,320.7,600,192420.0,241002243.75
2025-08-01 09:21:56 AM,320.45,0,0.0,241002243.75
2025-08-01 09:21:56 AM,320.95,375,120356.25,241122600.0
2025-08-01 09:21:57 AM,320.5,0,0.0,241122600.0
2025-08-01 09:21:57 AM,319.0,0,0.0,241122600.0
2025-08-01 09:21:58 AM,319.0,600,191400.0,241314000.0
2025-08-01 09:21:58 AM,318.95,0,0.0,241314000.0
2025-08-01 09:21:58 AM,318.95,75,23921.25,241337921.25
2025-08-01 09:21:59 AM,319.85,0,0.0,241337921.25
2025-08-01 09:21:59 AM,319.85,375,119943.75000000001,241457865.0
2025-08-01 09:22:00 AM,321.35,0,0.0,241457865.0
2025-08-01 09:22:00 AM,321.35,1425,457923.75000000006,241915788.75
2025-08-01 09:22:00 AM,322.0,0,0.0,241915788.75
2025-08-01 09:22:01 AM,322.8,0,0.0,241915788.75
2025-08-01 09:22:01 AM,322.8,375,121050.0,242036838.75
2025-08-01 09:22:01 AM,324.2,0,0.0,242036838.75
2025-08-01 09:22:01 AM,324.9,675,219307.49999999997,242256146.25
2025-08-01 09:22:02 AM,325.0,0,0.0,242256146.25
2025-08-01 09:22:03 AM,325.05,1725,560711.25,242816857.5
2025-08-01 09:22:03 AM,324.8,375,121800.0,242938657.5
2025-08-01 09:22:04 AM,325.85,0,0.0,242938657.5
2025-08-01 09:22:04 AM,325.45,0,0.0,242938657.5
2025-08-01 09:22:04 AM,324.85,1875,609093.75,243547751.25
2025-08-01 09:22:05 AM,324.5,0,0.0,243547751.25
2025-08-01 09:22:05 AM,324.5,225,73012.5,243620763.75
2025-08-01 09:22:05 AM,323.65,0,0.0,243620763.75
2025-08-01 09:22:06 AM,323.7,0,0.0,243620763.75
2025-08-01 09:22:06 AM,323.7,1575,509827.5,244130591.25
2025-08-01 09:22:06 AM,324.35,75,24326.25,244154917.5
2025-08-01 09:22:07 AM,323.0,0,0.0,244154917.5
2025-08-01 09:22:08 AM,323.7,375,121387.5,244276305.0
2025-08-01 09:22:08 AM,324.55,0,0.0,244276305.0
2025-08-01 09:22:08 AM,324.55,225,73023.75,244349328.75
2025-08-01 09:22:10 AM,323.95,0,0.0,244349328.75
2025-08-01 09:22:10 AM,323.85,0,0.0,244349328.75
2025-08-01 09:22:11 AM,324.45,0,0.0,244349328.75
2025-08-01 09:22:11 AM,324.45,825,267671.25,244617000.0
2025-08-01 09:22:12 AM,323.0,0,0.0,244617000.0
2025-08-01 09:22:12 AM,323.3,0,0.0,244617000.0
2025-08-01 09:22:13 AM,324.45,1275,413673.75,245030673.75
2025-08-01 09:22:13 AM,325.0,0,0.0,245030673.75
2025-08-01 09:22:13 AM,326.0,750,244500.0,245275173.75
2025-08-01 09:22:14 AM,327.2,0,0.0,245275173.75
2025-08-01 09:22:14 AM,326.65,600,195990.0,245471163.75
2025-08-01 09:22:15 AM,324.6,900,292140.0,245763303.75
2025-08-01 09:22:16 AM,324.5,0,0.0,245763303.75
2025-08-01 09:22:16 AM,324.5,2100,681450.0,246444753.75
2025-08-01 09:22:17 AM,323.9,0,0.0,246444753.75
2025-08-01 09:22:18 AM,323.6,450,145620.0,246590373.75
2025-08-01 09:22:19 AM,322.6,0,0.0,246590373.75
2025-08-01 09:22:19 AM,321.65,0,0.0,246590373.75
2025-08-01 09:22:19 AM,321.65,450,144742.5,246735116.25
2025-08-01 09:22:20 AM,323.2,5400,1745280.0,248480396.25
2025-08-01 09:22:21 AM,322.75,150,48412.5,248528808.75
2025-08-01 09:22:22 AM,322.5,150,48375.0,248577183.75
2025-08-01 09:22:22 AM,322.3,0,0.0,248577183.75
2025-08-01 09:22:22 AM,322.4,0,0.0,248577183.75
2025-08-01 09:22:23 AM,322.3,675,217552.5,248794736.25
2025-08-01 09:22:23 AM,320.55,0,0.0,248794736.25
2025-08-01 09:22:23 AM,321.0,225,72225.0,248866961.25
2025-08-01 09:22:23 AM,321.3,0,0.0,248866961.25
2025-08-01 09:22:24 AM,323.25,0,0.0,248866961.25
2025-08-01 09:22:24 AM,323.35,450,145507.5,249012468.75
2025-08-01 09:22:25 AM,323.5,0,0.0,249012468.75
2025-08-01 09:22:25 AM,323.2,0,0.0,249012468.75
2025-08-01 09:22:26 AM,322.25,0,0.0,249012468.75
2025-08-01 09:22:26 AM,322.25,750,241687.5,249254156.25
2025-08-01 09:22:27 AM,323.95,75,24296.25,249278452.5
2025-08-01 09:22:27 AM,323.7,0,0.0,249278452.5
2025-08-01 09:22:27 AM,323.0,0,0.0,249278452.5
2025-08-01 09:22:28 AM,323.0,300,96900.0,249375352.5
2025-08-01 09:22:29 AM,321.7,0,0.0,249375352.5
2025-08-01 09:22:29 AM,321.0,0,0.0,249375352.5
2025-08-01 09:22:29 AM,322.0,0,0.0,249375352.5
2025-08-01 09:22:29 AM,322.0,1950,627900.0,250003252.5
2025-08-01 09:22:30 AM,322.65,225,72596.25,250075848.75
2025-08-01 09:22:30 AM,321.0,0,0.0,250075848.75
2025-08-01 09:22:31 AM,320.7,0,0.0,250075848.75
2025-08-01 09:22:31 AM,320.7,150,48105.0,250123953.75
2025-08-01 09:22:32 AM,322.9,75,24217.5,250148171.25
2025-08-01 09:22:32 AM,323.7,0,0.0,250148171.25
2025-08-01 09:22:33 AM,325.7,2325,757252.5,250905423.75
2025-08-01 09:22:34 AM,324.45,0,0.0,250905423.75
2025-08-01 09:22:34 AM,324.75,0,0.0,250905423.75
2025-08-01 09:22:34 AM,324.75,300,97425.0,251002848.75
2025-08-01 09:22:35 AM,322.8,0,0.0,251002848.75
2025-08-01 09:22:36 AM,323.0,0,0.0,251002848.75
2025-08-01 09:22:36 AM,323.0,525,169575.0,251172423.75
2025-08-01 09:22:36 AM,322.25,0,0.0,251172423.75
2025-08-01 09:22:37 AM,320.0,600,192000.0,251364423.75
2025-08-01 09:22:37 AM,319.45,0,0.0,251364423.75
2025-08-01 09:22:37 AM,320.05,0,0.0,251364423.75
2025-08-01 09:22:38 AM,319.0,1875,598125.0,251962548.75
2025-08-01 09:22:38 AM,319.5,150,47925.0,252010473.75
2025-08-01 09:22:39 AM,320.0,0,0.0,252010473.75
2025-08-01 09:22:39 AM,320.0,75,24000.0,252034473.75
2025-08-01 09:22:41 AM,320.0,75,24000.0,252058473.75
2025-08-01 09:22:42 AM,320.6,0,0.0,252058473.75
2025-08-01 09:22:43 AM,320.0,900,288000.0,252346473.75
2025-08-01 09:22:43 AM,320.95,75,24071.25,252370545.0
2025-08-01 09:22:46 AM,320.0,0,0.0,252370545.0
2025-08-01 09:22:46 AM,320.0,75,24000.0,252394545.0
2025-08-01 09:22:47 AM,317.25,0,0.0,252394545.0
2025-08-01 09:22:48 AM,317.25,75,23793.75,252418338.75
2025-08-01 09:22:48 AM,318.25,0,0.0,252418338.75
2025-08-01 09:22:49 AM,318.5,0,0.0,252418338.75
2025-08-01 09:22:49 AM,318.5,825,262762.5,252681101.25
2025-08-01 09:22:50 AM,317.0,75,23775.0,252704876.25
2025-08-01 09:22:50 AM,316.9,0,0.0,252704876.25
2025-08-01 09:22:51 AM,316.9,225,71302.5,252776178.75
2025-08-01 09:22:51 AM,318.0,0,0.0,252776178.75
2025-08-01 09:22:52 AM,318.0,750,238500.0,253014678.75
2025-08-01 09:22:52 AM,318.6,0,0.0,253014678.75
2025-08-01 09:22:53 AM,319.55,150,47932.5,253062611.25
2025-08-01 09:22:53 AM,320.65,0,0.0,253062611.25
2025-08-01 09:22:53 AM,320.25,1275,408318.75,253470930.0
2025-08-01 09:22:54 AM,319.85,0,0.0,253470930.0
2025-08-01 09:22:54 AM,320.6,300,96180.0,253567110.0
2025-08-01 09:22:56 AM,320.25,0,0.0,253567110.0
2025-08-01 09:22:56 AM,320.25,75,24018.75,253591128.75
2025-08-01 09:22:56 AM,320.2,0,0.0,253591128.75
2025-08-01 09:22:57 AM,320.2,75,24015.0,253615143.75
2025-08-01 09:22:58 AM,318.8,150,47820.0,253662963.75
2025-08-01 09:22:58 AM,318.6,0,0.0,253662963.75
2025-08-01 09:22:58 AM,318.6,75,23895.0,253686858.75
2025-08-01 09:23:02 AM,320.25,0,0.0,253686858.75
2025-08-01 09:23:02 AM,320.35,0,0.0,253686858.75
2025-08-01 09:23:02 AM,320.05,0,0.0,253686858.75
2025-08-01 09:23:02 AM,320.2,0,0.0,253686858.75
2025-08-01 09:23:03 AM,320.2,1725,552345.0,254239203.75
2025-08-01 09:23:04 AM,317.3,0,0.0,254239203.75
2025-08-01 09:23:05 AM,317.3,525,166582.5,254405786.25
2025-08-01 09:23:06 AM,318.2,75,23865.0,254429651.25
2025-08-01 09:23:08 AM,317.0,0,0.0,254429651.25
2025-08-01 09:23:08 AM,317.0,750,237750.0,254667401.25
2025-08-01 09:23:08 AM,317.5,0,0.0,254667401.25
2025-08-01 09:23:09 AM,317.95,0,0.0,254667401.25
2025-08-01 09:23:10 AM,317.95,150,47692.5,254715093.75
2025-08-01 09:23:10 AM,316.8,0,0.0,254715093.75
2025-08-01 09:23:11 AM,317.6,0,0.0,254715093.75
2025-08-01 09:23:11 AM,317.95,300,95385.0,254810478.75
2025-08-01 09:23:12 AM,317.6,75,23820.0,254834298.75
2025-08-01 09:23:12 AM,317.15,0,0.0,254834298.75
2025-08-01 09:23:13 AM,317.15,225,71358.75,254905657.5
2025-08-01 09:23:14 AM,317.85,0,0.0,254905657.5
2025-08-01 09:23:14 AM,318.6,0,0.0,254905657.5
2025-08-01 09:23:15 AM,318.7,450,143415.0,255049072.5
2025-08-01 09:23:16 AM,318.15,0,0.0,255049072.5
2025-08-01 09:23:16 AM,318.15,225,71583.75,255120656.25
2025-08-01 09:23:17 AM,317.7,0,0.0,255120656.25
2025-08-01 09:23:18 AM,317.7,75,23827.5,255144483.75
2025-08-01 09:23:19 AM,318.95,0,0.0,255144483.75
2025-08-01 09:23:20 AM,318.95,450,143527.5,255288011.25
2025-08-01 09:23:20 AM,320.2,825,264165.0,255552176.25
2025-08-01 09:23:21 AM,322.7,0,0.0,255552176.25
2025-08-01 09:23:21 AM,322.7,750,242025.0,255794201.25
2025-08-01 09:23:22 AM,323.65,0,0.0,255794201.25
2025-08-01 09:23:23 AM,323.7,450,145665.0,255939866.25
2025-08-01 09:23:24 AM,324.2,0,0.0,255939866.25
2025-08-01 09:23:25 AM,323.95,525,170073.75,256109940.0
2025-08-01 09:23:25 AM,324.25,0,0.0,256109940.0
2025-08-01 09:23:26 AM,323.95,5400,1749330.0,257859270.0
2025-08-01 09:23:27 AM,322.45,0,0.0,257859270.0
2025-08-01 09:23:28 AM,322.45,375,120918.75,257980188.75
2025-08-01 09:23:29 AM,321.65,0,0.0,257980188.75
2025-08-01 09:23:29 AM,322.8,0,0.0,257980188.75
2025-08-01 09:23:30 AM,322.8,1650,532620.0,258512808.75
2025-08-01 09:23:30 AM,323.1,225,72697.5,258585506.25
2025-08-01 09:23:30 AM,322.65,0,0.0,258585506.25
2025-08-01 09:23:30 AM,322.25,0,0.0,258585506.25
2025-08-01 09:23:31 AM,322.0,0,0.0,258585506.25
2025-08-01 09:23:31 AM,322.5,1650,532125.0,259117631.25
2025-08-01 09:23:32 AM,322.65,150,48397.5,259166028.75
2025-08-01 09:23:32 AM,321.7,0,0.0,259166028.75
2025-08-01 09:23:33 AM,322.0,450,144900.0,259310928.75
2025-08-01 09:23:33 AM,322.35,0,0.0,259310928.75
2025-08-01 09:23:33 AM,322.35,150,48352.5,259359281.25
2025-08-01 09:23:35 AM,323.05,0,0.0,259359281.25
2025-08-01 09:23:35 AM,322.5,0,0.0,259359281.25
2025-08-01 09:23:35 AM,322.5,150,48375.0,259407656.25
2025-08-01 09:23:36 AM,322.25,0,0.0,259407656.25
2025-08-01 09:23:36 AM,322.0,0,0.0,259407656.25
2025-08-01 09:23:36 AM,322.0,150,48300.0,259455956.25
2025-08-01 09:23:37 AM,322.0,75,24150.0,259480106.25
2025-08-01 09:23:37 AM,322.3,0,0.0,259480106.25
2025-08-01 09:23:38 AM,323.0,150,48450.0,259528556.25
2025-08-01 09:23:38 AM,322.9,0,0.0,259528556.25
2025-08-01 09:23:38 AM,322.9,225,72652.5,259601208.75
2025-08-01 09:23:39 AM,325.0,0,0.0,259601208.75
2025-08-01 09:23:39 AM,325.0,2250,731250.0,260332458.75
2025-08-01 09:23:40 AM,324.7,0,0.0,260332458.75
2025-08-01 09:23:41 AM,325.7,0,0.0,260332458.75
2025-08-01 09:23:41 AM,325.85,1200,391020.0,260723478.75
2025-08-01 09:23:43 AM,325.6,0,0.0,260723478.75
2025-08-01 09:23:43 AM,325.6,2550,830280.0,261553758.75
2025-08-01 09:23:44 AM,327.0,0,0.0,261553758.75
2025-08-01 09:23:44 AM,326.7,0,0.0,261553758.75
2025-08-01 09:23:44 AM,326.7,2325,759577.5,262313336.25
2025-08-01 09:23:45 AM,326.6,825,269445.0,262582781.25
2025-08-01 09:23:45 AM,327.0,0,0.0,262582781.25
2025-08-01 09:23:46 AM,327.45,0,0.0,262582781.25
2025-08-01 09:23:46 AM,327.45,2250,736762.5,263319543.75
2025-08-01 09:23:47 AM,327.55,300,98265.0,263417808.75
2025-08-01 09:23:47 AM,328.0,0,0.0,263417808.75
2025-08-01 09:23:48 AM,328.25,450,147712.5,263565521.25
2025-08-01 09:23:48 AM,328.0,0,0.0,263565521.25
2025-08-01 09:23:48 AM,328.0,75,24600.0,263590121.25
2025-08-01 09:23:49 AM,328.1,0,0.0,263590121.25
2025-08-01 09:23:49 AM,328.1,150,49215.0,263639336.25
2025-08-01 09:23:50 AM,327.7,0,0.0,263639336.25
2025-08-01 09:23:51 AM,327.55,0,0.0,263639336.25
2025-08-01 09:23:51 AM,327.55,975,319361.25,263958697.5
2025-08-01 09:23:52 AM,327.1,75,24532.5,263983230.0
2025-08-01 09:23:52 AM,326.65,0,0.0,263983230.0
2025-08-01 09:23:53 AM,326.85,975,318678.75,264301908.75
2025-08-01 09:23:54 AM,328.0,0,0.0,264301908.75
2025-08-01 09:23:54 AM,327.85,450,147532.5,264449441.25
2025-08-01 09:23:55 AM,327.4,150,49110.0,264498551.25
2025-08-01 09:23:56 AM,327.5,0,0.0,264498551.25
2025-08-01 09:23:56 AM,327.5,300,98250.0,264596801.25
2025-08-01 09:23:57 AM,326.45,75,24483.75,264621285.0
2025-08-01 09:23:57 AM,326.35,0,0.0,264621285.0
2025-08-01 09:23:58 AM,326.35,600,195810.0,264817095.0
2025-08-01 09:23:58 AM,326.4,0,0.0,264817095.0
2025-08-01 09:23:58 AM,326.4,150,48960.0,264866055.0
2025-08-01 09:23:59 AM,327.65,0,0.0,264866055.0
2025-08-01 09:23:59 AM,327.65,75,24573.75,264890628.75
2025-08-01 09:24:00 AM,326.4,150,48960.0,264939588.75
2025-08-01 09:24:00 AM,326.45,0,0.0,264939588.75
2025-08-01 09:24:01 AM,327.05,300,98115.0,265037703.75
2025-08-01 09:24:02 AM,327.65,0,0.0,265037703.75
2025-08-01 09:24:02 AM,328.45,0,0.0,265037703.75
2025-08-01 09:24:03 AM,330.0,4275,1410750.0,266448453.75
2025-08-01 09:24:03 AM,331.05,675,223458.75,266671912.5
2025-08-01 09:24:04 AM,330.45,0,0.0,266671912.5
2025-08-01 09:24:04 AM,331.4,0,0.0,266671912.5
2025-08-01 09:24:04 AM,330.6,600,198360.0,266870272.5
2025-08-01 09:24:05 AM,331.4,900,298260.0,267168532.5
2025-08-01 09:24:05 AM,331.75,0,0.0,267168532.5
2025-08-01 09:24:06 AM,331.3,0,0.0,267168532.5
2025-08-01 09:24:06 AM,331.3,1125,372712.5,267541245.0
2025-08-01 09:24:07 AM,330.95,150,49642.5,267590887.5
2025-08-01 09:24:07 AM,329.9,0,0.0,267590887.5
2025-08-01 09:24:08 AM,329.55,150,49432.5,267640320.0
2025-08-01 09:24:08 AM,329.55,150,49432.5,267689752.5
2025-08-01 09:24:09 AM,329.8,0,0.0,267689752.5
2025-08-01 09:24:09 AM,329.45,0,0.0,267689752.5
2025-08-01 09:24:09 AM,328.95,2550,838822.5,268528575.0
2025-08-01 09:24:10 AM,328.3,75,24622.5,268553197.5
2025-08-01 09:24:11 AM,330.2,0,0.0,268553197.5
2025-08-01 09:24:11 AM,330.2,150,49530.0,268602727.5
2025-08-01 09:24:13 AM,328.35,0,0.0,268602727.5
2025-08-01 09:24:13 AM,327.7,825,270352.5,268873080.0
2025-08-01 09:24:14 AM,327.8,0,0.0,268873080.0
2025-08-01 09:24:14 AM,327.8,300,98340.0,268971420.0
2025-08-01 09:24:15 AM,328.45,75,24633.75,268996053.75
2025-08-01 09:24:16 AM,327.7,0,0.0,268996053.75
2025-08-01 09:24:16 AM,327.7,600,196620.0,269192673.75
2025-08-01 09:24:16 AM,327.6,0,0.0,269192673.75
2025-08-01 09:24:17 AM,327.2,375,122700.0,269315373.75
2025-08-01 09:24:18 AM,326.35,525,171333.75,269486707.5
2025-08-01 09:24:18 AM,325.0,0,0.0,269486707.5
2025-08-01 09:24:18 AM,324.0,0,0.0,269486707.5
2025-08-01 09:24:18 AM,324.0,1125,364500.0,269851207.5
2025-08-01 09:24:19 AM,324.95,0,0.0,269851207.5
2025-08-01 09:24:19 AM,325.15,0,0.0,269851207.5
2025-08-01 09:24:19 AM,324.95,375,121856.25,269973063.75
2025-08-01 09:24:20 AM,324.5,300,97350.0,270070413.75
2025-08-01 09:24:21 AM,326.65,0,0.0,270070413.75
2025-08-01 09:24:21 AM,326.65,1350,440977.49999999994,270511391.25
2025-08-01 09:24:22 AM,325.7,0,0.0,270511391.25
2025-08-01 09:24:23 AM,326.8,825,269610.0,270781001.25
2025-08-01 09:24:24 AM,327.3,0,0.0,270781001.25
2025-08-01 09:24:24 AM,327.3,225,73642.5,270854643.75
2025-08-01 09:24:25 AM,327.2,150,49080.0,270903723.75
2025-08-01 09:24:25 AM,327.65,0,0.0,270903723.75
2025-08-01 09:24:26 AM,327.05,0,0.0,270903723.75
2025-08-01 09:24:26 AM,327.05,150,49057.5,270952781.25
2025-08-01 09:24:27 AM,329.1,0,0.0,270952781.25
2025-08-01 09:24:28 AM,329.1,150,49365.0,271002146.25
2025-08-01 09:24:28 AM,328.7,0,0.0,271002146.25
2025-08-01 09:24:28 AM,328.7,75,24652.5,271026798.75
2025-08-01 09:24:29 AM,329.2,0,0.0,271026798.75
2025-08-01 09:24:29 AM,329.2,450,148140.0,271174938.75
2025-08-01 09:24:30 AM,329.15,450,148117.5,271323056.25
2025-08-01 09:24:31 AM,330.55,0,0.0,271323056.25
2025-08-01 09:24:31 AM,330.55,1425,471033.75,271794090.0
2025-08-01 09:24:32 AM,330.0,75,24750.0,271818840.0
2025-08-01 09:24:33 AM,330.6,0,0.0,271818840.0
2025-08-01 09:24:33 AM,330.6,300,99180.0,271918020.0
2025-08-01 09:24:35 AM,331.3,0,0.0,271918020.0
2025-08-01 09:24:35 AM,331.75,600,199050.0,272117070.0
2025-08-01 09:24:36 AM,331.05,0,0.0,272117070.0
2025-08-01 09:24:36 AM,331.05,600,198630.0,272315700.0
2025-08-01 09:24:36 AM,330.75,0,0.0,272315700.0
2025-08-01 09:24:37 AM,329.75,375,123656.25,272439356.25
2025-08-01 09:24:38 AM,330.65,0,0.0,272439356.25
2025-08-01 09:24:38 AM,330.65,75,24798.75,272464155.0
2025-08-01 09:24:39 AM,331.2,0,0.0,272464155.0
2025-08-01 09:24:39 AM,331.2,750,248400.0,272712555.0
2025-08-01 09:24:40 AM,331.8,1200,398160.0,273110715.0
2025-08-01 09:24:42 AM,331.4,75,24855.0,273135570.0
2025-08-01 09:24:42 AM,331.0,0,0.0,273135570.0
2025-08-01 09:24:43 AM,331.1,150,49665.0,273185235.0
2025-08-01 09:24:43 AM,331.15,0,0.0,273185235.0
2025-08-01 09:24:43 AM,330.85,825,272951.25,273458186.25
2025-08-01 09:24:44 AM,332.8,0,0.0,273458186.25
2025-08-01 09:24:44 AM,332.35,0,0.0,273458186.25
2025-08-01 09:24:44 AM,332.35,375,124631.25000000001,273582817.5
2025-08-01 09:24:45 AM,332.4,675,224369.99999999997,273807187.5
2025-08-01 09:24:45 AM,333.0,0,0.0,273807187.5
2025-08-01 09:24:46 AM,332.5,0,0.0,273807187.5
2025-08-01 09:24:46 AM,332.5,1050,349125.0,274156312.5
2025-08-01 09:24:47 AM,332.65,0,0.0,274156312.5
2025-08-01 09:24:47 AM,332.1,0,0.0,274156312.5
2025-08-01 09:24:48 AM,332.55,6675,2219771.25,276376083.75
2025-08-01 09:24:48 AM,331.45,0,0.0,276376083.75
2025-08-01 09:24:48 AM,331.45,150,49717.5,276425801.25
2025-08-01 09:24:49 AM,331.2,0,0.0,276425801.25
2025-08-01 09:24:49 AM,332.4,1875,623250.0,277049051.25
2025-08-01 09:24:50 AM,333.4,750,250049.99999999997,277299101.25
2025-08-01 09:24:51 AM,332.0,0,0.0,277299101.25
2025-08-01 09:24:51 AM,332.0,150,49800.0,277348901.25
2025-08-01 09:24:51 AM,332.2,0,0.0,277348901.25
2025-08-01 09:24:52 AM,332.2,75,24915.0,277373816.25
2025-08-01 09:24:52 AM,332.95,0,0.0,277373816.25
2025-08-01 09:24:53 AM,333.4,450,150030.0,277523846.25
2025-08-01 09:24:53 AM,333.5,0,0.0,277523846.25
2025-08-01 09:24:53 AM,332.8,1725,574080.0,278097926.25
2025-08-01 09:24:54 AM,333.05,0,0.0,278097926.25
2025-08-01 09:24:54 AM,333.5,0,0.0,278097926.25
2025-08-01 09:24:54 AM,333.95,825,275508.75,278373435.0
2025-08-01 09:24:55 AM,333.65,600,200190.0,278573625.0
2025-08-01 09:24:56 AM,333.75,0,0.0,278573625.0
2025-08-01 09:24:56 AM,333.75,75,25031.25,278598656.25
2025-08-01 09:24:57 AM,333.55,150,50032.5,278648688.75
2025-08-01 09:24:57 AM,333.15,0,0.0,278648688.75
2025-08-01 09:24:57 AM,333.35,0,0.0,278648688.75
2025-08-01 09:24:58 AM,333.15,2700,899504.9999999999,279548193.75
2025-08-01 09:24:58 AM,333.15,300,99945.0,279648138.75
2025-08-01 09:24:59 AM,333.3,0,0.0,279648138.75
2025-08-01 09:24:59 AM,334.0,0,0.0,279648138.75
2025-08-01 09:24:59 AM,333.85,825,275426.25,279923565.0
2025-08-01 09:25:00 AM,332.4,900,299160.0,280222725.0
2025-08-01 09:25:01 AM,332.25,0,0.0,280222725.0
2025-08-01 09:25:01 AM,332.25,375,124593.75,280347318.75
2025-08-01 09:25:02 AM,333.15,300,99945.0,280447263.75
2025-08-01 09:25:02 AM,333.35,0,0.0,280447263.75
2025-08-01 09:25:03 AM,333.25,450,149962.5,280597226.25
2025-08-01 09:25:03 AM,335.0,1650,552750.0,281149976.25
2025-08-01 09:25:03 AM,335.5,0,0.0,281149976.25
2025-08-01 09:25:04 AM,335.25,0,0.0,281149976.25
2025-08-01 09:25:04 AM,335.75,0,0.0,281149976.25
2025-08-01 09:25:04 AM,336.05,1950,655297.5,281805273.75
2025-08-01 09:25:05 AM,336.25,375,126093.75,281931367.5
2025-08-01 09:25:05 AM,336.2,0,0.0,281931367.5
2025-08-01 09:25:06 AM,337.85,0,0.0,281931367.5
2025-08-01 09:25:06 AM,337.85,1800,608130.0,282539497.5
2025-08-01 09:25:06 AM,337.2,0,0.0,282539497.5
2025-08-01 09:25:07 AM,337.75,300,101325.0,282640822.5
2025-08-01 09:25:07 AM,338.0,0,0.0,282640822.5
2025-08-01 09:25:08 AM,337.9,600,202740.0,282843562.5
2025-08-01 09:25:08 AM,338.0,0,0.0,282843562.5
2025-08-01 09:25:08 AM,338.0,150,50700.0,282894262.5
2025-08-01 09:25:09 AM,337.75,0,0.0,282894262.5
2025-08-01 09:25:09 AM,337.65,0,0.0,282894262.5
2025-08-01 09:25:09 AM,339.0,2250,762750.0,283657012.5
2025-08-01 09:25:10 AM,340.4,2025,689310.0,284346322.5
2025-08-01 09:25:10 AM,340.0,0,0.0,284346322.5
2025-08-01 09:25:11 AM,341.8,0,0.0,284346322.5
2025-08-01 09:25:11 AM,340.15,1875,637781.25,284984103.75
2025-08-01 09:25:12 AM,341.05,0,0.0,284984103.75
2025-08-01 09:25:12 AM,339.5,0,0.0,284984103.75
2025-08-01 09:25:13 AM,339.6,825,280170.0,285264273.75
2025-08-01 09:25:14 AM,340.0,0,0.0,285264273.75
2025-08-01 09:25:14 AM,340.9,0,0.0,285264273.75
2025-08-01 09:25:14 AM,340.9,1500,511349.99999999994,285775623.75
2025-08-01 09:25:15 AM,340.95,375,127856.25,285903480.0
2025-08-01 09:25:15 AM,340.85,0,0.0,285903480.0
2025-08-01 09:25:16 AM,340.75,0,0.0,285903480.0
2025-08-01 09:25:16 AM,340.75,1125,383343.75,286286823.75
2025-08-01 09:25:16 AM,341.05,0,0.0,286286823.75
2025-08-01 09:25:16 AM,341.05,825,281366.25,286568190.0
2025-08-01 09:25:17 AM,340.0,0,0.0,286568190.0
2025-08-01 09:25:17 AM,339.5,0,0.0,286568190.0
2025-08-01 09:25:18 AM,340.3,2625,893287.5,287461477.5
2025-08-01 09:25:18 AM,340.5,375,127687.5,287589165.0
2025-08-01 09:25:19 AM,342.1,0,0.0,287589165.0
2025-08-01 09:25:19 AM,342.1,1800,615780.0,288204945.0
2025-08-01 09:25:20 AM,343.0,150,51450.0,288256395.0
2025-08-01 09:25:20 AM,342.5,0,0.0,288256395.0
2025-08-01 09:25:20 AM,343.25,0,0.0,288256395.0
2025-08-01 09:25:21 AM,342.1,0,0.0,288256395.0
2025-08-01 09:25:21 AM,341.7,3675,1255747.5,289512142.5
2025-08-01 09:25:21 AM,342.0,0,0.0,289512142.5
2025-08-01 09:25:21 AM,343.0,975,334425.0,289846567.5
2025-08-01 09:25:22 AM,342.65,0,0.0,289846567.5
2025-08-01 09:25:23 AM,343.75,1875,644531.25,290491098.75
2025-08-01 09:25:23 AM,342.45,0,0.0,290491098.75
2025-08-01 09:25:23 AM,342.45,1200,410940.0,290902038.75
2025-08-01 09:25:23 AM,342.0,0,0.0,290902038.75
2025-08-01 09:25:24 AM,343.0,0,0.0,290902038.75
2025-08-01 09:25:24 AM,342.95,0,0.0,290902038.75
2025-08-01 09:25:24 AM,342.95,600,205770.0,291107808.75
2025-08-01 09:25:25 AM,342.85,300,102855.0,291210663.75
2025-08-01 09:25:25 AM,343.05,0,0.0,291210663.75
2025-08-01 09:25:25 AM,342.5,0,0.0,291210663.75
2025-08-01 09:25:26 AM,342.5,375,128437.5,291339101.25
2025-08-01 09:25:26 AM,342.75,0,0.0,291339101.25
2025-08-01 09:25:26 AM,342.2,750,256650.0,291595751.25
2025-08-01 09:25:27 AM,342.0,0,0.0,291595751.25
2025-08-01 09:25:27 AM,341.8,0,0.0,291595751.25
2025-08-01 09:25:28 AM,342.2,1275,436305.0,292032056.25
2025-08-01 09:25:28 AM,341.35,0,0.0,292032056.25
2025-08-01 09:25:28 AM,341.35,450,153607.5,292185663.75
2025-08-01 09:25:29 AM,341.25,0,0.0,292185663.75
2025-08-01 09:25:29 AM,341.95,0,0.0,292185663.75
2025-08-01 09:25:29 AM,341.95,4275,1461836.25,293647500.0
2025-08-01 09:25:30 AM,341.0,1125,383625.0,294031125.0
2025-08-01 09:25:30 AM,341.8,0,0.0,294031125.0
2025-08-01 09:25:31 AM,341.9,0,0.0,294031125.0
2025-08-01 09:25:31 AM,342.1,4275,1462477.5,295493602.5
2025-08-01 09:25:31 AM,341.05,225,76736.25,295570338.75
2025-08-01 09:25:32 AM,339.85,0,0.0,295570338.75
2025-08-01 09:25:32 AM,340.55,0,0.0,295570338.75
2025-08-01 09:25:33 AM,340.7,3000,1022100.0,296592438.75
2025-08-01 09:25:33 AM,339.6,0,0.0,296592438.75
2025-08-01 09:25:33 AM,338.85,600,203310.0,296795748.75
2025-08-01 09:25:34 AM,339.95,0,0.0,296795748.75
2025-08-01 09:25:34 AM,339.95,825,280458.75,297076207.5
2025-08-01 09:25:35 AM,339.9,225,76477.5,297152685.0
2025-08-01 09:25:35 AM,340.1,0,0.0,297152685.0
2025-08-01 09:25:35 AM,339.35,0,0.0,297152685.0
2025-08-01 09:25:36 AM,339.8,0,0.0,297152685.0
2025-08-01 09:25:36 AM,340.0,675,229500.0,297382185.0
2025-08-01 09:25:38 AM,341.05,1275,434838.75,297817023.75
2025-08-01 09:25:38 AM,340.4,0,0.0,297817023.75
2025-08-01 09:25:38 AM,340.4,75,25530.0,297842553.75
2025-08-01 09:25:39 AM,341.5,0,0.0,297842553.75
2025-08-01 09:25:39 AM,341.45,0,0.0,297842553.75
2025-08-01 09:25:39 AM,341.45,900,307305.0,298149858.75
2025-08-01 09:25:40 AM,341.1,375,127912.50000000001,298277771.25
2025-08-01 09:25:40 AM,341.2,0,0.0,298277771.25
2025-08-01 09:25:41 AM,340.15,0,0.0,298277771.25
2025-08-01 09:25:41 AM,340.15,1050,357157.5,298634928.75
2025-08-01 09:25:41 AM,339.8,0,0.0,298634928.75
2025-08-01 09:25:41 AM,339.8,75,25485.0,298660413.75
2025-08-01 09:25:42 AM,339.6,0,0.0,298660413.75
2025-08-01 09:25:43 AM,341.4,825,281655.0,298942068.75
2025-08-01 09:25:43 AM,340.6,600,204360.0,299146428.75
2025-08-01 09:25:43 AM,341.5,0,0.0,299146428.75
2025-08-01 09:25:44 AM,343.85,0,0.0,299146428.75
2025-08-01 09:25:44 AM,344.8,0,0.0,299146428.75
2025-08-01 09:25:44 AM,344.95,7800,2690610.0,301837038.75
2025-08-01 09:25:45 AM,344.95,375,129356.25,301966395.0
2025-08-01 09:25:45 AM,344.3,0,0.0,301966395.0
2025-08-01 09:25:45 AM,345.15,0,0.0,301966395.0
2025-08-01 09:25:46 AM,345.05,0,0.0,301966395.0
2025-08-01 09:25:46 AM,345.05,4875,1682118.75,303648513.75
2025-08-01 09:25:46 AM,344.3,0,0.0,303648513.75
2025-08-01 09:25:46 AM,344.6,2100,723660.0,304372173.75
2025-08-01 09:25:47 AM,342.2,0,0.0,304372173.75
2025-08-01 09:25:47 AM,342.0,0,0.0,304372173.75
2025-08-01 09:25:48 AM,342.5,975,333937.5,304706111.25
2025-08-01 09:25:48 AM,342.65,0,0.0,304706111.25
2025-08-01 09:25:48 AM,342.65,150,51397.5,304757508.75
2025-08-01 09:25:49 AM,342.2,0,0.0,304757508.75
2025-08-01 09:25:49 AM,343.0,0,0.0,304757508.75
2025-08-01 09:25:49 AM,343.0,2850,977550.0,305735058.75
2025-08-01 09:25:50 AM,342.35,675,231086.25000000003,305966145.0
2025-08-01 09:25:51 AM,343.85,0,0.0,305966145.0
2025-08-01 09:25:51 AM,343.85,450,154732.5,306120877.5
2025-08-01 09:25:52 AM,344.25,0,0.0,306120877.5
2025-08-01 09:25:53 AM,344.05,1050,361252.5,306482130.0
2025-08-01 09:25:53 AM,343.8,0,0.0,306482130.0
2025-08-01 09:25:53 AM,343.8,1500,515700.0,306997830.0
2025-08-01 09:25:54 AM,343.9,0,0.0,306997830.0
2025-08-01 09:25:54 AM,343.9,300,103170.0,307101000.0
2025-08-01 09:25:55 AM,343.65,0,0.0,307101000.0
2025-08-01 09:25:56 AM,344.05,0,0.0,307101000.0
2025-08-01 09:25:56 AM,344.05,150,51607.5,307152607.5
2025-08-01 09:25:56 AM,343.85,0,0.0,307152607.5
2025-08-01 09:25:56 AM,344.55,225,77523.75,307230131.25
2025-08-01 09:25:57 AM,346.65,0,0.0,307230131.25
2025-08-01 09:25:57 AM,346.6,0,0.0,307230131.25
2025-08-01 09:25:58 AM,348.0,11550,4019400.0,311249531.25
2025-08-01 09:25:58 AM,347.15,0,0.0,311249531.25
2025-08-01 09:25:58 AM,347.15,2700,937304.9999999999,312186836.25
2025-08-01 09:25:59 AM,348.05,0,0.0,312186836.25
2025-08-01 09:25:59 AM,348.55,0,0.0,312186836.25
2025-08-01 09:25:59 AM,348.55,1800,627390.0,312814226.25
2025-08-01 09:26:00 AM,348.05,1950,678697.5,313492923.75
2025-08-01 09:26:00 AM,347.25,0,0.0,313492923.75
2025-08-01 09:26:00 AM,347.4,0,0.0,313492923.75
2025-08-01 09:26:01 AM,347.15,0,0.0,313492923.75
2025-08-01 09:26:01 AM,347.2,975,338520.0,313831443.75
2025-08-01 09:26:01 AM,347.75,0,0.0,313831443.75
2025-08-01 09:26:01 AM,348.55,1800,627390.0,314458833.75
2025-08-01 09:26:02 AM,348.65,0,0.0,314458833.75
2025-08-01 09:26:02 AM,349.15,0,0.0,314458833.75
2025-08-01 09:26:03 AM,347.7,2325,808402.5,315267236.25
2025-08-01 09:26:03 AM,348.2,0,0.0,315267236.25
2025-08-01 09:26:03 AM,347.9,1800,626220.0,315893456.25
2025-08-01 09:26:03 AM,349.3,0,0.0,315893456.25
2025-08-01 09:26:04 AM,348.6,0,0.0,315893456.25
2025-08-01 09:26:04 AM,348.7,0,0.0,315893456.25
2025-08-01 09:26:04 AM,348.7,750,261525.0,316154981.25
2025-08-01 09:26:05 AM,349.25,225,78581.25,316233562.5
2025-08-01 09:26:05 AM,349.6,0,0.0,316233562.5
2025-08-01 09:26:05 AM,349.4,0,0.0,316233562.5
2025-08-01 09:26:06 AM,350.0,0,0.0,316233562.5
2025-08-01 09:26:06 AM,350.0,2025,708750.0,316942312.5
2025-08-01 09:26:06 AM,350.0,4125,1443750.0,318386062.5
2025-08-01 09:26:07 AM,351.85,0,0.0,318386062.5
2025-08-01 09:26:08 AM,351.15,0,0.0,318386062.5
2025-08-01 09:26:08 AM,351.0,2025,710775.0,319096837.5
2025-08-01 09:26:08 AM,351.95,0,0.0,319096837.5
2025-08-01 09:26:08 AM,351.95,975,343151.25,319439988.75
2025-08-01 09:26:09 AM,351.35,0,0.0,319439988.75
2025-08-01 09:26:09 AM,350.2,0,0.0,319439988.75
2025-08-01 09:26:09 AM,350.95,1125,394818.75,319834807.5
2025-08-01 09:26:10 AM,350.6,1425,499605.00000000006,320334412.5
2025-08-01 09:26:10 AM,352.25,0,0.0,320334412.5
2025-08-01 09:26:10 AM,352.4,0,0.0,320334412.5
2025-08-01 09:26:11 AM,352.55,0,0.0,320334412.5
2025-08-01 09:26:11 AM,352.55,975,343736.25,320678148.75
2025-08-01 09:26:11 AM,353.6,0,0.0,320678148.75
2025-08-01 09:26:11 AM,353.1,450,158895.0,320837043.75
2025-08-01 09:26:12 AM,353.55,0,0.0,320837043.75
2025-08-01 09:26:12 AM,354.0,0,0.0,320837043.75
2025-08-01 09:26:13 AM,353.3,2475,874417.5,321711461.25
2025-08-01 09:26:13 AM,353.1,0,0.0,321711461.25
2025-08-01 09:26:13 AM,353.1,375,132412.5,321843873.75
2025-08-01 09:26:13 AM,353.2,0,0.0,321843873.75
2025-08-01 09:26:14 AM,352.7,0,0.0,321843873.75
2025-08-01 09:26:14 AM,354.0,3975,1407150.0,323251023.75
2025-08-01 09:26:15 AM,353.65,0,0.0,323251023.75
2025-08-01 09:26:15 AM,352.3,0,0.0,323251023.75
2025-08-01 09:26:16 AM,352.0,750,264000.0,323515023.75
2025-08-01 09:26:16 AM,351.1,0,0.0,323515023.75
2025-08-01 09:26:16 AM,350.8,825,289410.0,323804433.75
2025-08-01 09:26:17 AM,352.8,0,0.0,323804433.75
2025-08-01 09:26:17 AM,353.5,0,0.0,323804433.75
2025-08-01 09:26:18 AM,352.85,2475,873303.75,324677737.5
2025-08-01 09:26:18 AM,353.5,0,0.0,324677737.5
2025-08-01 09:26:18 AM,353.5,825,291637.5,324969375.0
2025-08-01 09:26:19 AM,354.9,0,0.0,324969375.0
2025-08-01 09:26:19 AM,356.1,0,0.0,324969375.0
2025-08-01 09:26:19 AM,355.4,5625,1999124.9999999998,326968500.0
2025-08-01 09:26:20 AM,355.4,600,213240.0,327181740.0
2025-08-01 09:26:20 AM,355.45,0,0.0,327181740.0
2025-08-01 09:26:21 AM,354.55,2400,850920.0,328032660.0
2025-08-01 09:26:21 AM,354.3,0,0.0,328032660.0
2025-08-01 09:26:22 AM,355.45,1650,586492.5,328619152.5
2025-08-01 09:26:22 AM,355.35,0,0.0,328619152.5
2025-08-01 09:26:22 AM,354.3,0,0.0,328619152.5
2025-08-01 09:26:23 AM,353.15,975,344321.25,328963473.75
2025-08-01 09:26:23 AM,352.55,0,0.0,328963473.75
2025-08-01 09:26:23 AM,353.3,225,79492.5,329042966.25
2025-08-01 09:26:24 AM,355.4,0,0.0,329042966.25
2025-08-01 09:26:24 AM,355.4,2400,852960.0,329895926.25
2025-08-01 09:26:25 AM,355.35,75,26651.25,329922577.5
2025-08-01 09:26:25 AM,356.05,0,0.0,329922577.5
2025-08-01 09:26:25 AM,355.7,0,0.0,329922577.5
2025-08-01 09:26:26 AM,355.3,2775,985957.5,330908535.0
2025-08-01 09:26:26 AM,355.0,0,0.0,330908535.0
2025-08-01 09:26:27 AM,354.8,450,159660.0,331068195.0
2025-08-01 09:26:27 AM,355.7,0,0.0,331068195.0
2025-08-01 09:26:27 AM,354.15,0,0.0,331068195.0
2025-08-01 09:26:28 AM,353.85,2850,1008472.5000000001,332076667.5
2025-08-01 09:26:28 AM,352.9,0,0.0,332076667.5
2025-08-01 09:26:28 AM,351.4,1275,448035.0,332524702.5
2025-08-01 09:26:29 AM,351.0,0,0.0,332524702.5
2025-08-01 09:26:29 AM,351.8,0,0.0,332524702.5
2025-08-01 09:26:29 AM,352.6,0,0.0,332524702.5
2025-08-01 09:26:29 AM,352.6,4425,1560255.0,334084957.5
2025-08-01 09:26:30 AM,352.5,75,26437.5,334111395.0
2025-08-01 09:26:30 AM,351.65,0,0.0,334111395.0
2025-08-01 09:26:30 AM,352.3,0,0.0,334111395.0
2025-08-01 09:26:31 AM,352.25,825,290606.25,334402001.25
2025-08-01 09:26:32 AM,351.7,750,263775.0,334665776.25
2025-08-01 09:26:32 AM,352.6,0,0.0,334665776.25
2025-08-01 09:26:32 AM,352.75,0,0.0,334665776.25
2025-08-01 09:26:33 AM,351.0,600,210600.0,334876376.25
2025-08-01 09:26:33 AM,350.05,0,0.0,334876376.25
2025-08-01 09:26:34 AM,348.45,0,0.0,334876376.25
2025-08-01 09:26:34 AM,349.6,0,0.0,334876376.25
2025-08-01 09:26:34 AM,349.6,3375,1179900.0,336056276.25
2025-08-01 09:26:35 AM,348.15,75,26111.25,336082387.5
2025-08-01 09:26:35 AM,347.5,0,0.0,336082387.5
2025-08-01 09:26:36 AM,348.5,1950,679575.0,336761962.5
2025-08-01 09:26:36 AM,347.15,0,0.0,336761962.5
2025-08-01 09:26:37 AM,346.6,825,285945.0,337047907.5
2025-08-01 09:26:37 AM,348.8,0,0.0,337047907.5
2025-08-01 09:26:38 AM,349.85,1425,498536.25000000006,337546443.75
2025-08-01 09:26:38 AM,348.8,0,0.0,337546443.75
2025-08-01 09:26:39 AM,349.15,0,0.0,337546443.75
2025-08-01 09:26:39 AM,349.05,0,0.0,337546443.75
2025-08-01 09:26:39 AM,349.25,1425,497681.25,338044125.0
2025-08-01 09:26:40 AM,348.7,225,78457.5,338122582.5
2025-08-01 09:26:40 AM,348.65,0,0.0,338122582.5
2025-08-01 09:26:40 AM,349.1,0,0.0,338122582.5
2025-08-01 09:26:41 AM,347.8,675,234765.0,338357347.5
2025-08-01 09:26:43 AM,349.6,0,0.0,338357347.5
2025-08-01 09:26:43 AM,349.6,75,26220.0,338383567.5
2025-08-01 09:26:43 AM,350.0,0,0.0,338383567.5
2025-08-01 09:26:43 AM,349.35,300,104805.0,338488372.5
2025-08-01 09:26:43 AM,349.4,0,0.0,338488372.5
2025-08-01 09:26:44 AM,349.4,675,235844.99999999997,338724217.5
2025-08-01 09:26:45 AM,350.0,600,210000.0,338934217.5
2025-08-01 09:26:46 AM,348.8,675,235440.0,339169657.5
2025-08-01 09:26:46 AM,348.75,0,0.0,339169657.5
2025-08-01 09:26:47 AM,348.75,150,52312.5,339221970.0
2025-08-01 09:26:47 AM,350.0,0,0.0,339221970.0
2025-08-01 09:26:48 AM,350.0,75,26250.0,339248220.0
2025-08-01 09:26:48 AM,349.85,0,0.0,339248220.0
2025-08-01 09:26:48 AM,349.85,450,157432.5,339405652.5
2025-08-01 09:26:48 AM,350.15,0,0.0,339405652.5
2025-08-01 09:26:49 AM,350.0,0,0.0,339405652.5
2025-08-01 09:26:49 AM,350.8,0,0.0,339405652.5
2025-08-01 09:26:49 AM,350.8,1350,473580.0,339879232.5
2025-08-01 09:26:50 AM,349.0,300,104700.0,339983932.5
2025-08-01 09:26:51 AM,349.6,150,52440.0,340036372.5
2025-08-01 09:26:51 AM,349.0,0,0.0,340036372.5
2025-08-01 09:26:52 AM,349.0,825,287925.0,340324297.5
2025-08-01 09:26:52 AM,349.4,0,0.0,340324297.5
2025-08-01 09:26:52 AM,349.95,0,0.0,340324297.5
2025-08-01 09:26:53 AM,350.0,2100,735000.0,341059297.5
2025-08-01 09:26:53 AM,349.8,0,0.0,341059297.5
2025-08-01 09:26:53 AM,349.8,75,26235.0,341085532.5
2025-08-01 09:26:54 AM,349.35,0,0.0,341085532.5
2025-08-01 09:26:54 AM,349.35,825,288213.75,341373746.25
2025-08-01 09:26:55 AM,348.2,375,130575.0,341504321.25
2025-08-01 09:26:56 AM,348.95,375,130856.25,341635177.5
2025-08-01 09:26:56 AM,349.75,0,0.0,341635177.5
2025-08-01 09:26:57 AM,349.75,75,26231.25,341661408.75
2025-08-01 09:26:57 AM,348.6,0,0.0,341661408.75
2025-08-01 09:26:58 AM,348.95,1500,523425.0,342184833.75
2025-08-01 09:26:58 AM,350.3,0,0.0,342184833.75
2025-08-01 09:26:58 AM,349.35,1050,366817.5,342551651.25
2025-08-01 09:26:58 AM,349.65,0,0.0,342551651.25
2025-08-01 09:26:59 AM,349.1,0,0.0,342551651.25
2025-08-01 09:26:59 AM,349.1,1125,392737.5,342944388.75
2025-08-01 09:26:59 AM,350.0,0,0.0,342944388.75
2025-08-01 09:27:00 AM,350.0,1425,498750.0,343443138.75
2025-08-01 09:27:00 AM,350.5,0,0.0,343443138.75
2025-08-01 09:27:01 AM,349.85,1875,655968.75,344099107.5
2025-08-01 09:27:01 AM,349.15,0,0.0,344099107.5
2025-08-01 09:27:02 AM,349.6,2400,839040.0,344938147.5
2025-08-01 09:27:02 AM,349.8,0,0.0,344938147.5
2025-08-01 09:27:02 AM,349.15,0,0.0,344938147.5
2025-08-01 09:27:03 AM,349.65,1500,524475.0,345462622.5
2025-08-01 09:27:03 AM,350.65,0,0.0,345462622.5
2025-08-01 09:27:03 AM,350.1,225,78772.5,345541395.0
2025-08-01 09:27:03 AM,350.3,0,0.0,345541395.0
2025-08-01 09:27:04 AM,350.5,0,0.0,345541395.0
2025-08-01 09:27:04 AM,350.0,2925,1023750.0,346565145.0
2025-08-01 09:27:04 AM,351.05,0,0.0,346565145.0
2025-08-01 09:27:05 AM,351.6,2475,870210.0,347435355.0
2025-08-01 09:27:05 AM,350.4,0,0.0,347435355.0
2025-08-01 09:27:05 AM,351.1,0,0.0,347435355.0
2025-08-01 09:27:06 AM,351.6,1350,474660.00000000006,347910015.0
2025-08-01 09:27:06 AM,351.65,0,0.0,347910015.0
2025-08-01 09:27:07 AM,351.2,975,342420.0,348252435.0
2025-08-01 09:27:07 AM,350.8,0,0.0,348252435.0
2025-08-01 09:27:07 AM,351.2,0,0.0,348252435.0
2025-08-01 09:27:08 AM,350.95,1500,526425.0,348778860.0
2025-08-01 09:27:08 AM,350.6,0,0.0,348778860.0
2025-08-01 09:27:08 AM,350.6,825,289245.0,349068105.0
2025-08-01 09:27:08 AM,351.0,0,0.0,349068105.0
2025-08-01 09:27:09 AM,349.85,0,0.0,349068105.0
2025-08-01 09:27:09 AM,350.2,4200,1470840.0,350538945.0
2025-08-01 09:27:09 AM,349.65,0,0.0,350538945.0
2025-08-01 09:27:10 AM,350.35,1125,394143.75,350933088.75
2025-08-01 09:27:10 AM,351.1,0,0.0,350933088.75
2025-08-01 09:27:11 AM,351.0,825,289575.0,351222663.75
2025-08-01 09:27:11 AM,351.0,600,210600.0,351433263.75
2025-08-01 09:27:12 AM,350.8,0,0.0,351433263.75
2025-08-01 09:27:12 AM,350.9,0,0.0,351433263.75
2025-08-01 09:27:12 AM,350.9,1800,631620.0,352064883.75
2025-08-01 09:27:13 AM,350.85,150,52627.5,352117511.25
2025-08-01 09:27:14 AM,350.6,0,0.0,352117511.25
2025-08-01 09:27:14 AM,350.65,1200,420780.0,352538291.25
2025-08-01 09:27:14 AM,350.0,0,0.0,352538291.25
2025-08-01 09:27:15 AM,350.1,1050,367605.0,352905896.25
2025-08-01 09:27:15 AM,349.15,0,0.0,352905896.25
2025-08-01 09:27:15 AM,348.4,0,0.0,352905896.25
2025-08-01 09:27:16 AM,350.0,2550,892500.0,353798396.25
2025-08-01 09:27:16 AM,349.95,0,0.0,353798396.25
2025-08-01 09:27:16 AM,349.95,450,157477.5,353955873.75
2025-08-01 09:27:17 AM,349.2,0,0.0,353955873.75
2025-08-01 09:27:17 AM,350.0,0,0.0,353955873.75
2025-08-01 09:27:17 AM,350.0,1050,367500.0,354323373.75
2025-08-01 09:27:18 AM,350.85,0,0.0,354323373.75
2025-08-01 09:27:18 AM,351.55,975,342761.25,354666135.0
2025-08-01 09:27:19 AM,352.0,0,0.0,354666135.0
2025-08-01 09:27:19 AM,350.1,375,131287.5,354797422.5
2025-08-01 09:27:20 AM,349.3,0,0.0,354797422.5
2025-08-01 09:27:21 AM,349.35,1050,366817.5,355164240.0
2025-08-01 09:27:21 AM,348.85,0,0.0,355164240.0
2025-08-01 09:27:21 AM,348.85,600,209310.0,355373550.0
2025-08-01 09:27:22 AM,351.35,0,0.0,355373550.0
2025-08-01 09:27:23 AM,351.35,600,210810.0,355584360.0
2025-08-01 09:27:23 AM,350.9,0,0.0,355584360.0
2025-08-01 09:27:23 AM,350.9,600,210540.0,355794900.0
2025-08-01 09:27:24 AM,350.75,0,0.0,355794900.0
2025-08-01 09:27:24 AM,350.35,300,105105.0,355900005.0
2025-08-01 09:27:25 AM,349.9,0,0.0,355900005.0
2025-08-01 09:27:25 AM,350.6,0,0.0,355900005.0
2025-08-01 09:27:26 AM,351.5,1200,421800.0,356321805.0
2025-08-01 09:27:26 AM,350.75,75,26306.25,356348111.25
2025-08-01 09:27:27 AM,350.1,0,0.0,356348111.25
2025-08-01 09:27:28 AM,350.8,450,157860.0,356505971.25
2025-08-01 09:27:29 AM,352.6,0,0.0,356505971.25
2025-08-01 09:27:29 AM,353.05,1800,635490.0,357141461.25
2025-08-01 09:27:29 AM,352.55,0,0.0,357141461.25
2025-08-01 09:27:30 AM,353.3,375,132487.5,357273948.75
2025-08-01 09:27:30 AM,352.3,0,0.0,357273948.75
2025-08-01 09:27:31 AM,351.65,750,263737.5,357537686.25
2025-08-01 09:27:31 AM,350.2,0,0.0,357537686.25
2025-08-01 09:27:31 AM,350.2,225,78795.0,357616481.25
2025-08-01 09:27:32 AM,351.45,0,0.0,357616481.25
2025-08-01 09:27:33 AM,351.45,300,105435.0,357721916.25
2025-08-01 09:27:33 AM,351.05,0,0.0,357721916.25
2025-08-01 09:27:33 AM,351.05,75,26328.75,357748245.0
2025-08-01 09:27:34 AM,352.3,0,0.0,357748245.0
2025-08-01 09:27:34 AM,352.3,450,158535.0,357906780.0
2025-08-01 09:27:35 AM,352.95,150,52942.5,357959722.5
2025-08-01 09:27:35 AM,351.8,0,0.0,357959722.5
2025-08-01 09:27:36 AM,351.8,600,211080.0,358170802.5
2025-08-01 09:27:36 AM,351.75,0,0.0,358170802.5
2025-08-01 09:27:36 AM,351.75,75,26381.25,358197183.75
2025-08-01 09:27:37 AM,350.6,0,0.0,358197183.75
2025-08-01 09:27:38 AM,350.6,150,52590.0,358249773.75
2025-08-01 09:27:38 AM,350.0,0,0.0,358249773.75
2025-08-01 09:27:38 AM,350.25,1200,420300.0,358670073.75
2025-08-01 09:27:39 AM,350.25,375,131343.75,358801417.5
2025-08-01 09:27:40 AM,349.85,150,52477.5,358853895.0
2025-08-01 09:27:41 AM,352.4,750,264300.0,359118195.0
2025-08-01 09:27:42 AM,351.45,0,0.0,359118195.0
2025-08-01 09:27:43 AM,351.45,225,79076.25,359197271.25
2025-08-01 09:27:43 AM,352.3,0,0.0,359197271.25
2025-08-01 09:27:43 AM,352.3,150,52845.0,359250116.25
2025-08-01 09:27:43 AM,353.8,0,0.0,359250116.25
2025-08-01 09:27:44 AM,353.05,0,0.0,359250116.25
2025-08-01 09:27:44 AM,352.0,750,264000.0,359514116.25
2025-08-01 09:27:45 AM,351.85,0,0.0,359514116.25
2025-08-01 09:27:45 AM,351.8,0,0.0,359514116.25
2025-08-01 09:27:46 AM,351.8,2025,712395.0,360226511.25
2025-08-01 09:27:47 AM,351.95,0,0.0,360226511.25
2025-08-01 09:27:47 AM,352.4,0,0.0,360226511.25
2025-08-01 09:27:48 AM,352.45,300,105735.0,360332246.25
2025-08-01 09:27:48 AM,352.55,600,211530.0,360543776.25
2025-08-01 09:27:49 AM,352.6,0,0.0,360543776.25
2025-08-01 09:27:49 AM,352.05,600,211230.0,360755006.25
2025-08-01 09:27:50 AM,351.95,1425,501528.75,361256535.0
2025-08-01 09:27:50 AM,352.0,0,0.0,361256535.0
2025-08-01 09:27:51 AM,350.9,150,52635.0,361309170.0
2025-08-01 09:27:51 AM,352.05,0,0.0,361309170.0
2025-08-01 09:27:51 AM,352.5,1125,396562.5,361705732.5
2025-08-01 09:27:52 AM,353.0,0,0.0,361705732.5
2025-08-01 09:27:53 AM,353.0,525,185325.0,361891057.5
2025-08-01 09:27:54 AM,352.4,0,0.0,361891057.5
2025-08-01 09:27:54 AM,353.15,0,0.0,361891057.5
2025-08-01 09:27:54 AM,352.85,825,291101.25,362182158.75
2025-08-01 09:27:56 AM,351.4,0,0.0,362182158.75
2025-08-01 09:27:56 AM,351.4,75,26355.0,362208513.75
2025-08-01 09:27:57 AM,350.65,0,0.0,362208513.75
2025-08-01 09:27:57 AM,352.2,0,0.0,362208513.75
2025-08-01 09:27:58 AM,352.2,150,52830.0,362261343.75
2025-08-01 09:27:59 AM,353.0,0,0.0,362261343.75
2025-08-01 09:27:59 AM,352.2,0,0.0,362261343.75
2025-08-01 09:27:59 AM,352.2,900,316980.0,362578323.75
2025-08-01 09:28:00 AM,351.85,225,79166.25,362657490.0
2025-08-01 09:28:01 AM,350.65,75,26298.75,362683788.75
2025-08-01 09:28:02 AM,351.4,0,0.0,362683788.75
2025-08-01 09:28:02 AM,351.95,0,0.0,362683788.75
2025-08-01 09:28:03 AM,351.95,150,52792.5,362736581.25
2025-08-01 09:28:04 AM,353.0,0,0.0,362736581.25
2025-08-01 09:28:04 AM,352.1,0,0.0,362736581.25
2025-08-01 09:28:04 AM,352.1,900,316890.0,363053471.25
2025-08-01 09:28:05 AM,353.0,450,158850.0,363212321.25
2025-08-01 09:28:05 AM,353.4,0,0.0,363212321.25
2025-08-01 09:28:05 AM,352.55,0,0.0,363212321.25
2025-08-01 09:28:06 AM,355.95,10425,3710778.75,366923100.0
2025-08-01 09:28:06 AM,354.6,0,0.0,366923100.0
2025-08-01 09:28:06 AM,354.6,1800,638280.0,367561380.0
2025-08-01 09:28:07 AM,355.85,0,0.0,367561380.0
2025-08-01 09:28:08 AM,355.9,150,53385.0,367614765.0
2025-08-01 09:28:08 AM,356.7,0,0.0,367614765.0
2025-08-01 09:28:08 AM,356.75,150,53512.5,367668277.5
2025-08-01 09:28:09 AM,357.9,0,0.0,367668277.5
2025-08-01 09:28:09 AM,357.9,1875,671062.5,368339340.0
2025-08-01 09:28:10 AM,361.6,9000,3254400.0,371593740.0
2025-08-01 09:28:10 AM,361.1,0,0.0,371593740.0
2025-08-01 09:28:10 AM,360.55,0,0.0,371593740.0
2025-08-01 09:28:11 AM,360.0,1725,621000.0,372214740.0
2025-08-01 09:28:11 AM,360.2,0,0.0,372214740.0
2025-08-01 09:28:11 AM,359.9,0,0.0,372214740.0
2025-08-01 09:28:11 AM,358.95,450,161527.5,372376267.5
2025-08-01 09:28:12 AM,355.85,0,0.0,372376267.5
2025-08-01 09:28:12 AM,356.0,0,0.0,372376267.5
2025-08-01 09:28:13 AM,356.0,1650,587400.0,372963667.5
2025-08-01 09:28:13 AM,355.9,150,53385.0,373017052.5
2025-08-01 09:28:13 AM,356.75,0,0.0,373017052.5
2025-08-01 09:28:14 AM,356.55,0,0.0,373017052.5
2025-08-01 09:28:14 AM,356.55,750,267412.5,373284465.0
2025-08-01 09:28:15 AM,357.1,375,133912.5,373418377.5
2025-08-01 09:28:16 AM,357.1,75,26782.5,373445160.0
2025-08-01 09:28:17 AM,358.15,0,0.0,373445160.0
2025-08-01 09:28:17 AM,356.9,0,0.0,373445160.0
2025-08-01 09:28:18 AM,356.9,450,160605.0,373605765.0
2025-08-01 09:28:18 AM,354.95,1950,692152.5,374297917.5
2025-08-01 09:28:18 AM,355.2,0,0.0,374297917.5
2025-08-01 09:28:19 AM,355.3,0,0.0,374297917.5
2025-08-01 09:28:19 AM,355.3,1050,373065.0,374670982.5
2025-08-01 09:28:20 AM,355.05,75,26628.75,374697611.25
2025-08-01 09:28:20 AM,354.85,0,0.0,374697611.25
2025-08-01 09:28:21 AM,354.85,150,53227.5,374750838.75
2025-08-01 09:28:21 AM,357.4,0,0.0,374750838.75
2025-08-01 09:28:21 AM,357.4,75,26805.0,374777643.75
2025-08-01 09:28:23 AM,356.9,0,0.0,374777643.75
2025-08-01 09:28:23 AM,356.9,150,53535.0,374831178.75
2025-08-01 09:28:23 AM,357.55,0,0.0,374831178.75
2025-08-01 09:28:24 AM,357.4,0,0.0,374831178.75
2025-08-01 09:28:24 AM,357.4,150,53610.0,374884788.75
2025-08-01 09:28:25 AM,357.7,0,0.0,374884788.75
2025-08-01 09:28:26 AM,356.9,525,187372.5,375072161.25
2025-08-01 09:28:27 AM,356.65,0,0.0,375072161.25
2025-08-01 09:28:27 AM,355.85,0,0.0,375072161.25
2025-08-01 09:28:28 AM,355.85,375,133443.75,375205605.0
2025-08-01 09:28:28 AM,357.2,150,53580.0,375259185.0
2025-08-01 09:28:29 AM,357.75,0,0.0,375259185.0
2025-08-01 09:28:29 AM,357.35,0,0.0,375259185.0
2025-08-01 09:28:29 AM,357.35,825,294813.75,375553998.75
2025-08-01 09:28:30 AM,357.1,225,80347.5,375634346.25
2025-08-01 09:28:30 AM,358.15,0,0.0,375634346.25
2025-08-01 09:28:30 AM,358.35,0,0.0,375634346.25
2025-08-01 09:28:31 AM,357.95,525,187923.75,375822270.0
2025-08-01 09:28:31 AM,358.05,0,0.0,375822270.0
2025-08-01 09:28:32 AM,358.05,600,214830.0,376037100.0
2025-08-01 09:28:32 AM,357.1,0,0.0,376037100.0
2025-08-01 09:28:32 AM,357.75,0,0.0,376037100.0
2025-08-01 09:28:33 AM,357.75,825,295143.75,376332243.75
2025-08-01 09:28:33 AM,355.0,1950,692250.0,377024493.75
2025-08-01 09:28:34 AM,353.25,0,0.0,377024493.75
2025-08-01 09:28:34 AM,353.4,0,0.0,377024493.75
2025-08-01 09:28:34 AM,354.4,0,0.0,377024493.75
2025-08-01 09:28:34 AM,354.4,2250,797400.0,377821893.75
2025-08-01 09:28:35 AM,354.05,225,79661.25,377901555.0
2025-08-01 09:28:35 AM,353.8,0,0.0,377901555.0
2025-08-01 09:28:36 AM,355.1,300,106530.0,378008085.0
2025-08-01 09:28:37 AM,353.25,0,0.0,378008085.0
2025-08-01 09:28:38 AM,353.25,75,26493.75,378034578.75
2025-08-01 09:28:38 AM,352.95,150,52942.5,378087521.25
2025-08-01 09:28:39 AM,354.95,0,0.0,378087521.25
2025-08-01 09:28:39 AM,354.95,75,26621.25,378114142.5
2025-08-01 09:28:40 AM,354.65,375,132993.75,378247136.25
2025-08-01 09:28:40 AM,355.0,0,0.0,378247136.25
2025-08-01 09:28:41 AM,353.7,525,185692.5,378432828.75
2025-08-01 09:28:42 AM,355.35,0,0.0,378432828.75
2025-08-01 09:28:43 AM,355.45,225,79976.25,378512805.0
2025-08-01 09:28:43 AM,355.65,75,26673.75,378539478.75
2025-08-01 09:28:44 AM,355.2,0,0.0,378539478.75
2025-08-01 09:28:44 AM,354.75,0,0.0,378539478.75
2025-08-01 09:28:44 AM,354.75,150,53212.5,378592691.25
2025-08-01 09:28:45 AM,355.6,1800,640080.0,379232771.25
2025-08-01 09:28:45 AM,354.9,0,0.0,379232771.25
2025-08-01 09:28:46 AM,355.7,450,160065.0,379392836.25
2025-08-01 09:28:46 AM,356.4,0,0.0,379392836.25
2025-08-01 09:28:47 AM,355.6,300,106680.0,379499516.25
2025-08-01 09:28:47 AM,356.0,0,0.0,379499516.25
2025-08-01 09:28:48 AM,354.1,675,239017.50000000003,379738533.75
2025-08-01 09:28:48 AM,352.8,1650,582120.0,380320653.75
2025-08-01 09:28:48 AM,352.65,0,0.0,380320653.75
2025-08-01 09:28:49 AM,352.65,1050,370282.5,380690936.25
2025-08-01 09:28:50 AM,354.15,0,0.0,380690936.25
2025-08-01 09:28:50 AM,354.15,150,53122.5,380744058.75
2025-08-01 09:28:51 AM,354.0,0,0.0,380744058.75
2025-08-01 09:28:51 AM,354.25,150,53137.5,380797196.25
2025-08-01 09:28:52 AM,355.05,0,0.0,380797196.25
2025-08-01 09:28:53 AM,355.05,825,292916.25,381090112.5
2025-08-01 09:28:53 AM,355.7,375,133387.5,381223500.0
2025-08-01 09:28:55 AM,355.85,0,0.0,381223500.0
2025-08-01 09:28:56 AM,356.75,825,294318.75,381517818.75
2025-08-01 09:28:56 AM,357.1,0,0.0,381517818.75
2025-08-01 09:28:57 AM,357.1,825,294607.5,381812426.25
2025-08-01 09:28:57 AM,355.0,0,0.0,381812426.25
2025-08-01 09:28:58 AM,357.0,900,321300.0,382133726.25
2025-08-01 09:28:58 AM,356.65,825,294236.25,382427962.5
2025-08-01 09:28:58 AM,357.0,0,0.0,382427962.5
2025-08-01 09:28:59 AM,357.7,0,0.0,382427962.5
2025-08-01 09:28:59 AM,357.7,4875,1743787.5,384171750.0
2025-08-01 09:29:00 AM,356.4,75,26730.0,384198480.0
2025-08-01 09:29:00 AM,356.2,0,0.0,384198480.0
2025-08-01 09:29:01 AM,356.2,450,160290.0,384358770.0
2025-08-01 09:29:02 AM,356.7,225,80257.5,384439027.5
2025-08-01 09:29:02 AM,355.55,0,0.0,384439027.5
2025-08-01 09:29:03 AM,355.55,75,26666.25,384465693.75
2025-08-01 09:29:04 AM,355.85,0,0.0,384465693.75
2025-08-01 09:29:04 AM,355.85,75,26688.75,384492382.5
2025-08-01 09:29:05 AM,355.1,0,0.0,384492382.5
2025-08-01 09:29:05 AM,356.35,300,106905.0,384599287.5
2025-08-01 09:29:05 AM,355.75,0,0.0,384599287.5
2025-08-01 09:29:05 AM,356.0,0,0.0,384599287.5
2025-08-01 09:29:06 AM,356.65,4125,1471181.25,386070468.75
2025-08-01 09:29:06 AM,356.5,0,0.0,386070468.75
2025-08-01 09:29:07 AM,356.5,1050,374325.0,386444793.75
2025-08-01 09:29:08 AM,357.0,75,26775.0,386471568.75
2025-08-01 09:29:08 AM,357.3,0,0.0,386471568.75
2025-08-01 09:29:08 AM,357.3,450,160785.0,386632353.75
2025-08-01 09:29:09 AM,357.35,0,0.0,386632353.75
2025-08-01 09:29:09 AM,356.7,0,0.0,386632353.75
2025-08-01 09:29:09 AM,356.7,825,294277.5,386926631.25
2025-08-01 09:29:10 AM,357.2,150,53580.0,386980211.25
2025-08-01 09:29:10 AM,356.95,0,0.0,386980211.25
2025-08-01 09:29:11 AM,357.45,1425,509366.25,387489577.5
2025-08-01 09:29:11 AM,357.95,0,0.0,387489577.5
2025-08-01 09:29:12 AM,354.75,7875,2793656.25,390283233.75
2025-08-01 09:29:12 AM,353.85,0,0.0,390283233.75
2025-08-01 09:29:13 AM,352.95,375,132356.25,390415590.0
2025-08-01 09:29:13 AM,351.75,0,0.0,390415590.0
2025-08-01 09:29:13 AM,351.75,600,211050.0,390626640.0
2025-08-01 09:29:14 AM,351.0,0,0.0,390626640.0
2025-08-01 09:29:14 AM,351.35,2100,737835.0,391364475.0
2025-08-01 09:29:15 AM,350.7,825,289327.5,391653802.5
