date,price,qty,trnvr,cum_trnvr
2025-08-01 09:15:04 AM,466.45,225,104951.25,104951.25
2025-08-01 09:15:05 AM,475.9,0,0.0,104951.25
2025-08-01 09:15:06 AM,475.9,300,142770.0,247721.25
2025-08-01 09:15:06 AM,471.85,0,0.0,247721.25
2025-08-01 09:15:06 AM,476.0,0,0.0,247721.25
2025-08-01 09:15:07 AM,476.0,1575,749700.0,997421.25
2025-08-01 09:15:07 AM,480.0,0,0.0,997421.25
2025-08-01 09:15:08 AM,480.0,75,36000.0,1033421.25
2025-08-01 09:15:14 AM,470.5,0,0.0,1033421.25
2025-08-01 09:15:15 AM,470.5,225,105862.5,1139283.75
2025-08-01 09:15:16 AM,474.8,0,0.0,1139283.75
2025-08-01 09:15:16 AM,474.8,525,249270.0,1388553.75
2025-08-01 09:15:17 AM,465.0,0,0.0,1388553.75
2025-08-01 09:15:18 AM,465.0,150,69750.0,1458303.75
2025-08-01 09:15:23 AM,453.4,0,0.0,1458303.75
2025-08-01 09:15:23 AM,453.4,75,34005.0,1492308.75
2025-08-01 09:15:23 AM,454.15,0,0.0,1492308.75
2025-08-01 09:15:23 AM,454.15,75,34061.25,1526370.0
2025-08-01 09:15:24 AM,455.2,0,0.0,1526370.0
2025-08-01 09:15:25 AM,455.2,75,34140.0,1560510.0
2025-08-01 09:15:25 AM,454.15,0,0.0,1560510.0
2025-08-01 09:15:25 AM,454.15,150,68122.5,1628632.5
2025-08-01 09:15:27 AM,454.15,150,68122.5,1696755.0
2025-08-01 09:15:29 AM,448.7,0,0.0,1696755.0
2025-08-01 09:15:29 AM,448.7,75,33652.5,1730407.5
2025-08-01 09:15:38 AM,451.25,0,0.0,1730407.5
2025-08-01 09:15:39 AM,451.25,75,33843.75,1764251.25
2025-08-01 09:15:39 AM,455.25,0,0.0,1764251.25
2025-08-01 09:15:39 AM,455.25,75,34143.75,1798395.0
2025-08-01 09:15:52 AM,454.3,0,0.0,1798395.0
2025-08-01 09:15:52 AM,454.3,75,34072.5,1832467.5
2025-08-01 09:15:53 AM,452.2,75,33915.0,1866382.5
2025-08-01 09:15:54 AM,457.7,0,0.0,1866382.5
2025-08-01 09:15:54 AM,457.7,750,343275.0,2209657.5
2025-08-01 09:15:56 AM,453.5,0,0.0,2209657.5
2025-08-01 09:15:56 AM,453.5,75,34012.5,2243670.0
2025-08-01 09:16:07 AM,454.75,0,0.0,2243670.0
2025-08-01 09:16:07 AM,455.0,825,375375.0,2619045.0
2025-08-01 09:16:08 AM,455.0,375,170625.0,2789670.0
2025-08-01 09:16:09 AM,455.65,0,0.0,2789670.0
2025-08-01 09:16:10 AM,455.65,75,34173.75,2823843.75
2025-08-01 09:16:12 AM,455.0,0,0.0,2823843.75
2025-08-01 09:16:13 AM,455.0,75,34125.0,2857968.75
2025-08-01 09:16:19 AM,456.0,0,0.0,2857968.75
2025-08-01 09:16:19 AM,456.0,75,34200.0,2892168.75
2025-08-01 09:16:21 AM,457.0,75,34275.0,2926443.75
2025-08-01 09:16:22 AM,453.95,0,0.0,2926443.75
2025-08-01 09:16:22 AM,453.95,75,34046.25,2960490.0
2025-08-01 09:16:54 AM,462.25,0,0.0,2960490.0
2025-08-01 09:16:54 AM,462.25,75,34668.75,2995158.75
2025-08-01 09:16:56 AM,464.75,0,0.0,2995158.75
2025-08-01 09:16:57 AM,464.75,75,34856.25,3030015.0
2025-08-01 09:17:15 AM,464.75,750,348562.5,3378577.5
2025-08-01 09:17:26 AM,462.7,0,0.0,3378577.5
2025-08-01 09:17:27 AM,462.7,300,138810.0,3517387.5
2025-08-01 09:18:24 AM,458.55,0,0.0,3517387.5
2025-08-01 09:18:24 AM,458.05,0,0.0,3517387.5
2025-08-01 09:18:25 AM,458.05,150,68707.5,3586095.0
2025-08-01 09:18:58 AM,455.4,225,102465.0,3688560.0
2025-08-01 09:20:00 AM,449.05,0,0.0,3688560.0
2025-08-01 09:20:02 AM,449.05,150,67357.5,3755917.5
2025-08-01 09:20:11 AM,454.9,0,0.0,3755917.5
2025-08-01 09:20:12 AM,454.9,75,34117.5,3790035.0
2025-08-01 09:20:30 AM,451.25,0,0.0,3790035.0
2025-08-01 09:20:30 AM,451.25,150,67687.5,3857722.5
2025-08-01 09:20:32 AM,448.35,0,0.0,3857722.5
2025-08-01 09:20:33 AM,448.35,75,33626.25,3891348.75
2025-08-01 09:20:44 AM,441.25,0,0.0,3891348.75
2025-08-01 09:20:44 AM,441.25,150,66187.5,3957536.25
2025-08-01 09:20:46 AM,443.35,75,33251.25,3990787.5
2025-08-01 09:21:04 AM,444.55,0,0.0,3990787.5
2025-08-01 09:21:04 AM,444.55,75,33341.25,4024128.75
2025-08-01 09:21:33 AM,442.95,0,0.0,4024128.75
2025-08-01 09:21:34 AM,441.25,0,0.0,4024128.75
2025-08-01 09:21:34 AM,441.25,525,231656.25,4255785.0
2025-08-01 09:21:42 AM,438.3,0,0.0,4255785.0
2025-08-01 09:21:42 AM,438.3,75,32872.5,4288657.5
2025-08-01 09:21:47 AM,440.0,0,0.0,4288657.5
2025-08-01 09:21:47 AM,440.0,75,33000.0,4321657.5
2025-08-01 09:21:52 AM,444.65,0,0.0,4321657.5
2025-08-01 09:21:52 AM,444.65,75,33348.75,4355006.25
2025-08-01 09:21:59 AM,442.75,0,0.0,4355006.25
2025-08-01 09:21:59 AM,442.75,75,33206.25,4388212.5
2025-08-01 09:22:03 AM,448.5,0,0.0,4388212.5
2025-08-01 09:22:04 AM,448.5,75,33637.5,4421850.0
2025-08-01 09:22:14 AM,450.1,0,0.0,4421850.0
2025-08-01 09:22:15 AM,448.25,0,0.0,4421850.0
2025-08-01 09:22:15 AM,448.25,300,134475.0,4556325.0
2025-08-01 09:22:38 AM,442.8,0,0.0,4556325.0
2025-08-01 09:22:39 AM,442.8,75,33210.0,4589535.0
2025-08-01 09:22:45 AM,444.25,0,0.0,4589535.0
2025-08-01 09:22:45 AM,444.25,75,33318.75,4622853.75
2025-08-01 09:22:55 AM,443.0,0,0.0,4622853.75
2025-08-01 09:22:57 AM,443.0,75,33225.0,4656078.75
2025-08-01 09:23:02 AM,442.4,0,0.0,4656078.75
2025-08-01 09:23:02 AM,442.4,150,66360.0,4722438.75
2025-08-01 09:23:04 AM,441.45,0,0.0,4722438.75
2025-08-01 09:23:04 AM,440.0,225,99000.0,4821438.75
2025-08-01 09:23:05 AM,442.3,0,0.0,4821438.75
2025-08-01 09:23:05 AM,442.3,75,33172.5,4854611.25
2025-08-01 09:23:06 AM,441.3,0,0.0,4854611.25
2025-08-01 09:23:07 AM,441.3,150,66195.0,4920806.25
2025-08-01 09:23:11 AM,441.1,0,0.0,4920806.25
2025-08-01 09:23:12 AM,441.1,75,33082.5,4953888.75
2025-08-01 09:23:19 AM,441.95,0,0.0,4953888.75
2025-08-01 09:23:20 AM,442.55,0,0.0,4953888.75
2025-08-01 09:23:20 AM,442.55,225,99573.75,5053462.5
2025-08-01 09:23:26 AM,446.6,0,0.0,5053462.5
2025-08-01 09:23:27 AM,446.6,600,267960.0,5321422.5
2025-08-01 09:23:42 AM,449.3,0,0.0,5321422.5
2025-08-01 09:23:42 AM,449.3,75,33697.5,5355120.0
2025-08-01 09:23:48 AM,451.15,75,33836.25,5388956.25
2025-08-01 09:23:53 AM,451.15,75,33836.25,5422792.5
2025-08-01 09:24:15 AM,453.75,0,0.0,5422792.5
2025-08-01 09:24:16 AM,453.75,675,306281.25,5729073.75
2025-08-01 09:24:17 AM,451.05,0,0.0,5729073.75
2025-08-01 09:24:17 AM,450.65,0,0.0,5729073.75
2025-08-01 09:24:18 AM,450.2,0,0.0,5729073.75
2025-08-01 09:24:18 AM,450.2,225,101295.0,5830368.75
2025-08-01 09:24:18 AM,449.7,75,33727.5,5864096.25
2025-08-01 09:24:19 AM,448.0,0,0.0,5864096.25
2025-08-01 09:24:19 AM,448.0,150,67200.0,5931296.25
2025-08-01 09:24:21 AM,450.0,0,0.0,5931296.25
2025-08-01 09:24:23 AM,450.0,75,33750.0,5965046.25
2025-08-01 09:24:27 AM,452.8,0,0.0,5965046.25
2025-08-01 09:24:28 AM,452.8,75,33960.0,5999006.25
2025-08-01 09:24:28 AM,453.25,0,0.0,5999006.25
2025-08-01 09:24:29 AM,453.8,0,0.0,5999006.25
2025-08-01 09:24:29 AM,453.8,150,68070.0,6067076.25
2025-08-01 09:24:31 AM,455.0,0,0.0,6067076.25
2025-08-01 09:24:31 AM,455.0,75,34125.0,6101201.25
2025-08-01 09:24:34 AM,454.85,0,0.0,6101201.25
2025-08-01 09:24:34 AM,454.85,600,272910.0,6374111.25
2025-08-01 09:24:35 AM,455.85,0,0.0,6374111.25
2025-08-01 09:24:36 AM,455.85,150,68377.5,6442488.75
2025-08-01 09:25:00 AM,456.9,0,0.0,6442488.75
2025-08-01 09:25:01 AM,455.85,0,0.0,6442488.75
2025-08-01 09:25:01 AM,455.85,225,102566.25,6545055.0
2025-08-01 09:25:16 AM,466.1,0,0.0,6545055.0
2025-08-01 09:25:16 AM,466.1,150,69915.0,6614970.0
2025-08-01 09:25:17 AM,466.05,0,0.0,6614970.0
2025-08-01 09:25:17 AM,466.05,150,69907.5,6684877.5
2025-08-01 09:25:20 AM,470.0,0,0.0,6684877.5
2025-08-01 09:25:20 AM,469.0,225,105525.0,6790402.5
2025-08-01 09:25:31 AM,467.4,0,0.0,6790402.5
2025-08-01 09:25:32 AM,467.4,525,245385.0,7035787.5
2025-08-01 09:25:44 AM,472.55,0,0.0,7035787.5
2025-08-01 09:25:44 AM,472.55,375,177206.25,7212993.75
2025-08-01 09:25:56 AM,470.0,0,0.0,7212993.75
2025-08-01 09:25:57 AM,472.55,0,0.0,7212993.75
2025-08-01 09:25:57 AM,472.55,150,70882.5,7283876.25
2025-08-01 09:26:07 AM,478.3,0,0.0,7283876.25
2025-08-01 09:26:07 AM,478.3,75,35872.5,7319748.75
2025-08-01 09:26:09 AM,478.2,600,286920.0,7606668.75
2025-08-01 09:26:10 AM,476.8,0,0.0,7606668.75
2025-08-01 09:26:10 AM,476.75,0,0.0,7606668.75
2025-08-01 09:26:10 AM,476.75,825,393318.75,7999987.5
2025-08-01 09:26:11 AM,478.85,0,0.0,7999987.5
2025-08-01 09:26:12 AM,478.85,75,35913.75,8035901.25
2025-08-01 09:26:12 AM,480.2,0,0.0,8035901.25
2025-08-01 09:26:13 AM,480.1,0,0.0,8035901.25
2025-08-01 09:26:14 AM,480.1,975,468097.5,8503998.75
2025-08-01 09:26:15 AM,480.1,900,432090.0,8936088.75
2025-08-01 09:26:32 AM,480.0,75,36000.0,8972088.75
2025-08-01 09:26:50 AM,475.7,0,0.0,8972088.75
2025-08-01 09:26:50 AM,475.7,75,35677.5,9007766.25
2025-08-01 09:26:54 AM,475.1,0,0.0,9007766.25
2025-08-01 09:26:55 AM,475.1,150,71265.0,9079031.25
2025-08-01 09:27:14 AM,476.8,0,0.0,9079031.25
2025-08-01 09:27:15 AM,476.8,525,250320.0,9329351.25
2025-08-01 09:27:15 AM,477.55,75,35816.25,9365167.5
2025-08-01 09:27:28 AM,480.2,0,0.0,9365167.5
2025-08-01 09:27:30 AM,480.2,150,72030.0,9437197.5
2025-08-01 09:27:43 AM,481.25,0,0.0,9437197.5
2025-08-01 09:27:43 AM,481.25,525,252656.25,9689853.75
2025-08-01 09:27:44 AM,480.0,0,0.0,9689853.75
2025-08-01 09:27:45 AM,480.0,375,180000.0,9869853.75
2025-08-01 09:27:49 AM,479.05,0,0.0,9869853.75
2025-08-01 09:27:50 AM,479.05,150,71857.5,9941711.25
2025-08-01 09:28:06 AM,481.95,0,0.0,9941711.25
2025-08-01 09:28:06 AM,482.85,600,289710.0,10231421.25
2025-08-01 09:28:09 AM,487.7,0,0.0,10231421.25
2025-08-01 09:28:09 AM,487.7,75,36577.5,10267998.75
2025-08-01 09:28:11 AM,486.8,0,0.0,10267998.75
2025-08-01 09:28:13 AM,486.8,75,36510.0,10304508.75
2025-08-01 09:28:15 AM,485.45,0,0.0,10304508.75
2025-08-01 09:28:16 AM,485.45,75,36408.75,10340917.5
2025-08-01 09:28:23 AM,485.25,0,0.0,10340917.5
2025-08-01 09:28:23 AM,485.25,75,36393.75,10377311.25
2025-08-01 09:28:24 AM,484.05,0,0.0,10377311.25
2025-08-01 09:28:25 AM,484.05,75,36303.75,10413615.0
2025-08-01 09:28:28 AM,483.9,75,36292.5,10449907.5
2025-08-01 09:28:40 AM,482.85,0,0.0,10449907.5
2025-08-01 09:28:41 AM,482.85,150,72427.5,10522335.0
2025-08-01 09:28:48 AM,479.0,0,0.0,10522335.0
2025-08-01 09:28:50 AM,479.0,300,143700.0,10666035.0
2025-08-01 09:28:53 AM,480.5,0,0.0,10666035.0
2025-08-01 09:28:54 AM,480.5,1125,540562.5,11206597.5
2025-08-01 09:29:11 AM,483.65,0,0.0,11206597.5
2025-08-01 09:29:12 AM,483.65,975,471558.75,11678156.25
2025-08-01 09:29:53 AM,475.4,0,0.0,11678156.25
2025-08-01 09:29:54 AM,475.4,75,35655.0,11713811.25
2025-08-01 09:29:56 AM,475.8,0,0.0,11713811.25
2025-08-01 09:29:56 AM,475.8,75,35685.0,11749496.25
2025-08-01 09:30:00 AM,480.25,0,0.0,11749496.25
2025-08-01 09:30:00 AM,480.25,150,72037.5,11821533.75
2025-08-01 09:30:23 AM,485.15,0,0.0,11821533.75
2025-08-01 09:30:23 AM,485.15,75,36386.25,11857920.0
2025-08-01 09:30:48 AM,481.4,0,0.0,11857920.0
2025-08-01 09:30:48 AM,481.4,75,36105.0,11894025.0
2025-08-01 09:30:50 AM,480.85,75,36063.75,11930088.75
2025-08-01 09:30:54 AM,482.6,0,0.0,11930088.75
2025-08-01 09:30:55 AM,482.6,75,36195.0,11966283.75
2025-08-01 09:31:05 AM,486.7,0,0.0,11966283.75
2025-08-01 09:31:06 AM,486.7,75,36502.5,12002786.25
2025-08-01 09:31:30 AM,481.05,0,0.0,12002786.25
2025-08-01 09:31:31 AM,481.05,75,36078.75,12038865.0
2025-08-01 09:31:34 AM,481.7,75,36127.5,12074992.5
2025-08-01 09:31:50 AM,475.1,0,0.0,12074992.5
2025-08-01 09:31:50 AM,475.1,75,35632.5,12110625.0
2025-08-01 09:31:57 AM,473.15,0,0.0,12110625.0
2025-08-01 09:31:59 AM,473.15,225,106458.75,12217083.75
2025-08-01 09:32:15 AM,473.7,0,0.0,12217083.75
2025-08-01 09:32:15 AM,475.1,0,0.0,12217083.75
2025-08-01 09:32:15 AM,475.1,150,71265.0,12288348.75
2025-08-01 09:32:17 AM,475.0,0,0.0,12288348.75
2025-08-01 09:32:18 AM,475.0,75,35625.0,12323973.75
2025-08-01 09:32:36 AM,467.95,0,0.0,12323973.75
2025-08-01 09:32:36 AM,467.95,75,35096.25,12359070.0
2025-08-01 09:32:59 AM,467.7,0,0.0,12359070.0
2025-08-01 09:33:00 AM,467.7,150,70155.0,12429225.0
2025-08-01 09:33:03 AM,469.35,0,0.0,12429225.0
2025-08-01 09:33:03 AM,469.35,75,35201.25,12464426.25
2025-08-01 09:33:18 AM,464.6,0,0.0,12464426.25
2025-08-01 09:33:19 AM,464.6,150,69690.0,12534116.25
2025-08-01 09:33:22 AM,460.5,0,0.0,12534116.25
2025-08-01 09:33:23 AM,460.5,75,34537.5,12568653.75
2025-08-01 09:33:23 AM,460.0,150,69000.0,12637653.75
2025-08-01 09:33:44 AM,444.85,0,0.0,12637653.75
2025-08-01 09:33:45 AM,446.05,300,133815.0,12771468.75
2025-08-01 09:33:51 AM,434.9,0,0.0,12771468.75
2025-08-01 09:33:51 AM,434.9,225,97852.5,12869321.25
2025-08-01 09:33:53 AM,430.6,0,0.0,12869321.25
2025-08-01 09:33:54 AM,430.6,150,64590.0,12933911.25
2025-08-01 09:33:55 AM,427.05,0,0.0,12933911.25
2025-08-01 09:33:55 AM,425.15,0,0.0,12933911.25
2025-08-01 09:33:56 AM,425.15,150,63772.5,12997683.75
2025-08-01 09:34:02 AM,428.15,0,0.0,12997683.75
2025-08-01 09:34:02 AM,428.15,225,96333.75,13094017.5
2025-08-01 09:34:08 AM,428.45,0,0.0,13094017.5
2025-08-01 09:34:09 AM,428.45,150,64267.5,13158285.0
2025-08-01 09:34:10 AM,427.4,0,0.0,13158285.0
2025-08-01 09:34:11 AM,427.4,75,32055.0,13190340.0
2025-08-01 09:34:13 AM,427.4,75,32055.0,13222395.0
2025-08-01 09:34:14 AM,432.05,0,0.0,13222395.0
2025-08-01 09:34:14 AM,432.05,150,64807.5,13287202.5
2025-08-01 09:34:16 AM,430.0,0,0.0,13287202.5
2025-08-01 09:34:17 AM,430.0,225,96750.0,13383952.5
2025-08-01 09:34:21 AM,433.65,0,0.0,13383952.5
2025-08-01 09:34:22 AM,435.0,0,0.0,13383952.5
2025-08-01 09:34:22 AM,435.0,300,130500.0,13514452.5
2025-08-01 09:34:24 AM,433.3,0,0.0,13514452.5
2025-08-01 09:34:25 AM,433.3,75,32497.5,13546950.0
2025-08-01 09:34:28 AM,436.5,0,0.0,13546950.0
2025-08-01 09:34:29 AM,436.5,75,32737.5,13579687.5
2025-08-01 09:34:35 AM,438.45,0,0.0,13579687.5
2025-08-01 09:34:35 AM,438.45,75,32883.75,13612571.25
2025-08-01 09:34:43 AM,441.35,0,0.0,13612571.25
2025-08-01 09:34:44 AM,441.35,75,33101.25,13645672.5
2025-08-01 09:35:19 AM,443.1,0,0.0,13645672.5
2025-08-01 09:35:20 AM,443.1,75,33232.5,13678905.0
2025-08-01 09:35:22 AM,441.0,0,0.0,13678905.0
2025-08-01 09:35:22 AM,442.6,0,0.0,13678905.0
2025-08-01 09:35:23 AM,442.6,525,232365.0,13911270.0
2025-08-01 09:35:52 AM,449.95,0,0.0,13911270.0
2025-08-01 09:35:53 AM,449.95,75,33746.25,13945016.25
2025-08-01 09:35:58 AM,446.65,0,0.0,13945016.25
2025-08-01 09:35:58 AM,446.65,225,100496.25,14045512.5
2025-08-01 09:36:03 AM,442.4,0,0.0,14045512.5
2025-08-01 09:36:04 AM,442.4,75,33180.0,14078692.5
2025-08-01 09:36:05 AM,442.4,225,99540.0,14178232.5
2025-08-01 09:36:15 AM,442.8,0,0.0,14178232.5
2025-08-01 09:36:15 AM,442.8,75,33210.0,14211442.5
2025-08-01 09:36:27 AM,442.5,0,0.0,14211442.5
2025-08-01 09:36:27 AM,442.5,75,33187.5,14244630.0
2025-08-01 09:36:39 AM,437.65,0,0.0,14244630.0
2025-08-01 09:36:40 AM,437.65,225,98471.25,14343101.25
2025-08-01 09:37:05 AM,448.65,0,0.0,14343101.25
2025-08-01 09:37:05 AM,448.65,75,33648.75,14376750.0
2025-08-01 09:37:13 AM,455.0,0,0.0,14376750.0
2025-08-01 09:37:13 AM,455.0,75,34125.0,14410875.0
2025-08-01 09:37:38 AM,456.1,0,0.0,14410875.0
2025-08-01 09:37:38 AM,456.1,75,34207.5,14445082.5
2025-08-01 09:38:09 AM,454.95,0,0.0,14445082.5
2025-08-01 09:38:10 AM,454.95,225,102363.75,14547446.25
2025-08-01 09:38:17 AM,452.9,0,0.0,14547446.25
2025-08-01 09:38:18 AM,452.9,75,33967.5,14581413.75
2025-08-01 09:38:22 AM,452.95,0,0.0,14581413.75
2025-08-01 09:38:22 AM,452.95,75,33971.25,14615385.0
2025-08-01 09:38:39 AM,451.95,0,0.0,14615385.0
2025-08-01 09:38:39 AM,451.95,75,33896.25,14649281.25
2025-08-01 09:38:45 AM,451.35,0,0.0,14649281.25
2025-08-01 09:38:45 AM,451.35,300,135405.0,14784686.25
2025-08-01 09:38:49 AM,450.0,0,0.0,14784686.25
2025-08-01 09:38:50 AM,450.0,225,101250.0,14885936.25
2025-08-01 09:39:56 AM,465.0,0,0.0,14885936.25
2025-08-01 09:39:56 AM,465.0,75,34875.0,14920811.25
2025-08-01 09:40:02 AM,464.5,0,0.0,14920811.25
2025-08-01 09:40:03 AM,464.5,75,34837.5,14955648.75
2025-08-01 09:40:41 AM,458.4,0,0.0,14955648.75
2025-08-01 09:40:42 AM,458.4,75,34380.0,14990028.75
2025-08-01 09:40:43 AM,457.5,0,0.0,14990028.75
2025-08-01 09:40:43 AM,457.5,75,34312.5,15024341.25
2025-08-01 09:41:11 AM,446.45,0,0.0,15024341.25
2025-08-01 09:41:11 AM,446.45,75,33483.75,15057825.0
2025-08-01 09:41:39 AM,445.0,0,0.0,15057825.0
2025-08-01 09:41:39 AM,445.0,75,33375.0,15091200.0
2025-08-01 09:41:40 AM,444.65,300,133395.0,15224595.0
2025-08-01 09:41:40 AM,448.05,1800,806490.0,16031085.0
2025-08-01 09:41:44 AM,446.85,0,0.0,16031085.0
2025-08-01 09:41:44 AM,446.85,75,33513.75,16064598.75
2025-08-01 09:41:45 AM,446.85,375,167568.75,16232167.5
2025-08-01 09:41:57 AM,446.75,0,0.0,16232167.5
2025-08-01 09:41:57 AM,446.75,75,33506.25,16265673.75
2025-08-01 09:41:57 AM,446.1,0,0.0,16265673.75
2025-08-01 09:41:58 AM,446.1,75,33457.5,16299131.25
2025-08-01 09:41:58 AM,447.35,0,0.0,16299131.25
2025-08-01 09:41:59 AM,447.35,225,100653.75,16399785.0
2025-08-01 09:42:00 AM,446.85,0,0.0,16399785.0
2025-08-01 09:42:00 AM,446.85,675,301623.75,16701408.75
2025-08-01 09:42:01 AM,444.85,0,0.0,16701408.75
2025-08-01 09:42:01 AM,444.85,150,66727.5,16768136.25
2025-08-01 09:42:19 AM,454.35,0,0.0,16768136.25
2025-08-01 09:42:19 AM,454.35,75,34076.25,16802212.5
2025-08-01 09:42:50 AM,449.5,0,0.0,16802212.5
2025-08-01 09:42:50 AM,449.5,75,33712.5,16835925.0
2025-08-01 09:43:32 AM,443.3,0,0.0,16835925.0
2025-08-01 09:43:32 AM,443.3,75,33247.5,16869172.5
2025-08-01 09:43:32 AM,441.8,0,0.0,16869172.5
2025-08-01 09:43:33 AM,441.8,75,33135.0,16902307.5
2025-08-01 09:44:06 AM,444.5,0,0.0,16902307.5
2025-08-01 09:44:07 AM,444.5,75,33337.5,16935645.0
2025-08-01 09:44:22 AM,449.2,0,0.0,16935645.0
2025-08-01 09:44:23 AM,448.15,150,67222.5,17002867.5
2025-08-01 09:44:39 AM,455.95,0,0.0,17002867.5
2025-08-01 09:44:39 AM,455.15,0,0.0,17002867.5
2025-08-01 09:44:40 AM,455.15,225,102408.75,17105276.25
2025-08-01 09:44:51 AM,455.05,0,0.0,17105276.25
2025-08-01 09:44:51 AM,455.05,75,34128.75,17139405.0
2025-08-01 09:45:10 AM,461.5,0,0.0,17139405.0
2025-08-01 09:45:10 AM,461.5,75,34612.5,17174017.5
2025-08-01 09:45:11 AM,459.05,0,0.0,17174017.5
2025-08-01 09:45:11 AM,459.05,75,34428.75,17208446.25
2025-08-01 09:45:31 AM,459.0,0,0.0,17208446.25
2025-08-01 09:45:31 AM,459.0,150,68850.0,17277296.25
2025-08-01 09:45:37 AM,458.75,0,0.0,17277296.25
2025-08-01 09:45:38 AM,458.75,75,34406.25,17311702.5
2025-08-01 09:45:44 AM,456.3,75,34222.5,17345925.0
2025-08-01 09:45:45 AM,454.95,0,0.0,17345925.0
2025-08-01 09:45:45 AM,454.95,75,34121.25,17380046.25
2025-08-01 09:46:16 AM,453.45,0,0.0,17380046.25
2025-08-01 09:46:16 AM,453.45,75,34008.75,17414055.0
2025-08-01 09:46:17 AM,453.45,150,68017.5,17482072.5
2025-08-01 09:46:21 AM,454.25,0,0.0,17482072.5
2025-08-01 09:46:21 AM,454.25,75,34068.75,17516141.25
2025-08-01 09:46:32 AM,455.0,0,0.0,17516141.25
2025-08-01 09:46:32 AM,455.0,150,68250.0,17584391.25
2025-08-01 09:46:55 AM,460.7,0,0.0,17584391.25
2025-08-01 09:46:55 AM,460.7,150,69105.0,17653496.25
2025-08-01 09:47:31 AM,465.65,450,209542.5,17863038.75
2025-08-01 09:47:31 AM,468.0,0,0.0,17863038.75
2025-08-01 09:47:32 AM,468.0,300,140400.0,18003438.75
2025-08-01 09:47:45 AM,461.65,0,0.0,18003438.75
2025-08-01 09:47:45 AM,461.65,450,207742.5,18211181.25
2025-08-01 09:47:53 AM,458.55,0,0.0,18211181.25
2025-08-01 09:47:54 AM,458.6,0,0.0,18211181.25
2025-08-01 09:47:54 AM,458.6,150,68790.0,18279971.25
2025-08-01 09:48:11 AM,459.95,0,0.0,18279971.25
2025-08-01 09:48:11 AM,459.95,75,34496.25,18314467.5
2025-08-01 09:48:12 AM,458.0,0,0.0,18314467.5
2025-08-01 09:48:12 AM,458.0,150,68700.0,18383167.5
2025-08-01 09:48:30 AM,449.7,75,33727.5,18416895.0
2025-08-01 09:48:56 AM,442.55,0,0.0,18416895.0
2025-08-01 09:48:57 AM,442.55,2550,1128502.5,19545397.5
2025-08-01 09:49:20 AM,444.35,0,0.0,19545397.5
2025-08-01 09:49:21 AM,444.35,75,33326.25,19578723.75
2025-08-01 09:49:25 AM,444.2,0,0.0,19578723.75
2025-08-01 09:49:25 AM,444.2,75,33315.0,19612038.75
2025-08-01 09:49:28 AM,444.2,975,433095.0,20045133.75
2025-08-01 09:50:56 AM,450.75,0,0.0,20045133.75
2025-08-01 09:50:56 AM,450.75,75,33806.25,20078940.0
2025-08-01 09:51:08 AM,446.3,0,0.0,20078940.0
2025-08-01 09:51:08 AM,446.3,75,33472.5,20112412.5
2025-08-01 09:51:10 AM,445.25,0,0.0,20112412.5
2025-08-01 09:51:10 AM,444.0,0,0.0,20112412.5
2025-08-01 09:51:10 AM,444.0,300,133200.0,20245612.5
2025-08-01 09:51:11 AM,444.7,0,0.0,20245612.5
2025-08-01 09:51:11 AM,444.7,75,33352.5,20278965.0
2025-08-01 09:52:20 AM,452.6,0,0.0,20278965.0
2025-08-01 09:52:20 AM,452.6,75,33945.0,20312910.0
2025-08-01 09:53:15 AM,456.2,0,0.0,20312910.0
2025-08-01 09:53:15 AM,456.2,225,102645.0,20415555.0
2025-08-01 09:53:39 AM,455.9,75,34192.5,20449747.5
2025-08-01 09:54:07 AM,459.65,300,137895.0,20587642.5
2025-08-01 09:54:12 AM,463.2,150,69480.0,20657122.5
2025-08-01 09:54:25 AM,467.55,0,0.0,20657122.5
2025-08-01 09:54:26 AM,467.55,75,35066.25,20692188.75
2025-08-01 09:54:28 AM,465.85,0,0.0,20692188.75
2025-08-01 09:54:28 AM,465.85,75,34938.75,20727127.5
2025-08-01 09:54:30 AM,464.5,0,0.0,20727127.5
2025-08-01 09:54:31 AM,464.5,75,34837.5,20761965.0
2025-08-01 09:54:43 AM,466.2,0,0.0,20761965.0
2025-08-01 09:54:44 AM,466.2,150,69930.0,20831895.0
2025-08-01 09:55:18 AM,461.9,0,0.0,20831895.0
2025-08-01 09:55:18 AM,461.9,75,34642.5,20866537.5
2025-08-01 09:55:42 AM,465.0,0,0.0,20866537.5
2025-08-01 09:55:43 AM,465.0,150,69750.0,20936287.5
2025-08-01 09:57:07 AM,468.65,1275,597528.75,21533816.25
2025-08-01 09:57:50 AM,468.05,0,0.0,21533816.25
2025-08-01 09:57:50 AM,468.05,225,105311.25,21639127.5
2025-08-01 09:58:17 AM,475.95,0,0.0,21639127.5
2025-08-01 09:58:18 AM,475.95,75,35696.25,21674823.75
2025-08-01 09:58:28 AM,474.4,0,0.0,21674823.75
2025-08-01 09:58:28 AM,474.4,225,106740.0,21781563.75
2025-08-01 09:58:35 AM,474.15,0,0.0,21781563.75
2025-08-01 09:58:35 AM,474.15,75,35561.25,21817125.0
2025-08-01 09:59:09 AM,474.7,0,0.0,21817125.0
2025-08-01 09:59:10 AM,474.7,75,35602.5,21852727.5
2025-08-01 09:59:25 AM,466.75,0,0.0,21852727.5
2025-08-01 09:59:25 AM,466.75,225,105018.75,21957746.25
2025-08-01 09:59:29 AM,464.65,0,0.0,21957746.25
2025-08-01 09:59:29 AM,464.65,75,34848.75,21992595.0
2025-08-01 10:00:29 AM,474.75,0,0.0,21992595.0
2025-08-01 10:00:31 AM,474.75,75,35606.25,22028201.25
2025-08-01 10:01:00 AM,470.45,0,0.0,22028201.25
2025-08-01 10:01:01 AM,470.45,75,35283.75,22063485.0
2025-08-01 10:01:03 AM,470.35,0,0.0,22063485.0
2025-08-01 10:01:04 AM,470.35,75,35276.25,22098761.25
2025-08-01 10:01:11 AM,467.4,0,0.0,22098761.25
2025-08-01 10:01:12 AM,467.4,75,35055.0,22133816.25
2025-08-01 10:01:33 AM,468.7,0,0.0,22133816.25
2025-08-01 10:01:33 AM,468.7,225,105457.5,22239273.75
2025-08-01 10:02:03 AM,457.55,150,68632.5,22307906.25
2025-08-01 10:02:07 AM,461.55,75,34616.25,22342522.5
2025-08-01 10:02:18 AM,462.75,0,0.0,22342522.5
2025-08-01 10:02:19 AM,462.75,75,34706.25,22377228.75
2025-08-01 10:03:00 AM,457.75,0,0.0,22377228.75
2025-08-01 10:03:00 AM,457.75,150,68662.5,22445891.25
2025-08-01 10:03:04 AM,458.9,0,0.0,22445891.25
2025-08-01 10:03:05 AM,458.9,75,34417.5,22480308.75
2025-08-01 10:04:07 AM,443.7,0,0.0,22480308.75
2025-08-01 10:04:08 AM,443.7,600,266220.0,22746528.75
2025-08-01 10:04:20 AM,444.0,75,33300.0,22779828.75
2025-08-01 10:04:29 AM,441.6,0,0.0,22779828.75
2025-08-01 10:04:30 AM,441.6,75,33120.0,22812948.75
2025-08-01 10:04:56 AM,441.25,0,0.0,22812948.75
2025-08-01 10:04:56 AM,441.15,0,0.0,22812948.75
2025-08-01 10:04:57 AM,441.15,1050,463207.5,23276156.25
2025-08-01 10:05:17 AM,448.05,0,0.0,23276156.25
2025-08-01 10:05:17 AM,448.05,75,33603.75,23309760.0
2025-08-01 10:05:27 AM,448.75,0,0.0,23309760.0
2025-08-01 10:05:28 AM,447.5,0,0.0,23309760.0
2025-08-01 10:05:28 AM,447.5,1125,503437.5,23813197.5
2025-08-01 10:05:28 AM,448.8,0,0.0,23813197.5
2025-08-01 10:05:29 AM,448.8,150,67320.0,23880517.5
2025-08-01 10:05:45 AM,447.7,0,0.0,23880517.5
2025-08-01 10:05:45 AM,447.7,75,33577.5,23914095.0
2025-08-01 10:05:50 AM,445.0,0,0.0,23914095.0
2025-08-01 10:05:51 AM,445.0,75,33375.0,23947470.0
2025-08-01 10:06:08 AM,447.4,0,0.0,23947470.0
2025-08-01 10:06:08 AM,447.4,75,33555.0,23981025.0
2025-08-01 10:06:37 AM,447.75,0,0.0,23981025.0
2025-08-01 10:06:38 AM,447.75,75,33581.25,24014606.25
2025-08-01 10:06:45 AM,449.9,0,0.0,24014606.25
2025-08-01 10:06:45 AM,449.9,75,33742.5,24048348.75
2025-08-01 10:07:14 AM,447.1,0,0.0,24048348.75
2025-08-01 10:07:15 AM,447.1,75,33532.5,24081881.25
2025-08-01 10:08:05 AM,449.7,0,0.0,24081881.25
2025-08-01 10:08:05 AM,449.7,75,33727.5,24115608.75
2025-08-01 10:11:06 AM,430.05,0,0.0,24115608.75
2025-08-01 10:11:07 AM,430.05,75,32253.75,24147862.5
2025-08-01 10:11:45 AM,430.15,0,0.0,24147862.5
2025-08-01 10:11:45 AM,430.15,75,32261.25,24180123.75
2025-08-01 10:12:53 AM,421.75,0,0.0,24180123.75
2025-08-01 10:12:53 AM,421.75,150,63262.5,24243386.25
2025-08-01 10:13:15 AM,429.4,0,0.0,24243386.25
2025-08-01 10:13:15 AM,429.4,150,64410.0,24307796.25
2025-08-01 10:15:43 AM,418.95,0,0.0,24307796.25
2025-08-01 10:15:43 AM,418.95,150,62842.5,24370638.75
2025-08-01 10:16:11 AM,421.0,0,0.0,24370638.75
2025-08-01 10:16:12 AM,421.0,150,63150.0,24433788.75
2025-08-01 10:16:51 AM,424.0,0,0.0,24433788.75
2025-08-01 10:16:52 AM,424.0,225,95400.0,24529188.75
2025-08-01 10:17:24 AM,424.65,0,0.0,24529188.75
2025-08-01 10:17:25 AM,424.65,75,31848.75,24561037.5
2025-08-01 10:17:29 AM,426.0,0,0.0,24561037.5
2025-08-01 10:17:30 AM,426.0,75,31950.0,24592987.5
2025-08-01 10:17:40 AM,426.0,75,31950.0,24624937.5
2025-08-01 10:18:00 AM,432.05,0,0.0,24624937.5
2025-08-01 10:18:00 AM,432.05,75,32403.75,24657341.25
2025-08-01 10:18:16 AM,430.75,0,0.0,24657341.25
2025-08-01 10:18:16 AM,430.75,75,32306.25,24689647.5
2025-08-01 10:18:30 AM,433.8,0,0.0,24689647.5
2025-08-01 10:18:30 AM,433.8,75,32535.0,24722182.5
2025-08-01 10:19:32 AM,420.55,0,0.0,24722182.5
2025-08-01 10:19:33 AM,420.55,75,31541.25,24753723.75
2025-08-01 10:19:42 AM,420.75,0,0.0,24753723.75
2025-08-01 10:19:43 AM,420.75,75,31556.25,24785280.0
2025-08-01 10:20:00 AM,419.05,0,0.0,24785280.0
2025-08-01 10:20:00 AM,419.05,75,31428.75,24816708.75
2025-08-01 10:20:03 AM,421.35,0,0.0,24816708.75
2025-08-01 10:20:03 AM,421.35,75,31601.25,24848310.0
2025-08-01 10:20:33 AM,408.95,0,0.0,24848310.0
2025-08-01 10:20:33 AM,408.95,75,30671.25,24878981.25
2025-08-01 10:20:34 AM,406.35,0,0.0,24878981.25
2025-08-01 10:20:34 AM,406.35,150,60952.5,24939933.75
2025-08-01 10:20:42 AM,407.05,0,0.0,24939933.75
2025-08-01 10:20:43 AM,407.05,75,30528.75,24970462.5
2025-08-01 10:20:51 AM,409.35,0,0.0,24970462.5
2025-08-01 10:20:51 AM,409.35,75,30701.25,25001163.75
2025-08-01 10:21:15 AM,401.9,0,0.0,25001163.75
2025-08-01 10:21:15 AM,401.9,150,60285.0,25061448.75
2025-08-01 10:21:24 AM,401.9,300,120570.0,25182018.75
2025-08-01 10:21:26 AM,403.65,0,0.0,25182018.75
2025-08-01 10:21:26 AM,403.65,75,30273.75,25212292.5
2025-08-01 10:21:31 AM,404.5,0,0.0,25212292.5
2025-08-01 10:21:31 AM,404.5,450,182025.0,25394317.5
2025-08-01 10:21:33 AM,402.1,0,0.0,25394317.5
2025-08-01 10:21:33 AM,402.1,75,30157.5,25424475.0
2025-08-01 10:21:34 AM,401.0,0,0.0,25424475.0
2025-08-01 10:21:34 AM,401.0,75,30075.0,25454550.0
2025-08-01 10:21:36 AM,400.0,0,0.0,25454550.0
2025-08-01 10:21:36 AM,400.0,300,120000.0,25574550.0
2025-08-01 10:21:40 AM,400.85,0,0.0,25574550.0
2025-08-01 10:21:41 AM,400.85,75,30063.75,25604613.75
2025-08-01 10:21:49 AM,400.8,0,0.0,25604613.75
2025-08-01 10:21:49 AM,400.8,150,60120.0,25664733.75
2025-08-01 10:21:58 AM,401.05,0,0.0,25664733.75
2025-08-01 10:21:58 AM,401.05,75,30078.75,25694812.5
2025-08-01 10:22:15 AM,399.9,0,0.0,25694812.5
2025-08-01 10:22:16 AM,399.85,0,0.0,25694812.5
2025-08-01 10:22:16 AM,399.85,150,59977.5,25754790.0
2025-08-01 10:22:41 AM,404.45,0,0.0,25754790.0
2025-08-01 10:22:41 AM,404.45,75,30333.75,25785123.75
2025-08-01 10:23:20 AM,420.75,0,0.0,25785123.75
2025-08-01 10:23:21 AM,420.75,450,189337.5,25974461.25
2025-08-01 10:23:21 AM,418.15,0,0.0,25974461.25
2025-08-01 10:23:21 AM,418.15,75,31361.25,26005822.5
2025-08-01 10:23:24 AM,418.85,525,219896.25,26225718.75
2025-08-01 10:23:28 AM,417.0,0,0.0,26225718.75
2025-08-01 10:23:28 AM,417.0,75,31275.0,26256993.75
2025-08-01 10:23:56 AM,416.25,0,0.0,26256993.75
2025-08-01 10:23:56 AM,416.25,450,187312.5,26444306.25
2025-08-01 10:24:11 AM,413.0,0,0.0,26444306.25
2025-08-01 10:24:11 AM,413.0,75,30975.0,26475281.25
2025-08-01 10:24:26 AM,414.05,0,0.0,26475281.25
2025-08-01 10:24:27 AM,414.05,600,248430.0,26723711.25
2025-08-01 10:24:41 AM,417.7,0,0.0,26723711.25
2025-08-01 10:24:41 AM,417.7,75,31327.5,26755038.75
2025-08-01 10:26:58 AM,410.7,0,0.0,26755038.75
2025-08-01 10:26:58 AM,410.7,75,30802.5,26785841.25
2025-08-01 10:26:58 AM,411.35,0,0.0,26785841.25
2025-08-01 10:26:59 AM,411.35,75,30851.25,26816692.5
2025-08-01 10:27:28 AM,408.3,0,0.0,26816692.5
2025-08-01 10:27:28 AM,408.3,75,30622.5,26847315.0
2025-08-01 10:27:28 AM,408.4,0,0.0,26847315.0
2025-08-01 10:27:29 AM,408.4,300,122520.0,26969835.0
2025-08-01 10:27:42 AM,410.05,0,0.0,26969835.0
2025-08-01 10:27:42 AM,410.05,75,30753.75,27000588.75
2025-08-01 10:27:54 AM,409.35,150,61402.5,27061991.25
2025-08-01 10:28:04 AM,410.15,75,30761.25,27092752.5
2025-08-01 10:28:52 AM,416.9,0,0.0,27092752.5
2025-08-01 10:28:52 AM,417.1,0,0.0,27092752.5
2025-08-01 10:28:52 AM,415.1,1275,529252.5,27622005.0
2025-08-01 10:29:06 AM,415.4,0,0.0,27622005.0
2025-08-01 10:29:06 AM,414.6,0,0.0,27622005.0
2025-08-01 10:29:07 AM,414.6,450,186570.0,27808575.0
2025-08-01 10:29:22 AM,413.3,0,0.0,27808575.0
2025-08-01 10:29:22 AM,413.3,75,30997.5,27839572.5
2025-08-01 10:30:04 AM,409.95,0,0.0,27839572.5
2025-08-01 10:30:05 AM,409.95,300,122985.0,27962557.5
2025-08-01 10:30:07 AM,406.7,0,0.0,27962557.5
2025-08-01 10:30:08 AM,406.7,75,30502.5,27993060.0
2025-08-01 10:30:22 AM,406.7,75,30502.5,28023562.5
2025-08-01 10:32:09 AM,402.7,0,0.0,28023562.5
2025-08-01 10:32:09 AM,402.7,150,60405.0,28083967.5
2025-08-01 10:32:11 AM,401.0,0,0.0,28083967.5
2025-08-01 10:32:12 AM,401.0,375,150375.0,28234342.5
2025-08-01 10:32:15 AM,398.05,0,0.0,28234342.5
2025-08-01 10:32:15 AM,398.05,75,29853.75,28264196.25
2025-08-01 10:32:23 AM,398.8,0,0.0,28264196.25
2025-08-01 10:32:23 AM,398.8,1575,628110.0,28892306.25
2025-08-01 10:32:29 AM,398.35,0,0.0,28892306.25
2025-08-01 10:32:29 AM,398.35,75,29876.25,28922182.5
2025-08-01 10:32:30 AM,395.5,0,0.0,28922182.5
2025-08-01 10:32:30 AM,395.5,75,29662.5,28951845.0
2025-08-01 10:32:30 AM,396.8,0,0.0,28951845.0
2025-08-01 10:32:31 AM,396.8,75,29760.0,28981605.0
2025-08-01 10:32:43 AM,396.0,0,0.0,28981605.0
2025-08-01 10:32:43 AM,396.0,75,29700.0,29011305.0
2025-08-01 10:33:07 AM,396.85,75,29763.75,29041068.75
2025-08-01 10:33:08 AM,397.9,0,0.0,29041068.75
2025-08-01 10:33:08 AM,397.9,75,29842.5,29070911.25
2025-08-01 10:33:08 AM,399.3,0,0.0,29070911.25
2025-08-01 10:33:09 AM,399.3,225,89842.5,29160753.75
2025-08-01 10:33:09 AM,398.8,0,0.0,29160753.75
2025-08-01 10:33:10 AM,398.8,75,29910.0,29190663.75
2025-08-01 10:33:31 AM,399.95,0,0.0,29190663.75
2025-08-01 10:33:32 AM,399.95,150,59992.5,29250656.25
2025-08-01 10:33:39 AM,400.15,0,0.0,29250656.25
2025-08-01 10:33:40 AM,400.15,300,120045.0,29370701.25
2025-08-01 10:33:42 AM,400.75,0,0.0,29370701.25
2025-08-01 10:33:43 AM,400.75,75,30056.25,29400757.5
2025-08-01 10:33:53 AM,399.3,0,0.0,29400757.5
2025-08-01 10:33:54 AM,399.3,75,29947.5,29430705.0
2025-08-01 10:34:02 AM,396.0,0,0.0,29430705.0
2025-08-01 10:34:02 AM,395.6,0,0.0,29430705.0
2025-08-01 10:34:02 AM,395.6,150,59340.0,29490045.0
2025-08-01 10:34:17 AM,396.05,0,0.0,29490045.0
2025-08-01 10:34:17 AM,396.05,75,29703.75,29519748.75
2025-08-01 10:34:20 AM,397.55,0,0.0,29519748.75
2025-08-01 10:34:20 AM,397.55,75,29816.25,29549565.0
2025-08-01 10:34:41 AM,394.4,0,0.0,29549565.0
2025-08-01 10:34:41 AM,394.4,75,29580.0,29579145.0
2025-08-01 10:34:49 AM,396.65,0,0.0,29579145.0
2025-08-01 10:34:50 AM,396.65,75,29748.75,29608893.75
2025-08-01 10:34:55 AM,397.15,0,0.0,29608893.75
2025-08-01 10:34:55 AM,397.15,75,29786.25,29638680.0
2025-08-01 10:34:56 AM,398.0,0,0.0,29638680.0
2025-08-01 10:34:56 AM,398.0,75,29850.0,29668530.0
2025-08-01 10:35:02 AM,399.45,0,0.0,29668530.0
2025-08-01 10:35:03 AM,399.8,0,0.0,29668530.0
2025-08-01 10:35:03 AM,399.8,150,59970.0,29728500.0
2025-08-01 10:35:04 AM,399.8,75,29985.0,29758485.0
2025-08-01 10:35:33 AM,399.2,0,0.0,29758485.0
2025-08-01 10:35:34 AM,399.2,75,29940.0,29788425.0
2025-08-01 10:35:49 AM,403.45,0,0.0,29788425.0
2025-08-01 10:35:49 AM,403.45,150,60517.5,29848942.5
2025-08-01 10:36:06 AM,395.65,0,0.0,29848942.5
2025-08-01 10:36:07 AM,395.65,75,29673.75,29878616.25
2025-08-01 10:36:16 AM,396.65,0,0.0,29878616.25
2025-08-01 10:36:16 AM,396.65,150,59497.5,29938113.75
2025-08-01 10:36:35 AM,398.6,0,0.0,29938113.75
2025-08-01 10:36:35 AM,398.6,150,59790.0,29997903.75
2025-08-01 10:36:45 AM,396.4,0,0.0,29997903.75
2025-08-01 10:36:46 AM,396.4,75,29730.0,30027633.75
2025-08-01 10:36:56 AM,394.45,75,29583.75,30057217.5
2025-08-01 10:37:01 AM,395.8,150,59370.0,30116587.5
2025-08-01 10:37:05 AM,393.45,0,0.0,30116587.5
2025-08-01 10:37:05 AM,393.45,75,29508.75,30146096.25
2025-08-01 10:37:21 AM,390.0,0,0.0,30146096.25
2025-08-01 10:37:22 AM,390.0,150,58500.0,30204596.25
2025-08-01 10:37:30 AM,392.0,0,0.0,30204596.25
2025-08-01 10:37:31 AM,392.0,75,29400.0,30233996.25
2025-08-01 10:38:16 AM,391.7,0,0.0,30233996.25
2025-08-01 10:38:16 AM,391.7,75,29377.5,30263373.75
2025-08-01 10:38:24 AM,391.95,0,0.0,30263373.75
2025-08-01 10:38:24 AM,391.95,75,29396.25,30292770.0
2025-08-01 10:39:18 AM,402.9,0,0.0,30292770.0
2025-08-01 10:39:18 AM,402.9,75,30217.5,30322987.5
2025-08-01 10:39:24 AM,402.75,0,0.0,30322987.5
2025-08-01 10:39:25 AM,402.75,75,30206.25,30353193.75
2025-08-01 10:39:29 AM,401.7,0,0.0,30353193.75
2025-08-01 10:39:29 AM,401.7,225,90382.5,30443576.25
2025-08-01 10:39:31 AM,401.55,0,0.0,30443576.25
2025-08-01 10:39:31 AM,401.55,75,30116.25,30473692.5
2025-08-01 10:39:37 AM,398.2,0,0.0,30473692.5
2025-08-01 10:39:38 AM,398.2,450,179190.0,30652882.5
2025-08-01 10:40:03 AM,399.35,0,0.0,30652882.5
2025-08-01 10:40:03 AM,399.35,150,59902.5,30712785.0
2025-08-01 10:40:23 AM,399.25,0,0.0,30712785.0
2025-08-01 10:40:23 AM,399.25,75,29943.75,30742728.75
2025-08-01 10:41:33 AM,400.95,0,0.0,30742728.75
2025-08-01 10:41:33 AM,400.95,75,30071.25,30772800.0
2025-08-01 10:44:01 AM,410.75,0,0.0,30772800.0
2025-08-01 10:44:02 AM,410.75,300,123225.0,30896025.0
2025-08-01 10:44:04 AM,405.2,0,0.0,30896025.0
2025-08-01 10:44:05 AM,405.2,75,30390.0,30926415.0
2025-08-01 10:44:59 AM,400.0,0,0.0,30926415.0
2025-08-01 10:45:00 AM,400.0,150,60000.0,30986415.0
2025-08-01 10:45:24 AM,401.55,0,0.0,30986415.0
2025-08-01 10:45:24 AM,401.55,225,90348.75,31076763.75
2025-08-01 10:46:50 AM,411.55,225,92598.75,31169362.5
2025-08-01 10:46:50 AM,411.85,0,0.0,31169362.5
2025-08-01 10:46:51 AM,411.85,75,30888.75,31200251.25
2025-08-01 10:47:24 AM,411.2,0,0.0,31200251.25
2025-08-01 10:47:24 AM,411.2,375,154200.0,31354451.25
2025-08-01 10:47:30 AM,406.2,0,0.0,31354451.25
2025-08-01 10:47:31 AM,406.2,75,30465.0,31384916.25
2025-08-01 10:47:34 AM,406.25,0,0.0,31384916.25
2025-08-01 10:47:34 AM,406.25,375,152343.75,31537260.0
2025-08-01 10:47:44 AM,406.25,375,152343.75,31689603.75
2025-08-01 10:47:49 AM,401.95,0,0.0,31689603.75
2025-08-01 10:47:49 AM,401.95,75,30146.25,31719750.0
2025-08-01 10:48:38 AM,410.45,0,0.0,31719750.0
2025-08-01 10:48:38 AM,410.45,75,30783.75,31750533.75
2025-08-01 10:49:46 AM,411.75,0,0.0,31750533.75
2025-08-01 10:49:46 AM,411.75,75,30881.25,31781415.0
2025-08-01 10:50:27 AM,420.6,0,0.0,31781415.0
2025-08-01 10:50:27 AM,420.6,300,126180.0,31907595.0
2025-08-01 10:50:29 AM,423.7,300,127110.0,32034705.0
2025-08-01 10:50:32 AM,419.65,0,0.0,32034705.0
2025-08-01 10:50:32 AM,419.65,75,31473.75,32066178.75
2025-08-01 10:50:39 AM,422.85,0,0.0,32066178.75
2025-08-01 10:50:40 AM,422.85,75,31713.75,32097892.5
2025-08-01 10:50:47 AM,423.05,450,190372.5,32288265.0
2025-08-01 10:50:52 AM,428.4,0,0.0,32288265.0
2025-08-01 10:50:52 AM,428.4,150,64260.0,32352525.0
2025-08-01 10:50:56 AM,430.6,0,0.0,32352525.0
2025-08-01 10:50:57 AM,430.6,600,258360.0,32610885.0
2025-08-01 10:50:57 AM,430.0,0,0.0,32610885.0
2025-08-01 10:50:58 AM,430.0,75,32250.0,32643135.0
2025-08-01 10:51:00 AM,428.9,0,0.0,32643135.0
2025-08-01 10:51:01 AM,428.9,225,96502.5,32739637.5
2025-08-01 10:51:27 AM,434.25,0,0.0,32739637.5
2025-08-01 10:51:27 AM,434.25,75,32568.75,32772206.25
2025-08-01 10:51:32 AM,430.75,0,0.0,32772206.25
2025-08-01 10:51:33 AM,430.75,75,32306.25,32804512.5
2025-08-01 10:51:39 AM,424.9,0,0.0,32804512.5
2025-08-01 10:51:39 AM,424.9,75,31867.5,32836380.0
2025-08-01 10:52:03 AM,419.2,0,0.0,32836380.0
2025-08-01 10:52:03 AM,419.2,75,31440.0,32867820.0
2025-08-01 10:52:07 AM,419.4,75,31455.0,32899275.0
2025-08-01 10:52:08 AM,419.45,0,0.0,32899275.0
2025-08-01 10:52:08 AM,419.45,75,31458.75,32930733.75
2025-08-01 10:53:22 AM,415.25,0,0.0,32930733.75
2025-08-01 10:53:23 AM,415.25,300,124575.0,33055308.75
2025-08-01 10:53:58 AM,419.35,0,0.0,33055308.75
2025-08-01 10:53:59 AM,419.35,75,31451.25,33086760.0
2025-08-01 10:54:05 AM,422.0,0,0.0,33086760.0
2025-08-01 10:54:05 AM,422.0,150,63300.0,33150060.0
2025-08-01 10:54:20 AM,422.65,0,0.0,33150060.0
2025-08-01 10:54:20 AM,422.65,225,95096.25,33245156.25
2025-08-01 10:54:28 AM,422.4,0,0.0,33245156.25
2025-08-01 10:54:28 AM,422.4,75,31680.0,33276836.25
2025-08-01 10:54:59 AM,429.9,0,0.0,33276836.25
2025-08-01 10:55:00 AM,429.9,75,32242.5,33309078.75
2025-08-01 10:55:01 AM,427.75,0,0.0,33309078.75
2025-08-01 10:55:01 AM,427.75,75,32081.25,33341160.0
2025-08-01 10:55:03 AM,425.55,0,0.0,33341160.0
2025-08-01 10:55:03 AM,425.55,75,31916.25,33373076.25
2025-08-01 10:55:15 AM,425.55,75,31916.25,33404992.5
2025-08-01 10:55:27 AM,427.95,0,0.0,33404992.5
2025-08-01 10:55:27 AM,427.95,75,32096.25,33437088.75
2025-08-01 10:55:55 AM,428.5,0,0.0,33437088.75
2025-08-01 10:55:56 AM,428.5,75,32137.5,33469226.25
2025-08-01 10:56:00 AM,425.9,0,0.0,33469226.25
2025-08-01 10:56:00 AM,425.9,75,31942.5,33501168.75
2025-08-01 10:56:36 AM,425.65,0,0.0,33501168.75
2025-08-01 10:56:36 AM,425.65,300,127695.0,33628863.75
2025-08-01 10:57:29 AM,425.65,75,31923.75,33660787.5
2025-08-01 10:58:05 AM,421.15,0,0.0,33660787.5
2025-08-01 10:58:05 AM,421.15,225,94758.75,33755546.25
2025-08-01 10:58:21 AM,425.05,0,0.0,33755546.25
2025-08-01 10:58:21 AM,426.35,300,127905.0,33883451.25
2025-08-01 10:58:37 AM,427.15,0,0.0,33883451.25
2025-08-01 10:58:37 AM,427.15,75,32036.25,33915487.5
2025-08-01 10:58:57 AM,424.6,0,0.0,33915487.5
2025-08-01 10:58:57 AM,424.6,75,31845.0,33947332.5
2025-08-01 11:00:09 AM,415.0,0,0.0,33947332.5
2025-08-01 11:00:09 AM,415.0,150,62250.0,34009582.5
2025-08-01 11:00:14 AM,416.7,0,0.0,34009582.5
2025-08-01 11:00:14 AM,416.7,150,62505.0,34072087.5
2025-08-01 11:00:28 AM,415.9,0,0.0,34072087.5
2025-08-01 11:00:28 AM,415.9,75,31192.5,34103280.0
2025-08-01 11:00:42 AM,418.0,0,0.0,34103280.0
2025-08-01 11:00:42 AM,418.0,150,62700.0,34165980.0
2025-08-01 11:00:54 AM,416.75,0,0.0,34165980.0
2025-08-01 11:00:55 AM,416.75,75,31256.25,34197236.25
2025-08-01 11:01:07 AM,415.3,0,0.0,34197236.25
2025-08-01 11:01:08 AM,415.3,75,31147.5,34228383.75
2025-08-01 11:01:10 AM,414.15,0,0.0,34228383.75
2025-08-01 11:01:10 AM,414.15,150,62122.5,34290506.25
2025-08-01 11:02:07 AM,408.25,0,0.0,34290506.25
2025-08-01 11:02:08 AM,408.25,75,30618.75,34321125.0
2025-08-01 11:02:20 AM,400.05,0,0.0,34321125.0
2025-08-01 11:02:20 AM,400.05,75,30003.75,34351128.75
2025-08-01 11:02:31 AM,401.45,0,0.0,34351128.75
2025-08-01 11:02:32 AM,401.45,75,30108.75,34381237.5
2025-08-01 11:02:33 AM,401.0,0,0.0,34381237.5
2025-08-01 11:02:33 AM,401.0,75,30075.0,34411312.5
2025-08-01 11:02:36 AM,404.05,0,0.0,34411312.5
2025-08-01 11:02:37 AM,404.05,75,30303.75,34441616.25
2025-08-01 11:02:37 AM,403.55,0,0.0,34441616.25
2025-08-01 11:02:38 AM,403.55,150,60532.5,34502148.75
2025-08-01 11:03:04 AM,403.5,0,0.0,34502148.75
2025-08-01 11:03:05 AM,403.5,75,30262.5,34532411.25
2025-08-01 11:03:08 AM,403.35,0,0.0,34532411.25
2025-08-01 11:03:08 AM,403.35,225,90753.75,34623165.0
2025-08-01 11:03:22 AM,403.0,0,0.0,34623165.0
2025-08-01 11:03:23 AM,403.0,75,30225.0,34653390.0
2025-08-01 11:03:38 AM,403.0,75,30225.0,34683615.0
2025-08-01 11:04:07 AM,400.55,0,0.0,34683615.0
2025-08-01 11:04:08 AM,400.55,75,30041.25,34713656.25
2025-08-01 11:04:11 AM,400.95,0,0.0,34713656.25
2025-08-01 11:04:11 AM,400.95,225,90213.75,34803870.0
2025-08-01 11:04:14 AM,400.65,0,0.0,34803870.0
2025-08-01 11:04:14 AM,400.65,150,60097.5,34863967.5
2025-08-01 11:04:20 AM,398.35,0,0.0,34863967.5
2025-08-01 11:04:21 AM,398.35,225,89628.75,34953596.25
2025-08-01 11:05:32 AM,406.05,0,0.0,34953596.25
2025-08-01 11:05:32 AM,406.05,75,30453.75,34984050.0
2025-08-01 11:06:00 AM,408.0,0,0.0,34984050.0
2025-08-01 11:06:00 AM,408.0,375,153000.0,35137050.0
2025-08-01 11:06:12 AM,410.6,0,0.0,35137050.0
2025-08-01 11:06:13 AM,410.6,225,92385.0,35229435.0
2025-08-01 11:07:04 AM,410.45,0,0.0,35229435.0
2025-08-01 11:07:05 AM,410.45,75,30783.75,35260218.75
2025-08-01 11:07:17 AM,415.1,0,0.0,35260218.75
2025-08-01 11:07:18 AM,415.1,225,93397.5,35353616.25
2025-08-01 11:07:23 AM,412.75,0,0.0,35353616.25
2025-08-01 11:07:23 AM,412.75,75,30956.25,35384572.5
2025-08-01 11:07:34 AM,412.85,0,0.0,35384572.5
2025-08-01 11:07:35 AM,412.85,75,30963.75,35415536.25
2025-08-01 11:07:47 AM,416.35,0,0.0,35415536.25
2025-08-01 11:07:48 AM,416.35,75,31226.25,35446762.5
2025-08-01 11:08:11 AM,420.5,0,0.0,35446762.5
2025-08-01 11:08:12 AM,420.5,75,31537.5,35478300.0
2025-08-01 11:08:15 AM,423.55,0,0.0,35478300.0
2025-08-01 11:08:15 AM,423.55,75,31766.25,35510066.25
2025-08-01 11:08:21 AM,427.3,0,0.0,35510066.25
2025-08-01 11:08:22 AM,427.3,75,32047.5,35542113.75
2025-08-01 11:08:23 AM,428.85,0,0.0,35542113.75
2025-08-01 11:08:23 AM,428.85,225,96491.25,35638605.0
2025-08-01 11:08:24 AM,427.25,0,0.0,35638605.0
2025-08-01 11:08:25 AM,427.25,225,96131.25,35734736.25
2025-08-01 11:08:47 AM,427.25,75,32043.75,35766780.0
2025-08-01 11:08:47 AM,429.0,0,0.0,35766780.0
2025-08-01 11:08:48 AM,429.1,0,0.0,35766780.0
2025-08-01 11:08:48 AM,429.1,300,128730.0,35895510.0
2025-08-01 11:08:57 AM,438.65,0,0.0,35895510.0
2025-08-01 11:08:57 AM,441.6,0,0.0,35895510.0
2025-08-01 11:08:58 AM,441.6,225,99360.0,35994870.0
2025-08-01 11:09:00 AM,444.2,0,0.0,35994870.0
2025-08-01 11:09:00 AM,444.2,75,33315.0,36028185.0
2025-08-01 11:09:26 AM,448.2,0,0.0,36028185.0
2025-08-01 11:09:26 AM,448.2,1125,504225.0,36532410.0
2025-08-01 11:09:28 AM,445.6,75,33420.0,36565830.0
2025-08-01 11:09:54 AM,441.75,0,0.0,36565830.0
2025-08-01 11:09:55 AM,441.75,300,132525.0,36698355.0
2025-08-01 11:09:56 AM,441.05,0,0.0,36698355.0
2025-08-01 11:09:57 AM,441.05,75,33078.75,36731433.75
2025-08-01 11:09:59 AM,440.85,0,0.0,36731433.75
2025-08-01 11:09:59 AM,440.7,0,0.0,36731433.75
2025-08-01 11:10:00 AM,440.7,150,66105.0,36797538.75
2025-08-01 11:10:29 AM,451.6,0,0.0,36797538.75
2025-08-01 11:10:30 AM,451.6,225,101610.0,36899148.75
2025-08-01 11:10:35 AM,448.2,150,67230.0,36966378.75
2025-08-01 11:10:47 AM,452.05,75,33903.75,37000282.5
2025-08-01 11:10:53 AM,451.45,0,0.0,37000282.5
2025-08-01 11:10:55 AM,451.45,75,33858.75,37034141.25
2025-08-01 11:10:57 AM,448.0,0,0.0,37034141.25
2025-08-01 11:10:58 AM,448.0,225,100800.0,37134941.25
2025-08-01 11:11:01 AM,445.05,0,0.0,37134941.25
2025-08-01 11:11:02 AM,444.2,1125,499725.0,37634666.25
2025-08-01 11:11:04 AM,444.0,0,0.0,37634666.25
2025-08-01 11:11:05 AM,444.0,75,33300.0,37667966.25
2025-08-01 11:11:11 AM,442.55,0,0.0,37667966.25
2025-08-01 11:11:11 AM,442.55,75,33191.25,37701157.5
2025-08-01 11:11:19 AM,442.2,0,0.0,37701157.5
2025-08-01 11:11:20 AM,442.2,150,66330.0,37767487.5
2025-08-01 11:11:23 AM,442.65,0,0.0,37767487.5
2025-08-01 11:11:23 AM,442.65,75,33198.75,37800686.25
2025-08-01 11:11:31 AM,437.1,0,0.0,37800686.25
2025-08-01 11:11:31 AM,437.1,75,32782.5,37833468.75
2025-08-01 11:11:44 AM,437.9,0,0.0,37833468.75
2025-08-01 11:11:45 AM,437.9,150,65685.0,37899153.75
2025-08-01 11:12:06 AM,441.7,0,0.0,37899153.75
2025-08-01 11:12:06 AM,441.7,75,33127.5,37932281.25
2025-08-01 11:12:19 AM,443.3,0,0.0,37932281.25
2025-08-01 11:12:20 AM,443.3,75,33247.5,37965528.75
2025-08-01 11:12:20 AM,443.55,0,0.0,37965528.75
2025-08-01 11:12:22 AM,443.55,75,33266.25,37998795.0
2025-08-01 11:12:48 AM,444.25,0,0.0,37998795.0
2025-08-01 11:12:48 AM,444.25,75,33318.75,38032113.75
2025-08-01 11:13:08 AM,444.25,75,33318.75,38065432.5
2025-08-01 11:13:08 AM,444.25,75,33318.75,38098751.25
2025-08-01 11:13:09 AM,445.0,0,0.0,38098751.25
2025-08-01 11:13:10 AM,445.0,75,33375.0,38132126.25
2025-08-01 11:13:12 AM,449.0,0,0.0,38132126.25
2025-08-01 11:13:13 AM,449.55,0,0.0,38132126.25
2025-08-01 11:13:13 AM,449.55,150,67432.5,38199558.75
2025-08-01 11:13:32 AM,446.15,0,0.0,38199558.75
2025-08-01 11:13:32 AM,446.15,525,234228.75,38433787.5
2025-08-01 11:13:33 AM,449.0,0,0.0,38433787.5
2025-08-01 11:13:33 AM,449.0,75,33675.0,38467462.5
2025-08-01 11:13:43 AM,452.3,0,0.0,38467462.5
2025-08-01 11:13:43 AM,452.3,150,67845.0,38535307.5
2025-08-01 11:13:49 AM,453.3,0,0.0,38535307.5
2025-08-01 11:13:50 AM,453.3,150,67995.0,38603302.5
2025-08-01 11:13:59 AM,451.75,0,0.0,38603302.5
2025-08-01 11:14:00 AM,451.75,75,33881.25,38637183.75
2025-08-01 11:14:05 AM,454.05,0,0.0,38637183.75
2025-08-01 11:14:07 AM,454.05,75,34053.75,38671237.5
2025-08-01 11:14:10 AM,452.95,0,0.0,38671237.5
2025-08-01 11:14:10 AM,452.95,75,33971.25,38705208.75
2025-08-01 11:14:22 AM,456.5,0,0.0,38705208.75
2025-08-01 11:14:22 AM,456.5,150,68475.0,38773683.75
2025-08-01 11:14:23 AM,456.5,75,34237.5,38807921.25
2025-08-01 11:14:24 AM,458.35,0,0.0,38807921.25
2025-08-01 11:14:25 AM,458.35,75,34376.25,38842297.5
2025-08-01 11:14:49 AM,452.95,0,0.0,38842297.5
2025-08-01 11:14:49 AM,452.0,0,0.0,38842297.5
2025-08-01 11:14:50 AM,452.0,150,67800.0,38910097.5
2025-08-01 11:14:51 AM,451.6,0,0.0,38910097.5
2025-08-01 11:14:52 AM,451.6,75,33870.0,38943967.5
2025-08-01 11:14:56 AM,455.8,0,0.0,38943967.5
2025-08-01 11:14:57 AM,455.8,150,68370.0,39012337.5
2025-08-01 11:15:01 AM,454.1,0,0.0,39012337.5
2025-08-01 11:15:02 AM,454.1,75,34057.5,39046395.0
2025-08-01 11:15:37 AM,452.85,0,0.0,39046395.0
2025-08-01 11:15:38 AM,452.85,75,33963.75,39080358.75
2025-08-01 11:16:13 AM,451.5,0,0.0,39080358.75
2025-08-01 11:16:13 AM,451.5,75,33862.5,39114221.25
2025-08-01 11:16:15 AM,449.35,0,0.0,39114221.25
2025-08-01 11:16:15 AM,449.35,75,33701.25,39147922.5
2025-08-01 11:16:18 AM,449.2,0,0.0,39147922.5
2025-08-01 11:16:18 AM,449.2,75,33690.0,39181612.5
2025-08-01 11:16:31 AM,449.85,0,0.0,39181612.5
2025-08-01 11:16:31 AM,449.85,75,33738.75,39215351.25
2025-08-01 11:16:32 AM,449.05,0,0.0,39215351.25
2025-08-01 11:16:33 AM,449.05,150,67357.5,39282708.75
2025-08-01 11:16:40 AM,446.75,0,0.0,39282708.75
2025-08-01 11:16:41 AM,446.75,300,134025.0,39416733.75
2025-08-01 11:16:45 AM,447.0,0,0.0,39416733.75
2025-08-01 11:16:46 AM,448.05,0,0.0,39416733.75
2025-08-01 11:16:46 AM,448.05,150,67207.5,39483941.25
2025-08-01 11:16:47 AM,449.05,0,0.0,39483941.25
2025-08-01 11:16:48 AM,449.05,75,33678.75,39517620.0
2025-08-01 11:16:50 AM,448.45,0,0.0,39517620.0
2025-08-01 11:16:51 AM,448.45,75,33633.75,39551253.75
2025-08-01 11:17:28 AM,453.35,0,0.0,39551253.75
2025-08-01 11:17:30 AM,453.35,75,34001.25,39585255.0
2025-08-01 11:17:32 AM,451.95,0,0.0,39585255.0
2025-08-01 11:17:33 AM,451.95,75,33896.25,39619151.25
2025-08-01 11:17:35 AM,449.35,0,0.0,39619151.25
2025-08-01 11:17:36 AM,449.75,0,0.0,39619151.25
2025-08-01 11:17:36 AM,449.75,150,67462.5,39686613.75
2025-08-01 11:17:40 AM,449.3,0,0.0,39686613.75
2025-08-01 11:17:41 AM,449.3,75,33697.5,39720311.25
2025-08-01 11:17:42 AM,448.45,0,0.0,39720311.25
2025-08-01 11:17:43 AM,448.45,75,33633.75,39753945.0
2025-08-01 11:18:07 AM,458.6,0,0.0,39753945.0
2025-08-01 11:18:08 AM,458.6,75,34395.0,39788340.0
2025-08-01 11:18:10 AM,460.2,0,0.0,39788340.0
2025-08-01 11:18:10 AM,460.2,75,34515.0,39822855.0
2025-08-01 11:18:14 AM,463.1,0,0.0,39822855.0
2025-08-01 11:18:15 AM,463.1,75,34732.5,39857587.5
2025-08-01 11:18:28 AM,463.1,450,208395.0,40065982.5
2025-08-01 11:18:37 AM,470.75,0,0.0,40065982.5
2025-08-01 11:18:37 AM,470.75,75,35306.25,40101288.75
2025-08-01 11:18:40 AM,466.7,75,35002.5,40136291.25
2025-08-01 11:19:08 AM,469.4,0,0.0,40136291.25
2025-08-01 11:19:08 AM,469.4,75,35205.0,40171496.25
2025-08-01 11:19:59 AM,468.0,0,0.0,40171496.25
2025-08-01 11:19:59 AM,468.0,150,70200.0,40241696.25
2025-08-01 11:21:44 AM,465.2,0,0.0,40241696.25
2025-08-01 11:21:45 AM,465.2,75,34890.0,40276586.25
2025-08-01 11:21:45 AM,464.6,75,34845.0,40311431.25
2025-08-01 11:22:07 AM,458.65,0,0.0,40311431.25
2025-08-01 11:22:08 AM,458.65,150,68797.5,40380228.75
2025-08-01 11:22:17 AM,456.0,75,34200.0,40414428.75
2025-08-01 11:22:22 AM,454.0,0,0.0,40414428.75
2025-08-01 11:22:23 AM,454.0,150,68100.0,40482528.75
2025-08-01 11:22:58 AM,460.0,0,0.0,40482528.75
2025-08-01 11:22:58 AM,460.0,750,345000.0,40827528.75
2025-08-01 11:23:00 AM,459.25,0,0.0,40827528.75
2025-08-01 11:23:00 AM,459.25,75,34443.75,40861972.5
2025-08-01 11:23:02 AM,458.75,0,0.0,40861972.5
2025-08-01 11:23:02 AM,458.75,75,34406.25,40896378.75
2025-08-01 11:24:01 AM,460.75,0,0.0,40896378.75
2025-08-01 11:24:01 AM,460.75,75,34556.25,40930935.0
2025-08-01 11:24:24 AM,458.85,0,0.0,40930935.0
2025-08-01 11:24:24 AM,458.85,225,103241.25,41034176.25
2025-08-01 11:24:37 AM,456.7,0,0.0,41034176.25
2025-08-01 11:24:38 AM,456.7,75,34252.5,41068428.75
2025-08-01 11:25:14 AM,456.8,75,34260.0,41102688.75
2025-08-01 11:25:26 AM,454.6,0,0.0,41102688.75
2025-08-01 11:25:26 AM,454.6,225,102285.0,41204973.75
2025-08-01 11:25:36 AM,456.15,0,0.0,41204973.75
2025-08-01 11:25:36 AM,456.15,75,34211.25,41239185.0
2025-08-01 11:26:16 AM,461.7,0,0.0,41239185.0
2025-08-01 11:26:16 AM,461.7,75,34627.5,41273812.5
2025-08-01 11:26:17 AM,460.2,0,0.0,41273812.5
2025-08-01 11:26:17 AM,460.2,150,69030.0,41342842.5
2025-08-01 11:26:20 AM,459.6,0,0.0,41342842.5
2025-08-01 11:26:20 AM,459.6,450,206820.0,41549662.5
2025-08-01 11:26:25 AM,458.4,0,0.0,41549662.5
2025-08-01 11:26:25 AM,458.4,225,103140.0,41652802.5
2025-08-01 11:28:20 AM,466.65,0,0.0,41652802.5
2025-08-01 11:28:20 AM,466.65,450,209992.5,41862795.0
2025-08-01 11:28:39 AM,470.25,0,0.0,41862795.0
2025-08-01 11:28:39 AM,470.25,75,35268.75,41898063.75
2025-08-01 11:29:04 AM,468.9,0,0.0,41898063.75
2025-08-01 11:29:04 AM,468.9,75,35167.5,41933231.25
2025-08-01 11:29:09 AM,466.55,0,0.0,41933231.25
2025-08-01 11:29:09 AM,466.55,750,349912.5,42283143.75
2025-08-01 11:29:13 AM,462.1,0,0.0,42283143.75
2025-08-01 11:29:13 AM,462.1,75,34657.5,42317801.25
2025-08-01 11:29:17 AM,463.7,75,34777.5,42352578.75
2025-08-01 11:29:34 AM,465.65,0,0.0,42352578.75
2025-08-01 11:29:34 AM,465.65,75,34923.75,42387502.5
2025-08-01 11:29:41 AM,466.65,0,0.0,42387502.5
2025-08-01 11:29:41 AM,466.65,1725,804971.25,43192473.75
2025-08-01 11:30:18 AM,470.6,75,35295.0,43227768.75
2025-08-01 11:31:08 AM,473.3,0,0.0,43227768.75
2025-08-01 11:31:09 AM,473.3,75,35497.5,43263266.25
2025-08-01 11:31:14 AM,473.5,0,0.0,43263266.25
2025-08-01 11:31:14 AM,473.5,75,35512.5,43298778.75
2025-08-01 11:32:09 AM,469.55,0,0.0,43298778.75
2025-08-01 11:32:10 AM,469.55,75,35216.25,43333995.0
2025-08-01 11:32:11 AM,473.6,0,0.0,43333995.0
2025-08-01 11:32:12 AM,473.6,150,71040.0,43405035.0
2025-08-01 11:32:18 AM,474.75,0,0.0,43405035.0
2025-08-01 11:32:18 AM,474.75,75,35606.25,43440641.25
2025-08-01 11:32:25 AM,475.0,0,0.0,43440641.25
2025-08-01 11:32:26 AM,475.0,75,35625.0,43476266.25
2025-08-01 11:32:26 AM,477.2,0,0.0,43476266.25
2025-08-01 11:32:26 AM,477.25,0,0.0,43476266.25
2025-08-01 11:32:27 AM,477.25,150,71587.5,43547853.75
2025-08-01 11:32:32 AM,479.0,0,0.0,43547853.75
2025-08-01 11:32:33 AM,479.0,300,143700.0,43691553.75
2025-08-01 11:32:36 AM,475.6,0,0.0,43691553.75
2025-08-01 11:32:37 AM,475.6,75,35670.0,43727223.75
2025-08-01 11:32:41 AM,476.0,0,0.0,43727223.75
2025-08-01 11:32:42 AM,476.0,75,35700.0,43762923.75
2025-08-01 11:32:42 AM,475.95,0,0.0,43762923.75
2025-08-01 11:32:42 AM,475.95,75,35696.25,43798620.0
2025-08-01 11:33:09 AM,476.75,75,35756.25,43834376.25
2025-08-01 11:33:12 AM,477.25,0,0.0,43834376.25
2025-08-01 11:33:13 AM,477.25,75,35793.75,43870170.0
2025-08-01 11:33:22 AM,478.95,75,35921.25,43906091.25
2025-08-01 11:33:38 AM,479.0,0,0.0,43906091.25
2025-08-01 11:33:39 AM,479.0,75,35925.0,43942016.25
2025-08-01 11:34:20 AM,477.35,75,35801.25,43977817.5
2025-08-01 11:34:29 AM,474.1,0,0.0,43977817.5
2025-08-01 11:34:30 AM,474.1,75,35557.5,44013375.0
2025-08-01 11:35:14 AM,483.0,0,0.0,44013375.0
2025-08-01 11:35:14 AM,483.0,75,36225.0,44049600.0
2025-08-01 11:35:17 AM,482.0,75,36150.0,44085750.0
2025-08-01 11:35:29 AM,477.45,0,0.0,44085750.0
2025-08-01 11:35:29 AM,477.45,75,35808.75,44121558.75
2025-08-01 11:35:36 AM,479.1,0,0.0,44121558.75
2025-08-01 11:35:36 AM,479.1,75,35932.5,44157491.25
2025-08-01 11:36:19 AM,477.5,0,0.0,44157491.25
2025-08-01 11:36:19 AM,477.5,150,71625.0,44229116.25
2025-08-01 11:36:50 AM,478.9,0,0.0,44229116.25
2025-08-01 11:36:51 AM,478.9,75,35917.5,44265033.75
2025-08-01 11:37:09 AM,480.75,0,0.0,44265033.75
2025-08-01 11:37:09 AM,480.75,75,36056.25,44301090.0
2025-08-01 11:37:10 AM,481.3,0,0.0,44301090.0
2025-08-01 11:37:10 AM,481.3,75,36097.5,44337187.5
2025-08-01 11:37:13 AM,481.35,0,0.0,44337187.5
2025-08-01 11:37:13 AM,481.35,150,72202.5,44409390.0
2025-08-01 11:37:47 AM,474.0,0,0.0,44409390.0
2025-08-01 11:37:47 AM,474.0,525,248850.0,44658240.0
2025-08-01 11:37:51 AM,473.8,0,0.0,44658240.0
2025-08-01 11:37:51 AM,473.8,75,35535.0,44693775.0
2025-08-01 11:38:06 AM,475.45,0,0.0,44693775.0
2025-08-01 11:38:07 AM,475.45,75,35658.75,44729433.75
2025-08-01 11:38:10 AM,473.3,0,0.0,44729433.75
2025-08-01 11:38:10 AM,473.3,225,106492.5,44835926.25
2025-08-01 11:38:28 AM,474.6,0,0.0,44835926.25
2025-08-01 11:38:29 AM,474.6,300,142380.0,44978306.25
2025-08-01 11:38:42 AM,480.2,0,0.0,44978306.25
2025-08-01 11:38:43 AM,480.2,75,36015.0,45014321.25
2025-08-01 11:38:57 AM,484.4,0,0.0,45014321.25
2025-08-01 11:38:58 AM,484.4,525,254310.0,45268631.25
2025-08-01 11:39:31 AM,491.95,0,0.0,45268631.25
2025-08-01 11:39:31 AM,495.45,300,148635.0,45417266.25
2025-08-01 11:39:33 AM,490.95,0,0.0,45417266.25
2025-08-01 11:39:34 AM,490.95,75,36821.25,45454087.5
2025-08-01 11:39:35 AM,490.1,75,36757.5,45490845.0
2025-08-01 11:40:23 AM,491.05,75,36828.75,45527673.75
2025-08-01 11:40:30 AM,489.3,0,0.0,45527673.75
2025-08-01 11:40:30 AM,489.3,300,146790.0,45674463.75
2025-08-01 11:40:31 AM,486.5,0,0.0,45674463.75
2025-08-01 11:40:31 AM,486.5,1800,875700.0,46550163.75
2025-08-01 11:41:38 AM,495.25,0,0.0,46550163.75
2025-08-01 11:41:38 AM,495.25,150,74287.5,46624451.25
2025-08-01 11:41:43 AM,495.0,0,0.0,46624451.25
2025-08-01 11:41:43 AM,495.0,75,37125.0,46661576.25
2025-08-01 11:41:44 AM,494.9,0,0.0,46661576.25
2025-08-01 11:41:45 AM,497.25,0,0.0,46661576.25
2025-08-01 11:41:45 AM,497.25,300,149175.0,46810751.25
2025-08-01 11:42:00 AM,494.3,0,0.0,46810751.25
2025-08-01 11:42:00 AM,494.3,750,370725.0,47181476.25
2025-08-01 11:42:04 AM,496.0,0,0.0,47181476.25
2025-08-01 11:42:04 AM,496.0,150,74400.0,47255876.25
2025-08-01 11:42:32 AM,504.0,0,0.0,47255876.25
2025-08-01 11:42:32 AM,504.0,150,75600.0,47331476.25
2025-08-01 11:42:36 AM,507.35,0,0.0,47331476.25
2025-08-01 11:42:36 AM,507.35,300,152205.0,47483681.25
2025-08-01 11:42:43 AM,503.55,0,0.0,47483681.25
2025-08-01 11:42:43 AM,503.55,75,37766.25,47521447.5
2025-08-01 11:43:04 AM,495.6,0,0.0,47521447.5
2025-08-01 11:43:05 AM,495.6,1575,780570.0,48302017.5
2025-08-01 11:43:19 AM,492.3,0,0.0,48302017.5
2025-08-01 11:43:20 AM,492.3,300,147690.0,48449707.5
2025-08-01 11:44:05 AM,502.3,0,0.0,48449707.5
2025-08-01 11:44:06 AM,502.3,75,37672.5,48487380.0
2025-08-01 11:44:06 AM,507.75,0,0.0,48487380.0
2025-08-01 11:44:07 AM,511.0,0,0.0,48487380.0
2025-08-01 11:44:08 AM,511.0,4200,2146200.0,50633580.0
2025-08-01 11:44:08 AM,516.0,0,0.0,50633580.0
2025-08-01 11:44:09 AM,516.0,375,193500.0,50827080.0
2025-08-01 11:44:11 AM,517.7,0,0.0,50827080.0
2025-08-01 11:44:11 AM,518.9,600,311340.0,51138420.0
2025-08-01 11:44:20 AM,516.05,0,0.0,51138420.0
2025-08-01 11:44:21 AM,516.05,75,38703.75,51177123.75
2025-08-01 11:44:25 AM,515.8,0,0.0,51177123.75
2025-08-01 11:44:26 AM,515.8,150,77370.0,51254493.75
2025-08-01 11:44:27 AM,517.05,0,0.0,51254493.75
2025-08-01 11:44:27 AM,517.0,0,0.0,51254493.75
2025-08-01 11:44:28 AM,517.0,225,116325.0,51370818.75
2025-08-01 11:44:45 AM,515.4,0,0.0,51370818.75
2025-08-01 11:44:46 AM,515.4,75,38655.0,51409473.75
2025-08-01 11:44:50 AM,511.65,0,0.0,51409473.75
2025-08-01 11:44:51 AM,511.65,150,76747.5,51486221.25
2025-08-01 11:45:04 AM,508.85,0,0.0,51486221.25
2025-08-01 11:45:04 AM,508.85,1275,648783.75,52135005.0
2025-08-01 11:45:12 AM,503.6,0,0.0,52135005.0
2025-08-01 11:45:12 AM,503.6,75,37770.0,52172775.0
2025-08-01 11:45:17 AM,505.15,0,0.0,52172775.0
2025-08-01 11:45:17 AM,505.15,75,37886.25,52210661.25
2025-08-01 11:45:28 AM,500.65,0,0.0,52210661.25
2025-08-01 11:45:29 AM,500.65,150,75097.5,52285758.75
2025-08-01 11:46:17 AM,508.35,0,0.0,52285758.75
2025-08-01 11:46:18 AM,508.35,75,38126.25,52323885.0
2025-08-01 11:47:22 AM,500.8,0,0.0,52323885.0
2025-08-01 11:47:23 AM,500.8,75,37560.0,52361445.0
2025-08-01 11:48:40 AM,500.4,0,0.0,52361445.0
2025-08-01 11:48:41 AM,500.4,150,75060.0,52436505.0
2025-08-01 11:49:13 AM,497.95,0,0.0,52436505.0
2025-08-01 11:49:14 AM,497.95,75,37346.25,52473851.25
2025-08-01 11:49:17 AM,499.6,0,0.0,52473851.25
2025-08-01 11:49:18 AM,499.6,75,37470.0,52511321.25
2025-08-01 11:49:23 AM,494.75,0,0.0,52511321.25
2025-08-01 11:49:24 AM,494.75,75,37106.25,52548427.5
2025-08-01 11:51:25 AM,500.0,0,0.0,52548427.5
2025-08-01 11:51:26 AM,500.0,75,37500.0,52585927.5
2025-08-01 11:51:29 AM,499.65,75,37473.75,52623401.25
2025-08-01 11:52:13 AM,491.25,0,0.0,52623401.25
2025-08-01 11:52:13 AM,491.25,75,36843.75,52660245.0
2025-08-01 11:52:14 AM,490.9,75,36817.5,52697062.5
2025-08-01 11:52:26 AM,484.35,0,0.0,52697062.5
2025-08-01 11:52:27 AM,484.35,300,145305.0,52842367.5
2025-08-01 11:52:58 AM,488.15,0,0.0,52842367.5
2025-08-01 11:52:58 AM,488.15,75,36611.25,52878978.75
2025-08-01 11:53:32 AM,489.05,0,0.0,52878978.75
2025-08-01 11:53:32 AM,489.05,75,36678.75,52915657.5
2025-08-01 11:54:03 AM,486.65,0,0.0,52915657.5
2025-08-01 11:54:04 AM,486.65,225,109496.25,53025153.75
2025-08-01 11:54:15 AM,492.15,0,0.0,53025153.75
2025-08-01 11:54:15 AM,492.15,150,73822.5,53098976.25
2025-08-01 11:54:20 AM,492.7,0,0.0,53098976.25
2025-08-01 11:54:21 AM,492.7,375,184762.5,53283738.75
2025-08-01 11:55:43 AM,496.85,0,0.0,53283738.75
2025-08-01 11:55:44 AM,496.85,75,37263.75,53321002.5
2025-08-01 11:56:23 AM,495.05,0,0.0,53321002.5
2025-08-01 11:56:24 AM,495.05,150,74257.5,53395260.0
2025-08-01 11:56:46 AM,501.3,0,0.0,53395260.0
2025-08-01 11:56:47 AM,501.3,75,37597.5,53432857.5
2025-08-01 11:59:57 AM,499.55,0,0.0,53432857.5
2025-08-01 11:59:57 AM,499.55,75,37466.25,53470323.75
2025-08-01 12:02:25 PM,510.65,0,0.0,53470323.75
2025-08-01 12:02:25 PM,510.65,75,38298.75,53508622.5
2025-08-01 12:02:33 PM,512.2,0,0.0,53508622.5
2025-08-01 12:02:34 PM,512.2,75,38415.0,53547037.5
2025-08-01 12:02:41 PM,515.2,0,0.0,53547037.5
2025-08-01 12:02:41 PM,515.2,75,38640.0,53585677.5
2025-08-01 12:02:54 PM,513.95,0,0.0,53585677.5
2025-08-01 12:02:55 PM,513.95,75,38546.25,53624223.75
2025-08-01 12:02:58 PM,512.0,0,0.0,53624223.75
2025-08-01 12:02:59 PM,512.0,75,38400.0,53662623.75
2025-08-01 12:03:19 PM,512.35,0,0.0,53662623.75
2025-08-01 12:03:19 PM,512.35,75,38426.25,53701050.0
2025-08-01 12:03:46 PM,511.75,0,0.0,53701050.0
2025-08-01 12:03:47 PM,511.75,225,115143.75,53816193.75
2025-08-01 12:04:01 PM,507.35,0,0.0,53816193.75
2025-08-01 12:04:01 PM,507.35,750,380512.5,54196706.25
2025-08-01 12:05:05 PM,512.55,0,0.0,54196706.25
2025-08-01 12:05:06 PM,512.55,75,38441.25,54235147.5
2025-08-01 12:05:51 PM,509.85,75,38238.75,54273386.25
2025-08-01 12:05:53 PM,513.4,0,0.0,54273386.25
2025-08-01 12:05:54 PM,513.4,75,38505.0,54311891.25
2025-08-01 12:06:34 PM,508.45,0,0.0,54311891.25
2025-08-01 12:06:35 PM,508.45,75,38133.75,54350025.0
2025-08-01 12:07:01 PM,501.15,0,0.0,54350025.0
2025-08-01 12:07:02 PM,501.15,75,37586.25,54387611.25
2025-08-01 12:10:18 PM,501.6,0,0.0,54387611.25
2025-08-01 12:10:18 PM,501.6,225,112860.0,54500471.25
2025-08-01 12:13:23 PM,499.5,0,0.0,54500471.25
2025-08-01 12:13:23 PM,499.5,75,37462.5,54537933.75
2025-08-01 12:16:24 PM,507.45,0,0.0,54537933.75
2025-08-01 12:16:25 PM,507.45,150,76117.5,54614051.25
2025-08-01 12:16:45 PM,506.25,0,0.0,54614051.25
2025-08-01 12:16:45 PM,506.25,75,37968.75,54652020.0
2025-08-01 12:18:40 PM,509.65,0,0.0,54652020.0
2025-08-01 12:18:40 PM,509.65,75,38223.75,54690243.75
2025-08-01 12:19:38 PM,515.0,0,0.0,54690243.75
2025-08-01 12:19:38 PM,515.0,75,38625.0,54728868.75
2025-08-01 12:19:44 PM,514.5,0,0.0,54728868.75
2025-08-01 12:19:45 PM,514.5,525,270112.5,54998981.25
2025-08-01 12:19:56 PM,512.2,0,0.0,54998981.25
2025-08-01 12:19:56 PM,512.2,75,38415.0,55037396.25
2025-08-01 12:20:09 PM,504.35,0,0.0,55037396.25
2025-08-01 12:20:10 PM,504.35,150,75652.5,55113048.75
2025-08-01 12:20:22 PM,503.0,0,0.0,55113048.75
2025-08-01 12:20:23 PM,503.0,75,37725.0,55150773.75
2025-08-01 12:20:51 PM,501.7,0,0.0,55150773.75
2025-08-01 12:20:52 PM,501.7,525,263392.5,55414166.25
2025-08-01 12:21:27 PM,503.4,0,0.0,55414166.25
2025-08-01 12:21:27 PM,503.4,75,37755.0,55451921.25
2025-08-01 12:21:35 PM,500.85,0,0.0,55451921.25
2025-08-01 12:21:36 PM,500.85,375,187818.75,55639740.0
2025-08-01 12:21:39 PM,499.8,0,0.0,55639740.0
2025-08-01 12:21:40 PM,499.8,75,37485.0,55677225.0
2025-08-01 12:22:08 PM,495.0,0,0.0,55677225.0
2025-08-01 12:22:09 PM,495.0,150,74250.0,55751475.0
2025-08-01 12:22:15 PM,491.8,0,0.0,55751475.0
2025-08-01 12:22:16 PM,491.8,75,36885.0,55788360.0
2025-08-01 12:22:31 PM,493.6,0,0.0,55788360.0
2025-08-01 12:22:33 PM,493.6,75,37020.0,55825380.0
2025-08-01 12:26:23 PM,495.1,0,0.0,55825380.0
2025-08-01 12:26:23 PM,495.1,75,37132.5,55862512.5
2025-08-01 12:30:05 PM,500.3,0,0.0,55862512.5
2025-08-01 12:30:06 PM,500.3,75,37522.5,55900035.0
2025-08-01 12:30:10 PM,501.7,0,0.0,55900035.0
2025-08-01 12:30:11 PM,501.7,75,37627.5,55937662.5
2025-08-01 12:31:07 PM,491.0,75,36825.0,55974487.5
2025-08-01 12:31:16 PM,480.0,0,0.0,55974487.5
2025-08-01 12:31:16 PM,480.0,75,36000.0,56010487.5
2025-08-01 12:31:31 PM,474.15,0,0.0,56010487.5
2025-08-01 12:31:31 PM,474.15,75,35561.25,56046048.75
2025-08-01 12:31:41 PM,464.5,0,0.0,56046048.75
2025-08-01 12:31:41 PM,464.5,75,34837.5,56080886.25
2025-08-01 12:31:54 PM,470.05,0,0.0,56080886.25
2025-08-01 12:31:55 PM,470.05,75,35253.75,56116140.0
2025-08-01 12:32:06 PM,472.65,0,0.0,56116140.0
2025-08-01 12:32:06 PM,472.65,75,35448.75,56151588.75
2025-08-01 12:32:08 PM,471.1,0,0.0,56151588.75
2025-08-01 12:32:08 PM,471.1,75,35332.5,56186921.25
2025-08-01 12:32:27 PM,478.4,0,0.0,56186921.25
2025-08-01 12:32:27 PM,478.4,75,35880.0,56222801.25
2025-08-01 12:32:40 PM,478.4,75,35880.0,56258681.25
2025-08-01 12:32:44 PM,478.8,0,0.0,56258681.25
2025-08-01 12:32:45 PM,478.8,75,35910.0,56294591.25
2025-08-01 12:32:58 PM,478.65,0,0.0,56294591.25
2025-08-01 12:32:58 PM,478.65,75,35898.75,56330490.0
2025-08-01 12:32:58 PM,478.6,0,0.0,56330490.0
2025-08-01 12:32:59 PM,478.6,75,35895.0,56366385.0
2025-08-01 12:33:20 PM,488.05,0,0.0,56366385.0
2025-08-01 12:33:21 PM,488.05,150,73207.5,56439592.5
2025-08-01 12:34:12 PM,495.0,75,37125.0,56476717.5
2025-08-01 12:34:29 PM,500.6,0,0.0,56476717.5
2025-08-01 12:34:30 PM,500.6,150,75090.0,56551807.5
2025-08-01 12:34:59 PM,509.85,0,0.0,56551807.5
2025-08-01 12:35:00 PM,509.85,75,38238.75,56590046.25
2025-08-01 12:35:04 PM,515.0,0,0.0,56590046.25
2025-08-01 12:35:05 PM,515.0,75,38625.0,56628671.25
2025-08-01 12:35:07 PM,517.75,0,0.0,56628671.25
2025-08-01 12:35:07 PM,517.75,150,77662.5,56706333.75
2025-08-01 12:35:09 PM,517.0,150,77550.0,56783883.75
2025-08-01 12:35:10 PM,517.9,0,0.0,56783883.75
2025-08-01 12:35:10 PM,517.9,150,77685.0,56861568.75
2025-08-01 12:35:11 PM,518.35,0,0.0,56861568.75
2025-08-01 12:35:12 PM,518.35,75,38876.25,56900445.0
2025-08-01 12:35:23 PM,518.7,0,0.0,56900445.0
2025-08-01 12:35:23 PM,518.7,75,38902.5,56939347.5
2025-08-01 12:36:07 PM,515.3,0,0.0,56939347.5
2025-08-01 12:36:07 PM,515.3,675,347827.49999999994,57287175.0
2025-08-01 12:37:30 PM,502.9,0,0.0,57287175.0
2025-08-01 12:37:31 PM,502.9,150,75435.0,57362610.0
2025-08-01 12:38:55 PM,511.5,0,0.0,57362610.0
2025-08-01 12:38:56 PM,511.5,75,38362.5,57400972.5
2025-08-01 12:39:11 PM,508.45,0,0.0,57400972.5
2025-08-01 12:39:11 PM,508.45,75,38133.75,57439106.25
2025-08-01 12:39:15 PM,508.9,0,0.0,57439106.25
2025-08-01 12:39:16 PM,508.9,75,38167.5,57477273.75
2025-08-01 12:39:54 PM,518.5,0,0.0,57477273.75
2025-08-01 12:39:54 PM,518.5,1050,544425.0,58021698.75
2025-08-01 12:40:55 PM,526.4,75,39480.0,58061178.75
2025-08-01 12:41:15 PM,526.6,150,78990.0,58140168.75
2025-08-01 12:41:16 PM,515.95,0,0.0,58140168.75
2025-08-01 12:41:16 PM,515.95,75,38696.25,58178865.0
2025-08-01 12:41:21 PM,515.75,225,116043.75,58294908.75
2025-08-01 12:41:22 PM,516.45,0,0.0,58294908.75
2025-08-01 12:41:23 PM,516.45,75,38733.75,58333642.5
2025-08-01 12:42:39 PM,517.55,0,0.0,58333642.5
2025-08-01 12:42:40 PM,517.55,525,271713.75,58605356.25
2025-08-01 12:42:54 PM,515.5,0,0.0,58605356.25
2025-08-01 12:42:55 PM,515.5,150,77325.0,58682681.25
2025-08-01 12:43:26 PM,529.5,0,0.0,58682681.25
2025-08-01 12:43:27 PM,529.5,75,39712.5,58722393.75
2025-08-01 12:43:31 PM,528.45,0,0.0,58722393.75
2025-08-01 12:43:32 PM,528.45,150,79267.5,58801661.25
2025-08-01 12:43:42 PM,535.0,0,0.0,58801661.25
2025-08-01 12:43:43 PM,535.0,75,40125.0,58841786.25
2025-08-01 12:43:52 PM,529.15,0,0.0,58841786.25
2025-08-01 12:43:53 PM,529.15,75,39686.25,58881472.5
2025-08-01 12:44:01 PM,527.0,0,0.0,58881472.5
2025-08-01 12:44:02 PM,527.0,75,39525.0,58920997.5
2025-08-01 12:44:03 PM,522.05,0,0.0,58920997.5
2025-08-01 12:44:05 PM,522.05,75,39153.75,58960151.25
2025-08-01 12:44:12 PM,522.65,0,0.0,58960151.25
2025-08-01 12:44:13 PM,522.65,75,39198.75,58999350.0
2025-08-01 12:44:52 PM,520.0,0,0.0,58999350.0
2025-08-01 12:44:53 PM,520.0,75,39000.0,59038350.0
2025-08-01 12:45:20 PM,519.0,0,0.0,59038350.0
2025-08-01 12:45:21 PM,519.0,150,77850.0,59116200.0
2025-08-01 12:48:07 PM,513.45,0,0.0,59116200.0
2025-08-01 12:48:08 PM,513.45,75,38508.75,59154708.75
2025-08-01 12:48:11 PM,511.8,0,0.0,59154708.75
2025-08-01 12:48:12 PM,511.8,75,38385.0,59193093.75
2025-08-01 12:49:55 PM,518.65,0,0.0,59193093.75
2025-08-01 12:49:55 PM,518.65,600,311190.0,59504283.75
2025-08-01 12:50:28 PM,523.8,0,0.0,59504283.75
2025-08-01 12:50:30 PM,523.8,75,39285.0,59543568.75
2025-08-01 12:50:33 PM,515.55,0,0.0,59543568.75
2025-08-01 12:50:33 PM,515.55,75,38666.25,59582235.0
2025-08-01 12:50:59 PM,524.55,0,0.0,59582235.0
2025-08-01 12:51:00 PM,524.55,75,39341.25,59621576.25
2025-08-01 12:51:13 PM,517.5,0,0.0,59621576.25
2025-08-01 12:51:15 PM,517.5,75,38812.5,59660388.75
2025-08-01 12:51:38 PM,524.95,0,0.0,59660388.75
2025-08-01 12:51:40 PM,524.95,75,39371.25,59699760.0
2025-08-01 12:51:48 PM,522.8,0,0.0,59699760.0
2025-08-01 12:51:48 PM,522.8,75,39210.0,59738970.0
2025-08-01 12:51:49 PM,516.0,0,0.0,59738970.0
2025-08-01 12:51:50 PM,516.0,75,38700.0,59777670.0
2025-08-01 12:54:46 PM,509.55,0,0.0,59777670.0
2025-08-01 12:54:47 PM,509.55,75,38216.25,59815886.25
2025-08-01 12:56:12 PM,510.6,75,38295.0,59854181.25
2025-08-01 12:57:02 PM,512.5,0,0.0,59854181.25
2025-08-01 12:57:03 PM,512.5,75,38437.5,59892618.75
2025-08-01 12:57:08 PM,514.2,0,0.0,59892618.75
2025-08-01 12:57:10 PM,514.2,75,38565.0,59931183.75
2025-08-01 12:57:10 PM,513.15,0,0.0,59931183.75
2025-08-01 12:57:11 PM,513.15,75,38486.25,59969670.0
2025-08-01 12:57:13 PM,512.15,0,0.0,59969670.0
2025-08-01 12:57:13 PM,512.15,75,38411.25,60008081.25
2025-08-01 12:57:18 PM,510.85,0,0.0,60008081.25
2025-08-01 12:57:18 PM,510.85,75,38313.75,60046395.0
2025-08-01 12:57:29 PM,511.15,0,0.0,60046395.0
2025-08-01 12:57:29 PM,511.15,150,76672.5,60123067.5
2025-08-01 12:59:23 PM,514.0,0,0.0,60123067.5
2025-08-01 12:59:24 PM,514.0,75,38550.0,60161617.5
2025-08-01 12:59:28 PM,513.65,0,0.0,60161617.5
2025-08-01 12:59:29 PM,513.65,75,38523.75,60200141.25
2025-08-01 12:59:32 PM,512.95,0,0.0,60200141.25
2025-08-01 12:59:33 PM,512.95,75,38471.25,60238612.5
2025-08-01 12:59:36 PM,512.5,75,38437.5,60277050.0
2025-08-01 12:59:43 PM,513.95,75,38546.25,60315596.25
2025-08-01 12:59:50 PM,518.1,0,0.0,60315596.25
2025-08-01 12:59:51 PM,518.1,225,116572.5,60432168.75
2025-08-01 12:59:58 PM,519.55,0,0.0,60432168.75
2025-08-01 12:59:59 PM,519.55,75,38966.25,60471135.0
2025-08-01 01:00:04 PM,520.75,0,0.0,60471135.0
2025-08-01 01:00:04 PM,520.75,75,39056.25,60510191.25
2025-08-01 01:00:07 PM,520.55,0,0.0,60510191.25
2025-08-01 01:00:08 PM,520.55,75,39041.25,60549232.5
2025-08-01 01:00:14 PM,518.1,0,0.0,60549232.5
2025-08-01 01:00:14 PM,518.1,75,38857.5,60588090.0
2025-08-01 01:00:15 PM,516.75,0,0.0,60588090.0
2025-08-01 01:00:16 PM,516.75,75,38756.25,60626846.25
2025-08-01 01:00:19 PM,515.95,0,0.0,60626846.25
2025-08-01 01:00:19 PM,515.95,75,38696.25,60665542.5
2025-08-01 01:00:20 PM,515.15,0,0.0,60665542.5
2025-08-01 01:00:21 PM,515.15,75,38636.25,60704178.75
2025-08-01 01:00:26 PM,514.9,0,0.0,60704178.75
2025-08-01 01:00:26 PM,514.9,75,38617.5,60742796.25
2025-08-01 01:00:36 PM,518.0,75,38850.0,60781646.25
2025-08-01 01:00:42 PM,517.6,0,0.0,60781646.25
2025-08-01 01:00:43 PM,517.6,75,38820.0,60820466.25
2025-08-01 01:01:11 PM,520.25,0,0.0,60820466.25
2025-08-01 01:01:11 PM,520.25,75,39018.75,60859485.0
2025-08-01 01:01:14 PM,520.45,0,0.0,60859485.0
2025-08-01 01:01:14 PM,520.45,75,39033.75,60898518.75
2025-08-01 01:01:16 PM,520.3,0,0.0,60898518.75
2025-08-01 01:01:18 PM,520.3,75,39022.5,60937541.25
2025-08-01 01:01:24 PM,520.7,0,0.0,60937541.25
2025-08-01 01:01:24 PM,520.7,75,39052.5,60976593.75
2025-08-01 01:01:27 PM,519.8,0,0.0,60976593.75
2025-08-01 01:01:28 PM,519.8,75,38985.0,61015578.75
2025-08-01 01:01:32 PM,519.45,0,0.0,61015578.75
2025-08-01 01:01:33 PM,519.45,75,38958.75,61054537.5
2025-08-01 01:01:37 PM,520.9,0,0.0,61054537.5
2025-08-01 01:01:38 PM,520.9,75,39067.5,61093605.0
2025-08-01 01:01:38 PM,519.5,75,38962.5,61132567.5
2025-08-01 01:01:39 PM,520.05,75,39003.75,61171571.25
2025-08-01 01:01:45 PM,518.35,0,0.0,61171571.25
2025-08-01 01:01:46 PM,518.35,75,38876.25,61210447.5
2025-08-01 01:01:47 PM,516.8,0,0.0,61210447.5
2025-08-01 01:01:48 PM,516.8,75,38760.0,61249207.5
2025-08-01 01:01:52 PM,516.2,0,0.0,61249207.5
2025-08-01 01:01:53 PM,516.2,75,38715.0,61287922.5
2025-08-01 01:04:10 PM,523.35,0,0.0,61287922.5
2025-08-01 01:04:11 PM,523.35,375,196256.25,61484178.75
2025-08-01 01:04:11 PM,524.0,0,0.0,61484178.75
2025-08-01 01:04:12 PM,524.0,75,39300.0,61523478.75
2025-08-01 01:05:09 PM,520.8,0,0.0,61523478.75
2025-08-01 01:05:09 PM,520.8,75,39060.0,61562538.75
2025-08-01 01:05:23 PM,521.95,0,0.0,61562538.75
2025-08-01 01:05:24 PM,521.95,75,39146.25,61601685.0
2025-08-01 01:05:27 PM,513.9,0,0.0,61601685.0
2025-08-01 01:05:28 PM,513.9,1050,539595.0,62141280.0
2025-08-01 01:05:34 PM,513.15,0,0.0,62141280.0
2025-08-01 01:05:34 PM,513.15,75,38486.25,62179766.25
2025-08-01 01:06:56 PM,503.2,0,0.0,62179766.25
2025-08-01 01:06:56 PM,503.2,75,37740.0,62217506.25
2025-08-01 01:06:59 PM,501.55,0,0.0,62217506.25
2025-08-01 01:07:00 PM,501.55,75,37616.25,62255122.5
2025-08-01 01:07:08 PM,499.05,0,0.0,62255122.5
2025-08-01 01:07:08 PM,499.05,75,37428.75,62292551.25
2025-08-01 01:07:09 PM,498.0,0,0.0,62292551.25
2025-08-01 01:07:09 PM,498.0,75,37350.0,62329901.25
2025-08-01 01:08:12 PM,499.1,0,0.0,62329901.25
2025-08-01 01:08:12 PM,499.1,75,37432.5,62367333.75
2025-08-01 01:08:21 PM,503.0,0,0.0,62367333.75
2025-08-01 01:08:22 PM,503.0,150,75450.0,62442783.75
2025-08-01 01:09:01 PM,503.0,75,37725.0,62480508.75
2025-08-01 01:10:35 PM,513.9,0,0.0,62480508.75
2025-08-01 01:10:35 PM,513.9,75,38542.5,62519051.25
2025-08-01 01:10:41 PM,517.65,0,0.0,62519051.25
2025-08-01 01:10:41 PM,517.65,225,116471.25,62635522.5
2025-08-01 01:11:34 PM,514.7,0,0.0,62635522.5
2025-08-01 01:11:34 PM,514.7,375,193012.50000000003,62828535.0
2025-08-01 01:11:38 PM,512.35,0,0.0,62828535.0
2025-08-01 01:11:38 PM,512.35,75,38426.25,62866961.25
2025-08-01 01:12:34 PM,506.15,0,0.0,62866961.25
2025-08-01 01:12:35 PM,506.15,75,37961.25,62904922.5
2025-08-01 01:13:48 PM,500.9,0,0.0,62904922.5
2025-08-01 01:13:49 PM,500.9,75,37567.5,62942490.0
2025-08-01 01:14:20 PM,503.0,0,0.0,62942490.0
2025-08-01 01:14:20 PM,503.0,75,37725.0,62980215.0
2025-08-01 01:15:03 PM,508.25,0,0.0,62980215.0
2025-08-01 01:15:04 PM,508.25,75,38118.75,63018333.75
2025-08-01 01:16:25 PM,511.7,0,0.0,63018333.75
2025-08-01 01:16:25 PM,511.7,75,38377.5,63056711.25
2025-08-01 01:17:03 PM,508.3,0,0.0,63056711.25
2025-08-01 01:17:03 PM,508.3,75,38122.5,63094833.75
2025-08-01 01:17:22 PM,506.7,0,0.0,63094833.75
2025-08-01 01:17:22 PM,506.7,75,38002.5,63132836.25
2025-08-01 01:18:16 PM,506.7,75,38002.5,63170838.75
2025-08-01 01:19:26 PM,511.25,0,0.0,63170838.75
2025-08-01 01:19:26 PM,511.25,75,38343.75,63209182.5
2025-08-01 01:19:29 PM,509.8,0,0.0,63209182.5
2025-08-01 01:19:29 PM,509.8,75,38235.0,63247417.5
2025-08-01 01:19:54 PM,514.0,0,0.0,63247417.5
2025-08-01 01:19:55 PM,514.0,75,38550.0,63285967.5
2025-08-01 01:20:32 PM,511.0,0,0.0,63285967.5
2025-08-01 01:20:32 PM,511.0,75,38325.0,63324292.5
2025-08-01 01:21:44 PM,510.0,0,0.0,63324292.5
2025-08-01 01:21:44 PM,510.0,75,38250.0,63362542.5
2025-08-01 01:25:47 PM,500.0,0,0.0,63362542.5
2025-08-01 01:25:47 PM,500.0,75,37500.0,63400042.5
2025-08-01 01:27:58 PM,489.7,0,0.0,63400042.5
2025-08-01 01:27:59 PM,489.7,225,110182.5,63510225.0
2025-08-01 01:28:29 PM,486.5,0,0.0,63510225.0
2025-08-01 01:28:30 PM,486.5,225,109462.5,63619687.5
2025-08-01 01:30:54 PM,491.6,0,0.0,63619687.5
2025-08-01 01:30:54 PM,491.6,75,36870.0,63656557.5
2025-08-01 01:30:55 PM,494.05,0,0.0,63656557.5
2025-08-01 01:30:56 PM,494.05,75,37053.75,63693611.25
2025-08-01 01:31:39 PM,478.1,0,0.0,63693611.25
2025-08-01 01:31:39 PM,478.1,75,35857.5,63729468.75
2025-08-01 01:31:43 PM,478.25,0,0.0,63729468.75
2025-08-01 01:31:44 PM,478.25,75,35868.75,63765337.5
2025-08-01 01:32:13 PM,478.4,0,0.0,63765337.5
2025-08-01 01:32:13 PM,478.4,75,35880.0,63801217.5
2025-08-01 01:32:14 PM,475.8,0,0.0,63801217.5
2025-08-01 01:32:14 PM,475.8,75,35685.0,63836902.5
2025-08-01 01:32:38 PM,474.75,0,0.0,63836902.5
2025-08-01 01:32:39 PM,475.5,0,0.0,63836902.5
2025-08-01 01:32:39 PM,475.5,225,106987.5,63943890.0
2025-08-01 01:32:48 PM,478.9,0,0.0,63943890.0
2025-08-01 01:32:49 PM,478.9,75,35917.5,63979807.5
2025-08-01 01:33:00 PM,478.75,0,0.0,63979807.5
2025-08-01 01:33:01 PM,478.75,75,35906.25,64015713.75
2025-08-01 01:33:07 PM,482.3,0,0.0,64015713.75
2025-08-01 01:33:07 PM,482.3,75,36172.5,64051886.25
2025-08-01 01:34:14 PM,487.45,0,0.0,64051886.25
2025-08-01 01:34:15 PM,487.45,75,36558.75,64088445.0
2025-08-01 01:34:36 PM,490.5,0,0.0,64088445.0
2025-08-01 01:34:36 PM,490.5,75,36787.5,64125232.5
2025-08-01 01:34:43 PM,493.0,0,0.0,64125232.5
2025-08-01 01:34:44 PM,493.0,75,36975.0,64162207.5
2025-08-01 01:34:55 PM,495.2,0,0.0,64162207.5
2025-08-01 01:34:56 PM,495.2,225,111420.0,64273627.5
2025-08-01 01:34:57 PM,495.2,225,111420.0,64385047.5
2025-08-01 01:34:59 PM,497.15,0,0.0,64385047.5
2025-08-01 01:34:59 PM,497.15,75,37286.25,64422333.75
2025-08-01 01:36:34 PM,498.85,0,0.0,64422333.75
2025-08-01 01:36:34 PM,498.85,75,37413.75,64459747.5
2025-08-01 01:38:06 PM,517.7,0,0.0,64459747.5
2025-08-01 01:38:07 PM,517.7,225,116482.50000000001,64576230.0
2025-08-01 01:38:13 PM,520.0,0,0.0,64576230.0
2025-08-01 01:38:13 PM,520.0,75,39000.0,64615230.0
2025-08-01 01:38:21 PM,527.65,0,0.0,64615230.0
2025-08-01 01:38:21 PM,527.65,75,39573.75,64654803.75
2025-08-01 01:38:35 PM,529.9,0,0.0,64654803.75
2025-08-01 01:38:35 PM,529.9,150,79485.0,64734288.75
2025-08-01 01:39:04 PM,525.0,0,0.0,64734288.75
2025-08-01 01:39:05 PM,525.0,75,39375.0,64773663.75
2025-08-01 01:39:30 PM,522.0,75,39150.0,64812813.75
2025-08-01 01:39:49 PM,525.4,0,0.0,64812813.75
2025-08-01 01:39:49 PM,525.4,75,39405.0,64852218.75
2025-08-01 01:40:33 PM,524.7,75,39352.5,64891571.25
2025-08-01 01:40:49 PM,523.85,0,0.0,64891571.25
2025-08-01 01:40:49 PM,523.85,75,39288.75,64930860.0
2025-08-01 01:42:08 PM,515.3,0,0.0,64930860.0
2025-08-01 01:42:08 PM,515.3,75,38647.5,64969507.5
2025-08-01 01:42:28 PM,516.45,0,0.0,64969507.5
2025-08-01 01:42:29 PM,516.45,75,38733.75,65008241.25
2025-08-01 01:42:31 PM,515.2,0,0.0,65008241.25
2025-08-01 01:42:31 PM,514.95,0,0.0,65008241.25
2025-08-01 01:42:32 PM,514.95,150,77242.5,65085483.75
2025-08-01 01:42:56 PM,511.45,0,0.0,65085483.75
2025-08-01 01:42:56 PM,511.45,75,38358.75,65123842.5
2025-08-01 01:43:07 PM,510.75,75,38306.25,65162148.75
2025-08-01 01:43:07 PM,510.85,0,0.0,65162148.75
2025-08-01 01:43:07 PM,510.85,75,38313.75,65200462.5
2025-08-01 01:44:17 PM,495.0,0,0.0,65200462.5
2025-08-01 01:44:17 PM,495.0,75,37125.0,65237587.5
2025-08-01 01:44:22 PM,491.5,225,110587.5,65348175.0
2025-08-01 01:44:24 PM,492.2,0,0.0,65348175.0
2025-08-01 01:44:24 PM,492.2,75,36915.0,65385090.0
2025-08-01 01:45:00 PM,495.75,0,0.0,65385090.0
2025-08-01 01:45:00 PM,495.75,75,37181.25,65422271.25
2025-08-01 01:45:16 PM,495.4,0,0.0,65422271.25
2025-08-01 01:45:16 PM,495.4,75,37155.0,65459426.25
2025-08-01 01:46:26 PM,499.3,0,0.0,65459426.25
2025-08-01 01:46:26 PM,499.3,75,37447.5,65496873.75
2025-08-01 01:46:33 PM,495.25,0,0.0,65496873.75
2025-08-01 01:46:34 PM,495.25,150,74287.5,65571161.25
2025-08-01 01:46:36 PM,496.2,0,0.0,65571161.25
2025-08-01 01:46:36 PM,496.2,75,37215.0,65608376.25
2025-08-01 01:46:40 PM,495.4,0,0.0,65608376.25
2025-08-01 01:46:40 PM,495.4,75,37155.0,65645531.25
2025-08-01 01:48:21 PM,493.6,75,37020.0,65682551.25
2025-08-01 01:48:33 PM,494.05,0,0.0,65682551.25
2025-08-01 01:48:33 PM,494.05,75,37053.75,65719605.0
2025-08-01 01:52:20 PM,505.8,0,0.0,65719605.0
2025-08-01 01:52:21 PM,505.8,75,37935.0,65757540.0
2025-08-01 01:52:21 PM,505.1,0,0.0,65757540.0
2025-08-01 01:52:22 PM,505.1,75,37882.5,65795422.5
2025-08-01 01:52:26 PM,506.55,0,0.0,65795422.5
2025-08-01 01:52:26 PM,506.55,75,37991.25,65833413.75
2025-08-01 01:52:38 PM,505.55,0,0.0,65833413.75
2025-08-01 01:52:39 PM,505.55,150,75832.5,65909246.25
2025-08-01 01:54:59 PM,501.1,0,0.0,65909246.25
2025-08-01 01:54:59 PM,501.1,375,187912.5,66097158.75
2025-08-01 01:55:15 PM,494.4,0,0.0,66097158.75
2025-08-01 01:55:16 PM,494.4,75,37080.0,66134238.75
2025-08-01 01:56:50 PM,512.0,75,38400.0,66172638.75
2025-08-01 01:57:35 PM,512.0,75,38400.0,66211038.75
2025-08-01 01:58:34 PM,516.95,0,0.0,66211038.75
2025-08-01 01:58:35 PM,516.95,975,504026.25000000006,66715065.0
2025-08-01 01:58:43 PM,514.9,0,0.0,66715065.0
2025-08-01 01:58:43 PM,514.9,75,38617.5,66753682.5
2025-08-01 01:58:57 PM,514.6,0,0.0,66753682.5
2025-08-01 01:58:57 PM,514.6,75,38595.0,66792277.5
2025-08-01 01:59:20 PM,526.25,75,39468.75,66831746.25
2025-08-01 01:59:29 PM,528.65,0,0.0,66831746.25
2025-08-01 01:59:30 PM,528.65,225,118946.25,66950692.5
2025-08-01 02:00:09 PM,515.9,0,0.0,66950692.5
2025-08-01 02:00:10 PM,515.9,75,38692.5,66989385.0
2025-08-01 02:00:10 PM,513.7,0,0.0,66989385.0
2025-08-01 02:00:11 PM,513.7,825,423802.50000000006,67413187.5
2025-08-01 02:03:01 PM,521.0,0,0.0,67413187.5
2025-08-01 02:03:01 PM,521.0,75,39075.0,67452262.5
2025-08-01 02:03:23 PM,525.3,0,0.0,67452262.5
2025-08-01 02:03:23 PM,525.3,75,39397.5,67491660.0
2025-08-01 02:03:30 PM,523.05,0,0.0,67491660.0
2025-08-01 02:03:30 PM,523.05,75,39228.75,67530888.75
2025-08-01 02:05:10 PM,517.0,0,0.0,67530888.75
2025-08-01 02:05:10 PM,517.0,225,116325.0,67647213.75
2025-08-01 02:06:13 PM,521.25,0,0.0,67647213.75
2025-08-01 02:06:13 PM,521.25,900,469125.0,68116338.75
2025-08-01 02:07:53 PM,519.95,0,0.0,68116338.75
2025-08-01 02:07:54 PM,519.95,75,38996.25,68155335.0
2025-08-01 02:08:09 PM,520.0,0,0.0,68155335.0
2025-08-01 02:08:10 PM,520.0,75,39000.0,68194335.0
2025-08-01 02:08:13 PM,522.35,0,0.0,68194335.0
2025-08-01 02:08:13 PM,522.35,75,39176.25,68233511.25
2025-08-01 02:09:43 PM,518.8,0,0.0,68233511.25
2025-08-01 02:09:43 PM,518.8,75,38910.0,68272421.25
2025-08-01 02:11:29 PM,509.0,0,0.0,68272421.25
2025-08-01 02:11:29 PM,509.0,75,38175.0,68310596.25
2025-08-01 02:11:31 PM,507.25,0,0.0,68310596.25
2025-08-01 02:11:31 PM,507.25,75,38043.75,68348640.0
2025-08-01 02:12:01 PM,501.4,0,0.0,68348640.0
2025-08-01 02:12:01 PM,502.95,900,452655.0,68801295.0
2025-08-01 02:12:17 PM,504.5,0,0.0,68801295.0
2025-08-01 02:12:18 PM,504.5,75,37837.5,68839132.5
2025-08-01 02:16:50 PM,502.75,0,0.0,68839132.5
2025-08-01 02:16:51 PM,502.75,75,37706.25,68876838.75
2025-08-01 02:16:52 PM,504.0,975,491400.0,69368238.75
2025-08-01 02:16:57 PM,505.3,150,75795.0,69444033.75
2025-08-01 02:17:04 PM,505.45,0,0.0,69444033.75
2025-08-01 02:17:04 PM,505.35,750,379012.5,69823046.25
2025-08-01 02:17:05 PM,504.1,0,0.0,69823046.25
2025-08-01 02:17:05 PM,504.1,150,75615.0,69898661.25
2025-08-01 02:17:42 PM,501.95,0,0.0,69898661.25
2025-08-01 02:17:43 PM,501.95,75,37646.25,69936307.5
2025-08-01 02:17:48 PM,500.05,0,0.0,69936307.5
2025-08-01 02:17:48 PM,500.05,75,37503.75,69973811.25
2025-08-01 02:17:50 PM,499.05,0,0.0,69973811.25
2025-08-01 02:17:51 PM,499.05,75,37428.75,70011240.0
2025-08-01 02:18:37 PM,505.5,0,0.0,70011240.0
2025-08-01 02:18:38 PM,505.5,75,37912.5,70049152.5
2025-08-01 02:20:20 PM,511.45,0,0.0,70049152.5
2025-08-01 02:20:21 PM,511.45,75,38358.75,70087511.25
2025-08-01 02:20:59 PM,513.3,75,38497.5,70126008.75
2025-08-01 02:21:28 PM,513.5,0,0.0,70126008.75
2025-08-01 02:21:28 PM,513.5,75,38512.5,70164521.25
2025-08-01 02:21:31 PM,515.6,0,0.0,70164521.25
2025-08-01 02:21:31 PM,515.6,75,38670.0,70203191.25
2025-08-01 02:21:38 PM,518.65,0,0.0,70203191.25
2025-08-01 02:21:38 PM,518.65,225,116696.25,70319887.5
2025-08-01 02:21:45 PM,519.3,0,0.0,70319887.5
2025-08-01 02:21:45 PM,517.6,0,0.0,70319887.5
2025-08-01 02:21:45 PM,517.6,150,77640.0,70397527.5
2025-08-01 02:22:00 PM,517.95,0,0.0,70397527.5
2025-08-01 02:22:00 PM,517.95,75,38846.25,70436373.75
2025-08-01 02:22:02 PM,518.0,0,0.0,70436373.75
2025-08-01 02:22:02 PM,518.0,75,38850.0,70475223.75
2025-08-01 02:22:13 PM,518.45,0,0.0,70475223.75
2025-08-01 02:22:14 PM,518.45,900,466605.00000000006,70941828.75
2025-08-01 02:24:47 PM,524.0,0,0.0,70941828.75
2025-08-01 02:24:48 PM,524.0,75,39300.0,70981128.75
2025-08-01 02:24:50 PM,525.0,75,39375.0,71020503.75
2025-08-01 02:26:32 PM,523.65,0,0.0,71020503.75
2025-08-01 02:26:33 PM,523.65,75,39273.75,71059777.5
2025-08-01 02:29:24 PM,527.8,0,0.0,71059777.5
2025-08-01 02:29:25 PM,527.8,900,475019.99999999994,71534797.5
2025-08-01 02:30:04 PM,527.75,0,0.0,71534797.5
2025-08-01 02:30:05 PM,527.75,1350,712462.5,72247260.0
2025-08-01 02:30:24 PM,529.9,0,0.0,72247260.0
2025-08-01 02:30:25 PM,529.9,75,39742.5,72287002.5
2025-08-01 02:31:01 PM,522.85,0,0.0,72287002.5
2025-08-01 02:31:02 PM,522.85,225,117641.25,72404643.75
2025-08-01 02:31:30 PM,514.65,0,0.0,72404643.75
2025-08-01 02:31:30 PM,514.65,150,77197.5,72481841.25
2025-08-01 02:31:38 PM,514.1,0,0.0,72481841.25
2025-08-01 02:31:38 PM,514.1,75,38557.5,72520398.75
2025-08-01 02:31:42 PM,514.5,75,38587.5,72558986.25
2025-08-01 02:32:00 PM,510.15,0,0.0,72558986.25
2025-08-01 02:32:00 PM,510.15,150,76522.5,72635508.75
2025-08-01 02:32:07 PM,514.2,0,0.0,72635508.75
2025-08-01 02:32:07 PM,514.2,75,38565.0,72674073.75
2025-08-01 02:32:11 PM,516.9,0,0.0,72674073.75
2025-08-01 02:32:12 PM,516.9,75,38767.5,72712841.25
2025-08-01 02:32:15 PM,516.0,0,0.0,72712841.25
2025-08-01 02:32:15 PM,516.0,150,77400.0,72790241.25
2025-08-01 02:32:48 PM,512.95,0,0.0,72790241.25
2025-08-01 02:32:48 PM,512.95,150,76942.5,72867183.75
2025-08-01 02:33:09 PM,513.7,0,0.0,72867183.75
2025-08-01 02:33:10 PM,513.7,75,38527.5,72905711.25
2025-08-01 02:34:00 PM,506.2,0,0.0,72905711.25
2025-08-01 02:34:00 PM,506.2,75,37965.0,72943676.25
2025-08-01 02:34:08 PM,507.35,0,0.0,72943676.25
2025-08-01 02:34:09 PM,507.35,75,38051.25,72981727.5
2025-08-01 02:34:20 PM,510.1,0,0.0,72981727.5
2025-08-01 02:34:20 PM,510.1,75,38257.5,73019985.0
2025-08-01 02:34:40 PM,510.75,0,0.0,73019985.0
2025-08-01 02:34:40 PM,510.75,75,38306.25,73058291.25
2025-08-01 02:34:41 PM,510.85,0,0.0,73058291.25
2025-08-01 02:34:41 PM,510.85,75,38313.75,73096605.0
2025-08-01 02:35:00 PM,511.25,0,0.0,73096605.0
2025-08-01 02:35:00 PM,511.25,225,115031.25,73211636.25
2025-08-01 02:35:03 PM,509.95,0,0.0,73211636.25
2025-08-01 02:35:04 PM,509.95,75,38246.25,73249882.5
2025-08-01 02:36:35 PM,511.15,300,153345.0,73403227.5
2025-08-01 02:37:17 PM,511.0,75,38325.0,73441552.5
2025-08-01 02:37:19 PM,509.55,0,0.0,73441552.5
2025-08-01 02:37:19 PM,509.55,75,38216.25,73479768.75
2025-08-01 02:37:25 PM,510.05,0,0.0,73479768.75
2025-08-01 02:37:26 PM,510.05,75,38253.75,73518022.5
2025-08-01 02:38:10 PM,521.0,0,0.0,73518022.5
2025-08-01 02:38:11 PM,521.0,750,390750.0,73908772.5
2025-08-01 02:38:15 PM,525.2,0,0.0,73908772.5
2025-08-01 02:38:16 PM,525.2,75,39390.0,73948162.5
2025-08-01 02:38:22 PM,522.4,0,0.0,73948162.5
2025-08-01 02:38:23 PM,522.4,300,156720.0,74104882.5
2025-08-01 02:38:28 PM,524.0,75,39300.0,74144182.5
2025-08-01 02:38:38 PM,532.6,0,0.0,74144182.5
2025-08-01 02:38:39 PM,532.6,225,119835.0,74264017.5
2025-08-01 02:38:51 PM,532.6,75,39945.0,74303962.5
2025-08-01 02:38:51 PM,530.25,0,0.0,74303962.5
2025-08-01 02:38:52 PM,530.25,75,39768.75,74343731.25
2025-08-01 02:39:00 PM,529.0,75,39675.0,74383406.25
2025-08-01 02:39:54 PM,519.4,0,0.0,74383406.25
2025-08-01 02:39:55 PM,519.4,375,194775.0,74578181.25
2025-08-01 02:42:24 PM,522.75,0,0.0,74578181.25
2025-08-01 02:42:24 PM,522.75,75,39206.25,74617387.5
2025-08-01 02:43:52 PM,532.6,0,0.0,74617387.5
2025-08-01 02:43:52 PM,532.6,75,39945.0,74657332.5
2025-08-01 02:43:58 PM,528.4,0,0.0,74657332.5
2025-08-01 02:43:59 PM,528.4,75,39630.0,74696962.5
2025-08-01 02:44:04 PM,531.4,0,0.0,74696962.5
2025-08-01 02:44:04 PM,531.4,375,199275.0,74896237.5
2025-08-01 02:44:30 PM,529.2,0,0.0,74896237.5
2025-08-01 02:44:31 PM,529.2,75,39690.0,74935927.5
2025-08-01 02:44:50 PM,529.3,0,0.0,74935927.5
2025-08-01 02:44:51 PM,529.3,375,198487.49999999997,75134415.0
2025-08-01 02:44:56 PM,528.55,0,0.0,75134415.0
2025-08-01 02:44:57 PM,528.55,150,79282.5,75213697.5
2025-08-01 02:45:20 PM,529.9,0,0.0,75213697.5
2025-08-01 02:45:21 PM,529.9,75,39742.5,75253440.0
2025-08-01 02:46:46 PM,535.45,0,0.0,75253440.0
2025-08-01 02:46:46 PM,535.45,225,120476.25000000001,75373916.25
2025-08-01 02:47:07 PM,525.5,0,0.0,75373916.25
2025-08-01 02:47:07 PM,525.5,75,39412.5,75413328.75
2025-08-01 02:47:08 PM,524.9,0,0.0,75413328.75
2025-08-01 02:47:09 PM,524.9,225,118102.5,75531431.25
2025-08-01 02:47:33 PM,524.95,0,0.0,75531431.25
2025-08-01 02:47:34 PM,524.95,75,39371.25,75570802.5
2025-08-01 02:48:37 PM,519.0,0,0.0,75570802.5
2025-08-01 02:48:37 PM,519.0,75,38925.0,75609727.5
2025-08-01 02:49:48 PM,514.9,0,0.0,75609727.5
2025-08-01 02:49:49 PM,514.9,75,38617.5,75648345.0
2025-08-01 02:50:19 PM,517.55,0,0.0,75648345.0
2025-08-01 02:50:21 PM,517.55,75,38816.25,75687161.25
2025-08-01 02:54:20 PM,526.0,0,0.0,75687161.25
2025-08-01 02:54:20 PM,526.0,75,39450.0,75726611.25
2025-08-01 02:57:04 PM,532.95,0,0.0,75726611.25
2025-08-01 02:57:05 PM,532.95,75,39971.25,75766582.5
2025-08-01 02:57:22 PM,538.45,0,0.0,75766582.5
2025-08-01 02:57:23 PM,538.45,75,40383.75,75806966.25
2025-08-01 02:58:09 PM,534.35,0,0.0,75806966.25
2025-08-01 02:58:09 PM,534.35,675,360686.25,76167652.5
2025-08-01 02:58:18 PM,530.0,0,0.0,76167652.5
2025-08-01 02:58:19 PM,530.0,75,39750.0,76207402.5
2025-08-01 02:58:29 PM,526.9,0,0.0,76207402.5
2025-08-01 02:58:29 PM,526.9,75,39517.5,76246920.0
2025-08-01 02:58:47 PM,533.3,0,0.0,76246920.0
2025-08-01 02:58:47 PM,533.3,300,159990.0,76406910.0
2025-08-01 02:59:25 PM,533.05,0,0.0,76406910.0
2025-08-01 02:59:25 PM,533.05,825,439766.24999999994,76846676.25
2025-08-01 02:59:40 PM,540.55,0,0.0,76846676.25
2025-08-01 02:59:40 PM,540.55,900,486494.99999999994,77333171.25
2025-08-01 02:59:49 PM,533.9,0,0.0,77333171.25
2025-08-01 02:59:50 PM,533.9,375,200212.5,77533383.75
2025-08-01 03:00:05 PM,541.0,0,0.0,77533383.75
2025-08-01 03:00:05 PM,541.0,1500,811500.0,78344883.75
2025-08-01 03:01:01 PM,534.95,0,0.0,78344883.75
2025-08-01 03:01:02 PM,534.95,300,160485.0,78505368.75
2025-08-01 03:01:03 PM,528.45,0,0.0,78505368.75
2025-08-01 03:01:04 PM,528.45,75,39633.75,78545002.5
2025-08-01 03:01:07 PM,527.15,750,395362.5,78940365.0
2025-08-01 03:01:07 PM,524.5,0,0.0,78940365.0
2025-08-01 03:01:09 PM,524.5,75,39337.5,78979702.5
2025-08-01 03:01:14 PM,527.05,0,0.0,78979702.5
2025-08-01 03:01:15 PM,527.05,75,39528.75,79019231.25
2025-08-01 03:01:23 PM,528.0,0,0.0,79019231.25
2025-08-01 03:01:24 PM,528.0,75,39600.0,79058831.25
2025-08-01 03:01:53 PM,531.6,0,0.0,79058831.25
2025-08-01 03:01:54 PM,531.6,75,39870.0,79098701.25
2025-08-01 03:02:00 PM,529.05,0,0.0,79098701.25
2025-08-01 03:02:00 PM,529.05,75,39678.75,79138380.0
2025-08-01 03:02:04 PM,527.85,0,0.0,79138380.0
2025-08-01 03:02:05 PM,527.85,75,39588.75,79177968.75
2025-08-01 03:02:13 PM,529.25,0,0.0,79177968.75
2025-08-01 03:02:13 PM,529.25,75,39693.75,79217662.5
2025-08-01 03:02:24 PM,528.45,0,0.0,79217662.5
2025-08-01 03:02:24 PM,528.45,75,39633.75,79257296.25
2025-08-01 03:04:28 PM,552.1,0,0.0,79257296.25
2025-08-01 03:04:29 PM,555.7,225,125032.50000000001,79382328.75
2025-08-01 03:04:50 PM,550.25,0,0.0,79382328.75
2025-08-01 03:04:50 PM,550.25,75,41268.75,79423597.5
2025-08-01 03:05:13 PM,549.3,0,0.0,79423597.5
2025-08-01 03:05:14 PM,549.3,75,41197.5,79464795.0
2025-08-01 03:05:15 PM,548.85,0,0.0,79464795.0
2025-08-01 03:05:15 PM,548.85,75,41163.75,79505958.75
2025-08-01 03:05:53 PM,558.6,0,0.0,79505958.75
2025-08-01 03:05:54 PM,558.6,75,41895.0,79547853.75
2025-08-01 03:06:12 PM,557.45,0,0.0,79547853.75
2025-08-01 03:06:14 PM,557.45,150,83617.5,79631471.25
2025-08-01 03:06:27 PM,564.95,0,0.0,79631471.25
2025-08-01 03:06:29 PM,565.0,225,127125.0,79758596.25
2025-08-01 03:06:45 PM,565.45,0,0.0,79758596.25
2025-08-01 03:06:46 PM,565.45,75,42408.75,79801005.0
2025-08-01 03:06:48 PM,565.5,0,0.0,79801005.0
2025-08-01 03:06:49 PM,565.5,75,42412.5,79843417.5
2025-08-01 03:06:51 PM,563.9,0,0.0,79843417.5
2025-08-01 03:06:52 PM,563.9,75,42292.5,79885710.0
2025-08-01 03:07:10 PM,563.9,75,42292.5,79928002.5
2025-08-01 03:07:14 PM,563.6,0,0.0,79928002.5
2025-08-01 03:07:14 PM,563.6,75,42270.0,79970272.5
2025-08-01 03:07:25 PM,566.05,75,42453.75,80012726.25
2025-08-01 03:07:48 PM,562.55,0,0.0,80012726.25
2025-08-01 03:07:49 PM,562.55,75,42191.25,80054917.5
2025-08-01 03:07:57 PM,564.7,0,0.0,80054917.5
2025-08-01 03:07:57 PM,564.7,300,169410.0,80224327.5
2025-08-01 03:08:13 PM,570.0,0,0.0,80224327.5
2025-08-01 03:08:14 PM,570.0,75,42750.0,80267077.5
2025-08-01 03:08:20 PM,578.95,0,0.0,80267077.5
2025-08-01 03:08:20 PM,579.15,0,0.0,80267077.5
2025-08-01 03:08:21 PM,579.15,150,86872.5,80353950.0
2025-08-01 03:08:56 PM,584.65,0,0.0,80353950.0
2025-08-01 03:08:57 PM,584.65,75,43848.75,80397798.75
2025-08-01 03:08:57 PM,584.25,0,0.0,80397798.75
2025-08-01 03:08:59 PM,584.25,75,43818.75,80441617.5
2025-08-01 03:09:34 PM,597.75,0,0.0,80441617.5
2025-08-01 03:09:36 PM,597.75,75,44831.25,80486448.75
2025-08-01 03:10:26 PM,605.0,0,0.0,80486448.75
2025-08-01 03:10:27 PM,605.0,75,45375.0,80531823.75
2025-08-01 03:10:33 PM,609.65,0,0.0,80531823.75
2025-08-01 03:10:34 PM,609.65,75,45723.75,80577547.5
2025-08-01 03:10:48 PM,609.7,0,0.0,80577547.5
2025-08-01 03:10:49 PM,609.7,1725,1051732.5,81629280.0
2025-08-01 03:10:50 PM,608.6,0,0.0,81629280.0
2025-08-01 03:10:51 PM,608.6,300,182580.0,81811860.0
2025-08-01 03:11:32 PM,608.6,150,91290.0,81903150.0
2025-08-01 03:11:45 PM,608.45,0,0.0,81903150.0
2025-08-01 03:11:46 PM,608.45,225,136901.25,82040051.25
2025-08-01 03:11:57 PM,616.1,75,46207.5,82086258.75
2025-08-01 03:12:22 PM,610.7,0,0.0,82086258.75
2025-08-01 03:12:22 PM,610.7,75,45802.5,82132061.25
2025-08-01 03:12:49 PM,610.7,1275,778642.5,82910703.75
2025-08-01 03:12:56 PM,610.1,0,0.0,82910703.75
2025-08-01 03:12:57 PM,610.1,75,45757.5,82956461.25
2025-08-01 03:13:13 PM,604.8,0,0.0,82956461.25
2025-08-01 03:13:14 PM,604.8,300,181440.0,83137901.25
2025-08-01 03:13:19 PM,600.65,0,0.0,83137901.25
2025-08-01 03:13:20 PM,600.65,150,90097.5,83227998.75
2025-08-01 03:13:40 PM,600.5,0,0.0,83227998.75
2025-08-01 03:13:40 PM,600.5,450,270225.0,83498223.75
2025-08-01 03:14:20 PM,601.6,0,0.0,83498223.75
2025-08-01 03:14:20 PM,601.6,75,45120.0,83543343.75
2025-08-01 03:15:04 PM,600.65,75,45048.75,83588392.5
2025-08-01 03:15:25 PM,602.0,0,0.0,83588392.5
2025-08-01 03:15:25 PM,602.0,375,225750.0,83814142.5
2025-08-01 03:15:57 PM,600.75,0,0.0,83814142.5
2025-08-01 03:15:58 PM,600.75,300,180225.0,83994367.5
2025-08-01 03:16:19 PM,602.35,0,0.0,83994367.5
2025-08-01 03:16:20 PM,602.35,750,451762.5,84446130.0
2025-08-01 03:16:26 PM,604.75,0,0.0,84446130.0
2025-08-01 03:16:26 PM,604.75,375,226781.25,84672911.25
2025-08-01 03:16:35 PM,605.75,0,0.0,84672911.25
2025-08-01 03:16:36 PM,605.75,75,45431.25,84718342.5
2025-08-01 03:17:06 PM,603.5,0,0.0,84718342.5
2025-08-01 03:17:07 PM,603.5,75,45262.5,84763605.0
2025-08-01 03:17:37 PM,601.5,0,0.0,84763605.0
2025-08-01 03:17:38 PM,601.5,75,45112.5,84808717.5
2025-08-01 03:17:59 PM,599.7,0,0.0,84808717.5
2025-08-01 03:18:00 PM,599.7,75,44977.5,84853695.0
2025-08-01 03:18:19 PM,601.4,0,0.0,84853695.0
2025-08-01 03:18:19 PM,601.4,75,45105.0,84898800.0
2025-08-01 03:19:27 PM,582.25,0,0.0,84898800.0
2025-08-01 03:19:27 PM,582.25,75,43668.75,84942468.75
2025-08-01 03:21:55 PM,593.85,75,44538.75,84987007.5
2025-08-01 03:23:10 PM,591.95,0,0.0,84987007.5
2025-08-01 03:23:10 PM,591.95,150,88792.5,85075800.0
2025-08-01 03:27:54 PM,606.45,0,0.0,85075800.0
2025-08-01 03:27:55 PM,606.45,150,90967.5,85166767.5
2025-08-01 03:29:02 PM,597.3,0,0.0,85166767.5
2025-08-01 03:29:03 PM,597.3,450,268785.0,85435552.5
