date,price,qty,trnvr,cum_trnvr
2025-08-01 09:15:00 AM,14.1,1875,26437.5,26437.5
2025-08-01 09:15:00 AM,14.05,75,1053.75,27491.25
2025-08-01 09:15:01 AM,13.5,0,0.0,27491.25
2025-08-01 09:15:01 AM,13.5,6000,81000.0,108491.25
2025-08-01 09:15:01 AM,13.35,0,0.0,108491.25
2025-08-01 09:15:01 AM,13.7,1200,16440.0,124931.25
2025-08-01 09:15:02 AM,13.25,0,0.0,124931.25
2025-08-01 09:15:02 AM,13.0,9150,118950.0,243881.25
2025-08-01 09:15:02 AM,13.0,6900,89700.0,333581.25
2025-08-01 09:15:03 AM,12.6,0,0.0,333581.25
2025-08-01 09:15:03 AM,12.6,10800,136080.0,469661.25
2025-08-01 09:15:04 AM,12.75,1200,15300.0,484961.25
2025-08-01 09:15:04 AM,12.55,0,0.0,484961.25
2025-08-01 09:15:04 AM,12.75,0,0.0,484961.25
2025-08-01 09:15:05 AM,13.0,24075,312975.0,797936.25
2025-08-01 09:15:05 AM,13.3,0,0.0,797936.25
2025-08-01 09:15:05 AM,13.05,0,0.0,797936.25
2025-08-01 09:15:05 AM,13.05,4275,55788.75,853725.0
2025-08-01 09:15:06 AM,12.85,0,0.0,853725.0
2025-08-01 09:15:06 AM,12.85,12075,155163.75,1008888.75
2025-08-01 09:15:06 AM,12.55,5100,64005.0,1072893.75
2025-08-01 09:15:07 AM,12.5,0,0.0,1072893.75
2025-08-01 09:15:07 AM,12.5,11775,147187.5,1220081.25
2025-08-01 09:15:08 AM,12.55,600,7530.0,1227611.25
2025-08-01 09:15:08 AM,12.4,8550,106020.0,1333631.25
2025-08-01 09:15:09 AM,12.5,4050,50625.0,1384256.25
2025-08-01 09:15:09 AM,12.55,0,0.0,1384256.25
2025-08-01 09:15:09 AM,12.45,0,0.0,1384256.25
2025-08-01 09:15:10 AM,12.15,12750,154912.5,1539168.75
2025-08-01 09:15:10 AM,12.1,1350,16335.0,1555503.75
2025-08-01 09:15:11 AM,12.25,0,0.0,1555503.75
2025-08-01 09:15:11 AM,12.1,0,0.0,1555503.75
2025-08-01 09:15:11 AM,12.35,18300,226005.0,1781508.75
2025-08-01 09:15:11 AM,12.1,3000,36300.0,1817808.75
2025-08-01 09:15:12 AM,12.15,0,0.0,1817808.75
2025-08-01 09:15:12 AM,12.1,0,0.0,1817808.75
2025-08-01 09:15:12 AM,12.15,6975,84746.25,1902555.0
2025-08-01 09:15:13 AM,12.3,16350,201105.0,2103660.0
2025-08-01 09:15:13 AM,12.4,0,0.0,2103660.0
2025-08-01 09:15:13 AM,12.45,0,0.0,2103660.0
2025-08-01 09:15:14 AM,12.3,39225,482467.5,2586127.5
2025-08-01 09:15:14 AM,12.2,0,0.0,2586127.5
2025-08-01 09:15:14 AM,12.25,6675,81768.75,2667896.25
2025-08-01 09:15:15 AM,12.35,0,0.0,2667896.25
2025-08-01 09:15:15 AM,12.3,20100,247230.0,2915126.25
2025-08-01 09:15:15 AM,12.3,3675,45202.5,2960328.75
2025-08-01 09:15:16 AM,12.35,0,0.0,2960328.75
2025-08-01 09:15:16 AM,12.25,4650,56962.5,3017291.25
2025-08-01 09:15:17 AM,12.35,6600,81510.0,3098801.25
2025-08-01 09:15:17 AM,12.3,0,0.0,3098801.25
2025-08-01 09:15:18 AM,12.3,9525,117157.5,3215958.75
2025-08-01 09:15:18 AM,12.2,0,0.0,3215958.75
2025-08-01 09:15:18 AM,12.3,0,0.0,3215958.75
2025-08-01 09:15:18 AM,12.35,1725,21303.75,3237262.5
2025-08-01 09:15:19 AM,12.4,0,0.0,3237262.5
2025-08-01 09:15:19 AM,12.55,12975,162836.25,3400098.75
2025-08-01 09:15:19 AM,12.6,825,10395.0,3410493.75
2025-08-01 09:15:20 AM,12.55,0,0.0,3410493.75
2025-08-01 09:15:21 AM,12.7,6150,78105.0,3488598.75
2025-08-01 09:15:21 AM,12.65,4050,51232.5,3539831.25
2025-08-01 09:15:22 AM,13.0,0,0.0,3539831.25
2025-08-01 09:15:22 AM,13.0,1650,21450.0,3561281.25
2025-08-01 09:15:22 AM,13.35,3600,48060.0,3609341.25
2025-08-01 09:15:23 AM,13.15,0,0.0,3609341.25
2025-08-01 09:15:23 AM,13.2,0,0.0,3609341.25
2025-08-01 09:15:23 AM,13.65,25500,348075.0,3957416.25
2025-08-01 09:15:24 AM,13.7,5925,81172.5,4038588.75
2025-08-01 09:15:25 AM,13.55,0,0.0,4038588.75
2025-08-01 09:15:25 AM,13.55,6150,83332.5,4121921.25
2025-08-01 09:15:25 AM,13.5,2925,39487.5,4161408.75
2025-08-01 09:15:26 AM,13.45,0,0.0,4161408.75
2025-08-01 09:15:27 AM,13.35,9525,127158.75,4288567.5
2025-08-01 09:15:27 AM,13.3,0,0.0,4288567.5
2025-08-01 09:15:27 AM,13.4,0,0.0,4288567.5
2025-08-01 09:15:27 AM,13.45,3975,53463.75,4342031.25
2025-08-01 09:15:28 AM,13.85,0,0.0,4342031.25
2025-08-01 09:15:28 AM,13.85,29025,401996.25,4744027.5
2025-08-01 09:15:29 AM,13.85,4725,65441.25,4809468.75
2025-08-01 09:15:29 AM,13.9,0,0.0,4809468.75
2025-08-01 09:15:30 AM,13.7,24975,342157.5,5151626.25
2025-08-01 09:15:30 AM,13.6,0,0.0,5151626.25
2025-08-01 09:15:30 AM,13.55,1950,26422.5,5178048.75
2025-08-01 09:15:31 AM,13.3,0,0.0,5178048.75
2025-08-01 09:15:31 AM,13.5,0,0.0,5178048.75
2025-08-01 09:15:31 AM,13.45,9300,125085.0,5303133.75
2025-08-01 09:15:32 AM,13.45,7725,103901.25,5407035.0
2025-08-01 09:15:32 AM,13.3,0,0.0,5407035.0
2025-08-01 09:15:32 AM,13.25,0,0.0,5407035.0
2025-08-01 09:15:33 AM,13.35,9975,133166.25,5540201.25
2025-08-01 09:15:33 AM,13.75,0,0.0,5540201.25
2025-08-01 09:15:33 AM,13.7,0,0.0,5540201.25
2025-08-01 09:15:33 AM,13.75,14475,199031.25,5739232.5
2025-08-01 09:15:34 AM,13.45,0,0.0,5739232.5
2025-08-01 09:15:34 AM,13.4,7575,101505.0,5840737.5
2025-08-01 09:15:35 AM,13.55,5025,68088.75,5908826.25
2025-08-01 09:15:35 AM,13.5,0,0.0,5908826.25
2025-08-01 09:15:36 AM,13.3,0,0.0,5908826.25
2025-08-01 09:15:36 AM,13.25,0,0.0,5908826.25
2025-08-01 09:15:36 AM,13.25,8775,116268.75,6025095.0
2025-08-01 09:15:36 AM,13.4,13725,183915.0,6209010.0
2025-08-01 09:15:37 AM,13.45,0,0.0,6209010.0
2025-08-01 09:15:37 AM,13.9,29325,407617.5,6616627.5
2025-08-01 09:15:38 AM,13.95,0,0.0,6616627.5
2025-08-01 09:15:38 AM,14.0,14400,201600.0,6818227.5
2025-08-01 09:15:39 AM,13.55,0,0.0,6818227.5
2025-08-01 09:15:39 AM,13.6,6450,87720.0,6905947.5
2025-08-01 09:15:39 AM,13.4,16950,227130.0,7133077.5
2025-08-01 09:15:40 AM,13.25,0,0.0,7133077.5
2025-08-01 09:15:41 AM,13.25,10650,141112.5,7274190.0
2025-08-01 09:15:41 AM,13.35,0,0.0,7274190.0
2025-08-01 09:15:41 AM,13.4,0,0.0,7274190.0
2025-08-01 09:15:41 AM,13.4,7125,95475.0,7369665.0
2025-08-01 09:15:42 AM,13.3,5625,74812.5,7444477.5
2025-08-01 09:15:43 AM,13.35,3525,47058.75,7491536.25
2025-08-01 09:15:44 AM,13.35,3975,53066.25,7544602.5
2025-08-01 09:15:44 AM,13.4,825,11055.0,7555657.5
2025-08-01 09:15:45 AM,13.35,0,0.0,7555657.5
2025-08-01 09:15:45 AM,13.25,2700,35775.0,7591432.5
2025-08-01 09:15:46 AM,13.05,6675,87108.75,7678541.25
2025-08-01 09:15:46 AM,13.0,0,0.0,7678541.25
2025-08-01 09:15:46 AM,13.1,0,0.0,7678541.25
2025-08-01 09:15:47 AM,13.0,26475,344175.0,8022716.25
2025-08-01 09:15:47 AM,12.9,0,0.0,8022716.25
2025-08-01 09:15:47 AM,13.0,0,0.0,8022716.25
2025-08-01 09:15:47 AM,13.0,13800,179400.0,8202116.25
2025-08-01 09:15:48 AM,12.85,0,0.0,8202116.25
2025-08-01 09:15:48 AM,12.9,0,0.0,8202116.25
2025-08-01 09:15:48 AM,13.0,20775,270075.0,8472191.25
2025-08-01 09:15:49 AM,13.0,3450,44850.0,8517041.25
2025-08-01 09:15:50 AM,12.8,0,0.0,8517041.25
2025-08-01 09:15:50 AM,12.9,0,0.0,8517041.25
2025-08-01 09:15:50 AM,12.9,6450,83205.0,8600246.25
2025-08-01 09:15:51 AM,12.8,300,3840.0,8604086.25
2025-08-01 09:15:51 AM,12.9,0,0.0,8604086.25
2025-08-01 09:15:52 AM,13.0,4650,60450.0,8664536.25
2025-08-01 09:15:52 AM,12.95,82725,1071288.75,9735825.0
2025-08-01 09:15:53 AM,13.0,7650,99450.0,9835275.0
2025-08-01 09:15:54 AM,13.0,3000,39000.0,9874275.0
2025-08-01 09:15:55 AM,12.9,0,0.0,9874275.0
2025-08-01 09:15:55 AM,13.0,20625,268125.0,10142400.0
2025-08-01 09:15:55 AM,12.9,9150,118035.0,10260435.0
2025-08-01 09:15:56 AM,13.0,0,0.0,10260435.0
2025-08-01 09:15:57 AM,12.95,17625,228243.75,10488678.75
2025-08-01 09:15:57 AM,13.05,0,0.0,10488678.75
2025-08-01 09:15:57 AM,13.1,4500,58950.0,10547628.75
2025-08-01 09:15:58 AM,12.95,29325,379758.75,10927387.5
2025-08-01 09:15:59 AM,12.9,13950,179955.0,11107342.5
2025-08-01 09:15:59 AM,12.75,0,0.0,11107342.5
2025-08-01 09:16:00 AM,12.45,19200,239040.0,11346382.5
2025-08-01 09:16:00 AM,12.5,0,0.0,11346382.5
2025-08-01 09:16:00 AM,12.6,9600,120960.0,11467342.5
2025-08-01 09:16:01 AM,12.65,0,0.0,11467342.5
2025-08-01 09:16:01 AM,12.65,13800,174570.0,11641912.5
2025-08-01 09:16:02 AM,12.8,12975,166080.0,11807992.5
2025-08-01 09:16:03 AM,12.65,0,0.0,11807992.5
2025-08-01 09:16:03 AM,12.6,0,0.0,11807992.5
2025-08-01 09:16:03 AM,12.6,8175,103005.0,11910997.5
2025-08-01 09:16:03 AM,12.8,2625,33600.0,11944597.5
2025-08-01 09:16:05 AM,12.8,8250,105600.0,12050197.5
2025-08-01 09:16:05 AM,12.75,2100,26775.0,12076972.5
2025-08-01 09:16:05 AM,12.65,0,0.0,12076972.5
2025-08-01 09:16:06 AM,12.8,0,0.0,12076972.5
2025-08-01 09:16:06 AM,12.85,0,0.0,12076972.5
2025-08-01 09:16:06 AM,12.9,5850,75465.0,12152437.5
2025-08-01 09:16:07 AM,13.05,5475,71448.75,12223886.25
2025-08-01 09:16:08 AM,12.85,0,0.0,12223886.25
2025-08-01 09:16:08 AM,12.9,16425,211882.5,12435768.75
2025-08-01 09:16:09 AM,12.95,2325,30108.75,12465877.5
2025-08-01 09:16:09 AM,13.0,0,0.0,12465877.5
2025-08-01 09:16:10 AM,13.05,7125,92981.25,12558858.75
2025-08-01 09:16:10 AM,13.2,0,0.0,12558858.75
2025-08-01 09:16:10 AM,13.15,0,0.0,12558858.75
2025-08-01 09:16:10 AM,13.05,16650,217282.5,12776141.25
2025-08-01 09:16:11 AM,13.65,0,0.0,12776141.25
2025-08-01 09:16:11 AM,13.7,0,0.0,12776141.25
2025-08-01 09:16:11 AM,13.55,59400,804870.0,13581011.25
2025-08-01 09:16:12 AM,13.5,12525,169087.5,13750098.75
2025-08-01 09:16:12 AM,13.45,0,0.0,13750098.75
2025-08-01 09:16:12 AM,13.5,0,0.0,13750098.75
2025-08-01 09:16:13 AM,13.4,23775,318585.0,14068683.75
2025-08-01 09:16:13 AM,13.25,0,0.0,14068683.75
2025-08-01 09:16:13 AM,13.35,5700,76095.0,14144778.75
2025-08-01 09:16:14 AM,13.4,0,0.0,14144778.75
2025-08-01 09:16:14 AM,13.5,12375,167062.5,14311841.25
2025-08-01 09:16:15 AM,13.55,4650,63007.5,14374848.75
2025-08-01 09:16:15 AM,13.6,0,0.0,14374848.75
2025-08-01 09:16:15 AM,13.65,0,0.0,14374848.75
2025-08-01 09:16:16 AM,13.55,16575,224591.25,14599440.0
2025-08-01 09:16:16 AM,13.6,0,0.0,14599440.0
2025-08-01 09:16:17 AM,13.7,10800,147960.0,14747400.0
2025-08-01 09:16:17 AM,13.75,0,0.0,14747400.0
2025-08-01 09:16:17 AM,13.6,11850,161160.0,14908560.0
2025-08-01 09:16:18 AM,13.8,0,0.0,14908560.0
2025-08-01 09:16:18 AM,13.8,6825,94185.0,15002745.0
2025-08-01 09:16:19 AM,14.15,0,0.0,15002745.0
2025-08-01 09:16:19 AM,14.15,34950,494542.5,15497287.5
2025-08-01 09:16:19 AM,14.1,0,0.0,15497287.5
2025-08-01 09:16:20 AM,14.0,10800,151200.0,15648487.5
2025-08-01 09:16:20 AM,14.15,0,0.0,15648487.5
2025-08-01 09:16:21 AM,13.95,11700,163215.0,15811702.5
2025-08-01 09:16:21 AM,14.0,4500,63000.0,15874702.5
2025-08-01 09:16:22 AM,14.05,0,0.0,15874702.5
2025-08-01 09:16:22 AM,13.95,43500,606825.0,16481527.5
2025-08-01 09:16:23 AM,13.95,4050,56497.5,16538025.0
2025-08-01 09:16:23 AM,14.05,0,0.0,16538025.0
2025-08-01 09:16:24 AM,13.8,18525,255645.0,16793670.0
2025-08-01 09:16:24 AM,13.85,600,8310.0,16801980.0
2025-08-01 09:16:25 AM,13.9,0,0.0,16801980.0
2025-08-01 09:16:25 AM,13.8,4725,65205.0,16867185.0
2025-08-01 09:16:26 AM,13.85,3150,43627.5,16910812.5
2025-08-01 09:16:27 AM,13.75,0,0.0,16910812.5
2025-08-01 09:16:27 AM,13.75,8175,112406.25,17023218.75
2025-08-01 09:16:28 AM,13.75,2925,40218.75,17063437.5
2025-08-01 09:16:28 AM,13.8,0,0.0,17063437.5
2025-08-01 09:16:29 AM,13.65,6525,89066.25,17152503.75
2025-08-01 09:16:29 AM,13.55,0,0.0,17152503.75
2025-08-01 09:16:29 AM,13.55,1725,23373.75,17175877.5
2025-08-01 09:16:30 AM,13.65,0,0.0,17175877.5
2025-08-01 09:16:30 AM,13.65,2475,33783.75,17209661.25
2025-08-01 09:16:31 AM,13.6,7950,108120.0,17317781.25
2025-08-01 09:16:31 AM,13.65,0,0.0,17317781.25
2025-08-01 09:16:32 AM,13.6,24750,336600.0,17654381.25
2025-08-01 09:16:33 AM,13.65,600,8190.0,17662571.25
2025-08-01 09:16:33 AM,13.6,1275,17340.0,17679911.25
2025-08-01 09:16:34 AM,13.7,0,0.0,17679911.25
2025-08-01 09:16:34 AM,13.6,825,11220.0,17691131.25
2025-08-01 09:16:35 AM,13.6,7125,96900.0,17788031.25
2025-08-01 09:16:36 AM,13.6,36975,502860.0,18290891.25
2025-08-01 09:16:37 AM,13.6,20025,272340.0,18563231.25
2025-08-01 09:16:37 AM,13.6,10275,139740.0,18702971.25
2025-08-01 09:16:38 AM,13.3,0,0.0,18702971.25
2025-08-01 09:16:38 AM,13.3,174825,2325172.5,21028143.75
2025-08-01 09:16:39 AM,13.25,3375,44718.75,21072862.5
2025-08-01 09:16:40 AM,13.2,8025,105930.0,21178792.5
2025-08-01 09:16:40 AM,13.05,0,0.0,21178792.5
2025-08-01 09:16:41 AM,13.2,7725,101970.0,21280762.5
2025-08-01 09:16:41 AM,13.1,0,0.0,21280762.5
2025-08-01 09:16:41 AM,13.2,14400,190080.0,21470842.5
2025-08-01 09:16:42 AM,13.15,225,2958.75,21473801.25
2025-08-01 09:16:43 AM,13.25,1200,15900.0,21489701.25
2025-08-01 09:16:43 AM,13.2,0,0.0,21489701.25
2025-08-01 09:16:44 AM,13.2,8325,109890.0,21599591.25
2025-08-01 09:16:44 AM,13.1,0,0.0,21599591.25
2025-08-01 09:16:44 AM,13.0,90750,1179750.0,22779341.25
2025-08-01 09:16:45 AM,13.0,36525,474825.0,23254166.25
2025-08-01 09:16:46 AM,12.95,0,0.0,23254166.25
2025-08-01 09:16:46 AM,12.95,2625,33993.75,23288160.0
2025-08-01 09:16:46 AM,12.9,0,0.0,23288160.0
2025-08-01 09:16:47 AM,12.95,6150,79642.5,23367802.5
2025-08-01 09:16:48 AM,13.0,9150,118950.0,23486752.5
2025-08-01 09:16:48 AM,12.95,0,0.0,23486752.5
2025-08-01 09:16:48 AM,12.95,2100,27195.0,23513947.5
2025-08-01 09:16:49 AM,12.85,0,0.0,23513947.5
2025-08-01 09:16:49 AM,12.85,10200,131070.0,23645017.5
2025-08-01 09:16:50 AM,13.0,73800,959400.0,24604417.5
2025-08-01 09:16:50 AM,12.95,0,0.0,24604417.5
2025-08-01 09:16:51 AM,12.95,15075,195221.25,24799638.75
2025-08-01 09:16:52 AM,12.8,6525,83520.0,24883158.75
2025-08-01 09:16:52 AM,12.75,0,0.0,24883158.75
2025-08-01 09:16:52 AM,12.8,0,0.0,24883158.75
2025-08-01 09:16:52 AM,12.85,12825,164801.25,25047960.0
2025-08-01 09:16:53 AM,12.8,0,0.0,25047960.0
2025-08-01 09:16:53 AM,12.75,1800,22950.0,25070910.0
2025-08-01 09:16:54 AM,12.7,0,0.0,25070910.0
2025-08-01 09:16:54 AM,12.65,0,0.0,25070910.0
2025-08-01 09:16:54 AM,12.65,17025,215366.25,25286276.25
2025-08-01 09:16:55 AM,12.65,2700,34155.0,25320431.25
2025-08-01 09:16:56 AM,12.65,2775,35103.75,25355535.0
2025-08-01 09:16:56 AM,12.6,375,4725.0,25360260.0
2025-08-01 09:16:57 AM,12.7,0,0.0,25360260.0
2025-08-01 09:16:57 AM,12.65,6300,79695.0,25439955.0
2025-08-01 09:16:58 AM,12.6,6300,79380.0,25519335.0
2025-08-01 09:16:59 AM,12.5,8925,111562.5,25630897.5
2025-08-01 09:17:00 AM,12.55,6450,80947.5,25711845.0
2025-08-01 09:17:00 AM,12.5,0,0.0,25711845.0
2025-08-01 09:17:01 AM,12.45,7500,93375.0,25805220.0
2025-08-01 09:17:01 AM,12.4,0,0.0,25805220.0
2025-08-01 09:17:01 AM,12.45,8925,111116.25,25916336.25
2025-08-01 09:17:02 AM,12.45,6900,85905.0,26002241.25
2025-08-01 09:17:03 AM,12.4,10125,125550.0,26127791.25
2025-08-01 09:17:04 AM,12.35,6750,83362.5,26211153.75
2025-08-01 09:17:04 AM,12.4,0,0.0,26211153.75
2025-08-01 09:17:04 AM,12.45,0,0.0,26211153.75
2025-08-01 09:17:04 AM,12.35,15450,190807.5,26401961.25
2025-08-01 09:17:05 AM,12.5,0,0.0,26401961.25
2025-08-01 09:17:05 AM,12.45,6750,84037.5,26485998.75
2025-08-01 09:17:06 AM,12.45,8625,107381.25,26593380.0
2025-08-01 09:17:07 AM,12.4,3825,47430.0,26640810.0
2025-08-01 09:17:07 AM,12.3,0,0.0,26640810.0
2025-08-01 09:17:08 AM,12.4,4800,59520.0,26700330.0
2025-08-01 09:17:08 AM,12.35,1950,24082.5,26724412.5
2025-08-01 09:17:09 AM,12.35,24300,300105.0,27024517.5
2025-08-01 09:17:10 AM,12.3,3450,42435.0,27066952.5
2025-08-01 09:17:10 AM,12.35,0,0.0,27066952.5
2025-08-01 09:17:11 AM,12.35,1350,16672.5,27083625.0
2025-08-01 09:17:11 AM,12.35,1950,24082.5,27107707.5
2025-08-01 09:17:12 AM,12.45,0,0.0,27107707.5
2025-08-01 09:17:12 AM,12.45,28050,349222.5,27456930.0
2025-08-01 09:17:13 AM,12.5,750,9375.0,27466305.0
2025-08-01 09:17:14 AM,12.5,4875,60937.5,27527242.5
2025-08-01 09:17:14 AM,12.55,0,0.0,27527242.5
2025-08-01 09:17:14 AM,12.55,4350,54592.5,27581835.0
2025-08-01 09:17:15 AM,12.6,0,0.0,27581835.0
2025-08-01 09:17:15 AM,12.5,3150,39375.0,27621210.0
2025-08-01 09:17:16 AM,12.45,8400,104580.0,27725790.0
2025-08-01 09:17:17 AM,12.5,8775,109687.5,27835477.5
2025-08-01 09:17:17 AM,12.45,0,0.0,27835477.5
2025-08-01 09:17:18 AM,12.45,3825,47621.25,27883098.75
2025-08-01 09:17:18 AM,12.5,0,0.0,27883098.75
2025-08-01 09:17:18 AM,12.45,2325,28946.25,27912045.0
2025-08-01 09:17:19 AM,12.5,0,0.0,27912045.0
2025-08-01 09:17:19 AM,12.5,2100,26250.0,27938295.0
2025-08-01 09:17:20 AM,12.45,3600,44820.0,27983115.0
2025-08-01 09:17:20 AM,12.5,0,0.0,27983115.0
2025-08-01 09:17:21 AM,12.45,2250,28012.5,28011127.5
2025-08-01 09:17:21 AM,12.5,0,0.0,28011127.5
2025-08-01 09:17:21 AM,12.6,750,9450.0,28020577.5
2025-08-01 09:17:22 AM,12.6,2550,32130.0,28052707.5
2025-08-01 09:17:23 AM,12.55,2250,28237.5,28080945.0
2025-08-01 09:17:23 AM,12.65,0,0.0,28080945.0
2025-08-01 09:17:24 AM,12.8,5700,72960.0,28153905.0
2025-08-01 09:17:24 AM,12.75,0,0.0,28153905.0
2025-08-01 09:17:24 AM,12.75,4950,63112.5,28217017.5
2025-08-01 09:17:25 AM,12.85,0,0.0,28217017.5
2025-08-01 09:17:25 AM,12.8,4425,56640.0,28273657.5
2025-08-01 09:17:26 AM,12.95,0,0.0,28273657.5
2025-08-01 09:17:26 AM,12.95,24000,310800.0,28584457.5
2025-08-01 09:17:27 AM,12.9,0,0.0,28584457.5
2025-08-01 09:17:27 AM,12.95,0,0.0,28584457.5
2025-08-01 09:17:27 AM,12.9,143550,1851795.0,30436252.5
2025-08-01 09:17:28 AM,12.8,5550,71040.0,30507292.5
2025-08-01 09:17:29 AM,12.9,85125,1098112.5,31605405.0
2025-08-01 09:17:29 AM,12.7,0,0.0,31605405.0
2025-08-01 09:17:29 AM,12.8,0,0.0,31605405.0
2025-08-01 09:17:29 AM,12.75,71100,906525.0,32511930.0
2025-08-01 09:17:30 AM,12.85,0,0.0,32511930.0
2025-08-01 09:17:30 AM,12.85,24225,311291.25,32823221.25
2025-08-01 09:17:31 AM,12.85,5925,76136.25,32899357.5
2025-08-01 09:17:31 AM,12.8,0,0.0,32899357.5
2025-08-01 09:17:32 AM,12.9,10050,129645.0,33029002.5
2025-08-01 09:17:32 AM,12.85,0,0.0,33029002.5
2025-08-01 09:17:32 AM,12.9,0,0.0,33029002.5
2025-08-01 09:17:32 AM,12.9,5025,64822.5,33093825.0
2025-08-01 09:17:33 AM,12.85,0,0.0,33093825.0
2025-08-01 09:17:33 AM,12.8,8250,105600.0,33199425.0
2025-08-01 09:17:34 AM,12.7,3825,48577.5,33248002.5
2025-08-01 09:17:34 AM,12.75,0,0.0,33248002.5
2025-08-01 09:17:34 AM,12.7,0,0.0,33248002.5
2025-08-01 09:17:35 AM,12.65,8325,105311.25,33353313.75
2025-08-01 09:17:35 AM,12.6,3375,42525.0,33395838.75
2025-08-01 09:17:36 AM,12.55,5475,68711.25,33464550.0
2025-08-01 09:17:37 AM,12.6,1725,21735.0,33486285.0
2025-08-01 09:17:37 AM,12.75,0,0.0,33486285.0
2025-08-01 09:17:38 AM,12.7,8850,112395.0,33598680.0
2025-08-01 09:17:38 AM,12.65,300,3795.0,33602475.0
2025-08-01 09:17:39 AM,12.75,0,0.0,33602475.0
2025-08-01 09:17:39 AM,12.8,8100,103680.0,33706155.0
2025-08-01 09:17:40 AM,12.8,1725,22080.0,33728235.0
2025-08-01 09:17:40 AM,12.85,0,0.0,33728235.0
2025-08-01 09:17:41 AM,12.8,17625,225600.0,33953835.0
2025-08-01 09:17:41 AM,12.85,0,0.0,33953835.0
2025-08-01 09:17:41 AM,12.75,6525,83193.75,34037028.75
2025-08-01 09:17:42 AM,12.85,0,0.0,34037028.75
2025-08-01 09:17:42 AM,12.8,2850,36480.0,34073508.75
2025-08-01 09:17:43 AM,12.85,600,7710.0,34081218.75
2025-08-01 09:17:44 AM,12.9,9075,117067.5,34198286.25
2025-08-01 09:17:44 AM,12.85,0,0.0,34198286.25
2025-08-01 09:17:45 AM,12.85,4725,60716.25,34259002.5
2025-08-01 09:17:45 AM,12.9,0,0.0,34259002.5
2025-08-01 09:17:45 AM,12.85,0,0.0,34259002.5
2025-08-01 09:17:46 AM,12.85,3300,42405.0,34301407.5
2025-08-01 09:17:46 AM,12.8,0,0.0,34301407.5
2025-08-01 09:17:46 AM,12.85,2325,29876.25,34331283.75
2025-08-01 09:17:47 AM,12.8,0,0.0,34331283.75
2025-08-01 09:17:47 AM,12.75,3375,43031.25,34374315.0
2025-08-01 09:17:48 AM,12.8,5250,67200.0,34441515.0
2025-08-01 09:17:49 AM,12.8,5475,70080.0,34511595.0
2025-08-01 09:17:49 AM,12.7,3975,50482.5,34562077.5
2025-08-01 09:17:50 AM,12.75,0,0.0,34562077.5
2025-08-01 09:17:50 AM,12.8,6225,79680.0,34641757.5
2025-08-01 09:17:51 AM,12.8,2775,35520.0,34677277.5
2025-08-01 09:17:52 AM,12.6,26100,328860.0,35006137.5
2025-08-01 09:17:53 AM,12.6,3300,41580.0,35047717.5
2025-08-01 09:17:54 AM,12.65,3675,46488.75,35094206.25
2025-08-01 09:17:54 AM,12.6,1050,13230.0,35107436.25
2025-08-01 09:17:55 AM,12.6,750,9450.0,35116886.25
2025-08-01 09:17:56 AM,12.7,3225,40957.5,35157843.75
2025-08-01 09:17:57 AM,12.75,2100,26775.0,35184618.75
2025-08-01 09:17:57 AM,12.8,0,0.0,35184618.75
2025-08-01 09:17:57 AM,12.8,4725,60480.0,35245098.75
2025-08-01 09:17:58 AM,12.7,0,0.0,35245098.75
2025-08-01 09:17:58 AM,12.6,5025,63315.0,35308413.75
2025-08-01 09:17:59 AM,12.5,0,0.0,35308413.75
2025-08-01 09:17:59 AM,12.5,5100,63750.0,35372163.75
2025-08-01 09:18:00 AM,12.45,9075,112983.75,35485147.5
2025-08-01 09:18:01 AM,12.4,6825,84630.0,35569777.5
2025-08-01 09:18:01 AM,12.45,0,0.0,35569777.5
2025-08-01 09:18:02 AM,12.4,9075,112530.0,35682307.5
2025-08-01 09:18:02 AM,12.35,2325,28713.75,35711021.25
2025-08-01 09:18:03 AM,12.3,0,0.0,35711021.25
2025-08-01 09:18:03 AM,12.35,5925,73173.75,35784195.0
2025-08-01 09:18:04 AM,12.35,75,926.25,35785121.25
2025-08-01 09:18:05 AM,12.3,3825,47047.5,35832168.75
2025-08-01 09:18:05 AM,12.35,0,0.0,35832168.75
2025-08-01 09:18:05 AM,12.35,2100,25935.0,35858103.75
2025-08-01 09:18:06 AM,12.4,0,0.0,35858103.75
2025-08-01 09:18:07 AM,12.4,3975,49290.0,35907393.75
2025-08-01 09:18:07 AM,12.3,0,0.0,35907393.75
2025-08-01 09:18:07 AM,12.4,0,0.0,35907393.75
2025-08-01 09:18:07 AM,12.4,1350,16740.0,35924133.75
2025-08-01 09:18:08 AM,12.35,0,0.0,35924133.75
2025-08-01 09:18:08 AM,12.35,6600,81510.0,36005643.75
2025-08-01 09:18:09 AM,12.25,2100,25725.0,36031368.75
2025-08-01 09:18:10 AM,12.3,2025,24907.5,36056276.25
2025-08-01 09:18:10 AM,12.4,0,0.0,36056276.25
2025-08-01 09:18:10 AM,12.45,0,0.0,36056276.25
2025-08-01 09:18:10 AM,12.45,23700,295065.0,36351341.25
2025-08-01 09:18:11 AM,12.4,0,0.0,36351341.25
2025-08-01 09:18:11 AM,12.4,1200,14880.0,36366221.25
2025-08-01 09:18:12 AM,12.4,2325,28830.0,36395051.25
2025-08-01 09:18:12 AM,12.5,0,0.0,36395051.25
2025-08-01 09:18:12 AM,12.5,4650,58125.0,36453176.25
2025-08-01 09:18:13 AM,12.55,0,0.0,36453176.25
2025-08-01 09:18:13 AM,12.6,0,0.0,36453176.25
2025-08-01 09:18:13 AM,12.5,675,8437.5,36461613.75
2025-08-01 09:18:14 AM,12.55,0,0.0,36461613.75
2025-08-01 09:18:14 AM,12.55,675,8471.25,36470085.0
2025-08-01 09:18:15 AM,12.65,900,11385.0,36481470.0
2025-08-01 09:18:15 AM,12.7,0,0.0,36481470.0
2025-08-01 09:18:16 AM,12.65,9525,120491.25,36601961.25
2025-08-01 09:18:16 AM,12.55,0,0.0,36601961.25
2025-08-01 09:18:17 AM,12.6,3525,44415.0,36646376.25
2025-08-01 09:18:17 AM,12.6,900,11340.0,36657716.25
2025-08-01 09:18:18 AM,12.5,0,0.0,36657716.25
2025-08-01 09:18:18 AM,12.45,6825,84971.25,36742687.5
2025-08-01 09:18:19 AM,12.45,2850,35482.5,36778170.0
2025-08-01 09:18:20 AM,12.65,6150,77797.5,36855967.5
2025-08-01 09:18:21 AM,12.75,4125,52593.75,36908561.25
2025-08-01 09:18:22 AM,12.75,5100,65025.0,36973586.25
2025-08-01 09:18:22 AM,12.8,0,0.0,36973586.25
2025-08-01 09:18:22 AM,12.7,2400,30480.0,37004066.25
2025-08-01 09:18:23 AM,12.65,0,0.0,37004066.25
2025-08-01 09:18:23 AM,12.7,2625,33337.5,37037403.75
2025-08-01 09:18:24 AM,12.75,0,0.0,37037403.75
2025-08-01 09:18:24 AM,12.65,1500,18975.0,37056378.75
2025-08-01 09:18:25 AM,12.75,525,6693.75,37063072.5
2025-08-01 09:18:26 AM,12.75,525,6693.75,37069766.25
2025-08-01 09:18:26 AM,12.7,0,0.0,37069766.25
2025-08-01 09:18:27 AM,12.8,25950,332160.0,37401926.25
2025-08-01 09:18:27 AM,12.85,8100,104085.0,37506011.25
2025-08-01 09:18:28 AM,12.8,0,0.0,37506011.25
2025-08-01 09:18:28 AM,12.75,6600,84150.0,37590161.25
2025-08-01 09:18:29 AM,12.8,0,0.0,37590161.25
2025-08-01 09:18:29 AM,12.75,10275,131006.25,37721167.5
2025-08-01 09:18:30 AM,12.7,15150,192405.0,37913572.5
2025-08-01 09:18:31 AM,12.75,19875,253406.25,38166978.75
2025-08-01 09:18:31 AM,12.8,0,0.0,38166978.75
2025-08-01 09:18:32 AM,12.65,21450,271342.5,38438321.25
2025-08-01 09:18:32 AM,12.7,13575,172402.5,38610723.75
2025-08-01 09:18:33 AM,12.7,4350,55245.0,38665968.75
2025-08-01 09:18:34 AM,12.8,11475,146880.0,38812848.75
2025-08-01 09:18:35 AM,12.75,20100,256275.0,39069123.75
2025-08-01 09:18:36 AM,12.65,19125,241931.25,39311055.0
2025-08-01 09:18:37 AM,12.65,8850,111952.5,39423007.5
2025-08-01 09:18:37 AM,12.7,0,0.0,39423007.5
2025-08-01 09:18:37 AM,12.7,2325,29527.5,39452535.0
2025-08-01 09:18:38 AM,12.65,0,0.0,39452535.0
2025-08-01 09:18:38 AM,12.6,0,0.0,39452535.0
2025-08-01 09:18:38 AM,12.6,2775,34965.0,39487500.0
2025-08-01 09:18:39 AM,12.65,0,0.0,39487500.0
2025-08-01 09:18:39 AM,12.7,5475,69532.5,39557032.5
2025-08-01 09:18:40 AM,12.65,375,4743.75,39561776.25
2025-08-01 09:18:41 AM,12.7,1650,20955.0,39582731.25
2025-08-01 09:18:42 AM,12.7,75,952.5,39583683.75
2025-08-01 09:18:42 AM,12.65,2325,29411.25,39613095.0
2025-08-01 09:18:43 AM,12.6,0,0.0,39613095.0
2025-08-01 09:18:43 AM,12.7,0,0.0,39613095.0
2025-08-01 09:18:43 AM,12.65,3150,39847.5,39652942.5
2025-08-01 09:18:44 AM,12.55,0,0.0,39652942.5
2025-08-01 09:18:44 AM,12.6,9300,117180.0,39770122.5
2025-08-01 09:18:45 AM,12.55,2325,29178.75,39799301.25
2025-08-01 09:18:45 AM,12.6,0,0.0,39799301.25
2025-08-01 09:18:45 AM,12.55,0,0.0,39799301.25
2025-08-01 09:18:46 AM,12.45,6900,85905.0,39885206.25
2025-08-01 09:18:47 AM,12.5,1050,13125.0,39898331.25
2025-08-01 09:18:47 AM,12.45,0,0.0,39898331.25
2025-08-01 09:18:47 AM,12.5,0,0.0,39898331.25
2025-08-01 09:18:47 AM,12.5,6000,75000.0,39973331.25
2025-08-01 09:18:48 AM,12.65,0,0.0,39973331.25
2025-08-01 09:18:48 AM,12.6,0,0.0,39973331.25
2025-08-01 09:18:48 AM,12.6,10425,131355.0,40104686.25
2025-08-01 09:18:49 AM,12.9,0,0.0,40104686.25
2025-08-01 09:18:49 AM,12.95,0,0.0,40104686.25
2025-08-01 09:18:49 AM,12.95,7050,91297.5,40195983.75
2025-08-01 09:18:50 AM,13.0,68100,885300.0,41081283.75
2025-08-01 09:18:51 AM,12.95,31050,402097.5,41483381.25
2025-08-01 09:18:52 AM,12.9,15825,204142.5,41687523.75
2025-08-01 09:18:52 AM,12.85,0,0.0,41687523.75
2025-08-01 09:18:53 AM,12.95,5775,74786.25,41762310.0
2025-08-01 09:18:53 AM,12.9,0,0.0,41762310.0
2025-08-01 09:18:53 AM,12.95,6900,89355.0,41851665.0
2025-08-01 09:18:54 AM,12.75,70800,902700.0,42754365.0
2025-08-01 09:18:55 AM,12.8,3225,41280.0,42795645.0
2025-08-01 09:18:56 AM,12.8,38400,491520.0,43287165.0
2025-08-01 09:18:56 AM,12.85,0,0.0,43287165.0
2025-08-01 09:18:57 AM,12.95,4875,63131.25,43350296.25
2025-08-01 09:18:58 AM,12.95,900,11655.0,43361951.25
2025-08-01 09:18:58 AM,13.0,0,0.0,43361951.25
2025-08-01 09:18:58 AM,12.95,43575,564296.25,43926247.5
2025-08-01 09:18:59 AM,12.85,0,0.0,43926247.5
2025-08-01 09:18:59 AM,12.95,0,0.0,43926247.5
2025-08-01 09:18:59 AM,12.9,19200,247680.0,44173927.5
2025-08-01 09:19:00 AM,12.8,6900,88320.0,44262247.5
2025-08-01 09:19:00 AM,12.7,0,0.0,44262247.5
2025-08-01 09:19:00 AM,12.8,0,0.0,44262247.5
2025-08-01 09:19:01 AM,12.8,12375,158400.0,44420647.5
2025-08-01 09:19:02 AM,12.75,3225,41118.75,44461766.25
2025-08-01 09:19:02 AM,12.8,0,0.0,44461766.25
2025-08-01 09:19:03 AM,12.75,5700,72675.0,44534441.25
2025-08-01 09:19:03 AM,12.7,0,0.0,44534441.25
2025-08-01 09:19:03 AM,12.7,1950,24765.0,44559206.25
2025-08-01 09:19:04 AM,12.65,0,0.0,44559206.25
2025-08-01 09:19:04 AM,12.7,20775,263842.5,44823048.75
2025-08-01 09:19:05 AM,12.6,11325,142695.0,44965743.75
2025-08-01 09:19:05 AM,12.65,0,0.0,44965743.75
2025-08-01 09:19:06 AM,12.65,16950,214417.5,45180161.25
2025-08-01 09:19:06 AM,12.7,0,0.0,45180161.25
2025-08-01 09:19:07 AM,12.8,11700,149760.0,45329921.25
2025-08-01 09:19:07 AM,12.85,0,0.0,45329921.25
2025-08-01 09:19:08 AM,12.85,18000,231300.0,45561221.25
2025-08-01 09:19:08 AM,12.9,0,0.0,45561221.25
2025-08-01 09:19:08 AM,12.85,0,0.0,45561221.25
2025-08-01 09:19:08 AM,12.9,16500,212850.0,45774071.25
2025-08-01 09:19:09 AM,12.9,10800,139320.0,45913391.25
2025-08-01 09:19:10 AM,13.05,23250,303412.5,46216803.75
2025-08-01 09:19:10 AM,13.15,0,0.0,46216803.75
2025-08-01 09:19:10 AM,13.2,0,0.0,46216803.75
2025-08-01 09:19:11 AM,13.0,32175,418275.0,46635078.75
2025-08-01 09:19:11 AM,12.95,0,0.0,46635078.75
2025-08-01 09:19:12 AM,12.95,1950,25252.5,46660331.25
2025-08-01 09:19:12 AM,12.8,0,0.0,46660331.25
2025-08-01 09:19:13 AM,12.8,2775,35520.0,46695851.25
2025-08-01 09:19:13 AM,12.9,0,0.0,46695851.25
2025-08-01 09:19:13 AM,12.85,2625,33731.25,46729582.5
2025-08-01 09:19:14 AM,12.9,0,0.0,46729582.5
2025-08-01 09:19:14 AM,12.9,3075,39667.5,46769250.0
2025-08-01 09:19:15 AM,12.9,1200,15480.0,46784730.0
2025-08-01 09:19:16 AM,12.85,1875,24093.75,46808823.75
2025-08-01 09:19:16 AM,12.8,0,0.0,46808823.75
2025-08-01 09:19:16 AM,12.85,0,0.0,46808823.75
2025-08-01 09:19:17 AM,12.75,5250,66937.5,46875761.25
2025-08-01 09:19:17 AM,12.8,0,0.0,46875761.25
2025-08-01 09:19:18 AM,12.8,6675,85440.0,46961201.25
2025-08-01 09:19:18 AM,12.75,0,0.0,46961201.25
2025-08-01 09:19:18 AM,12.8,3975,50880.0,47012081.25
2025-08-01 09:19:19 AM,13.0,0,0.0,47012081.25
2025-08-01 09:19:19 AM,13.0,24450,317850.0,47329931.25
2025-08-01 09:19:20 AM,13.0,3600,46800.0,47376731.25
2025-08-01 09:19:20 AM,13.05,0,0.0,47376731.25
2025-08-01 09:19:21 AM,13.05,8250,107662.5,47484393.75
2025-08-01 09:19:22 AM,13.1,5250,68775.0,47553168.75
2025-08-01 09:19:22 AM,13.15,0,0.0,47553168.75
2025-08-01 09:19:23 AM,13.25,3075,40743.75,47593912.5
2025-08-01 09:19:23 AM,13.25,2775,36768.75,47630681.25
2025-08-01 09:19:24 AM,13.45,0,0.0,47630681.25
2025-08-01 09:19:24 AM,13.35,0,0.0,47630681.25
2025-08-01 09:19:24 AM,13.35,5400,72090.0,47702771.25
2025-08-01 09:19:25 AM,13.45,30150,405517.5,48108288.75
2025-08-01 09:19:25 AM,13.5,0,0.0,48108288.75
2025-08-01 09:19:26 AM,13.55,29025,393288.75,48501577.5
2025-08-01 09:19:26 AM,13.6,0,0.0,48501577.5
2025-08-01 09:19:27 AM,13.65,25425,347051.25,48848628.75
2025-08-01 09:19:27 AM,13.75,0,0.0,48848628.75
2025-08-01 09:19:27 AM,13.8,0,0.0,48848628.75
2025-08-01 09:19:28 AM,13.65,16575,226248.75,49074877.5
2025-08-01 09:19:28 AM,13.5,0,0.0,49074877.5
2025-08-01 09:19:28 AM,13.6,16050,218280.0,49293157.5
2025-08-01 09:19:29 AM,13.65,0,0.0,49293157.5
2025-08-01 09:19:29 AM,13.6,0,0.0,49293157.5
2025-08-01 09:19:29 AM,13.6,15750,214200.0,49507357.5
2025-08-01 09:19:30 AM,13.5,7575,102262.5,49609620.0
2025-08-01 09:19:30 AM,13.55,0,0.0,49609620.0
2025-08-01 09:19:31 AM,13.45,7800,104910.0,49714530.0
2025-08-01 09:19:32 AM,13.4,1125,15075.0,49729605.0
2025-08-01 09:19:32 AM,13.3,0,0.0,49729605.0
2025-08-01 09:19:33 AM,13.5,5250,70875.0,49800480.0
2025-08-01 09:19:33 AM,13.6,0,0.0,49800480.0
2025-08-01 09:19:33 AM,13.6,16125,219300.0,50019780.0
2025-08-01 09:19:34 AM,13.55,0,0.0,50019780.0
2025-08-01 09:19:34 AM,13.6,0,0.0,50019780.0
2025-08-01 09:19:34 AM,13.6,7350,99960.0,50119740.0
2025-08-01 09:19:35 AM,13.6,1350,18360.0,50138100.0
2025-08-01 09:19:36 AM,13.55,95775,1297751.25,51435851.25
2025-08-01 09:19:37 AM,13.6,1650,22440.0,51458291.25
2025-08-01 09:19:38 AM,13.55,7275,98576.25,51556867.5
2025-08-01 09:19:38 AM,13.6,0,0.0,51556867.5
2025-08-01 09:19:38 AM,13.7,6900,94530.0,51651397.5
2025-08-01 09:19:39 AM,13.8,0,0.0,51651397.5
2025-08-01 09:19:39 AM,13.85,3450,47782.5,51699180.0
2025-08-01 09:19:40 AM,13.55,6450,87397.5,51786577.5
2025-08-01 09:19:41 AM,13.4,1800,24120.0,51810697.5
2025-08-01 09:19:41 AM,13.45,0,0.0,51810697.5
2025-08-01 09:19:41 AM,13.5,0,0.0,51810697.5
2025-08-01 09:19:42 AM,13.45,2175,29253.75,51839951.25
2025-08-01 09:19:42 AM,13.4,0,0.0,51839951.25
2025-08-01 09:19:43 AM,13.35,3450,46057.5,51886008.75
2025-08-01 09:19:43 AM,13.45,0,0.0,51886008.75
2025-08-01 09:19:43 AM,13.45,5400,72630.0,51958638.75
2025-08-01 09:19:44 AM,13.4,0,0.0,51958638.75
2025-08-01 09:19:44 AM,13.4,1200,16080.0,51974718.75
2025-08-01 09:19:45 AM,13.7,12600,172620.0,52147338.75
2025-08-01 09:19:45 AM,13.6,0,0.0,52147338.75
2025-08-01 09:19:46 AM,13.8,4050,55890.0,52203228.75
2025-08-01 09:19:46 AM,13.7,0,0.0,52203228.75
2025-08-01 09:19:47 AM,13.7,5850,80145.0,52283373.75
2025-08-01 09:19:47 AM,13.6,0,0.0,52283373.75
2025-08-01 09:19:48 AM,13.6,750,10200.0,52293573.75
2025-08-01 09:19:48 AM,13.55,600,8130.0,52301703.75
2025-08-01 09:19:49 AM,13.6,0,0.0,52301703.75
2025-08-01 09:19:49 AM,13.6,4425,60180.0,52361883.75
2025-08-01 09:19:50 AM,13.7,8400,115080.0,52476963.75
2025-08-01 09:19:51 AM,13.65,2625,35831.25,52512795.0
2025-08-01 09:19:52 AM,13.55,31875,431906.25,52944701.25
2025-08-01 09:19:52 AM,13.65,0,0.0,52944701.25
2025-08-01 09:19:53 AM,13.65,8325,113636.25,53058337.5
2025-08-01 09:19:53 AM,13.6,0,0.0,53058337.5
2025-08-01 09:19:53 AM,13.6,1500,20400.0,53078737.5
2025-08-01 09:19:54 AM,13.65,0,0.0,53078737.5
2025-08-01 09:19:54 AM,13.65,1575,21498.75,53100236.25
2025-08-01 09:19:55 AM,13.45,5775,77673.75,53177910.0
2025-08-01 09:19:56 AM,13.45,2400,32280.0,53210190.0
2025-08-01 09:19:57 AM,13.55,4275,57926.25,53268116.25
2025-08-01 09:19:57 AM,13.6,0,0.0,53268116.25
2025-08-01 09:19:58 AM,13.6,7800,106080.0,53374196.25
2025-08-01 09:19:58 AM,13.65,1575,21498.75,53395695.0
2025-08-01 09:19:59 AM,13.6,0,0.0,53395695.0
2025-08-01 09:19:59 AM,13.55,3225,43698.75,53439393.75
2025-08-01 09:20:00 AM,13.45,4350,58507.5,53497901.25
2025-08-01 09:20:00 AM,13.5,0,0.0,53497901.25
2025-08-01 09:20:01 AM,13.25,4650,61612.5,53559513.75
2025-08-01 09:20:02 AM,13.35,10650,142177.5,53701691.25
2025-08-01 09:20:02 AM,13.45,0,0.0,53701691.25
2025-08-01 09:20:03 AM,13.3,3525,46882.5,53748573.75
2025-08-01 09:20:03 AM,13.2,0,0.0,53748573.75
2025-08-01 09:20:03 AM,13.25,4725,62606.25,53811180.0
2025-08-01 09:20:04 AM,13.3,0,0.0,53811180.0
2025-08-01 09:20:04 AM,13.25,0,0.0,53811180.0
2025-08-01 09:20:04 AM,13.1,34425,450967.5,54262147.5
2025-08-01 09:20:05 AM,13.05,6975,91023.75,54353171.25
2025-08-01 09:20:05 AM,13.1,0,0.0,54353171.25
2025-08-01 09:20:06 AM,13.15,4650,61147.5,54414318.75
2025-08-01 09:20:06 AM,13.1,0,0.0,54414318.75
2025-08-01 09:20:07 AM,13.1,7050,92355.0,54506673.75
2025-08-01 09:20:07 AM,13.15,0,0.0,54506673.75
2025-08-01 09:20:08 AM,13.15,6600,86790.0,54593463.75
2025-08-01 09:20:08 AM,13.25,0,0.0,54593463.75
2025-08-01 09:20:08 AM,13.25,12300,162975.0,54756438.75
2025-08-01 09:20:09 AM,13.3,0,0.0,54756438.75
2025-08-01 09:20:09 AM,13.25,5625,74531.25,54830970.0
2025-08-01 09:20:10 AM,13.15,8925,117363.75,54948333.75
2025-08-01 09:20:11 AM,13.2,2700,35640.0,54983973.75
2025-08-01 09:20:11 AM,13.15,0,0.0,54983973.75
2025-08-01 09:20:12 AM,13.2,6300,83160.0,55067133.75
2025-08-01 09:20:12 AM,13.2,1500,19800.0,55086933.75
2025-08-01 09:20:13 AM,13.3,0,0.0,55086933.75
2025-08-01 09:20:13 AM,13.3,2100,27930.0,55114863.75
2025-08-01 09:20:14 AM,13.15,6150,80872.5,55195736.25
2025-08-01 09:20:14 AM,13.1,0,0.0,55195736.25
2025-08-01 09:20:15 AM,13.05,11550,150727.5,55346463.75
2025-08-01 09:20:15 AM,13.1,0,0.0,55346463.75
2025-08-01 09:20:16 AM,13.05,600,7830.0,55354293.75
2025-08-01 09:20:16 AM,13.15,0,0.0,55354293.75
2025-08-01 09:20:17 AM,13.1,21600,282960.0,55637253.75
2025-08-01 09:20:17 AM,13.05,0,0.0,55637253.75
2025-08-01 09:20:17 AM,13.05,2475,32298.75,55669552.5
2025-08-01 09:20:18 AM,13.1,0,0.0,55669552.5
2025-08-01 09:20:18 AM,13.1,1575,20632.5,55690185.0
2025-08-01 09:20:19 AM,13.35,5700,76095.0,55766280.0
2025-08-01 09:20:20 AM,13.15,4575,60161.25,55826441.25
2025-08-01 09:20:21 AM,13.25,15300,202725.0,56029166.25
2025-08-01 09:20:21 AM,13.2,0,0.0,56029166.25
2025-08-01 09:20:22 AM,13.25,225,2981.25,56032147.5
2025-08-01 09:20:22 AM,13.4,0,0.0,56032147.5
2025-08-01 09:20:22 AM,13.45,10650,143242.5,56175390.0
2025-08-01 09:20:23 AM,13.4,10725,143715.0,56319105.0
2025-08-01 09:20:24 AM,13.3,4800,63840.0,56382945.0
2025-08-01 09:20:25 AM,13.45,1950,26227.5,56409172.5
2025-08-01 09:20:26 AM,13.45,2175,29253.75,56438426.25
2025-08-01 09:20:26 AM,13.55,0,0.0,56438426.25
2025-08-01 09:20:27 AM,13.6,4725,64260.0,56502686.25
2025-08-01 09:20:27 AM,13.55,0,0.0,56502686.25
2025-08-01 09:20:27 AM,13.55,2625,35568.75,56538255.0
2025-08-01 09:20:28 AM,13.6,0,0.0,56538255.0
2025-08-01 09:20:28 AM,13.55,6375,86381.25,56624636.25
2025-08-01 09:20:29 AM,13.7,7950,108915.0,56733551.25
2025-08-01 09:20:30 AM,13.6,3075,41820.0,56775371.25
2025-08-01 09:20:31 AM,13.5,4425,59737.5,56835108.75
2025-08-01 09:20:31 AM,13.65,0,0.0,56835108.75
2025-08-01 09:20:32 AM,13.6,2550,34680.0,56869788.75
2025-08-01 09:20:32 AM,13.7,0,0.0,56869788.75
2025-08-01 09:20:32 AM,13.75,0,0.0,56869788.75
2025-08-01 09:20:32 AM,13.8,7650,105570.0,56975358.75
2025-08-01 09:20:33 AM,13.9,0,0.0,56975358.75
2025-08-01 09:20:33 AM,13.9,1650,22935.0,56998293.75
2025-08-01 09:20:34 AM,13.95,2100,29295.0,57027588.75
2025-08-01 09:20:34 AM,13.9,0,0.0,57027588.75
2025-08-01 09:20:35 AM,13.75,5850,80437.5,57108026.25
2025-08-01 09:20:36 AM,13.65,8400,114660.0,57222686.25
2025-08-01 09:20:37 AM,13.6,1650,22440.0,57245126.25
2025-08-01 09:20:37 AM,13.55,4875,66056.25,57311182.5
2025-08-01 09:20:38 AM,13.75,0,0.0,57311182.5
2025-08-01 09:20:38 AM,13.75,1275,17531.25,57328713.75
2025-08-01 09:20:39 AM,13.65,150,2047.5,57330761.25
2025-08-01 09:20:40 AM,13.75,3075,42281.25,57373042.5
2025-08-01 09:20:40 AM,13.85,0,0.0,57373042.5
2025-08-01 09:20:41 AM,13.9,1200,16680.0,57389722.5
2025-08-01 09:20:41 AM,13.8,0,0.0,57389722.5
2025-08-01 09:20:42 AM,13.8,5250,72450.0,57462172.5
2025-08-01 09:20:42 AM,13.9,0,0.0,57462172.5
2025-08-01 09:20:42 AM,13.85,375,5193.75,57467366.25
2025-08-01 09:20:43 AM,14.05,0,0.0,57467366.25
2025-08-01 09:20:43 AM,14.0,0,0.0,57467366.25
2025-08-01 09:20:43 AM,14.0,17775,248850.0,57716216.25
2025-08-01 09:20:44 AM,14.1,2325,32782.5,57748998.75
2025-08-01 09:20:45 AM,14.25,5700,81225.0,57830223.75
2025-08-01 09:20:45 AM,14.2,0,0.0,57830223.75
2025-08-01 09:20:45 AM,14.15,0,0.0,57830223.75
2025-08-01 09:20:46 AM,14.25,2850,40612.5,57870836.25
2025-08-01 09:20:46 AM,14.15,0,0.0,57870836.25
2025-08-01 09:20:47 AM,14.05,6225,87461.25,57958297.5
2025-08-01 09:20:47 AM,13.95,0,0.0,57958297.5
2025-08-01 09:20:47 AM,14.1,7050,99405.0,58057702.5
2025-08-01 09:20:48 AM,14.15,0,0.0,58057702.5
2025-08-01 09:20:48 AM,14.05,1725,24236.25,58081938.75
2025-08-01 09:20:49 AM,14.25,900,12825.0,58094763.75
2025-08-01 09:20:49 AM,14.1,0,0.0,58094763.75
2025-08-01 09:20:50 AM,14.15,9750,137962.5,58232726.25
2025-08-01 09:20:51 AM,14.25,5700,81225.0,58313951.25
2025-08-01 09:20:52 AM,14.15,3525,49878.75,58363830.0
2025-08-01 09:20:52 AM,14.25,0,0.0,58363830.0
2025-08-01 09:20:52 AM,14.25,1275,18168.75,58381998.75
2025-08-01 09:20:53 AM,14.2,0,0.0,58381998.75
2025-08-01 09:20:53 AM,14.15,0,0.0,58381998.75
2025-08-01 09:20:53 AM,14.25,2025,28856.25,58410855.0
2025-08-01 09:20:54 AM,14.2,1575,22365.0,58433220.0
2025-08-01 09:20:55 AM,14.3,1125,16087.5,58449307.5
2025-08-01 09:20:55 AM,14.35,0,0.0,58449307.5
2025-08-01 09:20:56 AM,14.1,6000,84600.0,58533907.5
2025-08-01 09:20:56 AM,14.15,0,0.0,58533907.5
2025-08-01 09:20:57 AM,14.35,6450,92557.5,58626465.0
2025-08-01 09:20:57 AM,14.65,0,0.0,58626465.0
2025-08-01 09:20:57 AM,14.7,5475,80482.5,58706947.5
2025-08-01 09:20:58 AM,14.6,0,0.0,58706947.5
2025-08-01 09:20:58 AM,14.7,6450,94815.0,58801762.5
2025-08-01 09:20:59 AM,14.65,4425,64826.25,58866588.75
2025-08-01 09:21:00 AM,14.35,5025,72108.75,58938697.5
2025-08-01 09:21:00 AM,14.15,0,0.0,58938697.5
2025-08-01 09:21:00 AM,14.3,0,0.0,58938697.5
2025-08-01 09:21:01 AM,14.5,9600,139200.0,59077897.5
2025-08-01 09:21:01 AM,14.45,0,0.0,59077897.5
2025-08-01 09:21:01 AM,14.4,0,0.0,59077897.5
2025-08-01 09:21:02 AM,14.2,2025,28755.0,59106652.5
2025-08-01 09:21:02 AM,14.15,0,0.0,59106652.5
2025-08-01 09:21:03 AM,14.35,2550,36592.5,59143245.0
2025-08-01 09:21:03 AM,14.45,0,0.0,59143245.0
2025-08-01 09:21:03 AM,14.5,0,0.0,59143245.0
2025-08-01 09:21:03 AM,14.5,675,9787.5,59153032.5
2025-08-01 09:21:04 AM,14.35,750,10762.5,59163795.0
2025-08-01 09:21:05 AM,14.25,5475,78018.75,59241813.75
2025-08-01 09:21:06 AM,14.3,2475,35392.5,59277206.25
2025-08-01 09:21:06 AM,14.2,0,0.0,59277206.25
2025-08-01 09:21:07 AM,14.15,5850,82777.5,59359983.75
2025-08-01 09:21:07 AM,14.2,0,0.0,59359983.75
2025-08-01 09:21:07 AM,14.25,0,0.0,59359983.75
2025-08-01 09:21:08 AM,14.25,5100,72675.0,59432658.75
2025-08-01 09:21:08 AM,14.1,0,0.0,59432658.75
2025-08-01 09:21:08 AM,14.25,24525,349481.25,59782140.0
2025-08-01 09:21:09 AM,14.15,3000,42450.0,59824590.0
2025-08-01 09:21:10 AM,14.2,1425,20235.0,59844825.0
2025-08-01 09:21:11 AM,14.3,2475,35392.5,59880217.5
2025-08-01 09:21:12 AM,14.25,375,5343.75,59885561.25
2025-08-01 09:21:13 AM,14.35,6450,92557.5,59978118.75
2025-08-01 09:21:13 AM,14.3,0,0.0,59978118.75
2025-08-01 09:21:13 AM,14.3,2100,30030.0,60008148.75
2025-08-01 09:21:14 AM,14.35,1125,16143.75,60024292.5
2025-08-01 09:21:15 AM,14.55,3825,55653.75,60079946.25
2025-08-01 09:21:15 AM,14.6,0,0.0,60079946.25
2025-08-01 09:21:16 AM,14.5,3600,52200.0,60132146.25
2025-08-01 09:21:17 AM,14.5,3750,54375.0,60186521.25
2025-08-01 09:21:18 AM,14.4,1500,21600.0,60208121.25
2025-08-01 09:21:18 AM,14.3,0,0.0,60208121.25
2025-08-01 09:21:18 AM,14.25,375,5343.75,60213465.0
2025-08-01 09:21:19 AM,14.2,1575,22365.0,60235830.0
2025-08-01 09:21:20 AM,14.25,825,11756.25,60247586.25
2025-08-01 09:21:21 AM,14.6,5175,75555.0,60323141.25
2025-08-01 09:21:22 AM,14.6,2625,38325.0,60361466.25
2025-08-01 09:21:22 AM,14.65,0,0.0,60361466.25
2025-08-01 09:21:23 AM,14.55,7725,112398.75,60473865.0
2025-08-01 09:21:23 AM,14.45,0,0.0,60473865.0
2025-08-01 09:21:23 AM,14.5,5025,72862.5,60546727.5
2025-08-01 09:21:24 AM,14.35,750,10762.5,60557490.0
2025-08-01 09:21:25 AM,14.45,1425,20591.25,60578081.25
2025-08-01 09:21:26 AM,14.5,1650,23925.0,60602006.25
2025-08-01 09:21:26 AM,14.6,0,0.0,60602006.25
2025-08-01 09:21:27 AM,14.8,9375,138750.0,60740756.25
2025-08-01 09:21:27 AM,15.05,0,0.0,60740756.25
2025-08-01 09:21:27 AM,15.15,0,0.0,60740756.25
2025-08-01 09:21:28 AM,15.0,33750,506250.0,61247006.25
2025-08-01 09:21:28 AM,14.9,0,0.0,61247006.25
2025-08-01 09:21:28 AM,14.95,0,0.0,61247006.25
2025-08-01 09:21:28 AM,15.0,4500,67500.0,61314506.25
2025-08-01 09:21:29 AM,14.7,0,0.0,61314506.25
2025-08-01 09:21:29 AM,14.7,8250,121275.0,61435781.25
2025-08-01 09:21:29 AM,14.65,0,0.0,61435781.25
2025-08-01 09:21:30 AM,14.65,7575,110973.75,61546755.0
2025-08-01 09:21:30 AM,14.5,0,0.0,61546755.0
2025-08-01 09:21:31 AM,14.65,1725,25271.25,61572026.25
2025-08-01 09:21:31 AM,14.6,0,0.0,61572026.25
2025-08-01 09:21:31 AM,14.55,0,0.0,61572026.25
2025-08-01 09:21:32 AM,14.7,5850,85995.0,61658021.25
2025-08-01 09:21:32 AM,14.75,0,0.0,61658021.25
2025-08-01 09:21:33 AM,14.65,1500,21975.0,61679996.25
2025-08-01 09:21:33 AM,14.25,0,0.0,61679996.25
2025-08-01 09:21:33 AM,14.25,28800,410400.0,62090396.25
2025-08-01 09:21:34 AM,14.45,0,0.0,62090396.25
2025-08-01 09:21:34 AM,14.45,13875,200493.75,62290890.0
2025-08-01 09:21:34 AM,14.4,0,0.0,62290890.0
2025-08-01 09:21:35 AM,14.35,975,13991.25,62304881.25
2025-08-01 09:21:36 AM,14.3,450,6435.0,62311316.25
2025-08-01 09:21:36 AM,14.4,0,0.0,62311316.25
2025-08-01 09:21:36 AM,14.35,0,0.0,62311316.25
2025-08-01 09:21:37 AM,14.35,4950,71032.5,62382348.75
2025-08-01 09:21:37 AM,14.55,0,0.0,62382348.75
2025-08-01 09:21:38 AM,14.3,17025,243457.5,62625806.25
2025-08-01 09:21:38 AM,14.45,9150,132217.5,62758023.75
2025-08-01 09:21:39 AM,14.45,5175,74778.75,62832802.5
2025-08-01 09:21:40 AM,14.3,9300,132990.0,62965792.5
2025-08-01 09:21:41 AM,14.35,1575,22601.25,62988393.75
2025-08-01 09:21:41 AM,14.4,0,0.0,62988393.75
2025-08-01 09:21:42 AM,14.55,6975,101486.25,63089880.0
2025-08-01 09:21:42 AM,14.4,0,0.0,63089880.0
2025-08-01 09:21:43 AM,14.45,11925,172316.25,63262196.25
2025-08-01 09:21:43 AM,14.3,0,0.0,63262196.25
2025-08-01 09:21:43 AM,14.35,3975,57041.25,63319237.5
2025-08-01 09:21:44 AM,14.5,0,0.0,63319237.5
2025-08-01 09:21:44 AM,14.5,6450,93525.0,63412762.5
2025-08-01 09:21:45 AM,14.5,2175,31537.5,63444300.0
2025-08-01 09:21:46 AM,14.5,6525,94612.5,63538912.5
2025-08-01 09:21:46 AM,14.6,0,0.0,63538912.5
2025-08-01 09:21:47 AM,14.5,5025,72862.5,63611775.0
2025-08-01 09:21:47 AM,14.25,0,0.0,63611775.0
2025-08-01 09:21:48 AM,14.15,7275,102941.25,63714716.25
2025-08-01 09:21:48 AM,14.1,0,0.0,63714716.25
2025-08-01 09:21:48 AM,14.25,1200,17100.0,63731816.25
2025-08-01 09:21:49 AM,14.25,2025,28856.25,63760672.5
2025-08-01 09:21:50 AM,14.2,1125,15975.0,63776647.5
2025-08-01 09:21:50 AM,14.0,0,0.0,63776647.5
2025-08-01 09:21:50 AM,14.05,0,0.0,63776647.5
2025-08-01 09:21:51 AM,14.1,3300,46530.0,63823177.5
2025-08-01 09:21:51 AM,14.0,0,0.0,63823177.5
2025-08-01 09:21:52 AM,13.9,14250,198075.0,64021252.5
2025-08-01 09:21:52 AM,13.95,0,0.0,64021252.5
2025-08-01 09:21:53 AM,14.05,525,7376.25,64028628.75
2025-08-01 09:21:53 AM,13.95,0,0.0,64028628.75
2025-08-01 09:21:53 AM,14.0,750,10500.0,64039128.75
2025-08-01 09:21:54 AM,14.0,975,13650.0,64052778.75
2025-08-01 09:21:55 AM,14.05,675,9483.75,64062262.5
2025-08-01 09:21:55 AM,13.95,0,0.0,64062262.5
2025-08-01 09:21:56 AM,14.15,1650,23347.5,64085610.0
2025-08-01 09:21:57 AM,14.1,2325,32782.5,64118392.5
2025-08-01 09:21:57 AM,14.25,0,0.0,64118392.5
2025-08-01 09:21:58 AM,14.15,1500,21225.0,64139617.5
2025-08-01 09:21:58 AM,14.1,0,0.0,64139617.5
2025-08-01 09:21:58 AM,14.1,4050,57105.0,64196722.5
2025-08-01 09:21:59 AM,13.9,0,0.0,64196722.5
2025-08-01 09:21:59 AM,13.9,1875,26062.5,64222785.0
2025-08-01 09:22:00 AM,13.75,6150,84562.5,64307347.5
2025-08-01 09:22:01 AM,13.7,1125,15412.5,64322760.0
2025-08-01 09:22:01 AM,13.45,0,0.0,64322760.0
2025-08-01 09:22:01 AM,13.5,0,0.0,64322760.0
2025-08-01 09:22:02 AM,13.5,13350,180225.0,64502985.0
2025-08-01 09:22:03 AM,13.4,8925,119595.0,64622580.0
2025-08-01 09:22:03 AM,13.4,1500,20100.0,64642680.0
2025-08-01 09:22:04 AM,13.45,0,0.0,64642680.0
2025-08-01 09:22:04 AM,13.45,3525,47411.25,64690091.25
2025-08-01 09:22:05 AM,13.55,1275,17276.25,64707367.5
2025-08-01 09:22:06 AM,13.55,1725,23373.75,64730741.25
2025-08-01 09:22:06 AM,13.5,0,0.0,64730741.25
2025-08-01 09:22:07 AM,13.55,2325,31503.75,64762245.0
2025-08-01 09:22:07 AM,13.45,0,0.0,64762245.0
2025-08-01 09:22:07 AM,13.5,0,0.0,64762245.0
2025-08-01 09:22:08 AM,13.55,1875,25406.25,64787651.25
2025-08-01 09:22:08 AM,13.4,0,0.0,64787651.25
2025-08-01 09:22:08 AM,13.45,1050,14122.5,64801773.75
2025-08-01 09:22:09 AM,13.6,0,0.0,64801773.75
2025-08-01 09:22:09 AM,13.6,6450,87720.0,64889493.75
2025-08-01 09:22:10 AM,13.5,6300,85050.0,64974543.75
2025-08-01 09:22:10 AM,13.45,0,0.0,64974543.75
2025-08-01 09:22:11 AM,13.45,1950,26227.5,65000771.25
2025-08-01 09:22:11 AM,13.5,0,0.0,65000771.25
2025-08-01 09:22:12 AM,13.55,4875,66056.25,65066827.5
2025-08-01 09:22:12 AM,13.6,0,0.0,65066827.5
2025-08-01 09:22:13 AM,13.5,21375,288562.5,65355390.0
2025-08-01 09:22:13 AM,13.35,0,0.0,65355390.0
2025-08-01 09:22:13 AM,13.35,7950,106132.5,65461522.5
2025-08-01 09:22:14 AM,13.45,0,0.0,65461522.5
2025-08-01 09:22:14 AM,13.45,1950,26227.5,65487750.0
2025-08-01 09:22:15 AM,13.7,3450,47265.0,65535015.0
2025-08-01 09:22:15 AM,13.6,0,0.0,65535015.0
2025-08-01 09:22:16 AM,13.6,12525,170340.0,65705355.0
2025-08-01 09:22:16 AM,13.65,0,0.0,65705355.0
2025-08-01 09:22:17 AM,13.65,825,11261.25,65716616.25
2025-08-01 09:22:17 AM,13.6,0,0.0,65716616.25
2025-08-01 09:22:18 AM,13.6,1275,17340.0,65733956.25
2025-08-01 09:22:18 AM,13.7,0,0.0,65733956.25
2025-08-01 09:22:18 AM,13.7,900,12330.0,65746286.25
2025-08-01 09:22:19 AM,13.9,0,0.0,65746286.25
2025-08-01 09:22:19 AM,13.9,2550,35445.0,65781731.25
2025-08-01 09:22:20 AM,13.8,300,4140.0,65785871.25
2025-08-01 09:22:20 AM,13.75,0,0.0,65785871.25
2025-08-01 09:22:20 AM,13.8,0,0.0,65785871.25
2025-08-01 09:22:21 AM,13.85,6600,91410.0,65877281.25
2025-08-01 09:22:21 AM,13.8,0,0.0,65877281.25
2025-08-01 09:22:22 AM,13.8,675,9315.0,65886596.25
2025-08-01 09:22:22 AM,13.75,0,0.0,65886596.25
2025-08-01 09:22:23 AM,13.9,18075,251242.5,66137838.75
2025-08-01 09:22:23 AM,13.85,0,0.0,66137838.75
2025-08-01 09:22:23 AM,13.85,1275,17658.75,66155497.5
2025-08-01 09:22:24 AM,13.75,0,0.0,66155497.5
2025-08-01 09:22:24 AM,13.75,1350,18562.5,66174060.0
2025-08-01 09:22:25 AM,13.7,375,5137.5,66179197.5
2025-08-01 09:22:26 AM,13.7,1500,20550.0,66199747.5
2025-08-01 09:22:26 AM,13.6,0,0.0,66199747.5
2025-08-01 09:22:27 AM,13.65,2025,27641.25,66227388.75
2025-08-01 09:22:27 AM,13.75,0,0.0,66227388.75
2025-08-01 09:22:28 AM,13.7,1200,16440.0,66243828.75
2025-08-01 09:22:28 AM,13.7,600,8220.0,66252048.75
2025-08-01 09:22:29 AM,13.8,0,0.0,66252048.75
2025-08-01 09:22:29 AM,13.8,3300,45540.0,66297588.75
2025-08-01 09:22:30 AM,13.8,1500,20700.0,66318288.75
2025-08-01 09:22:31 AM,13.65,2700,36855.0,66355143.75
2025-08-01 09:22:32 AM,13.6,2100,28560.0,66383703.75
2025-08-01 09:22:32 AM,13.55,0,0.0,66383703.75
2025-08-01 09:22:33 AM,13.45,14250,191662.5,66575366.25
2025-08-01 09:22:34 AM,13.5,5550,74925.0,66650291.25
2025-08-01 09:22:34 AM,13.6,0,0.0,66650291.25
2025-08-01 09:22:34 AM,13.6,11625,158100.0,66808391.25
2025-08-01 09:22:35 AM,13.6,1725,23460.0,66831851.25
2025-08-01 09:22:35 AM,13.7,0,0.0,66831851.25
2025-08-01 09:22:36 AM,13.7,300,4110.0,66835961.25
2025-08-01 09:22:36 AM,13.75,0,0.0,66835961.25
2025-08-01 09:22:36 AM,13.85,0,0.0,66835961.25
2025-08-01 09:22:37 AM,14.05,31425,441521.25,67277482.5
2025-08-01 09:22:37 AM,13.95,0,0.0,67277482.5
2025-08-01 09:22:37 AM,14.0,0,0.0,67277482.5
2025-08-01 09:22:38 AM,14.0,29175,408450.0,67685932.5
2025-08-01 09:22:38 AM,14.05,0,0.0,67685932.5
2025-08-01 09:22:39 AM,13.95,6450,89977.5,67775910.0
2025-08-01 09:22:39 AM,14.05,0,0.0,67775910.0
2025-08-01 09:22:39 AM,14.05,4425,62171.25,67838081.25
2025-08-01 09:22:40 AM,14.1,5325,75082.5,67913163.75
2025-08-01 09:22:41 AM,13.95,3975,55451.25,67968615.0
2025-08-01 09:22:41 AM,13.9,0,0.0,67968615.0
2025-08-01 09:22:42 AM,13.9,3525,48997.5,68017612.5
2025-08-01 09:22:42 AM,14.0,0,0.0,68017612.5
2025-08-01 09:22:43 AM,13.95,2775,38711.25,68056323.75
2025-08-01 09:22:43 AM,13.9,0,0.0,68056323.75
2025-08-01 09:22:43 AM,13.95,0,0.0,68056323.75
2025-08-01 09:22:44 AM,13.95,35775,499061.25,68555385.0
2025-08-01 09:22:44 AM,14.0,0,0.0,68555385.0
2025-08-01 09:22:44 AM,14.0,9375,131250.0,68686635.0
2025-08-01 09:22:45 AM,13.95,2625,36618.75,68723253.75
2025-08-01 09:22:46 AM,14.0,3600,50400.0,68773653.75
2025-08-01 09:22:46 AM,14.1,0,0.0,68773653.75
2025-08-01 09:22:46 AM,14.2,0,0.0,68773653.75
2025-08-01 09:22:47 AM,14.35,11475,164666.25,68938320.0
2025-08-01 09:22:47 AM,14.3,0,0.0,68938320.0
2025-08-01 09:22:47 AM,14.25,0,0.0,68938320.0
2025-08-01 09:22:48 AM,14.25,2925,41681.25,68980001.25
2025-08-01 09:22:48 AM,14.1,0,0.0,68980001.25
2025-08-01 09:22:49 AM,14.1,375,5287.5,68985288.75
2025-08-01 09:22:49 AM,14.15,0,0.0,68985288.75
2025-08-01 09:22:49 AM,14.15,225,3183.75,68988472.5
2025-08-01 09:22:50 AM,14.1,3375,47587.5,69036060.0
2025-08-01 09:22:50 AM,14.05,0,0.0,69036060.0
2025-08-01 09:22:51 AM,14.0,3225,45150.0,69081210.0
2025-08-01 09:22:51 AM,13.95,0,0.0,69081210.0
2025-08-01 09:22:52 AM,14.0,2850,39900.0,69121110.0
2025-08-01 09:22:52 AM,13.9,0,0.0,69121110.0
2025-08-01 09:22:53 AM,13.9,1875,26062.5,69147172.5
2025-08-01 09:22:53 AM,13.85,0,0.0,69147172.5
2025-08-01 09:22:54 AM,13.85,33150,459127.5,69606300.0
2025-08-01 09:22:54 AM,13.95,0,0.0,69606300.0
2025-08-01 09:22:54 AM,13.9,0,0.0,69606300.0
2025-08-01 09:22:54 AM,13.9,375,5212.5,69611512.5
2025-08-01 09:22:55 AM,13.75,1275,17531.25,69629043.75
2025-08-01 09:22:55 AM,13.8,0,0.0,69629043.75
2025-08-01 09:22:56 AM,13.7,3825,52402.5,69681446.25
2025-08-01 09:22:56 AM,13.9,0,0.0,69681446.25
2025-08-01 09:22:57 AM,13.85,7050,97642.5,69779088.75
2025-08-01 09:22:58 AM,13.95,4650,64867.5,69843956.25
2025-08-01 09:22:58 AM,13.8,0,0.0,69843956.25
2025-08-01 09:22:59 AM,13.8,750,10350.0,69854306.25
2025-08-01 09:22:59 AM,13.75,0,0.0,69854306.25
2025-08-01 09:22:59 AM,13.75,450,6187.5,69860493.75
2025-08-01 09:23:00 AM,13.75,1125,15468.75,69875962.5
2025-08-01 09:23:00 AM,13.8,0,0.0,69875962.5
2025-08-01 09:23:01 AM,13.7,4725,64732.5,69940695.0
2025-08-01 09:23:01 AM,13.75,0,0.0,69940695.0
2025-08-01 09:23:02 AM,13.9,3225,44827.5,69985522.5
2025-08-01 09:23:02 AM,13.8,0,0.0,69985522.5
2025-08-01 09:23:03 AM,13.7,2400,32880.0,70018402.5
2025-08-01 09:23:03 AM,13.65,0,0.0,70018402.5
2025-08-01 09:23:04 AM,14.0,4425,61950.0,70080352.5
2025-08-01 09:23:04 AM,13.9,1950,27105.0,70107457.5
2025-08-01 09:23:05 AM,13.95,2175,30341.25,70137798.75
2025-08-01 09:23:06 AM,14.0,2025,28350.0,70166148.75
2025-08-01 09:23:06 AM,14.05,0,0.0,70166148.75
2025-08-01 09:23:07 AM,13.95,2775,38711.25,70204860.0
2025-08-01 09:23:07 AM,14.05,0,0.0,70204860.0
2025-08-01 09:23:08 AM,14.2,1575,22365.0,70227225.0
2025-08-01 09:23:08 AM,14.15,0,0.0,70227225.0
2025-08-01 09:23:08 AM,14.1,0,0.0,70227225.0
2025-08-01 09:23:09 AM,14.1,1650,23265.0,70250490.0
2025-08-01 09:23:09 AM,14.05,225,3161.25,70253651.25
2025-08-01 09:23:10 AM,14.3,5625,80437.5,70334088.75
2025-08-01 09:23:11 AM,14.2,975,13845.0,70347933.75
2025-08-01 09:23:11 AM,14.25,0,0.0,70347933.75
2025-08-01 09:23:12 AM,14.35,2400,34440.0,70382373.75
2025-08-01 09:23:12 AM,14.3,0,0.0,70382373.75
2025-08-01 09:23:13 AM,14.25,450,6412.5,70388786.25
2025-08-01 09:23:13 AM,14.05,0,0.0,70388786.25
2025-08-01 09:23:13 AM,14.15,0,0.0,70388786.25
2025-08-01 09:23:13 AM,14.15,1725,24408.75,70413195.0
2025-08-01 09:23:14 AM,14.25,0,0.0,70413195.0
2025-08-01 09:23:14 AM,14.25,26400,376200.0,70789395.0
2025-08-01 09:23:15 AM,14.2,75,1065.0,70790460.0
2025-08-01 09:23:15 AM,14.25,0,0.0,70790460.0
2025-08-01 09:23:16 AM,14.15,3300,46695.0,70837155.0
2025-08-01 09:23:17 AM,14.15,2475,35021.25,70872176.25
2025-08-01 09:23:17 AM,14.25,0,0.0,70872176.25
2025-08-01 09:23:18 AM,14.3,2250,32175.0,70904351.25
2025-08-01 09:23:18 AM,14.1,0,0.0,70904351.25
2025-08-01 09:23:18 AM,14.2,0,0.0,70904351.25
2025-08-01 09:23:18 AM,14.2,4275,60705.0,70965056.25
2025-08-01 09:23:19 AM,14.1,0,0.0,70965056.25
2025-08-01 09:23:19 AM,14.1,525,7402.5,70972458.75
2025-08-01 09:23:20 AM,13.95,1200,16740.0,70989198.75
2025-08-01 09:23:20 AM,13.9,0,0.0,70989198.75
2025-08-01 09:23:20 AM,13.8,0,0.0,70989198.75
2025-08-01 09:23:21 AM,13.65,12000,163800.0,71152998.75
2025-08-01 09:23:21 AM,13.75,0,0.0,71152998.75
2025-08-01 09:23:22 AM,13.75,225,3093.75,71156092.5
2025-08-01 09:23:23 AM,13.7,900,12330.0,71168422.5
2025-08-01 09:23:23 AM,13.6,0,0.0,71168422.5
2025-08-01 09:23:23 AM,13.7,4725,64732.5,71233155.0
2025-08-01 09:23:24 AM,13.5,0,0.0,71233155.0
2025-08-01 09:23:24 AM,13.5,1425,19237.5,71252392.5
2025-08-01 09:23:25 AM,13.65,3375,46068.75,71298461.25
2025-08-01 09:23:25 AM,13.5,0,0.0,71298461.25
2025-08-01 09:23:26 AM,13.6,7650,104040.0,71402501.25
2025-08-01 09:23:26 AM,13.25,0,0.0,71402501.25
2025-08-01 09:23:26 AM,13.3,0,0.0,71402501.25
2025-08-01 09:23:27 AM,13.3,44625,593512.5,71996013.75
2025-08-01 09:23:28 AM,13.3,4125,54862.5,72050876.25
2025-08-01 09:23:28 AM,13.4,0,0.0,72050876.25
2025-08-01 09:23:28 AM,13.4,2250,30150.0,72081026.25
2025-08-01 09:23:29 AM,13.5,0,0.0,72081026.25
2025-08-01 09:23:29 AM,13.5,1200,16200.0,72097226.25
2025-08-01 09:23:30 AM,13.45,1575,21183.75,72118410.0
2025-08-01 09:23:31 AM,13.45,375,5043.75,72123453.75
2025-08-01 09:23:31 AM,13.5,0,0.0,72123453.75
2025-08-01 09:23:32 AM,13.55,29025,393288.75,72516742.5
2025-08-01 09:23:32 AM,13.6,0,0.0,72516742.5
2025-08-01 09:23:33 AM,13.5,10875,146812.5,72663555.0
2025-08-01 09:23:33 AM,13.55,0,0.0,72663555.0
2025-08-01 09:23:33 AM,13.55,9900,134145.0,72797700.0
2025-08-01 09:23:34 AM,13.55,75,1016.25,72798716.25
2025-08-01 09:23:35 AM,13.45,975,13113.75,72811830.0
2025-08-01 09:23:36 AM,13.5,24450,330075.0,73141905.0
2025-08-01 09:23:36 AM,13.55,0,0.0,73141905.0
2025-08-01 09:23:37 AM,13.45,2625,35306.25,73177211.25
2025-08-01 09:23:37 AM,13.4,0,0.0,73177211.25
2025-08-01 09:23:38 AM,13.5,1200,16200.0,73193411.25
2025-08-01 09:23:38 AM,13.4,1650,22110.0,73215521.25
2025-08-01 09:23:39 AM,13.35,0,0.0,73215521.25
2025-08-01 09:23:39 AM,13.4,40425,541695.0,73757216.25
2025-08-01 09:23:40 AM,13.4,8700,116580.0,73873796.25
2025-08-01 09:23:40 AM,13.3,0,0.0,73873796.25
2025-08-01 09:23:41 AM,13.3,4875,64837.5,73938633.75
2025-08-01 09:23:41 AM,13.35,0,0.0,73938633.75
2025-08-01 09:23:42 AM,13.35,75,1001.25,73939635.0
2025-08-01 09:23:43 AM,13.25,2475,32793.75,73972428.75
2025-08-01 09:23:43 AM,13.3,0,0.0,73972428.75
2025-08-01 09:23:43 AM,13.25,0,0.0,73972428.75
2025-08-01 09:23:43 AM,13.3,2625,34912.5,74007341.25
2025-08-01 09:23:44 AM,13.3,9375,124687.5,74132028.75
2025-08-01 09:23:45 AM,13.25,975,12918.75,74144947.5
2025-08-01 09:23:45 AM,13.2,0,0.0,74144947.5
2025-08-01 09:23:46 AM,13.15,32775,430991.25,74575938.75
2025-08-01 09:23:47 AM,13.15,225,2958.75,74578897.5
2025-08-01 09:23:47 AM,13.2,0,0.0,74578897.5
2025-08-01 09:23:47 AM,13.15,0,0.0,74578897.5
2025-08-01 09:23:48 AM,13.1,6375,83512.5,74662410.0
2025-08-01 09:23:48 AM,13.15,0,0.0,74662410.0
2025-08-01 09:23:48 AM,13.15,4350,57202.5,74719612.5
2025-08-01 09:23:49 AM,13.1,0,0.0,74719612.5
2025-08-01 09:23:49 AM,13.15,5625,73968.75,74793581.25
2025-08-01 09:23:50 AM,13.1,2850,37335.0,74830916.25
2025-08-01 09:23:51 AM,13.15,4950,65092.5,74896008.75
2025-08-01 09:23:51 AM,13.2,0,0.0,74896008.75
2025-08-01 09:23:52 AM,13.15,1200,15780.0,74911788.75
2025-08-01 09:23:52 AM,13.25,0,0.0,74911788.75
2025-08-01 09:23:52 AM,13.2,0,0.0,74911788.75
2025-08-01 09:23:53 AM,13.2,5550,73260.0,74985048.75
2025-08-01 09:23:53 AM,13.15,0,0.0,74985048.75
2025-08-01 09:23:53 AM,13.15,1725,22683.75,75007732.5
2025-08-01 09:23:54 AM,13.15,1050,13807.5,75021540.0
2025-08-01 09:23:54 AM,13.1,0,0.0,75021540.0
2025-08-01 09:23:55 AM,13.1,750,9825.0,75031365.0
2025-08-01 09:23:55 AM,13.2,0,0.0,75031365.0
2025-08-01 09:23:56 AM,13.2,2700,35640.0,75067005.0
2025-08-01 09:23:57 AM,13.25,7200,95400.0,75162405.0
2025-08-01 09:23:58 AM,13.25,2775,36768.75,75199173.75
2025-08-01 09:23:58 AM,13.15,0,0.0,75199173.75
2025-08-01 09:23:58 AM,13.15,30300,398445.0,75597618.75
2025-08-01 09:23:59 AM,13.2,375,4950.0,75602568.75
2025-08-01 09:24:00 AM,13.2,3750,49500.0,75652068.75
2025-08-01 09:24:00 AM,13.1,0,0.0,75652068.75
2025-08-01 09:24:01 AM,13.1,3900,51090.0,75703158.75
2025-08-01 09:24:01 AM,13.15,375,4931.25,75708090.0
2025-08-01 09:24:02 AM,12.95,0,0.0,75708090.0
2025-08-01 09:24:02 AM,13.0,0,0.0,75708090.0
2025-08-01 09:24:03 AM,13.0,26775,348075.0,76056165.0
2025-08-01 09:24:03 AM,12.75,0,0.0,76056165.0
2025-08-01 09:24:03 AM,12.75,25125,320343.75,76376508.75
2025-08-01 09:24:03 AM,12.8,0,0.0,76376508.75
2025-08-01 09:24:04 AM,12.85,15375,197568.75,76574077.5
2025-08-01 09:24:04 AM,12.8,0,0.0,76574077.5
2025-08-01 09:24:05 AM,12.8,11175,143040.0,76717117.5
2025-08-01 09:24:05 AM,12.85,0,0.0,76717117.5
2025-08-01 09:24:06 AM,12.8,3525,45120.0,76762237.5
2025-08-01 09:24:06 AM,12.8,2625,33600.0,76795837.5
2025-08-01 09:24:07 AM,12.95,0,0.0,76795837.5
2025-08-01 09:24:07 AM,12.95,2850,36907.5,76832745.0
2025-08-01 09:24:08 AM,13.0,0,0.0,76832745.0
2025-08-01 09:24:08 AM,13.0,1425,18525.0,76851270.0
2025-08-01 09:24:09 AM,13.0,10350,134550.0,76985820.0
2025-08-01 09:24:10 AM,12.95,5400,69930.0,77055750.0
2025-08-01 09:24:11 AM,13.0,225,2925.0,77058675.0
2025-08-01 09:24:12 AM,13.1,300,3930.0,77062605.0
2025-08-01 09:24:12 AM,13.05,0,0.0,77062605.0
2025-08-01 09:24:13 AM,13.1,2250,29475.0,77092080.0
2025-08-01 09:24:13 AM,13.05,0,0.0,77092080.0
2025-08-01 09:24:13 AM,13.05,1275,16638.75,77108718.75
2025-08-01 09:24:14 AM,13.1,900,11790.0,77120508.75
2025-08-01 09:24:15 AM,13.1,150,1965.0,77122473.75
2025-08-01 09:24:15 AM,13.25,0,0.0,77122473.75
2025-08-01 09:24:15 AM,13.15,0,0.0,77122473.75
2025-08-01 09:24:16 AM,13.2,16425,216810.0,77339283.75
2025-08-01 09:24:16 AM,13.25,0,0.0,77339283.75
2025-08-01 09:24:17 AM,13.3,9300,123690.0,77462973.75
2025-08-01 09:24:17 AM,13.35,0,0.0,77462973.75
2025-08-01 09:24:18 AM,13.3,18225,242392.5,77705366.25
2025-08-01 09:24:18 AM,13.5,0,0.0,77705366.25
2025-08-01 09:24:18 AM,13.5,12600,170100.0,77875466.25
2025-08-01 09:24:19 AM,13.6,0,0.0,77875466.25
2025-08-01 09:24:19 AM,13.6,10800,146880.0,78022346.25
2025-08-01 09:24:20 AM,13.5,3075,41512.5,78063858.75
2025-08-01 09:24:20 AM,13.45,0,0.0,78063858.75
2025-08-01 09:24:21 AM,13.4,600,8040.0,78071898.75
2025-08-01 09:24:21 AM,13.35,0,0.0,78071898.75
2025-08-01 09:24:22 AM,13.4,5175,69345.0,78141243.75
2025-08-01 09:24:23 AM,13.3,3225,42892.5,78184136.25
2025-08-01 09:24:23 AM,13.4,0,0.0,78184136.25
2025-08-01 09:24:23 AM,13.4,150,2010.0,78186146.25
2025-08-01 09:24:24 AM,13.3,0,0.0,78186146.25
2025-08-01 09:24:24 AM,13.3,375,4987.5,78191133.75
2025-08-01 09:24:25 AM,13.35,3000,40050.0,78231183.75
2025-08-01 09:24:25 AM,13.4,0,0.0,78231183.75
2025-08-01 09:24:26 AM,13.3,375,4987.5,78236171.25
2025-08-01 09:24:26 AM,13.35,0,0.0,78236171.25
2025-08-01 09:24:26 AM,13.35,3075,41051.25,78277222.5
2025-08-01 09:24:27 AM,13.3,0,0.0,78277222.5
2025-08-01 09:24:27 AM,13.25,0,0.0,78277222.5
2025-08-01 09:24:28 AM,13.25,2250,29812.5,78307035.0
2025-08-01 09:24:28 AM,13.2,0,0.0,78307035.0
2025-08-01 09:24:28 AM,13.2,1275,16830.0,78323865.0
2025-08-01 09:24:29 AM,13.05,0,0.0,78323865.0
2025-08-01 09:24:29 AM,13.05,4800,62640.0,78386505.0
2025-08-01 09:24:29 AM,13.1,0,0.0,78386505.0
2025-08-01 09:24:30 AM,13.15,2550,33532.5,78420037.5
2025-08-01 09:24:30 AM,13.2,0,0.0,78420037.5
2025-08-01 09:24:31 AM,13.15,184500,2426175.0,80846212.5
2025-08-01 09:24:31 AM,13.1,0,0.0,80846212.5
2025-08-01 09:24:31 AM,13.1,525,6877.5,80853090.0
2025-08-01 09:24:32 AM,13.25,0,0.0,80853090.0
2025-08-01 09:24:33 AM,13.25,243975,3232668.75,84085758.75
2025-08-01 09:24:33 AM,13.2,0,0.0,84085758.75
2025-08-01 09:24:33 AM,13.2,7200,95040.0,84180798.75
2025-08-01 09:24:34 AM,13.15,0,0.0,84180798.75
2025-08-01 09:24:34 AM,13.15,4125,54243.75,84235042.5
2025-08-01 09:24:35 AM,13.15,5250,69037.5,84304080.0
2025-08-01 09:24:35 AM,13.2,0,0.0,84304080.0
2025-08-01 09:24:36 AM,13.15,15900,209085.0,84513165.0
2025-08-01 09:24:36 AM,13.2,0,0.0,84513165.0
2025-08-01 09:24:36 AM,13.25,6150,81487.5,84594652.5
2025-08-01 09:24:38 AM,13.25,2625,34781.25,84629433.75
2025-08-01 09:24:38 AM,13.2,0,0.0,84629433.75
2025-08-01 09:24:38 AM,13.25,1725,22856.25,84652290.0
2025-08-01 09:24:39 AM,13.05,0,0.0,84652290.0
2025-08-01 09:24:39 AM,13.05,4200,54810.0,84707100.0
2025-08-01 09:24:40 AM,13.15,2325,30573.75,84737673.75
2025-08-01 09:24:41 AM,13.15,3825,50298.75,84787972.5
2025-08-01 09:24:41 AM,13.1,0,0.0,84787972.5
2025-08-01 09:24:41 AM,13.1,1350,17685.0,84805657.5
2025-08-01 09:24:42 AM,13.15,0,0.0,84805657.5
2025-08-01 09:24:42 AM,13.1,0,0.0,84805657.5
2025-08-01 09:24:43 AM,13.1,3975,52072.5,84857730.0
2025-08-01 09:24:43 AM,13.05,0,0.0,84857730.0
2025-08-01 09:24:43 AM,13.05,3600,46980.0,84904710.0
2025-08-01 09:24:43 AM,13.0,0,0.0,84904710.0
2025-08-01 09:24:44 AM,12.95,0,0.0,84904710.0
2025-08-01 09:24:44 AM,13.0,10350,134550.0,85039260.0
2025-08-01 09:24:45 AM,12.95,450,5827.5,85045087.5
2025-08-01 09:24:46 AM,12.95,6000,77700.0,85122787.5
2025-08-01 09:24:46 AM,13.0,0,0.0,85122787.5
2025-08-01 09:24:46 AM,12.95,0,0.0,85122787.5
2025-08-01 09:24:47 AM,13.05,2250,29362.5,85152150.0
2025-08-01 09:24:48 AM,13.05,1950,25447.5,85177597.5
2025-08-01 09:24:48 AM,13.1,0,0.0,85177597.5
2025-08-01 09:24:48 AM,13.1,2250,29475.0,85207072.5
2025-08-01 09:24:49 AM,13.05,0,0.0,85207072.5
2025-08-01 09:24:49 AM,13.05,750,9787.5,85216860.0
2025-08-01 09:24:50 AM,12.95,6000,77700.0,85294560.0
2025-08-01 09:24:51 AM,13.0,2400,31200.0,85325760.0
2025-08-01 09:24:51 AM,13.05,0,0.0,85325760.0
2025-08-01 09:24:51 AM,13.0,0,0.0,85325760.0
2025-08-01 09:24:52 AM,13.05,1125,14681.25,85340441.25
2025-08-01 09:24:52 AM,13.0,0,0.0,85340441.25
2025-08-01 09:24:53 AM,12.9,4875,62887.5,85403328.75
2025-08-01 09:24:53 AM,12.95,0,0.0,85403328.75
2025-08-01 09:24:53 AM,12.95,2400,31080.0,85434408.75
2025-08-01 09:24:54 AM,12.95,3150,40792.5,85475201.25
2025-08-01 09:24:55 AM,12.9,825,10642.5,85485843.75
2025-08-01 09:24:56 AM,12.9,10050,129645.0,85615488.75
2025-08-01 09:24:57 AM,12.95,1650,21367.5,85636856.25
2025-08-01 09:24:58 AM,12.9,7350,94815.0,85731671.25
2025-08-01 09:24:58 AM,12.9,1800,23220.0,85754891.25
2025-08-01 09:24:59 AM,12.85,0,0.0,85754891.25
2025-08-01 09:24:59 AM,12.85,8025,103121.25,85858012.5
2025-08-01 09:25:00 AM,12.95,6300,81585.0,85939597.5
2025-08-01 09:25:01 AM,13.0,4800,62400.0,86001997.5
2025-08-01 09:25:01 AM,12.85,0,0.0,86001997.5
2025-08-01 09:25:02 AM,12.8,7200,92160.0,86094157.5
2025-08-01 09:25:02 AM,12.9,0,0.0,86094157.5
2025-08-01 09:25:03 AM,12.85,15150,194677.5,86288835.0
2025-08-01 09:25:03 AM,12.8,0,0.0,86288835.0
2025-08-01 09:25:03 AM,12.8,4125,52800.0,86341635.0
2025-08-01 09:25:04 AM,12.8,2175,27840.0,86369475.0
2025-08-01 09:25:05 AM,12.7,6000,76200.0,86445675.0
2025-08-01 09:25:05 AM,12.75,0,0.0,86445675.0
2025-08-01 09:25:06 AM,12.7,9000,114300.0,86559975.0
2025-08-01 09:25:07 AM,12.65,1800,22770.0,86582745.0
2025-08-01 09:25:08 AM,12.7,4500,57150.0,86639895.0
2025-08-01 09:25:09 AM,12.7,2700,34290.0,86674185.0
2025-08-01 09:25:10 AM,12.6,4650,58590.0,86732775.0
2025-08-01 09:25:11 AM,12.6,25575,322245.0,87055020.0
2025-08-01 09:25:11 AM,12.65,0,0.0,87055020.0
2025-08-01 09:25:12 AM,12.55,7650,96007.5,87151027.5
2025-08-01 09:25:12 AM,12.6,0,0.0,87151027.5
2025-08-01 09:25:13 AM,12.6,1875,23625.0,87174652.5
2025-08-01 09:25:13 AM,12.55,0,0.0,87174652.5
2025-08-01 09:25:13 AM,12.55,3375,42356.25,87217008.75
2025-08-01 09:25:14 AM,12.55,8025,100713.75,87317722.5
2025-08-01 09:25:15 AM,12.55,900,11295.0,87329017.5
2025-08-01 09:25:15 AM,12.5,0,0.0,87329017.5
2025-08-01 09:25:16 AM,12.55,6075,76241.25,87405258.75
2025-08-01 09:25:17 AM,12.6,0,0.0,87405258.75
2025-08-01 09:25:17 AM,12.65,0,0.0,87405258.75
2025-08-01 09:25:18 AM,12.55,3225,40473.75,87445732.5
2025-08-01 09:25:18 AM,12.45,0,0.0,87445732.5
2025-08-01 09:25:18 AM,12.5,0,0.0,87445732.5
2025-08-01 09:25:18 AM,12.5,12225,152812.5,87598545.0
2025-08-01 09:25:19 AM,12.45,0,0.0,87598545.0
2025-08-01 09:25:19 AM,12.45,4725,58826.25,87657371.25
2025-08-01 09:25:20 AM,12.4,3375,41850.0,87699221.25
2025-08-01 09:25:20 AM,12.5,0,0.0,87699221.25
2025-08-01 09:25:21 AM,12.5,5550,69375.0,87768596.25
2025-08-01 09:25:21 AM,12.45,0,0.0,87768596.25
2025-08-01 09:25:22 AM,12.45,3075,38283.75,87806880.0
2025-08-01 09:25:22 AM,12.5,0,0.0,87806880.0
2025-08-01 09:25:23 AM,12.5,3825,47812.5,87854692.5
2025-08-01 09:25:23 AM,12.5,2100,26250.0,87880942.5
2025-08-01 09:25:24 AM,12.45,0,0.0,87880942.5
2025-08-01 09:25:24 AM,12.45,300,3735.0,87884677.5
2025-08-01 09:25:25 AM,12.5,75,937.5,87885615.0
2025-08-01 09:25:26 AM,12.55,2025,25413.75,87911028.75
2025-08-01 09:25:27 AM,12.5,825,10312.5,87921341.25
2025-08-01 09:25:27 AM,12.6,0,0.0,87921341.25
2025-08-01 09:25:28 AM,12.65,3975,50283.75,87971625.0
2025-08-01 09:25:28 AM,12.6,0,0.0,87971625.0
2025-08-01 09:25:28 AM,12.6,750,9450.0,87981075.0
2025-08-01 09:25:29 AM,12.85,0,0.0,87981075.0
2025-08-01 09:25:29 AM,12.85,39675,509823.75,88490898.75
2025-08-01 09:25:30 AM,12.75,1875,23906.25,88514805.0
2025-08-01 09:25:31 AM,12.8,33300,426240.0,88941045.0
2025-08-01 09:25:32 AM,12.8,2700,34560.0,88975605.0
2025-08-01 09:25:33 AM,12.85,16950,217807.5,89193412.5
2025-08-01 09:25:33 AM,12.95,0,0.0,89193412.5
2025-08-01 09:25:33 AM,12.9,41400,534060.0,89727472.5
2025-08-01 09:25:34 AM,12.9,14400,185760.0,89913232.5
2025-08-01 09:25:35 AM,12.9,4125,53212.5,89966445.0
2025-08-01 09:25:35 AM,12.95,0,0.0,89966445.0
2025-08-01 09:25:36 AM,12.85,2025,26021.25,89992466.25
2025-08-01 09:25:37 AM,12.85,1200,15420.0,90007886.25
2025-08-01 09:25:38 AM,12.85,2700,34695.0,90042581.25
2025-08-01 09:25:38 AM,12.85,6825,87701.25,90130282.5
2025-08-01 09:25:38 AM,12.9,0,0.0,90130282.5
2025-08-01 09:25:39 AM,12.8,15450,197760.0,90328042.5
2025-08-01 09:25:39 AM,12.85,0,0.0,90328042.5
2025-08-01 09:25:40 AM,12.85,21000,269850.0,90597892.5
2025-08-01 09:25:41 AM,12.95,23625,305943.75,90903836.25
2025-08-01 09:25:42 AM,12.95,1875,24281.25,90928117.5
2025-08-01 09:25:42 AM,13.05,0,0.0,90928117.5
2025-08-01 09:25:43 AM,13.1,53400,699540.0,91627657.5
2025-08-01 09:25:43 AM,13.05,23775,310263.75,91937921.25
2025-08-01 09:25:43 AM,13.0,0,0.0,91937921.25
2025-08-01 09:25:43 AM,12.95,0,0.0,91937921.25
2025-08-01 09:25:44 AM,12.9,79875,1030387.5,92968308.75
2025-08-01 09:25:45 AM,12.9,39675,511807.5,93480116.25
2025-08-01 09:25:46 AM,13.0,66975,870675.0,94350791.25
2025-08-01 09:25:47 AM,13.05,12900,168345.0,94519136.25
2025-08-01 09:25:47 AM,13.1,0,0.0,94519136.25
2025-08-01 09:25:48 AM,13.1,98175,1286092.5,95805228.75
2025-08-01 09:25:48 AM,13.05,9225,120386.25,95925615.0
2025-08-01 09:25:48 AM,13.1,0,0.0,95925615.0
2025-08-01 09:25:49 AM,13.0,72825,946725.0,96872340.0
2025-08-01 09:25:50 AM,13.05,37575,490353.75,97362693.75
2025-08-01 09:25:50 AM,13.1,0,0.0,97362693.75
2025-08-01 09:25:50 AM,13.05,0,0.0,97362693.75
2025-08-01 09:25:51 AM,13.0,42750,555750.0,97918443.75
2025-08-01 09:25:51 AM,13.05,0,0.0,97918443.75
2025-08-01 09:25:52 AM,13.15,44100,579915.0,98498358.75
2025-08-01 09:25:52 AM,13.0,0,0.0,98498358.75
2025-08-01 09:25:52 AM,13.05,0,0.0,98498358.75
2025-08-01 09:25:53 AM,12.95,29850,386557.5,98884916.25
2025-08-01 09:25:53 AM,13.0,48525,630825.0,99515741.25
2025-08-01 09:25:53 AM,13.1,0,0.0,99515741.25
2025-08-01 09:25:53 AM,13.05,0,0.0,99515741.25
2025-08-01 09:25:54 AM,12.95,46200,598290.0,100114031.25
2025-08-01 09:25:55 AM,12.95,5625,72843.75,100186875.0
2025-08-01 09:25:55 AM,12.9,0,0.0,100186875.0
2025-08-01 09:25:55 AM,13.0,0,0.0,100186875.0
2025-08-01 09:25:56 AM,12.85,9375,120468.75,100307343.75
2025-08-01 09:25:56 AM,12.8,0,0.0,100307343.75
2025-08-01 09:25:56 AM,12.8,15825,202560.0,100509903.75
2025-08-01 09:25:57 AM,12.75,0,0.0,100509903.75
2025-08-01 09:25:57 AM,12.7,0,0.0,100509903.75
2025-08-01 09:25:57 AM,12.7,13350,169545.0,100679448.75
2025-08-01 09:25:58 AM,12.65,10425,131876.25,100811325.0
2025-08-01 09:25:58 AM,12.6,0,0.0,100811325.0
2025-08-01 09:25:59 AM,12.6,11475,144585.0,100955910.0
2025-08-01 09:25:59 AM,12.55,0,0.0,100955910.0
2025-08-01 09:26:00 AM,12.65,10800,136620.0,101092530.0
2025-08-01 09:26:00 AM,12.6,0,0.0,101092530.0
2025-08-01 09:26:00 AM,12.55,0,0.0,101092530.0
2025-08-01 09:26:01 AM,12.6,6375,80325.0,101172855.0
2025-08-01 09:26:01 AM,12.5,0,0.0,101172855.0
2025-08-01 09:26:01 AM,12.5,22575,282187.5,101455042.5
2025-08-01 09:26:02 AM,12.45,0,0.0,101455042.5
2025-08-01 09:26:02 AM,12.45,9525,118586.25,101573628.75
2025-08-01 09:26:03 AM,12.45,4350,54157.5,101627786.25
2025-08-01 09:26:04 AM,12.5,4350,54375.0,101682161.25
2025-08-01 09:26:05 AM,12.5,15900,198750.0,101880911.25
2025-08-01 09:26:05 AM,12.45,0,0.0,101880911.25
2025-08-01 09:26:06 AM,12.45,2100,26145.0,101907056.25
2025-08-01 09:26:06 AM,12.4,0,0.0,101907056.25
2025-08-01 09:26:06 AM,12.45,0,0.0,101907056.25
2025-08-01 09:26:06 AM,12.4,10800,133920.0,102040976.25
2025-08-01 09:26:07 AM,12.45,0,0.0,102040976.25
2025-08-01 09:26:07 AM,12.45,124575,1550958.75,103591935.0
2025-08-01 09:26:08 AM,12.4,0,0.0,103591935.0
2025-08-01 09:26:08 AM,12.4,41400,513360.0,104105295.0
2025-08-01 09:26:09 AM,12.45,4275,53223.75,104158518.75
2025-08-01 09:26:09 AM,12.7,0,0.0,104158518.75
2025-08-01 09:26:10 AM,12.65,23400,296010.0,104454528.75
2025-08-01 09:26:10 AM,12.55,0,0.0,104454528.75
2025-08-01 09:26:11 AM,12.55,3675,46121.25,104500650.0
2025-08-01 09:26:11 AM,12.45,0,0.0,104500650.0
2025-08-01 09:26:11 AM,12.4,0,0.0,104500650.0
2025-08-01 09:26:11 AM,12.4,17250,213900.0,104714550.0
2025-08-01 09:26:12 AM,12.45,0,0.0,104714550.0
2025-08-01 09:26:12 AM,12.4,0,0.0,104714550.0
2025-08-01 09:26:12 AM,12.4,16500,204600.0,104919150.0
2025-08-01 09:26:13 AM,12.4,33225,411990.0,105331140.0
2025-08-01 09:26:14 AM,12.4,5175,64170.0,105395310.0
2025-08-01 09:26:14 AM,12.35,0,0.0,105395310.0
2025-08-01 09:26:14 AM,12.3,0,0.0,105395310.0
2025-08-01 09:26:15 AM,12.4,6075,75330.0,105470640.0
2025-08-01 09:26:15 AM,12.35,0,0.0,105470640.0
2025-08-01 09:26:16 AM,12.4,4950,61380.0,105532020.0
2025-08-01 09:26:16 AM,12.35,0,0.0,105532020.0
2025-08-01 09:26:16 AM,12.35,2850,35197.5,105567217.5
2025-08-01 09:26:17 AM,12.4,0,0.0,105567217.5
2025-08-01 09:26:17 AM,12.4,15675,194370.0,105761587.5
2025-08-01 09:26:18 AM,12.3,2325,28597.5,105790185.0
2025-08-01 09:26:18 AM,12.25,0,0.0,105790185.0
2025-08-01 09:26:18 AM,12.3,0,0.0,105790185.0
2025-08-01 09:26:19 AM,12.25,2550,31237.5,105821422.5
2025-08-01 09:26:19 AM,12.3,0,0.0,105821422.5
2025-08-01 09:26:20 AM,12.25,4950,60637.5,105882060.0
2025-08-01 09:26:21 AM,12.25,5100,62475.0,105944535.0
2025-08-01 09:26:21 AM,12.3,0,0.0,105944535.0
2025-08-01 09:26:21 AM,12.1,29400,355740.0,106300275.0
2025-08-01 09:26:22 AM,12.25,0,0.0,106300275.0
2025-08-01 09:26:22 AM,12.2,0,0.0,106300275.0
2025-08-01 09:26:22 AM,12.2,5100,62220.0,106362495.0
2025-08-01 09:26:23 AM,12.2,4800,58560.0,106421055.0
2025-08-01 09:26:23 AM,12.3,0,0.0,106421055.0
2025-08-01 09:26:24 AM,12.4,42150,522660.0,106943715.0
2025-08-01 09:26:24 AM,12.3,0,0.0,106943715.0
2025-08-01 09:26:25 AM,12.25,6975,85443.75,107029158.75
2025-08-01 09:26:25 AM,12.2,0,0.0,107029158.75
2025-08-01 09:26:25 AM,12.3,0,0.0,107029158.75
2025-08-01 09:26:26 AM,12.15,22950,278842.5,107308001.25
2025-08-01 09:26:26 AM,12.1,7200,87120.0,107395121.25
2025-08-01 09:26:27 AM,12.2,0,0.0,107395121.25
2025-08-01 09:26:27 AM,12.2,4575,55815.0,107450936.25
2025-08-01 09:26:28 AM,12.2,375,4575.0,107455511.25
2025-08-01 09:26:28 AM,12.35,0,0.0,107455511.25
2025-08-01 09:26:29 AM,12.3,0,0.0,107455511.25
2025-08-01 09:26:29 AM,12.2,2925,35685.0,107491196.25
2025-08-01 09:26:29 AM,12.3,0,0.0,107491196.25
2025-08-01 09:26:30 AM,12.2,1275,15555.0,107506751.25
2025-08-01 09:26:30 AM,12.3,0,0.0,107506751.25
2025-08-01 09:26:30 AM,12.25,0,0.0,107506751.25
2025-08-01 09:26:31 AM,12.25,4275,52368.75,107559120.0
2025-08-01 09:26:31 AM,12.2,0,0.0,107559120.0
2025-08-01 09:26:31 AM,12.25,0,0.0,107559120.0
2025-08-01 09:26:31 AM,12.2,4125,50325.0,107609445.0
2025-08-01 09:26:32 AM,12.25,0,0.0,107609445.0
2025-08-01 09:26:32 AM,12.3,0,0.0,107609445.0
2025-08-01 09:26:32 AM,12.3,3375,41512.5,107650957.5
2025-08-01 09:26:33 AM,12.4,675,8370.0,107659327.5
2025-08-01 09:26:33 AM,12.35,0,0.0,107659327.5
2025-08-01 09:26:34 AM,12.4,2700,33480.0,107692807.5
2025-08-01 09:26:35 AM,12.4,4350,53940.0,107746747.5
2025-08-01 09:26:35 AM,12.35,0,0.0,107746747.5
2025-08-01 09:26:35 AM,12.4,0,0.0,107746747.5
2025-08-01 09:26:36 AM,12.4,9075,112530.0,107859277.5
2025-08-01 09:26:36 AM,12.45,0,0.0,107859277.5
2025-08-01 09:26:36 AM,12.45,3300,41085.0,107900362.5
2025-08-01 09:26:37 AM,12.35,0,0.0,107900362.5
2025-08-01 09:26:37 AM,12.4,1275,15810.0,107916172.5
2025-08-01 09:26:38 AM,12.4,2550,31620.0,107947792.5
2025-08-01 09:26:39 AM,12.45,2775,34548.75,107982341.25
2025-08-01 09:26:39 AM,12.4,0,0.0,107982341.25
2025-08-01 09:26:40 AM,12.45,7275,90573.75,108072915.0
2025-08-01 09:26:41 AM,12.45,225,2801.25,108075716.25
2025-08-01 09:26:41 AM,12.5,0,0.0,108075716.25
2025-08-01 09:26:41 AM,12.4,5175,64170.0,108139886.25
2025-08-01 09:26:42 AM,12.45,0,0.0,108139886.25
2025-08-01 09:26:42 AM,12.45,13125,163406.25,108303292.5
2025-08-01 09:26:43 AM,12.45,1650,20542.5,108323835.0
2025-08-01 09:26:43 AM,12.4,0,0.0,108323835.0
2025-08-01 09:26:44 AM,12.45,4500,56025.0,108379860.0
2025-08-01 09:26:45 AM,12.35,1200,14820.0,108394680.0
2025-08-01 09:26:45 AM,12.4,0,0.0,108394680.0
2025-08-01 09:26:46 AM,12.3,1500,18450.0,108413130.0
2025-08-01 09:26:46 AM,12.45,0,0.0,108413130.0
2025-08-01 09:26:46 AM,12.45,4800,59760.0,108472890.0
2025-08-01 09:26:47 AM,12.35,0,0.0,108472890.0
2025-08-01 09:26:47 AM,12.35,825,10188.75,108483078.75
2025-08-01 09:26:48 AM,12.4,900,11160.0,108494238.75
2025-08-01 09:26:48 AM,12.35,0,0.0,108494238.75
2025-08-01 09:26:49 AM,12.35,1425,17598.75,108511837.5
2025-08-01 09:26:49 AM,12.4,0,0.0,108511837.5
2025-08-01 09:26:50 AM,12.45,6525,81236.25,108593073.75
2025-08-01 09:26:50 AM,12.4,0,0.0,108593073.75
2025-08-01 09:26:51 AM,12.3,900,11070.0,108604143.75
2025-08-01 09:26:51 AM,12.35,1875,23156.25,108627300.0
2025-08-01 09:26:52 AM,12.35,300,3705.0,108631005.0
2025-08-01 09:26:53 AM,12.3,1875,23062.5,108654067.5
2025-08-01 09:26:53 AM,12.35,0,0.0,108654067.5
2025-08-01 09:26:54 AM,12.45,29100,362295.0,109016362.5
2025-08-01 09:26:54 AM,12.4,0,0.0,109016362.5
2025-08-01 09:26:55 AM,12.45,5175,64428.74999999999,109080791.25
2025-08-01 09:26:55 AM,12.35,0,0.0,109080791.25
2025-08-01 09:26:55 AM,12.4,0,0.0,109080791.25
2025-08-01 09:26:56 AM,12.35,3675,45386.25,109126177.5
2025-08-01 09:26:56 AM,12.3,0,0.0,109126177.5
2025-08-01 09:26:56 AM,12.35,0,0.0,109126177.5
2025-08-01 09:26:56 AM,12.25,1875,22968.75,109149146.25
2025-08-01 09:26:57 AM,12.3,0,0.0,109149146.25
2025-08-01 09:26:57 AM,12.3,2625,32287.500000000004,109181433.75
2025-08-01 09:26:58 AM,12.3,750,9225.0,109190658.75
2025-08-01 09:26:59 AM,12.3,2775,34132.5,109224791.25
2025-08-01 09:26:59 AM,12.25,0,0.0,109224791.25
2025-08-01 09:27:00 AM,12.3,28575,351472.5,109576263.75
2025-08-01 09:27:01 AM,12.25,2625,32156.25,109608420.0
2025-08-01 09:27:01 AM,12.3,0,0.0,109608420.0
2025-08-01 09:27:01 AM,12.35,0,0.0,109608420.0
2025-08-01 09:27:02 AM,12.35,2850,35197.5,109643617.5
2025-08-01 09:27:02 AM,12.4,0,0.0,109643617.5
2025-08-01 09:27:02 AM,12.4,750,9300.0,109652917.5
2025-08-01 09:27:03 AM,12.25,5700,69825.0,109722742.5
2025-08-01 09:27:03 AM,12.3,0,0.0,109722742.5
2025-08-01 09:27:04 AM,12.3,2250,27675.0,109750417.5
2025-08-01 09:27:05 AM,12.25,75,918.75,109751336.25
2025-08-01 09:27:06 AM,12.25,150,1837.5,109753173.75
2025-08-01 09:27:07 AM,12.25,5550,67987.5,109821161.25
2025-08-01 09:27:07 AM,12.25,1875,22968.75,109844130.0
2025-08-01 09:27:08 AM,12.25,20925,256331.25,110100461.25
2025-08-01 09:27:09 AM,12.35,600,7410.0,110107871.25
2025-08-01 09:27:10 AM,12.3,825,10147.5,110118018.75
2025-08-01 09:27:10 AM,12.25,0,0.0,110118018.75
2025-08-01 09:27:11 AM,12.25,2625,32156.25,110150175.0
2025-08-01 09:27:11 AM,12.2,0,0.0,110150175.0
2025-08-01 09:27:11 AM,12.25,0,0.0,110150175.0
2025-08-01 09:27:12 AM,12.25,2175,26643.75,110176818.75
2025-08-01 09:27:12 AM,12.3,3600,44280.0,110221098.75
2025-08-01 09:27:13 AM,12.3,1875,23062.5,110244161.25
2025-08-01 09:27:13 AM,12.35,0,0.0,110244161.25
2025-08-01 09:27:14 AM,12.3,31725,390217.5,110634378.75
2025-08-01 09:27:14 AM,12.35,0,0.0,110634378.75
2025-08-01 09:27:14 AM,12.3,0,0.0,110634378.75
2025-08-01 09:27:15 AM,12.35,4125,50943.75,110685322.5
2025-08-01 09:27:15 AM,12.25,0,0.0,110685322.5
2025-08-01 09:27:15 AM,12.3,0,0.0,110685322.5
2025-08-01 09:27:16 AM,12.3,4950,60885.0,110746207.5
2025-08-01 09:27:16 AM,12.25,0,0.0,110746207.5
2025-08-01 09:27:17 AM,12.3,5925,72877.5,110819085.0
2025-08-01 09:27:17 AM,12.3,19725,242617.5,111061702.5
2025-08-01 09:27:18 AM,12.2,4500,54900.0,111116602.5
2025-08-01 09:27:19 AM,12.2,2625,32024.999999999996,111148627.5
2025-08-01 09:27:20 AM,12.3,4950,60885.0,111209512.5
2025-08-01 09:27:20 AM,12.25,0,0.0,111209512.5
2025-08-01 09:27:21 AM,12.25,3450,42262.5,111251775.0
2025-08-01 09:27:22 AM,12.25,32475,397818.75,111649593.75
2025-08-01 09:27:22 AM,12.2,150,1830.0,111651423.75
2025-08-01 09:27:23 AM,12.25,2775,33993.75,111685417.5
2025-08-01 09:27:24 AM,12.25,2625,32156.25,111717573.75
2025-08-01 09:27:25 AM,12.25,2700,33075.0,111750648.75
2025-08-01 09:27:26 AM,12.15,3075,37361.25,111788010.0
2025-08-01 09:27:26 AM,12.25,0,0.0,111788010.0
2025-08-01 09:27:27 AM,12.2,5400,65880.0,111853890.0
2025-08-01 09:27:27 AM,12.25,5100,62475.0,111916365.0
2025-08-01 09:27:28 AM,12.2,2775,33855.0,111950220.0
2025-08-01 09:27:29 AM,12.15,825,10023.75,111960243.75
2025-08-01 09:27:29 AM,12.1,0,0.0,111960243.75
2025-08-01 09:27:30 AM,12.15,9750,118462.5,112078706.25
2025-08-01 09:27:30 AM,12.1,0,0.0,112078706.25
2025-08-01 09:27:31 AM,12.2,7725,94245.0,112172951.25
2025-08-01 09:27:31 AM,12.15,0,0.0,112172951.25
2025-08-01 09:27:31 AM,12.2,0,0.0,112172951.25
2025-08-01 09:27:32 AM,12.15,9225,112083.75,112285035.0
2025-08-01 09:27:32 AM,12.15,375,4556.25,112289591.25
2025-08-01 09:27:33 AM,12.15,2100,25515.0,112315106.25
2025-08-01 09:27:34 AM,12.15,1425,17313.75,112332420.0
2025-08-01 09:27:34 AM,12.2,0,0.0,112332420.0
2025-08-01 09:27:35 AM,12.15,825,10023.75,112342443.75
2025-08-01 09:27:36 AM,12.2,7050,86010.0,112428453.75
2025-08-01 09:27:36 AM,12.15,0,0.0,112428453.75
2025-08-01 09:27:37 AM,12.15,3450,41917.5,112470371.25
2025-08-01 09:27:37 AM,12.15,4425,53763.75,112524135.0
2025-08-01 09:27:38 AM,12.25,3300,40425.0,112564560.0
2025-08-01 09:27:38 AM,12.15,0,0.0,112564560.0
2025-08-01 09:27:39 AM,12.2,9525,116205.0,112680765.0
2025-08-01 09:27:40 AM,12.2,1875,22875.0,112703640.0
2025-08-01 09:27:40 AM,12.1,0,0.0,112703640.0
2025-08-01 09:27:40 AM,12.15,0,0.0,112703640.0
2025-08-01 09:27:41 AM,12.05,5325,64166.25000000001,112767806.25
2025-08-01 09:27:41 AM,12.15,0,0.0,112767806.25
2025-08-01 09:27:42 AM,12.2,4725,57645.0,112825451.25
2025-08-01 09:27:42 AM,12.05,825,9941.25,112835392.5
2025-08-01 09:27:42 AM,12.1,0,0.0,112835392.5
2025-08-01 09:27:43 AM,12.0,6675,80100.0,112915492.5
2025-08-01 09:27:43 AM,12.1,0,0.0,112915492.5
2025-08-01 09:27:44 AM,12.1,6750,81675.0,112997167.5
2025-08-01 09:27:44 AM,12.2,0,0.0,112997167.5
2025-08-01 09:27:45 AM,12.1,27300,330330.0,113327497.5
2025-08-01 09:27:46 AM,12.1,3975,48097.5,113375595.0
2025-08-01 09:27:46 AM,12.15,0,0.0,113375595.0
2025-08-01 09:27:47 AM,12.15,3075,37361.25,113412956.25
2025-08-01 09:27:47 AM,12.1,1725,20872.5,113433828.75
2025-08-01 09:27:48 AM,12.05,2025,24401.25,113458230.0
2025-08-01 09:27:49 AM,12.05,3150,37957.5,113496187.5
2025-08-01 09:27:49 AM,12.15,0,0.0,113496187.5
2025-08-01 09:27:50 AM,12.25,2400,29400.0,113525587.5
2025-08-01 09:27:50 AM,12.2,0,0.0,113525587.5
2025-08-01 09:27:51 AM,12.15,4125,50118.75,113575706.25
2025-08-01 09:27:52 AM,12.15,1050,12757.5,113588463.75
2025-08-01 09:27:52 AM,12.15,1500,18225.0,113606688.75
2025-08-01 09:27:53 AM,12.15,2100,25515.0,113632203.75
2025-08-01 09:27:53 AM,12.1,0,0.0,113632203.75
2025-08-01 09:27:54 AM,12.15,675,8201.25,113640405.0
2025-08-01 09:27:55 AM,12.2,0,0.0,113640405.0
2025-08-01 09:27:56 AM,12.2,3075,37515.0,113677920.0
2025-08-01 09:27:57 AM,12.25,4875,59718.75,113737638.75
2025-08-01 09:27:57 AM,12.25,7125,87281.25,113824920.0
2025-08-01 09:27:57 AM,12.2,0,0.0,113824920.0
2025-08-01 09:27:58 AM,12.15,3375,41006.25,113865926.25
2025-08-01 09:27:59 AM,12.15,1875,22781.25,113888707.5
2025-08-01 09:27:59 AM,12.1,0,0.0,113888707.5
2025-08-01 09:28:00 AM,12.2,8475,103395.0,113992102.5
2025-08-01 09:28:00 AM,12.15,0,0.0,113992102.5
2025-08-01 09:28:01 AM,12.2,7725,94245.0,114086347.5
2025-08-01 09:28:02 AM,12.2,4350,53070.0,114139417.5
2025-08-01 09:28:02 AM,12.2,150,1830.0,114141247.5
2025-08-01 09:28:03 AM,12.15,2625,31893.75,114173141.25
2025-08-01 09:28:04 AM,12.25,0,0.0,114173141.25
2025-08-01 09:28:05 AM,12.25,75,918.75,114174060.0
2025-08-01 09:28:05 AM,12.15,0,0.0,114174060.0
2025-08-01 09:28:06 AM,12.15,12675,154001.25,114328061.25
2025-08-01 09:28:07 AM,12.15,9975,121196.25,114449257.5
2025-08-01 09:28:07 AM,12.05,0,0.0,114449257.5
2025-08-01 09:28:07 AM,12.05,75,903.75,114450161.25
2025-08-01 09:28:08 AM,12.15,900,10935.0,114461096.25
2025-08-01 09:28:08 AM,12.1,0,0.0,114461096.25
2025-08-01 09:28:08 AM,12.15,0,0.0,114461096.25
2025-08-01 09:28:09 AM,12.05,10275,123813.75000000001,114584910.0
2025-08-01 09:28:09 AM,11.95,0,0.0,114584910.0
2025-08-01 09:28:09 AM,11.9,0,0.0,114584910.0
2025-08-01 09:28:10 AM,11.85,51075,605238.75,115190148.75
2025-08-01 09:28:10 AM,11.8,0,0.0,115190148.75
2025-08-01 09:28:11 AM,11.85,9750,115537.5,115305686.25
2025-08-01 09:28:12 AM,11.85,3000,35550.0,115341236.25
2025-08-01 09:28:12 AM,11.95,2700,32264.999999999996,115373501.25
2025-08-01 09:28:13 AM,11.9,5775,68722.5,115442223.75
2025-08-01 09:28:14 AM,11.95,1800,21510.0,115463733.75
2025-08-01 09:28:15 AM,12.0,15900,190800.0,115654533.75
2025-08-01 09:28:16 AM,12.0,17925,215100.0,115869633.75
2025-08-01 09:28:16 AM,12.05,0,0.0,115869633.75
2025-08-01 09:28:17 AM,11.95,9525,113823.75,115983457.5
2025-08-01 09:28:17 AM,12.05,0,0.0,115983457.5
2025-08-01 09:28:17 AM,12.05,2925,35246.25,116018703.75
2025-08-01 09:28:18 AM,12.15,2775,33716.25,116052420.0
2025-08-01 09:28:19 AM,12.15,675,8201.25,116060621.25
2025-08-01 09:28:19 AM,12.1,0,0.0,116060621.25
2025-08-01 09:28:20 AM,12.1,1350,16335.0,116076956.25
2025-08-01 09:28:21 AM,12.0,1275,15300.0,116092256.25
2025-08-01 09:28:21 AM,11.95,0,0.0,116092256.25
2025-08-01 09:28:22 AM,11.95,2550,30472.5,116122728.75
2025-08-01 09:28:22 AM,12.0,0,0.0,116122728.75
2025-08-01 09:28:22 AM,12.0,2400,28800.0,116151528.75
2025-08-01 09:28:23 AM,12.0,3300,39600.0,116191128.75
2025-08-01 09:28:24 AM,12.0,2850,34200.0,116225328.75
2025-08-01 09:28:24 AM,11.95,0,0.0,116225328.75
2025-08-01 09:28:25 AM,11.95,5175,61841.24999999999,116287170.0
2025-08-01 09:28:25 AM,11.9,0,0.0,116287170.0
2025-08-01 09:28:25 AM,12.0,0,0.0,116287170.0
2025-08-01 09:28:26 AM,12.0,23625,283500.0,116570670.0
2025-08-01 09:28:26 AM,12.05,0,0.0,116570670.0
2025-08-01 09:28:26 AM,11.95,0,0.0,116570670.0
2025-08-01 09:28:27 AM,11.95,14775,176561.25,116747231.25
2025-08-01 09:28:27 AM,11.95,9750,116512.5,116863743.75
2025-08-01 09:28:28 AM,12.0,2625,31500.0,116895243.75
2025-08-01 09:28:29 AM,11.95,1500,17925.0,116913168.75
2025-08-01 09:28:29 AM,11.9,0,0.0,116913168.75
2025-08-01 09:28:30 AM,11.95,1650,19717.5,116932886.25
2025-08-01 09:28:30 AM,11.9,0,0.0,116932886.25
2025-08-01 09:28:31 AM,11.9,1350,16065.0,116948951.25
2025-08-01 09:28:31 AM,11.95,0,0.0,116948951.25
2025-08-01 09:28:32 AM,11.9,2175,25882.5,116974833.75
2025-08-01 09:28:32 AM,11.95,0,0.0,116974833.75
2025-08-01 09:28:32 AM,11.95,4350,51982.5,117026816.25
2025-08-01 09:28:33 AM,12.05,3300,39765.0,117066581.25
2025-08-01 09:28:33 AM,12.15,0,0.0,117066581.25
2025-08-01 09:28:34 AM,12.0,4500,54000.0,117120581.25
2025-08-01 09:28:34 AM,12.1,0,0.0,117120581.25
2025-08-01 09:28:34 AM,12.05,0,0.0,117120581.25
2025-08-01 09:28:35 AM,12.1,11550,139755.0,117260336.25
2025-08-01 09:28:36 AM,12.15,39825,483873.75,117744210.0
2025-08-01 09:28:36 AM,12.1,0,0.0,117744210.0
2025-08-01 09:28:37 AM,12.15,4950,60142.5,117804352.5
2025-08-01 09:28:37 AM,12.2,0,0.0,117804352.5
2025-08-01 09:28:37 AM,12.2,4800,58560.0,117862912.5
2025-08-01 09:28:38 AM,12.15,750,9112.5,117872025.0
2025-08-01 09:28:39 AM,12.15,1800,21870.0,117893895.0
2025-08-01 09:28:39 AM,12.1,0,0.0,117893895.0
2025-08-01 09:28:40 AM,12.1,750,9075.0,117902970.0
2025-08-01 09:28:41 AM,12.05,3150,37957.5,117940927.5
2025-08-01 09:28:41 AM,12.15,0,0.0,117940927.5
2025-08-01 09:28:42 AM,12.15,3450,41917.5,117982845.0
2025-08-01 09:28:42 AM,12.1,0,0.0,117982845.0
2025-08-01 09:28:42 AM,12.05,1950,23497.5,118006342.5
2025-08-01 09:28:43 AM,12.1,975,11797.5,118018140.0
2025-08-01 09:28:44 AM,12.15,1275,15491.25,118033631.25
2025-08-01 09:28:44 AM,12.05,0,0.0,118033631.25
2025-08-01 09:28:45 AM,12.05,4425,53321.25,118086952.5
2025-08-01 09:28:45 AM,12.1,0,0.0,118086952.5
2025-08-01 09:28:46 AM,12.1,900,10890.0,118097842.5
2025-08-01 09:28:47 AM,12.05,1650,19882.5,118117725.0
2025-08-01 09:28:47 AM,12.15,0,0.0,118117725.0
2025-08-01 09:28:47 AM,12.2,7650,93330.0,118211055.0
2025-08-01 09:28:48 AM,12.25,19875,243468.75,118454523.75
2025-08-01 09:28:48 AM,12.3,0,0.0,118454523.75
2025-08-01 09:28:49 AM,12.3,15675,192802.5,118647326.25
2025-08-01 09:28:49 AM,12.25,0,0.0,118647326.25
2025-08-01 09:28:50 AM,12.15,8100,98415.0,118745741.25
2025-08-01 09:28:51 AM,12.15,4125,50118.75,118795860.0
2025-08-01 09:28:51 AM,12.1,0,0.0,118795860.0
2025-08-01 09:28:51 AM,12.15,0,0.0,118795860.0
2025-08-01 09:28:52 AM,12.15,1200,14580.0,118810440.0
2025-08-01 09:28:52 AM,12.05,0,0.0,118810440.0
2025-08-01 09:28:52 AM,12.05,1425,17171.25,118827611.25
2025-08-01 09:28:53 AM,12.05,150,1807.5,118829418.75
2025-08-01 09:28:53 AM,12.0,0,0.0,118829418.75
2025-08-01 09:28:54 AM,12.05,2025,24401.25,118853820.0
2025-08-01 09:28:54 AM,11.95,0,0.0,118853820.0
2025-08-01 09:28:54 AM,12.0,0,0.0,118853820.0
2025-08-01 09:28:55 AM,12.0,2100,25200.0,118879020.0
2025-08-01 09:28:56 AM,12.0,225,2700.0,118881720.0
2025-08-01 09:28:56 AM,11.95,0,0.0,118881720.0
2025-08-01 09:28:56 AM,12.0,0,0.0,118881720.0
2025-08-01 09:28:57 AM,12.05,5250,63262.50000000001,118944982.5
2025-08-01 09:28:57 AM,11.95,0,0.0,118944982.5
2025-08-01 09:28:57 AM,12.0,4200,50400.0,118995382.5
2025-08-01 09:28:58 AM,12.0,150,1800.0,118997182.5
2025-08-01 09:28:59 AM,11.9,2325,27667.5,119024850.0
2025-08-01 09:29:00 AM,11.95,8475,101276.25,119126126.25
2025-08-01 09:29:00 AM,12.0,0,0.0,119126126.25
2025-08-01 09:29:01 AM,12.0,15150,181800.0,119307926.25
2025-08-01 09:29:02 AM,12.05,29025,349751.25,119657677.5
2025-08-01 09:29:02 AM,11.9,0,0.0,119657677.5
2025-08-01 09:29:02 AM,11.9,2400,28560.0,119686237.5
2025-08-01 09:29:02 AM,11.95,0,0.0,119686237.5
2025-08-01 09:29:03 AM,12.0,2925,35100.0,119721337.5
2025-08-01 09:29:04 AM,12.0,1725,20700.0,119742037.5
2025-08-01 09:29:05 AM,11.95,1650,19717.5,119761755.0
2025-08-01 09:29:05 AM,11.9,0,0.0,119761755.0
2025-08-01 09:29:06 AM,11.9,2700,32130.0,119793885.0
2025-08-01 09:29:07 AM,11.9,4500,53550.0,119847435.0
2025-08-01 09:29:07 AM,11.9,2250,26775.0,119874210.0
2025-08-01 09:29:08 AM,11.9,2325,27667.5,119901877.5
2025-08-01 09:29:08 AM,11.85,0,0.0,119901877.5
2025-08-01 09:29:09 AM,11.9,3525,41947.5,119943825.0
2025-08-01 09:29:10 AM,11.85,2700,31995.0,119975820.0
2025-08-01 09:29:10 AM,11.8,0,0.0,119975820.0
2025-08-01 09:29:11 AM,11.8,6525,76995.0,120052815.0
2025-08-01 09:29:11 AM,11.9,0,0.0,120052815.0
2025-08-01 09:29:11 AM,11.95,0,0.0,120052815.0
2025-08-01 09:29:12 AM,11.85,35475,420378.75,120473193.75
2025-08-01 09:29:12 AM,11.9,2025,24097.5,120497291.25
2025-08-01 09:29:13 AM,11.95,6150,73492.5,120570783.75
2025-08-01 09:29:14 AM,12.05,5100,61455.0,120632238.75
2025-08-01 09:29:14 AM,12.0,0,0.0,120632238.75
2025-08-01 09:29:15 AM,12.0,2550,30600.0,120662838.75
2025-08-01 09:29:15 AM,12.05,0,0.0,120662838.75
2025-08-01 09:29:16 AM,12.1,2625,31762.5,120694601.25
2025-08-01 09:29:16 AM,12.15,0,0.0,120694601.25
2025-08-01 09:29:17 AM,12.05,1800,21690.0,120716291.25
2025-08-01 09:29:17 AM,12.1,0,0.0,120716291.25
2025-08-01 09:29:17 AM,12.1,750,9075.0,120725366.25
2025-08-01 09:29:18 AM,12.05,3675,44283.75,120769650.0
2025-08-01 09:29:18 AM,12.0,0,0.0,120769650.0
2025-08-01 09:29:19 AM,12.05,3675,44283.75,120813933.75
2025-08-01 09:29:20 AM,12.05,900,10845.0,120824778.75
2025-08-01 09:29:20 AM,12.15,0,0.0,120824778.75
2025-08-01 09:29:20 AM,12.1,0,0.0,120824778.75
2025-08-01 09:29:21 AM,12.05,11850,142792.5,120967571.25
2025-08-01 09:29:21 AM,12.2,0,0.0,120967571.25
2025-08-01 09:29:21 AM,12.25,0,0.0,120967571.25
2025-08-01 09:29:22 AM,12.25,24600,301350.0,121268921.25
2025-08-01 09:29:22 AM,12.2,0,0.0,121268921.25
2025-08-01 09:29:22 AM,12.2,7650,93330.0,121362251.25
2025-08-01 09:29:23 AM,12.25,1050,12862.5,121375113.75
2025-08-01 09:29:24 AM,12.25,300,3675.0,121378788.75
2025-08-01 09:29:25 AM,12.25,975,11943.75,121390732.5
2025-08-01 09:29:25 AM,12.3,0,0.0,121390732.5
2025-08-01 09:29:26 AM,12.3,675,8302.5,121399035.0
2025-08-01 09:29:26 AM,12.2,0,0.0,121399035.0
2025-08-01 09:29:27 AM,12.2,5625,68625.0,121467660.0
2025-08-01 09:29:27 AM,12.25,11175,136893.75,121604553.75
2025-08-01 09:29:27 AM,12.3,0,0.0,121604553.75
2025-08-01 09:29:28 AM,12.3,1275,15682.5,121620236.25
2025-08-01 09:29:29 AM,12.3,75,922.5,121621158.75
2025-08-01 09:29:29 AM,12.25,0,0.0,121621158.75
2025-08-01 09:29:30 AM,12.25,1050,12862.5,121634021.25
2025-08-01 09:29:31 AM,12.3,0,0.0,121634021.25
2025-08-01 09:29:32 AM,12.3,975,11992.5,121646013.75
2025-08-01 09:29:32 AM,12.25,0,0.0,121646013.75
2025-08-01 09:29:33 AM,12.3,10950,134685.0,121780698.75
2025-08-01 09:29:33 AM,12.35,0,0.0,121780698.75
2025-08-01 09:29:34 AM,12.35,14475,178766.25,121959465.0
2025-08-01 09:29:34 AM,12.4,0,0.0,121959465.0
2025-08-01 09:29:34 AM,12.35,0,0.0,121959465.0
2025-08-01 09:29:35 AM,12.35,18225,225078.75,122184543.75
2025-08-01 09:29:35 AM,12.3,0,0.0,122184543.75
2025-08-01 09:29:35 AM,12.3,600,7380.0,122191923.75
2025-08-01 09:29:36 AM,12.3,75,922.5,122192846.25
2025-08-01 09:29:37 AM,12.25,3000,36750.0,122229596.25
2025-08-01 09:29:37 AM,12.3,0,0.0,122229596.25
2025-08-01 09:29:38 AM,12.3,450,5535.0,122235131.25
2025-08-01 09:29:38 AM,12.35,0,0.0,122235131.25
2025-08-01 09:29:39 AM,12.35,825,10188.75,122245320.0
2025-08-01 09:29:39 AM,12.4,0,0.0,122245320.0
2025-08-01 09:29:39 AM,12.45,0,0.0,122245320.0
2025-08-01 09:29:40 AM,12.5,8550,106875.0,122352195.0
2025-08-01 09:29:40 AM,12.45,1950,24277.5,122376472.5
2025-08-01 09:29:41 AM,12.5,2550,31875.0,122408347.5
2025-08-01 09:29:41 AM,12.45,0,0.0,122408347.5
2025-08-01 09:29:42 AM,12.45,1500,18675.0,122427022.5
2025-08-01 09:29:42 AM,12.4,0,0.0,122427022.5
2025-08-01 09:29:43 AM,12.4,5925,73470.0,122500492.5
2025-08-01 09:29:44 AM,12.3,0,0.0,122500492.5
2025-08-01 09:29:45 AM,12.3,1125,13837.5,122514330.0
2025-08-01 09:29:45 AM,12.3,3300,40590.0,122554920.0
2025-08-01 09:29:46 AM,12.3,150,1845.0,122556765.0
2025-08-01 09:29:47 AM,12.3,450,5535.0,122562300.0
2025-08-01 09:29:47 AM,12.2,0,0.0,122562300.0
2025-08-01 09:29:47 AM,12.25,0,0.0,122562300.0
2025-08-01 09:29:48 AM,12.3,6225,76567.5,122638867.5
2025-08-01 09:29:48 AM,12.25,0,0.0,122638867.5
2025-08-01 09:29:49 AM,12.25,2100,25725.0,122664592.5
2025-08-01 09:29:49 AM,12.3,0,0.0,122664592.5
2025-08-01 09:29:50 AM,12.3,150,1845.0,122666437.5
2025-08-01 09:29:50 AM,12.35,600,7410.0,122673847.5
2025-08-01 09:29:51 AM,12.35,1950,24082.5,122697930.0
2025-08-01 09:29:52 AM,12.35,150,1852.5,122699782.5
2025-08-01 09:29:52 AM,12.4,0,0.0,122699782.5
2025-08-01 09:29:53 AM,12.45,4875,60693.75,122760476.25
2025-08-01 09:29:54 AM,12.45,10875,135393.75,122895870.0
2025-08-01 09:29:54 AM,12.4,1950,24180.0,122920050.0
2025-08-01 09:29:55 AM,12.45,525,6536.25,122926586.25
2025-08-01 09:29:55 AM,12.35,0,0.0,122926586.25
2025-08-01 09:29:56 AM,12.35,975,12041.25,122938627.5
2025-08-01 09:29:56 AM,12.4,0,0.0,122938627.5
2025-08-01 09:29:56 AM,12.35,0,0.0,122938627.5
2025-08-01 09:29:57 AM,12.35,2325,28713.75,122967341.25
2025-08-01 09:29:57 AM,12.45,0,0.0,122967341.25
2025-08-01 09:29:58 AM,12.45,1800,22410.0,122989751.25
2025-08-01 09:29:58 AM,12.4,9150,113460.0,123103211.25
2025-08-01 09:29:59 AM,12.4,1275,15810.0,123119021.25
2025-08-01 09:29:59 AM,12.15,0,0.0,123119021.25
2025-08-01 09:30:00 AM,12.25,0,0.0,123119021.25
2025-08-01 09:30:00 AM,12.1,60225,728722.5,123847743.75
2025-08-01 09:30:00 AM,12.05,0,0.0,123847743.75
2025-08-01 09:30:01 AM,12.05,2700,32535.000000000004,123880278.75
2025-08-01 09:30:02 AM,12.1,5700,68970.0,123949248.75
2025-08-01 09:30:03 AM,12.05,0,0.0,123949248.75
2025-08-01 09:30:03 AM,12.05,3825,46091.25,123995340.0
2025-08-01 09:30:03 AM,12.0,12300,147600.0,124142940.0
2025-08-01 09:30:04 AM,12.05,1200,14460.0,124157400.0
2025-08-01 09:30:04 AM,12.0,0,0.0,124157400.0
2025-08-01 09:30:05 AM,12.05,0,0.0,124157400.0
2025-08-01 09:30:05 AM,11.95,3525,42123.75,124199523.75
2025-08-01 09:30:05 AM,12.05,0,0.0,124199523.75
2025-08-01 09:30:06 AM,12.0,1950,23400.0,124222923.75
2025-08-01 09:30:07 AM,11.95,0,0.0,124222923.75
2025-08-01 09:30:07 AM,11.95,4275,51086.25,124274010.0
2025-08-01 09:30:08 AM,11.95,3375,40331.25,124314341.25
2025-08-01 09:30:08 AM,11.9,2250,26775.0,124341116.25
2025-08-01 09:30:09 AM,11.95,0,0.0,124341116.25
2025-08-01 09:30:09 AM,11.9,15600,185640.0,124526756.25
2025-08-01 09:30:10 AM,11.95,0,0.0,124526756.25
2025-08-01 09:30:10 AM,11.95,2775,33161.25,124559917.5
2025-08-01 09:30:10 AM,11.9,0,0.0,124559917.5
2025-08-01 09:30:11 AM,11.9,1500,17850.0,124577767.5
2025-08-01 09:30:11 AM,11.95,0,0.0,124577767.5
2025-08-01 09:30:12 AM,11.95,4050,48397.5,124626165.0
2025-08-01 09:30:12 AM,12.0,0,0.0,124626165.0
2025-08-01 09:30:13 AM,12.0,2925,35100.0,124661265.0
2025-08-01 09:30:13 AM,12.05,450,5422.5,124666687.5
2025-08-01 09:30:14 AM,12.05,450,5422.5,124672110.0
2025-08-01 09:30:15 AM,12.05,150,1807.5,124673917.5
2025-08-01 09:30:15 AM,12.1,0,0.0,124673917.5
2025-08-01 09:30:16 AM,12.0,5700,68400.0,124742317.5
2025-08-01 09:30:17 AM,12.15,0,0.0,124742317.5
2025-08-01 09:30:18 AM,12.15,6900,83835.0,124826152.5
2025-08-01 09:30:18 AM,12.2,9750,118950.0,124945102.5
2025-08-01 09:30:19 AM,12.1,0,0.0,124945102.5
2025-08-01 09:30:19 AM,12.1,750,9075.0,124954177.5
2025-08-01 09:30:19 AM,12.05,0,0.0,124954177.5
2025-08-01 09:30:20 AM,12.1,675,8167.5,124962345.0
2025-08-01 09:30:20 AM,12.0,0,0.0,124962345.0
2025-08-01 09:30:21 AM,12.0,2100,25200.0,124987545.0
2025-08-01 09:30:22 AM,12.0,150,1800.0,124989345.0
2025-08-01 09:30:23 AM,12.05,0,0.0,124989345.0
2025-08-01 09:30:23 AM,12.05,3150,37957.5,125027302.5
2025-08-01 09:30:23 AM,12.05,1050,12652.5,125039955.0
2025-08-01 09:30:23 AM,12.1,0,0.0,125039955.0
2025-08-01 09:30:24 AM,12.0,825,9900.0,125049855.0
2025-08-01 09:30:25 AM,12.1,0,0.0,125049855.0
2025-08-01 09:30:25 AM,12.05,3975,47898.75,125097753.75
2025-08-01 09:30:25 AM,12.0,0,0.0,125097753.75
2025-08-01 09:30:26 AM,12.05,0,0.0,125097753.75
2025-08-01 09:30:26 AM,12.0,3000,36000.0,125133753.75
2025-08-01 09:30:27 AM,12.0,150,1800.0,125135553.75
2025-08-01 09:30:27 AM,11.95,0,0.0,125135553.75
2025-08-01 09:30:28 AM,11.95,18825,224958.75,125360512.5
2025-08-01 09:30:28 AM,12.0,2700,32400.0,125392912.5
2025-08-01 09:30:29 AM,11.95,0,0.0,125392912.5
2025-08-01 09:30:30 AM,12.0,0,0.0,125392912.5
2025-08-01 09:30:30 AM,11.95,2325,27783.75,125420696.25
2025-08-01 09:30:31 AM,11.9,0,0.0,125420696.25
2025-08-01 09:30:31 AM,11.95,1725,20613.75,125441310.0
2025-08-01 09:30:31 AM,12.0,0,0.0,125441310.0
2025-08-01 09:30:32 AM,11.95,0,0.0,125441310.0
2025-08-01 09:30:32 AM,11.95,825,9858.75,125451168.75
2025-08-01 09:30:32 AM,12.0,0,0.0,125451168.75
2025-08-01 09:30:33 AM,12.0,3300,39600.0,125490768.75
2025-08-01 09:30:33 AM,12.15,3825,46473.75,125537242.5
2025-08-01 09:30:33 AM,12.05,0,0.0,125537242.5
2025-08-01 09:30:34 AM,12.05,2475,29823.75,125567066.25
2025-08-01 09:30:35 AM,12.05,5175,62358.75000000001,125629425.0
2025-08-01 09:30:35 AM,12.0,0,0.0,125629425.0
2025-08-01 09:30:36 AM,12.1,975,11797.5,125641222.5
2025-08-01 09:30:37 AM,12.1,1650,19965.0,125661187.5
2025-08-01 09:30:38 AM,12.1,3225,39022.5,125700210.0
2025-08-01 09:30:38 AM,12.15,16875,205031.25,125905241.25
2025-08-01 09:30:38 AM,12.1,0,0.0,125905241.25
2025-08-01 09:30:39 AM,12.15,2625,31893.75,125937135.0
2025-08-01 09:30:40 AM,12.15,225,2733.75,125939868.75
2025-08-01 09:30:41 AM,12.2,825,10065.0,125949933.75
2025-08-01 09:30:42 AM,12.15,975,11846.25,125961780.0
2025-08-01 09:30:42 AM,12.2,0,0.0,125961780.0
2025-08-01 09:30:43 AM,12.25,0,0.0,125961780.0
2025-08-01 09:30:43 AM,12.25,7875,96468.75,126058248.75
2025-08-01 09:30:43 AM,12.2,75,915.0,126059163.75
2025-08-01 09:30:44 AM,12.25,1500,18375.0,126077538.75
2025-08-01 09:30:44 AM,12.3,0,0.0,126077538.75
2025-08-01 09:30:45 AM,12.25,1575,19293.75,126096832.5
2025-08-01 09:30:45 AM,12.2,0,0.0,126096832.5
2025-08-01 09:30:46 AM,12.3,2925,35977.5,126132810.0
2025-08-01 09:30:46 AM,12.25,0,0.0,126132810.0
2025-08-01 09:30:47 AM,12.25,1125,13781.25,126146591.25
2025-08-01 09:30:48 AM,12.25,4650,56962.5,126203553.75
2025-08-01 09:30:48 AM,12.4,5775,71610.0,126275163.75
2025-08-01 09:30:49 AM,12.3,0,0.0,126275163.75
2025-08-01 09:30:49 AM,12.3,1725,21217.5,126296381.25
2025-08-01 09:30:49 AM,12.25,0,0.0,126296381.25
2025-08-01 09:30:50 AM,12.3,0,0.0,126296381.25
2025-08-01 09:30:50 AM,12.25,1425,17456.25,126313837.5
2025-08-01 09:30:50 AM,12.35,0,0.0,126313837.5
2025-08-01 09:30:51 AM,12.3,4200,51660.0,126365497.5
2025-08-01 09:30:51 AM,12.25,0,0.0,126365497.5
2025-08-01 09:30:52 AM,12.25,150,1837.5,126367335.0
2025-08-01 09:30:52 AM,12.35,0,0.0,126367335.0
2025-08-01 09:30:53 AM,12.25,0,0.0,126367335.0
2025-08-01 09:30:53 AM,12.25,1500,18375.0,126385710.0
2025-08-01 09:30:53 AM,12.3,6600,81180.0,126466890.0
2025-08-01 09:30:54 AM,12.25,525,6431.25,126473321.25
2025-08-01 09:30:55 AM,12.25,225,2756.25,126476077.5
2025-08-01 09:30:56 AM,12.35,1650,20377.5,126496455.0
2025-08-01 09:30:57 AM,12.3,375,4612.5,126501067.5
2025-08-01 09:30:57 AM,12.35,0,0.0,126501067.5
2025-08-01 09:30:58 AM,12.35,3525,43533.75,126544601.25
2025-08-01 09:30:58 AM,12.4,3450,42780.0,126587381.25
2025-08-01 09:30:59 AM,12.35,0,0.0,126587381.25
2025-08-01 09:30:59 AM,12.35,3000,37050.0,126624431.25
2025-08-01 09:30:59 AM,12.4,0,0.0,126624431.25
2025-08-01 09:31:00 AM,12.45,0,0.0,126624431.25
2025-08-01 09:31:00 AM,12.35,4500,55575.0,126680006.25
2025-08-01 09:31:00 AM,12.25,0,0.0,126680006.25
2025-08-01 09:31:01 AM,12.3,2025,24907.5,126704913.75
2025-08-01 09:31:01 AM,12.25,0,0.0,126704913.75
2025-08-01 09:31:02 AM,12.25,150,1837.5,126706751.25
2025-08-01 09:31:03 AM,12.2,0,0.0,126706751.25
2025-08-01 09:31:03 AM,12.2,2475,30195.0,126736946.25
2025-08-01 09:31:03 AM,12.2,1500,18300.0,126755246.25
2025-08-01 09:31:03 AM,12.15,0,0.0,126755246.25
2025-08-01 09:31:04 AM,12.15,900,10935.0,126766181.25
2025-08-01 09:31:05 AM,12.0,37650,451800.0,127217981.25
2025-08-01 09:31:05 AM,11.95,0,0.0,127217981.25
2025-08-01 09:31:06 AM,12.0,0,0.0,127217981.25
2025-08-01 09:31:06 AM,12.05,13425,161771.25,127379752.5
2025-08-01 09:31:06 AM,12.0,0,0.0,127379752.5
2025-08-01 09:31:07 AM,12.0,300,3600.0,127383352.5
