date,price,qty,trnvr,cum_trnvr
2025-08-01 09:15:02 AM,594.0,110,65340.0,65340.0
2025-08-01 09:15:12 AM,593.0,0,0.0,65340.0
2025-08-01 09:15:14 AM,593.0,37,21941.0,87281.0
2025-08-01 09:15:23 AM,593.1,0,0.0,87281.0
2025-08-01 09:15:24 AM,593.1,44,26096.4,113377.4
2025-08-01 09:15:26 AM,593.1,80,47448.0,160825.4
2025-08-01 09:15:54 AM,594.45,0,0.0,160825.4
2025-08-01 09:15:58 AM,594.45,100,59445.00000000001,220270.4
2025-08-01 09:16:02 AM,592.5,0,0.0,220270.4
2025-08-01 09:16:05 AM,593.35,0,0.0,220270.4
2025-08-01 09:16:06 AM,592.0,589,348688.0,568958.4
2025-08-01 09:16:08 AM,592.8,5,2964.0,571922.4
2025-08-01 09:16:10 AM,591.65,0,0.0,571922.4
2025-08-01 09:16:14 AM,591.65,53,31357.449999999997,603279.85
2025-08-01 09:16:19 AM,590.95,0,0.0,603279.85
2025-08-01 09:16:22 AM,591.05,70,41373.5,644653.35
2025-08-01 09:16:24 AM,591.1,2,1182.2,645835.5499999999
2025-08-01 09:16:37 AM,592.05,0,0.0,645835.5499999999
2025-08-01 09:16:39 AM,592.05,195,115449.74999999999,761285.2999999999
2025-08-01 09:16:47 AM,591.55,32,18929.6,780214.8999999999
2025-08-01 09:16:55 AM,592.7,25,14817.500000000002,795032.3999999999
2025-08-01 09:16:57 AM,591.55,50,29577.499999999996,824609.8999999999
2025-08-01 09:17:08 AM,592.7,0,0.0,824609.8999999999
2025-08-01 09:17:12 AM,593.2,146,86607.20000000001,911217.0999999999
2025-08-01 09:17:15 AM,593.65,0,0.0,911217.0999999999
2025-08-01 09:17:20 AM,593.65,100,59365.0,970582.0999999999
2025-08-01 09:17:28 AM,592.95,151,89535.45000000001,1060117.5499999998
2025-08-01 09:17:45 AM,592.5,205,121462.5,1181580.0499999998
2025-08-01 09:17:53 AM,592.75,61,36157.75,1217737.7999999998
2025-08-01 09:18:07 AM,593.85,0,0.0,1217737.7999999998
2025-08-01 09:18:10 AM,593.85,191,113425.35,1331163.15
2025-08-01 09:18:26 AM,593.85,539,320085.15,1651248.2999999998
2025-08-01 09:18:29 AM,594.75,0,0.0,1651248.2999999998
2025-08-01 09:18:34 AM,594.75,2,1189.5,1652437.7999999998
2025-08-01 09:18:36 AM,594.65,100,59465.0,1711902.7999999998
2025-08-01 09:18:44 AM,593.8,100,59379.99999999999,1771282.7999999998
2025-08-01 09:19:07 AM,593.8,20,11876.0,1783158.7999999998
2025-08-01 09:19:23 AM,593.1,150,88965.0,1872123.7999999998
2025-08-01 09:19:26 AM,593.65,0,0.0,1872123.7999999998
2025-08-01 09:19:31 AM,593.65,37,21965.05,1894088.8499999999
2025-08-01 09:19:42 AM,594.25,0,0.0,1894088.8499999999
2025-08-01 09:19:47 AM,594.65,0,0.0,1894088.8499999999
2025-08-01 09:19:47 AM,594.65,1020,606543.0,2500631.8499999996
2025-08-01 09:19:49 AM,594.0,53,31482.0,2532113.8499999996
2025-08-01 09:19:49 AM,593.5,0,0.0,2532113.8499999996
2025-08-01 09:19:55 AM,592.45,511,302741.95,2834855.8
2025-08-01 09:19:56 AM,591.0,0,0.0,2834855.8
2025-08-01 09:19:57 AM,591.5,492,291018.0,3125873.8
2025-08-01 09:20:03 AM,590.05,686,404774.3,3530648.0999999996
2025-08-01 09:20:10 AM,589.95,0,0.0,3530648.0999999996
2025-08-01 09:20:11 AM,588.9,127,74790.3,3605438.3999999994
2025-08-01 09:20:17 AM,589.9,0,0.0,3605438.3999999994
2025-08-01 09:20:19 AM,589.9,1,589.9,3606028.2999999993
2025-08-01 09:20:35 AM,589.25,50,29462.5,3635490.7999999993
2025-08-01 09:20:58 AM,590.0,97,57230.0,3692720.7999999993
2025-08-01 09:21:06 AM,590.0,3,1770.0,3694490.7999999993
2025-08-01 09:21:07 AM,590.0,22,12980.0,3707470.7999999993
2025-08-01 09:21:10 AM,590.85,0,0.0,3707470.7999999993
2025-08-01 09:21:14 AM,590.85,14,8271.9,3715742.6999999993
2025-08-01 09:21:15 AM,590.6,1018,601230.8,4316973.499999999
2025-08-01 09:21:16 AM,590.45,0,0.0,4316973.499999999
2025-08-01 09:21:22 AM,591.1,143,84527.3,4401500.799999999
2025-08-01 09:21:23 AM,591.2,1,591.2,4402091.999999999
2025-08-01 09:21:45 AM,590.5,322,190141.0,4592232.999999999
2025-08-01 09:21:45 AM,590.85,0,0.0,4592232.999999999
2025-08-01 09:21:46 AM,590.85,45,26588.25,4618821.249999999
2025-08-01 09:22:12 AM,590.75,0,0.0,4618821.249999999
2025-08-01 09:22:15 AM,591.1,292,172601.2,4791422.449999999
2025-08-01 09:22:17 AM,590.05,4,2360.2,4793782.649999999
2025-08-01 09:22:34 AM,590.0,0,0.0,4793782.649999999
2025-08-01 09:22:38 AM,590.0,5,2950.0,4796732.649999999
2025-08-01 09:22:40 AM,590.0,5,2950.0,4799682.649999999
2025-08-01 09:22:51 AM,589.65,0,0.0,4799682.649999999
2025-08-01 09:22:53 AM,589.65,30,17689.5,4817372.149999999
2025-08-01 09:22:55 AM,589.6,252,148579.2,4965951.35
2025-08-01 09:23:01 AM,589.6,16,9433.6,4975384.949999999
2025-08-01 09:23:32 AM,589.2,171,100753.20000000001,5076138.149999999
2025-08-01 09:23:51 AM,589.0,0,0.0,5076138.149999999
2025-08-01 09:23:54 AM,589.0,50,29450.0,5105588.149999999
2025-08-01 09:24:02 AM,588.55,24,14125.199999999999,5119713.35
2025-08-01 09:24:12 AM,588.1,0,0.0,5119713.35
2025-08-01 09:24:17 AM,589.0,61,35929.0,5155642.35
2025-08-01 09:24:27 AM,589.45,1,589.45,5156231.8
2025-08-01 09:24:34 AM,589.0,87,51243.0,5207474.8
2025-08-01 09:24:40 AM,588.55,2,1177.1,5208651.899999999
2025-08-01 09:24:49 AM,589.0,200,117800.0,5326451.899999999
2025-08-01 09:25:02 AM,588.55,17,10005.349999999999,5336457.249999999
2025-08-01 09:25:20 AM,589.1,1,589.1,5337046.349999999
2025-08-01 09:25:33 AM,589.05,173,101905.65,5438951.999999999
2025-08-01 09:25:48 AM,589.05,27,15904.349999999999,5454856.349999999
2025-08-01 09:25:50 AM,589.55,0,0.0,5454856.349999999
2025-08-01 09:25:55 AM,589.55,10,5895.5,5460751.849999999
2025-08-01 09:26:05 AM,589.0,1,589.0,5461340.849999999
2025-08-01 09:26:09 AM,589.3,0,0.0,5461340.849999999
2025-08-01 09:26:10 AM,589.3,1,589.3,5461930.1499999985
2025-08-01 09:26:32 AM,589.6,0,0.0,5461930.1499999985
2025-08-01 09:26:34 AM,589.6,3,1768.8000000000002,5463698.949999998
2025-08-01 09:26:40 AM,590.1,0,0.0,5463698.949999998
2025-08-01 09:26:41 AM,590.1,22,12982.2,5476681.1499999985
2025-08-01 09:27:05 AM,590.85,5,2954.25,5479635.3999999985
2025-08-01 09:28:04 AM,590.65,17,10041.05,5489676.449999998
2025-08-01 09:28:05 AM,590.6,1,590.6,5490267.049999998
2025-08-01 09:28:09 AM,589.05,0,0.0,5490267.049999998
2025-08-01 09:28:10 AM,589.6,0,0.0,5490267.049999998
2025-08-01 09:28:12 AM,589.75,186,109693.5,5599960.549999998
2025-08-01 09:28:16 AM,589.7,0,0.0,5599960.549999998
2025-08-01 09:28:19 AM,589.7,1,589.7,5600550.249999998
2025-08-01 09:28:21 AM,590.25,261,154055.25,5754605.499999998
2025-08-01 09:28:22 AM,590.8,0,0.0,5754605.499999998
2025-08-01 09:28:27 AM,590.8,30,17724.0,5772329.499999998
2025-08-01 09:28:32 AM,591.75,0,0.0,5772329.499999998
2025-08-01 09:28:35 AM,591.75,1,591.75,5772921.249999998
2025-08-01 09:29:05 AM,592.8,0,0.0,5772921.249999998
2025-08-01 09:29:05 AM,592.8,214,126859.2,5899780.449999998
2025-08-01 09:29:06 AM,592.15,0,0.0,5899780.449999998
2025-08-01 09:29:07 AM,592.15,24,14211.599999999999,5913992.049999998
2025-08-01 09:29:14 AM,592.6,50,29630.0,5943622.049999998
2025-08-01 09:29:29 AM,593.0,1,593.0,5944215.049999998
2025-08-01 09:29:42 AM,592.35,0,0.0,5944215.049999998
2025-08-01 09:29:43 AM,592.35,1,592.35,5944807.399999998
2025-08-01 09:29:44 AM,592.35,7,4146.45,5948953.849999998
2025-08-01 09:29:47 AM,593.0,0,0.0,5948953.849999998
2025-08-01 09:29:50 AM,593.0,19,11267.0,5960220.849999998
2025-08-01 09:29:59 AM,594.0,240,142560.0,6102780.849999998
2025-08-01 09:30:03 AM,593.35,0,0.0,6102780.849999998
2025-08-01 09:30:05 AM,593.35,29,17207.15,6119987.999999998
2025-08-01 09:30:06 AM,593.0,6,3558.0,6123545.999999998
2025-08-01 09:30:11 AM,592.55,0,0.0,6123545.999999998
2025-08-01 09:30:13 AM,592.55,1,592.55,6124138.549999998
2025-08-01 09:30:18 AM,592.95,0,0.0,6124138.549999998
2025-08-01 09:30:21 AM,592.95,4,2371.8,6126510.349999998
2025-08-01 09:30:35 AM,593.0,50,29650.0,6156160.349999998
2025-08-01 09:30:43 AM,593.0,1,593.0,6156753.349999998
2025-08-01 09:30:50 AM,594.45,289,171796.05000000002,6328549.399999998
2025-08-01 09:30:51 AM,594.0,38,22572.0,6351121.399999998
2025-08-01 09:30:57 AM,594.0,100,59400.0,6410521.399999998
2025-08-01 09:30:58 AM,594.0,12,7128.0,6417649.399999998
2025-08-01 09:31:03 AM,594.7,0,0.0,6417649.399999998
2025-08-01 09:31:05 AM,594.7,10,5947.0,6423596.399999998
2025-08-01 09:31:09 AM,593.6,0,0.0,6423596.399999998
2025-08-01 09:31:12 AM,593.65,171,101514.15,6525110.549999998
2025-08-01 09:31:13 AM,593.0,30,17790.0,6542900.549999998
2025-08-01 09:31:21 AM,593.5,0,0.0,6542900.549999998
2025-08-01 09:31:25 AM,593.6,0,0.0,6542900.549999998
2025-08-01 09:31:27 AM,593.6,273,162052.80000000002,6704953.349999998
2025-08-01 09:31:27 AM,593.1,31,18386.100000000002,6723339.449999997
2025-08-01 09:31:45 AM,593.7,0,0.0,6723339.449999997
2025-08-01 09:31:48 AM,593.7,12,7124.400000000001,6730463.849999998
2025-08-01 09:32:00 AM,594.35,0,0.0,6730463.849999998
2025-08-01 09:32:02 AM,594.35,8,4754.8,6735218.649999998
2025-08-01 09:32:05 AM,593.7,0,0.0,6735218.649999998
2025-08-01 09:32:09 AM,593.7,10,5937.0,6741155.649999998
2025-08-01 09:32:16 AM,594.35,2,1188.7,6742344.349999998
2025-08-01 09:32:30 AM,594.35,1,594.35,6742938.699999997
2025-08-01 09:32:35 AM,594.6,0,0.0,6742938.699999997
2025-08-01 09:32:37 AM,594.6,91,54108.6,6797047.299999997
2025-08-01 09:32:37 AM,593.85,16,9501.6,6806548.899999997
2025-08-01 09:32:44 AM,593.85,10,5938.5,6812487.399999997
2025-08-01 09:33:41 AM,594.0,0,0.0,6812487.399999997
2025-08-01 09:33:46 AM,594.0,150,89100.0,6901587.399999997
2025-08-01 09:33:46 AM,594.7,0,0.0,6901587.399999997
2025-08-01 09:33:53 AM,594.7,18,10704.6,6912291.999999996
2025-08-01 09:34:07 AM,594.7,5,2973.5,6915265.499999996
2025-08-01 09:34:11 AM,594.1,0,0.0,6915265.499999996
2025-08-01 09:34:14 AM,594.1,10,5941.0,6921206.499999996
2025-08-01 09:35:01 AM,594.7,0,0.0,6921206.499999996
2025-08-01 09:35:03 AM,594.7,4,2378.8,6923585.299999996
2025-08-01 09:35:16 AM,594.6,0,0.0,6923585.299999996
2025-08-01 09:35:17 AM,594.6,3,1783.8000000000002,6925369.099999996
2025-08-01 09:35:45 AM,594.1,11,6535.1,6931904.1999999955
2025-08-01 09:36:12 AM,595.0,0,0.0,6931904.1999999955
2025-08-01 09:36:18 AM,595.0,244,145180.0,7077084.1999999955
2025-08-01 09:36:18 AM,595.0,33,19635.0,7096719.1999999955
2025-08-01 09:36:25 AM,595.0,15,8925.0,7105644.1999999955
2025-08-01 09:37:11 AM,594.3,49,29120.699999999997,7134764.899999996
2025-08-01 09:37:12 AM,594.15,10,5941.5,7140706.399999996
2025-08-01 09:37:14 AM,593.25,0,0.0,7140706.399999996
2025-08-01 09:37:18 AM,593.25,161,95513.25,7236219.649999996
2025-08-01 09:37:19 AM,593.05,0,0.0,7236219.649999996
2025-08-01 09:37:19 AM,593.05,22,13047.099999999999,7249266.749999995
2025-08-01 09:37:32 AM,593.05,50,29652.499999999996,7278919.249999995
2025-08-01 09:37:39 AM,594.0,5,2970.0,7281889.249999995
2025-08-01 09:37:52 AM,594.0,100,59400.0,7341289.249999995
2025-08-01 09:37:52 AM,593.35,18,10680.300000000001,7351969.549999995
2025-08-01 09:38:04 AM,594.0,0,0.0,7351969.549999995
2025-08-01 09:38:05 AM,593.4,72,42724.799999999996,7394694.349999995
2025-08-01 09:38:06 AM,593.5,13,7715.5,7402409.849999995
2025-08-01 09:38:19 AM,594.25,10,5942.5,7408352.349999995
2025-08-01 09:38:26 AM,594.45,24,14266.800000000001,7422619.149999995
2025-08-01 09:38:52 AM,594.45,1,594.45,7423213.599999995
2025-08-01 09:38:59 AM,594.0,3,1782.0,7424995.599999995
2025-08-01 09:39:06 AM,594.0,53,31482.0,7456477.599999995
2025-08-01 09:39:06 AM,593.65,0,0.0,7456477.599999995
2025-08-01 09:39:11 AM,593.6,0,0.0,7456477.599999995
2025-08-01 09:39:13 AM,593.6,5,2968.0,7459445.599999995
2025-08-01 09:39:15 AM,593.5,0,0.0,7459445.599999995
2025-08-01 09:39:20 AM,593.5,6,3561.0,7463006.599999995
2025-08-01 09:39:59 AM,594.45,200,118890.00000000001,7581896.599999995
2025-08-01 09:40:00 AM,593.75,23,13656.25,7595552.849999995
2025-08-01 09:40:25 AM,593.5,1,593.5,7596146.349999995
2025-08-01 09:40:52 AM,594.8,5,2974.0,7599120.349999995
2025-08-01 09:41:25 AM,594.8,100,59479.99999999999,7658600.349999995
2025-08-01 09:41:26 AM,594.4,10,5944.0,7664544.349999995
2025-08-01 09:41:28 AM,593.75,0,0.0,7664544.349999995
2025-08-01 09:41:31 AM,594.4,170,101048.0,7765592.349999995
2025-08-01 09:41:32 AM,594.15,19,11288.85,7776881.199999995
2025-08-01 09:42:32 AM,594.85,20,11897.0,7788778.199999995
2025-08-01 09:43:07 AM,594.9,0,0.0,7788778.199999995
2025-08-01 09:43:09 AM,594.9,4,2379.6,7791157.799999994
2025-08-01 09:43:16 AM,594.9,8,4759.2,7795916.999999994
2025-08-01 09:43:19 AM,595.0,0,0.0,7795916.999999994
2025-08-01 09:43:23 AM,595.0,200,119000.0,7914916.999999994
2025-08-01 09:43:23 AM,594.15,0,0.0,7914916.999999994
2025-08-01 09:43:24 AM,594.15,25,14853.75,7929770.749999994
2025-08-01 09:43:29 AM,594.65,10,5946.5,7935717.249999994
2025-08-01 09:44:08 AM,594.0,0,0.0,7935717.249999994
2025-08-01 09:44:09 AM,594.0,40,23760.0,7959477.249999994
2025-08-01 09:44:43 AM,593.0,383,227119.0,8186596.249999994
2025-08-01 09:44:48 AM,593.65,60,35619.0,8222215.249999994
2025-08-01 09:45:02 AM,592.95,100,59295.00000000001,8281510.249999994
2025-08-01 09:45:04 AM,593.05,0,0.0,8281510.249999994
2025-08-01 09:45:06 AM,593.85,0,0.0,8281510.249999994
2025-08-01 09:45:08 AM,593.65,43,25526.95,8307037.199999995
2025-08-01 09:45:23 AM,593.15,0,0.0,8307037.199999995
2025-08-01 09:45:27 AM,593.15,5,2965.75,8310002.949999995
2025-08-01 09:45:31 AM,592.7,0,0.0,8310002.949999995
2025-08-01 09:45:34 AM,592.7,101,59862.700000000004,8369865.649999995
2025-08-01 09:45:35 AM,592.5,16,9480.0,8379345.649999995
2025-08-01 09:45:39 AM,593.15,0,0.0,8379345.649999995
2025-08-01 09:45:40 AM,593.15,302,179131.3,8558476.949999996
2025-08-01 09:45:42 AM,592.6,33,19555.8,8578032.749999996
2025-08-01 09:45:43 AM,593.05,0,0.0,8578032.749999996
2025-08-01 09:45:47 AM,592.6,2,1185.2,8579217.949999996
2025-08-01 09:45:48 AM,592.7,0,0.0,8579217.949999996
2025-08-01 09:45:48 AM,592.7,3,1778.1000000000001,8580996.049999995
2025-08-01 09:45:53 AM,592.7,1,592.7,8581588.749999994
2025-08-01 09:46:19 AM,592.7,1,592.7,8582181.449999994
2025-08-01 09:46:51 AM,592.7,10,5927.0,8588108.449999994
2025-08-01 09:47:03 AM,592.45,9,5332.05,8593440.499999994
2025-08-01 09:47:09 AM,592.7,125,74087.5,8667527.999999994
2025-08-01 09:47:11 AM,592.1,2,1184.2,8668712.199999994
2025-08-01 09:47:12 AM,591.75,0,0.0,8668712.199999994
2025-08-01 09:47:15 AM,591.75,4,2367.0,8671079.199999994
2025-08-01 09:47:16 AM,591.4,0,0.0,8671079.199999994
2025-08-01 09:47:17 AM,591.4,14,8279.6,8679358.799999993
2025-08-01 09:48:01 AM,592.05,8,4736.4,8684095.199999994
2025-08-01 09:48:43 AM,592.9,0,0.0,8684095.199999994
2025-08-01 09:48:46 AM,592.9,58,34388.2,8718483.399999993
2025-08-01 09:48:51 AM,591.95,0,0.0,8718483.399999993
2025-08-01 09:48:53 AM,591.95,70,41436.5,8759919.899999993
2025-08-01 09:48:55 AM,591.9,0,0.0,8759919.899999993
2025-08-01 09:48:55 AM,591.9,7,4143.3,8764063.199999994
2025-08-01 09:48:55 AM,591.7,0,0.0,8764063.199999994
2025-08-01 09:48:59 AM,591.7,8,4733.6,8768796.799999993
2025-08-01 09:49:03 AM,592.3,0,0.0,8768796.799999993
2025-08-01 09:49:05 AM,592.3,2,1184.6,8769981.399999993
2025-08-01 09:49:40 AM,592.7,0,0.0,8769981.399999993
2025-08-01 09:49:43 AM,592.7,20,11854.0,8781835.399999993
2025-08-01 09:49:45 AM,592.95,100,59295.00000000001,8841130.399999993
2025-08-01 09:49:46 AM,592.1,0,0.0,8841130.399999993
2025-08-01 09:49:49 AM,592.05,0,0.0,8841130.399999993
2025-08-01 09:49:49 AM,592.05,114,67493.7,8908624.099999992
2025-08-01 09:49:49 AM,591.95,0,0.0,8908624.099999992
2025-08-01 09:49:52 AM,591.95,1,591.95,8909216.049999991
2025-08-01 09:49:52 AM,591.9,0,0.0,8909216.049999991
2025-08-01 09:49:55 AM,591.9,1,591.9,8909807.949999992
2025-08-01 09:49:56 AM,591.4,0,0.0,8909807.949999992
2025-08-01 09:49:58 AM,591.4,9,5322.599999999999,8915130.549999991
2025-08-01 09:50:12 AM,591.2,0,0.0,8915130.549999991
2025-08-01 09:50:15 AM,591.2,5,2956.0,8918086.549999991
2025-08-01 09:51:06 AM,592.65,0,0.0,8918086.549999991
2025-08-01 09:51:07 AM,592.65,80,47412.0,8965498.549999991
2025-08-01 09:51:09 AM,591.85,0,0.0,8965498.549999991
2025-08-01 09:51:11 AM,591.85,21,12428.85,8977927.399999991
2025-08-01 09:51:18 AM,593.45,500,296725.0,9274652.399999991
2025-08-01 09:51:18 AM,593.1,0,0.0,9274652.399999991
2025-08-01 09:51:20 AM,593.1,56,33213.6,9307865.99999999
2025-08-01 09:51:32 AM,593.85,11,6532.35,9314398.34999999
2025-08-01 09:51:46 AM,593.45,0,0.0,9314398.34999999
2025-08-01 09:51:49 AM,593.45,27,16023.150000000001,9330421.49999999
2025-08-01 09:51:58 AM,593.15,0,0.0,9330421.49999999
2025-08-01 09:51:58 AM,593.15,7,4152.05,9334573.549999991
2025-08-01 09:52:06 AM,593.45,0,0.0,9334573.549999991
2025-08-01 09:52:07 AM,593.45,150,89017.5,9423591.049999991
2025-08-01 09:52:08 AM,592.6,0,0.0,9423591.049999991
2025-08-01 09:52:10 AM,593.35,0,0.0,9423591.049999991
2025-08-01 09:52:10 AM,593.35,25,14833.75,9438424.799999991
2025-08-01 09:52:56 AM,593.35,10,5933.5,9444358.299999991
2025-08-01 09:53:17 AM,593.05,0,0.0,9444358.299999991
2025-08-01 09:53:21 AM,593.05,50,29652.499999999996,9474010.799999991
2025-08-01 09:53:21 AM,592.75,0,0.0,9474010.799999991
2025-08-01 09:53:23 AM,592.75,8,4742.0,9478752.799999991
2025-08-01 09:53:24 AM,592.15,0,0.0,9478752.799999991
2025-08-01 09:53:27 AM,592.15,2,1184.3,9479937.099999992
2025-08-01 09:54:31 AM,592.55,0,0.0,9479937.099999992
2025-08-01 09:54:35 AM,592.55,5,2962.75,9482899.849999992
2025-08-01 09:54:46 AM,592.15,0,0.0,9482899.849999992
2025-08-01 09:54:47 AM,592.15,157,92967.55,9575867.399999993
2025-08-01 09:54:48 AM,592.15,19,11250.85,9587118.249999993
2025-08-01 09:54:49 AM,592.1,0,0.0,9587118.249999993
2025-08-01 09:54:52 AM,592.05,0,0.0,9587118.249999993
2025-08-01 09:54:53 AM,592.05,3,1776.1499999999999,9588894.399999993
2025-08-01 09:54:54 AM,592.05,2,1184.1,9590078.499999993
2025-08-01 09:55:22 AM,592.05,6,3552.2999999999997,9593630.799999993
2025-08-01 09:55:49 AM,592.0,0,0.0,9593630.799999993
2025-08-01 09:55:53 AM,592.0,25,14800.0,9608430.799999993
2025-08-01 09:56:11 AM,592.0,8,4736.0,9613166.799999993
2025-08-01 09:56:17 AM,592.0,1,592.0,9613758.799999993
2025-08-01 09:56:35 AM,592.0,1,592.0,9614350.799999993
2025-08-01 09:56:40 AM,592.0,6,3552.0,9617902.799999993
2025-08-01 09:56:53 AM,592.0,2,1184.0,9619086.799999993
2025-08-01 09:56:59 AM,592.0,1,592.0,9619678.799999993
2025-08-01 09:57:05 AM,592.1,0,0.0,9619678.799999993
2025-08-01 09:57:05 AM,592.1,14,8289.4,9627968.199999994
2025-08-01 09:57:06 AM,591.85,10,5918.5,9633886.699999994
2025-08-01 09:57:12 AM,591.6,76,44961.6,9678848.299999993
2025-08-01 09:57:21 AM,591.5,0,0.0,9678848.299999993
2025-08-01 09:57:22 AM,591.5,1,591.5,9679439.799999993
2025-08-01 09:57:28 AM,591.6,57,33721.200000000004,9713160.999999993
2025-08-01 09:57:29 AM,591.5,0,0.0,9713160.999999993
2025-08-01 09:57:30 AM,591.5,15,8872.5,9722033.499999993
2025-08-01 09:57:40 AM,591.15,57,33695.549999999996,9755729.049999993
2025-08-01 09:57:52 AM,591.3,1,591.3,9756320.349999994
2025-08-01 09:57:53 AM,591.15,0,0.0,9756320.349999994
2025-08-01 09:57:55 AM,591.15,1,591.15,9756911.499999994
2025-08-01 09:58:10 AM,591.05,1,591.05,9757502.549999995
2025-08-01 09:58:22 AM,591.05,5,2955.25,9760457.799999995
2025-08-01 09:58:46 AM,591.0,0,0.0,9760457.799999995
2025-08-01 09:58:47 AM,591.0,1,591.0,9761048.799999995
2025-08-01 09:59:08 AM,591.0,110,65010.0,9826058.799999995
2025-08-01 09:59:08 AM,590.85,0,0.0,9826058.799999995
2025-08-01 09:59:11 AM,590.85,14,8271.9,9834330.699999996
2025-08-01 09:59:13 AM,590.45,0,0.0,9834330.699999996
2025-08-01 09:59:14 AM,590.45,5,2952.25,9837282.949999996
2025-08-01 09:59:16 AM,590.2,0,0.0,9837282.949999996
2025-08-01 09:59:17 AM,590.2,50,29510.000000000004,9866792.949999996
2025-08-01 10:00:01 AM,590.95,3,1772.8500000000001,9868565.799999995
2025-08-01 10:00:20 AM,590.95,1,590.95,9869156.749999994
2025-08-01 10:00:32 AM,590.95,10,5909.5,9875066.249999994
2025-08-01 10:00:45 AM,590.95,1,590.95,9875657.199999994
2025-08-01 10:00:51 AM,590.95,21,12409.95,9888067.149999993
2025-08-01 10:00:55 AM,590.45,10,5904.5,9893971.649999993
2025-08-01 10:00:58 AM,590.45,1,590.45,9894562.099999992
2025-08-01 10:01:17 AM,591.0,3,1773.0,9896335.099999992
2025-08-01 10:01:26 AM,590.2,25,14755.000000000002,9911090.099999992
2025-08-01 10:02:00 AM,591.0,0,0.0,9911090.099999992
2025-08-01 10:02:03 AM,591.0,10,5910.0,9917000.099999992
2025-08-01 10:02:30 AM,591.15,53,31330.949999999997,9948331.049999991
2025-08-01 10:02:35 AM,591.15,12,7093.799999999999,9955424.849999992
2025-08-01 10:02:36 AM,590.95,0,0.0,9955424.849999992
2025-08-01 10:02:36 AM,590.95,3,1772.8500000000001,9957197.699999992
2025-08-01 10:02:54 AM,592.5,0,0.0,9957197.699999992
2025-08-01 10:02:54 AM,592.5,701,415342.5,10372540.199999992
2025-08-01 10:02:56 AM,592.35,77,45610.950000000004,10418151.149999991
2025-08-01 10:03:20 AM,592.2,2,1184.4,10419335.549999991
2025-08-01 10:03:38 AM,592.1,0,0.0,10419335.549999991
2025-08-01 10:03:39 AM,592.1,140,82894.0,10502229.549999991
2025-08-01 10:03:41 AM,592.2,16,9475.2,10511704.74999999
2025-08-01 10:03:51 AM,592.2,10,5922.0,10517626.74999999
2025-08-01 10:04:12 AM,592.25,51,30204.75,10547831.49999999
2025-08-01 10:04:22 AM,592.2,0,0.0,10547831.49999999
2025-08-01 10:04:22 AM,592.2,4,2368.8,10550200.299999991
2025-08-01 10:04:30 AM,592.25,0,0.0,10550200.299999991
2025-08-01 10:04:31 AM,592.25,27,15990.75,10566191.049999991
2025-08-01 10:05:39 AM,592.2,100,59220.00000000001,10625411.049999991
2025-08-01 10:05:40 AM,592.15,0,0.0,10625411.049999991
2025-08-01 10:05:43 AM,592.15,11,6513.65,10631924.699999992
2025-08-01 10:06:15 AM,592.85,0,0.0,10631924.699999992
2025-08-01 10:06:15 AM,592.85,3,1778.5500000000002,10633703.249999993
2025-08-01 10:06:24 AM,592.85,15,8892.75,10642595.999999993
2025-08-01 10:06:42 AM,592.15,0,0.0,10642595.999999993
2025-08-01 10:06:42 AM,592.15,17,10066.55,10652662.549999993
2025-08-01 10:06:49 AM,592.25,1472,871792.0,11524454.549999993
2025-08-01 10:06:51 AM,592.0,168,99456.0,11623910.549999993
2025-08-01 10:07:07 AM,592.0,3,1776.0,11625686.549999993
2025-08-01 10:07:48 AM,592.05,0,0.0,11625686.549999993
2025-08-01 10:07:50 AM,592.05,18,10656.9,11636343.449999994
2025-08-01 10:08:13 AM,592.0,0,0.0,11636343.449999994
2025-08-01 10:08:15 AM,592.0,820,485440.0,12121783.449999994
2025-08-01 10:08:17 AM,592.0,94,55648.0,12177431.449999994
2025-08-01 10:08:27 AM,592.8,0,0.0,12177431.449999994
2025-08-01 10:08:27 AM,592.8,8,4742.4,12182173.849999994
2025-08-01 10:08:46 AM,593.6,0,0.0,12182173.849999994
2025-08-01 10:08:46 AM,593.6,3,1780.8000000000002,12183954.649999995
2025-08-01 10:08:51 AM,593.75,0,0.0,12183954.649999995
2025-08-01 10:08:51 AM,593.75,10,5937.5,12189892.149999995
2025-08-01 10:09:00 AM,593.8,0,0.0,12189892.149999995
2025-08-01 10:09:03 AM,593.8,109,64724.2,12254616.349999994
2025-08-01 10:09:04 AM,593.95,0,0.0,12254616.349999994
2025-08-01 10:09:05 AM,593.95,11,6533.450000000001,12261149.799999993
2025-08-01 10:09:06 AM,593.8,0,0.0,12261149.799999993
2025-08-01 10:09:09 AM,594.8,0,0.0,12261149.799999993
2025-08-01 10:09:09 AM,594.8,91,54126.799999999996,12315276.599999994
2025-08-01 10:09:10 AM,594.05,0,0.0,12315276.599999994
2025-08-01 10:09:11 AM,594.05,10,5940.5,12321217.099999994
2025-08-01 10:09:27 AM,594.6,0,0.0,12321217.099999994
2025-08-01 10:09:27 AM,594.6,100,59460.0,12380677.099999994
2025-08-01 10:09:28 AM,594.05,0,0.0,12380677.099999994
2025-08-01 10:09:29 AM,594.05,1,594.05,12381271.149999995
2025-08-01 10:09:30 AM,593.45,0,0.0,12381271.149999995
2025-08-01 10:09:33 AM,594.25,110,65367.5,12446638.649999995
2025-08-01 10:09:34 AM,593.85,0,0.0,12446638.649999995
2025-08-01 10:09:34 AM,593.85,11,6532.35,12453170.999999994
2025-08-01 10:09:39 AM,594.5,26,15457.0,12468627.999999994
2025-08-01 10:09:48 AM,595.05,0,0.0,12468627.999999994
2025-08-01 10:09:50 AM,595.05,53,31537.649999999998,12500165.649999995
2025-08-01 10:09:52 AM,595.05,13,7735.65,12507901.299999995
2025-08-01 10:09:57 AM,595.8,0,0.0,12507901.299999995
2025-08-01 10:09:57 AM,595.8,74,44089.2,12551990.499999994
2025-08-01 10:09:58 AM,595.05,0,0.0,12551990.499999994
2025-08-01 10:10:01 AM,595.05,5,2975.25,12554965.749999994
2025-08-01 10:10:03 AM,595.0,0,0.0,12554965.749999994
2025-08-01 10:10:03 AM,595.0,12,7140.0,12562105.749999994
2025-08-01 10:10:09 AM,595.0,445,264775.0,12826880.749999994
2025-08-01 10:10:10 AM,593.85,0,0.0,12826880.749999994
2025-08-01 10:10:13 AM,594.55,0,0.0,12826880.749999994
2025-08-01 10:10:13 AM,594.55,89,52914.95,12879795.699999994
2025-08-01 10:11:53 AM,594.5,2,1189.0,12880984.699999994
2025-08-01 10:12:23 AM,594.5,2,1189.0,12882173.699999994
2025-08-01 10:12:45 AM,595.15,0,0.0,12882173.699999994
2025-08-01 10:12:45 AM,595.15,6,3570.8999999999996,12885744.599999994
2025-08-01 10:12:51 AM,594.55,0,0.0,12885744.599999994
2025-08-01 10:12:51 AM,594.55,2,1189.1,12886933.699999994
2025-08-01 10:13:00 AM,594.5,0,0.0,12886933.699999994
2025-08-01 10:13:03 AM,594.5,26,15457.0,12902390.699999994
2025-08-01 10:13:30 AM,594.05,0,0.0,12902390.699999994
2025-08-01 10:13:32 AM,594.05,10259,6094358.949999999,18996749.64999999
2025-08-01 10:13:33 AM,592.55,0,0.0,18996749.64999999
2025-08-01 10:13:33 AM,592.55,2,1185.1,18997934.749999993
2025-08-01 10:13:36 AM,591.2,0,0.0,18997934.749999993
2025-08-01 10:13:38 AM,591.2,29,17144.800000000003,19015079.549999993
2025-08-01 10:13:39 AM,591.5,0,0.0,19015079.549999993
2025-08-01 10:13:39 AM,591.5,1142,675493.0,19690572.549999993
2025-08-01 10:13:42 AM,591.55,0,0.0,19690572.549999993
2025-08-01 10:13:44 AM,591.55,26,15380.3,19705952.849999994
2025-08-01 10:13:48 AM,591.05,0,0.0,19705952.849999994
2025-08-01 10:13:50 AM,591.2,683,403789.60000000003,20109742.449999996
2025-08-01 10:13:51 AM,590.55,0,0.0,20109742.449999996
2025-08-01 10:13:51 AM,590.55,110,64960.49999999999,20174702.949999996
2025-08-01 10:14:02 AM,590.35,100,59035.0,20233737.949999996
2025-08-01 10:14:03 AM,590.4,0,0.0,20233737.949999996
2025-08-01 10:14:08 AM,590.4,15,8856.0,20242593.949999996
2025-08-01 10:14:12 AM,590.55,0,0.0,20242593.949999996
2025-08-01 10:14:13 AM,590.55,100,59054.99999999999,20301648.949999996
2025-08-01 10:14:14 AM,590.55,11,6496.049999999999,20308144.999999996
2025-08-01 10:14:24 AM,591.2,0,0.0,20308144.999999996
2025-08-01 10:14:25 AM,591.2,15,8868.0,20317012.999999996
2025-08-01 10:14:39 AM,590.35,0,0.0,20317012.999999996
2025-08-01 10:14:42 AM,590.35,199,117479.65000000001,20434492.649999995
2025-08-01 10:14:43 AM,590.35,24,14168.400000000001,20448661.049999993
2025-08-01 10:15:05 AM,590.35,21,12397.35,20461058.399999995
2025-08-01 10:15:47 AM,590.35,6,3542.1000000000004,20464600.499999996
2025-08-01 10:16:34 AM,590.35,5,2951.75,20467552.249999996
2025-08-01 10:16:45 AM,590.4,0,0.0,20467552.249999996
2025-08-01 10:16:46 AM,590.4,1,590.4,20468142.649999995
2025-08-01 10:17:02 AM,590.4,25,14760.0,20482902.649999995
2025-08-01 10:17:11 AM,590.6,0,0.0,20482902.649999995
2025-08-01 10:17:13 AM,590.6,139,82093.40000000001,20564996.049999993
2025-08-01 10:17:14 AM,590.4,22,12988.8,20577984.849999994
2025-08-01 10:18:35 AM,590.95,0,0.0,20577984.849999994
2025-08-01 10:18:35 AM,590.95,4,2363.8,20580348.649999995
2025-08-01 10:18:35 AM,591.0,15,8865.0,20589213.649999995
2025-08-01 10:18:43 AM,591.25,0,0.0,20589213.649999995
2025-08-01 10:18:46 AM,591.25,20,11825.0,20601038.649999995
2025-08-01 10:18:52 AM,591.25,526,310997.5,20912036.149999995
2025-08-01 10:18:57 AM,591.25,19,11233.75,20923269.899999995
2025-08-01 10:18:58 AM,591.0,0,0.0,20923269.899999995
2025-08-01 10:19:03 AM,591.0,33,19503.0,20942772.899999995
2025-08-01 10:19:55 AM,591.7,0,0.0,20942772.899999995
2025-08-01 10:19:55 AM,591.7,6,3550.2000000000003,20946323.099999994
2025-08-01 10:20:00 AM,591.7,20,11834.0,20958157.099999994
2025-08-01 10:20:39 AM,591.15,0,0.0,20958157.099999994
2025-08-01 10:20:41 AM,591.15,1,591.15,20958748.249999993
2025-08-01 10:20:59 AM,591.15,31,18325.649999999998,20977073.89999999
2025-08-01 10:21:23 AM,591.4,0,0.0,20977073.89999999
2025-08-01 10:21:23 AM,591.4,14,8279.6,20985353.499999993
2025-08-01 10:21:37 AM,591.4,2,1182.8,20986536.299999993
2025-08-01 10:23:01 AM,592.3,0,0.0,20986536.299999993
2025-08-01 10:23:01 AM,592.3,201,119052.29999999999,21105588.599999994
2025-08-01 10:23:03 AM,591.75,0,0.0,21105588.599999994
2025-08-01 10:23:04 AM,591.75,23,13610.25,21119198.849999994
2025-08-01 10:23:35 AM,592.7,0,0.0,21119198.849999994
2025-08-01 10:23:36 AM,592.7,200,118540.00000000001,21237738.849999994
2025-08-01 10:23:38 AM,591.95,0,0.0,21237738.849999994
2025-08-01 10:23:39 AM,591.95,22,13022.900000000001,21250761.749999993
2025-08-01 10:24:18 AM,592.05,0,0.0,21250761.749999993
2025-08-01 10:24:18 AM,592.05,19,11248.949999999999,21262010.69999999
2025-08-01 10:24:20 AM,592.0,3,1776.0,21263786.69999999
2025-08-01 10:24:42 AM,592.7,0,0.0,21263786.69999999
2025-08-01 10:24:42 AM,592.7,15,8890.5,21272677.19999999
2025-08-01 10:24:56 AM,592.7,5,2963.5,21275640.69999999
2025-08-01 10:25:04 AM,592.5,0,0.0,21275640.69999999
2025-08-01 10:25:04 AM,592.5,8,4740.0,21280380.69999999
2025-08-01 10:25:10 AM,592.5,2,1185.0,21281565.69999999
2025-08-01 10:25:16 AM,592.55,0,0.0,21281565.69999999
2025-08-01 10:25:16 AM,592.55,4,2370.2,21283935.89999999
2025-08-01 10:25:19 AM,592.65,0,0.0,21283935.89999999
2025-08-01 10:25:20 AM,592.65,1,592.65,21284528.54999999
2025-08-01 10:25:25 AM,592.6,14,8296.4,21292824.949999988
2025-08-01 10:25:27 AM,592.05,0,0.0,21292824.949999988
2025-08-01 10:25:28 AM,592.05,11,6512.549999999999,21299337.49999999
2025-08-01 10:25:51 AM,592.25,0,0.0,21299337.49999999
2025-08-01 10:25:53 AM,592.25,1,592.25,21299929.74999999
2025-08-01 10:26:11 AM,592.9,18,10672.199999999999,21310601.949999988
2025-08-01 10:27:00 AM,592.8,0,0.0,21310601.949999988
2025-08-01 10:27:01 AM,592.8,176,104332.79999999999,21414934.74999999
2025-08-01 10:27:03 AM,592.3,0,0.0,21414934.74999999
2025-08-01 10:27:04 AM,592.3,11,6515.299999999999,21421450.04999999
2025-08-01 10:27:04 AM,592.25,0,0.0,21421450.04999999
2025-08-01 10:27:07 AM,592.25,10,5922.5,21427372.54999999
2025-08-01 10:27:25 AM,592.6,0,0.0,21427372.54999999
2025-08-01 10:27:26 AM,592.6,5,2963.0,21430335.54999999
2025-08-01 10:28:37 AM,591.85,0,0.0,21430335.54999999
2025-08-01 10:28:37 AM,591.85,17,10061.45,21440396.99999999
2025-08-01 10:28:48 AM,591.8,17,10060.599999999999,21450457.59999999
2025-08-01 10:28:59 AM,592.0,46,27232.0,21477689.59999999
2025-08-01 10:29:00 AM,591.75,0,0.0,21477689.59999999
2025-08-01 10:29:02 AM,592.15,0,0.0,21477689.59999999
2025-08-01 10:29:02 AM,592.15,13,7697.95,21485387.54999999
2025-08-01 10:29:26 AM,592.3,0,0.0,21485387.54999999
2025-08-01 10:29:27 AM,592.3,46,27245.8,21512633.34999999
2025-08-01 10:30:46 AM,592.3,5,2961.5,21515594.84999999
2025-08-01 10:30:57 AM,592.3,5,2961.5,21518556.34999999
2025-08-01 10:31:48 AM,592.5,5,2962.5,21521518.84999999
2025-08-01 10:32:10 AM,592.8,0,0.0,21521518.84999999
2025-08-01 10:32:11 AM,592.8,206,122116.79999999999,21643635.64999999
2025-08-01 10:32:14 AM,592.8,12,7113.599999999999,21650749.249999993
2025-08-01 10:32:16 AM,592.3,0,0.0,21650749.249999993
2025-08-01 10:32:18 AM,592.3,10,5923.0,21656672.249999993
2025-08-01 10:32:57 AM,592.6,0,0.0,21656672.249999993
2025-08-01 10:32:57 AM,592.6,2,1185.2,21657857.44999999
2025-08-01 10:33:09 AM,593.35,0,0.0,21657857.44999999
2025-08-01 10:33:11 AM,593.35,100,59335.0,21717192.44999999
2025-08-01 10:33:12 AM,592.6,0,0.0,21717192.44999999
2025-08-01 10:33:14 AM,592.6,11,6518.6,21723711.049999993
2025-08-01 10:34:04 AM,592.65,0,0.0,21723711.049999993
2025-08-01 10:34:04 AM,592.65,49,29039.85,21752750.899999995
2025-08-01 10:34:06 AM,593.2,0,0.0,21752750.899999995
2025-08-01 10:34:08 AM,593.2,33,19575.600000000002,21772326.499999996
2025-08-01 10:34:30 AM,593.5,90,53415.0,21825741.499999996
2025-08-01 10:34:31 AM,592.95,0,0.0,21825741.499999996
2025-08-01 10:34:32 AM,592.95,12,7115.400000000001,21832856.899999995
2025-08-01 10:34:40 AM,592.65,0,0.0,21832856.899999995
2025-08-01 10:34:41 AM,592.65,274,162386.1,21995242.999999996
2025-08-01 10:34:43 AM,592.65,30,17779.5,22013022.499999996
2025-08-01 10:34:47 AM,592.65,5,2963.25,22015985.749999996
2025-08-01 10:35:04 AM,592.65,10,5926.5,22021912.249999996
2025-08-01 10:35:10 AM,592.65,25,14816.25,22036728.499999996
2025-08-01 10:35:48 AM,592.5,0,0.0,22036728.499999996
2025-08-01 10:35:49 AM,592.5,70,41475.0,22078203.499999996
2025-08-01 10:35:52 AM,592.5,14,8295.0,22086498.499999996
2025-08-01 10:36:28 AM,593.05,1,593.05,22087091.549999997
2025-08-01 10:36:33 AM,593.5,0,0.0,22087091.549999997
2025-08-01 10:36:34 AM,593.5,2,1187.0,22088278.549999997
2025-08-01 10:36:42 AM,593.5,24,14244.0,22102522.549999997
2025-08-01 10:37:07 AM,592.95,58,34391.100000000006,22136913.65
2025-08-01 10:37:10 AM,592.7,0,0.0,22136913.65
2025-08-01 10:37:12 AM,592.7,10,5927.0,22142840.65
2025-08-01 10:38:02 AM,592.55,0,0.0,22142840.65
2025-08-01 10:38:02 AM,592.55,64,37923.2,22180763.849999998
2025-08-01 10:38:05 AM,592.55,12,7110.599999999999,22187874.45
2025-08-01 10:38:46 AM,593.15,0,0.0,22187874.45
2025-08-01 10:38:47 AM,593.15,10,5931.5,22193805.95
2025-08-01 10:39:06 AM,593.45,0,0.0,22193805.95
2025-08-01 10:39:07 AM,593.45,24,14242.800000000001,22208048.75
2025-08-01 10:39:08 AM,592.7,0,0.0,22208048.75
2025-08-01 10:39:09 AM,592.7,11,6519.700000000001,22214568.45
2025-08-01 10:39:32 AM,593.55,21,12464.55,22227033.0
2025-08-01 10:39:46 AM,593.55,6,3561.2999999999997,22230594.3
2025-08-01 10:39:54 AM,593.55,50,29677.499999999996,22260271.8
2025-08-01 10:40:09 AM,592.75,0,0.0,22260271.8
2025-08-01 10:40:11 AM,592.75,18,10669.5,22270941.3
2025-08-01 10:40:11 AM,592.7,0,0.0,22270941.3
2025-08-01 10:40:14 AM,592.7,10,5927.0,22276868.3
2025-08-01 10:40:41 AM,593.2,0,0.0,22276868.3
2025-08-01 10:40:41 AM,593.2,10,5932.0,22282800.3
2025-08-01 10:41:01 AM,593.4,0,0.0,22282800.3
2025-08-01 10:41:04 AM,593.4,13,7714.2,22290514.5
2025-08-01 10:42:37 AM,592.95,0,0.0,22290514.5
2025-08-01 10:42:38 AM,592.95,30,17788.5,22308303.0
2025-08-01 10:42:51 AM,592.3,0,0.0,22308303.0
2025-08-01 10:42:52 AM,592.3,238,140967.4,22449270.4
2025-08-01 10:42:54 AM,591.5,0,0.0,22449270.4
2025-08-01 10:42:55 AM,591.5,37,21885.5,22471155.9
2025-08-01 10:43:10 AM,592.0,0,0.0,22471155.9
2025-08-01 10:43:11 AM,592.0,13,7696.0,22478851.9
2025-08-01 10:43:46 AM,592.5,0,0.0,22478851.9
2025-08-01 10:43:46 AM,592.5,5,2962.5,22481814.4
2025-08-01 10:45:14 AM,592.4,0,0.0,22481814.4
2025-08-01 10:45:15 AM,592.4,6,3554.3999999999996,22485368.799999997
2025-08-01 10:45:22 AM,592.05,0,0.0,22485368.799999997
2025-08-01 10:45:23 AM,592.05,1,592.05,22485960.849999998
2025-08-01 10:45:55 AM,590.25,0,0.0,22485960.849999998
2025-08-01 10:45:55 AM,590.25,2144,1265496.0,23751456.849999998
2025-08-01 10:45:56 AM,590.4,0,0.0,23751456.849999998
2025-08-01 10:45:58 AM,590.4,246,145238.4,23896695.249999996
2025-08-01 10:46:12 AM,591.3,25,14782.499999999998,23911477.749999996
2025-08-01 10:46:30 AM,590.45,0,0.0,23911477.749999996
2025-08-01 10:46:32 AM,590.45,14,8266.300000000001,23919744.049999997
2025-08-01 10:46:53 AM,591.25,0,0.0,23919744.049999997
2025-08-01 10:46:55 AM,591.25,48,28380.0,23948124.049999997
2025-08-01 10:46:55 AM,590.45,0,0.0,23948124.049999997
2025-08-01 10:46:56 AM,590.45,12,7085.400000000001,23955209.449999996
2025-08-01 10:47:47 AM,590.4,0,0.0,23955209.449999996
2025-08-01 10:47:48 AM,590.4,42,24796.8,23980006.249999996
2025-08-01 10:47:51 AM,591.05,100,59104.99999999999,24039111.249999996
2025-08-01 10:47:52 AM,590.4,0,0.0,24039111.249999996
2025-08-01 10:47:54 AM,590.4,16,9446.4,24048557.649999995
2025-08-01 10:47:55 AM,590.95,0,0.0,24048557.649999995
2025-08-01 10:47:56 AM,590.95,5,2954.75,24051512.399999995
2025-08-01 10:48:00 AM,590.4,0,0.0,24051512.399999995
2025-08-01 10:48:01 AM,590.4,27,15940.8,24067453.199999996
2025-08-01 10:48:32 AM,590.9,20,11818.0,24079271.199999996
2025-08-01 10:48:35 AM,591.25,0,0.0,24079271.199999996
2025-08-01 10:48:36 AM,590.4,0,0.0,24079271.199999996
2025-08-01 10:48:37 AM,590.4,272,160588.8,24239859.999999996
2025-08-01 10:48:38 AM,590.1,0,0.0,24239859.999999996
2025-08-01 10:48:39 AM,590.1,28,16522.8,24256382.799999997
2025-08-01 10:50:01 AM,590.8,0,0.0,24256382.799999997
2025-08-01 10:50:04 AM,590.8,1,590.8,24256973.599999998
2025-08-01 10:52:01 AM,590.75,20,11815.0,24268788.599999998
2025-08-01 10:52:02 AM,590.25,0,0.0,24268788.599999998
2025-08-01 10:52:06 AM,590.25,10,5902.5,24274691.099999998
2025-08-01 10:52:20 AM,590.75,0,0.0,24274691.099999998
2025-08-01 10:52:22 AM,590.75,30,17722.5,24292413.599999998
2025-08-01 10:55:12 AM,590.8,418,246954.4,24539367.999999996
2025-08-01 10:55:12 AM,590.25,0,0.0,24539367.999999996
2025-08-01 10:55:13 AM,590.25,46,27151.5,24566519.499999996
2025-08-01 10:55:14 AM,590.1,0,0.0,24566519.499999996
2025-08-01 10:55:17 AM,590.1,5,2950.5,24569469.999999996
2025-08-01 10:55:38 AM,590.7,0,0.0,24569469.999999996
2025-08-01 10:55:40 AM,590.7,5,2953.5,24572423.499999996
2025-08-01 10:55:41 AM,590.7,10,5907.0,24578330.499999996
2025-08-01 10:56:06 AM,590.1,0,0.0,24578330.499999996
2025-08-01 10:56:06 AM,590.1,2,1180.2,24579510.699999996
2025-08-01 10:57:25 AM,590.8,100,59079.99999999999,24638590.699999996
2025-08-01 10:57:26 AM,590.15,0,0.0,24638590.699999996
2025-08-01 10:57:26 AM,590.15,13,7671.95,24646262.649999995
2025-08-01 10:57:30 AM,590.8,0,0.0,24646262.649999995
2025-08-01 10:57:30 AM,590.8,50,29539.999999999996,24675802.649999995
2025-08-01 10:58:04 AM,590.15,0,0.0,24675802.649999995
2025-08-01 10:58:08 AM,590.15,49,28917.35,24704719.999999996
2025-08-01 10:58:08 AM,590.15,11,6491.65,24711211.649999995
2025-08-01 10:58:23 AM,590.15,31,18294.649999999998,24729506.299999993
2025-08-01 10:59:07 AM,590.15,10,5901.5,24735407.799999993
2025-08-01 10:59:24 AM,590.8,0,0.0,24735407.799999993
2025-08-01 10:59:27 AM,590.8,2,1181.6,24736589.399999995
2025-08-01 10:59:32 AM,590.85,0,0.0,24736589.399999995
2025-08-01 10:59:32 AM,590.85,32,18907.2,24755496.599999994
2025-08-01 11:00:05 AM,590.85,2,1181.7,24756678.299999993
2025-08-01 11:00:07 AM,590.15,0,0.0,24756678.299999993
2025-08-01 11:00:11 AM,590.15,2,1180.3,24757858.599999994
2025-08-01 11:00:14 AM,590.85,0,0.0,24757858.599999994
2025-08-01 11:00:17 AM,590.85,50,29542.5,24787401.099999994
2025-08-01 11:00:17 AM,590.15,14,8262.1,24795663.199999996
2025-08-01 11:01:04 AM,590.15,115,67867.25,24863530.449999996
2025-08-01 11:01:05 AM,590.15,6,3540.8999999999996,24867071.349999994
2025-08-01 11:01:07 AM,590.1,0,0.0,24867071.349999994
2025-08-01 11:01:10 AM,590.6,29,17127.4,24884198.749999993
2025-08-01 11:01:36 AM,590.6,250,147650.0,25031848.749999993
2025-08-01 11:01:37 AM,590.6,30,17718.0,25049566.749999993
2025-08-01 11:01:49 AM,591.0,0,0.0,25049566.749999993
2025-08-01 11:01:52 AM,591.0,720,425520.0,25475086.749999993
2025-08-01 11:01:53 AM,590.1,0,0.0,25475086.749999993
2025-08-01 11:01:53 AM,590.1,30,17703.0,25492789.749999993
2025-08-01 11:01:55 AM,590.05,0,0.0,25492789.749999993
2025-08-01 11:01:57 AM,590.05,50,29502.499999999996,25522292.249999993
2025-08-01 11:02:03 AM,590.0,0,0.0,25522292.249999993
2025-08-01 11:02:03 AM,590.0,250,147500.0,25669792.249999993
2025-08-01 11:02:07 AM,590.0,128,75520.0,25745312.249999993
2025-08-01 11:02:08 AM,590.0,11,6490.0,25751802.249999993
2025-08-01 11:02:15 AM,590.75,0,0.0,25751802.249999993
2025-08-01 11:02:18 AM,590.75,100,59075.0,25810877.249999993
2025-08-01 11:02:19 AM,590.0,0,0.0,25810877.249999993
2025-08-01 11:02:19 AM,590.0,11,6490.0,25817367.249999993
2025-08-01 11:02:31 AM,590.0,250,147500.0,25964867.249999993
2025-08-01 11:02:36 AM,590.0,28,16520.0,25981387.249999993
2025-08-01 11:03:17 AM,590.0,190,112100.0,26093487.249999993
2025-08-01 11:03:17 AM,590.05,0,0.0,26093487.249999993
2025-08-01 11:03:19 AM,590.05,21,12391.05,26105878.299999993
2025-08-01 11:03:40 AM,590.65,107,63199.549999999996,26169077.849999994
2025-08-01 11:03:41 AM,590.05,0,0.0,26169077.849999994
2025-08-01 11:03:43 AM,590.05,12,7080.599999999999,26176158.449999996
2025-08-01 11:03:51 AM,590.65,0,0.0,26176158.449999996
2025-08-01 11:03:51 AM,590.65,5,2953.25,26179111.699999996
2025-08-01 11:04:19 AM,590.6,0,0.0,26179111.699999996
2025-08-01 11:04:20 AM,590.6,4,2362.4,26181474.099999994
2025-08-01 11:04:56 AM,590.6,1,590.6,26182064.699999996
2025-08-01 11:05:03 AM,590.7,0,0.0,26182064.699999996
2025-08-01 11:05:03 AM,590.7,1,590.7,26182655.399999995
2025-08-01 11:05:19 AM,590.6,0,0.0,26182655.399999995
2025-08-01 11:05:19 AM,590.6,2,1181.2,26183836.599999994
2025-08-01 11:05:22 AM,591.15,0,0.0,26183836.599999994
2025-08-01 11:05:23 AM,591.15,5,2955.75,26186792.349999994
2025-08-01 11:05:34 AM,590.0,3563,2102170.0,28288962.349999994
2025-08-01 11:05:35 AM,590.0,398,234820.0,28523782.349999994
2025-08-01 11:05:39 AM,590.0,1,590.0,28524372.349999994
2025-08-01 11:05:49 AM,590.35,0,0.0,28524372.349999994
2025-08-01 11:05:50 AM,590.35,8,4722.8,28529095.149999995
2025-08-01 11:06:05 AM,590.0,0,0.0,28529095.149999995
2025-08-01 11:06:06 AM,590.0,36,21240.0,28550335.149999995
2025-08-01 11:06:09 AM,590.3,0,0.0,28550335.149999995
2025-08-01 11:06:11 AM,590.3,5,2951.5,28553286.649999995
2025-08-01 11:06:30 AM,590.25,0,0.0,28553286.649999995
2025-08-01 11:06:31 AM,590.25,1,590.25,28553876.899999995
2025-08-01 11:07:07 AM,590.0,0,0.0,28553876.899999995
2025-08-01 11:07:09 AM,590.0,103,60770.0,28614646.899999995
2025-08-01 11:07:10 AM,590.0,17,10030.0,28624676.899999995
2025-08-01 11:07:47 AM,590.0,8,4720.0,28629396.899999995
2025-08-01 11:07:55 AM,590.2,0,0.0,28629396.899999995
2025-08-01 11:07:58 AM,590.2,6,3541.2000000000003,28632938.099999994
2025-08-01 11:08:07 AM,590.0,0,0.0,28632938.099999994
2025-08-01 11:08:09 AM,590.0,103,60770.0,28693708.099999994
2025-08-01 11:08:11 AM,590.0,13,7670.0,28701378.099999994
2025-08-01 11:08:24 AM,589.25,4592,2705836.0,31407214.099999994
2025-08-01 11:08:31 AM,588.95,0,0.0,31407214.099999994
2025-08-01 11:08:32 AM,588.95,50,29447.500000000004,31436661.599999994
2025-08-01 11:08:37 AM,589.25,0,0.0,31436661.599999994
2025-08-01 11:08:37 AM,589.25,87,51264.75,31487926.349999994
2025-08-01 11:08:39 AM,589.05,0,0.0,31487926.349999994
2025-08-01 11:08:40 AM,589.05,250,147262.5,31635188.849999994
2025-08-01 11:09:00 AM,588.2,0,0.0,31635188.849999994
2025-08-01 11:09:01 AM,588.2,250,147050.0,31782238.849999994
2025-08-01 11:09:16 AM,589.15,0,0.0,31782238.849999994
2025-08-01 11:09:16 AM,589.15,112,65984.8,31848223.649999995
2025-08-01 11:10:18 AM,589.95,0,0.0,31848223.649999995
2025-08-01 11:10:18 AM,589.95,9,5309.55,31853533.199999996
2025-08-01 11:10:40 AM,590.15,0,0.0,31853533.199999996
2025-08-01 11:10:40 AM,590.15,9,5311.349999999999,31858844.549999997
2025-08-01 11:11:51 AM,590.15,100,59015.0,31917859.549999997
2025-08-01 11:13:50 AM,589.55,26,15328.3,31933187.849999998
2025-08-01 11:15:45 AM,589.15,0,0.0,31933187.849999998
2025-08-01 11:15:46 AM,589.15,2,1178.3,31934366.15
2025-08-01 11:15:56 AM,589.0,2,1178.0,31935544.15
2025-08-01 11:17:12 AM,589.0,25,14725.0,31950269.15
2025-08-01 11:17:31 AM,589.45,0,0.0,31950269.15
2025-08-01 11:17:32 AM,589.45,1,589.45,31950858.599999998
2025-08-01 11:17:39 AM,588.5,250,147125.0,32097983.599999998
2025-08-01 11:17:42 AM,589.05,5,2945.25,32100928.849999998
2025-08-01 11:19:42 AM,588.05,0,0.0,32100928.849999998
2025-08-01 11:19:44 AM,588.05,278,163477.9,32264406.749999996
2025-08-01 11:20:08 AM,588.85,0,0.0,32264406.749999996
2025-08-01 11:20:11 AM,588.85,1,588.85,32264995.599999998
2025-08-01 11:20:22 AM,588.05,0,0.0,32264995.599999998
2025-08-01 11:20:27 AM,588.05,200,117609.99999999999,32382605.599999998
2025-08-01 11:21:14 AM,588.25,1,588.25,32383193.849999998
2025-08-01 11:21:49 AM,588.3,0,0.0,32383193.849999998
2025-08-01 11:21:50 AM,588.3,50,29414.999999999996,32412608.849999998
2025-08-01 11:21:56 AM,588.95,2,1177.9,32413786.749999996
2025-08-01 11:22:04 AM,589.0,0,0.0,32413786.749999996
2025-08-01 11:22:05 AM,589.0,20,11780.0,32425566.749999996
2025-08-01 11:22:25 AM,588.95,0,0.0,32425566.749999996
2025-08-01 11:22:27 AM,588.95,1,588.95,32426155.699999996
2025-08-01 11:23:08 AM,589.0,0,0.0,32426155.699999996
2025-08-01 11:23:09 AM,589.0,5,2945.0,32429100.699999996
2025-08-01 11:23:25 AM,589.0,45,26505.0,32455605.699999996
2025-08-01 11:23:27 AM,589.3,0,0.0,32455605.699999996
2025-08-01 11:23:30 AM,589.3,20,11786.0,32467391.699999996
2025-08-01 11:24:09 AM,589.05,0,0.0,32467391.699999996
2025-08-01 11:24:10 AM,589.05,7,4123.349999999999,32471515.049999997
2025-08-01 11:24:12 AM,589.6,0,0.0,32471515.049999997
2025-08-01 11:24:16 AM,589.6,22,12971.2,32484486.249999996
2025-08-01 11:24:48 AM,589.6,25,14740.0,32499226.249999996
2025-08-01 11:25:16 AM,589.5,0,0.0,32499226.249999996
2025-08-01 11:25:19 AM,589.5,15,8842.5,32508068.749999996
2025-08-01 11:25:27 AM,589.75,0,0.0,32508068.749999996
2025-08-01 11:25:30 AM,589.75,130,76667.5,32584736.249999996
2025-08-01 11:25:56 AM,589.6,50,29480.0,32614216.249999996
2025-08-01 11:26:11 AM,589.45,1,589.45,32614805.699999996
2025-08-01 11:26:13 AM,589.0,0,0.0,32614805.699999996
2025-08-01 11:26:16 AM,589.0,1,589.0,32615394.699999996
2025-08-01 11:26:39 AM,589.45,0,0.0,32615394.699999996
2025-08-01 11:26:42 AM,589.45,4,2357.8,32617752.499999996
2025-08-01 11:27:58 AM,589.0,0,0.0,32617752.499999996
2025-08-01 11:27:59 AM,589.0,6,3534.0,32621286.499999996
2025-08-01 11:28:09 AM,589.0,10,5890.0,32627176.499999996
2025-08-01 11:28:25 AM,589.0,10,5890.0,32633066.499999996
2025-08-01 11:29:28 AM,589.15,0,0.0,32633066.499999996
2025-08-01 11:29:29 AM,589.15,552,325210.8,32958277.299999997
2025-08-01 11:30:29 AM,589.75,0,0.0,32958277.299999997
2025-08-01 11:30:31 AM,589.75,25,14743.75,32973021.049999997
2025-08-01 11:30:41 AM,589.0,28,16492.0,32989513.049999997
2025-08-01 11:30:46 AM,589.0,1,589.0,32990102.049999997
2025-08-01 11:31:23 AM,588.05,0,0.0,32990102.049999997
2025-08-01 11:31:24 AM,588.05,100,58804.99999999999,33048907.049999997
2025-08-01 11:31:35 AM,588.3,0,0.0,33048907.049999997
2025-08-01 11:31:37 AM,588.3,2,1176.6,33050083.65
2025-08-01 11:31:42 AM,588.3,2,1176.6,33051260.25
2025-08-01 11:32:36 AM,588.85,7,4121.95,33055382.2
2025-08-01 11:33:01 AM,588.85,11,6477.35,33061859.55
2025-08-01 11:33:50 AM,589.5,0,0.0,33061859.55
2025-08-01 11:33:51 AM,589.5,49,28885.5,33090745.05
2025-08-01 11:34:06 AM,588.75,0,0.0,33090745.05
2025-08-01 11:34:06 AM,588.75,513,302028.75,33392773.8
2025-08-01 11:34:33 AM,588.5,0,0.0,33392773.8
2025-08-01 11:34:37 AM,588.5,1,588.5,33393362.3
2025-08-01 11:34:44 AM,588.75,0,0.0,33393362.3
2025-08-01 11:34:48 AM,588.75,100,58875.0,33452237.3
2025-08-01 11:36:44 AM,589.1,0,0.0,33452237.3
2025-08-01 11:36:48 AM,589.1,6,3534.6000000000004,33455771.900000002
2025-08-01 11:38:46 AM,589.1,1,589.1,33456361.000000004
2025-08-01 11:38:51 AM,588.5,0,0.0,33456361.000000004
2025-08-01 11:38:51 AM,588.5,82,48257.0,33504618.000000004
2025-08-01 11:39:33 AM,588.0,374,219912.0,33724530.0
2025-08-01 11:39:50 AM,587.75,1,587.75,33725117.75
2025-08-01 11:39:59 AM,587.2,0,0.0,33725117.75
2025-08-01 11:39:59 AM,587.2,20,11744.0,33736861.75
2025-08-01 11:40:23 AM,586.7,0,0.0,33736861.75
2025-08-01 11:40:24 AM,586.7,550,322685.0,34059546.75
2025-08-01 11:40:48 AM,586.75,0,0.0,34059546.75
2025-08-01 11:40:50 AM,586.75,20,11735.0,34071281.75
2025-08-01 11:42:03 AM,586.9,0,0.0,34071281.75
2025-08-01 11:42:06 AM,586.9,6,3521.3999999999996,34074803.15
2025-08-01 11:42:21 AM,586.75,2,1173.5,34075976.65
2025-08-01 11:42:35 AM,586.95,0,0.0,34075976.65
2025-08-01 11:42:37 AM,586.95,3,1760.8500000000001,34077737.5
2025-08-01 11:42:47 AM,586.75,0,0.0,34077737.5
2025-08-01 11:42:47 AM,586.75,4,2347.0,34080084.5
2025-08-01 11:42:58 AM,586.75,42,24643.5,34104728.0
2025-08-01 11:43:04 AM,586.95,2,1173.9,34105901.9
2025-08-01 11:43:33 AM,586.8,0,0.0,34105901.9
2025-08-01 11:43:35 AM,586.8,1,586.8,34106488.699999996
2025-08-01 11:44:28 AM,586.9,0,0.0,34106488.699999996
2025-08-01 11:44:30 AM,586.9,50,29345.0,34135833.699999996
2025-08-01 11:45:25 AM,587.15,0,0.0,34135833.699999996
2025-08-01 11:45:30 AM,587.15,11,6458.65,34142292.349999994
2025-08-01 11:46:08 AM,587.7,48,28209.600000000002,34170501.949999996
2025-08-01 11:46:08 AM,587.6,0,0.0,34170501.949999996
2025-08-01 11:46:13 AM,587.6,1,587.6,34171089.55
2025-08-01 11:46:37 AM,587.9,0,0.0,34171089.55
2025-08-01 11:46:39 AM,587.9,100,58790.0,34229879.55
2025-08-01 11:46:41 AM,587.15,0,0.0,34229879.55
2025-08-01 11:46:44 AM,587.15,86,50494.9,34280374.449999996
2025-08-01 11:46:52 AM,587.2,0,0.0,34280374.449999996
2025-08-01 11:46:55 AM,587.2,1,587.2,34280961.65
2025-08-01 11:46:56 AM,587.2,5,2936.0,34283897.65
2025-08-01 11:48:37 AM,587.15,43,25247.45,34309145.1
2025-08-01 11:48:48 AM,587.0,0,0.0,34309145.1
2025-08-01 11:48:52 AM,587.0,57,33459.0,34342604.1
2025-08-01 11:49:34 AM,587.5,10,5875.0,34348479.1
2025-08-01 11:50:36 AM,586.4,0,0.0,34348479.1
2025-08-01 11:50:37 AM,587.0,0,0.0,34348479.1
2025-08-01 11:50:41 AM,587.0,216,126792.0,34475271.1
2025-08-01 11:51:07 AM,586.3,0,0.0,34475271.1
2025-08-01 11:51:10 AM,586.3,34,19934.199999999997,34495205.300000004
2025-08-01 11:51:16 AM,586.7,0,0.0,34495205.300000004
2025-08-01 11:51:20 AM,586.7,10,5867.0,34501072.300000004
2025-08-01 11:51:27 AM,586.3,0,0.0,34501072.300000004
2025-08-01 11:51:29 AM,586.75,0,0.0,34501072.300000004
2025-08-01 11:51:30 AM,586.75,29,17015.75,34518088.050000004
2025-08-01 11:51:48 AM,586.85,0,0.0,34518088.050000004
2025-08-01 11:51:50 AM,586.85,18,10563.300000000001,34528651.35
2025-08-01 11:52:01 AM,587.65,0,0.0,34528651.35
2025-08-01 11:52:05 AM,587.65,7,4113.55,34532764.9
2025-08-01 11:52:05 AM,587.75,6,3526.5,34536291.4
2025-08-01 11:52:21 AM,587.9,1,587.9,34536879.3
2025-08-01 11:53:14 AM,587.85,0,0.0,34536879.3
2025-08-01 11:53:16 AM,587.85,1,587.85,34537467.15
2025-08-01 11:53:41 AM,587.8,0,0.0,34537467.15
2025-08-01 11:53:41 AM,587.8,1,587.8,34538054.949999996
2025-08-01 11:53:59 AM,587.7,0,0.0,34538054.949999996
2025-08-01 11:54:01 AM,587.7,20,11754.0,34549808.949999996
2025-08-01 11:54:10 AM,587.55,0,0.0,34549808.949999996
2025-08-01 11:54:11 AM,587.55,10,5875.5,34555684.449999996
2025-08-01 11:54:54 AM,587.5,0,0.0,34555684.449999996
2025-08-01 11:54:57 AM,587.5,5,2937.5,34558621.949999996
2025-08-01 11:55:36 AM,587.45,0,0.0,34558621.949999996
2025-08-01 11:55:37 AM,587.45,3,1762.3500000000001,34560384.3
2025-08-01 11:56:31 AM,587.0,0,0.0,34560384.3
2025-08-01 11:56:33 AM,587.0,24,14088.0,34574472.3
2025-08-01 11:57:03 AM,586.85,0,0.0,34574472.3
2025-08-01 11:57:03 AM,586.85,20,11737.0,34586209.3
2025-08-01 11:58:19 AM,587.6,0,0.0,34586209.3
2025-08-01 11:58:20 AM,587.6,225,132210.0,34718419.3
2025-08-01 11:58:35 AM,588.75,0,0.0,34718419.3
2025-08-01 11:58:36 AM,588.75,10,5887.5,34724306.8
2025-08-01 12:00:12 PM,588.75,1,588.75,34724895.55
2025-08-01 12:00:31 PM,588.75,3,1766.25,34726661.8
2025-08-01 12:00:36 PM,588.75,1,588.75,34727250.55
2025-08-01 12:01:17 PM,588.75,6,3532.5,34730783.05
2025-08-01 12:01:54 PM,587.8,0,0.0,34730783.05
2025-08-01 12:01:55 PM,587.8,114,67009.2,34797792.25
2025-08-01 12:02:02 PM,587.8,7,4114.599999999999,34801906.85
2025-08-01 12:02:09 PM,587.8,6,3526.7999999999997,34805433.65
2025-08-01 12:02:11 PM,588.15,0,0.0,34805433.65
2025-08-01 12:02:11 PM,588.15,58,34112.7,34839546.35
2025-08-01 12:02:14 PM,587.45,1,587.45,34840133.800000004
2025-08-01 12:02:19 PM,587.3,453,266046.89999999997,35106180.7
2025-08-01 12:03:49 PM,587.2,0,0.0,35106180.7
2025-08-01 12:03:49 PM,587.2,1,587.2,35106767.900000006
2025-08-01 12:04:16 PM,586.85,0,0.0,35106767.900000006
2025-08-01 12:04:16 PM,586.85,2,1173.7,35107941.60000001
2025-08-01 12:04:42 PM,586.85,4,2347.4,35110289.00000001
2025-08-01 12:05:09 PM,587.15,1,587.15,35110876.150000006
2025-08-01 12:05:12 PM,586.85,0,0.0,35110876.150000006
2025-08-01 12:05:13 PM,586.85,4,2347.4,35113223.550000004
2025-08-01 12:05:50 PM,587.1,0,0.0,35113223.550000004
2025-08-01 12:05:53 PM,587.1,1,587.1,35113810.650000006
2025-08-01 12:06:02 PM,586.85,0,0.0,35113810.650000006
2025-08-01 12:06:03 PM,586.85,6,3521.1000000000004,35117331.75000001
2025-08-01 12:06:13 PM,586.85,22,12910.7,35130242.45000001
2025-08-01 12:06:52 PM,586.85,4,2347.4,35132589.85000001
2025-08-01 12:07:43 PM,586.85,6,3521.1000000000004,35136110.95000001
2025-08-01 12:07:48 PM,586.85,2,1173.7,35137284.65000001
2025-08-01 12:08:22 PM,587.6,0,0.0,35137284.65000001
2025-08-01 12:08:23 PM,587.6,170,99892.0,35237176.65000001
2025-08-01 12:08:30 PM,587.35,0,0.0,35237176.65000001
2025-08-01 12:08:33 PM,587.35,10,5873.5,35243050.15000001
2025-08-01 12:08:38 PM,587.35,1,587.35,35243637.500000015
2025-08-01 12:09:16 PM,587.3,0,0.0,35243637.500000015
2025-08-01 12:09:17 PM,587.3,3,1761.8999999999999,35245399.40000001
2025-08-01 12:10:04 PM,587.25,0,0.0,35245399.40000001
2025-08-01 12:10:07 PM,587.25,6,3523.5,35248922.90000001
2025-08-01 12:10:18 PM,587.25,39,22902.75,35271825.65000001
2025-08-01 12:10:20 PM,586.05,0,0.0,35271825.65000001
2025-08-01 12:10:23 PM,586.05,610,357490.5,35629316.15000001
2025-08-01 12:10:34 PM,587.6,0,0.0,35629316.15000001
2025-08-01 12:10:38 PM,587.6,5,2938.0,35632254.15000001
2025-08-01 12:11:22 PM,587.95,0,0.0,35632254.15000001
2025-08-01 12:11:22 PM,587.95,5,2939.75,35635193.90000001
2025-08-01 12:11:38 PM,587.4,0,0.0,35635193.90000001
2025-08-01 12:11:42 PM,588.25,174,102355.5,35737549.40000001
2025-08-01 12:12:38 PM,588.45,0,0.0,35737549.40000001
2025-08-01 12:12:41 PM,588.45,3,1765.3500000000001,35739314.750000015
2025-08-01 12:12:46 PM,588.45,20,11769.0,35751083.750000015
2025-08-01 12:12:51 PM,588.25,10,5882.5,35756966.250000015
2025-08-01 12:13:00 PM,588.45,0,0.0,35756966.250000015
2025-08-01 12:13:02 PM,588.45,42,24714.9,35781681.15000001
2025-08-01 12:13:50 PM,588.5,0,0.0,35781681.15000001
2025-08-01 12:13:51 PM,588.5,49,28836.5,35810517.65000001
2025-08-01 12:13:54 PM,588.25,0,0.0,35810517.65000001
2025-08-01 12:13:56 PM,588.25,2,1176.5,35811694.15000001
2025-08-01 12:14:10 PM,588.65,0,0.0,35811694.15000001
2025-08-01 12:14:11 PM,588.65,372,218977.8,36030671.95000001
2025-08-01 12:14:34 PM,588.8,0,0.0,36030671.95000001
2025-08-01 12:14:36 PM,588.8,365,214911.99999999997,36245583.95000001
2025-08-01 12:14:50 PM,588.0,0,0.0,36245583.95000001
2025-08-01 12:14:52 PM,587.95,25,14698.750000000002,36260282.70000001
2025-08-01 12:15:01 PM,587.0,90,52830.0,36313112.70000001
2025-08-01 12:15:12 PM,587.75,2,1175.5,36314288.20000001
2025-08-01 12:15:27 PM,587.75,5,2938.75,36317226.95000001
2025-08-01 12:16:08 PM,587.75,10,5877.5,36323104.45000001
2025-08-01 12:16:26 PM,587.05,0,0.0,36323104.45000001
2025-08-01 12:16:27 PM,587.05,8,4696.4,36327800.85000001
2025-08-01 12:17:01 PM,587.6,20,11752.0,36339552.85000001
2025-08-01 12:18:26 PM,586.8,0,0.0,36339552.85000001
2025-08-01 12:18:28 PM,586.8,10,5868.0,36345420.85000001
2025-08-01 12:18:48 PM,587.3,0,0.0,36345420.85000001
2025-08-01 12:18:49 PM,587.3,1,587.3,36346008.150000006
2025-08-01 12:22:23 PM,586.15,0,0.0,36346008.150000006
2025-08-01 12:22:26 PM,586.15,171,100231.65,36446239.800000004
2025-08-01 12:22:41 PM,587.1,0,0.0,36446239.800000004
2025-08-01 12:22:42 PM,587.1,8,4696.8,36450936.6
2025-08-01 12:22:52 PM,587.1,50,29355.0,36480291.6
2025-08-01 12:23:31 PM,587.1,29,17025.9,36497317.5
2025-08-01 12:23:56 PM,587.15,15,8807.25,36506124.75
2025-08-01 12:24:28 PM,587.3,0,0.0,36506124.75
2025-08-01 12:24:31 PM,587.3,10,5873.0,36511997.75
2025-08-01 12:24:37 PM,587.45,0,0.0,36511997.75
2025-08-01 12:24:40 PM,587.45,5,2937.25,36514935.0
2025-08-01 12:26:24 PM,587.5,0,0.0,36514935.0
2025-08-01 12:26:26 PM,587.5,22,12925.0,36527860.0
2025-08-01 12:26:31 PM,587.5,10,5875.0,36533735.0
2025-08-01 12:26:32 PM,587.0,42,24654.0,36558389.0
2025-08-01 12:27:43 PM,587.3,0,0.0,36558389.0
2025-08-01 12:27:46 PM,587.3,10,5873.0,36564262.0
2025-08-01 12:28:23 PM,587.0,0,0.0,36564262.0
2025-08-01 12:28:26 PM,587.0,16,9392.0,36573654.0
2025-08-01 12:28:32 PM,587.0,1,587.0,36574241.0
2025-08-01 12:28:35 PM,587.3,0,0.0,36574241.0
2025-08-01 12:28:35 PM,587.3,5,2936.5,36577177.5
2025-08-01 12:30:02 PM,587.3,1,587.3,36577764.8
2025-08-01 12:30:14 PM,587.0,0,0.0,36577764.8
2025-08-01 12:30:15 PM,587.0,1,587.0,36578351.8
2025-08-01 12:30:38 PM,586.5,0,0.0,36578351.8
2025-08-01 12:30:38 PM,586.5,74,43401.0,36621752.8
2025-08-01 12:33:01 PM,586.2,30,17586.0,36639338.8
2025-08-01 12:34:50 PM,586.8,0,0.0,36639338.8
2025-08-01 12:34:52 PM,586.8,50,29339.999999999996,36668678.8
2025-08-01 12:34:54 PM,586.7,0,0.0,36668678.8
2025-08-01 12:34:57 PM,586.7,2,1173.4,36669852.199999996
2025-08-01 12:35:12 PM,586.3,0,0.0,36669852.199999996
2025-08-01 12:35:12 PM,586.3,11,6449.299999999999,36676301.49999999
2025-08-01 12:35:34 PM,586.0,0,0.0,36676301.49999999
2025-08-01 12:35:38 PM,586.0,50,29300.0,36705601.49999999
2025-08-01 12:35:56 PM,586.3,0,0.0,36705601.49999999
2025-08-01 12:36:00 PM,586.3,5,2931.5,36708532.99999999
2025-08-01 12:39:16 PM,586.3,2,1172.6,36709705.599999994
2025-08-01 12:39:54 PM,586.3,5,2931.5,36712637.099999994
2025-08-01 12:40:15 PM,586.3,5,2931.5,36715568.599999994
2025-08-01 12:40:26 PM,586.3,5,2931.5,36718500.099999994
2025-08-01 12:40:41 PM,586.3,2,1172.6,36719672.699999996
2025-08-01 12:41:54 PM,586.0,5,2930.0,36722602.699999996
2025-08-01 12:42:46 PM,586.3,99,58043.7,36780646.4
2025-08-01 12:43:22 PM,585.85,0,0.0,36780646.4
2025-08-01 12:43:23 PM,585.7,849,497259.30000000005,37277905.699999996
2025-08-01 12:43:34 PM,585.7,2,1171.4,37279077.099999994
2025-08-01 12:43:43 PM,585.55,0,0.0,37279077.099999994
2025-08-01 12:43:45 PM,585.55,1000,585550.0,37864627.099999994
2025-08-01 12:44:20 PM,585.8,0,0.0,37864627.099999994
2025-08-01 12:44:23 PM,585.8,18,10544.4,37875171.49999999
2025-08-01 12:45:54 PM,585.9,0,0.0,37875171.49999999
2025-08-01 12:45:56 PM,585.9,1,585.9,37875757.39999999
2025-08-01 12:46:32 PM,585.85,0,0.0,37875757.39999999
2025-08-01 12:46:36 PM,585.85,1,585.85,37876343.24999999
2025-08-01 12:47:48 PM,585.85,1,585.85,37876929.099999994
2025-08-01 12:48:28 PM,585.85,1,585.85,37877514.949999996
2025-08-01 12:48:48 PM,585.85,7,4100.95,37881615.9
2025-08-01 12:50:38 PM,585.8,0,0.0,37881615.9
2025-08-01 12:50:39 PM,585.8,3,1757.3999999999999,37883373.3
2025-08-01 12:50:44 PM,585.6,0,0.0,37883373.3
2025-08-01 12:50:45 PM,585.6,7,4099.2,37887472.5
2025-08-01 12:50:50 PM,585.8,0,0.0,37887472.5
2025-08-01 12:50:50 PM,585.8,10,5858.0,37893330.5
2025-08-01 12:51:22 PM,585.6,100,58560.0,37951890.5
2025-08-01 12:51:24 PM,585.55,0,0.0,37951890.5
2025-08-01 12:51:25 PM,585.55,2153,1260689.15,39212579.65
2025-08-01 12:52:00 PM,586.3,0,0.0,39212579.65
2025-08-01 12:52:01 PM,586.3,250,146575.0,39359154.65
2025-08-01 12:52:18 PM,586.45,0,0.0,39359154.65
2025-08-01 12:52:20 PM,586.45,41,24044.45,39383199.1
2025-08-01 12:52:28 PM,588.1,0,0.0,39383199.1
2025-08-01 12:52:30 PM,588.1,628,369326.8,39752525.9
2025-08-01 12:52:34 PM,589.0,0,0.0,39752525.9
2025-08-01 12:52:34 PM,589.0,186,109554.0,39862079.9
2025-08-01 12:52:44 PM,589.0,1,589.0,39862668.9
2025-08-01 12:52:54 PM,589.0,13,7657.0,39870325.9
2025-08-01 12:53:14 PM,589.05,0,0.0,39870325.9
2025-08-01 12:53:15 PM,589.05,10,5890.5,39876216.4
2025-08-01 12:53:26 PM,588.55,0,0.0,39876216.4
2025-08-01 12:53:29 PM,588.55,2,1177.1,39877393.5
2025-08-01 12:54:00 PM,588.55,2,1177.1,39878570.6
2025-08-01 12:54:32 PM,589.2,0,0.0,39878570.6
2025-08-01 12:54:35 PM,589.2,15,8838.0,39887408.6
2025-08-01 12:55:32 PM,588.7,0,0.0,39887408.6
2025-08-01 12:55:33 PM,588.7,23,13540.1,39900948.7
2025-08-01 12:55:56 PM,589.15,0,0.0,39900948.7
2025-08-01 12:55:57 PM,589.15,2,1178.3,39902127.0
2025-08-01 12:56:02 PM,589.15,2,1178.3,39903305.3
2025-08-01 12:56:36 PM,588.55,0,0.0,39903305.3
2025-08-01 12:56:37 PM,588.55,10,5885.5,39909190.8
2025-08-01 12:57:07 PM,588.55,2,1177.1,39910367.9
2025-08-01 12:57:10 PM,588.05,0,0.0,39910367.9
2025-08-01 12:57:12 PM,588.05,90,52924.49999999999,39963292.4
2025-08-01 12:57:17 PM,588.65,36,21191.399999999998,39984483.8
2025-08-01 12:57:34 PM,587.75,0,0.0,39984483.8
2025-08-01 12:57:37 PM,587.75,200,117550.0,40102033.8
2025-08-01 12:59:12 PM,587.6,0,0.0,40102033.8
2025-08-01 12:59:13 PM,587.6,7,4113.2,40106147.0
2025-08-01 12:59:36 PM,587.75,0,0.0,40106147.0
2025-08-01 12:59:39 PM,587.75,38,22334.5,40128481.5
2025-08-01 12:59:42 PM,588.0,0,0.0,40128481.5
2025-08-01 12:59:44 PM,588.0,6,3528.0,40132009.5
2025-08-01 01:01:19 PM,588.0,15,8820.0,40140829.5
2025-08-01 01:01:39 PM,588.0,2,1176.0,40142005.5
2025-08-01 01:02:28 PM,587.45,2,1174.9,40143180.4
2025-08-01 01:03:11 PM,587.5,0,0.0,40143180.4
2025-08-01 01:03:14 PM,587.5,50,29375.0,40172555.4
2025-08-01 01:03:29 PM,587.85,0,0.0,40172555.4
2025-08-01 01:03:29 PM,587.85,2,1175.7,40173731.1
2025-08-01 01:03:45 PM,588.0,0,0.0,40173731.1
2025-08-01 01:03:48 PM,588.0,8,4704.0,40178435.1
2025-08-01 01:06:33 PM,588.05,0,0.0,40178435.1
2025-08-01 01:06:33 PM,588.05,65,38223.25,40216658.35
2025-08-01 01:07:04 PM,588.1,14,8233.4,40224891.75
2025-08-01 01:08:10 PM,588.0,0,0.0,40224891.75
2025-08-01 01:08:11 PM,588.0,18,10584.0,40235475.75
2025-08-01 01:08:23 PM,588.4,86,50602.4,40286078.15
2025-08-01 01:09:20 PM,588.4,60,35304.0,40321382.15
2025-08-01 01:12:04 PM,588.35,0,0.0,40321382.15
2025-08-01 01:12:06 PM,588.35,41,24122.350000000002,40345504.5
2025-08-01 01:12:19 PM,589.2,0,0.0,40345504.5
2025-08-01 01:12:21 PM,589.2,178,104877.6,40450382.1
2025-08-01 01:12:42 PM,589.0,0,0.0,40450382.1
2025-08-01 01:12:43 PM,589.0,23,13547.0,40463929.1
2025-08-01 01:14:00 PM,589.35,0,0.0,40463929.1
2025-08-01 01:14:00 PM,589.35,12,7072.200000000001,40471001.300000004
2025-08-01 01:15:19 PM,589.35,224,132014.4,40603015.7
2025-08-01 01:15:32 PM,589.35,1,589.35,40603605.050000004
2025-08-01 01:17:23 PM,589.35,147,86634.45,40690239.50000001
2025-08-01 01:19:03 PM,588.45,0,0.0,40690239.50000001
2025-08-01 01:19:05 PM,588.45,621,365427.45,41055666.95000001
2025-08-01 01:19:44 PM,588.7,0,0.0,41055666.95000001
2025-08-01 01:19:45 PM,588.7,38,22370.600000000002,41078037.55000001
2025-08-01 01:21:24 PM,589.25,0,0.0,41078037.55000001
2025-08-01 01:21:24 PM,589.25,20,11785.0,41089822.55000001
2025-08-01 01:23:06 PM,588.6,0,0.0,41089822.55000001
2025-08-01 01:23:07 PM,588.6,22,12949.2,41102771.750000015
2025-08-01 01:23:24 PM,589.1,0,0.0,41102771.750000015
2025-08-01 01:23:26 PM,589.1,5,2945.5,41105717.250000015
2025-08-01 01:24:10 PM,589.2,0,0.0,41105717.250000015
2025-08-01 01:24:14 PM,589.2,11,6481.200000000001,41112198.45000002
2025-08-01 01:27:47 PM,589.15,0,0.0,41112198.45000002
2025-08-01 01:27:50 PM,589.15,1,589.15,41112787.60000002
2025-08-01 01:29:26 PM,588.95,0,0.0,41112787.60000002
2025-08-01 01:29:30 PM,588.95,50,29447.500000000004,41142235.10000002
2025-08-01 01:30:03 PM,588.85,0,0.0,41142235.10000002
2025-08-01 01:30:04 PM,588.85,5,2944.25,41145179.35000002
2025-08-01 01:30:22 PM,588.95,0,0.0,41145179.35000002
2025-08-01 01:30:24 PM,588.95,135,79508.25,41224687.60000002
2025-08-01 01:30:50 PM,589.0,0,0.0,41224687.60000002
2025-08-01 01:30:52 PM,589.0,1,589.0,41225276.60000002
2025-08-01 01:31:28 PM,589.05,0,0.0,41225276.60000002
2025-08-01 01:31:29 PM,589.05,100,58904.99999999999,41284181.60000002
2025-08-01 01:31:53 PM,589.3,17,10018.099999999999,41294199.70000002
2025-08-01 01:32:13 PM,589.3,162,95466.59999999999,41389666.30000002
2025-08-01 01:32:28 PM,589.3,3,1767.8999999999999,41391434.20000002
2025-08-01 01:34:42 PM,589.0,2,1178.0,41392612.20000002
2025-08-01 01:34:52 PM,588.5,33,19420.5,41412032.70000002
2025-08-01 01:35:50 PM,587.85,0,0.0,41412032.70000002
2025-08-01 01:35:51 PM,587.85,2,1175.7,41413208.40000002
2025-08-01 01:38:51 PM,587.85,2,1175.7,41414384.100000024
2025-08-01 01:40:46 PM,587.7,0,0.0,41414384.100000024
2025-08-01 01:40:49 PM,587.7,1,587.7,41414971.80000003
2025-08-01 01:43:02 PM,588.05,1,588.05,41415559.850000024
2025-08-01 01:46:54 PM,587.55,0,0.0,41415559.850000024
2025-08-01 01:46:56 PM,587.55,2004,1177450.2,42593010.05000003
2025-08-01 01:47:12 PM,588.1,0,0.0,42593010.05000003
2025-08-01 01:47:12 PM,588.1,1,588.1,42593598.15000003
2025-08-01 01:47:24 PM,588.05,0,0.0,42593598.15000003
2025-08-01 01:47:26 PM,588.05,5,2940.25,42596538.40000003
2025-08-01 01:47:31 PM,588.05,16,9408.8,42605947.200000025
2025-08-01 01:47:51 PM,588.05,84,49396.2,42655343.40000003
2025-08-01 01:48:10 PM,587.5,0,0.0,42655343.40000003
2025-08-01 01:48:11 PM,587.5,3,1762.5,42657105.90000003
2025-08-01 01:48:11 PM,587.5,100,58750.0,42715855.90000003
2025-08-01 01:49:00 PM,587.5,15,8812.5,42724668.40000003
2025-08-01 01:49:14 PM,587.5,33,19387.5,42744055.90000003
2025-08-01 01:51:56 PM,588.0,63,37044.0,42781099.90000003
2025-08-01 01:52:49 PM,588.0,1,588.0,42781687.90000003
2025-08-01 01:53:17 PM,588.4,100,58840.0,42840527.90000003
2025-08-01 01:57:30 PM,587.9,0,0.0,42840527.90000003
2025-08-01 01:57:31 PM,587.9,5,2939.5,42843467.40000003
2025-08-01 01:57:41 PM,587.9,1,587.9,42844055.30000003
2025-08-01 01:58:04 PM,588.4,0,0.0,42844055.30000003
2025-08-01 01:58:05 PM,588.4,3,1765.1999999999998,42845820.50000003
2025-08-01 01:58:55 PM,588.4,25,14710.0,42860530.50000003
2025-08-01 01:59:25 PM,587.9,0,0.0,42860530.50000003
2025-08-01 01:59:26 PM,587.9,39,22928.1,42883458.60000003
2025-08-01 02:00:28 PM,587.95,0,0.0,42883458.60000003
2025-08-01 02:00:31 PM,587.95,1,587.95,42884046.550000034
2025-08-01 02:05:09 PM,587.95,1,587.95,42884634.50000004
2025-08-01 02:05:39 PM,587.95,27,15874.650000000001,42900509.150000036
2025-08-01 02:05:41 PM,587.9,0,0.0,42900509.150000036
2025-08-01 02:05:44 PM,587.9,5,2939.5,42903448.650000036
2025-08-01 02:06:31 PM,587.5,0,0.0,42903448.650000036
2025-08-01 02:06:34 PM,587.5,22,12925.0,42916373.650000036
2025-08-01 02:06:45 PM,587.5,1,587.5,42916961.150000036
2025-08-01 02:07:31 PM,586.9,412,241802.8,43158763.95000003
2025-08-01 02:07:35 PM,586.35,0,0.0,43158763.95000003
2025-08-01 02:07:36 PM,586.35,2,1172.7,43159936.650000036
2025-08-01 02:08:23 PM,586.6,0,0.0,43159936.650000036
2025-08-01 02:08:27 PM,586.6,6,3519.6000000000004,43163456.25000004
2025-08-01 02:09:03 PM,586.35,18,10554.300000000001,43174010.550000034
2025-08-01 02:09:11 PM,586.25,0,0.0,43174010.550000034
2025-08-01 02:09:14 PM,586.25,1,586.25,43174596.800000034
2025-08-01 02:09:26 PM,586.0,0,0.0,43174596.800000034
2025-08-01 02:09:29 PM,586.0,10,5860.0,43180456.800000034
2025-08-01 02:09:53 PM,586.55,156,91501.79999999999,43271958.60000003
2025-08-01 02:09:58 PM,586.15,0,0.0,43271958.60000003
2025-08-01 02:09:58 PM,586.15,2,1172.3,43273130.90000003
2025-08-01 02:11:39 PM,585.55,0,0.0,43273130.90000003
2025-08-01 02:11:41 PM,585.0,0,0.0,43273130.90000003
2025-08-01 02:11:41 PM,585.0,8526,4987710.0,48260840.90000003
2025-08-01 02:11:46 PM,585.3,2,1170.6,48262011.50000003
2025-08-01 02:11:48 PM,585.0,0,0.0,48262011.50000003
2025-08-01 02:11:51 PM,585.0,1,585.0,48262596.50000003
2025-08-01 02:12:04 PM,585.25,0,0.0,48262596.50000003
2025-08-01 02:12:07 PM,585.25,9,5267.25,48267863.75000003
2025-08-01 02:12:42 PM,585.25,20,11705.0,48279568.75000003
2025-08-01 02:13:29 PM,585.25,22,12875.5,48292444.25000003
2025-08-01 02:13:30 PM,585.55,0,0.0,48292444.25000003
2025-08-01 02:13:31 PM,585.55,50,29277.499999999996,48321721.75000003
2025-08-01 02:13:48 PM,585.7,0,0.0,48321721.75000003
2025-08-01 02:13:50 PM,585.7,50,29285.000000000004,48351006.75000003
2025-08-01 02:15:16 PM,585.65,0,0.0,48351006.75000003
2025-08-01 02:15:16 PM,585.65,1,585.65,48351592.40000003
2025-08-01 02:15:52 PM,585.6,0,0.0,48351592.40000003
2025-08-01 02:15:52 PM,585.6,1,585.6,48352178.00000003
2025-08-01 02:16:18 PM,585.65,0,0.0,48352178.00000003
2025-08-01 02:16:18 PM,585.65,1,585.65,48352763.65000003
2025-08-01 02:16:28 PM,585.65,19,11127.35,48363891.00000003
2025-08-01 02:18:04 PM,585.25,0,0.0,48363891.00000003
2025-08-01 02:18:04 PM,585.25,7,4096.75,48367987.75000003
2025-08-01 02:18:30 PM,585.25,1,585.25,48368573.00000003
2025-08-01 02:18:45 PM,585.25,35,20483.75,48389056.75000003
2025-08-01 02:19:05 PM,585.25,19,11119.75,48400176.50000003
2025-08-01 02:19:24 PM,584.8,0,0.0,48400176.50000003
2025-08-01 02:19:26 PM,584.8,415,242691.99999999997,48642868.50000003
2025-08-01 02:19:34 PM,584.4,0,0.0,48642868.50000003
2025-08-01 02:19:37 PM,584.4,7,4090.7999999999997,48646959.30000003
2025-08-01 02:20:33 PM,584.4,4,2337.6,48649296.90000003
2025-08-01 02:20:46 PM,584.55,0,0.0,48649296.90000003
2025-08-01 02:20:48 PM,584.55,2,1169.1,48650466.00000003
2025-08-01 02:21:02 PM,584.0,0,0.0,48650466.00000003
2025-08-01 02:21:03 PM,584.0,100,58400.0,48708866.00000003
2025-08-01 02:21:12 PM,584.5,0,0.0,48708866.00000003
2025-08-01 02:21:14 PM,584.5,40,23380.0,48732246.00000003
2025-08-01 02:22:18 PM,585.0,0,0.0,48732246.00000003
2025-08-01 02:22:18 PM,585.0,4,2340.0,48734586.00000003
2025-08-01 02:23:18 PM,584.35,0,0.0,48734586.00000003
2025-08-01 02:23:22 PM,584.35,5,2921.75,48737507.75000003
2025-08-01 02:24:12 PM,584.2,0,0.0,48737507.75000003
2025-08-01 02:24:15 PM,584.75,0,0.0,48737507.75000003
2025-08-01 02:24:15 PM,584.75,17,9940.75,48747448.50000003
2025-08-01 02:24:37 PM,584.75,25,14618.75,48762067.25000003
2025-08-01 02:24:46 PM,584.75,25,14618.75,48776686.00000003
2025-08-01 02:24:54 PM,584.85,0,0.0,48776686.00000003
2025-08-01 02:24:57 PM,584.85,100,58485.0,48835171.00000003
2025-08-01 02:25:02 PM,584.85,10,5848.5,48841019.50000003
2025-08-01 02:25:14 PM,584.85,2,1169.7,48842189.20000003
2025-08-01 02:25:19 PM,584.85,10,5848.5,48848037.70000003
2025-08-01 02:25:21 PM,584.05,0,0.0,48848037.70000003
2025-08-01 02:25:24 PM,584.05,75,43803.75,48891841.45000003
2025-08-01 02:25:37 PM,584.65,0,0.0,48891841.45000003
2025-08-01 02:25:41 PM,584.65,5,2923.25,48894764.70000003
2025-08-01 02:26:06 PM,584.65,9,5261.849999999999,48900026.550000034
2025-08-01 02:26:30 PM,584.6,0,0.0,48900026.550000034
2025-08-01 02:26:33 PM,584.6,1,584.6,48900611.150000036
2025-08-01 02:27:05 PM,584.6,12,7015.200000000001,48907626.35000004
2025-08-01 02:27:21 PM,584.5,0,0.0,48907626.35000004
2025-08-01 02:27:21 PM,584.5,10,5845.0,48913471.35000004
2025-08-01 02:28:05 PM,584.55,500,292275.0,49205746.35000004
2025-08-01 02:28:40 PM,584.0,0,0.0,49205746.35000004
2025-08-01 02:28:43 PM,584.0,152,88768.0,49294514.35000004
2025-08-01 02:30:01 PM,583.7,0,0.0,49294514.35000004
2025-08-01 02:30:01 PM,583.55,101,58938.549999999996,49353452.900000036
2025-08-01 02:30:07 PM,583.55,3,1750.6499999999999,49355203.550000034
2025-08-01 02:30:23 PM,583.2,16,9331.2,49364534.75000004
2025-08-01 02:30:27 PM,582.45,0,0.0,49364534.75000004
2025-08-01 02:30:28 PM,582.45,186,108335.70000000001,49472870.45000004
2025-08-01 02:30:33 PM,582.75,0,0.0,49472870.45000004
2025-08-01 02:30:33 PM,582.75,13,7575.75,49480446.20000004
2025-08-01 02:30:42 PM,582.2,0,0.0,49480446.20000004
2025-08-01 02:30:44 PM,582.2,171,99556.20000000001,49580002.40000004
2025-08-01 02:30:45 PM,582.0,0,0.0,49580002.40000004
2025-08-01 02:30:45 PM,582.0,70,40740.0,49620742.40000004
2025-08-01 02:30:49 PM,582.4,16,9318.4,49630060.80000004
2025-08-01 02:30:57 PM,582.05,0,0.0,49630060.80000004
2025-08-01 02:31:00 PM,582.05,37,21535.85,49651596.65000004
2025-08-01 02:31:00 PM,582.95,0,0.0,49651596.65000004
2025-08-01 02:31:01 PM,582.95,1,582.95,49652179.600000046
2025-08-01 02:31:34 PM,582.95,1,582.95,49652762.55000005
2025-08-01 02:31:39 PM,582.95,5,2914.75,49655677.30000005
2025-08-01 02:31:41 PM,582.05,0,0.0,49655677.30000005
2025-08-01 02:31:44 PM,582.05,25,14551.249999999998,49670228.55000005
2025-08-01 02:31:56 PM,582.1,0,0.0,49670228.55000005
2025-08-01 02:31:56 PM,582.1,10,5821.0,49676049.55000005
2025-08-01 02:32:01 PM,582.8,2,1165.6,49677215.15000005
2025-08-01 02:32:05 PM,582.85,1,582.85,49677798.00000005
2025-08-01 02:32:23 PM,582.85,17,9908.45,49687706.450000055
2025-08-01 02:32:38 PM,582.9,0,0.0,49687706.450000055
2025-08-01 02:32:38 PM,582.9,50,29145.0,49716851.450000055
2025-08-01 02:32:43 PM,582.95,41,23900.95,49740752.40000006
2025-08-01 02:32:45 PM,582.95,1,582.95,49741335.35000006
2025-08-01 02:32:51 PM,582.25,0,0.0,49741335.35000006
2025-08-01 02:32:51 PM,582.25,2,1164.5,49742499.85000006
2025-08-01 02:33:02 PM,582.2,0,0.0,49742499.85000006
2025-08-01 02:33:02 PM,582.2,50,29110.000000000004,49771609.85000006
2025-08-01 02:33:33 PM,582.9,91,53043.9,49824653.75000006
2025-08-01 02:34:33 PM,582.7,1,582.7,49825236.45000006
2025-08-01 02:35:20 PM,582.7,7,4078.9000000000005,49829315.35000006
2025-08-01 02:35:41 PM,582.7,30,17481.0,49846796.35000006
2025-08-01 02:36:03 PM,583.1,0,0.0,49846796.35000006
2025-08-01 02:36:06 PM,583.1,9,5247.900000000001,49852044.25000006
2025-08-01 02:36:12 PM,583.1,2,1166.2,49853210.45000006
2025-08-01 02:36:13 PM,582.3,0,0.0,49853210.45000006
2025-08-01 02:36:14 PM,582.3,6,3493.7999999999997,49856704.25000006
2025-08-01 02:36:30 PM,582.8,5,2914.0,49859618.25000006
2025-08-01 02:36:54 PM,582.15,20,11643.0,49871261.25000006
2025-08-01 02:37:00 PM,582.4,9,5241.599999999999,49876502.85000006
2025-08-01 02:38:54 PM,582.45,0,0.0,49876502.85000006
2025-08-01 02:38:56 PM,582.45,26,15143.7,49891646.550000064
2025-08-01 02:39:08 PM,582.4,103,59987.2,49951633.75000007
2025-08-01 02:39:28 PM,582.45,0,0.0,49951633.75000007
2025-08-01 02:39:31 PM,582.45,120,69894.0,50021527.75000007
2025-08-01 02:39:34 PM,583.75,0,0.0,50021527.75000007
2025-08-01 02:39:36 PM,583.75,353,206063.75,50227591.50000007
2025-08-01 02:39:39 PM,584.2,0,0.0,50227591.50000007
2025-08-01 02:39:42 PM,584.2,26,15189.2,50242780.70000007
2025-08-01 02:39:53 PM,583.95,26,15182.7,50257963.40000007
2025-08-01 02:39:56 PM,583.8,0,0.0,50257963.40000007
2025-08-01 02:39:58 PM,584.2,0,0.0,50257963.40000007
2025-08-01 02:39:58 PM,584.2,102,59588.4,50317551.80000007
2025-08-01 02:40:02 PM,583.3,0,0.0,50317551.80000007
2025-08-01 02:40:04 PM,583.3,22,12832.599999999999,50330384.40000007
2025-08-01 02:40:08 PM,583.65,0,0.0,50330384.40000007
2025-08-01 02:40:10 PM,583.65,146,85212.9,50415597.30000007
2025-08-01 02:40:23 PM,584.45,0,0.0,50415597.30000007
2025-08-01 02:40:26 PM,584.45,27,15780.150000000001,50431377.45000007
2025-08-01 02:40:29 PM,584.15,0,0.0,50431377.45000007
2025-08-01 02:40:32 PM,584.15,5,2920.75,50434298.20000007
2025-08-01 02:40:32 PM,584.55,20,11691.0,50445989.20000007
2025-08-01 02:40:38 PM,583.75,36,21015.0,50467004.20000007
2025-08-01 02:40:43 PM,583.7,68,39691.600000000006,50506695.80000007
2025-08-01 02:40:49 PM,584.45,0,0.0,50506695.80000007
2025-08-01 02:40:49 PM,584.45,10,5844.5,50512540.30000007
2025-08-01 02:40:53 PM,584.6,0,0.0,50512540.30000007
2025-08-01 02:40:53 PM,584.6,26,15199.6,50527739.90000007
2025-08-01 02:41:05 PM,583.7,5,2918.5,50530658.40000007
2025-08-01 02:41:16 PM,583.5,43,25090.5,50555748.90000007
2025-08-01 02:41:42 PM,583.65,0,0.0,50555748.90000007
2025-08-01 02:41:42 PM,583.65,1,583.65,50556332.55000007
2025-08-01 02:41:54 PM,583.5,0,0.0,50556332.55000007
2025-08-01 02:41:58 PM,583.5,8,4668.0,50561000.55000007
2025-08-01 02:42:48 PM,583.3,0,0.0,50561000.55000007
2025-08-01 02:42:51 PM,583.3,5,2916.5,50563917.05000007
2025-08-01 02:43:06 PM,582.7,0,0.0,50563917.05000007
2025-08-01 02:43:07 PM,582.7,4,2330.8,50566247.85000007
2025-08-01 02:43:24 PM,582.7,10,5827.0,50572074.85000007
2025-08-01 02:43:42 PM,583.4,0,0.0,50572074.85000007
2025-08-01 02:43:45 PM,582.05,450,261922.49999999997,50833997.35000007
2025-08-01 02:43:48 PM,582.0,0,0.0,50833997.35000007
2025-08-01 02:43:51 PM,582.0,8,4656.0,50838653.35000007
2025-08-01 02:44:19 PM,582.0,5,2910.0,50841563.35000007
2025-08-01 02:44:25 PM,582.55,13,7573.15,50849136.50000007
2025-08-01 02:45:08 PM,582.0,0,0.0,50849136.50000007
2025-08-01 02:45:10 PM,582.0,227,132114.0,50981250.50000007
2025-08-01 02:45:14 PM,578.25,0,0.0,50981250.50000007
2025-08-01 02:45:16 PM,578.25,7307,4225272.75,55206523.25000007
2025-08-01 02:45:20 PM,578.0,0,0.0,55206523.25000007
2025-08-01 02:45:21 PM,578.0,46,26588.0,55233111.25000007
2025-08-01 02:45:23 PM,577.95,0,0.0,55233111.25000007
2025-08-01 02:45:27 PM,577.95,4,2311.8,55235423.050000064
2025-08-01 02:45:49 PM,577.9,6,3467.3999999999996,55238890.45000006
2025-08-01 02:45:53 PM,578.0,0,0.0,55238890.45000006
2025-08-01 02:45:54 PM,578.0,22,12716.0,55251606.45000006
2025-08-01 02:45:59 PM,578.0,5,2890.0,55254496.45000006
2025-08-01 02:46:06 PM,578.2,117,67649.40000000001,55322145.85000006
2025-08-01 02:46:08 PM,578.4,0,0.0,55322145.85000006
2025-08-01 02:46:11 PM,578.4,2,1156.8,55323302.65000006
2025-08-01 02:46:24 PM,578.25,0,0.0,55323302.65000006
2025-08-01 02:46:28 PM,577.9,0,0.0,55323302.65000006
2025-08-01 02:46:28 PM,577.9,103,59523.7,55382826.35000006
2025-08-01 02:46:29 PM,578.0,193,111554.0,55494380.35000006
2025-08-01 02:46:35 PM,578.4,124,71721.59999999999,55566101.95000006
2025-08-01 02:46:43 PM,578.9,0,0.0,55566101.95000006
2025-08-01 02:46:44 PM,578.9,100,57890.0,55623991.95000006
2025-08-01 02:46:58 PM,578.95,0,0.0,55623991.95000006
2025-08-01 02:47:01 PM,578.95,6,3473.7000000000003,55627465.650000066
2025-08-01 02:47:07 PM,578.3,0,0.0,55627465.650000066
2025-08-01 02:47:08 PM,578.5,766,443131.0,56070596.650000066
2025-08-01 02:47:13 PM,579.0,0,0.0,56070596.650000066
2025-08-01 02:47:13 PM,579.0,82,47478.0,56118074.650000066
2025-08-01 02:47:54 PM,579.2,0,0.0,56118074.650000066
2025-08-01 02:47:58 PM,579.6,21,12171.6,56130246.25000007
2025-08-01 02:48:18 PM,579.45,0,0.0,56130246.25000007
2025-08-01 02:48:21 PM,579.45,10,5794.5,56136040.75000007
2025-08-01 02:48:55 PM,579.9,1,579.9,56136620.650000066
2025-08-01 02:49:00 PM,579.9,8,4639.2,56141259.85000007
2025-08-01 02:49:22 PM,579.9,550,318945.0,56460204.85000007
2025-08-01 02:49:50 PM,579.9,51,29574.899999999998,56489779.75000007
2025-08-01 02:50:34 PM,579.9,1,579.9,56490359.650000066
2025-08-01 02:50:55 PM,579.9,26,15077.4,56505437.050000064
2025-08-01 02:51:06 PM,579.9,10,5799.0,56511236.050000064
2025-08-01 02:51:11 PM,579.6,0,0.0,56511236.050000064
2025-08-01 02:51:12 PM,579.6,3,1738.8000000000002,56512974.85000006
2025-08-01 02:53:09 PM,579.9,0,0.0,56512974.85000006
2025-08-01 02:53:10 PM,579.9,1,579.9,56513554.75000006
2025-08-01 02:53:36 PM,579.9,50,28995.0,56542549.75000006
2025-08-01 02:53:38 PM,579.9,176,102062.4,56644612.15000006
2025-08-01 02:54:06 PM,579.6,0,0.0,56644612.15000006
2025-08-01 02:54:08 PM,579.6,1,579.6,56645191.75000006
2025-08-01 02:54:24 PM,579.9,0,0.0,56645191.75000006
2025-08-01 02:54:24 PM,579.9,2,1159.8,56646351.55000006
2025-08-01 02:54:57 PM,579.9,5,2899.5,56649251.05000006
2025-08-01 02:55:46 PM,579.95,0,0.0,56649251.05000006
2025-08-01 02:55:47 PM,579.95,222,128748.90000000001,56777999.950000055
2025-08-01 02:56:07 PM,580.8,0,0.0,56777999.950000055
2025-08-01 02:56:09 PM,580.8,23,13358.4,56791358.35000005
2025-08-01 02:56:14 PM,579.9,0,0.0,56791358.35000005
2025-08-01 02:56:15 PM,579.9,1,579.9,56791938.25000005
2025-08-01 02:56:27 PM,580.75,1,580.75,56792519.00000005
2025-08-01 02:56:59 PM,580.0,2,1160.0,56793679.00000005
2025-08-01 02:57:07 PM,579.9,0,0.0,56793679.00000005
2025-08-01 02:57:10 PM,579.9,42,24355.8,56818034.80000005
2025-08-01 02:57:19 PM,579.5,0,0.0,56818034.80000005
2025-08-01 02:57:21 PM,579.5,167,96776.5,56914811.30000005
2025-08-01 02:57:26 PM,579.4,17,9849.8,56924661.100000046
2025-08-01 02:57:31 PM,579.6,0,0.0,56924661.100000046
2025-08-01 02:57:32 PM,579.6,4,2318.4,56926979.500000045
2025-08-01 02:57:44 PM,579.55,1,579.55,56927559.05000004
2025-08-01 02:57:47 PM,577.55,0,0.0,56927559.05000004
2025-08-01 02:57:48 PM,577.55,500,288775.0,57216334.05000004
2025-08-01 02:57:51 PM,578.95,0,0.0,57216334.05000004
2025-08-01 02:57:53 PM,578.95,1,578.95,57216913.000000045
2025-08-01 02:58:13 PM,579.0,0,0.0,57216913.000000045
2025-08-01 02:58:17 PM,579.4,0,0.0,57216913.000000045
2025-08-01 02:58:17 PM,579.4,20,11588.0,57228501.000000045
2025-08-01 02:58:23 PM,578.95,262,151684.90000000002,57380185.90000004
2025-08-01 02:58:24 PM,579.75,7,4058.25,57384244.15000004
2025-08-01 02:58:33 PM,579.65,0,0.0,57384244.15000004
2025-08-01 02:58:34 PM,579.65,5,2898.25,57387142.40000004
2025-08-01 02:58:47 PM,579.4,10,5794.0,57392936.40000004
2025-08-01 02:58:49 PM,579.65,0,0.0,57392936.40000004
2025-08-01 02:58:50 PM,578.85,0,0.0,57392936.40000004
2025-08-01 02:58:51 PM,578.85,396,229224.6,57622161.000000045
2025-08-01 02:58:58 PM,578.45,53,30657.850000000002,57652818.850000046
2025-08-01 02:59:01 PM,578.55,0,0.0,57652818.850000046
2025-08-01 02:59:02 PM,578.55,43,24877.649999999998,57677696.500000045
2025-08-01 02:59:08 PM,579.35,4,2317.4,57680013.90000004
2025-08-01 02:59:09 PM,578.6,0,0.0,57680013.90000004
2025-08-01 02:59:10 PM,578.6,560,324016.0,58004029.90000004
2025-08-01 02:59:14 PM,578.45,77,44540.65,58048570.55000004
2025-08-01 02:59:21 PM,578.95,0,0.0,58048570.55000004
2025-08-01 02:59:21 PM,578.95,4,2315.8,58050886.35000004
2025-08-01 02:59:35 PM,578.15,0,0.0,58050886.35000004
2025-08-01 02:59:36 PM,578.15,1,578.15,58051464.50000004
2025-08-01 02:59:53 PM,578.95,0,0.0,58051464.50000004
2025-08-01 02:59:53 PM,578.95,4,2315.8,58053780.300000034
2025-08-01 03:00:13 PM,578.6,0,0.0,58053780.300000034
2025-08-01 03:00:16 PM,578.65,29,16780.85,58070561.150000036
2025-08-01 03:00:36 PM,577.8,7,4044.5999999999995,58074605.75000004
2025-08-01 03:00:42 PM,578.05,101,58383.049999999996,58132988.800000034
2025-08-01 03:01:04 PM,577.5,0,0.0,58132988.800000034
2025-08-01 03:01:06 PM,577.5,1,577.5,58133566.300000034
2025-08-01 03:01:12 PM,578.0,0,0.0,58133566.300000034
2025-08-01 03:01:13 PM,578.0,6,3468.0,58137034.300000034
2025-08-01 03:01:39 PM,577.95,0,0.0,58137034.300000034
2025-08-01 03:01:40 PM,577.95,5,2889.75,58139924.050000034
2025-08-01 03:02:11 PM,577.95,3,1733.8500000000001,58141657.900000036
2025-08-01 03:02:20 PM,577.95,4,2311.8,58143969.70000003
2025-08-01 03:02:29 PM,577.9,4,2311.6,58146281.300000034
2025-08-01 03:02:44 PM,577.9,2,1155.8,58147437.10000003
2025-08-01 03:02:50 PM,577.95,105,60684.75000000001,58208121.85000003
2025-08-01 03:02:56 PM,578.05,2,1156.1,58209277.95000003
2025-08-01 03:03:06 PM,578.25,91,52620.75,58261898.70000003
2025-08-01 03:03:15 PM,578.3,103,59564.899999999994,58321463.60000003
2025-08-01 03:03:21 PM,578.4,4,2313.6,58323777.20000003
2025-08-01 03:04:38 PM,578.4,3,1735.1999999999998,58325512.400000036
2025-08-01 03:04:47 PM,578.4,72,41644.799999999996,58367157.20000003
2025-08-01 03:04:59 PM,578.4,329,190293.6,58557450.800000034
2025-08-01 03:05:18 PM,578.05,501,289603.05,58847053.85000003
2025-08-01 03:05:20 PM,578.8,0,0.0,58847053.85000003
2025-08-01 03:05:21 PM,578.8,19,10997.199999999999,58858051.050000034
2025-08-01 03:05:33 PM,579.1,0,0.0,58858051.050000034
2025-08-01 03:05:34 PM,579.1,25,14477.5,58872528.550000034
2025-08-01 03:05:36 PM,579.15,0,0.0,58872528.550000034
2025-08-01 03:05:37 PM,579.15,18,10424.699999999999,58882953.25000004
2025-08-01 03:05:40 PM,579.35,0,0.0,58882953.25000004
2025-08-01 03:05:43 PM,579.35,13,7531.55,58890484.800000034
2025-08-01 03:05:52 PM,578.75,2,1157.5,58891642.300000034
2025-08-01 03:06:02 PM,579.35,1,579.35,58892221.650000036
2025-08-01 03:06:15 PM,579.35,16,9269.6,58901491.25000004
2025-08-01 03:06:29 PM,579.35,3,1738.0500000000002,58903229.300000034
2025-08-01 03:06:38 PM,579.25,0,0.0,58903229.300000034
2025-08-01 03:06:39 PM,579.25,215,124538.75,59027768.050000034
2025-08-01 03:06:50 PM,579.85,0,0.0,59027768.050000034
2025-08-01 03:06:51 PM,579.85,2954,1712876.9000000001,60740644.95000003
2025-08-01 03:06:54 PM,579.7,271,157098.7,60897743.650000036
2025-08-01 03:07:04 PM,579.7,34,19709.800000000003,60917453.45000003
2025-08-01 03:07:10 PM,579.25,0,0.0,60917453.45000003
2025-08-01 03:07:10 PM,579.25,13,7530.25,60924983.70000003
2025-08-01 03:07:29 PM,579.25,1,579.25,60925562.95000003
2025-08-01 03:07:35 PM,579.25,20,11585.0,60937147.95000003
2025-08-01 03:08:25 PM,579.0,1,579.0,60937726.95000003
2025-08-01 03:08:34 PM,579.6,0,0.0,60937726.95000003
2025-08-01 03:08:37 PM,579.6,10,5796.0,60943522.95000003
2025-08-01 03:08:56 PM,578.85,19,10998.15,60954521.10000003
2025-08-01 03:09:34 PM,579.15,510,295366.5,61249887.60000003
2025-08-01 03:09:40 PM,578.95,42,24315.9,61274203.50000003
2025-08-01 03:09:43 PM,578.75,150,86812.5,61361016.00000003
2025-08-01 03:09:44 PM,579.0,0,0.0,61361016.00000003
2025-08-01 03:09:47 PM,579.0,30,17370.0,61378386.00000003
2025-08-01 03:10:00 PM,578.6,0,0.0,61378386.00000003
2025-08-01 03:10:01 PM,578.6,1686,975519.6000000001,62353905.60000003
2025-08-01 03:10:09 PM,578.6,120,69432.0,62423337.60000003
2025-08-01 03:10:19 PM,578.6,31,17936.600000000002,62441274.20000003
2025-08-01 03:10:23 PM,578.4,13,7519.2,62448793.400000036
2025-08-01 03:10:30 PM,578.2,34,19658.800000000003,62468452.20000003
2025-08-01 03:10:49 PM,577.6,321,185409.6,62653861.800000034
2025-08-01 03:10:51 PM,577.5,5,2887.5,62656749.300000034
2025-08-01 03:11:11 PM,577.5,2,1155.0,62657904.300000034
2025-08-01 03:11:15 PM,577.0,11,6347.0,62664251.300000034
2025-08-01 03:11:17 PM,577.5,81,46777.5,62711028.800000034
2025-08-01 03:11:24 PM,577.55,0,0.0,62711028.800000034
2025-08-01 03:11:27 PM,577.55,555,320540.25,63031569.050000034
2025-08-01 03:11:30 PM,577.4,15,8661.0,63040230.050000034
2025-08-01 03:11:32 PM,576.6,0,0.0,63040230.050000034
2025-08-01 03:11:34 PM,576.8,0,0.0,63040230.050000034
2025-08-01 03:11:34 PM,576.8,2,1153.6,63041383.650000036
2025-08-01 03:11:36 PM,576.8,1,576.8,63041960.45000003
2025-08-01 03:11:58 PM,577.3,0,0.0,63041960.45000003
2025-08-01 03:12:00 PM,577.3,2,1154.6,63043115.050000034
2025-08-01 03:12:02 PM,577.6,1,577.6,63043692.650000036
2025-08-01 03:12:06 PM,577.6,11,6353.6,63050046.25000004
2025-08-01 03:12:15 PM,577.5,0,0.0,63050046.25000004
2025-08-01 03:12:15 PM,577.5,20,11550.0,63061596.25000004
2025-08-01 03:12:19 PM,574.15,2454,1408964.0999999999,64470560.35000004
2025-08-01 03:12:22 PM,574.0,178,102172.0,64572732.35000004
2025-08-01 03:12:24 PM,574.95,0,0.0,64572732.35000004
2025-08-01 03:12:26 PM,573.95,130,74613.5,64647345.85000004
2025-08-01 03:12:28 PM,574.1,1,574.1,64647919.95000004
2025-08-01 03:12:31 PM,574.7,0,0.0,64647919.95000004
2025-08-01 03:12:31 PM,574.6,0,0.0,64647919.95000004
2025-08-01 03:12:32 PM,574.6,11,6320.6,64654240.55000004
2025-08-01 03:12:45 PM,575.0,71,40825.0,64695065.55000004
2025-08-01 03:12:51 PM,575.5,184,105892.0,64800957.55000004
2025-08-01 03:13:01 PM,575.85,256,147417.6,64948375.15000004
2025-08-01 03:13:05 PM,575.65,22,12664.3,64961039.45000004
2025-08-01 03:13:08 PM,574.55,14,8043.699999999999,64969083.15000004
2025-08-01 03:13:13 PM,575.05,0,0.0,64969083.15000004
2025-08-01 03:13:15 PM,575.05,516,296725.8,65265808.95000004
2025-08-01 03:13:27 PM,574.55,50,28727.499999999996,65294536.45000004
2025-08-01 03:13:35 PM,575.4,10,5754.0,65300290.45000004
2025-08-01 03:14:05 PM,575.0,0,0.0,65300290.45000004
2025-08-01 03:14:06 PM,575.0,2,1150.0,65301440.45000004
2025-08-01 03:14:23 PM,575.5,0,0.0,65301440.45000004
2025-08-01 03:14:24 PM,575.5,3,1726.5,65303166.95000004
2025-08-01 03:14:26 PM,575.4,0,0.0,65303166.95000004
2025-08-01 03:14:28 PM,575.4,30,17262.0,65320428.95000004
2025-08-01 03:14:30 PM,575.45,1,575.45,65321004.40000004
2025-08-01 03:14:48 PM,575.4,10,5754.0,65326758.40000004
2025-08-01 03:14:54 PM,575.45,0,0.0,65326758.40000004
2025-08-01 03:14:54 PM,575.45,3,1726.3500000000001,65328484.750000045
2025-08-01 03:14:59 PM,575.5,0,0.0,65328484.750000045
2025-08-01 03:15:00 PM,575.5,1,575.5,65329060.250000045
2025-08-01 03:15:07 PM,575.7,0,0.0,65329060.250000045
2025-08-01 03:15:07 PM,575.7,40,23028.0,65352088.250000045
2025-08-01 03:15:17 PM,575.65,0,0.0,65352088.250000045
2025-08-01 03:15:20 PM,575.65,30,17269.5,65369357.750000045
2025-08-01 03:15:22 PM,575.7,25,14392.500000000002,65383750.250000045
2025-08-01 03:15:30 PM,575.45,1,575.45,65384325.70000005
2025-08-01 03:15:44 PM,575.7,15,8635.5,65392961.20000005
2025-08-01 03:15:49 PM,575.7,1,575.7,65393536.90000005
2025-08-01 03:15:55 PM,575.45,0,0.0,65393536.90000005
2025-08-01 03:15:57 PM,575.45,134,77110.3,65470647.20000005
2025-08-01 03:16:00 PM,575.0,0,0.0,65470647.20000005
2025-08-01 03:16:03 PM,574.35,161,92470.35,65563117.55000005
2025-08-01 03:16:05 PM,575.0,0,0.0,65563117.55000005
2025-08-01 03:16:05 PM,575.0,10,5750.0,65568867.55000005
2025-08-01 03:16:10 PM,574.25,0,0.0,65568867.55000005
2025-08-01 03:16:10 PM,575.0,360,207000.0,65775867.55000005
2025-08-01 03:16:18 PM,575.0,5,2875.0,65778742.55000005
2025-08-01 03:16:19 PM,574.95,13,7474.35,65786216.90000005
2025-08-01 03:16:21 PM,574.0,0,0.0,65786216.90000005
2025-08-01 03:16:24 PM,574.0,340,195160.0,65981376.90000005
2025-08-01 03:16:38 PM,574.7,497,285625.9,66267002.80000005
2025-08-01 03:16:45 PM,574.65,53,30456.449999999997,66297459.25000005
2025-08-01 03:16:51 PM,574.0,0,0.0,66297459.25000005
2025-08-01 03:16:52 PM,574.0,502,288148.0,66585607.25000005
2025-08-01 03:16:58 PM,574.0,323,185402.0,66771009.25000005
2025-08-01 03:17:06 PM,574.0,5,2870.0,66773879.25000005
2025-08-01 03:17:11 PM,573.55,0,0.0,66773879.25000005
2025-08-01 03:17:12 PM,573.55,310,177800.5,66951679.75000005
2025-08-01 03:17:13 PM,574.0,1,574.0,66952253.75000005
2025-08-01 03:17:18 PM,574.0,41,23534.0,66975787.75000005
2025-08-01 03:17:20 PM,573.55,0,0.0,66975787.75000005
2025-08-01 03:17:24 PM,574.0,0,0.0,66975787.75000005
2025-08-01 03:17:25 PM,574.0,347,199178.0,67174965.75000006
2025-08-01 03:17:38 PM,574.2,310,178002.0,67352967.75000006
2025-08-01 03:17:44 PM,574.7,0,0.0,67352967.75000006
2025-08-01 03:17:44 PM,574.7,10,5747.0,67358714.75000006
2025-08-01 03:17:46 PM,574.7,18,10344.6,67369059.35000005
2025-08-01 03:17:51 PM,574.05,61,35017.049999999996,67404076.40000005
2025-08-01 03:17:57 PM,574.5,259,148795.5,67552871.90000005
2025-08-01 03:17:59 PM,574.5,10,5745.0,67558616.90000005
2025-08-01 03:18:03 PM,574.0,0,0.0,67558616.90000005
2025-08-01 03:18:04 PM,574.0,1,574.0,67559190.90000005
2025-08-01 03:18:06 PM,573.85,111,63697.350000000006,67622888.25000004
2025-08-01 03:18:09 PM,573.8,0,0.0,67622888.25000004
2025-08-01 03:18:11 PM,573.8,422,242143.59999999998,67865031.85000004
2025-08-01 03:18:18 PM,573.7,1,573.7,67865605.55000004
2025-08-01 03:18:21 PM,574.0,0,0.0,67865605.55000004
2025-08-01 03:18:24 PM,574.0,19,10906.0,67876511.55000004
2025-08-01 03:18:28 PM,573.7,0,0.0,67876511.55000004
2025-08-01 03:18:31 PM,573.7,289,165799.30000000002,68042310.85000004
2025-08-01 03:18:37 PM,573.7,91,52206.700000000004,68094517.55000004
2025-08-01 03:18:39 PM,573.35,15,8600.25,68103117.80000004
2025-08-01 03:18:43 PM,573.35,506,290115.10000000003,68393232.90000004
2025-08-01 03:18:52 PM,573.25,308,176561.0,68569793.90000004
2025-08-01 03:18:56 PM,574.0,1,574.0,68570367.90000004
2025-08-01 03:19:00 PM,573.95,0,0.0,68570367.90000004
2025-08-01 03:19:03 PM,573.95,35,20088.25,68590456.15000004
2025-08-01 03:19:05 PM,573.25,307,175987.75,68766443.90000004
2025-08-01 03:19:10 PM,573.2,50,28660.000000000004,68795103.90000004
2025-08-01 03:19:17 PM,574.0,187,107338.0,68902441.90000004
2025-08-01 03:19:18 PM,574.0,1,574.0,68903015.90000004
2025-08-01 03:19:23 PM,574.0,321,184254.0,69087269.90000004
2025-08-01 03:19:30 PM,574.0,129,74046.0,69161315.90000004
2025-08-01 03:19:36 PM,573.35,328,188058.80000000002,69349374.70000003
2025-08-01 03:19:43 PM,574.0,9,5166.0,69354540.70000003
2025-08-01 03:19:49 PM,573.4,0,0.0,69354540.70000003
2025-08-01 03:19:49 PM,573.4,3,1720.1999999999998,69356260.90000004
2025-08-01 03:19:51 PM,573.4,308,176607.19999999998,69532868.10000004
2025-08-01 03:19:53 PM,574.3,0,0.0,69532868.10000004
2025-08-01 03:19:55 PM,574.2,14,8038.800000000001,69540906.90000004
2025-08-01 03:19:59 PM,574.15,0,0.0,69540906.90000004
2025-08-01 03:20:02 PM,574.15,1,574.15,69541481.05000004
2025-08-01 03:20:09 PM,573.35,0,0.0,69541481.05000004
2025-08-01 03:20:10 PM,573.35,640,366944.0,69908425.05000004
2025-08-01 03:20:13 PM,574.2,742,426056.4,70334481.45000005
2025-08-01 03:20:14 PM,573.2,0,0.0,70334481.45000005
2025-08-01 03:20:17 PM,573.2,709,406398.80000000005,70740880.25000004
2025-08-01 03:20:20 PM,574.15,363,208416.44999999998,70949296.70000005
2025-08-01 03:20:24 PM,574.6,0,0.0,70949296.70000005
2025-08-01 03:20:25 PM,574.6,875,502775.0,71452071.70000005
2025-08-01 03:20:34 PM,574.4,26,14934.4,71467006.10000005
2025-08-01 03:20:38 PM,574.1,28,16074.800000000001,71483080.90000005
2025-08-01 03:20:41 PM,573.4,67,38417.799999999996,71521498.70000005
2025-08-01 03:20:43 PM,573.35,0,0.0,71521498.70000005
2025-08-01 03:20:45 PM,574.05,269,154419.44999999998,71675918.15000005
2025-08-01 03:20:52 PM,573.4,197,112959.79999999999,71788877.95000005
2025-08-01 03:20:54 PM,573.9,357,204882.3,71993760.25000004
2025-08-01 03:21:01 PM,574.05,110,63145.49999999999,72056905.75000004
2025-08-01 03:21:06 PM,573.45,386,221351.7,72278257.45000005
2025-08-01 03:21:08 PM,574.05,1,574.05,72278831.50000004
2025-08-01 03:21:20 PM,574.05,1,574.05,72279405.55000004
2025-08-01 03:21:22 PM,574.05,642,368540.1,72647945.65000004
2025-08-01 03:21:25 PM,573.8,0,0.0,72647945.65000004
2025-08-01 03:21:27 PM,573.8,1456,835452.7999999999,73483398.45000003
2025-08-01 03:21:29 PM,573.45,160,91752.0,73575150.45000003
2025-08-01 03:21:31 PM,573.75,0,0.0,73575150.45000003
2025-08-01 03:21:34 PM,573.65,1394,799668.1,74374818.55000003
2025-08-01 03:21:36 PM,573.45,372,213323.40000000002,74588141.95000003
2025-08-01 03:21:40 PM,573.75,0,0.0,74588141.95000003
2025-08-01 03:21:40 PM,573.75,322,184747.5,74772889.45000003
2025-08-01 03:21:42 PM,573.4,1,573.4,74773462.85000004
2025-08-01 03:21:47 PM,573.4,27,15481.8,74788944.65000004
2025-08-01 03:21:53 PM,573.9,0,0.0,74788944.65000004
2025-08-01 03:21:54 PM,574.0,911,522914.0,75311858.65000004
2025-08-01 03:21:55 PM,574.0,220,126280.0,75438138.65000004
2025-08-01 03:22:00 PM,574.05,672,385761.6,75823900.25000003
2025-08-01 03:22:07 PM,574.0,340,195160.0,76019060.25000003
2025-08-01 03:22:14 PM,575.3,39,22436.699999999997,76041496.95000003
2025-08-01 03:22:15 PM,574.5,27,15511.5,76057008.45000003
2025-08-01 03:22:21 PM,574.85,407,233963.95,76290972.40000004
2025-08-01 03:22:28 PM,574.5,66,37917.0,76328889.40000004
2025-08-01 03:22:34 PM,575.35,9,5178.150000000001,76334067.55000004
2025-08-01 03:22:36 PM,574.05,68,39035.399999999994,76373102.95000005
2025-08-01 03:22:41 PM,574.05,240,137772.0,76510874.95000005
2025-08-01 03:22:47 PM,574.0,5,2870.0,76513744.95000005
2025-08-01 03:22:54 PM,574.0,308,176792.0,76690536.95000005
2025-08-01 03:22:56 PM,575.05,6,3450.2999999999997,76693987.25000004
2025-08-01 03:23:01 PM,575.0,18,10350.0,76704337.25000004
2025-08-01 03:23:03 PM,575.0,2,1150.0,76705487.25000004
2025-08-01 03:23:06 PM,574.5,0,0.0,76705487.25000004
2025-08-01 03:23:07 PM,574.5,129,74110.5,76779597.75000004
2025-08-01 03:23:14 PM,573.75,436,250155.0,77029752.75000004
2025-08-01 03:23:21 PM,573.75,560,321300.0,77351052.75000004
2025-08-01 03:23:23 PM,573.25,200,114650.0,77465702.75000004
2025-08-01 03:23:36 PM,573.75,308,176715.0,77642417.75000004
2025-08-01 03:23:54 PM,574.8,461,264982.8,77907400.55000004
2025-08-01 03:24:00 PM,574.0,310,177940.0,78085340.55000004
2025-08-01 03:24:04 PM,574.35,0,0.0,78085340.55000004
2025-08-01 03:24:06 PM,574.0,0,0.0,78085340.55000004
2025-08-01 03:24:07 PM,574.0,650,373100.0,78458440.55000004
2025-08-01 03:24:21 PM,574.65,313,179865.44999999998,78638306.00000004
2025-08-01 03:24:27 PM,574.65,225,129296.25,78767602.25000004
2025-08-01 03:24:29 PM,574.45,168,96507.6,78864109.85000004
2025-08-01 03:24:34 PM,574.5,0,0.0,78864109.85000004
2025-08-01 03:24:34 PM,575.0,224,128800.0,78992909.85000004
2025-08-01 03:24:36 PM,573.3,814,466666.19999999995,79459576.05000004
2025-08-01 03:24:42 PM,573.25,100,57325.0,79516901.05000004
2025-08-01 03:24:47 PM,575.0,0,0.0,79516901.05000004
2025-08-01 03:24:48 PM,575.0,195,112125.0,79629026.05000004
2025-08-01 03:24:54 PM,574.95,0,0.0,79629026.05000004
2025-08-01 03:24:54 PM,574.95,312,179384.40000000002,79808410.45000005
2025-08-01 03:24:55 PM,574.3,85,48815.49999999999,79857225.95000005
2025-08-01 03:25:07 PM,574.7,0,0.0,79857225.95000005
2025-08-01 03:25:07 PM,574.7,325,186777.50000000003,80044003.45000005
2025-08-01 03:25:14 PM,574.95,26,14948.7,80058952.15000005
2025-08-01 03:25:20 PM,574.05,310,177955.5,80236907.65000005
2025-08-01 03:25:27 PM,574.7,10,5747.0,80242654.65000005
2025-08-01 03:25:33 PM,574.05,20,11481.0,80254135.65000005
2025-08-01 03:25:37 PM,574.65,0,0.0,80254135.65000005
2025-08-01 03:25:40 PM,573.65,321,184141.65,80438277.30000006
2025-08-01 03:25:48 PM,574.7,1,574.7,80438852.00000006
2025-08-01 03:25:53 PM,574.0,308,176792.0,80615644.00000006
2025-08-01 03:25:54 PM,574.7,0,0.0,80615644.00000006
2025-08-01 03:25:54 PM,574.7,1,574.7,80616218.70000006
2025-08-01 03:25:59 PM,574.7,15,8620.5,80624839.20000006
2025-08-01 03:26:01 PM,574.7,153,87929.1,80712768.30000006
2025-08-01 03:26:06 PM,573.65,413,236917.44999999998,80949685.75000006
2025-08-01 03:26:13 PM,574.65,6,3447.8999999999996,80953133.65000007
2025-08-01 03:26:20 PM,574.7,31,17815.7,80970949.35000007
2025-08-01 03:26:21 PM,574.7,308,177007.6,81147956.95000006
2025-08-01 03:26:24 PM,574.75,0,0.0,81147956.95000006
2025-08-01 03:26:26 PM,574.75,19,10920.25,81158877.20000006
2025-08-01 03:26:33 PM,575.05,59,33927.95,81192805.15000007
2025-08-01 03:26:38 PM,575.0,0,0.0,81192805.15000007
2025-08-01 03:26:40 PM,575.0,307,176525.0,81369330.15000007
2025-08-01 03:26:52 PM,575.0,1,575.0,81369905.15000007
2025-08-01 03:26:58 PM,574.7,0,0.0,81369905.15000007
2025-08-01 03:26:59 PM,574.7,332,190800.40000000002,81560705.55000007
2025-08-01 03:27:06 PM,574.45,112,64338.40000000001,81625043.95000008
2025-08-01 03:27:08 PM,574.65,0,0.0,81625043.95000008
2025-08-01 03:27:13 PM,574.05,232,133179.59999999998,81758223.55000007
2025-08-01 03:27:14 PM,574.7,466,267810.2,82026033.75000007
2025-08-01 03:27:22 PM,574.05,308,176807.4,82202841.15000008
2025-08-01 03:27:25 PM,575.0,0,0.0,82202841.15000008
2025-08-01 03:27:27 PM,575.0,85,48875.0,82251716.15000008
2025-08-01 03:27:34 PM,575.0,269,154675.0,82406391.15000008
2025-08-01 03:27:36 PM,575.0,140,80500.0,82486891.15000008
2025-08-01 03:27:42 PM,575.0,200,115000.0,82601891.15000008
2025-08-01 03:27:43 PM,575.0,1,575.0,82602466.15000008
2025-08-01 03:27:47 PM,574.45,0,0.0,82602466.15000008
2025-08-01 03:27:48 PM,574.45,107,61466.15,82663932.30000009
2025-08-01 03:27:55 PM,574.95,44,25297.800000000003,82689230.10000008
2025-08-01 03:28:02 PM,574.95,122,70143.90000000001,82759374.00000009
2025-08-01 03:28:06 PM,574.9,0,0.0,82759374.00000009
2025-08-01 03:28:09 PM,574.0,222,127428.0,82886802.00000009
2025-08-01 03:28:23 PM,573.5,455,260942.5,83147744.50000009
2025-08-01 03:28:25 PM,573.5,79,45306.5,83193051.00000009
2025-08-01 03:28:26 PM,574.85,0,0.0,83193051.00000009
2025-08-01 03:28:30 PM,574.7,2,1149.4,83194200.4000001
2025-08-01 03:28:44 PM,574.6,125,71825.0,83266025.4000001
2025-08-01 03:28:50 PM,574.5,1,574.5,83266599.9000001
2025-08-01 03:28:55 PM,574.4,0,0.0,83266599.9000001
2025-08-01 03:28:57 PM,574.4,51,29294.399999999998,83295894.3000001
2025-08-01 03:29:03 PM,574.3,0,0.0,83295894.3000001
2025-08-01 03:29:04 PM,574.3,32,18377.6,83314271.9000001
2025-08-01 03:29:06 PM,574.3,34,19526.199999999997,83333798.1000001
2025-08-01 03:29:10 PM,574.4,0,0.0,83333798.1000001
2025-08-01 03:29:12 PM,574.6,65,37349.0,83371147.1000001
2025-08-01 03:29:15 PM,574.35,54,31014.9,83402162.0000001
2025-08-01 03:29:21 PM,575.7,20,11514.0,83413676.0000001
2025-08-01 03:29:28 PM,575.7,2,1151.4,83414827.40000011
2025-08-01 03:29:30 PM,575.7,3,1727.1000000000001,83416554.5000001
2025-08-01 03:29:34 PM,576.0,0,0.0,83416554.5000001
2025-08-01 03:29:36 PM,576.0,210,120960.0,83537514.5000001
2025-08-01 03:29:43 PM,574.35,110,63178.5,83600693.0000001
2025-08-01 03:29:45 PM,575.7,0,0.0,83600693.0000001
2025-08-01 03:29:45 PM,575.7,15,8635.5,83609328.5000001
2025-08-01 03:29:50 PM,575.95,69,39740.55,83649069.0500001
2025-08-01 03:29:56 PM,575.0,0,0.0,83649069.0500001
2025-08-01 03:29:57 PM,575.0,77,44275.0,83693344.0500001
2025-08-01 03:29:59 PM,574.35,5,2871.75,83696215.8000001
