date,price,qty,trnvr,cum_trnvr
2025-08-01 09:15:01 AM,1897.0,25,47425.0,47425.0
2025-08-01 09:15:11 AM,1898.2,0,0.0,47425.0
2025-08-01 09:15:13 AM,1898.2,6,11389.2,58814.2
2025-08-01 09:15:22 AM,1898.6,0,0.0,58814.2
2025-08-01 09:15:24 AM,1899.3,59,112058.7,170872.9
2025-08-01 09:15:25 AM,1899.4,35,66479.0,237351.9
2025-08-01 09:15:27 AM,1895.4,0,0.0,237351.9
2025-08-01 09:15:32 AM,1895.4,2,3790.8,241142.69999999998
2025-08-01 09:15:40 AM,1902.0,0,0.0,241142.69999999998
2025-08-01 09:15:41 AM,1902.0,55,104610.0,345752.69999999995
2025-08-01 09:15:48 AM,1900.8,0,0.0,345752.69999999995
2025-08-01 09:15:49 AM,1900.8,4,7603.2,353355.89999999997
2025-08-01 09:15:51 AM,1903.9,50,95195.0,448550.89999999997
2025-08-01 09:16:05 AM,1903.8,72,137073.6,585624.5
2025-08-01 09:16:10 AM,1907.9,0,0.0,585624.5
2025-08-01 09:16:13 AM,1895.4,302,572410.8,1158035.3
2025-08-01 09:16:18 AM,1900.6,0,0.0,1158035.3
2025-08-01 09:16:22 AM,1900.6,1002,1904401.2,3062436.5
2025-08-01 09:16:28 AM,1893.1,0,0.0,3062436.5
2025-08-01 09:16:30 AM,1893.1,112,212027.19999999998,3274463.7
2025-08-01 09:16:36 AM,1894.2,0,0.0,3274463.7
2025-08-01 09:16:38 AM,1894.2,10,18942.0,3293405.7
2025-08-01 09:16:46 AM,1893.0,197,372921.0,3666326.7
2025-08-01 09:16:48 AM,1891.5,2,3783.0,3670109.7
2025-08-01 09:17:03 AM,1898.9,158,300026.2,3970135.9000000004
2025-08-01 09:17:12 AM,1899.9,17,32298.300000000003,4002434.2
2025-08-01 09:17:14 AM,1906.7,0,0.0,4002434.2
2025-08-01 09:17:19 AM,1906.7,1,1906.7,4004340.9000000004
2025-08-01 09:17:33 AM,1918.9,0,0.0,4004340.9000000004
2025-08-01 09:17:36 AM,1918.9,609,1168610.1,5172951.0
2025-08-01 09:17:44 AM,1918.9,25,47972.5,5220923.5
2025-08-01 09:17:59 AM,1920.0,0,0.0,5220923.5
2025-08-01 09:18:01 AM,1920.0,586,1125120.0,6346043.5
2025-08-01 09:18:05 AM,1917.0,0,0.0,6346043.5
2025-08-01 09:18:09 AM,1921.5,25,48037.5,6394081.0
2025-08-01 09:18:21 AM,1925.7,0,0.0,6394081.0
2025-08-01 09:18:23 AM,1925.5,0,0.0,6394081.0
2025-08-01 09:18:26 AM,1925.5,215,413982.5,6808063.5
2025-08-01 09:18:34 AM,1931.0,68,131308.0,6939371.5
2025-08-01 09:18:39 AM,1935.8,0,0.0,6939371.5
2025-08-01 09:18:42 AM,1938.0,46,89148.0,7028519.5
2025-08-01 09:18:43 AM,1935.4,10,19354.0,7047873.5
2025-08-01 09:18:46 AM,1943.1,0,0.0,7047873.5
2025-08-01 09:18:50 AM,1942.3,1066,2070491.8,9118365.3
2025-08-01 09:18:51 AM,1940.1,14,27161.399999999998,9145526.700000001
2025-08-01 09:18:58 AM,1944.2,51,99154.2,9244680.9
2025-08-01 09:19:00 AM,1942.0,1,1942.0,9246622.9
2025-08-01 09:19:00 AM,1939.6,0,0.0,9246622.9
2025-08-01 09:19:06 AM,1938.6,25,48465.0,9295087.9
2025-08-01 09:19:09 AM,1942.3,0,0.0,9295087.9
2025-08-01 09:19:10 AM,1938.5,0,0.0,9295087.9
2025-08-01 09:19:14 AM,1939.1,99,191970.9,9487058.8
2025-08-01 09:19:16 AM,1934.9,527,1019692.3,10506751.100000001
2025-08-01 09:19:16 AM,1936.2,0,0.0,10506751.100000001
2025-08-01 09:19:23 AM,1936.2,25,48405.0,10555156.100000001
2025-08-01 09:19:30 AM,1931.9,0,0.0,10555156.100000001
2025-08-01 09:19:31 AM,1931.9,101,195121.90000000002,10750278.000000002
2025-08-01 09:19:46 AM,1934.6,0,0.0,10750278.000000002
2025-08-01 09:19:47 AM,1934.6,10,19346.0,10769624.000000002
2025-08-01 09:19:48 AM,1932.0,0,0.0,10769624.000000002
2025-08-01 09:19:49 AM,1932.0,110,212520.0,10982144.000000002
2025-08-01 09:20:09 AM,1931.3,0,0.0,10982144.000000002
2025-08-01 09:20:11 AM,1931.3,18,34763.4,11016907.400000002
2025-08-01 09:20:12 AM,1930.0,370,714100.0,11731007.400000002
2025-08-01 09:20:18 AM,1928.1,0,0.0,11731007.400000002
2025-08-01 09:20:19 AM,1928.1,1,1928.1,11732935.500000002
2025-08-01 09:20:27 AM,1925.2,1,1925.2,11734860.700000001
2025-08-01 09:20:28 AM,1925.0,100,192500.0,11927360.700000001
2025-08-01 09:20:34 AM,1920.8,90,172872.0,12100232.700000001
2025-08-01 09:20:37 AM,1921.4,0,0.0,12100232.700000001
2025-08-01 09:20:41 AM,1923.3,0,0.0,12100232.700000001
2025-08-01 09:20:42 AM,1923.3,6,11539.8,12111772.500000002
2025-08-01 09:20:48 AM,1921.2,0,0.0,12111772.500000002
2025-08-01 09:20:50 AM,1921.2,10,19212.0,12130984.500000002
2025-08-01 09:20:55 AM,1921.8,0,0.0,12130984.500000002
2025-08-01 09:20:58 AM,1921.8,11,21139.8,12152124.300000003
2025-08-01 09:21:13 AM,1924.8,99,190555.19999999998,12342679.500000002
2025-08-01 09:21:18 AM,1926.6,0,0.0,12342679.500000002
2025-08-01 09:21:21 AM,1926.7,7,13486.9,12356166.400000002
2025-08-01 09:21:36 AM,1927.2,0,0.0,12356166.400000002
2025-08-01 09:21:37 AM,1927.2,5,9636.0,12365802.400000002
2025-08-01 09:21:44 AM,1930.0,30,57900.0,12423702.400000002
2025-08-01 09:21:48 AM,1929.0,0,0.0,12423702.400000002
2025-08-01 09:21:51 AM,1929.1,0,0.0,12423702.400000002
2025-08-01 09:21:52 AM,1933.8,547,1057788.5999999999,13481491.000000002
2025-08-01 09:21:55 AM,1931.4,0,0.0,13481491.000000002
2025-08-01 09:21:59 AM,1931.4,24,46353.600000000006,13527844.600000001
2025-08-01 09:22:05 AM,1930.8,0,0.0,13527844.600000001
2025-08-01 09:22:07 AM,1930.8,27,52131.6,13579976.200000001
2025-08-01 09:22:09 AM,1930.0,0,0.0,13579976.200000001
2025-08-01 09:22:15 AM,1930.0,43,82990.0,13662966.200000001
2025-08-01 09:22:22 AM,1930.0,10,19300.0,13682266.200000001
2025-08-01 09:22:26 AM,1933.7,0,0.0,13682266.200000001
2025-08-01 09:22:30 AM,1933.7,401,775413.7000000001,14457679.9
2025-08-01 09:22:38 AM,1929.7,10,19297.0,14476976.9
2025-08-01 09:22:46 AM,1932.0,0,0.0,14476976.9
2025-08-01 09:22:47 AM,1932.0,25,48300.0,14525276.9
2025-08-01 09:23:00 AM,1930.3,3,5790.9,14531067.8
2025-08-01 09:23:04 AM,1930.2,0,0.0,14531067.8
2025-08-01 09:23:08 AM,1930.2,1,1930.2,14532998.0
2025-08-01 09:23:16 AM,1928.4,1,1928.4,14534926.4
2025-08-01 09:23:23 AM,1927.3,67,129129.09999999999,14664055.5
2025-08-01 09:23:31 AM,1925.2,26,50055.200000000004,14714110.7
2025-08-01 09:23:38 AM,1923.6,0,0.0,14714110.7
2025-08-01 09:23:38 AM,1923.6,25,48090.0,14762200.7
2025-08-01 09:23:40 AM,1923.6,1,1923.6,14764124.299999999
2025-08-01 09:23:54 AM,1925.9,339,652880.1,15417004.399999999
2025-08-01 09:24:09 AM,1926.6,2,3853.2,15420857.599999998
2025-08-01 09:24:18 AM,1925.0,0,0.0,15420857.599999998
2025-08-01 09:24:18 AM,1925.0,40,77000.0,15497857.599999998
2025-08-01 09:24:24 AM,1926.6,0,0.0,15497857.599999998
2025-08-01 09:24:24 AM,1926.6,100,192660.0,15690517.599999998
2025-08-01 09:24:34 AM,1927.0,1,1927.0,15692444.599999998
2025-08-01 09:24:47 AM,1926.3,1,1926.3,15694370.899999999
2025-08-01 09:25:01 AM,1921.5,0,0.0,15694370.899999999
2025-08-01 09:25:02 AM,1921.5,140,269010.0,15963380.899999999
2025-08-01 09:25:19 AM,1921.5,2,3843.0,15967223.899999999
2025-08-01 09:25:24 AM,1921.4,29,55720.600000000006,16022944.499999998
2025-08-01 09:25:27 AM,1923.5,0,0.0,16022944.499999998
2025-08-01 09:25:32 AM,1924.0,17,32708.0,16055652.499999998
2025-08-01 09:25:39 AM,1923.4,100,192340.0,16247992.499999998
2025-08-01 09:26:02 AM,1919.8,40,76792.0,16324784.499999998
2025-08-01 09:26:09 AM,1925.0,0,0.0,16324784.499999998
2025-08-01 09:26:10 AM,1925.0,208,400400.0,16725184.499999998
2025-08-01 09:26:12 AM,1926.0,5,9630.0,16734814.499999998
2025-08-01 09:26:19 AM,1925.2,10,19252.0,16754066.499999998
2025-08-01 09:26:22 AM,1926.3,0,0.0,16754066.499999998
2025-08-01 09:26:25 AM,1926.3,76,146398.8,16900465.299999997
2025-08-01 09:26:34 AM,1929.6,0,0.0,16900465.299999997
2025-08-01 09:26:35 AM,1929.6,218,420652.8,17321118.099999998
2025-08-01 09:26:40 AM,1926.6,0,0.0,17321118.099999998
2025-08-01 09:26:41 AM,1926.6,2,3853.2,17324971.299999997
2025-08-01 09:26:49 AM,1930.5,0,0.0,17324971.299999997
2025-08-01 09:26:50 AM,1930.5,157,303088.5,17628059.799999997
2025-08-01 09:26:52 AM,1930.8,0,0.0,17628059.799999997
2025-08-01 09:26:56 AM,1930.8,5,9654.0,17637713.799999997
2025-08-01 09:27:01 AM,1932.0,0,0.0,17637713.799999997
2025-08-01 09:27:03 AM,1932.0,35,67620.0,17705333.799999997
2025-08-01 09:27:04 AM,1934.0,346,669164.0,18374497.799999997
2025-08-01 09:27:06 AM,1932.0,0,0.0,18374497.799999997
2025-08-01 09:27:11 AM,1932.0,20,38640.0,18413137.799999997
2025-08-01 09:27:25 AM,1932.0,56,108192.0,18521329.799999997
2025-08-01 09:27:34 AM,1930.3,1,1930.3,18523260.099999998
2025-08-01 09:27:49 AM,1928.9,26,50151.4,18573411.499999996
2025-08-01 09:27:57 AM,1925.0,0,0.0,18573411.499999996
2025-08-01 09:28:02 AM,1926.8,0,0.0,18573411.499999996
2025-08-01 09:28:03 AM,1926.8,246,473992.8,19047404.299999997
2025-08-01 09:28:05 AM,1936.2,1327,2569337.4,21616741.699999996
2025-08-01 09:28:09 AM,1936.5,0,0.0,21616741.699999996
2025-08-01 09:28:11 AM,1936.5,25,48412.5,21665154.199999996
2025-08-01 09:28:12 AM,1936.5,2,3873.0,21669027.199999996
2025-08-01 09:28:21 AM,1935.0,0,0.0,21669027.199999996
2025-08-01 09:28:22 AM,1935.2,0,0.0,21669027.199999996
2025-08-01 09:28:26 AM,1935.2,16,30963.2,21699990.399999995
2025-08-01 09:28:28 AM,1935.2,1,1935.2,21701925.599999994
2025-08-01 09:28:32 AM,1936.4,0,0.0,21701925.599999994
2025-08-01 09:28:34 AM,1936.4,1,1936.4,21703861.999999993
2025-08-01 09:28:35 AM,1935.3,10,19353.0,21723214.999999993
2025-08-01 09:28:53 AM,1935.0,0,0.0,21723214.999999993
2025-08-01 09:28:57 AM,1935.1,111,214796.09999999998,21938011.099999994
2025-08-01 09:29:11 AM,1933.3,0,0.0,21938011.099999994
2025-08-01 09:29:12 AM,1933.3,4,7733.2,21945744.299999993
2025-08-01 09:29:16 AM,1932.3,0,0.0,21945744.299999993
2025-08-01 09:29:20 AM,1932.3,20,38646.0,21984390.299999993
2025-08-01 09:29:26 AM,1934.8,0,0.0,21984390.299999993
2025-08-01 09:29:27 AM,1934.8,10,19348.0,22003738.299999993
2025-08-01 09:29:31 AM,1933.0,0,0.0,22003738.299999993
2025-08-01 09:29:35 AM,1933.0,2,3866.0,22007604.299999993
2025-08-01 09:29:36 AM,1932.0,40,77280.0,22084884.299999993
2025-08-01 09:29:46 AM,1931.6,0,0.0,22084884.299999993
2025-08-01 09:29:50 AM,1931.6,2,3863.2,22088747.499999993
2025-08-01 09:30:03 AM,1930.1,0,0.0,22088747.499999993
2025-08-01 09:30:05 AM,1930.1,2,3860.2,22092607.69999999
2025-08-01 09:30:06 AM,1929.8,1,1929.8,22094537.499999993
2025-08-01 09:30:10 AM,1930.0,0,0.0,22094537.499999993
2025-08-01 09:30:12 AM,1930.0,26,50180.0,22144717.499999993
2025-08-01 09:30:17 AM,1930.1,0,0.0,22144717.499999993
2025-08-01 09:30:20 AM,1930.1,281,542358.1,22687075.599999994
2025-08-01 09:30:21 AM,1928.0,25,48200.0,22735275.599999994
2025-08-01 09:30:27 AM,1925.0,20,38500.0,22773775.599999994
2025-08-01 09:30:35 AM,1926.0,4,7704.0,22781479.599999994
2025-08-01 09:30:38 AM,1927.1,0,0.0,22781479.599999994
2025-08-01 09:30:42 AM,1927.1,1,1927.1,22783406.699999996
2025-08-01 09:31:00 AM,1928.0,0,0.0,22783406.699999996
2025-08-01 09:31:03 AM,1926.8,0,0.0,22783406.699999996
2025-08-01 09:31:04 AM,1926.8,257,495187.6,23278594.299999997
2025-08-01 09:31:12 AM,1926.0,1,1926.0,23280520.299999997
2025-08-01 09:31:19 AM,1928.3,0,0.0,23280520.299999997
2025-08-01 09:31:19 AM,1928.3,172,331667.6,23612187.9
2025-08-01 09:31:40 AM,1930.4,10,19304.0,23631491.9
2025-08-01 09:31:59 AM,1929.0,0,0.0,23631491.9
2025-08-01 09:32:01 AM,1929.0,192,370368.0,24001859.9
2025-08-01 09:32:05 AM,1926.0,0,0.0,24001859.9
2025-08-01 09:32:08 AM,1926.0,2,3852.0,24005711.9
2025-08-01 09:32:10 AM,1925.1,0,0.0,24005711.9
2025-08-01 09:32:15 AM,1924.0,144,277056.0,24282767.9
2025-08-01 09:32:29 AM,1926.5,0,0.0,24282767.9
2025-08-01 09:32:29 AM,1926.5,112,215768.0,24498535.9
2025-08-01 09:32:41 AM,1929.1,0,0.0,24498535.9
2025-08-01 09:32:43 AM,1929.1,2,3858.2,24502394.099999998
2025-08-01 09:32:50 AM,1929.1,1,1929.1,24504323.2
2025-08-01 09:33:15 AM,1927.7,0,0.0,24504323.2
2025-08-01 09:33:18 AM,1927.7,2,3855.4,24508178.599999998
2025-08-01 09:33:31 AM,1929.0,0,0.0,24508178.599999998
2025-08-01 09:33:32 AM,1929.0,7,13503.0,24521681.599999998
2025-08-01 09:33:38 AM,1930.7,1,1930.7,24523612.299999997
2025-08-01 09:33:41 AM,1930.1,0,0.0,24523612.299999997
2025-08-01 09:33:45 AM,1931.5,0,0.0,24523612.299999997
2025-08-01 09:33:45 AM,1931.5,50,96575.0,24620187.299999997
2025-08-01 09:33:49 AM,1932.0,0,0.0,24620187.299999997
2025-08-01 09:33:53 AM,1932.0,191,369012.0,24989199.299999997
2025-08-01 09:34:14 AM,1932.0,100,193200.0,25182399.299999997
2025-08-01 09:34:21 AM,1932.0,81,156492.0,25338891.299999997
2025-08-01 09:34:45 AM,1931.9,0,0.0,25338891.299999997
2025-08-01 09:34:48 AM,1931.9,114,220236.6,25559127.9
2025-08-01 09:34:55 AM,1933.0,2,3866.0,25562993.9
2025-08-01 09:35:00 AM,1934.6,0,0.0,25562993.9
2025-08-01 09:35:02 AM,1933.0,58,112114.0,25675107.9
2025-08-01 09:35:10 AM,1934.7,0,0.0,25675107.9
2025-08-01 09:35:15 AM,1932.7,0,0.0,25675107.9
2025-08-01 09:35:16 AM,1932.7,82,158481.4,25833589.299999997
2025-08-01 09:35:35 AM,1932.6,0,0.0,25833589.299999997
2025-08-01 09:35:37 AM,1932.6,39,75371.4,25908960.699999996
2025-08-01 09:35:55 AM,1930.7,0,0.0,25908960.699999996
2025-08-01 09:35:57 AM,1930.7,1,1930.7,25910891.399999995
2025-08-01 09:36:08 AM,1932.0,0,0.0,25910891.399999995
2025-08-01 09:36:11 AM,1932.0,1,1932.0,25912823.399999995
2025-08-01 09:36:52 AM,1931.9,0,0.0,25912823.399999995
2025-08-01 09:36:56 AM,1932.7,0,0.0,25912823.399999995
2025-08-01 09:36:57 AM,1932.7,152,293770.4,26206593.799999993
2025-08-01 09:36:57 AM,1935.4,249,481914.60000000003,26688508.399999995
2025-08-01 09:37:00 AM,1936.6,0,0.0,26688508.399999995
2025-08-01 09:37:03 AM,1940.2,586,1136957.2,27825465.599999994
2025-08-01 09:37:08 AM,1939.0,0,0.0,27825465.599999994
2025-08-01 09:37:09 AM,1941.0,0,0.0,27825465.599999994
2025-08-01 09:37:11 AM,1941.0,152,295032.0,28120497.599999994
2025-08-01 09:37:13 AM,1942.7,0,0.0,28120497.599999994
2025-08-01 09:37:14 AM,1942.8,0,0.0,28120497.599999994
2025-08-01 09:37:18 AM,1942.0,0,0.0,28120497.599999994
2025-08-01 09:37:18 AM,1942.0,107,207794.0,28328291.599999994
2025-08-01 09:37:19 AM,1940.3,0,0.0,28328291.599999994
2025-08-01 09:37:23 AM,1938.6,0,0.0,28328291.599999994
2025-08-01 09:37:25 AM,1938.6,109,211307.4,28539598.999999993
2025-08-01 09:37:29 AM,1942.4,0,0.0,28539598.999999993
2025-08-01 09:37:29 AM,1941.0,0,0.0,28539598.999999993
2025-08-01 09:37:31 AM,1941.0,38,73758.0,28613356.999999993
2025-08-01 09:37:38 AM,1940.3,0,0.0,28613356.999999993
2025-08-01 09:37:38 AM,1940.3,414,803284.2,29416641.19999999
2025-08-01 09:37:42 AM,1940.0,0,0.0,29416641.19999999
2025-08-01 09:37:45 AM,1941.8,100,194180.0,29610821.19999999
2025-08-01 09:37:48 AM,1943.0,0,0.0,29610821.19999999
2025-08-01 09:37:50 AM,1940.2,0,0.0,29610821.19999999
2025-08-01 09:37:51 AM,1940.2,101,195960.2,29806781.39999999
2025-08-01 09:37:54 AM,1941.8,0,0.0,29806781.39999999
2025-08-01 09:37:56 AM,1943.0,0,0.0,29806781.39999999
2025-08-01 09:37:58 AM,1944.0,128,248832.0,30055613.39999999
2025-08-01 09:38:05 AM,1941.8,99,192238.19999999998,30247851.59999999
2025-08-01 09:38:10 AM,1942.9,0,0.0,30247851.59999999
2025-08-01 09:38:12 AM,1942.9,464,901505.6000000001,31149357.19999999
2025-08-01 09:38:15 AM,1944.3,0,0.0,31149357.19999999
2025-08-01 09:38:19 AM,1944.3,130,252759.0,31402116.19999999
2025-08-01 09:38:25 AM,1945.0,0,0.0,31402116.19999999
2025-08-01 09:38:25 AM,1945.0,183,355935.0,31758051.19999999
2025-08-01 09:38:30 AM,1943.2,0,0.0,31758051.19999999
2025-08-01 09:38:32 AM,1942.0,301,584542.0,32342593.19999999
2025-08-01 09:38:35 AM,1945.0,0,0.0,32342593.19999999
2025-08-01 09:38:39 AM,1945.0,162,315090.0,32657683.19999999
2025-08-01 09:38:44 AM,1944.9,0,0.0,32657683.19999999
2025-08-01 09:38:45 AM,1944.9,50,97245.0,32754928.19999999
2025-08-01 09:38:52 AM,1944.0,55,106920.0,32861848.19999999
2025-08-01 09:38:56 AM,1942.2,0,0.0,32861848.19999999
2025-08-01 09:38:57 AM,1944.1,0,0.0,32861848.19999999
2025-08-01 09:38:59 AM,1944.1,776,1508621.5999999999,34370469.79999999
2025-08-01 09:39:05 AM,1940.1,32,62083.2,34432552.99999999
2025-08-01 09:39:10 AM,1940.4,0,0.0,34432552.99999999
2025-08-01 09:39:12 AM,1940.7,25,48517.5,34481070.49999999
2025-08-01 09:39:19 AM,1940.7,1,1940.7,34483011.199999996
2025-08-01 09:39:25 AM,1936.5,0,0.0,34483011.199999996
2025-08-01 09:39:26 AM,1936.5,45,87142.5,34570153.699999996
2025-08-01 09:39:29 AM,1937.9,0,0.0,34570153.699999996
2025-08-01 09:39:32 AM,1937.9,50,96895.0,34667048.699999996
2025-08-01 09:39:37 AM,1937.4,0,0.0,34667048.699999996
2025-08-01 09:39:39 AM,1937.4,1,1937.4,34668986.099999994
2025-08-01 09:39:52 AM,1938.4,1,1938.4,34670924.49999999
2025-08-01 09:40:05 AM,1938.4,2,3876.8,34674801.29999999
2025-08-01 09:40:06 AM,1938.4,1,1938.4,34676739.69999999
2025-08-01 09:40:12 AM,1938.4,10,19384.0,34696123.69999999
2025-08-01 09:40:15 AM,1936.9,0,0.0,34696123.69999999
2025-08-01 09:40:18 AM,1936.9,1,1936.9,34698060.59999999
2025-08-01 09:40:22 AM,1938.1,0,0.0,34698060.59999999
2025-08-01 09:40:25 AM,1938.1,75,145357.5,34843418.09999999
2025-08-01 09:40:27 AM,1936.5,0,0.0,34843418.09999999
2025-08-01 09:40:31 AM,1936.4,2,3872.8,34847290.89999998
2025-08-01 09:40:37 AM,1938.1,0,0.0,34847290.89999998
2025-08-01 09:40:38 AM,1938.1,5,9690.5,34856981.39999998
2025-08-01 09:40:44 AM,1936.5,7,13555.5,34870536.89999998
2025-08-01 09:41:03 AM,1937.6,0,0.0,34870536.89999998
2025-08-01 09:41:04 AM,1937.6,3,5812.799999999999,34876349.69999998
2025-08-01 09:41:24 AM,1938.4,30,58152.0,34934501.69999998
2025-08-01 09:41:44 AM,1937.1,1,1937.1,34936438.79999998
2025-08-01 09:41:48 AM,1936.4,0,0.0,34936438.79999998
2025-08-01 09:41:51 AM,1936.4,120,232368.0,35168806.79999998
2025-08-01 09:42:09 AM,1936.1,0,0.0,35168806.79999998
2025-08-01 09:42:10 AM,1936.1,1,1936.1,35170742.89999998
2025-08-01 09:42:17 AM,1932.4,118,228023.2,35398766.09999999
2025-08-01 09:42:21 AM,1931.1,0,0.0,35398766.09999999
2025-08-01 09:42:23 AM,1931.1,150,289665.0,35688431.09999999
2025-08-01 09:42:35 AM,1933.5,0,0.0,35688431.09999999
2025-08-01 09:42:36 AM,1933.5,11,21268.5,35709699.59999999
2025-08-01 09:42:50 AM,1931.3,253,488618.89999999997,36198318.499999985
2025-08-01 09:43:29 AM,1931.3,61,117809.3,36316127.79999998
2025-08-01 09:43:31 AM,1930.0,0,0.0,36316127.79999998
2025-08-01 09:43:35 AM,1930.9,0,0.0,36316127.79999998
2025-08-01 09:43:35 AM,1930.9,98,189228.2,36505355.999999985
2025-08-01 09:43:36 AM,1928.2,15,28923.0,36534278.999999985
2025-08-01 09:43:42 AM,1926.8,15,28902.0,36563180.999999985
2025-08-01 09:43:47 AM,1928.7,0,0.0,36563180.999999985
2025-08-01 09:43:49 AM,1928.7,5,9643.5,36572824.499999985
2025-08-01 09:43:50 AM,1926.6,3,5779.799999999999,36578604.29999998
2025-08-01 09:43:55 AM,1928.2,0,0.0,36578604.29999998
2025-08-01 09:43:55 AM,1927.1,51,98282.09999999999,36676886.39999998
2025-08-01 09:43:59 AM,1925.6,0,0.0,36676886.39999998
2025-08-01 09:44:01 AM,1925.6,10,19256.0,36696142.39999998
2025-08-01 09:44:15 AM,1925.6,275,529540.0,37225682.39999998
2025-08-01 09:44:21 AM,1927.5,0,0.0,37225682.39999998
2025-08-01 09:44:22 AM,1927.5,1,1927.5,37227609.89999998
2025-08-01 09:44:27 AM,1925.3,0,0.0,37227609.89999998
2025-08-01 09:44:28 AM,1925.3,10,19253.0,37246862.89999998
2025-08-01 09:44:33 AM,1925.6,0,0.0,37246862.89999998
2025-08-01 09:44:35 AM,1925.6,11,21181.6,37268044.499999985
2025-08-01 09:44:36 AM,1925.6,5,9628.0,37277672.499999985
2025-08-01 09:44:43 AM,1928.9,0,0.0,37277672.499999985
2025-08-01 09:44:47 AM,1928.9,178,343344.2,37621016.69999999
2025-08-01 09:44:53 AM,1931.0,0,0.0,37621016.69999999
2025-08-01 09:44:54 AM,1931.0,15,28965.0,37649981.69999999
2025-08-01 09:45:09 AM,1928.8,63,121514.4,37771496.09999999
2025-08-01 09:45:11 AM,1931.1,0,0.0,37771496.09999999
2025-08-01 09:45:14 AM,1931.1,10,19311.0,37790807.09999999
2025-08-01 09:45:19 AM,1925.2,0,0.0,37790807.09999999
2025-08-01 09:45:20 AM,1925.2,850,1636420.0,39427227.09999999
2025-08-01 09:45:34 AM,1926.3,5,9631.5,39436858.59999999
2025-08-01 09:45:51 AM,1927.3,0,0.0,39436858.59999999
2025-08-01 09:45:53 AM,1927.3,1,1927.3,39438785.89999998
2025-08-01 09:46:05 AM,1927.1,0,0.0,39438785.89999998
2025-08-01 09:46:05 AM,1927.1,30,57813.0,39496598.89999998
2025-08-01 09:46:27 AM,1927.2,20,38544.0,39535142.89999998
2025-08-01 09:47:17 AM,1927.1,25,48177.5,39583320.39999998
2025-08-01 09:47:29 AM,1925.7,0,0.0,39583320.39999998
2025-08-01 09:47:30 AM,1925.7,10,19257.0,39602577.39999998
2025-08-01 09:47:32 AM,1926.5,0,0.0,39602577.39999998
2025-08-01 09:47:34 AM,1926.5,23,44309.5,39646886.89999998
2025-08-01 09:47:36 AM,1927.2,1,1927.2,39648814.09999999
2025-08-01 09:47:38 AM,1926.5,0,0.0,39648814.09999999
2025-08-01 09:47:41 AM,1926.5,2,3853.0,39652667.09999999
2025-08-01 09:47:54 AM,1926.5,20,38530.0,39691197.09999999
2025-08-01 09:48:20 AM,1926.5,140,269710.0,39960907.09999999
2025-08-01 09:49:05 AM,1926.5,2,3853.0,39964760.09999999
2025-08-01 09:50:23 AM,1926.6,0,0.0,39964760.09999999
2025-08-01 09:50:23 AM,1926.6,25,48165.0,40012925.09999999
2025-08-01 09:50:36 AM,1927.6,0,0.0,40012925.09999999
2025-08-01 09:50:39 AM,1927.6,2,3855.2,40016780.29999999
2025-08-01 09:51:22 AM,1926.6,0,0.0,40016780.29999999
2025-08-01 09:51:23 AM,1926.6,25,48165.0,40064945.29999999
2025-08-01 09:51:38 AM,1926.5,0,0.0,40064945.29999999
2025-08-01 09:51:38 AM,1926.5,21,40456.5,40105401.79999999
2025-08-01 09:51:43 AM,1927.3,0,0.0,40105401.79999999
2025-08-01 09:51:45 AM,1927.3,25,48182.5,40153584.29999999
2025-08-01 09:52:31 AM,1926.5,116,223474.0,40377058.29999999
2025-08-01 09:52:46 AM,1925.0,1,1925.0,40378983.29999999
2025-08-01 09:52:49 AM,1925.0,2,3850.0,40382833.29999999
2025-08-01 09:53:04 AM,1925.0,15,28875.0,40411708.29999999
2025-08-01 09:53:14 AM,1925.0,5,9625.0,40421333.29999999
2025-08-01 09:53:26 AM,1924.0,32,61568.0,40482901.29999999
2025-08-01 09:53:36 AM,1925.9,0,0.0,40482901.29999999
2025-08-01 09:53:39 AM,1925.9,102,196441.80000000002,40679343.09999999
2025-08-01 09:54:14 AM,1925.0,0,0.0,40679343.09999999
2025-08-01 09:54:16 AM,1923.4,18,34621.200000000004,40713964.29999999
2025-08-01 09:54:39 AM,1923.0,0,0.0,40713964.29999999
2025-08-01 09:54:41 AM,1923.0,5,9615.0,40723579.29999999
2025-08-01 09:54:49 AM,1922.9,0,0.0,40723579.29999999
2025-08-01 09:54:53 AM,1922.9,26,49995.4,40773574.69999999
2025-08-01 09:55:04 AM,1923.7,0,0.0,40773574.69999999
2025-08-01 09:55:04 AM,1923.7,3,5771.1,40779345.79999999
2025-08-01 09:55:09 AM,1925.0,0,0.0,40779345.79999999
2025-08-01 09:55:10 AM,1925.0,184,354200.0,41133545.79999999
2025-08-01 09:55:57 AM,1925.8,0,0.0,41133545.79999999
2025-08-01 09:55:58 AM,1925.8,1,1925.8,41135471.59999999
2025-08-01 09:56:06 AM,1925.0,0,0.0,41135471.59999999
2025-08-01 09:56:09 AM,1927.4,0,0.0,41135471.59999999
2025-08-01 09:56:10 AM,1927.4,102,196594.80000000002,41332066.39999998
2025-08-01 09:57:21 AM,1925.0,0,0.0,41332066.39999998
2025-08-01 09:57:22 AM,1925.0,6,11550.0,41343616.39999998
2025-08-01 09:57:27 AM,1925.0,9,17325.0,41360941.39999998
2025-08-01 09:57:57 AM,1922.9,0,0.0,41360941.39999998
2025-08-01 09:57:57 AM,1922.9,161,309586.9,41670528.29999998
2025-08-01 09:58:10 AM,1923.0,0,0.0,41670528.29999998
2025-08-01 09:58:10 AM,1923.0,11,21153.0,41691681.29999998
2025-08-01 09:58:12 AM,1922.5,260,499850.0,42191531.29999998
2025-08-01 09:58:16 AM,1922.5,17,32682.5,42224213.79999998
2025-08-01 09:58:18 AM,1923.6,0,0.0,42224213.79999998
2025-08-01 09:58:18 AM,1923.6,75,144270.0,42368483.79999998
2025-08-01 09:58:24 AM,1922.5,13,24992.5,42393476.29999998
2025-08-01 09:58:50 AM,1922.0,0,0.0,42393476.29999998
2025-08-01 09:58:52 AM,1922.0,175,336350.0,42729826.29999998
2025-08-01 09:59:13 AM,1923.5,60,115410.0,42845236.29999998
2025-08-01 09:59:44 AM,1921.3,0,0.0,42845236.29999998
2025-08-01 09:59:45 AM,1921.3,2,3842.6,42849078.89999998
2025-08-01 10:00:21 AM,1920.0,0,0.0,42849078.89999998
2025-08-01 10:00:22 AM,1920.0,184,353280.0,43202358.89999998
2025-08-01 10:00:26 AM,1917.7,41,78625.7,43280984.59999999
2025-08-01 10:00:34 AM,1917.6,0,0.0,43280984.59999999
2025-08-01 10:00:35 AM,1917.6,3,5752.799999999999,43286737.39999998
2025-08-01 10:00:48 AM,1916.6,49,93913.4,43380650.79999998
2025-08-01 10:01:04 AM,1916.6,25,47915.0,43428565.79999998
2025-08-01 10:01:07 AM,1918.0,14,26852.0,43455417.79999998
2025-08-01 10:01:10 AM,1919.9,2,3839.8,43459257.59999998
2025-08-01 10:01:23 AM,1918.2,0,0.0,43459257.59999998
2025-08-01 10:01:26 AM,1917.6,0,0.0,43459257.59999998
2025-08-01 10:01:26 AM,1917.6,28,53692.799999999996,43512950.399999976
2025-08-01 10:01:31 AM,1917.8,0,0.0,43512950.399999976
2025-08-01 10:01:32 AM,1917.8,389,746024.2,44258974.59999998
2025-08-01 10:01:34 AM,1921.6,0,0.0,44258974.59999998
2025-08-01 10:01:34 AM,1920.2,6,11521.2,44270495.79999998
2025-08-01 10:01:40 AM,1920.2,1,1920.2,44272415.999999985
2025-08-01 10:02:14 AM,1921.9,0,0.0,44272415.999999985
2025-08-01 10:02:15 AM,1921.9,10,19219.0,44291634.999999985
2025-08-01 10:02:40 AM,1924.1,0,0.0,44291634.999999985
2025-08-01 10:02:41 AM,1924.1,63,121218.29999999999,44412853.29999998
2025-08-01 10:02:43 AM,1924.6,7,13472.199999999999,44426325.499999985
2025-08-01 10:02:45 AM,1924.2,0,0.0,44426325.499999985
2025-08-01 10:02:47 AM,1925.9,55,105924.5,44532249.999999985
2025-08-01 10:03:12 AM,1924.8,1,1924.8,44534174.79999998
2025-08-01 10:03:22 AM,1925.2,0,0.0,44534174.79999998
2025-08-01 10:03:25 AM,1925.2,4,7700.8,44541875.59999998
2025-08-01 10:03:38 AM,1923.9,0,0.0,44541875.59999998
2025-08-01 10:03:39 AM,1924.2,31,59650.200000000004,44601525.79999998
2025-08-01 10:03:40 AM,1923.2,1,1923.2,44603448.999999985
2025-08-01 10:03:58 AM,1924.9,0,0.0,44603448.999999985
2025-08-01 10:03:59 AM,1924.9,101,194414.90000000002,44797863.89999998
2025-08-01 10:04:18 AM,1923.0,0,0.0,44797863.89999998
2025-08-01 10:04:18 AM,1923.0,2,3846.0,44801709.89999998
2025-08-01 10:05:06 AM,1923.1,25,48077.5,44849787.39999998
2025-08-01 10:05:08 AM,1923.1,10,19231.0,44869018.39999998
2025-08-01 10:05:30 AM,1923.2,10,19232.0,44888250.39999998
2025-08-01 10:05:50 AM,1924.4,1,1924.4,44890174.79999998
2025-08-01 10:06:26 AM,1923.2,10,19232.0,44909406.79999998
2025-08-01 10:06:30 AM,1923.2,1,1923.2,44911329.999999985
2025-08-01 10:06:46 AM,1921.9,0,0.0,44911329.999999985
2025-08-01 10:06:48 AM,1921.9,22,42281.8,44953611.79999998
2025-08-01 10:06:50 AM,1921.0,6,11526.0,44965137.79999998
2025-08-01 10:07:15 AM,1921.0,24,46104.0,45011241.79999998
2025-08-01 10:07:27 AM,1918.4,62,118940.8,45130182.59999998
2025-08-01 10:07:44 AM,1917.4,3,5752.200000000001,45135934.79999998
2025-08-01 10:07:52 AM,1915.9,130,249067.0,45385001.79999998
2025-08-01 10:07:58 AM,1915.0,0,0.0,45385001.79999998
2025-08-01 10:07:58 AM,1915.0,112,214480.0,45599481.79999998
2025-08-01 10:08:02 AM,1915.0,47,90005.0,45689486.79999998
2025-08-01 10:08:08 AM,1915.0,25,47875.0,45737361.79999998
2025-08-01 10:08:10 AM,1915.3,378,723983.4,46461345.19999998
2025-08-01 10:08:13 AM,1916.9,0,0.0,46461345.19999998
2025-08-01 10:08:15 AM,1916.9,32,61340.8,46522685.99999998
2025-08-01 10:08:35 AM,1920.2,4,7680.8,46530366.799999975
2025-08-01 10:10:12 AM,1918.7,0,0.0,46530366.799999975
2025-08-01 10:10:12 AM,1918.7,72,138146.4,46668513.19999997
2025-08-01 10:11:05 AM,1917.5,0,0.0,46668513.19999997
2025-08-01 10:11:06 AM,1917.5,27,51772.5,46720285.69999997
2025-08-01 10:11:12 AM,1919.4,0,0.0,46720285.69999997
2025-08-01 10:11:12 AM,1919.4,5,9597.0,46729882.69999997
2025-08-01 10:11:33 AM,1919.9,0,0.0,46729882.69999997
2025-08-01 10:11:35 AM,1919.9,1,1919.9,46731802.59999997
2025-08-01 10:11:45 AM,1920.0,0,0.0,46731802.59999997
2025-08-01 10:11:47 AM,1920.0,17,32640.0,46764442.59999997
2025-08-01 10:12:16 AM,1920.0,101,193920.0,46958362.59999997
2025-08-01 10:12:28 AM,1920.0,5,9600.0,46967962.59999997
2025-08-01 10:12:56 AM,1920.0,1,1920.0,46969882.59999997
2025-08-01 10:13:08 AM,1920.2,4,7680.8,46977563.39999997
2025-08-01 10:14:42 AM,1918.8,0,0.0,46977563.39999997
2025-08-01 10:14:42 AM,1918.8,101,193798.8,47171362.199999966
2025-08-01 10:14:53 AM,1918.8,2,3837.6,47175199.79999997
2025-08-01 10:14:59 AM,1920.0,0,0.0,47175199.79999997
2025-08-01 10:14:59 AM,1920.0,72,138240.0,47313439.79999997
2025-08-01 10:15:13 AM,1920.5,0,0.0,47313439.79999997
2025-08-01 10:15:16 AM,1920.5,2,3841.0,47317280.79999997
2025-08-01 10:16:04 AM,1923.0,0,0.0,47317280.79999997
2025-08-01 10:16:04 AM,1923.0,32,61536.0,47378816.79999997
2025-08-01 10:16:28 AM,1923.9,0,0.0,47378816.79999997
2025-08-01 10:16:28 AM,1923.9,160,307824.0,47686640.79999997
2025-08-01 10:17:19 AM,1923.9,6,11543.400000000001,47698184.199999966
2025-08-01 10:17:35 AM,1924.6,0,0.0,47698184.199999966
2025-08-01 10:17:36 AM,1924.6,22,42341.2,47740525.39999997
2025-08-01 10:17:57 AM,1922.7,0,0.0,47740525.39999997
2025-08-01 10:17:59 AM,1922.7,14,26917.8,47767443.199999966
2025-08-01 10:18:05 AM,1922.5,0,0.0,47767443.199999966
2025-08-01 10:18:05 AM,1922.5,1,1922.5,47769365.699999966
2025-08-01 10:18:25 AM,1922.0,0,0.0,47769365.699999966
2025-08-01 10:18:28 AM,1922.0,51,98022.0,47867387.699999966
2025-08-01 10:18:37 AM,1922.5,0,0.0,47867387.699999966
2025-08-01 10:18:40 AM,1922.5,1,1922.5,47869310.199999966
2025-08-01 10:18:52 AM,1922.7,5,9613.5,47878923.699999966
2025-08-01 10:19:44 AM,1923.8,50,96190.0,47975113.699999966
2025-08-01 10:21:11 AM,1924.1,1,1924.1,47977037.79999997
2025-08-01 10:22:25 AM,1923.2,2,3846.4,47980884.199999966
2025-08-01 10:22:40 AM,1922.5,25,48062.5,48028946.699999966
2025-08-01 10:22:50 AM,1923.6,0,0.0,48028946.699999966
2025-08-01 10:22:50 AM,1923.6,1,1923.6,48030870.29999997
2025-08-01 10:23:35 AM,1924.8,0,0.0,48030870.29999997
2025-08-01 10:23:35 AM,1924.8,13,25022.399999999998,48055892.699999966
2025-08-01 10:23:41 AM,1923.4,0,0.0,48055892.699999966
2025-08-01 10:23:41 AM,1923.4,1,1923.4,48057816.099999964
2025-08-01 10:24:02 AM,1923.6,0,0.0,48057816.099999964
2025-08-01 10:24:03 AM,1923.6,52,100027.2,48157843.29999997
2025-08-01 10:25:30 AM,1923.9,0,0.0,48157843.29999997
2025-08-01 10:25:30 AM,1923.9,2,3847.8,48161691.099999964
2025-08-01 10:26:49 AM,1923.9,3,5771.700000000001,48167462.79999997
2025-08-01 10:27:00 AM,1923.8,0,0.0,48167462.79999997
2025-08-01 10:27:00 AM,1923.8,1,1923.8,48169386.599999964
2025-08-01 10:27:17 AM,1922.3,0,0.0,48169386.599999964
2025-08-01 10:27:17 AM,1922.3,5,9611.5,48178998.099999964
2025-08-01 10:28:36 AM,1922.3,6,11533.8,48190531.89999996
2025-08-01 10:29:02 AM,1921.1,10,19211.0,48209742.89999996
2025-08-01 10:29:07 AM,1921.0,5,9605.0,48219347.89999996
2025-08-01 10:29:10 AM,1921.0,2,3842.0,48223189.89999996
2025-08-01 10:29:15 AM,1921.2,2,3842.4,48227032.29999996
2025-08-01 10:29:35 AM,1921.0,3,5763.0,48232795.29999996
2025-08-01 10:30:03 AM,1920.1,84,161288.4,48394083.69999996
2025-08-01 10:31:11 AM,1919.4,0,0.0,48394083.69999996
2025-08-01 10:31:12 AM,1919.4,32,61420.8,48455504.499999955
2025-08-01 10:31:25 AM,1918.5,0,0.0,48455504.499999955
2025-08-01 10:31:26 AM,1918.5,120,230220.0,48685724.499999955
2025-08-01 10:31:46 AM,1920.0,0,0.0,48685724.499999955
2025-08-01 10:31:48 AM,1920.0,2,3840.0,48689564.499999955
2025-08-01 10:34:18 AM,1920.6,0,0.0,48689564.499999955
2025-08-01 10:34:18 AM,1920.6,1,1920.6,48691485.09999996
2025-08-01 10:34:45 AM,1920.0,0,0.0,48691485.09999996
2025-08-01 10:34:46 AM,1920.0,2,3840.0,48695325.09999996
2025-08-01 10:36:05 AM,1921.4,1,1921.4,48697246.499999955
2025-08-01 10:36:19 AM,1921.6,0,0.0,48697246.499999955
2025-08-01 10:36:19 AM,1921.6,2,3843.2,48701089.69999996
2025-08-01 10:37:16 AM,1921.3,0,0.0,48701089.69999996
2025-08-01 10:37:17 AM,1921.3,1,1921.3,48703010.999999955
2025-08-01 10:38:05 AM,1921.3,2,3842.6,48706853.59999996
2025-08-01 10:40:41 AM,1921.3,2,3842.6,48710696.19999996
2025-08-01 10:42:39 AM,1920.0,0,0.0,48710696.19999996
2025-08-01 10:42:40 AM,1920.0,13,24960.0,48735656.19999996
2025-08-01 10:42:58 AM,1919.3,0,0.0,48735656.19999996
2025-08-01 10:43:00 AM,1919.3,1,1919.3,48737575.499999955
2025-08-01 10:44:12 AM,1918.3,0,0.0,48737575.499999955
2025-08-01 10:44:14 AM,1918.3,119,228277.69999999998,48965853.19999996
2025-08-01 10:44:20 AM,1918.3,19,36447.7,49002300.89999996
2025-08-01 10:44:52 AM,1918.3,1,1918.3,49004219.19999996
2025-08-01 10:45:23 AM,1918.3,21,40284.299999999996,49044503.499999955
2025-08-01 10:45:58 AM,1916.3,0,0.0,49044503.499999955
2025-08-01 10:46:00 AM,1916.3,2,3832.6,49048336.09999996
2025-08-01 10:46:21 AM,1917.1,0,0.0,49048336.09999996
2025-08-01 10:46:21 AM,1917.1,3,5751.299999999999,49054087.399999954
2025-08-01 10:47:05 AM,1916.4,0,0.0,49054087.399999954
2025-08-01 10:47:05 AM,1916.4,1,1916.4,49056003.79999995
2025-08-01 10:47:10 AM,1917.7,5,9588.5,49065592.29999995
2025-08-01 10:47:23 AM,1917.7,1,1917.7,49067509.999999955
2025-08-01 10:47:28 AM,1916.5,2,3833.0,49071342.999999955
2025-08-01 10:47:39 AM,1916.4,0,0.0,49071342.999999955
2025-08-01 10:47:39 AM,1916.4,2,3832.8,49075175.79999995
2025-08-01 10:47:45 AM,1916.4,6,11498.400000000001,49086674.19999995
2025-08-01 10:48:08 AM,1918.1,0,0.0,49086674.19999995
2025-08-01 10:48:09 AM,1918.1,8,15344.8,49102018.99999995
2025-08-01 10:48:45 AM,1917.8,0,0.0,49102018.99999995
2025-08-01 10:48:48 AM,1917.8,5,9589.0,49111607.99999995
2025-08-01 10:49:06 AM,1918.3,0,0.0,49111607.99999995
2025-08-01 10:49:06 AM,1918.3,18,34529.4,49146137.39999995
2025-08-01 10:50:27 AM,1916.5,6,11499.0,49157636.39999995
2025-08-01 10:50:37 AM,1916.5,1,1916.5,49159552.89999995
2025-08-01 10:50:48 AM,1916.5,1,1916.5,49161469.39999995
2025-08-01 10:51:22 AM,1916.4,0,0.0,49161469.39999995
2025-08-01 10:51:22 AM,1916.4,21,40244.4,49201713.799999945
2025-08-01 10:51:52 AM,1915.0,0,0.0,49201713.799999945
2025-08-01 10:51:55 AM,1915.0,31,59365.0,49261078.799999945
2025-08-01 10:52:11 AM,1915.0,24,45960.0,49307038.799999945
2025-08-01 10:52:27 AM,1915.0,10,19150.0,49326188.799999945
2025-08-01 10:52:40 AM,1914.0,0,0.0,49326188.799999945
2025-08-01 10:52:43 AM,1914.0,4,7656.0,49333844.799999945
2025-08-01 10:53:05 AM,1915.0,67,128305.0,49462149.799999945
2025-08-01 10:53:46 AM,1914.6,0,0.0,49462149.799999945
2025-08-01 10:53:47 AM,1914.6,41,78498.59999999999,49540648.39999995
2025-08-01 10:56:08 AM,1915.0,0,0.0,49540648.39999995
2025-08-01 10:56:10 AM,1915.0,2,3830.0,49544478.39999995
2025-08-01 10:56:36 AM,1916.5,0,0.0,49544478.39999995
2025-08-01 10:56:37 AM,1916.5,10,19165.0,49563643.39999995
2025-08-01 10:56:50 AM,1915.3,0,0.0,49563643.39999995
2025-08-01 10:56:53 AM,1915.3,2,3830.6,49567473.99999995
2025-08-01 10:58:00 AM,1919.8,0,0.0,49567473.99999995
2025-08-01 10:58:02 AM,1919.8,244,468431.2,50035905.19999995
2025-08-01 10:58:51 AM,1916.3,2,3832.6,50039737.79999995
2025-08-01 10:59:53 AM,1916.3,30,57489.0,50097226.79999995
2025-08-01 11:00:21 AM,1916.0,0,0.0,50097226.79999995
2025-08-01 11:00:22 AM,1916.0,10,19160.0,50116386.79999995
2025-08-01 11:00:38 AM,1916.0,1,1916.0,50118302.79999995
2025-08-01 11:01:39 AM,1915.3,0,0.0,50118302.79999995
2025-08-01 11:01:41 AM,1915.3,2,3830.6,50122133.399999954
2025-08-01 11:04:26 AM,1915.3,2,3830.6,50125963.999999955
2025-08-01 11:04:32 AM,1916.0,1,1916.0,50127879.999999955
2025-08-01 11:04:38 AM,1915.3,0,0.0,50127879.999999955
2025-08-01 11:04:40 AM,1915.3,50,95765.0,50223644.999999955
2025-08-01 11:04:44 AM,1916.0,0,0.0,50223644.999999955
2025-08-01 11:04:45 AM,1916.0,1,1916.0,50225560.999999955
2025-08-01 11:04:50 AM,1916.0,116,222256.0,50447816.999999955
2025-08-01 11:05:07 AM,1919.2,1,1919.2,50449736.19999996
2025-08-01 11:05:49 AM,1919.3,0,0.0,50449736.19999996
2025-08-01 11:05:50 AM,1919.3,101,193849.3,50643585.499999955
2025-08-01 11:05:58 AM,1919.5,0,0.0,50643585.499999955
2025-08-01 11:06:00 AM,1919.5,1,1919.5,50645504.999999955
2025-08-01 11:06:44 AM,1919.8,0,0.0,50645504.999999955
2025-08-01 11:06:47 AM,1919.8,1,1919.8,50647424.79999995
2025-08-01 11:06:53 AM,1919.8,1,1919.8,50649344.59999995
2025-08-01 11:06:59 AM,1920.9,0,0.0,50649344.59999995
2025-08-01 11:07:00 AM,1920.9,25,48022.5,50697367.09999995
2025-08-01 11:07:41 AM,1918.1,0,0.0,50697367.09999995
2025-08-01 11:07:41 AM,1918.1,29,55624.899999999994,50752991.99999995
2025-08-01 11:08:24 AM,1916.4,1,1916.4,50754908.39999995
2025-08-01 11:08:58 AM,1914.4,78,149323.2,50904231.59999995
2025-08-01 11:09:01 AM,1914.0,119,227766.0,51131997.59999995
2025-08-01 11:09:42 AM,1911.1,0,0.0,51131997.59999995
2025-08-01 11:09:42 AM,1911.1,1,1911.1,51133908.69999995
2025-08-01 11:10:01 AM,1912.2,32,61190.4,51195099.09999995
2025-08-01 11:10:02 AM,1913.0,0,0.0,51195099.09999995
2025-08-01 11:10:03 AM,1913.0,54,103302.0,51298401.09999995
2025-08-01 11:10:26 AM,1914.7,0,0.0,51298401.09999995
2025-08-01 11:10:28 AM,1914.7,2,3829.4,51302230.49999995
2025-08-01 11:10:36 AM,1912.8,0,0.0,51302230.49999995
2025-08-01 11:10:39 AM,1912.8,2,3825.6,51306056.09999995
2025-08-01 11:10:50 AM,1911.4,0,0.0,51306056.09999995
2025-08-01 11:10:50 AM,1911.4,51,97481.40000000001,51403537.49999995
2025-08-01 11:10:51 AM,1911.9,26,49709.4,51453246.89999995
2025-08-01 11:11:06 AM,1912.7,0,0.0,51453246.89999995
2025-08-01 11:11:07 AM,1912.7,30,57381.0,51510627.89999995
2025-08-01 11:11:22 AM,1913.0,0,0.0,51510627.89999995
2025-08-01 11:11:23 AM,1913.0,1,1913.0,51512540.89999995
2025-08-01 11:11:52 AM,1912.5,0,0.0,51512540.89999995
2025-08-01 11:11:55 AM,1912.5,6,11475.0,51524015.89999995
2025-08-01 11:15:20 AM,1912.5,2,3825.0,51527840.89999995
2025-08-01 11:16:33 AM,1912.5,3,5737.5,51533578.39999995
2025-08-01 11:17:23 AM,1912.5,50,95625.0,51629203.39999995
2025-08-01 11:17:23 AM,1914.7,0,0.0,51629203.39999995
2025-08-01 11:17:26 AM,1914.7,10,19147.0,51648350.39999995
2025-08-01 11:19:02 AM,1912.6,0,0.0,51648350.39999995
2025-08-01 11:19:06 AM,1912.6,2,3825.2,51652175.59999995
2025-08-01 11:19:12 AM,1911.3,45,86008.5,51738184.09999995
2025-08-01 11:19:37 AM,1911.2,0,0.0,51738184.09999995
2025-08-01 11:19:39 AM,1911.2,15,28668.0,51766852.09999995
2025-08-01 11:19:52 AM,1911.0,0,0.0,51766852.09999995
2025-08-01 11:19:55 AM,1911.0,1,1911.0,51768763.09999995
2025-08-01 11:20:16 AM,1911.0,10,19110.0,51787873.09999995
2025-08-01 11:20:57 AM,1911.0,3,5733.0,51793606.09999995
2025-08-01 11:21:35 AM,1910.0,0,0.0,51793606.09999995
2025-08-01 11:21:35 AM,1910.0,100,191000.0,51984606.09999995
2025-08-01 11:22:32 AM,1912.0,43,82216.0,52066822.09999995
2025-08-01 11:23:01 AM,1910.4,0,0.0,52066822.09999995
2025-08-01 11:23:03 AM,1910.4,50,95520.0,52162342.09999995
2025-08-01 11:24:51 AM,1912.6,0,0.0,52162342.09999995
2025-08-01 11:24:53 AM,1912.6,2,3825.2,52166167.29999995
2025-08-01 11:26:05 AM,1911.6,0,0.0,52166167.29999995
2025-08-01 11:26:06 AM,1911.6,2,3823.2,52169990.499999955
2025-08-01 11:27:49 AM,1914.4,0,0.0,52169990.499999955
2025-08-01 11:27:49 AM,1914.4,20,38288.0,52208278.499999955
2025-08-01 11:30:13 AM,1914.1,0,0.0,52208278.499999955
2025-08-01 11:30:13 AM,1914.1,5,9570.5,52217848.999999955
2025-08-01 11:30:51 AM,1913.5,0,0.0,52217848.999999955
2025-08-01 11:30:52 AM,1913.5,1,1913.5,52219762.499999955
2025-08-01 11:31:23 AM,1911.8,0,0.0,52219762.499999955
2025-08-01 11:31:23 AM,1911.8,1,1911.8,52221674.29999995
2025-08-01 11:31:31 AM,1914.8,0,0.0,52221674.29999995
2025-08-01 11:31:32 AM,1914.8,25,47870.0,52269544.29999995
2025-08-01 11:31:33 AM,1911.7,0,0.0,52269544.29999995
2025-08-01 11:31:34 AM,1911.7,24,45880.8,52315425.09999995
2025-08-01 11:32:10 AM,1911.4,0,0.0,52315425.09999995
2025-08-01 11:32:13 AM,1911.4,50,95570.0,52410995.09999995
2025-08-01 11:32:49 AM,1911.4,14,26759.600000000002,52437754.69999995
2025-08-01 11:33:26 AM,1911.5,0,0.0,52437754.69999995
2025-08-01 11:33:26 AM,1911.5,2,3823.0,52441577.69999995
2025-08-01 11:34:11 AM,1915.8,120,229896.0,52671473.69999995
2025-08-01 11:36:23 AM,1913.5,0,0.0,52671473.69999995
2025-08-01 11:36:27 AM,1913.5,6,11481.0,52682954.69999995
2025-08-01 11:37:00 AM,1913.9,0,0.0,52682954.69999995
2025-08-01 11:37:03 AM,1913.9,1,1913.9,52684868.59999995
2025-08-01 11:38:51 AM,1911.3,102,194952.6,52879821.19999995
2025-08-01 11:39:32 AM,1911.3,6,11467.8,52891288.99999995
2025-08-01 11:39:46 AM,1911.7,0,0.0,52891288.99999995
2025-08-01 11:39:48 AM,1911.7,10,19117.0,52910405.99999995
2025-08-01 11:40:59 AM,1911.7,5,9558.5,52919964.49999995
2025-08-01 11:42:46 AM,1910.4,0,0.0,52919964.49999995
2025-08-01 11:42:47 AM,1910.4,15,28656.0,52948620.49999995
2025-08-01 11:43:49 AM,1911.6,0,0.0,52948620.49999995
2025-08-01 11:43:50 AM,1911.6,1,1911.6,52950532.09999995
2025-08-01 11:44:12 AM,1910.0,146,278860.0,53229392.09999995
2025-08-01 11:44:36 AM,1909.6,1,1909.6,53231301.69999995
2025-08-01 11:44:54 AM,1908.1,0,0.0,53231301.69999995
2025-08-01 11:44:57 AM,1908.1,1,1908.1,53233209.79999995
2025-08-01 11:45:00 AM,1909.7,0,0.0,53233209.79999995
2025-08-01 11:45:02 AM,1909.7,4,7638.8,53240848.59999995
2025-08-01 11:45:17 AM,1909.8,0,0.0,53240848.59999995
2025-08-01 11:45:19 AM,1909.8,2,3819.6,53244668.19999995
2025-08-01 11:46:07 AM,1911.7,10,19117.0,53263785.19999995
2025-08-01 11:47:31 AM,1909.3,0,0.0,53263785.19999995
2025-08-01 11:47:31 AM,1909.3,10,19093.0,53282878.19999995
2025-08-01 11:49:37 AM,1910.5,0,0.0,53282878.19999995
2025-08-01 11:49:38 AM,1910.5,1,1910.5,53284788.69999995
2025-08-01 11:49:55 AM,1913.0,0,0.0,53284788.69999995
2025-08-01 11:49:59 AM,1913.0,49,93737.0,53378525.69999995
2025-08-01 11:52:25 AM,1911.1,0,0.0,53378525.69999995
2025-08-01 11:52:26 AM,1911.1,1,1911.1,53380436.79999995
2025-08-01 11:53:55 AM,1912.4,0,0.0,53380436.79999995
2025-08-01 11:53:56 AM,1912.4,2,3824.8,53384261.59999995
2025-08-01 11:58:40 AM,1910.0,0,0.0,53384261.59999995
2025-08-01 11:58:41 AM,1913.6,150,287040.0,53671301.59999995
2025-08-01 11:59:36 AM,1913.7,0,0.0,53671301.59999995
2025-08-01 11:59:38 AM,1913.7,1,1913.7,53673215.29999995
2025-08-01 12:01:09 PM,1914.0,0,0.0,53673215.29999995
2025-08-01 12:01:09 PM,1914.0,50,95700.0,53768915.29999995
2025-08-01 12:07:40 PM,1912.1,0,0.0,53768915.29999995
2025-08-01 12:07:42 PM,1912.1,1,1912.1,53770827.399999954
2025-08-01 12:09:54 PM,1912.2,0,0.0,53770827.399999954
2025-08-01 12:09:56 PM,1912.2,2,3824.4,53774651.79999995
2025-08-01 12:11:14 PM,1913.3,0,0.0,53774651.79999995
2025-08-01 12:11:16 PM,1911.2,0,0.0,53774651.79999995
2025-08-01 12:11:17 PM,1911.2,6,11467.2,53786118.999999955
2025-08-01 12:18:28 PM,1913.4,10,19134.0,53805252.999999955
2025-08-01 12:18:34 PM,1913.0,0,0.0,53805252.999999955
2025-08-01 12:18:38 PM,1913.0,85,162605.0,53967857.999999955
2025-08-01 12:19:58 PM,1911.2,0,0.0,53967857.999999955
2025-08-01 12:19:59 PM,1911.2,2,3822.4,53971680.399999954
2025-08-01 12:21:33 PM,1912.7,0,0.0,53971680.399999954
2025-08-01 12:21:35 PM,1912.7,20,38254.0,54009934.399999954
2025-08-01 12:21:47 PM,1909.7,0,0.0,54009934.399999954
2025-08-01 12:21:49 PM,1909.7,102,194789.4,54204723.79999995
2025-08-01 12:22:06 PM,1910.1,2,3820.2,54208543.999999955
2025-08-01 12:23:30 PM,1911.6,2,3823.2,54212367.19999996
2025-08-01 12:23:41 PM,1910.1,28,53482.799999999996,54265849.999999955
2025-08-01 12:26:09 PM,1911.6,0,0.0,54265849.999999955
2025-08-01 12:26:10 PM,1911.6,3,5734.799999999999,54271584.79999995
2025-08-01 12:28:30 PM,1910.1,2,3820.2,54275404.999999955
2025-08-01 12:30:33 PM,1910.1,1,1910.1,54277315.09999996
2025-08-01 12:31:28 PM,1910.1,2,3820.2,54281135.29999996
2025-08-01 12:32:26 PM,1911.3,0,0.0,54281135.29999996
2025-08-01 12:32:26 PM,1911.3,1,1911.3,54283046.59999996
2025-08-01 12:32:51 PM,1911.3,2,3822.6,54286869.19999996
2025-08-01 12:35:43 PM,1909.3,45,85918.5,54372787.69999996
2025-08-01 12:36:25 PM,1908.0,4,7632.0,54380419.69999996
2025-08-01 12:36:57 PM,1909.9,0,0.0,54380419.69999996
2025-08-01 12:37:01 PM,1909.9,2,3819.8,54384239.499999955
2025-08-01 12:38:25 PM,1910.1,0,0.0,54384239.499999955
2025-08-01 12:38:26 PM,1910.1,10,19101.0,54403340.499999955
2025-08-01 12:39:59 PM,1910.1,1,1910.1,54405250.59999996
2025-08-01 12:40:22 PM,1911.5,0,0.0,54405250.59999996
2025-08-01 12:40:25 PM,1911.5,32,61168.0,54466418.59999996
2025-08-01 12:40:54 PM,1912.8,0,0.0,54466418.59999996
2025-08-01 12:40:56 PM,1912.8,50,95640.0,54562058.59999996
2025-08-01 12:41:04 PM,1909.7,0,0.0,54562058.59999996
2025-08-01 12:41:07 PM,1909.7,16,30555.2,54592613.79999996
2025-08-01 12:43:11 PM,1909.7,11,21006.7,54613620.49999996
2025-08-01 12:45:20 PM,1909.7,2,3819.4,54617439.89999996
2025-08-01 12:48:08 PM,1908.1,0,0.0,54617439.89999996
2025-08-01 12:48:12 PM,1908.1,2,3816.2,54621256.099999964
2025-08-01 12:48:48 PM,1908.1,30,57243.0,54678499.099999964
2025-08-01 12:48:58 PM,1908.4,1,1908.4,54680407.49999996
2025-08-01 12:49:57 PM,1908.4,1,1908.4,54682315.89999996
2025-08-01 12:51:14 PM,1908.4,5,9542.0,54691857.89999996
2025-08-01 12:52:25 PM,1908.1,2,3816.2,54695674.099999964
2025-08-01 12:56:12 PM,1908.1,2,3816.2,54699490.29999997
2025-08-01 12:56:32 PM,1908.1,30,57243.0,54756733.29999997
2025-08-01 12:59:18 PM,1908.1,10,19081.0,54775814.29999997
2025-08-01 01:00:46 PM,1908.1,2,3816.2,54779630.49999997
2025-08-01 01:01:17 PM,1908.2,0,0.0,54779630.49999997
2025-08-01 01:01:19 PM,1908.2,5,9541.0,54789171.49999997
2025-08-01 01:01:19 PM,1908.2,14,26714.8,54815886.29999997
2025-08-01 01:04:02 PM,1908.2,2,3816.4,54819702.699999966
2025-08-01 01:04:09 PM,1908.1,0,0.0,54819702.699999966
2025-08-01 01:04:12 PM,1908.1,10,19081.0,54838783.699999966
2025-08-01 01:05:17 PM,1908.3,0,0.0,54838783.699999966
2025-08-01 01:05:17 PM,1908.3,1,1908.3,54840691.99999996
2025-08-01 01:05:33 PM,1908.8,0,0.0,54840691.99999996
2025-08-01 01:05:36 PM,1908.8,40,76352.0,54917043.99999996
2025-08-01 01:07:24 PM,1912.0,0,0.0,54917043.99999996
2025-08-01 01:07:25 PM,1912.0,31,59272.0,54976315.99999996
2025-08-01 01:08:52 PM,1913.9,25,47847.5,55024163.49999996
2025-08-01 01:10:52 PM,1913.8,20,38276.0,55062439.49999996
2025-08-01 01:11:47 PM,1912.1,1,1912.1,55064351.599999964
2025-08-01 01:12:28 PM,1911.2,20,38224.0,55102575.599999964
2025-08-01 01:13:28 PM,1912.1,0,0.0,55102575.599999964
2025-08-01 01:13:29 PM,1912.1,2,3824.2,55106399.79999997
2025-08-01 01:13:34 PM,1911.0,4,7644.0,55114043.79999997
2025-08-01 01:14:25 PM,1912.7,1,1912.7,55115956.49999997
2025-08-01 01:15:12 PM,1913.6,0,0.0,55115956.49999997
2025-08-01 01:15:14 PM,1913.6,15,28704.0,55144660.49999997
2025-08-01 01:23:52 PM,1913.2,0,0.0,55144660.49999997
2025-08-01 01:23:55 PM,1913.2,3,5739.6,55150400.09999997
2025-08-01 01:24:30 PM,1913.9,0,0.0,55150400.09999997
2025-08-01 01:24:33 PM,1913.9,10,19139.0,55169539.09999997
2025-08-01 01:25:05 PM,1913.6,0,0.0,55169539.09999997
2025-08-01 01:25:07 PM,1913.6,7,13395.199999999999,55182934.299999975
2025-08-01 01:27:03 PM,1913.7,0,0.0,55182934.299999975
2025-08-01 01:27:05 PM,1913.7,1,1913.7,55184847.99999998
2025-08-01 01:27:35 PM,1913.6,0,0.0,55184847.99999998
2025-08-01 01:27:39 PM,1913.6,1,1913.6,55186761.59999998
2025-08-01 01:27:49 PM,1911.7,0,0.0,55186761.59999998
2025-08-01 01:27:49 PM,1911.7,1,1911.7,55188673.29999998
2025-08-01 01:29:50 PM,1913.7,0,0.0,55188673.29999998
2025-08-01 01:29:53 PM,1913.7,5,9568.5,55198241.79999998
2025-08-01 01:31:00 PM,1913.8,0,0.0,55198241.79999998
2025-08-01 01:31:02 PM,1913.8,1,1913.8,55200155.59999998
2025-08-01 01:31:52 PM,1913.9,0,0.0,55200155.59999998
2025-08-01 01:31:53 PM,1913.9,10,19139.0,55219294.59999998
2025-08-01 01:32:40 PM,1912.0,0,0.0,55219294.59999998
2025-08-01 01:32:41 PM,1912.0,1,1912.0,55221206.59999998
2025-08-01 01:35:22 PM,1913.9,0,0.0,55221206.59999998
2025-08-01 01:35:25 PM,1913.9,15,28708.5,55249915.09999998
2025-08-01 01:37:02 PM,1914.0,50,95700.0,55345615.09999998
2025-08-01 01:37:56 PM,1914.0,5,9570.0,55355185.09999998
2025-08-01 01:38:45 PM,1913.0,0,0.0,55355185.09999998
2025-08-01 01:38:46 PM,1913.0,11,21043.0,55376228.09999998
2025-08-01 01:39:04 PM,1912.0,0,0.0,55376228.09999998
2025-08-01 01:39:07 PM,1912.0,50,95600.0,55471828.09999998
2025-08-01 01:40:54 PM,1913.7,0,0.0,55471828.09999998
2025-08-01 01:40:58 PM,1913.7,2,3827.4,55475655.49999998
2025-08-01 01:41:09 PM,1913.7,1,1913.7,55477569.19999998
2025-08-01 01:42:13 PM,1913.9,2,3827.8,55481396.99999998
2025-08-01 01:45:08 PM,1912.3,0,0.0,55481396.99999998
2025-08-01 01:45:11 PM,1912.3,5,9561.5,55490958.49999998
2025-08-01 01:46:19 PM,1912.3,1,1912.3,55492870.799999975
2025-08-01 01:46:40 PM,1913.0,0,0.0,55492870.799999975
2025-08-01 01:46:40 PM,1913.0,1,1913.0,55494783.799999975
2025-08-01 01:48:31 PM,1913.0,8,15304.0,55510087.799999975
2025-08-01 01:49:04 PM,1912.0,10,19120.0,55529207.799999975
2025-08-01 01:50:27 PM,1912.0,1,1912.0,55531119.799999975
2025-08-01 01:57:36 PM,1912.0,34,65008.0,55596127.799999975
2025-08-01 01:58:35 PM,1912.0,17,32504.0,55628631.799999975
2025-08-01 01:58:40 PM,1912.0,123,235176.0,55863807.799999975
2025-08-01 01:59:18 PM,1909.9,0,0.0,55863807.799999975
2025-08-01 01:59:20 PM,1909.9,4,7639.6,55871447.399999976
2025-08-01 02:00:06 PM,1911.0,1,1911.0,55873358.399999976
2025-08-01 02:04:10 PM,1909.3,0,0.0,55873358.399999976
2025-08-01 02:04:13 PM,1909.3,2,3818.6,55877176.99999998
2025-08-01 02:04:38 PM,1910.8,17,32483.6,55909660.59999998
2025-08-01 02:04:56 PM,1908.8,0,0.0,55909660.59999998
2025-08-01 02:04:59 PM,1908.8,2,3817.6,55913478.19999998
2025-08-01 02:05:47 PM,1908.9,0,0.0,55913478.19999998
2025-08-01 02:05:48 PM,1908.9,1,1908.9,55915387.09999998
2025-08-01 02:06:28 PM,1909.4,58,110745.20000000001,56026132.29999998
2025-08-01 02:06:50 PM,1910.0,0,0.0,56026132.29999998
2025-08-01 02:06:50 PM,1910.0,1,1910.0,56028042.29999998
2025-08-01 02:09:08 PM,1910.0,1,1910.0,56029952.29999998
2025-08-01 02:10:28 PM,1910.0,1,1910.0,56031862.29999998
2025-08-01 02:11:00 PM,1908.1,0,0.0,56031862.29999998
2025-08-01 02:11:03 PM,1908.1,185,352998.5,56384860.79999998
2025-08-01 02:11:53 PM,1909.7,0,0.0,56384860.79999998
2025-08-01 02:11:56 PM,1909.7,1,1909.7,56386770.499999985
2025-08-01 02:13:19 PM,1909.7,1,1909.7,56388680.19999999
2025-08-01 02:14:36 PM,1909.0,0,0.0,56388680.19999999
2025-08-01 02:14:37 PM,1909.0,5,9545.0,56398225.19999999
2025-08-01 02:15:10 PM,1909.0,1,1909.0,56400134.19999999
2025-08-01 02:17:22 PM,1910.6,0,0.0,56400134.19999999
2025-08-01 02:17:23 PM,1910.6,10,19106.0,56419240.19999999
2025-08-01 02:17:42 PM,1908.1,0,0.0,56419240.19999999
2025-08-01 02:17:43 PM,1908.1,100,190810.0,56610050.19999999
2025-08-01 02:20:02 PM,1909.6,2,3819.2,56613869.39999999
2025-08-01 02:21:28 PM,1909.1,0,0.0,56613869.39999999
2025-08-01 02:21:30 PM,1909.1,6,11454.599999999999,56625323.99999999
2025-08-01 02:21:31 PM,1907.0,0,0.0,56625323.99999999
2025-08-01 02:21:35 PM,1907.0,67,127769.0,56753092.99999999
2025-08-01 02:22:17 PM,1907.0,3,5721.0,56758813.99999999
2025-08-01 02:22:26 PM,1908.1,0,0.0,56758813.99999999
2025-08-01 02:22:28 PM,1908.1,2,3816.2,56762630.199999996
2025-08-01 02:22:44 PM,1904.9,0,0.0,56762630.199999996
2025-08-01 02:22:44 PM,1904.9,36,68576.40000000001,56831206.599999994
2025-08-01 02:22:46 PM,1904.0,0,0.0,56831206.599999994
2025-08-01 02:22:49 PM,1904.0,5,9520.0,56840726.599999994
2025-08-01 02:22:52 PM,1906.0,0,0.0,56840726.599999994
2025-08-01 02:22:55 PM,1906.0,4,7624.0,56848350.599999994
2025-08-01 02:23:05 PM,1906.0,7,13342.0,56861692.599999994
2025-08-01 02:23:21 PM,1908.0,0,0.0,56861692.599999994
2025-08-01 02:23:22 PM,1908.0,93,177444.0,57039136.599999994
2025-08-01 02:23:33 PM,1906.0,2,3812.0,57042948.599999994
2025-08-01 02:25:08 PM,1907.6,1,1907.6,57044856.199999996
2025-08-01 02:25:18 PM,1906.0,0,0.0,57044856.199999996
2025-08-01 02:25:18 PM,1906.0,10,19060.0,57063916.199999996
2025-08-01 02:25:29 PM,1905.8,58,110536.4,57174452.599999994
2025-08-01 02:25:52 PM,1905.6,0,0.0,57174452.599999994
2025-08-01 02:25:56 PM,1905.6,1,1905.6,57176358.199999996
2025-08-01 02:26:43 PM,1904.2,0,0.0,57176358.199999996
2025-08-01 02:26:43 PM,1904.2,1,1904.2,57178262.4
2025-08-01 02:26:46 PM,1905.7,0,0.0,57178262.4
2025-08-01 02:26:48 PM,1905.7,10,19057.0,57197319.4
2025-08-01 02:26:53 PM,1905.7,7,13339.9,57210659.3
2025-08-01 02:27:21 PM,1903.2,0,0.0,57210659.3
2025-08-01 02:27:21 PM,1903.2,50,95160.0,57305819.3
2025-08-01 02:28:04 PM,1903.2,50,95160.0,57400979.3
2025-08-01 02:28:21 PM,1902.1,80,152168.0,57553147.3
2025-08-01 02:29:43 PM,1902.4,0,0.0,57553147.3
2025-08-01 02:29:44 PM,1902.5,3,5707.5,57558854.8
2025-08-01 02:29:50 PM,1902.1,50,95105.0,57653959.8
2025-08-01 02:30:10 PM,1903.7,0,0.0,57653959.8
2025-08-01 02:30:12 PM,1903.7,3,5711.1,57659670.9
2025-08-01 02:30:45 PM,1903.7,5,9518.5,57669189.4
2025-08-01 02:31:49 PM,1903.7,10,19037.0,57688226.4
2025-08-01 02:32:32 PM,1903.7,13,24748.100000000002,57712974.5
2025-08-01 02:32:47 PM,1905.7,0,0.0,57712974.5
2025-08-01 02:32:48 PM,1905.7,30,57171.0,57770145.5
2025-08-01 02:33:49 PM,1905.6,2,3811.2,57773956.7
2025-08-01 02:34:13 PM,1905.7,0,0.0,57773956.7
2025-08-01 02:34:14 PM,1905.7,10,19057.0,57793013.7
2025-08-01 02:35:22 PM,1905.7,3,5717.1,57798730.800000004
2025-08-01 02:36:56 PM,1905.0,20,38100.0,57836830.800000004
2025-08-01 02:38:21 PM,1904.0,41,78064.0,57914894.800000004
2025-08-01 02:38:30 PM,1902.1,0,0.0,57914894.800000004
2025-08-01 02:38:33 PM,1902.1,2,3804.2,57918699.00000001
2025-08-01 02:39:01 PM,1900.8,0,0.0,57918699.00000001
2025-08-01 02:39:01 PM,1900.8,175,332640.0,58251339.00000001
2025-08-01 02:39:30 PM,1902.7,7,13318.9,58264657.900000006
2025-08-01 02:40:21 PM,1904.1,3,5712.299999999999,58270370.2
2025-08-01 02:40:26 PM,1904.1,1,1904.1,58272274.300000004
2025-08-01 02:40:42 PM,1904.1,25,47602.5,58319876.800000004
2025-08-01 02:42:22 PM,1904.9,0,0.0,58319876.800000004
2025-08-01 02:42:25 PM,1904.9,1,1904.9,58321781.7
2025-08-01 02:42:30 PM,1905.0,91,173355.0,58495136.7
2025-08-01 02:42:54 PM,1905.7,0,0.0,58495136.7
2025-08-01 02:42:56 PM,1905.7,1,1905.7,58497042.400000006
2025-08-01 02:44:52 PM,1905.7,10,19057.0,58516099.400000006
2025-08-01 02:45:59 PM,1905.7,15,28585.5,58544684.900000006
2025-08-01 02:46:10 PM,1905.7,2,3811.4,58548496.300000004
2025-08-01 02:46:29 PM,1904.0,16,30464.0,58578960.300000004
2025-08-01 02:46:45 PM,1903.8,1,1903.8,58580864.1
2025-08-01 02:46:50 PM,1900.1,234,444623.39999999997,59025487.5
2025-08-01 02:47:04 PM,1903.3,0,0.0,59025487.5
2025-08-01 02:47:06 PM,1903.3,12,22839.6,59048327.1
2025-08-01 02:47:12 PM,1904.9,0,0.0,59048327.1
2025-08-01 02:47:12 PM,1904.9,2,3809.8,59052136.9
2025-08-01 02:47:18 PM,1904.9,2,3809.8,59055946.699999996
2025-08-01 02:47:22 PM,1905.5,0,0.0,59055946.699999996
2025-08-01 02:47:23 PM,1905.5,4,7622.0,59063568.699999996
2025-08-01 02:47:28 PM,1903.6,0,0.0,59063568.699999996
2025-08-01 02:47:29 PM,1905.3,13,24768.899999999998,59088337.599999994
2025-08-01 02:47:42 PM,1905.2,0,0.0,59088337.599999994
2025-08-01 02:47:46 PM,1905.2,2,3810.4,59092147.99999999
2025-08-01 02:47:50 PM,1903.6,0,0.0,59092147.99999999
2025-08-01 02:47:52 PM,1903.6,10,19036.0,59111183.99999999
2025-08-01 02:48:00 PM,1905.2,0,0.0,59111183.99999999
2025-08-01 02:48:03 PM,1905.2,2,3810.4,59114994.39999999
2025-08-01 02:48:15 PM,1905.2,9,17146.8,59132141.19999999
2025-08-01 02:49:03 PM,1905.7,0,0.0,59132141.19999999
2025-08-01 02:49:05 PM,1905.7,117,222966.9,59355108.09999999
2025-08-01 02:49:15 PM,1909.1,0,0.0,59355108.09999999
2025-08-01 02:49:16 PM,1909.1,8,15272.8,59370380.89999998
2025-08-01 02:49:27 PM,1910.2,3,5730.6,59376111.499999985
2025-08-01 02:49:33 PM,1910.8,0,0.0,59376111.499999985
2025-08-01 02:49:33 PM,1910.8,2,3821.6,59379933.09999999
2025-08-01 02:49:44 PM,1911.7,4,7646.8,59387579.89999998
2025-08-01 02:49:53 PM,1911.0,0,0.0,59387579.89999998
2025-08-01 02:49:55 PM,1911.0,2,3822.0,59391401.89999998
2025-08-01 02:49:58 PM,1907.1,0,0.0,59391401.89999998
2025-08-01 02:50:00 PM,1907.1,80,152568.0,59543969.89999998
2025-08-01 02:50:07 PM,1909.7,7,13367.9,59557337.79999998
2025-08-01 02:50:08 PM,1907.0,0,0.0,59557337.79999998
2025-08-01 02:50:10 PM,1906.8,0,0.0,59557337.79999998
2025-08-01 02:50:12 PM,1906.8,10,19068.0,59576405.79999998
2025-08-01 02:50:44 PM,1909.3,1,1909.3,59578315.09999998
2025-08-01 02:50:55 PM,1909.5,3,5728.5,59584043.59999998
2025-08-01 02:51:53 PM,1909.9,0,0.0,59584043.59999998
2025-08-01 02:51:54 PM,1909.9,2,3819.8,59587863.399999976
2025-08-01 02:52:27 PM,1909.9,2,3819.8,59591683.19999997
2025-08-01 02:52:30 PM,1908.1,0,0.0,59591683.19999997
2025-08-01 02:52:32 PM,1908.1,5,9540.5,59601223.69999997
2025-08-01 02:54:25 PM,1908.0,0,0.0,59601223.69999997
2025-08-01 02:54:26 PM,1908.0,9,17172.0,59618395.69999997
2025-08-01 02:54:48 PM,1907.7,0,0.0,59618395.69999997
2025-08-01 02:54:50 PM,1907.7,1,1907.7,59620303.399999976
2025-08-01 02:57:03 PM,1906.0,0,0.0,59620303.399999976
2025-08-01 02:57:04 PM,1906.0,1,1906.0,59622209.399999976
2025-08-01 02:57:31 PM,1906.0,24,45744.0,59667953.399999976
2025-08-01 02:57:51 PM,1906.5,0,0.0,59667953.399999976
2025-08-01 02:57:53 PM,1906.5,1,1906.5,59669859.899999976
2025-08-01 02:58:03 PM,1906.0,0,0.0,59669859.899999976
2025-08-01 02:58:04 PM,1906.0,15,28590.0,59698449.899999976
2025-08-01 02:58:22 PM,1907.0,4,7628.0,59706077.899999976
2025-08-01 03:00:00 PM,1906.0,0,0.0,59706077.899999976
2025-08-01 03:00:03 PM,1906.6,9,17159.399999999998,59723237.299999975
2025-08-01 03:00:10 PM,1906.6,1,1906.6,59725143.899999976
2025-08-01 03:00:15 PM,1906.9,0,0.0,59725143.899999976
2025-08-01 03:00:16 PM,1906.9,1,1906.9,59727050.799999975
2025-08-01 03:00:27 PM,1906.0,0,0.0,59727050.799999975
2025-08-01 03:00:27 PM,1906.0,3,5718.0,59732768.799999975
2025-08-01 03:01:06 PM,1905.0,9,17145.0,59749913.799999975
2025-08-01 03:01:16 PM,1905.4,4,7621.6,59757535.399999976
2025-08-01 03:02:20 PM,1904.3,105,199951.5,59957486.899999976
2025-08-01 03:02:28 PM,1905.0,5,9525.0,59967011.899999976
2025-08-01 03:02:31 PM,1906.0,110,209660.0,60176671.899999976
2025-08-01 03:02:36 PM,1907.0,0,0.0,60176671.899999976
2025-08-01 03:02:38 PM,1905.3,6,11431.8,60188103.69999997
2025-08-01 03:02:47 PM,1907.0,3,5721.0,60193824.69999997
2025-08-01 03:02:50 PM,1903.1,100,190310.0,60384134.69999997
2025-08-01 03:02:56 PM,1905.8,1,1905.8,60386040.49999997
2025-08-01 03:03:24 PM,1906.4,1,1906.4,60387946.89999997
2025-08-01 03:03:42 PM,1907.0,3,5721.0,60393667.89999997
2025-08-01 03:03:54 PM,1906.5,0,0.0,60393667.89999997
2025-08-01 03:03:56 PM,1906.5,1,1906.5,60395574.39999997
2025-08-01 03:04:00 PM,1905.0,66,125730.0,60521304.39999997
2025-08-01 03:04:13 PM,1904.0,1,1904.0,60523208.39999997
2025-08-01 03:04:26 PM,1902.9,0,0.0,60523208.39999997
2025-08-01 03:04:28 PM,1902.9,1,1902.9,60525111.29999997
2025-08-01 03:05:07 PM,1904.0,2,3808.0,60528919.29999997
2025-08-01 03:05:11 PM,1904.6,1,1904.6,60530823.89999997
2025-08-01 03:05:55 PM,1901.9,20,38038.0,60568861.89999997
2025-08-01 03:06:03 PM,1903.0,0,0.0,60568861.89999997
2025-08-01 03:06:04 PM,1903.0,12,22836.0,60591697.89999997
2025-08-01 03:06:28 PM,1906.9,0,0.0,60591697.89999997
2025-08-01 03:06:29 PM,1906.9,243,463376.7,61055074.59999997
2025-08-01 03:06:37 PM,1907.0,0,0.0,61055074.59999997
2025-08-01 03:06:38 PM,1904.4,20,38088.0,61093162.59999997
2025-08-01 03:06:47 PM,1905.9,11,20964.9,61114127.49999997
2025-08-01 03:06:51 PM,1905.2,0,0.0,61114127.49999997
2025-08-01 03:06:51 PM,1905.2,1,1905.2,61116032.69999997
2025-08-01 03:07:03 PM,1906.9,0,0.0,61116032.69999997
2025-08-01 03:07:03 PM,1906.9,2,3813.8,61119846.49999997
2025-08-01 03:07:05 PM,1907.0,0,0.0,61119846.49999997
2025-08-01 03:07:06 PM,1907.0,74,141118.0,61260964.49999997
2025-08-01 03:07:37 PM,1908.9,1,1908.9,61262873.39999997
2025-08-01 03:08:11 PM,1908.0,2,3816.0,61266689.39999997
2025-08-01 03:08:36 PM,1908.0,3,5724.0,61272413.39999997
2025-08-01 03:09:15 PM,1904.2,763,1452904.6,62725317.99999997
2025-08-01 03:09:35 PM,1902.7,1,1902.7,62727220.69999997
2025-08-01 03:09:54 PM,1907.1,72,137311.19999999998,62864531.899999976
2025-08-01 03:09:56 PM,1907.0,4,7628.0,62872159.899999976
2025-08-01 03:10:00 PM,1904.5,0,0.0,62872159.899999976
2025-08-01 03:10:01 PM,1905.7,3,5717.1,62877876.99999998
2025-08-01 03:10:03 PM,1905.7,2,3811.4,62881688.399999976
2025-08-01 03:10:08 PM,1904.9,6,11429.400000000001,62893117.799999975
2025-08-01 03:10:15 PM,1904.5,2,3809.0,62896926.799999975
2025-08-01 03:10:18 PM,1904.5,1,1904.5,62898831.299999975
2025-08-01 03:10:22 PM,1905.4,2,3810.8,62902642.09999997
2025-08-01 03:10:39 PM,1904.4,0,0.0,62902642.09999997
2025-08-01 03:10:42 PM,1904.5,36,68562.0,62971204.09999997
2025-08-01 03:11:01 PM,1904.5,3,5713.5,62976917.59999997
2025-08-01 03:11:14 PM,1904.9,10,19049.0,62995966.59999997
2025-08-01 03:11:27 PM,1902.7,2,3805.4,62999771.99999997
2025-08-01 03:11:32 PM,1904.6,0,0.0,62999771.99999997
2025-08-01 03:11:33 PM,1904.6,6,11427.599999999999,63011199.59999997
2025-08-01 03:11:40 PM,1904.6,2,3809.2,63015008.799999975
2025-08-01 03:11:59 PM,1903.0,100,190300.0,63205308.799999975
2025-08-01 03:12:21 PM,1904.7,3,5714.1,63211022.899999976
2025-08-01 03:12:27 PM,1903.0,3,5709.0,63216731.899999976
2025-08-01 03:12:31 PM,1903.0,35,66605.0,63283336.899999976
2025-08-01 03:12:51 PM,1903.0,5,9515.0,63292851.899999976
2025-08-01 03:12:54 PM,1903.1,6,11418.599999999999,63304270.49999998
2025-08-01 03:13:00 PM,1903.1,73,138926.3,63443196.799999975
2025-08-01 03:13:04 PM,1903.1,1,1903.1,63445099.899999976
2025-08-01 03:13:07 PM,1903.0,31,58993.0,63504092.899999976
2025-08-01 03:13:20 PM,1903.0,10,19030.0,63523122.899999976
2025-08-01 03:13:21 PM,1903.1,0,0.0,63523122.899999976
2025-08-01 03:13:23 PM,1903.1,3,5709.299999999999,63528832.19999997
2025-08-01 03:13:41 PM,1904.5,3,5713.5,63534545.69999997
2025-08-01 03:13:56 PM,1903.0,21,39963.0,63574508.69999997
2025-08-01 03:14:21 PM,1903.1,3,5709.299999999999,63580217.99999997
2025-08-01 03:14:36 PM,1903.0,32,60896.0,63641113.99999997
2025-08-01 03:14:39 PM,1903.1,1,1903.1,63643017.09999997
2025-08-01 03:14:53 PM,1903.0,0,0.0,63643017.09999997
2025-08-01 03:14:54 PM,1902.3,37,70385.09999999999,63713402.19999997
2025-08-01 03:14:57 PM,1902.9,1,1902.9,63715305.09999997
2025-08-01 03:14:59 PM,1902.3,0,0.0,63715305.09999997
2025-08-01 03:15:00 PM,1903.0,33,62799.0,63778104.09999997
2025-08-01 03:15:04 PM,1902.3,142,270126.6,64048230.69999997
2025-08-01 03:15:07 PM,1903.9,7,13327.300000000001,64061557.99999997
2025-08-01 03:15:07 PM,1900.0,0,0.0,64061557.99999997
2025-08-01 03:15:12 PM,1900.5,405,769702.5,64831260.49999997
2025-08-01 03:15:15 PM,1899.1,0,0.0,64831260.49999997
2025-08-01 03:15:19 PM,1899.1,218,414003.8,65245264.29999997
2025-08-01 03:15:26 PM,1900.5,5,9502.5,65254766.79999997
2025-08-01 03:15:35 PM,1903.8,0,0.0,65254766.79999997
2025-08-01 03:15:36 PM,1903.8,70,133266.0,65388032.79999997
2025-08-01 03:15:40 PM,1903.1,0,0.0,65388032.79999997
2025-08-01 03:15:41 PM,1903.1,3,5709.299999999999,65393742.099999964
2025-08-01 03:16:03 PM,1900.0,50,95000.0,65488742.099999964
2025-08-01 03:16:10 PM,1902.7,1,1902.7,65490644.79999997
2025-08-01 03:16:12 PM,1900.0,10,19000.0,65509644.79999997
2025-08-01 03:16:18 PM,1902.1,1,1902.1,65511546.89999997
2025-08-01 03:16:20 PM,1902.0,0,0.0,65511546.89999997
2025-08-01 03:16:24 PM,1902.0,3,5706.0,65517252.89999997
2025-08-01 03:16:38 PM,1899.0,42,79758.0,65597010.89999997
2025-08-01 03:16:40 PM,1900.6,0,0.0,65597010.89999997
2025-08-01 03:16:44 PM,1900.6,3,5701.799999999999,65602712.699999966
2025-08-01 03:16:51 PM,1900.2,1,1900.2,65604612.89999997
2025-08-01 03:17:00 PM,1900.5,0,0.0,65604612.89999997
2025-08-01 03:17:04 PM,1900.2,5,9501.0,65614113.89999997
2025-08-01 03:17:10 PM,1900.0,0,0.0,65614113.89999997
2025-08-01 03:17:11 PM,1900.0,32,60800.0,65674913.89999997
2025-08-01 03:17:18 PM,1899.4,94,178543.6,65853457.49999997
2025-08-01 03:17:24 PM,1899.6,9,17096.399999999998,65870553.89999997
2025-08-01 03:17:31 PM,1899.3,1,1899.3,65872453.199999966
2025-08-01 03:17:43 PM,1908.8,0,0.0,65872453.199999966
2025-08-01 03:17:44 PM,1908.8,1478,2821206.4,68693659.59999996
2025-08-01 03:18:08 PM,1905.7,0,0.0,68693659.59999996
2025-08-01 03:18:10 PM,1898.7,609,1156308.3,69849967.89999996
2025-08-01 03:18:12 PM,1898.9,52,98742.8,69948710.69999996
2025-08-01 03:18:17 PM,1899.2,14,26588.8,69975299.49999996
2025-08-01 03:18:19 PM,1898.9,8,15191.2,69990490.69999996
2025-08-01 03:18:20 PM,1902.8,0,0.0,69990490.69999996
2025-08-01 03:18:24 PM,1902.8,3,5708.4,69996199.09999996
2025-08-01 03:18:25 PM,1902.1,2,3804.2,70000003.29999997
2025-08-01 03:18:49 PM,1899.5,0,0.0,70000003.29999997
2025-08-01 03:18:49 PM,1899.5,12,22794.0,70022797.29999997
2025-08-01 03:19:02 PM,1900.7,3,5702.1,70028499.39999996
2025-08-01 03:19:03 PM,1899.8,0,0.0,70028499.39999996
2025-08-01 03:19:05 PM,1899.8,5,9499.0,70037998.39999996
2025-08-01 03:19:42 PM,1902.7,7,13318.9,70051317.29999997
2025-08-01 03:19:55 PM,1900.0,4,7600.0,70058917.29999997
2025-08-01 03:20:08 PM,1902.3,0,0.0,70058917.29999997
2025-08-01 03:20:09 PM,1902.3,1,1902.3,70060819.59999996
2025-08-01 03:20:12 PM,1902.3,3,5706.9,70066526.49999997
2025-08-01 03:20:24 PM,1902.3,25,47557.5,70114083.99999997
2025-08-01 03:20:24 PM,1901.2,0,0.0,70114083.99999997
2025-08-01 03:20:26 PM,1901.2,6,11407.2,70125491.19999997
2025-08-01 03:20:31 PM,1902.3,1,1902.3,70127393.49999997
2025-08-01 03:20:40 PM,1901.2,7,13308.4,70140701.89999998
2025-08-01 03:20:51 PM,1902.2,0,0.0,70140701.89999998
2025-08-01 03:20:51 PM,1902.2,12,22826.4,70163528.29999998
2025-08-01 03:21:00 PM,1900.3,6,11401.8,70174930.09999998
2025-08-01 03:21:28 PM,1902.0,46,87492.0,70262422.09999998
2025-08-01 03:21:30 PM,1900.3,0,0.0,70262422.09999998
2025-08-01 03:21:33 PM,1900.3,2,3800.6,70266222.69999997
2025-08-01 03:21:39 PM,1900.0,0,0.0,70266222.69999997
2025-08-01 03:21:40 PM,1900.2,14,26602.8,70292825.49999997
2025-08-01 03:22:06 PM,1900.1,7,13300.699999999999,70306126.19999997
2025-08-01 03:22:20 PM,1902.0,2,3804.0,70309930.19999997
2025-08-01 03:22:34 PM,1902.0,1,1902.0,70311832.19999997
2025-08-01 03:22:37 PM,1900.2,0,0.0,70311832.19999997
2025-08-01 03:22:40 PM,1900.2,10,19002.0,70330834.19999997
2025-08-01 03:22:42 PM,1900.0,8,15200.0,70346034.19999997
2025-08-01 03:22:47 PM,1898.7,0,0.0,70346034.19999997
2025-08-01 03:22:47 PM,1898.7,10,18987.0,70365021.19999997
2025-08-01 03:22:49 PM,1898.0,57,108186.0,70473207.19999997
2025-08-01 03:23:00 PM,1899.9,23,43697.700000000004,70516904.89999998
2025-08-01 03:23:07 PM,1899.9,9,17099.100000000002,70534003.99999997
2025-08-01 03:23:34 PM,1898.0,10,18980.0,70552983.99999997
2025-08-01 03:23:40 PM,1899.6,2,3799.2,70556783.19999997
2025-08-01 03:23:44 PM,1898.0,0,0.0,70556783.19999997
2025-08-01 03:23:46 PM,1898.0,25,47450.0,70604233.19999997
2025-08-01 03:24:13 PM,1899.4,0,0.0,70604233.19999997
2025-08-01 03:24:13 PM,1899.4,1,1899.4,70606132.59999998
2025-08-01 03:24:20 PM,1899.4,3,5698.200000000001,70611830.79999998
2025-08-01 03:24:27 PM,1898.0,2,3796.0,70615626.79999998
2025-08-01 03:24:29 PM,1898.0,45,85410.0,70701036.79999998
2025-08-01 03:24:35 PM,1899.4,7,13295.800000000001,70714332.59999998
2025-08-01 03:25:00 PM,1899.4,12,22792.800000000003,70737125.39999998
2025-08-01 03:25:13 PM,1898.0,25,47450.0,70784575.39999998
2025-08-01 03:25:20 PM,1899.2,4,7596.8,70792172.19999997
2025-08-01 03:25:41 PM,1899.2,3,5697.6,70797869.79999997
2025-08-01 03:25:43 PM,1899.0,0,0.0,70797869.79999997
2025-08-01 03:25:46 PM,1899.0,3,5697.0,70803566.79999997
2025-08-01 03:25:54 PM,1899.0,5,9495.0,70813061.79999997
2025-08-01 03:26:03 PM,1898.0,0,0.0,70813061.79999997
2025-08-01 03:26:05 PM,1898.0,15,28470.0,70841531.79999997
2025-08-01 03:26:12 PM,1899.0,76,144324.0,70985855.79999997
2025-08-01 03:26:20 PM,1899.0,2,3798.0,70989653.79999997
2025-08-01 03:26:26 PM,1898.8,5,9494.0,70999147.79999997
2025-08-01 03:26:32 PM,1898.6,3,5695.799999999999,71004843.59999996
2025-08-01 03:26:34 PM,1898.6,2,3797.2,71008640.79999997
2025-08-01 03:26:37 PM,1898.5,0,0.0,71008640.79999997
2025-08-01 03:26:39 PM,1898.5,41,77838.5,71086479.29999997
2025-08-01 03:26:47 PM,1898.4,2,3796.8,71090276.09999996
2025-08-01 03:26:52 PM,1898.3,9,17084.7,71107360.79999997
2025-08-01 03:26:54 PM,1898.3,1,1898.3,71109259.09999996
2025-08-01 03:27:03 PM,1898.2,0,0.0,71109259.09999996
2025-08-01 03:27:05 PM,1898.2,45,85419.0,71194678.09999996
2025-08-01 03:27:14 PM,1898.0,19,36062.0,71230740.09999996
2025-08-01 03:27:19 PM,1898.0,2,3796.0,71234536.09999996
2025-08-01 03:27:21 PM,1898.0,10,18980.0,71253516.09999996
2025-08-01 03:27:26 PM,1898.0,2,3796.0,71257312.09999996
2025-08-01 03:27:28 PM,1898.0,50,94900.0,71352212.09999996
2025-08-01 03:27:41 PM,1898.0,150,284700.0,71636912.09999996
2025-08-01 03:27:48 PM,1898.0,2,3796.0,71640708.09999996
2025-08-01 03:27:49 PM,1898.1,0,0.0,71640708.09999996
2025-08-01 03:27:50 PM,1898.1,2,3796.2,71644504.29999997
2025-08-01 03:28:01 PM,1900.0,186,353400.0,71997904.29999997
2025-08-01 03:28:05 PM,1899.0,0,0.0,71997904.29999997
2025-08-01 03:28:08 PM,1899.0,107,203193.0,72201097.29999997
2025-08-01 03:28:10 PM,1905.8,54,102913.2,72304010.49999997
2025-08-01 03:28:48 PM,1898.1,0,0.0,72304010.49999997
2025-08-01 03:28:50 PM,1898.1,14,26573.399999999998,72330583.89999998
2025-08-01 03:28:58 PM,1898.1,1,1898.1,72332481.99999997
2025-08-01 03:29:03 PM,1895.0,0,0.0,72332481.99999997
2025-08-01 03:29:03 PM,1895.0,100,189500.0,72521981.99999997
2025-08-01 03:29:06 PM,1895.0,23,43585.0,72565566.99999997
2025-08-01 03:29:08 PM,1897.6,0,0.0,72565566.99999997
2025-08-01 03:29:12 PM,1897.6,13,24668.8,72590235.79999997
2025-08-01 03:29:14 PM,1895.7,1,1895.7,72592131.49999997
2025-08-01 03:29:44 PM,1896.7,0,0.0,72592131.49999997
2025-08-01 03:29:45 PM,1896.7,16,30347.2,72622478.69999997
2025-08-01 03:29:52 PM,1896.7,6,11380.2,72633858.89999998
2025-08-01 03:29:59 PM,1896.0,1,1896.0,72635754.89999998
