date,price,qty,trnvr,cum_trnvr
2025-08-01 09:15:01 AM,2186.0,1863,4072518.0,4072518.0
2025-08-01 09:15:02 AM,2188.1,0,0.0,4072518.0
2025-08-01 09:15:02 AM,2183.8,0,0.0,4072518.0
2025-08-01 09:15:03 AM,2183.5,695,1517532.5,5590050.5
2025-08-01 09:15:11 AM,2172.9,0,0.0,5590050.5
2025-08-01 09:15:13 AM,2170.0,3045,6607650.0,12197700.5
2025-08-01 09:15:15 AM,2170.0,30,65100.0,12262800.5
2025-08-01 09:15:20 AM,2163.8,0,0.0,12262800.5
2025-08-01 09:15:21 AM,2164.7,0,0.0,12262800.5
2025-08-01 09:15:23 AM,2163.0,574,1241562.0,13504362.5
2025-08-01 09:15:27 AM,2166.8,0,0.0,13504362.5
2025-08-01 09:15:31 AM,2172.1,0,0.0,13504362.5
2025-08-01 09:15:32 AM,2172.1,1252,2719469.1999999997,16223831.7
2025-08-01 09:15:33 AM,2171.9,261,566865.9,16790697.599999998
2025-08-01 09:15:39 AM,2171.8,0,0.0,16790697.599999998
2025-08-01 09:15:40 AM,2173.0,599,1301627.0,18092324.599999998
2025-08-01 09:15:42 AM,2173.0,57,123861.0,18216185.599999998
2025-08-01 09:15:43 AM,2175.0,0,0.0,18216185.599999998
2025-08-01 09:15:47 AM,2173.0,0,0.0,18216185.599999998
2025-08-01 09:15:48 AM,2173.0,738,1603674.0,19819859.599999998
2025-08-01 09:15:50 AM,2171.6,1997,4336685.2,24156544.799999997
2025-08-01 09:15:52 AM,2170.0,0,0.0,24156544.799999997
2025-08-01 09:15:55 AM,2172.6,0,0.0,24156544.799999997
2025-08-01 09:15:56 AM,2168.1,347,752330.7,24908875.499999996
2025-08-01 09:16:02 AM,2153.3,0,0.0,24908875.499999996
2025-08-01 09:16:04 AM,2151.2,0,0.0,24908875.499999996
2025-08-01 09:16:05 AM,2156.8,4384,9455411.200000001,34364286.699999996
2025-08-01 09:16:06 AM,2154.1,96,206793.59999999998,34571080.3
2025-08-01 09:16:09 AM,2144.1,0,0.0,34571080.3
2025-08-01 09:16:13 AM,2148.2,939,2017159.7999999998,36588240.099999994
2025-08-01 09:16:14 AM,2148.6,160,343776.0,36932016.099999994
2025-08-01 09:16:18 AM,2148.3,0,0.0,36932016.099999994
2025-08-01 09:16:21 AM,2148.1,784,1684110.4,38616126.49999999
2025-08-01 09:16:23 AM,2146.4,851,1826586.4000000001,40442712.89999999
2025-08-01 09:16:28 AM,2145.6,0,0.0,40442712.89999999
2025-08-01 09:16:29 AM,2145.6,234,502070.39999999997,40944783.29999999
2025-08-01 09:16:31 AM,2146.0,398,854108.0,41798891.29999999
2025-08-01 09:16:36 AM,2147.1,0,0.0,41798891.29999999
2025-08-01 09:16:38 AM,2147.0,172,369284.0,42168175.29999999
2025-08-01 09:16:38 AM,2146.1,0,0.0,42168175.29999999
2025-08-01 09:16:39 AM,2148.3,66,141787.80000000002,42309963.09999999
2025-08-01 09:16:46 AM,2154.0,891,1919214.0,44229177.09999999
2025-08-01 09:16:46 AM,2157.8,0,0.0,44229177.09999999
2025-08-01 09:16:47 AM,2159.9,259,559414.1,44788591.19999999
2025-08-01 09:16:48 AM,2157.9,0,0.0,44788591.19999999
2025-08-01 09:16:54 AM,2157.9,651,1404792.9000000001,46193384.09999999
2025-08-01 09:16:56 AM,2160.2,96,207379.19999999998,46400763.29999999
2025-08-01 09:17:00 AM,2160.8,0,0.0,46400763.29999999
2025-08-01 09:17:01 AM,2160.8,185,399748.00000000006,46800511.29999999
2025-08-01 09:17:02 AM,2159.4,12,25912.800000000003,46826424.09999999
2025-08-01 09:17:02 AM,2160.0,100,216000.0,47042424.09999999
2025-08-01 09:17:05 AM,2159.5,55,118772.5,47161196.59999999
2025-08-01 09:17:05 AM,2158.4,0,0.0,47161196.59999999
2025-08-01 09:17:06 AM,2158.4,5,10792.0,47171988.59999999
2025-08-01 09:17:06 AM,2159.5,20,43190.0,47215178.59999999
2025-08-01 09:17:12 AM,2159.4,5,10797.0,47225975.59999999
2025-08-01 09:17:12 AM,2158.1,0,0.0,47225975.59999999
2025-08-01 09:17:13 AM,2158.1,65,140276.5,47366252.09999999
2025-08-01 09:17:13 AM,2159.4,18,38869.200000000004,47405121.29999999
2025-08-01 09:17:13 AM,2158.1,0,0.0,47405121.29999999
2025-08-01 09:17:14 AM,2158.1,8,17264.8,47422386.09999999
2025-08-01 09:17:14 AM,2159.5,0,0.0,47422386.09999999
2025-08-01 09:17:15 AM,2159.5,10,21595.0,47443981.09999999
2025-08-01 09:17:16 AM,2159.4,1,2159.4,47446140.499999985
2025-08-01 09:17:16 AM,2157.9,0,0.0,47446140.499999985
2025-08-01 09:17:17 AM,2157.9,73,157526.7,47603667.19999999
2025-08-01 09:17:18 AM,2158.9,13,28065.7,47631732.89999999
2025-08-01 09:17:19 AM,2159.0,22,47498.0,47679230.89999999
2025-08-01 09:17:21 AM,2158.6,0,0.0,47679230.89999999
2025-08-01 09:17:21 AM,2158.6,88,189956.8,47869187.69999999
2025-08-01 09:17:23 AM,2157.8,0,0.0,47869187.69999999
2025-08-01 09:17:24 AM,2157.8,30,64734.00000000001,47933921.69999999
2025-08-01 09:17:25 AM,2158.0,0,0.0,47933921.69999999
2025-08-01 09:17:25 AM,2155.9,0,0.0,47933921.69999999
2025-08-01 09:17:26 AM,2155.9,32,68988.8,48002910.499999985
2025-08-01 09:17:29 AM,2155.9,10,21559.0,48024469.499999985
2025-08-01 09:17:29 AM,2160.2,0,0.0,48024469.499999985
2025-08-01 09:17:29 AM,2160.2,455,982890.9999999999,49007360.499999985
2025-08-01 09:17:30 AM,2159.9,20,43198.0,49050558.499999985
2025-08-01 09:17:32 AM,2161.9,0,0.0,49050558.499999985
2025-08-01 09:17:33 AM,2161.9,10,21619.0,49072177.499999985
2025-08-01 09:17:36 AM,2160.0,0,0.0,49072177.499999985
2025-08-01 09:17:37 AM,2160.0,2,4320.0,49076497.499999985
2025-08-01 09:17:37 AM,2158.1,0,0.0,49076497.499999985
2025-08-01 09:17:38 AM,2158.1,343,740228.2999999999,49816725.79999998
2025-08-01 09:17:39 AM,2160.3,0,0.0,49816725.79999998
2025-08-01 09:17:40 AM,2160.3,70,151221.0,49967946.79999998
2025-08-01 09:17:41 AM,2159.9,15,32398.5,50000345.29999998
2025-08-01 09:17:42 AM,2159.9,10,21599.0,50021944.29999998
2025-08-01 09:17:44 AM,2158.1,52,112221.2,50134165.499999985
2025-08-01 09:17:44 AM,2159.4,0,0.0,50134165.499999985
2025-08-01 09:17:45 AM,2159.5,92,198674.0,50332839.499999985
2025-08-01 09:17:45 AM,2158.2,0,0.0,50332839.499999985
2025-08-01 09:17:46 AM,2158.2,5,10791.0,50343630.499999985
2025-08-01 09:17:54 AM,2158.2,100,215819.99999999997,50559450.499999985
2025-08-01 09:17:55 AM,2161.0,91,196651.0,50756101.499999985
2025-08-01 09:17:58 AM,2161.8,0,0.0,50756101.499999985
2025-08-01 09:17:58 AM,2161.8,48,103766.40000000001,50859867.89999998
2025-08-01 09:17:59 AM,2160.0,48,103680.0,50963547.89999998
2025-08-01 09:18:00 AM,2160.3,0,0.0,50963547.89999998
2025-08-01 09:18:01 AM,2161.0,207,447327.0,51410874.89999998
2025-08-01 09:18:06 AM,2164.7,0,0.0,51410874.89999998
2025-08-01 09:18:09 AM,2166.3,740,1603062.0000000002,53013936.89999998
2025-08-01 09:18:10 AM,2166.3,56,121312.80000000002,53135249.69999998
2025-08-01 09:18:12 AM,2168.1,0,0.0,53135249.69999998
2025-08-01 09:18:14 AM,2170.0,0,0.0,53135249.69999998
2025-08-01 09:18:17 AM,2171.7,725,1574482.4999999998,54709732.19999998
2025-08-01 09:18:18 AM,2172.4,314,682133.6,55391865.79999998
2025-08-01 09:18:20 AM,2173.3,0,0.0,55391865.79999998
2025-08-01 09:18:25 AM,2170.4,399,865989.6000000001,56257855.39999998
2025-08-01 09:18:26 AM,2166.1,292,632501.2,56890356.59999999
2025-08-01 09:18:28 AM,2168.1,0,0.0,56890356.59999999
2025-08-01 09:18:30 AM,2169.8,0,0.0,56890356.59999999
2025-08-01 09:18:33 AM,2168.0,170,368560.0,57258916.59999999
2025-08-01 09:18:35 AM,2170.0,55,119350.0,57378266.59999999
2025-08-01 09:18:36 AM,2168.6,0,0.0,57378266.59999999
2025-08-01 09:18:38 AM,2168.2,0,0.0,57378266.59999999
2025-08-01 09:18:41 AM,2168.2,84,182128.8,57560395.39999998
2025-08-01 09:18:43 AM,2170.9,40,86836.0,57647231.39999998
2025-08-01 09:18:50 AM,2170.9,17,36905.3,57684136.69999998
2025-08-01 09:18:52 AM,2171.0,0,0.0,57684136.69999998
2025-08-01 09:18:54 AM,2170.0,0,0.0,57684136.69999998
2025-08-01 09:18:58 AM,2168.3,172,372947.60000000003,58057084.29999998
2025-08-01 09:18:59 AM,2167.0,160,346720.0,58403804.29999998
2025-08-01 09:19:00 AM,2168.3,0,0.0,58403804.29999998
2025-08-01 09:19:06 AM,2170.0,501,1087170.0,59490974.29999998
2025-08-01 09:19:07 AM,2173.1,393,854028.2999999999,60345002.59999998
2025-08-01 09:19:08 AM,2172.5,0,0.0,60345002.59999998
2025-08-01 09:19:10 AM,2171.1,0,0.0,60345002.59999998
2025-08-01 09:19:14 AM,2175.0,453,985275.0,61330277.59999998
2025-08-01 09:19:15 AM,2171.4,243,527650.2000000001,61857927.79999998
2025-08-01 09:19:16 AM,2171.5,0,0.0,61857927.79999998
2025-08-01 09:19:18 AM,2172.1,0,0.0,61857927.79999998
2025-08-01 09:19:22 AM,2172.1,60,130326.0,61988253.79999998
2025-08-01 09:19:23 AM,2173.4,100,217340.0,62205593.79999998
2025-08-01 09:19:30 AM,2171.2,124,269228.8,62474822.59999998
2025-08-01 09:19:38 AM,2171.0,5,10855.0,62485677.59999998
2025-08-01 09:19:40 AM,2169.3,46,99787.8,62585465.399999976
2025-08-01 09:19:41 AM,2171.1,0,0.0,62585465.399999976
2025-08-01 09:19:46 AM,2169.4,1226,2659684.4,65245149.799999975
2025-08-01 09:19:48 AM,2170.0,52,112840.0,65357989.799999975
2025-08-01 09:19:54 AM,2169.9,57,123684.3,65481674.09999997
2025-08-01 09:20:02 AM,2167.8,169,366358.2,65848032.299999975
2025-08-01 09:20:04 AM,2167.9,10,21679.0,65869711.299999975
2025-08-01 09:20:09 AM,2165.6,0,0.0,65869711.299999975
2025-08-01 09:20:10 AM,2162.7,162,350357.39999999997,66220068.69999997
2025-08-01 09:20:10 AM,2162.1,0,0.0,66220068.69999997
2025-08-01 09:20:12 AM,2162.1,23,49728.299999999996,66269796.99999997
2025-08-01 09:20:16 AM,2163.1,0,0.0,66269796.99999997
2025-08-01 09:20:18 AM,2160.8,346,747636.8,67017433.79999997
2025-08-01 09:20:20 AM,2162.4,25,54060.0,67071493.79999997
2025-08-01 09:20:23 AM,2160.0,0,0.0,67071493.79999997
2025-08-01 09:20:26 AM,2160.0,1037,2239920.0,69311413.79999997
2025-08-01 09:20:30 AM,2160.7,0,0.0,69311413.79999997
2025-08-01 09:20:34 AM,2160.0,182,393120.0,69704533.79999997
2025-08-01 09:20:35 AM,2160.6,5,10803.0,69715336.79999997
2025-08-01 09:20:37 AM,2160.0,0,0.0,69715336.79999997
2025-08-01 09:20:42 AM,2160.0,166,358560.0,70073896.79999997
2025-08-01 09:20:43 AM,2160.0,15,32400.0,70106296.79999997
2025-08-01 09:20:49 AM,2159.3,384,829171.2000000001,70935467.99999997
2025-08-01 09:20:51 AM,2159.3,200,431860.00000000006,71367327.99999997
2025-08-01 09:20:55 AM,2157.3,0,0.0,71367327.99999997
2025-08-01 09:20:57 AM,2157.3,70,151011.0,71518338.99999997
2025-08-01 09:20:58 AM,2156.4,0,0.0,71518338.99999997
2025-08-01 09:20:58 AM,2156.4,5,10782.0,71529120.99999997
2025-08-01 09:21:02 AM,2157.7,0,0.0,71529120.99999997
2025-08-01 09:21:05 AM,2157.7,87,187719.9,71716840.89999998
2025-08-01 09:21:06 AM,2157.7,6,12946.199999999999,71729787.09999998
2025-08-01 09:21:09 AM,2156.6,0,0.0,71729787.09999998
2025-08-01 09:21:13 AM,2156.6,1,2156.6,71731943.69999997
2025-08-01 09:21:14 AM,2156.2,40,86248.0,71818191.69999997
2025-08-01 09:21:16 AM,2157.6,0,0.0,71818191.69999997
2025-08-01 09:21:17 AM,2157.4,0,0.0,71818191.69999997
2025-08-01 09:21:21 AM,2157.4,204,440109.60000000003,72258301.29999997
2025-08-01 09:21:29 AM,2156.1,107,230702.69999999998,72489003.99999997
2025-08-01 09:21:29 AM,2157.4,80,172592.0,72661595.99999997
2025-08-01 09:21:36 AM,2157.4,25,53935.0,72715530.99999997
2025-08-01 09:21:38 AM,2156.7,0,0.0,72715530.99999997
2025-08-01 09:21:44 AM,2156.7,10,21567.0,72737097.99999997
2025-08-01 09:21:48 AM,2154.8,0,0.0,72737097.99999997
2025-08-01 09:21:51 AM,2156.0,482,1039192.0,73776289.99999997
2025-08-01 09:21:53 AM,2154.4,2,4308.8,73780598.79999997
2025-08-01 09:21:55 AM,2154.5,0,0.0,73780598.79999997
2025-08-01 09:21:58 AM,2154.4,0,0.0,73780598.79999997
2025-08-01 09:21:59 AM,2154.4,56,120646.40000000001,73901245.19999997
2025-08-01 09:22:00 AM,2153.9,70,150773.0,74052018.19999997
2025-08-01 09:22:07 AM,2153.9,17,36616.3,74088634.49999997
2025-08-01 09:22:08 AM,2155.8,246,530326.8,74618961.29999997
2025-08-01 09:22:12 AM,2154.8,0,0.0,74618961.29999997
2025-08-01 09:22:14 AM,2155.8,466,1004602.8,75623564.09999996
2025-08-01 09:22:16 AM,2159.4,10,21594.0,75645158.09999996
2025-08-01 09:22:19 AM,2158.5,0,0.0,75645158.09999996
2025-08-01 09:22:22 AM,2158.8,12,25905.600000000002,75671063.69999996
2025-08-01 09:22:23 AM,2158.3,25,53957.50000000001,75725021.19999996
2025-08-01 09:22:26 AM,2159.6,0,0.0,75725021.19999996
2025-08-01 09:22:29 AM,2157.4,515,1111061.0,76836082.19999996
2025-08-01 09:22:31 AM,2155.0,181,390055.0,77226137.19999996
2025-08-01 09:22:37 AM,2153.0,89,191617.0,77417754.19999996
2025-08-01 09:22:38 AM,2154.3,0,0.0,77417754.19999996
2025-08-01 09:22:39 AM,2154.3,1,2154.3,77419908.49999996
2025-08-01 09:22:45 AM,2154.3,4,8617.2,77428525.69999996
2025-08-01 09:22:46 AM,2154.5,35,75407.5,77503933.19999996
2025-08-01 09:22:52 AM,2154.5,94,202523.0,77706456.19999996
2025-08-01 09:22:54 AM,2154.6,2,4309.2,77710765.39999996
2025-08-01 09:22:57 AM,2155.0,0,0.0,77710765.39999996
2025-08-01 09:23:00 AM,2155.0,581,1252055.0,78962820.39999996
2025-08-01 09:23:02 AM,2156.7,272,586622.3999999999,79549442.79999997
2025-08-01 09:23:04 AM,2157.4,0,0.0,79549442.79999997
2025-08-01 09:23:08 AM,2157.4,10,21574.0,79571016.79999997
2025-08-01 09:23:09 AM,2156.6,6,12939.599999999999,79583956.39999996
2025-08-01 09:23:13 AM,2157.4,0,0.0,79583956.39999996
2025-08-01 09:23:15 AM,2157.4,94,202795.6,79786751.99999996
2025-08-01 09:23:23 AM,2157.4,68,146703.2,79933455.19999996
2025-08-01 09:23:31 AM,2156.9,152,327848.8,80261303.99999996
2025-08-01 09:23:38 AM,2154.0,184,396336.0,80657639.99999996
2025-08-01 09:23:40 AM,2154.0,11,23694.0,80681333.99999996
2025-08-01 09:23:46 AM,2154.3,101,217584.30000000002,80898918.29999995
2025-08-01 09:23:47 AM,2152.6,619,1332459.4,82231377.69999996
2025-08-01 09:23:50 AM,2151.7,0,0.0,82231377.69999996
2025-08-01 09:23:53 AM,2151.4,245,527093.0,82758470.69999996
2025-08-01 09:23:57 AM,2153.5,0,0.0,82758470.69999996
2025-08-01 09:24:01 AM,2151.5,11,23666.5,82782137.19999996
2025-08-01 09:24:03 AM,2151.5,2,4303.0,82786440.19999996
2025-08-01 09:24:09 AM,2150.0,74,159100.0,82945540.19999996
2025-08-01 09:24:10 AM,2150.1,61,131156.1,83076696.29999995
2025-08-01 09:24:11 AM,2150.0,0,0.0,83076696.29999995
2025-08-01 09:24:16 AM,2153.7,598,1287912.5999999999,84364608.89999995
2025-08-01 09:24:23 AM,2151.2,0,0.0,84364608.89999995
2025-08-01 09:24:24 AM,2151.2,550,1183160.0,85547768.89999995
2025-08-01 09:24:25 AM,2152.6,11,23678.6,85571447.49999994
2025-08-01 09:24:29 AM,2152.3,0,0.0,85571447.49999994
2025-08-01 09:24:32 AM,2150.0,340,731000.0,86302447.49999994
2025-08-01 09:24:33 AM,2150.0,64,137600.0,86440047.49999994
2025-08-01 09:24:35 AM,2150.6,0,0.0,86440047.49999994
2025-08-01 09:24:39 AM,2150.0,160,344000.0,86784047.49999994
2025-08-01 09:24:41 AM,2150.0,31,66650.0,86850697.49999994
2025-08-01 09:24:47 AM,2150.8,36,77428.8,86928126.29999994
2025-08-01 09:24:47 AM,2151.3,0,0.0,86928126.29999994
2025-08-01 09:24:48 AM,2151.0,270,580770.0,87508896.29999994
2025-08-01 09:24:54 AM,2152.2,230,495005.99999999994,88003902.29999994
2025-08-01 09:24:56 AM,2151.4,43,92510.2,88096412.49999994
2025-08-01 09:25:01 AM,2152.2,151,324982.19999999995,88421394.69999994
2025-08-01 09:25:03 AM,2152.2,259,557419.7999999999,88978814.49999994
2025-08-01 09:25:09 AM,2152.2,160,344352.0,89323166.49999994
2025-08-01 09:25:11 AM,2153.9,153,329546.7,89652713.19999994
2025-08-01 09:25:15 AM,2153.0,0,0.0,89652713.19999994
2025-08-01 09:25:16 AM,2153.0,2,4306.0,89657019.19999994
2025-08-01 09:25:19 AM,2152.5,11,23677.5,89680696.69999994
2025-08-01 09:25:24 AM,2152.5,7,15067.5,89695764.19999994
2025-08-01 09:25:27 AM,2152.9,0,0.0,89695764.19999994
2025-08-01 09:25:31 AM,2152.9,20,43058.0,89738822.19999994
2025-08-01 09:25:38 AM,2154.5,0,0.0,89738822.19999994
2025-08-01 09:25:39 AM,2154.5,135,290857.5,90029679.69999994
2025-08-01 09:25:39 AM,2155.0,0,0.0,90029679.69999994
2025-08-01 09:25:41 AM,2155.7,283,610063.1,90639742.79999994
2025-08-01 09:25:44 AM,2156.9,0,0.0,90639742.79999994
2025-08-01 09:25:46 AM,2155.7,235,506589.49999999994,91146332.29999994
2025-08-01 09:25:48 AM,2156.4,16,34502.4,91180834.69999994
2025-08-01 09:25:54 AM,2157.0,143,308451.0,91489285.69999994
2025-08-01 09:25:56 AM,2156.4,113,243673.2,91732958.89999995
2025-08-01 09:26:01 AM,2157.4,157,338711.8,92071670.69999994
2025-08-01 09:26:02 AM,2157.0,0,0.0,92071670.69999994
2025-08-01 09:26:04 AM,2157.0,5,10785.0,92082455.69999994
2025-08-01 09:26:08 AM,2156.9,0,0.0,92082455.69999994
2025-08-01 09:26:09 AM,2156.9,20,43138.0,92125593.69999994
2025-08-01 09:26:11 AM,2157.0,4,8628.0,92134221.69999994
2025-08-01 09:26:17 AM,2157.0,209,450813.0,92585034.69999994
2025-08-01 09:26:19 AM,2157.0,23,49611.0,92634645.69999994
2025-08-01 09:26:25 AM,2157.7,8,17261.6,92651907.29999994
2025-08-01 09:26:34 AM,2157.0,87,187659.0,92839566.29999994
2025-08-01 09:26:40 AM,2157.0,30,64710.0,92904276.29999994
2025-08-01 09:26:42 AM,2156.6,368,793628.7999999999,93697905.09999993
2025-08-01 09:26:42 AM,2157.0,0,0.0,93697905.09999993
2025-08-01 09:26:45 AM,2156.9,0,0.0,93697905.09999993
2025-08-01 09:26:48 AM,2156.9,83,179022.7,93876927.79999994
2025-08-01 09:26:48 AM,2156.8,0,0.0,93876927.79999994
2025-08-01 09:26:49 AM,2156.9,39,84119.1,93961046.89999993
2025-08-01 09:26:52 AM,2157.1,0,0.0,93961046.89999993
2025-08-01 09:26:54 AM,2158.3,0,0.0,93961046.89999993
2025-08-01 09:26:55 AM,2158.4,504,1087833.6,95048880.49999993
2025-08-01 09:26:59 AM,2159.3,0,0.0,95048880.49999993
2025-08-01 09:27:00 AM,2153.1,0,0.0,95048880.49999993
2025-08-01 09:27:02 AM,2153.1,2182,4698064.2,99746944.69999993
2025-08-01 09:27:04 AM,2156.3,86,185441.80000000002,99932386.49999993
2025-08-01 09:27:06 AM,2153.9,0,0.0,99932386.49999993
2025-08-01 09:27:10 AM,2154.7,1507,3247132.9,103179519.39999993
2025-08-01 09:27:11 AM,2155.3,350,754355.0000000001,103933874.39999993
2025-08-01 09:27:16 AM,2156.0,0,0.0,103933874.39999993
2025-08-01 09:27:17 AM,2156.0,100,215600.0,104149474.39999993
2025-08-01 09:27:19 AM,2153.7,166,357514.19999999995,104506988.59999993
2025-08-01 09:27:21 AM,2152.9,0,0.0,104506988.59999993
2025-08-01 09:27:25 AM,2154.2,167,359751.39999999997,104866739.99999994
2025-08-01 09:27:27 AM,2154.6,0,0.0,104866739.99999994
2025-08-01 09:27:31 AM,2154.7,0,0.0,104866739.99999994
2025-08-01 09:27:32 AM,2154.7,213,458951.1,105325691.09999993
2025-08-01 09:27:33 AM,2153.8,87,187380.6,105513071.69999993
2025-08-01 09:27:36 AM,2152.0,0,0.0,105513071.69999993
2025-08-01 09:27:40 AM,2152.0,70,150640.0,105663711.69999993
2025-08-01 09:27:41 AM,2152.1,15,32281.5,105695993.19999993
2025-08-01 09:27:42 AM,2152.0,0,0.0,105695993.19999993
2025-08-01 09:27:47 AM,2152.0,27,58104.0,105754097.19999993
2025-08-01 09:27:49 AM,2152.0,92,197984.0,105952081.19999993
2025-08-01 09:27:55 AM,2150.0,1635,3515250.0,109467331.19999993
2025-08-01 09:28:02 AM,2154.0,0,0.0,109467331.19999993
2025-08-01 09:28:03 AM,2154.0,896,1929984.0,111397315.19999993
2025-08-01 09:28:04 AM,2151.3,59,126926.70000000001,111524241.89999993
2025-08-01 09:28:08 AM,2151.6,0,0.0,111524241.89999993
2025-08-01 09:28:11 AM,2151.6,5,10758.0,111534999.89999993
2025-08-01 09:28:15 AM,2152.1,0,0.0,111534999.89999993
2025-08-01 09:28:18 AM,2153.9,121,260621.90000000002,111795621.79999994
2025-08-01 09:28:19 AM,2154.4,30,64632.0,111860253.79999994
2025-08-01 09:28:20 AM,2155.9,0,0.0,111860253.79999994
2025-08-01 09:28:21 AM,2156.6,0,0.0,111860253.79999994
2025-08-01 09:28:25 AM,2158.3,0,0.0,111860253.79999994
2025-08-01 09:28:26 AM,2158.3,713,1538867.9000000001,113399121.69999994
2025-08-01 09:28:27 AM,2158.7,192,414470.39999999997,113813592.09999995
2025-08-01 09:28:31 AM,2159.8,0,0.0,113813592.09999995
2025-08-01 09:28:33 AM,2163.4,309,668490.6,114482082.69999994
2025-08-01 09:28:41 AM,2160.5,50,108025.0,114590107.69999994
2025-08-01 09:28:42 AM,2162.3,0,0.0,114590107.69999994
2025-08-01 09:28:42 AM,2163.4,352,761516.8,115351624.49999994
2025-08-01 09:28:47 AM,2165.7,0,0.0,115351624.49999994
2025-08-01 09:28:48 AM,2164.1,0,0.0,115351624.49999994
2025-08-01 09:28:49 AM,2166.6,264,571982.4,115923606.89999995
2025-08-01 09:28:50 AM,2166.5,25,54162.5,115977769.39999995
2025-08-01 09:28:52 AM,2163.5,0,0.0,115977769.39999995
2025-08-01 09:28:56 AM,2164.4,542,1173104.8,117150874.19999994
2025-08-01 09:28:58 AM,2165.0,0,0.0,117150874.19999994
2025-08-01 09:28:58 AM,2165.0,2,4330.0,117155204.19999994
2025-08-01 09:28:59 AM,2171.0,0,0.0,117155204.19999994
2025-08-01 09:29:00 AM,2171.3,756,1641502.8,118796706.99999994
2025-08-01 09:29:01 AM,2171.3,5,10856.5,118807563.49999994
2025-08-01 09:29:03 AM,2172.8,224,486707.20000000007,119294270.69999994
2025-08-01 09:29:04 AM,2173.2,0,0.0,119294270.69999994
2025-08-01 09:29:05 AM,2173.2,50,108659.99999999999,119402930.69999994
2025-08-01 09:29:05 AM,2174.7,177,384921.89999999997,119787852.59999995
2025-08-01 09:29:06 AM,2174.7,920,2000723.9999999998,121788576.59999995
2025-08-01 09:29:06 AM,2175.6,384,835430.3999999999,122624006.99999996
2025-08-01 09:29:07 AM,2176.9,52,113198.8,122737205.79999995
2025-08-01 09:29:09 AM,2179.3,1070,2331851.0,125069056.79999995
2025-08-01 09:29:09 AM,2177.1,178,387523.8,125456580.59999995
2025-08-01 09:29:10 AM,2179.4,23,50126.200000000004,125506706.79999995
2025-08-01 09:29:11 AM,2177.8,16,34844.8,125541551.59999995
2025-08-01 09:29:11 AM,2180.5,0,0.0,125541551.59999995
2025-08-01 09:29:12 AM,2180.5,381,830770.5,126372322.09999995
2025-08-01 09:29:12 AM,2179.6,209,455536.39999999997,126827858.49999996
2025-08-01 09:29:12 AM,2179.0,0,0.0,126827858.49999996
2025-08-01 09:29:13 AM,2179.0,100,217900.0,127045758.49999996
2025-08-01 09:29:14 AM,2182.0,99,216018.0,127261776.49999996
2025-08-01 09:29:15 AM,2181.1,102,222472.19999999998,127484248.69999996
2025-08-01 09:29:15 AM,2181.4,0,0.0,127484248.69999996
2025-08-01 09:29:16 AM,2181.4,10,21814.0,127506062.69999996
2025-08-01 09:29:16 AM,2181.1,9,19629.899999999998,127525692.59999996
2025-08-01 09:29:16 AM,2180.5,0,0.0,127525692.59999996
2025-08-01 09:29:17 AM,2180.5,100,218050.0,127743742.59999996
2025-08-01 09:29:18 AM,2180.5,2,4361.0,127748103.59999996
2025-08-01 09:29:19 AM,2180.5,50,109025.0,127857128.59999996
2025-08-01 09:29:19 AM,2180.0,15,32700.0,127889828.59999996
2025-08-01 09:29:20 AM,2180.5,4,8722.0,127898550.59999996
2025-08-01 09:29:21 AM,2178.6,0,0.0,127898550.59999996
2025-08-01 09:29:21 AM,2178.6,71,154680.6,128053231.19999996
2025-08-01 09:29:21 AM,2179.6,0,0.0,128053231.19999996
2025-08-01 09:29:21 AM,2179.6,75,163470.0,128216701.19999996
2025-08-01 09:29:22 AM,2177.8,10,21778.0,128238479.19999996
2025-08-01 09:29:22 AM,2177.3,0,0.0,128238479.19999996
2025-08-01 09:29:23 AM,2177.3,50,108865.00000000001,128347344.19999996
2025-08-01 09:29:23 AM,2177.4,23,50080.200000000004,128397424.39999996
2025-08-01 09:29:24 AM,2179.7,0,0.0,128397424.39999996
2025-08-01 09:29:24 AM,2179.7,109,237587.3,128635011.69999996
2025-08-01 09:29:26 AM,2178.2,0,0.0,128635011.69999996
2025-08-01 09:29:26 AM,2178.2,307,668707.3999999999,129303719.09999996
2025-08-01 09:29:26 AM,2180.5,0,0.0,129303719.09999996
2025-08-01 09:29:27 AM,2180.5,151,329255.5,129632974.59999996
2025-08-01 09:29:27 AM,2177.7,42,91463.4,129724437.99999997
2025-08-01 09:29:28 AM,2178.8,40,87152.0,129811589.99999997
2025-08-01 09:29:30 AM,2180.4,139,303075.60000000003,130114665.59999996
2025-08-01 09:29:30 AM,2179.8,19,41416.200000000004,130156081.79999997
2025-08-01 09:29:30 AM,2178.9,0,0.0,130156081.79999997
2025-08-01 09:29:31 AM,2178.9,15,32683.5,130188765.29999997
2025-08-01 09:29:31 AM,2181.7,0,0.0,130188765.29999997
2025-08-01 09:29:32 AM,2182.0,0,0.0,130188765.29999997
2025-08-01 09:29:32 AM,2182.0,56,122192.0,130310957.29999997
2025-08-01 09:29:33 AM,2181.1,0,0.0,130310957.29999997
2025-08-01 09:29:34 AM,2181.5,194,423211.0,130734168.29999997
2025-08-01 09:29:34 AM,2180.0,0,0.0,130734168.29999997
2025-08-01 09:29:35 AM,2179.4,107,233195.80000000002,130967364.09999996
2025-08-01 09:29:36 AM,2179.4,14,30511.600000000002,130997875.69999996
2025-08-01 09:29:37 AM,2179.5,46,100257.0,131098132.69999996
2025-08-01 09:29:39 AM,2179.4,32,69740.8,131167873.49999996
2025-08-01 09:29:40 AM,2179.6,5,10898.0,131178771.49999996
2025-08-01 09:29:42 AM,2176.9,0,0.0,131178771.49999996
2025-08-01 09:29:43 AM,2176.9,668,1454169.2,132632940.69999996
2025-08-01 09:29:44 AM,2174.5,0,0.0,132632940.69999996
2025-08-01 09:29:45 AM,2174.5,46,100027.0,132732967.69999996
2025-08-01 09:29:45 AM,2174.4,195,424008.0,133156975.69999996
2025-08-01 09:29:46 AM,2172.8,0,0.0,133156975.69999996
2025-08-01 09:29:46 AM,2172.8,5,10864.0,133167839.69999996
2025-08-01 09:29:46 AM,2172.7,50,108634.99999999999,133276474.69999996
2025-08-01 09:29:47 AM,2174.3,0,0.0,133276474.69999996
2025-08-01 09:29:47 AM,2174.3,25,54357.50000000001,133330832.19999996
2025-08-01 09:29:48 AM,2172.9,22,47803.8,133378635.99999996
2025-08-01 09:29:49 AM,2174.2,0,0.0,133378635.99999996
2025-08-01 09:29:49 AM,2174.2,24,52180.799999999996,133430816.79999995
2025-08-01 09:29:51 AM,2172.8,0,0.0,133430816.79999995
2025-08-01 09:29:52 AM,2172.8,6,13036.800000000001,133443853.59999995
2025-08-01 09:29:52 AM,2173.6,0,0.0,133443853.59999995
2025-08-01 09:29:53 AM,2173.6,20,43472.0,133487325.59999995
2025-08-01 09:29:55 AM,2172.9,7,15210.300000000001,133502535.89999995
2025-08-01 09:29:57 AM,2172.9,1,2172.9,133504708.79999995
2025-08-01 09:29:59 AM,2172.2,100,217219.99999999997,133721928.79999995
2025-08-01 09:30:00 AM,2172.0,205,445260.0,134167188.79999995
2025-08-01 09:30:01 AM,2172.2,0,0.0,134167188.79999995
2025-08-01 09:30:01 AM,2172.2,6,13033.199999999999,134180221.99999996
2025-08-01 09:30:03 AM,2172.0,98,212856.0,134393077.99999994
2025-08-01 09:30:04 AM,2173.7,0,0.0,134393077.99999994
2025-08-01 09:30:04 AM,2173.7,200,434739.99999999994,134827817.99999994
2025-08-01 09:30:05 AM,2172.0,0,0.0,134827817.99999994
2025-08-01 09:30:06 AM,2172.0,10,21720.0,134849537.99999994
2025-08-01 09:30:08 AM,2172.0,5,10860.0,134860397.99999994
2025-08-01 09:30:08 AM,2172.8,0,0.0,134860397.99999994
2025-08-01 09:30:09 AM,2172.8,30,65184.00000000001,134925581.99999994
2025-08-01 09:30:11 AM,2172.2,1,2172.2,134927754.19999993
2025-08-01 09:30:13 AM,2172.2,3,6516.599999999999,134934270.79999992
2025-08-01 09:30:16 AM,2172.0,103,223716.0,135157986.79999992
2025-08-01 09:30:17 AM,2172.0,11,23892.0,135181878.79999992
2025-08-01 09:30:17 AM,2172.7,2,4345.4,135186224.19999993
2025-08-01 09:30:20 AM,2172.8,10,21728.0,135207952.19999993
2025-08-01 09:30:24 AM,2170.0,0,0.0,135207952.19999993
2025-08-01 09:30:24 AM,2170.0,76,164920.0,135372872.19999993
2025-08-01 09:30:24 AM,2171.9,0,0.0,135372872.19999993
2025-08-01 09:30:24 AM,2171.9,140,304066.0,135676938.19999993
2025-08-01 09:30:25 AM,2170.0,3,6510.0,135683448.19999993
2025-08-01 09:30:26 AM,2170.0,5,10850.0,135694298.19999993
2025-08-01 09:30:26 AM,2170.0,5,10850.0,135705148.19999993
2025-08-01 09:30:29 AM,2167.9,30,65037.0,135770185.19999993
2025-08-01 09:30:31 AM,2168.6,2,4337.2,135774522.39999992
2025-08-01 09:30:32 AM,2165.0,210,454650.0,136229172.39999992
2025-08-01 09:30:34 AM,2165.6,64,138598.4,136367770.79999992
2025-08-01 09:30:35 AM,2164.5,0,0.0,136367770.79999992
2025-08-01 09:30:35 AM,2164.5,20,43290.0,136411060.79999992
2025-08-01 09:30:35 AM,2165.6,7,15159.199999999999,136426219.9999999
2025-08-01 09:30:37 AM,2165.6,33,71464.8,136497684.79999992
2025-08-01 09:30:39 AM,2165.0,23,49795.0,136547479.79999992
2025-08-01 09:30:39 AM,2165.6,0,0.0,136547479.79999992
2025-08-01 09:30:40 AM,2165.6,42,90955.2,136638434.9999999
2025-08-01 09:30:40 AM,2165.0,0,0.0,136638434.9999999
2025-08-01 09:30:41 AM,2165.0,8,17320.0,136655754.9999999
2025-08-01 09:30:46 AM,2165.0,5,10825.0,136666579.9999999
2025-08-01 09:30:47 AM,2165.0,1,2165.0,136668744.9999999
2025-08-01 09:30:48 AM,2166.2,369,799327.7999999999,137468072.79999992
2025-08-01 09:30:48 AM,2165.6,0,0.0,137468072.79999992
2025-08-01 09:30:48 AM,2165.6,37,80127.2,137548199.9999999
2025-08-01 09:30:49 AM,2168.6,163,353481.8,137901681.79999992
2025-08-01 09:30:51 AM,2168.1,0,0.0,137901681.79999992
2025-08-01 09:30:52 AM,2168.1,45,97564.5,137999246.29999992
2025-08-01 09:30:52 AM,2165.9,0,0.0,137999246.29999992
2025-08-01 09:30:53 AM,2165.9,5,10829.5,138010075.79999992
2025-08-01 09:30:54 AM,2165.9,3,6497.700000000001,138016573.4999999
2025-08-01 09:31:03 AM,2165.1,44,95264.4,138111837.89999992
2025-08-01 09:31:04 AM,2165.8,10,21658.0,138133495.89999992
2025-08-01 09:31:07 AM,2165.0,0,0.0,138133495.89999992
2025-08-01 09:31:11 AM,2164.6,457,989222.2,139122718.0999999
2025-08-01 09:31:12 AM,2162.7,0,0.0,139122718.0999999
2025-08-01 09:31:12 AM,2162.7,29,62718.299999999996,139185436.39999992
2025-08-01 09:31:14 AM,2163.5,0,0.0,139185436.39999992
2025-08-01 09:31:18 AM,2163.5,107,231494.5,139416930.89999992
2025-08-01 09:31:20 AM,2163.3,0,0.0,139416930.89999992
2025-08-01 09:31:24 AM,2162.9,0,0.0,139416930.89999992
2025-08-01 09:31:26 AM,2161.3,37,79968.1,139496898.9999999
2025-08-01 09:31:26 AM,2161.1,128,276620.8,139773519.79999992
2025-08-01 09:31:32 AM,2164.2,0,0.0,139773519.79999992
2025-08-01 09:31:33 AM,2165.1,987,2136953.6999999997,141910473.4999999
2025-08-01 09:31:33 AM,2165.0,8,17320.0,141927793.4999999
2025-08-01 09:31:36 AM,2165.1,0,0.0,141927793.4999999
2025-08-01 09:31:38 AM,2165.9,0,0.0,141927793.4999999
2025-08-01 09:31:40 AM,2165.9,647,1401337.3,143329130.79999992
2025-08-01 09:31:42 AM,2165.1,0,0.0,143329130.79999992
2025-08-01 09:31:44 AM,2163.4,0,0.0,143329130.79999992
2025-08-01 09:31:47 AM,2160.0,496,1071360.0,144400490.79999992
2025-08-01 09:31:48 AM,2157.0,0,0.0,144400490.79999992
2025-08-01 09:31:49 AM,2155.8,0,0.0,144400490.79999992
2025-08-01 09:31:54 AM,2158.0,0,0.0,144400490.79999992
2025-08-01 09:31:54 AM,2158.0,992,2140736.0,146541226.79999992
2025-08-01 09:31:54 AM,2158.0,1,2158.0,146543384.79999992
2025-08-01 09:31:54 AM,2158.2,0,0.0,146543384.79999992
2025-08-01 09:31:59 AM,2161.5,0,0.0,146543384.79999992
2025-08-01 09:31:59 AM,2161.0,0,0.0,146543384.79999992
2025-08-01 09:32:01 AM,2161.0,395,853595.0,147396979.79999992
2025-08-01 09:32:04 AM,2159.9,0,0.0,147396979.79999992
2025-08-01 09:32:04 AM,2159.9,12,25918.800000000003,147422898.59999993
2025-08-01 09:32:05 AM,2158.0,7,15106.0,147438004.59999993
2025-08-01 09:32:07 AM,2159.8,0,0.0,147438004.59999993
2025-08-01 09:32:07 AM,2159.8,2,4319.6,147442324.19999993
2025-08-01 09:32:11 AM,2158.7,35,75554.5,147517878.69999993
2025-08-01 09:32:17 AM,2160.0,0,0.0,147517878.69999993
2025-08-01 09:32:18 AM,2160.0,16,34560.0,147552438.69999993
2025-08-01 09:32:18 AM,2160.0,1,2160.0,147554598.69999993
2025-08-01 09:32:19 AM,2158.3,0,0.0,147554598.69999993
2025-08-01 09:32:20 AM,2158.3,198,427343.4,147981942.09999993
2025-08-01 09:32:20 AM,2158.7,5,10793.5,147992735.59999993
2025-08-01 09:32:21 AM,2159.3,0,0.0,147992735.59999993
2025-08-01 09:32:21 AM,2159.3,25,53982.50000000001,148046718.09999993
2025-08-01 09:32:22 AM,2157.1,0,0.0,148046718.09999993
2025-08-01 09:32:22 AM,2157.1,175,377492.5,148424210.59999993
2025-08-01 09:32:23 AM,2158.3,0,0.0,148424210.59999993
2025-08-01 09:32:23 AM,2158.3,24,51799.200000000004,148476009.79999992
2025-08-01 09:32:32 AM,2158.2,0,0.0,148476009.79999992
2025-08-01 09:32:32 AM,2158.2,2,4316.4,148480326.19999993
2025-08-01 09:32:39 AM,2158.2,5,10791.0,148491117.19999993
2025-08-01 09:32:45 AM,2158.2,51,110068.2,148601185.39999992
2025-08-01 09:32:46 AM,2157.2,0,0.0,148601185.39999992
2025-08-01 09:32:46 AM,2158.2,5,10791.0,148611976.39999992
2025-08-01 09:32:47 AM,2158.1,1,2158.1,148614134.4999999
2025-08-01 09:32:52 AM,2157.1,0,0.0,148614134.4999999
2025-08-01 09:32:53 AM,2157.1,64,138054.4,148752188.89999992
2025-08-01 09:32:54 AM,2157.1,7,15099.699999999999,148767288.5999999
2025-08-01 09:32:57 AM,2156.6,70,150962.0,148918250.5999999
2025-08-01 09:32:57 AM,2156.3,0,0.0,148918250.5999999
2025-08-01 09:32:58 AM,2156.3,20,43126.0,148961376.5999999
2025-08-01 09:33:00 AM,2156.2,4,8624.8,148970001.39999992
2025-08-01 09:33:03 AM,2161.5,680,1469820.0,150439821.39999992
2025-08-01 09:33:04 AM,2162.2,0,0.0,150439821.39999992
2025-08-01 09:33:10 AM,2159.8,0,0.0,150439821.39999992
2025-08-01 09:33:11 AM,2159.8,170,367166.00000000006,150806987.39999992
2025-08-01 09:33:15 AM,2157.4,0,0.0,150806987.39999992
2025-08-01 09:33:17 AM,2159.6,352,760179.2,151567166.5999999
2025-08-01 09:33:20 AM,2158.7,0,0.0,151567166.5999999
2025-08-01 09:33:20 AM,2158.8,0,0.0,151567166.5999999
2025-08-01 09:33:24 AM,2156.3,72,155253.6,151722420.1999999
2025-08-01 09:33:25 AM,2157.0,0,0.0,151722420.1999999
2025-08-01 09:33:31 AM,2157.0,83,179031.0,151901451.1999999
2025-08-01 09:33:35 AM,2159.5,0,0.0,151901451.1999999
2025-08-01 09:33:38 AM,2159.5,98,211631.0,152113082.1999999
2025-08-01 09:33:45 AM,2159.4,21,45347.4,152158429.5999999
2025-08-01 09:33:48 AM,2157.7,0,0.0,152158429.5999999
2025-08-01 09:33:52 AM,2157.7,35,75519.5,152233949.0999999
2025-08-01 09:33:54 AM,2158.0,0,0.0,152233949.0999999
2025-08-01 09:33:59 AM,2157.0,729,1572453.0,153806402.0999999
2025-08-01 09:34:05 AM,2157.9,0,0.0,153806402.0999999
2025-08-01 09:34:06 AM,2158.0,237,511446.0,154317848.0999999
2025-08-01 09:34:10 AM,2160.4,0,0.0,154317848.0999999
2025-08-01 09:34:13 AM,2160.4,41,88576.40000000001,154406424.4999999
2025-08-01 09:34:18 AM,2158.5,0,0.0,154406424.4999999
2025-08-01 09:34:20 AM,2158.5,1,2158.5,154408582.9999999
2025-08-01 09:34:25 AM,2157.7,0,0.0,154408582.9999999
2025-08-01 09:34:27 AM,2157.7,65,140250.5,154548833.4999999
2025-08-01 09:34:30 AM,2159.4,0,0.0,154548833.4999999
2025-08-01 09:34:33 AM,2159.3,0,0.0,154548833.4999999
2025-08-01 09:34:34 AM,2159.2,556,1200515.2,155749348.6999999
2025-08-01 09:34:38 AM,2159.3,0,0.0,155749348.6999999
2025-08-01 09:34:41 AM,2159.3,2,4318.6,155753667.2999999
2025-08-01 09:34:45 AM,2158.0,0,0.0,155753667.2999999
2025-08-01 09:34:48 AM,2158.0,41,88478.0,155842145.2999999
2025-08-01 09:34:53 AM,2157.0,0,0.0,155842145.2999999
2025-08-01 09:34:55 AM,2157.0,88,189816.0,156031961.2999999
2025-08-01 09:35:02 AM,2157.0,15,32355.0,156064316.2999999
2025-08-01 09:35:09 AM,2157.0,114,245898.0,156310214.2999999
2025-08-01 09:35:15 AM,2157.5,0,0.0,156310214.2999999
2025-08-01 09:35:16 AM,2157.5,15,32362.5,156342576.7999999
2025-08-01 09:35:20 AM,2157.0,0,0.0,156342576.7999999
2025-08-01 09:35:23 AM,2160.2,1523,3289984.5999999996,159632561.3999999
2025-08-01 09:35:25 AM,2160.0,0,0.0,159632561.3999999
2025-08-01 09:35:25 AM,2161.2,0,0.0,159632561.3999999
2025-08-01 09:35:30 AM,2163.2,0,0.0,159632561.3999999
2025-08-01 09:35:30 AM,2163.3,718,1553249.4000000001,161185810.7999999
2025-08-01 09:35:35 AM,2161.8,0,0.0,161185810.7999999
2025-08-01 09:35:37 AM,2163.9,83,179603.7,161365414.49999988
2025-08-01 09:35:40 AM,2164.0,0,0.0,161365414.49999988
2025-08-01 09:35:44 AM,2164.0,22,47608.0,161413022.49999988
2025-08-01 09:35:45 AM,2162.9,0,0.0,161413022.49999988
2025-08-01 09:35:45 AM,2163.3,0,0.0,161413022.49999988
2025-08-01 09:35:50 AM,2162.0,0,0.0,161413022.49999988
2025-08-01 09:35:50 AM,2162.0,30,64860.0,161477882.49999988
2025-08-01 09:35:57 AM,2162.0,5,10810.0,161488692.49999988
2025-08-01 09:36:03 AM,2162.0,5,10810.0,161499502.49999988
2025-08-01 09:36:08 AM,2161.8,0,0.0,161499502.49999988
2025-08-01 09:36:10 AM,2161.8,4,8647.2,161508149.69999987
2025-08-01 09:36:20 AM,2165.1,0,0.0,161508149.69999987
2025-08-01 09:36:20 AM,2165.2,0,0.0,161508149.69999987
2025-08-01 09:36:24 AM,2165.3,0,0.0,161508149.69999987
2025-08-01 09:36:24 AM,2165.3,1144,2477103.2,163985252.89999986
2025-08-01 09:36:28 AM,2165.2,0,0.0,163985252.89999986
2025-08-01 09:36:28 AM,2165.0,0,0.0,163985252.89999986
2025-08-01 09:36:30 AM,2163.0,1257,2718891.0,166704143.89999986
2025-08-01 09:36:32 AM,2162.9,0,0.0,166704143.89999986
2025-08-01 09:36:36 AM,2161.3,0,0.0,166704143.89999986
2025-08-01 09:36:36 AM,2161.3,146,315549.80000000005,167019693.69999987
2025-08-01 09:36:40 AM,2161.2,0,0.0,167019693.69999987
2025-08-01 09:36:43 AM,2161.2,61,131833.19999999998,167151526.89999986
2025-08-01 09:36:48 AM,2160.2,0,0.0,167151526.89999986
2025-08-01 09:36:49 AM,2160.2,12,25922.399999999998,167177449.29999986
2025-08-01 09:36:52 AM,2160.0,0,0.0,167177449.29999986
2025-08-01 09:36:56 AM,2160.0,2,4320.0,167181769.29999986
2025-08-01 09:37:00 AM,2158.9,0,0.0,167181769.29999986
2025-08-01 09:37:03 AM,2158.9,136,293610.4,167475379.69999987
2025-08-01 09:37:03 AM,2158.3,1,2158.3,167477537.99999988
2025-08-01 09:37:08 AM,2157.3,0,0.0,167477537.99999988
2025-08-01 09:37:09 AM,2158.1,0,0.0,167477537.99999988
2025-08-01 09:37:10 AM,2158.1,30,64743.0,167542280.99999988
2025-08-01 09:37:17 AM,2158.1,5,10790.5,167553071.49999988
2025-08-01 09:37:19 AM,2157.1,0,0.0,167553071.49999988
2025-08-01 09:37:23 AM,2158.0,0,0.0,167553071.49999988
2025-08-01 09:37:24 AM,2158.0,475,1025050.0,168578121.49999988
2025-08-01 09:37:29 AM,2159.8,0,0.0,168578121.49999988
2025-08-01 09:37:31 AM,2160.8,576,1244620.8,169822742.2999999
2025-08-01 09:37:33 AM,2160.5,0,0.0,169822742.2999999
2025-08-01 09:37:34 AM,2160.8,0,0.0,169822742.2999999
2025-08-01 09:37:38 AM,2160.8,52,112361.6,169935103.8999999
2025-08-01 09:37:42 AM,2158.9,0,0.0,169935103.8999999
2025-08-01 09:37:44 AM,2158.9,2,4317.8,169939421.6999999
2025-08-01 09:37:46 AM,2159.3,0,0.0,169939421.6999999
2025-08-01 09:37:48 AM,2160.6,0,0.0,169939421.6999999
2025-08-01 09:37:50 AM,2157.7,0,0.0,169939421.6999999
2025-08-01 09:37:51 AM,2157.7,510,1100427.0,171039848.6999999
2025-08-01 09:37:54 AM,2158.1,0,0.0,171039848.6999999
2025-08-01 09:37:56 AM,2159.4,0,0.0,171039848.6999999
2025-08-01 09:37:58 AM,2160.1,100,216010.0,171255858.6999999
2025-08-01 09:37:58 AM,2158.8,0,0.0,171255858.6999999
2025-08-01 09:38:04 AM,2158.8,50,107940.00000000001,171363798.6999999
2025-08-01 09:38:09 AM,2158.4,0,0.0,171363798.6999999
2025-08-01 09:38:11 AM,2158.7,0,0.0,171363798.6999999
2025-08-01 09:38:11 AM,2158.7,9,19428.3,171383226.9999999
2025-08-01 09:38:25 AM,2158.0,5,10790.0,171394016.9999999
2025-08-01 09:38:30 AM,2158.7,0,0.0,171394016.9999999
2025-08-01 09:38:32 AM,2158.7,212,457644.39999999997,171851661.39999992
2025-08-01 09:38:35 AM,2158.1,0,0.0,171851661.39999992
2025-08-01 09:38:38 AM,2158.1,22,47478.2,171899139.5999999
2025-08-01 09:38:44 AM,2158.0,0,0.0,171899139.5999999
2025-08-01 09:38:45 AM,2158.0,15,32370.0,171931509.5999999
2025-08-01 09:38:52 AM,2158.0,19,41002.0,171972511.5999999
2025-08-01 09:38:58 AM,2158.1,173,373351.3,172345862.89999992
2025-08-01 09:39:05 AM,2157.9,92,198526.80000000002,172544389.69999993
2025-08-01 09:39:06 AM,2157.1,0,0.0,172544389.69999993
2025-08-01 09:39:12 AM,2157.1,5,10785.5,172555175.19999993
2025-08-01 09:39:15 AM,2157.8,0,0.0,172555175.19999993
2025-08-01 09:39:19 AM,2157.1,44,94912.4,172650087.59999993
2025-08-01 09:39:25 AM,2156.2,772,1664586.4,174314673.99999994
2025-08-01 09:39:29 AM,2155.0,0,0.0,174314673.99999994
2025-08-01 09:39:32 AM,2155.0,495,1066725.0,175381398.99999994
2025-08-01 09:39:38 AM,2155.0,217,467635.0,175849033.99999994
2025-08-01 09:39:39 AM,2155.0,7,15085.0,175864118.99999994
2025-08-01 09:39:41 AM,2157.6,0,0.0,175864118.99999994
2025-08-01 09:39:45 AM,2158.4,522,1126684.8,176990803.79999995
2025-08-01 09:39:51 AM,2158.4,1,2158.4,176992962.19999996
2025-08-01 09:39:58 AM,2158.4,203,438155.2,177431117.39999995
2025-08-01 09:40:01 AM,2158.0,0,0.0,177431117.39999995
2025-08-01 09:40:05 AM,2158.0,5,10790.0,177441907.39999995
2025-08-01 09:40:05 AM,2156.0,92,198352.0,177640259.39999995
2025-08-01 09:40:09 AM,2156.4,0,0.0,177640259.39999995
2025-08-01 09:40:11 AM,2156.4,21,45284.4,177685543.79999995
2025-08-01 09:40:12 AM,2156.2,3,6468.599999999999,177692012.39999995
2025-08-01 09:40:18 AM,2156.2,2,4312.4,177696324.79999995
2025-08-01 09:40:22 AM,2157.4,0,0.0,177696324.79999995
2025-08-01 09:40:24 AM,2157.4,30,64722.0,177761046.79999995
2025-08-01 09:40:31 AM,2158.5,358,772743.0,178533789.79999995
2025-08-01 09:40:33 AM,2158.1,0,0.0,178533789.79999995
2025-08-01 09:40:36 AM,2157.5,0,0.0,178533789.79999995
2025-08-01 09:40:37 AM,2157.5,12,25890.0,178559679.79999995
2025-08-01 09:40:44 AM,2158.9,22,47495.8,178607175.59999996
2025-08-01 09:40:45 AM,2158.8,0,0.0,178607175.59999996
2025-08-01 09:40:45 AM,2158.8,1,2158.8,178609334.39999998
2025-08-01 09:40:51 AM,2157.5,202,435815.0,179045149.39999998
2025-08-01 09:40:51 AM,2159.0,50,107950.0,179153099.39999998
2025-08-01 09:40:57 AM,2158.3,11,23741.300000000003,179176840.7
2025-08-01 09:41:03 AM,2157.6,0,0.0,179176840.7
2025-08-01 09:41:04 AM,2157.6,31,66885.59999999999,179243726.29999998
2025-08-01 09:41:08 AM,2157.5,0,0.0,179243726.29999998
2025-08-01 09:41:11 AM,2157.5,16,34520.0,179278246.29999998
2025-08-01 09:41:11 AM,2157.6,1,2157.6,179280403.89999998
2025-08-01 09:41:16 AM,2158.1,0,0.0,179280403.89999998
2025-08-01 09:41:17 AM,2158.1,3,6474.299999999999,179286878.2
2025-08-01 09:41:24 AM,2157.4,117,252415.80000000002,179539294.0
2025-08-01 09:41:28 AM,2157.3,0,0.0,179539294.0
2025-08-01 09:41:30 AM,2157.4,212,457368.80000000005,179996662.8
2025-08-01 09:41:36 AM,2157.1,0,0.0,179996662.8
2025-08-01 09:41:37 AM,2157.1,125,269637.5,180266300.3
2025-08-01 09:41:41 AM,2156.3,0,0.0,180266300.3
2025-08-01 09:41:44 AM,2156.3,9,19406.7,180285707.0
2025-08-01 09:41:48 AM,2156.0,0,0.0,180285707.0
2025-08-01 09:41:50 AM,2156.0,24,51744.0,180337451.0
2025-08-01 09:41:51 AM,2156.0,10,21560.0,180359011.0
2025-08-01 09:41:57 AM,2156.0,21,45276.0,180404287.0
2025-08-01 09:42:03 AM,2156.0,9,19404.0,180423691.0
2025-08-01 09:42:04 AM,2156.0,11,23716.0,180447407.0
2025-08-01 09:42:09 AM,2156.7,0,0.0,180447407.0
2025-08-01 09:42:10 AM,2156.7,141,304094.69999999995,180751501.7
2025-08-01 09:42:16 AM,2156.6,5,10783.0,180762284.7
2025-08-01 09:42:18 AM,2156.6,5,10783.0,180773067.7
2025-08-01 09:42:21 AM,2156.0,0,0.0,180773067.7
2025-08-01 09:42:23 AM,2156.0,323,696388.0,181469455.7
2025-08-01 09:42:26 AM,2155.6,0,0.0,181469455.7
2025-08-01 09:42:29 AM,2155.6,194,418186.39999999997,181887642.1
2025-08-01 09:42:35 AM,2155.7,0,0.0,181887642.1
2025-08-01 09:42:36 AM,2155.7,73,157366.09999999998,182045008.2
2025-08-01 09:42:39 AM,2156.0,0,0.0,182045008.2
2025-08-01 09:42:42 AM,2156.0,173,372988.0,182417996.2
2025-08-01 09:42:43 AM,2155.3,0,0.0,182417996.2
2025-08-01 09:42:43 AM,2155.3,3,6465.900000000001,182424462.1
2025-08-01 09:42:49 AM,2155.3,3,6465.900000000001,182430928.0
2025-08-01 09:42:50 AM,2155.3,10,21553.0,182452481.0
2025-08-01 09:42:51 AM,2155.0,0,0.0,182452481.0
2025-08-01 09:42:51 AM,2155.3,0,0.0,182452481.0
2025-08-01 09:42:55 AM,2155.3,7,15087.100000000002,182467568.1
2025-08-01 09:42:56 AM,2155.3,3,6465.900000000001,182474034.0
2025-08-01 09:42:59 AM,2155.0,0,0.0,182474034.0
2025-08-01 09:43:02 AM,2155.3,115,247859.50000000003,182721893.5
2025-08-01 09:43:07 AM,2155.0,0,0.0,182721893.5
2025-08-01 09:43:09 AM,2155.0,741,1596855.0,184318748.5
2025-08-01 09:43:11 AM,2154.3,0,0.0,184318748.5
2025-08-01 09:43:15 AM,2153.2,201,432793.19999999995,184751541.7
2025-08-01 09:43:19 AM,2154.2,0,0.0,184751541.7
2025-08-01 09:43:22 AM,2154.2,5,10771.0,184762312.7
2025-08-01 09:43:27 AM,2152.6,0,0.0,184762312.7
2025-08-01 09:43:28 AM,2152.1,56,120517.59999999999,184882830.29999998
2025-08-01 09:43:29 AM,2153.9,123,264929.7,185147759.99999997
2025-08-01 09:43:31 AM,2153.0,0,0.0,185147759.99999997
2025-08-01 09:43:31 AM,2152.5,0,0.0,185147759.99999997
2025-08-01 09:43:35 AM,2152.3,0,0.0,185147759.99999997
2025-08-01 09:43:35 AM,2152.3,86,185097.80000000002,185332857.79999998
2025-08-01 09:43:41 AM,2150.0,629,1352350.0,186685207.79999998
2025-08-01 09:43:47 AM,2151.3,0,0.0,186685207.79999998
2025-08-01 09:43:48 AM,2151.3,89,191465.7,186876673.49999997
2025-08-01 09:43:51 AM,2151.1,0,0.0,186876673.49999997
2025-08-01 09:43:54 AM,2151.3,188,404444.4,187281117.89999998
2025-08-01 09:43:55 AM,2151.1,0,0.0,187281117.89999998
2025-08-01 09:43:56 AM,2151.1,51,109706.09999999999,187390823.99999997
2025-08-01 09:43:59 AM,2150.7,0,0.0,187390823.99999997
2025-08-01 09:43:59 AM,2150.4,0,0.0,187390823.99999997
2025-08-01 09:44:01 AM,2150.4,100,215040.0,187605863.99999997
2025-08-01 09:44:07 AM,2149.8,0,0.0,187605863.99999997
2025-08-01 09:44:08 AM,2149.8,1900,4084620.0000000005,191690483.99999997
2025-08-01 09:44:11 AM,2149.0,0,0.0,191690483.99999997
2025-08-01 09:44:15 AM,2147.4,182,390826.8,192081310.79999998
2025-08-01 09:44:22 AM,2147.4,25,53685.0,192134995.79999998
2025-08-01 09:44:23 AM,2147.0,15,32205.0,192167200.79999998
2025-08-01 09:44:27 AM,2147.7,0,0.0,192167200.79999998
2025-08-01 09:44:28 AM,2147.7,217,466050.89999999997,192633251.7
2025-08-01 09:44:29 AM,2146.5,0,0.0,192633251.7
2025-08-01 09:44:29 AM,2146.5,18,38637.0,192671888.7
2025-08-01 09:44:31 AM,2147.0,0,0.0,192671888.7
2025-08-01 09:44:34 AM,2147.0,36,77292.0,192749180.7
2025-08-01 09:44:35 AM,2147.6,0,0.0,192749180.7
2025-08-01 09:44:39 AM,2147.2,0,0.0,192749180.7
2025-08-01 09:44:41 AM,2147.2,110,236191.99999999997,192985372.7
2025-08-01 09:44:43 AM,2147.6,0,0.0,192985372.7
2025-08-01 09:44:45 AM,2147.1,0,0.0,192985372.7
2025-08-01 09:44:47 AM,2147.8,377,809720.6000000001,193795093.29999998
2025-08-01 09:44:53 AM,2147.1,0,0.0,193795093.29999998
2025-08-01 09:44:53 AM,2147.1,40,85884.0,193880977.29999998
2025-08-01 09:44:55 AM,2147.8,0,0.0,193880977.29999998
2025-08-01 09:44:57 AM,2147.1,0,0.0,193880977.29999998
2025-08-01 09:44:59 AM,2147.8,0,0.0,193880977.29999998
2025-08-01 09:45:00 AM,2147.8,51,109537.8,193990515.1
2025-08-01 09:45:03 AM,2147.7,0,0.0,193990515.1
2025-08-01 09:45:07 AM,2147.7,302,648605.3999999999,194639120.5
2025-08-01 09:45:08 AM,2145.7,0,0.0,194639120.5
2025-08-01 09:45:10 AM,2145.3,0,0.0,194639120.5
2025-08-01 09:45:13 AM,2146.2,228,489333.6,195128454.1
2025-08-01 09:45:19 AM,2138.7,0,0.0,195128454.1
2025-08-01 09:45:20 AM,2138.7,6821,14588072.7,209716526.79999998
2025-08-01 09:45:21 AM,2138.6,11,23524.6,209740051.39999998
2025-08-01 09:45:23 AM,2140.0,0,0.0,209740051.39999998
2025-08-01 09:45:26 AM,2135.0,1007,2149945.0,211889996.39999998
2025-08-01 09:45:28 AM,2134.1,4,8536.4,211898532.79999998
2025-08-01 09:45:31 AM,2139.3,0,0.0,211898532.79999998
2025-08-01 09:45:33 AM,2139.3,1019,2179946.7,214078479.49999997
2025-08-01 09:45:34 AM,2137.5,264,564300.0,214642779.49999997
2025-08-01 09:45:35 AM,2135.8,0,0.0,214642779.49999997
2025-08-01 09:45:39 AM,2135.7,455,971743.4999999999,215614522.99999997
2025-08-01 09:45:41 AM,2135.7,1,2135.7,215616658.69999996
2025-08-01 09:45:43 AM,2136.6,0,0.0,215616658.69999996
2025-08-01 09:45:46 AM,2136.4,46,98274.40000000001,215714933.09999996
2025-08-01 09:45:52 AM,2137.7,11,23514.699999999997,215738447.79999995
2025-08-01 09:45:57 AM,2137.6,0,0.0,215738447.79999995
2025-08-01 09:45:59 AM,2137.0,185,395345.0,216133792.79999995
2025-08-01 09:46:00 AM,2137.6,10,21376.0,216155168.79999995
2025-08-01 09:46:02 AM,2138.5,0,0.0,216155168.79999995
2025-08-01 09:46:02 AM,2138.5,10,21385.0,216176553.79999995
2025-08-01 09:46:03 AM,2139.2,0,0.0,216176553.79999995
2025-08-01 09:46:03 AM,2139.2,159,340132.8,216516686.59999996
2025-08-01 09:46:05 AM,2139.1,5,10695.5,216527382.09999996
2025-08-01 09:46:06 AM,2139.1,15,32086.5,216559468.59999996
2025-08-01 09:46:06 AM,2138.0,0,0.0,216559468.59999996
2025-08-01 09:46:07 AM,2137.5,199,425362.5,216984831.09999996
2025-08-01 09:46:07 AM,2138.4,813,1738519.2000000002,218723350.29999995
2025-08-01 09:46:09 AM,2139.0,50,106950.0,218830300.29999995
2025-08-01 09:46:10 AM,2138.2,11,23520.199999999997,218853820.49999994
2025-08-01 09:46:12 AM,2137.9,20,42758.0,218896578.49999994
2025-08-01 09:46:17 AM,2137.4,0,0.0,218896578.49999994
2025-08-01 09:46:18 AM,2137.4,1,2137.4,218898715.89999995
2025-08-01 09:46:19 AM,2137.5,1,2137.5,218900853.39999995
2025-08-01 09:46:23 AM,2136.9,0,0.0,218900853.39999995
2025-08-01 09:46:24 AM,2136.9,25,53422.5,218954275.89999995
2025-08-01 09:46:26 AM,2137.0,22,47014.0,219001289.89999995
2025-08-01 09:46:27 AM,2136.9,0,0.0,219001289.89999995
2025-08-01 09:46:28 AM,2136.9,21,44874.9,219046164.79999995
2025-08-01 09:46:29 AM,2139.6,0,0.0,219046164.79999995
2025-08-01 09:46:30 AM,2138.3,712,1522469.6,220568634.39999995
2025-08-01 09:46:32 AM,2136.0,106,226416.0,220795050.39999995
2025-08-01 09:46:34 AM,2137.7,122,260799.39999999997,221055849.79999995
2025-08-01 09:46:35 AM,2139.5,1,2139.5,221057989.29999995
2025-08-01 09:46:36 AM,2138.9,50,106945.0,221164934.29999995
2025-08-01 09:46:36 AM,2138.4,0,0.0,221164934.29999995
2025-08-01 09:46:37 AM,2138.4,16,34214.4,221199148.69999996
2025-08-01 09:46:38 AM,2137.0,0,0.0,221199148.69999996
2025-08-01 09:46:39 AM,2138.4,0,0.0,221199148.69999996
2025-08-01 09:46:39 AM,2138.4,22,47044.8,221246193.49999997
2025-08-01 09:46:39 AM,2138.4,11,23522.4,221269715.89999998
2025-08-01 09:46:41 AM,2136.9,0,0.0,221269715.89999998
2025-08-01 09:46:41 AM,2138.2,508,1086205.5999999999,222355921.49999997
2025-08-01 09:46:41 AM,2136.4,0,0.0,222355921.49999997
2025-08-01 09:46:42 AM,2136.4,25,53410.0,222409331.49999997
2025-08-01 09:46:43 AM,2138.1,20,42762.0,222452093.49999997
2025-08-01 09:46:43 AM,2136.5,3,6409.5,222458502.99999997
2025-08-01 09:46:44 AM,2137.9,51,109032.90000000001,222567535.89999998
2025-08-01 09:46:46 AM,2138.4,152,325036.8,222892572.7
2025-08-01 09:46:50 AM,2138.4,1,2138.4,222894711.1
2025-08-01 09:46:54 AM,2138.4,1,2138.4,222896849.5
2025-08-01 09:46:55 AM,2138.4,37,79120.8,222975970.3
2025-08-01 09:46:56 AM,2138.4,9,19245.600000000002,222995215.9
2025-08-01 09:46:57 AM,2138.4,8,17107.2,223012323.1
2025-08-01 09:46:58 AM,2138.4,12,25660.800000000003,223037983.9
2025-08-01 09:46:58 AM,2138.3,0,0.0,223037983.9
2025-08-01 09:46:59 AM,2138.3,1,2138.3,223040122.20000002
2025-08-01 09:47:00 AM,2138.2,0,0.0,223040122.20000002
2025-08-01 09:47:02 AM,2138.2,100,213819.99999999997,223253942.20000002
2025-08-01 09:47:08 AM,2138.3,0,0.0,223253942.20000002
2025-08-01 09:47:08 AM,2138.3,24,51319.200000000004,223305261.4
2025-08-01 09:47:09 AM,2138.4,0,0.0,223305261.4
2025-08-01 09:47:10 AM,2138.2,71,151812.19999999998,223457073.6
2025-08-01 09:47:12 AM,2137.3,0,0.0,223457073.6
2025-08-01 09:47:13 AM,2139.3,0,0.0,223457073.6
2025-08-01 09:47:14 AM,2139.3,81,173283.30000000002,223630356.9
2025-08-01 09:47:20 AM,2139.0,0,0.0,223630356.9
2025-08-01 09:47:21 AM,2139.0,3,6417.0,223636773.9
2025-08-01 09:47:24 AM,2138.5,0,0.0,223636773.9
2025-08-01 09:47:25 AM,2138.2,0,0.0,223636773.9
2025-08-01 09:47:27 AM,2137.3,102,218004.6,223854778.5
2025-08-01 09:47:29 AM,2138.2,1,2138.2,223856916.7
2025-08-01 09:47:32 AM,2138.1,0,0.0,223856916.7
2025-08-01 09:47:33 AM,2138.1,52,111181.2,223968097.89999998
2025-08-01 09:47:36 AM,2137.5,215,459562.5,224427660.39999998
2025-08-01 09:47:39 AM,2137.4,0,0.0,224427660.39999998
2025-08-01 09:47:40 AM,2137.4,3,6412.200000000001,224434072.59999996
2025-08-01 09:47:42 AM,2140.7,0,0.0,224434072.59999996
2025-08-01 09:47:43 AM,2141.8,544,1165139.2000000002,225599211.79999995
2025-08-01 09:47:44 AM,2140.0,0,0.0,225599211.79999995
2025-08-01 09:47:46 AM,2141.7,0,0.0,225599211.79999995
2025-08-01 09:47:47 AM,2141.1,139,297612.89999999997,225896824.69999996
2025-08-01 09:47:49 AM,2142.7,15,32140.499999999996,225928965.19999996
2025-08-01 09:47:53 AM,2142.3,0,0.0,225928965.19999996
2025-08-01 09:47:54 AM,2142.3,38,81407.40000000001,226010372.59999996
2025-08-01 09:47:56 AM,2143.1,98,210023.8,226220396.39999998
2025-08-01 09:48:00 AM,2142.7,37,79279.9,226299676.29999998
2025-08-01 09:48:02 AM,2140.6,0,0.0,226299676.29999998
2025-08-01 09:48:03 AM,2140.6,179,383167.39999999997,226682843.7
2025-08-01 09:48:07 AM,2141.1,0,0.0,226682843.7
2025-08-01 09:48:07 AM,2140.2,55,117710.99999999999,226800554.7
2025-08-01 09:48:07 AM,2143.0,0,0.0,226800554.7
2025-08-01 09:48:09 AM,2143.0,303,649329.0,227449883.7
2025-08-01 09:48:11 AM,2142.5,0,0.0,227449883.7
2025-08-01 09:48:13 AM,2142.5,824,1765420.0,229215303.7
2025-08-01 09:48:15 AM,2145.0,0,0.0,229215303.7
2025-08-01 09:48:16 AM,2145.0,100,214500.0,229429803.7
2025-08-01 09:48:19 AM,2142.8,0,0.0,229429803.7
2025-08-01 09:48:19 AM,2142.2,104,222788.8,229652592.5
2025-08-01 09:48:22 AM,2142.3,12,25707.600000000002,229678300.1
2025-08-01 09:48:26 AM,2144.6,855,1833633.0,231511933.1
2025-08-01 09:48:27 AM,2147.6,0,0.0,231511933.1
2025-08-01 09:48:29 AM,2146.5,31,66541.5,231578474.6
2025-08-01 09:48:31 AM,2146.4,0,0.0,231578474.6
2025-08-01 09:48:32 AM,2146.4,38,81563.2,231660037.79999998
2025-08-01 09:48:35 AM,2145.9,0,0.0,231660037.79999998
2025-08-01 09:48:35 AM,2145.9,102,218881.80000000002,231878919.6
2025-08-01 09:48:39 AM,2146.9,0,0.0,231878919.6
2025-08-01 09:48:39 AM,2146.9,100,214690.0,232093609.6
2025-08-01 09:48:43 AM,2144.8,0,0.0,232093609.6
2025-08-01 09:48:45 AM,2144.8,31,66488.8,232160098.4
2025-08-01 09:48:51 AM,2142.6,0,0.0,232160098.4
2025-08-01 09:48:52 AM,2142.6,28,59992.799999999996,232220091.20000002
2025-08-01 09:48:54 AM,2145.0,239,512655.0,232732746.20000002
2025-08-01 09:48:59 AM,2142.5,0,0.0,232732746.20000002
2025-08-01 09:49:01 AM,2142.5,38,81415.0,232814161.20000002
2025-08-01 09:49:03 AM,2145.0,0,0.0,232814161.20000002
2025-08-01 09:49:04 AM,2145.0,293,628485.0,233442646.20000002
2025-08-01 09:49:06 AM,2144.6,0,0.0,233442646.20000002
2025-08-01 09:49:06 AM,2144.2,0,0.0,233442646.20000002
2025-08-01 09:49:07 AM,2144.2,29,62181.799999999996,233504828.00000003
2025-08-01 09:49:11 AM,2144.3,36,77194.8,233582022.80000004
2025-08-01 09:49:13 AM,2144.3,7,15010.100000000002,233597032.90000004
2025-08-01 09:49:15 AM,2143.6,0,0.0,233597032.90000004
2025-08-01 09:49:17 AM,2143.6,196,420145.6,234017178.50000003
2025-08-01 09:49:21 AM,2143.3,0,0.0,234017178.50000003
2025-08-01 09:49:23 AM,2143.3,14,30006.200000000004,234047184.70000002
2025-08-01 09:49:25 AM,2140.7,98,209788.59999999998,234256973.3
2025-08-01 09:49:27 AM,2142.6,0,0.0,234256973.3
2025-08-01 09:49:29 AM,2142.1,98,209925.8,234466899.10000002
2025-08-01 09:49:30 AM,2142.6,0,0.0,234466899.10000002
2025-08-01 09:49:30 AM,2142.2,0,0.0,234466899.10000002
2025-08-01 09:49:32 AM,2142.6,107,229258.19999999998,234696157.3
2025-08-01 09:49:35 AM,2142.0,100,214200.0,234910357.3
2025-08-01 09:49:38 AM,2145.1,663,1422201.3,236332558.60000002
2025-08-01 09:49:39 AM,2144.6,0,0.0,236332558.60000002
2025-08-01 09:49:42 AM,2145.6,0,0.0,236332558.60000002
2025-08-01 09:49:42 AM,2145.6,104,223142.4,236555701.00000003
2025-08-01 09:49:44 AM,2144.6,93,199447.8,236755148.80000004
2025-08-01 09:49:51 AM,2143.1,0,0.0,236755148.80000004
2025-08-01 09:49:54 AM,2143.1,20,42862.0,236798010.80000004
2025-08-01 09:50:01 AM,2143.1,2,4286.2,236802297.00000003
2025-08-01 09:50:02 AM,2141.8,0,0.0,236802297.00000003
2025-08-01 09:50:04 AM,2141.8,2788,5971338.4,242773635.40000004
2025-08-01 09:50:05 AM,2140.8,0,0.0,242773635.40000004
2025-08-01 09:50:07 AM,2140.6,0,0.0,242773635.40000004
2025-08-01 09:50:07 AM,2140.6,412,881927.2,243655562.60000002
2025-08-01 09:50:08 AM,2140.1,0,0.0,243655562.60000002
2025-08-01 09:50:10 AM,2140.1,150,321015.0,243976577.60000002
2025-08-01 09:50:12 AM,2140.2,0,0.0,243976577.60000002
2025-08-01 09:50:14 AM,2140.1,179,383077.89999999997,244359655.50000003
2025-08-01 09:50:17 AM,2140.0,163,348820.0,244708475.50000003
2025-08-01 09:50:20 AM,2140.1,48,102724.79999999999,244811200.30000004
2025-08-01 09:50:25 AM,2140.0,0,0.0,244811200.30000004
2025-08-01 09:50:26 AM,2140.0,5,10700.0,244821900.30000004
2025-08-01 09:50:33 AM,2140.0,35,74900.0,244896800.30000004
2025-08-01 09:50:34 AM,2140.1,0,0.0,244896800.30000004
2025-08-01 09:50:35 AM,2140.0,35,74900.0,244971700.30000004
2025-08-01 09:50:39 AM,2140.0,17,36380.0,245008080.30000004
2025-08-01 09:50:43 AM,2140.1,0,0.0,245008080.30000004
2025-08-01 09:50:44 AM,2140.0,0,0.0,245008080.30000004
2025-08-01 09:50:45 AM,2140.0,12,25680.0,245033760.30000004
2025-08-01 09:50:47 AM,2142.7,0,0.0,245033760.30000004
2025-08-01 09:50:48 AM,2142.7,812,1739872.4,246773632.70000005
2025-08-01 09:50:50 AM,2141.2,0,0.0,246773632.70000005
2025-08-01 09:50:51 AM,2141.2,142,304050.39999999997,247077683.10000005
2025-08-01 09:50:56 AM,2140.1,0,0.0,247077683.10000005
2025-08-01 09:50:58 AM,2140.1,45,96304.5,247173987.60000005
2025-08-01 09:51:04 AM,2141.3,0,0.0,247173987.60000005
2025-08-01 09:51:04 AM,2141.3,25,53532.50000000001,247227520.10000005
2025-08-01 09:51:06 AM,2141.2,20,42824.0,247270344.10000005
2025-08-01 09:51:09 AM,2142.0,0,0.0,247270344.10000005
2025-08-01 09:51:10 AM,2142.0,287,614754.0,247885098.10000005
2025-08-01 09:51:12 AM,2142.0,5,10710.0,247895808.10000005
2025-08-01 09:51:17 AM,2140.7,72,154130.4,248049938.50000006
2025-08-01 09:51:22 AM,2141.8,0,0.0,248049938.50000006
2025-08-01 09:51:23 AM,2141.8,63,134933.40000000002,248184871.90000007
2025-08-01 09:51:29 AM,2141.0,5,10705.0,248195576.90000007
2025-08-01 09:51:38 AM,2141.8,0,0.0,248195576.90000007
2025-08-01 09:51:38 AM,2141.8,7,14992.600000000002,248210569.50000006
2025-08-01 09:51:42 AM,2141.0,0,0.0,248210569.50000006
2025-08-01 09:51:44 AM,2141.0,16,34256.0,248244825.50000006
2025-08-01 09:51:47 AM,2141.9,0,0.0,248244825.50000006
2025-08-01 09:51:48 AM,2141.9,543,1163051.7,249407877.20000005
2025-08-01 09:51:50 AM,2141.4,0,0.0,249407877.20000005
2025-08-01 09:51:50 AM,2141.4,7,14989.800000000001,249422867.00000006
2025-08-01 09:51:52 AM,2141.3,0,0.0,249422867.00000006
2025-08-01 09:51:54 AM,2141.3,22,47108.600000000006,249469975.60000005
2025-08-01 09:52:03 AM,2141.4,9,19272.600000000002,249489248.20000005
2025-08-01 09:52:06 AM,2141.4,180,385452.0,249874700.20000005
2025-08-01 09:52:09 AM,2141.4,9,19272.600000000002,249893972.80000004
2025-08-01 09:52:12 AM,2141.4,31,66383.40000000001,249960356.20000005
2025-08-01 09:52:15 AM,2141.4,3,6424.200000000001,249966780.40000004
2025-08-01 09:52:18 AM,2141.4,11,23555.4,249990335.80000004
2025-08-01 09:52:25 AM,2141.4,1,2141.4,249992477.20000005
2025-08-01 09:52:31 AM,2141.4,41,87797.40000000001,250080274.60000005
2025-08-01 09:52:37 AM,2141.4,4,8565.6,250088840.20000005
2025-08-01 09:52:40 AM,2141.2,45,96353.99999999999,250185194.20000005
2025-08-01 09:52:52 AM,2144.5,0,0.0,250185194.20000005
2025-08-01 09:52:55 AM,2145.2,0,0.0,250185194.20000005
2025-08-01 09:52:55 AM,2145.2,633,1357911.5999999999,251543105.80000004
2025-08-01 09:52:58 AM,2143.6,2,4287.2,251547393.00000003
2025-08-01 09:53:01 AM,2145.2,0,0.0,251547393.00000003
2025-08-01 09:53:01 AM,2145.2,31,66501.2,251613894.20000002
2025-08-01 09:53:02 AM,2143.6,0,0.0,251613894.20000002
2025-08-01 09:53:03 AM,2143.6,12,25723.199999999997,251639617.4
2025-08-01 09:53:07 AM,2143.5,0,0.0,251639617.4
2025-08-01 09:53:07 AM,2143.5,1,2143.5,251641760.9
2025-08-01 09:53:16 AM,2143.4,2,4286.8,251646047.70000002
2025-08-01 09:53:20 AM,2143.4,48,102883.20000000001,251748930.9
2025-08-01 09:53:28 AM,2143.3,2,4286.6,251753217.5
2025-08-01 09:53:38 AM,2141.0,0,0.0,251753217.5
2025-08-01 09:53:38 AM,2141.0,774,1657134.0,253410351.5
2025-08-01 09:53:43 AM,2138.1,0,0.0,253410351.5
2025-08-01 09:53:45 AM,2139.6,468,1001332.7999999999,254411684.3
2025-08-01 09:54:03 AM,2138.7,2,4277.4,254415961.70000002
2025-08-01 09:54:09 AM,2138.7,2,4277.4,254420239.10000002
2025-08-01 09:54:14 AM,2139.4,0,0.0,254420239.10000002
2025-08-01 09:54:16 AM,2139.4,4,8557.6,254428796.70000002
2025-08-01 09:54:27 AM,2138.8,0,0.0,254428796.70000002
2025-08-01 09:54:28 AM,2138.8,3,6416.400000000001,254435213.10000002
2025-08-01 09:54:33 AM,2139.2,0,0.0,254435213.10000002
2025-08-01 09:54:33 AM,2135.8,0,0.0,254435213.10000002
2025-08-01 09:54:34 AM,2135.8,904,1930763.2000000002,256365976.3
2025-08-01 09:54:41 AM,2136.3,142,303354.60000000003,256669330.9
2025-08-01 09:54:42 AM,2138.5,0,0.0,256669330.9
2025-08-01 09:54:45 AM,2137.5,0,0.0,256669330.9
2025-08-01 09:54:45 AM,2139.2,0,0.0,256669330.9
2025-08-01 09:54:46 AM,2139.2,2117,4528686.399999999,261198017.3
2025-08-01 09:54:47 AM,2142.0,348,745416.0,261943433.3
2025-08-01 09:54:48 AM,2141.7,0,0.0,261943433.3
2025-08-01 09:54:48 AM,2139.4,0,0.0,261943433.3
2025-08-01 09:54:51 AM,2140.5,0,0.0,261943433.3
2025-08-01 09:54:51 AM,2141.8,0,0.0,261943433.3
2025-08-01 09:54:52 AM,2142.5,1453,3113052.5,265056485.8
2025-08-01 09:54:53 AM,2142.5,109,233532.5,265290018.3
2025-08-01 09:54:57 AM,2143.0,0,0.0,265290018.3
2025-08-01 09:54:58 AM,2143.0,1084,2323012.0,267613030.3
2025-08-01 09:55:00 AM,2141.5,0,0.0,267613030.3
2025-08-01 09:55:00 AM,2141.5,555,1188532.5,268801562.8
2025-08-01 09:55:02 AM,2141.5,1,2141.5,268803704.3
2025-08-01 09:55:02 AM,2141.5,67,143480.5,268947184.8
2025-08-01 09:55:03 AM,2140.5,714,1528317.0,270475501.8
2025-08-01 09:55:05 AM,2143.3,0,0.0,270475501.8
2025-08-01 09:55:05 AM,2143.3,89,190753.7,270666255.5
2025-08-01 09:55:05 AM,2142.7,1,2142.7,270668398.2
2025-08-01 09:55:05 AM,2144.0,0,0.0,270668398.2
2025-08-01 09:55:06 AM,2145.7,317,680186.8999999999,271348585.09999996
2025-08-01 09:55:06 AM,2144.5,34,72913.0,271421498.09999996
2025-08-01 09:55:08 AM,2145.9,152,326176.8,271747674.9
2025-08-01 09:55:10 AM,2146.8,0,0.0,271747674.9
2025-08-01 09:55:10 AM,2144.7,2168,4649709.6,276397384.5
2025-08-01 09:55:11 AM,2145.3,0,0.0,276397384.5
2025-08-01 09:55:11 AM,2145.3,48,102974.40000000001,276500358.9
2025-08-01 09:55:11 AM,2145.9,145,311155.5,276811514.4
2025-08-01 09:55:12 AM,2148.1,0,0.0,276811514.4
2025-08-01 09:55:12 AM,2147.8,719,1544268.2000000002,278355782.59999996
2025-08-01 09:55:13 AM,2147.1,296,635541.6,278991324.2
2025-08-01 09:55:14 AM,2144.0,0,0.0,278991324.2
2025-08-01 09:55:14 AM,2145.3,12,25743.600000000002,279017067.8
2025-08-01 09:55:15 AM,2146.5,516,1107594.0,280124661.8
2025-08-01 09:55:16 AM,2146.2,1,2146.2,280126808.0
2025-08-01 09:55:16 AM,2145.2,0,0.0,280126808.0
2025-08-01 09:55:17 AM,2145.2,111,238117.19999999998,280364925.2
2025-08-01 09:55:19 AM,2146.6,140,300524.0,280665449.2
2025-08-01 09:55:21 AM,2146.0,0,0.0,280665449.2
2025-08-01 09:55:22 AM,2145.0,34,72930.0,280738379.2
2025-08-01 09:55:24 AM,2145.2,0,0.0,280738379.2
2025-08-01 09:55:24 AM,2145.2,10,21452.0,280759831.2
2025-08-01 09:55:24 AM,2146.6,0,0.0,280759831.2
2025-08-01 09:55:25 AM,2148.4,115,247066.0,281006897.2
2025-08-01 09:55:26 AM,2149.4,170,365398.0,281372295.2
2025-08-01 09:55:28 AM,2150.7,47,101082.9,281473378.09999996
2025-08-01 09:55:29 AM,2148.0,150,322200.0,281795578.09999996
2025-08-01 09:55:30 AM,2149.4,0,0.0,281795578.09999996
2025-08-01 09:55:30 AM,2149.4,9,19344.600000000002,281814922.7
2025-08-01 09:55:30 AM,2149.9,0,0.0,281814922.7
2025-08-01 09:55:31 AM,2149.9,132,283786.8,282098709.5
2025-08-01 09:55:33 AM,2150.8,43,92484.40000000001,282191193.9
2025-08-01 09:55:34 AM,2149.3,0,0.0,282191193.9
2025-08-01 09:55:34 AM,2149.3,2,4298.6,282195492.5
2025-08-01 09:55:36 AM,2149.4,0,0.0,282195492.5
2025-08-01 09:55:36 AM,2149.4,8,17195.2,282212687.7
2025-08-01 09:55:37 AM,2150.7,0,0.0,282212687.7
2025-08-01 09:55:37 AM,2150.7,65,139795.5,282352483.2
2025-08-01 09:55:41 AM,2149.3,0,0.0,282352483.2
2025-08-01 09:55:41 AM,2149.3,4,8597.2,282361080.4
2025-08-01 09:55:42 AM,2149.2,18,38685.6,282399766.0
2025-08-01 09:55:43 AM,2151.4,0,0.0,282399766.0
2025-08-01 09:55:43 AM,2151.4,94,202231.6,282601997.6
2025-08-01 09:55:44 AM,2150.0,57,122550.0,282724547.6
2025-08-01 09:55:45 AM,2149.3,0,0.0,282724547.6
2025-08-01 09:55:45 AM,2149.3,18,38687.4,282763235.0
2025-08-01 09:55:47 AM,2150.0,0,0.0,282763235.0
2025-08-01 09:55:47 AM,2150.0,8,17200.0,282780435.0
2025-08-01 09:55:48 AM,2151.0,0,0.0,282780435.0
2025-08-01 09:55:48 AM,2151.0,74,159174.0,282939609.0
2025-08-01 09:55:50 AM,2150.6,7,15054.199999999999,282954663.2
2025-08-01 09:55:51 AM,2151.5,0,0.0,282954663.2
2025-08-01 09:55:51 AM,2151.5,10,21515.0,282976178.2
2025-08-01 09:55:51 AM,2151.7,1,2151.7,282978329.9
2025-08-01 09:55:52 AM,2150.6,0,0.0,282978329.9
2025-08-01 09:55:52 AM,2150.6,25,53765.0,283032094.9
2025-08-01 09:55:53 AM,2150.2,0,0.0,283032094.9
2025-08-01 09:55:53 AM,2150.2,5,10751.0,283042845.9
2025-08-01 09:55:54 AM,2150.9,0,0.0,283042845.9
2025-08-01 09:55:54 AM,2150.5,0,0.0,283042845.9
2025-08-01 09:55:54 AM,2150.5,107,230103.5,283272949.4
2025-08-01 09:55:55 AM,2150.4,13,27955.2,283300904.59999996
2025-08-01 09:55:57 AM,2150.0,10,21500.0,283322404.59999996
2025-08-01 09:56:00 AM,2150.1,0,0.0,283322404.59999996
2025-08-01 09:56:00 AM,2150.1,1,2150.1,283324554.7
2025-08-01 09:56:00 AM,2151.5,5,10757.5,283335312.2
2025-08-01 09:56:01 AM,2152.3,0,0.0,283335312.2
2025-08-01 09:56:01 AM,2152.3,28,60264.40000000001,283395576.59999996
2025-08-01 09:56:02 AM,2151.3,8,17210.4,283412786.99999994
2025-08-01 09:56:04 AM,2152.4,1,2152.4,283414939.3999999
2025-08-01 09:56:05 AM,2152.4,1,2152.4,283417091.7999999
2025-08-01 09:56:07 AM,2152.0,50,107600.0,283524691.7999999
2025-08-01 09:56:10 AM,2153.1,100,215310.0,283740001.7999999
2025-08-01 09:56:10 AM,2151.1,6,12906.599999999999,283752908.3999999
2025-08-01 09:56:11 AM,2152.1,5,10760.5,283763668.8999999
2025-08-01 09:56:14 AM,2151.0,0,0.0,283763668.8999999
2025-08-01 09:56:14 AM,2151.0,12,25812.0,283789480.8999999
2025-08-01 09:56:17 AM,2151.4,3,6454.200000000001,283795935.0999999
2025-08-01 09:56:18 AM,2151.1,25,53777.5,283849712.5999999
2025-08-01 09:56:20 AM,2151.1,3,6453.299999999999,283856165.8999999
2025-08-01 09:56:20 AM,2150.4,145,311808.0,284167973.8999999
2025-08-01 09:56:22 AM,2150.0,1722,3702300.0,287870273.8999999
2025-08-01 09:56:25 AM,2150.0,128,275200.0,288145473.8999999
2025-08-01 09:56:26 AM,2150.0,6,12900.0,288158373.8999999
2025-08-01 09:56:28 AM,2150.0,32,68800.0,288227173.8999999
2025-08-01 09:56:30 AM,2150.2,0,0.0,288227173.8999999
2025-08-01 09:56:30 AM,2150.2,40,86008.0,288313181.8999999
2025-08-01 09:56:31 AM,2150.2,35,75257.0,288388438.8999999
2025-08-01 09:56:34 AM,2150.0,95,204250.0,288592688.8999999
2025-08-01 09:56:35 AM,2150.2,0,0.0,288592688.8999999
2025-08-01 09:56:35 AM,2150.2,31,66656.2,288659345.0999999
2025-08-01 09:56:36 AM,2150.2,46,98909.2,288758254.2999999
2025-08-01 09:56:37 AM,2150.1,5,10750.5,288769004.7999999
2025-08-01 09:56:40 AM,2150.2,305,655811.0,289424815.7999999
2025-08-01 09:56:42 AM,2150.0,0,0.0,289424815.7999999
2025-08-01 09:56:42 AM,2150.0,36,77400.0,289502215.7999999
2025-08-01 09:56:42 AM,2150.2,90,193517.99999999997,289695733.7999999
2025-08-01 09:56:46 AM,2148.5,0,0.0,289695733.7999999
2025-08-01 09:56:46 AM,2148.5,5,10742.5,289706476.2999999
2025-08-01 09:56:50 AM,2148.6,0,0.0,289706476.2999999
2025-08-01 09:56:50 AM,2148.6,13,27931.8,289734408.0999999
2025-08-01 09:56:51 AM,2150.2,158,339731.6,290074139.6999999
2025-08-01 09:56:54 AM,2149.9,0,0.0,290074139.6999999
2025-08-01 09:56:55 AM,2149.9,1,2149.9,290076289.5999999
2025-08-01 09:56:56 AM,2149.8,0,0.0,290076289.5999999
2025-08-01 09:56:56 AM,2149.8,1,2149.8,290078439.3999999
2025-08-01 09:56:58 AM,2149.0,0,0.0,290078439.3999999
2025-08-01 09:56:58 AM,2149.0,1500,3223500.0,293301939.3999999
2025-08-01 09:57:00 AM,2149.0,157,337393.0,293639332.3999999
2025-08-01 09:57:04 AM,2151.3,594,1277872.2000000002,294917204.5999999
2025-08-01 09:57:09 AM,2153.3,0,0.0,294917204.5999999
2025-08-01 09:57:10 AM,2153.3,175,376827.50000000006,295294032.0999999
2025-08-01 09:57:16 AM,2153.3,32,68905.6,295362937.6999999
2025-08-01 09:57:17 AM,2153.0,0,0.0,295362937.6999999
2025-08-01 09:57:17 AM,2153.0,1,2153.0,295365090.6999999
2025-08-01 09:57:27 AM,2152.7,27,58122.899999999994,295423213.5999999
2025-08-01 09:57:29 AM,2152.7,2,4305.4,295427518.9999999
2025-08-01 09:57:33 AM,2151.1,0,0.0,295427518.9999999
2025-08-01 09:57:33 AM,2151.1,10,21511.0,295449029.9999999
2025-08-01 09:57:39 AM,2152.4,75,161430.0,295610459.9999999
2025-08-01 09:57:48 AM,2150.4,6,12902.400000000001,295623362.39999986
2025-08-01 09:57:53 AM,2152.0,0,0.0,295623362.39999986
2025-08-01 09:57:54 AM,2152.0,11,23672.0,295647034.39999986
2025-08-01 09:57:57 AM,2152.0,8,17216.0,295664250.39999986
2025-08-01 09:58:03 AM,2150.4,4,8601.6,295672851.9999999
2025-08-01 09:58:06 AM,2150.3,6,12901.800000000001,295685753.7999999
2025-08-01 09:58:09 AM,2150.4,50,107520.0,295793273.7999999
2025-08-01 09:58:18 AM,2150.3,0,0.0,295793273.7999999
2025-08-01 09:58:18 AM,2150.3,27,58058.100000000006,295851331.8999999
2025-08-01 09:58:24 AM,2150.3,68,146220.40000000002,295997552.2999999
2025-08-01 09:58:26 AM,2150.0,0,0.0,295997552.2999999
2025-08-01 09:58:27 AM,2150.0,6,12900.0,296010452.2999999
2025-08-01 09:58:40 AM,2150.0,10,21500.0,296031952.2999999
2025-08-01 09:58:42 AM,2150.0,6,12900.0,296044852.2999999
2025-08-01 09:58:46 AM,2150.0,2,4300.0,296049152.2999999
2025-08-01 09:58:49 AM,2149.0,9,19341.0,296068493.2999999
2025-08-01 09:58:52 AM,2150.3,214,460164.2,296528657.4999999
2025-08-01 09:59:01 AM,2149.6,0,0.0,296528657.4999999
2025-08-01 09:59:01 AM,2149.6,70,150472.0,296679129.4999999
2025-08-01 09:59:04 AM,2149.6,7,15047.199999999999,296694176.69999987
2025-08-01 09:59:06 AM,2149.5,0,0.0,296694176.69999987
2025-08-01 09:59:07 AM,2149.1,0,0.0,296694176.69999987
2025-08-01 09:59:07 AM,2149.1,26,55876.6,296750053.2999999
2025-08-01 09:59:10 AM,2149.1,3,6447.299999999999,296756500.5999999
2025-08-01 09:59:13 AM,2149.1,6,12894.599999999999,296769395.1999999
2025-08-01 09:59:16 AM,2149.6,0,0.0,296769395.1999999
2025-08-01 09:59:16 AM,2149.1,153,328812.3,297098207.49999994
2025-08-01 09:59:19 AM,2148.9,250,537225.0,297635432.49999994
2025-08-01 09:59:23 AM,2147.3,1115,2394239.5,300029671.99999994
2025-08-01 09:59:26 AM,2146.8,6,12880.800000000001,300042552.79999995
2025-08-01 09:59:28 AM,2146.3,0,0.0,300042552.79999995
2025-08-01 09:59:29 AM,2146.3,59,126631.70000000001,300169184.49999994
2025-08-01 09:59:32 AM,2144.9,0,0.0,300169184.49999994
2025-08-01 09:59:32 AM,2144.9,897,1923975.3,302093159.79999995
2025-08-01 09:59:35 AM,2144.4,128,274483.2,302367642.99999994
2025-08-01 09:59:47 AM,2144.3,0,0.0,302367642.99999994
2025-08-01 09:59:48 AM,2144.3,7,15010.100000000002,302382653.09999996
2025-08-01 09:59:54 AM,2144.3,111,238017.30000000002,302620670.4
2025-08-01 10:00:00 AM,2146.8,853,1831220.4000000001,304451890.79999995
2025-08-01 10:00:01 AM,2146.9,0,0.0,304451890.79999995
2025-08-01 10:00:03 AM,2146.6,16,34345.6,304486236.4
2025-08-01 10:00:06 AM,2146.4,94,201761.6,304687998.0
2025-08-01 10:00:09 AM,2145.1,0,0.0,304687998.0
2025-08-01 10:00:09 AM,2145.1,34,72933.4,304760931.4
2025-08-01 10:00:19 AM,2144.6,10,21446.0,304782377.4
2025-08-01 10:00:20 AM,2144.0,0,0.0,304782377.4
2025-08-01 10:00:22 AM,2144.0,9,19296.0,304801673.4
2025-08-01 10:00:25 AM,2144.3,20,42886.0,304844559.4
2025-08-01 10:00:28 AM,2142.8,105,224994.00000000003,305069553.4
2025-08-01 10:00:31 AM,2144.2,28,60037.59999999999,305129591.0
2025-08-01 10:00:33 AM,2143.2,0,0.0,305129591.0
2025-08-01 10:00:35 AM,2143.2,10,21432.0,305151023.0
2025-08-01 10:00:38 AM,2143.2,19,40720.799999999996,305191743.8
2025-08-01 10:00:41 AM,2144.1,556,1192119.5999999999,306383863.40000004
2025-08-01 10:00:44 AM,2143.1,0,0.0,306383863.40000004
2025-08-01 10:00:44 AM,2143.1,10,21431.0,306405294.40000004
2025-08-01 10:00:47 AM,2144.2,495,1061379.0,307466673.40000004
2025-08-01 10:00:50 AM,2144.1,0,0.0,307466673.40000004
2025-08-01 10:00:50 AM,2144.2,146,313053.19999999995,307779726.6
2025-08-01 10:00:54 AM,2143.1,5,10715.5,307790442.1
2025-08-01 10:00:56 AM,2143.2,0,0.0,307790442.1
2025-08-01 10:00:57 AM,2143.2,16,34291.2,307824733.3
2025-08-01 10:01:00 AM,2144.2,35,75047.0,307899780.3
2025-08-01 10:01:02 AM,2143.3,0,0.0,307899780.3
2025-08-01 10:01:03 AM,2142.9,565,1210738.5,309110518.8
2025-08-01 10:01:06 AM,2143.1,106,227168.59999999998,309337687.40000004
2025-08-01 10:01:07 AM,2142.6,0,0.0,309337687.40000004
2025-08-01 10:01:09 AM,2142.8,0,0.0,309337687.40000004
2025-08-01 10:01:09 AM,2142.8,73,156424.40000000002,309494111.8
2025-08-01 10:01:16 AM,2142.8,9,19285.2,309513397.0
2025-08-01 10:01:19 AM,2140.1,0,0.0,309513397.0
2025-08-01 10:01:19 AM,2142.1,726,1555164.5999999999,311068561.6
2025-08-01 10:01:22 AM,2143.1,0,0.0,311068561.6
2025-08-01 10:01:22 AM,2143.1,310,664361.0,311732922.6
2025-08-01 10:01:25 AM,2142.6,77,164980.19999999998,311897902.8
2025-08-01 10:01:27 AM,2142.8,0,0.0,311897902.8
2025-08-01 10:01:28 AM,2142.8,43,92140.40000000001,311990043.2
2025-08-01 10:01:34 AM,2142.9,4,8571.6,311998614.8
2025-08-01 10:01:37 AM,2144.1,1208,2590072.8,314588687.6
2025-08-01 10:01:39 AM,2145.5,0,0.0,314588687.6
2025-08-01 10:01:40 AM,2145.5,58,124439.0,314713126.6
2025-08-01 10:01:43 AM,2142.0,0,0.0,314713126.6
2025-08-01 10:01:44 AM,2142.0,2018,4322556.0,319035682.6
2025-08-01 10:01:46 AM,2143.7,92,197220.4,319232903.0
2025-08-01 10:01:47 AM,2143.1,0,0.0,319232903.0
2025-08-01 10:01:48 AM,2142.0,0,0.0,319232903.0
2025-08-01 10:01:50 AM,2142.0,136,291312.0,319524215.0
2025-08-01 10:01:51 AM,2140.2,0,0.0,319524215.0
2025-08-01 10:01:52 AM,2140.2,50,107009.99999999999,319631225.0
2025-08-01 10:01:55 AM,2140.8,0,0.0,319631225.0
2025-08-01 10:01:56 AM,2140.8,5,10704.0,319641929.0
2025-08-01 10:02:01 AM,2140.8,6,12844.800000000001,319654773.8
2025-08-01 10:02:03 AM,2140.8,20,42816.0,319697589.8
2025-08-01 10:02:06 AM,2143.6,753,1614130.8,321311720.6
2025-08-01 10:02:07 AM,2143.1,1,2143.1,321313863.70000005
2025-08-01 10:02:09 AM,2143.2,0,0.0,321313863.70000005
2025-08-01 10:02:09 AM,2143.2,2025,4339980.0,325653843.70000005
2025-08-01 10:02:10 AM,2142.7,0,0.0,325653843.70000005
2025-08-01 10:02:10 AM,2143.1,141,302177.1,325956020.8000001
2025-08-01 10:02:11 AM,2143.1,1651,3538258.0999999996,329494278.9000001
2025-08-01 10:02:12 AM,2142.2,0,0.0,329494278.9000001
2025-08-01 10:02:12 AM,2141.0,0,0.0,329494278.9000001
2025-08-01 10:02:12 AM,2142.1,185,396288.5,329890567.4000001
2025-08-01 10:02:12 AM,2143.6,868,1860644.7999999998,331751212.2000001
2025-08-01 10:02:13 AM,2143.8,90,192942.00000000003,331944154.2000001
2025-08-01 10:02:14 AM,2143.3,2,4286.6,331948440.80000013
2025-08-01 10:02:15 AM,2144.5,171,366709.5,332315150.30000013
2025-08-01 10:02:16 AM,2143.1,73,156446.3,332471596.60000014
2025-08-01 10:02:17 AM,2143.4,0,0.0,332471596.60000014
2025-08-01 10:02:17 AM,2143.4,12,25720.800000000003,332497317.40000015
2025-08-01 10:02:24 AM,2143.8,64,137203.2,332634520.60000014
2025-08-01 10:02:30 AM,2143.5,0,0.0,332634520.60000014
2025-08-01 10:02:30 AM,2143.5,8,17148.0,332651668.60000014
2025-08-01 10:02:31 AM,2143.5,5,10717.5,332662386.10000014
2025-08-01 10:02:33 AM,2144.4,0,0.0,332662386.10000014
2025-08-01 10:02:33 AM,2144.4,5,10722.0,332673108.10000014
2025-08-01 10:02:34 AM,2143.6,9,19292.399999999998,332692400.5000001
2025-08-01 10:02:37 AM,2144.4,0,0.0,332692400.5000001
2025-08-01 10:02:37 AM,2144.4,5,10722.0,332703122.5000001
2025-08-01 10:02:40 AM,2144.4,5,10722.0,332713844.5000001
2025-08-01 10:02:56 AM,2143.6,0,0.0,332713844.5000001
2025-08-01 10:02:56 AM,2143.6,6,12861.599999999999,332726706.10000014
2025-08-01 10:03:10 AM,2144.4,0,0.0,332726706.10000014
2025-08-01 10:03:12 AM,2144.4,1,2144.4,332728850.5000001
2025-08-01 10:03:25 AM,2144.8,309,662743.2000000001,333391593.7000001
2025-08-01 10:03:26 AM,2144.4,0,0.0,333391593.7000001
2025-08-01 10:03:27 AM,2144.8,119,255231.2,333646824.9000001
2025-08-01 10:03:30 AM,2145.3,0,0.0,333646824.9000001
2025-08-01 10:03:32 AM,2145.3,889,1907171.7000000002,335553996.6000001
2025-08-01 10:03:34 AM,2146.2,0,0.0,335553996.6000001
2025-08-01 10:03:34 AM,2146.2,66,141649.19999999998,335695645.8000001
2025-08-01 10:03:38 AM,2148.4,0,0.0,335695645.8000001
2025-08-01 10:03:38 AM,2147.7,0,0.0,335695645.8000001
2025-08-01 10:03:38 AM,2147.7,204,438130.8,336133776.6000001
2025-08-01 10:03:40 AM,2148.4,3,6445.200000000001,336140221.8000001
2025-08-01 10:03:42 AM,2148.5,0,0.0,336140221.8000001
2025-08-01 10:03:44 AM,2149.7,102,219269.4,336359491.20000005
2025-08-01 10:03:46 AM,2148.7,3,6446.099999999999,336365937.3000001
2025-08-01 10:03:56 AM,2151.5,397,854145.5,337220082.8000001
2025-08-01 10:03:58 AM,2153.2,0,0.0,337220082.8000001
2025-08-01 10:03:59 AM,2153.2,57,122732.4,337342815.20000005
2025-08-01 10:04:05 AM,2153.4,38,81829.2,337424644.40000004
2025-08-01 10:04:06 AM,2152.1,0,0.0,337424644.40000004
2025-08-01 10:04:09 AM,2152.1,1,2152.1,337426796.50000006
2025-08-01 10:04:11 AM,2152.1,125,269012.5,337695809.00000006
2025-08-01 10:04:17 AM,2149.4,34,73079.6,337768888.6000001
2025-08-01 10:04:26 AM,2148.8,0,0.0,337768888.6000001
2025-08-01 10:04:28 AM,2148.8,6,12892.800000000001,337781781.4000001
2025-08-01 10:04:42 AM,2148.8,6,12892.800000000001,337794674.2000001
2025-08-01 10:04:44 AM,2149.4,0,0.0,337794674.2000001
2025-08-01 10:04:47 AM,2149.4,20,42988.0,337837662.2000001
2025-08-01 10:04:56 AM,2148.7,0,0.0,337837662.2000001
2025-08-01 10:04:59 AM,2149.4,53,113918.20000000001,337951580.4000001
2025-08-01 10:05:05 AM,2149.4,124,266525.60000000003,338218106.0000001
2025-08-01 10:05:07 AM,2149.3,67,144003.1,338362109.10000014
2025-08-01 10:05:11 AM,2149.4,0,0.0,338362109.10000014
2025-08-01 10:05:11 AM,2149.4,88,189147.2,338551256.30000013
2025-08-01 10:05:13 AM,2149.0,14,30086.0,338581342.30000013
2025-08-01 10:05:18 AM,2148.8,281,603812.8,339185155.10000014
2025-08-01 10:05:20 AM,2149.0,5,10745.0,339195900.10000014
2025-08-01 10:05:24 AM,2149.0,10,21490.0,339217390.10000014
2025-08-01 10:05:26 AM,2148.1,6,12888.599999999999,339230278.70000017
2025-08-01 10:05:42 AM,2148.8,0,0.0,339230278.70000017
2025-08-01 10:05:42 AM,2148.8,7,15041.600000000002,339245320.3000002
2025-08-01 10:05:44 AM,2149.0,51,109599.0,339354919.3000002
2025-08-01 10:05:50 AM,2149.0,41,88109.0,339443028.3000002
2025-08-01 10:05:54 AM,2149.0,99,212751.0,339655779.3000002
2025-08-01 10:05:56 AM,2149.0,56,120344.0,339776123.3000002
2025-08-01 10:05:57 AM,2149.2,0,0.0,339776123.3000002
2025-08-01 10:06:00 AM,2149.2,40,85968.0,339862091.3000002
2025-08-01 10:06:06 AM,2148.8,6,12892.800000000001,339874984.1000002
2025-08-01 10:06:08 AM,2148.8,15,32232.000000000004,339907216.1000002
2025-08-01 10:06:14 AM,2148.1,208,446804.8,340354020.9000002
2025-08-01 10:06:17 AM,2150.0,0,0.0,340354020.9000002
2025-08-01 10:06:17 AM,2150.0,806,1732900.0,342086920.9000002
2025-08-01 10:06:20 AM,2150.0,4,8600.0,342095520.9000002
2025-08-01 10:06:26 AM,2150.6,0,0.0,342095520.9000002
2025-08-01 10:06:26 AM,2150.6,7,15054.199999999999,342110575.1000002
2025-08-01 10:06:41 AM,2149.3,8,17194.4,342127769.5000002
2025-08-01 10:06:46 AM,2148.8,0,0.0,342127769.5000002
2025-08-01 10:06:48 AM,2148.8,6,12892.800000000001,342140662.3000002
2025-08-01 10:07:02 AM,2148.8,6,12892.800000000001,342153555.1000002
2025-08-01 10:07:06 AM,2150.0,0,0.0,342153555.1000002
2025-08-01 10:07:06 AM,2150.0,5,10750.0,342164305.1000002
2025-08-01 10:07:12 AM,2150.0,2,4300.0,342168605.1000002
2025-08-01 10:07:21 AM,2149.9,0,0.0,342168605.1000002
2025-08-01 10:07:21 AM,2149.9,55,118244.5,342286849.6000002
2025-08-01 10:07:26 AM,2149.0,0,0.0,342286849.6000002
2025-08-01 10:07:27 AM,2149.0,6,12894.0,342299743.6000002
2025-08-01 10:07:31 AM,2149.0,2,4298.0,342304041.6000002
2025-08-01 10:07:43 AM,2149.0,118,253582.0,342557623.6000002
2025-08-01 10:07:49 AM,2149.5,1,2149.5,342559773.1000002
2025-08-01 10:07:51 AM,2149.0,4,8596.0,342568369.1000002
2025-08-01 10:08:02 AM,2149.0,7,15043.0,342583412.1000002
2025-08-01 10:08:04 AM,2148.2,63,135336.59999999998,342718748.7000002
2025-08-01 10:08:07 AM,2148.9,0,0.0,342718748.7000002
2025-08-01 10:08:08 AM,2148.9,48,103147.20000000001,342821895.9000002
2025-08-01 10:08:21 AM,2147.5,0,0.0,342821895.9000002
2025-08-01 10:08:21 AM,2147.5,1,2147.5,342824043.4000002
2025-08-01 10:08:26 AM,2147.4,0,0.0,342824043.4000002
2025-08-01 10:08:27 AM,2147.4,7,15031.800000000001,342839075.2000002
2025-08-01 10:08:28 AM,2147.4,3,6442.200000000001,342845517.4000002
2025-08-01 10:08:30 AM,2147.5,0,0.0,342845517.4000002
2025-08-01 10:08:32 AM,2146.1,0,0.0,342845517.4000002
2025-08-01 10:08:33 AM,2146.1,23,49360.299999999996,342894877.7000002
2025-08-01 10:08:34 AM,2146.3,4,8585.2,342903462.9000002
2025-08-01 10:08:39 AM,2146.2,0,0.0,342903462.9000002
2025-08-01 10:08:39 AM,2146.2,3,6438.599999999999,342909901.50000024
2025-08-01 10:08:40 AM,2145.9,5,10729.5,342920631.00000024
2025-08-01 10:08:41 AM,2146.1,0,0.0,342920631.00000024
2025-08-01 10:08:44 AM,2146.8,0,0.0,342920631.00000024
2025-08-01 10:08:45 AM,2145.2,0,0.0,342920631.00000024
2025-08-01 10:08:45 AM,2145.2,372,798014.3999999999,343718645.4000002
2025-08-01 10:08:46 AM,2144.9,3,6434.700000000001,343725080.1000002
2025-08-01 10:08:52 AM,2144.9,3,6434.700000000001,343731514.8000002
2025-08-01 10:08:58 AM,2144.9,6,12869.400000000001,343744384.20000017
2025-08-01 10:08:59 AM,2145.0,0,0.0,343744384.20000017
2025-08-01 10:09:02 AM,2146.7,0,0.0,343744384.20000017
2025-08-01 10:09:02 AM,2146.7,982,2108059.4,345852443.60000014
2025-08-01 10:09:21 AM,2147.0,0,0.0,345852443.60000014
2025-08-01 10:09:22 AM,2147.0,6,12882.0,345865325.60000014
2025-08-01 10:09:38 AM,2147.1,2,4294.2,345869619.80000013
2025-08-01 10:09:44 AM,2147.1,6,12882.599999999999,345882502.40000015
2025-08-01 10:09:45 AM,2147.9,5,10739.5,345893241.90000015
2025-08-01 10:10:06 AM,2147.2,0,0.0,345893241.90000015
2025-08-01 10:10:06 AM,2147.2,8,17177.6,345910419.5000002
2025-08-01 10:10:18 AM,2147.9,570,1224303.0,347134722.5000002
2025-08-01 10:10:26 AM,2146.9,0,0.0,347134722.5000002
2025-08-01 10:10:26 AM,2146.9,12,25762.800000000003,347160485.3000002
2025-08-01 10:10:36 AM,2146.9,45,96610.5,347257095.8000002
2025-08-01 10:10:42 AM,2146.9,6,12881.400000000001,347269977.20000017
2025-08-01 10:10:54 AM,2147.8,69,148198.2,347418175.40000015
2025-08-01 10:11:05 AM,2147.8,2,4295.6,347422471.0000002
2025-08-01 10:11:07 AM,2146.1,61,130912.09999999999,347553383.1000002
2025-08-01 10:11:11 AM,2147.8,0,0.0,347553383.1000002
2025-08-01 10:11:12 AM,2147.8,6,12886.800000000001,347566269.9000002
2025-08-01 10:11:23 AM,2146.8,0,0.0,347566269.9000002
2025-08-01 10:11:23 AM,2146.8,1,2146.8,347568416.7000002
2025-08-01 10:11:29 AM,2147.5,0,0.0,347568416.7000002
2025-08-01 10:11:29 AM,2147.5,46,98785.0,347667201.7000002
2025-08-01 10:11:35 AM,2145.9,0,0.0,347667201.7000002
2025-08-01 10:11:35 AM,2145.8,0,0.0,347667201.7000002
2025-08-01 10:11:36 AM,2145.8,20,42916.0,347710117.7000002
2025-08-01 10:11:38 AM,2144.9,0,0.0,347710117.7000002
2025-08-01 10:11:40 AM,2146.0,159,341214.0,348051331.7000002
2025-08-01 10:11:44 AM,2144.9,0,0.0,348051331.7000002
2025-08-01 10:11:46 AM,2144.9,6,12869.400000000001,348064201.1000002
2025-08-01 10:11:47 AM,2144.4,0,0.0,348064201.1000002
2025-08-01 10:11:48 AM,2144.9,55,117969.5,348182170.6000002
2025-08-01 10:11:52 AM,2144.9,7,15014.300000000001,348197184.9000002
2025-08-01 10:11:53 AM,2145.4,0,0.0,348197184.9000002
2025-08-01 10:11:53 AM,2145.4,47,100833.8,348298018.7000002
2025-08-01 10:11:58 AM,2145.4,2306,4947292.4,353245311.1000002
2025-08-01 10:12:02 AM,2147.3,0,0.0,353245311.1000002
2025-08-01 10:12:04 AM,2146.5,585,1255702.5,354501013.6000002
2025-08-01 10:12:05 AM,2146.1,0,0.0,354501013.6000002
2025-08-01 10:12:05 AM,2146.1,39,83697.9,354584711.5000002
2025-08-01 10:12:14 AM,2148.3,0,0.0,354584711.5000002
2025-08-01 10:12:16 AM,2148.3,246,528481.8,355113193.3000002
2025-08-01 10:12:22 AM,2148.4,45,96678.0,355209871.3000002
2025-08-01 10:12:38 AM,2148.3,0,0.0,355209871.3000002
2025-08-01 10:12:39 AM,2148.3,1,2148.3,355212019.6000002
2025-08-01 10:12:47 AM,2147.0,0,0.0,355212019.6000002
2025-08-01 10:12:50 AM,2147.0,6,12882.0,355224901.6000002
2025-08-01 10:12:56 AM,2147.0,11,23617.0,355248518.6000002
2025-08-01 10:12:59 AM,2146.9,0,0.0,355248518.6000002
2025-08-01 10:13:02 AM,2147.6,116,249121.59999999998,355497640.2000002
2025-08-01 10:13:07 AM,2147.6,50,107380.0,355605020.2000002
2025-08-01 10:13:13 AM,2146.8,20,42936.0,355647956.2000002
2025-08-01 10:13:25 AM,2146.8,10,21468.0,355669424.2000002
2025-08-01 10:13:31 AM,2146.8,2,4293.6,355673717.80000025
2025-08-01 10:13:37 AM,2146.8,6,12880.800000000001,355686598.60000026
2025-08-01 10:13:38 AM,2146.8,4,8587.2,355695185.80000025
2025-08-01 10:13:43 AM,2146.0,4,8584.0,355703769.80000025
2025-08-01 10:13:44 AM,2145.4,0,0.0,355703769.80000025
2025-08-01 10:13:44 AM,2145.4,4,8581.6,355712351.4000003
2025-08-01 10:13:47 AM,2146.1,0,0.0,355712351.4000003
2025-08-01 10:13:49 AM,2146.1,10,21461.0,355733812.4000003
2025-08-01 10:13:55 AM,2146.1,15,32191.5,355766003.9000003
2025-08-01 10:14:01 AM,2146.7,81,173882.69999999998,355939886.60000026
2025-08-01 10:14:05 AM,2147.7,0,0.0,355939886.60000026
2025-08-01 10:14:07 AM,2148.7,327,702624.8999999999,356642511.50000024
2025-08-01 10:14:07 AM,2150.0,122,262300.0,356904811.50000024
2025-08-01 10:14:12 AM,2148.7,29,62312.299999999996,356967123.80000025
2025-08-01 10:14:23 AM,2148.8,0,0.0,356967123.80000025
2025-08-01 10:14:24 AM,2148.8,16,34380.8,357001504.60000026
2025-08-01 10:14:25 AM,2149.7,13,27946.1,357029450.7000003
2025-08-01 10:14:30 AM,2149.7,5,10748.5,357040199.2000003
2025-08-01 10:14:31 AM,2149.7,32,68790.4,357108989.60000026
2025-08-01 10:14:35 AM,2149.7,100,214969.99999999997,357323959.60000026
2025-08-01 10:14:41 AM,2147.2,0,0.0,357323959.60000026
2025-08-01 10:14:41 AM,2147.2,6,12883.199999999999,357336842.80000025
2025-08-01 10:14:47 AM,2149.1,0,0.0,357336842.80000025
2025-08-01 10:14:47 AM,2149.1,4,8596.4,357345439.2000002
2025-08-01 10:14:48 AM,2147.3,18,38651.4,357384090.6000002
2025-08-01 10:14:57 AM,2149.0,0,0.0,357384090.6000002
2025-08-01 10:14:59 AM,2149.0,117,251433.0,357635523.6000002
2025-08-01 10:15:07 AM,2148.7,0,0.0,357635523.6000002
2025-08-01 10:15:10 AM,2148.7,6,12892.199999999999,357648415.8000002
2025-08-01 10:15:22 AM,2148.7,6,12892.199999999999,357661308.0000002
2025-08-01 10:15:26 AM,2149.0,0,0.0,357661308.0000002
2025-08-01 10:15:28 AM,2149.0,1,2149.0,357663457.0000002
2025-08-01 10:15:31 AM,2148.6,0,0.0,357663457.0000002
2025-08-01 10:15:34 AM,2149.6,0,0.0,357663457.0000002
2025-08-01 10:15:34 AM,2149.6,50,107480.0,357770937.0000002
2025-08-01 10:15:35 AM,2149.6,5,10748.0,357781685.0000002
2025-08-01 10:15:46 AM,2148.6,0,0.0,357781685.0000002
2025-08-01 10:15:46 AM,2148.6,6,12891.599999999999,357794576.6000002
2025-08-01 10:16:04 AM,2148.6,6,12891.599999999999,357807468.2000002
2025-08-01 10:16:08 AM,2147.2,0,0.0,357807468.2000002
2025-08-01 10:16:09 AM,2147.2,150,322080.0,358129548.2000002
2025-08-01 10:16:13 AM,2148.6,0,0.0,358129548.2000002
2025-08-01 10:16:16 AM,2148.6,10,21486.0,358151034.2000002
2025-08-01 10:16:21 AM,2148.4,7,15038.800000000001,358166073.00000024
2025-08-01 10:16:26 AM,2147.2,0,0.0,358166073.00000024
2025-08-01 10:16:27 AM,2147.2,7,15030.399999999998,358181103.4000002
2025-08-01 10:16:28 AM,2146.9,2,4293.8,358185397.2000002
2025-08-01 10:16:33 AM,2149.7,498,1070550.5999999999,359255947.80000025
2025-08-01 10:16:39 AM,2148.8,3,6446.400000000001,359262394.2000002
2025-08-01 10:16:44 AM,2149.7,0,0.0,359262394.2000002
2025-08-01 10:16:45 AM,2149.7,10,21497.0,359283891.2000002
2025-08-01 10:16:49 AM,2148.8,0,0.0,359283891.2000002
2025-08-01 10:16:50 AM,2148.8,4,8595.2,359292486.4000002
2025-08-01 10:16:56 AM,2148.8,7,15041.600000000002,359307528.00000024
2025-08-01 10:17:01 AM,2148.8,9,19339.2,359326867.2000002
2025-08-01 10:17:07 AM,2148.7,0,0.0,359326867.2000002
2025-08-01 10:17:07 AM,2148.7,20,42974.0,359369841.2000002
2025-08-01 10:17:10 AM,2149.5,0,0.0,359369841.2000002
2025-08-01 10:17:12 AM,2149.5,8,17196.0,359387037.2000002
2025-08-01 10:17:14 AM,2148.6,0,0.0,359387037.2000002
2025-08-01 10:17:18 AM,2148.6,8,17188.8,359404226.00000024
2025-08-01 10:17:19 AM,2147.7,0,0.0,359404226.00000024
2025-08-01 10:17:19 AM,2147.7,7,15033.899999999998,359419259.9000002
2025-08-01 10:17:26 AM,2147.1,0,0.0,359419259.9000002
2025-08-01 10:17:28 AM,2147.2,0,0.0,359419259.9000002
2025-08-01 10:17:30 AM,2147.2,91,195395.19999999998,359614655.1000002
2025-08-01 10:17:42 AM,2147.2,6,12883.199999999999,359627538.3000002
2025-08-01 10:17:47 AM,2147.3,0,0.0,359627538.3000002
2025-08-01 10:17:47 AM,2147.3,1,2147.3,359629685.6000002
2025-08-01 10:17:58 AM,2147.2,0,0.0,359629685.6000002
2025-08-01 10:17:59 AM,2147.2,9,19324.8,359649010.4000002
2025-08-01 10:18:01 AM,2146.1,0,0.0,359649010.4000002
2025-08-01 10:18:02 AM,2146.9,0,0.0,359649010.4000002
2025-08-01 10:18:05 AM,2146.9,298,639776.2000000001,360288786.6000002
2025-08-01 10:18:07 AM,2146.1,0,0.0,360288786.6000002
2025-08-01 10:18:11 AM,2146.9,111,238305.90000000002,360527092.5000002
2025-08-01 10:18:16 AM,2146.1,0,0.0,360527092.5000002
2025-08-01 10:18:17 AM,2146.1,1,2146.1,360529238.6000002
2025-08-01 10:18:19 AM,2146.0,0,0.0,360529238.6000002
2025-08-01 10:18:22 AM,2146.0,12,25752.0,360554990.6000002
2025-08-01 10:18:22 AM,2146.0,3,6438.0,360561428.6000002
2025-08-01 10:18:26 AM,2146.6,0,0.0,360561428.6000002
2025-08-01 10:18:28 AM,2145.4,0,0.0,360561428.6000002
2025-08-01 10:18:28 AM,2145.4,28,60071.200000000004,360621499.8000002
2025-08-01 10:18:34 AM,2145.4,23,49344.200000000004,360670844.0000002
2025-08-01 10:18:34 AM,2144.9,22,47187.8,360718031.8000002
2025-08-01 10:18:35 AM,2144.7,0,0.0,360718031.8000002
2025-08-01 10:18:37 AM,2144.4,0,0.0,360718031.8000002
2025-08-01 10:18:40 AM,2142.8,0,0.0,360718031.8000002
2025-08-01 10:18:40 AM,2142.8,62,132853.6,360850885.4000002
2025-08-01 10:18:41 AM,2143.7,0,0.0,360850885.4000002
2025-08-01 10:18:45 AM,2143.7,4,8574.8,360859460.2000002
2025-08-01 10:18:46 AM,2143.3,0,0.0,360859460.2000002
2025-08-01 10:18:46 AM,2143.3,6,12859.800000000001,360872320.00000024
2025-08-01 10:18:48 AM,2142.7,0,0.0,360872320.00000024
2025-08-01 10:18:51 AM,2142.7,4,8570.8,360880890.80000025
2025-08-01 10:18:52 AM,2142.4,0,0.0,360880890.80000025
2025-08-01 10:18:57 AM,2142.4,7,14996.800000000001,360895887.60000026
2025-08-01 10:19:02 AM,2142.4,24,51417.600000000006,360947305.2000003
2025-08-01 10:19:02 AM,2143.3,170,364361.00000000006,361311666.2000003
2025-08-01 10:19:06 AM,2142.4,0,0.0,361311666.2000003
2025-08-01 10:19:08 AM,2142.4,100,214240.0,361525906.2000003
2025-08-01 10:19:14 AM,2142.4,105,224952.0,361750858.2000003
2025-08-01 10:19:26 AM,2142.4,113,242091.2,361992949.4000003
2025-08-01 10:19:48 AM,2142.2,0,0.0,361992949.4000003
2025-08-01 10:19:48 AM,2142.2,9,19279.8,362012229.2000003
2025-08-01 10:19:54 AM,2142.2,11,23564.199999999997,362035793.4000003
2025-08-01 10:19:55 AM,2143.0,282,604326.0,362640119.4000003
2025-08-01 10:19:59 AM,2143.0,6,12858.0,362652977.4000003
2025-08-01 10:20:06 AM,2143.0,5,10715.0,362663692.4000003
2025-08-01 10:20:09 AM,2143.2,0,0.0,362663692.4000003
2025-08-01 10:20:10 AM,2143.2,64,137164.8,362800857.2000003
2025-08-01 10:20:32 AM,2144.5,0,0.0,362800857.2000003
2025-08-01 10:20:33 AM,2144.5,20,42890.0,362843747.2000003
2025-08-01 10:20:35 AM,2143.4,0,0.0,362843747.2000003
2025-08-01 10:20:35 AM,2144.5,76,162982.0,363006729.2000003
2025-08-01 10:20:46 AM,2144.5,1,2144.5,363008873.7000003
2025-08-01 10:20:48 AM,2144.5,5,10722.5,363019596.2000003
2025-08-01 10:20:57 AM,2143.6,0,0.0,363019596.2000003
2025-08-01 10:20:58 AM,2143.6,187,400853.2,363420449.4000003
2025-08-01 10:21:22 AM,2144.5,53,113658.5,363534107.9000003
2025-08-01 10:21:27 AM,2146.0,0,0.0,363534107.9000003
2025-08-01 10:21:27 AM,2146.0,500,1073000.0,364607107.9000003
2025-08-01 10:21:29 AM,2144.5,0,0.0,364607107.9000003
2025-08-01 10:21:31 AM,2144.5,42,90069.0,364697176.9000003
2025-08-01 10:21:32 AM,2147.2,0,0.0,364697176.9000003
2025-08-01 10:21:33 AM,2147.0,238,510986.0,365208162.9000003
2025-08-01 10:21:35 AM,2149.7,0,0.0,365208162.9000003
2025-08-01 10:21:36 AM,2149.7,50,107484.99999999999,365315647.9000003
2025-08-01 10:21:41 AM,2147.6,10,21476.0,365337123.9000003
2025-08-01 10:21:44 AM,2149.2,0,0.0,365337123.9000003
2025-08-01 10:21:47 AM,2149.2,29,62326.799999999996,365399450.7000003
2025-08-01 10:21:55 AM,2149.1,5,10745.5,365410196.2000003
2025-08-01 10:22:04 AM,2147.7,9,19329.3,365429525.5000003
2025-08-01 10:22:06 AM,2147.6,6,12885.599999999999,365442411.1000003
2025-08-01 10:22:20 AM,2148.9,0,0.0,365442411.1000003
2025-08-01 10:22:22 AM,2148.9,1,2148.9,365444560.0000003
2025-08-01 10:22:26 AM,2147.6,0,0.0,365444560.0000003
2025-08-01 10:22:28 AM,2147.6,7,15033.199999999999,365459593.2000003
2025-08-01 10:22:32 AM,2147.7,0,0.0,365459593.2000003
2025-08-01 10:22:34 AM,2147.7,153,328598.1,365788191.3000003
2025-08-01 10:22:41 AM,2147.6,0,0.0,365788191.3000003
2025-08-01 10:22:41 AM,2147.6,78,167512.8,365955704.1000003
2025-08-01 10:22:44 AM,2148.1,200,429620.0,366385324.1000003
2025-08-01 10:22:50 AM,2147.6,0,0.0,366385324.1000003
2025-08-01 10:22:50 AM,2147.6,2,4295.2,366389619.3000003
2025-08-01 10:22:52 AM,2147.6,203,435962.8,366825582.1000003
2025-08-01 10:22:55 AM,2148.8,926,1989788.8000000003,368815370.90000033
2025-08-01 10:22:56 AM,2150.0,0,0.0,368815370.90000033
2025-08-01 10:22:58 AM,2149.1,513,1102488.3,369917859.20000035
2025-08-01 10:23:01 AM,2149.5,0,0.0,369917859.20000035
2025-08-01 10:23:03 AM,2149.5,6,12897.0,369930756.20000035
2025-08-01 10:23:05 AM,2150.0,0,0.0,369930756.20000035
2025-08-01 10:23:06 AM,2149.9,35,75246.5,370006002.70000035
2025-08-01 10:23:07 AM,2152.0,0,0.0,370006002.70000035
2025-08-01 10:23:09 AM,2152.0,54,116208.0,370122210.70000035
2025-08-01 10:23:12 AM,2150.8,63,135500.40000000002,370257711.1000003
2025-08-01 10:23:15 AM,2151.5,247,531420.5,370789131.6000003
2025-08-01 10:23:17 AM,2151.6,0,0.0,370789131.6000003
2025-08-01 10:23:18 AM,2151.6,53,114034.79999999999,370903166.40000033
2025-08-01 10:23:24 AM,2151.6,30,64548.0,370967714.40000033
2025-08-01 10:23:26 AM,2150.3,0,0.0,370967714.40000033
2025-08-01 10:23:27 AM,2150.3,5,10751.5,370978465.90000033
2025-08-01 10:23:32 AM,2151.5,0,0.0,370978465.90000033
2025-08-01 10:23:33 AM,2151.5,10,21515.0,370999980.90000033
2025-08-01 10:23:38 AM,2151.9,2,4303.8,371004284.70000035
2025-08-01 10:23:40 AM,2157.2,0,0.0,371004284.70000035
2025-08-01 10:23:40 AM,2157.8,980,2114644.0,373118928.70000035
2025-08-01 10:23:46 AM,2154.4,0,0.0,373118928.70000035
2025-08-01 10:23:46 AM,2155.9,120,258708.0,373377636.70000035
2025-08-01 10:23:52 AM,2154.5,6,12927.0,373390563.70000035
2025-08-01 10:23:57 AM,2154.4,14,30161.600000000002,373420725.30000037
2025-08-01 10:24:00 AM,2154.9,0,0.0,373420725.30000037
2025-08-01 10:24:01 AM,2154.9,15,32323.5,373453048.80000037
2025-08-01 10:24:05 AM,2154.4,0,0.0,373453048.80000037
2025-08-01 10:24:06 AM,2153.4,8,17227.2,373470276.00000036
2025-08-01 10:24:12 AM,2154.3,0,0.0,373470276.00000036
2025-08-01 10:24:12 AM,2154.3,243,523494.9,373993770.90000033
2025-08-01 10:24:14 AM,2153.1,9,19377.899999999998,374013148.8000003
2025-08-01 10:24:23 AM,2153.1,6,12918.599999999999,374026067.40000033
2025-08-01 10:24:25 AM,2154.2,0,0.0,374026067.40000033
2025-08-01 10:24:28 AM,2154.2,80,172336.0,374198403.40000033
2025-08-01 10:24:32 AM,2152.9,0,0.0,374198403.40000033
2025-08-01 10:24:34 AM,2152.9,11,23681.9,374222085.3000003
2025-08-01 10:24:46 AM,2152.0,0,0.0,374222085.3000003
2025-08-01 10:24:46 AM,2152.3,53,114071.90000000001,374336157.2000003
2025-08-01 10:25:00 AM,2151.7,0,0.0,374336157.2000003
2025-08-01 10:25:01 AM,2151.7,103,221625.09999999998,374557782.3000003
2025-08-01 10:25:03 AM,2150.5,10,21505.0,374579287.3000003
2025-08-01 10:25:07 AM,2150.5,3,6451.5,374585738.8000003
2025-08-01 10:25:08 AM,2151.0,0,0.0,374585738.8000003
2025-08-01 10:25:09 AM,2151.0,28,60228.0,374645966.8000003
2025-08-01 10:25:17 AM,2150.5,0,0.0,374645966.8000003
2025-08-01 10:25:19 AM,2150.5,11,23655.5,374669622.3000003
2025-08-01 10:25:26 AM,2149.2,0,0.0,374669622.3000003
2025-08-01 10:25:27 AM,2149.2,6,12895.199999999999,374682517.5000003
2025-08-01 10:25:29 AM,2150.5,0,0.0,374682517.5000003
2025-08-01 10:25:30 AM,2150.5,1,2150.5,374684668.0000003
2025-08-01 10:25:38 AM,2150.5,10,21505.0,374706173.0000003
2025-08-01 10:25:47 AM,2148.9,12,25786.800000000003,374731959.8000003
2025-08-01 10:25:51 AM,2149.0,0,0.0,374731959.8000003
2025-08-01 10:25:52 AM,2149.0,7,15043.0,374747002.8000003
2025-08-01 10:25:53 AM,2149.5,0,0.0,374747002.8000003
2025-08-01 10:25:54 AM,2149.5,206,442797.0,375189799.8000003
2025-08-01 10:26:05 AM,2149.2,0,0.0,375189799.8000003
2025-08-01 10:26:05 AM,2149.2,2,4298.4,375194098.2000003
2025-08-01 10:26:08 AM,2149.2,5,10746.0,375204844.2000003
2025-08-01 10:26:20 AM,2149.6,0,0.0,375204844.2000003
2025-08-01 10:26:20 AM,2149.6,611,1313405.5999999999,376518249.8000003
2025-08-01 10:26:21 AM,2149.7,0,0.0,376518249.8000003
2025-08-01 10:26:22 AM,2150.1,7,15050.699999999999,376533300.5000003
2025-08-01 10:26:23 AM,2149.7,0,0.0,376533300.5000003
2025-08-01 10:26:26 AM,2149.7,1,2149.7,376535450.2000003
2025-08-01 10:26:29 AM,2150.1,0,0.0,376535450.2000003
2025-08-01 10:26:31 AM,2150.1,5,10750.5,376546200.7000003
2025-08-01 10:26:39 AM,2149.9,0,0.0,376546200.7000003
2025-08-01 10:26:40 AM,2149.9,13,27948.7,376574149.4000003
2025-08-01 10:26:41 AM,2150.0,0,0.0,376574149.4000003
2025-08-01 10:26:43 AM,2150.0,86,184900.0,376759049.4000003
2025-08-01 10:26:44 AM,2150.1,0,0.0,376759049.4000003
2025-08-01 10:26:45 AM,2150.1,3,6450.299999999999,376765499.7000003
2025-08-01 10:26:54 AM,2150.1,1,2150.1,376767649.8000003
2025-08-01 10:27:02 AM,2149.1,0,0.0,376767649.8000003
2025-08-01 10:27:03 AM,2149.1,327,702755.7,377470405.5000003
2025-08-01 10:27:06 AM,2148.4,194,416789.60000000003,377887195.1000003
2025-08-01 10:27:11 AM,2148.0,0,0.0,377887195.1000003
2025-08-01 10:27:12 AM,2148.0,49,105252.0,377992447.1000003
2025-08-01 10:27:14 AM,2148.2,0,0.0,377992447.1000003
2025-08-01 10:27:14 AM,2148.2,5,10741.0,378003188.1000003
2025-08-01 10:27:17 AM,2148.1,0,0.0,378003188.1000003
2025-08-01 10:27:17 AM,2148.1,11,23629.1,378026817.20000035
2025-08-01 10:27:20 AM,2147.0,0,0.0,378026817.20000035
2025-08-01 10:27:20 AM,2147.0,22,47234.0,378074051.20000035
2025-08-01 10:27:22 AM,2147.0,7,15029.0,378089080.20000035
2025-08-01 10:27:41 AM,2147.1,0,0.0,378089080.20000035
2025-08-01 10:27:42 AM,2147.1,6,12882.599999999999,378101962.80000037
2025-08-01 10:28:01 AM,2147.3,221,474553.30000000005,378576516.1000004
2025-08-01 10:28:14 AM,2147.3,1,2147.3,378578663.4000004
2025-08-01 10:28:16 AM,2146.0,421,903466.0,379482129.4000004
2025-08-01 10:28:17 AM,2147.1,0,0.0,379482129.4000004
2025-08-01 10:28:18 AM,2147.0,0,0.0,379482129.4000004
2025-08-01 10:28:19 AM,2147.0,76,163172.0,379645301.4000004
2025-08-01 10:28:26 AM,2146.1,0,0.0,379645301.4000004
2025-08-01 10:28:28 AM,2146.1,3,6438.299999999999,379651739.7000004
2025-08-01 10:28:31 AM,2146.0,3,6438.0,379658177.7000004
2025-08-01 10:28:34 AM,2146.1,0,0.0,379658177.7000004
2025-08-01 10:28:36 AM,2146.1,5,10730.5,379668908.2000004
2025-08-01 10:28:39 AM,2146.0,0,0.0,379668908.2000004
2025-08-01 10:28:39 AM,2146.0,38,81548.0,379750456.2000004
2025-08-01 10:28:47 AM,2145.2,6,12871.199999999999,379763327.4000004
2025-08-01 10:28:56 AM,2146.2,260,558012.0,380321339.4000004
2025-08-01 10:29:06 AM,2146.0,0,0.0,380321339.4000004
2025-08-01 10:29:07 AM,2146.0,7,15022.0,380336361.4000004
2025-08-01 10:29:09 AM,2146.2,1,2146.2,380338507.6000004
2025-08-01 10:29:26 AM,2146.0,0,0.0,380338507.6000004
2025-08-01 10:29:26 AM,2146.0,6,12876.0,380351383.6000004
2025-08-01 10:29:42 AM,2146.2,0,0.0,380351383.6000004
2025-08-01 10:29:43 AM,2146.2,8,17169.6,380368553.2000004
2025-08-01 10:30:05 AM,2146.2,2,4292.4,380372845.6000004
2025-08-01 10:30:07 AM,2146.0,0,0.0,380372845.6000004
2025-08-01 10:30:08 AM,2146.0,15,32190.0,380405035.6000004
2025-08-01 10:30:14 AM,2146.0,9,19314.0,380424349.6000004
2025-08-01 10:30:17 AM,2146.0,47,100862.0,380525211.6000004
2025-08-01 10:30:22 AM,2146.0,18,38628.0,380563839.6000004
2025-08-01 10:30:28 AM,2145.4,0,0.0,380563839.6000004
2025-08-01 10:30:28 AM,2145.4,4,8581.6,380572421.2000004
2025-08-01 10:30:31 AM,2145.0,0,0.0,380572421.2000004
2025-08-01 10:30:31 AM,2145.0,61,130845.0,380703266.2000004
2025-08-01 10:30:34 AM,2145.0,2,4290.0,380707556.2000004
2025-08-01 10:30:36 AM,2145.5,0,0.0,380707556.2000004
2025-08-01 10:30:37 AM,2145.5,8,17164.0,380724720.2000004
2025-08-01 10:30:37 AM,2144.5,0,0.0,380724720.2000004
2025-08-01 10:30:40 AM,2144.5,4,8578.0,380733298.2000004
2025-08-01 10:30:42 AM,2144.0,125,268000.0,381001298.2000004
2025-08-01 10:30:43 AM,2144.2,0,0.0,381001298.2000004
2025-08-01 10:30:45 AM,2144.1,72,154375.19999999998,381155673.4000004
2025-08-01 10:30:49 AM,2144.0,0,0.0,381155673.4000004
2025-08-01 10:30:50 AM,2142.2,0,0.0,381155673.4000004
2025-08-01 10:30:51 AM,2142.2,348,745485.6,381901159.0000004
2025-08-01 10:30:54 AM,2143.3,0,0.0,381901159.0000004
2025-08-01 10:30:57 AM,2144.4,39,83631.6,381984790.60000044
2025-08-01 10:30:59 AM,2144.0,0,0.0,381984790.60000044
2025-08-01 10:30:59 AM,2143.5,20,42870.0,382027660.60000044
2025-08-01 10:31:05 AM,2143.5,2,4287.0,382031947.60000044
2025-08-01 10:31:09 AM,2143.5,2,4287.0,382036234.60000044
2025-08-01 10:31:17 AM,2143.5,11,23578.5,382059813.10000044
2025-08-01 10:31:19 AM,2144.0,0,0.0,382059813.10000044
2025-08-01 10:31:20 AM,2144.4,574,1230885.6,383290698.70000046
2025-08-01 10:31:27 AM,2145.2,0,0.0,383290698.70000046
2025-08-01 10:31:28 AM,2144.5,46,98647.0,383389345.70000046
2025-08-01 10:31:42 AM,2144.5,7,15011.5,383404357.20000046
2025-08-01 10:31:44 AM,2145.2,1,2145.2,383406502.40000045
2025-08-01 10:31:47 AM,2145.2,1,2145.2,383408647.60000044
2025-08-01 10:31:51 AM,2145.2,40,85808.0,383494455.60000044
2025-08-01 10:31:57 AM,2147.0,0,0.0,383494455.60000044
2025-08-01 10:31:57 AM,2147.0,430,923210.0,384417665.60000044
2025-08-01 10:32:03 AM,2147.8,0,0.0,384417665.60000044
