date,price,qty,trnvr,cum_trnvr
2025-08-01 09:15:02 AM,411.5,77436,31864914.0,31864914.0
2025-08-01 09:15:02 AM,414.5,0,0.0,31864914.0
2025-08-01 09:15:03 AM,410.0,0,0.0,31864914.0
2025-08-01 09:15:04 AM,412.5,10667,4400137.5,36265051.5
2025-08-01 09:15:11 AM,413.65,0,0.0,36265051.5
2025-08-01 09:15:14 AM,412.8,38587,15928713.6,52193765.1
2025-08-01 09:15:16 AM,412.85,2092,863682.2000000001,53057447.300000004
2025-08-01 09:15:21 AM,410.55,0,0.0,53057447.300000004
2025-08-01 09:15:22 AM,411.85,0,0.0,53057447.300000004
2025-08-01 09:15:24 AM,410.9,26808,11015407.2,64072854.5
2025-08-01 09:15:26 AM,411.8,561,231019.80000000002,64303874.3
2025-08-01 09:15:28 AM,411.0,0,0.0,64303874.3
2025-08-01 09:15:31 AM,411.9,0,0.0,64303874.3
2025-08-01 09:15:33 AM,410.5,23929,9822854.5,74126728.8
2025-08-01 09:15:34 AM,410.9,1476,606488.4,74733217.2
2025-08-01 09:15:35 AM,411.0,0,0.0,74733217.2
2025-08-01 09:15:40 AM,410.05,0,0.0,74733217.2
2025-08-01 09:15:41 AM,410.55,7020,2882061.0,77615278.2
2025-08-01 09:15:43 AM,410.45,2223,912430.35,78527708.55
2025-08-01 09:15:45 AM,410.05,0,0.0,78527708.55
2025-08-01 09:15:48 AM,409.8,0,0.0,78527708.55
2025-08-01 09:15:49 AM,410.4,16842,6911956.8,85439665.35
2025-08-01 09:15:51 AM,410.05,704,288675.2,85728340.55
2025-08-01 09:15:53 AM,410.25,0,0.0,85728340.55
2025-08-01 09:15:56 AM,410.5,0,0.0,85728340.55
2025-08-01 09:15:57 AM,410.0,3538,1450580.0,87178920.55
2025-08-01 09:15:59 AM,410.5,2538,1041849.0,88220769.55
2025-08-01 09:16:00 AM,410.5,381,156400.5,88377170.05
2025-08-01 09:16:00 AM,410.0,0,0.0,88377170.05
2025-08-01 09:16:01 AM,410.0,300,123000.0,88500170.05
2025-08-01 09:16:01 AM,409.4,1038,424957.19999999995,88925127.25
2025-08-01 09:16:01 AM,409.9,0,0.0,88925127.25
2025-08-01 09:16:02 AM,409.5,347,142096.5,89067223.75
2025-08-01 09:16:02 AM,410.0,209,85690.0,89152913.75
2025-08-01 09:16:03 AM,410.0,65,26650.0,89179563.75
2025-08-01 09:16:03 AM,410.2,0,0.0,89179563.75
2025-08-01 09:16:03 AM,410.2,50,20510.0,89200073.75
2025-08-01 09:16:04 AM,410.0,54,22140.0,89222213.75
2025-08-01 09:16:05 AM,410.0,493,202130.0,89424343.75
2025-08-01 09:16:05 AM,410.05,0,0.0,89424343.75
2025-08-01 09:16:05 AM,410.0,0,0.0,89424343.75
2025-08-01 09:16:06 AM,410.0,78,31980.0,89456323.75
2025-08-01 09:16:06 AM,409.5,200,81900.0,89538223.75
2025-08-01 09:16:06 AM,409.95,0,0.0,89538223.75
2025-08-01 09:16:07 AM,409.95,78,31976.1,89570199.85
2025-08-01 09:16:07 AM,409.95,1,409.95,89570609.8
2025-08-01 09:16:07 AM,410.0,0,0.0,89570609.8
2025-08-01 09:16:08 AM,409.95,1110,455044.5,90025654.3
2025-08-01 09:16:08 AM,409.5,1,409.5,90026063.8
2025-08-01 09:16:08 AM,409.95,0,0.0,90026063.8
2025-08-01 09:16:09 AM,409.85,198,81150.3,90107214.1
2025-08-01 09:16:09 AM,409.3,0,0.0,90107214.1
2025-08-01 09:16:10 AM,409.75,185,75803.75,90183017.85
2025-08-01 09:16:10 AM,409.5,0,0.0,90183017.85
2025-08-01 09:16:11 AM,409.7,173,70878.09999999999,90253895.94999999
2025-08-01 09:16:11 AM,409.25,12,4911.0,90258806.94999999
2025-08-01 09:16:12 AM,409.0,1500,613500.0,90872306.94999999
2025-08-01 09:16:12 AM,409.0,48,19632.0,90891938.94999999
2025-08-01 09:16:13 AM,409.5,270,110565.0,91002503.94999999
2025-08-01 09:16:13 AM,409.4,208,85155.2,91087659.14999999
2025-08-01 09:16:13 AM,409.5,0,0.0,91087659.14999999
2025-08-01 09:16:14 AM,409.65,1269,519845.85,91607504.99999999
2025-08-01 09:16:14 AM,409.7,0,0.0,91607504.99999999
2025-08-01 09:16:15 AM,409.75,2156,883421.0,92490925.99999999
2025-08-01 09:16:15 AM,409.75,530,217167.5,92708093.49999999
2025-08-01 09:16:16 AM,409.75,226,92603.5,92800696.99999999
2025-08-01 09:16:16 AM,409.95,0,0.0,92800696.99999999
2025-08-01 09:16:17 AM,410.5,26396,10835558.0,103636254.99999999
2025-08-01 09:16:17 AM,410.35,202,82890.70000000001,103719145.69999999
2025-08-01 09:16:18 AM,410.35,79,32417.65,103751563.35
2025-08-01 09:16:18 AM,410.35,302,123925.70000000001,103875489.05
2025-08-01 09:16:18 AM,410.3,0,0.0,103875489.05
2025-08-01 09:16:19 AM,410.3,200,82060.0,103957549.05
2025-08-01 09:16:19 AM,410.75,5,2053.75,103959602.8
2025-08-01 09:16:19 AM,410.25,0,0.0,103959602.8
2025-08-01 09:16:19 AM,410.75,0,0.0,103959602.8
2025-08-01 09:16:20 AM,410.75,635,260826.25,104220429.05
2025-08-01 09:16:20 AM,411.0,1040,427440.0,104647869.05
2025-08-01 09:16:20 AM,411.45,0,0.0,104647869.05
2025-08-01 09:16:21 AM,411.1,4753,1953958.3,106601827.35
2025-08-01 09:16:21 AM,410.75,0,0.0,106601827.35
2025-08-01 09:16:21 AM,410.95,0,0.0,106601827.35
2025-08-01 09:16:22 AM,410.95,600,246570.0,106848397.35
2025-08-01 09:16:22 AM,411.5,200,82300.0,106930697.35
2025-08-01 09:16:22 AM,411.6,0,0.0,106930697.35
2025-08-01 09:16:23 AM,411.6,115,47334.0,106978031.35
2025-08-01 09:16:23 AM,410.75,0,0.0,106978031.35
2025-08-01 09:16:23 AM,410.65,0,0.0,106978031.35
2025-08-01 09:16:24 AM,410.75,1115,457986.25,107436017.6
2025-08-01 09:16:24 AM,410.7,186,76390.2,107512407.8
2025-08-01 09:16:24 AM,411.25,0,0.0,107512407.8
2025-08-01 09:16:25 AM,410.9,51,20955.899999999998,107533363.7
2025-08-01 09:16:25 AM,410.8,100,41080.0,107574443.7
2025-08-01 09:16:25 AM,410.85,0,0.0,107574443.7
2025-08-01 09:16:26 AM,411.4,51,20981.399999999998,107595425.10000001
2025-08-01 09:16:26 AM,411.35,0,0.0,107595425.10000001
2025-08-01 09:16:26 AM,411.35,3,1234.0500000000002,107596659.15
2025-08-01 09:16:26 AM,411.45,0,0.0,107596659.15
2025-08-01 09:16:27 AM,411.45,100,41145.0,107637804.15
2025-08-01 09:16:27 AM,411.5,0,0.0,107637804.15
2025-08-01 09:16:27 AM,411.0,0,0.0,107637804.15
2025-08-01 09:16:27 AM,411.0,132,54252.0,107692056.15
2025-08-01 09:16:28 AM,411.05,0,0.0,107692056.15
2025-08-01 09:16:28 AM,411.05,711,292256.55,107984312.7
2025-08-01 09:16:29 AM,411.65,100,41165.0,108025477.7
2025-08-01 09:16:29 AM,410.85,0,0.0,108025477.7
2025-08-01 09:16:29 AM,410.85,251,103123.35,108128601.05
2025-08-01 09:16:30 AM,411.05,0,0.0,108128601.05
2025-08-01 09:16:31 AM,411.05,360,147978.0,108276579.05
2025-08-01 09:16:31 AM,411.0,50,20550.0,108297129.05
2025-08-01 09:16:31 AM,411.45,0,0.0,108297129.05
2025-08-01 09:16:32 AM,411.45,20,8229.0,108305358.05
2025-08-01 09:16:32 AM,411.75,0,0.0,108305358.05
2025-08-01 09:16:33 AM,411.75,529,217815.75,108523173.8
2025-08-01 09:16:34 AM,411.55,500,205775.0,108728948.8
2025-08-01 09:16:34 AM,411.95,0,0.0,108728948.8
2025-08-01 09:16:35 AM,411.9,12588,5184997.199999999,113913946.0
2025-08-01 09:16:35 AM,412.65,308,127096.2,114041042.2
2025-08-01 09:16:36 AM,412.25,40,16490.0,114057532.2
2025-08-01 09:16:36 AM,412.1,0,0.0,114057532.2
2025-08-01 09:16:36 AM,412.45,0,0.0,114057532.2
2025-08-01 09:16:37 AM,412.45,1062,438021.89999999997,114495554.10000001
2025-08-01 09:16:37 AM,412.1,0,0.0,114495554.10000001
2025-08-01 09:16:38 AM,412.1,400,164840.0,114660394.10000001
2025-08-01 09:16:38 AM,412.5,50,20625.0,114681019.10000001
2025-08-01 09:16:39 AM,412.1,50,20605.0,114701624.10000001
2025-08-01 09:16:39 AM,412.65,3010,1242076.5,115943700.60000001
2025-08-01 09:16:40 AM,412.65,397,163822.05,116107522.65
2025-08-01 09:16:41 AM,412.7,0,0.0,116107522.65
2025-08-01 09:16:42 AM,412.7,150,61905.0,116169427.65
2025-08-01 09:16:42 AM,412.75,155,63976.25,116233403.9
2025-08-01 09:16:43 AM,412.6,46,18979.600000000002,116252383.5
2025-08-01 09:16:43 AM,412.9,0,0.0,116252383.5
2025-08-01 09:16:44 AM,412.9,5,2064.5,116254448.0
2025-08-01 09:16:44 AM,412.95,0,0.0,116254448.0
2025-08-01 09:16:45 AM,412.95,32,13214.4,116267662.4
2025-08-01 09:16:45 AM,412.65,0,0.0,116267662.4
2025-08-01 09:16:46 AM,412.65,844,348276.6,116615939.0
2025-08-01 09:16:46 AM,412.85,2,825.7,116616764.7
2025-08-01 09:16:46 AM,412.6,0,0.0,116616764.7
2025-08-01 09:16:47 AM,412.6,662,273141.2,116889905.9
2025-08-01 09:16:47 AM,412.65,50,20632.5,116910538.4
2025-08-01 09:16:47 AM,412.75,0,0.0,116910538.4
2025-08-01 09:16:47 AM,413.0,0,0.0,116910538.4
2025-08-01 09:16:48 AM,413.0,2613,1079169.0,117989707.4
2025-08-01 09:16:48 AM,412.75,215,88741.25,118078448.65
2025-08-01 09:16:48 AM,412.6,0,0.0,118078448.65
2025-08-01 09:16:49 AM,412.85,1416,584595.6,118663044.25
2025-08-01 09:16:49 AM,412.45,250,103112.5,118766156.75
2025-08-01 09:16:49 AM,412.85,0,0.0,118766156.75
2025-08-01 09:16:49 AM,412.9,0,0.0,118766156.75
2025-08-01 09:16:50 AM,412.9,517,213469.3,118979626.05
2025-08-01 09:16:50 AM,412.9,205,84644.5,119064270.55
2025-08-01 09:16:50 AM,413.0,0,0.0,119064270.55
2025-08-01 09:16:51 AM,413.05,6458,2667476.9,121731747.45
2025-08-01 09:16:51 AM,413.0,410,169330.0,121901077.45
2025-08-01 09:16:52 AM,413.45,10,4134.5,121905211.95
2025-08-01 09:16:52 AM,413.8,0,0.0,121905211.95
2025-08-01 09:16:52 AM,413.8,1052,435317.60000000003,122340529.55
2025-08-01 09:16:53 AM,413.45,0,0.0,122340529.55
2025-08-01 09:16:53 AM,413.45,180,74421.0,122414950.55
2025-08-01 09:16:54 AM,413.8,50,20690.0,122435640.55
2025-08-01 09:16:54 AM,413.9,0,0.0,122435640.55
2025-08-01 09:16:55 AM,413.9,700,289730.0,122725370.55
2025-08-01 09:16:56 AM,413.0,0,0.0,122725370.55
2025-08-01 09:16:57 AM,413.4,2364,977277.6,123702648.14999999
2025-08-01 09:16:57 AM,413.5,0,0.0,123702648.14999999
2025-08-01 09:16:58 AM,412.9,1005,414964.5,124117612.64999999
2025-08-01 09:16:58 AM,412.8,300,123840.0,124241452.64999999
2025-08-01 09:16:58 AM,413.45,0,0.0,124241452.64999999
2025-08-01 09:16:58 AM,413.5,0,0.0,124241452.64999999
2025-08-01 09:16:59 AM,413.5,544,224944.0,124466396.64999999
2025-08-01 09:16:59 AM,413.7,0,0.0,124466396.64999999
2025-08-01 09:17:00 AM,413.2,715,295438.0,124761834.64999999
2025-08-01 09:17:00 AM,413.1,0,0.0,124761834.64999999
2025-08-01 09:17:03 AM,413.9,8044,3329411.5999999996,128091246.24999999
2025-08-01 09:17:04 AM,413.85,802,331907.7,128423153.94999999
2025-08-01 09:17:05 AM,414.0,0,0.0,128423153.94999999
2025-08-01 09:17:07 AM,413.5,0,0.0,128423153.94999999
2025-08-01 09:17:11 AM,414.0,10268,4250952.0,132674105.94999999
2025-08-01 09:17:13 AM,414.0,2605,1078470.0,133752575.94999999
2025-08-01 09:17:14 AM,414.15,0,0.0,133752575.94999999
2025-08-01 09:17:16 AM,414.25,0,0.0,133752575.94999999
2025-08-01 09:17:20 AM,414.35,8586,3557609.1,137310185.04999998
2025-08-01 09:17:21 AM,414.95,65,26971.75,137337156.79999998
2025-08-01 09:17:23 AM,415.75,0,0.0,137337156.79999998
2025-08-01 09:17:25 AM,415.3,0,0.0,137337156.79999998
2025-08-01 09:17:28 AM,415.3,7857,3263012.1,140600168.89999998
2025-08-01 09:17:29 AM,415.25,602,249980.5,140850149.39999998
2025-08-01 09:17:31 AM,415.65,0,0.0,140850149.39999998
2025-08-01 09:17:33 AM,415.3,0,0.0,140850149.39999998
2025-08-01 09:17:36 AM,415.0,4317,1791555.0,142641704.39999998
2025-08-01 09:17:37 AM,415.15,4242,1761066.2999999998,144402770.7
2025-08-01 09:17:39 AM,415.2,0,0.0,144402770.7
2025-08-01 09:17:41 AM,415.25,0,0.0,144402770.7
2025-08-01 09:17:45 AM,415.65,7870,3271165.5,147673936.2
2025-08-01 09:17:48 AM,415.55,0,0.0,147673936.2
2025-08-01 09:17:50 AM,415.75,0,0.0,147673936.2
2025-08-01 09:17:53 AM,415.8,5693,2367149.4,150041085.6
2025-08-01 09:17:54 AM,416.65,4820,2008253.0,152049338.6
2025-08-01 09:17:57 AM,415.75,0,0.0,152049338.6
2025-08-01 09:17:59 AM,415.85,0,0.0,152049338.6
2025-08-01 09:18:01 AM,415.85,3646,1516189.1,153565527.7
2025-08-01 09:18:02 AM,415.95,855,355637.25,153921164.95
2025-08-01 09:18:05 AM,415.8,0,0.0,153921164.95
2025-08-01 09:18:10 AM,415.95,9089,3780569.55,157701734.5
2025-08-01 09:18:13 AM,416.6,0,0.0,157701734.5
2025-08-01 09:18:15 AM,416.2,0,0.0,157701734.5
2025-08-01 09:18:18 AM,416.75,5207,2170017.25,159871751.75
2025-08-01 09:18:19 AM,417.1,2542,1060268.2,160932019.95
2025-08-01 09:18:21 AM,416.75,0,0.0,160932019.95
2025-08-01 09:18:23 AM,417.35,0,0.0,160932019.95
2025-08-01 09:18:26 AM,417.6,5441,2272161.6,163204181.54999998
2025-08-01 09:18:27 AM,417.15,752,313696.8,163517878.35
2025-08-01 09:18:29 AM,417.0,0,0.0,163517878.35
2025-08-01 09:18:31 AM,416.85,0,0.0,163517878.35
2025-08-01 09:18:34 AM,416.75,2323,968110.25,164485988.6
2025-08-01 09:18:35 AM,417.05,82,34198.1,164520186.7
2025-08-01 09:18:37 AM,417.1,0,0.0,164520186.7
2025-08-01 09:18:39 AM,416.8,0,0.0,164520186.7
2025-08-01 09:18:42 AM,416.55,1490,620659.5,165140846.2
2025-08-01 09:18:44 AM,416.4,5407,2251474.8,167392321.0
2025-08-01 09:18:45 AM,416.6,0,0.0,167392321.0
2025-08-01 09:18:51 AM,416.75,2780,1158565.0,168550886.0
2025-08-01 09:18:52 AM,416.75,34,14169.5,168565055.5
2025-08-01 09:18:55 AM,416.4,0,0.0,168565055.5
2025-08-01 09:18:59 AM,416.3,1147,477496.10000000003,169042551.6
2025-08-01 09:19:07 AM,416.25,2524,1050615.0,170093166.6
2025-08-01 09:19:08 AM,416.0,800,332800.0,170425966.6
2025-08-01 09:19:11 AM,416.2,0,0.0,170425966.6
2025-08-01 09:19:15 AM,415.8,7796,3241576.8000000003,173667543.4
2025-08-01 09:19:16 AM,415.6,90,37404.0,173704947.4
2025-08-01 09:19:17 AM,415.55,0,0.0,173704947.4
2025-08-01 09:19:24 AM,415.4,1578,655501.2,174360448.6
2025-08-01 09:19:24 AM,415.35,0,0.0,174360448.6
2025-08-01 09:19:26 AM,415.25,0,0.0,174360448.6
2025-08-01 09:19:31 AM,415.15,1833,760969.95,175121418.54999998
2025-08-01 09:19:31 AM,415.25,0,0.0,175121418.54999998
2025-08-01 09:19:32 AM,415.25,32,13288.0,175134706.54999998
2025-08-01 09:19:34 AM,415.0,0,0.0,175134706.54999998
2025-08-01 09:19:39 AM,415.0,3200,1328000.0,176462706.54999998
2025-08-01 09:19:41 AM,415.0,29,12035.0,176474741.54999998
2025-08-01 09:19:47 AM,414.8,4467,1852911.6,178327653.14999998
2025-08-01 09:19:48 AM,415.0,0,0.0,178327653.14999998
2025-08-01 09:19:49 AM,414.85,323,133996.55000000002,178461649.7
2025-08-01 09:19:55 AM,415.0,1446,600090.0,179061739.7
2025-08-01 09:19:57 AM,415.2,1898,788049.6,179849789.29999998
2025-08-01 09:20:03 AM,415.0,2107,874405.0,180724194.29999998
2025-08-01 09:20:03 AM,415.05,0,0.0,180724194.29999998
2025-08-01 09:20:05 AM,415.0,669,277635.0,181001829.29999998
2025-08-01 09:20:11 AM,415.0,1415,587225.0,181589054.29999998
2025-08-01 09:20:13 AM,415.05,342,141947.1,181731001.39999998
2025-08-01 09:20:19 AM,415.05,2203,914355.15,182645356.54999998
2025-08-01 09:20:19 AM,415.0,0,0.0,182645356.54999998
2025-08-01 09:20:20 AM,415.0,102,42330.0,182687686.54999998
2025-08-01 09:20:24 AM,415.55,0,0.0,182687686.54999998
2025-08-01 09:20:27 AM,415.75,1873,778699.75,183466386.29999998
2025-08-01 09:20:28 AM,415.8,191,79417.8,183545804.1
2025-08-01 09:20:31 AM,415.65,0,0.0,183545804.1
2025-08-01 09:20:35 AM,415.75,7840,3259480.0,186805284.1
2025-08-01 09:20:36 AM,416.0,73,30368.0,186835652.1
2025-08-01 09:20:37 AM,415.75,0,0.0,186835652.1
2025-08-01 09:20:41 AM,415.45,0,0.0,186835652.1
2025-08-01 09:20:43 AM,415.45,356,147900.19999999998,186983552.29999998
2025-08-01 09:20:48 AM,415.5,0,0.0,186983552.29999998
2025-08-01 09:20:50 AM,415.15,430,178514.5,187162066.79999998
2025-08-01 09:20:52 AM,415.5,20,8310.0,187170376.79999998
2025-08-01 09:20:52 AM,415.45,0,0.0,187170376.79999998
2025-08-01 09:20:58 AM,415.5,1469,610369.5,187780746.29999998
2025-08-01 09:20:59 AM,415.15,30,12454.5,187793200.79999998
2025-08-01 09:21:04 AM,415.5,0,0.0,187793200.79999998
2025-08-01 09:21:06 AM,415.6,949,394404.4,188187605.2
2025-08-01 09:21:07 AM,415.55,7,2908.85,188190514.04999998
2025-08-01 09:21:10 AM,415.5,0,0.0,188190514.04999998
2025-08-01 09:21:12 AM,415.55,0,0.0,188190514.04999998
2025-08-01 09:21:14 AM,415.6,307,127589.20000000001,188318103.24999997
2025-08-01 09:21:16 AM,415.4,0,0.0,188318103.24999997
2025-08-01 09:21:18 AM,415.55,0,0.0,188318103.24999997
2025-08-01 09:21:21 AM,415.4,1206,500972.39999999997,188819075.64999998
2025-08-01 09:21:23 AM,415.2,0,0.0,188819075.64999998
2025-08-01 09:21:26 AM,415.4,0,0.0,188819075.64999998
2025-08-01 09:21:29 AM,416.0,4050,1684800.0,190503875.64999998
2025-08-01 09:21:32 AM,415.6,0,0.0,190503875.64999998
2025-08-01 09:21:36 AM,415.35,0,0.0,190503875.64999998
2025-08-01 09:21:37 AM,415.35,1390,577336.5,191081212.14999998
2025-08-01 09:21:38 AM,415.0,815,338225.0,191419437.14999998
2025-08-01 09:21:39 AM,415.35,0,0.0,191419437.14999998
2025-08-01 09:21:45 AM,415.35,132,54826.200000000004,191474263.34999996
2025-08-01 09:21:46 AM,415.3,50,20765.0,191495028.34999996
2025-08-01 09:21:48 AM,415.4,0,0.0,191495028.34999996
2025-08-01 09:21:51 AM,415.0,0,0.0,191495028.34999996
2025-08-01 09:21:52 AM,415.0,315,130725.0,191625753.34999996
2025-08-01 09:22:00 AM,415.0,166,68890.0,191694643.34999996
2025-08-01 09:22:01 AM,415.0,500,207500.0,191902143.34999996
2025-08-01 09:22:07 AM,415.35,11931,4955540.850000001,196857684.19999996
2025-08-01 09:22:15 AM,415.1,124,51472.4,196909156.59999996
2025-08-01 09:22:16 AM,415.05,0,0.0,196909156.59999996
2025-08-01 09:22:16 AM,415.05,1722,714716.1,197623872.69999996
2025-08-01 09:22:23 AM,415.05,396,164359.80000000002,197788232.49999997
2025-08-01 09:22:26 AM,415.0,0,0.0,197788232.49999997
2025-08-01 09:22:30 AM,414.8,575,238510.0,198026742.49999997
2025-08-01 09:22:31 AM,415.0,0,0.0,198026742.49999997
2025-08-01 09:22:32 AM,415.0,136,56440.0,198083182.49999997
2025-08-01 09:22:38 AM,414.25,2417,1001242.25,199084424.74999997
2025-08-01 09:22:38 AM,414.2,0,0.0,199084424.74999997
2025-08-01 09:22:40 AM,414.2,54,22366.8,199106791.54999998
2025-08-01 09:22:40 AM,414.3,0,0.0,199106791.54999998
2025-08-01 09:22:45 AM,414.65,0,0.0,199106791.54999998
2025-08-01 09:22:46 AM,414.65,1145,474774.25,199581565.79999998
2025-08-01 09:22:46 AM,414.3,0,0.0,199581565.79999998
2025-08-01 09:22:47 AM,414.3,253,104817.90000000001,199686383.7
2025-08-01 09:22:51 AM,414.35,0,0.0,199686383.7
2025-08-01 09:22:52 AM,414.3,0,0.0,199686383.7
2025-08-01 09:22:53 AM,414.45,5783,2396764.35,202083148.04999998
2025-08-01 09:22:55 AM,414.45,400,165780.0,202248928.04999998
2025-08-01 09:22:57 AM,414.75,0,0.0,202248928.04999998
2025-08-01 09:23:00 AM,414.8,0,0.0,202248928.04999998
2025-08-01 09:23:02 AM,414.9,311,129033.9,202377961.95
2025-08-01 09:23:05 AM,414.6,0,0.0,202377961.95
2025-08-01 09:23:07 AM,414.8,0,0.0,202377961.95
2025-08-01 09:23:08 AM,414.45,1633,676796.85,203054758.79999998
2025-08-01 09:23:10 AM,414.95,4163,1727436.8499999999,204782195.64999998
2025-08-01 09:23:13 AM,415.5,0,0.0,204782195.64999998
2025-08-01 09:23:16 AM,415.05,6261,2598628.0500000003,207380823.7
2025-08-01 09:23:18 AM,415.4,606,251732.4,207632556.1
2025-08-01 09:23:19 AM,415.0,0,0.0,207632556.1
2025-08-01 09:23:24 AM,415.0,216,89640.0,207722196.1
2025-08-01 09:23:25 AM,415.05,0,0.0,207722196.1
2025-08-01 09:23:25 AM,415.05,40,16602.0,207738798.1
2025-08-01 09:23:31 AM,414.85,0,0.0,207738798.1
2025-08-01 09:23:31 AM,414.85,919,381247.15,208120045.25
2025-08-01 09:23:33 AM,415.0,118,48970.0,208169015.25
2025-08-01 09:23:38 AM,414.9,0,0.0,208169015.25
2025-08-01 09:23:39 AM,414.9,126,52277.399999999994,208221292.65
2025-08-01 09:23:39 AM,414.95,0,0.0,208221292.65
2025-08-01 09:23:41 AM,414.95,200,82990.0,208304282.65
2025-08-01 09:23:45 AM,415.0,0,0.0,208304282.65
2025-08-01 09:23:46 AM,415.0,478,198370.0,208502652.65
2025-08-01 09:23:48 AM,415.0,51,21165.0,208523817.65
2025-08-01 09:23:54 AM,415.0,599,248585.0,208772402.65
2025-08-01 09:23:56 AM,415.3,739,306906.7,209079309.35
2025-08-01 09:23:57 AM,415.4,0,0.0,209079309.35
2025-08-01 09:24:02 AM,415.0,955,396325.0,209475634.35
2025-08-01 09:24:03 AM,415.0,11,4565.0,209480199.35
2025-08-01 09:24:04 AM,414.9,0,0.0,209480199.35
2025-08-01 09:24:10 AM,415.0,280,116200.0,209596399.35
2025-08-01 09:24:11 AM,415.25,759,315174.75,209911574.1
2025-08-01 09:24:17 AM,415.25,205,85126.25,209996700.35
2025-08-01 09:24:18 AM,415.0,0,0.0,209996700.35
2025-08-01 09:24:19 AM,415.0,483,200445.0,210197145.35
2025-08-01 09:24:24 AM,415.2,0,0.0,210197145.35
2025-08-01 09:24:25 AM,415.2,180,74736.0,210271881.35
2025-08-01 09:24:26 AM,415.2,30,12456.0,210284337.35
2025-08-01 09:24:30 AM,415.35,0,0.0,210284337.35
2025-08-01 09:24:32 AM,415.5,854,354837.0,210639174.35
2025-08-01 09:24:34 AM,415.4,1548,643039.2,211282213.54999998
2025-08-01 09:24:36 AM,415.55,0,0.0,211282213.54999998
2025-08-01 09:24:40 AM,415.55,650,270107.5,211552321.04999998
2025-08-01 09:24:42 AM,416.7,6752,2813558.4,214365879.45
2025-08-01 09:24:42 AM,416.85,0,0.0,214365879.45
2025-08-01 09:24:42 AM,416.95,0,0.0,214365879.45
2025-08-01 09:24:47 AM,416.4,3937,1639366.7999999998,216005246.25
2025-08-01 09:24:48 AM,416.85,0,0.0,216005246.25
2025-08-01 09:24:49 AM,416.85,124,51689.4,216056935.65
2025-08-01 09:24:54 AM,416.5,0,0.0,216056935.65
2025-08-01 09:24:55 AM,416.5,1230,512295.0,216569230.65
2025-08-01 09:24:55 AM,416.85,0,0.0,216569230.65
2025-08-01 09:24:57 AM,416.45,610,254034.5,216823265.15
2025-08-01 09:25:01 AM,416.5,0,0.0,216823265.15
2025-08-01 09:25:02 AM,416.45,328,136595.6,216959860.75
2025-08-01 09:25:02 AM,416.85,0,0.0,216959860.75
2025-08-01 09:25:04 AM,416.85,506,210926.1,217170786.85
2025-08-01 09:25:09 AM,416.5,0,0.0,217170786.85
2025-08-01 09:25:10 AM,416.5,391,162851.5,217333638.35
2025-08-01 09:25:10 AM,416.8,0,0.0,217333638.35
2025-08-01 09:25:12 AM,416.8,2,833.6,217334471.95
2025-08-01 09:25:15 AM,416.55,0,0.0,217334471.95
2025-08-01 09:25:16 AM,416.8,0,0.0,217334471.95
2025-08-01 09:25:17 AM,416.35,2760,1149126.0,218483597.95
2025-08-01 09:25:19 AM,416.95,2803,1168710.8499999999,219652308.79999998
2025-08-01 09:25:21 AM,416.65,0,0.0,219652308.79999998
2025-08-01 09:25:22 AM,416.75,0,0.0,219652308.79999998
2025-08-01 09:25:25 AM,416.95,1955,815137.25,220467446.04999998
2025-08-01 09:25:27 AM,417.3,7128,2974514.4,223441960.45
2025-08-01 09:25:28 AM,417.25,0,0.0,223441960.45
2025-08-01 09:25:32 AM,417.2,877,365884.39999999997,223807844.85
2025-08-01 09:25:33 AM,417.15,0,0.0,223807844.85
2025-08-01 09:25:34 AM,417.0,220,91740.0,223899584.85
2025-08-01 09:25:39 AM,417.3,0,0.0,223899584.85
2025-08-01 09:25:40 AM,417.3,580,242034.0,224141618.85
2025-08-01 09:25:42 AM,417.25,382,159389.5,224301008.35
2025-08-01 09:25:44 AM,416.8,0,0.0,224301008.35
2025-08-01 09:25:45 AM,417.15,0,0.0,224301008.35
2025-08-01 09:25:47 AM,417.0,2118,883206.0,225184214.35
2025-08-01 09:25:49 AM,417.05,59,24605.95,225208820.29999998
2025-08-01 09:25:55 AM,417.0,684,285228.0,225494048.29999998
2025-08-01 09:25:57 AM,417.0,86,35862.0,225529910.29999998
2025-08-01 09:26:02 AM,417.0,963,401571.0,225931481.29999998
2025-08-01 09:26:04 AM,417.1,300,125130.0,226056611.29999998
2025-08-01 09:26:09 AM,416.85,0,0.0,226056611.29999998
2025-08-01 09:26:10 AM,416.85,63,26261.550000000003,226082872.85
2025-08-01 09:26:12 AM,417.0,717,298989.0,226381861.85
2025-08-01 09:26:16 AM,416.85,0,0.0,226381861.85
2025-08-01 09:26:18 AM,416.85,256,106713.6,226488575.45
2025-08-01 09:26:20 AM,416.85,1,416.85,226488992.29999998
2025-08-01 09:26:25 AM,416.85,358,149232.30000000002,226638224.6
2025-08-01 09:26:27 AM,416.85,56,23343.600000000002,226661568.2
2025-08-01 09:26:33 AM,416.85,201,83786.85,226745355.04999998
2025-08-01 09:26:34 AM,416.8,0,0.0,226745355.04999998
2025-08-01 09:26:35 AM,416.8,68,28342.4,226773697.45
2025-08-01 09:26:37 AM,416.85,0,0.0,226773697.45
2025-08-01 09:26:40 AM,416.75,0,0.0,226773697.45
2025-08-01 09:26:41 AM,416.75,1478,615956.5,227389653.95
2025-08-01 09:26:43 AM,417.0,0,0.0,227389653.95
2025-08-01 09:26:48 AM,416.9,1365,569068.5,227958722.45
2025-08-01 09:26:49 AM,417.15,0,0.0,227958722.45
2025-08-01 09:26:50 AM,417.15,1325,552723.75,228511446.2
2025-08-01 09:26:52 AM,417.05,0,0.0,228511446.2
2025-08-01 09:26:55 AM,417.35,0,0.0,228511446.2
2025-08-01 09:26:56 AM,417.35,1997,833447.9500000001,229344894.14999998
2025-08-01 09:26:57 AM,417.35,370,154419.5,229499313.64999998
2025-08-01 09:26:59 AM,416.95,0,0.0,229499313.64999998
2025-08-01 09:27:01 AM,416.9,0,0.0,229499313.64999998
2025-08-01 09:27:03 AM,416.9,1800,750420.0,230249733.64999998
2025-08-01 09:27:05 AM,416.9,121,50444.899999999994,230300178.54999998
2025-08-01 09:27:11 AM,416.9,7,2918.2999999999997,230303096.85
2025-08-01 09:27:12 AM,416.9,924,385215.6,230688312.45
2025-08-01 09:27:16 AM,416.95,0,0.0,230688312.45
2025-08-01 09:27:18 AM,417.1,2079,867150.9,231555463.35
2025-08-01 09:27:22 AM,417.5,0,0.0,231555463.35
2025-08-01 09:27:26 AM,417.5,480,200400.0,231755863.35
2025-08-01 09:27:26 AM,417.3,0,0.0,231755863.35
2025-08-01 09:27:27 AM,417.25,532,221977.0,231977840.35
2025-08-01 09:27:28 AM,417.45,0,0.0,231977840.35
2025-08-01 09:27:31 AM,417.25,0,0.0,231977840.35
2025-08-01 09:27:32 AM,417.3,0,0.0,231977840.35
2025-08-01 09:27:33 AM,417.3,715,298369.5,232276209.85
2025-08-01 09:27:36 AM,417.15,0,0.0,232276209.85
2025-08-01 09:27:40 AM,417.1,26,10844.6,232287054.45
2025-08-01 09:27:43 AM,416.9,0,0.0,232287054.45
2025-08-01 09:27:47 AM,417.15,0,0.0,232287054.45
2025-08-01 09:27:48 AM,416.85,1480,616938.0,232903992.45
2025-08-01 09:27:50 AM,416.95,250,104237.5,233008229.95
2025-08-01 09:27:52 AM,416.75,0,0.0,233008229.95
2025-08-01 09:27:52 AM,416.9,0,0.0,233008229.95
2025-08-01 09:27:56 AM,416.85,244,101711.40000000001,233109941.35
2025-08-01 09:27:57 AM,416.85,1,416.85,233110358.2
2025-08-01 09:27:58 AM,416.8,0,0.0,233110358.2
2025-08-01 09:28:02 AM,416.5,0,0.0,233110358.2
2025-08-01 09:28:04 AM,416.5,650,270725.0,233381083.2
2025-08-01 09:28:05 AM,416.5,1184,493136.0,233874219.2
2025-08-01 09:28:08 AM,416.05,0,0.0,233874219.2
2025-08-01 09:28:11 AM,416.35,1286,535426.1,234409645.29999998
2025-08-01 09:28:13 AM,416.05,33,13729.65,234423374.95
2025-08-01 09:28:15 AM,416.2,0,0.0,234423374.95
2025-08-01 09:28:19 AM,416.25,750,312187.5,234735562.45
2025-08-01 09:28:22 AM,416.15,0,0.0,234735562.45
2025-08-01 09:28:22 AM,415.9,0,0.0,234735562.45
2025-08-01 09:28:27 AM,415.9,510,212109.0,234947671.45
2025-08-01 09:28:27 AM,415.85,0,0.0,234947671.45
2025-08-01 09:28:28 AM,415.95,41,17053.95,234964725.39999998
2025-08-01 09:28:32 AM,415.75,0,0.0,234964725.39999998
2025-08-01 09:28:32 AM,415.7,0,0.0,234964725.39999998
2025-08-01 09:28:34 AM,415.7,569,236533.3,235201258.7
2025-08-01 09:28:36 AM,415.05,5656,2347522.8000000003,237548781.5
2025-08-01 09:28:38 AM,415.1,0,0.0,237548781.5
2025-08-01 09:28:42 AM,415.3,0,0.0,237548781.5
2025-08-01 09:28:42 AM,415.3,2154,894556.2000000001,238443337.7
2025-08-01 09:28:43 AM,415.0,270,112050.0,238555387.7
2025-08-01 09:28:44 AM,415.2,0,0.0,238555387.7
2025-08-01 09:28:47 AM,415.0,0,0.0,238555387.7
2025-08-01 09:28:49 AM,415.0,3754,1557910.0,240113297.7
2025-08-01 09:28:51 AM,415.0,210,87150.0,240200447.7
2025-08-01 09:28:53 AM,415.2,0,0.0,240200447.7
2025-08-01 09:28:54 AM,415.15,0,0.0,240200447.7
2025-08-01 09:28:57 AM,415.05,1728,717206.4,240917654.1
2025-08-01 09:28:58 AM,415.3,542,225092.6,241142746.7
2025-08-01 09:29:00 AM,415.05,0,0.0,241142746.7
2025-08-01 09:29:05 AM,415.05,295,122439.75,241265186.45
2025-08-01 09:29:06 AM,415.05,448,185942.4,241451128.85
2025-08-01 09:29:12 AM,415.3,0,0.0,241451128.85
2025-08-01 09:29:12 AM,415.3,161,66863.3,241517992.15
2025-08-01 09:29:17 AM,415.0,0,0.0,241517992.15
2025-08-01 09:29:20 AM,415.3,246,102163.8,241620155.95000002
2025-08-01 09:29:26 AM,415.05,0,0.0,241620155.95000002
2025-08-01 09:29:28 AM,415.05,11,4565.55,241624721.50000003
2025-08-01 09:29:31 AM,415.1,0,0.0,241624721.50000003
2025-08-01 09:29:32 AM,415.3,0,0.0,241624721.50000003
2025-08-01 09:29:35 AM,415.0,3648,1513920.0,243138641.50000003
2025-08-01 09:29:36 AM,415.3,3,1245.9,243139887.40000004
2025-08-01 09:29:41 AM,415.25,0,0.0,243139887.40000004
2025-08-01 09:29:42 AM,415.25,3262,1354545.5,244494432.90000004
2025-08-01 09:29:46 AM,415.35,0,0.0,244494432.90000004
2025-08-01 09:29:50 AM,415.5,1176,488628.0,244983060.90000004
2025-08-01 09:29:51 AM,415.55,200,83110.0,245066170.90000004
2025-08-01 09:29:52 AM,415.65,0,0.0,245066170.90000004
2025-08-01 09:29:57 AM,415.65,542,225282.3,245291453.20000005
2025-08-01 09:30:05 AM,415.65,1899,789319.35,246080772.55000004
2025-08-01 09:30:06 AM,415.65,1,415.65,246081188.20000005
2025-08-01 09:30:10 AM,416.05,0,0.0,246081188.20000005
2025-08-01 09:30:12 AM,415.6,0,0.0,246081188.20000005
2025-08-01 09:30:13 AM,415.8,9032,3755505.6,249836693.80000004
2025-08-01 09:30:17 AM,415.75,0,0.0,249836693.80000004
2025-08-01 09:30:20 AM,415.8,692,287733.60000000003,250124427.40000004
2025-08-01 09:30:21 AM,415.65,340,141321.0,250265748.40000004
2025-08-01 09:30:28 AM,416.0,141,58656.0,250324404.40000004
2025-08-01 09:30:28 AM,415.8,300,124740.0,250449144.40000004
2025-08-01 09:30:32 AM,415.7,0,0.0,250449144.40000004
2025-08-01 09:30:35 AM,415.6,2450,1018220.0,251467364.40000004
2025-08-01 09:30:36 AM,415.6,168,69820.8,251537185.20000005
2025-08-01 09:30:38 AM,415.7,0,0.0,251537185.20000005
2025-08-01 09:30:42 AM,416.6,4686,1952187.6,253489372.80000004
2025-08-01 09:30:45 AM,416.35,0,0.0,253489372.80000004
2025-08-01 09:30:50 AM,416.35,25,10408.75,253499781.55000004
2025-08-01 09:30:52 AM,416.2,0,0.0,253499781.55000004
2025-08-01 09:30:55 AM,416.55,0,0.0,253499781.55000004
2025-08-01 09:30:57 AM,416.55,626,260760.30000000002,253760541.85000005
2025-08-01 09:30:58 AM,416.2,333,138594.6,253899136.45000005
2025-08-01 09:31:04 AM,416.2,200,83240.0,253982376.45000005
2025-08-01 09:31:07 AM,416.0,0,0.0,253982376.45000005
2025-08-01 09:31:09 AM,416.15,0,0.0,253982376.45000005
2025-08-01 09:31:12 AM,416.15,668,277988.2,254260364.65000004
2025-08-01 09:31:15 AM,416.0,0,0.0,254260364.65000004
2025-08-01 09:31:19 AM,416.0,107,44512.0,254304876.65000004
2025-08-01 09:31:27 AM,416.15,38,15813.699999999999,254320690.35000002
2025-08-01 09:31:31 AM,415.3,0,0.0,254320690.35000002
2025-08-01 09:31:33 AM,415.05,0,0.0,254320690.35000002
2025-08-01 09:31:34 AM,415.05,8133,3375601.65,257696292.00000003
2025-08-01 09:31:34 AM,414.7,727,301486.89999999997,257997778.90000004
2025-08-01 09:31:37 AM,414.6,0,0.0,257997778.90000004
2025-08-01 09:31:39 AM,414.1,0,0.0,257997778.90000004
2025-08-01 09:31:41 AM,413.4,5972,2468824.8,260466603.70000005
2025-08-01 09:31:45 AM,413.55,0,0.0,260466603.70000005
2025-08-01 09:31:48 AM,413.55,534,220835.7,260687439.40000004
2025-08-01 09:31:49 AM,414.15,0,0.0,260687439.40000004
2025-08-01 09:31:54 AM,414.25,0,0.0,260687439.40000004
2025-08-01 09:31:55 AM,414.3,0,0.0,260687439.40000004
2025-08-01 09:31:55 AM,414.3,14442,5983320.600000001,266670760.00000003
2025-08-01 09:31:59 AM,415.25,0,0.0,266670760.00000003
2025-08-01 09:32:00 AM,414.95,0,0.0,266670760.00000003
2025-08-01 09:32:01 AM,414.95,1062,440676.89999999997,267111436.90000004
2025-08-01 09:32:05 AM,414.6,0,0.0,267111436.90000004
2025-08-01 09:32:09 AM,414.55,517,214322.35,267325759.25000003
2025-08-01 09:32:16 AM,414.6,1871,775716.6000000001,268101475.85000002
2025-08-01 09:32:17 AM,414.55,0,0.0,268101475.85000002
2025-08-01 09:32:23 AM,414.9,0,0.0,268101475.85000002
2025-08-01 09:32:23 AM,414.9,871,361377.89999999997,268462853.75
2025-08-01 09:32:30 AM,414.9,175,72607.5,268535461.25
2025-08-01 09:32:35 AM,415.0,0,0.0,268535461.25
2025-08-01 09:32:35 AM,415.4,0,0.0,268535461.25
2025-08-01 09:32:36 AM,415.4,2679,1112856.5999999999,269648317.85
2025-08-01 09:32:41 AM,415.15,0,0.0,269648317.85
2025-08-01 09:32:43 AM,415.15,547,227087.05,269875404.90000004
2025-08-01 09:32:47 AM,415.45,0,0.0,269875404.90000004
2025-08-01 09:32:51 AM,415.4,401,166575.4,270041980.3
2025-08-01 09:32:58 AM,415.4,12,4984.799999999999,270046965.1
2025-08-01 09:33:04 AM,415.15,424,176023.59999999998,270222988.70000005
2025-08-01 09:33:05 AM,415.0,0,0.0,270222988.70000005
2025-08-01 09:33:11 AM,415.0,351,145665.0,270368653.70000005
2025-08-01 09:33:18 AM,415.0,792,328680.0,270697333.70000005
2025-08-01 09:33:21 AM,414.95,0,0.0,270697333.70000005
2025-08-01 09:33:25 AM,414.95,735,304988.25,271002321.95000005
2025-08-01 09:33:26 AM,414.85,0,0.0,271002321.95000005
2025-08-01 09:33:31 AM,414.95,0,0.0,271002321.95000005
2025-08-01 09:33:32 AM,414.95,131,54358.45,271056680.40000004
2025-08-01 09:33:36 AM,414.9,0,0.0,271056680.40000004
2025-08-01 09:33:39 AM,414.95,45,18672.75,271075353.15000004
2025-08-01 09:33:41 AM,415.05,0,0.0,271075353.15000004
2025-08-01 09:33:43 AM,415.2,0,0.0,271075353.15000004
2025-08-01 09:33:45 AM,415.0,0,0.0,271075353.15000004
2025-08-01 09:33:46 AM,415.0,2481,1029615.0,272104968.15000004
2025-08-01 09:33:49 AM,414.95,0,0.0,272104968.15000004
2025-08-01 09:33:51 AM,414.9,0,0.0,272104968.15000004
2025-08-01 09:33:53 AM,414.6,1679,696113.4,272801081.55
2025-08-01 09:33:55 AM,414.9,0,0.0,272801081.55
2025-08-01 09:34:00 AM,415.0,547,227005.0,273028086.55
2025-08-01 09:34:01 AM,414.95,0,0.0,273028086.55
2025-08-01 09:34:06 AM,414.9,0,0.0,273028086.55
2025-08-01 09:34:07 AM,414.9,1363,565508.7,273593595.25
2025-08-01 09:34:11 AM,414.75,0,0.0,273593595.25
2025-08-01 09:34:14 AM,414.8,565,234362.0,273827957.25
2025-08-01 09:34:21 AM,415.0,488,202520.0,274030477.25
2025-08-01 09:34:21 AM,414.8,5,2074.0,274032551.25
2025-08-01 09:34:24 AM,415.0,0,0.0,274032551.25
2025-08-01 09:34:28 AM,415.0,301,124915.0,274157466.25
2025-08-01 09:34:29 AM,414.95,0,0.0,274157466.25
2025-08-01 09:34:31 AM,414.9,0,0.0,274157466.25
2025-08-01 09:34:34 AM,414.85,0,0.0,274157466.25
2025-08-01 09:34:35 AM,414.7,3762,1560101.4,275717567.65
2025-08-01 09:34:36 AM,414.75,0,0.0,275717567.65
2025-08-01 09:34:41 AM,414.55,0,0.0,275717567.65
2025-08-01 09:34:42 AM,414.55,52,21556.600000000002,275739124.25
2025-08-01 09:34:44 AM,414.8,0,0.0,275739124.25
2025-08-01 09:34:49 AM,414.8,136,56412.8,275795537.05
2025-08-01 09:34:51 AM,414.6,0,0.0,275795537.05
2025-08-01 09:34:53 AM,414.55,0,0.0,275795537.05
2025-08-01 09:34:55 AM,414.35,0,0.0,275795537.05
2025-08-01 09:34:56 AM,414.35,1274,527881.9,276323418.95
2025-08-01 09:34:56 AM,414.55,540,223857.0,276547275.95
2025-08-01 09:35:00 AM,414.6,0,0.0,276547275.95
2025-08-01 09:35:02 AM,414.55,584,242097.2,276789373.15
2025-08-01 09:35:10 AM,414.55,504,208933.2,276998306.34999996
2025-08-01 09:35:17 AM,414.35,181,74997.35,277073303.7
2025-08-01 09:35:21 AM,414.0,0,0.0,277073303.7
2025-08-01 09:35:24 AM,414.5,1103,457193.5,277530497.2
2025-08-01 09:35:24 AM,414.55,600,248730.0,277779227.2
2025-08-01 09:35:26 AM,414.5,0,0.0,277779227.2
2025-08-01 09:35:31 AM,414.6,0,0.0,277779227.2
2025-08-01 09:35:31 AM,414.5,1904,789208.0,278568435.2
2025-08-01 09:35:38 AM,414.7,19,7879.3,278576314.5
2025-08-01 09:35:40 AM,414.9,0,0.0,278576314.5
2025-08-01 09:35:40 AM,414.8,0,0.0,278576314.5
2025-08-01 09:35:44 AM,414.6,972,402991.2,278979305.7
2025-08-01 09:35:45 AM,414.8,0,0.0,278979305.7
2025-08-01 09:35:51 AM,414.8,456,189148.80000000002,279168454.5
2025-08-01 09:35:58 AM,414.8,26,10784.800000000001,279179239.3
2025-08-01 09:35:58 AM,414.8,227,94159.6,279273398.90000004
2025-08-01 09:36:00 AM,414.75,0,0.0,279273398.90000004
2025-08-01 09:36:04 AM,414.8,0,0.0,279273398.90000004
2025-08-01 09:36:04 AM,414.8,218,90426.40000000001,279363825.3
2025-08-01 09:36:11 AM,414.75,1037,430095.75,279793921.05
2025-08-01 09:36:11 AM,414.9,5,2074.5,279795995.55
2025-08-01 09:36:16 AM,414.8,0,0.0,279795995.55
2025-08-01 09:36:18 AM,414.9,182,75511.8,279871507.35
2025-08-01 09:36:20 AM,414.85,0,0.0,279871507.35
2025-08-01 09:36:24 AM,414.9,31,12861.9,279884369.25
2025-08-01 09:36:25 AM,414.85,10,4148.5,279888517.75
2025-08-01 09:36:28 AM,414.9,0,0.0,279888517.75
2025-08-01 09:36:31 AM,414.9,185,76756.5,279965274.25
2025-08-01 09:36:36 AM,414.65,0,0.0,279965274.25
2025-08-01 09:36:37 AM,414.8,846,350920.8,280316195.05
2025-08-01 09:36:43 AM,414.8,51,21154.8,280337349.85
2025-08-01 09:36:44 AM,414.8,570,236436.0,280573785.85
2025-08-01 09:36:50 AM,414.95,550,228222.5,280802008.35
2025-08-01 09:36:51 AM,414.65,189,78368.84999999999,280880377.20000005
2025-08-01 09:36:52 AM,414.75,0,0.0,280880377.20000005
2025-08-01 09:36:57 AM,414.75,722,299449.5,281179826.70000005
2025-08-01 09:37:04 AM,414.75,87,36083.25,281215909.95000005
2025-08-01 09:37:08 AM,414.7,0,0.0,281215909.95000005
2025-08-01 09:37:09 AM,414.75,0,0.0,281215909.95000005
2025-08-01 09:37:11 AM,414.75,120,49770.0,281265679.95000005
2025-08-01 09:37:11 AM,414.65,278,115272.7,281380952.65000004
2025-08-01 09:37:14 AM,414.55,0,0.0,281380952.65000004
2025-08-01 09:37:18 AM,414.4,0,0.0,281380952.65000004
2025-08-01 09:37:18 AM,414.0,11785,4878990.0,286259942.65000004
2025-08-01 09:37:20 AM,413.9,0,0.0,286259942.65000004
2025-08-01 09:37:24 AM,413.95,0,0.0,286259942.65000004
2025-08-01 09:37:25 AM,414.0,2506,1037484.0,287297426.65000004
2025-08-01 09:37:29 AM,413.95,0,0.0,287297426.65000004
2025-08-01 09:37:30 AM,414.15,0,0.0,287297426.65000004
2025-08-01 09:37:32 AM,414.15,5,2070.75,287299497.40000004
2025-08-01 09:37:32 AM,414.2,100,41420.0,287340917.40000004
2025-08-01 09:37:34 AM,414.05,0,0.0,287340917.40000004
2025-08-01 09:37:34 AM,414.35,0,0.0,287340917.40000004
2025-08-01 09:37:38 AM,414.1,0,0.0,287340917.40000004
2025-08-01 09:37:39 AM,414.1,591,244733.1,287585650.50000006
2025-08-01 09:37:39 AM,414.3,63,26100.9,287611751.40000004
2025-08-01 09:37:42 AM,414.05,0,0.0,287611751.40000004
2025-08-01 09:37:45 AM,414.1,2388,988870.8,288600622.20000005
2025-08-01 09:37:46 AM,414.0,0,0.0,288600622.20000005
2025-08-01 09:37:52 AM,414.0,494,204516.0,288805138.20000005
2025-08-01 09:37:54 AM,414.25,0,0.0,288805138.20000005
2025-08-01 09:37:58 AM,414.25,2147,889394.75,289694532.95000005
2025-08-01 09:38:04 AM,414.0,0,0.0,289694532.95000005
2025-08-01 09:38:05 AM,413.6,1201,496733.60000000003,290191266.5500001
2025-08-01 09:38:10 AM,413.1,0,0.0,290191266.5500001
2025-08-01 09:38:12 AM,413.35,0,0.0,290191266.5500001
2025-08-01 09:38:12 AM,413.35,4955,2048149.25,292239415.8000001
2025-08-01 09:38:16 AM,413.0,0,0.0,292239415.8000001
2025-08-01 09:38:19 AM,413.0,2373,980049.0,293219464.8000001
2025-08-01 09:38:20 AM,412.65,0,0.0,293219464.8000001
2025-08-01 09:38:21 AM,412.6,0,0.0,293219464.8000001
2025-08-01 09:38:25 AM,412.55,0,0.0,293219464.8000001
2025-08-01 09:38:26 AM,412.9,4780,1973662.0,295193126.8000001
2025-08-01 09:38:30 AM,412.7,0,0.0,295193126.8000001
2025-08-01 09:38:32 AM,412.7,957,394953.89999999997,295588080.70000005
2025-08-01 09:38:35 AM,412.35,0,0.0,295588080.70000005
2025-08-01 09:38:39 AM,412.2,5177,2133959.4,297722040.1
2025-08-01 09:38:40 AM,412.6,0,0.0,297722040.1
2025-08-01 09:38:41 AM,411.9,0,0.0,297722040.1
2025-08-01 09:38:44 AM,412.35,0,0.0,297722040.1
2025-08-01 09:38:46 AM,412.25,8495,3502063.75,301224103.85
2025-08-01 09:38:52 AM,412.3,1502,619274.6,301843378.45000005
2025-08-01 09:38:52 AM,412.25,0,0.0,301843378.45000005
2025-08-01 09:38:57 AM,412.3,0,0.0,301843378.45000005
2025-08-01 09:38:59 AM,412.45,837,345220.64999999997,302188599.1
2025-08-01 09:39:00 AM,412.3,0,0.0,302188599.1
2025-08-01 09:39:06 AM,412.45,1096,452045.2,302640644.3
2025-08-01 09:39:06 AM,412.5,0,0.0,302640644.3
2025-08-01 09:39:11 AM,412.45,0,0.0,302640644.3
2025-08-01 09:39:13 AM,412.45,3662,1510391.9,304151036.2
2025-08-01 09:39:15 AM,412.25,0,0.0,304151036.2
2025-08-01 09:39:19 AM,412.45,124,51143.799999999996,304202180.0
2025-08-01 09:39:19 AM,412.45,1,412.45,304202592.45
2025-08-01 09:39:21 AM,412.3,0,0.0,304202592.45
2025-08-01 09:39:26 AM,412.1,1885,776808.5,304979400.95
2025-08-01 09:39:29 AM,412.15,0,0.0,304979400.95
2025-08-01 09:39:33 AM,412.05,3362,1385312.1,306364713.05
2025-08-01 09:39:33 AM,412.2,0,0.0,306364713.05
2025-08-01 09:39:37 AM,412.15,0,0.0,306364713.05
2025-08-01 09:39:39 AM,412.15,425,175163.75,306539876.8
2025-08-01 09:39:40 AM,412.2,75,30915.0,306570791.8
2025-08-01 09:39:41 AM,412.15,0,0.0,306570791.8
2025-08-01 09:39:45 AM,412.3,0,0.0,306570791.8
2025-08-01 09:39:46 AM,412.3,222,91530.6,306662322.40000004
2025-08-01 09:39:49 AM,412.15,0,0.0,306662322.40000004
2025-08-01 09:39:50 AM,412.3,0,0.0,306662322.40000004
2025-08-01 09:39:52 AM,412.2,3708,1528437.5999999999,308190760.00000006
2025-08-01 09:39:53 AM,412.15,40,16486.0,308207246.00000006
2025-08-01 09:39:57 AM,412.0,0,0.0,308207246.00000006
2025-08-01 09:39:59 AM,412.35,3604,1486109.4000000001,309693355.40000004
2025-08-01 09:40:01 AM,412.0,0,0.0,309693355.40000004
2025-08-01 09:40:02 AM,412.3,0,0.0,309693355.40000004
2025-08-01 09:40:05 AM,412.0,91,37492.0,309730847.40000004
2025-08-01 09:40:09 AM,412.15,0,0.0,309730847.40000004
2025-08-01 09:40:12 AM,412.15,373,153731.94999999998,309884579.35
2025-08-01 09:40:13 AM,412.15,10,4121.5,309888700.85
2025-08-01 09:40:13 AM,412.0,0,0.0,309888700.85
2025-08-01 09:40:15 AM,412.15,0,0.0,309888700.85
2025-08-01 09:40:18 AM,412.15,115,47397.25,309936098.1
2025-08-01 09:40:19 AM,412.15,43,17722.45,309953820.55
2025-08-01 09:40:25 AM,412.15,471,194122.65,310147943.2
2025-08-01 09:40:26 AM,412.15,101,41627.149999999994,310189570.34999996
2025-08-01 09:40:32 AM,412.25,1235,509128.75,310698699.09999996
2025-08-01 09:40:36 AM,412.65,0,0.0,310698699.09999996
2025-08-01 09:40:38 AM,412.3,2085,859645.5,311558344.59999996
2025-08-01 09:40:40 AM,412.45,0,0.0,311558344.59999996
2025-08-01 09:40:44 AM,412.8,0,0.0,311558344.59999996
2025-08-01 09:40:45 AM,412.8,392,161817.6,311720162.2
2025-08-01 09:40:45 AM,412.7,330,136191.0,311856353.2
2025-08-01 09:40:48 AM,413.0,0,0.0,311856353.2
2025-08-01 09:40:51 AM,413.15,251,103700.65,311960053.84999996
2025-08-01 09:40:52 AM,412.9,1,412.9,311960466.74999994
2025-08-01 09:40:58 AM,413.4,1258,520057.19999999995,312480523.9499999
2025-08-01 09:41:04 AM,413.1,0,0.0,312480523.9499999
2025-08-01 09:41:05 AM,413.1,965,398641.5,312879165.4499999
2025-08-01 09:41:05 AM,413.15,1,413.15,312879578.5999999
2025-08-01 09:41:08 AM,413.4,0,0.0,312879578.5999999
2025-08-01 09:41:11 AM,413.4,184,76065.59999999999,312955644.1999999
2025-08-01 09:41:12 AM,412.95,1791,739593.45,313695237.6499999
2025-08-01 09:41:18 AM,412.95,14,5781.3,313701018.9499999
2025-08-01 09:41:19 AM,413.15,307,126837.04999999999,313827855.99999994
2025-08-01 09:41:24 AM,413.1,0,0.0,313827855.99999994
2025-08-01 09:41:25 AM,413.1,8,3304.8,313831160.79999995
2025-08-01 09:41:28 AM,413.15,0,0.0,313831160.79999995
2025-08-01 09:41:31 AM,413.15,60,24789.0,313855949.79999995
2025-08-01 09:41:32 AM,412.85,95,39220.75,313895170.54999995
2025-08-01 09:41:36 AM,412.7,0,0.0,313895170.54999995
2025-08-01 09:41:38 AM,412.65,502,207150.3,314102320.84999996
2025-08-01 09:41:39 AM,412.95,10,4129.5,314106450.34999996
2025-08-01 09:41:40 AM,412.85,0,0.0,314106450.34999996
2025-08-01 09:41:44 AM,412.9,0,0.0,314106450.34999996
2025-08-01 09:41:44 AM,412.9,36,14864.4,314121314.74999994
2025-08-01 09:41:52 AM,413.0,21,8673.0,314129987.74999994
2025-08-01 09:41:56 AM,413.15,0,0.0,314129987.74999994
2025-08-01 09:41:57 AM,413.0,0,0.0,314129987.74999994
2025-08-01 09:41:57 AM,413.0,235,97055.0,314227042.74999994
2025-08-01 09:41:58 AM,412.8,1733,715382.4,314942425.1499999
2025-08-01 09:42:04 AM,412.8,541,223324.80000000002,315165749.9499999
2025-08-01 09:42:09 AM,412.5,0,0.0,315165749.9499999
2025-08-01 09:42:11 AM,412.45,2713,1118976.8499999999,316284726.79999995
2025-08-01 09:42:12 AM,412.7,136,56127.2,316340853.99999994
2025-08-01 09:42:17 AM,412.7,1,412.7,316341266.6999999
2025-08-01 09:42:24 AM,412.7,8,3301.6,316344568.29999995
2025-08-01 09:42:26 AM,412.55,0,0.0,316344568.29999995
2025-08-01 09:42:30 AM,412.45,298,122910.09999999999,316467478.4
2025-08-01 09:42:31 AM,412.5,0,0.0,316467478.4
2025-08-01 09:42:31 AM,412.5,2,825.0,316468303.4
2025-08-01 09:42:37 AM,412.7,13,5365.099999999999,316473668.5
2025-08-01 09:42:44 AM,412.55,1,412.55,316474081.05
2025-08-01 09:42:49 AM,412.55,25,10313.75,316484394.8
2025-08-01 09:42:55 AM,412.5,0,0.0,316484394.8
2025-08-01 09:42:56 AM,412.5,26,10725.0,316495119.8
2025-08-01 09:42:57 AM,412.5,1,412.5,316495532.3
2025-08-01 09:43:02 AM,412.45,207,85377.15,316580909.45
2025-08-01 09:43:03 AM,412.5,52,21450.0,316602359.45
2025-08-01 09:43:09 AM,412.5,157,64762.5,316667121.95
2025-08-01 09:43:11 AM,412.45,0,0.0,316667121.95
2025-08-01 09:43:16 AM,412.55,943,389034.65,317056156.59999996
2025-08-01 09:43:19 AM,412.45,0,0.0,317056156.59999996
2025-08-01 09:43:23 AM,412.5,0,0.0,317056156.59999996
2025-08-01 09:43:23 AM,412.5,222,91575.0,317147731.59999996
2025-08-01 09:43:27 AM,412.45,0,0.0,317147731.59999996
2025-08-01 09:43:27 AM,412.55,0,0.0,317147731.59999996
2025-08-01 09:43:29 AM,412.5,1118,461175.0,317608906.59999996
2025-08-01 09:43:30 AM,412.45,99,40832.549999999996,317649739.15
2025-08-01 09:43:31 AM,412.3,0,0.0,317649739.15
2025-08-01 09:43:36 AM,412.3,36,14842.800000000001,317664581.95
2025-08-01 09:43:37 AM,412.5,9,3712.5,317668294.45
2025-08-01 09:43:39 AM,412.3,0,0.0,317668294.45
2025-08-01 09:43:42 AM,412.4,27,11134.8,317679429.25
2025-08-01 09:43:47 AM,412.3,0,0.0,317679429.25
2025-08-01 09:43:49 AM,412.5,766,315975.0,317995404.25
2025-08-01 09:43:55 AM,412.5,151,62287.5,318057691.75
2025-08-01 09:43:56 AM,412.5,10,4125.0,318061816.75
2025-08-01 09:44:02 AM,412.5,87,35887.5,318097704.25
2025-08-01 09:44:07 AM,412.3,0,0.0,318097704.25
2025-08-01 09:44:09 AM,412.3,1,412.3,318098116.55
2025-08-01 09:44:10 AM,412.5,5,2062.5,318100179.05
2025-08-01 09:44:11 AM,412.1,0,0.0,318100179.05
2025-08-01 09:44:15 AM,411.9,0,0.0,318100179.05
2025-08-01 09:44:16 AM,411.9,3422,1409521.7999999998,319509700.85
2025-08-01 09:44:17 AM,411.9,1,411.9,319510112.75
2025-08-01 09:44:19 AM,412.0,0,0.0,319510112.75
2025-08-01 09:44:23 AM,412.1,516,212643.6,319722756.35
2025-08-01 09:44:27 AM,411.6,0,0.0,319722756.35
2025-08-01 09:44:29 AM,411.8,759,312556.2,320035312.55
2025-08-01 09:44:29 AM,411.8,99,40768.200000000004,320076080.75
2025-08-01 09:44:31 AM,411.4,0,0.0,320076080.75
2025-08-01 09:44:33 AM,411.65,0,0.0,320076080.75
2025-08-01 09:44:35 AM,411.65,323,132962.94999999998,320209043.7
2025-08-01 09:44:36 AM,411.65,10,4116.5,320213160.2
2025-08-01 09:44:37 AM,411.4,0,0.0,320213160.2
2025-08-01 09:44:39 AM,411.65,0,0.0,320213160.2
2025-08-01 09:44:41 AM,411.45,0,0.0,320213160.2
2025-08-01 09:44:41 AM,411.45,480,197496.0,320410656.2
2025-08-01 09:44:42 AM,411.65,2,823.3,320411479.5
2025-08-01 09:44:47 AM,411.4,0,0.0,320411479.5
2025-08-01 09:44:48 AM,411.4,102,41962.799999999996,320453442.3
2025-08-01 09:44:49 AM,411.65,0,0.0,320453442.3
2025-08-01 09:44:54 AM,411.65,1096,451168.39999999997,320904610.7
2025-08-01 09:44:57 AM,411.55,0,0.0,320904610.7
2025-08-01 09:44:59 AM,411.85,0,0.0,320904610.7
2025-08-01 09:45:00 AM,411.85,293,120672.05,321025282.75
2025-08-01 09:45:02 AM,411.45,200,82290.0,321107572.75
2025-08-01 09:45:03 AM,411.65,0,0.0,321107572.75
2025-08-01 09:45:07 AM,411.65,793,326438.44999999995,321434011.2
2025-08-01 09:45:09 AM,411.65,200,82330.0,321516341.2
2025-08-01 09:45:11 AM,411.4,0,0.0,321516341.2
2025-08-01 09:45:14 AM,411.65,30,12349.5,321528690.7
2025-08-01 09:45:19 AM,411.5,0,0.0,321528690.7
2025-08-01 09:45:21 AM,411.5,524,215626.0,321744316.7
2025-08-01 09:45:23 AM,411.4,0,0.0,321744316.7
2025-08-01 09:45:27 AM,411.4,173,71172.2,321815488.9
2025-08-01 09:45:28 AM,411.3,101,41541.3,321857030.2
2025-08-01 09:45:31 AM,411.2,0,0.0,321857030.2
2025-08-01 09:45:33 AM,411.3,561,230739.30000000002,322087769.5
2025-08-01 09:45:35 AM,411.3,5,2056.5,322089826.0
2025-08-01 09:45:35 AM,411.2,0,0.0,322089826.0
2025-08-01 09:45:39 AM,411.4,0,0.0,322089826.0
2025-08-01 09:45:40 AM,411.4,2646,1088564.4,323178390.4
2025-08-01 09:45:44 AM,411.2,0,0.0,323178390.4
2025-08-01 09:45:46 AM,411.4,310,127534.0,323305924.4
2025-08-01 09:45:47 AM,411.2,0,0.0,323305924.4
2025-08-01 09:45:48 AM,411.2,7,2878.4,323308802.79999995
2025-08-01 09:45:51 AM,411.5,0,0.0,323308802.79999995
2025-08-01 09:45:53 AM,411.4,1512,622036.7999999999,323930839.59999996
2025-08-01 09:45:54 AM,411.5,0,0.0,323930839.59999996
2025-08-01 09:45:59 AM,411.4,73,30032.199999999997,323960871.79999995
2025-08-01 09:46:00 AM,411.5,5,2057.5,323962929.29999995
2025-08-01 09:46:06 AM,411.4,35,14399.0,323977328.29999995
2025-08-01 09:46:07 AM,411.5,10,4115.0,323981443.29999995
2025-08-01 09:46:11 AM,411.6,0,0.0,323981443.29999995
2025-08-01 09:46:12 AM,411.6,259,106604.40000000001,324088047.6999999
2025-08-01 09:46:12 AM,411.5,0,0.0,324088047.6999999
2025-08-01 09:46:14 AM,411.6,118,48568.8,324136616.49999994
2025-08-01 09:46:19 AM,411.6,1905,784098.0,324920714.49999994
2025-08-01 09:46:21 AM,411.55,0,0.0,324920714.49999994
2025-08-01 09:46:25 AM,411.55,102,41978.1,324962692.59999996
2025-08-01 09:46:27 AM,411.9,510,210069.0,325172761.59999996
2025-08-01 09:46:29 AM,411.8,0,0.0,325172761.59999996
2025-08-01 09:46:32 AM,411.8,100,41180.0,325213941.59999996
2025-08-01 09:46:33 AM,411.85,175,72073.75,325286015.34999996
2025-08-01 09:46:37 AM,411.6,0,0.0,325286015.34999996
2025-08-01 09:46:38 AM,411.6,157,64621.200000000004,325350636.54999995
2025-08-01 09:46:40 AM,411.85,0,0.0,325350636.54999995
2025-08-01 09:46:40 AM,411.85,2,823.7,325351460.24999994
2025-08-01 09:46:44 AM,411.65,0,0.0,325351460.24999994
2025-08-01 09:46:44 AM,411.65,32,13172.8,325364633.04999995
2025-08-01 09:46:46 AM,411.65,2,823.3,325365456.34999996
2025-08-01 09:46:48 AM,411.85,0,0.0,325365456.34999996
2025-08-01 09:46:50 AM,411.85,32,13179.2,325378635.54999995
2025-08-01 09:46:52 AM,411.65,0,0.0,325378635.54999995
2025-08-01 09:46:52 AM,411.65,100,41165.0,325419800.54999995
2025-08-01 09:46:56 AM,411.85,0,0.0,325419800.54999995
2025-08-01 09:46:57 AM,411.85,640,263584.0,325683384.54999995
2025-08-01 09:46:58 AM,411.25,2674,1099682.5,326783067.04999995
2025-08-01 09:47:01 AM,411.4,0,0.0,326783067.04999995
2025-08-01 09:47:03 AM,411.4,10,4114.0,326787181.04999995
2025-08-01 09:47:05 AM,411.4,1,411.4,326787592.4499999
2025-08-01 09:47:05 AM,411.2,0,0.0,326787592.4499999
2025-08-01 09:47:09 AM,411.2,1107,455198.39999999997,327242790.8499999
2025-08-01 09:47:09 AM,411.6,0,0.0,327242790.8499999
2025-08-01 09:47:11 AM,411.6,1,411.6,327243202.4499999
2025-08-01 09:47:13 AM,411.4,0,0.0,327243202.4499999
2025-08-01 09:47:15 AM,411.4,2,822.8,327244025.24999994
2025-08-01 09:47:20 AM,411.5,0,0.0,327244025.24999994
2025-08-01 09:47:21 AM,411.4,100,41140.0,327285165.24999994
2025-08-01 09:47:23 AM,411.4,391,160857.4,327446022.6499999
2025-08-01 09:47:25 AM,411.15,0,0.0,327446022.6499999
2025-08-01 09:47:28 AM,411.4,389,160034.59999999998,327606057.24999994
2025-08-01 09:47:29 AM,411.1,0,0.0,327606057.24999994
2025-08-01 09:47:30 AM,411.1,29,11921.900000000001,327617979.1499999
2025-08-01 09:47:32 AM,411.0,0,0.0,327617979.1499999
2025-08-01 09:47:34 AM,411.15,767,315352.05,327933331.1999999
2025-08-01 09:47:37 AM,411.1,37,15210.7,327948541.8999999
2025-08-01 09:47:38 AM,411.0,0,0.0,327948541.8999999
2025-08-01 09:47:41 AM,411.0,1697,697467.0,328646008.8999999
2025-08-01 09:47:43 AM,411.45,1050,432022.5,329078031.3999999
2025-08-01 09:47:44 AM,411.1,0,0.0,329078031.3999999
2025-08-01 09:47:48 AM,411.1,444,182528.40000000002,329260559.7999999
2025-08-01 09:47:50 AM,411.1,57,23432.7,329283992.4999999
2025-08-01 09:47:54 AM,411.1,546,224460.6,329508453.0999999
2025-08-01 09:47:57 AM,411.05,400,164420.0,329672873.0999999
2025-08-01 09:48:02 AM,411.1,0,0.0,329672873.0999999
2025-08-01 09:48:03 AM,411.1,1378,566495.8,330239368.8999999
2025-08-01 09:48:07 AM,411.55,0,0.0,330239368.8999999
2025-08-01 09:48:07 AM,411.15,1524,626592.6,330865961.49999994
2025-08-01 09:48:10 AM,411.15,51,20968.649999999998,330886930.1499999
2025-08-01 09:48:14 AM,411.15,176,72362.4,330959292.5499999
2025-08-01 09:48:15 AM,411.6,0,0.0,330959292.5499999
2025-08-01 09:48:15 AM,411.1,0,0.0,330959292.5499999
2025-08-01 09:48:16 AM,411.1,2500,1027750.0,331987042.5499999
2025-08-01 09:48:19 AM,411.55,0,0.0,331987042.5499999
2025-08-01 09:48:20 AM,411.55,188,77371.40000000001,332064413.94999987
2025-08-01 09:48:23 AM,411.5,0,0.0,332064413.94999987
2025-08-01 09:48:23 AM,411.5,25,10287.5,332074701.44999987
2025-08-01 09:48:23 AM,411.8,0,0.0,332074701.44999987
2025-08-01 09:48:27 AM,411.5,750,308625.0,332383326.44999987
2025-08-01 09:48:29 AM,411.9,5119,2108516.1,334491842.5499999
2025-08-01 09:48:31 AM,411.75,0,0.0,334491842.5499999
2025-08-01 09:48:33 AM,411.75,1,411.75,334492254.2999999
2025-08-01 09:48:35 AM,411.85,0,0.0,334492254.2999999
2025-08-01 09:48:35 AM,411.8,0,0.0,334492254.2999999
2025-08-01 09:48:36 AM,411.8,119,49004.200000000004,334541258.4999999
2025-08-01 09:48:39 AM,411.75,0,0.0,334541258.4999999
2025-08-01 09:48:40 AM,411.75,252,103761.0,334645019.4999999
2025-08-01 09:48:47 AM,411.8,0,0.0,334645019.4999999
2025-08-01 09:48:48 AM,411.85,1665,685730.25,335330749.7499999
2025-08-01 09:48:51 AM,411.5,0,0.0,335330749.7499999
2025-08-01 09:48:52 AM,411.7,1045,430226.5,335760976.2499999
2025-08-01 09:48:55 AM,411.5,0,0.0,335760976.2499999
2025-08-01 09:48:55 AM,411.2,592,243430.4,336004406.64999986
2025-08-01 09:48:59 AM,411.35,0,0.0,336004406.64999986
2025-08-01 09:48:59 AM,411.35,253,104071.55,336108478.19999987
2025-08-01 09:49:01 AM,411.35,1,411.35,336108889.5499999
2025-08-01 09:49:03 AM,411.2,0,0.0,336108889.5499999
2025-08-01 09:49:05 AM,411.2,37,15214.4,336124103.94999987
2025-08-01 09:49:07 AM,411.2,1,411.2,336124515.14999986
2025-08-01 09:49:11 AM,411.4,0,0.0,336124515.14999986
2025-08-01 09:49:11 AM,411.2,126,51811.2,336176326.34999985
2025-08-01 09:49:14 AM,411.2,551,226571.19999999998,336402897.54999983
2025-08-01 09:49:17 AM,411.15,244,100320.59999999999,336503218.14999986
2025-08-01 09:49:20 AM,411.15,10,4111.5,336507329.64999986
2025-08-01 09:49:25 AM,411.4,0,0.0,336507329.64999986
2025-08-01 09:49:26 AM,411.4,13,5348.2,336512677.84999985
2025-08-01 09:49:28 AM,411.3,0,0.0,336512677.84999985
2025-08-01 09:49:30 AM,411.3,1,411.3,336513089.14999986
2025-08-01 09:49:32 AM,411.65,11,4528.15,336517617.29999983
2025-08-01 09:49:37 AM,411.3,0,0.0,336517617.29999983
2025-08-01 09:49:39 AM,411.3,10,4113.0,336521730.29999983
2025-08-01 09:49:42 AM,411.65,10,4116.5,336525846.79999983
2025-08-01 09:49:45 AM,411.75,108,44469.0,336570315.79999983
2025-08-01 09:49:46 AM,411.4,0,0.0,336570315.79999983
2025-08-01 09:49:48 AM,411.4,330,135762.0,336706077.79999983
2025-08-01 09:49:52 AM,411.8,0,0.0,336706077.79999983
2025-08-01 09:49:55 AM,411.8,253,104185.40000000001,336810263.1999998
2025-08-01 09:49:58 AM,411.8,50,20590.0,336830853.1999998
2025-08-01 09:49:59 AM,411.9,0,0.0,336830853.1999998
2025-08-01 09:50:00 AM,411.8,0,0.0,336830853.1999998
2025-08-01 09:50:01 AM,411.8,2036,838424.8,337669277.9999998
2025-08-01 09:50:03 AM,411.85,0,0.0,337669277.9999998
2025-08-01 09:50:04 AM,411.85,75,30888.75,337700166.7499998
2025-08-01 09:50:06 AM,411.8,0,0.0,337700166.7499998
2025-08-01 09:50:08 AM,411.85,503,207160.55000000002,337907327.29999983
2025-08-01 09:50:11 AM,411.9,0,0.0,337907327.29999983
2025-08-01 09:50:11 AM,411.9,771,317574.89999999997,338224902.1999998
2025-08-01 09:50:12 AM,411.8,0,0.0,338224902.1999998
2025-08-01 09:50:14 AM,412.0,788,324656.0,338549558.1999998
2025-08-01 09:50:17 AM,412.25,298,122850.5,338672408.6999998
2025-08-01 09:50:21 AM,412.05,787,324283.35000000003,338996692.04999983
2025-08-01 09:50:29 AM,412.4,0,0.0,338996692.04999983
2025-08-01 09:50:30 AM,412.4,30,12372.0,339009064.04999983
2025-08-01 09:50:33 AM,412.4,150,61860.0,339070924.04999983
2025-08-01 09:50:35 AM,412.25,0,0.0,339070924.04999983
2025-08-01 09:50:39 AM,412.5,0,0.0,339070924.04999983
2025-08-01 09:50:40 AM,412.5,265,109312.5,339180236.54999983
2025-08-01 09:50:41 AM,412.25,0,0.0,339180236.54999983
2025-08-01 09:50:42 AM,412.4,12,4948.799999999999,339185185.34999985
2025-08-01 09:50:46 AM,412.5,82,33825.0,339219010.34999985
2025-08-01 09:50:48 AM,412.7,206,85016.2,339304026.54999983
2025-08-01 09:50:52 AM,412.7,51,21047.7,339325074.2499998
2025-08-01 09:50:58 AM,412.7,20,8254.0,339333328.2499998
2025-08-01 09:51:01 AM,412.7,12,4952.4,339338280.6499998
2025-08-01 09:51:03 AM,412.65,0,0.0,339338280.6499998
2025-08-01 09:51:05 AM,412.65,321,132460.65,339470741.2999998
2025-08-01 09:51:06 AM,412.8,0,0.0,339470741.2999998
2025-08-01 09:51:07 AM,412.8,2,825.6,339471566.8999998
2025-08-01 09:51:09 AM,412.65,0,0.0,339471566.8999998
2025-08-01 09:51:11 AM,412.65,2,825.3,339472392.1999998
2025-08-01 09:51:13 AM,413.2,4488,1854441.5999999999,341326833.79999983
2025-08-01 09:51:14 AM,413.5,0,0.0,341326833.79999983
2025-08-01 09:51:17 AM,413.5,205,84767.5,341411601.29999983
2025-08-01 09:51:18 AM,413.6,0,0.0,341411601.29999983
2025-08-01 09:51:19 AM,413.6,1176,486393.60000000003,341897994.89999986
2025-08-01 09:51:21 AM,413.65,0,0.0,341897994.89999986
2025-08-01 09:51:22 AM,413.35,0,0.0,341897994.89999986
2025-08-01 09:51:24 AM,413.85,2725,1127741.25,343025736.14999986
2025-08-01 09:51:25 AM,413.6,0,0.0,343025736.14999986
2025-08-01 09:51:26 AM,413.6,5,2068.0,343027804.14999986
2025-08-01 09:51:28 AM,413.4,0,0.0,343027804.14999986
2025-08-01 09:51:29 AM,413.85,0,0.0,343027804.14999986
2025-08-01 09:51:30 AM,413.85,2550,1055317.5,344083121.64999986
2025-08-01 09:51:32 AM,413.8,1,413.8,344083535.44999987
2025-08-01 09:51:34 AM,413.5,0,0.0,344083535.44999987
2025-08-01 09:51:36 AM,413.8,1105,457249.0,344540784.44999987
2025-08-01 09:51:40 AM,413.65,0,0.0,344540784.44999987
2025-08-01 09:51:43 AM,413.35,549,226929.15000000002,344767713.59999985
2025-08-01 09:51:43 AM,413.25,0,0.0,344767713.59999985
2025-08-01 09:51:45 AM,413.35,0,0.0,344767713.59999985
2025-08-01 09:51:45 AM,413.35,386,159553.1,344927266.69999987
2025-08-01 09:51:49 AM,413.35,1,413.35,344927680.0499999
2025-08-01 09:51:51 AM,413.6,0,0.0,344927680.0499999
2025-08-01 09:51:51 AM,413.6,1521,629085.6,345556765.6499999
2025-08-01 09:51:55 AM,413.25,9,3719.25,345560484.8999999
2025-08-01 09:51:56 AM,413.15,0,0.0,345560484.8999999
2025-08-01 09:51:58 AM,413.3,717,296336.10000000003,345856820.99999994
2025-08-01 09:52:01 AM,413.3,5,2066.5,345858887.49999994
2025-08-01 09:52:03 AM,413.4,1,413.4,345859300.8999999
2025-08-01 09:52:04 AM,413.25,0,0.0,345859300.8999999
2025-08-01 09:52:07 AM,413.4,15,6201.0,345865501.8999999
2025-08-01 09:52:14 AM,413.25,0,0.0,345865501.8999999
2025-08-01 09:52:16 AM,413.15,483,199551.44999999998,346065053.3499999
2025-08-01 09:52:19 AM,413.15,198,81803.7,346146857.0499999
2025-08-01 09:52:20 AM,413.0,0,0.0,346146857.0499999
2025-08-01 09:52:22 AM,412.85,0,0.0,346146857.0499999
2025-08-01 09:52:22 AM,412.85,186,76790.1,346223647.1499999
2025-08-01 09:52:25 AM,412.65,1,412.65,346224059.7999999
2025-08-01 09:52:28 AM,412.85,125,51606.25,346275666.0499999
2025-08-01 09:52:31 AM,412.85,4129,1704657.6500000001,347980323.69999987
2025-08-01 09:52:32 AM,412.7,0,0.0,347980323.69999987
2025-08-01 09:52:34 AM,412.7,2,825.4,347981149.09999985
2025-08-01 09:52:37 AM,412.65,99,40852.35,348022001.44999987
2025-08-01 09:52:38 AM,412.7,0,0.0,348022001.44999987
2025-08-01 09:52:40 AM,412.7,41,16920.7,348038922.14999986
2025-08-01 09:52:41 AM,412.65,0,0.0,348038922.14999986
2025-08-01 09:52:43 AM,412.65,113,46629.45,348085551.59999985
2025-08-01 09:52:44 AM,412.7,0,0.0,348085551.59999985
2025-08-01 09:52:46 AM,412.7,20,8254.0,348093805.59999985
2025-08-01 09:52:47 AM,412.8,0,0.0,348093805.59999985
2025-08-01 09:52:50 AM,412.75,0,0.0,348093805.59999985
2025-08-01 09:52:50 AM,412.75,106,43751.5,348137557.09999985
2025-08-01 09:52:52 AM,412.95,5,2064.75,348139621.84999985
2025-08-01 09:52:56 AM,413.0,0,0.0,348139621.84999985
2025-08-01 09:52:56 AM,413.0,3,1239.0,348140860.84999985
2025-08-01 09:52:56 AM,412.7,0,0.0,348140860.84999985
2025-08-01 09:52:58 AM,412.7,1,412.7,348141273.54999983
2025-08-01 09:53:02 AM,412.95,0,0.0,348141273.54999983
2025-08-01 09:53:05 AM,412.7,0,0.0,348141273.54999983
2025-08-01 09:53:05 AM,412.9,0,0.0,348141273.54999983
2025-08-01 09:53:08 AM,412.9,58,23948.199999999997,348165221.7499998
2025-08-01 09:53:14 AM,412.7,0,0.0,348165221.7499998
2025-08-01 09:53:14 AM,412.7,16,6603.2,348171824.9499998
2025-08-01 09:53:16 AM,412.5,375,154687.5,348326512.4499998
2025-08-01 09:53:17 AM,412.65,0,0.0,348326512.4499998
2025-08-01 09:53:21 AM,412.6,33,13615.800000000001,348340128.2499998
2025-08-01 09:53:23 AM,412.4,402,165784.8,348505913.04999983
2025-08-01 09:53:27 AM,412.5,0,0.0,348505913.04999983
2025-08-01 09:53:27 AM,412.5,6,2475.0,348508388.04999983
2025-08-01 09:53:30 AM,412.4,0,0.0,348508388.04999983
2025-08-01 09:53:33 AM,412.65,211,87069.15,348595457.1999998
2025-08-01 09:53:39 AM,412.45,0,0.0,348595457.1999998
2025-08-01 09:53:39 AM,412.45,3,1237.35,348596694.54999983
2025-08-01 09:53:45 AM,412.55,0,0.0,348596694.54999983
2025-08-01 09:53:46 AM,412.55,100,41255.0,348637949.54999983
2025-08-01 09:53:51 AM,412.5,0,0.0,348637949.54999983
2025-08-01 09:53:52 AM,412.5,504,207900.0,348845849.54999983
2025-08-01 09:53:54 AM,412.4,0,0.0,348845849.54999983
2025-08-01 09:53:54 AM,412.55,0,0.0,348845849.54999983
2025-08-01 09:53:57 AM,412.4,0,0.0,348845849.54999983
2025-08-01 09:53:58 AM,412.4,649,267647.6,349113497.14999986
2025-08-01 09:53:59 AM,412.4,474,195477.59999999998,349308974.7499999
2025-08-01 09:54:00 AM,412.55,0,0.0,349308974.7499999
2025-08-01 09:54:03 AM,412.65,0,0.0,349308974.7499999
2025-08-01 09:54:04 AM,412.65,182,75102.3,349384077.0499999
2025-08-01 09:54:05 AM,412.8,265,109392.0,349493469.0499999
2025-08-01 09:54:06 AM,412.55,0,0.0,349493469.0499999
2025-08-01 09:54:10 AM,412.55,3,1237.65,349494706.69999987
2025-08-01 09:54:12 AM,412.65,0,0.0,349494706.69999987
2025-08-01 09:54:15 AM,412.55,0,0.0,349494706.69999987
2025-08-01 09:54:16 AM,412.55,26,10726.300000000001,349505432.9999999
2025-08-01 09:54:18 AM,412.65,14,5777.099999999999,349511210.0999999
2025-08-01 09:54:21 AM,412.75,0,0.0,349511210.0999999
2025-08-01 09:54:23 AM,412.8,1511,623740.8,350134950.8999999
2025-08-01 09:54:29 AM,412.8,2,825.6,350135776.49999994
2025-08-01 09:54:30 AM,412.8,424,175027.2,350310803.6999999
2025-08-01 09:54:35 AM,412.95,16,6607.2,350317410.8999999
2025-08-01 09:54:43 AM,412.8,0,0.0,350317410.8999999
2025-08-01 09:54:47 AM,412.8,532,219609.6,350537020.49999994
2025-08-01 09:54:48 AM,412.8,2,825.6,350537846.09999996
2025-08-01 09:54:49 AM,412.75,0,0.0,350537846.09999996
2025-08-01 09:54:49 AM,412.8,0,0.0,350537846.09999996
2025-08-01 09:54:52 AM,412.75,0,0.0,350537846.09999996
2025-08-01 09:54:53 AM,412.75,1222,504380.5,351042226.59999996
2025-08-01 09:54:54 AM,412.75,134,55308.5,351097535.09999996
2025-08-01 09:54:58 AM,412.75,15,6191.25,351103726.34999996
2025-08-01 09:55:00 AM,412.75,1,412.75,351104139.09999996
2025-08-01 09:55:04 AM,412.75,131,54070.25,351158209.34999996
2025-08-01 09:55:10 AM,412.75,20,8255.0,351166464.34999996
2025-08-01 09:55:11 AM,412.75,1,412.75,351166877.09999996
2025-08-01 09:55:22 AM,412.4,0,0.0,351166877.09999996
2025-08-01 09:55:22 AM,412.6,1435,592081.0,351758958.09999996
2025-08-01 09:55:23 AM,412.4,1,412.4,351759370.49999994
2025-08-01 09:55:27 AM,412.6,0,0.0,351759370.49999994
2025-08-01 09:55:28 AM,412.55,492,202974.6,351962345.09999996
2025-08-01 09:55:34 AM,412.55,10,4125.5,351966470.59999996
2025-08-01 09:55:42 AM,412.4,0,0.0,351966470.59999996
2025-08-01 09:55:46 AM,412.6,0,0.0,351966470.59999996
2025-08-01 09:55:46 AM,412.55,70,28878.5,351995349.09999996
2025-08-01 09:55:53 AM,412.55,415,171208.25,352166557.34999996
2025-08-01 09:55:53 AM,412.55,10,4125.5,352170682.84999996
2025-08-01 09:56:11 AM,412.55,7,2887.85,352173570.7
2025-08-01 09:56:13 AM,412.5,0,0.0,352173570.7
2025-08-01 09:56:17 AM,412.5,104,42900.0,352216470.7
2025-08-01 09:56:17 AM,412.5,1,412.5,352216883.2
2025-08-01 09:56:23 AM,412.5,41,16912.5,352233795.7
2025-08-01 09:56:23 AM,412.55,25,10313.75,352244109.45
2025-08-01 09:56:29 AM,412.5,559,230587.5,352474696.95
2025-08-01 09:56:31 AM,412.4,0,0.0,352474696.95
2025-08-01 09:56:34 AM,412.4,2,824.8,352475521.75
2025-08-01 09:56:40 AM,412.4,251,103512.4,352579034.15
2025-08-01 09:56:41 AM,412.35,697,287407.95,352866442.09999996
2025-08-01 09:56:47 AM,412.35,2,824.7,352867266.79999995
2025-08-01 09:56:48 AM,412.35,394,162465.90000000002,353029732.6999999
2025-08-01 09:56:53 AM,412.35,201,82882.35,353112615.04999995
2025-08-01 09:56:54 AM,412.35,10,4123.5,353116738.54999995
2025-08-01 09:56:57 AM,412.3,0,0.0,353116738.54999995
2025-08-01 09:56:59 AM,412.4,714,294453.6,353411192.15
2025-08-01 09:57:04 AM,412.4,11,4536.4,353415728.54999995
2025-08-01 09:57:09 AM,412.5,0,0.0,353415728.54999995
2025-08-01 09:57:10 AM,412.5,27,11137.5,353426866.04999995
2025-08-01 09:57:12 AM,412.4,233,96089.2,353522955.24999994
2025-08-01 09:57:22 AM,412.4,242,99800.79999999999,353622756.04999995
2025-08-01 09:57:27 AM,412.4,45,18558.0,353641314.04999995
2025-08-01 09:57:39 AM,412.4,3,1237.1999999999998,353642551.24999994
2025-08-01 09:57:41 AM,412.3,0,0.0,353642551.24999994
2025-08-01 09:57:42 AM,412.3,41,16904.3,353659455.54999995
2025-08-01 09:57:45 AM,412.4,0,0.0,353659455.54999995
2025-08-01 09:57:46 AM,412.4,55,22682.0,353682137.54999995
2025-08-01 09:57:52 AM,412.4,100,41240.0,353723377.54999995
2025-08-01 09:57:53 AM,412.3,0,0.0,353723377.54999995
2025-08-01 09:57:54 AM,412.45,234,96513.3,353819890.84999996
2025-08-01 09:57:57 AM,412.5,0,0.0,353819890.84999996
2025-08-01 09:57:58 AM,412.5,49,20212.5,353840103.34999996
2025-08-01 09:58:00 AM,412.3,356,146778.80000000002,353986882.15
2025-08-01 09:58:04 AM,412.4,332,136916.8,354123798.95
2025-08-01 09:58:07 AM,412.2,1,412.2,354124211.15
2025-08-01 09:58:10 AM,412.3,0,0.0,354124211.15
2025-08-01 09:58:10 AM,412.3,50,20615.0,354144826.15
2025-08-01 09:58:16 AM,411.75,647,266402.25,354411228.4
2025-08-01 09:58:18 AM,411.7,0,0.0,354411228.4
2025-08-01 09:58:19 AM,411.7,1,411.7,354411640.09999996
2025-08-01 09:58:25 AM,411.95,1,411.95,354412052.04999995
2025-08-01 09:58:28 AM,411.65,50,20582.5,354432634.54999995
2025-08-01 09:58:30 AM,411.65,1001,412061.64999999997,354844696.1999999
2025-08-01 09:58:34 AM,411.65,52,21405.8,354866101.99999994
2025-08-01 09:58:37 AM,411.8,1,411.8,354866513.79999995
2025-08-01 09:58:38 AM,411.6,0,0.0,354866513.79999995
2025-08-01 09:58:40 AM,411.6,1,411.6,354866925.4
2025-08-01 09:58:43 AM,411.6,569,234200.40000000002,355101125.79999995
2025-08-01 09:58:46 AM,411.75,0,0.0,355101125.79999995
2025-08-01 09:58:46 AM,411.65,496,204178.4,355305304.1999999
2025-08-01 09:58:49 AM,411.5,1,411.5,355305715.6999999
2025-08-01 09:58:52 AM,411.7,1,411.7,355306127.3999999
2025-08-01 09:58:55 AM,411.6,51,20991.600000000002,355327118.99999994
2025-08-01 09:58:58 AM,411.35,0,0.0,355327118.99999994
2025-08-01 09:59:01 AM,411.6,1032,424771.2,355751890.1999999
2025-08-01 09:59:04 AM,411.6,1,411.6,355752301.79999995
2025-08-01 09:59:07 AM,411.35,1,411.35,355752713.15
2025-08-01 09:59:16 AM,411.6,0,0.0,355752713.15
2025-08-01 09:59:20 AM,411.6,6,2469.6000000000004,355755182.75
2025-08-01 09:59:23 AM,411.35,302,124227.70000000001,355879410.45
2025-08-01 09:59:26 AM,411.45,601,247281.44999999998,356126691.9
2025-08-01 09:59:32 AM,411.4,300,123420.0,356250111.9
2025-08-01 09:59:36 AM,411.35,0,0.0,356250111.9
2025-08-01 09:59:36 AM,411.35,461,189632.35,356439744.25
2025-08-01 09:59:38 AM,411.4,0,0.0,356439744.25
2025-08-01 09:59:39 AM,411.4,1,411.4,356440155.65
2025-08-01 09:59:44 AM,411.7,0,0.0,356440155.65
2025-08-01 09:59:45 AM,411.7,2,823.4,356440979.04999995
2025-08-01 09:59:48 AM,411.4,0,0.0,356440979.04999995
2025-08-01 09:59:49 AM,411.4,473,194592.19999999998,356635571.24999994
2025-08-01 09:59:51 AM,411.5,0,0.0,356635571.24999994
2025-08-01 09:59:51 AM,411.5,58,23867.0,356659438.24999994
2025-08-01 09:59:54 AM,411.7,0,0.0,356659438.24999994
2025-08-01 09:59:54 AM,411.7,5121,2108315.6999999997,358767753.9499999
2025-08-01 09:59:56 AM,411.5,0,0.0,358767753.9499999
2025-08-01 09:59:57 AM,411.5,1,411.5,358768165.4499999
2025-08-01 09:59:59 AM,411.45,0,0.0,358768165.4499999
2025-08-01 10:00:00 AM,411.45,1,411.45,358768576.8999999
2025-08-01 10:00:03 AM,411.45,562,231234.9,358999811.7999999
2025-08-01 10:00:07 AM,411.35,0,0.0,358999811.7999999
2025-08-01 10:00:07 AM,411.35,558,229533.30000000002,359229345.0999999
2025-08-01 10:00:09 AM,411.45,0,0.0,359229345.0999999
2025-08-01 10:00:10 AM,411.45,200,82290.0,359311635.0999999
2025-08-01 10:00:13 AM,411.35,12,4936.200000000001,359316571.2999999
2025-08-01 10:00:16 AM,411.5,4,1646.0,359318217.2999999
2025-08-01 10:00:21 AM,411.3,0,0.0,359318217.2999999
2025-08-01 10:00:22 AM,411.5,0,0.0,359318217.2999999
2025-08-01 10:00:23 AM,411.5,178,73247.0,359391464.2999999
2025-08-01 10:00:26 AM,411.45,1364,561217.7999999999,359952682.0999999
2025-08-01 10:00:27 AM,411.3,0,0.0,359952682.0999999
2025-08-01 10:00:29 AM,411.35,125,51418.75,360004100.8499999
2025-08-01 10:00:32 AM,411.3,1,411.3,360004512.1499999
2025-08-01 10:00:35 AM,411.3,4,1645.2,360006157.3499999
2025-08-01 10:00:38 AM,411.3,50,20565.0,360026722.3499999
2025-08-01 10:00:40 AM,411.45,0,0.0,360026722.3499999
2025-08-01 10:00:42 AM,411.3,69,28379.7,360055102.0499999
2025-08-01 10:00:45 AM,411.45,0,0.0,360055102.0499999
2025-08-01 10:00:45 AM,411.45,30,12343.5,360067445.5499999
2025-08-01 10:00:48 AM,411.25,6,2467.5,360069913.0499999
2025-08-01 10:00:51 AM,411.45,0,0.0,360069913.0499999
2025-08-01 10:00:51 AM,411.45,35,14400.75,360084313.7999999
2025-08-01 10:00:54 AM,411.3,10,4113.0,360088426.7999999
2025-08-01 10:00:57 AM,411.25,2,822.5,360089249.2999999
2025-08-01 10:01:01 AM,411.25,600,246750.0,360335999.2999999
2025-08-01 10:01:02 AM,411.1,0,0.0,360335999.2999999
2025-08-01 10:01:03 AM,411.2,0,0.0,360335999.2999999
2025-08-01 10:01:04 AM,411.2,1126,463011.2,360799010.4999999
2025-08-01 10:01:07 AM,411.25,1,411.25,360799421.7499999
2025-08-01 10:01:09 AM,411.5,0,0.0,360799421.7499999
2025-08-01 10:01:10 AM,411.5,16,6584.0,360806005.7499999
2025-08-01 10:01:14 AM,411.25,0,0.0,360806005.7499999
2025-08-01 10:01:14 AM,411.25,69,28376.25,360834381.9999999
2025-08-01 10:01:18 AM,411.5,0,0.0,360834381.9999999
2025-08-01 10:01:20 AM,411.4,205,84337.0,360918718.9999999
2025-08-01 10:01:23 AM,411.65,113,46516.45,360965235.44999987
2025-08-01 10:01:26 AM,411.5,0,0.0,360965235.44999987
2025-08-01 10:01:26 AM,411.5,1,411.5,360965646.94999987
2025-08-01 10:01:27 AM,411.4,0,0.0,360965646.94999987
2025-08-01 10:01:32 AM,411.4,236,97090.4,361062737.34999985
2025-08-01 10:01:38 AM,411.45,0,0.0,361062737.34999985
2025-08-01 10:01:38 AM,411.55,101,41566.55,361104303.89999986
2025-08-01 10:01:40 AM,411.4,373,153452.19999999998,361257756.09999985
2025-08-01 10:01:45 AM,411.4,1,411.4,361258167.4999998
2025-08-01 10:01:57 AM,411.45,679,279374.55,361537542.04999983
2025-08-01 10:01:59 AM,411.7,0,0.0,361537542.04999983
2025-08-01 10:01:59 AM,411.7,1666,685892.2,362223434.2499998
2025-08-01 10:02:00 AM,411.65,0,0.0,362223434.2499998
2025-08-01 10:02:03 AM,411.65,1,411.65,362223845.8999998
2025-08-01 10:02:05 AM,411.95,18,7415.099999999999,362231260.9999998
2025-08-01 10:02:07 AM,412.0,0,0.0,362231260.9999998
2025-08-01 10:02:09 AM,412.0,25,10300.0,362241560.9999998
2025-08-01 10:02:16 AM,412.0,22,9064.0,362250624.9999998
2025-08-01 10:02:17 AM,412.0,1,412.0,362251036.9999998
2025-08-01 10:02:23 AM,411.75,0,0.0,362251036.9999998
2025-08-01 10:02:24 AM,411.75,11,4529.25,362255566.2499998
2025-08-01 10:02:27 AM,412.0,0,0.0,362255566.2499998
2025-08-01 10:02:28 AM,412.0,2,824.0,362256390.2499998
2025-08-01 10:02:30 AM,412.0,1,412.0,362256802.2499998
2025-08-01 10:02:34 AM,412.0,61,25132.0,362281934.2499998
2025-08-01 10:02:43 AM,412.0,68,28016.0,362309950.2499998
2025-08-01 10:02:48 AM,412.0,7,2884.0,362312834.2499998
2025-08-01 10:02:49 AM,412.0,80,32960.0,362345794.2499998
2025-08-01 10:02:56 AM,412.0,200,82400.0,362428194.2499998
2025-08-01 10:03:00 AM,412.0,50,20600.0,362448794.2499998
2025-08-01 10:03:06 AM,411.85,0,0.0,362448794.2499998
2025-08-01 10:03:06 AM,411.85,1302,536228.7000000001,362985022.9499998
2025-08-01 10:03:08 AM,411.65,1,411.65,362985434.5999998
2025-08-01 10:03:13 AM,411.85,1,411.85,362985846.4499998
2025-08-01 10:03:14 AM,411.6,0,0.0,362985846.4499998
2025-08-01 10:03:15 AM,411.85,82,33771.700000000004,363019618.1499998
2025-08-01 10:03:18 AM,411.65,0,0.0,363019618.1499998
2025-08-01 10:03:19 AM,411.6,865,356034.0,363375652.1499998
2025-08-01 10:03:22 AM,411.95,0,0.0,363375652.1499998
2025-08-01 10:03:22 AM,411.95,50,20597.5,363396249.6499998
2025-08-01 10:03:26 AM,411.6,0,0.0,363396249.6499998
2025-08-01 10:03:26 AM,411.95,13,5355.349999999999,363401604.9999998
2025-08-01 10:03:28 AM,411.6,1,411.6,363402016.59999985
2025-08-01 10:03:30 AM,411.95,0,0.0,363402016.59999985
2025-08-01 10:03:32 AM,411.95,80,32956.0,363434972.59999985
2025-08-01 10:03:34 AM,411.6,30,12348.0,363447320.59999985
2025-08-01 10:03:39 AM,411.85,41,16885.850000000002,363464206.44999987
2025-08-01 10:03:45 AM,411.9,5,2059.5,363466265.94999987
2025-08-01 10:03:46 AM,412.0,0,0.0,363466265.94999987
2025-08-01 10:03:47 AM,412.0,200,82400.0,363548665.94999987
2025-08-01 10:03:50 AM,411.85,0,0.0,363548665.94999987
2025-08-01 10:03:51 AM,411.85,11,4530.35,363553196.2999999
2025-08-01 10:03:53 AM,411.85,50,20592.5,363573788.7999999
2025-08-01 10:03:54 AM,411.65,0,0.0,363573788.7999999
2025-08-01 10:03:57 AM,411.65,1,411.65,363574200.44999987
2025-08-01 10:03:59 AM,411.6,1,411.6,363574612.0499999
2025-08-01 10:04:03 AM,411.85,557,229400.45,363804012.4999999
2025-08-01 10:04:06 AM,411.85,1,411.85,363804424.3499999
2025-08-01 10:04:10 AM,411.85,26,10708.1,363815132.4499999
2025-08-01 10:04:12 AM,411.85,10,4118.5,363819250.9499999
2025-08-01 10:04:14 AM,411.65,0,0.0,363819250.9499999
2025-08-01 10:04:16 AM,411.85,222,91430.70000000001,363910681.6499999
2025-08-01 10:04:18 AM,411.85,17,7001.450000000001,363917683.0999999
2025-08-01 10:04:22 AM,411.45,927,381414.14999999997,364299097.2499999
2025-08-01 10:04:24 AM,411.7,11,4528.7,364303625.94999987
2025-08-01 10:04:26 AM,411.75,0,0.0,364303625.94999987
2025-08-01 10:04:29 AM,411.4,1593,655360.2,364958986.14999986
2025-08-01 10:04:31 AM,411.7,20,8234.0,364967220.14999986
2025-08-01 10:04:34 AM,411.6,0,0.0,364967220.14999986
2025-08-01 10:04:35 AM,411.6,1,411.6,364967631.7499999
2025-08-01 10:04:37 AM,411.95,6,2471.7,364970103.44999987
2025-08-01 10:04:39 AM,411.55,0,0.0,364970103.44999987
2025-08-01 10:04:41 AM,411.85,78,32124.300000000003,365002227.7499999
2025-08-01 10:04:43 AM,411.55,2,823.1,365003050.8499999
2025-08-01 10:04:44 AM,411.95,0,0.0,365003050.8499999
2025-08-01 10:04:47 AM,412.0,51,21012.0,365024062.8499999
2025-08-01 10:04:49 AM,412.0,17,7004.0,365031066.8499999
2025-08-01 10:04:52 AM,411.85,0,0.0,365031066.8499999
2025-08-01 10:04:53 AM,412.0,26,10712.0,365041778.8499999
2025-08-01 10:04:55 AM,412.0,16,6592.0,365048370.8499999
2025-08-01 10:05:00 AM,412.0,10,4120.0,365052490.8499999
2025-08-01 10:05:06 AM,412.0,199,81988.0,365134478.8499999
2025-08-01 10:05:08 AM,412.0,6,2472.0,365136950.8499999
2025-08-01 10:05:14 AM,412.0,150,61800.0,365198750.8499999
2025-08-01 10:05:18 AM,411.85,29,11943.650000000001,365210694.4999999
2025-08-01 10:05:20 AM,412.0,27,11124.0,365221818.4999999
2025-08-01 10:05:23 AM,411.85,0,0.0,365221818.4999999
2025-08-01 10:05:24 AM,411.85,2,823.7,365222642.19999987
2025-08-01 10:05:26 AM,411.85,1,411.85,365223054.0499999
2025-08-01 10:05:33 AM,411.85,100,41185.0,365264239.0499999
2025-08-01 10:05:34 AM,411.6,0,0.0,365264239.0499999
2025-08-01 10:05:37 AM,412.05,0,0.0,365264239.0499999
2025-08-01 10:05:37 AM,412.05,341,140509.05000000002,365404748.0999999
2025-08-01 10:05:39 AM,412.15,105,43275.75,365448023.8499999
2025-08-01 10:05:40 AM,412.2,0,0.0,365448023.8499999
2025-08-01 10:05:43 AM,411.9,0,0.0,365448023.8499999
2025-08-01 10:05:43 AM,411.9,151,62196.899999999994,365510220.7499999
2025-08-01 10:05:46 AM,412.2,0,0.0,365510220.7499999
2025-08-01 10:05:49 AM,412.05,0,0.0,365510220.7499999
2025-08-01 10:05:49 AM,412.05,130,53566.5,365563787.2499999
2025-08-01 10:05:51 AM,412.05,16,6592.8,365570380.0499999
2025-08-01 10:05:58 AM,411.95,0,0.0,365570380.0499999
2025-08-01 10:06:00 AM,411.95,2,823.9,365571203.94999987
2025-08-01 10:06:03 AM,412.0,50,20600.0,365591803.94999987
2025-08-01 10:06:06 AM,412.05,100,41205.0,365633008.94999987
2025-08-01 10:06:15 AM,412.05,2,824.1,365633833.0499999
2025-08-01 10:06:21 AM,412.05,110,45325.5,365679158.5499999
2025-08-01 10:06:24 AM,411.85,0,0.0,365679158.5499999
2025-08-01 10:06:24 AM,411.85,505,207984.25,365887142.7999999
2025-08-01 10:06:26 AM,411.9,36,14828.4,365901971.19999987
2025-08-01 10:06:30 AM,412.0,0,0.0,365901971.19999987
2025-08-01 10:06:30 AM,412.0,16,6592.0,365908563.19999987
2025-08-01 10:06:32 AM,411.75,15,6176.25,365914739.44999987
2025-08-01 10:06:36 AM,411.7,492,202556.4,366117295.84999985
2025-08-01 10:06:41 AM,411.4,0,0.0,366117295.84999985
2025-08-01 10:06:42 AM,411.3,839,345080.7,366462376.54999983
2025-08-01 10:06:44 AM,411.45,17,6994.65,366469371.1999998
2025-08-01 10:06:48 AM,411.4,4486,1845540.4,368314911.5999998
2025-08-01 10:06:50 AM,411.45,125,51431.25,368366342.8499998
2025-08-01 10:06:54 AM,411.6,239,98372.40000000001,368464715.24999976
2025-08-01 10:06:56 AM,411.85,0,0.0,368464715.24999976
2025-08-01 10:06:57 AM,411.5,394,162131.0,368626846.24999976
2025-08-01 10:07:01 AM,411.8,0,0.0,368626846.24999976
2025-08-01 10:07:01 AM,411.8,24,9883.2,368636729.44999975
2025-08-01 10:07:03 AM,411.85,160,65896.0,368702625.44999975
2025-08-01 10:07:06 AM,411.5,0,0.0,368702625.44999975
2025-08-01 10:07:06 AM,411.8,0,0.0,368702625.44999975
2025-08-01 10:07:07 AM,411.8,190,78242.0,368780867.44999975
2025-08-01 10:07:09 AM,411.7,1266,521212.2,369302079.64999974
2025-08-01 10:07:11 AM,411.5,0,0.0,369302079.64999974
2025-08-01 10:07:13 AM,411.5,18,7407.0,369309486.64999974
2025-08-01 10:07:17 AM,411.8,0,0.0,369309486.64999974
2025-08-01 10:07:19 AM,411.8,12,4941.6,369314428.24999976
2025-08-01 10:07:26 AM,412.3,0,0.0,369314428.24999976
2025-08-01 10:07:26 AM,412.3,959,395395.7,369709823.94999975
2025-08-01 10:07:28 AM,412.3,51,21027.3,369730851.24999976
2025-08-01 10:07:30 AM,412.6,0,0.0,369730851.24999976
2025-08-01 10:07:32 AM,412.6,241,99436.6,369830287.8499998
2025-08-01 10:07:34 AM,412.8,0,0.0,369830287.8499998
2025-08-01 10:07:34 AM,412.8,1600,660480.0,370490767.8499998
2025-08-01 10:07:38 AM,412.45,0,0.0,370490767.8499998
2025-08-01 10:07:38 AM,412.45,105,43307.25,370534075.0999998
2025-08-01 10:07:40 AM,412.75,61,25177.75,370559252.8499998
2025-08-01 10:07:43 AM,413.2,0,0.0,370559252.8499998
2025-08-01 10:07:44 AM,413.2,981,405349.2,370964602.0499998
2025-08-01 10:07:46 AM,413.3,68,28104.4,370992706.44999975
2025-08-01 10:07:48 AM,413.35,0,0.0,370992706.44999975
2025-08-01 10:07:50 AM,413.4,60,24804.0,371017510.44999975
2025-08-01 10:07:52 AM,413.4,572,236464.8,371253975.24999976
2025-08-01 10:07:53 AM,413.5,0,0.0,371253975.24999976
2025-08-01 10:07:56 AM,413.35,965,398882.75,371652857.99999976
2025-08-01 10:07:58 AM,413.1,0,0.0,371652857.99999976
2025-08-01 10:07:58 AM,413.3,0,0.0,371652857.99999976
2025-08-01 10:07:58 AM,413.3,73,30170.9,371683028.89999974
2025-08-01 10:08:02 AM,413.1,0,0.0,371683028.89999974
2025-08-01 10:08:02 AM,412.9,792,327016.8,372010045.69999975
2025-08-01 10:08:04 AM,413.2,0,0.0,372010045.69999975
2025-08-01 10:08:04 AM,413.2,67,27684.399999999998,372037730.0999997
2025-08-01 10:08:08 AM,413.15,0,0.0,372037730.0999997
2025-08-01 10:08:09 AM,413.15,92,38009.799999999996,372075739.89999974
2025-08-01 10:08:10 AM,413.2,26,10743.199999999999,372086483.0999997
2025-08-01 10:08:15 AM,413.2,30,12396.0,372098879.0999997
2025-08-01 10:08:17 AM,412.75,0,0.0,372098879.0999997
2025-08-01 10:08:17 AM,412.75,1,412.75,372099291.8499997
2025-08-01 10:08:18 AM,412.7,0,0.0,372099291.8499997
2025-08-01 10:08:21 AM,412.65,498,205499.69999999998,372304791.5499997
2025-08-01 10:08:23 AM,412.75,81,33432.75,372338224.2999997
2025-08-01 10:08:27 AM,412.95,0,0.0,372338224.2999997
2025-08-01 10:08:27 AM,412.95,30,12388.5,372350612.7999997
2025-08-01 10:08:29 AM,412.6,80,33008.0,372383620.7999997
2025-08-01 10:08:30 AM,412.85,0,0.0,372383620.7999997
2025-08-01 10:08:33 AM,412.85,172,71010.2,372454630.9999997
2025-08-01 10:08:35 AM,412.9,100,41290.0,372495920.9999997
2025-08-01 10:08:36 AM,413.3,0,0.0,372495920.9999997
2025-08-01 10:08:39 AM,412.9,0,0.0,372495920.9999997
2025-08-01 10:08:39 AM,412.9,6,2477.3999999999996,372498398.3999997
2025-08-01 10:08:41 AM,413.3,32,13225.6,372511623.9999997
2025-08-01 10:08:42 AM,413.25,0,0.0,372511623.9999997
2025-08-01 10:08:44 AM,413.05,0,0.0,372511623.9999997
2025-08-01 10:08:45 AM,413.0,213,87969.0,372599592.9999997
2025-08-01 10:08:47 AM,413.35,28,11573.800000000001,372611166.7999997
2025-08-01 10:08:50 AM,413.05,0,0.0,372611166.7999997
2025-08-01 10:08:51 AM,413.05,1,413.05,372611579.8499997
2025-08-01 10:08:55 AM,413.25,0,0.0,372611579.8499997
2025-08-01 10:08:57 AM,413.25,538,222328.5,372833908.3499997
2025-08-01 10:08:59 AM,413.15,51,21070.649999999998,372854978.9999997
2025-08-01 10:08:59 AM,413.5,0,0.0,372854978.9999997
2025-08-01 10:09:05 AM,413.5,560,231560.0,373086538.9999997
2025-08-01 10:09:06 AM,413.2,0,0.0,373086538.9999997
2025-08-01 10:09:09 AM,413.5,0,0.0,373086538.9999997
2025-08-01 10:09:09 AM,413.5,12,4962.0,373091500.9999997
2025-08-01 10:09:10 AM,413.5,29,11991.5,373103492.4999997
2025-08-01 10:09:12 AM,413.35,0,0.0,373103492.4999997
2025-08-01 10:09:13 AM,413.5,0,0.0,373103492.4999997
2025-08-01 10:09:15 AM,413.5,437,180699.5,373284191.9999997
2025-08-01 10:09:16 AM,413.25,100,41325.0,373325516.9999997
2025-08-01 10:09:21 AM,413.1,0,0.0,373325516.9999997
2025-08-01 10:09:21 AM,413.1,1003,414339.30000000005,373739856.2999997
2025-08-01 10:09:22 AM,413.5,0,0.0,373739856.2999997
2025-08-01 10:09:23 AM,413.5,84,34734.0,373774590.2999997
2025-08-01 10:09:24 AM,413.25,0,0.0,373774590.2999997
2025-08-01 10:09:26 AM,413.5,0,0.0,373774590.2999997
2025-08-01 10:09:27 AM,413.5,160,66160.0,373840750.2999997
2025-08-01 10:09:29 AM,413.5,72,29772.0,373870522.2999997
2025-08-01 10:09:32 AM,413.5,75,31012.5,373901534.7999997
2025-08-01 10:09:38 AM,413.5,36,14886.0,373916420.7999997
2025-08-01 10:09:43 AM,413.25,0,0.0,373916420.7999997
2025-08-01 10:09:44 AM,413.25,40,16530.0,373932950.7999997
2025-08-01 10:09:46 AM,413.5,500,206750.0,374139700.7999997
2025-08-01 10:09:50 AM,413.25,205,84716.25,374224417.0499997
2025-08-01 10:09:51 AM,413.5,0,0.0,374224417.0499997
2025-08-01 10:09:51 AM,413.5,36,14886.0,374239303.0499997
2025-08-01 10:09:55 AM,413.45,10,4134.5,374243437.5499997
2025-08-01 10:09:57 AM,413.5,0,0.0,374243437.5499997
2025-08-01 10:09:57 AM,413.5,364,150514.0,374393951.5499997
2025-08-01 10:10:01 AM,413.5,1,413.5,374394365.0499997
2025-08-01 10:10:03 AM,413.25,1,413.25,374394778.2999997
2025-08-01 10:10:06 AM,413.5,0,0.0,374394778.2999997
2025-08-01 10:10:07 AM,413.6,0,0.0,374394778.2999997
2025-08-01 10:10:07 AM,413.6,610,252296.0,374647074.2999997
2025-08-01 10:10:09 AM,413.6,131,54181.600000000006,374701255.89999974
2025-08-01 10:10:13 AM,413.6,354,146414.4,374847670.2999997
2025-08-01 10:10:15 AM,413.65,322,133195.3,374980865.5999997
2025-08-01 10:10:16 AM,413.6,0,0.0,374980865.5999997
2025-08-01 10:10:18 AM,413.75,521,215563.75,375196429.3499997
2025-08-01 10:10:20 AM,413.75,44,18205.0,375214634.3499997
2025-08-01 10:10:23 AM,413.8,0,0.0,375214634.3499997
2025-08-01 10:10:24 AM,413.8,248,102622.40000000001,375317256.7499997
2025-08-01 10:10:26 AM,413.75,259,107161.25,375424417.9999997
2025-08-01 10:10:30 AM,413.75,51,21101.25,375445519.2499997
2025-08-01 10:10:32 AM,413.75,44,18205.0,375463724.2499997
2025-08-01 10:10:38 AM,413.75,4103,1697616.25,377161340.4999997
2025-08-01 10:10:42 AM,414.5,0,0.0,377161340.4999997
2025-08-01 10:10:44 AM,414.7,2415,1001500.5,378162840.9999997
2025-08-01 10:10:48 AM,414.8,0,0.0,378162840.9999997
2025-08-01 10:10:49 AM,414.75,307,127328.25,378290169.2499997
2025-08-01 10:10:50 AM,414.8,89,36917.200000000004,378327086.4499997
2025-08-01 10:10:54 AM,414.75,0,0.0,378327086.4499997
2025-08-01 10:10:54 AM,414.9,0,0.0,378327086.4499997
2025-08-01 10:10:55 AM,414.9,2466,1023143.3999999999,379350229.84999967
2025-08-01 10:10:56 AM,414.75,0,0.0,379350229.84999967
2025-08-01 10:10:56 AM,414.75,79,32765.25,379382995.09999967
2025-08-01 10:10:58 AM,414.8,0,0.0,379382995.09999967
2025-08-01 10:11:00 AM,414.9,0,0.0,379382995.09999967
2025-08-01 10:11:00 AM,414.85,1251,518977.35000000003,379901972.4499997
2025-08-01 10:11:02 AM,415.0,0,0.0,379901972.4499997
2025-08-01 10:11:02 AM,415.0,1291,535765.0,380437737.4499997
2025-08-01 10:11:06 AM,414.75,687,284933.25,380722670.6999997
2025-08-01 10:11:08 AM,414.75,2119,878855.25,381601525.9499997
2025-08-01 10:11:12 AM,414.95,0,0.0,381601525.9499997
2025-08-01 10:11:12 AM,414.95,9,3734.5499999999997,381605260.4999997
2025-08-01 10:11:14 AM,414.8,1384,574083.2000000001,382179343.6999997
2025-08-01 10:11:18 AM,414.7,0,0.0,382179343.6999997
2025-08-01 10:11:18 AM,414.7,577,239281.9,382418625.59999967
2025-08-01 10:11:19 AM,414.75,1,414.75,382419040.34999967
2025-08-01 10:11:24 AM,414.8,0,0.0,382419040.34999967
2025-08-01 10:11:24 AM,414.8,570,236436.0,382655476.34999967
2025-08-01 10:11:25 AM,414.8,100,41480.0,382696956.34999967
2025-08-01 10:11:29 AM,414.8,59,24473.2,382721429.54999965
2025-08-01 10:11:31 AM,414.85,50,20742.5,382742172.04999965
2025-08-01 10:11:33 AM,414.65,0,0.0,382742172.04999965
2025-08-01 10:11:35 AM,414.7,2443,1013112.1,383755284.1499997
2025-08-01 10:11:36 AM,414.7,74,30687.8,383785971.9499997
2025-08-01 10:11:42 AM,414.5,0,0.0,383785971.9499997
2025-08-01 10:11:42 AM,414.5,15,6217.5,383792189.4499997
2025-08-01 10:11:51 AM,414.65,0,0.0,383792189.4499997
2025-08-01 10:11:53 AM,414.65,515,213544.75,384005734.1999997
2025-08-01 10:11:54 AM,414.5,0,0.0,384005734.1999997
2025-08-01 10:11:54 AM,414.5,15,6217.5,384011951.6999997
2025-08-01 10:11:56 AM,414.1,0,0.0,384011951.6999997
2025-08-01 10:12:00 AM,414.35,0,0.0,384011951.6999997
2025-08-01 10:12:00 AM,414.35,766,317392.10000000003,384329343.7999997
2025-08-01 10:12:05 AM,414.1,717,296909.7,384626253.4999997
2025-08-01 10:12:06 AM,414.2,0,0.0,384626253.4999997
2025-08-01 10:12:06 AM,414.2,167,69171.4,384695424.8999997
2025-08-01 10:12:09 AM,414.15,0,0.0,384695424.8999997
2025-08-01 10:12:10 AM,414.15,41,16980.149999999998,384712405.04999965
2025-08-01 10:12:11 AM,413.85,1,413.85,384712818.8999997
2025-08-01 10:12:15 AM,414.15,0,0.0,384712818.8999997
2025-08-01 10:12:16 AM,414.15,696,288248.39999999997,385001067.29999965
2025-08-01 10:12:21 AM,413.85,0,0.0,385001067.29999965
2025-08-01 10:12:22 AM,413.85,27,11173.95,385012241.24999964
2025-08-01 10:12:23 AM,414.1,34,14079.400000000001,385026320.6499996
2025-08-01 10:12:26 AM,414.0,0,0.0,385026320.6499996
2025-08-01 10:12:28 AM,414.1,11,4555.1,385030875.74999964
2025-08-01 10:12:34 AM,414.1,71,29401.100000000002,385060276.84999967
2025-08-01 10:12:34 AM,414.1,100,41410.0,385101686.84999967
2025-08-01 10:12:36 AM,414.55,0,0.0,385101686.84999967
2025-08-01 10:12:39 AM,414.4,0,0.0,385101686.84999967
2025-08-01 10:12:39 AM,414.4,2301,953534.3999999999,386055221.24999964
2025-08-01 10:12:42 AM,414.45,0,0.0,386055221.24999964
2025-08-01 10:12:44 AM,414.15,0,0.0,386055221.24999964
2025-08-01 10:12:45 AM,414.5,291,120619.5,386175840.74999964
2025-08-01 10:12:50 AM,414.7,0,0.0,386175840.74999964
2025-08-01 10:12:51 AM,414.7,2414,1001085.7999999999,387176926.54999965
2025-08-01 10:12:56 AM,414.5,0,0.0,387176926.54999965
2025-08-01 10:12:57 AM,414.5,51,21139.5,387198066.04999965
2025-08-01 10:12:57 AM,414.5,73,30258.5,387228324.54999965
2025-08-01 10:13:00 AM,414.6,0,0.0,387228324.54999965
2025-08-01 10:13:02 AM,414.6,15,6219.0,387234543.54999965
2025-08-01 10:13:08 AM,414.6,450,186570.0,387421113.54999965
2025-08-01 10:13:14 AM,414.4,573,237451.19999999998,387658564.74999964
2025-08-01 10:13:15 AM,414.6,0,0.0,387658564.74999964
2025-08-01 10:13:15 AM,414.6,813,337069.80000000005,387995634.54999965
2025-08-01 10:13:18 AM,414.65,0,0.0,387995634.54999965
2025-08-01 10:13:20 AM,414.4,210,87024.0,388082658.54999965
2025-08-01 10:13:21 AM,414.65,0,0.0,388082658.54999965
2025-08-01 10:13:24 AM,414.6,0,0.0,388082658.54999965
2025-08-01 10:13:26 AM,414.6,85,35241.0,388117899.54999965
2025-08-01 10:13:38 AM,414.6,1,414.6,388118314.1499997
2025-08-01 10:13:39 AM,414.4,6,2486.3999999999996,388120800.54999965
2025-08-01 10:13:42 AM,414.6,0,0.0,388120800.54999965
2025-08-01 10:13:44 AM,414.6,41,16998.600000000002,388137799.1499997
2025-08-01 10:13:56 AM,414.6,1,414.6,388138213.7499997
2025-08-01 10:14:02 AM,414.4,91,37710.4,388175924.1499997
2025-08-01 10:14:06 AM,414.55,0,0.0,388175924.1499997
2025-08-01 10:14:07 AM,414.4,415,171976.0,388347900.1499997
2025-08-01 10:14:13 AM,414.4,222,91996.79999999999,388439896.9499997
2025-08-01 10:14:18 AM,414.45,0,0.0,388439896.9499997
2025-08-01 10:14:19 AM,414.45,1,414.45,388440311.3999997
2025-08-01 10:14:21 AM,414.4,0,0.0,388440311.3999997
2025-08-01 10:14:21 AM,414.5,0,0.0,388440311.3999997
2025-08-01 10:14:25 AM,414.5,667,276471.5,388716782.8999997
2025-08-01 10:14:30 AM,414.15,20,8283.0,388725065.8999997
2025-08-01 10:14:42 AM,414.0,0,0.0,388725065.8999997
2025-08-01 10:14:42 AM,414.15,0,0.0,388725065.8999997
2025-08-01 10:14:42 AM,414.15,837,346643.55,389071709.4499997
2025-08-01 10:14:45 AM,414.05,0,0.0,389071709.4499997
2025-08-01 10:14:48 AM,414.05,101,41819.05,389113528.4999997
2025-08-01 10:14:53 AM,414.0,0,0.0,389113528.4999997
2025-08-01 10:14:53 AM,414.2,652,270058.39999999997,389383586.8999997
2025-08-01 10:14:59 AM,414.4,0,0.0,389383586.8999997
2025-08-01 10:14:59 AM,414.4,46,19062.399999999998,389402649.29999965
2025-08-01 10:15:05 AM,414.7,0,0.0,389402649.29999965
2025-08-01 10:15:05 AM,414.7,1000,414700.0,389817349.29999965
2025-08-01 10:15:07 AM,414.5,0,0.0,389817349.29999965
2025-08-01 10:15:11 AM,414.5,6,2487.0,389819836.29999965
2025-08-01 10:15:13 AM,414.6,0,0.0,389819836.29999965
2025-08-01 10:15:15 AM,414.75,0,0.0,389819836.29999965
2025-08-01 10:15:17 AM,414.75,14,5806.5,389825642.79999965
2025-08-01 10:15:23 AM,414.75,110,45622.5,389871265.29999965
2025-08-01 10:15:24 AM,414.55,81,33578.55,389904843.84999967
2025-08-01 10:15:30 AM,414.8,400,165920.0,390070763.84999967
2025-08-01 10:15:35 AM,414.4,1199,496865.6,390567629.4499997
2025-08-01 10:15:41 AM,414.6,1,414.6,390568044.0499997
2025-08-01 10:15:44 AM,414.7,0,0.0,390568044.0499997
2025-08-01 10:15:46 AM,414.6,0,0.0,390568044.0499997
2025-08-01 10:15:47 AM,414.6,101,41874.600000000006,390609918.64999974
2025-08-01 10:15:50 AM,414.7,0,0.0,390609918.64999974
2025-08-01 10:15:53 AM,414.7,50,20735.0,390630653.64999974
2025-08-01 10:15:56 AM,414.6,0,0.0,390630653.64999974
2025-08-01 10:15:57 AM,414.8,0,0.0,390630653.64999974
2025-08-01 10:15:59 AM,414.8,362,150157.6,390780811.24999976
2025-08-01 10:16:03 AM,414.6,0,0.0,390780811.24999976
2025-08-01 10:16:04 AM,414.8,2,829.6,390781640.8499998
2025-08-01 10:16:05 AM,414.95,2067,857701.65,391639342.49999976
2025-08-01 10:16:08 AM,414.8,0,0.0,391639342.49999976
2025-08-01 10:16:10 AM,414.8,1,414.8,391639757.2999998
2025-08-01 10:16:12 AM,415.0,0,0.0,391639757.2999998
2025-08-01 10:16:16 AM,414.8,172,71345.6,391711102.8999998
2025-08-01 10:16:18 AM,415.0,0,0.0,391711102.8999998
2025-08-01 10:16:22 AM,415.0,53,21995.0,391733097.8999998
2025-08-01 10:16:22 AM,415.0,16,6640.0,391739737.8999998
2025-08-01 10:16:28 AM,415.0,37,15355.0,391755092.8999998
2025-08-01 10:16:33 AM,415.05,0,0.0,391755092.8999998
2025-08-01 10:16:34 AM,415.2,1799,746944.7999999999,392502037.6999998
2025-08-01 10:16:34 AM,415.2,9,3736.7999999999997,392505774.4999998
2025-08-01 10:16:38 AM,415.0,0,0.0,392505774.4999998
2025-08-01 10:16:40 AM,415.0,1,415.0,392506189.4999998
2025-08-01 10:16:44 AM,415.8,0,0.0,392506189.4999998
2025-08-01 10:16:45 AM,415.8,7210,2997918.0,395504107.4999998
2025-08-01 10:16:51 AM,415.4,1,415.4,395504522.8999998
2025-08-01 10:16:56 AM,415.15,0,0.0,395504522.8999998
2025-08-01 10:16:56 AM,415.15,540,224181.0,395728703.8999998
2025-08-01 10:16:56 AM,415.1,7043,2923549.3000000003,398652253.1999998
2025-08-01 10:16:57 AM,414.9,0,0.0,398652253.1999998
2025-08-01 10:16:58 AM,415.15,0,0.0,398652253.1999998
2025-08-01 10:16:59 AM,415.1,0,0.0,398652253.1999998
2025-08-01 10:17:01 AM,415.0,0,0.0,398652253.1999998
2025-08-01 10:17:02 AM,414.8,2932,1216193.6,399868446.79999983
2025-08-01 10:17:03 AM,414.75,0,0.0,399868446.79999983
2025-08-01 10:17:05 AM,414.6,0,0.0,399868446.79999983
2025-08-01 10:17:07 AM,414.6,252,104479.20000000001,399972925.9999998
2025-08-01 10:17:09 AM,414.35,0,0.0,399972925.9999998
2025-08-01 10:17:11 AM,414.55,0,0.0,399972925.9999998
2025-08-01 10:17:13 AM,414.55,276,114415.8,400087341.79999983
2025-08-01 10:17:13 AM,414.6,2001,829614.6000000001,400916956.39999986
2025-08-01 10:17:19 AM,414.6,30,12438.0,400929394.39999986
2025-08-01 10:17:23 AM,414.65,0,0.0,400929394.39999986
2025-08-01 10:17:25 AM,414.65,104,43123.6,400972517.9999999
2025-08-01 10:17:33 AM,414.3,0,0.0,400972517.9999999
2025-08-01 10:17:36 AM,414.3,1221,505860.3,401478378.2999999
2025-08-01 10:17:45 AM,414.6,0,0.0,401478378.2999999
2025-08-01 10:17:47 AM,414.3,0,0.0,401478378.2999999
2025-08-01 10:17:48 AM,414.55,0,0.0,401478378.2999999
2025-08-01 10:17:48 AM,414.55,42,17411.100000000002,401495789.3999999
2025-08-01 10:17:51 AM,414.5,0,0.0,401495789.3999999
2025-08-01 10:17:53 AM,414.3,0,0.0,401495789.3999999
2025-08-01 10:17:54 AM,414.3,243,100674.90000000001,401596464.2999999
2025-08-01 10:17:59 AM,413.85,0,0.0,401596464.2999999
2025-08-01 10:18:00 AM,413.85,4337,1794867.4500000002,403391331.7499999
2025-08-01 10:18:00 AM,413.8,1,413.8,403391745.5499999
2025-08-01 10:18:05 AM,413.85,0,0.0,403391745.5499999
2025-08-01 10:18:05 AM,413.85,655,271071.75,403662817.2999999
2025-08-01 10:18:09 AM,413.8,0,0.0,403662817.2999999
2025-08-01 10:18:11 AM,413.9,0,0.0,403662817.2999999
2025-08-01 10:18:11 AM,414.0,135,55890.0,403718707.2999999
2025-08-01 10:18:17 AM,414.0,1,414.0,403719121.2999999
2025-08-01 10:18:23 AM,414.0,4,1656.0,403720777.2999999
2025-08-01 10:18:29 AM,414.0,101,41814.0,403762591.2999999
2025-08-01 10:18:38 AM,413.85,0,0.0,403762591.2999999
2025-08-01 10:18:40 AM,413.75,0,0.0,403762591.2999999
2025-08-01 10:18:40 AM,413.75,140,57925.0,403820516.2999999
2025-08-01 10:18:42 AM,413.85,0,0.0,403820516.2999999
2025-08-01 10:18:46 AM,413.85,2,827.7,403821343.9999999
2025-08-01 10:18:50 AM,413.95,0,0.0,403821343.9999999
2025-08-01 10:18:51 AM,413.85,0,0.0,403821343.9999999
2025-08-01 10:18:52 AM,413.85,381,157676.85,403979020.8499999
2025-08-01 10:19:02 AM,413.9,0,0.0,403979020.8499999
2025-08-01 10:19:03 AM,413.9,169,69949.09999999999,404048969.9499999
2025-08-01 10:19:04 AM,414.3,0,0.0,404048969.9499999
2025-08-01 10:19:09 AM,414.2,44,18224.8,404067194.74999994
2025-08-01 10:19:15 AM,414.25,21,8699.25,404075893.99999994
2025-08-01 10:19:20 AM,414.55,40,16582.0,404092475.99999994
2025-08-01 10:19:26 AM,414.6,100,41460.0,404133935.99999994
2025-08-01 10:19:38 AM,414.6,50,20730.0,404154665.99999994
2025-08-01 10:19:49 AM,414.6,72,29851.2,404184517.1999999
2025-08-01 10:19:50 AM,414.3,250,103575.0,404288092.1999999
2025-08-01 10:19:52 AM,414.6,0,0.0,404288092.1999999
2025-08-01 10:19:54 AM,414.3,0,0.0,404288092.1999999
2025-08-01 10:19:55 AM,414.3,275,113932.5,404402024.6999999
2025-08-01 10:20:00 AM,414.45,0,0.0,404402024.6999999
2025-08-01 10:20:00 AM,414.45,1,414.45,404402439.1499999
2025-08-01 10:20:04 AM,414.4,0,0.0,404402439.1499999
2025-08-01 10:20:05 AM,414.4,1,414.4,404402853.5499999
2025-08-01 10:20:11 AM,414.5,250,103625.0,404506478.5499999
2025-08-01 10:20:12 AM,414.45,332,137597.4,404644075.94999987
2025-08-01 10:20:17 AM,414.45,30,12433.5,404656509.44999987
2025-08-01 10:20:23 AM,414.45,10,4144.5,404660653.94999987
2025-08-01 10:20:24 AM,414.25,1,414.25,404661068.19999987
2025-08-01 10:20:34 AM,414.25,150,62137.5,404723205.69999987
2025-08-01 10:20:58 AM,414.4,5,2072.0,404725277.69999987
2025-08-01 10:21:00 AM,414.4,1,414.4,404725692.09999985
2025-08-01 10:21:09 AM,414.4,20,8288.0,404733980.09999985
2025-08-01 10:21:11 AM,414.45,0,0.0,404733980.09999985
2025-08-01 10:21:11 AM,414.45,26,10775.699999999999,404744755.79999983
2025-08-01 10:21:15 AM,414.45,25,10361.25,404755117.04999983
2025-08-01 10:21:19 AM,414.4,0,0.0,404755117.04999983
2025-08-01 10:21:20 AM,414.35,123,50965.05,404806082.09999985
2025-08-01 10:21:37 AM,414.45,551,228361.94999999998,405034444.04999983
2025-08-01 10:21:39 AM,414.35,2,828.7,405035272.7499998
2025-08-01 10:21:41 AM,414.5,0,0.0,405035272.7499998
2025-08-01 10:21:42 AM,414.5,850,352325.0,405387597.7499998
2025-08-01 10:21:44 AM,414.5,4,1658.0,405389255.7499998
2025-08-01 10:21:48 AM,414.8,0,0.0,405389255.7499998
2025-08-01 10:21:48 AM,414.8,1036,429732.8,405818988.54999983
2025-08-01 10:21:50 AM,414.7,1,414.7,405819403.2499998
2025-08-01 10:21:54 AM,414.5,36,14922.0,405834325.2499998
2025-08-01 10:21:59 AM,414.7,0,0.0,405834325.2499998
2025-08-01 10:22:00 AM,414.45,0,0.0,405834325.2499998
2025-08-01 10:22:00 AM,414.45,71,29425.95,405863751.1999998
2025-08-01 10:22:05 AM,414.45,150,62167.5,405925918.6999998
2025-08-01 10:22:07 AM,414.75,30,12442.5,405938361.1999998
2025-08-01 10:22:09 AM,414.5,0,0.0,405938361.1999998
2025-08-01 10:22:11 AM,414.5,91,37719.5,405976080.6999998
2025-08-01 10:22:13 AM,414.5,1,414.5,405976495.1999998
2025-08-01 10:22:26 AM,414.8,0,0.0,405976495.1999998
2025-08-01 10:22:26 AM,414.9,0,0.0,405976495.1999998
2025-08-01 10:22:29 AM,414.9,400,165960.0,406142455.1999998
2025-08-01 10:22:36 AM,414.9,1,414.9,406142870.0999998
2025-08-01 10:22:38 AM,414.65,0,0.0,406142870.0999998
2025-08-01 10:22:40 AM,414.9,148,61405.2,406204275.2999998
2025-08-01 10:22:45 AM,414.9,32,13276.8,406217552.0999998
2025-08-01 10:22:47 AM,414.9,41,17010.899999999998,406234562.99999976
2025-08-01 10:22:50 AM,414.65,10,4146.5,406238709.49999976
2025-08-01 10:22:53 AM,414.9,1,414.9,406239124.39999974
2025-08-01 10:23:01 AM,414.7,0,0.0,406239124.39999974
2025-08-01 10:23:01 AM,414.7,1,414.7,406239539.0999997
2025-08-01 10:23:05 AM,415.0,0,0.0,406239539.0999997
2025-08-01 10:23:07 AM,415.0,1000,415000.0,406654539.0999997
2025-08-01 10:23:11 AM,414.8,0,0.0,406654539.0999997
2025-08-01 10:23:13 AM,414.8,68,28206.4,406682745.4999997
2025-08-01 10:23:16 AM,414.9,107,44394.299999999996,406727139.7999997
2025-08-01 10:23:18 AM,414.8,0,0.0,406727139.7999997
2025-08-01 10:23:19 AM,414.8,86,35672.8,406762812.5999997
2025-08-01 10:23:22 AM,414.8,278,115314.40000000001,406878126.9999997
2025-08-01 10:23:24 AM,414.65,43,17829.95,406895956.9499997
2025-08-01 10:23:29 AM,414.75,0,0.0,406895956.9499997
2025-08-01 10:23:30 AM,414.75,6,2488.5,406898445.4499997
2025-08-01 10:23:35 AM,414.65,260,107809.0,407006254.4499997
2025-08-01 10:23:39 AM,414.65,10,4146.5,407010400.9499997
2025-08-01 10:23:41 AM,414.65,104,43123.6,407053524.5499997
2025-08-01 10:24:01 AM,414.75,565,234333.75,407287858.2999997
2025-08-01 10:24:05 AM,415.0,0,0.0,407287858.2999997
2025-08-01 10:24:06 AM,414.7,0,0.0,407287858.2999997
2025-08-01 10:24:07 AM,414.7,242,100357.4,407388215.6999997
2025-08-01 10:24:08 AM,414.55,0,0.0,407388215.6999997
2025-08-01 10:24:09 AM,414.55,2000,829100.0,408217315.6999997
2025-08-01 10:24:10 AM,414.9,0,0.0,408217315.6999997
2025-08-01 10:24:12 AM,414.95,0,0.0,408217315.6999997
2025-08-01 10:24:12 AM,414.95,148,61412.6,408278728.2999997
2025-08-01 10:24:14 AM,414.95,26,10788.699999999999,408289516.9999997
2025-08-01 10:24:17 AM,413.95,0,0.0,408289516.9999997
2025-08-01 10:24:18 AM,413.95,8703,3602606.85,411892123.8499997
2025-08-01 10:24:20 AM,414.4,1573,651851.2,412543975.0499997
2025-08-01 10:24:25 AM,413.95,8,3311.6,412547286.64999974
2025-08-01 10:24:26 AM,414.4,0,0.0,412547286.64999974
2025-08-01 10:24:29 AM,414.4,114,47241.6,412594528.24999976
2025-08-01 10:24:31 AM,414.4,72,29836.8,412624365.0499998
2025-08-01 10:24:31 AM,414.45,0,0.0,412624365.0499998
2025-08-01 10:24:34 AM,414.45,136,56365.2,412680730.24999976
2025-08-01 10:24:36 AM,414.35,0,0.0,412680730.24999976
2025-08-01 10:24:36 AM,414.35,120,49722.0,412730452.24999976
2025-08-01 10:24:40 AM,414.45,0,0.0,412730452.24999976
2025-08-01 10:24:42 AM,414.45,1188,492366.6,413222818.8499998
2025-08-01 10:24:44 AM,414.5,0,0.0,413222818.8499998
2025-08-01 10:24:45 AM,414.5,220,91190.0,413314008.8499998
2025-08-01 10:24:46 AM,414.7,0,0.0,413314008.8499998
2025-08-01 10:24:47 AM,414.9,64,26553.6,413340562.4499998
2025-08-01 10:24:53 AM,414.9,100,41490.0,413382052.4499998
2025-08-01 10:24:58 AM,414.85,0,0.0,413382052.4499998
2025-08-01 10:24:58 AM,414.85,57,23646.45,413405698.8999998
2025-08-01 10:25:04 AM,414.85,5,2074.25,413407773.1499998
2025-08-01 10:25:07 AM,414.75,50,20737.5,413428510.6499998
2025-08-01 10:25:10 AM,414.75,172,71337.0,413499847.6499998
2025-08-01 10:25:13 AM,414.75,50,20737.5,413520585.1499998
2025-08-01 10:25:19 AM,414.7,140,58058.0,413578643.1499998
2025-08-01 10:25:22 AM,414.75,90,37327.5,413615970.6499998
2025-08-01 10:25:31 AM,414.75,110,45622.5,413661593.1499998
2025-08-01 10:25:33 AM,414.9,0,0.0,413661593.1499998
2025-08-01 10:25:33 AM,414.9,2354,976674.6,414638267.7499998
2025-08-01 10:25:34 AM,414.85,0,0.0,414638267.7499998
2025-08-01 10:25:36 AM,414.85,452,187512.2,414825779.9499998
