date,price,qty,trnvr,cum_trnvr
2025-08-01 09:15:08 AM,915.1,693,634164.3,634164.3
2025-08-01 09:15:16 AM,913.65,0,0.0,634164.3
2025-08-01 09:15:19 AM,913.65,582,531744.2999999999,1165908.6
2025-08-01 09:15:21 AM,915.8,197,180412.59999999998,1346321.2000000002
2025-08-01 09:15:24 AM,917.35,0,0.0,1346321.2000000002
2025-08-01 09:15:27 AM,917.8,0,0.0,1346321.2000000002
2025-08-01 09:15:29 AM,917.8,121,111053.79999999999,1457375.0000000002
2025-08-01 09:15:30 AM,918.35,200,183670.0,1641045.0000000002
2025-08-01 09:15:39 AM,918.0,400,367200.0,2008245.0000000002
2025-08-01 09:15:45 AM,917.05,5,4585.25,2012830.2500000002
2025-08-01 09:15:49 AM,914.6,0,0.0,2012830.2500000002
2025-08-01 09:15:52 AM,917.1,0,0.0,2012830.2500000002
2025-08-01 09:15:54 AM,916.0,691,632956.0,2645786.25
2025-08-01 09:15:55 AM,916.45,12,10997.400000000001,2656783.65
2025-08-01 09:15:58 AM,914.95,0,0.0,2656783.65
2025-08-01 09:16:02 AM,912.6,188,171568.80000000002,2828352.4499999997
2025-08-01 09:16:10 AM,913.85,10,9138.5,2837490.9499999997
2025-08-01 09:16:10 AM,914.0,0,0.0,2837490.9499999997
2025-08-01 09:16:12 AM,913.95,166,151715.7,2989206.65
2025-08-01 09:16:18 AM,914.7,54,49393.8,3038600.4499999997
2025-08-01 09:16:20 AM,911.0,1835,1671685.0,4710285.449999999
2025-08-01 09:16:26 AM,911.45,201,183201.45,4893486.899999999
2025-08-01 09:16:28 AM,911.0,153,139383.0,5032869.899999999
2025-08-01 09:16:32 AM,911.2,0,0.0,5032869.899999999
2025-08-01 09:16:35 AM,911.2,202,184062.40000000002,5216932.3
2025-08-01 09:16:43 AM,911.2,6,5467.200000000001,5222399.5
2025-08-01 09:16:51 AM,911.2,1,911.2,5223310.7
2025-08-01 09:16:53 AM,911.2,12,10934.400000000001,5234245.100000001
2025-08-01 09:16:53 AM,912.7,0,0.0,5234245.100000001
2025-08-01 09:16:59 AM,912.7,11,10039.7,5244284.800000001
2025-08-01 09:17:10 AM,913.75,0,0.0,5244284.800000001
2025-08-01 09:17:16 AM,915.1,63,57651.3,5301936.100000001
2025-08-01 09:17:19 AM,914.1,0,0.0,5301936.100000001
2025-08-01 09:17:24 AM,914.1,45,41134.5,5343070.600000001
2025-08-01 09:17:29 AM,915.3,0,0.0,5343070.600000001
2025-08-01 09:17:32 AM,915.3,15,13729.5,5356800.100000001
2025-08-01 09:17:37 AM,912.85,0,0.0,5356800.100000001
2025-08-01 09:17:41 AM,915.2,3086,2824307.2,8181107.300000001
2025-08-01 09:17:42 AM,911.4,330,300762.0,8481869.3
2025-08-01 09:17:43 AM,910.0,0,0.0,8481869.3
2025-08-01 09:17:49 AM,909.65,118,107338.7,8589208.0
2025-08-01 09:17:53 AM,908.55,0,0.0,8589208.0
2025-08-01 09:17:55 AM,909.5,0,0.0,8589208.0
2025-08-01 09:17:57 AM,909.5,105,95497.5,8684705.5
2025-08-01 09:17:58 AM,908.55,33,29982.149999999998,8714687.65
2025-08-01 09:18:01 AM,909.95,0,0.0,8714687.65
2025-08-01 09:18:05 AM,909.95,188,171070.6,8885758.25
2025-08-01 09:18:07 AM,911.3,65,59234.5,8944992.75
2025-08-01 09:18:11 AM,912.2,0,0.0,8944992.75
2025-08-01 09:18:14 AM,912.2,117,106727.40000000001,9051720.15
2025-08-01 09:18:22 AM,913.85,87,79504.95,9131225.1
2025-08-01 09:18:23 AM,914.45,1,914.45,9132139.549999999
2025-08-01 09:18:30 AM,913.85,130,118800.5,9250940.049999999
2025-08-01 09:18:34 AM,914.1,0,0.0,9250940.049999999
2025-08-01 09:18:38 AM,914.4,54,49377.6,9300317.649999999
2025-08-01 09:18:40 AM,914.65,10,9146.5,9309464.149999999
2025-08-01 09:18:41 AM,914.4,0,0.0,9309464.149999999
2025-08-01 09:18:43 AM,914.25,0,0.0,9309464.149999999
2025-08-01 09:18:47 AM,914.4,107,97840.8,9407304.95
2025-08-01 09:18:48 AM,912.55,116,105855.79999999999,9513160.75
2025-08-01 09:18:50 AM,913.95,0,0.0,9513160.75
2025-08-01 09:18:55 AM,913.95,58,53009.100000000006,9566169.85
2025-08-01 09:19:03 AM,911.2,566,515739.2,10081909.049999999
2025-08-01 09:19:04 AM,910.0,67,60970.0,10142879.049999999
2025-08-01 09:19:11 AM,911.2,29,26424.800000000003,10169303.85
2025-08-01 09:19:12 AM,910.2,31,28216.2,10197520.049999999
2025-08-01 09:19:19 AM,911.25,102,92947.5,10290467.549999999
2025-08-01 09:19:22 AM,912.0,0,0.0,10290467.549999999
2025-08-01 09:19:27 AM,912.0,9,8208.0,10298675.549999999
2025-08-01 09:19:34 AM,912.85,0,0.0,10298675.549999999
2025-08-01 09:19:35 AM,912.85,5,4564.25,10303239.799999999
2025-08-01 09:19:50 AM,913.15,0,0.0,10303239.799999999
2025-08-01 09:19:51 AM,913.15,15,13697.25,10316937.049999999
2025-08-01 09:20:06 AM,911.25,0,0.0,10316937.049999999
2025-08-01 09:20:07 AM,911.25,213,194096.25,10511033.299999999
2025-08-01 09:20:09 AM,911.3,48,43742.399999999994,10554775.7
2025-08-01 09:20:17 AM,910.35,647,588996.4500000001,11143772.149999999
2025-08-01 09:20:20 AM,909.5,0,0.0,11143772.149999999
2025-08-01 09:20:23 AM,910.3,47,42784.1,11186556.249999998
2025-08-01 09:20:25 AM,909.0,36,32724.0,11219280.249999998
2025-08-01 09:20:27 AM,908.15,0,0.0,11219280.249999998
2025-08-01 09:20:31 AM,909.05,118,107267.9,11326548.149999999
2025-08-01 09:20:44 AM,909.25,0,0.0,11326548.149999999
2025-08-01 09:20:47 AM,908.85,373,339001.05,11665549.2
2025-08-01 09:20:48 AM,908.45,1,908.45,11666457.649999999
2025-08-01 09:21:01 AM,909.7,0,0.0,11666457.649999999
2025-08-01 09:21:02 AM,909.7,12,10916.400000000001,11677374.049999999
2025-08-01 09:21:10 AM,909.65,5,4548.25,11681922.299999999
2025-08-01 09:21:18 AM,909.65,1,909.65,11682831.95
2025-08-01 09:21:19 AM,909.95,0,0.0,11682831.95
2025-08-01 09:21:26 AM,909.95,3,2729.8500000000004,11685561.799999999
2025-08-01 09:21:41 AM,910.45,300,273135.0,11958696.799999999
2025-08-01 09:21:42 AM,909.9,25,22747.5,11981444.299999999
2025-08-01 09:21:45 AM,908.85,0,0.0,11981444.299999999
2025-08-01 09:21:48 AM,909.15,0,0.0,11981444.299999999
2025-08-01 09:21:49 AM,909.15,694,630950.1,12612394.399999999
2025-08-01 09:21:50 AM,908.0,357,324156.0,12936550.399999999
2025-08-01 09:21:55 AM,906.6,0,0.0,12936550.399999999
2025-08-01 09:21:56 AM,906.6,72,65275.200000000004,13001825.599999998
2025-08-01 09:21:59 AM,906.5,0,0.0,13001825.599999998
2025-08-01 09:22:04 AM,906.5,77,69800.5,13071626.099999998
2025-08-01 09:22:09 AM,906.7,0,0.0,13071626.099999998
2025-08-01 09:22:11 AM,906.7,6,5440.200000000001,13077066.299999997
2025-08-01 09:22:19 AM,906.85,3,2720.55,13079786.849999998
2025-08-01 09:22:28 AM,906.7,50,45335.0,13125121.849999998
2025-08-01 09:22:34 AM,905.85,112,101455.2,13226577.049999997
2025-08-01 09:22:42 AM,905.0,438,396390.0,13622967.049999997
2025-08-01 09:22:48 AM,904.75,0,0.0,13622967.049999997
2025-08-01 09:22:49 AM,903.85,0,0.0,13622967.049999997
2025-08-01 09:22:49 AM,903.85,278,251270.30000000002,13874237.349999998
2025-08-01 09:22:51 AM,903.25,1,903.25,13875140.599999998
2025-08-01 09:22:54 AM,904.0,0,0.0,13875140.599999998
2025-08-01 09:22:57 AM,904.0,36,32544.0,13907684.599999998
2025-08-01 09:23:01 AM,903.8,0,0.0,13907684.599999998
2025-08-01 09:23:03 AM,903.0,0,0.0,13907684.599999998
2025-08-01 09:23:05 AM,903.0,730,659190.0,14566874.599999998
2025-08-01 09:23:08 AM,903.85,0,0.0,14566874.599999998
2025-08-01 09:23:10 AM,903.05,0,0.0,14566874.599999998
2025-08-01 09:23:12 AM,903.05,77,69534.84999999999,14636409.449999997
2025-08-01 09:23:14 AM,904.35,100,90435.0,14726844.449999997
2025-08-01 09:23:16 AM,903.2,0,0.0,14726844.449999997
2025-08-01 09:23:20 AM,904.0,496,448384.0,15175228.449999997
2025-08-01 09:23:21 AM,904.65,0,0.0,15175228.449999997
2025-08-01 09:23:22 AM,904.65,13,11760.449999999999,15186988.899999997
2025-08-01 09:23:28 AM,904.65,204,184548.6,15371537.499999996
2025-08-01 09:23:35 AM,903.65,283,255732.94999999998,15627270.449999996
2025-08-01 09:23:36 AM,903.2,0,0.0,15627270.449999996
2025-08-01 09:23:37 AM,903.2,4,3612.8,15630883.249999996
2025-08-01 09:23:41 AM,904.1,0,0.0,15630883.249999996
2025-08-01 09:23:42 AM,903.2,0,0.0,15630883.249999996
2025-08-01 09:23:43 AM,903.2,82,74062.40000000001,15704945.649999997
2025-08-01 09:23:45 AM,903.75,3,2711.25,15707656.899999997
2025-08-01 09:23:52 AM,903.3,2,1806.6,15709463.499999996
2025-08-01 09:24:00 AM,902.95,233,210387.35,15919850.849999996
2025-08-01 09:24:00 AM,902.0,0,0.0,15919850.849999996
2025-08-01 09:24:06 AM,901.85,45,40583.25,15960434.099999996
2025-08-01 09:24:07 AM,902.35,6,5414.1,15965848.199999996
2025-08-01 09:24:14 AM,902.0,16,14432.0,15980280.199999996
2025-08-01 09:24:15 AM,902.6,36,32493.600000000002,16012773.799999995
2025-08-01 09:24:26 AM,902.05,0,0.0,16012773.799999995
2025-08-01 09:24:29 AM,902.05,8,7216.4,16019990.199999996
2025-08-01 09:24:30 AM,902.75,60,54165.0,16074155.199999996
2025-08-01 09:24:33 AM,902.7,0,0.0,16074155.199999996
2025-08-01 09:24:36 AM,902.7,51,46037.700000000004,16120192.899999995
2025-08-01 09:24:38 AM,903.1,3,2709.3,16122902.199999996
2025-08-01 09:24:44 AM,903.45,50,45172.5,16168074.699999996
2025-08-01 09:24:51 AM,902.45,72,64976.4,16233051.099999996
2025-08-01 09:24:53 AM,903.4,20,18068.0,16251119.099999996
2025-08-01 09:24:59 AM,902.0,48,43296.0,16294415.099999996
2025-08-01 09:25:05 AM,903.0,0,0.0,16294415.099999996
2025-08-01 09:25:06 AM,903.0,100,90300.0,16384715.099999996
2025-08-01 09:25:12 AM,903.55,0,0.0,16384715.099999996
2025-08-01 09:25:14 AM,903.55,6,5421.299999999999,16390136.399999997
2025-08-01 09:25:18 AM,903.5,0,0.0,16390136.399999997
2025-08-01 09:25:19 AM,903.75,0,0.0,16390136.399999997
2025-08-01 09:25:21 AM,903.75,5,4518.75,16394655.149999997
2025-08-01 09:25:36 AM,903.75,12,10845.0,16405500.149999997
2025-08-01 09:25:42 AM,904.0,0,0.0,16405500.149999997
2025-08-01 09:25:44 AM,904.0,34,30736.0,16436236.149999997
2025-08-01 09:25:51 AM,904.0,71,64184.0,16500420.149999997
2025-08-01 09:25:53 AM,904.0,50,45200.0,16545620.149999997
2025-08-01 09:25:59 AM,902.0,165,148830.0,16694450.149999997
2025-08-01 09:26:05 AM,901.8,0,0.0,16694450.149999997
2025-08-01 09:26:06 AM,901.8,66,59518.799999999996,16753968.949999997
2025-08-01 09:26:08 AM,902.6,6,5415.6,16759384.549999997
2025-08-01 09:26:14 AM,902.6,1,902.6,16760287.149999997
2025-08-01 09:26:22 AM,902.6,4,3610.4,16763897.549999997
2025-08-01 09:26:29 AM,902.6,1,902.6,16764800.149999997
2025-08-01 09:26:34 AM,902.5,0,0.0,16764800.149999997
2025-08-01 09:26:37 AM,902.75,43,38818.25,16803618.4
2025-08-01 09:26:43 AM,903.55,0,0.0,16803618.4
2025-08-01 09:26:45 AM,903.1,6,5418.6,16809037.0
2025-08-01 09:27:00 AM,903.1,30,27093.0,16836130.0
2025-08-01 09:27:09 AM,903.95,9,8135.55,16844265.55
2025-08-01 09:27:19 AM,905.0,0,0.0,16844265.55
2025-08-01 09:27:22 AM,905.0,1356,1227180.0,18071445.55
2025-08-01 09:27:25 AM,905.75,0,0.0,18071445.55
2025-08-01 09:27:29 AM,905.75,451,408493.25,18479938.8
2025-08-01 09:27:34 AM,905.5,0,0.0,18479938.8
2025-08-01 09:27:37 AM,905.5,27,24448.5,18504387.3
2025-08-01 09:27:50 AM,906.2,0,0.0,18504387.3
2025-08-01 09:27:52 AM,906.2,32,28998.4,18533385.7
2025-08-01 09:27:54 AM,907.6,159,144308.4,18677694.099999998
2025-08-01 09:28:00 AM,908.35,0,0.0,18677694.099999998
2025-08-01 09:28:00 AM,908.35,5,4541.75,18682235.849999998
2025-08-01 09:28:23 AM,908.35,100,90835.0,18773070.849999998
2025-08-01 09:28:29 AM,908.25,0,0.0,18773070.849999998
2025-08-01 09:28:31 AM,908.25,14,12715.5,18785786.349999998
2025-08-01 09:28:51 AM,907.5,0,0.0,18785786.349999998
2025-08-01 09:28:53 AM,907.5,100,90750.0,18876536.349999998
2025-08-01 09:28:55 AM,908.25,5,4541.25,18881077.599999998
2025-08-01 09:29:08 AM,908.2,0,0.0,18881077.599999998
2025-08-01 09:29:09 AM,908.2,1,908.2,18881985.799999997
2025-08-01 09:29:18 AM,907.7,1,907.7,18882893.499999996
2025-08-01 09:29:39 AM,907.0,2,1814.0,18884707.499999996
2025-08-01 09:29:44 AM,907.7,0,0.0,18884707.499999996
2025-08-01 09:29:46 AM,907.7,6,5446.200000000001,18890153.699999996
2025-08-01 09:30:01 AM,908.1,14,12713.4,18902867.099999994
2025-08-01 09:30:09 AM,908.1,4,3632.4,18906499.499999993
2025-08-01 09:30:21 AM,906.9,0,0.0,18906499.499999993
2025-08-01 09:30:24 AM,906.9,480,435312.0,19341811.499999993
2025-08-01 09:30:28 AM,906.8,0,0.0,19341811.499999993
2025-08-01 09:30:31 AM,906.8,238,215818.4,19557629.89999999
2025-08-01 09:30:35 AM,906.95,0,0.0,19557629.89999999
2025-08-01 09:30:39 AM,906.95,2,1813.9,19559443.79999999
2025-08-01 09:30:42 AM,906.9,0,0.0,19559443.79999999
2025-08-01 09:30:46 AM,906.9,7,6348.3,19565792.09999999
2025-08-01 09:30:54 AM,906.8,105,95214.0,19661006.09999999
2025-08-01 09:31:08 AM,906.9,45,40810.5,19701816.59999999
2025-08-01 09:31:12 AM,906.95,0,0.0,19701816.59999999
2025-08-01 09:31:16 AM,906.95,1,906.95,19702723.54999999
2025-08-01 09:31:28 AM,907.0,0,0.0,19702723.54999999
2025-08-01 09:31:30 AM,907.0,25,22675.0,19725398.54999999
2025-08-01 09:31:42 AM,906.95,0,0.0,19725398.54999999
2025-08-01 09:31:44 AM,906.95,115,104299.25,19829697.79999999
2025-08-01 09:31:57 AM,907.0,0,0.0,19829697.79999999
2025-08-01 09:31:57 AM,907.85,0,0.0,19829697.79999999
2025-08-01 09:31:58 AM,907.85,42,38129.700000000004,19867827.49999999
2025-08-01 09:32:07 AM,907.95,0,0.0,19867827.49999999
2025-08-01 09:32:12 AM,907.95,1,907.95,19868735.449999988
2025-08-01 09:32:13 AM,908.0,0,0.0,19868735.449999988
2025-08-01 09:32:19 AM,908.0,10,9080.0,19877815.449999988
2025-08-01 09:32:25 AM,907.55,0,0.0,19877815.449999988
2025-08-01 09:32:26 AM,907.55,154,139762.69999999998,20017578.149999987
2025-08-01 09:32:32 AM,908.2,0,0.0,20017578.149999987
2025-08-01 09:32:33 AM,908.2,34,30878.800000000003,20048456.949999988
2025-08-01 09:32:38 AM,908.8,0,0.0,20048456.949999988
2025-08-01 09:32:40 AM,908.8,75,68160.0,20116616.949999988
2025-08-01 09:32:49 AM,908.35,0,0.0,20116616.949999988
2025-08-01 09:32:54 AM,909.6,126,114609.6,20231226.54999999
2025-08-01 09:33:01 AM,909.45,4,3637.8,20234864.34999999
2025-08-01 09:33:15 AM,908.25,1,908.25,20235772.59999999
2025-08-01 09:33:18 AM,908.85,0,0.0,20235772.59999999
2025-08-01 09:33:18 AM,909.0,0,0.0,20235772.59999999
2025-08-01 09:33:22 AM,909.0,50,45450.0,20281222.59999999
2025-08-01 09:33:38 AM,909.5,0,0.0,20281222.59999999
2025-08-01 09:33:42 AM,909.5,114,103683.0,20384905.59999999
2025-08-01 09:33:48 AM,911.0,0,0.0,20384905.59999999
2025-08-01 09:33:50 AM,911.0,2,1822.0,20386727.59999999
2025-08-01 09:33:57 AM,911.6,50,45580.0,20432307.59999999
2025-08-01 09:33:58 AM,910.45,0,0.0,20432307.59999999
2025-08-01 09:34:03 AM,910.45,52,47343.4,20479650.99999999
2025-08-01 09:34:26 AM,910.55,0,0.0,20479650.99999999
2025-08-01 09:34:28 AM,910.0,0,0.0,20479650.99999999
2025-08-01 09:34:32 AM,910.0,207,188370.0,20668020.99999999
2025-08-01 09:34:38 AM,910.2,0,0.0,20668020.99999999
2025-08-01 09:34:38 AM,910.2,14,12742.800000000001,20680763.79999999
2025-08-01 09:34:45 AM,910.2,6,5461.200000000001,20686224.99999999
2025-08-01 09:34:48 AM,910.25,0,0.0,20686224.99999999
2025-08-01 09:34:52 AM,910.25,50,45512.5,20731737.49999999
2025-08-01 09:35:23 AM,909.6,0,0.0,20731737.49999999
2025-08-01 09:35:27 AM,909.6,35,31836.0,20763573.49999999
2025-08-01 09:35:48 AM,909.45,0,0.0,20763573.49999999
2025-08-01 09:35:48 AM,909.45,1,909.45,20764482.949999988
2025-08-01 09:35:54 AM,909.45,5,4547.25,20769030.199999988
2025-08-01 09:35:57 AM,909.2,0,0.0,20769030.199999988
2025-08-01 09:36:01 AM,909.2,64,58188.8,20827218.99999999
2025-08-01 09:36:14 AM,909.05,0,0.0,20827218.99999999
2025-08-01 09:36:15 AM,909.05,120,109086.0,20936304.99999999
2025-08-01 09:36:18 AM,909.0,0,0.0,20936304.99999999
2025-08-01 09:36:21 AM,909.0,100,90900.0,21027204.99999999
2025-08-01 09:36:26 AM,909.3,0,0.0,21027204.99999999
2025-08-01 09:36:28 AM,909.3,460,418278.0,21445482.99999999
2025-08-01 09:36:38 AM,908.8,0,0.0,21445482.99999999
2025-08-01 09:36:40 AM,909.0,107,97263.0,21542745.99999999
2025-08-01 09:37:00 AM,908.55,2,1817.1,21544563.09999999
2025-08-01 09:37:07 AM,909.0,0,0.0,21544563.09999999
2025-08-01 09:37:07 AM,909.0,2,1818.0,21546381.09999999
2025-08-01 09:37:15 AM,909.0,2,1818.0,21548199.09999999
2025-08-01 09:37:22 AM,908.55,1,908.55,21549107.64999999
2025-08-01 09:37:27 AM,907.85,0,0.0,21549107.64999999
2025-08-01 09:37:28 AM,907.85,663,601904.55,22151012.19999999
2025-08-01 09:37:31 AM,906.75,0,0.0,22151012.19999999
2025-08-01 09:37:35 AM,907.3,86,78027.8,22229039.999999993
2025-08-01 09:37:40 AM,906.9,0,0.0,22229039.999999993
2025-08-01 09:37:42 AM,906.9,35,31741.5,22260781.499999993
2025-08-01 09:37:42 AM,907.6,64,58086.4,22318867.89999999
2025-08-01 09:37:58 AM,907.9,0,0.0,22318867.89999999
2025-08-01 09:38:02 AM,907.9,3,2723.7,22321591.59999999
2025-08-01 09:38:07 AM,907.5,0,0.0,22321591.59999999
2025-08-01 09:38:09 AM,907.5,55,49912.5,22371504.09999999
2025-08-01 09:38:36 AM,907.95,14,12711.300000000001,22384215.39999999
2025-08-01 09:39:02 AM,908.8,50,45440.0,22429655.39999999
2025-08-01 09:39:03 AM,907.35,0,0.0,22429655.39999999
2025-08-01 09:39:08 AM,907.45,0,0.0,22429655.39999999
2025-08-01 09:39:09 AM,907.45,229,207806.05000000002,22637461.44999999
2025-08-01 09:39:27 AM,907.5,0,0.0,22637461.44999999
2025-08-01 09:39:30 AM,907.5,1,907.5,22638368.94999999
2025-08-01 09:39:47 AM,907.6,0,0.0,22638368.94999999
2025-08-01 09:39:49 AM,907.6,28,25412.8,22663781.749999993
2025-08-01 09:39:56 AM,907.6,1,907.6,22664689.349999994
2025-08-01 09:40:07 AM,908.3,0,0.0,22664689.349999994
2025-08-01 09:40:09 AM,906.75,664,602082.0,23266771.349999994
2025-08-01 09:40:09 AM,906.2,157,142273.4,23409044.749999993
2025-08-01 09:40:11 AM,907.0,0,0.0,23409044.749999993
2025-08-01 09:40:15 AM,907.0,151,136957.0,23546001.749999993
2025-08-01 09:40:19 AM,906.35,0,0.0,23546001.749999993
2025-08-01 09:40:22 AM,906.35,10,9063.5,23555065.249999993
2025-08-01 09:40:25 AM,905.1,0,0.0,23555065.249999993
2025-08-01 09:40:29 AM,905.05,326,295046.3,23850111.549999993
2025-08-01 09:40:30 AM,905.0,0,0.0,23850111.549999993
2025-08-01 09:40:35 AM,905.0,298,269690.0,24119801.549999993
2025-08-01 09:40:38 AM,904.55,0,0.0,24119801.549999993
2025-08-01 09:40:42 AM,904.55,64,57891.2,24177692.749999993
2025-08-01 09:40:46 AM,905.3,0,0.0,24177692.749999993
2025-08-01 09:40:48 AM,905.3,2,1810.6,24179503.349999994
2025-08-01 09:40:56 AM,904.85,2,1809.7,24181313.049999993
2025-08-01 09:41:02 AM,905.6,0,0.0,24181313.049999993
2025-08-01 09:41:02 AM,905.6,33,29884.8,24211197.849999994
2025-08-01 09:41:18 AM,907.65,0,0.0,24211197.849999994
2025-08-01 09:41:22 AM,906.25,219,198468.75,24409666.599999994
2025-08-01 09:41:34 AM,905.65,0,0.0,24409666.599999994
2025-08-01 09:41:35 AM,905.65,6,5433.9,24415100.499999993
2025-08-01 09:42:02 AM,905.5,0,0.0,24415100.499999993
2025-08-01 09:42:07 AM,905.5,1,905.5,24416005.999999993
2025-08-01 09:42:20 AM,905.5,3,2716.5,24418722.499999993
2025-08-01 09:42:28 AM,904.55,188,170055.4,24588777.89999999
2025-08-01 09:42:33 AM,904.5,0,0.0,24588777.89999999
2025-08-01 09:42:34 AM,904.5,1,904.5,24589682.39999999
2025-08-01 09:42:37 AM,904.0,0,0.0,24589682.39999999
2025-08-01 09:42:40 AM,903.9,58,52426.2,24642108.59999999
2025-08-01 09:42:52 AM,903.8,0,0.0,24642108.59999999
2025-08-01 09:42:53 AM,903.8,5,4519.0,24646627.59999999
2025-08-01 09:42:57 AM,904.05,0,0.0,24646627.59999999
2025-08-01 09:42:59 AM,904.05,88,79556.4,24726183.99999999
2025-08-01 09:43:13 AM,904.05,50,45202.5,24771386.49999999
2025-08-01 09:43:21 AM,904.15,0,0.0,24771386.49999999
2025-08-01 09:43:25 AM,904.85,0,0.0,24771386.49999999
2025-08-01 09:43:26 AM,904.85,8,7238.8,24778625.29999999
2025-08-01 09:43:37 AM,904.95,0,0.0,24778625.29999999
2025-08-01 09:43:39 AM,904.95,20,18099.0,24796724.29999999
2025-08-01 09:43:45 AM,905.0,0,0.0,24796724.29999999
2025-08-01 09:43:46 AM,905.0,50,45250.0,24841974.29999999
2025-08-01 09:43:53 AM,904.4,109,98579.59999999999,24940553.89999999
2025-08-01 09:44:06 AM,904.3,36,32554.8,24973108.69999999
2025-08-01 09:44:12 AM,903.65,348,314470.2,25287578.89999999
2025-08-01 09:44:19 AM,903.65,1,903.65,25288482.54999999
2025-08-01 09:44:25 AM,903.25,0,0.0,25288482.54999999
2025-08-01 09:44:26 AM,903.25,5,4516.25,25292998.79999999
2025-08-01 09:44:32 AM,903.6,7,6325.2,25299323.99999999
2025-08-01 09:44:51 AM,903.6,10,9036.0,25308359.99999999
2025-08-01 09:44:55 AM,903.65,0,0.0,25308359.99999999
2025-08-01 09:44:57 AM,903.65,3,2710.95,25311070.949999988
2025-08-01 09:45:01 AM,903.7,0,0.0,25311070.949999988
2025-08-01 09:45:04 AM,903.65,460,415679.0,25726749.949999988
2025-08-01 09:45:05 AM,903.6,2,1807.2,25728557.149999987
2025-08-01 09:45:08 AM,903.25,0,0.0,25728557.149999987
2025-08-01 09:45:11 AM,903.25,10,9032.5,25737589.649999987
2025-08-01 09:45:17 AM,903.0,0,0.0,25737589.649999987
2025-08-01 09:45:18 AM,903.0,100,90300.0,25827889.649999987
2025-08-01 09:45:21 AM,902.7,0,0.0,25827889.649999987
2025-08-01 09:45:24 AM,902.7,2,1805.4,25829695.049999986
2025-08-01 09:45:29 AM,902.65,0,0.0,25829695.049999986
2025-08-01 09:45:30 AM,902.65,16,14442.4,25844137.449999984
2025-08-01 09:45:37 AM,902.7,1,902.7,25845040.149999984
2025-08-01 09:45:51 AM,902.7,100,90270.0,25935310.149999984
2025-08-01 09:46:08 AM,901.6,0,0.0,25935310.149999984
2025-08-01 09:46:09 AM,901.6,321,289413.60000000003,26224723.749999985
2025-08-01 09:46:13 AM,901.95,0,0.0,26224723.749999985
2025-08-01 09:46:16 AM,901.95,103,92900.85,26317624.599999987
2025-08-01 09:46:23 AM,902.35,0,0.0,26317624.599999987
2025-08-01 09:46:24 AM,902.35,15,13535.25,26331159.849999987
2025-08-01 09:46:46 AM,902.45,0,0.0,26331159.849999987
2025-08-01 09:46:47 AM,901.5,65,58597.5,26389757.349999987
2025-08-01 09:46:49 AM,901.55,503,453479.64999999997,26843236.999999985
2025-08-01 09:46:51 AM,900.7,0,0.0,26843236.999999985
2025-08-01 09:46:54 AM,901.15,0,0.0,26843236.999999985
2025-08-01 09:46:54 AM,901.15,327,294676.05,27137913.049999986
2025-08-01 09:46:55 AM,901.65,0,0.0,27137913.049999986
2025-08-01 09:46:56 AM,901.65,4091,3688650.15,30826563.199999984
2025-08-01 09:46:58 AM,900.2,0,0.0,30826563.199999984
2025-08-01 09:47:00 AM,899.9,1658,1492034.2,32318597.399999984
2025-08-01 09:47:02 AM,899.4,0,0.0,32318597.399999984
2025-08-01 09:47:02 AM,899.4,1,899.4,32319496.799999982
2025-08-01 09:47:03 AM,899.45,0,0.0,32319496.799999982
2025-08-01 09:47:06 AM,900.2,0,0.0,32319496.799999982
2025-08-01 09:47:06 AM,900.0,922,829800.0,33149296.799999982
2025-08-01 09:47:10 AM,900.35,0,0.0,33149296.799999982
2025-08-01 09:47:12 AM,900.35,110,99038.5,33248335.299999982
2025-08-01 09:47:14 AM,900.2,0,0.0,33248335.299999982
2025-08-01 09:47:14 AM,900.2,1,900.2,33249235.49999998
2025-08-01 09:47:19 AM,900.1,0,0.0,33249235.49999998
2025-08-01 09:47:20 AM,900.1,14,12601.4,33261836.89999998
2025-08-01 09:47:22 AM,900.0,0,0.0,33261836.89999998
2025-08-01 09:47:25 AM,900.0,11,9900.0,33271736.89999998
2025-08-01 09:47:27 AM,900.0,389,350100.0,33621836.899999976
2025-08-01 09:47:27 AM,899.4,0,0.0,33621836.899999976
2025-08-01 09:47:31 AM,899.4,2,1798.8,33623635.69999997
2025-08-01 09:47:33 AM,899.15,1,899.15,33624534.84999997
2025-08-01 09:47:36 AM,898.55,0,0.0,33624534.84999997
2025-08-01 09:47:38 AM,898.0,108,96984.0,33721518.84999997
2025-08-01 09:47:40 AM,897.75,0,0.0,33721518.84999997
2025-08-01 09:47:40 AM,897.95,15,13469.25,33734988.09999997
2025-08-01 09:47:42 AM,896.95,0,0.0,33734988.09999997
2025-08-01 09:47:44 AM,897.45,0,0.0,33734988.09999997
2025-08-01 09:47:44 AM,897.7,108,96951.6,33831939.69999997
2025-08-01 09:47:46 AM,897.6,0,0.0,33831939.69999997
2025-08-01 09:47:47 AM,897.6,3,2692.8,33834632.49999997
2025-08-01 09:47:48 AM,897.0,0,0.0,33834632.49999997
2025-08-01 09:47:51 AM,896.0,139,124544.0,33959176.49999997
2025-08-01 09:47:56 AM,895.85,0,0.0,33959176.49999997
2025-08-01 09:47:58 AM,895.9,325,291167.5,34250343.99999997
2025-08-01 09:48:00 AM,896.8,0,0.0,34250343.99999997
2025-08-01 09:48:04 AM,896.45,256,229491.2,34479835.19999997
2025-08-01 09:48:17 AM,896.0,0,0.0,34479835.19999997
2025-08-01 09:48:17 AM,896.0,1059,948864.0,35428699.19999997
2025-08-01 09:48:21 AM,896.05,0,0.0,35428699.19999997
2025-08-01 09:48:23 AM,896.05,109,97669.45,35526368.649999976
2025-08-01 09:48:25 AM,895.7,0,0.0,35526368.649999976
2025-08-01 09:48:26 AM,895.7,1730,1549561.0,37075929.649999976
2025-08-01 09:48:29 AM,897.2,0,0.0,37075929.649999976
2025-08-01 09:48:30 AM,897.2,841,754545.2000000001,37830474.84999998
2025-08-01 09:48:33 AM,896.7,0,0.0,37830474.84999998
2025-08-01 09:48:37 AM,896.7,72,64562.4,37895037.24999998
2025-08-01 09:48:45 AM,897.35,0,0.0,37895037.24999998
2025-08-01 09:48:45 AM,897.0,129,115713.0,38010750.24999998
2025-08-01 09:48:53 AM,896.7,0,0.0,38010750.24999998
2025-08-01 09:48:56 AM,896.7,107,95946.90000000001,38106697.149999976
2025-08-01 09:49:09 AM,897.0,0,0.0,38106697.149999976
2025-08-01 09:49:11 AM,897.0,15,13455.0,38120152.149999976
2025-08-01 09:49:13 AM,896.7,0,0.0,38120152.149999976
2025-08-01 09:49:14 AM,896.7,56,50215.200000000004,38170367.34999998
2025-08-01 09:49:27 AM,896.7,7,6276.900000000001,38176644.24999998
2025-08-01 09:49:32 AM,895.5,0,0.0,38176644.24999998
2025-08-01 09:49:33 AM,895.5,693,620581.5,38797225.74999998
2025-08-01 09:49:35 AM,895.0,0,0.0,38797225.74999998
2025-08-01 09:49:36 AM,895.0,190,170050.0,38967275.74999998
2025-08-01 09:49:38 AM,894.8,0,0.0,38967275.74999998
2025-08-01 09:49:39 AM,895.15,289,258698.35,39225974.09999998
2025-08-01 09:49:41 AM,892.45,0,0.0,39225974.09999998
2025-08-01 09:49:41 AM,892.95,0,0.0,39225974.09999998
2025-08-01 09:49:42 AM,892.2,1638,1461423.6,40687397.69999998
2025-08-01 09:49:44 AM,891.85,0,0.0,40687397.69999998
2025-08-01 09:49:46 AM,890.6,629,560187.4,41247585.09999998
2025-08-01 09:49:48 AM,892.15,182,162371.3,41409956.399999976
2025-08-01 09:49:50 AM,891.45,0,0.0,41409956.399999976
2025-08-01 09:49:50 AM,891.5,0,0.0,41409956.399999976
2025-08-01 09:49:52 AM,890.85,207,184405.95,41594362.34999998
2025-08-01 09:49:53 AM,892.2,0,0.0,41594362.34999998
2025-08-01 09:49:55 AM,892.2,154,137398.80000000002,41731761.149999976
2025-08-01 09:50:01 AM,892.2,1,892.2,41732653.34999998
2025-08-01 09:50:04 AM,891.95,0,0.0,41732653.34999998
2025-08-01 09:50:05 AM,891.95,1055,941007.25,42673660.59999998
2025-08-01 09:50:10 AM,892.8,0,0.0,42673660.59999998
2025-08-01 09:50:11 AM,892.8,81,72316.8,42745977.399999976
2025-08-01 09:50:13 AM,892.95,0,0.0,42745977.399999976
2025-08-01 09:50:14 AM,892.95,10,8929.5,42754906.899999976
2025-08-01 09:50:22 AM,893.8,0,0.0,42754906.899999976
2025-08-01 09:50:24 AM,893.8,150,134070.0,42888976.899999976
2025-08-01 09:50:31 AM,892.5,0,0.0,42888976.899999976
2025-08-01 09:50:33 AM,892.5,42,37485.0,42926461.899999976
2025-08-01 09:50:36 AM,892.95,0,0.0,42926461.899999976
2025-08-01 09:50:36 AM,892.95,1,892.95,42927354.84999998
2025-08-01 09:50:45 AM,893.7,10,8937.0,42936291.84999998
2025-08-01 09:50:49 AM,893.1,1,893.1,42937184.94999998
2025-08-01 09:50:54 AM,893.75,0,0.0,42937184.94999998
2025-08-01 09:50:55 AM,894.15,0,0.0,42937184.94999998
2025-08-01 09:50:55 AM,894.15,12,10729.8,42947914.74999998
2025-08-01 09:51:03 AM,893.6,0,0.0,42947914.74999998
2025-08-01 09:51:04 AM,893.6,15,13404.0,42961318.74999998
2025-08-01 09:51:04 AM,894.15,0,0.0,42961318.74999998
2025-08-01 09:51:08 AM,894.15,24,21459.6,42982778.34999998
2025-08-01 09:51:14 AM,894.25,0,0.0,42982778.34999998
2025-08-01 09:51:14 AM,894.25,40,35770.0,43018548.34999998
2025-08-01 09:51:30 AM,895.1,0,0.0,43018548.34999998
2025-08-01 09:51:33 AM,895.1,4,3580.4,43022128.74999998
2025-08-01 09:51:35 AM,895.1,96,85929.6,43108058.34999998
2025-08-01 09:51:43 AM,895.0,0,0.0,43108058.34999998
2025-08-01 09:51:44 AM,895.1,0,0.0,43108058.34999998
2025-08-01 09:51:46 AM,895.1,101,90405.1,43198463.44999998
2025-08-01 09:51:47 AM,895.5,0,0.0,43198463.44999998
2025-08-01 09:51:48 AM,895.5,234,209547.0,43408010.44999998
2025-08-01 09:51:52 AM,895.5,12,10746.0,43418756.44999998
2025-08-01 09:51:56 AM,895.85,0,0.0,43418756.44999998
2025-08-01 09:51:57 AM,895.5,0,0.0,43418756.44999998
2025-08-01 09:51:58 AM,895.5,8,7164.0,43425920.44999998
2025-08-01 09:51:59 AM,894.05,0,0.0,43425920.44999998
2025-08-01 09:52:01 AM,894.05,2001,1788994.0499999998,45214914.49999998
2025-08-01 09:52:06 AM,894.7,0,0.0,45214914.49999998
2025-08-01 09:52:07 AM,894.7,1,894.7,45215809.19999998
2025-08-01 09:52:15 AM,894.2,0,0.0,45215809.19999998
2025-08-01 09:52:16 AM,894.2,559,499857.80000000005,45715666.99999998
2025-08-01 09:52:18 AM,895.0,0,0.0,45715666.99999998
2025-08-01 09:52:19 AM,895.0,522,467190.0,46182856.99999998
2025-08-01 09:52:24 AM,894.95,0,0.0,46182856.99999998
2025-08-01 09:52:25 AM,894.95,12,10739.400000000001,46193596.399999976
2025-08-01 09:52:31 AM,895.0,25,22375.0,46215971.399999976
2025-08-01 09:52:33 AM,895.5,0,0.0,46215971.399999976
2025-08-01 09:52:35 AM,895.5,5,4477.5,46220448.899999976
2025-08-01 09:52:51 AM,896.05,0,0.0,46220448.899999976
2025-08-01 09:52:53 AM,895.15,315,281972.25,46502421.149999976
2025-08-01 09:53:03 AM,896.15,0,0.0,46502421.149999976
2025-08-01 09:53:05 AM,896.15,79,70795.84999999999,46573216.99999998
2025-08-01 09:53:06 AM,894.1,0,0.0,46573216.99999998
2025-08-01 09:53:07 AM,894.1,2018,1804293.8,48377510.799999975
2025-08-01 09:53:12 AM,894.9,0,0.0,48377510.799999975
2025-08-01 09:53:13 AM,894.9,1,894.9,48378405.69999997
2025-08-01 09:53:15 AM,895.4,0,0.0,48378405.69999997
2025-08-01 09:53:18 AM,895.4,250,223850.0,48602255.69999997
2025-08-01 09:53:28 AM,895.55,0,0.0,48602255.69999997
2025-08-01 09:53:30 AM,895.55,2,1791.1,48604046.799999975
2025-08-01 09:53:34 AM,895.6,0,0.0,48604046.799999975
2025-08-01 09:53:36 AM,895.6,25,22390.0,48626436.799999975
2025-08-01 09:53:40 AM,895.55,0,0.0,48626436.799999975
2025-08-01 09:53:42 AM,895.1,6,5370.6,48631807.399999976
2025-08-01 09:53:44 AM,895.6,300,268680.0,48900487.399999976
2025-08-01 09:53:45 AM,895.65,0,0.0,48900487.399999976
2025-08-01 09:53:49 AM,895.6,0,0.0,48900487.399999976
2025-08-01 09:53:49 AM,895.6,35,31346.0,48931833.399999976
2025-08-01 09:53:52 AM,895.45,0,0.0,48931833.399999976
2025-08-01 09:53:55 AM,895.65,0,0.0,48931833.399999976
2025-08-01 09:53:55 AM,895.65,101,90460.65,49022294.049999975
2025-08-01 09:54:04 AM,895.0,0,0.0,49022294.049999975
2025-08-01 09:54:07 AM,895.35,0,0.0,49022294.049999975
2025-08-01 09:54:07 AM,895.35,120,107442.0,49129736.049999975
2025-08-01 09:54:08 AM,895.0,8,7160.0,49136896.049999975
2025-08-01 09:54:13 AM,893.7,0,0.0,49136896.049999975
2025-08-01 09:54:13 AM,893.7,64,57196.8,49194092.84999997
2025-08-01 09:54:19 AM,893.55,0,0.0,49194092.84999997
2025-08-01 09:54:20 AM,893.55,1,893.55,49194986.39999997
2025-08-01 09:54:26 AM,893.55,200,178710.0,49373696.39999997
2025-08-01 09:54:38 AM,893.65,0,0.0,49373696.39999997
2025-08-01 09:54:38 AM,893.65,1,893.65,49374590.04999997
2025-08-01 09:54:47 AM,893.0,0,0.0,49374590.04999997
2025-08-01 09:54:50 AM,893.0,60,53580.0,49428170.04999997
2025-08-01 09:54:53 AM,893.55,0,0.0,49428170.04999997
2025-08-01 09:54:56 AM,893.55,35,31274.25,49459444.29999997
2025-08-01 09:54:59 AM,893.65,0,0.0,49459444.29999997
2025-08-01 09:55:01 AM,893.65,50,44682.5,49504126.79999997
2025-08-01 09:55:18 AM,893.5,0,0.0,49504126.79999997
2025-08-01 09:55:19 AM,893.7,61,54515.700000000004,49558642.49999997
2025-08-01 09:55:21 AM,893.0,0,0.0,49558642.49999997
2025-08-01 09:55:21 AM,893.0,29,25897.0,49584539.49999997
2025-08-01 09:55:24 AM,893.45,0,0.0,49584539.49999997
2025-08-01 09:55:25 AM,892.75,0,0.0,49584539.49999997
2025-08-01 09:55:25 AM,892.75,134,119628.5,49704167.99999997
2025-08-01 09:55:31 AM,892.65,105,93728.25,49797896.24999997
2025-08-01 09:55:36 AM,894.0,0,0.0,49797896.24999997
2025-08-01 09:55:37 AM,894.0,905,809070.0,50606966.24999997
2025-08-01 09:55:40 AM,895.4,0,0.0,50606966.24999997
2025-08-01 09:55:43 AM,895.4,189,169230.6,50776196.84999997
2025-08-01 09:55:47 AM,895.15,0,0.0,50776196.84999997
2025-08-01 09:55:50 AM,895.15,1,895.15,50777091.99999997
2025-08-01 09:55:55 AM,895.2,0,0.0,50777091.99999997
2025-08-01 09:55:56 AM,895.2,1,895.2,50777987.19999997
2025-08-01 09:56:01 AM,895.85,0,0.0,50777987.19999997
2025-08-01 09:56:02 AM,895.85,6,5375.1,50783362.299999975
2025-08-01 09:56:07 AM,895.75,0,0.0,50783362.299999975
2025-08-01 09:56:08 AM,895.75,2,1791.5,50785153.799999975
2025-08-01 09:56:15 AM,893.25,2021,1805258.25,52590412.049999975
2025-08-01 09:56:16 AM,893.0,0,0.0,52590412.049999975
2025-08-01 09:56:19 AM,893.85,0,0.0,52590412.049999975
2025-08-01 09:56:20 AM,893.85,551,492511.35000000003,53082923.399999976
2025-08-01 09:56:23 AM,893.95,0,0.0,53082923.399999976
2025-08-01 09:56:26 AM,893.95,5,4469.75,53087393.149999976
2025-08-01 09:56:31 AM,893.25,0,0.0,53087393.149999976
2025-08-01 09:56:31 AM,893.25,1,893.25,53088286.399999976
2025-08-01 09:56:37 AM,893.25,1,893.25,53089179.649999976
2025-08-01 09:56:38 AM,893.9,10,8939.0,53098118.649999976
2025-08-01 09:56:43 AM,892.65,0,0.0,53098118.649999976
2025-08-01 09:56:43 AM,892.65,981,875689.65,53973808.299999975
2025-08-01 09:56:47 AM,892.95,0,0.0,53973808.299999975
2025-08-01 09:56:50 AM,892.95,15,13394.25,53987202.549999975
2025-08-01 09:56:56 AM,892.95,2,1785.9,53988988.44999997
2025-08-01 09:57:15 AM,893.05,0,0.0,53988988.44999997
2025-08-01 09:57:15 AM,893.05,1,893.05,53989881.49999997
2025-08-01 09:57:25 AM,891.6,500,445800.0,54435681.49999997
2025-08-01 09:57:35 AM,891.3,0,0.0,54435681.49999997
2025-08-01 09:57:36 AM,891.3,3,2673.8999999999996,54438355.39999997
2025-08-01 09:57:43 AM,891.8,0,0.0,54438355.39999997
2025-08-01 09:57:45 AM,891.8,1,891.8,54439247.199999966
2025-08-01 09:57:49 AM,891.0,1000,891000.0,55330247.199999966
2025-08-01 09:57:51 AM,891.85,2,1783.7,55332030.89999997
2025-08-01 09:57:55 AM,892.15,0,0.0,55332030.89999997
2025-08-01 09:57:55 AM,892.15,34,30333.1,55362363.99999997
2025-08-01 09:57:57 AM,892.2,20,17844.0,55380207.99999997
2025-08-01 09:58:03 AM,891.6,0,0.0,55380207.99999997
2025-08-01 09:58:03 AM,891.6,4,3566.4,55383774.39999997
2025-08-01 09:58:07 AM,891.8,3,2675.3999999999996,55386449.79999997
2025-08-01 09:58:25 AM,891.3,3,2673.8999999999996,55389123.699999966
2025-08-01 09:58:28 AM,890.8,0,0.0,55389123.699999966
2025-08-01 09:58:28 AM,890.8,338,301090.39999999997,55690214.099999964
2025-08-01 09:58:40 AM,890.8,1,890.8,55691104.89999996
2025-08-01 09:58:52 AM,891.15,15,13367.25,55704472.14999996
2025-08-01 09:59:04 AM,890.95,0,0.0,55704472.14999996
2025-08-01 09:59:04 AM,890.95,99,88204.05,55792676.19999996
2025-08-01 09:59:08 AM,890.9,2,1781.8,55794457.999999955
2025-08-01 09:59:11 AM,890.9,5,4454.5,55798912.499999955
2025-08-01 09:59:14 AM,890.9,4,3563.6,55802476.09999996
2025-08-01 09:59:17 AM,890.55,20,17811.0,55820287.09999996
2025-08-01 09:59:20 AM,890.95,13,11582.35,55831869.44999996
2025-08-01 09:59:26 AM,890.5,0,0.0,55831869.44999996
2025-08-01 09:59:27 AM,890.5,803,715071.5,56546940.94999996
2025-08-01 09:59:33 AM,890.05,0,0.0,56546940.94999996
2025-08-01 09:59:33 AM,890.05,290,258114.5,56805055.44999996
2025-08-01 09:59:34 AM,889.5,0,0.0,56805055.44999996
2025-08-01 09:59:36 AM,888.3,0,0.0,56805055.44999996
2025-08-01 09:59:36 AM,888.3,1044,927385.2,57732440.64999996
2025-08-01 09:59:39 AM,888.9,208,184891.19999999998,57917331.849999964
2025-08-01 09:59:42 AM,888.85,2,1777.7,57919109.54999997
2025-08-01 09:59:43 AM,888.95,0,0.0,57919109.54999997
2025-08-01 09:59:46 AM,888.95,10,8889.5,57927999.04999997
2025-08-01 09:59:57 AM,888.3,0,0.0,57927999.04999997
2025-08-01 09:59:58 AM,888.3,14,12436.199999999999,57940435.24999997
2025-08-01 10:00:00 AM,887.15,0,0.0,57940435.24999997
2025-08-01 10:00:00 AM,887.15,142,125975.3,58066410.54999997
2025-08-01 10:00:04 AM,887.9,0,0.0,58066410.54999997
2025-08-01 10:00:04 AM,887.0,38,33706.0,58100116.54999997
2025-08-01 10:00:06 AM,885.6,0,0.0,58100116.54999997
2025-08-01 10:00:07 AM,885.6,558,494164.8,58594281.349999964
2025-08-01 10:00:10 AM,886.5,47,41665.5,58635946.849999964
2025-08-01 10:00:11 AM,885.5,0,0.0,58635946.849999964
2025-08-01 10:00:13 AM,885.95,0,0.0,58635946.849999964
2025-08-01 10:00:13 AM,885.95,53,46955.350000000006,58682902.199999966
2025-08-01 10:00:17 AM,885.6,0,0.0,58682902.199999966
2025-08-01 10:00:17 AM,885.95,53,46955.350000000006,58729857.54999997
2025-08-01 10:00:19 AM,885.6,0,0.0,58729857.54999997
2025-08-01 10:00:20 AM,885.6,1,885.6,58730743.14999997
2025-08-01 10:00:23 AM,885.95,4,3543.8,58734286.949999966
2025-08-01 10:00:26 AM,886.0,1,886.0,58735172.949999966
2025-08-01 10:00:32 AM,885.95,30,26578.5,58761751.449999966
2025-08-01 10:00:35 AM,885.95,1,885.95,58762637.39999997
2025-08-01 10:00:39 AM,885.5,61,54015.5,58816652.89999997
2025-08-01 10:00:41 AM,885.3,0,0.0,58816652.89999997
2025-08-01 10:00:42 AM,885.3,8,7082.4,58823735.29999997
2025-08-01 10:00:51 AM,886.05,617,546692.85,59370428.14999997
2025-08-01 10:01:07 AM,887.0,157,139259.0,59509687.14999997
2025-08-01 10:01:13 AM,887.6,103,91422.8,59601109.949999966
2025-08-01 10:01:16 AM,887.3,0,0.0,59601109.949999966
2025-08-01 10:01:17 AM,887.3,554,491564.19999999995,60092674.14999997
2025-08-01 10:01:20 AM,887.25,0,0.0,60092674.14999997
2025-08-01 10:01:20 AM,887.25,14,12421.5,60105095.64999997
2025-08-01 10:01:23 AM,886.85,69,61192.65,60166288.29999997
2025-08-01 10:01:35 AM,886.5,25,22162.5,60188450.79999997
2025-08-01 10:01:38 AM,886.5,76,67374.0,60255824.79999997
2025-08-01 10:01:41 AM,885.75,0,0.0,60255824.79999997
2025-08-01 10:01:41 AM,885.75,50,44287.5,60300112.29999997
2025-08-01 10:01:58 AM,886.4,0,0.0,60300112.29999997
2025-08-01 10:02:00 AM,886.4,21,18614.399999999998,60318726.699999966
2025-08-01 10:02:05 AM,886.1,0,0.0,60318726.699999966
2025-08-01 10:02:06 AM,886.1,53,46963.3,60365689.99999996
2025-08-01 10:02:11 AM,887.1,0,0.0,60365689.99999996
2025-08-01 10:02:13 AM,887.0,0,0.0,60365689.99999996
2025-08-01 10:02:13 AM,887.0,10,8870.0,60374559.99999996
2025-08-01 10:02:21 AM,886.65,0,0.0,60374559.99999996
2025-08-01 10:02:21 AM,886.65,1,886.65,60375446.64999996
2025-08-01 10:02:27 AM,887.5,500,443750.0,60819196.64999996
2025-08-01 10:02:29 AM,887.45,0,0.0,60819196.64999996
2025-08-01 10:02:31 AM,887.9,74,65704.59999999999,60884901.24999996
2025-08-01 10:02:33 AM,887.75,2,1775.5,60886676.74999996
2025-08-01 10:02:44 AM,887.25,60,53235.0,60939911.74999996
2025-08-01 10:02:51 AM,888.15,2,1776.3,60941688.04999996
2025-08-01 10:02:56 AM,889.15,0,0.0,60941688.04999996
2025-08-01 10:02:57 AM,889.15,453,402784.95,61344472.99999996
2025-08-01 10:02:59 AM,888.75,52,46215.0,61390687.99999996
2025-08-01 10:03:08 AM,888.15,0,0.0,61390687.99999996
2025-08-01 10:03:10 AM,888.15,1,888.15,61391576.14999996
2025-08-01 10:03:38 AM,887.45,121,107381.45000000001,61498957.599999964
2025-08-01 10:03:44 AM,887.95,5,4439.75,61503397.349999964
2025-08-01 10:03:56 AM,888.65,50,44432.5,61547829.849999964
2025-08-01 10:04:04 AM,888.2,0,0.0,61547829.849999964
2025-08-01 10:04:07 AM,888.65,56,49764.4,61597594.24999996
2025-08-01 10:04:12 AM,888.1,0,0.0,61597594.24999996
2025-08-01 10:04:13 AM,888.1,5,4440.5,61602034.74999996
2025-08-01 10:04:38 AM,887.5,121,107387.5,61709422.24999996
2025-08-01 10:04:40 AM,886.95,184,163198.80000000002,61872621.04999996
2025-08-01 10:04:42 AM,887.0,0,0.0,61872621.04999996
2025-08-01 10:04:44 AM,887.0,14,12418.0,61885039.04999996
2025-08-01 10:04:46 AM,887.0,2071,1836977.0,63722016.04999996
2025-08-01 10:04:50 AM,887.15,0,0.0,63722016.04999996
2025-08-01 10:04:50 AM,887.15,28,24840.2,63746856.24999996
2025-08-01 10:04:52 AM,888.25,10,8882.5,63755738.74999996
2025-08-01 10:04:54 AM,888.15,0,0.0,63755738.74999996
2025-08-01 10:04:57 AM,888.15,1,888.15,63756626.89999996
2025-08-01 10:04:59 AM,888.4,100,88840.0,63845466.89999996
2025-08-01 10:05:01 AM,886.2,0,0.0,63845466.89999996
2025-08-01 10:05:03 AM,886.2,620,549444.0,64394910.89999996
2025-08-01 10:05:11 AM,886.8,3,2660.3999999999996,64397571.29999996
2025-08-01 10:05:23 AM,886.8,56,49660.799999999996,64447232.09999996
2025-08-01 10:05:32 AM,886.85,0,0.0,64447232.09999996
2025-08-01 10:05:34 AM,886.85,50,44342.5,64491574.59999996
2025-08-01 10:05:41 AM,886.95,0,0.0,64491574.59999996
2025-08-01 10:05:42 AM,886.95,6,5321.700000000001,64496896.29999996
2025-08-01 10:05:50 AM,886.85,0,0.0,64496896.29999996
2025-08-01 10:05:52 AM,886.85,1,886.85,64497783.14999996
2025-08-01 10:05:58 AM,887.45,44,39047.8,64536830.94999996
2025-08-01 10:06:02 AM,887.65,0,0.0,64536830.94999996
2025-08-01 10:06:04 AM,887.35,53,47029.55,64583860.499999955
2025-08-01 10:06:15 AM,887.1,18,15967.800000000001,64599828.29999995
2025-08-01 10:06:18 AM,888.45,1000,888450.0,65488278.29999995
2025-08-01 10:06:31 AM,887.8,0,0.0,65488278.29999995
2025-08-01 10:06:33 AM,887.8,1,887.8,65489166.09999995
2025-08-01 10:06:39 AM,887.25,0,0.0,65489166.09999995
2025-08-01 10:06:39 AM,887.25,1,887.25,65490053.34999995
2025-08-01 10:06:42 AM,887.15,15,13307.25,65503360.59999995
2025-08-01 10:06:49 AM,887.55,0,0.0,65503360.59999995
2025-08-01 10:06:51 AM,887.55,2,1775.1,65505135.69999995
2025-08-01 10:06:53 AM,887.1,10,8871.0,65514006.69999995
2025-08-01 10:06:58 AM,887.1,8,7096.8,65521103.49999995
2025-08-01 10:07:09 AM,886.85,0,0.0,65521103.49999995
2025-08-01 10:07:10 AM,886.85,170,150764.5,65671867.99999995
2025-08-01 10:07:14 AM,887.0,0,0.0,65671867.99999995
2025-08-01 10:07:16 AM,887.0,11,9757.0,65681624.99999995
2025-08-01 10:07:28 AM,887.2,0,0.0,65681624.99999995
2025-08-01 10:07:29 AM,887.2,200,177440.0,65859064.99999995
2025-08-01 10:07:43 AM,887.15,2,1774.3,65860839.299999945
2025-08-01 10:07:49 AM,887.2,2,1774.4,65862613.69999994
2025-08-01 10:07:53 AM,887.2,22,19518.4,65882132.09999994
2025-08-01 10:08:00 AM,886.5,25,22162.5,65904294.59999994
2025-08-01 10:08:06 AM,886.95,0,0.0,65904294.59999994
2025-08-01 10:08:06 AM,886.95,3,2660.8500000000004,65906955.44999994
2025-08-01 10:08:07 AM,886.95,1,886.95,65907842.39999995
2025-08-01 10:08:12 AM,887.05,19,16853.95,65924696.34999995
2025-08-01 10:08:23 AM,886.55,0,0.0,65924696.34999995
2025-08-01 10:08:24 AM,886.55,3,2659.6499999999996,65927355.99999995
2025-08-01 10:08:26 AM,887.15,9,7984.349999999999,65935340.34999995
2025-08-01 10:08:42 AM,887.15,30,26614.5,65961954.84999995
2025-08-01 10:09:00 AM,887.8,4,3551.2,65965506.04999995
2025-08-01 10:09:12 AM,887.8,1,887.8,65966393.84999995
2025-08-01 10:09:14 AM,887.8,56,49716.799999999996,66016110.64999995
2025-08-01 10:09:19 AM,888.25,0,0.0,66016110.64999995
2025-08-01 10:09:20 AM,888.25,33,29312.25,66045422.89999995
2025-08-01 10:09:23 AM,888.85,0,0.0,66045422.89999995
2025-08-01 10:09:24 AM,888.85,1,888.85,66046311.74999995
2025-08-01 10:09:30 AM,888.85,29,25776.65,66072088.39999995
2025-08-01 10:09:35 AM,888.95,0,0.0,66072088.39999995
2025-08-01 10:09:35 AM,888.95,3,2666.8500000000004,66074755.24999995
2025-08-01 10:09:37 AM,889.4,0,0.0,66074755.24999995
2025-08-01 10:09:37 AM,889.4,100,88940.0,66163695.24999995
2025-08-01 10:09:41 AM,889.25,0,0.0,66163695.24999995
2025-08-01 10:09:41 AM,889.25,73,64915.25,66228610.49999995
2025-08-01 10:09:53 AM,889.15,0,0.0,66228610.49999995
2025-08-01 10:09:53 AM,889.15,17,15115.55,66243726.049999945
2025-08-01 10:09:58 AM,889.9,0,0.0,66243726.049999945
2025-08-01 10:09:58 AM,889.9,20,17798.0,66261524.049999945
2025-08-01 10:10:01 AM,889.25,0,0.0,66261524.049999945
2025-08-01 10:10:04 AM,889.25,1,889.25,66262413.299999945
2025-08-01 10:10:05 AM,889.15,0,0.0,66262413.299999945
2025-08-01 10:10:06 AM,889.15,100,88915.0,66351328.299999945
2025-08-01 10:10:13 AM,888.45,0,0.0,66351328.299999945
2025-08-01 10:10:16 AM,888.45,217,192793.65000000002,66544121.94999994
2025-08-01 10:10:17 AM,888.4,0,0.0,66544121.94999994
2025-08-01 10:10:18 AM,888.4,10,8884.0,66553005.94999994
2025-08-01 10:10:24 AM,888.05,10,8880.5,66561886.44999994
2025-08-01 10:10:40 AM,888.05,30,26641.5,66588527.94999994
2025-08-01 10:10:53 AM,889.0,34,30226.0,66618753.94999994
2025-08-01 10:11:07 AM,889.15,0,0.0,66618753.94999994
2025-08-01 10:11:09 AM,889.15,20,17783.0,66636536.94999994
2025-08-01 10:11:11 AM,889.15,14,12448.1,66648985.049999945
2025-08-01 10:11:17 AM,889.0,10,8890.0,66657875.049999945
2025-08-01 10:11:22 AM,890.0,560,498400.0,67156275.04999995
2025-08-01 10:11:25 AM,889.95,0,0.0,67156275.04999995
2025-08-01 10:11:27 AM,889.95,6,5339.700000000001,67161614.74999996
2025-08-01 10:11:32 AM,890.0,13,11570.0,67173184.74999996
2025-08-01 10:11:38 AM,890.0,2,1780.0,67174964.74999996
2025-08-01 10:11:43 AM,889.3,0,0.0,67174964.74999996
2025-08-01 10:11:44 AM,889.3,3,2667.8999999999996,67177632.64999996
2025-08-01 10:11:49 AM,890.0,0,0.0,67177632.64999996
2025-08-01 10:11:50 AM,890.0,51,45390.0,67223022.64999996
2025-08-01 10:12:03 AM,889.4,160,142304.0,67365326.64999996
2025-08-01 10:12:19 AM,889.5,0,0.0,67365326.64999996
2025-08-01 10:12:19 AM,889.5,13,11563.5,67376890.14999996
2025-08-01 10:12:20 AM,889.95,1,889.95,67377780.09999996
2025-08-01 10:12:22 AM,889.5,0,0.0,67377780.09999996
2025-08-01 10:12:25 AM,889.5,24,21348.0,67399128.09999996
2025-08-01 10:12:42 AM,889.6,56,49817.6,67448945.69999996
2025-08-01 10:12:58 AM,889.85,0,0.0,67448945.69999996
2025-08-01 10:13:00 AM,889.85,25,22246.25,67471191.94999996
2025-08-01 10:13:04 AM,889.3,0,0.0,67471191.94999996
2025-08-01 10:13:05 AM,889.3,227,201871.09999999998,67673063.04999995
2025-08-01 10:13:22 AM,889.05,0,0.0,67673063.04999995
2025-08-01 10:13:23 AM,889.3,19,16896.7,67689959.74999996
2025-08-01 10:13:30 AM,889.3,40,35572.0,67725531.74999996
2025-08-01 10:13:41 AM,889.3,3,2667.8999999999996,67728199.64999996
2025-08-01 10:13:59 AM,889.3,97,86262.09999999999,67814461.74999996
2025-08-01 10:14:01 AM,890.0,0,0.0,67814461.74999996
2025-08-01 10:14:05 AM,890.0,30,26700.0,67841161.74999996
2025-08-01 10:14:16 AM,890.0,2,1780.0,67842941.74999996
2025-08-01 10:14:17 AM,890.0,1,890.0,67843831.74999996
2025-08-01 10:14:22 AM,890.0,143,127270.0,67971101.74999996
2025-08-01 10:14:25 AM,890.05,0,0.0,67971101.74999996
2025-08-01 10:14:28 AM,890.05,1002,891830.1,68862931.84999995
2025-08-01 10:14:33 AM,890.05,11,9790.55,68872722.39999995
2025-08-01 10:14:34 AM,889.7,0,0.0,68872722.39999995
2025-08-01 10:14:34 AM,889.7,1,889.7,68873612.09999995
2025-08-01 10:14:39 AM,890.05,1,890.05,68874502.14999995
2025-08-01 10:14:45 AM,890.05,2,1780.1,68876282.24999994
2025-08-01 10:14:57 AM,890.05,653,581202.65,69457484.89999995
2025-08-01 10:15:08 AM,890.05,72,64083.6,69521568.49999994
2025-08-01 10:15:20 AM,890.05,1,890.05,69522458.54999994
2025-08-01 10:15:26 AM,890.05,1,890.05,69523348.59999993
2025-08-01 10:15:49 AM,889.25,0,0.0,69523348.59999993
2025-08-01 10:15:50 AM,889.25,2216,1970578.0,71493926.59999993
2025-08-01 10:15:54 AM,889.0,0,0.0,71493926.59999993
2025-08-01 10:15:56 AM,889.0,2,1778.0,71495704.59999993
2025-08-01 10:16:02 AM,889.6,1,889.6,71496594.19999993
2025-08-01 10:16:04 AM,889.2,0,0.0,71496594.19999993
2025-08-01 10:16:07 AM,889.2,15,13338.0,71509932.19999993
2025-08-01 10:16:10 AM,888.75,0,0.0,71509932.19999993
2025-08-01 10:16:13 AM,888.75,207,183971.25,71693903.44999993
2025-08-01 10:16:18 AM,889.45,0,0.0,71693903.44999993
2025-08-01 10:16:19 AM,889.45,80,71156.0,71765059.44999993
2025-08-01 10:16:37 AM,889.4,0,0.0,71765059.44999993
2025-08-01 10:16:37 AM,889.4,10,8894.0,71773953.44999993
2025-08-01 10:16:40 AM,889.5,0,0.0,71773953.44999993
2025-08-01 10:16:43 AM,889.5,42,37359.0,71811312.44999993
2025-08-01 10:16:48 AM,889.75,0,0.0,71811312.44999993
2025-08-01 10:16:48 AM,889.75,4,3559.0,71814871.44999993
2025-08-01 10:16:55 AM,890.0,0,0.0,71814871.44999993
2025-08-01 10:16:59 AM,890.0,102,90780.0,71905651.44999993
2025-08-01 10:17:05 AM,890.0,4,3560.0,71909211.44999993
2025-08-01 10:17:05 AM,890.05,14,12460.699999999999,71921672.14999993
2025-08-01 10:17:10 AM,890.05,10,8900.5,71930572.64999993
2025-08-01 10:17:16 AM,889.5,0,0.0,71930572.64999993
2025-08-01 10:17:16 AM,889.5,89,79165.5,72009738.14999993
2025-08-01 10:17:19 AM,889.2,0,0.0,72009738.14999993
2025-08-01 10:17:22 AM,889.85,0,0.0,72009738.14999993
2025-08-01 10:17:22 AM,889.85,14,12457.9,72022196.04999994
2025-08-01 10:17:30 AM,887.0,0,0.0,72022196.04999994
2025-08-01 10:17:34 AM,887.0,5078,4504186.0,76526382.04999994
2025-08-01 10:17:45 AM,887.05,0,0.0,76526382.04999994
2025-08-01 10:17:45 AM,887.05,1,887.05,76527269.09999993
2025-08-01 10:17:45 AM,887.05,3,2661.1499999999996,76529930.24999994
2025-08-01 10:17:55 AM,886.4,0,0.0,76529930.24999994
2025-08-01 10:17:57 AM,881.3,0,0.0,76529930.24999994
2025-08-01 10:17:57 AM,881.3,12018,10591463.4,87121393.64999995
2025-08-01 10:17:58 AM,880.7,0,0.0,87121393.64999995
2025-08-01 10:18:03 AM,881.1,0,0.0,87121393.64999995
2025-08-01 10:18:03 AM,881.1,130,114543.0,87235936.64999995
2025-08-01 10:18:09 AM,881.1,1,881.1,87236817.74999994
2025-08-01 10:18:10 AM,881.15,0,0.0,87236817.74999994
2025-08-01 10:18:14 AM,881.15,1,881.15,87237698.89999995
2025-08-01 10:18:18 AM,881.3,0,0.0,87237698.89999995
2025-08-01 10:18:19 AM,881.15,0,0.0,87237698.89999995
2025-08-01 10:18:20 AM,881.0,583,513623.0,87751321.89999995
2025-08-01 10:18:21 AM,880.6,0,0.0,87751321.89999995
2025-08-01 10:18:24 AM,881.0,0,0.0,87751321.89999995
2025-08-01 10:18:25 AM,881.55,0,0.0,87751321.89999995
2025-08-01 10:18:26 AM,881.55,435,383474.25,88134796.14999995
2025-08-01 10:18:32 AM,881.55,5,4407.75,88139203.89999995
2025-08-01 10:18:33 AM,881.1,0,0.0,88139203.89999995
2025-08-01 10:18:36 AM,881.75,0,0.0,88139203.89999995
2025-08-01 10:18:38 AM,881.75,102,89938.5,88229142.39999995
2025-08-01 10:18:43 AM,882.0,0,0.0,88229142.39999995
2025-08-01 10:18:43 AM,881.7,120,105804.0,88334946.39999995
2025-08-01 10:18:47 AM,881.4,0,0.0,88334946.39999995
2025-08-01 10:18:49 AM,881.4,2,1762.8,88336709.19999994
2025-08-01 10:18:53 AM,880.95,0,0.0,88336709.19999994
2025-08-01 10:18:55 AM,880.95,253,222880.35,88559589.54999994
2025-08-01 10:18:59 AM,880.2,0,0.0,88559589.54999994
2025-08-01 10:18:59 AM,880.25,0,0.0,88559589.54999994
2025-08-01 10:19:00 AM,880.25,68,59857.0,88619446.54999994
2025-08-01 10:19:02 AM,881.05,0,0.0,88619446.54999994
2025-08-01 10:19:05 AM,880.8,0,0.0,88619446.54999994
2025-08-01 10:19:06 AM,880.8,66,58132.799999999996,88677579.34999993
2025-08-01 10:19:14 AM,881.75,0,0.0,88677579.34999993
2025-08-01 10:19:18 AM,881.75,1,881.75,88678461.09999993
2025-08-01 10:19:23 AM,881.65,2,1763.3,88680224.39999993
2025-08-01 10:19:24 AM,881.6,2,1763.2,88681987.59999993
2025-08-01 10:19:26 AM,880.85,0,0.0,88681987.59999993
2025-08-01 10:19:28 AM,880.8,0,0.0,88681987.59999993
2025-08-01 10:19:29 AM,880.0,0,0.0,88681987.59999993
2025-08-01 10:19:29 AM,880.0,406,357280.0,89039267.59999993
2025-08-01 10:19:30 AM,880.45,1,880.45,89040148.04999994
2025-08-01 10:19:32 AM,881.1,0,0.0,89040148.04999994
2025-08-01 10:19:35 AM,881.1,271,238778.1,89278926.14999993
2025-08-01 10:19:40 AM,880.9,1,880.9,89279807.04999994
2025-08-01 10:19:44 AM,880.2,0,0.0,89279807.04999994
2025-08-01 10:19:46 AM,880.95,278,244904.1,89524711.14999993
2025-08-01 10:19:55 AM,880.6,0,0.0,89524711.14999993
2025-08-01 10:19:57 AM,880.6,30,26418.0,89551129.14999993
2025-08-01 10:20:01 AM,880.65,0,0.0,89551129.14999993
2025-08-01 10:20:03 AM,880.95,51,44928.450000000004,89596057.59999993
2025-08-01 10:20:07 AM,881.1,0,0.0,89596057.59999993
2025-08-01 10:20:08 AM,881.1,1,881.1,89596938.69999993
2025-08-01 10:20:11 AM,880.45,0,0.0,89596938.69999993
2025-08-01 10:20:14 AM,880.95,0,0.0,89596938.69999993
2025-08-01 10:20:14 AM,880.95,269,236975.55000000002,89833914.24999993
2025-08-01 10:20:15 AM,880.4,5,4402.0,89838316.24999993
2025-08-01 10:20:17 AM,881.35,0,0.0,89838316.24999993
2025-08-01 10:20:20 AM,881.35,195,171863.25,90010179.49999993
2025-08-01 10:20:21 AM,881.4,10,8814.0,90018993.49999993
2025-08-01 10:20:29 AM,881.5,0,0.0,90018993.49999993
2025-08-01 10:20:31 AM,881.5,24,21156.0,90040149.49999993
2025-08-01 10:20:43 AM,882.4,0,0.0,90040149.49999993
2025-08-01 10:20:44 AM,882.4,411,362666.39999999997,90402815.89999993
2025-08-01 10:21:00 AM,882.8,0,0.0,90402815.89999993
2025-08-01 10:21:01 AM,882.8,50,44140.0,90446955.89999993
2025-08-01 10:21:08 AM,883.0,0,0.0,90446955.89999993
2025-08-01 10:21:09 AM,883.0,12,10596.0,90457551.89999993
2025-08-01 10:21:12 AM,882.8,398,351354.39999999997,90808906.29999994
2025-08-01 10:21:14 AM,882.7,0,0.0,90808906.29999994
2025-08-01 10:21:14 AM,882.7,5,4413.5,90813319.79999994
2025-08-01 10:21:20 AM,882.7,5,4413.5,90817733.29999994
2025-08-01 10:21:31 AM,882.7,1,882.7,90818615.99999994
2025-08-01 10:21:36 AM,882.7,1,882.7,90819498.69999994
2025-08-01 10:21:49 AM,882.5,0,0.0,90819498.69999994
2025-08-01 10:21:51 AM,882.8,258,227762.4,91047261.09999995
2025-08-01 10:21:52 AM,882.55,0,0.0,91047261.09999995
2025-08-01 10:21:53 AM,882.55,160,141208.0,91188469.09999995
2025-08-01 10:22:02 AM,883.25,56,49462.0,91237931.09999995
2025-08-01 10:22:07 AM,883.6,0,0.0,91237931.09999995
2025-08-01 10:22:08 AM,883.6,5,4418.0,91242349.09999995
2025-08-01 10:22:32 AM,883.8,13,11489.4,91253838.49999996
2025-08-01 10:22:34 AM,883.3,0,0.0,91253838.49999996
2025-08-01 10:22:34 AM,883.3,10,8833.0,91262671.49999996
2025-08-01 10:22:48 AM,883.8,1,883.8,91263555.29999995
2025-08-01 10:23:03 AM,883.55,0,0.0,91263555.29999995
2025-08-01 10:23:04 AM,883.9,0,0.0,91263555.29999995
2025-08-01 10:23:04 AM,883.9,887,784019.2999999999,92047574.59999995
2025-08-01 10:23:06 AM,884.15,0,0.0,92047574.59999995
2025-08-01 10:23:07 AM,884.15,1,884.15,92048458.74999996
2025-08-01 10:23:10 AM,884.45,0,0.0,92048458.74999996
2025-08-01 10:23:10 AM,884.45,1,884.45,92049343.19999996
2025-08-01 10:23:18 AM,884.6,0,0.0,92049343.19999996
2025-08-01 10:23:19 AM,883.8,566,500230.8,92549573.99999996
2025-08-01 10:23:21 AM,884.1,0,0.0,92549573.99999996
2025-08-01 10:23:22 AM,884.1,1,884.1,92550458.09999995
2025-08-01 10:23:34 AM,884.5,0,0.0,92550458.09999995
2025-08-01 10:23:36 AM,884.5,13,11498.5,92561956.59999995
2025-08-01 10:23:59 AM,884.15,200,176830.0,92738786.59999995
2025-08-01 10:24:03 AM,884.5,0,0.0,92738786.59999995
2025-08-01 10:24:04 AM,884.5,153,135328.5,92874115.09999995
2025-08-01 10:24:28 AM,884.45,0,0.0,92874115.09999995
2025-08-01 10:24:28 AM,884.45,1,884.45,92874999.54999995
2025-08-01 10:24:30 AM,883.9,0,0.0,92874999.54999995
2025-08-01 10:24:31 AM,883.65,0,0.0,92874999.54999995
2025-08-01 10:24:32 AM,883.65,965,852722.25,93727721.79999995
2025-08-01 10:24:40 AM,883.1,0,0.0,93727721.79999995
2025-08-01 10:24:42 AM,883.1,68,60050.8,93787772.59999995
2025-08-01 10:24:43 AM,883.55,0,0.0,93787772.59999995
2025-08-01 10:24:44 AM,883.55,15,13253.25,93801025.84999995
2025-08-01 10:24:56 AM,883.9,2,1767.8,93802793.64999995
2025-08-01 10:25:13 AM,883.95,1,883.95,93803677.59999995
2025-08-01 10:25:22 AM,883.6,0,0.0,93803677.59999995
2025-08-01 10:25:22 AM,883.6,10,8836.0,93812513.59999995
2025-08-01 10:25:25 AM,883.25,0,0.0,93812513.59999995
2025-08-01 10:25:25 AM,883.25,61,53878.25,93866391.84999995
2025-08-01 10:25:32 AM,882.95,0,0.0,93866391.84999995
2025-08-01 10:25:34 AM,882.65,5,4413.25,93870805.09999995
2025-08-01 10:25:50 AM,882.65,6,5295.9,93876100.99999996
2025-08-01 10:26:02 AM,882.6,0,0.0,93876100.99999996
2025-08-01 10:26:03 AM,882.6,20,17652.0,93893752.99999996
2025-08-01 10:26:14 AM,883.0,160,141280.0,94035032.99999996
2025-08-01 10:26:22 AM,882.8,0,0.0,94035032.99999996
2025-08-01 10:26:23 AM,882.8,5,4414.0,94039446.99999996
2025-08-01 10:26:43 AM,882.95,0,0.0,94039446.99999996
2025-08-01 10:26:43 AM,882.95,3,2648.8500000000004,94042095.84999995
2025-08-01 10:26:52 AM,882.0,0,0.0,94042095.84999995
2025-08-01 10:26:52 AM,882.0,342,301644.0,94343739.84999995
2025-08-01 10:26:58 AM,881.0,0,0.0,94343739.84999995
2025-08-01 10:26:58 AM,881.0,32,28192.0,94371931.84999995
2025-08-01 10:27:01 AM,881.55,34,29972.699999999997,94401904.54999995
2025-08-01 10:27:22 AM,881.0,0,0.0,94401904.54999995
2025-08-01 10:27:23 AM,881.4,0,0.0,94401904.54999995
2025-08-01 10:27:23 AM,881.4,41,36137.4,94438041.94999996
2025-08-01 10:27:35 AM,881.55,0,0.0,94438041.94999996
2025-08-01 10:27:37 AM,881.05,0,0.0,94438041.94999996
2025-08-01 10:27:37 AM,881.05,3,2643.1499999999996,94440685.09999996
2025-08-01 10:27:43 AM,881.55,0,0.0,94440685.09999996
2025-08-01 10:27:45 AM,881.55,30,26446.5,94467131.59999996
2025-08-01 10:27:53 AM,881.9,0,0.0,94467131.59999996
2025-08-01 10:27:53 AM,882.0,49,43218.0,94510349.59999996
2025-08-01 10:27:56 AM,882.0,7,6174.0,94516523.59999996
2025-08-01 10:28:06 AM,881.95,0,0.0,94516523.59999996
2025-08-01 10:28:07 AM,881.95,6,5291.700000000001,94521815.29999997
2025-08-01 10:28:15 AM,882.0,0,0.0,94521815.29999997
2025-08-01 10:28:17 AM,882.0,33,29106.0,94550921.29999997
2025-08-01 10:28:20 AM,882.25,0,0.0,94550921.29999997
2025-08-01 10:28:20 AM,882.25,32,28232.0,94579153.29999997
2025-08-01 10:28:29 AM,881.15,259,228217.85,94807371.14999996
2025-08-01 10:28:29 AM,881.0,0,0.0,94807371.14999996
2025-08-01 10:28:31 AM,881.0,180,158580.0,94965951.14999996
2025-08-01 10:28:37 AM,880.8,10,8808.0,94974759.14999996
2025-08-01 10:28:44 AM,880.75,0,0.0,94974759.14999996
2025-08-01 10:28:45 AM,880.4,36,31694.399999999998,95006453.54999997
2025-08-01 10:28:47 AM,880.25,0,0.0,95006453.54999997
2025-08-01 10:28:48 AM,880.25,1,880.25,95007333.79999997
2025-08-01 10:28:51 AM,880.2,1,880.2,95008213.99999997
2025-08-01 10:28:56 AM,880.2,40,35208.0,95043421.99999997
2025-08-01 10:28:59 AM,880.2,1,880.2,95044302.19999997
2025-08-01 10:29:07 AM,880.2,26,22885.2,95067187.39999998
2025-08-01 10:29:09 AM,880.25,0,0.0,95067187.39999998
2025-08-01 10:29:11 AM,880.95,150,132142.5,95199329.89999998
2025-08-01 10:29:29 AM,880.85,0,0.0,95199329.89999998
2025-08-01 10:29:29 AM,880.85,56,49327.6,95248657.49999997
2025-08-01 10:29:52 AM,880.65,287,252746.55,95501404.04999997
2025-08-01 10:30:03 AM,880.45,1,880.45,95502284.49999997
2025-08-01 10:30:18 AM,880.1,0,0.0,95502284.49999997
2025-08-01 10:30:18 AM,880.1,5,4400.5,95506684.99999997
2025-08-01 10:30:32 AM,880.45,1,880.45,95507565.44999997
2025-08-01 10:30:34 AM,880.45,2,1760.9,95509326.34999998
2025-08-01 10:30:40 AM,880.65,6,5283.9,95514610.24999999
2025-08-01 10:30:49 AM,880.65,2,1761.3,95516371.54999998
2025-08-01 10:30:51 AM,880.8,0,0.0,95516371.54999998
2025-08-01 10:30:51 AM,880.8,11,9688.8,95526060.34999998
2025-08-01 10:30:57 AM,880.25,105,92426.25,95618486.59999998
2025-08-01 10:31:00 AM,879.65,725,637746.25,96256232.84999998
2025-08-01 10:31:01 AM,879.6,0,0.0,96256232.84999998
2025-08-01 10:31:03 AM,880.25,776,683074.0,96939306.84999998
2025-08-01 10:31:06 AM,879.75,350,307912.5,97247219.34999998
2025-08-01 10:31:09 AM,879.2,10,8792.0,97256011.34999998
2025-08-01 10:31:10 AM,879.1,0,0.0,97256011.34999998
2025-08-01 10:31:12 AM,879.1,3,2637.3,97258648.64999998
2025-08-01 10:31:15 AM,879.65,12,10555.8,97269204.44999997
2025-08-01 10:31:20 AM,880.1,0,0.0,97269204.44999997
2025-08-01 10:31:20 AM,879.75,0,0.0,97269204.44999997
2025-08-01 10:31:20 AM,879.75,87,76538.25,97345742.69999997
2025-08-01 10:31:22 AM,880.25,0,0.0,97345742.69999997
2025-08-01 10:31:23 AM,880.25,25,22006.25,97367748.94999997
2025-08-01 10:31:40 AM,880.25,85,74821.25,97442570.19999997
2025-08-01 10:31:51 AM,880.1,82,72168.2,97514738.39999998
2025-08-01 10:32:04 AM,880.55,42,36983.1,97551721.49999997
2025-08-01 10:32:14 AM,881.0,0,0.0,97551721.49999997
2025-08-01 10:32:14 AM,881.0,65,57265.0,97608986.49999997
2025-08-01 10:32:21 AM,881.75,0,0.0,97608986.49999997
2025-08-01 10:32:21 AM,881.75,1,881.75,97609868.24999997
2025-08-01 10:32:25 AM,881.85,0,0.0,97609868.24999997
2025-08-01 10:32:28 AM,881.85,6,5291.1,97615159.34999996
2025-08-01 10:32:30 AM,881.85,10,8818.5,97623977.84999996
2025-08-01 10:32:34 AM,882.25,0,0.0,97623977.84999996
2025-08-01 10:32:34 AM,882.25,250,220562.5,97844540.34999996
2025-08-01 10:32:37 AM,881.15,0,0.0,97844540.34999996
2025-08-01 10:32:37 AM,881.15,160,140984.0,97985524.34999996
2025-08-01 10:32:40 AM,881.85,0,0.0,97985524.34999996
2025-08-01 10:32:40 AM,881.85,14,12345.9,97997870.24999997
2025-08-01 10:32:43 AM,882.05,0,0.0,97997870.24999997
2025-08-01 10:32:43 AM,882.05,110,97025.5,98094895.74999997
2025-08-01 10:32:46 AM,881.65,0,0.0,98094895.74999997
2025-08-01 10:32:46 AM,881.65,8,7053.2,98101948.94999997
2025-08-01 10:33:00 AM,881.85,20,17637.0,98119585.94999997
2025-08-01 10:33:05 AM,881.9,10,8819.0,98128404.94999997
2025-08-01 10:33:07 AM,881.3,0,0.0,98128404.94999997
2025-08-01 10:33:08 AM,881.3,4,3525.2,98131930.14999998
2025-08-01 10:33:25 AM,881.3,99,87248.7,98219178.84999998
2025-08-01 10:33:28 AM,881.3,10,8813.0,98227991.84999998
2025-08-01 10:33:43 AM,881.85,0,0.0,98227991.84999998
2025-08-01 10:33:44 AM,881.85,14,12345.9,98240337.74999999
2025-08-01 10:33:53 AM,881.75,0,0.0,98240337.74999999
2025-08-01 10:33:53 AM,881.75,1,881.75,98241219.49999999
2025-08-01 10:34:11 AM,881.75,3,2645.25,98243864.74999999
2025-08-01 10:34:20 AM,881.85,0,0.0,98243864.74999999
2025-08-01 10:34:20 AM,882.05,0,0.0,98243864.74999999
2025-08-01 10:34:22 AM,882.05,6,5292.299999999999,98249157.04999998
2025-08-01 10:34:23 AM,882.3,0,0.0,98249157.04999998
2025-08-01 10:34:23 AM,882.3,9,7940.7,98257097.74999999
2025-08-01 10:34:27 AM,882.3,4,3529.2,98260626.94999999
2025-08-01 10:34:38 AM,882.4,0,0.0,98260626.94999999
2025-08-01 10:34:38 AM,882.45,0,0.0,98260626.94999999
2025-08-01 10:34:38 AM,882.45,2,1764.9,98262391.85
2025-08-01 10:34:41 AM,882.5,0,0.0,98262391.85
2025-08-01 10:34:44 AM,882.5,22,19415.0,98281806.85
2025-08-01 10:34:46 AM,882.8,2,1765.6,98283572.44999999
2025-08-01 10:34:47 AM,883.0,0,0.0,98283572.44999999
2025-08-01 10:34:50 AM,882.05,300,264615.0,98548187.44999999
2025-08-01 10:34:52 AM,881.75,69,60840.75,98609028.19999999
2025-08-01 10:34:53 AM,881.3,0,0.0,98609028.19999999
2025-08-01 10:34:55 AM,881.85,0,0.0,98609028.19999999
2025-08-01 10:34:55 AM,881.85,450,396832.5,99005860.69999999
2025-08-01 10:34:57 AM,881.5,0,0.0,99005860.69999999
2025-08-01 10:34:58 AM,882.2,107,94395.40000000001,99100256.1
2025-08-01 10:35:01 AM,882.75,0,0.0,99100256.1
2025-08-01 10:35:01 AM,882.75,71,62675.25,99162931.35
2025-08-01 10:35:02 AM,883.1,0,0.0,99162931.35
2025-08-01 10:35:03 AM,883.1,922,814218.2000000001,99977149.55
2025-08-01 10:35:20 AM,884.0,0,0.0,99977149.55
2025-08-01 10:35:20 AM,884.0,5,4420.0,99981569.55
2025-08-01 10:35:22 AM,884.3,0,0.0,99981569.55
2025-08-01 10:35:24 AM,884.3,20,17686.0,99999255.55
2025-08-01 10:35:26 AM,883.35,0,0.0,99999255.55
2025-08-01 10:35:26 AM,883.35,18,15900.300000000001,100015155.85
2025-08-01 10:35:31 AM,883.25,0,0.0,100015155.85
2025-08-01 10:35:32 AM,883.25,2,1766.5,100016922.35
2025-08-01 10:35:32 AM,882.9,0,0.0,100016922.35
2025-08-01 10:35:35 AM,882.9,1,882.9,100017805.25
2025-08-01 10:35:46 AM,883.3,0,0.0,100017805.25
2025-08-01 10:35:46 AM,883.3,2,1766.6,100019571.85
2025-08-01 10:35:49 AM,883.3,1,883.3,100020455.14999999
2025-08-01 10:35:52 AM,882.75,0,0.0,100020455.14999999
2025-08-01 10:35:52 AM,882.75,29,25599.75,100046054.89999999
2025-08-01 10:35:56 AM,882.8,0,0.0,100046054.89999999
2025-08-01 10:35:58 AM,882.05,42,37046.1,100083100.99999999
2025-08-01 10:36:07 AM,882.0,0,0.0,100083100.99999999
2025-08-01 10:36:08 AM,882.0,1,882.0,100083982.99999999
2025-08-01 10:36:22 AM,882.0,10,8820.0,100092802.99999999
2025-08-01 10:36:31 AM,882.0,5,4410.0,100097212.99999999
2025-08-01 10:36:33 AM,882.0,5,4410.0,100101622.99999999
2025-08-01 10:36:55 AM,881.95,2,1763.9,100103386.89999999
2025-08-01 10:36:58 AM,881.5,18,15867.0,100119253.89999999
2025-08-01 10:36:59 AM,882.0,0,0.0,100119253.89999999
2025-08-01 10:37:00 AM,882.0,110,97020.0,100216273.89999999
2025-08-01 10:37:08 AM,881.55,0,0.0,100216273.89999999
2025-08-01 10:37:09 AM,881.55,5,4407.75,100220681.64999999
2025-08-01 10:37:25 AM,881.7,0,0.0,100220681.64999999
2025-08-01 10:37:26 AM,881.7,1,881.7,100221563.35
2025-08-01 10:37:27 AM,882.0,0,0.0,100221563.35
2025-08-01 10:37:28 AM,882.0,15,13230.0,100234793.35
2025-08-01 10:37:37 AM,882.0,78,68796.0,100303589.35
2025-08-01 10:37:41 AM,882.15,0,0.0,100303589.35
2025-08-01 10:37:43 AM,882.15,3,2646.45,100306235.8
2025-08-01 10:37:50 AM,882.25,0,0.0,100306235.8
2025-08-01 10:37:51 AM,882.25,65,57346.25,100363582.05
2025-08-01 10:37:56 AM,882.25,11,9704.75,100373286.8
2025-08-01 10:38:05 AM,881.85,75,66138.75,100439425.55
2025-08-01 10:38:36 AM,881.7,14,12343.800000000001,100451769.35
2025-08-01 10:38:37 AM,881.95,0,0.0,100451769.35
2025-08-01 10:38:39 AM,881.95,10,8819.5,100460588.85
2025-08-01 10:38:47 AM,881.85,15,13227.75,100473816.6
2025-08-01 10:38:52 AM,881.9,0,0.0,100473816.6
2025-08-01 10:38:53 AM,881.9,22,19401.8,100493218.39999999
2025-08-01 10:38:58 AM,882.0,0,0.0,100493218.39999999
2025-08-01 10:38:58 AM,882.0,128,112896.0,100606114.39999999
2025-08-01 10:39:11 AM,881.95,0,0.0,100606114.39999999
2025-08-01 10:39:12 AM,881.95,1,881.95,100606996.35
2025-08-01 10:39:20 AM,881.5,0,0.0,100606996.35
2025-08-01 10:39:21 AM,881.5,217,191285.5,100798281.85
2025-08-01 10:39:22 AM,881.45,0,0.0,100798281.85
2025-08-01 10:39:24 AM,881.45,5,4407.25,100802689.1
2025-08-01 10:39:28 AM,881.25,0,0.0,100802689.1
2025-08-01 10:39:29 AM,881.25,22,19387.5,100822076.6
2025-08-01 10:39:35 AM,881.55,0,0.0,100822076.6
2025-08-01 10:39:35 AM,881.55,35,30854.25,100852930.85
2025-08-01 10:39:43 AM,881.75,0,0.0,100852930.85
2025-08-01 10:39:43 AM,881.75,3,2645.25,100855576.1
2025-08-01 10:40:10 AM,880.8,0,0.0,100855576.1
2025-08-01 10:40:11 AM,880.8,370,325896.0,101181472.1
2025-08-01 10:40:12 AM,880.65,0,0.0,101181472.1
2025-08-01 10:40:14 AM,881.1,1007,887267.7000000001,102068739.8
2025-08-01 10:40:27 AM,881.1,10,8811.0,102077550.8
2025-08-01 10:40:46 AM,881.3,0,0.0,102077550.8
2025-08-01 10:40:47 AM,881.3,3,2643.8999999999996,102080194.7
2025-08-01 10:40:55 AM,881.3,15,13219.5,102093414.2
2025-08-01 10:41:12 AM,881.85,0,0.0,102093414.2
2025-08-01 10:41:12 AM,881.85,100,88185.0,102181599.2
2025-08-01 10:41:14 AM,881.75,0,0.0,102181599.2
2025-08-01 10:41:14 AM,881.75,4,3527.0,102185126.2
2025-08-01 10:41:27 AM,881.9,0,0.0,102185126.2
2025-08-01 10:41:29 AM,881.9,2,1763.8,102186890.0
2025-08-01 10:41:31 AM,881.85,50,44092.5,102230982.5
2025-08-01 10:41:40 AM,881.0,0,0.0,102230982.5
2025-08-01 10:41:41 AM,881.0,50,44050.0,102275032.5
2025-08-01 10:42:24 AM,881.75,0,0.0,102275032.5
2025-08-01 10:42:25 AM,881.75,25,22043.75,102297076.25
2025-08-01 10:42:46 AM,881.0,0,0.0,102297076.25
2025-08-01 10:42:46 AM,881.0,25,22025.0,102319101.25
2025-08-01 10:42:49 AM,881.3,0,0.0,102319101.25
2025-08-01 10:42:49 AM,881.3,13,11456.9,102330558.15
2025-08-01 10:42:52 AM,880.5,0,0.0,102330558.15
2025-08-01 10:42:52 AM,880.5,217,191068.5,102521626.65
2025-08-01 10:42:55 AM,880.2,0,0.0,102521626.65
2025-08-01 10:42:58 AM,880.2,1,880.2,102522506.85000001
2025-08-01 10:43:25 AM,880.0,734,645920.0,103168426.85000001
2025-08-01 10:43:27 AM,880.15,64,56329.6,103224756.45
2025-08-01 10:43:46 AM,880.65,1,880.65,103225637.10000001
2025-08-01 10:43:51 AM,880.85,8,7046.8,103232683.9
2025-08-01 10:43:53 AM,881.05,0,0.0,103232683.9
2025-08-01 10:43:53 AM,881.05,256,225548.8,103458232.7
2025-08-01 10:44:20 AM,880.85,4,3523.4,103461756.10000001
2025-08-01 10:44:23 AM,880.85,1,880.85,103462636.95
2025-08-01 10:44:29 AM,880.85,4,3523.4,103466160.35000001
2025-08-01 10:44:36 AM,880.85,3,2642.55,103468802.9
2025-08-01 10:44:39 AM,880.85,2,1761.7,103470564.60000001
2025-08-01 10:45:07 AM,881.05,20,17621.0,103488185.60000001
2025-08-01 10:45:18 AM,881.05,1,881.05,103489066.65
2025-08-01 10:45:20 AM,881.05,5,4405.25,103493471.9
2025-08-01 10:45:28 AM,881.05,1,881.05,103494352.95
2025-08-01 10:45:39 AM,881.05,3,2643.1499999999996,103496996.10000001
2025-08-01 10:45:47 AM,881.1,9,7929.900000000001,103504926.00000001
2025-08-01 10:45:52 AM,881.0,0,0.0,103504926.00000001
2025-08-01 10:45:52 AM,881.55,160,141048.0,103645974.00000001
2025-08-01 10:46:01 AM,881.55,6,5289.299999999999,103651263.30000001
2025-08-01 10:46:12 AM,880.7,0,0.0,103651263.30000001
2025-08-01 10:46:13 AM,880.7,73,64291.100000000006,103715554.4
2025-08-01 10:46:18 AM,880.65,0,0.0,103715554.4
2025-08-01 10:46:18 AM,880.65,4,3522.6,103719077.0
2025-08-01 10:46:20 AM,880.0,99,87120.0,103806197.0
2025-08-01 10:46:24 AM,880.0,50,44000.0,103850197.0
2025-08-01 10:46:26 AM,880.6,0,0.0,103850197.0
2025-08-01 10:46:26 AM,880.6,15,13209.0,103863406.0
2025-08-01 10:46:33 AM,880.55,0,0.0,103863406.0
2025-08-01 10:46:35 AM,880.55,1,880.55,103864286.55
2025-08-01 10:46:52 AM,880.55,10,8805.5,103873092.05
2025-08-01 10:47:08 AM,880.55,21,18491.55,103891583.6
2025-08-01 10:47:19 AM,880.55,1,880.55,103892464.14999999
2025-08-01 10:47:53 AM,880.55,138,121515.9,104013980.05
2025-08-01 10:47:54 AM,881.3,0,0.0,104013980.05
2025-08-01 10:47:56 AM,881.4,0,0.0,104013980.05
2025-08-01 10:47:56 AM,881.4,22,19390.8,104033370.85
2025-08-01 10:48:05 AM,880.55,0,0.0,104033370.85
2025-08-01 10:48:07 AM,880.55,25,22013.75,104055384.6
2025-08-01 10:48:14 AM,880.25,0,0.0,104055384.6
2025-08-01 10:48:15 AM,880.8,0,0.0,104055384.6
2025-08-01 10:48:15 AM,880.8,1087,957429.6,105012814.19999999
2025-08-01 10:48:29 AM,882.45,0,0.0,105012814.19999999
2025-08-01 10:48:29 AM,882.45,976,861271.2000000001,105874085.39999999
2025-08-01 10:48:36 AM,880.15,171,150505.65,106024591.05
2025-08-01 10:48:37 AM,880.35,0,0.0,106024591.05
2025-08-01 10:48:40 AM,880.35,10,8803.5,106033394.55
2025-08-01 10:48:44 AM,880.6,0,0.0,106033394.55
2025-08-01 10:48:45 AM,880.6,2,1761.2,106035155.75
2025-08-01 10:48:58 AM,880.6,5,4403.0,106039558.75
2025-08-01 10:49:02 AM,880.6,1,880.6,106040439.35
2025-08-01 10:49:13 AM,880.6,3,2641.8,106043081.14999999
2025-08-01 10:49:18 AM,880.2,0,0.0,106043081.14999999
2025-08-01 10:49:18 AM,880.2,1,880.2,106043961.35
2025-08-01 10:49:20 AM,880.6,26,22895.600000000002,106066856.94999999
2025-08-01 10:49:34 AM,880.6,2,1761.2,106068618.14999999
2025-08-01 10:49:50 AM,880.6,2,1761.2,106070379.35
2025-08-01 10:49:53 AM,880.0,0,0.0,106070379.35
2025-08-01 10:49:55 AM,880.0,225,198000.0,106268379.35
2025-08-01 10:49:58 AM,879.9,0,0.0,106268379.35
2025-08-01 10:50:01 AM,879.9,1,879.9,106269259.25
2025-08-01 10:50:04 AM,879.95,0,0.0,106269259.25
2025-08-01 10:50:07 AM,879.95,2,1759.9,106271019.15
2025-08-01 10:50:12 AM,879.95,25,21998.75,106293017.9
2025-08-01 10:50:13 AM,879.95,14,12319.300000000001,106305337.2
2025-08-01 10:50:15 AM,880.0,0,0.0,106305337.2
2025-08-01 10:50:18 AM,880.0,15,13200.0,106318537.2
2025-08-01 10:50:19 AM,879.9,0,0.0,106318537.2
2025-08-01 10:50:19 AM,879.9,30,26397.0,106344934.2
2025-08-01 10:50:23 AM,879.6,1,879.6,106345813.8
2025-08-01 10:50:27 AM,879.9,0,0.0,106345813.8
2025-08-01 10:50:29 AM,879.9,100,87990.0,106433803.8
2025-08-01 10:50:34 AM,879.9,6,5279.4,106439083.2
2025-08-01 10:50:51 AM,879.35,0,0.0,106439083.2
2025-08-01 10:50:52 AM,879.35,105,92331.75,106531414.95
2025-08-01 10:50:59 AM,879.6,0,0.0,106531414.95
2025-08-01 10:51:03 AM,879.6,2,1759.2,106533174.15
2025-08-01 10:51:17 AM,879.7,0,0.0,106533174.15
2025-08-01 10:51:20 AM,879.7,51,44864.700000000004,106578038.85000001
2025-08-01 10:51:33 AM,879.85,0,0.0,106578038.85000001
2025-08-01 10:51:35 AM,879.15,0,0.0,106578038.85000001
2025-08-01 10:51:36 AM,879.15,31,27253.649999999998,106605292.50000001
2025-08-01 10:51:47 AM,879.9,3,2639.7,106607932.20000002
2025-08-01 10:51:52 AM,880.0,300,264000.0,106871932.20000002
2025-08-01 10:51:58 AM,880.0,401,352880.0,107224812.20000002
2025-08-01 10:52:05 AM,879.25,0,0.0,107224812.20000002
2025-08-01 10:52:08 AM,879.25,57,50117.25,107274929.45000002
2025-08-01 10:52:25 AM,879.7,10,8797.0,107283726.45000002
2025-08-01 10:52:39 AM,880.0,0,0.0,107283726.45000002
2025-08-01 10:52:40 AM,880.0,300,264000.0,107547726.45000002
2025-08-01 10:52:43 AM,879.75,0,0.0,107547726.45000002
2025-08-01 10:52:46 AM,879.75,1,879.75,107548606.20000002
2025-08-01 10:53:01 AM,879.95,0,0.0,107548606.20000002
2025-08-01 10:53:02 AM,879.95,10,8799.5,107557405.70000002
2025-08-01 10:53:11 AM,879.75,0,0.0,107557405.70000002
2025-08-01 10:53:12 AM,879.75,56,49266.0,107606671.70000002
2025-08-01 10:53:15 AM,879.7,0,0.0,107606671.70000002
2025-08-01 10:53:17 AM,879.75,0,0.0,107606671.70000002
2025-08-01 10:53:17 AM,879.75,205,180348.75,107787020.45000002
2025-08-01 10:53:25 AM,879.7,0,0.0,107787020.45000002
2025-08-01 10:53:29 AM,879.75,440,387090.0,108174110.45000002
2025-08-01 10:53:34 AM,879.75,6,5278.5,108179388.95000002
2025-08-01 10:53:37 AM,879.45,0,0.0,108179388.95000002
2025-08-01 10:53:39 AM,879.45,100,87945.0,108267333.95000002
2025-08-01 10:53:55 AM,879.45,13,11432.85,108278766.80000001
2025-08-01 10:54:19 AM,879.55,0,0.0,108278766.80000001
2025-08-01 10:54:21 AM,879.65,0,0.0,108278766.80000001
2025-08-01 10:54:22 AM,879.65,22,19352.3,108298119.10000001
2025-08-01 10:54:23 AM,879.45,0,0.0,108298119.10000001
2025-08-01 10:54:23 AM,879.45,2,1758.9,108299878.00000001
2025-08-01 10:54:28 AM,879.9,7,6159.3,108306037.30000001
2025-08-01 10:54:33 AM,879.85,50,43992.5,108350029.80000001
2025-08-01 10:54:38 AM,879.7,50,43985.0,108394014.80000001
2025-08-01 10:54:43 AM,879.45,0,0.0,108394014.80000001
2025-08-01 10:54:43 AM,879.45,106,93221.70000000001,108487236.50000001
2025-08-01 10:54:44 AM,879.65,2,1759.3,108488995.80000001
2025-08-01 10:54:45 AM,879.7,0,0.0,108488995.80000001
2025-08-01 10:54:48 AM,879.7,2,1759.4,108490755.20000002
2025-08-01 10:54:54 AM,879.7,10,8797.0,108499552.20000002
2025-08-01 10:54:59 AM,879.2,0,0.0,108499552.20000002
2025-08-01 10:54:59 AM,879.2,62,54510.4,108554062.60000002
2025-08-01 10:55:07 AM,879.7,0,0.0,108554062.60000002
2025-08-01 10:55:09 AM,879.6,0,0.0,108554062.60000002
2025-08-01 10:55:09 AM,879.6,104,91478.40000000001,108645541.00000003
2025-08-01 10:55:21 AM,879.7,1,879.7,108646420.70000003
2025-08-01 10:55:29 AM,879.25,0,0.0,108646420.70000003
2025-08-01 10:55:31 AM,879.25,1,879.25,108647299.95000003
2025-08-01 10:55:39 AM,879.1,0,0.0,108647299.95000003
2025-08-01 10:55:43 AM,879.1,47,41317.700000000004,108688617.65000004
2025-08-01 10:56:01 AM,879.0,0,0.0,108688617.65000004
2025-08-01 10:56:03 AM,879.0,45,39555.0,108728172.65000004
2025-08-01 10:56:04 AM,879.0,10,8790.0,108736962.65000004
2025-08-01 10:56:07 AM,879.2,0,0.0,108736962.65000004
2025-08-01 10:56:08 AM,879.2,65,57148.0,108794110.65000004
2025-08-01 10:56:13 AM,878.55,0,0.0,108794110.65000004
2025-08-01 10:56:13 AM,878.25,339,297726.75,109091837.40000004
2025-08-01 10:56:19 AM,878.45,0,0.0,109091837.40000004
2025-08-01 10:56:19 AM,878.45,47,41287.15,109133124.55000004
2025-08-01 10:56:20 AM,878.45,1,878.45,109134003.00000004
2025-08-01 10:56:25 AM,878.0,0,0.0,109134003.00000004
2025-08-01 10:56:26 AM,878.35,188,165129.80000000002,109299132.80000004
2025-08-01 10:56:27 AM,878.15,0,0.0,109299132.80000004
2025-08-01 10:56:29 AM,878.75,0,0.0,109299132.80000004
2025-08-01 10:56:29 AM,878.75,26,22847.5,109321980.30000004
2025-08-01 10:56:33 AM,878.1,0,0.0,109321980.30000004
2025-08-01 10:56:35 AM,878.1,1,878.1,109322858.40000004
2025-08-01 10:57:01 AM,877.95,0,0.0,109322858.40000004
2025-08-01 10:57:01 AM,877.95,295,258995.25,109581853.65000004
2025-08-01 10:57:05 AM,877.5,0,0.0,109581853.65000004
2025-08-01 10:57:06 AM,877.5,2,1755.0,109583608.65000004
2025-08-01 10:57:09 AM,877.0,0,0.0,109583608.65000004
2025-08-01 10:57:11 AM,877.3,0,0.0,109583608.65000004
2025-08-01 10:57:11 AM,877.4,0,0.0,109583608.65000004
2025-08-01 10:57:11 AM,877.4,87,76333.8,109659942.45000003
2025-08-01 10:57:12 AM,877.4,1,877.4,109660819.85000004
2025-08-01 10:57:15 AM,877.0,0,0.0,109660819.85000004
2025-08-01 10:57:17 AM,877.0,133,116641.0,109777460.85000004
2025-08-01 10:57:25 AM,877.25,0,0.0,109777460.85000004
2025-08-01 10:57:27 AM,877.6,232,203603.2,109981064.05000004
2025-08-01 10:57:37 AM,877.7,0,0.0,109981064.05000004
2025-08-01 10:57:38 AM,877.7,2,1755.4,109982819.45000005
2025-08-01 10:57:44 AM,877.4,17,14915.8,109997735.25000004
2025-08-01 10:57:53 AM,878.9,0,0.0,109997735.25000004
2025-08-01 10:57:54 AM,878.9,1267,1113566.3,111111301.55000004
2025-08-01 10:57:59 AM,879.1,0,0.0,111111301.55000004
2025-08-01 10:57:59 AM,879.1,25,21977.5,111133279.05000004
2025-08-01 10:58:43 AM,879.1,27,23735.7,111157014.75000004
2025-08-01 10:58:54 AM,879.55,49,43097.95,111200112.70000005
2025-08-01 10:59:03 AM,879.6,0,0.0,111200112.70000005
2025-08-01 10:59:04 AM,879.6,12,10555.2,111210667.90000005
2025-08-01 10:59:19 AM,878.95,0,0.0,111210667.90000005
2025-08-01 10:59:19 AM,879.4,1964,1727141.5999999999,112937809.50000004
2025-08-01 10:59:20 AM,880.6,1434,1262780.4000000001,114200589.90000005
2025-08-01 10:59:31 AM,880.9,0,0.0,114200589.90000005
2025-08-01 10:59:34 AM,881.45,6,5288.700000000001,114205878.60000005
2025-08-01 10:59:49 AM,880.7,0,0.0,114205878.60000005
2025-08-01 10:59:49 AM,881.7,0,0.0,114205878.60000005
2025-08-01 10:59:51 AM,881.7,276,243349.2,114449227.80000006
2025-08-01 11:00:02 AM,881.75,1,881.75,114450109.55000006
2025-08-01 11:00:19 AM,881.75,2,1763.5,114451873.05000006
2025-08-01 11:00:31 AM,881.75,10,8817.5,114460690.55000006
2025-08-01 11:00:34 AM,882.8,0,0.0,114460690.55000006
2025-08-01 11:00:36 AM,882.8,212,187153.59999999998,114647844.15000005
2025-08-01 11:00:41 AM,882.65,5,4413.25,114652257.40000005
2025-08-01 11:00:41 AM,882.6,1,882.6,114653140.00000004
2025-08-01 11:00:50 AM,882.0,0,0.0,114653140.00000004
2025-08-01 11:00:51 AM,882.0,70,61740.0,114714880.00000004
2025-08-01 11:00:54 AM,882.2,0,0.0,114714880.00000004
2025-08-01 11:00:57 AM,882.2,1,882.2,114715762.20000005
2025-08-01 11:01:02 AM,881.6,0,0.0,114715762.20000005
2025-08-01 11:01:02 AM,881.6,16,14105.6,114729867.80000004
2025-08-01 11:01:13 AM,881.95,5,4409.75,114734277.55000004
2025-08-01 11:01:26 AM,882.45,0,0.0,114734277.55000004
2025-08-01 11:01:29 AM,882.45,112,98834.40000000001,114833111.95000005
2025-08-01 11:01:32 AM,881.6,0,0.0,114833111.95000005
2025-08-01 11:01:34 AM,881.6,6,5289.6,114838401.55000004
2025-08-01 11:01:40 AM,882.35,5,4411.75,114842813.30000004
2025-08-01 11:01:44 AM,882.45,0,0.0,114842813.30000004
2025-08-01 11:01:44 AM,882.45,2,1764.9,114844578.20000005
2025-08-01 11:02:05 AM,882.45,15,13236.75,114857814.95000005
2025-08-01 11:02:14 AM,883.0,0,0.0,114857814.95000005
2025-08-01 11:02:15 AM,881.95,1004,885477.8,115743292.75000004
2025-08-01 11:02:24 AM,882.45,0,0.0,115743292.75000004
2025-08-01 11:02:27 AM,882.45,5,4412.25,115747705.00000004
2025-08-01 11:02:33 AM,882.45,2,1764.9,115749469.90000005
2025-08-01 11:02:34 AM,881.95,3,2645.8500000000004,115752115.75000004
2025-08-01 11:03:02 AM,882.45,0,0.0,115752115.75000004
2025-08-01 11:03:04 AM,882.45,12,10589.400000000001,115762705.15000005
2025-08-01 11:03:09 AM,882.45,9,7942.05,115770647.20000005
2025-08-01 11:03:22 AM,882.85,0,0.0,115770647.20000005
2025-08-01 11:03:25 AM,882.85,27,23836.95,115794484.15000005
2025-08-01 11:03:26 AM,882.9,0,0.0,115794484.15000005
2025-08-01 11:03:26 AM,882.9,14,12360.6,115806844.75000004
2025-08-01 11:03:32 AM,883.0,2,1766.0,115808610.75000004
2025-08-01 11:03:42 AM,883.25,0,0.0,115808610.75000004
2025-08-01 11:03:43 AM,883.25,1,883.25,115809494.00000004
2025-08-01 11:03:48 AM,883.35,10,8833.5,115818327.50000004
2025-08-01 11:03:54 AM,883.35,1,883.35,115819210.85000004
2025-08-01 11:03:56 AM,883.35,2,1766.7,115820977.55000004
2025-08-01 11:04:12 AM,883.35,1,883.35,115821860.90000004
2025-08-01 11:04:14 AM,883.0,0,0.0,115821860.90000004
2025-08-01 11:04:14 AM,883.0,1,883.0,115822743.90000004
2025-08-01 11:04:27 AM,883.35,25,22083.75,115844827.65000004
2025-08-01 11:04:32 AM,883.35,10,8833.5,115853661.15000004
2025-08-01 11:04:48 AM,883.35,5,4416.75,115858077.90000004
2025-08-01 11:04:59 AM,883.35,52,45934.200000000004,115904012.10000004
2025-08-01 11:05:18 AM,883.55,0,0.0,115904012.10000004
2025-08-01 11:05:20 AM,883.35,0,0.0,115904012.10000004
2025-08-01 11:05:20 AM,883.35,305,269421.75,116173433.85000004
2025-08-01 11:05:22 AM,883.35,5,4416.75,116177850.60000004
2025-08-01 11:05:35 AM,883.15,0,0.0,116177850.60000004
2025-08-01 11:05:36 AM,883.05,0,0.0,116177850.60000004
2025-08-01 11:05:36 AM,883.05,5,4415.25,116182265.85000004
2025-08-01 11:05:53 AM,883.35,5,4416.75,116186682.60000004
2025-08-01 11:06:19 AM,882.4,48,42355.2,116229037.80000004
2025-08-01 11:06:36 AM,882.1,0,0.0,116229037.80000004
2025-08-01 11:06:38 AM,882.1,37,32637.7,116261675.50000004
2025-08-01 11:06:40 AM,882.45,0,0.0,116261675.50000004
2025-08-01 11:06:40 AM,882.45,3,2647.3500000000004,116264322.85000004
2025-08-01 11:06:47 AM,882.0,12,10584.0,116274906.85000004
2025-08-01 11:06:54 AM,881.95,0,0.0,116274906.85000004
2025-08-01 11:06:56 AM,881.95,10,8819.5,116283726.35000004
2025-08-01 11:07:01 AM,881.8,1,881.8,116284608.15000004
2025-08-01 11:07:02 AM,881.2,0,0.0,116284608.15000004
2025-08-01 11:07:03 AM,881.2,27,23792.4,116308400.55000004
2025-08-01 11:07:16 AM,881.65,0,0.0,116308400.55000004
2025-08-01 11:07:17 AM,881.65,10,8816.5,116317217.05000004
2025-08-01 11:07:26 AM,882.0,0,0.0,116317217.05000004
2025-08-01 11:07:28 AM,882.0,584,515088.0,116832305.05000004
2025-08-01 11:07:34 AM,882.7,841,742350.7000000001,117574655.75000004
2025-08-01 11:07:38 AM,882.35,0,0.0,117574655.75000004
2025-08-01 11:07:39 AM,882.35,10,8823.5,117583479.25000004
2025-08-01 11:07:45 AM,882.35,40,35294.0,117618773.25000004
2025-08-01 11:08:08 AM,881.8,1,881.8,117619655.05000004
2025-08-01 11:08:16 AM,881.85,0,0.0,117619655.05000004
2025-08-01 11:08:16 AM,881.85,2,1763.7,117621418.75000004
2025-08-01 11:08:18 AM,881.25,0,0.0,117621418.75000004
2025-08-01 11:08:18 AM,881.25,7,6168.75,117627587.50000004
2025-08-01 11:08:29 AM,881.7,2,1763.4,117629350.90000005
2025-08-01 11:08:50 AM,881.85,0,0.0,117629350.90000005
2025-08-01 11:08:50 AM,881.85,1,881.85,117630232.75000004
2025-08-01 11:08:57 AM,882.05,0,0.0,117630232.75000004
2025-08-01 11:08:58 AM,882.05,2,1764.1,117631996.85000004
2025-08-01 11:09:04 AM,881.5,88,77572.0,117709568.85000004
2025-08-01 11:09:10 AM,881.55,1,881.55,117710450.40000004
2025-08-01 11:09:19 AM,881.55,1,881.55,117711331.95000003
2025-08-01 11:09:24 AM,881.55,2,1763.1,117713095.05000003
2025-08-01 11:09:30 AM,881.55,1,881.55,117713976.60000002
2025-08-01 11:09:38 AM,881.55,1,881.55,117714858.15000002
2025-08-01 11:09:45 AM,881.55,1,881.55,117715739.70000002
2025-08-01 11:09:50 AM,881.6,1,881.6,117716621.30000001
2025-08-01 11:09:54 AM,881.6,1,881.6,117717502.9
2025-08-01 11:10:05 AM,881.6,1,881.6,117718384.5
2025-08-01 11:10:06 AM,881.6,3,2644.8,117721029.3
2025-08-01 11:10:11 AM,882.0,0,0.0,117721029.3
2025-08-01 11:10:11 AM,882.0,50,44100.0,117765129.3
2025-08-01 11:10:13 AM,881.25,0,0.0,117765129.3
2025-08-01 11:10:15 AM,881.25,1,881.25,117766010.55
2025-08-01 11:10:17 AM,881.65,1,881.65,117766892.2
2025-08-01 11:10:20 AM,880.25,701,617055.25,118383947.45
2025-08-01 11:10:26 AM,880.15,8,7041.2,118390988.65
2025-08-01 11:10:29 AM,879.0,0,0.0,118390988.65
2025-08-01 11:10:31 AM,878.5,0,0.0,118390988.65
2025-08-01 11:10:31 AM,878.5,679,596501.5,118987490.15
2025-08-01 11:10:33 AM,878.75,0,0.0,118987490.15
2025-08-01 11:10:35 AM,878.0,0,0.0,118987490.15
2025-08-01 11:10:37 AM,878.0,44,38632.0,119026122.15
2025-08-01 11:10:38 AM,877.7,20,17554.0,119043676.15
2025-08-01 11:10:39 AM,877.85,0,0.0,119043676.15
2025-08-01 11:10:42 AM,878.0,69,60582.0,119104258.15
2025-08-01 11:10:43 AM,878.0,2,1756.0,119106014.15
2025-08-01 11:10:48 AM,878.0,1,878.0,119106892.15
2025-08-01 11:10:57 AM,877.85,0,0.0,119106892.15
2025-08-01 11:10:59 AM,878.0,0,0.0,119106892.15
2025-08-01 11:10:59 AM,878.0,66,57948.0,119164840.15
2025-08-01 11:11:05 AM,877.65,384,337017.6,119501857.75
2025-08-01 11:11:10 AM,877.5,4,3510.0,119505367.75
2025-08-01 11:11:16 AM,877.5,1,877.5,119506245.25
2025-08-01 11:11:17 AM,877.1,1,877.1,119507122.35
2025-08-01 11:11:23 AM,877.45,0,0.0,119507122.35
2025-08-01 11:11:26 AM,877.45,1,877.45,119507999.8
2025-08-01 11:11:31 AM,878.0,0,0.0,119507999.8
2025-08-01 11:11:32 AM,878.0,500,439000.0,119946999.8
2025-08-01 11:11:37 AM,877.95,0,0.0,119946999.8
2025-08-01 11:11:37 AM,877.95,1,877.95,119947877.75
2025-08-01 11:11:39 AM,878.0,0,0.0,119947877.75
2025-08-01 11:11:43 AM,877.85,0,0.0,119947877.75
2025-08-01 11:11:43 AM,877.85,301,264232.85000000003,120212110.6
2025-08-01 11:11:49 AM,877.8,0,0.0,120212110.6
2025-08-01 11:11:53 AM,877.8,1,877.8,120212988.39999999
2025-08-01 11:11:55 AM,877.0,0,0.0,120212988.39999999
2025-08-01 11:11:58 AM,877.0,60,52620.0,120265608.39999999
2025-08-01 11:12:03 AM,877.5,0,0.0,120265608.39999999
2025-08-01 11:12:04 AM,877.5,1,877.5,120266485.89999999
2025-08-01 11:12:10 AM,877.6,1,877.6,120267363.49999999
2025-08-01 11:12:20 AM,877.6,1,877.6,120268241.09999998
2025-08-01 11:12:29 AM,877.65,0,0.0,120268241.09999998
2025-08-01 11:12:31 AM,877.65,7,6143.55,120274384.64999998
2025-08-01 11:12:33 AM,880.35,0,0.0,120274384.64999998
2025-08-01 11:12:36 AM,880.35,1869,1645374.1500000001,121919758.79999998
2025-08-01 11:12:37 AM,880.7,0,0.0,121919758.79999998
2025-08-01 11:12:39 AM,879.95,0,0.0,121919758.79999998
2025-08-01 11:12:39 AM,879.6,0,0.0,121919758.79999998
2025-08-01 11:12:41 AM,879.55,0,0.0,121919758.79999998
2025-08-01 11:12:41 AM,879.55,93,81798.15,122001556.94999999
2025-08-01 11:12:42 AM,879.65,1,879.65,122002436.6
2025-08-01 11:12:43 AM,879.2,0,0.0,122002436.6
2025-08-01 11:12:46 AM,879.65,118,103798.7,122106235.3
2025-08-01 11:12:56 AM,879.65,1,879.65,122107114.95
2025-08-01 11:13:07 AM,878.9,0,0.0,122107114.95
2025-08-01 11:13:07 AM,878.9,117,102831.3,122209946.25
2025-08-01 11:13:09 AM,879.25,0,0.0,122209946.25
2025-08-01 11:13:13 AM,879.25,1,879.25,122210825.5
2025-08-01 11:13:17 AM,878.8,0,0.0,122210825.5
2025-08-01 11:13:19 AM,878.8,1,878.8,122211704.3
2025-08-01 11:13:23 AM,879.05,0,0.0,122211704.3
2025-08-01 11:13:24 AM,879.1,2,1758.2,122213462.5
2025-08-01 11:13:25 AM,879.1,12,10549.2,122224011.7
2025-08-01 11:13:29 AM,878.5,0,0.0,122224011.7
2025-08-01 11:13:29 AM,878.5,174,152859.0,122376870.7
2025-08-01 11:13:33 AM,878.75,0,0.0,122376870.7
2025-08-01 11:13:35 AM,878.75,1,878.75,122377749.45
2025-08-01 11:13:36 AM,878.75,1,878.75,122378628.2
2025-08-01 11:13:40 AM,878.75,3,2636.25,122381264.45
2025-08-01 11:13:51 AM,878.75,1,878.75,122382143.2
2025-08-01 11:13:58 AM,878.7,0,0.0,122382143.2
2025-08-01 11:13:58 AM,878.7,5,4393.5,122386536.7
2025-08-01 11:14:02 AM,878.15,2,1756.3,122388293.0
2025-08-01 11:14:02 AM,878.65,0,0.0,122388293.0
2025-08-01 11:14:03 AM,878.65,1,878.65,122389171.65
2025-08-01 11:14:09 AM,878.15,2,1756.3,122390927.95
2025-08-01 11:14:10 AM,878.65,0,0.0,122390927.95
2025-08-01 11:14:13 AM,878.65,14,12301.1,122403229.05
2025-08-01 11:14:16 AM,878.7,0,0.0,122403229.05
2025-08-01 11:14:18 AM,878.7,2,1757.4,122404986.45
2025-08-01 11:14:23 AM,878.35,597,524374.9500000001,122929361.4
2025-08-01 11:14:28 AM,877.75,0,0.0,122929361.4
2025-08-01 11:14:29 AM,877.7,2,1755.4,122931116.80000001
2025-08-01 11:14:32 AM,877.9,0,0.0,122931116.80000001
2025-08-01 11:14:34 AM,877.9,105,92179.5,123023296.30000001
2025-08-01 11:14:42 AM,878.75,0,0.0,123023296.30000001
2025-08-01 11:14:45 AM,878.75,1,878.75,123024175.05000001
2025-08-01 11:14:56 AM,878.8,2,1757.6,123025932.65
2025-08-01 11:15:04 AM,878.1,0,0.0,123025932.65
2025-08-01 11:15:07 AM,878.1,100,87810.0,123113742.65
2025-08-01 11:15:10 AM,878.5,0,0.0,123113742.65
2025-08-01 11:15:12 AM,878.5,1,878.5,123114621.15
2025-08-01 11:15:18 AM,878.7,0,0.0,123114621.15
2025-08-01 11:15:18 AM,878.7,20,17574.0,123132195.15
2025-08-01 11:15:23 AM,878.65,2,1757.3,123133952.45
2025-08-01 11:15:28 AM,878.65,65,57112.25,123191064.7
2025-08-01 11:15:36 AM,878.7,0,0.0,123191064.7
2025-08-01 11:15:38 AM,878.65,0,0.0,123191064.7
2025-08-01 11:15:38 AM,878.65,51,44811.15,123235875.85000001
2025-08-01 11:15:44 AM,878.65,10,8786.5,123244662.35000001
2025-08-01 11:15:49 AM,878.65,1,878.65,123245541.00000001
2025-08-01 11:15:54 AM,878.45,9,7906.05,123253447.05000001
2025-08-01 11:16:02 AM,878.85,0,0.0,123253447.05000001
2025-08-01 11:16:04 AM,878.85,1,878.85,123254325.9
2025-08-01 11:16:09 AM,878.85,2,1757.7,123256083.60000001
2025-08-01 11:16:15 AM,878.9,1,878.9,123256962.50000001
2025-08-01 11:16:28 AM,879.65,0,0.0,123256962.50000001
2025-08-01 11:16:31 AM,879.65,3,2638.95,123259601.45000002
2025-08-01 11:16:41 AM,879.65,1,879.65,123260481.10000002
2025-08-01 11:16:42 AM,879.6,0,0.0,123260481.10000002
2025-08-01 11:16:42 AM,879.6,1,879.6,123261360.70000002
2025-08-01 11:16:46 AM,879.65,0,0.0,123261360.70000002
2025-08-01 11:16:46 AM,879.65,1,879.65,123262240.35000002
2025-08-01 11:16:57 AM,879.65,3,2638.95,123264879.30000003
2025-08-01 11:17:08 AM,879.6,0,0.0,123264879.30000003
2025-08-01 11:17:08 AM,879.6,1,879.6,123265758.90000002
2025-08-01 11:17:13 AM,879.65,1,879.65,123266638.55000003
2025-08-01 11:17:22 AM,879.6,0,0.0,123266638.55000003
2025-08-01 11:17:24 AM,879.6,43,37822.8,123304461.35000002
2025-08-01 11:17:28 AM,879.65,0,0.0,123304461.35000002
2025-08-01 11:17:29 AM,879.65,41,36065.65,123340527.00000003
2025-08-01 11:17:34 AM,879.65,1,879.65,123341406.65000004
2025-08-01 11:17:36 AM,878.85,57,50094.450000000004,123391501.10000004
2025-08-01 11:17:38 AM,878.8,0,0.0,123391501.10000004
2025-08-01 11:17:40 AM,878.75,44,38665.0,123430166.10000004
2025-08-01 11:17:42 AM,878.7,23,20210.100000000002,123450376.20000003
2025-08-01 11:17:45 AM,878.7,24,21088.800000000003,123471465.00000003
2025-08-01 11:17:48 AM,879.2,0,0.0,123471465.00000003
2025-08-01 11:17:50 AM,879.2,1,879.2,123472344.20000003
2025-08-01 11:17:56 AM,879.25,1,879.25,123473223.45000003
2025-08-01 11:17:56 AM,879.3,0,0.0,123473223.45000003
2025-08-01 11:17:57 AM,879.3,1,879.3,123474102.75000003
2025-08-01 11:18:01 AM,879.0,0,0.0,123474102.75000003
2025-08-01 11:18:02 AM,879.0,1,879.0,123474981.75000003
2025-08-01 11:18:06 AM,878.5,0,0.0,123474981.75000003
2025-08-01 11:18:06 AM,878.5,27,23719.5,123498701.25000003
2025-08-01 11:18:08 AM,878.55,0,0.0,123498701.25000003
2025-08-01 11:18:08 AM,878.55,1,878.55,123499579.80000003
2025-08-01 11:18:17 AM,878.55,1,878.55,123500458.35000002
2025-08-01 11:18:28 AM,878.55,1,878.55,123501336.90000002
2025-08-01 11:18:40 AM,878.15,2,1756.3,123503093.20000002
2025-08-01 11:18:41 AM,878.6,1,878.6,123503971.80000001
2025-08-01 11:18:52 AM,878.85,17,14940.45,123518912.25000001
2025-08-01 11:18:54 AM,878.8,0,0.0,123518912.25000001
2025-08-01 11:18:56 AM,878.0,0,0.0,123518912.25000001
2025-08-01 11:18:58 AM,878.0,21,18438.0,123537350.25000001
2025-08-01 11:19:03 AM,878.4,1,878.4,123538228.65000002
2025-08-01 11:19:05 AM,878.5,0,0.0,123538228.65000002
2025-08-01 11:19:08 AM,878.6,0,0.0,123538228.65000002
2025-08-01 11:19:09 AM,878.6,2,1757.2,123539985.85000002
2025-08-01 11:19:19 AM,878.7,0,0.0,123539985.85000002
2025-08-01 11:19:20 AM,878.7,3,2636.1000000000004,123542621.95000002
2025-08-01 11:19:21 AM,878.7,1,878.7,123543500.65000002
2025-08-01 11:19:25 AM,878.7,20,17574.0,123561074.65000002
2025-08-01 11:19:31 AM,878.7,1,878.7,123561953.35000002
2025-08-01 11:19:34 AM,878.75,0,0.0,123561953.35000002
2025-08-01 11:19:36 AM,878.75,1,878.75,123562832.10000002
2025-08-01 11:19:37 AM,878.75,1,878.75,123563710.85000002
2025-08-01 11:19:47 AM,878.75,18,15817.5,123579528.35000002
2025-08-01 11:19:47 AM,878.8,0,0.0,123579528.35000002
2025-08-01 11:19:47 AM,878.8,1,878.8,123580407.15000002
2025-08-01 11:20:03 AM,878.8,2,1757.6,123582164.75000001
2025-08-01 11:20:08 AM,878.8,2,1757.6,123583922.35000001
2025-08-01 11:20:14 AM,878.65,1,878.65,123584801.00000001
2025-08-01 11:20:24 AM,878.65,5,4393.25,123589194.25000001
2025-08-01 11:20:26 AM,878.75,0,0.0,123589194.25000001
2025-08-01 11:20:30 AM,878.75,4,3515.0,123592709.25000001
2025-08-01 11:20:40 AM,878.6,1,878.6,123593587.85000001
2025-08-01 11:20:40 AM,878.6,1,878.6,123594466.45
2025-08-01 11:20:45 AM,878.6,58,50958.8,123645425.25
2025-08-01 11:20:55 AM,878.6,2,1757.2,123647182.45
2025-08-01 11:21:00 AM,878.6,2,1757.2,123648939.65
2025-08-01 11:21:11 AM,878.6,1,878.6,123649818.25
2025-08-01 11:21:16 AM,878.6,5,4393.0,123654211.25
2025-08-01 11:21:22 AM,878.6,2,1757.2,123655968.45
2025-08-01 11:21:35 AM,878.15,0,0.0,123655968.45
2025-08-01 11:21:36 AM,878.6,0,0.0,123655968.45
2025-08-01 11:21:38 AM,878.6,25,21965.0,123677933.45
2025-08-01 11:21:43 AM,878.0,0,0.0,123677933.45
2025-08-01 11:21:43 AM,878.0,81,71118.0,123749051.45
2025-08-01 11:21:48 AM,878.0,1,878.0,123749929.45
2025-08-01 11:21:48 AM,878.0,296,259888.0,124009817.45
2025-08-01 11:21:49 AM,878.6,0,0.0,124009817.45
2025-08-01 11:21:52 AM,878.6,1,878.6,124010696.05
2025-08-01 11:21:53 AM,878.0,163,143114.0,124153810.05
2025-08-01 11:22:00 AM,878.55,0,0.0,124153810.05
2025-08-01 11:22:01 AM,878.0,0,0.0,124153810.05
2025-08-01 11:22:02 AM,878.55,53,46563.149999999994,124200373.2
2025-08-01 11:22:04 AM,878.0,0,0.0,124200373.2
2025-08-01 11:22:06 AM,879.0,0,0.0,124200373.2
2025-08-01 11:22:08 AM,879.0,485,426315.0,124626688.2
2025-08-01 11:22:09 AM,880.0,70,61600.0,124688288.2
2025-08-01 11:22:14 AM,880.9,1,880.9,124689169.10000001
2025-08-01 11:22:14 AM,880.85,1,880.85,124690049.95
2025-08-01 11:22:17 AM,880.8,0,0.0,124690049.95
2025-08-01 11:22:19 AM,880.8,2,1761.6,124691811.55
2025-08-01 11:22:30 AM,880.8,1,880.8,124692692.35
2025-08-01 11:22:35 AM,880.8,3,2642.3999999999996,124695334.75
2025-08-01 11:22:40 AM,881.6,0,0.0,124695334.75
2025-08-01 11:22:40 AM,881.6,1,881.6,124696216.35
2025-08-01 11:22:46 AM,881.6,4,3526.4,124699742.75
2025-08-01 11:22:53 AM,881.55,0,0.0,124699742.75
2025-08-01 11:22:56 AM,881.55,1,881.55,124700624.3
2025-08-01 11:23:05 AM,881.6,0,0.0,124700624.3
2025-08-01 11:23:06 AM,881.6,6,5289.6,124705913.89999999
2025-08-01 11:23:12 AM,881.6,1,881.6,124706795.49999999
2025-08-01 11:23:23 AM,881.65,21,18514.649999999998,124725310.14999999
2025-08-01 11:23:25 AM,881.6,0,0.0,124725310.14999999
2025-08-01 11:23:28 AM,881.6,10,8816.0,124734126.14999999
2025-08-01 11:23:30 AM,882.0,0,0.0,124734126.14999999
2025-08-01 11:23:33 AM,881.8,0,0.0,124734126.14999999
2025-08-01 11:23:33 AM,881.8,501,441781.8,125175907.94999999
2025-08-01 11:23:43 AM,881.8,1,881.8,125176789.74999999
2025-08-01 11:23:48 AM,881.8,1,881.8,125177671.54999998
2025-08-01 11:23:53 AM,881.75,1,881.75,125178553.29999998
2025-08-01 11:23:57 AM,881.8,0,0.0,125178553.29999998
2025-08-01 11:23:58 AM,881.8,21,18517.8,125197071.09999998
2025-08-01 11:24:03 AM,881.8,1,881.8,125197952.89999998
2025-08-01 11:24:05 AM,881.75,0,0.0,125197952.89999998
2025-08-01 11:24:08 AM,881.75,2,1763.5,125199716.39999998
2025-08-01 11:24:13 AM,881.75,1,881.75,125200598.14999998
2025-08-01 11:24:30 AM,881.75,1,881.75,125201479.89999998
2025-08-01 11:24:35 AM,881.75,12,10581.0,125212060.89999998
2025-08-01 11:24:40 AM,881.75,1,881.75,125212942.64999998
2025-08-01 11:24:40 AM,879.85,0,0.0,125212942.64999998
2025-08-01 11:24:40 AM,879.85,585,514712.25,125727654.89999998
2025-08-01 11:24:44 AM,879.65,0,0.0,125727654.89999998
2025-08-01 11:24:45 AM,879.65,14,12315.1,125739969.99999997
2025-08-01 11:24:56 AM,879.8,29,25514.199999999997,125765484.19999997
2025-08-01 11:25:01 AM,879.85,1,879.85,125766364.04999997
2025-08-01 11:25:02 AM,880.05,0,0.0,125766364.04999997
2025-08-01 11:25:06 AM,880.15,0,0.0,125766364.04999997
2025-08-01 11:25:07 AM,880.15,2,1760.3,125768124.34999996
2025-08-01 11:25:15 AM,879.65,0,0.0,125768124.34999996
2025-08-01 11:25:17 AM,879.65,3,2638.95,125770763.29999997
2025-08-01 11:25:19 AM,880.15,0,0.0,125770763.29999997
2025-08-01 11:25:22 AM,880.15,1,880.15,125771643.44999997
2025-08-01 11:25:29 AM,880.25,0,0.0,125771643.44999997
2025-08-01 11:25:32 AM,880.25,2,1760.5,125773403.94999997
2025-08-01 11:25:33 AM,880.2,1,880.2,125774284.14999998
2025-08-01 11:25:34 AM,880.25,0,0.0,125774284.14999998
2025-08-01 11:25:37 AM,880.25,1,880.25,125775164.39999998
2025-08-01 11:25:40 AM,879.65,0,0.0,125775164.39999998
2025-08-01 11:25:43 AM,879.65,10,8796.5,125783960.89999998
2025-08-01 11:25:46 AM,880.2,0,0.0,125783960.89999998
2025-08-01 11:25:48 AM,880.25,0,0.0,125783960.89999998
2025-08-01 11:25:48 AM,880.25,3,2640.75,125786601.64999998
2025-08-01 11:25:54 AM,880.65,0,0.0,125786601.64999998
2025-08-01 11:25:54 AM,880.65,220,193743.0,125980344.64999998
2025-08-01 11:25:57 AM,880.5,0,0.0,125980344.64999998
2025-08-01 11:25:58 AM,880.5,1,880.5,125981225.14999998
2025-08-01 11:25:59 AM,880.45,0,0.0,125981225.14999998
2025-08-01 11:26:03 AM,880.45,1,880.45,125982105.59999998
2025-08-01 11:26:11 AM,880.7,0,0.0,125982105.59999998
2025-08-01 11:26:13 AM,880.5,0,0.0,125982105.59999998
2025-08-01 11:26:14 AM,880.5,81,71320.5,126053426.09999998
2025-08-01 11:26:21 AM,880.45,0,0.0,126053426.09999998
2025-08-01 11:26:24 AM,880.5,101,88930.5,126142356.59999998
2025-08-01 11:26:25 AM,880.5,1,880.5,126143237.09999998
2025-08-01 11:26:26 AM,880.6,0,0.0,126143237.09999998
2025-08-01 11:26:28 AM,880.45,0,0.0,126143237.09999998
2025-08-01 11:26:29 AM,880.45,2,1760.9,126144997.99999999
2025-08-01 11:26:34 AM,880.55,0,0.0,126144997.99999999
2025-08-01 11:26:34 AM,880.55,220,193721.0,126338718.99999999
2025-08-01 11:26:35 AM,880.7,0,0.0,126338718.99999999
2025-08-01 11:26:35 AM,880.7,9,7926.3,126346645.29999998
2025-08-01 11:26:39 AM,880.7,1,880.7,126347525.99999999
2025-08-01 11:26:53 AM,880.45,0,0.0,126347525.99999999
2025-08-01 11:26:54 AM,880.45,4,3521.8,126351047.79999998
2025-08-01 11:27:04 AM,880.7,1,880.7,126351928.49999999
2025-08-01 11:27:06 AM,880.7,1,880.7,126352809.19999999
2025-08-01 11:27:09 AM,880.7,2,1761.4,126354570.6
2025-08-01 11:27:20 AM,880.7,2,1761.4,126356332.0
2025-08-01 11:27:32 AM,881.0,0,0.0,126356332.0
2025-08-01 11:27:33 AM,881.05,0,0.0,126356332.0
2025-08-01 11:27:35 AM,881.05,40,35242.0,126391574.0
2025-08-01 11:27:40 AM,881.1,20,17622.0,126409196.0
2025-08-01 11:27:45 AM,881.3,0,0.0,126409196.0
2025-08-01 11:27:46 AM,881.4,2,1762.8,126410958.8
2025-08-01 11:27:47 AM,881.3,0,0.0,126410958.8
2025-08-01 11:27:47 AM,881.3,1,881.3,126411840.1
2025-08-01 11:27:59 AM,881.4,0,0.0,126411840.1
2025-08-01 11:28:01 AM,881.4,1,881.4,126412721.5
2025-08-01 11:28:06 AM,881.4,11,9695.4,126422416.9
2025-08-01 11:28:13 AM,881.4,1,881.4,126423298.30000001
2025-08-01 11:28:16 AM,881.4,1,881.4,126424179.70000002
2025-08-01 11:28:27 AM,880.85,30,26425.5,126450605.20000002
2025-08-01 11:28:29 AM,880.85,2,1761.7,126452366.90000002
2025-08-01 11:28:39 AM,881.05,0,0.0,126452366.90000002
2025-08-01 11:28:39 AM,881.05,1,881.05,126453247.95000002
2025-08-01 11:28:42 AM,881.05,2,1762.1,126455010.05000001
2025-08-01 11:28:52 AM,881.1,0,0.0,126455010.05000001
2025-08-01 11:28:52 AM,881.1,1,881.1,126455891.15
2025-08-01 11:29:05 AM,881.15,0,0.0,126455891.15
2025-08-01 11:29:07 AM,881.15,1,881.15,126456772.30000001
2025-08-01 11:29:10 AM,881.05,0,0.0,126456772.30000001
2025-08-01 11:29:13 AM,881.05,1,881.05,126457653.35000001
2025-08-01 11:29:13 AM,881.4,0,0.0,126457653.35000001
2025-08-01 11:29:15 AM,881.4,20,17628.0,126475281.35000001
2025-08-01 11:29:18 AM,881.35,1,881.35,126476162.7
2025-08-01 11:29:23 AM,880.55,0,0.0,126476162.7
2025-08-01 11:29:24 AM,880.55,10,8805.5,126484968.2
2025-08-01 11:29:32 AM,881.2,1,881.2,126485849.4
2025-08-01 11:29:39 AM,881.2,1,881.2,126486730.60000001
2025-08-01 11:29:46 AM,881.3,0,0.0,126486730.60000001
2025-08-01 11:29:47 AM,881.3,7,6169.099999999999,126492899.7
2025-08-01 11:29:55 AM,880.8,0,0.0,126492899.7
2025-08-01 11:29:57 AM,880.8,2,1761.6,126494661.3
2025-08-01 11:29:59 AM,881.35,0,0.0,126494661.3
2025-08-01 11:30:00 AM,881.35,1,881.35,126495542.64999999
2025-08-01 11:30:05 AM,881.35,1,881.35,126496423.99999999
2025-08-01 11:30:12 AM,881.3,0,0.0,126496423.99999999
2025-08-01 11:30:13 AM,881.3,1,881.3,126497305.29999998
2025-08-01 11:30:16 AM,881.3,11,9694.3,126506999.59999998
2025-08-01 11:30:18 AM,881.45,0,0.0,126506999.59999998
2025-08-01 11:30:18 AM,881.45,100,88145.0,126595144.59999998
2025-08-01 11:30:26 AM,880.9,0,0.0,126595144.59999998
2025-08-01 11:30:26 AM,880.9,11,9689.9,126604834.49999999
2025-08-01 11:30:33 AM,881.35,1,881.35,126605715.84999998
2025-08-01 11:30:38 AM,880.15,0,0.0,126605715.84999998
2025-08-01 11:30:38 AM,880.15,86,75692.9,126681408.74999999
2025-08-01 11:30:42 AM,880.8,0,0.0,126681408.74999999
2025-08-01 11:30:43 AM,880.8,20,17616.0,126699024.74999999
2025-08-01 11:30:52 AM,880.6,0,0.0,126699024.74999999
2025-08-01 11:30:53 AM,880.6,1,880.6,126699905.34999998
2025-08-01 11:30:58 AM,880.95,0,0.0,126699905.34999998
2025-08-01 11:30:58 AM,880.95,102,89856.90000000001,126789762.24999999
2025-08-01 11:31:00 AM,880.75,0,0.0,126789762.24999999
2025-08-01 11:31:03 AM,880.75,2,1761.5,126791523.74999999
2025-08-01 11:31:05 AM,880.75,1,880.75,126792404.49999999
2025-08-01 11:31:18 AM,880.7,0,0.0,126792404.49999999
2025-08-01 11:31:19 AM,880.7,1,880.7,126793285.19999999
2025-08-01 11:31:28 AM,880.75,0,0.0,126793285.19999999
2025-08-01 11:31:29 AM,880.75,1,880.75,126794165.94999999
2025-08-01 11:31:31 AM,880.75,1,880.75,126795046.69999999
2025-08-01 11:31:41 AM,880.75,2,1761.5,126796808.19999999
2025-08-01 11:31:45 AM,880.75,1,880.75,126797688.94999999
2025-08-01 11:31:54 AM,880.75,1,880.75,126798569.69999999
2025-08-01 11:31:56 AM,880.8,1,880.8,126799450.49999999
2025-08-01 11:31:59 AM,880.8,3,2642.3999999999996,126802092.89999999
2025-08-01 11:32:07 AM,880.8,1,880.8,126802973.69999999
2025-08-01 11:32:12 AM,880.75,0,0.0,126802973.69999999
2025-08-01 11:32:12 AM,880.75,2,1761.5,126804735.19999999
