date,price,qty,trnvr,cum_trnvr
2025-08-01 09:15:05 AM,1124.0,221,248404.0,248404.0
2025-08-01 09:15:07 AM,1131.4,100,113140.00000000001,361544.0
2025-08-01 09:15:22 AM,1126.1,0,0.0,361544.0
2025-08-01 09:15:26 AM,1126.1,204,229724.4,591268.4
2025-08-01 09:15:42 AM,1131.0,0,0.0,591268.4
2025-08-01 09:15:43 AM,1131.0,12,13572.0,604840.4
2025-08-01 09:15:46 AM,1131.1,0,0.0,604840.4
2025-08-01 09:15:51 AM,1131.1,10,11311.0,616151.4
2025-08-01 09:15:55 AM,1128.1,0,0.0,616151.4
2025-08-01 09:15:58 AM,1130.4,0,0.0,616151.4
2025-08-01 09:15:59 AM,1130.4,352,397900.80000000005,1014052.2000000001
2025-08-01 09:16:01 AM,1126.5,215,242197.5,1256249.7000000002
2025-08-01 09:16:04 AM,1124.6,0,0.0,1256249.7000000002
2025-08-01 09:16:07 AM,1126.2,0,0.0,1256249.7000000002
2025-08-01 09:16:07 AM,1126.2,841,947134.2000000001,2203383.9000000004
2025-08-01 09:16:15 AM,1124.9,11,12373.900000000001,2215757.8000000003
2025-08-01 09:16:21 AM,1125.8,0,0.0,2215757.8000000003
2025-08-01 09:16:24 AM,1125.8,1,1125.8,2216883.6
2025-08-01 09:16:51 AM,1126.5,0,0.0,2216883.6
2025-08-01 09:16:57 AM,1125.1,20,22502.0,2239385.6
2025-08-01 09:17:01 AM,1126.7,0,0.0,2239385.6
2025-08-01 09:17:05 AM,1126.7,10,11267.0,2250652.6
2025-08-01 09:17:06 AM,1127.4,52,58624.8,2309277.4
2025-08-01 09:17:07 AM,1128.4,0,0.0,2309277.4
2025-08-01 09:17:09 AM,1128.6,0,0.0,2309277.4
2025-08-01 09:17:13 AM,1129.9,90,101691.00000000001,2410968.4
2025-08-01 09:17:15 AM,1128.4,35,39494.0,2450462.4
2025-08-01 09:17:25 AM,1130.1,0,0.0,2450462.4
2025-08-01 09:17:30 AM,1130.1,10,11301.0,2461763.4
2025-08-01 09:17:43 AM,1128.4,0,0.0,2461763.4
2025-08-01 09:17:46 AM,1129.7,1073,1212168.1,3673931.5
2025-08-01 09:17:55 AM,1130.4,2,2260.8,3676192.3
2025-08-01 09:18:07 AM,1130.3,0,0.0,3676192.3
2025-08-01 09:18:11 AM,1130.3,39,44081.7,3720274.0
2025-08-01 09:18:17 AM,1130.4,0,0.0,3720274.0
2025-08-01 09:18:20 AM,1130.4,10,11304.0,3731578.0
2025-08-01 09:18:25 AM,1131.7,0,0.0,3731578.0
2025-08-01 09:18:28 AM,1131.7,5,5658.5,3737236.5
2025-08-01 09:18:30 AM,1131.6,0,0.0,3737236.5
2025-08-01 09:18:36 AM,1130.4,53,59911.200000000004,3797147.7
2025-08-01 09:18:39 AM,1132.0,0,0.0,3797147.7
2025-08-01 09:18:44 AM,1132.0,211,238852.0,4035999.7
2025-08-01 09:18:46 AM,1131.3,3,3393.8999999999996,4039393.6
2025-08-01 09:18:54 AM,1131.4,35,39599.0,4078992.6
2025-08-01 09:18:54 AM,1132.5,0,0.0,4078992.6
2025-08-01 09:18:56 AM,1132.6,0,0.0,4078992.6
2025-08-01 09:19:01 AM,1131.7,109,123355.3,4202347.9
2025-08-01 09:19:03 AM,1132.4,0,0.0,4202347.9
2025-08-01 09:19:09 AM,1132.0,15,16980.0,4219327.9
2025-08-01 09:19:12 AM,1131.8,0,0.0,4219327.9
2025-08-01 09:19:17 AM,1133.0,20,22660.0,4241987.9
2025-08-01 09:19:20 AM,1134.2,0,0.0,4241987.9
2025-08-01 09:19:25 AM,1133.1,42,47590.2,4289578.100000001
2025-08-01 09:19:32 AM,1135.0,0,0.0,4289578.100000001
2025-08-01 09:19:33 AM,1135.0,30,34050.0,4323628.100000001
2025-08-01 09:19:34 AM,1133.4,13,14734.2,4338362.300000001
2025-08-01 09:19:41 AM,1132.7,1,1132.7,4339495.000000001
2025-08-01 09:19:43 AM,1133.8,20,22676.0,4362171.000000001
2025-08-01 09:19:48 AM,1133.0,0,0.0,4362171.000000001
2025-08-01 09:19:49 AM,1133.0,186,210738.0,4572909.000000001
2025-08-01 09:19:51 AM,1134.7,5,5673.5,4578582.500000001
2025-08-01 09:19:56 AM,1133.3,0,0.0,4578582.500000001
2025-08-01 09:19:57 AM,1133.3,1,1133.3,4579715.800000001
2025-08-01 09:20:04 AM,1134.6,0,0.0,4579715.800000001
2025-08-01 09:20:05 AM,1134.6,15,17019.0,4596734.800000001
2025-08-01 09:20:14 AM,1133.3,50,56665.0,4653399.800000001
2025-08-01 09:20:18 AM,1133.0,0,0.0,4653399.800000001
2025-08-01 09:20:21 AM,1133.0,18,20394.0,4673793.800000001
2025-08-01 09:20:32 AM,1132.0,0,0.0,4673793.800000001
2025-08-01 09:20:36 AM,1132.0,30,33960.0,4707753.800000001
2025-08-01 09:20:57 AM,1133.6,0,0.0,4707753.800000001
2025-08-01 09:21:00 AM,1133.6,61,69149.59999999999,4776903.4
2025-08-01 09:21:09 AM,1133.6,20,22672.0,4799575.4
2025-08-01 09:21:15 AM,1133.6,5,5668.0,4805243.4
2025-08-01 09:21:18 AM,1134.0,0,0.0,4805243.4
2025-08-01 09:21:23 AM,1134.0,13,14742.0,4819985.4
2025-08-01 09:21:31 AM,1133.2,2,2266.4,4822251.800000001
2025-08-01 09:21:40 AM,1136.1,263,298794.3,5121046.100000001
2025-08-01 09:21:46 AM,1136.1,1,1136.1,5122182.2
2025-08-01 09:21:50 AM,1135.0,0,0.0,5122182.2
2025-08-01 09:21:54 AM,1135.0,100,113500.0,5235682.2
2025-08-01 09:22:00 AM,1135.4,0,0.0,5235682.2
2025-08-01 09:22:01 AM,1135.4,6,6812.400000000001,5242494.600000001
2025-08-01 09:22:03 AM,1134.7,1,1134.7,5243629.300000001
2025-08-01 09:22:09 AM,1135.9,1,1135.9,5244765.200000001
2025-08-01 09:22:17 AM,1135.9,1,1135.9,5245901.1000000015
2025-08-01 09:22:26 AM,1135.0,25,28375.0,5274276.1000000015
2025-08-01 09:22:32 AM,1135.6,2,2271.2,5276547.300000002
2025-08-01 09:22:35 AM,1135.8,0,0.0,5276547.300000002
2025-08-01 09:22:40 AM,1135.9,44,49979.600000000006,5326526.900000001
2025-08-01 09:22:41 AM,1135.8,1,1135.8,5327662.700000001
2025-08-01 09:22:46 AM,1135.0,0,0.0,5327662.700000001
2025-08-01 09:22:47 AM,1135.0,31,35185.0,5362847.700000001
2025-08-01 09:22:52 AM,1135.9,0,0.0,5362847.700000001
2025-08-01 09:22:55 AM,1135.9,34,38620.600000000006,5401468.300000001
2025-08-01 09:22:59 AM,1135.0,0,0.0,5401468.300000001
2025-08-01 09:23:02 AM,1135.0,42,47670.0,5449138.300000001
2025-08-01 09:23:04 AM,1135.1,3,3405.2999999999997,5452543.600000001
2025-08-01 09:23:10 AM,1135.0,11,12485.0,5465028.600000001
2025-08-01 09:23:12 AM,1135.0,175,198625.0,5663653.600000001
2025-08-01 09:23:18 AM,1133.5,11,12468.5,5676122.100000001
2025-08-01 09:23:25 AM,1132.6,31,35110.6,5711232.7
2025-08-01 09:23:27 AM,1132.5,6,6795.0,5718027.7
2025-08-01 09:23:33 AM,1133.2,35,39662.0,5757689.7
2025-08-01 09:23:40 AM,1131.8,0,0.0,5757689.7
2025-08-01 09:23:41 AM,1131.8,34,38481.2,5796170.9
2025-08-01 09:23:46 AM,1130.7,0,0.0,5796170.9
2025-08-01 09:23:48 AM,1130.7,106,119854.20000000001,5916025.100000001
2025-08-01 09:23:50 AM,1130.8,3,3392.3999999999996,5919417.500000001
2025-08-01 09:23:52 AM,1131.4,0,0.0,5919417.500000001
2025-08-01 09:23:56 AM,1131.4,232,262484.80000000005,6181902.300000001
2025-08-01 09:23:59 AM,1130.2,0,0.0,6181902.300000001
2025-08-01 09:24:04 AM,1130.2,6,6781.200000000001,6188683.500000001
2025-08-01 09:24:05 AM,1129.8,31,35023.799999999996,6223707.300000001
2025-08-01 09:24:11 AM,1129.8,3,3389.3999999999996,6227096.700000001
2025-08-01 09:24:19 AM,1130.0,81,91530.0,6318626.700000001
2025-08-01 09:24:25 AM,1130.1,0,0.0,6318626.700000001
2025-08-01 09:24:27 AM,1130.1,3,3390.2999999999997,6322017.000000001
2025-08-01 09:24:28 AM,1132.1,175,198117.49999999997,6520134.500000001
2025-08-01 09:24:31 AM,1130.6,0,0.0,6520134.500000001
2025-08-01 09:24:34 AM,1130.3,34,38430.2,6558564.700000001
2025-08-01 09:24:49 AM,1130.0,42,47460.0,6606024.700000001
2025-08-01 09:24:50 AM,1131.6,0,0.0,6606024.700000001
2025-08-01 09:24:51 AM,1131.6,22,24895.199999999997,6630919.900000001
2025-08-01 09:24:56 AM,1130.5,40,45220.0,6676139.900000001
2025-08-01 09:25:03 AM,1130.6,0,0.0,6676139.900000001
2025-08-01 09:25:04 AM,1130.6,6,6783.599999999999,6682923.500000001
2025-08-01 09:25:11 AM,1130.6,11,12436.599999999999,6695360.100000001
2025-08-01 09:25:26 AM,1130.6,1,1130.6,6696490.7
2025-08-01 09:25:49 AM,1130.6,23,26003.8,6722494.5
2025-08-01 09:25:57 AM,1131.6,1,1131.6,6723626.1
2025-08-01 09:25:57 AM,1130.6,0,0.0,6723626.1
2025-08-01 09:25:59 AM,1130.6,20,22612.0,6746238.1
2025-08-01 09:26:14 AM,1130.0,217,245210.0,6991448.1
2025-08-01 09:26:20 AM,1129.5,120,135540.0,7126988.1
2025-08-01 09:26:27 AM,1130.9,1,1130.9,7128119.0
2025-08-01 09:26:35 AM,1132.7,0,0.0,7128119.0
2025-08-01 09:26:37 AM,1133.4,105,119007.00000000001,7247126.0
2025-08-01 09:26:43 AM,1133.4,1,1133.4,7248259.4
2025-08-01 09:27:27 AM,1132.6,2,2265.2,7250524.600000001
2025-08-01 09:27:32 AM,1133.4,0,0.0,7250524.600000001
2025-08-01 09:27:35 AM,1133.4,15,17001.0,7267525.600000001
2025-08-01 09:27:43 AM,1131.9,0,0.0,7267525.600000001
2025-08-01 09:27:44 AM,1131.9,100,113190.00000000001,7380715.600000001
2025-08-01 09:27:48 AM,1132.3,0,0.0,7380715.600000001
2025-08-01 09:27:50 AM,1132.3,6,6793.799999999999,7387509.4
2025-08-01 09:28:37 AM,1133.1,10,11331.0,7398840.4
2025-08-01 09:28:43 AM,1131.6,0,0.0,7398840.4
2025-08-01 09:28:44 AM,1131.6,250,282900.0,7681740.4
2025-08-01 09:28:45 AM,1133.0,0,0.0,7681740.4
2025-08-01 09:28:49 AM,1133.1,0,0.0,7681740.4
2025-08-01 09:28:51 AM,1133.1,83,94047.29999999999,7775787.7
2025-08-01 09:28:55 AM,1133.0,0,0.0,7775787.7
2025-08-01 09:28:59 AM,1133.4,19,21534.600000000002,7797322.3
2025-08-01 09:29:06 AM,1133.5,0,0.0,7797322.3
2025-08-01 09:29:06 AM,1133.5,7,7934.5,7805256.8
2025-08-01 09:29:22 AM,1134.6,5,5673.0,7810929.8
2025-08-01 09:29:42 AM,1134.7,0,0.0,7810929.8
2025-08-01 09:29:44 AM,1134.7,25,28367.5,7839297.3
2025-08-01 09:29:52 AM,1134.2,424,480900.80000000005,8320198.1
2025-08-01 09:29:58 AM,1135.6,0,0.0,8320198.1
2025-08-01 09:29:59 AM,1135.6,20,22712.0,8342910.1
2025-08-01 09:30:00 AM,1134.2,51,57844.200000000004,8400754.299999999
2025-08-01 09:30:07 AM,1134.2,9,10207.800000000001,8410962.1
2025-08-01 09:30:08 AM,1135.1,17,19296.699999999997,8430258.799999999
2025-08-01 09:30:12 AM,1133.2,0,0.0,8430258.799999999
2025-08-01 09:30:15 AM,1133.2,11,12465.2,8442723.999999998
2025-08-01 09:30:15 AM,1133.1,9,10197.9,8452921.899999999
2025-08-01 09:30:22 AM,1133.0,35,39655.0,8492576.899999999
2025-08-01 09:30:23 AM,1132.1,1,1132.1,8493708.999999998
2025-08-01 09:30:29 AM,1132.1,5,5660.5,8499369.499999998
2025-08-01 09:30:37 AM,1132.1,3,3396.2999999999997,8502765.799999999
2025-08-01 09:30:40 AM,1133.1,0,0.0,8502765.799999999
2025-08-01 09:30:44 AM,1132.9,95,107625.50000000001,8610391.299999999
2025-08-01 09:31:10 AM,1133.2,0,0.0,8610391.299999999
2025-08-01 09:31:14 AM,1133.2,30,33996.0,8644387.299999999
2025-08-01 09:31:28 AM,1133.3,1,1133.3,8645520.6
2025-08-01 09:31:35 AM,1133.5,1,1133.5,8646654.1
2025-08-01 09:31:42 AM,1133.5,83,94080.5,8740734.6
2025-08-01 09:31:55 AM,1134.4,0,0.0,8740734.6
2025-08-01 09:31:56 AM,1134.4,5,5672.0,8746406.6
2025-08-01 09:32:06 AM,1134.6,0,0.0,8746406.6
2025-08-01 09:32:10 AM,1133.6,45,51011.99999999999,8797418.6
2025-08-01 09:32:17 AM,1133.4,2,2266.8,8799685.4
2025-08-01 09:32:24 AM,1133.7,0,0.0,8799685.4
2025-08-01 09:32:24 AM,1133.7,25,28342.5,8828027.9
2025-08-01 09:32:30 AM,1134.0,0,0.0,8828027.9
2025-08-01 09:32:31 AM,1134.0,10,11340.0,8839367.9
2025-08-01 09:32:45 AM,1134.0,2,2268.0,8841635.9
2025-08-01 09:32:52 AM,1133.0,1,1133.0,8842768.9
2025-08-01 09:32:52 AM,1133.0,1,1133.0,8843901.9
2025-08-01 09:32:59 AM,1134.2,15,17013.0,8860914.9
2025-08-01 09:33:00 AM,1133.3,0,0.0,8860914.9
2025-08-01 09:33:06 AM,1133.4,0,0.0,8860914.9
2025-08-01 09:33:06 AM,1133.4,2,2266.8,8863181.700000001
2025-08-01 09:33:12 AM,1133.5,0,0.0,8863181.700000001
2025-08-01 09:33:13 AM,1133.5,5,5667.5,8868849.200000001
2025-08-01 09:33:17 AM,1135.0,0,0.0,8868849.200000001
2025-08-01 09:33:20 AM,1134.2,6,6805.200000000001,8875654.4
2025-08-01 09:33:26 AM,1135.0,0,0.0,8875654.4
2025-08-01 09:33:27 AM,1135.0,47,53345.0,8928999.4
2025-08-01 09:33:27 AM,1137.0,0,0.0,8928999.4
2025-08-01 09:33:33 AM,1138.9,311,354197.9,9283197.3
2025-08-01 09:33:56 AM,1139.0,0,0.0,9283197.3
2025-08-01 09:34:01 AM,1140.0,158,180120.0,9463317.3
2025-08-01 09:34:27 AM,1139.9,0,0.0,9463317.3
2025-08-01 09:34:29 AM,1139.8,0,0.0,9463317.3
2025-08-01 09:34:30 AM,1139.8,9,10258.199999999999,9473575.5
2025-08-01 09:34:35 AM,1139.9,0,0.0,9473575.5
2025-08-01 09:34:36 AM,1139.9,2,2279.8,9475855.3
2025-08-01 09:34:40 AM,1140.0,0,0.0,9475855.3
2025-08-01 09:34:43 AM,1140.0,160,182400.0,9658255.3
2025-08-01 09:35:02 AM,1140.1,0,0.0,9658255.3
2025-08-01 09:35:04 AM,1140.2,332,378546.4,10036801.700000001
2025-08-01 09:35:11 AM,1140.0,0,0.0,10036801.700000001
2025-08-01 09:35:11 AM,1140.0,82,93480.0,10130281.700000001
2025-08-01 09:35:18 AM,1140.1,1,1140.1,10131421.8
2025-08-01 09:35:19 AM,1141.0,3,3423.0,10134844.8
2025-08-01 09:35:21 AM,1140.0,0,0.0,10134844.8
2025-08-01 09:35:25 AM,1140.0,1,1140.0,10135984.8
2025-08-01 09:35:26 AM,1137.6,0,0.0,10135984.8
2025-08-01 09:35:26 AM,1135.8,1667,1893378.5999999999,12029363.4
2025-08-01 09:35:27 AM,1135.7,0,0.0,12029363.4
2025-08-01 09:35:31 AM,1136.7,0,0.0,12029363.4
2025-08-01 09:35:32 AM,1136.7,263,298952.10000000003,12328315.5
2025-08-01 09:35:46 AM,1137.1,2,2274.2,12330589.7
2025-08-01 09:35:46 AM,1137.7,136,154727.2,12485316.899999999
2025-08-01 09:36:05 AM,1137.9,0,0.0,12485316.899999999
2025-08-01 09:36:05 AM,1137.1,0,0.0,12485316.899999999
2025-08-01 09:36:06 AM,1137.1,21,23879.1,12509195.999999998
2025-08-01 09:36:19 AM,1138.0,81,92178.0,12601373.999999998
2025-08-01 09:36:32 AM,1138.0,10,11380.0,12612753.999999998
2025-08-01 09:36:45 AM,1140.3,0,0.0,12612753.999999998
2025-08-01 09:36:45 AM,1140.3,584,665935.2,13278689.199999997
2025-08-01 09:36:49 AM,1138.8,0,0.0,13278689.199999997
2025-08-01 09:36:52 AM,1138.8,25,28470.0,13307159.199999997
2025-08-01 09:37:05 AM,1138.9,0,0.0,13307159.199999997
2025-08-01 09:37:05 AM,1138.2,3,3414.6000000000004,13310573.799999997
2025-08-01 09:37:06 AM,1138.1,3,3414.2999999999997,13313988.099999998
2025-08-01 09:37:09 AM,1139.1,0,0.0,13313988.099999998
2025-08-01 09:37:13 AM,1139.1,25,28477.499999999996,13342465.599999998
2025-08-01 09:37:25 AM,1139.2,0,0.0,13342465.599999998
2025-08-01 09:37:26 AM,1139.2,1,1139.2,13343604.799999997
2025-08-01 09:37:59 AM,1136.7,0,0.0,13343604.799999997
2025-08-01 09:38:00 AM,1136.7,88,100029.6,13443634.399999997
2025-08-01 09:38:11 AM,1135.5,0,0.0,13443634.399999997
2025-08-01 09:38:14 AM,1135.5,200,227100.0,13670734.399999997
2025-08-01 09:39:00 AM,1135.2,4,4540.8,13675275.199999997
2025-08-01 09:39:01 AM,1135.1,0,0.0,13675275.199999997
2025-08-01 09:39:07 AM,1135.1,4,4540.4,13679815.599999998
2025-08-01 09:39:12 AM,1135.0,0,0.0,13679815.599999998
2025-08-01 09:39:14 AM,1135.0,1,1135.0,13680950.599999998
2025-08-01 09:39:14 AM,1135.0,1,1135.0,13682085.599999998
2025-08-01 09:39:16 AM,1134.9,0,0.0,13682085.599999998
2025-08-01 09:39:21 AM,1134.9,257,291669.30000000005,13973754.899999999
2025-08-01 09:39:26 AM,1134.0,0,0.0,13973754.899999999
2025-08-01 09:39:28 AM,1134.0,1,1134.0,13974888.899999999
2025-08-01 09:39:46 AM,1134.6,0,0.0,13974888.899999999
2025-08-01 09:39:47 AM,1134.6,5,5673.0,13980561.899999999
2025-08-01 09:39:54 AM,1134.0,2,2268.0,13982829.899999999
2025-08-01 09:40:02 AM,1134.8,0,0.0,13982829.899999999
2025-08-01 09:40:07 AM,1134.8,50,56740.0,14039569.899999999
2025-08-01 09:40:23 AM,1134.9,0,0.0,14039569.899999999
2025-08-01 09:40:25 AM,1134.0,0,0.0,14039569.899999999
2025-08-01 09:40:27 AM,1134.0,19,21546.0,14061115.899999999
2025-08-01 09:40:45 AM,1134.8,0,0.0,14061115.899999999
2025-08-01 09:40:46 AM,1135.0,4,4540.0,14065655.899999999
2025-08-01 09:40:47 AM,1134.3,100,113430.0,14179085.899999999
2025-08-01 09:40:59 AM,1135.3,1,1135.3,14180221.2
2025-08-01 09:41:00 AM,1136.3,1,1136.3,14181357.5
2025-08-01 09:41:09 AM,1137.9,0,0.0,14181357.5
2025-08-01 09:41:13 AM,1137.7,28,31855.600000000002,14213213.1
2025-08-01 09:41:25 AM,1137.4,0,0.0,14213213.1
2025-08-01 09:41:26 AM,1137.4,2,2274.8,14215487.9
2025-08-01 09:41:27 AM,1137.3,1,1137.3,14216625.200000001
2025-08-01 09:41:37 AM,1136.1,0,0.0,14216625.200000001
2025-08-01 09:41:39 AM,1136.1,10,11361.0,14227986.200000001
2025-08-01 09:41:40 AM,1136.0,2,2272.0,14230258.200000001
2025-08-01 09:42:00 AM,1136.0,17,19312.0,14249570.200000001
2025-08-01 09:42:18 AM,1137.1,0,0.0,14249570.200000001
2025-08-01 09:42:18 AM,1137.1,3,3411.2999999999997,14252981.500000002
2025-08-01 09:42:39 AM,1135.8,50,56790.0,14309771.500000002
2025-08-01 09:43:08 AM,1137.1,0,0.0,14309771.500000002
2025-08-01 09:43:11 AM,1137.1,26,29564.6,14339336.100000001
2025-08-01 09:43:24 AM,1136.7,0,0.0,14339336.100000001
2025-08-01 09:43:24 AM,1136.7,6,6820.200000000001,14346156.3
2025-08-01 09:43:38 AM,1134.4,500,567200.0,14913356.3
2025-08-01 09:43:40 AM,1135.7,0,0.0,14913356.3
2025-08-01 09:43:44 AM,1135.7,7,7949.900000000001,14921306.200000001
2025-08-01 09:43:48 AM,1134.5,0,0.0,14921306.200000001
2025-08-01 09:43:50 AM,1135.7,4,4542.8,14925849.000000002
2025-08-01 09:44:03 AM,1135.8,20,22716.0,14948565.000000002
2025-08-01 09:44:08 AM,1134.3,0,0.0,14948565.000000002
2025-08-01 09:44:10 AM,1134.3,20,22686.0,14971251.000000002
2025-08-01 09:44:11 AM,1135.3,2,2270.6,14973521.600000001
2025-08-01 09:44:24 AM,1135.1,30,34053.0,15007574.600000001
2025-08-01 09:45:22 AM,1135.0,1,1135.0,15008709.600000001
2025-08-01 09:45:30 AM,1134.0,1,1134.0,15009843.600000001
2025-08-01 09:45:41 AM,1134.0,7,7938.0,15017781.600000001
2025-08-01 09:46:08 AM,1133.7,0,0.0,15017781.600000001
2025-08-01 09:46:09 AM,1133.7,20,22674.0,15040455.600000001
2025-08-01 09:46:13 AM,1134.1,0,0.0,15040455.600000001
2025-08-01 09:46:14 AM,1134.1,1,1134.1,15041589.700000001
2025-08-01 09:46:27 AM,1134.1,4,4536.4,15046126.100000001
2025-08-01 09:46:34 AM,1133.0,0,0.0,15046126.100000001
2025-08-01 09:46:35 AM,1133.0,50,56650.0,15102776.100000001
2025-08-01 09:46:41 AM,1134.1,0,0.0,15102776.100000001
2025-08-01 09:46:41 AM,1134.1,20,22682.0,15125458.100000001
2025-08-01 09:46:45 AM,1134.0,0,0.0,15125458.100000001
2025-08-01 09:46:46 AM,1134.0,2,2268.0,15127726.100000001
2025-08-01 09:46:52 AM,1134.0,16,18144.0,15145870.100000001
2025-08-01 09:47:35 AM,1133.0,0,0.0,15145870.100000001
2025-08-01 09:47:36 AM,1133.0,60,67980.0,15213850.100000001
2025-08-01 09:47:38 AM,1133.9,4,4535.6,15218385.700000001
2025-08-01 09:47:49 AM,1133.0,110,124630.0,15343015.700000001
2025-08-01 09:48:02 AM,1132.2,73,82650.6,15425666.3
2025-08-01 09:48:05 AM,1132.2,1,1132.2,15426798.5
2025-08-01 09:48:11 AM,1133.2,20,22664.0,15449462.5
2025-08-01 09:48:31 AM,1133.1,5,5665.5,15455128.0
2025-08-01 09:48:35 AM,1133.1,9,10197.9,15465325.9
2025-08-01 09:48:47 AM,1133.3,1,1133.3,15466459.200000001
2025-08-01 09:49:06 AM,1132.3,57,64541.1,15531000.3
2025-08-01 09:49:08 AM,1133.3,0,0.0,15531000.3
2025-08-01 09:49:09 AM,1133.3,2,2266.6,15533266.9
2025-08-01 09:49:22 AM,1132.9,0,0.0,15533266.9
2025-08-01 09:49:25 AM,1132.9,1,1132.9,15534399.8
2025-08-01 09:49:34 AM,1133.0,0,0.0,15534399.8
2025-08-01 09:49:34 AM,1133.0,5,5665.0,15540064.8
2025-08-01 09:49:37 AM,1132.3,0,0.0,15540064.8
2025-08-01 09:49:37 AM,1132.3,12,13587.599999999999,15553652.4
2025-08-01 09:49:49 AM,1133.3,0,0.0,15553652.4
2025-08-01 09:49:50 AM,1133.3,1,1133.3,15554785.700000001
2025-08-01 09:49:57 AM,1132.0,0,0.0,15554785.700000001
2025-08-01 09:50:00 AM,1132.0,52,58864.0,15613649.700000001
2025-08-01 09:50:09 AM,1131.8,2,2263.6,15615913.3
2025-08-01 09:50:35 AM,1131.8,1,1131.8,15617045.100000001
2025-08-01 09:50:38 AM,1132.0,0,0.0,15617045.100000001
2025-08-01 09:50:41 AM,1132.0,280,316960.0,15934005.100000001
2025-08-01 09:50:51 AM,1132.3,0,0.0,15934005.100000001
2025-08-01 09:50:54 AM,1132.3,25,28307.5,15962312.600000001
2025-08-01 09:51:08 AM,1133.0,118,133694.0,16096006.600000001
2025-08-01 09:51:13 AM,1133.3,0,0.0,16096006.600000001
2025-08-01 09:51:13 AM,1133.3,4,4533.2,16100539.8
2025-08-01 09:51:15 AM,1134.0,5,5670.0,16106209.8
2025-08-01 09:51:31 AM,1134.0,1,1134.0,16107343.8
2025-08-01 09:51:46 AM,1133.0,9,10197.0,16117540.8
2025-08-01 09:51:47 AM,1131.6,0,0.0,16117540.8
2025-08-01 09:51:50 AM,1131.6,46,52053.6,16169594.4
2025-08-01 09:51:53 AM,1132.5,2,2265.0,16171859.4
2025-08-01 09:52:11 AM,1132.0,0,0.0,16171859.4
2025-08-01 09:52:11 AM,1132.0,2,2264.0,16174123.4
2025-08-01 09:52:17 AM,1132.0,5,5660.0,16179783.4
2025-08-01 09:52:38 AM,1132.4,0,0.0,16179783.4
2025-08-01 09:52:39 AM,1132.4,60,67944.0,16247727.4
2025-08-01 09:53:08 AM,1132.7,0,0.0,16247727.4
2025-08-01 09:53:09 AM,1132.7,30,33981.0,16281708.4
2025-08-01 09:54:58 AM,1131.1,0,0.0,16281708.4
2025-08-01 09:55:00 AM,1131.1,53,59948.299999999996,16341656.700000001
2025-08-01 09:55:35 AM,1131.0,230,260130.0,16601786.700000001
2025-08-01 09:55:54 AM,1130.9,0,0.0,16601786.700000001
2025-08-01 09:55:54 AM,1130.9,52,58806.8,16660593.500000002
2025-08-01 09:55:57 AM,1130.8,0,0.0,16660593.500000002
2025-08-01 09:56:00 AM,1130.8,1,1130.8,16661724.300000003
2025-08-01 09:56:01 AM,1130.8,28,31662.399999999998,16693386.700000003
2025-08-01 09:56:10 AM,1130.7,0,0.0,16693386.700000003
2025-08-01 09:56:12 AM,1130.7,2,2261.4,16695648.100000003
2025-08-01 09:56:22 AM,1130.8,0,0.0,16695648.100000003
2025-08-01 09:56:24 AM,1130.8,4,4523.2,16700171.300000003
2025-08-01 09:56:31 AM,1130.0,0,0.0,16700171.300000003
2025-08-01 09:56:31 AM,1130.0,20,22600.0,16722771.300000003
2025-08-01 09:56:36 AM,1130.7,0,0.0,16722771.300000003
2025-08-01 09:56:36 AM,1130.7,10,11307.0,16734078.300000003
2025-08-01 09:56:43 AM,1130.0,14,15820.0,16749898.300000003
2025-08-01 09:56:48 AM,1129.6,18,20332.8,16770231.100000003
2025-08-01 09:57:06 AM,1129.6,50,56479.99999999999,16826711.1
2025-08-01 09:57:13 AM,1129.0,55,62095.0,16888806.1
2025-08-01 09:57:18 AM,1129.5,0,0.0,16888806.1
2025-08-01 09:57:18 AM,1129.5,5,5647.5,16894453.6
2025-08-01 09:58:43 AM,1127.8,0,0.0,16894453.6
2025-08-01 09:58:45 AM,1127.8,192,216537.59999999998,17110991.200000003
2025-08-01 09:59:02 AM,1127.3,27,30437.1,17141428.300000004
2025-08-01 09:59:25 AM,1128.5,0,0.0,17141428.300000004
2025-08-01 09:59:25 AM,1128.5,6,6771.0,17148199.300000004
2025-08-01 09:59:28 AM,1128.7,17,19187.9,17167387.200000003
2025-08-01 09:59:34 AM,1127.9,53,59778.700000000004,17227165.900000002
2025-08-01 09:59:37 AM,1128.5,0,0.0,17227165.900000002
2025-08-01 09:59:37 AM,1128.5,41,46268.5,17273434.400000002
2025-08-01 09:59:40 AM,1128.2,9,10153.800000000001,17283588.200000003
2025-08-01 10:00:08 AM,1129.2,24,27100.800000000003,17310689.000000004
2025-08-01 10:00:11 AM,1129.2,16,18067.2,17328756.200000003
2025-08-01 10:00:35 AM,1129.0,0,0.0,17328756.200000003
2025-08-01 10:00:37 AM,1129.0,7,7903.0,17336659.200000003
2025-08-01 10:00:46 AM,1129.0,2,2258.0,17338917.200000003
2025-08-01 10:00:56 AM,1129.0,1,1129.0,17340046.200000003
2025-08-01 10:00:59 AM,1129.0,4,4516.0,17344562.200000003
2025-08-01 10:01:02 AM,1127.8,33,37217.4,17381779.6
2025-08-01 10:01:04 AM,1128.6,0,0.0,17381779.6
2025-08-01 10:01:05 AM,1128.6,5,5643.0,17387422.6
2025-08-01 10:01:19 AM,1128.5,0,0.0,17387422.6
2025-08-01 10:01:21 AM,1128.5,1,1128.5,17388551.1
2025-08-01 10:01:23 AM,1128.6,0,0.0,17388551.1
2025-08-01 10:01:24 AM,1128.6,8,9028.8,17397579.900000002
2025-08-01 10:01:30 AM,1128.9,90,101601.00000000001,17499180.900000002
2025-08-01 10:01:39 AM,1128.2,0,0.0,17499180.900000002
2025-08-01 10:01:40 AM,1128.2,2,2256.4,17501437.3
2025-08-01 10:02:04 AM,1128.2,1,1128.2,17502565.5
2025-08-01 10:02:06 AM,1129.3,81,91473.3,17594038.8
2025-08-01 10:02:36 AM,1129.6,15,16944.0,17610982.8
2025-08-01 10:02:37 AM,1128.5,0,0.0,17610982.8
2025-08-01 10:02:38 AM,1128.5,90,101565.0,17712547.8
2025-08-01 10:02:42 AM,1129.6,7,7907.199999999999,17720455.0
2025-08-01 10:02:44 AM,1128.8,24,27091.199999999997,17747546.2
2025-08-01 10:02:55 AM,1128.6,0,0.0,17747546.2
2025-08-01 10:02:55 AM,1129.5,12,13554.0,17761100.2
2025-08-01 10:03:10 AM,1128.7,2,2257.4,17763357.599999998
2025-08-01 10:03:16 AM,1129.6,1,1129.6,17764487.2
2025-08-01 10:03:27 AM,1129.6,1,1129.6,17765616.8
2025-08-01 10:04:36 AM,1129.6,1,1129.6,17766746.400000002
2025-08-01 10:04:49 AM,1129.6,4,4518.4,17771264.8
2025-08-01 10:05:44 AM,1129.6,1,1129.6,17772394.400000002
2025-08-01 10:05:52 AM,1128.3,0,0.0,17772394.400000002
2025-08-01 10:05:52 AM,1128.3,100,112830.0,17885224.400000002
2025-08-01 10:06:01 AM,1129.2,0,0.0,17885224.400000002
2025-08-01 10:06:02 AM,1129.2,1,1129.2,17886353.6
2025-08-01 10:06:14 AM,1129.0,3,3387.0,17889740.6
2025-08-01 10:06:18 AM,1129.1,0,0.0,17889740.6
2025-08-01 10:06:19 AM,1129.1,1,1129.1,17890869.700000003
2025-08-01 10:06:28 AM,1128.0,50,56400.0,17947269.700000003
2025-08-01 10:06:37 AM,1127.7,3,3383.1000000000004,17950652.800000004
2025-08-01 10:06:40 AM,1127.3,70,78911.0,18029563.800000004
2025-08-01 10:06:44 AM,1128.2,52,58666.4,18088230.200000003
2025-08-01 10:06:48 AM,1128.1,0,0.0,18088230.200000003
2025-08-01 10:06:50 AM,1128.1,50,56404.99999999999,18144635.200000003
2025-08-01 10:06:52 AM,1127.2,0,0.0,18144635.200000003
2025-08-01 10:06:52 AM,1127.2,135,152172.0,18296807.200000003
2025-08-01 10:06:56 AM,1126.5,74,83361.0,18380168.200000003
2025-08-01 10:07:02 AM,1125.6,0,0.0,18380168.200000003
2025-08-01 10:07:02 AM,1125.6,40,45024.0,18425192.200000003
2025-08-01 10:07:08 AM,1126.4,0,0.0,18425192.200000003
2025-08-01 10:07:08 AM,1126.4,1,1126.4,18426318.6
2025-08-01 10:07:14 AM,1126.8,26,29296.8,18455615.400000002
2025-08-01 10:07:16 AM,1126.6,8,9012.8,18464628.200000003
2025-08-01 10:07:21 AM,1127.2,200,225440.0,18690068.200000003
2025-08-01 10:07:27 AM,1127.2,16,18035.2,18708103.400000002
2025-08-01 10:07:33 AM,1127.0,13,14651.0,18722754.400000002
2025-08-01 10:07:39 AM,1126.3,0,0.0,18722754.400000002
2025-08-01 10:07:39 AM,1126.3,67,75462.09999999999,18798216.500000004
2025-08-01 10:07:47 AM,1126.1,85,95718.49999999999,18893935.000000004
2025-08-01 10:07:53 AM,1125.2,28,31505.600000000002,18925440.600000005
2025-08-01 10:07:55 AM,1126.3,0,0.0,18925440.600000005
2025-08-01 10:07:58 AM,1126.3,58,65325.399999999994,18990766.000000004
2025-08-01 10:08:04 AM,1126.2,10,11262.0,19002028.000000004
2025-08-01 10:08:06 AM,1125.5,1,1125.5,19003153.500000004
2025-08-01 10:08:12 AM,1125.6,1,1125.6,19004279.100000005
2025-08-01 10:08:17 AM,1126.9,73,82263.70000000001,19086542.800000004
2025-08-01 10:08:47 AM,1126.9,1,1126.9,19087669.700000003
2025-08-01 10:09:18 AM,1126.9,80,90152.0,19177821.700000003
2025-08-01 10:09:21 AM,1127.6,0,0.0,19177821.700000003
2025-08-01 10:09:22 AM,1127.6,1,1127.6,19178949.300000004
2025-08-01 10:09:58 AM,1128.5,0,0.0,19178949.300000004
2025-08-01 10:09:58 AM,1128.5,18,20313.0,19199262.300000004
2025-08-01 10:10:12 AM,1127.8,0,0.0,19199262.300000004
2025-08-01 10:10:14 AM,1127.8,7,7894.599999999999,19207156.900000006
2025-08-01 10:10:44 AM,1127.6,2,2255.2,19209412.100000005
2025-08-01 10:10:52 AM,1128.6,12,13543.199999999999,19222955.300000004
2025-08-01 10:11:06 AM,1127.6,0,0.0,19222955.300000004
2025-08-01 10:11:07 AM,1127.6,152,171395.19999999998,19394350.500000004
2025-08-01 10:11:18 AM,1128.4,0,0.0,19394350.500000004
2025-08-01 10:11:20 AM,1128.4,22,24824.800000000003,19419175.300000004
2025-08-01 10:11:50 AM,1127.8,5,5639.0,19424814.300000004
2025-08-01 10:11:54 AM,1127.8,16,18044.8,19442859.100000005
2025-08-01 10:12:01 AM,1129.0,184,207736.0,19650595.100000005
2025-08-01 10:12:12 AM,1127.6,0,0.0,19650595.100000005
2025-08-01 10:12:12 AM,1127.6,1,1127.6,19651722.700000007
2025-08-01 10:12:15 AM,1128.9,0,0.0,19651722.700000007
2025-08-01 10:12:18 AM,1128.9,200,225780.00000000003,19877502.700000007
2025-08-01 10:12:29 AM,1128.7,14,15801.800000000001,19893304.500000007
2025-08-01 10:12:46 AM,1127.7,1,1127.7,19894432.200000007
2025-08-01 10:13:03 AM,1127.6,0,0.0,19894432.200000007
2025-08-01 10:13:04 AM,1127.6,16,18041.6,19912473.80000001
2025-08-01 10:14:06 AM,1128.5,0,0.0,19912473.80000001
2025-08-01 10:14:09 AM,1128.5,3,3385.5,19915859.30000001
2025-08-01 10:14:14 AM,1127.6,8,9020.8,19924880.10000001
2025-08-01 10:14:24 AM,1128.8,0,0.0,19924880.10000001
2025-08-01 10:14:26 AM,1128.8,51,57568.799999999996,19982448.90000001
2025-08-01 10:14:36 AM,1127.6,0,0.0,19982448.90000001
2025-08-01 10:14:37 AM,1127.6,5,5638.0,19988086.90000001
2025-08-01 10:15:01 AM,1127.6,1,1127.6,19989214.50000001
2025-08-01 10:15:12 AM,1127.6,9,10148.4,19999362.90000001
2025-08-01 10:15:14 AM,1128.5,0,0.0,19999362.90000001
2025-08-01 10:15:18 AM,1128.5,1,1128.5,20000491.40000001
2025-08-01 10:15:24 AM,1128.5,1,1128.5,20001619.90000001
2025-08-01 10:16:32 AM,1128.4,0,0.0,20001619.90000001
2025-08-01 10:16:35 AM,1128.4,1,1128.4,20002748.30000001
2025-08-01 10:16:38 AM,1127.0,0,0.0,20002748.30000001
2025-08-01 10:16:41 AM,1127.0,237,267099.0,20269847.30000001
2025-08-01 10:16:57 AM,1125.7,0,0.0,20269847.30000001
2025-08-01 10:16:57 AM,1125.7,49,55159.3,20325006.60000001
2025-08-01 10:17:09 AM,1125.7,30,33771.0,20358777.60000001
2025-08-01 10:17:48 AM,1125.9,0,0.0,20358777.60000001
2025-08-01 10:17:49 AM,1125.9,5,5629.5,20364407.10000001
2025-08-01 10:18:13 AM,1125.9,14,15762.600000000002,20380169.70000001
2025-08-01 10:18:41 AM,1126.0,0,0.0,20380169.70000001
2025-08-01 10:18:42 AM,1126.0,31,34906.0,20415075.70000001
2025-08-01 10:18:51 AM,1126.9,0,0.0,20415075.70000001
2025-08-01 10:18:53 AM,1126.9,4,4507.6,20419583.300000012
2025-08-01 10:18:58 AM,1125.5,0,0.0,20419583.300000012
2025-08-01 10:18:58 AM,1125.5,293,329771.5,20749354.800000012
2025-08-01 10:19:13 AM,1126.9,0,0.0,20749354.800000012
2025-08-01 10:19:16 AM,1126.9,50,56345.00000000001,20805699.800000012
2025-08-01 10:19:49 AM,1126.0,0,0.0,20805699.800000012
2025-08-01 10:19:50 AM,1126.0,50,56300.0,20861999.800000012
2025-08-01 10:20:01 AM,1126.0,4,4504.0,20866503.800000012
2025-08-01 10:20:04 AM,1126.8,0,0.0,20866503.800000012
2025-08-01 10:20:06 AM,1126.8,7,7887.599999999999,20874391.400000013
2025-08-01 10:20:18 AM,1126.1,10,11261.0,20885652.400000013
2025-08-01 10:20:36 AM,1127.0,0,0.0,20885652.400000013
2025-08-01 10:20:36 AM,1127.0,229,258083.0,21143735.400000013
2025-08-01 10:20:39 AM,1127.4,0,0.0,21143735.400000013
2025-08-01 10:20:42 AM,1128.3,0,0.0,21143735.400000013
2025-08-01 10:20:42 AM,1128.3,8,9026.4,21152761.800000012
2025-08-01 10:20:48 AM,1127.3,0,0.0,21152761.800000012
2025-08-01 10:20:48 AM,1127.3,1,1127.3,21153889.100000013
2025-08-01 10:20:58 AM,1126.7,0,0.0,21153889.100000013
2025-08-01 10:21:00 AM,1126.7,2,2253.4,21156142.50000001
2025-08-01 10:21:04 AM,1127.5,0,0.0,21156142.50000001
2025-08-01 10:21:05 AM,1127.5,1,1127.5,21157270.00000001
2025-08-01 10:21:06 AM,1127.6,0,0.0,21157270.00000001
2025-08-01 10:21:07 AM,1127.6,2,2255.2,21159525.20000001
2025-08-01 10:21:18 AM,1126.0,0,0.0,21159525.20000001
2025-08-01 10:21:18 AM,1126.0,236,265736.0,21425261.20000001
2025-08-01 10:21:29 AM,1125.9,2,2251.8,21427513.00000001
2025-08-01 10:21:32 AM,1125.1,18,20251.8,21447764.800000012
2025-08-01 10:21:54 AM,1125.9,0,0.0,21447764.800000012
2025-08-01 10:21:55 AM,1125.9,4,4503.6,21452268.400000013
2025-08-01 10:22:12 AM,1126.0,25,28150.0,21480418.400000013
2025-08-01 10:22:14 AM,1125.6,655,737267.9999999999,22217686.400000013
2025-08-01 10:22:24 AM,1124.2,0,0.0,22217686.400000013
2025-08-01 10:22:24 AM,1124.2,5,5621.0,22223307.400000013
2025-08-01 10:22:46 AM,1125.4,13,14630.2,22237937.600000013
2025-08-01 10:22:54 AM,1124.1,55,61825.49999999999,22299763.100000013
2025-08-01 10:23:02 AM,1125.1,0,0.0,22299763.100000013
2025-08-01 10:23:02 AM,1125.1,50,56254.99999999999,22356018.100000013
2025-08-01 10:23:26 AM,1124.8,0,0.0,22356018.100000013
2025-08-01 10:23:29 AM,1125.0,0,0.0,22356018.100000013
2025-08-01 10:23:29 AM,1125.0,9,10125.0,22366143.100000013
2025-08-01 10:23:34 AM,1124.9,3,3374.7000000000003,22369517.800000012
2025-08-01 10:23:47 AM,1123.3,0,0.0,22369517.800000012
2025-08-01 10:23:48 AM,1123.3,140,157262.0,22526779.800000012
2025-08-01 10:24:02 AM,1123.2,0,0.0,22526779.800000012
2025-08-01 10:24:02 AM,1123.2,25,28080.0,22554859.800000012
2025-08-01 10:24:09 AM,1124.4,0,0.0,22554859.800000012
2025-08-01 10:24:10 AM,1124.4,2,2248.8,22557108.600000013
2025-08-01 10:24:30 AM,1124.8,0,0.0,22557108.600000013
2025-08-01 10:24:30 AM,1124.8,1,1124.8,22558233.400000013
2025-08-01 10:24:35 AM,1123.8,0,0.0,22558233.400000013
2025-08-01 10:24:35 AM,1123.8,10,11238.0,22569471.400000013
2025-08-01 10:24:43 AM,1123.8,38,42704.4,22612175.800000012
2025-08-01 10:24:52 AM,1123.8,5,5619.0,22617794.800000012
2025-08-01 10:24:54 AM,1123.7,0,0.0,22617794.800000012
2025-08-01 10:24:54 AM,1123.7,2,2247.4,22620042.20000001
2025-08-01 10:24:57 AM,1123.5,0,0.0,22620042.20000001
2025-08-01 10:24:57 AM,1123.5,50,56175.0,22676217.20000001
2025-08-01 10:25:23 AM,1123.8,1,1123.8,22677341.00000001
2025-08-01 10:25:28 AM,1123.5,0,0.0,22677341.00000001
2025-08-01 10:25:29 AM,1123.5,2,2247.0,22679588.00000001
2025-08-01 10:25:51 AM,1125.1,0,0.0,22679588.00000001
2025-08-01 10:25:51 AM,1125.1,598,672809.7999999999,23352397.800000012
2025-08-01 10:26:21 AM,1126.1,0,0.0,23352397.800000012
2025-08-01 10:26:22 AM,1126.1,4,4504.4,23356902.20000001
2025-08-01 10:26:27 AM,1126.6,0,0.0,23356902.20000001
2025-08-01 10:26:28 AM,1126.6,373,420221.8,23777124.00000001
2025-08-01 10:26:39 AM,1126.8,0,0.0,23777124.00000001
2025-08-01 10:26:39 AM,1126.8,10,11268.0,23788392.00000001
2025-08-01 10:27:16 AM,1126.8,1,1126.8,23789518.800000012
2025-08-01 10:27:27 AM,1127.3,15,16909.5,23806428.300000012
2025-08-01 10:27:54 AM,1127.2,0,0.0,23806428.300000012
2025-08-01 10:27:55 AM,1127.2,1,1127.2,23807555.50000001
2025-08-01 10:28:02 AM,1127.4,10,11274.0,23818829.50000001
2025-08-01 10:28:08 AM,1127.4,1,1127.4,23819956.90000001
2025-08-01 10:28:12 AM,1126.5,0,0.0,23819956.90000001
2025-08-01 10:28:13 AM,1126.5,1,1126.5,23821083.40000001
2025-08-01 10:28:18 AM,1125.9,139,156500.1,23977583.50000001
2025-08-01 10:28:32 AM,1125.8,0,0.0,23977583.50000001
2025-08-01 10:28:32 AM,1125.8,5,5629.0,23983212.50000001
2025-08-01 10:28:52 AM,1125.8,50,56290.0,24039502.50000001
2025-08-01 10:29:11 AM,1125.7,2,2251.4,24041753.90000001
2025-08-01 10:29:13 AM,1125.8,0,0.0,24041753.90000001
2025-08-01 10:29:15 AM,1125.8,10,11258.0,24053011.90000001
2025-08-01 10:29:28 AM,1125.7,10,11257.0,24064268.90000001
2025-08-01 10:30:07 AM,1125.6,25,28139.999999999996,24092408.90000001
2025-08-01 10:30:08 AM,1125.0,0,0.0,24092408.90000001
2025-08-01 10:30:10 AM,1125.0,5,5625.0,24098033.90000001
2025-08-01 10:30:35 AM,1125.6,0,0.0,24098033.90000001
2025-08-01 10:30:36 AM,1125.6,17,19135.199999999997,24117169.10000001
2025-08-01 10:30:53 AM,1125.5,0,0.0,24117169.10000001
2025-08-01 10:30:53 AM,1125.5,2,2251.0,24119420.10000001
2025-08-01 10:30:55 AM,1125.5,40,45020.0,24164440.10000001
2025-08-01 10:31:13 AM,1125.5,3,3376.5,24167816.60000001
2025-08-01 10:31:35 AM,1125.5,18,20259.0,24188075.60000001
2025-08-01 10:31:38 AM,1125.5,5,5627.5,24193703.10000001
2025-08-01 10:32:10 AM,1125.7,0,0.0,24193703.10000001
2025-08-01 10:32:12 AM,1125.7,149,167729.30000000002,24361432.40000001
2025-08-01 10:32:26 AM,1126.5,5,5632.5,24367064.90000001
2025-08-01 10:32:30 AM,1126.0,0,0.0,24367064.90000001
2025-08-01 10:32:32 AM,1126.0,6,6756.0,24373820.90000001
2025-08-01 10:33:03 AM,1126.4,0,0.0,24373820.90000001
2025-08-01 10:33:04 AM,1126.4,1,1126.4,24374947.30000001
2025-08-01 10:33:12 AM,1126.4,4,4505.6,24379452.90000001
2025-08-01 10:33:37 AM,1126.5,0,0.0,24379452.90000001
2025-08-01 10:33:37 AM,1126.5,2,2253.0,24381705.90000001
2025-08-01 10:33:42 AM,1126.5,10,11265.0,24392970.90000001
2025-08-01 10:34:03 AM,1126.5,2,2253.0,24395223.90000001
2025-08-01 10:34:37 AM,1126.5,2,2253.0,24397476.90000001
2025-08-01 10:34:56 AM,1126.5,2,2253.0,24399729.90000001
2025-08-01 10:35:02 AM,1126.5,9,10138.5,24409868.40000001
2025-08-01 10:35:10 AM,1126.3,0,0.0,24409868.40000001
2025-08-01 10:35:11 AM,1126.3,25,28157.5,24438025.90000001
2025-08-01 10:35:53 AM,1127.2,23,25925.600000000002,24463951.50000001
2025-08-01 10:36:46 AM,1127.2,250,281800.0,24745751.50000001
2025-08-01 10:36:53 AM,1127.0,3,3381.0,24749132.50000001
2025-08-01 10:37:19 AM,1126.1,0,0.0,24749132.50000001
2025-08-01 10:37:21 AM,1126.1,100,112609.99999999999,24861742.50000001
2025-08-01 10:37:30 AM,1127.1,5,5635.5,24867378.00000001
2025-08-01 10:38:31 AM,1127.1,2,2254.2,24869632.20000001
2025-08-01 10:38:33 AM,1127.3,0,0.0,24869632.20000001
2025-08-01 10:38:34 AM,1127.3,56,63128.799999999996,24932761.00000001
2025-08-01 10:38:37 AM,1127.0,0,0.0,24932761.00000001
2025-08-01 10:38:37 AM,1127.0,2,2254.0,24935015.00000001
2025-08-01 10:39:08 AM,1127.0,145,163415.0,25098430.00000001
2025-08-01 10:39:16 AM,1126.8,0,0.0,25098430.00000001
2025-08-01 10:39:16 AM,1126.8,25,28170.0,25126600.00000001
2025-08-01 10:39:47 AM,1126.7,3,3380.1000000000004,25129980.100000013
2025-08-01 10:40:48 AM,1127.4,0,0.0,25129980.100000013
2025-08-01 10:40:48 AM,1127.4,1,1127.4,25131107.50000001
2025-08-01 10:41:50 AM,1127.4,3,3382.2000000000003,25134489.70000001
2025-08-01 10:42:06 AM,1127.7,88,99237.6,25233727.300000012
2025-08-01 10:42:18 AM,1127.4,0,0.0,25233727.300000012
2025-08-01 10:42:19 AM,1127.4,122,137542.80000000002,25371270.100000013
2025-08-01 10:42:38 AM,1127.6,0,0.0,25371270.100000013
2025-08-01 10:42:39 AM,1127.6,1,1127.6,25372397.700000014
2025-08-01 10:42:47 AM,1127.5,46,51865.0,25424262.700000014
2025-08-01 10:43:01 AM,1127.4,79,89064.6,25513327.300000016
2025-08-01 10:43:23 AM,1127.0,0,0.0,25513327.300000016
2025-08-01 10:43:23 AM,1127.0,1,1127.0,25514454.300000016
2025-08-01 10:43:39 AM,1127.0,5,5635.0,25520089.300000016
2025-08-01 10:43:45 AM,1126.3,10,11263.0,25531352.300000016
2025-08-01 10:43:47 AM,1126.9,0,0.0,25531352.300000016
2025-08-01 10:43:47 AM,1126.9,3,3380.7000000000003,25534733.000000015
2025-08-01 10:43:51 AM,1126.0,0,0.0,25534733.000000015
2025-08-01 10:43:52 AM,1126.0,10,11260.0,25545993.000000015
2025-08-01 10:44:32 AM,1126.8,3,3380.3999999999996,25549373.400000013
2025-08-01 10:45:47 AM,1126.0,0,0.0,25549373.400000013
2025-08-01 10:45:48 AM,1126.0,4,4504.0,25553877.400000013
2025-08-01 10:46:13 AM,1126.0,26,29276.0,25583153.400000013
2025-08-01 10:46:29 AM,1125.5,0,0.0,25583153.400000013
2025-08-01 10:46:30 AM,1125.5,4,4502.0,25587655.400000013
2025-08-01 10:46:33 AM,1125.5,11,12380.5,25600035.900000013
2025-08-01 10:46:50 AM,1125.0,0,0.0,25600035.900000013
2025-08-01 10:46:50 AM,1125.0,17,19125.0,25619160.900000013
2025-08-01 10:46:56 AM,1125.0,12,13500.0,25632660.900000013
2025-08-01 10:47:25 AM,1125.7,0,0.0,25632660.900000013
2025-08-01 10:47:28 AM,1125.7,8,9005.6,25641666.500000015
2025-08-01 10:47:39 AM,1125.0,129,145125.0,25786791.500000015
2025-08-01 10:47:57 AM,1125.0,44,49500.0,25836291.500000015
2025-08-01 10:48:04 AM,1124.8,0,0.0,25836291.500000015
2025-08-01 10:48:06 AM,1124.8,15,16872.0,25853163.500000015
2025-08-01 10:48:45 AM,1124.9,0,0.0,25853163.500000015
2025-08-01 10:48:46 AM,1124.9,2,2249.8,25855413.300000016
2025-08-01 10:49:13 AM,1125.8,1,1125.8,25856539.100000016
2025-08-01 10:49:54 AM,1125.8,5,5629.0,25862168.100000016
2025-08-01 10:50:03 AM,1125.9,0,0.0,25862168.100000016
2025-08-01 10:50:05 AM,1125.9,1,1125.9,25863294.000000015
2025-08-01 10:50:19 AM,1124.1,0,0.0,25863294.000000015
2025-08-01 10:50:22 AM,1124.1,400,449639.99999999994,26312934.000000015
2025-08-01 10:50:48 AM,1125.8,0,0.0,26312934.000000015
2025-08-01 10:50:50 AM,1125.8,25,28145.0,26341079.000000015
2025-08-01 10:51:01 AM,1125.8,15,16887.0,26357966.000000015
2025-08-01 10:51:09 AM,1124.5,0,0.0,26357966.000000015
2025-08-01 10:51:11 AM,1125.2,0,0.0,26357966.000000015
2025-08-01 10:51:13 AM,1125.2,20,22504.0,26380470.000000015
2025-08-01 10:51:18 AM,1125.2,1,1125.2,26381595.200000014
2025-08-01 10:51:29 AM,1124.2,72,80942.40000000001,26462537.600000013
2025-08-01 10:52:05 AM,1125.2,0,0.0,26462537.600000013
2025-08-01 10:52:07 AM,1125.2,5,5626.0,26468163.600000013
2025-08-01 10:52:15 AM,1125.0,0,0.0,26468163.600000013
2025-08-01 10:52:18 AM,1125.0,14,15750.0,26483913.600000013
2025-08-01 10:52:51 AM,1124.4,0,0.0,26483913.600000013
2025-08-01 10:52:55 AM,1124.4,50,56220.00000000001,26540133.600000013
2025-08-01 10:52:56 AM,1125.0,0,0.0,26540133.600000013
2025-08-01 10:52:56 AM,1125.0,2,2250.0,26542383.600000013
2025-08-01 10:53:00 AM,1125.0,10,11250.0,26553633.600000013
2025-08-01 10:54:20 AM,1126.3,19,21399.7,26575033.300000012
2025-08-01 10:54:31 AM,1125.6,0,0.0,26575033.300000012
2025-08-01 10:54:31 AM,1125.6,3,3376.7999999999997,26578410.100000013
2025-08-01 10:54:34 AM,1126.3,0,0.0,26578410.100000013
2025-08-01 10:54:36 AM,1126.3,1,1126.3,26579536.400000013
2025-08-01 10:55:30 AM,1126.0,2,2252.0,26581788.400000013
2025-08-01 10:55:35 AM,1126.0,10,11260.0,26593048.400000013
2025-08-01 10:55:36 AM,1126.0,30,33780.0,26626828.400000013
2025-08-01 10:55:42 AM,1125.5,25,28137.5,26654965.900000013
2025-08-01 10:55:58 AM,1126.1,0,0.0,26654965.900000013
2025-08-01 10:56:02 AM,1126.1,10,11261.0,26666226.900000013
2025-08-01 10:56:07 AM,1126.1,1,1126.1,26667353.000000015
2025-08-01 10:56:12 AM,1126.1,20,22522.0,26689875.000000015
2025-08-01 10:56:27 AM,1126.2,0,0.0,26689875.000000015
2025-08-01 10:56:28 AM,1126.2,7,7883.400000000001,26697758.400000013
2025-08-01 10:56:38 AM,1126.5,1,1126.5,26698884.900000013
2025-08-01 10:57:37 AM,1125.5,50,56275.0,26755159.900000013
2025-08-01 10:57:57 AM,1125.6,0,0.0,26755159.900000013
2025-08-01 10:57:58 AM,1125.6,5,5628.0,26760787.900000013
2025-08-01 10:58:01 AM,1126.6,0,0.0,26760787.900000013
2025-08-01 10:58:03 AM,1126.6,50,56329.99999999999,26817117.900000013
2025-08-01 10:58:17 AM,1126.1,0,0.0,26817117.900000013
2025-08-01 10:58:19 AM,1126.1,2,2252.2,26819370.100000013
2025-08-01 10:58:25 AM,1127.1,473,533118.2999999999,27352488.400000013
2025-08-01 10:59:08 AM,1127.1,2,2254.2,27354742.600000013
2025-08-01 10:59:23 AM,1126.5,5,5632.5,27360375.100000013
2025-08-01 10:59:30 AM,1126.3,0,0.0,27360375.100000013
2025-08-01 10:59:33 AM,1126.3,10,11263.0,27371638.100000013
2025-08-01 10:59:42 AM,1127.0,0,0.0,27371638.100000013
2025-08-01 10:59:44 AM,1127.0,5,5635.0,27377273.100000013
2025-08-01 10:59:55 AM,1126.0,26,29276.0,27406549.100000013
2025-08-01 11:00:00 AM,1126.3,5,5631.5,27412180.600000013
2025-08-01 11:00:06 AM,1126.3,18,20273.399999999998,27432454.00000001
2025-08-01 11:00:29 AM,1126.3,11,12389.3,27444843.300000012
2025-08-01 11:00:29 AM,1125.1,18,20251.8,27465095.100000013
2025-08-01 11:00:41 AM,1125.0,0,0.0,27465095.100000013
2025-08-01 11:00:45 AM,1125.0,100,112500.0,27577595.100000013
2025-08-01 11:00:55 AM,1126.0,2,2252.0,27579847.100000013
2025-08-01 11:01:14 AM,1125.0,0,0.0,27579847.100000013
2025-08-01 11:01:17 AM,1125.0,12,13500.0,27593347.100000013
2025-08-01 11:01:49 AM,1126.1,5,5630.5,27598977.600000013
2025-08-01 11:02:08 AM,1126.1,2,2252.2,27601229.800000012
2025-08-01 11:02:16 AM,1125.0,0,0.0,27601229.800000012
2025-08-01 11:02:19 AM,1125.0,25,28125.0,27629354.800000012
2025-08-01 11:02:32 AM,1125.0,5,5625.0,27634979.800000012
2025-08-01 11:02:41 AM,1126.4,0,0.0,27634979.800000012
2025-08-01 11:02:42 AM,1126.4,40,45056.0,27680035.800000012
2025-08-01 11:02:59 AM,1126.2,0,0.0,27680035.800000012
2025-08-01 11:02:59 AM,1126.2,1,1126.2,27681162.00000001
2025-08-01 11:03:03 AM,1126.2,5,5631.0,27686793.00000001
2025-08-01 11:03:04 AM,1125.0,0,0.0,27686793.00000001
2025-08-01 11:03:04 AM,1125.0,13,14625.0,27701418.00000001
2025-08-01 11:03:21 AM,1125.3,0,0.0,27701418.00000001
2025-08-01 11:03:23 AM,1125.1,0,0.0,27701418.00000001
2025-08-01 11:03:23 AM,1125.1,38,42753.799999999996,27744171.800000012
2025-08-01 11:03:31 AM,1126.5,0,0.0,27744171.800000012
2025-08-01 11:03:33 AM,1126.5,2,2253.0,27746424.800000012
2025-08-01 11:03:43 AM,1126.0,0,0.0,27746424.800000012
2025-08-01 11:03:44 AM,1126.0,10,11260.0,27757684.800000012
2025-08-01 11:04:06 AM,1123.6,0,0.0,27757684.800000012
2025-08-01 11:04:08 AM,1123.6,840,943823.9999999999,28701508.800000012
2025-08-01 11:05:01 AM,1125.3,0,0.0,28701508.800000012
2025-08-01 11:05:03 AM,1124.3,2,2248.6,28703757.400000013
2025-08-01 11:05:13 AM,1123.7,0,0.0,28703757.400000013
2025-08-01 11:05:14 AM,1123.7,50,56185.0,28759942.400000013
2025-08-01 11:05:40 AM,1125.1,0,0.0,28759942.400000013
2025-08-01 11:05:40 AM,1125.1,5,5625.5,28765567.900000013
2025-08-01 11:05:41 AM,1125.2,0,0.0,28765567.900000013
2025-08-01 11:05:42 AM,1125.2,4,4500.8,28770068.700000014
2025-08-01 11:05:46 AM,1124.1,10,11241.0,28781309.700000014
2025-08-01 11:06:08 AM,1125.1,1,1125.1,28782434.800000016
2025-08-01 11:06:23 AM,1125.1,1,1125.1,28783559.900000017
2025-08-01 11:06:35 AM,1125.0,0,0.0,28783559.900000017
2025-08-01 11:06:37 AM,1125.0,1,1125.0,28784684.900000017
2025-08-01 11:06:55 AM,1125.0,1,1125.0,28785809.900000017
2025-08-01 11:07:22 AM,1125.0,4,4500.0,28790309.900000017
2025-08-01 11:07:30 AM,1124.9,0,0.0,28790309.900000017
2025-08-01 11:07:32 AM,1124.9,2,2249.8,28792559.700000018
2025-08-01 11:07:37 AM,1124.5,0,0.0,28792559.700000018
2025-08-01 11:07:37 AM,1124.5,1,1124.5,28793684.200000018
2025-08-01 11:07:52 AM,1123.1,0,0.0,28793684.200000018
2025-08-01 11:07:53 AM,1123.1,90,101078.99999999999,28894763.200000018
2025-08-01 11:07:59 AM,1123.0,37,41551.0,28936314.200000018
2025-08-01 11:08:48 AM,1122.7,0,0.0,28936314.200000018
2025-08-01 11:08:48 AM,1122.7,92,103288.40000000001,29039602.600000016
2025-08-01 11:08:58 AM,1122.0,0,0.0,29039602.600000016
2025-08-01 11:09:00 AM,1122.0,170,190740.0,29230342.600000016
2025-08-01 11:09:01 AM,1121.9,0,0.0,29230342.600000016
2025-08-01 11:09:02 AM,1121.9,1,1121.9,29231464.500000015
2025-08-01 11:09:17 AM,1120.4,0,0.0,29231464.500000015
2025-08-01 11:09:17 AM,1120.4,200,224080.00000000003,29455544.500000015
2025-08-01 11:09:23 AM,1121.4,8,8971.2,29464515.700000014
2025-08-01 11:09:31 AM,1121.8,2,2243.6,29466759.300000016
2025-08-01 11:09:36 AM,1121.8,1,1121.8,29467881.100000016
2025-08-01 11:09:38 AM,1121.8,2,2243.6,29470124.700000018
2025-08-01 11:09:41 AM,1121.4,0,0.0,29470124.700000018
2025-08-01 11:09:42 AM,1121.4,1,1121.4,29471246.100000016
2025-08-01 11:10:03 AM,1121.1,0,0.0,29471246.100000016
2025-08-01 11:10:03 AM,1121.1,4,4484.4,29475730.500000015
2025-08-01 11:10:06 AM,1122.0,0,0.0,29475730.500000015
2025-08-01 11:10:08 AM,1122.0,3,3366.0,29479096.500000015
2025-08-01 11:10:15 AM,1122.3,3,3366.8999999999996,29482463.400000013
2025-08-01 11:10:35 AM,1121.0,30,33630.0,29516093.400000013
2025-08-01 11:10:42 AM,1121.7,0,0.0,29516093.400000013
2025-08-01 11:10:46 AM,1121.8,6,6730.799999999999,29522824.200000014
2025-08-01 11:11:03 AM,1121.8,10,11218.0,29534042.200000014
2025-08-01 11:11:24 AM,1121.7,7,7851.900000000001,29541894.100000013
2025-08-01 11:12:17 AM,1120.7,0,0.0,29541894.100000013
2025-08-01 11:12:18 AM,1120.7,75,84052.5,29625946.600000013
2025-08-01 11:12:33 AM,1121.8,0,0.0,29625946.600000013
2025-08-01 11:12:35 AM,1121.8,2,2243.6,29628190.200000014
2025-08-01 11:12:48 AM,1121.9,0,0.0,29628190.200000014
2025-08-01 11:12:50 AM,1121.9,10,11219.0,29639409.200000014
2025-08-01 11:12:51 AM,1120.9,9,10088.1,29649497.300000016
2025-08-01 11:12:56 AM,1120.9,5,5604.5,29655101.800000016
2025-08-01 11:13:07 AM,1121.9,1,1121.9,29656223.700000014
2025-08-01 11:13:55 AM,1121.8,0,0.0,29656223.700000014
2025-08-01 11:13:56 AM,1121.8,1,1121.8,29657345.500000015
2025-08-01 11:14:07 AM,1121.8,2,2243.6,29659589.100000016
2025-08-01 11:14:22 AM,1122.2,0,0.0,29659589.100000016
2025-08-01 11:14:22 AM,1122.2,2,2244.4,29661833.500000015
2025-08-01 11:14:48 AM,1121.8,30,33654.0,29695487.500000015
2025-08-01 11:14:54 AM,1121.8,3,3365.3999999999996,29698852.900000013
2025-08-01 11:15:05 AM,1121.8,1,1121.8,29699974.700000014
2025-08-01 11:15:37 AM,1120.5,125,140062.5,29840037.200000014
2025-08-01 11:15:42 AM,1120.6,0,0.0,29840037.200000014
2025-08-01 11:15:42 AM,1120.6,4,4482.4,29844519.600000013
2025-08-01 11:15:58 AM,1121.3,0,0.0,29844519.600000013
2025-08-01 11:15:58 AM,1121.3,5,5606.5,29850126.100000013
2025-08-01 11:16:02 AM,1121.8,195,218751.0,30068877.100000013
2025-08-01 11:16:29 AM,1120.8,16,17932.8,30086809.900000013
2025-08-01 11:16:38 AM,1122.3,0,0.0,30086809.900000013
2025-08-01 11:16:40 AM,1122.3,71,79683.3,30166493.200000014
2025-08-01 11:16:47 AM,1120.9,0,0.0,30166493.200000014
2025-08-01 11:16:50 AM,1120.9,9,10088.1,30176581.300000016
2025-08-01 11:16:57 AM,1120.7,2,2241.4,30178822.700000014
2025-08-01 11:17:00 AM,1120.5,0,0.0,30178822.700000014
2025-08-01 11:17:01 AM,1121.7,50,56085.0,30234907.700000014
2025-08-01 11:17:04 AM,1120.5,0,0.0,30234907.700000014
2025-08-01 11:17:06 AM,1120.5,75,84037.5,30318945.200000014
2025-08-01 11:17:51 AM,1121.8,2,2243.6,30321188.800000016
2025-08-01 11:18:00 AM,1122.0,0,0.0,30321188.800000016
2025-08-01 11:18:01 AM,1122.0,22,24684.0,30345872.800000016
2025-08-01 11:18:07 AM,1121.8,0,0.0,30345872.800000016
2025-08-01 11:18:10 AM,1121.8,15,16827.0,30362699.800000016
2025-08-01 11:18:32 AM,1121.5,0,0.0,30362699.800000016
2025-08-01 11:18:32 AM,1121.5,4,4486.0,30367185.800000016
2025-08-01 11:18:58 AM,1120.7,0,0.0,30367185.800000016
2025-08-01 11:19:01 AM,1120.6,15,16809.0,30383994.800000016
2025-08-01 11:19:18 AM,1120.6,140,156884.0,30540878.800000016
2025-08-01 11:20:06 AM,1121.9,0,0.0,30540878.800000016
2025-08-01 11:20:07 AM,1121.9,1,1121.9,30542000.700000014
2025-08-01 11:20:23 AM,1121.9,1,1121.9,30543122.600000013
2025-08-01 11:20:28 AM,1121.9,4,4487.6,30547610.200000014
2025-08-01 11:20:35 AM,1122.2,0,0.0,30547610.200000014
2025-08-01 11:20:38 AM,1122.2,6,6733.200000000001,30554343.400000013
2025-08-01 11:20:49 AM,1122.4,10,11224.0,30565567.400000013
2025-08-01 11:20:56 AM,1122.6,0,0.0,30565567.400000013
2025-08-01 11:20:59 AM,1122.6,1,1122.6,30566690.000000015
2025-08-01 11:21:20 AM,1122.6,1,1122.6,30567812.600000016
2025-08-01 11:21:20 AM,1121.5,21,23551.5,30591364.100000016
2025-08-01 11:21:26 AM,1122.8,100,112280.0,30703644.100000016
2025-08-01 11:21:50 AM,1122.0,0,0.0,30703644.100000016
2025-08-01 11:21:51 AM,1122.0,160,179520.0,30883164.100000016
2025-08-01 11:22:23 AM,1122.0,41,46002.0,30929166.100000016
2025-08-01 11:22:28 AM,1122.8,0,0.0,30929166.100000016
2025-08-01 11:22:28 AM,1122.8,3,3368.3999999999996,30932534.500000015
2025-08-01 11:22:31 AM,1121.4,0,0.0,30932534.500000015
2025-08-01 11:22:34 AM,1121.4,20,22428.0,30954962.500000015
2025-08-01 11:22:38 AM,1121.0,0,0.0,30954962.500000015
2025-08-01 11:22:39 AM,1121.0,72,80712.0,31035674.500000015
2025-08-01 11:23:09 AM,1121.3,0,0.0,31035674.500000015
2025-08-01 11:23:10 AM,1121.3,32,35881.6,31071556.100000016
2025-08-01 11:24:54 AM,1121.0,0,0.0,31071556.100000016
2025-08-01 11:24:54 AM,1121.0,300,336300.0,31407856.100000016
2025-08-01 11:26:29 AM,1122.8,1,1122.8,31408978.900000017
2025-08-01 11:26:38 AM,1122.5,4,4490.0,31413468.900000017
2025-08-01 11:26:41 AM,1120.9,0,0.0,31413468.900000017
2025-08-01 11:26:43 AM,1120.9,53,59407.700000000004,31472876.600000016
2025-08-01 11:27:23 AM,1120.9,4,4483.6,31477360.200000018
2025-08-01 11:28:17 AM,1121.9,5,5609.5,31482969.700000018
2025-08-01 11:28:20 AM,1120.5,0,0.0,31482969.700000018
2025-08-01 11:28:20 AM,1120.5,180,201690.0,31684659.700000018
2025-08-01 11:28:50 AM,1120.6,0,0.0,31684659.700000018
2025-08-01 11:28:51 AM,1120.6,4,4482.4,31689142.100000016
2025-08-01 11:28:52 AM,1121.6,0,0.0,31689142.100000016
2025-08-01 11:28:53 AM,1121.6,5,5608.0,31694750.100000016
2025-08-01 11:29:14 AM,1121.7,9,10095.300000000001,31704845.400000017
2025-08-01 11:29:53 AM,1121.8,0,0.0,31704845.400000017
2025-08-01 11:29:53 AM,1121.8,20,22436.0,31727281.400000017
2025-08-01 11:30:18 AM,1120.5,0,0.0,31727281.400000017
2025-08-01 11:30:20 AM,1120.5,10,11205.0,31738486.400000017
2025-08-01 11:30:44 AM,1120.5,65,72832.5,31811318.900000017
2025-08-01 11:31:28 AM,1121.3,26,29153.8,31840472.700000018
2025-08-01 11:32:14 AM,1121.9,0,0.0,31840472.700000018
2025-08-01 11:32:14 AM,1121.9,1,1121.9,31841594.600000016
2025-08-01 11:32:16 AM,1122.0,12,13464.0,31855058.600000016
2025-08-01 11:33:06 AM,1122.0,1,1122.0,31856180.600000016
2025-08-01 11:33:52 AM,1122.0,6,6732.0,31862912.600000016
2025-08-01 11:34:07 AM,1122.0,10,11220.0,31874132.600000016
2025-08-01 11:34:11 AM,1121.9,0,0.0,31874132.600000016
2025-08-01 11:34:12 AM,1121.9,1,1121.9,31875254.500000015
2025-08-01 11:34:49 AM,1121.9,3,3365.7000000000003,31878620.200000014
2025-08-01 11:35:10 AM,1121.9,20,22438.0,31901058.200000014
2025-08-01 11:35:21 AM,1121.9,12,13462.800000000001,31914521.000000015
2025-08-01 11:35:26 AM,1121.3,0,0.0,31914521.000000015
2025-08-01 11:35:26 AM,1121.3,9,10091.699999999999,31924612.700000014
2025-08-01 11:35:42 AM,1121.3,22,24668.6,31949281.300000016
2025-08-01 11:36:28 AM,1122.0,10,11220.0,31960501.300000016
2025-08-01 11:36:38 AM,1122.0,45,50490.0,32010991.300000016
2025-08-01 11:36:47 AM,1120.8,0,0.0,32010991.300000016
2025-08-01 11:36:49 AM,1121.8,26,29166.8,32040158.100000016
2025-08-01 11:37:05 AM,1121.8,10,11218.0,32051376.100000016
2025-08-01 11:38:47 AM,1121.8,10,11218.0,32062594.100000016
2025-08-01 11:39:36 AM,1120.2,0,0.0,32062594.100000016
2025-08-01 11:39:38 AM,1119.6,0,0.0,32062594.100000016
2025-08-01 11:39:38 AM,1119.6,1015,1136394.0,33198988.100000016
2025-08-01 11:39:44 AM,1119.9,0,0.0,33198988.100000016
2025-08-01 11:39:44 AM,1119.9,38,42556.200000000004,33241544.300000016
2025-08-01 11:39:55 AM,1119.9,1,1119.9,33242664.200000014
2025-08-01 11:40:05 AM,1119.9,1,1119.9,33243784.100000013
2025-08-01 11:40:16 AM,1119.0,0,0.0,33243784.100000013
2025-08-01 11:40:16 AM,1119.9,0,0.0,33243784.100000013
2025-08-01 11:40:16 AM,1119.9,7,7839.300000000001,33251623.400000013
2025-08-01 11:40:26 AM,1119.9,10,11199.0,33262822.400000013
2025-08-01 11:40:30 AM,1119.9,1,1119.9,33263942.300000012
2025-08-01 11:40:44 AM,1119.0,0,0.0,33263942.300000012
2025-08-01 11:40:45 AM,1119.0,50,55950.0,33319892.300000012
2025-08-01 11:40:49 AM,1120.5,0,0.0,33319892.300000012
2025-08-01 11:40:50 AM,1120.5,57,63868.5,33383760.800000012
2025-08-01 11:40:56 AM,1120.8,1,1120.8,33384881.600000013
2025-08-01 11:40:58 AM,1121.0,0,0.0,33384881.600000013
2025-08-01 11:41:01 AM,1121.0,4,4484.0,33389365.600000013
2025-08-01 11:41:01 AM,1121.1,4,4484.4,33393850.00000001
2025-08-01 11:41:46 AM,1120.0,2,2240.0,33396090.00000001
2025-08-01 11:41:50 AM,1121.1,0,0.0,33396090.00000001
2025-08-01 11:41:51 AM,1121.1,1,1121.1,33397211.100000013
2025-08-01 11:42:56 AM,1121.5,0,0.0,33397211.100000013
2025-08-01 11:42:59 AM,1121.5,176,197384.0,33594595.10000001
2025-08-01 11:43:24 AM,1121.3,0,0.0,33594595.10000001
2025-08-01 11:43:26 AM,1121.3,1,1121.3,33595716.400000006
2025-08-01 11:43:40 AM,1121.2,0,0.0,33595716.400000006
2025-08-01 11:43:41 AM,1121.2,12,13454.400000000001,33609170.800000004
2025-08-01 11:43:42 AM,1120.3,0,0.0,33609170.800000004
2025-08-01 11:43:46 AM,1120.3,10,11203.0,33620373.800000004
2025-08-01 11:43:54 AM,1121.0,0,0.0,33620373.800000004
2025-08-01 11:43:57 AM,1121.0,10,11210.0,33631583.800000004
2025-08-01 11:44:02 AM,1121.0,5,5605.0,33637188.800000004
2025-08-01 11:44:06 AM,1121.3,0,0.0,33637188.800000004
2025-08-01 11:44:08 AM,1121.3,75,84097.5,33721286.300000004
2025-08-01 11:44:37 AM,1120.8,0,0.0,33721286.300000004
2025-08-01 11:44:37 AM,1120.8,1,1120.8,33722407.1
2025-08-01 11:44:48 AM,1120.8,7,7845.599999999999,33730252.7
2025-08-01 11:45:11 AM,1121.0,0,0.0,33730252.7
2025-08-01 11:45:15 AM,1121.0,10,11210.0,33741462.7
2025-08-01 11:45:31 AM,1121.0,5,5605.0,33747067.7
2025-08-01 11:46:13 AM,1121.0,44,49324.0,33796391.7
2025-08-01 11:46:49 AM,1120.9,0,0.0,33796391.7
2025-08-01 11:46:51 AM,1120.9,2,2241.8,33798633.5
2025-08-01 11:46:57 AM,1120.9,3,3362.7000000000003,33801996.2
2025-08-01 11:47:42 AM,1121.5,13,14579.5,33816575.7
2025-08-01 11:47:48 AM,1121.5,10,11215.0,33827790.7
2025-08-01 11:47:57 AM,1121.5,9,10093.5,33837884.2
2025-08-01 11:48:33 AM,1121.6,1,1121.6,33839005.800000004
2025-08-01 11:48:43 AM,1121.6,3,3364.7999999999997,33842370.6
2025-08-01 11:49:07 AM,1121.0,0,0.0,33842370.6
2025-08-01 11:49:08 AM,1121.0,50,56050.0,33898420.6
2025-08-01 11:49:18 AM,1122.0,0,0.0,33898420.6
2025-08-01 11:49:19 AM,1122.0,5,5610.0,33904030.6
2025-08-01 11:49:50 AM,1122.0,1,1122.0,33905152.6
2025-08-01 11:50:01 AM,1122.0,1,1122.0,33906274.6
2025-08-01 11:50:06 AM,1122.0,1,1122.0,33907396.6
2025-08-01 11:50:08 AM,1121.6,0,0.0,33907396.6
2025-08-01 11:50:10 AM,1122.0,0,0.0,33907396.6
2025-08-01 11:50:11 AM,1122.0,304,341088.0,34248484.6
2025-08-01 11:50:33 AM,1123.1,0,0.0,34248484.6
2025-08-01 11:50:37 AM,1123.1,10,11231.0,34259715.6
2025-08-01 11:52:11 AM,1123.1,5,5615.5,34265331.1
2025-08-01 11:52:22 AM,1123.5,11,12358.5,34277689.6
2025-08-01 11:52:36 AM,1124.0,1,1124.0,34278813.6
2025-08-01 11:53:22 AM,1124.0,3,3372.0,34282185.6
2025-08-01 11:54:30 AM,1123.7,0,0.0,34282185.6
2025-08-01 11:54:33 AM,1123.7,1,1123.7,34283309.300000004
2025-08-01 11:54:57 AM,1123.6,0,0.0,34283309.300000004
2025-08-01 11:54:58 AM,1123.6,3,3370.7999999999997,34286680.1
2025-08-01 11:55:30 AM,1123.4,10,11234.0,34297914.1
2025-08-01 11:55:37 AM,1123.3,0,0.0,34297914.1
2025-08-01 11:55:38 AM,1122.5,4,4490.0,34302404.1
2025-08-01 11:56:31 AM,1123.4,0,0.0,34302404.1
2025-08-01 11:56:34 AM,1123.4,11,12357.400000000001,34314761.5
2025-08-01 11:57:19 AM,1123.4,139,156152.6,34470914.1
2025-08-01 11:57:49 AM,1123.4,4,4493.6,34475407.7
2025-08-01 11:58:18 AM,1123.2,9,10108.800000000001,34485516.5
2025-08-01 11:58:34 AM,1121.1,0,0.0,34485516.5
2025-08-01 11:58:37 AM,1121.1,340,381173.99999999994,34866690.5
2025-08-01 11:58:57 AM,1122.9,0,0.0,34866690.5
2025-08-01 11:58:58 AM,1122.9,1,1122.9,34867813.4
2025-08-01 11:59:01 AM,1121.8,0,0.0,34867813.4
2025-08-01 11:59:03 AM,1121.8,5,5609.0,34873422.4
2025-08-01 12:00:39 PM,1122.7,0,0.0,34873422.4
2025-08-01 12:00:41 PM,1122.7,20,22454.0,34895876.4
2025-08-01 12:00:57 PM,1122.5,0,0.0,34895876.4
2025-08-01 12:00:58 PM,1121.9,8,8975.2,34904851.6
2025-08-01 12:01:08 PM,1122.5,3,3367.5,34908219.1
2025-08-01 12:01:53 PM,1123.2,0,0.0,34908219.1
2025-08-01 12:01:53 PM,1123.2,1,1123.2,34909342.300000004
2025-08-01 12:03:00 PM,1122.5,15,16837.5,34926179.800000004
2025-08-01 12:03:03 PM,1122.6,0,0.0,34926179.800000004
2025-08-01 12:03:03 PM,1122.6,1,1122.6,34927302.400000006
2025-08-01 12:03:17 PM,1122.0,0,0.0,34927302.400000006
2025-08-01 12:03:18 PM,1122.0,2,2244.0,34929546.400000006
2025-08-01 12:03:21 PM,1121.8,0,0.0,34929546.400000006
2025-08-01 12:03:23 PM,1121.8,1,1121.8,34930668.2
2025-08-01 12:04:12 PM,1122.4,0,0.0,34930668.2
2025-08-01 12:04:14 PM,1122.4,1,1122.4,34931790.6
2025-08-01 12:04:37 PM,1122.5,0,0.0,34931790.6
2025-08-01 12:04:38 PM,1122.5,5,5612.5,34937403.1
2025-08-01 12:04:56 PM,1121.8,0,0.0,34937403.1
2025-08-01 12:04:57 PM,1121.8,11,12339.8,34949742.9
2025-08-01 12:05:44 PM,1121.8,1,1121.8,34950864.699999996
2025-08-01 12:06:04 PM,1121.8,11,12339.8,34963204.49999999
2025-08-01 12:06:08 PM,1120.4,0,0.0,34963204.49999999
2025-08-01 12:06:09 PM,1121.6,51,57201.6,35020406.099999994
2025-08-01 12:06:23 PM,1121.6,13,14580.8,35034986.89999999
2025-08-01 12:06:29 PM,1121.1,100,112109.99999999999,35147096.89999999
2025-08-01 12:06:56 PM,1121.6,0,0.0,35147096.89999999
2025-08-01 12:06:58 PM,1121.1,55,61660.49999999999,35208757.39999999
2025-08-01 12:07:08 PM,1121.6,2,2243.2,35211000.599999994
2025-08-01 12:08:01 PM,1121.1,0,0.0,35211000.599999994
2025-08-01 12:08:03 PM,1121.1,1,1121.1,35212121.699999996
2025-08-01 12:08:06 PM,1121.6,0,0.0,35212121.699999996
2025-08-01 12:08:09 PM,1121.6,1,1121.6,35213243.3
2025-08-01 12:08:18 PM,1121.1,0,0.0,35213243.3
2025-08-01 12:08:19 PM,1121.1,9,10089.9,35223333.199999996
2025-08-01 12:08:29 PM,1121.3,0,0.0,35223333.199999996
2025-08-01 12:08:29 PM,1121.3,1,1121.3,35224454.49999999
2025-08-01 12:08:58 PM,1121.3,1,1121.3,35225575.79999999
2025-08-01 12:09:14 PM,1120.2,0,0.0,35225575.79999999
2025-08-01 12:09:18 PM,1120.2,10,11202.0,35236777.79999999
2025-08-01 12:09:38 PM,1120.2,30,33606.0,35270383.79999999
2025-08-01 12:10:03 PM,1120.2,31,34726.200000000004,35305109.99999999
2025-08-01 12:10:40 PM,1121.1,0,0.0,35305109.99999999
2025-08-01 12:10:43 PM,1121.1,7,7847.699999999999,35312957.699999996
2025-08-01 12:10:47 PM,1120.2,0,0.0,35312957.699999996
2025-08-01 12:10:48 PM,1120.2,2,2240.4,35315198.099999994
2025-08-01 12:11:16 PM,1121.3,0,0.0,35315198.099999994
2025-08-01 12:11:18 PM,1121.3,102,114372.59999999999,35429570.699999996
2025-08-01 12:11:47 PM,1121.3,1,1121.3,35430691.99999999
2025-08-01 12:12:17 PM,1121.3,50,56065.0,35486756.99999999
2025-08-01 12:13:25 PM,1121.2,0,0.0,35486756.99999999
2025-08-01 12:13:27 PM,1121.2,1,1121.2,35487878.199999996
2025-08-01 12:13:37 PM,1121.0,5,5605.0,35493483.199999996
2025-08-01 12:13:57 PM,1120.4,184,206153.6,35699636.8
2025-08-01 12:14:01 PM,1121.0,0,0.0,35699636.8
2025-08-01 12:14:02 PM,1121.0,1,1121.0,35700757.8
2025-08-01 12:14:13 PM,1121.0,10,11210.0,35711967.8
2025-08-01 12:14:32 PM,1121.0,3,3363.0,35715330.8
2025-08-01 12:14:37 PM,1121.0,10,11210.0,35726540.8
2025-08-01 12:14:39 PM,1120.5,0,0.0,35726540.8
2025-08-01 12:14:42 PM,1120.5,2,2241.0,35728781.8
2025-08-01 12:15:08 PM,1120.5,50,56025.0,35784806.8
2025-08-01 12:15:12 PM,1121.0,0,0.0,35784806.8
2025-08-01 12:15:13 PM,1121.0,6,6726.0,35791532.8
2025-08-01 12:15:16 PM,1120.3,0,0.0,35791532.8
2025-08-01 12:15:18 PM,1120.3,113,126593.9,35918126.699999996
2025-08-01 12:15:28 PM,1120.0,0,0.0,35918126.699999996
2025-08-01 12:15:28 PM,1120.0,80,89600.0,36007726.699999996
2025-08-01 12:15:33 PM,1120.0,38,42560.0,36050286.699999996
2025-08-01 12:15:49 PM,1120.0,10,11200.0,36061486.699999996
2025-08-01 12:16:00 PM,1120.9,0,0.0,36061486.699999996
2025-08-01 12:16:04 PM,1120.9,10,11209.0,36072695.699999996
2025-08-01 12:16:22 PM,1121.0,0,0.0,36072695.699999996
2025-08-01 12:16:23 PM,1121.0,11,12331.0,36085026.699999996
2025-08-01 12:16:28 PM,1121.0,2,2242.0,36087268.699999996
2025-08-01 12:16:42 PM,1120.0,0,0.0,36087268.699999996
2025-08-01 12:16:43 PM,1120.0,119,133280.0,36220548.699999996
2025-08-01 12:16:54 PM,1120.9,0,0.0,36220548.699999996
2025-08-01 12:16:57 PM,1120.9,10,11209.0,36231757.699999996
2025-08-01 12:17:13 PM,1121.0,0,0.0,36231757.699999996
2025-08-01 12:17:17 PM,1121.0,72,80712.0,36312469.699999996
2025-08-01 12:17:24 PM,1120.1,0,0.0,36312469.699999996
2025-08-01 12:17:27 PM,1120.1,2,2240.2,36314709.9
2025-08-01 12:17:28 PM,1121.0,0,0.0,36314709.9
2025-08-01 12:17:31 PM,1121.0,15,16815.0,36331524.9
2025-08-01 12:18:10 PM,1120.1,3,3360.2999999999997,36334885.199999996
2025-08-01 12:18:15 PM,1121.0,11,12331.0,36347216.199999996
2025-08-01 12:18:24 PM,1121.9,0,0.0,36347216.199999996
2025-08-01 12:18:24 PM,1121.9,50,56095.00000000001,36403311.199999996
2025-08-01 12:18:26 PM,1121.1,0,0.0,36403311.199999996
2025-08-01 12:18:29 PM,1121.1,3,3363.2999999999997,36406674.49999999
2025-08-01 12:19:20 PM,1121.6,14,15702.399999999998,36422376.89999999
2025-08-01 12:19:34 PM,1120.1,0,0.0,36422376.89999999
2025-08-01 12:19:35 PM,1120.1,559,626135.8999999999,37048512.79999999
2025-08-01 12:20:13 PM,1119.5,0,0.0,37048512.79999999
2025-08-01 12:20:17 PM,1119.5,6,6717.0,37055229.79999999
2025-08-01 12:20:47 PM,1120.3,0,0.0,37055229.79999999
2025-08-01 12:20:48 PM,1120.3,31,34729.299999999996,37089959.09999999
2025-08-01 12:21:08 PM,1120.3,17,19045.1,37109004.19999999
2025-08-01 12:21:32 PM,1120.3,30,33609.0,37142613.19999999
2025-08-01 12:22:04 PM,1120.9,0,0.0,37142613.19999999
2025-08-01 12:22:06 PM,1120.9,2,2241.8,37144854.999999985
2025-08-01 12:22:24 PM,1120.3,0,0.0,37144854.999999985
2025-08-01 12:22:27 PM,1120.3,5,5601.5,37150456.499999985
2025-08-01 12:22:36 PM,1121.1,0,0.0,37150456.499999985
2025-08-01 12:22:38 PM,1121.1,2,2242.2,37152698.69999999
2025-08-01 12:23:08 PM,1121.1,6,6726.599999999999,37159425.29999999
2025-08-01 12:23:09 PM,1121.2,0,0.0,37159425.29999999
2025-08-01 12:23:13 PM,1121.2,5,5606.0,37165031.29999999
2025-08-01 12:23:39 PM,1120.5,0,0.0,37165031.29999999
2025-08-01 12:23:41 PM,1120.5,10,11205.0,37176236.29999999
2025-08-01 12:27:43 PM,1120.5,24,26892.0,37203128.29999999
2025-08-01 12:28:01 PM,1120.3,0,0.0,37203128.29999999
2025-08-01 12:28:01 PM,1120.3,136,152360.8,37355489.09999999
2025-08-01 12:28:24 PM,1121.0,0,0.0,37355489.09999999
2025-08-01 12:28:26 PM,1121.0,14,15694.0,37371183.09999999
2025-08-01 12:28:31 PM,1121.0,3,3363.0,37374546.09999999
2025-08-01 12:29:14 PM,1120.3,0,0.0,37374546.09999999
2025-08-01 12:29:16 PM,1120.3,10,11203.0,37385749.09999999
2025-08-01 12:29:32 PM,1120.3,60,67218.0,37452967.09999999
2025-08-01 12:30:16 PM,1120.3,3,3360.8999999999996,37456327.999999985
2025-08-01 12:30:24 PM,1120.0,0,0.0,37456327.999999985
2025-08-01 12:30:27 PM,1120.0,81,90720.0,37547047.999999985
2025-08-01 12:30:28 PM,1119.3,0,0.0,37547047.999999985
2025-08-01 12:30:29 PM,1119.3,20,22386.0,37569433.999999985
2025-08-01 12:30:46 PM,1119.0,0,0.0,37569433.999999985
2025-08-01 12:30:47 PM,1119.0,2,2238.0,37571671.999999985
2025-08-01 12:31:07 PM,1120.0,10,11200.0,37582871.999999985
2025-08-01 12:31:32 PM,1121.0,0,0.0,37582871.999999985
2025-08-01 12:31:34 PM,1121.0,90,100890.0,37683761.999999985
2025-08-01 12:32:04 PM,1120.2,0,0.0,37683761.999999985
2025-08-01 12:32:06 PM,1120.2,4,4480.8,37688242.79999998
2025-08-01 12:32:37 PM,1119.3,0,0.0,37688242.79999998
2025-08-01 12:32:38 PM,1119.3,80,89544.0,37777786.79999998
2025-08-01 12:32:43 PM,1120.5,0,0.0,37777786.79999998
2025-08-01 12:32:47 PM,1120.5,1,1120.5,37778907.29999998
2025-08-01 12:32:56 PM,1120.8,0,0.0,37778907.29999998
2025-08-01 12:32:57 PM,1120.8,6,6724.799999999999,37785632.09999998
2025-08-01 12:33:26 PM,1119.7,0,0.0,37785632.09999998
2025-08-01 12:33:27 PM,1119.7,5,5598.5,37791230.59999998
2025-08-01 12:33:29 PM,1120.7,0,0.0,37791230.59999998
2025-08-01 12:33:32 PM,1120.7,7,7844.900000000001,37799075.49999998
2025-08-01 12:34:12 PM,1120.7,10,11207.0,37810282.49999998
2025-08-01 12:34:13 PM,1120.8,0,0.0,37810282.49999998
2025-08-01 12:34:17 PM,1120.8,10,11208.0,37821490.49999998
2025-08-01 12:34:33 PM,1120.8,4,4483.2,37825973.69999998
2025-08-01 12:34:53 PM,1119.4,0,0.0,37825973.69999998
2025-08-01 12:34:53 PM,1119.4,49,54850.600000000006,37880824.29999998
2025-08-01 12:35:13 PM,1119.4,1,1119.4,37881943.69999998
2025-08-01 12:35:19 PM,1119.4,13,14552.2,37896495.89999998
2025-08-01 12:35:50 PM,1120.2,1,1120.2,37897616.09999999
2025-08-01 12:36:06 PM,1120.2,1,1120.2,37898736.29999999
2025-08-01 12:36:21 PM,1120.2,1,1120.2,37899856.49999999
2025-08-01 12:36:53 PM,1120.5,1,1120.5,37900976.99999999
2025-08-01 12:36:57 PM,1119.4,0,0.0,37900976.99999999
2025-08-01 12:36:57 PM,1119.4,10,11194.0,37912170.99999999
2025-08-01 12:37:08 PM,1119.5,2,2239.0,37914409.99999999
2025-08-01 12:37:19 PM,1120.6,0,0.0,37914409.99999999
2025-08-01 12:37:22 PM,1120.6,2,2241.2,37916651.199999996
2025-08-01 12:38:04 PM,1119.6,0,0.0,37916651.199999996
2025-08-01 12:38:07 PM,1119.6,50,55979.99999999999,37972631.199999996
2025-08-01 12:38:16 PM,1119.5,0,0.0,37972631.199999996
2025-08-01 12:38:18 PM,1119.5,25,27987.5,38000618.699999996
2025-08-01 12:38:21 PM,1120.5,0,0.0,38000618.699999996
2025-08-01 12:38:22 PM,1120.5,1,1120.5,38001739.199999996
2025-08-01 12:38:52 PM,1119.7,0,0.0,38001739.199999996
2025-08-01 12:38:53 PM,1119.7,10,11197.0,38012936.199999996
2025-08-01 12:38:54 PM,1120.5,0,0.0,38012936.199999996
2025-08-01 12:38:56 PM,1120.5,1,1120.5,38014056.699999996
2025-08-01 12:39:12 PM,1120.5,1,1120.5,38015177.199999996
2025-08-01 12:39:17 PM,1120.4,0,0.0,38015177.199999996
2025-08-01 12:39:20 PM,1120.4,9,10083.6,38025260.8
2025-08-01 12:39:58 PM,1120.3,0,0.0,38025260.8
2025-08-01 12:40:01 PM,1120.3,5,5601.5,38030862.3
2025-08-01 12:40:15 PM,1119.4,0,0.0,38030862.3
2025-08-01 12:40:16 PM,1119.4,5,5597.0,38036459.3
2025-08-01 12:40:29 PM,1120.3,0,0.0,38036459.3
2025-08-01 12:40:32 PM,1120.3,4,4481.2,38040940.5
2025-08-01 12:40:47 PM,1120.3,5,5601.5,38046542.0
2025-08-01 12:41:30 PM,1120.5,0,0.0,38046542.0
2025-08-01 12:41:34 PM,1120.5,2,2241.0,38048783.0
2025-08-01 12:41:55 PM,1120.4,1,1120.4,38049903.4
2025-08-01 12:41:56 PM,1120.4,10,11204.0,38061107.4
2025-08-01 12:42:06 PM,1120.4,13,14565.2,38075672.6
2025-08-01 12:42:47 PM,1118.5,0,0.0,38075672.6
2025-08-01 12:42:51 PM,1118.6,450,503369.99999999994,38579042.6
2025-08-01 12:43:22 PM,1118.0,0,0.0,38579042.6
2025-08-01 12:43:24 PM,1118.0,10,11180.0,38590222.6
2025-08-01 12:43:52 PM,1118.0,2,2236.0,38592458.6
2025-08-01 12:44:11 PM,1116.6,0,0.0,38592458.6
2025-08-01 12:44:14 PM,1116.6,240,267984.0,38860442.6
2025-08-01 12:44:17 PM,1117.8,0,0.0,38860442.6
2025-08-01 12:44:19 PM,1117.8,5,5589.0,38866031.6
2025-08-01 12:44:24 PM,1117.8,5,5589.0,38871620.6
2025-08-01 12:44:45 PM,1116.9,3,3350.7000000000003,38874971.300000004
2025-08-01 12:44:55 PM,1117.7,0,0.0,38874971.300000004
2025-08-01 12:44:55 PM,1117.7,3,3353.1000000000004,38878324.400000006
2025-08-01 12:45:06 PM,1118.0,50,55900.0,38934224.400000006
2025-08-01 12:45:47 PM,1118.6,25,27964.999999999996,38962189.400000006
2025-08-01 12:45:58 PM,1118.4,1,1118.4,38963307.800000004
2025-08-01 12:46:06 PM,1117.2,0,0.0,38963307.800000004
2025-08-01 12:46:07 PM,1117.2,20,22344.0,38985651.800000004
2025-08-01 12:46:45 PM,1118.1,0,0.0,38985651.800000004
2025-08-01 12:46:48 PM,1118.1,1,1118.1,38986769.900000006
2025-08-01 12:47:13 PM,1116.7,0,0.0,38986769.900000006
2025-08-01 12:47:13 PM,1116.7,80,89336.0,39076105.900000006
2025-08-01 12:47:22 PM,1117.9,0,0.0,39076105.900000006
2025-08-01 12:47:23 PM,1117.9,9,10061.1,39086167.00000001
2025-08-01 12:47:29 PM,1118.0,0,0.0,39086167.00000001
2025-08-01 12:47:33 PM,1118.0,29,32422.0,39118589.00000001
2025-08-01 12:47:53 PM,1118.7,0,0.0,39118589.00000001
2025-08-01 12:47:53 PM,1118.7,10,11187.0,39129776.00000001
2025-08-01 12:48:03 PM,1118.0,0,0.0,39129776.00000001
2025-08-01 12:48:03 PM,1118.0,1,1118.0,39130894.00000001
2025-08-01 12:48:12 PM,1117.9,0,0.0,39130894.00000001
2025-08-01 12:48:14 PM,1117.9,100,111790.00000000001,39242684.00000001
2025-08-01 12:48:34 PM,1117.9,9,10061.1,39252745.10000001
2025-08-01 12:48:58 PM,1117.8,0,0.0,39252745.10000001
2025-08-01 12:48:59 PM,1117.8,86,96130.8,39348875.900000006
2025-08-01 12:49:03 PM,1117.9,0,0.0,39348875.900000006
2025-08-01 12:49:03 PM,1117.9,161,179981.90000000002,39528857.800000004
2025-08-01 12:49:13 PM,1117.9,10,11179.0,39540036.800000004
2025-08-01 12:49:57 PM,1117.9,1,1117.9,39541154.7
2025-08-01 12:50:06 PM,1117.0,0,0.0,39541154.7
2025-08-01 12:50:08 PM,1117.0,18,20106.0,39561260.7
2025-08-01 12:50:45 PM,1117.0,300,335100.0,39896360.7
2025-08-01 12:50:56 PM,1118.3,0,0.0,39896360.7
2025-08-01 12:50:57 PM,1118.3,2,2236.6,39898597.300000004
2025-08-01 12:51:15 PM,1117.1,0,0.0,39898597.300000004
2025-08-01 12:51:16 PM,1117.1,50,55854.99999999999,39954452.300000004
2025-08-01 12:52:02 PM,1117.1,200,223419.99999999997,40177872.300000004
2025-08-01 12:52:31 PM,1118.4,12,13420.800000000001,40191293.1
2025-08-01 12:53:17 PM,1117.7,0,0.0,40191293.1
2025-08-01 12:53:20 PM,1117.7,10,11177.0,40202470.1
2025-08-01 12:53:24 PM,1118.3,0,0.0,40202470.1
2025-08-01 12:53:25 PM,1118.3,1,1118.3,40203588.4
2025-08-01 12:53:37 PM,1118.4,0,0.0,40203588.4
2025-08-01 12:53:40 PM,1118.4,37,41380.8,40244969.199999996
2025-08-01 12:54:56 PM,1118.0,0,0.0,40244969.199999996
2025-08-01 12:54:57 PM,1118.0,151,168818.0,40413787.199999996
2025-08-01 12:55:27 PM,1118.2,0,0.0,40413787.199999996
2025-08-01 12:55:29 PM,1118.2,8,8945.6,40422732.8
2025-08-01 12:55:38 PM,1117.4,0,0.0,40422732.8
2025-08-01 12:55:38 PM,1117.4,1,1117.4,40423850.199999996
2025-08-01 12:55:47 PM,1118.1,0,0.0,40423850.199999996
2025-08-01 12:55:48 PM,1118.1,4,4472.4,40428322.599999994
2025-08-01 12:56:04 PM,1118.2,9,10063.800000000001,40438386.39999999
2025-08-01 12:56:26 PM,1116.6,0,0.0,40438386.39999999
2025-08-01 12:56:28 PM,1116.6,100,111659.99999999999,40550046.39999999
2025-08-01 12:57:10 PM,1117.0,0,0.0,40550046.39999999
2025-08-01 12:57:13 PM,1117.0,5,5585.0,40555631.39999999
2025-08-01 12:57:27 PM,1117.8,0,0.0,40555631.39999999
2025-08-01 12:57:28 PM,1117.8,1,1117.8,40556749.19999999
2025-08-01 12:58:13 PM,1117.8,1,1117.8,40557866.999999985
2025-08-01 12:58:53 PM,1117.7,0,0.0,40557866.999999985
2025-08-01 12:58:54 PM,1117.7,30,33531.0,40591397.999999985
2025-08-01 12:59:04 PM,1117.7,5,5588.5,40596986.499999985
2025-08-01 12:59:29 PM,1117.0,5,5585.0,40602571.499999985
2025-08-01 12:59:46 PM,1117.8,0,0.0,40602571.499999985
2025-08-01 12:59:50 PM,1117.8,50,55890.0,40658461.499999985
2025-08-01 12:59:54 PM,1117.7,0,0.0,40658461.499999985
2025-08-01 12:59:56 PM,1117.7,2,2235.4,40660696.89999998
2025-08-01 12:59:58 PM,1117.9,0,0.0,40660696.89999998
2025-08-01 01:00:01 PM,1117.9,30,33537.0,40694233.89999998
2025-08-01 01:00:15 PM,1117.1,0,0.0,40694233.89999998
2025-08-01 01:00:16 PM,1117.1,2,2234.2,40696468.09999999
2025-08-01 01:00:48 PM,1117.1,7,7819.699999999999,40704287.79999999
2025-08-01 01:01:12 PM,1117.0,0,0.0,40704287.79999999
2025-08-01 01:01:15 PM,1117.0,10,11170.0,40715457.79999999
2025-08-01 01:01:20 PM,1117.4,1,1117.4,40716575.19999999
2025-08-01 01:01:50 PM,1117.4,2,2234.8,40718809.999999985
2025-08-01 01:02:02 PM,1117.9,0,0.0,40718809.999999985
2025-08-01 01:02:04 PM,1117.9,4,4471.6,40723281.59999999
2025-08-01 01:02:07 PM,1116.8,0,0.0,40723281.59999999
2025-08-01 01:02:09 PM,1116.8,50,55840.0,40779121.59999999
2025-08-01 01:02:12 PM,1117.9,0,0.0,40779121.59999999
2025-08-01 01:02:14 PM,1117.9,100,111790.00000000001,40890911.59999999
2025-08-01 01:02:39 PM,1117.7,0,0.0,40890911.59999999
2025-08-01 01:02:40 PM,1117.7,1,1117.7,40892029.29999999
2025-08-01 01:02:50 PM,1117.7,1,1117.7,40893146.99999999
2025-08-01 01:03:33 PM,1116.7,0,0.0,40893146.99999999
2025-08-01 01:03:34 PM,1116.7,18,20100.600000000002,40913247.599999994
2025-08-01 01:03:48 PM,1117.5,0,0.0,40913247.599999994
2025-08-01 01:03:49 PM,1117.5,20,22350.0,40935597.599999994
2025-08-01 01:04:04 PM,1116.6,35,39081.0,40974678.599999994
2025-08-01 01:04:37 PM,1117.3,3,3351.8999999999996,40978030.49999999
2025-08-01 01:04:55 PM,1117.7,0,0.0,40978030.49999999
2025-08-01 01:04:57 PM,1117.7,25,27942.5,41005972.99999999
2025-08-01 01:05:07 PM,1117.6,1,1117.6,41007090.599999994
2025-08-01 01:06:13 PM,1117.7,0,0.0,41007090.599999994
2025-08-01 01:06:14 PM,1117.7,1,1117.7,41008208.3
2025-08-01 01:06:45 PM,1117.7,57,63708.9,41071917.199999996
2025-08-01 01:08:11 PM,1117.7,20,22354.0,41094271.199999996
2025-08-01 01:08:48 PM,1117.7,10,11177.0,41105448.199999996
2025-08-01 01:09:11 PM,1116.9,0,0.0,41105448.199999996
2025-08-01 01:09:11 PM,1116.9,60,67014.0,41172462.199999996
2025-08-01 01:09:18 PM,1117.9,0,0.0,41172462.199999996
2025-08-01 01:09:19 PM,1117.9,4,4471.6,41176933.8
2025-08-01 01:09:52 PM,1117.8,1,1117.8,41178051.599999994
2025-08-01 01:10:12 PM,1117.8,2,2235.6,41180287.199999996
2025-08-01 01:10:50 PM,1117.8,124,138607.19999999998,41318894.4
2025-08-01 01:11:13 PM,1117.8,5,5589.0,41324483.4
2025-08-01 01:11:18 PM,1117.0,0,0.0,41324483.4
2025-08-01 01:11:19 PM,1117.0,10,11170.0,41335653.4
2025-08-01 01:11:37 PM,1116.7,30,33501.0,41369154.4
2025-08-01 01:11:42 PM,1116.8,0,0.0,41369154.4
2025-08-01 01:11:42 PM,1116.8,2,2233.6,41371388.0
2025-08-01 01:11:58 PM,1116.7,0,0.0,41371388.0
2025-08-01 01:11:59 PM,1116.7,10,11167.0,41382555.0
2025-08-01 01:12:03 PM,1117.7,30,33531.0,41416086.0
2025-08-01 01:12:24 PM,1117.8,6,6706.799999999999,41422792.8
2025-08-01 01:12:25 PM,1116.6,0,0.0,41422792.8
2025-08-01 01:12:27 PM,1116.6,43,48013.799999999996,41470806.599999994
2025-08-01 01:12:29 PM,1117.7,2,2235.4,41473041.99999999
2025-08-01 01:12:29 PM,1116.8,0,0.0,41473041.99999999
2025-08-01 01:12:32 PM,1116.8,10,11168.0,41484209.99999999
2025-08-01 01:12:34 PM,1117.9,2,2235.8,41486445.79999999
2025-08-01 01:12:37 PM,1117.8,0,0.0,41486445.79999999
2025-08-01 01:12:37 PM,1117.8,2,2235.6,41488681.39999999
2025-08-01 01:12:53 PM,1117.8,13,14531.4,41503212.79999999
2025-08-01 01:12:55 PM,1117.8,6,6706.799999999999,41509919.59999999
2025-08-01 01:12:55 PM,1118.0,0,0.0,41509919.59999999
2025-08-01 01:12:58 PM,1118.0,55,61490.0,41571409.59999999
2025-08-01 01:13:01 PM,1117.9,0,0.0,41571409.59999999
2025-08-01 01:13:03 PM,1117.9,14,15650.600000000002,41587060.19999999
2025-08-01 01:13:05 PM,1118.9,4,4475.6,41591535.79999999
2025-08-01 01:13:10 PM,1118.8,0,0.0,41591535.79999999
2025-08-01 01:13:10 PM,1118.8,2,2237.6,41593773.39999999
2025-08-01 01:13:25 PM,1118.8,4,4475.2,41598248.599999994
2025-08-01 01:13:30 PM,1118.8,2,2237.6,41600486.199999996
2025-08-01 01:13:32 PM,1119.0,0,0.0,41600486.199999996
2025-08-01 01:13:33 PM,1119.0,10,11190.0,41611676.199999996
2025-08-01 01:13:46 PM,1119.0,2,2238.0,41613914.199999996
2025-08-01 01:13:49 PM,1119.0,2,2238.0,41616152.199999996
2025-08-01 01:13:54 PM,1119.0,2,2238.0,41618390.199999996
2025-08-01 01:14:12 PM,1119.0,2,2238.0,41620628.199999996
2025-08-01 01:14:14 PM,1119.0,2,2238.0,41622866.199999996
2025-08-01 01:14:22 PM,1119.0,4,4476.0,41627342.199999996
2025-08-01 01:14:29 PM,1119.0,3,3357.0,41630699.199999996
2025-08-01 01:14:34 PM,1118.9,28,31329.200000000004,41662028.4
2025-08-01 01:14:45 PM,1118.9,2,2237.8,41664266.199999996
2025-08-01 01:14:48 PM,1118.9,4,4475.6,41668741.8
2025-08-01 01:15:00 PM,1118.9,2,2237.8,41670979.599999994
2025-08-01 01:15:09 PM,1118.9,2,2237.8,41673217.39999999
2025-08-01 01:15:10 PM,1118.9,2,2237.8,41675455.19999999
2025-08-01 01:15:18 PM,1118.9,2,2237.8,41677692.999999985
2025-08-01 01:15:25 PM,1118.9,2,2237.8,41679930.79999998
2025-08-01 01:15:35 PM,1118.9,2,2237.8,41682168.59999998
2025-08-01 01:15:49 PM,1118.8,0,0.0,41682168.59999998
2025-08-01 01:15:51 PM,1118.8,2,2237.6,41684406.19999998
2025-08-01 01:15:59 PM,1118.8,10,11188.0,41695594.19999998
2025-08-01 01:16:09 PM,1118.8,2,2237.6,41697831.79999998
2025-08-01 01:16:11 PM,1118.9,7,7832.300000000001,41705664.09999998
2025-08-01 01:16:13 PM,1117.7,0,0.0,41705664.09999998
2025-08-01 01:16:14 PM,1117.7,82,91651.40000000001,41797315.49999998
2025-08-01 01:16:16 PM,1117.7,1,1117.7,41798433.19999998
2025-08-01 01:16:19 PM,1118.1,0,0.0,41798433.19999998
2025-08-01 01:16:21 PM,1118.1,3,3354.2999999999997,41801787.49999998
2025-08-01 01:16:24 PM,1118.1,2,2236.2,41804023.69999998
2025-08-01 01:16:26 PM,1118.1,2,2236.2,41806259.89999998
2025-08-01 01:16:34 PM,1118.1,2,2236.2,41808496.09999999
2025-08-01 01:16:35 PM,1118.0,0,0.0,41808496.09999999
2025-08-01 01:16:36 PM,1118.0,2,2236.0,41810732.09999999
2025-08-01 01:16:36 PM,1118.1,0,0.0,41810732.09999999
2025-08-01 01:16:39 PM,1118.1,9,10062.9,41820794.999999985
2025-08-01 01:16:41 PM,1118.1,11,12299.099999999999,41833094.09999999
2025-08-01 01:16:46 PM,1118.7,2,2237.4,41835331.499999985
2025-08-01 01:16:48 PM,1118.8,0,0.0,41835331.499999985
2025-08-01 01:16:49 PM,1118.8,4,4475.2,41839806.69999999
2025-08-01 01:16:53 PM,1118.7,0,0.0,41839806.69999999
2025-08-01 01:16:54 PM,1118.7,2,2237.4,41842044.09999999
2025-08-01 01:16:55 PM,1118.6,0,0.0,41842044.09999999
2025-08-01 01:16:56 PM,1118.6,3,3355.7999999999997,41845399.89999998
2025-08-01 01:16:58 PM,1118.7,0,0.0,41845399.89999998
2025-08-01 01:16:59 PM,1118.7,1,1118.7,41846518.59999999
2025-08-01 01:17:04 PM,1118.7,1,1118.7,41847637.29999999
2025-08-01 01:17:23 PM,1118.5,0,0.0,41847637.29999999
2025-08-01 01:17:24 PM,1118.5,2,2237.0,41849874.29999999
2025-08-01 01:17:26 PM,1118.6,0,0.0,41849874.29999999
2025-08-01 01:17:28 PM,1118.6,9,10067.4,41859941.69999999
2025-08-01 01:17:55 PM,1117.8,1,1117.8,41861059.499999985
2025-08-01 01:18:00 PM,1118.6,0,0.0,41861059.499999985
2025-08-01 01:18:00 PM,1118.6,1,1118.6,41862178.09999999
2025-08-01 01:18:25 PM,1118.5,0,0.0,41862178.09999999
2025-08-01 01:18:26 PM,1118.6,6,6711.599999999999,41868889.69999999
2025-08-01 01:18:27 PM,1118.6,1,1118.6,41870008.29999999
2025-08-01 01:18:40 PM,1118.6,1,1118.6,41871126.89999999
2025-08-01 01:18:46 PM,1118.6,2,2237.2,41873364.099999994
2025-08-01 01:18:54 PM,1117.7,0,0.0,41873364.099999994
2025-08-01 01:18:56 PM,1117.7,6,6706.200000000001,41880070.3
2025-08-01 01:18:59 PM,1118.6,0,0.0,41880070.3
2025-08-01 01:19:01 PM,1118.6,5,5593.0,41885663.3
2025-08-01 01:19:06 PM,1118.6,1,1118.6,41886781.9
2025-08-01 01:19:11 PM,1118.6,3,3355.7999999999997,41890137.699999996
2025-08-01 01:19:16 PM,1118.6,4,4474.4,41894612.099999994
2025-08-01 01:19:30 PM,1117.7,0,0.0,41894612.099999994
2025-08-01 01:19:30 PM,1117.7,32,35766.4,41930378.49999999
2025-08-01 01:19:36 PM,1118.5,1,1118.5,41931496.99999999
2025-08-01 01:19:50 PM,1119.3,300,335790.0,42267286.99999999
2025-08-01 01:19:54 PM,1118.8,49,54821.2,42322108.199999996
2025-08-01 01:20:08 PM,1119.0,0,0.0,42322108.199999996
2025-08-01 01:20:10 PM,1119.0,46,51474.0,42373582.199999996
2025-08-01 01:20:15 PM,1119.2,50,55960.0,42429542.199999996
2025-08-01 01:20:22 PM,1119.0,0,0.0,42429542.199999996
2025-08-01 01:20:25 PM,1119.0,50,55950.0,42485492.199999996
2025-08-01 01:22:57 PM,1118.6,0,0.0,42485492.199999996
2025-08-01 01:22:59 PM,1118.6,20,22372.0,42507864.199999996
2025-08-01 01:23:15 PM,1118.1,0,0.0,42507864.199999996
2025-08-01 01:23:17 PM,1118.1,50,55904.99999999999,42563769.199999996
2025-08-01 01:23:56 PM,1119.4,2,2238.8,42566007.99999999
2025-08-01 01:24:01 PM,1118.4,9,10065.6,42576073.599999994
2025-08-01 01:24:15 PM,1119.3,8,8954.4,42585027.99999999
2025-08-01 01:25:03 PM,1119.6,2,2239.2,42587267.199999996
2025-08-01 01:25:14 PM,1119.0,1,1119.0,42588386.199999996
2025-08-01 01:25:29 PM,1118.5,8,8948.0,42597334.199999996
2025-08-01 01:25:38 PM,1118.5,10,11185.0,42608519.199999996
2025-08-01 01:26:46 PM,1119.0,0,0.0,42608519.199999996
2025-08-01 01:26:47 PM,1119.0,30,33570.0,42642089.199999996
2025-08-01 01:26:49 PM,1119.9,0,0.0,42642089.199999996
2025-08-01 01:26:52 PM,1119.9,5,5599.5,42647688.699999996
2025-08-01 01:27:02 PM,1119.9,1,1119.9,42648808.599999994
2025-08-01 01:27:36 PM,1119.0,0,0.0,42648808.599999994
2025-08-01 01:27:36 PM,1119.0,10,11190.0,42659998.599999994
2025-08-01 01:28:00 PM,1119.0,10,11190.0,42671188.599999994
2025-08-01 01:28:44 PM,1119.9,25,27997.500000000004,42699186.099999994
2025-08-01 01:29:20 PM,1120.0,0,0.0,42699186.099999994
2025-08-01 01:29:22 PM,1120.0,15,16800.0,42715986.099999994
2025-08-01 01:29:31 PM,1120.0,5,5600.0,42721586.099999994
2025-08-01 01:29:37 PM,1119.9,0,0.0,42721586.099999994
2025-08-01 01:29:41 PM,1119.9,2,2239.8,42723825.89999999
2025-08-01 01:29:55 PM,1119.9,10,11199.0,42735024.89999999
2025-08-01 01:29:59 PM,1119.9,1,1119.9,42736144.79999999
2025-08-01 01:30:05 PM,1119.9,25,27997.500000000004,42764142.29999999
2025-08-01 01:30:38 PM,1119.9,2,2239.8,42766382.09999999
2025-08-01 01:30:39 PM,1119.9,7,7839.300000000001,42774221.39999998
2025-08-01 01:31:49 PM,1119.9,1,1119.9,42775341.29999998
2025-08-01 01:31:59 PM,1119.9,17,19038.300000000003,42794379.59999998
2025-08-01 01:32:14 PM,1120.0,17,19040.0,42813419.59999998
2025-08-01 01:32:32 PM,1119.9,0,0.0,42813419.59999998
2025-08-01 01:32:33 PM,1119.9,10,11199.0,42824618.59999998
2025-08-01 01:32:42 PM,1120.0,0,0.0,42824618.59999998
2025-08-01 01:32:43 PM,1120.0,7,7840.0,42832458.59999998
2025-08-01 01:32:49 PM,1119.9,3,3359.7000000000003,42835818.29999998
2025-08-01 01:32:53 PM,1119.9,7,7839.300000000001,42843657.59999998
2025-08-01 01:32:58 PM,1120.0,5,5600.0,42849257.59999998
2025-08-01 01:33:12 PM,1120.0,1,1120.0,42850377.59999998
2025-08-01 01:33:27 PM,1120.0,2,2240.0,42852617.59999998
2025-08-01 01:33:32 PM,1120.0,10,11200.0,42863817.59999998
2025-08-01 01:33:37 PM,1120.0,30,33600.0,42897417.59999998
2025-08-01 01:33:41 PM,1120.0,20,22400.0,42919817.59999998
2025-08-01 01:33:45 PM,1120.4,0,0.0,42919817.59999998
2025-08-01 01:33:46 PM,1120.4,200,224080.00000000003,43143897.59999998
2025-08-01 01:33:54 PM,1119.1,0,0.0,43143897.59999998
2025-08-01 01:33:56 PM,1119.1,2,2238.2,43146135.79999998
2025-08-01 01:34:06 PM,1120.1,1,1120.1,43147255.89999998
2025-08-01 01:34:10 PM,1119.0,6,6714.0,43153969.89999998
2025-08-01 01:34:12 PM,1120.0,0,0.0,43153969.89999998
2025-08-01 01:34:15 PM,1120.0,30,33600.0,43187569.89999998
2025-08-01 01:34:34 PM,1119.9,1,1119.9,43188689.79999998
2025-08-01 01:34:53 PM,1119.9,1,1119.9,43189809.69999998
2025-08-01 01:35:08 PM,1119.0,10,11190.0,43200999.69999998
2025-08-01 01:35:34 PM,1119.7,0,0.0,43200999.69999998
2025-08-01 01:35:36 PM,1119.7,2,2239.4,43203239.09999998
2025-08-01 01:35:56 PM,1120.0,50,56000.0,43259239.09999998
2025-08-01 01:37:09 PM,1120.0,2,2240.0,43261479.09999998
2025-08-01 01:37:37 PM,1119.9,10,11199.0,43272678.09999998
2025-08-01 01:38:05 PM,1119.0,0,0.0,43272678.09999998
2025-08-01 01:38:08 PM,1119.0,49,54831.0,43327509.09999998
2025-08-01 01:38:19 PM,1118.0,0,0.0,43327509.09999998
2025-08-01 01:38:19 PM,1118.0,100,111800.0,43439309.09999998
2025-08-01 01:38:51 PM,1118.9,0,0.0,43439309.09999998
2025-08-01 01:38:52 PM,1118.9,21,23496.9,43462805.99999998
2025-08-01 01:38:57 PM,1118.9,3,3356.7000000000003,43466162.69999998
2025-08-01 01:39:19 PM,1118.5,1,1118.5,43467281.19999998
2025-08-01 01:39:37 PM,1117.6,0,0.0,43467281.19999998
2025-08-01 01:39:39 PM,1117.6,537,600151.2,44067432.39999998
2025-08-01 01:39:52 PM,1117.0,0,0.0,44067432.39999998
2025-08-01 01:39:54 PM,1117.0,24,26808.0,44094240.39999998
2025-08-01 01:40:03 PM,1118.0,0,0.0,44094240.39999998
2025-08-01 01:40:05 PM,1118.0,28,31304.0,44125544.39999998
2025-08-01 01:40:15 PM,1118.0,50,55900.0,44181444.39999998
2025-08-01 01:40:23 PM,1118.2,0,0.0,44181444.39999998
2025-08-01 01:40:25 PM,1118.2,2,2236.4,44183680.79999998
2025-08-01 01:40:37 PM,1116.7,0,0.0,44183680.79999998
2025-08-01 01:40:38 PM,1117.8,0,0.0,44183680.79999998
2025-08-01 01:40:40 PM,1117.8,201,224677.8,44408358.59999998
2025-08-01 01:40:52 PM,1118.4,0,0.0,44408358.59999998
2025-08-01 01:40:55 PM,1118.4,200,223680.00000000003,44632038.59999998
2025-08-01 01:41:36 PM,1118.0,0,0.0,44632038.59999998
2025-08-01 01:41:39 PM,1116.8,12,13401.599999999999,44645440.19999998
2025-08-01 01:41:44 PM,1116.8,10,11168.0,44656608.19999998
2025-08-01 01:42:24 PM,1116.8,38,42438.4,44699046.59999998
2025-08-01 01:42:48 PM,1117.9,1,1117.9,44700164.49999998
2025-08-01 01:42:53 PM,1117.9,1,1117.9,44701282.399999976
2025-08-01 01:43:01 PM,1117.2,0,0.0,44701282.399999976
2025-08-01 01:43:03 PM,1117.2,34,37984.8,44739267.19999997
2025-08-01 01:43:24 PM,1118.4,0,0.0,44739267.19999997
2025-08-01 01:43:28 PM,1118.4,10,11184.0,44750451.19999997
2025-08-01 01:43:44 PM,1117.5,0,0.0,44750451.19999997
2025-08-01 01:43:48 PM,1117.5,5,5587.5,44756038.69999997
2025-08-01 01:44:18 PM,1118.5,3,3355.5,44759394.19999997
2025-08-01 01:44:43 PM,1118.5,10,11185.0,44770579.19999997
2025-08-01 01:44:52 PM,1118.5,1,1118.5,44771697.69999997
2025-08-01 01:44:55 PM,1118.6,0,0.0,44771697.69999997
2025-08-01 01:44:57 PM,1118.6,10,11186.0,44782883.69999997
2025-08-01 01:45:15 PM,1117.1,0,0.0,44782883.69999997
2025-08-01 01:45:17 PM,1117.1,36,40215.6,44823099.299999975
2025-08-01 01:46:09 PM,1118.8,0,0.0,44823099.299999975
2025-08-01 01:46:11 PM,1118.8,2,2237.6,44825336.899999976
2025-08-01 01:46:51 PM,1118.8,1,1118.8,44826455.69999997
2025-08-01 01:47:12 PM,1118.8,3,3356.3999999999996,44829812.09999997
2025-08-01 01:47:55 PM,1117.4,0,0.0,44829812.09999997
2025-08-01 01:47:57 PM,1117.4,32,35756.8,44865568.89999997
2025-08-01 01:48:09 PM,1118.7,0,0.0,44865568.89999997
2025-08-01 01:48:11 PM,1118.7,3,3356.1000000000004,44868924.99999997
2025-08-01 01:48:23 PM,1117.4,30,33522.0,44902446.99999997
2025-08-01 01:48:27 PM,1118.5,0,0.0,44902446.99999997
2025-08-01 01:48:27 PM,1118.5,4,4474.0,44906920.99999997
2025-08-01 01:48:28 PM,1118.8,40,44752.0,44951672.99999997
2025-08-01 01:49:06 PM,1118.8,10,11188.0,44962860.99999997
2025-08-01 01:49:10 PM,1118.8,8,8950.4,44971811.39999997
2025-08-01 01:49:12 PM,1117.9,0,0.0,44971811.39999997
2025-08-01 01:49:15 PM,1117.9,8,8943.2,44980754.59999997
2025-08-01 01:49:25 PM,1118.4,1,1118.4,44981872.99999997
2025-08-01 01:49:53 PM,1118.3,0,0.0,44981872.99999997
2025-08-01 01:49:53 PM,1118.3,20,22366.0,45004238.99999997
2025-08-01 01:51:27 PM,1118.3,2,2236.6,45006475.59999997
2025-08-01 01:51:51 PM,1118.3,1,1118.3,45007593.89999997
2025-08-01 01:52:30 PM,1118.3,5,5591.5,45013185.39999997
2025-08-01 01:52:50 PM,1118.3,1,1118.3,45014303.699999966
2025-08-01 01:55:48 PM,1118.3,35,39140.5,45053444.199999966
2025-08-01 01:56:13 PM,1119.0,2,2238.0,45055682.199999966
2025-08-01 01:56:22 PM,1119.1,0,0.0,45055682.199999966
2025-08-01 01:56:23 PM,1119.1,20,22382.0,45078064.199999966
2025-08-01 01:56:34 PM,1119.9,0,0.0,45078064.199999966
2025-08-01 01:56:38 PM,1119.9,178,199342.2,45277406.39999997
2025-08-01 01:56:48 PM,1118.6,10,11186.0,45288592.39999997
2025-08-01 01:56:51 PM,1119.9,0,0.0,45288592.39999997
2025-08-01 01:56:53 PM,1118.6,60,67116.0,45355708.39999997
2025-08-01 01:57:21 PM,1119.8,0,0.0,45355708.39999997
2025-08-01 01:57:23 PM,1119.8,6,6718.799999999999,45362427.199999966
2025-08-01 01:58:01 PM,1119.9,8,8959.2,45371386.39999997
2025-08-01 01:58:09 PM,1119.8,0,0.0,45371386.39999997
2025-08-01 01:58:11 PM,1119.8,15,16797.0,45388183.39999997
2025-08-01 01:58:23 PM,1120.4,0,0.0,45388183.39999997
2025-08-01 01:58:26 PM,1120.4,492,551236.8,45939420.199999966
2025-08-01 01:58:33 PM,1120.1,0,0.0,45939420.199999966
2025-08-01 01:58:36 PM,1120.1,10,11201.0,45950621.199999966
2025-08-01 01:58:46 PM,1120.1,5,5600.5,45956221.699999966
2025-08-01 01:58:57 PM,1120.1,2,2240.2,45958461.89999997
2025-08-01 01:59:12 PM,1120.1,10,11201.0,45969662.89999997
2025-08-01 01:59:44 PM,1120.0,0,0.0,45969662.89999997
2025-08-01 01:59:47 PM,1120.0,58,64960.0,46034622.89999997
2025-08-01 02:00:02 PM,1120.0,1,1120.0,46035742.89999997
2025-08-01 02:01:01 PM,1119.9,0,0.0,46035742.89999997
2025-08-01 02:01:06 PM,1119.9,7,7839.300000000001,46043582.199999966
2025-08-01 02:01:19 PM,1120.1,0,0.0,46043582.199999966
2025-08-01 02:01:21 PM,1119.1,70,78337.0,46121919.199999966
2025-08-01 02:01:30 PM,1119.1,13,14548.3,46136467.49999996
2025-08-01 02:01:52 PM,1119.8,0,0.0,46136467.49999996
2025-08-01 02:01:54 PM,1119.8,1,1119.8,46137587.29999996
2025-08-01 02:01:58 PM,1120.1,0,0.0,46137587.29999996
2025-08-01 02:01:59 PM,1120.1,1,1120.1,46138707.39999996
2025-08-01 02:02:07 PM,1119.5,0,0.0,46138707.39999996
2025-08-01 02:02:09 PM,1119.5,1,1119.5,46139826.89999996
2025-08-01 02:02:45 PM,1118.6,0,0.0,46139826.89999996
2025-08-01 02:02:48 PM,1118.6,128,143180.8,46283007.69999996
2025-08-01 02:03:01 PM,1118.7,0,0.0,46283007.69999996
2025-08-01 02:03:03 PM,1118.7,5,5593.5,46288601.19999996
2025-08-01 02:03:31 PM,1118.3,0,0.0,46288601.19999996
2025-08-01 02:03:34 PM,1118.3,10,11183.0,46299784.19999996
2025-08-01 02:03:39 PM,1118.3,22,24602.6,46324386.79999996
2025-08-01 02:04:14 PM,1118.8,10,11188.0,46335574.79999996
2025-08-01 02:04:30 PM,1118.8,2,2237.6,46337812.39999996
2025-08-01 02:04:49 PM,1118.3,0,0.0,46337812.39999996
2025-08-01 02:04:50 PM,1119.4,0,0.0,46337812.39999996
2025-08-01 02:04:50 PM,1119.4,31,34701.4,46372513.79999996
2025-08-01 02:04:55 PM,1119.4,7,7835.800000000001,46380349.59999996
2025-08-01 02:05:26 PM,1119.0,0,0.0,46380349.59999996
2025-08-01 02:05:30 PM,1119.0,2,2238.0,46382587.59999996
2025-08-01 02:06:05 PM,1119.0,8,8952.0,46391539.59999996
2025-08-01 02:06:20 PM,1118.3,2,2236.6,46393776.19999996
2025-08-01 02:06:31 PM,1117.4,0,0.0,46393776.19999996
2025-08-01 02:06:35 PM,1117.4,121,135205.40000000002,46528981.59999996
2025-08-01 02:06:40 PM,1118.9,15,16783.5,46545765.09999996
2025-08-01 02:06:43 PM,1118.3,0,0.0,46545765.09999996
2025-08-01 02:06:45 PM,1118.3,2,2236.6,46548001.69999996
2025-08-01 02:07:10 PM,1119.0,0,0.0,46548001.69999996
2025-08-01 02:07:12 PM,1119.0,1,1119.0,46549120.69999996
2025-08-01 02:07:21 PM,1119.0,1,1119.0,46550239.69999996
2025-08-01 02:07:35 PM,1118.3,0,0.0,46550239.69999996
2025-08-01 02:07:37 PM,1118.3,3,3354.8999999999996,46553594.59999996
2025-08-01 02:07:47 PM,1117.4,2,2234.8,46555829.399999954
2025-08-01 02:08:11 PM,1117.2,0,0.0,46555829.399999954
2025-08-01 02:08:13 PM,1117.2,29,32398.800000000003,46588228.19999995
2025-08-01 02:08:21 PM,1118.1,0,0.0,46588228.19999995
2025-08-01 02:08:23 PM,1117.1,0,0.0,46588228.19999995
2025-08-01 02:08:23 PM,1117.1,106,118412.59999999999,46706640.79999995
2025-08-01 02:08:31 PM,1118.1,0,0.0,46706640.79999995
2025-08-01 02:08:33 PM,1118.1,26,29070.6,46735711.399999954
2025-08-01 02:08:44 PM,1117.0,167,186539.0,46922250.399999954
2025-08-01 02:09:04 PM,1118.1,7,7826.699999999999,46930077.09999996
2025-08-01 02:09:18 PM,1118.7,0,0.0,46930077.09999996
2025-08-01 02:09:20 PM,1118.7,1,1118.7,46931195.79999996
2025-08-01 02:09:51 PM,1118.1,0,0.0,46931195.79999996
2025-08-01 02:09:51 PM,1118.5,0,0.0,46931195.79999996
2025-08-01 02:09:54 PM,1118.5,2,2237.0,46933432.79999996
2025-08-01 02:10:40 PM,1118.1,0,0.0,46933432.79999996
2025-08-01 02:10:44 PM,1118.1,12,13417.199999999999,46946849.99999996
2025-08-01 02:11:00 PM,1118.8,5,5594.0,46952443.99999996
2025-08-01 02:11:00 PM,1117.2,0,0.0,46952443.99999996
2025-08-01 02:11:05 PM,1117.2,149,166462.80000000002,47118906.79999996
2025-08-01 02:11:11 PM,1119.0,0,0.0,47118906.79999996
2025-08-01 02:11:11 PM,1119.0,1,1119.0,47120025.79999996
2025-08-01 02:12:03 PM,1119.1,7,7833.699999999999,47127859.49999996
2025-08-01 02:12:05 PM,1119.3,0,0.0,47127859.49999996
2025-08-01 02:12:08 PM,1119.3,9,10073.699999999999,47137933.199999966
2025-08-01 02:12:53 PM,1119.1,0,0.0,47137933.199999966
2025-08-01 02:12:54 PM,1119.1,5,5595.5,47143528.699999966
2025-08-01 02:13:15 PM,1118.0,0,0.0,47143528.699999966
2025-08-01 02:13:16 PM,1118.0,10,11180.0,47154708.699999966
2025-08-01 02:14:12 PM,1117.0,0,0.0,47154708.699999966
2025-08-01 02:14:12 PM,1117.0,200,223400.0,47378108.699999966
2025-08-01 02:14:27 PM,1118.3,0,0.0,47378108.699999966
2025-08-01 02:14:28 PM,1118.3,5,5591.5,47383700.199999966
2025-08-01 02:14:33 PM,1118.3,2,2236.6,47385936.79999997
2025-08-01 02:15:01 PM,1117.8,8,8942.4,47394879.199999966
2025-08-01 02:15:11 PM,1118.1,0,0.0,47394879.199999966
2025-08-01 02:15:12 PM,1118.1,7,7826.699999999999,47402705.89999997
2025-08-01 02:15:17 PM,1118.0,49,54782.0,47457487.89999997
2025-08-01 02:15:22 PM,1117.8,1,1117.8,47458605.699999966
2025-08-01 02:15:24 PM,1117.8,2,2235.6,47460841.29999997
2025-08-01 02:15:42 PM,1117.8,15,16767.0,47477608.29999997
2025-08-01 02:16:09 PM,1117.1,0,0.0,47477608.29999997
2025-08-01 02:16:09 PM,1117.1,4,4468.4,47482076.699999966
2025-08-01 02:16:19 PM,1117.0,0,0.0,47482076.699999966
2025-08-01 02:16:19 PM,1117.0,5,5585.0,47487661.699999966
2025-08-01 02:16:25 PM,1117.0,1,1117.0,47488778.699999966
2025-08-01 02:16:28 PM,1117.0,5,5585.0,47494363.699999966
2025-08-01 02:16:33 PM,1117.0,2,2234.0,47496597.699999966
2025-08-01 02:16:38 PM,1117.0,3,3351.0,47499948.699999966
2025-08-01 02:16:44 PM,1116.0,0,0.0,47499948.699999966
2025-08-01 02:16:45 PM,1116.0,384,428544.0,47928492.699999966
2025-08-01 02:16:47 PM,1117.2,0,0.0,47928492.699999966
2025-08-01 02:16:48 PM,1117.2,5,5586.0,47934078.699999966
2025-08-01 02:16:53 PM,1117.3,0,0.0,47934078.699999966
2025-08-01 02:16:53 PM,1117.3,1,1117.3,47935195.99999996
2025-08-01 02:17:34 PM,1117.3,2,2234.6,47937430.599999964
2025-08-01 02:17:43 PM,1118.2,0,0.0,47937430.599999964
2025-08-01 02:17:44 PM,1118.2,14,15654.800000000001,47953085.39999996
2025-08-01 02:17:50 PM,1119.3,1,1119.3,47954204.69999996
2025-08-01 02:18:15 PM,1119.3,1,1119.3,47955323.999999955
2025-08-01 02:18:20 PM,1119.3,2,2238.6,47957562.59999996
2025-08-01 02:18:21 PM,1119.3,2,2238.6,47959801.19999996
2025-08-01 02:18:56 PM,1119.9,80,89592.0,48049393.19999996
2025-08-01 02:21:03 PM,1119.1,0,0.0,48049393.19999996
2025-08-01 02:21:04 PM,1119.1,1,1119.1,48050512.29999996
2025-08-01 02:21:09 PM,1118.2,0,0.0,48050512.29999996
2025-08-01 02:21:10 PM,1118.2,10,11182.0,48061694.29999996
2025-08-01 02:21:20 PM,1118.9,1,1118.9,48062813.19999996
2025-08-01 02:21:31 PM,1117.7,12,13412.400000000001,48076225.59999996
2025-08-01 02:21:41 PM,1117.7,10,11177.0,48087402.59999996
2025-08-01 02:22:18 PM,1117.2,0,0.0,48087402.59999996
2025-08-01 02:22:19 PM,1117.2,53,59211.600000000006,48146614.19999996
2025-08-01 02:22:24 PM,1117.2,41,45805.200000000004,48192419.39999996
2025-08-01 02:22:26 PM,1116.1,0,0.0,48192419.39999996
2025-08-01 02:22:30 PM,1116.1,3,3348.2999999999997,48195767.69999996
2025-08-01 02:22:40 PM,1117.0,1,1117.0,48196884.69999996
2025-08-01 02:22:51 PM,1117.0,1,1117.0,48198001.69999996
2025-08-01 02:22:53 PM,1117.2,0,0.0,48198001.69999996
2025-08-01 02:22:56 PM,1117.2,2,2234.4,48200236.09999996
2025-08-01 02:22:59 PM,1115.5,0,0.0,48200236.09999996
2025-08-01 02:23:01 PM,1115.5,73,81431.5,48281667.59999996
2025-08-01 02:23:16 PM,1115.0,0,0.0,48281667.59999996
2025-08-01 02:23:18 PM,1116.5,0,0.0,48281667.59999996
2025-08-01 02:23:18 PM,1116.5,201,224416.5,48506084.09999996
2025-08-01 02:23:39 PM,1115.6,0,0.0,48506084.09999996
2025-08-01 02:23:39 PM,1115.6,1,1115.6,48507199.69999996
2025-08-01 02:24:11 PM,1115.5,3,3346.5,48510546.19999996
2025-08-01 02:24:24 PM,1115.0,0,0.0,48510546.19999996
2025-08-01 02:24:27 PM,1115.0,530,590950.0,49101496.19999996
2025-08-01 02:24:42 PM,1116.1,0,0.0,49101496.19999996
2025-08-01 02:24:42 PM,1116.1,5,5580.5,49107076.69999996
2025-08-01 02:24:47 PM,1116.1,1,1116.1,49108192.79999996
2025-08-01 02:24:58 PM,1116.1,20,22322.0,49130514.79999996
2025-08-01 02:25:12 PM,1116.0,0,0.0,49130514.79999996
2025-08-01 02:25:15 PM,1116.0,4,4464.0,49134978.79999996
2025-08-01 02:25:36 PM,1115.1,0,0.0,49134978.79999996
2025-08-01 02:25:36 PM,1115.1,2,2230.2,49137208.99999996
2025-08-01 02:25:39 PM,1115.0,0,0.0,49137208.99999996
2025-08-01 02:25:42 PM,1115.0,151,168365.0,49305573.99999996
2025-08-01 02:25:45 PM,1116.0,0,0.0,49305573.99999996
2025-08-01 02:25:47 PM,1116.0,3,3348.0,49308921.99999996
2025-08-01 02:26:19 PM,1116.0,10,11160.0,49320081.99999996
2025-08-01 02:26:24 PM,1116.0,5,5580.0,49325661.99999996
2025-08-01 02:26:44 PM,1115.8,5,5579.0,49331240.99999996
2025-08-01 02:26:55 PM,1113.6,1968,2191564.8,51522805.79999996
2025-08-01 02:27:00 PM,1112.2,0,0.0,51522805.79999996
2025-08-01 02:27:00 PM,1112.2,36,40039.200000000004,51562844.99999996
2025-08-01 02:27:03 PM,1112.9,0,0.0,51562844.99999996
2025-08-01 02:27:06 PM,1112.8,0,0.0,51562844.99999996
2025-08-01 02:27:06 PM,1112.8,46,51188.799999999996,51614033.79999996
2025-08-01 02:27:15 PM,1113.4,0,0.0,51614033.79999996
2025-08-01 02:27:17 PM,1113.4,42,46762.8,51660796.59999996
2025-08-01 02:27:24 PM,1114.4,0,0.0,51660796.59999996
2025-08-01 02:27:28 PM,1114.4,176,196134.40000000002,51856930.999999955
2025-08-01 02:27:47 PM,1113.4,0,0.0,51856930.999999955
2025-08-01 02:27:49 PM,1113.4,10,11134.0,51868064.999999955
2025-08-01 02:27:59 PM,1113.0,0,0.0,51868064.999999955
2025-08-01 02:28:00 PM,1112.9,240,267096.0,52135160.999999955
2025-08-01 02:28:07 PM,1113.4,0,0.0,52135160.999999955
2025-08-01 02:28:11 PM,1113.4,1,1113.4,52136274.399999954
2025-08-01 02:28:37 PM,1113.9,0,0.0,52136274.399999954
2025-08-01 02:28:38 PM,1113.9,4,4455.6,52140729.999999955
2025-08-01 02:28:52 PM,1112.8,0,0.0,52140729.999999955
2025-08-01 02:28:55 PM,1112.8,61,67880.8,52208610.79999995
2025-08-01 02:28:59 PM,1113.8,0,0.0,52208610.79999995
2025-08-01 02:29:00 PM,1113.8,34,37869.2,52246479.999999955
2025-08-01 02:29:08 PM,1112.9,0,0.0,52246479.999999955
2025-08-01 02:29:11 PM,1112.8,0,0.0,52246479.999999955
2025-08-01 02:29:12 PM,1112.8,8,8902.4,52255382.399999954
2025-08-01 02:29:23 PM,1113.7,0,0.0,52255382.399999954
2025-08-01 02:29:23 PM,1113.7,11,12250.7,52267633.09999996
2025-08-01 02:29:26 PM,1113.3,0,0.0,52267633.09999996
2025-08-01 02:29:29 PM,1113.3,4,4453.2,52272086.29999996
2025-08-01 02:29:50 PM,1114.0,0,0.0,52272086.29999996
2025-08-01 02:29:50 PM,1114.0,2,2228.0,52274314.29999996
2025-08-01 02:30:01 PM,1114.4,0,0.0,52274314.29999996
2025-08-01 02:30:01 PM,1114.4,7,7800.800000000001,52282115.09999996
2025-08-01 02:30:36 PM,1114.6,50,55729.99999999999,52337845.09999996
2025-08-01 02:31:23 PM,1113.1,0,0.0,52337845.09999996
2025-08-01 02:31:24 PM,1113.1,10,11131.0,52348976.09999996
2025-08-01 02:31:46 PM,1114.6,20,22292.0,52371268.09999996
2025-08-01 02:32:18 PM,1113.7,0,0.0,52371268.09999996
2025-08-01 02:32:19 PM,1113.7,50,55685.0,52426953.09999996
2025-08-01 02:32:28 PM,1114.6,0,0.0,52426953.09999996
2025-08-01 02:32:28 PM,1114.6,200,222919.99999999997,52649873.09999996
2025-08-01 02:32:44 PM,1115.4,0,0.0,52649873.09999996
2025-08-01 02:32:44 PM,1115.4,10,11154.0,52661027.09999996
2025-08-01 02:32:55 PM,1115.4,1,1115.4,52662142.499999955
2025-08-01 02:33:28 PM,1112.9,448,498579.20000000007,53160721.69999996
2025-08-01 02:33:35 PM,1114.8,0,0.0,53160721.69999996
2025-08-01 02:33:36 PM,1114.8,5,5574.0,53166295.69999996
2025-08-01 02:33:41 PM,1115.9,0,0.0,53166295.69999996
2025-08-01 02:33:42 PM,1115.9,139,155110.1,53321405.79999996
2025-08-01 02:33:45 PM,1114.6,10,11146.0,53332551.79999996
2025-08-01 02:33:52 PM,1115.6,0,0.0,53332551.79999996
2025-08-01 02:33:53 PM,1115.6,1,1115.6,53333667.39999996
2025-08-01 02:34:38 PM,1114.5,0,0.0,53333667.39999996
2025-08-01 02:34:40 PM,1114.5,1,1114.5,53334781.89999996
2025-08-01 02:34:43 PM,1113.3,100,111330.0,53446111.89999996
2025-08-01 02:35:22 PM,1114.7,0,0.0,53446111.89999996
2025-08-01 02:35:23 PM,1114.7,7,7802.900000000001,53453914.79999996
2025-08-01 02:35:28 PM,1114.7,1,1114.7,53455029.49999996
2025-08-01 02:36:14 PM,1113.6,0,0.0,53455029.49999996
2025-08-01 02:36:15 PM,1113.6,7,7795.199999999999,53462824.699999966
2025-08-01 02:36:24 PM,1113.6,7,7795.199999999999,53470619.89999997
2025-08-01 02:36:45 PM,1113.5,11,12248.5,53482868.39999997
