date,price,qty,trnvr,cum_trnvr
2025-08-01 09:15:01 AM,2422.9,4743,11491814.700000001,11491814.700000001
2025-08-01 09:15:02 AM,2420.8,115,278392.0,11770206.700000001
2025-08-01 09:15:03 AM,2416.1,393,949527.2999999999,12719734.000000002
2025-08-01 09:15:04 AM,2414.6,138,333214.8,13052948.800000003
2025-08-01 09:15:05 AM,2413.1,116,279919.6,13332868.400000002
2025-08-01 09:15:05 AM,2418.5,0,0.0,13332868.400000002
2025-08-01 09:15:06 AM,2418.2,556,1344519.2,14677387.600000001
2025-08-01 09:15:07 AM,2415.2,366,883963.2,15561350.8
2025-08-01 09:15:07 AM,2412.1,0,0.0,15561350.8
2025-08-01 09:15:07 AM,2415.3,0,0.0,15561350.8
2025-08-01 09:15:08 AM,2415.4,64,154585.6,15715936.4
2025-08-01 09:15:08 AM,2417.9,0,0.0,15715936.4
2025-08-01 09:15:09 AM,2414.5,217,523946.5,16239882.9
2025-08-01 09:15:10 AM,2418.0,51,123318.0,16363200.9
2025-08-01 09:15:10 AM,2410.0,944,2275040.0,18638240.9
2025-08-01 09:15:10 AM,2416.7,0,0.0,18638240.9
2025-08-01 09:15:11 AM,2416.7,209,505090.3,19143331.2
2025-08-01 09:15:12 AM,2416.8,269,650119.2000000001,19793450.4
2025-08-01 09:15:13 AM,2415.4,2364,5710005.600000001,25503456.0
2025-08-01 09:15:14 AM,2414.5,409,987530.5,26490986.5
2025-08-01 09:15:14 AM,2414.8,0,0.0,26490986.5
2025-08-01 09:15:15 AM,2412.1,67,161610.69999999998,26652597.2
2025-08-01 09:15:16 AM,2416.0,493,1191088.0,27843685.2
2025-08-01 09:15:16 AM,2414.4,0,0.0,27843685.2
2025-08-01 09:15:17 AM,2414.4,14,33801.6,27877486.8
2025-08-01 09:15:18 AM,2416.4,5,12082.0,27889568.8
2025-08-01 09:15:19 AM,2417.2,57,137780.4,28027349.2
2025-08-01 09:15:20 AM,2415.4,224,541049.6,28568398.8
2025-08-01 09:15:21 AM,2418.7,184,445040.8,29013439.6
2025-08-01 09:15:21 AM,2420.0,61,147620.0,29161059.6
2025-08-01 09:15:21 AM,2420.4,0,0.0,29161059.6
2025-08-01 09:15:22 AM,2418.1,559,1351717.9,30512777.5
2025-08-01 09:15:23 AM,2420.3,23,55666.9,30568444.4
2025-08-01 09:15:23 AM,2418.2,0,0.0,30568444.4
2025-08-01 09:15:24 AM,2415.6,4529,10940252.4,41508696.8
2025-08-01 09:15:25 AM,2410.1,404,973680.3999999999,42482377.199999996
2025-08-01 09:15:26 AM,2410.0,639,1539990.0,44022367.199999996
2025-08-01 09:15:26 AM,2406.5,0,0.0,44022367.199999996
2025-08-01 09:15:27 AM,2407.9,302,727185.8,44749552.99999999
2025-08-01 09:15:28 AM,2407.2,40,96288.0,44845840.99999999
2025-08-01 09:15:29 AM,2407.0,144,346608.0,45192448.99999999
2025-08-01 09:15:29 AM,2409.8,0,0.0,45192448.99999999
2025-08-01 09:15:30 AM,2409.8,40,96392.0,45288840.99999999
2025-08-01 09:15:30 AM,2409.5,11,26504.5,45315345.49999999
2025-08-01 09:15:31 AM,2407.9,25,60197.5,45375542.99999999
2025-08-01 09:15:31 AM,2406.8,0,0.0,45375542.99999999
2025-08-01 09:15:32 AM,2409.3,10,24093.0,45399635.99999999
2025-08-01 09:15:33 AM,2406.8,381,916990.8,46316626.79999999
2025-08-01 09:15:33 AM,2404.8,0,0.0,46316626.79999999
2025-08-01 09:15:34 AM,2407.6,487,1172501.2,47489127.99999999
2025-08-01 09:15:35 AM,2408.4,450,1083780.0,48572907.99999999
2025-08-01 09:15:36 AM,2407.2,50,120359.99999999999,48693267.99999999
2025-08-01 09:15:36 AM,2408.9,0,0.0,48693267.99999999
2025-08-01 09:15:37 AM,2405.9,328,789135.2000000001,49482403.199999996
2025-08-01 09:15:38 AM,2409.0,452,1088868.0,50571271.199999996
2025-08-01 09:15:39 AM,2410.0,524,1262840.0,51834111.199999996
2025-08-01 09:15:39 AM,2411.8,0,0.0,51834111.199999996
2025-08-01 09:15:40 AM,2413.0,91,219583.0,52053694.199999996
2025-08-01 09:15:40 AM,2413.3,0,0.0,52053694.199999996
2025-08-01 09:15:41 AM,2410.0,183,441030.0,52494724.199999996
2025-08-01 09:15:42 AM,2410.9,1025,2471172.5,54965896.699999996
2025-08-01 09:15:43 AM,2411.8,1,2411.8,54968308.49999999
2025-08-01 09:15:44 AM,2410.9,52,125366.8,55093675.29999999
2025-08-01 09:15:46 AM,2411.9,9,21707.100000000002,55115382.39999999
2025-08-01 09:15:46 AM,2412.4,0,0.0,55115382.39999999
2025-08-01 09:15:47 AM,2411.0,221,532831.0,55648213.39999999
2025-08-01 09:15:47 AM,2410.0,100,241000.0,55889213.39999999
2025-08-01 09:15:48 AM,2410.3,105,253081.50000000003,56142294.89999999
2025-08-01 09:15:48 AM,2411.9,0,0.0,56142294.89999999
2025-08-01 09:15:49 AM,2411.9,35,84416.5,56226711.39999999
2025-08-01 09:15:50 AM,2410.9,4,9643.6,56236354.99999999
2025-08-01 09:15:50 AM,2412.4,0,0.0,56236354.99999999
2025-08-01 09:15:51 AM,2413.0,201,485013.0,56721367.99999999
2025-08-01 09:15:51 AM,2413.2,0,0.0,56721367.99999999
2025-08-01 09:15:51 AM,2413.4,0,0.0,56721367.99999999
2025-08-01 09:15:52 AM,2413.4,64,154457.6,56875825.599999994
2025-08-01 09:15:53 AM,2414.1,5,12070.5,56887896.099999994
2025-08-01 09:15:53 AM,2414.8,0,0.0,56887896.099999994
2025-08-01 09:15:54 AM,2412.6,31,74790.59999999999,56962686.699999996
2025-08-01 09:15:54 AM,2413.2,0,0.0,56962686.699999996
2025-08-01 09:15:55 AM,2415.0,445,1074675.0,58037361.699999996
2025-08-01 09:15:56 AM,2416.1,1009,2437844.9,60475206.599999994
2025-08-01 09:15:58 AM,2416.1,287,693420.7,61168627.3
2025-08-01 09:15:59 AM,2416.4,71,171564.4,61340191.699999996
2025-08-01 09:16:00 AM,2414.7,25,60367.49999999999,61400559.199999996
2025-08-01 09:16:00 AM,2415.8,0,0.0,61400559.199999996
2025-08-01 09:16:01 AM,2415.8,25,60395.00000000001,61460954.199999996
2025-08-01 09:16:01 AM,2413.9,0,0.0,61460954.199999996
2025-08-01 09:16:02 AM,2411.7,435,1049089.5,62510043.699999996
2025-08-01 09:16:02 AM,2411.0,0,0.0,62510043.699999996
2025-08-01 09:16:03 AM,2411.8,105,253239.00000000003,62763282.699999996
2025-08-01 09:16:03 AM,2411.8,107,258062.6,63021345.3
2025-08-01 09:16:04 AM,2412.5,25,60312.5,63081657.8
2025-08-01 09:16:05 AM,2410.7,1,2410.7,63084068.5
2025-08-01 09:16:05 AM,2409.9,0,0.0,63084068.5
2025-08-01 09:16:05 AM,2409.9,234,563916.6,63647985.1
2025-08-01 09:16:06 AM,2410.9,191,460481.9,64108467.0
2025-08-01 09:16:06 AM,2410.8,0,0.0,64108467.0
2025-08-01 09:16:07 AM,2410.8,26,62680.8,64171147.8
2025-08-01 09:16:07 AM,2411.2,6,14467.199999999999,64185615.0
2025-08-01 09:16:07 AM,2410.1,0,0.0,64185615.0
2025-08-01 09:16:07 AM,2410.9,0,0.0,64185615.0
2025-08-01 09:16:08 AM,2411.6,420,1012872.0,65198487.0
2025-08-01 09:16:08 AM,2410.0,48,115680.0,65314167.0
2025-08-01 09:16:09 AM,2409.0,0,0.0,65314167.0
2025-08-01 09:16:10 AM,2408.4,197,474454.80000000005,65788621.8
2025-08-01 09:16:10 AM,2408.0,0,0.0,65788621.8
2025-08-01 09:16:11 AM,2409.8,159,383158.2,66171780.0
2025-08-01 09:16:12 AM,2409.5,0,0.0,66171780.0
2025-08-01 09:16:13 AM,2409.5,10,24095.0,66195875.0
2025-08-01 09:16:13 AM,2408.9,2,4817.8,66200692.8
2025-08-01 09:16:14 AM,2408.0,51,122808.0,66323500.8
2025-08-01 09:16:14 AM,2408.0,256,616448.0,66939948.8
2025-08-01 09:16:15 AM,2408.6,0,0.0,66939948.8
2025-08-01 09:16:15 AM,2408.0,7,16856.0,66956804.8
2025-08-01 09:16:16 AM,2408.8,106,255332.80000000002,67212137.6
2025-08-01 09:16:16 AM,2409.2,0,0.0,67212137.6
2025-08-01 09:16:16 AM,2409.2,80,192736.0,67404873.6
2025-08-01 09:16:17 AM,2408.0,9,21672.0,67426545.6
2025-08-01 09:16:17 AM,2409.4,0,0.0,67426545.6
2025-08-01 09:16:18 AM,2409.4,68,163839.2,67590384.8
2025-08-01 09:16:18 AM,2409.8,0,0.0,67590384.8
2025-08-01 09:16:19 AM,2409.8,1,2409.8,67592794.6
2025-08-01 09:16:19 AM,2408.6,0,0.0,67592794.6
2025-08-01 09:16:19 AM,2410.2,0,0.0,67592794.6
2025-08-01 09:16:20 AM,2410.2,319,768853.7999999999,68361648.39999999
2025-08-01 09:16:21 AM,2409.7,207,498807.89999999997,68860456.3
2025-08-01 09:16:22 AM,2410.4,2,4820.8,68865277.1
2025-08-01 09:16:22 AM,2410.0,0,0.0,68865277.1
2025-08-01 09:16:22 AM,2409.9,0,0.0,68865277.1
2025-08-01 09:16:23 AM,2409.8,138,332552.4,69197829.5
2025-08-01 09:16:23 AM,2410.8,0,0.0,69197829.5
2025-08-01 09:16:24 AM,2410.8,100,241080.00000000003,69438909.5
2025-08-01 09:16:24 AM,2409.8,23,55425.4,69494334.9
2025-08-01 09:16:25 AM,2411.0,60,144660.0,69638994.9
2025-08-01 09:16:25 AM,2411.1,510,1229661.0,70868655.9
2025-08-01 09:16:26 AM,2411.1,6,14466.599999999999,70883122.5
2025-08-01 09:16:26 AM,2411.8,247,595714.6000000001,71478837.1
2025-08-01 09:16:26 AM,2411.3,0,0.0,71478837.1
2025-08-01 09:16:27 AM,2411.3,10,24113.0,71502950.1
2025-08-01 09:16:27 AM,2412.5,0,0.0,71502950.1
2025-08-01 09:16:27 AM,2412.5,50,120625.0,71623575.1
2025-08-01 09:16:28 AM,2413.5,10,24135.0,71647710.1
2025-08-01 09:16:29 AM,2413.0,0,0.0,71647710.1
2025-08-01 09:16:29 AM,2413.0,15,36195.0,71683905.1
2025-08-01 09:16:30 AM,2412.5,0,0.0,71683905.1
2025-08-01 09:16:30 AM,2412.5,51,123037.5,71806942.6
2025-08-01 09:16:32 AM,2413.8,1,2413.8,71809356.39999999
2025-08-01 09:16:32 AM,2414.3,0,0.0,71809356.39999999
2025-08-01 09:16:33 AM,2414.3,280,676004.0,72485360.39999999
2025-08-01 09:16:33 AM,2414.1,0,0.0,72485360.39999999
2025-08-01 09:16:34 AM,2414.1,140,337974.0,72823334.39999999
2025-08-01 09:16:36 AM,2414.6,20,48292.0,72871626.39999999
2025-08-01 09:16:37 AM,2415.3,100,241530.00000000003,73113156.39999999
2025-08-01 09:16:37 AM,2413.0,0,0.0,73113156.39999999
2025-08-01 09:16:38 AM,2413.0,100,241300.0,73354456.39999999
2025-08-01 09:16:38 AM,2414.4,12,28972.800000000003,73383429.19999999
2025-08-01 09:16:39 AM,2415.5,147,355078.5,73738507.69999999
2025-08-01 09:16:41 AM,2415.9,0,0.0,73738507.69999999
2025-08-01 09:16:41 AM,2415.9,215,519418.5,74257926.19999999
2025-08-01 09:16:42 AM,2415.7,0,0.0,74257926.19999999
2025-08-01 09:16:43 AM,2415.7,45,108706.49999999999,74366632.69999999
2025-08-01 09:16:43 AM,2416.0,35,84560.0,74451192.69999999
2025-08-01 09:16:43 AM,2418.5,0,0.0,74451192.69999999
2025-08-01 09:16:43 AM,2418.5,200,483700.0,74934892.69999999
2025-08-01 09:16:44 AM,2415.2,0,0.0,74934892.69999999
2025-08-01 09:16:44 AM,2415.2,351,847735.2,75782627.89999999
2025-08-01 09:16:45 AM,2415.3,0,0.0,75782627.89999999
2025-08-01 09:16:45 AM,2415.3,5,12076.5,75794704.39999999
2025-08-01 09:16:47 AM,2416.2,4,9664.8,75804369.19999999
2025-08-01 09:16:47 AM,2417.1,0,0.0,75804369.19999999
2025-08-01 09:16:47 AM,2417.1,1,2417.1,75806786.29999998
2025-08-01 09:16:48 AM,2415.0,319,770385.0,76577171.29999998
2025-08-01 09:16:49 AM,2413.4,26,62748.4,76639919.69999999
2025-08-01 09:16:51 AM,2413.4,2,4826.8,76644746.49999999
2025-08-01 09:16:51 AM,2412.8,0,0.0,76644746.49999999
2025-08-01 09:16:51 AM,2412.8,61,147180.80000000002,76791927.29999998
2025-08-01 09:16:52 AM,2413.4,112,270300.8,77062228.09999998
2025-08-01 09:16:53 AM,2412.5,6,14475.0,77076703.09999998
2025-08-01 09:16:54 AM,2412.7,0,0.0,77076703.09999998
2025-08-01 09:16:54 AM,2412.7,1137,2743239.9,79819942.99999999
2025-08-01 09:16:55 AM,2411.8,0,0.0,79819942.99999999
2025-08-01 09:16:55 AM,2411.8,15,36177.0,79856119.99999999
2025-08-01 09:16:56 AM,2412.7,0,0.0,79856119.99999999
2025-08-01 09:16:56 AM,2412.7,7,16888.899999999998,79873008.89999999
2025-08-01 09:16:57 AM,2410.7,0,0.0,79873008.89999999
2025-08-01 09:16:57 AM,2410.7,377,908833.8999999999,80781842.8
2025-08-01 09:16:58 AM,2410.7,30,72321.0,80854163.8
2025-08-01 09:16:59 AM,2410.7,105,253123.49999999997,81107287.3
2025-08-01 09:17:00 AM,2410.8,11,26518.800000000003,81133806.1
2025-08-01 09:17:01 AM,2412.0,0,0.0,81133806.1
2025-08-01 09:17:01 AM,2412.0,69,166428.0,81300234.1
2025-08-01 09:17:02 AM,2412.4,65,156806.0,81457040.1
2025-08-01 09:17:03 AM,2411.5,10,24115.0,81481155.1
2025-08-01 09:17:03 AM,2411.0,0,0.0,81481155.1
2025-08-01 09:17:04 AM,2411.0,50,120550.0,81601705.1
2025-08-01 09:17:04 AM,2412.3,10,24123.0,81625828.1
2025-08-01 09:17:04 AM,2411.9,0,0.0,81625828.1
2025-08-01 09:17:05 AM,2411.9,100,241190.0,81867018.1
2025-08-01 09:17:06 AM,2410.6,0,0.0,81867018.1
2025-08-01 09:17:07 AM,2414.9,1215,2934103.5,84801121.6
2025-08-01 09:17:08 AM,2410.2,600,1446120.0,86247241.6
2025-08-01 09:17:09 AM,2411.5,255,614932.5,86862174.1
2025-08-01 09:17:09 AM,2411.0,100,241100.0,87103274.1
2025-08-01 09:17:11 AM,2410.6,729,1757327.4,88860601.5
2025-08-01 09:17:11 AM,2411.3,0,0.0,88860601.5
2025-08-01 09:17:11 AM,2411.3,50,120565.00000000001,88981166.5
2025-08-01 09:17:12 AM,2408.7,454,1093549.7999999998,90074716.3
2025-08-01 09:17:13 AM,2410.3,195,470008.50000000006,90544724.8
2025-08-01 09:17:14 AM,2410.4,1,2410.4,90547135.2
2025-08-01 09:17:15 AM,2409.1,55,132500.5,90679635.7
2025-08-01 09:17:15 AM,2410.1,0,0.0,90679635.7
2025-08-01 09:17:15 AM,2413.3,0,0.0,90679635.7
2025-08-01 09:17:16 AM,2413.9,2130,5141607.0,95821242.7
2025-08-01 09:17:17 AM,2410.9,161,388154.9,96209397.60000001
2025-08-01 09:17:21 AM,2411.6,32,77171.2,96286568.80000001
2025-08-01 09:17:21 AM,2411.7,0,0.0,96286568.80000001
2025-08-01 09:17:21 AM,2411.7,7,16881.899999999998,96303450.70000002
2025-08-01 09:17:22 AM,2411.0,0,0.0,96303450.70000002
2025-08-01 09:17:22 AM,2411.0,40,96440.0,96399890.70000002
2025-08-01 09:17:23 AM,2412.6,25,60315.0,96460205.70000002
2025-08-01 09:17:24 AM,2413.2,311,750505.2,97210710.90000002
2025-08-01 09:17:24 AM,2414.9,44,106255.6,97316966.50000001
2025-08-01 09:17:24 AM,2414.0,0,0.0,97316966.50000001
2025-08-01 09:17:25 AM,2414.0,300,724200.0,98041166.50000001
2025-08-01 09:17:25 AM,2414.0,57,137598.0,98178764.50000001
2025-08-01 09:17:26 AM,2412.4,113,272601.2,98451365.70000002
2025-08-01 09:17:27 AM,2412.5,100,241250.0,98692615.70000002
2025-08-01 09:17:28 AM,2414.7,1,2414.7,98695030.40000002
2025-08-01 09:17:29 AM,2415.0,250,603750.0,99298780.40000002
2025-08-01 09:17:30 AM,2416.0,123,297168.0,99595948.40000002
2025-08-01 09:17:30 AM,2416.0,208,502528.0,100098476.40000002
2025-08-01 09:17:30 AM,2413.9,0,0.0,100098476.40000002
2025-08-01 09:17:31 AM,2413.9,114,275184.60000000003,100373661.00000001
2025-08-01 09:17:31 AM,2414.3,213,514245.9,100887906.90000002
2025-08-01 09:17:32 AM,2413.4,10,24134.0,100912040.90000002
2025-08-01 09:17:32 AM,2413.3,5,12066.5,100924107.40000002
2025-08-01 09:17:34 AM,2412.5,100,241250.0,101165357.40000002
2025-08-01 09:17:34 AM,2412.0,0,0.0,101165357.40000002
2025-08-01 09:17:35 AM,2412.8,287,692473.6000000001,101857831.00000001
2025-08-01 09:17:35 AM,2411.5,0,0.0,101857831.00000001
2025-08-01 09:17:36 AM,2411.5,9,21703.5,101879534.50000001
2025-08-01 09:17:38 AM,2412.8,0,0.0,101879534.50000001
2025-08-01 09:17:39 AM,2412.8,11,26540.800000000003,101906075.30000001
2025-08-01 09:17:39 AM,2413.7,0,0.0,101906075.30000001
2025-08-01 09:17:40 AM,2413.7,5,12068.5,101918143.80000001
2025-08-01 09:17:41 AM,2413.4,20,48268.0,101966411.80000001
2025-08-01 09:17:43 AM,2413.1,0,0.0,101966411.80000001
2025-08-01 09:17:43 AM,2412.4,0,0.0,101966411.80000001
2025-08-01 09:17:44 AM,2412.4,23,55485.200000000004,102021897.00000001
2025-08-01 09:17:44 AM,2410.4,0,0.0,102021897.00000001
2025-08-01 09:17:45 AM,2410.4,1207,2909352.8000000003,104931249.80000001
2025-08-01 09:17:45 AM,2410.0,0,0.0,104931249.80000001
2025-08-01 09:17:46 AM,2410.7,183,441158.1,105372407.9
2025-08-01 09:17:46 AM,2410.4,110,265144.0,105637551.9
2025-08-01 09:17:49 AM,2412.0,10,24120.0,105661671.9
2025-08-01 09:17:49 AM,2411.9,2,4823.8,105666495.7
2025-08-01 09:17:50 AM,2412.1,128,308748.8,105975244.5
2025-08-01 09:17:51 AM,2412.0,0,0.0,105975244.5
2025-08-01 09:17:52 AM,2412.0,1,2412.0,105977656.5
2025-08-01 09:17:52 AM,2412.0,20,48240.0,106025896.5
2025-08-01 09:17:53 AM,2412.0,2,4824.0,106030720.5
2025-08-01 09:17:54 AM,2411.0,0,0.0,106030720.5
2025-08-01 09:17:55 AM,2411.0,239,576229.0,106606949.5
2025-08-01 09:17:55 AM,2411.4,0,0.0,106606949.5
2025-08-01 09:17:56 AM,2411.4,19,45816.6,106652766.1
2025-08-01 09:17:56 AM,2411.7,1,2411.7,106655177.8
2025-08-01 09:17:56 AM,2411.9,0,0.0,106655177.8
2025-08-01 09:17:57 AM,2412.7,102,246095.4,106901273.2
2025-08-01 09:17:57 AM,2412.0,0,0.0,106901273.2
2025-08-01 09:17:58 AM,2412.0,10,24120.0,106925393.2
2025-08-01 09:17:58 AM,2411.9,0,0.0,106925393.2
2025-08-01 09:17:59 AM,2411.5,95,229092.5,107154485.7
2025-08-01 09:18:00 AM,2411.4,11,26525.4,107181011.10000001
2025-08-01 09:18:01 AM,2412.6,3,7237.799999999999,107188248.9
2025-08-01 09:18:01 AM,2411.6,0,0.0,107188248.9
2025-08-01 09:18:02 AM,2411.6,19,45820.4,107234069.30000001
2025-08-01 09:18:02 AM,2412.6,0,0.0,107234069.30000001
2025-08-01 09:18:03 AM,2412.7,135,325714.5,107559783.80000001
2025-08-01 09:18:04 AM,2412.5,3,7237.5,107567021.30000001
2025-08-01 09:18:04 AM,2412.7,0,0.0,107567021.30000001
2025-08-01 09:18:05 AM,2412.7,200,482539.99999999994,108049561.30000001
2025-08-01 09:18:05 AM,2413.7,0,0.0,108049561.30000001
2025-08-01 09:18:06 AM,2414.0,66,159324.0,108208885.30000001
2025-08-01 09:18:06 AM,2414.9,576,1390982.4000000001,109599867.70000002
2025-08-01 09:18:06 AM,2416.0,0,0.0,109599867.70000002
2025-08-01 09:18:07 AM,2415.6,549,1326164.4,110926032.10000002
2025-08-01 09:18:08 AM,2415.4,25,60385.0,110986417.10000002
2025-08-01 09:18:10 AM,2413.5,10,24135.0,111010552.10000002
2025-08-01 09:18:11 AM,2413.5,522,1259847.0,112270399.10000002
2025-08-01 09:18:11 AM,2413.9,0,0.0,112270399.10000002
2025-08-01 09:18:12 AM,2417.0,138,333546.0,112603945.10000002
2025-08-01 09:18:13 AM,2417.5,0,0.0,112603945.10000002
2025-08-01 09:18:14 AM,2417.5,1,2417.5,112606362.60000002
2025-08-01 09:18:15 AM,2418.0,10,24180.0,112630542.60000002
2025-08-01 09:18:16 AM,2418.0,93,224874.0,112855416.60000002
2025-08-01 09:18:16 AM,2417.6,25,60440.0,112915856.60000002
2025-08-01 09:18:16 AM,2417.5,0,0.0,112915856.60000002
2025-08-01 09:18:17 AM,2417.5,25,60437.5,112976294.10000002
2025-08-01 09:18:19 AM,2419.0,0,0.0,112976294.10000002
2025-08-01 09:18:20 AM,2419.0,500,1209500.0,114185794.10000002
2025-08-01 09:18:21 AM,2419.0,120,290280.0,114476074.10000002
2025-08-01 09:18:22 AM,2418.9,150,362835.0,114838909.10000002
2025-08-01 09:18:23 AM,2420.0,0,0.0,114838909.10000002
2025-08-01 09:18:24 AM,2420.2,1183,2863096.5999999996,117702005.70000002
2025-08-01 09:18:24 AM,2421.6,31,75069.59999999999,117777075.30000001
2025-08-01 09:18:25 AM,2421.6,1,2421.6,117779496.9
2025-08-01 09:18:25 AM,2421.8,0,0.0,117779496.9
2025-08-01 09:18:26 AM,2422.0,52,125944.0,117905440.9
2025-08-01 09:18:26 AM,2420.5,0,0.0,117905440.9
2025-08-01 09:18:27 AM,2420.5,75,181537.5,118086978.4
2025-08-01 09:18:27 AM,2423.0,500,1211500.0,119298478.4
2025-08-01 09:18:29 AM,2421.0,8,19368.0,119317846.4
2025-08-01 09:18:30 AM,2421.0,32,77472.0,119395318.4
2025-08-01 09:18:31 AM,2420.0,200,484000.0,119879318.4
2025-08-01 09:18:32 AM,2414.8,1291,3117506.8000000003,122996825.2
2025-08-01 09:18:32 AM,2417.3,119,287658.7,123284483.9
2025-08-01 09:18:33 AM,2418.2,0,0.0,123284483.9
2025-08-01 09:18:34 AM,2418.2,50,120909.99999999999,123405393.9
2025-08-01 09:18:36 AM,2416.5,10,24165.0,123429558.9
2025-08-01 09:18:38 AM,2418.6,0,0.0,123429558.9
2025-08-01 09:18:39 AM,2418.6,13,31441.8,123461000.7
2025-08-01 09:18:40 AM,2418.5,0,0.0,123461000.7
2025-08-01 09:18:41 AM,2418.5,1,2418.5,123463419.2
2025-08-01 09:18:41 AM,2418.8,0,0.0,123463419.2
2025-08-01 09:18:42 AM,2419.0,371,897449.0,124360868.2
2025-08-01 09:18:44 AM,2416.5,0,0.0,124360868.2
2025-08-01 09:18:45 AM,2418.8,86,208016.80000000002,124568885.0
2025-08-01 09:18:46 AM,2418.5,5,12092.5,124580977.5
2025-08-01 09:18:46 AM,2418.7,2,4837.4,124585814.9
2025-08-01 09:18:46 AM,2417.3,0,0.0,124585814.9
2025-08-01 09:18:47 AM,2417.3,10,24173.0,124609987.9
2025-08-01 09:18:48 AM,2417.3,2,4834.6,124614822.5
2025-08-01 09:18:49 AM,2417.2,0,0.0,124614822.5
2025-08-01 09:18:50 AM,2417.2,600,1450320.0,126065142.5
2025-08-01 09:18:50 AM,2418.7,0,0.0,126065142.5
2025-08-01 09:18:51 AM,2418.7,115,278150.5,126343293.0
2025-08-01 09:18:51 AM,2417.6,0,0.0,126343293.0
2025-08-01 09:18:52 AM,2417.6,10,24176.0,126367469.0
2025-08-01 09:18:52 AM,2418.7,0,0.0,126367469.0
2025-08-01 09:18:52 AM,2418.6,0,0.0,126367469.0
2025-08-01 09:18:53 AM,2418.6,91,220092.6,126587561.6
2025-08-01 09:18:55 AM,2418.4,0,0.0,126587561.6
2025-08-01 09:18:56 AM,2418.4,1,2418.4,126589980.0
2025-08-01 09:18:56 AM,2417.6,0,0.0,126589980.0
2025-08-01 09:18:56 AM,2418.0,0,0.0,126589980.0
2025-08-01 09:18:57 AM,2418.0,21,50778.0,126640758.0
2025-08-01 09:19:00 AM,2416.5,141,340726.5,126981484.5
2025-08-01 09:19:00 AM,2417.4,0,0.0,126981484.5
2025-08-01 09:19:01 AM,2416.6,721,1742368.5999999999,128723853.1
2025-08-01 09:19:01 AM,2417.8,0,0.0,128723853.1
2025-08-01 09:19:02 AM,2418.0,50,120900.0,128844753.1
2025-08-01 09:19:03 AM,2416.5,45,108742.5,128953495.6
2025-08-01 09:19:04 AM,2417.2,6,14503.199999999999,128967998.8
2025-08-01 09:19:05 AM,2417.4,330,797742.0,129765740.8
2025-08-01 09:19:06 AM,2418.6,1,2418.6,129768159.39999999
2025-08-01 09:19:07 AM,2418.5,21,50788.5,129818947.89999999
2025-08-01 09:19:09 AM,2419.0,9,21771.0,129840718.89999999
2025-08-01 09:19:10 AM,2420.0,307,742940.0,130583658.89999999
2025-08-01 09:19:11 AM,2420.1,10,24201.0,130607859.89999999
2025-08-01 09:19:14 AM,2420.0,1,2420.0,130610279.89999999
2025-08-01 09:19:14 AM,2419.7,0,0.0,130610279.89999999
2025-08-01 09:19:15 AM,2419.0,29,70151.0,130680430.89999999
2025-08-01 09:19:17 AM,2420.5,315,762457.5,131442888.39999999
2025-08-01 09:19:18 AM,2421.1,383,927281.2999999999,132370169.69999999
2025-08-01 09:19:19 AM,2422.0,52,125944.0,132496113.69999999
2025-08-01 09:19:20 AM,2422.0,1,2422.0,132498535.69999999
2025-08-01 09:19:20 AM,2420.1,200,484020.0,132982555.69999999
2025-08-01 09:19:22 AM,2420.7,16,38731.2,133021286.89999999
2025-08-01 09:19:23 AM,2420.8,39,94411.20000000001,133115698.1
2025-08-01 09:19:23 AM,2421.0,0,0.0,133115698.1
2025-08-01 09:19:23 AM,2422.0,0,0.0,133115698.1
2025-08-01 09:19:24 AM,2422.0,1032,2499504.0,135615202.1
2025-08-01 09:19:24 AM,2423.4,50,121170.0,135736372.1
2025-08-01 09:19:26 AM,2422.0,0,0.0,135736372.1
2025-08-01 09:19:27 AM,2421.7,241,583629.7,136320001.79999998
2025-08-01 09:19:29 AM,2421.0,1,2421.0,136322422.79999998
2025-08-01 09:19:29 AM,2422.0,0,0.0,136322422.79999998
2025-08-01 09:19:29 AM,2422.0,50,121100.0,136443522.79999998
2025-08-01 09:19:30 AM,2421.1,15,36316.5,136479839.29999998
2025-08-01 09:19:32 AM,2422.0,0,0.0,136479839.29999998
2025-08-01 09:19:33 AM,2422.0,237,574014.0,137053853.29999998
2025-08-01 09:19:33 AM,2422.8,0,0.0,137053853.29999998
2025-08-01 09:19:34 AM,2420.8,326,789180.8,137843034.1
2025-08-01 09:19:34 AM,2422.1,0,0.0,137843034.1
2025-08-01 09:19:35 AM,2422.1,1,2422.1,137845456.2
2025-08-01 09:19:35 AM,2420.1,200,484020.0,138329476.2
2025-08-01 09:19:36 AM,2420.4,10,24204.0,138353680.2
2025-08-01 09:19:38 AM,2421.9,1,2421.9,138356102.1
2025-08-01 09:19:39 AM,2422.0,60,145320.0,138501422.1
2025-08-01 09:19:41 AM,2421.7,1,2421.7,138503843.79999998
2025-08-01 09:19:45 AM,2421.0,9,21789.0,138525632.79999998
2025-08-01 09:19:45 AM,2422.0,27,65394.0,138591026.79999998
2025-08-01 09:19:47 AM,2422.0,105,254310.0,138845336.79999998
2025-08-01 09:19:47 AM,2421.8,100,242180.00000000003,139087516.79999998
2025-08-01 09:19:48 AM,2422.0,0,0.0,139087516.79999998
2025-08-01 09:19:49 AM,2422.0,200,484400.0,139571916.79999998
2025-08-01 09:19:49 AM,2421.8,6,14530.800000000001,139586447.6
2025-08-01 09:19:49 AM,2423.0,0,0.0,139586447.6
2025-08-01 09:19:50 AM,2423.0,88,213224.0,139799671.6
2025-08-01 09:19:50 AM,2422.0,300,726600.0,140526271.6
2025-08-01 09:19:51 AM,2421.8,50,121090.00000000001,140647361.6
2025-08-01 09:19:51 AM,2421.6,200,484320.0,141131681.6
2025-08-01 09:19:53 AM,2422.0,0,0.0,141131681.6
2025-08-01 09:19:53 AM,2422.0,1,2422.0,141134103.6
2025-08-01 09:19:55 AM,2421.7,0,0.0,141134103.6
2025-08-01 09:19:56 AM,2421.7,3,7265.099999999999,141141368.7
2025-08-01 09:19:56 AM,2422.3,5,12111.5,141153480.2
2025-08-01 09:19:57 AM,2423.0,0,0.0,141153480.2
2025-08-01 09:19:58 AM,2423.0,51,123573.0,141277053.2
2025-08-01 09:20:00 AM,2422.9,75,181717.5,141458770.7
2025-08-01 09:20:00 AM,2421.7,0,0.0,141458770.7
2025-08-01 09:20:01 AM,2421.7,6,14530.199999999999,141473300.89999998
2025-08-01 09:20:01 AM,2422.3,0,0.0,141473300.89999998
2025-08-01 09:20:02 AM,2422.3,152,368189.60000000003,141841490.49999997
2025-08-01 09:20:02 AM,2422.5,0,0.0,141841490.49999997
2025-08-01 09:20:03 AM,2422.5,189,457852.5,142299342.99999997
2025-08-01 09:20:04 AM,2422.5,6,14535.0,142313877.99999997
2025-08-01 09:20:05 AM,2422.4,1,2422.4,142316300.39999998
2025-08-01 09:20:05 AM,2422.0,0,0.0,142316300.39999998
2025-08-01 09:20:06 AM,2422.0,5,12110.0,142328410.39999998
2025-08-01 09:20:06 AM,2422.7,28,67835.59999999999,142396245.99999997
2025-08-01 09:20:06 AM,2421.7,0,0.0,142396245.99999997
2025-08-01 09:20:07 AM,2421.7,132,319664.39999999997,142715910.39999998
2025-08-01 09:20:07 AM,2420.8,200,484160.00000000006,143200070.39999998
2025-08-01 09:20:08 AM,2422.2,0,0.0,143200070.39999998
2025-08-01 09:20:08 AM,2422.2,6,14533.199999999999,143214603.59999996
2025-08-01 09:20:09 AM,2421.8,20,48436.0,143263039.59999996
2025-08-01 09:20:11 AM,2422.8,0,0.0,143263039.59999996
2025-08-01 09:20:11 AM,2422.8,43,104180.40000000001,143367219.99999997
2025-08-01 09:20:12 AM,2422.5,0,0.0,143367219.99999997
2025-08-01 09:20:12 AM,2422.5,200,484500.0,143851719.99999997
2025-08-01 09:20:14 AM,2422.3,0,0.0,143851719.99999997
2025-08-01 09:20:14 AM,2422.3,50,121115.00000000001,143972834.99999997
2025-08-01 09:20:15 AM,2422.8,30,72684.0,144045518.99999997
2025-08-01 09:20:15 AM,2423.0,50,121150.0,144166668.99999997
2025-08-01 09:20:16 AM,2421.6,0,0.0,144166668.99999997
2025-08-01 09:20:16 AM,2421.6,49,118658.4,144285327.39999998
2025-08-01 09:20:18 AM,2421.5,3,7264.5,144292591.89999998
2025-08-01 09:20:18 AM,2421.8,0,0.0,144292591.89999998
2025-08-01 09:20:19 AM,2421.3,82,198546.6,144491138.49999997
2025-08-01 09:20:20 AM,2421.4,6,14528.400000000001,144505666.89999998
2025-08-01 09:20:21 AM,2421.6,10,24216.0,144529882.89999998
2025-08-01 09:20:21 AM,2420.0,0,0.0,144529882.89999998
2025-08-01 09:20:21 AM,2420.0,310,750200.0,145280082.89999998
2025-08-01 09:20:22 AM,2420.4,0,0.0,145280082.89999998
2025-08-01 09:20:23 AM,2420.4,150,363060.0,145643142.89999998
2025-08-01 09:20:24 AM,2420.3,17,41145.100000000006,145684287.99999997
2025-08-01 09:20:28 AM,2420.0,35,84700.0,145768987.99999997
2025-08-01 09:20:28 AM,2420.0,11,26620.0,145795607.99999997
2025-08-01 09:20:29 AM,2419.1,5,12095.5,145807703.49999997
2025-08-01 09:20:30 AM,2419.0,120,290280.0,146097983.49999997
2025-08-01 09:20:31 AM,2419.1,0,0.0,146097983.49999997
2025-08-01 09:20:32 AM,2419.1,1,2419.1,146100402.59999996
2025-08-01 09:20:34 AM,2418.6,454,1098044.4,147198446.99999997
2025-08-01 09:20:34 AM,2419.1,2,4838.2,147203285.19999996
2025-08-01 09:20:36 AM,2420.0,29,70180.0,147273465.19999996
2025-08-01 09:20:36 AM,2418.6,22,53209.2,147326674.39999995
2025-08-01 09:20:38 AM,2418.5,0,0.0,147326674.39999995
2025-08-01 09:20:39 AM,2418.5,71,171713.5,147498387.89999995
2025-08-01 09:20:39 AM,2419.0,6,14514.0,147512901.89999995
2025-08-01 09:20:40 AM,2418.1,100,241810.0,147754711.89999995
2025-08-01 09:20:41 AM,2418.7,1,2418.7,147757130.59999993
2025-08-01 09:20:43 AM,2420.2,0,0.0,147757130.59999993
2025-08-01 09:20:44 AM,2420.2,115,278323.0,148035453.59999993
2025-08-01 09:20:44 AM,2417.9,56,135402.4,148170855.99999994
2025-08-01 09:20:44 AM,2418.5,0,0.0,148170855.99999994
2025-08-01 09:20:45 AM,2418.5,100,241850.0,148412705.99999994
2025-08-01 09:20:45 AM,2419.1,20,48382.0,148461087.99999994
2025-08-01 09:20:45 AM,2420.0,0,0.0,148461087.99999994
2025-08-01 09:20:46 AM,2420.0,10,24200.0,148485287.99999994
2025-08-01 09:20:47 AM,2419.1,129,312063.89999999997,148797351.89999995
2025-08-01 09:20:49 AM,2419.1,2,4838.2,148802190.09999993
2025-08-01 09:20:50 AM,2419.1,50,120955.0,148923145.09999993
2025-08-01 09:20:51 AM,2420.3,2,4840.6,148927985.69999993
2025-08-01 09:20:53 AM,2419.1,110,266101.0,149194086.69999993
2025-08-01 09:20:53 AM,2419.2,101,244339.19999999998,149438425.89999992
2025-08-01 09:20:55 AM,2420.7,25,60517.49999999999,149498943.39999992
2025-08-01 09:20:56 AM,2419.9,106,256509.40000000002,149755452.79999992
2025-08-01 09:20:57 AM,2421.0,1,2421.0,149757873.79999992
2025-08-01 09:20:57 AM,2420.5,0,0.0,149757873.79999992
2025-08-01 09:20:58 AM,2420.7,27,65358.899999999994,149823232.69999993
2025-08-01 09:21:00 AM,2420.9,182,440603.8,150263836.49999994
2025-08-01 09:21:02 AM,2419.9,20,48398.0,150312234.49999994
2025-08-01 09:21:03 AM,2420.9,7,16946.3,150329180.79999995
2025-08-01 09:21:03 AM,2420.3,1,2420.3,150331601.09999996
2025-08-01 09:21:07 AM,2421.0,0,0.0,150331601.09999996
2025-08-01 09:21:08 AM,2420.9,11,26629.9,150358230.99999997
2025-08-01 09:21:08 AM,2420.7,25,60517.49999999999,150418748.49999997
2025-08-01 09:21:09 AM,2421.8,2,4843.6,150423592.09999996
2025-08-01 09:21:09 AM,2422.0,10,24220.0,150447812.09999996
2025-08-01 09:21:10 AM,2422.0,1,2422.0,150450234.09999996
2025-08-01 09:21:10 AM,2421.1,102,246952.19999999998,150697186.29999995
2025-08-01 09:21:10 AM,2420.4,0,0.0,150697186.29999995
2025-08-01 09:21:11 AM,2420.4,650,1573260.0,152270446.29999995
2025-08-01 09:21:11 AM,2421.6,0,0.0,152270446.29999995
2025-08-01 09:21:12 AM,2421.6,1,2421.6,152272867.89999995
2025-08-01 09:21:13 AM,2421.9,0,0.0,152272867.89999995
2025-08-01 09:21:14 AM,2422.2,130,314886.0,152587753.89999995
2025-08-01 09:21:15 AM,2423.0,171,414333.0,153002086.89999995
2025-08-01 09:21:16 AM,2421.4,74,179183.6,153181270.49999994
2025-08-01 09:21:17 AM,2423.3,0,0.0,153181270.49999994
2025-08-01 09:21:17 AM,2423.4,0,0.0,153181270.49999994
2025-08-01 09:21:18 AM,2423.4,200,484680.0,153665950.49999994
2025-08-01 09:21:19 AM,2421.4,8,19371.2,153685321.69999993
2025-08-01 09:21:20 AM,2420.2,0,0.0,153685321.69999993
2025-08-01 09:21:21 AM,2420.2,300,726060.0,154411381.69999993
2025-08-01 09:21:21 AM,2422.5,0,0.0,154411381.69999993
2025-08-01 09:21:22 AM,2422.5,5,12112.5,154423494.19999993
2025-08-01 09:21:26 AM,2422.4,0,0.0,154423494.19999993
2025-08-01 09:21:27 AM,2422.4,10,24224.0,154447718.19999993
2025-08-01 09:21:29 AM,2422.6,12,29071.199999999997,154476789.39999992
2025-08-01 09:21:30 AM,2421.4,100,242140.0,154718929.39999992
2025-08-01 09:21:30 AM,2422.8,10,24228.0,154743157.39999992
2025-08-01 09:21:31 AM,2422.5,3,7267.5,154750424.89999992
2025-08-01 09:21:32 AM,2422.4,2,4844.8,154755269.69999993
2025-08-01 09:21:34 AM,2422.6,9,21803.399999999998,154777073.09999993
2025-08-01 09:21:35 AM,2421.5,0,0.0,154777073.09999993
2025-08-01 09:21:36 AM,2421.5,1,2421.5,154779494.59999993
2025-08-01 09:21:37 AM,2422.4,50,121120.0,154900614.59999993
2025-08-01 09:21:39 AM,2421.4,0,0.0,154900614.59999993
2025-08-01 09:21:40 AM,2421.4,10,24214.0,154924828.59999993
2025-08-01 09:21:41 AM,2421.9,10,24219.0,154949047.59999993
2025-08-01 09:21:43 AM,2421.4,8,19371.2,154968418.79999992
2025-08-01 09:21:45 AM,2422.0,0,0.0,154968418.79999992
2025-08-01 09:21:45 AM,2422.0,254,615188.0,155583606.79999992
2025-08-01 09:21:46 AM,2421.0,0,0.0,155583606.79999992
2025-08-01 09:21:46 AM,2421.0,50,121050.0,155704656.79999992
2025-08-01 09:21:47 AM,2421.4,0,0.0,155704656.79999992
2025-08-01 09:21:47 AM,2421.4,1,2421.4,155707078.19999993
2025-08-01 09:21:48 AM,2421.7,0,0.0,155707078.19999993
2025-08-01 09:21:48 AM,2420.2,0,0.0,155707078.19999993
2025-08-01 09:21:48 AM,2420.2,315,762363.0,156469441.19999993
2025-08-01 09:21:49 AM,2421.9,50,121095.0,156590536.19999993
2025-08-01 09:21:50 AM,2420.9,0,0.0,156590536.19999993
2025-08-01 09:21:50 AM,2420.9,30,72627.0,156663163.19999993
2025-08-01 09:21:51 AM,2420.3,0,0.0,156663163.19999993
2025-08-01 09:21:51 AM,2420.3,10,24203.0,156687366.19999993
2025-08-01 09:21:52 AM,2420.0,231,559020.0,157246386.19999993
2025-08-01 09:21:52 AM,2419.9,0,0.0,157246386.19999993
2025-08-01 09:21:52 AM,2420.8,0,0.0,157246386.19999993
2025-08-01 09:21:53 AM,2420.8,110,266288.0,157512674.19999993
2025-08-01 09:21:53 AM,2420.6,0,0.0,157512674.19999993
2025-08-01 09:21:54 AM,2420.6,1,2420.6,157515094.79999992
2025-08-01 09:21:54 AM,2420.5,1,2420.5,157517515.29999992
2025-08-01 09:21:55 AM,2419.9,34,82276.6,157599791.89999992
2025-08-01 09:21:55 AM,2420.0,107,258940.0,157858731.89999992
2025-08-01 09:21:56 AM,2420.6,200,484120.0,158342851.89999992
2025-08-01 09:21:56 AM,2419.2,0,0.0,158342851.89999992
2025-08-01 09:21:57 AM,2419.2,20,48384.0,158391235.89999992
2025-08-01 09:21:57 AM,2420.4,1,2420.4,158393656.29999992
2025-08-01 09:21:58 AM,2420.4,100,242040.0,158635696.29999992
2025-08-01 09:21:59 AM,2420.3,60,145218.0,158780914.29999992
2025-08-01 09:22:00 AM,2420.5,0,0.0,158780914.29999992
2025-08-01 09:22:01 AM,2420.5,55,133127.5,158914041.79999992
2025-08-01 09:22:02 AM,2420.0,0,0.0,158914041.79999992
2025-08-01 09:22:03 AM,2420.0,25,60500.0,158974541.79999992
2025-08-01 09:22:03 AM,2419.1,9,21771.899999999998,158996313.69999993
2025-08-01 09:22:04 AM,2419.2,108,261273.59999999998,159257587.29999992
2025-08-01 09:22:05 AM,2419.2,154,372556.8,159630144.09999993
2025-08-01 09:22:06 AM,2419.2,15,36288.0,159666432.09999993
2025-08-01 09:22:07 AM,2420.9,0,0.0,159666432.09999993
2025-08-01 09:22:08 AM,2420.9,100,242090.0,159908522.09999993
2025-08-01 09:22:08 AM,2420.3,0,0.0,159908522.09999993
2025-08-01 09:22:09 AM,2420.3,11,26623.300000000003,159935145.39999995
2025-08-01 09:22:10 AM,2419.2,166,401587.19999999995,160336732.59999993
2025-08-01 09:22:11 AM,2419.1,19,45962.9,160382695.49999994
2025-08-01 09:22:12 AM,2419.0,0,0.0,160382695.49999994
2025-08-01 09:22:13 AM,2419.0,3,7257.0,160389952.49999994
2025-08-01 09:22:13 AM,2420.0,0,0.0,160389952.49999994
2025-08-01 09:22:14 AM,2420.0,75,181500.0,160571452.49999994
2025-08-01 09:22:16 AM,2420.2,0,0.0,160571452.49999994
2025-08-01 09:22:16 AM,2420.2,12,29042.399999999998,160600494.89999995
2025-08-01 09:22:18 AM,2420.7,0,0.0,160600494.89999995
2025-08-01 09:22:18 AM,2420.7,1,2420.7,160602915.59999993
2025-08-01 09:22:20 AM,2421.8,0,0.0,160602915.59999993
2025-08-01 09:22:21 AM,2421.8,229,554592.2000000001,161157507.79999992
2025-08-01 09:22:22 AM,2421.3,0,0.0,161157507.79999992
2025-08-01 09:22:23 AM,2421.3,1,2421.3,161159929.09999993
2025-08-01 09:22:24 AM,2421.3,7,16949.100000000002,161176878.19999993
2025-08-01 09:22:25 AM,2420.7,0,0.0,161176878.19999993
2025-08-01 09:22:26 AM,2420.7,11,26627.699999999997,161203505.89999992
2025-08-01 09:22:28 AM,2420.7,1,2420.7,161205926.5999999
2025-08-01 09:22:28 AM,2420.0,0,0.0,161205926.5999999
2025-08-01 09:22:29 AM,2420.0,41,99220.0,161305146.5999999
2025-08-01 09:22:30 AM,2420.2,0,0.0,161305146.5999999
2025-08-01 09:22:31 AM,2420.2,8,19361.6,161324508.1999999
2025-08-01 09:22:31 AM,2420.4,0,0.0,161324508.1999999
2025-08-01 09:22:32 AM,2420.4,10,24204.0,161348712.1999999
2025-08-01 09:22:32 AM,2419.6,0,0.0,161348712.1999999
2025-08-01 09:22:33 AM,2419.6,38,91944.8,161440656.9999999
2025-08-01 09:22:34 AM,2419.3,0,0.0,161440656.9999999
2025-08-01 09:22:35 AM,2419.3,101,244349.30000000002,161685006.29999992
2025-08-01 09:22:35 AM,2419.6,0,0.0,161685006.29999992
2025-08-01 09:22:36 AM,2419.6,2,4839.2,161689845.4999999
2025-08-01 09:22:36 AM,2419.6,1,2419.6,161692265.0999999
2025-08-01 09:22:36 AM,2419.2,0,0.0,161692265.0999999
2025-08-01 09:22:37 AM,2418.9,0,0.0,161692265.0999999
2025-08-01 09:22:37 AM,2418.9,110,266079.0,161958344.0999999
2025-08-01 09:22:37 AM,2419.2,0,0.0,161958344.0999999
2025-08-01 09:22:38 AM,2419.5,122,295179.0,162253523.0999999
2025-08-01 09:22:39 AM,2419.5,100,241950.0,162495473.0999999
2025-08-01 09:22:40 AM,2419.2,4,9676.8,162505149.89999992
2025-08-01 09:22:41 AM,2419.7,4,9678.8,162514828.69999993
2025-08-01 09:22:42 AM,2419.7,93,225032.09999999998,162739860.79999992
2025-08-01 09:22:46 AM,2420.1,1,2420.1,162742280.89999992
2025-08-01 09:22:47 AM,2420.7,0,0.0,162742280.89999992
2025-08-01 09:22:48 AM,2420.7,31,75041.7,162817322.5999999
2025-08-01 09:22:49 AM,2420.7,2,4841.4,162822163.9999999
2025-08-01 09:22:49 AM,2420.7,1,2420.7,162824584.6999999
2025-08-01 09:22:53 AM,2420.7,11,26627.699999999997,162851212.3999999
2025-08-01 09:22:55 AM,2419.7,150,362955.0,163214167.3999999
2025-08-01 09:22:58 AM,2420.7,650,1573454.9999999998,164787622.3999999
2025-08-01 09:22:59 AM,2420.3,10,24203.0,164811825.3999999
2025-08-01 09:23:02 AM,2420.5,2,4841.0,164816666.3999999
2025-08-01 09:23:08 AM,2420.3,19,45985.700000000004,164862652.09999987
2025-08-01 09:23:08 AM,2421.0,0,0.0,164862652.09999987
2025-08-01 09:23:08 AM,2421.0,37,89577.0,164952229.09999987
2025-08-01 09:23:09 AM,2420.4,0,0.0,164952229.09999987
2025-08-01 09:23:09 AM,2420.4,8,19363.2,164971592.29999986
2025-08-01 09:23:10 AM,2420.4,10,24204.0,164995796.29999986
2025-08-01 09:23:11 AM,2421.4,0,0.0,164995796.29999986
2025-08-01 09:23:11 AM,2421.4,1,2421.4,164998217.69999987
2025-08-01 09:23:14 AM,2423.1,0,0.0,164998217.69999987
2025-08-01 09:23:14 AM,2423.1,571,1383590.0999999999,166381807.79999986
2025-08-01 09:23:17 AM,2422.5,0,0.0,166381807.79999986
2025-08-01 09:23:17 AM,2422.5,150,363375.0,166745182.79999986
2025-08-01 09:23:18 AM,2423.8,0,0.0,166745182.79999986
2025-08-01 09:23:18 AM,2423.8,10,24238.0,166769420.79999986
2025-08-01 09:23:19 AM,2423.8,25,60595.00000000001,166830015.79999986
2025-08-01 09:23:20 AM,2423.8,1,2423.8,166832439.59999987
2025-08-01 09:23:22 AM,2423.8,60,145428.0,166977867.59999987
2025-08-01 09:23:23 AM,2421.9,54,130782.6,167108650.19999987
2025-08-01 09:23:24 AM,2421.9,3,7265.700000000001,167115915.89999986
2025-08-01 09:23:25 AM,2421.4,32,77484.8,167193400.69999987
2025-08-01 09:23:26 AM,2422.0,100,242200.0,167435600.69999987
2025-08-01 09:23:28 AM,2420.0,564,1364880.0,168800480.69999987
2025-08-01 09:23:28 AM,2420.1,0,0.0,168800480.69999987
2025-08-01 09:23:29 AM,2420.1,11,26621.1,168827101.79999986
2025-08-01 09:23:32 AM,2421.1,331,801384.1,169628485.89999986
2025-08-01 09:23:33 AM,2422.6,15,36339.0,169664824.89999986
2025-08-01 09:23:35 AM,2422.0,30,72660.0,169737484.89999986
2025-08-01 09:23:39 AM,2422.2,4,9688.8,169747173.69999987
2025-08-01 09:23:40 AM,2423.4,60,145404.0,169892577.69999987
2025-08-01 09:23:42 AM,2423.3,2,4846.6,169897424.29999986
2025-08-01 09:23:42 AM,2422.0,0,0.0,169897424.29999986
2025-08-01 09:23:43 AM,2422.0,25,60550.0,169957974.29999986
2025-08-01 09:23:43 AM,2422.1,0,0.0,169957974.29999986
2025-08-01 09:23:44 AM,2422.1,161,389958.1,170347932.39999986
2025-08-01 09:23:45 AM,2422.0,101,244622.0,170592554.39999986
2025-08-01 09:23:48 AM,2421.6,4,9686.4,170602240.79999986
2025-08-01 09:23:50 AM,2421.7,26,62964.2,170665204.99999985
2025-08-01 09:23:55 AM,2422.0,0,0.0,170665204.99999985
2025-08-01 09:23:56 AM,2422.0,4,9688.0,170674892.99999985
2025-08-01 09:23:57 AM,2423.9,123,298139.7,170973032.69999984
2025-08-01 09:23:59 AM,2423.9,1,2423.9,170975456.59999985
2025-08-01 09:23:59 AM,2422.7,0,0.0,170975456.59999985
2025-08-01 09:24:00 AM,2422.8,20,48456.0,171023912.59999985
2025-08-01 09:24:02 AM,2423.4,4,9693.6,171033606.19999984
2025-08-01 09:24:03 AM,2424.0,50,121200.0,171154806.19999984
2025-08-01 09:24:04 AM,2423.4,12,29080.800000000003,171183886.99999985
2025-08-01 09:24:04 AM,2423.8,1,2423.8,171186310.79999986
2025-08-01 09:24:05 AM,2423.9,12,29086.800000000003,171215397.59999987
2025-08-01 09:24:05 AM,2424.0,0,0.0,171215397.59999987
2025-08-01 09:24:06 AM,2424.0,24,58176.0,171273573.59999987
2025-08-01 09:24:06 AM,2423.8,0,0.0,171273573.59999987
2025-08-01 09:24:07 AM,2427.0,3035,7365945.0,178639518.59999987
2025-08-01 09:24:07 AM,2426.4,0,0.0,178639518.59999987
2025-08-01 09:24:08 AM,2426.3,21,50952.3,178690470.8999999
2025-08-01 09:24:08 AM,2427.0,0,0.0,178690470.8999999
2025-08-01 09:24:09 AM,2426.3,262,635690.6000000001,179326161.49999988
2025-08-01 09:24:10 AM,2427.9,255,619114.5,179945275.99999988
2025-08-01 09:24:12 AM,2427.8,150,364170.0,180309445.99999988
2025-08-01 09:24:12 AM,2427.7,0,0.0,180309445.99999988
2025-08-01 09:24:13 AM,2427.7,5,12138.5,180321584.49999988
2025-08-01 09:24:13 AM,2426.8,50,121340.00000000001,180442924.49999988
2025-08-01 09:24:14 AM,2427.9,100,242790.0,180685714.49999988
2025-08-01 09:24:14 AM,2426.8,51,123766.8,180809481.2999999
2025-08-01 09:24:14 AM,2427.0,0,0.0,180809481.2999999
2025-08-01 09:24:15 AM,2427.0,1,2427.0,180811908.2999999
2025-08-01 09:24:15 AM,2427.9,7,16995.3,180828903.5999999
2025-08-01 09:24:16 AM,2429.9,405,984109.5,181813013.0999999
2025-08-01 09:24:16 AM,2428.4,50,121420.0,181934433.0999999
2025-08-01 09:24:17 AM,2430.5,875,2126687.5,184061120.5999999
2025-08-01 09:24:17 AM,2428.9,2,4857.8,184065978.39999992
2025-08-01 09:24:18 AM,2430.4,30,72912.0,184138890.39999992
2025-08-01 09:24:19 AM,2430.7,140,340298.0,184479188.39999992
2025-08-01 09:24:22 AM,2429.6,1,2429.6,184481617.9999999
2025-08-01 09:24:24 AM,2430.4,1,2430.4,184484048.39999992
2025-08-01 09:24:25 AM,2430.0,10,24300.0,184508348.39999992
2025-08-01 09:24:25 AM,2429.8,0,0.0,184508348.39999992
2025-08-01 09:24:26 AM,2429.8,65,157937.0,184666285.39999992
2025-08-01 09:24:26 AM,2429.9,27,65607.3,184731892.69999993
2025-08-01 09:24:27 AM,2429.9,23,55887.700000000004,184787780.39999992
2025-08-01 09:24:27 AM,2428.8,0,0.0,184787780.39999992
2025-08-01 09:24:27 AM,2430.3,0,0.0,184787780.39999992
2025-08-01 09:24:28 AM,2430.3,51,123945.3,184911725.69999993
2025-08-01 09:24:28 AM,2429.8,0,0.0,184911725.69999993
2025-08-01 09:24:29 AM,2429.8,1,2429.8,184914155.49999994
2025-08-01 09:24:29 AM,2429.9,0,0.0,184914155.49999994
2025-08-01 09:24:30 AM,2429.9,5,12149.5,184926304.99999994
2025-08-01 09:24:32 AM,2430.2,170,413133.99999999994,185339438.99999994
2025-08-01 09:24:33 AM,2429.8,1,2429.8,185341868.79999995
2025-08-01 09:24:34 AM,2428.9,10,24289.0,185366157.79999995
2025-08-01 09:24:35 AM,2428.6,31,75286.59999999999,185441444.39999995
2025-08-01 09:24:35 AM,2427.3,0,0.0,185441444.39999995
2025-08-01 09:24:35 AM,2427.4,271,657825.4,186099269.79999995
2025-08-01 09:24:36 AM,2429.5,0,0.0,186099269.79999995
2025-08-01 09:24:36 AM,2430.0,0,0.0,186099269.79999995
2025-08-01 09:24:37 AM,2430.0,104,252720.0,186351989.79999995
2025-08-01 09:24:37 AM,2428.5,11,26713.5,186378703.29999995
2025-08-01 09:24:37 AM,2429.7,0,0.0,186378703.29999995
2025-08-01 09:24:38 AM,2429.7,827,2009361.9,188388065.19999996
2025-08-01 09:24:40 AM,2428.6,0,0.0,188388065.19999996
2025-08-01 09:24:41 AM,2428.6,131,318146.6,188706211.79999995
2025-08-01 09:24:41 AM,2429.9,5,12149.5,188718361.29999995
2025-08-01 09:24:43 AM,2429.9,101,245419.90000000002,188963781.19999996
2025-08-01 09:24:44 AM,2429.8,0,0.0,188963781.19999996
2025-08-01 09:24:45 AM,2429.8,10,24298.0,188988079.19999996
2025-08-01 09:24:46 AM,2430.0,28,68040.0,189056119.19999996
2025-08-01 09:24:46 AM,2429.5,0,0.0,189056119.19999996
2025-08-01 09:24:47 AM,2429.5,50,121475.0,189177594.19999996
2025-08-01 09:24:48 AM,2428.2,0,0.0,189177594.19999996
2025-08-01 09:24:49 AM,2428.2,11,26710.199999999997,189204304.39999995
2025-08-01 09:24:49 AM,2428.2,1,2428.2,189206732.59999993
2025-08-01 09:24:50 AM,2429.4,0,0.0,189206732.59999993
2025-08-01 09:24:50 AM,2429.4,22,53446.8,189260179.39999995
2025-08-01 09:24:54 AM,2429.9,0,0.0,189260179.39999995
2025-08-01 09:24:54 AM,2429.9,50,121495.0,189381674.39999995
2025-08-01 09:24:56 AM,2428.5,0,0.0,189381674.39999995
2025-08-01 09:24:56 AM,2428.5,10,24285.0,189405959.39999995
2025-08-01 09:24:57 AM,2428.2,0,0.0,189405959.39999995
2025-08-01 09:24:58 AM,2428.2,39,94699.79999999999,189500659.19999996
2025-08-01 09:24:59 AM,2427.8,93,225785.40000000002,189726444.59999996
2025-08-01 09:25:01 AM,2427.1,6,14562.599999999999,189741007.19999996
2025-08-01 09:25:01 AM,2428.2,0,0.0,189741007.19999996
2025-08-01 09:25:02 AM,2428.2,1,2428.2,189743435.39999995
2025-08-01 09:25:03 AM,2428.3,0,0.0,189743435.39999995
2025-08-01 09:25:04 AM,2428.3,15,36424.5,189779859.89999995
2025-08-01 09:25:04 AM,2428.5,0,0.0,189779859.89999995
2025-08-01 09:25:05 AM,2428.5,30,72855.0,189852714.89999995
2025-08-01 09:25:06 AM,2428.5,50,121425.0,189974139.89999995
2025-08-01 09:25:06 AM,2427.1,0,0.0,189974139.89999995
2025-08-01 09:25:07 AM,2428.2,201,488068.19999999995,190462208.09999993
2025-08-01 09:25:08 AM,2428.3,0,0.0,190462208.09999993
2025-08-01 09:25:09 AM,2428.3,4,9713.2,190471921.29999992
2025-08-01 09:25:10 AM,2427.4,130,315562.0,190787483.29999992
2025-08-01 09:25:11 AM,2427.4,8,19419.2,190806902.4999999
2025-08-01 09:25:12 AM,2427.7,22,53409.399999999994,190860311.89999992
2025-08-01 09:25:13 AM,2427.0,0,0.0,190860311.89999992
2025-08-01 09:25:13 AM,2427.0,52,126204.0,190986515.89999992
2025-08-01 09:25:16 AM,2427.9,100,242790.0,191229305.89999992
2025-08-01 09:25:17 AM,2427.8,1,2427.8,191231733.69999993
2025-08-01 09:25:18 AM,2427.0,7,16989.0,191248722.69999993
2025-08-01 09:25:18 AM,2427.0,596,1446492.0,192695214.69999993
2025-08-01 09:25:19 AM,2425.7,50,121284.99999999999,192816499.69999993
2025-08-01 09:25:19 AM,2428.0,0,0.0,192816499.69999993
2025-08-01 09:25:20 AM,2428.0,800,1942400.0,194758899.69999993
2025-08-01 09:25:20 AM,2426.8,0,0.0,194758899.69999993
2025-08-01 09:25:20 AM,2426.8,12,29121.600000000002,194788021.29999992
2025-08-01 09:25:23 AM,2425.1,0,0.0,194788021.29999992
2025-08-01 09:25:23 AM,2425.1,8,19400.8,194807422.09999993
2025-08-01 09:25:24 AM,2426.5,0,0.0,194807422.09999993
2025-08-01 09:25:25 AM,2426.5,80,194120.0,195001542.09999993
2025-08-01 09:25:27 AM,2426.1,10,24261.0,195025803.09999993
2025-08-01 09:25:28 AM,2425.0,223,540775.0,195566578.09999993
2025-08-01 09:25:29 AM,2426.0,0,0.0,195566578.09999993
2025-08-01 09:25:30 AM,2426.0,2,4852.0,195571430.09999993
2025-08-01 09:25:31 AM,2426.1,100,242610.0,195814040.09999993
2025-08-01 09:25:33 AM,2425.1,52,126105.2,195940145.29999992
2025-08-01 09:25:34 AM,2424.5,0,0.0,195940145.29999992
2025-08-01 09:25:34 AM,2424.5,174,421863.0,196362008.29999992
2025-08-01 09:25:35 AM,2425.7,0,0.0,196362008.29999992
2025-08-01 09:25:36 AM,2425.7,1,2425.7,196364433.9999999
2025-08-01 09:25:36 AM,2424.5,0,0.0,196364433.9999999
2025-08-01 09:25:37 AM,2424.5,21,50914.5,196415348.4999999
2025-08-01 09:25:37 AM,2425.3,0,0.0,196415348.4999999
2025-08-01 09:25:38 AM,2425.3,1,2425.3,196417773.79999992
2025-08-01 09:25:40 AM,2424.5,14,33943.0,196451716.79999992
2025-08-01 09:25:41 AM,2424.8,0,0.0,196451716.79999992
2025-08-01 09:25:42 AM,2424.8,1,2424.8,196454141.59999993
2025-08-01 09:25:42 AM,2424.0,0,0.0,196454141.59999993
2025-08-01 09:25:43 AM,2424.0,35,84840.0,196538981.59999993
2025-08-01 09:25:43 AM,2424.4,0,0.0,196538981.59999993
2025-08-01 09:25:44 AM,2424.4,10,24244.0,196563225.59999993
2025-08-01 09:25:45 AM,2424.1,1,2424.1,196565649.69999993
2025-08-01 09:25:47 AM,2423.4,0,0.0,196565649.69999993
2025-08-01 09:25:47 AM,2423.4,1,2423.4,196568073.09999993
2025-08-01 09:25:48 AM,2422.4,0,0.0,196568073.09999993
2025-08-01 09:25:49 AM,2422.4,323,782435.2000000001,197350508.29999992
2025-08-01 09:25:49 AM,2422.0,0,0.0,197350508.29999992
2025-08-01 09:25:49 AM,2422.0,15,36330.0,197386838.29999992
2025-08-01 09:25:50 AM,2421.9,0,0.0,197386838.29999992
2025-08-01 09:25:50 AM,2422.8,0,0.0,197386838.29999992
2025-08-01 09:25:51 AM,2422.8,51,123562.8,197510401.09999993
2025-08-01 09:25:51 AM,2423.7,0,0.0,197510401.09999993
2025-08-01 09:25:52 AM,2423.7,50,121184.99999999999,197631586.09999993
2025-08-01 09:25:54 AM,2422.7,0,0.0,197631586.09999993
2025-08-01 09:25:55 AM,2422.7,10,24227.0,197655813.09999993
2025-08-01 09:25:58 AM,2423.0,6,14538.0,197670351.09999993
2025-08-01 09:25:59 AM,2422.7,6,14536.199999999999,197684887.29999992
2025-08-01 09:25:59 AM,2421.9,0,0.0,197684887.29999992
2025-08-01 09:26:00 AM,2423.2,0,0.0,197684887.29999992
2025-08-01 09:26:00 AM,2423.2,77,186586.4,197871473.69999993
2025-08-01 09:26:01 AM,2423.2,15,36348.0,197907821.69999993
2025-08-01 09:26:01 AM,2423.2,20,48464.0,197956285.69999993
2025-08-01 09:26:02 AM,2422.8,0,0.0,197956285.69999993
2025-08-01 09:26:02 AM,2422.8,269,651733.2000000001,198608018.89999992
2025-08-01 09:26:04 AM,2422.7,2,4845.4,198612864.29999992
2025-08-01 09:26:04 AM,2422.8,11,26650.800000000003,198639515.09999993
2025-08-01 09:26:05 AM,2424.2,20,48484.0,198687999.09999993
2025-08-01 09:26:07 AM,2424.3,1,2424.3,198690423.39999995
2025-08-01 09:26:08 AM,2423.2,100,242319.99999999997,198932743.39999995
2025-08-01 09:26:08 AM,2423.3,0,0.0,198932743.39999995
2025-08-01 09:26:09 AM,2423.3,8,19386.4,198952129.79999995
2025-08-01 09:26:09 AM,2424.5,90,218205.0,199170334.79999995
2025-08-01 09:26:10 AM,2423.4,1,2423.4,199172758.19999996
2025-08-01 09:26:11 AM,2424.5,0,0.0,199172758.19999996
2025-08-01 09:26:12 AM,2424.5,7,16971.5,199189729.69999996
2025-08-01 09:26:12 AM,2424.4,0,0.0,199189729.69999996
2025-08-01 09:26:13 AM,2424.4,1,2424.4,199192154.09999996
2025-08-01 09:26:14 AM,2423.4,21,50891.4,199243045.49999997
2025-08-01 09:26:16 AM,2424.5,0,0.0,199243045.49999997
2025-08-01 09:26:17 AM,2423.3,13,31502.9,199274548.39999998
2025-08-01 09:26:17 AM,2422.7,0,0.0,199274548.39999998
2025-08-01 09:26:18 AM,2422.7,1,2422.7,199276971.09999996
2025-08-01 09:26:18 AM,2422.0,0,0.0,199276971.09999996
2025-08-01 09:26:19 AM,2422.0,69,167118.0,199444089.09999996
2025-08-01 09:26:19 AM,2422.9,1,2422.9,199446511.99999997
2025-08-01 09:26:20 AM,2423.1,0,0.0,199446511.99999997
2025-08-01 09:26:21 AM,2423.1,50,121155.0,199567666.99999997
2025-08-01 09:26:21 AM,2422.9,0,0.0,199567666.99999997
2025-08-01 09:26:22 AM,2422.9,2,4845.8,199572512.79999998
2025-08-01 09:26:26 AM,2422.7,1,2422.7,199574935.49999997
2025-08-01 09:26:28 AM,2422.1,47,113838.7,199688774.19999996
2025-08-01 09:26:28 AM,2422.9,0,0.0,199688774.19999996
2025-08-01 09:26:29 AM,2422.9,40,96916.0,199785690.19999996
2025-08-01 09:26:30 AM,2422.1,1,2422.1,199788112.29999995
2025-08-01 09:26:33 AM,2423.0,0,0.0,199788112.29999995
2025-08-01 09:26:33 AM,2423.0,20,48460.0,199836572.29999995
2025-08-01 09:26:34 AM,2424.4,1,2424.4,199838996.69999996
2025-08-01 09:26:34 AM,2423.2,0,0.0,199838996.69999996
2025-08-01 09:26:34 AM,2423.2,5,12116.0,199851112.69999996
2025-08-01 09:26:36 AM,2424.6,150,363690.0,200214802.69999996
2025-08-01 09:26:37 AM,2424.9,25,60622.5,200275425.19999996
2025-08-01 09:26:39 AM,2424.3,4,9697.2,200285122.39999995
2025-08-01 09:26:40 AM,2424.3,2,4848.6,200289970.99999994
2025-08-01 09:26:43 AM,2426.8,881,2138010.8000000003,202427981.79999995
2025-08-01 09:26:45 AM,2427.8,484,1175055.2000000002,203603036.99999994
2025-08-01 09:26:46 AM,2428.0,0,0.0,203603036.99999994
2025-08-01 09:26:47 AM,2428.0,500,1214000.0,204817036.99999994
2025-08-01 09:26:47 AM,2428.5,21,50998.5,204868035.49999994
2025-08-01 09:26:49 AM,2428.5,5,12142.5,204880177.99999994
2025-08-01 09:26:49 AM,2429.5,3,7288.5,204887466.49999994
2025-08-01 09:26:51 AM,2429.4,168,408139.2,205295605.69999993
2025-08-01 09:26:52 AM,2429.9,0,0.0,205295605.69999993
2025-08-01 09:26:53 AM,2429.9,16,38878.4,205334484.09999993
2025-08-01 09:26:56 AM,2429.9,11,26728.9,205361212.99999994
2025-08-01 09:26:58 AM,2427.6,0,0.0,205361212.99999994
2025-08-01 09:26:58 AM,2427.6,892,2165419.1999999997,207526632.19999993
2025-08-01 09:27:00 AM,2428.5,50,121425.0,207648057.19999993
2025-08-01 09:27:01 AM,2431.0,1363,3313453.0,210961510.19999993
2025-08-01 09:27:01 AM,2433.0,0,0.0,210961510.19999993
2025-08-01 09:27:01 AM,2431.7,0,0.0,210961510.19999993
2025-08-01 09:27:02 AM,2432.5,78,189735.0,211151245.19999993
2025-08-01 09:27:03 AM,2431.2,89,216376.8,211367621.99999994
2025-08-01 09:27:03 AM,2430.3,0,0.0,211367621.99999994
2025-08-01 09:27:03 AM,2431.4,0,0.0,211367621.99999994
2025-08-01 09:27:04 AM,2431.7,83,201831.09999999998,211569453.09999993
2025-08-01 09:27:07 AM,2430.3,5,12151.5,211581604.59999993
2025-08-01 09:27:08 AM,2433.0,0,0.0,211581604.59999993
2025-08-01 09:27:08 AM,2431.8,0,0.0,211581604.59999993
2025-08-01 09:27:09 AM,2431.8,675,1641465.0000000002,213223069.59999993
2025-08-01 09:27:09 AM,2430.8,0,0.0,213223069.59999993
2025-08-01 09:27:10 AM,2430.8,2,4861.6,213227931.19999993
2025-08-01 09:27:11 AM,2430.3,75,182272.5,213410203.69999993
2025-08-01 09:27:11 AM,2429.9,510,1239249.0,214649452.69999993
2025-08-01 09:27:13 AM,2429.9,1,2429.9,214651882.59999993
2025-08-01 09:27:13 AM,2430.0,1,2430.0,214654312.59999993
2025-08-01 09:27:17 AM,2429.9,0,0.0,214654312.59999993
2025-08-01 09:27:18 AM,2429.2,22,53442.399999999994,214707754.99999994
2025-08-01 09:27:18 AM,2427.0,0,0.0,214707754.99999994
2025-08-01 09:27:19 AM,2427.0,560,1359120.0,216066874.99999994
2025-08-01 09:27:20 AM,2429.0,0,0.0,216066874.99999994
2025-08-01 09:27:21 AM,2428.9,27,65580.3,216132455.29999995
2025-08-01 09:27:23 AM,2428.8,1,2428.8,216134884.09999996
2025-08-01 09:27:25 AM,2428.1,3,7284.299999999999,216142168.39999998
2025-08-01 09:27:27 AM,2428.8,35,85008.0,216227176.39999998
2025-08-01 09:27:28 AM,2428.9,100,242890.0,216470066.39999998
2025-08-01 09:27:29 AM,2428.8,0,0.0,216470066.39999998
2025-08-01 09:27:29 AM,2428.0,0,0.0,216470066.39999998
2025-08-01 09:27:30 AM,2427.9,59,143246.1,216613312.49999997
2025-08-01 09:27:30 AM,2427.9,1,2427.9,216615740.39999998
2025-08-01 09:27:34 AM,2428.6,3,7285.799999999999,216623026.2
2025-08-01 09:27:37 AM,2427.7,5,12138.5,216635164.7
2025-08-01 09:27:37 AM,2427.8,0,0.0,216635164.7
2025-08-01 09:27:38 AM,2427.8,1,2427.8,216637592.5
2025-08-01 09:27:39 AM,2427.7,0,0.0,216637592.5
2025-08-01 09:27:40 AM,2427.6,70,169932.0,216807524.5
2025-08-01 09:27:40 AM,2427.4,20,48548.0,216856072.5
2025-08-01 09:27:41 AM,2428.8,0,0.0,216856072.5
2025-08-01 09:27:42 AM,2428.8,576,1398988.8,218255061.3
2025-08-01 09:27:44 AM,2428.9,1,2428.9,218257490.20000002
2025-08-01 09:27:45 AM,2428.0,165,400620.0,218658110.20000002
2025-08-01 09:27:45 AM,2428.9,0,0.0,218658110.20000002
2025-08-01 09:27:46 AM,2428.9,10,24289.0,218682399.20000002
2025-08-01 09:27:47 AM,2428.8,5,12144.0,218694543.20000002
2025-08-01 09:27:48 AM,2427.6,50,121380.0,218815923.20000002
2025-08-01 09:27:49 AM,2429.0,100,242900.0,219058823.20000002
2025-08-01 09:27:51 AM,2429.1,0,0.0,219058823.20000002
2025-08-01 09:27:51 AM,2427.8,0,0.0,219058823.20000002
2025-08-01 09:27:52 AM,2427.8,153,371453.4,219430276.60000002
2025-08-01 09:27:53 AM,2429.0,0,0.0,219430276.60000002
2025-08-01 09:27:54 AM,2429.0,1,2429.0,219432705.60000002
2025-08-01 09:27:54 AM,2429.2,0,0.0,219432705.60000002
2025-08-01 09:27:55 AM,2429.2,100,242919.99999999997,219675625.60000002
2025-08-01 09:27:58 AM,2429.2,1,2429.2,219678054.8
2025-08-01 09:28:00 AM,2429.5,1,2429.5,219680484.3
2025-08-01 09:28:00 AM,2429.4,0,0.0,219680484.3
2025-08-01 09:28:01 AM,2429.4,2,4858.8,219685343.10000002
2025-08-01 09:28:01 AM,2428.4,1,2428.4,219687771.50000003
2025-08-01 09:28:02 AM,2429.2,0,0.0,219687771.50000003
2025-08-01 09:28:03 AM,2429.2,1,2429.2,219690200.70000002
2025-08-01 09:28:06 AM,2429.3,550,1336115.0,221026315.70000002
2025-08-01 09:28:06 AM,2429.1,0,0.0,221026315.70000002
2025-08-01 09:28:07 AM,2429.1,41,99593.09999999999,221125908.8
2025-08-01 09:28:08 AM,2427.7,0,0.0,221125908.8
2025-08-01 09:28:08 AM,2427.7,371,900676.7,222026585.5
2025-08-01 09:28:09 AM,2425.9,240,582216.0,222608801.5
2025-08-01 09:28:10 AM,2427.4,1,2427.4,222611228.9
2025-08-01 09:28:11 AM,2427.1,0,0.0,222611228.9
2025-08-01 09:28:12 AM,2427.1,200,485420.0,223096648.9
2025-08-01 09:28:22 AM,2427.8,7,16994.600000000002,223113643.5
2025-08-01 09:28:24 AM,2426.9,14,33976.6,223147620.1
2025-08-01 09:28:27 AM,2426.9,13,31549.7,223179169.79999998
2025-08-01 09:28:27 AM,2427.5,0,0.0,223179169.79999998
2025-08-01 09:28:28 AM,2426.5,0,0.0,223179169.79999998
2025-08-01 09:28:28 AM,2426.5,65,157722.5,223336892.29999998
2025-08-01 09:28:28 AM,2426.3,0,0.0,223336892.29999998
2025-08-01 09:28:29 AM,2426.3,7,16984.100000000002,223353876.39999998
2025-08-01 09:28:29 AM,2427.4,0,0.0,223353876.39999998
2025-08-01 09:28:30 AM,2427.4,1,2427.4,223356303.79999998
2025-08-01 09:28:30 AM,2426.4,10,24264.0,223380567.79999998
2025-08-01 09:28:31 AM,2427.5,25,60687.5,223441255.29999998
2025-08-01 09:28:33 AM,2427.6,46,111669.59999999999,223552924.89999998
2025-08-01 09:28:37 AM,2427.0,0,0.0,223552924.89999998
2025-08-01 09:28:37 AM,2427.0,5,12135.0,223565059.89999998
2025-08-01 09:28:40 AM,2427.1,0,0.0,223565059.89999998
2025-08-01 09:28:40 AM,2427.1,10,24271.0,223589330.89999998
2025-08-01 09:28:40 AM,2426.0,0,0.0,223589330.89999998
2025-08-01 09:28:41 AM,2426.0,70,169820.0,223759150.89999998
2025-08-01 09:28:43 AM,2427.1,0,0.0,223759150.89999998
2025-08-01 09:28:44 AM,2427.1,1,2427.1,223761577.99999997
2025-08-01 09:28:45 AM,2427.7,0,0.0,223761577.99999997
2025-08-01 09:28:45 AM,2427.7,25,60692.49999999999,223822270.49999997
2025-08-01 09:28:46 AM,2427.8,10,24278.0,223846548.49999997
2025-08-01 09:28:49 AM,2427.7,0,0.0,223846548.49999997
2025-08-01 09:28:50 AM,2427.7,24,58264.799999999996,223904813.29999998
2025-08-01 09:28:51 AM,2427.1,5,12135.5,223916948.79999998
2025-08-01 09:28:52 AM,2427.0,1134,2752218.0,226669166.79999998
2025-08-01 09:28:56 AM,2427.7,0,0.0,226669166.79999998
2025-08-01 09:28:57 AM,2427.7,90,218492.99999999997,226887659.79999998
2025-08-01 09:28:57 AM,2427.8,59,143240.2,227030899.99999997
2025-08-01 09:28:57 AM,2428.3,0,0.0,227030899.99999997
2025-08-01 09:28:58 AM,2428.3,113,274397.9,227305297.89999998
2025-08-01 09:28:59 AM,2429.0,51,123879.0,227429176.89999998
2025-08-01 09:29:00 AM,2428.3,0,0.0,227429176.89999998
2025-08-01 09:29:02 AM,2428.3,3,7284.900000000001,227436461.79999998
2025-08-01 09:29:03 AM,2429.0,0,0.0,227436461.79999998
2025-08-01 09:29:08 AM,2427.6,0,0.0,227436461.79999998
2025-08-01 09:29:08 AM,2427.6,136,330153.6,227766615.39999998
2025-08-01 09:29:09 AM,2426.1,0,0.0,227766615.39999998
2025-08-01 09:29:10 AM,2425.5,212,514206.0,228280821.39999998
2025-08-01 09:29:13 AM,2425.0,0,0.0,228280821.39999998
2025-08-01 09:29:16 AM,2425.6,139,337158.39999999997,228617979.79999998
2025-08-01 09:29:17 AM,2425.3,135,327415.5,228945395.29999998
2025-08-01 09:29:19 AM,2424.1,0,0.0,228945395.29999998
2025-08-01 09:29:24 AM,2425.7,115,278955.5,229224350.79999998
2025-08-01 09:29:25 AM,2424.7,50,121234.99999999999,229345585.79999998
2025-08-01 09:29:28 AM,2427.0,0,0.0,229345585.79999998
2025-08-01 09:29:31 AM,2426.2,14,33966.799999999996,229379552.6
2025-08-01 09:29:32 AM,2427.7,10,24277.0,229403829.6
2025-08-01 09:29:39 AM,2429.2,465,1129578.0,230533407.6
2025-08-01 09:29:39 AM,2428.0,0,0.0,230533407.6
2025-08-01 09:29:40 AM,2428.0,20,48560.0,230581967.6
2025-08-01 09:29:46 AM,2427.7,10,24277.0,230606244.6
2025-08-01 09:29:49 AM,2427.0,0,0.0,230606244.6
2025-08-01 09:29:53 AM,2427.9,18,43702.200000000004,230649946.79999998
2025-08-01 09:29:59 AM,2429.8,0,0.0,230649946.79999998
2025-08-01 09:30:01 AM,2428.2,0,0.0,230649946.79999998
2025-08-01 09:30:01 AM,2428.2,132,320522.39999999997,230970469.2
2025-08-01 09:30:01 AM,2427.7,0,0.0,230970469.2
2025-08-01 09:30:01 AM,2427.7,14,33987.799999999996,231004457.0
2025-08-01 09:30:02 AM,2427.8,35,84973.0,231089430.0
2025-08-01 09:30:04 AM,2427.7,3,7283.099999999999,231096713.1
2025-08-01 09:30:05 AM,2427.7,1,2427.7,231099140.79999998
2025-08-01 09:30:07 AM,2427.0,0,0.0,231099140.79999998
2025-08-01 09:30:07 AM,2427.4,39,94668.6,231193809.39999998
2025-08-01 09:30:07 AM,2427.4,5,12137.0,231205946.39999998
2025-08-01 09:30:08 AM,2426.4,20,48528.0,231254474.39999998
2025-08-01 09:30:09 AM,2426.0,162,393012.0,231647486.39999998
2025-08-01 09:30:11 AM,2426.3,6,14557.800000000001,231662044.2
2025-08-01 09:30:12 AM,2426.3,2,4852.6,231666896.79999998
2025-08-01 09:30:15 AM,2425.5,10,24255.0,231691151.79999998
2025-08-01 09:30:15 AM,2426.3,0,0.0,231691151.79999998
2025-08-01 09:30:16 AM,2426.3,1,2426.3,231693578.1
2025-08-01 09:30:18 AM,2426.0,0,0.0,231693578.1
2025-08-01 09:30:18 AM,2426.3,2,4852.6,231698430.7
2025-08-01 09:30:20 AM,2425.2,55,133386.0,231831816.7
2025-08-01 09:30:20 AM,2426.3,3,7278.900000000001,231839095.6
2025-08-01 09:30:21 AM,2425.1,0,0.0,231839095.6
2025-08-01 09:30:21 AM,2425.1,100,242510.0,232081605.6
2025-08-01 09:30:22 AM,2425.0,0,0.0,232081605.6
2025-08-01 09:30:22 AM,2425.0,61,147925.0,232229530.6
2025-08-01 09:30:24 AM,2426.2,0,0.0,232229530.6
2025-08-01 09:30:25 AM,2426.2,1,2426.2,232231956.79999998
2025-08-01 09:30:25 AM,2425.0,0,0.0,232231956.79999998
2025-08-01 09:30:26 AM,2425.0,50,121250.0,232353206.79999998
2025-08-01 09:30:26 AM,2424.0,202,489648.0,232842854.79999998
2025-08-01 09:30:26 AM,2424.5,0,0.0,232842854.79999998
2025-08-01 09:30:27 AM,2424.5,7,16971.5,232859826.29999998
2025-08-01 09:30:28 AM,2424.5,2,4849.0,232864675.29999998
2025-08-01 09:30:29 AM,2425.0,0,0.0,232864675.29999998
2025-08-01 09:30:30 AM,2425.0,1,2425.0,232867100.29999998
2025-08-01 09:30:32 AM,2425.0,1,2425.0,232869525.29999998
2025-08-01 09:30:33 AM,2425.0,1,2425.0,232871950.29999998
2025-08-01 09:30:37 AM,2425.3,183,443829.9,233315780.2
2025-08-01 09:30:37 AM,2425.3,8,19402.4,233335182.6
2025-08-01 09:30:39 AM,2425.4,0,0.0,233335182.6
2025-08-01 09:30:40 AM,2425.4,10,24254.0,233359436.6
2025-08-01 09:30:41 AM,2426.0,5,12130.0,233371566.6
2025-08-01 09:30:42 AM,2426.0,10,24260.0,233395826.6
2025-08-01 09:30:45 AM,2425.5,18,43659.0,233439485.6
2025-08-01 09:30:46 AM,2426.0,0,0.0,233439485.6
2025-08-01 09:30:46 AM,2426.0,24,58224.0,233497709.6
2025-08-01 09:30:47 AM,2426.0,1,2426.0,233500135.6
2025-08-01 09:30:49 AM,2426.0,49,118874.0,233619009.6
2025-08-01 09:30:49 AM,2425.6,47,114003.2,233733012.79999998
2025-08-01 09:30:50 AM,2425.9,0,0.0,233733012.79999998
2025-08-01 09:30:51 AM,2425.6,115,278944.0,234011956.79999998
2025-08-01 09:30:53 AM,2426.0,2,4852.0,234016808.79999998
2025-08-01 09:30:55 AM,2425.6,2,4851.2,234021659.99999997
2025-08-01 09:30:56 AM,2425.4,0,0.0,234021659.99999997
2025-08-01 09:30:56 AM,2425.4,10,24254.0,234045913.99999997
2025-08-01 09:30:56 AM,2425.5,3,7276.5,234053190.49999997
2025-08-01 09:30:58 AM,2425.2,0,0.0,234053190.49999997
2025-08-01 09:30:59 AM,2425.2,37,89732.4,234142922.89999998
2025-08-01 09:31:00 AM,2425.2,25,60629.99999999999,234203552.89999998
2025-08-01 09:31:00 AM,2425.5,0,0.0,234203552.89999998
2025-08-01 09:31:01 AM,2425.5,5,12127.5,234215680.39999998
2025-08-01 09:31:02 AM,2424.7,0,0.0,234215680.39999998
2025-08-01 09:31:02 AM,2424.7,278,674066.6,234889746.99999997
2025-08-01 09:31:04 AM,2424.6,8,19396.8,234909143.79999998
2025-08-01 09:31:05 AM,2424.1,2,4848.2,234913991.99999997
2025-08-01 09:31:08 AM,2424.6,0,0.0,234913991.99999997
2025-08-01 09:31:08 AM,2424.6,1,2424.6,234916416.59999996
2025-08-01 09:31:10 AM,2424.3,0,0.0,234916416.59999996
2025-08-01 09:31:10 AM,2424.3,3,7272.900000000001,234923689.49999997
2025-08-01 09:31:11 AM,2422.3,0,0.0,234923689.49999997
2025-08-01 09:31:11 AM,2422.3,500,1211150.0,236134839.49999997
2025-08-01 09:31:12 AM,2424.1,0,0.0,236134839.49999997
2025-08-01 09:31:12 AM,2424.1,2,4848.2,236139687.69999996
2025-08-01 09:31:15 AM,2424.0,0,0.0,236139687.69999996
2025-08-01 09:31:15 AM,2424.0,3,7272.0,236146959.69999996
2025-08-01 09:31:16 AM,2424.0,1,2424.0,236149383.69999996
2025-08-01 09:31:18 AM,2424.0,1,2424.0,236151807.69999996
2025-08-01 09:31:19 AM,2424.1,1,2424.1,236154231.79999995
2025-08-01 09:31:20 AM,2424.1,10,24241.0,236178472.79999995
2025-08-01 09:31:22 AM,2423.1,0,0.0,236178472.79999995
2025-08-01 09:31:22 AM,2424.1,302,732078.2,236910550.99999994
2025-08-01 09:31:25 AM,2423.5,2,4847.0,236915397.99999994
2025-08-01 09:31:30 AM,2424.1,0,0.0,236915397.99999994
2025-08-01 09:31:30 AM,2424.1,25,60602.5,236976000.49999994
2025-08-01 09:31:32 AM,2423.6,0,0.0,236976000.49999994
2025-08-01 09:31:32 AM,2423.6,3,7270.799999999999,236983271.29999995
2025-08-01 09:31:33 AM,2422.6,0,0.0,236983271.29999995
2025-08-01 09:31:33 AM,2422.6,501,1213722.5999999999,238196993.89999995
2025-08-01 09:31:37 AM,2422.8,1,2422.8,238199416.69999996
2025-08-01 09:31:40 AM,2422.8,32,77529.6,238276946.29999995
2025-08-01 09:31:41 AM,2424.0,0,0.0,238276946.29999995
2025-08-01 09:31:41 AM,2424.0,1,2424.0,238279370.29999995
2025-08-01 09:31:46 AM,2423.4,52,126016.8,238405387.09999996
2025-08-01 09:31:49 AM,2424.0,0,0.0,238405387.09999996
2025-08-01 09:31:49 AM,2424.0,2,4848.0,238410235.09999996
2025-08-01 09:31:51 AM,2424.1,0,0.0,238410235.09999996
2025-08-01 09:31:51 AM,2424.1,60,145446.0,238555681.09999996
2025-08-01 09:31:54 AM,2425.0,50,121250.0,238676931.09999996
2025-08-01 09:31:56 AM,2425.3,0,0.0,238676931.09999996
2025-08-01 09:31:56 AM,2425.3,10,24253.0,238701184.09999996
2025-08-01 09:31:57 AM,2425.6,27,65491.2,238766675.29999995
2025-08-01 09:32:02 AM,2426.0,0,0.0,238766675.29999995
2025-08-01 09:32:05 AM,2426.0,15,36390.0,238803065.29999995
2025-08-01 09:32:12 AM,2425.0,44,106700.0,238909765.29999995
2025-08-01 09:32:19 AM,2424.9,0,0.0,238909765.29999995
2025-08-01 09:32:19 AM,2424.9,65,157618.5,239067383.79999995
2025-08-01 09:32:25 AM,2424.3,0,0.0,239067383.79999995
2025-08-01 09:32:26 AM,2425.0,37,89725.0,239157108.79999995
2025-08-01 09:32:26 AM,2424.6,18,43642.799999999996,239200751.59999996
2025-08-01 09:32:32 AM,2426.0,0,0.0,239200751.59999996
2025-08-01 09:32:32 AM,2426.3,0,0.0,239200751.59999996
2025-08-01 09:32:33 AM,2426.3,103,249908.90000000002,239450660.49999997
2025-08-01 09:32:33 AM,2426.5,20,48530.0,239499190.49999997
2025-08-01 09:32:37 AM,2427.5,0,0.0,239499190.49999997
2025-08-01 09:32:40 AM,2427.5,4,9710.0,239508900.49999997
2025-08-01 09:32:40 AM,2427.4,3,7282.200000000001,239516182.69999996
2025-08-01 09:32:43 AM,2426.0,0,0.0,239516182.69999996
2025-08-01 09:32:47 AM,2427.6,203,492802.8,240008985.49999997
2025-08-01 09:32:49 AM,2429.0,0,0.0,240008985.49999997
2025-08-01 09:32:54 AM,2430.0,407,989010.0,240997995.49999997
2025-08-01 09:32:55 AM,2429.3,0,0.0,240997995.49999997
2025-08-01 09:33:01 AM,2429.5,0,0.0,240997995.49999997
2025-08-01 09:33:01 AM,2429.5,669,1625335.5,242623330.99999997
2025-08-01 09:33:01 AM,2427.6,0,0.0,242623330.99999997
2025-08-01 09:33:07 AM,2429.2,0,0.0,242623330.99999997
2025-08-01 09:33:08 AM,2429.2,151,366809.19999999995,242990140.19999996
2025-08-01 09:33:13 AM,2428.5,0,0.0,242990140.19999996
2025-08-01 09:33:15 AM,2428.5,147,356989.5,243347129.69999996
2025-08-01 09:33:18 AM,2429.3,0,0.0,243347129.69999996
2025-08-01 09:33:21 AM,2429.1,184,446954.39999999997,243794084.09999996
2025-08-01 09:33:28 AM,2431.1,0,0.0,243794084.09999996
2025-08-01 09:33:28 AM,2431.1,1464,3559130.4,247353214.49999997
2025-08-01 09:33:33 AM,2431.0,0,0.0,247353214.49999997
2025-08-01 09:33:35 AM,2431.0,1074,2610894.0,249964108.49999997
2025-08-01 09:33:38 AM,2432.2,0,0.0,249964108.49999997
2025-08-01 09:33:42 AM,2432.8,219,532783.2000000001,250496891.69999996
2025-08-01 09:33:45 AM,2432.2,0,0.0,250496891.69999996
2025-08-01 09:33:48 AM,2432.8,0,0.0,250496891.69999996
2025-08-01 09:33:49 AM,2433.0,245,596085.0,251092976.69999996
2025-08-01 09:33:53 AM,2433.9,0,0.0,251092976.69999996
2025-08-01 09:33:56 AM,2434.8,906,2205928.8000000003,253298905.49999997
2025-08-01 09:33:56 AM,2436.0,121,294756.0,253593661.49999997
2025-08-01 09:33:58 AM,2435.5,0,0.0,253593661.49999997
2025-08-01 09:34:01 AM,2436.4,0,0.0,253593661.49999997
2025-08-01 09:34:01 AM,2436.9,217,528807.3,254122468.79999998
2025-08-01 09:34:01 AM,2435.8,150,365370.0,254487838.79999998
2025-08-01 09:34:01 AM,2435.9,0,0.0,254487838.79999998
2025-08-01 09:34:02 AM,2435.9,1,2435.9,254490274.7
2025-08-01 09:34:03 AM,2436.5,2,4873.0,254495147.7
2025-08-01 09:34:03 AM,2435.9,0,0.0,254495147.7
2025-08-01 09:34:04 AM,2435.9,80,194872.0,254690019.7
2025-08-01 09:34:04 AM,2435.5,0,0.0,254690019.7
2025-08-01 09:34:05 AM,2435.5,270,657585.0,255347604.7
2025-08-01 09:34:05 AM,2435.6,0,0.0,255347604.7
2025-08-01 09:34:06 AM,2435.6,1,2435.6,255350040.29999998
2025-08-01 09:34:06 AM,2435.6,100,243560.0,255593600.29999998
2025-08-01 09:34:07 AM,2434.8,106,258088.80000000002,255851689.1
2025-08-01 09:34:08 AM,2435.6,0,0.0,255851689.1
2025-08-01 09:34:08 AM,2435.6,1,2435.6,255854124.7
2025-08-01 09:34:08 AM,2435.0,0,0.0,255854124.7
2025-08-01 09:34:09 AM,2436.0,360,876960.0,256731084.7
2025-08-01 09:34:10 AM,2436.2,0,0.0,256731084.7
2025-08-01 09:34:10 AM,2436.0,230,560280.0,257291364.7
2025-08-01 09:34:10 AM,2437.4,674,1642807.6,258934172.29999998
2025-08-01 09:34:12 AM,2436.2,5,12181.0,258946353.29999998
2025-08-01 09:34:13 AM,2437.8,0,0.0,258946353.29999998
2025-08-01 09:34:14 AM,2437.4,258,628849.2000000001,259575202.49999997
2025-08-01 09:34:14 AM,2436.2,0,0.0,259575202.49999997
2025-08-01 09:34:14 AM,2436.2,63,153480.59999999998,259728683.09999996
2025-08-01 09:34:15 AM,2437.5,0,0.0,259728683.09999996
2025-08-01 09:34:16 AM,2435.0,666,1621710.0,261350393.09999996
2025-08-01 09:34:16 AM,2436.0,0,0.0,261350393.09999996
2025-08-01 09:34:17 AM,2436.0,8,19488.0,261369881.09999996
2025-08-01 09:34:17 AM,2437.0,0,0.0,261369881.09999996
2025-08-01 09:34:18 AM,2437.0,5,12185.0,261382066.09999996
2025-08-01 09:34:18 AM,2437.1,0,0.0,261382066.09999996
2025-08-01 09:34:19 AM,2437.1,250,609275.0,261991341.09999996
2025-08-01 09:34:19 AM,2436.2,50,121809.99999999999,262113151.09999996
2025-08-01 09:34:20 AM,2436.2,48,116937.59999999999,262230088.69999996
2025-08-01 09:34:20 AM,2436.7,0,0.0,262230088.69999996
2025-08-01 09:34:21 AM,2436.6,0,0.0,262230088.69999996
2025-08-01 09:34:21 AM,2435.9,113,275256.7,262505345.39999995
2025-08-01 09:34:21 AM,2436.8,250,609200.0,263114545.39999995
2025-08-01 09:34:22 AM,2436.1,3,7308.299999999999,263121853.69999996
2025-08-01 09:34:22 AM,2436.1,4,9744.4,263131598.09999996
2025-08-01 09:34:23 AM,2436.4,50,121820.0,263253418.09999996
2025-08-01 09:34:25 AM,2437.0,230,560510.0,263813928.09999996
2025-08-01 09:34:26 AM,2437.7,13,31690.1,263845618.19999996
2025-08-01 09:34:27 AM,2437.0,40,97480.0,263943098.19999996
2025-08-01 09:34:30 AM,2437.9,40,97516.0,264040614.19999996
2025-08-01 09:34:31 AM,2438.0,0,0.0,264040614.19999996
2025-08-01 09:34:32 AM,2438.0,1,2438.0,264043052.19999996
2025-08-01 09:34:32 AM,2437.3,100,243730.00000000003,264286782.19999996
2025-08-01 09:34:33 AM,2437.1,0,0.0,264286782.19999996
2025-08-01 09:34:33 AM,2437.1,100,243710.0,264530492.19999996
2025-08-01 09:34:34 AM,2438.0,0,0.0,264530492.19999996
2025-08-01 09:34:34 AM,2438.0,1,2438.0,264532930.19999996
2025-08-01 09:34:36 AM,2437.1,19,46304.9,264579235.09999996
2025-08-01 09:34:37 AM,2436.8,288,701798.4,265281033.49999997
2025-08-01 09:34:38 AM,2436.5,0,0.0,265281033.49999997
2025-08-01 09:34:38 AM,2436.5,9,21928.5,265302961.99999997
2025-08-01 09:34:38 AM,2436.6,0,0.0,265302961.99999997
2025-08-01 09:34:38 AM,2436.6,15,36549.0,265339510.99999997
2025-08-01 09:34:39 AM,2436.8,1,2436.8,265341947.79999998
2025-08-01 09:34:41 AM,2436.4,0,0.0,265341947.79999998
2025-08-01 09:34:41 AM,2436.4,1,2436.4,265344384.2
2025-08-01 09:34:42 AM,2436.6,0,0.0,265344384.2
2025-08-01 09:34:43 AM,2436.6,76,185181.6,265529565.79999998
2025-08-01 09:34:43 AM,2436.6,20,48732.0,265578297.79999998
2025-08-01 09:34:43 AM,2437.8,0,0.0,265578297.79999998
2025-08-01 09:34:44 AM,2437.8,30,73134.0,265651431.79999998
2025-08-01 09:34:44 AM,2436.6,0,0.0,265651431.79999998
2025-08-01 09:34:45 AM,2437.8,3,7313.400000000001,265658745.2
2025-08-01 09:34:45 AM,2436.5,95,231467.5,265890212.7
2025-08-01 09:34:46 AM,2437.0,25,60925.0,265951137.7
2025-08-01 09:34:46 AM,2437.6,0,0.0,265951137.7
2025-08-01 09:34:47 AM,2437.2,83,202287.59999999998,266153425.29999998
2025-08-01 09:34:47 AM,2436.2,0,0.0,266153425.29999998
2025-08-01 09:34:48 AM,2436.7,124,302150.8,266455576.1
2025-08-01 09:34:50 AM,2436.9,0,0.0,266455576.1
2025-08-01 09:34:50 AM,2436.2,101,246056.19999999998,266701632.29999998
2025-08-01 09:34:50 AM,2436.2,10,24362.0,266725994.29999998
2025-08-01 09:34:52 AM,2436.2,20,48724.0,266774718.29999998
2025-08-01 09:34:53 AM,2436.0,0,0.0,266774718.29999998
2025-08-01 09:34:53 AM,2436.0,5,12180.0,266786898.29999998
2025-08-01 09:34:54 AM,2435.9,0,0.0,266786898.29999998
2025-08-01 09:34:55 AM,2435.9,351,855000.9,267641899.2
2025-08-01 09:34:55 AM,2436.2,0,0.0,267641899.2
2025-08-01 09:34:55 AM,2436.2,28,68213.59999999999,267710112.79999998
2025-08-01 09:34:56 AM,2436.2,1,2436.2,267712548.99999997
2025-08-01 09:34:56 AM,2435.9,0,0.0,267712548.99999997
2025-08-01 09:34:57 AM,2435.9,20,48718.0,267761266.99999997
2025-08-01 09:34:57 AM,2435.0,159,387165.0,268148431.99999997
2025-08-01 09:34:57 AM,2436.1,0,0.0,268148431.99999997
2025-08-01 09:34:58 AM,2436.1,10,24361.0,268172792.99999997
2025-08-01 09:34:59 AM,2435.0,0,0.0,268172792.99999997
2025-08-01 09:34:59 AM,2435.0,1,2435.0,268175227.99999997
2025-08-01 09:35:00 AM,2435.8,0,0.0,268175227.99999997
2025-08-01 09:35:00 AM,2435.8,10,24358.0,268199585.99999997
2025-08-01 09:35:01 AM,2434.0,0,0.0,268199585.99999997
2025-08-01 09:35:02 AM,2434.0,234,569556.0,268769142.0
2025-08-01 09:35:03 AM,2435.1,10,24351.0,268793493.0
2025-08-01 09:35:06 AM,2435.0,0,0.0,268793493.0
2025-08-01 09:35:06 AM,2435.0,100,243500.0,269036993.0
2025-08-01 09:35:06 AM,2435.2,70,170464.0,269207457.0
2025-08-01 09:35:07 AM,2435.1,204,496760.39999999997,269704217.4
2025-08-01 09:35:07 AM,2435.2,2,4870.4,269709087.79999995
2025-08-01 09:35:09 AM,2435.0,2,4870.0,269713957.79999995
2025-08-01 09:35:09 AM,2435.8,0,0.0,269713957.79999995
2025-08-01 09:35:10 AM,2435.8,1000,2435800.0,272149757.79999995
2025-08-01 09:35:12 AM,2434.4,0,0.0,272149757.79999995
2025-08-01 09:35:13 AM,2434.4,3,7303.200000000001,272157060.99999994
2025-08-01 09:35:13 AM,2434.7,0,0.0,272157060.99999994
2025-08-01 09:35:13 AM,2434.7,4,9738.8,272166799.79999995
2025-08-01 09:35:15 AM,2435.0,4,9740.0,272176539.79999995
2025-08-01 09:35:15 AM,2435.0,30,73050.0,272249589.79999995
2025-08-01 09:35:16 AM,2435.0,5,12175.0,272261764.79999995
2025-08-01 09:35:18 AM,2435.5,0,0.0,272261764.79999995
2025-08-01 09:35:18 AM,2435.5,52,126646.0,272388410.79999995
2025-08-01 09:35:19 AM,2435.5,1,2435.5,272390846.29999995
2025-08-01 09:35:20 AM,2435.2,1,2435.2,272393281.49999994
2025-08-01 09:35:21 AM,2435.0,20,48700.0,272441981.49999994
2025-08-01 09:35:21 AM,2434.1,0,0.0,272441981.49999994
2025-08-01 09:35:22 AM,2434.5,444,1080918.0,273522899.49999994
2025-08-01 09:35:24 AM,2435.0,0,0.0,273522899.49999994
2025-08-01 09:35:24 AM,2435.0,32,77920.0,273600819.49999994
2025-08-01 09:35:26 AM,2434.7,36,87649.2,273688468.6999999
2025-08-01 09:35:28 AM,2433.0,277,673941.0,274362409.6999999
2025-08-01 09:35:30 AM,2433.0,61,148413.0,274510822.6999999
2025-08-01 09:35:31 AM,2432.2,209,508329.8,275019152.49999994
2025-08-01 09:35:31 AM,2432.9,10,24329.0,275043481.49999994
2025-08-01 09:35:32 AM,2433.0,7,17031.0,275060512.49999994
2025-08-01 09:35:34 AM,2430.9,600,1458540.0,276519052.49999994
2025-08-01 09:35:36 AM,2431.6,0,0.0,276519052.49999994
2025-08-01 09:35:36 AM,2431.6,5,12158.0,276531210.49999994
2025-08-01 09:35:37 AM,2432.1,21,51074.1,276582284.59999996
2025-08-01 09:35:38 AM,2431.0,6,14586.0,276596870.59999996
2025-08-01 09:35:39 AM,2433.3,200,486660.00000000006,277083530.59999996
2025-08-01 09:35:42 AM,2432.6,20,48652.0,277132182.59999996
2025-08-01 09:35:45 AM,2432.4,1055,2566182.0,279698364.59999996
2025-08-01 09:35:46 AM,2431.7,0,0.0,279698364.59999996
2025-08-01 09:35:46 AM,2431.7,200,486339.99999999994,280184704.59999996
2025-08-01 09:35:47 AM,2432.7,0,0.0,280184704.59999996
2025-08-01 09:35:48 AM,2432.7,1,2432.7,280187137.29999995
2025-08-01 09:35:49 AM,2431.8,0,0.0,280187137.29999995
2025-08-01 09:35:50 AM,2432.8,0,0.0,280187137.29999995
2025-08-01 09:35:50 AM,2432.8,60,145968.0,280333105.29999995
2025-08-01 09:35:52 AM,2431.7,38,92404.59999999999,280425509.9
2025-08-01 09:35:53 AM,2432.7,0,0.0,280425509.9
2025-08-01 09:35:54 AM,2432.7,25,60817.49999999999,280486327.4
2025-08-01 09:35:55 AM,2432.7,2,4865.4,280491192.79999995
2025-08-01 09:35:56 AM,2433.1,10,24331.0,280515523.79999995
2025-08-01 09:35:58 AM,2432.3,0,0.0,280515523.79999995
2025-08-01 09:35:58 AM,2432.3,20,48646.0,280564169.79999995
2025-08-01 09:36:01 AM,2432.7,0,0.0,280564169.79999995
2025-08-01 09:36:02 AM,2432.7,25,60817.49999999999,280624987.29999995
2025-08-01 09:36:03 AM,2432.7,15,36490.5,280661477.79999995
2025-08-01 09:36:03 AM,2432.8,0,0.0,280661477.79999995
2025-08-01 09:36:04 AM,2432.8,10,24328.0,280685805.79999995
2025-08-01 09:36:04 AM,2432.4,0,0.0,280685805.79999995
2025-08-01 09:36:05 AM,2432.4,100,243240.0,280929045.79999995
2025-08-01 09:36:07 AM,2433.6,20,48672.0,280977717.79999995
2025-08-01 09:36:12 AM,2433.0,0,0.0,280977717.79999995
2025-08-01 09:36:13 AM,2433.0,51,124083.0,281101800.79999995
2025-08-01 09:36:13 AM,2433.6,0,0.0,281101800.79999995
2025-08-01 09:36:14 AM,2433.6,1,2433.6,281104234.4
2025-08-01 09:36:14 AM,2433.6,4,9734.4,281113968.79999995
2025-08-01 09:36:15 AM,2432.8,20,48656.0,281162624.79999995
2025-08-01 09:36:17 AM,2433.3,3,7299.900000000001,281169924.6999999
2025-08-01 09:36:17 AM,2433.6,0,0.0,281169924.6999999
2025-08-01 09:36:17 AM,2433.6,16,38937.6,281208862.29999995
2025-08-01 09:36:20 AM,2433.6,2,4867.2,281213729.49999994
2025-08-01 09:36:22 AM,2434.9,0,0.0,281213729.49999994
2025-08-01 09:36:22 AM,2434.9,183,445586.7,281659316.1999999
2025-08-01 09:36:23 AM,2434.6,0,0.0,281659316.1999999
2025-08-01 09:36:23 AM,2434.6,2,4869.2,281664185.3999999
2025-08-01 09:36:26 AM,2434.0,0,0.0,281664185.3999999
2025-08-01 09:36:26 AM,2434.0,30,73020.0,281737205.3999999
2025-08-01 09:36:27 AM,2434.6,3,7303.799999999999,281744509.1999999
2025-08-01 09:36:28 AM,2434.6,1,2434.6,281746943.79999995
2025-08-01 09:36:28 AM,2434.2,0,0.0,281746943.79999995
2025-08-01 09:36:28 AM,2434.2,3,7302.599999999999,281754246.4
2025-08-01 09:36:29 AM,2433.6,18,43804.799999999996,281798051.2
2025-08-01 09:36:32 AM,2432.7,50,121634.99999999999,281919686.2
2025-08-01 09:36:33 AM,2434.0,106,258004.0,282177690.2
2025-08-01 09:36:34 AM,2433.7,5,12168.5,282189858.7
2025-08-01 09:36:43 AM,2433.7,201,489173.69999999995,282679032.4
2025-08-01 09:36:43 AM,2433.9,50,121695.0,282800727.4
2025-08-01 09:36:47 AM,2433.8,5,12169.0,282812896.4
2025-08-01 09:36:49 AM,2433.1,1,2433.1,282815329.5
2025-08-01 09:36:50 AM,2433.0,0,0.0,282815329.5
2025-08-01 09:36:51 AM,2433.0,25,60825.0,282876154.5
2025-08-01 09:36:51 AM,2433.6,30,73008.0,282949162.5
2025-08-01 09:36:53 AM,2433.9,0,0.0,282949162.5
2025-08-01 09:36:54 AM,2433.9,100,243390.0,283192552.5
2025-08-01 09:36:58 AM,2433.7,2,4867.4,283197419.9
2025-08-01 09:36:58 AM,2433.7,3,7301.099999999999,283204721.0
2025-08-01 09:36:59 AM,2434.1,355,864105.5,284068826.5
2025-08-01 09:37:02 AM,2434.8,0,0.0,284068826.5
2025-08-01 09:37:07 AM,2433.6,278,676540.7999999999,284745367.3
2025-08-01 09:37:10 AM,2433.7,0,0.0,284745367.3
2025-08-01 09:37:12 AM,2432.4,0,0.0,284745367.3
2025-08-01 09:37:14 AM,2432.4,512,1245388.8,285990756.1
2025-08-01 09:37:15 AM,2432.7,5,12163.5,286002919.6
2025-08-01 09:37:21 AM,2432.1,0,0.0,286002919.6
2025-08-01 09:37:21 AM,2431.7,109,265055.3,286267974.90000004
2025-08-01 09:37:27 AM,2432.0,0,0.0,286267974.90000004
2025-08-01 09:37:28 AM,2432.0,117,284544.0,286552518.90000004
2025-08-01 09:37:31 AM,2432.3,0,0.0,286552518.90000004
2025-08-01 09:37:35 AM,2432.3,24,58375.200000000004,286610894.1
2025-08-01 09:37:40 AM,2432.5,0,0.0,286610894.1
2025-08-01 09:37:40 AM,2430.1,0,0.0,286610894.1
2025-08-01 09:37:42 AM,2430.1,570,1385157.0,287996051.1
2025-08-01 09:37:42 AM,2431.2,1,2431.2,287998482.3
2025-08-01 09:37:44 AM,2431.6,0,0.0,287998482.3
2025-08-01 09:37:48 AM,2431.6,23,55926.799999999996,288054409.1
2025-08-01 09:37:52 AM,2431.8,0,0.0,288054409.1
2025-08-01 09:37:54 AM,2431.4,0,0.0,288054409.1
2025-08-01 09:37:55 AM,2430.6,95,230907.0,288285316.1
2025-08-01 09:37:56 AM,2430.0,0,0.0,288285316.1
2025-08-01 09:37:58 AM,2429.6,0,0.0,288285316.1
2025-08-01 09:38:00 AM,2429.0,0,0.0,288285316.1
2025-08-01 09:38:01 AM,2429.3,2265,5502364.5,293787680.6
2025-08-01 09:38:06 AM,2428.8,0,0.0,293787680.6
2025-08-01 09:38:09 AM,2429.3,310,753083.0,294540763.6
2025-08-01 09:38:12 AM,2429.8,0,0.0,294540763.6
2025-08-01 09:38:14 AM,2430.6,0,0.0,294540763.6
2025-08-01 09:38:16 AM,2430.6,69,167711.4,294708475.0
2025-08-01 09:38:18 AM,2430.9,0,0.0,294708475.0
2025-08-01 09:38:22 AM,2431.0,115,279565.0,294988040.0
2025-08-01 09:38:28 AM,2432.3,0,0.0,294988040.0
2025-08-01 09:38:29 AM,2432.3,436,1060482.8,296048522.8
2025-08-01 09:38:32 AM,2432.5,0,0.0,296048522.8
2025-08-01 09:38:34 AM,2431.5,0,0.0,296048522.8
2025-08-01 09:38:36 AM,2431.5,1116,2713554.0,298762076.8
2025-08-01 09:38:38 AM,2431.3,0,0.0,298762076.8
2025-08-01 09:38:42 AM,2432.3,127,308902.10000000003,299070978.90000004
2025-08-01 09:38:43 AM,2433.0,0,0.0,299070978.90000004
2025-08-01 09:38:49 AM,2433.0,25,60825.0,299131803.90000004
2025-08-01 09:38:50 AM,2433.9,0,0.0,299131803.90000004
2025-08-01 09:38:54 AM,2432.8,0,0.0,299131803.90000004
2025-08-01 09:38:55 AM,2432.8,29,70551.20000000001,299202355.1
2025-08-01 09:38:58 AM,2433.7,0,0.0,299202355.1
2025-08-01 09:39:02 AM,2432.8,107,260309.6,299462664.70000005
2025-08-01 09:39:08 AM,2431.2,0,0.0,299462664.70000005
2025-08-01 09:39:09 AM,2431.2,299,726928.7999999999,300189593.50000006
2025-08-01 09:39:13 AM,2431.8,0,0.0,300189593.50000006
2025-08-01 09:39:16 AM,2431.5,318,773217.0,300962810.50000006
2025-08-01 09:39:17 AM,2431.0,0,0.0,300962810.50000006
2025-08-01 09:39:23 AM,2430.6,337,819112.2,301781922.70000005
2025-08-01 09:39:29 AM,2430.6,3,7291.799999999999,301789214.50000006
2025-08-01 09:39:31 AM,2431.5,0,0.0,301789214.50000006
2025-08-01 09:39:35 AM,2431.9,0,0.0,301789214.50000006
2025-08-01 09:39:36 AM,2431.9,209,508267.10000000003,302297481.6000001
2025-08-01 09:39:38 AM,2431.1,0,0.0,302297481.6000001
2025-08-01 09:39:42 AM,2431.9,24,58365.600000000006,302355847.2000001
2025-08-01 09:39:43 AM,2431.8,1,2431.8,302358279.0000001
2025-08-01 09:39:49 AM,2431.9,91,221302.9,302579581.9000001
2025-08-01 09:39:51 AM,2431.8,0,0.0,302579581.9000001
2025-08-01 09:39:55 AM,2432.0,0,0.0,302579581.9000001
2025-08-01 09:39:56 AM,2432.0,46,111872.0,302691453.9000001
2025-08-01 09:39:59 AM,2433.0,0,0.0,302691453.9000001
2025-08-01 09:40:02 AM,2433.0,219,532827.0,303224280.9000001
2025-08-01 09:40:07 AM,2431.8,0,0.0,303224280.9000001
2025-08-01 09:40:08 AM,2433.2,268,652097.6,303876378.5000001
2025-08-01 09:40:09 AM,2433.4,1,2433.4,303878811.9000001
2025-08-01 09:40:11 AM,2433.7,0,0.0,303878811.9000001
2025-08-01 09:40:15 AM,2433.4,71,172771.4,304051583.3000001
2025-08-01 09:40:19 AM,2434.0,0,0.0,304051583.3000001
2025-08-01 09:40:21 AM,2434.0,118,287212.0,304338795.3000001
2025-08-01 09:40:24 AM,2433.8,0,0.0,304338795.3000001
2025-08-01 09:40:28 AM,2434.0,21,51114.0,304389909.3000001
2025-08-01 09:40:31 AM,2435.5,0,0.0,304389909.3000001
2025-08-01 09:40:34 AM,2434.8,0,0.0,304389909.3000001
2025-08-01 09:40:35 AM,2435.6,0,0.0,304389909.3000001
2025-08-01 09:40:35 AM,2434.8,821,1998970.8,306388880.1000001
2025-08-01 09:40:36 AM,2436.0,87,211932.0,306600812.1000001
2025-08-01 09:40:37 AM,2435.8,0,0.0,306600812.1000001
2025-08-01 09:40:39 AM,2436.2,0,0.0,306600812.1000001
2025-08-01 09:40:41 AM,2436.2,64,155916.8,306756728.9000001
2025-08-01 09:40:42 AM,2435.9,1,2435.9,306759164.8000001
2025-08-01 09:40:46 AM,2437.0,0,0.0,306759164.8000001
2025-08-01 09:40:48 AM,2437.0,38,92606.0,306851770.8000001
2025-08-01 09:40:49 AM,2437.0,125,304625.0,307156395.8000001
2025-08-01 09:40:55 AM,2438.0,1,2438.0,307158833.8000001
2025-08-01 09:40:55 AM,2439.0,658,1604862.0,308763695.8000001
2025-08-01 09:41:01 AM,2438.4,0,0.0,308763695.8000001
2025-08-01 09:41:01 AM,2438.4,429,1046073.6000000001,309809769.4000001
2025-08-01 09:41:02 AM,2439.4,100,243940.0,310053709.4000001
2025-08-01 09:41:02 AM,2439.0,21,51219.0,310104928.4000001
2025-08-01 09:41:04 AM,2439.0,69,168291.0,310273219.4000001
2025-08-01 09:41:04 AM,2439.0,31,75609.0,310348828.4000001
2025-08-01 09:41:05 AM,2440.1,522,1273732.2,311622560.6000001
2025-08-01 09:41:06 AM,2440.8,102,248961.6,311871522.2000001
2025-08-01 09:41:06 AM,2439.9,0,0.0,311871522.2000001
2025-08-01 09:41:07 AM,2439.9,20,48798.0,311920320.2000001
2025-08-01 09:41:07 AM,2440.8,15,36612.0,311956932.2000001
2025-08-01 09:41:09 AM,2439.9,70,170793.0,312127725.2000001
2025-08-01 09:41:10 AM,2439.0,140,341460.0,312469185.2000001
2025-08-01 09:41:12 AM,2439.5,1,2439.5,312471624.7000001
2025-08-01 09:41:13 AM,2439.0,0,0.0,312471624.7000001
2025-08-01 09:41:13 AM,2439.0,4,9756.0,312481380.7000001
2025-08-01 09:41:13 AM,2439.4,10,24394.0,312505774.7000001
2025-08-01 09:41:14 AM,2439.4,1,2439.4,312508214.1000001
2025-08-01 09:41:17 AM,2439.4,50,121970.0,312630184.1000001
2025-08-01 09:41:17 AM,2439.0,0,0.0,312630184.1000001
2025-08-01 09:41:17 AM,2439.0,1,2439.0,312632623.1000001
2025-08-01 09:41:18 AM,2439.0,1,2439.0,312635062.1000001
2025-08-01 09:41:18 AM,2439.8,141,344011.80000000005,312979073.9000001
2025-08-01 09:41:19 AM,2439.7,30,73191.0,313052264.9000001
2025-08-01 09:41:19 AM,2439.0,0,0.0,313052264.9000001
2025-08-01 09:41:20 AM,2439.0,80,195120.0,313247384.9000001
2025-08-01 09:41:20 AM,2439.0,10,24390.0,313271774.9000001
2025-08-01 09:41:21 AM,2439.0,8,19512.0,313291286.9000001
2025-08-01 09:41:22 AM,2439.8,1,2439.8,313293726.7000001
2025-08-01 09:41:23 AM,2439.0,0,0.0,313293726.7000001
2025-08-01 09:41:24 AM,2439.0,100,243900.0,313537626.7000001
2025-08-01 09:41:26 AM,2439.8,1,2439.8,313540066.5000001
2025-08-01 09:41:27 AM,2439.1,106,258544.59999999998,313798611.10000014
2025-08-01 09:41:28 AM,2441.5,187,456560.5,314255171.60000014
2025-08-01 09:41:29 AM,2440.8,71,173296.80000000002,314428468.40000015
2025-08-01 09:41:30 AM,2441.8,0,0.0,314428468.40000015
2025-08-01 09:41:30 AM,2441.8,40,97672.0,314526140.40000015
2025-08-01 09:41:31 AM,2441.2,25,61029.99999999999,314587170.40000015
2025-08-01 09:41:32 AM,2441.2,13,31735.6,314618906.0000002
2025-08-01 09:41:32 AM,2441.5,0,0.0,314618906.0000002
2025-08-01 09:41:33 AM,2441.4,0,0.0,314618906.0000002
2025-08-01 09:41:33 AM,2443.0,686,1675898.0,316294804.0000002
2025-08-01 09:41:33 AM,2443.3,100,244330.00000000003,316539134.0000002
2025-08-01 09:41:33 AM,2441.8,0,0.0,316539134.0000002
2025-08-01 09:41:34 AM,2441.8,165,402897.00000000006,316942031.0000002
2025-08-01 09:41:36 AM,2442.1,0,0.0,316942031.0000002
2025-08-01 09:41:37 AM,2443.1,121,295615.1,317237646.1000002
2025-08-01 09:41:37 AM,2443.8,1265,3091407.0,320329053.1000002
2025-08-01 09:41:39 AM,2444.0,11,26884.0,320355937.1000002
2025-08-01 09:41:39 AM,2443.6,0,0.0,320355937.1000002
2025-08-01 09:41:40 AM,2443.8,11,26881.800000000003,320382818.9000002
2025-08-01 09:41:41 AM,2444.0,326,796744.0,321179562.9000002
2025-08-01 09:41:41 AM,2444.6,0,0.0,321179562.9000002
2025-08-01 09:41:42 AM,2444.6,267,652708.2,321832271.1000002
2025-08-01 09:41:42 AM,2443.6,2,4887.2,321837158.3000002
2025-08-01 09:41:43 AM,2444.6,0,0.0,321837158.3000002
2025-08-01 09:41:43 AM,2444.6,30,73338.0,321910496.3000002
2025-08-01 09:41:43 AM,2444.5,0,0.0,321910496.3000002
2025-08-01 09:41:43 AM,2444.5,2,4889.0,321915385.3000002
2025-08-01 09:41:44 AM,2443.6,1,2443.6,321917828.9000002
2025-08-01 09:41:45 AM,2443.6,2,4887.2,321922716.1000002
2025-08-01 09:41:45 AM,2444.0,0,0.0,321922716.1000002
2025-08-01 09:41:46 AM,2443.6,100,244360.0,322167076.1000002
2025-08-01 09:41:46 AM,2444.0,4,9776.0,322176852.1000002
2025-08-01 09:41:46 AM,2444.2,0,0.0,322176852.1000002
2025-08-01 09:41:47 AM,2444.2,100,244419.99999999997,322421272.1000002
2025-08-01 09:41:47 AM,2444.1,5,12220.5,322433492.6000002
2025-08-01 09:41:47 AM,2444.2,0,0.0,322433492.6000002
2025-08-01 09:41:48 AM,2444.2,25,61104.99999999999,322494597.6000002
2025-08-01 09:41:48 AM,2443.3,41,100175.3,322594772.9000002
2025-08-01 09:41:49 AM,2443.3,20,48866.0,322643638.9000002
2025-08-01 09:41:50 AM,2443.9,15,36658.5,322680297.4000002
2025-08-01 09:41:52 AM,2442.4,400,976960.0,323657257.4000002
2025-08-01 09:41:52 AM,2443.4,100,244340.0,323901597.4000002
2025-08-01 09:41:54 AM,2442.3,335,818170.5000000001,324719767.9000002
2025-08-01 09:41:54 AM,2443.5,0,0.0,324719767.9000002
2025-08-01 09:41:55 AM,2443.5,3,7330.5,324727098.4000002
2025-08-01 09:41:56 AM,2442.4,0,0.0,324727098.4000002
2025-08-01 09:41:56 AM,2442.4,20,48848.0,324775946.4000002
2025-08-01 09:41:56 AM,2443.6,0,0.0,324775946.4000002
2025-08-01 09:41:57 AM,2443.6,51,124623.59999999999,324900570.00000024
2025-08-01 09:41:58 AM,2442.6,0,0.0,324900570.00000024
2025-08-01 09:41:59 AM,2442.0,0,0.0,324900570.00000024
2025-08-01 09:41:59 AM,2442.0,75,183150.0,325083720.00000024
2025-08-01 09:41:59 AM,2442.3,0,0.0,325083720.00000024
2025-08-01 09:42:00 AM,2442.3,60,146538.0,325230258.00000024
2025-08-01 09:42:00 AM,2442.2,0,0.0,325230258.00000024
2025-08-01 09:42:00 AM,2442.2,27,65939.4,325296197.4000002
2025-08-01 09:42:01 AM,2442.3,0,0.0,325296197.4000002
2025-08-01 09:42:02 AM,2442.3,34,83038.20000000001,325379235.6000002
2025-08-01 09:42:02 AM,2442.2,12,29306.399999999998,325408542.0000002
2025-08-01 09:42:03 AM,2442.8,200,488560.00000000006,325897102.0000002
2025-08-01 09:42:03 AM,2442.3,0,0.0,325897102.0000002
2025-08-01 09:42:04 AM,2442.3,1,2442.3,325899544.3000002
2025-08-01 09:42:05 AM,2442.3,1,2442.3,325901986.6000002
2025-08-01 09:42:06 AM,2442.3,250,610575.0,326512561.6000002
2025-08-01 09:42:06 AM,2442.0,0,0.0,326512561.6000002
2025-08-01 09:42:07 AM,2441.4,365,891111.0,327403672.6000002
2025-08-01 09:42:08 AM,2440.3,0,0.0,327403672.6000002
2025-08-01 09:42:08 AM,2440.3,300,732090.0,328135762.6000002
2025-08-01 09:42:08 AM,2442.0,10,24420.0,328160182.6000002
2025-08-01 09:42:09 AM,2442.0,50,122100.0,328282282.6000002
2025-08-01 09:42:11 AM,2442.4,1,2442.4,328284725.0000002
2025-08-01 09:42:12 AM,2442.4,10,24424.0,328309149.0000002
2025-08-01 09:42:13 AM,2442.0,0,0.0,328309149.0000002
2025-08-01 09:42:14 AM,2442.0,50,122100.0,328431249.0000002
2025-08-01 09:42:16 AM,2442.4,0,0.0,328431249.0000002
2025-08-01 09:42:17 AM,2442.4,1,2442.4,328433691.40000015
2025-08-01 09:42:18 AM,2442.7,25,61067.49999999999,328494758.90000015
2025-08-01 09:42:19 AM,2440.8,0,0.0,328494758.90000015
2025-08-01 09:42:19 AM,2441.7,2639,6443646.3,334938405.20000017
2025-08-01 09:42:19 AM,2440.6,0,0.0,334938405.20000017
2025-08-01 09:42:20 AM,2440.6,2,4881.2,334943286.40000015
2025-08-01 09:42:21 AM,2440.6,310,756586.0,335699872.40000015
2025-08-01 09:42:22 AM,2440.3,151,368485.30000000005,336068357.70000017
2025-08-01 09:42:23 AM,2441.3,14,34178.200000000004,336102535.90000015
2025-08-01 09:42:24 AM,2441.9,0,0.0,336102535.90000015
2025-08-01 09:42:24 AM,2441.9,50,122095.0,336224630.90000015
2025-08-01 09:42:25 AM,2442.0,0,0.0,336224630.90000015
2025-08-01 09:42:25 AM,2442.0,10,24420.0,336249050.90000015
2025-08-01 09:42:26 AM,2441.0,25,61025.0,336310075.90000015
2025-08-01 09:42:29 AM,2442.9,6,14657.400000000001,336324733.30000013
2025-08-01 09:42:30 AM,2442.9,40,97716.0,336422449.30000013
2025-08-01 09:42:33 AM,2442.8,30,73284.0,336495733.30000013
2025-08-01 09:42:34 AM,2442.0,155,378510.0,336874243.30000013
2025-08-01 09:42:35 AM,2442.0,10,24420.0,336898663.30000013
2025-08-01 09:42:35 AM,2443.4,0,0.0,336898663.30000013
2025-08-01 09:42:36 AM,2444.6,785,1919011.0,338817674.30000013
2025-08-01 09:42:37 AM,2443.0,0,0.0,338817674.30000013
2025-08-01 09:42:38 AM,2442.9,0,0.0,338817674.30000013
2025-08-01 09:42:38 AM,2442.9,27,65958.3,338883632.60000014
2025-08-01 09:42:38 AM,2442.3,1,2442.3,338886074.90000015
2025-08-01 09:42:39 AM,2442.9,0,0.0,338886074.90000015
2025-08-01 09:42:39 AM,2442.9,3,7328.700000000001,338893403.60000014
2025-08-01 09:42:39 AM,2441.3,0,0.0,338893403.60000014
2025-08-01 09:42:40 AM,2441.3,30,73239.0,338966642.60000014
2025-08-01 09:42:40 AM,2442.4,0,0.0,338966642.60000014
2025-08-01 09:42:40 AM,2442.4,40,97696.0,339064338.60000014
2025-08-01 09:42:41 AM,2442.4,1,2442.4,339066781.0000001
2025-08-01 09:42:41 AM,2441.2,0,0.0,339066781.0000001
2025-08-01 09:42:41 AM,2441.2,26,63471.2,339130252.2000001
2025-08-01 09:42:43 AM,2441.0,185,451585.0,339581837.2000001
2025-08-01 09:42:45 AM,2441.7,100,244169.99999999997,339826007.2000001
2025-08-01 09:42:48 AM,2441.7,10,24417.0,339850424.2000001
2025-08-01 09:42:48 AM,2441.8,0,0.0,339850424.2000001
2025-08-01 09:42:48 AM,2441.8,100,244180.00000000003,340094604.2000001
2025-08-01 09:42:51 AM,2442.4,0,0.0,340094604.2000001
2025-08-01 09:42:51 AM,2442.4,1,2442.4,340097046.6000001
2025-08-01 09:42:51 AM,2442.4,50,122120.0,340219166.6000001
2025-08-01 09:42:52 AM,2442.6,10,24426.0,340243592.6000001
2025-08-01 09:42:52 AM,2441.6,0,0.0,340243592.6000001
2025-08-01 09:42:52 AM,2441.6,10,24416.0,340268008.6000001
2025-08-01 09:42:53 AM,2442.7,0,0.0,340268008.6000001
2025-08-01 09:42:53 AM,2442.7,25,61067.49999999999,340329076.1000001
2025-08-01 09:42:56 AM,2442.3,18,43961.4,340373037.50000006
2025-08-01 09:43:01 AM,2442.4,0,0.0,340373037.50000006
2025-08-01 09:43:01 AM,2442.4,1,2442.4,340375479.90000004
2025-08-01 09:43:02 AM,2442.6,0,0.0,340375479.90000004
2025-08-01 09:43:02 AM,2442.8,4,9771.2,340385251.1
2025-08-01 09:43:02 AM,2442.9,3,7328.700000000001,340392579.8
2025-08-01 09:43:02 AM,2443.0,0,0.0,340392579.8
2025-08-01 09:43:03 AM,2443.0,60,146580.0,340539159.8
2025-08-01 09:43:03 AM,2443.6,0,0.0,340539159.8
2025-08-01 09:43:04 AM,2443.6,13,31766.8,340570926.6
2025-08-01 09:43:08 AM,2443.6,57,139285.19999999998,340710211.8
2025-08-01 09:43:08 AM,2443.6,26,63533.6,340773745.40000004
2025-08-01 09:43:10 AM,2443.5,0,0.0,340773745.40000004
2025-08-01 09:43:10 AM,2443.5,6,14661.0,340788406.40000004
2025-08-01 09:43:12 AM,2443.1,10,24431.0,340812837.40000004
2025-08-01 09:43:12 AM,2442.6,0,0.0,340812837.40000004
2025-08-01 09:43:13 AM,2442.6,162,395701.2,341208538.6
2025-08-01 09:43:13 AM,2442.7,0,0.0,341208538.6
2025-08-01 09:43:14 AM,2442.7,5,12213.5,341220752.1
2025-08-01 09:43:15 AM,2443.1,0,0.0,341220752.1
2025-08-01 09:43:16 AM,2443.1,1000,2443100.0,343663852.1
2025-08-01 09:43:16 AM,2443.5,5,12217.5,343676069.6
2025-08-01 09:43:16 AM,2443.0,0,0.0,343676069.6
2025-08-01 09:43:17 AM,2442.6,51,124572.59999999999,343800642.20000005
2025-08-01 09:43:17 AM,2443.1,4,9772.4,343810414.6
2025-08-01 09:43:19 AM,2442.7,34,83051.79999999999,343893466.40000004
2025-08-01 09:43:20 AM,2442.7,10,24427.0,343917893.40000004
2025-08-01 09:43:20 AM,2442.7,2,4885.4,343922778.8
2025-08-01 09:43:21 AM,2441.2,100,244119.99999999997,344166898.8
2025-08-01 09:43:22 AM,2441.2,20,48824.0,344215722.8
2025-08-01 09:43:23 AM,2441.5,0,0.0,344215722.8
2025-08-01 09:43:23 AM,2441.5,9,21973.5,344237696.3
2025-08-01 09:43:24 AM,2442.3,0,0.0,344237696.3
2025-08-01 09:43:25 AM,2442.3,2,4884.6,344242580.90000004
2025-08-01 09:43:26 AM,2441.0,4,9764.0,344252344.90000004
2025-08-01 09:43:27 AM,2441.0,70,170870.0,344423214.90000004
2025-08-01 09:43:27 AM,2441.3,1,2441.3,344425656.20000005
2025-08-01 09:43:28 AM,2441.5,0,0.0,344425656.20000005
2025-08-01 09:43:29 AM,2441.5,1,2441.5,344428097.70000005
2025-08-01 09:43:31 AM,2441.0,0,0.0,344428097.70000005
2025-08-01 09:43:32 AM,2441.5,53,129399.5,344557497.20000005
2025-08-01 09:43:33 AM,2442.5,104,254020.0,344811517.20000005
2025-08-01 09:43:36 AM,2442.7,19,46411.299999999996,344857928.50000006
2025-08-01 09:43:38 AM,2442.7,1,2442.7,344860371.20000005
2025-08-01 09:43:38 AM,2441.0,0,0.0,344860371.20000005
2025-08-01 09:43:39 AM,2441.0,100,244100.0,345104471.20000005
2025-08-01 09:43:40 AM,2441.7,5,12208.5,345116679.70000005
2025-08-01 09:43:42 AM,2442.0,0,0.0,345116679.70000005
2025-08-01 09:43:43 AM,2442.0,2,4884.0,345121563.70000005
2025-08-01 09:43:44 AM,2442.0,19,46398.0,345167961.70000005
2025-08-01 09:43:47 AM,2442.0,34,83028.0,345250989.70000005
2025-08-01 09:43:49 AM,2441.5,35,85452.5,345336442.20000005
2025-08-01 09:43:50 AM,2441.5,15,36622.5,345373064.70000005
2025-08-01 09:43:51 AM,2442.5,35,85487.5,345458552.20000005
2025-08-01 09:43:51 AM,2442.7,521,1272646.7,346731198.90000004
2025-08-01 09:43:53 AM,2443.4,3389,8280682.600000001,355011881.50000006
2025-08-01 09:43:55 AM,2444.7,0,0.0,355011881.50000006
2025-08-01 09:43:55 AM,2444.7,100,244469.99999999997,355256351.50000006
2025-08-01 09:43:56 AM,2443.4,1,2443.4,355258794.90000004
2025-08-01 09:43:57 AM,2443.2,0,0.0,355258794.90000004
2025-08-01 09:43:57 AM,2443.2,200,488639.99999999994,355747434.90000004
2025-08-01 09:43:59 AM,2443.1,10,24431.0,355771865.90000004
2025-08-01 09:44:00 AM,2443.6,0,0.0,355771865.90000004
2025-08-01 09:44:01 AM,2443.6,12,29323.199999999997,355801189.1
2025-08-01 09:44:02 AM,2443.2,1,2443.2,355803632.3
2025-08-01 09:44:02 AM,2443.1,0,0.0,355803632.3
2025-08-01 09:44:03 AM,2443.1,184,449530.39999999997,356253162.7
2025-08-01 09:44:03 AM,2442.0,0,0.0,356253162.7
2025-08-01 09:44:04 AM,2442.0,372,908424.0,357161586.7
2025-08-01 09:44:04 AM,2441.8,0,0.0,357161586.7
2025-08-01 09:44:05 AM,2441.8,10,24418.0,357186004.7
2025-08-01 09:44:09 AM,2441.0,0,0.0,357186004.7
2025-08-01 09:44:10 AM,2441.0,237,578517.0,357764521.7
2025-08-01 09:44:10 AM,2440.0,0,0.0,357764521.7
2025-08-01 09:44:11 AM,2440.0,33,80520.0,357845041.7
2025-08-01 09:44:11 AM,2441.3,2,4882.6,357849924.3
2025-08-01 09:44:13 AM,2440.0,39,95160.0,357945084.3
2025-08-01 09:44:16 AM,2440.0,15,36600.0,357981684.3
2025-08-01 09:44:18 AM,2441.0,1,2441.0,357984125.3
2025-08-01 09:44:18 AM,2441.0,1,2441.0,357986566.3
2025-08-01 09:44:20 AM,2440.0,0,0.0,357986566.3
2025-08-01 09:44:20 AM,2441.0,24,58584.0,358045150.3
2025-08-01 09:44:20 AM,2440.0,25,61000.0,358106150.3
2025-08-01 09:44:21 AM,2440.0,100,244000.0,358350150.3
2025-08-01 09:44:22 AM,2440.0,374,912560.0,359262710.3
2025-08-01 09:44:23 AM,2439.7,0,0.0,359262710.3
2025-08-01 09:44:23 AM,2439.7,25,60992.49999999999,359323702.8
2025-08-01 09:44:24 AM,2439.3,2,4878.6,359328581.40000004
2025-08-01 09:44:25 AM,2439.5,15,36592.5,359365173.90000004
2025-08-01 09:44:33 AM,2439.7,1,2439.7,359367613.6
2025-08-01 09:44:34 AM,2439.0,338,824382.0,360191995.6
2025-08-01 09:44:35 AM,2438.7,0,0.0,360191995.6
2025-08-01 09:44:36 AM,2438.7,3,7316.099999999999,360199311.70000005
2025-08-01 09:44:37 AM,2438.4,0,0.0,360199311.70000005
2025-08-01 09:44:37 AM,2438.4,35,85344.0,360284655.70000005
2025-08-01 09:44:37 AM,2438.9,8,19511.2,360304166.90000004
2025-08-01 09:44:39 AM,2438.8,1,2438.8,360306605.70000005
2025-08-01 09:44:41 AM,2438.4,5,12192.0,360318797.70000005
2025-08-01 09:44:41 AM,2438.0,10,24380.0,360343177.70000005
2025-08-01 09:44:42 AM,2438.6,21,51210.6,360394388.3000001
2025-08-01 09:44:46 AM,2438.8,52,126817.6,360521205.9000001
2025-08-01 09:44:48 AM,2438.5,0,0.0,360521205.9000001
2025-08-01 09:44:49 AM,2438.5,31,75593.5,360596799.4000001
2025-08-01 09:44:50 AM,2438.0,18,43884.0,360640683.4000001
2025-08-01 09:44:50 AM,2438.8,280,682864.0,361323547.4000001
2025-08-01 09:44:50 AM,2438.6,0,0.0,361323547.4000001
2025-08-01 09:44:51 AM,2438.6,30,73158.0,361396705.4000001
2025-08-01 09:44:53 AM,2438.0,3,7314.0,361404019.4000001
2025-08-01 09:44:54 AM,2437.3,20,48746.0,361452765.4000001
2025-08-01 09:44:56 AM,2438.1,50,121905.0,361574670.4000001
2025-08-01 09:44:56 AM,2438.3,0,0.0,361574670.4000001
2025-08-01 09:44:57 AM,2438.3,5,12191.5,361586861.9000001
2025-08-01 09:44:58 AM,2438.6,0,0.0,361586861.9000001
2025-08-01 09:44:59 AM,2438.0,61,148718.0,361735579.9000001
2025-08-01 09:45:04 AM,2437.3,25,60932.50000000001,361796512.4000001
2025-08-01 09:45:05 AM,2437.0,317,772529.0,362569041.4000001
2025-08-01 09:45:11 AM,2435.9,262,638205.8,363207247.2000001
2025-08-01 09:45:12 AM,2437.0,1,2437.0,363209684.2000001
2025-08-01 09:45:17 AM,2436.9,0,0.0,363209684.2000001
2025-08-01 09:45:17 AM,2436.9,25,60922.5,363270606.7000001
2025-08-01 09:45:19 AM,2435.9,1,2435.9,363273042.6000001
2025-08-01 09:45:21 AM,2437.0,0,0.0,363273042.6000001
2025-08-01 09:45:23 AM,2437.0,213,519081.0,363792123.6000001
2025-08-01 09:45:25 AM,2437.0,20,48740.0,363840863.6000001
2025-08-01 09:45:29 AM,2437.5,0,0.0,363840863.6000001
2025-08-01 09:45:30 AM,2437.5,52,126750.0,363967613.6000001
2025-08-01 09:45:31 AM,2437.1,108,263206.8,364230820.4000001
2025-08-01 09:45:38 AM,2437.5,0,0.0,364230820.4000001
2025-08-01 09:45:38 AM,2437.5,181,441187.5,364672007.9000001
2025-08-01 09:45:41 AM,2438.6,0,0.0,364672007.9000001
2025-08-01 09:45:43 AM,2438.8,329,802365.2000000001,365474373.1000001
2025-08-01 09:45:45 AM,2439.3,0,0.0,365474373.1000001
2025-08-01 09:45:49 AM,2440.5,0,0.0,365474373.1000001
2025-08-01 09:45:49 AM,2440.5,373,910306.5,366384679.6000001
2025-08-01 09:45:52 AM,2439.4,0,0.0,366384679.6000001
2025-08-01 09:45:56 AM,2439.4,11,26833.4,366411513.00000006
2025-08-01 09:45:58 AM,2440.2,0,0.0,366411513.00000006
2025-08-01 09:45:59 AM,2440.1,0,0.0,366411513.00000006
2025-08-01 09:46:02 AM,2439.5,113,275663.5,366687176.50000006
2025-08-01 09:46:04 AM,2439.5,72,175644.0,366862820.50000006
2025-08-01 09:46:09 AM,2439.3,89,217097.7,367079918.20000005
2025-08-01 09:46:10 AM,2439.4,11,26833.4,367106751.6
2025-08-01 09:46:13 AM,2439.0,0,0.0,367106751.6
2025-08-01 09:46:14 AM,2439.9,0,0.0,367106751.6
2025-08-01 09:46:15 AM,2439.4,267,651319.8,367758071.40000004
2025-08-01 09:46:22 AM,2438.8,0,0.0,367758071.40000004
2025-08-01 09:46:22 AM,2438.8,258,629210.4,368387281.8
2025-08-01 09:46:24 AM,2438.8,50,121940.00000000001,368509221.8
2025-08-01 09:46:26 AM,2438.9,0,0.0,368509221.8
2025-08-01 09:46:28 AM,2438.9,1,2438.9,368511660.7
2025-08-01 09:46:30 AM,2439.0,0,0.0,368511660.7
2025-08-01 09:46:30 AM,2439.0,4,9756.0,368521416.7
2025-08-01 09:46:34 AM,2438.0,0,0.0,368521416.7
2025-08-01 09:46:35 AM,2438.0,1,2438.0,368523854.7
