date,price,qty,trnvr,cum_trnvr
2025-08-01 09:15:00 AM,988.95,4404,4355335.8,4355335.8
2025-08-01 09:15:01 AM,989.9,0,0.0,4355335.8
2025-08-01 09:15:02 AM,990.0,3353,3319470.0,7674805.8
2025-08-01 09:15:10 AM,992.45,0,0.0,7674805.8
2025-08-01 09:15:14 AM,992.6,8711,8646538.6,16321344.399999999
2025-08-01 09:15:20 AM,994.75,0,0.0,16321344.399999999
2025-08-01 09:15:22 AM,994.9,3237,3220491.3,19541835.7
2025-08-01 09:15:24 AM,993.95,820,815039.0,20356874.7
2025-08-01 09:15:26 AM,994.05,0,0.0,20356874.7
2025-08-01 09:15:30 AM,994.0,0,0.0,20356874.7
2025-08-01 09:15:31 AM,994.1,6215,6178331.5,26535206.2
2025-08-01 09:15:33 AM,995.3,135,134365.5,26669571.7
2025-08-01 09:15:34 AM,994.2,0,0.0,26669571.7
2025-08-01 09:15:39 AM,995.75,1394,1388075.5,28057647.2
2025-08-01 09:15:41 AM,994.5,75,74587.5,28132234.7
2025-08-01 09:15:43 AM,995.6,0,0.0,28132234.7
2025-08-01 09:15:46 AM,995.05,0,0.0,28132234.7
2025-08-01 09:15:48 AM,995.75,2801,2789095.75,30921330.45
2025-08-01 09:15:56 AM,996.0,2609,2598564.0,33519894.45
2025-08-01 09:15:58 AM,996.0,58,57768.0,33577662.45
2025-08-01 09:16:00 AM,994.45,4070,4047411.5,37625073.95
2025-08-01 09:16:01 AM,994.55,0,0.0,37625073.95
2025-08-01 09:16:01 AM,994.55,62,61662.1,37686736.050000004
2025-08-01 09:16:01 AM,994.05,0,0.0,37686736.050000004
2025-08-01 09:16:01 AM,994.05,100,99405.0,37786141.050000004
2025-08-01 09:16:02 AM,994.45,35,34805.75,37820946.800000004
2025-08-01 09:16:02 AM,994.05,0,0.0,37820946.800000004
2025-08-01 09:16:03 AM,994.05,88,87476.4,37908423.2
2025-08-01 09:16:03 AM,994.55,0,0.0,37908423.2
2025-08-01 09:16:04 AM,994.5,125,124312.5,38032735.7
2025-08-01 09:16:04 AM,994.05,0,0.0,38032735.7
2025-08-01 09:16:05 AM,994.05,122,121274.09999999999,38154009.800000004
2025-08-01 09:16:05 AM,993.55,0,0.0,38154009.800000004
2025-08-01 09:16:06 AM,993.55,1150,1142582.5,39296592.300000004
2025-08-01 09:16:06 AM,994.25,0,0.0,39296592.300000004
2025-08-01 09:16:07 AM,994.25,170,169022.5,39465614.800000004
2025-08-01 09:16:07 AM,994.15,0,0.0,39465614.800000004
2025-08-01 09:16:08 AM,993.85,252,250450.2,39716065.00000001
2025-08-01 09:16:09 AM,992.85,0,0.0,39716065.00000001
2025-08-01 09:16:10 AM,992.45,168,166731.6,39882796.60000001
2025-08-01 09:16:10 AM,992.65,0,0.0,39882796.60000001
2025-08-01 09:16:11 AM,992.0,849,842208.0,40725004.60000001
2025-08-01 09:16:12 AM,993.0,45,44685.0,40769689.60000001
2025-08-01 09:16:13 AM,992.2,0,0.0,40769689.60000001
2025-08-01 09:16:13 AM,992.2,254,252018.80000000002,41021708.400000006
2025-08-01 09:16:14 AM,992.4,0,0.0,41021708.400000006
2025-08-01 09:16:15 AM,992.4,208,206419.19999999998,41228127.60000001
2025-08-01 09:16:15 AM,992.6,0,0.0,41228127.60000001
2025-08-01 09:16:15 AM,992.65,0,0.0,41228127.60000001
2025-08-01 09:16:16 AM,992.6,324,321602.4,41549730.00000001
2025-08-01 09:16:17 AM,992.6,51,50622.6,41600352.60000001
2025-08-01 09:16:17 AM,992.05,0,0.0,41600352.60000001
2025-08-01 09:16:17 AM,992.6,0,0.0,41600352.60000001
2025-08-01 09:16:18 AM,992.6,20,19852.0,41620204.60000001
2025-08-01 09:16:18 AM,992.3,149,147852.69999999998,41768057.30000001
2025-08-01 09:16:18 AM,992.5,0,0.0,41768057.30000001
2025-08-01 09:16:19 AM,991.85,573,568330.05,42336387.35000001
2025-08-01 09:16:19 AM,992.0,0,0.0,42336387.35000001
2025-08-01 09:16:20 AM,992.0,7,6944.0,42343331.35000001
2025-08-01 09:16:20 AM,991.3,0,0.0,42343331.35000001
2025-08-01 09:16:20 AM,991.5,0,0.0,42343331.35000001
2025-08-01 09:16:21 AM,990.9,303,300242.7,42643574.05000001
2025-08-01 09:16:22 AM,991.55,620,614761.0,43258335.05000001
2025-08-01 09:16:23 AM,991.75,254,251904.5,43510239.55000001
2025-08-01 09:16:23 AM,991.1,0,0.0,43510239.55000001
2025-08-01 09:16:24 AM,991.75,0,0.0,43510239.55000001
2025-08-01 09:16:24 AM,991.75,510,505792.5,44016032.05000001
2025-08-01 09:16:25 AM,991.75,156,154713.0,44170745.05000001
2025-08-01 09:16:26 AM,992.3,0,0.0,44170745.05000001
2025-08-01 09:16:27 AM,992.3,50,49615.0,44220360.05000001
2025-08-01 09:16:28 AM,991.95,5,4959.75,44225319.80000001
2025-08-01 09:16:28 AM,992.3,0,0.0,44225319.80000001
2025-08-01 09:16:29 AM,992.3,49,48622.7,44273942.500000015
2025-08-01 09:16:29 AM,991.95,0,0.0,44273942.500000015
2025-08-01 09:16:30 AM,992.45,312,309644.4,44583586.90000001
2025-08-01 09:16:30 AM,992.1,0,0.0,44583586.90000001
2025-08-01 09:16:31 AM,991.95,947,939376.65,45522963.55000001
2025-08-01 09:16:31 AM,992.3,0,0.0,45522963.55000001
2025-08-01 09:16:32 AM,992.25,51,50604.75,45573568.30000001
2025-08-01 09:16:32 AM,992.3,0,0.0,45573568.30000001
2025-08-01 09:16:32 AM,992.0,0,0.0,45573568.30000001
2025-08-01 09:16:33 AM,992.0,704,698368.0,46271936.30000001
2025-08-01 09:16:33 AM,991.8,0,0.0,46271936.30000001
2025-08-01 09:16:34 AM,991.8,30,29754.0,46301690.30000001
2025-08-01 09:16:34 AM,992.3,0,0.0,46301690.30000001
2025-08-01 09:16:35 AM,992.2,502,498084.4,46799774.70000001
2025-08-01 09:16:35 AM,992.1,0,0.0,46799774.70000001
2025-08-01 09:16:36 AM,991.75,102,101158.5,46900933.20000001
2025-08-01 09:16:37 AM,992.45,3150,3126217.5,50027150.70000001
2025-08-01 09:16:38 AM,992.45,682,676850.9,50704001.60000001
2025-08-01 09:16:39 AM,992.85,0,0.0,50704001.60000001
2025-08-01 09:16:39 AM,992.85,25,24821.25,50728822.85000001
2025-08-01 09:16:40 AM,992.65,0,0.0,50728822.85000001
2025-08-01 09:16:41 AM,992.65,1010,1002576.5,51731399.35000001
2025-08-01 09:16:41 AM,992.45,0,0.0,51731399.35000001
2025-08-01 09:16:41 AM,992.15,0,0.0,51731399.35000001
2025-08-01 09:16:42 AM,992.15,855,848288.25,52579687.60000001
2025-08-01 09:16:42 AM,993.05,0,0.0,52579687.60000001
2025-08-01 09:16:43 AM,993.05,30,29791.5,52609479.10000001
2025-08-01 09:16:43 AM,992.3,0,0.0,52609479.10000001
2025-08-01 09:16:44 AM,992.9,135,134041.5,52743520.60000001
2025-08-01 09:16:45 AM,993.1,0,0.0,52743520.60000001
2025-08-01 09:16:46 AM,993.65,102,101352.3,52844872.900000006
2025-08-01 09:16:46 AM,993.55,0,0.0,52844872.900000006
2025-08-01 09:16:47 AM,992.85,102,101270.7,52946143.60000001
2025-08-01 09:16:48 AM,993.55,0,0.0,52946143.60000001
2025-08-01 09:16:49 AM,992.0,803,796576.0,53742719.60000001
2025-08-01 09:16:50 AM,992.65,0,0.0,53742719.60000001
2025-08-01 09:16:50 AM,992.95,201,199582.95,53942302.55000001
2025-08-01 09:16:53 AM,992.45,0,0.0,53942302.55000001
2025-08-01 09:16:53 AM,992.75,0,0.0,53942302.55000001
2025-08-01 09:16:54 AM,992.45,533,528975.85,54471278.40000001
2025-08-01 09:16:55 AM,992.2,996,988231.2000000001,55459509.60000002
2025-08-01 09:16:56 AM,991.1,0,0.0,55459509.60000002
2025-08-01 09:16:57 AM,991.1,2800,2775080.0,58234589.60000002
2025-08-01 09:16:57 AM,991.35,0,0.0,58234589.60000002
2025-08-01 09:16:58 AM,991.35,164,162581.4,58397171.000000015
2025-08-01 09:16:58 AM,990.8,0,0.0,58397171.000000015
2025-08-01 09:16:59 AM,990.75,681,674700.75,59071871.750000015
2025-08-01 09:16:59 AM,991.35,0,0.0,59071871.750000015
2025-08-01 09:17:00 AM,991.35,123,121936.05,59193807.80000001
2025-08-01 09:17:00 AM,991.4,35,34699.0,59228506.80000001
2025-08-01 09:17:01 AM,991.4,20,19828.0,59248334.80000001
2025-08-01 09:17:02 AM,991.5,163,161614.5,59409949.30000001
2025-08-01 09:17:05 AM,991.35,121,119953.35,59529902.65000001
2025-08-01 09:17:05 AM,991.8,0,0.0,59529902.65000001
2025-08-01 09:17:05 AM,991.65,0,0.0,59529902.65000001
2025-08-01 09:17:05 AM,991.65,1024,1015449.6,60545352.250000015
2025-08-01 09:17:06 AM,992.5,750,744375.0,61289727.250000015
2025-08-01 09:17:07 AM,992.0,10,9920.0,61299647.250000015
2025-08-01 09:17:07 AM,992.5,0,0.0,61299647.250000015
2025-08-01 09:17:08 AM,992.25,43,42666.75,61342314.000000015
2025-08-01 09:17:09 AM,992.25,25,24806.25,61367120.250000015
2025-08-01 09:17:11 AM,992.15,555,550643.25,61917763.500000015
2025-08-01 09:17:12 AM,992.4,38,37711.2,61955474.70000002
2025-08-01 09:17:13 AM,991.95,293,290641.35000000003,62246116.05000002
2025-08-01 09:17:14 AM,992.1,95,94249.5,62340365.55000002
2025-08-01 09:17:15 AM,992.0,6,5952.0,62346317.55000002
2025-08-01 09:17:16 AM,992.05,0,0.0,62346317.55000002
2025-08-01 09:17:16 AM,992.05,790,783719.5,63130037.05000002
2025-08-01 09:17:17 AM,992.05,25,24801.25,63154838.30000002
2025-08-01 09:17:17 AM,992.2,0,0.0,63154838.30000002
2025-08-01 09:17:17 AM,992.2,22,21828.4,63176666.70000002
2025-08-01 09:17:18 AM,991.5,0,0.0,63176666.70000002
2025-08-01 09:17:19 AM,991.5,65,64447.5,63241114.20000002
2025-08-01 09:17:19 AM,992.15,0,0.0,63241114.20000002
2025-08-01 09:17:20 AM,992.15,242,240100.3,63481214.500000015
2025-08-01 09:17:21 AM,991.85,0,0.0,63481214.500000015
2025-08-01 09:17:22 AM,991.85,3,2975.55,63484190.05000001
2025-08-01 09:17:22 AM,992.25,0,0.0,63484190.05000001
2025-08-01 09:17:23 AM,992.25,555,550698.75,64034888.80000001
2025-08-01 09:17:23 AM,992.25,260,257985.0,64292873.80000001
2025-08-01 09:17:24 AM,992.0,731,725152.0,65018025.80000001
2025-08-01 09:17:25 AM,992.25,150,148837.5,65166863.30000001
2025-08-01 09:17:25 AM,992.2,0,0.0,65166863.30000001
2025-08-01 09:17:26 AM,992.2,71,70446.2,65237309.500000015
2025-08-01 09:17:29 AM,992.5,95,94287.5,65331597.000000015
2025-08-01 09:17:30 AM,992.25,0,0.0,65331597.000000015
2025-08-01 09:17:31 AM,992.25,1,992.25,65332589.250000015
2025-08-01 09:17:31 AM,991.0,0,0.0,65332589.250000015
2025-08-01 09:17:32 AM,991.0,1358,1345778.0,66678367.250000015
2025-08-01 09:17:33 AM,990.55,10,9905.5,66688272.750000015
2025-08-01 09:17:33 AM,990.6,0,0.0,66688272.750000015
2025-08-01 09:17:34 AM,991.0,273,270543.0,66958815.750000015
2025-08-01 09:17:34 AM,991.0,190,188290.0,67147105.75000001
2025-08-01 09:17:35 AM,991.35,624,618602.4,67765708.15000002
2025-08-01 09:17:36 AM,991.35,129,127884.15000000001,67893592.30000003
2025-08-01 09:17:37 AM,991.25,100,99125.0,67992717.30000003
2025-08-01 09:17:39 AM,990.8,5,4954.0,67997671.30000003
2025-08-01 09:17:40 AM,990.7,25,24767.5,68022438.80000003
2025-08-01 09:17:41 AM,991.0,31,30721.0,68053159.80000003
2025-08-01 09:17:42 AM,990.85,600,594510.0,68647669.80000003
2025-08-01 09:17:42 AM,991.25,10,9912.5,68657582.30000003
2025-08-01 09:17:44 AM,991.15,450,446017.5,69103599.80000003
2025-08-01 09:17:46 AM,990.8,1,990.8,69104590.60000002
2025-08-01 09:17:49 AM,990.95,50,49547.5,69154138.10000002
2025-08-01 09:17:50 AM,990.95,250,247737.5,69401875.60000002
2025-08-01 09:17:50 AM,990.95,10,9909.5,69411785.10000002
2025-08-01 09:17:51 AM,990.9,15,14863.5,69426648.60000002
2025-08-01 09:17:52 AM,991.05,65,64418.25,69491066.85000002
2025-08-01 09:17:53 AM,990.9,100,99090.0,69590156.85000002
2025-08-01 09:17:55 AM,990.9,5,4954.5,69595111.35000002
2025-08-01 09:17:55 AM,990.5,0,0.0,69595111.35000002
2025-08-01 09:17:55 AM,990.5,25,24762.5,69619873.85000002
2025-08-01 09:17:57 AM,990.95,0,0.0,69619873.85000002
2025-08-01 09:17:57 AM,990.95,141,139723.95,69759597.80000003
2025-08-01 09:17:58 AM,991.3,305,302346.5,70061944.30000003
2025-08-01 09:17:58 AM,991.1,0,0.0,70061944.30000003
2025-08-01 09:17:59 AM,990.95,172,170443.4,70232387.70000003
2025-08-01 09:17:59 AM,990.9,20,19818.0,70252205.70000003
2025-08-01 09:17:59 AM,990.5,0,0.0,70252205.70000003
2025-08-01 09:18:00 AM,990.5,1,990.5,70253196.20000003
2025-08-01 09:18:01 AM,990.5,10,9905.0,70263101.20000003
2025-08-01 09:18:01 AM,990.95,0,0.0,70263101.20000003
2025-08-01 09:18:02 AM,990.95,100,99095.0,70362196.20000003
2025-08-01 09:18:02 AM,991.45,0,0.0,70362196.20000003
2025-08-01 09:18:03 AM,991.45,604,598835.8,70961032.00000003
2025-08-01 09:18:03 AM,991.7,0,0.0,70961032.00000003
2025-08-01 09:18:04 AM,991.7,1330,1318961.0,72279993.00000003
2025-08-01 09:18:04 AM,991.85,0,0.0,72279993.00000003
2025-08-01 09:18:05 AM,991.85,30,29755.5,72309748.50000003
2025-08-01 09:18:06 AM,991.9,12,11902.8,72321651.30000003
2025-08-01 09:18:06 AM,992.4,0,0.0,72321651.30000003
2025-08-01 09:18:06 AM,992.4,515,511086.0,72832737.30000003
2025-08-01 09:18:07 AM,992.65,10,9926.5,72842663.80000003
2025-08-01 09:18:07 AM,992.65,10,9926.5,72852590.30000003
2025-08-01 09:18:08 AM,993.0,0,0.0,72852590.30000003
2025-08-01 09:18:08 AM,993.0,2,1986.0,72854576.30000003
2025-08-01 09:18:09 AM,992.85,100,99285.0,72953861.30000003
2025-08-01 09:18:10 AM,991.9,814,807406.6,73761267.90000002
2025-08-01 09:18:10 AM,991.95,0,0.0,73761267.90000002
2025-08-01 09:18:10 AM,991.95,1,991.95,73762259.85000002
2025-08-01 09:18:11 AM,992.3,143,141898.9,73904158.75000003
2025-08-01 09:18:14 AM,992.55,0,0.0,73904158.75000003
2025-08-01 09:18:15 AM,992.55,40,39702.0,73943860.75000003
2025-08-01 09:18:15 AM,992.5,0,0.0,73943860.75000003
2025-08-01 09:18:16 AM,992.5,30,29775.0,73973635.75000003
2025-08-01 09:18:17 AM,992.55,5,4962.75,73978598.50000003
2025-08-01 09:18:17 AM,994.2,11158,11093283.6,85071882.10000002
2025-08-01 09:18:18 AM,994.85,0,0.0,85071882.10000002
2025-08-01 09:18:19 AM,994.85,45,44768.25,85116650.35000002
2025-08-01 09:18:19 AM,994.1,4,3976.4,85120626.75000003
2025-08-01 09:18:21 AM,994.3,51,50709.299999999996,85171336.05000003
2025-08-01 09:18:22 AM,994.8,3,2984.3999999999996,85174320.45000003
2025-08-01 09:18:23 AM,994.8,145,144246.0,85318566.45000003
2025-08-01 09:18:24 AM,994.3,115,114344.5,85432910.95000003
2025-08-01 09:18:25 AM,994.95,202,200979.90000000002,85633890.85000004
2025-08-01 09:18:25 AM,995.0,100,99500.0,85733390.85000004
2025-08-01 09:18:26 AM,994.5,24,23868.0,85757258.85000004
2025-08-01 09:18:27 AM,995.0,32,31840.0,85789098.85000004
2025-08-01 09:18:28 AM,994.95,137,136308.15,85925407.00000004
2025-08-01 09:18:30 AM,994.7,1,994.7,85926401.70000005
2025-08-01 09:18:30 AM,994.7,10,9947.0,85936348.70000005
2025-08-01 09:18:31 AM,994.65,595,591816.75,86528165.45000005
2025-08-01 09:18:32 AM,993.3,638,633725.4,87161890.85000005
2025-08-01 09:18:32 AM,993.65,1,993.65,87162884.50000006
2025-08-01 09:18:33 AM,993.85,500,496925.0,87659809.50000006
2025-08-01 09:18:35 AM,993.75,119,118256.25,87778065.75000006
2025-08-01 09:18:36 AM,993.85,10,9938.5,87788004.25000006
2025-08-01 09:18:39 AM,993.85,6,5963.1,87793967.35000005
2025-08-01 09:18:39 AM,995.0,0,0.0,87793967.35000005
2025-08-01 09:18:39 AM,995.0,3480,3462600.0,91256567.35000005
2025-08-01 09:18:40 AM,995.5,2716,2703778.0,93960345.35000005
2025-08-01 09:18:40 AM,995.4,0,0.0,93960345.35000005
2025-08-01 09:18:41 AM,995.7,296,294727.2,94255072.55000006
2025-08-01 09:18:42 AM,995.5,1165,1159757.5,95414830.05000006
2025-08-01 09:18:43 AM,995.55,1482,1475405.0999999999,96890235.15000005
2025-08-01 09:18:44 AM,995.3,410,408073.0,97298308.15000005
2025-08-01 09:18:44 AM,995.45,0,0.0,97298308.15000005
2025-08-01 09:18:45 AM,995.45,129,128413.05,97426721.20000005
2025-08-01 09:18:46 AM,995.55,2,1991.1,97428712.30000004
2025-08-01 09:18:47 AM,995.35,222,220967.7,97649680.00000004
2025-08-01 09:18:48 AM,995.5,1,995.5,97650675.50000004
2025-08-01 09:18:49 AM,995.55,300,298665.0,97949340.50000004
2025-08-01 09:18:49 AM,996.0,100,99600.0,98048940.50000004
2025-08-01 09:18:49 AM,995.55,0,0.0,98048940.50000004
2025-08-01 09:18:50 AM,995.55,100,99555.0,98148495.50000004
2025-08-01 09:18:52 AM,995.7,4,3982.8,98152478.30000004
2025-08-01 09:18:54 AM,995.85,48,47800.8,98200279.10000004
2025-08-01 09:18:54 AM,995.45,0,0.0,98200279.10000004
2025-08-01 09:18:55 AM,995.85,177,176265.45,98376544.55000004
2025-08-01 09:18:57 AM,995.65,201,200125.65,98576670.20000005
2025-08-01 09:18:57 AM,995.05,600,597030.0,99173700.20000005
2025-08-01 09:18:57 AM,995.7,0,0.0,99173700.20000005
2025-08-01 09:18:57 AM,995.6,0,0.0,99173700.20000005
2025-08-01 09:18:58 AM,995.0,464,461680.0,99635380.20000005
2025-08-01 09:18:58 AM,995.7,0,0.0,99635380.20000005
2025-08-01 09:18:59 AM,995.95,360,358542.0,99993922.20000005
2025-08-01 09:19:00 AM,995.75,41,40825.75,100034747.95000005
2025-08-01 09:19:00 AM,995.5,0,0.0,100034747.95000005
2025-08-01 09:19:00 AM,995.5,100,99550.0,100134297.95000005
2025-08-01 09:19:01 AM,994.75,200,198950.0,100333247.95000005
2025-08-01 09:19:02 AM,995.15,467,464735.05,100797983.00000004
2025-08-01 09:19:03 AM,994.5,34,33813.0,100831796.00000004
2025-08-01 09:19:04 AM,994.7,0,0.0,100831796.00000004
2025-08-01 09:19:04 AM,994.7,215,213860.5,101045656.50000004
2025-08-01 09:19:05 AM,995.0,0,0.0,101045656.50000004
2025-08-01 09:19:05 AM,995.0,586,583070.0,101628726.50000004
2025-08-01 09:19:07 AM,995.7,0,0.0,101628726.50000004
2025-08-01 09:19:07 AM,995.7,104,103552.8,101732279.30000004
2025-08-01 09:19:08 AM,995.85,34,33858.9,101766138.20000005
2025-08-01 09:19:08 AM,995.25,0,0.0,101766138.20000005
2025-08-01 09:19:08 AM,995.25,271,269712.75,102035850.95000005
2025-08-01 09:19:09 AM,995.1,350,348285.0,102384135.95000005
2025-08-01 09:19:09 AM,995.8,0,0.0,102384135.95000005
2025-08-01 09:19:09 AM,995.8,2,1991.6,102386127.55000004
2025-08-01 09:19:10 AM,995.85,10,9958.5,102396086.05000004
2025-08-01 09:19:11 AM,995.3,5,4976.5,102401062.55000004
2025-08-01 09:19:11 AM,995.35,0,0.0,102401062.55000004
2025-08-01 09:19:11 AM,995.35,50,49767.5,102450830.05000004
2025-08-01 09:19:14 AM,995.85,316,314688.60000000003,102765518.65000004
2025-08-01 09:19:15 AM,995.8,0,0.0,102765518.65000004
2025-08-01 09:19:15 AM,995.8,6,5974.799999999999,102771493.45000003
2025-08-01 09:19:15 AM,995.95,500,497975.0,103269468.45000003
2025-08-01 09:19:16 AM,995.25,0,0.0,103269468.45000003
2025-08-01 09:19:16 AM,995.25,3,2985.75,103272454.20000003
2025-08-01 09:19:17 AM,995.0,0,0.0,103272454.20000003
2025-08-01 09:19:17 AM,995.0,450,447750.0,103720204.20000003
2025-08-01 09:19:18 AM,995.75,0,0.0,103720204.20000003
2025-08-01 09:19:18 AM,995.75,11,10953.25,103731157.45000003
2025-08-01 09:19:19 AM,995.65,45,44804.25,103775961.70000003
2025-08-01 09:19:20 AM,995.15,0,0.0,103775961.70000003
2025-08-01 09:19:20 AM,995.15,21,20898.149999999998,103796859.85000004
2025-08-01 09:19:21 AM,995.3,0,0.0,103796859.85000004
2025-08-01 09:19:22 AM,995.2,151,150275.2,103947135.05000004
2025-08-01 09:19:22 AM,995.65,33,32856.45,103979991.50000004
2025-08-01 09:19:23 AM,995.2,50,49760.0,104029751.50000004
2025-08-01 09:19:23 AM,995.15,525,522453.75,104552205.25000004
2025-08-01 09:19:24 AM,995.25,25,24881.25,104577086.50000004
2025-08-01 09:19:24 AM,995.8,100,99580.0,104676666.50000004
2025-08-01 09:19:25 AM,995.8,34,33857.2,104710523.70000005
2025-08-01 09:19:25 AM,995.55,0,0.0,104710523.70000005
2025-08-01 09:19:26 AM,995.55,5,4977.75,104715501.45000005
2025-08-01 09:19:28 AM,995.2,21,20899.2,104736400.65000005
2025-08-01 09:19:29 AM,995.0,12,11940.0,104748340.65000005
2025-08-01 09:19:31 AM,995.35,0,0.0,104748340.65000005
2025-08-01 09:19:32 AM,995.35,24,23888.4,104772229.05000006
2025-08-01 09:19:32 AM,995.0,0,0.0,104772229.05000006
2025-08-01 09:19:33 AM,995.0,2,1990.0,104774219.05000006
2025-08-01 09:19:33 AM,994.95,0,0.0,104774219.05000006
2025-08-01 09:19:34 AM,994.85,482,479517.7,105253736.75000006
2025-08-01 09:19:34 AM,995.0,310,308450.0,105562186.75000006
2025-08-01 09:19:35 AM,995.05,4,3980.2,105566166.95000006
2025-08-01 09:19:36 AM,994.75,1,994.75,105567161.70000006
2025-08-01 09:19:37 AM,994.9,506,503419.39999999997,106070581.10000007
2025-08-01 09:19:37 AM,994.95,0,0.0,106070581.10000007
2025-08-01 09:19:38 AM,994.95,250,248737.5,106319318.60000007
2025-08-01 09:19:39 AM,995.2,22,21894.4,106341213.00000007
2025-08-01 09:19:40 AM,995.0,5,4975.0,106346188.00000007
2025-08-01 09:19:41 AM,995.0,31,30845.0,106377033.00000007
2025-08-01 09:19:43 AM,994.5,199,197905.5,106574938.50000007
2025-08-01 09:19:44 AM,994.65,0,0.0,106574938.50000007
2025-08-01 09:19:45 AM,994.9,37,36811.299999999996,106611749.80000007
2025-08-01 09:19:45 AM,995.0,44,43780.0,106655529.80000007
2025-08-01 09:19:46 AM,995.0,55,54725.0,106710254.80000007
2025-08-01 09:19:46 AM,995.0,10,9950.0,106720204.80000007
2025-08-01 09:19:47 AM,994.9,6,5969.4,106726174.20000008
2025-08-01 09:19:47 AM,995.0,0,0.0,106726174.20000008
2025-08-01 09:19:48 AM,995.05,1026,1020921.2999999999,107747095.50000007
2025-08-01 09:19:48 AM,995.05,39,38806.95,107785902.45000008
2025-08-01 09:19:49 AM,994.85,147,146242.95,107932145.40000008
2025-08-01 09:19:50 AM,995.05,0,0.0,107932145.40000008
2025-08-01 09:19:50 AM,995.05,400,398020.0,108330165.40000008
2025-08-01 09:19:51 AM,995.05,1,995.05,108331160.45000008
2025-08-01 09:19:51 AM,995.05,18,17910.899999999998,108349071.35000008
2025-08-01 09:19:52 AM,995.0,1000,995000.0,109344071.35000008
2025-08-01 09:19:53 AM,994.5,400,397800.0,109741871.35000008
2025-08-01 09:19:56 AM,994.9,5,4974.5,109746845.85000008
2025-08-01 09:19:56 AM,994.5,0,0.0,109746845.85000008
2025-08-01 09:19:57 AM,994.9,35,34821.5,109781667.35000008
2025-08-01 09:19:57 AM,994.5,0,0.0,109781667.35000008
2025-08-01 09:19:58 AM,994.5,1,994.5,109782661.85000008
2025-08-01 09:19:58 AM,994.6,0,0.0,109782661.85000008
2025-08-01 09:19:59 AM,994.5,35,34807.5,109817469.35000008
2025-08-01 09:20:00 AM,994.4,309,307269.6,110124738.95000008
2025-08-01 09:20:11 AM,994.4,825,820380.0,110945118.95000008
2025-08-01 09:20:15 AM,993.5,0,0.0,110945118.95000008
2025-08-01 09:20:17 AM,992.7,0,0.0,110945118.95000008
2025-08-01 09:20:17 AM,992.7,1223,1214072.1,112159191.05000007
2025-08-01 09:20:19 AM,993.4,550,546370.0,112705561.05000007
2025-08-01 09:20:25 AM,992.7,35,34744.5,112740305.55000007
2025-08-01 09:20:27 AM,993.1,1,993.1,112741298.65000007
2025-08-01 09:20:29 AM,993.0,0,0.0,112741298.65000007
2025-08-01 09:20:33 AM,993.05,607,602781.35,113344080.00000006
2025-08-01 09:20:35 AM,993.2,1009,1002138.8,114346218.80000006
2025-08-01 09:20:40 AM,992.95,0,0.0,114346218.80000006
2025-08-01 09:20:42 AM,993.4,313,310934.2,114657153.00000006
2025-08-01 09:20:43 AM,993.35,0,0.0,114657153.00000006
2025-08-01 09:20:47 AM,993.05,0,0.0,114657153.00000006
2025-08-01 09:20:49 AM,993.25,499,495631.75,115152784.75000006
2025-08-01 09:20:50 AM,993.25,5,4966.25,115157751.00000006
2025-08-01 09:20:54 AM,993.2,0,0.0,115157751.00000006
2025-08-01 09:20:57 AM,993.0,361,358473.0,115516224.00000006
2025-08-01 09:20:57 AM,993.2,0,0.0,115516224.00000006
2025-08-01 09:20:58 AM,994.15,633,629296.95,116145520.95000006
2025-08-01 09:21:01 AM,994.05,0,0.0,116145520.95000006
2025-08-01 09:21:04 AM,994.5,748,743886.0,116889406.95000006
2025-08-01 09:21:05 AM,994.95,4,3979.8,116893386.75000006
2025-08-01 09:21:12 AM,994.95,166,165161.7,117058548.45000006
2025-08-01 09:21:13 AM,994.95,1,994.95,117059543.40000007
2025-08-01 09:21:20 AM,994.85,189,188026.65,117247570.05000007
2025-08-01 09:21:21 AM,994.95,450,447727.5,117695297.55000007
2025-08-01 09:21:22 AM,994.75,0,0.0,117695297.55000007
2025-08-01 09:21:24 AM,994.95,0,0.0,117695297.55000007
2025-08-01 09:21:28 AM,994.95,1011,1005894.4500000001,118701192.00000007
2025-08-01 09:21:29 AM,994.85,1,994.85,118702186.85000007
2025-08-01 09:21:31 AM,994.65,0,0.0,118702186.85000007
2025-08-01 09:21:35 AM,994.85,0,0.0,118702186.85000007
2025-08-01 09:21:36 AM,994.85,211,209913.35,118912100.20000006
2025-08-01 09:21:43 AM,994.85,12,11938.2,118924038.40000007
2025-08-01 09:21:44 AM,994.75,0,0.0,118924038.40000007
2025-08-01 09:21:47 AM,994.6,0,0.0,118924038.40000007
2025-08-01 09:21:50 AM,994.2,0,0.0,118924038.40000007
2025-08-01 09:21:51 AM,993.9,99,98396.09999999999,119022434.50000006
2025-08-01 09:21:52 AM,994.35,158,157107.30000000002,119179541.80000006
2025-08-01 09:21:54 AM,994.2,0,0.0,119179541.80000006
2025-08-01 09:21:57 AM,994.4,0,0.0,119179541.80000006
2025-08-01 09:21:58 AM,994.4,57,56680.799999999996,119236222.60000005
2025-08-01 09:22:04 AM,994.35,0,0.0,119236222.60000005
2025-08-01 09:22:06 AM,994.4,220,218768.0,119454990.60000005
2025-08-01 09:22:07 AM,994.85,40,39794.0,119494784.60000005
2025-08-01 09:22:11 AM,995.0,0,0.0,119494784.60000005
2025-08-01 09:22:14 AM,995.0,475,472625.0,119967409.60000005
2025-08-01 09:22:18 AM,994.85,0,0.0,119967409.60000005
2025-08-01 09:22:21 AM,994.65,261,259603.65,120227013.25000006
2025-08-01 09:22:22 AM,995.0,0,0.0,120227013.25000006
2025-08-01 09:22:23 AM,995.0,20,19900.0,120246913.25000006
2025-08-01 09:22:25 AM,994.3,0,0.0,120246913.25000006
2025-08-01 09:22:29 AM,993.95,1301,1293128.95,121540042.20000006
2025-08-01 09:22:32 AM,993.9,0,0.0,121540042.20000006
2025-08-01 09:22:36 AM,993.5,401,398393.5,121938435.70000006
2025-08-01 09:22:37 AM,993.9,0,0.0,121938435.70000006
2025-08-01 09:22:38 AM,994.55,50,49727.5,121988163.20000006
2025-08-01 09:22:44 AM,995.05,8030,7990251.5,129978414.70000006
2025-08-01 09:22:44 AM,995.7,0,0.0,129978414.70000006
2025-08-01 09:22:45 AM,995.4,0,0.0,129978414.70000006
2025-08-01 09:22:46 AM,995.4,4759,4737108.6,134715523.30000007
2025-08-01 09:22:50 AM,995.75,0,0.0,134715523.30000007
2025-08-01 09:22:52 AM,995.75,605,602428.75,135317952.05000007
2025-08-01 09:22:53 AM,995.75,30,29872.5,135347824.55000007
2025-08-01 09:22:58 AM,995.8,0,0.0,135347824.55000007
2025-08-01 09:22:59 AM,995.6,186,185181.6,135533006.15000007
2025-08-01 09:23:01 AM,995.6,1,995.6,135534001.75000006
2025-08-01 09:23:03 AM,995.4,0,0.0,135534001.75000006
2025-08-01 09:23:07 AM,995.0,160,159200.0,135693201.75000006
2025-08-01 09:23:09 AM,995.4,30,29862.0,135723063.75000006
2025-08-01 09:23:10 AM,995.35,0,0.0,135723063.75000006
2025-08-01 09:23:12 AM,994.9,0,0.0,135723063.75000006
2025-08-01 09:23:15 AM,995.1,284,282608.4,136005672.15000007
2025-08-01 09:23:16 AM,995.6,76,75665.6,136081337.75000006
2025-08-01 09:23:17 AM,995.7,0,0.0,136081337.75000006
2025-08-01 09:23:22 AM,995.4,4435,4414599.0,140495936.75000006
2025-08-01 09:23:24 AM,995.0,900,895500.0,141391436.75000006
2025-08-01 09:23:24 AM,995.35,0,0.0,141391436.75000006
2025-08-01 09:23:30 AM,994.05,624,620287.2,142011723.95000005
2025-08-01 09:23:30 AM,994.25,0,0.0,142011723.95000005
2025-08-01 09:23:31 AM,994.75,0,0.0,142011723.95000005
2025-08-01 09:23:32 AM,994.75,331,329262.25,142340986.20000005
2025-08-01 09:23:37 AM,995.0,0,0.0,142340986.20000005
2025-08-01 09:23:37 AM,995.0,116,115420.0,142456406.20000005
2025-08-01 09:23:39 AM,995.3,192,191097.59999999998,142647503.80000004
2025-08-01 09:23:44 AM,994.8,0,0.0,142647503.80000004
2025-08-01 09:23:45 AM,994.8,146,145240.8,142792744.60000005
2025-08-01 09:23:50 AM,994.7,0,0.0,142792744.60000005
2025-08-01 09:23:53 AM,994.75,128,127328.0,142920072.60000005
2025-08-01 09:23:54 AM,994.75,110,109422.5,143029495.10000005
2025-08-01 09:24:00 AM,994.45,558,554903.1,143584398.20000005
2025-08-01 09:24:02 AM,994.8,135,134298.0,143718696.20000005
2025-08-01 09:24:03 AM,994.55,0,0.0,143718696.20000005
2025-08-01 09:24:08 AM,994.35,209,207819.15,143926515.35000005
2025-08-01 09:24:10 AM,994.45,76,75578.2,144002093.55000004
2025-08-01 09:24:10 AM,994.55,0,0.0,144002093.55000004
2025-08-01 09:24:16 AM,995.1,1496,1488669.6,145490763.15000004
2025-08-01 09:24:17 AM,995.1,635,631888.5,146122651.65000004
2025-08-01 09:24:23 AM,994.8,576,573004.7999999999,146695656.45000005
2025-08-01 09:24:25 AM,995.0,70,69650.0,146765306.45000005
2025-08-01 09:24:31 AM,994.85,19,18902.15,146784208.60000005
2025-08-01 09:24:33 AM,995.0,293,291535.0,147075743.60000005
2025-08-01 09:24:38 AM,994.95,55,54722.25,147130465.85000005
2025-08-01 09:24:41 AM,994.85,0,0.0,147130465.85000005
2025-08-01 09:24:46 AM,995.0,455,452725.0,147583190.85000005
2025-08-01 09:24:48 AM,995.0,100,99500.0,147682690.85000005
2025-08-01 09:24:53 AM,994.4,1150,1143560.0,148826250.85000005
2025-08-01 09:24:55 AM,994.0,82,81508.0,148907758.85000005
2025-08-01 09:25:00 AM,993.9,0,0.0,148907758.85000005
2025-08-01 09:25:01 AM,993.25,592,588004.0,149495762.85000005
2025-08-01 09:25:01 AM,994.7,0,0.0,149495762.85000005
2025-08-01 09:25:03 AM,994.85,1537,1529084.45,151024847.30000004
2025-08-01 09:25:07 AM,994.3,0,0.0,151024847.30000004
2025-08-01 09:25:08 AM,994.05,0,0.0,151024847.30000004
2025-08-01 09:25:10 AM,994.0,425,422450.0,151447297.30000004
2025-08-01 09:25:14 AM,993.8,0,0.0,151447297.30000004
2025-08-01 09:25:16 AM,993.8,150,149070.0,151596367.30000004
2025-08-01 09:25:18 AM,993.4,1051,1044063.4,152640430.70000005
2025-08-01 09:25:21 AM,993.9,0,0.0,152640430.70000005
2025-08-01 09:25:23 AM,993.25,59,58601.75,152699032.45000005
2025-08-01 09:25:25 AM,993.75,14,13912.5,152712944.95000005
2025-08-01 09:25:26 AM,993.9,0,0.0,152712944.95000005
2025-08-01 09:25:31 AM,993.5,308,305998.0,153018942.95000005
2025-08-01 09:25:32 AM,993.85,0,0.0,153018942.95000005
2025-08-01 09:25:33 AM,993.85,1,993.85,153019936.80000004
2025-08-01 09:25:38 AM,993.45,646,641768.7000000001,153661705.50000003
2025-08-01 09:25:44 AM,993.25,0,0.0,153661705.50000003
2025-08-01 09:25:46 AM,993.2,6821,6774617.2,160436322.70000002
2025-08-01 09:25:48 AM,993.25,27,26817.75,160463140.45000002
2025-08-01 09:25:49 AM,993.0,0,0.0,160463140.45000002
2025-08-01 09:25:53 AM,992.9,1067,1059424.3,161522564.75000003
2025-08-01 09:25:55 AM,992.95,0,0.0,161522564.75000003
2025-08-01 09:25:56 AM,992.95,220,218449.0,161741013.75000003
2025-08-01 09:26:01 AM,992.6,42,41689.200000000004,161782702.95000002
2025-08-01 09:26:01 AM,992.5,0,0.0,161782702.95000002
2025-08-01 09:26:03 AM,992.45,72,71456.40000000001,161854159.35000002
2025-08-01 09:26:08 AM,992.25,0,0.0,161854159.35000002
2025-08-01 09:26:09 AM,992.25,150,148837.5,162002996.85000002
2025-08-01 09:26:11 AM,992.25,37,36713.25,162039710.10000002
2025-08-01 09:26:15 AM,991.8,0,0.0,162039710.10000002
2025-08-01 09:26:16 AM,991.8,3236,3209464.8,165249174.90000004
2025-08-01 09:26:18 AM,991.35,174,172494.9,165421669.80000004
2025-08-01 09:26:21 AM,991.8,0,0.0,165421669.80000004
2025-08-01 09:26:24 AM,991.4,280,277592.0,165699261.80000004
2025-08-01 09:26:26 AM,991.8,51,50581.799999999996,165749843.60000005
2025-08-01 09:26:27 AM,991.95,0,0.0,165749843.60000005
2025-08-01 09:26:32 AM,991.8,1537,1524396.5999999999,167274240.20000005
2025-08-01 09:26:36 AM,991.95,0,0.0,167274240.20000005
2025-08-01 09:26:39 AM,992.0,2077,2060384.0,169334624.20000005
2025-08-01 09:26:41 AM,992.0,271,268832.0,169603456.20000005
2025-08-01 09:26:42 AM,992.65,0,0.0,169603456.20000005
2025-08-01 09:26:45 AM,992.55,0,0.0,169603456.20000005
2025-08-01 09:26:47 AM,993.5,885,879247.5,170482703.70000005
2025-08-01 09:26:48 AM,993.5,74,73519.0,170556222.70000005
2025-08-01 09:26:51 AM,993.7,0,0.0,170556222.70000005
2025-08-01 09:26:54 AM,993.85,0,0.0,170556222.70000005
2025-08-01 09:26:56 AM,993.85,11,10932.35,170567155.05000004
2025-08-01 09:26:58 AM,993.8,0,0.0,170567155.05000004
2025-08-01 09:27:00 AM,993.6,0,0.0,170567155.05000004
2025-08-01 09:27:00 AM,993.75,0,0.0,170567155.05000004
2025-08-01 09:27:01 AM,993.75,90,89437.5,170656592.55000004
2025-08-01 09:27:01 AM,995.3,0,0.0,170656592.55000004
2025-08-01 09:27:01 AM,995.35,0,0.0,170656592.55000004
2025-08-01 09:27:02 AM,995.35,6430,6400100.5,177056693.05000004
2025-08-01 09:27:03 AM,995.5,0,0.0,177056693.05000004
2025-08-01 09:27:04 AM,995.5,119,118464.5,177175157.55000004
2025-08-01 09:27:06 AM,995.5,3,2986.5,177178144.05000004
2025-08-01 09:27:07 AM,995.5,200,199100.0,177377244.05000004
2025-08-01 09:27:08 AM,995.3,0,0.0,177377244.05000004
2025-08-01 09:27:09 AM,995.3,5,4976.5,177382220.55000004
2025-08-01 09:27:09 AM,995.5,1,995.5,177383216.05000004
2025-08-01 09:27:09 AM,995.9,0,0.0,177383216.05000004
2025-08-01 09:27:10 AM,995.9,684,681195.6,178064411.65000004
2025-08-01 09:27:11 AM,995.6,0,0.0,178064411.65000004
2025-08-01 09:27:12 AM,995.6,208,207084.80000000002,178271496.45000005
2025-08-01 09:27:14 AM,995.9,1,995.9,178272492.35000005
2025-08-01 09:27:14 AM,995.6,0,0.0,178272492.35000005
2025-08-01 09:27:15 AM,995.6,100,99560.0,178372052.35000005
2025-08-01 09:27:17 AM,995.6,185,184186.0,178556238.35000005
2025-08-01 09:27:18 AM,995.4,37,36829.799999999996,178593068.15000007
2025-08-01 09:27:18 AM,995.45,50,49772.5,178642840.65000007
2025-08-01 09:27:18 AM,995.3,0,0.0,178642840.65000007
2025-08-01 09:27:19 AM,995.3,20,19906.0,178662746.65000007
2025-08-01 09:27:20 AM,995.0,0,0.0,178662746.65000007
2025-08-01 09:27:21 AM,995.3,0,0.0,178662746.65000007
2025-08-01 09:27:22 AM,995.3,115,114459.5,178777206.15000007
2025-08-01 09:27:23 AM,995.3,5,4976.5,178782182.65000007
2025-08-01 09:27:23 AM,995.3,20,19906.0,178802088.65000007
2025-08-01 09:27:24 AM,995.3,108,107492.4,178909581.05000007
2025-08-01 09:27:26 AM,995.3,35,34835.5,178944416.55000007
2025-08-01 09:27:27 AM,995.3,1,995.3,178945411.85000008
2025-08-01 09:27:31 AM,994.35,192,190915.2,179136327.05000007
2025-08-01 09:27:33 AM,994.85,0,0.0,179136327.05000007
2025-08-01 09:27:34 AM,994.9,0,0.0,179136327.05000007
2025-08-01 09:27:35 AM,994.9,258,256684.19999999998,179393011.25000006
2025-08-01 09:27:36 AM,994.85,50,49742.5,179442753.75000006
2025-08-01 09:27:38 AM,994.45,20,19889.0,179462642.75000006
2025-08-01 09:27:39 AM,994.9,3,2984.7,179465627.45000005
2025-08-01 09:27:41 AM,994.3,35,34800.5,179500427.95000005
2025-08-01 09:27:42 AM,994.45,0,0.0,179500427.95000005
2025-08-01 09:27:43 AM,994.4,0,0.0,179500427.95000005
2025-08-01 09:27:44 AM,994.4,34,33809.6,179534237.55000004
2025-08-01 09:27:45 AM,994.4,50,49720.0,179583957.55000004
2025-08-01 09:27:46 AM,994.4,5,4972.0,179588929.55000004
2025-08-01 09:27:47 AM,994.25,0,0.0,179588929.55000004
2025-08-01 09:27:48 AM,993.9,27,26835.3,179615764.85000005
2025-08-01 09:27:51 AM,993.95,0,0.0,179615764.85000005
2025-08-01 09:27:51 AM,993.95,11,10933.45,179626698.30000004
2025-08-01 09:27:52 AM,993.95,10,9939.5,179636637.80000004
2025-08-01 09:27:52 AM,993.95,20,19879.0,179656516.80000004
2025-08-01 09:27:53 AM,993.95,20,19879.0,179676395.80000004
2025-08-01 09:27:54 AM,993.9,0,0.0,179676395.80000004
2025-08-01 09:27:54 AM,993.9,35,34786.5,179711182.30000004
2025-08-01 09:27:55 AM,993.9,20,19878.0,179731060.30000004
2025-08-01 09:27:56 AM,993.95,0,0.0,179731060.30000004
2025-08-01 09:27:57 AM,993.95,25,24848.75,179755909.05000004
2025-08-01 09:27:59 AM,993.5,0,0.0,179755909.05000004
2025-08-01 09:27:59 AM,993.5,570,566295.0,180322204.05000004
2025-08-01 09:28:00 AM,993.7,61,60615.700000000004,180382819.75000003
2025-08-01 09:28:01 AM,993.95,1000,993950.0,181376769.75000003
2025-08-01 09:28:01 AM,993.85,0,0.0,181376769.75000003
2025-08-01 09:28:02 AM,993.85,16,15901.6,181392671.35000002
2025-08-01 09:28:02 AM,993.3,25,24832.5,181417503.85000002
2025-08-01 09:28:02 AM,993.25,0,0.0,181417503.85000002
2025-08-01 09:28:03 AM,993.25,202,200636.5,181618140.35000002
2025-08-01 09:28:04 AM,993.25,310,307907.5,181926047.85000002
2025-08-01 09:28:06 AM,993.0,0,0.0,181926047.85000002
2025-08-01 09:28:06 AM,993.05,0,0.0,181926047.85000002
2025-08-01 09:28:07 AM,993.05,437,433962.85,182360010.70000002
2025-08-01 09:28:08 AM,993.05,254,252234.69999999998,182612245.4
2025-08-01 09:28:08 AM,993.1,49,48661.9,182660907.3
2025-08-01 09:28:09 AM,993.1,10,9931.0,182670838.3
2025-08-01 09:28:09 AM,993.0,0,0.0,182670838.3
2025-08-01 09:28:10 AM,993.0,100,99300.0,182770138.3
2025-08-01 09:28:12 AM,993.15,1,993.15,182771131.45000002
2025-08-01 09:28:13 AM,993.3,0,0.0,182771131.45000002
2025-08-01 09:28:13 AM,993.3,1,993.3,182772124.75000003
2025-08-01 09:28:14 AM,993.35,0,0.0,182772124.75000003
2025-08-01 09:28:15 AM,993.35,1,993.35,182773118.10000002
2025-08-01 09:28:16 AM,993.35,50,49667.5,182822785.60000002
2025-08-01 09:28:26 AM,993.15,15,14897.25,182837682.85000002
2025-08-01 09:28:28 AM,993.15,2,1986.3,182839669.15000004
2025-08-01 09:28:30 AM,993.0,0,0.0,182839669.15000004
2025-08-01 09:28:30 AM,993.0,10,9930.0,182849599.15000004
2025-08-01 09:28:33 AM,993.15,20,19863.0,182869462.15000004
2025-08-01 09:28:34 AM,993.15,15,14897.25,182884359.40000004
2025-08-01 09:28:34 AM,993.0,4,3972.0,182888331.40000004
2025-08-01 09:28:39 AM,993.15,80,79452.0,182967783.40000004
2025-08-01 09:28:43 AM,993.25,25,24831.25,182992614.65000004
2025-08-01 09:28:46 AM,993.0,4,3972.0,182996586.65000004
2025-08-01 09:28:48 AM,993.3,0,0.0,182996586.65000004
2025-08-01 09:28:48 AM,993.3,1,993.3,182997579.95000005
2025-08-01 09:28:48 AM,993.0,0,0.0,182997579.95000005
2025-08-01 09:28:49 AM,993.0,57,56601.0,183054180.95000005
2025-08-01 09:28:53 AM,993.35,1,993.35,183055174.30000004
2025-08-01 09:28:55 AM,993.9,606,602303.4,183657477.70000005
2025-08-01 09:28:56 AM,994.05,0,0.0,183657477.70000005
2025-08-01 09:28:56 AM,994.05,50,49702.5,183707180.20000005
2025-08-01 09:28:57 AM,994.75,0,0.0,183707180.20000005
2025-08-01 09:28:58 AM,994.9,0,0.0,183707180.20000005
2025-08-01 09:28:58 AM,994.9,78,77602.2,183784782.40000004
2025-08-01 09:28:59 AM,995.0,179,178105.0,183962887.40000004
2025-08-01 09:29:03 AM,994.85,109,108438.65000000001,184071326.05000004
2025-08-01 09:29:05 AM,995.0,2,1990.0,184073316.05000004
2025-08-01 09:29:10 AM,994.3,0,0.0,184073316.05000004
2025-08-01 09:29:11 AM,994.3,1220,1213046.0,185286362.05000004
2025-08-01 09:29:12 AM,994.0,2,1988.0,185288350.05000004
2025-08-01 09:29:16 AM,994.35,0,0.0,185288350.05000004
2025-08-01 09:29:19 AM,994.0,254,252476.0,185540826.05000004
2025-08-01 09:29:21 AM,993.45,0,0.0,185540826.05000004
2025-08-01 09:29:26 AM,994.3,14,13920.199999999999,185554746.25000003
2025-08-01 09:29:28 AM,994.3,1,994.3,185555740.55000004
2025-08-01 09:29:31 AM,994.85,0,0.0,185555740.55000004
2025-08-01 09:29:34 AM,994.85,144,143258.4,185698998.95000005
2025-08-01 09:29:35 AM,994.85,39,38799.15,185737798.10000005
2025-08-01 09:29:42 AM,994.85,135,134304.75,185872102.85000005
2025-08-01 09:29:46 AM,994.8,0,0.0,185872102.85000005
2025-08-01 09:29:48 AM,994.2,88,87489.6,185959592.45000005
2025-08-01 09:29:56 AM,994.8,24,23875.199999999997,185983467.65000004
2025-08-01 09:30:02 AM,994.4,0,0.0,185983467.65000004
2025-08-01 09:30:04 AM,994.4,869,864133.6,186847601.25000003
2025-08-01 09:30:09 AM,994.0,0,0.0,186847601.25000003
2025-08-01 09:30:11 AM,994.0,61,60634.0,186908235.25000003
2025-08-01 09:30:12 AM,994.0,92,91448.0,186999683.25000003
2025-08-01 09:30:16 AM,994.85,0,0.0,186999683.25000003
2025-08-01 09:30:19 AM,994.85,5216,5189137.600000001,192188820.85000002
2025-08-01 09:30:23 AM,994.5,0,0.0,192188820.85000002
2025-08-01 09:30:26 AM,994.5,193,191938.5,192380759.35000002
2025-08-01 09:30:30 AM,994.4,0,0.0,192380759.35000002
2025-08-01 09:30:34 AM,994.35,21,20881.350000000002,192401640.70000002
2025-08-01 09:30:34 AM,994.8,22,21885.6,192423526.3
2025-08-01 09:30:41 AM,994.65,433,430683.45,192854209.75
2025-08-01 09:30:44 AM,994.5,0,0.0,192854209.75
2025-08-01 09:30:46 AM,994.75,0,0.0,192854209.75
2025-08-01 09:30:48 AM,994.8,189,188017.19999999998,193042226.95
2025-08-01 09:30:54 AM,994.1,0,0.0,193042226.95
2025-08-01 09:30:56 AM,994.8,1116,1110196.8,194152423.75
2025-08-01 09:31:02 AM,994.45,0,0.0,194152423.75
2025-08-01 09:31:03 AM,994.4,42,41764.799999999996,194194188.55
2025-08-01 09:31:03 AM,994.2,5,4971.0,194199159.55
2025-08-01 09:31:06 AM,993.6,0,0.0,194199159.55
2025-08-01 09:31:08 AM,994.3,0,0.0,194199159.55
2025-08-01 09:31:10 AM,994.4,343,341079.2,194540238.75
2025-08-01 09:31:14 AM,993.6,0,0.0,194540238.75
2025-08-01 09:31:18 AM,993.95,0,0.0,194540238.75
2025-08-01 09:31:18 AM,993.95,532,528781.4,195069020.15
2025-08-01 09:31:20 AM,994.0,0,0.0,195069020.15
2025-08-01 09:31:24 AM,993.7,0,0.0,195069020.15
2025-08-01 09:31:25 AM,993.7,578,574358.6,195643378.75
2025-08-01 09:31:26 AM,993.85,55,54661.75,195698040.5
2025-08-01 09:31:26 AM,993.95,0,0.0,195698040.5
2025-08-01 09:31:30 AM,993.55,0,0.0,195698040.5
2025-08-01 09:31:32 AM,993.95,0,0.0,195698040.5
2025-08-01 09:31:32 AM,993.95,61,60630.950000000004,195758671.45
2025-08-01 09:31:38 AM,993.75,0,0.0,195758671.45
2025-08-01 09:31:39 AM,993.75,72,71550.0,195830221.45
2025-08-01 09:31:42 AM,994.0,0,0.0,195830221.45
2025-08-01 09:31:44 AM,994.45,0,0.0,195830221.45
2025-08-01 09:31:46 AM,994.45,391,388829.95,196219051.39999998
2025-08-01 09:31:47 AM,994.2,4,3976.8,196223028.2
2025-08-01 09:31:49 AM,994.75,0,0.0,196223028.2
2025-08-01 09:31:53 AM,994.45,215,213806.75,196436834.95
2025-08-01 09:31:54 AM,994.35,0,0.0,196436834.95
2025-08-01 09:31:59 AM,993.8,0,0.0,196436834.95
2025-08-01 09:32:00 AM,994.25,1043,1037002.75,197473837.7
2025-08-01 09:32:04 AM,994.75,0,0.0,197473837.7
2025-08-01 09:32:04 AM,994.8,0,0.0,197473837.7
2025-08-01 09:32:07 AM,994.8,260,258648.0,197732485.7
2025-08-01 09:32:14 AM,994.8,1386,1378792.8,199111278.5
2025-08-01 09:32:16 AM,995.1,0,0.0,199111278.5
2025-08-01 09:32:21 AM,995.1,1291,1284674.1,200395952.6
2025-08-01 09:32:22 AM,995.5,0,0.0,200395952.6
2025-08-01 09:32:28 AM,996.2,0,0.0,200395952.6
2025-08-01 09:32:28 AM,996.5,3698,3685057.0,204081009.6
2025-08-01 09:32:34 AM,997.0,0,0.0,204081009.6
2025-08-01 09:32:34 AM,996.75,0,0.0,204081009.6
2025-08-01 09:32:35 AM,996.65,2250,2242462.5,206323472.1
2025-08-01 09:32:40 AM,996.95,0,0.0,206323472.1
2025-08-01 09:32:42 AM,996.45,1811,1804570.9500000002,208128043.04999998
2025-08-01 09:32:42 AM,996.65,3,2989.95,208131032.99999997
2025-08-01 09:32:46 AM,997.6,0,0.0,208131032.99999997
2025-08-01 09:32:46 AM,997.1,0,0.0,208131032.99999997
2025-08-01 09:32:49 AM,997.15,1053,1049998.95,209181031.94999996
2025-08-01 09:32:52 AM,997.55,0,0.0,209181031.94999996
2025-08-01 09:32:56 AM,997.85,7314,7298274.9,216479306.84999996
2025-08-01 09:32:56 AM,997.8,28,27938.399999999998,216507245.24999997
2025-08-01 09:32:58 AM,997.1,0,0.0,216507245.24999997
2025-08-01 09:32:58 AM,997.55,0,0.0,216507245.24999997
2025-08-01 09:33:03 AM,996.8,617,615025.6,217122270.84999996
2025-08-01 09:33:03 AM,996.8,10,9968.0,217132238.84999996
2025-08-01 09:33:04 AM,996.7,0,0.0,217132238.84999996
2025-08-01 09:33:04 AM,997.15,0,0.0,217132238.84999996
2025-08-01 09:33:10 AM,997.5,0,0.0,217132238.84999996
2025-08-01 09:33:10 AM,997.5,374,373065.0,217505303.84999996
2025-08-01 09:33:17 AM,997.5,691,689272.5,218194576.34999996
2025-08-01 09:33:24 AM,997.2,630,628236.0,218822812.34999996
2025-08-01 09:33:25 AM,997.5,0,0.0,218822812.34999996
2025-08-01 09:33:25 AM,997.7,0,0.0,218822812.34999996
2025-08-01 09:33:30 AM,997.65,0,0.0,218822812.34999996
2025-08-01 09:33:31 AM,997.65,659,657451.35,219480263.69999996
2025-08-01 09:33:31 AM,997.55,400,399020.0,219879283.69999996
2025-08-01 09:33:35 AM,997.75,0,0.0,219879283.69999996
2025-08-01 09:33:37 AM,997.5,2166,2160585.0,222039868.69999996
2025-08-01 09:33:40 AM,997.85,0,0.0,222039868.69999996
2025-08-01 09:33:42 AM,998.0,0,0.0,222039868.69999996
2025-08-01 09:33:44 AM,998.35,2305,2301196.75,224341065.44999996
2025-08-01 09:33:45 AM,998.0,0,0.0,224341065.44999996
2025-08-01 09:33:48 AM,998.5,0,0.0,224341065.44999996
2025-08-01 09:33:50 AM,999.0,0,0.0,224341065.44999996
2025-08-01 09:33:52 AM,998.8,6584,6576099.199999999,230917164.64999995
2025-08-01 09:33:55 AM,999.25,0,0.0,230917164.64999995
2025-08-01 09:33:58 AM,999.5,2204,2202898.0,233120062.64999995
2025-08-01 09:33:59 AM,999.6,813,812674.8,233932737.44999996
2025-08-01 09:34:00 AM,999.9,0,0.0,233932737.44999996
2025-08-01 09:34:00 AM,999.65,0,0.0,233932737.44999996
2025-08-01 09:34:05 AM,999.6,0,0.0,233932737.44999996
2025-08-01 09:34:05 AM,999.6,2457,2456017.2,236388754.64999995
2025-08-01 09:34:06 AM,999.6,111,110955.6,236499710.24999994
2025-08-01 09:34:10 AM,999.65,0,0.0,236499710.24999994
2025-08-01 09:34:13 AM,999.2,848,847321.6000000001,237347031.84999993
2025-08-01 09:34:15 AM,999.35,0,0.0,237347031.84999993
2025-08-01 09:34:18 AM,999.6,0,0.0,237347031.84999993
2025-08-01 09:34:20 AM,999.6,473,472810.8,237819842.64999995
2025-08-01 09:34:20 AM,999.2,1,999.2,237820841.84999993
2025-08-01 09:34:27 AM,999.2,539,538568.8,238359410.64999995
2025-08-01 09:34:28 AM,999.45,0,0.0,238359410.64999995
2025-08-01 09:34:30 AM,999.2,0,0.0,238359410.64999995
2025-08-01 09:34:33 AM,999.1,0,0.0,238359410.64999995
2025-08-01 09:34:34 AM,998.5,2296,2292556.0,240651966.64999995
2025-08-01 09:34:35 AM,998.95,0,0.0,240651966.64999995
2025-08-01 09:34:38 AM,998.7,0,0.0,240651966.64999995
2025-08-01 09:34:40 AM,999.15,0,0.0,240651966.64999995
2025-08-01 09:34:40 AM,999.15,1679,1677572.8499999999,242329539.49999994
2025-08-01 09:34:43 AM,999.55,0,0.0,242329539.49999994
2025-08-01 09:34:45 AM,999.45,0,0.0,242329539.49999994
2025-08-01 09:34:47 AM,999.9,3703,3702629.6999999997,246032169.19999993
2025-08-01 09:34:48 AM,999.8,1,999.8,246033168.99999994
2025-08-01 09:34:50 AM,999.5,0,0.0,246033168.99999994
2025-08-01 09:34:53 AM,998.75,0,0.0,246033168.99999994
2025-08-01 09:34:54 AM,998.75,156,155805.0,246188973.99999994
2025-08-01 09:34:55 AM,998.5,250,249625.0,246438598.99999994
2025-08-01 09:34:57 AM,998.9,0,0.0,246438598.99999994
2025-08-01 09:35:00 AM,998.75,0,0.0,246438598.99999994
2025-08-01 09:35:00 AM,997.85,0,0.0,246438598.99999994
2025-08-01 09:35:01 AM,998.5,2554,2550169.0,248988767.99999994
2025-08-01 09:35:05 AM,999.4,0,0.0,248988767.99999994
2025-08-01 09:35:08 AM,998.8,12847,12831583.6,261820351.59999993
2025-08-01 09:35:10 AM,999.0,0,0.0,261820351.59999993
2025-08-01 09:35:15 AM,998.65,0,0.0,261820351.59999993
2025-08-01 09:35:15 AM,998.65,1084,1082536.5999999999,262902888.19999993
2025-08-01 09:35:20 AM,999.0,0,0.0,262902888.19999993
2025-08-01 09:35:22 AM,999.0,100,99900.0,263002788.19999993
2025-08-01 09:35:25 AM,998.0,0,0.0,263002788.19999993
2025-08-01 09:35:25 AM,998.4,0,0.0,263002788.19999993
2025-08-01 09:35:29 AM,997.8,833,831167.3999999999,263833955.59999993
2025-08-01 09:35:30 AM,997.7,0,0.0,263833955.59999993
2025-08-01 09:35:35 AM,997.5,0,0.0,263833955.59999993
2025-08-01 09:35:35 AM,997.4,0,0.0,263833955.59999993
2025-08-01 09:35:36 AM,997.0,599,597203.0,264431158.59999993
2025-08-01 09:35:40 AM,997.25,0,0.0,264431158.59999993
2025-08-01 09:35:43 AM,997.55,70,69828.5,264500987.09999993
2025-08-01 09:35:45 AM,997.25,0,0.0,264500987.09999993
2025-08-01 09:35:45 AM,996.75,0,0.0,264500987.09999993
2025-08-01 09:35:50 AM,997.0,0,0.0,264500987.09999993
2025-08-01 09:35:50 AM,997.0,1019,1015943.0,265516930.09999993
2025-08-01 09:35:50 AM,996.65,0,0.0,265516930.09999993
2025-08-01 09:35:55 AM,997.15,0,0.0,265516930.09999993
2025-08-01 09:35:55 AM,997.2,0,0.0,265516930.09999993
2025-08-01 09:35:56 AM,997.2,692,690062.4,266206992.49999994
2025-08-01 09:36:00 AM,997.45,0,0.0,266206992.49999994
2025-08-01 09:36:01 AM,997.1,53,52846.3,266259838.79999995
2025-08-01 09:36:02 AM,997.45,10,9974.5,266269813.29999995
2025-08-01 09:36:02 AM,997.45,146,145627.7,266415440.99999994
2025-08-01 09:36:03 AM,997.1,0,0.0,266415440.99999994
2025-08-01 09:36:03 AM,997.1,1,997.1,266416438.09999993
2025-08-01 09:36:04 AM,997.2,0,0.0,266416438.09999993
2025-08-01 09:36:05 AM,997.2,1,997.2,266417435.29999992
2025-08-01 09:36:08 AM,997.65,2,1995.3,266419430.59999993
2025-08-01 09:36:09 AM,997.65,1,997.65,266420428.24999994
2025-08-01 09:36:10 AM,997.65,20,19953.0,266440381.24999994
2025-08-01 09:36:13 AM,997.7,6,5986.200000000001,266446367.44999993
2025-08-01 09:36:14 AM,997.7,100,99770.0,266546137.44999993
2025-08-01 09:36:15 AM,997.7,50,49885.0,266596022.44999993
2025-08-01 09:36:16 AM,997.7,50,49885.0,266645907.44999993
2025-08-01 09:36:17 AM,997.75,1,997.75,266646905.19999993
2025-08-01 09:36:19 AM,998.0,0,0.0,266646905.19999993
2025-08-01 09:36:19 AM,998.0,2,1996.0,266648901.19999993
2025-08-01 09:36:20 AM,998.2,605,603911.0,267252812.19999993
2025-08-01 09:36:22 AM,998.2,1,998.2,267253810.39999992
2025-08-01 09:36:24 AM,998.55,5,4992.75,267258803.14999992
2025-08-01 09:36:24 AM,998.55,1,998.55,267259801.69999993
2025-08-01 09:36:25 AM,998.75,0,0.0,267259801.69999993
2025-08-01 09:36:25 AM,998.0,236,235528.0,267495329.69999993
2025-08-01 09:36:26 AM,998.0,10,9980.0,267505309.69999993
2025-08-01 09:36:27 AM,998.0,4,3992.0,267509301.69999993
2025-08-01 09:36:28 AM,998.65,0,0.0,267509301.69999993
2025-08-01 09:36:28 AM,998.65,42,41943.299999999996,267551244.99999994
2025-08-01 09:36:30 AM,998.45,14,13978.300000000001,267565223.29999995
2025-08-01 09:36:33 AM,998.0,21,20958.0,267586181.29999995
2025-08-01 09:36:35 AM,998.65,39,38947.35,267625128.64999995
2025-08-01 09:36:37 AM,998.55,1,998.55,267626127.19999996
2025-08-01 09:36:38 AM,998.5,3226,3221161.0,270847288.1999999
2025-08-01 09:36:39 AM,998.65,0,0.0,270847288.1999999
2025-08-01 09:36:39 AM,998.65,25,24966.25,270872254.4499999
2025-08-01 09:36:42 AM,998.6,100,99860.0,270972114.4499999
2025-08-01 09:36:42 AM,998.9,0,0.0,270972114.4499999
2025-08-01 09:36:43 AM,998.9,200,199780.0,271171894.4499999
2025-08-01 09:36:44 AM,998.6,0,0.0,271171894.4499999
2025-08-01 09:36:45 AM,998.95,34,33964.3,271205858.74999994
2025-08-01 09:36:46 AM,999.0,1,999.0,271206857.74999994
2025-08-01 09:36:48 AM,999.0,30,29970.0,271236827.74999994
2025-08-01 09:36:49 AM,998.95,298,297687.10000000003,271534514.84999996
2025-08-01 09:36:52 AM,999.0,1,999.0,271535513.84999996
2025-08-01 09:36:53 AM,999.0,11,10989.0,271546502.84999996
2025-08-01 09:36:54 AM,1001.2,15077,15095092.4,286641595.24999994
2025-08-01 09:36:54 AM,1002.0,0,0.0,286641595.24999994
2025-08-01 09:36:55 AM,1002.0,321,321642.0,286963237.24999994
2025-08-01 09:36:55 AM,1001.6,100,100160.0,287063397.24999994
2025-08-01 09:36:56 AM,1001.55,225,225348.75,287288745.99999994
2025-08-01 09:36:56 AM,1001.5,0,0.0,287288745.99999994
2025-08-01 09:36:57 AM,1002.0,202,202404.0,287491149.99999994
2025-08-01 09:36:57 AM,1001.5,0,0.0,287491149.99999994
2025-08-01 09:36:58 AM,1001.5,480,480720.0,287971869.99999994
2025-08-01 09:36:58 AM,1001.5,25,25037.5,287996907.49999994
2025-08-01 09:36:59 AM,1001.5,108,108162.0,288105069.49999994
2025-08-01 09:37:00 AM,1001.5,56,56084.0,288161153.49999994
2025-08-01 09:37:00 AM,1001.35,0,0.0,288161153.49999994
2025-08-01 09:37:00 AM,1001.35,60,60081.0,288221234.49999994
2025-08-01 09:37:03 AM,1001.35,63,63085.05,288284319.54999995
2025-08-01 09:37:03 AM,1000.6,0,0.0,288284319.54999995
2025-08-01 09:37:04 AM,1000.6,500,500300.0,288784619.54999995
2025-08-01 09:37:04 AM,1001.3,20,20026.0,288804645.54999995
2025-08-01 09:37:04 AM,1001.4,0,0.0,288804645.54999995
2025-08-01 09:37:05 AM,1001.4,3,3004.2,288807649.74999994
2025-08-01 09:37:07 AM,1001.4,1,1001.4,288808651.1499999
2025-08-01 09:37:07 AM,1000.85,0,0.0,288808651.1499999
2025-08-01 09:37:08 AM,1000.85,10,10008.5,288818659.6499999
2025-08-01 09:37:10 AM,1001.1,87,87095.7,288905755.3499999
2025-08-01 09:37:11 AM,1000.65,50,50032.5,288955787.8499999
2025-08-01 09:37:14 AM,1000.85,3,3002.55,288958790.3999999
2025-08-01 09:37:15 AM,1000.6,0,0.0,288958790.3999999
2025-08-01 09:37:15 AM,1000.6,1062,1062637.2,290021427.5999999
2025-08-01 09:37:16 AM,1000.85,0,0.0,290021427.5999999
2025-08-01 09:37:17 AM,1000.85,6,6005.1,290027432.6999999
2025-08-01 09:37:17 AM,1000.5,31,31015.5,290058448.1999999
2025-08-01 09:37:17 AM,1000.45,0,0.0,290058448.1999999
2025-08-01 09:37:18 AM,1001.0,600,600600.0,290659048.1999999
2025-08-01 09:37:18 AM,1000.8,0,0.0,290659048.1999999
2025-08-01 09:37:19 AM,1000.8,30,30024.0,290689072.1999999
2025-08-01 09:37:20 AM,1000.75,0,0.0,290689072.1999999
2025-08-01 09:37:20 AM,1001.0,2207,2209207.0,292898279.1999999
2025-08-01 09:37:20 AM,1000.6,0,0.0,292898279.1999999
2025-08-01 09:37:21 AM,1000.3,0,0.0,292898279.1999999
2025-08-01 09:37:21 AM,1000.3,69,69020.7,292967299.8999999
2025-08-01 09:37:22 AM,1000.65,0,0.0,292967299.8999999
2025-08-01 09:37:22 AM,1000.85,64,64054.4,293031354.2999999
2025-08-01 09:37:22 AM,1001.25,2,2002.5,293033356.7999999
2025-08-01 09:37:23 AM,1000.7,0,0.0,293033356.7999999
2025-08-01 09:37:23 AM,1000.95,15,15014.25,293048371.0499999
2025-08-01 09:37:24 AM,1001.0,600,600600.0,293648971.0499999
2025-08-01 09:37:24 AM,1000.95,0,0.0,293648971.0499999
2025-08-01 09:37:25 AM,1001.15,191,191219.65,293840190.69999987
2025-08-01 09:37:25 AM,1001.25,5,5006.25,293845196.94999987
2025-08-01 09:37:26 AM,1001.35,0,0.0,293845196.94999987
2025-08-01 09:37:26 AM,1001.35,1,1001.35,293846198.2999999
2025-08-01 09:37:27 AM,1001.35,3,3004.05,293849202.3499999
2025-08-01 09:37:28 AM,1000.8,240,240192.0,294089394.3499999
2025-08-01 09:37:29 AM,1000.95,1,1000.95,294090395.2999999
2025-08-01 09:37:30 AM,1001.05,281,281295.05,294371690.3499999
2025-08-01 09:37:30 AM,1001.4,150,150210.0,294521900.3499999
2025-08-01 09:37:31 AM,1001.4,20,20028.0,294541928.3499999
2025-08-01 09:37:31 AM,1001.4,10,10014.0,294551942.3499999
2025-08-01 09:37:32 AM,1001.5,0,0.0,294551942.3499999
2025-08-01 09:37:32 AM,1001.5,110,110165.0,294662107.3499999
2025-08-01 09:37:32 AM,1001.2,0,0.0,294662107.3499999
2025-08-01 09:37:33 AM,1001.2,31,31037.2,294693144.5499999
2025-08-01 09:37:36 AM,1001.5,5,5007.5,294698152.0499999
2025-08-01 09:37:36 AM,1001.5,5,5007.5,294703159.5499999
2025-08-01 09:37:36 AM,1001.3,0,0.0,294703159.5499999
2025-08-01 09:37:37 AM,1001.9,0,0.0,294703159.5499999
2025-08-01 09:37:37 AM,1001.5,1768,1770652.0,296473811.5499999
2025-08-01 09:37:39 AM,1002.0,1910,1913820.0,298387631.5499999
2025-08-01 09:37:39 AM,1002.0,550,551100.0,298938731.5499999
2025-08-01 09:37:41 AM,1001.8,38,38068.4,298976799.94999987
2025-08-01 09:37:42 AM,1001.75,40,40070.0,299016869.94999987
2025-08-01 09:37:43 AM,1001.5,0,0.0,299016869.94999987
2025-08-01 09:37:43 AM,1001.5,25,25037.5,299041907.44999987
2025-08-01 09:37:43 AM,1002.0,5,5010.0,299046917.44999987
2025-08-01 09:37:44 AM,1002.0,30,30060.0,299076977.44999987
2025-08-01 09:37:45 AM,1001.65,128,128211.2,299205188.64999986
2025-08-01 09:37:45 AM,1002.3,0,0.0,299205188.64999986
2025-08-01 09:37:46 AM,1001.65,0,0.0,299205188.64999986
2025-08-01 09:37:46 AM,1001.65,150,150247.5,299355436.14999986
2025-08-01 09:37:46 AM,1001.65,20,20033.0,299375469.14999986
2025-08-01 09:37:46 AM,1002.0,0,0.0,299375469.14999986
2025-08-01 09:37:47 AM,1002.0,36,36072.0,299411541.14999986
2025-08-01 09:37:47 AM,1001.85,140,140259.0,299551800.14999986
2025-08-01 09:37:50 AM,1001.5,120,120180.0,299671980.14999986
2025-08-01 09:37:52 AM,1001.8,35,35063.0,299707043.14999986
2025-08-01 09:37:54 AM,1001.65,0,0.0,299707043.14999986
2025-08-01 09:37:54 AM,1001.65,3,3004.95,299710048.09999985
2025-08-01 09:37:54 AM,1000.65,583,583378.95,300293427.04999983
2025-08-01 09:37:57 AM,1001.35,199,199268.65,300492695.6999998
2025-08-01 09:37:57 AM,1001.2,0,0.0,300492695.6999998
2025-08-01 09:37:57 AM,1001.2,14,14016.800000000001,300506712.4999998
2025-08-01 09:37:58 AM,1001.0,0,0.0,300506712.4999998
2025-08-01 09:37:59 AM,1001.0,6,6006.0,300512718.4999998
2025-08-01 09:37:59 AM,1000.8,0,0.0,300512718.4999998
2025-08-01 09:38:00 AM,1001.1,0,0.0,300512718.4999998
2025-08-01 09:38:00 AM,1001.1,10,10011.0,300522729.4999998
2025-08-01 09:38:00 AM,1001.0,0,0.0,300522729.4999998
2025-08-01 09:38:01 AM,1000.9,0,0.0,300522729.4999998
2025-08-01 09:38:01 AM,1000.8,0,0.0,300522729.4999998
2025-08-01 09:38:01 AM,1000.8,71,71056.8,300593786.29999983
2025-08-01 09:38:02 AM,1000.8,35,35028.0,300628814.29999983
2025-08-01 09:38:03 AM,1001.0,10,10010.0,300638824.29999983
2025-08-01 09:38:06 AM,1001.0,97,97097.0,300735921.29999983
2025-08-01 09:38:07 AM,1001.0,4,4004.0,300739925.29999983
2025-08-01 09:38:07 AM,1001.4,0,0.0,300739925.29999983
2025-08-01 09:38:07 AM,1001.4,300,300420.0,301040345.29999983
2025-08-01 09:38:08 AM,1001.4,120,120168.0,301160513.29999983
2025-08-01 09:38:09 AM,1001.8,9,9016.199999999999,301169529.4999998
2025-08-01 09:38:10 AM,1001.4,1,1001.4,301170530.8999998
2025-08-01 09:38:10 AM,1001.2,5,5006.0,301175536.8999998
2025-08-01 09:38:11 AM,1001.75,20,20035.0,301195571.8999998
2025-08-01 09:38:11 AM,1001.35,69,69093.15000000001,301264665.0499998
2025-08-01 09:38:12 AM,1001.8,18,18032.399999999998,301282697.44999975
2025-08-01 09:38:12 AM,1001.35,5,5006.75,301287704.19999975
2025-08-01 09:38:13 AM,1001.8,2,2003.6,301289707.7999998
2025-08-01 09:38:15 AM,1001.05,300,300315.0,301590022.7999998
2025-08-01 09:38:17 AM,1001.65,4,4006.6,301594029.3999998
2025-08-01 09:38:17 AM,1001.2,0,0.0,301594029.3999998
2025-08-01 09:38:18 AM,1001.2,20,20024.0,301614053.3999998
2025-08-01 09:38:19 AM,1001.2,100,100120.0,301714173.3999998
2025-08-01 09:38:20 AM,1001.25,10,10012.5,301724185.8999998
2025-08-01 09:38:20 AM,1001.25,47,47058.75,301771244.6499998
2025-08-01 09:38:22 AM,1001.5,0,0.0,301771244.6499998
2025-08-01 09:38:22 AM,1001.85,897,898659.4500000001,302669904.0999998
2025-08-01 09:38:24 AM,1001.9,100,100190.0,302770094.0999998
2025-08-01 09:38:24 AM,1002.0,40,40080.0,302810174.0999998
2025-08-01 09:38:24 AM,1001.85,0,0.0,302810174.0999998
2025-08-01 09:38:25 AM,1001.85,25,25046.25,302835220.3499998
2025-08-01 09:38:25 AM,1002.0,0,0.0,302835220.3499998
2025-08-01 09:38:26 AM,1001.75,0,0.0,302835220.3499998
2025-08-01 09:38:26 AM,1001.75,73,73127.75,302908348.0999998
2025-08-01 09:38:26 AM,1001.65,0,0.0,302908348.0999998
2025-08-01 09:38:27 AM,1001.65,100,100165.0,303008513.0999998
2025-08-01 09:38:27 AM,1001.55,0,0.0,303008513.0999998
2025-08-01 09:38:28 AM,1001.5,146,146219.0,303154732.0999998
2025-08-01 09:38:28 AM,1001.95,5,5009.75,303159741.8499998
2025-08-01 09:38:31 AM,1001.8,5,5009.0,303164750.8499998
2025-08-01 09:38:32 AM,1001.5,2,2003.0,303166753.8499998
2025-08-01 09:38:33 AM,1001.75,0,0.0,303166753.8499998
2025-08-01 09:38:34 AM,1001.75,10,10017.5,303176771.3499998
2025-08-01 09:38:34 AM,1001.55,16,16024.8,303192796.1499998
2025-08-01 09:38:35 AM,1001.55,8,8012.4,303200808.5499998
2025-08-01 09:38:36 AM,1001.55,31,31048.05,303231856.5999998
2025-08-01 09:38:36 AM,1001.5,38,38057.0,303269913.5999998
2025-08-01 09:38:37 AM,1001.35,65,65087.75,303335001.3499998
2025-08-01 09:38:37 AM,1001.5,26,26039.0,303361040.3499998
2025-08-01 09:38:39 AM,1001.5,100,100150.0,303461190.3499998
2025-08-01 09:38:40 AM,1001.25,0,0.0,303461190.3499998
2025-08-01 09:38:41 AM,1001.25,1,1001.25,303462191.5999998
2025-08-01 09:38:41 AM,1001.5,0,0.0,303462191.5999998
2025-08-01 09:38:42 AM,1001.5,650,650975.0,304113166.5999998
2025-08-01 09:38:43 AM,1001.5,1,1001.5,304114168.0999998
2025-08-01 09:38:44 AM,1001.0,210,210210.0,304324378.0999998
2025-08-01 09:38:45 AM,1001.0,2,2002.0,304326380.0999998
2025-08-01 09:38:45 AM,1001.45,400,400580.0,304726960.0999998
2025-08-01 09:38:46 AM,1001.05,100,100105.0,304827065.0999998
2025-08-01 09:38:46 AM,1001.5,0,0.0,304827065.0999998
2025-08-01 09:38:47 AM,1001.5,1,1001.5,304828066.5999998
2025-08-01 09:38:47 AM,1001.0,0,0.0,304828066.5999998
2025-08-01 09:38:48 AM,1001.5,0,0.0,304828066.5999998
2025-08-01 09:38:48 AM,1001.0,231,231231.0,305059297.5999998
2025-08-01 09:38:48 AM,1001.0,100,100100.0,305159397.5999998
2025-08-01 09:38:50 AM,1001.45,100,100145.0,305259542.5999998
2025-08-01 09:38:50 AM,1001.3,5,5006.5,305264549.0999998
2025-08-01 09:38:51 AM,1001.5,0,0.0,305264549.0999998
2025-08-01 09:38:52 AM,1001.3,5,5006.5,305269555.5999998
2025-08-01 09:38:55 AM,1001.3,70,70091.0,305339646.5999998
2025-08-01 09:38:55 AM,1001.65,0,0.0,305339646.5999998
2025-08-01 09:38:56 AM,1001.65,100,100165.0,305439811.5999998
2025-08-01 09:38:56 AM,1001.7,0,0.0,305439811.5999998
2025-08-01 09:38:57 AM,1001.7,3,3005.1000000000004,305442816.6999998
2025-08-01 09:38:57 AM,1001.3,20,20026.0,305462842.6999998
2025-08-01 09:38:58 AM,1002.3,0,0.0,305462842.6999998
2025-08-01 09:38:59 AM,1002.3,2338,2343377.4,307806220.0999998
2025-08-01 09:39:00 AM,1002.3,25,25057.5,307831277.5999998
2025-08-01 09:39:04 AM,1002.1,339,339711.9,308170989.49999976
2025-08-01 09:39:05 AM,1002.5,0,0.0,308170989.49999976
2025-08-01 09:39:10 AM,1001.05,0,0.0,308170989.49999976
2025-08-01 09:39:11 AM,1001.05,390,390409.5,308561398.99999976
2025-08-01 09:39:18 AM,1001.4,145,145203.0,308706601.99999976
2025-08-01 09:39:18 AM,1001.0,450,450450.0,309157051.99999976
2025-08-01 09:39:20 AM,1000.8,0,0.0,309157051.99999976
2025-08-01 09:39:25 AM,1001.0,981,981981.0,310139032.99999976
2025-08-01 09:39:28 AM,1001.85,0,0.0,310139032.99999976
2025-08-01 09:39:31 AM,1001.7,202,202343.40000000002,310341376.39999974
2025-08-01 09:39:34 AM,1001.8,0,0.0,310341376.39999974
2025-08-01 09:39:36 AM,1001.65,0,0.0,310341376.39999974
2025-08-01 09:39:38 AM,1001.8,599,600078.2,310941454.5999997
2025-08-01 09:39:40 AM,1001.25,0,0.0,310941454.5999997
2025-08-01 09:39:44 AM,1001.1,78,78085.8,311019540.39999974
2025-08-01 09:39:45 AM,1001.8,250,250450.0,311269990.39999974
2025-08-01 09:39:51 AM,1001.8,71,71127.8,311341118.19999975
2025-08-01 09:39:52 AM,1001.8,1,1001.8,311342119.99999976
2025-08-01 09:39:58 AM,1001.65,1423,1425347.95,312767467.94999975
2025-08-01 09:39:58 AM,1001.65,1,1001.65,312768469.5999997
2025-08-01 09:40:00 AM,1001.75,0,0.0,312768469.5999997
2025-08-01 09:40:02 AM,1001.3,0,0.0,312768469.5999997
2025-08-01 09:40:04 AM,1001.25,67,67083.75,312835553.3499997
2025-08-01 09:40:04 AM,1001.5,0,0.0,312835553.3499997
2025-08-01 09:40:05 AM,1001.5,10,10015.0,312845568.3499997
2025-08-01 09:40:11 AM,1001.25,221,221276.25,313066844.5999997
2025-08-01 09:40:12 AM,1001.5,0,0.0,313066844.5999997
2025-08-01 09:40:15 AM,1001.2,0,0.0,313066844.5999997
2025-08-01 09:40:16 AM,1001.35,0,0.0,313066844.5999997
2025-08-01 09:40:17 AM,1001.5,522,522783.0,313589627.5999997
2025-08-01 09:40:19 AM,1002.0,0,0.0,313589627.5999997
2025-08-01 09:40:22 AM,1001.95,0,0.0,313589627.5999997
2025-08-01 09:40:24 AM,1001.95,1468,1470862.6,315060490.19999975
2025-08-01 09:40:25 AM,1001.9,15,15028.5,315075518.69999975
2025-08-01 09:40:29 AM,1002.0,0,0.0,315075518.69999975
2025-08-01 09:40:30 AM,1001.75,81,81141.75,315156660.44999975
2025-08-01 09:40:31 AM,1002.2,50,50110.0,315206770.44999975
2025-08-01 09:40:32 AM,1002.3,0,0.0,315206770.44999975
2025-08-01 09:40:35 AM,1002.2,0,0.0,315206770.44999975
2025-08-01 09:40:37 AM,1001.7,1188,1190019.6,316396790.0499998
2025-08-01 09:40:40 AM,1002.6,0,0.0,316396790.0499998
2025-08-01 09:40:44 AM,1002.4,2080,2084992.0,318481782.0499998
2025-08-01 09:40:44 AM,1002.25,190,190427.5,318672209.5499998
2025-08-01 09:40:48 AM,1003.9,0,0.0,318672209.5499998
2025-08-01 09:40:50 AM,1004.0,4557,4575228.0,323247437.5499998
2025-08-01 09:40:51 AM,1003.6,152,152547.2,323399984.74999976
2025-08-01 09:40:53 AM,1003.8,0,0.0,323399984.74999976
2025-08-01 09:40:57 AM,1003.6,3356,3368081.6,326768066.3499998
2025-08-01 09:40:57 AM,1003.6,50,50180.0,326818246.3499998
2025-08-01 09:40:58 AM,1003.9,0,0.0,326818246.3499998
2025-08-01 09:41:03 AM,1003.6,555,556998.0,327375244.3499998
2025-08-01 09:41:04 AM,1003.6,25,25090.0,327400334.3499998
2025-08-01 09:41:08 AM,1003.8,0,0.0,327400334.3499998
2025-08-01 09:41:08 AM,1003.9,0,0.0,327400334.3499998
2025-08-01 09:41:10 AM,1003.6,1728,1734220.8,329134555.1499998
2025-08-01 09:41:11 AM,1003.5,445,446557.5,329581112.6499998
2025-08-01 09:41:11 AM,1003.8,0,0.0,329581112.6499998
2025-08-01 09:41:15 AM,1003.75,0,0.0,329581112.6499998
2025-08-01 09:41:17 AM,1003.75,492,493845.0,330074957.6499998
2025-08-01 09:41:20 AM,1003.35,0,0.0,330074957.6499998
2025-08-01 09:41:23 AM,1004.05,2815,2826400.75,332901358.3999998
2025-08-01 09:41:24 AM,1003.9,100,100390.0,333001748.3999998
2025-08-01 09:41:27 AM,1004.8,0,0.0,333001748.3999998
2025-08-01 09:41:28 AM,1004.9,0,0.0,333001748.3999998
2025-08-01 09:41:30 AM,1005.85,14578,14663281.3,347665029.6999998
2025-08-01 09:41:31 AM,1006.5,515,518347.5,348183377.1999998
2025-08-01 09:41:35 AM,1006.85,0,0.0,348183377.1999998
2025-08-01 09:41:36 AM,1006.85,2221,2236213.85,350419591.04999983
2025-08-01 09:41:37 AM,1006.7,31,31207.7,350450798.7499998
2025-08-01 09:41:39 AM,1006.95,0,0.0,350450798.7499998
2025-08-01 09:41:43 AM,1006.65,3876,3901775.4,354352574.1499998
2025-08-01 09:41:44 AM,1006.8,1139,1146745.2,355499319.3499998
2025-08-01 09:41:47 AM,1006.75,0,0.0,355499319.3499998
2025-08-01 09:41:50 AM,1006.85,2199,2214063.15,357713382.49999976
2025-08-01 09:41:51 AM,1006.2,120,120744.0,357834126.49999976
2025-08-01 09:41:51 AM,1006.9,0,0.0,357834126.49999976
2025-08-01 09:41:52 AM,1006.3,0,0.0,357834126.49999976
2025-08-01 09:41:55 AM,1006.2,0,0.0,357834126.49999976
2025-08-01 09:41:56 AM,1006.6,805,810313.0,358644439.49999976
2025-08-01 09:41:57 AM,1006.65,516,519431.39999999997,359163870.89999974
2025-08-01 09:41:59 AM,1006.5,0,0.0,359163870.89999974
2025-08-01 09:42:00 AM,1005.85,502,504936.7,359668807.5999997
2025-08-01 09:42:01 AM,1006.0,228,229368.0,359898175.5999997
2025-08-01 09:42:02 AM,1006.0,6,6036.0,359904211.5999997
2025-08-01 09:42:03 AM,1006.0,110,110660.0,360014871.5999997
2025-08-01 09:42:05 AM,1005.55,0,0.0,360014871.5999997
2025-08-01 09:42:05 AM,1005.55,15,15083.25,360029954.8499997
2025-08-01 09:42:07 AM,1005.95,0,0.0,360029954.8499997
2025-08-01 09:42:08 AM,1005.95,1,1005.95,360030960.7999997
2025-08-01 09:42:08 AM,1005.5,254,255397.0,360286357.7999997
2025-08-01 09:42:08 AM,1006.0,0,0.0,360286357.7999997
2025-08-01 09:42:09 AM,1006.0,438,440628.0,360726985.7999997
2025-08-01 09:42:09 AM,1005.7,0,0.0,360726985.7999997
2025-08-01 09:42:10 AM,1005.85,0,0.0,360726985.7999997
2025-08-01 09:42:10 AM,1005.85,1359,1366950.1500000001,362093935.9499997
2025-08-01 09:42:10 AM,1006.0,100,100600.0,362194535.9499997
2025-08-01 09:42:11 AM,1006.5,200,201300.0,362395835.9499997
2025-08-01 09:42:11 AM,1005.95,0,0.0,362395835.9499997
2025-08-01 09:42:12 AM,1006.0,107,107642.0,362503477.9499997
2025-08-01 09:42:12 AM,1005.95,23,23136.850000000002,362526614.7999997
2025-08-01 09:42:13 AM,1005.95,52,52309.4,362578924.1999997
2025-08-01 09:42:13 AM,1006.25,91,91568.75,362670492.9499997
2025-08-01 09:42:14 AM,1005.9,0,0.0,362670492.9499997
2025-08-01 09:42:14 AM,1005.9,80,80472.0,362750964.9499997
2025-08-01 09:42:14 AM,1005.85,2,2011.7,362752976.6499997
2025-08-01 09:42:14 AM,1005.75,0,0.0,362752976.6499997
2025-08-01 09:42:15 AM,1005.75,20,20115.0,362773091.6499997
2025-08-01 09:42:16 AM,1006.1,50,50305.0,362823396.6499997
2025-08-01 09:42:16 AM,1006.0,0,0.0,362823396.6499997
2025-08-01 09:42:16 AM,1006.0,10,10060.0,362833456.6499997
2025-08-01 09:42:17 AM,1006.0,10,10060.0,362843516.6499997
2025-08-01 09:42:18 AM,1006.0,25,25150.0,362868666.6499997
2025-08-01 09:42:19 AM,1006.0,155,155930.0,363024596.6499997
2025-08-01 09:42:19 AM,1005.75,16,16092.0,363040688.6499997
2025-08-01 09:42:19 AM,1005.55,0,0.0,363040688.6499997
2025-08-01 09:42:20 AM,1005.4,205,206107.0,363246795.6499997
2025-08-01 09:42:20 AM,1005.3,0,0.0,363246795.6499997
2025-08-01 09:42:21 AM,1005.3,1,1005.3,363247800.9499997
2025-08-01 09:42:22 AM,1005.55,0,0.0,363247800.9499997
2025-08-01 09:42:23 AM,1005.55,547,550035.85,363797836.7999997
2025-08-01 09:42:24 AM,1005.55,15,15083.25,363812920.0499997
2025-08-01 09:42:26 AM,1005.75,0,0.0,363812920.0499997
2025-08-01 09:42:26 AM,1005.95,303,304802.85000000003,364117722.89999974
2025-08-01 09:42:27 AM,1005.75,0,0.0,364117722.89999974
2025-08-01 09:42:28 AM,1005.75,3,3017.25,364120740.14999974
2025-08-01 09:42:28 AM,1005.9,901,906315.9,365027056.0499997
2025-08-01 09:42:28 AM,1006.1,0,0.0,365027056.0499997
2025-08-01 09:42:29 AM,1006.1,35,35213.5,365062269.5499997
2025-08-01 09:42:29 AM,1006.1,5,5030.5,365067300.0499997
2025-08-01 09:42:30 AM,1006.5,74,74481.0,365141781.0499997
2025-08-01 09:42:30 AM,1006.1,0,0.0,365141781.0499997
2025-08-01 09:42:31 AM,1006.1,45,45274.5,365187055.5499997
2025-08-01 09:42:31 AM,1006.1,1,1006.1,365188061.64999974
2025-08-01 09:42:32 AM,1006.5,18,18117.0,365206178.64999974
2025-08-01 09:42:32 AM,1006.1,20,20122.0,365226300.64999974
2025-08-01 09:42:34 AM,1006.5,11,11071.5,365237372.14999974
2025-08-01 09:42:35 AM,1006.1,162,162988.2,365400360.3499997
2025-08-01 09:42:35 AM,1006.1,173,174055.30000000002,365574415.64999974
2025-08-01 09:42:36 AM,1006.5,14,14091.0,365588506.64999974
2025-08-01 09:42:38 AM,1006.1,0,0.0,365588506.64999974
2025-08-01 09:42:39 AM,1006.1,50,50305.0,365638811.64999974
2025-08-01 09:42:40 AM,1006.1,112,112683.2,365751494.8499997
2025-08-01 09:42:41 AM,1006.4,50,50320.0,365801814.8499997
2025-08-01 09:42:41 AM,1006.1,0,0.0,365801814.8499997
2025-08-01 09:42:42 AM,1006.1,2125,2137962.5,367939777.3499997
2025-08-01 09:42:44 AM,1006.1,120,120732.0,368060509.3499997
2025-08-01 09:42:44 AM,1006.45,1,1006.45,368061515.7999997
2025-08-01 09:42:44 AM,1006.1,0,0.0,368061515.7999997
2025-08-01 09:42:45 AM,1006.3,153,153963.9,368215479.6999997
2025-08-01 09:42:45 AM,1006.5,20,20130.0,368235609.6999997
2025-08-01 09:42:46 AM,1006.3,0,0.0,368235609.6999997
2025-08-01 09:42:46 AM,1006.3,72,72453.59999999999,368308063.2999997
2025-08-01 09:42:48 AM,1006.5,0,0.0,368308063.2999997
2025-08-01 09:42:48 AM,1006.5,14,14091.0,368322154.2999997
2025-08-01 09:42:49 AM,1006.2,0,0.0,368322154.2999997
2025-08-01 09:42:49 AM,1007.0,1038,1045266.0,369367420.2999997
2025-08-01 09:42:50 AM,1006.65,0,0.0,369367420.2999997
2025-08-01 09:42:50 AM,1006.65,111,111738.15,369479158.4499997
2025-08-01 09:42:52 AM,1006.65,130,130864.5,369610022.9499997
2025-08-01 09:42:52 AM,1007.0,10,10070.0,369620092.9499997
2025-08-01 09:42:52 AM,1006.65,0,0.0,369620092.9499997
2025-08-01 09:42:53 AM,1006.65,46,46305.9,369666398.84999967
2025-08-01 09:42:53 AM,1007.0,0,0.0,369666398.84999967
2025-08-01 09:42:54 AM,1006.65,235,236562.75,369902961.59999967
2025-08-01 09:42:54 AM,1006.65,58,58385.7,369961347.29999965
2025-08-01 09:42:55 AM,1007.25,0,0.0,369961347.29999965
2025-08-01 09:42:55 AM,1007.25,712,717162.0,370678509.29999965
2025-08-01 09:42:55 AM,1006.8,250,251700.0,370930209.29999965
2025-08-01 09:42:55 AM,1006.9,0,0.0,370930209.29999965
2025-08-01 09:42:56 AM,1007.35,0,0.0,370930209.29999965
2025-08-01 09:42:56 AM,1006.9,61,61420.9,370991630.19999963
2025-08-01 09:42:56 AM,1006.85,0,0.0,370991630.19999963
2025-08-01 09:42:57 AM,1006.85,500,503425.0,371495055.19999963
2025-08-01 09:42:58 AM,1007.0,14,14098.0,371509153.19999963
2025-08-01 09:42:59 AM,1007.0,3,3021.0,371512174.19999963
2025-08-01 09:43:00 AM,1006.6,0,0.0,371512174.19999963
2025-08-01 09:43:00 AM,1006.6,101,101666.6,371613840.79999965
2025-08-01 09:43:02 AM,1007.0,0,0.0,371613840.79999965
2025-08-01 09:43:02 AM,1007.0,50,50350.0,371664190.79999965
2025-08-01 09:43:02 AM,1006.95,3,3020.8500000000004,371667211.6499997
2025-08-01 09:43:03 AM,1006.95,1358,1367438.1,373034649.7499997
2025-08-01 09:43:03 AM,1007.05,0,0.0,373034649.7499997
2025-08-01 09:43:04 AM,1007.05,71,71500.55,373106150.2999997
2025-08-01 09:43:06 AM,1006.75,0,0.0,373106150.2999997
2025-08-01 09:43:06 AM,1007.15,0,0.0,373106150.2999997
2025-08-01 09:43:07 AM,1007.15,41,41293.15,373147443.4499997
2025-08-01 09:43:08 AM,1007.0,0,0.0,373147443.4499997
2025-08-01 09:43:08 AM,1006.65,32,32212.8,373179656.2499997
2025-08-01 09:43:09 AM,1006.65,88,88585.2,373268241.4499997
2025-08-01 09:43:10 AM,1007.0,0,0.0,373268241.4499997
2025-08-01 09:43:10 AM,1007.0,10,10070.0,373278311.4499997
2025-08-01 09:43:12 AM,1006.95,40,40278.0,373318589.4499997
2025-08-01 09:43:13 AM,1006.95,164,165139.80000000002,373483729.2499997
2025-08-01 09:43:14 AM,1006.7,0,0.0,373483729.2499997
2025-08-01 09:43:14 AM,1006.7,3197,3218419.9000000004,376702149.1499997
2025-08-01 09:43:16 AM,1006.9,99,99683.09999999999,376801832.2499997
2025-08-01 09:43:17 AM,1006.5,518,521367.0,377323199.2499997
2025-08-01 09:43:18 AM,1006.85,0,0.0,377323199.2499997
2025-08-01 09:43:19 AM,1006.85,3,3020.55,377326219.7999997
2025-08-01 09:43:20 AM,1006.1,123,123750.3,377449970.0999997
2025-08-01 09:43:21 AM,1006.25,0,0.0,377449970.0999997
2025-08-01 09:43:21 AM,1006.25,253,254581.25,377704551.3499997
2025-08-01 09:43:22 AM,1006.0,0,0.0,377704551.3499997
2025-08-01 09:43:22 AM,1005.9,922,927439.7999999999,378631991.14999974
2025-08-01 09:43:23 AM,1005.85,5,5029.25,378637020.39999974
2025-08-01 09:43:25 AM,1005.65,31,31175.149999999998,378668195.5499997
2025-08-01 09:43:29 AM,1006.1,804,808904.4,379477099.9499997
2025-08-01 09:43:30 AM,1005.65,0,0.0,379477099.9499997
2025-08-01 09:43:31 AM,1005.6,339,340898.4,379817998.34999967
2025-08-01 09:43:32 AM,1005.9,0,0.0,379817998.34999967
2025-08-01 09:43:32 AM,1005.6,6,6033.6,379824031.9499997
2025-08-01 09:43:33 AM,1005.6,50,50280.0,379874311.9499997
2025-08-01 09:43:34 AM,1006.15,0,0.0,379874311.9499997
2025-08-01 09:43:34 AM,1006.15,42,42258.299999999996,379916570.2499997
2025-08-01 09:43:35 AM,1006.15,140,140861.0,380057431.2499997
2025-08-01 09:43:38 AM,1005.5,0,0.0,380057431.2499997
2025-08-01 09:43:38 AM,1005.5,10,10055.0,380067486.2499997
2025-08-01 09:43:39 AM,1005.4,0,0.0,380067486.2499997
2025-08-01 09:43:39 AM,1005.4,213,214150.19999999998,380281636.4499997
2025-08-01 09:43:39 AM,1005.0,0,0.0,380281636.4499997
2025-08-01 09:43:40 AM,1005.45,1410,1417684.5,381699320.9499997
2025-08-01 09:43:41 AM,1005.5,0,0.0,381699320.9499997
2025-08-01 09:43:41 AM,1005.5,100,100550.0,381799870.9499997
2025-08-01 09:43:42 AM,1004.95,0,0.0,381799870.9499997
2025-08-01 09:43:42 AM,1004.95,25,25123.75,381824994.6999997
2025-08-01 09:43:42 AM,1005.25,0,0.0,381824994.6999997
2025-08-01 09:43:43 AM,1005.3,0,0.0,381824994.6999997
2025-08-01 09:43:43 AM,1005.5,968,973324.0,382798318.6999997
2025-08-01 09:43:44 AM,1005.6,0,0.0,382798318.6999997
2025-08-01 09:43:44 AM,1005.6,51,51285.6,382849604.2999997
2025-08-01 09:43:45 AM,1005.25,60,60315.0,382909919.2999997
2025-08-01 09:43:48 AM,1005.0,1,1005.0,382910924.2999997
2025-08-01 09:43:50 AM,1004.9,0,0.0,382910924.2999997
2025-08-01 09:43:50 AM,1004.9,55,55269.5,382966193.7999997
2025-08-01 09:43:50 AM,1005.3,0,0.0,382966193.7999997
2025-08-01 09:43:51 AM,1005.3,41,41217.299999999996,383007411.0999997
2025-08-01 09:43:53 AM,1005.05,0,0.0,383007411.0999997
2025-08-01 09:43:53 AM,1004.75,310,311472.5,383318883.5999997
2025-08-01 09:43:54 AM,1005.0,0,0.0,383318883.5999997
2025-08-01 09:43:55 AM,1005.0,75,75375.0,383394258.5999997
2025-08-01 09:43:56 AM,1005.4,0,0.0,383394258.5999997
2025-08-01 09:43:56 AM,1004.7,3010,3024147.0,386418405.5999997
2025-08-01 09:43:57 AM,1005.0,54,54270.0,386472675.5999997
2025-08-01 09:43:58 AM,1005.25,0,0.0,386472675.5999997
2025-08-01 09:43:59 AM,1005.25,20,20105.0,386492780.5999997
2025-08-01 09:43:59 AM,1005.25,695,698648.75,387191429.3499997
2025-08-01 09:44:01 AM,1005.5,0,0.0,387191429.3499997
2025-08-01 09:44:02 AM,1004.9,195,195955.5,387387384.8499997
2025-08-01 09:44:03 AM,1005.3,15,15079.5,387402464.3499997
2025-08-01 09:44:03 AM,1004.75,0,0.0,387402464.3499997
2025-08-01 09:44:04 AM,1004.75,201,201954.75,387604419.0999997
2025-08-01 09:44:05 AM,1004.75,50,50237.5,387654656.5999997
2025-08-01 09:44:06 AM,1004.5,0,0.0,387654656.5999997
2025-08-01 09:44:07 AM,1004.5,127,127571.5,387782228.0999997
2025-08-01 09:44:08 AM,1004.35,100,100435.0,387882663.0999997
2025-08-01 09:44:09 AM,1004.4,2,2008.8,387884671.89999974
2025-08-01 09:44:09 AM,1004.0,0,0.0,387884671.89999974
2025-08-01 09:44:10 AM,1004.0,25,25100.0,387909771.89999974
2025-08-01 09:44:10 AM,1004.1,71,71291.1,387981062.99999976
2025-08-01 09:44:11 AM,1003.6,191,191687.6,388172750.5999998
2025-08-01 09:44:13 AM,1004.05,1,1004.05,388173754.6499998
2025-08-01 09:44:14 AM,1004.4,6,6026.4,388179781.0499998
2025-08-01 09:44:15 AM,1003.6,40,40144.0,388219925.0499998
2025-08-01 09:44:15 AM,1003.85,1,1003.85,388220928.8999998
2025-08-01 09:44:16 AM,1003.75,0,0.0,388220928.8999998
2025-08-01 09:44:16 AM,1003.75,1,1003.75,388221932.6499998
2025-08-01 09:44:17 AM,1003.65,10,10036.5,388231969.1499998
2025-08-01 09:44:18 AM,1003.7,10,10037.0,388242006.1499998
2025-08-01 09:44:19 AM,1003.65,0,0.0,388242006.1499998
2025-08-01 09:44:20 AM,1003.65,100,100365.0,388342371.1499998
2025-08-01 09:44:20 AM,1003.7,185,185684.5,388528055.6499998
2025-08-01 09:44:21 AM,1003.5,28,28098.0,388556153.6499998
2025-08-01 09:44:21 AM,1003.55,10,10035.5,388566189.1499998
2025-08-01 09:44:24 AM,1003.2,44,44140.8,388610329.9499998
2025-08-01 09:44:26 AM,1003.1,86,86266.6,388696596.54999983
2025-08-01 09:44:26 AM,1003.0,25,25075.0,388721671.54999983
2025-08-01 09:44:28 AM,1003.0,178,178534.0,388900205.54999983
2025-08-01 09:44:29 AM,1003.0,296,296888.0,389197093.54999983
2025-08-01 09:44:30 AM,1002.6,25,25065.0,389222158.54999983
2025-08-01 09:44:30 AM,1002.85,50,50142.5,389272301.04999983
2025-08-01 09:44:31 AM,1002.9,190,190551.0,389462852.04999983
2025-08-01 09:44:32 AM,1002.35,0,0.0,389462852.04999983
2025-08-01 09:44:32 AM,1003.0,4020,4032060.0,393494912.04999983
2025-08-01 09:44:33 AM,1002.2,0,0.0,393494912.04999983
2025-08-01 09:44:34 AM,1002.65,0,0.0,393494912.04999983
2025-08-01 09:44:34 AM,1002.2,230,230506.0,393725418.04999983
2025-08-01 09:44:39 AM,1002.1,0,0.0,393725418.04999983
2025-08-01 09:44:39 AM,1002.1,17,17035.7,393742453.7499998
2025-08-01 09:44:40 AM,1002.0,200,200400.0,393942853.7499998
2025-08-01 09:44:40 AM,1002.2,0,0.0,393942853.7499998
2025-08-01 09:44:41 AM,1002.05,171,171350.55,394114204.29999983
2025-08-01 09:44:42 AM,1002.2,0,0.0,394114204.29999983
2025-08-01 09:44:42 AM,1002.2,25,25055.0,394139259.29999983
2025-08-01 09:44:45 AM,1002.2,62,62136.4,394201395.6999998
2025-08-01 09:44:49 AM,1002.0,0,0.0,394201395.6999998
2025-08-01 09:44:49 AM,1002.0,534,535068.0,394736463.6999998
2025-08-01 09:44:50 AM,1002.2,5,5011.0,394741474.6999998
2025-08-01 09:44:50 AM,1002.05,25,25051.25,394766525.9499998
2025-08-01 09:44:51 AM,1002.2,1,1002.2,394767528.1499998
2025-08-01 09:44:51 AM,1002.05,2,2004.1,394769532.2499998
2025-08-01 09:44:53 AM,1002.05,105,105215.25,394874747.4999998
2025-08-01 09:44:55 AM,1002.2,0,0.0,394874747.4999998
2025-08-01 09:44:56 AM,1002.2,2,2004.4,394876751.8999998
2025-08-01 09:44:56 AM,1002.2,3,3006.6000000000004,394879758.4999998
2025-08-01 09:44:57 AM,1002.05,0,0.0,394879758.4999998
2025-08-01 09:44:57 AM,1002.05,125,125256.25,395005014.7499998
2025-08-01 09:44:58 AM,1002.05,24,24049.199999999997,395029063.9499998
2025-08-01 09:44:59 AM,1002.2,0,0.0,395029063.9499998
2025-08-01 09:44:59 AM,1002.2,3,3006.6000000000004,395032070.54999983
2025-08-01 09:44:59 AM,1002.05,0,0.0,395032070.54999983
2025-08-01 09:45:00 AM,1002.05,10,10020.5,395042091.04999983
2025-08-01 09:45:00 AM,1002.2,1,1002.2,395043093.2499998
2025-08-01 09:45:01 AM,1002.3,219,219503.69999999998,395262596.9499998
2025-08-01 09:45:02 AM,1003.05,0,0.0,395262596.9499998
2025-08-01 09:45:02 AM,1003.25,514,515670.5,395778267.4499998
2025-08-01 09:45:04 AM,1003.35,25,25083.75,395803351.1999998
2025-08-01 09:45:04 AM,1002.8,0,0.0,395803351.1999998
2025-08-01 09:45:05 AM,1002.8,5,5014.0,395808365.1999998
2025-08-01 09:45:06 AM,1003.0,0,0.0,395808365.1999998
2025-08-01 09:45:07 AM,1003.0,38,38114.0,395846479.1999998
2025-08-01 09:45:07 AM,1002.85,0,0.0,395846479.1999998
2025-08-01 09:45:08 AM,1002.85,43,43122.55,395889601.7499998
2025-08-01 09:45:09 AM,1002.2,25,25055.0,395914656.7499998
2025-08-01 09:45:09 AM,1002.55,113,113288.15,396027944.8999998
2025-08-01 09:45:10 AM,1002.2,1,1002.2,396028947.0999998
2025-08-01 09:45:10 AM,1002.45,1,1002.45,396029949.5499998
2025-08-01 09:45:11 AM,1002.2,6,6013.200000000001,396035962.74999976
2025-08-01 09:45:11 AM,1002.45,9,9022.050000000001,396044984.7999998
2025-08-01 09:45:12 AM,1002.2,5,5011.0,396049995.7999998
2025-08-01 09:45:15 AM,1002.2,63,63138.600000000006,396113134.3999998
2025-08-01 09:45:15 AM,1002.2,20,20044.0,396133178.3999998
2025-08-01 09:45:16 AM,1002.2,1,1002.2,396134180.5999998
2025-08-01 09:45:18 AM,1001.9,0,0.0,396134180.5999998
2025-08-01 09:45:18 AM,1001.9,2969,2974641.1,399108821.6999998
2025-08-01 09:45:19 AM,1001.7,43,43073.1,399151894.79999983
2025-08-01 09:45:19 AM,1002.25,0,0.0,399151894.79999983
2025-08-01 09:45:19 AM,1002.25,480,481080.0,399632974.79999983
2025-08-01 09:45:20 AM,1001.75,0,0.0,399632974.79999983
2025-08-01 09:45:20 AM,1001.75,61,61106.75,399694081.54999983
2025-08-01 09:45:21 AM,1002.15,51,51109.65,399745191.1999998
2025-08-01 09:45:24 AM,1001.7,0,0.0,399745191.1999998
2025-08-01 09:45:25 AM,1002.0,175,175350.0,399920541.1999998
2025-08-01 09:45:25 AM,1001.65,0,0.0,399920541.1999998
2025-08-01 09:45:26 AM,1001.65,69,69113.84999999999,399989655.04999983
2025-08-01 09:45:26 AM,1002.0,0,0.0,399989655.04999983
2025-08-01 09:45:27 AM,1002.0,22,22044.0,400011699.04999983
2025-08-01 09:45:28 AM,1001.6,0,0.0,400011699.04999983
2025-08-01 09:45:28 AM,1001.6,2,2003.2,400013702.2499998
2025-08-01 09:45:29 AM,1002.15,10,10021.5,400023723.7499998
2025-08-01 09:45:30 AM,1001.6,25,25040.0,400048763.7499998
2025-08-01 09:45:31 AM,1001.4,0,0.0,400048763.7499998
2025-08-01 09:45:31 AM,1001.4,3017,3021223.8,403069987.54999983
2025-08-01 09:45:32 AM,1001.7,0,0.0,403069987.54999983
2025-08-01 09:45:32 AM,1001.7,35,35059.5,403105047.04999983
2025-08-01 09:45:35 AM,1000.9,405,405364.5,403510411.54999983
2025-08-01 09:45:35 AM,1001.15,26,26029.899999999998,403536441.4499998
2025-08-01 09:45:36 AM,1000.65,0,0.0,403536441.4499998
2025-08-01 09:45:37 AM,1001.1,0,0.0,403536441.4499998
2025-08-01 09:45:37 AM,1001.1,330,330363.0,403866804.4499998
2025-08-01 09:45:37 AM,1000.7,0,0.0,403866804.4499998
2025-08-01 09:45:38 AM,1001.5,180,180270.0,404047074.4499998
2025-08-01 09:45:38 AM,1001.35,0,0.0,404047074.4499998
2025-08-01 09:45:39 AM,1001.35,1,1001.35,404048075.79999983
2025-08-01 09:45:39 AM,1001.0,0,0.0,404048075.79999983
2025-08-01 09:45:40 AM,1001.0,110,110110.0,404158185.79999983
2025-08-01 09:45:40 AM,1000.9,0,0.0,404158185.79999983
2025-08-01 09:45:41 AM,1000.9,31,31027.899999999998,404189213.6999998
2025-08-01 09:45:42 AM,1001.4,0,0.0,404189213.6999998
2025-08-01 09:45:42 AM,1001.4,4,4005.6,404193219.29999983
2025-08-01 09:45:42 AM,1000.9,5,5004.5,404198223.79999983
2025-08-01 09:45:43 AM,1000.9,20,20018.0,404218241.79999983
2025-08-01 09:45:43 AM,1001.55,10,10015.5,404228257.29999983
2025-08-01 09:45:48 AM,1000.6,0,0.0,404228257.29999983
2025-08-01 09:45:49 AM,1000.6,270,270162.0,404498419.29999983
2025-08-01 09:45:52 AM,1001.0,0,0.0,404498419.29999983
2025-08-01 09:45:53 AM,1001.0,1,1001.0,404499420.29999983
2025-08-01 09:45:54 AM,1001.0,5,5005.0,404504425.29999983
2025-08-01 09:45:55 AM,1001.0,1,1001.0,404505426.29999983
2025-08-01 09:45:56 AM,1000.6,24,24014.4,404529440.6999998
2025-08-01 09:45:57 AM,1001.0,2,2002.0,404531442.6999998
2025-08-01 09:46:00 AM,1001.0,100,100100.0,404631542.6999998
2025-08-01 09:46:02 AM,1000.8,1,1000.8,404632543.4999998
2025-08-01 09:46:03 AM,1000.85,19,19016.15,404651559.6499998
2025-08-01 09:46:04 AM,1000.6,50,50030.0,404701589.6499998
2025-08-01 09:46:05 AM,1000.3,1843,1843552.9,406545142.5499998
2025-08-01 09:46:06 AM,999.9,1407,1406859.3,407952001.8499998
2025-08-01 09:46:08 AM,999.75,360,359910.0,408311911.8499998
2025-08-01 09:46:09 AM,999.25,30,29977.5,408341889.3499998
2025-08-01 09:46:10 AM,999.25,10,9992.5,408351881.8499998
2025-08-01 09:46:11 AM,999.9,19,18998.1,408370879.9499998
2025-08-01 09:46:11 AM,999.9,9,8999.1,408379879.04999983
2025-08-01 09:46:14 AM,999.95,12,11999.400000000001,408391878.4499998
2025-08-01 09:46:14 AM,999.75,0,0.0,408391878.4499998
2025-08-01 09:46:15 AM,999.75,190,189952.5,408581830.9499998
2025-08-01 09:46:15 AM,999.6,5,4998.0,408586828.9499998
2025-08-01 09:46:16 AM,999.65,0,0.0,408586828.9499998
2025-08-01 09:46:16 AM,999.5,22,21989.0,408608817.9499998
2025-08-01 09:46:17 AM,999.65,19,18993.35,408627811.29999983
2025-08-01 09:46:19 AM,999.55,12,11994.599999999999,408639805.89999986
2025-08-01 09:46:20 AM,999.5,28,27986.0,408667791.89999986
2025-08-01 09:46:21 AM,999.55,0,0.0,408667791.89999986
2025-08-01 09:46:22 AM,999.55,1,999.55,408668791.44999987
2025-08-01 09:46:23 AM,999.05,0,0.0,408668791.44999987
2025-08-01 09:46:23 AM,999.05,100,99905.0,408768696.44999987
2025-08-01 09:46:23 AM,999.45,100,99945.0,408868641.44999987
2025-08-01 09:46:23 AM,999.5,0,0.0,408868641.44999987
2025-08-01 09:46:24 AM,999.55,0,0.0,408868641.44999987
2025-08-01 09:46:24 AM,999.55,227,226897.84999999998,409095539.2999999
2025-08-01 09:46:25 AM,999.55,60,59973.0,409155512.2999999
2025-08-01 09:46:26 AM,999.4,151,150909.4,409306421.69999987
2025-08-01 09:46:28 AM,999.5,20,19990.0,409326411.69999987
2025-08-01 09:46:29 AM,999.5,10,9995.0,409336406.69999987
2025-08-01 09:46:29 AM,999.75,1,999.75,409337406.44999987
2025-08-01 09:46:29 AM,999.65,0,0.0,409337406.44999987
2025-08-01 09:46:30 AM,999.65,21,20992.649999999998,409358399.09999985
2025-08-01 09:46:34 AM,999.7,75,74977.5,409433376.59999985
2025-08-01 09:46:34 AM,999.25,0,0.0,409433376.59999985
2025-08-01 09:46:35 AM,999.25,193,192855.25,409626231.84999985
2025-08-01 09:46:37 AM,999.65,0,0.0,409626231.84999985
2025-08-01 09:46:38 AM,999.65,105,104963.25,409731195.09999985
2025-08-01 09:46:39 AM,999.65,12,11995.8,409743190.89999986
2025-08-01 09:46:40 AM,999.65,4,3998.6,409747189.4999999
2025-08-01 09:46:40 AM,999.7,185,184944.5,409932133.9999999
2025-08-01 09:46:41 AM,999.6,1,999.6,409933133.5999999
2025-08-01 09:46:41 AM,999.25,154,153884.5,410087018.0999999
2025-08-01 09:46:44 AM,999.15,200,199830.0,410286848.0999999
2025-08-01 09:46:44 AM,999.7,0,0.0,410286848.0999999
2025-08-01 09:46:45 AM,999.7,1,999.7,410287847.7999999
2025-08-01 09:46:45 AM,999.75,2,1999.5,410289847.2999999
2025-08-01 09:46:45 AM,999.5,0,0.0,410289847.2999999
2025-08-01 09:46:46 AM,999.9,508,507949.2,410797796.4999999
2025-08-01 09:46:47 AM,999.5,0,0.0,410797796.4999999
2025-08-01 09:46:48 AM,999.2,1477,1475818.4000000001,412273614.89999986
2025-08-01 09:46:49 AM,999.25,25,24981.25,412298596.14999986
2025-08-01 09:46:50 AM,999.25,50,49962.5,412348558.64999986
2025-08-01 09:46:50 AM,999.0,101,100899.0,412449457.64999986
2025-08-01 09:46:51 AM,999.0,50,49950.0,412499407.64999986
2025-08-01 09:46:54 AM,999.0,1,999.0,412500406.64999986
2025-08-01 09:46:54 AM,999.05,3,2997.1499999999996,412503403.79999983
2025-08-01 09:46:54 AM,999.1,0,0.0,412503403.79999983
2025-08-01 09:46:55 AM,999.0,0,0.0,412503403.79999983
2025-08-01 09:46:55 AM,999.0,69,68931.0,412572334.79999983
2025-08-01 09:46:57 AM,999.1,136,135877.6,412708212.39999986
2025-08-01 09:46:59 AM,999.8,0,0.0,412708212.39999986
2025-08-01 09:47:00 AM,999.8,12,11997.599999999999,412720209.9999999
2025-08-01 09:47:02 AM,999.65,1,999.65,412721209.64999986
2025-08-01 09:47:03 AM,999.3,0,0.0,412721209.64999986
2025-08-01 09:47:04 AM,999.3,25,24982.5,412746192.14999986
2025-08-01 09:47:07 AM,999.85,0,0.0,412746192.14999986
2025-08-01 09:47:08 AM,999.75,1026,1025743.5,413771935.64999986
2025-08-01 09:47:10 AM,999.35,21,20986.350000000002,413792921.9999999
2025-08-01 09:47:12 AM,999.5,0,0.0,413792921.9999999
2025-08-01 09:47:14 AM,999.3,1637,1635854.0999999999,415428776.0999999
2025-08-01 09:47:16 AM,999.5,130,129935.0,415558711.0999999
2025-08-01 09:47:16 AM,999.3,0,0.0,415558711.0999999
2025-08-01 09:47:19 AM,999.0,0,0.0,415558711.0999999
2025-08-01 09:47:20 AM,999.4,183,182890.19999999998,415741601.2999999
2025-08-01 09:47:20 AM,999.0,0,0.0,415741601.2999999
2025-08-01 09:47:22 AM,999.0,33,32967.0,415774568.2999999
2025-08-01 09:47:23 AM,999.3,0,0.0,415774568.2999999
2025-08-01 09:47:26 AM,999.0,176,175824.0,415950392.2999999
2025-08-01 09:47:29 AM,999.1,7106,7099604.600000001,423049996.8999999
2025-08-01 09:47:31 AM,999.0,0,0.0,423049996.8999999
2025-08-01 09:47:33 AM,998.5,333,332500.5,423382497.3999999
2025-08-01 09:47:33 AM,998.75,0,0.0,423382497.3999999
2025-08-01 09:47:35 AM,998.8,80,79904.0,423462401.3999999
2025-08-01 09:47:37 AM,999.0,0,0.0,423462401.3999999
2025-08-01 09:47:39 AM,999.15,0,0.0,423462401.3999999
2025-08-01 09:47:40 AM,999.15,154,153869.1,423616270.49999994
2025-08-01 09:47:44 AM,998.8,0,0.0,423616270.49999994
2025-08-01 09:47:46 AM,999.1,110,109901.0,423726171.49999994
2025-08-01 09:47:49 AM,1000.0,0,0.0,423726171.49999994
2025-08-01 09:47:49 AM,999.45,159,158912.55000000002,423885084.04999995
2025-08-01 09:47:53 AM,999.1,0,0.0,423885084.04999995
2025-08-01 09:47:53 AM,999.1,31,30972.100000000002,423916056.15
2025-08-01 09:47:54 AM,999.85,0,0.0,423916056.15
2025-08-01 09:47:56 AM,999.4,100,99940.0,424015996.15
2025-08-01 09:48:00 AM,999.4,70,69958.0,424085954.15
2025-08-01 09:48:01 AM,999.45,0,0.0,424085954.15
2025-08-01 09:48:01 AM,999.45,24,23986.800000000003,424109940.95
2025-08-01 09:48:02 AM,999.45,1,999.45,424110940.4
2025-08-01 09:48:02 AM,999.75,0,0.0,424110940.4
2025-08-01 09:48:03 AM,999.75,30,29992.5,424140932.9
2025-08-01 09:48:03 AM,999.8,300,299940.0,424440872.9
2025-08-01 09:48:03 AM,999.45,0,0.0,424440872.9
2025-08-01 09:48:04 AM,999.45,25,24986.25,424465859.15
2025-08-01 09:48:04 AM,999.5,0,0.0,424465859.15
2025-08-01 09:48:05 AM,999.65,0,0.0,424465859.15
2025-08-01 09:48:05 AM,999.65,101,100964.65,424566823.79999995
2025-08-01 09:48:06 AM,999.4,165,164901.0,424731724.79999995
2025-08-01 09:48:07 AM,999.4,6,5996.4,424737721.1999999
2025-08-01 09:48:07 AM,1000.0,15,15000.0,424752721.1999999
2025-08-01 09:48:07 AM,999.45,0,0.0,424752721.1999999
2025-08-01 09:48:08 AM,999.45,5,4997.25,424757718.4499999
2025-08-01 09:48:08 AM,1000.0,0,0.0,424757718.4499999
2025-08-01 09:48:09 AM,1000.0,1,1000.0,424758718.4499999
2025-08-01 09:48:11 AM,999.9,59,58994.1,424817712.54999995
2025-08-01 09:48:14 AM,1000.0,0,0.0,424817712.54999995
2025-08-01 09:48:14 AM,1000.0,20,20000.0,424837712.54999995
2025-08-01 09:48:15 AM,999.9,1,999.9,424838712.4499999
2025-08-01 09:48:16 AM,1000.0,0,0.0,424838712.4499999
2025-08-01 09:48:17 AM,1000.0,6,6000.0,424844712.4499999
2025-08-01 09:48:17 AM,1000.0,6,6000.0,424850712.4499999
2025-08-01 09:48:19 AM,1000.0,211,211000.0,425061712.4499999
2025-08-01 09:48:20 AM,1000.35,0,0.0,425061712.4499999
2025-08-01 09:48:21 AM,1000.0,0,0.0,425061712.4499999
2025-08-01 09:48:21 AM,1000.0,126,126000.0,425187712.4499999
2025-08-01 09:48:23 AM,999.7,0,0.0,425187712.4499999
2025-08-01 09:48:24 AM,999.7,536,535839.2000000001,425723551.6499999
2025-08-01 09:48:26 AM,1000.0,49,49000.0,425772551.6499999
2025-08-01 09:48:27 AM,1000.0,5,5000.0,425777551.6499999
2025-08-01 09:48:30 AM,1000.0,40,40000.0,425817551.6499999
2025-08-01 09:48:31 AM,1000.2,4,4000.8,425821552.4499999
2025-08-01 09:48:32 AM,1000.0,0,0.0,425821552.4499999
2025-08-01 09:48:32 AM,1000.0,18,18000.0,425839552.4499999
2025-08-01 09:48:35 AM,1000.3,90,90027.0,425929579.4499999
2025-08-01 09:48:38 AM,1000.6,0,0.0,425929579.4499999
2025-08-01 09:48:39 AM,1000.55,301,301165.55,426230744.99999994
2025-08-01 09:48:40 AM,1000.3,100,100030.0,426330774.99999994
2025-08-01 09:48:41 AM,1000.55,0,0.0,426330774.99999994
2025-08-01 09:48:42 AM,1000.55,1,1000.55,426331775.54999995
2025-08-01 09:48:42 AM,1000.3,85,85025.5,426416801.04999995
2025-08-01 09:48:43 AM,1000.65,100,100065.0,426516866.04999995
2025-08-01 09:48:44 AM,1000.65,114,114074.09999999999,426630940.15
2025-08-01 09:48:46 AM,1000.5,16,16008.0,426646948.15
2025-08-01 09:48:46 AM,1000.0,0,0.0,426646948.15
2025-08-01 09:48:47 AM,1000.25,0,0.0,426646948.15
2025-08-01 09:48:47 AM,1000.35,2338,2338818.3000000003,428985766.45
2025-08-01 09:48:49 AM,1000.35,2,2000.7,428987767.15
2025-08-01 09:48:50 AM,1000.35,1,1000.35,428988767.5
2025-08-01 09:48:54 AM,1000.35,3,3001.05,428991768.55
2025-08-01 09:48:55 AM,1000.35,100,100035.0,429091803.55
2025-08-01 09:48:58 AM,999.9,120,119988.0,429211791.55
2025-08-01 09:48:59 AM,1000.0,50,50000.0,429261791.55
2025-08-01 09:48:59 AM,1000.35,0,0.0,429261791.55
2025-08-01 09:49:00 AM,1000.35,10,10003.5,429271795.05
2025-08-01 09:49:04 AM,1000.7,21,21014.7,429292809.75
2025-08-01 09:49:06 AM,1000.7,100,100070.0,429392879.75
2025-08-01 09:49:10 AM,1000.75,40,40030.0,429432909.75
2025-08-01 09:49:13 AM,1001.0,217,217217.0,429650126.75
2025-08-01 09:49:14 AM,1001.8,0,0.0,429650126.75
2025-08-01 09:49:14 AM,1002.05,0,0.0,429650126.75
2025-08-01 09:49:16 AM,1002.05,713,714461.65,430364588.4
2025-08-01 09:49:21 AM,1002.15,0,0.0,430364588.4
2025-08-01 09:49:22 AM,1002.0,272,272544.0,430637132.4
2025-08-01 09:49:24 AM,1002.7,0,0.0,430637132.4
2025-08-01 09:49:25 AM,1002.45,2009,2013922.05,432651054.45
2025-08-01 09:49:27 AM,1002.55,0,0.0,432651054.45
2025-08-01 09:49:27 AM,1002.85,0,0.0,432651054.45
2025-08-01 09:49:28 AM,1002.55,617,618573.35,433269627.8
2025-08-01 09:49:30 AM,1002.45,0,0.0,433269627.8
2025-08-01 09:49:31 AM,1002.45,56,56137.200000000004,433325765.0
2025-08-01 09:49:35 AM,1002.6,10,10026.0,433335791.0
2025-08-01 09:49:36 AM,1002.5,0,0.0,433335791.0
2025-08-01 09:49:38 AM,1002.6,86,86223.6,433422014.6
2025-08-01 09:49:39 AM,1002.7,0,0.0,433422014.6
2025-08-01 09:49:41 AM,1002.4,182,182436.8,433604451.40000004
2025-08-01 09:49:42 AM,1002.35,0,0.0,433604451.40000004
2025-08-01 09:49:44 AM,1002.0,41,41082.0,433645533.40000004
2025-08-01 09:49:45 AM,1002.35,0,0.0,433645533.40000004
2025-08-01 09:49:48 AM,1002.4,0,0.0,433645533.40000004
2025-08-01 09:49:50 AM,1002.1,172,172361.2,433817894.6
2025-08-01 09:49:51 AM,1001.9,0,0.0,433817894.6
2025-08-01 09:49:54 AM,1001.85,244,244451.4,434062346.0
2025-08-01 09:49:56 AM,1001.5,0,0.0,434062346.0
2025-08-01 09:49:57 AM,1001.5,55,55082.5,434117428.5
2025-08-01 09:49:59 AM,1001.9,0,0.0,434117428.5
2025-08-01 09:49:59 AM,1001.1,0,0.0,434117428.5
2025-08-01 09:50:01 AM,1001.65,0,0.0,434117428.5
2025-08-01 09:50:01 AM,1001.65,12,12019.8,434129448.3
2025-08-01 09:50:01 AM,1001.1,20,20022.0,434149470.3
2025-08-01 09:50:03 AM,1001.45,0,0.0,434149470.3
2025-08-01 09:50:03 AM,1001.45,1,1001.45,434150471.75
2025-08-01 09:50:03 AM,1001.35,0,0.0,434150471.75
2025-08-01 09:50:04 AM,1001.35,3,3004.05,434153475.8
2025-08-01 09:50:05 AM,1000.9,0,0.0,434153475.8
2025-08-01 09:50:05 AM,1000.9,1,1000.9,434154476.7
2025-08-01 09:50:06 AM,1001.0,100,100100.0,434254576.7
2025-08-01 09:50:07 AM,1001.05,0,0.0,434254576.7
2025-08-01 09:50:07 AM,1001.05,3,3003.1499999999996,434257579.84999996
2025-08-01 09:50:09 AM,1001.05,25,25026.25,434282606.09999996
2025-08-01 09:50:10 AM,1001.05,4,4004.2,434286610.29999995
2025-08-01 09:50:10 AM,1001.3,34,34044.2,434320654.49999994
2025-08-01 09:50:11 AM,1000.9,4,4003.6,434324658.09999996
2025-08-01 09:50:12 AM,1000.9,28,28025.2,434352683.29999995
2025-08-01 09:50:13 AM,1001.15,15,15017.25,434367700.54999995
2025-08-01 09:50:14 AM,1001.3,263,263341.89999999997,434631042.4499999
2025-08-01 09:50:15 AM,1001.3,52,52067.6,434683110.04999995
2025-08-01 09:50:16 AM,1000.9,135,135121.5,434818231.54999995
2025-08-01 09:50:17 AM,1000.75,80,80060.0,434898291.54999995
2025-08-01 09:50:19 AM,1000.5,10,10005.0,434908296.54999995
2025-08-01 09:50:21 AM,1000.5,11,11005.5,434919302.04999995
2025-08-01 09:50:23 AM,1000.5,7,7003.5,434926305.54999995
2025-08-01 09:50:25 AM,1000.5,6,6003.0,434932308.54999995
2025-08-01 09:50:27 AM,1000.8,0,0.0,434932308.54999995
2025-08-01 09:50:27 AM,1001.05,26,26027.3,434958335.84999996
2025-08-01 09:50:27 AM,1001.15,0,0.0,434958335.84999996
2025-08-01 09:50:28 AM,1001.15,5,5005.75,434963341.59999996
2025-08-01 09:50:29 AM,1000.75,0,0.0,434963341.59999996
2025-08-01 09:50:30 AM,1000.75,26,26019.5,434989361.09999996
2025-08-01 09:50:30 AM,1000.6,0,0.0,434989361.09999996
2025-08-01 09:50:31 AM,1000.6,50,50030.0,435039391.09999996
2025-08-01 09:50:35 AM,1001.0,35,35035.0,435074426.09999996
2025-08-01 09:50:35 AM,1000.9,0,0.0,435074426.09999996
2025-08-01 09:50:36 AM,1001.0,0,0.0,435074426.09999996
2025-08-01 09:50:36 AM,1001.0,46,46046.0,435120472.09999996
2025-08-01 09:50:36 AM,1001.1,27,27029.7,435147501.79999995
2025-08-01 09:50:37 AM,1000.9,1,1000.9,435148502.6999999
2025-08-01 09:50:38 AM,1001.4,0,0.0,435148502.6999999
2025-08-01 09:50:38 AM,1001.4,25,25035.0,435173537.6999999
2025-08-01 09:50:42 AM,1001.35,0,0.0,435173537.6999999
2025-08-01 09:50:43 AM,1001.35,1,1001.35,435174539.04999995
2025-08-01 09:50:43 AM,1001.25,0,0.0,435174539.04999995
2025-08-01 09:50:44 AM,1001.25,40,40050.0,435214589.04999995
2025-08-01 09:50:46 AM,1000.65,0,0.0,435214589.04999995
2025-08-01 09:50:47 AM,1000.65,5,5003.25,435219592.29999995
2025-08-01 09:50:47 AM,1001.25,0,0.0,435219592.29999995
2025-08-01 09:50:48 AM,1001.25,25,25031.25,435244623.54999995
2025-08-01 09:50:49 AM,1001.35,100,100135.0,435344758.54999995
2025-08-01 09:50:49 AM,1000.9,0,0.0,435344758.54999995
2025-08-01 09:50:50 AM,1001.35,100,100135.0,435444893.54999995
2025-08-01 09:50:51 AM,1001.6,53,53084.8,435497978.34999996
2025-08-01 09:50:51 AM,1002.0,50,50100.0,435548078.34999996
2025-08-01 09:50:53 AM,1001.05,3000,3003150.0,438551228.34999996
2025-08-01 09:50:58 AM,1002.0,0,0.0,438551228.34999996
2025-08-01 09:50:58 AM,1002.0,1,1002.0,438552230.34999996
2025-08-01 09:50:59 AM,1002.0,60,60120.0,438612350.34999996
2025-08-01 09:51:01 AM,1002.15,0,0.0,438612350.34999996
2025-08-01 09:51:03 AM,1002.15,213,213457.94999999998,438825808.29999995
2025-08-01 09:51:05 AM,1002.8,0,0.0,438825808.29999995
2025-08-01 09:51:05 AM,1002.8,452,453265.6,439279073.9
2025-08-01 09:51:09 AM,1002.7,0,0.0,439279073.9
2025-08-01 09:51:10 AM,1002.7,154,154415.80000000002,439433489.7
2025-08-01 09:51:12 AM,1002.55,0,0.0,439433489.7
2025-08-01 09:51:12 AM,1002.55,351,351895.05,439785384.75
2025-08-01 09:51:13 AM,1002.8,0,0.0,439785384.75
2025-08-01 09:51:16 AM,1002.45,71,71173.95,439856558.7
2025-08-01 09:51:20 AM,1002.6,0,0.0,439856558.7
2025-08-01 09:51:21 AM,1002.8,0,0.0,439856558.7
2025-08-01 09:51:22 AM,1002.8,149,149417.19999999998,440005975.9
2025-08-01 09:51:25 AM,1002.65,0,0.0,440005975.9
2025-08-01 09:51:28 AM,1002.45,0,0.0,440005975.9
2025-08-01 09:51:29 AM,1002.45,685,686678.25,440692654.15
2025-08-01 09:51:30 AM,1002.8,0,0.0,440692654.15
2025-08-01 09:51:31 AM,1002.25,824,825854.0,441518508.15
2025-08-01 09:51:35 AM,1002.45,2,2004.9,441520513.04999995
2025-08-01 09:51:37 AM,1002.3,5,5011.5,441525524.54999995
2025-08-01 09:51:41 AM,1002.8,0,0.0,441525524.54999995
2025-08-01 09:51:41 AM,1002.45,1007,1009467.15,442534991.6999999
2025-08-01 09:51:42 AM,1001.9,0,0.0,442534991.6999999
2025-08-01 09:51:44 AM,1001.4,0,0.0,442534991.6999999
2025-08-01 09:51:44 AM,1001.4,1228,1229719.2,443764710.8999999
2025-08-01 09:51:45 AM,1001.75,0,0.0,443764710.8999999
2025-08-01 09:51:47 AM,1001.4,0,0.0,443764710.8999999
2025-08-01 09:51:48 AM,1001.65,104,104171.59999999999,443868882.49999994
2025-08-01 09:51:50 AM,1001.35,0,0.0,443868882.49999994
2025-08-01 09:51:50 AM,1001.35,452,452610.2,444321492.6999999
2025-08-01 09:51:51 AM,1000.6,0,0.0,444321492.6999999
2025-08-01 09:51:54 AM,1000.6,808,808484.8,445129977.49999994
2025-08-01 09:51:55 AM,1000.95,0,0.0,445129977.49999994
2025-08-01 09:51:56 AM,1000.6,80,80048.0,445210025.49999994
2025-08-01 09:51:57 AM,1001.0,0,0.0,445210025.49999994
2025-08-01 09:51:59 AM,1001.25,0,0.0,445210025.49999994
2025-08-01 09:52:00 AM,1001.25,696,696870.0,445906895.49999994
2025-08-01 09:52:02 AM,1001.2,0,0.0,445906895.49999994
2025-08-01 09:52:02 AM,1001.2,71,71085.2,445977980.6999999
2025-08-01 09:52:07 AM,1000.9,0,0.0,445977980.6999999
2025-08-01 09:52:08 AM,1000.6,21,21012.600000000002,445998993.29999995
2025-08-01 09:52:10 AM,1000.5,0,0.0,445998993.29999995
2025-08-01 09:52:12 AM,1001.15,158,158181.69999999998,446157174.99999994
2025-08-01 09:52:13 AM,1000.5,0,0.0,446157174.99999994
2025-08-01 09:52:14 AM,1000.5,40,40020.0,446197194.99999994
2025-08-01 09:52:18 AM,1001.15,11,11012.65,446208207.6499999
2025-08-01 09:52:19 AM,1000.75,0,0.0,446208207.6499999
2025-08-01 09:52:21 AM,1000.95,0,0.0,446208207.6499999
2025-08-01 09:52:21 AM,1000.95,75,75071.25,446283278.8999999
2025-08-01 09:52:22 AM,1000.85,0,0.0,446283278.8999999
2025-08-01 09:52:24 AM,1000.85,502,502426.7,446785705.5999999
2025-08-01 09:52:25 AM,1000.5,0,0.0,446785705.5999999
2025-08-01 09:52:27 AM,1000.2,276,276055.2,447061760.7999999
2025-08-01 09:52:30 AM,1000.85,10,10008.5,447071769.2999999
2025-08-01 09:52:33 AM,1000.85,10,10008.5,447081777.7999999
2025-08-01 09:52:34 AM,1000.3,0,0.0,447081777.7999999
2025-08-01 09:52:36 AM,1000.25,455,455113.75,447536891.5499999
2025-08-01 09:52:37 AM,1000.0,0,0.0,447536891.5499999
2025-08-01 09:52:39 AM,1000.0,5,5000.0,447541891.5499999
2025-08-01 09:52:42 AM,1000.25,5,5001.25,447546892.7999999
2025-08-01 09:52:43 AM,1000.0,0,0.0,447546892.7999999
2025-08-01 09:52:45 AM,1000.0,56,56000.0,447602892.7999999
2025-08-01 09:52:49 AM,1000.25,110,110027.5,447712920.2999999
2025-08-01 09:52:52 AM,1000.5,0,0.0,447712920.2999999
2025-08-01 09:52:55 AM,1000.35,0,0.0,447712920.2999999
2025-08-01 09:52:55 AM,1000.35,106,106037.1,447818957.3999999
2025-08-01 09:52:57 AM,1000.45,10,10004.5,447828961.8999999
2025-08-01 09:53:03 AM,1000.35,45,45015.75,447873977.6499999
2025-08-01 09:53:04 AM,1000.5,0,0.0,447873977.6499999
2025-08-01 09:53:04 AM,1000.5,100,100050.0,447974027.6499999
2025-08-01 09:53:11 AM,1000.45,0,0.0,447974027.6499999
2025-08-01 09:53:12 AM,1000.5,110,110055.0,448084082.6499999
2025-08-01 09:53:13 AM,1000.5,101,101050.5,448185133.1499999
2025-08-01 09:53:14 AM,1000.5,100,100050.0,448285183.1499999
2025-08-01 09:53:14 AM,999.85,0,0.0,448285183.1499999
2025-08-01 09:53:15 AM,999.85,323,322951.55,448608134.6999999
2025-08-01 09:53:15 AM,1000.0,5,5000.0,448613134.6999999
2025-08-01 09:53:17 AM,999.65,0,0.0,448613134.6999999
2025-08-01 09:53:17 AM,999.65,10,9996.5,448623131.1999999
2025-08-01 09:53:17 AM,1000.15,1,1000.15,448624131.3499999
2025-08-01 09:53:18 AM,999.65,21,20992.649999999998,448645123.9999999
2025-08-01 09:53:19 AM,999.65,203,202928.94999999998,448848052.94999987
2025-08-01 09:53:20 AM,999.75,17,16995.75,448865048.69999987
