date,price,qty,trnvr,cum_trnvr
2025-08-01 09:15:01 AM,1370.4,7211,9881954.4,9881954.4
2025-08-01 09:15:01 AM,1373.8,0,0.0,9881954.4
2025-08-01 09:15:01 AM,1373.8,211,289871.8,10171826.200000001
2025-08-01 09:15:02 AM,1372.7,2,2745.4,10174571.600000001
2025-08-01 09:15:02 AM,1372.8,94,129043.2,10303614.8
2025-08-01 09:15:03 AM,1371.1,27,37019.7,10340634.5
2025-08-01 09:15:03 AM,1372.8,0,0.0,10340634.5
2025-08-01 09:15:03 AM,1372.8,53,72758.4,10413392.9
2025-08-01 09:15:04 AM,1368.8,2818,3857278.4,14270671.3
2025-08-01 09:15:04 AM,1370.0,0,0.0,14270671.3
2025-08-01 09:15:05 AM,1368.6,1514,2072060.4,16342731.700000001
2025-08-01 09:15:06 AM,1368.7,902,1234567.4000000001,17577299.1
2025-08-01 09:15:06 AM,1367.3,0,0.0,17577299.1
2025-08-01 09:15:07 AM,1367.1,105,143545.5,17720844.6
2025-08-01 09:15:08 AM,1368.5,435,595297.5,18316142.1
2025-08-01 09:15:08 AM,1369.3,0,0.0,18316142.1
2025-08-01 09:15:09 AM,1367.8,517,707152.6,19023294.700000003
2025-08-01 09:15:10 AM,1367.1,505,690385.5,19713680.200000003
2025-08-01 09:15:10 AM,1367.2,0,0.0,19713680.200000003
2025-08-01 09:15:11 AM,1367.1,47,64253.7,19777933.900000002
2025-08-01 09:15:12 AM,1367.1,12,16405.199999999997,19794339.1
2025-08-01 09:15:13 AM,1368.2,105,143661.0,19938000.1
2025-08-01 09:15:13 AM,1368.2,21,28732.2,19966732.3
2025-08-01 09:15:13 AM,1367.3,0,0.0,19966732.3
2025-08-01 09:15:14 AM,1366.8,508,694334.4,20661066.7
2025-08-01 09:15:14 AM,1368.2,10,13682.0,20674748.7
2025-08-01 09:15:15 AM,1368.1,476,651215.6,21325964.3
2025-08-01 09:15:16 AM,1368.2,149,203861.80000000002,21529826.1
2025-08-01 09:15:16 AM,1367.5,0,0.0,21529826.1
2025-08-01 09:15:17 AM,1366.9,773,1056613.7000000002,22586439.8
2025-08-01 09:15:18 AM,1368.4,25,34210.0,22620649.8
2025-08-01 09:15:18 AM,1368.8,50,68440.0,22689089.8
2025-08-01 09:15:18 AM,1367.6,0,0.0,22689089.8
2025-08-01 09:15:19 AM,1368.6,62,84853.2,22773943.0
2025-08-01 09:15:20 AM,1367.6,0,0.0,22773943.0
2025-08-01 09:15:21 AM,1369.0,54,73926.0,22847869.0
2025-08-01 09:15:21 AM,1369.1,0,0.0,22847869.0
2025-08-01 09:15:22 AM,1369.7,1273,1743628.1,24591497.1
2025-08-01 09:15:22 AM,1370.7,0,0.0,24591497.1
2025-08-01 09:15:23 AM,1370.7,14,19189.8,24610686.900000002
2025-08-01 09:15:23 AM,1371.1,160,219376.0,24830062.900000002
2025-08-01 09:15:24 AM,1371.1,30,41133.0,24871195.900000002
2025-08-01 09:15:25 AM,1369.9,54,73974.6,24945170.500000004
2025-08-01 09:15:25 AM,1369.2,488,668169.6,25613340.100000005
2025-08-01 09:15:25 AM,1370.3,0,0.0,25613340.100000005
2025-08-01 09:15:26 AM,1370.3,18,24665.399999999998,25638005.500000004
2025-08-01 09:15:26 AM,1370.0,0,0.0,25638005.500000004
2025-08-01 09:15:27 AM,1370.0,3115,4267550.0,29905555.500000004
2025-08-01 09:15:28 AM,1369.1,0,0.0,29905555.500000004
2025-08-01 09:15:29 AM,1369.1,33,45180.299999999996,29950735.800000004
2025-08-01 09:15:30 AM,1370.0,99,135630.0,30086365.800000004
2025-08-01 09:15:31 AM,1369.9,1,1369.9,30087735.700000003
2025-08-01 09:15:32 AM,1370.0,0,0.0,30087735.700000003
2025-08-01 09:15:33 AM,1370.0,100,137000.0,30224735.700000003
2025-08-01 09:15:33 AM,1369.9,1,1369.9,30226105.6
2025-08-01 09:15:34 AM,1370.0,10,13700.0,30239805.6
2025-08-01 09:15:37 AM,1365.8,6065,8283577.0,38523382.6
2025-08-01 09:15:40 AM,1366.4,50,68320.0,38591702.6
2025-08-01 09:15:41 AM,1366.8,0,0.0,38591702.6
2025-08-01 09:15:42 AM,1366.8,342,467445.6,39059148.2
2025-08-01 09:15:42 AM,1366.7,0,0.0,39059148.2
2025-08-01 09:15:43 AM,1367.7,124,169594.80000000002,39228743.0
2025-08-01 09:15:44 AM,1366.7,12,16400.4,39245143.4
2025-08-01 09:15:45 AM,1366.3,200,273260.0,39518403.4
2025-08-01 09:15:46 AM,1366.4,12,16396.800000000003,39534800.199999996
2025-08-01 09:15:46 AM,1367.1,0,0.0,39534800.199999996
2025-08-01 09:15:47 AM,1367.1,20,27342.0,39562142.199999996
2025-08-01 09:15:48 AM,1366.5,12,16398.0,39578540.199999996
2025-08-01 09:15:50 AM,1367.6,162,221551.19999999998,39800091.4
2025-08-01 09:15:51 AM,1367.9,1,1367.9,39801459.3
2025-08-01 09:15:53 AM,1369.1,48,65716.79999999999,39867176.099999994
2025-08-01 09:15:54 AM,1367.8,12,16413.6,39883589.699999996
2025-08-01 09:15:55 AM,1368.1,0,0.0,39883589.699999996
2025-08-01 09:15:55 AM,1368.6,0,0.0,39883589.699999996
2025-08-01 09:15:56 AM,1368.6,327,447532.19999999995,40331121.9
2025-08-01 09:15:57 AM,1368.7,0,0.0,40331121.9
2025-08-01 09:15:58 AM,1368.7,100,136870.0,40467991.9
2025-08-01 09:16:02 AM,1367.8,248,339214.39999999997,40807206.3
2025-08-01 09:16:03 AM,1369.0,603,825507.0,41632713.3
2025-08-01 09:16:04 AM,1368.7,0,0.0,41632713.3
2025-08-01 09:16:05 AM,1368.7,10,13687.0,41646400.3
2025-08-01 09:16:07 AM,1368.2,57,77987.40000000001,41724387.699999996
2025-08-01 09:16:07 AM,1367.6,0,0.0,41724387.699999996
2025-08-01 09:16:08 AM,1367.3,115,157239.5,41881627.199999996
2025-08-01 09:16:08 AM,1367.0,50,68350.0,41949977.199999996
2025-08-01 09:16:08 AM,1367.2,0,0.0,41949977.199999996
2025-08-01 09:16:09 AM,1367.2,16,21875.2,41971852.4
2025-08-01 09:16:10 AM,1367.0,924,1263108.0,43234960.4
2025-08-01 09:16:12 AM,1367.6,63,86158.79999999999,43321119.199999996
2025-08-01 09:16:13 AM,1367.3,527,720567.1,44041686.3
2025-08-01 09:16:14 AM,1366.6,0,0.0,44041686.3
2025-08-01 09:16:14 AM,1367.0,29,39643.0,44081329.3
2025-08-01 09:16:16 AM,1367.2,47,64258.4,44145587.699999996
2025-08-01 09:16:16 AM,1368.2,0,0.0,44145587.699999996
2025-08-01 09:16:17 AM,1368.2,1,1368.2,44146955.9
2025-08-01 09:16:18 AM,1368.6,26,35583.6,44182539.5
2025-08-01 09:16:18 AM,1367.8,0,0.0,44182539.5
2025-08-01 09:16:19 AM,1367.8,48,65654.4,44248193.9
2025-08-01 09:16:22 AM,1368.4,22,30104.800000000003,44278298.699999996
2025-08-01 09:16:24 AM,1368.1,22,30098.199999999997,44308396.9
2025-08-01 09:16:26 AM,1368.0,19,25992.0,44334388.9
2025-08-01 09:16:26 AM,1368.0,20,27360.0,44361748.9
2025-08-01 09:16:27 AM,1368.9,500,684450.0,45046198.9
2025-08-01 09:16:28 AM,1368.0,0,0.0,45046198.9
2025-08-01 09:16:28 AM,1368.0,20,27360.0,45073558.9
2025-08-01 09:16:33 AM,1368.2,0,0.0,45073558.9
2025-08-01 09:16:34 AM,1368.2,5,6841.0,45080399.9
2025-08-01 09:16:35 AM,1368.6,1,1368.6,45081768.5
2025-08-01 09:16:35 AM,1369.0,105,143745.0,45225513.5
2025-08-01 09:16:35 AM,1368.9,0,0.0,45225513.5
2025-08-01 09:16:36 AM,1368.9,5,6844.5,45232358.0
2025-08-01 09:16:37 AM,1368.0,203,277704.0,45510062.0
2025-08-01 09:16:39 AM,1368.1,57,77981.7,45588043.7
2025-08-01 09:16:40 AM,1368.5,0,0.0,45588043.7
2025-08-01 09:16:41 AM,1368.5,3,4105.5,45592149.2
2025-08-01 09:16:41 AM,1368.0,0,0.0,45592149.2
2025-08-01 09:16:42 AM,1368.0,20,27360.0,45619509.2
2025-08-01 09:16:43 AM,1369.0,0,0.0,45619509.2
2025-08-01 09:16:44 AM,1369.1,354,484661.39999999997,46104170.6
2025-08-01 09:16:46 AM,1368.7,0,0.0,46104170.6
2025-08-01 09:16:47 AM,1369.1,7,9583.699999999999,46113754.300000004
2025-08-01 09:16:47 AM,1369.1,1,1369.1,46115123.400000006
2025-08-01 09:16:49 AM,1369.1,130,177983.0,46293106.400000006
2025-08-01 09:16:50 AM,1369.5,500,684750.0,46977856.400000006
2025-08-01 09:16:54 AM,1369.5,39,53410.5,47031266.900000006
2025-08-01 09:16:54 AM,1369.5,10,13695.0,47044961.900000006
2025-08-01 09:16:54 AM,1369.4,0,0.0,47044961.900000006
2025-08-01 09:16:55 AM,1369.4,11,15063.400000000001,47060025.300000004
2025-08-01 09:16:56 AM,1369.1,605,828305.5,47888330.800000004
2025-08-01 09:16:56 AM,1369.3,0,0.0,47888330.800000004
2025-08-01 09:16:57 AM,1369.3,25,34232.5,47922563.300000004
2025-08-01 09:16:59 AM,1369.4,0,0.0,47922563.300000004
2025-08-01 09:17:00 AM,1368.5,7,9579.5,47932142.800000004
2025-08-01 09:17:00 AM,1369.1,0,0.0,47932142.800000004
2025-08-01 09:17:03 AM,1369.0,80,109520.0,48041662.800000004
2025-08-01 09:17:11 AM,1368.5,616,842996.0,48884658.800000004
2025-08-01 09:17:16 AM,1369.5,0,0.0,48884658.800000004
2025-08-01 09:17:19 AM,1369.3,102,139668.6,49024327.400000006
2025-08-01 09:17:23 AM,1369.0,0,0.0,49024327.400000006
2025-08-01 09:17:28 AM,1369.1,13,17798.3,49042125.7
2025-08-01 09:17:29 AM,1369.6,92,126003.2,49168128.900000006
2025-08-01 09:17:31 AM,1369.5,0,0.0,49168128.900000006
2025-08-01 09:17:33 AM,1369.0,0,0.0,49168128.900000006
2025-08-01 09:17:36 AM,1369.5,38,52041.0,49220169.900000006
2025-08-01 09:17:39 AM,1369.6,0,0.0,49220169.900000006
2025-08-01 09:17:41 AM,1369.7,0,0.0,49220169.900000006
2025-08-01 09:17:44 AM,1368.2,483,660840.6,49881010.50000001
2025-08-01 09:17:48 AM,1369.2,0,0.0,49881010.50000001
2025-08-01 09:17:50 AM,1368.8,0,0.0,49881010.50000001
2025-08-01 09:17:53 AM,1369.0,398,544862.0,50425872.50000001
2025-08-01 09:17:57 AM,1367.9,0,0.0,50425872.50000001
2025-08-01 09:17:59 AM,1368.4,0,0.0,50425872.50000001
2025-08-01 09:18:01 AM,1368.3,332,454275.6,50880148.10000001
2025-08-01 09:18:02 AM,1368.4,1,1368.4,50881516.50000001
2025-08-01 09:18:05 AM,1368.3,0,0.0,50881516.50000001
2025-08-01 09:18:07 AM,1369.2,0,0.0,50881516.50000001
2025-08-01 09:18:09 AM,1369.2,149,204010.80000000002,51085527.300000004
2025-08-01 09:18:10 AM,1368.9,50,68445.0,51153972.300000004
2025-08-01 09:18:13 AM,1369.5,0,0.0,51153972.300000004
2025-08-01 09:18:18 AM,1369.5,68,93126.0,51247098.300000004
2025-08-01 09:18:21 AM,1370.8,0,0.0,51247098.300000004
2025-08-01 09:18:26 AM,1371.1,2335,3201518.5,54448616.800000004
2025-08-01 09:18:34 AM,1370.8,423,579848.4,55028465.2
2025-08-01 09:18:35 AM,1370.3,34,46590.2,55075055.400000006
2025-08-01 09:18:37 AM,1371.0,0,0.0,55075055.400000006
2025-08-01 09:18:39 AM,1371.4,0,0.0,55075055.400000006
2025-08-01 09:18:42 AM,1371.6,501,687171.6,55762227.00000001
2025-08-01 09:18:47 AM,1371.4,0,0.0,55762227.00000001
2025-08-01 09:18:50 AM,1371.4,54,74055.6,55836282.60000001
2025-08-01 09:18:52 AM,1371.2,129,176884.80000000002,56013167.400000006
2025-08-01 09:18:58 AM,1370.8,500,685400.0,56698567.400000006
2025-08-01 09:19:03 AM,1370.5,0,0.0,56698567.400000006
2025-08-01 09:19:06 AM,1370.4,174,238449.6,56937017.00000001
2025-08-01 09:19:08 AM,1371.2,13,17825.600000000002,56954842.60000001
2025-08-01 09:19:15 AM,1371.2,51,69931.2,57024773.80000001
2025-08-01 09:19:16 AM,1371.2,6,8227.2,57033001.000000015
2025-08-01 09:19:23 AM,1371.6,32,43891.2,57076892.20000002
2025-08-01 09:19:23 AM,1371.8,0,0.0,57076892.20000002
2025-08-01 09:19:24 AM,1371.8,5,6859.0,57083751.20000002
2025-08-01 09:19:31 AM,1371.8,1,1371.8,57085123.000000015
2025-08-01 09:19:32 AM,1371.6,51,69951.59999999999,57155074.60000002
2025-08-01 09:19:39 AM,1371.8,336,460924.8,57615999.40000001
2025-08-01 09:19:40 AM,1371.8,5,6859.0,57622858.40000001
2025-08-01 09:19:46 AM,1372.0,0,0.0,57622858.40000001
2025-08-01 09:19:47 AM,1372.0,801,1098972.0,58721830.40000001
2025-08-01 09:19:49 AM,1372.0,25,34300.0,58756130.40000001
2025-08-01 09:19:55 AM,1372.2,13,17838.600000000002,58773969.000000015
2025-08-01 09:19:57 AM,1372.0,10,13720.0,58787689.000000015
2025-08-01 09:20:02 AM,1371.6,0,0.0,58787689.000000015
2025-08-01 09:20:03 AM,1371.6,14,19202.399999999998,58806891.40000001
2025-08-01 09:20:03 AM,1371.7,0,0.0,58806891.40000001
2025-08-01 09:20:04 AM,1371.9,262,359437.80000000005,59166329.20000001
2025-08-01 09:20:11 AM,1371.5,19,26058.5,59192387.70000001
2025-08-01 09:20:16 AM,1371.6,0,0.0,59192387.70000001
2025-08-01 09:20:19 AM,1371.6,11,15087.599999999999,59207475.30000001
2025-08-01 09:20:19 AM,1371.9,0,0.0,59207475.30000001
2025-08-01 09:20:20 AM,1371.9,50,68595.0,59276070.30000001
2025-08-01 09:20:23 AM,1371.5,0,0.0,59276070.30000001
2025-08-01 09:20:27 AM,1371.9,306,419801.4,59695871.70000001
2025-08-01 09:20:28 AM,1371.9,10,13719.0,59709590.70000001
2025-08-01 09:20:34 AM,1371.5,6,8229.0,59717819.70000001
2025-08-01 09:20:36 AM,1371.5,347,475910.5,60193730.20000001
2025-08-01 09:20:41 AM,1371.7,0,0.0,60193730.20000001
2025-08-01 09:20:42 AM,1371.7,3,4115.1,60197845.30000001
2025-08-01 09:20:48 AM,1371.2,0,0.0,60197845.30000001
2025-08-01 09:20:50 AM,1371.7,999,1370328.3,61568173.60000001
2025-08-01 09:20:51 AM,1371.2,136,186483.2,61754656.80000001
2025-08-01 09:20:55 AM,1372.0,0,0.0,61754656.80000001
2025-08-01 09:20:58 AM,1372.2,1340,1838748.0,63593404.80000001
2025-08-01 09:21:02 AM,1372.6,0,0.0,63593404.80000001
2025-08-01 09:21:04 AM,1372.7,0,0.0,63593404.80000001
2025-08-01 09:21:05 AM,1372.7,565,775575.5,64368980.30000001
2025-08-01 09:21:16 AM,1373.6,0,0.0,64368980.30000001
2025-08-01 09:21:21 AM,1373.7,1122,1541291.4000000001,65910271.70000001
2025-08-01 09:21:29 AM,1373.7,216,296719.2,66206990.90000001
2025-08-01 09:21:36 AM,1374.2,0,0.0,66206990.90000001
2025-08-01 09:21:37 AM,1374.2,16,21987.2,66228978.10000002
2025-08-01 09:21:38 AM,1374.2,75,103065.0,66332043.10000002
2025-08-01 09:21:39 AM,1374.1,0,0.0,66332043.10000002
2025-08-01 09:21:42 AM,1374.4,0,0.0,66332043.10000002
2025-08-01 09:21:44 AM,1374.4,58,79715.20000000001,66411758.30000002
2025-08-01 09:21:45 AM,1374.1,0,0.0,66411758.30000002
2025-08-01 09:21:45 AM,1374.1,198,272071.8,66683830.10000002
2025-08-01 09:21:48 AM,1374.5,0,0.0,66683830.10000002
2025-08-01 09:21:52 AM,1374.5,210,288645.0,66972475.10000002
2025-08-01 09:21:55 AM,1374.9,0,0.0,66972475.10000002
2025-08-01 09:21:58 AM,1374.4,0,0.0,66972475.10000002
2025-08-01 09:22:00 AM,1374.4,266,365590.4,67338065.50000001
2025-08-01 09:22:01 AM,1374.9,6,8249.400000000001,67346314.90000002
2025-08-01 09:22:05 AM,1374.8,0,0.0,67346314.90000002
2025-08-01 09:22:07 AM,1374.9,245,336850.5,67683165.40000002
2025-08-01 09:22:12 AM,1374.8,0,0.0,67683165.40000002
2025-08-01 09:22:15 AM,1374.5,561,771094.5,68454259.90000002
2025-08-01 09:22:19 AM,1373.8,0,0.0,68454259.90000002
2025-08-01 09:22:23 AM,1373.7,152,208802.4,68663062.30000003
2025-08-01 09:22:24 AM,1373.6,1705,2341988.0,71005050.30000003
2025-08-01 09:22:30 AM,1373.6,6,8241.599999999999,71013291.90000002
2025-08-01 09:22:38 AM,1373.8,21,28849.8,71042141.70000002
2025-08-01 09:22:39 AM,1373.6,85,116755.99999999999,71158897.70000002
2025-08-01 09:22:45 AM,1374.2,115,158033.0,71316930.70000002
2025-08-01 09:22:46 AM,1374.1,0,0.0,71316930.70000002
2025-08-01 09:22:47 AM,1374.1,2,2748.2,71319678.90000002
2025-08-01 09:22:51 AM,1374.0,0,0.0,71319678.90000002
2025-08-01 09:22:52 AM,1373.9,0,0.0,71319678.90000002
2025-08-01 09:22:53 AM,1374.0,108,148392.0,71468070.90000002
2025-08-01 09:22:55 AM,1373.4,155,212877.0,71680947.90000002
2025-08-01 09:22:57 AM,1374.0,0,0.0,71680947.90000002
2025-08-01 09:23:00 AM,1374.0,79,108546.0,71789493.90000002
2025-08-01 09:23:05 AM,1373.7,0,0.0,71789493.90000002
2025-08-01 09:23:08 AM,1373.7,1079,1482222.3,73271716.20000002
2025-08-01 09:23:11 AM,1373.5,0,0.0,73271716.20000002
2025-08-01 09:23:16 AM,1373.5,114,156579.0,73428295.20000002
2025-08-01 09:23:19 AM,1374.0,0,0.0,73428295.20000002
2025-08-01 09:23:23 AM,1373.3,44,60425.2,73488720.40000002
2025-08-01 09:23:25 AM,1373.8,8,10990.4,73499710.80000003
2025-08-01 09:23:31 AM,1373.0,1114,1529522.0,75029232.80000003
2025-08-01 09:23:39 AM,1373.0,222,304806.0,75334038.80000003
2025-08-01 09:23:40 AM,1373.4,149,204636.6,75538675.40000002
2025-08-01 09:23:46 AM,1373.4,441,605669.4,76144344.80000003
2025-08-01 09:23:48 AM,1373.4,1,1373.4,76145718.20000003
2025-08-01 09:23:51 AM,1372.7,0,0.0,76145718.20000003
2025-08-01 09:23:54 AM,1373.5,180,247230.0,76392948.20000003
2025-08-01 09:23:56 AM,1373.5,200,274700.0,76667648.20000003
2025-08-01 09:23:57 AM,1372.7,0,0.0,76667648.20000003
2025-08-01 09:24:02 AM,1373.4,38,52189.200000000004,76719837.40000004
2025-08-01 09:24:03 AM,1372.8,79,108451.2,76828288.60000004
2025-08-01 09:24:04 AM,1373.3,0,0.0,76828288.60000004
2025-08-01 09:24:04 AM,1372.7,0,0.0,76828288.60000004
2025-08-01 09:24:09 AM,1373.4,139,190902.6,77019191.20000003
2025-08-01 09:24:11 AM,1373.4,1,1373.4,77020564.60000004
2025-08-01 09:24:17 AM,1373.7,861,1182755.7,78203320.30000004
2025-08-01 09:24:25 AM,1373.7,41,56321.700000000004,78259642.00000004
2025-08-01 09:24:26 AM,1373.8,10,13738.0,78273380.00000004
2025-08-01 09:24:30 AM,1373.4,0,0.0,78273380.00000004
2025-08-01 09:24:32 AM,1373.3,580,796514.0,79069894.00000004
2025-08-01 09:24:34 AM,1372.8,107,146889.6,79216783.60000004
2025-08-01 09:24:36 AM,1372.2,0,0.0,79216783.60000004
2025-08-01 09:24:40 AM,1372.5,202,277245.0,79494028.60000004
2025-08-01 09:24:41 AM,1372.3,2,2744.6,79496773.20000003
2025-08-01 09:24:47 AM,1372.9,1,1372.9,79498146.10000004
2025-08-01 09:24:54 AM,1372.8,0,0.0,79498146.10000004
2025-08-01 09:24:55 AM,1372.8,2,2745.6,79500891.70000003
2025-08-01 09:25:01 AM,1371.9,0,0.0,79500891.70000003
2025-08-01 09:25:02 AM,1372.4,1948,2673435.2,82174326.90000004
2025-08-01 09:25:04 AM,1372.3,4,5489.2,82179816.10000004
2025-08-01 09:25:08 AM,1372.1,0,0.0,82179816.10000004
2025-08-01 09:25:09 AM,1372.3,0,0.0,82179816.10000004
2025-08-01 09:25:09 AM,1372.3,182,249758.6,82429574.70000003
2025-08-01 09:25:15 AM,1372.4,0,0.0,82429574.70000003
2025-08-01 09:25:17 AM,1372.4,141,193508.40000000002,82623083.10000004
2025-08-01 09:25:21 AM,1372.3,0,0.0,82623083.10000004
2025-08-01 09:25:25 AM,1372.3,202,277204.6,82900287.70000003
2025-08-01 09:25:28 AM,1372.4,0,0.0,82900287.70000003
2025-08-01 09:25:32 AM,1372.4,8,10979.2,82911266.90000004
2025-08-01 09:25:39 AM,1372.3,67,91944.09999999999,83003211.00000003
2025-08-01 09:25:44 AM,1371.8,0,0.0,83003211.00000003
2025-08-01 09:25:45 AM,1371.6,0,0.0,83003211.00000003
2025-08-01 09:25:47 AM,1371.6,15,20574.0,83023785.00000003
2025-08-01 09:25:49 AM,1372.0,2,2744.0,83026529.00000003
2025-08-01 09:25:50 AM,1371.9,0,0.0,83026529.00000003
2025-08-01 09:25:55 AM,1371.6,44,60350.399999999994,83086879.40000004
2025-08-01 09:25:56 AM,1371.5,0,0.0,83086879.40000004
2025-08-01 09:25:57 AM,1371.5,7,9600.5,83096479.90000004
2025-08-01 09:26:02 AM,1371.4,1,1371.4,83097851.30000004
2025-08-01 09:26:04 AM,1370.8,231,316654.8,83414506.10000004
2025-08-01 09:26:09 AM,1370.7,0,0.0,83414506.10000004
2025-08-01 09:26:10 AM,1370.9,5,6854.5,83421360.60000004
2025-08-01 09:26:12 AM,1370.9,73,100075.70000000001,83521436.30000004
2025-08-01 09:26:18 AM,1370.3,202,276800.6,83798236.90000004
2025-08-01 09:26:19 AM,1370.2,16,21923.2,83820160.10000004
2025-08-01 09:26:25 AM,1370.0,70,95900.0,83916060.10000004
2025-08-01 09:26:27 AM,1370.0,418,572660.0,84488720.10000004
2025-08-01 09:26:33 AM,1370.0,81,110970.0,84599690.10000004
2025-08-01 09:26:34 AM,1370.1,0,0.0,84599690.10000004
2025-08-01 09:26:35 AM,1370.1,52,71245.2,84670935.30000004
2025-08-01 09:26:41 AM,1370.1,113,154821.3,84825756.60000004
2025-08-01 09:26:43 AM,1371.1,0,0.0,84825756.60000004
2025-08-01 09:26:45 AM,1371.9,0,0.0,84825756.60000004
2025-08-01 09:26:48 AM,1372.9,1146,1573343.4000000001,86399100.00000004
2025-08-01 09:26:49 AM,1373.7,0,0.0,86399100.00000004
2025-08-01 09:26:50 AM,1373.7,2,2747.4,86401847.40000005
2025-08-01 09:26:52 AM,1373.8,0,0.0,86401847.40000005
2025-08-01 09:26:56 AM,1373.8,2,2747.6,86404595.00000004
2025-08-01 09:26:57 AM,1373.8,1,1373.8,86405968.80000004
2025-08-01 09:27:01 AM,1373.2,0,0.0,86405968.80000004
2025-08-01 09:27:03 AM,1373.6,5,6868.0,86412836.80000004
2025-08-01 09:27:06 AM,1373.8,0,0.0,86412836.80000004
2025-08-01 09:27:07 AM,1374.5,0,0.0,86412836.80000004
2025-08-01 09:27:11 AM,1374.6,993,1364977.7999999998,87777814.60000004
2025-08-01 09:27:12 AM,1373.9,52,71442.8,87849257.40000004
2025-08-01 09:27:16 AM,1373.8,0,0.0,87849257.40000004
2025-08-01 09:27:18 AM,1373.8,332,456101.6,88305359.00000003
2025-08-01 09:27:19 AM,1373.4,301,413393.4,88718752.40000004
2025-08-01 09:27:25 AM,1373.4,19,26094.600000000002,88744847.00000003
2025-08-01 09:27:31 AM,1373.3,0,0.0,88744847.00000003
2025-08-01 09:27:32 AM,1373.4,0,0.0,88744847.00000003
2025-08-01 09:27:33 AM,1373.4,461,633137.4,89377984.40000004
2025-08-01 09:27:37 AM,1373.5,0,0.0,89377984.40000004
2025-08-01 09:27:40 AM,1373.4,2,2746.8,89380731.20000003
2025-08-01 09:27:42 AM,1372.8,1,1372.8,89382104.00000003
2025-08-01 09:27:42 AM,1373.0,0,0.0,89382104.00000003
2025-08-01 09:27:46 AM,1373.2,0,0.0,89382104.00000003
2025-08-01 09:27:48 AM,1373.2,180,247176.0,89629280.00000003
2025-08-01 09:27:52 AM,1372.2,0,0.0,89629280.00000003
2025-08-01 09:27:56 AM,1372.6,149,204517.4,89833797.40000004
2025-08-01 09:27:57 AM,1372.6,30,41178.0,89874975.40000004
2025-08-01 09:27:57 AM,1372.8,0,0.0,89874975.40000004
2025-08-01 09:28:02 AM,1372.1,0,0.0,89874975.40000004
2025-08-01 09:28:03 AM,1372.1,107,146814.69999999998,90021790.10000004
2025-08-01 09:28:08 AM,1371.7,0,0.0,90021790.10000004
2025-08-01 09:28:11 AM,1371.8,84,115231.2,90137021.30000004
2025-08-01 09:28:13 AM,1371.8,2,2743.6,90139764.90000004
2025-08-01 09:28:15 AM,1371.7,0,0.0,90139764.90000004
2025-08-01 09:28:16 AM,1371.0,0,0.0,90139764.90000004
2025-08-01 09:28:19 AM,1371.0,26,35646.0,90175410.90000004
2025-08-01 09:28:34 AM,1371.0,152,208392.0,90383802.90000004
2025-08-01 09:28:35 AM,1371.0,8,10968.0,90394770.90000004
2025-08-01 09:28:38 AM,1370.3,0,0.0,90394770.90000004
2025-08-01 09:28:42 AM,1370.3,2540,3480562.0,93875332.90000004
2025-08-01 09:28:43 AM,1370.6,0,0.0,93875332.90000004
2025-08-01 09:28:49 AM,1370.6,36,49341.6,93924674.50000003
2025-08-01 09:28:50 AM,1370.3,42,57552.6,93982227.10000002
2025-08-01 09:28:54 AM,1370.4,0,0.0,93982227.10000002
2025-08-01 09:28:57 AM,1371.2,86,117923.2,94100150.30000003
2025-08-01 09:29:04 AM,1372.2,5,6861.0,94107011.30000003
2025-08-01 09:29:11 AM,1370.6,0,0.0,94107011.30000003
2025-08-01 09:29:12 AM,1370.6,62,84977.2,94191988.50000003
2025-08-01 09:29:14 AM,1370.7,1,1370.7,94193359.20000003
2025-08-01 09:29:20 AM,1370.6,12,16447.199999999997,94209806.40000004
2025-08-01 09:29:21 AM,1370.3,1,1370.3,94211176.70000003
2025-08-01 09:29:26 AM,1370.7,0,0.0,94211176.70000003
2025-08-01 09:29:27 AM,1370.7,51,69905.7,94281082.40000004
2025-08-01 09:29:31 AM,1371.7,0,0.0,94281082.40000004
2025-08-01 09:29:35 AM,1371.7,1,1371.7,94282454.10000004
2025-08-01 09:29:41 AM,1371.8,0,0.0,94282454.10000004
2025-08-01 09:29:42 AM,1371.7,0,0.0,94282454.10000004
2025-08-01 09:29:42 AM,1371.7,75,102877.5,94385331.60000004
2025-08-01 09:29:46 AM,1370.3,0,0.0,94385331.60000004
2025-08-01 09:29:50 AM,1370.6,927,1270546.2,95655877.80000004
2025-08-01 09:29:57 AM,1370.0,1589,2176930.0,97832807.80000004
2025-08-01 09:29:58 AM,1370.3,0,0.0,97832807.80000004
2025-08-01 09:29:58 AM,1370.4,74,101409.6,97934217.40000004
2025-08-01 09:30:01 AM,1369.8,0,0.0,97934217.40000004
2025-08-01 09:30:01 AM,1369.8,35,47943.0,97982160.40000004
2025-08-01 09:30:01 AM,1369.8,4,5479.2,97987639.60000004
2025-08-01 09:30:03 AM,1369.7,0,0.0,97987639.60000004
2025-08-01 09:30:03 AM,1369.7,10,13697.0,98001336.60000004
2025-08-01 09:30:07 AM,1369.5,0,0.0,98001336.60000004
2025-08-01 09:30:07 AM,1369.0,253,346357.0,98347693.60000004
2025-08-01 09:30:08 AM,1369.2,2,2738.4,98350432.00000004
2025-08-01 09:30:09 AM,1369.2,1,1369.2,98351801.20000005
2025-08-01 09:30:10 AM,1369.0,26,35594.0,98387395.20000005
2025-08-01 09:30:10 AM,1369.2,0,0.0,98387395.20000005
2025-08-01 09:30:11 AM,1369.2,14,19168.8,98406564.00000004
2025-08-01 09:30:13 AM,1369.0,0,0.0,98406564.00000004
2025-08-01 09:30:14 AM,1369.0,227,310763.0,98717327.00000004
2025-08-01 09:30:14 AM,1369.1,2,2738.2,98720065.20000005
2025-08-01 09:30:15 AM,1369.0,0,0.0,98720065.20000005
2025-08-01 09:30:15 AM,1369.0,1,1369.0,98721434.20000005
2025-08-01 09:30:16 AM,1369.0,51,69819.0,98791253.20000005
2025-08-01 09:30:17 AM,1368.4,221,302416.4,99093669.60000005
2025-08-01 09:30:20 AM,1369.0,1,1369.0,99095038.60000005
2025-08-01 09:30:20 AM,1368.6,0,0.0,99095038.60000005
2025-08-01 09:30:21 AM,1368.6,2,2737.2,99097775.80000006
2025-08-01 09:30:21 AM,1368.6,2,2737.2,99100513.00000006
2025-08-01 09:30:22 AM,1368.9,0,0.0,99100513.00000006
2025-08-01 09:30:23 AM,1369.0,0,0.0,99100513.00000006
2025-08-01 09:30:23 AM,1369.0,102,139638.0,99240151.00000006
2025-08-01 09:30:23 AM,1368.4,0,0.0,99240151.00000006
2025-08-01 09:30:24 AM,1368.4,1,1368.4,99241519.40000007
2025-08-01 09:30:24 AM,1369.0,2,2738.0,99244257.40000007
2025-08-01 09:30:25 AM,1369.0,10,13690.0,99257947.40000007
2025-08-01 09:30:27 AM,1369.0,1,1369.0,99259316.40000007
2025-08-01 09:30:28 AM,1368.8,5,6844.0,99266160.40000007
2025-08-01 09:30:29 AM,1368.8,1,1368.8,99267529.20000006
2025-08-01 09:30:29 AM,1368.8,1,1368.8,99268898.00000006
2025-08-01 09:30:34 AM,1368.9,2,2737.8,99271635.80000006
2025-08-01 09:30:35 AM,1368.9,1,1368.9,99273004.70000006
2025-08-01 09:30:35 AM,1368.4,10,13684.0,99286688.70000006
2025-08-01 09:30:36 AM,1368.9,20,27378.0,99314066.70000006
2025-08-01 09:30:38 AM,1368.9,2,2737.8,99316804.50000006
2025-08-01 09:30:40 AM,1368.4,0,0.0,99316804.50000006
2025-08-01 09:30:40 AM,1368.4,101,138208.40000000002,99455012.90000007
2025-08-01 09:30:41 AM,1368.9,8,10951.2,99465964.10000007
2025-08-01 09:30:42 AM,1368.9,6,8213.400000000001,99474177.50000007
2025-08-01 09:30:43 AM,1368.9,1,1368.9,99475546.40000008
2025-08-01 09:30:43 AM,1368.9,143,195752.7,99671299.10000008
2025-08-01 09:30:45 AM,1369.1,0,0.0,99671299.10000008
2025-08-01 09:30:46 AM,1369.1,2,2738.2,99674037.30000009
2025-08-01 09:30:47 AM,1369.1,1,1369.1,99675406.40000008
2025-08-01 09:30:48 AM,1369.1,1,1369.1,99676775.50000007
2025-08-01 09:30:48 AM,1369.1,3,4107.299999999999,99680882.80000007
2025-08-01 09:30:50 AM,1369.1,5,6845.5,99687728.30000007
2025-08-01 09:30:54 AM,1369.1,2,2738.2,99690466.50000007
2025-08-01 09:30:54 AM,1368.8,12,16425.6,99706892.10000007
2025-08-01 09:30:56 AM,1368.8,14,19163.2,99726055.30000007
2025-08-01 09:30:56 AM,1368.5,1,1368.5,99727423.80000007
2025-08-01 09:30:57 AM,1368.6,1,1368.6,99728792.40000007
2025-08-01 09:30:58 AM,1369.1,0,0.0,99728792.40000007
2025-08-01 09:30:58 AM,1368.6,128,175180.8,99903973.20000006
2025-08-01 09:30:59 AM,1368.7,0,0.0,99903973.20000006
2025-08-01 09:30:59 AM,1368.7,4,5474.8,99909448.00000006
2025-08-01 09:31:00 AM,1369.1,1,1369.1,99910817.10000005
2025-08-01 09:31:03 AM,1368.1,0,0.0,99910817.10000005
2025-08-01 09:31:04 AM,1368.1,8,10944.8,99921761.90000005
2025-08-01 09:31:05 AM,1368.5,1,1368.5,99923130.40000005
2025-08-01 09:31:07 AM,1368.2,0,0.0,99923130.40000005
2025-08-01 09:31:12 AM,1368.2,69,94405.8,100017536.20000005
2025-08-01 09:31:12 AM,1368.2,3,4104.6,100021640.80000004
2025-08-01 09:31:15 AM,1368.9,0,0.0,100021640.80000004
2025-08-01 09:31:19 AM,1369.1,316,432635.6,100454276.40000004
2025-08-01 09:31:20 AM,1369.2,2,2738.4,100457014.80000004
2025-08-01 09:31:26 AM,1369.0,243,332667.0,100789681.80000004
2025-08-01 09:31:31 AM,1369.8,0,0.0,100789681.80000004
2025-08-01 09:31:34 AM,1369.8,666,912286.7999999999,101701968.60000004
2025-08-01 09:31:37 AM,1369.7,0,0.0,101701968.60000004
2025-08-01 09:31:39 AM,1369.1,0,0.0,101701968.60000004
2025-08-01 09:31:41 AM,1369.8,139,190402.19999999998,101892370.80000004
2025-08-01 09:31:45 AM,1369.1,0,0.0,101892370.80000004
2025-08-01 09:31:47 AM,1369.8,117,160266.6,102052637.40000004
2025-08-01 09:31:54 AM,1369.8,51,69859.8,102122497.20000003
2025-08-01 09:32:01 AM,1369.8,41,56161.799999999996,102178659.00000003
2025-08-01 09:32:01 AM,1369.8,19,26026.2,102204685.20000003
2025-08-01 09:32:05 AM,1369.9,0,0.0,102204685.20000003
2025-08-01 09:32:08 AM,1370.2,385,527527.0,102732212.20000003
2025-08-01 09:32:09 AM,1370.2,7,9591.4,102741803.60000004
2025-08-01 09:32:11 AM,1370.1,0,0.0,102741803.60000004
2025-08-01 09:32:16 AM,1370.2,14,19182.8,102760986.40000004
2025-08-01 09:32:17 AM,1370.1,0,0.0,102760986.40000004
2025-08-01 09:32:23 AM,1369.9,0,0.0,102760986.40000004
2025-08-01 09:32:23 AM,1369.9,289,395901.10000000003,103156887.50000003
2025-08-01 09:32:29 AM,1371.0,0,0.0,103156887.50000003
2025-08-01 09:32:29 AM,1371.0,298,408558.0,103565445.50000003
2025-08-01 09:32:30 AM,1371.0,30,41130.0,103606575.50000003
2025-08-01 09:32:35 AM,1371.8,0,0.0,103606575.50000003
2025-08-01 09:32:35 AM,1371.6,0,0.0,103606575.50000003
2025-08-01 09:32:36 AM,1371.0,355,486705.0,104093280.50000003
2025-08-01 09:32:41 AM,1370.6,0,0.0,104093280.50000003
2025-08-01 09:32:41 AM,1371.0,0,0.0,104093280.50000003
2025-08-01 09:32:43 AM,1371.3,161,220779.3,104314059.80000003
2025-08-01 09:32:47 AM,1370.9,0,0.0,104314059.80000003
2025-08-01 09:32:50 AM,1371.9,846,1160627.4000000001,105474687.20000003
2025-08-01 09:32:53 AM,1372.0,0,0.0,105474687.20000003
2025-08-01 09:32:57 AM,1372.0,373,511756.0,105986443.20000003
2025-08-01 09:33:04 AM,1371.4,10,13714.0,106000157.20000003
2025-08-01 09:33:05 AM,1371.1,0,0.0,106000157.20000003
2025-08-01 09:33:11 AM,1371.1,1,1371.1,106001528.30000003
2025-08-01 09:33:11 AM,1370.9,57,78141.3,106079669.60000002
2025-08-01 09:33:15 AM,1371.6,0,0.0,106079669.60000002
2025-08-01 09:33:18 AM,1371.6,116,159105.59999999998,106238775.20000002
2025-08-01 09:33:25 AM,1371.8,121,165987.8,106404763.00000001
2025-08-01 09:33:26 AM,1372.4,0,0.0,106404763.00000001
2025-08-01 09:33:31 AM,1372.1,0,0.0,106404763.00000001
2025-08-01 09:33:32 AM,1372.0,477,654444.0,107059207.00000001
2025-08-01 09:33:35 AM,1372.1,0,0.0,107059207.00000001
2025-08-01 09:33:37 AM,1372.2,0,0.0,107059207.00000001
2025-08-01 09:33:39 AM,1372.7,90,123543.0,107182750.00000001
2025-08-01 09:33:45 AM,1372.4,0,0.0,107182750.00000001
2025-08-01 09:33:46 AM,1371.8,17,23320.6,107206070.60000001
2025-08-01 09:33:49 AM,1371.9,0,0.0,107206070.60000001
2025-08-01 09:33:51 AM,1372.2,0,0.0,107206070.60000001
2025-08-01 09:33:53 AM,1372.2,18,24699.600000000002,107230770.2
2025-08-01 09:33:55 AM,1372.7,0,0.0,107230770.2
2025-08-01 09:33:56 AM,1372.8,0,0.0,107230770.2
2025-08-01 09:34:00 AM,1372.9,405,556024.5,107786794.7
2025-08-01 09:34:00 AM,1373.1,1,1373.1,107788167.8
2025-08-01 09:34:01 AM,1373.2,0,0.0,107788167.8
2025-08-01 09:34:06 AM,1373.8,0,0.0,107788167.8
2025-08-01 09:34:07 AM,1373.8,175,240415.0,108028582.8
2025-08-01 09:34:07 AM,1373.8,6,8242.8,108036825.6
2025-08-01 09:34:14 AM,1373.5,7,9614.5,108046440.1
2025-08-01 09:34:20 AM,1373.3,0,0.0,108046440.1
2025-08-01 09:34:21 AM,1373.8,12,16485.6,108062925.69999999
2025-08-01 09:34:21 AM,1373.3,1,1373.3,108064298.99999999
2025-08-01 09:34:25 AM,1373.8,0,0.0,108064298.99999999
2025-08-01 09:34:28 AM,1373.8,9,12364.199999999999,108076663.19999999
2025-08-01 09:34:28 AM,1373.8,7,9616.6,108086279.79999998
2025-08-01 09:34:35 AM,1373.7,17,23352.9,108109632.69999999
2025-08-01 09:34:36 AM,1373.8,0,0.0,108109632.69999999
2025-08-01 09:34:39 AM,1373.5,0,0.0,108109632.69999999
2025-08-01 09:34:40 AM,1373.2,0,0.0,108109632.69999999
2025-08-01 09:34:42 AM,1373.2,435,597342.0,108706974.69999999
2025-08-01 09:34:45 AM,1373.6,0,0.0,108706974.69999999
2025-08-01 09:34:49 AM,1373.6,491,674437.6,109381412.29999998
2025-08-01 09:34:49 AM,1373.7,1,1373.7,109382785.99999999
2025-08-01 09:34:50 AM,1373.6,0,0.0,109382785.99999999
2025-08-01 09:34:53 AM,1373.0,0,0.0,109382785.99999999
2025-08-01 09:34:55 AM,1372.9,0,0.0,109382785.99999999
2025-08-01 09:34:55 AM,1372.9,934,1282288.6,110665074.59999998
2025-08-01 09:34:57 AM,1372.4,0,0.0,110665074.59999998
2025-08-01 09:35:00 AM,1372.5,0,0.0,110665074.59999998
2025-08-01 09:35:01 AM,1372.4,0,0.0,110665074.59999998
2025-08-01 09:35:02 AM,1372.4,83,113909.20000000001,110778983.79999998
2025-08-01 09:35:09 AM,1372.9,50,68645.0,110847628.79999998
2025-08-01 09:35:10 AM,1372.8,0,0.0,110847628.79999998
2025-08-01 09:35:10 AM,1372.8,5,6864.0,110854492.79999998
2025-08-01 09:35:15 AM,1372.7,0,0.0,110854492.79999998
2025-08-01 09:35:15 AM,1372.8,0,0.0,110854492.79999998
2025-08-01 09:35:16 AM,1372.8,26,35692.799999999996,110890185.59999998
2025-08-01 09:35:20 AM,1372.7,0,0.0,110890185.59999998
2025-08-01 09:35:24 AM,1372.2,459,629839.8,111520025.39999998
2025-08-01 09:35:25 AM,1372.0,0,0.0,111520025.39999998
2025-08-01 09:35:30 AM,1371.5,0,0.0,111520025.39999998
2025-08-01 09:35:30 AM,1371.5,94,128921.0,111648946.39999998
2025-08-01 09:35:35 AM,1371.9,0,0.0,111648946.39999998
2025-08-01 09:35:37 AM,1371.5,119,163208.5,111812154.89999998
2025-08-01 09:35:40 AM,1372.1,0,0.0,111812154.89999998
2025-08-01 09:35:40 AM,1371.3,0,0.0,111812154.89999998
2025-08-01 09:35:44 AM,1372.0,634,869848.0,112682002.89999998
2025-08-01 09:35:45 AM,1371.3,0,0.0,112682002.89999998
2025-08-01 09:35:50 AM,1372.0,0,0.0,112682002.89999998
2025-08-01 09:35:51 AM,1372.0,1162,1594264.0,114276266.89999998
2025-08-01 09:35:55 AM,1371.5,0,0.0,114276266.89999998
2025-08-01 09:35:57 AM,1371.7,15,20575.5,114296842.39999998
2025-08-01 09:36:00 AM,1371.3,0,0.0,114296842.39999998
2025-08-01 09:36:04 AM,1371.7,0,0.0,114296842.39999998
2025-08-01 09:36:04 AM,1371.7,41,56239.700000000004,114353082.09999998
2025-08-01 09:36:08 AM,1371.5,0,0.0,114353082.09999998
2025-08-01 09:36:11 AM,1371.5,15,20572.5,114373654.59999998
2025-08-01 09:36:16 AM,1372.1,0,0.0,114373654.59999998
2025-08-01 09:36:18 AM,1372.1,3,4116.299999999999,114377770.89999998
2025-08-01 09:36:18 AM,1372.1,7,9604.699999999999,114387375.59999998
2025-08-01 09:36:28 AM,1371.6,0,0.0,114387375.59999998
2025-08-01 09:36:31 AM,1371.6,11,15087.599999999999,114402463.19999997
2025-08-01 09:36:32 AM,1371.9,0,0.0,114402463.19999997
2025-08-01 09:36:36 AM,1371.5,0,0.0,114402463.19999997
2025-08-01 09:36:36 AM,1371.7,0,0.0,114402463.19999997
2025-08-01 09:36:37 AM,1371.7,139,190666.30000000002,114593129.49999997
2025-08-01 09:36:37 AM,1371.1,25,34277.5,114627406.99999997
2025-08-01 09:36:40 AM,1371.7,0,0.0,114627406.99999997
2025-08-01 09:36:43 AM,1371.7,50,68585.0,114695991.99999997
2025-08-01 09:36:50 AM,1371.7,11,15088.7,114711080.69999997
2025-08-01 09:36:57 AM,1371.7,12,16460.4,114727541.09999998
2025-08-01 09:36:57 AM,1371.7,7,9601.9,114737142.99999999
2025-08-01 09:37:00 AM,1371.5,0,0.0,114737142.99999999
2025-08-01 09:37:04 AM,1372.4,1919,2633635.6,117370778.59999998
2025-08-01 09:37:08 AM,1372.1,0,0.0,117370778.59999998
2025-08-01 09:37:11 AM,1372.1,129,177000.9,117547779.49999999
2025-08-01 09:37:11 AM,1371.7,1,1371.7,117549151.19999999
2025-08-01 09:37:14 AM,1371.1,0,0.0,117549151.19999999
2025-08-01 09:37:18 AM,1371.5,0,0.0,117549151.19999999
2025-08-01 09:37:18 AM,1371.5,8,10972.0,117560123.19999999
2025-08-01 09:37:19 AM,1371.1,0,0.0,117560123.19999999
2025-08-01 09:37:25 AM,1371.1,11,15082.099999999999,117575205.29999998
2025-08-01 09:37:31 AM,1371.1,129,176871.9,117752077.19999999
2025-08-01 09:37:33 AM,1371.0,0,0.0,117752077.19999999
2025-08-01 09:37:34 AM,1371.1,0,0.0,117752077.19999999
2025-08-01 09:37:38 AM,1371.0,0,0.0,117752077.19999999
2025-08-01 09:37:38 AM,1371.0,27,37017.0,117789094.19999999
2025-08-01 09:37:45 AM,1371.0,9,12339.0,117801433.19999999
2025-08-01 09:37:48 AM,1371.1,0,0.0,117801433.19999999
2025-08-01 09:37:50 AM,1371.0,0,0.0,117801433.19999999
2025-08-01 09:37:52 AM,1371.4,0,0.0,117801433.19999999
2025-08-01 09:37:52 AM,1371.4,12,16456.800000000003,117817889.99999999
2025-08-01 09:37:54 AM,1371.1,0,0.0,117817889.99999999
2025-08-01 09:37:56 AM,1371.0,0,0.0,117817889.99999999
2025-08-01 09:37:58 AM,1370.7,1116,1529701.2,119347591.19999999
2025-08-01 09:38:04 AM,1370.0,0,0.0,119347591.19999999
2025-08-01 09:38:05 AM,1370.0,759,1039830.0,120387421.19999999
2025-08-01 09:38:10 AM,1370.1,0,0.0,120387421.19999999
2025-08-01 09:38:12 AM,1370.1,24,32882.399999999994,120420303.6
2025-08-01 09:38:19 AM,1370.8,344,471555.2,120891858.8
2025-08-01 09:38:25 AM,1371.2,0,0.0,120891858.8
2025-08-01 09:38:26 AM,1371.2,52,71302.40000000001,120963161.2
2025-08-01 09:38:30 AM,1370.7,0,0.0,120963161.2
2025-08-01 09:38:32 AM,1371.0,5,6855.0,120970016.2
2025-08-01 09:38:35 AM,1371.1,0,0.0,120970016.2
2025-08-01 09:38:39 AM,1371.2,65,89128.0,121059144.2
2025-08-01 09:38:39 AM,1371.2,2,2742.4,121061886.60000001
2025-08-01 09:38:44 AM,1371.0,0,0.0,121061886.60000001
2025-08-01 09:38:46 AM,1371.0,119,163149.0,121225035.60000001
2025-08-01 09:38:52 AM,1371.1,4,5484.4,121230520.00000001
2025-08-01 09:38:56 AM,1371.0,0,0.0,121230520.00000001
2025-08-01 09:38:59 AM,1371.0,217,297507.0,121528027.00000001
2025-08-01 09:39:05 AM,1370.9,37,50723.3,121578750.30000001
2025-08-01 09:39:11 AM,1370.6,0,0.0,121578750.30000001
2025-08-01 09:39:12 AM,1370.6,6,8223.599999999999,121586973.9
2025-08-01 09:39:13 AM,1370.7,2,2741.4,121589715.30000001
2025-08-01 09:39:15 AM,1370.6,0,0.0,121589715.30000001
2025-08-01 09:39:19 AM,1370.6,127,174066.19999999998,121763781.50000001
2025-08-01 09:39:21 AM,1370.1,0,0.0,121763781.50000001
2025-08-01 09:39:25 AM,1369.8,0,0.0,121763781.50000001
2025-08-01 09:39:26 AM,1369.8,914,1251997.2,123015778.70000002
2025-08-01 09:39:33 AM,1369.8,115,157527.0,123173305.70000002
2025-08-01 09:39:37 AM,1370.0,0,0.0,123173305.70000002
2025-08-01 09:39:39 AM,1369.8,110,150678.0,123323983.70000002
2025-08-01 09:39:41 AM,1370.4,0,0.0,123323983.70000002
2025-08-01 09:39:45 AM,1370.4,7,9592.800000000001,123333576.50000001
2025-08-01 09:39:46 AM,1370.4,7,9592.800000000001,123343169.30000001
2025-08-01 09:39:49 AM,1370.2,0,0.0,123343169.30000001
2025-08-01 09:39:52 AM,1370.4,133,182263.2,123525432.50000001
2025-08-01 09:39:57 AM,1370.7,0,0.0,123525432.50000001
2025-08-01 09:39:59 AM,1370.7,8,10965.6,123536398.10000001
2025-08-01 09:39:59 AM,1370.2,11,15072.2,123551470.30000001
2025-08-01 09:40:00 AM,1370.7,193,264545.10000000003,123816015.4
2025-08-01 09:40:01 AM,1370.8,0,0.0,123816015.4
2025-08-01 09:40:01 AM,1370.9,66,90479.40000000001,123906494.80000001
2025-08-01 09:40:06 AM,1371.0,1,1371.0,123907865.80000001
2025-08-01 09:40:10 AM,1370.8,3,4112.4,123911978.20000002
2025-08-01 09:40:12 AM,1371.0,0,0.0,123911978.20000002
2025-08-01 09:40:12 AM,1371.0,10,13710.0,123925688.20000002
2025-08-01 09:40:18 AM,1371.0,4,5484.0,123931172.20000002
2025-08-01 09:40:18 AM,1371.0,138,189198.0,124120370.20000002
2025-08-01 09:40:26 AM,1371.0,1,1371.0,124121741.20000002
2025-08-01 09:40:27 AM,1371.1,7,9597.699999999999,124131338.90000002
2025-08-01 09:40:29 AM,1371.0,0,0.0,124131338.90000002
2025-08-01 09:40:30 AM,1371.0,93,127503.0,124258841.90000002
2025-08-01 09:40:32 AM,1370.9,0,0.0,124258841.90000002
2025-08-01 09:40:32 AM,1371.0,101,138471.0,124397312.90000002
2025-08-01 09:40:32 AM,1370.9,0,0.0,124397312.90000002
2025-08-01 09:40:33 AM,1370.9,5,6854.5,124404167.40000002
2025-08-01 09:40:34 AM,1371.0,0,0.0,124404167.40000002
2025-08-01 09:40:34 AM,1371.0,1,1371.0,124405538.40000002
2025-08-01 09:40:39 AM,1371.2,0,0.0,124405538.40000002
2025-08-01 09:40:40 AM,1371.2,104,142604.80000000002,124548143.20000002
2025-08-01 09:40:41 AM,1371.5,0,0.0,124548143.20000002
2025-08-01 09:40:42 AM,1371.5,18,24687.0,124572830.20000002
2025-08-01 09:40:45 AM,1371.7,84,115222.8,124688053.00000001
2025-08-01 09:40:46 AM,1371.8,41,56243.799999999996,124744296.80000001
2025-08-01 09:40:47 AM,1371.8,59,80936.2,124825233.00000001
2025-08-01 09:40:47 AM,1372.1,0,0.0,124825233.00000001
2025-08-01 09:40:48 AM,1372.1,99,135837.9,124961070.90000002
2025-08-01 09:40:49 AM,1372.5,0,0.0,124961070.90000002
2025-08-01 09:40:50 AM,1372.5,7,9607.5,124970678.40000002
2025-08-01 09:40:50 AM,1373.1,2,2746.2,124973424.60000002
2025-08-01 09:40:53 AM,1373.5,30,41205.0,125014629.60000002
2025-08-01 09:40:55 AM,1373.8,47,64568.6,125079198.20000002
2025-08-01 09:40:56 AM,1373.4,0,0.0,125079198.20000002
2025-08-01 09:40:57 AM,1373.4,68,93391.20000000001,125172589.40000002
2025-08-01 09:40:57 AM,1373.6,0,0.0,125172589.40000002
2025-08-01 09:40:58 AM,1373.6,10,13736.0,125186325.40000002
2025-08-01 09:40:59 AM,1373.5,45,61807.5,125248132.90000002
2025-08-01 09:40:59 AM,1373.7,0,0.0,125248132.90000002
2025-08-01 09:41:00 AM,1373.7,5,6868.5,125255001.40000002
2025-08-01 09:41:00 AM,1372.9,0,0.0,125255001.40000002
2025-08-01 09:41:03 AM,1373.4,0,0.0,125255001.40000002
2025-08-01 09:41:04 AM,1373.1,502,689296.2,125944297.60000002
2025-08-01 09:41:05 AM,1373.4,293,402406.2,126346703.80000003
2025-08-01 09:41:08 AM,1373.5,0,0.0,126346703.80000003
2025-08-01 09:41:11 AM,1373.5,130,178555.0,126525258.80000003
2025-08-01 09:41:18 AM,1373.5,190,260965.0,126786223.80000003
2025-08-01 09:41:19 AM,1374.0,1000,1374000.0,128160223.80000003
2025-08-01 09:41:25 AM,1374.0,216,296784.0,128457007.80000003
2025-08-01 09:41:25 AM,1373.4,10,13734.0,128470741.80000003
2025-08-01 09:41:28 AM,1374.0,0,0.0,128470741.80000003
2025-08-01 09:41:29 AM,1375.0,0,0.0,128470741.80000003
2025-08-01 09:41:31 AM,1375.0,545,749375.0,129220116.80000003
2025-08-01 09:41:32 AM,1375.0,1,1375.0,129221491.80000003
2025-08-01 09:41:32 AM,1374.7,0,0.0,129221491.80000003
2025-08-01 09:41:36 AM,1374.9,0,0.0,129221491.80000003
2025-08-01 09:41:37 AM,1375.0,0,0.0,129221491.80000003
2025-08-01 09:41:38 AM,1375.0,172,236500.0,129457991.80000003
2025-08-01 09:41:38 AM,1375.0,28,38500.0,129496491.80000003
2025-08-01 09:41:41 AM,1375.8,0,0.0,129496491.80000003
2025-08-01 09:41:44 AM,1375.1,944,1298094.4,130794586.20000003
2025-08-01 09:41:48 AM,1375.2,0,0.0,130794586.20000003
2025-08-01 09:41:51 AM,1375.2,1547,2127434.4,132922020.60000004
2025-08-01 09:41:52 AM,1375.3,15,20629.5,132942650.10000004
2025-08-01 09:41:52 AM,1375.1,0,0.0,132942650.10000004
2025-08-01 09:41:56 AM,1375.3,0,0.0,132942650.10000004
2025-08-01 09:41:57 AM,1375.3,254,349326.2,133291976.30000004
2025-08-01 09:42:00 AM,1375.1,0,0.0,133291976.30000004
2025-08-01 09:42:01 AM,1375.1,7,9625.699999999999,133301602.00000004
2025-08-01 09:42:04 AM,1374.6,0,0.0,133301602.00000004
2025-08-01 09:42:04 AM,1374.6,51,70104.59999999999,133371706.60000004
2025-08-01 09:42:09 AM,1374.3,0,0.0,133371706.60000004
2025-08-01 09:42:09 AM,1374.9,47,64620.3,133436326.90000004
2025-08-01 09:42:14 AM,1374.9,1,1374.9,133437701.80000004
2025-08-01 09:42:22 AM,1373.5,25,34337.5,133472039.30000004
2025-08-01 09:42:23 AM,1374.0,0,0.0,133472039.30000004
2025-08-01 09:42:23 AM,1374.0,3,4122.0,133476161.30000004
2025-08-01 09:42:24 AM,1374.0,9,12366.0,133488527.30000004
2025-08-01 09:42:30 AM,1374.0,1,1374.0,133489901.30000004
2025-08-01 09:42:31 AM,1373.5,0,0.0,133489901.30000004
2025-08-01 09:42:31 AM,1373.5,85,116747.5,133606648.80000004
2025-08-01 09:42:31 AM,1374.0,1,1374.0,133608022.80000004
2025-08-01 09:42:34 AM,1374.0,1,1374.0,133609396.80000004
2025-08-01 09:42:41 AM,1373.9,0,0.0,133609396.80000004
2025-08-01 09:42:42 AM,1373.9,2,2747.8,133612144.60000004
2025-08-01 09:42:45 AM,1374.0,0,0.0,133612144.60000004
2025-08-01 09:42:45 AM,1374.0,100,137400.0,133749544.60000004
2025-08-01 09:42:48 AM,1374.2,0,0.0,133749544.60000004
2025-08-01 09:42:48 AM,1374.2,100,137420.0,133886964.60000004
2025-08-01 09:42:50 AM,1374.0,2,2748.0,133889712.60000004
2025-08-01 09:42:55 AM,1374.2,0,0.0,133889712.60000004
2025-08-01 09:42:55 AM,1374.2,1,1374.2,133891086.80000004
2025-08-01 09:42:58 AM,1374.5,0,0.0,133891086.80000004
2025-08-01 09:42:58 AM,1374.5,1,1374.5,133892461.30000004
2025-08-01 09:42:59 AM,1374.5,25,34362.5,133926823.80000004
2025-08-01 09:42:59 AM,1374.2,0,0.0,133926823.80000004
2025-08-01 09:43:02 AM,1374.5,2,2749.0,133929572.80000004
2025-08-01 09:43:07 AM,1375.0,0,0.0,133929572.80000004
2025-08-01 09:43:09 AM,1374.6,1065,1463949.0,135393521.80000004
2025-08-01 09:43:11 AM,1374.5,0,0.0,135393521.80000004
2025-08-01 09:43:15 AM,1374.6,0,0.0,135393521.80000004
2025-08-01 09:43:16 AM,1374.6,19,26117.399999999998,135419639.20000005
2025-08-01 09:43:19 AM,1374.2,0,0.0,135419639.20000005
2025-08-01 09:43:23 AM,1374.7,164,225450.80000000002,135645090.00000006
2025-08-01 09:43:27 AM,1374.0,0,0.0,135645090.00000006
2025-08-01 09:43:27 AM,1373.9,0,0.0,135645090.00000006
2025-08-01 09:43:29 AM,1373.9,959,1317570.1,136962660.10000005
2025-08-01 09:43:35 AM,1374.1,0,0.0,136962660.10000005
2025-08-01 09:43:35 AM,1374.4,39,53601.600000000006,137016261.70000005
2025-08-01 09:43:39 AM,1373.4,0,0.0,137016261.70000005
2025-08-01 09:43:42 AM,1373.4,2,2746.8,137019008.50000006
2025-08-01 09:43:47 AM,1373.9,0,0.0,137019008.50000006
2025-08-01 09:43:49 AM,1373.9,16,21982.4,137040990.90000007
2025-08-01 09:43:50 AM,1374.0,1,1374.0,137042364.90000007
2025-08-01 09:43:51 AM,1374.1,0,0.0,137042364.90000007
2025-08-01 09:43:55 AM,1374.7,8,10997.6,137053362.50000006
2025-08-01 09:44:01 AM,1374.6,59,81101.4,137134463.90000007
2025-08-01 09:44:03 AM,1374.4,0,0.0,137134463.90000007
2025-08-01 09:44:07 AM,1374.2,0,0.0,137134463.90000007
2025-08-01 09:44:07 AM,1374.0,0,0.0,137134463.90000007
2025-08-01 09:44:09 AM,1374.0,410,563340.0,137697803.90000007
2025-08-01 09:44:11 AM,1373.8,0,0.0,137697803.90000007
2025-08-01 09:44:12 AM,1373.9,0,0.0,137697803.90000007
2025-08-01 09:44:15 AM,1373.9,454,623750.6000000001,138321554.50000006
2025-08-01 09:44:19 AM,1373.4,0,0.0,138321554.50000006
2025-08-01 09:44:21 AM,1373.7,0,0.0,138321554.50000006
2025-08-01 09:44:22 AM,1373.8,145,199201.0,138520755.50000006
2025-08-01 09:44:23 AM,1373.4,26,35708.4,138556463.90000007
2025-08-01 09:44:28 AM,1373.4,77,105751.8,138662215.70000008
2025-08-01 09:44:31 AM,1373.0,0,0.0,138662215.70000008
2025-08-01 09:44:35 AM,1373.0,2,2746.0,138664961.70000008
2025-08-01 09:44:39 AM,1373.4,0,0.0,138664961.70000008
2025-08-01 09:44:41 AM,1372.8,101,138652.8,138803614.5000001
2025-08-01 09:44:49 AM,1373.2,2,2746.4,138806360.9000001
2025-08-01 09:44:51 AM,1373.5,0,0.0,138806360.9000001
2025-08-01 09:44:54 AM,1373.0,74,101602.0,138907962.9000001
2025-08-01 09:44:55 AM,1373.0,3,4119.0,138912081.9000001
2025-08-01 09:45:01 AM,1373.0,1286,1765678.0,140677759.9000001
2025-08-01 09:45:07 AM,1373.0,7,9611.0,140687370.9000001
2025-08-01 09:45:09 AM,1372.7,1,1372.7,140688743.60000008
2025-08-01 09:45:14 AM,1372.6,1,1372.6,140690116.20000008
2025-08-01 09:45:15 AM,1372.6,5,6863.0,140696979.20000008
2025-08-01 09:45:20 AM,1372.6,24,32942.399999999994,140729921.60000008
2025-08-01 09:45:22 AM,1372.5,3,4117.5,140734039.10000008
2025-08-01 09:45:23 AM,1372.6,0,0.0,140734039.10000008
2025-08-01 09:45:27 AM,1372.2,233,319722.60000000003,141053761.70000008
2025-08-01 09:45:27 AM,1372.6,0,0.0,141053761.70000008
2025-08-01 09:45:28 AM,1372.6,5,6863.0,141060624.70000008
2025-08-01 09:45:33 AM,1372.6,5,6863.0,141067487.70000008
2025-08-01 09:45:35 AM,1372.6,1,1372.6,141068860.30000007
2025-08-01 09:45:35 AM,1372.3,0,0.0,141068860.30000007
2025-08-01 09:45:39 AM,1372.6,0,0.0,141068860.30000007
2025-08-01 09:45:40 AM,1372.6,10,13726.0,141082586.30000007
2025-08-01 09:45:46 AM,1372.6,127,174320.19999999998,141256906.50000006
2025-08-01 09:45:51 AM,1372.8,0,0.0,141256906.50000006
2025-08-01 09:45:53 AM,1372.8,78,107078.4,141363984.90000007
2025-08-01 09:45:54 AM,1373.0,27,37071.0,141401055.90000007
2025-08-01 09:45:57 AM,1373.3,0,0.0,141401055.90000007
2025-08-01 09:45:59 AM,1373.4,8,10987.2,141412043.10000005
2025-08-01 09:46:00 AM,1373.3,8,10986.4,141423029.50000006
2025-08-01 09:46:01 AM,1372.6,0,0.0,141423029.50000006
2025-08-01 09:46:05 AM,1372.8,0,0.0,141423029.50000006
2025-08-01 09:46:06 AM,1372.6,534,732968.3999999999,142155997.90000007
2025-08-01 09:46:07 AM,1372.5,4,5490.0,142161487.90000007
2025-08-01 09:46:12 AM,1372.5,10,13725.0,142175212.90000007
2025-08-01 09:46:19 AM,1372.9,1019,1398985.1,143574198.00000006
2025-08-01 09:46:20 AM,1372.4,1,1372.4,143575570.40000007
2025-08-01 09:46:24 AM,1372.3,0,0.0,143575570.40000007
2025-08-01 09:46:25 AM,1372.6,5,6863.0,143582433.40000007
2025-08-01 09:46:27 AM,1372.1,1,1372.1,143583805.50000006
2025-08-01 09:46:29 AM,1372.4,0,0.0,143583805.50000006
2025-08-01 09:46:32 AM,1372.4,84,115281.6,143699087.10000005
2025-08-01 09:46:33 AM,1372.3,1,1372.3,143700459.40000007
2025-08-01 09:46:36 AM,1372.1,0,0.0,143700459.40000007
2025-08-01 09:46:38 AM,1372.1,65,89186.5,143789645.90000007
2025-08-01 09:46:40 AM,1372.3,50,68615.0,143858260.90000007
2025-08-01 09:46:41 AM,1372.4,0,0.0,143858260.90000007
2025-08-01 09:46:44 AM,1372.0,0,0.0,143858260.90000007
2025-08-01 09:46:44 AM,1372.0,134,183848.0,144042108.90000007
2025-08-01 09:46:46 AM,1372.0,32,43904.0,144086012.90000007
2025-08-01 09:46:49 AM,1371.0,0,0.0,144086012.90000007
2025-08-01 09:46:50 AM,1371.0,1108,1519068.0,145605080.90000007
2025-08-01 09:46:52 AM,1370.7,15,20560.5,145625641.40000007
2025-08-01 09:46:57 AM,1370.9,0,0.0,145625641.40000007
2025-08-01 09:46:58 AM,1370.9,1,1370.9,145627012.30000007
2025-08-01 09:47:00 AM,1371.0,0,0.0,145627012.30000007
2025-08-01 09:47:03 AM,1371.0,28,38388.0,145665400.30000007
2025-08-01 09:47:09 AM,1371.0,12,16452.0,145681852.30000007
2025-08-01 09:47:09 AM,1370.8,0,0.0,145681852.30000007
2025-08-01 09:47:11 AM,1370.8,6,8224.8,145690077.10000008
2025-08-01 09:47:15 AM,1371.0,54,74034.0,145764111.10000008
2025-08-01 09:47:17 AM,1370.7,0,0.0,145764111.10000008
2025-08-01 09:47:21 AM,1370.7,117,160371.9,145924483.0000001
2025-08-01 09:47:23 AM,1371.0,1,1371.0,145925854.0000001
2025-08-01 09:47:27 AM,1371.0,11,15081.0,145940935.0000001
2025-08-01 09:47:29 AM,1370.4,0,0.0,145940935.0000001
2025-08-01 09:47:30 AM,1370.4,40,54816.0,145995751.0000001
2025-08-01 09:47:32 AM,1370.2,0,0.0,145995751.0000001
2025-08-01 09:47:34 AM,1370.2,266,364473.2,146360224.20000008
2025-08-01 09:47:36 AM,1370.2,13,17812.600000000002,146378036.80000007
2025-08-01 09:47:39 AM,1370.1,0,0.0,146378036.80000007
2025-08-01 09:47:41 AM,1370.2,104,142500.80000000002,146520537.60000008
2025-08-01 09:47:43 AM,1370.1,50,68505.0,146589042.60000008
2025-08-01 09:47:48 AM,1371.0,235,322185.0,146911227.60000008
2025-08-01 09:47:58 AM,1370.7,0,0.0,146911227.60000008
2025-08-01 09:48:01 AM,1370.7,11,15077.7,146926305.30000007
2025-08-01 09:48:07 AM,1370.2,0,0.0,146926305.30000007
2025-08-01 09:48:07 AM,1370.2,242,331588.4,147257893.70000008
2025-08-01 09:48:07 AM,1370.3,0,0.0,147257893.70000008
2025-08-01 09:48:10 AM,1370.3,10,13703.0,147271596.70000008
2025-08-01 09:48:14 AM,1371.0,161,220731.0,147492327.70000008
2025-08-01 09:48:15 AM,1370.5,0,0.0,147492327.70000008
2025-08-01 09:48:16 AM,1370.5,4,5482.0,147497809.70000008
2025-08-01 09:48:19 AM,1371.0,0,0.0,147497809.70000008
2025-08-01 09:48:20 AM,1371.0,1,1371.0,147499180.70000008
2025-08-01 09:48:26 AM,1371.0,5,6855.0,147506035.70000008
2025-08-01 09:48:29 AM,1371.0,3,4113.0,147510148.70000008
2025-08-01 09:48:35 AM,1370.8,0,0.0,147510148.70000008
2025-08-01 09:48:36 AM,1370.8,18,24674.399999999998,147534823.10000008
2025-08-01 09:48:39 AM,1371.0,0,0.0,147534823.10000008
2025-08-01 09:48:39 AM,1371.0,35,47985.0,147582808.10000008
2025-08-01 09:48:42 AM,1371.0,1,1371.0,147584179.10000008
2025-08-01 09:48:46 AM,1371.0,29,39759.0,147623938.10000008
2025-08-01 09:48:48 AM,1371.0,13,17823.0,147641761.10000008
2025-08-01 09:48:51 AM,1370.9,0,0.0,147641761.10000008
2025-08-01 09:48:51 AM,1370.7,0,0.0,147641761.10000008
2025-08-01 09:48:52 AM,1370.9,11,15079.900000000001,147656841.0000001
2025-08-01 09:48:55 AM,1371.0,0,0.0,147656841.0000001
2025-08-01 09:48:55 AM,1371.0,6,8226.0,147665067.0000001
2025-08-01 09:48:59 AM,1371.0,1,1371.0,147666438.0000001
2025-08-01 09:49:01 AM,1370.7,15,20560.5,147686998.5000001
2025-08-01 09:49:03 AM,1371.0,0,0.0,147686998.5000001
2025-08-01 09:49:05 AM,1371.0,4,5484.0,147692482.5000001
2025-08-01 09:49:11 AM,1370.8,0,0.0,147692482.5000001
2025-08-01 09:49:11 AM,1370.7,55,75388.5,147767871.0000001
2025-08-01 09:49:13 AM,1371.1,214,293415.39999999997,148061286.4000001
2025-08-01 09:49:17 AM,1371.1,4,5484.4,148066770.8000001
2025-08-01 09:49:19 AM,1371.3,0,0.0,148066770.8000001
2025-08-01 09:49:20 AM,1371.3,5,6856.5,148073627.3000001
2025-08-01 09:49:22 AM,1370.9,0,0.0,148073627.3000001
2025-08-01 09:49:23 AM,1371.0,53,72663.0,148146290.3000001
2025-08-01 09:49:29 AM,1371.5,117,160465.5,148306755.8000001
2025-08-01 09:49:32 AM,1371.5,10,13715.0,148320470.8000001
2025-08-01 09:49:39 AM,1371.4,39,53484.600000000006,148373955.4000001
2025-08-01 09:49:42 AM,1371.0,8,10968.0,148384923.4000001
2025-08-01 09:49:45 AM,1371.5,70,96005.0,148480928.4000001
2025-08-01 09:49:51 AM,1371.0,27,37017.0,148517945.4000001
2025-08-01 09:49:55 AM,1370.5,0,0.0,148517945.4000001
2025-08-01 09:49:55 AM,1370.9,574,786896.6000000001,149304842.0000001
2025-08-01 09:49:56 AM,1370.1,0,0.0,149304842.0000001
2025-08-01 09:49:58 AM,1370.1,50,68505.0,149373347.0000001
2025-08-01 09:49:59 AM,1370.7,0,0.0,149373347.0000001
2025-08-01 09:50:01 AM,1370.7,65,89095.5,149462442.5000001
2025-08-01 09:50:03 AM,1370.2,0,0.0,149462442.5000001
2025-08-01 09:50:04 AM,1370.2,1,1370.2,149463812.70000008
2025-08-01 09:50:06 AM,1370.7,0,0.0,149463812.70000008
2025-08-01 09:50:08 AM,1370.1,201,275390.1,149739202.80000007
2025-08-01 09:50:14 AM,1370.4,541,741386.4,150480589.20000008
2025-08-01 09:50:15 AM,1370.1,0,0.0,150480589.20000008
2025-08-01 09:50:17 AM,1369.1,2790,3819788.9999999995,154300378.20000008
2025-08-01 09:50:21 AM,1368.8,534,730939.2,155031317.40000007
2025-08-01 09:50:23 AM,1369.0,0,0.0,155031317.40000007
2025-08-01 09:50:24 AM,1369.6,134,183526.4,155214843.80000007
2025-08-01 09:50:24 AM,1368.9,0,0.0,155214843.80000007
2025-08-01 09:50:27 AM,1368.9,100,136890.0,155351733.80000007
2025-08-01 09:50:33 AM,1369.6,0,0.0,155351733.80000007
2025-08-01 09:50:36 AM,1369.6,53,72588.79999999999,155424322.60000008
2025-08-01 09:50:39 AM,1369.7,82,112315.40000000001,155536638.0000001
2025-08-01 09:50:46 AM,1369.7,42,57527.4,155594165.4000001
2025-08-01 09:50:48 AM,1369.7,27,36981.9,155631147.3000001
2025-08-01 09:50:51 AM,1370.3,0,0.0,155631147.3000001
2025-08-01 09:50:52 AM,1370.3,307,420682.1,156051829.4000001
2025-08-01 09:50:57 AM,1370.2,0,0.0,156051829.4000001
2025-08-01 09:50:58 AM,1370.2,7,9591.4,156061420.8000001
2025-08-01 09:51:00 AM,1370.2,11,15072.2,156076493.0000001
2025-08-01 09:51:06 AM,1370.4,0,0.0,156076493.0000001
2025-08-01 09:51:07 AM,1370.4,138,189115.2,156265608.20000008
2025-08-01 09:51:10 AM,1370.5,0,0.0,156265608.20000008
2025-08-01 09:51:11 AM,1370.5,6,8223.0,156273831.20000008
2025-08-01 09:51:13 AM,1370.3,0,0.0,156273831.20000008
2025-08-01 09:51:13 AM,1370.3,204,279541.2,156553372.40000007
2025-08-01 09:51:17 AM,1370.4,0,0.0,156553372.40000007
2025-08-01 09:51:17 AM,1370.4,4,5481.6,156558854.00000006
2025-08-01 09:51:18 AM,1370.3,0,0.0,156558854.00000006
2025-08-01 09:51:19 AM,1370.3,250,342575.0,156901429.00000006
2025-08-01 09:51:22 AM,1370.7,0,0.0,156901429.00000006
2025-08-01 09:51:23 AM,1370.7,25,34267.5,156935696.50000006
2025-08-01 09:51:30 AM,1370.7,80,109656.0,157045352.50000006
2025-08-01 09:51:32 AM,1370.3,0,0.0,157045352.50000006
2025-08-01 09:51:36 AM,1370.3,13,17813.899999999998,157063166.40000007
2025-08-01 09:51:38 AM,1370.3,11,15073.3,157078239.70000008
2025-08-01 09:51:42 AM,1370.0,57,78090.0,157156329.70000008
2025-08-01 09:51:43 AM,1369.7,0,0.0,157156329.70000008
2025-08-01 09:51:45 AM,1369.7,38,52048.6,157208378.30000007
2025-08-01 09:51:46 AM,1369.6,0,0.0,157208378.30000007
2025-08-01 09:51:49 AM,1369.6,5,6848.0,157215226.30000007
2025-08-01 09:51:51 AM,1368.2,0,0.0,157215226.30000007
2025-08-01 09:51:51 AM,1368.5,1074,1469769.0,158684995.30000007
2025-08-01 09:51:55 AM,1368.5,49,67056.5,158752051.80000007
2025-08-01 09:51:57 AM,1368.5,13,17790.5,158769842.30000007
2025-08-01 09:52:02 AM,1368.1,0,0.0,158769842.30000007
2025-08-01 09:52:03 AM,1368.5,13,17790.5,158787632.80000007
2025-08-01 09:52:06 AM,1368.5,8,10948.0,158798580.80000007
2025-08-01 09:52:08 AM,1368.1,0,0.0,158798580.80000007
2025-08-01 09:52:09 AM,1368.1,21,28730.1,158827310.90000007
2025-08-01 09:52:14 AM,1368.4,0,0.0,158827310.90000007
2025-08-01 09:52:14 AM,1368.0,0,0.0,158827310.90000007
2025-08-01 09:52:16 AM,1367.1,3724,5091080.399999999,163918391.30000007
2025-08-01 09:52:17 AM,1367.7,0,0.0,163918391.30000007
2025-08-01 09:52:19 AM,1367.6,13,17778.8,163936170.10000008
2025-08-01 09:52:20 AM,1367.5,0,0.0,163936170.10000008
2025-08-01 09:52:22 AM,1367.5,7,9572.5,163945742.60000008
2025-08-01 09:52:25 AM,1368.0,0,0.0,163945742.60000008
2025-08-01 09:52:26 AM,1368.1,0,0.0,163945742.60000008
2025-08-01 09:52:28 AM,1368.0,613,838584.0,164784326.60000008
2025-08-01 09:52:31 AM,1367.4,160,218784.0,165003110.60000008
2025-08-01 09:52:32 AM,1368.1,0,0.0,165003110.60000008
2025-08-01 09:52:34 AM,1368.1,5,6840.5,165009951.10000008
2025-08-01 09:52:40 AM,1367.8,5,6839.0,165016790.10000008
2025-08-01 09:52:40 AM,1367.6,0,0.0,165016790.10000008
2025-08-01 09:52:41 AM,1368.0,0,0.0,165016790.10000008
2025-08-01 09:52:43 AM,1367.9,0,0.0,165016790.10000008
2025-08-01 09:52:43 AM,1367.9,26,35565.4,165052355.5000001
2025-08-01 09:52:46 AM,1367.5,122,166835.0,165219190.5000001
2025-08-01 09:52:50 AM,1367.2,0,0.0,165219190.5000001
2025-08-01 09:52:50 AM,1367.2,1827,2497874.4,167717064.9000001
2025-08-01 09:52:50 AM,1366.6,0,0.0,167717064.9000001
2025-08-01 09:52:52 AM,1367.0,35,47845.0,167764909.9000001
2025-08-01 09:52:53 AM,1366.6,0,0.0,167764909.9000001
2025-08-01 09:52:56 AM,1366.6,34,46464.399999999994,167811374.3000001
2025-08-01 09:52:58 AM,1367.0,0,0.0,167811374.3000001
2025-08-01 09:52:58 AM,1367.0,178,243326.0,168054700.3000001
2025-08-01 09:52:59 AM,1366.5,0,0.0,168054700.3000001
2025-08-01 09:53:01 AM,1366.5,89,121618.5,168176318.8000001
2025-08-01 09:53:03 AM,1367.0,0,0.0,168176318.8000001
2025-08-01 09:53:03 AM,1367.0,14,19138.0,168195456.8000001
2025-08-01 09:53:07 AM,1366.6,0,0.0,168195456.8000001
2025-08-01 09:53:07 AM,1366.6,25,34165.0,168229621.8000001
2025-08-01 09:53:07 AM,1366.5,50,68325.0,168297946.8000001
2025-08-01 09:53:09 AM,1367.1,31,42380.1,168340326.9000001
2025-08-01 09:53:10 AM,1366.9,7,9568.300000000001,168349895.2000001
2025-08-01 09:53:12 AM,1366.8,0,0.0,168349895.2000001
2025-08-01 09:53:13 AM,1366.8,30,41004.0,168390899.2000001
2025-08-01 09:53:14 AM,1366.4,0,0.0,168390899.2000001
2025-08-01 09:53:15 AM,1366.3,0,0.0,168390899.2000001
2025-08-01 09:53:15 AM,1366.3,17,23227.1,168414126.3000001
2025-08-01 09:53:16 AM,1366.2,41,56014.200000000004,168470140.5000001
2025-08-01 09:53:17 AM,1366.1,55,75135.5,168545276.0000001
2025-08-01 09:53:18 AM,1366.1,5,6830.5,168552106.5000001
2025-08-01 09:53:18 AM,1366.2,0,0.0,168552106.5000001
2025-08-01 09:53:19 AM,1366.2,1,1366.2,168553472.70000008
2025-08-01 09:53:21 AM,1366.3,0,0.0,168553472.70000008
2025-08-01 09:53:22 AM,1366.3,100,136630.0,168690102.70000008
2025-08-01 09:53:22 AM,1366.0,0,0.0,168690102.70000008
2025-08-01 09:53:23 AM,1366.0,410,560060.0,169250162.70000008
2025-08-01 09:53:27 AM,1366.2,1,1366.2,169251528.90000007
2025-08-01 09:53:28 AM,1366.2,31,42352.200000000004,169293881.10000005
2025-08-01 09:53:28 AM,1366.3,0,0.0,169293881.10000005
2025-08-01 09:53:29 AM,1366.3,7,9564.1,169303445.20000005
2025-08-01 09:53:29 AM,1366.3,1,1366.3,169304811.50000006
2025-08-01 09:53:35 AM,1366.2,26,35521.200000000004,169340332.70000005
2025-08-01 09:53:36 AM,1366.2,29,39619.8,169379952.50000006
2025-08-01 09:53:37 AM,1366.6,22,30065.199999999997,169410017.70000005
2025-08-01 09:53:40 AM,1366.3,2,2732.6,169412750.30000004
2025-08-01 09:53:41 AM,1366.0,1,1366.0,169414116.30000004
2025-08-01 09:53:43 AM,1366.2,0,0.0,169414116.30000004
2025-08-01 09:53:44 AM,1366.2,10,13662.0,169427778.30000004
2025-08-01 09:53:45 AM,1366.4,0,0.0,169427778.30000004
2025-08-01 09:53:46 AM,1366.4,318,434515.2,169862293.50000003
2025-08-01 09:53:46 AM,1366.2,0,0.0,169862293.50000003
2025-08-01 09:53:47 AM,1366.2,38,51915.6,169914209.10000002
2025-08-01 09:53:49 AM,1366.4,0,0.0,169914209.10000002
2025-08-01 09:53:49 AM,1366.4,10,13664.0,169927873.10000002
2025-08-01 09:53:49 AM,1366.8,500,683400.0,170611273.10000002
2025-08-01 09:53:50 AM,1366.7,20,27334.0,170638607.10000002
2025-08-01 09:53:53 AM,1366.7,1,1366.7,170639973.8
2025-08-01 09:53:57 AM,1365.8,0,0.0,170639973.8
2025-08-01 09:53:58 AM,1365.8,1627,2222156.6,172862130.4
2025-08-01 09:53:59 AM,1365.8,3,4097.4,172866227.8
2025-08-01 09:54:04 AM,1365.8,61,83313.8,172949541.60000002
2025-08-01 09:54:05 AM,1366.3,300,409890.0,173359431.60000002
2025-08-01 09:54:09 AM,1366.1,0,0.0,173359431.60000002
2025-08-01 09:54:10 AM,1366.1,30,40983.0,173400414.60000002
2025-08-01 09:54:11 AM,1365.8,849,1159564.2,174559978.8
2025-08-01 09:54:12 AM,1365.6,0,0.0,174559978.8
2025-08-01 09:54:15 AM,1365.0,0,0.0,174559978.8
2025-08-01 09:54:16 AM,1365.0,1928,2631720.0,177191698.8
2025-08-01 09:54:21 AM,1365.4,0,0.0,177191698.8
2025-08-01 09:54:23 AM,1365.4,486,663584.4,177855283.20000002
2025-08-01 09:54:27 AM,1365.0,0,0.0,177855283.20000002
2025-08-01 09:54:27 AM,1365.2,0,0.0,177855283.20000002
2025-08-01 09:54:29 AM,1365.0,715,975975.0,178831258.20000002
2025-08-01 09:54:30 AM,1365.2,485,662122.0,179493380.20000002
2025-08-01 09:54:31 AM,1365.0,0,0.0,179493380.20000002
2025-08-01 09:54:34 AM,1365.2,0,0.0,179493380.20000002
2025-08-01 09:54:35 AM,1365.2,386,526967.2000000001,180020347.4
2025-08-01 09:54:39 AM,1365.4,0,0.0,180020347.4
2025-08-01 09:54:41 AM,1365.5,160,218480.0,180238827.4
2025-08-01 09:54:45 AM,1365.7,0,0.0,180238827.4
2025-08-01 09:54:46 AM,1365.9,0,0.0,180238827.4
2025-08-01 09:54:47 AM,1365.9,146,199421.40000000002,180438248.8
2025-08-01 09:54:51 AM,1366.2,0,0.0,180438248.8
2025-08-01 09:54:53 AM,1366.2,42,57380.4,180495629.20000002
2025-08-01 09:54:53 AM,1365.6,100,136560.0,180632189.20000002
2025-08-01 09:55:00 AM,1366.2,0,0.0,180632189.20000002
2025-08-01 09:55:04 AM,1365.8,0,0.0,180632189.20000002
2025-08-01 09:55:04 AM,1365.8,6,8194.8,180640384.00000003
2025-08-01 09:55:04 AM,1366.2,0,0.0,180640384.00000003
2025-08-01 09:55:05 AM,1366.2,97,132521.4,180772905.40000004
2025-08-01 09:55:07 AM,1365.8,0,0.0,180772905.40000004
2025-08-01 09:55:09 AM,1366.4,0,0.0,180772905.40000004
2025-08-01 09:55:10 AM,1365.9,257,351036.30000000005,181123941.70000005
2025-08-01 09:55:11 AM,1365.9,18,24586.2,181148527.90000004
2025-08-01 09:55:13 AM,1365.5,0,0.0,181148527.90000004
2025-08-01 09:55:13 AM,1365.7,0,0.0,181148527.90000004
2025-08-01 09:55:16 AM,1365.4,0,0.0,181148527.90000004
2025-08-01 09:55:16 AM,1365.4,528,720931.2000000001,181869459.10000002
2025-08-01 09:55:22 AM,1365.7,6,8194.2,181877653.3
2025-08-01 09:55:28 AM,1365.4,14,19115.600000000002,181896768.9
2025-08-01 09:55:34 AM,1365.3,0,0.0,181896768.9
2025-08-01 09:55:34 AM,1365.3,102,139260.6,182036029.5
2025-08-01 09:55:40 AM,1365.3,120,163836.0,182199865.5
2025-08-01 09:55:46 AM,1365.2,127,173380.4,182373245.9
2025-08-01 09:55:47 AM,1365.4,2,2730.8,182375976.70000002
2025-08-01 09:55:52 AM,1365.4,7,9557.800000000001,182385534.50000003
2025-08-01 09:55:53 AM,1365.4,50,68270.0,182453804.50000003
2025-08-01 09:55:59 AM,1365.4,201,274445.4,182728249.90000004
2025-08-01 09:56:05 AM,1365.4,5,6827.0,182735076.90000004
2025-08-01 09:56:05 AM,1365.4,80,109232.0,182844308.90000004
2025-08-01 09:56:09 AM,1365.7,0,0.0,182844308.90000004
2025-08-01 09:56:10 AM,1366.1,286,390704.6,183235013.50000003
2025-08-01 09:56:12 AM,1365.9,0,0.0,183235013.50000003
2025-08-01 09:56:15 AM,1366.1,0,0.0,183235013.50000003
2025-08-01 09:56:17 AM,1366.1,155,211745.5,183446759.00000003
2025-08-01 09:56:17 AM,1366.1,1,1366.1,183448125.10000002
2025-08-01 09:56:18 AM,1365.7,0,0.0,183448125.10000002
2025-08-01 09:56:23 AM,1365.6,116,158409.59999999998,183606534.70000002
2025-08-01 09:56:28 AM,1365.8,0,0.0,183606534.70000002
2025-08-01 09:56:28 AM,1366.4,162,221356.80000000002,183827891.50000003
2025-08-01 09:56:33 AM,1366.1,0,0.0,183827891.50000003
2025-08-01 09:56:34 AM,1365.9,27,36879.3,183864770.80000004
2025-08-01 09:56:39 AM,1365.8,0,0.0,183864770.80000004
2025-08-01 09:56:40 AM,1365.8,43,58729.4,183923500.20000005
2025-08-01 09:56:41 AM,1366.1,6,8196.599999999999,183931696.80000004
2025-08-01 09:56:42 AM,1365.7,0,0.0,183931696.80000004
2025-08-01 09:56:45 AM,1365.3,0,0.0,183931696.80000004
2025-08-01 09:56:46 AM,1365.2,412,562462.4,184494159.20000005
2025-08-01 09:56:47 AM,1365.2,306,417751.2,184911910.40000004
2025-08-01 09:56:49 AM,1365.3,0,0.0,184911910.40000004
2025-08-01 09:56:53 AM,1365.7,0,0.0,184911910.40000004
2025-08-01 09:56:53 AM,1365.7,1000,1365700.0,186277610.40000004
2025-08-01 09:56:54 AM,1365.8,2,2731.6,186280342.00000003
2025-08-01 09:56:57 AM,1365.7,0,0.0,186280342.00000003
2025-08-01 09:56:58 AM,1365.2,10,13652.0,186293994.00000003
2025-08-01 09:57:00 AM,1365.6,18,24580.8,186318574.80000004
2025-08-01 09:57:04 AM,1366.0,6,8196.0,186326770.80000004
2025-08-01 09:57:09 AM,1365.9,0,0.0,186326770.80000004
2025-08-01 09:57:10 AM,1365.9,50,68295.0,186395065.80000004
2025-08-01 09:57:12 AM,1365.9,50,68295.0,186463360.80000004
2025-08-01 09:57:16 AM,1365.1,197,268924.69999999995,186732285.50000003
2025-08-01 09:57:22 AM,1365.7,12,16388.4,186748673.90000004
2025-08-01 09:57:27 AM,1365.6,25,34140.0,186782813.90000004
2025-08-01 09:57:30 AM,1365.6,1,1365.6,186784179.50000003
2025-08-01 09:57:33 AM,1364.3,0,0.0,186784179.50000003
2025-08-01 09:57:33 AM,1364.7,15072,20568758.400000002,207352937.90000004
2025-08-01 09:57:36 AM,1364.7,6,8188.200000000001,207361126.10000002
2025-08-01 09:57:37 AM,1364.8,0,0.0,207361126.10000002
2025-08-01 09:57:37 AM,1364.7,0,0.0,207361126.10000002
2025-08-01 09:57:39 AM,1364.7,15,20470.5,207381596.60000002
2025-08-01 09:57:42 AM,1364.3,23,31378.899999999998,207412975.50000003
2025-08-01 09:57:45 AM,1364.3,127,173266.1,207586241.60000002
2025-08-01 09:57:49 AM,1364.2,0,0.0,207586241.60000002
2025-08-01 09:57:51 AM,1364.2,229,312401.8,207898643.40000004
2025-08-01 09:57:54 AM,1364.2,21,28648.2,207927291.60000002
2025-08-01 09:57:57 AM,1364.7,0,0.0,207927291.60000002
2025-08-01 09:57:57 AM,1364.7,10,13647.0,207940938.60000002
2025-08-01 09:58:04 AM,1364.4,17,23194.800000000003,207964133.40000004
2025-08-01 09:58:05 AM,1364.2,0,0.0,207964133.40000004
2025-08-01 09:58:06 AM,1364.4,12,16372.800000000001,207980506.20000005
2025-08-01 09:58:10 AM,1364.3,0,0.0,207980506.20000005
2025-08-01 09:58:10 AM,1364.4,18,24559.2,208005065.40000004
2025-08-01 09:58:13 AM,1364.3,249,339710.7,208344776.10000002
2025-08-01 09:58:16 AM,1364.4,90,122796.00000000001,208467572.10000002
2025-08-01 09:58:18 AM,1364.3,0,0.0,208467572.10000002
2025-08-01 09:58:18 AM,1364.3,3,4092.8999999999996,208471665.00000003
2025-08-01 09:58:22 AM,1364.4,10,13644.0,208485309.00000003
2025-08-01 09:58:24 AM,1364.0,122,166408.0,208651717.00000003
2025-08-01 09:58:26 AM,1364.2,0,0.0,208651717.00000003
2025-08-01 09:58:28 AM,1364.0,194,264616.0,208916333.00000003
2025-08-01 09:58:30 AM,1363.9,0,0.0,208916333.00000003
2025-08-01 09:58:30 AM,1363.9,79,107748.1,209024081.10000002
2025-08-01 09:58:34 AM,1363.6,0,0.0,209024081.10000002
2025-08-01 09:58:34 AM,1363.6,244,332718.39999999997,209356799.50000003
2025-08-01 09:58:42 AM,1364.0,0,0.0,209356799.50000003
2025-08-01 09:58:43 AM,1364.0,1,1364.0,209358163.50000003
2025-08-01 09:58:46 AM,1363.5,0,0.0,209358163.50000003
2025-08-01 09:58:46 AM,1363.5,137,186799.5,209544963.00000003
2025-08-01 09:58:49 AM,1363.9,10,13639.0,209558602.00000003
2025-08-01 09:58:52 AM,1363.9,2,2727.8,209561329.80000004
2025-08-01 09:58:55 AM,1363.9,3,4091.7000000000003,209565421.50000003
2025-08-01 09:58:58 AM,1363.8,0,0.0,209565421.50000003
2025-08-01 09:58:58 AM,1363.8,7,9546.6,209574968.10000002
2025-08-01 09:59:01 AM,1363.8,9,12274.199999999999,209587242.3
2025-08-01 09:59:04 AM,1363.0,880,1199440.0,210786682.3
2025-08-01 09:59:06 AM,1363.1,0,0.0,210786682.3
2025-08-01 09:59:07 AM,1363.1,60,81786.0,210868468.3
2025-08-01 09:59:08 AM,1363.8,0,0.0,210868468.3
2025-08-01 09:59:11 AM,1363.8,53,72281.4,210940749.70000002
2025-08-01 09:59:12 AM,1363.7,0,0.0,210940749.70000002
2025-08-01 09:59:13 AM,1363.7,10,13637.0,210954386.70000002
2025-08-01 09:59:16 AM,1363.5,0,0.0,210954386.70000002
2025-08-01 09:59:17 AM,1363.2,137,186758.4,211141145.10000002
2025-08-01 09:59:20 AM,1363.5,0,0.0,211141145.10000002
2025-08-01 09:59:20 AM,1363.5,31,42268.5,211183413.60000002
2025-08-01 09:59:23 AM,1364.0,173,235972.0,211419385.60000002
2025-08-01 09:59:28 AM,1363.6,0,0.0,211419385.60000002
2025-08-01 09:59:30 AM,1363.6,250,340900.0,211760285.60000002
2025-08-01 09:59:32 AM,1363.9,0,0.0,211760285.60000002
2025-08-01 09:59:32 AM,1363.9,10,13639.0,211773924.60000002
2025-08-01 09:59:36 AM,1363.8,0,0.0,211773924.60000002
2025-08-01 09:59:36 AM,1363.8,55,75009.0,211848933.60000002
2025-08-01 09:59:39 AM,1363.9,6,8183.400000000001,211857117.00000003
2025-08-01 09:59:40 AM,1363.8,0,0.0,211857117.00000003
2025-08-01 09:59:42 AM,1363.8,23,31367.399999999998,211888484.40000004
2025-08-01 09:59:45 AM,1363.8,39,53188.2,211941672.60000002
2025-08-01 09:59:48 AM,1364.1,0,0.0,211941672.60000002
2025-08-01 09:59:48 AM,1364.1,161,219620.09999999998,212161292.70000002
2025-08-01 09:59:51 AM,1364.4,0,0.0,212161292.70000002
2025-08-01 09:59:51 AM,1364.4,182,248320.80000000002,212409613.50000003
2025-08-01 09:59:54 AM,1364.4,2,2728.8,212412342.30000004
2025-08-01 09:59:57 AM,1364.3,0,0.0,212412342.30000004
2025-08-01 09:59:57 AM,1364.3,1,1364.3,212413706.60000005
2025-08-01 09:59:59 AM,1364.0,0,0.0,212413706.60000005
2025-08-01 10:00:00 AM,1364.1,0,0.0,212413706.60000005
2025-08-01 10:00:00 AM,1364.1,49,66840.9,212480547.50000006
2025-08-01 10:00:03 AM,1364.0,0,0.0,212480547.50000006
2025-08-01 10:00:03 AM,1364.0,13,17732.0,212498279.50000006
2025-08-01 10:00:07 AM,1364.1,0,0.0,212498279.50000006
2025-08-01 10:00:07 AM,1364.1,2,2728.2,212501007.70000005
2025-08-01 10:00:09 AM,1364.0,0,0.0,212501007.70000005
2025-08-01 10:00:10 AM,1364.0,536,731104.0,213232111.70000005
2025-08-01 10:00:13 AM,1363.6,4,5454.4,213237566.10000005
2025-08-01 10:00:16 AM,1363.0,0,0.0,213237566.10000005
2025-08-01 10:00:16 AM,1363.0,517,704671.0,213942237.10000005
2025-08-01 10:00:20 AM,1363.4,2357,3213533.8000000003,217155770.90000007
2025-08-01 10:00:21 AM,1363.0,0,0.0,217155770.90000007
2025-08-01 10:00:23 AM,1363.0,52,70876.0,217226646.90000007
2025-08-01 10:00:26 AM,1363.4,143,194966.2,217421613.10000005
2025-08-01 10:00:27 AM,1362.8,0,0.0,217421613.10000005
2025-08-01 10:00:28 AM,1363.0,0,0.0,217421613.10000005
2025-08-01 10:00:29 AM,1363.4,1731,2360045.4000000004,219781658.50000006
2025-08-01 10:00:32 AM,1363.3,29,39535.7,219821194.20000005
2025-08-01 10:00:33 AM,1363.7,0,0.0,219821194.20000005
2025-08-01 10:00:34 AM,1363.3,0,0.0,219821194.20000005
2025-08-01 10:00:35 AM,1363.7,513,699578.1,220520772.30000004
2025-08-01 10:00:38 AM,1363.3,159,216764.69999999998,220737537.00000003
2025-08-01 10:00:42 AM,1363.7,1,1363.7,220738900.70000002
2025-08-01 10:00:45 AM,1363.3,0,0.0,220738900.70000002
2025-08-01 10:00:45 AM,1363.3,2384,3250107.1999999997,223989007.9
2025-08-01 10:00:48 AM,1363.0,358,487954.0,224476961.9
2025-08-01 10:00:51 AM,1362.8,0,0.0,224476961.9
2025-08-01 10:00:51 AM,1362.8,19,25893.2,224502855.1
2025-08-01 10:00:54 AM,1362.6,314,427856.39999999997,224930711.5
2025-08-01 10:00:57 AM,1362.6,11,14988.599999999999,224945700.1
2025-08-01 10:01:01 AM,1363.2,11,14995.2,224960695.29999998
2025-08-01 10:01:02 AM,1363.0,0,0.0,224960695.29999998
2025-08-01 10:01:04 AM,1363.3,197,268570.1,225229265.39999998
2025-08-01 10:01:07 AM,1363.7,79,107732.3,225336997.7
2025-08-01 10:01:09 AM,1363.8,0,0.0,225336997.7
2025-08-01 10:01:10 AM,1363.8,27,36822.6,225373820.29999998
2025-08-01 10:01:14 AM,1363.9,0,0.0,225373820.29999998
2025-08-01 10:01:15 AM,1363.8,0,0.0,225373820.29999998
2025-08-01 10:01:16 AM,1363.7,131,178644.7,225552464.99999997
2025-08-01 10:01:19 AM,1363.8,0,0.0,225552464.99999997
2025-08-01 10:01:20 AM,1364.0,204,278256.0,225830720.99999997
2025-08-01 10:01:22 AM,1364.1,136,185517.59999999998,226016238.59999996
2025-08-01 10:01:26 AM,1364.5,0,0.0,226016238.59999996
2025-08-01 10:01:26 AM,1364.5,106,144637.0,226160875.59999996
2025-08-01 10:01:28 AM,1365.2,207,282596.4,226443471.99999997
2025-08-01 10:01:32 AM,1365.4,2,2730.8,226446202.79999998
2025-08-01 10:01:34 AM,1364.9,5,6824.5,226453027.29999998
2025-08-01 10:01:35 AM,1365.4,0,0.0,226453027.29999998
2025-08-01 10:01:38 AM,1365.4,69,94212.6,226547239.89999998
2025-08-01 10:01:40 AM,1365.4,1,1365.4,226548605.29999998
2025-08-01 10:01:43 AM,1365.6,0,0.0,226548605.29999998
2025-08-01 10:01:43 AM,1365.5,0,0.0,226548605.29999998
2025-08-01 10:01:44 AM,1365.1,65,88731.5,226637336.79999998
2025-08-01 10:01:47 AM,1365.0,62,84630.0,226721966.79999998
2025-08-01 10:01:51 AM,1365.6,0,0.0,226721966.79999998
2025-08-01 10:01:51 AM,1365.6,10,13656.0,226735622.79999998
2025-08-01 10:01:52 AM,1365.6,13,17752.8,226753375.6
2025-08-01 10:01:55 AM,1365.8,0,0.0,226753375.6
2025-08-01 10:01:57 AM,1365.1,222,303052.19999999995,227056427.79999998
2025-08-01 10:02:00 AM,1365.8,0,0.0,227056427.79999998
2025-08-01 10:02:03 AM,1365.8,1,1365.8,227057793.6
2025-08-01 10:02:04 AM,1365.5,2,2731.0,227060524.6
2025-08-01 10:02:07 AM,1365.8,0,0.0,227060524.6
2025-08-01 10:02:09 AM,1365.8,4,5463.2,227065987.79999998
2025-08-01 10:02:11 AM,1365.9,125,170737.5,227236725.29999998
2025-08-01 10:02:15 AM,1365.8,0,0.0,227236725.29999998
2025-08-01 10:02:15 AM,1365.8,75,102435.0,227339160.29999998
2025-08-01 10:02:22 AM,1366.2,0,0.0,227339160.29999998
2025-08-01 10:02:22 AM,1366.2,14,19126.8,227358287.1
2025-08-01 10:02:28 AM,1366.6,0,0.0,227358287.1
2025-08-01 10:02:28 AM,1366.6,122,166725.19999999998,227525012.29999998
2025-08-01 10:02:34 AM,1366.8,111,151714.8,227676727.1
2025-08-01 10:02:40 AM,1366.0,0,0.0,227676727.1
2025-08-01 10:02:40 AM,1366.1,0,0.0,227676727.1
2025-08-01 10:02:41 AM,1366.1,47,64206.7,227740933.79999998
2025-08-01 10:02:45 AM,1366.0,0,0.0,227740933.79999998
2025-08-01 10:02:47 AM,1365.8,126,172090.8,227913024.6
2025-08-01 10:02:54 AM,1366.3,0,0.0,227913024.6
2025-08-01 10:02:54 AM,1366.3,1,1366.3,227914390.9
2025-08-01 10:02:58 AM,1366.1,0,0.0,227914390.9
2025-08-01 10:03:00 AM,1365.9,13,17756.7,227932147.6
2025-08-01 10:03:06 AM,1365.7,0,0.0,227932147.6
2025-08-01 10:03:06 AM,1365.7,95,129741.5,228061889.1
2025-08-01 10:03:08 AM,1366.2,105,143451.0,228205340.1
2025-08-01 10:03:13 AM,1366.1,127,173494.69999999998,228378834.79999998
2025-08-01 10:03:19 AM,1366.5,3,4099.5,228382934.29999998
2025-08-01 10:03:21 AM,1366.7,774,1057825.8,229440760.1
2025-08-01 10:03:26 AM,1367.5,0,0.0,229440760.1
2025-08-01 10:03:26 AM,1367.5,385,526487.5,229967247.6
2025-08-01 10:03:28 AM,1368.1,191,261307.09999999998,230228554.7
2025-08-01 10:03:32 AM,1367.7,59,80694.3,230309249.0
2025-08-01 10:03:34 AM,1367.5,0,0.0,230309249.0
2025-08-01 10:03:34 AM,1367.5,50,68375.0,230377624.0
2025-08-01 10:03:38 AM,1367.2,0,0.0,230377624.0
2025-08-01 10:03:39 AM,1367.2,2,2734.4,230380358.4
2025-08-01 10:03:41 AM,1367.4,3,4102.200000000001,230384460.6
2025-08-01 10:03:42 AM,1367.9,0,0.0,230384460.6
2025-08-01 10:03:45 AM,1367.4,128,175027.2,230559487.79999998
2025-08-01 10:03:50 AM,1367.5,0,0.0,230559487.79999998
2025-08-01 10:03:51 AM,1367.5,100,136750.0,230696237.79999998
2025-08-01 10:03:57 AM,1367.5,21,28717.5,230724955.29999998
2025-08-01 10:04:03 AM,1367.5,35,47862.5,230772817.79999998
2025-08-01 10:04:05 AM,1367.5,10,13675.0,230786492.79999998
2025-08-01 10:04:09 AM,1367.6,256,350105.6,231136598.39999998
2025-08-01 10:04:12 AM,1367.8,195,266721.0,231403319.39999998
2025-08-01 10:04:18 AM,1367.6,0,0.0,231403319.39999998
2025-08-01 10:04:18 AM,1367.6,19,25984.399999999998,231429303.79999998
2025-08-01 10:04:24 AM,1367.7,1,1367.7,231430671.49999997
2025-08-01 10:04:28 AM,1367.6,1,1367.6,231432039.09999996
2025-08-01 10:04:31 AM,1367.7,139,190110.30000000002,231622149.39999998
2025-08-01 10:04:35 AM,1367.7,3,4103.1,231626252.49999997
2025-08-01 10:04:39 AM,1367.9,0,0.0,231626252.49999997
2025-08-01 10:04:41 AM,1367.9,5,6839.5,231633091.99999997
2025-08-01 10:04:43 AM,1368.0,132,180576.0,231813667.99999997
2025-08-01 10:04:47 AM,1368.0,63,86184.0,231899851.99999997
2025-08-01 10:04:49 AM,1368.0,10,13680.0,231913531.99999997
2025-08-01 10:04:53 AM,1368.0,100,136800.0,232050331.99999997
2025-08-01 10:04:55 AM,1368.1,49,67036.9,232117368.89999998
2025-08-01 10:04:59 AM,1368.0,3,4104.0,232121472.89999998
2025-08-01 10:05:06 AM,1368.4,0,0.0,232121472.89999998
2025-08-01 10:05:06 AM,1368.4,8,10947.2,232132420.09999996
2025-08-01 10:05:08 AM,1368.4,12,16420.800000000003,232148840.89999998
2025-08-01 10:05:09 AM,1368.2,0,0.0,232148840.89999998
2025-08-01 10:05:12 AM,1367.8,0,0.0,232148840.89999998
2025-08-01 10:05:12 AM,1367.8,765,1046367.0,233195207.89999998
2025-08-01 10:05:14 AM,1367.6,139,190096.4,233385304.29999998
2025-08-01 10:05:15 AM,1367.3,0,0.0,233385304.29999998
2025-08-01 10:05:18 AM,1367.2,156,213283.2,233598587.49999997
2025-08-01 10:05:19 AM,1367.3,0,0.0,233598587.49999997
2025-08-01 10:05:20 AM,1367.2,216,295315.2,233893902.69999996
2025-08-01 10:05:24 AM,1367.2,16,21875.2,233915777.89999995
2025-08-01 10:05:26 AM,1367.2,152,207814.4,234123592.29999995
2025-08-01 10:05:30 AM,1367.5,2,2735.0,234126327.29999995
2025-08-01 10:05:33 AM,1367.5,3,4102.5,234130429.79999995
2025-08-01 10:05:37 AM,1367.2,0,0.0,234130429.79999995
2025-08-01 10:05:37 AM,1367.2,18,24609.600000000002,234155039.39999995
2025-08-01 10:05:38 AM,1367.5,3,4102.5,234159141.89999995
2025-08-01 10:05:42 AM,1367.3,9,12305.699999999999,234171447.59999993
2025-08-01 10:05:43 AM,1367.4,0,0.0,234171447.59999993
2025-08-01 10:05:44 AM,1367.0,34,46478.0,234217925.59999993
2025-08-01 10:05:48 AM,1366.3,207,282824.1,234500749.69999993
2025-08-01 10:05:52 AM,1366.5,0,0.0,234500749.69999993
2025-08-01 10:05:54 AM,1366.9,0,0.0,234500749.69999993
2025-08-01 10:05:54 AM,1366.9,2,2733.8,234503483.49999994
2025-08-01 10:05:57 AM,1366.7,16,21867.2,234525350.69999993
2025-08-01 10:06:00 AM,1366.2,0,0.0,234525350.69999993
2025-08-01 10:06:00 AM,1366.2,591,807424.2000000001,235332774.89999992
2025-08-01 10:06:04 AM,1366.8,0,0.0,235332774.89999992
2025-08-01 10:06:06 AM,1366.3,63,86076.9,235418851.79999992
2025-08-01 10:06:08 AM,1366.5,0,0.0,235418851.79999992
2025-08-01 10:06:09 AM,1366.5,2,2733.0,235421584.79999992
2025-08-01 10:06:12 AM,1366.6,0,0.0,235421584.79999992
2025-08-01 10:06:12 AM,1366.6,7,9566.199999999999,235431150.9999999
2025-08-01 10:06:15 AM,1365.9,62,84685.8,235515836.79999992
2025-08-01 10:06:18 AM,1365.8,0,0.0,235515836.79999992
2025-08-01 10:06:18 AM,1365.8,119,162530.19999999998,235678366.9999999
2025-08-01 10:06:20 AM,1366.3,0,0.0,235678366.9999999
2025-08-01 10:06:20 AM,1366.3,1,1366.3,235679733.29999992
2025-08-01 10:06:23 AM,1365.8,0,0.0,235679733.29999992
2025-08-01 10:06:24 AM,1366.3,0,0.0,235679733.29999992
2025-08-01 10:06:24 AM,1365.9,65,88783.5,235768516.79999992
2025-08-01 10:06:30 AM,1366.3,0,0.0,235768516.79999992
2025-08-01 10:06:30 AM,1366.3,2,2732.6,235771249.39999992
2025-08-01 10:06:32 AM,1366.4,87,118876.8,235890126.19999993
2025-08-01 10:06:36 AM,1365.8,35,47803.0,235937929.19999993
2025-08-01 10:06:41 AM,1366.3,0,0.0,235937929.19999993
2025-08-01 10:06:41 AM,1366.2,0,0.0,235937929.19999993
2025-08-01 10:06:42 AM,1366.2,28,38253.6,235976182.79999992
2025-08-01 10:06:44 AM,1366.1,24,32786.399999999994,236008969.19999993
2025-08-01 10:06:46 AM,1365.8,0,0.0,236008969.19999993
2025-08-01 10:06:48 AM,1366.2,134,183070.80000000002,236192039.99999994
2025-08-01 10:06:50 AM,1366.6,196,267853.6,236459893.59999993
2025-08-01 10:06:54 AM,1366.3,5,6831.5,236466725.09999993
2025-08-01 10:06:56 AM,1366.3,6,8197.8,236474922.89999995
2025-08-01 10:07:01 AM,1366.1,0,0.0,236474922.89999995
2025-08-01 10:07:01 AM,1366.1,13,17759.3,236492682.19999996
2025-08-01 10:07:02 AM,1366.1,14,19125.399999999998,236511807.59999996
2025-08-01 10:07:06 AM,1366.7,0,0.0,236511807.59999996
2025-08-01 10:07:07 AM,1366.7,61,83368.7,236595176.29999995
2025-08-01 10:07:09 AM,1366.1,25,34152.5,236629328.79999995
2025-08-01 10:07:11 AM,1366.3,0,0.0,236629328.79999995
2025-08-01 10:07:13 AM,1366.3,25,34157.5,236663486.29999995
2025-08-01 10:07:15 AM,1366.7,128,174937.6,236838423.89999995
2025-08-01 10:07:17 AM,1367.0,0,0.0,236838423.89999995
2025-08-01 10:07:19 AM,1367.0,10,13670.0,236852093.89999995
2025-08-01 10:07:21 AM,1367.0,10,13670.0,236865763.89999995
2025-08-01 10:07:26 AM,1366.6,143,195423.8,237061187.69999996
2025-08-01 10:07:30 AM,1366.7,0,0.0,237061187.69999996
2025-08-01 10:07:32 AM,1366.7,20,27334.0,237088521.69999996
2025-08-01 10:07:33 AM,1366.8,11,15034.8,237103556.49999997
2025-08-01 10:07:38 AM,1366.7,0,0.0,237103556.49999997
2025-08-01 10:07:38 AM,1366.7,23,31434.100000000002,237134990.59999996
2025-08-01 10:07:39 AM,1367.0,7,9569.0,237144559.59999996
2025-08-01 10:07:43 AM,1366.9,0,0.0,237144559.59999996
2025-08-01 10:07:44 AM,1366.9,71,97049.90000000001,237241609.49999997
2025-08-01 10:07:46 AM,1366.6,56,76529.59999999999,237318139.09999996
2025-08-01 10:07:50 AM,1366.7,151,206371.7,237524510.79999995
2025-08-01 10:07:52 AM,1366.9,13,17769.7,237542280.49999994
2025-08-01 10:07:56 AM,1366.6,44,60130.399999999994,237602410.89999995
2025-08-01 10:08:02 AM,1367.0,0,0.0,237602410.89999995
2025-08-01 10:08:02 AM,1367.0,700,956900.0,238559310.89999995
2025-08-01 10:08:04 AM,1366.8,0,0.0,238559310.89999995
2025-08-01 10:08:04 AM,1366.8,10,13668.0,238572978.89999995
2025-08-01 10:08:07 AM,1366.2,0,0.0,238572978.89999995
2025-08-01 10:08:08 AM,1366.3,0,0.0,238572978.89999995
2025-08-01 10:08:09 AM,1366.3,144,196747.19999999998,238769726.09999993
2025-08-01 10:08:10 AM,1366.5,103,140749.5,238910475.59999993
2025-08-01 10:08:12 AM,1366.6,0,0.0,238910475.59999993
2025-08-01 10:08:13 AM,1366.5,0,0.0,238910475.59999993
2025-08-01 10:08:15 AM,1366.2,257,351113.4,239261588.99999994
2025-08-01 10:08:17 AM,1366.0,91,124306.0,239385894.99999994
2025-08-01 10:08:21 AM,1366.1,0,0.0,239385894.99999994
2025-08-01 10:08:21 AM,1366.1,1,1366.1,239387261.09999993
2025-08-01 10:08:22 AM,1365.6,0,0.0,239387261.09999993
2025-08-01 10:08:23 AM,1365.6,2000,2731200.0,242118461.09999993
2025-08-01 10:08:27 AM,1366.5,0,0.0,242118461.09999993
2025-08-01 10:08:27 AM,1366.5,2,2733.0,242121194.09999993
2025-08-01 10:08:29 AM,1366.5,1,1366.5,242122560.59999993
2025-08-01 10:08:33 AM,1366.5,1,1366.5,242123927.09999993
2025-08-01 10:08:39 AM,1366.5,8,10932.0,242134859.09999993
2025-08-01 10:08:41 AM,1366.3,0,0.0,242134859.09999993
2025-08-01 10:08:41 AM,1366.3,1,1366.3,242136225.39999995
2025-08-01 10:08:44 AM,1366.4,0,0.0,242136225.39999995
2025-08-01 10:08:45 AM,1366.2,36,49183.200000000004,242185408.59999993
2025-08-01 10:08:47 AM,1366.0,72,98352.0,242283760.59999993
2025-08-01 10:08:48 AM,1365.9,0,0.0,242283760.59999993
2025-08-01 10:08:51 AM,1365.9,19,25952.100000000002,242309712.69999993
2025-08-01 10:08:56 AM,1366.2,0,0.0,242309712.69999993
2025-08-01 10:08:57 AM,1366.2,12,16394.4,242326107.09999993
2025-08-01 10:09:01 AM,1366.3,0,0.0,242326107.09999993
2025-08-01 10:09:03 AM,1366.3,5,6831.5,242332938.59999993
2025-08-01 10:09:05 AM,1366.5,0,0.0,242332938.59999993
2025-08-01 10:09:06 AM,1366.0,0,0.0,242332938.59999993
2025-08-01 10:09:08 AM,1366.5,0,0.0,242332938.59999993
2025-08-01 10:09:09 AM,1366.7,323,441444.10000000003,242774382.69999993
2025-08-01 10:09:10 AM,1366.7,12,16400.4,242790783.09999993
2025-08-01 10:09:14 AM,1366.4,0,0.0,242790783.09999993
2025-08-01 10:09:15 AM,1366.3,40,54652.0,242845435.09999993
2025-08-01 10:09:16 AM,1366.4,0,0.0,242845435.09999993
2025-08-01 10:09:16 AM,1366.4,104,142105.6,242987540.69999993
2025-08-01 10:09:18 AM,1366.7,0,0.0,242987540.69999993
2025-08-01 10:09:21 AM,1366.7,10,13667.0,243001207.69999993
2025-08-01 10:09:27 AM,1366.7,30,41001.0,243042208.69999993
2025-08-01 10:09:30 AM,1366.2,0,0.0,243042208.69999993
2025-08-01 10:09:32 AM,1366.2,20,27324.0,243069532.69999993
2025-08-01 10:09:37 AM,1366.7,0,0.0,243069532.69999993
2025-08-01 10:09:38 AM,1366.7,20,27334.0,243096866.69999993
2025-08-01 10:09:44 AM,1366.6,0,0.0,243096866.69999993
2025-08-01 10:09:44 AM,1366.6,128,174924.8,243271791.49999994
2025-08-01 10:09:46 AM,1366.7,0,0.0,243271791.49999994
2025-08-01 10:09:46 AM,1366.7,101,138036.7,243409828.19999993
2025-08-01 10:09:48 AM,1366.8,0,0.0,243409828.19999993
2025-08-01 10:09:50 AM,1366.8,50,68340.0,243478168.19999993
2025-08-01 10:09:56 AM,1367.0,0,0.0,243478168.19999993
2025-08-01 10:09:57 AM,1367.0,2,2734.0,243480902.19999993
2025-08-01 10:10:01 AM,1367.0,9,12303.0,243493205.19999993
2025-08-01 10:10:02 AM,1366.9,20,27338.0,243520543.19999993
2025-08-01 10:10:07 AM,1366.7,12,16400.4,243536943.59999993
2025-08-01 10:10:09 AM,1366.8,0,0.0,243536943.59999993
2025-08-01 10:10:12 AM,1366.7,0,0.0,243536943.59999993
2025-08-01 10:10:12 AM,1366.7,50,68335.0,243605278.59999993
2025-08-01 10:10:14 AM,1366.0,124,169384.0,243774662.59999993
2025-08-01 10:10:16 AM,1366.4,0,0.0,243774662.59999993
2025-08-01 10:10:18 AM,1366.3,58,79245.4,243853907.99999994
2025-08-01 10:10:20 AM,1366.3,16,21860.8,243875768.79999995
2025-08-01 10:10:23 AM,1366.0,0,0.0,243875768.79999995
2025-08-01 10:10:24 AM,1366.0,1,1366.0,243877134.79999995
2025-08-01 10:10:27 AM,1366.1,0,0.0,243877134.79999995
2025-08-01 10:10:30 AM,1366.1,6,8196.599999999999,243885331.39999995
2025-08-01 10:10:36 AM,1367.0,2001,2735367.0,246620698.39999995
2025-08-01 10:10:38 AM,1366.2,57,77873.40000000001,246698571.79999995
2025-08-01 10:10:39 AM,1366.4,0,0.0,246698571.79999995
2025-08-01 10:10:42 AM,1366.4,4,5465.6,246704037.39999995
2025-08-01 10:10:44 AM,1366.5,0,0.0,246704037.39999995
2025-08-01 10:10:44 AM,1366.5,27,36895.5,246740932.89999995
2025-08-01 10:10:48 AM,1366.1,0,0.0,246740932.89999995
2025-08-01 10:10:49 AM,1366.1,100,136610.0,246877542.89999995
2025-08-01 10:10:54 AM,1366.9,0,0.0,246877542.89999995
2025-08-01 10:10:54 AM,1366.9,8,10935.2,246888478.09999993
2025-08-01 10:10:56 AM,1366.9,7,9568.300000000001,246898046.39999995
2025-08-01 10:11:00 AM,1366.9,7,9568.300000000001,246907614.69999996
2025-08-01 10:11:01 AM,1367.0,1,1367.0,246908981.69999996
2025-08-01 10:11:05 AM,1366.9,0,0.0,246908981.69999996
2025-08-01 10:11:06 AM,1366.9,100,136690.0,247045671.69999996
2025-08-01 10:11:12 AM,1366.8,0,0.0,247045671.69999996
2025-08-01 10:11:12 AM,1366.8,10,13668.0,247059339.69999996
2025-08-01 10:11:14 AM,1366.8,37,50571.6,247109911.29999995
2025-08-01 10:11:15 AM,1366.7,0,0.0,247109911.29999995
2025-08-01 10:11:18 AM,1366.7,85,116169.5,247226080.79999995
2025-08-01 10:11:24 AM,1366.7,10,13667.0,247239747.79999995
2025-08-01 10:11:26 AM,1366.8,0,0.0,247239747.79999995
2025-08-01 10:11:29 AM,1367.0,0,0.0,247239747.79999995
2025-08-01 10:11:29 AM,1367.0,93,127131.0,247366878.79999995
2025-08-01 10:11:31 AM,1366.9,1,1366.9,247368245.69999996
2025-08-01 10:11:33 AM,1368.5,0,0.0,247368245.69999996
2025-08-01 10:11:35 AM,1368.5,12230,16736755.0,264105000.69999996
2025-08-01 10:11:39 AM,1369.0,0,0.0,264105000.69999996
2025-08-01 10:11:41 AM,1369.0,70,95830.0,264200830.69999996
2025-08-01 10:11:42 AM,1368.9,106,145103.40000000002,264345934.09999996
2025-08-01 10:11:45 AM,1368.6,0,0.0,264345934.09999996
2025-08-01 10:11:47 AM,1369.0,142,194398.0,264540332.09999996
2025-08-01 10:11:48 AM,1369.0,23,31487.0,264571819.09999996
2025-08-01 10:11:52 AM,1369.0,15,20535.0,264592354.09999996
2025-08-01 10:11:58 AM,1369.0,25,34225.0,264626579.09999996
2025-08-01 10:12:00 AM,1369.0,100,136900.0,264763479.09999996
2025-08-01 10:12:04 AM,1368.6,36,49269.6,264812748.69999996
2025-08-01 10:12:08 AM,1368.5,0,0.0,264812748.69999996
2025-08-01 10:12:10 AM,1368.7,7,9580.9,264822329.59999996
2025-08-01 10:12:15 AM,1368.2,0,0.0,264822329.59999996
2025-08-01 10:12:16 AM,1368.1,126,172380.59999999998,264994710.19999996
2025-08-01 10:12:20 AM,1368.2,0,0.0,264994710.19999996
2025-08-01 10:12:21 AM,1369.0,0,0.0,264994710.19999996
2025-08-01 10:12:22 AM,1369.0,43,58867.0,265053577.19999996
2025-08-01 10:12:28 AM,1368.9,2,2737.8,265056314.99999997
2025-08-01 10:12:28 AM,1368.9,50,68445.0,265124759.99999997
2025-08-01 10:12:34 AM,1368.5,3,4105.5,265128865.49999997
2025-08-01 10:12:36 AM,1368.9,0,0.0,265128865.49999997
2025-08-01 10:12:39 AM,1368.9,7,9582.300000000001,265138447.79999998
2025-08-01 10:12:40 AM,1368.9,4,5475.6,265143923.39999998
2025-08-01 10:12:44 AM,1368.8,0,0.0,265143923.39999998
2025-08-01 10:12:45 AM,1368.0,853,1166904.0,266310827.39999998
2025-08-01 10:12:48 AM,1368.2,0,0.0,266310827.39999998
2025-08-01 10:12:48 AM,1368.8,0,0.0,266310827.39999998
2025-08-01 10:12:51 AM,1368.3,102,139566.6,266450393.99999997
2025-08-01 10:12:57 AM,1368.7,9,12318.300000000001,266462712.29999998
2025-08-01 10:13:00 AM,1368.6,0,0.0,266462712.29999998
2025-08-01 10:13:02 AM,1368.6,73,99907.79999999999,266562620.1
2025-08-01 10:13:08 AM,1368.3,27,36944.1,266599564.2
2025-08-01 10:13:12 AM,1368.4,0,0.0,266599564.2
2025-08-01 10:13:14 AM,1368.1,6,8208.599999999999,266607772.79999998
2025-08-01 10:13:15 AM,1368.0,0,0.0,266607772.79999998
2025-08-01 10:13:15 AM,1368.0,121,165528.0,266773300.79999998
2025-08-01 10:13:17 AM,1368.4,0,0.0,266773300.79999998
2025-08-01 10:13:18 AM,1368.0,0,0.0,266773300.79999998
2025-08-01 10:13:20 AM,1368.0,50,68400.0,266841700.79999998
2025-08-01 10:13:21 AM,1368.5,0,0.0,266841700.79999998
2025-08-01 10:13:26 AM,1368.0,0,0.0,266841700.79999998
2025-08-01 10:13:26 AM,1368.0,36,49248.0,266890948.79999998
2025-08-01 10:13:32 AM,1368.3,0,0.0,266890948.79999998
2025-08-01 10:13:32 AM,1368.4,0,0.0,266890948.79999998
2025-08-01 10:13:32 AM,1368.4,102,139576.80000000002,267030525.6
2025-08-01 10:13:36 AM,1368.5,0,0.0,267030525.6
2025-08-01 10:13:36 AM,1368.1,0,0.0,267030525.6
2025-08-01 10:13:38 AM,1368.4,8,10947.2,267041472.79999998
2025-08-01 10:13:42 AM,1368.2,0,0.0,267041472.79999998
2025-08-01 10:13:44 AM,1367.8,196,268088.8,267309561.6
2025-08-01 10:13:44 AM,1367.7,18,24618.600000000002,267334180.2
2025-08-01 10:13:48 AM,1368.1,0,0.0,267334180.2
2025-08-01 10:13:50 AM,1368.0,152,207936.0,267542116.2
2025-08-01 10:13:56 AM,1367.4,0,0.0,267542116.2
2025-08-01 10:13:56 AM,1367.4,19,25980.600000000002,267568096.79999998
2025-08-01 10:13:56 AM,1368.1,1,1368.1,267569464.89999998
2025-08-01 10:14:05 AM,1367.8,0,0.0,267569464.89999998
2025-08-01 10:14:07 AM,1367.8,30,41034.0,267610498.89999998
2025-08-01 10:14:13 AM,1367.8,169,231158.19999999998,267841657.09999996
2025-08-01 10:14:14 AM,1368.0,2,2736.0,267844393.09999996
2025-08-01 10:14:18 AM,1367.8,0,0.0,267844393.09999996
2025-08-01 10:14:19 AM,1367.8,18,24620.399999999998,267869013.49999997
2025-08-01 10:14:24 AM,1367.8,25,34195.0,267903208.49999997
2025-08-01 10:14:29 AM,1368.1,0,0.0,267903208.49999997
2025-08-01 10:14:30 AM,1368.1,55,75245.5,267978453.99999997
2025-08-01 10:14:37 AM,1368.1,7,9576.699999999999,267988030.69999996
2025-08-01 10:14:42 AM,1367.9,82,112167.8,268100198.49999997
2025-08-01 10:14:45 AM,1367.8,0,0.0,268100198.49999997
2025-08-01 10:14:47 AM,1368.0,0,0.0,268100198.49999997
2025-08-01 10:14:48 AM,1367.9,123,168251.7,268268450.19999996
2025-08-01 10:14:49 AM,1367.9,18,24622.2,268293072.39999995
2025-08-01 10:14:53 AM,1368.0,0,0.0,268293072.39999995
2025-08-01 10:14:53 AM,1367.9,0,0.0,268293072.39999995
2025-08-01 10:14:53 AM,1367.9,106,144997.40000000002,268438069.79999995
2025-08-01 10:14:57 AM,1368.0,0,0.0,268438069.79999995
2025-08-01 10:14:59 AM,1368.3,35,47890.5,268485960.29999995
2025-08-01 10:15:00 AM,1368.3,10,13683.0,268499643.29999995
2025-08-01 10:15:05 AM,1368.3,56,76624.8,268576268.09999996
2025-08-01 10:15:10 AM,1368.3,8,10946.4,268587214.49999994
2025-08-01 10:15:11 AM,1368.2,85,116297.0,268703511.49999994
2025-08-01 10:15:15 AM,1367.8,0,0.0,268703511.49999994
2025-08-01 10:15:16 AM,1368.3,61,83466.3,268786977.79999995
2025-08-01 10:15:23 AM,1368.4,10,13684.0,268800661.79999995
2025-08-01 10:15:29 AM,1367.9,0,0.0,268800661.79999995
2025-08-01 10:15:29 AM,1367.9,100,136790.0,268937451.79999995
2025-08-01 10:15:32 AM,1368.3,0,0.0,268937451.79999995
2025-08-01 10:15:35 AM,1368.3,103,140934.9,269078386.6999999
2025-08-01 10:15:41 AM,1368.3,1,1368.3,269079754.99999994
2025-08-01 10:15:44 AM,1368.1,0,0.0,269079754.99999994
2025-08-01 10:15:45 AM,1368.3,0,0.0,269079754.99999994
2025-08-01 10:15:47 AM,1368.3,164,224401.19999999998,269304156.1999999
2025-08-01 10:15:53 AM,1368.4,7,9578.800000000001,269313734.99999994
2025-08-01 10:15:59 AM,1368.7,0,0.0,269313734.99999994
2025-08-01 10:15:59 AM,1368.7,308,421559.60000000003,269735294.59999996
2025-08-01 10:16:04 AM,1368.7,1,1368.7,269736663.29999995
2025-08-01 10:16:06 AM,1368.3,0,0.0,269736663.29999995
2025-08-01 10:16:10 AM,1368.7,0,0.0,269736663.29999995
2025-08-01 10:16:10 AM,1368.7,7,9580.9,269746244.1999999
2025-08-01 10:16:14 AM,1368.5,0,0.0,269746244.1999999
2025-08-01 10:16:16 AM,1367.9,141,192873.90000000002,269939118.0999999
2025-08-01 10:16:16 AM,1368.4,1,1368.4,269940486.4999999
2025-08-01 10:16:18 AM,1368.6,0,0.0,269940486.4999999
2025-08-01 10:16:21 AM,1368.5,0,0.0,269940486.4999999
2025-08-01 10:16:22 AM,1368.5,60,82110.0,270022596.4999999
2025-08-01 10:16:34 AM,1368.5,6,8211.0,270030807.4999999
2025-08-01 10:16:37 AM,1368.4,0,0.0,270030807.4999999
2025-08-01 10:16:40 AM,1368.2,95,129979.0,270160786.4999999
2025-08-01 10:16:42 AM,1368.3,0,0.0,270160786.4999999
2025-08-01 10:16:45 AM,1367.8,126,172342.8,270333129.2999999
2025-08-01 10:16:48 AM,1368.3,0,0.0,270333129.2999999
2025-08-01 10:16:51 AM,1368.3,11,15051.3,270348180.5999999
2025-08-01 10:16:56 AM,1368.4,0,0.0,270348180.5999999
2025-08-01 10:16:56 AM,1368.4,1,1368.4,270349548.9999999
2025-08-01 10:16:56 AM,1368.4,7,9578.800000000001,270359127.7999999
2025-08-01 10:16:58 AM,1367.8,0,0.0,270359127.7999999
2025-08-01 10:17:01 AM,1367.6,0,0.0,270359127.7999999
2025-08-01 10:17:02 AM,1367.6,416,568921.6,270928049.3999999
2025-08-01 10:17:03 AM,1367.9,0,0.0,270928049.3999999
2025-08-01 10:17:05 AM,1367.8,0,0.0,270928049.3999999
2025-08-01 10:17:07 AM,1367.8,88,120366.4,271048415.7999999
2025-08-01 10:17:13 AM,1367.6,9,12308.4,271060724.19999987
2025-08-01 10:17:15 AM,1367.2,0,0.0,271060724.19999987
2025-08-01 10:17:17 AM,1366.7,0,0.0,271060724.19999987
2025-08-01 10:17:18 AM,1367.2,0,0.0,271060724.19999987
2025-08-01 10:17:19 AM,1367.2,346,473051.2,271533775.39999986
2025-08-01 10:17:25 AM,1367.2,5,6836.0,271540611.39999986
2025-08-01 10:17:30 AM,1367.2,93,127149.6,271667760.9999999
2025-08-01 10:17:31 AM,1367.3,7,9571.1,271677332.0999999
2025-08-01 10:17:36 AM,1367.3,4,5469.2,271682801.2999999
2025-08-01 10:17:36 AM,1367.4,1,1367.4,271684168.69999987
2025-08-01 10:17:40 AM,1367.5,0,0.0,271684168.69999987
2025-08-01 10:17:42 AM,1367.4,36,49226.4,271733395.09999985
2025-08-01 10:17:47 AM,1366.7,0,0.0,271733395.09999985
2025-08-01 10:17:48 AM,1367.2,133,181837.6,271915232.69999987
2025-08-01 10:17:51 AM,1367.7,0,0.0,271915232.69999987
2025-08-01 10:17:54 AM,1367.7,449,614097.3,272529329.9999999
2025-08-01 10:17:57 AM,1367.4,0,0.0,272529329.9999999
2025-08-01 10:17:59 AM,1366.7,0,0.0,272529329.9999999
2025-08-01 10:17:59 AM,1366.7,59,80635.3,272609965.2999999
2025-08-01 10:18:07 AM,1367.5,0,0.0,272609965.2999999
2025-08-01 10:18:11 AM,1367.5,3,4102.5,272614067.7999999
2025-08-01 10:18:13 AM,1367.3,0,0.0,272614067.7999999
2025-08-01 10:18:16 AM,1366.7,0,0.0,272614067.7999999
2025-08-01 10:18:17 AM,1366.7,150,205005.0,272819072.7999999
2025-08-01 10:18:27 AM,1367.5,0,0.0,272819072.7999999
2025-08-01 10:18:29 AM,1367.5,51,69742.5,272888815.2999999
2025-08-01 10:18:36 AM,1367.2,0,0.0,272888815.2999999
2025-08-01 10:18:40 AM,1367.4,0,0.0,272888815.2999999
2025-08-01 10:18:40 AM,1367.4,202,276214.80000000005,273165030.0999999
2025-08-01 10:18:44 AM,1367.6,0,0.0,273165030.0999999
2025-08-01 10:18:45 AM,1367.5,0,0.0,273165030.0999999
2025-08-01 10:18:46 AM,1367.5,126,172305.0,273337335.0999999
2025-08-01 10:18:51 AM,1367.7,0,0.0,273337335.0999999
2025-08-01 10:18:52 AM,1367.7,10,13677.0,273351012.0999999
2025-08-01 10:18:56 AM,1368.0,0,0.0,273351012.0999999
2025-08-01 10:18:57 AM,1368.0,600,820800.0,274171812.0999999
2025-08-01 10:18:57 AM,1368.1,7,9576.699999999999,274181388.7999999
2025-08-01 10:19:02 AM,1368.2,0,0.0,274181388.7999999
2025-08-01 10:19:03 AM,1368.2,5,6841.0,274188229.7999999
2025-08-01 10:19:04 AM,1368.8,0,0.0,274188229.7999999
2025-08-01 10:19:08 AM,1368.8,700,958160.0,275146389.7999999
2025-08-01 10:19:14 AM,1368.6,34,46532.399999999994,275192922.19999987
2025-08-01 10:19:20 AM,1368.5,115,157377.5,275350299.69999987
2025-08-01 10:19:24 AM,1367.9,0,0.0,275350299.69999987
2025-08-01 10:19:26 AM,1368.0,115,157320.0,275507619.69999987
2025-08-01 10:19:36 AM,1368.5,0,0.0,275507619.69999987
2025-08-01 10:19:37 AM,1368.5,10,13685.0,275521304.69999987
2025-08-01 10:19:38 AM,1368.5,7,9579.5,275530884.19999987
2025-08-01 10:19:42 AM,1368.4,0,0.0,275530884.19999987
2025-08-01 10:19:43 AM,1368.4,65,88946.0,275619830.19999987
2025-08-01 10:19:44 AM,1367.9,68,93017.20000000001,275712847.39999986
2025-08-01 10:19:46 AM,1368.5,0,0.0,275712847.39999986
2025-08-01 10:19:49 AM,1368.5,150,205275.0,275918122.39999986
2025-08-01 10:20:00 AM,1368.9,0,0.0,275918122.39999986
2025-08-01 10:20:00 AM,1368.9,70,95823.0,276013945.39999986
2025-08-01 10:20:01 AM,1368.9,54,73920.6,276087865.9999999
2025-08-01 10:20:05 AM,1368.2,50,68410.0,276156275.9999999
2025-08-01 10:20:10 AM,1368.8,1,1368.8,276157644.7999999
2025-08-01 10:20:16 AM,1368.5,0,0.0,276157644.7999999
2025-08-01 10:20:16 AM,1368.5,131,179273.5,276336918.2999999
2025-08-01 10:20:23 AM,1368.5,15,20527.5,276357445.7999999
2025-08-01 10:20:28 AM,1368.4,0,0.0,276357445.7999999
2025-08-01 10:20:28 AM,1368.4,8,10947.2,276368392.9999999
2025-08-01 10:20:30 AM,1368.4,35,47894.0,276416286.9999999
2025-08-01 10:20:34 AM,1368.8,83,113610.4,276529897.39999986
2025-08-01 10:20:36 AM,1369.2,0,0.0,276529897.39999986
2025-08-01 10:20:36 AM,1369.2,796,1089883.2,277619780.59999985
2025-08-01 10:20:40 AM,1369.2,7,9584.4,277629364.9999998
2025-08-01 10:20:42 AM,1369.1,54,73931.4,277703296.3999998
2025-08-01 10:20:45 AM,1368.8,0,0.0,277703296.3999998
2025-08-01 10:20:47 AM,1368.7,0,0.0,277703296.3999998
2025-08-01 10:20:47 AM,1368.7,92,125920.40000000001,277829216.7999998
2025-08-01 10:20:49 AM,1369.2,7,9584.4,277838801.19999975
2025-08-01 10:20:51 AM,1369.1,0,0.0,277838801.19999975
2025-08-01 10:20:53 AM,1369.1,2,2738.2,277841539.39999974
2025-08-01 10:20:57 AM,1369.2,0,0.0,277841539.39999974
2025-08-01 10:20:58 AM,1369.2,24,32860.8,277874400.19999975
2025-08-01 10:21:03 AM,1369.1,0,0.0,277874400.19999975
2025-08-01 10:21:03 AM,1369.1,31,42442.1,277916842.2999998
2025-08-01 10:21:09 AM,1369.2,0,0.0,277916842.2999998
2025-08-01 10:21:09 AM,1369.2,7,9584.4,277926426.69999975
2025-08-01 10:21:13 AM,1369.4,0,0.0,277926426.69999975
2025-08-01 10:21:13 AM,1369.3,0,0.0,277926426.69999975
2025-08-01 10:21:15 AM,1369.1,0,0.0,277926426.69999975
2025-08-01 10:21:15 AM,1369.1,36,49287.6,277975714.2999998
2025-08-01 10:21:17 AM,1369.6,0,0.0,277975714.2999998
2025-08-01 10:21:17 AM,1369.6,158,216396.8,278192111.0999998
2025-08-01 10:21:20 AM,1369.6,25,34240.0,278226351.0999998
2025-08-01 10:21:26 AM,1369.6,200,273920.0,278500271.0999998
2025-08-01 10:21:28 AM,1369.6,43,58892.799999999996,278559163.8999998
2025-08-01 10:21:31 AM,1369.6,2,2739.2,278561903.0999998
2025-08-01 10:21:36 AM,1369.6,2,2739.2,278564642.2999998
2025-08-01 10:21:38 AM,1369.6,13,17804.8,278582447.0999998
2025-08-01 10:21:44 AM,1369.5,0,0.0,278582447.0999998
2025-08-01 10:21:44 AM,1369.5,31,42454.5,278624901.5999998
2025-08-01 10:21:45 AM,1369.2,0,0.0,278624901.5999998
2025-08-01 10:21:48 AM,1369.0,0,0.0,278624901.5999998
2025-08-01 10:21:48 AM,1369.0,115,157435.0,278782336.5999998
2025-08-01 10:21:50 AM,1369.4,0,0.0,278782336.5999998
2025-08-01 10:21:50 AM,1369.4,25,34235.0,278816571.5999998
2025-08-01 10:21:54 AM,1369.1,22,30120.199999999997,278846691.7999998
2025-08-01 10:21:56 AM,1369.4,0,0.0,278846691.7999998
2025-08-01 10:21:56 AM,1369.4,128,175283.2,279021974.99999976
2025-08-01 10:21:59 AM,1369.6,0,0.0,279021974.99999976
2025-08-01 10:22:00 AM,1369.6,3,4108.799999999999,279026083.7999998
2025-08-01 10:22:05 AM,1369.6,7,9587.199999999999,279035670.99999976
2025-08-01 10:22:07 AM,1369.6,2,2739.2,279038410.19999975
2025-08-01 10:22:12 AM,1369.6,10,13696.0,279052106.19999975
2025-08-01 10:22:15 AM,1369.4,0,0.0,279052106.19999975
2025-08-01 10:22:16 AM,1369.0,127,173863.0,279225969.19999975
2025-08-01 10:22:18 AM,1369.2,0,0.0,279225969.19999975
2025-08-01 10:22:18 AM,1369.2,21,28753.2,279254722.39999974
2025-08-01 10:22:23 AM,1369.4,150,205410.0,279460132.39999974
2025-08-01 10:22:29 AM,1369.0,0,0.0,279460132.39999974
2025-08-01 10:22:29 AM,1369.0,30,41070.0,279501202.39999974
2025-08-01 10:22:34 AM,1369.0,1,1369.0,279502571.39999974
2025-08-01 10:22:38 AM,1368.9,0,0.0,279502571.39999974
2025-08-01 10:22:40 AM,1368.9,80,109512.0,279612083.39999974
2025-08-01 10:22:42 AM,1369.2,0,0.0,279612083.39999974
2025-08-01 10:22:42 AM,1369.2,1,1369.2,279613452.5999997
2025-08-01 10:22:44 AM,1369.0,0,0.0,279613452.5999997
2025-08-01 10:22:45 AM,1369.0,25,34225.0,279647677.5999997
2025-08-01 10:22:47 AM,1368.7,0,0.0,279647677.5999997
2025-08-01 10:22:47 AM,1368.7,127,173824.9,279821502.4999997
2025-08-01 10:22:50 AM,1369.0,0,0.0,279821502.4999997
2025-08-01 10:22:50 AM,1369.0,2,2738.0,279824240.4999997
2025-08-01 10:22:56 AM,1369.0,1,1369.0,279825609.4999997
2025-08-01 10:22:58 AM,1369.0,7,9583.0,279835192.4999997
2025-08-01 10:22:59 AM,1368.7,0,0.0,279835192.4999997
