date,price,qty,trnvr,cum_trnvr
2025-08-01 09:15:00 AM,810.1,1602,1297780.2,1297780.2
2025-08-01 09:15:00 AM,810.95,0,0.0,1297780.2
2025-08-01 09:15:01 AM,810.95,15,12164.25,1309944.45
2025-08-01 09:15:09 AM,811.1,0,0.0,1309944.45
2025-08-01 09:15:11 AM,809.95,3960,3207402.0,4517346.45
2025-08-01 09:15:13 AM,810.4,38,30795.2,4548141.65
2025-08-01 09:15:19 AM,811.35,0,0.0,4548141.65
2025-08-01 09:15:22 AM,814.15,3839,3125521.85,7673663.5
2025-08-01 09:15:23 AM,814.9,157,127939.3,7801602.8
2025-08-01 09:15:29 AM,813.9,0,0.0,7801602.8
2025-08-01 09:15:30 AM,813.9,440,358116.0,8159718.8
2025-08-01 09:15:32 AM,813.9,50,40695.0,8200413.8
2025-08-01 09:15:33 AM,814.5,0,0.0,8200413.8
2025-08-01 09:15:38 AM,813.55,0,0.0,8200413.8
2025-08-01 09:15:39 AM,813.55,1830,1488796.5,9689210.3
2025-08-01 09:15:42 AM,814.25,0,0.0,9689210.3
2025-08-01 09:15:47 AM,813.8,560,455728.0,10144938.3
2025-08-01 09:15:51 AM,813.35,0,0.0,10144938.3
2025-08-01 09:15:54 AM,813.4,0,0.0,10144938.3
2025-08-01 09:15:55 AM,813.0,90,73170.0,10218108.3
2025-08-01 09:15:57 AM,812.8,1,812.8,10218921.100000001
2025-08-01 09:16:00 AM,811.8,0,0.0,10218921.100000001
2025-08-01 09:16:01 AM,811.8,112,90921.59999999999,10309842.700000001
2025-08-01 09:16:04 AM,812.0,300,243600.0,10553442.700000001
2025-08-01 09:16:07 AM,812.0,125,101500.0,10654942.700000001
2025-08-01 09:16:07 AM,811.2,0,0.0,10654942.700000001
2025-08-01 09:16:07 AM,811.2,51,41371.200000000004,10696313.9
2025-08-01 09:16:08 AM,811.65,55,44640.75,10740954.65
2025-08-01 09:16:09 AM,811.7,301,244321.7,10985276.35
2025-08-01 09:16:10 AM,811.1,0,0.0,10985276.35
2025-08-01 09:16:11 AM,811.1,46,37310.6,11022586.95
2025-08-01 09:16:12 AM,811.3,55,44621.5,11067208.45
2025-08-01 09:16:12 AM,811.45,50,40572.5,11107780.95
2025-08-01 09:16:12 AM,810.35,0,0.0,11107780.95
2025-08-01 09:16:13 AM,810.35,1575,1276301.25,12384082.2
2025-08-01 09:16:14 AM,810.9,50,40545.0,12424627.2
2025-08-01 09:16:17 AM,810.85,0,0.0,12424627.2
2025-08-01 09:16:17 AM,810.85,25,20271.25,12444898.45
2025-08-01 09:16:18 AM,810.3,25,20257.5,12465155.95
2025-08-01 09:16:19 AM,810.8,25,20270.0,12485425.95
2025-08-01 09:16:19 AM,810.15,0,0.0,12485425.95
2025-08-01 09:16:19 AM,810.1,0,0.0,12485425.95
2025-08-01 09:16:20 AM,810.1,66,53466.6,12538892.549999999
2025-08-01 09:16:21 AM,810.75,0,0.0,12538892.549999999
2025-08-01 09:16:22 AM,810.75,126,102154.5,12641047.049999999
2025-08-01 09:16:22 AM,810.1,32,25923.2,12666970.249999998
2025-08-01 09:16:23 AM,810.1,32,25923.2,12692893.449999997
2025-08-01 09:16:24 AM,810.5,0,0.0,12692893.449999997
2025-08-01 09:16:25 AM,810.0,278,225180.0,12918073.449999997
2025-08-01 09:16:25 AM,810.1,0,0.0,12918073.449999997
2025-08-01 09:16:25 AM,810.35,0,0.0,12918073.449999997
2025-08-01 09:16:26 AM,810.5,114,92397.0,13010470.449999997
2025-08-01 09:16:26 AM,810.35,0,0.0,13010470.449999997
2025-08-01 09:16:26 AM,810.4,0,0.0,13010470.449999997
2025-08-01 09:16:27 AM,810.4,14,11345.6,13021816.049999997
2025-08-01 09:16:29 AM,809.85,32,25915.2,13047731.249999996
2025-08-01 09:16:30 AM,810.1,3,2430.3,13050161.549999997
2025-08-01 09:16:30 AM,809.7,0,0.0,13050161.549999997
2025-08-01 09:16:31 AM,809.7,278,225096.6,13275258.149999997
2025-08-01 09:16:31 AM,810.0,36,29160.0,13304418.149999997
2025-08-01 09:16:31 AM,810.25,0,0.0,13304418.149999997
2025-08-01 09:16:32 AM,810.25,288,233352.0,13537770.149999997
2025-08-01 09:16:33 AM,810.65,702,569076.2999999999,14106846.449999997
2025-08-01 09:16:35 AM,810.65,50,40532.5,14147378.949999997
2025-08-01 09:16:35 AM,811.4,0,0.0,14147378.949999997
2025-08-01 09:16:36 AM,810.8,289,234321.19999999998,14381700.149999997
2025-08-01 09:16:37 AM,810.6,0,0.0,14381700.149999997
2025-08-01 09:16:38 AM,811.15,27,21901.05,14403601.199999997
2025-08-01 09:16:38 AM,810.95,0,0.0,14403601.199999997
2025-08-01 09:16:39 AM,810.95,22,17840.9,14421442.099999998
2025-08-01 09:16:40 AM,811.45,200,162290.0,14583732.099999998
2025-08-01 09:16:40 AM,810.3,0,0.0,14583732.099999998
2025-08-01 09:16:41 AM,810.1,37,29973.7,14613705.799999997
2025-08-01 09:16:48 AM,810.95,1,810.95,14614516.749999996
2025-08-01 09:16:52 AM,810.55,9,7294.95,14621811.699999996
2025-08-01 09:16:55 AM,810.25,25,20256.25,14642067.949999996
2025-08-01 09:16:58 AM,810.0,0,0.0,14642067.949999996
2025-08-01 09:16:59 AM,810.55,615,498488.25,15140556.199999996
2025-08-01 09:16:59 AM,810.25,0,0.0,15140556.199999996
2025-08-01 09:17:00 AM,810.25,25,20256.25,15160812.449999996
2025-08-01 09:17:02 AM,810.55,4,3242.2,15164054.649999995
2025-08-01 09:17:03 AM,810.6,122,98893.2,15262947.849999994
2025-08-01 09:17:05 AM,810.55,100,81055.0,15344002.849999994
2025-08-01 09:17:05 AM,810.6,100,81060.0,15425062.849999994
2025-08-01 09:17:06 AM,810.15,50,40507.5,15465570.349999994
2025-08-01 09:17:07 AM,811.0,172,139492.0,15605062.349999994
2025-08-01 09:17:14 AM,811.0,203,164633.0,15769695.349999994
2025-08-01 09:17:15 AM,811.2,0,0.0,15769695.349999994
2025-08-01 09:17:15 AM,811.2,925,750360.0,16520055.349999994
2025-08-01 09:17:19 AM,811.65,25,20291.25,16540346.599999994
2025-08-01 09:17:20 AM,811.2,0,0.0,16540346.599999994
2025-08-01 09:17:21 AM,811.2,100,81120.0,16621466.599999994
2025-08-01 09:17:21 AM,810.3,371,300621.3,16922087.899999995
2025-08-01 09:17:22 AM,811.15,384,311481.6,17233569.499999996
2025-08-01 09:17:25 AM,811.75,61,49516.75,17283086.249999996
2025-08-01 09:17:30 AM,811.75,2,1623.5,17284709.749999996
2025-08-01 09:17:40 AM,810.8,10,8108.0,17292817.749999996
2025-08-01 09:17:42 AM,810.8,145,117566.0,17410383.749999996
2025-08-01 09:17:44 AM,810.4,25,20260.0,17430643.749999996
2025-08-01 09:17:46 AM,810.85,500,405425.0,17836068.749999996
2025-08-01 09:17:49 AM,810.45,50,40522.5,17876591.249999996
2025-08-01 09:17:57 AM,810.4,0,0.0,17876591.249999996
2025-08-01 09:17:58 AM,810.5,120,97260.0,17973851.249999996
2025-08-01 09:17:58 AM,810.0,0,0.0,17973851.249999996
2025-08-01 09:17:58 AM,810.0,109,88290.0,18062141.249999996
2025-08-01 09:17:58 AM,809.55,0,0.0,18062141.249999996
2025-08-01 09:17:59 AM,809.55,675,546446.25,18608587.499999996
2025-08-01 09:17:59 AM,810.05,0,0.0,18608587.499999996
2025-08-01 09:18:00 AM,810.05,10,8100.5,18616687.999999996
2025-08-01 09:18:07 AM,811.0,157,127327.0,18744014.999999996
2025-08-01 09:18:16 AM,810.85,926,750847.1,19494862.099999998
2025-08-01 09:18:19 AM,810.8,0,0.0,19494862.099999998
2025-08-01 09:18:21 AM,811.25,0,0.0,19494862.099999998
2025-08-01 09:18:24 AM,811.0,783,635013.0,20129875.099999998
2025-08-01 09:18:25 AM,810.85,60,48651.0,20178526.099999998
2025-08-01 09:18:32 AM,810.85,48,38920.8,20217446.9
2025-08-01 09:18:33 AM,810.4,1,810.4,20218257.299999997
2025-08-01 09:18:35 AM,810.55,0,0.0,20218257.299999997
2025-08-01 09:18:40 AM,810.95,402,326001.9,20544259.199999996
2025-08-01 09:18:45 AM,811.2,0,0.0,20544259.199999996
2025-08-01 09:18:48 AM,811.15,228,184942.19999999998,20729201.399999995
2025-08-01 09:18:53 AM,811.3,0,0.0,20729201.399999995
2025-08-01 09:18:57 AM,810.15,465,376719.75,21105921.149999995
2025-08-01 09:18:58 AM,810.5,25,20262.5,21126183.649999995
2025-08-01 09:18:59 AM,810.25,0,0.0,21126183.649999995
2025-08-01 09:19:00 AM,809.8,1819,1473026.2,22599209.849999994
2025-08-01 09:19:01 AM,809.5,1308,1058826.0,23658035.849999994
2025-08-01 09:19:01 AM,809.8,0,0.0,23658035.849999994
2025-08-01 09:19:01 AM,809.8,2,1619.6,23659655.449999996
2025-08-01 09:19:02 AM,809.75,0,0.0,23659655.449999996
2025-08-01 09:19:02 AM,809.75,5,4048.75,23663704.199999996
2025-08-01 09:19:03 AM,809.4,3387,2741437.8,26405141.999999996
2025-08-01 09:19:04 AM,809.25,10,8092.5,26413234.499999996
2025-08-01 09:19:05 AM,809.45,0,0.0,26413234.499999996
2025-08-01 09:19:05 AM,809.45,104,84182.8,26497417.299999997
2025-08-01 09:19:06 AM,809.4,0,0.0,26497417.299999997
2025-08-01 09:19:06 AM,809.4,1,809.4,26498226.699999996
2025-08-01 09:19:07 AM,809.9,0,0.0,26498226.699999996
2025-08-01 09:19:07 AM,809.9,750,607425.0,27105651.699999996
2025-08-01 09:19:08 AM,810.35,0,0.0,27105651.699999996
2025-08-01 09:19:08 AM,810.35,62,50241.700000000004,27155893.399999995
2025-08-01 09:19:09 AM,809.75,0,0.0,27155893.399999995
2025-08-01 09:19:09 AM,809.8,464,375747.19999999995,27531640.599999994
2025-08-01 09:19:10 AM,809.8,277,224314.59999999998,27755955.199999996
2025-08-01 09:19:14 AM,810.4,794,643457.6,28399412.799999997
2025-08-01 09:19:26 AM,810.95,30,24328.5,28423741.299999997
2025-08-01 09:19:29 AM,811.85,9518,7727188.3,36150929.599999994
2025-08-01 09:19:31 AM,812.05,5097,4139018.8499999996,40289948.449999996
2025-08-01 09:19:31 AM,811.85,0,0.0,40289948.449999996
2025-08-01 09:19:32 AM,811.85,16,12989.6,40302938.05
2025-08-01 09:19:32 AM,811.0,949,769639.0,41072577.05
2025-08-01 09:19:33 AM,810.7,235,190514.5,41263091.55
2025-08-01 09:19:34 AM,810.7,3,2432.1000000000004,41265523.65
2025-08-01 09:19:34 AM,809.9,935,757256.5,42022780.15
2025-08-01 09:19:35 AM,809.45,489,395821.05000000005,42418601.199999996
2025-08-01 09:19:35 AM,810.0,481,389610.0,42808211.199999996
2025-08-01 09:19:36 AM,809.7,19,15384.300000000001,42823595.49999999
2025-08-01 09:19:37 AM,810.0,17,13770.0,42837365.49999999
2025-08-01 09:19:38 AM,809.45,618,500240.10000000003,43337605.599999994
2025-08-01 09:19:38 AM,809.25,952,770406.0,44108011.599999994
2025-08-01 09:19:38 AM,809.4,0,0.0,44108011.599999994
2025-08-01 09:19:39 AM,809.4,1,809.4,44108820.99999999
2025-08-01 09:19:40 AM,810.15,300,243045.0,44351865.99999999
2025-08-01 09:19:44 AM,809.8,0,0.0,44351865.99999999
2025-08-01 09:19:44 AM,810.25,0,0.0,44351865.99999999
2025-08-01 09:19:45 AM,810.25,1079,874259.75,45226125.74999999
2025-08-01 09:19:45 AM,810.05,22,17821.1,45243946.849999994
2025-08-01 09:19:47 AM,810.0,449,363690.0,45607636.849999994
2025-08-01 09:19:50 AM,810.0,1,810.0,45608446.849999994
2025-08-01 09:19:51 AM,809.75,20,16195.0,45624641.849999994
2025-08-01 09:19:51 AM,810.0,0,0.0,45624641.849999994
2025-08-01 09:19:51 AM,810.0,3,2430.0,45627071.849999994
2025-08-01 09:19:52 AM,810.0,50,40500.0,45667571.849999994
2025-08-01 09:19:54 AM,810.0,10,8100.0,45675671.849999994
2025-08-01 09:19:55 AM,809.65,204,165168.6,45840840.449999996
2025-08-01 09:19:55 AM,808.65,0,0.0,45840840.449999996
2025-08-01 09:19:56 AM,808.65,1367,1105424.55,46946264.99999999
2025-08-01 09:19:57 AM,809.6,0,0.0,46946264.99999999
2025-08-01 09:19:57 AM,809.4,0,0.0,46946264.99999999
2025-08-01 09:19:58 AM,809.4,212,171592.8,47117857.79999999
2025-08-01 09:19:59 AM,810.0,0,0.0,47117857.79999999
2025-08-01 09:20:00 AM,809.9,145,117435.5,47235293.29999999
2025-08-01 09:20:08 AM,810.0,0,0.0,47235293.29999999
2025-08-01 09:20:09 AM,810.0,10,8100.0,47243393.29999999
2025-08-01 09:20:12 AM,810.0,22,17820.0,47261213.29999999
2025-08-01 09:20:13 AM,809.9,314,254308.6,47515521.89999999
2025-08-01 09:20:14 AM,809.0,1272,1029048.0,48544569.89999999
2025-08-01 09:20:15 AM,808.5,1502,1214367.0,49758936.89999999
2025-08-01 09:20:17 AM,808.4,78,63055.2,49821992.099999994
2025-08-01 09:20:19 AM,809.05,0,0.0,49821992.099999994
2025-08-01 09:20:20 AM,809.05,999,808240.95,50630233.05
2025-08-01 09:20:22 AM,808.75,0,0.0,50630233.05
2025-08-01 09:20:23 AM,808.75,32,25880.0,50656113.05
2025-08-01 09:20:24 AM,808.75,76,61465.0,50717578.05
2025-08-01 09:20:24 AM,809.0,0,0.0,50717578.05
2025-08-01 09:20:25 AM,809.0,50,40450.0,50758028.05
2025-08-01 09:20:27 AM,808.75,2,1617.5,50759645.55
2025-08-01 09:20:36 AM,808.75,82,66317.5,50825963.05
2025-08-01 09:20:37 AM,808.7,0,0.0,50825963.05
2025-08-01 09:20:38 AM,808.7,2,1617.4,50827580.449999996
2025-08-01 09:20:39 AM,808.45,100,80845.0,50908425.449999996
2025-08-01 09:20:42 AM,808.7,0,0.0,50908425.449999996
2025-08-01 09:20:43 AM,808.7,60,48522.0,50956947.449999996
2025-08-01 09:20:44 AM,808.7,10,8087.0,50965034.449999996
2025-08-01 09:20:46 AM,808.6,0,0.0,50965034.449999996
2025-08-01 09:20:46 AM,808.6,225,181935.0,51146969.449999996
2025-08-01 09:20:47 AM,808.55,0,0.0,51146969.449999996
2025-08-01 09:20:48 AM,808.55,35,28299.25,51175268.699999996
2025-08-01 09:20:50 AM,808.6,0,0.0,51175268.699999996
2025-08-01 09:20:51 AM,808.6,100,80860.0,51256128.699999996
2025-08-01 09:20:52 AM,808.45,0,0.0,51256128.699999996
2025-08-01 09:20:53 AM,808.45,10,8084.5,51264213.199999996
2025-08-01 09:20:53 AM,808.7,0,0.0,51264213.199999996
2025-08-01 09:20:54 AM,808.7,296,239375.2,51503588.4
2025-08-01 09:20:56 AM,808.75,5,4043.75,51507632.15
2025-08-01 09:20:57 AM,808.85,340,275009.0,51782641.15
2025-08-01 09:20:57 AM,809.0,0,0.0,51782641.15
2025-08-01 09:20:58 AM,809.0,100,80900.0,51863541.15
2025-08-01 09:21:01 AM,808.75,100,80875.0,51944416.15
2025-08-01 09:21:01 AM,809.15,0,0.0,51944416.15
2025-08-01 09:21:02 AM,809.15,5,4045.75,51948461.9
2025-08-01 09:21:04 AM,809.0,0,0.0,51948461.9
2025-08-01 09:21:05 AM,809.0,362,292858.0,52241319.9
2025-08-01 09:21:09 AM,808.8,20,16176.0,52257495.9
2025-08-01 09:21:11 AM,809.0,114,92226.0,52349721.9
2025-08-01 09:21:11 AM,809.2,0,0.0,52349721.9
2025-08-01 09:21:12 AM,809.2,250,202300.0,52552021.9
2025-08-01 09:21:18 AM,809.1,0,0.0,52552021.9
2025-08-01 09:21:18 AM,809.1,2,1618.2,52553640.1
2025-08-01 09:21:20 AM,809.65,0,0.0,52553640.1
2025-08-01 09:21:21 AM,809.65,5,4048.25,52557688.35
2025-08-01 09:21:21 AM,809.4,0,0.0,52557688.35
2025-08-01 09:21:22 AM,809.4,10,8094.0,52565782.35
2025-08-01 09:21:25 AM,809.7,25,20242.5,52586024.85
2025-08-01 09:21:28 AM,809.8,0,0.0,52586024.85
2025-08-01 09:21:29 AM,809.8,1,809.8,52586834.65
2025-08-01 09:21:30 AM,809.85,10,8098.5,52594933.15
2025-08-01 09:21:35 AM,809.9,10,8099.0,52603032.15
2025-08-01 09:21:35 AM,809.65,0,0.0,52603032.15
2025-08-01 09:21:36 AM,809.65,25,20241.25,52623273.4
2025-08-01 09:21:40 AM,809.65,50,40482.5,52663755.9
2025-08-01 09:21:40 AM,809.45,950,768977.5,53432733.4
2025-08-01 09:21:42 AM,809.65,0,0.0,53432733.4
2025-08-01 09:21:43 AM,809.65,1,809.65,53433543.05
2025-08-01 09:21:47 AM,809.8,500,404900.0,53838443.05
2025-08-01 09:21:56 AM,809.6,3,2428.8,53840871.849999994
2025-08-01 09:22:01 AM,809.9,500,404950.0,54245821.849999994
2025-08-01 09:22:08 AM,809.35,25,20233.75,54266055.599999994
2025-08-01 09:22:09 AM,809.75,4,3239.0,54269294.599999994
2025-08-01 09:22:10 AM,809.85,3,2429.55,54271724.14999999
2025-08-01 09:22:11 AM,809.85,25,20246.25,54291970.39999999
2025-08-01 09:22:13 AM,809.5,16,12952.0,54304922.39999999
2025-08-01 09:22:13 AM,809.6,0,0.0,54304922.39999999
2025-08-01 09:22:13 AM,809.6,500,404800.0,54709722.39999999
2025-08-01 09:22:16 AM,809.5,1,809.5,54710531.89999999
2025-08-01 09:22:24 AM,809.4,1,809.4,54711341.29999999
2025-08-01 09:22:24 AM,808.75,276,223215.0,54934556.29999999
2025-08-01 09:22:25 AM,809.0,0,0.0,54934556.29999999
2025-08-01 09:22:26 AM,809.0,1,809.0,54935365.29999999
2025-08-01 09:22:27 AM,809.0,50,40450.0,54975815.29999999
2025-08-01 09:22:28 AM,809.25,500,404625.0,55380440.29999999
2025-08-01 09:22:28 AM,808.55,0,0.0,55380440.29999999
2025-08-01 09:22:29 AM,808.55,26,21022.3,55401462.59999999
2025-08-01 09:22:36 AM,808.95,0,0.0,55401462.59999999
2025-08-01 09:22:36 AM,808.95,25,20223.75,55421686.34999999
2025-08-01 09:22:45 AM,809.3,10,8093.0,55429779.34999999
2025-08-01 09:22:46 AM,808.8,0,0.0,55429779.34999999
2025-08-01 09:22:47 AM,808.8,675,545940.0,55975719.34999999
2025-08-01 09:22:52 AM,808.8,5,4044.0,55979763.34999999
2025-08-01 09:22:54 AM,809.1,0,0.0,55979763.34999999
2025-08-01 09:22:55 AM,809.1,2,1618.2,55981381.54999999
2025-08-01 09:22:55 AM,809.3,0,0.0,55981381.54999999
2025-08-01 09:22:55 AM,809.3,140,113302.0,56094683.54999999
2025-08-01 09:23:02 AM,809.3,100,80930.0,56175613.54999999
2025-08-01 09:23:04 AM,809.35,2,1618.7,56177232.24999999
2025-08-01 09:23:11 AM,808.85,30,24265.5,56201497.74999999
2025-08-01 09:23:14 AM,809.3,0,0.0,56201497.74999999
2025-08-01 09:23:15 AM,809.3,2,1618.6,56203116.349999994
2025-08-01 09:23:18 AM,809.4,0,0.0,56203116.349999994
2025-08-01 09:23:19 AM,809.4,25,20235.0,56223351.349999994
2025-08-01 09:23:21 AM,809.35,3,2428.05,56225779.39999999
2025-08-01 09:23:23 AM,808.85,0,0.0,56225779.39999999
2025-08-01 09:23:24 AM,808.85,113,91400.05,56317179.44999999
2025-08-01 09:23:25 AM,808.8,0,0.0,56317179.44999999
2025-08-01 09:23:26 AM,808.8,20,16176.0,56333355.44999999
2025-08-01 09:23:29 AM,808.8,50,40440.0,56373795.44999999
2025-08-01 09:23:29 AM,809.0,0,0.0,56373795.44999999
2025-08-01 09:23:30 AM,809.0,15,12135.0,56385930.44999999
2025-08-01 09:23:30 AM,808.55,0,0.0,56385930.44999999
2025-08-01 09:23:31 AM,808.55,20,16171.0,56402101.44999999
2025-08-01 09:23:31 AM,808.85,0,0.0,56402101.44999999
2025-08-01 09:23:32 AM,808.85,25,20221.25,56422322.69999999
2025-08-01 09:23:35 AM,808.5,0,0.0,56422322.69999999
2025-08-01 09:23:36 AM,808.5,25,20212.5,56442535.19999999
2025-08-01 09:23:37 AM,808.2,0,0.0,56442535.19999999
2025-08-01 09:23:38 AM,808.0,3538,2858704.0,59301239.19999999
2025-08-01 09:23:39 AM,807.8,25,20195.0,59321434.19999999
2025-08-01 09:23:40 AM,807.8,180,145404.0,59466838.19999999
2025-08-01 09:23:45 AM,807.8,200,161560.0,59628398.19999999
2025-08-01 09:23:47 AM,807.8,6,4846.799999999999,59633244.999999985
2025-08-01 09:23:48 AM,807.8,125,100975.0,59734219.999999985
2025-08-01 09:23:54 AM,807.15,375,302681.25,60036901.249999985
2025-08-01 09:23:54 AM,807.6,0,0.0,60036901.249999985
2025-08-01 09:23:54 AM,807.6,21,16959.600000000002,60053860.84999999
2025-08-01 09:23:59 AM,807.8,0,0.0,60053860.84999999
2025-08-01 09:23:59 AM,807.8,20,16156.0,60070016.84999999
2025-08-01 09:24:01 AM,807.6,65,52494.0,60122510.84999999
2025-08-01 09:24:02 AM,807.85,1,807.85,60123318.69999999
2025-08-01 09:24:03 AM,807.8,100,80780.0,60204098.69999999
2025-08-01 09:24:05 AM,807.8,9,7270.2,60211368.89999999
2025-08-01 09:24:06 AM,807.9,100,80790.0,60292158.89999999
2025-08-01 09:24:08 AM,807.6,10,8076.0,60300234.89999999
2025-08-01 09:24:15 AM,807.8,17,13732.599999999999,60313967.49999999
2025-08-01 09:24:17 AM,807.95,40,32318.0,60346285.49999999
2025-08-01 09:24:19 AM,807.95,1,807.95,60347093.449999996
2025-08-01 09:24:22 AM,807.95,25,20198.75,60367292.199999996
2025-08-01 09:24:27 AM,807.95,10,8079.5,60375371.699999996
2025-08-01 09:24:30 AM,807.95,1,807.95,60376179.65
2025-08-01 09:24:30 AM,807.6,12,9691.2,60385870.85
2025-08-01 09:24:31 AM,807.95,0,0.0,60385870.85
2025-08-01 09:24:32 AM,807.95,2,1615.9,60387486.75
2025-08-01 09:24:33 AM,807.95,15,12119.25,60399606.0
2025-08-01 09:24:35 AM,807.6,151,121947.6,60521553.6
2025-08-01 09:24:36 AM,807.5,0,0.0,60521553.6
2025-08-01 09:24:36 AM,807.5,100,80750.0,60602303.6
2025-08-01 09:24:37 AM,807.5,1,807.5,60603111.1
2025-08-01 09:24:41 AM,807.5,13,10497.5,60613608.6
2025-08-01 09:24:46 AM,807.5,1,807.5,60614416.1
2025-08-01 09:24:47 AM,807.5,2,1615.0,60616031.1
2025-08-01 09:24:51 AM,807.45,1,807.45,60616838.550000004
2025-08-01 09:24:51 AM,807.45,2,1614.9,60618453.45
2025-08-01 09:24:52 AM,807.5,3,2422.5,60620875.95
2025-08-01 09:24:53 AM,807.5,1,807.5,60621683.45
2025-08-01 09:24:53 AM,807.5,1,807.5,60622490.95
2025-08-01 09:24:55 AM,807.2,200,161440.0,60783930.95
2025-08-01 09:24:59 AM,807.4,0,0.0,60783930.95
2025-08-01 09:25:00 AM,807.4,65,52481.0,60836411.95
2025-08-01 09:25:01 AM,807.05,6,4842.299999999999,60841254.25
2025-08-01 09:25:06 AM,807.35,25,20183.75,60861438.0
2025-08-01 09:25:06 AM,807.05,0,0.0,60861438.0
2025-08-01 09:25:06 AM,807.0,0,0.0,60861438.0
2025-08-01 09:25:07 AM,806.3,1002,807912.6,61669350.6
2025-08-01 09:25:08 AM,806.9,5,4034.5,61673385.1
2025-08-01 09:25:19 AM,807.0,160,129120.0,61802505.1
2025-08-01 09:25:25 AM,806.9,4,3227.6,61805732.7
2025-08-01 09:25:26 AM,807.2,1,807.2,61806539.900000006
2025-08-01 09:25:29 AM,807.5,0,0.0,61806539.900000006
2025-08-01 09:25:30 AM,807.5,25,20187.5,61826727.400000006
2025-08-01 09:25:36 AM,807.6,0,0.0,61826727.400000006
2025-08-01 09:25:36 AM,807.6,248,200284.80000000002,62027012.2
2025-08-01 09:25:37 AM,807.95,0,0.0,62027012.2
2025-08-01 09:25:38 AM,807.95,100,80795.0,62107807.2
2025-08-01 09:25:45 AM,806.3,2150,1733545.0,63841352.2
2025-08-01 09:25:47 AM,806.15,61,49175.15,63890527.35
2025-08-01 09:25:47 AM,806.0,0,0.0,63890527.35
2025-08-01 09:25:48 AM,806.0,103,83018.0,63973545.35
2025-08-01 09:25:49 AM,806.25,100,80625.0,64054170.35
2025-08-01 09:25:50 AM,805.05,0,0.0,64054170.35
2025-08-01 09:25:51 AM,805.05,1741,1401592.0499999998,65455762.4
2025-08-01 09:25:51 AM,805.2,110,88572.0,65544334.4
2025-08-01 09:25:52 AM,805.65,0,0.0,65544334.4
2025-08-01 09:25:53 AM,805.65,1,805.65,65545140.05
2025-08-01 09:25:53 AM,805.25,128,103072.0,65648212.05
2025-08-01 09:25:55 AM,805.1,4,3220.4,65651432.449999996
2025-08-01 09:25:55 AM,805.0,387,311535.0,65962967.449999996
2025-08-01 09:25:55 AM,805.05,0,0.0,65962967.449999996
2025-08-01 09:25:56 AM,805.05,675,543408.75,66506376.199999996
2025-08-01 09:25:59 AM,805.4,0,0.0,66506376.199999996
2025-08-01 09:26:00 AM,805.4,21,16913.399999999998,66523289.599999994
2025-08-01 09:26:02 AM,805.5,7,5638.5,66528928.099999994
2025-08-01 09:26:05 AM,805.45,0,0.0,66528928.099999994
2025-08-01 09:26:06 AM,805.45,25,20136.25,66549064.349999994
2025-08-01 09:26:06 AM,805.0,0,0.0,66549064.349999994
2025-08-01 09:26:07 AM,805.0,1122,903210.0,67452274.35
2025-08-01 09:26:07 AM,804.6,10,8046.0,67460320.35
2025-08-01 09:26:07 AM,804.75,0,0.0,67460320.35
2025-08-01 09:26:08 AM,804.75,10,8047.5,67468367.85
2025-08-01 09:26:08 AM,804.75,6,4828.5,67473196.35
2025-08-01 09:26:08 AM,805.15,0,0.0,67473196.35
2025-08-01 09:26:09 AM,805.15,499,401769.85,67874966.19999999
2025-08-01 09:26:10 AM,804.2,0,0.0,67874966.19999999
2025-08-01 09:26:11 AM,804.15,7448,5989309.2,73864275.39999999
2025-08-01 09:26:11 AM,804.25,1,804.25,73865079.64999999
2025-08-01 09:26:13 AM,803.8,13,10449.4,73875529.05
2025-08-01 09:26:13 AM,803.25,0,0.0,73875529.05
2025-08-01 09:26:14 AM,803.25,280,224910.0,74100439.05
2025-08-01 09:26:14 AM,804.2,158,127063.6,74227502.64999999
2025-08-01 09:26:15 AM,804.15,67,53878.049999999996,74281380.69999999
2025-08-01 09:26:17 AM,804.5,0,0.0,74281380.69999999
2025-08-01 09:26:18 AM,804.5,109,87690.5,74369071.19999999
2025-08-01 09:26:22 AM,804.45,0,0.0,74369071.19999999
2025-08-01 09:26:23 AM,804.45,15,12066.75,74381137.94999999
2025-08-01 09:26:26 AM,804.45,10,8044.5,74389182.44999999
2025-08-01 09:26:27 AM,804.45,101,81249.45000000001,74470431.89999999
2025-08-01 09:26:28 AM,804.45,20,16089.0,74486520.89999999
2025-08-01 09:26:29 AM,804.45,2,1608.9,74488129.8
2025-08-01 09:26:30 AM,804.45,10,8044.5,74496174.3
2025-08-01 09:26:32 AM,804.45,10,8044.5,74504218.8
2025-08-01 09:26:33 AM,804.45,52,41831.4,74546050.2
2025-08-01 09:26:34 AM,804.45,527,423945.15,74969995.35000001
2025-08-01 09:26:37 AM,804.5,22,17699.0,74987694.35000001
2025-08-01 09:26:42 AM,805.45,0,0.0,74987694.35000001
2025-08-01 09:26:43 AM,805.45,487,392254.15,75379948.50000001
2025-08-01 09:26:43 AM,805.15,0,0.0,75379948.50000001
2025-08-01 09:26:44 AM,805.15,1,805.15,75380753.65000002
2025-08-01 09:26:45 AM,805.45,1,805.45,75381559.10000002
2025-08-01 09:26:45 AM,805.0,275,221375.0,75602934.10000002
2025-08-01 09:26:46 AM,805.55,0,0.0,75602934.10000002
2025-08-01 09:26:47 AM,805.55,26,20944.3,75623878.40000002
2025-08-01 09:26:47 AM,805.7,0,0.0,75623878.40000002
2025-08-01 09:26:48 AM,805.7,10,8057.0,75631935.40000002
2025-08-01 09:26:48 AM,805.8,0,0.0,75631935.40000002
2025-08-01 09:26:49 AM,805.8,16,12892.8,75644828.20000002
2025-08-01 09:26:51 AM,806.55,1,806.55,75645634.75000001
2025-08-01 09:26:55 AM,806.1,0,0.0,75645634.75000001
2025-08-01 09:26:56 AM,806.1,61,49172.1,75694806.85000001
2025-08-01 09:26:58 AM,806.4,100,80640.0,75775446.85000001
2025-08-01 09:26:58 AM,806.2,10,8062.0,75783508.85000001
2025-08-01 09:26:59 AM,806.55,0,0.0,75783508.85000001
2025-08-01 09:27:00 AM,806.55,2309,1862323.95,77645832.80000001
2025-08-01 09:27:01 AM,806.1,80,64488.0,77710320.80000001
2025-08-01 09:27:01 AM,806.8,0,0.0,77710320.80000001
2025-08-01 09:27:02 AM,806.8,16,12908.8,77723229.60000001
2025-08-01 09:27:23 AM,806.95,10,8069.5,77731299.10000001
2025-08-01 09:27:25 AM,807.45,0,0.0,77731299.10000001
2025-08-01 09:27:26 AM,807.45,35,28260.75,77759559.85000001
2025-08-01 09:27:28 AM,807.5,0,0.0,77759559.85000001
2025-08-01 09:27:29 AM,807.5,300,242250.0,78001809.85000001
2025-08-01 09:27:29 AM,807.4,0,0.0,78001809.85000001
2025-08-01 09:27:30 AM,807.4,83,67014.2,78068824.05000001
2025-08-01 09:27:30 AM,807.35,0,0.0,78068824.05000001
2025-08-01 09:27:31 AM,807.35,1,807.35,78069631.4
2025-08-01 09:27:32 AM,806.95,0,0.0,78069631.4
2025-08-01 09:27:33 AM,806.95,10,8069.5,78077700.9
2025-08-01 09:27:33 AM,806.9,0,0.0,78077700.9
2025-08-01 09:27:34 AM,807.35,0,0.0,78077700.9
2025-08-01 09:27:35 AM,807.35,36,29064.600000000002,78106765.5
2025-08-01 09:27:42 AM,807.35,1,807.35,78107572.85
2025-08-01 09:27:43 AM,807.05,34,27439.699999999997,78135012.55
2025-08-01 09:27:45 AM,807.05,5,4035.25,78139047.8
2025-08-01 09:27:46 AM,807.05,1,807.05,78139854.85
2025-08-01 09:27:49 AM,807.15,30,24214.5,78164069.35
2025-08-01 09:27:50 AM,807.1,0,0.0,78164069.35
2025-08-01 09:27:51 AM,807.1,1,807.1,78164876.44999999
2025-08-01 09:27:53 AM,807.25,0,0.0,78164876.44999999
2025-08-01 09:27:54 AM,807.25,200,161450.0,78326326.44999999
2025-08-01 09:27:54 AM,807.2,0,0.0,78326326.44999999
2025-08-01 09:27:55 AM,807.2,10,8072.0,78334398.44999999
2025-08-01 09:27:55 AM,807.05,0,0.0,78334398.44999999
2025-08-01 09:27:56 AM,807.05,30,24211.5,78358609.94999999
2025-08-01 09:27:57 AM,806.9,0,0.0,78358609.94999999
2025-08-01 09:27:58 AM,806.9,52,41958.799999999996,78400568.74999999
2025-08-01 09:27:58 AM,806.8,0,0.0,78400568.74999999
2025-08-01 09:27:59 AM,806.8,12,9681.599999999999,78410250.34999998
2025-08-01 09:27:59 AM,806.6,0,0.0,78410250.34999998
2025-08-01 09:28:00 AM,806.6,7,5646.2,78415896.54999998
2025-08-01 09:28:02 AM,806.55,31,25003.05,78440899.59999998
2025-08-01 09:28:03 AM,806.2,103,83038.6,78523938.19999997
2025-08-01 09:28:05 AM,806.45,25,20161.25,78544099.44999997
2025-08-01 09:28:06 AM,806.0,3758,3028948.0,81573047.44999997
2025-08-01 09:28:06 AM,804.7,0,0.0,81573047.44999997
2025-08-01 09:28:06 AM,804.55,0,0.0,81573047.44999997
2025-08-01 09:28:07 AM,804.55,1190,957414.5,82530461.94999997
2025-08-01 09:28:07 AM,805.3,2,1610.6,82532072.54999997
2025-08-01 09:28:12 AM,805.3,10,8053.0,82540125.54999997
2025-08-01 09:28:13 AM,805.3,5,4026.5,82544152.04999997
2025-08-01 09:28:13 AM,805.25,0,0.0,82544152.04999997
2025-08-01 09:28:13 AM,805.3,0,0.0,82544152.04999997
2025-08-01 09:28:14 AM,805.3,2,1610.6,82545762.64999996
2025-08-01 09:28:16 AM,805.5,849,683869.5,83229632.14999996
2025-08-01 09:28:19 AM,805.5,1,805.5,83230437.64999996
2025-08-01 09:28:21 AM,805.5,1,805.5,83231243.14999996
2025-08-01 09:28:24 AM,805.25,5,4026.25,83235269.39999996
2025-08-01 09:28:25 AM,804.75,0,0.0,83235269.39999996
2025-08-01 09:28:26 AM,804.75,200,160950.0,83396219.39999996
2025-08-01 09:28:38 AM,804.5,0,0.0,83396219.39999996
2025-08-01 09:28:39 AM,804.85,142,114288.7,83510508.09999996
2025-08-01 09:28:40 AM,804.5,0,0.0,83510508.09999996
2025-08-01 09:28:41 AM,804.5,4,3218.0,83513726.09999996
2025-08-01 09:28:41 AM,804.95,10,8049.5,83521775.59999996
2025-08-01 09:28:42 AM,805.05,2,1610.1,83523385.69999996
2025-08-01 09:28:45 AM,805.05,1,805.05,83524190.74999996
2025-08-01 09:28:46 AM,805.0,30,24150.0,83548340.74999996
2025-08-01 09:28:47 AM,805.15,1,805.15,83549145.89999996
2025-08-01 09:28:52 AM,805.3,0,0.0,83549145.89999996
2025-08-01 09:28:52 AM,805.3,30,24159.0,83573304.89999996
2025-08-01 09:28:53 AM,805.3,60,48318.0,83621622.89999996
2025-08-01 09:28:54 AM,805.3,70,56371.0,83677993.89999996
2025-08-01 09:28:55 AM,806.2,0,0.0,83677993.89999996
2025-08-01 09:28:55 AM,806.2,2232,1799438.4000000001,85477432.29999997
2025-08-01 09:28:59 AM,806.5,23,18549.5,85495981.79999997
2025-08-01 09:29:02 AM,806.7,0,0.0,85495981.79999997
2025-08-01 09:29:03 AM,806.2,0,0.0,85495981.79999997
2025-08-01 09:29:03 AM,806.2,175,141085.0,85637066.79999997
2025-08-01 09:29:04 AM,806.0,0,0.0,85637066.79999997
2025-08-01 09:29:05 AM,806.0,6,4836.0,85641902.79999997
2025-08-01 09:29:08 AM,805.75,1,805.75,85642708.54999997
2025-08-01 09:29:10 AM,805.65,0,0.0,85642708.54999997
2025-08-01 09:29:10 AM,805.65,70,56395.5,85699104.04999997
2025-08-01 09:29:11 AM,805.3,0,0.0,85699104.04999997
2025-08-01 09:29:12 AM,805.3,2,1610.6,85700714.64999996
2025-08-01 09:29:14 AM,805.15,229,184379.35,85885093.99999996
2025-08-01 09:29:16 AM,805.25,79,63614.75,85948708.74999996
2025-08-01 09:29:21 AM,805.3,0,0.0,85948708.74999996
2025-08-01 09:29:21 AM,805.3,10,8053.0,85956761.74999996
2025-08-01 09:29:25 AM,805.55,10,8055.5,85964817.24999996
2025-08-01 09:29:29 AM,805.7,0,0.0,85964817.24999996
2025-08-01 09:29:29 AM,805.7,3,2417.1000000000004,85967234.34999995
2025-08-01 09:29:32 AM,805.7,1,805.7,85968040.04999995
2025-08-01 09:29:34 AM,805.55,0,0.0,85968040.04999995
2025-08-01 09:29:35 AM,805.55,190,153054.5,86121094.54999995
2025-08-01 09:29:41 AM,805.55,110,88610.5,86209705.04999995
2025-08-01 09:29:47 AM,805.95,0,0.0,86209705.04999995
2025-08-01 09:29:48 AM,805.95,82,66087.90000000001,86275792.94999996
2025-08-01 09:29:49 AM,805.95,4,3223.8,86279016.74999996
2025-08-01 09:29:50 AM,805.6,90,72504.0,86351520.74999996
2025-08-01 09:29:52 AM,805.55,501,403580.55,86755101.29999995
2025-08-01 09:29:58 AM,806.15,85,68522.75,86823624.04999995
2025-08-01 09:30:01 AM,805.6,145,116812.0,86940436.04999995
2025-08-01 09:30:03 AM,805.7,33,26588.100000000002,86967024.14999995
2025-08-01 09:30:04 AM,805.6,1,805.6,86967829.74999994
2025-08-01 09:30:05 AM,805.25,68,54757.0,87022586.74999994
2025-08-01 09:30:06 AM,805.15,10,8051.5,87030638.24999994
2025-08-01 09:30:08 AM,805.0,0,0.0,87030638.24999994
2025-08-01 09:30:09 AM,805.0,259,208495.0,87239133.24999994
2025-08-01 09:30:09 AM,805.15,0,0.0,87239133.24999994
2025-08-01 09:30:10 AM,805.15,5,4025.75,87243158.99999994
2025-08-01 09:30:10 AM,804.75,5,4023.75,87247182.74999994
2025-08-01 09:30:10 AM,805.05,0,0.0,87247182.74999994
2025-08-01 09:30:11 AM,805.05,1,805.05,87247987.79999994
2025-08-01 09:30:13 AM,805.2,0,0.0,87247987.79999994
2025-08-01 09:30:14 AM,805.2,10,8052.0,87256039.79999994
2025-08-01 09:30:15 AM,805.15,1,805.15,87256844.94999994
2025-08-01 09:30:17 AM,805.35,5,4026.75,87260871.69999994
2025-08-01 09:30:18 AM,805.0,10,8050.0,87268921.69999994
2025-08-01 09:30:19 AM,805.45,0,0.0,87268921.69999994
2025-08-01 09:30:19 AM,805.45,1,805.45,87269727.14999995
2025-08-01 09:30:20 AM,804.55,0,0.0,87269727.14999995
2025-08-01 09:30:21 AM,804.55,101,81259.54999999999,87350986.69999994
2025-08-01 09:30:21 AM,805.1,5,4025.5,87355012.19999994
2025-08-01 09:30:21 AM,805.2,0,0.0,87355012.19999994
2025-08-01 09:30:22 AM,805.2,1,805.2,87355817.39999995
2025-08-01 09:30:22 AM,805.1,0,0.0,87355817.39999995
2025-08-01 09:30:23 AM,805.1,3,2415.3,87358232.69999994
2025-08-01 09:30:34 AM,805.5,0,0.0,87358232.69999994
2025-08-01 09:30:34 AM,805.5,1,805.5,87359038.19999994
2025-08-01 09:30:40 AM,805.55,1,805.55,87359843.74999994
2025-08-01 09:30:42 AM,805.55,1,805.55,87360649.29999994
2025-08-01 09:30:45 AM,805.55,10,8055.5,87368704.79999994
2025-08-01 09:30:49 AM,805.55,5,4027.75,87372732.54999994
2025-08-01 09:30:50 AM,805.5,0,0.0,87372732.54999994
2025-08-01 09:30:51 AM,805.5,20,16110.0,87388842.54999994
2025-08-01 09:31:01 AM,805.0,210,169050.0,87557892.54999994
2025-08-01 09:31:08 AM,805.1,0,0.0,87557892.54999994
2025-08-01 09:31:08 AM,805.1,1,805.1,87558697.64999993
2025-08-01 09:31:13 AM,804.95,1,804.95,87559502.59999993
2025-08-01 09:31:14 AM,804.6,0,0.0,87559502.59999993
2025-08-01 09:31:15 AM,804.6,13,10459.800000000001,87569962.39999993
2025-08-01 09:31:18 AM,805.0,0,0.0,87569962.39999993
2025-08-01 09:31:19 AM,805.0,3,2415.0,87572377.39999993
2025-08-01 09:31:19 AM,805.1,0,0.0,87572377.39999993
2025-08-01 09:31:20 AM,805.1,30,24153.0,87596530.39999993
2025-08-01 09:31:26 AM,805.0,0,0.0,87596530.39999993
2025-08-01 09:31:27 AM,805.0,500,402500.0,87999030.39999993
2025-08-01 09:31:29 AM,805.15,10,8051.5,88007081.89999993
2025-08-01 09:31:31 AM,804.75,1,804.75,88007886.64999993
2025-08-01 09:31:33 AM,804.65,8,6437.2,88014323.84999993
2025-08-01 09:31:35 AM,804.65,4,3218.6,88017542.44999993
2025-08-01 09:31:35 AM,804.55,0,0.0,88017542.44999993
2025-08-01 09:31:36 AM,804.55,821,660535.5499999999,88678077.99999993
2025-08-01 09:31:41 AM,804.75,5,4023.75,88682101.74999993
2025-08-01 09:31:42 AM,805.0,0,0.0,88682101.74999993
2025-08-01 09:31:43 AM,805.0,3,2415.0,88684516.74999993
2025-08-01 09:31:46 AM,805.0,36,28980.0,88713496.74999993
2025-08-01 09:31:47 AM,804.75,113,90936.75,88804433.49999993
2025-08-01 09:31:53 AM,805.0,8,6440.0,88810873.49999993
2025-08-01 09:32:03 AM,805.45,0,0.0,88810873.49999993
2025-08-01 09:32:07 AM,805.6,185,149036.0,88959909.49999993
2025-08-01 09:32:14 AM,805.85,50,40292.5,89000201.99999993
2025-08-01 09:32:21 AM,805.65,88,70897.2,89071099.19999993
2025-08-01 09:32:28 AM,806.1,0,0.0,89071099.19999993
2025-08-01 09:32:28 AM,806.1,131,105599.1,89176698.29999992
2025-08-01 09:32:33 AM,806.35,0,0.0,89176698.29999992
2025-08-01 09:32:35 AM,806.5,98,79037.0,89255735.29999992
2025-08-01 09:32:40 AM,806.8,0,0.0,89255735.29999992
2025-08-01 09:32:42 AM,806.8,4,3227.2,89258962.49999993
2025-08-01 09:32:52 AM,807.0,0,0.0,89258962.49999993
2025-08-01 09:32:52 AM,807.35,0,0.0,89258962.49999993
2025-08-01 09:32:56 AM,807.35,897,724192.9500000001,89983155.44999993
2025-08-01 09:32:56 AM,807.0,2869,2315283.0,92298438.44999993
2025-08-01 09:33:00 AM,807.0,56,45192.0,92343630.44999993
2025-08-01 09:33:01 AM,806.8,25,20170.0,92363800.44999993
2025-08-01 09:33:02 AM,806.4,0,0.0,92363800.44999993
2025-08-01 09:33:02 AM,806.4,30,24192.0,92387992.44999993
2025-08-01 09:33:07 AM,806.75,1,806.75,92388799.19999993
2025-08-01 09:33:08 AM,806.8,25,20170.0,92408969.19999993
2025-08-01 09:33:08 AM,806.35,99,79828.65000000001,92488797.84999993
2025-08-01 09:33:12 AM,806.45,0,0.0,92488797.84999993
2025-08-01 09:33:13 AM,806.35,201,162076.35,92650874.19999993
2025-08-01 09:33:14 AM,806.35,61,49187.35,92700061.54999992
2025-08-01 09:33:16 AM,806.4,0,0.0,92700061.54999992
2025-08-01 09:33:17 AM,806.4,1,806.4,92700867.94999993
2025-08-01 09:33:22 AM,806.75,0,0.0,92700867.94999993
2025-08-01 09:33:22 AM,806.75,100,80675.0,92781542.94999993
2025-08-01 09:33:24 AM,806.8,2,1613.6,92783156.54999992
2025-08-01 09:33:24 AM,806.75,0,0.0,92783156.54999992
2025-08-01 09:33:25 AM,806.75,60,48405.0,92831561.54999992
2025-08-01 09:33:26 AM,806.85,22,17750.7,92849312.24999993
2025-08-01 09:33:28 AM,806.7,10,8067.0,92857379.24999993
2025-08-01 09:33:31 AM,807.0,5,4035.0,92861414.24999993
2025-08-01 09:33:36 AM,807.0,1,807.0,92862221.24999993
2025-08-01 09:33:37 AM,807.0,200,161400.0,93023621.24999993
2025-08-01 09:33:37 AM,806.5,72,58068.0,93081689.24999993
2025-08-01 09:33:39 AM,806.85,13,10489.050000000001,93092178.29999992
2025-08-01 09:33:41 AM,807.0,200,161400.0,93253578.29999992
2025-08-01 09:33:42 AM,807.0,110,88770.0,93342348.29999992
2025-08-01 09:33:43 AM,807.0,67,54069.0,93396417.29999992
2025-08-01 09:33:52 AM,807.2,0,0.0,93396417.29999992
2025-08-01 09:33:52 AM,807.2,200,161440.0,93557857.29999992
2025-08-01 09:33:52 AM,807.0,523,422061.0,93979918.29999992
2025-08-01 09:33:54 AM,807.35,12,9688.2,93989606.49999993
2025-08-01 09:33:55 AM,807.5,0,0.0,93989606.49999993
2025-08-01 09:33:55 AM,807.5,231,186532.5,94176138.99999993
2025-08-01 09:33:58 AM,808.0,0,0.0,94176138.99999993
2025-08-01 09:33:59 AM,808.0,534,431472.0,94607610.99999993
2025-08-01 09:33:59 AM,807.95,112,90490.40000000001,94698101.39999993
2025-08-01 09:34:01 AM,808.4,500,404200.0,95102301.39999993
2025-08-01 09:34:02 AM,808.15,2,1616.3,95103917.69999993
2025-08-01 09:34:06 AM,807.9,0,0.0,95103917.69999993
2025-08-01 09:34:07 AM,807.9,10,8079.0,95111996.69999993
2025-08-01 09:34:08 AM,808.15,0,0.0,95111996.69999993
2025-08-01 09:34:08 AM,808.15,1,808.15,95112804.84999993
2025-08-01 09:34:10 AM,807.95,10,8079.5,95120884.34999993
2025-08-01 09:34:14 AM,807.85,37,29890.45,95150774.79999994
2025-08-01 09:34:15 AM,807.9,0,0.0,95150774.79999994
2025-08-01 09:34:15 AM,807.9,150,121185.0,95271959.79999994
2025-08-01 09:34:15 AM,808.0,0,0.0,95271959.79999994
2025-08-01 09:34:15 AM,808.0,1000,808000.0,96079959.79999994
2025-08-01 09:34:22 AM,807.9,1,807.9,96080767.69999994
2025-08-01 09:34:23 AM,807.85,0,0.0,96080767.69999994
2025-08-01 09:34:23 AM,807.85,5,4039.25,96084806.94999994
2025-08-01 09:34:32 AM,807.85,20,16157.0,96100963.94999994
2025-08-01 09:34:38 AM,808.0,500,404000.0,96504963.94999994
2025-08-01 09:34:40 AM,808.0,3,2424.0,96507387.94999994
2025-08-01 09:34:44 AM,808.3,0,0.0,96507387.94999994
2025-08-01 09:34:45 AM,808.3,67,54156.1,96561544.04999994
2025-08-01 09:34:45 AM,808.45,0,0.0,96561544.04999994
2025-08-01 09:34:46 AM,808.45,10,8084.5,96569628.54999994
2025-08-01 09:34:51 AM,808.5,500,404250.0,96973878.54999994
2025-08-01 09:34:56 AM,808.0,0,0.0,96973878.54999994
2025-08-01 09:34:57 AM,808.0,558,450864.0,97424742.54999994
2025-08-01 09:34:57 AM,807.6,0,0.0,97424742.54999994
2025-08-01 09:34:58 AM,807.6,2,1615.2,97426357.74999994
2025-08-01 09:35:00 AM,807.8,0,0.0,97426357.74999994
2025-08-01 09:35:00 AM,807.7,35,28269.5,97454627.24999994
2025-08-01 09:35:10 AM,807.15,1,807.15,97455434.39999995
2025-08-01 09:35:10 AM,807.0,457,368799.0,97824233.39999995
2025-08-01 09:35:15 AM,806.75,674,543749.5,98367982.89999995
2025-08-01 09:35:16 AM,806.75,67,54052.25,98422035.14999995
2025-08-01 09:35:20 AM,807.25,0,0.0,98422035.14999995
2025-08-01 09:35:20 AM,807.25,124,100099.0,98522134.14999995
2025-08-01 09:35:24 AM,806.5,0,0.0,98522134.14999995
2025-08-01 09:35:24 AM,806.5,1005,810532.5,99332666.64999995
2025-08-01 09:35:25 AM,806.0,34,27404.0,99360070.64999995
2025-08-01 09:35:33 AM,806.35,1,806.35,99360876.99999994
2025-08-01 09:35:34 AM,805.6,387,311767.2,99672644.19999994
2025-08-01 09:35:36 AM,805.85,0,0.0,99672644.19999994
2025-08-01 09:35:37 AM,805.85,15,12087.75,99684731.94999994
2025-08-01 09:35:38 AM,805.85,10,8058.5,99692790.44999994
2025-08-01 09:35:42 AM,805.9,5,4029.5,99696819.94999994
2025-08-01 09:35:42 AM,805.95,0,0.0,99696819.94999994
2025-08-01 09:35:43 AM,805.95,90,72535.5,99769355.44999994
2025-08-01 09:35:43 AM,805.9,0,0.0,99769355.44999994
2025-08-01 09:35:44 AM,805.9,2,1611.8,99770967.24999994
2025-08-01 09:35:44 AM,805.35,0,0.0,99770967.24999994
2025-08-01 09:35:45 AM,805.35,63,50737.05,99821704.29999994
2025-08-01 09:35:46 AM,805.0,50,40250.0,99861954.29999994
2025-08-01 09:35:51 AM,805.55,4,3222.2,99865176.49999994
2025-08-01 09:36:08 AM,805.9,100,80590.0,99945766.49999994
2025-08-01 09:36:20 AM,806.0,0,0.0,99945766.49999994
2025-08-01 09:36:21 AM,806.0,100,80600.0,100026366.49999994
2025-08-01 09:36:30 AM,806.0,100,80600.0,100106966.49999994
2025-08-01 09:36:32 AM,805.9,25,20147.5,100127113.99999994
2025-08-01 09:36:32 AM,806.35,0,0.0,100127113.99999994
2025-08-01 09:36:33 AM,806.35,837,674914.9500000001,100802028.94999994
2025-08-01 09:36:34 AM,806.3,5,4031.5,100806060.44999994
2025-08-01 09:36:38 AM,806.35,7,5644.45,100811704.89999995
2025-08-01 09:36:44 AM,806.4,2,1612.8,100813317.69999994
2025-08-01 09:36:46 AM,806.4,50,40320.0,100853637.69999994
2025-08-01 09:36:54 AM,806.0,10,8060.0,100861697.69999994
2025-08-01 09:36:54 AM,806.9,778,627768.2,101489465.89999995
2025-08-01 09:36:58 AM,807.3,7,5651.099999999999,101495116.99999994
2025-08-01 09:37:06 AM,806.5,100,80650.0,101575766.99999994
2025-08-01 09:37:07 AM,806.85,0,0.0,101575766.99999994
2025-08-01 09:37:08 AM,806.85,4,3227.4,101578994.39999995
2025-08-01 09:37:09 AM,806.55,159,128241.45,101707235.84999995
2025-08-01 09:37:12 AM,806.95,0,0.0,101707235.84999995
2025-08-01 09:37:12 AM,806.95,6,4841.700000000001,101712077.54999995
2025-08-01 09:37:13 AM,806.95,2,1613.9,101713691.44999996
2025-08-01 09:37:16 AM,807.0,0,0.0,101713691.44999996
2025-08-01 09:37:16 AM,807.0,25,20175.0,101733866.44999996
2025-08-01 09:37:16 AM,807.0,50,40350.0,101774216.44999996
2025-08-01 09:37:24 AM,807.0,5,4035.0,101778251.44999996
2025-08-01 09:37:25 AM,807.0,1,807.0,101779058.44999996
2025-08-01 09:37:36 AM,806.65,100,80665.0,101859723.44999996
2025-08-01 09:37:39 AM,807.0,59,47613.0,101907336.44999996
2025-08-01 09:37:42 AM,807.45,0,0.0,101907336.44999996
2025-08-01 09:37:42 AM,807.45,200,161490.0,102068826.44999996
2025-08-01 09:37:43 AM,807.4,0,0.0,102068826.44999996
2025-08-01 09:37:44 AM,807.4,13,10496.199999999999,102079322.64999996
2025-08-01 09:37:45 AM,807.45,0,0.0,102079322.64999996
2025-08-01 09:37:46 AM,807.45,20,16149.0,102095471.64999996
2025-08-01 09:37:47 AM,807.0,0,0.0,102095471.64999996
2025-08-01 09:37:47 AM,807.1,3371,2720734.1,104816205.74999996
2025-08-01 09:37:51 AM,807.15,50,40357.5,104856563.24999996
2025-08-01 09:37:51 AM,807.4,0,0.0,104856563.24999996
2025-08-01 09:37:52 AM,807.4,7,5651.8,104862215.04999995
2025-08-01 09:37:55 AM,807.3,0,0.0,104862215.04999995
2025-08-01 09:37:55 AM,807.3,100,80730.0,104942945.04999995
2025-08-01 09:38:00 AM,806.95,20,16139.0,104959084.04999995
2025-08-01 09:38:03 AM,806.85,11,8875.35,104967959.39999995
2025-08-01 09:38:08 AM,808.25,20814,16822915.5,121790874.89999995
2025-08-01 09:38:08 AM,809.8,4181,3385773.8,125176648.69999994
2025-08-01 09:38:10 AM,809.7,0,0.0,125176648.69999994
2025-08-01 09:38:10 AM,809.7,380,307686.0,125484334.69999994
2025-08-01 09:38:10 AM,809.1,5961,4823045.100000001,130307379.79999994
2025-08-01 09:38:11 AM,808.85,499,403616.15,130710995.94999994
2025-08-01 09:38:12 AM,808.55,0,0.0,130710995.94999994
2025-08-01 09:38:12 AM,808.55,429,346867.94999999995,131057863.89999995
2025-08-01 09:38:14 AM,808.2,0,0.0,131057863.89999995
2025-08-01 09:38:14 AM,808.2,34,27478.800000000003,131085342.69999994
2025-08-01 09:38:14 AM,808.65,0,0.0,131085342.69999994
2025-08-01 09:38:15 AM,808.65,29,23450.85,131108793.54999994
2025-08-01 09:38:15 AM,808.9,0,0.0,131108793.54999994
2025-08-01 09:38:16 AM,808.9,250,202225.0,131311018.54999994
2025-08-01 09:38:22 AM,808.75,0,0.0,131311018.54999994
2025-08-01 09:38:23 AM,808.75,1,808.75,131311827.29999994
2025-08-01 09:38:23 AM,808.8,100,80880.0,131392707.29999994
2025-08-01 09:38:26 AM,808.75,1,808.75,131393516.04999994
2025-08-01 09:38:27 AM,807.9,0,0.0,131393516.04999994
2025-08-01 09:38:27 AM,807.9,1075,868492.5,132262008.54999994
2025-08-01 09:38:29 AM,808.25,0,0.0,132262008.54999994
2025-08-01 09:38:29 AM,808.25,41,33138.25,132295146.79999994
2025-08-01 09:38:33 AM,808.75,10,8087.5,132303234.29999994
2025-08-01 09:38:36 AM,808.7,38,30730.600000000002,132333964.89999993
2025-08-01 09:38:40 AM,808.8,100,80880.0,132414844.89999993
2025-08-01 09:38:40 AM,808.8,87,70365.59999999999,132485210.49999993
2025-08-01 09:38:42 AM,808.3,800,646640.0,133131850.49999993
2025-08-01 09:38:46 AM,808.6,27,21832.2,133153682.69999993
2025-08-01 09:38:47 AM,808.25,216,174582.0,133328264.69999993
2025-08-01 09:38:48 AM,808.0,567,458136.0,133786400.69999993
2025-08-01 09:38:51 AM,808.3,150,121245.0,133907645.69999993
2025-08-01 09:38:53 AM,808.25,0,0.0,133907645.69999993
2025-08-01 09:38:54 AM,808.25,20,16165.0,133923810.69999993
2025-08-01 09:39:01 AM,808.3,100,80830.0,134004640.69999993
2025-08-01 09:39:06 AM,808.3,3,2424.8999999999996,134007065.59999993
2025-08-01 09:39:06 AM,807.65,0,0.0,134007065.59999993
2025-08-01 09:39:07 AM,807.65,45,36344.25,134043409.84999993
2025-08-01 09:39:10 AM,807.8,0,0.0,134043409.84999993
2025-08-01 09:39:10 AM,807.8,203,163983.4,134207393.24999994
2025-08-01 09:39:10 AM,807.9,0,0.0,134207393.24999994
2025-08-01 09:39:11 AM,807.9,67,54129.299999999996,134261522.54999995
2025-08-01 09:39:19 AM,807.95,1,807.95,134262330.49999994
2025-08-01 09:39:23 AM,807.8,0,0.0,134262330.49999994
2025-08-01 09:39:23 AM,807.8,155,125209.0,134387539.49999994
2025-08-01 09:39:24 AM,807.95,0,0.0,134387539.49999994
2025-08-01 09:39:24 AM,807.95,1000,807950.0,135195489.49999994
2025-08-01 09:39:25 AM,807.95,10,8079.5,135203568.99999994
2025-08-01 09:39:27 AM,807.8,0,0.0,135203568.99999994
2025-08-01 09:39:27 AM,807.8,6,4846.799999999999,135208415.79999995
2025-08-01 09:39:29 AM,807.95,0,0.0,135208415.79999995
2025-08-01 09:39:29 AM,807.95,6,4847.700000000001,135213263.49999994
2025-08-01 09:39:31 AM,807.95,2,1615.9,135214879.39999995
2025-08-01 09:39:33 AM,807.95,1,807.95,135215687.34999993
2025-08-01 09:39:34 AM,807.95,128,103417.6,135319104.94999993
2025-08-01 09:39:35 AM,808.2,0,0.0,135319104.94999993
2025-08-01 09:39:35 AM,808.2,45,36369.0,135355473.94999993
2025-08-01 09:39:38 AM,808.55,0,0.0,135355473.94999993
2025-08-01 09:39:38 AM,808.55,52,42044.6,135397518.54999992
2025-08-01 09:39:39 AM,808.5,0,0.0,135397518.54999992
2025-08-01 09:39:39 AM,808.5,1,808.5,135398327.04999992
2025-08-01 09:39:44 AM,808.5,3,2425.5,135400752.54999992
2025-08-01 09:39:51 AM,808.15,18,14546.699999999999,135415299.2499999
2025-08-01 09:40:00 AM,808.45,1,808.45,135416107.6999999
2025-08-01 09:40:01 AM,808.45,5,4042.25,135420149.9499999
2025-08-01 09:40:04 AM,808.0,0,0.0,135420149.9499999
2025-08-01 09:40:05 AM,808.0,100,80800.0,135500949.9499999
2025-08-01 09:40:11 AM,808.4,10,8084.0,135509033.9499999
2025-08-01 09:40:12 AM,808.4,2,1616.8,135510650.7499999
2025-08-01 09:40:14 AM,808.4,100,80840.0,135591490.7499999
2025-08-01 09:40:19 AM,808.7,0,0.0,135591490.7499999
2025-08-01 09:40:19 AM,808.7,223,180340.1,135771830.8499999
2025-08-01 09:40:20 AM,808.85,5,4044.25,135775875.0999999
2025-08-01 09:40:24 AM,809.1,0,0.0,135775875.0999999
2025-08-01 09:40:25 AM,809.3,0,0.0,135775875.0999999
2025-08-01 09:40:25 AM,809.3,98,79311.4,135855186.4999999
2025-08-01 09:40:27 AM,809.1,5,4045.5,135859231.9999999
2025-08-01 09:40:30 AM,809.4,0,0.0,135859231.9999999
2025-08-01 09:40:31 AM,809.4,10,8094.0,135867325.9999999
2025-08-01 09:40:32 AM,809.4,15,12141.0,135879466.9999999
2025-08-01 09:40:33 AM,809.85,50,40492.5,135919959.4999999
2025-08-01 09:40:34 AM,809.4,0,0.0,135919959.4999999
2025-08-01 09:40:34 AM,809.4,101,81749.4,136001708.89999992
2025-08-01 09:40:38 AM,810.0,0,0.0,136001708.89999992
2025-08-01 09:40:39 AM,810.0,500,405000.0,136406708.89999992
2025-08-01 09:40:40 AM,810.1,0,0.0,136406708.89999992
2025-08-01 09:40:41 AM,810.1,105,85060.5,136491769.39999992
2025-08-01 09:40:43 AM,810.0,100,81000.0,136572769.39999992
2025-08-01 09:40:45 AM,810.4,77,62400.799999999996,136635170.19999993
2025-08-01 09:40:48 AM,810.8,275,222970.0,136858140.19999993
2025-08-01 09:40:49 AM,810.6,0,0.0,136858140.19999993
2025-08-01 09:40:50 AM,810.6,739,599033.4,137457173.59999993
2025-08-01 09:40:51 AM,810.65,0,0.0,137457173.59999993
2025-08-01 09:40:52 AM,810.65,10,8106.5,137465280.09999993
2025-08-01 09:40:55 AM,811.0,10,8110.0,137473390.09999993
2025-08-01 09:40:55 AM,810.75,0,0.0,137473390.09999993
2025-08-01 09:40:56 AM,811.0,377,305747.0,137779137.09999993
2025-08-01 09:40:58 AM,811.5,350,284025.0,138063162.09999993
2025-08-01 09:40:58 AM,810.95,0,0.0,138063162.09999993
2025-08-01 09:40:59 AM,811.5,520,421980.0,138485142.09999993
2025-08-01 09:41:01 AM,811.4,0,0.0,138485142.09999993
2025-08-01 09:41:01 AM,811.25,377,305841.25,138790983.34999993
2025-08-01 09:41:01 AM,811.0,0,0.0,138790983.34999993
2025-08-01 09:41:02 AM,811.0,45,36495.0,138827478.34999993
2025-08-01 09:41:08 AM,811.0,1,811.0,138828289.34999993
2025-08-01 09:41:08 AM,811.0,1000,811000.0,139639289.34999993
2025-08-01 09:41:09 AM,811.1,1,811.1,139640100.44999993
2025-08-01 09:41:11 AM,811.1,79,64076.9,139704177.34999993
2025-08-01 09:41:15 AM,811.0,0,0.0,139704177.34999993
2025-08-01 09:41:16 AM,811.0,54,43794.0,139747971.34999993
2025-08-01 09:41:18 AM,811.5,0,0.0,139747971.34999993
2025-08-01 09:41:19 AM,811.5,72,58428.0,139806399.34999993
2025-08-01 09:41:19 AM,811.7,2,1623.4,139808022.74999994
2025-08-01 09:41:21 AM,811.4,0,0.0,139808022.74999994
2025-08-01 09:41:21 AM,811.4,10,8114.0,139816136.74999994
2025-08-01 09:41:22 AM,811.8,203,164795.4,139980932.14999995
2025-08-01 09:41:24 AM,811.75,0,0.0,139980932.14999995
2025-08-01 09:41:24 AM,811.75,1,811.75,139981743.89999995
2025-08-01 09:41:24 AM,811.8,0,0.0,139981743.89999995
2025-08-01 09:41:25 AM,811.8,15,12177.0,139993920.89999995
2025-08-01 09:41:27 AM,811.8,45,36531.0,140030451.89999995
2025-08-01 09:41:27 AM,811.9,0,0.0,140030451.89999995
2025-08-01 09:41:28 AM,811.85,83,67383.55,140097835.44999996
2025-08-01 09:41:28 AM,812.55,2123,1725043.65,141822879.09999996
2025-08-01 09:41:30 AM,812.9,81,65844.9,141888723.99999997
2025-08-01 09:41:30 AM,812.55,0,0.0,141888723.99999997
2025-08-01 09:41:31 AM,812.15,2,1624.3,141890348.29999998
2025-08-01 09:41:32 AM,812.0,3,2436.0,141892784.29999998
2025-08-01 09:41:33 AM,812.4,25,20310.0,141913094.29999998
2025-08-01 09:41:38 AM,812.45,20,16249.0,141929343.29999998
2025-08-01 09:41:39 AM,812.45,3,2437.3500000000004,141931780.64999998
2025-08-01 09:41:40 AM,812.45,78,63371.100000000006,141995151.74999997
2025-08-01 09:41:41 AM,812.75,53,43075.75,142038227.49999997
2025-08-01 09:41:41 AM,813.1,0,0.0,142038227.49999997
2025-08-01 09:41:42 AM,813.1,1197,973280.7000000001,143011508.19999996
2025-08-01 09:41:43 AM,812.85,200,162570.0,143174078.19999996
2025-08-01 09:41:45 AM,812.3,0,0.0,143174078.19999996
2025-08-01 09:41:46 AM,812.3,250,203075.0,143377153.19999996
2025-08-01 09:41:46 AM,812.75,0,0.0,143377153.19999996
2025-08-01 09:41:47 AM,812.75,300,243825.0,143620978.19999996
2025-08-01 09:41:48 AM,812.7,0,0.0,143620978.19999996
2025-08-01 09:41:49 AM,812.7,1,812.7,143621790.89999995
2025-08-01 09:41:51 AM,812.75,3,2438.25,143624229.14999995
2025-08-01 09:41:52 AM,812.6,25,20315.0,143644544.14999995
2025-08-01 09:41:54 AM,812.3,0,0.0,143644544.14999995
2025-08-01 09:41:54 AM,812.3,5,4061.5,143648605.64999995
2025-08-01 09:41:55 AM,812.75,100,81275.0,143729880.64999995
2025-08-01 09:42:00 AM,812.45,64,51996.8,143781877.44999996
2025-08-01 09:42:00 AM,812.3,0,0.0,143781877.44999996
2025-08-01 09:42:01 AM,812.3,1,812.3,143782689.74999997
2025-08-01 09:42:02 AM,812.45,101,82057.45000000001,143864747.19999996
2025-08-01 09:42:03 AM,812.45,1,812.45,143865559.64999995
2025-08-01 09:42:05 AM,812.5,0,0.0,143865559.64999995
2025-08-01 09:42:06 AM,812.5,2,1625.0,143867184.64999995
2025-08-01 09:42:08 AM,812.5,100,81250.0,143948434.64999995
2025-08-01 09:42:13 AM,812.5,100,81250.0,144029684.64999995
2025-08-01 09:42:14 AM,812.5,100,81250.0,144110934.64999995
2025-08-01 09:42:17 AM,812.55,1,812.55,144111747.19999996
2025-08-01 09:42:19 AM,812.3,30,24369.0,144136116.19999996
2025-08-01 09:42:21 AM,812.3,25,20307.5,144156423.69999996
2025-08-01 09:42:22 AM,812.55,0,0.0,144156423.69999996
2025-08-01 09:42:22 AM,813.95,8856,7208341.2,151364764.89999995
2025-08-01 09:42:22 AM,813.5,0,0.0,151364764.89999995
2025-08-01 09:42:23 AM,813.5,278,226153.0,151590917.89999995
2025-08-01 09:42:23 AM,814.0,2199,1789986.0,153380903.89999995
2025-08-01 09:42:24 AM,814.0,144,117216.0,153498119.89999995
2025-08-01 09:42:24 AM,813.75,0,0.0,153498119.89999995
2025-08-01 09:42:24 AM,813.75,287,233546.25,153731666.14999995
2025-08-01 09:42:26 AM,814.15,2,1628.3,153733294.44999996
2025-08-01 09:42:27 AM,813.85,0,0.0,153733294.44999996
2025-08-01 09:42:28 AM,813.85,1,813.85,153734108.29999995
2025-08-01 09:42:28 AM,813.85,10,8138.5,153742246.79999995
2025-08-01 09:42:29 AM,813.85,29,23601.65,153765848.44999996
2025-08-01 09:42:33 AM,814.0,36,29304.0,153795152.44999996
2025-08-01 09:42:34 AM,814.3,196,159602.8,153954755.24999997
2025-08-01 09:42:35 AM,814.0,104,84656.0,154039411.24999997
2025-08-01 09:42:39 AM,813.95,45,36627.75,154076038.99999997
2025-08-01 09:42:39 AM,813.7,0,0.0,154076038.99999997
2025-08-01 09:42:40 AM,813.75,0,0.0,154076038.99999997
2025-08-01 09:42:40 AM,813.75,120,97650.0,154173688.99999997
2025-08-01 09:42:41 AM,813.75,100,81375.0,154255063.99999997
2025-08-01 09:42:42 AM,813.7,1,813.7,154255877.69999996
2025-08-01 09:42:43 AM,813.7,501,407663.7,154663541.39999995
2025-08-01 09:42:44 AM,815.05,0,0.0,154663541.39999995
2025-08-01 09:42:45 AM,815.15,11947,9738597.049999999,164402138.44999996
2025-08-01 09:42:45 AM,814.95,0,0.0,164402138.44999996
2025-08-01 09:42:46 AM,814.95,150,122242.5,164524380.94999996
2025-08-01 09:42:46 AM,815.1,0,0.0,164524380.94999996
2025-08-01 09:42:47 AM,815.1,235,191548.5,164715929.44999996
2025-08-01 09:42:48 AM,815.5,451,367790.5,165083719.94999996
2025-08-01 09:42:49 AM,816.4,0,0.0,165083719.94999996
2025-08-01 09:42:50 AM,815.95,0,0.0,165083719.94999996
2025-08-01 09:42:50 AM,816.3,722,589368.6,165673088.54999995
2025-08-01 09:42:51 AM,815.85,0,0.0,165673088.54999995
2025-08-01 09:42:52 AM,815.85,147,119929.95,165793018.49999994
2025-08-01 09:42:53 AM,815.35,102,83165.7,165876184.19999993
2025-08-01 09:42:54 AM,815.4,0,0.0,165876184.19999993
2025-08-01 09:42:55 AM,815.85,60,48951.0,165925135.19999993
2025-08-01 09:42:56 AM,816.4,1201,980496.4,166905631.59999993
2025-08-01 09:42:57 AM,816.4,247,201650.8,167107282.39999995
2025-08-01 09:42:57 AM,816.25,5,4081.25,167111363.64999995
2025-08-01 09:42:57 AM,815.8,0,0.0,167111363.64999995
2025-08-01 09:42:58 AM,816.25,0,0.0,167111363.64999995
2025-08-01 09:42:58 AM,816.25,101,82441.25,167193804.89999995
2025-08-01 09:42:58 AM,815.75,50,40787.5,167234592.39999995
2025-08-01 09:43:01 AM,815.85,0,0.0,167234592.39999995
2025-08-01 09:43:01 AM,815.85,290,236596.5,167471188.89999995
2025-08-01 09:43:04 AM,815.6,0,0.0,167471188.89999995
2025-08-01 09:43:04 AM,815.6,24,19574.4,167490763.29999995
2025-08-01 09:43:04 AM,816.0,5,4080.0,167494843.29999995
2025-08-01 09:43:05 AM,817.05,4498,3675090.9,171169934.19999996
2025-08-01 09:43:06 AM,817.35,2,1634.7,171171568.89999995
2025-08-01 09:43:07 AM,817.55,50,40877.5,171212446.39999995
2025-08-01 09:43:07 AM,817.1,50,40855.0,171253301.39999995
2025-08-01 09:43:09 AM,816.95,0,0.0,171253301.39999995
2025-08-01 09:43:09 AM,816.95,235,191983.25,171445284.64999995
2025-08-01 09:43:11 AM,816.45,0,0.0,171445284.64999995
2025-08-01 09:43:11 AM,816.45,9,7348.05,171452632.69999996
2025-08-01 09:43:12 AM,816.85,130,106190.5,171558823.19999996
2025-08-01 09:43:12 AM,816.4,0,0.0,171558823.19999996
2025-08-01 09:43:13 AM,816.4,1,816.4,171559639.59999996
2025-08-01 09:43:13 AM,816.5,0,0.0,171559639.59999996
2025-08-01 09:43:14 AM,816.5,61,49806.5,171609446.09999996
2025-08-01 09:43:16 AM,816.4,50,40820.0,171650266.09999996
2025-08-01 09:43:18 AM,816.0,1,816.0,171651082.09999996
2025-08-01 09:43:19 AM,816.2,820,669284.0,172320366.09999996
2025-08-01 09:43:20 AM,816.05,1,816.05,172321182.14999998
2025-08-01 09:43:20 AM,816.0,0,0.0,172321182.14999998
2025-08-01 09:43:21 AM,816.0,1,816.0,172321998.14999998
2025-08-01 09:43:22 AM,815.55,331,269947.05,172591945.2
2025-08-01 09:43:23 AM,815.95,1,815.95,172592761.14999998
2025-08-01 09:43:23 AM,815.6,0,0.0,172592761.14999998
2025-08-01 09:43:24 AM,815.6,5,4078.0,172596839.14999998
2025-08-01 09:43:24 AM,815.25,0,0.0,172596839.14999998
2025-08-01 09:43:25 AM,815.25,200,163050.0,172759889.14999998
2025-08-01 09:43:26 AM,815.55,0,0.0,172759889.14999998
2025-08-01 09:43:27 AM,815.55,1,815.55,172760704.7
2025-08-01 09:43:30 AM,815.55,30,24466.5,172785171.2
2025-08-01 09:43:34 AM,815.3,13,10598.9,172795770.1
2025-08-01 09:43:35 AM,815.55,0,0.0,172795770.1
2025-08-01 09:43:36 AM,815.55,100,81555.0,172877325.1
2025-08-01 09:43:39 AM,815.55,27,22019.85,172899344.95
2025-08-01 09:43:39 AM,815.3,0,0.0,172899344.95
2025-08-01 09:43:40 AM,815.3,83,67669.9,172967014.85
2025-08-01 09:43:40 AM,815.7,1,815.7,172967830.54999998
2025-08-01 09:43:40 AM,815.35,0,0.0,172967830.54999998
2025-08-01 09:43:41 AM,815.7,24,19576.800000000003,172987407.35
2025-08-01 09:43:42 AM,815.7,28,22839.600000000002,173010246.95
2025-08-01 09:43:43 AM,816.0,666,543456.0,173553702.95
2025-08-01 09:43:45 AM,816.05,100,81605.0,173635307.95
2025-08-01 09:43:47 AM,815.95,0,0.0,173635307.95
2025-08-01 09:43:48 AM,815.95,271,221122.45,173856430.39999998
2025-08-01 09:43:50 AM,815.15,0,0.0,173856430.39999998
2025-08-01 09:43:50 AM,815.15,500,407575.0,174264005.39999998
2025-08-01 09:43:50 AM,815.3,0,0.0,174264005.39999998
2025-08-01 09:43:51 AM,815.3,8,6522.4,174270527.79999998
2025-08-01 09:43:57 AM,815.75,21,17130.75,174287658.54999998
2025-08-01 09:43:58 AM,815.45,0,0.0,174287658.54999998
2025-08-01 09:43:59 AM,815.45,10,8154.5,174295813.04999998
2025-08-01 09:43:59 AM,815.85,0,0.0,174295813.04999998
2025-08-01 09:44:00 AM,815.85,300,244755.0,174540568.04999998
2025-08-01 09:44:00 AM,816.15,0,0.0,174540568.04999998
2025-08-01 09:44:01 AM,815.9,416,339414.39999999997,174879982.45
2025-08-01 09:44:03 AM,815.85,1,815.85,174880798.29999998
2025-08-01 09:44:03 AM,816.2,10,8162.0,174888960.29999998
2025-08-01 09:44:03 AM,815.65,0,0.0,174888960.29999998
2025-08-01 09:44:04 AM,815.65,230,187599.5,175076559.79999998
2025-08-01 09:44:05 AM,815.8,0,0.0,175076559.79999998
2025-08-01 09:44:06 AM,815.3,316,257634.8,175334194.6
2025-08-01 09:44:11 AM,815.25,0,0.0,175334194.6
2025-08-01 09:44:11 AM,815.25,30,24457.5,175358652.1
2025-08-01 09:44:12 AM,815.7,1000,815700.0,176174352.1
2025-08-01 09:44:13 AM,815.2,0,0.0,176174352.1
2025-08-01 09:44:14 AM,815.2,203,165485.6,176339837.7
2025-08-01 09:44:18 AM,814.7,0,0.0,176339837.7
2025-08-01 09:44:18 AM,814.7,1151,937719.7000000001,177277557.39999998
2025-08-01 09:44:19 AM,815.25,302,246205.5,177523762.89999998
2025-08-01 09:44:22 AM,815.2,0,0.0,177523762.89999998
2025-08-01 09:44:23 AM,815.05,103,83950.15,177607713.04999998
2025-08-01 09:44:24 AM,814.9,0,0.0,177607713.04999998
2025-08-01 09:44:25 AM,814.2,740,602508.0,178210221.04999998
2025-08-01 09:44:26 AM,814.5,0,0.0,178210221.04999998
2025-08-01 09:44:26 AM,814.5,25,20362.5,178230583.54999998
2025-08-01 09:44:30 AM,814.45,1,814.45,178231397.99999997
2025-08-01 09:44:31 AM,814.9,100,81490.0,178312887.99999997
2025-08-01 09:44:32 AM,814.5,0,0.0,178312887.99999997
2025-08-01 09:44:33 AM,814.5,1,814.5,178313702.49999997
2025-08-01 09:44:34 AM,814.15,5,4070.75,178317773.24999997
2025-08-01 09:44:35 AM,814.75,100,81475.0,178399248.24999997
2025-08-01 09:44:36 AM,814.4,20,16288.0,178415536.24999997
2025-08-01 09:44:37 AM,814.3,260,211718.0,178627254.24999997
2025-08-01 09:44:38 AM,814.65,20,16293.0,178643547.24999997
2025-08-01 09:44:41 AM,814.9,0,0.0,178643547.24999997
2025-08-01 09:44:42 AM,814.9,212,172758.8,178816306.04999998
2025-08-01 09:44:43 AM,814.95,0,0.0,178816306.04999998
2025-08-01 09:44:43 AM,814.95,106,86384.70000000001,178902690.74999997
2025-08-01 09:44:46 AM,815.0,0,0.0,178902690.74999997
2025-08-01 09:44:46 AM,815.0,65,52975.0,178955665.74999997
2025-08-01 09:44:51 AM,814.95,103,83939.85,179039605.59999996
2025-08-01 09:44:54 AM,814.55,10,8145.5,179047751.09999996
2025-08-01 09:44:57 AM,814.5,100,81450.0,179129201.09999996
2025-08-01 09:44:58 AM,815.0,100,81500.0,179210701.09999996
2025-08-01 09:44:59 AM,814.95,1,814.95,179211516.04999995
2025-08-01 09:45:03 AM,814.75,2,1629.5,179213145.54999995
2025-08-01 09:45:03 AM,814.75,2,1629.5,179214775.04999995
2025-08-01 09:45:08 AM,814.0,0,0.0,179214775.04999995
2025-08-01 09:45:09 AM,814.0,231,188034.0,179402809.04999995
2025-08-01 09:45:09 AM,814.5,0,0.0,179402809.04999995
2025-08-01 09:45:10 AM,814.5,750,610875.0,180013684.04999995
2025-08-01 09:45:10 AM,814.65,62,50508.299999999996,180064192.34999996
2025-08-01 09:45:11 AM,814.65,1,814.65,180065006.99999997
2025-08-01 09:45:14 AM,814.45,0,0.0,180065006.99999997
2025-08-01 09:45:15 AM,814.45,10,8144.5,180073151.49999997
2025-08-01 09:45:16 AM,814.8,10,8148.0,180081299.49999997
2025-08-01 09:45:18 AM,814.2,100,81420.0,180162719.49999997
2025-08-01 09:45:20 AM,814.3,0,0.0,180162719.49999997
2025-08-01 09:45:21 AM,814.3,10,8143.0,180170862.49999997
2025-08-01 09:45:23 AM,814.2,10,8142.0,180179004.49999997
2025-08-01 09:45:23 AM,814.3,93,75729.9,180254734.39999998
2025-08-01 09:45:24 AM,814.3,1,814.3,180255548.7
2025-08-01 09:45:27 AM,814.2,250,203550.0,180459098.7
2025-08-01 09:45:29 AM,814.5,0,0.0,180459098.7
2025-08-01 09:45:30 AM,814.5,4,3258.0,180462356.7
2025-08-01 09:45:31 AM,814.5,25,20362.5,180482719.2
2025-08-01 09:45:32 AM,814.5,1,814.5,180483533.7
2025-08-01 09:45:33 AM,814.35,0,0.0,180483533.7
2025-08-01 09:45:33 AM,814.35,12,9772.2,180493305.89999998
2025-08-01 09:45:33 AM,814.5,0,0.0,180493305.89999998
2025-08-01 09:45:34 AM,814.5,5,4072.5,180497378.39999998
2025-08-01 09:45:39 AM,814.5,1,814.5,180498192.89999998
2025-08-01 09:45:41 AM,814.35,0,0.0,180498192.89999998
2025-08-01 09:45:42 AM,814.35,32,26059.2,180524252.09999996
2025-08-01 09:45:43 AM,814.3,0,0.0,180524252.09999996
2025-08-01 09:45:43 AM,814.3,2,1628.6,180525880.69999996
2025-08-01 09:45:47 AM,814.35,50,40717.5,180566598.19999996
2025-08-01 09:45:49 AM,814.5,47,38281.5,180604879.69999996
2025-08-01 09:45:53 AM,814.5,20,16290.0,180621169.69999996
2025-08-01 09:45:56 AM,814.5,10,8145.0,180629314.69999996
2025-08-01 09:45:59 AM,814.5,60,48870.0,180678184.69999996
2025-08-01 09:46:01 AM,814.2,172,140042.4,180818227.09999996
2025-08-01 09:46:02 AM,813.6,0,0.0,180818227.09999996
2025-08-01 09:46:02 AM,813.6,27,21967.2,180840194.29999995
2025-08-01 09:46:03 AM,814.0,0,0.0,180840194.29999995
2025-08-01 09:46:03 AM,814.0,5,4070.0,180844264.29999995
2025-08-01 09:46:06 AM,813.9,0,0.0,180844264.29999995
2025-08-01 09:46:06 AM,813.9,30,24417.0,180868681.29999995
2025-08-01 09:46:08 AM,813.5,0,0.0,180868681.29999995
2025-08-01 09:46:08 AM,813.5,1,813.5,180869494.79999995
2025-08-01 09:46:10 AM,813.3,2,1626.6,180871121.39999995
2025-08-01 09:46:10 AM,813.45,0,0.0,180871121.39999995
2025-08-01 09:46:11 AM,813.45,13,10574.85,180881696.24999994
2025-08-01 09:46:11 AM,813.4,0,0.0,180881696.24999994
2025-08-01 09:46:12 AM,813.4,30,24402.0,180906098.24999994
2025-08-01 09:46:13 AM,813.8,20,16276.0,180922374.24999994
2025-08-01 09:46:14 AM,813.25,200,162650.0,181085024.24999994
2025-08-01 09:46:15 AM,813.65,3,2440.95,181087465.19999993
2025-08-01 09:46:16 AM,813.3,7,5693.099999999999,181093158.29999992
2025-08-01 09:46:23 AM,813.55,0,0.0,181093158.29999992
2025-08-01 09:46:24 AM,813.55,2,1627.1,181094785.39999992
2025-08-01 09:46:26 AM,813.6,10,8136.0,181102921.39999992
2025-08-01 09:46:36 AM,813.75,0,0.0,181102921.39999992
2025-08-01 09:46:37 AM,813.75,100,81375.0,181184296.39999992
2025-08-01 09:46:40 AM,813.9,0,0.0,181184296.39999992
2025-08-01 09:46:41 AM,813.9,160,130224.0,181314520.39999992
2025-08-01 09:46:44 AM,813.35,30,24400.5,181338920.89999992
2025-08-01 09:46:45 AM,813.75,5,4068.75,181342989.64999992
2025-08-01 09:46:46 AM,813.85,0,0.0,181342989.64999992
2025-08-01 09:46:47 AM,813.85,25,20346.25,181363335.89999992
2025-08-01 09:46:48 AM,813.3,462,375744.6,181739080.4999999
2025-08-01 09:46:51 AM,813.05,100,81305.0,181820385.4999999
2025-08-01 09:46:56 AM,813.05,28,22765.399999999998,181843150.89999992
2025-08-01 09:46:57 AM,813.35,0,0.0,181843150.89999992
2025-08-01 09:46:57 AM,813.35,1,813.35,181843964.2499999
2025-08-01 09:46:58 AM,813.35,1,813.35,181844777.5999999
2025-08-01 09:47:00 AM,813.05,200,162610.0,182007387.5999999
2025-08-01 09:47:11 AM,813.35,3,2440.05,182009827.64999992
2025-08-01 09:47:14 AM,813.15,7,5692.05,182015519.69999993
2025-08-01 09:47:18 AM,813.4,0,0.0,182015519.69999993
2025-08-01 09:47:19 AM,813.4,30,24402.0,182039921.69999993
2025-08-01 09:47:21 AM,813.15,0,0.0,182039921.69999993
2025-08-01 09:47:22 AM,813.15,93,75622.95,182115544.64999992
2025-08-01 09:47:25 AM,813.1,0,0.0,182115544.64999992
2025-08-01 09:47:26 AM,813.1,20,16262.0,182131806.64999992
2025-08-01 09:47:29 AM,812.55,146,118632.29999999999,182250438.94999993
2025-08-01 09:47:31 AM,812.85,10,8128.5,182258567.44999993
2025-08-01 09:47:38 AM,812.5,65,52812.5,182311379.94999993
2025-08-01 09:47:38 AM,812.8,0,0.0,182311379.94999993
2025-08-01 09:47:39 AM,812.8,11,8940.8,182320320.74999994
2025-08-01 09:47:41 AM,811.65,1345,1091669.25,183411989.99999994
2025-08-01 09:47:43 AM,812.2,16,12995.2,183424985.19999993
2025-08-01 09:47:47 AM,812.85,0,0.0,183424985.19999993
2025-08-01 09:47:47 AM,812.85,4,3251.4,183428236.59999993
2025-08-01 09:47:47 AM,812.85,3,2438.55,183430675.14999995
2025-08-01 09:47:50 AM,812.95,1,812.95,183431488.09999993
2025-08-01 09:47:56 AM,812.65,100,81265.0,183512753.09999993
2025-08-01 09:48:01 AM,813.0,0,0.0,183512753.09999993
2025-08-01 09:48:02 AM,813.0,3,2439.0,183515192.09999993
2025-08-01 09:48:06 AM,812.95,0,0.0,183515192.09999993
2025-08-01 09:48:06 AM,812.95,108,87798.6,183602990.69999993
2025-08-01 09:48:18 AM,813.0,0,0.0,183602990.69999993
2025-08-01 09:48:18 AM,813.0,2,1626.0,183604616.69999993
2025-08-01 09:48:21 AM,813.15,17,13823.55,183618440.24999994
2025-08-01 09:48:30 AM,813.1,0,0.0,183618440.24999994
2025-08-01 09:48:31 AM,813.1,113,91880.3,183710320.54999995
2025-08-01 09:48:40 AM,813.65,52,42309.799999999996,183752630.34999996
2025-08-01 09:48:44 AM,813.7,5,4068.5,183756698.84999996
2025-08-01 09:48:50 AM,813.2,0,0.0,183756698.84999996
2025-08-01 09:48:51 AM,813.2,45,36594.0,183793292.84999996
2025-08-01 09:48:53 AM,813.2,150,121980.0,183915272.84999996
2025-08-01 09:49:03 AM,813.4,13,10574.199999999999,183925847.04999995
2025-08-01 09:49:05 AM,813.3,0,0.0,183925847.04999995
2025-08-01 09:49:06 AM,813.3,100,81330.0,184007177.04999995
2025-08-01 09:49:12 AM,813.4,37,30095.8,184037272.84999996
2025-08-01 09:49:14 AM,814.0,0,0.0,184037272.84999996
2025-08-01 09:49:15 AM,814.0,138,112332.0,184149604.84999996
2025-08-01 09:49:15 AM,813.85,14,11393.9,184160998.74999997
2025-08-01 09:49:18 AM,813.6,100,81360.0,184242358.74999997
2025-08-01 09:49:20 AM,814.0,0,0.0,184242358.74999997
2025-08-01 09:49:21 AM,814.0,1,814.0,184243172.74999997
2025-08-01 09:49:34 AM,814.1,0,0.0,184243172.74999997
2025-08-01 09:49:35 AM,814.1,1,814.1,184243986.84999996
2025-08-01 09:49:39 AM,814.4,58,47235.2,184291222.04999995
2025-08-01 09:49:40 AM,813.85,0,0.0,184291222.04999995
2025-08-01 09:49:41 AM,813.85,10,8138.5,184299360.54999995
2025-08-01 09:49:50 AM,814.2,3,2442.6000000000004,184301803.14999995
2025-08-01 09:49:54 AM,813.8,195,158691.0,184460494.14999995
2025-08-01 09:49:55 AM,813.6,5,4068.0,184464562.14999995
2025-08-01 09:50:01 AM,813.3,0,0.0,184464562.14999995
2025-08-01 09:50:02 AM,813.3,150,121995.0,184586557.14999995
2025-08-01 09:50:07 AM,813.35,1,813.35,184587370.49999994
2025-08-01 09:50:13 AM,813.1,1,813.1,184588183.59999993
2025-08-01 09:50:17 AM,812.95,60,48777.0,184636960.59999993
2025-08-01 09:50:18 AM,812.25,163,132396.75,184769357.34999993
2025-08-01 09:50:23 AM,812.55,22,17876.1,184787233.44999993
2025-08-01 09:50:29 AM,812.35,0,0.0,184787233.44999993
2025-08-01 09:50:29 AM,812.25,276,224181.0,185011414.44999993
2025-08-01 09:50:31 AM,812.55,4,3250.2,185014664.64999992
2025-08-01 09:50:34 AM,812.55,1,812.55,185015477.19999993
2025-08-01 09:50:37 AM,812.6,3,2437.8,185017914.99999994
2025-08-01 09:50:39 AM,813.0,100,81300.0,185099214.99999994
2025-08-01 09:50:44 AM,812.25,5,4061.25,185103276.24999994
2025-08-01 09:50:48 AM,812.6,20,16252.0,185119528.24999994
2025-08-01 09:50:50 AM,812.55,1,812.55,185120340.79999995
2025-08-01 09:50:54 AM,812.55,2,1625.1,185121965.89999995
2025-08-01 09:50:55 AM,812.25,50,40612.5,185162578.39999995
2025-08-01 09:50:58 AM,813.15,0,0.0,185162578.39999995
2025-08-01 09:50:59 AM,813.15,555,451298.25,185613876.64999995
2025-08-01 09:51:01 AM,813.05,0,0.0,185613876.64999995
2025-08-01 09:51:03 AM,813.1,160,130096.0,185743972.64999995
2025-08-01 09:51:05 AM,813.35,48,39040.8,185783013.44999996
2025-08-01 09:51:08 AM,813.25,0,0.0,185783013.44999996
2025-08-01 09:51:09 AM,813.25,522,424516.5,186207529.94999996
2025-08-01 09:51:18 AM,813.5,9,7321.5,186214851.44999996
2025-08-01 09:51:22 AM,813.2,160,130112.0,186344963.44999996
2025-08-01 09:51:25 AM,813.5,0,0.0,186344963.44999996
2025-08-01 09:51:28 AM,813.2,72,58550.4,186403513.84999996
2025-08-01 09:51:37 AM,812.6,0,0.0,186403513.84999996
2025-08-01 09:51:37 AM,812.6,20,16252.0,186419765.84999996
2025-08-01 09:51:42 AM,812.65,0,0.0,186419765.84999996
2025-08-01 09:51:43 AM,812.65,36,29255.399999999998,186449021.24999997
2025-08-01 09:51:51 AM,812.25,0,0.0,186449021.24999997
2025-08-01 09:51:53 AM,811.7,0,0.0,186449021.24999997
2025-08-01 09:51:53 AM,811.7,545,442376.5,186891397.74999997
2025-08-01 09:51:56 AM,811.7,10,8117.0,186899514.74999997
2025-08-01 09:51:59 AM,811.7,60,48702.0,186948216.74999997
2025-08-01 09:52:01 AM,810.5,0,0.0,186948216.74999997
2025-08-01 09:52:02 AM,810.9,479,388421.1,187336637.84999996
2025-08-01 09:52:05 AM,811.35,0,0.0,187336637.84999996
2025-08-01 09:52:05 AM,811.35,10,8113.5,187344751.34999996
2025-08-01 09:52:16 AM,810.9,0,0.0,187344751.34999996
2025-08-01 09:52:17 AM,810.9,4,3243.6,187347994.94999996
2025-08-01 09:52:25 AM,810.8,0,0.0,187347994.94999996
2025-08-01 09:52:26 AM,810.8,5,4054.0,187352048.94999996
2025-08-01 09:52:32 AM,811.0,50,40550.0,187392598.94999996
2025-08-01 09:52:34 AM,810.8,0,0.0,187392598.94999996
2025-08-01 09:52:34 AM,810.25,0,0.0,187392598.94999996
2025-08-01 09:52:36 AM,810.05,9673,7835613.649999999,195228212.59999996
2025-08-01 09:52:39 AM,810.25,128,103712.0,195331924.59999996
2025-08-01 09:52:42 AM,810.05,1,810.05,195332734.64999998
2025-08-01 09:52:45 AM,809.75,100,80975.0,195413709.64999998
2025-08-01 09:52:48 AM,809.75,12,9717.0,195423426.64999998
2025-08-01 09:52:51 AM,809.95,5,4049.75,195427476.39999998
2025-08-01 09:53:00 AM,809.95,101,81804.95000000001,195509281.34999996
2025-08-01 09:53:01 AM,809.95,5,4049.75,195513331.09999996
2025-08-01 09:53:02 AM,809.95,26,21058.7,195534389.79999995
2025-08-01 09:53:04 AM,809.75,55,44536.25,195578926.04999995
2025-08-01 09:53:05 AM,810.0,62,50220.0,195629146.04999995
2025-08-01 09:53:06 AM,810.7,0,0.0,195629146.04999995
2025-08-01 09:53:07 AM,810.7,412,334008.4,195963154.44999996
2025-08-01 09:53:12 AM,811.1,0,0.0,195963154.44999996
2025-08-01 09:53:12 AM,811.1,500,405550.0,196368704.44999996
2025-08-01 09:53:15 AM,810.55,1,810.55,196369514.99999997
2025-08-01 09:53:16 AM,810.45,0,0.0,196369514.99999997
2025-08-01 09:53:16 AM,810.45,2,1620.9,196371135.89999998
2025-08-01 09:53:20 AM,810.15,5,4050.75,196375186.64999998
2025-08-01 09:53:28 AM,810.4,125,101300.0,196476486.64999998
2025-08-01 09:53:34 AM,810.45,0,0.0,196476486.64999998
2025-08-01 09:53:34 AM,810.45,10,8104.5,196484591.14999998
2025-08-01 09:53:37 AM,810.05,0,0.0,196484591.14999998
2025-08-01 09:53:38 AM,810.05,56,45362.799999999996,196529953.95
2025-08-01 09:53:39 AM,810.1,0,0.0,196529953.95
2025-08-01 09:53:40 AM,810.1,5,4050.5,196534004.45
2025-08-01 09:53:40 AM,809.75,0,0.0,196534004.45
2025-08-01 09:53:41 AM,809.75,262,212154.5,196746158.95
2025-08-01 09:53:43 AM,809.5,50,40475.0,196786633.95
2025-08-01 09:53:44 AM,809.45,11,8903.95,196795537.89999998
2025-08-01 09:53:45 AM,809.2,338,273509.60000000003,197069047.49999997
2025-08-01 09:53:48 AM,809.0,100,80900.0,197149947.49999997
2025-08-01 09:53:50 AM,809.4,40,32376.0,197182323.49999997
2025-08-01 09:53:54 AM,809.0,0,0.0,197182323.49999997
2025-08-01 09:53:55 AM,809.0,100,80900.0,197263223.49999997
2025-08-01 09:53:56 AM,809.4,0,0.0,197263223.49999997
2025-08-01 09:53:57 AM,809.45,299,242025.55000000002,197505249.04999998
2025-08-01 09:53:58 AM,809.3,1,809.3,197506058.35
2025-08-01 09:54:02 AM,809.1,0,0.0,197506058.35
2025-08-01 09:54:02 AM,809.1,20,16182.0,197522240.35
2025-08-01 09:54:05 AM,809.3,0,0.0,197522240.35
2025-08-01 09:54:08 AM,809.3,10,8093.0,197530333.35
2025-08-01 09:54:14 AM,808.95,0,0.0,197530333.35
2025-08-01 09:54:15 AM,808.95,1312,1061342.4000000001,198591675.75
2025-08-01 09:54:16 AM,809.05,2,1618.1,198593293.85
2025-08-01 09:54:20 AM,808.65,0,0.0,198593293.85
2025-08-01 09:54:21 AM,808.65,86,69543.9,198662837.75
2025-08-01 09:54:22 AM,808.8,151,122128.79999999999,198784966.55
2025-08-01 09:54:26 AM,808.6,0,0.0,198784966.55
2025-08-01 09:54:27 AM,808.6,530,428558.0,199213524.55
2025-08-01 09:54:28 AM,808.85,1,808.85,199214333.4
2025-08-01 09:54:33 AM,808.6,0,0.0,199214333.4
2025-08-01 09:54:33 AM,808.6,96,77625.6,199291959.0
2025-08-01 09:54:39 AM,809.0,0,0.0,199291959.0
2025-08-01 09:54:40 AM,809.0,162,131058.0,199423017.0
2025-08-01 09:54:42 AM,808.9,0,0.0,199423017.0
2025-08-01 09:54:46 AM,808.9,10,8089.0,199431106.0
2025-08-01 09:54:46 AM,809.0,250,202250.0,199633356.0
2025-08-01 09:54:51 AM,809.15,0,0.0,199633356.0
2025-08-01 09:54:51 AM,809.15,2,1618.3,199634974.3
2025-08-01 09:54:54 AM,809.0,0,0.0,199634974.3
2025-08-01 09:54:57 AM,809.0,50,40450.0,199675424.3
2025-08-01 09:54:58 AM,809.0,1,809.0,199676233.3
2025-08-01 09:55:01 AM,809.35,2095,1695588.25,201371821.55
2025-08-01 09:55:01 AM,808.9,0,0.0,201371821.55
2025-08-01 09:55:02 AM,808.9,150,121335.0,201493156.55
2025-08-01 09:55:05 AM,809.25,20,16185.0,201509341.55
2025-08-01 09:55:13 AM,809.0,50,40450.0,201549791.55
2025-08-01 09:55:16 AM,809.15,0,0.0,201549791.55
2025-08-01 09:55:17 AM,809.15,2,1618.3,201551409.85000002
2025-08-01 09:55:25 AM,809.0,0,0.0,201551409.85000002
2025-08-01 09:55:25 AM,809.0,6,4854.0,201556263.85000002
2025-08-01 09:55:29 AM,809.0,54,43686.0,201599949.85000002
2025-08-01 09:55:41 AM,809.25,0,0.0,201599949.85000002
2025-08-01 09:55:41 AM,809.25,33,26705.25,201626655.10000002
2025-08-01 09:55:47 AM,809.7,0,0.0,201626655.10000002
2025-08-01 09:55:47 AM,809.7,6,4858.200000000001,201631513.3
2025-08-01 09:55:51 AM,809.3,2,1618.6,201633131.9
2025-08-01 09:55:56 AM,809.4,246,199112.4,201832244.3
2025-08-01 09:55:59 AM,809.35,10,8093.5,201840337.8
2025-08-01 09:56:00 AM,809.7,1,809.7,201841147.5
2025-08-01 09:56:04 AM,809.3,0,0.0,201841147.5
2025-08-01 09:56:04 AM,809.3,115,93069.5,201934217.0
2025-08-01 09:56:06 AM,809.7,20,16194.0,201950411.0
2025-08-01 09:56:07 AM,809.7,5,4048.5,201954459.5
2025-08-01 09:56:09 AM,809.95,31,25108.45,201979567.95
2025-08-01 09:56:11 AM,809.75,0,0.0,201979567.95
2025-08-01 09:56:11 AM,809.75,2,1619.5,201981187.45
2025-08-01 09:56:13 AM,809.75,2,1619.5,201982806.95
2025-08-01 09:56:17 AM,809.75,8,6478.0,201989284.95
2025-08-01 09:56:25 AM,809.95,0,0.0,201989284.95
2025-08-01 09:56:25 AM,809.95,10,8099.5,201997384.45
2025-08-01 09:56:26 AM,809.75,0,0.0,201997384.45
2025-08-01 09:56:26 AM,809.75,62,50204.5,202047588.95
2025-08-01 09:56:27 AM,809.95,277,224356.15000000002,202271945.1
2025-08-01 09:56:30 AM,810.2,2,1620.4,202273565.5
2025-08-01 09:56:34 AM,810.4,60,48624.0,202322189.5
2025-08-01 09:56:38 AM,809.95,40,32398.0,202354587.5
2025-08-01 09:56:43 AM,809.7,0,0.0,202354587.5
2025-08-01 09:56:43 AM,809.7,50,40485.0,202395072.5
2025-08-01 09:56:43 AM,809.9,900,728910.0,203123982.5
2025-08-01 09:56:45 AM,809.8,0,0.0,203123982.5
2025-08-01 09:56:45 AM,809.8,6,4858.799999999999,203128841.3
2025-08-01 09:56:51 AM,809.95,0,0.0,203128841.3
2025-08-01 09:56:51 AM,809.95,300,242985.0,203371826.3
2025-08-01 09:56:58 AM,810.45,35,28365.75,203400192.05
2025-08-01 09:57:07 AM,810.2,18,14583.6,203414775.65
2025-08-01 09:57:08 AM,810.15,7,5671.05,203420446.70000002
2025-08-01 09:57:13 AM,810.15,2,1620.3,203422067.00000003
2025-08-01 09:57:15 AM,810.15,10,8101.5,203430168.50000003
2025-08-01 09:57:24 AM,810.15,40,32406.0,203462574.50000003
2025-08-01 09:57:25 AM,810.15,15,12152.25,203474726.75000003
2025-08-01 09:57:29 AM,809.7,0,0.0,203474726.75000003
2025-08-01 09:57:30 AM,809.9,0,0.0,203474726.75000003
2025-08-01 09:57:30 AM,809.9,29,23487.1,203498213.85000002
2025-08-01 09:57:38 AM,809.8,300,242940.0,203741153.85000002
2025-08-01 09:57:42 AM,809.95,7,5669.650000000001,203746823.50000003
2025-08-01 09:57:44 AM,809.8,1,809.8,203747633.30000004
2025-08-01 09:57:54 AM,809.65,0,0.0,203747633.30000004
2025-08-01 09:57:54 AM,809.65,1,809.65,203748442.95000005
2025-08-01 09:57:56 AM,809.75,0,0.0,203748442.95000005
2025-08-01 09:57:56 AM,809.75,1,809.75,203749252.70000005
2025-08-01 09:57:57 AM,809.25,2041,1651679.25,205400931.95000005
2025-08-01 09:58:02 AM,809.25,19,15375.75,205416307.70000005
2025-08-01 09:58:04 AM,809.4,0,0.0,205416307.70000005
2025-08-01 09:58:05 AM,809.4,250,202350.0,205618657.70000005
2025-08-01 09:58:08 AM,809.25,35,28323.75,205646981.45000005
2025-08-01 09:58:11 AM,809.0,27,21843.0,205668824.45000005
2025-08-01 09:58:35 AM,809.25,250,202312.5,205871136.95000005
2025-08-01 09:58:37 AM,809.15,0,0.0,205871136.95000005
2025-08-01 09:58:39 AM,809.0,604,488636.0,206359772.95000005
2025-08-01 09:58:45 AM,809.0,10,8090.0,206367862.95000005
2025-08-01 09:58:48 AM,809.05,36,29125.8,206396988.75000006
2025-08-01 09:58:53 AM,809.0,0,0.0,206396988.75000006
2025-08-01 09:58:54 AM,809.0,9,7281.0,206404269.75000006
2025-08-01 09:59:06 AM,808.9,0,0.0,206404269.75000006
2025-08-01 09:59:06 AM,808.9,71,57431.9,206461701.65000007
2025-08-01 09:59:12 AM,808.95,250,202237.5,206663939.15000007
2025-08-01 09:59:18 AM,808.6,100,80860.0,206744799.15000007
2025-08-01 09:59:19 AM,808.95,0,0.0,206744799.15000007
2025-08-01 09:59:22 AM,809.0,44,35596.0,206780395.15000007
2025-08-01 09:59:23 AM,808.65,0,0.0,206780395.15000007
2025-08-01 09:59:25 AM,808.65,30,24259.5,206804654.65000007
2025-08-01 09:59:31 AM,809.0,0,0.0,206804654.65000007
2025-08-01 09:59:31 AM,809.0,5,4045.0,206808699.65000007
2025-08-01 09:59:37 AM,809.1,0,0.0,206808699.65000007
2025-08-01 09:59:37 AM,809.1,173,139974.30000000002,206948673.95000008
2025-08-01 09:59:41 AM,809.1,110,89001.0,207037674.95000008
2025-08-01 09:59:59 AM,809.35,0,0.0,207037674.95000008
2025-08-01 09:59:59 AM,809.35,10,8093.5,207045768.45000008
2025-08-01 10:00:04 AM,809.3,1,809.3,207046577.7500001
2025-08-01 10:00:08 AM,809.0,0,0.0,207046577.7500001
2025-08-01 10:00:08 AM,809.0,45,36405.0,207082982.7500001
2025-08-01 10:00:17 AM,808.6,680,549848.0,207632830.7500001
2025-08-01 10:00:21 AM,808.65,8,6469.2,207639299.95000008
2025-08-01 10:00:23 AM,808.45,21,16977.45,207656277.40000007
2025-08-01 10:00:26 AM,808.6,0,0.0,207656277.40000007
2025-08-01 10:00:26 AM,808.6,2,1617.2,207657894.60000005
2025-08-01 10:00:32 AM,808.3,558,451031.39999999997,208108926.00000006
2025-08-01 10:00:33 AM,808.05,58,46866.899999999994,208155792.90000007
2025-08-01 10:00:34 AM,808.1,0,0.0,208155792.90000007
2025-08-01 10:00:34 AM,808.1,1,808.1,208156601.00000006
2025-08-01 10:00:35 AM,808.25,0,0.0,208156601.00000006
2025-08-01 10:00:35 AM,808.25,25,20206.25,208176807.25000006
2025-08-01 10:00:37 AM,807.75,800,646200.0,208823007.25000006
2025-08-01 10:00:42 AM,807.9,0,0.0,208823007.25000006
2025-08-01 10:00:42 AM,807.9,10,8079.0,208831086.25000006
2025-08-01 10:00:45 AM,807.8,0,0.0,208831086.25000006
2025-08-01 10:00:45 AM,807.8,100,80780.0,208911866.25000006
2025-08-01 10:00:45 AM,807.8,59,47660.2,208959526.45000005
2025-08-01 10:00:48 AM,807.75,0,0.0,208959526.45000005
2025-08-01 10:00:48 AM,807.75,1,807.75,208960334.20000005
2025-08-01 10:00:48 AM,808.1,11,8889.1,208969223.30000004
2025-08-01 10:00:58 AM,808.4,100,80840.0,209050063.30000004
2025-08-01 10:01:01 AM,808.65,647,523196.55,209573259.85000005
2025-08-01 10:01:03 AM,808.65,16,12938.4,209586198.25000006
2025-08-01 10:01:04 AM,808.95,112,90602.40000000001,209676800.65000007
2025-08-01 10:01:08 AM,808.8,0,0.0,209676800.65000007
2025-08-01 10:01:08 AM,808.95,0,0.0,209676800.65000007
2025-08-01 10:01:08 AM,809.1,612,495169.2,210171969.85000005
2025-08-01 10:01:10 AM,809.5,0,0.0,210171969.85000005
2025-08-01 10:01:10 AM,809.5,47,38046.5,210210016.35000005
2025-08-01 10:01:20 AM,809.5,1,809.5,210210825.85000005
2025-08-01 10:01:21 AM,809.5,8,6476.0,210217301.85000005
2025-08-01 10:01:25 AM,809.8,33,26723.399999999998,210244025.25000006
2025-08-01 10:01:26 AM,809.95,0,0.0,210244025.25000006
2025-08-01 10:01:26 AM,809.95,24,19438.800000000003,210263464.05000007
2025-08-01 10:01:26 AM,809.95,9,7289.55,210270753.60000008
2025-08-01 10:01:27 AM,809.9,15,12148.5,210282902.10000008
2025-08-01 10:01:32 AM,810.1,0,0.0,210282902.10000008
2025-08-01 10:01:32 AM,810.35,182,147483.7,210430385.80000007
2025-08-01 10:01:37 AM,809.6,0,0.0,210430385.80000007
2025-08-01 10:01:37 AM,809.95,0,0.0,210430385.80000007
2025-08-01 10:01:37 AM,809.95,197,159560.15000000002,210589945.95000008
2025-08-01 10:01:39 AM,810.35,727,589124.4500000001,211179070.40000007
2025-08-01 10:01:40 AM,810.5,0,0.0,211179070.40000007
2025-08-01 10:01:40 AM,810.5,116,94018.0,211273088.40000007
2025-08-01 10:01:40 AM,810.45,1,810.45,211273898.85000005
2025-08-01 10:01:44 AM,810.7,10,8107.0,211282005.85000005
2025-08-01 10:01:44 AM,810.85,112,90815.2,211372821.05000004
2025-08-01 10:01:45 AM,810.15,0,0.0,211372821.05000004
2025-08-01 10:01:45 AM,810.15,200,162030.0,211534851.05000004
2025-08-01 10:01:48 AM,810.55,100,81055.0,211615906.05000004
2025-08-01 10:01:55 AM,811.0,377,305747.0,211921653.05000004
2025-08-01 10:01:57 AM,810.55,0,0.0,211921653.05000004
2025-08-01 10:01:57 AM,810.55,3,2431.6499999999996,211924084.70000005
2025-08-01 10:02:00 AM,810.85,10,8108.5,211932193.20000005
2025-08-01 10:02:02 AM,811.0,75,60825.0,211993018.20000005
2025-08-01 10:02:07 AM,811.0,100,81100.0,212074118.20000005
2025-08-01 10:02:08 AM,811.0,5,4055.0,212078173.20000005
2025-08-01 10:02:10 AM,811.05,59,47851.95,212126025.15000004
2025-08-01 10:02:12 AM,811.05,55,44607.75,212170632.90000004
2025-08-01 10:02:18 AM,810.95,5,4054.75,212174687.65000004
2025-08-01 10:02:23 AM,811.35,64,51926.4,212226614.05000004
2025-08-01 10:02:24 AM,811.6,0,0.0,212226614.05000004
2025-08-01 10:02:24 AM,811.8,164,133135.19999999998,212359749.25000003
2025-08-01 10:02:30 AM,811.7,0,0.0,212359749.25000003
2025-08-01 10:02:30 AM,811.7,18,14610.6,212374359.85000002
2025-08-01 10:02:30 AM,811.7,3,2435.1000000000004,212376794.95000002
2025-08-01 10:02:35 AM,811.9,0,0.0,212376794.95000002
2025-08-01 10:02:35 AM,811.9,100,81190.0,212457984.95000002
2025-08-01 10:02:35 AM,811.85,4,3247.4,212461232.35000002
2025-08-01 10:02:37 AM,810.9,0,0.0,212461232.35000002
2025-08-01 10:02:37 AM,810.9,2000,1621800.0,214083032.35000002
2025-08-01 10:02:44 AM,811.5,0,0.0,214083032.35000002
2025-08-01 10:02:44 AM,811.5,30,24345.0,214107377.35000002
2025-08-01 10:02:46 AM,811.7,2,1623.4,214109000.75000003
2025-08-01 10:02:47 AM,811.8,1,811.8,214109812.55000004
2025-08-01 10:02:50 AM,811.55,2,1623.1,214111435.65000004
2025-08-01 10:02:51 AM,811.8,0,0.0,214111435.65000004
2025-08-01 10:02:51 AM,811.8,1,811.8,214112247.45000005
2025-08-01 10:02:57 AM,811.8,11,8929.8,214121177.25000006
2025-08-01 10:03:04 AM,810.55,469,380147.94999999995,214501325.20000005
2025-08-01 10:03:13 AM,811.6,0,0.0,214501325.20000005
2025-08-01 10:03:13 AM,811.6,2,1623.2,214502948.40000004
2025-08-01 10:03:14 AM,811.75,0,0.0,214502948.40000004
2025-08-01 10:03:14 AM,811.75,2,1623.5,214504571.90000004
2025-08-01 10:03:15 AM,811.8,0,0.0,214504571.90000004
2025-08-01 10:03:15 AM,811.8,1,811.8,214505383.70000005
2025-08-01 10:03:22 AM,811.95,100,81195.0,214586578.70000005
2025-08-01 10:03:23 AM,812.0,0,0.0,214586578.70000005
2025-08-01 10:03:23 AM,812.0,84,68208.0,214654786.70000005
2025-08-01 10:03:25 AM,812.6,4,3250.4,214658037.10000005
2025-08-01 10:03:34 AM,812.6,7,5688.2,214663725.30000004
2025-08-01 10:03:35 AM,812.7,0,0.0,214663725.30000004
2025-08-01 10:03:35 AM,813.0,217,176421.0,214840146.30000004
2025-08-01 10:03:43 AM,812.85,1,812.85,214840959.15000004
2025-08-01 10:03:46 AM,812.75,0,0.0,214840959.15000004
2025-08-01 10:03:46 AM,812.75,100,81275.0,214922234.15000004
2025-08-01 10:03:47 AM,812.7,0,0.0,214922234.15000004
2025-08-01 10:03:47 AM,813.0,194,157722.0,215079956.15000004
2025-08-01 10:03:53 AM,813.0,10,8130.0,215088086.15000004
2025-08-01 10:03:55 AM,812.95,1,812.95,215088899.10000002
2025-08-01 10:03:57 AM,812.9,1,812.9,215089712.00000003
2025-08-01 10:04:02 AM,812.75,0,0.0,215089712.00000003
2025-08-01 10:04:02 AM,812.75,1,812.75,215090524.75000003
2025-08-01 10:04:06 AM,812.9,25,20322.5,215110847.25000003
2025-08-01 10:04:13 AM,812.95,0,0.0,215110847.25000003
2025-08-01 10:04:13 AM,812.95,19,15446.050000000001,215126293.30000004
2025-08-01 10:04:14 AM,812.95,30,24388.5,215150681.80000004
2025-08-01 10:04:15 AM,812.6,0,0.0,215150681.80000004
2025-08-01 10:04:15 AM,812.6,42,34129.200000000004,215184811.00000003
2025-08-01 10:04:17 AM,812.6,1,812.6,215185623.60000002
2025-08-01 10:04:20 AM,812.95,100,81295.0,215266918.60000002
2025-08-01 10:04:32 AM,813.2,0,0.0,215266918.60000002
2025-08-01 10:04:32 AM,813.2,644,523700.80000000005,215790619.40000004
2025-08-01 10:04:35 AM,813.1,100,81310.0,215871929.40000004
2025-08-01 10:04:38 AM,813.4,0,0.0,215871929.40000004
2025-08-01 10:04:38 AM,813.2,75,60990.0,215932919.40000004
2025-08-01 10:04:49 AM,813.4,0,0.0,215932919.40000004
2025-08-01 10:04:49 AM,813.4,1,813.4,215933732.80000004
2025-08-01 10:04:55 AM,813.4,51,41483.4,215975216.20000005
2025-08-01 10:04:56 AM,813.4,23,18708.2,215993924.40000004
2025-08-01 10:04:59 AM,813.3,1,813.3,215994737.70000005
2025-08-01 10:05:05 AM,813.4,1,813.4,215995551.10000005
2025-08-01 10:05:06 AM,812.6,0,0.0,215995551.10000005
2025-08-01 10:05:06 AM,813.3,1903,1547709.9,217543261.00000006
2025-08-01 10:05:20 AM,812.8,20,16256.0,217559517.00000006
2025-08-01 10:05:25 AM,812.8,100,81280.0,217640797.00000006
2025-08-01 10:05:28 AM,813.25,0,0.0,217640797.00000006
2025-08-01 10:05:28 AM,812.8,106,86156.79999999999,217726953.80000007
2025-08-01 10:05:41 AM,812.8,10,8128.0,217735081.80000007
2025-08-01 10:05:45 AM,813.0,0,0.0,217735081.80000007
2025-08-01 10:05:45 AM,813.0,6,4878.0,217739959.80000007
2025-08-01 10:05:52 AM,812.6,432,351043.2,218091003.00000006
2025-08-01 10:05:54 AM,812.0,50,40600.0,218131603.00000006
2025-08-01 10:05:59 AM,812.05,0,0.0,218131603.00000006
2025-08-01 10:05:59 AM,812.05,25,20301.25,218151904.25000006
2025-08-01 10:06:01 AM,812.55,1,812.55,218152716.80000007
2025-08-01 10:06:03 AM,812.8,500,406400.0,218559116.80000007
2025-08-01 10:06:04 AM,812.25,16,12996.0,218572112.80000007
2025-08-01 10:06:05 AM,812.2,0,0.0,218572112.80000007
2025-08-01 10:06:05 AM,812.2,33,26802.600000000002,218598915.40000007
2025-08-01 10:06:29 AM,812.2,1,812.2,218599727.60000005
2025-08-01 10:06:35 AM,811.8,0,0.0,218599727.60000005
2025-08-01 10:06:35 AM,811.8,1,811.8,218600539.40000007
2025-08-01 10:06:43 AM,812.3,500,406150.0,219006689.40000007
2025-08-01 10:06:48 AM,811.8,0,0.0,219006689.40000007
2025-08-01 10:06:48 AM,811.8,401,325531.8,219332221.20000008
2025-08-01 10:06:52 AM,811.6,67,54377.200000000004,219386598.40000007
2025-08-01 10:06:53 AM,811.8,0,0.0,219386598.40000007
2025-08-01 10:06:53 AM,811.8,25,20295.0,219406893.40000007
2025-08-01 10:07:00 AM,812.1,0,0.0,219406893.40000007
2025-08-01 10:07:00 AM,812.1,15,12181.5,219419074.90000007
2025-08-01 10:07:01 AM,811.8,0,0.0,219419074.90000007
2025-08-01 10:07:01 AM,811.8,3,2435.3999999999996,219421510.30000007
2025-08-01 10:07:06 AM,811.55,100,81155.0,219502665.30000007
2025-08-01 10:07:10 AM,811.85,4,3247.4,219505912.70000008
2025-08-01 10:07:15 AM,811.65,0,0.0,219505912.70000008
2025-08-01 10:07:15 AM,811.65,20,16233.0,219522145.70000008
2025-08-01 10:07:19 AM,811.85,40,32474.0,219554619.70000008
2025-08-01 10:07:29 AM,811.85,56,45463.6,219600083.30000007
2025-08-01 10:07:35 AM,812.55,83,67441.65,219667524.95000008
2025-08-01 10:07:36 AM,812.55,8,6500.4,219674025.35000008
2025-08-01 10:07:45 AM,813.0,142,115446.0,219789471.35000008
2025-08-01 10:07:56 AM,812.0,129,104748.0,219894219.35000008
2025-08-01 10:07:56 AM,811.8,70,56826.0,219951045.35000008
2025-08-01 10:07:58 AM,812.0,0,0.0,219951045.35000008
2025-08-01 10:07:58 AM,812.0,200,162400.0,220113445.35000008
2025-08-01 10:08:01 AM,812.0,500,406000.0,220519445.35000008
2025-08-01 10:08:02 AM,812.35,0,0.0,220519445.35000008
2025-08-01 10:08:02 AM,812.35,20,16247.0,220535692.35000008
2025-08-01 10:08:06 AM,812.35,5,4061.75,220539754.10000008
2025-08-01 10:08:09 AM,812.5,0,0.0,220539754.10000008
2025-08-01 10:08:09 AM,812.5,31,25187.5,220564941.60000008
2025-08-01 10:08:10 AM,812.1,0,0.0,220564941.60000008
2025-08-01 10:08:10 AM,812.1,1,812.1,220565753.70000008
2025-08-01 10:08:24 AM,812.5,9,7312.5,220573066.20000008
2025-08-01 10:08:51 AM,812.7,0,0.0,220573066.20000008
2025-08-01 10:08:51 AM,812.7,35,28444.5,220601510.70000008
2025-08-01 10:08:57 AM,812.9,1,812.9,220602323.60000008
2025-08-01 10:09:13 AM,812.9,50,40645.0,220642968.60000008
2025-08-01 10:09:14 AM,812.5,0,0.0,220642968.60000008
2025-08-01 10:09:14 AM,812.5,9,7312.5,220650281.10000008
2025-08-01 10:09:16 AM,812.85,1,812.85,220651093.95000008
2025-08-01 10:09:24 AM,812.6,0,0.0,220651093.95000008
2025-08-01 10:09:24 AM,812.6,100,81260.0,220732353.95000008
2025-08-01 10:09:38 AM,812.8,0,0.0,220732353.95000008
2025-08-01 10:09:38 AM,812.8,30,24384.0,220756737.95000008
2025-08-01 10:09:46 AM,813.0,0,0.0,220756737.95000008
2025-08-01 10:09:46 AM,813.0,467,379671.0,221136408.95000008
2025-08-01 10:09:47 AM,812.9,0,0.0,221136408.95000008
2025-08-01 10:09:48 AM,812.9,100,81290.0,221217698.95000008
2025-08-01 10:09:51 AM,813.25,0,0.0,221217698.95000008
2025-08-01 10:09:51 AM,813.25,1,813.25,221218512.20000008
2025-08-01 10:09:58 AM,812.8,113,91846.4,221310358.60000008
2025-08-01 10:10:03 AM,812.2,10,8122.0,221318480.60000008
2025-08-01 10:10:09 AM,812.0,28,22736.0,221341216.60000008
2025-08-01 10:10:12 AM,811.85,0,0.0,221341216.60000008
2025-08-01 10:10:12 AM,811.85,150,121777.5,221462994.10000008
2025-08-01 10:10:14 AM,811.55,1,811.55,221463805.6500001
2025-08-01 10:10:16 AM,811.5,0,0.0,221463805.6500001
2025-08-01 10:10:16 AM,811.5,5,4057.5,221467863.1500001
2025-08-01 10:10:22 AM,811.45,0,0.0,221467863.1500001
2025-08-01 10:10:22 AM,811.45,1,811.45,221468674.60000008
2025-08-01 10:10:32 AM,811.35,10,8113.5,221476788.10000008
2025-08-01 10:10:41 AM,811.55,5,4057.75,221480845.85000008
2025-08-01 10:10:50 AM,811.55,1,811.55,221481657.4000001
2025-08-01 10:10:53 AM,811.55,1,811.55,221482468.9500001
2025-08-01 10:10:57 AM,811.55,5,4057.75,221486526.7000001
2025-08-01 10:11:02 AM,811.85,0,0.0,221486526.7000001
2025-08-01 10:11:04 AM,812.1,102,82834.2,221569360.9000001
2025-08-01 10:11:12 AM,812.15,5,4060.75,221573421.6500001
2025-08-01 10:11:17 AM,812.1,0,0.0,221573421.6500001
2025-08-01 10:11:17 AM,812.1,10,8121.0,221581542.6500001
2025-08-01 10:11:26 AM,812.6,0,0.0,221581542.6500001
2025-08-01 10:11:28 AM,812.6,450,365670.0,221947212.6500001
2025-08-01 10:11:39 AM,812.8,1,812.8,221948025.4500001
2025-08-01 10:11:57 AM,812.8,5,4064.0,221952089.4500001
2025-08-01 10:12:08 AM,813.0,0,0.0,221952089.4500001
2025-08-01 10:12:09 AM,813.0,100,81300.0,222033389.4500001
2025-08-01 10:12:14 AM,812.5,0,0.0,222033389.4500001
2025-08-01 10:12:15 AM,812.5,6,4875.0,222038264.4500001
2025-08-01 10:12:17 AM,812.1,0,0.0,222038264.4500001
2025-08-01 10:12:21 AM,812.1,5,4060.5,222042324.9500001
2025-08-01 10:12:21 AM,812.0,2,1624.0,222043948.9500001
2025-08-01 10:12:26 AM,811.9,25,20297.5,222064246.4500001
2025-08-01 10:12:32 AM,811.9,150,121785.0,222186031.4500001
2025-08-01 10:12:47 AM,812.45,0,0.0,222186031.4500001
2025-08-01 10:12:49 AM,812.45,100,81245.0,222267276.4500001
2025-08-01 10:13:00 AM,812.15,10,8121.5,222275397.9500001
2025-08-01 10:13:19 AM,812.0,0,0.0,222275397.9500001
2025-08-01 10:13:19 AM,812.0,1,812.0,222276209.9500001
2025-08-01 10:13:31 AM,811.45,148,120094.6,222396304.5500001
2025-08-01 10:13:43 AM,810.6,1332,1079719.2,223476023.7500001
2025-08-01 10:13:44 AM,810.05,0,0.0,223476023.7500001
2025-08-01 10:13:44 AM,810.75,0,0.0,223476023.7500001
2025-08-01 10:13:44 AM,810.75,1895,1536371.25,225012395.0000001
2025-08-01 10:14:00 AM,810.4,6,4862.4,225017257.4000001
2025-08-01 10:14:01 AM,810.6,3,2431.8,225019689.2000001
2025-08-01 10:14:26 AM,811.0,2,1622.0,225021311.2000001
2025-08-01 10:14:30 AM,810.8,1,810.8,225022122.00000012
2025-08-01 10:14:40 AM,811.0,12,9732.0,225031854.00000012
2025-08-01 10:14:41 AM,810.8,0,0.0,225031854.00000012
2025-08-01 10:14:41 AM,810.8,10,8108.0,225039962.00000012
2025-08-01 10:14:44 AM,810.6,10,8106.0,225048068.00000012
2025-08-01 10:14:52 AM,811.0,0,0.0,225048068.00000012
2025-08-01 10:14:52 AM,811.0,42,34062.0,225082130.00000012
2025-08-01 10:14:53 AM,811.45,0,0.0,225082130.00000012
2025-08-01 10:14:53 AM,811.45,58,47064.100000000006,225129194.1000001
2025-08-01 10:14:59 AM,812.0,50,40600.0,225169794.1000001
2025-08-01 10:15:00 AM,811.9,10,8119.0,225177913.1000001
2025-08-01 10:15:03 AM,811.9,25,20297.5,225198210.6000001
2025-08-01 10:15:04 AM,811.6,1,811.6,225199022.2000001
2025-08-01 10:15:12 AM,811.6,30,24348.0,225223370.2000001
2025-08-01 10:15:22 AM,810.75,0,0.0,225223370.2000001
2025-08-01 10:15:22 AM,810.75,1510,1224232.5,226447602.7000001
2025-08-01 10:15:31 AM,811.45,0,0.0,226447602.7000001
2025-08-01 10:15:31 AM,811.45,45,36515.25,226484117.9500001
2025-08-01 10:15:37 AM,811.35,0,0.0,226484117.9500001
2025-08-01 10:15:37 AM,811.35,10,8113.5,226492231.4500001
2025-08-01 10:15:51 AM,810.85,25,20271.25,226512502.7000001
2025-08-01 10:15:55 AM,811.35,5,4056.75,226516559.4500001
2025-08-01 10:16:27 AM,810.5,0,0.0,226516559.4500001
2025-08-01 10:16:27 AM,810.5,107,86723.5,226603282.9500001
2025-08-01 10:16:33 AM,810.75,0,0.0,226603282.9500001
2025-08-01 10:16:33 AM,810.75,1,810.75,226604093.7000001
2025-08-01 10:16:44 AM,810.2,75,60765.0,226664858.7000001
2025-08-01 10:16:55 AM,810.35,0,0.0,226664858.7000001
2025-08-01 10:16:55 AM,810.35,1,810.35,226665669.0500001
2025-08-01 10:16:57 AM,810.35,4,3241.4,226668910.4500001
2025-08-01 10:17:14 AM,810.3,25,20257.5,226689167.9500001
2025-08-01 10:17:15 AM,810.05,371,300528.55,226989696.50000012
2025-08-01 10:17:22 AM,810.3,0,0.0,226989696.50000012
2025-08-01 10:17:22 AM,810.3,3,2430.8999999999996,226992127.40000013
2025-08-01 10:17:26 AM,810.55,301,243975.55,227236102.95000014
2025-08-01 10:17:27 AM,810.05,10,8100.5,227244203.45000014
2025-08-01 10:17:30 AM,810.25,110,89127.5,227333330.95000014
2025-08-01 10:17:38 AM,810.25,1,810.25,227334141.20000014
2025-08-01 10:17:42 AM,810.25,3967,3214261.75,230548402.95000014
2025-08-01 10:18:01 AM,810.3,0,0.0,230548402.95000014
2025-08-01 10:18:01 AM,810.3,5,4051.5,230552454.45000014
2025-08-01 10:18:10 AM,810.15,0,0.0,230552454.45000014
2025-08-01 10:18:10 AM,810.15,13,10531.949999999999,230562986.40000013
2025-08-01 10:18:21 AM,810.25,0,0.0,230562986.40000013
2025-08-01 10:18:21 AM,810.15,43,34836.45,230597822.8500001
2025-08-01 10:18:26 AM,810.0,0,0.0,230597822.8500001
2025-08-01 10:18:26 AM,810.0,125,101250.0,230699072.8500001
2025-08-01 10:18:39 AM,810.7,0,0.0,230699072.8500001
2025-08-01 10:18:39 AM,810.7,394,319415.80000000005,231018488.65000013
2025-08-01 10:18:52 AM,811.1,1,811.1,231019299.75000012
2025-08-01 10:19:01 AM,811.15,0,0.0,231019299.75000012
2025-08-01 10:19:01 AM,811.15,5,4055.75,231023355.50000012
2025-08-01 10:19:02 AM,811.15,18,14600.699999999999,231037956.2000001
2025-08-01 10:19:07 AM,811.45,5,4057.25,231042013.4500001
2025-08-01 10:19:09 AM,811.7,0,0.0,231042013.4500001
2025-08-01 10:19:09 AM,811.7,3,2435.1000000000004,231044448.5500001
2025-08-01 10:19:16 AM,811.25,110,89237.5,231133686.0500001
2025-08-01 10:19:22 AM,811.7,1,811.7,231134497.7500001
2025-08-01 10:19:41 AM,811.15,0,0.0,231134497.7500001
2025-08-01 10:19:41 AM,811.15,31,25145.649999999998,231159643.4000001
2025-08-01 10:19:51 AM,811.05,0,0.0,231159643.4000001
2025-08-01 10:19:51 AM,811.05,7,5677.349999999999,231165320.7500001
2025-08-01 10:19:58 AM,811.1,0,0.0,231165320.7500001
2025-08-01 10:19:58 AM,811.1,1,811.1,231166131.85000008
2025-08-01 10:19:59 AM,811.4,1,811.4,231166943.2500001
2025-08-01 10:20:12 AM,811.0,0,0.0,231166943.2500001
2025-08-01 10:20:13 AM,810.65,31,25130.149999999998,231192073.4000001
2025-08-01 10:20:29 AM,810.7,125,101337.5,231293410.9000001
2025-08-01 10:20:31 AM,811.2,44,35692.8,231329103.7000001
2025-08-01 10:20:46 AM,811.1,0,0.0,231329103.7000001
2025-08-01 10:20:46 AM,811.1,55,44610.5,231373714.2000001
2025-08-01 10:21:00 AM,811.2,0,0.0,231373714.2000001
2025-08-01 10:21:00 AM,811.2,1,811.2,231374525.4000001
2025-08-01 10:21:02 AM,811.4,50,40570.0,231415095.4000001
2025-08-01 10:21:13 AM,811.45,5,4057.25,231419152.6500001
2025-08-01 10:21:25 AM,811.2,7,5678.400000000001,231424831.0500001
2025-08-01 10:21:26 AM,811.45,5,4057.25,231428888.3000001
2025-08-01 10:21:28 AM,811.45,2,1622.9,231430511.2000001
2025-08-01 10:21:30 AM,811.4,0,0.0,231430511.2000001
2025-08-01 10:21:30 AM,811.4,12,9736.8,231440248.00000012
2025-08-01 10:21:32 AM,811.05,5,4055.25,231444303.25000012
2025-08-01 10:21:34 AM,811.2,0,0.0,231444303.25000012
2025-08-01 10:21:34 AM,811.2,1,811.2,231445114.4500001
2025-08-01 10:21:36 AM,811.2,1,811.2,231445925.6500001
2025-08-01 10:21:45 AM,811.05,1,811.05,231446736.7000001
2025-08-01 10:21:48 AM,810.75,10,8107.5,231454844.2000001
2025-08-01 10:21:55 AM,811.2,1,811.2,231455655.4000001
2025-08-01 10:22:03 AM,811.45,0,0.0,231455655.4000001
2025-08-01 10:22:03 AM,811.45,23,18663.350000000002,231474318.7500001
2025-08-01 10:22:07 AM,811.4,0,0.0,231474318.7500001
2025-08-01 10:22:07 AM,811.4,5,4057.0,231478375.7500001
2025-08-01 10:22:15 AM,811.65,3,2434.95,231480810.70000008
2025-08-01 10:22:24 AM,811.4,0,0.0,231480810.70000008
2025-08-01 10:22:24 AM,811.4,15,12171.0,231492981.70000008
2025-08-01 10:22:40 AM,811.9,100,81190.0,231574171.70000008
2025-08-01 10:22:58 AM,811.85,30,24355.5,231598527.20000008
2025-08-01 10:23:03 AM,811.7,2,1623.4,231600150.60000008
2025-08-01 10:23:18 AM,811.2,0,0.0,231600150.60000008
2025-08-01 10:23:18 AM,811.2,63,51105.600000000006,231651256.20000008
2025-08-01 10:24:25 AM,811.0,22,17842.0,231669098.20000008
2025-08-01 10:24:29 AM,811.0,327,265197.0,231934295.20000008
2025-08-01 10:24:44 AM,811.0,70,56770.0,231991065.20000008
2025-08-01 10:24:52 AM,811.0,1,811.0,231991876.20000008
2025-08-01 10:24:59 AM,811.1,536,434749.60000000003,232426625.80000007
2025-08-01 10:25:05 AM,811.0,0,0.0,232426625.80000007
2025-08-01 10:25:06 AM,811.0,30,24330.0,232450955.80000007
2025-08-01 10:25:20 AM,811.05,1,811.05,232451766.85000008
2025-08-01 10:25:37 AM,810.9,11,8919.9,232460686.7500001
2025-08-01 10:25:47 AM,810.85,0,0.0,232460686.7500001
2025-08-01 10:25:48 AM,810.85,50,40542.5,232501229.2500001
2025-08-01 10:25:57 AM,811.3,50,40565.0,232541794.2500001
2025-08-01 10:26:03 AM,811.25,1,811.25,232542605.5000001
2025-08-01 10:26:08 AM,811.3,0,0.0,232542605.5000001
2025-08-01 10:26:08 AM,811.3,50,40565.0,232583170.5000001
2025-08-01 10:26:12 AM,811.25,4,3245.0,232586415.5000001
2025-08-01 10:26:13 AM,811.2,0,0.0,232586415.5000001
2025-08-01 10:26:13 AM,811.2,15,12168.0,232598583.5000001
2025-08-01 10:26:23 AM,810.75,155,125666.25,232724249.7500001
2025-08-01 10:26:31 AM,811.05,0,0.0,232724249.7500001
2025-08-01 10:26:31 AM,811.05,100,81105.0,232805354.7500001
2025-08-01 10:26:33 AM,811.2,0,0.0,232805354.7500001
2025-08-01 10:26:33 AM,811.2,2,1622.4,232806977.1500001
2025-08-01 10:26:39 AM,811.05,0,0.0,232806977.1500001
2025-08-01 10:26:39 AM,811.05,148,120035.4,232927012.5500001
2025-08-01 10:26:57 AM,811.0,1,811.0,232927823.5500001
2025-08-01 10:27:19 AM,811.15,0,0.0,232927823.5500001
2025-08-01 10:27:19 AM,811.15,1,811.15,232928634.7000001
2025-08-01 10:27:24 AM,811.15,1,811.15,232929445.8500001
2025-08-01 10:27:32 AM,811.1,0,0.0,232929445.8500001
2025-08-01 10:27:32 AM,811.1,1,811.1,232930256.9500001
2025-08-01 10:27:41 AM,811.0,0,0.0,232930256.9500001
2025-08-01 10:27:41 AM,811.0,6,4866.0,232935122.9500001
2025-08-01 10:27:52 AM,811.15,0,0.0,232935122.9500001
2025-08-01 10:27:52 AM,811.15,48,38935.2,232974058.1500001
2025-08-01 10:28:08 AM,810.7,0,0.0,232974058.1500001
2025-08-01 10:28:08 AM,810.7,20,16214.0,232990272.1500001
2025-08-01 10:28:22 AM,811.1,1,811.1,232991083.2500001
2025-08-01 10:28:24 AM,810.6,123,99703.8,233090787.0500001
2025-08-01 10:28:31 AM,810.8,0,0.0,233090787.0500001
2025-08-01 10:28:31 AM,810.8,19,15405.199999999999,233106192.2500001
2025-08-01 10:28:33 AM,810.75,2,1621.5,233107813.7500001
2025-08-01 10:28:34 AM,810.75,50,40537.5,233148351.2500001
2025-08-01 10:28:36 AM,810.75,100,81075.0,233229426.2500001
2025-08-01 10:28:39 AM,810.75,8,6486.0,233235912.2500001
2025-08-01 10:28:47 AM,810.55,71,57549.049999999996,233293461.3000001
2025-08-01 10:28:51 AM,810.75,0,0.0,233293461.3000001
2025-08-01 10:28:51 AM,810.75,1,810.75,233294272.0500001
2025-08-01 10:28:57 AM,810.55,1,810.55,233295082.6000001
2025-08-01 10:28:59 AM,810.5,50,40525.0,233335607.6000001
2025-08-01 10:29:00 AM,810.5,1,810.5,233336418.1000001
2025-08-01 10:29:05 AM,810.5,1,810.5,233337228.6000001
2025-08-01 10:29:12 AM,810.5,102,82671.0,233419899.6000001
2025-08-01 10:29:14 AM,810.55,0,0.0,233419899.6000001
2025-08-01 10:29:14 AM,810.55,299,242354.44999999998,233662254.0500001
2025-08-01 10:29:48 AM,810.5,78,63219.0,233725473.0500001
2025-08-01 10:29:49 AM,810.5,122,98881.0,233824354.0500001
