date,price,qty,trnvr,cum_trnvr
2025-08-01 09:15:04 AM,768.65,36,27671.399999999998,27671.399999999998
2025-08-01 09:15:18 AM,769.35,35,26927.25,54598.649999999994
2025-08-01 09:15:28 AM,772.25,12,9267.0,63865.649999999994
2025-08-01 09:15:36 AM,773.9,500,386950.0,450815.65
2025-08-01 09:15:49 AM,772.0,0,0.0,450815.65
2025-08-01 09:15:51 AM,772.0,2,1544.0,452359.65
2025-08-01 09:15:57 AM,772.35,0,0.0,452359.65
2025-08-01 09:15:59 AM,772.35,40,30894.0,483253.65
2025-08-01 09:16:09 AM,767.15,468,359026.2,842279.8500000001
2025-08-01 09:16:11 AM,770.85,0,0.0,842279.8500000001
2025-08-01 09:16:15 AM,770.85,1,770.85,843050.7000000001
2025-08-01 09:16:17 AM,766.95,75,57521.25,900571.9500000001
2025-08-01 09:16:21 AM,765.35,0,0.0,900571.9500000001
2025-08-01 09:16:24 AM,766.2,39,29881.800000000003,930453.7500000001
2025-08-01 09:16:29 AM,767.15,0,0.0,930453.7500000001
2025-08-01 09:16:32 AM,767.15,2,1534.3,931988.0500000002
2025-08-01 09:16:57 AM,767.8,147,112866.59999999999,1044854.6500000001
2025-08-01 09:17:30 AM,769.6,5,3848.0,1048702.6500000001
2025-08-01 09:17:46 AM,769.6,4,3078.4,1051781.05
2025-08-01 09:17:56 AM,768.2,25,19205.0,1070986.05
2025-08-01 09:18:09 AM,767.55,0,0.0,1070986.05
2025-08-01 09:18:11 AM,767.55,166,127413.29999999999,1198399.35
2025-08-01 09:18:21 AM,768.1,45,34564.5,1232963.85
2025-08-01 09:18:23 AM,768.8,0,0.0,1232963.85
2025-08-01 09:18:28 AM,768.8,1,768.8,1233732.6500000001
2025-08-01 09:18:37 AM,768.8,29,22295.199999999997,1256027.85
2025-08-01 09:18:48 AM,769.1,0,0.0,1256027.85
2025-08-01 09:18:52 AM,769.1,68,52298.8,1308326.6500000001
2025-08-01 09:18:56 AM,769.85,0,0.0,1308326.6500000001
2025-08-01 09:19:01 AM,769.85,25,19246.25,1327572.9000000001
2025-08-01 09:20:04 AM,768.5,0,0.0,1327572.9000000001
2025-08-01 09:20:05 AM,768.5,258,198273.0,1525845.9000000001
2025-08-01 09:20:06 AM,767.45,76,58326.200000000004,1584172.1
2025-08-01 09:22:11 AM,768.15,0,0.0,1584172.1
2025-08-01 09:22:17 AM,768.15,2,1536.3,1585708.4000000001
2025-08-01 09:22:28 AM,766.05,0,0.0,1585708.4000000001
2025-08-01 09:22:32 AM,766.05,293,224452.65,1810161.05
2025-08-01 09:22:40 AM,765.65,54,41345.1,1851506.1500000001
2025-08-01 09:22:41 AM,765.65,1,765.65,1852271.8
2025-08-01 09:22:53 AM,765.15,0,0.0,1852271.8
2025-08-01 09:22:55 AM,765.15,24,18363.6,1870635.4000000001
2025-08-01 09:23:18 AM,765.15,38,29075.7,1899711.1
2025-08-01 09:23:25 AM,765.6,1,765.6,1900476.7000000002
2025-08-01 09:23:33 AM,765.55,400,306220.0,2206696.7
2025-08-01 09:24:03 AM,765.1,19,14536.9,2221233.6
2025-08-01 09:24:13 AM,765.1,50,38255.0,2259488.6
2025-08-01 09:24:19 AM,765.1,10,7651.0,2267139.6
2025-08-01 09:24:25 AM,765.6,0,0.0,2267139.6
2025-08-01 09:24:26 AM,765.6,1020,780912.0,3048051.6
2025-08-01 09:24:28 AM,765.0,29,22185.0,3070236.6
2025-08-01 09:24:37 AM,764.0,0,0.0,3070236.6
2025-08-01 09:24:42 AM,764.8,11,8412.8,3078649.4
2025-08-01 09:24:49 AM,764.0,3,2292.0,3080941.4
2025-08-01 09:25:04 AM,763.95,0,0.0,3080941.4
2025-08-01 09:25:06 AM,763.95,221,168832.95,3249774.35
2025-08-01 09:25:10 AM,764.05,0,0.0,3249774.35
2025-08-01 09:25:11 AM,764.05,7,5348.349999999999,3255122.7
2025-08-01 09:25:26 AM,764.05,11,8404.55,3263527.25
2025-08-01 09:25:29 AM,763.25,0,0.0,3263527.25
2025-08-01 09:25:34 AM,763.25,138,105328.5,3368855.75
2025-08-01 09:25:41 AM,764.1,246,187968.6,3556824.35
2025-08-01 09:25:43 AM,762.5,500,381250.0,3938074.35
2025-08-01 09:25:59 AM,762.15,1,762.15,3938836.5
2025-08-01 09:26:35 AM,762.5,0,0.0,3938836.5
2025-08-01 09:26:37 AM,763.9,64,48889.6,3987726.1
2025-08-01 09:26:59 AM,764.95,272,208066.40000000002,4195792.5
2025-08-01 09:27:01 AM,765.1,0,0.0,4195792.5
2025-08-01 09:27:05 AM,765.1,3,2295.3,4198087.8
2025-08-01 09:27:18 AM,766.1,0,0.0,4198087.8
2025-08-01 09:27:20 AM,766.1,2,1532.2,4199620.0
2025-08-01 09:28:04 AM,765.25,0,0.0,4199620.0
2025-08-01 09:28:05 AM,765.25,3,2295.75,4201915.75
2025-08-01 09:28:11 AM,766.9,0,0.0,4201915.75
2025-08-01 09:28:13 AM,766.9,500,383450.0,4585365.75
2025-08-01 09:28:51 AM,765.85,3,2297.55,4587663.3
2025-08-01 09:29:08 AM,764.0,140,106960.0,4694623.3
2025-08-01 09:29:52 AM,767.15,400,306860.0,5001483.3
2025-08-01 09:29:58 AM,766.2,0,0.0,5001483.3
2025-08-01 09:29:59 AM,766.2,1,766.2,5002249.5
2025-08-01 09:30:22 AM,766.05,5,3830.25,5006079.75
2025-08-01 09:30:33 AM,766.0,0,0.0,5006079.75
2025-08-01 09:30:37 AM,766.0,372,284952.0,5291031.75
2025-08-01 09:31:28 AM,765.8,1,765.8,5291797.55
2025-08-01 09:32:12 AM,765.15,0,0.0,5291797.55
2025-08-01 09:32:17 AM,765.15,1,765.15,5292562.7
2025-08-01 09:32:52 AM,765.8,53,40587.399999999994,5333150.100000001
2025-08-01 09:33:52 AM,767.25,0,0.0,5333150.100000001
2025-08-01 09:33:54 AM,767.25,45,34526.25,5367676.350000001
2025-08-01 09:34:14 AM,767.8,0,0.0,5367676.350000001
2025-08-01 09:34:15 AM,767.8,10,7678.0,5375354.350000001
2025-08-01 09:34:31 AM,766.65,0,0.0,5375354.350000001
2025-08-01 09:34:35 AM,767.65,0,0.0,5375354.350000001
2025-08-01 09:34:36 AM,767.65,30,23029.5,5398383.850000001
2025-08-01 09:34:57 AM,767.65,1,767.65,5399151.500000001
2025-08-01 09:35:11 AM,767.65,10,7676.5,5406828.000000001
2025-08-01 09:35:56 AM,767.3,0,0.0,5406828.000000001
2025-08-01 09:35:59 AM,767.3,1,767.3,5407595.300000001
2025-08-01 09:36:39 AM,767.3,7,5371.099999999999,5412966.4
2025-08-01 09:36:49 AM,766.4,0,0.0,5412966.4
2025-08-01 09:36:52 AM,766.4,8,6131.2,5419097.600000001
2025-08-01 09:36:59 AM,768.0,1319,1012992.0,6432089.600000001
2025-08-01 09:37:09 AM,766.9,0,0.0,6432089.600000001
2025-08-01 09:37:12 AM,766.9,46,35277.4,6467367.000000001
2025-08-01 09:37:15 AM,765.85,0,0.0,6467367.000000001
2025-08-01 09:37:19 AM,765.7,0,0.0,6467367.000000001
2025-08-01 09:37:20 AM,765.7,11,8422.7,6475789.700000001
2025-08-01 09:37:30 AM,766.4,0,0.0,6475789.700000001
2025-08-01 09:37:33 AM,766.4,13,9963.199999999999,6485752.900000001
2025-08-01 09:38:07 AM,766.35,93,71270.55,6557023.450000001
2025-08-01 09:38:13 AM,766.4,0,0.0,6557023.450000001
2025-08-01 09:38:14 AM,766.4,7,5364.8,6562388.250000001
2025-08-01 09:38:45 AM,766.75,0,0.0,6562388.250000001
2025-08-01 09:38:47 AM,766.75,48,36804.0,6599192.250000001
2025-08-01 09:39:34 AM,766.4,1,766.4,6599958.650000001
2025-08-01 09:42:32 AM,767.7,0,0.0,6599958.650000001
2025-08-01 09:42:32 AM,767.7,34,26101.800000000003,6626060.450000001
2025-08-01 09:42:52 AM,765.15,0,0.0,6626060.450000001
2025-08-01 09:42:52 AM,765.15,910,696286.5,7322346.950000001
2025-08-01 09:42:58 AM,765.0,1,765.0,7323111.950000001
2025-08-01 09:43:30 AM,765.55,27,20669.85,7343781.800000001
2025-08-01 09:43:31 AM,765.0,10,7650.0,7351431.800000001
2025-08-01 09:43:32 AM,765.55,0,0.0,7351431.800000001
2025-08-01 09:43:37 AM,765.55,11,8421.05,7359852.850000001
2025-08-01 09:43:56 AM,765.0,0,0.0,7359852.850000001
2025-08-01 09:43:57 AM,765.0,9,6885.0,7366737.850000001
2025-08-01 09:44:17 AM,765.0,109,83385.0,7450122.850000001
2025-08-01 09:44:28 AM,764.15,0,0.0,7450122.850000001
2025-08-01 09:44:30 AM,764.15,10,7641.5,7457764.350000001
2025-08-01 09:44:48 AM,764.85,0,0.0,7457764.350000001
2025-08-01 09:44:49 AM,764.85,30,22945.5,7480709.850000001
2025-08-01 09:45:02 AM,764.85,1,764.85,7481474.7
2025-08-01 09:45:28 AM,764.0,150,114600.0,7596074.7
2025-08-01 09:46:38 AM,764.2,0,0.0,7596074.7
2025-08-01 09:46:39 AM,764.2,50,38210.0,7634284.7
2025-08-01 09:46:50 AM,764.0,0,0.0,7634284.7
2025-08-01 09:46:52 AM,764.0,48,36672.0,7670956.7
2025-08-01 09:47:29 AM,763.25,0,0.0,7670956.7
2025-08-01 09:47:29 AM,763.25,32,24424.0,7695380.7
2025-08-01 09:47:35 AM,764.0,0,0.0,7695380.7
2025-08-01 09:47:35 AM,764.0,66,50424.0,7745804.7
2025-08-01 09:48:03 AM,763.05,0,0.0,7745804.7
2025-08-01 09:48:05 AM,763.05,11,8393.55,7754198.25
2025-08-01 09:48:56 AM,763.0,90,68670.0,7822868.25
2025-08-01 09:49:00 AM,764.0,0,0.0,7822868.25
2025-08-01 09:49:00 AM,764.0,248,189472.0,8012340.25
2025-08-01 09:50:31 AM,764.0,50,38200.0,8050540.25
2025-08-01 09:50:54 AM,764.05,22,16809.1,8067349.35
2025-08-01 09:52:32 AM,765.35,0,0.0,8067349.35
2025-08-01 09:52:33 AM,765.35,25,19133.75,8086483.1
2025-08-01 09:52:35 AM,765.95,5,3829.75,8090312.85
2025-08-01 09:52:47 AM,766.9,0,0.0,8090312.85
2025-08-01 09:52:48 AM,766.9,100,76690.0,8167002.85
2025-08-01 09:53:14 AM,765.95,0,0.0,8167002.85
2025-08-01 09:53:16 AM,765.95,29,22212.550000000003,8189215.399999999
2025-08-01 09:53:22 AM,765.95,19,14553.050000000001,8203768.449999999
2025-08-01 09:53:27 AM,765.9,0,0.0,8203768.449999999
2025-08-01 09:53:28 AM,765.9,4,3063.6,8206832.049999999
2025-08-01 09:55:35 AM,765.9,100,76590.0,8283422.049999999
2025-08-01 09:56:09 AM,765.15,0,0.0,8283422.049999999
2025-08-01 09:56:12 AM,765.15,2,1530.3,8284952.349999999
2025-08-01 09:56:46 AM,764.1,0,0.0,8284952.349999999
2025-08-01 09:56:48 AM,764.1,200,152820.0,8437772.349999998
2025-08-01 09:57:19 AM,764.5,10,7645.0,8445417.349999998
2025-08-01 09:57:25 AM,764.0,302,230728.0,8676145.349999998
2025-08-01 09:57:26 AM,763.0,0,0.0,8676145.349999998
2025-08-01 09:57:29 AM,763.0,70,53410.0,8729555.349999998
2025-08-01 09:58:11 AM,762.4,0,0.0,8729555.349999998
2025-08-01 09:58:11 AM,762.4,13,9911.199999999999,8739466.549999997
2025-08-01 09:58:54 AM,762.2,129,98323.8,8837790.349999998
2025-08-01 09:59:03 AM,762.4,0,0.0,8837790.349999998
2025-08-01 09:59:06 AM,762.4,1,762.4,8838552.749999998
2025-08-01 09:59:18 AM,762.4,2,1524.8,8840077.549999999
2025-08-01 09:59:25 AM,762.95,0,0.0,8840077.549999999
2025-08-01 09:59:25 AM,762.95,97,74006.15000000001,8914083.7
2025-08-01 09:59:33 AM,761.85,0,0.0,8914083.7
2025-08-01 09:59:34 AM,761.85,269,204937.65,9119021.35
2025-08-01 09:59:35 AM,761.5,0,0.0,9119021.35
2025-08-01 09:59:37 AM,761.5,36,27414.0,9146435.35
2025-08-01 10:01:08 AM,762.2,31,23628.2,9170063.549999999
2025-08-01 10:01:11 AM,763.15,15,11447.25,9181510.799999999
2025-08-01 10:01:27 AM,763.1,3,2289.3,9183800.1
2025-08-01 10:01:42 AM,762.95,1,762.95,9184563.049999999
2025-08-01 10:02:04 AM,762.0,0,0.0,9184563.049999999
2025-08-01 10:02:04 AM,762.0,166,126492.0,9311055.049999999
2025-08-01 10:02:08 AM,761.45,0,0.0,9311055.049999999
2025-08-01 10:02:11 AM,761.45,4,3045.8,9314100.85
2025-08-01 10:02:44 AM,762.0,119,90678.0,9404778.85
2025-08-01 10:02:49 AM,762.0,100,76200.0,9480978.85
2025-08-01 10:02:55 AM,762.0,252,192024.0,9673002.85
2025-08-01 10:03:39 AM,761.55,0,0.0,9673002.85
2025-08-01 10:03:40 AM,762.0,347,264414.0,9937416.85
2025-08-01 10:05:20 AM,762.0,5,3810.0,9941226.85
2025-08-01 10:06:27 AM,761.1,0,0.0,9941226.85
2025-08-01 10:06:28 AM,761.1,123,93615.3,10034842.15
2025-08-01 10:06:30 AM,761.75,0,0.0,10034842.15
2025-08-01 10:06:31 AM,761.75,25,19043.75,10053885.9
2025-08-01 10:06:34 AM,761.1,0,0.0,10053885.9
2025-08-01 10:06:34 AM,761.1,10,7611.0,10061496.9
2025-08-01 10:06:44 AM,761.1,31,23594.100000000002,10085091.0
2025-08-01 10:06:56 AM,761.1,3,2283.3,10087374.3
2025-08-01 10:07:04 AM,760.3,239,181711.69999999998,10269086.0
2025-08-01 10:07:08 AM,761.1,0,0.0,10269086.0
2025-08-01 10:07:08 AM,761.1,20,15222.0,10284308.0
2025-08-01 10:07:16 AM,761.55,38,28938.899999999998,10313246.9
2025-08-01 10:07:21 AM,761.1,35,26638.5,10339885.4
2025-08-01 10:07:22 AM,760.6,0,0.0,10339885.4
2025-08-01 10:07:22 AM,761.75,0,0.0,10339885.4
2025-08-01 10:07:23 AM,761.75,71,54084.25,10393969.65
2025-08-01 10:07:35 AM,760.9,0,0.0,10393969.65
2025-08-01 10:07:35 AM,760.9,4,3043.6,10397013.25
2025-08-01 10:08:12 AM,762.75,355,270776.25,10667789.5
2025-08-01 10:08:35 AM,762.75,5,3813.75,10671603.25
2025-08-01 10:09:22 AM,762.75,4,3051.0,10674654.25
2025-08-01 10:09:27 AM,762.0,0,0.0,10674654.25
2025-08-01 10:09:28 AM,762.0,73,55626.0,10730280.25
2025-08-01 10:11:39 AM,762.75,0,0.0,10730280.25
2025-08-01 10:11:42 AM,762.75,4,3051.0,10733331.25
2025-08-01 10:11:54 AM,762.75,1,762.75,10734094.0
2025-08-01 10:13:39 AM,762.75,26,19831.5,10753925.5
2025-08-01 10:13:57 AM,762.75,10,7627.5,10761553.0
2025-08-01 10:14:09 AM,762.75,115,87716.25,10849269.25
2025-08-01 10:14:14 AM,762.75,197,150261.75,10999531.0
2025-08-01 10:15:00 AM,761.25,0,0.0,10999531.0
2025-08-01 10:15:01 AM,761.25,406,309067.5,11308598.5
2025-08-01 10:18:55 AM,762.8,0,0.0,11308598.5
2025-08-01 10:18:58 AM,762.8,1,762.8,11309361.3
2025-08-01 10:19:10 AM,762.8,1,762.8,11310124.100000001
2025-08-01 10:19:19 AM,761.3,0,0.0,11310124.100000001
2025-08-01 10:19:22 AM,761.3,299,227628.69999999998,11537752.8
2025-08-01 10:19:51 AM,762.85,15,11442.75,11549195.55
2025-08-01 10:20:54 AM,762.15,0,0.0,11549195.55
2025-08-01 10:20:54 AM,762.15,12,9145.8,11558341.350000001
2025-08-01 10:21:40 AM,761.55,150,114232.5,11672573.850000001
2025-08-01 10:22:41 AM,762.8,5,3814.0,11676387.850000001
2025-08-01 10:24:06 AM,762.7,0,0.0,11676387.850000001
2025-08-01 10:24:08 AM,762.7,25,19067.5,11695455.350000001
2025-08-01 10:24:24 AM,763.3,0,0.0,11695455.350000001
2025-08-01 10:24:24 AM,763.3,120,91596.0,11787051.350000001
2025-08-01 10:24:46 AM,764.45,1,764.45,11787815.8
2025-08-01 10:25:54 AM,764.4,0,0.0,11787815.8
2025-08-01 10:25:54 AM,764.4,17,12994.8,11800810.600000001
2025-08-01 10:25:56 AM,765.9,277,212154.3,12012964.900000002
2025-08-01 10:25:59 AM,767.9,313,240352.69999999998,12253317.600000001
2025-08-01 10:26:03 AM,767.25,0,0.0,12253317.600000001
2025-08-01 10:26:05 AM,767.25,134,102811.5,12356129.100000001
2025-08-01 10:26:06 AM,767.6,0,0.0,12356129.100000001
2025-08-01 10:26:07 AM,767.6,31,23795.600000000002,12379924.700000001
2025-08-01 10:26:09 AM,767.45,0,0.0,12379924.700000001
2025-08-01 10:26:10 AM,767.45,144,110512.8,12490437.500000002
2025-08-01 10:26:21 AM,767.4,0,0.0,12490437.500000002
2025-08-01 10:26:22 AM,767.4,28,21487.2,12511924.700000001
2025-08-01 10:26:24 AM,767.8,0,0.0,12511924.700000001
2025-08-01 10:26:24 AM,767.8,47,36086.6,12548011.3
2025-08-01 10:26:27 AM,768.5,0,0.0,12548011.3
2025-08-01 10:26:27 AM,768.5,42,32277.0,12580288.3
2025-08-01 10:26:40 AM,768.4,0,0.0,12580288.3
2025-08-01 10:26:41 AM,768.4,117,89902.8,12670191.100000001
2025-08-01 10:26:46 AM,767.5,0,0.0,12670191.100000001
2025-08-01 10:26:47 AM,767.5,15,11512.5,12681703.600000001
2025-08-01 10:26:50 AM,767.5,20,15350.0,12697053.600000001
2025-08-01 10:26:57 AM,765.55,0,0.0,12697053.600000001
2025-08-01 10:26:59 AM,765.55,297,227368.34999999998,12924421.950000001
2025-08-01 10:29:39 AM,765.3,1,765.3,12925187.250000002
2025-08-01 10:30:11 AM,765.35,0,0.0,12925187.250000002
2025-08-01 10:30:13 AM,765.35,10,7653.5,12932840.750000002
2025-08-01 10:31:30 AM,764.8,0,0.0,12932840.750000002
2025-08-01 10:31:30 AM,764.8,2,1529.6,12934370.350000001
2025-08-01 10:31:41 AM,764.8,10,7648.0,12942018.350000001
2025-08-01 10:31:43 AM,764.1,0,0.0,12942018.350000001
2025-08-01 10:31:44 AM,764.1,2,1528.2,12943546.55
2025-08-01 10:31:49 AM,764.85,25,19121.25,12962667.8
2025-08-01 10:31:52 AM,764.9,0,0.0,12962667.8
2025-08-01 10:31:53 AM,764.9,35,26771.5,12989439.3
2025-08-01 10:31:58 AM,764.0,0,0.0,12989439.3
2025-08-01 10:31:59 AM,764.0,654,499656.0,13489095.3
2025-08-01 10:32:02 AM,764.05,23,17573.149999999998,13506668.450000001
2025-08-01 10:32:47 AM,763.5,1028,784878.0,14291546.450000001
2025-08-01 10:33:03 AM,763.1,0,0.0,14291546.450000001
2025-08-01 10:33:04 AM,763.1,108,82414.8,14373961.250000002
2025-08-01 10:33:48 AM,763.95,0,0.0,14373961.250000002
2025-08-01 10:33:48 AM,763.95,54,41253.3,14415214.550000003
2025-08-01 10:33:51 AM,763.95,1,763.95,14415978.500000002
2025-08-01 10:35:28 AM,762.85,0,0.0,14415978.500000002
2025-08-01 10:35:30 AM,762.85,3,2288.55,14418267.050000003
2025-08-01 10:35:55 AM,762.15,0,0.0,14418267.050000003
2025-08-01 10:35:56 AM,762.15,4,3048.6,14421315.650000002
2025-08-01 10:36:15 AM,762.25,0,0.0,14421315.650000002
2025-08-01 10:36:15 AM,762.25,100,76225.0,14497540.650000002
2025-08-01 10:36:33 AM,762.95,0,0.0,14497540.650000002
2025-08-01 10:36:35 AM,762.95,89,67902.55,14565443.200000003
2025-08-01 10:36:55 AM,762.3,0,0.0,14565443.200000003
2025-08-01 10:36:57 AM,762.3,3,2286.8999999999996,14567730.100000003
2025-08-01 10:37:13 AM,763.35,1,763.35,14568493.450000003
2025-08-01 10:37:28 AM,762.5,0,0.0,14568493.450000003
2025-08-01 10:37:30 AM,762.5,3,2287.5,14570780.950000003
2025-08-01 10:37:54 AM,763.0,10,7630.0,14578410.950000003
2025-08-01 10:37:59 AM,762.55,0,0.0,14578410.950000003
2025-08-01 10:38:00 AM,762.55,3,2287.6499999999996,14580698.600000003
2025-08-01 10:38:33 AM,762.5,0,0.0,14580698.600000003
2025-08-01 10:38:34 AM,762.5,4,3050.0,14583748.600000003
2025-08-01 10:38:37 AM,763.35,0,0.0,14583748.600000003
2025-08-01 10:38:37 AM,763.35,3,2290.05,14586038.650000004
2025-08-01 10:39:16 AM,763.35,10,7633.5,14593672.150000004
2025-08-01 10:39:57 AM,763.1,0,0.0,14593672.150000004
2025-08-01 10:39:58 AM,763.1,4,3052.4,14596724.550000004
2025-08-01 10:40:42 AM,763.1,10,7631.0,14604355.550000004
2025-08-01 10:40:51 AM,763.1,5,3815.5,14608171.050000004
2025-08-01 10:41:08 AM,763.4,0,0.0,14608171.050000004
2025-08-01 10:41:09 AM,763.45,0,0.0,14608171.050000004
2025-08-01 10:41:10 AM,763.45,109,83216.05,14691387.100000005
2025-08-01 10:41:58 AM,763.9,0,0.0,14691387.100000005
2025-08-01 10:42:00 AM,763.9,50,38195.0,14729582.100000005
2025-08-01 10:42:18 AM,764.2,0,0.0,14729582.100000005
2025-08-01 10:42:19 AM,764.2,11,8406.2,14737988.300000004
2025-08-01 10:42:53 AM,763.1,7,5341.7,14743330.000000004
2025-08-01 10:43:47 AM,763.1,7,5341.7,14748671.700000003
2025-08-01 10:44:48 AM,763.95,0,0.0,14748671.700000003
2025-08-01 10:44:48 AM,763.95,16,12223.2,14760894.900000002
2025-08-01 10:45:05 AM,763.95,10,7639.5,14768534.400000002
2025-08-01 10:45:30 AM,763.1,0,0.0,14768534.400000002
2025-08-01 10:45:32 AM,763.95,20,15279.0,14783813.400000002
2025-08-01 10:46:22 AM,763.95,15,11459.25,14795272.650000002
2025-08-01 10:48:01 AM,763.15,0,0.0,14795272.650000002
2025-08-01 10:48:02 AM,763.15,9,6868.349999999999,14802141.000000002
2025-08-01 10:49:32 AM,763.15,10,7631.5,14809772.500000002
2025-08-01 10:51:06 AM,763.95,0,0.0,14809772.500000002
2025-08-01 10:51:07 AM,763.95,27,20626.65,14830399.150000002
2025-08-01 10:51:56 AM,763.95,2,1527.9,14831927.050000003
2025-08-01 10:52:07 AM,763.95,3,2291.8500000000004,14834218.900000002
2025-08-01 10:52:23 AM,763.95,5,3819.75,14838038.650000002
2025-08-01 10:57:04 AM,764.0,0,0.0,14838038.650000002
2025-08-01 10:57:05 AM,764.0,19,14516.0,14852554.650000002
2025-08-01 10:58:08 AM,764.0,10,7640.0,14860194.650000002
2025-08-01 10:58:39 AM,763.65,0,0.0,14860194.650000002
2025-08-01 10:58:41 AM,763.65,10,7636.5,14867831.150000002
2025-08-01 10:58:52 AM,764.25,0,0.0,14867831.150000002
2025-08-01 10:58:52 AM,764.25,4,3057.0,14870888.150000002
2025-08-01 11:00:22 AM,763.6,0,0.0,14870888.150000002
2025-08-01 11:00:23 AM,763.6,4,3054.4,14873942.550000003
2025-08-01 11:00:40 AM,764.0,108,82512.0,14956454.550000003
2025-08-01 11:01:41 AM,763.0,0,0.0,14956454.550000003
2025-08-01 11:01:41 AM,762.55,0,0.0,14956454.550000003
2025-08-01 11:01:43 AM,762.55,1381,1053081.55,16009536.100000003
2025-08-01 11:01:48 AM,762.55,12,9150.599999999999,16018686.700000003
2025-08-01 11:02:19 AM,762.55,12,9150.599999999999,16027837.300000003
2025-08-01 11:02:53 AM,762.55,513,391188.14999999997,16419025.450000003
2025-08-01 11:03:09 AM,762.55,18,13725.9,16432751.350000003
2025-08-01 11:04:00 AM,762.55,50,38127.5,16470878.850000003
2025-08-01 11:04:06 AM,762.25,0,0.0,16470878.850000003
2025-08-01 11:04:07 AM,762.75,0,0.0,16470878.850000003
2025-08-01 11:04:08 AM,762.75,63,48053.25,16518932.100000003
2025-08-01 11:06:43 AM,762.75,40,30510.0,16549442.100000003
2025-08-01 11:07:09 AM,762.25,0,0.0,16549442.100000003
2025-08-01 11:07:10 AM,762.25,10,7622.5,16557064.600000003
2025-08-01 11:07:37 AM,762.25,23,17531.75,16574596.350000003
2025-08-01 11:07:59 AM,762.25,22,16769.5,16591365.850000003
2025-08-01 11:08:04 AM,762.0,0,0.0,16591365.850000003
2025-08-01 11:08:04 AM,762.0,555,422910.0,17014275.85
2025-08-01 11:08:19 AM,761.6,0,0.0,17014275.85
2025-08-01 11:08:20 AM,761.6,21,15993.6,17030269.450000003
2025-08-01 11:08:27 AM,761.6,188,143180.80000000002,17173450.250000004
2025-08-01 11:08:30 AM,761.8,0,0.0,17173450.250000004
2025-08-01 11:08:30 AM,761.8,2,1523.6,17174973.850000005
2025-08-01 11:08:43 AM,761.25,0,0.0,17174973.850000005
2025-08-01 11:08:43 AM,761.25,20,15225.0,17190198.850000005
2025-08-01 11:09:15 AM,761.2,0,0.0,17190198.850000005
2025-08-01 11:09:17 AM,761.7,0,0.0,17190198.850000005
2025-08-01 11:09:17 AM,761.7,191,145484.7,17335683.550000004
2025-08-01 11:09:25 AM,761.7,32,24374.4,17360057.950000003
2025-08-01 11:09:54 AM,761.2,5,3806.0,17363863.950000003
2025-08-01 11:10:14 AM,761.2,4,3044.8,17366908.750000004
2025-08-01 11:10:25 AM,761.2,1,761.2,17367669.950000003
2025-08-01 11:10:29 AM,760.95,0,0.0,17367669.950000003
2025-08-01 11:10:30 AM,760.95,688,523533.60000000003,17891203.550000004
2025-08-01 11:10:34 AM,761.4,0,0.0,17891203.550000004
2025-08-01 11:10:35 AM,761.4,77,58627.799999999996,17949831.350000005
2025-08-01 11:10:42 AM,761.0,10,7610.0,17957441.350000005
2025-08-01 11:10:54 AM,761.45,0,0.0,17957441.350000005
2025-08-01 11:10:57 AM,761.45,32,24366.4,17981807.750000004
2025-08-01 11:11:01 AM,761.85,0,0.0,17981807.750000004
2025-08-01 11:11:03 AM,761.85,5,3809.25,17985617.000000004
2025-08-01 11:11:13 AM,761.7,0,0.0,17985617.000000004
2025-08-01 11:11:14 AM,761.7,9,6855.3,17992472.300000004
2025-08-01 11:11:52 AM,761.7,1,761.7,17993234.000000004
2025-08-01 11:12:16 AM,761.45,0,0.0,17993234.000000004
2025-08-01 11:12:18 AM,761.45,469,357120.05000000005,18350354.050000004
2025-08-01 11:12:39 AM,761.1,0,0.0,18350354.050000004
2025-08-01 11:12:40 AM,761.1,10,7611.0,18357965.050000004
2025-08-01 11:13:00 AM,761.1,1,761.1,18358726.150000006
2025-08-01 11:13:11 AM,761.1,39,29682.9,18388409.050000004
2025-08-01 11:13:17 AM,760.95,0,0.0,18388409.050000004
2025-08-01 11:13:17 AM,760.95,69,52505.55,18440914.600000005
2025-08-01 11:13:18 AM,761.0,0,0.0,18440914.600000005
2025-08-01 11:13:18 AM,761.0,9,6849.0,18447763.600000005
2025-08-01 11:13:33 AM,761.15,0,0.0,18447763.600000005
2025-08-01 11:13:33 AM,761.15,2,1522.3,18449285.900000006
2025-08-01 11:13:44 AM,760.75,8,6086.0,18455371.900000006
2025-08-01 11:13:51 AM,761.25,1,761.25,18456133.150000006
2025-08-01 11:14:43 AM,761.3,11,8374.3,18464507.450000007
2025-08-01 11:15:20 AM,761.0,0,0.0,18464507.450000007
2025-08-01 11:15:21 AM,761.0,6,4566.0,18469073.450000007
2025-08-01 11:15:25 AM,760.85,0,0.0,18469073.450000007
2025-08-01 11:15:26 AM,760.2,179,136075.80000000002,18605149.250000007
2025-08-01 11:17:09 AM,761.0,0,0.0,18605149.250000007
2025-08-01 11:17:11 AM,761.0,30,22830.0,18627979.250000007
2025-08-01 11:17:24 AM,761.0,32,24352.0,18652331.250000007
2025-08-01 11:17:54 AM,761.1,10,7611.0,18659942.250000007
2025-08-01 11:18:07 AM,761.2,0,0.0,18659942.250000007
2025-08-01 11:18:10 AM,761.25,0,0.0,18659942.250000007
2025-08-01 11:18:10 AM,761.25,4,3045.0,18662987.250000007
2025-08-01 11:18:12 AM,761.25,18,13702.5,18676689.750000007
2025-08-01 11:18:28 AM,761.25,6,4567.5,18681257.250000007
2025-08-01 11:19:28 AM,761.45,0,0.0,18681257.250000007
2025-08-01 11:19:29 AM,761.45,11,8375.95,18689633.200000007
2025-08-01 11:20:05 AM,761.75,0,0.0,18689633.200000007
2025-08-01 11:20:07 AM,761.75,73,55607.75,18745240.950000007
2025-08-01 11:20:54 AM,761.7,0,0.0,18745240.950000007
2025-08-01 11:20:59 AM,761.7,10,7617.0,18752857.950000007
2025-08-01 11:22:10 AM,760.2,0,0.0,18752857.950000007
2025-08-01 11:22:12 AM,760.2,406,308641.2,19061499.150000006
2025-08-01 11:22:14 AM,761.7,0,0.0,19061499.150000006
2025-08-01 11:22:17 AM,761.7,100,76170.0,19137669.150000006
2025-08-01 11:22:39 AM,761.7,1,761.7,19138430.850000005
2025-08-01 11:22:44 AM,761.7,1,761.7,19139192.550000004
2025-08-01 11:23:31 AM,761.7,1,761.7,19139954.250000004
2025-08-01 11:23:48 AM,760.7,0,0.0,19139954.250000004
2025-08-01 11:23:52 AM,760.7,11,8367.7,19148321.950000003
2025-08-01 11:24:46 AM,760.4,0,0.0,19148321.950000003
2025-08-01 11:24:49 AM,760.4,11,8364.4,19156686.35
2025-08-01 11:25:35 AM,760.25,0,0.0,19156686.35
2025-08-01 11:25:36 AM,760.25,11,8362.75,19165049.1
2025-08-01 11:26:30 AM,760.2,0,0.0,19165049.1
2025-08-01 11:26:33 AM,760.2,9,6841.8,19171890.900000002
2025-08-01 11:27:21 AM,760.3,0,0.0,19171890.900000002
2025-08-01 11:27:23 AM,760.3,14,10644.199999999999,19182535.1
2025-08-01 11:27:34 AM,760.05,300,228015.0,19410550.1
2025-08-01 11:27:36 AM,760.0,0,0.0,19410550.1
2025-08-01 11:27:39 AM,760.0,835,634600.0,20045150.1
2025-08-01 11:28:02 AM,760.3,0,0.0,20045150.1
2025-08-01 11:28:05 AM,760.3,3,2280.8999999999996,20047431.0
2025-08-01 11:28:15 AM,760.3,25,19007.5,20066438.5
2025-08-01 11:28:16 AM,760.1,0,0.0,20066438.5
2025-08-01 11:28:17 AM,760.1,9,6840.900000000001,20073279.4
2025-08-01 11:28:20 AM,760.1,1,760.1,20074039.5
2025-08-01 11:28:38 AM,760.0,210,159600.0,20233639.5
2025-08-01 11:29:06 AM,760.2,1,760.2,20234399.7
2025-08-01 11:29:07 AM,759.75,0,0.0,20234399.7
2025-08-01 11:29:08 AM,759.75,11,8357.25,20242756.95
2025-08-01 11:29:22 AM,759.75,4,3039.0,20245795.95
2025-08-01 11:29:55 AM,759.05,2,1518.1,20247314.05
2025-08-01 11:29:57 AM,758.3,0,0.0,20247314.05
2025-08-01 11:29:58 AM,758.3,88,66730.4,20314044.45
2025-08-01 11:30:56 AM,759.3,0,0.0,20314044.45
2025-08-01 11:30:56 AM,759.3,284,215641.19999999998,20529685.65
2025-08-01 11:31:00 AM,758.6,0,0.0,20529685.65
2025-08-01 11:31:02 AM,758.6,11,8344.6,20538030.25
2025-08-01 11:31:19 AM,759.5,8,6076.0,20544106.25
2025-08-01 11:31:23 AM,761.15,225,171258.75,20715365.0
2025-08-01 11:31:26 AM,761.9,0,0.0,20715365.0
2025-08-01 11:31:28 AM,761.9,46,35047.4,20750412.4
2025-08-01 11:31:30 AM,760.65,0,0.0,20750412.4
2025-08-01 11:31:33 AM,760.65,2,1521.3,20751933.7
2025-08-01 11:31:40 AM,761.45,12,9137.400000000001,20761071.099999998
2025-08-01 11:31:46 AM,761.9,0,0.0,20761071.099999998
2025-08-01 11:31:48 AM,761.9,13,9904.699999999999,20770975.799999997
2025-08-01 11:31:49 AM,762.45,0,0.0,20770975.799999997
2025-08-01 11:31:49 AM,762.45,37,28210.65,20799186.449999996
2025-08-01 11:31:53 AM,760.85,1,760.85,20799947.299999997
2025-08-01 11:32:07 AM,758.8,0,0.0,20799947.299999997
2025-08-01 11:32:09 AM,758.3,186,141043.8,20940991.099999998
2025-08-01 11:32:10 AM,758.0,0,0.0,20940991.099999998
2025-08-01 11:32:11 AM,758.0,252,191016.0,21132007.099999998
2025-08-01 11:32:12 AM,757.7,0,0.0,21132007.099999998
2025-08-01 11:32:13 AM,757.55,0,0.0,21132007.099999998
2025-08-01 11:32:14 AM,757.4,0,0.0,21132007.099999998
2025-08-01 11:32:14 AM,757.5,48,36360.0,21168367.099999998
2025-08-01 11:32:20 AM,758.3,2,1516.6,21169883.7
2025-08-01 11:32:20 AM,757.5,0,0.0,21169883.7
2025-08-01 11:32:21 AM,757.5,6,4545.0,21174428.7
2025-08-01 11:33:57 AM,758.4,0,0.0,21174428.7
2025-08-01 11:33:57 AM,758.4,1,758.4,21175187.099999998
2025-08-01 11:34:21 AM,757.55,0,0.0,21175187.099999998
2025-08-01 11:34:23 AM,757.55,7,5302.849999999999,21180489.95
2025-08-01 11:34:46 AM,758.45,0,0.0,21180489.95
2025-08-01 11:34:49 AM,758.45,50,37922.5,21218412.45
2025-08-01 11:34:50 AM,757.6,0,0.0,21218412.45
2025-08-01 11:34:54 AM,757.6,4,3030.4,21221442.849999998
2025-08-01 11:34:54 AM,757.6,1,757.6,21222200.45
2025-08-01 11:35:10 AM,758.5,0,0.0,21222200.45
2025-08-01 11:35:15 AM,758.5,25,18962.5,21241162.95
2025-08-01 11:35:15 AM,758.0,2,1516.0,21242678.95
2025-08-01 11:35:52 AM,757.5,0,0.0,21242678.95
2025-08-01 11:35:52 AM,757.5,9,6817.5,21249496.45
2025-08-01 11:35:57 AM,757.5,1,757.5,21250253.95
2025-08-01 11:36:05 AM,758.65,0,0.0,21250253.95
2025-08-01 11:36:07 AM,758.65,200,151730.0,21401983.95
2025-08-01 11:36:11 AM,757.5,0,0.0,21401983.95
2025-08-01 11:36:12 AM,757.5,16,12120.0,21414103.95
2025-08-01 11:36:18 AM,757.5,2,1515.0,21415618.95
2025-08-01 11:37:12 AM,758.3,0,0.0,21415618.95
2025-08-01 11:37:16 AM,758.35,10,7583.5,21423202.45
2025-08-01 11:37:18 AM,757.6,0,0.0,21423202.45
2025-08-01 11:37:21 AM,757.6,2,1515.2,21424717.65
2025-08-01 11:37:30 AM,758.55,0,0.0,21424717.65
2025-08-01 11:37:31 AM,758.55,20,15171.0,21439888.65
2025-08-01 11:37:35 AM,757.6,0,0.0,21439888.65
2025-08-01 11:37:36 AM,757.6,1,757.6,21440646.25
2025-08-01 11:37:42 AM,757.5,359,271942.5,21712588.75
2025-08-01 11:37:52 AM,757.5,24,18180.0,21730768.75
2025-08-01 11:37:57 AM,757.5,1,757.5,21731526.25
2025-08-01 11:38:17 AM,758.45,25,18961.25,21750487.5
2025-08-01 11:38:22 AM,757.5,1,757.5,21751245.0
2025-08-01 11:39:38 AM,758.4,0,0.0,21751245.0
2025-08-01 11:39:38 AM,758.4,3,2275.2,21753520.2
2025-08-01 11:39:56 AM,757.5,0,0.0,21753520.2
2025-08-01 11:39:56 AM,757.5,20,15150.0,21768670.2
2025-08-01 11:40:01 AM,757.85,2,1515.7,21770185.9
2025-08-01 11:40:26 AM,758.4,0,0.0,21770185.9
2025-08-01 11:40:26 AM,758.4,1,758.4,21770944.299999997
2025-08-01 11:40:35 AM,758.3,0,0.0,21770944.299999997
2025-08-01 11:40:35 AM,758.3,1,758.3,21771702.599999998
2025-08-01 11:40:50 AM,758.3,1,758.3,21772460.9
2025-08-01 11:40:51 AM,757.55,1,757.55,21773218.45
2025-08-01 11:40:56 AM,758.35,1,758.35,21773976.8
2025-08-01 11:41:11 AM,758.0,102,77316.0,21851292.8
2025-08-01 11:41:15 AM,757.55,0,0.0,21851292.8
2025-08-01 11:41:16 AM,757.55,4,3030.2,21854323.0
2025-08-01 11:41:19 AM,758.3,0,0.0,21854323.0
2025-08-01 11:41:21 AM,758.3,31,23507.3,21877830.3
2025-08-01 11:41:23 AM,757.5,0,0.0,21877830.3
2025-08-01 11:41:26 AM,757.5,1,757.5,21878587.8
2025-08-01 11:41:41 AM,758.35,100,75835.0,21954422.8
2025-08-01 11:41:44 AM,757.6,0,0.0,21954422.8
2025-08-01 11:41:46 AM,757.6,4,3030.4,21957453.2
2025-08-01 11:42:54 AM,758.4,1,758.4,21958211.599999998
2025-08-01 11:43:24 AM,758.35,0,0.0,21958211.599999998
2025-08-01 11:43:26 AM,758.35,20,15167.0,21973378.599999998
2025-08-01 11:43:31 AM,757.65,1,757.65,21974136.249999996
2025-08-01 11:44:43 AM,757.65,1,757.65,21974893.899999995
2025-08-01 11:45:04 AM,757.5,175,132562.5,22107456.399999995
2025-08-01 11:45:07 AM,757.4,0,0.0,22107456.399999995
2025-08-01 11:45:09 AM,757.4,19,14390.6,22121846.999999996
2025-08-01 11:45:15 AM,757.4,3,2272.2,22124119.199999996
2025-08-01 11:45:19 AM,757.45,0,0.0,22124119.199999996
2025-08-01 11:45:20 AM,757.45,1,757.45,22124876.649999995
2025-08-01 11:45:25 AM,757.4,1,757.4,22125634.049999993
2025-08-01 11:45:47 AM,757.35,15,11360.25,22136994.299999993
2025-08-01 11:45:52 AM,757.5,100,75750.0,22212744.299999993
2025-08-01 11:45:54 AM,757.35,0,0.0,22212744.299999993
2025-08-01 11:45:58 AM,757.35,5,3786.75,22216531.049999993
2025-08-01 11:46:01 AM,757.5,0,0.0,22216531.049999993
2025-08-01 11:46:03 AM,757.5,57,43177.5,22259708.549999993
2025-08-01 11:46:08 AM,757.55,2,1515.1,22261223.649999995
2025-08-01 11:46:12 AM,758.5,0,0.0,22261223.649999995
2025-08-01 11:46:13 AM,758.5,41,31098.5,22292322.149999995
2025-08-01 11:46:18 AM,757.3,0,0.0,22292322.149999995
2025-08-01 11:46:19 AM,757.3,2,1514.6,22293836.749999996
2025-08-01 11:47:16 AM,757.3,1,757.3,22294594.049999997
2025-08-01 11:47:27 AM,758.05,0,0.0,22294594.049999997
2025-08-01 11:47:28 AM,758.05,50,37902.5,22332496.549999997
2025-08-01 11:47:33 AM,757.3,0,0.0,22332496.549999997
2025-08-01 11:47:36 AM,757.3,2,1514.6,22334011.15
2025-08-01 11:48:12 AM,757.35,0,0.0,22334011.15
2025-08-01 11:48:13 AM,757.35,1,757.35,22334768.5
2025-08-01 11:48:52 AM,757.5,0,0.0,22334768.5
2025-08-01 11:48:53 AM,757.5,16,12120.0,22346888.5
2025-08-01 11:48:58 AM,757.35,1,757.35,22347645.85
2025-08-01 11:49:14 AM,757.35,4,3029.4,22350675.25
2025-08-01 11:49:45 AM,757.5,1,757.5,22351432.75
2025-08-01 11:49:50 AM,757.5,2,1515.0,22352947.75
2025-08-01 11:50:00 AM,757.5,1,757.5,22353705.25
2025-08-01 11:50:11 AM,757.5,9,6817.5,22360522.75
2025-08-01 11:50:12 AM,757.35,0,0.0,22360522.75
2025-08-01 11:50:16 AM,757.35,1,757.35,22361280.1
2025-08-01 11:50:27 AM,757.35,20,15147.0,22376427.1
2025-08-01 11:50:41 AM,757.45,0,0.0,22376427.1
2025-08-01 11:50:42 AM,757.45,10,7574.5,22384001.6
2025-08-01 11:50:44 AM,757.35,0,0.0,22384001.6
2025-08-01 11:50:46 AM,757.35,1,757.35,22384758.950000003
2025-08-01 11:50:56 AM,757.35,6,4544.1,22389303.050000004
2025-08-01 11:51:18 AM,757.5,0,0.0,22389303.050000004
2025-08-01 11:51:20 AM,757.5,295,223462.5,22612765.550000004
2025-08-01 11:51:21 AM,757.85,13,9852.050000000001,22622617.600000005
2025-08-01 11:51:24 AM,757.35,0,0.0,22622617.600000005
2025-08-01 11:51:25 AM,757.35,12,9088.2,22631705.800000004
2025-08-01 11:51:30 AM,757.35,1,757.35,22632463.150000006
2025-08-01 11:52:37 AM,757.9,0,0.0,22632463.150000006
2025-08-01 11:52:37 AM,757.9,5,3789.5,22636252.650000006
2025-08-01 11:53:06 AM,757.9,16,12126.4,22648379.050000004
2025-08-01 11:53:07 AM,757.95,1,757.95,22649137.000000004
2025-08-01 11:54:58 AM,758.95,0,0.0,22649137.000000004
2025-08-01 11:54:58 AM,758.95,180,136611.0,22785748.000000004
2025-08-01 11:55:03 AM,758.25,0,0.0,22785748.000000004
2025-08-01 11:55:03 AM,758.25,1,758.25,22786506.250000004
2025-08-01 11:55:04 AM,758.05,6,4548.299999999999,22791054.550000004
2025-08-01 11:55:08 AM,758.05,1,758.05,22791812.600000005
2025-08-01 11:55:10 AM,759.15,1,759.15,22792571.750000004
2025-08-01 11:55:40 AM,759.15,100,75915.0,22868486.750000004
2025-08-01 11:55:43 AM,759.15,5,3795.75,22872282.500000004
2025-08-01 11:55:46 AM,758.6,0,0.0,22872282.500000004
2025-08-01 11:55:48 AM,758.6,4,3034.4,22875316.900000002
2025-08-01 11:56:49 AM,758.6,2,1517.2,22876834.1
2025-08-01 11:56:50 AM,757.95,4,3031.8,22879865.900000002
2025-08-01 11:57:27 AM,758.3,0,0.0,22879865.900000002
2025-08-01 11:57:29 AM,758.3,2,1516.6,22881382.500000004
2025-08-01 11:58:48 AM,758.3,1,758.3,22882140.800000004
2025-08-01 11:58:53 AM,758.0,1,758.0,22882898.800000004
2025-08-01 11:58:56 AM,758.3,0,0.0,22882898.800000004
2025-08-01 11:58:58 AM,758.3,9,6824.7,22889723.500000004
2025-08-01 11:59:09 AM,758.3,1,758.3,22890481.800000004
2025-08-01 12:00:00 PM,758.0,4,3032.0,22893513.800000004
2025-08-01 12:00:05 PM,758.0,5,3790.0,22897303.800000004
2025-08-01 12:00:11 PM,758.0,5,3790.0,22901093.800000004
2025-08-01 12:00:16 PM,758.0,1,758.0,22901851.800000004
2025-08-01 12:00:21 PM,758.0,9,6822.0,22908673.800000004
2025-08-01 12:01:53 PM,758.25,2,1516.5,22910190.300000004
2025-08-01 12:02:00 PM,758.0,4,3032.0,22913222.300000004
2025-08-01 12:02:06 PM,758.25,0,0.0,22913222.300000004
2025-08-01 12:02:07 PM,758.25,1,758.25,22913980.550000004
2025-08-01 12:03:33 PM,757.75,13,9850.75,22923831.300000004
2025-08-01 12:04:09 PM,757.1,0,0.0,22923831.300000004
2025-08-01 12:04:10 PM,757.0,0,0.0,22923831.300000004
2025-08-01 12:04:12 PM,757.0,383,289931.0,23213762.300000004
2025-08-01 12:04:17 PM,757.55,100,75755.0,23289517.300000004
2025-08-01 12:04:47 PM,757.75,0,0.0,23289517.300000004
2025-08-01 12:04:47 PM,757.75,140,106085.0,23395602.300000004
2025-08-01 12:04:53 PM,757.55,0,0.0,23395602.300000004
2025-08-01 12:04:54 PM,757.55,10,7575.5,23403177.800000004
2025-08-01 12:07:06 PM,757.1,0,0.0,23403177.800000004
2025-08-01 12:07:08 PM,757.1,1,757.1,23403934.900000006
2025-08-01 12:07:22 PM,757.45,0,0.0,23403934.900000006
2025-08-01 12:07:23 PM,757.45,5,3787.25,23407722.150000006
2025-08-01 12:07:30 PM,757.6,0,0.0,23407722.150000006
2025-08-01 12:07:33 PM,757.6,10,7576.0,23415298.150000006
2025-08-01 12:08:20 PM,757.65,0,0.0,23415298.150000006
2025-08-01 12:08:24 PM,757.65,30,22729.5,23438027.650000006
2025-08-01 12:08:43 PM,757.65,15,11364.75,23449392.400000006
2025-08-01 12:09:06 PM,758.25,0,0.0,23449392.400000006
2025-08-01 12:09:08 PM,758.25,1,758.25,23450150.650000006
2025-08-01 12:10:32 PM,758.0,0,0.0,23450150.650000006
2025-08-01 12:10:33 PM,758.0,70,53060.0,23503210.650000006
2025-08-01 12:10:37 PM,757.6,0,0.0,23503210.650000006
2025-08-01 12:10:38 PM,757.6,14,10606.4,23513817.050000004
2025-08-01 12:10:48 PM,757.55,1,757.55,23514574.600000005
2025-08-01 12:11:00 PM,757.6,0,0.0,23514574.600000005
2025-08-01 12:11:03 PM,757.6,50,37880.0,23552454.600000005
2025-08-01 12:13:18 PM,757.6,6,4545.6,23557000.200000007
2025-08-01 12:13:36 PM,757.1,0,0.0,23557000.200000007
2025-08-01 12:13:37 PM,757.1,9,6813.900000000001,23563814.100000005
2025-08-01 12:14:06 PM,757.05,0,0.0,23563814.100000005
2025-08-01 12:14:07 PM,757.05,9,6813.45,23570627.550000004
2025-08-01 12:14:22 PM,757.05,100,75705.0,23646332.550000004
2025-08-01 12:14:22 PM,757.05,116,87817.79999999999,23734150.350000005
2025-08-01 12:15:18 PM,757.05,10,7570.5,23741720.850000005
2025-08-01 12:16:47 PM,757.05,2,1514.1,23743234.950000007
2025-08-01 12:17:02 PM,757.05,13,9841.65,23753076.600000005
2025-08-01 12:17:41 PM,757.05,13,9841.65,23762918.250000004
2025-08-01 12:17:44 PM,757.6,0,0.0,23762918.250000004
2025-08-01 12:17:46 PM,757.6,8,6060.8,23768979.050000004
2025-08-01 12:19:02 PM,757.5,0,0.0,23768979.050000004
2025-08-01 12:19:05 PM,757.5,9,6817.5,23775796.550000004
2025-08-01 12:19:20 PM,757.5,89,67417.5,23843214.050000004
2025-08-01 12:19:40 PM,757.5,11,8332.5,23851546.550000004
2025-08-01 12:20:17 PM,757.5,10,7575.0,23859121.550000004
2025-08-01 12:20:22 PM,758.0,0,0.0,23859121.550000004
2025-08-01 12:20:27 PM,758.0,66,50028.0,23909149.550000004
2025-08-01 12:21:13 PM,758.05,0,0.0,23909149.550000004
2025-08-01 12:21:14 PM,758.05,10,7580.5,23916730.050000004
2025-08-01 12:21:19 PM,758.0,0,0.0,23916730.050000004
2025-08-01 12:21:22 PM,758.0,165,125070.0,24041800.050000004
2025-08-01 12:21:40 PM,758.3,0,0.0,24041800.050000004
2025-08-01 12:21:41 PM,758.3,1,758.3,24042558.350000005
2025-08-01 12:23:17 PM,758.05,0,0.0,24042558.350000005
2025-08-01 12:23:18 PM,758.05,75,56853.75,24099412.100000005
2025-08-01 12:23:32 PM,758.05,100,75805.0,24175217.100000005
2025-08-01 12:24:07 PM,758.0,20,15160.0,24190377.100000005
2025-08-01 12:24:27 PM,758.0,27,20466.0,24210843.100000005
2025-08-01 12:25:12 PM,758.0,10,7580.0,24218423.100000005
2025-08-01 12:25:27 PM,758.0,18,13644.0,24232067.100000005
2025-08-01 12:25:32 PM,758.0,32,24256.0,24256323.100000005
2025-08-01 12:25:39 PM,758.3,0,0.0,24256323.100000005
2025-08-01 12:25:41 PM,758.3,2,1516.6,24257839.700000007
2025-08-01 12:26:33 PM,758.0,0,0.0,24257839.700000007
2025-08-01 12:26:37 PM,758.0,13,9854.0,24267693.700000007
2025-08-01 12:27:16 PM,757.35,0,0.0,24267693.700000007
2025-08-01 12:27:18 PM,757.35,320,242352.0,24510045.700000007
2025-08-01 12:27:24 PM,758.0,0,0.0,24510045.700000007
2025-08-01 12:27:27 PM,758.0,1,758.0,24510803.700000007
2025-08-01 12:27:43 PM,757.15,17,12871.55,24523675.250000007
2025-08-01 12:28:02 PM,757.05,0,0.0,24523675.250000007
2025-08-01 12:28:02 PM,757.05,10,7570.5,24531245.750000007
2025-08-01 12:28:16 PM,757.0,64,48448.0,24579693.750000007
2025-08-01 12:28:38 PM,757.95,12,9095.400000000001,24588789.150000006
2025-08-01 12:28:41 PM,757.05,0,0.0,24588789.150000006
2025-08-01 12:28:41 PM,757.05,9,6813.45,24595602.600000005
2025-08-01 12:28:46 PM,757.05,4,3028.2,24598630.800000004
2025-08-01 12:28:56 PM,757.05,10,7570.5,24606201.300000004
2025-08-01 12:29:11 PM,756.5,735,556027.5,25162228.800000004
2025-08-01 12:29:11 PM,756.1,0,0.0,25162228.800000004
2025-08-01 12:29:12 PM,756.5,0,0.0,25162228.800000004
2025-08-01 12:29:13 PM,756.5,6,4539.0,25166767.800000004
2025-08-01 12:29:20 PM,758.1,0,0.0,25166767.800000004
2025-08-01 12:29:20 PM,758.1,300,227430.0,25394197.800000004
2025-08-01 12:29:22 PM,759.3,49,37205.7,25431403.500000004
2025-08-01 12:29:47 PM,758.35,0,0.0,25431403.500000004
2025-08-01 12:29:48 PM,758.35,104,78868.40000000001,25510271.900000002
2025-08-01 12:29:57 PM,758.3,0,0.0,25510271.900000002
2025-08-01 12:29:58 PM,758.35,31,23508.850000000002,25533780.750000004
2025-08-01 12:30:00 PM,758.35,1,758.35,25534539.100000005
2025-08-01 12:30:47 PM,758.35,3,2275.05,25536814.150000006
2025-08-01 12:33:41 PM,758.3,0,0.0,25536814.150000006
2025-08-01 12:33:42 PM,758.3,10,7583.0,25544397.150000006
2025-08-01 12:35:50 PM,758.0,104,78832.0,25623229.150000006
2025-08-01 12:35:52 PM,758.2,0,0.0,25623229.150000006
2025-08-01 12:35:55 PM,758.2,104,78852.8,25702081.950000007
2025-08-01 12:36:12 PM,757.6,0,0.0,25702081.950000007
2025-08-01 12:36:16 PM,757.6,5,3788.0,25705869.950000007
2025-08-01 12:37:23 PM,759.1,78,59209.8,25765079.750000007
2025-08-01 12:37:53 PM,758.25,0,0.0,25765079.750000007
2025-08-01 12:37:57 PM,758.25,1,758.25,25765838.000000007
2025-08-01 12:38:30 PM,759.9,0,0.0,25765838.000000007
2025-08-01 12:38:31 PM,760.0,0,0.0,25765838.000000007
2025-08-01 12:38:32 PM,760.0,536,407360.0,26173198.000000007
2025-08-01 12:38:56 PM,760.0,5,3800.0,26176998.000000007
2025-08-01 12:39:45 PM,760.0,11,8360.0,26185358.000000007
2025-08-01 12:40:16 PM,759.0,7,5313.0,26190671.000000007
2025-08-01 12:41:56 PM,759.0,8,6072.0,26196743.000000007
2025-08-01 12:42:46 PM,759.0,17,12903.0,26209646.000000007
2025-08-01 12:43:49 PM,757.9,0,0.0,26209646.000000007
2025-08-01 12:43:50 PM,759.0,0,0.0,26209646.000000007
2025-08-01 12:43:52 PM,759.0,38,28842.0,26238488.000000007
2025-08-01 12:44:45 PM,759.0,50,37950.0,26276438.000000007
2025-08-01 12:44:45 PM,759.0,2,1518.0,26277956.000000007
2025-08-01 12:45:22 PM,759.0,1,759.0,26278715.000000007
2025-08-01 12:47:03 PM,759.0,10,7590.0,26286305.000000007
2025-08-01 12:47:48 PM,759.0,3,2277.0,26288582.000000007
2025-08-01 12:47:59 PM,759.0,64,48576.0,26337158.000000007
2025-08-01 12:48:39 PM,759.0,1,759.0,26337917.000000007
2025-08-01 12:49:51 PM,759.35,0,0.0,26337917.000000007
2025-08-01 12:49:52 PM,759.35,21,15946.35,26353863.35000001
2025-08-01 12:50:04 PM,759.3,52,39483.6,26393346.95000001
2025-08-01 12:50:27 PM,759.5,0,0.0,26393346.95000001
2025-08-01 12:50:29 PM,759.5,46,34937.0,26428283.95000001
2025-08-01 12:54:01 PM,758.75,0,0.0,26428283.95000001
2025-08-01 12:54:06 PM,758.75,8,6070.0,26434353.95000001
2025-08-01 12:55:32 PM,759.0,0,0.0,26434353.95000001
2025-08-01 12:55:34 PM,759.0,1,759.0,26435112.95000001
2025-08-01 12:55:38 PM,759.0,1,759.0,26435871.95000001
2025-08-01 12:55:47 PM,759.35,0,0.0,26435871.95000001
2025-08-01 12:55:48 PM,759.35,10,7593.5,26443465.45000001
2025-08-01 12:57:53 PM,759.5,6,4557.0,26448022.45000001
2025-08-01 12:58:11 PM,758.8,0,0.0,26448022.45000001
2025-08-01 12:58:13 PM,758.8,1,758.8,26448781.25000001
2025-08-01 12:58:29 PM,758.8,1,758.8,26449540.050000012
2025-08-01 12:59:32 PM,759.5,0,0.0,26449540.050000012
2025-08-01 12:59:34 PM,759.5,52,39494.0,26489034.050000012
2025-08-01 01:00:35 PM,758.8,0,0.0,26489034.050000012
2025-08-01 01:00:37 PM,758.8,1,758.8,26489792.850000013
2025-08-01 01:00:48 PM,759.0,50,37950.0,26527742.850000013
2025-08-01 01:00:48 PM,759.5,2,1519.0,26529261.850000013
2025-08-01 01:01:09 PM,759.5,10,7595.0,26536856.850000013
2025-08-01 01:03:39 PM,759.5,1,759.5,26537616.350000013
2025-08-01 01:04:19 PM,759.5,1,759.5,26538375.850000013
2025-08-01 01:06:15 PM,759.5,6,4557.0,26542932.850000013
2025-08-01 01:06:20 PM,759.5,4,3038.0,26545970.850000013
2025-08-01 01:06:33 PM,759.6,0,0.0,26545970.850000013
2025-08-01 01:06:33 PM,759.95,0,0.0,26545970.850000013
2025-08-01 01:06:34 PM,759.95,21,15958.95,26561929.800000012
2025-08-01 01:06:56 PM,760.45,0,0.0,26561929.800000012
2025-08-01 01:06:56 PM,760.45,19,14448.550000000001,26576378.350000013
2025-08-01 01:06:57 PM,760.75,0,0.0,26576378.350000013
2025-08-01 01:07:00 PM,760.75,36,27387.0,26603765.350000013
2025-08-01 01:07:08 PM,759.6,0,0.0,26603765.350000013
2025-08-01 01:07:10 PM,759.6,10,7596.0,26611361.350000013
2025-08-01 01:07:16 PM,759.7,1,759.7,26612121.050000012
2025-08-01 01:07:25 PM,760.85,74,56302.9,26668423.95000001
2025-08-01 01:07:55 PM,761.0,0,0.0,26668423.95000001
2025-08-01 01:07:56 PM,761.0,23,17503.0,26685926.95000001
2025-08-01 01:07:58 PM,761.25,0,0.0,26685926.95000001
2025-08-01 01:07:58 PM,761.25,5,3806.25,26689733.20000001
2025-08-01 01:08:01 PM,762.25,22,16769.5,26706502.70000001
2025-08-01 01:08:11 PM,762.25,51,38874.75,26745377.45000001
2025-08-01 01:08:23 PM,762.25,50,38112.5,26783489.95000001
2025-08-01 01:08:42 PM,762.25,50,38112.5,26821602.45000001
2025-08-01 01:08:44 PM,762.25,1,762.25,26822364.70000001
2025-08-01 01:08:58 PM,762.2,188,143293.6,26965658.300000012
2025-08-01 01:09:20 PM,760.75,0,0.0,26965658.300000012
2025-08-01 01:09:21 PM,760.75,128,97376.0,27063034.300000012
2025-08-01 01:09:42 PM,760.55,0,0.0,27063034.300000012
2025-08-01 01:09:44 PM,760.55,1,760.55,27063794.850000013
2025-08-01 01:10:16 PM,760.6,0,0.0,27063794.850000013
2025-08-01 01:10:17 PM,760.6,25,19015.0,27082809.850000013
2025-08-01 01:10:27 PM,760.55,27,20534.85,27103344.700000014
2025-08-01 01:11:14 PM,760.45,0,0.0,27103344.700000014
2025-08-01 01:11:14 PM,760.45,52,39543.4,27142888.100000013
2025-08-01 01:13:23 PM,760.35,2,1520.7,27144408.800000012
2025-08-01 01:15:15 PM,760.3,0,0.0,27144408.800000012
2025-08-01 01:15:16 PM,760.3,5,3801.5,27148210.300000012
2025-08-01 01:15:49 PM,760.35,2,1520.7,27149731.00000001
2025-08-01 01:16:01 PM,760.35,31,23570.850000000002,27173301.850000013
2025-08-01 01:16:11 PM,760.35,15,11405.25,27184707.100000013
2025-08-01 01:16:19 PM,760.35,84,63869.4,27248576.50000001
2025-08-01 01:16:19 PM,760.4,0,0.0,27248576.50000001
2025-08-01 01:16:21 PM,760.4,4,3041.6,27251618.100000013
2025-08-01 01:16:31 PM,760.45,21,15969.45,27267587.550000012
2025-08-01 01:16:58 PM,760.4,0,0.0,27267587.550000012
2025-08-01 01:16:59 PM,760.4,10,7604.0,27275191.550000012
2025-08-01 01:17:04 PM,760.4,3,2281.2,27277472.75000001
2025-08-01 01:17:56 PM,760.55,0,0.0,27277472.75000001
2025-08-01 01:17:57 PM,760.55,26,19774.3,27297247.050000012
2025-08-01 01:18:36 PM,760.9,0,0.0,27297247.050000012
2025-08-01 01:18:36 PM,760.9,26,19783.399999999998,27317030.45000001
2025-08-01 01:19:15 PM,761.4,0,0.0,27317030.45000001
2025-08-01 01:19:16 PM,761.4,11,8375.4,27325405.85000001
2025-08-01 01:19:38 PM,761.5,0,0.0,27325405.85000001
2025-08-01 01:19:40 PM,761.5,10,7615.0,27333020.85000001
2025-08-01 01:20:05 PM,761.55,0,0.0,27333020.85000001
2025-08-01 01:20:06 PM,761.55,16,12184.8,27345205.65000001
2025-08-01 01:20:15 PM,760.0,299,227240.0,27572445.65000001
2025-08-01 01:20:16 PM,760.0,12,9120.0,27581565.65000001
2025-08-01 01:20:17 PM,759.5,0,0.0,27581565.65000001
2025-08-01 01:20:18 PM,760.45,0,0.0,27581565.65000001
2025-08-01 01:20:20 PM,760.45,74,56273.3,27637838.95000001
2025-08-01 01:20:39 PM,760.1,0,0.0,27637838.95000001
2025-08-01 01:20:40 PM,760.1,5,3800.5,27641639.45000001
2025-08-01 01:21:32 PM,760.9,0,0.0,27641639.45000001
2025-08-01 01:21:35 PM,760.9,6,4565.4,27646204.85000001
2025-08-01 01:21:44 PM,760.9,52,39566.799999999996,27685771.65000001
2025-08-01 01:22:36 PM,760.9,5,3804.5,27689576.15000001
2025-08-01 01:22:49 PM,760.9,42,31957.8,27721533.95000001
2025-08-01 01:23:25 PM,760.3,0,0.0,27721533.95000001
2025-08-01 01:23:27 PM,760.3,9,6842.7,27728376.65000001
2025-08-01 01:23:46 PM,760.9,0,0.0,27728376.65000001
2025-08-01 01:23:47 PM,760.9,1,760.9,27729137.55000001
2025-08-01 01:24:53 PM,760.9,14,10652.6,27739790.15000001
2025-08-01 01:25:58 PM,760.9,52,39566.799999999996,27779356.95000001
2025-08-01 01:27:52 PM,760.1,0,0.0,27779356.95000001
2025-08-01 01:27:55 PM,760.1,13,9881.300000000001,27789238.25000001
2025-08-01 01:28:04 PM,760.75,0,0.0,27789238.25000001
2025-08-01 01:28:05 PM,760.75,10,7607.5,27796845.75000001
2025-08-01 01:28:46 PM,760.0,0,0.0,27796845.75000001
2025-08-01 01:28:48 PM,760.0,8,6080.0,27802925.75000001
2025-08-01 01:29:08 PM,759.95,0,0.0,27802925.75000001
2025-08-01 01:29:11 PM,760.2,0,0.0,27802925.75000001
2025-08-01 01:29:12 PM,760.2,174,132274.80000000002,27935200.550000012
2025-08-01 01:29:14 PM,760.8,0,0.0,27935200.550000012
2025-08-01 01:29:17 PM,760.8,4,3043.2,27938243.75000001
2025-08-01 01:30:01 PM,760.85,0,0.0,27938243.75000001
2025-08-01 01:30:04 PM,760.85,5,3804.25,27942048.00000001
2025-08-01 01:32:01 PM,760.8,0,0.0,27942048.00000001
2025-08-01 01:32:04 PM,760.8,1,760.8,27942808.800000012
2025-08-01 01:32:09 PM,760.8,1,760.8,27943569.600000013
2025-08-01 01:32:14 PM,760.0,10,7600.0,27951169.600000013
2025-08-01 01:32:15 PM,760.75,0,0.0,27951169.600000013
2025-08-01 01:32:19 PM,760.75,1,760.75,27951930.350000013
2025-08-01 01:33:31 PM,760.75,1,760.75,27952691.100000013
2025-08-01 01:33:52 PM,760.0,7,5320.0,27958011.100000013
2025-08-01 01:36:31 PM,761.15,0,0.0,27958011.100000013
2025-08-01 01:36:34 PM,761.15,147,111889.05,28069900.150000013
2025-08-01 01:36:36 PM,762.25,0,0.0,28069900.150000013
2025-08-01 01:36:39 PM,762.25,6,4573.5,28074473.650000013
2025-08-01 01:36:50 PM,761.55,0,0.0,28074473.650000013
2025-08-01 01:36:53 PM,761.55,103,78439.65,28152913.300000012
2025-08-01 01:37:04 PM,761.5,0,0.0,28152913.300000012
2025-08-01 01:37:04 PM,761.8,0,0.0,28152913.300000012
2025-08-01 01:37:08 PM,761.8,125,95225.0,28248138.300000012
2025-08-01 01:37:23 PM,762.05,0,0.0,28248138.300000012
2025-08-01 01:37:23 PM,762.05,68,51819.399999999994,28299957.70000001
2025-08-01 01:37:29 PM,762.2,0,0.0,28299957.70000001
2025-08-01 01:37:29 PM,762.2,209,159299.80000000002,28459257.50000001
2025-08-01 01:37:32 PM,762.05,0,0.0,28459257.50000001
2025-08-01 01:37:33 PM,762.2,0,0.0,28459257.50000001
2025-08-01 01:37:33 PM,762.2,5,3811.0,28463068.50000001
2025-08-01 01:37:43 PM,762.0,100,76200.0,28539268.50000001
2025-08-01 01:37:45 PM,761.95,0,0.0,28539268.50000001
2025-08-01 01:37:48 PM,761.95,4,3047.8,28542316.300000012
2025-08-01 01:37:58 PM,762.2,0,0.0,28542316.300000012
2025-08-01 01:37:59 PM,762.2,62,47256.4,28589572.70000001
2025-08-01 01:38:14 PM,761.5,3,2284.5,28591857.20000001
2025-08-01 01:38:19 PM,762.2,0,0.0,28591857.20000001
2025-08-01 01:38:19 PM,762.2,11,8384.2,28600241.40000001
2025-08-01 01:38:41 PM,762.2,26,19817.2,28620058.60000001
2025-08-01 01:38:49 PM,761.7,0,0.0,28620058.60000001
2025-08-01 01:38:52 PM,761.7,11,8378.7,28628437.30000001
2025-08-01 01:38:59 PM,761.5,0,0.0,28628437.30000001
2025-08-01 01:39:00 PM,762.2,0,0.0,28628437.30000001
2025-08-01 01:39:03 PM,762.2,45,34299.0,28662736.30000001
2025-08-01 01:39:25 PM,762.25,25,19056.25,28681792.55000001
2025-08-01 01:39:29 PM,762.25,1,762.25,28682554.80000001
2025-08-01 01:39:55 PM,762.1,2,1524.2,28684079.000000007
2025-08-01 01:40:00 PM,762.1,3,2286.3,28686365.30000001
2025-08-01 01:40:40 PM,762.1,16,12193.6,28698558.90000001
2025-08-01 01:40:55 PM,762.1,16,12193.6,28710752.50000001
2025-08-01 01:41:10 PM,762.1,4,3048.4,28713800.90000001
2025-08-01 01:41:18 PM,763.1,0,0.0,28713800.90000001
2025-08-01 01:41:20 PM,762.2,0,0.0,28713800.90000001
2025-08-01 01:41:20 PM,762.2,368,280489.60000000003,28994290.50000001
2025-08-01 01:41:36 PM,763.3,0,0.0,28994290.50000001
2025-08-01 01:41:39 PM,763.3,92,70223.59999999999,29064514.100000013
2025-08-01 01:41:45 PM,763.7,0,0.0,29064514.100000013
2025-08-01 01:41:49 PM,763.7,5,3818.5,29068332.600000013
2025-08-01 01:41:58 PM,763.7,26,19856.2,29088188.800000012
2025-08-01 01:42:01 PM,764.95,0,0.0,29088188.800000012
2025-08-01 01:42:04 PM,764.95,313,239429.35,29327618.150000013
2025-08-01 01:42:09 PM,764.95,250,191237.5,29518855.650000013
2025-08-01 01:42:45 PM,764.2,0,0.0,29518855.650000013
2025-08-01 01:42:48 PM,764.2,25,19105.0,29537960.650000013
2025-08-01 01:43:06 PM,764.25,0,0.0,29537960.650000013
2025-08-01 01:43:08 PM,764.25,1,764.25,29538724.900000013
2025-08-01 01:43:10 PM,765.25,0,0.0,29538724.900000013
2025-08-01 01:43:12 PM,765.0,0,0.0,29538724.900000013
2025-08-01 01:43:13 PM,765.0,410,313650.0,29852374.900000013
2025-08-01 01:43:16 PM,764.0,0,0.0,29852374.900000013
2025-08-01 01:43:18 PM,764.0,241,184124.0,30036498.900000013
2025-08-01 01:43:22 PM,763.6,0,0.0,30036498.900000013
2025-08-01 01:43:23 PM,763.6,3,2290.8,30038789.700000014
2025-08-01 01:43:42 PM,764.0,0,0.0,30038789.700000014
2025-08-01 01:43:43 PM,764.0,11,8404.0,30047193.700000014
2025-08-01 01:43:57 PM,764.0,15,11460.0,30058653.700000014
2025-08-01 01:44:08 PM,763.55,0,0.0,30058653.700000014
2025-08-01 01:44:11 PM,764.0,0,0.0,30058653.700000014
2025-08-01 01:44:12 PM,764.0,52,39728.0,30098381.700000014
2025-08-01 01:44:27 PM,764.0,12,9168.0,30107549.700000014
2025-08-01 01:44:38 PM,764.3,5,3821.5,30111371.200000014
2025-08-01 01:44:50 PM,763.75,0,0.0,30111371.200000014
2025-08-01 01:44:52 PM,763.75,5,3818.75,30115189.950000014
2025-08-01 01:45:02 PM,763.75,8,6110.0,30121299.950000014
2025-08-01 01:45:44 PM,764.25,0,0.0,30121299.950000014
2025-08-01 01:45:47 PM,764.25,25,19106.25,30140406.200000014
2025-08-01 01:45:58 PM,763.9,0,0.0,30140406.200000014
2025-08-01 01:46:00 PM,763.85,0,0.0,30140406.200000014
2025-08-01 01:46:01 PM,763.85,521,397965.85000000003,30538372.050000016
2025-08-01 01:46:21 PM,763.8,0,0.0,30538372.050000016
2025-08-01 01:46:22 PM,763.8,15,11457.0,30549829.050000016
2025-08-01 01:47:12 PM,763.45,0,0.0,30549829.050000016
2025-08-01 01:47:12 PM,763.45,140,106883.0,30656712.050000016
2025-08-01 01:47:40 PM,763.1,0,0.0,30656712.050000016
2025-08-01 01:47:40 PM,763.05,0,0.0,30656712.050000016
2025-08-01 01:47:42 PM,763.05,8,6104.4,30662816.450000014
2025-08-01 01:49:01 PM,763.0,5,3815.0,30666631.450000014
2025-08-01 01:49:20 PM,763.0,15,11445.0,30678076.450000014
2025-08-01 01:49:29 PM,761.55,10,7615.5,30685691.950000014
2025-08-01 01:49:42 PM,762.65,0,0.0,30685691.950000014
2025-08-01 01:49:44 PM,762.65,5,3813.25,30689505.200000014
2025-08-01 01:49:58 PM,762.65,11,8389.15,30697894.350000013
2025-08-01 01:50:42 PM,762.65,5,3813.25,30701707.600000013
2025-08-01 01:50:53 PM,761.6,22,16755.2,30718462.800000012
2025-08-01 01:50:54 PM,761.9,0,0.0,30718462.800000012
2025-08-01 01:50:57 PM,761.9,1,761.9,30719224.70000001
2025-08-01 01:51:50 PM,761.25,0,0.0,30719224.70000001
2025-08-01 01:51:51 PM,761.25,10,7612.5,30726837.20000001
2025-08-01 01:52:36 PM,761.9,0,0.0,30726837.20000001
2025-08-01 01:52:36 PM,761.9,1,761.9,30727599.10000001
2025-08-01 01:52:50 PM,761.9,5,3809.5,30731408.60000001
2025-08-01 01:52:59 PM,762.55,0,0.0,30731408.60000001
2025-08-01 01:52:59 PM,762.55,5,3812.75,30735221.35000001
2025-08-01 01:53:23 PM,762.55,10,7625.5,30742846.85000001
2025-08-01 01:53:33 PM,762.55,2,1525.1,30744371.95000001
2025-08-01 01:54:05 PM,762.55,10,7625.5,30751997.45000001
2025-08-01 01:54:18 PM,762.5,0,0.0,30751997.45000001
2025-08-01 01:54:20 PM,762.5,6,4575.0,30756572.45000001
2025-08-01 01:54:40 PM,762.0,0,0.0,30756572.45000001
2025-08-01 01:54:43 PM,762.0,10,7620.0,30764192.45000001
2025-08-01 01:55:24 PM,762.25,2,1524.5,30765716.95000001
2025-08-01 01:55:27 PM,762.45,0,0.0,30765716.95000001
2025-08-01 01:55:28 PM,762.45,1,762.45,30766479.40000001
2025-08-01 01:56:18 PM,762.25,0,0.0,30766479.40000001
2025-08-01 01:56:23 PM,762.25,2,1524.5,30768003.90000001
2025-08-01 01:56:28 PM,762.25,2,1524.5,30769528.40000001
2025-08-01 01:56:48 PM,762.25,18,13720.5,30783248.90000001
2025-08-01 01:57:15 PM,761.6,0,0.0,30783248.90000001
2025-08-01 01:57:18 PM,761.6,8,6092.8,30789341.70000001
2025-08-01 01:57:41 PM,761.55,0,0.0,30789341.70000001
2025-08-01 01:57:42 PM,761.55,11,8377.05,30797718.75000001
2025-08-01 01:58:25 PM,760.85,0,0.0,30797718.75000001
2025-08-01 01:58:26 PM,760.85,2,1521.7,30799240.45000001
2025-08-01 01:58:42 PM,761.45,0,0.0,30799240.45000001
2025-08-01 01:58:46 PM,761.45,1,761.45,30800001.90000001
2025-08-01 01:59:11 PM,760.85,0,0.0,30800001.90000001
2025-08-01 01:59:12 PM,760.85,11,8369.35,30808371.25000001
2025-08-01 01:59:17 PM,761.5,83,63204.5,30871575.75000001
2025-08-01 01:59:22 PM,761.5,3,2284.5,30873860.25000001
2025-08-01 01:59:25 PM,760.8,0,0.0,30873860.25000001
2025-08-01 01:59:27 PM,760.8,1,760.8,30874621.050000012
2025-08-01 01:59:34 PM,761.45,0,0.0,30874621.050000012
2025-08-01 01:59:37 PM,761.45,1,761.45,30875382.50000001
2025-08-01 02:00:07 PM,761.45,1,761.45,30876143.95000001
2025-08-01 02:00:18 PM,761.45,4,3045.8,30879189.75000001
2025-08-01 02:00:39 PM,761.4,0,0.0,30879189.75000001
2025-08-01 02:00:41 PM,761.4,2,1522.8,30880712.550000012
2025-08-01 02:01:25 PM,761.2,1,761.2,30881473.75000001
2025-08-01 02:01:37 PM,761.35,0,0.0,30881473.75000001
2025-08-01 02:01:40 PM,761.35,2,1522.7,30882996.45000001
2025-08-01 02:02:01 PM,761.3,0,0.0,30882996.45000001
2025-08-01 02:02:04 PM,761.3,83,63187.899999999994,30946184.35000001
2025-08-01 02:02:06 PM,761.35,0,0.0,30946184.35000001
2025-08-01 02:02:09 PM,761.35,3,2284.05,30948468.40000001
2025-08-01 02:02:39 PM,761.3,0,0.0,30948468.40000001
2025-08-01 02:02:43 PM,761.3,1,761.3,30949229.70000001
2025-08-01 02:03:24 PM,761.1,1,761.1,30949990.800000012
2025-08-01 02:03:51 PM,760.6,0,0.0,30949990.800000012
2025-08-01 02:03:52 PM,760.95,0,0.0,30949990.800000012
2025-08-01 02:03:54 PM,760.95,22,16740.9,30966731.70000001
2025-08-01 02:04:24 PM,760.1,3,2280.3,30969012.00000001
2025-08-01 02:05:15 PM,760.85,1,760.85,30969772.850000013
2025-08-01 02:05:16 PM,760.05,0,0.0,30969772.850000013
2025-08-01 02:05:17 PM,760.85,0,0.0,30969772.850000013
2025-08-01 02:05:20 PM,760.85,19,14456.15,30984229.00000001
2025-08-01 02:05:25 PM,760.05,2,1520.1,30985749.100000013
2025-08-01 02:05:48 PM,760.65,0,0.0,30985749.100000013
2025-08-01 02:05:50 PM,760.65,156,118661.4,31104410.50000001
2025-08-01 02:06:25 PM,759.9,15,11398.5,31115809.00000001
2025-08-01 02:06:25 PM,760.35,0,0.0,31115809.00000001
2025-08-01 02:06:25 PM,760.35,1,760.35,31116569.350000013
2025-08-01 02:06:37 PM,760.75,0,0.0,31116569.350000013
2025-08-01 02:06:39 PM,760.8,0,0.0,31116569.350000013
2025-08-01 02:06:40 PM,760.8,56,42604.799999999996,31159174.150000013
2025-08-01 02:06:43 PM,761.45,0,0.0,31159174.150000013
2025-08-01 02:06:45 PM,761.45,1,761.45,31159935.600000013
2025-08-01 02:06:56 PM,762.0,520,396240.0,31556175.600000013
2025-08-01 02:06:57 PM,762.35,1,762.35,31556937.950000014
2025-08-01 02:07:02 PM,762.0,5,3810.0,31560747.950000014
2025-08-01 02:07:17 PM,761.45,0,0.0,31560747.950000014
2025-08-01 02:07:21 PM,761.45,282,214728.90000000002,31775476.850000013
2025-08-01 02:07:45 PM,761.1,0,0.0,31775476.850000013
2025-08-01 02:07:46 PM,761.4,0,0.0,31775476.850000013
2025-08-01 02:07:47 PM,761.4,13,9898.199999999999,31785375.050000012
2025-08-01 02:08:17 PM,761.35,0,0.0,31785375.050000012
2025-08-01 02:08:18 PM,761.35,63,47965.05,31833340.100000013
2025-08-01 02:08:24 PM,761.1,0,0.0,31833340.100000013
2025-08-01 02:08:28 PM,761.1,1,761.1,31834101.200000014
2025-08-01 02:08:36 PM,761.3,0,0.0,31834101.200000014
2025-08-01 02:08:38 PM,761.3,15,11419.5,31845520.700000014
2025-08-01 02:08:59 PM,761.1,178,135475.80000000002,31980996.500000015
2025-08-01 02:09:14 PM,761.0,0,0.0,31980996.500000015
2025-08-01 02:09:14 PM,761.0,2,1522.0,31982518.500000015
2025-08-01 02:09:23 PM,760.9,0,0.0,31982518.500000015
2025-08-01 02:09:25 PM,760.05,18,13680.9,31996199.400000013
2025-08-01 02:09:44 PM,760.85,5,3804.25,32000003.650000013
2025-08-01 02:10:24 PM,760.1,14,10641.4,32010645.050000012
2025-08-01 02:10:25 PM,760.8,0,0.0,32010645.050000012
2025-08-01 02:10:29 PM,760.8,2,1521.6,32012166.650000013
2025-08-01 02:10:44 PM,760.0,0,0.0,32012166.650000013
2025-08-01 02:10:44 PM,760.0,20,15200.0,32027366.650000013
2025-08-01 02:11:14 PM,761.8,0,0.0,32027366.650000013
2025-08-01 02:11:16 PM,761.8,75,57135.0,32084501.650000013
2025-08-01 02:12:12 PM,761.65,0,0.0,32084501.650000013
2025-08-01 02:12:13 PM,761.65,3,2284.95,32086786.600000013
2025-08-01 02:12:24 PM,761.55,1,761.55,32087548.150000013
2025-08-01 02:12:43 PM,761.55,5,3807.75,32091355.900000013
2025-08-01 02:12:44 PM,761.5,5,3807.5,32095163.400000013
2025-08-01 02:13:24 PM,761.0,0,0.0,32095163.400000013
2025-08-01 02:13:24 PM,761.0,1,761.0,32095924.400000013
2025-08-01 02:13:32 PM,761.0,1,761.0,32096685.400000013
2025-08-01 02:14:17 PM,761.0,11,8371.0,32105056.400000013
2025-08-01 02:14:24 PM,760.25,0,0.0,32105056.400000013
2025-08-01 02:14:25 PM,760.25,3,2280.75,32107337.150000013
2025-08-01 02:15:24 PM,760.25,5,3801.25,32111138.400000013
2025-08-01 02:15:27 PM,760.95,5,3804.75,32114943.150000013
2025-08-01 02:16:15 PM,760.95,3,2282.8500000000004,32117226.000000015
2025-08-01 02:16:24 PM,760.95,2,1521.9,32118747.900000013
2025-08-01 02:17:15 PM,761.0,0,0.0,32118747.900000013
2025-08-01 02:17:15 PM,761.0,5,3805.0,32122552.900000013
2025-08-01 02:17:17 PM,761.55,0,0.0,32122552.900000013
2025-08-01 02:17:18 PM,760.6,0,0.0,32122552.900000013
2025-08-01 02:17:18 PM,761.05,0,0.0,32122552.900000013
2025-08-01 02:17:19 PM,761.05,86,65450.299999999996,32188003.200000014
2025-08-01 02:17:43 PM,761.1,0,0.0,32188003.200000014
2025-08-01 02:17:44 PM,761.1,5,3805.5,32191808.700000014
2025-08-01 02:18:25 PM,761.1,3,2283.3,32194092.000000015
2025-08-01 02:19:05 PM,761.7,16,12187.2,32206279.200000014
2025-08-01 02:19:25 PM,761.15,0,0.0,32206279.200000014
2025-08-01 02:19:27 PM,761.15,3,2283.45,32208562.650000013
2025-08-01 02:19:57 PM,761.25,0,0.0,32208562.650000013
2025-08-01 02:19:59 PM,761.25,5,3806.25,32212368.900000013
2025-08-01 02:20:24 PM,761.05,1,761.05,32213129.950000014
2025-08-01 02:20:59 PM,761.05,2,1522.1,32214652.050000016
2025-08-01 02:21:25 PM,761.2,0,0.0,32214652.050000016
2025-08-01 02:21:26 PM,761.2,6,4567.200000000001,32219219.250000015
2025-08-01 02:21:53 PM,761.0,0,0.0,32219219.250000015
2025-08-01 02:21:57 PM,761.0,14,10654.0,32229873.250000015
2025-08-01 02:22:12 PM,760.45,0,0.0,32229873.250000015
2025-08-01 02:22:13 PM,760.55,1139,866266.45,33096139.700000014
2025-08-01 02:22:18 PM,760.85,0,0.0,33096139.700000014
2025-08-01 02:22:19 PM,760.85,29,22064.65,33118204.350000013
2025-08-01 02:22:22 PM,760.1,0,0.0,33118204.350000013
2025-08-01 02:22:23 PM,760.5,0,0.0,33118204.350000013
2025-08-01 02:22:24 PM,760.5,116,88218.0,33206422.350000013
2025-08-01 02:22:51 PM,760.0,57,43320.0,33249742.350000013
2025-08-01 02:23:23 PM,760.0,15,11400.0,33261142.350000013
2025-08-01 02:23:24 PM,759.4,0,0.0,33261142.350000013
2025-08-01 02:23:25 PM,759.35,0,0.0,33261142.350000013
2025-08-01 02:23:28 PM,759.35,214,162500.9,33423643.25000001
2025-08-01 02:23:30 PM,759.4,0,0.0,33423643.25000001
2025-08-01 02:23:34 PM,759.0,0,0.0,33423643.25000001
2025-08-01 02:23:34 PM,759.4,51,38729.4,33462372.65000001
2025-08-01 02:23:43 PM,759.0,0,0.0,33462372.65000001
2025-08-01 02:23:44 PM,759.0,10,7590.0,33469962.65000001
2025-08-01 02:23:48 PM,759.35,0,0.0,33469962.65000001
2025-08-01 02:23:49 PM,758.5,114,86469.0,33556431.650000006
2025-08-01 02:24:24 PM,758.45,0,0.0,33556431.650000006
2025-08-01 02:24:27 PM,759.25,27,20499.75,33576931.400000006
2025-08-01 02:24:51 PM,758.95,0,0.0,33576931.400000006
2025-08-01 02:24:53 PM,758.95,17,12902.150000000001,33589833.550000004
2025-08-01 02:24:53 PM,758.95,1,758.95,33590592.50000001
2025-08-01 02:25:20 PM,757.35,2507,1898676.45,35489268.95000001
2025-08-01 02:25:25 PM,757.3,0,0.0,35489268.95000001
2025-08-01 02:25:25 PM,757.3,2,1514.6,35490783.55000001
2025-08-01 02:25:25 PM,757.3,8,6058.4,35496841.95000001
2025-08-01 02:25:30 PM,757.65,0,0.0,35496841.95000001
2025-08-01 02:25:31 PM,757.65,9,6818.849999999999,35503660.80000001
2025-08-01 02:25:36 PM,757.65,7,5303.55,35508964.35000001
2025-08-01 02:25:40 PM,757.1,0,0.0,35508964.35000001
2025-08-01 02:25:41 PM,757.1,10,7571.0,35516535.35000001
2025-08-01 02:26:19 PM,757.6,11,8333.6,35524868.95000001
2025-08-01 02:26:33 PM,757.55,0,0.0,35524868.95000001
2025-08-01 02:26:34 PM,757.55,1,757.55,35525626.50000001
2025-08-01 02:26:44 PM,756.6,4,3026.4,35528652.900000006
2025-08-01 02:26:57 PM,757.45,0,0.0,35528652.900000006
2025-08-01 02:27:00 PM,757.45,5,3787.25,35532440.150000006
2025-08-01 02:27:06 PM,757.45,1,757.45,35533197.60000001
2025-08-01 02:27:22 PM,757.45,5,3787.25,35536984.85000001
2025-08-01 02:27:24 PM,756.6,0,0.0,35536984.85000001
2025-08-01 02:27:28 PM,756.6,2,1513.2,35538498.05000001
2025-08-01 02:28:25 PM,756.8,0,0.0,35538498.05000001
2025-08-01 02:28:27 PM,756.8,5,3784.0,35542282.05000001
2025-08-01 02:29:24 PM,757.15,2,1514.3,35543796.35000001
2025-08-01 02:30:01 PM,757.45,67,50749.15,35594545.50000001
2025-08-01 02:30:24 PM,757.45,1,757.45,35595302.95000001
2025-08-01 02:30:38 PM,757.25,0,0.0,35595302.95000001
2025-08-01 02:30:40 PM,757.25,5,3786.25,35599089.20000001
2025-08-01 02:31:07 PM,757.25,1,757.25,35599846.45000001
2025-08-01 02:31:13 PM,757.4,33,24994.2,35624840.65000001
2025-08-01 02:31:24 PM,757.35,2,1514.7,35626355.35000002
2025-08-01 02:31:42 PM,757.0,0,0.0,35626355.35000002
2025-08-01 02:31:45 PM,757.2,0,0.0,35626355.35000002
2025-08-01 02:31:45 PM,757.2,516,390715.2,36017070.55000002
2025-08-01 02:31:46 PM,757.0,13,9841.0,36026911.55000002
2025-08-01 02:32:13 PM,756.8,25,18920.0,36045831.55000002
2025-08-01 02:32:17 PM,756.8,1,756.8,36046588.35000002
2025-08-01 02:32:24 PM,756.8,2,1513.6,36048101.95000002
2025-08-01 02:32:50 PM,756.8,59,44651.2,36092753.15000002
2025-08-01 02:33:20 PM,756.8,70,52976.0,36145729.15000002
2025-08-01 02:33:25 PM,756.8,3,2270.3999999999996,36147999.55000002
2025-08-01 02:33:34 PM,757.75,2225,1685993.75,37833993.30000002
2025-08-01 02:33:35 PM,756.95,0,0.0,37833993.30000002
2025-08-01 02:33:36 PM,756.95,40,30278.0,37864271.30000002
2025-08-01 02:33:53 PM,757.0,100,75700.0,37939971.30000002
2025-08-01 02:34:15 PM,757.0,10,7570.0,37947541.30000002
2025-08-01 02:34:53 PM,757.4,5,3787.0,37951328.30000002
2025-08-01 02:35:16 PM,757.05,0,0.0,37951328.30000002
2025-08-01 02:35:18 PM,757.05,1,757.05,37952085.35000002
2025-08-01 02:35:22 PM,757.1,0,0.0,37952085.35000002
2025-08-01 02:35:23 PM,757.1,100,75710.0,38027795.35000002
2025-08-01 02:35:26 PM,757.1,3,2271.3,38030066.65000001
2025-08-01 02:35:41 PM,758.0,0,0.0,38030066.65000001
2025-08-01 02:35:42 PM,758.0,5,3790.0,38033856.65000001
2025-08-01 02:36:02 PM,757.95,0,0.0,38033856.65000001
2025-08-01 02:36:03 PM,757.95,7,5305.650000000001,38039162.30000001
2025-08-01 02:36:24 PM,757.95,1,757.95,38039920.250000015
2025-08-01 02:36:26 PM,757.95,20,15159.0,38055079.250000015
2025-08-01 02:36:36 PM,757.95,3,2273.8500000000004,38057353.10000002
2025-08-01 02:37:43 PM,757.9,0,0.0,38057353.10000002
2025-08-01 02:37:43 PM,757.9,4,3031.6,38060384.70000002
2025-08-01 02:37:54 PM,757.9,2,1515.8,38061900.500000015
2025-08-01 02:37:58 PM,758.05,0,0.0,38061900.500000015
2025-08-01 02:37:59 PM,758.05,12,9096.599999999999,38070997.10000002
2025-08-01 02:38:04 PM,757.75,0,0.0,38070997.10000002
2025-08-01 02:38:05 PM,757.75,1,757.75,38071754.85000002
2025-08-01 02:38:13 PM,757.75,1,757.75,38072512.60000002
2025-08-01 02:38:17 PM,757.75,1,757.75,38073270.35000002
2025-08-01 02:38:24 PM,757.9,1,757.9,38074028.250000015
2025-08-01 02:38:51 PM,757.5,0,0.0,38074028.250000015
2025-08-01 02:38:51 PM,757.5,3,2272.5,38076300.750000015
2025-08-01 02:39:24 PM,757.1,0,0.0,38076300.750000015
2025-08-01 02:39:26 PM,757.1,1,757.1,38077057.85000002
2025-08-01 02:39:32 PM,757.1,20,15142.0,38092199.85000002
2025-08-01 02:39:52 PM,757.15,0,0.0,38092199.85000002
2025-08-01 02:39:54 PM,757.15,10,7571.5,38099771.35000002
2025-08-01 02:40:20 PM,757.7,0,0.0,38099771.35000002
2025-08-01 02:40:22 PM,757.7,5,3788.5,38103559.85000002
2025-08-01 02:40:54 PM,758.25,65,49286.25,38152846.10000002
2025-08-01 02:41:09 PM,758.0,0,0.0,38152846.10000002
2025-08-01 02:41:12 PM,758.0,20,15160.0,38168006.10000002
2025-08-01 02:41:21 PM,757.95,0,0.0,38168006.10000002
2025-08-01 02:41:23 PM,757.95,2,1515.9,38169522.000000015
2025-08-01 02:41:36 PM,757.9,0,0.0,38169522.000000015
2025-08-01 02:41:38 PM,757.9,8,6063.2,38175585.20000002
2025-08-01 02:41:43 PM,757.0,233,176381.0,38351966.20000002
2025-08-01 02:42:06 PM,758.0,0,0.0,38351966.20000002
2025-08-01 02:42:10 PM,758.0,100,75800.0,38427766.20000002
2025-08-01 02:42:49 PM,757.15,0,0.0,38427766.20000002
2025-08-01 02:42:52 PM,757.15,10,7571.5,38435337.70000002
2025-08-01 02:43:18 PM,757.25,0,0.0,38435337.70000002
2025-08-01 02:43:19 PM,757.25,1,757.25,38436094.95000002
2025-08-01 02:43:24 PM,757.1,0,0.0,38436094.95000002
2025-08-01 02:43:25 PM,757.1,2,1514.2,38437609.15000002
2025-08-01 02:44:26 PM,757.0,3,2271.0,38439880.15000002
2025-08-01 02:45:08 PM,757.05,0,0.0,38439880.15000002
2025-08-01 02:45:11 PM,757.05,51,38609.549999999996,38478489.70000002
2025-08-01 02:45:20 PM,756.6,0,0.0,38478489.70000002
2025-08-01 02:45:22 PM,756.6,160,121056.0,38599545.70000002
2025-08-01 02:45:26 PM,756.65,0,0.0,38599545.70000002
2025-08-01 02:45:28 PM,756.65,3,2269.95,38601815.65000002
2025-08-01 02:45:55 PM,756.6,6,4539.6,38606355.25000002
2025-08-01 02:46:24 PM,756.65,2,1513.3,38607868.55000002
2025-08-01 02:46:40 PM,757.5,0,0.0,38607868.55000002
2025-08-01 02:46:40 PM,757.5,1,757.5,38608626.05000002
2025-08-01 02:47:19 PM,757.25,0,0.0,38608626.05000002
2025-08-01 02:47:19 PM,757.25,4,3029.0,38611655.05000002
2025-08-01 02:47:25 PM,757.2,0,0.0,38611655.05000002
2025-08-01 02:47:25 PM,757.2,2,1514.4,38613169.45000002
2025-08-01 02:47:45 PM,757.5,0,0.0,38613169.45000002
2025-08-01 02:47:47 PM,757.5,1,757.5,38613926.95000002
2025-08-01 02:47:51 PM,757.55,0,0.0,38613926.95000002
2025-08-01 02:47:53 PM,757.55,1,757.55,38614684.500000015
2025-08-01 02:47:54 PM,758.0,141,106878.0,38721562.500000015
2025-08-01 02:48:03 PM,758.4,0,0.0,38721562.500000015
2025-08-01 02:48:05 PM,758.4,58,43987.2,38765549.70000002
2025-08-01 02:48:17 PM,758.4,40,30336.0,38795885.70000002
2025-08-01 02:48:30 PM,758.35,0,0.0,38795885.70000002
2025-08-01 02:48:33 PM,758.35,10,7583.5,38803469.20000002
2025-08-01 02:48:42 PM,758.0,0,0.0,38803469.20000002
2025-08-01 02:48:44 PM,758.0,5,3790.0,38807259.20000002
2025-08-01 02:49:09 PM,758.4,0,0.0,38807259.20000002
2025-08-01 02:49:12 PM,758.4,14,10617.6,38817876.80000002
2025-08-01 02:49:15 PM,759.0,0,0.0,38817876.80000002
2025-08-01 02:49:18 PM,759.0,36,27324.0,38845200.80000002
2025-08-01 02:49:44 PM,758.95,0,0.0,38845200.80000002
2025-08-01 02:49:45 PM,758.95,4,3035.8,38848236.60000002
2025-08-01 02:50:15 PM,759.1,0,0.0,38848236.60000002
2025-08-01 02:50:18 PM,759.1,1,759.1,38848995.70000002
2025-08-01 02:50:19 PM,759.8,200,151960.0,39000955.70000002
2025-08-01 02:50:24 PM,759.0,11,8349.0,39009304.70000002
2025-08-01 02:51:17 PM,759.15,0,0.0,39009304.70000002
2025-08-01 02:51:18 PM,759.15,3,2277.45,39011582.15000002
2025-08-01 02:51:26 PM,759.1,0,0.0,39011582.15000002
2025-08-01 02:51:29 PM,759.1,3,2277.3,39013859.45000002
2025-08-01 02:51:30 PM,759.0,0,0.0,39013859.45000002
2025-08-01 02:51:34 PM,759.0,5,3795.0,39017654.45000002
2025-08-01 02:52:41 PM,758.25,0,0.0,39017654.45000002
2025-08-01 02:52:44 PM,758.25,10,7582.5,39025236.95000002
2025-08-01 02:53:24 PM,758.0,0,0.0,39025236.95000002
2025-08-01 02:53:27 PM,758.0,2,1516.0,39026752.95000002
2025-08-01 02:53:39 PM,757.65,0,0.0,39026752.95000002
2025-08-01 02:53:39 PM,757.65,30,22729.5,39049482.45000002
2025-08-01 02:53:55 PM,758.2,3,2274.6000000000004,39051757.05000002
2025-08-01 02:54:24 PM,758.15,0,0.0,39051757.05000002
2025-08-01 02:54:25 PM,758.15,3,2274.45,39054031.50000002
2025-08-01 02:54:27 PM,758.0,0,0.0,39054031.50000002
2025-08-01 02:54:28 PM,758.0,14,10612.0,39064643.50000002
2025-08-01 02:54:40 PM,758.25,0,0.0,39064643.50000002
2025-08-01 02:54:41 PM,758.25,100,75825.0,39140468.50000002
2025-08-01 02:54:51 PM,757.05,0,0.0,39140468.50000002
2025-08-01 02:54:52 PM,757.05,100,75705.0,39216173.50000002
2025-08-01 02:55:24 PM,757.0,0,0.0,39216173.50000002
2025-08-01 02:55:26 PM,757.0,2,1514.0,39217687.50000002
2025-08-01 02:55:32 PM,757.0,35,26495.0,39244182.50000002
2025-08-01 02:55:32 PM,756.8,0,0.0,39244182.50000002
2025-08-01 02:55:33 PM,756.8,5,3784.0,39247966.50000002
2025-08-01 02:55:58 PM,756.8,10,7568.0,39255534.50000002
2025-08-01 02:56:04 PM,757.65,20,15153.0,39270687.50000002
2025-08-01 02:56:08 PM,757.6,0,0.0,39270687.50000002
2025-08-01 02:56:10 PM,757.6,2,1515.2,39272202.700000025
2025-08-01 02:56:20 PM,757.7,0,0.0,39272202.700000025
2025-08-01 02:56:22 PM,757.7,4,3030.8,39275233.50000002
2025-08-01 02:56:32 PM,757.65,0,0.0,39275233.50000002
2025-08-01 02:56:33 PM,757.65,84,63642.6,39338876.100000024
2025-08-01 02:56:36 PM,757.7,0,0.0,39338876.100000024
2025-08-01 02:56:38 PM,757.7,5,3788.5,39342664.600000024
2025-08-01 02:56:43 PM,756.8,18,13622.4,39356287.00000002
2025-08-01 02:56:47 PM,756.6,0,0.0,39356287.00000002
2025-08-01 02:56:49 PM,756.6,70,52962.0,39409249.00000002
2025-08-01 02:56:52 PM,756.5,0,0.0,39409249.00000002
2025-08-01 02:56:54 PM,756.5,40,30260.0,39439509.00000002
2025-08-01 02:57:24 PM,756.45,0,0.0,39439509.00000002
2025-08-01 02:57:27 PM,756.45,3,2269.3500000000004,39441778.350000024
2025-08-01 02:57:32 PM,756.35,0,0.0,39441778.350000024
2025-08-01 02:57:33 PM,756.35,25,18908.75,39460687.100000024
2025-08-01 02:58:24 PM,756.35,3,2269.05,39462956.15000002
2025-08-01 02:58:26 PM,757.0,0,0.0,39462956.15000002
2025-08-01 02:58:30 PM,757.0,85,64345.0,39527301.15000002
2025-08-01 02:58:31 PM,756.15,15,11342.25,39538643.40000002
2025-08-01 02:58:57 PM,756.1,10,7561.0,39546204.40000002
2025-08-01 02:59:09 PM,756.0,724,547344.0,40093548.40000002
2025-08-01 02:59:26 PM,756.0,200,151200.0,40244748.40000002
2025-08-01 02:59:48 PM,756.25,10,7562.5,40252310.90000002
2025-08-01 03:00:01 PM,756.0,1,756.0,40253066.90000002
2025-08-01 03:01:05 PM,756.0,23,17388.0,40270454.90000002
2025-08-01 03:01:31 PM,755.8,0,0.0,40270454.90000002
2025-08-01 03:01:32 PM,756.0,71,53676.0,40324130.90000002
2025-08-01 03:01:35 PM,755.15,16,12082.4,40336213.30000002
2025-08-01 03:01:41 PM,755.2,10,7552.0,40343765.30000002
2025-08-01 03:01:56 PM,755.95,0,0.0,40343765.30000002
2025-08-01 03:01:56 PM,755.95,1,755.95,40344521.25000002
2025-08-01 03:02:15 PM,755.95,1,755.95,40345277.200000025
2025-08-01 03:02:18 PM,755.95,1,755.95,40346033.15000003
2025-08-01 03:02:36 PM,755.95,5,3779.75,40349812.90000003
2025-08-01 03:02:51 PM,755.5,126,95193.0,40445005.90000003
2025-08-01 03:03:40 PM,755.95,13,9827.35,40454833.25000003
2025-08-01 03:03:49 PM,755.35,0,0.0,40454833.25000003
2025-08-01 03:03:49 PM,755.35,10,7553.5,40462386.75000003
2025-08-01 03:04:01 PM,755.95,32,24190.4,40486577.15000003
2025-08-01 03:04:04 PM,756.0,7,5292.0,40491869.15000003
2025-08-01 03:04:32 PM,755.35,10,7553.5,40499422.65000003
2025-08-01 03:04:42 PM,755.35,75,56651.25,40556073.90000003
2025-08-01 03:04:51 PM,755.85,4,3023.4,40559097.30000003
2025-08-01 03:04:54 PM,755.85,1,755.85,40559853.15000003
2025-08-01 03:04:57 PM,756.0,20,15120.0,40574973.15000003
2025-08-01 03:05:03 PM,755.95,5,3779.75,40578752.90000003
2025-08-01 03:05:09 PM,755.95,5,3779.75,40582532.65000003
2025-08-01 03:05:16 PM,756.0,10,7560.0,40590092.65000003
2025-08-01 03:05:18 PM,755.95,0,0.0,40590092.65000003
2025-08-01 03:05:19 PM,755.95,1,755.95,40590848.60000003
2025-08-01 03:05:26 PM,755.95,1,755.95,40591604.550000034
2025-08-01 03:05:45 PM,755.3,10,7553.0,40599157.550000034
2025-08-01 03:05:53 PM,755.95,10,7559.5,40606717.050000034
2025-08-01 03:06:03 PM,755.4,10,7554.0,40614271.050000034
2025-08-01 03:06:28 PM,755.4,10,7554.0,40621825.050000034
2025-08-01 03:06:46 PM,755.3,46,34743.799999999996,40656568.85000003
2025-08-01 03:06:49 PM,755.3,8,6042.4,40662611.25000003
2025-08-01 03:06:53 PM,755.2,12,9062.400000000001,40671673.65000003
2025-08-01 03:07:05 PM,755.15,10,7551.5,40679225.15000003
2025-08-01 03:07:11 PM,754.7,1855,1399968.5,42079193.65000003
2025-08-01 03:07:14 PM,755.0,20,15100.0,42094293.65000003
2025-08-01 03:07:30 PM,755.0,12,9060.0,42103353.65000003
2025-08-01 03:07:39 PM,755.0,25,18875.0,42122228.65000003
2025-08-01 03:08:00 PM,755.0,4,3020.0,42125248.65000003
2025-08-01 03:08:07 PM,755.0,1,755.0,42126003.65000003
2025-08-01 03:08:15 PM,754.7,10,7547.0,42133550.65000003
2025-08-01 03:08:19 PM,755.0,360,271800.0,42405350.65000003
2025-08-01 03:08:28 PM,754.7,10,7547.0,42412897.65000003
2025-08-01 03:08:40 PM,754.7,5,3773.5,42416671.15000003
2025-08-01 03:08:44 PM,755.0,8,6040.0,42422711.15000003
2025-08-01 03:09:06 PM,753.55,0,0.0,42422711.15000003
2025-08-01 03:09:10 PM,753.55,500,376775.0,42799486.15000003
2025-08-01 03:09:22 PM,755.0,0,0.0,42799486.15000003
2025-08-01 03:09:22 PM,755.0,11,8305.0,42807791.15000003
2025-08-01 03:09:44 PM,755.0,5,3775.0,42811566.15000003
2025-08-01 03:09:54 PM,755.1,0,0.0,42811566.15000003
2025-08-01 03:09:56 PM,755.1,8,6040.8,42817606.950000025
2025-08-01 03:10:02 PM,754.3,0,0.0,42817606.950000025
2025-08-01 03:10:03 PM,754.3,34,25646.199999999997,42843253.15000003
2025-08-01 03:10:17 PM,754.45,1,754.45,42844007.60000003
2025-08-01 03:10:24 PM,754.45,5,3772.25,42847779.85000003
2025-08-01 03:10:33 PM,754.45,10,7544.5,42855324.35000003
2025-08-01 03:10:37 PM,753.5,0,0.0,42855324.35000003
2025-08-01 03:10:37 PM,753.5,100,75350.0,42930674.35000003
2025-08-01 03:10:40 PM,753.5,1,753.5,42931427.85000003
2025-08-01 03:10:44 PM,753.5,57,42949.5,42974377.35000003
2025-08-01 03:10:50 PM,753.5,110,82885.0,43057262.35000003
2025-08-01 03:10:59 PM,753.5,1,753.5,43058015.85000003
2025-08-01 03:11:03 PM,753.5,10,7535.0,43065550.85000003
2025-08-01 03:11:05 PM,753.4,10,7534.0,43073084.85000003
2025-08-01 03:11:12 PM,753.4,10,7534.0,43080618.85000003
2025-08-01 03:11:22 PM,753.4,1,753.4,43081372.25000003
2025-08-01 03:11:24 PM,753.4,23,17328.2,43098700.45000003
2025-08-01 03:11:28 PM,753.4,10,7534.0,43106234.45000003
2025-08-01 03:11:41 PM,753.5,1,753.5,43106987.95000003
2025-08-01 03:11:44 PM,753.5,96,72336.0,43179323.95000003
2025-08-01 03:11:50 PM,753.5,5,3767.5,43183091.45000003
2025-08-01 03:12:16 PM,753.5,8,6028.0,43189119.45000003
2025-08-01 03:12:40 PM,753.9,10,7539.0,43196658.45000003
2025-08-01 03:12:43 PM,753.4,10,7534.0,43204192.45000003
2025-08-01 03:12:49 PM,753.4,24,18081.6,43222274.050000034
2025-08-01 03:12:56 PM,753.3,19,14312.699999999999,43236586.75000004
2025-08-01 03:13:02 PM,753.3,5,3766.5,43240353.25000004
2025-08-01 03:13:19 PM,753.3,40,30132.0,43270485.25000004
2025-08-01 03:13:37 PM,753.4,339,255402.6,43525887.85000004
2025-08-01 03:13:58 PM,753.3,60,45198.0,43571085.85000004
2025-08-01 03:14:00 PM,753.2,25,18830.0,43589915.85000004
2025-08-01 03:14:13 PM,753.3,2,1506.6,43591422.45000004
2025-08-01 03:14:25 PM,753.3,243,183051.9,43774474.35000004
2025-08-01 03:14:31 PM,753.0,10,7530.0,43782004.35000004
2025-08-01 03:14:35 PM,753.0,20,15060.0,43797064.35000004
2025-08-01 03:14:37 PM,753.85,0,0.0,43797064.35000004
2025-08-01 03:14:37 PM,753.85,55,41461.75,43838526.10000004
2025-08-01 03:14:43 PM,753.85,1,753.85,43839279.95000004
2025-08-01 03:15:01 PM,753.85,195,147000.75,43986280.70000004
2025-08-01 03:15:06 PM,753.8,49,36936.2,44023216.90000004
2025-08-01 03:15:18 PM,753.0,0,0.0,44023216.90000004
2025-08-01 03:15:21 PM,753.0,10,7530.0,44030746.90000004
2025-08-01 03:15:27 PM,753.75,0,0.0,44030746.90000004
2025-08-01 03:15:28 PM,753.75,6,4522.5,44035269.40000004
2025-08-01 03:15:46 PM,753.55,16,12056.8,44047326.20000004
2025-08-01 03:15:52 PM,753.0,0,0.0,44047326.20000004
2025-08-01 03:15:53 PM,753.0,10,7530.0,44054856.20000004
2025-08-01 03:15:58 PM,753.0,20,15060.0,44069916.20000004
2025-08-01 03:16:06 PM,753.6,0,0.0,44069916.20000004
2025-08-01 03:16:06 PM,753.6,40,30144.0,44100060.20000004
2025-08-01 03:16:12 PM,753.75,12,9045.0,44109105.20000004
2025-08-01 03:16:23 PM,753.8,0,0.0,44109105.20000004
2025-08-01 03:16:26 PM,753.8,189,142468.19999999998,44251573.40000004
2025-08-01 03:16:34 PM,753.8,2,1507.6,44253081.000000045
2025-08-01 03:16:46 PM,753.8,663,499769.39999999997,44752850.40000004
2025-08-01 03:17:01 PM,753.85,1,753.85,44753604.250000045
2025-08-01 03:17:16 PM,753.95,0,0.0,44753604.250000045
2025-08-01 03:17:20 PM,753.95,15,11309.25,44764913.500000045
2025-08-01 03:17:33 PM,753.95,25,18848.75,44783762.250000045
2025-08-01 03:17:46 PM,753.95,3,2261.8500000000004,44786024.100000046
2025-08-01 03:18:05 PM,753.6,51,38433.6,44824457.70000005
2025-08-01 03:18:11 PM,753.95,0,0.0,44824457.70000005
2025-08-01 03:18:12 PM,753.95,64,48252.8,44872710.500000045
2025-08-01 03:18:14 PM,754.35,6,4526.1,44877236.600000046
2025-08-01 03:18:38 PM,754.35,4,3017.4,44880254.000000045
2025-08-01 03:18:46 PM,754.1,15,11311.5,44891565.500000045
2025-08-01 03:19:00 PM,754.0,5,3770.0,44895335.500000045
2025-08-01 03:19:01 PM,754.75,0,0.0,44895335.500000045
2025-08-01 03:19:04 PM,754.75,101,76229.75,44971565.250000045
2025-08-01 03:19:11 PM,754.75,2,1509.5,44973074.750000045
2025-08-01 03:19:13 PM,754.0,2,1508.0,44974582.750000045
2025-08-01 03:19:31 PM,755.0,0,0.0,44974582.750000045
2025-08-01 03:19:31 PM,755.0,100,75500.0,45050082.750000045
2025-08-01 03:19:50 PM,753.3,500,376650.0,45426732.750000045
2025-08-01 03:20:03 PM,753.3,20,15066.0,45441798.750000045
2025-08-01 03:20:05 PM,754.75,0,0.0,45441798.750000045
2025-08-01 03:20:06 PM,753.35,30,22600.5,45464399.250000045
2025-08-01 03:20:14 PM,753.35,1,753.35,45465152.600000046
2025-08-01 03:20:19 PM,754.35,1,754.35,45465906.95000005
2025-08-01 03:20:21 PM,753.2,20,15064.0,45480970.95000005
2025-08-01 03:20:26 PM,754.15,1,754.15,45481725.100000046
2025-08-01 03:20:28 PM,754.0,2,1508.0,45483233.100000046
2025-08-01 03:20:53 PM,753.95,3,2261.8500000000004,45485494.95000005
2025-08-01 03:21:04 PM,753.25,0,0.0,45485494.95000005
2025-08-01 03:21:07 PM,753.0,0,0.0,45485494.95000005
2025-08-01 03:21:07 PM,753.0,1020,768060.0,46253554.95000005
2025-08-01 03:21:43 PM,753.55,1,753.55,46254308.500000045
2025-08-01 03:21:46 PM,753.35,0,0.0,46254308.500000045
2025-08-01 03:21:48 PM,753.35,5,3766.75,46258075.250000045
2025-08-01 03:22:15 PM,753.05,8,6024.4,46264099.65000004
2025-08-01 03:22:20 PM,753.0,0,0.0,46264099.65000004
2025-08-01 03:22:22 PM,753.0,112,84336.0,46348435.65000004
2025-08-01 03:22:23 PM,752.9,535,402801.5,46751237.15000004
2025-08-01 03:22:29 PM,752.65,8,6021.2,46757258.350000046
2025-08-01 03:22:30 PM,752.9,0,0.0,46757258.350000046
2025-08-01 03:22:30 PM,752.9,1,752.9,46758011.250000045
2025-08-01 03:22:35 PM,752.9,5,3764.5,46761775.750000045
2025-08-01 03:22:49 PM,752.9,15,11293.5,46773069.250000045
2025-08-01 03:23:02 PM,752.9,4,3011.6,46776080.850000046
2025-08-01 03:23:08 PM,753.0,0,0.0,46776080.850000046
2025-08-01 03:23:08 PM,753.0,275,207075.0,46983155.850000046
2025-08-01 03:23:17 PM,753.3,0,0.0,46983155.850000046
2025-08-01 03:23:17 PM,753.3,1,753.3,46983909.15000004
2025-08-01 03:23:22 PM,753.3,12,9039.599999999999,46992948.750000045
2025-08-01 03:23:37 PM,753.25,0,0.0,46992948.750000045
2025-08-01 03:23:37 PM,753.25,4,3013.0,46995961.750000045
2025-08-01 03:23:43 PM,753.25,10,7532.5,47003494.250000045
2025-08-01 03:23:48 PM,752.9,0,0.0,47003494.250000045
2025-08-01 03:23:48 PM,752.9,106,79807.4,47083301.65000004
2025-08-01 03:24:26 PM,753.25,0,0.0,47083301.65000004
2025-08-01 03:24:29 PM,753.25,10,7532.5,47090834.15000004
2025-08-01 03:24:55 PM,753.25,2,1506.5,47092340.65000004
2025-08-01 03:25:02 PM,753.2,22,16570.4,47108911.05000004
2025-08-01 03:25:10 PM,753.2,17,12804.400000000001,47121715.45000004
2025-08-01 03:25:15 PM,752.5,235,176837.5,47298552.95000004
2025-08-01 03:25:19 PM,753.95,0,0.0,47298552.95000004
2025-08-01 03:25:22 PM,753.95,501,377728.95,47676281.90000004
2025-08-01 03:25:26 PM,752.55,0,0.0,47676281.90000004
2025-08-01 03:25:28 PM,752.55,29,21823.949999999997,47698105.850000046
2025-08-01 03:25:34 PM,753.9,7,5277.3,47703383.15000004
2025-08-01 03:25:41 PM,753.9,2,1507.8,47704890.95000004
2025-08-01 03:26:02 PM,753.9,40,30156.0,47735046.95000004
2025-08-01 03:26:07 PM,753.9,16,12062.4,47747109.35000004
2025-08-01 03:26:16 PM,753.0,0,0.0,47747109.35000004
2025-08-01 03:26:21 PM,753.0,73,54969.0,47802078.35000004
2025-08-01 03:26:26 PM,752.7,0,0.0,47802078.35000004
2025-08-01 03:26:27 PM,752.7,22,16559.4,47818637.75000004
2025-08-01 03:26:34 PM,752.6,3,2257.8,47820895.550000034
2025-08-01 03:26:54 PM,752.6,6,4515.6,47825411.150000036
2025-08-01 03:27:06 PM,752.55,0,0.0,47825411.150000036
2025-08-01 03:27:07 PM,752.55,87,65471.85,47890883.00000004
2025-08-01 03:27:14 PM,752.55,3,2257.6499999999996,47893140.650000036
2025-08-01 03:27:16 PM,752.05,100,75205.0,47968345.650000036
2025-08-01 03:27:21 PM,752.0,0,0.0,47968345.650000036
2025-08-01 03:27:21 PM,752.0,50,37600.0,48005945.650000036
2025-08-01 03:27:23 PM,752.6,10,7526.0,48013471.650000036
2025-08-01 03:27:37 PM,752.6,4,3010.4,48016482.050000034
2025-08-01 03:27:42 PM,752.0,0,0.0,48016482.050000034
2025-08-01 03:27:43 PM,752.0,1,752.0,48017234.050000034
2025-08-01 03:27:58 PM,752.35,0,0.0,48017234.050000034
2025-08-01 03:27:58 PM,752.35,12,9028.2,48026262.25000004
2025-08-01 03:28:05 PM,752.25,9,6770.25,48033032.50000004
2025-08-01 03:28:10 PM,752.45,36,27088.2,48060120.70000004
2025-08-01 03:28:17 PM,752.0,160,120320.0,48180440.70000004
2025-08-01 03:28:18 PM,752.45,0,0.0,48180440.70000004
2025-08-01 03:28:19 PM,752.25,435,327228.75,48507669.45000004
2025-08-01 03:28:21 PM,752.1,0,0.0,48507669.45000004
2025-08-01 03:28:24 PM,752.1,17,12785.7,48520455.15000004
2025-08-01 03:28:26 PM,752.35,27,20313.45,48540768.600000046
2025-08-01 03:28:31 PM,752.45,0,0.0,48540768.600000046
2025-08-01 03:28:31 PM,752.45,10,7524.5,48548293.100000046
2025-08-01 03:28:38 PM,752.0,0,0.0,48548293.100000046
2025-08-01 03:28:38 PM,752.0,512,385024.0,48933317.100000046
2025-08-01 03:28:40 PM,752.0,1,752.0,48934069.100000046
2025-08-01 03:28:45 PM,752.0,37,27824.0,48961893.100000046
2025-08-01 03:28:47 PM,751.55,50,37577.5,48999470.600000046
2025-08-01 03:28:47 PM,751.95,0,0.0,48999470.600000046
2025-08-01 03:28:50 PM,752.0,0,0.0,48999470.600000046
2025-08-01 03:28:52 PM,752.0,5,3760.0,49003230.600000046
2025-08-01 03:28:54 PM,752.0,4,3008.0,49006238.600000046
2025-08-01 03:28:58 PM,751.95,113,84970.35,49091208.95000005
2025-08-01 03:29:00 PM,752.0,694,521888.0,49613096.95000005
2025-08-01 03:29:12 PM,752.4,0,0.0,49613096.95000005
2025-08-01 03:29:14 PM,752.4,9,6771.599999999999,49619868.55000005
2025-08-01 03:29:16 PM,752.45,133,100075.85,49719944.40000005
2025-08-01 03:29:22 PM,752.45,25,18811.25,49738755.65000005
2025-08-01 03:29:29 PM,752.45,17,12791.650000000001,49751547.30000005
2025-08-01 03:29:31 PM,752.45,1,752.45,49752299.75000005
2025-08-01 03:29:37 PM,752.6,110,82786.0,49835085.75000005
2025-08-01 03:29:44 PM,753.0,52,39156.0,49874241.75000005
2025-08-01 03:29:46 PM,753.0,17,12801.0,49887042.75000005
2025-08-01 03:29:51 PM,753.0,23,17319.0,49904361.75000005
