date,price,qty,trnvr,cum_trnvr
2025-08-01 09:15:01 AM,942.0,2567,2418114.0,2418114.0
2025-08-01 09:15:02 AM,949.25,0,0.0,2418114.0
2025-08-01 09:15:03 AM,950.05,270,256513.5,2674627.5
2025-08-01 09:15:11 AM,957.35,0,0.0,2674627.5
2025-08-01 09:15:13 AM,957.35,332,317840.2,2992467.7
2025-08-01 09:15:23 AM,957.35,6,5744.1,2998211.8000000003
2025-08-01 09:15:32 AM,957.35,381,364750.35000000003,3362962.1500000004
2025-08-01 09:15:33 AM,955.35,19,18151.65,3381113.8000000003
2025-08-01 09:15:39 AM,952.05,0,0.0,3381113.8000000003
2025-08-01 09:15:40 AM,952.05,921,876838.0499999999,4257951.850000001
2025-08-01 09:15:50 AM,953.9,63,60095.7,4318047.550000001
2025-08-01 09:16:02 AM,957.0,0,0.0,4318047.550000001
2025-08-01 09:16:05 AM,957.0,520,497640.0,4815687.550000001
2025-08-01 09:16:13 AM,956.75,26,24875.5,4840563.050000001
2025-08-01 09:16:14 AM,957.0,25,23925.0,4864488.050000001
2025-08-01 09:16:21 AM,957.05,6,5742.299999999999,4870230.350000001
2025-08-01 09:16:23 AM,960.0,500,480000.0,5350230.350000001
2025-08-01 09:16:28 AM,959.0,0,0.0,5350230.350000001
2025-08-01 09:16:29 AM,959.0,30,28770.0,5379000.350000001
2025-08-01 09:16:38 AM,959.4,70,67158.0,5446158.350000001
2025-08-01 09:16:46 AM,959.0,7,6713.0,5452871.350000001
2025-08-01 09:16:54 AM,957.95,5,4789.75,5457661.100000001
2025-08-01 09:17:04 AM,958.0,11,10538.0,5468199.100000001
2025-08-01 09:17:11 AM,960.4,229,219931.6,5688130.7
2025-08-01 09:17:32 AM,961.0,0,0.0,5688130.7
2025-08-01 09:17:35 AM,961.0,1,961.0,5689091.7
2025-08-01 09:17:40 AM,960.0,0,0.0,5689091.7
2025-08-01 09:17:44 AM,959.0,409,392231.0,6081322.7
2025-08-01 09:17:52 AM,959.0,1,959.0,6082281.7
2025-08-01 09:18:09 AM,959.0,43,41237.0,6123518.7
2025-08-01 09:18:12 AM,960.5,0,0.0,6123518.7
2025-08-01 09:18:17 AM,960.5,5,4802.5,6128321.2
2025-08-01 09:18:22 AM,960.6,0,0.0,6128321.2
2025-08-01 09:18:25 AM,961.4,92,88448.8,6216770.0
2025-08-01 09:18:28 AM,962.4,0,0.0,6216770.0
2025-08-01 09:18:33 AM,962.4,696,669830.4,6886600.4
2025-08-01 09:18:42 AM,962.8,3,2888.3999999999996,6889488.800000001
2025-08-01 09:18:50 AM,963.5,142,136817.0,7026305.800000001
2025-08-01 09:18:54 AM,965.0,0,0.0,7026305.800000001
2025-08-01 09:18:58 AM,965.0,50,48250.0,7074555.800000001
2025-08-01 09:19:02 AM,963.05,0,0.0,7074555.800000001
2025-08-01 09:19:06 AM,963.05,223,214760.15,7289315.950000001
2025-08-01 09:19:07 AM,962.1,5,4810.5,7294126.450000001
2025-08-01 09:19:08 AM,962.0,0,0.0,7294126.450000001
2025-08-01 09:19:10 AM,962.05,0,0.0,7294126.450000001
2025-08-01 09:19:14 AM,962.2,564,542680.8,7836807.250000001
2025-08-01 09:19:15 AM,963.4,25,24085.0,7860892.250000001
2025-08-01 09:19:25 AM,963.55,0,0.0,7860892.250000001
2025-08-01 09:19:30 AM,962.3,36,34642.799999999996,7895535.050000001
2025-08-01 09:19:38 AM,963.4,472,454724.8,8350259.850000001
2025-08-01 09:19:41 AM,964.25,0,0.0,8350259.850000001
2025-08-01 09:19:46 AM,964.65,99,95500.34999999999,8445760.200000001
2025-08-01 09:20:09 AM,966.55,0,0.0,8445760.200000001
2025-08-01 09:20:10 AM,966.55,373,360523.14999999997,8806283.350000001
2025-08-01 09:20:16 AM,967.55,0,0.0,8806283.350000001
2025-08-01 09:20:18 AM,963.9,182,175429.8,8981713.150000002
2025-08-01 09:20:23 AM,966.95,0,0.0,8981713.150000002
2025-08-01 09:20:26 AM,966.95,600,580170.0,9561883.150000002
2025-08-01 09:20:34 AM,964.45,6,5786.700000000001,9567669.850000001
2025-08-01 09:20:37 AM,966.0,0,0.0,9567669.850000001
2025-08-01 09:20:42 AM,966.0,10,9660.0,9577329.850000001
2025-08-01 09:20:48 AM,966.85,0,0.0,9577329.850000001
2025-08-01 09:20:50 AM,966.85,126,121823.1,9699152.950000001
2025-08-01 09:20:51 AM,966.35,0,0.0,9699152.950000001
2025-08-01 09:20:57 AM,967.0,48,46416.0,9745568.950000001
2025-08-01 09:21:04 AM,967.9,0,0.0,9745568.950000001
2025-08-01 09:21:05 AM,967.9,50,48395.0,9793963.950000001
2025-08-01 09:21:09 AM,966.6,0,0.0,9793963.950000001
2025-08-01 09:21:13 AM,966.6,1032,997531.2000000001,10791495.15
2025-08-01 09:21:14 AM,967.45,50,48372.5,10839867.65
2025-08-01 09:21:23 AM,967.0,0,0.0,10839867.65
2025-08-01 09:21:29 AM,966.65,160,154664.0,10994531.65
2025-08-01 09:21:38 AM,967.1,0,0.0,10994531.65
2025-08-01 09:21:44 AM,967.85,60,58071.0,11052602.65
2025-08-01 09:21:48 AM,967.05,0,0.0,11052602.65
2025-08-01 09:21:52 AM,967.05,3,2901.1499999999996,11055503.8
2025-08-01 09:21:55 AM,966.6,0,0.0,11055503.8
2025-08-01 09:21:59 AM,966.6,20,19332.0,11074835.8
2025-08-01 09:22:07 AM,966.6,30,28998.0,11103833.8
2025-08-01 09:22:09 AM,965.8,0,0.0,11103833.8
2025-08-01 09:22:14 AM,965.8,10,9658.0,11113491.8
2025-08-01 09:22:22 AM,966.5,100,96650.0,11210141.8
2025-08-01 09:22:23 AM,965.05,17,16405.85,11226547.65
2025-08-01 09:22:26 AM,964.0,0,0.0,11226547.65
2025-08-01 09:22:30 AM,965.25,69,66602.25,11293149.9
2025-08-01 09:22:37 AM,964.0,13,12532.0,11305681.9
2025-08-01 09:22:50 AM,964.7,0,0.0,11305681.9
2025-08-01 09:22:52 AM,964.7,70,67529.0,11373210.9
2025-08-01 09:22:57 AM,963.75,0,0.0,11373210.9
2025-08-01 09:23:00 AM,963.75,23,22166.25,11395377.15
2025-08-01 09:23:06 AM,963.5,0,0.0,11395377.15
2025-08-01 09:23:08 AM,963.5,25,24087.5,11419464.65
2025-08-01 09:23:13 AM,963.3,0,0.0,11419464.65
2025-08-01 09:23:15 AM,963.3,50,48165.0,11467629.65
2025-08-01 09:23:18 AM,964.5,0,0.0,11467629.65
2025-08-01 09:23:23 AM,963.0,104,100152.0,11567781.65
2025-08-01 09:23:31 AM,963.0,11,10593.0,11578374.65
2025-08-01 09:23:38 AM,962.0,96,92352.0,11670726.65
2025-08-01 09:23:46 AM,962.0,1449,1393938.0,13064664.65
2025-08-01 09:23:53 AM,962.15,10,9621.5,13074286.15
2025-08-01 09:24:09 AM,962.5,1,962.5,13075248.65
2025-08-01 09:24:16 AM,961.8,66,63478.799999999996,13138727.450000001
2025-08-01 09:24:23 AM,962.5,0,0.0,13138727.450000001
2025-08-01 09:24:24 AM,962.5,1,962.5,13139689.950000001
2025-08-01 09:25:19 AM,962.5,50,48125.0,13187814.950000001
2025-08-01 09:25:24 AM,962.5,15,14437.5,13202252.450000001
2025-08-01 09:25:41 AM,961.65,17,16348.05,13218600.500000002
2025-08-01 09:25:46 AM,961.25,100,96125.0,13314725.500000002
2025-08-01 09:26:09 AM,962.0,301,289562.0,13604287.500000002
2025-08-01 09:26:15 AM,962.9,0,0.0,13604287.500000002
2025-08-01 09:26:17 AM,962.9,19,18295.1,13622582.600000001
2025-08-01 09:26:40 AM,962.9,9,8666.1,13631248.700000001
2025-08-01 09:26:49 AM,963.5,4,3854.0,13635102.700000001
2025-08-01 09:26:57 AM,963.1,1002,965026.2000000001,14600128.9
2025-08-01 09:27:06 AM,963.0,0,0.0,14600128.9
2025-08-01 09:27:10 AM,963.0,1002,964926.0,15565054.9
2025-08-01 09:27:17 AM,963.75,0,0.0,15565054.9
2025-08-01 09:27:18 AM,963.75,25,24093.75,15589148.65
2025-08-01 09:27:26 AM,964.05,0,0.0,15589148.65
2025-08-01 09:27:27 AM,963.15,0,0.0,15589148.65
2025-08-01 09:27:31 AM,963.75,0,0.0,15589148.65
2025-08-01 09:27:32 AM,963.75,27,26021.25,15615169.9
2025-08-01 09:27:46 AM,963.3,0,0.0,15615169.9
2025-08-01 09:27:47 AM,963.3,30,28899.0,15644068.9
2025-08-01 09:28:04 AM,963.1,45,43339.5,15687408.4
2025-08-01 09:28:08 AM,963.0,0,0.0,15687408.4
2025-08-01 09:28:11 AM,963.0,1,963.0,15688371.4
2025-08-01 09:28:26 AM,963.0,1,963.0,15689334.4
2025-08-01 09:28:26 AM,962.3,0,0.0,15689334.4
2025-08-01 09:28:27 AM,962.3,10,9623.0,15698957.4
2025-08-01 09:28:48 AM,962.0,0,0.0,15698957.4
2025-08-01 09:28:49 AM,962.0,678,652236.0,16351193.4
2025-08-01 09:29:13 AM,962.3,120,115476.0,16466669.4
2025-08-01 09:29:49 AM,961.15,9,8650.35,16475319.75
2025-08-01 09:30:38 AM,961.0,0,0.0,16475319.75
2025-08-01 09:30:42 AM,960.85,1512,1452805.2,17928124.95
2025-08-01 09:30:56 AM,960.35,30,28810.5,17956935.45
2025-08-01 09:31:07 AM,960.0,0,0.0,17956935.45
2025-08-01 09:31:11 AM,960.0,42,40320.0,17997255.45
2025-08-01 09:31:15 AM,958.55,0,0.0,17997255.45
2025-08-01 09:31:19 AM,958.55,16,15336.8,18012592.25
2025-08-01 09:31:24 AM,958.3,0,0.0,18012592.25
2025-08-01 09:31:26 AM,958.3,2,1916.6,18014508.85
2025-08-01 09:31:33 AM,958.3,402,385236.6,18399745.450000003
2025-08-01 09:31:42 AM,957.7,0,0.0,18399745.450000003
2025-08-01 09:31:47 AM,958.35,239,229045.65,18628791.1
2025-08-01 09:31:54 AM,958.25,0,0.0,18628791.1
2025-08-01 09:31:54 AM,958.25,260,249145.0,18877936.1
2025-08-01 09:32:10 AM,958.1,0,0.0,18877936.1
2025-08-01 09:32:15 AM,958.1,12,11497.2,18889433.3
2025-08-01 09:32:22 AM,958.3,0,0.0,18889433.3
2025-08-01 09:32:22 AM,958.3,1,958.3,18890391.6
2025-08-01 09:32:28 AM,959.85,0,0.0,18890391.6
2025-08-01 09:32:28 AM,959.05,0,0.0,18890391.6
2025-08-01 09:32:29 AM,959.05,534,512132.69999999995,19402524.3
2025-08-01 09:32:34 AM,962.25,0,0.0,19402524.3
2025-08-01 09:32:36 AM,962.25,500,481125.0,19883649.3
2025-08-01 09:33:10 AM,960.7,0,0.0,19883649.3
2025-08-01 09:33:11 AM,960.7,10,9607.0,19893256.3
2025-08-01 09:34:20 AM,965.3,891,860082.2999999999,20753338.6
2025-08-01 09:34:35 AM,962.7,0,0.0,20753338.6
2025-08-01 09:34:40 AM,963.55,0,0.0,20753338.6
2025-08-01 09:34:41 AM,963.55,107,103099.84999999999,20856438.450000003
2025-08-01 09:35:25 AM,961.0,0,0.0,20856438.450000003
2025-08-01 09:35:30 AM,961.0,6,5766.0,20862204.450000003
2025-08-01 09:35:55 AM,961.55,0,0.0,20862204.450000003
2025-08-01 09:35:57 AM,961.55,1,961.55,20863166.000000004
2025-08-01 09:37:00 AM,962.4,0,0.0,20863166.000000004
2025-08-01 09:37:03 AM,962.4,5,4812.0,20867978.000000004
2025-08-01 09:37:14 AM,961.0,0,0.0,20867978.000000004
2025-08-01 09:37:17 AM,961.0,25,24025.0,20892003.000000004
2025-08-01 09:37:54 AM,960.7,0,0.0,20892003.000000004
2025-08-01 09:37:58 AM,960.7,234,224803.80000000002,21116806.800000004
2025-08-01 09:38:18 AM,960.7,75,72052.5,21188859.300000004
2025-08-01 09:38:35 AM,960.0,0,0.0,21188859.300000004
2025-08-01 09:38:38 AM,959.45,62,59485.9,21248345.200000003
2025-08-01 09:38:58 AM,959.45,33,31661.850000000002,21280007.050000004
2025-08-01 09:39:05 AM,958.95,115,110279.25,21390286.300000004
2025-08-01 09:39:19 AM,958.8,7,6711.599999999999,21396997.900000006
2025-08-01 09:40:48 AM,959.9,0,0.0,21396997.900000006
2025-08-01 09:40:49 AM,960.3,0,0.0,21396997.900000006
2025-08-01 09:40:51 AM,960.3,714,685654.2,22082652.100000005
2025-08-01 09:41:11 AM,961.25,5,4806.25,22087458.350000005
2025-08-01 09:41:16 AM,962.3,0,0.0,22087458.350000005
2025-08-01 09:41:17 AM,962.3,50,48115.0,22135573.350000005
2025-08-01 09:41:36 AM,962.25,0,0.0,22135573.350000005
2025-08-01 09:41:37 AM,962.25,1,962.25,22136535.600000005
2025-08-01 09:41:38 AM,962.2,5,4811.0,22141346.600000005
2025-08-01 09:42:03 AM,960.95,9,8648.550000000001,22149995.150000006
2025-08-01 09:42:16 AM,961.95,205,197199.75,22347194.900000006
2025-08-01 09:42:35 AM,961.5,0,0.0,22347194.900000006
2025-08-01 09:42:36 AM,961.5,250,240375.0,22587569.900000006
2025-08-01 09:43:23 AM,960.05,0,0.0,22587569.900000006
2025-08-01 09:43:23 AM,960.05,10,9600.5,22597170.400000006
2025-08-01 09:43:29 AM,959.9,95,91190.5,22688360.900000006
2025-08-01 09:44:11 AM,959.4,0,0.0,22688360.900000006
2025-08-01 09:44:15 AM,959.4,20,19188.0,22707548.900000006
2025-08-01 09:44:22 AM,959.4,1,959.4,22708508.300000004
2025-08-01 09:44:27 AM,958.85,0,0.0,22708508.300000004
2025-08-01 09:44:28 AM,958.85,5,4794.25,22713302.550000004
2025-08-01 09:44:29 AM,958.85,120,115062.0,22828364.550000004
2025-08-01 09:44:34 AM,959.0,11,10549.0,22838913.550000004
2025-08-01 09:44:39 AM,958.85,0,0.0,22838913.550000004
2025-08-01 09:44:41 AM,958.85,46,44107.1,22883020.650000006
2025-08-01 09:45:07 AM,959.85,10,9598.5,22892619.150000006
2025-08-01 09:45:13 AM,958.85,1,958.85,22893578.000000007
2025-08-01 09:45:19 AM,958.8,0,0.0,22893578.000000007
2025-08-01 09:45:20 AM,958.8,150,143820.0,23037398.000000007
2025-08-01 09:45:31 AM,959.8,0,0.0,23037398.000000007
2025-08-01 09:45:33 AM,959.8,10,9598.0,23046996.000000007
2025-08-01 09:46:05 AM,959.75,0,0.0,23046996.000000007
2025-08-01 09:46:05 AM,959.75,2,1919.5,23048915.500000007
2025-08-01 09:46:10 AM,958.8,0,0.0,23048915.500000007
2025-08-01 09:46:12 AM,958.8,1,958.8,23049874.30000001
2025-08-01 09:46:37 AM,959.55,11,10555.05,23060429.35000001
2025-08-01 09:46:37 AM,958.8,0,0.0,23060429.35000001
2025-08-01 09:46:39 AM,958.1,332,318089.2,23378518.55000001
2025-08-01 09:47:02 AM,958.1,12,11497.2,23390015.750000007
2025-08-01 09:47:54 AM,958.1,20,19162.0,23409177.750000007
2025-08-01 09:48:22 AM,959.85,98,94065.3,23503243.05000001
2025-08-01 09:48:43 AM,958.75,0,0.0,23503243.05000001
2025-08-01 09:48:45 AM,958.75,105,100668.75,23603911.80000001
2025-08-01 09:48:47 AM,960.15,0,0.0,23603911.80000001
2025-08-01 09:48:48 AM,960.15,52,49927.799999999996,23653839.60000001
2025-08-01 09:49:23 AM,960.15,50,48007.5,23701847.10000001
2025-08-01 09:50:00 AM,959.7,0,0.0,23701847.10000001
2025-08-01 09:50:01 AM,959.7,1,959.7,23702806.80000001
2025-08-01 09:50:07 AM,959.85,0,0.0,23702806.80000001
2025-08-01 09:50:07 AM,959.85,10,9598.5,23712405.30000001
2025-08-01 09:50:26 AM,958.85,0,0.0,23712405.30000001
2025-08-01 09:50:27 AM,958.85,7,6711.95,23719117.250000007
2025-08-01 09:50:35 AM,959.0,2,1918.0,23721035.250000007
2025-08-01 09:51:18 AM,960.3,0,0.0,23721035.250000007
2025-08-01 09:51:19 AM,960.3,14,13444.199999999999,23734479.450000007
2025-08-01 09:51:30 AM,961.4,0,0.0,23734479.450000007
2025-08-01 09:51:31 AM,960.4,2,1920.8,23736400.250000007
2025-08-01 09:51:40 AM,960.3,0,0.0,23736400.250000007
2025-08-01 09:51:42 AM,960.3,10,9603.0,23746003.250000007
2025-08-01 09:52:22 AM,961.6,0,0.0,23746003.250000007
2025-08-01 09:52:25 AM,961.6,106,101929.6,23847932.85000001
2025-08-01 09:52:31 AM,960.4,0,0.0,23847932.85000001
2025-08-01 09:52:31 AM,960.4,2,1920.8,23849853.65000001
2025-08-01 09:52:52 AM,960.55,0,0.0,23849853.65000001
2025-08-01 09:52:52 AM,960.55,2,1921.1,23851774.75000001
2025-08-01 09:53:07 AM,960.35,0,0.0,23851774.75000001
2025-08-01 09:53:07 AM,960.35,19,18246.65,23870021.40000001
2025-08-01 09:54:27 AM,959.95,0,0.0,23870021.40000001
2025-08-01 09:54:28 AM,959.95,90,86395.5,23956416.90000001
2025-08-01 09:54:33 AM,958.2,0,0.0,23956416.90000001
2025-08-01 09:54:34 AM,958.2,5,4791.0,23961207.90000001
2025-08-01 09:54:54 AM,959.85,0,0.0,23961207.90000001
2025-08-01 09:54:58 AM,959.85,36,34554.6,23995762.50000001
2025-08-01 09:55:00 AM,959.2,0,0.0,23995762.50000001
2025-08-01 09:55:04 AM,959.2,55,52756.0,24048518.50000001
2025-08-01 09:55:23 AM,959.1,619,593682.9,24642201.40000001
2025-08-01 09:55:38 AM,958.1,0,0.0,24642201.40000001
2025-08-01 09:55:40 AM,958.1,227,217488.7,24859690.10000001
2025-08-01 09:55:46 AM,958.1,122,116888.2,24976578.30000001
2025-08-01 09:55:58 AM,958.1,92,88145.2,25064723.500000007
2025-08-01 09:56:18 AM,958.7,0,0.0,25064723.500000007
2025-08-01 09:56:22 AM,958.7,1,958.7,25065682.200000007
2025-08-01 09:57:39 AM,957.8,257,246154.59999999998,25311836.80000001
2025-08-01 09:58:27 AM,957.1,43,41155.3,25352992.10000001
2025-08-01 09:58:54 AM,957.0,139,133023.0,25486015.10000001
2025-08-01 09:59:06 AM,956.75,0,0.0,25486015.10000001
2025-08-01 09:59:07 AM,956.75,30,28702.5,25514717.60000001
2025-08-01 09:59:19 AM,956.0,122,116632.0,25631349.60000001
2025-08-01 09:59:29 AM,956.0,374,357544.0,25988893.60000001
2025-08-01 09:59:35 AM,956.0,10,9560.0,25998453.60000001
2025-08-01 09:59:44 AM,956.0,2,1912.0,26000365.60000001
2025-08-01 09:59:47 AM,955.0,0,0.0,26000365.60000001
2025-08-01 09:59:48 AM,955.0,300,286500.0,26286865.60000001
2025-08-01 10:00:00 AM,955.0,150,143250.0,26430115.60000001
2025-08-01 10:00:09 AM,955.0,10,9550.0,26439665.60000001
2025-08-01 10:00:38 AM,955.0,109,104095.0,26543760.60000001
2025-08-01 10:01:13 AM,956.5,0,0.0,26543760.60000001
2025-08-01 10:01:13 AM,956.5,69,65998.5,26609759.10000001
2025-08-01 10:01:34 AM,956.3,0,0.0,26609759.10000001
2025-08-01 10:01:34 AM,956.3,10,9563.0,26619322.10000001
2025-08-01 10:01:47 AM,957.05,0,0.0,26619322.10000001
2025-08-01 10:01:50 AM,957.05,1,957.05,26620279.15000001
2025-08-01 10:01:59 AM,956.4,0,0.0,26620279.15000001
2025-08-01 10:02:02 AM,956.4,5,4782.0,26625061.15000001
2025-08-01 10:02:40 AM,957.1,0,0.0,26625061.15000001
2025-08-01 10:02:40 AM,957.1,189,180891.9,26805953.05000001
2025-08-01 10:03:06 AM,956.6,0,0.0,26805953.05000001
2025-08-01 10:03:06 AM,956.6,125,119575.0,26925528.05000001
2025-08-01 10:03:38 AM,955.25,86,82151.5,27007679.55000001
2025-08-01 10:03:40 AM,955.85,11,10514.35,27018193.90000001
2025-08-01 10:04:01 AM,956.35,0,0.0,27018193.90000001
2025-08-01 10:04:03 AM,956.35,10,9563.5,27027757.40000001
2025-08-01 10:04:59 AM,956.35,10,9563.5,27037320.90000001
2025-08-01 10:05:26 AM,956.95,5,4784.75,27042105.65000001
2025-08-01 10:05:56 AM,957.1,7,6699.7,27048805.35000001
2025-08-01 10:06:06 AM,957.4,200,191480.0,27240285.35000001
2025-08-01 10:06:35 AM,955.45,79,75480.55,27315765.90000001
2025-08-01 10:06:42 AM,955.4,11,10509.4,27326275.30000001
2025-08-01 10:06:44 AM,955.0,2,1910.0,27328185.30000001
2025-08-01 10:06:48 AM,955.0,10,9550.0,27337735.30000001
2025-08-01 10:06:54 AM,955.0,17,16235.0,27353970.30000001
2025-08-01 10:06:56 AM,955.0,291,277905.0,27631875.30000001
2025-08-01 10:07:16 AM,954.1,0,0.0,27631875.30000001
2025-08-01 10:07:19 AM,954.1,25,23852.5,27655727.80000001
2025-08-01 10:07:21 AM,954.85,0,0.0,27655727.80000001
2025-08-01 10:07:21 AM,954.85,10,9548.5,27665276.30000001
2025-08-01 10:07:38 AM,954.95,0,0.0,27665276.30000001
2025-08-01 10:07:39 AM,954.95,10,9549.5,27674825.80000001
2025-08-01 10:08:08 AM,953.2,0,0.0,27674825.80000001
2025-08-01 10:08:08 AM,953.2,273,260223.6,27935049.40000001
2025-08-01 10:08:22 AM,954.35,0,0.0,27935049.40000001
2025-08-01 10:08:22 AM,954.35,24,22904.4,27957953.80000001
2025-08-01 10:08:32 AM,955.0,0,0.0,27957953.80000001
2025-08-01 10:08:33 AM,955.0,119,113645.0,28071598.80000001
2025-08-01 10:08:51 AM,954.7,120,114564.0,28186162.80000001
2025-08-01 10:09:08 AM,956.45,56,53561.200000000004,28239724.000000007
2025-08-01 10:09:10 AM,955.35,120,114642.0,28354366.000000007
2025-08-01 10:09:12 AM,956.6,0,0.0,28354366.000000007
2025-08-01 10:09:14 AM,956.6,6,5739.6,28360105.60000001
2025-08-01 10:09:26 AM,956.7,0,0.0,28360105.60000001
2025-08-01 10:09:26 AM,956.7,1,956.7,28361062.30000001
2025-08-01 10:10:14 AM,955.85,1,955.85,28362018.15000001
2025-08-01 10:10:30 AM,955.85,25,23896.25,28385914.40000001
2025-08-01 10:11:50 AM,956.85,0,0.0,28385914.40000001
2025-08-01 10:11:52 AM,956.85,5,4784.25,28390698.65000001
2025-08-01 10:12:47 AM,956.2,0,0.0,28390698.65000001
2025-08-01 10:12:50 AM,956.2,4,3824.8,28394523.45000001
2025-08-01 10:14:18 AM,956.2,5,4781.0,28399304.45000001
2025-08-01 10:15:04 AM,956.2,50,47810.0,28447114.45000001
2025-08-01 10:15:05 AM,957.2,0,0.0,28447114.45000001
2025-08-01 10:15:05 AM,957.2,2,1914.4,28449028.85000001
2025-08-01 10:15:41 AM,957.1,1,957.1,28449985.95000001
2025-08-01 10:15:43 AM,955.85,0,0.0,28449985.95000001
2025-08-01 10:15:46 AM,955.85,21,20072.850000000002,28470058.800000012
2025-08-01 10:17:24 AM,956.0,50,47800.0,28517858.800000012
2025-08-01 10:17:46 AM,955.9,0,0.0,28517858.800000012
2025-08-01 10:17:48 AM,955.9,50,47795.0,28565653.800000012
2025-08-01 10:18:13 AM,955.35,0,0.0,28565653.800000012
2025-08-01 10:18:17 AM,955.35,111,106043.85,28671697.650000013
2025-08-01 10:18:25 AM,956.55,0,0.0,28671697.650000013
2025-08-01 10:18:28 AM,956.55,3,2869.6499999999996,28674567.300000012
2025-08-01 10:21:19 AM,956.5,0,0.0,28674567.300000012
2025-08-01 10:21:20 AM,956.5,5,4782.5,28679349.800000012
2025-08-01 10:22:32 AM,955.4,0,0.0,28679349.800000012
2025-08-01 10:22:34 AM,955.4,114,108915.59999999999,28788265.400000013
2025-08-01 10:22:44 AM,956.3,0,0.0,28788265.400000013
2025-08-01 10:22:45 AM,956.3,1,956.3,28789221.700000014
2025-08-01 10:22:55 AM,956.0,150,143400.0,28932621.700000014
2025-08-01 10:23:12 AM,955.25,2,1910.5,28934532.200000014
2025-08-01 10:23:40 AM,956.15,0,0.0,28934532.200000014
2025-08-01 10:23:41 AM,956.15,25,23903.75,28958435.950000014
2025-08-01 10:23:53 AM,955.2,0,0.0,28958435.950000014
2025-08-01 10:23:55 AM,955.2,3,2865.6000000000004,28961301.550000016
2025-08-01 10:24:26 AM,955.0,0,0.0,28961301.550000016
2025-08-01 10:24:28 AM,955.0,104,99320.0,29060621.550000016
2025-08-01 10:24:31 AM,955.2,0,0.0,29060621.550000016
2025-08-01 10:24:34 AM,955.2,1,955.2,29061576.750000015
2025-08-01 10:24:41 AM,956.0,0,0.0,29061576.750000015
2025-08-01 10:24:41 AM,956.0,80,76480.0,29138056.750000015
2025-08-01 10:24:54 AM,955.55,0,0.0,29138056.750000015
2025-08-01 10:24:55 AM,955.55,2,1911.1,29139967.850000016
2025-08-01 10:25:07 AM,955.75,2,1911.5,29141879.350000016
2025-08-01 10:26:02 AM,955.9,0,0.0,29141879.350000016
2025-08-01 10:26:03 AM,955.9,19,18162.1,29160041.450000018
2025-08-01 10:26:05 AM,955.75,100,95575.0,29255616.450000018
2025-08-01 10:26:20 AM,955.75,192,183504.0,29439120.450000018
2025-08-01 10:26:44 AM,955.0,0,0.0,29439120.450000018
2025-08-01 10:26:45 AM,955.0,10,9550.0,29448670.450000018
2025-08-01 10:26:49 AM,955.6,2,1911.2,29450581.650000017
2025-08-01 10:28:11 AM,955.6,1,955.6,29451537.25000002
2025-08-01 10:28:13 AM,956.6,0,0.0,29451537.25000002
2025-08-01 10:28:14 AM,956.6,200,191320.0,29642857.25000002
2025-08-01 10:28:28 AM,955.6,71,67847.6,29710704.85000002
2025-08-01 10:28:39 AM,955.6,1,955.6,29711660.45000002
2025-08-01 10:28:47 AM,955.6,50,47780.0,29759440.45000002
2025-08-01 10:29:07 AM,955.6,1,955.6,29760396.050000023
2025-08-01 10:29:26 AM,956.4,0,0.0,29760396.050000023
2025-08-01 10:29:26 AM,956.4,5,4782.0,29765178.050000023
2025-08-01 10:29:34 AM,955.7,0,0.0,29765178.050000023
2025-08-01 10:29:35 AM,955.7,2,1911.4,29767089.45000002
2025-08-01 10:29:37 AM,955.6,2,1911.2,29769000.65000002
2025-08-01 10:30:02 AM,955.65,0,0.0,29769000.65000002
2025-08-01 10:30:02 AM,955.65,1,955.65,29769956.30000002
2025-08-01 10:30:31 AM,955.7,0,0.0,29769956.30000002
2025-08-01 10:30:31 AM,955.7,1,955.7,29770912.00000002
2025-08-01 10:30:59 AM,955.7,2,1911.4,29772823.400000017
2025-08-01 10:31:03 AM,955.7,12,11468.400000000001,29784291.800000016
2025-08-01 10:31:28 AM,955.7,1,955.7,29785247.500000015
2025-08-01 10:31:31 AM,955.7,60,57342.0,29842589.500000015
2025-08-01 10:31:44 AM,955.4,144,137577.6,29980167.100000016
2025-08-01 10:31:54 AM,955.45,0,0.0,29980167.100000016
2025-08-01 10:31:54 AM,955.45,1,955.45,29981122.550000016
2025-08-01 10:32:23 AM,955.5,0,0.0,29981122.550000016
2025-08-01 10:32:23 AM,955.5,1,955.5,29982078.050000016
2025-08-01 10:32:35 AM,955.45,0,0.0,29982078.050000016
2025-08-01 10:32:36 AM,955.45,4,3821.8,29985899.850000016
2025-08-01 10:32:51 AM,955.45,7,6688.150000000001,29992588.000000015
2025-08-01 10:33:19 AM,955.45,1,955.45,29993543.450000014
2025-08-01 10:33:30 AM,956.65,1,956.65,29994500.100000013
2025-08-01 10:33:46 AM,955.45,0,0.0,29994500.100000013
2025-08-01 10:33:46 AM,955.45,1,955.45,29995455.550000012
2025-08-01 10:33:52 AM,955.4,0,0.0,29995455.550000012
2025-08-01 10:33:52 AM,955.4,10,9554.0,30005009.550000012
2025-08-01 10:34:01 AM,956.6,26,24871.600000000002,30029881.150000013
2025-08-01 10:34:14 AM,956.25,1,956.25,30030837.400000013
2025-08-01 10:34:35 AM,956.1,1,956.1,30031793.500000015
2025-08-01 10:34:42 AM,956.35,0,0.0,30031793.500000015
2025-08-01 10:34:42 AM,956.35,1,956.35,30032749.850000016
2025-08-01 10:34:51 AM,955.7,0,0.0,30032749.850000016
2025-08-01 10:34:52 AM,955.7,77,73588.90000000001,30106338.750000015
2025-08-01 10:34:58 AM,957.0,0,0.0,30106338.750000015
2025-08-01 10:34:58 AM,957.0,1,957.0,30107295.750000015
2025-08-01 10:35:12 AM,956.2,1,956.2,30108251.950000014
2025-08-01 10:35:20 AM,956.2,6,5737.200000000001,30113989.150000013
2025-08-01 10:35:39 AM,956.25,0,0.0,30113989.150000013
2025-08-01 10:35:40 AM,956.25,1,956.25,30114945.400000013
2025-08-01 10:35:59 AM,956.95,0,0.0,30114945.400000013
2025-08-01 10:36:00 AM,956.95,1,956.95,30115902.350000013
2025-08-01 10:36:07 AM,956.2,0,0.0,30115902.350000013
2025-08-01 10:36:08 AM,956.2,1,956.2,30116858.550000012
2025-08-01 10:36:22 AM,956.95,0,0.0,30116858.550000012
2025-08-01 10:36:22 AM,956.95,6,5741.700000000001,30122600.25000001
2025-08-01 10:36:26 AM,957.0,0,0.0,30122600.25000001
2025-08-01 10:36:28 AM,957.0,55,52635.0,30175235.25000001
2025-08-01 10:36:35 AM,958.55,0,0.0,30175235.25000001
2025-08-01 10:36:35 AM,958.55,200,191710.0,30366945.25000001
2025-08-01 10:37:02 AM,957.65,101,96722.65,30463667.90000001
2025-08-01 10:37:30 AM,957.55,0,0.0,30463667.90000001
2025-08-01 10:37:30 AM,957.55,1,957.55,30464625.45000001
2025-08-01 10:37:54 AM,958.7,0,0.0,30464625.45000001
2025-08-01 10:37:56 AM,958.7,10,9587.0,30474212.45000001
2025-08-01 10:37:58 AM,957.9,1,957.9,30475170.35000001
2025-08-01 10:38:06 AM,958.75,0,0.0,30475170.35000001
2025-08-01 10:38:08 AM,958.75,1,958.75,30476129.10000001
2025-08-01 10:38:22 AM,957.55,0,0.0,30476129.10000001
2025-08-01 10:38:23 AM,957.55,484,463454.19999999995,30939583.30000001
2025-08-01 10:38:26 AM,957.05,0,0.0,30939583.30000001
2025-08-01 10:38:26 AM,957.05,1,957.05,30940540.35000001
2025-08-01 10:38:55 AM,957.95,6,5747.700000000001,30946288.05000001
2025-08-01 10:39:17 AM,957.95,1,957.95,30947246.000000007
2025-08-01 10:39:23 AM,957.2,1,957.2,30948203.200000007
2025-08-01 10:39:33 AM,957.15,0,0.0,30948203.200000007
2025-08-01 10:39:34 AM,956.2,43,41116.6,30989319.80000001
2025-08-01 10:39:36 AM,957.35,0,0.0,30989319.80000001
2025-08-01 10:39:37 AM,957.35,457,437508.95,31426828.750000007
2025-08-01 10:39:51 AM,957.4,0,0.0,31426828.750000007
2025-08-01 10:39:51 AM,957.4,1,957.4,31427786.150000006
2025-08-01 10:40:15 AM,957.9,0,0.0,31427786.150000006
2025-08-01 10:40:16 AM,957.9,36,34484.4,31462270.550000004
2025-08-01 10:40:18 AM,956.95,1,956.95,31463227.500000004
2025-08-01 10:40:24 AM,958.0,0,0.0,31463227.500000004
2025-08-01 10:40:24 AM,958.9,518,496710.2,31959937.700000003
2025-08-01 10:40:33 AM,958.4,0,0.0,31959937.700000003
2025-08-01 10:40:35 AM,958.4,9,8625.6,31968563.300000004
2025-08-01 10:40:46 AM,958.4,1,958.4,31969521.700000003
2025-08-01 10:41:14 AM,958.4,1,958.4,31970480.1
2025-08-01 10:41:43 AM,958.35,0,0.0,31970480.1
2025-08-01 10:41:43 AM,958.35,1,958.35,31971438.450000003
2025-08-01 10:42:10 AM,958.4,1,958.4,31972396.85
2025-08-01 10:42:37 AM,959.3,0,0.0,31972396.85
2025-08-01 10:42:37 AM,959.3,1,959.3,31973356.150000002
2025-08-01 10:42:39 AM,958.4,0,0.0,31973356.150000002
2025-08-01 10:42:40 AM,958.4,1,958.4,31974314.55
2025-08-01 10:42:49 AM,957.65,334,319855.1,32294169.650000002
2025-08-01 10:43:07 AM,957.05,1,957.05,32295126.700000003
2025-08-01 10:43:13 AM,957.1,17,16270.7,32311397.400000002
2025-08-01 10:43:34 AM,957.1,1,957.1,32312354.500000004
2025-08-01 10:44:03 AM,956.85,1,956.85,32313311.350000005
2025-08-01 10:44:14 AM,956.85,29,27748.65,32341060.000000004
2025-08-01 10:44:22 AM,956.8,0,0.0,32341060.000000004
2025-08-01 10:44:22 AM,956.8,8,7654.4,32348714.400000002
2025-08-01 10:44:30 AM,956.9,0,0.0,32348714.400000002
2025-08-01 10:44:31 AM,956.9,1,956.9,32349671.3
2025-08-01 10:44:39 AM,958.65,0,0.0,32349671.3
2025-08-01 10:44:41 AM,958.65,200,191730.0,32541401.3
2025-08-01 10:44:45 AM,959.2,0,0.0,32541401.3
2025-08-01 10:44:47 AM,957.05,0,0.0,32541401.3
2025-08-01 10:44:47 AM,957.05,644,616340.2,33157741.5
2025-08-01 10:44:58 AM,957.65,0,0.0,33157741.5
2025-08-01 10:45:00 AM,957.65,1,957.65,33158699.15
2025-08-01 10:45:26 AM,957.55,0,0.0,33158699.15
2025-08-01 10:45:28 AM,957.55,2,1915.1,33160614.25
2025-08-01 10:45:54 AM,957.7,0,0.0,33160614.25
2025-08-01 10:45:54 AM,957.7,1,957.7,33161571.95
2025-08-01 10:46:05 AM,957.7,99,94812.3,33256384.25
2025-08-01 10:46:23 AM,957.05,1,957.05,33257341.3
2025-08-01 10:46:37 AM,957.7,0,0.0,33257341.3
2025-08-01 10:46:37 AM,957.7,10,9577.0,33266918.3
2025-08-01 10:46:50 AM,957.05,0,0.0,33266918.3
2025-08-01 10:46:54 AM,957.05,1,957.05,33267875.35
2025-08-01 10:47:07 AM,956.75,0,0.0,33267875.35
2025-08-01 10:47:10 AM,956.75,290,277457.5,33545332.85
2025-08-01 10:47:11 AM,956.6,0,0.0,33545332.85
2025-08-01 10:47:12 AM,956.6,2602,2489073.2,36034406.050000004
2025-08-01 10:47:21 AM,956.6,1,956.6,36035362.650000006
2025-08-01 10:47:22 AM,956.7,0,0.0,36035362.650000006
2025-08-01 10:47:22 AM,956.7,5,4783.5,36040146.150000006
2025-08-01 10:47:32 AM,956.6,523,500301.8,36540447.95
2025-08-01 10:47:48 AM,956.0,1,956.0,36541403.95
2025-08-01 10:48:14 AM,956.0,3,2868.0,36544271.95
2025-08-01 10:48:18 AM,955.05,0,0.0,36544271.95
2025-08-01 10:48:20 AM,955.05,150,143257.5,36687529.45
2025-08-01 10:48:42 AM,955.05,1,955.05,36688484.5
2025-08-01 10:49:11 AM,955.05,1,955.05,36689439.55
2025-08-01 10:49:18 AM,955.75,0,0.0,36689439.55
2025-08-01 10:49:20 AM,955.75,10,9557.5,36698997.05
2025-08-01 10:49:38 AM,955.1,0,0.0,36698997.05
2025-08-01 10:49:42 AM,955.1,1,955.1,36699952.15
2025-08-01 10:49:44 AM,955.0,0,0.0,36699952.15
2025-08-01 10:49:47 AM,955.0,5,4775.0,36704727.15
2025-08-01 10:49:52 AM,955.75,0,0.0,36704727.15
2025-08-01 10:49:52 AM,955.75,10,9557.5,36714284.65
2025-08-01 10:50:06 AM,955.0,0,0.0,36714284.65
2025-08-01 10:50:09 AM,955.0,1,955.0,36715239.65
2025-08-01 10:50:15 AM,955.0,27,25785.0,36741024.65
2025-08-01 10:50:37 AM,955.0,1,955.0,36741979.65
2025-08-01 10:51:05 AM,955.0,1,955.0,36742934.65
2025-08-01 10:51:33 AM,955.0,1,955.0,36743889.65
2025-08-01 10:51:40 AM,955.6,0,0.0,36743889.65
2025-08-01 10:51:44 AM,955.6,3,2866.8,36746756.449999996
2025-08-01 10:51:52 AM,955.0,0,0.0,36746756.449999996
2025-08-01 10:51:54 AM,955.0,2,1910.0,36748666.449999996
2025-08-01 10:52:00 AM,955.0,1,955.0,36749621.449999996
2025-08-01 10:52:04 AM,955.5,0,0.0,36749621.449999996
2025-08-01 10:52:05 AM,955.5,1,955.5,36750576.949999996
2025-08-01 10:52:26 AM,955.0,0,0.0,36750576.949999996
2025-08-01 10:52:27 AM,955.0,1,955.0,36751531.949999996
2025-08-01 10:52:37 AM,955.0,993,948315.0,37699846.949999996
2025-08-01 10:52:42 AM,955.0,17,16235.0,37716081.949999996
2025-08-01 10:52:54 AM,955.0,1,955.0,37717036.949999996
2025-08-01 10:53:25 AM,955.0,1,955.0,37717991.949999996
2025-08-01 10:53:36 AM,955.0,25,23875.0,37741866.949999996
2025-08-01 10:53:41 AM,955.0,3,2865.0,37744731.949999996
2025-08-01 10:53:52 AM,955.0,1,955.0,37745686.949999996
2025-08-01 10:54:08 AM,955.0,20,19100.0,37764786.949999996
2025-08-01 10:54:19 AM,955.0,1,955.0,37765741.949999996
2025-08-01 10:54:24 AM,955.0,1,955.0,37766696.949999996
2025-08-01 10:54:50 AM,955.0,1,955.0,37767651.949999996
2025-08-01 10:55:16 AM,955.0,1,955.0,37768606.949999996
2025-08-01 10:55:32 AM,955.35,0,0.0,37768606.949999996
2025-08-01 10:55:33 AM,955.35,1,955.35,37769562.3
2025-08-01 10:55:45 AM,955.35,4,3821.4,37773383.699999996
2025-08-01 10:56:10 AM,955.0,0,0.0,37773383.699999996
2025-08-01 10:56:10 AM,955.0,1,955.0,37774338.699999996
2025-08-01 10:56:38 AM,955.0,1,955.0,37775293.699999996
2025-08-01 10:56:56 AM,955.35,0,0.0,37775293.699999996
2025-08-01 10:56:58 AM,955.35,10,9553.5,37784847.199999996
2025-08-01 10:57:08 AM,955.0,0,0.0,37784847.199999996
2025-08-01 10:57:08 AM,955.0,1,955.0,37785802.199999996
2025-08-01 10:57:34 AM,955.35,0,0.0,37785802.199999996
2025-08-01 10:57:35 AM,955.35,42,40124.700000000004,37825926.9
2025-08-01 10:57:42 AM,955.85,0,0.0,37825926.9
2025-08-01 10:57:46 AM,955.85,505,482704.25,38308631.15
2025-08-01 10:58:02 AM,955.75,0,0.0,38308631.15
2025-08-01 10:58:02 AM,955.75,1,955.75,38309586.9
2025-08-01 10:58:30 AM,955.5,0,0.0,38309586.9
2025-08-01 10:58:34 AM,955.5,1,955.5,38310542.4
2025-08-01 10:58:58 AM,955.35,0,0.0,38310542.4
2025-08-01 10:59:01 AM,955.35,6,5732.1,38316274.5
2025-08-01 10:59:26 AM,955.35,1,955.35,38317229.85
2025-08-01 10:59:31 AM,955.35,10,9553.5,38326783.35
2025-08-01 10:59:58 AM,955.35,1,955.35,38327738.7
2025-08-01 11:00:25 AM,957.05,0,0.0,38327738.7
2025-08-01 11:00:27 AM,957.05,307,293814.35,38621553.050000004
2025-08-01 11:00:31 AM,958.1,0,0.0,38621553.050000004
2025-08-01 11:00:33 AM,958.1,23,22036.3,38643589.35
2025-08-01 11:00:47 AM,957.25,0,0.0,38643589.35
2025-08-01 11:00:48 AM,957.25,129,123485.25,38767074.6
2025-08-01 11:00:51 AM,955.95,0,0.0,38767074.6
2025-08-01 11:00:54 AM,955.95,1,955.95,38768030.550000004
2025-08-01 11:01:19 AM,956.1,0,0.0,38768030.550000004
2025-08-01 11:01:20 AM,956.1,1,956.1,38768986.650000006
2025-08-01 11:01:46 AM,956.05,1,956.05,38769942.7
2025-08-01 11:02:17 AM,956.05,1,956.05,38770898.75
2025-08-01 11:02:45 AM,956.05,1,956.05,38771854.8
2025-08-01 11:03:11 AM,956.05,2,1912.1,38773766.9
2025-08-01 11:03:23 AM,956.05,2,1912.1,38775679.0
2025-08-01 11:03:39 AM,956.05,1,956.05,38776635.05
2025-08-01 11:04:06 AM,956.05,1,956.05,38777591.099999994
2025-08-01 11:04:34 AM,956.05,1,956.05,38778547.14999999
2025-08-01 11:04:50 AM,956.05,8,7648.4,38786195.54999999
2025-08-01 11:05:02 AM,956.9,2,1913.8,38788109.34999999
2025-08-01 11:05:30 AM,956.1,0,0.0,38788109.34999999
2025-08-01 11:05:33 AM,956.1,1,956.1,38789065.44999999
2025-08-01 11:05:53 AM,957.15,0,0.0,38789065.44999999
2025-08-01 11:05:55 AM,957.15,106,101457.9,38890523.34999999
2025-08-01 11:05:58 AM,956.05,0,0.0,38890523.34999999
2025-08-01 11:06:00 AM,956.05,1,956.05,38891479.39999998
2025-08-01 11:06:28 AM,956.05,1,956.05,38892435.44999998
2025-08-01 11:06:54 AM,956.05,1,956.05,38893391.49999998
2025-08-01 11:06:58 AM,957.1,0,0.0,38893391.49999998
2025-08-01 11:06:58 AM,957.1,44,42112.4,38935503.899999976
2025-08-01 11:07:23 AM,956.0,0,0.0,38935503.899999976
2025-08-01 11:07:25 AM,956.0,1,956.0,38936459.899999976
2025-08-01 11:07:29 AM,958.0,0,0.0,38936459.899999976
2025-08-01 11:07:30 AM,958.0,709,679222.0,39615681.899999976
2025-08-01 11:07:51 AM,958.2,0,0.0,39615681.899999976
2025-08-01 11:07:52 AM,958.2,1,958.2,39616640.09999998
2025-08-01 11:08:13 AM,958.2,12,11498.400000000001,39628138.49999998
2025-08-01 11:08:18 AM,957.0,1,957.0,39629095.49999998
2025-08-01 11:08:34 AM,956.1,300,286830.0,39915925.49999998
2025-08-01 11:08:39 AM,956.5,0,0.0,39915925.49999998
2025-08-01 11:08:41 AM,956.5,10,9565.0,39925490.49999998
2025-08-01 11:08:47 AM,956.55,1,956.55,39926447.049999975
2025-08-01 11:08:57 AM,956.35,0,0.0,39926447.049999975
2025-08-01 11:08:58 AM,956.35,8,7650.8,39934097.84999997
2025-08-01 11:09:14 AM,956.05,0,0.0,39934097.84999997
2025-08-01 11:09:15 AM,956.05,81,77440.05,40011537.89999997
2025-08-01 11:09:42 AM,956.2,0,0.0,40011537.89999997
2025-08-01 11:09:42 AM,956.2,1,956.2,40012494.09999997
2025-08-01 11:10:12 AM,956.2,1,956.2,40013450.299999975
2025-08-01 11:10:22 AM,955.85,0,0.0,40013450.299999975
2025-08-01 11:10:23 AM,955.85,50,47792.5,40061242.799999975
2025-08-01 11:10:28 AM,956.95,0,0.0,40061242.799999975
2025-08-01 11:10:29 AM,956.95,2,1913.9,40063156.69999997
2025-08-01 11:10:38 AM,956.1,0,0.0,40063156.69999997
2025-08-01 11:10:39 AM,955.85,81,77423.85,40140580.549999975
2025-08-01 11:11:06 AM,956.25,0,0.0,40140580.549999975
2025-08-01 11:11:07 AM,956.25,1,956.25,40141536.799999975
2025-08-01 11:11:34 AM,956.35,0,0.0,40141536.799999975
2025-08-01 11:11:34 AM,956.35,1,956.35,40142493.149999976
2025-08-01 11:12:02 AM,956.9,0,0.0,40142493.149999976
2025-08-01 11:12:06 AM,956.9,1,956.9,40143450.049999975
2025-08-01 11:12:16 AM,956.9,499,477493.1,40620943.149999976
2025-08-01 11:12:30 AM,956.25,0,0.0,40620943.149999976
2025-08-01 11:12:32 AM,956.9,0,0.0,40620943.149999976
2025-08-01 11:12:33 AM,956.9,3,2870.7,40623813.84999998
2025-08-01 11:12:39 AM,956.9,20,19138.0,40642951.84999998
2025-08-01 11:12:48 AM,956.9,5,4784.5,40647736.34999998
2025-08-01 11:12:58 AM,955.9,0,0.0,40647736.34999998
2025-08-01 11:12:58 AM,955.9,1,955.9,40648692.24999998
2025-08-01 11:13:26 AM,955.75,0,0.0,40648692.24999998
2025-08-01 11:13:26 AM,955.75,1,955.75,40649647.99999998
2025-08-01 11:13:44 AM,955.8,20,19116.0,40668763.99999998
2025-08-01 11:13:45 AM,956.85,0,0.0,40668763.99999998
2025-08-01 11:13:47 AM,956.85,5,4784.25,40673548.24999998
2025-08-01 11:13:55 AM,955.8,1,955.8,40674504.049999975
2025-08-01 11:14:21 AM,956.7,0,0.0,40674504.049999975
2025-08-01 11:14:21 AM,956.7,10,9567.0,40684071.049999975
2025-08-01 11:14:23 AM,955.75,0,0.0,40684071.049999975
2025-08-01 11:14:25 AM,955.75,1,955.75,40685026.799999975
2025-08-01 11:14:52 AM,955.75,1,955.75,40685982.549999975
2025-08-01 11:15:19 AM,955.8,0,0.0,40685982.549999975
2025-08-01 11:15:19 AM,955.8,1,955.8,40686938.34999997
2025-08-01 11:15:46 AM,955.8,1,955.8,40687894.14999997
2025-08-01 11:16:13 AM,955.85,0,0.0,40687894.14999997
2025-08-01 11:16:15 AM,955.8,0,0.0,40687894.14999997
2025-08-01 11:16:17 AM,955.8,2,1911.6,40689805.74999997
2025-08-01 11:16:43 AM,955.8,1,955.8,40690761.54999997
2025-08-01 11:17:10 AM,955.8,1,955.8,40691717.349999964
2025-08-01 11:17:36 AM,956.5,18,17217.0,40708934.349999964
2025-08-01 11:17:38 AM,956.5,1,956.5,40709890.849999964
2025-08-01 11:17:49 AM,955.6,0,0.0,40709890.849999964
2025-08-01 11:17:49 AM,955.6,80,76448.0,40786338.849999964
2025-08-01 11:17:52 AM,956.8,1,956.8,40787295.64999996
2025-08-01 11:18:06 AM,955.7,0,0.0,40787295.64999996
2025-08-01 11:18:08 AM,955.7,1,955.7,40788251.349999964
2025-08-01 11:18:35 AM,955.6,0,0.0,40788251.349999964
2025-08-01 11:18:36 AM,955.6,1,955.6,40789206.949999966
2025-08-01 11:18:39 AM,955.5,0,0.0,40789206.949999966
2025-08-01 11:18:42 AM,955.5,100,95550.0,40884756.949999966
2025-08-01 11:18:47 AM,957.0,0,0.0,40884756.949999966
2025-08-01 11:18:48 AM,957.0,444,424908.0,41309664.949999966
2025-08-01 11:19:00 AM,955.4,10,9554.0,41319218.949999966
2025-08-01 11:19:03 AM,955.35,0,0.0,41319218.949999966
2025-08-01 11:19:05 AM,955.35,1,955.35,41320174.29999997
2025-08-01 11:19:33 AM,955.35,1,955.35,41321129.64999997
2025-08-01 11:19:38 AM,955.35,3,2866.05,41323995.699999966
2025-08-01 11:20:00 AM,955.35,1,955.35,41324951.04999997
2025-08-01 11:20:26 AM,955.35,1,955.35,41325906.39999997
2025-08-01 11:20:47 AM,955.1,70,66857.0,41392763.39999997
2025-08-01 11:20:54 AM,955.15,0,0.0,41392763.39999997
2025-08-01 11:20:57 AM,955.1,0,0.0,41392763.39999997
2025-08-01 11:20:57 AM,955.1,32,30563.2,41423326.59999997
2025-08-01 11:21:24 AM,955.1,1,955.1,41424281.69999997
2025-08-01 11:21:39 AM,955.1,55,52530.5,41476812.19999997
2025-08-01 11:21:45 AM,955.1,6,5730.6,41482542.799999975
2025-08-01 11:21:50 AM,955.05,0,0.0,41482542.799999975
2025-08-01 11:21:50 AM,955.05,1,955.05,41483497.84999997
2025-08-01 11:21:52 AM,955.1,0,0.0,41483497.84999997
2025-08-01 11:21:54 AM,955.1,5,4775.5,41488273.34999997
2025-08-01 11:22:21 AM,955.1,1,955.1,41489228.44999997
2025-08-01 11:22:28 AM,955.15,0,0.0,41489228.44999997
2025-08-01 11:22:32 AM,955.15,13,12416.949999999999,41501645.399999976
2025-08-01 11:22:39 AM,956.0,0,0.0,41501645.399999976
2025-08-01 11:22:42 AM,956.0,52,49712.0,41551357.399999976
2025-08-01 11:22:48 AM,956.0,1,956.0,41552313.399999976
2025-08-01 11:23:14 AM,955.3,0,0.0,41552313.399999976
2025-08-01 11:23:14 AM,955.3,1,955.3,41553268.69999997
2025-08-01 11:23:30 AM,955.3,2,1910.6,41555179.299999975
2025-08-01 11:23:41 AM,956.4,0,0.0,41555179.299999975
2025-08-01 11:23:42 AM,955.2,0,0.0,41555179.299999975
2025-08-01 11:23:45 AM,955.2,32,30566.4,41585745.69999997
2025-08-01 11:24:10 AM,955.15,0,0.0,41585745.69999997
2025-08-01 11:24:10 AM,955.15,1,955.15,41586700.84999997
2025-08-01 11:24:26 AM,955.15,6,5730.9,41592431.74999997
2025-08-01 11:24:38 AM,955.2,0,0.0,41592431.74999997
2025-08-01 11:24:42 AM,955.2,1,955.2,41593386.94999997
2025-08-01 11:24:58 AM,955.2,6,5731.200000000001,41599118.149999976
2025-08-01 11:25:09 AM,955.2,1,955.2,41600073.34999998
2025-08-01 11:25:25 AM,955.15,0,0.0,41600073.34999998
2025-08-01 11:25:29 AM,955.15,5,4775.75,41604849.09999998
2025-08-01 11:25:34 AM,955.1,0,0.0,41604849.09999998
2025-08-01 11:25:34 AM,955.1,1,955.1,41605804.19999998
2025-08-01 11:25:41 AM,955.15,0,0.0,41605804.19999998
2025-08-01 11:25:45 AM,955.15,2,1910.3,41607714.49999998
2025-08-01 11:26:05 AM,955.15,1,955.15,41608669.649999976
2025-08-01 11:26:31 AM,955.15,1,955.15,41609624.799999975
2025-08-01 11:26:58 AM,955.4,1,955.4,41610580.19999997
2025-08-01 11:27:13 AM,955.4,5,4777.0,41615357.19999997
2025-08-01 11:27:26 AM,955.5,0,0.0,41615357.19999997
2025-08-01 11:27:27 AM,955.5,1,955.5,41616312.69999997
2025-08-01 11:27:54 AM,955.5,1,955.5,41617268.19999997
2025-08-01 11:28:03 AM,955.85,0,0.0,41617268.19999997
2025-08-01 11:28:03 AM,955.85,101,96540.85,41713809.049999975
2025-08-01 11:28:22 AM,956.05,0,0.0,41713809.049999975
2025-08-01 11:28:24 AM,956.05,1,956.05,41714765.09999997
2025-08-01 11:28:50 AM,955.45,0,0.0,41714765.09999997
2025-08-01 11:28:51 AM,955.45,1,955.45,41715720.549999975
2025-08-01 11:29:14 AM,955.4,0,0.0,41715720.549999975
2025-08-01 11:29:15 AM,955.4,40,38216.0,41753936.549999975
2025-08-01 11:29:18 AM,955.55,0,0.0,41753936.549999975
2025-08-01 11:29:20 AM,955.55,1,955.55,41754892.09999997
2025-08-01 11:29:22 AM,956.25,0,0.0,41754892.09999997
2025-08-01 11:29:23 AM,956.25,10,9562.5,41764454.59999997
2025-08-01 11:29:46 AM,955.6,0,0.0,41764454.59999997
2025-08-01 11:29:47 AM,955.6,1,955.6,41765410.19999997
2025-08-01 11:30:15 AM,955.4,1,955.4,41766365.59999997
2025-08-01 11:30:43 AM,955.45,1,955.45,41767321.049999975
2025-08-01 11:31:11 AM,955.5,1,955.5,41768276.549999975
2025-08-01 11:31:28 AM,955.5,2,1911.0,41770187.549999975
2025-08-01 11:31:38 AM,955.6,0,0.0,41770187.549999975
2025-08-01 11:31:38 AM,955.6,1,955.6,41771143.149999976
2025-08-01 11:32:06 AM,955.45,0,0.0,41771143.149999976
2025-08-01 11:32:07 AM,955.45,1,955.45,41772098.59999998
2025-08-01 11:32:08 AM,956.3,0,0.0,41772098.59999998
2025-08-01 11:32:09 AM,956.3,329,314622.7,42086721.29999998
2025-08-01 11:32:35 AM,955.45,1,955.45,42087676.749999985
2025-08-01 11:32:57 AM,955.4,0,0.0,42087676.749999985
2025-08-01 11:33:00 AM,955.4,11,10509.4,42098186.14999998
2025-08-01 11:33:02 AM,955.5,0,0.0,42098186.14999998
2025-08-01 11:33:05 AM,955.5,1,955.5,42099141.64999998
2025-08-01 11:33:30 AM,955.45,0,0.0,42099141.64999998
2025-08-01 11:33:30 AM,955.45,1,955.45,42100097.09999999
2025-08-01 11:33:39 AM,956.9,0,0.0,42100097.09999999
2025-08-01 11:33:40 AM,956.9,49,46888.1,42146985.19999999
2025-08-01 11:33:58 AM,955.5,0,0.0,42146985.19999999
2025-08-01 11:34:01 AM,955.5,1,955.5,42147940.69999999
2025-08-01 11:34:26 AM,956.55,0,0.0,42147940.69999999
2025-08-01 11:34:26 AM,955.5,8,7644.0,42155584.69999999
2025-08-01 11:34:36 AM,957.95,0,0.0,42155584.69999999
2025-08-01 11:34:36 AM,957.95,173,165725.35,42321310.04999999
2025-08-01 11:34:38 AM,956.45,0,0.0,42321310.04999999
2025-08-01 11:34:39 AM,957.7,0,0.0,42321310.04999999
2025-08-01 11:34:42 AM,957.7,525,502792.5,42824102.54999999
2025-08-01 11:34:46 AM,958.75,0,0.0,42824102.54999999
2025-08-01 11:34:47 AM,958.75,7,6711.25,42830813.79999999
2025-08-01 11:34:54 AM,958.2,0,0.0,42830813.79999999
2025-08-01 11:34:56 AM,958.95,0,0.0,42830813.79999999
2025-08-01 11:34:58 AM,958.95,8,7671.6,42838485.39999999
2025-08-01 11:35:06 AM,959.05,0,0.0,42838485.39999999
2025-08-01 11:35:08 AM,959.05,7,6713.349999999999,42845198.74999999
2025-08-01 11:35:16 AM,958.95,0,0.0,42845198.74999999
2025-08-01 11:35:19 AM,958.95,7,6712.650000000001,42851911.39999999
2025-08-01 11:35:22 AM,958.05,0,0.0,42851911.39999999
2025-08-01 11:35:24 AM,958.05,1,958.05,42852869.44999999
2025-08-01 11:35:34 AM,956.5,0,0.0,42852869.44999999
2025-08-01 11:35:35 AM,956.5,240,229560.0,43082429.44999999
2025-08-01 11:35:50 AM,955.85,0,0.0,43082429.44999999
2025-08-01 11:35:50 AM,955.85,1,955.85,43083385.29999999
2025-08-01 11:36:18 AM,955.7,0,0.0,43083385.29999999
2025-08-01 11:36:21 AM,955.7,1,955.7,43084340.99999999
2025-08-01 11:36:47 AM,955.7,1,955.7,43085296.699999996
2025-08-01 11:37:14 AM,955.7,1,955.7,43086252.4
2025-08-01 11:37:42 AM,955.65,0,0.0,43086252.4
2025-08-01 11:37:45 AM,955.65,1,955.65,43087208.05
2025-08-01 11:38:10 AM,955.7,1,955.7,43088163.75
2025-08-01 11:38:38 AM,955.65,0,0.0,43088163.75
2025-08-01 11:38:40 AM,955.65,2,1911.3,43090075.05
2025-08-01 11:38:54 AM,956.55,0,0.0,43090075.05
2025-08-01 11:38:56 AM,956.55,1,956.55,43091031.599999994
2025-08-01 11:39:06 AM,955.55,0,0.0,43091031.599999994
2025-08-01 11:39:07 AM,955.55,4,3822.2,43094853.8
2025-08-01 11:39:35 AM,955.35,0,0.0,43094853.8
2025-08-01 11:39:36 AM,955.35,69,65919.15000000001,43160772.949999996
2025-08-01 11:40:03 AM,955.35,1,955.35,43161728.3
2025-08-01 11:40:30 AM,955.25,76,72599.0,43234327.3
2025-08-01 11:40:59 AM,955.25,1,955.25,43235282.55
2025-08-01 11:41:07 AM,955.75,0,0.0,43235282.55
2025-08-01 11:41:10 AM,955.75,5,4778.75,43240061.3
2025-08-01 11:41:20 AM,955.75,1,955.75,43241017.05
2025-08-01 11:41:27 AM,955.25,0,0.0,43241017.05
2025-08-01 11:41:29 AM,955.25,1,955.25,43241972.3
2025-08-01 11:41:55 AM,955.25,1,955.25,43242927.55
2025-08-01 11:42:10 AM,955.25,12,11463.0,43254390.55
2025-08-01 11:42:23 AM,955.2,0,0.0,43254390.55
2025-08-01 11:42:25 AM,955.2,1,955.2,43255345.75
2025-08-01 11:42:52 AM,955.2,1,955.2,43256300.95
2025-08-01 11:43:19 AM,955.2,1,955.2,43257256.150000006
2025-08-01 11:43:35 AM,955.2,2,1910.4,43259166.550000004
2025-08-01 11:43:50 AM,955.2,1,955.2,43260121.75000001
2025-08-01 11:44:05 AM,956.15,0,0.0,43260121.75000001
2025-08-01 11:44:06 AM,956.15,32,30596.8,43290718.550000004
2025-08-01 11:44:18 AM,955.2,0,0.0,43290718.550000004
2025-08-01 11:44:18 AM,955.2,1,955.2,43291673.75000001
2025-08-01 11:44:46 AM,955.2,1,955.2,43292628.95000001
2025-08-01 11:45:00 AM,956.05,0,0.0,43292628.95000001
2025-08-01 11:45:02 AM,956.05,2,1912.1,43294541.05000001
2025-08-01 11:45:10 AM,955.2,0,0.0,43294541.05000001
2025-08-01 11:45:13 AM,955.2,1,955.2,43295496.250000015
2025-08-01 11:45:39 AM,955.25,0,0.0,43295496.250000015
2025-08-01 11:45:40 AM,955.25,1,955.25,43296451.500000015
2025-08-01 11:46:06 AM,955.2,0,0.0,43296451.500000015
2025-08-01 11:46:06 AM,955.2,1,955.2,43297406.70000002
2025-08-01 11:46:38 AM,955.2,1,955.2,43298361.90000002
2025-08-01 11:46:44 AM,955.2,233,222561.6,43520923.50000002
2025-08-01 11:47:04 AM,956.1,0,0.0,43520923.50000002
2025-08-01 11:47:05 AM,956.1,7,6692.7,43527616.200000025
2025-08-01 11:47:30 AM,955.2,0,0.0,43527616.200000025
2025-08-01 11:47:30 AM,955.2,1,955.2,43528571.40000003
2025-08-01 11:47:53 AM,956.1,0,0.0,43528571.40000003
2025-08-01 11:47:56 AM,956.1,11,10517.1,43539088.50000003
2025-08-01 11:47:58 AM,955.2,0,0.0,43539088.50000003
2025-08-01 11:48:01 AM,955.2,2,1910.4,43540998.90000003
2025-08-01 11:48:26 AM,955.2,1,955.2,43541954.10000003
2025-08-01 11:48:32 AM,956.2,0,0.0,43541954.10000003
2025-08-01 11:48:36 AM,956.2,3,2868.6000000000004,43544822.70000003
2025-08-01 11:48:54 AM,955.2,0,0.0,43544822.70000003
2025-08-01 11:48:56 AM,955.2,1,955.2,43545777.900000036
2025-08-01 11:49:23 AM,955.2,1,955.2,43546733.10000004
2025-08-01 11:49:54 AM,955.2,1,955.2,43547688.30000004
2025-08-01 11:49:59 AM,955.2,10,9552.0,43557240.30000004
2025-08-01 11:50:20 AM,955.2,1,955.2,43558195.500000045
2025-08-01 11:50:50 AM,955.2,1,955.2,43559150.70000005
2025-08-01 11:51:14 AM,955.2,1,955.2,43560105.90000005
2025-08-01 11:51:44 AM,955.2,1,955.2,43561061.10000005
2025-08-01 11:52:14 AM,955.2,1,955.2,43562016.30000006
2025-08-01 11:52:38 AM,955.45,0,0.0,43562016.30000006
2025-08-01 11:52:39 AM,955.45,1,955.45,43562971.75000006
2025-08-01 11:53:06 AM,955.5,1,955.5,43563927.25000006
2025-08-01 11:53:31 AM,957.0,64,61248.0,43625175.25000006
2025-08-01 11:53:33 AM,958.0,0,0.0,43625175.25000006
2025-08-01 11:53:35 AM,958.0,27,25866.0,43651041.25000006
2025-08-01 11:53:41 AM,958.0,15,14370.0,43665411.25000006
2025-08-01 11:53:41 AM,959.0,0,0.0,43665411.25000006
2025-08-01 11:53:41 AM,959.0,94,90146.0,43755557.25000006
2025-08-01 11:54:02 AM,957.85,0,0.0,43755557.25000006
2025-08-01 11:54:04 AM,958.85,0,0.0,43755557.25000006
2025-08-01 11:54:05 AM,958.85,5,4794.25,43760351.50000006
2025-08-01 11:54:19 AM,957.7,0,0.0,43760351.50000006
2025-08-01 11:54:20 AM,957.3,0,0.0,43760351.50000006
2025-08-01 11:54:21 AM,957.3,37,35420.1,43795771.60000006
2025-08-01 11:54:30 AM,957.45,0,0.0,43795771.60000006
2025-08-01 11:54:32 AM,957.45,1,957.45,43796729.050000064
2025-08-01 11:54:58 AM,957.5,1,957.5,43797686.550000064
2025-08-01 11:55:26 AM,957.55,0,0.0,43797686.550000064
2025-08-01 11:55:27 AM,957.55,1,957.55,43798644.10000006
2025-08-01 11:55:56 AM,957.55,1,957.55,43799601.65000006
2025-08-01 11:56:23 AM,957.55,2,1915.1,43801516.75000006
2025-08-01 11:56:43 AM,957.45,0,0.0,43801516.75000006
2025-08-01 11:56:44 AM,957.45,13,12446.85,43813963.60000006
2025-08-01 11:56:50 AM,957.3,0,0.0,43813963.60000006
2025-08-01 11:56:53 AM,957.3,1,957.3,43814920.90000006
2025-08-01 11:57:19 AM,957.3,1,957.3,43815878.200000055
2025-08-01 11:57:48 AM,957.3,1,957.3,43816835.50000005
2025-08-01 11:58:04 AM,957.25,0,0.0,43816835.50000005
2025-08-01 11:58:04 AM,957.25,10,9572.5,43826408.00000005
2025-08-01 11:58:14 AM,957.25,1,957.25,43827365.25000005
2025-08-01 11:58:34 AM,956.85,0,0.0,43827365.25000005
2025-08-01 11:58:35 AM,956.85,106,101426.1,43928791.35000005
2025-08-01 11:58:42 AM,957.15,0,0.0,43928791.35000005
2025-08-01 11:58:42 AM,957.15,1,957.15,43929748.50000005
2025-08-01 11:59:03 AM,957.25,4,3829.0,43933577.50000005
2025-08-01 11:59:10 AM,957.2,0,0.0,43933577.50000005
2025-08-01 11:59:12 AM,957.2,1,957.2,43934534.700000055
2025-08-01 11:59:38 AM,957.25,0,0.0,43934534.700000055
2025-08-01 11:59:40 AM,957.25,1,957.25,43935491.950000055
2025-08-01 12:00:06 PM,957.2,1,957.2,43936449.15000006
2025-08-01 12:00:22 PM,957.05,407,389519.35,44325968.50000006
2025-08-01 12:00:24 PM,957.4,0,0.0,44325968.50000006
2025-08-01 12:00:25 PM,957.4,31,29679.399999999998,44355647.90000006
2025-08-01 12:00:34 PM,956.65,0,0.0,44355647.90000006
2025-08-01 12:00:35 PM,956.65,1,956.65,44356604.55000006
2025-08-01 12:00:58 PM,956.45,0,0.0,44356604.55000006
2025-08-01 12:00:59 PM,956.45,55,52604.75,44409209.30000006
2025-08-01 12:01:02 PM,956.5,1,956.5,44410165.80000006
2025-08-01 12:01:30 PM,956.55,0,0.0,44410165.80000006
2025-08-01 12:01:30 PM,956.55,1,956.55,44411122.35000005
2025-08-01 12:01:59 PM,956.55,1,956.55,44412078.90000005
2025-08-01 12:02:26 PM,956.55,1,956.55,44413035.45000005
2025-08-01 12:02:56 PM,956.55,1,956.55,44413992.000000045
2025-08-01 12:03:03 PM,956.5,0,0.0,44413992.000000045
2025-08-01 12:03:03 PM,956.5,5,4782.5,44418774.500000045
2025-08-01 12:03:22 PM,956.55,0,0.0,44418774.500000045
2025-08-01 12:03:23 PM,956.55,1,956.55,44419731.05000004
2025-08-01 12:03:51 PM,956.55,1,956.55,44420687.60000004
2025-08-01 12:04:21 PM,956.55,1,956.55,44421644.150000036
2025-08-01 12:04:23 PM,956.2,0,0.0,44421644.150000036
2025-08-01 12:04:26 PM,956.2,50,47810.0,44469454.150000036
2025-08-01 12:04:46 PM,956.3,1,956.3,44470410.45000003
2025-08-01 12:05:17 PM,956.3,1,956.3,44471366.75000003
2025-08-01 12:05:43 PM,956.3,1,956.3,44472323.05000003
2025-08-01 12:06:10 PM,956.2,0,0.0,44472323.05000003
2025-08-01 12:06:12 PM,956.2,1,956.2,44473279.25000003
2025-08-01 12:06:41 PM,956.2,1,956.2,44474235.45000003
2025-08-01 12:07:06 PM,956.25,1,956.25,44475191.70000003
2025-08-01 12:07:34 PM,956.3,0,0.0,44475191.70000003
2025-08-01 12:07:37 PM,956.3,1,956.3,44476148.00000003
2025-08-01 12:08:02 PM,956.3,60,57378.0,44533526.00000003
2025-08-01 12:08:02 PM,956.5,0,0.0,44533526.00000003
2025-08-01 12:08:07 PM,956.5,1,956.5,44534482.50000003
2025-08-01 12:08:10 PM,956.6,0,0.0,44534482.50000003
2025-08-01 12:08:12 PM,956.6,1,956.6,44535439.10000003
2025-08-01 12:08:32 PM,956.6,1,956.6,44536395.70000003
2025-08-01 12:09:02 PM,956.6,1,956.6,44537352.300000034
2025-08-01 12:09:26 PM,956.15,0,0.0,44537352.300000034
2025-08-01 12:09:27 PM,956.15,1,956.15,44538308.45000003
2025-08-01 12:09:54 PM,956.6,0,0.0,44538308.45000003
2025-08-01 12:09:56 PM,956.6,1,956.6,44539265.050000034
2025-08-01 12:10:22 PM,956.6,1,956.6,44540221.650000036
2025-08-01 12:10:51 PM,956.6,1,956.6,44541178.25000004
2025-08-01 12:11:21 PM,956.6,1,956.6,44542134.85000004
2025-08-01 12:11:46 PM,956.6,1,956.6,44543091.45000004
2025-08-01 12:12:14 PM,956.1,0,0.0,44543091.45000004
2025-08-01 12:12:15 PM,956.1,1,956.1,44544047.55000004
2025-08-01 12:12:42 PM,956.0,0,0.0,44544047.55000004
2025-08-01 12:12:42 PM,956.7,0,0.0,44544047.55000004
2025-08-01 12:12:45 PM,956.7,4,3826.8,44547874.35000004
2025-08-01 12:13:10 PM,956.15,0,0.0,44547874.35000004
2025-08-01 12:13:11 PM,956.15,1,956.15,44548830.50000004
2025-08-01 12:13:38 PM,956.0,0,0.0,44548830.50000004
2025-08-01 12:13:41 PM,956.0,2,1912.0,44550742.50000004
2025-08-01 12:13:56 PM,956.4,24,22953.6,44573696.10000004
2025-08-01 12:14:06 PM,956.5,0,0.0,44573696.10000004
2025-08-01 12:14:06 PM,956.5,1,956.5,44574652.60000004
2025-08-01 12:14:35 PM,956.5,1,956.5,44575609.10000004
2025-08-01 12:15:02 PM,956.4,0,0.0,44575609.10000004
2025-08-01 12:15:06 PM,956.4,1,956.4,44576565.50000004
2025-08-01 12:15:30 PM,957.25,0,0.0,44576565.50000004
2025-08-01 12:15:32 PM,957.25,8,7658.0,44584223.50000004
2025-08-01 12:15:40 PM,957.3,0,0.0,44584223.50000004
2025-08-01 12:15:42 PM,956.35,45,43035.75,44627259.25000004
2025-08-01 12:15:56 PM,957.4,0,0.0,44627259.25000004
2025-08-01 12:15:57 PM,957.4,1,957.4,44628216.650000036
2025-08-01 12:15:58 PM,956.6,1,956.6,44629173.25000004
2025-08-01 12:16:14 PM,957.5,0,0.0,44629173.25000004
2025-08-01 12:16:17 PM,957.5,10,9575.0,44638748.25000004
2025-08-01 12:16:26 PM,956.7,0,0.0,44638748.25000004
2025-08-01 12:16:27 PM,956.7,1,956.7,44639704.95000004
2025-08-01 12:16:56 PM,956.7,1,956.7,44640661.65000004
2025-08-01 12:17:06 PM,957.6,0,0.0,44640661.65000004
2025-08-01 12:17:11 PM,957.6,14,13406.4,44654068.05000004
2025-08-01 12:17:18 PM,957.65,0,0.0,44654068.05000004
2025-08-01 12:17:20 PM,956.8,0,0.0,44654068.05000004
2025-08-01 12:17:20 PM,956.8,2,1913.6,44655981.65000004
2025-08-01 12:17:22 PM,956.75,0,0.0,44655981.65000004
2025-08-01 12:17:25 PM,956.75,1,956.75,44656938.40000004
2025-08-01 12:17:54 PM,956.75,1,956.75,44657895.15000004
2025-08-01 12:18:14 PM,956.7,25,23917.5,44681812.65000004
2025-08-01 12:18:18 PM,956.75,0,0.0,44681812.65000004
2025-08-01 12:18:18 PM,956.75,1,956.75,44682769.40000004
2025-08-01 12:18:46 PM,956.55,0,0.0,44682769.40000004
2025-08-01 12:18:48 PM,956.55,1,956.55,44683725.95000004
2025-08-01 12:19:14 PM,956.65,1,956.65,44684682.60000004
2025-08-01 12:19:42 PM,956.5,0,0.0,44684682.60000004
2025-08-01 12:19:44 PM,956.5,1,956.5,44685639.10000004
2025-08-01 12:20:10 PM,956.55,0,0.0,44685639.10000004
2025-08-01 12:20:15 PM,956.55,1,956.55,44686595.650000036
2025-08-01 12:20:38 PM,956.5,0,0.0,44686595.650000036
2025-08-01 12:20:41 PM,956.5,1,956.5,44687552.150000036
2025-08-01 12:20:56 PM,956.5,40,38260.0,44725812.150000036
2025-08-01 12:21:06 PM,956.7,1,956.7,44726768.85000004
2025-08-01 12:21:32 PM,956.65,0,0.0,44726768.85000004
2025-08-01 12:21:35 PM,956.65,3,2869.95,44729638.80000004
2025-08-01 12:22:02 PM,956.8,0,0.0,44729638.80000004
2025-08-01 12:22:04 PM,956.8,1,956.8,44730595.60000004
2025-08-01 12:22:25 PM,956.85,0,0.0,44730595.60000004
2025-08-01 12:22:25 PM,956.85,1,956.85,44731552.45000004
2025-08-01 12:22:30 PM,956.8,0,0.0,44731552.45000004
2025-08-01 12:22:31 PM,956.8,1,956.8,44732509.25000004
2025-08-01 12:22:58 PM,956.5,0,0.0,44732509.25000004
2025-08-01 12:23:01 PM,956.5,1,956.5,44733465.75000004
2025-08-01 12:23:03 PM,957.45,0,0.0,44733465.75000004
2025-08-01 12:23:06 PM,957.45,3,2872.3500000000004,44736338.10000004
2025-08-01 12:23:26 PM,956.5,1,956.5,44737294.60000004
2025-08-01 12:23:54 PM,956.55,0,0.0,44737294.60000004
2025-08-01 12:23:55 PM,956.55,3,2869.6499999999996,44740164.25000004
2025-08-01 12:24:25 PM,956.55,1,956.55,44741120.800000034
2025-08-01 12:24:50 PM,956.55,1,956.55,44742077.35000003
2025-08-01 12:25:18 PM,956.6,0,0.0,44742077.35000003
2025-08-01 12:25:20 PM,956.6,1,956.6,44743033.95000003
2025-08-01 12:25:46 PM,956.65,0,0.0,44743033.95000003
2025-08-01 12:25:47 PM,956.55,0,0.0,44743033.95000003
2025-08-01 12:25:50 PM,956.55,22,21044.1,44764078.050000034
2025-08-01 12:25:53 PM,957.5,0,0.0,44764078.050000034
2025-08-01 12:25:55 PM,957.5,10,9575.0,44773653.050000034
2025-08-01 12:26:14 PM,956.6,0,0.0,44773653.050000034
2025-08-01 12:26:15 PM,956.6,1,956.6,44774609.650000036
2025-08-01 12:26:42 PM,956.55,0,0.0,44774609.650000036
2025-08-01 12:26:45 PM,956.55,1,956.55,44775566.20000003
2025-08-01 12:27:11 PM,956.55,1,956.55,44776522.75000003
2025-08-01 12:27:26 PM,957.75,69,66084.75,44842607.50000003
2025-08-01 12:27:27 PM,957.6,0,0.0,44842607.50000003
2025-08-01 12:27:31 PM,957.6,1,957.6,44843565.10000003
2025-08-01 12:27:38 PM,956.6,0,0.0,44843565.10000003
2025-08-01 12:27:41 PM,956.6,1,956.6,44844521.70000003
2025-08-01 12:27:55 PM,956.6,1,956.6,44845478.300000034
2025-08-01 12:28:10 PM,956.6,1,956.6,44846434.900000036
2025-08-01 12:28:15 PM,957.6,4,3830.4,44850265.300000034
2025-08-01 12:28:34 PM,956.6,0,0.0,44850265.300000034
2025-08-01 12:28:35 PM,956.6,1,956.6,44851221.900000036
2025-08-01 12:28:43 PM,957.6,0,0.0,44851221.900000036
2025-08-01 12:28:45 PM,957.6,1,957.6,44852179.50000004
2025-08-01 12:29:02 PM,956.65,0,0.0,44852179.50000004
2025-08-01 12:29:04 PM,956.65,1,956.65,44853136.150000036
2025-08-01 12:29:30 PM,956.65,1,956.65,44854092.800000034
2025-08-01 12:29:40 PM,956.65,186,177936.9,45032029.70000003
2025-08-01 12:29:59 PM,956.65,1,956.65,45032986.35000003
2025-08-01 12:30:07 PM,956.65,20,19133.0,45052119.35000003
2025-08-01 12:30:20 PM,956.35,0,0.0,45052119.35000003
2025-08-01 12:30:22 PM,956.35,523,500171.05,45552290.40000003
2025-08-01 12:30:26 PM,955.65,0,0.0,45552290.40000003
2025-08-01 12:30:27 PM,955.65,1,955.65,45553246.05000003
2025-08-01 12:30:54 PM,955.7,0,0.0,45553246.05000003
2025-08-01 12:30:56 PM,955.7,1,955.7,45554201.75000003
2025-08-01 12:31:22 PM,955.75,2,1911.5,45556113.25000003
2025-08-01 12:31:27 PM,955.75,44,42053.0,45598166.25000003
2025-08-01 12:31:50 PM,955.8,0,0.0,45598166.25000003
2025-08-01 12:31:54 PM,955.8,1,955.8,45599122.05000003
2025-08-01 12:32:20 PM,955.8,1,955.8,45600077.850000024
2025-08-01 12:32:46 PM,955.8,1,955.8,45601033.65000002
2025-08-01 12:33:00 PM,955.8,5,4779.0,45605812.65000002
2025-08-01 12:33:14 PM,955.85,0,0.0,45605812.65000002
2025-08-01 12:33:16 PM,955.85,1,955.85,45606768.50000002
2025-08-01 12:33:45 PM,955.85,1,955.85,45607724.350000024
2025-08-01 12:34:11 PM,955.5,76,72618.0,45680342.350000024
2025-08-01 12:34:32 PM,955.25,0,0.0,45680342.350000024
2025-08-01 12:34:36 PM,955.25,1,955.25,45681297.600000024
2025-08-01 12:34:38 PM,955.15,0,0.0,45681297.600000024
2025-08-01 12:34:41 PM,955.15,1,955.15,45682252.75000002
2025-08-01 12:35:02 PM,955.25,0,0.0,45682252.75000002
2025-08-01 12:35:06 PM,955.15,0,0.0,45682252.75000002
2025-08-01 12:35:06 PM,955.15,11,10506.65,45692759.40000002
2025-08-01 12:35:22 PM,955.15,90,85963.5,45778722.90000002
2025-08-01 12:35:32 PM,955.15,40,38206.0,45816928.90000002
2025-08-01 12:35:37 PM,955.15,1,955.15,45817884.05000002
2025-08-01 12:35:42 PM,953.2,2124,2024596.8,47842480.85000002
2025-08-01 12:36:02 PM,953.0,0,0.0,47842480.85000002
2025-08-01 12:36:04 PM,953.0,1,953.0,47843433.85000002
2025-08-01 12:36:30 PM,953.0,1,953.0,47844386.85000002
2025-08-01 12:36:50 PM,953.0,3,2859.0,47847245.85000002
2025-08-01 12:36:51 PM,953.55,0,0.0,47847245.85000002
2025-08-01 12:36:56 PM,953.55,62,59120.1,47906365.95000002
2025-08-01 12:36:59 PM,953.5,0,0.0,47906365.95000002
2025-08-01 12:37:01 PM,953.5,1,953.5,47907319.45000002
2025-08-01 12:37:26 PM,953.45,1,953.45,47908272.90000002
2025-08-01 12:37:29 PM,955.85,0,0.0,47908272.90000002
2025-08-01 12:37:30 PM,955.85,690,659536.5,48567809.40000002
2025-08-01 12:37:54 PM,953.6,0,0.0,48567809.40000002
2025-08-01 12:37:55 PM,953.6,1,953.6,48568763.00000002
2025-08-01 12:38:22 PM,953.45,0,0.0,48568763.00000002
2025-08-01 12:38:26 PM,953.45,1,953.45,48569716.450000025
2025-08-01 12:38:27 PM,953.45,8,7627.6,48577344.05000003
2025-08-01 12:38:50 PM,953.5,0,0.0,48577344.05000003
2025-08-01 12:38:51 PM,953.5,1,953.5,48578297.55000003
2025-08-01 12:39:05 PM,956.0,0,0.0,48578297.55000003
2025-08-01 12:39:05 PM,956.0,522,499032.0,49077329.55000003
2025-08-01 12:39:07 PM,953.5,0,0.0,49077329.55000003
2025-08-01 12:39:09 PM,953.5,35,33372.5,49110702.05000003
2025-08-01 12:39:18 PM,953.7,0,0.0,49110702.05000003
2025-08-01 12:39:18 PM,953.7,1,953.7,49111655.75000003
2025-08-01 12:39:46 PM,953.65,0,0.0,49111655.75000003
2025-08-01 12:39:48 PM,953.65,1,953.65,49112609.40000003
2025-08-01 12:39:49 PM,954.75,48,45828.0,49158437.40000003
2025-08-01 12:40:14 PM,953.65,0,0.0,49158437.40000003
2025-08-01 12:40:15 PM,953.65,1,953.65,49159391.05000003
2025-08-01 12:40:42 PM,953.6,0,0.0,49159391.05000003
2025-08-01 12:40:46 PM,953.6,1,953.6,49160344.65000003
2025-08-01 12:41:10 PM,953.7,0,0.0,49160344.65000003
2025-08-01 12:41:11 PM,953.7,1,953.7,49161298.35000003
2025-08-01 12:41:38 PM,953.6,0,0.0,49161298.35000003
2025-08-01 12:41:38 PM,953.6,1,953.6,49162251.95000003
2025-08-01 12:42:06 PM,954.0,0,0.0,49162251.95000003
2025-08-01 12:42:09 PM,954.0,1,954.0,49163205.95000003
2025-08-01 12:42:34 PM,954.0,1,954.0,49164159.95000003
2025-08-01 12:43:05 PM,954.0,1,954.0,49165113.95000003
2025-08-01 12:43:33 PM,954.0,1,954.0,49166067.95000003
2025-08-01 12:43:44 PM,954.0,271,258534.0,49424601.95000003
2025-08-01 12:43:58 PM,953.8,0,0.0,49424601.95000003
2025-08-01 12:44:01 PM,953.8,1,953.8,49425555.75000003
2025-08-01 12:44:26 PM,953.85,0,0.0,49425555.75000003
2025-08-01 12:44:28 PM,953.85,1,953.85,49426509.60000003
2025-08-01 12:44:56 PM,954.75,0,0.0,49426509.60000003
2025-08-01 12:44:59 PM,954.75,6,5728.5,49432238.10000003
2025-08-01 12:45:09 PM,954.75,2,1909.5,49434147.60000003
2025-08-01 12:45:22 PM,953.8,0,0.0,49434147.60000003
2025-08-01 12:45:25 PM,953.8,1,953.8,49435101.40000003
2025-08-01 12:45:34 PM,953.85,0,0.0,49435101.40000003
2025-08-01 12:45:35 PM,953.85,2,1907.7,49437009.10000003
2025-08-01 12:45:51 PM,953.85,1,953.85,49437962.95000003
2025-08-01 12:46:20 PM,953.85,1,953.85,49438916.800000034
2025-08-01 12:46:46 PM,953.85,1,953.85,49439870.650000036
2025-08-01 12:46:54 PM,954.75,0,0.0,49439870.650000036
2025-08-01 12:46:56 PM,954.75,10,9547.5,49449418.150000036
2025-08-01 12:47:14 PM,954.45,0,0.0,49449418.150000036
2025-08-01 12:47:17 PM,954.45,1,954.45,49450372.60000004
2025-08-01 12:47:27 PM,955.5,100,95550.0,49545922.60000004
2025-08-01 12:47:42 PM,954.9,1,954.9,49546877.50000004
2025-08-01 12:47:58 PM,955.35,0,0.0,49546877.50000004
2025-08-01 12:48:00 PM,954.8,0,0.0,49546877.50000004
2025-08-01 12:48:01 PM,954.8,116,110756.79999999999,49657634.300000034
2025-08-01 12:48:10 PM,954.05,0,0.0,49657634.300000034
2025-08-01 12:48:12 PM,954.05,1,954.05,49658588.35000003
2025-08-01 12:48:38 PM,953.9,0,0.0,49658588.35000003
2025-08-01 12:48:38 PM,953.9,1,953.9,49659542.25000003
2025-08-01 12:49:06 PM,954.0,0,0.0,49659542.25000003
2025-08-01 12:49:07 PM,954.0,2,1908.0,49661450.25000003
2025-08-01 12:49:26 PM,954.0,19,18126.0,49679576.25000003
2025-08-01 12:49:34 PM,953.95,0,0.0,49679576.25000003
2025-08-01 12:49:36 PM,953.95,1,953.95,49680530.20000003
2025-08-01 12:50:02 PM,953.8,0,0.0,49680530.20000003
2025-08-01 12:50:03 PM,953.8,1,953.8,49681484.00000003
2025-08-01 12:50:08 PM,953.8,15,14307.0,49695791.00000003
2025-08-01 12:50:18 PM,953.8,5,4769.0,49700560.00000003
2025-08-01 12:50:33 PM,953.8,1,953.8,49701513.80000003
2025-08-01 12:50:42 PM,953.45,0,0.0,49701513.80000003
2025-08-01 12:50:43 PM,953.45,4,3813.8,49705327.600000024
2025-08-01 12:50:54 PM,954.7,0,0.0,49705327.600000024
2025-08-01 12:50:55 PM,954.7,50,47735.0,49753062.600000024
2025-08-01 12:50:58 PM,953.6,0,0.0,49753062.600000024
2025-08-01 12:50:59 PM,953.6,1,953.6,49754016.200000025
2025-08-01 12:51:17 PM,953.3,0,0.0,49754016.200000025
2025-08-01 12:51:19 PM,953.3,26,24785.8,49778802.00000002
2025-08-01 12:51:29 PM,953.3,1,953.3,49779755.30000002
2025-08-01 12:51:32 PM,953.25,0,0.0,49779755.30000002
2025-08-01 12:51:34 PM,953.25,3,2859.75,49782615.05000002
2025-08-01 12:51:36 PM,954.0,3,2862.0,49785477.05000002
2025-08-01 12:51:42 PM,953.2,0,0.0,49785477.05000002
2025-08-01 12:51:44 PM,953.2,2,1906.4,49787383.45000002
2025-08-01 12:51:54 PM,953.35,0,0.0,49787383.45000002
2025-08-01 12:51:54 PM,953.35,1,953.35,49788336.80000002
2025-08-01 12:51:59 PM,954.1,1,954.1,49789290.90000002
2025-08-01 12:52:22 PM,953.5,0,0.0,49789290.90000002
2025-08-01 12:52:24 PM,953.5,1,953.5,49790244.40000002
2025-08-01 12:52:50 PM,953.55,0,0.0,49790244.40000002
2025-08-01 12:52:54 PM,953.55,1,953.55,49791197.95000002
2025-08-01 12:53:14 PM,953.35,1,953.35,49792151.30000002
2025-08-01 12:53:18 PM,953.5,0,0.0,49792151.30000002
2025-08-01 12:53:19 PM,953.5,1,953.5,49793104.80000002
2025-08-01 12:53:46 PM,953.35,0,0.0,49793104.80000002
2025-08-01 12:53:49 PM,953.35,1,953.35,49794058.15000002
2025-08-01 12:54:02 PM,954.4,0,0.0,49794058.15000002
2025-08-01 12:54:04 PM,954.4,18,17179.2,49811237.350000024
2025-08-01 12:54:14 PM,953.45,1,953.45,49812190.80000003
2025-08-01 12:54:44 PM,953.45,1,953.45,49813144.25000003
2025-08-01 12:55:06 PM,953.5,0,0.0,49813144.25000003
2025-08-01 12:55:10 PM,953.45,0,0.0,49813144.25000003
2025-08-01 12:55:12 PM,953.45,103,98205.35,49911349.60000003
2025-08-01 12:55:18 PM,953.5,0,0.0,49911349.60000003
2025-08-01 12:55:22 PM,953.5,16,15256.0,49926605.60000003
2025-08-01 12:55:38 PM,953.2,0,0.0,49926605.60000003
2025-08-01 12:55:42 PM,953.2,1,953.2,49927558.800000034
2025-08-01 12:56:06 PM,953.2,1,953.2,49928512.00000004
2025-08-01 12:56:36 PM,953.2,1,953.2,49929465.20000004
2025-08-01 12:56:44 PM,953.85,0,0.0,49929465.20000004
2025-08-01 12:56:47 PM,953.85,2,1907.7,49931372.90000004
2025-08-01 12:57:02 PM,953.25,0,0.0,49931372.90000004
2025-08-01 12:57:02 PM,953.25,1,953.25,49932326.15000004
2025-08-01 12:57:30 PM,953.2,0,0.0,49932326.15000004
2025-08-01 12:57:31 PM,953.2,20,19064.0,49951390.15000004
2025-08-01 12:57:32 PM,953.25,44,41943.0,49993333.15000004
2025-08-01 12:57:58 PM,953.05,0,0.0,49993333.15000004
2025-08-01 12:58:01 PM,953.05,1,953.05,49994286.20000004
2025-08-01 12:58:26 PM,953.0,0,0.0,49994286.20000004
2025-08-01 12:58:27 PM,953.0,1,953.0,49995239.20000004
2025-08-01 12:58:57 PM,953.0,1,953.0,49996192.20000004
2025-08-01 12:59:22 PM,953.0,1,953.0,49997145.20000004
2025-08-01 12:59:54 PM,953.0,1,953.0,49998098.20000004
2025-08-01 01:00:02 PM,953.85,0,0.0,49998098.20000004
2025-08-01 01:00:05 PM,953.85,10,9538.5,50007636.70000004
2025-08-01 01:00:19 PM,953.05,0,0.0,50007636.70000004
2025-08-01 01:00:20 PM,953.05,1,953.05,50008589.75000004
2025-08-01 01:00:41 PM,952.5,0,0.0,50008589.75000004
2025-08-01 01:00:41 PM,952.5,100,95250.0,50103839.75000004
2025-08-01 01:00:46 PM,952.8,1,952.8,50104792.550000034
2025-08-01 01:01:15 PM,952.65,0,0.0,50104792.550000034
2025-08-01 01:01:18 PM,952.65,1,952.65,50105745.20000003
2025-08-01 01:01:43 PM,952.6,0,0.0,50105745.20000003
2025-08-01 01:01:43 PM,952.6,1,952.6,50106697.800000034
2025-08-01 01:02:12 PM,952.6,1,952.6,50107650.400000036
2025-08-01 01:02:15 PM,953.65,0,0.0,50107650.400000036
2025-08-01 01:02:17 PM,953.65,5,4768.25,50112418.650000036
2025-08-01 01:02:38 PM,952.55,1,952.55,50113371.20000003
2025-08-01 01:03:08 PM,952.55,1,952.55,50114323.75000003
2025-08-01 01:03:35 PM,952.5,0,0.0,50114323.75000003
2025-08-01 01:03:38 PM,952.5,12,11430.0,50125753.75000003
2025-08-01 01:03:52 PM,954.0,322,307188.0,50432941.75000003
2025-08-01 01:04:02 PM,953.6,1,953.6,50433895.35000003
2025-08-01 01:04:11 PM,954.55,0,0.0,50433895.35000003
2025-08-01 01:04:12 PM,954.55,38,36272.9,50470168.25000003
2025-08-01 01:04:31 PM,953.45,0,0.0,50470168.25000003
2025-08-01 01:04:31 PM,953.45,1,953.45,50471121.70000003
2025-08-01 01:04:59 PM,953.5,0,0.0,50471121.70000003
2025-08-01 01:05:00 PM,953.5,39,37186.5,50508308.20000003
2025-08-01 01:05:25 PM,953.75,0,0.0,50508308.20000003
2025-08-01 01:05:25 PM,953.75,5,4768.75,50513076.95000003
2025-08-01 01:05:26 PM,953.75,1,953.75,50514030.70000003
2025-08-01 01:05:56 PM,953.75,1,953.75,50514984.45000003
2025-08-01 01:06:22 PM,953.75,1,953.75,50515938.20000003
2025-08-01 01:06:51 PM,953.85,0,0.0,50515938.20000003
2025-08-01 01:06:53 PM,953.85,2,1907.7,50517845.900000036
2025-08-01 01:07:13 PM,954.75,1,954.75,50518800.650000036
2025-08-01 01:07:18 PM,953.8,0,0.0,50518800.650000036
2025-08-01 01:07:19 PM,953.8,1,953.8,50519754.45000003
2025-08-01 01:07:28 PM,955.35,0,0.0,50519754.45000003
2025-08-01 01:07:29 PM,955.35,44,42035.4,50561789.85000003
2025-08-01 01:07:38 PM,956.0,0,0.0,50561789.85000003
2025-08-01 01:07:40 PM,956.0,122,116632.0,50678421.85000003
2025-08-01 01:07:46 PM,956.0,30,28680.0,50707101.85000003
2025-08-01 01:07:51 PM,957.0,50,47850.0,50754951.85000003
2025-08-01 01:07:56 PM,956.9,2,1913.8,50756865.65000003
2025-08-01 01:08:10 PM,955.35,0,0.0,50756865.65000003
2025-08-01 01:08:10 PM,955.35,100,95535.0,50852400.65000003
2025-08-01 01:08:14 PM,955.75,0,0.0,50852400.65000003
2025-08-01 01:08:15 PM,955.75,1,955.75,50853356.40000003
2025-08-01 01:08:45 PM,955.75,1,955.75,50854312.15000003
2025-08-01 01:08:52 PM,955.75,3,2867.25,50857179.40000003
2025-08-01 01:09:12 PM,955.75,1,955.75,50858135.15000003
2025-08-01 01:09:15 PM,955.75,15,14336.25,50872471.40000003
2025-08-01 01:09:38 PM,955.85,0,0.0,50872471.40000003
2025-08-01 01:09:40 PM,955.85,1,955.85,50873427.25000003
2025-08-01 01:10:06 PM,955.65,0,0.0,50873427.25000003
2025-08-01 01:10:07 PM,955.65,1,955.65,50874382.90000003
2025-08-01 01:10:11 PM,956.65,0,0.0,50874382.90000003
2025-08-01 01:10:13 PM,956.65,8,7653.2,50882036.10000003
2025-08-01 01:10:25 PM,955.4,0,0.0,50882036.10000003
2025-08-01 01:10:25 PM,955.4,50,47770.0,50929806.10000003
2025-08-01 01:10:34 PM,955.45,0,0.0,50929806.10000003
2025-08-01 01:10:36 PM,955.45,3,2866.3500000000004,50932672.45000003
2025-08-01 01:11:02 PM,956.7,0,0.0,50932672.45000003
2025-08-01 01:11:03 PM,956.7,43,41138.1,50973810.550000034
2025-08-01 01:11:30 PM,955.5,0,0.0,50973810.550000034
2025-08-01 01:11:30 PM,955.5,1,955.5,50974766.050000034
2025-08-01 01:11:58 PM,955.3,0,0.0,50974766.050000034
2025-08-01 01:12:01 PM,955.3,1,955.3,50975721.35000003
2025-08-01 01:12:26 PM,955.4,0,0.0,50975721.35000003
2025-08-01 01:12:27 PM,955.4,1,955.4,50976676.75000003
2025-08-01 01:12:54 PM,955.6,0,0.0,50976676.75000003
2025-08-01 01:12:56 PM,955.6,1,955.6,50977632.35000003
2025-08-01 01:13:22 PM,955.65,0,0.0,50977632.35000003
2025-08-01 01:13:24 PM,955.65,1,955.65,50978588.00000003
2025-08-01 01:13:50 PM,955.5,0,0.0,50978588.00000003
2025-08-01 01:13:52 PM,955.5,1,955.5,50979543.50000003
2025-08-01 01:14:18 PM,955.5,1,955.5,50980499.00000003
2025-08-01 01:14:46 PM,955.5,1,955.5,50981454.50000003
2025-08-01 01:15:14 PM,955.5,1,955.5,50982410.00000003
2025-08-01 01:15:27 PM,955.5,1,955.5,50983365.50000003
2025-08-01 01:15:42 PM,955.5,1,955.5,50984321.00000003
2025-08-01 01:16:12 PM,955.5,1,955.5,50985276.50000003
2025-08-01 01:16:38 PM,955.4,0,0.0,50985276.50000003
2025-08-01 01:16:39 PM,955.4,1,955.4,50986231.90000003
2025-08-01 01:16:40 PM,956.35,0,0.0,50986231.90000003
2025-08-01 01:16:42 PM,956.35,1,956.35,50987188.25000003
2025-08-01 01:16:44 PM,955.4,0,0.0,50987188.25000003
2025-08-01 01:16:44 PM,955.4,100,95540.0,51082728.25000003
2025-08-01 01:17:06 PM,955.7,0,0.0,51082728.25000003
2025-08-01 01:17:07 PM,955.7,1,955.7,51083683.95000003
2025-08-01 01:17:22 PM,955.55,0,0.0,51083683.95000003
2025-08-01 01:17:22 PM,955.55,25,23888.75,51107572.70000003
2025-08-01 01:17:34 PM,955.6,1,955.6,51108528.300000034
2025-08-01 01:18:02 PM,955.5,0,0.0,51108528.300000034
2025-08-01 01:18:04 PM,955.5,1,955.5,51109483.800000034
2025-08-01 01:18:30 PM,955.4,1,955.4,51110439.20000003
2025-08-01 01:18:38 PM,956.45,0,0.0,51110439.20000003
2025-08-01 01:18:39 PM,956.45,10,9564.5,51120003.70000003
2025-08-01 01:18:58 PM,955.3,0,0.0,51120003.70000003
2025-08-01 01:18:59 PM,955.3,1,955.3,51120959.00000003
2025-08-01 01:19:12 PM,956.25,0,0.0,51120959.00000003
2025-08-01 01:19:12 PM,955.35,0,0.0,51120959.00000003
2025-08-01 01:19:14 PM,955.35,2,1910.7,51122869.70000003
2025-08-01 01:19:26 PM,955.4,0,0.0,51122869.70000003
2025-08-01 01:19:29 PM,955.4,1,955.4,51123825.10000003
2025-08-01 01:19:54 PM,955.55,1,955.55,51124780.65000003
2025-08-01 01:20:02 PM,954.8,0,0.0,51124780.65000003
2025-08-01 01:20:03 PM,954.8,310,295988.0,51420768.65000003
2025-08-01 01:20:22 PM,955.05,0,0.0,51420768.65000003
2025-08-01 01:20:24 PM,955.05,1,955.05,51421723.700000025
2025-08-01 01:20:54 PM,955.05,1,955.05,51422678.75000002
2025-08-01 01:21:18 PM,955.05,4,3820.2,51426498.950000025
2025-08-01 01:21:48 PM,955.05,1,955.05,51427454.00000002
2025-08-01 01:22:06 PM,954.9,0,0.0,51427454.00000002
2025-08-01 01:22:07 PM,954.9,5,4774.5,51432228.50000002
2025-08-01 01:22:14 PM,954.95,0,0.0,51432228.50000002
2025-08-01 01:22:16 PM,954.95,1,954.95,51433183.450000025
2025-08-01 01:22:20 PM,955.0,0,0.0,51433183.450000025
2025-08-01 01:22:21 PM,955.0,100,95500.0,51528683.450000025
2025-08-01 01:22:42 PM,955.2,0,0.0,51528683.450000025
2025-08-01 01:22:43 PM,955.2,1,955.2,51529638.65000003
2025-08-01 01:23:11 PM,955.2,1,955.2,51530593.85000003
2025-08-01 01:23:18 PM,956.1,0,0.0,51530593.85000003
2025-08-01 01:23:20 PM,956.1,5,4780.5,51535374.35000003
2025-08-01 01:23:38 PM,956.05,0,0.0,51535374.35000003
2025-08-01 01:23:40 PM,956.05,23,21989.149999999998,51557363.50000003
2025-08-01 01:23:56 PM,954.8,0,0.0,51557363.50000003
2025-08-01 01:24:00 PM,954.8,98,93570.4,51650933.90000003
2025-08-01 01:24:04 PM,954.65,2,1909.3,51652843.200000025
2025-08-01 01:24:06 PM,954.7,0,0.0,51652843.200000025
2025-08-01 01:24:09 PM,954.7,1,954.7,51653797.90000003
2025-08-01 01:24:34 PM,954.8,0,0.0,51653797.90000003
2025-08-01 01:24:37 PM,954.8,2,1909.6,51655707.50000003
2025-08-01 01:25:02 PM,954.7,0,0.0,51655707.50000003
2025-08-01 01:25:05 PM,954.55,0,0.0,51655707.50000003
2025-08-01 01:25:06 PM,954.55,12,11454.599999999999,51667162.10000003
2025-08-01 01:25:31 PM,954.85,0,0.0,51667162.10000003
2025-08-01 01:25:31 PM,954.85,1,954.85,51668116.95000003
2025-08-01 01:25:32 PM,954.4,34,32449.6,51700566.550000034
2025-08-01 01:25:59 PM,954.6,0,0.0,51700566.550000034
2025-08-01 01:25:59 PM,955.5,0,0.0,51700566.550000034
2025-08-01 01:26:01 PM,955.5,11,10510.5,51711077.050000034
2025-08-01 01:26:06 PM,955.85,88,84114.8,51795191.85000003
2025-08-01 01:26:26 PM,954.65,0,0.0,51795191.85000003
2025-08-01 01:26:26 PM,954.65,1,954.65,51796146.50000003
2025-08-01 01:26:55 PM,954.65,1,954.65,51797101.15000003
2025-08-01 01:27:25 PM,954.65,1,954.65,51798055.80000003
2025-08-01 01:27:54 PM,954.65,1,954.65,51799010.450000025
2025-08-01 01:28:18 PM,954.55,1,954.55,51799965.00000002
2025-08-01 01:28:42 PM,954.55,5,4772.75,51804737.75000002
2025-08-01 01:28:47 PM,954.55,1,954.55,51805692.30000002
2025-08-01 01:28:50 PM,955.5,0,0.0,51805692.30000002
2025-08-01 01:28:52 PM,955.5,5,4777.5,51810469.80000002
2025-08-01 01:29:14 PM,954.55,0,0.0,51810469.80000002
2025-08-01 01:29:15 PM,954.55,1,954.55,51811424.35000002
2025-08-01 01:29:44 PM,954.55,1,954.55,51812378.90000001
2025-08-01 01:30:13 PM,954.55,1,954.55,51813333.45000001
2025-08-01 01:30:38 PM,954.55,1,954.55,51814288.00000001
2025-08-01 01:30:44 PM,955.5,0,0.0,51814288.00000001
2025-08-01 01:30:47 PM,955.5,2,1911.0,51816199.00000001
2025-08-01 01:30:56 PM,955.5,2,1911.0,51818110.00000001
2025-08-01 01:31:06 PM,954.55,0,0.0,51818110.00000001
2025-08-01 01:31:07 PM,954.55,1,954.55,51819064.550000004
2025-08-01 01:31:34 PM,954.65,1,954.65,51820019.2
2025-08-01 01:32:02 PM,954.65,1,954.65,51820973.85
2025-08-01 01:32:32 PM,954.65,1,954.65,51821928.5
2025-08-01 01:32:58 PM,954.55,0,0.0,51821928.5
2025-08-01 01:33:01 PM,954.55,1,954.55,51822883.05
2025-08-01 01:33:26 PM,954.55,1,954.55,51823837.599999994
2025-08-01 01:33:54 PM,954.55,1,954.55,51824792.14999999
2025-08-01 01:34:23 PM,954.55,1,954.55,51825746.69999999
2025-08-01 01:34:32 PM,954.55,6,5727.299999999999,51831473.999999985
2025-08-01 01:34:36 PM,953.7,0,0.0,51831473.999999985
2025-08-01 01:34:37 PM,953.7,13,12398.1,51843872.09999999
2025-08-01 01:34:50 PM,953.55,0,0.0,51843872.09999999
2025-08-01 01:34:51 PM,953.55,1,953.55,51844825.64999998
2025-08-01 01:34:52 PM,954.85,27,25780.95,51870606.59999999
2025-08-01 01:35:18 PM,953.85,0,0.0,51870606.59999999
2025-08-01 01:35:20 PM,953.85,1,953.85,51871560.44999999
2025-08-01 01:35:46 PM,953.8,0,0.0,51871560.44999999
2025-08-01 01:35:49 PM,953.8,1,953.8,51872514.249999985
2025-08-01 01:36:14 PM,953.9,1,953.9,51873468.14999998
2025-08-01 01:36:42 PM,953.8,0,0.0,51873468.14999998
2025-08-01 01:36:43 PM,953.8,1,953.8,51874421.94999998
2025-08-01 01:37:12 PM,953.8,1,953.8,51875375.74999998
2025-08-01 01:37:38 PM,953.85,0,0.0,51875375.74999998
2025-08-01 01:37:41 PM,953.85,1,953.85,51876329.59999998
2025-08-01 01:38:00 PM,954.95,0,0.0,51876329.59999998
2025-08-01 01:38:01 PM,954.95,40,38198.0,51914527.59999998
2025-08-01 01:38:06 PM,953.7,1,953.7,51915481.29999998
2025-08-01 01:38:21 PM,954.5,0,0.0,51915481.29999998
2025-08-01 01:38:23 PM,953.5,2,1907.0,51917388.29999998
2025-08-01 01:38:27 PM,954.45,0,0.0,51917388.29999998
2025-08-01 01:38:29 PM,954.45,1,954.45,51918342.749999985
2025-08-01 01:38:34 PM,953.5,1,953.5,51919296.249999985
2025-08-01 01:38:39 PM,952.4,0,0.0,51919296.249999985
2025-08-01 01:38:39 PM,952.4,295,280958.0,52200254.249999985
2025-08-01 01:38:52 PM,953.0,0,0.0,52200254.249999985
2025-08-01 01:38:56 PM,953.0,2,1906.0,52202160.249999985
2025-08-01 01:39:02 PM,952.4,0,0.0,52202160.249999985
2025-08-01 01:39:06 PM,953.0,0,0.0,52202160.249999985
2025-08-01 01:39:07 PM,953.0,89,84817.0,52286977.249999985
2025-08-01 01:39:10 PM,952.2,0,0.0,52286977.249999985
2025-08-01 01:39:12 PM,952.2,5,4761.0,52291738.249999985
2025-08-01 01:39:30 PM,952.05,0,0.0,52291738.249999985
2025-08-01 01:39:33 PM,952.05,1,952.05,52292690.29999998
2025-08-01 01:39:34 PM,952.9,0,0.0,52292690.29999998
2025-08-01 01:39:38 PM,952.9,1,952.9,52293643.19999998
2025-08-01 01:39:58 PM,952.1,1,952.1,52294595.29999998
2025-08-01 01:40:28 PM,952.1,1,952.1,52295547.39999998
2025-08-01 01:40:58 PM,952.1,1,952.1,52296499.499999985
2025-08-01 01:41:08 PM,952.0,0,0.0,52296499.499999985
2025-08-01 01:41:08 PM,952.0,152,144704.0,52441203.499999985
2025-08-01 01:41:22 PM,952.25,0,0.0,52441203.499999985
2025-08-01 01:41:23 PM,952.25,1,952.25,52442155.749999985
2025-08-01 01:41:50 PM,952.3,0,0.0,52442155.749999985
2025-08-01 01:41:52 PM,952.3,1,952.3,52443108.04999998
2025-08-01 01:42:00 PM,953.65,0,0.0,52443108.04999998
2025-08-01 01:42:02 PM,953.65,50,47682.5,52490790.54999998
2025-08-01 01:42:18 PM,952.4,0,0.0,52490790.54999998
2025-08-01 01:42:22 PM,952.4,2,1904.8,52492695.34999998
2025-08-01 01:42:38 PM,953.55,0,0.0,52492695.34999998
2025-08-01 01:42:41 PM,953.55,20,19071.0,52511766.34999998
2025-08-01 01:42:46 PM,952.55,1,952.55,52512718.899999976
2025-08-01 01:43:16 PM,952.55,1,952.55,52513671.44999997
2025-08-01 01:43:26 PM,952.5,11,10477.5,52524148.94999997
2025-08-01 01:43:42 PM,952.55,0,0.0,52524148.94999997
2025-08-01 01:43:46 PM,952.55,1,952.55,52525101.49999997
2025-08-01 01:43:48 PM,953.4,0,0.0,52525101.49999997
2025-08-01 01:43:51 PM,953.4,50,47670.0,52572771.49999997
2025-08-01 01:43:54 PM,952.5,0,0.0,52572771.49999997
2025-08-01 01:43:54 PM,952.55,0,0.0,52572771.49999997
2025-08-01 01:43:56 PM,952.55,29,27623.949999999997,52600395.44999997
2025-08-01 01:44:06 PM,952.55,50,47627.5,52648022.94999997
2025-08-01 01:44:10 PM,952.45,0,0.0,52648022.94999997
2025-08-01 01:44:10 PM,952.45,1,952.45,52648975.399999976
2025-08-01 01:44:38 PM,952.5,0,0.0,52648975.399999976
2025-08-01 01:44:41 PM,952.5,1,952.5,52649927.899999976
2025-08-01 01:45:11 PM,952.5,1,952.5,52650880.399999976
2025-08-01 01:45:12 PM,953.35,0,0.0,52650880.399999976
2025-08-01 01:45:16 PM,953.35,2,1906.7,52652787.09999998
2025-08-01 01:45:34 PM,952.5,0,0.0,52652787.09999998
2025-08-01 01:45:36 PM,952.5,1,952.5,52653739.59999998
2025-08-01 01:46:05 PM,952.5,1,952.5,52654692.09999998
2025-08-01 01:46:30 PM,952.3,0,0.0,52654692.09999998
2025-08-01 01:46:30 PM,952.3,1,952.3,52655644.399999976
2025-08-01 01:46:58 PM,952.35,0,0.0,52655644.399999976
2025-08-01 01:47:00 PM,952.35,1,952.35,52656596.74999998
2025-08-01 01:47:24 PM,952.55,0,0.0,52656596.74999998
2025-08-01 01:47:25 PM,952.55,2,1905.1,52658501.84999998
2025-08-01 01:47:26 PM,952.55,1,952.55,52659454.399999976
2025-08-01 01:47:52 PM,952.1,0,0.0,52659454.399999976
2025-08-01 01:47:54 PM,952.4,0,0.0,52659454.399999976
2025-08-01 01:47:55 PM,952.4,40,38096.0,52697550.399999976
2025-08-01 01:48:22 PM,952.35,0,0.0,52697550.399999976
2025-08-01 01:48:25 PM,952.35,1,952.35,52698502.74999998
2025-08-01 01:48:50 PM,952.5,1,952.5,52699455.24999998
2025-08-01 01:49:18 PM,952.55,0,0.0,52699455.24999998
2025-08-01 01:49:19 PM,952.55,1,952.55,52700407.799999975
2025-08-01 01:49:46 PM,952.6,0,0.0,52700407.799999975
2025-08-01 01:49:47 PM,952.6,1,952.6,52701360.399999976
2025-08-01 01:50:00 PM,952.55,0,0.0,52701360.399999976
2025-08-01 01:50:02 PM,952.55,194,184794.69999999998,52886155.09999998
2025-08-01 01:50:14 PM,952.65,0,0.0,52886155.09999998
2025-08-01 01:50:17 PM,952.65,1,952.65,52887107.74999998
2025-08-01 01:50:20 PM,953.85,0,0.0,52887107.74999998
2025-08-01 01:50:22 PM,953.85,25,23846.25,52910953.99999998
2025-08-01 01:50:42 PM,952.55,0,0.0,52910953.99999998
2025-08-01 01:50:46 PM,952.55,1,952.55,52911906.549999975
2025-08-01 01:50:51 PM,952.35,31,29522.850000000002,52941429.399999976
2025-08-01 01:51:10 PM,952.6,0,0.0,52941429.399999976
2025-08-01 01:51:11 PM,952.6,1,952.6,52942381.99999998
2025-08-01 01:51:38 PM,952.7,0,0.0,52942381.99999998
2025-08-01 01:51:40 PM,952.7,1,952.7,52943334.69999998
2025-08-01 01:52:09 PM,952.7,1,952.7,52944287.39999998
2025-08-01 01:52:30 PM,952.75,0,0.0,52944287.39999998
2025-08-01 01:52:33 PM,952.75,1,952.75,52945240.14999998
2025-08-01 01:52:34 PM,952.35,0,0.0,52945240.14999998
2025-08-01 01:52:34 PM,952.35,12,11428.2,52956668.34999999
2025-08-01 01:53:02 PM,952.8,0,0.0,52956668.34999999
2025-08-01 01:53:03 PM,952.8,1,952.8,52957621.14999998
2025-08-01 01:53:31 PM,952.8,1,952.8,52958573.94999998
2025-08-01 01:53:58 PM,952.8,1,952.8,52959526.74999998
2025-08-01 01:54:16 PM,953.3,0,0.0,52959526.74999998
2025-08-01 01:54:18 PM,953.3,2,1906.6,52961433.34999998
2025-08-01 01:54:26 PM,952.5,0,0.0,52961433.34999998
2025-08-01 01:54:28 PM,952.5,1,952.5,52962385.84999998
2025-08-01 01:54:54 PM,952.6,0,0.0,52962385.84999998
2025-08-01 01:54:56 PM,952.6,1,952.6,52963338.44999998
2025-08-01 01:55:08 PM,952.5,0,0.0,52963338.44999998
2025-08-01 01:55:12 PM,952.5,5,4762.5,52968100.94999998
2025-08-01 01:55:22 PM,952.65,1,952.65,52969053.59999998
2025-08-01 01:55:51 PM,952.65,1,952.65,52970006.24999998
2025-08-01 01:56:12 PM,953.3,0,0.0,52970006.24999998
2025-08-01 01:56:16 PM,953.3,2,1906.6,52971912.84999998
2025-08-01 01:56:18 PM,953.0,0,0.0,52971912.84999998
2025-08-01 01:56:21 PM,953.0,1,953.0,52972865.84999998
2025-08-01 01:56:46 PM,952.65,1,952.65,52973818.49999998
2025-08-01 01:57:16 PM,952.65,1,952.65,52974771.149999976
2025-08-01 01:57:31 PM,952.65,3,2857.95,52977629.09999998
2025-08-01 01:57:45 PM,952.65,1,952.65,52978581.74999998
2025-08-01 01:58:10 PM,952.65,1,952.65,52979534.399999976
2025-08-01 01:58:18 PM,952.4,0,0.0,52979534.399999976
2025-08-01 01:58:19 PM,952.4,27,25714.8,53005249.19999997
2025-08-01 01:58:24 PM,953.35,0,0.0,53005249.19999997
2025-08-01 01:58:24 PM,953.35,77,73407.95,53078657.149999976
2025-08-01 01:58:38 PM,953.65,0,0.0,53078657.149999976
2025-08-01 01:58:39 PM,953.65,1,953.65,53079610.799999975
2025-08-01 01:59:06 PM,953.65,1,953.65,53080564.44999997
2025-08-01 01:59:38 PM,953.45,0,0.0,53080564.44999997
2025-08-01 01:59:41 PM,953.45,2,1906.9,53082471.34999997
2025-08-01 02:00:11 PM,953.45,20,19069.0,53101540.34999997
2025-08-01 02:00:28 PM,953.65,0,0.0,53101540.34999997
2025-08-01 02:00:31 PM,953.65,5,4768.25,53106308.59999997
2025-08-01 02:01:14 PM,953.75,5,4768.75,53111077.34999997
2025-08-01 02:01:26 PM,954.5,0,0.0,53111077.34999997
2025-08-01 02:01:29 PM,954.5,10,9545.0,53120622.34999997
2025-08-01 02:02:02 PM,954.0,109,103986.0,53224608.34999997
2025-08-01 02:02:10 PM,953.1,0,0.0,53224608.34999997
2025-08-01 02:02:12 PM,953.1,3,2859.3,53227467.64999997
2025-08-01 02:02:22 PM,953.0,0,0.0,53227467.64999997
2025-08-01 02:02:27 PM,953.0,135,128655.0,53356122.64999997
2025-08-01 02:04:38 PM,953.0,4,3812.0,53359934.64999997
2025-08-01 02:05:28 PM,953.0,3,2859.0,53362793.64999997
2025-08-01 02:05:48 PM,953.0,107,101971.0,53464764.64999997
2025-08-01 02:06:18 PM,953.0,5,4765.0,53469529.64999997
2025-08-01 02:06:52 PM,952.5,0,0.0,53469529.64999997
2025-08-01 02:06:54 PM,952.5,105,100012.5,53569542.14999997
2025-08-01 02:07:25 PM,952.4,0,0.0,53569542.14999997
2025-08-01 02:07:30 PM,952.4,4,3809.6,53573351.74999997
2025-08-01 02:07:34 PM,952.35,0,0.0,53573351.74999997
2025-08-01 02:07:35 PM,952.35,32,30475.2,53603826.94999997
2025-08-01 02:07:52 PM,952.8,0,0.0,53603826.94999997
2025-08-01 02:07:56 PM,952.8,1,952.8,53604779.74999997
2025-08-01 02:07:58 PM,952.4,0,0.0,53604779.74999997
2025-08-01 02:07:58 PM,953.15,0,0.0,53604779.74999997
2025-08-01 02:08:01 PM,953.15,20,19063.0,53623842.74999997
2025-08-01 02:08:45 PM,953.8,0,0.0,53623842.74999997
2025-08-01 02:08:47 PM,953.8,32,30521.6,53654364.34999997
2025-08-01 02:08:59 PM,953.65,0,0.0,53654364.34999997
2025-08-01 02:09:03 PM,953.65,15,14304.75,53668669.09999997
2025-08-01 02:09:34 PM,952.5,0,0.0,53668669.09999997
2025-08-01 02:09:38 PM,952.5,10,9525.0,53678194.09999997
2025-08-01 02:10:03 PM,952.5,50,47625.0,53725819.09999997
2025-08-01 02:10:46 PM,952.6,0,0.0,53725819.09999997
2025-08-01 02:10:47 PM,952.35,0,0.0,53725819.09999997
2025-08-01 02:10:48 PM,952.35,177,168565.95,53894385.049999975
2025-08-01 02:11:02 PM,952.0,0,0.0,53894385.049999975
2025-08-01 02:11:03 PM,952.0,46,43792.0,53938177.049999975
2025-08-01 02:11:35 PM,952.0,100,95200.0,54033377.049999975
2025-08-01 02:11:40 PM,952.3,15,14284.5,54047661.549999975
2025-08-01 02:13:02 PM,952.3,165,157129.5,54204791.049999975
2025-08-01 02:13:12 PM,953.4,0,0.0,54204791.049999975
2025-08-01 02:13:12 PM,953.4,5,4767.0,54209558.049999975
2025-08-01 02:13:17 PM,952.3,285,271405.5,54480963.549999975
2025-08-01 02:15:38 PM,954.6,0,0.0,54480963.549999975
2025-08-01 02:15:38 PM,954.6,250,238650.0,54719613.549999975
2025-08-01 02:16:08 PM,952.0,0,0.0,54719613.549999975
2025-08-01 02:16:08 PM,952.0,80,76160.0,54795773.549999975
2025-08-01 02:16:17 PM,952.0,108,102816.0,54898589.549999975
2025-08-01 02:16:37 PM,952.0,60,57120.0,54955709.549999975
2025-08-01 02:16:42 PM,952.0,93,88536.0,55044245.549999975
2025-08-01 02:16:56 PM,953.0,0,0.0,55044245.549999975
2025-08-01 02:16:57 PM,953.0,105,100065.0,55144310.549999975
2025-08-01 02:16:58 PM,952.7,0,0.0,55144310.549999975
2025-08-01 02:16:58 PM,952.7,9,8574.300000000001,55152884.84999997
2025-08-01 02:17:23 PM,952.05,31,29513.55,55182398.39999997
2025-08-01 02:17:38 PM,952.45,0,0.0,55182398.39999997
2025-08-01 02:17:38 PM,952.45,499,475272.55000000005,55657670.949999966
2025-08-01 02:17:53 PM,951.65,296,281688.39999999997,55939359.349999964
2025-08-01 02:18:52 PM,950.7,0,0.0,55939359.349999964
2025-08-01 02:18:54 PM,950.7,20,19014.0,55958373.349999964
2025-08-01 02:19:27 PM,951.7,0,0.0,55958373.349999964
2025-08-01 02:19:31 PM,951.7,19,18082.3,55976455.64999996
2025-08-01 02:19:50 PM,950.85,0,0.0,55976455.64999996
2025-08-01 02:19:52 PM,950.85,20,19017.0,55995472.64999996
2025-08-01 02:19:57 PM,950.85,2,1901.7,55997374.349999964
2025-08-01 02:19:57 PM,951.3,1,951.3,55998325.64999996
2025-08-01 02:20:12 PM,951.65,0,0.0,55998325.64999996
2025-08-01 02:20:13 PM,951.65,30,28549.5,56026875.14999996
2025-08-01 02:21:52 PM,949.9,0,0.0,56026875.14999996
2025-08-01 02:21:55 PM,948.85,0,0.0,56026875.14999996
2025-08-01 02:21:56 PM,948.85,619,587338.15,56614213.29999996
2025-08-01 02:22:36 PM,948.8,0,0.0,56614213.29999996
2025-08-01 02:22:39 PM,948.8,17,16129.599999999999,56630342.89999996
2025-08-01 02:22:57 PM,947.55,0,0.0,56630342.89999996
2025-08-01 02:23:00 PM,947.55,52,49272.6,56679615.49999996
2025-08-01 02:23:04 PM,947.8,0,0.0,56679615.49999996
2025-08-01 02:23:05 PM,947.8,101,95727.79999999999,56775343.29999996
2025-08-01 02:23:22 PM,948.1,1,948.1,56776291.39999996
2025-08-01 02:23:23 PM,947.15,0,0.0,56776291.39999996
2025-08-01 02:23:27 PM,947.15,1,947.15,56777238.54999996
2025-08-01 02:24:10 PM,948.0,22,20856.0,56798094.54999996
2025-08-01 02:24:41 PM,947.25,0,0.0,56798094.54999996
2025-08-01 02:24:41 PM,947.25,1,947.25,56799041.79999996
2025-08-01 02:25:07 PM,947.25,1,947.25,56799989.04999996
2025-08-01 02:25:21 PM,947.95,0,0.0,56799989.04999996
2025-08-01 02:25:23 PM,947.95,20,18959.0,56818948.04999996
2025-08-01 02:25:30 PM,947.2,0,0.0,56818948.04999996
2025-08-01 02:25:34 PM,947.2,35,33152.0,56852100.04999996
2025-08-01 02:26:27 PM,947.2,1,947.2,56853047.24999996
2025-08-01 02:26:32 PM,947.15,0,0.0,56853047.24999996
2025-08-01 02:26:32 PM,947.15,14,13260.1,56866307.349999964
2025-08-01 02:26:42 PM,947.0,0,0.0,56866307.349999964
2025-08-01 02:26:42 PM,947.0,16,15152.0,56881459.349999964
2025-08-01 02:26:50 PM,946.15,0,0.0,56881459.349999964
2025-08-01 02:26:53 PM,946.15,22,20815.3,56902274.64999996
2025-08-01 02:27:04 PM,946.15,26,24599.899999999998,56926874.54999996
2025-08-01 02:27:10 PM,946.15,130,122999.5,57049874.04999996
2025-08-01 02:27:37 PM,946.15,60,56769.0,57106643.04999996
2025-08-01 02:28:14 PM,949.7,0,0.0,57106643.04999996
2025-08-01 02:28:15 PM,949.7,2000,1899400.0,59006043.04999996
2025-08-01 02:28:26 PM,947.35,2,1894.7,59007937.74999996
2025-08-01 02:29:04 PM,948.15,0,0.0,59007937.74999996
2025-08-01 02:29:04 PM,948.15,252,238933.8,59246871.54999996
2025-08-01 02:29:12 PM,947.35,0,0.0,59246871.54999996
2025-08-01 02:29:16 PM,947.35,24,22736.4,59269607.94999996
2025-08-01 02:29:22 PM,947.35,1,947.35,59270555.29999996
2025-08-01 02:29:42 PM,947.0,0,0.0,59270555.29999996
2025-08-01 02:29:43 PM,947.0,125,118375.0,59388930.29999996
2025-08-01 02:29:44 PM,947.35,465,440517.75,59829448.04999996
2025-08-01 02:30:00 PM,947.35,1,947.35,59830395.39999996
2025-08-01 02:30:17 PM,947.35,1,947.35,59831342.74999996
2025-08-01 02:31:16 PM,947.3,0,0.0,59831342.74999996
2025-08-01 02:31:17 PM,947.3,10,9473.0,59840815.74999996
2025-08-01 02:31:22 PM,946.3,0,0.0,59840815.74999996
2025-08-01 02:31:22 PM,946.3,100,94630.0,59935445.74999996
2025-08-01 02:31:31 PM,946.6,0,0.0,59935445.74999996
2025-08-01 02:31:33 PM,946.6,5,4733.0,59940178.74999996
2025-08-01 02:31:47 PM,947.35,0,0.0,59940178.74999996
2025-08-01 02:31:49 PM,947.35,1761,1668283.35,61608462.099999964
2025-08-01 02:31:52 PM,948.95,0,0.0,61608462.099999964
2025-08-01 02:31:54 PM,948.95,1,948.95,61609411.04999997
2025-08-01 02:32:56 PM,948.95,100,94895.0,61704306.04999997
2025-08-01 02:33:19 PM,949.95,0,0.0,61704306.04999997
2025-08-01 02:33:21 PM,949.95,1,949.95,61705255.99999997
2025-08-01 02:33:43 PM,951.0,0,0.0,61705255.99999997
2025-08-01 02:33:43 PM,951.0,178,169278.0,61874533.99999997
2025-08-01 02:34:07 PM,950.05,0,0.0,61874533.99999997
2025-08-01 02:34:08 PM,950.05,20,19001.0,61893534.99999997
2025-08-01 02:34:44 PM,950.05,6,5700.299999999999,61899235.29999997
2025-08-01 02:34:54 PM,950.05,5,4750.25,61903985.54999997
2025-08-01 02:35:15 PM,949.2,0,0.0,61903985.54999997
2025-08-01 02:35:16 PM,949.2,5,4746.0,61908731.54999997
2025-08-01 02:35:17 PM,949.1,0,0.0,61908731.54999997
2025-08-01 02:35:19 PM,949.1,20,18982.0,61927713.54999997
2025-08-01 02:35:24 PM,949.1,1,949.1,61928662.64999997
2025-08-01 02:36:05 PM,949.2,0,0.0,61928662.64999997
2025-08-01 02:36:05 PM,949.2,80,75936.0,62004598.64999997
2025-08-01 02:37:21 PM,949.2,108,102513.6,62107112.24999997
2025-08-01 02:37:27 PM,950.3,0,0.0,62107112.24999997
2025-08-01 02:37:28 PM,950.3,100,95030.0,62202142.24999997
2025-08-01 02:37:54 PM,950.1,0,0.0,62202142.24999997
2025-08-01 02:37:54 PM,950.1,20,19002.0,62221144.24999997
2025-08-01 02:38:03 PM,949.3,0,0.0,62221144.24999997
2025-08-01 02:38:03 PM,949.3,18,17087.399999999998,62238231.64999997
2025-08-01 02:38:07 PM,949.85,0,0.0,62238231.64999997
2025-08-01 02:38:09 PM,949.85,1,949.85,62239181.49999997
2025-08-01 02:38:17 PM,949.2,5,4746.0,62243927.49999997
2025-08-01 02:38:21 PM,949.2,15,14238.0,62258165.49999997
2025-08-01 02:38:26 PM,948.95,0,0.0,62258165.49999997
2025-08-01 02:38:26 PM,948.95,47,44600.65,62302766.14999997
2025-08-01 02:39:30 PM,949.05,0,0.0,62302766.14999997
2025-08-01 02:39:30 PM,949.05,4,3796.2,62306562.34999997
2025-08-01 02:39:41 PM,948.15,34,32237.1,62338799.44999997
2025-08-01 02:39:43 PM,948.0,0,0.0,62338799.44999997
2025-08-01 02:39:47 PM,948.0,157,148836.0,62487635.44999997
2025-08-01 02:40:31 PM,948.9,11,10437.9,62498073.34999997
2025-08-01 02:40:34 PM,948.35,0,0.0,62498073.34999997
2025-08-01 02:40:36 PM,948.35,11,10431.85,62508505.19999997
2025-08-01 02:41:05 PM,948.35,1,948.35,62509453.549999975
2025-08-01 02:41:57 PM,948.4,3,2845.2,62512298.74999998
2025-08-01 02:42:14 PM,948.15,112,106192.8,62618491.549999975
2025-08-01 02:42:15 PM,948.4,0,0.0,62618491.549999975
2025-08-01 02:42:19 PM,948.4,97,91994.8,62710486.34999997
2025-08-01 02:42:21 PM,949.05,0,0.0,62710486.34999997
2025-08-01 02:42:24 PM,949.05,2,1898.1,62712384.44999997
2025-08-01 02:43:06 PM,949.0,0,0.0,62712384.44999997
2025-08-01 02:43:07 PM,949.0,150,142350.0,62854734.44999997
2025-08-01 02:43:39 PM,949.15,53,50304.95,62905039.399999976
2025-08-01 02:43:56 PM,948.4,10,9484.0,62914523.399999976
2025-08-01 02:44:13 PM,948.4,2,1896.8,62916420.19999997
2025-08-01 02:44:16 PM,947.7,0,0.0,62916420.19999997
2025-08-01 02:44:19 PM,947.7,208,197121.6,63113541.799999975
2025-08-01 02:44:28 PM,948.45,0,0.0,63113541.799999975
2025-08-01 02:44:29 PM,948.45,5,4742.25,63118284.049999975
2025-08-01 02:44:37 PM,947.8,0,0.0,63118284.049999975
2025-08-01 02:44:41 PM,947.8,1,947.8,63119231.84999997
2025-08-01 02:44:57 PM,947.65,11,10424.15,63129655.99999997
2025-08-01 02:45:48 PM,948.45,4,3793.8,63133449.79999997
2025-08-01 02:46:17 PM,948.0,5,4740.0,63138189.79999997
2025-08-01 02:46:28 PM,947.15,140,132601.0,63270790.79999997
2025-08-01 02:46:50 PM,947.65,3,2842.95,63273633.74999997
2025-08-01 02:46:57 PM,947.15,0,0.0,63273633.74999997
2025-08-01 02:47:00 PM,947.15,77,72930.55,63346564.29999997
2025-08-01 02:47:06 PM,947.95,0,0.0,63346564.29999997
2025-08-01 02:47:06 PM,947.95,19,18011.05,63364575.349999964
2025-08-01 02:47:22 PM,947.9,0,0.0,63364575.349999964
2025-08-01 02:47:23 PM,947.9,1,947.9,63365523.24999996
2025-08-01 02:48:48 PM,947.9,10,9479.0,63375002.24999996
2025-08-01 02:49:03 PM,948.75,0,0.0,63375002.24999996
2025-08-01 02:49:05 PM,948.75,2,1897.5,63376899.74999996
2025-08-01 02:49:39 PM,949.05,0,0.0,63376899.74999996
2025-08-01 02:49:43 PM,949.05,33,31318.649999999998,63408218.39999996
2025-08-01 02:49:55 PM,950.0,200,190000.0,63598218.39999996
2025-08-01 02:50:10 PM,949.8,0,0.0,63598218.39999996
2025-08-01 02:50:12 PM,949.8,1,949.8,63599168.19999996
2025-08-01 02:50:16 PM,949.0,0,0.0,63599168.19999996
2025-08-01 02:50:17 PM,949.0,20,18980.0,63618148.19999996
2025-08-01 02:50:44 PM,949.0,40,37960.0,63656108.19999996
2025-08-01 02:50:49 PM,949.0,15,14235.0,63670343.19999996
2025-08-01 02:52:57 PM,949.8,0,0.0,63670343.19999996
2025-08-01 02:52:58 PM,949.8,22,20895.6,63691238.79999996
2025-08-01 02:53:35 PM,949.0,0,0.0,63691238.79999996
2025-08-01 02:53:36 PM,949.0,105,99645.0,63790883.79999996
2025-08-01 02:53:50 PM,949.4,0,0.0,63790883.79999996
2025-08-01 02:53:51 PM,949.4,15,14241.0,63805124.79999996
2025-08-01 02:55:00 PM,948.9,0,0.0,63805124.79999996
2025-08-01 02:55:01 PM,948.9,17,16131.3,63821256.09999996
2025-08-01 02:55:21 PM,947.45,106,100429.70000000001,63921685.79999996
2025-08-01 02:56:34 PM,947.85,0,0.0,63921685.79999996
2025-08-01 02:56:37 PM,947.85,1,947.85,63922633.64999996
2025-08-01 02:56:51 PM,948.0,0,0.0,63922633.64999996
2025-08-01 02:56:52 PM,948.0,102,96696.0,64019329.64999996
2025-08-01 02:57:19 PM,947.3,0,0.0,64019329.64999996
2025-08-01 02:57:20 PM,948.0,0,0.0,64019329.64999996
2025-08-01 02:57:20 PM,948.0,29,27492.0,64046821.64999996
2025-08-01 02:57:54 PM,948.0,1,948.0,64047769.64999996
2025-08-01 02:57:59 PM,946.9,0,0.0,64047769.64999996
2025-08-01 02:57:59 PM,946.9,9,8522.1,64056291.74999996
2025-08-01 02:58:05 PM,947.7,0,0.0,64056291.74999996
2025-08-01 02:58:05 PM,947.7,10,9477.0,64065768.74999996
2025-08-01 02:58:22 PM,947.7,29,27483.300000000003,64093252.04999996
2025-08-01 02:59:28 PM,948.0,0,0.0,64093252.04999996
2025-08-01 02:59:30 PM,948.0,10,9480.0,64102732.04999996
2025-08-01 02:59:33 PM,947.55,0,0.0,64102732.04999996
2025-08-01 02:59:35 PM,946.7,521,493230.7,64595962.74999996
2025-08-01 03:00:29 PM,948.0,250,237000.0,64832962.74999996
2025-08-01 03:00:33 PM,947.45,0,0.0,64832962.74999996
2025-08-01 03:00:33 PM,947.45,15,14211.75,64847174.49999996
2025-08-01 03:00:50 PM,946.75,0,0.0,64847174.49999996
2025-08-01 03:00:51 PM,946.75,50,47337.5,64894511.99999996
2025-08-01 03:01:09 PM,946.15,0,0.0,64894511.99999996
2025-08-01 03:01:09 PM,946.15,500,473075.0,65367586.99999996
2025-08-01 03:01:27 PM,947.75,0,0.0,65367586.99999996
2025-08-01 03:01:27 PM,947.75,250,236937.5,65604524.49999996
2025-08-01 03:01:47 PM,946.15,0,0.0,65604524.49999996
2025-08-01 03:01:49 PM,946.15,19,17976.85,65622501.349999964
2025-08-01 03:02:01 PM,946.2,5,4731.0,65627232.349999964
2025-08-01 03:02:30 PM,946.95,0,0.0,65627232.349999964
2025-08-01 03:02:31 PM,946.65,24,22719.6,65649951.949999966
2025-08-01 03:03:14 PM,946.65,22,20826.3,65670778.24999996
2025-08-01 03:03:17 PM,946.75,0,0.0,65670778.24999996
2025-08-01 03:03:17 PM,946.75,8,7574.0,65678352.24999996
2025-08-01 03:03:20 PM,946.15,50,47307.5,65725659.74999996
2025-08-01 03:03:38 PM,946.0,39,36894.0,65762553.74999996
2025-08-01 03:03:44 PM,945.85,20,18917.0,65781470.74999996
2025-08-01 03:04:12 PM,946.75,10,9467.5,65790938.24999996
2025-08-01 03:04:18 PM,945.6,10,9456.0,65800394.24999996
2025-08-01 03:04:32 PM,946.85,0,0.0,65800394.24999996
2025-08-01 03:04:34 PM,946.85,180,170433.0,65970827.24999996
2025-08-01 03:04:40 PM,947.0,59,55873.0,66026700.24999996
2025-08-01 03:04:43 PM,946.5,30,28395.0,66055095.24999996
2025-08-01 03:04:49 PM,946.1,25,23652.5,66078747.74999996
2025-08-01 03:05:07 PM,946.75,13,12307.75,66091055.49999996
2025-08-01 03:05:17 PM,951.0,2193,2085543.0,68176598.49999997
2025-08-01 03:05:19 PM,952.9,0,0.0,68176598.49999997
2025-08-01 03:05:20 PM,953.05,127,121037.34999999999,68297635.84999996
2025-08-01 03:05:23 PM,952.4,0,0.0,68297635.84999996
2025-08-01 03:05:24 PM,952.4,1,952.4,68298588.24999997
2025-08-01 03:05:26 PM,951.9,0,0.0,68298588.24999997
2025-08-01 03:05:27 PM,951.75,212,201771.0,68500359.24999997
2025-08-01 03:05:49 PM,949.65,200,189930.0,68690289.24999997
2025-08-01 03:06:03 PM,949.0,0,0.0,68690289.24999997
2025-08-01 03:06:04 PM,949.0,200,189800.0,68880089.24999997
2025-08-01 03:06:44 PM,949.25,0,0.0,68880089.24999997
2025-08-01 03:06:44 PM,949.25,1,949.25,68881038.49999997
2025-08-01 03:06:47 PM,948.75,45,42693.75,68923732.24999997
2025-08-01 03:07:05 PM,948.85,0,0.0,68923732.24999997
2025-08-01 03:07:06 PM,948.85,2,1897.7,68925629.94999997
2025-08-01 03:07:51 PM,947.75,0,0.0,68925629.94999997
2025-08-01 03:07:52 PM,947.75,181,171542.75,69097172.69999997
2025-08-01 03:08:24 PM,947.45,30,28423.5,69125596.19999997
2025-08-01 03:08:45 PM,948.4,3,2845.2,69128441.39999998
2025-08-01 03:08:49 PM,947.05,0,0.0,69128441.39999998
2025-08-01 03:08:51 PM,947.05,50,47352.5,69175793.89999998
2025-08-01 03:08:55 PM,948.45,49,46474.05,69222267.94999997
2025-08-01 03:09:01 PM,950.25,124,117831.0,69340098.94999997
2025-08-01 03:09:56 PM,951.85,1424,1355434.4000000001,70695533.34999998
2025-08-01 03:09:59 PM,952.1,0,0.0,70695533.34999998
2025-08-01 03:10:00 PM,952.1,2,1904.2,70697437.54999998
2025-08-01 03:10:03 PM,952.2,50,47610.0,70745047.54999998
2025-08-01 03:10:18 PM,952.4,149,141907.6,70886955.14999998
2025-08-01 03:10:29 PM,953.95,119,113520.05,71000475.19999997
2025-08-01 03:10:43 PM,953.45,0,0.0,71000475.19999997
2025-08-01 03:10:44 PM,953.45,4,3813.8,71004288.99999997
2025-08-01 03:10:48 PM,953.4,0,0.0,71004288.99999997
2025-08-01 03:10:48 PM,953.4,1,953.4,71005242.39999998
2025-08-01 03:11:01 PM,953.85,1,953.85,71006196.24999997
2025-08-01 03:11:29 PM,952.85,10,9528.5,71015724.74999997
2025-08-01 03:11:33 PM,953.6,0,0.0,71015724.74999997
2025-08-01 03:11:33 PM,953.6,30,28608.0,71044332.74999997
2025-08-01 03:11:39 PM,953.25,0,0.0,71044332.74999997
2025-08-01 03:11:39 PM,953.25,2,1906.5,71046239.24999997
2025-08-01 03:11:41 PM,952.55,1,952.55,71047191.79999997
2025-08-01 03:11:52 PM,952.15,134,127588.09999999999,71174779.89999996
2025-08-01 03:11:59 PM,952.15,1,952.15,71175732.04999997
2025-08-01 03:12:23 PM,952.05,0,0.0,71175732.04999997
2025-08-01 03:12:25 PM,952.05,136,129478.79999999999,71305210.84999996
2025-08-01 03:12:38 PM,950.8,25,23770.0,71328980.84999996
2025-08-01 03:12:56 PM,951.5,0,0.0,71328980.84999996
