date,price,qty,trnvr,cum_trnvr
2025-08-01 09:15:06 AM,3138.0,40,125520.0,125520.0
2025-08-01 09:15:08 AM,3145.5,11,34600.5,160120.5
2025-08-01 09:15:14 AM,3144.0,0,0.0,160120.5
2025-08-01 09:15:17 AM,3144.0,5,15720.0,175840.5
2025-08-01 09:15:23 AM,3143.2,0,0.0,175840.5
2025-08-01 09:15:27 AM,3143.2,12,37718.399999999994,213558.9
2025-08-01 09:15:30 AM,3143.5,0,0.0,213558.9
2025-08-01 09:15:34 AM,3135.3,0,0.0,213558.9
2025-08-01 09:15:35 AM,3135.3,3,9405.900000000001,222964.8
2025-08-01 09:15:37 AM,3132.7,72,225554.4,448519.19999999995
2025-08-01 09:15:38 AM,3132.6,0,0.0,448519.19999999995
2025-08-01 09:15:43 AM,3135.3,0,0.0,448519.19999999995
2025-08-01 09:15:44 AM,3135.3,15,47029.5,495548.69999999995
2025-08-01 09:15:47 AM,3128.3,0,0.0,495548.69999999995
2025-08-01 09:15:50 AM,3132.0,0,0.0,495548.69999999995
2025-08-01 09:15:52 AM,3132.0,8,25056.0,520604.69999999995
2025-08-01 09:16:02 AM,3127.7,13,40660.1,561264.7999999999
2025-08-01 09:16:04 AM,3126.8,0,0.0,561264.7999999999
2025-08-01 09:16:08 AM,3105.0,102,316710.0,877974.7999999999
2025-08-01 09:16:08 AM,3106.1,0,0.0,877974.7999999999
2025-08-01 09:16:10 AM,3104.8,25,77620.0,955594.7999999999
2025-08-01 09:16:12 AM,3114.9,0,0.0,955594.7999999999
2025-08-01 09:16:16 AM,3114.9,143,445430.7,1401025.5
2025-08-01 09:16:18 AM,3106.2,29,90079.79999999999,1491105.3
2025-08-01 09:16:19 AM,3114.9,0,0.0,1491105.3
2025-08-01 09:16:25 AM,3114.9,11,34263.9,1525369.2
2025-08-01 09:16:30 AM,3106.5,0,0.0,1525369.2
2025-08-01 09:16:33 AM,3106.5,41,127366.5,1652735.7
2025-08-01 09:16:34 AM,3115.9,102,317821.8,1970557.5
2025-08-01 09:16:40 AM,3115.6,0,0.0,1970557.5
2025-08-01 09:16:41 AM,3115.6,4,12462.4,1983019.9
2025-08-01 09:16:49 AM,3128.9,9,28160.100000000002,2011180.0
2025-08-01 09:16:52 AM,3117.9,0,0.0,2011180.0
2025-08-01 09:16:58 AM,3117.9,19,59240.1,2070420.1
2025-08-01 09:17:01 AM,3126.4,0,0.0,2070420.1
2025-08-01 09:17:06 AM,3126.4,14,43769.6,2114189.7
2025-08-01 09:17:07 AM,3126.4,35,109424.0,2223613.7
2025-08-01 09:17:10 AM,3127.9,0,0.0,2223613.7
2025-08-01 09:17:14 AM,3126.4,71,221974.4,2445588.1
2025-08-01 09:17:17 AM,3121.2,0,0.0,2445588.1
2025-08-01 09:17:22 AM,3121.2,18,56181.6,2501769.7
2025-08-01 09:17:40 AM,3123.2,3,9369.599999999999,2511139.3000000003
2025-08-01 09:17:42 AM,3124.2,0,0.0,2511139.3000000003
2025-08-01 09:17:47 AM,3129.2,18,56325.6,2567464.9000000004
2025-08-01 09:18:02 AM,3129.0,0,0.0,2567464.9000000004
2025-08-01 09:18:04 AM,3128.8,2,6257.6,2573722.5000000005
2025-08-01 09:18:07 AM,3128.5,0,0.0,2573722.5000000005
2025-08-01 09:18:12 AM,3128.5,5,15642.5,2589365.0000000005
2025-08-01 09:18:22 AM,3130.2,20,62604.0,2651969.0000000005
2025-08-01 09:18:37 AM,3130.2,10,31302.0,2683271.0000000005
2025-08-01 09:18:39 AM,3124.4,0,0.0,2683271.0000000005
2025-08-01 09:18:45 AM,3124.4,3,9373.2,2692644.2000000007
2025-08-01 09:18:55 AM,3130.2,0,0.0,2692644.2000000007
2025-08-01 09:18:57 AM,3130.3,0,0.0,2692644.2000000007
2025-08-01 09:19:01 AM,3130.2,21,65734.2,2758378.400000001
2025-08-01 09:19:19 AM,3132.6,7,21928.2,2780306.600000001
2025-08-01 09:19:33 AM,3136.1,0,0.0,2780306.600000001
2025-08-01 09:19:33 AM,3136.1,12,37633.2,2817939.800000001
2025-08-01 09:19:41 AM,3134.7,0,0.0,2817939.800000001
2025-08-01 09:19:42 AM,3134.7,1,3134.7,2821074.5000000014
2025-08-01 09:19:49 AM,3131.1,0,0.0,2821074.5000000014
2025-08-01 09:19:50 AM,3131.1,3,9393.3,2830467.800000001
2025-08-01 09:19:59 AM,3135.0,34,106590.0,2937057.800000001
2025-08-01 09:20:05 AM,3140.9,0,0.0,2937057.800000001
2025-08-01 09:20:05 AM,3140.9,9,28268.100000000002,2965325.9000000013
2025-08-01 09:20:12 AM,3135.8,0,0.0,2965325.9000000013
2025-08-01 09:20:14 AM,3135.8,92,288493.60000000003,3253819.5000000014
2025-08-01 09:20:15 AM,3139.6,15,47094.0,3300913.5000000014
2025-08-01 09:20:19 AM,3140.0,0,0.0,3300913.5000000014
2025-08-01 09:20:21 AM,3140.0,6,18840.0,3319753.5000000014
2025-08-01 09:20:29 AM,3140.8,27,84801.6,3404555.1000000015
2025-08-01 09:20:31 AM,3141.4,9,28272.600000000002,3432827.7000000016
2025-08-01 09:20:33 AM,3139.4,0,0.0,3432827.7000000016
2025-08-01 09:20:37 AM,3138.0,98,307524.0,3740351.7000000016
2025-08-01 09:20:43 AM,3134.5,0,0.0,3740351.7000000016
2025-08-01 09:20:45 AM,3134.5,5,15672.5,3756024.2000000016
2025-08-01 09:20:50 AM,3133.2,0,0.0,3756024.2000000016
2025-08-01 09:20:53 AM,3135.2,57,178706.4,3934730.6000000015
2025-08-01 09:21:04 AM,3131.6,0,0.0,3934730.6000000015
2025-08-01 09:21:06 AM,3139.6,0,0.0,3934730.6000000015
2025-08-01 09:21:08 AM,3139.6,61,191515.6,4126246.2000000016
2025-08-01 09:21:09 AM,3139.9,23,72217.7,4198463.900000001
2025-08-01 09:21:16 AM,3139.9,7,21979.3,4220443.200000001
2025-08-01 09:21:17 AM,3144.4,1,3144.4,4223587.6000000015
2025-08-01 09:21:27 AM,3141.3,0,0.0,4223587.6000000015
2025-08-01 09:21:32 AM,3141.3,14,43978.200000000004,4267565.800000002
2025-08-01 09:21:38 AM,3144.3,0,0.0,4267565.800000002
2025-08-01 09:21:40 AM,3142.5,5,15712.5,4283278.300000002
2025-08-01 09:21:40 AM,3144.3,1,3144.3,4286422.6000000015
2025-08-01 09:21:50 AM,3143.4,0,0.0,4286422.6000000015
2025-08-01 09:21:55 AM,3143.4,52,163456.80000000002,4449879.400000001
2025-08-01 09:22:03 AM,3142.9,2,6285.8,4456165.200000001
2025-08-01 09:22:08 AM,3138.9,0,0.0,4456165.200000001
2025-08-01 09:22:10 AM,3138.9,15,47083.5,4503248.700000001
2025-08-01 09:22:17 AM,3139.0,26,81614.0,4584862.700000001
2025-08-01 09:22:25 AM,3139.0,4,12556.0,4597418.700000001
2025-08-01 09:22:36 AM,3141.4,0,0.0,4597418.700000001
2025-08-01 09:22:40 AM,3141.4,1,3141.4,4600560.1000000015
2025-08-01 09:22:42 AM,3138.6,3,9415.8,4609975.900000001
2025-08-01 09:22:48 AM,3138.6,5,15693.0,4625668.900000001
2025-08-01 09:23:07 AM,3138.0,0,0.0,4625668.900000001
2025-08-01 09:23:11 AM,3138.0,1,3138.0,4628806.900000001
2025-08-01 09:23:41 AM,3138.0,3,9414.0,4638220.900000001
2025-08-01 09:23:47 AM,3139.7,0,0.0,4638220.900000001
2025-08-01 09:23:49 AM,3139.7,3,9419.099999999999,4647640.000000001
2025-08-01 09:23:58 AM,3137.2,1,3137.2,4650777.200000001
2025-08-01 09:25:05 AM,3137.0,0,0.0,4650777.200000001
2025-08-01 09:25:07 AM,3137.0,69,216453.0,4867230.200000001
2025-08-01 09:25:14 AM,3135.0,105,329175.0,5196405.200000001
2025-08-01 09:25:17 AM,3131.4,0,0.0,5196405.200000001
2025-08-01 09:25:20 AM,3131.4,12,37576.8,5233982.000000001
2025-08-01 09:25:29 AM,3131.5,11,34446.5,5268428.500000001
2025-08-01 09:25:37 AM,3130.7,32,100182.4,5368610.900000001
2025-08-01 09:25:41 AM,3130.0,0,0.0,5368610.900000001
2025-08-01 09:25:42 AM,3130.0,1,3130.0,5371740.900000001
2025-08-01 09:25:44 AM,3129.6,114,356774.39999999997,5728515.300000002
2025-08-01 09:26:04 AM,3126.3,0,0.0,5728515.300000002
2025-08-01 09:26:05 AM,3126.3,13,40641.9,5769157.200000002
2025-08-01 09:26:11 AM,3125.5,0,0.0,5769157.200000002
2025-08-01 09:26:12 AM,3125.5,9,28129.5,5797286.700000002
2025-08-01 09:26:18 AM,3131.9,0,0.0,5797286.700000002
2025-08-01 09:26:20 AM,3131.9,70,219233.0,6016519.700000002
2025-08-01 09:26:24 AM,3130.9,0,0.0,6016519.700000002
2025-08-01 09:26:28 AM,3130.9,13,40701.700000000004,6057221.400000002
2025-08-01 09:26:33 AM,3127.7,0,0.0,6057221.400000002
2025-08-01 09:26:36 AM,3127.7,10,31277.0,6088498.400000002
2025-08-01 09:26:52 AM,3128.7,3,9386.099999999999,6097884.500000002
2025-08-01 09:26:58 AM,3132.1,1,3132.1,6101016.6000000015
2025-08-01 09:27:00 AM,3132.4,3,9397.2,6110413.800000002
2025-08-01 09:27:18 AM,3130.3,0,0.0,6110413.800000002
2025-08-01 09:27:21 AM,3130.3,1,3130.3,6113544.1000000015
2025-08-01 09:28:07 AM,3132.9,1,3132.9,6116677.000000002
2025-08-01 09:28:33 AM,3129.1,0,0.0,6116677.000000002
2025-08-01 09:28:37 AM,3129.1,55,172100.5,6288777.500000002
2025-08-01 09:28:44 AM,3129.1,10,31291.0,6320068.500000002
2025-08-01 09:28:49 AM,3127.0,0,0.0,6320068.500000002
2025-08-01 09:28:52 AM,3127.0,13,40651.0,6360719.500000002
2025-08-01 09:28:55 AM,3129.0,0,0.0,6360719.500000002
2025-08-01 09:29:00 AM,3125.1,17,53126.7,6413846.200000002
2025-08-01 09:29:02 AM,3126.6,0,0.0,6413846.200000002
2025-08-01 09:29:07 AM,3126.6,51,159456.6,6573302.800000002
2025-08-01 09:29:15 AM,3126.6,2,6253.2,6579556.000000002
2025-08-01 09:29:18 AM,3124.3,0,0.0,6579556.000000002
2025-08-01 09:29:23 AM,3121.3,125,390162.5,6969718.500000002
2025-08-01 09:29:23 AM,3120.0,0,0.0,6969718.500000002
2025-08-01 09:29:24 AM,3120.0,6,18720.0,6988438.500000002
2025-08-01 09:29:30 AM,3120.0,63,196560.0,7184998.500000002
2025-08-01 09:29:31 AM,3115.5,8,24924.0,7209922.500000002
2025-08-01 09:29:33 AM,3113.8,0,0.0,7209922.500000002
2025-08-01 09:29:37 AM,3113.8,1,3113.8,7213036.300000002
2025-08-01 09:29:43 AM,3117.9,0,0.0,7213036.300000002
2025-08-01 09:29:45 AM,3117.9,110,342969.0,7556005.300000002
2025-08-01 09:29:48 AM,3118.0,0,0.0,7556005.300000002
2025-08-01 09:29:52 AM,3117.7,10,31177.0,7587182.300000002
2025-08-01 09:29:59 AM,3115.8,0,0.0,7587182.300000002
2025-08-01 09:30:00 AM,3115.8,36,112168.8,7699351.1000000015
2025-08-01 09:30:15 AM,3115.8,5,15579.0,7714930.1000000015
2025-08-01 09:30:20 AM,3115.5,0,0.0,7714930.1000000015
2025-08-01 09:30:23 AM,3115.5,2,6231.0,7721161.1000000015
2025-08-01 09:30:27 AM,3116.5,0,0.0,7721161.1000000015
2025-08-01 09:30:30 AM,3116.5,16,49864.0,7771025.1000000015
2025-08-01 09:30:37 AM,3115.0,4,12460.0,7783485.1000000015
2025-08-01 09:30:45 AM,3115.0,1,3115.0,7786600.1000000015
2025-08-01 09:31:00 AM,3115.0,3,9345.0,7795945.1000000015
2025-08-01 09:31:05 AM,3114.6,0,0.0,7795945.1000000015
2025-08-01 09:31:07 AM,3114.6,1,3114.6,7799059.700000001
2025-08-01 09:31:11 AM,3116.0,0,0.0,7799059.700000001
2025-08-01 09:31:14 AM,3116.0,2,6232.0,7805291.700000001
2025-08-01 09:31:17 AM,3114.6,0,0.0,7805291.700000001
2025-08-01 09:31:22 AM,3114.6,2,6229.2,7811520.900000001
2025-08-01 09:31:28 AM,3114.2,0,0.0,7811520.900000001
2025-08-01 09:31:29 AM,3114.2,1,3114.2,7814635.1000000015
2025-08-01 09:31:56 AM,3115.3,0,0.0,7814635.1000000015
2025-08-01 09:31:57 AM,3115.3,26,80997.8,7895632.900000001
2025-08-01 09:32:12 AM,3117.6,0,0.0,7895632.900000001
2025-08-01 09:32:18 AM,3116.1,16,49857.6,7945490.500000001
2025-08-01 09:32:25 AM,3117.6,10,31176.0,7976666.500000001
2025-08-01 09:32:43 AM,3116.0,0,0.0,7976666.500000001
2025-08-01 09:32:43 AM,3119.0,0,0.0,7976666.500000001
2025-08-01 09:32:46 AM,3120.0,70,218400.0,8195066.500000001
2025-08-01 09:32:55 AM,3120.1,0,0.0,8195066.500000001
2025-08-01 09:33:00 AM,3120.1,6,18720.6,8213787.100000001
2025-08-01 09:33:07 AM,3118.5,8,24948.0,8238735.100000001
2025-08-01 09:33:12 AM,3118.4,0,0.0,8238735.100000001
2025-08-01 09:33:12 AM,3117.1,0,0.0,8238735.100000001
2025-08-01 09:33:14 AM,3117.1,16,49873.6,8288608.7
2025-08-01 09:33:17 AM,3115.3,0,0.0,8288608.7
2025-08-01 09:33:20 AM,3115.3,4,12461.2,8301069.9
2025-08-01 09:33:34 AM,3115.3,4,12461.2,8313531.100000001
2025-08-01 09:33:37 AM,3117.9,0,0.0,8313531.100000001
2025-08-01 09:33:41 AM,3118.3,35,109140.5,8422671.600000001
2025-08-01 09:33:42 AM,3120.4,0,0.0,8422671.600000001
2025-08-01 09:33:48 AM,3120.4,12,37444.8,8460116.400000002
2025-08-01 09:33:55 AM,3121.0,3,9363.0,8469479.400000002
2025-08-01 09:33:57 AM,3118.9,0,0.0,8469479.400000002
2025-08-01 09:34:02 AM,3118.9,2,6237.8,8475717.200000003
2025-08-01 09:34:02 AM,3118.5,1,3118.5,8478835.700000003
2025-08-01 09:34:07 AM,3117.8,0,0.0,8478835.700000003
2025-08-01 09:34:09 AM,3117.8,5,15589.0,8494424.700000003
2025-08-01 09:34:12 AM,3119.1,0,0.0,8494424.700000003
2025-08-01 09:34:16 AM,3119.1,27,84215.7,8578640.400000002
2025-08-01 09:34:22 AM,3119.9,0,0.0,8578640.400000002
2025-08-01 09:34:23 AM,3122.3,7,21856.100000000002,8600496.500000002
2025-08-01 09:34:32 AM,3122.2,0,0.0,8600496.500000002
2025-08-01 09:34:37 AM,3122.2,1,3122.2,8603618.700000001
2025-08-01 09:34:47 AM,3119.9,0,0.0,8603618.700000001
2025-08-01 09:34:50 AM,3130.3,0,0.0,8603618.700000001
2025-08-01 09:34:51 AM,3130.3,201,629190.3,9232809.000000002
2025-08-01 09:35:07 AM,3124.3,0,0.0,9232809.000000002
2025-08-01 09:35:12 AM,3124.3,1,3124.3,9235933.300000003
2025-08-01 09:35:12 AM,3121.7,0,0.0,9235933.300000003
2025-08-01 09:35:17 AM,3121.3,0,0.0,9235933.300000003
2025-08-01 09:35:19 AM,3121.3,23,71789.90000000001,9307723.200000003
2025-08-01 09:35:22 AM,3121.2,0,0.0,9307723.200000003
2025-08-01 09:35:26 AM,3121.2,16,49939.2,9357662.400000002
2025-08-01 09:35:32 AM,3120.5,0,0.0,9357662.400000002
2025-08-01 09:35:33 AM,3120.5,41,127940.5,9485602.900000002
2025-08-01 09:35:37 AM,3117.7,0,0.0,9485602.900000002
2025-08-01 09:35:40 AM,3117.7,12,37412.399999999994,9523015.300000003
2025-08-01 09:36:00 AM,3117.7,8,24941.6,9547956.900000002
2025-08-01 09:36:02 AM,3117.0,0,0.0,9547956.900000002
2025-08-01 09:36:07 AM,3117.0,3,9351.0,9557307.900000002
2025-08-01 09:36:13 AM,3117.0,19,59223.0,9616530.900000002
2025-08-01 09:36:21 AM,3116.6,0,0.0,9616530.900000002
2025-08-01 09:36:26 AM,3116.6,12,37399.2,9653930.100000001
2025-08-01 09:36:33 AM,3116.6,4,12466.4,9666396.500000002
2025-08-01 09:36:39 AM,3116.5,12,37398.0,9703794.500000002
2025-08-01 09:36:41 AM,3115.5,0,0.0,9703794.500000002
2025-08-01 09:36:46 AM,3115.5,1,3115.5,9706910.000000002
2025-08-01 09:36:49 AM,3116.7,0,0.0,9706910.000000002
2025-08-01 09:36:52 AM,3117.0,82,255594.0,9962504.000000002
2025-08-01 09:36:57 AM,3121.2,0,0.0,9962504.000000002
2025-08-01 09:36:59 AM,3121.2,4,12484.8,9974988.800000003
2025-08-01 09:36:59 AM,3117.9,3,9353.7,9984342.500000002
2025-08-01 09:37:01 AM,3121.0,0,0.0,9984342.500000002
2025-08-01 09:37:06 AM,3117.7,0,0.0,9984342.500000002
2025-08-01 09:37:06 AM,3120.5,51,159145.5,10143488.000000002
2025-08-01 09:37:20 AM,3119.6,0,0.0,10143488.000000002
2025-08-01 09:37:20 AM,3119.6,46,143501.6,10286989.600000001
2025-08-01 09:37:30 AM,3115.5,0,0.0,10286989.600000001
2025-08-01 09:37:34 AM,3115.5,55,171352.5,10458342.100000001
2025-08-01 09:37:41 AM,3117.2,10,31172.0,10489514.100000001
2025-08-01 09:37:43 AM,3114.0,0,0.0,10489514.100000001
2025-08-01 09:37:47 AM,3114.0,15,46710.0,10536224.100000001
2025-08-01 09:37:47 AM,3113.0,0,0.0,10536224.100000001
2025-08-01 09:37:48 AM,3113.0,15,46695.0,10582919.100000001
2025-08-01 09:37:54 AM,3113.0,2,6226.0,10589145.100000001
2025-08-01 09:38:05 AM,3114.6,0,0.0,10589145.100000001
2025-08-01 09:38:07 AM,3114.6,100,311460.0,10900605.100000001
2025-08-01 09:38:32 AM,3110.5,0,0.0,10900605.100000001
2025-08-01 09:38:34 AM,3110.5,8,24884.0,10925489.100000001
2025-08-01 09:38:37 AM,3114.2,0,0.0,10925489.100000001
2025-08-01 09:38:41 AM,3114.2,49,152595.8,11078084.900000002
2025-08-01 09:38:53 AM,3114.5,0,0.0,11078084.900000002
2025-08-01 09:38:54 AM,3114.5,1,3114.5,11081199.400000002
2025-08-01 09:39:01 AM,3114.5,1,3114.5,11084313.900000002
2025-08-01 09:39:02 AM,3113.7,0,0.0,11084313.900000002
2025-08-01 09:39:07 AM,3112.7,0,0.0,11084313.900000002
2025-08-01 09:39:08 AM,3112.7,8,24901.6,11109215.500000002
2025-08-01 09:39:12 AM,3114.3,0,0.0,11109215.500000002
2025-08-01 09:39:15 AM,3114.3,1,3114.3,11112329.800000003
2025-08-01 09:39:22 AM,3112.7,0,0.0,11112329.800000003
2025-08-01 09:39:28 AM,3112.7,2,6225.4,11118555.200000003
2025-08-01 09:39:41 AM,3111.3,10,31113.0,11149668.200000003
2025-08-01 09:39:48 AM,3111.4,1,3111.4,11152779.600000003
2025-08-01 09:39:48 AM,3111.3,3,9333.900000000001,11162113.500000004
2025-08-01 09:39:58 AM,3113.8,0,0.0,11162113.500000004
2025-08-01 09:40:01 AM,3113.8,1,3113.8,11165227.300000004
2025-08-01 09:40:14 AM,3110.5,1,3110.5,11168337.800000004
2025-08-01 09:40:19 AM,3114.1,0,0.0,11168337.800000004
2025-08-01 09:40:21 AM,3114.1,10,31141.0,11199478.800000004
2025-08-01 09:40:37 AM,3112.0,0,0.0,11199478.800000004
2025-08-01 09:40:40 AM,3112.0,2,6224.0,11205702.800000004
2025-08-01 09:41:57 AM,3114.4,0,0.0,11205702.800000004
2025-08-01 09:41:59 AM,3112.5,2,6225.0,11211927.800000004
2025-08-01 09:42:14 AM,3114.1,0,0.0,11211927.800000004
2025-08-01 09:42:19 AM,3114.1,13,40483.299999999996,11252411.100000005
2025-08-01 09:42:44 AM,3112.3,0,0.0,11252411.100000005
2025-08-01 09:42:45 AM,3112.3,2,6224.6,11258635.700000005
2025-08-01 09:42:48 AM,3112.2,0,0.0,11258635.700000005
2025-08-01 09:42:52 AM,3112.2,9,28009.8,11286645.500000006
2025-08-01 09:42:56 AM,3112.0,0,0.0,11286645.500000006
2025-08-01 09:42:58 AM,3112.0,19,59128.0,11345773.500000006
2025-08-01 09:43:04 AM,3110.2,0,0.0,11345773.500000006
2025-08-01 09:43:04 AM,3108.4,0,0.0,11345773.500000006
2025-08-01 09:43:05 AM,3108.4,170,528428.0,11874201.500000006
2025-08-01 09:43:08 AM,3106.6,0,0.0,11874201.500000006
2025-08-01 09:43:11 AM,3106.6,5,15533.0,11889734.500000006
2025-08-01 09:43:24 AM,3106.8,0,0.0,11889734.500000006
2025-08-01 09:43:25 AM,3106.8,9,27961.2,11917695.700000005
2025-08-01 09:43:32 AM,3106.5,0,0.0,11917695.700000005
2025-08-01 09:43:36 AM,3107.1,0,0.0,11917695.700000005
2025-08-01 09:43:38 AM,3107.1,96,298281.6,12215977.300000004
2025-08-01 09:43:58 AM,3107.2,6,18643.199999999997,12234620.500000004
2025-08-01 09:44:04 AM,3107.1,0,0.0,12234620.500000004
2025-08-01 09:44:04 AM,3107.1,9,27963.899999999998,12262584.400000004
2025-08-01 09:44:18 AM,3106.6,2,6213.2,12268797.600000003
2025-08-01 09:44:24 AM,3106.0,2,6212.0,12275009.600000003
2025-08-01 09:44:28 AM,3106.1,0,0.0,12275009.600000003
2025-08-01 09:44:31 AM,3106.1,1,3106.1,12278115.700000003
2025-08-01 09:44:40 AM,3109.0,0,0.0,12278115.700000003
2025-08-01 09:44:43 AM,3109.0,20,62180.0,12340295.700000003
2025-08-01 09:44:45 AM,3109.5,0,0.0,12340295.700000003
2025-08-01 09:44:48 AM,3107.0,0,0.0,12340295.700000003
2025-08-01 09:44:50 AM,3107.1,16,49713.6,12390009.300000003
2025-08-01 09:45:02 AM,3107.0,0,0.0,12390009.300000003
2025-08-01 09:45:03 AM,3107.0,14,43498.0,12433507.300000003
2025-08-01 09:45:04 AM,3108.7,6,18652.199999999997,12452159.500000002
2025-08-01 09:45:16 AM,3106.4,43,133575.2,12585734.700000001
2025-08-01 09:45:18 AM,3105.1,4,12420.4,12598155.100000001
2025-08-01 09:45:28 AM,3106.6,0,0.0,12598155.100000001
2025-08-01 09:45:29 AM,3106.6,12,37279.2,12635434.3
2025-08-01 09:45:37 AM,3106.6,2,6213.2,12641647.5
2025-08-01 09:45:40 AM,3106.0,0,0.0,12641647.5
2025-08-01 09:45:42 AM,3106.0,5,15530.0,12657177.5
2025-08-01 09:45:43 AM,3105.2,4,12420.8,12669598.3
2025-08-01 09:45:55 AM,3106.0,0,0.0,12669598.3
2025-08-01 09:45:56 AM,3106.0,10,31060.0,12700658.3
2025-08-01 09:46:02 AM,3105.9,0,0.0,12700658.3
2025-08-01 09:46:03 AM,3106.0,9,27954.0,12728612.3
2025-08-01 09:46:08 AM,3106.0,1,3106.0,12731718.3
2025-08-01 09:46:14 AM,3106.0,15,46590.0,12778308.3
2025-08-01 09:46:27 AM,3106.1,33,102501.3,12880809.600000001
2025-08-01 09:46:40 AM,3106.4,4,12425.6,12893235.200000001
2025-08-01 09:46:52 AM,3106.4,8,24851.2,12918086.4
2025-08-01 09:47:02 AM,3108.9,0,0.0,12918086.4
2025-08-01 09:47:05 AM,3108.9,9,27980.100000000002,12946066.5
2025-08-01 09:47:18 AM,3106.5,0,0.0,12946066.5
2025-08-01 09:47:19 AM,3106.5,2,6213.0,12952279.5
2025-08-01 09:47:32 AM,3106.4,8,24851.2,12977130.7
2025-08-01 09:47:43 AM,3105.0,0,0.0,12977130.7
2025-08-01 09:47:43 AM,3105.0,65,201825.0,13178955.7
2025-08-01 09:47:50 AM,3105.0,1,3105.0,13182060.7
2025-08-01 09:47:55 AM,3107.2,0,0.0,13182060.7
2025-08-01 09:47:56 AM,3107.2,1,3107.2,13185167.899999999
2025-08-01 09:48:03 AM,3107.1,8,24856.8,13210024.7
2025-08-01 09:48:09 AM,3104.7,0,0.0,13210024.7
2025-08-01 09:48:09 AM,3104.7,11,34151.7,13244176.399999999
2025-08-01 09:48:16 AM,3104.2,0,0.0,13244176.399999999
2025-08-01 09:48:16 AM,3104.2,12,37250.399999999994,13281426.799999999
2025-08-01 09:48:28 AM,3104.4,0,0.0,13281426.799999999
2025-08-01 09:48:29 AM,3104.4,3,9313.2,13290739.999999998
2025-08-01 09:48:31 AM,3104.1,6,18624.6,13309364.599999998
2025-08-01 09:48:32 AM,3104.0,0,0.0,13309364.599999998
2025-08-01 09:48:35 AM,3103.6,15,46554.0,13355918.599999998
2025-08-01 09:48:42 AM,3104.0,1,3104.0,13359022.599999998
2025-08-01 09:48:48 AM,3104.0,52,161408.0,13520430.599999998
2025-08-01 09:48:56 AM,3105.0,0,0.0,13520430.599999998
2025-08-01 09:48:57 AM,3105.0,10,31050.0,13551480.599999998
2025-08-01 09:49:00 AM,3104.8,0,0.0,13551480.599999998
2025-08-01 09:49:01 AM,3104.8,11,34152.8,13585633.399999999
2025-08-01 09:49:03 AM,3108.0,1,3108.0,13588741.399999999
2025-08-01 09:49:07 AM,3108.1,5,15540.5,13604281.899999999
2025-08-01 09:49:22 AM,3105.5,0,0.0,13604281.899999999
2025-08-01 09:49:26 AM,3105.5,4,12422.0,13616703.899999999
2025-08-01 09:50:00 AM,3107.8,10,31078.0,13647781.899999999
2025-08-01 09:50:07 AM,3108.1,5,15540.5,13663322.399999999
2025-08-01 09:50:13 AM,3105.6,3,9316.8,13672639.2
2025-08-01 09:51:04 AM,3108.1,0,0.0,13672639.2
2025-08-01 09:51:07 AM,3108.1,5,15540.5,13688179.7
2025-08-01 09:51:13 AM,3108.1,1,3108.1,13691287.799999999
2025-08-01 09:51:20 AM,3108.1,1,3108.1,13694395.899999999
2025-08-01 09:51:27 AM,3106.9,0,0.0,13694395.899999999
2025-08-01 09:51:28 AM,3106.9,1,3106.9,13697502.799999999
2025-08-01 09:51:33 AM,3108.1,0,0.0,13697502.799999999
2025-08-01 09:51:34 AM,3108.1,2,6216.2,13703718.999999998
2025-08-01 09:51:38 AM,3108.1,1,3108.1,13706827.099999998
2025-08-01 09:51:46 AM,3106.9,0,0.0,13706827.099999998
2025-08-01 09:51:47 AM,3106.9,4,12427.6,13719254.699999997
2025-08-01 09:51:53 AM,3106.9,1,3106.9,13722361.599999998
2025-08-01 09:51:57 AM,3108.2,10,31082.0,13753443.599999998
2025-08-01 09:52:01 AM,3112.1,0,0.0,13753443.599999998
2025-08-01 09:52:03 AM,3112.1,6,18672.6,13772116.199999997
2025-08-01 09:52:07 AM,3109.4,0,0.0,13772116.199999997
2025-08-01 09:52:09 AM,3109.2,21,65293.2,13837409.399999997
2025-08-01 09:52:11 AM,3111.6,0,0.0,13837409.399999997
2025-08-01 09:52:11 AM,3109.3,3,9327.900000000001,13846737.299999997
2025-08-01 09:52:18 AM,3108.1,7,21756.7,13868493.999999996
2025-08-01 09:52:32 AM,3107.2,0,0.0,13868493.999999996
2025-08-01 09:52:33 AM,3107.2,11,34179.2,13902673.199999996
2025-08-01 09:52:44 AM,3109.4,0,0.0,13902673.199999996
2025-08-01 09:52:45 AM,3109.4,3,9328.2,13912001.399999995
2025-08-01 09:52:54 AM,3107.1,10,31071.0,13943072.399999995
2025-08-01 09:52:59 AM,3109.3,0,0.0,13943072.399999995
2025-08-01 09:53:00 AM,3109.3,2,6218.6,13949290.999999994
2025-08-01 09:53:03 AM,3109.7,0,0.0,13949290.999999994
2025-08-01 09:53:03 AM,3109.7,4,12438.8,13961729.799999995
2025-08-01 09:53:08 AM,3109.8,0,0.0,13961729.799999995
2025-08-01 09:53:10 AM,3109.8,4,12439.2,13974168.999999994
2025-08-01 09:53:16 AM,3107.2,7,21750.399999999998,13995919.399999995
2025-08-01 09:53:18 AM,3107.2,10,31072.0,14026991.399999995
2025-08-01 09:53:28 AM,3109.2,0,0.0,14026991.399999995
2025-08-01 09:53:29 AM,3109.2,4,12436.8,14039428.199999996
2025-08-01 09:53:33 AM,3107.1,0,0.0,14039428.199999996
2025-08-01 09:53:34 AM,3107.1,3,9321.3,14048749.499999996
2025-08-01 09:53:57 AM,3107.0,0,0.0,14048749.499999996
2025-08-01 09:54:00 AM,3107.0,1,3107.0,14051856.499999996
2025-08-01 09:54:01 AM,3109.1,30,93273.0,14145129.499999996
2025-08-01 09:54:03 AM,3105.6,0,0.0,14145129.499999996
2025-08-01 09:54:06 AM,3105.6,8,24844.8,14169974.299999997
2025-08-01 09:54:25 AM,3105.0,0,0.0,14169974.299999997
2025-08-01 09:54:25 AM,3105.0,11,34155.0,14204129.299999997
2025-08-01 09:54:25 AM,3105.2,0,0.0,14204129.299999997
2025-08-01 09:54:26 AM,3105.2,1,3105.2,14207234.499999996
2025-08-01 09:54:28 AM,3103.6,0,0.0,14207234.499999996
2025-08-01 09:54:31 AM,3103.6,4,12414.4,14219648.899999997
2025-08-01 09:54:32 AM,3103.0,15,46545.0,14266193.899999997
2025-08-01 09:54:37 AM,3102.6,0,0.0,14266193.899999997
2025-08-01 09:54:37 AM,3102.6,17,52744.2,14318938.099999996
2025-08-01 09:54:40 AM,3104.7,0,0.0,14318938.099999996
2025-08-01 09:54:43 AM,3104.7,20,62094.0,14381032.099999996
2025-08-01 09:54:49 AM,3102.0,10,31020.0,14412052.099999996
2025-08-01 09:54:55 AM,3101.7,0,0.0,14412052.099999996
2025-08-01 09:54:55 AM,3101.7,7,21711.899999999998,14433763.999999996
2025-08-01 09:54:58 AM,3104.6,0,0.0,14433763.999999996
2025-08-01 09:55:00 AM,3104.7,14,43465.799999999996,14477229.799999997
2025-08-01 09:55:05 AM,3104.8,0,0.0,14477229.799999997
2025-08-01 09:55:06 AM,3102.4,22,68252.8,14545482.599999998
2025-08-01 09:55:13 AM,3102.2,0,0.0,14545482.599999998
2025-08-01 09:55:13 AM,3102.2,8,24817.6,14570300.199999997
2025-08-01 09:55:30 AM,3104.6,10,31046.0,14601346.199999997
2025-08-01 09:55:37 AM,3102.2,3,9306.599999999999,14610652.799999997
2025-08-01 09:55:48 AM,3102.2,10,31022.0,14641674.799999997
2025-08-01 09:55:51 AM,3104.4,0,0.0,14641674.799999997
2025-08-01 09:55:54 AM,3104.4,1,3104.4,14644779.199999997
2025-08-01 09:55:59 AM,3104.2,0,0.0,14644779.199999997
2025-08-01 09:56:01 AM,3104.3,0,0.0,14644779.199999997
2025-08-01 09:56:01 AM,3104.3,7,21730.100000000002,14666509.299999997
2025-08-01 09:56:04 AM,3102.3,0,0.0,14666509.299999997
2025-08-01 09:56:07 AM,3104.3,0,0.0,14666509.299999997
2025-08-01 09:56:07 AM,3104.3,7,21730.100000000002,14688239.399999997
2025-08-01 09:56:25 AM,3104.3,1,3104.3,14691343.699999997
2025-08-01 09:56:28 AM,3103.0,0,0.0,14691343.699999997
2025-08-01 09:56:30 AM,3103.0,11,34133.0,14725476.699999997
2025-08-01 09:56:55 AM,3103.0,2,6206.0,14731682.699999997
2025-08-01 09:57:06 AM,3103.1,0,0.0,14731682.699999997
2025-08-01 09:57:06 AM,3103.1,50,155155.0,14886837.699999997
2025-08-01 09:57:18 AM,3103.0,0,0.0,14886837.699999997
2025-08-01 09:57:18 AM,3105.2,0,0.0,14886837.699999997
2025-08-01 09:57:18 AM,3105.2,11,34157.2,14920994.899999997
2025-08-01 09:57:24 AM,3105.1,3,9315.3,14930310.199999997
2025-08-01 09:57:32 AM,3102.3,41,127194.3,15057504.499999998
2025-08-01 09:57:41 AM,3102.5,16,49640.0,15107144.499999998
2025-08-01 09:57:44 AM,3102.0,8,24816.0,15131960.499999998
2025-08-01 09:57:54 AM,3101.4,0,0.0,15131960.499999998
2025-08-01 09:57:54 AM,3101.4,11,34115.4,15166075.899999999
2025-08-01 09:58:02 AM,3104.3,0,0.0,15166075.899999999
2025-08-01 09:58:02 AM,3104.3,4,12417.2,15178493.099999998
2025-08-01 09:58:09 AM,3104.1,7,21728.7,15200221.799999997
2025-08-01 09:58:12 AM,3101.4,0,0.0,15200221.799999997
2025-08-01 09:58:12 AM,3101.4,67,207793.80000000002,15408015.599999998
2025-08-01 09:58:15 AM,3100.5,0,0.0,15408015.599999998
2025-08-01 09:58:15 AM,3100.5,26,80613.0,15488628.599999998
2025-08-01 09:58:23 AM,3100.0,0,0.0,15488628.599999998
2025-08-01 09:58:24 AM,3100.6,133,412379.8,15901008.399999999
2025-08-01 09:58:26 AM,3101.3,66,204685.80000000002,16105694.2
2025-08-01 09:58:32 AM,3100.4,9,27903.600000000002,16133597.799999999
2025-08-01 09:58:39 AM,3100.3,0,0.0,16133597.799999999
2025-08-01 09:58:39 AM,3100.3,12,37203.600000000006,16170801.399999999
2025-08-01 09:58:42 AM,3100.1,14,43401.4,16214202.799999999
2025-08-01 09:58:45 AM,3100.1,19,58901.9,16273104.7
2025-08-01 09:58:47 AM,3101.1,0,0.0,16273104.7
2025-08-01 09:58:48 AM,3104.4,23,71401.2,16344505.899999999
2025-08-01 09:58:59 AM,3100.9,0,0.0,16344505.899999999
2025-08-01 09:59:00 AM,3103.8,15,46557.0,16391062.899999999
2025-08-01 09:59:06 AM,3104.1,1,3104.1,16394166.999999998
2025-08-01 09:59:17 AM,3104.0,0,0.0,16394166.999999998
2025-08-01 09:59:19 AM,3104.0,62,192448.0,16586614.999999998
2025-08-01 09:59:25 AM,3101.0,0,0.0,16586614.999999998
2025-08-01 09:59:25 AM,3101.0,12,37212.0,16623826.999999998
2025-08-01 09:59:28 AM,3101.0,4,12404.0,16636230.999999998
2025-08-01 09:59:34 AM,3103.2,5,15516.0,16651746.999999998
2025-08-01 09:59:49 AM,3100.6,0,0.0,16651746.999999998
2025-08-01 09:59:50 AM,3100.6,3,9301.8,16661048.799999999
2025-08-01 10:00:05 AM,3103.9,0,0.0,16661048.799999999
2025-08-01 10:00:05 AM,3103.9,6,18623.4,16679672.2
2025-08-01 10:00:16 AM,3100.8,0,0.0,16679672.2
2025-08-01 10:00:16 AM,3100.8,2,6201.6,16685873.799999999
2025-08-01 10:00:56 AM,3104.4,3,9313.2,16695186.999999998
2025-08-01 10:01:03 AM,3105.1,1,3105.1,16698292.099999998
2025-08-01 10:01:06 AM,3106.5,11,34171.5,16732463.599999998
2025-08-01 10:01:11 AM,3107.0,0,0.0,16732463.599999998
2025-08-01 10:01:12 AM,3107.1,101,313817.1,17046280.7
2025-08-01 10:01:28 AM,3103.5,0,0.0,17046280.7
2025-08-01 10:01:28 AM,3103.5,5,15517.5,17061798.2
2025-08-01 10:01:34 AM,3102.7,12,37232.399999999994,17099030.599999998
2025-08-01 10:01:53 AM,3103.0,0,0.0,17099030.599999998
2025-08-01 10:01:53 AM,3103.0,3,9309.0,17108339.599999998
2025-08-01 10:02:04 AM,3106.4,0,0.0,17108339.599999998
2025-08-01 10:02:05 AM,3106.4,43,133575.2,17241914.799999997
2025-08-01 10:02:18 AM,3104.8,1,3104.8,17245019.599999998
2025-08-01 10:02:24 AM,3103.8,0,0.0,17245019.599999998
2025-08-01 10:02:24 AM,3103.8,6,18622.800000000003,17263642.4
2025-08-01 10:02:30 AM,3104.8,9,27943.2,17291585.599999998
2025-08-01 10:02:43 AM,3103.6,2,6207.2,17297792.799999997
2025-08-01 10:03:08 AM,3104.8,1,3104.8,17300897.599999998
2025-08-01 10:03:17 AM,3104.8,8,24838.4,17325735.999999996
2025-08-01 10:03:28 AM,3104.3,10,31043.0,17356778.999999996
2025-08-01 10:03:30 AM,3104.1,1,3104.1,17359883.099999998
2025-08-01 10:03:34 AM,3104.1,3,9312.3,17369195.4
2025-08-01 10:03:49 AM,3105.6,2,6211.2,17375406.599999998
2025-08-01 10:03:59 AM,3105.0,0,0.0,17375406.599999998
2025-08-01 10:03:59 AM,3105.0,7,21735.0,17397141.599999998
2025-08-01 10:04:01 AM,3105.0,105,326025.0,17723166.599999998
2025-08-01 10:04:05 AM,3105.5,4,12422.0,17735588.599999998
2025-08-01 10:04:08 AM,3105.5,1,3105.5,17738694.099999998
2025-08-01 10:04:18 AM,3106.3,1,3106.3,17741800.4
2025-08-01 10:04:23 AM,3105.0,0,0.0,17741800.4
2025-08-01 10:04:24 AM,3105.0,1,3105.0,17744905.4
2025-08-01 10:04:31 AM,3104.4,0,0.0,17744905.4
2025-08-01 10:04:31 AM,3104.4,7,21730.8,17766636.2
2025-08-01 10:04:33 AM,3104.2,17,52771.399999999994,17819407.599999998
2025-08-01 10:04:41 AM,3104.9,0,0.0,17819407.599999998
2025-08-01 10:04:43 AM,3104.9,1,3104.9,17822512.499999996
2025-08-01 10:04:49 AM,3104.4,0,0.0,17822512.499999996
2025-08-01 10:04:49 AM,3104.9,5,15524.5,17838036.999999996
2025-08-01 10:04:51 AM,3105.7,64,198764.8,18036801.799999997
2025-08-01 10:05:02 AM,3109.3,1,3109.3,18039911.099999998
2025-08-01 10:05:07 AM,3110.1,0,0.0,18039911.099999998
2025-08-01 10:05:08 AM,3110.1,4,12440.4,18052351.499999996
2025-08-01 10:05:13 AM,3107.0,0,0.0,18052351.499999996
2025-08-01 10:05:14 AM,3107.0,1,3107.0,18055458.499999996
2025-08-01 10:05:20 AM,3106.1,0,0.0,18055458.499999996
2025-08-01 10:05:20 AM,3106.1,10,31061.0,18086519.499999996
2025-08-01 10:05:38 AM,3106.0,0,0.0,18086519.499999996
2025-08-01 10:05:39 AM,3106.0,1,3106.0,18089625.499999996
2025-08-01 10:06:02 AM,3107.0,6,18642.0,18108267.499999996
2025-08-01 10:06:23 AM,3107.1,3,9321.3,18117588.799999997
2025-08-01 10:06:28 AM,3105.5,0,0.0,18117588.799999997
2025-08-01 10:06:28 AM,3105.5,1,3105.5,18120694.299999997
2025-08-01 10:06:38 AM,3107.1,16,49713.6,18170407.9
2025-08-01 10:06:48 AM,3106.8,0,0.0,18170407.9
2025-08-01 10:06:50 AM,3105.5,2,6211.0,18176618.9
2025-08-01 10:06:57 AM,3105.5,3,9316.5,18185935.4
2025-08-01 10:07:03 AM,3106.6,0,0.0,18185935.4
2025-08-01 10:07:03 AM,3106.6,1,3106.6,18189042.0
2025-08-01 10:07:08 AM,3104.6,0,0.0,18189042.0
2025-08-01 10:07:09 AM,3104.6,29,90033.4,18279075.4
2025-08-01 10:07:15 AM,3106.6,10,31066.0,18310141.4
2025-08-01 10:07:18 AM,3104.6,0,0.0,18310141.4
2025-08-01 10:07:21 AM,3104.6,5,15523.0,18325664.4
2025-08-01 10:07:40 AM,3104.0,0,0.0,18325664.4
2025-08-01 10:07:40 AM,3104.0,11,34144.0,18359808.4
2025-08-01 10:07:46 AM,3104.0,4,12416.0,18372224.4
2025-08-01 10:07:54 AM,3103.5,26,80691.0,18452915.4
2025-08-01 10:08:00 AM,3103.2,0,0.0,18452915.4
2025-08-01 10:08:00 AM,3103.2,8,24825.6,18477741.0
2025-08-01 10:08:04 AM,3105.3,0,0.0,18477741.0
2025-08-01 10:08:04 AM,3105.3,1,3105.3,18480846.3
2025-08-01 10:08:09 AM,3103.3,0,0.0,18480846.3
2025-08-01 10:08:11 AM,3103.3,6,18619.800000000003,18499466.1
2025-08-01 10:08:13 AM,3103.0,4,12412.0,18511878.1
2025-08-01 10:08:14 AM,3103.3,0,0.0,18511878.1
2025-08-01 10:08:15 AM,3103.0,0,0.0,18511878.1
2025-08-01 10:08:17 AM,3103.0,49,152047.0,18663925.1
2025-08-01 10:08:29 AM,3103.1,4,12412.4,18676337.5
2025-08-01 10:08:33 AM,3102.0,0,0.0,18676337.5
2025-08-01 10:08:35 AM,3102.0,24,74448.0,18750785.5
2025-08-01 10:08:39 AM,3101.4,0,0.0,18750785.5
2025-08-01 10:08:41 AM,3101.4,1,3101.4,18753886.9
2025-08-01 10:08:43 AM,3100.6,0,0.0,18753886.9
2025-08-01 10:08:43 AM,3100.6,2,6201.2,18760088.099999998
2025-08-01 10:08:49 AM,3100.6,14,43408.4,18803496.499999996
2025-08-01 10:08:58 AM,3100.3,0,0.0,18803496.499999996
2025-08-01 10:08:59 AM,3100.3,7,21702.100000000002,18825198.599999998
2025-08-01 10:09:00 AM,3100.3,7,21702.100000000002,18846900.7
2025-08-01 10:09:03 AM,3101.4,0,0.0,18846900.7
2025-08-01 10:09:05 AM,3101.4,49,151968.6,18998869.3
2025-08-01 10:09:09 AM,3102.2,0,0.0,18998869.3
2025-08-01 10:09:11 AM,3102.2,36,111679.2,19110548.5
2025-08-01 10:09:23 AM,3100.4,15,46506.0,19157054.5
2025-08-01 10:09:37 AM,3105.2,0,0.0,19157054.5
2025-08-01 10:09:40 AM,3105.2,20,62104.0,19219158.5
2025-08-01 10:09:48 AM,3102.2,5,15511.0,19234669.5
2025-08-01 10:10:01 AM,3105.1,0,0.0,19234669.5
2025-08-01 10:10:03 AM,3105.1,25,77627.5,19312297.0
2025-08-01 10:10:13 AM,3103.3,0,0.0,19312297.0
2025-08-01 10:10:15 AM,3103.3,2,6206.6,19318503.6
2025-08-01 10:10:20 AM,3102.5,0,0.0,19318503.6
2025-08-01 10:10:20 AM,3102.5,3,9307.5,19327811.1
2025-08-01 10:10:32 AM,3104.0,1,3104.0,19330915.1
2025-08-01 10:10:38 AM,3102.5,1,3102.5,19334017.6
2025-08-01 10:11:02 AM,3104.0,1,3104.0,19337121.6
2025-08-01 10:11:10 AM,3104.0,4,12416.0,19349537.6
2025-08-01 10:11:30 AM,3104.6,0,0.0,19349537.6
2025-08-01 10:11:31 AM,3104.6,3,9313.8,19358851.400000002
2025-08-01 10:11:49 AM,3104.6,1,3104.6,19361956.000000004
2025-08-01 10:11:50 AM,3102.1,7,21714.7,19383670.700000003
2025-08-01 10:12:09 AM,3104.5,0,0.0,19383670.700000003
2025-08-01 10:12:12 AM,3104.5,12,37254.0,19420924.700000003
2025-08-01 10:12:18 AM,3102.1,0,0.0,19420924.700000003
2025-08-01 10:12:18 AM,3102.1,3,9306.3,19430231.000000004
2025-08-01 10:12:21 AM,3101.8,0,0.0,19430231.000000004
2025-08-01 10:12:24 AM,3101.8,7,21712.600000000002,19451943.600000005
2025-08-01 10:12:27 AM,3103.8,0,0.0,19451943.600000005
2025-08-01 10:12:30 AM,3103.8,1,3103.8,19455047.400000006
2025-08-01 10:12:36 AM,3103.8,3,9311.400000000001,19464358.800000004
2025-08-01 10:12:39 AM,3101.5,0,0.0,19464358.800000004
2025-08-01 10:12:41 AM,3101.5,6,18609.0,19482967.800000004
2025-08-01 10:12:45 AM,3101.0,0,0.0,19482967.800000004
2025-08-01 10:12:47 AM,3101.4,34,105447.6,19588415.400000006
2025-08-01 10:12:59 AM,3103.6,1,3103.6,19591519.000000007
2025-08-01 10:13:04 AM,3103.5,0,0.0,19591519.000000007
2025-08-01 10:13:04 AM,3103.5,1,3103.5,19594622.500000007
2025-08-01 10:13:09 AM,3103.7,0,0.0,19594622.500000007
2025-08-01 10:13:10 AM,3103.7,9,27933.3,19622555.80000001
2025-08-01 10:13:28 AM,3103.7,2,6207.4,19628763.200000007
2025-08-01 10:13:33 AM,3101.5,0,0.0,19628763.200000007
2025-08-01 10:13:34 AM,3101.5,4,12406.0,19641169.200000007
2025-08-01 10:13:40 AM,3105.2,192,596198.3999999999,20237367.600000005
2025-08-01 10:13:58 AM,3106.1,5,15530.5,20252898.100000005
2025-08-01 10:14:03 AM,3105.9,0,0.0,20252898.100000005
2025-08-01 10:14:03 AM,3105.9,11,34164.9,20287063.000000004
2025-08-01 10:14:09 AM,3104.6,0,0.0,20287063.000000004
2025-08-01 10:14:09 AM,3104.6,13,40359.799999999996,20327422.800000004
2025-08-01 10:14:12 AM,3106.1,0,0.0,20327422.800000004
2025-08-01 10:14:15 AM,3106.1,7,21742.7,20349165.500000004
2025-08-01 10:14:21 AM,3104.7,0,0.0,20349165.500000004
2025-08-01 10:14:21 AM,3104.7,6,18628.199999999997,20367793.700000003
2025-08-01 10:14:24 AM,3104.5,0,0.0,20367793.700000003
2025-08-01 10:14:26 AM,3104.5,6,18627.0,20386420.700000003
2025-08-01 10:14:30 AM,3106.7,0,0.0,20386420.700000003
2025-08-01 10:14:32 AM,3106.7,6,18640.199999999997,20405060.900000002
2025-08-01 10:14:48 AM,3105.0,0,0.0,20405060.900000002
2025-08-01 10:14:50 AM,3105.0,3,9315.0,20414375.900000002
2025-08-01 10:14:56 AM,3106.0,0,0.0,20414375.900000002
2025-08-01 10:14:56 AM,3106.0,3,9318.0,20423693.900000002
2025-08-01 10:15:32 AM,3105.3,10,31053.0,20454746.900000002
2025-08-01 10:15:38 AM,3105.3,2,6210.6,20460957.500000004
2025-08-01 10:16:01 AM,3105.3,9,27947.7,20488905.200000003
2025-08-01 10:16:14 AM,3106.5,0,0.0,20488905.200000003
2025-08-01 10:16:18 AM,3105.3,9,27947.7,20516852.900000002
2025-08-01 10:16:30 AM,3105.3,3,9315.900000000001,20526168.8
2025-08-01 10:16:42 AM,3105.3,15,46579.5,20572748.3
2025-08-01 10:16:53 AM,3105.3,3,9315.900000000001,20582064.2
2025-08-01 10:17:04 AM,3105.3,11,34158.3,20616222.5
2025-08-01 10:17:21 AM,3105.3,2,6210.6,20622433.1
2025-08-01 10:17:27 AM,3105.3,11,34158.3,20656591.400000002
2025-08-01 10:17:44 AM,3105.3,2,6210.6,20662802.000000004
2025-08-01 10:18:01 AM,3105.3,11,34158.3,20696960.300000004
2025-08-01 10:18:13 AM,3105.3,2,6210.6,20703170.900000006
2025-08-01 10:18:15 AM,3105.0,0,0.0,20703170.900000006
2025-08-01 10:18:19 AM,3105.0,49,152145.0,20855315.900000006
2025-08-01 10:18:30 AM,3106.1,0,0.0,20855315.900000006
2025-08-01 10:18:31 AM,3106.1,30,93183.0,20948498.900000006
2025-08-01 10:18:33 AM,3105.1,0,0.0,20948498.900000006
2025-08-01 10:18:36 AM,3105.8,0,0.0,20948498.900000006
2025-08-01 10:18:36 AM,3106.3,96,298204.80000000005,21246703.700000007
2025-08-01 10:18:58 AM,3107.1,0,0.0,21246703.700000007
2025-08-01 10:18:59 AM,3107.1,5,15535.5,21262239.200000007
2025-08-01 10:19:05 AM,3107.1,13,40392.299999999996,21302631.500000007
2025-08-01 10:19:23 AM,3107.7,1,3107.7,21305739.200000007
2025-08-01 10:19:28 AM,3107.1,0,0.0,21305739.200000007
2025-08-01 10:19:28 AM,3107.1,2,6214.2,21311953.400000006
2025-08-01 10:19:31 AM,3108.5,0,0.0,21311953.400000006
2025-08-01 10:19:34 AM,3108.5,2,6217.0,21318170.400000006
2025-08-01 10:19:39 AM,3108.5,35,108797.5,21426967.900000006
2025-08-01 10:19:49 AM,3108.8,0,0.0,21426967.900000006
2025-08-01 10:19:51 AM,3108.8,6,18652.800000000003,21445620.700000007
2025-08-01 10:20:12 AM,3108.8,1,3108.8,21448729.500000007
2025-08-01 10:20:54 AM,3109.4,0,0.0,21448729.500000007
2025-08-01 10:20:54 AM,3109.4,7,21765.8,21470495.30000001
2025-08-01 10:21:04 AM,3109.3,0,0.0,21470495.30000001
2025-08-01 10:21:05 AM,3109.3,1,3109.3,21473604.60000001
2025-08-01 10:21:11 AM,3109.0,10,31090.0,21504694.60000001
2025-08-01 10:21:28 AM,3109.0,2,6218.0,21510912.60000001
2025-08-01 10:21:40 AM,3109.0,7,21763.0,21532675.60000001
2025-08-01 10:21:44 AM,3110.7,2,6221.4,21538897.000000007
2025-08-01 10:21:54 AM,3109.1,0,0.0,21538897.000000007
2025-08-01 10:21:56 AM,3109.1,1,3109.1,21542006.10000001
2025-08-01 10:22:00 AM,3110.7,0,0.0,21542006.10000001
2025-08-01 10:22:01 AM,3110.7,2,6221.4,21548227.500000007
2025-08-01 10:22:14 AM,3109.1,9,27981.899999999998,21576209.400000006
2025-08-01 10:22:18 AM,3109.0,0,0.0,21576209.400000006
2025-08-01 10:22:19 AM,3109.0,1,3109.0,21579318.400000006
2025-08-01 10:22:41 AM,3109.0,10,31090.0,21610408.400000006
2025-08-01 10:22:44 AM,3109.0,1,3109.0,21613517.400000006
2025-08-01 10:22:49 AM,3108.0,99,307692.0,21921209.400000006
2025-08-01 10:23:02 AM,3111.4,0,0.0,21921209.400000006
2025-08-01 10:23:03 AM,3111.4,67,208463.80000000002,22129673.200000007
2025-08-01 10:23:08 AM,3109.8,0,0.0,22129673.200000007
2025-08-01 10:23:09 AM,3109.8,27,83964.6,22213637.80000001
2025-08-01 10:23:35 AM,3109.8,4,12439.2,22226077.000000007
2025-08-01 10:23:37 AM,3112.9,1,3112.9,22229189.900000006
2025-08-01 10:23:43 AM,3112.0,14,43568.0,22272757.900000006
2025-08-01 10:23:53 AM,3113.9,0,0.0,22272757.900000006
2025-08-01 10:23:54 AM,3113.9,1,3113.9,22275871.800000004
2025-08-01 10:23:59 AM,3112.9,0,0.0,22275871.800000004
2025-08-01 10:23:59 AM,3112.9,3,9338.7,22285210.500000004
2025-08-01 10:24:21 AM,3114.0,0,0.0,22285210.500000004
2025-08-01 10:24:21 AM,3114.0,5,15570.0,22300780.500000004
2025-08-01 10:24:29 AM,3114.8,0,0.0,22300780.500000004
2025-08-01 10:24:30 AM,3114.8,7,21803.600000000002,22322584.100000005
2025-08-01 10:24:43 AM,3114.8,27,84099.6,22406683.700000007
2025-08-01 10:24:49 AM,3114.8,6,18688.800000000003,22425372.500000007
2025-08-01 10:24:55 AM,3120.1,83,258968.3,22684340.80000001
2025-08-01 10:25:13 AM,3120.4,0,0.0,22684340.80000001
2025-08-01 10:25:15 AM,3120.3,0,0.0,22684340.80000001
2025-08-01 10:25:15 AM,3120.3,4,12481.2,22696822.000000007
2025-08-01 10:25:18 AM,3115.0,0,0.0,22696822.000000007
2025-08-01 10:25:18 AM,3115.0,278,865970.0,23562792.000000007
2025-08-01 10:25:21 AM,3118.9,17,53021.3,23615813.30000001
2025-08-01 10:25:38 AM,3115.3,45,140188.5,23756001.80000001
2025-08-01 10:26:04 AM,3115.2,0,0.0,23756001.80000001
2025-08-01 10:26:05 AM,3115.2,7,21806.399999999998,23777808.200000007
2025-08-01 10:26:28 AM,3114.8,0,0.0,23777808.200000007
2025-08-01 10:26:28 AM,3114.8,1,3114.8,23780923.000000007
2025-08-01 10:26:34 AM,3118.6,25,77965.0,23858888.000000007
2025-08-01 10:26:36 AM,3118.5,0,0.0,23858888.000000007
2025-08-01 10:26:36 AM,3118.5,1,3118.5,23862006.500000007
2025-08-01 10:26:52 AM,3114.5,0,0.0,23862006.500000007
2025-08-01 10:26:53 AM,3114.5,8,24916.0,23886922.500000007
2025-08-01 10:27:18 AM,3115.0,0,0.0,23886922.500000007
2025-08-01 10:27:19 AM,3115.0,1,3115.0,23890037.500000007
2025-08-01 10:27:24 AM,3117.7,0,0.0,23890037.500000007
2025-08-01 10:27:25 AM,3117.7,1,3117.7,23893155.200000007
2025-08-01 10:27:30 AM,3114.6,0,0.0,23893155.200000007
2025-08-01 10:27:30 AM,3114.6,2,6229.2,23899384.400000006
2025-08-01 10:27:43 AM,3114.7,0,0.0,23899384.400000006
2025-08-01 10:27:44 AM,3114.7,1,3114.7,23902499.100000005
2025-08-01 10:29:55 AM,3114.5,0,0.0,23902499.100000005
2025-08-01 10:29:56 AM,3114.5,11,34259.5,23936758.600000005
2025-08-01 10:30:13 AM,3116.9,52,162078.80000000002,24098837.400000006
2025-08-01 10:30:23 AM,3117.0,0,0.0,24098837.400000006
2025-08-01 10:30:25 AM,3117.0,7,21819.0,24120656.400000006
2025-08-01 10:30:37 AM,3117.7,7,21823.899999999998,24142480.300000004
2025-08-01 10:30:38 AM,3115.6,0,0.0,24142480.300000004
2025-08-01 10:30:39 AM,3115.6,9,28040.399999999998,24170520.700000003
2025-08-01 10:31:01 AM,3118.6,0,0.0,24170520.700000003
2025-08-01 10:31:02 AM,3118.6,2,6237.2,24176757.900000002
2025-08-01 10:31:03 AM,3117.0,0,0.0,24176757.900000002
2025-08-01 10:31:05 AM,3118.6,5,15593.0,24192350.900000002
2025-08-01 10:31:28 AM,3116.2,0,0.0,24192350.900000002
2025-08-01 10:31:28 AM,3116.2,1,3116.2,24195467.1
2025-08-01 10:32:03 AM,3115.3,10,31153.0,24226620.1
2025-08-01 10:32:20 AM,3114.5,2,6229.0,24232849.1
2025-08-01 10:32:29 AM,3117.0,20,62340.0,24295189.1
2025-08-01 10:32:33 AM,3114.1,9,28026.899999999998,24323216.0
2025-08-01 10:32:45 AM,3115.0,4,12460.0,24335676.0
2025-08-01 10:32:50 AM,3121.3,89,277795.7,24613471.7
2025-08-01 10:33:10 AM,3118.7,0,0.0,24613471.7
2025-08-01 10:33:10 AM,3118.7,14,43661.799999999996,24657133.5
2025-08-01 10:33:26 AM,3118.6,3,9355.8,24666489.3
2025-08-01 10:33:33 AM,3117.4,0,0.0,24666489.3
2025-08-01 10:33:35 AM,3117.4,3,9352.2,24675841.5
2025-08-01 10:33:43 AM,3120.7,0,0.0,24675841.5
2025-08-01 10:33:43 AM,3120.7,10,31207.0,24707048.5
2025-08-01 10:33:58 AM,3117.7,2,6235.4,24713283.9
2025-08-01 10:34:37 AM,3120.4,0,0.0,24713283.9
2025-08-01 10:34:37 AM,3120.4,5,15602.0,24728885.9
2025-08-01 10:34:43 AM,3118.0,0,0.0,24728885.9
2025-08-01 10:34:43 AM,3118.0,11,34298.0,24763183.9
2025-08-01 10:34:48 AM,3118.0,3,9354.0,24772537.9
2025-08-01 10:35:00 AM,3118.0,6,18708.0,24791245.9
2025-08-01 10:35:14 AM,3118.0,1,3118.0,24794363.9
2025-08-01 10:35:19 AM,3118.0,6,18708.0,24813071.9
2025-08-01 10:35:36 AM,3118.0,10,31180.0,24844251.9
2025-08-01 10:35:40 AM,3118.0,1,3118.0,24847369.9
2025-08-01 10:35:45 AM,3118.0,2,6236.0,24853605.9
2025-08-01 10:35:53 AM,3120.2,5,15601.0,24869206.9
2025-08-01 10:35:55 AM,3118.0,0,0.0,24869206.9
2025-08-01 10:35:56 AM,3118.0,1,3118.0,24872324.9
2025-08-01 10:36:04 AM,3118.0,3,9354.0,24881678.9
2025-08-01 10:36:07 AM,3118.0,6,18708.0,24900386.9
2025-08-01 10:36:21 AM,3118.0,11,34298.0,24934684.9
2025-08-01 10:36:26 AM,3119.7,0,0.0,24934684.9
2025-08-01 10:36:27 AM,3119.7,1,3119.7,24937804.599999998
2025-08-01 10:36:28 AM,3118.0,0,0.0,24937804.599999998
2025-08-01 10:36:30 AM,3118.0,3,9354.0,24947158.599999998
2025-08-01 10:36:53 AM,3119.7,0,0.0,24947158.599999998
2025-08-01 10:36:54 AM,3119.7,2,6239.4,24953397.999999996
2025-08-01 10:36:56 AM,3118.0,0,0.0,24953397.999999996
2025-08-01 10:36:57 AM,3118.0,9,28062.0,24981459.999999996
2025-08-01 10:36:59 AM,3118.0,48,149664.0,25131123.999999996
2025-08-01 10:37:12 AM,3122.0,0,0.0,25131123.999999996
2025-08-01 10:37:14 AM,3122.0,10,31220.0,25162343.999999996
2025-08-01 10:37:19 AM,3118.7,0,0.0,25162343.999999996
2025-08-01 10:37:19 AM,3118.7,21,65492.7,25227836.699999996
2025-08-01 10:37:43 AM,3118.8,0,0.0,25227836.699999996
2025-08-01 10:37:44 AM,3118.8,2,6237.6,25234074.299999997
2025-08-01 10:37:47 AM,3118.8,1,3118.8,25237193.099999998
2025-08-01 10:38:37 AM,3119.1,0,0.0,25237193.099999998
2025-08-01 10:38:38 AM,3119.1,10,31191.0,25268384.099999998
2025-08-01 10:38:58 AM,3119.0,0,0.0,25268384.099999998
2025-08-01 10:39:00 AM,3119.0,2,6238.0,25274622.099999998
2025-08-01 10:39:05 AM,3118.5,0,0.0,25274622.099999998
2025-08-01 10:39:05 AM,3118.5,6,18711.0,25293333.099999998
2025-08-01 10:39:08 AM,3118.5,8,24948.0,25318281.099999998
2025-08-01 10:39:11 AM,3120.8,0,0.0,25318281.099999998
2025-08-01 10:39:11 AM,3120.8,1,3120.8,25321401.9
2025-08-01 10:39:23 AM,3118.5,0,0.0,25321401.9
2025-08-01 10:39:25 AM,3118.5,2,6237.0,25327638.9
2025-08-01 10:39:37 AM,3118.5,6,18711.0,25346349.9
2025-08-01 10:39:45 AM,3120.7,1,3120.7,25349470.599999998
2025-08-01 10:39:48 AM,3118.5,2,6237.0,25355707.599999998
2025-08-01 10:39:53 AM,3118.5,6,18711.0,25374418.599999998
2025-08-01 10:39:56 AM,3120.6,1,3120.6,25377539.2
2025-08-01 10:40:13 AM,3118.5,0,0.0,25377539.2
2025-08-01 10:40:15 AM,3118.5,7,21829.5,25399368.7
2025-08-01 10:40:29 AM,3118.5,10,31185.0,25430553.7
2025-08-01 10:40:40 AM,3118.5,3,9355.5,25439909.2
2025-08-01 10:40:54 AM,3118.5,11,34303.5,25474212.7
2025-08-01 10:41:05 AM,3118.5,2,6237.0,25480449.7
2025-08-01 10:41:30 AM,3118.5,13,40540.5,25520990.2
2025-08-01 10:41:44 AM,3116.0,0,0.0,25520990.2
2025-08-01 10:41:45 AM,3116.0,9,28044.0,25549034.2
2025-08-01 10:41:48 AM,3118.3,0,0.0,25549034.2
2025-08-01 10:41:50 AM,3118.3,2,6236.6,25555270.8
2025-08-01 10:41:54 AM,3114.3,0,0.0,25555270.8
2025-08-01 10:41:55 AM,3114.3,4,12457.2,25567728.0
2025-08-01 10:41:57 AM,3114.2,9,28027.8,25595755.8
2025-08-01 10:42:00 AM,3117.8,0,0.0,25595755.8
2025-08-01 10:42:01 AM,3117.8,34,106005.20000000001,25701761.0
2025-08-01 10:42:18 AM,3115.0,0,0.0,25701761.0
2025-08-01 10:42:18 AM,3115.0,7,21805.0,25723566.0
2025-08-01 10:42:22 AM,3118.0,0,0.0,25723566.0
2025-08-01 10:42:23 AM,3118.0,33,102894.0,25826460.0
2025-08-01 10:42:26 AM,3118.3,0,0.0,25826460.0
2025-08-01 10:42:29 AM,3118.3,5,15591.5,25842051.5
2025-08-01 10:42:45 AM,3116.5,0,0.0,25842051.5
2025-08-01 10:42:45 AM,3119.1,0,0.0,25842051.5
2025-08-01 10:42:45 AM,3119.1,8,24952.8,25867004.3
2025-08-01 10:43:08 AM,3116.3,2,6232.6,25873236.900000002
2025-08-01 10:44:05 AM,3120.0,0,0.0,25873236.900000002
2025-08-01 10:44:05 AM,3120.0,50,156000.0,26029236.900000002
2025-08-01 10:44:15 AM,3121.0,0,0.0,26029236.900000002
2025-08-01 10:44:17 AM,3121.6,13,40580.799999999996,26069817.700000003
2025-08-01 10:44:23 AM,3121.9,0,0.0,26069817.700000003
2025-08-01 10:44:25 AM,3124.1,20,62482.0,26132299.700000003
2025-08-01 10:44:37 AM,3121.9,0,0.0,26132299.700000003
2025-08-01 10:44:38 AM,3121.9,18,56194.200000000004,26188493.900000002
2025-08-01 10:44:48 AM,3120.4,0,0.0,26188493.900000002
2025-08-01 10:44:49 AM,3120.4,6,18722.4,26207216.3
2025-08-01 10:44:54 AM,3122.5,0,0.0,26207216.3
2025-08-01 10:44:54 AM,3122.5,20,62450.0,26269666.3
2025-08-01 10:45:08 AM,3122.8,5,15614.0,26285280.3
2025-08-01 10:45:13 AM,3120.5,0,0.0,26285280.3
2025-08-01 10:45:14 AM,3120.5,2,6241.0,26291521.3
2025-08-01 10:45:18 AM,3120.0,0,0.0,26291521.3
2025-08-01 10:45:19 AM,3120.0,10,31200.0,26322721.3
2025-08-01 10:45:38 AM,3120.0,2,6240.0,26328961.3
2025-08-01 10:46:17 AM,3123.9,0,0.0,26328961.3
2025-08-01 10:46:17 AM,3123.9,50,156195.0,26485156.3
2025-08-01 10:46:29 AM,3120.3,7,21842.100000000002,26506998.400000002
2025-08-01 10:46:54 AM,3120.5,0,0.0,26506998.400000002
2025-08-01 10:46:56 AM,3120.5,1,3120.5,26510118.900000002
2025-08-01 10:47:18 AM,3121.0,1,3121.0,26513239.900000002
2025-08-01 10:47:30 AM,3122.5,3,9367.5,26522607.400000002
2025-08-01 10:48:01 AM,3120.5,14,43687.0,26566294.400000002
2025-08-01 10:48:07 AM,3122.4,0,0.0,26566294.400000002
2025-08-01 10:48:08 AM,3120.6,2,6241.2,26572535.6
2025-08-01 10:48:13 AM,3120.5,0,0.0,26572535.6
2025-08-01 10:48:14 AM,3120.5,1,3120.5,26575656.1
2025-08-01 10:48:19 AM,3120.5,24,74892.0,26650548.1
2025-08-01 10:48:33 AM,3120.5,4,12482.0,26663030.1
2025-08-01 10:49:01 AM,3120.5,1,3120.5,26666150.6
2025-08-01 10:49:06 AM,3120.5,11,34325.5,26700476.1
2025-08-01 10:49:18 AM,3121.2,0,0.0,26700476.1
2025-08-01 10:49:19 AM,3121.2,2,6242.4,26706718.5
2025-08-01 10:49:23 AM,3120.5,0,0.0,26706718.5
2025-08-01 10:49:24 AM,3120.5,2,6241.0,26712959.5
2025-08-01 10:49:44 AM,3120.5,16,49928.0,26762887.5
2025-08-01 10:49:49 AM,3120.5,3,9361.5,26772249.0
2025-08-01 10:50:09 AM,3121.2,0,0.0,26772249.0
2025-08-01 10:50:11 AM,3121.2,1,3121.2,26775370.2
2025-08-01 10:50:15 AM,3120.5,0,0.0,26775370.2
2025-08-01 10:50:16 AM,3120.5,6,18723.0,26794093.2
2025-08-01 10:50:34 AM,3121.2,0,0.0,26794093.2
2025-08-01 10:50:34 AM,3121.2,1,3121.2,26797214.4
2025-08-01 10:50:38 AM,3120.0,0,0.0,26797214.4
2025-08-01 10:50:39 AM,3120.0,12,37440.0,26834654.4
2025-08-01 10:51:01 AM,3121.0,0,0.0,26834654.4
2025-08-01 10:51:02 AM,3121.0,7,21847.0,26856501.4
2025-08-01 10:51:03 AM,3120.0,0,0.0,26856501.4
2025-08-01 10:51:07 AM,3118.7,0,0.0,26856501.4
2025-08-01 10:51:08 AM,3118.7,10,31187.0,26887688.4
2025-08-01 10:51:09 AM,3120.0,0,0.0,26887688.4
2025-08-01 10:51:13 AM,3116.6,0,0.0,26887688.4
2025-08-01 10:51:13 AM,3116.6,21,65448.6,26953137.0
2025-08-01 10:51:29 AM,3115.2,0,0.0,26953137.0
2025-08-01 10:51:29 AM,3115.2,12,37382.399999999994,26990519.4
2025-08-01 10:51:35 AM,3115.2,40,124608.0,27115127.4
2025-08-01 10:51:41 AM,3117.9,0,0.0,27115127.4
2025-08-01 10:51:46 AM,3117.9,4,12471.6,27127599.0
2025-08-01 10:51:51 AM,3118.3,0,0.0,27127599.0
2025-08-01 10:51:51 AM,3118.3,63,196452.90000000002,27324051.9
2025-08-01 10:51:52 AM,3119.6,22,68631.2,27392683.099999998
2025-08-01 10:52:18 AM,3121.2,7,21848.399999999998,27414531.499999996
2025-08-01 10:52:23 AM,3121.1,0,0.0,27414531.499999996
2025-08-01 10:52:24 AM,3119.6,8,24956.8,27439488.299999997
2025-08-01 10:52:25 AM,3121.1,0,0.0,27439488.299999997
2025-08-01 10:52:29 AM,3121.1,1,3121.1,27442609.4
2025-08-01 10:52:43 AM,3119.6,0,0.0,27442609.4
2025-08-01 10:52:45 AM,3119.6,2,6239.2,27448848.599999998
2025-08-01 10:53:11 AM,3119.6,1,3119.6,27451968.2
2025-08-01 10:53:31 AM,3121.0,0,0.0,27451968.2
2025-08-01 10:53:33 AM,3121.0,3,9363.0,27461331.2
2025-08-01 10:54:19 AM,3118.7,0,0.0,27461331.2
2025-08-01 10:54:21 AM,3118.7,23,71730.09999999999,27533061.3
2025-08-01 10:54:23 AM,3116.0,0,0.0,27533061.3
2025-08-01 10:54:26 AM,3116.0,3,9348.0,27542409.3
2025-08-01 10:54:29 AM,3116.1,0,0.0,27542409.3
2025-08-01 10:54:31 AM,3116.1,2,6232.2,27548641.5
2025-08-01 10:54:43 AM,3116.0,10,31160.0,27579801.5
2025-08-01 10:54:46 AM,3118.3,0,0.0,27579801.5
2025-08-01 10:54:47 AM,3118.3,1,3118.3,27582919.8
2025-08-01 10:54:48 AM,3116.0,3,9348.0,27592267.8
2025-08-01 10:54:58 AM,3116.0,1,3116.0,27595383.8
2025-08-01 10:55:13 AM,3116.0,1,3116.0,27598499.8
2025-08-01 10:55:15 AM,3115.4,0,0.0,27598499.8
2025-08-01 10:55:19 AM,3115.4,9,28038.600000000002,27626538.400000002
2025-08-01 10:55:38 AM,3115.2,0,0.0,27626538.400000002
2025-08-01 10:55:41 AM,3115.2,10,31152.0,27657690.400000002
2025-08-01 10:55:51 AM,3114.0,0,0.0,27657690.400000002
2025-08-01 10:55:52 AM,3114.0,8,24912.0,27682602.400000002
2025-08-01 10:55:57 AM,3115.0,0,0.0,27682602.400000002
2025-08-01 10:55:57 AM,3115.0,52,161980.0,27844582.400000002
2025-08-01 10:56:03 AM,3115.4,11,34269.4,27878851.8
2025-08-01 10:56:28 AM,3115.2,1,3115.2,27881967.0
2025-08-01 10:56:55 AM,3115.2,1,3115.2,27885082.2
2025-08-01 10:57:21 AM,3115.2,6,18691.199999999997,27903773.4
2025-08-01 10:57:43 AM,3115.1,0,0.0,27903773.4
2025-08-01 10:57:43 AM,3115.1,1,3115.1,27906888.5
2025-08-01 10:57:54 AM,3118.1,44,137196.4,28044084.9
2025-08-01 10:57:55 AM,3118.9,0,0.0,28044084.9
2025-08-01 10:57:58 AM,3118.9,23,71734.7,28115819.599999998
2025-08-01 10:58:09 AM,3118.1,0,0.0,28115819.599999998
2025-08-01 10:58:09 AM,3118.1,10,31181.0,28147000.599999998
2025-08-01 10:58:33 AM,3117.1,0,0.0,28147000.599999998
2025-08-01 10:58:36 AM,3117.1,1,3117.1,28150117.7
2025-08-01 10:58:49 AM,3118.9,0,0.0,28150117.7
2025-08-01 10:58:53 AM,3118.9,8,24951.2,28175068.9
2025-08-01 10:58:58 AM,3117.1,2,6234.2,28181303.099999998
2025-08-01 10:59:50 AM,3119.7,42,131027.4,28312330.499999996
2025-08-01 10:59:57 AM,3118.6,0,0.0,28312330.499999996
2025-08-01 11:00:01 AM,3118.6,16,49897.6,28362228.099999998
2025-08-01 11:00:13 AM,3117.5,1,3117.5,28365345.599999998
2025-08-01 11:00:18 AM,3117.1,0,0.0,28365345.599999998
2025-08-01 11:00:18 AM,3117.1,8,24936.8,28390282.4
2025-08-01 11:00:38 AM,3117.5,0,0.0,28390282.4
2025-08-01 11:00:40 AM,3117.5,1,3117.5,28393399.9
2025-08-01 11:01:16 AM,3117.0,0,0.0,28393399.9
2025-08-01 11:01:17 AM,3117.0,1,3117.0,28396516.9
2025-08-01 11:02:04 AM,3117.0,6,18702.0,28415218.9
2025-08-01 11:02:20 AM,3117.0,1,3117.0,28418335.9
2025-08-01 11:02:24 AM,3116.0,0,0.0,28418335.9
2025-08-01 11:02:25 AM,3116.0,9,28044.0,28446379.9
2025-08-01 11:02:43 AM,3115.1,2,6230.2,28452610.099999998
2025-08-01 11:02:48 AM,3115.1,9,28035.899999999998,28480645.999999996
2025-08-01 11:03:02 AM,3117.8,0,0.0,28480645.999999996
2025-08-01 11:03:03 AM,3117.8,1,3117.8,28483763.799999997
2025-08-01 11:03:08 AM,3115.2,0,0.0,28483763.799999997
2025-08-01 11:03:08 AM,3115.2,1,3115.2,28486878.999999996
2025-08-01 11:03:18 AM,3115.2,7,21806.399999999998,28508685.399999995
2025-08-01 11:03:34 AM,3115.1,2,6230.2,28514915.599999994
2025-08-01 11:03:45 AM,3115.1,7,21805.7,28536721.299999993
2025-08-01 11:03:56 AM,3117.4,0,0.0,28536721.299999993
2025-08-01 11:03:58 AM,3114.2,0,0.0,28536721.299999993
2025-08-01 11:03:58 AM,3114.2,11,34256.2,28570977.499999993
2025-08-01 11:04:06 AM,3114.1,0,0.0,28570977.499999993
2025-08-01 11:04:06 AM,3114.1,7,21798.7,28592776.19999999
2025-08-01 11:04:23 AM,3117.2,4,12468.8,28605244.999999993
2025-08-01 11:04:28 AM,3115.2,0,0.0,28605244.999999993
2025-08-01 11:04:28 AM,3115.2,7,21806.399999999998,28627051.39999999
2025-08-01 11:04:30 AM,3118.2,0,0.0,28627051.39999999
2025-08-01 11:04:31 AM,3118.2,39,121609.79999999999,28748661.19999999
2025-08-01 11:04:49 AM,3118.7,5,15593.5,28764254.69999999
2025-08-01 11:04:50 AM,3118.4,0,0.0,28764254.69999999
2025-08-01 11:04:52 AM,3118.4,3,9355.2,28773609.89999999
2025-08-01 11:04:54 AM,3118.4,2,6236.8,28779846.69999999
2025-08-01 11:04:55 AM,3119.4,0,0.0,28779846.69999999
2025-08-01 11:04:58 AM,3119.4,4,12477.6,28792324.299999993
2025-08-01 11:05:09 AM,3117.2,8,24937.6,28817261.899999995
2025-08-01 11:05:13 AM,3117.1,0,0.0,28817261.899999995
2025-08-01 11:05:14 AM,3117.1,2,6234.2,28823496.099999994
2025-08-01 11:05:38 AM,3115.6,0,0.0,28823496.099999994
2025-08-01 11:05:41 AM,3115.6,14,43618.4,28867114.499999993
2025-08-01 11:06:01 AM,3115.8,0,0.0,28867114.499999993
2025-08-01 11:06:02 AM,3115.8,8,24926.4,28892040.89999999
2025-08-01 11:06:03 AM,3115.7,0,0.0,28892040.89999999
2025-08-01 11:06:04 AM,3115.7,2,6231.4,28898272.29999999
2025-08-01 11:06:21 AM,3119.0,0,0.0,28898272.29999999
2025-08-01 11:06:24 AM,3119.0,6,18714.0,28916986.29999999
2025-08-01 11:06:29 AM,3115.8,0,0.0,28916986.29999999
2025-08-01 11:06:31 AM,3115.8,2,6231.6,28923217.89999999
2025-08-01 11:06:53 AM,3115.9,0,0.0,28923217.89999999
2025-08-01 11:06:55 AM,3115.9,1,3115.9,28926333.79999999
2025-08-01 11:08:31 AM,3115.9,30,93477.0,29019810.79999999
2025-08-01 11:08:40 AM,3117.3,0,0.0,29019810.79999999
2025-08-01 11:08:41 AM,3117.3,3,9351.900000000001,29029162.699999988
2025-08-01 11:08:54 AM,3115.3,0,0.0,29029162.699999988
2025-08-01 11:08:54 AM,3115.3,9,28037.7,29057200.399999987
2025-08-01 11:08:56 AM,3113.0,0,0.0,29057200.399999987
2025-08-01 11:08:57 AM,3114.0,30,93420.0,29150620.399999987
2025-08-01 11:08:58 AM,3113.0,0,0.0,29150620.399999987
2025-08-01 11:09:00 AM,3113.0,5,15565.0,29166185.399999987
2025-08-01 11:09:23 AM,3113.0,6,18678.0,29184863.399999987
2025-08-01 11:09:26 AM,3113.0,10,31130.0,29215993.399999987
2025-08-01 11:09:28 AM,3114.2,1,3114.2,29219107.599999987
2025-08-01 11:09:49 AM,3113.0,0,0.0,29219107.599999987
2025-08-01 11:09:49 AM,3113.0,3,9339.0,29228446.599999987
2025-08-01 11:10:00 AM,3113.0,27,84051.0,29312497.599999987
2025-08-01 11:10:14 AM,3113.0,4,12452.0,29324949.599999987
2025-08-01 11:10:31 AM,3113.0,49,152537.0,29477486.599999987
2025-08-01 11:10:39 AM,3110.0,0,0.0,29477486.599999987
2025-08-01 11:10:41 AM,3110.0,8,24880.0,29502366.599999987
2025-08-01 11:10:53 AM,3108.5,0,0.0,29502366.599999987
2025-08-01 11:10:53 AM,3108.5,81,251788.5,29754155.099999987
2025-08-01 11:11:03 AM,3109.3,0,0.0,29754155.099999987
2025-08-01 11:11:04 AM,3109.3,63,195885.90000000002,29950040.999999985
2025-08-01 11:11:04 AM,3109.4,1,3109.4,29953150.399999984
2025-08-01 11:11:20 AM,3108.3,7,21758.100000000002,29974908.499999985
2025-08-01 11:11:28 AM,3107.7,0,0.0,29974908.499999985
2025-08-01 11:11:31 AM,3107.7,10,31077.0,30005985.499999985
2025-08-01 11:11:53 AM,3107.7,1,3107.7,30009093.199999984
2025-08-01 11:11:58 AM,3106.0,1,3106.0,30012199.199999984
2025-08-01 11:12:00 AM,3108.5,0,0.0,30012199.199999984
2025-08-01 11:12:02 AM,3108.5,103,320175.5,30332374.699999984
2025-08-01 11:12:17 AM,3111.1,0,0.0,30332374.699999984
2025-08-01 11:12:19 AM,3111.1,43,133777.3,30466151.999999985
2025-08-01 11:12:43 AM,3111.4,0,0.0,30466151.999999985
2025-08-01 11:12:45 AM,3111.4,2,6222.8,30472374.799999986
2025-08-01 11:12:49 AM,3110.6,0,0.0,30472374.799999986
2025-08-01 11:12:50 AM,3110.6,4,12442.4,30484817.199999984
2025-08-01 11:13:12 AM,3110.6,1,3110.6,30487927.799999986
2025-08-01 11:13:23 AM,3112.0,28,87136.0,30575063.799999986
2025-08-01 11:13:33 AM,3112.0,4,12448.0,30587511.799999986
2025-08-01 11:13:52 AM,3113.2,0,0.0,30587511.799999986
2025-08-01 11:13:55 AM,3113.2,8,24905.6,30612417.399999987
2025-08-01 11:13:58 AM,3111.2,0,0.0,30612417.399999987
2025-08-01 11:14:01 AM,3111.2,16,49779.2,30662196.599999987
2025-08-01 11:14:24 AM,3110.4,2,6220.8,30668417.399999987
2025-08-01 11:14:49 AM,3110.4,1,3110.4,30671527.799999986
2025-08-01 11:15:52 AM,3109.1,0,0.0,30671527.799999986
2025-08-01 11:15:53 AM,3109.1,9,27981.899999999998,30699509.699999984
2025-08-01 11:16:03 AM,3107.3,1,3107.3,30702616.999999985
2025-08-01 11:16:25 AM,3106.1,7,21742.7,30724359.699999984
2025-08-01 11:16:40 AM,3109.3,0,0.0,30724359.699999984
2025-08-01 11:16:40 AM,3109.3,7,21765.100000000002,30746124.799999986
2025-08-01 11:16:54 AM,3107.4,0,0.0,30746124.799999986
2025-08-01 11:16:56 AM,3107.4,3,9322.2,30755446.999999985
2025-08-01 11:17:06 AM,3112.0,0,0.0,30755446.999999985
2025-08-01 11:17:07 AM,3112.0,77,239624.0,30995070.999999985
2025-08-01 11:17:18 AM,3112.5,0,0.0,30995070.999999985
2025-08-01 11:17:19 AM,3112.5,3,9337.5,31004408.499999985
2025-08-01 11:17:24 AM,3112.2,0,0.0,31004408.499999985
2025-08-01 11:17:25 AM,3112.2,9,28009.8,31032418.299999986
2025-08-01 11:17:26 AM,3111.4,0,0.0,31032418.299999986
2025-08-01 11:17:28 AM,3111.4,2,6222.8,31038641.099999987
2025-08-01 11:17:44 AM,3111.0,0,0.0,31038641.099999987
2025-08-01 11:17:44 AM,3111.0,2,6222.0,31044863.099999987
2025-08-01 11:18:13 AM,3112.9,0,0.0,31044863.099999987
2025-08-01 11:18:16 AM,3112.9,9,28016.100000000002,31072879.199999988
2025-08-01 11:18:32 AM,3113.0,0,0.0,31072879.199999988
2025-08-01 11:18:33 AM,3111.1,12,37333.2,31110212.399999987
2025-08-01 11:18:52 AM,3112.9,0,0.0,31110212.399999987
2025-08-01 11:18:56 AM,3112.9,1,3112.9,31113325.299999986
2025-08-01 11:18:58 AM,3110.9,0,0.0,31113325.299999986
2025-08-01 11:19:02 AM,3110.9,2,6221.8,31119547.099999987
2025-08-01 11:19:24 AM,3110.9,1,3110.9,31122657.999999985
2025-08-01 11:20:07 AM,3112.8,0,0.0,31122657.999999985
2025-08-01 11:20:07 AM,3112.8,13,40466.4,31163124.399999984
2025-08-01 11:20:13 AM,3110.9,0,0.0,31163124.399999984
2025-08-01 11:20:18 AM,3109.6,0,0.0,31163124.399999984
2025-08-01 11:20:18 AM,3109.6,2,6219.2,31169343.599999983
2025-08-01 11:20:51 AM,3109.4,0,0.0,31169343.599999983
2025-08-01 11:20:54 AM,3109.4,9,27984.600000000002,31197328.199999984
2025-08-01 11:21:03 AM,3108.1,0,0.0,31197328.199999984
2025-08-01 11:21:05 AM,3108.1,1,3108.1,31200436.299999986
2025-08-01 11:21:26 AM,3107.3,0,0.0,31200436.299999986
2025-08-01 11:21:26 AM,3107.3,11,34180.3,31234616.599999987
2025-08-01 11:21:57 AM,3107.3,2,6214.6,31240831.199999988
2025-08-01 11:21:59 AM,3110.3,0,0.0,31240831.199999988
2025-08-01 11:22:01 AM,3110.3,56,174176.80000000002,31415007.99999999
2025-08-01 11:22:18 AM,3110.5,0,0.0,31415007.99999999
2025-08-01 11:22:18 AM,3110.5,24,74652.0,31489659.99999999
2025-08-01 11:22:43 AM,3109.7,0,0.0,31489659.99999999
2025-08-01 11:22:45 AM,3109.7,3,9329.099999999999,31498989.09999999
2025-08-01 11:23:08 AM,3108.1,0,0.0,31498989.09999999
2025-08-01 11:23:11 AM,3108.1,1,3108.1,31502097.19999999
2025-08-01 11:23:47 AM,3107.9,8,24863.2,31526960.39999999
2025-08-01 11:23:58 AM,3107.3,0,0.0,31526960.39999999
2025-08-01 11:24:02 AM,3107.3,1,3107.3,31530067.69999999
2025-08-01 11:24:15 AM,3107.0,0,0.0,31530067.69999999
2025-08-01 11:24:17 AM,3107.0,9,27963.0,31558030.69999999
2025-08-01 11:24:23 AM,3107.0,2,6214.0,31564244.69999999
2025-08-01 11:24:30 AM,3109.3,0,0.0,31564244.69999999
2025-08-01 11:24:34 AM,3109.3,50,155465.0,31719709.69999999
2025-08-01 11:24:48 AM,3109.7,0,0.0,31719709.69999999
2025-08-01 11:24:49 AM,3109.7,7,21767.899999999998,31741477.59999999
2025-08-01 11:25:13 AM,3109.0,0,0.0,31741477.59999999
2025-08-01 11:25:16 AM,3109.0,2,6218.0,31747695.59999999
2025-08-01 11:25:34 AM,3111.1,0,0.0,31747695.59999999
2025-08-01 11:25:36 AM,3111.1,3,9333.3,31757028.89999999
2025-08-01 11:25:52 AM,3111.1,30,93333.0,31850361.89999999
2025-08-01 11:26:03 AM,3109.1,5,15545.5,31865907.39999999
2025-08-01 11:26:04 AM,3111.2,0,0.0,31865907.39999999
2025-08-01 11:26:08 AM,3111.2,2,6222.4,31872129.79999999
2025-08-01 11:26:28 AM,3109.2,0,0.0,31872129.79999999
2025-08-01 11:26:28 AM,3109.2,1,3109.2,31875238.99999999
2025-08-01 11:26:34 AM,3109.0,0,0.0,31875238.99999999
2025-08-01 11:26:34 AM,3109.0,6,18654.0,31893892.99999999
2025-08-01 11:26:43 AM,3111.2,41,127559.2,32021452.199999988
2025-08-01 11:26:53 AM,3111.4,0,0.0,32021452.199999988
2025-08-01 11:26:53 AM,3111.4,7,21779.8,32043231.99999999
2025-08-01 11:27:19 AM,3111.4,1,3111.4,32046343.399999987
2025-08-01 11:27:52 AM,3114.5,0,0.0,32046343.399999987
2025-08-01 11:27:55 AM,3114.5,8,24916.0,32071259.399999987
2025-08-01 11:28:05 AM,3114.3,0,0.0,32071259.399999987
2025-08-01 11:28:05 AM,3114.3,3,9342.900000000001,32080602.299999986
2025-08-01 11:28:08 AM,3111.6,0,0.0,32080602.299999986
2025-08-01 11:28:10 AM,3111.6,1,3111.6,32083713.899999987
2025-08-01 11:28:33 AM,3111.4,0,0.0,32083713.899999987
2025-08-01 11:28:33 AM,3111.4,1,3111.4,32086825.299999986
2025-08-01 11:28:46 AM,3111.3,7,21779.100000000002,32108604.399999987
2025-08-01 11:28:58 AM,3110.0,1,3110.0,32111714.399999987
2025-08-01 11:29:17 AM,3112.8,0,0.0,32111714.399999987
2025-08-01 11:29:17 AM,3110.0,0,0.0,32111714.399999987
2025-08-01 11:29:17 AM,3110.0,15,46650.0,32158364.399999987
2025-08-01 11:29:23 AM,3109.4,0,0.0,32158364.399999987
2025-08-01 11:29:26 AM,3109.4,3,9328.2,32167692.599999987
2025-08-01 11:29:34 AM,3109.3,0,0.0,32167692.599999987
2025-08-01 11:29:35 AM,3109.3,11,34202.3,32201894.899999987
2025-08-01 11:29:49 AM,3109.3,2,6218.6,32208113.49999999
2025-08-01 11:30:13 AM,3109.2,0,0.0,32208113.49999999
2025-08-01 11:30:15 AM,3109.2,8,24873.6,32232987.09999999
2025-08-01 11:30:38 AM,3108.9,0,0.0,32232987.09999999
2025-08-01 11:30:40 AM,3108.9,1,3108.9,32236095.99999999
2025-08-01 11:30:42 AM,3108.9,7,21762.3,32257858.29999999
2025-08-01 11:31:04 AM,3107.0,0,0.0,32257858.29999999
2025-08-01 11:31:04 AM,3107.0,9,27963.0,32285821.29999999
2025-08-01 11:31:23 AM,3109.9,44,136835.6,32422656.89999999
2025-08-01 11:31:28 AM,3110.0,0,0.0,32422656.89999999
2025-08-01 11:31:29 AM,3110.0,5,15550.0,32438206.89999999
2025-08-01 11:31:33 AM,3108.9,0,0.0,32438206.89999999
2025-08-01 11:31:34 AM,3108.9,5,15544.5,32453751.39999999
2025-08-01 11:31:35 AM,3110.0,1,3110.0,32456861.39999999
2025-08-01 11:31:44 AM,3110.0,12,37320.0,32494181.39999999
2025-08-01 11:31:46 AM,3109.5,0,0.0,32494181.39999999
2025-08-01 11:31:48 AM,3109.5,1,3109.5,32497290.89999999
2025-08-01 11:31:53 AM,3109.6,0,0.0,32497290.89999999
2025-08-01 11:31:53 AM,3109.6,3,9328.8,32506619.69999999
2025-08-01 11:31:58 AM,3109.6,9,27986.399999999998,32534606.09999999
2025-08-01 11:32:18 AM,3109.8,0,0.0,32534606.09999999
2025-08-01 11:32:20 AM,3109.8,2,6219.6,32540825.69999999
2025-08-01 11:32:24 AM,3109.4,0,0.0,32540825.69999999
2025-08-01 11:32:25 AM,3109.4,1,3109.4,32543935.09999999
2025-08-01 11:33:44 AM,3110.9,0,0.0,32543935.09999999
2025-08-01 11:33:48 AM,3110.9,5,15554.5,32559489.59999999
2025-08-01 11:33:58 AM,3109.4,1,3109.4,32562598.99999999
2025-08-01 11:34:03 AM,3109.4,7,21765.8,32584364.79999999
2025-08-01 11:34:13 AM,3107.7,0,0.0,32584364.79999999
2025-08-01 11:34:13 AM,3107.7,10,31077.0,32615441.79999999
2025-08-01 11:34:16 AM,3106.5,0,0.0,32615441.79999999
2025-08-01 11:34:18 AM,3106.5,1,3106.5,32618548.29999999
2025-08-01 11:34:21 AM,3106.1,0,0.0,32618548.29999999
2025-08-01 11:34:22 AM,3106.4,0,0.0,32618548.29999999
2025-08-01 11:34:23 AM,3106.4,12,37276.8,32655825.09999999
2025-08-01 11:34:48 AM,3106.5,0,0.0,32655825.09999999
2025-08-01 11:34:49 AM,3106.5,2,6213.0,32662038.09999999
2025-08-01 11:35:28 AM,3108.7,0,0.0,32662038.09999999
2025-08-01 11:35:31 AM,3109.2,0,0.0,32662038.09999999
2025-08-01 11:35:32 AM,3109.2,12,37310.399999999994,32699348.49999999
2025-08-01 11:35:34 AM,3106.2,0,0.0,32699348.49999999
2025-08-01 11:35:36 AM,3106.6,0,0.0,32699348.49999999
2025-08-01 11:35:37 AM,3106.6,12,37279.2,32736627.699999988
2025-08-01 11:35:39 AM,3106.5,0,0.0,32736627.699999988
2025-08-01 11:35:42 AM,3106.5,2,6213.0,32742840.699999988
2025-08-01 11:36:03 AM,3106.1,0,0.0,32742840.699999988
2025-08-01 11:36:03 AM,3106.1,2,6212.2,32749052.899999987
2025-08-01 11:36:30 AM,3108.9,0,0.0,32749052.899999987
2025-08-01 11:36:33 AM,3108.9,5,15544.5,32764597.399999987
2025-08-01 11:36:48 AM,3106.1,0,0.0,32764597.399999987
2025-08-01 11:36:50 AM,3106.0,5,15530.0,32780127.399999987
2025-08-01 11:36:55 AM,3106.0,1,3106.0,32783233.399999987
2025-08-01 11:37:08 AM,3105.1,0,0.0,32783233.399999987
2025-08-01 11:37:11 AM,3105.1,6,18630.6,32801863.99999999
2025-08-01 11:37:18 AM,3105.0,0,0.0,32801863.99999999
2025-08-01 11:37:21 AM,3105.0,2,6210.0,32808073.99999999
2025-08-01 11:37:32 AM,3105.0,6,18630.0,32826703.99999999
2025-08-01 11:37:47 AM,3105.0,1,3105.0,32829808.99999999
2025-08-01 11:38:12 AM,3106.6,8,24852.8,32854661.79999999
2025-08-01 11:38:15 AM,3107.4,0,0.0,32854661.79999999
2025-08-01 11:38:17 AM,3106.6,2,6213.2,32860874.99999999
2025-08-01 11:38:34 AM,3106.6,2,6213.2,32867088.199999988
2025-08-01 11:40:24 AM,3100.6,0,0.0,32867088.199999988
2025-08-01 11:40:26 AM,3105.6,193,599380.7999999999,33466468.99999999
2025-08-01 11:40:28 AM,3100.9,0,0.0,33466468.99999999
2025-08-01 11:40:29 AM,3103.7,0,0.0,33466468.99999999
2025-08-01 11:40:31 AM,3103.7,29,90007.29999999999,33556476.29999999
2025-08-01 11:40:32 AM,3100.9,0,0.0,33556476.29999999
2025-08-01 11:40:36 AM,3100.9,1,3100.9,33559577.19999999
2025-08-01 11:40:41 AM,3100.9,33,102329.7,33661906.89999999
2025-08-01 11:40:44 AM,3102.1,0,0.0,33661906.89999999
2025-08-01 11:40:46 AM,3102.1,5,15510.5,33677417.39999999
2025-08-01 11:40:52 AM,3102.6,15,46539.0,33723956.39999999
2025-08-01 11:40:56 AM,3102.6,3,9307.8,33733264.19999999
2025-08-01 11:40:59 AM,3103.3,0,0.0,33733264.19999999
2025-08-01 11:41:01 AM,3103.3,20,62066.0,33795330.19999999
2025-08-01 11:41:03 AM,3100.9,0,0.0,33795330.19999999
2025-08-01 11:41:07 AM,3100.9,5,15504.5,33810834.69999999
2025-08-01 11:41:08 AM,3101.4,0,0.0,33810834.69999999
2025-08-01 11:41:12 AM,3101.4,12,37216.8,33848051.499999985
2025-08-01 11:41:16 AM,3101.7,0,0.0,33848051.499999985
2025-08-01 11:41:17 AM,3101.7,28,86847.59999999999,33934899.09999999
2025-08-01 11:41:22 AM,3101.4,2,6202.8,33941101.89999998
2025-08-01 11:41:31 AM,3101.4,10,31014.0,33972115.89999998
2025-08-01 11:41:42 AM,3102.9,15,46543.5,34018659.39999998
2025-08-01 11:41:48 AM,3101.4,0,0.0,34018659.39999998
2025-08-01 11:41:52 AM,3101.4,1,3101.4,34021760.79999998
2025-08-01 11:41:57 AM,3101.4,2,6202.8,34027963.59999998
2025-08-01 11:41:58 AM,3100.8,0,0.0,34027963.59999998
2025-08-01 11:42:02 AM,3104.5,0,0.0,34027963.59999998
2025-08-01 11:42:02 AM,3104.5,20,62090.0,34090053.59999998
2025-08-01 11:42:06 AM,3101.1,0,0.0,34090053.59999998
2025-08-01 11:42:07 AM,3101.1,1,3101.1,34093154.69999998
2025-08-01 11:42:22 AM,3101.1,3,9303.3,34102457.99999998
2025-08-01 11:42:44 AM,3101.1,1,3101.1,34105559.09999998
2025-08-01 11:42:47 AM,3102.9,0,0.0,34105559.09999998
2025-08-01 11:42:49 AM,3102.9,12,37234.8,34142793.899999976
2025-08-01 11:43:08 AM,3102.7,0,0.0,34142793.899999976
2025-08-01 11:43:10 AM,3102.7,2,6205.4,34148999.299999975
2025-08-01 11:43:14 AM,3100.8,0,0.0,34148999.299999975
2025-08-01 11:43:16 AM,3100.8,1,3100.8,34152100.09999997
2025-08-01 11:43:37 AM,3100.8,1,3100.8,34155200.89999997
2025-08-01 11:43:40 AM,3102.6,0,0.0,34155200.89999997
2025-08-01 11:43:42 AM,3102.6,20,62052.0,34217252.89999997
2025-08-01 11:43:44 AM,3100.7,0,0.0,34217252.89999997
2025-08-01 11:43:46 AM,3100.8,0,0.0,34217252.89999997
2025-08-01 11:43:47 AM,3100.8,16,49612.8,34266865.699999966
2025-08-01 11:43:56 AM,3102.2,0,0.0,34266865.699999966
2025-08-01 11:43:57 AM,3102.2,14,43430.799999999996,34310296.49999996
2025-08-01 11:44:03 AM,3102.2,21,65146.2,34375442.699999966
2025-08-01 11:44:08 AM,3102.2,1,3102.2,34378544.89999997
2025-08-01 11:44:15 AM,3102.9,22,68263.8,34446808.699999966
2025-08-01 11:44:19 AM,3102.3,0,0.0,34446808.699999966
2025-08-01 11:44:21 AM,3102.3,1,3102.3,34449910.99999996
2025-08-01 11:44:26 AM,3102.3,4,12409.2,34462320.199999966
2025-08-01 11:44:28 AM,3102.2,0,0.0,34462320.199999966
2025-08-01 11:44:32 AM,3102.2,5,15511.0,34477831.199999966
2025-08-01 11:44:38 AM,3102.2,1,3102.2,34480933.39999997
2025-08-01 11:44:49 AM,3101.6,2,6203.2,34487136.59999997
2025-08-01 11:44:52 AM,3101.4,0,0.0,34487136.59999997
2025-08-01 11:44:54 AM,3101.4,17,52723.8,34539860.39999997
2025-08-01 11:45:13 AM,3100.2,0,0.0,34539860.39999997
2025-08-01 11:45:14 AM,3100.1,0,0.0,34539860.39999997
2025-08-01 11:45:15 AM,3100.1,18,55801.799999999996,34595662.199999966
2025-08-01 11:45:20 AM,3101.5,0,0.0,34595662.199999966
2025-08-01 11:45:21 AM,3101.5,12,37218.0,34632880.199999966
2025-08-01 11:45:24 AM,3101.4,0,0.0,34632880.199999966
2025-08-01 11:45:26 AM,3101.4,2,6202.8,34639082.99999996
2025-08-01 11:45:38 AM,3100.2,0,0.0,34639082.99999996
2025-08-01 11:45:42 AM,3100.2,1,3100.2,34642183.199999966
2025-08-01 11:45:43 AM,3100.1,0,0.0,34642183.199999966
2025-08-01 11:45:47 AM,3100.1,3,9300.3,34651483.49999996
2025-08-01 11:45:54 AM,3101.5,0,0.0,34651483.49999996
2025-08-01 11:45:58 AM,3101.5,1,3101.5,34654584.99999996
2025-08-01 11:46:03 AM,3100.1,0,0.0,34654584.99999996
2025-08-01 11:46:03 AM,3100.1,1,3100.1,34657685.099999964
2025-08-01 11:47:07 AM,3100.1,11,34101.1,34691786.199999966
2025-08-01 11:47:12 AM,3101.5,19,58928.5,34750714.699999966
2025-08-01 11:47:16 AM,3100.2,0,0.0,34750714.699999966
2025-08-01 11:47:17 AM,3100.2,1,3100.2,34753814.89999997
2025-08-01 11:47:18 AM,3100.1,0,0.0,34753814.89999997
2025-08-01 11:47:22 AM,3100.1,5,15500.5,34769315.39999997
2025-08-01 11:47:38 AM,3101.5,6,18609.0,34787924.39999997
2025-08-01 11:47:40 AM,3099.1,0,0.0,34787924.39999997
2025-08-01 11:47:42 AM,3098.1,657,2035451.7,36823376.09999997
2025-08-01 11:47:43 AM,3098.6,1,3098.6,36826474.69999997
2025-08-01 11:47:43 AM,3098.0,0,0.0,36826474.69999997
2025-08-01 11:47:46 AM,3095.1,0,0.0,36826474.69999997
2025-08-01 11:47:47 AM,3098.6,0,0.0,36826474.69999997
2025-08-01 11:47:47 AM,3098.6,45,139437.0,36965911.69999997
2025-08-01 11:47:50 AM,3098.0,0,0.0,36965911.69999997
2025-08-01 11:47:52 AM,3098.1,0,0.0,36965911.69999997
2025-08-01 11:47:53 AM,3098.1,6,18588.6,36984500.299999975
2025-08-01 11:47:53 AM,3096.6,1,3096.6,36987596.899999976
2025-08-01 11:48:08 AM,3096.6,118,365398.8,37352995.69999997
2025-08-01 11:48:13 AM,3096.6,5,15483.0,37368478.69999997
2025-08-01 11:48:20 AM,3096.1,0,0.0,37368478.69999997
2025-08-01 11:48:23 AM,3099.2,0,0.0,37368478.69999997
2025-08-01 11:48:23 AM,3099.2,10,30992.0,37399470.69999997
2025-08-01 11:48:28 AM,3099.1,1,3099.1,37402569.799999975
2025-08-01 11:48:33 AM,3096.1,20,61922.0,37464491.799999975
2025-08-01 11:48:36 AM,3096.0,0,0.0,37464491.799999975
2025-08-01 11:48:38 AM,3096.0,1,3096.0,37467587.799999975
2025-08-01 11:48:43 AM,3099.4,0,0.0,37467587.799999975
2025-08-01 11:48:43 AM,3099.4,3,9298.2,37476885.99999998
2025-08-01 11:48:46 AM,3099.9,0,0.0,37476885.99999998
2025-08-01 11:48:49 AM,3099.9,4,12399.6,37489285.59999998
2025-08-01 11:48:50 AM,3096.1,0,0.0,37489285.59999998
2025-08-01 11:48:53 AM,3096.1,1,3096.1,37492381.69999998
2025-08-01 11:48:58 AM,3096.3,0,0.0,37492381.69999998
2025-08-01 11:48:58 AM,3096.3,5,15481.5,37507863.19999998
2025-08-01 11:49:56 AM,3099.9,33,102296.7,37610159.89999998
2025-08-01 11:49:58 AM,3099.0,0,0.0,37610159.89999998
2025-08-01 11:50:01 AM,3099.0,100,309900.0,37920059.89999998
2025-08-01 11:50:02 AM,3097.9,0,0.0,37920059.89999998
2025-08-01 11:50:06 AM,3097.9,4,12391.6,37932451.499999985
2025-08-01 11:50:13 AM,3098.9,0,0.0,37932451.499999985
2025-08-01 11:50:17 AM,3098.9,5,15494.5,37947945.999999985
2025-08-01 11:50:18 AM,3098.1,0,0.0,37947945.999999985
2025-08-01 11:50:22 AM,3098.1,17,52667.7,38000613.69999999
2025-08-01 11:50:26 AM,3098.9,0,0.0,38000613.69999999
2025-08-01 11:50:27 AM,3098.9,10,30989.0,38031602.69999999
2025-08-01 11:50:32 AM,3098.9,9,27890.100000000002,38059492.79999999
2025-08-01 11:50:42 AM,3098.9,1,3098.9,38062591.69999999
2025-08-01 11:50:44 AM,3098.1,0,0.0,38062591.69999999
2025-08-01 11:50:47 AM,3098.1,5,15490.5,38078082.19999999
2025-08-01 11:51:03 AM,3098.9,0,0.0,38078082.19999999
2025-08-01 11:51:06 AM,3098.9,1,3098.9,38081181.09999999
2025-08-01 11:51:13 AM,3101.6,0,0.0,38081181.09999999
2025-08-01 11:51:16 AM,3100.2,0,0.0,38081181.09999999
2025-08-01 11:51:16 AM,3100.2,20,62004.0,38143185.09999999
2025-08-01 11:51:22 AM,3101.6,0,0.0,38143185.09999999
2025-08-01 11:51:26 AM,3101.6,9,27914.399999999998,38171099.499999985
2025-08-01 11:51:28 AM,3100.0,0,0.0,38171099.499999985
2025-08-01 11:51:31 AM,3100.0,5,15500.0,38186599.499999985
2025-08-01 11:51:56 AM,3100.0,1,3100.0,38189699.499999985
2025-08-01 11:52:11 AM,3101.6,0,0.0,38189699.499999985
2025-08-01 11:52:11 AM,3101.6,11,34117.6,38223817.09999999
2025-08-01 11:52:21 AM,3101.6,2,6203.2,38230020.29999999
2025-08-01 11:52:27 AM,3100.0,0,0.0,38230020.29999999
2025-08-01 11:52:27 AM,3100.0,33,102300.0,38332320.29999999
2025-08-01 11:52:30 AM,3099.0,0,0.0,38332320.29999999
2025-08-01 11:52:31 AM,3099.0,2,6198.0,38338518.29999999
2025-08-01 11:52:42 AM,3099.1,0,0.0,38338518.29999999
2025-08-01 11:52:43 AM,3099.1,1,3099.1,38341617.39999999
2025-08-01 11:52:46 AM,3102.0,0,0.0,38341617.39999999
2025-08-01 11:52:46 AM,3102.0,11,34122.0,38375739.39999999
2025-08-01 11:52:57 AM,3102.0,1,3102.0,38378841.39999999
2025-08-01 11:53:08 AM,3099.1,2,6198.2,38385039.599999994
2025-08-01 11:53:31 AM,3102.5,0,0.0,38385039.599999994
2025-08-01 11:53:33 AM,3102.5,5,15512.5,38400552.099999994
2025-08-01 11:53:38 AM,3102.9,0,0.0,38400552.099999994
2025-08-01 11:53:38 AM,3102.9,25,77572.5,38478124.599999994
2025-08-01 11:53:42 AM,3099.6,0,0.0,38478124.599999994
2025-08-01 11:53:43 AM,3099.6,1,3099.6,38481224.199999996
2025-08-01 11:53:52 AM,3099.9,0,0.0,38481224.199999996
2025-08-01 11:53:53 AM,3099.9,1,3099.9,38484324.099999994
2025-08-01 11:53:58 AM,3099.9,2,6199.8,38490523.89999999
2025-08-01 11:53:58 AM,3099.9,10,30999.0,38521522.89999999
2025-08-01 11:54:16 AM,3103.0,0,0.0,38521522.89999999
2025-08-01 11:54:18 AM,3103.0,10,31030.0,38552552.89999999
2025-08-01 11:54:20 AM,3099.4,0,0.0,38552552.89999999
2025-08-01 11:54:23 AM,3099.0,0,0.0,38552552.89999999
2025-08-01 11:54:23 AM,3099.0,119,368781.0,38921333.89999999
2025-08-01 11:54:25 AM,3098.7,0,0.0,38921333.89999999
2025-08-01 11:54:28 AM,3098.7,14,43381.799999999996,38964715.69999999
2025-08-01 11:54:29 AM,3098.1,5,15490.5,38980206.19999999
2025-08-01 11:54:48 AM,3098.0,0,0.0,38980206.19999999
2025-08-01 11:54:49 AM,3098.0,25,77450.0,39057656.19999999
2025-08-01 11:54:53 AM,3097.0,0,0.0,39057656.19999999
2025-08-01 11:54:53 AM,3096.9,0,0.0,39057656.19999999
2025-08-01 11:54:54 AM,3096.9,30,92907.0,39150563.19999999
2025-08-01 11:54:56 AM,3098.9,0,0.0,39150563.19999999
2025-08-01 11:54:58 AM,3097.2,0,0.0,39150563.19999999
2025-08-01 11:54:59 AM,3097.2,4,12388.8,39162951.999999985
2025-08-01 11:55:01 AM,3096.6,0,0.0,39162951.999999985
2025-08-01 11:55:04 AM,3096.6,2,6193.2,39169145.19999999
2025-08-01 11:55:10 AM,3098.9,0,0.0,39169145.19999999
2025-08-01 11:55:10 AM,3098.9,3,9296.7,39178441.89999999
2025-08-01 11:55:13 AM,3096.7,0,0.0,39178441.89999999
2025-08-01 11:55:14 AM,3096.7,9,27870.3,39206312.19999999
2025-08-01 11:55:39 AM,3096.7,2,6193.4,39212505.59999999
2025-08-01 11:55:49 AM,3098.8,11,34086.8,39246592.39999998
2025-08-01 11:55:57 AM,3098.7,0,0.0,39246592.39999998
2025-08-01 11:55:59 AM,3098.7,1,3098.7,39249691.09999999
2025-08-01 11:56:03 AM,3094.1,0,0.0,39249691.09999999
2025-08-01 11:56:04 AM,3094.1,287,888006.7,40137697.79999999
2025-08-01 11:56:11 AM,3095.4,0,0.0,40137697.79999999
2025-08-01 11:56:14 AM,3095.4,9,27858.600000000002,40165556.39999999
2025-08-01 11:56:28 AM,3095.8,0,0.0,40165556.39999999
2025-08-01 11:56:30 AM,3095.8,44,136215.2,40301771.599999994
2025-08-01 11:56:41 AM,3095.8,2,6191.6,40307963.199999996
2025-08-01 11:56:53 AM,3095.7,0,0.0,40307963.199999996
2025-08-01 11:56:55 AM,3095.7,7,21669.899999999998,40329633.099999994
2025-08-01 11:57:18 AM,3095.8,0,0.0,40329633.099999994
2025-08-01 11:57:20 AM,3095.8,1,3095.8,40332728.89999999
2025-08-01 11:57:42 AM,3098.1,0,0.0,40332728.89999999
2025-08-01 11:57:45 AM,3098.1,11,34079.1,40366807.99999999
2025-08-01 11:58:02 AM,3098.2,0,0.0,40366807.99999999
2025-08-01 11:58:05 AM,3098.2,1,3098.2,40369906.199999996
2025-08-01 11:58:08 AM,3095.8,0,0.0,40369906.199999996
2025-08-01 11:58:11 AM,3095.8,2,6191.6,40376097.8
2025-08-01 11:58:13 AM,3095.8,7,21670.600000000002,40397768.4
2025-08-01 11:58:28 AM,3095.8,8,24766.4,40422534.8
2025-08-01 11:58:34 AM,3095.8,1,3095.8,40425630.599999994
2025-08-01 11:58:39 AM,3097.7,0,0.0,40425630.599999994
2025-08-01 11:58:43 AM,3097.7,15,46465.5,40472096.099999994
2025-08-01 11:58:47 AM,3097.9,0,0.0,40472096.099999994
2025-08-01 11:58:48 AM,3098.7,86,266488.2,40738584.3
2025-08-01 11:58:50 AM,3098.7,1,3098.7,40741683.0
2025-08-01 11:58:59 AM,3098.1,17,52667.7,40794350.7
2025-08-01 11:59:23 AM,3098.3,0,0.0,40794350.7
2025-08-01 11:59:24 AM,3098.3,3,9294.900000000001,40803645.6
2025-08-01 12:00:36 PM,3100.5,0,0.0,40803645.6
2025-08-01 12:00:37 PM,3100.5,4,12402.0,40816047.6
2025-08-01 12:01:03 PM,3098.2,0,0.0,40816047.6
2025-08-01 12:01:04 PM,3098.2,1,3098.2,40819145.800000004
2025-08-01 12:01:56 PM,3100.1,1,3100.1,40822245.900000006
2025-08-01 12:02:13 PM,3099.9,17,52698.3,40874944.2
2025-08-01 12:02:18 PM,3098.3,0,0.0,40874944.2
2025-08-01 12:02:20 PM,3098.3,2,6196.6,40881140.800000004
2025-08-01 12:02:44 PM,3098.2,4,12392.8,40893533.6
2025-08-01 12:03:10 PM,3098.2,9,27883.8,40921417.4
2025-08-01 12:03:28 PM,3098.0,0,0.0,40921417.4
2025-08-01 12:03:28 PM,3098.0,8,24784.0,40946201.4
2025-08-01 12:03:32 PM,3099.4,0,0.0,40946201.4
2025-08-01 12:03:33 PM,3098.0,0,0.0,40946201.4
2025-08-01 12:03:33 PM,3098.0,16,49568.0,40995769.4
2025-08-01 12:03:59 PM,3098.0,3,9294.0,41005063.4
2025-08-01 12:04:01 PM,3099.3,0,0.0,41005063.4
2025-08-01 12:04:01 PM,3099.3,2,6198.6,41011262.0
2025-08-01 12:04:06 PM,3099.5,0,0.0,41011262.0
2025-08-01 12:04:07 PM,3099.5,23,71288.5,41082550.5
2025-08-01 12:04:25 PM,3099.5,4,12398.0,41094948.5
2025-08-01 12:04:48 PM,3099.3,0,0.0,41094948.5
2025-08-01 12:04:50 PM,3099.3,1,3099.3,41098047.8
2025-08-01 12:04:58 PM,3099.3,1,3099.3,41101147.099999994
2025-08-01 12:05:34 PM,3100.6,0,0.0,41101147.099999994
2025-08-01 12:05:34 PM,3100.6,3,9301.8,41110448.89999999
2025-08-01 12:05:59 PM,3099.3,0,0.0,41110448.89999999
2025-08-01 12:05:59 PM,3099.3,2,6198.6,41116647.49999999
2025-08-01 12:06:03 PM,3098.1,0,0.0,41116647.49999999
2025-08-01 12:06:04 PM,3098.1,1,3098.1,41119745.599999994
2025-08-01 12:06:31 PM,3100.5,0,0.0,41119745.599999994
2025-08-01 12:06:34 PM,3100.5,9,27904.5,41147650.099999994
2025-08-01 12:06:37 PM,3100.4,0,0.0,41147650.099999994
2025-08-01 12:06:38 PM,3100.4,9,27903.600000000002,41175553.699999996
2025-08-01 12:06:53 PM,3098.2,0,0.0,41175553.699999996
2025-08-01 12:06:53 PM,3098.2,3,9294.599999999999,41184848.3
2025-08-01 12:06:58 PM,3100.5,12,37206.0,41222054.3
2025-08-01 12:07:01 PM,3100.0,0,0.0,41222054.3
2025-08-01 12:07:03 PM,3100.0,1,3100.0,41225154.3
2025-08-01 12:07:17 PM,3100.4,0,0.0,41225154.3
2025-08-01 12:07:18 PM,3098.4,0,0.0,41225154.3
2025-08-01 12:07:19 PM,3098.4,5,15492.0,41240646.3
2025-08-01 12:07:29 PM,3100.4,0,0.0,41240646.3
2025-08-01 12:07:29 PM,3100.4,7,21702.8,41262349.099999994
2025-08-01 12:07:43 PM,3098.5,0,0.0,41262349.099999994
2025-08-01 12:07:44 PM,3098.5,2,6197.0,41268546.099999994
2025-08-01 12:08:03 PM,3098.1,0,0.0,41268546.099999994
2025-08-01 12:08:04 PM,3098.1,8,24784.8,41293330.89999999
2025-08-01 12:08:09 PM,3098.1,2,6196.2,41299527.099999994
2025-08-01 12:08:14 PM,3097.9,8,24783.2,41324310.3
2025-08-01 12:08:27 PM,3099.5,0,0.0,41324310.3
2025-08-01 12:08:29 PM,3099.5,11,34094.5,41358404.8
2025-08-01 12:08:31 PM,3099.6,0,0.0,41358404.8
2025-08-01 12:08:33 PM,3098.0,0,0.0,41358404.8
2025-08-01 12:08:34 PM,3098.0,16,49568.0,41407972.8
2025-08-01 12:08:34 PM,3099.6,10,30996.0,41438968.8
2025-08-01 12:08:42 PM,3100.0,0,0.0,41438968.8
2025-08-01 12:08:44 PM,3100.0,19,58900.0,41497868.8
2025-08-01 12:08:59 PM,3099.6,7,21697.2,41519566.0
2025-08-01 12:09:15 PM,3100.0,0,0.0,41519566.0
2025-08-01 12:09:19 PM,3100.0,12,37200.0,41556766.0
2025-08-01 12:09:23 PM,3099.6,0,0.0,41556766.0
2025-08-01 12:09:24 PM,3099.6,2,6199.2,41562965.2
2025-08-01 12:09:26 PM,3100.0,0,0.0,41562965.2
2025-08-01 12:09:29 PM,3100.0,22,68200.0,41631165.2
2025-08-01 12:09:39 PM,3100.0,9,27900.0,41659065.2
2025-08-01 12:09:40 PM,3100.6,0,0.0,41659065.2
2025-08-01 12:09:44 PM,3100.6,79,244947.4,41904012.6
2025-08-01 12:09:48 PM,3100.7,17,52711.899999999994,41956724.5
2025-08-01 12:10:14 PM,3100.7,3,9302.099999999999,41966026.6
2025-08-01 12:10:55 PM,3103.0,0,0.0,41966026.6
2025-08-01 12:10:58 PM,3103.0,8,24824.0,41990850.6
2025-08-01 12:11:03 PM,3100.7,0,0.0,41990850.6
2025-08-01 12:11:03 PM,3100.7,8,24805.6,42015656.2
2025-08-01 12:11:23 PM,3102.2,0,0.0,42015656.2
2025-08-01 12:11:23 PM,3102.2,16,49635.2,42065291.400000006
2025-08-01 12:11:28 PM,3098.9,4,12395.6,42077687.00000001
2025-08-01 12:11:33 PM,3098.9,1,3098.9,42080785.900000006
2025-08-01 12:11:50 PM,3101.6,0,0.0,42080785.900000006
2025-08-01 12:11:53 PM,3101.6,2,6203.2,42086989.10000001
2025-08-01 12:11:53 PM,3098.3,0,0.0,42086989.10000001
2025-08-01 12:11:57 PM,3098.3,1,3098.3,42090087.400000006
2025-08-01 12:12:02 PM,3101.5,1,3101.5,42093188.900000006
2025-08-01 12:12:12 PM,3101.5,2,6203.0,42099391.900000006
2025-08-01 12:12:19 PM,3098.6,0,0.0,42099391.900000006
2025-08-01 12:12:22 PM,3098.6,1,3098.6,42102490.50000001
2025-08-01 12:12:27 PM,3098.4,0,0.0,42102490.50000001
2025-08-01 12:12:27 PM,3098.4,10,30984.0,42133474.50000001
2025-08-01 12:12:45 PM,3098.1,0,0.0,42133474.50000001
2025-08-01 12:12:48 PM,3098.1,1,3098.1,42136572.60000001
2025-08-01 12:13:03 PM,3098.1,3,9294.3,42145866.900000006
2025-08-01 12:13:05 PM,3098.0,0,0.0,42145866.900000006
2025-08-01 12:13:07 PM,3100.1,0,0.0,42145866.900000006
2025-08-01 12:13:08 PM,3100.1,62,192206.19999999998,42338073.10000001
2025-08-01 12:13:23 PM,3101.5,8,24812.0,42362885.10000001
2025-08-01 12:13:33 PM,3099.9,10,30999.0,42393884.10000001
2025-08-01 12:13:51 PM,3101.7,0,0.0,42393884.10000001
2025-08-01 12:13:53 PM,3101.7,1,3101.7,42396985.80000001
2025-08-01 12:13:59 PM,3099.9,2,6199.8,42403185.60000001
2025-08-01 12:14:55 PM,3098.6,0,0.0,42403185.60000001
2025-08-01 12:14:58 PM,3098.6,10,30986.0,42434171.60000001
2025-08-01 12:15:13 PM,3098.6,2,6197.2,42440368.80000001
2025-08-01 12:15:15 PM,3100.0,0,0.0,42440368.80000001
2025-08-01 12:15:17 PM,3099.9,0,0.0,42440368.80000001
2025-08-01 12:15:19 PM,3099.9,2,6199.8,42446568.60000001
2025-08-01 12:15:33 PM,3097.4,0,0.0,42446568.60000001
2025-08-01 12:15:34 PM,3097.4,10,30974.0,42477542.60000001
2025-08-01 12:15:35 PM,3096.0,0,0.0,42477542.60000001
2025-08-01 12:15:39 PM,3096.0,10,30960.0,42508502.60000001
2025-08-01 12:15:43 PM,3098.2,0,0.0,42508502.60000001
2025-08-01 12:15:44 PM,3098.2,20,61964.0,42570466.60000001
2025-08-01 12:15:49 PM,3098.2,14,43374.799999999996,42613841.400000006
2025-08-01 12:15:53 PM,3100.0,0,0.0,42613841.400000006
2025-08-01 12:15:54 PM,3100.0,1,3100.0,42616941.400000006
2025-08-01 12:16:03 PM,3097.9,0,0.0,42616941.400000006
2025-08-01 12:16:04 PM,3097.9,6,18587.4,42635528.800000004
2025-08-01 12:16:08 PM,3097.8,0,0.0,42635528.800000004
2025-08-01 12:16:09 PM,3097.8,1,3097.8,42638626.6
2025-08-01 12:16:17 PM,3099.4,0,0.0,42638626.6
2025-08-01 12:16:19 PM,3099.4,1,3099.4,42641726.0
2025-08-01 12:16:28 PM,3097.8,0,0.0,42641726.0
2025-08-01 12:16:29 PM,3097.8,1,3097.8,42644823.8
2025-08-01 12:17:27 PM,3097.6,0,0.0,42644823.8
2025-08-01 12:17:27 PM,3097.6,10,30976.0,42675799.8
2025-08-01 12:17:44 PM,3097.1,0,0.0,42675799.8
2025-08-01 12:17:46 PM,3097.1,2,6194.2,42681994.0
2025-08-01 12:17:59 PM,3099.1,0,0.0,42681994.0
2025-08-01 12:18:01 PM,3099.1,8,24792.8,42706786.8
2025-08-01 12:18:09 PM,3097.1,0,0.0,42706786.8
2025-08-01 12:18:11 PM,3097.1,1,3097.1,42709883.9
2025-08-01 12:18:19 PM,3096.0,0,0.0,42709883.9
2025-08-01 12:18:20 PM,3096.0,7,21672.0,42731555.9
2025-08-01 12:18:35 PM,3096.0,1,3096.0,42734651.9
2025-08-01 12:18:50 PM,3095.8,10,30958.0,42765609.9
2025-08-01 12:18:59 PM,3098.1,0,0.0,42765609.9
2025-08-01 12:19:00 PM,3098.1,4,12392.4,42778002.3
2025-08-01 12:19:15 PM,3098.3,0,0.0,42778002.3
2025-08-01 12:19:16 PM,3098.3,2,6196.6,42784198.9
2025-08-01 12:19:23 PM,3095.9,0,0.0,42784198.9
2025-08-01 12:19:26 PM,3095.9,1,3095.9,42787294.8
2025-08-01 12:19:29 PM,3095.8,0,0.0,42787294.8
2025-08-01 12:19:31 PM,3095.8,7,21670.600000000002,42808965.4
2025-08-01 12:19:44 PM,3097.4,0,0.0,42808965.4
2025-08-01 12:19:46 PM,3097.4,2,6194.8,42815160.199999996
2025-08-01 12:19:49 PM,3095.8,0,0.0,42815160.199999996
2025-08-01 12:19:51 PM,3095.8,11,34053.8,42849213.99999999
2025-08-01 12:20:17 PM,3095.8,2,6191.6,42855405.599999994
2025-08-01 12:20:22 PM,3095.5,7,21668.5,42877074.099999994
2025-08-01 12:20:29 PM,3097.2,0,0.0,42877074.099999994
2025-08-01 12:20:33 PM,3097.2,8,24777.6,42901851.699999996
2025-08-01 12:20:38 PM,3095.5,3,9286.5,42911138.199999996
2025-08-01 12:20:50 PM,3095.2,0,0.0,42911138.199999996
2025-08-01 12:20:53 PM,3095.2,10,30952.0,42942090.199999996
2025-08-01 12:20:59 PM,3097.2,0,0.0,42942090.199999996
2025-08-01 12:21:03 PM,3098.0,49,151802.0,43093892.199999996
2025-08-01 12:21:06 PM,3100.0,0,0.0,43093892.199999996
2025-08-01 12:21:08 PM,3100.0,30,93000.0,43186892.199999996
2025-08-01 12:21:10 PM,3097.6,0,0.0,43186892.199999996
2025-08-01 12:21:11 PM,3100.1,0,0.0,43186892.199999996
2025-08-01 12:21:13 PM,3100.1,2,6200.2,43193092.4
2025-08-01 12:21:28 PM,3097.3,6,18583.800000000003,43211676.199999996
2025-08-01 12:21:33 PM,3097.2,0,0.0,43211676.199999996
2025-08-01 12:21:37 PM,3097.2,7,21680.399999999998,43233356.599999994
2025-08-01 12:21:40 PM,3097.9,0,0.0,43233356.599999994
2025-08-01 12:21:41 PM,3097.9,5,15489.5,43248846.099999994
2025-08-01 12:21:53 PM,3097.2,0,0.0,43248846.099999994
2025-08-01 12:21:56 PM,3097.2,3,9291.599999999999,43258137.699999996
2025-08-01 12:22:05 PM,3097.8,0,0.0,43258137.699999996
2025-08-01 12:22:07 PM,3097.8,1,3097.8,43261235.49999999
2025-08-01 12:22:18 PM,3097.8,1,3097.8,43264333.29999999
2025-08-01 12:22:28 PM,3099.6,0,0.0,43264333.29999999
2025-08-01 12:22:29 PM,3099.6,65,201474.0,43465807.29999999
2025-08-01 12:22:33 PM,3097.7,2,6195.4,43472002.69999999
2025-08-01 12:22:43 PM,3097.4,3,9292.2,43481294.89999999
2025-08-01 12:22:48 PM,3097.1,0,0.0,43481294.89999999
2025-08-01 12:22:48 PM,3097.1,5,15485.5,43496780.39999999
2025-08-01 12:22:50 PM,3097.4,0,0.0,43496780.39999999
2025-08-01 12:22:53 PM,3097.4,3,9292.2,43506072.599999994
2025-08-01 12:23:08 PM,3095.3,0,0.0,43506072.599999994
2025-08-01 12:23:09 PM,3095.3,2,6190.6,43512263.199999996
2025-08-01 12:23:23 PM,3095.3,1,3095.3,43515358.49999999
2025-08-01 12:23:26 PM,3097.7,0,0.0,43515358.49999999
2025-08-01 12:23:27 PM,3097.7,20,61954.0,43577312.49999999
2025-08-01 12:23:34 PM,3096.3,0,0.0,43577312.49999999
2025-08-01 12:23:37 PM,3096.3,3,9288.900000000001,43586601.39999999
2025-08-01 12:23:58 PM,3096.4,0,0.0,43586601.39999999
2025-08-01 12:24:02 PM,3096.4,1,3096.4,43589697.79999999
2025-08-01 12:24:22 PM,3099.2,0,0.0,43589697.79999999
2025-08-01 12:24:23 PM,3099.2,26,80579.2,43670276.99999999
2025-08-01 12:24:25 PM,3099.1,0,0.0,43670276.99999999
2025-08-01 12:24:26 PM,3099.8,0,0.0,43670276.99999999
2025-08-01 12:24:27 PM,3099.1,0,0.0,43670276.99999999
2025-08-01 12:24:28 PM,3099.1,25,77477.5,43747754.49999999
2025-08-01 12:24:47 PM,3099.1,8,24792.8,43772547.29999999
2025-08-01 12:24:48 PM,3098.0,0,0.0,43772547.29999999
2025-08-01 12:24:52 PM,3098.0,3,9294.0,43781841.29999999
2025-08-01 12:24:53 PM,3097.8,0,0.0,43781841.29999999
2025-08-01 12:24:57 PM,3097.8,6,18586.800000000003,43800428.09999999
2025-08-01 12:25:07 PM,3097.8,1,3097.8,43803525.89999998
2025-08-01 12:25:07 PM,3098.0,2,6196.0,43809721.89999998
2025-08-01 12:25:14 PM,3096.3,0,0.0,43809721.89999998
2025-08-01 12:25:17 PM,3096.3,1,3096.3,43812818.19999998
2025-08-01 12:25:21 PM,3097.8,0,0.0,43812818.19999998
2025-08-01 12:25:22 PM,3097.8,1,3097.8,43815915.99999998
2025-08-01 12:25:28 PM,3101.4,0,0.0,43815915.99999998
2025-08-01 12:25:30 PM,3097.0,0,0.0,43815915.99999998
2025-08-01 12:25:32 PM,3097.0,110,340670.0,44156585.99999998
2025-08-01 12:25:42 PM,3097.0,5,15485.0,44172070.99999998
2025-08-01 12:25:44 PM,3096.1,0,0.0,44172070.99999998
2025-08-01 12:25:47 PM,3096.1,12,37153.2,44209224.19999998
2025-08-01 12:25:50 PM,3097.0,0,0.0,44209224.19999998
2025-08-01 12:25:52 PM,3097.0,10,30970.0,44240194.19999998
2025-08-01 12:25:55 PM,3097.8,0,0.0,44240194.19999998
2025-08-01 12:25:57 PM,3097.8,21,65053.8,44305247.99999998
2025-08-01 12:26:04 PM,3098.6,0,0.0,44305247.99999998
2025-08-01 12:26:07 PM,3098.6,7,21690.2,44326938.19999998
2025-08-01 12:26:20 PM,3094.4,0,0.0,44326938.19999998
2025-08-01 12:26:22 PM,3094.4,93,287779.2,44614717.39999998
2025-08-01 12:26:28 PM,3095.7,0,0.0,44614717.39999998
2025-08-01 12:26:33 PM,3095.7,12,37148.399999999994,44651865.79999998
2025-08-01 12:26:33 PM,3095.1,0,0.0,44651865.79999998
2025-08-01 12:26:35 PM,3095.7,0,0.0,44651865.79999998
2025-08-01 12:26:37 PM,3095.7,4,12382.8,44664248.59999998
2025-08-01 12:26:41 PM,3096.5,0,0.0,44664248.59999998
2025-08-01 12:26:42 PM,3096.5,29,89798.5,44754047.09999998
2025-08-01 12:26:54 PM,3095.3,0,0.0,44754047.09999998
2025-08-01 12:26:57 PM,3097.3,12,37167.600000000006,44791214.69999998
2025-08-01 12:27:18 PM,3095.3,2,6190.6,44797405.29999998
2025-08-01 12:28:03 PM,3097.2,0,0.0,44797405.29999998
2025-08-01 12:28:07 PM,3097.2,9,27874.8,44825280.09999998
2025-08-01 12:28:08 PM,3095.3,0,0.0,44825280.09999998
2025-08-01 12:28:12 PM,3095.3,2,6190.6,44831470.69999998
2025-08-01 12:28:33 PM,3095.3,12,37143.600000000006,44868614.29999998
2025-08-01 12:28:52 PM,3095.3,7,21667.100000000002,44890281.39999998
2025-08-01 12:28:58 PM,3095.3,3,9285.900000000001,44899567.29999998
2025-08-01 12:29:14 PM,3096.4,0,0.0,44899567.29999998
2025-08-01 12:29:16 PM,3096.4,4,12385.6,44911952.89999998
2025-08-01 12:29:17 PM,3095.2,0,0.0,44911952.89999998
2025-08-01 12:29:18 PM,3095.2,4,12380.8,44924333.69999998
2025-08-01 12:29:19 PM,3096.3,0,0.0,44924333.69999998
2025-08-01 12:29:21 PM,3096.3,9,27866.7,44952200.39999998
2025-08-01 12:29:26 PM,3096.3,11,34059.3,44986259.69999998
2025-08-01 12:29:30 PM,3096.4,0,0.0,44986259.69999998
2025-08-01 12:29:32 PM,3096.4,3,9289.2,44995548.89999998
2025-08-01 12:29:33 PM,3095.6,0,0.0,44995548.89999998
2025-08-01 12:29:35 PM,3095.6,2,6191.2,45001740.09999999
2025-08-01 12:29:49 PM,3095.2,4,12380.8,45014120.89999998
2025-08-01 12:30:01 PM,3096.4,0,0.0,45014120.89999998
2025-08-01 12:30:03 PM,3096.5,0,0.0,45014120.89999998
2025-08-01 12:30:04 PM,3096.5,31,95991.5,45110112.39999998
2025-08-01 12:30:11 PM,3096.4,0,0.0,45110112.39999998
2025-08-01 12:30:11 PM,3096.4,94,291061.60000000003,45401173.999999985
2025-08-01 12:30:14 PM,3095.6,3,9286.8,45410460.79999998
2025-08-01 12:30:18 PM,3095.5,0,0.0,45410460.79999998
2025-08-01 12:30:19 PM,3095.5,3,9286.5,45419747.29999998
2025-08-01 12:30:24 PM,3096.2,1,3096.2,45422843.499999985
2025-08-01 12:30:37 PM,3096.2,5,15481.0,45438324.499999985
2025-08-01 12:30:39 PM,3095.4,0,0.0,45438324.499999985
2025-08-01 12:30:40 PM,3095.4,4,12381.6,45450706.09999999
2025-08-01 12:30:45 PM,3095.2,5,15476.0,45466182.09999999
2025-08-01 12:30:49 PM,3095.0,0,0.0,45466182.09999999
2025-08-01 12:30:50 PM,3095.0,7,21665.0,45487847.09999999
2025-08-01 12:30:55 PM,3095.4,0,0.0,45487847.09999999
2025-08-01 12:30:58 PM,3095.4,1,3095.4,45490942.499999985
2025-08-01 12:31:04 PM,3095.0,0,0.0,45490942.499999985
2025-08-01 12:31:05 PM,3095.0,3,9285.0,45500227.499999985
2025-08-01 12:31:08 PM,3095.9,30,92877.0,45593104.499999985
2025-08-01 12:31:09 PM,3096.0,0,0.0,45593104.499999985
2025-08-01 12:31:10 PM,3096.4,27,83602.8,45676707.29999998
2025-08-01 12:31:11 PM,3100.1,0,0.0,45676707.29999998
2025-08-01 12:31:13 PM,3100.1,1,3100.1,45679807.39999998
2025-08-01 12:31:29 PM,3097.8,0,0.0,45679807.39999998
2025-08-01 12:31:30 PM,3097.8,2,6195.6,45686002.999999985
2025-08-01 12:31:30 PM,3097.0,0,0.0,45686002.999999985
2025-08-01 12:31:31 PM,3097.0,3,9291.0,45695293.999999985
2025-08-01 12:31:35 PM,3097.0,7,21679.0,45716972.999999985
2025-08-01 12:31:45 PM,3097.8,0,0.0,45716972.999999985
2025-08-01 12:31:46 PM,3097.8,1,3097.8,45720070.79999998
2025-08-01 12:31:53 PM,3095.9,0,0.0,45720070.79999998
2025-08-01 12:31:56 PM,3095.9,2,6191.8,45726262.59999998
2025-08-01 12:32:03 PM,3097.8,0,0.0,45726262.59999998
2025-08-01 12:32:07 PM,3097.8,11,34075.8,45760338.399999976
2025-08-01 12:32:19 PM,3095.4,0,0.0,45760338.399999976
2025-08-01 12:32:23 PM,3095.4,2,6190.8,45766529.19999997
2025-08-01 12:32:53 PM,3098.1,0,0.0,45766529.19999997
2025-08-01 12:32:57 PM,3098.1,1,3098.1,45769627.299999975
2025-08-01 12:34:03 PM,3097.2,17,52652.399999999994,45822279.69999997
2025-08-01 12:34:08 PM,3097.3,6,18583.800000000003,45840863.49999997
2025-08-01 12:34:23 PM,3097.2,14,43360.799999999996,45884224.29999997
2025-08-01 12:34:27 PM,3096.8,0,0.0,45884224.29999997
2025-08-01 12:34:28 PM,3096.8,2,6193.6,45890417.89999997
2025-08-01 12:34:31 PM,3097.0,0,0.0,45890417.89999997
2025-08-01 12:34:33 PM,3097.0,19,58843.0,45949260.89999997
2025-08-01 12:34:49 PM,3095.4,5,15477.0,45964737.89999997
2025-08-01 12:35:09 PM,3097.0,20,61940.0,46026677.89999997
2025-08-01 12:35:09 PM,3096.9,0,0.0,46026677.89999997
2025-08-01 12:35:14 PM,3096.9,1,3096.9,46029774.79999997
2025-08-01 12:35:17 PM,3097.0,0,0.0,46029774.79999997
2025-08-01 12:35:19 PM,3097.0,7,21679.0,46051453.79999997
2025-08-01 12:35:23 PM,3097.6,0,0.0,46051453.79999997
2025-08-01 12:35:24 PM,3097.6,5,15488.0,46066941.79999997
2025-08-01 12:35:39 PM,3095.2,5,15476.0,46082417.79999997
2025-08-01 12:36:03 PM,3097.4,0,0.0,46082417.79999997
2025-08-01 12:36:03 PM,3095.1,0,0.0,46082417.79999997
2025-08-01 12:36:07 PM,3095.1,2,6190.2,46088607.99999997
2025-08-01 12:36:58 PM,3094.7,26,80462.2,46169070.19999997
2025-08-01 12:37:00 PM,3095.0,0,0.0,46169070.19999997
2025-08-01 12:37:03 PM,3100.5,77,238738.5,46407808.69999997
2025-08-01 12:37:18 PM,3097.4,3,9292.2,46417100.899999976
2025-08-01 12:37:23 PM,3097.1,1,3097.1,46420197.99999998
2025-08-01 12:37:28 PM,3096.5,0,0.0,46420197.99999998
2025-08-01 12:37:32 PM,3096.5,10,30965.0,46451162.99999998
2025-08-01 12:37:34 PM,3095.8,0,0.0,46451162.99999998
2025-08-01 12:37:37 PM,3095.8,1,3095.8,46454258.799999975
2025-08-01 12:37:40 PM,3097.4,0,0.0,46454258.799999975
2025-08-01 12:37:42 PM,3097.4,14,43363.6,46497622.399999976
2025-08-01 12:37:44 PM,3096.8,0,0.0,46497622.399999976
2025-08-01 12:37:47 PM,3096.8,2,6193.6,46503815.99999998
2025-08-01 12:37:56 PM,3098.7,0,0.0,46503815.99999998
2025-08-01 12:37:58 PM,3098.7,2,6197.4,46510013.399999976
2025-08-01 12:38:08 PM,3096.8,0,0.0,46510013.399999976
2025-08-01 12:38:09 PM,3096.8,1,3096.8,46513110.19999997
2025-08-01 12:38:14 PM,3096.1,1,3096.1,46516206.299999975
2025-08-01 12:38:33 PM,3096.2,0,0.0,46516206.299999975
2025-08-01 12:38:34 PM,3096.2,1,3096.2,46519302.49999998
2025-08-01 12:39:23 PM,3097.5,0,0.0,46519302.49999998
2025-08-01 12:39:26 PM,3097.5,9,27877.5,46547179.99999998
2025-08-01 12:39:48 PM,3097.4,0,0.0,46547179.99999998
2025-08-01 12:39:50 PM,3097.4,1,3097.4,46550277.399999976
2025-08-01 12:40:07 PM,3098.0,2,6196.0,46556473.399999976
2025-08-01 12:40:11 PM,3096.7,0,0.0,46556473.399999976
2025-08-01 12:40:12 PM,3096.7,19,58837.299999999996,46615310.69999997
2025-08-01 12:40:13 PM,3096.2,0,0.0,46615310.69999997
2025-08-01 12:40:15 PM,3094.8,0,0.0,46615310.69999997
2025-08-01 12:40:17 PM,3094.8,10,30948.0,46646258.69999997
2025-08-01 12:40:38 PM,3095.0,0,0.0,46646258.69999997
2025-08-01 12:40:43 PM,3095.0,2,6190.0,46652448.69999997
2025-08-01 12:40:45 PM,3094.4,0,0.0,46652448.69999997
2025-08-01 12:40:47 PM,3094.9,0,0.0,46652448.69999997
2025-08-01 12:40:48 PM,3094.9,10,30949.0,46683397.69999997
2025-08-01 12:40:51 PM,3095.0,0,0.0,46683397.69999997
2025-08-01 12:40:53 PM,3095.0,1,3095.0,46686492.69999997
2025-08-01 12:41:03 PM,3093.8,2,6187.6,46692680.299999975
2025-08-01 12:41:19 PM,3094.0,7,21658.0,46714338.299999975
2025-08-01 12:41:23 PM,3094.9,0,0.0,46714338.299999975
2025-08-01 12:41:24 PM,3094.9,1,3094.9,46717433.19999997
2025-08-01 12:41:27 PM,3094.0,0,0.0,46717433.19999997
2025-08-01 12:41:29 PM,3094.0,9,27846.0,46745279.19999997
2025-08-01 12:41:33 PM,3094.9,0,0.0,46745279.19999997
2025-08-01 12:41:35 PM,3094.9,1,3094.9,46748374.09999997
2025-08-01 12:41:35 PM,3095.0,0,0.0,46748374.09999997
2025-08-01 12:41:35 PM,3095.0,1,3095.0,46751469.09999997
2025-08-01 12:41:37 PM,3095.6,0,0.0,46751469.09999997
2025-08-01 12:41:40 PM,3095.6,30,92868.0,46844337.09999997
2025-08-01 12:41:49 PM,3096.4,0,0.0,46844337.09999997
2025-08-01 12:41:50 PM,3096.4,3,9289.2,46853626.299999975
2025-08-01 12:41:53 PM,3095.0,0,0.0,46853626.299999975
2025-08-01 12:41:55 PM,3095.0,6,18570.0,46872196.299999975
2025-08-01 12:42:18 PM,3093.5,0,0.0,46872196.299999975
2025-08-01 12:42:21 PM,3093.5,2,6187.0,46878383.299999975
2025-08-01 12:43:42 PM,3092.2,41,126780.2,47005163.49999998
2025-08-01 12:43:43 PM,3092.0,0,0.0,47005163.49999998
2025-08-01 12:43:47 PM,3092.0,3,9276.0,47014439.49999998
2025-08-01 12:43:52 PM,3092.7,72,222674.4,47237113.899999976
2025-08-01 12:43:53 PM,3096.5,1,3096.5,47240210.399999976
2025-08-01 12:43:59 PM,3092.7,0,0.0,47240210.399999976
2025-08-01 12:44:03 PM,3092.7,4,12370.8,47252581.19999997
2025-08-01 12:44:03 PM,3092.3,0,0.0,47252581.19999997
2025-08-01 12:44:09 PM,3092.3,14,43292.200000000004,47295873.399999976
2025-08-01 12:44:23 PM,3093.6,0,0.0,47295873.399999976
2025-08-01 12:44:25 PM,3093.6,2,6187.2,47302060.59999998
2025-08-01 12:44:49 PM,3093.2,0,0.0,47302060.59999998
2025-08-01 12:44:51 PM,3093.2,1,3093.2,47305153.79999998
2025-08-01 12:45:29 PM,3095.3,0,0.0,47305153.79999998
2025-08-01 12:45:32 PM,3095.3,5,15476.5,47320630.29999998
2025-08-01 12:45:39 PM,3093.3,0,0.0,47320630.29999998
2025-08-01 12:45:42 PM,3093.3,10,30933.0,47351563.29999998
2025-08-01 12:46:03 PM,3093.2,1,3093.2,47354656.499999985
2025-08-01 12:46:39 PM,3095.3,0,0.0,47354656.499999985
2025-08-01 12:46:43 PM,3095.3,5,15476.5,47370132.999999985
2025-08-01 12:46:48 PM,3095.3,16,49524.8,47419657.79999998
2025-08-01 12:46:53 PM,3093.5,0,0.0,47419657.79999998
