date,price,qty,trnvr,cum_trnvr
2025-08-01 09:15:03 AM,522.55,309,161467.94999999998,161467.94999999998
2025-08-01 09:15:13 AM,521.5,0,0.0,161467.94999999998
2025-08-01 09:15:15 AM,521.5,310,161665.0,323132.94999999995
2025-08-01 09:15:25 AM,521.5,50,26075.0,349207.94999999995
2025-08-01 09:15:28 AM,520.5,0,0.0,349207.94999999995
2025-08-01 09:15:33 AM,520.0,0,0.0,349207.94999999995
2025-08-01 09:15:34 AM,520.0,1353,703560.0,1052767.95
2025-08-01 09:15:41 AM,520.95,0,0.0,1052767.95
2025-08-01 09:15:42 AM,520.95,750,390712.50000000006,1443480.45
2025-08-01 09:15:45 AM,521.5,0,0.0,1443480.45
2025-08-01 09:15:52 AM,521.5,4,2086.0,1445566.45
2025-08-01 09:15:55 AM,521.0,0,0.0,1445566.45
2025-08-01 09:15:58 AM,521.0,44,22924.0,1468490.45
2025-08-01 09:16:00 AM,521.0,10,5210.0,1473700.45
2025-08-01 09:16:08 AM,520.0,613,318760.0,1792460.45
2025-08-01 09:16:15 AM,521.45,680,354586.00000000006,2147046.45
2025-08-01 09:16:38 AM,520.05,0,0.0,2147046.45
2025-08-01 09:16:39 AM,520.05,145,75407.25,2222453.7
2025-08-01 09:16:48 AM,520.55,0,0.0,2222453.7
2025-08-01 09:16:49 AM,520.55,7,3643.8499999999995,2226097.5500000003
2025-08-01 09:16:56 AM,520.0,633,329160.0,2555257.5500000003
2025-08-01 09:17:05 AM,520.8,249,129679.19999999998,2684936.7500000005
2025-08-01 09:17:12 AM,521.05,113,58878.649999999994,2743815.4000000004
2025-08-01 09:17:15 AM,521.0,0,0.0,2743815.4000000004
2025-08-01 09:17:17 AM,520.6,0,0.0,2743815.4000000004
2025-08-01 09:17:21 AM,520.6,203,105681.8,2849497.2
2025-08-01 09:17:32 AM,520.85,0,0.0,2849497.2
2025-08-01 09:17:37 AM,520.9,92,47922.799999999996,2897420.0
2025-08-01 09:17:42 AM,521.65,0,0.0,2897420.0
2025-08-01 09:17:45 AM,521.65,20,10433.0,2907853.0
2025-08-01 09:17:49 AM,521.85,0,0.0,2907853.0
2025-08-01 09:17:54 AM,521.85,50,26092.5,2933945.5
2025-08-01 09:18:02 AM,521.6,5,2608.0,2936553.5
2025-08-01 09:18:06 AM,522.75,0,0.0,2936553.5
2025-08-01 09:18:10 AM,522.75,439,229487.25,3166040.75
2025-08-01 09:18:14 AM,522.9,0,0.0,3166040.75
2025-08-01 09:18:19 AM,522.9,347,181446.3,3347487.05
2025-08-01 09:18:20 AM,522.35,1612,842028.2000000001,4189515.25
2025-08-01 09:18:24 AM,522.05,0,0.0,4189515.25
2025-08-01 09:18:27 AM,522.65,30,15679.5,4205194.75
2025-08-01 09:18:30 AM,522.0,0,0.0,4205194.75
2025-08-01 09:18:35 AM,522.0,500,261000.0,4466194.75
2025-08-01 09:18:36 AM,521.25,1,521.25,4466716.0
2025-08-01 09:18:38 AM,520.4,0,0.0,4466716.0
2025-08-01 09:18:40 AM,520.95,0,0.0,4466716.0
2025-08-01 09:18:43 AM,520.95,561,292252.95,4758968.95
2025-08-01 09:18:51 AM,521.25,1,521.25,4759490.2
2025-08-01 09:19:00 AM,521.7,200,104340.00000000001,4863830.2
2025-08-01 09:19:01 AM,520.95,561,292252.95,5156083.15
2025-08-01 09:19:08 AM,520.9,129,67196.09999999999,5223279.25
2025-08-01 09:19:16 AM,520.65,2,1041.3,5224320.55
2025-08-01 09:19:24 AM,521.55,113,58935.149999999994,5283255.7
2025-08-01 09:19:31 AM,520.3,0,0.0,5283255.7
2025-08-01 09:19:32 AM,520.3,2479,1289823.7,6573079.4
2025-08-01 09:19:40 AM,520.2,425,221085.00000000003,6794164.4
2025-08-01 09:19:42 AM,520.35,0,0.0,6794164.4
2025-08-01 09:19:47 AM,520.65,0,0.0,6794164.4
2025-08-01 09:19:50 AM,520.65,167,86948.55,6881112.95
2025-08-01 09:20:03 AM,520.85,0,0.0,6881112.95
2025-08-01 09:20:04 AM,520.85,50,26042.5,6907155.45
2025-08-01 09:20:10 AM,521.05,0,0.0,6907155.45
2025-08-01 09:20:12 AM,521.05,70,36473.5,6943628.95
2025-08-01 09:20:14 AM,521.0,20,10420.0,6954048.95
2025-08-01 09:20:20 AM,521.0,25,13025.0,6967073.95
2025-08-01 09:20:24 AM,521.7,0,0.0,6967073.95
2025-08-01 09:20:28 AM,521.7,400,208680.00000000003,7175753.95
2025-08-01 09:20:42 AM,522.75,0,0.0,7175753.95
2025-08-01 09:20:44 AM,522.75,1165,609003.75,7784757.7
2025-08-01 09:20:59 AM,522.45,0,0.0,7784757.7
2025-08-01 09:21:00 AM,522.45,67,35004.15,7819761.850000001
2025-08-01 09:21:12 AM,522.5,0,0.0,7819761.850000001
2025-08-01 09:21:14 AM,522.5,434,226765.0,8046526.850000001
2025-08-01 09:21:16 AM,522.85,10,5228.5,8051755.350000001
2025-08-01 09:21:19 AM,522.9,0,0.0,8051755.350000001
2025-08-01 09:21:22 AM,522.9,19,9935.1,8061690.45
2025-08-01 09:21:30 AM,523.0,500,261500.0,8323190.45
2025-08-01 09:21:33 AM,522.9,0,0.0,8323190.45
2025-08-01 09:21:37 AM,523.0,0,0.0,8323190.45
2025-08-01 09:21:38 AM,523.35,62,32447.7,8355638.15
2025-08-01 09:21:43 AM,523.4,0,0.0,8355638.15
2025-08-01 09:21:46 AM,523.4,50,26170.0,8381808.15
2025-08-01 09:22:03 AM,523.0,0,0.0,8381808.15
2025-08-01 09:22:08 AM,523.0,10,5230.0,8387038.15
2025-08-01 09:22:20 AM,523.35,0,0.0,8387038.15
2025-08-01 09:22:24 AM,523.35,35,18317.25,8405355.4
2025-08-01 09:22:31 AM,523.0,10,5230.0,8410585.4
2025-08-01 09:22:32 AM,523.5,0,0.0,8410585.4
2025-08-01 09:22:33 AM,523.5,82,42927.0,8453512.4
2025-08-01 09:22:40 AM,523.5,13,6805.5,8460317.9
2025-08-01 09:22:46 AM,523.0,0,0.0,8460317.9
2025-08-01 09:22:48 AM,523.0,56,29288.0,8489605.9
2025-08-01 09:22:52 AM,523.45,0,0.0,8489605.9
2025-08-01 09:22:54 AM,523.45,20,10469.0,8500074.9
2025-08-01 09:22:58 AM,523.0,0,0.0,8500074.9
2025-08-01 09:23:01 AM,523.0,140,73220.0,8573294.9
2025-08-01 09:23:03 AM,523.6,25,13090.0,8586384.9
2025-08-01 09:23:25 AM,523.6,25,13090.0,8599474.9
2025-08-01 09:23:32 AM,523.45,2236,1170434.2000000002,9769909.100000001
2025-08-01 09:23:33 AM,523.5,0,0.0,9769909.100000001
2025-08-01 09:23:34 AM,523.5,100,52350.0,9822259.100000001
2025-08-01 09:23:39 AM,523.7,0,0.0,9822259.100000001
2025-08-01 09:23:40 AM,523.7,250,130925.00000000001,9953184.100000001
2025-08-01 09:23:40 AM,523.1,0,0.0,9953184.100000001
2025-08-01 09:23:41 AM,523.1,2,1046.2,9954230.3
2025-08-01 09:23:46 AM,523.6,0,0.0,9954230.3
2025-08-01 09:23:47 AM,523.6,20,10472.0,9964702.3
2025-08-01 09:23:55 AM,522.65,296,154704.4,10119406.700000001
2025-08-01 09:24:03 AM,523.1,50,26155.0,10145561.700000001
2025-08-01 09:24:11 AM,523.1,10,5231.0,10150792.700000001
2025-08-01 09:24:12 AM,522.55,0,0.0,10150792.700000001
2025-08-01 09:24:18 AM,523.1,24,12554.400000000001,10163347.100000001
2025-08-01 09:24:19 AM,523.35,0,0.0,10163347.100000001
2025-08-01 09:24:20 AM,523.35,4,2093.4,10165440.500000002
2025-08-01 09:24:26 AM,522.85,604,315801.4,10481241.900000002
2025-08-01 09:24:31 AM,523.0,0,0.0,10481241.900000002
2025-08-01 09:24:33 AM,523.0,82,42886.0,10524127.900000002
2025-08-01 09:24:37 AM,522.6,0,0.0,10524127.900000002
2025-08-01 09:24:41 AM,523.05,22,11507.099999999999,10535635.000000002
2025-08-01 09:24:48 AM,523.05,2,1046.1,10536681.100000001
2025-08-01 09:24:55 AM,522.65,0,0.0,10536681.100000001
2025-08-01 09:24:56 AM,522.65,27,14111.55,10550792.650000002
2025-08-01 09:25:56 AM,522.8,26,13592.8,10564385.450000003
2025-08-01 09:26:10 AM,523.0,0,0.0,10564385.450000003
2025-08-01 09:26:11 AM,523.0,20,10460.0,10574845.450000003
2025-08-01 09:26:13 AM,523.45,100,52345.00000000001,10627190.450000003
2025-08-01 09:26:17 AM,523.0,0,0.0,10627190.450000003
2025-08-01 09:26:19 AM,522.6,121,63234.600000000006,10690425.050000003
2025-08-01 09:26:26 AM,522.35,50,26117.5,10716542.550000003
2025-08-01 09:26:49 AM,522.6,87,45466.200000000004,10762008.750000002
2025-08-01 09:27:17 AM,522.95,0,0.0,10762008.750000002
2025-08-01 09:27:18 AM,522.65,0,0.0,10762008.750000002
2025-08-01 09:27:19 AM,522.65,30,15679.5,10777688.250000002
2025-08-01 09:28:03 AM,522.95,0,0.0,10777688.250000002
2025-08-01 09:28:20 AM,522.95,207,108250.65000000001,10885938.900000002
2025-08-01 09:28:28 AM,522.95,20,10459.0,10896397.900000002
2025-08-01 09:28:35 AM,523.05,217,113501.84999999999,11009899.750000002
2025-08-01 09:28:43 AM,523.7,0,0.0,11009899.750000002
2025-08-01 09:28:43 AM,523.7,20,10474.0,11020373.750000002
2025-08-01 09:28:44 AM,523.8,50,26189.999999999996,11046563.750000002
2025-08-01 09:28:58 AM,523.5,5,2617.5,11049181.250000002
2025-08-01 09:29:11 AM,522.7,0,0.0,11049181.250000002
2025-08-01 09:29:13 AM,522.7,225,117607.50000000001,11166788.750000002
2025-08-01 09:29:28 AM,522.75,10,5227.5,11172016.250000002
2025-08-01 09:29:32 AM,522.7,0,0.0,11172016.250000002
2025-08-01 09:29:36 AM,522.7,45,23521.500000000004,11195537.750000002
2025-08-01 09:29:43 AM,522.7,16,8363.2,11203900.950000001
2025-08-01 09:29:44 AM,523.0,1,523.0,11204423.950000001
2025-08-01 09:29:52 AM,522.7,20,10454.0,11214877.950000001
2025-08-01 09:29:57 AM,523.0,0,0.0,11214877.950000001
2025-08-01 09:29:58 AM,523.0,15,7845.0,11222722.950000001
2025-08-01 09:30:36 AM,523.0,101,52823.0,11275545.950000001
2025-08-01 09:30:58 AM,523.0,1,523.0,11276068.950000001
2025-08-01 09:31:27 AM,523.55,88,46072.399999999994,11322141.350000001
2025-08-01 09:31:45 AM,523.4,0,0.0,11322141.350000001
2025-08-01 09:31:48 AM,523.4,20,10468.0,11332609.350000001
2025-08-01 09:31:49 AM,522.65,0,0.0,11332609.350000001
2025-08-01 09:31:49 AM,522.65,161,84146.65,11416756.000000002
2025-08-01 09:31:50 AM,523.0,0,0.0,11416756.000000002
2025-08-01 09:31:55 AM,523.0,20,10460.0,11427216.000000002
2025-08-01 09:32:02 AM,523.05,22,11507.099999999999,11438723.100000001
2025-08-01 09:32:09 AM,523.05,1,523.05,11439246.150000002
2025-08-01 09:32:11 AM,523.8,0,0.0,11439246.150000002
2025-08-01 09:32:11 AM,523.1,0,0.0,11439246.150000002
2025-08-01 09:32:16 AM,523.1,573,299736.3,11738982.450000003
2025-08-01 09:32:18 AM,523.8,0,0.0,11738982.450000003
2025-08-01 09:32:23 AM,523.6,0,0.0,11738982.450000003
2025-08-01 09:32:24 AM,523.6,87,45553.200000000004,11784535.650000002
2025-08-01 09:32:37 AM,523.6,5,2618.0,11787153.650000002
2025-08-01 09:32:41 AM,523.4,0,0.0,11787153.650000002
2025-08-01 09:32:44 AM,523.5,655,342892.5,12130046.150000002
2025-08-01 09:32:59 AM,523.3,0,0.0,12130046.150000002
2025-08-01 09:33:05 AM,523.65,116,60743.399999999994,12190789.550000003
2025-08-01 09:33:11 AM,523.1,0,0.0,12190789.550000003
2025-08-01 09:33:12 AM,523.0,37,19351.0,12210140.550000003
2025-08-01 09:33:19 AM,523.25,8,4186.0,12214326.550000003
2025-08-01 09:33:44 AM,522.75,0,0.0,12214326.550000003
2025-08-01 09:33:47 AM,522.75,1,522.75,12214849.300000003
2025-08-01 09:34:15 AM,523.7,10,5237.0,12220086.300000003
2025-08-01 09:34:21 AM,523.1,0,0.0,12220086.300000003
2025-08-01 09:34:22 AM,523.1,100,52310.0,12272396.300000003
2025-08-01 09:34:49 AM,523.45,0,0.0,12272396.300000003
2025-08-01 09:34:50 AM,523.45,60,31407.000000000004,12303803.300000003
2025-08-01 09:34:51 AM,523.95,0,0.0,12303803.300000003
2025-08-01 09:34:56 AM,523.5,0,0.0,12303803.300000003
2025-08-01 09:34:56 AM,523.5,51320,26866020.0,39169823.300000004
2025-08-01 09:35:01 AM,523.65,0,0.0,39169823.300000004
2025-08-01 09:35:03 AM,523.65,2,1047.3,39170870.6
2025-08-01 09:35:04 AM,523.7,93,48704.100000000006,39219574.7
2025-08-01 09:35:06 AM,523.95,0,0.0,39219574.7
2025-08-01 09:35:10 AM,523.95,32,16766.4,39236341.1
2025-08-01 09:35:38 AM,523.95,29,15194.550000000001,39251535.65
2025-08-01 09:35:45 AM,522.65,3030,1583629.5,40835165.15
2025-08-01 09:36:37 AM,523.2,0,0.0,40835165.15
2025-08-01 09:36:38 AM,523.2,13,6801.6,40841966.75
2025-08-01 09:36:44 AM,522.9,0,0.0,40841966.75
2025-08-01 09:36:44 AM,522.9,9,4706.099999999999,40846672.85
2025-08-01 09:36:56 AM,522.7,0,0.0,40846672.85
2025-08-01 09:36:58 AM,522.7,100,52270.00000000001,40898942.85
2025-08-01 09:37:10 AM,523.3,0,0.0,40898942.85
2025-08-01 09:37:12 AM,523.3,35,18315.5,40917258.35
2025-08-01 09:37:15 AM,523.55,0,0.0,40917258.35
2025-08-01 09:37:19 AM,523.55,1,523.55,40917781.9
2025-08-01 09:37:52 AM,523.55,1,523.55,40918305.449999996
2025-08-01 09:37:57 AM,523.05,0,0.0,40918305.449999996
2025-08-01 09:37:59 AM,523.05,45,23537.249999999996,40941842.699999996
2025-08-01 09:38:04 AM,523.55,0,0.0,40941842.699999996
2025-08-01 09:38:06 AM,523.55,25,13088.749999999998,40954931.449999996
2025-08-01 09:38:36 AM,523.5,0,0.0,40954931.449999996
2025-08-01 09:38:40 AM,523.5,11,5758.5,40960689.949999996
2025-08-01 09:38:45 AM,523.6,0,0.0,40960689.949999996
2025-08-01 09:38:46 AM,523.6,3,1570.8000000000002,40962260.74999999
2025-08-01 09:39:06 AM,523.7,1,523.7,40962784.449999996
2025-08-01 09:39:11 AM,523.6,0,0.0,40962784.449999996
2025-08-01 09:39:13 AM,523.6,80,41888.0,41004672.449999996
2025-08-01 09:39:26 AM,523.5,0,0.0,41004672.449999996
2025-08-01 09:39:27 AM,523.5,102,53397.0,41058069.449999996
2025-08-01 09:39:53 AM,523.8,110,57617.99999999999,41115687.449999996
2025-08-01 09:40:00 AM,523.95,10,5239.5,41120926.949999996
2025-08-01 09:40:07 AM,523.95,30,15718.500000000002,41136645.449999996
2025-08-01 09:40:39 AM,523.5,75,39262.5,41175907.949999996
2025-08-01 09:40:42 AM,523.95,0,0.0,41175907.949999996
2025-08-01 09:40:46 AM,523.95,10,5239.5,41181147.449999996
2025-08-01 09:40:52 AM,523.55,2,1047.1,41182194.55
2025-08-01 09:41:06 AM,523.95,1,523.95,41182718.5
2025-08-01 09:41:34 AM,523.55,0,0.0,41182718.5
2025-08-01 09:41:39 AM,523.55,55,28795.249999999996,41211513.75
2025-08-01 09:41:58 AM,523.55,50,26177.499999999996,41237691.25
2025-08-01 09:42:18 AM,523.55,51,26701.05,41264392.3
2025-08-01 09:42:37 AM,524.1,881,461732.10000000003,41726124.4
2025-08-01 09:43:24 AM,524.85,0,0.0,41726124.4
2025-08-01 09:43:24 AM,524.85,610,320158.5,42046282.9
2025-08-01 09:43:27 AM,524.1,0,0.0,42046282.9
2025-08-01 09:43:30 AM,524.1,200,104820.0,42151102.9
2025-08-01 09:44:02 AM,524.15,1,524.15,42151627.05
2025-08-01 09:44:23 AM,524.15,5,2620.75,42154247.8
2025-08-01 09:44:35 AM,524.85,0,0.0,42154247.8
2025-08-01 09:44:36 AM,524.85,500,262425.0,42416672.8
2025-08-01 09:44:55 AM,524.85,10,5248.5,42421921.3
2025-08-01 09:45:02 AM,524.85,1,524.85,42422446.15
2025-08-01 09:45:06 AM,524.45,0,0.0,42422446.15
2025-08-01 09:45:08 AM,524.1,739,387309.9,42809756.05
2025-08-01 09:45:15 AM,524.0,2,1048.0,42810804.05
2025-08-01 09:45:23 AM,524.0,10,5240.0,42816044.05
2025-08-01 09:45:41 AM,524.0,30,15720.0,42831764.05
2025-08-01 09:45:42 AM,523.65,20,10473.0,42842237.05
2025-08-01 09:45:48 AM,523.6,0,0.0,42842237.05
2025-08-01 09:45:48 AM,523.6,22,11519.2,42853756.25
2025-08-01 09:46:01 AM,523.95,0,0.0,42853756.25
2025-08-01 09:46:01 AM,523.95,1,523.95,42854280.2
2025-08-01 09:46:07 AM,523.65,0,0.0,42854280.2
2025-08-01 09:46:08 AM,523.65,101,52888.649999999994,42907168.85
2025-08-01 09:46:25 AM,523.85,0,0.0,42907168.85
2025-08-01 09:46:26 AM,523.85,30,15715.5,42922884.35
2025-08-01 09:46:39 AM,523.85,13,6810.05,42929694.4
2025-08-01 09:46:44 AM,523.9,0,0.0,42929694.4
2025-08-01 09:46:45 AM,523.9,23,12049.699999999999,42941744.1
2025-08-01 09:46:47 AM,523.4,1013,530204.2,43471948.300000004
2025-08-01 09:47:02 AM,523.7,0,0.0,43471948.300000004
2025-08-01 09:47:04 AM,523.7,4,2094.8,43474043.1
2025-08-01 09:47:12 AM,523.7,10,5237.0,43479280.1
2025-08-01 09:47:35 AM,523.4,525,274785.0,43754065.1
2025-08-01 09:47:48 AM,523.45,1,523.45,43754588.550000004
2025-08-01 09:47:54 AM,523.2,0,0.0,43754588.550000004
2025-08-01 09:47:55 AM,523.2,22,11510.400000000001,43766098.95
2025-08-01 09:47:58 AM,522.65,0,0.0,43766098.95
2025-08-01 09:47:58 AM,522.65,1303,681012.95,44447111.900000006
2025-08-01 09:48:02 AM,522.55,2,1045.1,44448157.00000001
2025-08-01 09:48:04 AM,522.55,1,522.55,44448679.550000004
2025-08-01 09:48:08 AM,522.2,0,0.0,44448679.550000004
2025-08-01 09:48:08 AM,522.2,2,1044.4,44449723.95
2025-08-01 09:48:24 AM,522.2,37,19321.4,44469045.35
2025-08-01 09:48:30 AM,522.6,1,522.6,44469567.95
2025-08-01 09:48:56 AM,522.6,50,26130.0,44495697.95
2025-08-01 09:49:02 AM,522.7,61,31884.700000000004,44527582.650000006
2025-08-01 09:49:03 AM,522.6,0,0.0,44527582.650000006
2025-08-01 09:49:06 AM,522.6,40,20904.0,44548486.650000006
2025-08-01 09:49:30 AM,522.6,10,5226.0,44553712.650000006
2025-08-01 09:49:31 AM,522.25,0,0.0,44553712.650000006
2025-08-01 09:49:33 AM,522.25,3,1566.75,44555279.400000006
2025-08-01 09:49:49 AM,522.0,200,104400.0,44659679.400000006
2025-08-01 09:49:56 AM,522.0,1195,623790.0,45283469.400000006
2025-08-01 09:50:02 AM,522.0,110,57420.0,45340889.400000006
2025-08-01 09:50:12 AM,522.2,10,5222.0,45346111.400000006
2025-08-01 09:51:14 AM,522.4,0,0.0,45346111.400000006
2025-08-01 09:51:18 AM,522.4,25,13060.0,45359171.400000006
2025-08-01 09:51:32 AM,522.55,0,0.0,45359171.400000006
2025-08-01 09:51:33 AM,522.55,20,10451.0,45369622.400000006
2025-08-01 09:52:29 AM,522.45,0,0.0,45369622.400000006
2025-08-01 09:52:29 AM,522.45,5,2612.25,45372234.650000006
2025-08-01 09:53:51 AM,522.6,0,0.0,45372234.650000006
2025-08-01 09:53:52 AM,522.6,20,10452.0,45382686.650000006
2025-08-01 09:54:24 AM,522.85,0,0.0,45382686.650000006
2025-08-01 09:54:24 AM,522.85,25,13071.25,45395757.900000006
2025-08-01 09:54:30 AM,522.75,35,18296.25,45414054.150000006
2025-08-01 09:55:23 AM,522.3,0,0.0,45414054.150000006
2025-08-01 09:55:23 AM,522.3,14,7312.199999999999,45421366.35000001
2025-08-01 09:55:24 AM,522.0,717,374274.0,45795640.35000001
2025-08-01 09:55:29 AM,522.0,477,248994.0,46044634.35000001
2025-08-01 09:55:35 AM,522.0,186,97092.0,46141726.35000001
2025-08-01 09:55:41 AM,522.25,21,10967.25,46152693.60000001
2025-08-01 09:55:53 AM,522.7,200,104540.00000000001,46257233.60000001
2025-08-01 09:57:49 AM,522.7,8,4181.6,46261415.20000001
2025-08-01 09:58:01 AM,522.35,0,0.0,46261415.20000001
2025-08-01 09:58:01 AM,522.35,112,58503.200000000004,46319918.40000001
2025-08-01 09:58:11 AM,522.0,0,0.0,46319918.40000001
2025-08-01 09:58:11 AM,522.0,138,72036.0,46391954.40000001
2025-08-01 10:00:11 AM,521.5,182,94913.0,46486867.40000001
2025-08-01 10:00:14 AM,520.6,229,119217.40000000001,46606084.80000001
2025-08-01 10:00:27 AM,520.65,5,2603.25,46608688.05000001
2025-08-01 10:00:30 AM,520.6,100,52060.0,46660748.05000001
2025-08-01 10:00:46 AM,520.3,0,0.0,46660748.05000001
2025-08-01 10:00:46 AM,520.3,1,520.3,46661268.35000001
2025-08-01 10:00:49 AM,520.1,69,35886.9,46697155.25000001
2025-08-01 10:00:55 AM,520.2,15,7803.000000000001,46704958.25000001
2025-08-01 10:01:01 AM,520.45,50,26022.500000000004,46730980.75000001
2025-08-01 10:01:04 AM,520.6,0,0.0,46730980.75000001
2025-08-01 10:01:05 AM,520.6,1,520.6,46731501.35000001
2025-08-01 10:01:27 AM,520.25,0,0.0,46731501.35000001
2025-08-01 10:01:27 AM,520.25,202,105090.5,46836591.85000001
2025-08-01 10:02:23 AM,520.25,491,255442.75,47092034.60000001
2025-08-01 10:02:28 AM,520.4,0,0.0,47092034.60000001
2025-08-01 10:02:29 AM,520.4,10,5204.0,47097238.60000001
2025-08-01 10:02:44 AM,520.35,5,2601.75,47099840.35000001
2025-08-01 10:02:50 AM,520.4,10,5204.0,47105044.35000001
2025-08-01 10:03:13 AM,520.4,1,520.4,47105564.75000001
2025-08-01 10:03:35 AM,520.4,1,520.4,47106085.150000006
2025-08-01 10:03:46 AM,520.0,0,0.0,47106085.150000006
2025-08-01 10:03:46 AM,520.0,100,52000.0,47158085.150000006
2025-08-01 10:03:58 AM,520.0,4,2080.0,47160165.150000006
2025-08-01 10:04:06 AM,519.65,2,1039.3,47161204.45
2025-08-01 10:04:25 AM,519.85,135,70179.75,47231384.2
2025-08-01 10:04:31 AM,520.0,1,520.0,47231904.2
2025-08-01 10:04:38 AM,519.4,603,313198.2,47545102.400000006
2025-08-01 10:04:40 AM,519.65,0,0.0,47545102.400000006
2025-08-01 10:04:42 AM,519.65,2,1039.3,47546141.7
2025-08-01 10:05:09 AM,520.0,0,0.0,47546141.7
2025-08-01 10:05:09 AM,520.0,26,13520.0,47559661.7
2025-08-01 10:05:12 AM,520.25,0,0.0,47559661.7
2025-08-01 10:05:13 AM,520.25,3,1560.75,47561222.45
2025-08-01 10:05:15 AM,520.35,0,0.0,47561222.45
2025-08-01 10:05:15 AM,520.35,69,35904.15,47597126.6
2025-08-01 10:05:19 AM,520.35,20,10407.0,47607533.6
2025-08-01 10:05:34 AM,520.3,0,0.0,47607533.6
2025-08-01 10:05:37 AM,520.35,0,0.0,47607533.6
2025-08-01 10:05:37 AM,520.35,99,51514.65,47659048.25
2025-08-01 10:05:49 AM,520.2,0,0.0,47659048.25
2025-08-01 10:05:49 AM,520.2,3,1560.6000000000001,47660608.85
2025-08-01 10:05:55 AM,519.3,0,0.0,47660608.85
2025-08-01 10:05:55 AM,519.3,230,119438.99999999999,47780047.85
2025-08-01 10:05:58 AM,519.25,0,0.0,47780047.85
2025-08-01 10:06:01 AM,519.1,0,0.0,47780047.85
2025-08-01 10:06:01 AM,519.1,61,31665.100000000002,47811712.95
2025-08-01 10:06:37 AM,519.1,96,49833.600000000006,47861546.550000004
2025-08-01 10:06:38 AM,519.0,0,0.0,47861546.550000004
2025-08-01 10:06:39 AM,519.0,121,62799.0,47924345.550000004
2025-08-01 10:06:51 AM,519.0,10,5190.0,47929535.550000004
2025-08-01 10:06:57 AM,517.65,0,0.0,47929535.550000004
2025-08-01 10:06:57 AM,517.65,1648,853087.2,48782622.75000001
2025-08-01 10:07:01 AM,518.15,10,5181.5,48787804.25000001
2025-08-01 10:07:02 AM,518.1,0,0.0,48787804.25000001
2025-08-01 10:07:03 AM,518.1,22,11398.2,48799202.45000001
2025-08-01 10:07:31 AM,518.0,0,0.0,48799202.45000001
2025-08-01 10:07:33 AM,518.0,160,82880.0,48882082.45000001
2025-08-01 10:07:51 AM,518.0,10,5180.0,48887262.45000001
2025-08-01 10:08:05 AM,517.65,1,517.65,48887780.10000001
2025-08-01 10:08:11 AM,517.95,5,2589.75,48890369.85000001
2025-08-01 10:08:21 AM,517.65,0,0.0,48890369.85000001
2025-08-01 10:08:22 AM,517.65,70,36235.5,48926605.35000001
2025-08-01 10:08:28 AM,517.65,373,193083.44999999998,49119688.80000001
2025-08-01 10:08:48 AM,517.65,10,5176.5,49124865.30000001
2025-08-01 10:09:22 AM,517.65,49,25364.85,49150230.15000001
2025-08-01 10:09:24 AM,517.4,0,0.0,49150230.15000001
2025-08-01 10:09:27 AM,517.55,0,0.0,49150230.15000001
2025-08-01 10:09:27 AM,517.55,110,56930.49999999999,49207160.65000001
2025-08-01 10:10:06 AM,517.9,0,0.0,49207160.65000001
2025-08-01 10:10:07 AM,517.55,0,0.0,49207160.65000001
2025-08-01 10:10:07 AM,517.55,110,56930.49999999999,49264091.15000001
2025-08-01 10:10:42 AM,517.5,0,0.0,49264091.15000001
2025-08-01 10:10:43 AM,517.5,10,5175.0,49269266.15000001
2025-08-01 10:11:00 AM,517.55,0,0.0,49269266.15000001
2025-08-01 10:11:01 AM,517.55,1,517.55,49269783.70000001
2025-08-01 10:11:08 AM,517.55,4,2070.2,49271853.90000001
2025-08-01 10:11:14 AM,516.8,1003,518350.39999999997,49790204.30000001
2025-08-01 10:11:15 AM,517.4,0,0.0,49790204.30000001
2025-08-01 10:11:15 AM,517.45,0,0.0,49790204.30000001
2025-08-01 10:11:19 AM,517.45,23,11901.35,49802105.65000001
2025-08-01 10:11:30 AM,516.85,0,0.0,49802105.65000001
2025-08-01 10:11:30 AM,516.85,1001,517366.85000000003,50319472.500000015
2025-08-01 10:11:53 AM,516.85,100,51685.0,50371157.500000015
2025-08-01 10:11:59 AM,516.7,10,5167.0,50376324.500000015
2025-08-01 10:12:17 AM,517.1,1,517.1,50376841.60000002
2025-08-01 10:12:27 AM,517.15,0,0.0,50376841.60000002
2025-08-01 10:12:29 AM,517.15,1,517.15,50377358.750000015
2025-08-01 10:12:39 AM,517.35,0,0.0,50377358.750000015
2025-08-01 10:12:40 AM,517.35,329,170208.15,50547566.90000001
2025-08-01 10:12:54 AM,517.55,0,0.0,50547566.90000001
2025-08-01 10:12:57 AM,518.55,0,0.0,50547566.90000001
2025-08-01 10:12:57 AM,518.55,1296,672040.7999999999,51219607.70000001
2025-08-01 10:13:27 AM,518.2,0,0.0,51219607.70000001
2025-08-01 10:13:27 AM,518.2,6,3109.2000000000003,51222716.90000001
2025-08-01 10:13:51 AM,517.65,0,0.0,51222716.90000001
2025-08-01 10:13:51 AM,517.65,3,1552.9499999999998,51224269.85000002
2025-08-01 10:14:06 AM,517.7,0,0.0,51224269.85000002
2025-08-01 10:14:08 AM,517.7,29,15013.300000000001,51239283.15000001
2025-08-01 10:14:14 AM,517.65,126,65223.899999999994,51304507.05000001
2025-08-01 10:14:15 AM,517.7,0,0.0,51304507.05000001
2025-08-01 10:14:20 AM,517.7,212,109752.40000000001,51414259.45000001
2025-08-01 10:14:36 AM,517.6,0,0.0,51414259.45000001
2025-08-01 10:14:37 AM,517.6,8,4140.8,51418400.25000001
2025-08-01 10:14:48 AM,517.65,0,0.0,51418400.25000001
2025-08-01 10:14:48 AM,517.65,2,1035.3,51419435.550000004
2025-08-01 10:14:53 AM,518.25,0,0.0,51419435.550000004
2025-08-01 10:14:54 AM,518.25,470,243577.5,51663013.050000004
2025-08-01 10:15:11 AM,519.35,385,199949.75,51862962.800000004
2025-08-01 10:15:17 AM,519.35,30,15580.5,51878543.300000004
2025-08-01 10:15:18 AM,520.05,100,52004.99999999999,51930548.300000004
2025-08-01 10:15:36 AM,520.05,50,26002.499999999996,51956550.800000004
2025-08-01 10:16:15 AM,520.0,0,0.0,51956550.800000004
2025-08-01 10:16:17 AM,520.0,190,98800.0,52055350.800000004
2025-08-01 10:16:48 AM,520.6,0,0.0,52055350.800000004
2025-08-01 10:16:51 AM,520.6,124,64554.4,52119905.2
2025-08-01 10:17:12 AM,520.5,0,0.0,52119905.2
2025-08-01 10:17:14 AM,520.5,2,1041.0,52120946.2
2025-08-01 10:17:14 AM,520.55,100,52054.99999999999,52173001.2
2025-08-01 10:17:33 AM,521.1,0,0.0,52173001.2
2025-08-01 10:17:37 AM,521.1,10,5211.0,52178212.2
2025-08-01 10:18:00 AM,521.0,0,0.0,52178212.2
2025-08-01 10:18:00 AM,521.0,5,2605.0,52180817.2
2025-08-01 10:18:09 AM,520.75,0,0.0,52180817.2
2025-08-01 10:18:12 AM,520.75,50,26037.5,52206854.7
2025-08-01 10:19:03 AM,521.05,0,0.0,52206854.7
2025-08-01 10:19:04 AM,521.05,3,1563.1499999999999,52208417.85
2025-08-01 10:19:09 AM,521.05,1,521.05,52208938.9
2025-08-01 10:19:38 AM,521.4,20,10428.0,52219366.9
2025-08-01 10:20:13 AM,522.1,0,0.0,52219366.9
2025-08-01 10:20:13 AM,522.1,1000,522100.0,52741466.9
2025-08-01 10:20:22 AM,522.65,0,0.0,52741466.9
2025-08-01 10:20:24 AM,522.65,1007,526308.5499999999,53267775.449999996
2025-08-01 10:20:36 AM,522.3,0,0.0,53267775.449999996
2025-08-01 10:20:37 AM,522.3,11,5745.299999999999,53273520.74999999
2025-08-01 10:20:48 AM,522.3,8,4178.4,53277699.14999999
2025-08-01 10:20:53 AM,521.9,252,131518.8,53409217.94999999
2025-08-01 10:21:02 AM,522.15,0,0.0,53409217.94999999
2025-08-01 10:21:04 AM,522.15,30,15664.5,53424882.44999999
2025-08-01 10:21:09 AM,522.5,0,0.0,53424882.44999999
2025-08-01 10:21:10 AM,522.5,300,156750.0,53581632.44999999
2025-08-01 10:21:55 AM,521.9,464,242161.59999999998,53823794.04999999
2025-08-01 10:22:00 AM,522.3,92,48051.6,53871845.64999999
2025-08-01 10:22:02 AM,522.35,1,522.35,53872367.99999999
2025-08-01 10:22:51 AM,521.4,0,0.0,53872367.99999999
2025-08-01 10:22:51 AM,521.4,209,108972.59999999999,53981340.599999994
2025-08-01 10:22:54 AM,521.65,0,0.0,53981340.599999994
2025-08-01 10:22:56 AM,522.05,23,12007.15,53993347.74999999
2025-08-01 10:24:02 AM,521.1,447,232931.7,54226279.449999996
2025-08-01 10:24:49 AM,521.6,0,0.0,54226279.449999996
2025-08-01 10:24:51 AM,521.6,10,5216.0,54231495.449999996
2025-08-01 10:25:31 AM,521.2,0,0.0,54231495.449999996
2025-08-01 10:25:31 AM,521.2,1,521.2,54232016.65
2025-08-01 10:26:01 AM,521.6,20,10432.0,54242448.65
2025-08-01 10:26:29 AM,521.4,10,5214.0,54247662.65
2025-08-01 10:26:58 AM,521.4,10,5214.0,54252876.65
2025-08-01 10:28:19 AM,521.6,0,0.0,54252876.65
2025-08-01 10:28:21 AM,521.6,1,521.6,54253398.25
2025-08-01 10:28:34 AM,521.6,147,76675.2,54330073.45
2025-08-01 10:30:23 AM,522.0,0,0.0,54330073.45
2025-08-01 10:30:24 AM,522.0,45,23490.0,54353563.45
2025-08-01 10:30:26 AM,521.65,0,0.0,54353563.45
2025-08-01 10:30:26 AM,521.65,1,521.65,54354085.1
2025-08-01 10:30:35 AM,521.2,0,0.0,54354085.1
2025-08-01 10:30:35 AM,521.2,100,52120.00000000001,54406205.1
2025-08-01 10:31:04 AM,521.2,28,14593.600000000002,54420798.7
2025-08-01 10:31:16 AM,521.15,20,10423.0,54431221.7
2025-08-01 10:31:27 AM,521.2,0,0.0,54431221.7
2025-08-01 10:31:27 AM,521.2,18,9381.6,54440603.300000004
2025-08-01 10:31:32 AM,521.2,2,1042.4,54441645.7
2025-08-01 10:31:49 AM,521.05,0,0.0,54441645.7
2025-08-01 10:31:49 AM,521.05,46,23968.3,54465614.0
2025-08-01 10:31:59 AM,521.2,304,158444.80000000002,54624058.8
2025-08-01 10:32:51 AM,521.85,0,0.0,54624058.8
2025-08-01 10:32:52 AM,521.85,20,10437.0,54634495.8
2025-08-01 10:33:46 AM,521.95,0,0.0,54634495.8
2025-08-01 10:33:47 AM,521.95,5,2609.75,54637105.55
2025-08-01 10:33:53 AM,521.4,55,28677.0,54665782.55
2025-08-01 10:34:19 AM,521.7,0,0.0,54665782.55
2025-08-01 10:34:19 AM,521.7,1,521.7,54666304.25
2025-08-01 10:34:34 AM,521.3,0,0.0,54666304.25
2025-08-01 10:34:36 AM,521.3,10,5213.0,54671517.25
2025-08-01 10:34:58 AM,521.85,0,0.0,54671517.25
2025-08-01 10:34:59 AM,521.85,20,10437.0,54681954.25
2025-08-01 10:35:16 AM,521.85,5,2609.25,54684563.5
2025-08-01 10:35:52 AM,522.0,0,0.0,54684563.5
2025-08-01 10:35:52 AM,522.0,25,13050.0,54697613.5
2025-08-01 10:36:56 AM,522.35,2,1044.7,54698658.2
2025-08-01 10:37:58 AM,521.85,0,0.0,54698658.2
2025-08-01 10:38:00 AM,521.85,68,35485.8,54734144.0
2025-08-01 10:38:03 AM,522.05,10,5220.5,54739364.5
2025-08-01 10:38:34 AM,521.75,25,13043.75,54752408.25
2025-08-01 10:38:45 AM,521.0,0,0.0,54752408.25
2025-08-01 10:38:45 AM,521.0,814,424094.0,55176502.25
2025-08-01 10:39:16 AM,521.0,25,13025.0,55189527.25
2025-08-01 10:40:08 AM,520.8,13,6770.4,55196297.65
2025-08-01 10:40:48 AM,521.1,2,1042.2,55197339.85
2025-08-01 10:40:55 AM,521.1,1,521.1,55197860.95
2025-08-01 10:40:58 AM,521.1,6,3126.6000000000004,55200987.550000004
2025-08-01 10:42:01 AM,521.1,20,10422.0,55211409.550000004
2025-08-01 10:43:06 AM,520.55,0,0.0,55211409.550000004
2025-08-01 10:43:07 AM,520.55,94,48931.7,55260341.25000001
2025-08-01 10:43:10 AM,520.3,0,0.0,55260341.25000001
2025-08-01 10:43:12 AM,520.3,184,95735.2,55356076.45000001
2025-08-01 10:43:34 AM,520.6,0,0.0,55356076.45000001
2025-08-01 10:43:36 AM,520.6,189,98393.40000000001,55454469.85000001
2025-08-01 10:43:51 AM,520.6,80,41648.0,55496117.85000001
2025-08-01 10:44:32 AM,520.0,128,66560.0,55562677.85000001
2025-08-01 10:44:45 AM,519.55,0,0.0,55562677.85000001
2025-08-01 10:44:45 AM,519.55,193,100273.15,55662951.00000001
2025-08-01 10:44:56 AM,519.9,100,51990.0,55714941.00000001
2025-08-01 10:45:02 AM,520.05,0,0.0,55714941.00000001
2025-08-01 10:45:04 AM,520.05,25,13001.249999999998,55727942.25000001
2025-08-01 10:45:11 AM,520.1,0,0.0,55727942.25000001
2025-08-01 10:45:12 AM,520.1,22,11442.2,55739384.45000001
2025-08-01 10:45:53 AM,520.1,20,10402.0,55749786.45000001
2025-08-01 10:46:11 AM,519.5,0,0.0,55749786.45000001
2025-08-01 10:46:12 AM,519.5,97,50391.5,55800177.95000001
2025-08-01 10:46:48 AM,519.05,0,0.0,55800177.95000001
2025-08-01 10:46:50 AM,519.05,5,2595.25,55802773.20000001
2025-08-01 10:47:15 AM,519.5,0,0.0,55802773.20000001
2025-08-01 10:47:17 AM,519.5,7,3636.5,55806409.70000001
2025-08-01 10:47:34 AM,519.05,0,0.0,55806409.70000001
2025-08-01 10:47:35 AM,519.05,2,1038.1,55807447.80000001
2025-08-01 10:48:10 AM,519.05,7,3633.3499999999995,55811081.15000001
2025-08-01 10:48:32 AM,519.05,5,2595.25,55813676.40000001
2025-08-01 10:48:42 AM,519.0,0,0.0,55813676.40000001
2025-08-01 10:48:43 AM,519.0,100,51900.0,55865576.40000001
2025-08-01 10:48:59 AM,519.25,0,0.0,55865576.40000001
2025-08-01 10:49:00 AM,519.25,164,85157.0,55950733.40000001
2025-08-01 10:49:54 AM,519.4,25,12985.0,55963718.40000001
2025-08-01 10:50:06 AM,519.25,0,0.0,55963718.40000001
2025-08-01 10:50:10 AM,519.25,200,103850.0,56067568.40000001
2025-08-01 10:51:12 AM,519.25,4,2077.0,56069645.40000001
2025-08-01 10:52:22 AM,519.25,7,3634.75,56073280.15000001
2025-08-01 10:52:44 AM,519.25,1,519.25,56073799.40000001
2025-08-01 10:52:45 AM,519.5,4,2078.0,56075877.40000001
2025-08-01 10:54:00 AM,519.3,0,0.0,56075877.40000001
2025-08-01 10:54:03 AM,519.3,9,4673.7,56080551.10000002
2025-08-01 10:55:28 AM,519.5,0,0.0,56080551.10000002
2025-08-01 10:55:29 AM,519.5,10,5195.0,56085746.10000002
2025-08-01 10:55:50 AM,519.3,0,0.0,56085746.10000002
2025-08-01 10:55:51 AM,519.3,2,1038.6,56086784.70000002
2025-08-01 10:55:52 AM,519.5,53,27533.5,56114318.20000002
2025-08-01 10:56:38 AM,519.5,9,4675.5,56118993.70000002
2025-08-01 10:57:10 AM,519.15,0,0.0,56118993.70000002
2025-08-01 10:57:10 AM,519.15,65,33744.75,56152738.45000002
2025-08-01 10:57:21 AM,519.45,0,0.0,56152738.45000002
2025-08-01 10:57:21 AM,519.45,25,12986.250000000002,56165724.70000002
2025-08-01 10:58:52 AM,519.45,17,8830.650000000001,56174555.35000002
2025-08-01 10:59:02 AM,519.5,8,4156.0,56178711.35000002
2025-08-01 10:59:22 AM,519.5,24,12468.0,56191179.35000002
2025-08-01 10:59:36 AM,520.0,0,0.0,56191179.35000002
2025-08-01 10:59:38 AM,520.0,141,73320.0,56264499.35000002
2025-08-01 11:00:14 AM,520.05,0,0.0,56264499.35000002
2025-08-01 11:00:17 AM,520.05,27,14041.349999999999,56278540.70000002
2025-08-01 11:00:37 AM,519.75,0,0.0,56278540.70000002
2025-08-01 11:00:39 AM,519.75,46,23908.5,56302449.20000002
2025-08-01 11:01:35 AM,520.0,0,0.0,56302449.20000002
2025-08-01 11:01:37 AM,520.0,20,10400.0,56312849.20000002
2025-08-01 11:02:05 AM,520.1,0,0.0,56312849.20000002
2025-08-01 11:02:08 AM,520.1,100,52010.0,56364859.20000002
2025-08-01 11:02:49 AM,519.45,0,0.0,56364859.20000002
2025-08-01 11:02:52 AM,519.45,60,31167.000000000004,56396026.20000002
2025-08-01 11:03:49 AM,519.2,0,0.0,56396026.20000002
2025-08-01 11:03:49 AM,519.2,35,18172.0,56414198.20000002
2025-08-01 11:03:51 AM,519.25,0,0.0,56414198.20000002
2025-08-01 11:03:52 AM,519.25,9,4673.25,56418871.45000002
2025-08-01 11:03:55 AM,519.15,0,0.0,56418871.45000002
2025-08-01 11:03:57 AM,519.15,100,51915.0,56470786.45000002
2025-08-01 11:04:07 AM,519.95,0,0.0,56470786.45000002
2025-08-01 11:04:07 AM,519.95,113,58754.350000000006,56529540.80000002
2025-08-01 11:04:17 AM,520.05,0,0.0,56529540.80000002
2025-08-01 11:04:17 AM,520.05,22,11441.099999999999,56540981.90000002
2025-08-01 11:07:01 AM,520.4,10,5204.0,56546185.90000002
2025-08-01 11:07:48 AM,520.4,20,10408.0,56556593.90000002
2025-08-01 11:07:53 AM,519.35,221,114776.35,56671370.25000002
2025-08-01 11:08:03 AM,519.55,0,0.0,56671370.25000002
2025-08-01 11:08:04 AM,519.55,2,1039.1,56672409.350000024
2025-08-01 11:08:14 AM,519.55,16,8312.8,56680722.15000002
2025-08-01 11:08:27 AM,519.55,10,5195.5,56685917.65000002
2025-08-01 11:08:30 AM,519.55,40,20782.0,56706699.65000002
2025-08-01 11:09:27 AM,519.85,12,6238.200000000001,56712937.850000024
2025-08-01 11:09:30 AM,519.9,0,0.0,56712937.850000024
2025-08-01 11:09:30 AM,519.9,20,10398.0,56723335.850000024
2025-08-01 11:09:34 AM,519.95,0,0.0,56723335.850000024
2025-08-01 11:09:36 AM,519.95,16,8319.2,56731655.05000003
2025-08-01 11:09:43 AM,520.0,14,7280.0,56738935.05000003
2025-08-01 11:10:51 AM,520.05,1,520.05,56739455.100000024
2025-08-01 11:12:12 AM,520.05,5,2600.25,56742055.350000024
2025-08-01 11:13:10 AM,520.05,2,1040.1,56743095.450000025
2025-08-01 11:13:59 AM,520.25,0,0.0,56743095.450000025
2025-08-01 11:13:59 AM,520.25,20,10405.0,56753500.450000025
2025-08-01 11:14:07 AM,519.8,60,31187.999999999996,56784688.450000025
2025-08-01 11:14:16 AM,519.8,10,5198.0,56789886.450000025
2025-08-01 11:15:10 AM,520.1,7,3640.7000000000003,56793527.15000003
2025-08-01 11:15:52 AM,520.35,18,9366.300000000001,56802893.450000025
2025-08-01 11:16:24 AM,520.35,10,5203.5,56808096.950000025
2025-08-01 11:18:10 AM,520.35,1,520.35,56808617.30000003
2025-08-01 11:18:43 AM,520.35,2,1040.7,56809658.00000003
2025-08-01 11:18:49 AM,520.35,1,520.35,56810178.35000003
2025-08-01 11:18:51 AM,520.7,0,0.0,56810178.35000003
2025-08-01 11:18:53 AM,520.05,0,0.0,56810178.35000003
2025-08-01 11:18:55 AM,520.05,136,70726.79999999999,56880905.15000003
2025-08-01 11:19:07 AM,520.05,15,7800.749999999999,56888705.90000003
2025-08-01 11:19:45 AM,520.05,16,8320.8,56897026.700000025
2025-08-01 11:20:01 AM,520.05,9,4680.45,56901707.15000003
2025-08-01 11:20:18 AM,520.0,0,0.0,56901707.15000003
2025-08-01 11:20:22 AM,520.0,34,17680.0,56919387.15000003
2025-08-01 11:20:38 AM,520.0,11,5720.0,56925107.15000003
2025-08-01 11:21:28 AM,520.15,0,0.0,56925107.15000003
2025-08-01 11:21:29 AM,520.0,0,0.0,56925107.15000003
2025-08-01 11:21:30 AM,520.0,168,87360.0,57012467.15000003
2025-08-01 11:21:51 AM,519.9,39,20276.1,57032743.25000003
2025-08-01 11:22:06 AM,520.0,35,18200.0,57050943.25000003
2025-08-01 11:23:36 AM,520.1,1,520.1,57051463.35000003
2025-08-01 11:24:15 AM,519.7,0,0.0,57051463.35000003
2025-08-01 11:24:16 AM,519.7,238,123688.6,57175151.95000003
2025-08-01 11:24:58 AM,519.75,0,0.0,57175151.95000003
2025-08-01 11:24:59 AM,519.75,8,4158.0,57179309.95000003
2025-08-01 11:25:26 AM,520.1,0,0.0,57179309.95000003
2025-08-01 11:25:30 AM,520.1,10,5201.0,57184510.95000003
2025-08-01 11:26:06 AM,520.1,20,10402.0,57194912.95000003
2025-08-01 11:26:18 AM,519.7,0,0.0,57194912.95000003
2025-08-01 11:26:22 AM,519.7,295,153311.5,57348224.45000003
2025-08-01 11:27:00 AM,519.8,0,0.0,57348224.45000003
2025-08-01 11:27:02 AM,519.8,1,519.8,57348744.25000003
2025-08-01 11:27:04 AM,519.5,0,0.0,57348744.25000003
2025-08-01 11:27:05 AM,519.4,0,0.0,57348744.25000003
2025-08-01 11:27:07 AM,519.4,546,283592.39999999997,57632336.65000003
2025-08-01 11:27:10 AM,519.5,0,0.0,57632336.65000003
2025-08-01 11:27:11 AM,519.4,0,0.0,57632336.65000003
2025-08-01 11:27:12 AM,519.4,52,27008.8,57659345.450000025
2025-08-01 11:27:22 AM,519.2,0,0.0,57659345.450000025
2025-08-01 11:27:23 AM,519.2,40,20768.0,57680113.450000025
2025-08-01 11:27:25 AM,519.2,16,8307.2,57688420.65000003
2025-08-01 11:27:37 AM,519.35,0,0.0,57688420.65000003
2025-08-01 11:27:38 AM,519.35,10,5193.5,57693614.15000003
2025-08-01 11:27:46 AM,519.55,0,0.0,57693614.15000003
2025-08-01 11:27:49 AM,519.55,135,70139.25,57763753.40000003
2025-08-01 11:28:02 AM,519.6,0,0.0,57763753.40000003
2025-08-01 11:28:04 AM,519.6,39,20264.4,57784017.80000003
2025-08-01 11:28:14 AM,519.45,0,0.0,57784017.80000003
2025-08-01 11:28:14 AM,519.45,24,12466.800000000001,57796484.600000024
2025-08-01 11:28:27 AM,519.2,0,0.0,57796484.600000024
2025-08-01 11:28:27 AM,519.2,60,31152.000000000004,57827636.600000024
2025-08-01 11:28:35 AM,519.3,8,4154.4,57831791.00000002
2025-08-01 11:28:37 AM,519.6,0,0.0,57831791.00000002
2025-08-01 11:28:37 AM,519.6,35,18186.0,57849977.00000002
2025-08-01 11:28:43 AM,519.7,0,0.0,57849977.00000002
2025-08-01 11:28:45 AM,519.7,28,14551.600000000002,57864528.600000024
2025-08-01 11:28:50 AM,519.7,47,24425.9,57888954.50000002
2025-08-01 11:28:53 AM,519.75,0,0.0,57888954.50000002
2025-08-01 11:28:55 AM,519.75,100,51975.0,57940929.50000002
2025-08-01 11:28:57 AM,519.75,100,51975.0,57992904.50000002
2025-08-01 11:29:02 AM,519.75,100,51975.0,58044879.50000002
2025-08-01 11:29:05 AM,519.6,0,0.0,58044879.50000002
2025-08-01 11:29:05 AM,519.6,633,328906.8,58373786.30000002
2025-08-01 11:29:09 AM,519.85,0,0.0,58373786.30000002
2025-08-01 11:29:10 AM,519.85,10,5198.5,58378984.80000002
2025-08-01 11:29:16 AM,519.85,10,5198.5,58384183.30000002
2025-08-01 11:29:31 AM,520.1,0,0.0,58384183.30000002
2025-08-01 11:29:32 AM,520.1,10,5201.0,58389384.30000002
2025-08-01 11:30:12 AM,519.9,0,0.0,58389384.30000002
2025-08-01 11:30:14 AM,519.9,300,155970.0,58545354.30000002
2025-08-01 11:31:12 AM,519.9,201,104499.9,58649854.20000002
2025-08-01 11:33:06 AM,519.95,12,6239.400000000001,58656093.60000002
2025-08-01 11:33:23 AM,520.0,0,0.0,58656093.60000002
2025-08-01 11:33:26 AM,520.0,7,3640.0,58659733.60000002
2025-08-01 11:34:12 AM,520.0,31,16120.0,58675853.60000002
2025-08-01 11:34:26 AM,520.3,0,0.0,58675853.60000002
2025-08-01 11:34:27 AM,520.3,29,15088.699999999999,58690942.30000002
2025-08-01 11:34:36 AM,520.5,0,0.0,58690942.30000002
2025-08-01 11:34:38 AM,520.5,30,15615.0,58706557.30000002
2025-08-01 11:34:46 AM,520.55,0,0.0,58706557.30000002
2025-08-01 11:34:48 AM,520.55,29,15095.949999999999,58721653.25000002
2025-08-01 11:34:56 AM,520.8,0,0.0,58721653.25000002
2025-08-01 11:34:59 AM,520.8,31,16144.8,58737798.05000002
2025-08-01 11:35:09 AM,520.8,29,15103.199999999999,58752901.25000002
2025-08-01 11:35:16 AM,520.9,0,0.0,58752901.25000002
2025-08-01 11:35:19 AM,521.0,0,0.0,58752901.25000002
2025-08-01 11:35:20 AM,521.0,400,208400.0,58961301.25000002
2025-08-01 11:35:48 AM,520.55,0,0.0,58961301.25000002
2025-08-01 11:35:52 AM,520.55,120,62465.99999999999,59023767.25000002
2025-08-01 11:36:32 AM,521.2,193,100591.6,59124358.850000024
2025-08-01 11:36:43 AM,520.75,0,0.0,59124358.850000024
2025-08-01 11:36:43 AM,520.75,1,520.75,59124879.600000024
2025-08-01 11:36:53 AM,521.05,0,0.0,59124879.600000024
2025-08-01 11:36:54 AM,521.05,25,13026.249999999998,59137905.850000024
2025-08-01 11:37:14 AM,520.85,0,0.0,59137905.850000024
2025-08-01 11:37:15 AM,520.85,2,1041.7,59138947.55000003
2025-08-01 11:37:25 AM,520.9,0,0.0,59138947.55000003
2025-08-01 11:37:26 AM,520.9,4,2083.6,59141031.15000003
2025-08-01 11:38:31 AM,520.75,0,0.0,59141031.15000003
2025-08-01 11:38:31 AM,520.75,190,98942.5,59239973.65000003
2025-08-01 11:38:33 AM,520.75,9,4686.75,59244660.40000003
2025-08-01 11:39:53 AM,520.45,0,0.0,59244660.40000003
2025-08-01 11:39:54 AM,520.45,9,4684.05,59249344.450000025
2025-08-01 11:41:04 AM,520.8,0,0.0,59249344.450000025
2025-08-01 11:41:05 AM,520.8,77,40101.6,59289446.05000003
2025-08-01 11:41:30 AM,520.05,298,154974.9,59444420.950000025
2025-08-01 11:41:45 AM,520.0,0,0.0,59444420.950000025
2025-08-01 11:41:45 AM,520.0,242,125840.0,59570260.950000025
2025-08-01 11:43:36 AM,520.0,30,15600.0,59585860.950000025
2025-08-01 11:43:56 AM,520.6,85,44251.0,59630111.950000025
2025-08-01 11:44:09 AM,520.0,0,0.0,59630111.950000025
2025-08-01 11:44:13 AM,520.0,34,17680.0,59647791.950000025
2025-08-01 11:44:42 AM,520.0,851,442520.0,60090311.950000025
2025-08-01 11:45:27 AM,520.1,0,0.0,60090311.950000025
2025-08-01 11:45:30 AM,520.1,22,11442.2,60101754.15000003
2025-08-01 11:45:57 AM,520.45,5,2602.25,60104356.40000003
2025-08-01 11:46:34 AM,520.45,18,9368.1,60113724.50000003
2025-08-01 11:46:39 AM,519.35,0,0.0,60113724.50000003
2025-08-01 11:46:39 AM,519.35,1250,649187.5,60762912.00000003
2025-08-01 11:46:54 AM,519.9,0,0.0,60762912.00000003
2025-08-01 11:46:55 AM,519.9,7,3639.2999999999997,60766551.30000003
2025-08-01 11:47:23 AM,520.0,0,0.0,60766551.30000003
2025-08-01 11:47:26 AM,520.0,10,5200.0,60771751.30000003
2025-08-01 11:47:36 AM,520.35,0,0.0,60771751.30000003
2025-08-01 11:47:36 AM,520.35,4,2081.4,60773832.700000025
2025-08-01 11:48:07 AM,520.35,211,109793.85,60883626.55000003
2025-08-01 11:48:21 AM,519.0,0,0.0,60883626.55000003
2025-08-01 11:48:22 AM,519.0,1799,933681.0,61817307.55000003
2025-08-01 11:48:27 AM,519.75,0,0.0,61817307.55000003
2025-08-01 11:48:32 AM,519.75,170,88357.5,61905665.05000003
2025-08-01 11:49:32 AM,520.0,0,0.0,61905665.05000003
2025-08-01 11:49:34 AM,520.0,7,3640.0,61909305.05000003
2025-08-01 11:49:41 AM,520.3,0,0.0,61909305.05000003
2025-08-01 11:49:45 AM,520.3,1,520.3,61909825.350000024
2025-08-01 11:53:07 AM,520.15,22,11443.3,61921268.65000002
2025-08-01 11:53:10 AM,520.0,0,0.0,61921268.65000002
2025-08-01 11:53:11 AM,520.0,78,40560.0,61961828.65000002
2025-08-01 11:54:45 AM,520.25,0,0.0,61961828.65000002
2025-08-01 11:54:48 AM,520.25,10,5202.5,61967031.15000002
2025-08-01 11:57:19 AM,520.25,1,520.25,61967551.40000002
2025-08-01 11:57:45 AM,520.25,2,1040.5,61968591.90000002
2025-08-01 11:57:59 AM,520.25,2,1040.5,61969632.40000002
2025-08-01 11:58:42 AM,520.25,5,2601.25,61972233.65000002
2025-08-01 11:58:54 AM,520.3,1,520.3,61972753.95000002
2025-08-01 12:00:03 PM,520.15,0,0.0,61972753.95000002
2025-08-01 12:00:05 PM,520.15,3,1560.4499999999998,61974314.40000002
2025-08-01 12:00:13 PM,520.0,0,0.0,61974314.40000002
2025-08-01 12:00:16 PM,520.0,23,11960.0,61986274.40000002
2025-08-01 12:00:28 PM,520.0,1,520.0,61986794.40000002
2025-08-01 12:00:29 PM,520.3,0,0.0,61986794.40000002
2025-08-01 12:00:31 PM,520.3,68,35380.399999999994,62022174.80000002
2025-08-01 12:02:37 PM,519.65,0,0.0,62022174.80000002
2025-08-01 12:02:38 PM,519.65,158,82104.7,62104279.50000002
2025-08-01 12:02:43 PM,519.65,1,519.65,62104799.15000002
2025-08-01 12:03:22 PM,519.8,30,15593.999999999998,62120393.15000002
2025-08-01 12:03:44 PM,519.9,0,0.0,62120393.15000002
2025-08-01 12:03:44 PM,519.9,20,10398.0,62130791.15000002
2025-08-01 12:03:53 PM,520.0,0,0.0,62130791.15000002
2025-08-01 12:03:55 PM,520.0,66,34320.0,62165111.15000002
2025-08-01 12:04:42 PM,520.3,0,0.0,62165111.15000002
2025-08-01 12:04:44 PM,520.3,10,5203.0,62170314.15000002
2025-08-01 12:05:44 PM,520.0,22,11440.0,62181754.15000002
2025-08-01 12:06:00 PM,520.3,0,0.0,62181754.15000002
2025-08-01 12:06:03 PM,520.3,72,37461.6,62219215.75000002
2025-08-01 12:06:18 PM,520.6,0,0.0,62219215.75000002
2025-08-01 12:06:18 PM,520.6,10,5206.0,62224421.75000002
2025-08-01 12:06:52 PM,520.6,10,5206.0,62229627.75000002
2025-08-01 12:07:38 PM,520.6,11,5726.6,62235354.350000024
2025-08-01 12:09:03 PM,520.6,3,1561.8000000000002,62236916.15000002
2025-08-01 12:09:10 PM,520.3,0,0.0,62236916.15000002
2025-08-01 12:09:13 PM,520.3,49,25494.699999999997,62262410.850000024
2025-08-01 12:10:13 PM,520.3,5,2601.5,62265012.350000024
2025-08-01 12:11:52 PM,520.3,30,15608.999999999998,62280621.350000024
2025-08-01 12:13:12 PM,520.3,1,520.3,62281141.65000002
2025-08-01 12:14:11 PM,520.3,10,5203.0,62286344.65000002
2025-08-01 12:14:54 PM,520.35,0,0.0,62286344.65000002
2025-08-01 12:14:57 PM,520.35,24,12488.400000000001,62298833.05000002
2025-08-01 12:15:07 PM,520.35,197,102508.95000000001,62401342.00000002
2025-08-01 12:15:53 PM,520.25,10,5202.5,62406544.50000002
2025-08-01 12:16:24 PM,520.4,0,0.0,62406544.50000002
2025-08-01 12:16:28 PM,520.4,2,1040.8,62407585.30000002
2025-08-01 12:16:42 PM,520.4,10,5204.0,62412789.30000002
2025-08-01 12:16:50 PM,520.25,0,0.0,62412789.30000002
2025-08-01 12:16:52 PM,520.25,9,4682.25,62417471.55000002
2025-08-01 12:17:16 PM,520.4,0,0.0,62417471.55000002
2025-08-01 12:17:17 PM,520.4,14,7285.599999999999,62424757.15000002
2025-08-01 12:18:15 PM,520.4,20,10408.0,62435165.15000002
2025-08-01 12:18:16 PM,520.25,0,0.0,62435165.15000002
2025-08-01 12:18:19 PM,520.25,7,3641.75,62438806.90000002
2025-08-01 12:20:41 PM,520.0,0,0.0,62438806.90000002
2025-08-01 12:20:42 PM,520.0,287,149240.0,62588046.90000002
2025-08-01 12:23:33 PM,519.75,0,0.0,62588046.90000002
2025-08-01 12:23:36 PM,519.75,4,2079.0,62590125.90000002
2025-08-01 12:23:41 PM,520.0,5,2600.0,62592725.90000002
2025-08-01 12:25:18 PM,519.95,0,0.0,62592725.90000002
2025-08-01 12:25:21 PM,519.95,1,519.95,62593245.850000024
2025-08-01 12:25:51 PM,519.95,35,18198.25,62611444.100000024
2025-08-01 12:26:01 PM,519.95,1,519.95,62611964.05000003
2025-08-01 12:27:01 PM,519.95,30,15598.500000000002,62627562.55000003
2025-08-01 12:27:09 PM,519.8,0,0.0,62627562.55000003
2025-08-01 12:27:11 PM,519.95,0,0.0,62627562.55000003
2025-08-01 12:27:12 PM,519.95,65,33796.75,62661359.30000003
2025-08-01 12:27:12 PM,519.75,12,6237.0,62667596.30000003
2025-08-01 12:27:17 PM,519.75,5,2598.75,62670195.05000003
2025-08-01 12:28:01 PM,519.75,10,5197.5,62675392.55000003
2025-08-01 12:28:05 PM,519.55,0,0.0,62675392.55000003
2025-08-01 12:28:06 PM,519.55,129,67021.95,62742414.50000003
2025-08-01 12:28:32 PM,519.55,2,1039.1,62743453.60000003
2025-08-01 12:29:17 PM,519.3,300,155790.0,62899243.60000003
2025-08-01 12:29:37 PM,519.5,0,0.0,62899243.60000003
2025-08-01 12:29:39 PM,519.5,10,5195.0,62904438.60000003
2025-08-01 12:29:50 PM,519.3,188,97628.4,63002067.00000003
2025-08-01 12:29:55 PM,519.05,0,0.0,63002067.00000003
2025-08-01 12:29:58 PM,519.05,487,252777.34999999998,63254844.35000003
2025-08-01 12:29:59 PM,519.3,0,0.0,63254844.35000003
2025-08-01 12:30:00 PM,519.3,50,25964.999999999996,63280809.35000003
2025-08-01 12:30:08 PM,519.05,0,0.0,63280809.35000003
2025-08-01 12:30:10 PM,519.05,9,4671.45,63285480.800000034
2025-08-01 12:30:15 PM,518.9,731,379315.89999999997,63664796.70000003
2025-08-01 12:30:39 PM,518.9,27,14010.3,63678807.00000003
2025-08-01 12:31:39 PM,518.9,1,518.9,63679325.90000003
2025-08-01 12:32:30 PM,519.05,0,0.0,63679325.90000003
2025-08-01 12:32:32 PM,519.05,19,9861.949999999999,63689187.85000003
2025-08-01 12:34:22 PM,518.5,534,276879.0,63966066.85000003
2025-08-01 12:34:26 PM,518.0,0,0.0,63966066.85000003
2025-08-01 12:34:27 PM,518.0,139,72002.0,64038068.85000003
2025-08-01 12:34:37 PM,518.0,100,51800.0,64089868.85000003
2025-08-01 12:34:43 PM,518.0,101,52318.0,64142186.85000003
2025-08-01 12:34:48 PM,518.0,100,51800.0,64193986.85000003
2025-08-01 12:34:53 PM,518.0,200,103600.0,64297586.85000003
2025-08-01 12:35:56 PM,518.5,0,0.0,64297586.85000003
2025-08-01 12:36:00 PM,518.5,185,95922.5,64393509.35000003
2025-08-01 12:36:21 PM,518.5,22,11407.0,64404916.35000003
2025-08-01 12:36:24 PM,519.0,0,0.0,64404916.35000003
2025-08-01 12:36:26 PM,519.0,153,79407.0,64484323.35000003
2025-08-01 12:36:34 PM,519.5,0,0.0,64484323.35000003
2025-08-01 12:36:36 PM,519.5,347,180266.5,64664589.85000003
2025-08-01 12:36:40 PM,519.0,0,0.0,64664589.85000003
2025-08-01 12:36:41 PM,519.0,707,366933.0,65031522.85000003
2025-08-01 12:37:09 PM,519.15,0,0.0,65031522.85000003
2025-08-01 12:37:11 PM,519.15,50,25957.5,65057480.35000003
2025-08-01 12:37:21 PM,519.5,0,0.0,65057480.35000003
2025-08-01 12:37:22 PM,519.5,16,8312.0,65065792.35000003
2025-08-01 12:37:27 PM,520.0,435,226200.0,65291992.35000003
2025-08-01 12:38:42 PM,519.15,0,0.0,65291992.35000003
2025-08-01 12:38:42 PM,519.15,377,195719.55,65487711.90000003
2025-08-01 12:38:57 PM,518.75,0,0.0,65487711.90000003
2025-08-01 12:39:00 PM,518.75,1177,610568.75,66098280.65000003
2025-08-01 12:39:08 PM,518.85,0,0.0,66098280.65000003
2025-08-01 12:39:10 PM,518.85,5,2594.25,66100874.90000003
2025-08-01 12:39:55 PM,518.3,0,0.0,66100874.90000003
2025-08-01 12:39:55 PM,518.3,550,285065.0,66385939.90000003
2025-08-01 12:40:01 PM,517.95,0,0.0,66385939.90000003
2025-08-01 12:40:04 PM,517.5,0,0.0,66385939.90000003
2025-08-01 12:40:05 PM,517.5,1684,871470.0,67257409.90000004
2025-08-01 12:40:06 PM,517.5,1,517.5,67257927.40000004
2025-08-01 12:40:12 PM,517.4,0,0.0,67257927.40000004
2025-08-01 12:40:12 PM,517.35,0,0.0,67257927.40000004
2025-08-01 12:40:14 PM,517.65,0,0.0,67257927.40000004
2025-08-01 12:40:16 PM,517.65,586,303342.89999999997,67561270.30000004
2025-08-01 12:40:18 PM,517.2,0,0.0,67561270.30000004
2025-08-01 12:40:21 PM,517.2,1,517.2,67561787.50000004
2025-08-01 12:40:21 PM,516.85,1096,566467.6,68128255.10000004
2025-08-01 12:40:22 PM,516.5,0,0.0,68128255.10000004
2025-08-01 12:40:26 PM,516.5,388,200402.0,68328657.10000004
2025-08-01 12:40:26 PM,516.7,0,0.0,68328657.10000004
2025-08-01 12:40:27 PM,516.7,25,12917.500000000002,68341574.60000004
2025-08-01 12:40:30 PM,516.5,0,0.0,68341574.60000004
2025-08-01 12:40:31 PM,516.5,61,31506.5,68373081.10000004
2025-08-01 12:40:42 PM,516.5,160,82640.0,68455721.10000004
2025-08-01 12:40:57 PM,516.5,18,9297.0,68465018.10000004
2025-08-01 12:41:07 PM,516.5,92,47518.0,68512536.10000004
2025-08-01 12:41:08 PM,516.0,192,99072.0,68611608.10000004
2025-08-01 12:41:22 PM,516.1,0,0.0,68611608.10000004
2025-08-01 12:41:23 PM,516.1,16,8257.6,68619865.70000003
2025-08-01 12:41:26 PM,516.0,0,0.0,68619865.70000003
2025-08-01 12:41:28 PM,516.0,16,8256.0,68628121.70000003
2025-08-01 12:41:38 PM,516.0,10,5160.0,68633281.70000003
2025-08-01 12:41:46 PM,516.4,0,0.0,68633281.70000003
2025-08-01 12:41:49 PM,516.4,120,61968.0,68695249.70000003
2025-08-01 12:42:04 PM,515.7,0,0.0,68695249.70000003
2025-08-01 12:42:05 PM,515.7,987,508995.9,69204245.60000004
2025-08-01 12:42:06 PM,515.55,6,3093.2999999999997,69207338.90000004
2025-08-01 12:42:16 PM,515.55,94,48461.7,69255800.60000004
2025-08-01 12:42:20 PM,515.55,7,3608.8499999999995,69259409.45000003
2025-08-01 12:42:21 PM,515.5,16,8248.0,69267657.45000003
2025-08-01 12:42:22 PM,515.15,0,0.0,69267657.45000003
2025-08-01 12:42:24 PM,515.5,0,0.0,69267657.45000003
2025-08-01 12:42:25 PM,515.5,1262,650561.0,69918218.45000003
2025-08-01 12:42:30 PM,515.15,0,0.0,69918218.45000003
2025-08-01 12:42:30 PM,515.15,10,5151.5,69923369.95000003
2025-08-01 12:42:31 PM,515.1,5,2575.5,69925945.45000003
2025-08-01 12:42:36 PM,515.05,0,0.0,69925945.45000003
2025-08-01 12:42:36 PM,515.05,100,51504.99999999999,69977450.45000003
2025-08-01 12:42:40 PM,514.25,0,0.0,69977450.45000003
2025-08-01 12:42:40 PM,514.25,2256,1160148.0,71137598.45000003
2025-08-01 12:42:48 PM,514.3,0,0.0,71137598.45000003
2025-08-01 12:42:50 PM,514.45,0,0.0,71137598.45000003
2025-08-01 12:42:50 PM,514.45,137,70479.65000000001,71208078.10000004
2025-08-01 12:43:12 PM,514.45,10,5144.5,71213222.60000004
2025-08-01 12:43:18 PM,514.45,59,30352.550000000003,71243575.15000004
2025-08-01 12:43:22 PM,515.1,0,0.0,71243575.15000004
2025-08-01 12:43:24 PM,515.1,287,147833.7,71391408.85000004
2025-08-01 12:43:31 PM,515.0,0,0.0,71391408.85000004
2025-08-01 12:43:35 PM,515.0,214,110210.0,71501618.85000004
2025-08-01 12:43:50 PM,514.5,0,0.0,71501618.85000004
2025-08-01 12:43:51 PM,514.5,10,5145.0,71506763.85000004
2025-08-01 12:44:07 PM,514.5,70,36015.0,71542778.85000004
2025-08-01 12:44:15 PM,514.6,0,0.0,71542778.85000004
2025-08-01 12:44:18 PM,514.6,3,1543.8000000000002,71544322.65000004
2025-08-01 12:44:23 PM,515.15,0,0.0,71544322.65000004
2025-08-01 12:44:24 PM,515.15,253,130332.95,71674655.60000004
2025-08-01 12:44:29 PM,515.15,50,25757.5,71700413.10000004
2025-08-01 12:44:34 PM,515.15,1,515.15,71700928.25000004
2025-08-01 12:44:36 PM,515.1,0,0.0,71700928.25000004
2025-08-01 12:44:40 PM,515.1,19,9786.9,71710715.15000005
2025-08-01 12:44:47 PM,515.5,0,0.0,71710715.15000005
2025-08-01 12:44:50 PM,515.5,146,75263.0,71785978.15000005
2025-08-01 12:44:54 PM,516.0,0,0.0,71785978.15000005
2025-08-01 12:44:55 PM,516.0,87,44892.0,71830870.15000005
2025-08-01 12:45:00 PM,516.5,75,38737.5,71869607.65000005
2025-08-01 12:45:02 PM,516.65,0,0.0,71869607.65000005
2025-08-01 12:45:03 PM,517.0,0,0.0,71869607.65000005
2025-08-01 12:45:05 PM,517.0,195,100815.0,71970422.65000005
2025-08-01 12:45:08 PM,517.3,0,0.0,71970422.65000005
2025-08-01 12:45:10 PM,517.3,1,517.3,71970939.95000005
2025-08-01 12:45:21 PM,517.0,20,10340.0,71981279.95000005
2025-08-01 12:45:22 PM,517.3,0,0.0,71981279.95000005
2025-08-01 12:45:26 PM,517.3,20,10346.0,71991625.95000005
2025-08-01 12:45:46 PM,517.3,20,10346.0,72001971.95000005
2025-08-01 12:45:52 PM,517.3,20,10346.0,72012317.95000005
2025-08-01 12:46:06 PM,517.05,1,517.05,72012835.00000004
2025-08-01 12:46:21 PM,517.05,3,1551.1499999999999,72014386.15000005
2025-08-01 12:46:46 PM,517.0,0,0.0,72014386.15000005
2025-08-01 12:46:47 PM,517.0,351,181467.0,72195853.15000005
2025-08-01 12:47:02 PM,516.5,0,0.0,72195853.15000005
2025-08-01 12:47:02 PM,516.5,39,20143.5,72215996.65000005
2025-08-01 12:48:12 PM,516.8,0,0.0,72215996.65000005
2025-08-01 12:48:13 PM,516.8,23,11886.4,72227883.05000006
2025-08-01 12:48:30 PM,516.5,0,0.0,72227883.05000006
2025-08-01 12:48:33 PM,516.5,11,5681.5,72233564.55000006
2025-08-01 12:48:48 PM,516.5,4,2066.0,72235630.55000006
2025-08-01 12:48:53 PM,516.8,50,25839.999999999996,72261470.55000006
2025-08-01 12:48:58 PM,516.8,30,15503.999999999998,72276974.55000006
2025-08-01 12:49:12 PM,516.5,0,0.0,72276974.55000006
2025-08-01 12:49:13 PM,516.5,11,5681.5,72282656.05000006
2025-08-01 12:49:18 PM,516.5,4,2066.0,72284722.05000006
2025-08-01 12:49:27 PM,516.5,3,1549.5,72286271.55000006
2025-08-01 12:49:46 PM,516.8,0,0.0,72286271.55000006
2025-08-01 12:49:46 PM,516.8,88,45478.399999999994,72331749.95000006
2025-08-01 12:50:04 PM,516.9,79,40835.1,72372585.05000006
2025-08-01 12:50:04 PM,516.5,0,0.0,72372585.05000006
2025-08-01 12:50:07 PM,516.5,200,103300.0,72475885.05000006
2025-08-01 12:50:23 PM,516.5,28,14462.0,72490347.05000006
2025-08-01 12:50:49 PM,516.5,22,11363.0,72501710.05000006
2025-08-01 12:51:06 PM,516.5,3,1549.5,72503259.55000006
2025-08-01 12:51:34 PM,516.8,0,0.0,72503259.55000006
2025-08-01 12:51:35 PM,516.8,4,2067.2,72505326.75000006
2025-08-01 12:51:41 PM,516.8,21,10852.8,72516179.55000006
2025-08-01 12:52:46 PM,516.6,0,0.0,72516179.55000006
2025-08-01 12:52:50 PM,516.6,1,516.6,72516696.15000005
2025-08-01 12:53:02 PM,516.7,0,0.0,72516696.15000005
2025-08-01 12:53:05 PM,516.7,22,11367.400000000001,72528063.55000006
2025-08-01 12:53:06 PM,516.65,0,0.0,72528063.55000006
2025-08-01 12:53:10 PM,516.65,3,1549.9499999999998,72529613.50000006
2025-08-01 12:53:15 PM,516.65,7,3616.5499999999997,72533230.05000006
2025-08-01 12:53:24 PM,516.05,0,0.0,72533230.05000006
2025-08-01 12:53:25 PM,516.05,521,268862.05,72802092.10000005
2025-08-01 12:53:34 PM,516.2,0,0.0,72802092.10000005
2025-08-01 12:53:34 PM,516.2,25,12905.000000000002,72814997.10000005
2025-08-01 12:53:36 PM,516.0,0,0.0,72814997.10000005
2025-08-01 12:53:40 PM,516.0,58,29928.0,72844925.10000005
2025-08-01 12:53:48 PM,516.05,0,0.0,72844925.10000005
2025-08-01 12:53:50 PM,516.05,2,1032.1,72845957.20000005
2025-08-01 12:54:00 PM,516.05,2,1032.1,72846989.30000004
2025-08-01 12:54:10 PM,516.05,1,516.05,72847505.35000004
2025-08-01 12:56:03 PM,516.1,6,3096.6000000000004,72850601.95000003
2025-08-01 12:56:26 PM,516.35,0,0.0,72850601.95000003
2025-08-01 12:56:28 PM,516.35,14,7228.900000000001,72857830.85000004
2025-08-01 12:56:42 PM,516.2,0,0.0,72857830.85000004
2025-08-01 12:56:43 PM,516.2,20,10324.0,72868154.85000004
2025-08-01 12:56:48 PM,516.5,99,51133.5,72919288.35000004
2025-08-01 12:56:53 PM,516.5,101,52166.5,72971454.85000004
2025-08-01 12:57:02 PM,516.2,0,0.0,72971454.85000004
2025-08-01 12:57:03 PM,516.2,1,516.2,72971971.05000004
2025-08-01 12:57:06 PM,516.1,0,0.0,72971971.05000004
2025-08-01 12:57:07 PM,516.1,16,8257.6,72980228.65000004
2025-08-01 12:57:20 PM,516.0,0,0.0,72980228.65000004
2025-08-01 12:57:22 PM,516.0,200,103200.0,73083428.65000004
2025-08-01 12:57:36 PM,516.05,0,0.0,73083428.65000004
2025-08-01 12:57:37 PM,516.05,22,11353.099999999999,73094781.75000003
2025-08-01 12:57:42 PM,516.0,0,0.0,73094781.75000003
2025-08-01 12:57:43 PM,517.9,2131,1103644.9,74198426.65000004
2025-08-01 12:57:43 PM,520.0,1873,973960.0,75172386.65000004
2025-08-01 12:57:48 PM,520.0,317,164840.0,75337226.65000004
2025-08-01 12:57:48 PM,520.0,308,160160.0,75497386.65000004
2025-08-01 12:57:53 PM,520.0,100,52000.0,75549386.65000004
2025-08-01 12:57:58 PM,520.0,90,46800.0,75596186.65000004
2025-08-01 12:58:02 PM,519.5,0,0.0,75596186.65000004
2025-08-01 12:58:02 PM,519.5,100,51950.0,75648136.65000004
2025-08-01 12:58:04 PM,520.0,0,0.0,75648136.65000004
2025-08-01 12:58:07 PM,520.0,1174,610480.0,76258616.65000004
2025-08-01 12:58:12 PM,520.0,10,5200.0,76263816.65000004
2025-08-01 12:58:14 PM,520.3,0,0.0,76263816.65000004
2025-08-01 12:58:18 PM,520.3,5,2601.5,76266418.15000004
2025-08-01 12:58:22 PM,520.0,0,0.0,76266418.15000004
2025-08-01 12:58:23 PM,520.0,230,119600.0,76386018.15000004
2025-08-01 12:58:28 PM,520.0,92,47840.0,76433858.15000004
2025-08-01 12:58:38 PM,520.0,11,5720.0,76439578.15000004
2025-08-01 12:58:43 PM,520.0,10,5200.0,76444778.15000004
2025-08-01 12:58:58 PM,520.0,67,34840.0,76479618.15000004
2025-08-01 12:59:14 PM,520.0,8,4160.0,76483778.15000004
2025-08-01 01:00:11 PM,520.0,5,2600.0,76486378.15000004
2025-08-01 01:00:32 PM,520.0,20,10400.0,76496778.15000004
2025-08-01 01:00:37 PM,520.0,733,381160.0,76877938.15000004
2025-08-01 01:00:47 PM,520.0,2,1040.0,76878978.15000004
2025-08-01 01:00:52 PM,520.0,30,15600.0,76894578.15000004
2025-08-01 01:00:57 PM,520.0,82,42640.0,76937218.15000004
2025-08-01 01:01:08 PM,520.0,200,104000.0,77041218.15000004
2025-08-01 01:01:14 PM,520.0,136,70720.0,77111938.15000004
2025-08-01 01:01:19 PM,520.0,171,88920.0,77200858.15000004
2025-08-01 01:01:24 PM,520.0,22,11440.0,77212298.15000004
2025-08-01 01:01:29 PM,520.0,892,463840.0,77676138.15000004
2025-08-01 01:01:33 PM,520.05,0,0.0,77676138.15000004
2025-08-01 01:01:34 PM,520.05,225,117011.24999999999,77793149.40000004
2025-08-01 01:01:37 PM,520.0,0,0.0,77793149.40000004
2025-08-01 01:01:39 PM,520.0,457,237640.0,78030789.40000004
2025-08-01 01:01:49 PM,520.0,98,50960.0,78081749.40000004
2025-08-01 01:01:59 PM,520.0,146,75920.0,78157669.40000004
2025-08-01 01:02:03 PM,520.0,187,97240.0,78254909.40000004
2025-08-01 01:02:18 PM,520.0,29,15080.0,78269989.40000004
2025-08-01 01:02:24 PM,520.0,94,48880.0,78318869.40000004
2025-08-01 01:02:25 PM,520.0,15,7800.0,78326669.40000004
2025-08-01 01:02:29 PM,520.2,0,0.0,78326669.40000004
2025-08-01 01:02:30 PM,520.2,50,26010.000000000004,78352679.40000004
2025-08-01 01:02:37 PM,520.0,0,0.0,78352679.40000004
2025-08-01 01:02:39 PM,520.0,12,6240.0,78358919.40000004
2025-08-01 01:02:45 PM,520.2,10,5202.0,78364121.40000004
2025-08-01 01:02:47 PM,520.0,0,0.0,78364121.40000004
2025-08-01 01:02:49 PM,520.0,2,1040.0,78365161.40000004
2025-08-01 01:02:54 PM,520.0,202,105040.0,78470201.40000004
2025-08-01 01:02:59 PM,520.2,0,0.0,78470201.40000004
2025-08-01 01:02:59 PM,520.2,114,59302.8,78529504.20000003
2025-08-01 01:03:01 PM,520.0,0,0.0,78529504.20000003
2025-08-01 01:03:04 PM,520.0,1,520.0,78530024.20000003
2025-08-01 01:03:09 PM,520.0,22,11440.0,78541464.20000003
2025-08-01 01:03:11 PM,520.2,0,0.0,78541464.20000003
2025-08-01 01:03:14 PM,520.2,40,20808.0,78562272.20000003
2025-08-01 01:03:17 PM,520.0,0,0.0,78562272.20000003
2025-08-01 01:03:19 PM,520.0,11,5720.0,78567992.20000003
2025-08-01 01:03:24 PM,520.0,2,1040.0,78569032.20000003
2025-08-01 01:03:34 PM,520.0,1,520.0,78569552.20000003
2025-08-01 01:03:39 PM,520.0,1,520.0,78570072.20000003
2025-08-01 01:03:40 PM,520.15,1,520.15,78570592.35000004
2025-08-01 01:04:31 PM,520.0,0,0.0,78570592.35000004
2025-08-01 01:04:32 PM,520.0,797,414440.0,78985032.35000004
2025-08-01 01:04:42 PM,520.0,324,168480.0,79153512.35000004
2025-08-01 01:04:51 PM,520.05,0,0.0,79153512.35000004
2025-08-01 01:04:51 PM,520.05,25,13001.249999999998,79166513.60000004
2025-08-01 01:04:55 PM,520.0,0,0.0,79166513.60000004
2025-08-01 01:04:57 PM,520.0,390,202800.0,79369313.60000004
2025-08-01 01:05:01 PM,520.0,333,173160.0,79542473.60000004
2025-08-01 01:05:09 PM,520.05,0,0.0,79542473.60000004
2025-08-01 01:05:12 PM,520.05,6,3120.2999999999997,79545593.90000004
2025-08-01 01:05:16 PM,520.0,69,35880.0,79581473.90000004
2025-08-01 01:05:33 PM,520.0,50,26000.0,79607473.90000004
2025-08-01 01:05:42 PM,520.0,80,41600.0,79649073.90000004
2025-08-01 01:05:45 PM,520.05,0,0.0,79649073.90000004
2025-08-01 01:05:48 PM,520.05,157,81647.84999999999,79730721.75000003
2025-08-01 01:05:51 PM,520.0,0,0.0,79730721.75000003
2025-08-01 01:05:52 PM,520.0,1,520.0,79731241.75000003
2025-08-01 01:05:57 PM,520.0,5,2600.0,79733841.75000003
2025-08-01 01:06:08 PM,520.0,17,8840.0,79742681.75000003
2025-08-01 01:06:18 PM,520.0,50,26000.0,79768681.75000003
2025-08-01 01:06:27 PM,520.05,0,0.0,79768681.75000003
2025-08-01 01:06:29 PM,520.05,161,83728.04999999999,79852409.80000003
2025-08-01 01:06:37 PM,520.0,0,0.0,79852409.80000003
2025-08-01 01:06:39 PM,520.0,2,1040.0,79853449.80000003
2025-08-01 01:06:44 PM,520.0,10,5200.0,79858649.80000003
2025-08-01 01:06:50 PM,520.0,6,3120.0,79861769.80000003
2025-08-01 01:06:53 PM,520.05,0,0.0,79861769.80000003
2025-08-01 01:06:54 PM,520.05,152,79047.59999999999,79940817.40000002
2025-08-01 01:07:08 PM,520.25,0,0.0,79940817.40000002
2025-08-01 01:07:08 PM,520.65,0,0.0,79940817.40000002
2025-08-01 01:07:09 PM,520.85,441,229694.85,80170512.25000001
2025-08-01 01:07:18 PM,520.75,0,0.0,80170512.25000001
2025-08-01 01:07:20 PM,520.75,20,10415.0,80180927.25000001
2025-08-01 01:07:21 PM,520.45,37,19256.65,80200183.90000002
2025-08-01 01:07:36 PM,520.4,0,0.0,80200183.90000002
2025-08-01 01:07:37 PM,520.4,2,1040.8,80201224.70000002
2025-08-01 01:07:41 PM,520.35,1,520.35,80201745.05000001
2025-08-01 01:08:10 PM,520.4,0,0.0,80201745.05000001
2025-08-01 01:08:11 PM,520.4,2,1040.8,80202785.85000001
2025-08-01 01:09:40 PM,520.15,0,0.0,80202785.85000001
2025-08-01 01:09:41 PM,520.15,37,19245.55,80222031.4
2025-08-01 01:09:56 PM,520.1,0,0.0,80222031.4
2025-08-01 01:09:56 PM,520.1,4,2080.4,80224111.80000001
2025-08-01 01:10:06 PM,520.4,0,0.0,80224111.80000001
2025-08-01 01:10:06 PM,520.4,4,2081.6,80226193.4
2025-08-01 01:10:17 PM,520.0,0,0.0,80226193.4
2025-08-01 01:10:17 PM,520.0,174,90480.0,80316673.4
2025-08-01 01:10:22 PM,520.0,243,126360.0,80443033.4
2025-08-01 01:10:32 PM,520.0,20,10400.0,80453433.4
2025-08-01 01:10:37 PM,520.0,27,14040.0,80467473.4
2025-08-01 01:10:58 PM,520.25,0,0.0,80467473.4
2025-08-01 01:10:59 PM,520.25,10,5202.5,80472675.9
2025-08-01 01:11:06 PM,519.0,0,0.0,80472675.9
2025-08-01 01:11:07 PM,518.5,4607,2388729.5,82861405.4
2025-08-01 01:11:09 PM,518.5,34,17629.0,82879034.4
2025-08-01 01:11:10 PM,518.8,0,0.0,82879034.4
2025-08-01 01:11:12 PM,518.8,53,27496.399999999998,82906530.80000001
2025-08-01 01:11:18 PM,518.5,0,0.0,82906530.80000001
2025-08-01 01:11:19 PM,518.5,286,148291.0,83054821.80000001
2025-08-01 01:11:22 PM,518.0,177,91686.0,83146507.80000001
2025-08-01 01:11:31 PM,518.0,5,2590.0,83149097.80000001
2025-08-01 01:11:42 PM,518.0,32,16576.0,83165673.80000001
2025-08-01 01:11:48 PM,518.3,2,1036.6,83166710.4
2025-08-01 01:12:42 PM,518.3,2,1036.6,83167747.0
2025-08-01 01:13:07 PM,518.3,2,1036.6,83168783.6
2025-08-01 01:13:51 PM,518.0,0,0.0,83168783.6
2025-08-01 01:13:53 PM,518.0,17,8806.0,83177589.6
2025-08-01 01:13:58 PM,518.0,88,45584.0,83223173.6
2025-08-01 01:14:11 PM,518.0,21,10878.0,83234051.6
2025-08-01 01:14:16 PM,518.0,10,5180.0,83239231.6
2025-08-01 01:14:31 PM,518.0,2,1036.0,83240267.6
2025-08-01 01:14:55 PM,518.0,14,7252.0,83247519.6
2025-08-01 01:15:13 PM,518.0,1,518.0,83248037.6
2025-08-01 01:15:34 PM,518.25,0,0.0,83248037.6
2025-08-01 01:15:35 PM,518.25,5,2591.25,83250628.85
2025-08-01 01:15:46 PM,518.3,208,107806.4,83358435.25
2025-08-01 01:15:50 PM,518.35,0,0.0,83358435.25
2025-08-01 01:15:51 PM,518.35,24,12440.400000000001,83370875.65
2025-08-01 01:15:54 PM,518.3,50,25914.999999999996,83396790.65
2025-08-01 01:15:58 PM,518.5,0,0.0,83396790.65
2025-08-01 01:15:59 PM,518.5,645,334432.5,83731223.15
2025-08-01 01:16:12 PM,518.85,0,0.0,83731223.15
2025-08-01 01:16:13 PM,518.85,7,3631.9500000000003,83734855.10000001
2025-08-01 01:16:16 PM,518.65,0,0.0,83734855.10000001
2025-08-01 01:16:18 PM,518.65,60,31119.0,83765974.10000001
2025-08-01 01:16:30 PM,518.0,0,0.0,83765974.10000001
2025-08-01 01:16:30 PM,518.0,980,507640.0,84273614.10000001
2025-08-01 01:16:50 PM,518.0,153,79254.0,84352868.10000001
2025-08-01 01:17:08 PM,518.0,1,518.0,84353386.10000001
2025-08-01 01:17:23 PM,518.0,17,8806.0,84362192.10000001
2025-08-01 01:17:42 PM,518.5,0,0.0,84362192.10000001
2025-08-01 01:17:42 PM,518.5,1,518.5,84362710.60000001
2025-08-01 01:17:44 PM,518.6,0,0.0,84362710.60000001
2025-08-01 01:17:45 PM,518.6,540,280044.0,84642754.60000001
2025-08-01 01:17:50 PM,519.0,0,0.0,84642754.60000001
2025-08-01 01:17:50 PM,519.0,95,49305.0,84692059.60000001
2025-08-01 01:17:54 PM,519.5,0,0.0,84692059.60000001
2025-08-01 01:17:55 PM,519.5,223,115848.5,84807908.10000001
2025-08-01 01:17:58 PM,519.7,0,0.0,84807908.10000001
2025-08-01 01:18:00 PM,519.7,5004,2600578.8000000003,87408486.9
2025-08-01 01:18:02 PM,519.5,0,0.0,87408486.9
2025-08-01 01:18:05 PM,519.5,21,10909.5,87419396.4
2025-08-01 01:18:06 PM,520.0,0,0.0,87419396.4
2025-08-01 01:18:06 PM,520.0,2000,1040000.0,88459396.4
2025-08-01 01:18:21 PM,519.5,112,58184.0,88517580.4
2025-08-01 01:18:35 PM,520.0,1759,914680.0,89432260.4
2025-08-01 01:18:36 PM,519.4,0,0.0,89432260.4
2025-08-01 01:18:40 PM,519.4,41,21295.399999999998,89453555.80000001
2025-08-01 01:18:44 PM,518.8,0,0.0,89453555.80000001
2025-08-01 01:18:45 PM,518.8,128,66406.4,89519962.20000002
2025-08-01 01:18:52 PM,518.35,0,0.0,89519962.20000002
2025-08-01 01:18:55 PM,518.35,11,5701.85,89525664.05000001
2025-08-01 01:18:56 PM,518.55,0,0.0,89525664.05000001
2025-08-01 01:19:00 PM,518.55,218,113043.9,89638707.95000002
2025-08-01 01:19:11 PM,518.55,1,518.55,89639226.50000001
2025-08-01 01:19:12 PM,519.0,0,0.0,89639226.50000001
2025-08-01 01:19:15 PM,519.0,89,46191.0,89685417.50000001
2025-08-01 01:19:28 PM,519.5,0,0.0,89685417.50000001
2025-08-01 01:19:30 PM,519.5,500,259750.0,89945167.50000001
2025-08-01 01:19:34 PM,519.8,0,0.0,89945167.50000001
2025-08-01 01:19:34 PM,519.8,500,259899.99999999997,90205067.50000001
2025-08-01 01:19:46 PM,519.05,0,0.0,90205067.50000001
2025-08-01 01:19:49 PM,519.05,65,33738.25,90238805.75000001
2025-08-01 01:19:52 PM,519.0,0,0.0,90238805.75000001
2025-08-01 01:19:54 PM,519.0,91,47229.0,90286034.75000001
2025-08-01 01:19:58 PM,519.2,0,0.0,90286034.75000001
2025-08-01 01:19:59 PM,519.2,590,306328.0,90592362.75000001
2025-08-01 01:20:14 PM,518.4,0,0.0,90592362.75000001
2025-08-01 01:20:14 PM,518.4,44,22809.6,90615172.35000001
2025-08-01 01:20:16 PM,518.3,0,0.0,90615172.35000001
2025-08-01 01:20:20 PM,518.3,1,518.3,90615690.65
2025-08-01 01:20:26 PM,517.95,0,0.0,90615690.65
2025-08-01 01:20:28 PM,517.7,0,0.0,90615690.65
2025-08-01 01:20:30 PM,517.7,277,143402.90000000002,90759093.55000001
2025-08-01 01:20:32 PM,517.75,0,0.0,90759093.55000001
2025-08-01 01:20:35 PM,517.75,51,26405.25,90785498.80000001
2025-08-01 01:20:46 PM,517.9,0,0.0,90785498.80000001
2025-08-01 01:20:50 PM,517.9,13,6732.7,90792231.50000001
2025-08-01 01:20:52 PM,517.5,0,0.0,90792231.50000001
2025-08-01 01:20:54 PM,517.5,15,7762.5,90799994.00000001
2025-08-01 01:20:56 PM,517.2,0,0.0,90799994.00000001
2025-08-01 01:20:59 PM,517.2,1,517.2,90800511.20000002
2025-08-01 01:21:00 PM,517.5,0,0.0,90800511.20000002
2025-08-01 01:21:04 PM,517.5,2,1035.0,90801546.20000002
2025-08-01 01:21:09 PM,517.55,63,32605.649999999998,90834151.85000002
2025-08-01 01:21:12 PM,517.45,0,0.0,90834151.85000002
2025-08-01 01:21:14 PM,517.45,20,10349.0,90844500.85000002
2025-08-01 01:21:22 PM,517.05,0,0.0,90844500.85000002
2025-08-01 01:21:25 PM,517.05,1,517.05,90845017.90000002
2025-08-01 01:21:30 PM,517.05,9,4653.45,90849671.35000002
2025-08-01 01:21:49 PM,517.35,65,33627.75,90883299.10000002
2025-08-01 01:22:10 PM,517.25,0,0.0,90883299.10000002
2025-08-01 01:22:13 PM,517.25,65,33621.25,90916920.35000002
2025-08-01 01:22:40 PM,517.25,66,34138.5,90951058.85000002
2025-08-01 01:22:56 PM,517.05,0,0.0,90951058.85000002
2025-08-01 01:22:58 PM,517.05,2,1034.1,90952092.95000002
2025-08-01 01:23:10 PM,517.25,0,0.0,90952092.95000002
2025-08-01 01:23:12 PM,517.0,75,38775.0,90990867.95000002
2025-08-01 01:23:16 PM,516.65,0,0.0,90990867.95000002
2025-08-01 01:23:17 PM,516.65,10,5166.5,90996034.45000002
2025-08-01 01:23:21 PM,517.0,200,103400.0,91099434.45000002
2025-08-01 01:23:31 PM,516.85,7,3617.9500000000003,91103052.40000002
2025-08-01 01:23:36 PM,516.85,22,11370.7,91114423.10000002
2025-08-01 01:23:50 PM,517.0,0,0.0,91114423.10000002
2025-08-01 01:23:51 PM,517.0,36,18612.0,91133035.10000002
2025-08-01 01:24:14 PM,516.8,0,0.0,91133035.10000002
2025-08-01 01:24:15 PM,516.8,21,10852.8,91143887.90000002
2025-08-01 01:24:19 PM,516.85,44,22741.4,91166629.30000003
2025-08-01 01:24:26 PM,516.75,0,0.0,91166629.30000003
2025-08-01 01:24:29 PM,516.75,6,3100.5,91169729.80000003
2025-08-01 01:24:42 PM,516.8,0,0.0,91169729.80000003
2025-08-01 01:24:43 PM,516.8,5,2584.0,91172313.80000003
2025-08-01 01:24:50 PM,516.85,0,0.0,91172313.80000003
2025-08-01 01:24:53 PM,516.85,60,31011.0,91203324.80000003
2025-08-01 01:25:02 PM,516.85,50,25842.5,91229167.30000003
2025-08-01 01:25:08 PM,516.85,10,5168.5,91234335.80000003
2025-08-01 01:25:18 PM,516.85,2,1033.7,91235369.50000003
2025-08-01 01:25:23 PM,516.85,65,33595.25,91268964.75000003
2025-08-01 01:25:52 PM,516.85,65,33595.25,91302560.00000003
2025-08-01 01:26:02 PM,516.85,66,34112.1,91336672.10000002
2025-08-01 01:26:07 PM,516.8,0,0.0,91336672.10000002
2025-08-01 01:26:07 PM,516.8,46,23772.8,91360444.90000002
2025-08-01 01:26:11 PM,516.75,0,0.0,91360444.90000002
2025-08-01 01:26:12 PM,516.75,3,1550.25,91361995.15000002
2025-08-01 01:26:17 PM,516.75,3,1550.25,91363545.40000002
2025-08-01 01:26:29 PM,516.8,0,0.0,91363545.40000002
2025-08-01 01:26:31 PM,516.75,0,0.0,91363545.40000002
2025-08-01 01:26:32 PM,516.75,76,39273.0,91402818.40000002
2025-08-01 01:26:51 PM,516.7,0,0.0,91402818.40000002
2025-08-01 01:26:51 PM,516.7,8,4133.6,91406952.00000001
2025-08-01 01:26:59 PM,516.8,0,0.0,91406952.00000001
2025-08-01 01:27:01 PM,516.8,65,33592.0,91440544.00000001
2025-08-01 01:27:29 PM,516.85,0,0.0,91440544.00000001
2025-08-01 01:27:30 PM,516.85,159,82179.15000000001,91522723.15000002
2025-08-01 01:27:40 PM,516.85,32,16539.2,91539262.35000002
2025-08-01 01:27:47 PM,516.8,0,0.0,91539262.35000002
2025-08-01 01:27:50 PM,516.8,11,5684.799999999999,91544947.15000002
2025-08-01 01:27:59 PM,516.85,0,0.0,91544947.15000002
2025-08-01 01:28:00 PM,516.85,65,33595.25,91578542.40000002
2025-08-01 01:28:04 PM,516.85,10,5168.5,91583710.90000002
2025-08-01 01:28:06 PM,516.8,0,0.0,91583710.90000002
2025-08-01 01:28:09 PM,516.85,21,10853.85,91594564.75000001
2025-08-01 01:28:19 PM,516.85,20,10337.0,91604901.75000001
2025-08-01 01:28:22 PM,516.8,0,0.0,91604901.75000001
2025-08-01 01:28:24 PM,516.8,4,2067.2,91606968.95000002
2025-08-01 01:28:26 PM,516.85,0,0.0,91606968.95000002
2025-08-01 01:28:29 PM,516.85,10,5168.5,91612137.45000002
2025-08-01 01:28:33 PM,516.85,35,18089.75,91630227.20000002
2025-08-01 01:28:54 PM,516.9,0,0.0,91630227.20000002
2025-08-01 01:28:57 PM,516.9,20,10338.0,91640565.20000002
2025-08-01 01:29:01 PM,516.9,42,21709.8,91662275.00000001
2025-08-01 01:29:06 PM,517.1,0,0.0,91662275.00000001
2025-08-01 01:29:07 PM,517.1,157,81184.7,91743459.70000002
2025-08-01 01:29:08 PM,516.95,0,0.0,91743459.70000002
2025-08-01 01:29:12 PM,516.95,20,10339.0,91753798.70000002
2025-08-01 01:29:20 PM,517.2,0,0.0,91753798.70000002
2025-08-01 01:29:21 PM,517.2,13,6723.6,91760522.30000001
2025-08-01 01:29:26 PM,516.95,1,516.95,91761039.25000001
2025-08-01 01:29:28 PM,517.0,0,0.0,91761039.25000001
2025-08-01 01:29:31 PM,517.0,200,103400.0,91864439.25000001
2025-08-01 01:29:40 PM,516.95,84,43423.8,91907863.05000001
2025-08-01 01:29:46 PM,516.85,0,0.0,91907863.05000001
2025-08-01 01:29:49 PM,516.85,5,2584.25,91910447.30000001
2025-08-01 01:29:58 PM,516.85,1,516.85,91910964.15
2025-08-01 01:30:09 PM,517.05,11,5687.549999999999,91916651.7
2025-08-01 01:30:22 PM,517.1,0,0.0,91916651.7
2025-08-01 01:30:24 PM,517.1,1,517.1,91917168.8
2025-08-01 01:30:30 PM,517.15,58,29994.699999999997,91947163.5
2025-08-01 01:30:40 PM,517.25,0,0.0,91947163.5
2025-08-01 01:30:42 PM,517.1,0,0.0,91947163.5
2025-08-01 01:30:43 PM,517.1,8,4136.8,91951300.3
2025-08-01 01:31:20 PM,517.3,50,25864.999999999996,91977165.3
2025-08-01 01:31:29 PM,517.55,65,33640.75,92010806.05
2025-08-01 01:31:30 PM,517.65,15,7764.75,92018570.8
2025-08-01 01:31:34 PM,517.3,0,0.0,92018570.8
2025-08-01 01:31:35 PM,517.3,11,5690.299999999999,92024261.1
2025-08-01 01:31:42 PM,516.9,0,0.0,92024261.1
2025-08-01 01:31:44 PM,516.9,7,3618.2999999999997,92027879.39999999
2025-08-01 01:31:48 PM,516.9,4,2067.6,92029946.99999999
2025-08-01 01:31:53 PM,516.9,149,77018.09999999999,92106965.09999998
2025-08-01 01:32:00 PM,517.05,0,0.0,92106965.09999998
2025-08-01 01:32:03 PM,517.05,7,3619.3499999999995,92110584.44999997
2025-08-01 01:32:08 PM,517.05,17,8789.849999999999,92119374.29999997
2025-08-01 01:32:10 PM,517.1,0,0.0,92119374.29999997
2025-08-01 01:32:13 PM,517.1,42,21718.2,92141092.49999997
2025-08-01 01:32:28 PM,517.1,10,5171.0,92146263.49999997
2025-08-01 01:32:33 PM,517.1,65,33611.5,92179874.99999997
2025-08-01 01:32:52 PM,517.05,7,3619.3499999999995,92183494.34999996
2025-08-01 01:33:00 PM,517.1,0,0.0,92183494.34999996
2025-08-01 01:33:02 PM,517.1,65,33611.5,92217105.84999996
2025-08-01 01:33:16 PM,517.05,0,0.0,92217105.84999996
2025-08-01 01:33:17 PM,517.05,3,1551.1499999999999,92218656.99999997
2025-08-01 01:33:50 PM,517.1,0,0.0,92218656.99999997
2025-08-01 01:33:51 PM,517.1,24,12410.400000000001,92231067.39999998
2025-08-01 01:34:00 PM,517.25,84,43449.0,92274516.39999998
2025-08-01 01:34:08 PM,517.5,0,0.0,92274516.39999998
2025-08-01 01:34:10 PM,517.5,6,3105.0,92277621.39999998
2025-08-01 01:34:16 PM,517.25,0,0.0,92277621.39999998
2025-08-01 01:34:19 PM,517.25,2,1034.5,92278655.89999998
2025-08-01 01:34:29 PM,517.4,65,33631.0,92312286.89999998
2025-08-01 01:34:46 PM,517.25,0,0.0,92312286.89999998
2025-08-01 01:34:47 PM,517.25,8,4138.0,92316424.89999998
2025-08-01 01:35:00 PM,517.4,0,0.0,92316424.89999998
2025-08-01 01:35:01 PM,517.4,66,34148.4,92350573.29999998
2025-08-01 01:35:16 PM,517.25,7,3620.75,92354194.04999998
2025-08-01 01:35:17 PM,517.25,62,32069.5,92386263.54999998
2025-08-01 01:35:36 PM,517.15,0,0.0,92386263.54999998
2025-08-01 01:35:37 PM,517.15,7,3620.0499999999997,92389883.59999998
2025-08-01 01:35:40 PM,517.25,58,30000.5,92419884.09999998
2025-08-01 01:36:00 PM,517.25,65,33621.25,92453505.34999998
2025-08-01 01:36:10 PM,517.25,20,10345.0,92463850.34999998
2025-08-01 01:36:18 PM,517.15,0,0.0,92463850.34999998
2025-08-01 01:36:19 PM,517.15,22,11377.3,92475227.64999998
2025-08-01 01:36:20 PM,517.0,0,0.0,92475227.64999998
2025-08-01 01:36:24 PM,517.0,100,51700.0,92526927.64999998
2025-08-01 01:36:36 PM,516.85,0,0.0,92526927.64999998
2025-08-01 01:36:39 PM,516.85,18,9303.300000000001,92536230.94999997
2025-08-01 01:36:42 PM,517.0,0,0.0,92536230.94999997
2025-08-01 01:36:44 PM,517.0,25,12925.0,92549155.94999997
2025-08-01 01:36:48 PM,516.25,273,140936.25,92690092.19999997
2025-08-01 01:36:56 PM,516.15,0,0.0,92690092.19999997
2025-08-01 01:36:58 PM,516.15,2,1032.3,92691124.49999997
2025-08-01 01:37:02 PM,516.3,0,0.0,92691124.49999997
2025-08-01 01:37:03 PM,516.3,30,15488.999999999998,92706613.49999997
2025-08-01 01:37:20 PM,516.4,0,0.0,92706613.49999997
2025-08-01 01:37:23 PM,516.4,35,18074.0,92724687.49999997
2025-08-01 01:37:28 PM,516.05,35,18061.75,92742749.24999997
2025-08-01 01:37:37 PM,516.25,7,3613.75,92746362.99999997
2025-08-01 01:37:40 PM,516.3,0,0.0,92746362.99999997
2025-08-01 01:37:42 PM,516.0,192,99072.0,92845434.99999997
2025-08-01 01:37:46 PM,515.9,0,0.0,92845434.99999997
2025-08-01 01:37:47 PM,515.9,1,515.9,92845950.89999998
2025-08-01 01:37:52 PM,515.5,51,26290.5,92872241.39999998
2025-08-01 01:37:57 PM,515.5,21,10825.5,92883066.89999998
2025-08-01 01:38:08 PM,515.6,6,3093.6000000000004,92886160.49999997
2025-08-01 01:38:14 PM,515.75,6,3094.5,92889254.99999997
2025-08-01 01:38:20 PM,515.8,53,27337.399999999998,92916592.39999998
2025-08-01 01:38:28 PM,515.5,0,0.0,92916592.39999998
2025-08-01 01:38:30 PM,515.55,67,34541.85,92951134.24999997
2025-08-01 01:38:41 PM,515.5,38,19589.0,92970723.24999997
2025-08-01 01:38:56 PM,515.0,0,0.0,92970723.24999997
2025-08-01 01:38:57 PM,515.0,206,106090.0,93076813.24999997
2025-08-01 01:39:03 PM,515.05,65,33478.25,93110291.49999997
2025-08-01 01:39:14 PM,514.75,11,5662.25,93115953.74999997
2025-08-01 01:39:24 PM,514.75,130,66917.5,93182871.24999997
2025-08-01 01:39:39 PM,515.25,1318,679099.5,93861970.74999997
2025-08-01 01:39:40 PM,515.7,0,0.0,93861970.74999997
2025-08-01 01:39:44 PM,515.7,55,28363.500000000004,93890334.24999997
2025-08-01 01:39:50 PM,516.05,65,33543.25,93923877.49999997
2025-08-01 01:39:56 PM,515.7,0,0.0,93923877.49999997
2025-08-01 01:39:59 PM,515.7,15,7735.500000000001,93931612.99999997
2025-08-01 01:40:01 PM,515.55,0,0.0,93931612.99999997
2025-08-01 01:40:04 PM,515.7,0,0.0,93931612.99999997
2025-08-01 01:40:04 PM,516.0,407,210012.0,94141624.99999997
2025-08-01 01:40:20 PM,516.0,52,26832.0,94168456.99999997
2025-08-01 01:40:50 PM,515.95,65,33536.75,94201993.74999997
2025-08-01 01:40:52 PM,516.0,0,0.0,94201993.74999997
2025-08-01 01:40:54 PM,516.0,70,36120.0,94238113.74999997
2025-08-01 01:40:59 PM,516.15,71,36646.65,94274760.39999998
2025-08-01 01:41:00 PM,516.05,0,0.0,94274760.39999998
2025-08-01 01:41:00 PM,516.05,53,27350.649999999998,94302111.04999998
2025-08-01 01:41:04 PM,516.05,7,3612.3499999999995,94305723.39999998
2025-08-01 01:41:30 PM,516.0,0,0.0,94305723.39999998
2025-08-01 01:41:30 PM,516.0,95,49020.0,94354743.39999998
2025-08-01 01:41:36 PM,515.85,0,0.0,94354743.39999998
2025-08-01 01:41:38 PM,515.85,1,515.85,94355259.24999997
2025-08-01 01:41:42 PM,515.5,0,0.0,94355259.24999997
2025-08-01 01:41:43 PM,515.5,11,5670.5,94360929.74999997
2025-08-01 01:41:50 PM,515.7,0,0.0,94360929.74999997
2025-08-01 01:41:53 PM,515.7,1,515.7,94361445.44999997
2025-08-01 01:41:58 PM,515.7,10,5157.0,94366602.44999997
2025-08-01 01:42:04 PM,515.65,0,0.0,94366602.44999997
2025-08-01 01:42:08 PM,515.65,100,51565.0,94418167.44999997
2025-08-01 01:42:20 PM,515.6,0,0.0,94418167.44999997
2025-08-01 01:42:23 PM,515.6,65,33514.0,94451681.44999997
2025-08-01 01:42:40 PM,515.55,0,0.0,94451681.44999997
2025-08-01 01:42:42 PM,515.55,66,34026.299999999996,94485707.74999997
2025-08-01 01:43:20 PM,515.7,0,0.0,94485707.74999997
2025-08-01 01:43:22 PM,515.7,126,64978.200000000004,94550685.94999997
2025-08-01 01:43:27 PM,515.75,55,28366.25,94579052.19999997
2025-08-01 01:43:28 PM,516.05,0,0.0,94579052.19999997
2025-08-01 01:43:30 PM,516.25,0,0.0,94579052.19999997
2025-08-01 01:43:32 PM,516.25,19,9808.75,94588860.94999997
2025-08-01 01:43:40 PM,516.2,0,0.0,94588860.94999997
2025-08-01 01:43:42 PM,516.2,66,34069.200000000004,94622930.14999998
2025-08-01 01:43:46 PM,516.1,0,0.0,94622930.14999998
2025-08-01 01:43:47 PM,516.1,1,516.1,94623446.24999997
2025-08-01 01:43:52 PM,515.85,0,0.0,94623446.24999997
2025-08-01 01:43:52 PM,515.85,1,515.85,94623962.09999996
2025-08-01 01:43:56 PM,515.8,0,0.0,94623962.09999996
2025-08-01 01:43:57 PM,515.8,8,4126.4,94628088.49999997
2025-08-01 01:44:11 PM,515.8,202,104191.59999999999,94732280.09999996
2025-08-01 01:44:26 PM,515.75,0,0.0,94732280.09999996
2025-08-01 01:44:27 PM,515.75,12,6189.0,94738469.09999996
2025-08-01 01:44:30 PM,515.8,0,0.0,94738469.09999996
2025-08-01 01:44:32 PM,515.8,65,33527.0,94771996.09999996
2025-08-01 01:44:42 PM,515.8,2,1031.6,94773027.69999996
2025-08-01 01:44:46 PM,515.75,0,0.0,94773027.69999996
2025-08-01 01:44:47 PM,515.75,6,3094.5,94776122.19999996
2025-08-01 01:45:00 PM,515.8,0,0.0,94776122.19999996
2025-08-01 01:45:02 PM,515.8,66,34042.799999999996,94810164.99999996
2025-08-01 01:45:07 PM,515.8,46,23726.8,94833891.79999995
2025-08-01 01:45:22 PM,515.8,4,2063.2,94835954.99999996
2025-08-01 01:46:00 PM,515.9,0,0.0,94835954.99999996
2025-08-01 01:46:01 PM,515.9,66,34049.4,94870004.39999996
2025-08-01 01:46:01 PM,515.9,12,6190.799999999999,94876195.19999996
2025-08-01 01:46:16 PM,515.9,1,515.9,94876711.09999996
2025-08-01 01:46:30 PM,515.95,0,0.0,94876711.09999996
2025-08-01 01:46:31 PM,515.95,65,33536.75,94910247.84999996
2025-08-01 01:46:57 PM,516.15,20,10323.0,94920570.84999996
2025-08-01 01:47:10 PM,516.4,0,0.0,94920570.84999996
2025-08-01 01:47:11 PM,516.4,7,3614.7999999999997,94924185.64999996
2025-08-01 01:47:20 PM,516.45,0,0.0,94924185.64999996
2025-08-01 01:47:21 PM,516.45,59,30470.550000000003,94954656.19999996
2025-08-01 01:47:40 PM,516.4,0,0.0,94954656.19999996
2025-08-01 01:47:41 PM,516.4,10,5164.0,94959820.19999996
2025-08-01 01:47:50 PM,516.5,0,0.0,94959820.19999996
2025-08-01 01:47:51 PM,516.5,51,26341.5,94986161.69999996
2025-08-01 01:48:00 PM,516.6,0,0.0,94986161.69999996
2025-08-01 01:48:01 PM,516.6,6,3099.6000000000004,94989261.29999995
2025-08-01 01:48:06 PM,516.55,1,516.55,94989777.84999995
2025-08-01 01:48:07 PM,516.55,6,3099.2999999999997,94992877.14999995
2025-08-01 01:48:20 PM,516.6,0,0.0,94992877.14999995
2025-08-01 01:48:21 PM,516.6,60,30996.0,95023873.14999995
2025-08-01 01:48:37 PM,516.6,12,6199.200000000001,95030072.34999995
2025-08-01 01:48:50 PM,516.65,0,0.0,95030072.34999995
2025-08-01 01:48:51 PM,516.65,8,4133.2,95034205.54999995
2025-08-01 01:49:00 PM,516.9,85,43936.5,95078142.04999995
2025-08-01 01:49:05 PM,516.9,20,10338.0,95088480.04999995
2025-08-01 01:49:08 PM,516.7,0,0.0,95088480.04999995
2025-08-01 01:49:10 PM,516.7,19,9817.300000000001,95098297.34999995
2025-08-01 01:49:12 PM,516.35,0,0.0,95098297.34999995
2025-08-01 01:49:15 PM,516.35,3,1549.0500000000002,95099846.39999995
2025-08-01 01:49:24 PM,516.35,2,1032.7,95100879.09999995
2025-08-01 01:49:32 PM,516.55,0,0.0,95100879.09999995
2025-08-01 01:49:34 PM,516.55,2,1033.1,95101912.19999994
2025-08-01 01:49:38 PM,516.0,178,91848.0,95193760.19999994
2025-08-01 01:49:52 PM,515.95,0,0.0,95193760.19999994
2025-08-01 01:49:53 PM,515.95,20,10319.0,95204079.19999994
2025-08-01 01:50:01 PM,516.0,0,0.0,95204079.19999994
2025-08-01 01:50:03 PM,516.0,32,16512.0,95220591.19999994
2025-08-01 01:50:10 PM,516.15,0,0.0,95220591.19999994
2025-08-01 01:50:13 PM,516.15,34,17549.1,95238140.29999994
2025-08-01 01:50:22 PM,515.95,0,0.0,95238140.29999994
2025-08-01 01:50:23 PM,515.95,1,515.95,95238656.24999994
2025-08-01 01:50:28 PM,515.95,3,1547.8500000000001,95240204.09999993
2025-08-01 01:50:36 PM,515.8,0,0.0,95240204.09999993
2025-08-01 01:50:37 PM,515.8,160,82528.0,95322732.09999993
2025-08-01 01:50:44 PM,516.3,0,0.0,95322732.09999993
2025-08-01 01:50:47 PM,516.3,385,198775.49999999997,95521507.59999993
2025-08-01 01:51:02 PM,515.8,30,15473.999999999998,95536981.59999993
2025-08-01 01:51:08 PM,516.05,0,0.0,95536981.59999993
2025-08-01 01:51:12 PM,516.05,25,12901.249999999998,95549882.84999993
2025-08-01 01:51:20 PM,516.25,0,0.0,95549882.84999993
2025-08-01 01:51:22 PM,515.95,0,0.0,95549882.84999993
2025-08-01 01:51:22 PM,515.95,237,122280.15000000001,95672162.99999994
2025-08-01 01:51:30 PM,515.9,0,0.0,95672162.99999994
2025-08-01 01:51:31 PM,515.9,17,8770.3,95680933.29999994
2025-08-01 01:51:36 PM,515.9,48,24763.199999999997,95705696.49999994
2025-08-01 01:51:41 PM,515.5,1,515.5,95706211.99999994
2025-08-01 01:51:46 PM,515.25,15,7728.75,95713940.74999994
2025-08-01 01:51:48 PM,515.8,0,0.0,95713940.74999994
2025-08-01 01:51:50 PM,515.8,200,103159.99999999999,95817100.74999994
2025-08-01 01:52:00 PM,515.8,50,25789.999999999996,95842890.74999994
2025-08-01 01:52:16 PM,515.65,3,1546.9499999999998,95844437.69999994
2025-08-01 01:52:20 PM,515.8,38,19600.399999999998,95864038.09999995
2025-08-01 01:52:21 PM,515.8,7,3610.5999999999995,95867648.69999994
2025-08-01 01:52:26 PM,515.8,17,8768.599999999999,95876417.29999994
2025-08-01 01:52:29 PM,515.85,67,34561.950000000004,95910979.24999994
2025-08-01 01:52:34 PM,515.85,200,103170.0,96014149.24999994
2025-08-01 01:52:40 PM,515.35,0,0.0,96014149.24999994
2025-08-01 01:52:40 PM,515.35,2,1030.7,96015179.94999994
2025-08-01 01:52:44 PM,515.65,37,19079.05,96034258.99999994
2025-08-01 01:52:56 PM,515.7,0,0.0,96034258.99999994
2025-08-01 01:52:59 PM,515.7,1,515.7,96034774.69999994
2025-08-01 01:53:00 PM,515.7,10,5157.0,96039931.69999994
2025-08-01 01:53:04 PM,515.7,1,515.7,96040447.39999995
2025-08-01 01:53:09 PM,515.8,10,5158.0,96045605.39999995
2025-08-01 01:53:13 PM,515.8,8,4126.4,96049731.79999995
2025-08-01 01:53:19 PM,515.9,2,1031.8,96050763.59999995
2025-08-01 01:53:22 PM,515.9,31,15992.9,96066756.49999996
2025-08-01 01:53:30 PM,516.05,0,0.0,96066756.49999996
2025-08-01 01:53:32 PM,516.05,8,4128.4,96070884.89999996
2025-08-01 01:53:41 PM,516.05,11,5676.549999999999,96076561.44999996
2025-08-01 01:53:50 PM,516.1,9,4644.900000000001,96081206.34999996
2025-08-01 01:53:56 PM,516.15,10,5161.5,96086367.84999996
2025-08-01 01:54:00 PM,516.55,51,26344.05,96112711.89999996
2025-08-01 01:54:10 PM,516.4,54,27885.6,96140597.49999996
2025-08-01 01:54:16 PM,516.25,2,1032.5,96141629.99999996
2025-08-01 01:54:29 PM,516.25,6,3097.5,96144727.49999996
2025-08-01 01:54:40 PM,516.45,10,5164.5,96149891.99999996
2025-08-01 01:54:50 PM,516.55,0,0.0,96149891.99999996
2025-08-01 01:54:52 PM,516.55,56,28926.799999999996,96178818.79999995
2025-08-01 01:55:02 PM,516.55,1,516.55,96179335.34999995
2025-08-01 01:55:06 PM,516.35,0,0.0,96179335.34999995
2025-08-01 01:55:08 PM,516.35,4,2065.4,96181400.74999996
2025-08-01 01:55:20 PM,516.55,0,0.0,96181400.74999996
2025-08-01 01:55:23 PM,516.55,11,5682.049999999999,96187082.79999995
2025-08-01 01:55:30 PM,516.75,0,0.0,96187082.79999995
2025-08-01 01:55:33 PM,516.75,62,32038.5,96219121.29999995
2025-08-01 01:55:44 PM,517.0,0,0.0,96219121.29999995
2025-08-01 01:55:47 PM,517.0,10,5170.0,96224291.29999995
2025-08-01 01:55:53 PM,517.0,54,27918.0,96252209.29999995
2025-08-01 01:55:54 PM,516.8,0,0.0,96252209.29999995
2025-08-01 01:55:58 PM,516.8,5,2584.0,96254793.29999995
2025-08-01 01:56:00 PM,516.6,0,0.0,96254793.29999995
2025-08-01 01:56:03 PM,516.6,66,34095.6,96288888.89999995
2025-08-01 01:56:12 PM,516.4,0,0.0,96288888.89999995
2025-08-01 01:56:12 PM,516.4,5,2582.0,96291470.89999995
2025-08-01 01:56:17 PM,516.4,7,3614.7999999999997,96295085.69999994
2025-08-01 01:56:32 PM,516.4,75,38730.0,96333815.69999994
2025-08-01 01:56:52 PM,515.9,0,0.0,96333815.69999994
2025-08-01 01:56:52 PM,515.9,8,4127.2,96337942.89999995
2025-08-01 01:57:10 PM,516.2,0,0.0,96337942.89999995
2025-08-01 01:57:12 PM,516.2,15,7743.000000000001,96345685.89999995
2025-08-01 01:57:20 PM,516.3,0,0.0,96345685.89999995
2025-08-01 01:57:22 PM,516.3,51,26331.3,96372017.19999994
2025-08-01 01:57:30 PM,516.25,0,0.0,96372017.19999994
2025-08-01 01:57:32 PM,516.25,8,4130.0,96376147.19999994
2025-08-01 01:57:40 PM,516.3,0,0.0,96376147.19999994
2025-08-01 01:57:41 PM,516.3,7,3614.0999999999995,96379761.29999994
2025-08-01 01:57:50 PM,516.35,0,0.0,96379761.29999994
2025-08-01 01:57:51 PM,516.35,31,16006.85,96395768.14999993
2025-08-01 01:58:00 PM,516.7,0,0.0,96395768.14999993
2025-08-01 01:58:00 PM,516.7,86,44436.200000000004,96440204.34999993
2025-08-01 01:58:21 PM,516.4,1,516.4,96440720.74999994
2025-08-01 01:58:26 PM,516.3,1,516.3,96441237.04999994
2025-08-01 01:58:30 PM,516.3,5,2581.5,96443818.54999994
2025-08-01 01:58:46 PM,516.4,0,0.0,96443818.54999994
2025-08-01 01:58:50 PM,516.4,31,16008.4,96459826.94999994
2025-08-01 01:58:54 PM,516.65,0,0.0,96459826.94999994
2025-08-01 01:58:56 PM,516.65,1,516.65,96460343.59999995
2025-08-01 01:59:00 PM,516.8,0,0.0,96460343.59999995
2025-08-01 01:59:01 PM,516.8,115,59431.99999999999,96519775.59999995
2025-08-01 01:59:16 PM,516.15,5,2580.75,96522356.34999995
2025-08-01 01:59:31 PM,516.3,0,0.0,96522356.34999995
2025-08-01 01:59:32 PM,516.3,66,34075.799999999996,96556432.14999995
2025-08-01 01:59:37 PM,516.15,4,2064.6,96558496.74999994
2025-08-01 01:59:47 PM,516.15,8,4129.2,96562625.94999994
2025-08-01 02:00:02 PM,516.4,0,0.0,96562625.94999994
2025-08-01 02:00:07 PM,516.4,1,516.4,96563142.34999995
2025-08-01 02:00:20 PM,516.15,0,0.0,96563142.34999995
2025-08-01 02:00:22 PM,516.15,119,61421.85,96624564.19999994
2025-08-01 02:00:40 PM,516.25,0,0.0,96624564.19999994
2025-08-01 02:00:41 PM,516.25,66,34072.5,96658636.69999994
2025-08-01 02:00:44 PM,516.0,0,0.0,96658636.69999994
2025-08-01 02:00:45 PM,516.0,112,57792.0,96716428.69999994
2025-08-01 02:00:56 PM,515.85,0,0.0,96716428.69999994
2025-08-01 02:01:00 PM,515.85,1,515.85,96716944.54999994
2025-08-01 02:01:02 PM,515.8,0,0.0,96716944.54999994
2025-08-01 02:01:05 PM,515.8,16,8252.8,96725197.34999993
2025-08-01 02:01:10 PM,516.05,5,2580.25,96727777.59999993
2025-08-01 02:01:16 PM,516.35,0,0.0,96727777.59999993
2025-08-01 02:01:20 PM,516.5,69,35638.5,96763416.09999993
2025-08-01 02:01:30 PM,516.4,66,34082.4,96797498.49999994
2025-08-01 02:01:36 PM,516.2,0,0.0,96797498.49999994
2025-08-01 02:01:39 PM,516.2,2,1032.4,96798530.89999995
2025-08-01 02:01:42 PM,515.9,0,0.0,96798530.89999995
2025-08-01 02:01:44 PM,515.9,3,1547.6999999999998,96800078.59999995
2025-08-01 02:01:46 PM,515.85,0,0.0,96800078.59999995
2025-08-01 02:01:49 PM,515.85,7,3610.9500000000003,96803689.54999995
2025-08-01 02:02:02 PM,516.05,0,0.0,96803689.54999995
2025-08-01 02:02:03 PM,516.05,1,516.05,96804205.59999995
2025-08-01 02:02:20 PM,516.15,0,0.0,96804205.59999995
2025-08-01 02:02:23 PM,516.15,36,18581.399999999998,96822786.99999996
2025-08-01 02:02:30 PM,516.5,0,0.0,96822786.99999996
2025-08-01 02:02:32 PM,516.5,29,14978.5,96837765.49999996
2025-08-01 02:02:40 PM,516.4,0,0.0,96837765.49999996
2025-08-01 02:02:43 PM,516.4,7,3614.7999999999997,96841380.29999995
2025-08-01 02:02:48 PM,516.4,1,516.4,96841896.69999996
2025-08-01 02:02:50 PM,516.55,0,0.0,96841896.69999996
2025-08-01 02:02:52 PM,516.5,0,0.0,96841896.69999996
2025-08-01 02:02:53 PM,516.5,58,29957.0,96871853.69999996
2025-08-01 02:02:53 PM,516.55,4,2066.2,96873919.89999996
2025-08-01 02:03:02 PM,516.45,0,0.0,96873919.89999996
2025-08-01 02:03:03 PM,516.45,27,13944.150000000001,96887864.04999997
2025-08-01 02:03:08 PM,516.45,4,2065.8,96889929.84999996
2025-08-01 02:03:10 PM,516.55,0,0.0,96889929.84999996
2025-08-01 02:03:13 PM,516.55,55,28410.249999999996,96918340.09999996
2025-08-01 02:03:26 PM,516.3,0,0.0,96918340.09999996
2025-08-01 02:03:28 PM,516.3,4,2065.2,96920405.29999997
2025-08-01 02:03:50 PM,516.65,0,0.0,96920405.29999997
2025-08-01 02:03:53 PM,516.65,86,44431.9,96964837.19999997
2025-08-01 02:04:06 PM,516.55,0,0.0,96964837.19999997
2025-08-01 02:04:08 PM,516.55,5,2582.75,96967419.94999997
2025-08-01 02:04:10 PM,516.5,0,0.0,96967419.94999997
2025-08-01 02:04:12 PM,516.0,0,0.0,96967419.94999997
2025-08-01 02:04:13 PM,516.0,106,54696.0,97022115.94999997
2025-08-01 02:04:26 PM,516.05,0,0.0,97022115.94999997
2025-08-01 02:04:29 PM,516.05,12,6192.599999999999,97028308.54999997
2025-08-01 02:04:43 PM,516.4,0,0.0,97028308.54999997
2025-08-01 02:04:44 PM,516.4,2,1032.8,97029341.34999996
2025-08-01 02:04:45 PM,516.4,6,3098.3999999999996,97032439.74999997
2025-08-01 02:04:50 PM,516.5,27,13945.5,97046385.24999997
2025-08-01 02:04:55 PM,516.5,16,8264.0,97054649.24999997
2025-08-01 02:04:59 PM,516.55,30,15496.499999999998,97070145.74999997
2025-08-01 02:05:09 PM,516.4,80,41312.0,97111457.74999997
2025-08-01 02:05:12 PM,516.05,0,0.0,97111457.74999997
2025-08-01 02:05:15 PM,516.05,3,1548.1499999999999,97113005.89999998
2025-08-01 02:05:22 PM,516.0,0,0.0,97113005.89999998
2025-08-01 02:05:25 PM,516.0,16,8256.0,97121261.89999998
2025-08-01 02:05:25 PM,515.9,0,0.0,97121261.89999998
2025-08-01 02:05:25 PM,515.9,1,515.9,97121777.79999998
2025-08-01 02:05:26 PM,515.65,0,0.0,97121777.79999998
2025-08-01 02:05:29 PM,515.2,388,199897.6,97321675.39999998
2025-08-01 02:05:35 PM,515.25,20,10305.0,97331980.39999998
2025-08-01 02:05:36 PM,515.3,0,0.0,97331980.39999998
2025-08-01 02:05:40 PM,515.3,20,10306.0,97342286.39999998
2025-08-01 02:05:53 PM,515.0,0,0.0,97342286.39999998
2025-08-01 02:05:54 PM,515.0,200,103000.0,97445286.39999998
2025-08-01 02:05:59 PM,515.0,64,32960.0,97478246.39999998
2025-08-01 02:06:09 PM,515.0,2,1030.0,97479276.39999998
2025-08-01 02:06:14 PM,515.0,10,5150.0,97484426.39999998
2025-08-01 02:06:34 PM,515.0,25,12875.0,97497301.39999998
2025-08-01 02:06:35 PM,514.95,20,10299.0,97507600.39999998
2025-08-01 02:06:49 PM,515.0,0,0.0,97507600.39999998
2025-08-01 02:06:50 PM,515.0,45,23175.0,97530775.39999998
2025-08-01 02:07:03 PM,514.95,0,0.0,97530775.39999998
2025-08-01 02:07:06 PM,514.95,18,9269.1,97540044.49999997
2025-08-01 02:07:11 PM,515.0,15,7725.0,97547769.49999997
2025-08-01 02:07:21 PM,515.0,10,5150.0,97552919.49999997
2025-08-01 02:07:29 PM,515.15,0,0.0,97552919.49999997
2025-08-01 02:07:31 PM,515.15,63,32454.449999999997,97585373.94999997
2025-08-01 02:07:40 PM,515.2,0,0.0,97585373.94999997
2025-08-01 02:07:42 PM,515.2,13,6697.6,97592071.54999997
2025-08-01 02:07:46 PM,515.15,0,0.0,97592071.54999997
2025-08-01 02:07:47 PM,515.15,2,1030.3,97593101.84999996
2025-08-01 02:08:00 PM,515.2,0,0.0,97593101.84999996
2025-08-01 02:08:02 PM,515.2,19,9788.800000000001,97602890.64999996
2025-08-01 02:08:10 PM,515.3,0,0.0,97602890.64999996
2025-08-01 02:08:12 PM,515.3,21,10821.3,97613711.94999996
2025-08-01 02:08:14 PM,514.75,0,0.0,97613711.94999996
2025-08-01 02:08:17 PM,514.75,110,56622.5,97670334.44999996
2025-08-01 02:08:40 PM,515.1,0,0.0,97670334.44999996
2025-08-01 02:08:43 PM,515.1,7,3605.7000000000003,97673940.14999996
2025-08-01 02:08:59 PM,515.3,0,0.0,97673940.14999996
2025-08-01 02:09:04 PM,515.3,61,31433.299999999996,97705373.44999996
2025-08-01 02:09:09 PM,515.3,10,5153.0,97710526.44999996
2025-08-01 02:09:09 PM,515.3,7,3607.0999999999995,97714133.54999995
2025-08-01 02:09:19 PM,515.4,0,0.0,97714133.54999995
2025-08-01 02:09:20 PM,515.4,47,24223.8,97738357.34999995
2025-08-01 02:09:42 PM,515.35,0,0.0,97738357.34999995
2025-08-01 02:09:44 PM,515.35,5,2576.75,97740934.09999995
2025-08-01 02:10:00 PM,515.75,0,0.0,97740934.09999995
2025-08-01 02:10:03 PM,515.75,69,35586.75,97776520.84999995
2025-08-01 02:10:16 PM,515.5,0,0.0,97776520.84999995
2025-08-01 02:10:18 PM,515.3,0,0.0,97776520.84999995
2025-08-01 02:10:19 PM,515.3,82,42254.6,97818775.44999994
2025-08-01 02:10:36 PM,515.15,0,0.0,97818775.44999994
2025-08-01 02:10:39 PM,515.15,9,4636.349999999999,97823411.79999994
2025-08-01 02:10:39 PM,515.25,0,0.0,97823411.79999994
2025-08-01 02:10:43 PM,515.4,0,0.0,97823411.79999994
2025-08-01 02:10:44 PM,515.4,12,6184.799999999999,97829596.59999993
2025-08-01 02:10:54 PM,515.4,50,25770.0,97855366.59999993
2025-08-01 02:11:04 PM,515.4,10,5154.0,97860520.59999993
2025-08-01 02:11:05 PM,515.35,0,0.0,97860520.59999993
2025-08-01 02:11:10 PM,515.35,10,5153.5,97865674.09999993
2025-08-01 02:11:16 PM,515.35,1,515.35,97866189.44999993
2025-08-01 02:11:21 PM,515.35,16,8245.6,97874435.04999992
2025-08-01 02:11:26 PM,515.35,1,515.35,97874950.39999992
2025-08-01 02:11:29 PM,515.4,0,0.0,97874950.39999992
2025-08-01 02:11:30 PM,515.75,0,0.0,97874950.39999992
2025-08-01 02:11:31 PM,515.5,0,0.0,97874950.39999992
2025-08-01 02:11:31 PM,515.5,56,28868.0,97903818.39999992
2025-08-01 02:11:36 PM,515.85,0,0.0,97903818.39999992
2025-08-01 02:11:36 PM,515.85,30,15475.5,97919293.89999992
2025-08-01 02:11:40 PM,515.75,0,0.0,97919293.89999992
2025-08-01 02:11:41 PM,515.75,65,33523.75,97952817.64999992
2025-08-01 02:11:51 PM,515.35,0,0.0,97952817.64999992
2025-08-01 02:11:52 PM,515.35,4,2061.4,97954879.04999992
2025-08-01 02:11:57 PM,515.25,7,3606.75,97958485.79999992
2025-08-01 02:12:00 PM,515.4,0,0.0,97958485.79999992
2025-08-01 02:12:02 PM,515.55,7,3608.8499999999995,97962094.64999992
2025-08-01 02:12:23 PM,515.55,36,18559.8,97980654.44999991
2025-08-01 02:12:30 PM,515.5,0,0.0,97980654.44999991
2025-08-01 02:12:33 PM,515.5,97,50003.5,98030657.94999991
2025-08-01 02:12:37 PM,515.4,0,0.0,98030657.94999991
2025-08-01 02:12:38 PM,515.4,10,5154.0,98035811.94999991
2025-08-01 02:12:43 PM,515.25,23,11850.75,98047662.69999991
2025-08-01 02:12:48 PM,515.25,11,5667.75,98053330.44999991
2025-08-01 02:12:53 PM,515.25,1,515.25,98053845.69999991
2025-08-01 02:13:02 PM,515.4,0,0.0,98053845.69999991
2025-08-01 02:13:03 PM,515.4,1,515.4,98054361.09999992
2025-08-01 02:13:08 PM,515.4,2,1030.8,98055391.89999992
2025-08-01 02:13:10 PM,515.5,0,0.0,98055391.89999992
2025-08-01 02:13:10 PM,515.25,70,36067.5,98091459.39999992
2025-08-01 02:13:26 PM,515.05,0,0.0,98091459.39999992
2025-08-01 02:13:29 PM,515.05,6,3090.2999999999997,98094549.69999991
2025-08-01 02:13:50 PM,515.05,66,33993.299999999996,98128542.99999991
2025-08-01 02:14:06 PM,515.3,0,0.0,98128542.99999991
2025-08-01 02:14:06 PM,515.3,5,2576.5,98131119.49999991
2025-08-01 02:14:08 PM,515.5,0,0.0,98131119.49999991
2025-08-01 02:14:08 PM,515.5,20,10310.0,98141429.49999991
2025-08-01 02:14:17 PM,515.5,10,5155.0,98146584.49999991
2025-08-01 02:14:20 PM,515.55,0,0.0,98146584.49999991
2025-08-01 02:14:22 PM,515.55,61,31448.549999999996,98178033.04999991
2025-08-01 02:14:40 PM,515.5,0,0.0,98178033.04999991
2025-08-01 02:14:40 PM,515.5,42,21651.0,98199684.04999991
2025-08-01 02:14:43 PM,515.5,10,5155.0,98204839.04999991
2025-08-01 02:14:50 PM,515.55,0,0.0,98204839.04999991
2025-08-01 02:14:50 PM,515.55,6,3093.2999999999997,98207932.3499999
2025-08-01 02:14:58 PM,518.0,1345,696710.0,98904642.3499999
2025-08-01 02:15:00 PM,518.3,0,0.0,98904642.3499999
2025-08-01 02:15:00 PM,518.3,7,3628.0999999999995,98908270.4499999
2025-08-01 02:15:11 PM,518.25,66,34204.5,98942474.9499999
2025-08-01 02:15:16 PM,518.0,0,0.0,98942474.9499999
2025-08-01 02:15:16 PM,518.0,101,52318.0,98994792.9499999
2025-08-01 02:15:36 PM,515.9,0,0.0,98994792.9499999
2025-08-01 02:15:37 PM,515.9,5718,2949916.1999999997,101944709.1499999
2025-08-01 02:15:39 PM,515.3,41,21127.3,101965836.4499999
2025-08-01 02:15:42 PM,515.35,0,0.0,101965836.4499999
2025-08-01 02:15:42 PM,515.35,25,12883.75,101978720.1999999
2025-08-01 02:15:44 PM,515.0,0,0.0,101978720.1999999
2025-08-01 02:15:44 PM,515.0,123,63345.0,102042065.1999999
2025-08-01 02:15:54 PM,514.95,0,0.0,102042065.1999999
2025-08-01 02:15:54 PM,514.95,3,1544.8500000000001,102043610.0499999
2025-08-01 02:16:00 PM,514.9,0,0.0,102043610.0499999
2025-08-01 02:16:03 PM,514.75,67,34488.25,102078098.2999999
2025-08-01 02:16:13 PM,515.25,452,232893.0,102310991.2999999
2025-08-01 02:16:15 PM,515.1,48,24724.800000000003,102335716.09999989
2025-08-01 02:16:32 PM,515.15,0,0.0,102335716.09999989
2025-08-01 02:16:33 PM,515.15,47,24212.05,102359928.14999989
2025-08-01 02:16:49 PM,515.4,20,10308.0,102370236.14999989
2025-08-01 02:17:02 PM,515.15,0,0.0,102370236.14999989
2025-08-01 02:17:02 PM,515.15,2,1030.3,102371266.44999988
2025-08-01 02:17:13 PM,515.15,64,32969.6,102404236.04999988
2025-08-01 02:17:16 PM,515.0,0,0.0,102404236.04999988
2025-08-01 02:17:18 PM,515.0,1,515.0,102404751.04999988
2025-08-01 02:17:32 PM,515.1,0,0.0,102404751.04999988
2025-08-01 02:17:33 PM,515.15,48,24727.199999999997,102429478.24999988
2025-08-01 02:17:34 PM,515.15,110,56666.5,102486144.74999988
2025-08-01 02:17:40 PM,515.2,0,0.0,102486144.74999988
2025-08-01 02:17:43 PM,515.2,59,30396.800000000003,102516541.54999988
2025-08-01 02:17:49 PM,514.8,50,25739.999999999996,102542281.54999988
2025-08-01 02:17:54 PM,515.0,0,0.0,102542281.54999988
2025-08-01 02:17:54 PM,515.0,2,1030.0,102543311.54999988
2025-08-01 02:18:30 PM,515.0,66,33990.0,102577301.54999988
2025-08-01 02:19:00 PM,515.0,85,43775.0,102621076.54999988
2025-08-01 02:19:40 PM,514.7,0,0.0,102621076.54999988
