date,price,qty,trnvr,cum_trnvr
2025-08-01 09:15:00 AM,5032.0,126,634032.0,634032.0
2025-08-01 09:15:01 AM,5017.5,0,0.0,634032.0
2025-08-01 09:15:02 AM,5017.5,30,150525.0,784557.0
2025-08-01 09:15:10 AM,4987.0,0,0.0,784557.0
2025-08-01 09:15:12 AM,4995.5,274,1368767.0,2153324.0
2025-08-01 09:15:14 AM,5000.0,133,665000.0,2818324.0
2025-08-01 09:15:20 AM,5002.0,0,0.0,2818324.0
2025-08-01 09:15:22 AM,5006.5,42,210273.0,3028597.0
2025-08-01 09:15:26 AM,5007.5,0,0.0,3028597.0
2025-08-01 09:15:30 AM,5010.0,0,0.0,3028597.0
2025-08-01 09:15:31 AM,5010.0,38,190380.0,3218977.0
2025-08-01 09:15:33 AM,5010.0,54,270540.0,3489517.0
2025-08-01 09:15:39 AM,5011.0,0,0.0,3489517.0
2025-08-01 09:15:40 AM,5011.0,8,40088.0,3529605.0
2025-08-01 09:15:55 AM,5005.5,0,0.0,3529605.0
2025-08-01 09:15:56 AM,5005.5,43,215236.5,3744841.5
2025-08-01 09:15:58 AM,5005.0,12,60060.0,3804901.5
2025-08-01 09:16:01 AM,5006.0,0,0.0,3804901.5
2025-08-01 09:16:04 AM,5006.0,8,40048.0,3844949.5
2025-08-01 09:16:08 AM,5006.5,0,0.0,3844949.5
2025-08-01 09:16:12 AM,5004.5,29,145130.5,3990080.0
2025-08-01 09:16:17 AM,5003.0,0,0.0,3990080.0
2025-08-01 09:16:20 AM,5003.0,1,5003.0,3995083.0
2025-08-01 09:16:22 AM,5004.5,3,15013.5,4010096.5
2025-08-01 09:16:25 AM,5000.5,0,0.0,4010096.5
2025-08-01 09:16:29 AM,5000.5,2,10001.0,4020097.5
2025-08-01 09:16:35 AM,4998.0,0,0.0,4020097.5
2025-08-01 09:16:37 AM,4998.0,4,19992.0,4040089.5
2025-08-01 09:16:38 AM,5000.5,1,5000.5,4045090.0
2025-08-01 09:16:53 AM,4995.5,5,24977.5,4070067.5
2025-08-01 09:17:30 AM,4991.0,0,0.0,4070067.5
2025-08-01 09:17:32 AM,4992.0,0,0.0,4070067.5
2025-08-01 09:17:35 AM,4992.0,98,489216.0,4559283.5
2025-08-01 09:17:43 AM,4992.0,6,29952.0,4589235.5
2025-08-01 09:17:56 AM,4989.0,0,0.0,4589235.5
2025-08-01 09:18:00 AM,4989.0,5,24945.0,4614180.5
2025-08-01 09:18:01 AM,4987.5,70,349125.0,4963305.5
2025-08-01 09:18:04 AM,4989.0,0,0.0,4963305.5
2025-08-01 09:18:06 AM,4993.5,0,0.0,4963305.5
2025-08-01 09:18:08 AM,4997.5,78,389805.0,5353110.5
2025-08-01 09:18:09 AM,4994.0,1,4994.0,5358104.5
2025-08-01 09:18:12 AM,4997.5,0,0.0,5358104.5
2025-08-01 09:18:17 AM,4997.5,2,9995.0,5368099.5
2025-08-01 09:18:20 AM,4997.0,0,0.0,5368099.5
2025-08-01 09:18:25 AM,4997.0,16,79952.0,5448051.5
2025-08-01 09:18:33 AM,4991.0,11,54901.0,5502952.5
2025-08-01 09:18:34 AM,4989.0,62,309318.0,5812270.5
2025-08-01 09:18:44 AM,4990.5,0,0.0,5812270.5
2025-08-01 09:18:49 AM,4990.5,2,9981.0,5822251.5
2025-08-01 09:18:52 AM,4987.5,0,0.0,5822251.5
2025-08-01 09:18:57 AM,4987.5,255,1271812.5,7094064.0
2025-08-01 09:19:02 AM,4987.0,0,0.0,7094064.0
2025-08-01 09:19:05 AM,4987.0,20,99740.0,7193804.0
2025-08-01 09:19:08 AM,4985.5,0,0.0,7193804.0
2025-08-01 09:19:13 AM,4985.0,12,59820.0,7253624.0
2025-08-01 09:19:15 AM,4986.0,30,149580.0,7403204.0
2025-08-01 09:19:29 AM,4984.0,0,0.0,7403204.0
2025-08-01 09:19:30 AM,4984.0,32,159488.0,7562692.0
2025-08-01 09:19:33 AM,4984.5,0,0.0,7562692.0
2025-08-01 09:19:38 AM,4986.0,19,94734.0,7657426.0
2025-08-01 09:19:38 AM,4988.0,0,0.0,7657426.0
2025-08-01 09:19:39 AM,4988.0,3,14964.0,7672390.0
2025-08-01 09:19:54 AM,4990.0,10,49900.0,7722290.0
2025-08-01 09:20:01 AM,4990.5,0,0.0,7722290.0
2025-08-01 09:20:01 AM,4990.5,26,129753.0,7852043.0
2025-08-01 09:20:03 AM,4990.0,4,19960.0,7872003.0
2025-08-01 09:20:08 AM,4995.5,0,0.0,7872003.0
2025-08-01 09:20:10 AM,4995.5,100,499550.0,8371553.0
2025-08-01 09:20:10 AM,4993.5,0,0.0,8371553.0
2025-08-01 09:20:11 AM,4993.5,4,19974.0,8391527.0
2025-08-01 09:20:18 AM,4987.5,52,259350.0,8650877.0
2025-08-01 09:20:18 AM,4992.5,0,0.0,8650877.0
2025-08-01 09:20:19 AM,4993.5,23,114850.5,8765727.5
2025-08-01 09:20:26 AM,4993.5,11,54928.5,8820656.0
2025-08-01 09:20:33 AM,4994.0,1,4994.0,8825650.0
2025-08-01 09:20:40 AM,4990.5,0,0.0,8825650.0
2025-08-01 09:20:41 AM,4990.5,32,159696.0,8985346.0
2025-08-01 09:20:43 AM,4990.5,1,4990.5,8990336.5
2025-08-01 09:20:57 AM,4988.5,0,0.0,8990336.5
2025-08-01 09:20:58 AM,4985.0,11,54835.0,9045171.5
2025-08-01 09:21:08 AM,4986.5,0,0.0,9045171.5
2025-08-01 09:21:12 AM,4982.0,29,144478.0,9189649.5
2025-08-01 09:21:24 AM,4980.0,0,0.0,9189649.5
2025-08-01 09:21:28 AM,4977.0,48,238896.0,9428545.5
2025-08-01 09:21:31 AM,4975.0,0,0.0,9428545.5
2025-08-01 09:21:36 AM,4975.0,256,1273600.0,10702145.5
2025-08-01 09:21:50 AM,4979.0,0,0.0,10702145.5
2025-08-01 09:21:51 AM,4979.0,2,9958.0,10712103.5
2025-08-01 09:21:57 AM,4975.0,0,0.0,10712103.5
2025-08-01 09:21:58 AM,4975.0,11,54725.0,10766828.5
2025-08-01 09:22:01 AM,4975.0,17,84575.0,10851403.5
2025-08-01 09:22:07 AM,4970.0,333,1655010.0,12506413.5
2025-08-01 09:22:08 AM,4974.0,0,0.0,12506413.5
2025-08-01 09:22:08 AM,4974.0,5,24870.0,12531283.5
2025-08-01 09:22:13 AM,4965.0,202,1002930.0,13534213.5
2025-08-01 09:22:14 AM,4970.0,23,114310.0,13648523.5
2025-08-01 09:22:16 AM,4966.0,0,0.0,13648523.5
2025-08-01 09:22:16 AM,4966.0,2,9932.0,13658455.5
2025-08-01 09:22:18 AM,4966.0,4,19864.0,13678319.5
2025-08-01 09:22:21 AM,4964.5,20,99290.0,13777609.5
2025-08-01 09:22:25 AM,4968.0,0,0.0,13777609.5
2025-08-01 09:22:25 AM,4968.0,1,4968.0,13782577.5
2025-08-01 09:22:29 AM,4968.5,2,9937.0,13792514.5
2025-08-01 09:22:35 AM,4965.0,0,0.0,13792514.5
2025-08-01 09:22:35 AM,4965.0,11,54615.0,13847129.5
2025-08-01 09:22:37 AM,4966.0,23,114218.0,13961347.5
2025-08-01 09:22:41 AM,4967.0,2,9934.0,13971281.5
2025-08-01 09:22:42 AM,4967.0,1,4967.0,13976248.5
2025-08-01 09:22:44 AM,4970.0,1,4970.0,13981218.5
2025-08-01 09:22:52 AM,4966.5,11,54631.5,14035850.0
2025-08-01 09:23:00 AM,4966.5,10,49665.0,14085515.0
2025-08-01 09:23:07 AM,4966.5,3,14899.5,14100414.5
2025-08-01 09:23:18 AM,4965.5,0,0.0,14100414.5
2025-08-01 09:23:22 AM,4961.5,53,262959.5,14363374.0
2025-08-01 09:23:24 AM,4959.0,2,9918.0,14373292.0
2025-08-01 09:23:30 AM,4957.5,68,337110.0,14710402.0
2025-08-01 09:23:37 AM,4960.0,0,0.0,14710402.0
2025-08-01 09:23:38 AM,4960.0,4,19840.0,14730242.0
2025-08-01 09:23:47 AM,4957.0,5,24785.0,14755027.0
2025-08-01 09:23:53 AM,4957.0,25,123925.0,14878952.0
2025-08-01 09:23:54 AM,4957.0,1,4957.0,14883909.0
2025-08-01 09:24:00 AM,4959.0,0,0.0,14883909.0
2025-08-01 09:24:01 AM,4959.0,41,203319.0,15087228.0
2025-08-01 09:24:01 AM,4954.0,0,0.0,15087228.0
2025-08-01 09:24:02 AM,4954.0,14,69356.0,15156584.0
2025-08-01 09:24:03 AM,4952.0,3,14856.0,15171440.0
2025-08-01 09:24:04 AM,4951.5,0,0.0,15171440.0
2025-08-01 09:24:04 AM,4951.5,5,24757.5,15196197.5
2025-08-01 09:24:06 AM,4955.5,0,0.0,15196197.5
2025-08-01 09:24:06 AM,4955.5,12,59466.0,15255663.5
2025-08-01 09:24:09 AM,4951.5,0,0.0,15255663.5
2025-08-01 09:24:09 AM,4951.5,32,158448.0,15414111.5
2025-08-01 09:24:09 AM,4954.0,4,19816.0,15433927.5
2025-08-01 09:24:14 AM,4954.0,20,99080.0,15533007.5
2025-08-01 09:24:15 AM,4954.0,3,14862.0,15547869.5
2025-08-01 09:24:17 AM,4951.0,3,14853.0,15562722.5
2025-08-01 09:24:20 AM,4954.5,0,0.0,15562722.5
2025-08-01 09:24:20 AM,4954.5,1,4954.5,15567677.0
2025-08-01 09:24:27 AM,4953.0,0,0.0,15567677.0
2025-08-01 09:24:28 AM,4953.0,127,629031.0,16196708.0
2025-08-01 09:24:32 AM,4955.5,30,148665.0,16345373.0
2025-08-01 09:24:41 AM,4952.5,0,0.0,16345373.0
2025-08-01 09:24:42 AM,4952.5,64,316960.0,16662333.0
2025-08-01 09:24:44 AM,4951.0,0,0.0,16662333.0
2025-08-01 09:24:45 AM,4951.0,18,89118.0,16751451.0
2025-08-01 09:24:45 AM,4948.5,0,0.0,16751451.0
2025-08-01 09:24:46 AM,4948.5,11,54433.5,16805884.5
2025-08-01 09:24:47 AM,4948.0,0,0.0,16805884.5
2025-08-01 09:24:48 AM,4950.0,57,282150.0,17088034.5
2025-08-01 09:24:57 AM,4955.5,2,9911.0,17097945.5
2025-08-01 09:24:57 AM,4951.5,0,0.0,17097945.5
2025-08-01 09:24:57 AM,4951.5,5,24757.5,17122703.0
2025-08-01 09:24:59 AM,4953.0,25,123825.0,17246528.0
2025-08-01 09:25:03 AM,4953.5,87,430954.5,17677482.5
2025-08-01 09:25:08 AM,4952.0,0,0.0,17677482.5
2025-08-01 09:25:08 AM,4952.0,1,4952.0,17682434.5
2025-08-01 09:25:11 AM,4952.0,5,24760.0,17707194.5
2025-08-01 09:25:15 AM,4949.5,0,0.0,17707194.5
2025-08-01 09:25:16 AM,4949.5,6,29697.0,17736891.5
2025-08-01 09:25:21 AM,4948.0,0,0.0,17736891.5
2025-08-01 09:25:24 AM,4948.0,154,761992.0,18498883.5
2025-08-01 09:25:26 AM,4953.5,20,99070.0,18597953.5
2025-08-01 09:25:31 AM,4954.0,67,331918.0,18929871.5
2025-08-01 09:25:32 AM,4955.0,0,0.0,18929871.5
2025-08-01 09:25:33 AM,4952.0,63,311976.0,19241847.5
2025-08-01 09:25:38 AM,4955.5,26,128843.0,19370690.5
2025-08-01 09:25:44 AM,4956.5,0,0.0,19370690.5
2025-08-01 09:25:46 AM,4956.5,12,59478.0,19430168.5
2025-08-01 09:25:54 AM,4955.0,10,49550.0,19479718.5
2025-08-01 09:26:08 AM,4949.0,0,0.0,19479718.5
2025-08-01 09:26:09 AM,4949.0,141,697809.0,20177527.5
2025-08-01 09:26:15 AM,4949.5,0,0.0,20177527.5
2025-08-01 09:26:16 AM,4947.0,9,44523.0,20222050.5
2025-08-01 09:26:26 AM,4946.5,0,0.0,20222050.5
2025-08-01 09:26:31 AM,4945.5,0,0.0,20222050.5
2025-08-01 09:26:32 AM,4943.0,23,113689.0,20335739.5
2025-08-01 09:26:33 AM,4942.0,0,0.0,20335739.5
2025-08-01 09:26:34 AM,4942.0,50,247100.0,20582839.5
2025-08-01 09:26:39 AM,4947.0,0,0.0,20582839.5
2025-08-01 09:26:40 AM,4947.0,17,84099.0,20666938.5
2025-08-01 09:26:45 AM,4945.5,0,0.0,20666938.5
2025-08-01 09:26:47 AM,4945.5,2,9891.0,20676829.5
2025-08-01 09:26:51 AM,4949.5,0,0.0,20676829.5
2025-08-01 09:26:55 AM,4949.5,2,9899.0,20686728.5
2025-08-01 09:27:02 AM,4949.5,4,19798.0,20706526.5
2025-08-01 09:27:02 AM,4949.5,8,39596.0,20746122.5
2025-08-01 09:27:05 AM,4951.0,0,0.0,20746122.5
2025-08-01 09:27:06 AM,4951.0,1,4951.0,20751073.5
2025-08-01 09:27:13 AM,4950.0,1,4950.0,20756023.5
2025-08-01 09:27:13 AM,4951.5,5,24757.5,20780781.0
2025-08-01 09:27:14 AM,4951.5,17,84175.5,20864956.5
2025-08-01 09:27:16 AM,4951.5,3,14854.5,20879811.0
2025-08-01 09:27:17 AM,4946.5,64,316576.0,21196387.0
2025-08-01 09:27:20 AM,4949.0,1,4949.0,21201336.0
2025-08-01 09:27:24 AM,4950.0,0,0.0,21201336.0
2025-08-01 09:27:24 AM,4950.0,1,4950.0,21206286.0
2025-08-01 09:27:27 AM,4950.0,19,94050.0,21300336.0
2025-08-01 09:27:29 AM,4949.5,3,14848.5,21315184.5
2025-08-01 09:27:31 AM,4949.5,12,59394.0,21374578.5
2025-08-01 09:27:32 AM,4949.5,1,4949.5,21379528.0
2025-08-01 09:27:34 AM,4951.0,25,123775.0,21503303.0
2025-08-01 09:27:35 AM,4951.0,17,84167.0,21587470.0
2025-08-01 09:27:36 AM,4951.5,13,64369.5,21651839.5
2025-08-01 09:27:41 AM,4946.5,72,356148.0,22007987.5
2025-08-01 09:27:43 AM,4946.0,12,59352.0,22067339.5
2025-08-01 09:27:48 AM,4942.5,17,84022.5,22151362.0
2025-08-01 09:27:48 AM,4948.5,0,0.0,22151362.0
2025-08-01 09:27:49 AM,4948.5,13,64330.5,22215692.5
2025-08-01 09:27:51 AM,4946.0,6,29676.0,22245368.5
2025-08-01 09:27:52 AM,4944.5,1,4944.5,22250313.0
2025-08-01 09:27:53 AM,4943.0,0,0.0,22250313.0
2025-08-01 09:27:54 AM,4942.5,58,286665.0,22536978.0
2025-08-01 09:27:54 AM,4943.0,0,0.0,22536978.0
2025-08-01 09:27:55 AM,4946.0,8,39568.0,22576546.0
2025-08-01 09:27:57 AM,4942.5,8,39540.0,22616086.0
2025-08-01 09:27:57 AM,4943.0,0,0.0,22616086.0
2025-08-01 09:27:58 AM,4943.0,30,148290.0,22764376.0
2025-08-01 09:28:01 AM,4939.0,1,4939.0,22769315.0
2025-08-01 09:28:04 AM,4938.5,0,0.0,22769315.0
2025-08-01 09:28:04 AM,4938.5,3,14815.5,22784130.5
2025-08-01 09:28:05 AM,4939.0,0,0.0,22784130.5
2025-08-01 09:28:05 AM,4939.0,20,98780.0,22882910.5
2025-08-01 09:28:06 AM,4939.0,5,24695.0,22907605.5
2025-08-01 09:28:07 AM,4939.0,5,24695.0,22932300.5
2025-08-01 09:28:08 AM,4939.0,1,4939.0,22937239.5
2025-08-01 09:28:09 AM,4939.0,1,4939.0,22942178.5
2025-08-01 09:28:10 AM,4939.0,1,4939.0,22947117.5
2025-08-01 09:28:23 AM,4937.0,0,0.0,22947117.5
2025-08-01 09:28:24 AM,4937.0,2,9874.0,22956991.5
2025-08-01 09:28:33 AM,4940.5,0,0.0,22956991.5
2025-08-01 09:28:34 AM,4940.5,27,133393.5,23090385.0
2025-08-01 09:28:35 AM,4942.0,2,9884.0,23100269.0
2025-08-01 09:28:43 AM,4940.5,25,123512.5,23223781.5
2025-08-01 09:28:43 AM,4937.0,0,0.0,23223781.5
2025-08-01 09:28:44 AM,4937.0,2,9874.0,23233655.5
2025-08-01 09:28:51 AM,4940.5,3,14821.5,23248477.0
2025-08-01 09:28:52 AM,4938.5,125,617312.5,23865789.5
2025-08-01 09:28:52 AM,4937.5,0,0.0,23865789.5
2025-08-01 09:28:52 AM,4937.5,6,29625.0,23895414.5
2025-08-01 09:28:55 AM,4938.5,0,0.0,23895414.5
2025-08-01 09:28:55 AM,4938.5,1,4938.5,23900353.0
2025-08-01 09:29:10 AM,4939.0,0,0.0,23900353.0
2025-08-01 09:29:11 AM,4939.0,1,4939.0,23905292.0
2025-08-01 09:29:16 AM,4939.5,0,0.0,23905292.0
2025-08-01 09:29:19 AM,4939.5,2,9879.0,23915171.0
2025-08-01 09:29:21 AM,4937.5,0,0.0,23915171.0
2025-08-01 09:29:26 AM,4937.5,6,29625.0,23944796.0
2025-08-01 09:29:28 AM,4936.0,5,24680.0,23969476.0
2025-08-01 09:29:41 AM,4936.0,10,49360.0,24018836.0
2025-08-01 09:29:42 AM,4936.0,12,59232.0,24078068.0
2025-08-01 09:29:46 AM,4934.0,0,0.0,24078068.0
2025-08-01 09:29:49 AM,4934.0,20,98680.0,24176748.0
2025-08-01 09:29:56 AM,4937.5,1,4937.5,24181685.5
2025-08-01 09:30:16 AM,4935.0,7,34545.0,24216230.5
2025-08-01 09:30:17 AM,4935.0,4,19740.0,24235970.5
2025-08-01 09:30:17 AM,4934.0,0,0.0,24235970.5
2025-08-01 09:30:18 AM,4933.0,0,0.0,24235970.5
2025-08-01 09:30:18 AM,4933.0,104,513032.0,24749002.5
2025-08-01 09:30:20 AM,4933.0,1,4933.0,24753935.5
2025-08-01 09:30:22 AM,4931.5,0,0.0,24753935.5
2025-08-01 09:30:22 AM,4931.5,3,14794.5,24768730.0
2025-08-01 09:30:24 AM,4930.0,0,0.0,24768730.0
2025-08-01 09:30:25 AM,4930.0,216,1064880.0,25833610.0
2025-08-01 09:30:26 AM,4931.5,0,0.0,25833610.0
2025-08-01 09:30:27 AM,4931.5,30,147945.0,25981555.0
2025-08-01 09:30:28 AM,4933.0,0,0.0,25981555.0
2025-08-01 09:30:29 AM,4933.0,4,19732.0,26001287.0
2025-08-01 09:30:31 AM,4933.0,28,138124.0,26139411.0
2025-08-01 09:30:32 AM,4933.0,2,9866.0,26149277.0
2025-08-01 09:30:36 AM,4930.5,5,24652.5,26173929.5
2025-08-01 09:30:38 AM,4927.5,0,0.0,26173929.5
2025-08-01 09:30:38 AM,4927.5,51,251302.5,26425232.0
2025-08-01 09:30:39 AM,4928.0,5,24640.0,26449872.0
2025-08-01 09:30:40 AM,4932.5,0,0.0,26449872.0
2025-08-01 09:30:41 AM,4932.5,2,9865.0,26459737.0
2025-08-01 09:30:48 AM,4934.5,1,4934.5,26464671.5
2025-08-01 09:30:56 AM,4932.5,16,78920.0,26543591.5
2025-08-01 09:31:06 AM,4933.5,0,0.0,26543591.5
2025-08-01 09:31:08 AM,4936.0,0,0.0,26543591.5
2025-08-01 09:31:11 AM,4935.0,76,375060.0,26918651.5
2025-08-01 09:31:14 AM,4937.5,0,0.0,26918651.5
2025-08-01 09:31:18 AM,4935.5,0,0.0,26918651.5
2025-08-01 09:31:18 AM,4935.5,115,567582.5,27486234.0
2025-08-01 09:31:24 AM,4941.5,0,0.0,27486234.0
2025-08-01 09:31:25 AM,4941.5,5,24707.5,27510941.5
2025-08-01 09:31:30 AM,4944.0,0,0.0,27510941.5
2025-08-01 09:31:32 AM,4945.0,0,0.0,27510941.5
2025-08-01 09:31:33 AM,4945.0,71,351095.0,27862036.5
2025-08-01 09:31:33 AM,4949.0,4,19796.0,27881832.5
2025-08-01 09:31:38 AM,4944.0,0,0.0,27881832.5
2025-08-01 09:31:40 AM,4944.0,20,98880.0,27980712.5
2025-08-01 09:31:46 AM,4942.0,7,34594.0,28015306.5
2025-08-01 09:32:00 AM,4942.0,1,4942.0,28020248.5
2025-08-01 09:32:07 AM,4947.5,24,118740.0,28138988.5
2025-08-01 09:32:15 AM,4945.5,90,445095.0,28584083.5
2025-08-01 09:32:28 AM,4943.5,0,0.0,28584083.5
2025-08-01 09:32:28 AM,4943.5,9,44491.5,28628575.0
2025-08-01 09:32:40 AM,4939.0,0,0.0,28628575.0
2025-08-01 09:32:42 AM,4939.0,5,24695.0,28653270.0
2025-08-01 09:32:52 AM,4940.5,0,0.0,28653270.0
2025-08-01 09:32:56 AM,4940.5,10,49405.0,28702675.0
2025-08-01 09:33:03 AM,4935.5,3,14806.5,28717481.5
2025-08-01 09:33:04 AM,4938.5,0,0.0,28717481.5
2025-08-01 09:33:10 AM,4936.5,21,103666.5,28821148.0
2025-08-01 09:33:15 AM,4933.0,0,0.0,28821148.0
2025-08-01 09:33:17 AM,4933.0,89,439037.0,29260185.0
2025-08-01 09:33:24 AM,4936.0,6,29616.0,29289801.0
2025-08-01 09:33:31 AM,4938.5,5,24692.5,29314493.5
2025-08-01 09:33:48 AM,4939.5,0,0.0,29314493.5
2025-08-01 09:33:50 AM,4937.5,0,0.0,29314493.5
2025-08-01 09:33:52 AM,4937.5,52,256750.0,29571243.5
2025-08-01 09:33:59 AM,4942.5,19,93907.5,29665151.0
2025-08-01 09:33:59 AM,4942.0,15,74130.0,29739281.0
2025-08-01 09:34:10 AM,4943.0,0,0.0,29739281.0
2025-08-01 09:34:13 AM,4943.0,7,34601.0,29773882.0
2025-08-01 09:34:15 AM,4941.5,0,0.0,29773882.0
2025-08-01 09:34:18 AM,4942.5,0,0.0,29773882.0
2025-08-01 09:34:20 AM,4942.5,18,88965.0,29862847.0
2025-08-01 09:34:25 AM,4941.5,0,0.0,29862847.0
2025-08-01 09:34:27 AM,4941.5,1,4941.5,29867788.5
2025-08-01 09:34:40 AM,4937.5,0,0.0,29867788.5
2025-08-01 09:34:41 AM,4937.5,1,4937.5,29872726.0
2025-08-01 09:34:43 AM,4939.5,0,0.0,29872726.0
2025-08-01 09:34:48 AM,4939.5,10,49395.0,29922121.0
2025-08-01 09:34:48 AM,4937.5,5,24687.5,29946808.5
2025-08-01 09:34:50 AM,4939.0,0,0.0,29946808.5
2025-08-01 09:34:54 AM,4937.5,2,9875.0,29956683.5
2025-08-01 09:35:00 AM,4937.5,48,237000.0,30193683.5
2025-08-01 09:35:08 AM,4939.0,0,0.0,30193683.5
2025-08-01 09:35:09 AM,4939.0,15,74085.0,30267768.5
2025-08-01 09:35:23 AM,4940.5,0,0.0,30267768.5
2025-08-01 09:35:24 AM,4940.5,1,4940.5,30272709.0
2025-08-01 09:35:33 AM,4942.0,0,0.0,30272709.0
2025-08-01 09:35:33 AM,4942.0,2,9884.0,30282593.0
2025-08-01 09:35:35 AM,4941.0,3,14823.0,30297416.0
2025-08-01 09:35:54 AM,4941.5,0,0.0,30297416.0
2025-08-01 09:35:54 AM,4941.5,4,19766.0,30317182.0
2025-08-01 09:36:03 AM,4943.0,16,79088.0,30396270.0
2025-08-01 09:36:08 AM,4943.5,0,0.0,30396270.0
2025-08-01 09:36:08 AM,4945.0,0,0.0,30396270.0
2025-08-01 09:36:10 AM,4945.0,24,118680.0,30514950.0
2025-08-01 09:36:17 AM,4945.0,1,4945.0,30519895.0
2025-08-01 09:36:31 AM,4946.5,0,0.0,30519895.0
2025-08-01 09:36:36 AM,4947.0,7,34629.0,30554524.0
2025-08-01 09:36:39 AM,4949.0,0,0.0,30554524.0
2025-08-01 09:36:42 AM,4942.0,245,1210790.0,31765314.0
2025-08-01 09:36:48 AM,4943.0,0,0.0,31765314.0
2025-08-01 09:36:49 AM,4943.0,8,39544.0,31804858.0
2025-08-01 09:36:51 AM,4941.5,0,0.0,31804858.0
2025-08-01 09:36:56 AM,4941.5,23,113654.5,31918512.5
2025-08-01 09:37:10 AM,4942.0,2,9884.0,31928396.5
2025-08-01 09:37:28 AM,4943.5,0,0.0,31928396.5
2025-08-01 09:37:30 AM,4943.5,5,24717.5,31953114.0
2025-08-01 09:37:38 AM,4943.5,10,49435.0,32002549.0
2025-08-01 09:37:57 AM,4941.0,22,108702.0,32111251.0
2025-08-01 09:38:20 AM,4940.0,0,0.0,32111251.0
2025-08-01 09:38:25 AM,4941.0,26,128466.0,32239717.0
2025-08-01 09:38:31 AM,4941.0,1,4941.0,32244658.0
2025-08-01 09:38:38 AM,4940.0,1,4940.0,32249598.0
2025-08-01 09:38:45 AM,4942.0,5,24710.0,32274308.0
2025-08-01 09:39:04 AM,4940.5,3,14821.5,32289129.5
2025-08-01 09:39:10 AM,4937.5,0,0.0,32289129.5
2025-08-01 09:39:11 AM,4937.5,26,128375.0,32417504.5
2025-08-01 09:39:15 AM,4936.0,0,0.0,32417504.5
2025-08-01 09:39:18 AM,4932.5,95,468587.5,32886092.0
2025-08-01 09:39:20 AM,4932.0,0,0.0,32886092.0
2025-08-01 09:39:25 AM,4933.0,75,369975.0,33256067.0
2025-08-01 09:39:28 AM,4936.0,0,0.0,33256067.0
2025-08-01 09:39:32 AM,4936.0,1,4936.0,33261003.0
2025-08-01 09:40:17 AM,4936.0,8,39488.0,33300491.0
2025-08-01 09:40:32 AM,4933.0,0,0.0,33300491.0
2025-08-01 09:40:35 AM,4936.5,0,0.0,33300491.0
2025-08-01 09:40:37 AM,4939.0,97,479083.0,33779574.0
2025-08-01 09:40:44 AM,4938.5,2,9877.0,33789451.0
2025-08-01 09:40:50 AM,4940.5,11,54345.5,33843796.5
2025-08-01 09:41:12 AM,4947.5,0,0.0,33843796.5
2025-08-01 09:41:16 AM,4948.0,0,0.0,33843796.5
2025-08-01 09:41:17 AM,4948.0,96,475008.0,34318804.5
2025-08-01 09:41:20 AM,4945.5,0,0.0,34318804.5
2025-08-01 09:41:23 AM,4942.5,0,0.0,34318804.5
2025-08-01 09:41:24 AM,4942.5,23,113677.5,34432482.0
2025-08-01 09:41:47 AM,4942.0,0,0.0,34432482.0
2025-08-01 09:41:50 AM,4942.0,5,24710.0,34457192.0
2025-08-01 09:41:52 AM,4941.0,0,0.0,34457192.0
2025-08-01 09:41:56 AM,4941.0,15,74115.0,34531307.0
2025-08-01 09:41:59 AM,4947.5,0,0.0,34531307.0
2025-08-01 09:42:00 AM,4947.5,275,1360562.5,35891869.5
2025-08-01 09:42:08 AM,4940.0,0,0.0,35891869.5
2025-08-01 09:42:08 AM,4940.0,4,19760.0,35911629.5
2025-08-01 09:42:13 AM,4942.0,2,9884.0,35921513.5
2025-08-01 09:42:19 AM,4942.0,1,4942.0,35926455.5
2025-08-01 09:42:23 AM,4940.0,0,0.0,35926455.5
2025-08-01 09:42:23 AM,4940.0,2,9880.0,35936335.5
2025-08-01 09:42:30 AM,4940.0,7,34580.0,35970915.5
2025-08-01 09:42:32 AM,4940.0,13,64220.0,36035135.5
2025-08-01 09:43:18 AM,4938.5,0,0.0,36035135.5
2025-08-01 09:43:22 AM,4940.5,45,222322.5,36257458.0
2025-08-01 09:43:28 AM,4940.5,1,4940.5,36262398.5
2025-08-01 09:43:51 AM,4939.0,0,0.0,36262398.5
2025-08-01 09:43:54 AM,4939.0,7,34573.0,36296971.5
2025-08-01 09:43:55 AM,4942.0,11,54362.0,36351333.5
2025-08-01 09:43:59 AM,4940.0,0,0.0,36351333.5
2025-08-01 09:44:00 AM,4940.0,40,197600.0,36548933.5
2025-08-01 09:44:01 AM,4938.0,57,281466.0,36830399.5
2025-08-01 09:44:21 AM,4941.0,0,0.0,36830399.5
2025-08-01 09:44:22 AM,4941.0,8,39528.0,36869927.5
2025-08-01 09:45:02 AM,4939.5,1,4939.5,36874867.0
2025-08-01 09:45:02 AM,4934.0,0,0.0,36874867.0
2025-08-01 09:45:03 AM,4934.0,222,1095348.0,37970215.0
2025-08-01 09:45:10 AM,4936.5,0,0.0,37970215.0
2025-08-01 09:45:10 AM,4937.0,12,59244.0,38029459.0
2025-08-01 09:45:13 AM,4937.0,1,4937.0,38034396.0
2025-08-01 09:45:14 AM,4939.5,0,0.0,38034396.0
2025-08-01 09:45:15 AM,4939.5,51,251914.5,38286310.5
2025-08-01 09:45:17 AM,4938.0,1,4938.0,38291248.5
2025-08-01 09:45:22 AM,4937.0,0,0.0,38291248.5
2025-08-01 09:45:22 AM,4937.0,1,4937.0,38296185.5
2025-08-01 09:45:22 AM,4935.0,0,0.0,38296185.5
2025-08-01 09:45:23 AM,4935.0,4,19740.0,38315925.5
2025-08-01 09:45:29 AM,4932.5,0,0.0,38315925.5
2025-08-01 09:45:30 AM,4932.5,13,64122.5,38380048.0
2025-08-01 09:45:32 AM,4931.0,127,626237.0,39006285.0
2025-08-01 09:45:33 AM,4935.0,44,217140.0,39223425.0
2025-08-01 09:45:49 AM,4937.5,5,24687.5,39248112.5
2025-08-01 09:46:03 AM,4936.5,0,0.0,39248112.5
2025-08-01 09:46:04 AM,4936.5,4,19746.0,39267858.5
2025-08-01 09:46:15 AM,4932.5,2,9865.0,39277723.5
2025-08-01 09:46:21 AM,4932.0,2,9864.0,39287587.5
2025-08-01 09:46:38 AM,4932.0,1,4932.0,39292519.5
2025-08-01 09:46:39 AM,4933.5,0,0.0,39292519.5
2025-08-01 09:46:40 AM,4933.5,3,14800.5,39307320.0
2025-08-01 09:46:58 AM,4933.5,5,24667.5,39331987.5
2025-08-01 09:47:11 AM,4932.0,0,0.0,39331987.5
2025-08-01 09:47:14 AM,4932.0,12,59184.0,39391171.5
2025-08-01 09:47:29 AM,4930.0,45,221850.0,39613021.5
2025-08-01 09:47:35 AM,4931.0,2,9862.0,39622883.5
2025-08-01 09:47:39 AM,4930.0,0,0.0,39622883.5
2025-08-01 09:47:40 AM,4930.0,107,527510.0,40150393.5
2025-08-01 09:47:47 AM,4930.0,1,4930.0,40155323.5
2025-08-01 09:47:57 AM,4929.0,0,0.0,40155323.5
2025-08-01 09:48:00 AM,4930.5,13,64096.5,40219420.0
2025-08-01 09:48:06 AM,4929.0,3,14787.0,40234207.0
2025-08-01 09:48:10 AM,4930.0,0,0.0,40234207.0
2025-08-01 09:48:11 AM,4930.0,2,9860.0,40244067.0
2025-08-01 09:48:16 AM,4929.0,0,0.0,40244067.0
2025-08-01 09:48:17 AM,4929.0,16,78864.0,40322931.0
2025-08-01 09:48:29 AM,4927.5,0,0.0,40322931.0
2025-08-01 09:48:29 AM,4927.5,67,330142.5,40653073.5
2025-08-01 09:48:30 AM,4929.0,113,556977.0,41210050.5
2025-08-01 09:48:32 AM,4929.5,2,9859.0,41219909.5
2025-08-01 09:48:33 AM,4929.5,4,19718.0,41239627.5
2025-08-01 09:48:33 AM,4929.0,12,59148.0,41298775.5
2025-08-01 09:48:49 AM,4929.0,1,4929.0,41303704.5
2025-08-01 09:48:56 AM,4935.5,0,0.0,41303704.5
2025-08-01 09:48:57 AM,4935.5,292,1441166.0,42744870.5
2025-08-01 09:49:03 AM,4933.0,10,49330.0,42794200.5
2025-08-01 09:49:17 AM,4931.0,1,4931.0,42799131.5
2025-08-01 09:49:53 AM,4929.0,0,0.0,42799131.5
2025-08-01 09:49:54 AM,4929.0,9,44361.0,42843492.5
2025-08-01 09:50:15 AM,4931.5,0,0.0,42843492.5
2025-08-01 09:50:16 AM,4931.5,5,24657.5,42868150.0
2025-08-01 09:50:24 AM,4930.0,82,404260.0,43272410.0
2025-08-01 09:50:39 AM,4933.0,8,39464.0,43311874.0
2025-08-01 09:50:56 AM,4931.5,0,0.0,43311874.0
2025-08-01 09:50:57 AM,4931.5,10,49315.0,43361189.0
2025-08-01 09:51:03 AM,4934.5,7,34541.5,43395730.5
2025-08-01 09:51:06 AM,4935.0,6,29610.0,43425340.5
2025-08-01 09:51:20 AM,4936.5,0,0.0,43425340.5
2025-08-01 09:51:20 AM,4936.5,5,24682.5,43450023.0
2025-08-01 09:51:28 AM,4936.0,20,98720.0,43548743.0
2025-08-01 09:52:10 AM,4931.5,0,0.0,43548743.0
2025-08-01 09:52:11 AM,4931.5,1,4931.5,43553674.5
2025-08-01 09:52:31 AM,4931.5,10,49315.0,43602989.5
2025-08-01 09:52:33 AM,4931.5,250,1232875.0,44835864.5
2025-08-01 09:52:36 AM,4932.0,4,19728.0,44855592.5
2025-08-01 09:52:43 AM,4932.0,1,4932.0,44860524.5
2025-08-01 09:52:44 AM,4932.0,14,69048.0,44929572.5
2025-08-01 09:52:51 AM,4932.0,2,9864.0,44939436.5
2025-08-01 09:53:16 AM,4934.5,0,0.0,44939436.5
2025-08-01 09:53:16 AM,4934.5,12,59214.0,44998650.5
2025-08-01 09:53:32 AM,4932.0,0,0.0,44998650.5
2025-08-01 09:53:32 AM,4932.0,4,19728.0,45018378.5
2025-08-01 09:53:57 AM,4932.5,2,9865.0,45028243.5
2025-08-01 09:54:09 AM,4933.0,7,34531.0,45062774.5
2025-08-01 09:54:25 AM,4932.5,0,0.0,45062774.5
2025-08-01 09:54:26 AM,4932.5,1,4932.5,45067707.0
2025-08-01 09:54:28 AM,4930.0,1,4930.0,45072637.0
2025-08-01 09:55:33 AM,4930.0,4,19720.0,45092357.0
2025-08-01 09:55:53 AM,4932.5,0,0.0,45092357.0
2025-08-01 09:55:58 AM,4932.5,3,14797.5,45107154.5
2025-08-01 09:55:59 AM,4929.0,100,492900.0,45600054.5
2025-08-01 09:56:26 AM,4932.5,0,0.0,45600054.5
2025-08-01 09:56:27 AM,4930.5,0,0.0,45600054.5
2025-08-01 09:56:28 AM,4930.5,39,192289.5,45792344.0
2025-08-01 09:56:33 AM,4930.5,10,49305.0,45841649.0
2025-08-01 09:56:57 AM,4930.0,0,0.0,45841649.0
2025-08-01 09:56:58 AM,4930.0,8,39440.0,45881089.0
2025-08-01 09:57:03 AM,4930.0,21,103530.0,45984619.0
2025-08-01 09:57:09 AM,4930.0,2,9860.0,45994479.0
2025-08-01 09:57:15 AM,4930.0,6,29580.0,46024059.0
2025-08-01 09:57:20 AM,4929.0,0,0.0,46024059.0
2025-08-01 09:57:21 AM,4929.0,6,29574.0,46053633.0
2025-08-01 09:57:26 AM,4929.0,2,9858.0,46063491.0
2025-08-01 09:57:44 AM,4929.0,10,49290.0,46112781.0
2025-08-01 09:57:59 AM,4928.5,133,655490.5,46768271.5
2025-08-01 09:58:03 AM,4926.5,23,113309.5,46881581.0
2025-08-01 09:58:09 AM,4925.0,9,44325.0,46925906.0
2025-08-01 09:58:15 AM,4926.5,1,4926.5,46930832.5
2025-08-01 09:58:18 AM,4925.0,0,0.0,46930832.5
2025-08-01 09:58:18 AM,4925.0,22,108350.0,47039182.5
2025-08-01 09:58:21 AM,4924.5,70,344715.0,47383897.5
2025-08-01 09:58:23 AM,4924.0,2,9848.0,47393745.5
2025-08-01 09:58:27 AM,4925.0,4,19700.0,47413445.5
2025-08-01 09:58:33 AM,4924.0,0,0.0,47413445.5
2025-08-01 09:58:33 AM,4924.0,2,9848.0,47423293.5
2025-08-01 09:58:36 AM,4924.5,28,137886.0,47561179.5
2025-08-01 09:58:38 AM,4923.0,0,0.0,47561179.5
2025-08-01 09:58:39 AM,4923.0,216,1063368.0,48624547.5
2025-08-01 09:58:41 AM,4922.5,0,0.0,48624547.5
2025-08-01 09:58:42 AM,4924.0,89,438236.0,49062783.5
2025-08-01 09:58:45 AM,4925.0,0,0.0,49062783.5
2025-08-01 09:58:45 AM,4925.0,11,54175.0,49116958.5
2025-08-01 09:58:54 AM,4924.0,0,0.0,49116958.5
2025-08-01 09:58:54 AM,4924.0,15,73860.0,49190818.5
2025-08-01 09:59:00 AM,4925.0,10,49250.0,49240068.5
2025-08-01 09:59:03 AM,4923.5,1,4923.5,49244992.0
2025-08-01 09:59:22 AM,4921.0,33,162393.0,49407385.0
2025-08-01 09:59:25 AM,4925.0,37,182225.0,49589610.0
2025-08-01 09:59:35 AM,4923.0,2,9846.0,49599456.0
2025-08-01 09:59:47 AM,4923.0,7,34461.0,49633917.0
2025-08-01 09:59:50 AM,4922.0,74,364228.0,49998145.0
2025-08-01 09:59:53 AM,4922.0,19,93518.0,50091663.0
2025-08-01 09:59:58 AM,4921.0,0,0.0,50091663.0
2025-08-01 09:59:59 AM,4921.0,90,442890.0,50534553.0
2025-08-01 10:00:02 AM,4921.0,4,19684.0,50554237.0
2025-08-01 10:00:06 AM,4922.5,0,0.0,50554237.0
2025-08-01 10:00:06 AM,4922.5,2,9845.0,50564082.0
2025-08-01 10:00:22 AM,4922.5,5,24612.5,50588694.5
2025-08-01 10:00:25 AM,4919.5,58,285331.0,50874025.5
2025-08-01 10:00:27 AM,4918.5,0,0.0,50874025.5
2025-08-01 10:00:28 AM,4918.5,61,300028.5,51174054.0
2025-08-01 10:00:31 AM,4919.5,91,447674.5,51621728.5
2025-08-01 10:00:33 AM,4917.5,0,0.0,51621728.5
2025-08-01 10:00:34 AM,4917.5,116,570430.0,52192158.5
2025-08-01 10:00:37 AM,4917.5,9,44257.5,52236416.0
2025-08-01 10:00:44 AM,4918.5,0,0.0,52236416.0
2025-08-01 10:00:44 AM,4918.5,24,118044.0,52354460.0
2025-08-01 10:00:47 AM,4914.0,120,589680.0,52944140.0
2025-08-01 10:00:50 AM,4917.5,0,0.0,52944140.0
2025-08-01 10:00:50 AM,4917.5,17,83597.5,53027737.5
2025-08-01 10:00:53 AM,4917.5,40,196700.0,53224437.5
2025-08-01 10:00:56 AM,4917.5,1,4917.5,53229355.0
2025-08-01 10:01:00 AM,4919.0,9,44271.0,53273626.0
2025-08-01 10:01:08 AM,4920.0,0,0.0,53273626.0
2025-08-01 10:01:09 AM,4920.0,17,83640.0,53357266.0
2025-08-01 10:01:15 AM,4925.0,101,497425.0,53854691.0
2025-08-01 10:01:27 AM,4925.5,0,0.0,53854691.0
2025-08-01 10:01:28 AM,4925.5,6,29553.0,53884244.0
2025-08-01 10:01:31 AM,4925.5,2,9851.0,53894095.0
2025-08-01 10:01:33 AM,4927.0,10,49270.0,53943365.0
2025-08-01 10:01:35 AM,4923.5,0,0.0,53943365.0
2025-08-01 10:01:37 AM,4923.5,200,984700.0,54928065.0
2025-08-01 10:01:46 AM,4925.0,100,492500.0,55420565.0
2025-08-01 10:02:02 AM,4927.0,0,0.0,55420565.0
2025-08-01 10:02:02 AM,4927.0,7,34489.0,55455054.0
2025-08-01 10:02:15 AM,4927.0,8,39416.0,55494470.0
2025-08-01 10:02:16 AM,4928.0,6,29568.0,55524038.0
2025-08-01 10:02:40 AM,4928.0,32,157696.0,55681734.0
2025-08-01 10:02:46 AM,4928.0,9,44352.0,55726086.0
2025-08-01 10:03:07 AM,4924.0,210,1034040.0,56760126.0
2025-08-01 10:03:09 AM,4924.5,0,0.0,56760126.0
2025-08-01 10:03:12 AM,4927.5,89,438547.5,57198673.5
2025-08-01 10:03:26 AM,4928.5,0,0.0,57198673.5
2025-08-01 10:03:27 AM,4928.5,6,29571.0,57228244.5
2025-08-01 10:03:38 AM,4929.5,0,0.0,57228244.5
2025-08-01 10:03:38 AM,4929.5,3,14788.5,57243033.0
2025-08-01 10:03:44 AM,4930.5,13,64096.5,57307129.5
2025-08-01 10:04:31 AM,4931.0,0,0.0,57307129.5
2025-08-01 10:04:31 AM,4931.0,3,14793.0,57321922.5
2025-08-01 10:04:32 AM,4932.0,11,54252.0,57376174.5
2025-08-01 10:04:42 AM,4932.0,2,9864.0,57386038.5
2025-08-01 10:04:57 AM,4932.0,11,54252.0,57440290.5
2025-08-01 10:04:58 AM,4932.0,1,4932.0,57445222.5
2025-08-01 10:05:00 AM,4932.0,1,4932.0,57450154.5
2025-08-01 10:05:05 AM,4932.0,11,54252.0,57504406.5
2025-08-01 10:05:13 AM,4930.5,4,19722.0,57524128.5
2025-08-01 10:05:23 AM,4930.5,29,142984.5,57667113.0
2025-08-01 10:05:36 AM,4929.5,2,9859.0,57676972.0
2025-08-01 10:06:27 AM,4926.0,0,0.0,57676972.0
2025-08-01 10:06:27 AM,4926.0,5,24630.0,57701602.0
2025-08-01 10:06:28 AM,4926.0,1,4926.0,57706528.0
2025-08-01 10:06:30 AM,4927.0,0,0.0,57706528.0
2025-08-01 10:06:30 AM,4927.0,8,39416.0,57745944.0
2025-08-01 10:06:40 AM,4926.0,1,4926.0,57750870.0
2025-08-01 10:06:47 AM,4927.0,0,0.0,57750870.0
2025-08-01 10:06:47 AM,4927.0,3,14781.0,57765651.0
2025-08-01 10:06:48 AM,4927.0,1,4927.0,57770578.0
2025-08-01 10:06:56 AM,4926.0,10,49260.0,57819838.0
2025-08-01 10:07:10 AM,4926.0,10,49260.0,57869098.0
2025-08-01 10:07:12 AM,4926.0,39,192114.0,58061212.0
2025-08-01 10:07:16 AM,4926.0,2,9852.0,58071064.0
2025-08-01 10:08:05 AM,4926.0,1,4926.0,58075990.0
2025-08-01 10:08:09 AM,4926.0,1,4926.0,58080916.0
2025-08-01 10:08:12 AM,4925.0,0,0.0,58080916.0
2025-08-01 10:08:12 AM,4925.0,1,4925.0,58085841.0
2025-08-01 10:08:13 AM,4926.0,2,9852.0,58095693.0
2025-08-01 10:08:20 AM,4928.5,20,98570.0,58194263.0
2025-08-01 10:08:30 AM,4925.5,0,0.0,58194263.0
2025-08-01 10:08:30 AM,4925.5,1,4925.5,58199188.5
2025-08-01 10:08:41 AM,4925.5,5,24627.5,58223816.0
2025-08-01 10:08:43 AM,4927.0,0,0.0,58223816.0
2025-08-01 10:08:43 AM,4927.0,1,4927.0,58228743.0
2025-08-01 10:08:50 AM,4925.0,0,0.0,58228743.0
2025-08-01 10:08:50 AM,4925.0,1,4925.0,58233668.0
2025-08-01 10:09:37 AM,4925.0,42,206850.0,58440518.0
2025-08-01 10:09:44 AM,4925.0,20,98500.0,58539018.0
2025-08-01 10:10:20 AM,4928.5,0,0.0,58539018.0
2025-08-01 10:10:20 AM,4925.0,77,379225.0,58918243.0
2025-08-01 10:10:22 AM,4926.0,0,0.0,58918243.0
2025-08-01 10:10:22 AM,4926.0,2,9852.0,58928095.0
2025-08-01 10:10:37 AM,4925.0,9,44325.0,58972420.0
2025-08-01 10:10:58 AM,4925.5,0,0.0,58972420.0
2025-08-01 10:10:58 AM,4925.5,4,19702.0,58992122.0
2025-08-01 10:11:35 AM,4928.0,0,0.0,58992122.0
2025-08-01 10:11:35 AM,4928.0,1,4928.0,58997050.0
2025-08-01 10:11:58 AM,4928.0,13,64064.0,59061114.0
2025-08-01 10:12:07 AM,4928.0,1,4928.0,59066042.0
2025-08-01 10:12:11 AM,4928.5,6,29571.0,59095613.0
2025-08-01 10:12:26 AM,4930.5,0,0.0,59095613.0
2025-08-01 10:12:26 AM,4930.5,37,182428.5,59278041.5
2025-08-01 10:12:34 AM,4931.0,0,0.0,59278041.5
2025-08-01 10:12:34 AM,4931.0,4,19724.0,59297765.5
2025-08-01 10:12:38 AM,4933.5,0,0.0,59297765.5
2025-08-01 10:12:38 AM,4933.5,9,44401.5,59342167.0
2025-08-01 10:12:40 AM,4933.0,0,0.0,59342167.0
2025-08-01 10:12:40 AM,4933.0,2,9866.0,59352033.0
2025-08-01 10:12:40 AM,4936.0,200,987200.0,60339233.0
2025-08-01 10:12:43 AM,4931.5,0,0.0,60339233.0
2025-08-01 10:12:43 AM,4931.5,2,9863.0,60349096.0
2025-08-01 10:12:45 AM,4935.0,0,0.0,60349096.0
2025-08-01 10:12:45 AM,4935.0,50,246750.0,60595846.0
2025-08-01 10:13:02 AM,4931.5,0,0.0,60595846.0
2025-08-01 10:13:02 AM,4931.5,1,4931.5,60600777.5
2025-08-01 10:13:03 AM,4931.5,5,24657.5,60625435.0
2025-08-01 10:13:07 AM,4931.5,51,251506.5,60876941.5
2025-08-01 10:13:13 AM,4933.5,71,350278.5,61227220.0
2025-08-01 10:13:16 AM,4935.0,81,399735.0,61626955.0
2025-08-01 10:13:21 AM,4935.5,4,19742.0,61646697.0
2025-08-01 10:13:34 AM,4933.5,6,29601.0,61676298.0
2025-08-01 10:13:36 AM,4935.5,1,4935.5,61681233.5
2025-08-01 10:13:57 AM,4930.5,0,0.0,61681233.5
2025-08-01 10:13:57 AM,4930.5,5,24652.5,61705886.0
2025-08-01 10:14:22 AM,4933.5,50,246675.0,61952561.0
2025-08-01 10:14:23 AM,4931.0,4,19724.0,61972285.0
2025-08-01 10:14:24 AM,4933.0,3,14799.0,61987084.0
2025-08-01 10:14:26 AM,4931.0,1,4931.0,61992015.0
2025-08-01 10:14:31 AM,4932.0,1,4932.0,61996947.0
2025-08-01 10:15:00 AM,4931.0,1,4931.0,62001878.0
2025-08-01 10:15:10 AM,4931.0,1,4931.0,62006809.0
2025-08-01 10:15:13 AM,4932.0,0,0.0,62006809.0
2025-08-01 10:15:13 AM,4932.0,1,4932.0,62011741.0
2025-08-01 10:15:25 AM,4931.0,0,0.0,62011741.0
2025-08-01 10:15:25 AM,4931.0,5,24655.0,62036396.0
2025-08-01 10:15:27 AM,4931.0,9,44379.0,62080775.0
2025-08-01 10:15:28 AM,4930.0,22,108460.0,62189235.0
2025-08-01 10:15:32 AM,4927.0,0,0.0,62189235.0
2025-08-01 10:15:32 AM,4927.0,1,4927.0,62194162.0
2025-08-01 10:16:01 AM,4929.0,0,0.0,62194162.0
2025-08-01 10:16:03 AM,4929.0,11,54219.0,62248381.0
2025-08-01 10:16:15 AM,4929.0,1,4929.0,62253310.0
2025-08-01 10:16:21 AM,4929.0,1,4929.0,62258239.0
2025-08-01 10:16:27 AM,4929.0,1,4929.0,62263168.0
2025-08-01 10:16:50 AM,4929.0,67,330243.0,62593411.0
2025-08-01 10:17:13 AM,4929.5,1,4929.5,62598340.5
2025-08-01 10:17:18 AM,4929.0,0,0.0,62598340.5
2025-08-01 10:17:18 AM,4929.0,1,4929.0,62603269.5
2025-08-01 10:17:39 AM,4927.0,71,349817.0,62953086.5
2025-08-01 10:17:45 AM,4928.0,0,0.0,62953086.5
2025-08-01 10:17:45 AM,4928.0,71,349888.0,63302974.5
2025-08-01 10:17:45 AM,4929.0,2,9858.0,63312832.5
2025-08-01 10:18:00 AM,4928.0,4,19712.0,63332544.5
2025-08-01 10:18:10 AM,4925.5,310,1526905.0,64859449.5
2025-08-01 10:18:12 AM,4926.0,0,0.0,64859449.5
2025-08-01 10:18:13 AM,4926.0,1,4926.0,64864375.5
2025-08-01 10:18:14 AM,4926.0,5,24630.0,64889005.5
2025-08-01 10:18:38 AM,4926.0,11,54186.0,64943191.5
2025-08-01 10:18:39 AM,4929.0,0,0.0,64943191.5
2025-08-01 10:18:39 AM,4929.0,5,24645.0,64967836.5
2025-08-01 10:19:22 AM,4925.5,14,68957.0,65036793.5
2025-08-01 10:19:46 AM,4926.0,0,0.0,65036793.5
2025-08-01 10:19:46 AM,4926.0,2,9852.0,65046645.5
2025-08-01 10:19:56 AM,4928.0,0,0.0,65046645.5
2025-08-01 10:19:56 AM,4928.0,1,4928.0,65051573.5
2025-08-01 10:20:04 AM,4928.0,1,4928.0,65056501.5
2025-08-01 10:20:10 AM,4925.0,361,1777925.0,66834426.5
2025-08-01 10:20:27 AM,4924.5,6,29547.0,66863973.5
2025-08-01 10:20:32 AM,4929.0,0,0.0,66863973.5
2025-08-01 10:20:33 AM,4929.0,96,473184.0,67337157.5
2025-08-01 10:20:41 AM,4927.0,41,202007.0,67539164.5
2025-08-01 10:21:13 AM,4929.5,0,0.0,67539164.5
2025-08-01 10:21:14 AM,4929.5,9,44365.5,67583530.0
2025-08-01 10:21:19 AM,4932.5,0,0.0,67583530.0
2025-08-01 10:21:19 AM,4932.5,66,325545.0,67909075.0
2025-08-01 10:21:23 AM,4935.5,0,0.0,67909075.0
2025-08-01 10:21:25 AM,4935.5,123,607066.5,68516141.5
2025-08-01 10:21:43 AM,4932.0,1,4932.0,68521073.5
2025-08-01 10:21:47 AM,4932.0,34,167688.0,68688761.5
2025-08-01 10:21:49 AM,4932.0,11,54252.0,68743013.5
2025-08-01 10:21:59 AM,4932.0,42,207144.0,68950157.5
2025-08-01 10:22:08 AM,4932.0,1,4932.0,68955089.5
2025-08-01 10:22:12 AM,4933.5,0,0.0,68955089.5
2025-08-01 10:22:12 AM,4933.5,12,59202.0,69014291.5
2025-08-01 10:22:24 AM,4934.5,2,9869.0,69024160.5
2025-08-01 10:22:26 AM,4934.5,4,19738.0,69043898.5
2025-08-01 10:22:26 AM,4936.0,1,4936.0,69048834.5
2025-08-01 10:22:27 AM,4936.0,11,54296.0,69103130.5
2025-08-01 10:22:35 AM,4937.5,93,459187.5,69562318.0
2025-08-01 10:22:37 AM,4937.5,10,49375.0,69611693.0
2025-08-01 10:22:47 AM,4937.5,123,607312.5,70219005.5
2025-08-01 10:22:53 AM,4939.0,694,3427666.0,73646671.5
2025-08-01 10:22:58 AM,4940.0,0,0.0,73646671.5
2025-08-01 10:22:58 AM,4940.0,1,4940.0,73651611.5
2025-08-01 10:23:04 AM,4942.0,0,0.0,73651611.5
2025-08-01 10:23:04 AM,4942.0,46,227332.0,73878943.5
2025-08-01 10:23:08 AM,4937.5,0,0.0,73878943.5
2025-08-01 10:23:08 AM,4937.5,30,148125.0,74027068.5
2025-08-01 10:23:08 AM,4940.5,100,494050.0,74521118.5
2025-08-01 10:23:10 AM,4939.5,3,14818.5,74535937.0
2025-08-01 10:23:20 AM,4939.5,7,34576.5,74570513.5
2025-08-01 10:23:22 AM,4940.0,0,0.0,74570513.5
2025-08-01 10:23:22 AM,4940.0,10,49400.0,74619913.5
2025-08-01 10:23:24 AM,4940.5,0,0.0,74619913.5
2025-08-01 10:23:24 AM,4940.5,2,9881.0,74629794.5
2025-08-01 10:23:31 AM,4937.5,0,0.0,74629794.5
2025-08-01 10:23:31 AM,4937.5,93,459187.5,75088982.0
2025-08-01 10:23:32 AM,4936.5,0,0.0,75088982.0
2025-08-01 10:23:32 AM,4936.5,1,4936.5,75093918.5
2025-08-01 10:23:40 AM,4938.5,25,123462.5,75217381.0
2025-08-01 10:23:42 AM,4935.5,0,0.0,75217381.0
2025-08-01 10:23:42 AM,4935.5,19,93774.5,75311155.5
2025-08-01 10:23:44 AM,4933.5,2,9867.0,75321022.5
2025-08-01 10:23:56 AM,4936.0,10,49360.0,75370382.5
2025-08-01 10:23:59 AM,4936.0,20,98720.0,75469102.5
2025-08-01 10:23:59 AM,4936.0,15,74040.0,75543142.5
2025-08-01 10:24:14 AM,4938.0,0,0.0,75543142.5
2025-08-01 10:24:14 AM,4938.0,25,123450.0,75666592.5
2025-08-01 10:25:06 AM,4938.0,200,987600.0,76654192.5
2025-08-01 10:25:07 AM,4937.0,0,0.0,76654192.5
2025-08-01 10:25:07 AM,4937.0,1,4937.0,76659129.5
2025-08-01 10:25:21 AM,4937.0,1,4937.0,76664066.5
2025-08-01 10:25:31 AM,4934.5,0,0.0,76664066.5
2025-08-01 10:25:32 AM,4934.5,5,24672.5,76688739.0
2025-08-01 10:25:34 AM,4934.5,5,24672.5,76713411.5
2025-08-01 10:25:34 AM,4936.5,25,123412.5,76836824.0
2025-08-01 10:25:49 AM,4937.0,0,0.0,76836824.0
2025-08-01 10:25:49 AM,4937.0,20,98740.0,76935564.0
2025-08-01 10:25:50 AM,4936.0,0,0.0,76935564.0
2025-08-01 10:25:50 AM,4936.0,1,4936.0,76940500.0
2025-08-01 10:26:13 AM,4937.0,2,9874.0,76950374.0
2025-08-01 10:26:22 AM,4937.5,0,0.0,76950374.0
2025-08-01 10:26:23 AM,4937.5,2,9875.0,76960249.0
2025-08-01 10:26:39 AM,4937.5,37,182687.5,77142936.5
2025-08-01 10:26:48 AM,4937.5,10,49375.0,77192311.5
2025-08-01 10:26:49 AM,4937.0,0,0.0,77192311.5
2025-08-01 10:26:49 AM,4937.0,28,138236.0,77330547.5
2025-08-01 10:26:55 AM,4936.0,2,9872.0,77340419.5
2025-08-01 10:27:03 AM,4937.5,0,0.0,77340419.5
2025-08-01 10:27:05 AM,4936.0,0,0.0,77340419.5
2025-08-01 10:27:05 AM,4936.0,15,74040.0,77414459.5
2025-08-01 10:27:08 AM,4936.0,150,740400.0,78154859.5
2025-08-01 10:27:21 AM,4935.0,0,0.0,78154859.5
2025-08-01 10:27:22 AM,4935.0,2,9870.0,78164729.5
2025-08-01 10:27:30 AM,4935.5,0,0.0,78164729.5
2025-08-01 10:27:31 AM,4935.5,3,14806.5,78179536.0
2025-08-01 10:27:33 AM,4934.5,4,19738.0,78199274.0
2025-08-01 10:27:36 AM,4934.5,6,29607.0,78228881.0
2025-08-01 10:27:52 AM,4933.5,0,0.0,78228881.0
2025-08-01 10:27:52 AM,4933.5,3,14800.5,78243681.5
2025-08-01 10:27:53 AM,4931.0,0,0.0,78243681.5
2025-08-01 10:27:55 AM,4931.0,9,44379.0,78288060.5
2025-08-01 10:28:03 AM,4932.0,0,0.0,78288060.5
2025-08-01 10:28:03 AM,4934.0,26,128284.0,78416344.5
2025-08-01 10:28:11 AM,4930.5,0,0.0,78416344.5
2025-08-01 10:28:11 AM,4930.5,689,3397114.5,81813459.0
2025-08-01 10:28:16 AM,4933.5,0,0.0,81813459.0
2025-08-01 10:28:16 AM,4933.5,40,197340.0,82010799.0
2025-08-01 10:28:33 AM,4928.0,747,3681216.0,85692015.0
2025-08-01 10:28:43 AM,4932.0,0,0.0,85692015.0
2025-08-01 10:28:44 AM,4932.0,25,123300.0,85815315.0
2025-08-01 10:28:56 AM,4932.0,1,4932.0,85820247.0
2025-08-01 10:29:01 AM,4932.0,14,69048.0,85889295.0
2025-08-01 10:29:17 AM,4933.5,12,59202.0,85948497.0
2025-08-01 10:29:26 AM,4934.0,0,0.0,85948497.0
2025-08-01 10:29:26 AM,4934.0,45,222030.0,86170527.0
2025-08-01 10:29:32 AM,4933.0,2,9866.0,86180393.0
2025-08-01 10:29:40 AM,4933.0,1,4933.0,86185326.0
2025-08-01 10:29:58 AM,4933.0,25,123325.0,86308651.0
2025-08-01 10:29:59 AM,4933.0,1,4933.0,86313584.0
2025-08-01 10:30:49 AM,4932.0,0,0.0,86313584.0
2025-08-01 10:30:49 AM,4932.0,51,251532.0,86565116.0
2025-08-01 10:30:51 AM,4930.5,0,0.0,86565116.0
2025-08-01 10:30:51 AM,4930.5,53,261316.5,86826432.5
2025-08-01 10:30:52 AM,4933.0,0,0.0,86826432.5
2025-08-01 10:30:52 AM,4933.0,200,986600.0,87813032.5
2025-08-01 10:31:01 AM,4929.0,10,49290.0,87862322.5
2025-08-01 10:31:17 AM,4932.5,25,123312.5,87985635.0
2025-08-01 10:31:30 AM,4932.0,0,0.0,87985635.0
2025-08-01 10:31:30 AM,4932.0,1,4932.0,87990567.0
2025-08-01 10:31:34 AM,4932.0,5,24660.0,88015227.0
2025-08-01 10:31:52 AM,4932.0,20,98640.0,88113867.0
2025-08-01 10:32:10 AM,4932.0,14,69048.0,88182915.0
2025-08-01 10:32:19 AM,4930.5,0,0.0,88182915.0
2025-08-01 10:32:20 AM,4930.5,20,98610.0,88281525.0
2025-08-01 10:32:38 AM,4932.5,0,0.0,88281525.0
2025-08-01 10:32:39 AM,4932.5,3,14797.5,88296322.5
2025-08-01 10:32:42 AM,4930.5,1,4930.5,88301253.0
2025-08-01 10:32:56 AM,4933.0,0,0.0,88301253.0
2025-08-01 10:32:56 AM,4933.0,1,4933.0,88306186.0
2025-08-01 10:32:59 AM,4933.0,2,9866.0,88316052.0
2025-08-01 10:33:23 AM,4932.5,1,4932.5,88320984.5
2025-08-01 10:33:26 AM,4930.0,0,0.0,88320984.5
2025-08-01 10:33:26 AM,4930.0,2,9860.0,88330844.5
2025-08-01 10:33:29 AM,4932.0,0,0.0,88330844.5
2025-08-01 10:33:29 AM,4932.0,1,4932.0,88335776.5
2025-08-01 10:33:54 AM,4930.5,10,49305.0,88385081.5
2025-08-01 10:33:56 AM,4932.5,0,0.0,88385081.5
2025-08-01 10:33:56 AM,4932.5,11,54257.5,88439339.0
2025-08-01 10:33:58 AM,4933.0,0,0.0,88439339.0
2025-08-01 10:33:58 AM,4933.0,1,4933.0,88444272.0
2025-08-01 10:34:15 AM,4933.0,10,49330.0,88493602.0
2025-08-01 10:34:48 AM,4933.5,1,4933.5,88498535.5
2025-08-01 10:34:50 AM,4932.0,0,0.0,88498535.5
2025-08-01 10:34:51 AM,4932.0,22,108504.0,88607039.5
2025-08-01 10:35:27 AM,4930.5,0,0.0,88607039.5
2025-08-01 10:35:27 AM,4930.5,30,147915.0,88754954.5
2025-08-01 10:35:30 AM,4932.5,0,0.0,88754954.5
2025-08-01 10:35:30 AM,4932.5,22,108515.0,88863469.5
2025-08-01 10:35:48 AM,4929.0,304,1498416.0,90361885.5
2025-08-01 10:35:52 AM,4930.0,0,0.0,90361885.5
2025-08-01 10:35:52 AM,4930.0,7,34510.0,90396395.5
2025-08-01 10:35:54 AM,4928.5,0,0.0,90396395.5
2025-08-01 10:35:54 AM,4928.5,1,4928.5,90401324.0
2025-08-01 10:35:55 AM,4930.0,2,9860.0,90411184.0
2025-08-01 10:35:59 AM,4930.0,1,4930.0,90416114.0
2025-08-01 10:36:31 AM,4928.5,0,0.0,90416114.0
2025-08-01 10:36:31 AM,4928.5,9,44356.5,90460470.5
2025-08-01 10:36:40 AM,4928.0,0,0.0,90460470.5
2025-08-01 10:36:40 AM,4928.0,4,19712.0,90480182.5
2025-08-01 10:36:45 AM,4929.5,0,0.0,90480182.5
2025-08-01 10:36:45 AM,4929.5,28,138026.0,90618208.5
2025-08-01 10:36:48 AM,4930.0,8,39440.0,90657648.5
2025-08-01 10:36:55 AM,4931.5,0,0.0,90657648.5
2025-08-01 10:36:55 AM,4931.5,1,4931.5,90662580.0
2025-08-01 10:36:59 AM,4932.0,37,182484.0,90845064.0
2025-08-01 10:37:11 AM,4932.0,11,54252.0,90899316.0
2025-08-01 10:37:13 AM,4932.0,9,44388.0,90943704.0
2025-08-01 10:38:20 AM,4931.0,7,34517.0,90978221.0
2025-08-01 10:38:22 AM,4932.0,0,0.0,90978221.0
2025-08-01 10:38:22 AM,4932.0,1,4932.0,90983153.0
2025-08-01 10:38:39 AM,4931.0,0,0.0,90983153.0
2025-08-01 10:38:41 AM,4932.0,196,966672.0,91949825.0
2025-08-01 10:38:43 AM,4932.5,547,2698077.5,94647902.5
2025-08-01 10:38:49 AM,4932.5,2,9865.0,94657767.5
2025-08-01 10:39:18 AM,4932.0,0,0.0,94657767.5
2025-08-01 10:39:20 AM,4930.5,49,241594.5,94899362.0
2025-08-01 10:39:22 AM,4930.5,2,9861.0,94909223.0
2025-08-01 10:39:25 AM,4930.5,5,24652.5,94933875.5
2025-08-01 10:39:31 AM,4932.0,10,49320.0,94983195.5
2025-08-01 10:39:36 AM,4928.5,35,172497.5,95155693.0
2025-08-01 10:39:56 AM,4925.0,0,0.0,95155693.0
2025-08-01 10:39:56 AM,4925.0,857,4220725.0,99376418.0
2025-08-01 10:39:59 AM,4926.0,5,24630.0,99401048.0
2025-08-01 10:40:01 AM,4929.0,35,172515.0,99573563.0
2025-08-01 10:40:17 AM,4925.0,0,0.0,99573563.0
2025-08-01 10:40:18 AM,4925.0,8,39400.0,99612963.0
2025-08-01 10:40:37 AM,4925.0,306,1507050.0,101120013.0
2025-08-01 10:40:44 AM,4927.5,0,0.0,101120013.0
2025-08-01 10:40:44 AM,4927.5,3,14782.5,101134795.5
2025-08-01 10:40:46 AM,4927.5,1,4927.5,101139723.0
2025-08-01 10:40:53 AM,4925.5,8,39404.0,101179127.0
2025-08-01 10:41:16 AM,4926.0,0,0.0,101179127.0
2025-08-01 10:41:16 AM,4926.0,2,9852.0,101188979.0
2025-08-01 10:41:19 AM,4925.0,938,4619650.0,105808629.0
2025-08-01 10:41:21 AM,4925.0,187,920975.0,106729604.0
2025-08-01 10:41:31 AM,4925.0,50,246250.0,106975854.0
2025-08-01 10:41:36 AM,4926.0,0,0.0,106975854.0
2025-08-01 10:41:37 AM,4923.0,0,0.0,106975854.0
2025-08-01 10:41:37 AM,4923.0,554,2727342.0,109703196.0
2025-08-01 10:41:42 AM,4923.0,9,44307.0,109747503.0
2025-08-01 10:41:45 AM,4921.5,0,0.0,109747503.0
2025-08-01 10:41:48 AM,4921.5,583,2869234.5,112616737.5
2025-08-01 10:41:51 AM,4922.0,0,0.0,112616737.5
2025-08-01 10:41:53 AM,4922.0,5,24610.0,112641347.5
2025-08-01 10:42:00 AM,4922.0,4,19688.0,112661035.5
2025-08-01 10:42:09 AM,4923.0,0,0.0,112661035.5
2025-08-01 10:42:09 AM,4923.0,6,29538.0,112690573.5
2025-08-01 10:42:17 AM,4926.5,20,98530.0,112789103.5
2025-08-01 10:42:23 AM,4922.5,10,49225.0,112838328.5
2025-08-01 10:42:33 AM,4924.5,0,0.0,112838328.5
2025-08-01 10:42:34 AM,4924.5,9,44320.5,112882649.0
2025-08-01 10:42:45 AM,4924.5,2,9849.0,112892498.0
2025-08-01 10:42:48 AM,4924.5,5,24622.5,112917120.5
2025-08-01 10:43:00 AM,4922.5,0,0.0,112917120.5
2025-08-01 10:43:00 AM,4922.5,100,492250.0,113409370.5
2025-08-01 10:43:04 AM,4923.5,0,0.0,113409370.5
2025-08-01 10:43:04 AM,4923.5,5,24617.5,113433988.0
2025-08-01 10:43:11 AM,4922.0,50,246100.0,113680088.0
2025-08-01 10:43:12 AM,4920.0,10,49200.0,113729288.0
2025-08-01 10:43:14 AM,4918.5,0,0.0,113729288.0
2025-08-01 10:43:14 AM,4918.5,15,73777.5,113803065.5
2025-08-01 10:43:17 AM,4920.5,2,9841.0,113812906.5
2025-08-01 10:43:25 AM,4918.0,0,0.0,113812906.5
2025-08-01 10:43:26 AM,4918.0,16,78688.0,113891594.5
2025-08-01 10:43:36 AM,4919.0,1,4919.0,113896513.5
2025-08-01 10:43:38 AM,4919.5,15,73792.5,113970306.0
2025-08-01 10:43:42 AM,4919.0,1,4919.0,113975225.0
2025-08-01 10:43:55 AM,4920.5,0,0.0,113975225.0
2025-08-01 10:43:55 AM,4920.5,2,9841.0,113985066.0
2025-08-01 10:43:56 AM,4919.0,73,359087.0,114344153.0
2025-08-01 10:43:58 AM,4920.5,30,147615.0,114491768.0
2025-08-01 10:44:22 AM,4918.0,0,0.0,114491768.0
2025-08-01 10:44:22 AM,4918.0,8,39344.0,114531112.0
2025-08-01 10:44:25 AM,4918.0,2,9836.0,114540948.0
2025-08-01 10:44:29 AM,4920.0,0,0.0,114540948.0
2025-08-01 10:44:30 AM,4920.0,20,98400.0,114639348.0
2025-08-01 10:44:34 AM,4921.0,0,0.0,114639348.0
2025-08-01 10:44:36 AM,4921.0,20,98420.0,114737768.0
2025-08-01 10:44:41 AM,4919.5,0,0.0,114737768.0
2025-08-01 10:44:41 AM,4919.5,15,73792.5,114811560.5
2025-08-01 10:44:46 AM,4921.5,30,147645.0,114959205.5
2025-08-01 10:44:48 AM,4922.5,0,0.0,114959205.5
2025-08-01 10:44:49 AM,4922.5,25,123062.5,115082268.0
2025-08-01 10:44:52 AM,4922.5,60,295350.0,115377618.0
2025-08-01 10:44:54 AM,4922.0,1,4922.0,115382540.0
2025-08-01 10:44:57 AM,4922.5,0,0.0,115382540.0
2025-08-01 10:44:57 AM,4922.5,15,73837.5,115456377.5
2025-08-01 10:45:00 AM,4922.5,32,157520.0,115613897.5
2025-08-01 10:45:04 AM,4923.0,0,0.0,115613897.5
2025-08-01 10:45:05 AM,4923.0,37,182151.0,115796048.5
2025-08-01 10:45:11 AM,4925.0,0,0.0,115796048.5
2025-08-01 10:45:11 AM,4925.0,111,546675.0,116342723.5
2025-08-01 10:45:29 AM,4929.5,0,0.0,116342723.5
2025-08-01 10:45:30 AM,4929.5,260,1281670.0,117624393.5
2025-08-01 10:45:32 AM,4927.0,0,0.0,117624393.5
2025-08-01 10:45:33 AM,4927.0,55,270985.0,117895378.5
2025-08-01 10:45:45 AM,4922.5,0,0.0,117895378.5
2025-08-01 10:45:46 AM,4921.5,0,0.0,117895378.5
2025-08-01 10:45:46 AM,4921.5,109,536443.5,118431822.0
2025-08-01 10:45:48 AM,4923.0,0,0.0,118431822.0
2025-08-01 10:45:49 AM,4923.0,8,39384.0,118471206.0
2025-08-01 10:45:55 AM,4922.0,0,0.0,118471206.0
2025-08-01 10:45:56 AM,4922.5,0,0.0,118471206.0
2025-08-01 10:45:57 AM,4922.5,44,216590.0,118687796.0
2025-08-01 10:45:59 AM,4920.0,0,0.0,118687796.0
2025-08-01 10:45:59 AM,4920.0,188,924960.0,119612756.0
2025-08-01 10:46:00 AM,4921.0,1,4921.0,119617677.0
2025-08-01 10:46:05 AM,4921.5,10,49215.0,119666892.0
2025-08-01 10:46:07 AM,4921.5,6,29529.0,119696421.0
2025-08-01 10:46:07 AM,4921.5,10,49215.0,119745636.0
2025-08-01 10:46:10 AM,4918.0,0,0.0,119745636.0
2025-08-01 10:46:10 AM,4918.0,503,2473754.0,122219390.0
2025-08-01 10:46:14 AM,4920.0,0,0.0,122219390.0
2025-08-01 10:46:14 AM,4920.0,110,541200.0,122760590.0
2025-08-01 10:46:17 AM,4918.0,16,78688.0,122839278.0
2025-08-01 10:46:18 AM,4920.0,0,0.0,122839278.0
2025-08-01 10:46:18 AM,4920.0,7,34440.0,122873718.0
2025-08-01 10:46:18 AM,4920.0,3,14760.0,122888478.0
2025-08-01 10:46:19 AM,4920.5,0,0.0,122888478.0
2025-08-01 10:46:19 AM,4920.5,1,4920.5,122893398.5
2025-08-01 10:46:30 AM,4920.5,7,34443.5,122927842.0
2025-08-01 10:46:33 AM,4922.5,200,984500.0,123912342.0
2025-08-01 10:46:37 AM,4921.0,0,0.0,123912342.0
2025-08-01 10:46:37 AM,4921.0,40,196840.0,124109182.0
2025-08-01 10:46:38 AM,4921.0,4,19684.0,124128866.0
2025-08-01 10:46:41 AM,4921.0,10,49210.0,124178076.0
2025-08-01 10:46:43 AM,4921.0,1,4921.0,124182997.0
2025-08-01 10:46:44 AM,4922.0,10,49220.0,124232217.0
2025-08-01 10:46:45 AM,4919.0,0,0.0,124232217.0
2025-08-01 10:46:45 AM,4919.0,55,270545.0,124502762.0
2025-08-01 10:46:48 AM,4921.5,0,0.0,124502762.0
2025-08-01 10:46:48 AM,4921.5,10,49215.0,124551977.0
2025-08-01 10:46:56 AM,4921.5,1,4921.5,124556898.5
2025-08-01 10:46:57 AM,4921.5,1,4921.5,124561820.0
2025-08-01 10:47:04 AM,4921.5,75,369112.5,124930932.5
2025-08-01 10:47:10 AM,4921.5,3,14764.5,124945697.0
2025-08-01 10:47:15 AM,4921.5,1,4921.5,124950618.5
2025-08-01 10:47:22 AM,4919.5,0,0.0,124950618.5
2025-08-01 10:47:22 AM,4919.5,10,49195.0,124999813.5
2025-08-01 10:47:34 AM,4922.5,0,0.0,124999813.5
2025-08-01 10:47:36 AM,4922.5,100,492250.0,125492063.5
2025-08-01 10:47:39 AM,4922.5,12,59070.0,125551133.5
2025-08-01 10:47:40 AM,4920.5,0,0.0,125551133.5
2025-08-01 10:47:42 AM,4920.5,10,49205.0,125600338.5
2025-08-01 10:47:46 AM,4919.5,0,0.0,125600338.5
2025-08-01 10:47:47 AM,4919.5,45,221377.5,125821716.0
2025-08-01 10:47:54 AM,4920.0,0,0.0,125821716.0
2025-08-01 10:47:55 AM,4920.0,4,19680.0,125841396.0
2025-08-01 10:47:58 AM,4920.0,15,73800.0,125915196.0
2025-08-01 10:48:00 AM,4920.0,19,93480.0,126008676.0
2025-08-01 10:48:03 AM,4922.0,0,0.0,126008676.0
2025-08-01 10:48:03 AM,4922.0,10,49220.0,126057896.0
2025-08-01 10:48:06 AM,4920.0,0,0.0,126057896.0
2025-08-01 10:48:06 AM,4920.0,1,4920.0,126062816.0
2025-08-01 10:48:11 AM,4920.0,10,49200.0,126112016.0
2025-08-01 10:48:36 AM,4920.0,16,78720.0,126190736.0
2025-08-01 10:48:38 AM,4918.0,433,2129494.0,128320230.0
2025-08-01 10:48:43 AM,4920.0,3,14760.0,128334990.0
2025-08-01 10:48:53 AM,4919.0,0,0.0,128334990.0
2025-08-01 10:48:54 AM,4919.0,3,14757.0,128349747.0
2025-08-01 10:48:58 AM,4919.0,2,9838.0,128359585.0
2025-08-01 10:49:13 AM,4918.0,0,0.0,128359585.0
2025-08-01 10:49:15 AM,4919.0,143,703417.0,129063002.0
2025-08-01 10:49:16 AM,4920.0,0,0.0,129063002.0
2025-08-01 10:49:16 AM,4920.0,10,49200.0,129112202.0
2025-08-01 10:49:24 AM,4918.0,0,0.0,129112202.0
2025-08-01 10:49:25 AM,4920.5,30,147615.0,129259817.0
2025-08-01 10:49:30 AM,4918.0,7,34426.0,129294243.0
2025-08-01 10:49:32 AM,4920.5,55,270627.5,129564870.5
2025-08-01 10:49:41 AM,4918.0,0,0.0,129564870.5
2025-08-01 10:49:41 AM,4918.0,24,118032.0,129682902.5
2025-08-01 10:50:03 AM,4918.0,399,1962282.0,131645184.5
2025-08-01 10:50:20 AM,4921.0,0,0.0,131645184.5
2025-08-01 10:50:21 AM,4921.0,13,63973.0,131709157.5
2025-08-01 10:50:37 AM,4919.0,0,0.0,131709157.5
2025-08-01 10:50:37 AM,4919.0,4,19676.0,131728833.5
2025-08-01 10:50:38 AM,4920.5,0,0.0,131728833.5
2025-08-01 10:50:42 AM,4920.5,25,123012.5,131851846.0
2025-08-01 10:50:44 AM,4921.0,0,0.0,131851846.0
2025-08-01 10:50:45 AM,4919.0,0,0.0,131851846.0
2025-08-01 10:50:47 AM,4919.0,111,546009.0,132397855.0
2025-08-01 10:50:49 AM,4920.5,0,0.0,132397855.0
2025-08-01 10:50:50 AM,4918.5,0,0.0,132397855.0
2025-08-01 10:50:53 AM,4918.5,32,157392.0,132555247.0
2025-08-01 10:50:57 AM,4915.5,0,0.0,132555247.0
2025-08-01 10:50:58 AM,4908.0,0,0.0,132555247.0
2025-08-01 10:50:59 AM,4907.5,3467,17014302.5,149569549.5
2025-08-01 10:51:08 AM,4907.0,0,0.0,149569549.5
2025-08-01 10:51:10 AM,4906.5,0,0.0,149569549.5
2025-08-01 10:51:10 AM,4904.0,0,0.0,149569549.5
2025-08-01 10:51:10 AM,4903.5,348,1706418.0,151275967.5
2025-08-01 10:51:12 AM,4904.5,0,0.0,151275967.5
2025-08-01 10:51:14 AM,4905.0,0,0.0,151275967.5
2025-08-01 10:51:16 AM,4904.5,0,0.0,151275967.5
2025-08-01 10:51:16 AM,4907.5,494,2424305.0,153700272.5
2025-08-01 10:51:18 AM,4904.5,0,0.0,153700272.5
2025-08-01 10:51:20 AM,4907.0,0,0.0,153700272.5
2025-08-01 10:51:21 AM,4904.5,79,387455.5,154087728.0
2025-08-01 10:51:24 AM,4906.5,0,0.0,154087728.0
2025-08-01 10:51:26 AM,4906.5,7,34345.5,154122073.5
2025-08-01 10:51:30 AM,4907.0,0,0.0,154122073.5
2025-08-01 10:51:32 AM,4907.0,60,294420.0,154416493.5
2025-08-01 10:51:34 AM,4907.5,0,0.0,154416493.5
2025-08-01 10:51:34 AM,4906.5,0,0.0,154416493.5
2025-08-01 10:51:38 AM,4906.5,199,976393.5,155392887.0
2025-08-01 10:51:38 AM,4907.0,100,490700.0,155883587.0
2025-08-01 10:51:43 AM,4907.0,5,24535.0,155908122.0
2025-08-01 10:51:49 AM,4907.0,115,564305.0,156472427.0
2025-08-01 10:51:54 AM,4907.0,67,328769.0,156801196.0
2025-08-01 10:51:59 AM,4905.0,150,735750.0,157536946.0
2025-08-01 10:52:00 AM,4905.0,39,191295.0,157728241.0
2025-08-01 10:52:10 AM,4905.0,6,29430.0,157757671.0
2025-08-01 10:52:11 AM,4905.0,5,24525.0,157782196.0
2025-08-01 10:52:19 AM,4905.0,80,392400.0,158174596.0
2025-08-01 10:52:24 AM,4906.0,0,0.0,158174596.0
2025-08-01 10:52:24 AM,4906.0,1,4906.0,158179502.0
2025-08-01 10:52:29 AM,4906.0,4,19624.0,158199126.0
2025-08-01 10:52:30 AM,4906.0,11,53966.0,158253092.0
2025-08-01 10:52:32 AM,4906.0,1,4906.0,158257998.0
2025-08-01 10:52:35 AM,4906.0,34,166804.0,158424802.0
2025-08-01 10:52:36 AM,4905.0,30,147150.0,158571952.0
2025-08-01 10:52:47 AM,4905.0,20,98100.0,158670052.0
2025-08-01 10:52:57 AM,4905.0,20,98100.0,158768152.0
2025-08-01 10:52:57 AM,4905.0,50,245250.0,159013402.0
2025-08-01 10:53:00 AM,4909.0,0,0.0,159013402.0
2025-08-01 10:53:00 AM,4909.0,99,485991.0,159499393.0
2025-08-01 10:53:13 AM,4907.0,3,14721.0,159514114.0
2025-08-01 10:53:21 AM,4906.0,0,0.0,159514114.0
2025-08-01 10:53:21 AM,4906.0,1,4906.0,159519020.0
2025-08-01 10:53:23 AM,4905.5,1,4905.5,159523925.5
2025-08-01 10:53:27 AM,4905.0,16,78480.0,159602405.5
2025-08-01 10:53:37 AM,4905.0,7,34335.0,159636740.5
2025-08-01 10:53:45 AM,4905.0,14,68670.0,159705410.5
2025-08-01 10:53:46 AM,4907.5,10,49075.0,159754485.5
2025-08-01 10:53:52 AM,4908.0,15,73620.0,159828105.5
2025-08-01 10:53:55 AM,4908.5,0,0.0,159828105.5
2025-08-01 10:53:55 AM,4908.5,1,4908.5,159833014.0
2025-08-01 10:54:18 AM,4907.0,0,0.0,159833014.0
2025-08-01 10:54:18 AM,4907.0,1,4907.0,159837921.0
2025-08-01 10:54:22 AM,4905.0,0,0.0,159837921.0
2025-08-01 10:54:24 AM,4905.0,55,269775.0,160107696.0
2025-08-01 10:54:29 AM,4905.0,76,372780.0,160480476.0
2025-08-01 10:54:32 AM,4907.0,0,0.0,160480476.0
2025-08-01 10:54:34 AM,4908.5,0,0.0,160480476.0
2025-08-01 10:54:34 AM,4908.5,113,554660.5,161035136.5
2025-08-01 10:54:38 AM,4908.0,0,0.0,161035136.5
2025-08-01 10:54:39 AM,4908.0,2,9816.0,161044952.5
2025-08-01 10:54:52 AM,4907.0,0,0.0,161044952.5
2025-08-01 10:54:55 AM,4907.0,5,24535.0,161069487.5
2025-08-01 10:55:00 AM,4905.5,0,0.0,161069487.5
2025-08-01 10:55:01 AM,4905.5,50,245275.0,161314762.5
2025-08-01 10:55:11 AM,4905.0,0,0.0,161314762.5
2025-08-01 10:55:11 AM,4905.0,1,4905.0,161319667.5
2025-08-01 10:55:18 AM,4907.0,25,122675.0,161442342.5
2025-08-01 10:55:24 AM,4904.5,108,529686.0,161972028.5
2025-08-01 10:55:26 AM,4904.5,2,9809.0,161981837.5
2025-08-01 10:55:28 AM,4901.0,954,4675554.0,166657391.5
2025-08-01 10:55:28 AM,4899.5,28,137186.0,166794577.5
2025-08-01 10:55:29 AM,4900.0,0,0.0,166794577.5
2025-08-01 10:55:29 AM,4900.0,5,24500.0,166819077.5
2025-08-01 10:55:30 AM,4904.5,0,0.0,166819077.5
2025-08-01 10:55:30 AM,4900.5,0,0.0,166819077.5
2025-08-01 10:55:30 AM,4900.5,92,450846.0,167269923.5
2025-08-01 10:55:34 AM,4904.5,11,53949.5,167323873.0
2025-08-01 10:55:36 AM,4903.5,0,0.0,167323873.0
2025-08-01 10:55:36 AM,4902.5,0,0.0,167323873.0
2025-08-01 10:55:36 AM,4902.5,147,720667.5,168044540.5
2025-08-01 10:55:38 AM,4903.0,72,353016.0,168397556.5
2025-08-01 10:55:39 AM,4903.0,5,24515.0,168422071.5
2025-08-01 10:55:44 AM,4905.0,17,83385.0,168505456.5
2025-08-01 10:55:45 AM,4909.5,0,0.0,168505456.5
2025-08-01 10:55:45 AM,4909.5,41,201289.5,168706746.0
2025-08-01 10:55:48 AM,4906.5,5,24532.5,168731278.5
2025-08-01 10:55:48 AM,4912.0,200,982400.0,169713678.5
2025-08-01 10:55:59 AM,4912.0,200,982400.0,170696078.5
2025-08-01 10:56:03 AM,4909.0,0,0.0,170696078.5
2025-08-01 10:56:03 AM,4909.0,62,304358.0,171000436.5
2025-08-01 10:56:05 AM,4912.0,299,1468688.0,172469124.5
2025-08-01 10:56:07 AM,4912.5,2,9825.0,172478949.5
2025-08-01 10:56:08 AM,4912.5,2,9825.0,172488774.5
2025-08-01 10:56:10 AM,4913.0,0,0.0,172488774.5
2025-08-01 10:56:10 AM,4913.0,11,54043.0,172542817.5
2025-08-01 10:56:14 AM,4913.0,25,122825.0,172665642.5
2025-08-01 10:56:14 AM,4913.0,7,34391.0,172700033.5
2025-08-01 10:56:17 AM,4913.0,1,4913.0,172704946.5
2025-08-01 10:56:21 AM,4911.0,60,294660.0,172999606.5
2025-08-01 10:56:27 AM,4913.0,0,0.0,172999606.5
2025-08-01 10:56:27 AM,4913.0,1,4913.0,173004519.5
2025-08-01 10:56:27 AM,4913.0,21,103173.0,173107692.5
2025-08-01 10:56:28 AM,4916.5,0,0.0,173107692.5
2025-08-01 10:56:28 AM,4916.5,261,1283206.5,174390899.0
2025-08-01 10:56:30 AM,4912.5,22,108075.0,174498974.0
2025-08-01 10:56:33 AM,4915.0,2,9830.0,174508804.0
2025-08-01 10:56:45 AM,4915.0,5,24575.0,174533379.0
2025-08-01 10:56:48 AM,4915.5,0,0.0,174533379.0
2025-08-01 10:56:48 AM,4915.5,15,73732.5,174607111.5
2025-08-01 10:56:51 AM,4911.5,10,49115.0,174656226.5
2025-08-01 10:57:06 AM,4915.5,0,0.0,174656226.5
2025-08-01 10:57:08 AM,4914.5,0,0.0,174656226.5
2025-08-01 10:57:08 AM,4914.5,120,589740.0,175245966.5
2025-08-01 10:57:14 AM,4914.5,2,9829.0,175255795.5
2025-08-01 10:57:24 AM,4914.5,225,1105762.5,176361558.0
2025-08-01 10:57:48 AM,4915.0,0,0.0,176361558.0
2025-08-01 10:57:50 AM,4915.0,20,98300.0,176459858.0
2025-08-01 10:58:00 AM,4912.5,0,0.0,176459858.0
2025-08-01 10:58:01 AM,4912.5,15,73687.5,176533545.5
2025-08-01 10:58:20 AM,4914.5,0,0.0,176533545.5
2025-08-01 10:58:22 AM,4914.5,11,54059.5,176587605.0
2025-08-01 10:58:28 AM,4911.0,0,0.0,176587605.0
2025-08-01 10:58:28 AM,4911.0,25,122775.0,176710380.0
2025-08-01 10:58:55 AM,4911.5,25,122787.5,176833167.5
2025-08-01 10:59:18 AM,4914.0,0,0.0,176833167.5
2025-08-01 10:59:18 AM,4914.5,0,0.0,176833167.5
2025-08-01 10:59:21 AM,4914.5,41,201494.5,177034662.0
2025-08-01 10:59:31 AM,4914.5,50,245725.0,177280387.0
2025-08-01 10:59:38 AM,4914.0,0,0.0,177280387.0
2025-08-01 10:59:42 AM,4914.0,7,34398.0,177314785.0
2025-08-01 10:59:47 AM,4914.5,119,584825.5,177899610.5
2025-08-01 10:59:58 AM,4914.5,4,19658.0,177919268.5
2025-08-01 11:00:04 AM,4914.5,134,658543.0,178577811.5
2025-08-01 11:00:10 AM,4917.0,0,0.0,178577811.5
2025-08-01 11:00:10 AM,4917.0,372,1829124.0,180406935.5
2025-08-01 11:00:16 AM,4917.0,33,162261.0,180569196.5
2025-08-01 11:00:19 AM,4921.0,0,0.0,180569196.5
2025-08-01 11:00:21 AM,4924.5,0,0.0,180569196.5
2025-08-01 11:00:21 AM,4924.5,735,3619507.5,184188704.0
2025-08-01 11:00:23 AM,4920.5,0,0.0,184188704.0
2025-08-01 11:00:27 AM,4920.5,1,4920.5,184193624.5
2025-08-01 11:00:29 AM,4921.5,0,0.0,184193624.5
2025-08-01 11:00:32 AM,4918.5,64,314784.0,184508408.5
2025-08-01 11:00:37 AM,4917.5,0,0.0,184508408.5
2025-08-01 11:00:37 AM,4917.5,2,9835.0,184518243.5
2025-08-01 11:00:38 AM,4915.5,2,9831.0,184528074.5
2025-08-01 11:00:41 AM,4917.5,0,0.0,184528074.5
2025-08-01 11:00:43 AM,4917.5,10,49175.0,184577249.5
2025-08-01 11:00:49 AM,4915.0,0,0.0,184577249.5
2025-08-01 11:00:51 AM,4916.0,0,0.0,184577249.5
2025-08-01 11:00:53 AM,4916.0,52,255632.0,184832881.5
2025-08-01 11:00:55 AM,4918.0,0,0.0,184832881.5
2025-08-01 11:00:58 AM,4918.0,1,4918.0,184837799.5
2025-08-01 11:00:59 AM,4918.0,10,49180.0,184886979.5
2025-08-01 11:01:04 AM,4918.0,250,1229500.0,186116479.5
2025-08-01 11:01:07 AM,4917.5,0,0.0,186116479.5
2025-08-01 11:01:07 AM,4917.5,22,108185.0,186224664.5
2025-08-01 11:01:09 AM,4917.5,7,34422.5,186259087.0
2025-08-01 11:01:10 AM,4918.0,10,49180.0,186308267.0
2025-08-01 11:01:12 AM,4919.0,0,0.0,186308267.0
2025-08-01 11:01:12 AM,4919.0,6,29514.0,186337781.0
2025-08-01 11:01:20 AM,4918.5,0,0.0,186337781.0
2025-08-01 11:01:20 AM,4918.5,12,59022.0,186396803.0
2025-08-01 11:01:22 AM,4919.0,0,0.0,186396803.0
2025-08-01 11:01:22 AM,4919.0,100,491900.0,186888703.0
2025-08-01 11:01:26 AM,4917.0,4,19668.0,186908371.0
2025-08-01 11:01:33 AM,4918.0,3,14754.0,186923125.0
2025-08-01 11:01:39 AM,4917.0,0,0.0,186923125.0
2025-08-01 11:01:39 AM,4917.0,7,34419.0,186957544.0
2025-08-01 11:01:41 AM,4917.5,2,9835.0,186967379.0
2025-08-01 11:01:41 AM,4918.0,0,0.0,186967379.0
2025-08-01 11:01:41 AM,4918.0,100,491800.0,187459179.0
2025-08-01 11:01:42 AM,4918.0,100,491800.0,187950979.0
2025-08-01 11:01:43 AM,4918.0,4,19672.0,187970651.0
2025-08-01 11:01:51 AM,4918.0,10,49180.0,188019831.0
2025-08-01 11:01:52 AM,4917.0,0,0.0,188019831.0
2025-08-01 11:01:52 AM,4917.0,25,122925.0,188142756.0
2025-08-01 11:01:59 AM,4918.0,0,0.0,188142756.0
2025-08-01 11:01:59 AM,4918.0,1,4918.0,188147674.0
2025-08-01 11:02:07 AM,4917.0,0,0.0,188147674.0
2025-08-01 11:02:07 AM,4917.0,5,24585.0,188172259.0
2025-08-01 11:02:11 AM,4918.0,0,0.0,188172259.0
2025-08-01 11:02:12 AM,4918.0,51,250818.0,188423077.0
2025-08-01 11:02:15 AM,4918.5,0,0.0,188423077.0
2025-08-01 11:02:17 AM,4918.5,251,1234543.5,189657620.5
2025-08-01 11:02:23 AM,4918.5,4,19674.0,189677294.5
2025-08-01 11:02:31 AM,4918.0,0,0.0,189677294.5
2025-08-01 11:02:35 AM,4917.0,14,68838.0,189746132.5
2025-08-01 11:02:41 AM,4918.5,0,0.0,189746132.5
2025-08-01 11:02:41 AM,4918.5,20,98370.0,189844502.5
2025-08-01 11:02:45 AM,4917.0,0,0.0,189844502.5
2025-08-01 11:02:45 AM,4917.0,128,629376.0,190473878.5
2025-08-01 11:02:49 AM,4920.0,0,0.0,190473878.5
2025-08-01 11:02:50 AM,4920.5,119,585539.5,191059418.0
2025-08-01 11:03:01 AM,4921.0,0,0.0,191059418.0
2025-08-01 11:03:02 AM,4921.0,1,4921.0,191064339.0
2025-08-01 11:03:05 AM,4922.5,0,0.0,191064339.0
2025-08-01 11:03:06 AM,4922.5,30,147675.0,191212014.0
2025-08-01 11:03:07 AM,4922.5,50,246125.0,191458139.0
2025-08-01 11:03:12 AM,4922.5,60,295350.0,191753489.0
2025-08-01 11:03:16 AM,4923.0,10,49230.0,191802719.0
2025-08-01 11:03:28 AM,4923.0,25,123075.0,191925794.0
2025-08-01 11:03:41 AM,4922.0,0,0.0,191925794.0
2025-08-01 11:03:42 AM,4922.0,1,4922.0,191930716.0
2025-08-01 11:03:43 AM,4923.0,0,0.0,191930716.0
2025-08-01 11:03:44 AM,4923.0,50,246150.0,192176866.0
2025-08-01 11:03:53 AM,4922.5,86,423335.0,192600201.0
2025-08-01 11:04:08 AM,4924.5,160,787920.0,193388121.0
2025-08-01 11:04:17 AM,4924.0,0,0.0,193388121.0
2025-08-01 11:04:19 AM,4924.0,11,54164.0,193442285.0
2025-08-01 11:04:27 AM,4920.0,0,0.0,193442285.0
2025-08-01 11:04:29 AM,4920.0,60,295200.0,193737485.0
2025-08-01 11:04:31 AM,4920.0,10,49200.0,193786685.0
2025-08-01 11:04:39 AM,4920.0,20,98400.0,193885085.0
2025-08-01 11:05:38 AM,4917.0,13,63921.0,193949006.0
2025-08-01 11:05:39 AM,4916.0,0,0.0,193949006.0
2025-08-01 11:05:40 AM,4917.0,151,742467.0,194691473.0
2025-08-01 11:05:44 AM,4916.0,16,78656.0,194770129.0
2025-08-01 11:05:50 AM,4916.0,10,49160.0,194819289.0
2025-08-01 11:05:54 AM,4915.5,0,0.0,194819289.0
2025-08-01 11:05:54 AM,4915.5,60,294930.0,195114219.0
2025-08-01 11:05:56 AM,4917.5,2,9835.0,195124054.0
2025-08-01 11:06:00 AM,4918.5,140,688590.0,195812644.0
2025-08-01 11:06:06 AM,4917.0,0,0.0,195812644.0
2025-08-01 11:06:06 AM,4917.0,1,4917.0,195817561.0
2025-08-01 11:06:25 AM,4917.0,72,354024.0,196171585.0
2025-08-01 11:06:46 AM,4916.0,9,44244.0,196215829.0
2025-08-01 11:06:58 AM,4916.5,0,0.0,196215829.0
2025-08-01 11:06:58 AM,4916.5,11,54081.5,196269910.5
2025-08-01 11:07:25 AM,4918.0,0,0.0,196269910.5
2025-08-01 11:07:25 AM,4918.0,3,14754.0,196284664.5
2025-08-01 11:07:41 AM,4917.5,0,0.0,196284664.5
2025-08-01 11:07:41 AM,4917.5,14,68845.0,196353509.5
2025-08-01 11:07:57 AM,4918.0,0,0.0,196353509.5
2025-08-01 11:07:58 AM,4918.0,18,88524.0,196442033.5
2025-08-01 11:08:01 AM,4916.5,0,0.0,196442033.5
2025-08-01 11:08:01 AM,4916.5,11,54081.5,196496115.0
2025-08-01 11:08:02 AM,4919.0,50,245950.0,196742065.0
2025-08-01 11:08:11 AM,4916.5,0,0.0,196742065.0
2025-08-01 11:08:11 AM,4916.5,1,4916.5,196746981.5
2025-08-01 11:08:23 AM,4916.5,15,73747.5,196820729.0
2025-08-01 11:08:24 AM,4916.0,1,4916.0,196825645.0
2025-08-01 11:08:57 AM,4916.0,2,9832.0,196835477.0
2025-08-01 11:09:01 AM,4916.0,10,49160.0,196884637.0
2025-08-01 11:09:04 AM,4915.5,23,113056.5,196997693.5
2025-08-01 11:09:10 AM,4915.5,10,49155.0,197046848.5
2025-08-01 11:09:20 AM,4915.5,20,98310.0,197145158.5
2025-08-01 11:09:22 AM,4915.0,0,0.0,197145158.5
2025-08-01 11:09:23 AM,4915.0,61,299815.0,197444973.5
2025-08-01 11:09:27 AM,4915.0,62,304730.0,197749703.5
2025-08-01 11:09:31 AM,4913.0,0,0.0,197749703.5
2025-08-01 11:09:31 AM,4913.0,31,152303.0,197902006.5
2025-08-01 11:09:39 AM,4913.0,30,147390.0,198049396.5
2025-08-01 11:09:49 AM,4913.0,29,142477.0,198191873.5
2025-08-01 11:09:54 AM,4913.0,14,68782.0,198260655.5
2025-08-01 11:10:12 AM,4912.0,236,1159232.0,199419887.5
2025-08-01 11:10:17 AM,4912.0,151,741712.0,200161599.5
2025-08-01 11:10:18 AM,4911.0,124,608964.0,200770563.5
2025-08-01 11:10:27 AM,4911.0,71,348681.0,201119244.5
2025-08-01 11:10:33 AM,4911.0,225,1104975.0,202224219.5
2025-08-01 11:11:01 AM,4911.0,6,29466.0,202253685.5
2025-08-01 11:11:03 AM,4911.0,8,39288.0,202292973.5
2025-08-01 11:11:04 AM,4911.0,20,98220.0,202391193.5
2025-08-01 11:11:17 AM,4911.0,4,19644.0,202410837.5
2025-08-01 11:11:24 AM,4912.0,0,0.0,202410837.5
2025-08-01 11:11:24 AM,4912.0,5,24560.0,202435397.5
2025-08-01 11:11:25 AM,4912.5,0,0.0,202435397.5
2025-08-01 11:11:25 AM,4912.5,23,112987.5,202548385.0
2025-08-01 11:11:43 AM,4912.0,16,78592.0,202626977.0
2025-08-01 11:11:49 AM,4912.5,0,0.0,202626977.0
2025-08-01 11:11:49 AM,4912.5,10,49125.0,202676102.0
2025-08-01 11:12:04 AM,4917.0,0,0.0,202676102.0
2025-08-01 11:12:05 AM,4916.0,130,639080.0,203315182.0
2025-08-01 11:12:32 AM,4915.0,1,4915.0,203320097.0
2025-08-01 11:12:46 AM,4913.0,0,0.0,203320097.0
2025-08-01 11:12:48 AM,4913.0,4,19652.0,203339749.0
2025-08-01 11:13:03 AM,4913.0,4,19652.0,203359401.0
2025-08-01 11:13:09 AM,4913.0,2,9826.0,203369227.0
2025-08-01 11:13:16 AM,4915.0,0,0.0,203369227.0
2025-08-01 11:13:16 AM,4915.0,4,19660.0,203388887.0
2025-08-01 11:13:20 AM,4911.5,0,0.0,203388887.0
2025-08-01 11:13:20 AM,4911.5,242,1188583.0,204577470.0
2025-08-01 11:13:34 AM,4911.0,0,0.0,204577470.0
2025-08-01 11:13:36 AM,4911.0,7,34377.0,204611847.0
2025-08-01 11:13:38 AM,4915.0,50,245750.0,204857597.0
2025-08-01 11:14:06 AM,4912.0,5,24560.0,204882157.0
2025-08-01 11:14:39 AM,4911.5,0,0.0,204882157.0
2025-08-01 11:14:39 AM,4914.5,22,108119.0,204990276.0
2025-08-01 11:15:57 AM,4912.5,0,0.0,204990276.0
2025-08-01 11:15:57 AM,4912.5,1,4912.5,204995188.5
2025-08-01 11:16:13 AM,4913.0,0,0.0,204995188.5
2025-08-01 11:16:17 AM,4913.0,2,9826.0,205005014.5
2025-08-01 11:16:17 AM,4912.0,0,0.0,205005014.5
2025-08-01 11:16:18 AM,4912.0,4,19648.0,205024662.5
2025-08-01 11:16:25 AM,4914.5,0,0.0,205024662.5
2025-08-01 11:16:27 AM,4914.5,1,4914.5,205029577.0
2025-08-01 11:17:09 AM,4912.5,0,0.0,205029577.0
2025-08-01 11:17:09 AM,4912.5,9,44212.5,205073789.5
2025-08-01 11:17:17 AM,4914.5,0,0.0,205073789.5
2025-08-01 11:17:19 AM,4914.5,1,4914.5,205078704.0
2025-08-01 11:17:38 AM,4914.5,1,4914.5,205083618.5
2025-08-01 11:17:49 AM,4914.5,28,137606.0,205221224.5
2025-08-01 11:18:06 AM,4912.5,0,0.0,205221224.5
2025-08-01 11:18:08 AM,4914.0,47,230958.0,205452182.5
2025-08-01 11:18:10 AM,4913.0,3,14739.0,205466921.5
2025-08-01 11:18:12 AM,4911.5,0,0.0,205466921.5
2025-08-01 11:18:13 AM,4911.5,383,1881104.5,207348026.0
2025-08-01 11:18:21 AM,4909.0,739,3627751.0,210975777.0
2025-08-01 11:18:26 AM,4910.5,2,9821.0,210985598.0
2025-08-01 11:18:27 AM,4909.0,0,0.0,210985598.0
2025-08-01 11:18:30 AM,4909.0,1,4909.0,210990507.0
2025-08-01 11:18:31 AM,4908.0,0,0.0,210990507.0
2025-08-01 11:18:32 AM,4908.0,19,93252.0,211083759.0
2025-08-01 11:18:42 AM,4908.0,102,500616.0,211584375.0
2025-08-01 11:18:45 AM,4907.5,0,0.0,211584375.0
2025-08-01 11:18:48 AM,4907.5,10,49075.0,211633450.0
2025-08-01 11:18:59 AM,4907.5,30,147225.0,211780675.0
2025-08-01 11:19:05 AM,4907.5,8,39260.0,211819935.0
2025-08-01 11:19:11 AM,4907.5,5,24537.5,211844472.5
2025-08-01 11:19:18 AM,4906.5,0,0.0,211844472.5
2025-08-01 11:19:21 AM,4906.0,0,0.0,211844472.5
2025-08-01 11:19:22 AM,4906.0,102,500412.0,212344884.5
2025-08-01 11:19:27 AM,4906.0,35,171710.0,212516594.5
2025-08-01 11:19:28 AM,4906.0,7,34342.0,212550936.5
2025-08-01 11:19:43 AM,4906.0,5,24530.0,212575466.5
2025-08-01 11:20:10 AM,4906.0,5,24530.0,212599996.5
2025-08-01 11:20:18 AM,4905.0,0,0.0,212599996.5
2025-08-01 11:20:21 AM,4905.0,137,671985.0,213271981.5
2025-08-01 11:20:26 AM,4905.0,20,98100.0,213370081.5
2025-08-01 11:20:31 AM,4905.0,8,39240.0,213409321.5
2025-08-01 11:20:46 AM,4905.0,10,49050.0,213458371.5
2025-08-01 11:20:51 AM,4905.5,0,0.0,213458371.5
2025-08-01 11:20:52 AM,4905.5,1,4905.5,213463277.0
2025-08-01 11:20:58 AM,4905.0,0,0.0,213463277.0
2025-08-01 11:21:00 AM,4907.0,0,0.0,213463277.0
2025-08-01 11:21:02 AM,4907.0,141,691887.0,214155164.0
2025-08-01 11:21:11 AM,4904.5,0,0.0,214155164.0
2025-08-01 11:21:12 AM,4903.0,0,0.0,214155164.0
2025-08-01 11:21:13 AM,4901.0,518,2538718.0,216693882.0
2025-08-01 11:21:15 AM,4904.0,0,0.0,216693882.0
2025-08-01 11:21:18 AM,4887.5,0,0.0,216693882.0
2025-08-01 11:21:18 AM,4887.5,2804,13704550.0,230398432.0
2025-08-01 11:21:19 AM,4894.0,0,0.0,230398432.0
2025-08-01 11:21:21 AM,4893.5,0,0.0,230398432.0
2025-08-01 11:21:22 AM,4894.0,0,0.0,230398432.0
2025-08-01 11:21:23 AM,4893.0,0,0.0,230398432.0
2025-08-01 11:21:24 AM,4893.0,177,866061.0,231264493.0
2025-08-01 11:21:24 AM,4895.0,0,0.0,231264493.0
2025-08-01 11:21:27 AM,4893.0,0,0.0,231264493.0
2025-08-01 11:21:28 AM,4896.0,0,0.0,231264493.0
2025-08-01 11:21:29 AM,4896.5,55,269307.5,231533800.5
2025-08-01 11:21:34 AM,4898.0,148,724904.0,232258704.5
2025-08-01 11:21:37 AM,4895.5,0,0.0,232258704.5
2025-08-01 11:21:39 AM,4895.5,4,19582.0,232278286.5
2025-08-01 11:21:44 AM,4895.5,5,24477.5,232302764.0
2025-08-01 11:21:46 AM,4893.5,0,0.0,232302764.0
2025-08-01 11:21:48 AM,4892.0,0,0.0,232302764.0
2025-08-01 11:21:49 AM,4892.0,60,293520.0,232596284.0
2025-08-01 11:21:52 AM,4894.0,0,0.0,232596284.0
2025-08-01 11:21:53 AM,4893.5,0,0.0,232596284.0
2025-08-01 11:21:54 AM,4893.5,8,39148.0,232635432.0
2025-08-01 11:21:59 AM,4891.0,0,0.0,232635432.0
2025-08-01 11:21:59 AM,4891.0,61,298351.0,232933783.0
2025-08-01 11:22:00 AM,4890.5,27,132043.5,233065826.5
2025-08-01 11:22:01 AM,4890.5,80,391240.0,233457066.5
2025-08-01 11:22:01 AM,4890.0,0,0.0,233457066.5
2025-08-01 11:22:01 AM,4890.0,110,537900.0,233994966.5
2025-08-01 11:22:02 AM,4890.5,0,0.0,233994966.5
2025-08-01 11:22:02 AM,4890.5,43,210291.5,234205258.0
2025-08-01 11:22:03 AM,4888.0,0,0.0,234205258.0
2025-08-01 11:22:03 AM,4892.5,126,616455.0,234821713.0
2025-08-01 11:22:05 AM,4890.0,0,0.0,234821713.0
2025-08-01 11:22:05 AM,4890.0,11,53790.0,234875503.0
2025-08-01 11:22:05 AM,4893.0,0,0.0,234875503.0
2025-08-01 11:22:05 AM,4893.0,4,19572.0,234895075.0
2025-08-01 11:22:06 AM,4893.5,0,0.0,234895075.0
2025-08-01 11:22:06 AM,4893.5,100,489350.0,235384425.0
2025-08-01 11:22:11 AM,4891.0,47,229877.0,235614302.0
2025-08-01 11:22:14 AM,4890.5,4,19562.0,235633864.0
2025-08-01 11:22:15 AM,4891.0,15,73365.0,235707229.0
2025-08-01 11:22:18 AM,4891.0,12,58692.0,235765921.0
2025-08-01 11:22:18 AM,4891.0,1,4891.0,235770812.0
2025-08-01 11:22:19 AM,4888.0,0,0.0,235770812.0
2025-08-01 11:22:19 AM,4888.0,121,591448.0,236362260.0
2025-08-01 11:22:23 AM,4889.5,10,48895.0,236411155.0
2025-08-01 11:22:23 AM,4891.0,0,0.0,236411155.0
2025-08-01 11:22:23 AM,4891.0,100,489100.0,236900255.0
2025-08-01 11:22:25 AM,4893.5,18,88083.0,236988338.0
2025-08-01 11:22:28 AM,4893.0,2,9786.0,236998124.0
2025-08-01 11:22:34 AM,4893.0,2,9786.0,237007910.0
2025-08-01 11:22:35 AM,4893.0,2,9786.0,237017696.0
2025-08-01 11:22:38 AM,4893.0,1,4893.0,237022589.0
2025-08-01 11:22:50 AM,4895.0,1,4895.0,237027484.0
2025-08-01 11:22:51 AM,4895.5,0,0.0,237027484.0
2025-08-01 11:22:52 AM,4895.5,150,734325.0,237761809.0
2025-08-01 11:23:02 AM,4894.0,8,39152.0,237800961.0
2025-08-01 11:23:03 AM,4891.0,100,489100.0,238290061.0
2025-08-01 11:23:04 AM,4893.0,0,0.0,238290061.0
2025-08-01 11:23:04 AM,4893.0,1,4893.0,238294954.0
2025-08-01 11:23:09 AM,4893.5,2,9787.0,238304741.0
2025-08-01 11:23:11 AM,4893.0,0,0.0,238304741.0
2025-08-01 11:23:11 AM,4893.0,2,9786.0,238314527.0
2025-08-01 11:23:24 AM,4894.5,1,4894.5,238319421.5
2025-08-01 11:23:28 AM,4894.5,6,29367.0,238348788.5
2025-08-01 11:23:30 AM,4894.0,0,0.0,238348788.5
2025-08-01 11:23:30 AM,4894.0,1,4894.0,238353682.5
2025-08-01 11:23:31 AM,4894.0,5,24470.0,238378152.5
2025-08-01 11:23:37 AM,4893.0,21,102753.0,238480905.5
2025-08-01 11:23:38 AM,4892.5,10,48925.0,238529830.5
2025-08-01 11:23:39 AM,4893.0,0,0.0,238529830.5
2025-08-01 11:23:39 AM,4893.0,109,533337.0,239063167.5
2025-08-01 11:23:45 AM,4893.0,4,19572.0,239082739.5
2025-08-01 11:23:51 AM,4893.5,0,0.0,239082739.5
2025-08-01 11:23:51 AM,4893.5,1,4893.5,239087633.0
2025-08-01 11:23:52 AM,4891.0,0,0.0,239087633.0
2025-08-01 11:23:52 AM,4891.0,20,97820.0,239185453.0
2025-08-01 11:23:53 AM,4892.0,0,0.0,239185453.0
2025-08-01 11:23:53 AM,4892.0,1,4892.0,239190345.0
2025-08-01 11:24:07 AM,4892.0,8,39136.0,239229481.0
2025-08-01 11:24:14 AM,4893.5,10,48935.0,239278416.0
2025-08-01 11:24:17 AM,4895.5,28,137074.0,239415490.0
2025-08-01 11:24:41 AM,4892.5,0,0.0,239415490.0
2025-08-01 11:24:41 AM,4892.5,100,489250.0,239904740.0
2025-08-01 11:24:45 AM,4895.0,0,0.0,239904740.0
2025-08-01 11:24:45 AM,4895.0,1,4895.0,239909635.0
2025-08-01 11:24:51 AM,4892.0,0,0.0,239909635.0
2025-08-01 11:24:51 AM,4892.0,25,122300.0,240031935.0
2025-08-01 11:24:57 AM,4891.5,4,19566.0,240051501.0
2025-08-01 11:25:03 AM,4891.5,10,48915.0,240100416.0
2025-08-01 11:25:10 AM,4891.5,1,4891.5,240105307.5
2025-08-01 11:25:24 AM,4894.0,0,0.0,240105307.5
2025-08-01 11:25:25 AM,4894.0,3,14682.0,240119989.5
2025-08-01 11:25:48 AM,4894.0,2,9788.0,240129777.5
2025-08-01 11:26:08 AM,4894.0,4,19576.0,240149353.5
2025-08-01 11:26:12 AM,4892.0,9,44028.0,240193381.5
2025-08-01 11:26:17 AM,4891.5,14,68481.0,240261862.5
2025-08-01 11:26:32 AM,4893.0,0,0.0,240261862.5
2025-08-01 11:26:32 AM,4893.0,1,4893.0,240266755.5
2025-08-01 11:26:39 AM,4890.5,30,146715.0,240413470.5
2025-08-01 11:26:59 AM,4893.0,40,195720.0,240609190.5
2025-08-01 11:27:02 AM,4890.0,180,880200.0,241489390.5
2025-08-01 11:27:16 AM,4889.5,26,127127.0,241616517.5
2025-08-01 11:27:25 AM,4889.0,0,0.0,241616517.5
2025-08-01 11:27:26 AM,4889.0,11,53779.0,241670296.5
2025-08-01 11:27:38 AM,4888.0,0,0.0,241670296.5
2025-08-01 11:27:38 AM,4888.0,20,97760.0,241768056.5
2025-08-01 11:27:42 AM,4888.0,20,97760.0,241865816.5
2025-08-01 11:27:44 AM,4887.0,0,0.0,241865816.5
2025-08-01 11:27:47 AM,4887.0,142,693954.0,242559770.5
2025-08-01 11:27:50 AM,4885.5,0,0.0,242559770.5
2025-08-01 11:27:51 AM,4889.0,0,0.0,242559770.5
2025-08-01 11:27:52 AM,4889.0,580,2835620.0,245395390.5
2025-08-01 11:28:03 AM,4889.0,72,352008.0,245747398.5
2025-08-01 11:28:06 AM,4883.0,0,0.0,245747398.5
2025-08-01 11:28:08 AM,4883.0,599,2924917.0,248672315.5
2025-08-01 11:28:15 AM,4884.5,5,24422.5,248696738.0
2025-08-01 11:28:26 AM,4884.5,20,97690.0,248794428.0
2025-08-01 11:28:34 AM,4883.5,0,0.0,248794428.0
2025-08-01 11:28:36 AM,4883.5,8,39068.0,248833496.0
2025-08-01 11:28:37 AM,4883.0,0,0.0,248833496.0
2025-08-01 11:28:39 AM,4883.0,10,48830.0,248882326.0
2025-08-01 11:28:40 AM,4884.5,0,0.0,248882326.0
2025-08-01 11:28:41 AM,4884.5,3,14653.5,248896979.5
2025-08-01 11:28:46 AM,4884.5,20,97690.0,248994669.5
2025-08-01 11:28:48 AM,4885.0,0,0.0,248994669.5
2025-08-01 11:28:49 AM,4885.0,227,1108895.0,250103564.5
2025-08-01 11:28:51 AM,4884.5,150,732675.0,250836239.5
2025-08-01 11:28:54 AM,4884.5,14,68383.0,250904622.5
2025-08-01 11:28:56 AM,4887.0,101,493587.0,251398209.5
2025-08-01 11:29:10 AM,4887.5,0,0.0,251398209.5
2025-08-01 11:29:10 AM,4887.5,3,14662.5,251412872.0
2025-08-01 11:29:19 AM,4887.0,6,29322.0,251442194.0
2025-08-01 11:29:24 AM,4888.5,6,29331.0,251471525.0
2025-08-01 11:29:41 AM,4889.0,0,0.0,251471525.0
2025-08-01 11:29:41 AM,4889.0,1,4889.0,251476414.0
2025-08-01 11:29:50 AM,4890.0,36,176040.0,251652454.0
2025-08-01 11:29:55 AM,4887.5,0,0.0,251652454.0
2025-08-01 11:29:55 AM,4887.5,42,205275.0,251857729.0
2025-08-01 11:30:12 AM,4887.5,10,48875.0,251906604.0
2025-08-01 11:30:14 AM,4888.0,1,4888.0,251911492.0
2025-08-01 11:30:33 AM,4887.0,15,73305.0,251984797.0
2025-08-01 11:30:37 AM,4884.0,0,0.0,251984797.0
2025-08-01 11:30:37 AM,4884.0,3,14652.0,251999449.0
2025-08-01 11:30:39 AM,4884.5,0,0.0,251999449.0
2025-08-01 11:30:40 AM,4884.5,6,29307.0,252028756.0
2025-08-01 11:30:47 AM,4884.5,2,9769.0,252038525.0
2025-08-01 11:30:59 AM,4881.5,0,0.0,252038525.0
2025-08-01 11:31:00 AM,4881.5,59,288008.5,252326533.5
2025-08-01 11:31:01 AM,4883.0,0,0.0,252326533.5
2025-08-01 11:31:02 AM,4883.0,5,24415.0,252350948.5
2025-08-01 11:31:05 AM,4880.0,0,0.0,252350948.5
2025-08-01 11:31:05 AM,4880.0,148,722240.0,253073188.5
2025-08-01 11:31:07 AM,4880.0,5,24400.0,253097588.5
2025-08-01 11:31:10 AM,4877.0,87,424299.0,253521887.5
2025-08-01 11:31:17 AM,4878.5,0,0.0,253521887.5
2025-08-01 11:31:17 AM,4878.5,46,224411.0,253746298.5
2025-08-01 11:31:19 AM,4881.5,0,0.0,253746298.5
2025-08-01 11:31:20 AM,4877.0,0,0.0,253746298.5
2025-08-01 11:31:20 AM,4877.0,801,3906477.0,257652775.5
2025-08-01 11:31:28 AM,4881.5,2,9763.0,257662538.5
2025-08-01 11:31:31 AM,4881.5,28,136682.0,257799220.5
2025-08-01 11:31:38 AM,4881.5,2,9763.0,257808983.5
2025-08-01 11:31:41 AM,4878.5,2,9757.0,257818740.5
2025-08-01 11:31:51 AM,4878.0,23,112194.0,257930934.5
2025-08-01 11:31:52 AM,4881.5,0,0.0,257930934.5
2025-08-01 11:31:52 AM,4881.5,25,122037.5,258052972.0
2025-08-01 11:31:54 AM,4879.0,0,0.0,258052972.0
2025-08-01 11:31:56 AM,4879.0,1,4879.0,258057851.0
2025-08-01 11:31:58 AM,4881.5,0,0.0,258057851.0
2025-08-01 11:32:00 AM,4881.5,32,156208.0,258214059.0
2025-08-01 11:32:10 AM,4881.5,1,4881.5,258218940.5
2025-08-01 11:32:28 AM,4880.5,0,0.0,258218940.5
2025-08-01 11:32:29 AM,4880.5,23,112251.5,258331192.0
2025-08-01 11:32:33 AM,4880.0,0,0.0,258331192.0
2025-08-01 11:32:34 AM,4877.5,4,19510.0,258350702.0
2025-08-01 11:32:39 AM,4874.0,0,0.0,258350702.0
2025-08-01 11:32:40 AM,4878.5,518,2527063.0,260877765.0
2025-08-01 11:32:41 AM,4875.0,1,4875.0,260882640.0
2025-08-01 11:32:42 AM,4878.0,15,73170.0,260955810.0
2025-08-01 11:32:56 AM,4877.5,0,0.0,260955810.0
2025-08-01 11:32:57 AM,4877.5,9,43897.5,260999707.5
2025-08-01 11:32:57 AM,4878.0,0,0.0,260999707.5
2025-08-01 11:32:57 AM,4878.0,16,78048.0,261077755.5
2025-08-01 11:33:06 AM,4878.0,2,9756.0,261087511.5
2025-08-01 11:33:14 AM,4878.0,1,4878.0,261092389.5
2025-08-01 11:33:16 AM,4878.0,48,234144.0,261326533.5
2025-08-01 11:33:45 AM,4878.0,5,24390.0,261350923.5
2025-08-01 11:33:55 AM,4878.0,10,48780.0,261399703.5
2025-08-01 11:34:10 AM,4880.0,18,87840.0,261487543.5
2025-08-01 11:34:23 AM,4881.5,0,0.0,261487543.5
2025-08-01 11:34:23 AM,4881.5,8,39052.0,261526595.5
2025-08-01 11:34:26 AM,4881.5,1,4881.5,261531477.0
2025-08-01 11:34:33 AM,4883.0,7,34181.0,261565658.0
2025-08-01 11:34:50 AM,4883.0,2,9766.0,261575424.0
2025-08-01 11:34:55 AM,4884.0,1,4884.0,261580308.0
2025-08-01 11:34:57 AM,4881.5,1,4881.5,261585189.5
2025-08-01 11:35:07 AM,4882.0,2,9764.0,261594953.5
2025-08-01 11:35:19 AM,4882.0,1,4882.0,261599835.5
2025-08-01 11:35:22 AM,4884.0,1,4884.0,261604719.5
2025-08-01 11:35:26 AM,4884.5,0,0.0,261604719.5
2025-08-01 11:35:26 AM,4884.5,1,4884.5,261609604.0
2025-08-01 11:35:33 AM,4884.5,100,488450.0,262098054.0
2025-08-01 11:35:38 AM,4884.5,8,39076.0,262137130.0
2025-08-01 11:35:38 AM,4885.0,230,1123550.0,263260680.0
2025-08-01 11:36:11 AM,4885.5,0,0.0,263260680.0
2025-08-01 11:36:12 AM,4885.5,20,97710.0,263358390.0
2025-08-01 11:36:14 AM,4885.5,1,4885.5,263363275.5
2025-08-01 11:36:18 AM,4886.0,0,0.0,263363275.5
2025-08-01 11:36:18 AM,4886.0,87,425082.0,263788357.5
2025-08-01 11:36:20 AM,4886.0,82,400652.0,264189009.5
2025-08-01 11:36:20 AM,4885.0,0,0.0,264189009.5
2025-08-01 11:36:20 AM,4885.0,1,4885.0,264193894.5
2025-08-01 11:36:25 AM,4883.5,9,43951.5,264237846.0
2025-08-01 11:36:29 AM,4881.5,0,0.0,264237846.0
2025-08-01 11:36:29 AM,4881.5,38,185497.0,264423343.0
2025-08-01 11:36:48 AM,4880.0,0,0.0,264423343.0
2025-08-01 11:36:48 AM,4880.0,32,156160.0,264579503.0
2025-08-01 11:36:52 AM,4879.5,0,0.0,264579503.0
2025-08-01 11:36:52 AM,4879.5,3,14638.5,264594141.5
2025-08-01 11:36:53 AM,4880.5,0,0.0,264594141.5
2025-08-01 11:36:53 AM,4880.5,32,156176.0,264750317.5
2025-08-01 11:36:56 AM,4880.0,0,0.0,264750317.5
2025-08-01 11:36:56 AM,4880.0,511,2493680.0,267243997.5
2025-08-01 11:37:00 AM,4878.0,0,0.0,267243997.5
2025-08-01 11:37:00 AM,4878.0,23,112194.0,267356191.5
2025-08-01 11:37:06 AM,4878.0,5,24390.0,267380581.5
2025-08-01 11:37:07 AM,4875.0,72,351000.0,267731581.5
2025-08-01 11:37:14 AM,4875.0,3,14625.0,267746206.5
2025-08-01 11:37:20 AM,4875.0,8,39000.0,267785206.5
2025-08-01 11:37:21 AM,4875.0,7,34125.0,267819331.5
2025-08-01 11:37:25 AM,4876.0,0,0.0,267819331.5
2025-08-01 11:37:26 AM,4876.0,2,9752.0,267829083.5
2025-08-01 11:37:52 AM,4875.0,28,136500.0,267965583.5
2025-08-01 11:37:57 AM,4873.0,100,487300.0,268452883.5
2025-08-01 11:38:05 AM,4873.0,9,43857.0,268496740.5
2025-08-01 11:38:10 AM,4876.0,26,126776.0,268623516.5
2025-08-01 11:38:14 AM,4879.0,0,0.0,268623516.5
2025-08-01 11:38:15 AM,4879.0,10,48790.0,268672306.5
2025-08-01 11:38:30 AM,4878.5,0,0.0,268672306.5
2025-08-01 11:38:30 AM,4878.5,5,24392.5,268696699.0
2025-08-01 11:38:36 AM,4878.0,0,0.0,268696699.0
2025-08-01 11:38:36 AM,4878.0,3,14634.0,268711333.0
2025-08-01 11:38:43 AM,4877.5,0,0.0,268711333.0
2025-08-01 11:38:45 AM,4877.5,11,53652.5,268764985.5
2025-08-01 11:38:46 AM,4877.5,1,4877.5,268769863.0
2025-08-01 11:38:54 AM,4878.0,0,0.0,268769863.0
2025-08-01 11:38:55 AM,4878.0,50,243900.0,269013763.0
2025-08-01 11:38:56 AM,4876.0,0,0.0,269013763.0
2025-08-01 11:38:56 AM,4876.0,9,43884.0,269057647.0
2025-08-01 11:38:59 AM,4874.5,0,0.0,269057647.0
2025-08-01 11:39:00 AM,4874.5,18,87741.0,269145388.0
2025-08-01 11:39:05 AM,4868.5,0,0.0,269145388.0
2025-08-01 11:39:05 AM,4868.5,735,3578347.5,272723735.5
2025-08-01 11:39:09 AM,4871.0,0,0.0,272723735.5
2025-08-01 11:39:09 AM,4871.0,25,121775.0,272845510.5
2025-08-01 11:39:28 AM,4870.5,0,0.0,272845510.5
2025-08-01 11:39:29 AM,4869.5,36,175302.0,273020812.5
2025-08-01 11:39:29 AM,4873.5,0,0.0,273020812.5
2025-08-01 11:39:30 AM,4873.5,5,24367.5,273045180.0
2025-08-01 11:39:33 AM,4873.5,37,180319.5,273225499.5
2025-08-01 11:39:41 AM,4873.0,0,0.0,273225499.5
2025-08-01 11:39:42 AM,4873.0,27,131571.0,273357070.5
2025-08-01 11:39:44 AM,4873.0,18,87714.0,273444784.5
2025-08-01 11:39:45 AM,4873.5,0,0.0,273444784.5
2025-08-01 11:39:45 AM,4873.5,11,53608.5,273498393.0
2025-08-01 11:39:47 AM,4871.0,1,4871.0,273503264.0
2025-08-01 11:39:55 AM,4870.0,3,14610.0,273517874.0
2025-08-01 11:39:58 AM,4869.5,3,14608.5,273532482.5
2025-08-01 11:40:00 AM,4871.0,1,4871.0,273537353.5
2025-08-01 11:40:03 AM,4871.0,3,14613.0,273551966.5
2025-08-01 11:40:09 AM,4871.0,8,38968.0,273590934.5
2025-08-01 11:40:14 AM,4871.0,1,4871.0,273595805.5
2025-08-01 11:40:20 AM,4872.0,134,652848.0,274248653.5
2025-08-01 11:40:26 AM,4873.0,0,0.0,274248653.5
2025-08-01 11:40:28 AM,4873.0,9,43857.0,274292510.5
2025-08-01 11:40:29 AM,4873.0,10,48730.0,274341240.5
2025-08-01 11:40:48 AM,4871.5,0,0.0,274341240.5
2025-08-01 11:40:48 AM,4871.5,4,19486.0,274360726.5
2025-08-01 11:40:53 AM,4874.0,0,0.0,274360726.5
2025-08-01 11:40:54 AM,4874.0,11,53614.0,274414340.5
2025-08-01 11:40:59 AM,4874.0,30,146220.0,274560560.5
2025-08-01 11:41:00 AM,4874.5,60,292470.0,274853030.5
2025-08-01 11:41:09 AM,4874.5,42,204729.0,275057759.5
2025-08-01 11:41:14 AM,4874.5,27,131611.5,275189371.0
2025-08-01 11:41:19 AM,4874.5,8,38996.0,275228367.0
2025-08-01 11:41:23 AM,4871.0,0,0.0,275228367.0
2025-08-01 11:41:24 AM,4871.0,81,394551.0,275622918.0
2025-08-01 11:41:27 AM,4874.5,0,0.0,275622918.0
2025-08-01 11:41:29 AM,4874.5,9,43870.5,275666788.5
2025-08-01 11:41:31 AM,4875.5,0,0.0,275666788.5
2025-08-01 11:41:34 AM,4875.5,296,1443148.0,277109936.5
2025-08-01 11:41:39 AM,4875.5,8,39004.0,277148940.5
2025-08-01 11:41:49 AM,4875.5,25,121887.5,277270828.0
2025-08-01 11:41:55 AM,4875.5,1,4875.5,277275703.5
2025-08-01 11:42:01 AM,4875.0,0,0.0,277275703.5
2025-08-01 11:42:05 AM,4875.0,5,24375.0,277300078.5
2025-08-01 11:42:15 AM,4874.5,2,9749.0,277309827.5
2025-08-01 11:42:19 AM,4873.0,0,0.0,277309827.5
2025-08-01 11:42:20 AM,4873.0,2,9746.0,277319573.5
2025-08-01 11:42:27 AM,4874.0,0,0.0,277319573.5
2025-08-01 11:42:30 AM,4874.0,1,4874.0,277324447.5
2025-08-01 11:42:43 AM,4870.5,0,0.0,277324447.5
2025-08-01 11:42:46 AM,4869.0,0,0.0,277324447.5
2025-08-01 11:42:46 AM,4869.0,3,14607.0,277339054.5
2025-08-01 11:42:49 AM,4871.0,0,0.0,277339054.5
2025-08-01 11:42:52 AM,4871.0,2,9742.0,277348796.5
2025-08-01 11:42:59 AM,4870.5,0,0.0,277348796.5
2025-08-01 11:43:02 AM,4870.5,1,4870.5,277353667.0
2025-08-01 11:43:07 AM,4870.0,0,0.0,277353667.0
2025-08-01 11:43:07 AM,4870.0,10,48700.0,277402367.0
2025-08-01 11:43:13 AM,4870.0,10,48700.0,277451067.0
2025-08-01 11:43:14 AM,4866.0,87,423342.0,277874409.0
2025-08-01 11:43:23 AM,4866.5,0,0.0,277874409.0
2025-08-01 11:43:24 AM,4866.5,49,238458.5,278112867.5
2025-08-01 11:43:27 AM,4865.0,0,0.0,278112867.5
2025-08-01 11:43:29 AM,4868.0,224,1090432.0,279203299.5
2025-08-01 11:43:34 AM,4865.5,49,238409.5,279441709.0
2025-08-01 11:43:37 AM,4865.0,0,0.0,279441709.0
2025-08-01 11:43:39 AM,4864.5,0,0.0,279441709.0
2025-08-01 11:43:39 AM,4864.5,174,846423.0,280288132.0
2025-08-01 11:43:44 AM,4865.0,1,4865.0,280292997.0
2025-08-01 11:44:05 AM,4863.5,117,569029.5,280862026.5
2025-08-01 11:44:12 AM,4866.0,10,48660.0,280910686.5
2025-08-01 11:44:18 AM,4866.0,3,14598.0,280925284.5
2025-08-01 11:44:21 AM,4863.5,0,0.0,280925284.5
2025-08-01 11:44:24 AM,4863.5,81,393943.5,281319228.0
2025-08-01 11:44:29 AM,4866.5,17,82730.5,281401958.5
2025-08-01 11:44:30 AM,4863.5,40,194540.0,281596498.5
2025-08-01 11:44:35 AM,4863.5,55,267492.5,281863991.0
2025-08-01 11:44:39 AM,4861.5,0,0.0,281863991.0
2025-08-01 11:44:41 AM,4861.5,11,53476.5,281917467.5
2025-08-01 11:44:45 AM,4865.0,0,0.0,281917467.5
2025-08-01 11:44:46 AM,4865.0,9,43785.0,281961252.5
2025-08-01 11:45:06 AM,4867.0,0,0.0,281961252.5
2025-08-01 11:45:06 AM,4865.0,0,0.0,281961252.5
2025-08-01 11:45:07 AM,4865.0,115,559475.0,282520727.5
2025-08-01 11:45:13 AM,4865.0,54,262710.0,282783437.5
2025-08-01 11:45:27 AM,4866.0,0,0.0,282783437.5
2025-08-01 11:45:29 AM,4866.0,6,29196.0,282812633.5
2025-08-01 11:45:34 AM,4866.0,6,29196.0,282841829.5
2025-08-01 11:45:35 AM,4866.5,0,0.0,282841829.5
2025-08-01 11:45:39 AM,4866.5,12,58398.0,282900227.5
2025-08-01 11:45:45 AM,4866.0,4,19464.0,282919691.5
2025-08-01 11:45:46 AM,4864.0,0,0.0,282919691.5
2025-08-01 11:45:47 AM,4866.5,0,0.0,282919691.5
2025-08-01 11:45:50 AM,4866.5,28,136262.0,283055953.5
2025-08-01 11:45:55 AM,4866.5,10,48665.0,283104618.5
2025-08-01 11:45:58 AM,4865.5,0,0.0,283104618.5
2025-08-01 11:46:00 AM,4866.0,0,0.0,283104618.5
2025-08-01 11:46:01 AM,4866.0,40,194640.0,283299258.5
2025-08-01 11:46:12 AM,4865.0,0,0.0,283299258.5
2025-08-01 11:46:12 AM,4865.0,1,4865.0,283304123.5
2025-08-01 11:46:21 AM,4864.0,0,0.0,283304123.5
2025-08-01 11:46:22 AM,4864.0,5,24320.0,283328443.5
2025-08-01 11:46:22 AM,4862.5,2,9725.0,283338168.5
2025-08-01 11:46:24 AM,4864.5,0,0.0,283338168.5
2025-08-01 11:46:27 AM,4864.5,20,97290.0,283435458.5
2025-08-01 11:46:29 AM,4866.5,0,0.0,283435458.5
2025-08-01 11:46:32 AM,4866.5,30,145995.0,283581453.5
2025-08-01 11:46:38 AM,4867.0,0,0.0,283581453.5
2025-08-01 11:46:38 AM,4867.0,10,48670.0,283630123.5
2025-08-01 11:46:49 AM,4867.5,0,0.0,283630123.5
2025-08-01 11:46:49 AM,4867.5,1,4867.5,283634991.0
2025-08-01 11:46:50 AM,4868.5,0,0.0,283634991.0
2025-08-01 11:46:54 AM,4868.5,100,486850.0,284121841.0
2025-08-01 11:46:57 AM,4868.0,0,0.0,284121841.0
2025-08-01 11:46:59 AM,4868.0,12,58416.0,284180257.0
2025-08-01 11:47:04 AM,4868.0,56,272608.0,284452865.0
2025-08-01 11:47:07 AM,4868.5,0,0.0,284452865.0
2025-08-01 11:47:09 AM,4868.5,117,569614.5,285022479.5
2025-08-01 11:47:21 AM,4870.0,0,0.0,285022479.5
2025-08-01 11:47:25 AM,4870.0,15,73050.0,285095529.5
2025-08-01 11:47:30 AM,4870.0,10,48700.0,285144229.5
2025-08-01 11:47:34 AM,4870.0,1,4870.0,285149099.5
2025-08-01 11:47:37 AM,4870.5,0,0.0,285149099.5
2025-08-01 11:47:39 AM,4870.5,38,185079.0,285334178.5
2025-08-01 11:47:50 AM,4872.5,0,0.0,285334178.5
2025-08-01 11:47:50 AM,4872.5,10,48725.0,285382903.5
2025-08-01 11:47:51 AM,4870.0,0,0.0,285382903.5
2025-08-01 11:47:55 AM,4869.5,0,0.0,285382903.5
2025-08-01 11:47:55 AM,4869.5,15,73042.5,285455946.0
2025-08-01 11:48:00 AM,4868.5,0,0.0,285455946.0
2025-08-01 11:48:01 AM,4868.5,1,4868.5,285460814.5
2025-08-01 11:48:03 AM,4867.5,0,0.0,285460814.5
2025-08-01 11:48:06 AM,4867.5,10,48675.0,285509489.5
2025-08-01 11:48:10 AM,4867.0,0,0.0,285509489.5
2025-08-01 11:48:11 AM,4867.0,20,97340.0,285606829.5
2025-08-01 11:48:17 AM,4870.0,0,0.0,285606829.5
2025-08-01 11:48:18 AM,4868.0,0,0.0,285606829.5
2025-08-01 11:48:21 AM,4868.0,12,58416.0,285665245.5
2025-08-01 11:48:22 AM,4869.5,0,0.0,285665245.5
2025-08-01 11:48:26 AM,4869.5,2,9739.0,285674984.5
2025-08-01 11:48:33 AM,4867.0,0,0.0,285674984.5
2025-08-01 11:48:35 AM,4867.0,18,87606.0,285762590.5
2025-08-01 11:48:46 AM,4867.0,6,29202.0,285791792.5
2025-08-01 11:48:47 AM,4867.5,0,0.0,285791792.5
2025-08-01 11:48:51 AM,4867.5,7,34072.5,285825865.0
2025-08-01 11:49:01 AM,4866.5,0,0.0,285825865.0
2025-08-01 11:49:01 AM,4866.5,20,97330.0,285923195.0
2025-08-01 11:49:03 AM,4866.5,3,14599.5,285937794.5
2025-08-01 11:49:12 AM,4863.5,10,48635.0,285986429.5
2025-08-01 11:49:14 AM,4864.0,13,63232.0,286049661.5
2025-08-01 11:49:26 AM,4866.0,5,24330.0,286073991.5
2025-08-01 11:49:30 AM,4864.5,20,97290.0,286171281.5
2025-08-01 11:49:31 AM,4867.0,0,0.0,286171281.5
2025-08-01 11:49:31 AM,4867.0,136,661912.0,286833193.5
2025-08-01 11:49:46 AM,4868.5,8,38948.0,286872141.5
2025-08-01 11:49:53 AM,4868.5,2,9737.0,286881878.5
2025-08-01 11:49:57 AM,4868.5,6,29211.0,286911089.5
2025-08-01 11:50:00 AM,4868.0,0,0.0,286911089.5
2025-08-01 11:50:00 AM,4868.0,8,38944.0,286950033.5
2025-08-01 11:50:07 AM,4867.5,0,0.0,286950033.5
2025-08-01 11:50:09 AM,4867.5,10,48675.0,286998708.5
2025-08-01 11:50:21 AM,4868.5,0,0.0,286998708.5
2025-08-01 11:50:25 AM,4868.5,16,77896.0,287076604.5
2025-08-01 11:50:30 AM,4868.5,2,9737.0,287086341.5
2025-08-01 11:50:36 AM,4868.0,0,0.0,287086341.5
2025-08-01 11:50:40 AM,4868.0,10,48680.0,287135021.5
2025-08-01 11:50:45 AM,4868.0,25,121700.0,287256721.5
2025-08-01 11:50:49 AM,4868.0,3,14604.0,287271325.5
2025-08-01 11:50:54 AM,4868.0,1,4868.0,287276193.5
2025-08-01 11:50:56 AM,4866.5,0,0.0,287276193.5
2025-08-01 11:50:57 AM,4868.0,0,0.0,287276193.5
2025-08-01 11:50:59 AM,4868.0,39,189852.0,287466045.5
2025-08-01 11:51:09 AM,4868.0,8,38944.0,287504989.5
2025-08-01 11:51:14 AM,4868.0,1,4868.0,287509857.5
2025-08-01 11:51:28 AM,4868.0,6,29208.0,287539065.5
2025-08-01 11:51:34 AM,4868.0,4,19472.0,287558537.5
2025-08-01 11:51:34 AM,4868.0,43,209324.0,287767861.5
2025-08-01 11:51:38 AM,4868.0,4,19472.0,287787333.5
2025-08-01 11:51:40 AM,4873.0,0,0.0,287787333.5
2025-08-01 11:51:43 AM,4873.0,202,984346.0,288771679.5
2025-08-01 11:51:44 AM,4874.5,100,487450.0,289259129.5
2025-08-01 11:51:52 AM,4874.0,0,0.0,289259129.5
2025-08-01 11:51:54 AM,4874.0,16,77984.0,289337113.5
2025-08-01 11:52:03 AM,4874.0,11,53614.0,289390727.5
2025-08-01 11:52:09 AM,4875.0,68,331500.0,289722227.5
2025-08-01 11:52:11 AM,4878.5,0,0.0,289722227.5
2025-08-01 11:52:14 AM,4878.5,14,68299.0,289790526.5
2025-08-01 11:52:19 AM,4878.5,2,9757.0,289800283.5
2025-08-01 11:52:24 AM,4878.5,1,4878.5,289805162.0
2025-08-01 11:52:27 AM,4876.0,0,0.0,289805162.0
2025-08-01 11:52:29 AM,4876.0,8,39008.0,289844170.0
2025-08-01 11:52:47 AM,4880.5,0,0.0,289844170.0
2025-08-01 11:52:49 AM,4880.5,36,175698.0,290019868.0
2025-08-01 11:52:53 AM,4881.5,0,0.0,290019868.0
2025-08-01 11:52:54 AM,4881.5,1,4881.5,290024749.5
2025-08-01 11:53:03 AM,4883.0,0,0.0,290024749.5
2025-08-01 11:53:04 AM,4883.0,170,830110.0,290854859.5
2025-08-01 11:53:10 AM,4881.5,0,0.0,290854859.5
2025-08-01 11:53:11 AM,4881.5,3,14644.5,290869504.0
2025-08-01 11:53:14 AM,4881.0,0,0.0,290869504.0
2025-08-01 11:53:15 AM,4881.0,50,244050.0,291113554.0
2025-08-01 11:53:25 AM,4881.0,1,4881.0,291118435.0
2025-08-01 11:53:29 AM,4878.5,0,0.0,291118435.0
2025-08-01 11:53:30 AM,4878.5,4,19514.0,291137949.0
2025-08-01 11:53:39 AM,4881.0,0,0.0,291137949.0
2025-08-01 11:53:40 AM,4881.0,21,102501.0,291240450.0
2025-08-01 11:53:45 AM,4881.0,2,9762.0,291250212.0
2025-08-01 11:53:46 AM,4884.0,101,493284.0,291743496.0
2025-08-01 11:53:57 AM,4881.5,0,0.0,291743496.0
2025-08-01 11:54:00 AM,4884.0,0,0.0,291743496.0
2025-08-01 11:54:00 AM,4884.0,9,43956.0,291787452.0
2025-08-01 11:54:11 AM,4883.5,0,0.0,291787452.0
2025-08-01 11:54:16 AM,4883.5,7,34184.5,291821636.5
2025-08-01 11:54:46 AM,4883.5,100,488350.0,292309986.5
2025-08-01 11:54:52 AM,4879.5,0,0.0,292309986.5
2025-08-01 11:54:52 AM,4879.5,20,97590.0,292407576.5
2025-08-01 11:55:11 AM,4878.0,1,4878.0,292412454.5
2025-08-01 11:55:15 AM,4880.5,0,0.0,292412454.5
2025-08-01 11:55:16 AM,4880.5,5,24402.5,292436857.0
2025-08-01 11:55:17 AM,4876.5,0,0.0,292436857.0
2025-08-01 11:55:18 AM,4876.5,30,146295.0,292583152.0
2025-08-01 11:55:33 AM,4878.5,5,24392.5,292607544.5
2025-08-01 11:55:49 AM,4875.5,0,0.0,292607544.5
2025-08-01 11:55:51 AM,4875.5,1,4875.5,292612420.0
2025-08-01 11:55:55 AM,4877.5,0,0.0,292612420.0
2025-08-01 11:55:56 AM,4877.5,13,63407.5,292675827.5
2025-08-01 11:56:01 AM,4877.5,7,34142.5,292709970.0
2025-08-01 11:56:14 AM,4877.5,7,34142.5,292744112.5
2025-08-01 11:56:22 AM,4877.0,0,0.0,292744112.5
2025-08-01 11:56:22 AM,4877.0,1,4877.0,292748989.5
2025-08-01 11:56:29 AM,4877.0,12,58524.0,292807513.5
2025-08-01 11:56:44 AM,4874.0,0,0.0,292807513.5
2025-08-01 11:56:44 AM,4874.0,28,136472.0,292943985.5
2025-08-01 11:56:46 AM,4873.0,3,14619.0,292958604.5
2025-08-01 11:57:04 AM,4876.5,44,214566.0,293173170.5
2025-08-01 11:57:35 AM,4874.0,0,0.0,293173170.5
2025-08-01 11:57:37 AM,4874.0,50,243700.0,293416870.5
2025-08-01 11:57:47 AM,4874.5,0,0.0,293416870.5
2025-08-01 11:57:47 AM,4874.5,3,14623.5,293431494.0
2025-08-01 11:58:15 AM,4875.0,5,24375.0,293455869.0
2025-08-01 11:58:25 AM,4874.5,0,0.0,293455869.0
2025-08-01 11:58:25 AM,4874.5,8,38996.0,293494865.0
2025-08-01 11:58:31 AM,4876.5,0,0.0,293494865.0
2025-08-01 11:58:31 AM,4876.5,8,39012.0,293533877.0
2025-08-01 11:58:43 AM,4877.0,0,0.0,293533877.0
2025-08-01 11:58:44 AM,4877.0,2,9754.0,293543631.0
2025-08-01 11:58:52 AM,4876.5,0,0.0,293543631.0
2025-08-01 11:58:53 AM,4876.5,2,9753.0,293553384.0
2025-08-01 11:58:59 AM,4876.5,9,43888.5,293597272.5
2025-08-01 11:59:31 AM,4878.5,0,0.0,293597272.5
2025-08-01 11:59:32 AM,4878.5,15,73177.5,293670450.0
2025-08-01 11:59:34 AM,4878.0,1,4878.0,293675328.0
2025-08-01 11:59:39 AM,4878.0,1,4878.0,293680206.0
2025-08-01 11:59:44 AM,4878.0,8,39024.0,293719230.0
2025-08-01 11:59:45 AM,4874.5,0,0.0,293719230.0
2025-08-01 11:59:45 AM,4874.5,14,68243.0,293787473.0
2025-08-01 11:59:46 AM,4875.5,0,0.0,293787473.0
2025-08-01 11:59:47 AM,4875.5,20,97510.0,293884983.0
2025-08-01 11:59:57 AM,4873.0,53,258269.0,294143252.0
2025-08-01 12:00:07 PM,4874.5,0,0.0,294143252.0
2025-08-01 12:00:08 PM,4874.5,1,4874.5,294148126.5
2025-08-01 12:00:09 PM,4875.5,1,4875.5,294153002.0
2025-08-01 12:00:23 PM,4874.5,2,9749.0,294162751.0
2025-08-01 12:00:34 PM,4874.0,0,0.0,294162751.0
2025-08-01 12:00:34 PM,4874.0,2,9748.0,294172499.0
2025-08-01 12:00:36 PM,4870.0,0,0.0,294172499.0
2025-08-01 12:00:37 PM,4870.0,155,754850.0,294927349.0
2025-08-01 12:00:39 PM,4871.5,4,19486.0,294946835.0
2025-08-01 12:00:48 PM,4872.0,0,0.0,294946835.0
2025-08-01 12:00:48 PM,4870.0,0,0.0,294946835.0
2025-08-01 12:00:48 PM,4870.0,10,48700.0,294995535.0
2025-08-01 12:00:49 PM,4870.5,44,214302.0,295209837.0
2025-08-01 12:00:57 PM,4867.0,0,0.0,295209837.0
2025-08-01 12:00:58 PM,4867.0,31,150877.0,295360714.0
2025-08-01 12:01:03 PM,4867.0,8,38936.0,295399650.0
2025-08-01 12:01:06 PM,4869.5,0,0.0,295399650.0
2025-08-01 12:01:06 PM,4869.5,1,4869.5,295404519.5
2025-08-01 12:01:08 PM,4866.5,2,9733.0,295414252.5
2025-08-01 12:01:10 PM,4869.5,0,0.0,295414252.5
2025-08-01 12:01:10 PM,4869.5,20,97390.0,295511642.5
2025-08-01 12:01:36 PM,4869.5,8,38956.0,295550598.5
2025-08-01 12:01:41 PM,4869.5,5,24347.5,295574946.0
2025-08-01 12:02:03 PM,4867.5,0,0.0,295574946.0
2025-08-01 12:02:05 PM,4867.5,1,4867.5,295579813.5
2025-08-01 12:02:08 PM,4867.5,1,4867.5,295584681.0
2025-08-01 12:02:13 PM,4865.0,7,34055.0,295618736.0
2025-08-01 12:02:15 PM,4862.5,0,0.0,295618736.0
2025-08-01 12:02:15 PM,4862.5,50,243125.0,295861861.0
2025-08-01 12:02:21 PM,4865.0,2,9730.0,295871591.0
2025-08-01 12:02:28 PM,4865.5,42,204351.0,296075942.0
2025-08-01 12:02:43 PM,4863.0,0,0.0,296075942.0
2025-08-01 12:02:46 PM,4864.5,0,0.0,296075942.0
2025-08-01 12:02:46 PM,4864.5,16,77832.0,296153774.0
2025-08-01 12:02:58 PM,4862.0,0,0.0,296153774.0
2025-08-01 12:02:59 PM,4864.0,0,0.0,296153774.0
2025-08-01 12:03:01 PM,4864.0,127,617728.0,296771502.0
2025-08-01 12:03:08 PM,4864.0,1,4864.0,296776366.0
2025-08-01 12:03:12 PM,4862.0,0,0.0,296776366.0
2025-08-01 12:03:13 PM,4862.0,1,4862.0,296781228.0
2025-08-01 12:03:24 PM,4862.5,0,0.0,296781228.0
2025-08-01 12:03:26 PM,4862.5,1,4862.5,296786090.5
2025-08-01 12:03:31 PM,4864.5,6,29187.0,296815277.5
2025-08-01 12:03:43 PM,4864.5,1,4864.5,296820142.0
2025-08-01 12:03:45 PM,4862.5,0,0.0,296820142.0
2025-08-01 12:03:46 PM,4862.5,10,48625.0,296868767.0
2025-08-01 12:03:47 PM,4864.0,0,0.0,296868767.0
2025-08-01 12:03:48 PM,4864.5,18,87561.0,296956328.0
2025-08-01 12:04:01 PM,4864.5,1,4864.5,296961192.5
2025-08-01 12:04:06 PM,4864.5,2,9729.0,296970921.5
2025-08-01 12:04:16 PM,4864.0,0,0.0,296970921.5
2025-08-01 12:04:17 PM,4864.0,4,19456.0,296990377.5
2025-08-01 12:04:36 PM,4864.0,19,92416.0,297082793.5
2025-08-01 12:04:38 PM,4864.5,0,0.0,297082793.5
2025-08-01 12:04:41 PM,4864.5,8,38916.0,297121709.5
2025-08-01 12:04:52 PM,4864.0,0,0.0,297121709.5
2025-08-01 12:04:52 PM,4864.0,6,29184.0,297150893.5
2025-08-01 12:05:03 PM,4864.0,10,48640.0,297199533.5
2025-08-01 12:05:20 PM,4864.0,3,14592.0,297214125.5
2025-08-01 12:05:24 PM,4862.5,2,9725.0,297223850.5
2025-08-01 12:05:32 PM,4864.0,7,34048.0,297257898.5
2025-08-01 12:05:42 PM,4866.0,41,199506.0,297457404.5
2025-08-01 12:05:45 PM,4868.0,2,9736.0,297467140.5
2025-08-01 12:05:45 PM,4868.5,40,194740.0,297661880.5
2025-08-01 12:05:50 PM,4868.0,0,0.0,297661880.5
2025-08-01 12:05:50 PM,4868.0,7,34076.0,297695956.5
2025-08-01 12:05:59 PM,4867.5,4,19470.0,297715426.5
2025-08-01 12:06:07 PM,4869.0,0,0.0,297715426.5
2025-08-01 12:06:08 PM,4867.5,123,598702.5,298314129.0
2025-08-01 12:06:12 PM,4871.0,152,740392.0,299054521.0
2025-08-01 12:06:16 PM,4873.5,4,19494.0,299074015.0
2025-08-01 12:06:17 PM,4873.5,50,243675.0,299317690.0
2025-08-01 12:06:26 PM,4873.0,4,19492.0,299337182.0
2025-08-01 12:06:31 PM,4873.5,1,4873.5,299342055.5
2025-08-01 12:06:32 PM,4873.5,10,48735.0,299390790.5
2025-08-01 12:06:34 PM,4873.0,4,19492.0,299410282.5
2025-08-01 12:06:39 PM,4873.0,1,4873.0,299415155.5
2025-08-01 12:06:43 PM,4873.0,4,19492.0,299434647.5
2025-08-01 12:06:44 PM,4873.0,9,43857.0,299478504.5
2025-08-01 12:06:48 PM,4873.5,0,0.0,299478504.5
2025-08-01 12:06:49 PM,4873.5,1,4873.5,299483378.0
2025-08-01 12:07:01 PM,4873.5,3,14620.5,299497998.5
2025-08-01 12:07:02 PM,4874.5,0,0.0,299497998.5
2025-08-01 12:07:03 PM,4874.5,20,97490.0,299595488.5
