date,price,qty,trnvr,cum_trnvr
2025-08-01 09:15:05 AM,19.04,80465,1532053.5999999999,1532053.5999999999
2025-08-01 09:15:07 AM,19.0,4264,81016.0,1613069.5999999999
2025-08-01 09:15:17 AM,19.0,8111,154109.0,1767178.5999999999
2025-08-01 09:15:18 AM,19.05,1805,34385.25,1801563.8499999999
2025-08-01 09:15:22 AM,19.04,0,0.0,1801563.8499999999
2025-08-01 09:15:24 AM,19.0,0,0.0,1801563.8499999999
2025-08-01 09:15:26 AM,19.11,16755,320188.05,2121751.9
2025-08-01 09:15:28 AM,19.07,21278,405771.46,2527523.36
2025-08-01 09:15:34 AM,19.06,0,0.0,2527523.36
2025-08-01 09:15:35 AM,19.06,2314,44104.84,2571628.1999999997
2025-08-01 09:15:36 AM,19.06,411,7833.66,2579461.86
2025-08-01 09:15:38 AM,19.03,0,0.0,2579461.86
2025-08-01 09:15:42 AM,19.07,0,0.0,2579461.86
2025-08-01 09:15:43 AM,19.07,12098,230708.86000000002,2810170.7199999997
2025-08-01 09:15:45 AM,19.08,5030,95972.4,2906143.1199999996
2025-08-01 09:15:47 AM,19.03,0,0.0,2906143.1199999996
2025-08-01 09:15:51 AM,19.03,11611,220957.33000000002,3127100.4499999997
2025-08-01 09:15:53 AM,19.03,650,12369.5,3139469.9499999997
2025-08-01 09:15:58 AM,19.04,0,0.0,3139469.9499999997
2025-08-01 09:15:59 AM,19.04,1100,20944.0,3160413.9499999997
2025-08-01 09:16:01 AM,19.03,77917,1482760.51,4643174.46
2025-08-01 09:16:04 AM,18.95,0,0.0,4643174.46
2025-08-01 09:16:08 AM,18.96,62279,1180809.84,5823984.3
2025-08-01 09:16:12 AM,18.89,0,0.0,5823984.3
2025-08-01 09:16:16 AM,18.9,22233,420203.69999999995,6244188.0
2025-08-01 09:16:17 AM,18.88,26251,495618.87999999995,6739806.88
2025-08-01 09:16:19 AM,18.87,0,0.0,6739806.88
2025-08-01 09:16:24 AM,18.87,10551,199097.37000000002,6938904.25
2025-08-01 09:16:32 AM,18.87,10300,194361.0,7133265.25
2025-08-01 09:16:39 AM,18.9,0,0.0,7133265.25
2025-08-01 09:16:41 AM,18.87,7066,133335.42,7266600.67
2025-08-01 09:16:57 AM,18.89,2085,39385.65,7305986.32
2025-08-01 09:17:05 AM,18.89,164,3097.96,7309084.28
2025-08-01 09:17:07 AM,18.88,42,792.9599999999999,7309877.24
2025-08-01 09:17:07 AM,18.89,0,0.0,7309877.24
2025-08-01 09:17:13 AM,18.86,219961,4148464.46,11458341.7
2025-08-01 09:17:15 AM,18.86,12343,232788.97999999998,11691130.68
2025-08-01 09:17:16 AM,18.84,0,0.0,11691130.68
2025-08-01 09:17:22 AM,18.81,7005,131764.05,11822894.73
2025-08-01 09:17:25 AM,18.85,0,0.0,11822894.73
2025-08-01 09:17:27 AM,18.88,0,0.0,11822894.73
2025-08-01 09:17:30 AM,18.9,13110,247778.99999999997,12070673.73
2025-08-01 09:17:31 AM,18.86,1200,22632.0,12093305.73
2025-08-01 09:17:33 AM,18.88,0,0.0,12093305.73
2025-08-01 09:17:38 AM,18.88,300,5664.0,12098969.73
2025-08-01 09:17:39 AM,18.88,5000,94400.0,12193369.73
2025-08-01 09:17:43 AM,18.89,0,0.0,12193369.73
2025-08-01 09:17:47 AM,18.9,758,14326.199999999999,12207695.93
2025-08-01 09:17:47 AM,18.88,100,1888.0,12209583.93
2025-08-01 09:17:51 AM,18.9,0,0.0,12209583.93
2025-08-01 09:17:52 AM,18.91,0,0.0,12209583.93
2025-08-01 09:17:55 AM,18.91,800,15128.0,12224711.93
2025-08-01 09:17:59 AM,18.92,0,0.0,12224711.93
2025-08-01 09:18:03 AM,18.93,241,4562.13,12229274.06
2025-08-01 09:18:07 AM,18.92,0,0.0,12229274.06
2025-08-01 09:18:09 AM,18.96,0,0.0,12229274.06
2025-08-01 09:18:12 AM,18.96,10601,200994.96000000002,12430269.020000001
2025-08-01 09:18:15 AM,18.95,0,0.0,12430269.020000001
2025-08-01 09:18:17 AM,18.96,0,0.0,12430269.020000001
2025-08-01 09:18:20 AM,18.96,2245,42565.200000000004,12472834.22
2025-08-01 09:18:21 AM,18.98,6,113.88,12472948.100000001
2025-08-01 09:18:28 AM,18.96,201,3810.96,12476759.060000002
2025-08-01 09:18:36 AM,18.98,3201,60754.98,12537514.040000003
2025-08-01 09:18:39 AM,18.96,0,0.0,12537514.040000003
2025-08-01 09:18:44 AM,18.98,1578,29950.440000000002,12567464.480000002
2025-08-01 09:18:53 AM,18.96,700,13272.0,12580736.480000002
2025-08-01 09:18:54 AM,18.96,44,834.24,12581570.720000003
2025-08-01 09:18:56 AM,18.98,0,0.0,12581570.720000003
2025-08-01 09:19:01 AM,18.96,19819,375768.24,12957338.960000003
2025-08-01 09:19:03 AM,18.95,0,0.0,12957338.960000003
2025-08-01 09:19:09 AM,18.95,8592,162818.4,13120157.360000003
2025-08-01 09:19:12 AM,18.96,0,0.0,13120157.360000003
2025-08-01 09:19:17 AM,18.96,15088,286068.48000000004,13406225.840000004
2025-08-01 09:19:20 AM,19.0,0,0.0,13406225.840000004
2025-08-01 09:19:25 AM,19.0,10009,190171.0,13596396.840000004
2025-08-01 09:19:33 AM,19.0,200,3800.0,13600196.840000004
2025-08-01 09:19:36 AM,19.01,0,0.0,13600196.840000004
2025-08-01 09:19:40 AM,19.0,0,0.0,13600196.840000004
2025-08-01 09:19:41 AM,19.0,10527,200013.0,13800209.840000004
2025-08-01 09:19:43 AM,19.0,50,950.0,13801159.840000004
2025-08-01 09:19:48 AM,18.99,0,0.0,13801159.840000004
2025-08-01 09:19:49 AM,18.99,1501,28503.989999999998,13829663.830000004
2025-08-01 09:19:51 AM,19.0,500,9500.0,13839163.830000004
2025-08-01 09:19:56 AM,19.02,0,0.0,13839163.830000004
2025-08-01 09:19:57 AM,19.02,510,9700.199999999999,13848864.030000003
2025-08-01 09:20:04 AM,19.0,0,0.0,13848864.030000003
2025-08-01 09:20:05 AM,19.0,85,1615.0,13850479.030000003
2025-08-01 09:20:13 AM,19.0,4879,92701.0,13943180.030000003
2025-08-01 09:20:18 AM,18.99,0,0.0,13943180.030000003
2025-08-01 09:20:21 AM,19.03,24374,463837.22000000003,14407017.250000004
2025-08-01 09:20:23 AM,19.03,641,12198.230000000001,14419215.480000004
2025-08-01 09:20:25 AM,19.02,0,0.0,14419215.480000004
2025-08-01 09:20:28 AM,19.03,0,0.0,14419215.480000004
2025-08-01 09:20:29 AM,19.03,2525,48050.75,14467266.230000004
2025-08-01 09:20:36 AM,19.04,0,0.0,14467266.230000004
2025-08-01 09:20:37 AM,19.04,3,57.12,14467323.350000003
2025-08-01 09:20:39 AM,19.02,0,0.0,14467323.350000003
2025-08-01 09:20:45 AM,19.04,256,4874.24,14472197.590000004
2025-08-01 09:20:46 AM,19.03,0,0.0,14472197.590000004
2025-08-01 09:20:52 AM,19.03,10302,196047.06,14668244.650000004
2025-08-01 09:21:00 AM,19.03,1000,19030.0,14687274.650000004
2025-08-01 09:21:06 AM,19.04,0,0.0,14687274.650000004
2025-08-01 09:21:08 AM,19.04,4500,85680.0,14772954.650000004
2025-08-01 09:21:09 AM,19.07,5476,104427.32,14877381.970000004
2025-08-01 09:21:11 AM,19.05,0,0.0,14877381.970000004
2025-08-01 09:21:13 AM,19.08,0,0.0,14877381.970000004
2025-08-01 09:21:16 AM,19.08,2515,47986.2,14925368.170000004
2025-08-01 09:21:23 AM,19.08,549,10474.919999999998,14935843.090000004
2025-08-01 09:21:27 AM,19.06,0,0.0,14935843.090000004
2025-08-01 09:21:31 AM,19.08,1902,36290.159999999996,14972133.250000004
2025-08-01 09:21:32 AM,19.06,4465,85102.9,15057236.150000004
2025-08-01 09:21:34 AM,19.05,0,0.0,15057236.150000004
2025-08-01 09:21:37 AM,19.08,0,0.0,15057236.150000004
2025-08-01 09:21:39 AM,19.08,15400,293832.0,15351068.150000004
2025-08-01 09:21:40 AM,19.09,3150,60133.5,15411201.650000004
2025-08-01 09:21:47 AM,19.08,1501,28639.079999999998,15439840.730000004
2025-08-01 09:21:48 AM,19.08,1,19.08,15439859.810000004
2025-08-01 09:21:54 AM,19.06,7262,138413.72,15578273.530000005
2025-08-01 09:22:02 AM,19.06,3090,58895.399999999994,15637168.930000005
2025-08-01 09:22:09 AM,19.05,601,11449.050000000001,15648617.980000006
2025-08-01 09:22:11 AM,19.06,4,76.24,15648694.220000006
2025-08-01 09:22:17 AM,19.04,20620,392604.8,16041299.020000007
2025-08-01 09:22:18 AM,19.05,0,0.0,16041299.020000007
2025-08-01 09:22:25 AM,19.05,2402,45758.1,16087057.120000007
2025-08-01 09:22:25 AM,19.04,0,0.0,16087057.120000007
2025-08-01 09:22:26 AM,19.04,503,9577.119999999999,16096634.240000006
2025-08-01 09:22:28 AM,19.05,0,0.0,16096634.240000006
2025-08-01 09:22:32 AM,19.03,20566,391370.98000000004,16488005.220000006
2025-08-01 09:22:35 AM,19.04,0,0.0,16488005.220000006
2025-08-01 09:22:40 AM,19.01,13109,249202.09000000003,16737207.310000006
2025-08-01 09:22:46 AM,19.03,0,0.0,16737207.310000006
2025-08-01 09:22:47 AM,19.01,1250,23762.500000000004,16760969.810000006
2025-08-01 09:22:52 AM,19.03,0,0.0,16760969.810000006
2025-08-01 09:22:54 AM,19.02,0,0.0,16760969.810000006
2025-08-01 09:22:55 AM,19.02,771,14664.42,16775634.230000006
2025-08-01 09:22:57 AM,19.02,7,133.14,16775767.370000007
2025-08-01 09:23:06 AM,19.01,0,0.0,16775767.370000007
2025-08-01 09:23:10 AM,19.0,608,11552.0,16787319.370000005
2025-08-01 09:23:12 AM,19.01,2036,38704.36,16826023.730000004
2025-08-01 09:23:18 AM,19.0,16697,317243.0,17143266.730000004
2025-08-01 09:23:20 AM,19.01,0,0.0,17143266.730000004
2025-08-01 09:23:26 AM,18.99,12166,231032.33999999997,17374299.070000004
2025-08-01 09:23:33 AM,18.99,4,75.96,17374375.030000005
2025-08-01 09:23:41 AM,18.99,8718,165554.81999999998,17539929.850000005
2025-08-01 09:23:42 AM,18.97,100,1897.0,17541826.850000005
2025-08-01 09:23:46 AM,18.99,0,0.0,17541826.850000005
2025-08-01 09:23:48 AM,18.99,3001,56988.99,17598815.840000004
2025-08-01 09:23:56 AM,18.99,45,854.55,17599670.390000004
2025-08-01 09:23:58 AM,18.99,300,5696.999999999999,17605367.390000004
2025-08-01 09:24:04 AM,18.97,1105,20961.85,17626329.240000006
2025-08-01 09:24:12 AM,18.99,20405,387490.94999999995,18013820.190000005
2025-08-01 09:24:19 AM,18.99,91,1728.09,18015548.280000005
2025-08-01 09:24:25 AM,18.96,0,0.0,18015548.280000005
2025-08-01 09:24:27 AM,18.97,148103,2809513.9099999997,20825062.190000005
2025-08-01 09:24:28 AM,18.97,1,18.97,20825081.160000004
2025-08-01 09:24:31 AM,18.95,0,0.0,20825081.160000004
2025-08-01 09:24:34 AM,18.94,7076,134019.44,20959100.600000005
2025-08-01 09:24:37 AM,18.9,0,0.0,20959100.600000005
2025-08-01 09:24:42 AM,18.9,2000,37800.0,20996900.600000005
2025-08-01 09:24:49 AM,18.94,54830,1038480.2000000001,22035380.800000004
2025-08-01 09:24:51 AM,18.94,3,56.82000000000001,22035437.620000005
2025-08-01 09:24:56 AM,18.95,0,0.0,22035437.620000005
2025-08-01 09:24:57 AM,18.95,11,208.45,22035646.070000004
2025-08-01 09:24:57 AM,18.93,0,0.0,22035646.070000004
2025-08-01 09:24:59 AM,18.93,36,681.48,22036327.550000004
2025-08-01 09:25:04 AM,18.93,113,2139.09,22038466.640000004
2025-08-01 09:25:06 AM,18.96,1100,20856.0,22059322.640000004
2025-08-01 09:25:12 AM,18.95,1,18.95,22059341.590000004
2025-08-01 09:25:14 AM,18.95,251,4756.45,22064098.040000003
2025-08-01 09:25:19 AM,18.95,224,4244.8,22068342.840000004
2025-08-01 09:25:21 AM,18.95,1500,28425.0,22096767.840000004
2025-08-01 09:25:22 AM,18.96,0,0.0,22096767.840000004
2025-08-01 09:25:27 AM,18.96,208,3943.6800000000003,22100711.520000003
2025-08-01 09:25:34 AM,18.96,4287,81281.52,22181993.040000003
2025-08-01 09:25:40 AM,18.98,0,0.0,22181993.040000003
2025-08-01 09:25:41 AM,18.96,0,0.0,22181993.040000003
2025-08-01 09:25:42 AM,18.96,310,5877.6,22187870.640000004
2025-08-01 09:25:44 AM,18.96,6001,113778.96,22301649.600000005
2025-08-01 09:25:49 AM,18.97,31126,590460.22,22892109.820000004
2025-08-01 09:25:57 AM,18.95,5,94.75,22892204.570000004
2025-08-01 09:26:04 AM,18.95,7,132.65,22892337.220000003
2025-08-01 09:26:11 AM,18.96,0,0.0,22892337.220000003
2025-08-01 09:26:12 AM,18.96,1533,29065.68,22921402.900000002
2025-08-01 09:26:20 AM,18.94,16012,303267.28,23224670.180000003
2025-08-01 09:26:22 AM,18.95,100,1895.0,23226565.180000003
2025-08-01 09:26:23 AM,18.93,0,0.0,23226565.180000003
2025-08-01 09:26:27 AM,18.93,2,37.86,23226603.040000003
2025-08-01 09:26:29 AM,18.93,9,170.37,23226773.410000004
2025-08-01 09:26:35 AM,18.93,500,9465.0,23236238.410000004
2025-08-01 09:26:38 AM,18.95,0,0.0,23236238.410000004
2025-08-01 09:26:41 AM,18.93,0,0.0,23236238.410000004
2025-08-01 09:26:43 AM,18.93,255,4827.15,23241065.560000002
2025-08-01 09:26:47 AM,18.95,0,0.0,23241065.560000002
2025-08-01 09:26:50 AM,18.96,4767,90382.32,23331447.880000003
2025-08-01 09:26:52 AM,18.93,25000,473250.0,23804697.880000003
2025-08-01 09:26:54 AM,18.94,0,0.0,23804697.880000003
2025-08-01 09:26:58 AM,18.94,262,4962.280000000001,23809660.160000004
2025-08-01 09:26:59 AM,18.94,50,947.0000000000001,23810607.160000004
2025-08-01 09:27:01 AM,18.95,0,0.0,23810607.160000004
2025-08-01 09:27:03 AM,18.94,0,0.0,23810607.160000004
2025-08-01 09:27:05 AM,18.96,4108,77887.68000000001,23888494.840000004
2025-08-01 09:27:08 AM,18.94,0,0.0,23888494.840000004
2025-08-01 09:27:13 AM,18.96,41,777.36,23889272.200000003
2025-08-01 09:27:21 AM,18.95,2200,41690.0,23930962.200000003
2025-08-01 09:27:27 AM,18.96,250,4740.0,23935702.200000003
2025-08-01 09:27:33 AM,18.93,0,0.0,23935702.200000003
2025-08-01 09:27:35 AM,18.94,6505,123204.70000000001,24058906.900000002
2025-08-01 09:27:42 AM,18.94,1776,33637.44,24092544.340000004
2025-08-01 09:27:50 AM,18.94,101,1912.94,24094457.280000005
2025-08-01 09:27:53 AM,18.96,0,0.0,24094457.280000005
2025-08-01 09:27:58 AM,18.94,156,2954.6400000000003,24097411.920000006
2025-08-01 09:27:59 AM,18.94,503,9526.820000000002,24106938.740000006
2025-08-01 09:28:03 AM,18.96,0,0.0,24106938.740000006
2025-08-01 09:28:06 AM,18.96,500,9480.0,24116418.740000006
2025-08-01 09:28:13 AM,18.96,2101,39834.96,24156253.700000007
2025-08-01 09:28:17 AM,18.95,0,0.0,24156253.700000007
2025-08-01 09:28:21 AM,18.96,50514,957745.4400000001,25113999.140000008
2025-08-01 09:28:22 AM,18.95,500,9475.0,25123474.140000008
2025-08-01 09:28:28 AM,18.97,0,0.0,25123474.140000008
2025-08-01 09:28:29 AM,18.97,50,948.5,25124422.640000008
2025-08-01 09:28:30 AM,18.97,115,2181.5499999999997,25126604.19000001
2025-08-01 09:28:36 AM,18.98,2000,37960.0,25164564.19000001
2025-08-01 09:28:43 AM,18.95,0,0.0,25164564.19000001
2025-08-01 09:28:44 AM,18.95,504,9550.8,25174114.99000001
2025-08-01 09:28:49 AM,18.94,0,0.0,25174114.99000001
2025-08-01 09:28:51 AM,18.94,10000,189400.0,25363514.99000001
2025-08-01 09:28:54 AM,18.95,0,0.0,25363514.99000001
2025-08-01 09:28:55 AM,18.94,0,0.0,25363514.99000001
2025-08-01 09:28:59 AM,18.96,805,15262.800000000001,25378777.79000001
2025-08-01 09:29:00 AM,18.94,62,1174.28,25379952.07000001
2025-08-01 09:29:07 AM,18.94,700,13258.0,25393210.07000001
2025-08-01 09:29:16 AM,18.94,1,18.94,25393229.010000013
2025-08-01 09:29:22 AM,18.93,2029,38408.97,25431637.98000001
2025-08-01 09:29:29 AM,18.95,250,4737.5,25436375.48000001
2025-08-01 09:29:32 AM,18.96,0,0.0,25436375.48000001
2025-08-01 09:29:37 AM,18.96,5000,94800.0,25531175.48000001
2025-08-01 09:29:44 AM,18.96,22,417.12,25531592.600000013
2025-08-01 09:29:53 AM,18.96,4,75.84,25531668.440000013
2025-08-01 09:29:59 AM,18.94,3781,71612.14,25603280.580000013
2025-08-01 09:30:00 AM,18.95,2,37.9,25603318.48000001
2025-08-01 09:30:05 AM,18.94,0,0.0,25603318.48000001
2025-08-01 09:30:07 AM,18.94,1244,23561.36,25626879.84000001
2025-08-01 09:30:12 AM,18.93,0,0.0,25626879.84000001
2025-08-01 09:30:15 AM,18.91,12874,243447.34,25870327.18000001
2025-08-01 09:30:22 AM,18.93,1,18.93,25870346.11000001
2025-08-01 09:30:29 AM,18.93,20,378.6,25870724.710000012
2025-08-01 09:30:37 AM,18.92,1198,22666.160000000003,25893390.870000012
2025-08-01 09:30:40 AM,18.93,0,0.0,25893390.870000012
2025-08-01 09:30:44 AM,18.93,3560,67390.8,25960781.670000013
2025-08-01 09:30:47 AM,18.92,0,0.0,25960781.670000013
2025-08-01 09:30:49 AM,18.93,0,0.0,25960781.670000013
2025-08-01 09:30:51 AM,18.93,1404,26577.72,25987359.39000001
2025-08-01 09:30:59 AM,18.93,1003,18986.79,26006346.18000001
2025-08-01 09:31:07 AM,18.93,325,6152.25,26012498.43000001
2025-08-01 09:31:10 AM,18.92,0,0.0,26012498.43000001
2025-08-01 09:31:14 AM,18.93,0,0.0,26012498.43000001
2025-08-01 09:31:14 AM,18.93,1465,27732.45,26040230.88000001
2025-08-01 09:31:21 AM,18.93,400,7572.0,26047802.88000001
2025-08-01 09:31:22 AM,18.94,0,0.0,26047802.88000001
2025-08-01 09:31:28 AM,18.94,33,625.0200000000001,26048427.90000001
2025-08-01 09:31:32 AM,18.93,0,0.0,26048427.90000001
2025-08-01 09:31:35 AM,18.94,2944,55759.36,26104187.26000001
2025-08-01 09:31:40 AM,18.93,0,0.0,26104187.26000001
2025-08-01 09:31:42 AM,18.93,309,5849.37,26110036.63000001
2025-08-01 09:31:46 AM,18.92,0,0.0,26110036.63000001
2025-08-01 09:31:49 AM,18.92,1412,26715.04,26136751.67000001
2025-08-01 09:31:51 AM,18.91,0,0.0,26136751.67000001
2025-08-01 09:31:55 AM,18.93,0,0.0,26136751.67000001
2025-08-01 09:31:56 AM,18.93,477,9029.61,26145781.28000001
2025-08-01 09:32:01 AM,18.91,0,0.0,26145781.28000001
2025-08-01 09:32:03 AM,18.91,277,5238.07,26151019.35000001
2025-08-01 09:32:06 AM,18.93,0,0.0,26151019.35000001
2025-08-01 09:32:10 AM,18.93,151,2858.43,26153877.78000001
2025-08-01 09:32:17 AM,18.93,4884,92454.12,26246331.90000001
2025-08-01 09:32:18 AM,18.94,0,0.0,26246331.90000001
2025-08-01 09:32:24 AM,18.97,0,0.0,26246331.90000001
2025-08-01 09:32:25 AM,18.97,21396,405882.12,26652214.02000001
2025-08-01 09:32:31 AM,19.0,7877,149663.0,26801877.02000001
2025-08-01 09:32:36 AM,18.99,0,0.0,26801877.02000001
2025-08-01 09:32:38 AM,18.99,1,18.99,26801896.01000001
2025-08-01 09:32:38 AM,19.0,50,950.0,26802846.01000001
2025-08-01 09:32:42 AM,18.99,0,0.0,26802846.01000001
2025-08-01 09:32:45 AM,18.99,4,75.96,26802921.97000001
2025-08-01 09:32:48 AM,18.98,0,0.0,26802921.97000001
2025-08-01 09:32:52 AM,18.99,2154,40904.46,26843826.43000001
2025-08-01 09:32:59 AM,19.0,25,475.0,26844301.43000001
2025-08-01 09:33:06 AM,19.0,45,855.0,26845156.43000001
2025-08-01 09:33:13 AM,19.0,51,969.0,26846125.43000001
2025-08-01 09:33:20 AM,19.0,329,6251.0,26852376.43000001
2025-08-01 09:33:22 AM,19.02,0,0.0,26852376.43000001
2025-08-01 09:33:27 AM,19.02,6560,124771.2,26977147.63000001
2025-08-01 09:33:34 AM,19.03,151,2873.53,26980021.16000001
2025-08-01 09:33:47 AM,19.01,0,0.0,26980021.16000001
2025-08-01 09:33:48 AM,19.01,107,2034.0700000000002,26982055.23000001
2025-08-01 09:33:50 AM,19.03,0,0.0,26982055.23000001
2025-08-01 09:33:55 AM,19.03,6000,114180.0,27096235.23000001
2025-08-01 09:34:07 AM,19.02,0,0.0,27096235.23000001
2025-08-01 09:34:09 AM,19.02,1,19.02,27096254.25000001
2025-08-01 09:34:12 AM,19.03,0,0.0,27096254.25000001
2025-08-01 09:34:16 AM,19.03,4699,89421.97,27185676.22000001
2025-08-01 09:34:23 AM,19.03,1692,32198.760000000002,27217874.98000001
2025-08-01 09:34:30 AM,19.03,1434,27289.02,27245164.00000001
2025-08-01 09:34:32 AM,19.04,0,0.0,27245164.00000001
2025-08-01 09:34:37 AM,19.04,696,13251.84,27258415.84000001
2025-08-01 09:34:43 AM,19.04,11,209.44,27258625.280000012
2025-08-01 09:34:44 AM,19.05,10000,190500.0,27449125.280000012
2025-08-01 09:34:50 AM,19.05,5,95.25,27449220.530000012
2025-08-01 09:34:57 AM,19.05,304,5791.2,27455011.73000001
2025-08-01 09:35:04 AM,19.05,805,15335.25,27470346.98000001
2025-08-01 09:35:05 AM,19.05,3501,66694.05,27537041.030000012
2025-08-01 09:35:11 AM,19.05,1145,21812.25,27558853.280000012
2025-08-01 09:35:12 AM,19.06,0,0.0,27558853.280000012
2025-08-01 09:35:12 AM,19.06,3500,66710.0,27625563.280000012
2025-08-01 09:35:16 AM,19.04,0,0.0,27625563.280000012
2025-08-01 09:35:18 AM,19.05,1974,37604.700000000004,27663167.98000001
2025-08-01 09:35:25 AM,19.03,5856,111439.68000000001,27774607.66000001
2025-08-01 09:35:27 AM,19.02,0,0.0,27774607.66000001
2025-08-01 09:35:32 AM,19.02,2822,53674.44,27828282.100000013
2025-08-01 09:35:37 AM,19.0,0,0.0,27828282.100000013
2025-08-01 09:35:39 AM,19.02,604,11488.08,27839770.18000001
2025-08-01 09:35:46 AM,19.0,12605,239495.0,28079265.18000001
2025-08-01 09:35:53 AM,19.0,430,8170.0,28087435.18000001
2025-08-01 09:35:56 AM,18.98,0,0.0,28087435.18000001
2025-08-01 09:35:59 AM,19.0,5175,98325.0,28185760.18000001
2025-08-01 09:36:01 AM,18.99,0,0.0,28185760.18000001
2025-08-01 09:36:06 AM,18.99,3,56.97,28185817.15000001
2025-08-01 09:36:09 AM,18.97,0,0.0,28185817.15000001
2025-08-01 09:36:09 AM,18.99,0,0.0,28185817.15000001
2025-08-01 09:36:13 AM,18.99,5059,96070.40999999999,28281887.56000001
2025-08-01 09:36:17 AM,18.94,0,0.0,28281887.56000001
2025-08-01 09:36:19 AM,18.97,74417,1411690.49,29693578.05000001
2025-08-01 09:36:26 AM,18.97,1030,19539.1,29713117.15000001
2025-08-01 09:36:29 AM,18.95,0,0.0,29713117.15000001
2025-08-01 09:36:32 AM,18.97,73,1384.81,29714501.96000001
2025-08-01 09:36:37 AM,18.98,0,0.0,29714501.96000001
2025-08-01 09:36:37 AM,18.97,0,0.0,29714501.96000001
2025-08-01 09:36:39 AM,18.97,723,13715.31,29728217.270000007
2025-08-01 09:36:41 AM,18.98,0,0.0,29728217.270000007
2025-08-01 09:36:45 AM,18.97,0,0.0,29728217.270000007
2025-08-01 09:36:45 AM,18.97,2,37.94,29728255.21000001
2025-08-01 09:36:49 AM,18.95,0,0.0,29728255.21000001
2025-08-01 09:36:52 AM,18.95,38,720.1,29728975.31000001
2025-08-01 09:36:59 AM,18.97,5,94.85,29729070.16000001
2025-08-01 09:37:05 AM,18.97,100,1897.0,29730967.16000001
2025-08-01 09:37:27 AM,18.97,1220,23143.399999999998,29754110.56000001
2025-08-01 09:37:30 AM,18.95,0,0.0,29754110.56000001
2025-08-01 09:37:31 AM,18.97,0,0.0,29754110.56000001
2025-08-01 09:37:33 AM,18.97,1431,27146.07,29781256.63000001
2025-08-01 09:37:40 AM,18.97,325,6165.25,29787421.88000001
2025-08-01 09:37:47 AM,18.97,834,15820.98,29803242.86000001
2025-08-01 09:38:14 AM,18.97,8500,161245.0,29964487.86000001
2025-08-01 09:38:21 AM,18.95,50,947.5,29965435.36000001
2025-08-01 09:38:27 AM,18.97,0,0.0,29965435.36000001
2025-08-01 09:38:27 AM,18.97,20007,379532.79,30344968.15000001
2025-08-01 09:38:31 AM,18.95,0,0.0,30344968.15000001
2025-08-01 09:38:34 AM,18.95,3018,57191.1,30402159.25000001
2025-08-01 09:38:41 AM,18.97,1,18.97,30402178.22000001
2025-08-01 09:38:47 AM,18.97,26,493.21999999999997,30402671.44000001
2025-08-01 09:38:54 AM,18.95,1160,21982.0,30424653.44000001
2025-08-01 09:39:00 AM,18.95,10,189.5,30424842.94000001
2025-08-01 09:39:14 AM,18.95,20000,379000.0,30803842.94000001
2025-08-01 09:39:21 AM,18.97,10025,190174.25,30994017.19000001
2025-08-01 09:39:28 AM,18.97,508,9636.76,31003653.95000001
2025-08-01 09:39:34 AM,18.97,1,18.97,31003672.92000001
2025-08-01 09:39:41 AM,18.97,50,948.5,31004621.42000001
2025-08-01 09:39:41 AM,18.97,105,1991.85,31006613.27000001
2025-08-01 09:39:47 AM,18.97,270,5121.9,31011735.17000001
2025-08-01 09:39:55 AM,18.95,0,0.0,31011735.17000001
2025-08-01 09:40:00 AM,18.97,120,2276.3999999999996,31014011.570000008
2025-08-01 09:40:07 AM,18.97,101,1915.9699999999998,31015927.540000007
2025-08-01 09:40:08 AM,18.97,25,474.25,31016401.790000007
2025-08-01 09:40:14 AM,18.97,73,1384.81,31017786.600000005
2025-08-01 09:40:20 AM,18.97,5,94.85,31017881.450000007
2025-08-01 09:40:21 AM,18.97,5,94.85,31017976.30000001
2025-08-01 09:40:23 AM,18.95,0,0.0,31017976.30000001
2025-08-01 09:40:27 AM,18.95,129,2444.5499999999997,31020420.85000001
2025-08-01 09:40:30 AM,18.97,0,0.0,31020420.85000001
2025-08-01 09:40:33 AM,18.97,525,9959.25,31030380.10000001
2025-08-01 09:40:40 AM,18.97,265,5027.049999999999,31035407.15000001
2025-08-01 09:40:46 AM,18.97,19200,364224.0,31399631.15000001
2025-08-01 09:40:54 AM,18.96,5,94.80000000000001,31399725.95000001
2025-08-01 09:40:59 AM,18.99,0,0.0,31399725.95000001
2025-08-01 09:41:00 AM,18.99,1736,32966.64,31432692.59000001
2025-08-01 09:41:06 AM,19.0,50,950.0,31433642.59000001
2025-08-01 09:41:13 AM,18.99,9,170.91,31433813.50000001
2025-08-01 09:41:17 AM,19.0,0,0.0,31433813.50000001
2025-08-01 09:41:20 AM,18.99,8,151.92,31433965.420000013
2025-08-01 09:41:33 AM,18.99,1001,19008.989999999998,31452974.41000001
2025-08-01 09:41:39 AM,19.0,162,3078.0,31456052.41000001
2025-08-01 09:41:46 AM,19.0,33496,636424.0,32092476.41000001
2025-08-01 09:41:53 AM,19.0,1524,28956.0,32121432.41000001
2025-08-01 09:41:57 AM,19.03,0,0.0,32121432.41000001
2025-08-01 09:41:59 AM,19.03,810,15414.300000000001,32136846.710000012
2025-08-01 09:42:00 AM,19.01,100,1901.0000000000002,32138747.710000012
2025-08-01 09:42:01 AM,19.03,0,0.0,32138747.710000012
2025-08-01 09:42:05 AM,19.03,100,1903.0,32140650.710000012
2025-08-01 09:42:05 AM,19.01,0,0.0,32140650.710000012
2025-08-01 09:42:06 AM,19.01,1,19.01,32140669.720000014
2025-08-01 09:42:12 AM,19.01,750,14257.500000000002,32154927.220000014
2025-08-01 09:42:18 AM,19.03,0,0.0,32154927.220000014
2025-08-01 09:42:19 AM,19.03,38,723.1400000000001,32155650.360000014
2025-08-01 09:42:24 AM,19.01,0,0.0,32155650.360000014
2025-08-01 09:42:25 AM,19.03,62,1179.8600000000001,32156830.220000014
2025-08-01 09:42:32 AM,19.01,0,0.0,32156830.220000014
2025-08-01 09:42:32 AM,19.01,1305,24808.050000000003,32181638.270000014
2025-08-01 09:42:44 AM,19.03,0,0.0,32181638.270000014
2025-08-01 09:42:44 AM,19.03,1071,20381.13,32202019.400000013
2025-08-01 09:42:48 AM,19.02,0,0.0,32202019.400000013
2025-08-01 09:42:51 AM,19.02,6001,114139.02,32316158.420000013
2025-08-01 09:43:04 AM,19.02,2890,54967.799999999996,32371126.220000014
2025-08-01 09:43:08 AM,19.04,0,0.0,32371126.220000014
2025-08-01 09:43:11 AM,19.03,27,513.8100000000001,32371640.030000012
2025-08-01 09:43:24 AM,19.04,0,0.0,32371640.030000012
2025-08-01 09:43:24 AM,19.04,9,171.35999999999999,32371811.39000001
2025-08-01 09:43:31 AM,19.04,2,38.08,32371849.47000001
2025-08-01 09:43:32 AM,19.03,0,0.0,32371849.47000001
2025-08-01 09:43:32 AM,19.03,33,627.99,32372477.46000001
2025-08-01 09:43:36 AM,19.04,0,0.0,32372477.46000001
2025-08-01 09:43:37 AM,19.04,116,2208.64,32374686.10000001
2025-08-01 09:43:44 AM,19.04,131,2494.24,32377180.340000007
2025-08-01 09:43:48 AM,19.02,0,0.0,32377180.340000007
2025-08-01 09:43:50 AM,19.04,22745,433064.8,32810245.140000008
2025-08-01 09:43:58 AM,19.02,3000,57060.0,32867305.140000008
2025-08-01 09:44:00 AM,19.04,0,0.0,32867305.140000008
2025-08-01 09:44:03 AM,19.04,20,380.79999999999995,32867685.94000001
2025-08-01 09:44:08 AM,19.02,0,0.0,32867685.94000001
2025-08-01 09:44:10 AM,19.02,23,437.46,32868123.40000001
2025-08-01 09:44:12 AM,19.01,119305,2267988.0500000003,35136111.45000001
2025-08-01 09:44:12 AM,19.0,0,0.0,35136111.45000001
2025-08-01 09:44:17 AM,19.0,19907,378233.0,35514344.45000001
2025-08-01 09:44:24 AM,19.0,85,1615.0,35515959.45000001
2025-08-01 09:44:30 AM,19.0,1170,22230.0,35538189.45000001
2025-08-01 09:44:43 AM,19.0,5,95.0,35538284.45000001
2025-08-01 09:44:44 AM,19.0,1700,32300.0,35570584.45000001
2025-08-01 09:44:49 AM,19.0,2,38.0,35570622.45000001
2025-08-01 09:44:52 AM,18.99,0,0.0,35570622.45000001
2025-08-01 09:44:56 AM,18.99,1000,18990.0,35589612.45000001
2025-08-01 09:45:02 AM,19.0,53,1007.0,35590619.45000001
2025-08-01 09:45:09 AM,19.0,172,3268.0,35593887.45000001
2025-08-01 09:45:11 AM,19.0,6,114.0,35594001.45000001
2025-08-01 09:45:17 AM,19.0,500,9500.0,35603501.45000001
2025-08-01 09:45:32 AM,18.99,0,0.0,35603501.45000001
2025-08-01 09:45:35 AM,18.99,25,474.74999999999994,35603976.20000001
2025-08-01 09:45:41 AM,18.99,100,1898.9999999999998,35605875.20000001
2025-08-01 09:45:48 AM,18.99,502,9532.98,35615408.18000001
2025-08-01 09:45:55 AM,18.99,44,835.56,35616243.74000001
2025-08-01 09:46:01 AM,18.99,10,189.89999999999998,35616433.64000001
2025-08-01 09:46:14 AM,18.99,34,645.66,35617079.300000004
2025-08-01 09:46:15 AM,18.99,26,493.73999999999995,35617573.04000001
2025-08-01 09:46:20 AM,18.98,65,1233.7,35618806.74000001
2025-08-01 09:46:22 AM,18.98,35,664.3000000000001,35619471.04000001
2025-08-01 09:46:29 AM,18.99,52,987.4799999999999,35620458.52
2025-08-01 09:46:34 AM,18.98,0,0.0,35620458.52
2025-08-01 09:46:35 AM,18.98,500,9490.0,35629948.52
2025-08-01 09:46:39 AM,18.98,5408,102643.84,35732592.36000001
2025-08-01 09:46:41 AM,18.98,1000,18980.0,35751572.36000001
2025-08-01 09:46:48 AM,18.98,268,5086.64,35756659.00000001
2025-08-01 09:46:52 AM,18.98,10,189.8,35756848.800000004
2025-08-01 09:46:58 AM,18.98,2110,40047.8,35796896.6
2025-08-01 09:47:09 AM,18.95,0,0.0,35796896.6
2025-08-01 09:47:11 AM,18.95,2000,37900.0,35834796.6
2025-08-01 09:47:23 AM,18.95,226,4282.7,35839079.300000004
2025-08-01 09:47:25 AM,18.97,0,0.0,35839079.300000004
2025-08-01 09:47:25 AM,18.97,150,2845.5,35841924.800000004
2025-08-01 09:47:29 AM,18.97,3,56.91,35841981.71
2025-08-01 09:47:35 AM,18.98,0,0.0,35841981.71
2025-08-01 09:47:36 AM,18.98,7,132.86,35842114.57
2025-08-01 09:47:41 AM,18.96,0,0.0,35842114.57
2025-08-01 09:47:43 AM,18.96,220,4171.2,35846285.77
2025-08-01 09:47:49 AM,18.96,30,568.8000000000001,35846854.57
2025-08-01 09:47:55 AM,18.97,0,0.0,35846854.57
2025-08-01 09:47:56 AM,18.97,4,75.88,35846930.45
2025-08-01 09:47:59 AM,18.97,24,455.28,35847385.730000004
2025-08-01 09:47:59 AM,18.98,0,0.0,35847385.730000004
2025-08-01 09:48:02 AM,18.98,101,1916.98,35849302.71
2025-08-01 09:48:05 AM,18.97,1,18.97,35849321.68
2025-08-01 09:48:09 AM,18.97,15,284.54999999999995,35849606.23
2025-08-01 09:48:11 AM,18.97,200,3794.0,35853400.23
2025-08-01 09:48:22 AM,18.97,529,10035.13,35863435.36
2025-08-01 09:48:24 AM,18.97,5,94.85,35863530.21
2025-08-01 09:48:28 AM,18.95,0,0.0,35863530.21
2025-08-01 09:48:28 AM,18.95,3,56.849999999999994,35863587.06
2025-08-01 09:48:31 AM,18.98,1000,18980.0,35882567.06
2025-08-01 09:48:37 AM,18.96,1,18.96,35882586.02
2025-08-01 09:48:47 AM,18.96,50,948.0,35883534.02
2025-08-01 09:48:50 AM,18.96,1,18.96,35883552.980000004
2025-08-01 09:48:52 AM,18.98,0,0.0,35883552.980000004
2025-08-01 09:48:54 AM,18.98,350,6643.0,35890195.980000004
2025-08-01 09:48:56 AM,18.96,0,0.0,35890195.980000004
2025-08-01 09:48:56 AM,18.96,200,3792.0,35893987.980000004
2025-08-01 09:49:03 AM,18.98,263,4991.74,35898979.720000006
2025-08-01 09:49:07 AM,18.98,100,1898.0,35900877.720000006
2025-08-01 09:49:08 AM,18.96,0,0.0,35900877.720000006
2025-08-01 09:49:09 AM,18.96,1000,18960.0,35919837.720000006
2025-08-01 09:49:13 AM,18.96,69,1308.24,35921145.96000001
2025-08-01 09:49:25 AM,18.96,5,94.80000000000001,35921240.760000005
2025-08-01 09:49:40 AM,18.96,2,37.92,35921278.68000001
2025-08-01 09:49:43 AM,18.97,0,0.0,35921278.68000001
2025-08-01 09:49:44 AM,18.97,8,151.76,35921430.440000005
2025-08-01 09:49:46 AM,18.98,0,0.0,35921430.440000005
2025-08-01 09:49:47 AM,18.98,25,474.5,35921904.940000005
2025-08-01 09:50:00 AM,18.98,203,3852.94,35925757.88
2025-08-01 09:50:06 AM,18.98,5,94.9,35925852.78
2025-08-01 09:50:10 AM,18.98,350,6643.0,35932495.78
2025-08-01 09:50:19 AM,18.96,600,11376.0,35943871.78
2025-08-01 09:50:29 AM,18.97,0,0.0,35943871.78
2025-08-01 09:50:29 AM,18.97,11,208.67,35944080.45
2025-08-01 09:50:30 AM,18.98,0,0.0,35944080.45
2025-08-01 09:50:31 AM,18.98,7,132.86,35944213.31
2025-08-01 09:50:35 AM,18.98,13,246.74,35944460.050000004
2025-08-01 09:50:50 AM,18.98,4,75.92,35944535.970000006
2025-08-01 09:51:00 AM,18.98,40,759.2,35945295.17000001
2025-08-01 09:51:02 AM,18.98,55,1043.9,35946339.07000001
2025-08-01 09:51:06 AM,18.97,50,948.5,35947287.57000001
2025-08-01 09:51:13 AM,18.99,1,18.99,35947306.56000001
2025-08-01 09:51:14 AM,18.97,0,0.0,35947306.56000001
2025-08-01 09:51:15 AM,18.97,200,3794.0,35951100.56000001
2025-08-01 09:51:19 AM,18.97,503,9541.91,35960642.470000006
2025-08-01 09:51:34 AM,18.97,99,1878.03,35962520.50000001
2025-08-01 09:51:41 AM,18.98,0,0.0,35962520.50000001
2025-08-01 09:51:44 AM,18.98,80,1518.4,35964038.900000006
2025-08-01 09:51:50 AM,18.97,150,2845.5,35966884.400000006
2025-08-01 09:51:53 AM,18.97,100,1897.0,35968781.400000006
2025-08-01 09:51:57 AM,18.98,0,0.0,35968781.400000006
2025-08-01 09:51:59 AM,18.98,10,189.8,35968971.2
2025-08-01 09:52:05 AM,18.98,2,37.96,35969009.160000004
2025-08-01 09:52:17 AM,18.97,310,5880.7,35974889.86000001
2025-08-01 09:52:30 AM,18.97,202,3831.9399999999996,35978721.800000004
2025-08-01 09:52:35 AM,18.99,0,0.0,35978721.800000004
2025-08-01 09:52:36 AM,18.99,51,968.4899999999999,35979690.29000001
2025-08-01 09:52:38 AM,18.97,0,0.0,35979690.29000001
2025-08-01 09:52:38 AM,18.99,0,0.0,35979690.29000001
2025-08-01 09:52:39 AM,18.99,101,1917.9899999999998,35981608.28000001
2025-08-01 09:52:42 AM,18.99,105,1993.9499999999998,35983602.23000001
2025-08-01 09:52:45 AM,18.99,1,18.99,35983621.22000001
2025-08-01 09:52:53 AM,18.97,0,0.0,35983621.22000001
2025-08-01 09:52:54 AM,18.97,350,6639.5,35990260.72000001
2025-08-01 09:52:59 AM,18.99,0,0.0,35990260.72000001
2025-08-01 09:53:00 AM,18.99,1,18.99,35990279.710000016
2025-08-01 09:53:16 AM,18.99,5,94.94999999999999,35990374.66000002
2025-08-01 09:53:18 AM,18.99,100,1898.9999999999998,35992273.66000002
2025-08-01 09:53:22 AM,18.97,0,0.0,35992273.66000002
2025-08-01 09:53:22 AM,18.97,140,2655.7999999999997,35994929.460000016
2025-08-01 09:53:28 AM,18.97,1900,36043.0,36030972.460000016
2025-08-01 09:53:30 AM,18.99,157,2981.43,36033953.890000015
2025-08-01 09:53:34 AM,18.98,25,474.5,36034428.390000015
2025-08-01 09:53:36 AM,18.98,150,2847.0,36037275.390000015
2025-08-01 09:53:39 AM,18.97,0,0.0,36037275.390000015
2025-08-01 09:53:41 AM,18.97,54077,1025840.69,37063116.08000001
2025-08-01 09:53:44 AM,18.98,0,0.0,37063116.08000001
2025-08-01 09:53:47 AM,18.98,1,18.98,37063135.06000001
2025-08-01 09:53:48 AM,18.99,0,0.0,37063135.06000001
2025-08-01 09:53:49 AM,18.99,2360,44816.399999999994,37107951.46000001
2025-08-01 09:54:12 AM,18.98,50,949.0,37108900.46000001
2025-08-01 09:54:18 AM,18.98,229,4346.42,37113246.88000001
2025-08-01 09:54:24 AM,18.98,801,15202.98,37128449.86000001
2025-08-01 09:54:37 AM,18.96,0,0.0,37128449.86000001
2025-08-01 09:54:37 AM,18.96,404,7659.84,37136109.70000001
2025-08-01 09:54:40 AM,18.99,0,0.0,37136109.70000001
2025-08-01 09:54:43 AM,18.99,500,9495.0,37145604.70000001
2025-08-01 09:54:46 AM,18.96,0,0.0,37145604.70000001
2025-08-01 09:54:48 AM,18.96,3411,64672.560000000005,37210277.26000001
2025-08-01 09:54:55 AM,18.98,0,0.0,37210277.26000001
2025-08-01 09:54:55 AM,18.98,100,1898.0,37212175.26000001
2025-08-01 09:55:00 AM,18.98,260,4934.8,37217110.06000001
2025-08-01 09:55:12 AM,18.98,50,949.0,37218059.06000001
2025-08-01 09:55:17 AM,18.96,0,0.0,37218059.06000001
2025-08-01 09:55:18 AM,18.96,100,1896.0,37219955.06000001
2025-08-01 09:55:23 AM,18.99,0,0.0,37219955.06000001
2025-08-01 09:55:24 AM,18.99,149,2829.5099999999998,37222784.57000001
2025-08-01 09:55:31 AM,18.96,0,0.0,37222784.57000001
2025-08-01 09:55:31 AM,18.96,1,18.96,37222803.53000001
2025-08-01 09:55:40 AM,18.98,0,0.0,37222803.53000001
2025-08-01 09:55:42 AM,18.98,4,75.92,37222879.45000001
2025-08-01 09:55:48 AM,18.98,65,1233.7,37224113.15000001
2025-08-01 09:55:49 AM,19.0,38263,726997.0,37951110.15000001
2025-08-01 09:56:00 AM,18.99,1000,18990.0,37970100.15000001
2025-08-01 09:56:06 AM,18.99,15,284.84999999999997,37970385.000000015
2025-08-01 09:56:12 AM,19.01,0,0.0,37970385.000000015
2025-08-01 09:56:12 AM,19.01,1000,19010.0,37989395.000000015
2025-08-01 09:56:13 AM,18.99,0,0.0,37989395.000000015
2025-08-01 09:56:13 AM,18.99,200,3797.9999999999995,37993193.000000015
2025-08-01 09:56:24 AM,19.01,0,0.0,37993193.000000015
2025-08-01 09:56:24 AM,19.01,125,2376.25,37995569.250000015
2025-08-01 09:56:25 AM,19.01,9,171.09,37995740.34000002
2025-08-01 09:57:00 AM,18.99,703,13349.97,38009090.31000002
2025-08-01 09:57:08 AM,18.99,4946,93924.54,38103014.85000002
2025-08-01 09:57:10 AM,18.97,0,0.0,38103014.85000002
2025-08-01 09:57:12 AM,18.97,35355,670684.35,38773699.20000002
2025-08-01 09:57:14 AM,18.98,1,18.98,38773718.180000015
2025-08-01 09:57:18 AM,19.0,0,0.0,38773718.180000015
2025-08-01 09:57:18 AM,19.0,1051,19969.0,38793687.180000015
2025-08-01 09:57:19 AM,19.0,999,18981.0,38812668.180000015
2025-08-01 09:57:30 AM,18.99,0,0.0,38812668.180000015
2025-08-01 09:57:31 AM,18.99,5,94.94999999999999,38812763.13000002
2025-08-01 09:57:41 AM,18.97,1001,18988.969999999998,38831752.10000002
2025-08-01 09:57:46 AM,18.99,0,0.0,38831752.10000002
2025-08-01 09:57:47 AM,18.99,100,1898.9999999999998,38833651.10000002
2025-08-01 09:57:56 AM,18.99,215,4082.8499999999995,38837733.95000002
2025-08-01 09:58:05 AM,18.99,2,37.98,38837771.930000015
2025-08-01 09:58:23 AM,18.99,9,170.91,38837942.84000001
2025-08-01 09:58:29 AM,18.99,30,569.6999999999999,38838512.540000014
2025-08-01 09:58:32 AM,18.95,17786,337044.7,39175557.24000002
2025-08-01 09:58:35 AM,18.97,0,0.0,39175557.24000002
2025-08-01 09:58:35 AM,18.97,40,758.8,39176316.040000014
2025-08-01 09:58:38 AM,18.97,20,379.4,39176695.44000001
2025-08-01 09:58:42 AM,18.95,157,2975.15,39179670.59000001
2025-08-01 09:58:45 AM,18.97,3804,72161.87999999999,39251832.47000001
2025-08-01 09:58:48 AM,18.96,658,12475.68,39264308.15000001
2025-08-01 09:58:51 AM,18.98,0,0.0,39264308.15000001
2025-08-01 09:58:51 AM,18.98,4,75.92,39264384.070000015
2025-08-01 09:59:00 AM,18.98,50,949.0,39265333.070000015
2025-08-01 09:59:03 AM,18.95,0,0.0,39265333.070000015
2025-08-01 09:59:03 AM,18.95,62970,1193281.5,40458614.570000015
2025-08-01 09:59:06 AM,18.96,15825,300042.0,40758656.570000015
2025-08-01 09:59:08 AM,18.94,0,0.0,40758656.570000015
2025-08-01 09:59:09 AM,18.94,14,265.16,40758921.73000001
2025-08-01 09:59:12 AM,18.92,5000,94600.00000000001,40853521.73000001
2025-08-01 09:59:19 AM,18.94,100,1894.0000000000002,40855415.73000001
2025-08-01 09:59:28 AM,18.92,500,9460.0,40864875.73000001
2025-08-01 09:59:31 AM,18.94,200,3788.0000000000005,40868663.73000001
2025-08-01 09:59:40 AM,18.92,30,567.6,40869231.33000001
2025-08-01 09:59:49 AM,18.91,0,0.0,40869231.33000001
2025-08-01 09:59:50 AM,18.91,1110,20990.1,40890221.430000015
2025-08-01 09:59:56 AM,18.94,0,0.0,40890221.430000015
2025-08-01 09:59:56 AM,18.94,3,56.82000000000001,40890278.250000015
2025-08-01 10:00:04 AM,18.93,0,0.0,40890278.250000015
2025-08-01 10:00:05 AM,18.93,1,18.93,40890297.180000015
2025-08-01 10:00:08 AM,18.94,105,1988.7,40892285.88000002
2025-08-01 10:00:09 AM,18.93,0,0.0,40892285.88000002
2025-08-01 10:00:11 AM,18.93,24,454.32,40892740.20000002
2025-08-01 10:00:15 AM,18.93,500,9465.0,40902205.20000002
2025-08-01 10:00:18 AM,18.93,530,10032.9,40912238.10000002
2025-08-01 10:00:21 AM,18.93,2,37.86,40912275.960000016
2025-08-01 10:00:24 AM,18.93,106,2006.58,40914282.540000014
2025-08-01 10:00:28 AM,18.93,1,18.93,40914301.47000001
2025-08-01 10:00:30 AM,18.93,15,283.95,40914585.42000002
2025-08-01 10:00:34 AM,18.94,0,0.0,40914585.42000002
2025-08-01 10:00:34 AM,18.94,2881,54566.14000000001,40969151.56000002
2025-08-01 10:00:37 AM,18.94,2,37.88,40969189.44000002
2025-08-01 10:00:40 AM,18.94,5,94.7,40969284.14000002
2025-08-01 10:00:43 AM,18.94,2,37.88,40969322.020000026
2025-08-01 10:00:46 AM,18.94,523,9905.62,40979227.64000002
2025-08-01 10:00:56 AM,18.95,1973,37388.35,41016615.990000024
2025-08-01 10:00:59 AM,18.95,1,18.95,41016634.94000003
2025-08-01 10:01:02 AM,18.95,3,56.849999999999994,41016691.79000003
2025-08-01 10:01:05 AM,18.95,2,37.9,41016729.69000003
2025-08-01 10:01:09 AM,18.94,0,0.0,41016729.69000003
2025-08-01 10:01:09 AM,18.94,2103,39830.82,41056560.51000003
2025-08-01 10:01:12 AM,18.94,100,1894.0000000000002,41058454.51000003
2025-08-01 10:01:15 AM,18.92,0,0.0,41058454.51000003
2025-08-01 10:01:15 AM,18.92,50,946.0000000000001,41059400.51000003
2025-08-01 10:01:18 AM,18.92,300,5676.000000000001,41065076.51000003
2025-08-01 10:01:21 AM,18.94,2,37.88,41065114.39000003
2025-08-01 10:01:24 AM,18.94,1,18.94,41065133.33000003
2025-08-01 10:01:27 AM,18.94,1,18.94,41065152.270000026
2025-08-01 10:01:30 AM,18.94,502,9507.880000000001,41074660.15000003
2025-08-01 10:01:33 AM,18.96,44532,844326.7200000001,41918986.87000003
2025-08-01 10:01:40 AM,18.96,3265,61904.4,41980891.270000026
2025-08-01 10:01:42 AM,18.96,2,37.92,41980929.19000003
2025-08-01 10:01:52 AM,18.96,1,18.96,41980948.15000003
2025-08-01 10:02:00 AM,18.96,4,75.84,41981023.99000003
2025-08-01 10:02:04 AM,18.96,145,2749.2000000000003,41983773.190000035
2025-08-01 10:02:08 AM,18.97,0,0.0,41983773.190000035
2025-08-01 10:02:11 AM,18.97,5725,108603.25,42092376.440000035
2025-08-01 10:02:17 AM,18.97,4,75.88,42092452.32000004
2025-08-01 10:02:19 AM,18.97,87,1650.3899999999999,42094102.71000004
2025-08-01 10:02:23 AM,18.94,0,0.0,42094102.71000004
2025-08-01 10:02:24 AM,18.94,7000,132580.0,42226682.71000004
2025-08-01 10:02:28 AM,18.96,0,0.0,42226682.71000004
2025-08-01 10:02:30 AM,18.96,97,1839.1200000000001,42228521.830000035
2025-08-01 10:02:32 AM,18.94,500,9470.0,42237991.830000035
2025-08-01 10:02:33 AM,18.96,0,0.0,42237991.830000035
2025-08-01 10:02:36 AM,18.94,80,1515.2,42239507.03000004
2025-08-01 10:02:41 AM,18.96,0,0.0,42239507.03000004
2025-08-01 10:02:43 AM,18.96,228,4322.88,42243829.91000004
2025-08-01 10:02:51 AM,18.96,5,94.80000000000001,42243924.71000004
2025-08-01 10:02:55 AM,18.95,0,0.0,42243924.71000004
2025-08-01 10:02:55 AM,18.95,2000,37900.0,42281824.71000004
2025-08-01 10:03:16 AM,18.95,66,1250.7,42283075.41000004
2025-08-01 10:03:27 AM,18.96,0,0.0,42283075.41000004
2025-08-01 10:03:27 AM,18.96,2015,38204.4,42321279.81000004
2025-08-01 10:03:40 AM,18.96,20,379.20000000000005,42321659.01000004
2025-08-01 10:03:47 AM,18.95,0,0.0,42321659.01000004
2025-08-01 10:03:47 AM,18.95,1,18.95,42321677.960000046
2025-08-01 10:03:51 AM,18.96,0,0.0,42321677.960000046
2025-08-01 10:03:52 AM,18.96,933,17689.68,42339367.640000045
2025-08-01 10:03:59 AM,18.96,1,18.96,42339386.600000046
2025-08-01 10:04:05 AM,18.96,20,379.20000000000005,42339765.80000005
2025-08-01 10:04:11 AM,18.96,103,1952.88,42341718.68000005
2025-08-01 10:04:17 AM,18.95,3170,60071.5,42401790.18000005
2025-08-01 10:04:23 AM,18.96,0,0.0,42401790.18000005
2025-08-01 10:04:24 AM,18.96,5,94.80000000000001,42401884.98000005
2025-08-01 10:04:26 AM,18.96,2,37.92,42401922.90000005
2025-08-01 10:04:27 AM,18.95,0,0.0,42401922.90000005
2025-08-01 10:04:27 AM,18.94,0,0.0,42401922.90000005
2025-08-01 10:04:30 AM,18.95,3091,58574.45,42460497.35000005
2025-08-01 10:04:36 AM,18.94,55,1041.7,42461539.05000006
2025-08-01 10:04:39 AM,18.95,31,587.4499999999999,42462126.50000006
2025-08-01 10:04:45 AM,18.95,7334,138979.3,42601105.80000006
2025-08-01 10:04:49 AM,18.97,0,0.0,42601105.80000006
2025-08-01 10:04:49 AM,18.97,500,9485.0,42610590.80000006
2025-08-01 10:05:01 AM,18.97,1,18.97,42610609.770000055
2025-08-01 10:05:13 AM,18.97,100,1897.0,42612506.770000055
2025-08-01 10:05:16 AM,18.95,356,6746.2,42619252.97000006
2025-08-01 10:05:20 AM,18.95,200,3790.0,42623042.97000006
2025-08-01 10:05:38 AM,18.94,743,14072.42,42637115.39000006
2025-08-01 10:05:44 AM,18.96,7001,132738.96,42769854.35000006
2025-08-01 10:05:50 AM,18.96,1,18.96,42769873.31000006
2025-08-01 10:05:52 AM,18.93,0,0.0,42769873.31000006
2025-08-01 10:05:52 AM,18.93,100,1893.0,42771766.31000006
2025-08-01 10:06:02 AM,18.93,3801,71952.93,42843719.24000006
2025-08-01 10:06:04 AM,18.95,100,1895.0,42845614.24000006
2025-08-01 10:06:22 AM,18.96,3,56.88,42845671.120000064
2025-08-01 10:06:42 AM,18.93,0,0.0,42845671.120000064
2025-08-01 10:06:44 AM,18.93,5465,103452.45,42949123.57000007
2025-08-01 10:06:46 AM,18.94,50,947.0000000000001,42950070.57000007
2025-08-01 10:06:58 AM,18.93,50,946.5,42951017.07000007
2025-08-01 10:07:02 AM,18.92,0,0.0,42951017.07000007
2025-08-01 10:07:02 AM,18.92,1053,19922.760000000002,42970939.830000065
2025-08-01 10:07:04 AM,18.92,2200,41624.00000000001,43012563.830000065
2025-08-01 10:07:08 AM,18.92,3,56.760000000000005,43012620.59000006
2025-08-01 10:07:15 AM,18.92,64500,1220340.0,44232960.59000006
2025-08-01 10:07:17 AM,18.91,2000,37820.0,44270780.59000006
2025-08-01 10:07:18 AM,18.92,0,0.0,44270780.59000006
2025-08-01 10:07:21 AM,18.92,50,946.0000000000001,44271726.59000006
2025-08-01 10:07:27 AM,18.92,2006,37953.520000000004,44309680.11000007
2025-08-01 10:07:29 AM,18.92,350,6622.000000000001,44316302.11000007
2025-08-01 10:07:31 AM,18.93,0,0.0,44316302.11000007
2025-08-01 10:07:33 AM,18.93,73,1381.8899999999999,44317684.00000007
2025-08-01 10:07:39 AM,18.92,0,0.0,44317684.00000007
2025-08-01 10:07:39 AM,18.92,200,3784.0000000000005,44321468.00000007
2025-08-01 10:07:45 AM,18.92,531,10046.52,44331514.52000007
2025-08-01 10:07:47 AM,18.92,2000,37840.0,44369354.52000007
2025-08-01 10:07:54 AM,18.93,200,3786.0,44373140.52000007
2025-08-01 10:07:55 AM,18.92,0,0.0,44373140.52000007
2025-08-01 10:07:58 AM,18.94,1806,34205.64,44407346.16000007
2025-08-01 10:08:00 AM,18.92,50,946.0000000000001,44408292.16000007
2025-08-01 10:08:03 AM,18.94,0,0.0,44408292.16000007
2025-08-01 10:08:04 AM,18.94,23,435.62,44408727.78000007
2025-08-01 10:08:10 AM,18.94,4,75.76,44408803.540000066
2025-08-01 10:08:18 AM,18.94,100,1894.0000000000002,44410697.540000066
2025-08-01 10:08:22 AM,18.92,0,0.0,44410697.540000066
2025-08-01 10:08:23 AM,18.92,4,75.68,44410773.220000066
2025-08-01 10:08:29 AM,18.94,19,359.86,44411133.080000065
2025-08-01 10:08:42 AM,18.94,5,94.7,44411227.78000007
2025-08-01 10:08:47 AM,18.94,4265,80779.1,44492006.88000007
2025-08-01 10:08:48 AM,18.94,5,94.7,44492101.58000007
2025-08-01 10:09:03 AM,18.95,0,0.0,44492101.58000007
2025-08-01 10:09:04 AM,18.95,6,113.69999999999999,44492215.280000076
2025-08-01 10:09:15 AM,18.94,0,0.0,44492215.280000076
2025-08-01 10:09:16 AM,18.94,1005,19034.7,44511249.98000008
2025-08-01 10:09:28 AM,18.94,8,151.52,44511401.50000008
2025-08-01 10:09:40 AM,18.94,25,473.50000000000006,44511875.00000008
2025-08-01 10:09:57 AM,18.95,2000,37900.0,44549775.00000008
2025-08-01 10:10:01 AM,18.94,0,0.0,44549775.00000008
2025-08-01 10:10:02 AM,18.94,8756,165838.64,44715613.64000008
2025-08-01 10:10:08 AM,18.93,10,189.3,44715802.94000008
2025-08-01 10:10:26 AM,18.93,100,1893.0,44717695.94000008
2025-08-01 10:10:27 AM,18.94,0,0.0,44717695.94000008
2025-08-01 10:10:28 AM,18.94,1000,18940.0,44736635.94000008
2025-08-01 10:10:30 AM,18.93,0,0.0,44736635.94000008
2025-08-01 10:10:32 AM,18.93,4,75.72,44736711.66000008
2025-08-01 10:10:34 AM,18.93,10,189.3,44736900.960000075
2025-08-01 10:10:56 AM,18.93,5000,94650.0,44831550.960000075
2025-08-01 10:11:03 AM,18.93,40,757.2,44832308.16000008
2025-08-01 10:11:14 AM,18.94,100,1894.0000000000002,44834202.16000008
2025-08-01 10:11:15 AM,18.93,0,0.0,44834202.16000008
2025-08-01 10:11:15 AM,18.93,5,94.65,44834296.81000008
2025-08-01 10:11:24 AM,18.95,0,0.0,44834296.81000008
2025-08-01 10:11:25 AM,18.95,1500,28425.0,44862721.81000008
2025-08-01 10:11:26 AM,18.93,118,2233.74,44864955.55000008
2025-08-01 10:11:42 AM,18.95,300,5685.0,44870640.55000008
2025-08-01 10:11:50 AM,18.95,5,94.75,44870735.30000008
2025-08-01 10:11:51 AM,18.93,0,0.0,44870735.30000008
2025-08-01 10:11:54 AM,18.93,799,15125.07,44885860.37000008
2025-08-01 10:12:00 AM,18.95,0,0.0,44885860.37000008
2025-08-01 10:12:00 AM,18.95,9,170.54999999999998,44886030.92000008
2025-08-01 10:12:24 AM,18.93,0,0.0,44886030.92000008
2025-08-01 10:12:24 AM,18.93,600,11358.0,44897388.92000008
2025-08-01 10:12:35 AM,18.95,64,1212.8,44898601.72000007
2025-08-01 10:12:36 AM,18.93,0,0.0,44898601.72000007
2025-08-01 10:12:36 AM,18.93,1200,22716.0,44921317.72000007
2025-08-01 10:12:41 AM,18.96,1900,36024.0,44957341.72000007
2025-08-01 10:12:57 AM,18.95,0,0.0,44957341.72000007
2025-08-01 10:12:58 AM,18.95,1000,18950.0,44976291.72000007
2025-08-01 10:13:09 AM,18.93,0,0.0,44976291.72000007
2025-08-01 10:13:10 AM,18.93,270,5111.1,44981402.820000075
2025-08-01 10:13:15 AM,18.95,0,0.0,44981402.820000075
2025-08-01 10:13:16 AM,18.95,50,947.5,44982350.320000075
2025-08-01 10:13:33 AM,18.93,0,0.0,44982350.320000075
2025-08-01 10:13:33 AM,18.93,550,10411.5,44992761.820000075
2025-08-01 10:13:46 AM,18.95,7,132.65,44992894.47000007
2025-08-01 10:13:52 AM,18.95,10000,189500.0,45182394.47000007
2025-08-01 10:13:58 AM,18.93,310,5868.3,45188262.77000007
2025-08-01 10:14:09 AM,18.93,1000,18930.0,45207192.77000007
2025-08-01 10:14:20 AM,18.95,5500,104225.0,45311417.77000007
2025-08-01 10:14:32 AM,18.91,40100,758291.0,46069708.77000007
2025-08-01 10:14:43 AM,18.91,100,1891.0,46071599.77000007
2025-08-01 10:14:50 AM,18.93,0,0.0,46071599.77000007
2025-08-01 10:14:50 AM,18.93,263,4978.59,46076578.360000074
2025-08-01 10:15:01 AM,18.93,450,8518.5,46085096.860000074
2025-08-01 10:15:06 AM,18.93,2244,42478.92,46127575.780000076
2025-08-01 10:15:13 AM,18.93,10,189.3,46127765.08000007
2025-08-01 10:15:15 AM,18.94,0,0.0,46127765.08000007
2025-08-01 10:15:18 AM,18.94,5,94.7,46127859.780000076
2025-08-01 10:15:24 AM,18.95,501,9493.949999999999,46137353.73000008
2025-08-01 10:15:43 AM,18.95,110,2084.5,46139438.23000008
2025-08-01 10:15:55 AM,18.93,360,6814.8,46146253.030000076
2025-08-01 10:15:59 AM,18.95,0,0.0,46146253.030000076
2025-08-01 10:16:00 AM,18.95,100,1895.0,46148148.030000076
2025-08-01 10:16:12 AM,18.96,300,5688.0,46153836.030000076
2025-08-01 10:16:17 AM,18.95,0,0.0,46153836.030000076
2025-08-01 10:16:18 AM,18.95,1000,18950.0,46172786.030000076
2025-08-01 10:16:27 AM,18.96,0,0.0,46172786.030000076
2025-08-01 10:16:29 AM,18.96,20,379.20000000000005,46173165.23000008
2025-08-01 10:16:35 AM,18.95,0,0.0,46173165.23000008
2025-08-01 10:16:35 AM,18.95,18,341.09999999999997,46173506.33000008
2025-08-01 10:16:45 AM,18.96,0,0.0,46173506.33000008
2025-08-01 10:16:47 AM,18.96,36,682.5600000000001,46174188.89000008
2025-08-01 10:16:54 AM,18.95,0,0.0,46174188.89000008
2025-08-01 10:16:58 AM,18.96,51,966.96,46175155.85000008
2025-08-01 10:17:09 AM,18.96,109,2066.64,46177222.490000084
2025-08-01 10:17:14 AM,18.96,27,511.92,46177734.410000086
2025-08-01 10:17:20 AM,18.96,511,9688.560000000001,46187422.97000009
2025-08-01 10:17:26 AM,18.96,5500,104280.0,46291702.97000009
2025-08-01 10:17:32 AM,18.96,1200,22752.0,46314454.97000009
2025-08-01 10:17:35 AM,18.94,0,0.0,46314454.97000009
2025-08-01 10:17:38 AM,18.94,3000,56820.00000000001,46371274.97000009
2025-08-01 10:17:45 AM,18.96,0,0.0,46371274.97000009
2025-08-01 10:17:49 AM,18.95,255,4832.25,46376107.22000009
2025-08-01 10:17:51 AM,18.94,0,0.0,46376107.22000009
2025-08-01 10:17:55 AM,18.94,100,1894.0000000000002,46378001.22000009
2025-08-01 10:18:07 AM,18.93,2003,37916.79,46415918.01000009
2025-08-01 10:18:12 AM,18.95,0,0.0,46415918.01000009
2025-08-01 10:18:13 AM,18.95,800,15160.0,46431078.01000009
2025-08-01 10:18:15 AM,18.94,0,0.0,46431078.01000009
2025-08-01 10:18:19 AM,18.94,500,9470.0,46440548.01000009
2025-08-01 10:18:39 AM,18.95,0,0.0,46440548.01000009
2025-08-01 10:18:42 AM,18.96,5011,95008.56,46535556.57000009
2025-08-01 10:18:48 AM,18.96,50,948.0,46536504.57000009
2025-08-01 10:18:59 AM,18.96,112,2123.52,46538628.09000009
2025-08-01 10:19:16 AM,18.96,18,341.28000000000003,46538969.370000094
2025-08-01 10:19:22 AM,18.96,100,1896.0,46540865.370000094
2025-08-01 10:19:33 AM,18.94,1,18.94,46540884.31000009
2025-08-01 10:19:39 AM,18.94,109,2064.46,46542948.77000009
2025-08-01 10:19:50 AM,18.96,50,948.0,46543896.77000009
2025-08-01 10:19:57 AM,18.96,750,14220.0,46558116.77000009
2025-08-01 10:20:02 AM,18.96,50,948.0,46559064.77000009
2025-08-01 10:20:12 AM,18.96,9,170.64000000000001,46559235.41000009
2025-08-01 10:20:18 AM,18.96,25,474.0,46559709.41000009
2025-08-01 10:20:24 AM,18.96,250,4740.0,46564449.41000009
2025-08-01 10:20:30 AM,18.96,3,56.88,46564506.290000096
2025-08-01 10:20:36 AM,18.96,5001,94818.96,46659325.2500001
2025-08-01 10:20:38 AM,18.96,1,18.96,46659344.2100001
2025-08-01 10:21:05 AM,18.95,1,18.95,46659363.1600001
2025-08-01 10:21:13 AM,18.95,80,1516.0,46660879.1600001
2025-08-01 10:21:22 AM,18.95,775,14686.25,46675565.4100001
2025-08-01 10:21:29 AM,18.95,431,8167.45,46683732.8600001
2025-08-01 10:21:39 AM,18.96,0,0.0,46683732.8600001
2025-08-01 10:21:40 AM,18.96,4,75.84,46683808.70000011
2025-08-01 10:21:45 AM,18.95,0,0.0,46683808.70000011
2025-08-01 10:21:46 AM,18.95,300,5685.0,46689493.70000011
2025-08-01 10:22:14 AM,18.96,500,9480.0,46698973.70000011
2025-08-01 10:22:18 AM,18.95,0,0.0,46698973.70000011
2025-08-01 10:22:18 AM,18.95,71,1345.45,46700319.15000011
2025-08-01 10:22:38 AM,18.96,2500,47400.0,46747719.15000011
2025-08-01 10:22:41 AM,18.96,1630,30904.800000000003,46778623.95000011
2025-08-01 10:23:17 AM,18.96,1000,18960.0,46797583.95000011
2025-08-01 10:23:23 AM,18.95,0,0.0,46797583.95000011
2025-08-01 10:23:23 AM,18.95,70,1326.5,46798910.45000011
2025-08-01 10:23:31 AM,18.95,1000,18950.0,46817860.45000011
2025-08-01 10:23:33 AM,18.96,0,0.0,46817860.45000011
2025-08-01 10:23:34 AM,18.96,40,758.4000000000001,46818618.850000106
2025-08-01 10:23:40 AM,18.96,3,56.88,46818675.73000011
2025-08-01 10:23:44 AM,18.95,0,0.0,46818675.73000011
2025-08-01 10:23:46 AM,18.95,90,1705.5,46820381.23000011
2025-08-01 10:23:47 AM,18.96,0,0.0,46820381.23000011
2025-08-01 10:23:48 AM,18.96,20,379.20000000000005,46820760.43000011
2025-08-01 10:23:59 AM,18.96,1,18.96,46820779.39000011
2025-08-01 10:24:01 AM,18.95,0,0.0,46820779.39000011
2025-08-01 10:24:02 AM,18.95,1000,18950.0,46839729.39000011
2025-08-01 10:24:08 AM,18.95,400,7580.0,46847309.39000011
2025-08-01 10:24:21 AM,18.96,0,0.0,46847309.39000011
2025-08-01 10:24:21 AM,18.96,50,948.0,46848257.39000011
2025-08-01 10:24:25 AM,18.96,1,18.96,46848276.35000011
2025-08-01 10:24:30 AM,18.96,5,94.80000000000001,46848371.15000011
2025-08-01 10:24:38 AM,18.96,40,758.4000000000001,46849129.55000011
2025-08-01 10:24:46 AM,18.96,10,189.60000000000002,46849319.15000011
2025-08-01 10:24:57 AM,18.96,800,15168.0,46864487.15000011
2025-08-01 10:25:03 AM,18.96,10,189.60000000000002,46864676.75000011
2025-08-01 10:25:05 AM,18.96,201,3810.96,46868487.71000011
2025-08-01 10:25:09 AM,18.96,25,474.0,46868961.71000011
2025-08-01 10:25:18 AM,18.96,5,94.80000000000001,46869056.51000011
2025-08-01 10:25:26 AM,18.96,4,75.84,46869132.35000011
2025-08-01 10:25:31 AM,18.95,0,0.0,46869132.35000011
2025-08-01 10:25:32 AM,18.96,106,2009.76,46871142.11000011
2025-08-01 10:25:34 AM,18.96,100,1896.0,46873038.11000011
2025-08-01 10:25:40 AM,18.96,10,189.60000000000002,46873227.71000011
2025-08-01 10:25:43 AM,18.95,0,0.0,46873227.71000011
2025-08-01 10:25:43 AM,18.95,70,1326.5,46874554.21000011
2025-08-01 10:25:45 AM,18.96,4,75.84,46874630.050000116
2025-08-01 10:25:49 AM,18.96,100,1896.0,46876526.050000116
2025-08-01 10:25:51 AM,18.96,20,379.20000000000005,46876905.25000012
2025-08-01 10:25:56 AM,18.96,5,94.80000000000001,46877000.050000116
2025-08-01 10:26:07 AM,18.96,2000,37920.0,46914920.050000116
2025-08-01 10:26:09 AM,18.95,0,0.0,46914920.050000116
2025-08-01 10:26:10 AM,18.96,0,0.0,46914920.050000116
2025-08-01 10:26:10 AM,18.96,30,568.8000000000001,46915488.85000011
2025-08-01 10:26:16 AM,18.96,300,5688.0,46921176.85000011
2025-08-01 10:26:18 AM,18.96,1630,30904.800000000003,46952081.65000011
2025-08-01 10:26:24 AM,18.96,4,75.84,46952157.490000114
2025-08-01 10:26:33 AM,18.96,30,568.8000000000001,46952726.29000011
2025-08-01 10:26:39 AM,18.96,5,94.80000000000001,46952821.09000011
2025-08-01 10:26:42 AM,18.96,100,1896.0,46954717.09000011
2025-08-01 10:26:51 AM,18.96,350,6636.0,46961353.09000011
2025-08-01 10:26:53 AM,18.96,5,94.80000000000001,46961447.890000105
2025-08-01 10:26:56 AM,18.96,50,948.0,46962395.890000105
2025-08-01 10:27:01 AM,18.95,0,0.0,46962395.890000105
2025-08-01 10:27:02 AM,18.96,316,5991.360000000001,46968387.250000104
2025-08-01 10:27:11 AM,18.96,15,284.40000000000003,46968671.6500001
2025-08-01 10:27:22 AM,18.95,0,0.0,46968671.6500001
2025-08-01 10:27:22 AM,18.95,400,7580.0,46976251.6500001
2025-08-01 10:27:30 AM,18.96,50,948.0,46977199.6500001
2025-08-01 10:27:49 AM,18.96,2,37.92,46977237.570000105
2025-08-01 10:27:57 AM,18.96,3,56.88,46977294.45000011
2025-08-01 10:28:00 AM,18.96,791,14997.36,46992291.81000011
2025-08-01 10:28:08 AM,18.96,20,379.20000000000005,46992671.01000011
2025-08-01 10:28:09 AM,18.95,0,0.0,46992671.01000011
2025-08-01 10:28:11 AM,18.96,502,9517.92,47002188.93000011
2025-08-01 10:28:18 AM,18.96,1000,18960.0,47021148.93000011
2025-08-01 10:28:21 AM,18.96,1000,18960.0,47040108.93000011
2025-08-01 10:28:27 AM,18.95,0,0.0,47040108.93000011
2025-08-01 10:28:27 AM,18.95,4,75.8,47040184.73000011
2025-08-01 10:28:40 AM,18.96,0,0.0,47040184.73000011
2025-08-01 10:28:41 AM,18.96,5000,94800.0,47134984.73000011
2025-08-01 10:28:49 AM,18.95,0,0.0,47134984.73000011
2025-08-01 10:28:49 AM,18.95,145,2747.75,47137732.48000011
2025-08-01 10:28:52 AM,18.96,0,0.0,47137732.48000011
2025-08-01 10:28:52 AM,18.96,1510,28629.600000000002,47166362.08000011
2025-08-01 10:28:55 AM,18.95,0,0.0,47166362.08000011
2025-08-01 10:28:55 AM,18.95,795,15065.25,47181427.33000011
2025-08-01 10:29:01 AM,18.96,0,0.0,47181427.33000011
2025-08-01 10:29:03 AM,18.97,0,0.0,47181427.33000011
2025-08-01 10:29:03 AM,18.97,136737,2593900.8899999997,49775328.22000011
2025-08-01 10:29:09 AM,18.98,0,0.0,49775328.22000011
2025-08-01 10:29:09 AM,18.98,24326,461707.48,50237035.70000011
2025-08-01 10:29:11 AM,18.96,24000,455040.0,50692075.70000011
2025-08-01 10:29:17 AM,18.97,0,0.0,50692075.70000011
2025-08-01 10:29:17 AM,18.97,200,3794.0,50695869.70000011
2025-08-01 10:29:18 AM,18.99,0,0.0,50695869.70000011
2025-08-01 10:29:20 AM,18.99,306,5810.94,50701680.640000105
2025-08-01 10:29:47 AM,18.99,150,2848.4999999999995,50704529.140000105
2025-08-01 10:29:50 AM,18.99,1,18.99,50704548.13000011
2025-08-01 10:29:53 AM,18.99,200,3797.9999999999995,50708346.13000011
2025-08-01 10:30:01 AM,18.99,30,569.6999999999999,50708915.83000011
2025-08-01 10:30:04 AM,18.97,0,0.0,50708915.83000011
2025-08-01 10:30:04 AM,18.97,250,4742.5,50713658.33000011
2025-08-01 10:30:07 AM,18.99,100,1898.9999999999998,50715557.33000011
2025-08-01 10:30:10 AM,18.99,100,1898.9999999999998,50717456.33000011
2025-08-01 10:30:13 AM,18.99,1,18.99,50717475.32000011
2025-08-01 10:30:19 AM,18.99,250,4747.5,50722222.82000011
2025-08-01 10:30:23 AM,18.97,0,0.0,50722222.82000011
2025-08-01 10:30:24 AM,18.97,20,379.4,50722602.22000011
2025-08-01 10:30:26 AM,18.99,0,0.0,50722602.22000011
2025-08-01 10:30:27 AM,18.99,1133,21515.67,50744117.89000011
2025-08-01 10:30:36 AM,18.99,2900,55070.99999999999,50799188.89000011
2025-08-01 10:30:44 AM,18.97,0,0.0,50799188.89000011
2025-08-01 10:30:44 AM,18.97,1133,21493.01,50820681.90000011
2025-08-01 10:30:47 AM,18.99,0,0.0,50820681.90000011
2025-08-01 10:30:47 AM,18.99,1,18.99,50820700.89000011
2025-08-01 10:30:50 AM,18.97,0,0.0,50820700.89000011
2025-08-01 10:30:50 AM,18.97,1003,19026.91,50839727.80000011
2025-08-01 10:31:03 AM,18.99,0,0.0,50839727.80000011
2025-08-01 10:31:05 AM,18.99,109,2069.91,50841797.710000105
2025-08-01 10:31:06 AM,18.98,0,0.0,50841797.710000105
2025-08-01 10:31:07 AM,18.98,252,4782.96,50846580.670000106
2025-08-01 10:31:09 AM,18.99,0,0.0,50846580.670000106
2025-08-01 10:31:11 AM,18.99,101,1917.9899999999998,50848498.66000011
2025-08-01 10:31:24 AM,18.99,17803,338078.97,51186577.63000011
2025-08-01 10:31:32 AM,19.0,0,0.0,51186577.63000011
2025-08-01 10:31:33 AM,19.0,500,9500.0,51196077.63000011
2025-08-01 10:31:35 AM,19.0,5,95.0,51196172.63000011
2025-08-01 10:31:41 AM,18.99,502,9532.98,51205705.6100001
2025-08-01 10:31:46 AM,19.0,10,190.0,51205895.6100001
2025-08-01 10:31:49 AM,18.99,0,0.0,51205895.6100001
2025-08-01 10:31:50 AM,18.99,200,3797.9999999999995,51209693.6100001
2025-08-01 10:32:06 AM,19.0,5,95.0,51209788.6100001
2025-08-01 10:32:09 AM,18.99,5,94.94999999999999,51209883.56000011
2025-08-01 10:32:10 AM,19.0,0,0.0,51209883.56000011
2025-08-01 10:32:12 AM,19.0,51,969.0,51210852.56000011
2025-08-01 10:32:16 AM,19.03,53513,1018352.39,52229204.95000011
2025-08-01 10:32:19 AM,19.03,1,19.03,52229223.98000011
2025-08-01 10:32:26 AM,19.03,115,2188.4500000000003,52231412.43000011
2025-08-01 10:32:32 AM,19.03,15,285.45000000000005,52231697.880000114
2025-08-01 10:32:39 AM,19.03,15,285.45000000000005,52231983.33000012
2025-08-01 10:32:41 AM,19.03,25,475.75,52232459.08000012
2025-08-01 10:32:53 AM,19.03,1,19.03,52232478.11000012
2025-08-01 10:32:56 AM,19.03,29,551.87,52233029.980000116
2025-08-01 10:33:09 AM,19.01,0,0.0,52233029.980000116
2025-08-01 10:33:09 AM,19.03,0,0.0,52233029.980000116
2025-08-01 10:33:09 AM,19.03,155,2949.65,52235979.630000114
2025-08-01 10:33:12 AM,19.03,19,361.57000000000005,52236341.200000115
2025-08-01 10:33:24 AM,19.03,250,4757.5,52241098.700000115
2025-08-01 10:33:40 AM,19.03,1025,19505.75,52260604.450000115
2025-08-01 10:33:45 AM,19.01,0,0.0,52260604.450000115
2025-08-01 10:33:46 AM,19.01,30,570.3000000000001,52261174.75000011
2025-08-01 10:33:48 AM,19.03,0,0.0,52261174.75000011
2025-08-01 10:33:48 AM,19.03,31,589.9300000000001,52261764.68000011
2025-08-01 10:33:54 AM,19.03,33,627.99,52262392.67000011
2025-08-01 10:33:57 AM,19.03,1000,19030.0,52281422.67000011
2025-08-01 10:34:03 AM,19.03,1,19.03,52281441.700000115
2025-08-01 10:34:07 AM,19.01,0,0.0,52281441.700000115
2025-08-01 10:34:09 AM,19.03,0,0.0,52281441.700000115
2025-08-01 10:34:09 AM,19.03,250,4757.5,52286199.200000115
2025-08-01 10:34:11 AM,19.04,0,0.0,52286199.200000115
2025-08-01 10:34:11 AM,19.04,1500,28560.0,52314759.200000115
2025-08-01 10:34:15 AM,19.04,10,190.39999999999998,52314949.60000011
2025-08-01 10:34:16 AM,19.04,1,19.04,52314968.64000011
2025-08-01 10:34:20 AM,19.04,10,190.39999999999998,52315159.04000011
2025-08-01 10:34:27 AM,19.04,1100,20944.0,52336103.04000011
2025-08-01 10:34:31 AM,19.04,111,2113.44,52338216.48000011
2025-08-01 10:34:33 AM,19.04,390,7425.599999999999,52345642.08000011
2025-08-01 10:34:40 AM,19.02,0,0.0,52345642.08000011
2025-08-01 10:34:42 AM,19.02,100,1902.0,52347544.08000011
2025-08-01 10:34:46 AM,19.04,0,0.0,52347544.08000011
2025-08-01 10:34:48 AM,19.04,111,2113.44,52349657.52000011
2025-08-01 10:35:19 AM,19.03,0,0.0,52349657.52000011
2025-08-01 10:35:19 AM,19.03,10,190.3,52349847.820000105
2025-08-01 10:35:21 AM,19.05,0,0.0,52349847.820000105
2025-08-01 10:35:22 AM,19.05,1,19.05,52349866.8700001
2025-08-01 10:35:24 AM,19.03,0,0.0,52349866.8700001
2025-08-01 10:35:24 AM,19.03,1101,20952.030000000002,52370818.9000001
2025-08-01 10:35:34 AM,19.03,1363,25937.890000000003,52396756.7900001
2025-08-01 10:35:36 AM,19.03,100,1903.0,52398659.7900001
2025-08-01 10:35:39 AM,19.02,1,19.02,52398678.81000011
2025-08-01 10:35:45 AM,19.04,0,0.0,52398678.81000011
2025-08-01 10:35:45 AM,19.04,300,5712.0,52404390.81000011
2025-08-01 10:35:47 AM,19.04,4000,76160.0,52480550.81000011
2025-08-01 10:35:50 AM,19.04,190,3617.6,52484168.41000011
2025-08-01 10:35:53 AM,19.04,1000,19040.0,52503208.41000011
2025-08-01 10:35:58 AM,19.02,9,171.18,52503379.59000011
2025-08-01 10:36:01 AM,19.02,99,1882.98,52505262.570000105
2025-08-01 10:36:02 AM,19.04,0,0.0,52505262.570000105
2025-08-01 10:36:04 AM,19.04,2000,38080.0,52543342.570000105
2025-08-01 10:36:05 AM,19.02,0,0.0,52543342.570000105
2025-08-01 10:36:07 AM,19.02,1500,28530.0,52571872.570000105
2025-08-01 10:36:10 AM,19.04,500,9520.0,52581392.570000105
2025-08-01 10:36:21 AM,19.02,0,0.0,52581392.570000105
2025-08-01 10:36:21 AM,19.02,99,1882.98,52583275.5500001
2025-08-01 10:36:35 AM,19.02,439,8349.78,52591625.3300001
2025-08-01 10:36:40 AM,19.02,4,76.08,52591701.4100001
2025-08-01 10:36:55 AM,19.01,0,0.0,52591701.4100001
2025-08-01 10:36:57 AM,19.01,70,1330.7,52593032.1100001
2025-08-01 10:36:59 AM,19.01,15,285.15000000000003,52593317.2600001
2025-08-01 10:37:01 AM,19.02,0,0.0,52593317.2600001
2025-08-01 10:37:02 AM,19.02,1525,29005.5,52622322.7600001
2025-08-01 10:37:10 AM,19.02,10,190.2,52622512.960000105
2025-08-01 10:37:15 AM,19.02,333,6333.66,52628846.6200001
2025-08-01 10:37:19 AM,19.02,310,5896.2,52634742.820000105
2025-08-01 10:37:35 AM,19.02,2000,38040.0,52672782.820000105
2025-08-01 10:37:41 AM,19.02,2308,43898.159999999996,52716680.9800001
2025-08-01 10:37:52 AM,19.02,8945,170133.9,52886814.8800001
2025-08-01 10:38:00 AM,19.02,522,9928.44,52896743.3200001
2025-08-01 10:38:04 AM,19.03,1,19.03,52896762.3500001
2025-08-01 10:38:11 AM,19.02,0,0.0,52896762.3500001
2025-08-01 10:38:13 AM,19.02,1,19.02,52896781.3700001
2025-08-01 10:38:20 AM,19.04,0,0.0,52896781.3700001
2025-08-01 10:38:22 AM,19.04,5100,97104.0,52993885.3700001
2025-08-01 10:38:23 AM,19.03,0,0.0,52993885.3700001
2025-08-01 10:38:25 AM,19.03,101,1922.0300000000002,52995807.4000001
2025-08-01 10:38:43 AM,19.03,408,7764.240000000001,53003571.640000105
2025-08-01 10:38:49 AM,19.03,100,1903.0,53005474.640000105
2025-08-01 10:38:51 AM,19.03,30,570.9000000000001,53006045.5400001
2025-08-01 10:38:54 AM,19.03,1000,19030.0,53025075.5400001
2025-08-01 10:39:00 AM,19.03,100,1903.0,53026978.5400001
2025-08-01 10:39:05 AM,19.02,801,15235.02,53042213.56000011
2025-08-01 10:39:07 AM,19.03,0,0.0,53042213.56000011
2025-08-01 10:39:08 AM,19.03,1,19.03,53042232.59000011
2025-08-01 10:39:14 AM,19.03,5000,95150.0,53137382.59000011
2025-08-01 10:39:22 AM,19.03,600,11418.0,53148800.59000011
2025-08-01 10:39:39 AM,19.03,51,970.5300000000001,53149771.12000011
2025-08-01 10:39:44 AM,19.02,1,19.02,53149790.14000011
2025-08-01 10:39:45 AM,19.03,0,0.0,53149790.14000011
2025-08-01 10:39:47 AM,19.04,1505,28655.199999999997,53178445.340000115
2025-08-01 10:39:49 AM,19.03,0,0.0,53178445.340000115
2025-08-01 10:39:50 AM,19.04,207,3941.2799999999997,53182386.62000012
2025-08-01 10:40:04 AM,19.02,101,1921.02,53184307.64000012
2025-08-01 10:40:04 AM,19.04,0,0.0,53184307.64000012
2025-08-01 10:40:06 AM,19.04,250,4760.0,53189067.64000012
2025-08-01 10:40:10 AM,19.02,0,0.0,53189067.64000012
2025-08-01 10:40:12 AM,19.02,2000,38040.0,53227107.64000012
2025-08-01 10:40:18 AM,19.02,14928,283930.56,53511038.20000012
2025-08-01 10:40:29 AM,19.02,200,3804.0,53514842.20000012
2025-08-01 10:40:31 AM,19.02,1100,20922.0,53535764.20000012
2025-08-01 10:40:34 AM,19.0,0,0.0,53535764.20000012
2025-08-01 10:40:34 AM,19.0,1,19.0,53535783.20000012
2025-08-01 10:40:48 AM,19.02,0,0.0,53535783.20000012
2025-08-01 10:40:48 AM,19.02,5,95.1,53535878.30000012
2025-08-01 10:40:51 AM,19.02,24,456.48,53536334.78000012
2025-08-01 10:40:52 AM,19.0,0,0.0,53536334.78000012
2025-08-01 10:40:54 AM,19.0,1100,20900.0,53557234.78000012
2025-08-01 10:41:11 AM,19.02,4,76.08,53557310.86000012
2025-08-01 10:41:13 AM,19.02,10,190.2,53557501.06000012
2025-08-01 10:41:16 AM,19.02,11,209.22,53557710.28000012
2025-08-01 10:41:33 AM,19.02,100,1902.0,53559612.28000012
2025-08-01 10:41:35 AM,19.02,3,57.06,53559669.34000012
2025-08-01 10:41:38 AM,19.0,0,0.0,53559669.34000012
2025-08-01 10:41:39 AM,19.0,1,19.0,53559688.34000012
2025-08-01 10:42:01 AM,19.0,200,3800.0,53563488.34000012
2025-08-01 10:42:04 AM,19.02,0,0.0,53563488.34000012
2025-08-01 10:42:06 AM,19.02,10,190.2,53563678.540000126
2025-08-01 10:42:10 AM,19.0,0,0.0,53563678.540000126
2025-08-01 10:42:12 AM,19.02,0,0.0,53563678.540000126
2025-08-01 10:42:12 AM,19.02,1637,31135.739999999998,53594814.28000013
2025-08-01 10:42:34 AM,18.98,0,0.0,53594814.28000013
2025-08-01 10:42:34 AM,18.98,14412,273539.76,53868354.040000126
2025-08-01 10:42:36 AM,18.99,0,0.0,53868354.040000126
2025-08-01 10:42:36 AM,18.99,10,189.89999999999998,53868543.940000124
2025-08-01 10:42:37 AM,19.0,0,0.0,53868543.940000124
2025-08-01 10:42:39 AM,19.0,1118,21242.0,53889785.940000124
2025-08-01 10:42:45 AM,19.0,2332,44308.0,53934093.940000124
2025-08-01 10:42:56 AM,18.97,1000,18970.0,53953063.940000124
2025-08-01 10:43:00 AM,18.98,0,0.0,53953063.940000124
2025-08-01 10:43:02 AM,18.98,13,246.74,53953310.68000013
2025-08-01 10:43:14 AM,19.0,50,950.0,53954260.68000013
2025-08-01 10:43:18 AM,19.0,180,3420.0,53957680.68000013
2025-08-01 10:43:36 AM,19.0,10,190.0,53957870.68000013
2025-08-01 10:44:05 AM,19.0,75,1425.0,53959295.68000013
2025-08-01 10:44:23 AM,18.98,0,0.0,53959295.68000013
2025-08-01 10:44:24 AM,18.98,1,18.98,53959314.66000012
2025-08-01 10:44:40 AM,19.0,0,0.0,53959314.66000012
2025-08-01 10:44:40 AM,19.0,4,76.0,53959390.66000012
2025-08-01 10:44:49 AM,19.0,10,190.0,53959580.66000012
2025-08-01 10:44:59 AM,19.0,4000,76000.0,54035580.66000012
2025-08-01 10:45:08 AM,19.0,20,380.0,54035960.66000012
2025-08-01 10:45:12 AM,18.98,0,0.0,54035960.66000012
2025-08-01 10:45:13 AM,19.0,0,0.0,54035960.66000012
2025-08-01 10:45:13 AM,19.0,25,475.0,54036435.66000012
2025-08-01 10:45:24 AM,18.98,0,0.0,54036435.66000012
2025-08-01 10:45:24 AM,19.0,0,0.0,54036435.66000012
2025-08-01 10:45:24 AM,19.0,451,8569.0,54045004.66000012
2025-08-01 10:45:27 AM,19.0,195,3705.0,54048709.66000012
2025-08-01 10:45:32 AM,19.0,7,133.0,54048842.66000012
2025-08-01 10:45:40 AM,19.0,4,76.0,54048918.66000012
2025-08-01 10:45:45 AM,19.0,2,38.0,54048956.66000012
2025-08-01 10:46:05 AM,19.0,30,570.0,54049526.66000012
2025-08-01 10:46:06 AM,18.98,0,0.0,54049526.66000012
2025-08-01 10:46:07 AM,18.98,7,132.86,54049659.52000012
2025-08-01 10:46:13 AM,18.98,1,18.98,54049678.50000012
2025-08-01 10:46:17 AM,18.98,92,1746.16,54051424.660000116
2025-08-01 10:46:23 AM,18.98,100,1898.0,54053322.660000116
2025-08-01 10:46:28 AM,18.98,10,189.8,54053512.46000011
2025-08-01 10:46:34 AM,18.97,666,12634.019999999999,54066146.480000116
2025-08-01 10:46:39 AM,18.98,250,4745.0,54070891.480000116
2025-08-01 10:46:50 AM,18.97,0,0.0,54070891.480000116
2025-08-01 10:46:50 AM,18.97,15,284.54999999999995,54071176.03000011
2025-08-01 10:47:04 AM,18.96,0,0.0,54071176.03000011
2025-08-01 10:47:06 AM,18.96,10,189.60000000000002,54071365.630000114
2025-08-01 10:47:13 AM,18.97,100,1897.0,54073262.630000114
2025-08-01 10:47:15 AM,18.98,0,0.0,54073262.630000114
2025-08-01 10:47:17 AM,18.98,1290,24484.2,54097746.83000012
2025-08-01 10:47:23 AM,18.98,1454,27596.920000000002,54125343.75000012
2025-08-01 10:47:33 AM,18.96,11,208.56,54125552.31000012
2025-08-01 10:47:39 AM,18.98,0,0.0,54125552.31000012
2025-08-01 10:47:39 AM,18.98,24,455.52,54126007.830000125
2025-08-01 10:47:49 AM,18.98,25,474.5,54126482.330000125
2025-08-01 10:47:59 AM,18.96,0,0.0,54126482.330000125
2025-08-01 10:48:00 AM,18.96,444,8418.24,54134900.57000013
2025-08-01 10:48:11 AM,18.96,50,948.0,54135848.57000013
2025-08-01 10:48:49 AM,18.96,300,5688.0,54141536.57000013
2025-08-01 10:49:04 AM,18.98,0,0.0,54141536.57000013
2025-08-01 10:49:06 AM,18.98,630,11957.4,54153493.970000125
2025-08-01 10:49:18 AM,18.96,0,0.0,54153493.970000125
2025-08-01 10:49:18 AM,18.96,400,7584.0,54161077.970000125
2025-08-01 10:49:19 AM,18.98,0,0.0,54161077.970000125
2025-08-01 10:49:22 AM,18.98,6,113.88,54161191.85000013
2025-08-01 10:49:27 AM,18.98,1,18.98,54161210.830000125
2025-08-01 10:49:29 AM,18.98,125,2372.5,54163583.330000125
2025-08-01 10:49:32 AM,18.99,0,0.0,54163583.330000125
2025-08-01 10:49:33 AM,18.99,500,9495.0,54173078.330000125
2025-08-01 10:49:44 AM,18.98,100,1898.0,54174976.330000125
2025-08-01 10:49:45 AM,18.99,0,0.0,54174976.330000125
2025-08-01 10:49:49 AM,18.99,500,9495.0,54184471.330000125
2025-08-01 10:49:59 AM,18.99,1000,18990.0,54203461.330000125
2025-08-01 10:50:05 AM,18.99,57,1082.4299999999998,54204543.760000125
2025-08-01 10:50:12 AM,18.99,100,1898.9999999999998,54206442.760000125
2025-08-01 10:50:22 AM,18.98,2000,37960.0,54244402.760000125
2025-08-01 10:50:35 AM,18.99,0,0.0,54244402.760000125
2025-08-01 10:50:35 AM,18.98,0,0.0,54244402.760000125
2025-08-01 10:50:39 AM,18.98,406,7705.88,54252108.64000013
2025-08-01 10:50:39 AM,18.98,25,474.5,54252583.14000013
2025-08-01 10:50:44 AM,18.98,350,6643.0,54259226.14000013
2025-08-01 10:50:50 AM,18.98,18,341.64,54259567.78000013
2025-08-01 10:50:56 AM,18.98,301,5712.9800000000005,54265280.760000125
2025-08-01 10:51:01 AM,18.98,9,170.82,54265451.580000125
2025-08-01 10:51:07 AM,18.98,25,474.5,54265926.080000125
2025-08-01 10:51:29 AM,18.98,2000,37960.0,54303886.080000125
2025-08-01 10:51:33 AM,18.97,0,0.0,54303886.080000125
2025-08-01 10:51:35 AM,18.97,1,18.97,54303905.05000012
2025-08-01 10:51:49 AM,18.98,0,0.0,54303905.05000012
2025-08-01 10:51:51 AM,18.98,570,10818.6,54314723.650000125
2025-08-01 10:51:56 AM,18.97,0,0.0,54314723.650000125
2025-08-01 10:51:56 AM,18.97,360,6829.2,54321552.85000013
2025-08-01 10:52:00 AM,18.98,0,0.0,54321552.85000013
2025-08-01 10:52:01 AM,18.98,1,18.98,54321571.830000125
2025-08-01 10:52:07 AM,18.97,0,0.0,54321571.830000125
2025-08-01 10:52:07 AM,18.97,270,5121.9,54326693.73000012
2025-08-01 10:52:09 AM,18.98,0,0.0,54326693.73000012
2025-08-01 10:52:11 AM,18.96,0,0.0,54326693.73000012
2025-08-01 10:52:12 AM,18.96,1100,20856.0,54347549.73000012
2025-08-01 10:52:21 AM,18.98,0,0.0,54347549.73000012
2025-08-01 10:52:23 AM,18.98,61,1157.78,54348707.510000125
2025-08-01 10:52:54 AM,18.96,0,0.0,54348707.510000125
2025-08-01 10:52:55 AM,18.96,204,3867.84,54352575.35000013
2025-08-01 10:53:01 AM,18.96,33,625.6800000000001,54353201.03000013
2025-08-01 10:53:15 AM,18.98,0,0.0,54353201.03000013
2025-08-01 10:53:16 AM,18.98,500,9490.0,54362691.03000013
2025-08-01 10:53:23 AM,18.96,0,0.0,54362691.03000013
2025-08-01 10:53:27 AM,18.98,0,0.0,54362691.03000013
2025-08-01 10:53:27 AM,18.98,1820,34543.6,54397234.63000013
2025-08-01 10:53:33 AM,18.98,100,1898.0,54399132.63000013
2025-08-01 10:53:43 AM,18.98,150,2847.0,54401979.63000013
2025-08-01 10:53:57 AM,18.99,0,0.0,54401979.63000013
2025-08-01 10:53:59 AM,18.99,500,9495.0,54411474.63000013
2025-08-01 10:54:13 AM,18.97,0,0.0,54411474.63000013
2025-08-01 10:54:15 AM,18.97,200,3794.0,54415268.63000013
2025-08-01 10:54:29 AM,18.98,0,0.0,54415268.63000013
2025-08-01 10:54:31 AM,18.98,27,512.46,54415781.09000013
2025-08-01 10:54:36 AM,18.98,100,1898.0,54417679.09000013
2025-08-01 10:54:52 AM,18.98,10,189.8,54417868.89000013
2025-08-01 10:55:03 AM,18.98,1,18.98,54417887.870000124
2025-08-01 10:55:06 AM,18.97,0,0.0,54417887.870000124
2025-08-01 10:55:08 AM,18.97,1300,24661.0,54442548.870000124
2025-08-01 10:55:24 AM,18.97,200,3794.0,54446342.870000124
2025-08-01 10:55:27 AM,18.98,0,0.0,54446342.870000124
2025-08-01 10:55:30 AM,18.98,4,75.92,54446418.790000126
2025-08-01 10:55:30 AM,18.96,15,284.40000000000003,54446703.190000124
2025-08-01 10:55:47 AM,18.96,100,1896.0,54448599.190000124
2025-08-01 10:55:55 AM,18.95,0,0.0,54448599.190000124
2025-08-01 10:55:57 AM,18.95,16735,317128.25,54765727.440000124
2025-08-01 10:56:01 AM,18.94,0,0.0,54765727.440000124
2025-08-01 10:56:02 AM,18.94,27,511.38000000000005,54766238.82000013
2025-08-01 10:56:07 AM,18.91,0,0.0,54766238.82000013
2025-08-01 10:56:07 AM,18.91,43665,825705.15,55591943.970000125
2025-08-01 10:56:11 AM,18.94,0,0.0,55591943.970000125
2025-08-01 10:56:12 AM,18.94,500,9470.0,55601413.970000125
2025-08-01 10:56:13 AM,18.94,1,18.94,55601432.91000012
2025-08-01 10:56:14 AM,18.92,0,0.0,55601432.91000012
2025-08-01 10:56:17 AM,18.92,4,75.68,55601508.59000012
2025-08-01 10:56:23 AM,18.94,0,0.0,55601508.59000012
2025-08-01 10:56:23 AM,18.94,1,18.94,55601527.53000012
2025-08-01 10:56:24 AM,18.94,10,189.4,55601716.93000012
2025-08-01 10:56:47 AM,18.92,0,0.0,55601716.93000012
2025-08-01 10:56:49 AM,18.92,100,1892.0000000000002,55603608.93000012
2025-08-01 10:56:52 AM,18.94,0,0.0,55603608.93000012
2025-08-01 10:56:54 AM,18.94,2540,48107.600000000006,55651716.53000012
2025-08-01 10:56:56 AM,18.95,14,265.3,55651981.83000012
2025-08-01 10:56:59 AM,18.94,0,0.0,55651981.83000012
2025-08-01 10:57:00 AM,18.94,101,1912.94,55653894.770000115
2025-08-01 10:57:15 AM,18.94,4,75.76,55653970.53000011
2025-08-01 10:57:26 AM,18.94,198,3750.1200000000003,55657720.65000011
2025-08-01 10:57:31 AM,18.94,10,189.4,55657910.05000011
2025-08-01 10:57:32 AM,18.94,1,18.94,55657928.99000011
2025-08-01 10:57:42 AM,18.94,1,18.94,55657947.930000104
2025-08-01 10:58:01 AM,18.93,0,0.0,55657947.930000104
2025-08-01 10:58:03 AM,18.93,72,1362.96,55659310.890000105
2025-08-01 10:58:12 AM,18.94,0,0.0,55659310.890000105
2025-08-01 10:58:14 AM,18.94,1,18.94,55659329.8300001
2025-08-01 10:58:17 AM,18.92,0,0.0,55659329.8300001
2025-08-01 10:58:19 AM,18.92,100,1892.0000000000002,55661221.8300001
2025-08-01 10:58:25 AM,18.94,36,681.84,55661903.670000106
2025-08-01 10:59:01 AM,18.95,0,0.0,55661903.670000106
2025-08-01 10:59:03 AM,18.95,500,9475.0,55671378.670000106
2025-08-01 10:59:14 AM,18.93,0,0.0,55671378.670000106
2025-08-01 10:59:18 AM,18.93,6,113.58,55671492.250000104
2025-08-01 10:59:23 AM,18.95,0,0.0,55671492.250000104
2025-08-01 10:59:23 AM,18.95,11,208.45,55671700.70000011
2025-08-01 10:59:26 AM,18.93,0,0.0,55671700.70000011
2025-08-01 10:59:28 AM,18.93,50,946.5,55672647.20000011
2025-08-01 10:59:38 AM,18.95,350,6632.5,55679279.70000011
2025-08-01 10:59:55 AM,18.95,150,2842.5,55682122.20000011
2025-08-01 11:00:06 AM,18.95,11,208.45,55682330.65000011
2025-08-01 11:00:12 AM,18.95,100,1895.0,55684225.65000011
2025-08-01 11:00:13 AM,18.94,9,170.46,55684396.11000011
2025-08-01 11:00:20 AM,18.95,0,0.0,55684396.11000011
2025-08-01 11:00:24 AM,18.95,102,1932.8999999999999,55686329.01000011
2025-08-01 11:00:34 AM,18.95,52,985.4,55687314.41000011
2025-08-01 11:00:39 AM,18.95,177,3354.15,55690668.56000011
2025-08-01 11:00:45 AM,18.95,1,18.95,55690687.51000011
2025-08-01 11:01:01 AM,18.94,833,15777.02,55706464.53000011
2025-08-01 11:01:09 AM,18.96,0,0.0,55706464.53000011
2025-08-01 11:01:11 AM,18.96,12,227.52,55706692.050000116
2025-08-01 11:01:12 AM,18.94,1,18.94,55706710.990000114
2025-08-01 11:01:27 AM,18.96,201,3810.96,55710521.950000115
2025-08-01 11:01:37 AM,18.96,1,18.96,55710540.910000116
2025-08-01 11:02:03 AM,18.96,1,18.96,55710559.87000012
2025-08-01 11:02:08 AM,18.96,35,663.6,55711223.47000012
2025-08-01 11:02:13 AM,18.94,0,0.0,55711223.47000012
2025-08-01 11:02:14 AM,18.94,1000,18940.0,55730163.47000012
2025-08-01 11:02:20 AM,18.96,300,5688.0,55735851.47000012
2025-08-01 11:02:25 AM,18.96,200,3792.0,55739643.47000012
2025-08-01 11:02:36 AM,18.95,0,0.0,55739643.47000012
2025-08-01 11:02:37 AM,18.95,1613,30566.35,55770209.82000012
2025-08-01 11:02:46 AM,18.94,0,0.0,55770209.82000012
2025-08-01 11:02:47 AM,18.94,515,9754.1,55779963.92000012
2025-08-01 11:02:54 AM,18.94,1,18.94,55779982.86000012
2025-08-01 11:03:18 AM,18.96,1600,30336.0,55810318.86000012
2025-08-01 11:03:20 AM,18.95,2000,37900.0,55848218.86000012
2025-08-01 11:04:12 AM,18.96,0,0.0,55848218.86000012
2025-08-01 11:04:13 AM,18.96,5,94.80000000000001,55848313.660000116
2025-08-01 11:04:21 AM,18.96,10,189.60000000000002,55848503.26000012
2025-08-01 11:04:26 AM,18.96,2,37.92,55848541.18000012
2025-08-01 11:04:28 AM,18.96,5,94.80000000000001,55848635.980000116
2025-08-01 11:04:31 AM,18.96,50,948.0,55849583.980000116
2025-08-01 11:04:41 AM,18.96,250,4740.0,55854323.980000116
2025-08-01 11:04:57 AM,18.96,3,56.88,55854380.86000012
2025-08-01 11:05:03 AM,18.96,8208,155623.68,56010004.54000012
2025-08-01 11:05:10 AM,18.96,5,94.80000000000001,56010099.340000115
2025-08-01 11:05:24 AM,18.96,5,94.80000000000001,56010194.14000011
2025-08-01 11:05:29 AM,18.96,22,417.12,56010611.26000011
2025-08-01 11:05:31 AM,18.96,8,151.68,56010762.94000011
2025-08-01 11:05:35 AM,18.96,100,1896.0,56012658.94000011
2025-08-01 11:05:36 AM,18.96,10,189.60000000000002,56012848.54000011
2025-08-01 11:05:42 AM,18.96,100,1896.0,56014744.54000011
2025-08-01 11:05:47 AM,18.96,10,189.60000000000002,56014934.14000011
2025-08-01 11:05:53 AM,18.96,1,18.96,56014953.10000011
2025-08-01 11:05:55 AM,18.93,0,0.0,56014953.10000011
2025-08-01 11:05:56 AM,18.93,700,13251.0,56028204.10000011
2025-08-01 11:06:07 AM,18.96,0,0.0,56028204.10000011
2025-08-01 11:06:07 AM,18.96,94,1782.24,56029986.340000115
2025-08-01 11:06:09 AM,18.96,501,9498.960000000001,56039485.300000116
2025-08-01 11:06:21 AM,18.94,0,0.0,56039485.300000116
2025-08-01 11:06:23 AM,18.94,501,9488.94,56048974.240000114
2025-08-01 11:06:32 AM,18.96,2,37.92,56049012.160000116
2025-08-01 11:06:47 AM,18.94,0,0.0,56049012.160000116
2025-08-01 11:06:49 AM,18.94,1,18.94,56049031.10000011
2025-08-01 11:06:55 AM,18.96,3,56.88,56049087.980000116
2025-08-01 11:07:00 AM,18.96,11,208.56,56049296.54000012
2025-08-01 11:07:03 AM,18.94,0,0.0,56049296.54000012
2025-08-01 11:07:05 AM,18.94,89,1685.66,56050982.200000115
2025-08-01 11:07:13 AM,18.96,0,0.0,56050982.200000115
2025-08-01 11:07:16 AM,18.96,4779,90609.84000000001,56141592.04000012
2025-08-01 11:07:20 AM,18.97,0,0.0,56141592.04000012
2025-08-01 11:07:21 AM,18.97,100,1897.0,56143489.04000012
2025-08-01 11:07:27 AM,18.97,1000,18970.0,56162459.04000012
2025-08-01 11:07:44 AM,18.96,0,0.0,56162459.04000012
2025-08-01 11:07:44 AM,18.97,1200,22764.0,56185223.04000012
2025-08-01 11:07:53 AM,18.97,5,94.85,56185317.89000012
2025-08-01 11:08:20 AM,18.97,500,9485.0,56194802.89000012
2025-08-01 11:08:33 AM,18.97,2,37.94,56194840.83000012
2025-08-01 11:08:43 AM,18.94,0,0.0,56194840.83000012
2025-08-01 11:08:43 AM,18.94,31730,600966.2000000001,56795807.03000012
2025-08-01 11:08:51 AM,18.94,5,94.7,56795901.73000012
2025-08-01 11:08:54 AM,18.93,0,0.0,56795901.73000012
2025-08-01 11:08:54 AM,18.93,6454,122174.22,56918075.95000012
2025-08-01 11:09:14 AM,18.94,250,4735.0,56922810.95000012
2025-08-01 11:09:20 AM,18.94,502,9507.880000000001,56932318.830000125
2025-08-01 11:09:28 AM,18.94,2,37.88,56932356.71000013
2025-08-01 11:09:33 AM,18.94,1,18.94,56932375.650000125
2025-08-01 11:10:04 AM,18.94,4003,75816.82,57008192.470000125
2025-08-01 11:10:09 AM,18.94,750,14205.000000000002,57022397.470000125
2025-08-01 11:10:19 AM,18.94,8,151.52,57022548.99000013
2025-08-01 11:10:24 AM,18.94,210,3977.4,57026526.39000013
2025-08-01 11:11:15 AM,18.93,3,56.79,57026583.18000013
2025-08-01 11:11:19 AM,18.94,0,0.0,57026583.18000013
2025-08-01 11:11:19 AM,18.94,555,10511.7,57037094.88000013
2025-08-01 11:11:25 AM,18.94,9,170.46,57037265.34000013
2025-08-01 11:11:27 AM,18.93,0,0.0,57037265.34000013
2025-08-01 11:11:30 AM,18.93,2016,38162.88,57075428.22000013
2025-08-01 11:11:32 AM,18.94,0,0.0,57075428.22000013
2025-08-01 11:11:36 AM,18.94,354,6704.76,57082132.98000013
2025-08-01 11:11:41 AM,18.93,0,0.0,57082132.98000013
2025-08-01 11:11:41 AM,18.93,50,946.5,57083079.48000013
2025-08-01 11:11:57 AM,18.94,0,0.0,57083079.48000013
2025-08-01 11:11:57 AM,18.94,300,5682.0,57088761.48000013
2025-08-01 11:12:13 AM,18.94,5,94.7,57088856.180000134
2025-08-01 11:12:18 AM,18.94,1000,18940.0,57107796.180000134
2025-08-01 11:12:30 AM,18.94,100,1894.0000000000002,57109690.180000134
2025-08-01 11:12:35 AM,18.94,11,208.34,57109898.52000014
2025-08-01 11:12:40 AM,18.94,50,947.0000000000001,57110845.52000014
2025-08-01 11:12:45 AM,18.94,100,1894.0000000000002,57112739.52000014
2025-08-01 11:12:46 AM,18.94,1,18.94,57112758.460000135
2025-08-01 11:12:55 AM,18.94,27,511.38000000000005,57113269.84000014
2025-08-01 11:13:00 AM,18.94,77,1458.38,57114728.22000014
2025-08-01 11:13:06 AM,18.94,10,189.4,57114917.62000014
2025-08-01 11:13:07 AM,18.94,15,284.1,57115201.72000014
2025-08-01 11:13:13 AM,18.93,1,18.93,57115220.65000014
2025-08-01 11:13:15 AM,18.94,0,0.0,57115220.65000014
2025-08-01 11:13:17 AM,18.94,245,4640.3,57119860.95000014
2025-08-01 11:13:35 AM,18.93,0,0.0,57119860.95000014
2025-08-01 11:13:35 AM,18.93,2071,39204.03,57159064.98000014
2025-08-01 11:13:46 AM,18.93,31,586.83,57159651.81000014
2025-08-01 11:13:51 AM,18.92,25,473.00000000000006,57160124.81000014
2025-08-01 11:14:13 AM,18.93,10,189.3,57160314.11000013
2025-08-01 11:14:22 AM,18.93,440,8329.2,57168643.31000014
2025-08-01 11:14:26 AM,18.94,0,0.0,57168643.31000014
2025-08-01 11:14:27 AM,18.94,1560,29546.4,57198189.710000135
2025-08-01 11:14:52 AM,18.93,0,0.0,57198189.710000135
2025-08-01 11:14:54 AM,18.93,213,4032.09,57202221.80000014
2025-08-01 11:14:55 AM,18.94,22,416.68,57202638.48000014
2025-08-01 11:15:21 AM,18.94,6,113.64000000000001,57202752.12000014
2025-08-01 11:15:42 AM,18.94,29,549.26,57203301.38000014
2025-08-01 11:15:46 AM,18.93,0,0.0,57203301.38000014
2025-08-01 11:15:47 AM,18.93,630,11925.9,57215227.280000135
2025-08-01 11:16:19 AM,18.93,2,37.86,57215265.140000135
2025-08-01 11:16:24 AM,18.93,155,2934.15,57218199.29000013
2025-08-01 11:17:30 AM,18.93,1000,18930.0,57237129.29000013
2025-08-01 11:17:51 AM,18.93,500,9465.0,57246594.29000013
2025-08-01 11:17:54 AM,18.93,25,473.25,57247067.54000013
2025-08-01 11:17:56 AM,18.93,32,605.76,57247673.30000013
2025-08-01 11:18:05 AM,18.93,380,7193.4,57254866.70000013
2025-08-01 11:18:21 AM,18.94,0,0.0,57254866.70000013
2025-08-01 11:18:21 AM,18.94,10,189.4,57255056.10000013
2025-08-01 11:18:26 AM,18.93,0,0.0,57255056.10000013
2025-08-01 11:18:27 AM,18.93,300,5679.0,57260735.10000013
2025-08-01 11:18:42 AM,18.92,0,0.0,57260735.10000013
2025-08-01 11:18:44 AM,18.92,55505,1050154.6,58310889.70000013
2025-08-01 11:18:56 AM,18.92,2367,44783.64000000001,58355673.34000013
2025-08-01 11:19:13 AM,18.93,3,56.79,58355730.13000013
2025-08-01 11:19:51 AM,18.93,7,132.51,58355862.64000013
2025-08-01 11:20:01 AM,18.92,1,18.92,58355881.56000013
2025-08-01 11:20:12 AM,18.92,3000,56760.00000000001,58412641.56000013
2025-08-01 11:20:18 AM,18.91,7500,141825.0,58554466.56000013
2025-08-01 11:20:19 AM,18.92,0,0.0,58554466.56000013
2025-08-01 11:20:23 AM,18.92,500,9460.0,58563926.56000013
2025-08-01 11:20:36 AM,18.93,0,0.0,58563926.56000013
2025-08-01 11:20:39 AM,18.93,102,1930.86,58565857.42000013
2025-08-01 11:20:44 AM,18.93,1,18.93,58565876.35000013
2025-08-01 11:20:45 AM,18.91,0,0.0,58565876.35000013
2025-08-01 11:20:49 AM,18.91,10,189.1,58566065.45000013
2025-08-01 11:20:53 AM,18.93,0,0.0,58566065.45000013
2025-08-01 11:20:54 AM,18.93,1000,18930.0,58584995.45000013
2025-08-01 11:20:59 AM,18.93,46,870.78,58585866.23000013
2025-08-01 11:21:06 AM,18.91,0,0.0,58585866.23000013
2025-08-01 11:21:10 AM,18.91,300,5673.0,58591539.23000013
2025-08-01 11:21:29 AM,18.93,0,0.0,58591539.23000013
2025-08-01 11:21:31 AM,18.93,48,908.64,58592447.87000013
2025-08-01 11:21:43 AM,18.92,0,0.0,58592447.87000013
2025-08-01 11:21:46 AM,18.9,21206,400793.39999999997,58993241.27000013
2025-08-01 11:21:49 AM,18.92,0,0.0,58993241.27000013
2025-08-01 11:21:51 AM,18.92,34,643.2800000000001,58993884.55000013
2025-08-01 11:21:53 AM,18.9,0,0.0,58993884.55000013
2025-08-01 11:21:56 AM,18.9,136,2570.3999999999996,58996454.95000013
2025-08-01 11:21:57 AM,18.92,0,0.0,58996454.95000013
2025-08-01 11:21:57 AM,18.92,1,18.92,58996473.87000013
2025-08-01 11:21:58 AM,18.9,0,0.0,58996473.87000013
2025-08-01 11:22:01 AM,18.9,9,170.1,58996643.97000013
2025-08-01 11:22:07 AM,18.91,0,0.0,58996643.97000013
2025-08-01 11:22:07 AM,18.91,50,945.5,58997589.47000013
2025-08-01 11:22:09 AM,18.9,0,0.0,58997589.47000013
2025-08-01 11:22:12 AM,18.9,4950,93555.0,59091144.47000013
2025-08-01 11:22:16 AM,18.91,0,0.0,59091144.47000013
2025-08-01 11:22:17 AM,18.92,0,0.0,59091144.47000013
2025-08-01 11:22:18 AM,18.92,4600,87032.00000000001,59178176.47000013
2025-08-01 11:22:27 AM,18.9,0,0.0,59178176.47000013
2025-08-01 11:22:28 AM,18.9,1,18.9,59178195.37000013
2025-08-01 11:22:50 AM,18.92,2000,37840.0,59216035.37000013
2025-08-01 11:22:52 AM,18.91,0,0.0,59216035.37000013
2025-08-01 11:22:55 AM,18.91,50,945.5,59216980.87000013
2025-08-01 11:23:05 AM,18.9,1000,18900.0,59235880.87000013
2025-08-01 11:23:10 AM,18.93,2540,48082.2,59283963.070000134
2025-08-01 11:23:14 AM,18.91,0,0.0,59283963.070000134
2025-08-01 11:23:16 AM,18.91,1316,24885.56,59308848.63000014
2025-08-01 11:23:26 AM,18.93,0,0.0,59308848.63000014
2025-08-01 11:23:26 AM,18.93,500,9465.0,59318313.63000014
2025-08-01 11:23:37 AM,18.93,200,3786.0,59322099.63000014
2025-08-01 11:23:37 AM,18.91,70,1323.7,59323423.33000014
2025-08-01 11:23:41 AM,18.93,0,0.0,59323423.33000014
2025-08-01 11:23:42 AM,18.93,2500,47325.0,59370748.33000014
2025-08-01 11:23:52 AM,18.91,0,0.0,59370748.33000014
2025-08-01 11:23:57 AM,18.91,100,1891.0,59372639.33000014
2025-08-01 11:24:06 AM,18.91,15,283.65,59372922.98000014
2025-08-01 11:24:10 AM,18.93,0,0.0,59372922.98000014
2025-08-01 11:24:11 AM,18.93,2600,49218.0,59422140.98000014
2025-08-01 11:24:12 AM,18.93,3,56.79,59422197.77000014
2025-08-01 11:24:18 AM,18.9,0,0.0,59422197.77000014
2025-08-01 11:24:22 AM,18.93,0,0.0,59422197.77000014
2025-08-01 11:24:22 AM,18.93,12000,227160.0,59649357.77000014
2025-08-01 11:24:28 AM,18.93,505,9559.65,59658917.420000136
2025-08-01 11:24:36 AM,18.91,0,0.0,59658917.420000136
2025-08-01 11:24:38 AM,18.91,32,605.12,59659522.54000013
2025-08-01 11:24:44 AM,18.91,9,170.19,59659692.73000013
2025-08-01 11:25:00 AM,18.91,2,37.82,59659730.55000013
2025-08-01 11:25:16 AM,18.91,121,2288.11,59662018.66000013
2025-08-01 11:25:18 AM,18.93,0,0.0,59662018.66000013
2025-08-01 11:25:20 AM,18.93,1100,20823.0,59682841.66000013
2025-08-01 11:25:22 AM,18.91,0,0.0,59682841.66000013
2025-08-01 11:25:25 AM,18.91,13,245.83,59683087.49000013
2025-08-01 11:26:12 AM,18.93,19505,369229.65,60052317.14000013
2025-08-01 11:26:16 AM,18.91,0,0.0,60052317.14000013
2025-08-01 11:26:17 AM,18.91,1434,27116.94,60079434.080000125
2025-08-01 11:26:18 AM,18.91,210,3971.1,60083405.18000013
2025-08-01 11:26:41 AM,18.94,0,0.0,60083405.18000013
2025-08-01 11:26:43 AM,18.94,250,4735.0,60088140.18000013
2025-08-01 11:26:53 AM,18.93,50,946.5,60089086.68000013
2025-08-01 11:27:08 AM,18.93,25,473.25,60089559.93000013
2025-08-01 11:27:13 AM,18.93,481,9105.33,60098665.260000125
2025-08-01 11:27:39 AM,18.93,2,37.86,60098703.120000124
2025-08-01 11:27:44 AM,18.93,66,1249.3799999999999,60099952.50000013
2025-08-01 11:27:46 AM,18.93,3,56.79,60100009.290000126
2025-08-01 11:28:01 AM,18.94,0,0.0,60100009.290000126
2025-08-01 11:28:02 AM,18.94,2812,53259.280000000006,60153268.57000013
2025-08-01 11:28:09 AM,18.93,0,0.0,60153268.57000013
2025-08-01 11:28:10 AM,18.94,502,9507.880000000001,60162776.45000013
2025-08-01 11:28:13 AM,18.95,0,0.0,60162776.45000013
2025-08-01 11:28:15 AM,18.95,1,18.95,60162795.40000013
2025-08-01 11:28:26 AM,18.95,50,947.5,60163742.90000013
2025-08-01 11:28:38 AM,18.95,100,1895.0,60165637.90000013
2025-08-01 11:28:41 AM,18.95,3,56.849999999999994,60165694.750000134
2025-08-01 11:28:48 AM,18.95,150,2842.5,60168537.250000134
2025-08-01 11:29:08 AM,18.95,10,189.5,60168726.750000134
2025-08-01 11:29:14 AM,18.95,10,189.5,60168916.250000134
2025-08-01 11:29:25 AM,18.93,120,2271.6,60171187.850000136
2025-08-01 11:29:35 AM,18.93,9000,170370.0,60341557.850000136
2025-08-01 11:29:43 AM,18.92,0,0.0,60341557.850000136
2025-08-01 11:29:43 AM,18.92,300,5676.000000000001,60347233.850000136
2025-08-01 11:29:51 AM,18.92,5,94.60000000000001,60347328.45000014
2025-08-01 11:30:11 AM,18.92,5,94.60000000000001,60347423.05000014
2025-08-01 11:30:17 AM,18.92,42,794.6400000000001,60348217.69000014
2025-08-01 11:30:18 AM,18.93,0,0.0,60348217.69000014
2025-08-01 11:30:20 AM,18.93,40,757.2,60348974.89000014
2025-08-01 11:30:25 AM,18.92,405,7662.6,60356637.49000014
2025-08-01 11:30:42 AM,18.92,3,56.760000000000005,60356694.25000014
2025-08-01 11:30:53 AM,18.92,26,491.9200000000001,60357186.17000014
2025-08-01 11:30:57 AM,18.92,5579,105554.68000000001,60462740.85000014
2025-08-01 11:31:04 AM,18.92,10,189.20000000000002,60462930.050000146
2025-08-01 11:31:13 AM,18.92,250,4730.0,60467660.050000146
2025-08-01 11:31:16 AM,18.91,0,0.0,60467660.050000146
2025-08-01 11:31:17 AM,18.91,28473,538424.43,61006084.480000146
2025-08-01 11:31:20 AM,18.92,0,0.0,61006084.480000146
2025-08-01 11:31:23 AM,18.92,6,113.52000000000001,61006198.00000015
2025-08-01 11:31:27 AM,18.91,0,0.0,61006198.00000015
2025-08-01 11:31:28 AM,18.91,3,56.730000000000004,61006254.730000146
2025-08-01 11:31:29 AM,18.9,0,0.0,61006254.730000146
2025-08-01 11:31:30 AM,18.9,75,1417.5,61007672.230000146
2025-08-01 11:31:50 AM,18.9,10000,189000.0,61196672.230000146
2025-08-01 11:31:54 AM,18.92,0,0.0,61196672.230000146
2025-08-01 11:31:55 AM,18.92,1,18.92,61196691.15000015
2025-08-01 11:32:00 AM,18.9,2000,37800.0,61234491.15000015
2025-08-01 11:32:15 AM,18.9,17,321.29999999999995,61234812.450000145
2025-08-01 11:32:18 AM,18.92,0,0.0,61234812.450000145
2025-08-01 11:32:20 AM,18.92,1000,18920.0,61253732.450000145
2025-08-01 11:32:30 AM,18.92,6,113.52000000000001,61253845.97000015
2025-08-01 11:32:45 AM,18.92,2000,37840.0,61291685.97000015
2025-08-01 11:33:12 AM,18.92,25,473.00000000000006,61292158.97000015
2025-08-01 11:33:17 AM,18.92,500,9460.0,61301618.97000015
2025-08-01 11:33:42 AM,18.92,200,3784.0000000000005,61305402.97000015
2025-08-01 11:33:47 AM,18.92,50,946.0000000000001,61306348.97000015
2025-08-01 11:34:07 AM,18.92,16,302.72,61306651.69000015
2025-08-01 11:34:19 AM,18.9,0,0.0,61306651.69000015
2025-08-01 11:34:23 AM,18.9,400,7559.999999999999,61314211.69000015
2025-08-01 11:34:24 AM,18.92,0,0.0,61314211.69000015
2025-08-01 11:34:28 AM,18.92,260,4919.200000000001,61319130.89000015
2025-08-01 11:34:49 AM,18.92,6,113.52000000000001,61319244.41000015
2025-08-01 11:34:54 AM,18.92,5,94.60000000000001,61319339.010000154
2025-08-01 11:35:00 AM,18.92,250,4730.0,61324069.010000154
2025-08-01 11:35:10 AM,18.92,1000,18920.0,61342989.010000154
2025-08-01 11:35:15 AM,18.92,14,264.88,61343253.89000016
2025-08-01 11:35:18 AM,18.9,0,0.0,61343253.89000016
2025-08-01 11:35:21 AM,18.9,11,207.89999999999998,61343461.790000156
2025-08-01 11:35:24 AM,18.92,0,0.0,61343461.790000156
2025-08-01 11:35:26 AM,18.92,25,473.00000000000006,61343934.790000156
2025-08-01 11:35:32 AM,18.92,55,1040.6000000000001,61344975.39000016
2025-08-01 11:35:42 AM,18.92,7,132.44,61345107.830000155
2025-08-01 11:35:47 AM,18.92,600,11352.000000000002,61356459.830000155
2025-08-01 11:35:56 AM,18.91,0,0.0,61356459.830000155
2025-08-01 11:35:57 AM,18.91,5,94.55,61356554.38000015
2025-08-01 11:36:00 AM,18.9,0,0.0,61356554.38000015
2025-08-01 11:36:01 AM,18.92,0,0.0,61356554.38000015
2025-08-01 11:36:02 AM,18.92,129,2440.6800000000003,61358995.06000015
2025-08-01 11:36:07 AM,18.92,20,378.40000000000003,61359373.46000015
2025-08-01 11:36:09 AM,18.9,0,0.0,61359373.46000015
2025-08-01 11:36:13 AM,18.9,10,189.0,61359562.46000015
2025-08-01 11:36:36 AM,18.92,0,0.0,61359562.46000015
2025-08-01 11:36:38 AM,18.92,11,208.12,61359770.58000015
2025-08-01 11:36:44 AM,18.92,15,283.8,61360054.380000144
2025-08-01 11:37:05 AM,18.92,588,11124.960000000001,61371179.340000145
2025-08-01 11:37:08 AM,18.9,0,0.0,61371179.340000145
2025-08-01 11:37:10 AM,18.9,60,1134.0,61372313.340000145
2025-08-01 11:37:19 AM,18.92,0,0.0,61372313.340000145
2025-08-01 11:37:21 AM,18.92,100,1892.0000000000002,61374205.340000145
2025-08-01 11:37:26 AM,18.92,250,4730.0,61378935.340000145
2025-08-01 11:37:37 AM,18.92,3300,62436.00000000001,61441371.340000145
2025-08-01 11:37:38 AM,18.9,0,0.0,61441371.340000145
2025-08-01 11:37:42 AM,18.92,41,775.72,61442147.060000144
2025-08-01 11:38:07 AM,18.92,300,5676.000000000001,61447823.060000144
2025-08-01 11:38:15 AM,18.91,0,0.0,61447823.060000144
2025-08-01 11:38:17 AM,18.91,300,5673.0,61453496.060000144
2025-08-01 11:38:32 AM,18.91,4,75.64,61453571.700000145
2025-08-01 11:38:35 AM,18.93,0,0.0,61453571.700000145
2025-08-01 11:38:37 AM,18.93,1000,18930.0,61472501.700000145
2025-08-01 11:38:59 AM,18.91,8204,155137.64,61627639.340000145
2025-08-01 11:39:01 AM,18.92,0,0.0,61627639.340000145
2025-08-01 11:39:02 AM,18.92,50,946.0000000000001,61628585.340000145
2025-08-01 11:39:11 AM,18.91,0,0.0,61628585.340000145
2025-08-01 11:39:12 AM,18.91,10103,191047.73,61819633.07000014
2025-08-01 11:39:17 AM,18.92,0,0.0,61819633.07000014
2025-08-01 11:39:17 AM,18.92,3,56.760000000000005,61819689.83000014
2025-08-01 11:39:32 AM,18.87,0,0.0,61819689.83000014
2025-08-01 11:39:32 AM,18.87,204231,3853838.97,65673528.80000014
2025-08-01 11:40:00 AM,18.87,200,3774.0,65677302.80000014
2025-08-01 11:40:01 AM,18.87,6,113.22,65677416.02000014
2025-08-01 11:40:05 AM,18.87,3520,66422.40000000001,65743838.420000136
2025-08-01 11:40:11 AM,18.87,1,18.87,65743857.29000013
2025-08-01 11:40:35 AM,18.87,500,9435.0,65753292.29000013
2025-08-01 11:40:41 AM,18.87,150,2830.5,65756122.79000013
2025-08-01 11:40:51 AM,18.87,30,566.1,65756688.890000135
2025-08-01 11:40:58 AM,18.85,0,0.0,65756688.890000135
2025-08-01 11:41:01 AM,18.86,23,433.78,65757122.670000136
2025-08-01 11:41:02 AM,18.86,5050,95243.0,65852365.670000136
2025-08-01 11:41:11 AM,18.86,1,18.86,65852384.530000135
2025-08-01 11:41:12 AM,18.86,100,1886.0,65854270.530000135
2025-08-01 11:41:13 AM,18.88,0,0.0,65854270.530000135
2025-08-01 11:41:16 AM,18.88,70000,1321600.0,67175870.53000014
2025-08-01 11:41:35 AM,18.86,0,0.0,67175870.53000014
2025-08-01 11:41:36 AM,18.86,1794,33834.84,67209705.37000014
2025-08-01 11:41:46 AM,18.87,0,0.0,67209705.37000014
2025-08-01 11:41:46 AM,18.87,1,18.87,67209724.24000014
2025-08-01 11:42:02 AM,18.85,2500,47125.0,67256849.24000014
2025-08-01 11:42:22 AM,18.87,636,12001.320000000002,67268850.56000014
2025-08-01 11:42:27 AM,18.87,31,584.97,67269435.53000014
2025-08-01 11:42:32 AM,18.87,1,18.87,67269454.40000014
2025-08-01 11:42:38 AM,18.87,10,188.70000000000002,67269643.10000014
2025-08-01 11:42:58 AM,18.86,0,0.0,67269643.10000014
2025-08-01 11:42:59 AM,18.86,155,2923.2999999999997,67272566.40000014
2025-08-01 11:43:04 AM,18.86,10,188.6,67272755.00000013
2025-08-01 11:43:04 AM,18.87,0,0.0,67272755.00000013
2025-08-01 11:43:05 AM,18.87,140,2641.8,67275396.80000013
2025-08-01 11:43:09 AM,18.85,0,0.0,67275396.80000013
2025-08-01 11:43:09 AM,18.85,8550,161167.5,67436564.30000013
2025-08-01 11:43:15 AM,18.87,5,94.35000000000001,67436658.65000013
2025-08-01 11:43:17 AM,18.86,0,0.0,67436658.65000013
2025-08-01 11:43:21 AM,18.86,5060,95431.59999999999,67532090.25000012
2025-08-01 11:43:26 AM,18.88,400,7552.0,67539642.25000012
2025-08-01 11:43:31 AM,18.87,0,0.0,67539642.25000012
2025-08-01 11:43:31 AM,18.87,30,566.1,67540208.35000011
2025-08-01 11:43:38 AM,18.85,0,0.0,67540208.35000011
2025-08-01 11:43:41 AM,18.85,79,1489.15,67541697.50000012
2025-08-01 11:43:46 AM,18.89,0,0.0,67541697.50000012
2025-08-01 11:43:47 AM,18.89,10000,188900.0,67730597.50000012
2025-08-01 11:43:57 AM,18.88,1,18.88,67730616.38000011
2025-08-01 11:44:08 AM,18.86,508,9580.88,67740197.26000011
2025-08-01 11:44:10 AM,18.87,0,0.0,67740197.26000011
2025-08-01 11:44:14 AM,18.84,32049,603803.16,68344000.4200001
2025-08-01 11:44:20 AM,18.84,300,5652.0,68349652.4200001
2025-08-01 11:45:01 AM,18.87,0,0.0,68349652.4200001
2025-08-01 11:45:04 AM,18.87,68,1283.16,68350935.5800001
2025-08-01 11:45:15 AM,18.87,3,56.61,68350992.1900001
2025-08-01 11:45:19 AM,18.85,0,0.0,68350992.1900001
2025-08-01 11:45:20 AM,18.85,102,1922.7,68352914.8900001
2025-08-01 11:45:25 AM,18.85,2,37.7,68352952.59000011
2025-08-01 11:45:29 AM,18.87,0,0.0,68352952.59000011
2025-08-01 11:45:31 AM,18.87,250,4717.5,68357670.09000011
2025-08-01 11:45:36 AM,18.87,99,1868.13,68359538.2200001
2025-08-01 11:45:41 AM,18.87,200,3774.0,68363312.2200001
2025-08-01 11:45:50 AM,18.88,0,0.0,68363312.2200001
2025-08-01 11:45:52 AM,18.88,200,3776.0,68367088.2200001
2025-08-01 11:45:58 AM,18.88,11,207.67999999999998,68367295.90000011
2025-08-01 11:46:03 AM,18.88,19,358.71999999999997,68367654.62000011
2025-08-01 11:46:08 AM,18.88,60,1132.8,68368787.4200001
2025-08-01 11:46:12 AM,18.85,0,0.0,68368787.4200001
2025-08-01 11:46:14 AM,18.85,4,75.4,68368862.82000011
2025-08-01 11:46:24 AM,18.85,3,56.550000000000004,68368919.37000011
2025-08-01 11:46:28 AM,18.88,0,0.0,68368919.37000011
2025-08-01 11:46:29 AM,18.88,600,11328.0,68380247.37000011
2025-08-01 11:46:30 AM,18.85,1000,18850.0,68399097.37000011
2025-08-01 11:46:37 AM,18.86,0,0.0,68399097.37000011
2025-08-01 11:46:40 AM,18.86,2,37.72,68399135.09000011
2025-08-01 11:46:54 AM,18.88,0,0.0,68399135.09000011
2025-08-01 11:46:56 AM,18.88,2,37.76,68399172.85000011
2025-08-01 11:47:39 AM,18.86,0,0.0,68399172.85000011
2025-08-01 11:47:42 AM,18.86,100,1886.0,68401058.85000011
2025-08-01 11:47:47 AM,18.87,300,5661.0,68406719.85000011
2025-08-01 11:47:52 AM,18.86,0,0.0,68406719.85000011
2025-08-01 11:47:52 AM,18.86,701,13220.859999999999,68419940.71000011
2025-08-01 11:47:58 AM,18.86,299,5639.139999999999,68425579.85000011
2025-08-01 11:48:00 AM,18.85,0,0.0,68425579.85000011
2025-08-01 11:48:01 AM,18.87,0,0.0,68425579.85000011
2025-08-01 11:48:03 AM,18.87,533,10057.710000000001,68435637.5600001
2025-08-01 11:48:11 AM,18.86,0,0.0,68435637.5600001
2025-08-01 11:48:13 AM,18.86,10,188.6,68435826.1600001
2025-08-01 11:48:17 AM,18.85,0,0.0,68435826.1600001
2025-08-01 11:48:18 AM,18.85,400,7540.000000000001,68443366.1600001
2025-08-01 11:48:28 AM,18.85,30,565.5,68443931.6600001
2025-08-01 11:48:31 AM,18.87,0,0.0,68443931.6600001
2025-08-01 11:48:33 AM,18.87,75,1415.25,68445346.9100001
2025-08-01 11:48:44 AM,18.85,0,0.0,68445346.9100001
2025-08-01 11:48:48 AM,18.85,7100,133835.0,68579181.9100001
2025-08-01 11:48:53 AM,18.87,0,0.0,68579181.9100001
2025-08-01 11:48:53 AM,18.87,3000,56610.0,68635791.9100001
2025-08-01 11:48:59 AM,18.85,0,0.0,68635791.9100001
2025-08-01 11:49:03 AM,18.85,3,56.550000000000004,68635848.4600001
2025-08-01 11:49:14 AM,18.85,14,263.90000000000003,68636112.3600001
2025-08-01 11:49:19 AM,18.85,35,659.75,68636772.1100001
2025-08-01 11:49:22 AM,18.88,0,0.0,68636772.1100001
2025-08-01 11:49:24 AM,18.88,4000,75520.0,68712292.1100001
2025-08-01 11:49:35 AM,18.87,20,377.40000000000003,68712669.51000011
2025-08-01 11:49:35 AM,18.85,500,9425.0,68722094.51000011
2025-08-01 11:49:45 AM,18.85,2400,45240.0,68767334.51000011
2025-08-01 11:49:52 AM,18.88,0,0.0,68767334.51000011
2025-08-01 11:49:56 AM,18.88,100,1888.0,68769222.51000011
2025-08-01 11:50:03 AM,18.86,0,0.0,68769222.51000011
2025-08-01 11:50:06 AM,18.86,708,13352.88,68782575.3900001
2025-08-01 11:50:15 AM,18.87,0,0.0,68782575.3900001
2025-08-01 11:50:16 AM,18.87,1,18.87,68782594.26000011
2025-08-01 11:50:27 AM,18.87,120,2264.4,68784858.66000012
2025-08-01 11:50:32 AM,18.88,1200,22656.0,68807514.66000012
2025-08-01 11:50:56 AM,18.88,5,94.39999999999999,68807609.06000012
2025-08-01 11:51:01 AM,18.86,0,0.0,68807609.06000012
2025-08-01 11:51:01 AM,18.86,1000,18860.0,68826469.06000012
2025-08-01 11:51:21 AM,18.86,500,9430.0,68835899.06000012
