date,price,qty,trnvr,cum_trnvr
2025-08-01 09:15:06 AM,7939.0,2167,17203813.0,17203813.0
2025-08-01 09:15:06 AM,7944.5,0,0.0,17203813.0
2025-08-01 09:15:08 AM,7925.5,805,6380027.5,23583840.5
2025-08-01 09:15:15 AM,7936.0,0,0.0,23583840.5
2025-08-01 09:15:18 AM,7943.0,482,3828526.0,27412366.5
2025-08-01 09:15:20 AM,7945.5,377,2995453.5,30407820.0
2025-08-01 09:15:23 AM,7937.0,0,0.0,30407820.0
2025-08-01 09:15:25 AM,7942.0,0,0.0,30407820.0
2025-08-01 09:15:27 AM,7942.0,1078,8561476.0,38969296.0
2025-08-01 09:15:29 AM,7941.0,146,1159386.0,40128682.0
2025-08-01 09:15:30 AM,7942.0,0,0.0,40128682.0
2025-08-01 09:15:36 AM,7944.0,2617,20789448.0,60918130.0
2025-08-01 09:15:37 AM,7935.5,169,1341099.5,62259229.5
2025-08-01 09:15:38 AM,7940.5,0,0.0,62259229.5
2025-08-01 09:15:43 AM,7950.0,0,0.0,62259229.5
2025-08-01 09:15:44 AM,7955.0,618,4916190.0,67175419.5
2025-08-01 09:15:46 AM,7953.5,87,691954.5,67867374.0
2025-08-01 09:15:47 AM,7954.0,0,0.0,67867374.0
2025-08-01 09:15:50 AM,7947.5,0,0.0,67867374.0
2025-08-01 09:15:52 AM,7958.0,111,883338.0,68750712.0
2025-08-01 09:15:54 AM,7958.0,23,183034.0,68933746.0
2025-08-01 09:15:56 AM,7959.5,0,0.0,68933746.0
2025-08-01 09:15:58 AM,7951.0,0,0.0,68933746.0
2025-08-01 09:16:00 AM,7954.0,239,1901006.0,70834752.0
2025-08-01 09:16:02 AM,7950.0,207,1645650.0,72480402.0
2025-08-01 09:16:04 AM,7958.5,0,0.0,72480402.0
2025-08-01 09:16:09 AM,7958.5,692,5507282.0,77987684.0
2025-08-01 09:16:10 AM,7958.5,1,7958.5,77995642.5
2025-08-01 09:16:12 AM,7953.5,0,0.0,77995642.5
2025-08-01 09:16:16 AM,7952.0,612,4866624.0,82862266.5
2025-08-01 09:16:18 AM,7949.5,123,977788.5,83840055.0
2025-08-01 09:16:20 AM,7949.0,0,0.0,83840055.0
2025-08-01 09:16:22 AM,7951.5,0,0.0,83840055.0
2025-08-01 09:16:25 AM,7949.0,63,500787.0,84340842.0
2025-08-01 09:16:26 AM,7952.0,19,151088.0,84491930.0
2025-08-01 09:16:30 AM,7951.5,0,0.0,84491930.0
2025-08-01 09:16:33 AM,7949.0,20,158980.0,84650910.0
2025-08-01 09:16:35 AM,7950.5,50,397525.0,85048435.0
2025-08-01 09:16:40 AM,7961.5,0,0.0,85048435.0
2025-08-01 09:16:41 AM,7961.5,78,620997.0,85669432.0
2025-08-01 09:16:42 AM,7957.0,0,0.0,85669432.0
2025-08-01 09:16:43 AM,7957.0,12,95484.0,85764916.0
2025-08-01 09:16:50 AM,7957.0,60,477420.0,86242336.0
2025-08-01 09:16:50 AM,7959.0,0,0.0,86242336.0
2025-08-01 09:16:51 AM,7958.5,15,119377.5,86361713.5
2025-08-01 09:16:52 AM,7957.5,0,0.0,86361713.5
2025-08-01 09:16:58 AM,7954.5,122,970449.0,87332162.5
2025-08-01 09:16:59 AM,7959.0,110,875490.0,88207652.5
2025-08-01 09:17:06 AM,7960.0,49,390040.0,88597692.5
2025-08-01 09:17:07 AM,7962.5,18,143325.0,88741017.5
2025-08-01 09:17:08 AM,7957.0,0,0.0,88741017.5
2025-08-01 09:17:14 AM,7962.5,36,286650.0,89027667.5
2025-08-01 09:17:16 AM,7961.5,24,191076.0,89218743.5
2025-08-01 09:17:17 AM,7963.0,0,0.0,89218743.5
2025-08-01 09:17:19 AM,7975.0,0,0.0,89218743.5
2025-08-01 09:17:23 AM,7983.5,961,7672143.5,96890887.0
2025-08-01 09:17:24 AM,7975.5,127,1012888.5,97903775.5
2025-08-01 09:17:26 AM,7978.5,0,0.0,97903775.5
2025-08-01 09:17:28 AM,7963.0,0,0.0,97903775.5
2025-08-01 09:17:31 AM,7971.0,392,3124632.0,101028407.5
2025-08-01 09:17:32 AM,7969.5,78,621621.0,101650028.5
2025-08-01 09:17:34 AM,7972.0,0,0.0,101650028.5
2025-08-01 09:17:39 AM,7972.0,140,1116080.0,102766108.5
2025-08-01 09:17:40 AM,7968.0,46,366528.0,103132636.5
2025-08-01 09:17:42 AM,7969.0,0,0.0,103132636.5
2025-08-01 09:17:44 AM,7967.0,0,0.0,103132636.5
2025-08-01 09:17:47 AM,7969.5,1070,8527365.0,111660001.5
2025-08-01 09:17:48 AM,7952.0,463,3681776.0,115341777.5
2025-08-01 09:17:52 AM,7953.5,0,0.0,115341777.5
2025-08-01 09:17:53 AM,7950.0,0,0.0,115341777.5
2025-08-01 09:17:56 AM,7950.0,437,3474150.0,118815927.5
2025-08-01 09:17:57 AM,7954.0,2,15908.0,118831835.5
2025-08-01 09:18:00 AM,7964.5,0,0.0,118831835.5
2025-08-01 09:18:02 AM,7968.5,0,0.0,118831835.5
2025-08-01 09:18:04 AM,7969.0,454,3617926.0,122449761.5
2025-08-01 09:18:05 AM,7962.5,45,358312.5,122808074.0
2025-08-01 09:18:10 AM,7960.0,0,0.0,122808074.0
2025-08-01 09:18:13 AM,7960.0,11,87560.0,122895634.0
2025-08-01 09:18:14 AM,7955.0,5,39775.0,122935409.0
2025-08-01 09:18:16 AM,7962.0,0,0.0,122935409.0
2025-08-01 09:18:18 AM,7962.5,0,0.0,122935409.0
2025-08-01 09:18:21 AM,7958.5,125,994812.5,123930221.5
2025-08-01 09:18:22 AM,7960.5,22,175131.0,124105352.5
2025-08-01 09:18:24 AM,7965.0,0,0.0,124105352.5
2025-08-01 09:18:26 AM,7971.0,0,0.0,124105352.5
2025-08-01 09:18:29 AM,7969.0,227,1808963.0,125914315.5
2025-08-01 09:18:30 AM,7967.0,29,231043.0,126145358.5
2025-08-01 09:18:31 AM,7964.0,0,0.0,126145358.5
2025-08-01 09:18:33 AM,7962.5,0,0.0,126145358.5
2025-08-01 09:18:37 AM,7967.0,42,334614.0,126479972.5
2025-08-01 09:18:38 AM,7963.0,7,55741.0,126535713.5
2025-08-01 09:18:40 AM,7969.5,0,0.0,126535713.5
2025-08-01 09:18:42 AM,7966.0,0,0.0,126535713.5
2025-08-01 09:18:45 AM,7966.0,226,1800316.0,128336029.5
2025-08-01 09:18:47 AM,7971.0,122,972462.0,129308491.5
2025-08-01 09:18:54 AM,7967.5,663,5282452.5,134590944.0
2025-08-01 09:18:55 AM,7964.5,78,621231.0,135212175.0
2025-08-01 09:18:57 AM,7969.0,0,0.0,135212175.0
2025-08-01 09:19:02 AM,7969.0,14,111566.0,135323741.0
2025-08-01 09:19:03 AM,7964.0,9,71676.0,135395417.0
2025-08-01 09:19:04 AM,7966.0,0,0.0,135395417.0
2025-08-01 09:19:06 AM,7968.0,0,0.0,135395417.0
2025-08-01 09:19:10 AM,7969.0,104,828776.0,136224193.0
2025-08-01 09:19:11 AM,7970.5,62,494171.0,136718364.0
2025-08-01 09:19:11 AM,7969.0,0,0.0,136718364.0
2025-08-01 09:19:18 AM,7969.0,540,4303260.0,141021624.0
2025-08-01 09:19:19 AM,7967.5,110,876425.0,141898049.0
2025-08-01 09:19:19 AM,7968.0,0,0.0,141898049.0
2025-08-01 09:19:21 AM,7969.0,0,0.0,141898049.0
2025-08-01 09:19:26 AM,7978.0,261,2082258.0,143980307.0
2025-08-01 09:19:26 AM,7978.5,0,0.0,143980307.0
2025-08-01 09:19:27 AM,7974.0,39,310986.0,144291293.0
2025-08-01 09:19:33 AM,7966.5,0,0.0,144291293.0
2025-08-01 09:19:34 AM,7967.0,195,1553565.0,145844858.0
2025-08-01 09:19:35 AM,7966.5,28,223062.0,146067920.0
2025-08-01 09:19:36 AM,7958.5,0,0.0,146067920.0
2025-08-01 09:19:41 AM,7960.5,0,0.0,146067920.0
2025-08-01 09:19:42 AM,7960.5,233,1854796.5,147922716.5
2025-08-01 09:19:44 AM,7960.0,131,1042760.0,148965476.5
2025-08-01 09:19:44 AM,7964.0,0,0.0,148965476.5
2025-08-01 09:19:49 AM,7961.5,0,0.0,148965476.5
2025-08-01 09:19:50 AM,7961.5,16,127384.0,149092860.5
2025-08-01 09:19:52 AM,7961.5,18,143307.0,149236167.5
2025-08-01 09:19:57 AM,7966.0,0,0.0,149236167.5
2025-08-01 09:19:58 AM,7966.0,66,525756.0,149761923.5
2025-08-01 09:20:05 AM,7965.0,0,0.0,149761923.5
2025-08-01 09:20:06 AM,7965.0,44,350460.0,150112383.5
2025-08-01 09:20:07 AM,7961.5,503,4004634.5,154117018.0
2025-08-01 09:20:12 AM,7965.5,0,0.0,154117018.0
2025-08-01 09:20:14 AM,7965.5,6,47793.0,154164811.0
2025-08-01 09:20:15 AM,7960.5,83,660721.5,154825532.5
2025-08-01 09:20:19 AM,7969.0,0,0.0,154825532.5
2025-08-01 09:20:21 AM,7970.0,0,0.0,154825532.5
2025-08-01 09:20:22 AM,7970.0,69,549930.0,155375462.5
2025-08-01 09:20:23 AM,7965.5,17,135413.5,155510876.0
2025-08-01 09:20:26 AM,7973.0,0,0.0,155510876.0
2025-08-01 09:20:29 AM,7966.0,0,0.0,155510876.0
2025-08-01 09:20:30 AM,7966.0,191,1521506.0,157032382.0
2025-08-01 09:20:31 AM,7967.5,20,159350.0,157191732.0
2025-08-01 09:20:37 AM,7972.5,61,486322.5,157678054.5
2025-08-01 09:20:39 AM,7968.0,7,55776.0,157733830.5
2025-08-01 09:20:39 AM,7971.5,0,0.0,157733830.5
2025-08-01 09:20:45 AM,7972.5,27,215257.5,157949088.0
2025-08-01 09:20:46 AM,7970.0,0,0.0,157949088.0
2025-08-01 09:20:47 AM,7970.0,12,95640.0,158044728.0
2025-08-01 09:20:50 AM,7976.0,0,0.0,158044728.0
2025-08-01 09:20:53 AM,7973.0,444,3540012.0,161584740.0
2025-08-01 09:20:54 AM,7970.5,214,1705687.0,163290427.0
2025-08-01 09:20:58 AM,7965.0,0,0.0,163290427.0
2025-08-01 09:21:00 AM,7957.0,0,0.0,163290427.0
2025-08-01 09:21:01 AM,7957.0,2652,21101964.0,184392391.0
2025-08-01 09:21:01 AM,7956.5,0,0.0,184392391.0
2025-08-01 09:21:02 AM,7950.5,421,3347160.5,187739551.5
2025-08-01 09:21:02 AM,7953.5,0,0.0,187739551.5
2025-08-01 09:21:03 AM,7953.5,11,87488.5,187827040.0
2025-08-01 09:21:03 AM,7950.5,0,0.0,187827040.0
2025-08-01 09:21:04 AM,7950.0,59,469050.0,188296090.0
2025-08-01 09:21:04 AM,7955.0,0,0.0,188296090.0
2025-08-01 09:21:05 AM,7952.0,257,2043664.0,190339754.0
2025-08-01 09:21:06 AM,7950.5,0,0.0,190339754.0
2025-08-01 09:21:07 AM,7950.5,28,222614.0,190562368.0
2025-08-01 09:21:09 AM,7951.5,242,1924263.0,192486631.0
2025-08-01 09:21:10 AM,7950.0,29,230550.0,192717181.0
2025-08-01 09:21:11 AM,7952.0,0,0.0,192717181.0
2025-08-01 09:21:12 AM,7952.0,7,55664.0,192772845.0
2025-08-01 09:21:12 AM,7953.5,0,0.0,192772845.0
2025-08-01 09:21:13 AM,7952.5,7,55667.5,192828512.5
2025-08-01 09:21:13 AM,7952.0,0,0.0,192828512.5
2025-08-01 09:21:14 AM,7952.0,5,39760.0,192868272.5
2025-08-01 09:21:14 AM,7955.0,0,0.0,192868272.5
2025-08-01 09:21:15 AM,7955.0,50,397750.0,193266022.5
2025-08-01 09:21:15 AM,7952.0,0,0.0,193266022.5
2025-08-01 09:21:16 AM,7955.0,85,676175.0,193942197.5
2025-08-01 09:21:19 AM,7952.0,16,127232.0,194069429.5
2025-08-01 09:21:19 AM,7955.0,0,0.0,194069429.5
2025-08-01 09:21:20 AM,7955.0,11,87505.0,194156934.5
2025-08-01 09:21:20 AM,7952.0,0,0.0,194156934.5
2025-08-01 09:21:21 AM,7955.0,11,87505.0,194244439.5
2025-08-01 09:21:22 AM,7957.0,85,676345.0,194920784.5
2025-08-01 09:21:23 AM,7958.5,4,31834.0,194952618.5
2025-08-01 09:21:24 AM,7954.5,59,469315.5,195421934.0
2025-08-01 09:21:25 AM,7954.0,31,246574.0,195668508.0
2025-08-01 09:21:25 AM,7954.0,3,23862.0,195692370.0
2025-08-01 09:21:27 AM,7958.5,70,557095.0,196249465.0
2025-08-01 09:21:28 AM,7952.0,11,87472.0,196336937.0
2025-08-01 09:21:29 AM,7955.0,5,39775.0,196376712.0
2025-08-01 09:21:30 AM,7956.0,1,7956.0,196384668.0
2025-08-01 09:21:31 AM,7956.0,8,63648.0,196448316.0
2025-08-01 09:21:33 AM,7952.5,0,0.0,196448316.0
2025-08-01 09:21:34 AM,7952.0,64,508928.0,196957244.0
2025-08-01 09:21:34 AM,7950.5,0,0.0,196957244.0
2025-08-01 09:21:35 AM,7954.5,42,334089.0,197291333.0
2025-08-01 09:21:36 AM,7950.0,0,0.0,197291333.0
2025-08-01 09:21:37 AM,7950.0,10,79500.0,197370833.0
2025-08-01 09:21:39 AM,7954.5,0,0.0,197370833.0
2025-08-01 09:21:40 AM,7954.5,2,15909.0,197386742.0
2025-08-01 09:21:42 AM,7955.0,8,63640.0,197450382.0
2025-08-01 09:21:44 AM,7951.0,0,0.0,197450382.0
2025-08-01 09:21:44 AM,7951.0,5,39755.0,197490137.0
2025-08-01 09:21:45 AM,7954.5,0,0.0,197490137.0
2025-08-01 09:21:46 AM,7954.5,5,39772.5,197529909.5
2025-08-01 09:21:50 AM,7954.0,0,0.0,197529909.5
2025-08-01 09:21:51 AM,7954.0,18,143172.0,197673081.5
2025-08-01 09:21:52 AM,7955.0,5,39775.0,197712856.5
2025-08-01 09:21:52 AM,7954.0,0,0.0,197712856.5
2025-08-01 09:21:53 AM,7954.0,2,15908.0,197728764.5
2025-08-01 09:21:56 AM,7955.0,1,7955.0,197736719.5
2025-08-01 09:21:59 AM,7955.0,110,875050.0,198611769.5
2025-08-01 09:22:01 AM,7956.5,0,0.0,198611769.5
2025-08-01 09:22:02 AM,7954.0,492,3913368.0,202525137.5
2025-08-01 09:22:04 AM,7950.0,31,246450.0,202771587.5
2025-08-01 09:22:05 AM,7952.5,0,0.0,202771587.5
2025-08-01 09:22:08 AM,7954.0,0,0.0,202771587.5
2025-08-01 09:22:10 AM,7955.0,52,413660.0,203185247.5
2025-08-01 09:22:11 AM,7951.0,83,659933.0,203845180.5
2025-08-01 09:22:14 AM,7950.0,0,0.0,203845180.5
2025-08-01 09:22:18 AM,7950.0,48,381600.0,204226780.5
2025-08-01 09:22:19 AM,7950.0,11,87450.0,204314230.5
2025-08-01 09:22:22 AM,7951.5,0,0.0,204314230.5
2025-08-01 09:22:25 AM,7950.0,46,365700.0,204679930.5
2025-08-01 09:22:27 AM,7950.0,6,47700.0,204727630.5
2025-08-01 09:22:29 AM,7955.0,0,0.0,204727630.5
2025-08-01 09:22:33 AM,7955.0,40,318200.0,205045830.5
2025-08-01 09:22:35 AM,7952.5,6,47715.0,205093545.5
2025-08-01 09:22:41 AM,7955.5,20,159110.0,205252655.5
2025-08-01 09:22:41 AM,7958.0,0,0.0,205252655.5
2025-08-01 09:22:42 AM,7958.0,12,95496.0,205348151.5
2025-08-01 09:22:48 AM,7958.0,14,111412.0,205459563.5
2025-08-01 09:22:50 AM,7960.0,1,7960.0,205467523.5
2025-08-01 09:22:53 AM,7962.5,0,0.0,205467523.5
2025-08-01 09:22:56 AM,7958.0,40,318320.0,205785843.5
2025-08-01 09:22:58 AM,7958.5,5,39792.5,205825636.0
2025-08-01 09:23:01 AM,7958.0,0,0.0,205825636.0
2025-08-01 09:23:01 AM,7958.0,50,397900.0,206223536.0
2025-08-01 09:23:02 AM,7958.0,5,39790.0,206263326.0
2025-08-01 09:23:04 AM,7958.0,23,183034.0,206446360.0
2025-08-01 09:23:06 AM,7958.0,4,31832.0,206478192.0
2025-08-01 09:23:10 AM,7958.0,10,79580.0,206557772.0
2025-08-01 09:23:11 AM,7962.0,0,0.0,206557772.0
2025-08-01 09:23:11 AM,7962.0,50,398100.0,206955872.0
2025-08-01 09:23:12 AM,7955.5,0,0.0,206955872.0
2025-08-01 09:23:12 AM,7955.5,9,71599.5,207027471.5
2025-08-01 09:23:13 AM,7958.5,0,0.0,207027471.5
2025-08-01 09:23:13 AM,7958.5,9,71626.5,207099098.0
2025-08-01 09:23:19 AM,7958.5,6,47751.0,207146849.0
2025-08-01 09:23:20 AM,7961.0,0,0.0,207146849.0
2025-08-01 09:23:21 AM,7961.0,6,47766.0,207194615.0
2025-08-01 09:23:21 AM,7962.0,0,0.0,207194615.0
2025-08-01 09:23:22 AM,7962.0,1,7962.0,207202577.0
2025-08-01 09:23:28 AM,7959.0,20,159180.0,207361757.0
2025-08-01 09:23:29 AM,7958.0,3,23874.0,207385631.0
2025-08-01 09:23:30 AM,7960.5,0,0.0,207385631.0
2025-08-01 09:23:31 AM,7960.5,5,39802.5,207425433.5
2025-08-01 09:23:34 AM,7958.0,14,111412.0,207536845.5
2025-08-01 09:23:35 AM,7955.0,0,0.0,207536845.5
2025-08-01 09:23:36 AM,7955.0,3,23865.0,207560710.5
2025-08-01 09:23:37 AM,7958.0,20,159160.0,207719870.5
2025-08-01 09:23:39 AM,7955.0,20,159100.0,207878970.5
2025-08-01 09:23:40 AM,7955.0,4,31820.0,207910790.5
2025-08-01 09:23:40 AM,7957.5,0,0.0,207910790.5
2025-08-01 09:23:41 AM,7957.5,20,159150.0,208069940.5
2025-08-01 09:23:42 AM,7959.0,6,47754.0,208117694.5
2025-08-01 09:23:43 AM,7957.0,5,39785.0,208157479.5
2025-08-01 09:23:47 AM,7959.0,10,79590.0,208237069.5
2025-08-01 09:23:48 AM,7960.0,0,0.0,208237069.5
2025-08-01 09:23:49 AM,7960.0,10,79600.0,208316669.5
2025-08-01 09:23:49 AM,7961.5,50,398075.0,208714744.5
2025-08-01 09:23:50 AM,7957.0,7,55699.0,208770443.5
2025-08-01 09:23:52 AM,7960.0,0,0.0,208770443.5
2025-08-01 09:23:53 AM,7960.0,1,7960.0,208778403.5
2025-08-01 09:23:56 AM,7957.5,3,23872.5,208802276.0
2025-08-01 09:23:59 AM,7957.5,15,119362.5,208921638.5
2025-08-01 09:24:05 AM,7960.5,0,0.0,208921638.5
2025-08-01 09:24:06 AM,7961.5,8,63692.0,208985330.5
2025-08-01 09:24:06 AM,7962.0,0,0.0,208985330.5
2025-08-01 09:24:07 AM,7962.0,40,318480.0,209303810.5
2025-08-01 09:24:09 AM,7960.0,4,31840.0,209335650.5
2025-08-01 09:24:11 AM,7957.0,10,79570.0,209415220.5
2025-08-01 09:24:11 AM,7962.0,0,0.0,209415220.5
2025-08-01 09:24:12 AM,7962.0,10,79620.0,209494840.5
2025-08-01 09:24:15 AM,7960.5,50,398025.0,209892865.5
2025-08-01 09:24:16 AM,7960.5,8,63684.0,209956549.5
2025-08-01 09:24:17 AM,7957.0,0,0.0,209956549.5
2025-08-01 09:24:18 AM,7957.0,7,55699.0,210012248.5
2025-08-01 09:24:18 AM,7957.0,1,7957.0,210020205.5
2025-08-01 09:24:20 AM,7957.0,20,159140.0,210179345.5
2025-08-01 09:24:21 AM,7957.0,12,95484.0,210274829.5
2025-08-01 09:24:21 AM,7957.0,6,47742.0,210322571.5
2025-08-01 09:24:22 AM,7957.0,4,31828.0,210354399.5
2025-08-01 09:24:22 AM,7955.0,0,0.0,210354399.5
2025-08-01 09:24:23 AM,7955.0,6,47730.0,210402129.5
2025-08-01 09:24:24 AM,7955.0,16,127280.0,210529409.5
2025-08-01 09:24:24 AM,7955.0,62,493210.0,211022619.5
2025-08-01 09:24:25 AM,7955.0,12,95460.0,211118079.5
2025-08-01 09:24:25 AM,7957.0,6,47742.0,211165821.5
2025-08-01 09:24:26 AM,7957.0,21,167097.0,211332918.5
2025-08-01 09:24:27 AM,7957.0,12,95484.0,211428402.5
2025-08-01 09:24:27 AM,7957.0,6,47742.0,211476144.5
2025-08-01 09:24:28 AM,7957.0,6,47742.0,211523886.5
2025-08-01 09:24:28 AM,7957.0,17,135269.0,211659155.5
2025-08-01 09:24:29 AM,7957.0,12,95484.0,211754639.5
2025-08-01 09:24:29 AM,7957.0,6,47742.0,211802381.5
2025-08-01 09:24:30 AM,7957.0,6,47742.0,211850123.5
2025-08-01 09:24:30 AM,7957.0,11,87527.0,211937650.5
2025-08-01 09:24:31 AM,7959.0,0,0.0,211937650.5
2025-08-01 09:24:31 AM,7959.0,27,214893.0,212152543.5
2025-08-01 09:24:32 AM,7955.0,0,0.0,212152543.5
2025-08-01 09:24:32 AM,7955.0,6,47730.0,212200273.5
2025-08-01 09:24:33 AM,7955.0,6,47730.0,212248003.5
2025-08-01 09:24:33 AM,7955.0,18,143190.0,212391193.5
2025-08-01 09:24:34 AM,7957.0,6,47742.0,212438935.5
2025-08-01 09:24:34 AM,7957.0,18,143226.0,212582161.5
2025-08-01 09:24:35 AM,7955.0,12,95460.0,212677621.5
2025-08-01 09:24:35 AM,7955.0,92,731860.0,213409481.5
2025-08-01 09:24:37 AM,7955.0,30,238650.0,213648131.5
2025-08-01 09:24:37 AM,7955.0,6,47730.0,213695861.5
2025-08-01 09:24:38 AM,7955.0,138,1097790.0,214793651.5
2025-08-01 09:24:38 AM,7955.0,6,47730.0,214841381.5
2025-08-01 09:24:39 AM,7955.0,30,238650.0,215080031.5
2025-08-01 09:24:39 AM,7955.0,16,127280.0,215207311.5
2025-08-01 09:24:40 AM,7955.0,33,262515.0,215469826.5
2025-08-01 09:24:41 AM,7955.0,29,230695.0,215700521.5
2025-08-01 09:24:42 AM,7955.0,27,214785.0,215915306.5
2025-08-01 09:24:43 AM,7955.0,27,214785.0,216130091.5
2025-08-01 09:24:44 AM,7955.0,27,214785.0,216344876.5
2025-08-01 09:24:49 AM,7950.0,0,0.0,216344876.5
2025-08-01 09:24:50 AM,7950.0,583,4634850.0,220979726.5
2025-08-01 09:24:51 AM,7950.0,8,63600.0,221043326.5
2025-08-01 09:24:52 AM,7950.0,55,437250.0,221480576.5
2025-08-01 09:24:54 AM,7950.0,4,31800.0,221512376.5
2025-08-01 09:24:54 AM,7950.0,14,111300.0,221623676.5
2025-08-01 09:24:55 AM,7950.0,132,1049400.0,222673076.5
2025-08-01 09:24:55 AM,7952.0,0,0.0,222673076.5
2025-08-01 09:24:55 AM,7952.0,40,318080.0,222991156.5
2025-08-01 09:24:56 AM,7952.0,24,190848.0,223182004.5
2025-08-01 09:24:59 AM,7952.5,0,0.0,223182004.5
2025-08-01 09:25:00 AM,7952.5,4,31810.0,223213814.5
2025-08-01 09:25:04 AM,7950.5,0,0.0,223213814.5
2025-08-01 09:25:05 AM,7950.5,426,3386913.0,226600727.5
2025-08-01 09:25:07 AM,7950.0,50,397500.0,226998227.5
2025-08-01 09:25:11 AM,7951.0,0,0.0,226998227.5
2025-08-01 09:25:12 AM,7951.0,11,87461.0,227085688.5
2025-08-01 09:25:15 AM,7962.0,123,979326.0,228065014.5
2025-08-01 09:25:20 AM,7962.0,429,3415698.0,231480712.5
2025-08-01 09:25:22 AM,7959.0,56,445704.0,231926416.5
2025-08-01 09:25:27 AM,7961.5,1,7961.5,231934378.0
2025-08-01 09:25:29 AM,7954.5,0,0.0,231934378.0
2025-08-01 09:25:30 AM,7954.5,5,39772.5,231974150.5
2025-08-01 09:25:35 AM,7958.5,0,0.0,231974150.5
2025-08-01 09:25:36 AM,7959.0,0,0.0,231974150.5
2025-08-01 09:25:37 AM,7959.0,4,31836.0,232005986.5
2025-08-01 09:25:41 AM,7962.0,0,0.0,232005986.5
2025-08-01 09:25:42 AM,7962.5,3,23887.5,232029874.0
2025-08-01 09:25:50 AM,7962.5,8,63700.0,232093574.0
2025-08-01 09:25:52 AM,7954.5,93,739768.5,232833342.5
2025-08-01 09:25:57 AM,7960.5,120,955260.0,233788602.5
2025-08-01 09:25:58 AM,7955.5,0,0.0,233788602.5
2025-08-01 09:26:00 AM,7955.5,24,190932.0,233979534.5
2025-08-01 09:26:05 AM,7955.5,12,95466.0,234075000.5
2025-08-01 09:26:07 AM,7959.0,7,55713.0,234130713.5
2025-08-01 09:26:15 AM,7959.5,70,557165.0,234687878.5
2025-08-01 09:26:18 AM,7958.5,0,0.0,234687878.5
2025-08-01 09:26:21 AM,7958.5,40,318340.0,235006218.5
2025-08-01 09:26:22 AM,7955.5,50,397775.0,235403993.5
2025-08-01 09:26:30 AM,7954.5,6,47727.0,235451720.5
2025-08-01 09:26:36 AM,7957.5,1,7957.5,235459678.0
2025-08-01 09:26:38 AM,7958.5,2,15917.0,235475595.0
2025-08-01 09:26:39 AM,7959.0,0,0.0,235475595.0
2025-08-01 09:26:44 AM,7959.0,9,71631.0,235547226.0
2025-08-01 09:26:48 AM,7959.5,0,0.0,235547226.0
2025-08-01 09:26:51 AM,7965.0,46,366390.0,235913616.0
2025-08-01 09:26:57 AM,7962.0,0,0.0,235913616.0
2025-08-01 09:26:59 AM,7962.0,129,1027098.0,236940714.0
2025-08-01 09:27:00 AM,7962.5,6,47775.0,236988489.0
2025-08-01 09:27:02 AM,7965.0,0,0.0,236988489.0
2025-08-01 09:27:03 AM,7967.0,0,0.0,236988489.0
2025-08-01 09:27:06 AM,7967.0,228,1816476.0,238804965.0
2025-08-01 09:27:07 AM,7965.0,30,238950.0,239043915.0
2025-08-01 09:27:18 AM,7969.0,0,0.0,239043915.0
2025-08-01 09:27:21 AM,7967.0,35,278845.0,239322760.0
2025-08-01 09:27:22 AM,7965.0,10,79650.0,239402410.0
2025-08-01 09:27:23 AM,7964.0,0,0.0,239402410.0
2025-08-01 09:27:24 AM,7961.0,0,0.0,239402410.0
2025-08-01 09:27:28 AM,7964.5,23,183183.5,239585593.5
2025-08-01 09:27:28 AM,7966.0,0,0.0,239585593.5
2025-08-01 09:27:29 AM,7961.5,0,0.0,239585593.5
2025-08-01 09:27:30 AM,7961.5,9,71653.5,239657247.0
2025-08-01 09:27:33 AM,7964.5,0,0.0,239657247.0
2025-08-01 09:27:34 AM,7964.0,0,0.0,239657247.0
2025-08-01 09:27:36 AM,7963.5,76,605226.0,240262473.0
2025-08-01 09:27:37 AM,7963.0,73,581299.0,240843772.0
2025-08-01 09:27:38 AM,7962.0,0,0.0,240843772.0
2025-08-01 09:27:43 AM,7962.5,3,23887.5,240867659.5
2025-08-01 09:27:44 AM,7959.5,0,0.0,240867659.5
2025-08-01 09:27:45 AM,7959.5,7,55716.5,240923376.0
2025-08-01 09:27:48 AM,7962.5,0,0.0,240923376.0
2025-08-01 09:27:51 AM,7959.0,26,206934.0,241130310.0
2025-08-01 09:27:53 AM,7962.5,0,0.0,241130310.0
2025-08-01 09:27:54 AM,7959.5,0,0.0,241130310.0
2025-08-01 09:27:59 AM,7956.0,0,0.0,241130310.0
2025-08-01 09:27:59 AM,7956.0,70,556920.0,241687230.0
2025-08-01 09:28:00 AM,7955.0,14,111370.0,241798600.0
2025-08-01 09:28:04 AM,7959.0,0,0.0,241798600.0
2025-08-01 09:28:05 AM,7958.0,0,0.0,241798600.0
2025-08-01 09:28:06 AM,7962.5,178,1417325.0,243215925.0
2025-08-01 09:28:08 AM,7956.5,17,135260.5,243351185.5
2025-08-01 09:28:12 AM,7954.5,0,0.0,243351185.5
2025-08-01 09:28:14 AM,7954.5,205,1630672.5,244981858.0
2025-08-01 09:28:15 AM,7952.0,81,644112.0,245625970.0
2025-08-01 09:28:18 AM,7951.5,0,0.0,245625970.0
2025-08-01 09:28:18 AM,7958.5,0,0.0,245625970.0
2025-08-01 09:28:22 AM,7957.0,100,795700.0,246421670.0
2025-08-01 09:28:23 AM,7962.5,0,0.0,246421670.0
2025-08-01 09:28:23 AM,7955.0,21,167055.0,246588725.0
2025-08-01 09:28:34 AM,7956.0,0,0.0,246588725.0
2025-08-01 09:28:37 AM,7959.5,8,63676.0,246652401.0
2025-08-01 09:28:40 AM,7963.5,0,0.0,246652401.0
2025-08-01 09:28:45 AM,7963.5,7,55744.5,246708145.5
2025-08-01 09:28:45 AM,7965.0,0,0.0,246708145.5
2025-08-01 09:28:46 AM,7964.5,50,398225.0,247106370.5
2025-08-01 09:28:49 AM,7967.5,0,0.0,247106370.5
2025-08-01 09:28:50 AM,7967.0,0,0.0,247106370.5
2025-08-01 09:28:52 AM,7969.0,10,79690.0,247186060.5
2025-08-01 09:28:53 AM,7966.5,15,119497.5,247305558.0
2025-08-01 09:29:00 AM,7977.0,1763,14063451.0,261369009.0
2025-08-01 09:29:01 AM,7975.5,0,0.0,261369009.0
2025-08-01 09:29:01 AM,7974.5,195,1555027.5,262924036.5
2025-08-01 09:29:02 AM,7972.0,0,0.0,262924036.5
2025-08-01 09:29:07 AM,7978.5,0,0.0,262924036.5
2025-08-01 09:29:08 AM,7977.0,154,1228458.0,264152494.5
2025-08-01 09:29:08 AM,7971.5,0,0.0,264152494.5
2025-08-01 09:29:09 AM,7971.5,32,255088.0,264407582.5
2025-08-01 09:29:13 AM,7975.0,0,0.0,264407582.5
2025-08-01 09:29:13 AM,7974.5,0,0.0,264407582.5
2025-08-01 09:29:15 AM,7975.5,78,622089.0,265029671.5
2025-08-01 09:29:17 AM,7974.5,18,143541.0,265173212.5
2025-08-01 09:29:23 AM,7975.5,52,414726.0,265587938.5
2025-08-01 09:29:24 AM,7975.5,7,55828.5,265643767.0
2025-08-01 09:29:28 AM,7974.5,0,0.0,265643767.0
2025-08-01 09:29:30 AM,7974.5,1340,10685830.0,276329597.0
2025-08-01 09:29:32 AM,7973.5,131,1044528.5,277374125.5
2025-08-01 09:29:33 AM,7991.0,0,0.0,277374125.5
2025-08-01 09:29:38 AM,7996.0,1147,9171412.0,286545537.5
2025-08-01 09:29:38 AM,7993.0,0,0.0,286545537.5
2025-08-01 09:29:39 AM,7993.0,154,1230922.0,287776459.5
2025-08-01 09:29:43 AM,7985.0,0,0.0,287776459.5
2025-08-01 09:29:45 AM,7985.0,627,5006595.0,292783054.5
2025-08-01 09:29:46 AM,7983.5,41,327323.5,293110378.0
2025-08-01 09:29:48 AM,7980.0,0,0.0,293110378.0
2025-08-01 09:29:52 AM,7980.5,108,861894.0,293972272.0
2025-08-01 09:29:53 AM,7985.5,0,0.0,293972272.0
2025-08-01 09:29:54 AM,7979.5,0,0.0,293972272.0
2025-08-01 09:29:54 AM,7979.5,45,359077.5,294331349.5
2025-08-01 09:29:59 AM,7990.0,0,0.0,294331349.5
2025-08-01 09:30:00 AM,7987.0,176,1405712.0,295737061.5
2025-08-01 09:30:01 AM,7987.0,24,191688.0,295928749.5
2025-08-01 09:30:03 AM,7989.5,0,0.0,295928749.5
2025-08-01 09:30:04 AM,7989.5,15,119842.5,296048592.0
2025-08-01 09:30:04 AM,7990.0,31,247690.0,296296282.0
2025-08-01 09:30:06 AM,7989.5,20,159790.0,296456072.0
2025-08-01 09:30:07 AM,7991.5,0,0.0,296456072.0
2025-08-01 09:30:07 AM,7991.5,8,63932.0,296520004.0
2025-08-01 09:30:08 AM,7990.0,100,799000.0,297319004.0
2025-08-01 09:30:09 AM,7993.0,11,87923.0,297406927.0
2025-08-01 09:30:10 AM,7989.5,23,183758.5,297590685.5
2025-08-01 09:30:11 AM,7988.0,3,23964.0,297614649.5
2025-08-01 09:30:12 AM,7988.0,2,15976.0,297630625.5
2025-08-01 09:30:14 AM,7990.0,5,39950.0,297670575.5
2025-08-01 09:30:15 AM,7990.0,61,487390.0,298157965.5
2025-08-01 09:30:16 AM,7990.0,9,71910.0,298229875.5
2025-08-01 09:30:16 AM,7993.5,250,1998375.0,300228250.5
2025-08-01 09:30:18 AM,7990.0,0,0.0,300228250.5
2025-08-01 09:30:18 AM,7990.0,16,127840.0,300356090.5
2025-08-01 09:30:19 AM,7987.0,30,239610.0,300595700.5
2025-08-01 09:30:19 AM,7990.0,0,0.0,300595700.5
2025-08-01 09:30:19 AM,7990.0,25,199750.0,300795450.5
2025-08-01 09:30:20 AM,7990.0,5,39950.0,300835400.5
2025-08-01 09:30:21 AM,7990.5,20,159810.0,300995210.5
2025-08-01 09:30:22 AM,7990.0,25,199750.0,301194960.5
2025-08-01 09:30:25 AM,7989.5,8,63916.0,301258876.5
2025-08-01 09:30:26 AM,7992.0,201,1606392.0,302865268.5
2025-08-01 09:30:26 AM,7991.5,0,0.0,302865268.5
2025-08-01 09:30:27 AM,7991.5,17,135855.5,303001124.0
2025-08-01 09:30:27 AM,7986.5,21,167716.5,303168840.5
2025-08-01 09:30:28 AM,7990.0,3,23970.0,303192810.5
2025-08-01 09:30:30 AM,7990.0,8,63920.0,303256730.5
2025-08-01 09:30:31 AM,7987.0,1,7987.0,303264717.5
2025-08-01 09:30:33 AM,7987.0,14,111818.0,303376535.5
2025-08-01 09:30:33 AM,7984.5,122,974109.0,304350644.5
2025-08-01 09:30:34 AM,7983.5,30,239505.0,304590149.5
2025-08-01 09:30:34 AM,7983.5,13,103785.5,304693935.0
2025-08-01 09:30:35 AM,7980.5,60,478830.0,305172765.0
2025-08-01 09:30:36 AM,7980.5,2,15961.0,305188726.0
2025-08-01 09:30:36 AM,7977.0,145,1156665.0,306345391.0
2025-08-01 09:30:37 AM,7974.5,0,0.0,306345391.0
2025-08-01 09:30:37 AM,7974.5,136,1084532.0,307429923.0
2025-08-01 09:30:37 AM,7972.0,15,119580.0,307549503.0
2025-08-01 09:30:38 AM,7972.0,21,167412.0,307716915.0
2025-08-01 09:30:38 AM,7973.0,0,0.0,307716915.0
2025-08-01 09:30:39 AM,7972.0,0,0.0,307716915.0
2025-08-01 09:30:39 AM,7972.0,13,103636.0,307820551.0
2025-08-01 09:30:39 AM,7972.0,52,414544.0,308235095.0
2025-08-01 09:30:40 AM,7974.0,0,0.0,308235095.0
2025-08-01 09:30:41 AM,7974.0,4,31896.0,308266991.0
2025-08-01 09:30:42 AM,7972.0,13,103636.0,308370627.0
2025-08-01 09:30:43 AM,7974.5,20,159490.0,308530117.0
2025-08-01 09:30:44 AM,7972.0,1,7972.0,308538089.0
2025-08-01 09:30:45 AM,7974.5,0,0.0,308538089.0
2025-08-01 09:30:45 AM,7974.5,10,79745.0,308617834.0
2025-08-01 09:30:45 AM,7974.0,48,382752.0,309000586.0
2025-08-01 09:30:46 AM,7976.0,0,0.0,309000586.0
2025-08-01 09:30:47 AM,7976.0,10,79760.0,309080346.0
2025-08-01 09:30:50 AM,7976.5,2,15953.0,309096299.0
2025-08-01 09:30:51 AM,7976.5,9,71788.5,309168087.5
2025-08-01 09:30:52 AM,7976.0,3,23928.0,309192015.5
2025-08-01 09:30:53 AM,7976.5,1,7976.5,309199992.0
2025-08-01 09:30:54 AM,7976.0,0,0.0,309199992.0
2025-08-01 09:30:54 AM,7976.0,1,7976.0,309207968.0
2025-08-01 09:30:56 AM,7976.0,1,7976.0,309215944.0
2025-08-01 09:30:56 AM,7976.5,0,0.0,309215944.0
2025-08-01 09:30:57 AM,7976.5,10,79765.0,309295709.0
2025-08-01 09:30:58 AM,7979.0,21,167559.0,309463268.0
2025-08-01 09:31:00 AM,7974.5,188,1499206.0,310962474.0
2025-08-01 09:31:00 AM,7976.5,0,0.0,310962474.0
2025-08-01 09:31:02 AM,7964.5,0,0.0,310962474.0
2025-08-01 09:31:05 AM,7965.0,0,0.0,310962474.0
2025-08-01 09:31:07 AM,7970.0,315,2510550.0,313473024.0
2025-08-01 09:31:08 AM,7969.5,12,95634.0,313568658.0
2025-08-01 09:31:09 AM,7970.0,0,0.0,313568658.0
2025-08-01 09:31:11 AM,7974.0,0,0.0,313568658.0
2025-08-01 09:31:14 AM,7970.0,76,605720.0,314174378.0
2025-08-01 09:31:15 AM,7970.0,1,7970.0,314182348.0
2025-08-01 09:31:17 AM,7971.0,0,0.0,314182348.0
2025-08-01 09:31:21 AM,7974.5,0,0.0,314182348.0
2025-08-01 09:31:22 AM,7974.5,409,3261570.5,317443918.5
2025-08-01 09:31:27 AM,7970.0,0,0.0,317443918.5
2025-08-01 09:31:29 AM,7973.5,48,382728.0,317826646.5
2025-08-01 09:31:29 AM,7974.5,0,0.0,317826646.5
2025-08-01 09:31:30 AM,7974.5,14,111643.0,317938289.5
2025-08-01 09:31:33 AM,7971.0,0,0.0,317938289.5
2025-08-01 09:31:35 AM,7974.0,0,0.0,317938289.5
2025-08-01 09:31:36 AM,7974.0,109,869166.0,318807455.5
2025-08-01 09:31:37 AM,7974.0,92,733608.0,319541063.5
2025-08-01 09:31:39 AM,7970.5,0,0.0,319541063.5
2025-08-01 09:31:41 AM,7976.5,0,0.0,319541063.5
2025-08-01 09:31:43 AM,7975.5,219,1746634.5,321287698.0
2025-08-01 09:31:50 AM,7976.5,103,821579.5,322109277.5
2025-08-01 09:31:56 AM,7977.5,0,0.0,322109277.5
2025-08-01 09:31:57 AM,7976.5,71,566331.5,322675609.0
2025-08-01 09:32:01 AM,7976.5,13,103694.5,322779303.5
2025-08-01 09:32:02 AM,7980.0,0,0.0,322779303.5
2025-08-01 09:32:02 AM,7980.0,9,71820.0,322851123.5
2025-08-01 09:32:05 AM,7976.5,0,0.0,322851123.5
2025-08-01 09:32:05 AM,7976.5,101,805626.5,323656750.0
2025-08-01 09:32:07 AM,7969.0,14,111566.0,323768316.0
2025-08-01 09:32:10 AM,7971.5,9,71743.5,323840059.5
2025-08-01 09:32:11 AM,7967.5,30,239025.0,324079084.5
2025-08-01 09:32:12 AM,7972.5,0,0.0,324079084.5
2025-08-01 09:32:12 AM,7972.5,70,558075.0,324637159.5
2025-08-01 09:32:12 AM,7973.0,2,15946.0,324653105.5
2025-08-01 09:32:14 AM,7972.5,0,0.0,324653105.5
2025-08-01 09:32:14 AM,7973.0,18,143514.0,324796619.5
2025-08-01 09:32:15 AM,7973.0,4,31892.0,324828511.5
2025-08-01 09:32:16 AM,7976.5,2,15953.0,324844464.5
2025-08-01 09:32:18 AM,7976.5,13,103694.5,324948159.0
2025-08-01 09:32:19 AM,7976.5,5,39882.5,324988041.5
2025-08-01 09:32:20 AM,7976.5,7,55835.5,325043877.0
2025-08-01 09:32:20 AM,7981.5,0,0.0,325043877.0
2025-08-01 09:32:20 AM,7981.5,7,55870.5,325099747.5
2025-08-01 09:32:26 AM,7976.5,10,79765.0,325179512.5
2025-08-01 09:32:29 AM,7981.0,1,7981.0,325187493.5
2025-08-01 09:32:30 AM,7984.0,19,151696.0,325339189.5
2025-08-01 09:32:30 AM,7984.0,6,47904.0,325387093.5
2025-08-01 09:32:31 AM,7983.0,2,15966.0,325403059.5
2025-08-01 09:32:33 AM,7974.0,0,0.0,325403059.5
2025-08-01 09:32:33 AM,7974.0,140,1116360.0,326519419.5
2025-08-01 09:32:35 AM,7972.5,18,143505.0,326662924.5
2025-08-01 09:32:37 AM,7968.5,24,191244.0,326854168.5
2025-08-01 09:32:37 AM,7960.0,111,883560.0,327737728.5
2025-08-01 09:32:38 AM,7962.0,1,7962.0,327745690.5
2025-08-01 09:32:39 AM,7956.0,0,0.0,327745690.5
2025-08-01 09:32:39 AM,7956.0,239,1901484.0,329647174.5
2025-08-01 09:32:41 AM,7959.5,0,0.0,329647174.5
2025-08-01 09:32:41 AM,7959.5,100,795950.0,330443124.5
2025-08-01 09:32:42 AM,7958.5,2,15917.0,330459041.5
2025-08-01 09:32:42 AM,7956.0,1,7956.0,330466997.5
2025-08-01 09:32:44 AM,7961.0,100,796100.0,331263097.5
2025-08-01 09:32:45 AM,7958.5,2,15917.0,331279014.5
2025-08-01 09:32:46 AM,7958.5,7,55709.5,331334724.0
2025-08-01 09:32:48 AM,7957.0,20,159140.0,331493864.0
2025-08-01 09:32:48 AM,7950.0,0,0.0,331493864.0
2025-08-01 09:32:49 AM,7953.0,708,5630724.0,337124588.0
2025-08-01 09:32:51 AM,7953.0,20,159060.0,337283648.0
2025-08-01 09:32:51 AM,7952.5,0,0.0,337283648.0
2025-08-01 09:32:52 AM,7952.5,1,7952.5,337291600.5
2025-08-01 09:32:57 AM,7952.5,31,246527.5,337538128.0
2025-08-01 09:32:57 AM,7950.0,0,0.0,337538128.0
2025-08-01 09:32:58 AM,7952.5,46,365815.0,337903943.0
2025-08-01 09:32:59 AM,7952.5,15,119287.5,338023230.5
2025-08-01 09:33:00 AM,7952.5,5,39762.5,338062993.0
2025-08-01 09:33:00 AM,7952.0,0,0.0,338062993.0
2025-08-01 09:33:01 AM,7945.0,0,0.0,338062993.0
2025-08-01 09:33:07 AM,7958.0,0,0.0,338062993.0
2025-08-01 09:33:07 AM,7958.0,2147,17085826.0,355148819.0
2025-08-01 09:33:12 AM,7961.5,0,0.0,355148819.0
2025-08-01 09:33:14 AM,7960.5,29,230854.5,355379673.5
2025-08-01 09:33:17 AM,7967.0,0,0.0,355379673.5
2025-08-01 09:33:17 AM,7975.0,0,0.0,355379673.5
2025-08-01 09:33:21 AM,7971.5,35,279002.5,355658676.0
2025-08-01 09:33:27 AM,7973.5,0,0.0,355658676.0
2025-08-01 09:33:27 AM,7973.5,56,446516.0,356105192.0
2025-08-01 09:33:32 AM,7977.0,0,0.0,356105192.0
2025-08-01 09:33:34 AM,7977.0,38,303126.0,356408318.0
2025-08-01 09:33:37 AM,7980.0,0,0.0,356408318.0
2025-08-01 09:33:41 AM,7980.5,83,662381.5,357070699.5
2025-08-01 09:33:45 AM,7983.5,0,0.0,357070699.5
2025-08-01 09:33:47 AM,7978.5,0,0.0,357070699.5
2025-08-01 09:33:48 AM,7984.5,77,614806.5,357685506.0
2025-08-01 09:33:55 AM,7984.5,23,183643.5,357869149.5
2025-08-01 09:33:58 AM,7980.0,0,0.0,357869149.5
2025-08-01 09:34:00 AM,7977.5,117,933367.5,358802517.0
2025-08-01 09:34:01 AM,7978.0,0,0.0,358802517.0
2025-08-01 09:34:01 AM,7978.0,50,398900.0,359201417.0
2025-08-01 09:34:02 AM,7983.0,3,23949.0,359225366.0
2025-08-01 09:34:03 AM,7983.0,5,39915.0,359265281.0
2025-08-01 09:34:04 AM,7983.0,2,15966.0,359281247.0
2025-08-01 09:34:05 AM,7980.5,0,0.0,359281247.0
2025-08-01 09:34:06 AM,7980.5,15,119707.5,359400954.5
2025-08-01 09:34:06 AM,7980.0,0,0.0,359400954.5
2025-08-01 09:34:07 AM,7980.0,5,39900.0,359440854.5
2025-08-01 09:34:10 AM,7976.0,6,47856.0,359488710.5
2025-08-01 09:34:11 AM,7978.5,5,39892.5,359528603.0
2025-08-01 09:34:14 AM,7977.0,12,95724.0,359624327.0
2025-08-01 09:34:17 AM,7978.5,10,79785.0,359704112.0
2025-08-01 09:34:17 AM,7977.5,0,0.0,359704112.0
2025-08-01 09:34:18 AM,7977.5,8,63820.0,359767932.0
2025-08-01 09:34:18 AM,7977.0,1,7977.0,359775909.0
2025-08-01 09:34:20 AM,7977.5,0,0.0,359775909.0
2025-08-01 09:34:21 AM,7977.5,10,79775.0,359855684.0
2025-08-01 09:34:21 AM,7977.0,0,0.0,359855684.0
2025-08-01 09:34:22 AM,7977.0,31,247287.0,360102971.0
2025-08-01 09:34:25 AM,7975.5,1,7975.5,360110946.5
2025-08-01 09:34:27 AM,7966.0,92,732872.0,360843818.5
2025-08-01 09:34:28 AM,7965.0,1,7965.0,360851783.5
2025-08-01 09:34:29 AM,7967.5,0,0.0,360851783.5
2025-08-01 09:34:29 AM,7967.5,10,79675.0,360931458.5
2025-08-01 09:34:30 AM,7964.5,0,0.0,360931458.5
2025-08-01 09:34:30 AM,7964.5,20,159290.0,361090748.5
2025-08-01 09:34:33 AM,7967.5,9,71707.5,361162456.0
2025-08-01 09:34:37 AM,7964.5,7,55751.5,361218207.5
2025-08-01 09:34:38 AM,7965.5,100,796550.0,362014757.5
2025-08-01 09:34:38 AM,7967.5,1,7967.5,362022725.0
2025-08-01 09:34:40 AM,7964.5,9,71680.5,362094405.5
2025-08-01 09:34:43 AM,7965.0,0,0.0,362094405.5
2025-08-01 09:34:44 AM,7965.0,5,39825.0,362134230.5
2025-08-01 09:34:46 AM,7964.5,8,63716.0,362197946.5
2025-08-01 09:34:47 AM,7962.5,41,326462.5,362524409.0
2025-08-01 09:34:48 AM,7967.0,0,0.0,362524409.0
2025-08-01 09:34:48 AM,7967.0,14,111538.0,362635947.0
2025-08-01 09:34:48 AM,7964.5,5,39822.5,362675769.5
2025-08-01 09:34:50 AM,7967.5,0,0.0,362675769.5
2025-08-01 09:34:50 AM,7967.5,27,215122.5,362890892.0
2025-08-01 09:34:54 AM,7965.5,1,7965.5,362898857.5
2025-08-01 09:34:55 AM,7967.5,28,223090.0,363121947.5
2025-08-01 09:34:58 AM,7964.5,0,0.0,363121947.5
2025-08-01 09:34:59 AM,7964.5,50,398225.0,363520172.5
2025-08-01 09:34:59 AM,7965.0,7,55755.0,363575927.5
2025-08-01 09:35:00 AM,7967.5,8,63740.0,363639667.5
2025-08-01 09:35:02 AM,7974.5,0,0.0,363639667.5
2025-08-01 09:35:05 AM,7974.5,101,805424.5,364445092.0
2025-08-01 09:35:07 AM,7977.0,0,0.0,364445092.0
2025-08-01 09:35:12 AM,7974.5,0,0.0,364445092.0
2025-08-01 09:35:12 AM,7974.5,39,311005.5,364756097.5
2025-08-01 09:35:17 AM,7972.0,0,0.0,364756097.5
2025-08-01 09:35:19 AM,7972.0,30,239160.0,364995257.5
2025-08-01 09:35:22 AM,7968.5,0,0.0,364995257.5
2025-08-01 09:35:22 AM,7965.0,0,0.0,364995257.5
2025-08-01 09:35:26 AM,7958.5,344,2737724.0,367732981.5
2025-08-01 09:35:27 AM,7956.0,0,0.0,367732981.5
2025-08-01 09:35:32 AM,7961.0,0,0.0,367732981.5
2025-08-01 09:35:32 AM,7959.5,0,0.0,367732981.5
2025-08-01 09:35:33 AM,7959.5,103,819828.5,368552810.0
2025-08-01 09:35:37 AM,7960.5,0,0.0,368552810.0
2025-08-01 09:35:40 AM,7956.0,21,167076.0,368719886.0
2025-08-01 09:35:42 AM,7955.0,0,0.0,368719886.0
2025-08-01 09:35:42 AM,7955.5,0,0.0,368719886.0
2025-08-01 09:35:47 AM,7956.0,0,0.0,368719886.0
2025-08-01 09:35:47 AM,7956.0,428,3405168.0,372125054.0
2025-08-01 09:35:47 AM,7952.5,15,119287.5,372244341.5
2025-08-01 09:35:47 AM,7952.0,0,0.0,372244341.5
2025-08-01 09:35:52 AM,7955.5,0,0.0,372244341.5
2025-08-01 09:35:53 AM,7955.5,331,2633270.5,374877612.0
2025-08-01 09:35:57 AM,7950.0,0,0.0,374877612.0
2025-08-01 09:36:00 AM,7950.0,24,190800.0,375068412.0
2025-08-01 09:36:01 AM,7950.0,6,47700.0,375116112.0
2025-08-01 09:36:03 AM,7950.0,6,47700.0,375163812.0
2025-08-01 09:36:04 AM,7950.5,0,0.0,375163812.0
2025-08-01 09:36:04 AM,7950.5,2,15901.0,375179713.0
2025-08-01 09:36:05 AM,7952.5,0,0.0,375179713.0
2025-08-01 09:36:06 AM,7952.5,5,39762.5,375219475.5
2025-08-01 09:36:07 AM,7950.5,0,0.0,375219475.5
2025-08-01 09:36:08 AM,7950.5,7,55653.5,375275129.0
2025-08-01 09:36:08 AM,7952.5,0,0.0,375275129.0
2025-08-01 09:36:09 AM,7952.5,5,39762.5,375314891.5
2025-08-01 09:36:10 AM,7950.0,10,79500.0,375394391.5
2025-08-01 09:36:11 AM,7950.0,8,63600.0,375457991.5
2025-08-01 09:36:11 AM,7950.0,2,15900.0,375473891.5
2025-08-01 09:36:14 AM,7950.0,8,63600.0,375537491.5
2025-08-01 09:36:15 AM,7950.0,161,1279950.0,376817441.5
2025-08-01 09:36:17 AM,7950.0,93,739350.0,377556791.5
2025-08-01 09:36:20 AM,7950.0,11,87450.0,377644241.5
2025-08-01 09:36:20 AM,7953.0,0,0.0,377644241.5
2025-08-01 09:36:20 AM,7953.0,4,31812.0,377676053.5
2025-08-01 09:36:24 AM,7950.0,2,15900.0,377691953.5
2025-08-01 09:36:25 AM,7951.0,1,7951.0,377699904.5
2025-08-01 09:36:26 AM,7951.0,19,151069.0,377850973.5
2025-08-01 09:36:30 AM,7950.0,1,7950.0,377858923.5
2025-08-01 09:36:32 AM,7951.0,18,143118.0,378002041.5
2025-08-01 09:36:33 AM,7951.5,3,23854.5,378025896.0
2025-08-01 09:36:34 AM,7952.5,0,0.0,378025896.0
2025-08-01 09:36:34 AM,7952.5,42,334005.0,378359901.0
2025-08-01 09:36:35 AM,7955.5,0,0.0,378359901.0
2025-08-01 09:36:36 AM,7955.5,5,39777.5,378399678.5
2025-08-01 09:36:37 AM,7953.0,3,23859.0,378423537.5
2025-08-01 09:36:41 AM,7955.5,1,7955.5,378431493.0
2025-08-01 09:36:44 AM,7955.5,5,39777.5,378471270.5
2025-08-01 09:36:45 AM,7957.0,8,63656.0,378534926.5
2025-08-01 09:36:50 AM,7958.5,13,103460.5,378638387.0
2025-08-01 09:36:50 AM,7961.5,0,0.0,378638387.0
2025-08-01 09:36:51 AM,7961.5,2,15923.0,378654310.0
2025-08-01 09:36:52 AM,7965.0,84,669060.0,379323370.0
2025-08-01 09:36:55 AM,7971.0,20,159420.0,379482790.0
2025-08-01 09:36:55 AM,7974.5,0,0.0,379482790.0
2025-08-01 09:36:56 AM,7974.5,6,47847.0,379530637.0
2025-08-01 09:36:57 AM,7975.0,0,0.0,379530637.0
2025-08-01 09:36:58 AM,7975.0,25,199375.0,379730012.0
2025-08-01 09:36:59 AM,7975.0,15,119625.0,379849637.0
2025-08-01 09:37:00 AM,7975.0,2,15950.0,379865587.0
2025-08-01 09:37:06 AM,7975.0,20,159500.0,380025087.0
2025-08-01 09:37:11 AM,7977.0,0,0.0,380025087.0
2025-08-01 09:37:13 AM,7976.5,32,255248.0,380280335.0
2025-08-01 09:37:14 AM,7975.0,87,693825.0,380974160.0
2025-08-01 09:37:16 AM,7973.0,0,0.0,380974160.0
2025-08-01 09:37:20 AM,7973.0,101,805273.0,381779433.0
2025-08-01 09:37:25 AM,7976.5,0,0.0,381779433.0
2025-08-01 09:37:27 AM,7975.0,109,869275.0,382648708.0
2025-08-01 09:37:34 AM,7974.0,32,255168.0,382903876.0
2025-08-01 09:37:36 AM,7976.5,0,0.0,382903876.0
2025-08-01 09:37:39 AM,7973.0,0,0.0,382903876.0
2025-08-01 09:37:41 AM,7973.0,75,597975.0,383501851.0
2025-08-01 09:37:43 AM,7976.5,0,0.0,383501851.0
2025-08-01 09:37:47 AM,7974.0,0,0.0,383501851.0
2025-08-01 09:37:48 AM,7974.0,200,1594800.0,385096651.0
2025-08-01 09:37:50 AM,7975.0,0,0.0,385096651.0
2025-08-01 09:37:54 AM,7976.5,187,1491605.5,386588256.5
2025-08-01 09:37:57 AM,7972.0,0,0.0,386588256.5
2025-08-01 09:38:00 AM,7973.5,0,0.0,386588256.5
2025-08-01 09:38:01 AM,7973.5,12,95682.0,386683938.5
2025-08-01 09:38:01 AM,7973.5,3,23920.5,386707859.0
2025-08-01 09:38:02 AM,7972.0,0,0.0,386707859.0
2025-08-01 09:38:06 AM,7973.5,0,0.0,386707859.0
2025-08-01 09:38:08 AM,7973.5,16,127576.0,386835435.0
2025-08-01 09:38:12 AM,7970.0,0,0.0,386835435.0
2025-08-01 09:38:15 AM,7970.0,22,175340.0,387010775.0
2025-08-01 09:38:17 AM,7969.0,0,0.0,387010775.0
2025-08-01 09:38:21 AM,7974.0,179,1427346.0,388438121.0
2025-08-01 09:38:32 AM,7966.0,0,0.0,388438121.0
2025-08-01 09:38:35 AM,7966.0,94,748804.0,389186925.0
2025-08-01 09:38:42 AM,7969.0,5,39845.0,389226770.0
2025-08-01 09:38:48 AM,7966.5,9,71698.5,389298468.5
2025-08-01 09:38:50 AM,7969.0,0,0.0,389298468.5
2025-08-01 09:38:53 AM,7967.0,0,0.0,389298468.5
2025-08-01 09:38:54 AM,7971.0,0,0.0,389298468.5
2025-08-01 09:38:55 AM,7967.0,62,493954.0,389792422.5
2025-08-01 09:38:58 AM,7971.0,0,0.0,389792422.5
2025-08-01 09:38:59 AM,7967.5,0,0.0,389792422.5
2025-08-01 09:39:01 AM,7967.5,13,103577.5,389896000.0
2025-08-01 09:39:07 AM,7970.0,0,0.0,389896000.0
2025-08-01 09:39:08 AM,7970.0,5,39850.0,389935850.0
2025-08-01 09:39:12 AM,7970.5,0,0.0,389935850.0
2025-08-01 09:39:15 AM,7970.5,12,95646.0,390031496.0
2025-08-01 09:39:17 AM,7971.0,0,0.0,390031496.0
2025-08-01 09:39:22 AM,7970.0,42,334740.0,390366236.0
2025-08-01 09:39:22 AM,7971.0,0,0.0,390366236.0
2025-08-01 09:39:27 AM,7969.0,0,0.0,390366236.0
2025-08-01 09:39:28 AM,7969.0,70,557830.0,390924066.0
2025-08-01 09:39:30 AM,7970.5,0,0.0,390924066.0
2025-08-01 09:39:35 AM,7970.5,6,47823.0,390971889.0
2025-08-01 09:39:35 AM,7970.5,3,23911.5,390995800.5
2025-08-01 09:39:38 AM,7971.0,0,0.0,390995800.5
2025-08-01 09:39:41 AM,7971.0,11,87681.0,391083481.5
2025-08-01 09:39:46 AM,7974.0,0,0.0,391083481.5
2025-08-01 09:39:48 AM,7974.0,96,765504.0,391848985.5
2025-08-01 09:39:54 AM,7971.5,0,0.0,391848985.5
2025-08-01 09:39:55 AM,7971.5,31,247116.5,392096102.0
2025-08-01 09:39:58 AM,7974.0,0,0.0,392096102.0
2025-08-01 09:40:01 AM,7974.0,45,358830.0,392454932.0
2025-08-01 09:40:06 AM,7974.5,0,0.0,392454932.0
2025-08-01 09:40:08 AM,7974.5,50,398725.0,392853657.0
2025-08-01 09:40:14 AM,7974.0,15,119610.0,392973267.0
2025-08-01 09:40:17 AM,7971.5,0,0.0,392973267.0
2025-08-01 09:40:19 AM,7974.0,0,0.0,392973267.0
2025-08-01 09:40:21 AM,7974.0,110,877140.0,393850407.0
2025-08-01 09:40:27 AM,7973.0,26,207298.0,394057705.0
2025-08-01 09:40:28 AM,7974.0,11,87714.0,394145419.0
2025-08-01 09:40:29 AM,7977.0,0,0.0,394145419.0
2025-08-01 09:40:34 AM,7977.0,16,127632.0,394273051.0
2025-08-01 09:40:37 AM,7983.5,0,0.0,394273051.0
2025-08-01 09:40:41 AM,7985.0,278,2219830.0,396492881.0
2025-08-01 09:40:47 AM,7985.0,1365,10899525.0,407392406.0
2025-08-01 09:40:48 AM,7985.5,12,95826.0,407488232.0
2025-08-01 09:40:50 AM,7986.0,0,0.0,407488232.0
2025-08-01 09:40:54 AM,7988.0,11,87868.0,407576100.0
2025-08-01 09:41:00 AM,7982.5,0,0.0,407576100.0
2025-08-01 09:41:01 AM,7982.5,572,4565990.0,412142090.0
2025-08-01 09:41:02 AM,7983.5,0,0.0,412142090.0
2025-08-01 09:41:02 AM,7983.5,1,7983.5,412150073.5
2025-08-01 09:41:04 AM,7978.5,0,0.0,412150073.5
2025-08-01 09:41:05 AM,7978.5,1,7978.5,412158052.0
2025-08-01 09:41:06 AM,7984.5,0,0.0,412158052.0
2025-08-01 09:41:06 AM,7984.5,26,207597.0,412365649.0
2025-08-01 09:41:08 AM,7985.0,0,0.0,412365649.0
2025-08-01 09:41:08 AM,7986.0,11,87846.0,412453495.0
2025-08-01 09:41:09 AM,7984.5,5,39922.5,412493417.5
2025-08-01 09:41:15 AM,7984.5,7,55891.5,412549309.0
2025-08-01 09:41:19 AM,7984.5,1,7984.5,412557293.5
2025-08-01 09:41:20 AM,7985.0,0,0.0,412557293.5
2025-08-01 09:41:21 AM,7985.0,5,39925.0,412597218.5
2025-08-01 09:41:21 AM,7984.5,2,15969.0,412613187.5
2025-08-01 09:41:21 AM,7985.0,0,0.0,412613187.5
2025-08-01 09:41:22 AM,7985.0,1,7985.0,412621172.5
2025-08-01 09:41:23 AM,7984.5,0,0.0,412621172.5
2025-08-01 09:41:24 AM,7984.5,31,247519.5,412868692.0
2025-08-01 09:41:25 AM,7984.5,2,15969.0,412884661.0
2025-08-01 09:41:26 AM,7984.5,20,159690.0,413044351.0
2025-08-01 09:41:28 AM,7984.5,15,119767.5,413164118.5
2025-08-01 09:41:29 AM,7984.5,10,79845.0,413243963.5
2025-08-01 09:41:31 AM,7984.5,5,39922.5,413283886.0
2025-08-01 09:41:31 AM,7984.5,46,367287.0,413651173.0
2025-08-01 09:41:33 AM,7985.0,1,7985.0,413659158.0
2025-08-01 09:41:39 AM,7985.0,1,7985.0,413667143.0
2025-08-01 09:41:41 AM,7985.0,6,47910.0,413715053.0
2025-08-01 09:41:41 AM,7987.5,0,0.0,413715053.0
2025-08-01 09:41:42 AM,7987.5,40,319500.0,414034553.0
2025-08-01 09:41:45 AM,7987.5,2,15975.0,414050528.0
2025-08-01 09:41:46 AM,7985.0,0,0.0,414050528.0
2025-08-01 09:41:47 AM,7985.0,18,143730.0,414194258.0
2025-08-01 09:41:49 AM,7985.0,5,39925.0,414234183.0
2025-08-01 09:41:50 AM,7985.0,1,7985.0,414242168.0
2025-08-01 09:41:52 AM,7985.0,15,119775.0,414361943.0
2025-08-01 09:41:53 AM,7985.0,8,63880.0,414425823.0
2025-08-01 09:41:59 AM,7985.0,1,7985.0,414433808.0
2025-08-01 09:42:00 AM,7987.5,0,0.0,414433808.0
2025-08-01 09:42:01 AM,7985.0,0,0.0,414433808.0
2025-08-01 09:42:06 AM,7985.0,221,1764685.0,416198493.0
2025-08-01 09:42:13 AM,7985.0,26,207610.0,416406103.0
2025-08-01 09:42:21 AM,7986.0,6,47916.0,416454019.0
2025-08-01 09:42:23 AM,7985.0,0,0.0,416454019.0
2025-08-01 09:42:26 AM,7986.0,12,95832.0,416549851.0
2025-08-01 09:42:32 AM,7986.0,25,199650.0,416749501.0
2025-08-01 09:42:34 AM,7986.5,1,7986.5,416757487.5
2025-08-01 09:42:36 AM,7989.0,0,0.0,416757487.5
2025-08-01 09:42:39 AM,7989.0,91,726999.0,417484486.5
2025-08-01 09:42:40 AM,7987.0,0,0.0,417484486.5
2025-08-01 09:42:40 AM,7987.0,8,63896.0,417548382.5
2025-08-01 09:42:44 AM,7989.0,0,0.0,417548382.5
2025-08-01 09:42:45 AM,7989.0,50,399450.0,417947832.5
2025-08-01 09:42:46 AM,7991.0,117,934947.0,418882779.5
2025-08-01 09:42:49 AM,7993.0,0,0.0,418882779.5
2025-08-01 09:42:52 AM,7995.0,0,0.0,418882779.5
2025-08-01 09:42:52 AM,7994.5,134,1071263.0,419954042.5
2025-08-01 09:42:52 AM,7991.0,0,0.0,419954042.5
2025-08-01 09:42:53 AM,7990.0,4,31960.0,419986002.5
2025-08-01 09:42:56 AM,7991.0,0,0.0,419986002.5
2025-08-01 09:42:56 AM,7993.5,0,0.0,419986002.5
2025-08-01 09:42:58 AM,7990.0,132,1054680.0,421040682.5
2025-08-01 09:43:00 AM,7993.5,0,0.0,421040682.5
2025-08-01 09:43:04 AM,7991.0,0,0.0,421040682.5
2025-08-01 09:43:05 AM,7991.0,1007,8046937.0,429087619.5
2025-08-01 09:43:06 AM,7994.0,15,119910.0,429207529.5
2025-08-01 09:43:12 AM,7992.5,0,0.0,429207529.5
2025-08-01 09:43:12 AM,7992.5,8,63940.0,429271469.5
2025-08-01 09:43:16 AM,7995.0,0,0.0,429271469.5
2025-08-01 09:43:18 AM,7996.0,227,1815092.0,431086561.5
2025-08-01 09:43:20 AM,7995.0,0,0.0,431086561.5
2025-08-01 09:43:20 AM,7996.0,0,0.0,431086561.5
2025-08-01 09:43:24 AM,7998.5,0,0.0,431086561.5
2025-08-01 09:43:25 AM,7996.0,459,3670164.0,434756725.5
2025-08-01 09:43:31 AM,7998.0,49,391902.0,435148627.5
2025-08-01 09:43:32 AM,7996.0,20,159920.0,435308547.5
2025-08-01 09:43:38 AM,7996.0,147,1175412.0,436483959.5
2025-08-01 09:43:39 AM,7994.0,25,199850.0,436683809.5
2025-08-01 09:43:44 AM,7996.0,0,0.0,436683809.5
2025-08-01 09:43:45 AM,7996.0,12,95952.0,436779761.5
2025-08-01 09:43:46 AM,7992.0,341,2725272.0,439505033.5
2025-08-01 09:43:48 AM,7998.0,0,0.0,439505033.5
2025-08-01 09:43:51 AM,7995.0,10,79950.0,439584983.5
2025-08-01 09:43:52 AM,7995.5,0,0.0,439584983.5
2025-08-01 09:43:52 AM,7995.5,1,7995.5,439592979.0
2025-08-01 09:43:56 AM,7996.0,0,0.0,439592979.0
2025-08-01 09:43:56 AM,7995.0,0,0.0,439592979.0
2025-08-01 09:43:57 AM,7996.0,109,871564.0,440464543.0
2025-08-01 09:44:04 AM,7991.0,0,0.0,440464543.0
2025-08-01 09:44:04 AM,7995.0,632,5052840.0,445517383.0
2025-08-01 09:44:05 AM,7992.0,1,7992.0,445525375.0
2025-08-01 09:44:09 AM,7994.0,0,0.0,445525375.0
2025-08-01 09:44:11 AM,7987.0,151,1206037.0,446731412.0
2025-08-01 09:44:13 AM,7990.0,0,0.0,446731412.0
2025-08-01 09:44:18 AM,7990.0,33,263670.0,446995082.0
2025-08-01 09:44:19 AM,7990.5,10,79905.0,447074987.0
2025-08-01 09:44:21 AM,7990.0,0,0.0,447074987.0
2025-08-01 09:44:25 AM,7990.0,3,23970.0,447098957.0
2025-08-01 09:44:25 AM,7984.5,64,511008.0,447609965.0
2025-08-01 09:44:28 AM,7988.5,0,0.0,447609965.0
2025-08-01 09:44:30 AM,7984.0,0,0.0,447609965.0
2025-08-01 09:44:31 AM,7988.5,41,327528.5,447937493.5
2025-08-01 09:44:32 AM,7985.5,0,0.0,447937493.5
2025-08-01 09:44:37 AM,7988.5,112,894712.0,448832205.5
2025-08-01 09:44:38 AM,7988.5,3,23965.5,448856171.0
2025-08-01 09:44:44 AM,7984.5,29,231550.5,449087721.5
2025-08-01 09:44:45 AM,7985.5,0,0.0,449087721.5
2025-08-01 09:44:48 AM,7988.0,0,0.0,449087721.5
2025-08-01 09:44:50 AM,7985.5,0,0.0,449087721.5
2025-08-01 09:44:50 AM,7985.5,135,1078042.5,450165764.0
2025-08-01 09:44:56 AM,7983.0,110,878130.0,451043894.0
2025-08-01 09:44:57 AM,7989.5,100,798950.0,451842844.0
2025-08-01 09:45:00 AM,7989.0,17,135813.0,451978657.0
2025-08-01 09:45:07 AM,7985.0,36,287460.0,452266117.0
2025-08-01 09:45:08 AM,7985.0,10,79850.0,452345967.0
2025-08-01 09:45:09 AM,7982.5,27,215527.5,452561494.5
2025-08-01 09:45:10 AM,7983.5,10,79835.0,452641329.5
2025-08-01 09:45:11 AM,7983.5,17,135719.5,452777049.0
2025-08-01 09:45:12 AM,7983.0,0,0.0,452777049.0
2025-08-01 09:45:13 AM,7983.0,1,7983.0,452785032.0
2025-08-01 09:45:15 AM,7982.5,1,7982.5,452793014.5
2025-08-01 09:45:15 AM,7982.5,5,39912.5,452832927.0
2025-08-01 09:45:16 AM,7980.0,0,0.0,452832927.0
2025-08-01 09:45:16 AM,7980.0,9,71820.0,452904747.0
2025-08-01 09:45:17 AM,7980.0,2,15960.0,452920707.0
2025-08-01 09:45:19 AM,7976.5,0,0.0,452920707.0
2025-08-01 09:45:20 AM,7974.5,197,1570976.5,454491683.5
2025-08-01 09:45:20 AM,7980.0,10,79800.0,454571483.5
2025-08-01 09:45:21 AM,7980.0,5,39900.0,454611383.5
2025-08-01 09:45:22 AM,7977.0,0,0.0,454611383.5
2025-08-01 09:45:23 AM,7977.0,6,47862.0,454659245.5
2025-08-01 09:45:24 AM,7979.5,0,0.0,454659245.5
2025-08-01 09:45:24 AM,7979.5,1,7979.5,454667225.0
2025-08-01 09:45:26 AM,7977.0,0,0.0,454667225.0
2025-08-01 09:45:26 AM,7977.0,6,47862.0,454715087.0
2025-08-01 09:45:27 AM,7977.0,1,7977.0,454723064.0
2025-08-01 09:45:30 AM,7979.5,2,15959.0,454739023.0
2025-08-01 09:45:30 AM,7977.0,0,0.0,454739023.0
2025-08-01 09:45:31 AM,7977.0,6,47862.0,454786885.0
2025-08-01 09:45:31 AM,7979.5,0,0.0,454786885.0
2025-08-01 09:45:31 AM,7979.5,1,7979.5,454794864.5
2025-08-01 09:45:33 AM,7979.5,5,39897.5,454834762.0
2025-08-01 09:45:33 AM,7979.5,1,7979.5,454842741.5
2025-08-01 09:45:35 AM,7979.5,11,87774.5,454930516.0
2025-08-01 09:45:36 AM,7979.5,4,31918.0,454962434.0
2025-08-01 09:45:39 AM,7979.5,7,55856.5,455018290.5
2025-08-01 09:45:39 AM,7976.5,0,0.0,455018290.5
2025-08-01 09:45:39 AM,7976.5,100,797650.0,455815940.5
2025-08-01 09:45:40 AM,7977.0,0,0.0,455815940.5
2025-08-01 09:45:41 AM,7977.0,10,79770.0,455895710.5
2025-08-01 09:45:42 AM,7980.0,0,0.0,455895710.5
2025-08-01 09:45:42 AM,7980.0,1,7980.0,455903690.5
2025-08-01 09:45:42 AM,7980.0,10,79800.0,455983490.5
2025-08-01 09:45:42 AM,7984.0,0,0.0,455983490.5
2025-08-01 09:45:43 AM,7984.0,168,1341312.0,457324802.5
2025-08-01 09:45:46 AM,7984.0,15,119760.0,457444562.5
2025-08-01 09:45:47 AM,7984.0,6,47904.0,457492466.5
2025-08-01 09:45:47 AM,7985.0,10,79850.0,457572316.5
2025-08-01 09:45:51 AM,7989.0,10,79890.0,457652206.5
2025-08-01 09:45:59 AM,7985.5,30,239565.0,457891771.5
2025-08-01 09:46:00 AM,7987.5,7,55912.5,457947684.0
2025-08-01 09:46:01 AM,7987.5,5,39937.5,457987621.5
2025-08-01 09:46:01 AM,7983.5,0,0.0,457987621.5
2025-08-01 09:46:02 AM,7983.5,44,351274.0,458338895.5
2025-08-01 09:46:12 AM,7982.0,11,87802.0,458426697.5
2025-08-01 09:46:14 AM,7983.5,1,7983.5,458434681.0
2025-08-01 09:46:16 AM,7983.5,6,47901.0,458482582.0
2025-08-01 09:46:16 AM,7984.5,0,0.0,458482582.0
2025-08-01 09:46:17 AM,7984.5,10,79845.0,458562427.0
2025-08-01 09:46:18 AM,7978.5,0,0.0,458562427.0
2025-08-01 09:46:18 AM,7985.0,123,982155.0,459544582.0
2025-08-01 09:46:20 AM,7985.0,2,15970.0,459560552.0
2025-08-01 09:46:27 AM,7985.0,2,15970.0,459576522.0
2025-08-01 09:46:29 AM,7983.5,8,63868.0,459640390.0
2025-08-01 09:46:34 AM,7983.5,11,87818.5,459728208.5
2025-08-01 09:46:35 AM,7990.5,0,0.0,459728208.5
2025-08-01 09:46:36 AM,7990.5,400,3196200.0,462924408.5
2025-08-01 09:46:40 AM,7989.0,0,0.0,462924408.5
2025-08-01 09:46:41 AM,7989.0,5,39945.0,462964353.5
2025-08-01 09:46:45 AM,7989.0,8,63912.0,463028265.5
2025-08-01 09:46:49 AM,7989.0,6,47934.0,463076199.5
2025-08-01 09:46:57 AM,7986.0,0,0.0,463076199.5
2025-08-01 09:46:57 AM,7986.0,2,15972.0,463092171.5
2025-08-01 09:46:59 AM,7989.0,20,159780.0,463251951.5
2025-08-01 09:47:00 AM,7987.0,0,0.0,463251951.5
2025-08-01 09:47:01 AM,7987.0,4,31948.0,463283899.5
2025-08-01 09:47:05 AM,7985.5,0,0.0,463283899.5
2025-08-01 09:47:05 AM,7985.5,12,95826.0,463379725.5
2025-08-01 09:47:06 AM,7991.5,0,0.0,463379725.5
2025-08-01 09:47:07 AM,7991.5,24,191796.0,463571521.5
2025-08-01 09:47:13 AM,7992.5,10,79925.0,463651446.5
2025-08-01 09:47:15 AM,7991.0,0,0.0,463651446.5
2025-08-01 09:47:17 AM,7991.0,13,103883.0,463755329.5
2025-08-01 09:47:19 AM,7987.0,4,31948.0,463787277.5
2025-08-01 09:47:24 AM,7990.0,8,63920.0,463851197.5
2025-08-01 09:47:26 AM,7986.5,0,0.0,463851197.5
2025-08-01 09:47:30 AM,7986.0,0,0.0,463851197.5
2025-08-01 09:47:30 AM,7986.0,12,95832.0,463947029.5
2025-08-01 09:47:31 AM,7985.0,0,0.0,463947029.5
2025-08-01 09:47:32 AM,7986.0,6,47916.0,463994945.5
2025-08-01 09:47:34 AM,7987.0,0,0.0,463994945.5
2025-08-01 09:47:36 AM,7987.0,12,95844.0,464090789.5
2025-08-01 09:47:39 AM,7986.5,0,0.0,464090789.5
2025-08-01 09:47:39 AM,7986.5,12,95838.0,464186627.5
2025-08-01 09:47:41 AM,7985.5,0,0.0,464186627.5
2025-08-01 09:47:43 AM,7985.5,18,143739.0,464330366.5
2025-08-01 09:47:46 AM,7986.0,4,31944.0,464362310.5
2025-08-01 09:47:46 AM,7985.5,0,0.0,464362310.5
2025-08-01 09:47:48 AM,7985.0,0,0.0,464362310.5
2025-08-01 09:47:50 AM,7985.0,39,311415.0,464673725.5
2025-08-01 09:47:51 AM,7980.0,0,0.0,464673725.5
2025-08-01 09:47:53 AM,7973.5,254,2025269.0,466698994.5
2025-08-01 09:47:55 AM,7965.0,0,0.0,466698994.5
2025-08-01 09:47:57 AM,7965.0,1404,11182860.0,477881854.5
2025-08-01 09:47:59 AM,7955.0,0,0.0,477881854.5
2025-08-01 09:47:59 AM,7955.0,154,1225070.0,479106924.5
2025-08-01 09:48:03 AM,7955.5,86,684173.0,479791097.5
2025-08-01 09:48:04 AM,7954.5,0,0.0,479791097.5
2025-08-01 09:48:06 AM,7953.5,27,214744.5,480005842.0
2025-08-01 09:48:12 AM,7959.0,0,0.0,480005842.0
2025-08-01 09:48:12 AM,7959.0,15,119385.0,480125227.0
2025-08-01 09:48:16 AM,7959.0,46,366114.0,480491341.0
2025-08-01 09:48:19 AM,7955.5,50,397775.0,480889116.0
2025-08-01 09:48:24 AM,7953.5,0,0.0,480889116.0
2025-08-01 09:48:25 AM,7953.5,101,803303.5,481692419.5
2025-08-01 09:48:29 AM,7953.5,80,636280.0,482328699.5
2025-08-01 09:48:32 AM,7952.0,0,0.0,482328699.5
2025-08-01 09:48:32 AM,7952.0,636,5057472.0,487386171.5
2025-08-01 09:48:32 AM,7956.0,0,0.0,487386171.5
2025-08-01 09:48:35 AM,7956.5,358,2848427.0,490234598.5
2025-08-01 09:48:38 AM,7955.5,13,103421.5,490338020.0
2025-08-01 09:48:40 AM,7959.5,0,0.0,490338020.0
2025-08-01 09:48:42 AM,7959.0,27,214893.0,490552913.0
2025-08-01 09:48:44 AM,7959.5,0,0.0,490552913.0
2025-08-01 09:48:44 AM,7959.5,5,39797.5,490592710.5
2025-08-01 09:48:51 AM,7955.5,98,779639.0,491372349.5
2025-08-01 09:48:56 AM,7961.5,0,0.0,491372349.5
2025-08-01 09:48:57 AM,7961.5,16,127384.0,491499733.5
2025-08-01 09:49:05 AM,7961.5,2,15923.0,491515656.5
2025-08-01 09:49:05 AM,7963.5,2,15927.0,491531583.5
2025-08-01 09:49:07 AM,7961.5,2,15923.0,491547506.5
2025-08-01 09:49:07 AM,7960.0,0,0.0,491547506.5
2025-08-01 09:49:08 AM,7960.0,3,23880.0,491571386.5
2025-08-01 09:49:08 AM,7963.5,2,15927.0,491587313.5
2025-08-01 09:49:09 AM,7965.0,327,2604555.0,494191868.5
2025-08-01 09:49:16 AM,7965.0,3,23895.0,494215763.5
2025-08-01 09:49:16 AM,7969.5,17,135481.5,494351245.0
2025-08-01 09:49:19 AM,7968.5,1,7968.5,494359213.5
2025-08-01 09:49:20 AM,7968.5,5,39842.5,494399056.0
2025-08-01 09:49:22 AM,7970.0,1,7970.0,494407026.0
2025-08-01 09:49:23 AM,7971.0,10,79710.0,494486736.0
2025-08-01 09:49:26 AM,7971.5,0,0.0,494486736.0
2025-08-01 09:49:26 AM,7971.5,5,39857.5,494526593.5
2025-08-01 09:49:29 AM,7968.0,1,7968.0,494534561.5
2025-08-01 09:49:31 AM,7970.0,0,0.0,494534561.5
2025-08-01 09:49:32 AM,7970.0,1,7970.0,494542531.5
2025-08-01 09:49:36 AM,7970.0,4,31880.0,494574411.5
2025-08-01 09:49:37 AM,7970.0,1,7970.0,494582381.5
2025-08-01 09:49:38 AM,7970.0,15,119550.0,494701931.5
2025-08-01 09:49:42 AM,7970.0,1,7970.0,494709901.5
2025-08-01 09:49:42 AM,7968.0,0,0.0,494709901.5
2025-08-01 09:49:43 AM,7968.0,15,119520.0,494829421.5
2025-08-01 09:49:49 AM,7970.0,9,71730.0,494901151.5
2025-08-01 09:49:51 AM,7970.0,3,23910.0,494925061.5
2025-08-01 09:49:55 AM,7970.0,22,175340.0,495100401.5
2025-08-01 09:49:55 AM,7969.5,0,0.0,495100401.5
2025-08-01 09:49:56 AM,7969.5,1,7969.5,495108371.0
2025-08-01 09:49:56 AM,7967.0,0,0.0,495108371.0
2025-08-01 09:49:57 AM,7967.0,3,23901.0,495132272.0
2025-08-01 09:49:57 AM,7968.0,0,0.0,495132272.0
2025-08-01 09:49:58 AM,7968.0,1,7968.0,495140240.0
2025-08-01 09:49:58 AM,7970.0,0,0.0,495140240.0
2025-08-01 09:49:59 AM,7970.0,20,159400.0,495299640.0
2025-08-01 09:50:01 AM,7970.0,4,31880.0,495331520.0
2025-08-01 09:50:02 AM,7969.5,12,95634.0,495427154.0
2025-08-01 09:50:05 AM,7966.0,5,39830.0,495466984.0
2025-08-01 09:50:05 AM,7969.5,5,39847.5,495506831.5
2025-08-01 09:50:11 AM,7966.5,5,39832.5,495546664.0
2025-08-01 09:50:12 AM,7969.5,0,0.0,495546664.0
2025-08-01 09:50:12 AM,7969.5,10,79695.0,495626359.0
2025-08-01 09:50:16 AM,7970.0,9,71730.0,495698089.0
2025-08-01 09:50:30 AM,7970.0,6,47820.0,495745909.0
2025-08-01 09:50:43 AM,7970.0,20,159400.0,495905309.0
2025-08-01 09:50:45 AM,7970.0,4,31880.0,495937189.0
2025-08-01 09:50:51 AM,7966.0,0,0.0,495937189.0
2025-08-01 09:50:51 AM,7966.0,8,63728.0,496000917.0
2025-08-01 09:50:51 AM,7966.5,0,0.0,496000917.0
2025-08-01 09:50:52 AM,7966.5,29,231028.5,496231945.5
2025-08-01 09:50:56 AM,7971.0,10,79710.0,496311655.5
2025-08-01 09:51:01 AM,7971.0,4,31884.0,496343539.5
2025-08-01 09:51:04 AM,7970.5,15,119557.5,496463097.0
2025-08-01 09:51:04 AM,7973.5,32,255152.0,496718249.0
2025-08-01 09:51:08 AM,7973.0,1,7973.0,496726222.0
2025-08-01 09:51:09 AM,7972.5,0,0.0,496726222.0
2025-08-01 09:51:09 AM,7972.5,136,1084260.0,497810482.0
2025-08-01 09:51:15 AM,7976.0,0,0.0,497810482.0
2025-08-01 09:51:16 AM,7976.0,5,39880.0,497850362.0
2025-08-01 09:51:21 AM,7976.0,1,7976.0,497858338.0
2025-08-01 09:51:24 AM,7978.5,0,0.0,497858338.0
2025-08-01 09:51:24 AM,7978.5,20,159570.0,498017908.0
2025-08-01 09:51:25 AM,7979.0,0,0.0,498017908.0
2025-08-01 09:51:26 AM,7979.0,4,31916.0,498049824.0
2025-08-01 09:51:31 AM,7979.0,24,191496.0,498241320.0
2025-08-01 09:51:32 AM,7978.0,25,199450.0,498440770.0
2025-08-01 09:51:34 AM,7980.0,0,0.0,498440770.0
2025-08-01 09:51:34 AM,7980.0,120,957600.0,499398370.0
2025-08-01 09:51:35 AM,7975.5,0,0.0,499398370.0
2025-08-01 09:51:36 AM,7975.5,2,15951.0,499414321.0
2025-08-01 09:51:36 AM,7978.0,8,63824.0,499478145.0
2025-08-01 09:51:40 AM,7976.5,0,0.0,499478145.0
2025-08-01 09:51:41 AM,7976.5,174,1387911.0,500866056.0
2025-08-01 09:51:42 AM,7976.5,10,79765.0,500945821.0
2025-08-01 09:51:45 AM,7975.0,0,0.0,500945821.0
2025-08-01 09:51:46 AM,7975.0,4,31900.0,500977721.0
2025-08-01 09:51:55 AM,7970.0,41,326770.0,501304491.0
2025-08-01 09:51:55 AM,7969.5,0,0.0,501304491.0
2025-08-01 09:51:56 AM,7969.5,4,31878.0,501336369.0
2025-08-01 09:51:57 AM,7976.0,122,973072.0,502309441.0
2025-08-01 09:51:58 AM,7973.5,0,0.0,502309441.0
2025-08-01 09:51:59 AM,7973.5,5,39867.5,502349308.5
2025-08-01 09:52:00 AM,7969.5,60,478170.0,502827478.5
2025-08-01 09:52:01 AM,7973.5,0,0.0,502827478.5
2025-08-01 09:52:01 AM,7973.5,5,39867.5,502867346.0
2025-08-01 09:52:03 AM,7970.5,8,63764.0,502931110.0
2025-08-01 09:52:04 AM,7974.5,0,0.0,502931110.0
2025-08-01 09:52:05 AM,7974.5,25,199362.5,503130472.5
2025-08-01 09:52:05 AM,7975.0,0,0.0,503130472.5
2025-08-01 09:52:06 AM,7975.0,4,31900.0,503162372.5
2025-08-01 09:52:07 AM,7975.0,3,23925.0,503186297.5
2025-08-01 09:52:15 AM,7975.0,4,31900.0,503218197.5
2025-08-01 09:52:23 AM,7972.5,1,7972.5,503226170.0
2025-08-01 09:52:31 AM,7972.5,5,39862.5,503266032.5
2025-08-01 09:52:31 AM,7970.5,2,15941.0,503281973.5
2025-08-01 09:52:35 AM,7970.5,4,31882.0,503313855.5
2025-08-01 09:52:38 AM,7970.5,1,7970.5,503321826.0
2025-08-01 09:52:39 AM,7970.5,4,31882.0,503353708.0
2025-08-01 09:52:42 AM,7970.5,6,47823.0,503401531.0
2025-08-01 09:52:46 AM,7970.5,4,31882.0,503433413.0
2025-08-01 09:52:47 AM,7972.5,1,7972.5,503441385.5
2025-08-01 09:52:49 AM,7970.5,4,31882.0,503473267.5
2025-08-01 09:52:50 AM,7972.5,3,23917.5,503497185.0
2025-08-01 09:52:51 AM,7972.5,4,31890.0,503529075.0
2025-08-01 09:52:51 AM,7970.5,0,0.0,503529075.0
2025-08-01 09:52:52 AM,7970.5,1,7970.5,503537045.5
2025-08-01 09:52:56 AM,7970.5,2,15941.0,503552986.5
2025-08-01 09:52:57 AM,7970.5,5,39852.5,503592839.0
2025-08-01 09:52:59 AM,7972.5,7,55807.5,503648646.5
2025-08-01 09:53:01 AM,7972.5,6,47835.0,503696481.5
2025-08-01 09:53:01 AM,7973.0,0,0.0,503696481.5
2025-08-01 09:53:02 AM,7973.0,12,95676.0,503792157.5
2025-08-01 09:53:02 AM,7971.0,2,15942.0,503808099.5
2025-08-01 09:53:05 AM,7976.0,20,159520.0,503967619.5
2025-08-01 09:53:06 AM,7976.0,1,7976.0,503975595.5
2025-08-01 09:53:07 AM,7971.0,0,0.0,503975595.5
2025-08-01 09:53:08 AM,7971.0,100,797100.0,504772695.5
2025-08-01 09:53:08 AM,7976.0,10,79760.0,504852455.5
2025-08-01 09:53:15 AM,7975.5,3,23926.5,504876382.0
2025-08-01 09:53:20 AM,7971.0,0,0.0,504876382.0
2025-08-01 09:53:20 AM,7971.0,1,7971.0,504884353.0
2025-08-01 09:53:22 AM,7979.5,0,0.0,504884353.0
2025-08-01 09:53:23 AM,7979.5,250,1994875.0,506879228.0
2025-08-01 09:53:29 AM,7971.0,5,39855.0,506919083.0
2025-08-01 09:53:32 AM,7971.0,10,79710.0,506998793.0
2025-08-01 09:53:32 AM,7970.5,0,0.0,506998793.0
2025-08-01 09:53:33 AM,7972.0,0,0.0,506998793.0
2025-08-01 09:53:33 AM,7972.0,41,326852.0,507325645.0
2025-08-01 09:53:37 AM,7970.0,3,23910.0,507349555.0
2025-08-01 09:53:38 AM,7970.0,11,87670.0,507437225.0
2025-08-01 09:53:41 AM,7967.5,0,0.0,507437225.0
2025-08-01 09:53:41 AM,7966.5,81,645286.5,508082511.5
2025-08-01 09:53:44 AM,7966.5,3,23899.5,508106411.0
2025-08-01 09:53:45 AM,7968.5,3,23905.5,508130316.5
2025-08-01 09:53:46 AM,7968.5,5,39842.5,508170159.0
2025-08-01 09:53:46 AM,7968.5,1,7968.5,508178127.5
2025-08-01 09:53:49 AM,7965.0,0,0.0,508178127.5
2025-08-01 09:53:50 AM,7965.0,153,1218645.0,509396772.5
2025-08-01 09:53:51 AM,7972.0,100,797200.0,510193972.5
2025-08-01 09:53:52 AM,7965.5,0,0.0,510193972.5
2025-08-01 09:53:53 AM,7965.5,5,39827.5,510233800.0
2025-08-01 09:53:53 AM,7965.5,1,7965.5,510241765.5
2025-08-01 09:53:55 AM,7965.0,6,47790.0,510289555.5
2025-08-01 09:53:57 AM,7970.5,15,119557.5,510409113.0
2025-08-01 09:53:57 AM,7969.0,0,0.0,510409113.0
2025-08-01 09:53:58 AM,7969.0,1,7969.0,510417082.0
2025-08-01 09:53:58 AM,7965.5,12,95586.0,510512668.0
2025-08-01 09:53:59 AM,7967.0,0,0.0,510512668.0
2025-08-01 09:54:00 AM,7967.0,1,7967.0,510520635.0
2025-08-01 09:54:01 AM,7971.0,0,0.0,510520635.0
2025-08-01 09:54:01 AM,7971.0,200,1594200.0,512114835.0
2025-08-01 09:54:02 AM,7965.0,25,199125.0,512313960.0
2025-08-01 09:54:04 AM,7967.5,3,23902.5,512337862.5
2025-08-01 09:54:05 AM,7971.0,0,0.0,512337862.5
2025-08-01 09:54:06 AM,7971.0,75,597825.0,512935687.5
2025-08-01 09:54:10 AM,7965.0,1,7965.0,512943652.5
2025-08-01 09:54:11 AM,7967.5,1,7967.5,512951620.0
2025-08-01 09:54:13 AM,7965.0,0,0.0,512951620.0
2025-08-01 09:54:14 AM,7965.0,1,7965.0,512959585.0
2025-08-01 09:54:18 AM,7965.0,1,7965.0,512967550.0
2025-08-01 09:54:20 AM,7967.0,0,0.0,512967550.0
2025-08-01 09:54:21 AM,7967.0,4,31868.0,512999418.0
2025-08-01 09:54:26 AM,7965.0,0,0.0,512999418.0
2025-08-01 09:54:26 AM,7965.0,2,15930.0,513015348.0
2025-08-01 09:54:27 AM,7966.0,74,589484.0,513604832.0
2025-08-01 09:54:27 AM,7963.0,3,23889.0,513628721.0
2025-08-01 09:54:29 AM,7965.5,3,23896.5,513652617.5
2025-08-01 09:54:31 AM,7967.0,0,0.0,513652617.5
2025-08-01 09:54:32 AM,7967.0,3,23901.0,513676518.5
2025-08-01 09:54:32 AM,7966.0,0,0.0,513676518.5
2025-08-01 09:54:33 AM,7966.0,103,820498.0,514497016.5
2025-08-01 09:54:35 AM,7969.0,0,0.0,514497016.5
2025-08-01 09:54:36 AM,7969.0,3,23907.0,514520923.5
2025-08-01 09:54:41 AM,7965.0,10,79650.0,514600573.5
2025-08-01 09:54:45 AM,7969.0,0,0.0,514600573.5
2025-08-01 09:54:46 AM,7969.0,10,79690.0,514680263.5
2025-08-01 09:54:51 AM,7969.0,4,31876.0,514712139.5
2025-08-01 09:54:52 AM,7969.0,2,15938.0,514728077.5
2025-08-01 09:54:55 AM,7969.0,31,247039.0,514975116.5
2025-08-01 09:54:56 AM,7969.0,8,63752.0,515038868.5
2025-08-01 09:55:00 AM,7969.0,2,15938.0,515054806.5
2025-08-01 09:55:00 AM,7969.0,1,7969.0,515062775.5
2025-08-01 09:55:01 AM,7969.0,7,55783.0,515118558.5
2025-08-01 09:55:06 AM,7970.0,0,0.0,515118558.5
2025-08-01 09:55:07 AM,7970.0,1,7970.0,515126528.5
2025-08-01 09:55:10 AM,7970.0,2,15940.0,515142468.5
2025-08-01 09:55:16 AM,7970.0,4,31880.0,515174348.5
2025-08-01 09:55:25 AM,7967.5,1,7967.5,515182316.0
2025-08-01 09:55:29 AM,7969.5,7,55786.5,515238102.5
2025-08-01 09:55:31 AM,7969.5,3,23908.5,515262011.0
2025-08-01 09:55:36 AM,7967.0,5,39835.0,515301846.0
2025-08-01 09:55:39 AM,7966.5,5,39832.5,515341678.5
2025-08-01 09:55:40 AM,7969.5,10,79695.0,515421373.5
2025-08-01 09:55:41 AM,7969.5,21,167359.5,515588733.0
2025-08-01 09:55:41 AM,7969.5,5,39847.5,515628580.5
2025-08-01 09:55:43 AM,7967.0,100,796700.0,516425280.5
2025-08-01 09:55:45 AM,7970.0,1,7970.0,516433250.5
2025-08-01 09:55:46 AM,7970.0,6,47820.0,516481070.5
2025-08-01 09:55:49 AM,7968.5,9,71716.5,516552787.0
2025-08-01 09:55:54 AM,7969.0,2,15938.0,516568725.0
2025-08-01 09:55:59 AM,7970.0,0,0.0,516568725.0
2025-08-01 09:55:59 AM,7970.0,1,7970.0,516576695.0
2025-08-01 09:56:00 AM,7970.0,3,23910.0,516600605.0
2025-08-01 09:56:07 AM,7969.0,7,55783.0,516656388.0
2025-08-01 09:56:08 AM,7968.5,0,0.0,516656388.0
2025-08-01 09:56:08 AM,7968.5,15,119527.5,516775915.5
2025-08-01 09:56:11 AM,7969.0,0,0.0,516775915.5
2025-08-01 09:56:11 AM,7969.0,4,31876.0,516807791.5
2025-08-01 09:56:14 AM,7969.0,3,23907.0,516831698.5
2025-08-01 09:56:15 AM,7970.0,0,0.0,516831698.5
2025-08-01 09:56:15 AM,7970.0,22,175340.0,517007038.5
2025-08-01 09:56:16 AM,7970.0,4,31880.0,517038918.5
2025-08-01 09:56:17 AM,7968.0,25,199200.0,517238118.5
2025-08-01 09:56:21 AM,7967.5,0,0.0,517238118.5
2025-08-01 09:56:21 AM,7971.0,184,1466664.0,518704782.5
2025-08-01 09:56:33 AM,7974.0,1,7974.0,518712756.5
2025-08-01 09:56:35 AM,7974.0,15,119610.0,518832366.5
2025-08-01 09:56:35 AM,7975.0,156,1244100.0,520076466.5
2025-08-01 09:56:36 AM,7975.0,7,55825.0,520132291.5
2025-08-01 09:56:38 AM,7978.0,0,0.0,520132291.5
2025-08-01 09:56:38 AM,7978.0,2,15956.0,520148247.5
2025-08-01 09:56:39 AM,7974.5,0,0.0,520148247.5
2025-08-01 09:56:39 AM,7974.5,10,79745.0,520227992.5
2025-08-01 09:56:44 AM,7978.0,0,0.0,520227992.5
2025-08-01 09:56:44 AM,7978.0,10,79780.0,520307772.5
2025-08-01 09:56:46 AM,7978.0,4,31912.0,520339684.5
2025-08-01 09:56:51 AM,7975.0,16,127600.0,520467284.5
2025-08-01 09:56:52 AM,7977.5,0,0.0,520467284.5
2025-08-01 09:56:52 AM,7977.5,5,39887.5,520507172.0
2025-08-01 09:56:53 AM,7976.5,0,0.0,520507172.0
2025-08-01 09:56:53 AM,7976.5,5,39882.5,520547054.5
2025-08-01 09:56:56 AM,7976.5,3,23929.5,520570984.0
2025-08-01 09:56:57 AM,7975.0,1,7975.0,520578959.0
2025-08-01 09:57:03 AM,7975.0,10,79750.0,520658709.0
2025-08-01 09:57:06 AM,7976.5,0,0.0,520658709.0
2025-08-01 09:57:06 AM,7976.5,4,31906.0,520690615.0
2025-08-01 09:57:11 AM,7976.5,8,63812.0,520754427.0
2025-08-01 09:57:12 AM,7976.5,1,7976.5,520762403.5
2025-08-01 09:57:16 AM,7976.5,6,47859.0,520810262.5
2025-08-01 09:57:16 AM,7973.5,12,95682.0,520905944.5
2025-08-01 09:57:26 AM,7973.5,5,39867.5,520945812.0
2025-08-01 09:57:30 AM,7973.5,9,71761.5,521017573.5
2025-08-01 09:57:34 AM,7974.5,6,47847.0,521065420.5
2025-08-01 09:57:36 AM,7975.5,0,0.0,521065420.5
2025-08-01 09:57:36 AM,7975.5,5,39877.5,521105298.0
2025-08-01 09:57:41 AM,7973.5,0,0.0,521105298.0
2025-08-01 09:57:41 AM,7973.5,1,7973.5,521113271.5
2025-08-01 09:57:41 AM,7973.0,4,31892.0,521145163.5
2025-08-01 09:57:44 AM,7973.0,4,31892.0,521177055.5
2025-08-01 09:57:48 AM,7973.0,6,47838.0,521224893.5
2025-08-01 09:57:49 AM,7973.0,5,39865.0,521264758.5
2025-08-01 09:57:50 AM,7975.0,3,23925.0,521288683.5
2025-08-01 09:57:51 AM,7973.5,0,0.0,521288683.5
2025-08-01 09:57:51 AM,7973.5,6,47841.0,521336524.5
2025-08-01 09:57:52 AM,7973.5,1,7973.5,521344498.0
2025-08-01 09:57:55 AM,7973.0,7,55811.0,521400309.0
2025-08-01 09:58:00 AM,7973.0,5,39865.0,521440174.0
2025-08-01 09:58:02 AM,7973.5,50,398675.0,521838849.0
2025-08-01 09:58:03 AM,7972.0,24,191328.0,522030177.0
2025-08-01 09:58:05 AM,7972.5,0,0.0,522030177.0
2025-08-01 09:58:05 AM,7972.5,1,7972.5,522038149.5
2025-08-01 09:58:06 AM,7971.5,0,0.0,522038149.5
2025-08-01 09:58:06 AM,7971.5,56,446404.0,522484553.5
2025-08-01 09:58:07 AM,7970.0,5,39850.0,522524403.5
2025-08-01 09:58:08 AM,7970.0,1,7970.0,522532373.5
2025-08-01 09:58:11 AM,7968.0,5,39840.0,522572213.5
2025-08-01 09:58:16 AM,7967.0,0,0.0,522572213.5
2025-08-01 09:58:16 AM,7967.0,5,39835.0,522612048.5
2025-08-01 09:58:17 AM,7968.0,0,0.0,522612048.5
2025-08-01 09:58:17 AM,7968.0,1,7968.0,522620016.5
2025-08-01 09:58:19 AM,7966.5,7,55765.5,522675782.0
2025-08-01 09:58:22 AM,7967.0,4,31868.0,522707650.0
2025-08-01 09:58:26 AM,7967.0,10,79670.0,522787320.0
2025-08-01 09:58:28 AM,7967.0,2,15934.0,522803254.0
2025-08-01 09:58:29 AM,7967.0,7,55769.0,522859023.0
2025-08-01 09:58:29 AM,7971.0,14,111594.0,522970617.0
2025-08-01 09:58:31 AM,7971.0,3,23913.0,522994530.0
2025-08-01 09:58:38 AM,7967.0,1,7967.0,523002497.0
2025-08-01 09:58:44 AM,7966.5,0,0.0,523002497.0
2025-08-01 09:58:44 AM,7966.5,7,55765.5,523058262.5
2025-08-01 09:58:45 AM,7970.5,0,0.0,523058262.5
2025-08-01 09:58:45 AM,7970.5,7,55793.5,523114056.0
2025-08-01 09:58:46 AM,7970.5,4,31882.0,523145938.0
2025-08-01 09:58:51 AM,7966.0,0,0.0,523145938.0
2025-08-01 09:58:51 AM,7966.0,55,438130.0,523584068.0
2025-08-01 09:58:54 AM,7970.0,1,7970.0,523592038.0
2025-08-01 09:58:55 AM,7966.0,82,653212.0,524245250.0
2025-08-01 09:58:57 AM,7966.0,6,47796.0,524293046.0
2025-08-01 09:59:01 AM,7966.0,50,398300.0,524691346.0
2025-08-01 09:59:02 AM,7968.5,0,0.0,524691346.0
2025-08-01 09:59:02 AM,7968.5,1,7968.5,524699314.5
2025-08-01 09:59:03 AM,7971.0,50,398550.0,525097864.5
2025-08-01 09:59:05 AM,7966.0,30,238980.0,525336844.5
2025-08-01 09:59:06 AM,7969.0,0,0.0,525336844.5
2025-08-01 09:59:06 AM,7969.0,3,23907.0,525360751.5
2025-08-01 09:59:11 AM,7966.0,11,87626.0,525448377.5
2025-08-01 09:59:15 AM,7971.5,56,446404.0,525894781.5
2025-08-01 09:59:16 AM,7971.0,0,0.0,525894781.5
2025-08-01 09:59:16 AM,7971.0,4,31884.0,525926665.5
2025-08-01 09:59:23 AM,7970.5,0,0.0,525926665.5
2025-08-01 09:59:23 AM,7970.5,1,7970.5,525934636.0
2025-08-01 09:59:25 AM,7968.0,2,15936.0,525950572.0
2025-08-01 09:59:27 AM,7970.5,0,0.0,525950572.0
2025-08-01 09:59:27 AM,7970.5,3,23911.5,525974483.5
2025-08-01 09:59:28 AM,7970.5,10,79705.0,526054188.5
2025-08-01 09:59:31 AM,7970.5,4,31882.0,526086070.5
2025-08-01 09:59:38 AM,7970.5,1,7970.5,526094041.0
2025-08-01 09:59:43 AM,7969.5,4,31878.0,526125919.0
2025-08-01 09:59:45 AM,7969.0,4,31876.0,526157795.0
2025-08-01 09:59:46 AM,7970.5,10,79705.0,526237500.0
2025-08-01 09:59:51 AM,7970.5,9,71734.5,526309234.5
2025-08-01 09:59:53 AM,7969.0,4,31876.0,526341110.5
2025-08-01 09:59:56 AM,7969.0,4,31876.0,526372986.5
2025-08-01 10:00:03 AM,7968.0,47,374496.0,526747482.5
2025-08-01 10:00:05 AM,7968.0,5,39840.0,526787322.5
2025-08-01 10:00:09 AM,7968.0,12,95616.0,526882938.5
2025-08-01 10:00:12 AM,7968.0,64,509952.0,527392890.5
2025-08-01 10:00:16 AM,7968.0,22,175296.0,527568186.5
2025-08-01 10:00:22 AM,7969.0,12,95628.0,527663814.5
2025-08-01 10:00:25 AM,7967.5,5,39837.5,527703652.0
2025-08-01 10:00:28 AM,7969.0,12,95628.0,527799280.0
2025-08-01 10:00:30 AM,7966.5,0,0.0,527799280.0
2025-08-01 10:00:31 AM,7966.5,11,87631.5,527886911.5
2025-08-01 10:00:34 AM,7966.5,8,63732.0,527950643.5
2025-08-01 10:00:36 AM,7969.0,0,0.0,527950643.5
2025-08-01 10:00:38 AM,7969.0,4,31876.0,527982519.5
2025-08-01 10:00:44 AM,7968.0,15,119520.0,528102039.5
2025-08-01 10:00:47 AM,7968.0,11,87648.0,528189687.5
2025-08-01 10:00:50 AM,7968.0,3,23904.0,528213591.5
2025-08-01 10:00:53 AM,7966.5,0,0.0,528213591.5
2025-08-01 10:00:53 AM,7966.5,9,71698.5,528285290.0
2025-08-01 10:00:57 AM,7967.0,3,23901.0,528309191.0
2025-08-01 10:00:59 AM,7969.0,0,0.0,528309191.0
2025-08-01 10:01:00 AM,7968.0,43,342624.0,528651815.0
2025-08-01 10:01:03 AM,7970.0,14,111580.0,528763395.0
2025-08-01 10:01:06 AM,7973.5,9,71761.5,528835156.5
2025-08-01 10:01:09 AM,7969.5,14,111573.0,528946729.5
2025-08-01 10:01:10 AM,7969.0,0,0.0,528946729.5
2025-08-01 10:01:12 AM,7969.0,8,63752.0,529010481.5
2025-08-01 10:01:16 AM,7969.0,11,87659.0,529098140.5
2025-08-01 10:01:19 AM,7975.0,103,821425.0,529919565.5
2025-08-01 10:01:21 AM,7975.5,0,0.0,529919565.5
2025-08-01 10:01:22 AM,7975.5,4,31902.0,529951467.5
2025-08-01 10:01:28 AM,7973.5,0,0.0,529951467.5
2025-08-01 10:01:28 AM,7973.5,20,159470.0,530110937.5
2025-08-01 10:01:31 AM,7973.5,1,7973.5,530118911.0
2025-08-01 10:01:34 AM,7973.5,1,7973.5,530126884.5
2025-08-01 10:01:37 AM,7973.5,7,55814.5,530182699.0
2025-08-01 10:01:43 AM,7973.5,7,55814.5,530238513.5
2025-08-01 10:01:45 AM,7975.0,0,0.0,530238513.5
2025-08-01 10:01:47 AM,7975.0,6,47850.0,530286363.5
2025-08-01 10:01:48 AM,7973.5,0,0.0,530286363.5
2025-08-01 10:01:49 AM,7973.5,9,71761.5,530358125.0
2025-08-01 10:01:52 AM,7975.0,0,0.0,530358125.0
2025-08-01 10:01:53 AM,7975.0,1,7975.0,530366100.0
2025-08-01 10:01:56 AM,7973.5,0,0.0,530366100.0
2025-08-01 10:01:59 AM,7975.0,13,103675.0,530469775.0
2025-08-01 10:02:01 AM,7975.5,0,0.0,530469775.0
2025-08-01 10:02:01 AM,7975.5,34,271167.0,530740942.0
2025-08-01 10:02:05 AM,7978.0,0,0.0,530740942.0
2025-08-01 10:02:05 AM,7976.5,308,2456762.0,533197704.0
2025-08-01 10:02:06 AM,7978.0,0,0.0,533197704.0
2025-08-01 10:02:07 AM,7976.5,5,39882.5,533237586.5
2025-08-01 10:02:12 AM,7976.5,148,1180522.0,534418108.5
2025-08-01 10:02:12 AM,7979.5,0,0.0,534418108.5
2025-08-01 10:02:13 AM,7979.5,12,95754.0,534513862.5
2025-08-01 10:02:15 AM,7976.5,0,0.0,534513862.5
2025-08-01 10:02:18 AM,7976.5,5,39882.5,534553745.0
2025-08-01 10:02:21 AM,7979.0,0,0.0,534553745.0
2025-08-01 10:02:24 AM,7979.0,3,23937.0,534577682.0
2025-08-01 10:02:29 AM,7979.5,0,0.0,534577682.0
2025-08-01 10:02:30 AM,7982.0,0,0.0,534577682.0
2025-08-01 10:02:31 AM,7980.0,682,5442360.0,540020042.0
2025-08-01 10:02:33 AM,7985.0,0,0.0,540020042.0
2025-08-01 10:02:37 AM,7985.0,52,415220.0,540435262.0
2025-08-01 10:02:38 AM,7984.0,0,0.0,540435262.0
2025-08-01 10:02:38 AM,7984.0,19,151696.0,540586958.0
2025-08-01 10:02:42 AM,7983.5,0,0.0,540586958.0
2025-08-01 10:02:43 AM,7983.5,4,31934.0,540618892.0
2025-08-01 10:02:45 AM,7985.0,30,239550.0,540858442.0
2025-08-01 10:02:47 AM,7984.0,0,0.0,540858442.0
2025-08-01 10:02:50 AM,7984.0,3,23952.0,540882394.0
2025-08-01 10:02:59 AM,7985.0,0,0.0,540882394.0
2025-08-01 10:02:59 AM,7981.0,0,0.0,540882394.0
2025-08-01 10:03:02 AM,7981.0,54,430974.0,541313368.0
2025-08-01 10:03:04 AM,7981.0,2,15962.0,541329330.0
2025-08-01 10:03:07 AM,7986.5,0,0.0,541329330.0
2025-08-01 10:03:08 AM,7986.5,575,4592237.5,545921567.5
2025-08-01 10:03:16 AM,7983.5,0,0.0,545921567.5
2025-08-01 10:03:17 AM,7981.0,27,215487.0,546137054.5
2025-08-01 10:03:20 AM,7983.5,0,0.0,546137054.5
2025-08-01 10:03:22 AM,7983.5,22,175637.0,546312691.5
2025-08-01 10:03:24 AM,7983.5,6,47901.0,546360592.5
2025-08-01 10:03:35 AM,7983.5,9,71851.5,546432444.0
2025-08-01 10:03:47 AM,7986.0,0,0.0,546432444.0
2025-08-01 10:03:47 AM,7981.5,47,375130.5,546807574.5
2025-08-01 10:03:53 AM,7981.5,3,23944.5,546831519.0
2025-08-01 10:03:59 AM,7983.5,0,0.0,546831519.0
2025-08-01 10:03:59 AM,7983.5,12,95802.0,546927321.0
2025-08-01 10:04:01 AM,7983.5,3,23950.5,546951271.5
2025-08-01 10:04:03 AM,7985.5,0,0.0,546951271.5
2025-08-01 10:04:06 AM,7985.5,20,159710.0,547110981.5
2025-08-01 10:04:11 AM,7983.5,0,0.0,547110981.5
2025-08-01 10:04:12 AM,7983.5,7,55884.5,547166866.0
2025-08-01 10:04:14 AM,7983.5,6,47901.0,547214767.0
2025-08-01 10:04:18 AM,7983.5,6,47901.0,547262668.0
2025-08-01 10:04:23 AM,7982.0,0,0.0,547262668.0
2025-08-01 10:04:24 AM,7985.0,48,383280.0,547645948.0
2025-08-01 10:04:36 AM,7986.5,0,0.0,547645948.0
2025-08-01 10:04:37 AM,7986.5,11,87851.5,547733799.5
2025-08-01 10:04:39 AM,7984.5,59,471085.5,548204885.0
2025-08-01 10:04:51 AM,7984.5,10,79845.0,548284730.0
2025-08-01 10:04:56 AM,7986.5,6,47919.0,548332649.0
2025-08-01 10:04:58 AM,7984.5,0,0.0,548332649.0
2025-08-01 10:04:58 AM,7984.5,1,7984.5,548340633.5
2025-08-01 10:05:04 AM,7984.5,12,95814.0,548436447.5
2025-08-01 10:05:07 AM,7986.5,0,0.0,548436447.5
2025-08-01 10:05:08 AM,7986.5,7,55905.5,548492353.0
2025-08-01 10:05:16 AM,7986.0,0,0.0,548492353.0
2025-08-01 10:05:16 AM,7986.5,0,0.0,548492353.0
2025-08-01 10:05:16 AM,7986.5,21,167716.5,548660069.5
2025-08-01 10:05:20 AM,7987.0,0,0.0,548660069.5
2025-08-01 10:05:20 AM,7986.5,82,654893.0,549314962.5
2025-08-01 10:05:26 AM,7985.0,7,55895.0,549370857.5
2025-08-01 10:05:32 AM,7984.5,0,0.0,549370857.5
2025-08-01 10:05:33 AM,7984.5,8,63876.0,549434733.5
2025-08-01 10:05:34 AM,7986.0,0,0.0,549434733.5
2025-08-01 10:05:35 AM,7985.0,9,71865.0,549506598.5
2025-08-01 10:05:38 AM,7986.0,0,0.0,549506598.5
2025-08-01 10:05:39 AM,7986.0,2,15972.0,549522570.5
2025-08-01 10:05:41 AM,7984.5,0,0.0,549522570.5
2025-08-01 10:05:41 AM,7984.5,1,7984.5,549530555.0
2025-08-01 10:05:43 AM,7986.0,0,0.0,549530555.0
2025-08-01 10:05:45 AM,7986.0,12,95832.0,549626387.0
2025-08-01 10:05:47 AM,7986.0,11,87846.0,549714233.0
2025-08-01 10:05:49 AM,7984.5,0,0.0,549714233.0
2025-08-01 10:05:51 AM,7987.0,63,503181.0,550217414.0
2025-08-01 10:05:57 AM,7987.0,18,143766.0,550361180.0
2025-08-01 10:05:59 AM,7984.5,0,0.0,550361180.0
2025-08-01 10:05:59 AM,7984.5,16,127752.0,550488932.0
2025-08-01 10:06:03 AM,7986.5,1,7986.5,550496918.5
2025-08-01 10:06:05 AM,7984.5,0,0.0,550496918.5
2025-08-01 10:06:05 AM,7984.5,10,79845.0,550576763.5
2025-08-01 10:06:09 AM,7986.0,0,0.0,550576763.5
2025-08-01 10:06:09 AM,7986.0,8,63888.0,550640651.5
2025-08-01 10:06:09 AM,7984.5,0,0.0,550640651.5
2025-08-01 10:06:11 AM,7984.5,4,31938.0,550672589.5
2025-08-01 10:06:14 AM,7984.5,6,47907.0,550720496.5
2025-08-01 10:06:20 AM,7983.0,245,1955835.0,552676331.5
2025-08-01 10:06:21 AM,7983.5,0,0.0,552676331.5
2025-08-01 10:06:23 AM,7980.0,79,630420.0,553306751.5
2025-08-01 10:06:25 AM,7978.0,0,0.0,553306751.5
2025-08-01 10:06:26 AM,7978.0,1,7978.0,553314729.5
2025-08-01 10:06:32 AM,7978.0,4,31912.0,553346641.5
2025-08-01 10:06:34 AM,7980.0,75,598500.0,553945141.5
2025-08-01 10:06:38 AM,7978.0,17,135626.0,554080767.5
2025-08-01 10:06:43 AM,7975.5,0,0.0,554080767.5
2025-08-01 10:06:44 AM,7975.5,4,31902.0,554112669.5
2025-08-01 10:06:46 AM,7975.5,5,39877.5,554152547.0
2025-08-01 10:06:50 AM,7977.0,7,55839.0,554208386.0
2025-08-01 10:06:57 AM,7978.0,11,87758.0,554296144.0
2025-08-01 10:06:58 AM,7980.0,0,0.0,554296144.0
2025-08-01 10:06:59 AM,7980.0,192,1532160.0,555828304.0
2025-08-01 10:07:00 AM,7985.0,68,542980.0,556371284.0
2025-08-01 10:07:03 AM,7989.0,459,3666951.0,560038235.0
2025-08-01 10:07:05 AM,7986.0,2,15972.0,560054207.0
2025-08-01 10:07:10 AM,7987.5,0,0.0,560054207.0
2025-08-01 10:07:10 AM,7987.5,10,79875.0,560134082.0
2025-08-01 10:07:13 AM,7985.5,0,0.0,560134082.0
2025-08-01 10:07:13 AM,7985.5,5,39927.5,560174009.5
2025-08-01 10:07:20 AM,7989.0,0,0.0,560174009.5
2025-08-01 10:07:20 AM,7989.0,213,1701657.0,561875666.5
2025-08-01 10:07:21 AM,7989.0,5,39945.0,561915611.5
2025-08-01 10:07:25 AM,7986.0,30,239580.0,562155191.5
2025-08-01 10:07:28 AM,7989.0,121,966669.0,563121860.5
2025-08-01 10:07:31 AM,7985.5,0,0.0,563121860.5
2025-08-01 10:07:31 AM,7985.5,53,423231.5,563545092.0
2025-08-01 10:07:32 AM,7989.0,0,0.0,563545092.0
2025-08-01 10:07:32 AM,7989.0,2,15978.0,563561070.0
2025-08-01 10:07:35 AM,7989.0,10,79890.0,563640960.0
2025-08-01 10:07:35 AM,7986.0,3,23958.0,563664918.0
2025-08-01 10:07:36 AM,7985.5,0,0.0,563664918.0
2025-08-01 10:07:36 AM,7985.5,14,111797.0,563776715.0
2025-08-01 10:07:37 AM,7989.0,0,0.0,563776715.0
2025-08-01 10:07:37 AM,7989.0,10,79890.0,563856605.0
2025-08-01 10:07:38 AM,7989.0,62,495318.0,564351923.0
2025-08-01 10:07:38 AM,7990.0,154,1230460.0,565582383.0
2025-08-01 10:07:39 AM,7989.0,0,0.0,565582383.0
2025-08-01 10:07:39 AM,7988.5,14,111839.0,565694222.0
2025-08-01 10:07:39 AM,7992.0,5,39960.0,565734182.0
2025-08-01 10:07:42 AM,7995.0,251,2006745.0,567740927.0
2025-08-01 10:07:46 AM,7994.0,0,0.0,567740927.0
2025-08-01 10:07:46 AM,7994.0,3,23982.0,567764909.0
2025-08-01 10:07:51 AM,7993.0,0,0.0,567764909.0
2025-08-01 10:07:51 AM,7993.0,12,95916.0,567860825.0
2025-08-01 10:07:51 AM,7992.5,3,23977.5,567884802.5
2025-08-01 10:07:52 AM,7989.0,0,0.0,567884802.5
2025-08-01 10:07:52 AM,7989.0,7,55923.0,567940725.5
2025-08-01 10:07:53 AM,7988.5,2,15977.0,567956702.5
2025-08-01 10:07:54 AM,7993.0,0,0.0,567956702.5
2025-08-01 10:07:54 AM,7993.0,10,79930.0,568036632.5
2025-08-01 10:07:59 AM,7986.5,5,39932.5,568076565.0
2025-08-01 10:08:04 AM,7992.5,0,0.0,568076565.0
2025-08-01 10:08:05 AM,7988.5,0,0.0,568076565.0
2025-08-01 10:08:05 AM,7988.5,84,671034.0,568747599.0
2025-08-01 10:08:06 AM,7992.0,20,159840.0,568907439.0
2025-08-01 10:08:13 AM,7988.0,4,31952.0,568939391.0
2025-08-01 10:08:14 AM,7992.5,0,0.0,568939391.0
2025-08-01 10:08:17 AM,7990.0,5,39950.0,568979341.0
2025-08-01 10:08:22 AM,7987.5,0,0.0,568979341.0
2025-08-01 10:08:23 AM,7987.5,1,7987.5,568987328.5
2025-08-01 10:08:31 AM,7989.0,0,0.0,568987328.5
2025-08-01 10:08:31 AM,7989.0,1,7989.0,568995317.5
2025-08-01 10:08:35 AM,7990.0,23,183770.0,569179087.5
2025-08-01 10:08:37 AM,7990.0,4,31960.0,569211047.5
2025-08-01 10:08:39 AM,7992.0,0,0.0,569211047.5
2025-08-01 10:08:41 AM,7992.5,77,615422.5,569826470.0
2025-08-01 10:08:42 AM,7990.0,0,0.0,569826470.0
2025-08-01 10:08:43 AM,7990.0,10,79900.0,569906370.0
2025-08-01 10:08:47 AM,7990.0,6,47940.0,569954310.0
2025-08-01 10:08:59 AM,7989.0,88,703032.0,570657342.0
2025-08-01 10:09:06 AM,7992.0,0,0.0,570657342.0
2025-08-01 10:09:07 AM,7992.0,3,23976.0,570681318.0
2025-08-01 10:09:11 AM,7992.0,3,23976.0,570705294.0
2025-08-01 10:09:13 AM,7995.0,0,0.0,570705294.0
2025-08-01 10:09:13 AM,7995.0,60,479700.0,571184994.0
2025-08-01 10:09:15 AM,7992.0,0,0.0,571184994.0
2025-08-01 10:09:17 AM,7995.0,24,191880.0,571376874.0
2025-08-01 10:09:19 AM,7988.5,0,0.0,571376874.0
2025-08-01 10:09:19 AM,7988.5,251,2005113.5,573381987.5
2025-08-01 10:09:21 AM,7995.0,0,0.0,573381987.5
2025-08-01 10:09:23 AM,7995.0,5,39975.0,573421962.5
2025-08-01 10:09:25 AM,7995.0,12,95940.0,573517902.5
2025-08-01 10:09:29 AM,7995.0,2,15990.0,573533892.5
2025-08-01 10:09:31 AM,7994.5,0,0.0,573533892.5
2025-08-01 10:09:31 AM,7994.5,3,23983.5,573557876.0
2025-08-01 10:09:33 AM,8007.0,0,0.0,573557876.0
2025-08-01 10:09:34 AM,8003.5,1857,14862499.5,588420375.5
2025-08-01 10:09:36 AM,8002.5,0,0.0,588420375.5
2025-08-01 10:09:36 AM,8002.5,82,656205.0,589076580.5
2025-08-01 10:09:37 AM,8003.0,0,0.0,589076580.5
2025-08-01 10:09:40 AM,8007.0,0,0.0,589076580.5
2025-08-01 10:09:40 AM,8007.0,41,328287.0,589404867.5
2025-08-01 10:09:42 AM,8007.0,53,424371.0,589829238.5
2025-08-01 10:09:45 AM,8009.0,0,0.0,589829238.5
2025-08-01 10:09:46 AM,8009.0,200,1601800.0,591431038.5
2025-08-01 10:09:47 AM,8008.5,0,0.0,591431038.5
2025-08-01 10:09:48 AM,8008.5,7,56059.5,591487098.0
2025-08-01 10:09:51 AM,8006.0,0,0.0,591487098.0
2025-08-01 10:09:52 AM,8009.0,0,0.0,591487098.0
2025-08-01 10:09:52 AM,8009.0,843,6751587.0,598238685.0
2025-08-01 10:09:53 AM,8007.0,16,128112.0,598366797.0
2025-08-01 10:09:57 AM,8005.5,0,0.0,598366797.0
2025-08-01 10:09:57 AM,8002.5,399,3192997.5,601559794.5
2025-08-01 10:09:59 AM,8002.5,3,24007.5,601583802.0
2025-08-01 10:10:00 AM,8004.5,0,0.0,601583802.0
2025-08-01 10:10:01 AM,8003.5,0,0.0,601583802.0
2025-08-01 10:10:03 AM,8002.0,0,0.0,601583802.0
2025-08-01 10:10:03 AM,8002.0,150,1200300.0,602784102.0
2025-08-01 10:10:05 AM,8008.5,0,0.0,602784102.0
2025-08-01 10:10:05 AM,8008.5,625,5005312.5,607789414.5
2025-08-01 10:10:07 AM,8003.0,0,0.0,607789414.5
2025-08-01 10:10:08 AM,8007.0,0,0.0,607789414.5
2025-08-01 10:10:09 AM,8006.0,727,5820362.0,613609776.5
2025-08-01 10:10:10 AM,8002.0,0,0.0,613609776.5
2025-08-01 10:10:11 AM,8005.5,77,616423.5,614226200.0
2025-08-01 10:10:13 AM,8002.0,0,0.0,614226200.0
2025-08-01 10:10:14 AM,8005.0,0,0.0,614226200.0
2025-08-01 10:10:15 AM,8005.0,209,1673045.0,615899245.0
2025-08-01 10:10:17 AM,8002.0,0,0.0,615899245.0
2025-08-01 10:10:17 AM,8005.5,40,320220.0,616219465.0
2025-08-01 10:10:20 AM,8006.0,0,0.0,616219465.0
2025-08-01 10:10:20 AM,8005.0,156,1248780.0,617468245.0
2025-08-01 10:10:22 AM,8006.0,22,176132.0,617644377.0
2025-08-01 10:10:26 AM,8005.0,30,240150.0,617884527.0
2025-08-01 10:10:27 AM,8006.0,0,0.0,617884527.0
2025-08-01 10:10:28 AM,8007.0,0,0.0,617884527.0
2025-08-01 10:10:28 AM,8008.0,150,1201200.0,619085727.0
2025-08-01 10:10:30 AM,8005.0,0,0.0,619085727.0
2025-08-01 10:10:33 AM,8016.0,574,4601184.0,623686911.0
2025-08-01 10:10:34 AM,8019.0,9,72171.0,623759082.0
2025-08-01 10:10:36 AM,8018.0,0,0.0,623759082.0
2025-08-01 10:10:39 AM,8016.0,0,0.0,623759082.0
2025-08-01 10:10:39 AM,8016.0,211,1691376.0,625450458.0
2025-08-01 10:10:40 AM,8019.5,7,56136.5,625506594.5
2025-08-01 10:10:42 AM,8022.5,0,0.0,625506594.5
2025-08-01 10:10:43 AM,8018.0,0,0.0,625506594.5
2025-08-01 10:10:45 AM,8016.5,0,0.0,625506594.5
2025-08-01 10:10:45 AM,8016.5,550,4409075.0,629915669.5
2025-08-01 10:10:46 AM,8016.5,117,937930.5,630853600.0
2025-08-01 10:10:48 AM,8020.5,0,0.0,630853600.0
2025-08-01 10:10:49 AM,8018.5,0,0.0,630853600.0
2025-08-01 10:10:51 AM,8016.5,0,0.0,630853600.0
2025-08-01 10:10:51 AM,8016.5,403,3230649.5,634084249.5
2025-08-01 10:10:52 AM,8019.0,208,1667952.0,635752201.5
2025-08-01 10:10:54 AM,8020.0,0,0.0,635752201.5
2025-08-01 10:10:57 AM,8017.0,625,5010625.0,640762826.5
2025-08-01 10:10:58 AM,8016.0,58,464928.0,641227754.5
2025-08-01 10:11:01 AM,8018.5,0,0.0,641227754.5
2025-08-01 10:11:01 AM,8018.5,93,745720.5,641973475.0
2025-08-01 10:11:02 AM,8016.0,0,0.0,641973475.0
2025-08-01 10:11:02 AM,8016.0,99,793584.0,642767059.0
2025-08-01 10:11:03 AM,8017.0,0,0.0,642767059.0
2025-08-01 10:11:03 AM,8017.0,21,168357.0,642935416.0
2025-08-01 10:11:04 AM,8018.0,0,0.0,642935416.0
2025-08-01 10:11:04 AM,8017.0,121,970057.0,643905473.0
2025-08-01 10:11:06 AM,8009.5,0,0.0,643905473.0
2025-08-01 10:11:06 AM,8009.5,1667,13351836.5,657257309.5
2025-08-01 10:11:07 AM,8011.5,0,0.0,657257309.5
2025-08-01 10:11:07 AM,8011.5,50,400575.0,657657884.5
2025-08-01 10:11:08 AM,8011.5,5,40057.5,657697942.0
2025-08-01 10:11:09 AM,8012.0,0,0.0,657697942.0
2025-08-01 10:11:09 AM,8012.0,19,152228.0,657850170.0
2025-08-01 10:11:10 AM,8012.0,50,400600.0,658250770.0
2025-08-01 10:11:13 AM,8012.0,3,24036.0,658274806.0
2025-08-01 10:11:14 AM,8010.5,56,448588.0,658723394.0
2025-08-01 10:11:16 AM,8012.0,2,16024.0,658739418.0
2025-08-01 10:11:17 AM,8011.0,5,40055.0,658779473.0
2025-08-01 10:11:17 AM,8012.0,1,8012.0,658787485.0
2025-08-01 10:11:18 AM,8015.0,40,320600.0,659108085.0
2025-08-01 10:11:18 AM,8015.0,21,168315.0,659276400.0
2025-08-01 10:11:21 AM,8012.0,0,0.0,659276400.0
2025-08-01 10:11:21 AM,8012.0,6,48072.0,659324472.0
2025-08-01 10:11:24 AM,8015.0,0,0.0,659324472.0
2025-08-01 10:11:24 AM,8015.0,11,88165.0,659412637.0
2025-08-01 10:11:25 AM,8010.0,0,0.0,659412637.0
2025-08-01 10:11:25 AM,8010.0,120,961200.0,660373837.0
2025-08-01 10:11:26 AM,8014.5,0,0.0,660373837.0
2025-08-01 10:11:26 AM,8014.5,5,40072.5,660413909.5
2025-08-01 10:11:27 AM,8014.0,0,0.0,660413909.5
2025-08-01 10:11:27 AM,8014.0,10,80140.0,660494049.5
2025-08-01 10:11:33 AM,8014.5,8,64116.0,660558165.5
2025-08-01 10:11:34 AM,8015.0,0,0.0,660558165.5
2025-08-01 10:11:34 AM,8015.0,25,200375.0,660758540.5
2025-08-01 10:11:36 AM,8014.5,0,0.0,660758540.5
2025-08-01 10:11:36 AM,8014.5,1,8014.5,660766555.0
2025-08-01 10:11:37 AM,8015.0,0,0.0,660766555.0
2025-08-01 10:11:37 AM,8014.5,0,0.0,660766555.0
2025-08-01 10:11:37 AM,8014.5,11,88159.5,660854714.5
2025-08-01 10:11:38 AM,8015.0,0,0.0,660854714.5
2025-08-01 10:11:38 AM,8015.0,54,432810.0,661287524.5
2025-08-01 10:11:42 AM,8015.0,5,40075.0,661327599.5
2025-08-01 10:11:43 AM,8015.0,13,104195.0,661431794.5
2025-08-01 10:11:44 AM,8014.0,0,0.0,661431794.5
2025-08-01 10:11:44 AM,8015.0,102,817530.0,662249324.5
2025-08-01 10:11:45 AM,8015.0,5,40075.0,662289399.5
2025-08-01 10:11:47 AM,8016.5,1,8016.5,662297416.0
2025-08-01 10:11:49 AM,8018.5,0,0.0,662297416.0
2025-08-01 10:11:49 AM,8018.5,25,200462.5,662497878.5
2025-08-01 10:11:49 AM,8015.0,72,577080.0,663074958.5
2025-08-01 10:11:50 AM,8018.5,6,48111.0,663123069.5
2025-08-01 10:11:51 AM,8018.5,3,24055.5,663147125.0
2025-08-01 10:11:53 AM,8018.5,2,16037.0,663163162.0
2025-08-01 10:11:54 AM,8018.5,13,104240.5,663267402.5
2025-08-01 10:11:56 AM,8018.0,0,0.0,663267402.5
2025-08-01 10:11:56 AM,8018.0,2,16036.0,663283438.5
2025-08-01 10:11:58 AM,8018.5,0,0.0,663283438.5
2025-08-01 10:11:58 AM,8018.5,70,561295.0,663844733.5
2025-08-01 10:12:00 AM,8018.0,3,24054.0,663868787.5
2025-08-01 10:12:01 AM,8014.5,0,0.0,663868787.5
2025-08-01 10:12:02 AM,8015.0,0,0.0,663868787.5
2025-08-01 10:12:02 AM,8015.0,21,168315.0,664037102.5
2025-08-01 10:12:05 AM,8016.5,0,0.0,664037102.5
2025-08-01 10:12:05 AM,8016.5,302,2420983.0,666458085.5
2025-08-01 10:12:07 AM,8018.0,1,8018.0,666466103.5
2025-08-01 10:12:08 AM,8016.0,0,0.0,666466103.5
2025-08-01 10:12:08 AM,8016.0,5,40080.0,666506183.5
2025-08-01 10:12:09 AM,8019.5,1,8019.5,666514203.0
2025-08-01 10:12:11 AM,8016.0,0,0.0,666514203.0
2025-08-01 10:12:11 AM,8016.0,9,72144.0,666586347.0
2025-08-01 10:12:12 AM,8020.0,0,0.0,666586347.0
2025-08-01 10:12:12 AM,8019.0,0,0.0,666586347.0
2025-08-01 10:12:12 AM,8019.0,85,681615.0,667267962.0
2025-08-01 10:12:14 AM,8020.0,106,850120.0,668118082.0
2025-08-01 10:12:15 AM,8019.0,10,80190.0,668198272.0
2025-08-01 10:12:17 AM,8019.0,5,40095.0,668238367.0
2025-08-01 10:12:21 AM,8020.0,0,0.0,668238367.0
2025-08-01 10:12:21 AM,8020.0,6,48120.0,668286487.0
2025-08-01 10:12:23 AM,8019.0,107,858033.0,669144520.0
2025-08-01 10:12:24 AM,8020.0,0,0.0,669144520.0
2025-08-01 10:12:25 AM,8020.0,26,208520.0,669353040.0
2025-08-01 10:12:27 AM,8020.0,63,505260.0,669858300.0
2025-08-01 10:12:28 AM,8020.0,27,216540.0,670074840.0
2025-08-01 10:12:29 AM,8024.0,21,168504.0,670243344.0
2025-08-01 10:12:30 AM,8021.5,0,0.0,670243344.0
2025-08-01 10:12:30 AM,8022.0,6,48132.0,670291476.0
2025-08-01 10:12:35 AM,8024.0,0,0.0,670291476.0
2025-08-01 10:12:36 AM,8024.0,10,80240.0,670371716.0
2025-08-01 10:12:36 AM,8025.0,60,481500.0,670853216.0
2025-08-01 10:12:38 AM,8025.0,90,722250.0,671575466.0
2025-08-01 10:12:38 AM,8026.0,0,0.0,671575466.0
2025-08-01 10:12:39 AM,8025.5,76,609938.0,672185404.0
2025-08-01 10:12:40 AM,8027.5,51,409402.5,672594806.5
2025-08-01 10:12:41 AM,8028.0,0,0.0,672594806.5
2025-08-01 10:12:41 AM,8028.0,38,305064.0,672899870.5
2025-08-01 10:12:42 AM,8028.0,5,40140.0,672940010.5
2025-08-01 10:12:43 AM,8028.0,5,40140.0,672980150.5
2025-08-01 10:12:44 AM,8029.0,0,0.0,672980150.5
2025-08-01 10:12:44 AM,8029.0,25,200725.0,673180875.5
2025-08-01 10:12:45 AM,8030.0,0,0.0,673180875.5
2025-08-01 10:12:45 AM,8026.5,217,1741750.5,674922626.0
2025-08-01 10:12:46 AM,8025.5,0,0.0,674922626.0
2025-08-01 10:12:46 AM,8028.0,15,120420.0,675043046.0
2025-08-01 10:12:47 AM,8028.0,3,24084.0,675067130.0
2025-08-01 10:12:48 AM,8029.0,1,8029.0,675075159.0
2025-08-01 10:12:49 AM,8029.0,15,120435.0,675195594.0
2025-08-01 10:12:50 AM,8028.0,0,0.0,675195594.0
2025-08-01 10:12:50 AM,8030.0,5,40150.0,675235744.0
2025-08-01 10:12:51 AM,8028.0,0,0.0,675235744.0
2025-08-01 10:12:51 AM,8028.0,11,88308.0,675324052.0
2025-08-01 10:12:52 AM,8025.0,213,1709325.0,677033377.0
2025-08-01 10:12:55 AM,8024.0,0,0.0,677033377.0
2025-08-01 10:12:55 AM,8024.0,112,898688.0,677932065.0
2025-08-01 10:12:57 AM,8023.0,0,0.0,677932065.0
2025-08-01 10:12:57 AM,8023.0,69,553587.0,678485652.0
2025-08-01 10:12:58 AM,8020.0,0,0.0,678485652.0
2025-08-01 10:12:58 AM,8020.0,75,601500.0,679087152.0
2025-08-01 10:12:59 AM,8023.0,0,0.0,679087152.0
2025-08-01 10:12:59 AM,8020.0,120,962400.0,680049552.0
2025-08-01 10:12:59 AM,8023.5,100,802350.0,680851902.0
2025-08-01 10:13:00 AM,8020.0,111,890220.0,681742122.0
2025-08-01 10:13:01 AM,8021.5,5,40107.5,681782229.5
2025-08-01 10:13:02 AM,8021.5,16,128344.0,681910573.5
2025-08-01 10:13:04 AM,8020.5,0,0.0,681910573.5
2025-08-01 10:13:04 AM,8020.5,23,184471.5,682095045.0
2025-08-01 10:13:05 AM,8021.5,0,0.0,682095045.0
2025-08-01 10:13:05 AM,8021.5,41,328881.5,682423926.5
2025-08-01 10:13:06 AM,8020.5,0,0.0,682423926.5
2025-08-01 10:13:06 AM,8020.5,2,16041.0,682439967.5
2025-08-01 10:13:06 AM,8020.5,10,80205.0,682520172.5
2025-08-01 10:13:07 AM,8018.0,161,1290898.0,683811070.5
2025-08-01 10:13:08 AM,8017.0,0,0.0,683811070.5
2025-08-01 10:13:08 AM,8017.0,4,32068.0,683843138.5
2025-08-01 10:13:11 AM,8019.5,100,801950.0,684645088.5
2025-08-01 10:13:12 AM,8017.0,1,8017.0,684653105.5
2025-08-01 10:13:13 AM,8015.0,0,0.0,684653105.5
2025-08-01 10:13:13 AM,8018.0,55,440990.0,685094095.5
2025-08-01 10:13:15 AM,8015.0,0,0.0,685094095.5
2025-08-01 10:13:15 AM,8015.0,6,48090.0,685142185.5
2025-08-01 10:13:16 AM,8018.5,38,304703.0,685446888.5
2025-08-01 10:13:18 AM,8019.5,0,0.0,685446888.5
2025-08-01 10:13:18 AM,8019.5,7,56136.5,685503025.0
2025-08-01 10:13:19 AM,8018.5,0,0.0,685503025.0
2025-08-01 10:13:20 AM,8022.5,8,64180.0,685567205.0
2025-08-01 10:13:20 AM,8023.5,0,0.0,685567205.0
2025-08-01 10:13:21 AM,8023.5,5,40117.5,685607322.5
2025-08-01 10:13:24 AM,8023.5,6,48141.0,685655463.5
2025-08-01 10:13:24 AM,8019.5,100,801950.0,686457413.5
2025-08-01 10:13:26 AM,8023.5,0,0.0,686457413.5
2025-08-01 10:13:26 AM,8023.5,2,16047.0,686473460.5
2025-08-01 10:13:27 AM,8023.5,20,160470.0,686633930.5
2025-08-01 10:13:29 AM,8023.5,117,938749.5,687572680.0
2025-08-01 10:13:30 AM,8022.5,20,160450.0,687733130.0
2025-08-01 10:13:32 AM,8028.0,200,1605600.0,689338730.0
2025-08-01 10:13:32 AM,8023.5,3,24070.5,689362800.5
2025-08-01 10:13:33 AM,8021.0,0,0.0,689362800.5
2025-08-01 10:13:33 AM,8021.0,15,120315.0,689483115.5
2025-08-01 10:13:33 AM,8021.5,0,0.0,689483115.5
2025-08-01 10:13:33 AM,8014.5,451,3614539.5,693097655.0
2025-08-01 10:13:34 AM,8014.0,0,0.0,693097655.0
2025-08-01 10:13:34 AM,8014.0,1,8014.0,693105669.0
2025-08-01 10:13:34 AM,8010.0,122,977220.0,694082889.0
2025-08-01 10:13:36 AM,8010.0,21,168210.0,694251099.0
2025-08-01 10:13:37 AM,8013.5,1,8013.5,694259112.5
2025-08-01 10:13:39 AM,8013.5,20,160270.0,694419382.5
2025-08-01 10:13:40 AM,8013.5,1,8013.5,694427396.0
2025-08-01 10:13:41 AM,8013.5,5,40067.5,694467463.5
2025-08-01 10:13:43 AM,8013.5,7,56094.5,694523558.0
2025-08-01 10:13:45 AM,8015.0,18,144270.0,694667828.0
2025-08-01 10:13:45 AM,8016.0,0,0.0,694667828.0
2025-08-01 10:13:45 AM,8016.0,3,24048.0,694691876.0
2025-08-01 10:13:46 AM,8015.0,37,296555.0,694988431.0
2025-08-01 10:13:47 AM,8010.0,0,0.0,694988431.0
2025-08-01 10:13:47 AM,8010.0,17,136170.0,695124601.0
2025-08-01 10:13:49 AM,8016.0,0,0.0,695124601.0
2025-08-01 10:13:49 AM,8016.0,1,8016.0,695132617.0
2025-08-01 10:13:50 AM,8018.0,0,0.0,695132617.0
2025-08-01 10:13:50 AM,8018.0,10,80180.0,695212797.0
2025-08-01 10:13:51 AM,8013.5,10,80135.0,695292932.0
2025-08-01 10:13:51 AM,8014.0,25,200350.0,695493282.0
2025-08-01 10:13:55 AM,8018.0,7,56126.0,695549408.0
2025-08-01 10:14:00 AM,8014.5,40,320580.0,695869988.0
2025-08-01 10:14:03 AM,8018.0,0,0.0,695869988.0
2025-08-01 10:14:04 AM,8018.0,87,697566.0,696567554.0
2025-08-01 10:14:04 AM,8018.5,5,40092.5,696607646.5
2025-08-01 10:14:09 AM,8018.0,0,0.0,696607646.5
2025-08-01 10:14:09 AM,8018.0,250,2004500.0,698612146.5
2025-08-01 10:14:10 AM,8017.0,51,408867.0,699021013.5
2025-08-01 10:14:12 AM,8016.0,0,0.0,699021013.5
2025-08-01 10:14:15 AM,8019.0,0,0.0,699021013.5
2025-08-01 10:14:15 AM,8019.0,153,1226907.0,700247920.5
2025-08-01 10:14:16 AM,8018.0,11,88198.0,700336118.5
2025-08-01 10:14:21 AM,8018.0,12,96216.0,700432334.5
2025-08-01 10:14:27 AM,8018.0,4,32072.0,700464406.5
2025-08-01 10:14:27 AM,8018.0,2,16036.0,700480442.5
2025-08-01 10:14:32 AM,8018.0,8,64144.0,700544586.5
2025-08-01 10:14:33 AM,8018.5,13,104240.5,700648827.0
2025-08-01 10:14:36 AM,8014.5,0,0.0,700648827.0
2025-08-01 10:14:38 AM,8014.5,249,1995610.5,702644437.5
2025-08-01 10:14:39 AM,8018.5,60,481110.0,703125547.5
2025-08-01 10:14:43 AM,8016.0,0,0.0,703125547.5
2025-08-01 10:14:44 AM,8016.5,7,56115.5,703181663.0
2025-08-01 10:14:45 AM,8018.0,53,424954.0,703606617.0
2025-08-01 10:14:50 AM,8018.5,0,0.0,703606617.0
2025-08-01 10:14:50 AM,8018.5,10,80185.0,703686802.0
2025-08-01 10:14:51 AM,8018.5,2,16037.0,703702839.0
2025-08-01 10:14:52 AM,8018.0,0,0.0,703702839.0
2025-08-01 10:14:54 AM,8020.0,0,0.0,703702839.0
2025-08-01 10:14:56 AM,8026.0,0,0.0,703702839.0
2025-08-01 10:14:56 AM,8026.0,352,2825152.0,706527991.0
2025-08-01 10:14:57 AM,8029.0,10,80290.0,706608281.0
2025-08-01 10:14:58 AM,8032.5,0,0.0,706608281.0
2025-08-01 10:15:01 AM,8028.0,205,1645740.0,708254021.0
2025-08-01 10:15:02 AM,8041.0,0,0.0,708254021.0
2025-08-01 10:15:02 AM,8041.0,900,7236900.0,715490921.0
2025-08-01 10:15:03 AM,8040.5,10,80405.0,715571326.0
2025-08-01 10:15:05 AM,8042.0,0,0.0,715571326.0
2025-08-01 10:15:05 AM,8040.0,4,32160.0,715603486.0
2025-08-01 10:15:07 AM,8038.5,0,0.0,715603486.0
2025-08-01 10:15:07 AM,8038.5,15,120577.5,715724063.5
2025-08-01 10:15:07 AM,8042.5,30,241275.0,715965338.5
2025-08-01 10:15:10 AM,8039.5,0,0.0,715965338.5
2025-08-01 10:15:10 AM,8039.5,86,691397.0,716656735.5
2025-08-01 10:15:11 AM,8044.5,0,0.0,716656735.5
2025-08-01 10:15:11 AM,8044.5,7,56311.5,716713047.0
2025-08-01 10:15:13 AM,8041.0,0,0.0,716713047.0
2025-08-01 10:15:13 AM,8039.5,142,1141609.0,717854656.0
2025-08-01 10:15:14 AM,8040.5,0,0.0,717854656.0
2025-08-01 10:15:14 AM,8040.5,13,104526.5,717959182.5
2025-08-01 10:15:15 AM,8041.0,0,0.0,717959182.5
2025-08-01 10:15:15 AM,8041.0,10,80410.0,718039592.5
2025-08-01 10:15:16 AM,8043.5,0,0.0,718039592.5
2025-08-01 10:15:16 AM,8038.0,0,0.0,718039592.5
2025-08-01 10:15:16 AM,8040.0,131,1053240.0,719092832.5
2025-08-01 10:15:17 AM,8040.0,2,16080.0,719108912.5
2025-08-01 10:15:18 AM,8038.5,60,482310.0,719591222.5
2025-08-01 10:15:19 AM,8040.0,7,56280.0,719647502.5
2025-08-01 10:15:20 AM,8039.5,0,0.0,719647502.5
2025-08-01 10:15:21 AM,8040.0,0,0.0,719647502.5
2025-08-01 10:15:21 AM,8040.0,143,1149720.0,720797222.5
2025-08-01 10:15:22 AM,8040.0,16,128640.0,720925862.5
2025-08-01 10:15:24 AM,8040.5,0,0.0,720925862.5
2025-08-01 10:15:24 AM,8040.5,36,289458.0,721215320.5
2025-08-01 10:15:26 AM,8043.0,0,0.0,721215320.5
2025-08-01 10:15:26 AM,8043.0,6,48258.0,721263578.5
2025-08-01 10:15:27 AM,8040.0,0,0.0,721263578.5
2025-08-01 10:15:27 AM,8040.0,11,88440.0,721352018.5
2025-08-01 10:15:27 AM,8043.0,7,56301.0,721408319.5
2025-08-01 10:15:28 AM,8043.0,5,40215.0,721448534.5
2025-08-01 10:15:29 AM,8040.0,5,40200.0,721488734.5
2025-08-01 10:15:30 AM,8043.5,6,48261.0,721536995.5
2025-08-01 10:15:31 AM,8043.5,3,24130.5,721561126.0
2025-08-01 10:15:31 AM,8040.0,2,16080.0,721577206.0
2025-08-01 10:15:32 AM,8040.0,5,40200.0,721617406.0
2025-08-01 10:15:33 AM,8041.0,32,257312.0,721874718.0
2025-08-01 10:15:35 AM,8040.0,0,0.0,721874718.0
2025-08-01 10:15:35 AM,8040.0,8,64320.0,721939038.0
2025-08-01 10:15:35 AM,8041.0,0,0.0,721939038.0
2025-08-01 10:15:36 AM,8043.0,0,0.0,721939038.0
2025-08-01 10:15:36 AM,8043.0,32,257376.0,722196414.0
2025-08-01 10:15:37 AM,8040.0,0,0.0,722196414.0
2025-08-01 10:15:37 AM,8040.0,6,48240.0,722244654.0
2025-08-01 10:15:39 AM,8040.0,9,72360.0,722317014.0
2025-08-01 10:15:40 AM,8040.5,0,0.0,722317014.0
2025-08-01 10:15:40 AM,8040.5,154,1238237.0,723555251.0
2025-08-01 10:15:42 AM,8043.0,264,2123352.0,725678603.0
2025-08-01 10:15:44 AM,8040.0,0,0.0,725678603.0
2025-08-01 10:15:44 AM,8043.0,130,1045590.0,726724193.0
2025-08-01 10:15:44 AM,8043.0,25,201075.0,726925268.0
2025-08-01 10:15:45 AM,8040.0,0,0.0,726925268.0
2025-08-01 10:15:45 AM,8043.0,0,0.0,726925268.0
2025-08-01 10:15:45 AM,8043.0,5,40215.0,726965483.0
2025-08-01 10:15:45 AM,8040.5,3,24121.5,726989604.5
2025-08-01 10:15:46 AM,8040.0,2,16080.0,727005684.5
2025-08-01 10:15:47 AM,8040.5,2,16081.0,727021765.5
2025-08-01 10:15:48 AM,8040.5,11,88445.5,727110211.0
2025-08-01 10:15:50 AM,8040.5,2,16081.0,727126292.0
2025-08-01 10:15:54 AM,8040.0,0,0.0,727126292.0
2025-08-01 10:15:54 AM,8040.0,12,96480.0,727222772.0
2025-08-01 10:15:56 AM,8040.5,0,0.0,727222772.0
2025-08-01 10:15:56 AM,8040.5,6,48243.0,727271015.0
2025-08-01 10:15:56 AM,8040.5,128,1029184.0,728300199.0
2025-08-01 10:15:57 AM,8041.0,41,329681.0,728629880.0
2025-08-01 10:15:58 AM,8041.5,0,0.0,728629880.0
2025-08-01 10:15:58 AM,8043.0,0,0.0,728629880.0
2025-08-01 10:15:58 AM,8043.0,3,24129.0,728654009.0
2025-08-01 10:15:59 AM,8041.5,1,8041.5,728662050.5
2025-08-01 10:16:02 AM,8043.0,0,0.0,728662050.5
2025-08-01 10:16:05 AM,8041.5,0,0.0,728662050.5
2025-08-01 10:16:06 AM,8043.0,0,0.0,728662050.5
