date,price,qty,trnvr,cum_trnvr
2025-08-01 09:15:07 AM,1142.0,374,427108.0,427108.0
2025-08-01 09:15:07 AM,1142.4,0,0.0,427108.0
2025-08-01 09:15:09 AM,1146.2,203,232678.6,659786.6
2025-08-01 09:15:15 AM,1147.0,0,0.0,659786.6
2025-08-01 09:15:16 AM,1144.9,0,0.0,659786.6
2025-08-01 09:15:19 AM,1144.9,155,177459.5,837246.1
2025-08-01 09:15:24 AM,1146.0,0,0.0,837246.1
2025-08-01 09:15:28 AM,1146.0,55,63030.0,900276.1
2025-08-01 09:15:30 AM,1143.8,0,0.0,900276.1
2025-08-01 09:15:35 AM,1143.5,0,0.0,900276.1
2025-08-01 09:15:36 AM,1143.5,20,22870.0,923146.1
2025-08-01 09:15:38 AM,1140.3,9,10262.699999999999,933408.7999999999
2025-08-01 09:15:46 AM,1142.6,1,1142.6,934551.3999999999
2025-08-01 09:15:51 AM,1142.5,0,0.0,934551.3999999999
2025-08-01 09:15:53 AM,1142.5,3,3427.5,937978.8999999999
2025-08-01 09:16:03 AM,1142.4,218,249043.2,1187022.0999999999
2025-08-01 09:16:09 AM,1139.5,22,25069.0,1212091.0999999999
2025-08-01 09:16:10 AM,1138.2,0,0.0,1212091.0999999999
2025-08-01 09:16:11 AM,1138.2,22,25040.4,1237131.4999999998
2025-08-01 09:16:13 AM,1141.0,0,0.0,1237131.4999999998
2025-08-01 09:16:17 AM,1138.2,12,13658.400000000001,1250789.8999999997
2025-08-01 09:16:31 AM,1137.5,0,0.0,1250789.8999999997
2025-08-01 09:16:34 AM,1137.5,48,54600.0,1305389.8999999997
2025-08-01 09:16:35 AM,1137.3,12,13647.599999999999,1319037.4999999998
2025-08-01 09:16:53 AM,1138.2,0,0.0,1319037.4999999998
2025-08-01 09:16:59 AM,1138.2,9,10243.800000000001,1329281.2999999998
2025-08-01 09:17:00 AM,1138.5,4,4554.0,1333835.2999999998
2025-08-01 09:17:07 AM,1138.5,5,5692.5,1339527.7999999998
2025-08-01 09:17:26 AM,1137.0,0,0.0,1339527.7999999998
2025-08-01 09:17:32 AM,1137.0,100,113700.0,1453227.7999999998
2025-08-01 09:18:13 AM,1140.5,94,107207.0,1560434.7999999998
2025-08-01 09:18:34 AM,1142.0,0,0.0,1560434.7999999998
2025-08-01 09:18:38 AM,1142.0,1,1142.0,1561576.7999999998
2025-08-01 09:18:54 AM,1142.2,8,9137.6,1570714.4
2025-08-01 09:18:55 AM,1142.0,40,45680.0,1616394.4
2025-08-01 09:20:06 AM,1142.0,100,114200.0,1730594.4
2025-08-01 09:20:13 AM,1143.3,0,0.0,1730594.4
2025-08-01 09:20:14 AM,1143.3,1,1143.3,1731737.7
2025-08-01 09:20:27 AM,1142.2,0,0.0,1731737.7
2025-08-01 09:20:30 AM,1142.2,1,1142.2,1732879.9
2025-08-01 09:20:38 AM,1143.4,9,10290.6,1743170.5
2025-08-01 09:20:54 AM,1143.4,5,5717.0,1748887.5
2025-08-01 09:20:58 AM,1143.1,0,0.0,1748887.5
2025-08-01 09:21:01 AM,1141.0,180,205380.0,1954267.5
2025-08-01 09:21:33 AM,1142.2,0,0.0,1954267.5
2025-08-01 09:21:34 AM,1142.2,2,2284.4,1956551.9
2025-08-01 09:21:51 AM,1141.1,0,0.0,1956551.9
2025-08-01 09:21:54 AM,1140.8,0,0.0,1956551.9
2025-08-01 09:21:56 AM,1140.8,31,35364.799999999996,1991916.7
2025-08-01 09:22:18 AM,1140.1,37,42183.7,2034100.4
2025-08-01 09:22:22 AM,1139.3,0,0.0,2034100.4
2025-08-01 09:22:26 AM,1139.9,140,159586.0,2193686.4
2025-08-01 09:22:29 AM,1139.0,0,0.0,2193686.4
2025-08-01 09:22:34 AM,1139.0,2,2278.0,2195964.4
2025-08-01 09:22:34 AM,1138.0,0,0.0,2195964.4
2025-08-01 09:22:35 AM,1138.0,34,38692.0,2234656.4
2025-08-01 09:22:37 AM,1138.2,0,0.0,2234656.4
2025-08-01 09:22:41 AM,1138.2,1,1138.2,2235794.6
2025-08-01 09:23:14 AM,1136.0,0,0.0,2235794.6
2025-08-01 09:23:19 AM,1136.0,107,121552.0,2357346.6
2025-08-01 09:23:44 AM,1134.4,74,83945.6,2441292.2
2025-08-01 09:23:54 AM,1132.2,0,0.0,2441292.2
2025-08-01 09:23:57 AM,1133.1,57,64586.7,2505878.9000000004
2025-08-01 09:24:57 AM,1133.3,0,0.0,2505878.9000000004
2025-08-01 09:24:58 AM,1133.3,24,27199.199999999997,2533078.1000000006
2025-08-01 09:25:42 AM,1133.2,0,0.0,2533078.1000000006
2025-08-01 09:25:43 AM,1133.2,5,5666.0,2538744.1000000006
2025-08-01 09:26:29 AM,1133.1,4,4532.4,2543276.5000000005
2025-08-01 09:27:02 AM,1134.0,0,0.0,2543276.5000000005
2025-08-01 09:27:07 AM,1133.3,39,44198.7,2587475.2000000007
2025-08-01 09:27:23 AM,1133.5,1,1133.5,2588608.7000000007
2025-08-01 09:27:36 AM,1134.8,5,5674.0,2594282.7000000007
2025-08-01 09:27:49 AM,1134.6,0,0.0,2594282.7000000007
2025-08-01 09:27:51 AM,1134.6,12,13615.199999999999,2607897.900000001
2025-08-01 09:28:07 AM,1134.6,3,3403.7999999999997,2611301.7000000007
2025-08-01 09:28:12 AM,1135.3,0,0.0,2611301.7000000007
2025-08-01 09:28:15 AM,1135.3,201,228195.3,2839497.0000000005
2025-08-01 09:28:38 AM,1133.7,94,106567.8,2946064.8000000003
2025-08-01 09:28:44 AM,1134.1,0,0.0,2946064.8000000003
2025-08-01 09:28:45 AM,1134.1,5,5670.5,2951735.3000000003
2025-08-01 09:28:54 AM,1134.3,27,30626.1,2982361.4000000004
2025-08-01 09:29:02 AM,1134.3,6,6805.799999999999,2989167.2
2025-08-01 09:29:08 AM,1133.0,235,266255.0,3255422.2
2025-08-01 09:29:17 AM,1133.8,52,58957.6,3314379.8000000003
2025-08-01 09:29:25 AM,1133.8,5,5669.0,3320048.8000000003
2025-08-01 09:29:31 AM,1133.8,3,3401.3999999999996,3323450.2
2025-08-01 09:29:33 AM,1133.2,0,0.0,3323450.2
2025-08-01 09:29:38 AM,1133.2,5,5666.0,3329116.2
2025-08-01 09:29:53 AM,1134.7,50,56735.0,3385851.2
2025-08-01 09:30:06 AM,1134.9,0,0.0,3385851.2
2025-08-01 09:30:08 AM,1134.9,35,39721.5,3425572.7
2025-08-01 09:30:20 AM,1133.0,0,0.0,3425572.7
2025-08-01 09:30:24 AM,1132.7,90,101943.0,3527515.7
2025-08-01 09:30:45 AM,1133.1,10,11331.0,3538846.7
2025-08-01 09:31:29 AM,1134.4,0,0.0,3538846.7
2025-08-01 09:31:30 AM,1134.4,161,182638.40000000002,3721485.1
2025-08-01 09:31:33 AM,1135.2,0,0.0,3721485.1
2025-08-01 09:31:37 AM,1135.2,1,1135.2,3722620.3000000003
2025-08-01 09:32:12 AM,1135.2,5,5676.0,3728296.3000000003
2025-08-01 09:32:31 AM,1134.6,0,0.0,3728296.3000000003
2025-08-01 09:32:33 AM,1135.2,10,11352.0,3739648.3000000003
2025-08-01 09:32:37 AM,1135.3,0,0.0,3739648.3000000003
2025-08-01 09:32:39 AM,1135.3,11,12488.3,3752136.6
2025-08-01 09:32:49 AM,1135.6,0,0.0,3752136.6
2025-08-01 09:32:54 AM,1135.6,1,1135.6,3753272.2
2025-08-01 09:33:00 AM,1135.6,5,5678.0,3758950.2
2025-08-01 09:33:07 AM,1135.5,0,0.0,3758950.2
2025-08-01 09:33:07 AM,1135.5,12,13626.0,3772576.2
2025-08-01 09:33:38 AM,1135.0,0,0.0,3772576.2
2025-08-01 09:33:42 AM,1135.0,244,276940.0,4049516.2
2025-08-01 09:33:57 AM,1136.0,0,0.0,4049516.2
2025-08-01 09:34:03 AM,1136.0,18,20448.0,4069964.2
2025-08-01 09:34:27 AM,1135.4,0,0.0,4069964.2
2025-08-01 09:34:31 AM,1135.4,2,2270.8,4072235.0
2025-08-01 09:34:42 AM,1135.1,0,0.0,4072235.0
2025-08-01 09:34:45 AM,1135.1,1,1135.1,4073370.1
2025-08-01 09:34:52 AM,1135.0,57,64695.0,4138065.1
2025-08-01 09:34:59 AM,1135.0,1,1135.0,4139200.1
2025-08-01 09:35:54 AM,1135.8,2,2271.6,4141471.7
2025-08-01 09:38:08 AM,1134.3,90,102087.0,4243558.7
2025-08-01 09:38:12 AM,1134.0,0,0.0,4243558.7
2025-08-01 09:38:15 AM,1134.0,228,258552.0,4502110.7
2025-08-01 09:38:24 AM,1132.9,0,0.0,4502110.7
2025-08-01 09:38:29 AM,1132.9,9,10196.1,4512306.8
2025-08-01 09:38:37 AM,1133.2,0,0.0,4512306.8
2025-08-01 09:38:42 AM,1133.2,124,140516.80000000002,4652823.6
2025-08-01 09:39:17 AM,1134.0,0,0.0,4652823.6
2025-08-01 09:39:22 AM,1134.0,9,10206.0,4663029.6
2025-08-01 09:39:27 AM,1133.1,0,0.0,4663029.6
2025-08-01 09:39:29 AM,1133.1,1,1133.1,4664162.699999999
2025-08-01 09:39:36 AM,1133.1,4,4532.4,4668695.1
2025-08-01 09:40:17 AM,1133.3,0,0.0,4668695.1
2025-08-01 09:40:21 AM,1133.3,19,21532.7,4690227.8
2025-08-01 09:40:55 AM,1133.1,0,0.0,4690227.8
2025-08-01 09:41:01 AM,1133.1,1,1133.1,4691360.899999999
2025-08-01 09:42:07 AM,1133.1,16,18129.6,4709490.499999999
2025-08-01 09:42:33 AM,1132.2,0,0.0,4709490.499999999
2025-08-01 09:42:33 AM,1132.2,2,2264.4,4711754.899999999
2025-08-01 09:42:41 AM,1132.0,0,0.0,4711754.899999999
2025-08-01 09:42:41 AM,1132.0,50,56600.0,4768354.899999999
2025-08-01 09:42:46 AM,1132.0,340,384880.0,5153234.899999999
2025-08-01 09:42:52 AM,1133.0,0,0.0,5153234.899999999
2025-08-01 09:42:52 AM,1133.0,33,37389.0,5190623.899999999
2025-08-01 09:43:05 AM,1132.3,0,0.0,5190623.899999999
2025-08-01 09:43:05 AM,1132.3,1,1132.3,5191756.199999999
2025-08-01 09:43:40 AM,1133.0,60,67980.0,5259736.199999999
2025-08-01 09:43:58 AM,1133.0,4,4532.0,5264268.199999999
2025-08-01 09:44:44 AM,1132.4,117,132490.80000000002,5396758.999999999
2025-08-01 09:44:47 AM,1132.0,0,0.0,5396758.999999999
2025-08-01 09:44:50 AM,1132.0,5,5660.0,5402418.999999999
2025-08-01 09:44:57 AM,1132.7,2,2265.4,5404684.399999999
2025-08-01 09:47:03 AM,1132.8,0,0.0,5404684.399999999
2025-08-01 09:47:05 AM,1132.8,10,11328.0,5416012.399999999
2025-08-01 09:48:23 AM,1132.8,1,1132.8,5417145.199999999
2025-08-01 09:48:29 AM,1132.9,9,10196.1,5427341.299999999
2025-08-01 09:49:14 AM,1132.9,7,7930.300000000001,5435271.599999999
2025-08-01 09:49:20 AM,1134.0,0,0.0,5435271.599999999
2025-08-01 09:49:20 AM,1134.0,1,1134.0,5436405.599999999
2025-08-01 09:49:57 AM,1133.0,0,0.0,5436405.599999999
2025-08-01 09:49:58 AM,1133.0,53,60049.0,5496454.599999999
2025-08-01 09:53:29 AM,1133.0,3,3399.0,5499853.599999999
2025-08-01 09:53:34 AM,1133.6,0,0.0,5499853.599999999
2025-08-01 09:53:35 AM,1133.6,2,2267.2,5502120.799999999
2025-08-01 09:53:46 AM,1134.3,0,0.0,5502120.799999999
2025-08-01 09:53:48 AM,1134.3,10,11343.0,5513463.799999999
2025-08-01 09:54:16 AM,1133.6,0,0.0,5513463.799999999
2025-08-01 09:54:19 AM,1133.6,1,1133.6,5514597.3999999985
2025-08-01 09:54:25 AM,1134.1,0,0.0,5514597.3999999985
2025-08-01 09:54:26 AM,1134.1,3,3402.2999999999997,5517999.699999998
2025-08-01 09:54:26 AM,1133.6,38,43076.799999999996,5561076.499999998
2025-08-01 09:54:32 AM,1133.0,11,12463.0,5573539.499999998
2025-08-01 09:55:25 AM,1133.0,22,24926.0,5598465.499999998
2025-08-01 09:56:04 AM,1132.1,0,0.0,5598465.499999998
2025-08-01 09:56:07 AM,1132.1,1,1132.1,5599597.599999998
2025-08-01 09:56:40 AM,1131.7,0,0.0,5599597.599999998
2025-08-01 09:56:41 AM,1132.1,0,0.0,5599597.599999998
2025-08-01 09:56:43 AM,1131.8,583,659839.4,6259436.999999998
2025-08-01 09:56:46 AM,1131.1,0,0.0,6259436.999999998
2025-08-01 09:56:49 AM,1131.1,252,285037.19999999995,6544474.199999998
2025-08-01 09:56:51 AM,1130.0,0,0.0,6544474.199999998
2025-08-01 09:56:54 AM,1131.1,0,0.0,6544474.199999998
2025-08-01 09:56:55 AM,1131.1,191,216040.09999999998,6760514.299999998
2025-08-01 09:56:57 AM,1131.1,3,3393.2999999999997,6763907.599999998
2025-08-01 09:57:03 AM,1131.6,0,0.0,6763907.599999998
2025-08-01 09:57:07 AM,1131.6,26,29421.6,6793329.199999997
2025-08-01 09:57:13 AM,1131.6,8,9052.8,6802381.999999997
2025-08-01 09:57:24 AM,1131.6,25,28289.999999999996,6830671.999999997
2025-08-01 09:57:54 AM,1132.4,28,31707.200000000004,6862379.199999997
2025-08-01 09:58:46 AM,1133.9,667,756311.3,7618690.499999997
2025-08-01 09:58:48 AM,1134.0,0,0.0,7618690.499999997
2025-08-01 09:58:49 AM,1134.0,30,34020.0,7652710.499999997
2025-08-01 09:59:32 AM,1130.6,12,13567.199999999999,7666277.699999997
2025-08-01 10:00:32 AM,1130.8,5,5654.0,7671931.699999997
2025-08-01 10:00:42 AM,1131.9,0,0.0,7671931.699999997
2025-08-01 10:00:45 AM,1131.9,1,1131.9,7673063.599999998
2025-08-01 10:01:25 AM,1132.0,0,0.0,7673063.599999998
2025-08-01 10:01:25 AM,1132.0,29,32828.0,7705891.599999998
2025-08-01 10:02:37 AM,1132.2,3,3396.6000000000004,7709288.199999997
2025-08-01 10:03:37 AM,1132.9,10,11329.0,7720617.199999997
2025-08-01 10:04:08 AM,1133.2,0,0.0,7720617.199999997
2025-08-01 10:04:08 AM,1133.2,5,5666.0,7726283.199999997
2025-08-01 10:04:19 AM,1133.8,9,10204.199999999999,7736487.399999998
2025-08-01 10:04:31 AM,1133.8,7,7936.599999999999,7744423.999999997
2025-08-01 10:04:36 AM,1134.1,0,0.0,7744423.999999997
2025-08-01 10:04:38 AM,1134.1,25,28352.499999999996,7772776.499999997
2025-08-01 10:05:09 AM,1135.9,61,69289.90000000001,7842066.399999998
2025-08-01 10:05:29 AM,1134.6,1,1134.6,7843200.999999997
2025-08-01 10:05:35 AM,1136.4,0,0.0,7843200.999999997
2025-08-01 10:05:35 AM,1136.4,220,250008.00000000003,8093208.999999997
2025-08-01 10:05:59 AM,1134.6,0,0.0,8093208.999999997
2025-08-01 10:06:00 AM,1134.6,8,9076.8,8102285.799999997
2025-08-01 10:06:03 AM,1134.3,32,36297.6,8138583.399999997
2025-08-01 10:06:05 AM,1134.1,0,0.0,8138583.399999997
2025-08-01 10:06:06 AM,1134.8,8,9078.4,8147661.799999997
2025-08-01 10:06:15 AM,1134.8,14,15887.199999999999,8163548.999999997
2025-08-01 10:06:28 AM,1134.2,0,0.0,8163548.999999997
2025-08-01 10:06:29 AM,1134.2,15,17013.0,8180561.999999997
2025-08-01 10:06:49 AM,1133.7,0,0.0,8180561.999999997
2025-08-01 10:06:49 AM,1134.0,0,0.0,8180561.999999997
2025-08-01 10:06:51 AM,1133.9,83,94113.70000000001,8274675.699999997
2025-08-01 10:07:16 AM,1133.7,54,61219.8,8335895.499999997
2025-08-01 10:07:18 AM,1133.7,14,15871.800000000001,8351767.299999997
2025-08-01 10:07:22 AM,1133.9,56,63498.40000000001,8415265.699999997
2025-08-01 10:08:22 AM,1134.3,0,0.0,8415265.699999997
2025-08-01 10:08:24 AM,1134.3,1,1134.3,8416399.999999998
2025-08-01 10:13:16 AM,1134.9,0,0.0,8416399.999999998
2025-08-01 10:13:17 AM,1135.9,244,277159.60000000003,8693559.599999998
2025-08-01 10:14:51 AM,1136.1,131,148829.09999999998,8842388.699999997
2025-08-01 10:15:37 AM,1133.9,0,0.0,8842388.699999997
2025-08-01 10:15:38 AM,1133.9,35,39686.5,8882075.199999997
2025-08-01 10:16:18 AM,1135.6,0,0.0,8882075.199999997
2025-08-01 10:16:19 AM,1135.6,7,7949.199999999999,8890024.399999997
2025-08-01 10:16:21 AM,1135.9,0,0.0,8890024.399999997
2025-08-01 10:16:25 AM,1135.9,9,10223.1,8900247.499999996
2025-08-01 10:16:45 AM,1137.3,0,0.0,8900247.499999996
2025-08-01 10:16:48 AM,1137.3,24,27295.199999999997,8927542.699999996
2025-08-01 10:16:51 AM,1137.6,0,0.0,8927542.699999996
2025-08-01 10:16:53 AM,1137.6,4,4550.4,8932093.099999996
2025-08-01 10:17:18 AM,1136.9,0,0.0,8932093.099999996
2025-08-01 10:17:21 AM,1136.9,63,71624.70000000001,9003717.799999995
2025-08-01 10:17:24 AM,1137.6,0,0.0,9003717.799999995
2025-08-01 10:17:27 AM,1137.6,10,11376.0,9015093.799999995
2025-08-01 10:17:31 AM,1136.8,0,0.0,9015093.799999995
2025-08-01 10:17:33 AM,1136.8,3,3410.3999999999996,9018504.199999996
2025-08-01 10:17:36 AM,1137.0,0,0.0,9018504.199999996
2025-08-01 10:17:39 AM,1137.0,1,1137.0,9019641.199999996
2025-08-01 10:18:02 AM,1137.0,14,15918.0,9035559.199999996
2025-08-01 10:18:25 AM,1137.0,25,28425.0,9063984.199999996
2025-08-01 10:22:22 AM,1136.1,0,0.0,9063984.199999996
2025-08-01 10:22:25 AM,1135.5,0,0.0,9063984.199999996
2025-08-01 10:22:25 AM,1135.5,45,51097.5,9115081.699999996
2025-08-01 10:23:21 AM,1136.6,2,2273.2,9117354.899999995
2025-08-01 10:23:41 AM,1136.6,2,2273.2,9119628.099999994
2025-08-01 10:24:44 AM,1136.7,5,5683.5,9125311.599999994
2025-08-01 10:24:45 AM,1136.2,0,0.0,9125311.599999994
2025-08-01 10:24:47 AM,1136.2,7,7953.400000000001,9133264.999999994
2025-08-01 10:24:57 AM,1135.7,0,0.0,9133264.999999994
2025-08-01 10:24:58 AM,1135.7,1,1135.7,9134400.699999994
2025-08-01 10:26:02 AM,1135.5,0,0.0,9134400.699999994
2025-08-01 10:26:03 AM,1135.5,9,10219.5,9144620.199999994
2025-08-01 10:26:32 AM,1136.6,0,0.0,9144620.199999994
2025-08-01 10:26:34 AM,1136.6,5,5683.0,9150303.199999994
2025-08-01 10:30:02 AM,1136.6,15,17049.0,9167352.199999994
2025-08-01 10:30:28 AM,1136.6,15,17049.0,9184401.199999994
2025-08-01 10:30:51 AM,1136.7,0,0.0,9184401.199999994
2025-08-01 10:30:51 AM,1136.7,4,4546.8,9188947.999999994
2025-08-01 10:30:53 AM,1135.8,0,0.0,9188947.999999994
2025-08-01 10:30:54 AM,1135.8,2,2271.6,9191219.599999994
2025-08-01 10:31:24 AM,1136.9,0,0.0,9191219.599999994
2025-08-01 10:31:26 AM,1136.9,28,31833.200000000004,9223052.799999993
2025-08-01 10:31:42 AM,1136.9,25,28422.500000000004,9251475.299999993
2025-08-01 10:32:11 AM,1137.0,0,0.0,9251475.299999993
2025-08-01 10:32:14 AM,1137.0,10,11370.0,9262845.299999993
2025-08-01 10:32:33 AM,1136.0,2,2272.0,9265117.299999993
2025-08-01 10:33:43 AM,1136.9,1,1136.9,9266254.199999994
2025-08-01 10:34:03 AM,1137.0,0,0.0,9266254.199999994
2025-08-01 10:34:04 AM,1137.0,6,6822.0,9273076.199999994
2025-08-01 10:34:06 AM,1137.0,14,15918.0,9288994.199999994
2025-08-01 10:34:11 AM,1136.3,0,0.0,9288994.199999994
2025-08-01 10:34:12 AM,1136.3,2,2272.6,9291266.799999993
2025-08-01 10:35:18 AM,1136.3,10,11363.0,9302629.799999993
2025-08-01 10:41:18 AM,1136.9,0,0.0,9302629.799999993
2025-08-01 10:41:19 AM,1136.9,10,11369.0,9313998.799999993
2025-08-01 10:41:44 AM,1136.8,0,0.0,9313998.799999993
2025-08-01 10:41:46 AM,1136.8,10,11368.0,9325366.799999993
2025-08-01 10:41:48 AM,1136.9,0,0.0,9325366.799999993
2025-08-01 10:41:51 AM,1136.9,24,27285.600000000002,9352652.399999993
2025-08-01 10:44:07 AM,1135.5,0,0.0,9352652.399999993
2025-08-01 10:44:09 AM,1135.5,69,78349.5,9431001.899999993
2025-08-01 10:44:49 AM,1135.8,0,0.0,9431001.899999993
2025-08-01 10:44:50 AM,1135.8,6,6814.799999999999,9437816.699999994
2025-08-01 10:47:57 AM,1134.9,0,0.0,9437816.699999994
2025-08-01 10:47:58 AM,1134.9,8,9079.2,9446895.899999993
2025-08-01 10:50:51 AM,1134.9,1,1134.9,9448030.799999993
2025-08-01 10:52:31 AM,1135.9,0,0.0,9448030.799999993
2025-08-01 10:52:33 AM,1136.0,0,0.0,9448030.799999993
2025-08-01 10:52:35 AM,1136.0,20,22720.0,9470750.799999993
2025-08-01 10:53:37 AM,1134.6,0,0.0,9470750.799999993
2025-08-01 10:53:39 AM,1134.6,27,30634.199999999997,9501384.999999993
2025-08-01 10:54:51 AM,1134.9,0,0.0,9501384.999999993
2025-08-01 10:54:53 AM,1134.9,1,1134.9,9502519.899999993
2025-08-01 10:55:31 AM,1135.8,0,0.0,9502519.899999993
2025-08-01 10:55:32 AM,1136.0,11,12496.0,9515015.899999993
2025-08-01 10:55:51 AM,1134.4,0,0.0,9515015.899999993
2025-08-01 10:55:52 AM,1134.5,19,21555.5,9536571.399999993
2025-08-01 10:56:57 AM,1132.6,200,226519.99999999997,9763091.399999993
2025-08-01 10:56:59 AM,1141.7,0,0.0,9763091.399999993
2025-08-01 10:57:01 AM,1139.6,0,0.0,9763091.399999993
2025-08-01 10:57:01 AM,1139.6,580,660968.0,10424059.399999993
2025-08-01 10:57:02 AM,1141.3,32,36521.6,10460580.999999993
2025-08-01 10:58:11 AM,1141.7,0,0.0,10460580.999999993
2025-08-01 10:58:15 AM,1141.7,6,6850.200000000001,10467431.199999992
2025-08-01 10:58:23 AM,1142.0,0,0.0,10467431.199999992
2025-08-01 10:58:26 AM,1142.0,61,69662.0,10537093.199999992
2025-08-01 10:58:43 AM,1141.2,0,0.0,10537093.199999992
2025-08-01 10:58:48 AM,1141.2,9,10270.800000000001,10547363.999999993
2025-08-01 10:58:53 AM,1141.2,4,4564.8,10551928.799999993
2025-08-01 10:58:59 AM,1141.2,1,1141.2,10553069.999999993
2025-08-01 10:59:07 AM,1142.0,0,0.0,10553069.999999993
2025-08-01 10:59:09 AM,1142.0,1,1142.0,10554211.999999993
2025-08-01 10:59:15 AM,1141.2,0,0.0,10554211.999999993
2025-08-01 10:59:19 AM,1141.2,7,7988.400000000001,10562200.399999993
2025-08-01 11:00:09 AM,1140.3,0,0.0,10562200.399999993
2025-08-01 11:00:13 AM,1139.5,132,150414.0,10712614.399999993
2025-08-01 11:00:42 AM,1139.6,0,0.0,10712614.399999993
2025-08-01 11:00:46 AM,1139.6,8,9116.8,10721731.199999994
2025-08-01 11:00:48 AM,1139.2,0,0.0,10721731.199999994
2025-08-01 11:00:51 AM,1139.2,5,5696.0,10727427.199999994
2025-08-01 11:01:10 AM,1138.8,0,0.0,10727427.199999994
2025-08-01 11:01:12 AM,1138.8,2,2277.6,10729704.799999993
2025-08-01 11:01:28 AM,1138.8,2,2277.6,10731982.399999993
2025-08-01 11:03:29 AM,1138.8,16,18220.8,10750203.199999994
2025-08-01 11:03:45 AM,1137.8,1,1137.8,10751340.999999994
2025-08-01 11:04:26 AM,1137.4,0,0.0,10751340.999999994
2025-08-01 11:04:27 AM,1137.4,1,1137.4,10752478.399999995
2025-08-01 11:06:35 AM,1138.1,0,0.0,10752478.399999995
2025-08-01 11:06:38 AM,1138.1,3,3414.2999999999997,10755892.699999996
2025-08-01 11:07:44 AM,1138.1,1,1138.1,10757030.799999995
2025-08-01 11:08:36 AM,1138.3,0,0.0,10757030.799999995
2025-08-01 11:08:37 AM,1138.3,1,1138.3,10758169.099999996
2025-08-01 11:08:44 AM,1138.4,0,0.0,10758169.099999996
2025-08-01 11:08:44 AM,1138.4,18,20491.2,10778660.299999995
2025-08-01 11:08:50 AM,1138.3,0,0.0,10778660.299999995
2025-08-01 11:08:52 AM,1138.3,1,1138.3,10779798.599999996
2025-08-01 11:09:02 AM,1137.6,0,0.0,10779798.599999996
2025-08-01 11:09:04 AM,1137.6,1,1137.6,10780936.199999996
2025-08-01 11:09:10 AM,1136.4,100,113640.00000000001,10894576.199999996
2025-08-01 11:09:35 AM,1137.6,0,0.0,10894576.199999996
2025-08-01 11:09:37 AM,1137.6,5,5688.0,10900264.199999996
2025-08-01 11:09:45 AM,1137.0,0,0.0,10900264.199999996
2025-08-01 11:09:48 AM,1137.0,4,4548.0,10904812.199999996
2025-08-01 11:15:12 AM,1137.0,10,11370.0,10916182.199999996
2025-08-01 11:15:17 AM,1137.0,1,1137.0,10917319.199999996
2025-08-01 11:15:20 AM,1136.4,0,0.0,10917319.199999996
2025-08-01 11:15:22 AM,1136.4,1,1136.4,10918455.599999996
2025-08-01 11:16:04 AM,1136.3,0,0.0,10918455.599999996
2025-08-01 11:16:04 AM,1136.3,2,2272.6,10920728.199999996
2025-08-01 11:16:36 AM,1136.9,4,4547.6,10925275.799999995
2025-08-01 11:16:41 AM,1136.9,4,4547.6,10929823.399999995
2025-08-01 11:17:23 AM,1136.9,10,11369.0,10941192.399999995
2025-08-01 11:17:24 AM,1137.0,0,0.0,10941192.399999995
2025-08-01 11:17:25 AM,1137.0,10,11370.0,10952562.399999995
2025-08-01 11:17:28 AM,1136.4,0,0.0,10952562.399999995
2025-08-01 11:17:29 AM,1136.4,2,2272.8,10954835.199999996
2025-08-01 11:17:44 AM,1136.0,0,0.0,10954835.199999996
2025-08-01 11:17:44 AM,1136.0,200,227200.0,11182035.199999996
2025-08-01 11:17:52 AM,1136.9,0,0.0,11182035.199999996
2025-08-01 11:17:55 AM,1136.9,23,26148.7,11208183.899999995
2025-08-01 11:18:00 AM,1136.9,1,1136.9,11209320.799999995
2025-08-01 11:18:04 AM,1136.2,0,0.0,11209320.799999995
2025-08-01 11:18:06 AM,1136.2,1,1136.2,11210456.999999994
2025-08-01 11:19:32 AM,1135.8,0,0.0,11210456.999999994
2025-08-01 11:19:36 AM,1135.8,53,60197.399999999994,11270654.399999995
2025-08-01 11:19:47 AM,1135.8,2,2271.6,11272925.999999994
2025-08-01 11:20:57 AM,1135.0,0,0.0,11272925.999999994
2025-08-01 11:21:00 AM,1135.0,16,18160.0,11291085.999999994
2025-08-01 11:21:05 AM,1135.0,1,1135.0,11292220.999999994
2025-08-01 11:21:19 AM,1134.2,0,0.0,11292220.999999994
2025-08-01 11:21:21 AM,1134.2,18,20415.600000000002,11312636.599999994
2025-08-01 11:21:23 AM,1133.8,0,0.0,11312636.599999994
2025-08-01 11:21:27 AM,1133.8,3,3401.3999999999996,11316037.999999994
2025-08-01 11:21:30 AM,1132.0,0,0.0,11316037.999999994
2025-08-01 11:21:32 AM,1132.0,182,206024.0,11522061.999999994
2025-08-01 11:21:32 AM,1134.0,175,198450.0,11720511.999999994
2025-08-01 11:22:13 AM,1133.4,0,0.0,11720511.999999994
2025-08-01 11:22:13 AM,1133.4,25,28335.000000000004,11748846.999999994
2025-08-01 11:24:24 AM,1133.7,0,0.0,11748846.999999994
2025-08-01 11:24:29 AM,1133.7,9,10203.300000000001,11759050.299999995
2025-08-01 11:24:32 AM,1134.5,0,0.0,11759050.299999995
2025-08-01 11:24:34 AM,1134.5,11,12479.5,11771529.799999995
2025-08-01 11:25:01 AM,1134.5,4,4538.0,11776067.799999995
2025-08-01 11:25:15 AM,1134.1,0,0.0,11776067.799999995
2025-08-01 11:25:17 AM,1134.1,1,1134.1,11777201.899999995
2025-08-01 11:25:18 AM,1134.9,0,0.0,11777201.899999995
2025-08-01 11:25:21 AM,1134.9,10,11349.0,11788550.899999995
2025-08-01 11:25:24 AM,1134.0,0,0.0,11788550.899999995
2025-08-01 11:25:26 AM,1134.0,1,1134.0,11789684.899999995
2025-08-01 11:25:32 AM,1134.0,43,48762.0,11838446.899999995
2025-08-01 11:25:44 AM,1133.8,0,0.0,11838446.899999995
2025-08-01 11:25:48 AM,1133.8,2,2267.6,11840714.499999994
2025-08-01 11:27:36 AM,1134.6,0,0.0,11840714.499999994
2025-08-01 11:27:36 AM,1134.6,3,3403.7999999999997,11844118.299999995
2025-08-01 11:28:06 AM,1134.6,4,4538.4,11848656.699999996
2025-08-01 11:29:02 AM,1135.2,0,0.0,11848656.699999996
2025-08-01 11:29:04 AM,1135.2,10,11352.0,11860008.699999996
2025-08-01 11:32:54 AM,1133.6,0,0.0,11860008.699999996
2025-08-01 11:32:56 AM,1134.4,0,0.0,11860008.699999996
2025-08-01 11:32:57 AM,1134.4,12,13612.800000000001,11873621.499999996
2025-08-01 11:33:04 AM,1134.3,0,0.0,11873621.499999996
2025-08-01 11:33:07 AM,1134.3,10,11343.0,11884964.499999996
2025-08-01 11:37:07 AM,1133.9,0,0.0,11884964.499999996
2025-08-01 11:37:11 AM,1133.9,1,1133.9,11886098.399999997
2025-08-01 11:37:55 AM,1134.2,0,0.0,11886098.399999997
2025-08-01 11:37:58 AM,1134.2,2,2268.4,11888366.799999997
2025-08-01 11:39:33 AM,1132.8,0,0.0,11888366.799999997
2025-08-01 11:39:33 AM,1132.8,53,60038.399999999994,11948405.199999997
2025-08-01 11:39:56 AM,1132.1,0,0.0,11948405.199999997
2025-08-01 11:39:57 AM,1132.1,5,5660.5,11954065.699999997
2025-08-01 11:40:18 AM,1132.8,38,43046.4,11997112.099999998
2025-08-01 11:40:54 AM,1132.1,0,0.0,11997112.099999998
2025-08-01 11:40:57 AM,1132.1,1,1132.1,11998244.199999997
2025-08-01 11:42:03 AM,1131.1,21,23753.1,12021997.299999997
2025-08-01 11:43:37 AM,1130.7,162,183173.4,12205170.699999997
2025-08-01 11:43:38 AM,1131.2,0,0.0,12205170.699999997
2025-08-01 11:43:42 AM,1130.8,0,0.0,12205170.699999997
2025-08-01 11:43:42 AM,1130.8,25,28270.0,12233440.699999997
2025-08-01 11:43:46 AM,1129.6,0,0.0,12233440.699999997
2025-08-01 11:43:48 AM,1129.6,10,11296.0,12244736.699999997
2025-08-01 11:43:58 AM,1130.1,2,2260.2,12246996.899999997
2025-08-01 11:44:03 AM,1130.1,2,2260.2,12249257.099999996
2025-08-01 11:44:21 AM,1127.7,204,230050.80000000002,12479307.899999997
2025-08-01 11:44:34 AM,1128.2,0,0.0,12479307.899999997
2025-08-01 11:44:38 AM,1128.1,0,0.0,12479307.899999997
2025-08-01 11:44:38 AM,1128.1,69,77838.9,12557146.799999997
2025-08-01 11:44:44 AM,1128.5,0,0.0,12557146.799999997
2025-08-01 11:44:44 AM,1128.5,28,31598.0,12588744.799999997
2025-08-01 11:46:07 AM,1127.6,0,0.0,12588744.799999997
2025-08-01 11:46:09 AM,1127.6,140,157864.0,12746608.799999997
2025-08-01 11:46:44 AM,1129.0,0,0.0,12746608.799999997
2025-08-01 11:46:46 AM,1128.3,0,0.0,12746608.799999997
2025-08-01 11:46:46 AM,1128.3,9,10154.699999999999,12756763.499999996
2025-08-01 11:47:03 AM,1128.3,1,1128.3,12757891.799999997
2025-08-01 11:48:10 AM,1128.7,0,0.0,12757891.799999997
2025-08-01 11:48:14 AM,1128.7,8,9029.6,12766921.399999997
2025-08-01 11:48:49 AM,1128.7,6,6772.200000000001,12773693.599999996
2025-08-01 11:48:50 AM,1127.8,0,0.0,12773693.599999996
2025-08-01 11:48:54 AM,1127.8,3,3383.3999999999996,12777076.999999996
2025-08-01 11:48:59 AM,1126.1,0,0.0,12777076.999999996
2025-08-01 11:48:59 AM,1126.1,300,337830.0,13114906.999999996
2025-08-01 11:49:07 AM,1127.9,0,0.0,13114906.999999996
2025-08-01 11:49:09 AM,1128.6,0,0.0,13114906.999999996
2025-08-01 11:49:09 AM,1128.6,121,136560.59999999998,13251467.599999996
2025-08-01 11:49:12 AM,1129.3,0,0.0,13251467.599999996
2025-08-01 11:49:15 AM,1129.3,8,9034.4,13260501.999999996
2025-08-01 11:53:08 AM,1130.0,0,0.0,13260501.999999996
2025-08-01 11:53:09 AM,1130.0,1,1130.0,13261631.999999996
2025-08-01 11:53:39 AM,1130.0,19,21470.0,13283101.999999996
2025-08-01 11:53:42 AM,1131.1,0,0.0,13283101.999999996
2025-08-01 11:53:43 AM,1131.1,10,11311.0,13294412.999999996
2025-08-01 11:54:24 AM,1129.7,0,0.0,13294412.999999996
2025-08-01 11:54:25 AM,1129.7,148,167195.6,13461608.599999996
2025-08-01 11:54:34 AM,1129.7,9,10167.300000000001,13471775.899999997
2025-08-01 11:55:56 AM,1130.0,0,0.0,13471775.899999997
2025-08-01 11:55:59 AM,1130.0,300,339000.0,13810775.899999997
2025-08-01 11:56:02 AM,1129.3,0,0.0,13810775.899999997
2025-08-01 11:56:04 AM,1129.3,1,1129.3,13811905.199999997
2025-08-01 11:56:14 AM,1128.4,0,0.0,13811905.199999997
2025-08-01 11:56:15 AM,1128.4,10,11284.0,13823189.199999997
2025-08-01 11:56:28 AM,1127.4,0,0.0,13823189.199999997
2025-08-01 11:56:30 AM,1127.4,50,56370.00000000001,13879559.199999997
2025-08-01 11:56:45 AM,1127.4,2,2254.8,13881813.999999998
2025-08-01 11:58:05 AM,1128.3,0,0.0,13881813.999999998
2025-08-01 11:58:06 AM,1128.3,37,41747.1,13923561.099999998
2025-08-01 11:58:14 AM,1127.5,0,0.0,13923561.099999998
2025-08-01 11:58:17 AM,1127.5,1,1127.5,13924688.599999998
2025-08-01 11:58:22 AM,1128.1,0,0.0,13924688.599999998
2025-08-01 11:58:23 AM,1128.1,7,7896.699999999999,13932585.299999997
2025-08-01 12:00:03 PM,1128.5,1,1128.5,13933713.799999997
2025-08-01 12:02:45 PM,1127.6,0,0.0,13933713.799999997
2025-08-01 12:02:46 PM,1127.6,46,51869.6,13985583.399999997
2025-08-01 12:05:06 PM,1126.2,44,49552.8,14035136.199999997
2025-08-01 12:05:09 PM,1127.4,0,0.0,14035136.199999997
2025-08-01 12:05:09 PM,1127.4,3,3382.2000000000003,14038518.399999997
2025-08-01 12:05:19 PM,1126.3,0,0.0,14038518.399999997
2025-08-01 12:05:20 PM,1126.3,2,2252.6,14040770.999999996
2025-08-01 12:05:57 PM,1127.4,0,0.0,14040770.999999996
2025-08-01 12:06:00 PM,1127.4,10,11274.0,14052044.999999996
2025-08-01 12:08:55 PM,1126.3,0,0.0,14052044.999999996
2025-08-01 12:09:00 PM,1126.3,5,5631.5,14057676.499999996
2025-08-01 12:09:03 PM,1127.1,0,0.0,14057676.499999996
2025-08-01 12:09:05 PM,1127.1,7,7889.699999999999,14065566.199999996
2025-08-01 12:10:45 PM,1126.3,0,0.0,14065566.199999996
2025-08-01 12:10:49 PM,1126.3,10,11263.0,14076829.199999996
2025-08-01 12:12:13 PM,1126.0,54,60804.0,14137633.199999996
2025-08-01 12:12:13 PM,1126.1,3,3378.2999999999997,14141011.499999996
2025-08-01 12:12:15 PM,1126.0,0,0.0,14141011.499999996
2025-08-01 12:12:18 PM,1126.0,159,179034.0,14320045.499999996
2025-08-01 12:12:21 PM,1125.1,0,0.0,14320045.499999996
2025-08-01 12:12:23 PM,1125.1,5,5625.5,14325670.999999996
2025-08-01 12:13:03 PM,1126.3,0,0.0,14325670.999999996
2025-08-01 12:13:04 PM,1126.3,154,173450.19999999998,14499121.199999996
2025-08-01 12:16:15 PM,1127.0,0,0.0,14499121.199999996
2025-08-01 12:16:20 PM,1127.0,15,16905.0,14516026.199999996
2025-08-01 12:16:29 PM,1128.4,0,0.0,14516026.199999996
2025-08-01 12:16:30 PM,1128.4,175,197470.00000000003,14713496.199999996
2025-08-01 12:17:01 PM,1126.6,0,0.0,14713496.199999996
2025-08-01 12:17:03 PM,1126.6,79,89001.4,14802497.599999996
2025-08-01 12:17:07 PM,1126.3,0,0.0,14802497.599999996
2025-08-01 12:17:08 PM,1126.3,9,10136.699999999999,14812634.299999995
2025-08-01 12:17:37 PM,1126.3,10,11263.0,14823897.299999995
2025-08-01 12:19:16 PM,1126.3,265,298469.5,15122366.799999995
2025-08-01 12:19:27 PM,1125.3,0,0.0,15122366.799999995
2025-08-01 12:19:31 PM,1125.3,7,7877.099999999999,15130243.899999995
2025-08-01 12:19:47 PM,1125.9,0,0.0,15130243.899999995
2025-08-01 12:19:51 PM,1125.9,7,7881.300000000001,15138125.199999996
2025-08-01 12:23:29 PM,1126.2,0,0.0,15138125.199999996
2025-08-01 12:23:33 PM,1126.2,5,5631.0,15143756.199999996
2025-08-01 12:24:18 PM,1126.2,31,34912.200000000004,15178668.399999995
2025-08-01 12:25:30 PM,1126.7,0,0.0,15178668.399999995
2025-08-01 12:25:33 PM,1126.7,3,3380.1000000000004,15182048.499999994
2025-08-01 12:26:35 PM,1127.4,0,0.0,15182048.499999994
2025-08-01 12:26:38 PM,1127.4,22,24802.800000000003,15206851.299999995
2025-08-01 12:26:44 PM,1127.8,0,0.0,15206851.299999995
2025-08-01 12:26:47 PM,1127.8,150,169170.0,15376021.299999995
2025-08-01 12:26:52 PM,1126.7,0,0.0,15376021.299999995
2025-08-01 12:26:53 PM,1126.7,40,45068.0,15421089.299999995
2025-08-01 12:27:36 PM,1127.5,0,0.0,15421089.299999995
2025-08-01 12:27:39 PM,1127.5,8,9020.0,15430109.299999995
2025-08-01 12:28:10 PM,1127.6,0,0.0,15430109.299999995
2025-08-01 12:28:13 PM,1127.6,8,9020.8,15439130.099999996
2025-08-01 12:28:13 PM,1127.6,2,2255.2,15441385.299999995
2025-08-01 12:28:16 PM,1127.1,0,0.0,15441385.299999995
2025-08-01 12:28:17 PM,1127.1,7,7889.699999999999,15449274.999999994
2025-08-01 12:28:24 PM,1127.7,0,0.0,15449274.999999994
2025-08-01 12:28:27 PM,1127.7,1,1127.7,15450402.699999994
2025-08-01 12:29:21 PM,1126.2,0,0.0,15450402.699999994
2025-08-01 12:29:22 PM,1126.2,149,167803.80000000002,15618206.499999994
2025-08-01 12:29:26 PM,1126.2,6,6757.200000000001,15624963.699999994
2025-08-01 12:29:30 PM,1126.6,0,0.0,15624963.699999994
2025-08-01 12:29:31 PM,1126.6,8,9012.8,15633976.499999994
2025-08-01 12:29:35 PM,1126.6,1,1126.6,15635103.099999994
2025-08-01 12:30:03 PM,1126.1,0,0.0,15635103.099999994
2025-08-01 12:30:04 PM,1126.1,96,108105.59999999999,15743208.699999994
2025-08-01 12:30:09 PM,1125.2,3,3375.6000000000004,15746584.299999993
2025-08-01 12:30:14 PM,1125.7,5,5628.5,15752212.799999993
2025-08-01 12:30:19 PM,1125.2,0,0.0,15752212.799999993
2025-08-01 12:30:19 PM,1125.2,1,1125.2,15753337.999999993
2025-08-01 12:30:21 PM,1126.1,0,0.0,15753337.999999993
2025-08-01 12:30:22 PM,1126.1,36,40539.6,15793877.599999992
2025-08-01 12:30:25 PM,1126.1,3,3378.2999999999997,15797255.899999993
2025-08-01 12:30:28 PM,1126.1,35,39413.5,15836669.399999993
2025-08-01 12:30:30 PM,1126.1,1,1126.1,15837795.499999993
2025-08-01 12:30:35 PM,1126.8,0,0.0,15837795.499999993
2025-08-01 12:30:35 PM,1126.8,3,3380.3999999999996,15841175.899999993
2025-08-01 12:30:47 PM,1126.1,0,0.0,15841175.899999993
2025-08-01 12:30:49 PM,1126.1,5,5630.5,15846806.399999993
2025-08-01 12:30:59 PM,1126.3,1,1126.3,15847932.699999994
2025-08-01 12:31:37 PM,1126.8,0,0.0,15847932.699999994
2025-08-01 12:31:40 PM,1126.8,1,1126.8,15849059.499999994
2025-08-01 12:32:48 PM,1127.3,1,1127.3,15850186.799999995
2025-08-01 12:35:39 PM,1126.2,0,0.0,15850186.799999995
2025-08-01 12:35:40 PM,1126.2,10,11262.0,15861448.799999995
2025-08-01 12:37:38 PM,1126.2,3,3378.6000000000004,15864827.399999995
2025-08-01 12:37:48 PM,1127.1,10,11271.0,15876098.399999995
2025-08-01 12:39:51 PM,1127.1,10,11271.0,15887369.399999995
2025-08-01 12:39:59 PM,1126.1,0,0.0,15887369.399999995
2025-08-01 12:40:02 PM,1126.1,1,1126.1,15888495.499999994
2025-08-01 12:40:33 PM,1126.1,70,78827.0,15967322.499999994
2025-08-01 12:40:35 PM,1125.2,0,0.0,15967322.499999994
2025-08-01 12:40:38 PM,1125.2,3,3375.6000000000004,15970698.099999994
2025-08-01 12:40:41 PM,1125.9,0,0.0,15970698.099999994
2025-08-01 12:40:43 PM,1125.9,3,3377.7000000000003,15974075.799999993
2025-08-01 12:41:25 PM,1126.2,0,0.0,15974075.799999993
2025-08-01 12:41:26 PM,1126.2,21,23650.2,15997725.999999993
2025-08-01 12:42:05 PM,1125.3,0,0.0,15997725.999999993
2025-08-01 12:42:06 PM,1125.3,1,1125.3,15998851.299999993
2025-08-01 12:43:42 PM,1125.2,215,241918.0,16240769.299999993
2025-08-01 12:43:47 PM,1125.2,9,10126.800000000001,16250896.099999994
2025-08-01 12:43:55 PM,1125.3,0,0.0,16250896.099999994
2025-08-01 12:43:58 PM,1125.3,15,16879.5,16267775.599999994
2025-08-01 12:44:15 PM,1125.5,31,34890.5,16302666.099999994
2025-08-01 12:45:21 PM,1126.6,0,0.0,16302666.099999994
2025-08-01 12:45:23 PM,1126.6,10,11266.0,16313932.099999994
2025-08-01 12:48:21 PM,1127.0,0,0.0,16313932.099999994
2025-08-01 12:48:24 PM,1127.0,38,42826.0,16356758.099999994
2025-08-01 12:48:29 PM,1126.1,0,0.0,16356758.099999994
2025-08-01 12:48:30 PM,1126.1,2,2252.2,16359010.299999993
2025-08-01 12:48:33 PM,1126.7,0,0.0,16359010.299999993
2025-08-01 12:48:35 PM,1126.7,6,6760.200000000001,16365770.499999993
2025-08-01 12:49:23 PM,1126.0,0,0.0,16365770.499999993
2025-08-01 12:49:24 PM,1126.0,100,112600.0,16478370.499999993
2025-08-01 12:49:27 PM,1126.7,0,0.0,16478370.499999993
2025-08-01 12:49:29 PM,1126.7,5,5633.5,16484003.999999993
2025-08-01 12:52:03 PM,1126.0,0,0.0,16484003.999999993
2025-08-01 12:52:07 PM,1126.0,4,4504.0,16488507.999999993
2025-08-01 12:55:11 PM,1126.5,0,0.0,16488507.999999993
2025-08-01 12:55:15 PM,1126.5,2,2253.0,16490760.999999993
2025-08-01 12:57:09 PM,1126.0,0,0.0,16490760.999999993
2025-08-01 12:57:10 PM,1126.0,1,1126.0,16491886.999999993
2025-08-01 12:57:19 PM,1126.0,4,4504.0,16496390.999999993
2025-08-01 12:57:21 PM,1126.5,0,0.0,16496390.999999993
2025-08-01 12:57:24 PM,1126.5,7,7885.5,16504276.499999993
2025-08-01 01:00:34 PM,1126.0,108,121608.0,16625884.499999993
2025-08-01 01:00:38 PM,1125.9,0,0.0,16625884.499999993
2025-08-01 01:00:39 PM,1125.9,43,48413.700000000004,16674298.199999992
2025-08-01 01:00:42 PM,1126.0,0,0.0,16674298.199999992
2025-08-01 01:00:44 PM,1126.8,0,0.0,16674298.199999992
2025-08-01 01:00:44 PM,1126.8,290,326772.0,17001070.19999999
2025-08-01 01:00:56 PM,1128.1,0,0.0,17001070.19999999
2025-08-01 01:00:59 PM,1128.1,2,2256.2,17003326.39999999
2025-08-01 01:01:36 PM,1128.1,11,12409.099999999999,17015735.499999993
2025-08-01 01:01:38 PM,1128.7,0,0.0,17015735.499999993
2025-08-01 01:01:41 PM,1128.7,7,7900.900000000001,17023636.39999999
2025-08-01 01:01:46 PM,1128.1,0,0.0,17023636.39999999
2025-08-01 01:01:46 PM,1128.1,1,1128.1,17024764.499999993
2025-08-01 01:01:50 PM,1128.7,0,0.0,17024764.499999993
2025-08-01 01:01:51 PM,1128.7,7,7900.900000000001,17032665.39999999
2025-08-01 01:01:52 PM,1128.1,0,0.0,17032665.39999999
2025-08-01 01:01:55 PM,1128.1,2,2256.2,17034921.59999999
2025-08-01 01:05:42 PM,1129.7,0,0.0,17034921.59999999
2025-08-01 01:05:44 PM,1129.7,7,7907.900000000001,17042829.49999999
2025-08-01 01:08:49 PM,1130.8,100,113080.0,17155909.49999999
2025-08-01 01:08:55 PM,1129.2,0,0.0,17155909.49999999
2025-08-01 01:08:57 PM,1129.2,4,4516.8,17160426.29999999
2025-08-01 01:09:05 PM,1130.0,0,0.0,17160426.29999999
2025-08-01 01:09:07 PM,1130.0,10,11300.0,17171726.29999999
2025-08-01 01:09:43 PM,1130.6,0,0.0,17171726.29999999
2025-08-01 01:09:45 PM,1130.6,14,15828.399999999998,17187554.699999988
2025-08-01 01:09:51 PM,1130.0,0,0.0,17187554.699999988
2025-08-01 01:09:53 PM,1130.0,14,15820.0,17203374.699999988
2025-08-01 01:09:54 PM,1130.8,0,0.0,17203374.699999988
2025-08-01 01:09:55 PM,1130.8,10,11308.0,17214682.699999988
2025-08-01 01:09:58 PM,1130.0,1,1130.0,17215812.699999988
2025-08-01 01:10:44 PM,1130.0,14,15820.0,17231632.699999988
2025-08-01 01:10:54 PM,1130.0,100,113000.0,17344632.699999988
2025-08-01 01:15:19 PM,1129.7,0,0.0,17344632.699999988
2025-08-01 01:15:19 PM,1129.7,5,5648.5,17350281.199999988
2025-08-01 01:16:05 PM,1130.6,0,0.0,17350281.199999988
2025-08-01 01:16:05 PM,1130.6,28,31656.799999999996,17381937.99999999
2025-08-01 01:17:29 PM,1130.7,0,0.0,17381937.99999999
2025-08-01 01:17:29 PM,1130.7,10,11307.0,17393244.99999999
2025-08-01 01:18:29 PM,1129.9,0,0.0,17393244.99999999
2025-08-01 01:18:32 PM,1129.9,11,12428.900000000001,17405673.899999987
2025-08-01 01:18:53 PM,1130.6,0,0.0,17405673.899999987
2025-08-01 01:18:57 PM,1130.6,11,12436.599999999999,17418110.49999999
2025-08-01 01:18:59 PM,1130.0,0,0.0,17418110.49999999
2025-08-01 01:19:02 PM,1130.0,1,1130.0,17419240.49999999
2025-08-01 01:21:37 PM,1129.2,0,0.0,17419240.49999999
2025-08-01 01:21:41 PM,1129.2,50,56460.0,17475700.49999999
2025-08-01 01:21:43 PM,1130.2,0,0.0,17475700.49999999
2025-08-01 01:21:45 PM,1130.2,10,11302.0,17487002.49999999
2025-08-01 01:25:38 PM,1130.3,0,0.0,17487002.49999999
2025-08-01 01:25:39 PM,1130.3,10,11303.0,17498305.49999999
2025-08-01 01:26:18 PM,1130.5,0,0.0,17498305.49999999
2025-08-01 01:26:19 PM,1130.5,17,19218.5,17517523.99999999
2025-08-01 01:27:57 PM,1129.1,0,0.0,17517523.99999999
2025-08-01 01:28:01 PM,1129.1,100,112909.99999999999,17630433.99999999
2025-08-01 01:31:22 PM,1129.7,0,0.0,17630433.99999999
2025-08-01 01:31:26 PM,1129.7,4,4518.8,17634952.79999999
2025-08-01 01:31:57 PM,1130.5,0,0.0,17634952.79999999
2025-08-01 01:32:00 PM,1130.5,2,2261.0,17637213.79999999
2025-08-01 01:32:15 PM,1130.5,10,11305.0,17648518.79999999
2025-08-01 01:32:42 PM,1130.6,0,0.0,17648518.79999999
2025-08-01 01:32:44 PM,1130.6,10,11306.0,17659824.79999999
2025-08-01 01:33:20 PM,1130.3,0,0.0,17659824.79999999
2025-08-01 01:33:23 PM,1130.3,1,1130.3,17660955.09999999
2025-08-01 01:33:51 PM,1129.5,0,0.0,17660955.09999999
2025-08-01 01:33:52 PM,1129.5,1,1129.5,17662084.59999999
2025-08-01 01:33:59 PM,1130.5,0,0.0,17662084.59999999
2025-08-01 01:34:02 PM,1130.5,25,28262.5,17690347.09999999
2025-08-01 01:35:25 PM,1130.4,0,0.0,17690347.09999999
2025-08-01 01:35:27 PM,1130.4,16,18086.4,17708433.49999999
2025-08-01 01:35:32 PM,1130.2,0,0.0,17708433.49999999
2025-08-01 01:35:32 PM,1130.2,10,11302.0,17719735.49999999
2025-08-01 01:36:58 PM,1130.0,0,0.0,17719735.49999999
2025-08-01 01:36:59 PM,1130.0,25,28250.0,17747985.49999999
2025-08-01 01:37:13 PM,1130.1,0,0.0,17747985.49999999
2025-08-01 01:37:14 PM,1130.1,25,28252.499999999996,17776237.99999999
2025-08-01 01:38:15 PM,1129.0,10,11290.0,17787527.99999999
2025-08-01 01:38:34 PM,1128.6,0,0.0,17787527.99999999
2025-08-01 01:38:37 PM,1128.6,54,60944.399999999994,17848472.399999987
2025-08-01 01:39:07 PM,1127.6,0,0.0,17848472.399999987
2025-08-01 01:39:09 PM,1127.6,6,6765.599999999999,17855237.99999999
2025-08-01 01:39:20 PM,1127.5,60,67650.0,17922887.99999999
2025-08-01 01:39:39 PM,1128.3,0,0.0,17922887.99999999
2025-08-01 01:39:40 PM,1128.3,6,6769.799999999999,17929657.79999999
2025-08-01 01:40:11 PM,1127.5,0,0.0,17929657.79999999
2025-08-01 01:40:11 PM,1127.5,1,1127.5,17930785.29999999
2025-08-01 01:40:33 PM,1128.3,0,0.0,17930785.29999999
2025-08-01 01:40:36 PM,1128.3,1,1128.3,17931913.59999999
2025-08-01 01:41:03 PM,1126.9,0,0.0,17931913.59999999
2025-08-01 01:41:06 PM,1126.9,28,31553.200000000004,17963466.79999999
2025-08-01 01:41:41 PM,1128.2,0,0.0,17963466.79999999
2025-08-01 01:41:41 PM,1128.2,11,12410.2,17975876.99999999
2025-08-01 01:41:51 PM,1127.3,0,0.0,17975876.99999999
2025-08-01 01:41:55 PM,1127.3,2,2254.6,17978131.59999999
2025-08-01 01:41:59 PM,1128.1,0,0.0,17978131.59999999
2025-08-01 01:41:59 PM,1128.1,1,1128.1,17979259.69999999
2025-08-01 01:42:17 PM,1127.3,0,0.0,17979259.69999999
2025-08-01 01:42:19 PM,1127.3,12,13527.599999999999,17992787.299999993
2025-08-01 01:42:21 PM,1128.1,0,0.0,17992787.299999993
2025-08-01 01:42:24 PM,1128.1,1,1128.1,17993915.399999995
2025-08-01 01:44:27 PM,1129.8,0,0.0,17993915.399999995
2025-08-01 01:44:29 PM,1129.8,66,74566.8,18068482.199999996
2025-08-01 01:44:45 PM,1130.3,0,0.0,18068482.199999996
2025-08-01 01:44:48 PM,1130.3,10,11303.0,18079785.199999996
2025-08-01 01:45:05 PM,1129.1,0,0.0,18079785.199999996
2025-08-01 01:45:08 PM,1129.1,4,4516.4,18084301.599999994
2025-08-01 01:45:25 PM,1128.6,0,0.0,18084301.599999994
2025-08-01 01:45:29 PM,1128.6,20,22572.0,18106873.599999994
2025-08-01 01:46:21 PM,1129.6,0,0.0,18106873.599999994
2025-08-01 01:46:22 PM,1129.6,2,2259.2,18109132.799999993
2025-08-01 01:47:11 PM,1128.9,0,0.0,18109132.799999993
2025-08-01 01:47:13 PM,1128.9,14,15804.600000000002,18124937.399999995
2025-08-01 01:47:18 PM,1128.9,4,4515.6,18129452.999999996
2025-08-01 01:47:21 PM,1129.1,0,0.0,18129452.999999996
2025-08-01 01:47:23 PM,1129.1,4,4516.4,18133969.399999995
2025-08-01 01:48:35 PM,1128.9,0,0.0,18133969.399999995
2025-08-01 01:48:38 PM,1128.9,3,3386.7000000000003,18137356.099999994
2025-08-01 01:49:12 PM,1128.9,3,3386.7000000000003,18140742.799999993
2025-08-01 01:49:53 PM,1129.1,0,0.0,18140742.799999993
2025-08-01 01:49:55 PM,1129.1,11,12420.099999999999,18153162.899999995
2025-08-01 01:50:13 PM,1128.9,0,0.0,18153162.899999995
2025-08-01 01:50:14 PM,1128.9,2,2257.8,18155420.699999996
2025-08-01 01:50:34 PM,1128.9,39,44027.100000000006,18199447.799999997
2025-08-01 01:50:41 PM,1127.3,0,0.0,18199447.799999997
2025-08-01 01:50:44 PM,1127.3,2,2254.6,18201702.4
2025-08-01 01:53:07 PM,1128.4,0,0.0,18201702.4
2025-08-01 01:53:10 PM,1128.4,2,2256.8,18203959.2
2025-08-01 01:53:24 PM,1128.4,2,2256.8,18206216.0
2025-08-01 01:54:44 PM,1128.4,12,13540.800000000001,18219756.8
2025-08-01 01:54:49 PM,1128.4,1,1128.4,18220885.2
2025-08-01 01:55:25 PM,1129.1,0,0.0,18220885.2
2025-08-01 01:55:29 PM,1129.1,3,3387.2999999999997,18224272.5
2025-08-01 01:56:19 PM,1129.1,15,16936.5,18241209.0
2025-08-01 01:56:27 PM,1128.4,0,0.0,18241209.0
2025-08-01 01:56:29 PM,1128.4,15,16926.0,18258135.0
2025-08-01 01:57:45 PM,1128.8,0,0.0,18258135.0
2025-08-01 01:57:47 PM,1128.8,10,11288.0,18269423.0
2025-08-01 01:57:51 PM,1128.4,0,0.0,18269423.0
2025-08-01 01:57:52 PM,1128.4,1,1128.4,18270551.4
2025-08-01 01:58:05 PM,1129.1,0,0.0,18270551.4
2025-08-01 01:58:07 PM,1129.1,3,3387.2999999999997,18273938.7
2025-08-01 01:59:02 PM,1129.1,3,3387.2999999999997,18277326.0
2025-08-01 01:59:11 PM,1127.9,0,0.0,18277326.0
2025-08-01 01:59:13 PM,1127.9,23,25941.7,18303267.7
2025-08-01 01:59:53 PM,1126.7,0,0.0,18303267.7
2025-08-01 01:59:53 PM,1126.7,1,1126.7,18304394.4
2025-08-01 02:01:25 PM,1127.9,0,0.0,18304394.4
2025-08-01 02:01:26 PM,1127.9,2,2255.8,18306650.2
2025-08-01 02:02:20 PM,1127.9,10,11279.0,18317929.2
2025-08-01 02:02:40 PM,1126.4,0,0.0,18317929.2
2025-08-01 02:02:45 PM,1126.4,50,56320.00000000001,18374249.2
2025-08-01 02:03:20 PM,1127.2,2,2254.4,18376503.599999998
2025-08-01 02:03:27 PM,1126.4,0,0.0,18376503.599999998
2025-08-01 02:03:30 PM,1126.4,4,4505.6,18381009.2
2025-08-01 02:04:23 PM,1126.0,0,0.0,18381009.2
2025-08-01 02:04:25 PM,1126.0,6,6756.0,18387765.2
2025-08-01 02:04:27 PM,1126.8,0,0.0,18387765.2
2025-08-01 02:04:30 PM,1126.8,9,10141.199999999999,18397906.4
2025-08-01 02:04:53 PM,1125.8,0,0.0,18397906.4
2025-08-01 02:04:56 PM,1125.8,54,60793.2,18458699.599999998
2025-08-01 02:05:11 PM,1125.9,3,3377.7000000000003,18462077.299999997
2025-08-01 02:05:19 PM,1126.8,0,0.0,18462077.299999997
2025-08-01 02:05:21 PM,1126.8,3,3380.3999999999996,18465457.699999996
2025-08-01 02:06:18 PM,1126.0,0,0.0,18465457.699999996
2025-08-01 02:06:21 PM,1126.0,6,6756.0,18472213.699999996
2025-08-01 02:06:52 PM,1126.7,0,0.0,18472213.699999996
2025-08-01 02:06:53 PM,1126.7,10,11267.0,18483480.699999996
2025-08-01 02:07:23 PM,1126.7,1,1126.7,18484607.399999995
2025-08-01 02:07:26 PM,1126.0,0,0.0,18484607.399999995
2025-08-01 02:07:27 PM,1126.0,4,4504.0,18489111.399999995
2025-08-01 02:08:34 PM,1126.0,140,157640.0,18646751.399999995
2025-08-01 02:08:39 PM,1125.9,0,0.0,18646751.399999995
2025-08-01 02:08:40 PM,1125.9,5,5629.5,18652380.899999995
2025-08-01 02:10:03 PM,1125.2,0,0.0,18652380.899999995
2025-08-01 02:10:05 PM,1125.2,5,5626.0,18658006.899999995
2025-08-01 02:10:37 PM,1125.1,0,0.0,18658006.899999995
2025-08-01 02:10:40 PM,1125.1,20,22502.0,18680508.899999995
2025-08-01 02:10:41 PM,1125.7,0,0.0,18680508.899999995
2025-08-01 02:10:45 PM,1125.7,1,1125.7,18681634.599999994
2025-08-01 02:10:48 PM,1125.0,0,0.0,18681634.599999994
2025-08-01 02:10:51 PM,1125.0,1,1125.0,18682759.599999994
2025-08-01 02:12:28 PM,1125.7,0,0.0,18682759.599999994
2025-08-01 02:12:29 PM,1125.7,10,11257.0,18694016.599999994
2025-08-01 02:13:03 PM,1125.1,0,0.0,18694016.599999994
2025-08-01 02:13:05 PM,1125.1,67,75381.7,18769398.299999993
2025-08-01 02:13:10 PM,1125.0,2,2250.0,18771648.299999993
2025-08-01 02:13:11 PM,1125.6,0,0.0,18771648.299999993
2025-08-01 02:13:12 PM,1125.6,6,6753.599999999999,18778401.899999995
2025-08-01 02:13:22 PM,1125.6,9,10130.4,18788532.299999993
2025-08-01 02:13:25 PM,1130.0,0,0.0,18788532.299999993
2025-08-01 02:13:25 PM,1130.0,354,400020.0,19188552.299999993
2025-08-01 02:13:35 PM,1133.0,0,0.0,19188552.299999993
2025-08-01 02:13:36 PM,1132.4,136,154006.40000000002,19342558.69999999
2025-08-01 02:13:47 PM,1134.3,0,0.0,19342558.69999999
2025-08-01 02:13:49 PM,1134.3,1121,1271550.3,20614108.999999993
2025-08-01 02:13:49 PM,1133.0,0,0.0,20614108.999999993
2025-08-01 02:13:51 PM,1131.1,0,0.0,20614108.999999993
2025-08-01 02:13:52 PM,1131.9,78,88288.20000000001,20702397.19999999
2025-08-01 02:13:53 PM,1130.7,0,0.0,20702397.19999999
2025-08-01 02:13:54 PM,1130.8,104,117603.2,20820000.39999999
2025-08-01 02:13:55 PM,1129.4,0,0.0,20820000.39999999
2025-08-01 02:13:57 PM,1131.1,0,0.0,20820000.39999999
2025-08-01 02:13:57 PM,1131.1,1072,1212539.2,22032539.59999999
2025-08-01 02:13:59 PM,1132.3,0,0.0,22032539.59999999
2025-08-01 02:13:59 PM,1132.3,4,4529.2,22037068.79999999
2025-08-01 02:14:00 PM,1130.5,78,88179.0,22125247.79999999
2025-08-01 02:14:04 PM,1134.2,0,0.0,22125247.79999999
2025-08-01 02:14:04 PM,1134.2,461,522866.2,22648113.99999999
2025-08-01 02:14:05 PM,1133.5,0,0.0,22648113.99999999
2025-08-01 02:14:05 PM,1133.5,8,9068.0,22657181.99999999
2025-08-01 02:14:07 PM,1134.0,0,0.0,22657181.99999999
2025-08-01 02:14:07 PM,1135.2,174,197524.80000000002,22854706.79999999
2025-08-01 02:14:17 PM,1136.5,156,177294.0,23032000.79999999
2025-08-01 02:14:26 PM,1136.5,10,11365.0,23043365.79999999
2025-08-01 02:14:31 PM,1133.5,350,396725.0,23440090.79999999
2025-08-01 02:14:32 PM,1135.5,0,0.0,23440090.79999999
2025-08-01 02:14:32 PM,1135.5,73,82891.5,23522982.29999999
2025-08-01 02:14:33 PM,1135.5,17,19303.5,23542285.79999999
2025-08-01 02:14:35 PM,1134.4,19,21553.600000000002,23563839.39999999
2025-08-01 02:14:35 PM,1134.4,25,28360.000000000004,23592199.39999999
2025-08-01 02:14:37 PM,1134.5,71,80549.5,23672748.89999999
2025-08-01 02:14:41 PM,1134.0,0,0.0,23672748.89999999
2025-08-01 02:14:41 PM,1134.0,59,66906.0,23739654.89999999
2025-08-01 02:14:43 PM,1134.1,0,0.0,23739654.89999999
2025-08-01 02:14:43 PM,1134.1,45,51034.49999999999,23790689.39999999
2025-08-01 02:15:00 PM,1135.5,63,71536.5,23862225.89999999
2025-08-01 02:15:07 PM,1136.0,0,0.0,23862225.89999999
2025-08-01 02:15:07 PM,1136.0,10,11360.0,23873585.89999999
2025-08-01 02:15:13 PM,1135.2,0,0.0,23873585.89999999
2025-08-01 02:15:15 PM,1135.1,0,0.0,23873585.89999999
2025-08-01 02:15:15 PM,1135.1,44,49944.399999999994,23923530.29999999
2025-08-01 02:15:18 PM,1135.2,7,7946.400000000001,23931476.699999988
2025-08-01 02:15:28 PM,1135.2,1,1135.2,23932611.899999987
2025-08-01 02:15:30 PM,1134.4,16,18150.4,23950762.299999986
2025-08-01 02:15:33 PM,1134.4,5,5672.0,23956434.299999986
2025-08-01 02:15:36 PM,1135.5,25,28387.5,23984821.799999986
2025-08-01 02:15:49 PM,1136.6,0,0.0,23984821.799999986
2025-08-01 02:15:49 PM,1136.6,203,230729.8,24215551.599999987
2025-08-01 02:15:49 PM,1136.0,0,0.0,24215551.599999987
2025-08-01 02:15:51 PM,1136.0,3,3408.0,24218959.599999987
2025-08-01 02:15:55 PM,1137.0,0,0.0,24218959.599999987
2025-08-01 02:15:55 PM,1137.0,167,189879.0,24408838.599999987
2025-08-01 02:16:23 PM,1136.0,0,0.0,24408838.599999987
2025-08-01 02:16:25 PM,1136.0,100,113600.0,24522438.599999987
2025-08-01 02:16:27 PM,1136.1,0,0.0,24522438.599999987
2025-08-01 02:16:29 PM,1136.1,7,7952.699999999999,24530391.299999986
2025-08-01 02:17:39 PM,1135.8,0,0.0,24530391.299999986
2025-08-01 02:17:40 PM,1135.8,55,62469.0,24592860.299999986
2025-08-01 02:20:13 PM,1134.0,0,0.0,24592860.299999986
2025-08-01 02:20:15 PM,1134.0,1,1134.0,24593994.299999986
2025-08-01 02:20:25 PM,1134.9,10,11349.0,24605343.299999986
2025-08-01 02:20:43 PM,1134.2,0,0.0,24605343.299999986
2025-08-01 02:20:45 PM,1133.3,0,0.0,24605343.299999986
2025-08-01 02:20:45 PM,1133.3,137,155262.1,24760605.399999987
2025-08-01 02:22:03 PM,1134.2,0,0.0,24760605.399999987
2025-08-01 02:22:04 PM,1134.2,10,11342.0,24771947.399999987
2025-08-01 02:22:19 PM,1133.4,0,0.0,24771947.399999987
2025-08-01 02:22:20 PM,1133.4,27,30601.800000000003,24802549.199999988
2025-08-01 02:22:25 PM,1133.4,16,18134.4,24820683.599999987
2025-08-01 02:24:16 PM,1133.2,0,0.0,24820683.599999987
2025-08-01 02:24:17 PM,1133.2,10,11332.0,24832015.599999987
2025-08-01 02:24:22 PM,1133.2,13,14731.6,24846747.199999988
2025-08-01 02:24:33 PM,1133.2,14,15864.800000000001,24862611.99999999
2025-08-01 02:24:38 PM,1133.2,4,4532.8,24867144.79999999
2025-08-01 02:24:55 PM,1132.5,4,4530.0,24871674.79999999
2025-08-01 02:24:57 PM,1133.2,0,0.0,24871674.79999999
2025-08-01 02:24:59 PM,1133.2,48,54393.600000000006,24926068.39999999
2025-08-01 02:25:26 PM,1133.2,16,18131.2,24944199.59999999
2025-08-01 02:26:13 PM,1132.7,0,0.0,24944199.59999999
2025-08-01 02:26:14 PM,1132.7,1,1132.7,24945332.29999999
2025-08-01 02:27:16 PM,1133.2,0,0.0,24945332.29999999
2025-08-01 02:27:18 PM,1133.2,2,2266.4,24947598.699999988
2025-08-01 02:27:44 PM,1132.7,0,0.0,24947598.699999988
2025-08-01 02:27:45 PM,1132.7,13,14725.1,24962323.79999999
2025-08-01 02:27:50 PM,1132.7,30,33981.0,24996304.79999999
2025-08-01 02:27:59 PM,1131.5,0,0.0,24996304.79999999
2025-08-01 02:28:01 PM,1131.5,66,74679.0,25070983.79999999
2025-08-01 02:28:32 PM,1131.1,0,0.0,25070983.79999999
2025-08-01 02:28:34 PM,1131.1,10,11311.0,25082294.79999999
2025-08-01 02:30:02 PM,1130.2,0,0.0,25082294.79999999
2025-08-01 02:30:03 PM,1130.2,9,10171.800000000001,25092466.59999999
2025-08-01 02:30:24 PM,1132.6,0,0.0,25092466.59999999
2025-08-01 02:30:25 PM,1132.6,70,79282.0,25171748.59999999
2025-08-01 02:30:33 PM,1132.7,0,0.0,25171748.59999999
2025-08-01 02:30:36 PM,1132.7,57,64563.9,25236312.49999999
2025-08-01 02:30:53 PM,1132.7,140,158578.0,25394890.49999999
2025-08-01 02:30:58 PM,1131.7,10,11317.0,25406207.49999999
2025-08-01 02:31:00 PM,1132.7,0,0.0,25406207.49999999
2025-08-01 02:31:02 PM,1132.7,14,15857.800000000001,25422065.29999999
2025-08-01 02:31:14 PM,1132.7,1,1132.7,25423197.99999999
2025-08-01 02:33:35 PM,1132.7,315,356800.5,25779998.49999999
2025-08-01 02:33:56 PM,1134.8,0,0.0,25779998.49999999
2025-08-01 02:33:57 PM,1134.8,10,11348.0,25791346.49999999
2025-08-01 02:33:59 PM,1134.8,11,12482.8,25803829.29999999
2025-08-01 02:34:03 PM,1134.0,0,0.0,25803829.29999999
2025-08-01 02:34:05 PM,1134.0,49,55566.0,25859395.29999999
2025-08-01 02:34:11 PM,1134.0,7,7938.0,25867333.29999999
2025-08-01 02:34:24 PM,1133.2,0,0.0,25867333.29999999
2025-08-01 02:34:25 PM,1133.2,8,9065.6,25876398.89999999
2025-08-01 02:34:32 PM,1132.4,0,0.0,25876398.89999999
2025-08-01 02:34:33 PM,1132.4,15,16986.0,25893384.89999999
2025-08-01 02:36:12 PM,1133.4,0,0.0,25893384.89999999
2025-08-01 02:36:14 PM,1133.4,10,11334.0,25904718.89999999
2025-08-01 02:36:16 PM,1132.3,34,38498.2,25943217.09999999
2025-08-01 02:36:17 PM,1132.5,0,0.0,25943217.09999999
2025-08-01 02:36:19 PM,1132.5,1,1132.5,25944349.59999999
2025-08-01 02:36:29 PM,1132.9,0,0.0,25944349.59999999
2025-08-01 02:36:30 PM,1132.9,18,20392.2,25964741.79999999
2025-08-01 02:36:32 PM,1132.9,1,1132.9,25965874.699999988
2025-08-01 02:37:08 PM,1132.3,0,0.0,25965874.699999988
2025-08-01 02:37:08 PM,1132.3,2,2264.6,25968139.29999999
2025-08-01 02:37:39 PM,1132.9,48,54379.200000000004,26022518.49999999
2025-08-01 02:37:44 PM,1132.9,4,4531.6,26027050.09999999
2025-08-01 02:38:30 PM,1132.1,83,93964.29999999999,26121014.39999999
2025-08-01 02:39:09 PM,1130.4,0,0.0,26121014.39999999
2025-08-01 02:39:10 PM,1130.4,27,30520.800000000003,26151535.19999999
2025-08-01 02:39:14 PM,1131.6,0,0.0,26151535.19999999
2025-08-01 02:39:16 PM,1131.6,2,2263.2,26153798.39999999
2025-08-01 02:40:06 PM,1131.6,1,1131.6,26154929.999999993
2025-08-01 02:43:46 PM,1132.1,0,0.0,26154929.999999993
2025-08-01 02:43:48 PM,1132.1,1,1132.1,26156062.099999994
2025-08-01 02:44:04 PM,1132.1,10,11321.0,26167383.099999994
2025-08-01 02:44:16 PM,1132.1,35,39623.5,26207006.599999994
2025-08-01 02:44:21 PM,1132.0,0,0.0,26207006.599999994
2025-08-01 02:44:21 PM,1132.0,1,1132.0,26208138.599999994
2025-08-01 02:45:09 PM,1132.1,0,0.0,26208138.599999994
2025-08-01 02:45:12 PM,1132.1,3,3396.2999999999997,26211534.899999995
2025-08-01 02:45:51 PM,1132.1,27,30566.699999999997,26242101.599999994
2025-08-01 02:49:24 PM,1132.2,10,11322.0,26253423.599999994
2025-08-01 02:50:51 PM,1132.3,0,0.0,26253423.599999994
2025-08-01 02:50:52 PM,1132.3,1,1132.3,26254555.899999995
2025-08-01 02:51:24 PM,1132.0,0,0.0,26254555.899999995
2025-08-01 02:51:24 PM,1132.0,10,11320.0,26265875.899999995
2025-08-01 02:51:46 PM,1132.0,10,11320.0,26277195.899999995
2025-08-01 02:51:51 PM,1130.7,59,66711.3,26343907.199999996
2025-08-01 02:51:57 PM,1130.7,2,2261.4,26346168.599999994
2025-08-01 02:53:59 PM,1128.3,0,0.0,26346168.599999994
2025-08-01 02:53:59 PM,1128.3,23,25950.899999999998,26372119.499999993
2025-08-01 02:54:05 PM,1128.8,35,39508.0,26411627.499999993
2025-08-01 02:54:08 PM,1128.7,6,6772.200000000001,26418399.69999999
2025-08-01 02:54:13 PM,1128.8,10,11288.0,26429687.69999999
2025-08-01 02:54:55 PM,1129.5,0,0.0,26429687.69999999
2025-08-01 02:54:56 PM,1129.5,27,30496.5,26460184.19999999
2025-08-01 02:55:02 PM,1129.4,0,0.0,26460184.19999999
2025-08-01 02:55:05 PM,1129.4,10,11294.0,26471478.19999999
2025-08-01 02:55:13 PM,1129.4,10,11294.0,26482772.19999999
2025-08-01 02:55:19 PM,1130.0,0,0.0,26482772.19999999
2025-08-01 02:55:21 PM,1130.0,46,51980.0,26534752.19999999
2025-08-01 02:55:23 PM,1129.2,1,1129.2,26535881.39999999
2025-08-01 02:55:24 PM,1132.4,0,0.0,26535881.39999999
2025-08-01 02:55:27 PM,1132.4,846,958010.4,27493891.79999999
2025-08-01 02:55:29 PM,1134.0,635,720090.0,28213981.79999999
2025-08-01 02:55:31 PM,1134.7,0,0.0,28213981.79999999
2025-08-01 02:55:33 PM,1134.7,197,223535.90000000002,28437517.699999988
2025-08-01 02:55:39 PM,1137.0,150,170550.0,28608067.699999988
2025-08-01 02:55:49 PM,1138.5,55,62617.5,28670685.199999988
2025-08-01 02:56:00 PM,1135.6,175,198729.99999999997,28869415.199999988
2025-08-01 02:56:03 PM,1136.9,0,0.0,28869415.199999988
2025-08-01 02:56:05 PM,1136.9,103,117100.70000000001,28986515.899999987
2025-08-01 02:56:12 PM,1135.6,0,0.0,28986515.899999987
2025-08-01 02:56:12 PM,1135.6,100,113559.99999999999,29100075.899999987
2025-08-01 02:59:43 PM,1135.8,0,0.0,29100075.899999987
2025-08-01 02:59:44 PM,1135.8,5,5679.0,29105754.899999987
2025-08-01 03:00:00 PM,1135.6,1,1135.6,29106890.49999999
2025-08-01 03:00:16 PM,1136.5,0,0.0,29106890.49999999
2025-08-01 03:00:17 PM,1135.4,0,0.0,29106890.49999999
2025-08-01 03:00:19 PM,1135.4,55,62447.00000000001,29169337.49999999
2025-08-01 03:00:21 PM,1134.9,6,6809.400000000001,29176146.899999987
2025-08-01 03:00:32 PM,1134.9,25,28372.500000000004,29204519.399999987
2025-08-01 03:00:53 PM,1135.3,0,0.0,29204519.399999987
2025-08-01 03:00:54 PM,1135.3,36,40870.799999999996,29245390.199999988
2025-08-01 03:00:55 PM,1135.5,0,0.0,29245390.199999988
2025-08-01 03:00:56 PM,1134.5,39,44245.5,29289635.699999988
2025-08-01 03:01:06 PM,1135.5,13,14761.5,29304397.199999988
2025-08-01 03:01:12 PM,1136.5,0,0.0,29304397.199999988
2025-08-01 03:01:13 PM,1136.5,9,10228.5,29314625.699999988
2025-08-01 03:01:40 PM,1135.7,39,44292.3,29358917.99999999
2025-08-01 03:01:57 PM,1135.1,0,0.0,29358917.99999999
2025-08-01 03:01:58 PM,1135.1,5,5675.5,29364593.49999999
2025-08-01 03:02:00 PM,1136.4,10,11364.0,29375957.49999999
2025-08-01 03:02:02 PM,1134.6,0,0.0,29375957.49999999
2025-08-01 03:02:04 PM,1134.6,50,56729.99999999999,29432687.49999999
2025-08-01 03:02:13 PM,1133.0,189,214137.0,29646824.49999999
2025-08-01 03:02:14 PM,1132.6,0,0.0,29646824.49999999
2025-08-01 03:02:17 PM,1133.5,10,11335.0,29658159.49999999
2025-08-01 03:02:19 PM,1132.6,1,1132.6,29659292.09999999
2025-08-01 03:03:32 PM,1132.6,10,11326.0,29670618.09999999
2025-08-01 03:03:42 PM,1133.5,146,165491.0,29836109.09999999
2025-08-01 03:03:53 PM,1133.5,11,12468.5,29848577.59999999
2025-08-01 03:03:59 PM,1132.8,72,81561.59999999999,29930139.19999999
2025-08-01 03:04:17 PM,1131.5,0,0.0,29930139.19999999
2025-08-01 03:04:18 PM,1131.5,3,3394.5,29933533.69999999
2025-08-01 03:05:08 PM,1131.1,0,0.0,29933533.69999999
2025-08-01 03:05:11 PM,1131.1,42,47506.2,29981039.89999999
2025-08-01 03:05:33 PM,1132.1,0,0.0,29981039.89999999
2025-08-01 03:05:33 PM,1132.1,10,11321.0,29992360.89999999
2025-08-01 03:06:35 PM,1132.1,10,11321.0,30003681.89999999
2025-08-01 03:06:44 PM,1132.0,58,65656.0,30069337.89999999
2025-08-01 03:07:46 PM,1132.1,1,1132.1,30070469.999999993
2025-08-01 03:08:02 PM,1130.8,1,1130.8,30071600.799999993
2025-08-01 03:08:10 PM,1132.1,0,0.0,30071600.799999993
2025-08-01 03:08:11 PM,1132.1,10,11321.0,30082921.799999993
2025-08-01 03:08:14 PM,1130.6,10,11306.0,30094227.799999993
2025-08-01 03:08:51 PM,1132.0,0,0.0,30094227.799999993
2025-08-01 03:08:52 PM,1132.0,10,11320.0,30105547.799999993
2025-08-01 03:10:00 PM,1132.0,10,11320.0,30116867.799999993
2025-08-01 03:10:04 PM,1132.4,0,0.0,30116867.799999993
2025-08-01 03:10:04 PM,1132.4,138,156271.2,30273138.999999993
2025-08-01 03:10:07 PM,1131.4,45,50913.00000000001,30324051.999999993
2025-08-01 03:10:14 PM,1132.3,0,0.0,30324051.999999993
2025-08-01 03:10:15 PM,1132.3,12,13587.599999999999,30337639.599999994
2025-08-01 03:10:32 PM,1131.2,1,1131.2,30338770.799999993
2025-08-01 03:10:38 PM,1132.1,0,0.0,30338770.799999993
2025-08-01 03:10:39 PM,1132.1,35,39623.5,30378394.299999993
2025-08-01 03:11:43 PM,1129.4,401,452889.4,30831283.69999999
2025-08-01 03:11:49 PM,1129.9,71,80222.90000000001,30911506.59999999
2025-08-01 03:11:51 PM,1130.9,10,11309.0,30922815.59999999
2025-08-01 03:11:56 PM,1130.8,10,11308.0,30934123.59999999
2025-08-01 03:12:02 PM,1130.8,24,27139.199999999997,30961262.79999999
2025-08-01 03:12:15 PM,1130.8,10,11308.0,30972570.79999999
2025-08-01 03:13:06 PM,1129.5,0,0.0,30972570.79999999
2025-08-01 03:13:07 PM,1129.5,45,50827.5,31023398.29999999
2025-08-01 03:13:14 PM,1130.6,20,22612.0,31046010.29999999
2025-08-01 03:13:20 PM,1129.5,13,14683.5,31060693.79999999
2025-08-01 03:13:23 PM,1129.5,25,28237.5,31088931.29999999
2025-08-01 03:13:29 PM,1129.5,14,15813.0,31104744.29999999
2025-08-01 03:13:32 PM,1129.5,14,15813.0,31120557.29999999
2025-08-01 03:13:47 PM,1130.8,10,11308.0,31131865.29999999
2025-08-01 03:14:08 PM,1130.8,19,21485.2,31153350.49999999
2025-08-01 03:15:05 PM,1129.5,0,0.0,31153350.49999999
2025-08-01 03:15:08 PM,1129.5,52,58734.0,31212084.49999999
2025-08-01 03:15:40 PM,1129.3,0,0.0,31212084.49999999
2025-08-01 03:15:40 PM,1129.3,10,11293.0,31223377.49999999
2025-08-01 03:15:52 PM,1128.6,33,37243.799999999996,31260621.29999999
2025-08-01 03:16:25 PM,1129.3,0,0.0,31260621.29999999
2025-08-01 03:16:27 PM,1128.4,21,23696.4,31284317.699999988
2025-08-01 03:16:34 PM,1129.4,10,11294.0,31295611.699999988
2025-08-01 03:16:49 PM,1129.4,1,1129.4,31296741.099999987
2025-08-01 03:17:08 PM,1129.4,11,12423.400000000001,31309164.499999985
2025-08-01 03:17:14 PM,1129.5,0,0.0,31309164.499999985
2025-08-01 03:17:14 PM,1129.5,20,22590.0,31331754.499999985
2025-08-01 03:17:34 PM,1130.7,9,10176.300000000001,31341930.799999986
2025-08-01 03:18:20 PM,1129.3,72,81309.59999999999,31423240.399999987
2025-08-01 03:18:22 PM,1129.0,0,0.0,31423240.399999987
2025-08-01 03:18:22 PM,1129.0,38,42902.0,31466142.399999987
2025-08-01 03:18:35 PM,1127.8,100,112780.0,31578922.399999987
2025-08-01 03:18:49 PM,1127.2,0,0.0,31578922.399999987
2025-08-01 03:18:52 PM,1127.2,50,56360.0,31635282.399999987
2025-08-01 03:19:15 PM,1129.4,10,11294.0,31646576.399999987
2025-08-01 03:19:19 PM,1127.5,210,236775.0,31883351.399999987
2025-08-01 03:19:21 PM,1127.5,7,7892.5,31891243.899999987
2025-08-01 03:19:32 PM,1127.6,33,37210.799999999996,31928454.699999988
2025-08-01 03:19:41 PM,1128.4,15,16926.0,31945380.699999988
2025-08-01 03:19:45 PM,1127.0,201,226527.0,32171907.699999988
2025-08-01 03:19:53 PM,1126.6,0,0.0,32171907.699999988
2025-08-01 03:19:54 PM,1126.6,18,20278.8,32192186.49999999
2025-08-01 03:19:57 PM,1126.0,0,0.0,32192186.49999999
2025-08-01 03:19:58 PM,1126.0,100,112600.0,32304786.49999999
2025-08-01 03:20:05 PM,1126.0,1,1126.0,32305912.49999999
2025-08-01 03:20:13 PM,1127.8,293,330445.39999999997,32636357.899999987
2025-08-01 03:20:16 PM,1130.2,44,49728.8,32686086.699999988
2025-08-01 03:20:20 PM,1132.6,79,89475.4,32775562.099999987
2025-08-01 03:20:27 PM,1129.2,1112,1255670.4000000001,34031232.499999985
2025-08-01 03:20:28 PM,1130.2,0,0.0,34031232.499999985
2025-08-01 03:20:30 PM,1130.5,32,36176.0,34067408.499999985
2025-08-01 03:20:34 PM,1129.1,0,0.0,34067408.499999985
2025-08-01 03:20:34 PM,1129.1,1019,1150552.9,35217961.39999998
2025-08-01 03:20:37 PM,1131.0,1000,1131000.0,36348961.39999998
2025-08-01 03:20:41 PM,1130.9,3,3392.7000000000003,36352354.09999999
2025-08-01 03:20:43 PM,1134.0,374,424116.0,36776470.09999999
2025-08-01 03:20:55 PM,1132.2,1322,1496768.4000000001,38273238.499999985
2025-08-01 03:20:56 PM,1132.9,0,0.0,38273238.499999985
2025-08-01 03:20:57 PM,1132.4,119,134755.6,38407994.09999999
2025-08-01 03:21:00 PM,1132.8,0,0.0,38407994.09999999
2025-08-01 03:21:01 PM,1132.8,25,28320.0,38436314.09999999
2025-08-01 03:21:04 PM,1134.9,383,434666.7,38870980.79999999
2025-08-01 03:21:09 PM,1137.0,66,75042.0,38946022.79999999
2025-08-01 03:21:10 PM,1135.0,0,0.0,38946022.79999999
2025-08-01 03:21:11 PM,1135.0,65,73775.0,39019797.79999999
2025-08-01 03:21:16 PM,1135.1,75,85132.5,39104930.29999999
2025-08-01 03:21:18 PM,1134.8,17,19291.6,39124221.89999999
2025-08-01 03:21:23 PM,1133.2,118,133717.6,39257939.49999999
2025-08-01 03:21:32 PM,1133.2,45,50994.0,39308933.49999999
2025-08-01 03:21:38 PM,1131.9,0,0.0,39308933.49999999
2025-08-01 03:21:38 PM,1131.9,9,10187.1,39319120.599999994
2025-08-01 03:21:43 PM,1135.0,560,635600.0,39954720.599999994
2025-08-01 03:21:50 PM,1137.0,148,168276.0,40122996.599999994
2025-08-01 03:21:53 PM,1136.0,0,0.0,40122996.599999994
2025-08-01 03:21:56 PM,1136.0,838,951968.0,41074964.599999994
2025-08-01 03:21:58 PM,1136.5,30,34095.0,41109059.599999994
2025-08-01 03:22:02 PM,1136.9,0,0.0,41109059.599999994
2025-08-01 03:22:03 PM,1136.9,703,799240.7000000001,41908300.3
2025-08-01 03:22:04 PM,1137.1,0,0.0,41908300.3
2025-08-01 03:22:04 PM,1137.1,53,60266.299999999996,41968566.599999994
2025-08-01 03:22:09 PM,1137.6,704,800870.3999999999,42769436.99999999
2025-08-01 03:22:13 PM,1137.1,0,0.0,42769436.99999999
2025-08-01 03:22:16 PM,1138.6,1004,1143154.4,43912591.39999999
2025-08-01 03:22:22 PM,1138.1,0,0.0,43912591.39999999
2025-08-01 03:22:23 PM,1138.1,459,522387.89999999997,44434979.29999999
2025-08-01 03:22:30 PM,1139.6,70,79772.0,44514751.29999999
2025-08-01 03:22:32 PM,1139.6,60,68376.0,44583127.29999999
2025-08-01 03:22:37 PM,1139.6,80,91168.0,44674295.29999999
2025-08-01 03:22:52 PM,1138.3,10,11383.0,44685678.29999999
2025-08-01 03:22:57 PM,1135.9,233,264664.7,44950342.99999999
2025-08-01 03:22:59 PM,1135.8,9,10222.199999999999,44960565.199999996
2025-08-01 03:23:00 PM,1135.5,0,0.0,44960565.199999996
2025-08-01 03:23:03 PM,1135.4,29,32926.600000000006,44993491.8
2025-08-01 03:23:05 PM,1135.4,25,28385.000000000004,45021876.8
2025-08-01 03:23:09 PM,1139.6,0,0.0,45021876.8
2025-08-01 03:23:10 PM,1139.6,474,540170.3999999999,45562047.199999996
2025-08-01 03:23:17 PM,1140.8,1000,1140800.0,46702847.199999996
2025-08-01 03:23:19 PM,1139.4,0,0.0,46702847.199999996
2025-08-01 03:23:23 PM,1141.4,229,261380.60000000003,46964227.8
2025-08-01 03:23:30 PM,1141.4,10,11414.0,46975641.8
2025-08-01 03:23:37 PM,1140.1,24,27362.399999999998,47003004.199999996
2025-08-01 03:23:43 PM,1140.1,10,11401.0,47014405.199999996
2025-08-01 03:24:00 PM,1138.7,0,0.0,47014405.199999996
2025-08-01 03:24:03 PM,1137.8,440,500632.0,47515037.199999996
2025-08-01 03:24:04 PM,1138.1,108,122914.79999999999,47637951.99999999
2025-08-01 03:24:07 PM,1133.2,0,0.0,47637951.99999999
2025-08-01 03:24:10 PM,1135.1,337,382528.69999999995,48020480.699999996
2025-08-01 03:24:11 PM,1137.1,1277,1452076.7,49472557.4
2025-08-01 03:24:17 PM,1136.2,264,299956.8,49772514.199999996
2025-08-01 03:24:18 PM,1138.2,0,0.0,49772514.199999996
2025-08-01 03:24:18 PM,1138.2,1076,1224703.2,50997217.4
2025-08-01 03:24:23 PM,1136.8,364,413795.2,51411012.6
2025-08-01 03:24:28 PM,1139.1,0,0.0,51411012.6
2025-08-01 03:24:30 PM,1139.1,948,1079866.7999999998,52490879.4
2025-08-01 03:24:32 PM,1139.6,5,5698.0,52496577.4
2025-08-01 03:24:37 PM,1135.9,1442,1637967.8,54134545.199999996
2025-08-01 03:24:45 PM,1142.4,1051,1200662.4000000001,55335207.599999994
2025-08-01 03:24:48 PM,1138.2,0,0.0,55335207.599999994
2025-08-01 03:24:50 PM,1139.6,67,76353.2,55411560.8
2025-08-01 03:24:57 PM,1139.9,209,238239.1,55649799.9
2025-08-01 03:25:00 PM,1138.1,0,0.0,55649799.9
2025-08-01 03:25:00 PM,1138.1,29,33004.899999999994,55682804.8
2025-08-01 03:25:04 PM,1138.3,104,118383.2,55801188.0
2025-08-01 03:25:06 PM,1136.6,0,0.0,55801188.0
2025-08-01 03:25:06 PM,1136.6,100,113659.99999999999,55914848.0
2025-08-01 03:25:06 PM,1137.9,87,98997.3,56013845.3
2025-08-01 03:25:14 PM,1139.9,119,135648.1,56149493.4
2025-08-01 03:25:25 PM,1138.9,10,11389.0,56160882.4
2025-08-01 03:25:32 PM,1135.9,75,85192.5,56246074.9
2025-08-01 03:25:34 PM,1135.8,0,0.0,56246074.9
2025-08-01 03:25:34 PM,1135.8,9,10222.199999999999,56256297.1
2025-08-01 03:25:34 PM,1134.6,0,0.0,56256297.1
2025-08-01 03:25:35 PM,1134.6,17,19288.199999999997,56275585.300000004
2025-08-01 03:25:37 PM,1135.6,0,0.0,56275585.300000004
2025-08-01 03:25:37 PM,1135.6,93,105610.79999999999,56381196.1
2025-08-01 03:25:38 PM,1134.7,0,0.0,56381196.1
2025-08-01 03:25:38 PM,1134.7,25,28367.5,56409563.6
2025-08-01 03:25:41 PM,1132.9,0,0.0,56409563.6
2025-08-01 03:25:41 PM,1132.9,3,3398.7000000000003,56412962.300000004
2025-08-01 03:25:42 PM,1133.9,0,0.0,56412962.300000004
2025-08-01 03:25:42 PM,1133.9,10,11339.0,56424301.300000004
2025-08-01 03:25:45 PM,1132.7,0,0.0,56424301.300000004
2025-08-01 03:25:45 PM,1132.7,42,47573.4,56471874.7
2025-08-01 03:25:47 PM,1132.7,101,114402.70000000001,56586277.400000006
2025-08-01 03:25:48 PM,1135.0,0,0.0,56586277.400000006
2025-08-01 03:25:48 PM,1135.0,13,14755.0,56601032.400000006
2025-08-01 03:25:50 PM,1134.7,0,0.0,56601032.400000006
2025-08-01 03:25:50 PM,1134.7,20,22694.0,56623726.400000006
2025-08-01 03:26:08 PM,1137.0,0,0.0,56623726.400000006
2025-08-01 03:26:09 PM,1137.0,284,322908.0,56946634.400000006
2025-08-01 03:26:16 PM,1137.0,107,121659.0,57068293.400000006
2025-08-01 03:26:21 PM,1140.0,0,0.0,57068293.400000006
2025-08-01 03:26:22 PM,1140.0,97,110580.0,57178873.400000006
2025-08-01 03:26:31 PM,1138.3,0,0.0,57178873.400000006
2025-08-01 03:26:36 PM,1137.4,83,94404.20000000001,57273277.60000001
2025-08-01 03:26:37 PM,1140.0,296,337440.0,57610717.60000001
2025-08-01 03:26:48 PM,1138.3,0,0.0,57610717.60000001
2025-08-01 03:26:49 PM,1138.3,2,2276.6,57612994.20000001
2025-08-01 03:26:55 PM,1140.0,45,51300.0,57664294.20000001
2025-08-01 03:27:02 PM,1138.1,58,66009.79999999999,57730304.00000001
2025-08-01 03:27:03 PM,1140.1,3,3420.2999999999997,57733724.300000004
2025-08-01 03:27:10 PM,1140.0,100,114000.0,57847724.300000004
2025-08-01 03:27:17 PM,1140.4,47,53598.8,57901323.1
2025-08-01 03:27:24 PM,1141.0,173,197393.0,58098716.1
2025-08-01 03:27:29 PM,1138.1,0,0.0,58098716.1
2025-08-01 03:27:30 PM,1138.1,25,28452.499999999996,58127168.6
2025-08-01 03:27:40 PM,1138.0,0,0.0,58127168.6
2025-08-01 03:27:44 PM,1137.6,0,0.0,58127168.6
2025-08-01 03:27:44 PM,1137.6,52,59155.2,58186323.800000004
2025-08-01 03:27:51 PM,1137.6,103,117172.79999999999,58303496.6
2025-08-01 03:27:58 PM,1137.6,326,370857.6,58674354.2
2025-08-01 03:28:00 PM,1137.3,0,0.0,58674354.2
2025-08-01 03:28:04 PM,1138.3,0,0.0,58674354.2
2025-08-01 03:28:05 PM,1138.3,276,314170.8,58988525.0
2025-08-01 03:28:13 PM,1141.3,35,39945.5,59028470.5
2025-08-01 03:28:20 PM,1141.3,100,114130.0,59142600.5
2025-08-01 03:28:29 PM,1141.4,0,0.0,59142600.5
2025-08-01 03:28:33 PM,1141.4,108,123271.20000000001,59265871.7
2025-08-01 03:28:40 PM,1136.6,32,36371.2,59302242.900000006
2025-08-01 03:28:46 PM,1139.9,74,84352.6,59386595.50000001
2025-08-01 03:28:52 PM,1141.4,0,0.0,59386595.50000001
2025-08-01 03:28:53 PM,1141.4,86,98160.40000000001,59484755.900000006
2025-08-01 03:28:58 PM,1136.9,0,0.0,59484755.900000006
2025-08-01 03:29:00 PM,1136.9,13,14779.7,59499535.60000001
2025-08-01 03:29:07 PM,1142.0,182,207844.0,59707379.60000001
2025-08-01 03:29:15 PM,1137.0,0,0.0,59707379.60000001
2025-08-01 03:29:16 PM,1137.0,45,51165.0,59758544.60000001
2025-08-01 03:29:22 PM,1140.0,0,0.0,59758544.60000001
2025-08-01 03:29:23 PM,1140.0,348,396720.0,60155264.60000001
2025-08-01 03:29:26 PM,1136.7,0,0.0,60155264.60000001
2025-08-01 03:29:31 PM,1142.8,384,438835.19999999995,60594099.80000001
2025-08-01 03:29:48 PM,1141.9,58,66230.20000000001,60660330.000000015
2025-08-01 03:29:49 PM,1140.0,0,0.0,60660330.000000015
2025-08-01 03:29:53 PM,1140.0,1001,1141140.0,61801470.000000015
2025-08-01 03:29:55 PM,1140.1,0,0.0,61801470.000000015
2025-08-01 03:29:55 PM,1140.1,9,10260.9,61811730.90000001
