date,price,qty,trnvr,cum_trnvr
2025-08-01 09:15:08 AM,8865.0,809,7171785.0,7171785.0
2025-08-01 09:15:10 AM,8877.5,201,1784377.5,8956162.5
2025-08-01 09:15:16 AM,8877.0,0,0.0,8956162.5
2025-08-01 09:15:19 AM,8869.5,541,4798399.5,13754562.0
2025-08-01 09:15:21 AM,8859.5,119,1054280.5,14808842.5
2025-08-01 09:15:24 AM,8820.0,0,0.0,14808842.5
2025-08-01 09:15:26 AM,8824.0,0,0.0,14808842.5
2025-08-01 09:15:29 AM,8831.5,1544,13635836.0,28444678.5
2025-08-01 09:15:30 AM,8795.5,541,4758365.5,33203044.0
2025-08-01 09:15:31 AM,8778.0,0,0.0,33203044.0
2025-08-01 09:15:36 AM,8769.0,0,0.0,33203044.0
2025-08-01 09:15:37 AM,8769.5,454,3981353.0,37184397.0
2025-08-01 09:15:39 AM,8767.0,168,1472856.0,38657253.0
2025-08-01 09:15:40 AM,8751.0,0,0.0,38657253.0
2025-08-01 09:15:44 AM,8763.5,0,0.0,38657253.0
2025-08-01 09:15:45 AM,8774.5,2672,23445464.0,62102717.0
2025-08-01 09:15:47 AM,8770.0,262,2297740.0,64400457.0
2025-08-01 09:15:49 AM,8769.0,0,0.0,64400457.0
2025-08-01 09:15:52 AM,8794.0,0,0.0,64400457.0
2025-08-01 09:15:54 AM,8793.0,567,4985631.0,69386088.0
2025-08-01 09:15:55 AM,8794.5,27,237451.5,69623539.5
2025-08-01 09:15:58 AM,8762.0,0,0.0,69623539.5
2025-08-01 09:16:00 AM,8768.0,0,0.0,69623539.5
2025-08-01 09:16:01 AM,8768.0,273,2393664.0,72017203.5
2025-08-01 09:16:01 AM,8769.0,0,0.0,72017203.5
2025-08-01 09:16:01 AM,8760.0,0,0.0,72017203.5
2025-08-01 09:16:02 AM,8750.5,100,875050.0,72892253.5
2025-08-01 09:16:02 AM,8744.0,33,288552.0,73180805.5
2025-08-01 09:16:02 AM,8737.5,0,0.0,73180805.5
2025-08-01 09:16:02 AM,8737.5,91,795112.5,73975918.0
2025-08-01 09:16:03 AM,8752.5,82,717705.0,74693623.0
2025-08-01 09:16:03 AM,8752.5,14,122535.0,74816158.0
2025-08-01 09:16:04 AM,8752.5,1,8752.5,74824910.5
2025-08-01 09:16:04 AM,8730.0,0,0.0,74824910.5
2025-08-01 09:16:04 AM,8730.0,53,462690.0,75287600.5
2025-08-01 09:16:05 AM,8714.5,21,183004.5,75470605.0
2025-08-01 09:16:06 AM,8740.0,185,1616900.0,77087505.0
2025-08-01 09:16:06 AM,8715.5,0,0.0,77087505.0
2025-08-01 09:16:06 AM,8715.5,34,296327.0,77383832.0
2025-08-01 09:16:07 AM,8713.0,37,322381.0,77706213.0
2025-08-01 09:16:08 AM,8724.5,56,488572.0,78194785.0
2025-08-01 09:16:08 AM,8714.5,0,0.0,78194785.0
2025-08-01 09:16:08 AM,8714.5,6,52287.0,78247072.0
2025-08-01 09:16:09 AM,8700.0,117,1017900.0,79264972.0
2025-08-01 09:16:10 AM,8703.0,78,678834.0,79943806.0
2025-08-01 09:16:11 AM,8723.5,0,0.0,79943806.0
2025-08-01 09:16:11 AM,8707.5,166,1445445.0,81389251.0
2025-08-01 09:16:12 AM,8700.5,188,1635694.0,83024945.0
2025-08-01 09:16:13 AM,8700.5,18,156609.0,83181554.0
2025-08-01 09:16:13 AM,8712.5,0,0.0,83181554.0
2025-08-01 09:16:13 AM,8712.5,65,566312.5,83747866.5
2025-08-01 09:16:14 AM,8719.5,77,671401.5,84419268.0
2025-08-01 09:16:14 AM,8703.0,0,0.0,84419268.0
2025-08-01 09:16:15 AM,8701.5,18,156627.0,84575895.0
2025-08-01 09:16:15 AM,8710.0,0,0.0,84575895.0
2025-08-01 09:16:15 AM,8710.0,12,104520.0,84680415.0
2025-08-01 09:16:15 AM,8701.0,0,0.0,84680415.0
2025-08-01 09:16:16 AM,8701.0,7,60907.0,84741322.0
2025-08-01 09:16:16 AM,8700.5,0,0.0,84741322.0
2025-08-01 09:16:17 AM,8700.0,8,69600.0,84810922.0
2025-08-01 09:16:17 AM,8710.5,0,0.0,84810922.0
2025-08-01 09:16:17 AM,8710.5,17,148078.5,84959000.5
2025-08-01 09:16:17 AM,8717.0,0,0.0,84959000.5
2025-08-01 09:16:18 AM,8713.0,226,1969138.0,86928138.5
2025-08-01 09:16:18 AM,8723.0,0,0.0,86928138.5
2025-08-01 09:16:19 AM,8713.5,79,688366.5,87616505.0
2025-08-01 09:16:19 AM,8713.0,0,0.0,87616505.0
2025-08-01 09:16:20 AM,8712.5,41,357212.5,87973717.5
2025-08-01 09:16:20 AM,8702.0,0,0.0,87973717.5
2025-08-01 09:16:21 AM,8706.5,41,356966.5,88330684.0
2025-08-01 09:16:22 AM,8710.5,64,557472.0,88888156.0
2025-08-01 09:16:23 AM,8715.0,82,714630.0,89602786.0
2025-08-01 09:16:24 AM,8712.5,79,688287.5,90291073.5
2025-08-01 09:16:25 AM,8726.5,11,95991.5,90387065.0
2025-08-01 09:16:25 AM,8714.0,0,0.0,90387065.0
2025-08-01 09:16:26 AM,8725.5,11,95980.5,90483045.5
2025-08-01 09:16:26 AM,8712.5,12,104550.0,90587595.5
2025-08-01 09:16:27 AM,8725.0,5,43625.0,90631220.5
2025-08-01 09:16:28 AM,8726.5,40,349060.0,90980280.5
2025-08-01 09:16:28 AM,8726.0,0,0.0,90980280.5
2025-08-01 09:16:28 AM,8744.0,0,0.0,90980280.5
2025-08-01 09:16:29 AM,8726.5,118,1029727.0,92010007.5
2025-08-01 09:16:30 AM,8720.0,21,183120.0,92193127.5
2025-08-01 09:16:31 AM,8732.5,15,130987.5,92324115.0
2025-08-01 09:16:31 AM,8723.5,0,0.0,92324115.0
2025-08-01 09:16:31 AM,8733.0,0,0.0,92324115.0
2025-08-01 09:16:32 AM,8720.0,47,409840.0,92733955.0
2025-08-01 09:16:32 AM,8732.5,20,174650.0,92908605.0
2025-08-01 09:16:32 AM,8732.0,0,0.0,92908605.0
2025-08-01 09:16:33 AM,8733.0,54,471582.0,93380187.0
2025-08-01 09:16:34 AM,8729.5,1,8729.5,93388916.5
2025-08-01 09:16:34 AM,8728.5,0,0.0,93388916.5
2025-08-01 09:16:34 AM,8729.0,0,0.0,93388916.5
2025-08-01 09:16:35 AM,8729.0,98,855442.0,94244358.5
2025-08-01 09:16:35 AM,8728.5,1,8728.5,94253087.0
2025-08-01 09:16:36 AM,8725.0,44,383900.0,94636987.0
2025-08-01 09:16:36 AM,8710.5,0,0.0,94636987.0
2025-08-01 09:16:37 AM,8725.0,84,732900.0,95369887.0
2025-08-01 09:16:37 AM,8712.5,0,0.0,95369887.0
2025-08-01 09:16:37 AM,8712.5,19,165537.5,95535424.5
2025-08-01 09:16:38 AM,8721.0,1,8721.0,95544145.5
2025-08-01 09:16:39 AM,8712.5,29,252662.5,95796808.0
2025-08-01 09:16:40 AM,8720.5,10,87205.0,95884013.0
2025-08-01 09:16:40 AM,8712.0,0,0.0,95884013.0
2025-08-01 09:16:41 AM,8719.0,19,165661.0,96049674.0
2025-08-01 09:16:41 AM,8718.5,1,8718.5,96058392.5
2025-08-01 09:16:42 AM,8728.5,50,436425.0,96494817.5
2025-08-01 09:16:42 AM,8710.5,0,0.0,96494817.5
2025-08-01 09:16:42 AM,8711.0,0,0.0,96494817.5
2025-08-01 09:16:43 AM,8710.5,135,1175917.5,97670735.0
2025-08-01 09:16:43 AM,8701.5,125,1087687.5,98758422.5
2025-08-01 09:16:44 AM,8707.0,521,4536347.0,103294769.5
2025-08-01 09:16:45 AM,8694.5,8,69556.0,103364325.5
2025-08-01 09:16:46 AM,8707.5,37,322177.5,103686503.0
2025-08-01 09:16:46 AM,8706.5,0,0.0,103686503.0
2025-08-01 09:16:47 AM,8706.5,2,17413.0,103703916.0
2025-08-01 09:16:47 AM,8700.0,8,69600.0,103773516.0
2025-08-01 09:16:48 AM,8693.5,0,0.0,103773516.0
2025-08-01 09:16:49 AM,8700.0,75,652500.0,104426016.0
2025-08-01 09:16:49 AM,8700.5,0,0.0,104426016.0
2025-08-01 09:16:49 AM,8700.5,14,121807.0,104547823.0
2025-08-01 09:16:50 AM,8700.0,20,174000.0,104721823.0
2025-08-01 09:16:51 AM,8699.0,25,217475.0,104939298.0
2025-08-01 09:16:51 AM,8699.5,0,0.0,104939298.0
2025-08-01 09:16:52 AM,8697.5,59,513152.5,105452450.5
2025-08-01 09:16:52 AM,8684.5,9,78160.5,105530611.0
2025-08-01 09:16:52 AM,8700.0,0,0.0,105530611.0
2025-08-01 09:16:53 AM,8700.0,30,261000.0,105791611.0
2025-08-01 09:16:54 AM,8700.0,6,52200.0,105843811.0
2025-08-01 09:16:54 AM,8702.5,0,0.0,105843811.0
2025-08-01 09:16:55 AM,8711.5,53,461709.5,106305520.5
2025-08-01 09:16:55 AM,8711.0,1,8711.0,106314231.5
2025-08-01 09:16:55 AM,8707.0,0,0.0,106314231.5
2025-08-01 09:16:55 AM,8701.0,0,0.0,106314231.5
2025-08-01 09:16:56 AM,8701.0,11,95711.0,106409942.5
2025-08-01 09:16:57 AM,8700.0,13,113100.0,106523042.5
2025-08-01 09:16:57 AM,8706.5,0,0.0,106523042.5
2025-08-01 09:16:58 AM,8707.0,17,148019.0,106671061.5
2025-08-01 09:16:58 AM,8712.0,0,0.0,106671061.5
2025-08-01 09:16:59 AM,8712.0,1,8712.0,106679773.5
2025-08-01 09:17:00 AM,8713.5,45,392107.5,107071881.0
2025-08-01 09:17:00 AM,8710.5,0,0.0,107071881.0
2025-08-01 09:17:01 AM,8720.5,10,87205.0,107159086.0
2025-08-01 09:17:02 AM,8728.5,100,872850.0,108031936.0
2025-08-01 09:17:03 AM,8707.0,48,417936.0,108449872.0
2025-08-01 09:17:04 AM,8707.5,5,43537.5,108493409.5
2025-08-01 09:17:04 AM,8714.5,0,0.0,108493409.5
2025-08-01 09:17:05 AM,8714.5,39,339865.5,108833275.0
2025-08-01 09:17:05 AM,8711.0,0,0.0,108833275.0
2025-08-01 09:17:05 AM,8711.0,28,243908.0,109077183.0
2025-08-01 09:17:06 AM,8702.5,10,87025.0,109164208.0
2025-08-01 09:17:06 AM,8700.5,0,0.0,109164208.0
2025-08-01 09:17:07 AM,8700.5,22,191411.0,109355619.0
2025-08-01 09:17:07 AM,8714.0,13,113282.0,109468901.0
2025-08-01 09:17:08 AM,8711.0,9,78399.0,109547300.0
2025-08-01 09:17:08 AM,8723.5,5,43617.5,109590917.5
2025-08-01 09:17:08 AM,8722.0,0,0.0,109590917.5
2025-08-01 09:17:09 AM,8717.5,29,252807.5,109843725.0
2025-08-01 09:17:10 AM,8728.0,64,558592.0,110402317.0
2025-08-01 09:17:10 AM,8729.0,10,87290.0,110489607.0
2025-08-01 09:17:11 AM,8727.0,5,43635.0,110533242.0
2025-08-01 09:17:11 AM,8729.5,0,0.0,110533242.0
2025-08-01 09:17:11 AM,8729.0,0,0.0,110533242.0
2025-08-01 09:17:12 AM,8729.0,25,218225.0,110751467.0
2025-08-01 09:17:13 AM,8721.0,3,26163.0,110777630.0
2025-08-01 09:17:14 AM,8732.5,165,1440862.5,112218492.5
2025-08-01 09:17:14 AM,8733.0,5,43665.0,112262157.5
2025-08-01 09:17:15 AM,8728.0,33,288024.0,112550181.5
2025-08-01 09:17:15 AM,8730.5,0,0.0,112550181.5
2025-08-01 09:17:16 AM,8730.5,5,43652.5,112593834.0
2025-08-01 09:17:16 AM,8724.0,9,78516.0,112672350.0
2025-08-01 09:17:16 AM,8732.5,0,0.0,112672350.0
2025-08-01 09:17:17 AM,8732.5,3,26197.5,112698547.5
2025-08-01 09:17:17 AM,8721.5,40,348860.0,113047407.5
2025-08-01 09:17:19 AM,8727.5,7,61092.5,113108500.0
2025-08-01 09:17:20 AM,8733.0,60,523980.0,113632480.0
2025-08-01 09:17:21 AM,8724.0,10,87240.0,113719720.0
2025-08-01 09:17:23 AM,8732.5,1,8732.5,113728452.5
2025-08-01 09:17:23 AM,8730.0,5,43650.0,113772102.5
2025-08-01 09:17:24 AM,8730.0,7,61110.0,113833212.5
2025-08-01 09:17:25 AM,8728.5,10,87285.0,113920497.5
2025-08-01 09:17:25 AM,8730.0,0,0.0,113920497.5
2025-08-01 09:17:25 AM,8730.0,1,8730.0,113929227.5
2025-08-01 09:17:26 AM,8722.5,168,1465380.0,115394607.5
2025-08-01 09:17:27 AM,8723.0,3,26169.0,115420776.5
2025-08-01 09:17:28 AM,8717.5,46,401005.0,115821781.5
2025-08-01 09:17:28 AM,8720.5,1,8720.5,115830502.0
2025-08-01 09:17:29 AM,8720.0,2,17440.0,115847942.0
2025-08-01 09:17:29 AM,8722.5,0,0.0,115847942.0
2025-08-01 09:17:29 AM,8714.0,50,435700.0,116283642.0
2025-08-01 09:17:30 AM,8710.5,72,627156.0,116910798.0
2025-08-01 09:17:31 AM,8717.5,160,1394800.0,118305598.0
2025-08-01 09:17:32 AM,8718.5,0,0.0,118305598.0
2025-08-01 09:17:32 AM,8718.5,40,348740.0,118654338.0
2025-08-01 09:17:32 AM,8710.5,0,0.0,118654338.0
2025-08-01 09:17:33 AM,8710.5,16,139368.0,118793706.0
2025-08-01 09:17:33 AM,8710.0,4,34840.0,118828546.0
2025-08-01 09:17:34 AM,8718.5,50,435925.0,119264471.0
2025-08-01 09:17:34 AM,8719.5,2,17439.0,119281910.0
2025-08-01 09:17:35 AM,8715.0,6,52290.0,119334200.0
2025-08-01 09:17:35 AM,8710.5,0,0.0,119334200.0
2025-08-01 09:17:36 AM,8710.5,22,191631.0,119525831.0
2025-08-01 09:17:37 AM,8717.5,1,8717.5,119534548.5
2025-08-01 09:17:37 AM,8722.0,0,0.0,119534548.5
2025-08-01 09:17:38 AM,8722.0,5,43610.0,119578158.5
2025-08-01 09:17:38 AM,8722.5,14,122115.0,119700273.5
2025-08-01 09:17:39 AM,8717.5,13,113327.5,119813601.0
2025-08-01 09:17:39 AM,8712.0,0,0.0,119813601.0
2025-08-01 09:17:40 AM,8712.0,1,8712.0,119822313.0
2025-08-01 09:17:41 AM,8720.0,184,1604480.0,121426793.0
2025-08-01 09:17:41 AM,8712.5,0,0.0,121426793.0
2025-08-01 09:17:42 AM,8712.5,5,43562.5,121470355.5
2025-08-01 09:17:42 AM,8712.5,6,52275.0,121522630.5
2025-08-01 09:17:42 AM,8718.0,0,0.0,121522630.5
2025-08-01 09:17:42 AM,8710.0,30,261300.0,121783930.5
2025-08-01 09:17:43 AM,8719.0,28,244132.0,122028062.5
2025-08-01 09:17:44 AM,8710.5,17,148078.5,122176141.0
2025-08-01 09:17:44 AM,8710.5,6,52263.0,122228404.0
2025-08-01 09:17:45 AM,8710.0,34,296140.0,122524544.0
2025-08-01 09:17:46 AM,8715.0,7,61005.0,122585549.0
2025-08-01 09:17:47 AM,8715.0,1,8715.0,122594264.0
2025-08-01 09:17:47 AM,8718.5,51,444643.5,123038907.5
2025-08-01 09:17:47 AM,8710.0,0,0.0,123038907.5
2025-08-01 09:17:48 AM,8710.0,448,3902080.0,126940987.5
2025-08-01 09:17:49 AM,8710.0,20,174200.0,127115187.5
2025-08-01 09:17:49 AM,8710.0,45,391950.0,127507137.5
2025-08-01 09:17:51 AM,8710.0,5,43550.0,127550687.5
2025-08-01 09:17:51 AM,8710.0,29,252590.0,127803277.5
2025-08-01 09:17:52 AM,8710.0,1,8710.0,127811987.5
2025-08-01 09:17:52 AM,8715.0,30,261450.0,128073437.5
2025-08-01 09:17:52 AM,8713.0,0,0.0,128073437.5
2025-08-01 09:17:53 AM,8713.0,5,43565.0,128117002.5
2025-08-01 09:17:53 AM,8718.5,50,435925.0,128552927.5
2025-08-01 09:17:53 AM,8710.5,0,0.0,128552927.5
2025-08-01 09:17:54 AM,8710.5,9,78394.5,128631322.0
2025-08-01 09:17:55 AM,8716.5,26,226629.0,128857951.0
2025-08-01 09:17:56 AM,8710.0,88,766480.0,129624431.0
2025-08-01 09:17:57 AM,8718.0,85,741030.0,130365461.0
2025-08-01 09:17:59 AM,8715.5,13,113301.5,130478762.5
2025-08-01 09:18:00 AM,8717.0,5,43585.0,130522347.5
2025-08-01 09:18:03 AM,8747.0,0,0.0,130522347.5
2025-08-01 09:18:05 AM,8760.0,872,7638720.0,138161067.5
2025-08-01 09:18:07 AM,8763.5,51,446938.5,138608006.0
2025-08-01 09:18:09 AM,8759.5,0,0.0,138608006.0
2025-08-01 09:18:11 AM,8751.5,0,0.0,138608006.0
2025-08-01 09:18:14 AM,8762.5,175,1533437.5,140141443.5
2025-08-01 09:18:15 AM,8762.0,29,254098.0,140395541.5
2025-08-01 09:18:17 AM,8753.5,0,0.0,140395541.5
2025-08-01 09:18:19 AM,8762.5,0,0.0,140395541.5
2025-08-01 09:18:22 AM,8781.5,150,1317225.0,141712766.5
2025-08-01 09:18:23 AM,8782.0,29,254678.0,141967444.5
2025-08-01 09:18:25 AM,8783.0,0,0.0,141967444.5
2025-08-01 09:18:27 AM,8789.5,0,0.0,141967444.5
2025-08-01 09:18:30 AM,8783.5,73,641195.5,142608640.0
2025-08-01 09:18:32 AM,8782.0,20,175640.0,142784280.0
2025-08-01 09:18:33 AM,8781.5,0,0.0,142784280.0
2025-08-01 09:18:34 AM,8774.5,0,0.0,142784280.0
2025-08-01 09:18:38 AM,8783.0,106,930998.0,143715278.0
2025-08-01 09:18:40 AM,8782.5,61,535732.5,144251010.5
2025-08-01 09:18:43 AM,8782.0,0,0.0,144251010.5
2025-08-01 09:18:47 AM,8799.5,109,959145.5,145210156.0
2025-08-01 09:18:48 AM,8797.0,15,131955.0,145342111.0
2025-08-01 09:18:49 AM,8792.0,0,0.0,145342111.0
2025-08-01 09:18:50 AM,8793.5,0,0.0,145342111.0
2025-08-01 09:18:55 AM,8808.5,156,1374126.0,146716237.0
2025-08-01 09:18:56 AM,8808.5,3,26425.5,146742662.5
2025-08-01 09:18:56 AM,8799.5,0,0.0,146742662.5
2025-08-01 09:18:58 AM,8808.5,0,0.0,146742662.5
2025-08-01 09:19:03 AM,8803.5,207,1822324.5,148564987.0
2025-08-01 09:19:04 AM,8800.0,73,642400.0,149207387.0
2025-08-01 09:19:05 AM,8798.0,0,0.0,149207387.0
2025-08-01 09:19:07 AM,8790.0,0,0.0,149207387.0
2025-08-01 09:19:11 AM,8799.5,110,967945.0,150175332.0
2025-08-01 09:19:12 AM,8796.5,46,404639.0,150579971.0
2025-08-01 09:19:19 AM,8787.5,61,536037.5,151116008.5
2025-08-01 09:19:20 AM,8787.5,13,114237.5,151230246.0
2025-08-01 09:19:22 AM,8794.5,0,0.0,151230246.0
2025-08-01 09:19:27 AM,8808.5,473,4166420.5,155396666.5
2025-08-01 09:19:28 AM,8797.5,50,439875.0,155836541.5
2025-08-01 09:19:29 AM,8802.5,0,0.0,155836541.5
2025-08-01 09:19:34 AM,8804.5,0,0.0,155836541.5
2025-08-01 09:19:35 AM,8804.5,364,3204838.0,159041379.5
2025-08-01 09:19:37 AM,8800.0,57,501600.0,159542979.5
2025-08-01 09:19:42 AM,8799.5,0,0.0,159542979.5
2025-08-01 09:19:43 AM,8799.5,54,475173.0,160018152.5
2025-08-01 09:19:45 AM,8800.0,25,220000.0,160238152.5
2025-08-01 09:19:50 AM,8801.5,0,0.0,160238152.5
2025-08-01 09:19:51 AM,8801.5,73,642509.5,160880662.0
2025-08-01 09:19:52 AM,8800.0,0,0.0,160880662.0
2025-08-01 09:19:53 AM,8800.0,18,158400.0,161039062.0
2025-08-01 09:19:59 AM,8800.0,14,123200.0,161162262.0
2025-08-01 09:20:06 AM,8790.0,0,0.0,161162262.0
2025-08-01 09:20:07 AM,8783.5,296,2599916.0,163762178.0
2025-08-01 09:20:09 AM,8796.0,40,351840.0,164114018.0
2025-08-01 09:20:13 AM,8793.5,0,0.0,164114018.0
2025-08-01 09:20:14 AM,8791.0,0,0.0,164114018.0
2025-08-01 09:20:15 AM,8791.5,33,290119.5,164404137.5
2025-08-01 09:20:17 AM,8792.0,19,167048.0,164571185.5
2025-08-01 09:20:20 AM,8783.5,0,0.0,164571185.5
2025-08-01 09:20:23 AM,8778.0,408,3581424.0,168152609.5
2025-08-01 09:20:23 AM,8779.0,0,0.0,168152609.5
2025-08-01 09:20:25 AM,8776.5,39,342283.5,168494893.0
2025-08-01 09:20:27 AM,8771.0,0,0.0,168494893.0
2025-08-01 09:20:31 AM,8776.0,129,1132104.0,169626997.0
2025-08-01 09:20:32 AM,8770.0,48,420960.0,170047957.0
2025-08-01 09:20:34 AM,8774.5,0,0.0,170047957.0
2025-08-01 09:20:38 AM,8779.0,0,0.0,170047957.0
2025-08-01 09:20:39 AM,8779.0,34,298486.0,170346443.0
2025-08-01 09:20:40 AM,8774.0,18,157932.0,170504375.0
2025-08-01 09:20:44 AM,8780.0,0,0.0,170504375.0
2025-08-01 09:20:47 AM,8780.5,11,96585.5,170600960.5
2025-08-01 09:20:52 AM,8774.5,0,0.0,170600960.5
2025-08-01 09:20:54 AM,8783.0,79,693857.0,171294817.5
2025-08-01 09:20:55 AM,8783.5,0,0.0,171294817.5
2025-08-01 09:20:56 AM,8783.5,111,974968.5,172269786.0
2025-08-01 09:20:59 AM,8774.0,0,0.0,172269786.0
2025-08-01 09:21:01 AM,8774.5,0,0.0,172269786.0
2025-08-01 09:21:02 AM,8774.5,37,324656.5,172594442.5
2025-08-01 09:21:03 AM,8774.0,15,131610.0,172726052.5
2025-08-01 09:21:05 AM,8778.5,0,0.0,172726052.5
2025-08-01 09:21:07 AM,8772.0,0,0.0,172726052.5
2025-08-01 09:21:10 AM,8780.0,81,711180.0,173437232.5
2025-08-01 09:21:11 AM,8778.0,13,114114.0,173551346.5
2025-08-01 09:21:15 AM,8772.5,0,0.0,173551346.5
2025-08-01 09:21:18 AM,8775.0,37,324675.0,173876021.5
2025-08-01 09:21:19 AM,8776.5,6,52659.0,173928680.5
2025-08-01 09:21:22 AM,8780.5,0,0.0,173928680.5
2025-08-01 09:21:26 AM,8774.5,22,193039.0,174121719.5
2025-08-01 09:21:27 AM,8775.0,8,70200.0,174191919.5
2025-08-01 09:21:29 AM,8782.0,0,0.0,174191919.5
2025-08-01 09:21:33 AM,8778.0,36,316008.0,174507927.5
2025-08-01 09:21:34 AM,8778.5,5,43892.5,174551820.0
2025-08-01 09:21:35 AM,8783.5,0,0.0,174551820.0
2025-08-01 09:21:39 AM,8778.5,0,0.0,174551820.0
2025-08-01 09:21:41 AM,8778.0,109,956802.0,175508622.0
2025-08-01 09:21:45 AM,8784.0,0,0.0,175508622.0
2025-08-01 09:21:48 AM,8778.0,0,0.0,175508622.0
2025-08-01 09:21:49 AM,8778.0,20,175560.0,175684182.0
2025-08-01 09:21:50 AM,8781.5,5,43907.5,175728089.5
2025-08-01 09:21:52 AM,8778.0,0,0.0,175728089.5
2025-08-01 09:21:56 AM,8778.0,57,500346.0,176228435.5
2025-08-01 09:21:57 AM,8784.5,20,175690.0,176404125.5
2025-08-01 09:21:59 AM,8778.0,0,0.0,176404125.5
2025-08-01 09:22:04 AM,8784.5,48,421656.0,176825781.5
2025-08-01 09:22:05 AM,8778.0,11,96558.0,176922339.5
2025-08-01 09:22:11 AM,8781.0,11,96591.0,177018930.5
2025-08-01 09:22:13 AM,8777.5,3,26332.5,177045263.0
2025-08-01 09:22:19 AM,8785.0,119,1045415.0,178090678.0
2025-08-01 09:22:20 AM,8775.5,0,0.0,178090678.0
2025-08-01 09:22:21 AM,8775.5,12,105306.0,178195984.0
2025-08-01 09:22:23 AM,8780.0,0,0.0,178195984.0
2025-08-01 09:22:27 AM,8774.5,73,640538.5,178836522.5
2025-08-01 09:22:28 AM,8765.5,263,2305326.5,181141849.0
2025-08-01 09:22:30 AM,8771.0,0,0.0,181141849.0
2025-08-01 09:22:34 AM,8770.0,35,306950.0,181448799.0
2025-08-01 09:22:36 AM,8765.0,29,254185.0,181702984.0
2025-08-01 09:22:42 AM,8777.0,22,193094.0,181896078.0
2025-08-01 09:22:43 AM,8770.5,0,0.0,181896078.0
2025-08-01 09:22:44 AM,8770.5,5,43852.5,181939930.5
2025-08-01 09:22:48 AM,8772.0,0,0.0,181939930.5
2025-08-01 09:22:49 AM,8772.0,18,157896.0,182097826.5
2025-08-01 09:22:51 AM,8770.0,31,271870.0,182369696.5
2025-08-01 09:22:54 AM,8765.0,0,0.0,182369696.5
2025-08-01 09:22:57 AM,8762.5,65,569562.5,182939259.0
2025-08-01 09:22:59 AM,8765.5,110,964205.0,183903464.0
2025-08-01 09:23:01 AM,8776.5,0,0.0,183903464.0
2025-08-01 09:23:05 AM,8776.5,34,298401.0,184201865.0
2025-08-01 09:23:06 AM,8767.0,13,113971.0,184315836.0
2025-08-01 09:23:12 AM,8767.0,12,105204.0,184421040.0
2025-08-01 09:23:14 AM,8765.0,24,210360.0,184631400.0
2025-08-01 09:23:16 AM,8765.5,0,0.0,184631400.0
2025-08-01 09:23:20 AM,8770.0,22,192940.0,184824340.0
2025-08-01 09:23:21 AM,8767.0,0,0.0,184824340.0
2025-08-01 09:23:22 AM,8767.0,30,263010.0,185087350.0
2025-08-01 09:23:28 AM,8760.5,5,43802.5,185131152.5
2025-08-01 09:23:29 AM,8764.0,29,254156.0,185385308.5
2025-08-01 09:23:35 AM,8765.0,211,1849415.0,187234723.5
2025-08-01 09:23:36 AM,8760.0,0,0.0,187234723.5
2025-08-01 09:23:37 AM,8760.0,37,324120.0,187558843.5
2025-08-01 09:23:41 AM,8761.0,0,0.0,187558843.5
2025-08-01 09:23:43 AM,8761.0,14,122654.0,187681497.5
2025-08-01 09:23:45 AM,8761.0,10,87610.0,187769107.5
2025-08-01 09:23:50 AM,8761.0,11,96371.0,187865478.5
2025-08-01 09:23:54 AM,8760.0,0,0.0,187865478.5
2025-08-01 09:23:58 AM,8755.0,90,787950.0,188653428.5
2025-08-01 09:24:00 AM,8755.0,25,218875.0,188872303.5
2025-08-01 09:24:06 AM,8755.0,172,1505860.0,190378163.5
2025-08-01 09:24:07 AM,8751.5,20,175030.0,190553193.5
2025-08-01 09:24:08 AM,8751.0,0,0.0,190553193.5
2025-08-01 09:24:14 AM,8759.0,28,245252.0,190798445.5
2025-08-01 09:24:15 AM,8755.0,2,17510.0,190815955.5
2025-08-01 09:24:21 AM,8767.0,40,350680.0,191166635.5
2025-08-01 09:24:23 AM,8763.5,40,350540.0,191517175.5
2025-08-01 09:24:26 AM,8755.5,0,0.0,191517175.5
2025-08-01 09:24:29 AM,8749.0,315,2755935.0,194273110.5
2025-08-01 09:24:30 AM,8763.5,5,43817.5,194316928.0
2025-08-01 09:24:33 AM,8757.0,0,0.0,194316928.0
2025-08-01 09:24:33 AM,8756.0,0,0.0,194316928.0
2025-08-01 09:24:36 AM,8756.0,94,823064.0,195139992.0
2025-08-01 09:24:38 AM,8755.5,19,166354.5,195306346.5
2025-08-01 09:24:39 AM,8757.0,0,0.0,195306346.5
2025-08-01 09:24:44 AM,8750.0,46,402500.0,195708846.5
2025-08-01 09:24:45 AM,8749.0,0,0.0,195708846.5
2025-08-01 09:24:46 AM,8749.0,7,61243.0,195770089.5
2025-08-01 09:24:51 AM,8754.5,12,105054.0,195875143.5
2025-08-01 09:24:57 AM,8750.0,0,0.0,195875143.5
2025-08-01 09:24:59 AM,8743.5,105,918067.5,196793211.0
2025-08-01 09:25:01 AM,8741.0,10,87410.0,196880621.0
2025-08-01 09:25:05 AM,8743.5,0,0.0,196880621.0
2025-08-01 09:25:06 AM,8743.5,100,874350.0,197754971.0
2025-08-01 09:25:08 AM,8742.0,35,305970.0,198060941.0
2025-08-01 09:25:12 AM,8743.5,0,0.0,198060941.0
2025-08-01 09:25:14 AM,8743.5,130,1136655.0,199197596.0
2025-08-01 09:25:16 AM,8729.0,114,995106.0,200192702.0
2025-08-01 09:25:18 AM,8737.0,0,0.0,200192702.0
2025-08-01 09:25:21 AM,8749.0,51,446199.0,200638901.0
2025-08-01 09:25:23 AM,8750.0,42,367500.0,201006401.0
2025-08-01 09:25:24 AM,8751.5,0,0.0,201006401.0
2025-08-01 09:25:29 AM,8763.5,110,963985.0,201970386.0
2025-08-01 09:25:29 AM,8758.5,0,0.0,201970386.0
2025-08-01 09:25:31 AM,8764.5,19,166525.5,202136911.5
2025-08-01 09:25:31 AM,8754.0,0,0.0,202136911.5
2025-08-01 09:25:36 AM,8791.5,838,7367277.0,209504188.5
2025-08-01 09:25:36 AM,8792.0,0,0.0,209504188.5
2025-08-01 09:25:37 AM,8790.5,0,0.0,209504188.5
2025-08-01 09:25:38 AM,8780.0,157,1378460.0,210882648.5
2025-08-01 09:25:42 AM,8767.5,0,0.0,210882648.5
2025-08-01 09:25:44 AM,8767.5,68,596190.0,211478838.5
2025-08-01 09:25:46 AM,8766.0,24,210384.0,211689222.5
2025-08-01 09:25:47 AM,8764.5,0,0.0,211689222.5
2025-08-01 09:25:51 AM,8774.5,24,210588.0,211899810.5
2025-08-01 09:25:53 AM,8768.0,10,87680.0,211987490.5
2025-08-01 09:25:59 AM,8773.5,3,26320.5,212013811.0
2025-08-01 09:25:59 AM,8767.5,0,0.0,212013811.0
2025-08-01 09:26:00 AM,8771.5,0,0.0,212013811.0
2025-08-01 09:26:01 AM,8771.5,8,70172.0,212083983.0
2025-08-01 09:26:03 AM,8785.5,0,0.0,212083983.0
2025-08-01 09:26:03 AM,8785.5,350,3074925.0,215158908.0
2025-08-01 09:26:04 AM,8778.5,0,0.0,215158908.0
2025-08-01 09:26:04 AM,8778.5,35,307247.5,215466155.5
2025-08-01 09:26:05 AM,8782.0,0,0.0,215466155.5
2025-08-01 09:26:05 AM,8782.0,12,105384.0,215571539.5
2025-08-01 09:26:06 AM,8781.5,10,87815.0,215659354.5
2025-08-01 09:26:08 AM,8779.5,8,70236.0,215729590.5
2025-08-01 09:26:09 AM,8779.5,6,52677.0,215782267.5
2025-08-01 09:26:10 AM,8780.0,5,43900.0,215826167.5
2025-08-01 09:26:12 AM,8781.5,2,17563.0,215843730.5
2025-08-01 09:26:12 AM,8784.0,0,0.0,215843730.5
2025-08-01 09:26:13 AM,8784.0,5,43920.0,215887650.5
2025-08-01 09:26:14 AM,8784.5,20,175690.0,216063340.5
2025-08-01 09:26:21 AM,8783.0,0,0.0,216063340.5
2025-08-01 09:26:22 AM,8783.0,5,43915.0,216107255.5
2025-08-01 09:26:23 AM,8784.5,0,0.0,216107255.5
2025-08-01 09:26:24 AM,8784.5,5,43922.5,216151178.0
2025-08-01 09:26:26 AM,8785.5,7,61498.5,216212676.5
2025-08-01 09:26:29 AM,8789.5,2,17579.0,216230255.5
2025-08-01 09:26:30 AM,8789.5,1,8789.5,216239045.0
2025-08-01 09:26:30 AM,8789.5,3,26368.5,216265413.5
2025-08-01 09:26:31 AM,8796.5,0,0.0,216265413.5
2025-08-01 09:26:31 AM,8790.5,51,448315.5,216713729.0
2025-08-01 09:26:32 AM,8798.0,5,43990.0,216757719.0
2025-08-01 09:26:32 AM,8798.0,3,26394.0,216784113.0
2025-08-01 09:26:33 AM,8795.5,25,219887.5,217004000.5
2025-08-01 09:26:33 AM,8795.5,296,2603468.0,219607468.5
2025-08-01 09:26:34 AM,8799.5,65,571967.5,220179436.0
2025-08-01 09:26:35 AM,8798.0,18,158364.0,220337800.0
2025-08-01 09:26:35 AM,8788.0,39,342732.0,220680532.0
2025-08-01 09:26:37 AM,8790.5,0,0.0,220680532.0
2025-08-01 09:26:37 AM,8790.5,5,43952.5,220724484.5
2025-08-01 09:26:37 AM,8791.5,13,114289.5,220838774.0
2025-08-01 09:26:38 AM,8790.5,0,0.0,220838774.0
2025-08-01 09:26:38 AM,8790.5,1,8790.5,220847564.5
2025-08-01 09:26:39 AM,8792.0,1,8792.0,220856356.5
2025-08-01 09:26:44 AM,8798.0,14,123172.0,220979528.5
2025-08-01 09:26:45 AM,8799.0,0,0.0,220979528.5
2025-08-01 09:26:46 AM,8799.0,2,17598.0,220997126.5
2025-08-01 09:26:46 AM,8800.0,5,44000.0,221041126.5
2025-08-01 09:26:48 AM,8801.5,20,176030.0,221217156.5
2025-08-01 09:26:49 AM,8796.5,48,422232.0,221639388.5
2025-08-01 09:26:51 AM,8795.5,9,79159.5,221718548.0
2025-08-01 09:26:55 AM,8795.0,7,61565.0,221780113.0
2025-08-01 09:26:55 AM,8792.5,0,0.0,221780113.0
2025-08-01 09:26:56 AM,8792.5,2,17585.0,221797698.0
2025-08-01 09:26:56 AM,8796.5,1,8796.5,221806494.5
2025-08-01 09:26:57 AM,8799.0,1,8799.0,221815293.5
2025-08-01 09:26:59 AM,8798.0,5,43990.0,221859283.5
2025-08-01 09:27:00 AM,8798.0,6,52788.0,221912071.5
2025-08-01 09:27:01 AM,8799.0,1,8799.0,221920870.5
2025-08-01 09:27:03 AM,8795.5,0,0.0,221920870.5
2025-08-01 09:27:07 AM,8795.5,35,307842.5,222228713.0
2025-08-01 09:27:09 AM,8797.5,4,35190.0,222263903.0
2025-08-01 09:27:10 AM,8792.0,0,0.0,222263903.0
2025-08-01 09:27:14 AM,8790.0,0,0.0,222263903.0
2025-08-01 09:27:15 AM,8788.5,270,2372895.0,224636798.0
2025-08-01 09:27:16 AM,8787.0,63,553581.0,225190379.0
2025-08-01 09:27:19 AM,8788.0,0,0.0,225190379.0
2025-08-01 09:27:20 AM,8789.5,0,0.0,225190379.0
2025-08-01 09:27:22 AM,8790.5,29,254924.5,225445303.5
2025-08-01 09:27:23 AM,8782.5,9,79042.5,225524346.0
2025-08-01 09:27:29 AM,8787.0,5,43935.0,225568281.0
2025-08-01 09:27:34 AM,8789.5,0,0.0,225568281.0
2025-08-01 09:27:37 AM,8789.5,20,175790.0,225744071.0
2025-08-01 09:27:44 AM,8789.5,7,61526.5,225805597.5
2025-08-01 09:28:00 AM,8796.5,0,0.0,225805597.5
2025-08-01 09:28:00 AM,8796.5,41,360656.5,226166254.0
2025-08-01 09:28:00 AM,8790.5,0,0.0,226166254.0
2025-08-01 09:28:01 AM,8790.5,2,17581.0,226183835.0
2025-08-01 09:28:05 AM,8795.5,0,0.0,226183835.0
2025-08-01 09:28:06 AM,8797.5,0,0.0,226183835.0
2025-08-01 09:28:08 AM,8791.0,85,747235.0,226931070.0
2025-08-01 09:28:12 AM,8786.0,0,0.0,226931070.0
2025-08-01 09:28:13 AM,8786.5,0,0.0,226931070.0
2025-08-01 09:28:15 AM,8786.5,141,1238896.5,228169966.5
2025-08-01 09:28:17 AM,8781.0,5,43905.0,228213871.5
2025-08-01 09:28:19 AM,8777.0,0,0.0,228213871.5
2025-08-01 09:28:19 AM,8769.0,0,0.0,228213871.5
2025-08-01 09:28:23 AM,8777.0,35,307195.0,228521066.5
2025-08-01 09:28:29 AM,8776.0,0,0.0,228521066.5
2025-08-01 09:28:31 AM,8776.0,3,26328.0,228547394.5
2025-08-01 09:28:32 AM,8777.0,3,26331.0,228573725.5
2025-08-01 09:28:38 AM,8778.0,21,184338.0,228758063.5
2025-08-01 09:28:40 AM,8777.5,0,0.0,228758063.5
2025-08-01 09:28:46 AM,8777.5,19,166772.5,228924836.0
2025-08-01 09:28:46 AM,8777.0,0,0.0,228924836.0
2025-08-01 09:28:47 AM,8777.0,3,26331.0,228951167.0
2025-08-01 09:28:50 AM,8778.0,0,0.0,228951167.0
2025-08-01 09:28:53 AM,8778.0,17,149226.0,229100393.0
2025-08-01 09:28:57 AM,8780.0,0,0.0,229100393.0
2025-08-01 09:29:01 AM,8780.5,11,96585.5,229196978.5
2025-08-01 09:29:02 AM,8780.0,5,43900.0,229240878.5
2025-08-01 09:29:08 AM,8777.0,0,0.0,229240878.5
2025-08-01 09:29:09 AM,8777.0,39,342303.0,229583181.5
2025-08-01 09:29:13 AM,8773.5,0,0.0,229583181.5
2025-08-01 09:29:16 AM,8779.0,31,272149.0,229855330.5
2025-08-01 09:29:24 AM,8779.0,5,43895.0,229899225.5
2025-08-01 09:29:25 AM,8784.0,28,245952.0,230145177.5
2025-08-01 09:29:29 AM,8785.0,0,0.0,230145177.5
2025-08-01 09:29:31 AM,8789.0,7,61523.0,230206700.5
2025-08-01 09:29:33 AM,8790.0,2,17580.0,230224280.5
2025-08-01 09:29:39 AM,8784.5,11,96629.5,230320910.0
2025-08-01 09:29:44 AM,8790.0,0,0.0,230320910.0
2025-08-01 09:29:46 AM,8790.0,27,237330.0,230558240.0
2025-08-01 09:29:49 AM,8789.5,0,0.0,230558240.0
2025-08-01 09:29:54 AM,8790.0,45,395550.0,230953790.0
2025-08-01 09:29:54 AM,8789.5,0,0.0,230953790.0
2025-08-01 09:29:55 AM,8789.5,11,96684.5,231050474.5
2025-08-01 09:30:01 AM,8789.5,9,79105.5,231129580.0
2025-08-01 09:30:02 AM,8789.5,7,61526.5,231191106.5
2025-08-01 09:30:09 AM,8789.5,2,17579.0,231208685.5
2025-08-01 09:30:10 AM,8789.5,2,17579.0,231226264.5
2025-08-01 09:30:14 AM,8784.5,0,0.0,231226264.5
2025-08-01 09:30:17 AM,8784.5,261,2292754.5,233519019.0
2025-08-01 09:30:18 AM,8780.0,2,17560.0,233536579.0
2025-08-01 09:30:21 AM,8770.0,0,0.0,233536579.0
2025-08-01 09:30:24 AM,8777.5,43,377432.5,233914011.5
2025-08-01 09:30:28 AM,8773.0,0,0.0,233914011.5
2025-08-01 09:30:31 AM,8775.5,3,26326.5,233940338.0
2025-08-01 09:30:39 AM,8775.0,8,70200.0,234010538.0
2025-08-01 09:30:42 AM,8776.0,0,0.0,234010538.0
2025-08-01 09:30:46 AM,8775.5,11,96530.5,234107068.5
2025-08-01 09:30:47 AM,8776.0,1,8776.0,234115844.5
2025-08-01 09:30:53 AM,8777.0,22,193094.0,234308938.5
2025-08-01 09:30:55 AM,8776.0,0,0.0,234308938.5
2025-08-01 09:30:58 AM,8777.5,0,0.0,234308938.5
2025-08-01 09:31:01 AM,8777.5,33,289657.5,234598596.0
2025-08-01 09:31:12 AM,8776.5,0,0.0,234598596.0
2025-08-01 09:31:15 AM,8775.0,0,0.0,234598596.0
2025-08-01 09:31:16 AM,8774.5,115,1009067.5,235607663.5
2025-08-01 09:31:18 AM,8758.0,0,0.0,235607663.5
2025-08-01 09:31:23 AM,8758.0,136,1191088.0,236798751.5
2025-08-01 09:31:24 AM,8760.5,18,157689.0,236956440.5
2025-08-01 09:31:28 AM,8759.0,0,0.0,236956440.5
2025-08-01 09:31:30 AM,8759.0,34,297806.0,237254246.5
2025-08-01 09:31:42 AM,8759.5,0,0.0,237254246.5
2025-08-01 09:31:44 AM,8764.0,53,464492.0,237718738.5
2025-08-01 09:31:47 AM,8758.0,0,0.0,237718738.5
2025-08-01 09:31:51 AM,8758.0,16,140128.0,237858866.5
2025-08-01 09:31:52 AM,8760.0,0,0.0,237858866.5
2025-08-01 09:31:57 AM,8765.0,0,0.0,237858866.5
2025-08-01 09:31:58 AM,8765.0,2,17530.0,237876396.5
2025-08-01 09:32:02 AM,8767.5,0,0.0,237876396.5
2025-08-01 09:32:05 AM,8761.0,10,87610.0,237964006.5
2025-08-01 09:32:07 AM,8765.5,0,0.0,237964006.5
2025-08-01 09:32:07 AM,8765.0,0,0.0,237964006.5
2025-08-01 09:32:12 AM,8768.5,98,859313.0,238823319.5
2025-08-01 09:32:14 AM,8763.5,0,0.0,238823319.5
2025-08-01 09:32:19 AM,8760.0,10,87600.0,238910919.5
2025-08-01 09:32:20 AM,8757.0,0,0.0,238910919.5
2025-08-01 09:32:25 AM,8763.5,0,0.0,238910919.5
2025-08-01 09:32:26 AM,8763.5,21,184033.5,239094953.0
2025-08-01 09:32:32 AM,8763.0,0,0.0,239094953.0
2025-08-01 09:32:33 AM,8763.0,49,429387.0,239524340.0
2025-08-01 09:32:38 AM,8755.0,0,0.0,239524340.0
2025-08-01 09:32:40 AM,8755.0,35,306425.0,239830765.0
2025-08-01 09:32:40 AM,8757.5,2,17515.0,239848280.0
2025-08-01 09:32:44 AM,8750.0,0,0.0,239848280.0
2025-08-01 09:32:47 AM,8750.0,43,376250.0,240224530.0
2025-08-01 09:32:47 AM,8757.5,10,87575.0,240312105.0
2025-08-01 09:32:49 AM,8752.5,0,0.0,240312105.0
2025-08-01 09:32:49 AM,8751.5,0,0.0,240312105.0
2025-08-01 09:32:54 AM,8755.0,232,2031160.0,242343265.0
2025-08-01 09:32:56 AM,8748.0,0,0.0,242343265.0
2025-08-01 09:32:56 AM,8754.5,0,0.0,242343265.0
2025-08-01 09:33:01 AM,8758.5,0,0.0,242343265.0
2025-08-01 09:33:01 AM,8758.5,203,1777975.5,244121240.5
2025-08-01 09:33:02 AM,8756.5,0,0.0,244121240.5
2025-08-01 09:33:07 AM,8757.0,0,0.0,244121240.5
2025-08-01 09:33:07 AM,8750.0,0,0.0,244121240.5
2025-08-01 09:33:08 AM,8750.0,34,297500.0,244418740.5
2025-08-01 09:33:13 AM,8755.5,0,0.0,244418740.5
2025-08-01 09:33:15 AM,8755.5,12,105066.0,244523806.5
2025-08-01 09:33:18 AM,8752.5,0,0.0,244523806.5
2025-08-01 09:33:22 AM,8755.5,11,96310.5,244620117.0
2025-08-01 09:33:28 AM,8755.0,0,0.0,244620117.0
2025-08-01 09:33:29 AM,8755.0,30,262650.0,244882767.0
2025-08-01 09:33:33 AM,8756.5,0,0.0,244882767.0
2025-08-01 09:33:35 AM,8754.5,49,428970.5,245311737.5
2025-08-01 09:33:38 AM,8756.5,0,0.0,245311737.5
2025-08-01 09:33:42 AM,8757.0,16,140112.0,245451849.5
2025-08-01 09:33:48 AM,8754.5,0,0.0,245451849.5
2025-08-01 09:33:49 AM,8752.5,328,2870820.0,248322669.5
2025-08-01 09:33:52 AM,8745.0,0,0.0,248322669.5
2025-08-01 09:33:53 AM,8744.0,0,0.0,248322669.5
2025-08-01 09:33:56 AM,8748.5,80,699880.0,249022549.5
2025-08-01 09:33:58 AM,8743.5,0,0.0,249022549.5
2025-08-01 09:34:03 AM,8739.5,37,323361.5,249345911.0
2025-08-01 09:34:08 AM,8748.0,0,0.0,249345911.0
2025-08-01 09:34:11 AM,8748.0,20,174960.0,249520871.0
2025-08-01 09:34:13 AM,8744.0,0,0.0,249520871.0
2025-08-01 09:34:18 AM,8757.0,154,1348578.0,250869449.0
2025-08-01 09:34:18 AM,8749.0,0,0.0,250869449.0
2025-08-01 09:34:21 AM,8756.0,0,0.0,250869449.0
2025-08-01 09:34:25 AM,8756.0,135,1182060.0,252051509.0
2025-08-01 09:34:28 AM,8748.0,0,0.0,252051509.0
2025-08-01 09:34:31 AM,8756.5,0,0.0,252051509.0
2025-08-01 09:34:32 AM,8756.5,28,245182.0,252296691.0
2025-08-01 09:34:38 AM,8754.5,0,0.0,252296691.0
2025-08-01 09:34:38 AM,8754.5,4,35018.0,252331709.0
2025-08-01 09:34:41 AM,8755.0,0,0.0,252331709.0
2025-08-01 09:34:45 AM,8757.0,28,245196.0,252576905.0
2025-08-01 09:34:48 AM,8749.0,0,0.0,252576905.0
2025-08-01 09:34:52 AM,8749.0,7,61243.0,252638148.0
2025-08-01 09:34:53 AM,8754.0,0,0.0,252638148.0
2025-08-01 09:34:59 AM,8754.0,16,140064.0,252778212.0
2025-08-01 09:35:18 AM,8749.0,0,0.0,252778212.0
2025-08-01 09:35:18 AM,8754.5,0,0.0,252778212.0
2025-08-01 09:35:20 AM,8755.0,53,464015.0,253242227.0
2025-08-01 09:35:21 AM,8754.5,1,8754.5,253250981.5
2025-08-01 09:35:23 AM,8756.0,0,0.0,253250981.5
2025-08-01 09:35:23 AM,8754.5,0,0.0,253250981.5
2025-08-01 09:35:27 AM,8754.5,39,341425.5,253592407.0
2025-08-01 09:35:28 AM,8761.0,0,0.0,253592407.0
2025-08-01 09:35:33 AM,8759.0,0,0.0,253592407.0
2025-08-01 09:35:34 AM,8755.0,116,1015580.0,254607987.0
2025-08-01 09:35:41 AM,8758.5,12,105102.0,254713089.0
2025-08-01 09:35:48 AM,8759.0,0,0.0,254713089.0
2025-08-01 09:35:48 AM,8759.0,1,8759.0,254721848.0
2025-08-01 09:35:54 AM,8759.0,2,17518.0,254739366.0
2025-08-01 09:35:57 AM,8760.0,0,0.0,254739366.0
2025-08-01 09:36:01 AM,8759.0,103,902177.0,255641543.0
2025-08-01 09:36:01 AM,8762.5,1,8762.5,255650305.5
2025-08-01 09:36:02 AM,8758.0,0,0.0,255650305.5
2025-08-01 09:36:06 AM,8755.0,0,0.0,255650305.5
2025-08-01 09:36:08 AM,8755.0,40,350200.0,256000505.5
2025-08-01 09:36:10 AM,8754.5,0,0.0,256000505.5
2025-08-01 09:36:14 AM,8758.0,0,0.0,256000505.5
2025-08-01 09:36:15 AM,8758.0,34,297772.0,256298277.5
2025-08-01 09:36:18 AM,8754.5,0,0.0,256298277.5
2025-08-01 09:36:21 AM,8754.5,6,52527.0,256350804.5
2025-08-01 09:36:26 AM,8760.0,0,0.0,256350804.5
2025-08-01 09:36:28 AM,8760.0,1,8760.0,256359564.5
2025-08-01 09:36:30 AM,8766.0,0,0.0,256359564.5
2025-08-01 09:36:34 AM,8766.0,200,1753200.0,258112764.5
2025-08-01 09:36:38 AM,8767.5,0,0.0,258112764.5
2025-08-01 09:36:40 AM,8767.5,53,464677.5,258577442.0
2025-08-01 09:36:47 AM,8767.5,1,8767.5,258586209.5
2025-08-01 09:36:50 AM,8770.0,0,0.0,258586209.5
2025-08-01 09:36:54 AM,8770.0,31,271870.0,258858079.5
2025-08-01 09:36:58 AM,8772.0,0,0.0,258858079.5
2025-08-01 09:37:00 AM,8774.5,23,201813.5,259059893.0
2025-08-01 09:37:02 AM,8773.0,0,0.0,259059893.0
2025-08-01 09:37:07 AM,8773.0,4,35092.0,259094985.0
2025-08-01 09:37:10 AM,8771.0,0,0.0,259094985.0
2025-08-01 09:37:15 AM,8775.0,7,61425.0,259156410.0
2025-08-01 09:37:17 AM,8771.5,0,0.0,259156410.0
2025-08-01 09:37:21 AM,8771.0,0,0.0,259156410.0
2025-08-01 09:37:22 AM,8771.0,204,1789284.0,260945694.0
2025-08-01 09:37:22 AM,8765.0,102,894030.0,261839724.0
2025-08-01 09:37:26 AM,8759.0,0,0.0,261839724.0
2025-08-01 09:37:27 AM,8763.5,0,0.0,261839724.0
2025-08-01 09:37:28 AM,8763.5,11,96398.5,261936122.5
2025-08-01 09:37:31 AM,8759.5,0,0.0,261936122.5
2025-08-01 09:37:32 AM,8762.5,0,0.0,261936122.5
2025-08-01 09:37:35 AM,8762.5,11,96387.5,262032510.0
2025-08-01 09:37:40 AM,8766.0,0,0.0,262032510.0
2025-08-01 09:37:42 AM,8766.0,12,105192.0,262137702.0
2025-08-01 09:37:48 AM,8770.5,0,0.0,262137702.0
2025-08-01 09:37:49 AM,8770.5,5,43852.5,262181554.5
2025-08-01 09:37:52 AM,8766.5,0,0.0,262181554.5
2025-08-01 09:37:55 AM,8769.0,899,7883331.0,270064885.5
2025-08-01 09:38:01 AM,8754.0,0,0.0,270064885.5
2025-08-01 09:38:02 AM,8754.0,89,779106.0,270843991.5
2025-08-01 09:38:07 AM,8752.5,0,0.0,270843991.5
2025-08-01 09:38:09 AM,8752.5,8,70020.0,270914011.5
2025-08-01 09:38:16 AM,8752.5,5,43762.5,270957774.0
2025-08-01 09:38:16 AM,8753.5,1,8753.5,270966527.5
2025-08-01 09:38:18 AM,8753.0,0,0.0,270966527.5
2025-08-01 09:38:23 AM,8753.0,5,43765.0,271010292.5
2025-08-01 09:38:29 AM,8752.5,0,0.0,271010292.5
2025-08-01 09:38:29 AM,8752.5,9,78772.5,271089065.0
2025-08-01 09:38:36 AM,8752.5,11,96277.5,271185342.5
2025-08-01 09:38:38 AM,8747.0,0,0.0,271185342.5
2025-08-01 09:38:42 AM,8752.5,0,0.0,271185342.5
2025-08-01 09:38:43 AM,8752.5,104,910260.0,272095602.5
2025-08-01 09:38:46 AM,8746.0,0,0.0,272095602.5
2025-08-01 09:38:49 AM,8746.0,12,104952.0,272200554.5
2025-08-01 09:38:54 AM,8747.0,0,0.0,272200554.5
2025-08-01 09:38:56 AM,8749.5,11,96244.5,272296799.0
2025-08-01 09:39:02 AM,8749.5,1,8749.5,272305548.5
2025-08-01 09:39:08 AM,8748.5,0,0.0,272305548.5
2025-08-01 09:39:09 AM,8741.5,101,882891.5,273188440.0
2025-08-01 09:39:13 AM,8745.5,0,0.0,273188440.0
2025-08-01 09:39:16 AM,8746.5,29,253648.5,273442088.5
2025-08-01 09:39:19 AM,8748.0,0,0.0,273442088.5
2025-08-01 09:39:23 AM,8741.5,22,192313.0,273634401.5
2025-08-01 09:39:27 AM,8741.0,0,0.0,273634401.5
2025-08-01 09:39:30 AM,8747.5,65,568587.5,274202989.0
2025-08-01 09:39:30 AM,8743.5,1,8743.5,274211732.5
2025-08-01 09:39:31 AM,8747.0,0,0.0,274211732.5
2025-08-01 09:39:35 AM,8748.0,0,0.0,274211732.5
2025-08-01 09:39:36 AM,8748.0,20,174960.0,274386692.5
2025-08-01 09:39:39 AM,8742.0,0,0.0,274386692.5
2025-08-01 09:39:42 AM,8745.0,24,209880.0,274596572.5
2025-08-01 09:39:47 AM,8742.0,0,0.0,274596572.5
2025-08-01 09:39:49 AM,8742.0,26,227292.0,274823864.5
2025-08-01 09:39:51 AM,8745.0,0,0.0,274823864.5
2025-08-01 09:39:56 AM,8745.0,7,61215.0,274885079.5
2025-08-01 09:39:59 AM,8749.5,0,0.0,274885079.5
2025-08-01 09:40:02 AM,8749.5,5,43747.5,274928827.0
2025-08-01 09:40:03 AM,8745.5,0,0.0,274928827.0
2025-08-01 09:40:07 AM,8733.0,0,0.0,274928827.0
2025-08-01 09:40:08 AM,8740.0,0,0.0,274928827.0
2025-08-01 09:40:09 AM,8742.0,166,1451172.0,276379999.0
2025-08-01 09:40:11 AM,8737.5,0,0.0,276379999.0
2025-08-01 09:40:15 AM,8737.5,154,1345575.0,277725574.0
2025-08-01 09:40:17 AM,8738.5,0,0.0,277725574.0
2025-08-01 09:40:19 AM,8735.0,0,0.0,277725574.0
2025-08-01 09:40:22 AM,8739.0,0,0.0,277725574.0
2025-08-01 09:40:22 AM,8739.0,29,253431.0,277979005.0
2025-08-01 09:40:23 AM,8737.5,1,8737.5,277987742.5
2025-08-01 09:40:29 AM,8740.0,100,874000.0,278861742.5
2025-08-01 09:40:30 AM,8736.0,0,0.0,278861742.5
2025-08-01 09:40:34 AM,8739.5,0,0.0,278861742.5
2025-08-01 09:40:35 AM,8736.0,27,235872.0,279097614.5
2025-08-01 09:40:38 AM,8745.0,0,0.0,279097614.5
2025-08-01 09:40:42 AM,8749.5,89,778705.5,279876320.0
2025-08-01 09:40:42 AM,8743.0,1,8743.0,279885063.0
2025-08-01 09:40:46 AM,8742.0,0,0.0,279885063.0
2025-08-01 09:40:48 AM,8742.0,91,795522.0,280680585.0
2025-08-01 09:40:51 AM,8767.5,0,0.0,280680585.0
2025-08-01 09:40:55 AM,8767.5,42,368235.0,281048820.0
2025-08-01 09:41:01 AM,8769.0,1,8769.0,281057589.0
2025-08-01 09:41:06 AM,8768.0,0,0.0,281057589.0
2025-08-01 09:41:08 AM,8768.0,4,35072.0,281092661.0
2025-08-01 09:41:10 AM,8769.5,0,0.0,281092661.0
2025-08-01 09:41:14 AM,8768.0,0,0.0,281092661.0
2025-08-01 09:41:15 AM,8768.0,11,96448.0,281189109.0
2025-08-01 09:41:26 AM,8765.5,0,0.0,281189109.0
2025-08-01 09:41:28 AM,8769.0,10,87690.0,281276799.0
2025-08-01 09:41:34 AM,8768.0,0,0.0,281276799.0
2025-08-01 09:41:35 AM,8768.0,10,87680.0,281364479.0
2025-08-01 09:41:41 AM,8768.0,5,43840.0,281408319.0
2025-08-01 09:41:46 AM,8765.0,0,0.0,281408319.0
2025-08-01 09:41:48 AM,8765.0,33,289245.0,281697564.0
2025-08-01 09:41:49 AM,8763.5,2,17527.0,281715091.0
2025-08-01 09:41:50 AM,8765.0,0,0.0,281715091.0
2025-08-01 09:41:51 AM,8763.5,0,0.0,281715091.0
2025-08-01 09:41:54 AM,8763.5,14,122689.0,281837780.0
2025-08-01 09:42:07 AM,8765.0,2,17530.0,281855310.0
2025-08-01 09:42:14 AM,8765.0,31,271715.0,282127025.0
2025-08-01 09:42:20 AM,8765.0,15,131475.0,282258500.0
2025-08-01 09:42:27 AM,8763.0,60,525780.0,282784280.0
2025-08-01 09:42:28 AM,8763.5,1,8763.5,282793043.5
2025-08-01 09:42:33 AM,8764.5,0,0.0,282793043.5
2025-08-01 09:42:34 AM,8764.5,31,271699.5,283064743.0
2025-08-01 09:42:37 AM,8760.0,0,0.0,283064743.0
2025-08-01 09:42:37 AM,8763.5,0,0.0,283064743.0
2025-08-01 09:42:40 AM,8765.0,24,210360.0,283275103.0
2025-08-01 09:42:46 AM,8765.0,2,17530.0,283292633.0
2025-08-01 09:42:48 AM,8765.0,7,61355.0,283353988.0
2025-08-01 09:42:49 AM,8763.5,0,0.0,283353988.0
2025-08-01 09:42:52 AM,8765.0,0,0.0,283353988.0
2025-08-01 09:42:53 AM,8765.0,10,87650.0,283441638.0
2025-08-01 09:42:59 AM,8763.5,22,192797.0,283634435.0
2025-08-01 09:43:05 AM,8760.0,0,0.0,283634435.0
2025-08-01 09:43:05 AM,8763.0,0,0.0,283634435.0
2025-08-01 09:43:06 AM,8763.0,29,254127.0,283888562.0
2025-08-01 09:43:13 AM,8762.5,0,0.0,283888562.0
2025-08-01 09:43:13 AM,8762.5,2,17525.0,283906087.0
2025-08-01 09:43:13 AM,8762.5,9,78862.5,283984949.5
2025-08-01 09:43:17 AM,8761.0,0,0.0,283984949.5
2025-08-01 09:43:17 AM,8763.0,0,0.0,283984949.5
2025-08-01 09:43:19 AM,8763.0,6,52578.0,284037527.5
2025-08-01 09:43:25 AM,8758.0,0,0.0,284037527.5
2025-08-01 09:43:26 AM,8758.0,25,218950.0,284256477.5
2025-08-01 09:43:27 AM,8762.5,1,8762.5,284265240.0
2025-08-01 09:43:29 AM,8757.5,0,0.0,284265240.0
2025-08-01 09:43:33 AM,8760.0,5,43800.0,284309040.0
2025-08-01 09:43:37 AM,8762.5,0,0.0,284309040.0
2025-08-01 09:43:39 AM,8762.5,72,630900.0,284939940.0
2025-08-01 09:43:45 AM,8763.0,0,0.0,284939940.0
2025-08-01 09:43:46 AM,8763.0,7,61341.0,285001281.0
2025-08-01 09:43:47 AM,8762.5,11,96387.5,285097668.5
2025-08-01 09:43:52 AM,8762.5,22,192775.0,285290443.5
2025-08-01 09:43:53 AM,8761.5,3,26284.5,285316728.0
2025-08-01 09:43:57 AM,8763.0,0,0.0,285316728.0
2025-08-01 09:43:59 AM,8763.0,65,569595.0,285886323.0
2025-08-01 09:44:05 AM,8767.5,0,0.0,285886323.0
2025-08-01 09:44:05 AM,8767.5,8,70140.0,285956463.0
2025-08-01 09:44:06 AM,8765.0,12,105180.0,286061643.0
2025-08-01 09:44:09 AM,8760.5,0,0.0,286061643.0
2025-08-01 09:44:12 AM,8760.5,81,709600.5,286771243.5
2025-08-01 09:44:15 AM,8753.0,0,0.0,286771243.5
2025-08-01 09:44:19 AM,8756.0,0,0.0,286771243.5
2025-08-01 09:44:19 AM,8757.5,21,183907.5,286955151.0
2025-08-01 09:44:23 AM,8751.0,0,0.0,286955151.0
2025-08-01 09:44:25 AM,8756.5,0,0.0,286955151.0
2025-08-01 09:44:26 AM,8756.5,13,113834.5,287068985.5
2025-08-01 09:44:33 AM,8758.5,0,0.0,287068985.5
2025-08-01 09:44:37 AM,8753.0,0,0.0,287068985.5
2025-08-01 09:44:38 AM,8753.0,5,43765.0,287112750.5
2025-08-01 09:44:41 AM,8763.5,0,0.0,287112750.5
2025-08-01 09:44:45 AM,8755.0,73,639115.0,287751865.5
2025-08-01 09:44:49 AM,8753.0,0,0.0,287751865.5
2025-08-01 09:44:51 AM,8758.0,0,0.0,287751865.5
2025-08-01 09:44:51 AM,8758.0,19,166402.0,287918267.5
2025-08-01 09:44:53 AM,8761.0,0,0.0,287918267.5
2025-08-01 09:44:55 AM,8759.0,0,0.0,287918267.5
2025-08-01 09:44:57 AM,8758.5,30,262755.0,288181022.5
2025-08-01 09:44:57 AM,8763.5,0,0.0,288181022.5
2025-08-01 09:44:58 AM,8763.5,2,17527.0,288198549.5
2025-08-01 09:45:03 AM,8759.0,0,0.0,288198549.5
2025-08-01 09:45:04 AM,8759.0,4,35036.0,288233585.5
2025-08-01 09:45:06 AM,8758.5,0,0.0,288233585.5
2025-08-01 09:45:11 AM,8761.0,6,52566.0,288286151.5
2025-08-01 09:45:11 AM,8756.0,0,0.0,288286151.5
2025-08-01 09:45:12 AM,8755.5,215,1882432.5,290168584.0
2025-08-01 09:45:17 AM,8750.0,0,0.0,290168584.0
2025-08-01 09:45:18 AM,8750.0,74,647500.0,290816084.0
2025-08-01 09:45:24 AM,8755.5,53,464041.5,291280125.5
2025-08-01 09:45:25 AM,8755.5,1,8755.5,291288881.0
2025-08-01 09:45:30 AM,8755.5,1,8755.5,291297636.5
2025-08-01 09:45:33 AM,8761.5,0,0.0,291297636.5
2025-08-01 09:45:37 AM,8761.5,51,446836.5,291744473.0
2025-08-01 09:45:41 AM,8756.0,0,0.0,291744473.0
2025-08-01 09:45:43 AM,8755.5,64,560352.0,292304825.0
2025-08-01 09:45:52 AM,8763.5,0,0.0,292304825.0
2025-08-01 09:45:56 AM,8763.5,13,113925.5,292418750.5
2025-08-01 09:45:57 AM,8755.5,6,52533.0,292471283.5
2025-08-01 09:46:04 AM,8763.5,2,17527.0,292488810.5
2025-08-01 09:46:08 AM,8755.5,0,0.0,292488810.5
2025-08-01 09:46:09 AM,8756.0,60,525360.0,293014170.5
2025-08-01 09:46:14 AM,8753.5,0,0.0,293014170.5
2025-08-01 09:46:16 AM,8753.5,77,674019.5,293688190.0
2025-08-01 09:46:19 AM,8747.0,0,0.0,293688190.0
2025-08-01 09:46:22 AM,8753.5,0,0.0,293688190.0
2025-08-01 09:46:22 AM,8753.5,28,245098.0,293933288.0
2025-08-01 09:46:30 AM,8756.0,0,0.0,293933288.0
2025-08-01 09:46:30 AM,8756.0,3,26268.0,293959556.0
2025-08-01 09:46:35 AM,8753.5,6,52521.0,294012077.0
2025-08-01 09:46:41 AM,8750.0,2,17500.0,294029577.0
2025-08-01 09:46:43 AM,8737.0,165,1441605.0,295471182.0
2025-08-01 09:46:43 AM,8747.5,0,0.0,295471182.0
2025-08-01 09:46:47 AM,8748.0,72,629856.0,296101038.0
2025-08-01 09:46:49 AM,8749.5,1,8749.5,296109787.5
2025-08-01 09:46:51 AM,8742.5,0,0.0,296109787.5
2025-08-01 09:46:54 AM,8746.5,0,0.0,296109787.5
2025-08-01 09:46:54 AM,8746.5,9,78718.5,296188506.0
2025-08-01 09:46:58 AM,8743.5,0,0.0,296188506.0
2025-08-01 09:47:00 AM,8743.5,2,17487.0,296205993.0
2025-08-01 09:47:02 AM,8753.5,0,0.0,296205993.0
2025-08-01 09:47:02 AM,8753.5,13,113795.5,296319788.5
2025-08-01 09:47:03 AM,8747.0,0,0.0,296319788.5
2025-08-01 09:47:06 AM,8747.0,4,34988.0,296354776.5
2025-08-01 09:47:14 AM,8749.0,0,0.0,296354776.5
2025-08-01 09:47:14 AM,8749.0,5,43745.0,296398521.5
2025-08-01 09:47:18 AM,8749.0,3,26247.0,296424768.5
2025-08-01 09:47:20 AM,8743.5,3,26230.5,296450999.0
2025-08-01 09:47:22 AM,8752.0,0,0.0,296450999.0
2025-08-01 09:47:25 AM,8753.5,19,166316.5,296617315.5
2025-08-01 09:47:27 AM,8742.0,0,0.0,296617315.5
2025-08-01 09:47:30 AM,8743.0,0,0.0,296617315.5
2025-08-01 09:47:31 AM,8743.0,185,1617455.0,298234770.5
2025-08-01 09:47:35 AM,8739.0,0,0.0,298234770.5
2025-08-01 09:47:36 AM,8740.0,0,0.0,298234770.5
2025-08-01 09:47:38 AM,8740.0,36,314640.0,298549410.5
2025-08-01 09:47:40 AM,8748.5,0,0.0,298549410.5
2025-08-01 09:47:40 AM,8748.5,10,87485.0,298636895.5
2025-08-01 09:47:42 AM,8742.5,0,0.0,298636895.5
2025-08-01 09:47:44 AM,8742.5,13,113652.5,298750548.0
2025-08-01 09:47:51 AM,8739.5,30,262185.0,299012733.0
2025-08-01 09:47:56 AM,8738.0,0,0.0,299012733.0
2025-08-01 09:47:58 AM,8738.0,3,26214.0,299038947.0
2025-08-01 09:48:00 AM,8737.5,0,0.0,299038947.0
2025-08-01 09:48:00 AM,8737.5,3,26212.5,299065159.5
2025-08-01 09:48:04 AM,8744.0,3,26232.0,299091391.5
2025-08-01 09:48:05 AM,8738.0,0,0.0,299091391.5
2025-08-01 09:48:05 AM,8745.5,0,0.0,299091391.5
2025-08-01 09:48:07 AM,8745.5,80,699640.0,299791031.5
2025-08-01 09:48:09 AM,8745.0,0,0.0,299791031.5
2025-08-01 09:48:11 AM,8745.0,7,61215.0,299852246.5
2025-08-01 09:48:13 AM,8745.5,0,0.0,299852246.5
2025-08-01 09:48:13 AM,8745.5,15,131182.5,299983429.0
2025-08-01 09:48:17 AM,8747.5,0,0.0,299983429.0
2025-08-01 09:48:17 AM,8747.5,6,52485.0,300035914.0
2025-08-01 09:48:20 AM,8739.5,26,227227.0,300263141.0
2025-08-01 09:48:21 AM,8745.5,0,0.0,300263141.0
2025-08-01 09:48:23 AM,8744.0,10,87440.0,300350581.0
2025-08-01 09:48:25 AM,8746.5,0,0.0,300350581.0
2025-08-01 09:48:26 AM,8746.5,2,17493.0,300368074.0
2025-08-01 09:48:30 AM,8746.5,1,8746.5,300376820.5
2025-08-01 09:48:37 AM,8750.0,0,0.0,300376820.5
2025-08-01 09:48:39 AM,8742.5,82,716885.0,301093705.5
2025-08-01 09:48:43 AM,8742.5,6,52455.0,301146160.5
2025-08-01 09:48:49 AM,8746.5,0,0.0,301146160.5
2025-08-01 09:48:49 AM,8746.5,1,8746.5,301154907.0
2025-08-01 09:48:53 AM,8751.0,0,0.0,301154907.0
2025-08-01 09:48:56 AM,8746.5,11,96211.5,301251118.5
2025-08-01 09:49:02 AM,8747.0,1,8747.0,301259865.5
2025-08-01 09:49:04 AM,8746.5,2,17493.0,301277358.5
2025-08-01 09:49:08 AM,8746.5,1,8746.5,301286105.0
2025-08-01 09:49:13 AM,8751.0,0,0.0,301286105.0
2025-08-01 09:49:14 AM,8751.0,5,43755.0,301329860.0
2025-08-01 09:49:17 AM,8753.5,0,0.0,301329860.0
2025-08-01 09:49:17 AM,8753.5,37,323879.5,301653739.5
2025-08-01 09:49:20 AM,8755.0,0,0.0,301653739.5
2025-08-01 09:49:21 AM,8755.0,2,17510.0,301671249.5
2025-08-01 09:49:23 AM,8760.0,0,0.0,301671249.5
2025-08-01 09:49:23 AM,8760.0,13,113880.0,301785129.5
2025-08-01 09:49:23 AM,8755.0,0,0.0,301785129.5
2025-08-01 09:49:26 AM,8759.5,0,0.0,301785129.5
2025-08-01 09:49:27 AM,8759.5,14,122633.0,301907762.5
2025-08-01 09:49:29 AM,8755.5,0,0.0,301907762.5
2025-08-01 09:49:29 AM,8755.5,18,157599.0,302065361.5
2025-08-01 09:49:32 AM,8752.0,0,0.0,302065361.5
2025-08-01 09:49:33 AM,8752.0,5,43760.0,302109121.5
2025-08-01 09:49:35 AM,8759.0,0,0.0,302109121.5
2025-08-01 09:49:36 AM,8759.0,5,43795.0,302152916.5
2025-08-01 09:49:38 AM,8752.0,0,0.0,302152916.5
2025-08-01 09:49:39 AM,8752.0,40,350080.0,302502996.5
2025-08-01 09:49:44 AM,8755.0,0,0.0,302502996.5
2025-08-01 09:49:46 AM,8755.0,7,61285.0,302564281.5
2025-08-01 09:49:48 AM,8755.0,5,43775.0,302608056.5
2025-08-01 09:49:54 AM,8743.0,0,0.0,302608056.5
2025-08-01 09:49:55 AM,8743.0,145,1267735.0,303875791.5
2025-08-01 09:49:57 AM,8742.0,0,0.0,303875791.5
2025-08-01 09:49:58 AM,8742.0,31,271002.0,304146793.5
2025-08-01 09:50:14 AM,8750.0,35,306250.0,304453043.5
2025-08-01 09:50:16 AM,8742.0,0,0.0,304453043.5
2025-08-01 09:50:18 AM,8742.0,6,52452.0,304505495.5
2025-08-01 09:50:19 AM,8748.0,0,0.0,304505495.5
2025-08-01 09:50:21 AM,8748.0,3,26244.0,304531739.5
2025-08-01 09:50:31 AM,8750.0,0,0.0,304531739.5
2025-08-01 09:50:33 AM,8750.5,0,0.0,304531739.5
2025-08-01 09:50:33 AM,8750.5,14,122507.0,304654246.5
2025-08-01 09:50:34 AM,8743.5,0,0.0,304654246.5
2025-08-01 09:50:36 AM,8743.5,5,43717.5,304697964.0
2025-08-01 09:50:40 AM,8752.0,0,0.0,304697964.0
2025-08-01 09:50:42 AM,8758.0,0,0.0,304697964.0
2025-08-01 09:50:43 AM,8758.0,56,490448.0,305188412.0
2025-08-01 09:50:46 AM,8753.0,0,0.0,305188412.0
2025-08-01 09:50:49 AM,8753.0,3,26259.0,305214671.0
2025-08-01 09:50:51 AM,8757.5,13,113847.5,305328518.5
2025-08-01 09:50:52 AM,8758.0,0,0.0,305328518.5
2025-08-01 09:50:55 AM,8758.0,11,96338.0,305424856.5
2025-08-01 09:50:58 AM,8758.0,2,17516.0,305442372.5
2025-08-01 09:51:04 AM,8758.0,5,43790.0,305486162.5
2025-08-01 09:51:08 AM,8752.0,16,140032.0,305626194.5
2025-08-01 09:51:14 AM,8750.0,0,0.0,305626194.5
2025-08-01 09:51:14 AM,8750.0,46,402500.0,306028694.5
2025-08-01 09:51:20 AM,8758.0,0,0.0,306028694.5
2025-08-01 09:51:21 AM,8758.0,21,183918.0,306212612.5
2025-08-01 09:51:23 AM,8757.5,0,0.0,306212612.5
2025-08-01 09:51:23 AM,8757.5,1,8757.5,306221370.0
2025-08-01 09:51:30 AM,8758.0,0,0.0,306221370.0
2025-08-01 09:51:33 AM,8758.0,3,26274.0,306247644.0
2025-08-01 09:51:36 AM,8757.5,0,0.0,306247644.0
2025-08-01 09:51:39 AM,8757.5,1,8757.5,306256401.5
2025-08-01 09:51:42 AM,8757.5,2,17515.0,306273916.5
2025-08-01 09:51:48 AM,8756.5,10,87565.0,306361481.5
2025-08-01 09:51:50 AM,8750.5,0,0.0,306361481.5
2025-08-01 09:51:52 AM,8750.5,3,26251.5,306387733.0
2025-08-01 09:52:01 AM,8757.0,50,437850.0,306825583.0
2025-08-01 09:52:04 AM,8756.5,0,0.0,306825583.0
2025-08-01 09:52:04 AM,8756.5,106,928189.0,307753772.0
2025-08-01 09:52:06 AM,8755.5,0,0.0,307753772.0
2025-08-01 09:52:07 AM,8755.5,5,43777.5,307797549.5
2025-08-01 09:52:08 AM,8750.0,0,0.0,307797549.5
2025-08-01 09:52:10 AM,8750.0,16,140000.0,307937549.5
2025-08-01 09:52:11 AM,8753.5,0,0.0,307937549.5
2025-08-01 09:52:12 AM,8747.0,0,0.0,307937549.5
2025-08-01 09:52:13 AM,8747.0,18,157446.0,308094995.5
2025-08-01 09:52:15 AM,8745.5,0,0.0,308094995.5
2025-08-01 09:52:16 AM,8745.5,1,8745.5,308103741.0
2025-08-01 09:52:21 AM,8754.0,0,0.0,308103741.0
2025-08-01 09:52:22 AM,8754.0,12,105048.0,308208789.0
2025-08-01 09:52:27 AM,8746.0,0,0.0,308208789.0
2025-08-01 09:52:29 AM,8746.0,5,43730.0,308252519.0
2025-08-01 09:52:35 AM,8746.0,20,174920.0,308427439.0
2025-08-01 09:52:37 AM,8746.0,5,43730.0,308471169.0
2025-08-01 09:52:39 AM,8754.5,0,0.0,308471169.0
2025-08-01 09:52:39 AM,8756.5,0,0.0,308471169.0
2025-08-01 09:52:41 AM,8735.5,177,1546183.5,310017352.5
2025-08-01 09:52:42 AM,8738.0,0,0.0,310017352.5
2025-08-01 09:52:43 AM,8738.0,1,8738.0,310026090.5
2025-08-01 09:52:45 AM,8733.0,0,0.0,310026090.5
2025-08-01 09:52:47 AM,8733.0,24,209592.0,310235682.5
2025-08-01 09:52:48 AM,8736.5,0,0.0,310235682.5
2025-08-01 09:52:49 AM,8736.5,20,174730.0,310410412.5
2025-08-01 09:52:51 AM,8732.5,0,0.0,310410412.5
2025-08-01 09:52:53 AM,8739.0,85,742815.0,311153227.5
2025-08-01 09:52:54 AM,8752.5,0,0.0,311153227.5
2025-08-01 09:52:55 AM,8752.5,100,875250.0,312028477.5
2025-08-01 09:52:57 AM,8744.0,0,0.0,312028477.5
2025-08-01 09:52:59 AM,8744.0,15,131160.0,312159637.5
2025-08-01 09:53:07 AM,8742.0,2,17484.0,312177121.5
2025-08-01 09:53:13 AM,8742.0,1,8742.0,312185863.5
2025-08-01 09:53:15 AM,8742.5,0,0.0,312185863.5
2025-08-01 09:53:17 AM,8742.5,1,8742.5,312194606.0
2025-08-01 09:53:19 AM,8750.0,0,0.0,312194606.0
2025-08-01 09:53:20 AM,8750.0,15,131250.0,312325856.0
2025-08-01 09:53:22 AM,8749.5,0,0.0,312325856.0
2025-08-01 09:53:24 AM,8749.5,5,43747.5,312369603.5
2025-08-01 09:53:31 AM,8756.5,0,0.0,312369603.5
2025-08-01 09:53:32 AM,8756.5,65,569172.5,312938776.0
2025-08-01 09:53:34 AM,8748.5,0,0.0,312938776.0
2025-08-01 09:53:36 AM,8754.5,11,96299.5,313035075.5
2025-08-01 09:53:42 AM,8753.0,7,61271.0,313096346.5
2025-08-01 09:53:43 AM,8752.5,0,0.0,313096346.5
2025-08-01 09:53:44 AM,8752.5,1,8752.5,313105099.0
2025-08-01 09:53:49 AM,8757.0,0,0.0,313105099.0
2025-08-01 09:53:49 AM,8757.0,11,96327.0,313201426.0
2025-08-01 09:53:49 AM,8746.5,0,0.0,313201426.0
2025-08-01 09:53:50 AM,8746.5,50,437325.0,313638751.0
2025-08-01 09:53:52 AM,8753.5,0,0.0,313638751.0
2025-08-01 09:53:55 AM,8753.5,2,17507.0,313656258.0
2025-08-01 09:54:07 AM,8748.0,0,0.0,313656258.0
2025-08-01 09:54:07 AM,8748.0,6,52488.0,313708746.0
2025-08-01 09:54:13 AM,8752.5,0,0.0,313708746.0
2025-08-01 09:54:13 AM,8752.5,2,17505.0,313726251.0
2025-08-01 09:54:19 AM,8747.0,0,0.0,313726251.0
2025-08-01 09:54:20 AM,8747.0,2,17494.0,313743745.0
2025-08-01 09:54:44 AM,8752.5,0,0.0,313743745.0
2025-08-01 09:54:44 AM,8752.5,5,43762.5,313787507.5
2025-08-01 09:54:50 AM,8750.0,0,0.0,313787507.5
2025-08-01 09:54:50 AM,8750.0,2,17500.0,313805007.5
2025-08-01 09:55:01 AM,8750.0,3,26250.0,313831257.5
2025-08-01 09:55:08 AM,8753.5,25,218837.5,314050095.0
2025-08-01 09:55:17 AM,8752.5,0,0.0,314050095.0
2025-08-01 09:55:19 AM,8752.5,4,35010.0,314085105.0
2025-08-01 09:55:24 AM,8749.5,0,0.0,314085105.0
2025-08-01 09:55:25 AM,8749.5,54,472473.0,314557578.0
2025-08-01 09:55:28 AM,8746.5,0,0.0,314557578.0
2025-08-01 09:55:31 AM,8746.5,22,192423.0,314750001.0
2025-08-01 09:55:36 AM,8740.5,0,0.0,314750001.0
2025-08-01 09:55:37 AM,8748.5,0,0.0,314750001.0
2025-08-01 09:55:37 AM,8748.5,105,918592.5,315668593.5
2025-08-01 09:55:40 AM,8742.5,0,0.0,315668593.5
2025-08-01 09:55:43 AM,8742.5,15,131137.5,315799731.0
2025-08-01 09:55:50 AM,8751.5,0,0.0,315799731.0
2025-08-01 09:55:50 AM,8751.5,2,17503.0,315817234.0
2025-08-01 09:56:07 AM,8748.5,0,0.0,315817234.0
2025-08-01 09:56:08 AM,8749.0,50,437450.0,316254684.0
2025-08-01 09:56:10 AM,8743.5,0,0.0,316254684.0
2025-08-01 09:56:13 AM,8749.0,0,0.0,316254684.0
2025-08-01 09:56:14 AM,8749.0,7,61243.0,316315927.0
2025-08-01 09:56:25 AM,8748.5,0,0.0,316315927.0
2025-08-01 09:56:26 AM,8748.5,1,8748.5,316324675.5
2025-08-01 09:56:31 AM,8742.0,1,8742.0,316333417.5
2025-08-01 09:56:35 AM,8748.5,0,0.0,316333417.5
2025-08-01 09:56:37 AM,8748.5,11,96233.5,316429651.0
2025-08-01 09:56:43 AM,8748.5,5,43742.5,316473393.5
2025-08-01 09:56:47 AM,8739.0,0,0.0,316473393.5
2025-08-01 09:56:50 AM,8739.0,63,550557.0,317023950.5
2025-08-01 09:56:51 AM,8741.0,0,0.0,317023950.5
2025-08-01 09:56:51 AM,8741.0,6,52446.0,317076396.5
2025-08-01 09:56:54 AM,8732.0,0,0.0,317076396.5
2025-08-01 09:56:56 AM,8732.0,10,87320.0,317163716.5
2025-08-01 09:57:07 AM,8733.0,0,0.0,317163716.5
2025-08-01 09:57:08 AM,8733.0,12,104796.0,317268512.5
2025-08-01 09:57:13 AM,8732.5,17,148452.5,317416965.0
2025-08-01 09:57:15 AM,8740.5,3,26221.5,317443186.5
2025-08-01 09:57:19 AM,8746.0,0,0.0,317443186.5
2025-08-01 09:57:19 AM,8746.0,85,743410.0,318186596.5
2025-08-01 09:57:23 AM,8739.0,0,0.0,318186596.5
2025-08-01 09:57:25 AM,8739.0,17,148563.0,318335159.5
2025-08-01 09:57:33 AM,8738.5,1,8738.5,318343898.0
2025-08-01 09:57:35 AM,8744.5,0,0.0,318343898.0
2025-08-01 09:57:36 AM,8738.5,6,52431.0,318396329.0
2025-08-01 09:57:39 AM,8745.0,0,0.0,318396329.0
2025-08-01 09:57:39 AM,8744.5,9,78700.5,318475029.5
2025-08-01 09:57:47 AM,8725.0,0,0.0,318475029.5
2025-08-01 09:57:49 AM,8726.5,847,7391345.5,325866375.0
2025-08-01 09:57:51 AM,8726.0,0,0.0,325866375.0
2025-08-01 09:57:51 AM,8726.0,1,8726.0,325875101.0
2025-08-01 09:57:55 AM,8713.0,0,0.0,325875101.0
2025-08-01 09:57:55 AM,8713.0,89,775457.0,326650558.0
2025-08-01 09:57:57 AM,8719.0,24,209256.0,326859814.0
2025-08-01 09:58:01 AM,8719.5,105,915547.5,327775361.5
2025-08-01 09:58:03 AM,8722.5,0,0.0,327775361.5
2025-08-01 09:58:03 AM,8715.0,22,191730.0,327967091.5
2025-08-01 09:58:07 AM,8715.0,18,156870.0,328123961.5
2025-08-01 09:58:10 AM,8715.0,6,52290.0,328176251.5
2025-08-01 09:58:13 AM,8715.0,56,488040.0,328664291.5
2025-08-01 09:58:16 AM,8713.0,0,0.0,328664291.5
2025-08-01 09:58:16 AM,8713.0,3,26139.0,328690430.5
2025-08-01 09:58:19 AM,8715.0,24,209160.0,328899590.5
2025-08-01 09:58:22 AM,8720.0,3,26160.0,328925750.5
2025-08-01 09:58:25 AM,8716.5,20,174330.0,329100080.5
2025-08-01 09:58:34 AM,8720.0,5,43600.0,329143680.5
2025-08-01 09:58:36 AM,8717.5,0,0.0,329143680.5
2025-08-01 09:58:37 AM,8717.5,20,174350.0,329318030.5
2025-08-01 09:58:40 AM,8715.5,0,0.0,329318030.5
2025-08-01 09:58:40 AM,8715.5,4,34862.0,329352892.5
2025-08-01 09:58:43 AM,8716.5,50,435825.0,329788717.5
2025-08-01 09:58:44 AM,8718.5,0,0.0,329788717.5
2025-08-01 09:58:46 AM,8701.0,306,2662506.0,332451223.5
2025-08-01 09:58:48 AM,8711.5,0,0.0,332451223.5
2025-08-01 09:58:49 AM,8702.5,44,382910.0,332834133.5
2025-08-01 09:58:55 AM,8700.5,32,278416.0,333112549.5
2025-08-01 09:59:01 AM,8707.5,10,87075.0,333199624.5
2025-08-01 09:59:04 AM,8709.5,0,0.0,333199624.5
2025-08-01 09:59:04 AM,8709.5,1,8709.5,333208334.0
2025-08-01 09:59:08 AM,8700.0,76,661200.0,333869534.0
2025-08-01 09:59:09 AM,8702.0,0,0.0,333869534.0
2025-08-01 09:59:11 AM,8700.0,11,95700.0,333965234.0
2025-08-01 09:59:14 AM,8699.0,0,0.0,333965234.0
2025-08-01 09:59:14 AM,8699.0,497,4323403.0,338288637.0
2025-08-01 09:59:17 AM,8700.0,4,34800.0,338323437.0
2025-08-01 09:59:18 AM,8692.0,0,0.0,338323437.0
2025-08-01 09:59:18 AM,8697.5,0,0.0,338323437.0
2025-08-01 09:59:20 AM,8699.5,73,635063.5,338958500.5
2025-08-01 09:59:22 AM,8700.0,0,0.0,338958500.5
2025-08-01 09:59:23 AM,8692.5,22,191235.0,339149735.5
2025-08-01 09:59:26 AM,8699.0,0,0.0,339149735.5
2025-08-01 09:59:27 AM,8699.0,19,165281.0,339315016.5
2025-08-01 09:59:30 AM,8698.5,10,86985.0,339402001.5
2025-08-01 09:59:33 AM,8700.0,0,0.0,339402001.5
2025-08-01 09:59:33 AM,8692.5,52,452010.0,339854011.5
2025-08-01 09:59:36 AM,8699.5,0,0.0,339854011.5
2025-08-01 09:59:36 AM,8699.5,11,95694.5,339949706.0
2025-08-01 09:59:39 AM,8697.5,0,0.0,339949706.0
2025-08-01 09:59:39 AM,8697.5,109,948027.5,340897733.5
2025-08-01 09:59:42 AM,8695.5,0,0.0,340897733.5
2025-08-01 09:59:42 AM,8696.0,105,913080.0,341810813.5
2025-08-01 09:59:43 AM,8702.0,0,0.0,341810813.5
2025-08-01 09:59:46 AM,8696.0,20,173920.0,341984733.5
2025-08-01 09:59:48 AM,8698.5,40,347940.0,342332673.5
2025-08-01 09:59:50 AM,8693.5,0,0.0,342332673.5
2025-08-01 09:59:52 AM,8692.5,28,243390.0,342576063.5
2025-08-01 09:59:55 AM,8690.5,0,0.0,342576063.5
2025-08-01 09:59:58 AM,8690.5,200,1738100.0,344314163.5
2025-08-01 10:00:00 AM,8696.0,0,0.0,344314163.5
2025-08-01 10:00:00 AM,8696.0,2,17392.0,344331555.5
2025-08-01 10:00:01 AM,8693.0,0,0.0,344331555.5
2025-08-01 10:00:04 AM,8698.0,0,0.0,344331555.5
2025-08-01 10:00:04 AM,8698.0,36,313128.0,344644683.5
2025-08-01 10:00:06 AM,8690.0,0,0.0,344644683.5
2025-08-01 10:00:07 AM,8699.0,80,695920.0,345340603.5
2025-08-01 10:00:10 AM,8694.5,81,704254.5,346044858.0
2025-08-01 10:00:11 AM,8699.0,0,0.0,346044858.0
2025-08-01 10:00:13 AM,8700.0,0,0.0,346044858.0
2025-08-01 10:00:13 AM,8700.0,27,234900.0,346279758.0
2025-08-01 10:00:17 AM,8697.0,0,0.0,346279758.0
2025-08-01 10:00:17 AM,8697.0,15,130455.0,346410213.0
2025-08-01 10:00:19 AM,8690.0,0,0.0,346410213.0
2025-08-01 10:00:20 AM,8690.0,70,608300.0,347018513.0
2025-08-01 10:00:23 AM,8696.5,76,660934.0,347679447.0
2025-08-01 10:00:29 AM,8695.0,53,460835.0,348140282.0
2025-08-01 10:00:32 AM,8695.0,1,8695.0,348148977.0
2025-08-01 10:00:35 AM,8693.5,34,295579.0,348444556.0
2025-08-01 10:00:37 AM,8695.0,0,0.0,348444556.0
2025-08-01 10:00:39 AM,8695.0,6,52170.0,348496726.0
2025-08-01 10:00:41 AM,8696.5,0,0.0,348496726.0
2025-08-01 10:00:42 AM,8697.5,8,69580.0,348566306.0
2025-08-01 10:00:45 AM,8693.0,11,95623.0,348661929.0
2025-08-01 10:00:48 AM,8700.0,0,0.0,348661929.0
2025-08-01 10:00:48 AM,8695.0,101,878195.0,349540124.0
2025-08-01 10:00:51 AM,8692.5,1,8692.5,349548816.5
2025-08-01 10:00:54 AM,8692.0,0,0.0,349548816.5
2025-08-01 10:00:54 AM,8692.0,11,95612.0,349644428.5
2025-08-01 10:00:58 AM,8695.0,3,26085.0,349670513.5
2025-08-01 10:01:13 AM,8700.0,63,548100.0,350218613.5
2025-08-01 10:01:20 AM,8700.5,0,0.0,350218613.5
2025-08-01 10:01:20 AM,8700.5,1,8700.5,350227314.0
2025-08-01 10:01:24 AM,8700.0,0,0.0,350227314.0
2025-08-01 10:01:26 AM,8706.0,51,444006.0,350671320.0
2025-08-01 10:01:28 AM,8700.5,0,0.0,350671320.0
2025-08-01 10:01:29 AM,8700.5,13,113106.5,350784426.5
2025-08-01 10:01:32 AM,8701.0,0,0.0,350784426.5
2025-08-01 10:01:32 AM,8701.0,8,69608.0,350854034.5
2025-08-01 10:01:41 AM,8706.0,0,0.0,350854034.5
2025-08-01 10:01:41 AM,8706.0,10,87060.0,350941094.5
2025-08-01 10:01:44 AM,8706.0,1,8706.0,350949800.5
2025-08-01 10:01:48 AM,8709.5,50,435475.0,351385275.5
2025-08-01 10:02:01 AM,8715.5,0,0.0,351385275.5
2025-08-01 10:02:02 AM,8715.5,1,8715.5,351393991.0
2025-08-01 10:02:06 AM,8716.0,1,8716.0,351402707.0
2025-08-01 10:02:09 AM,8719.0,0,0.0,351402707.0
2025-08-01 10:02:11 AM,8725.0,0,0.0,351402707.0
2025-08-01 10:02:13 AM,8725.0,19,165775.0,351568482.0
2025-08-01 10:02:14 AM,8725.0,10,87250.0,351655732.0
2025-08-01 10:02:16 AM,8719.5,0,0.0,351655732.0
2025-08-01 10:02:17 AM,8711.0,0,0.0,351655732.0
2025-08-01 10:02:19 AM,8714.5,80,697160.0,352352892.0
2025-08-01 10:02:21 AM,8708.5,0,0.0,352352892.0
2025-08-01 10:02:21 AM,8708.5,6,52251.0,352405143.0
2025-08-01 10:02:25 AM,8710.0,0,0.0,352405143.0
2025-08-01 10:02:25 AM,8716.5,98,854217.0,353259360.0
2025-08-01 10:02:29 AM,8709.0,0,0.0,353259360.0
2025-08-01 10:02:30 AM,8716.5,0,0.0,353259360.0
2025-08-01 10:02:31 AM,8716.5,36,313794.0,353573154.0
2025-08-01 10:02:38 AM,8718.0,0,0.0,353573154.0
2025-08-01 10:02:38 AM,8718.0,2,17436.0,353590590.0
2025-08-01 10:02:40 AM,8718.0,10,87180.0,353677770.0
2025-08-01 10:02:56 AM,8721.5,0,0.0,353677770.0
2025-08-01 10:02:57 AM,8721.5,10,87215.0,353764985.0
2025-08-01 10:02:59 AM,8718.0,2,17436.0,353782421.0
2025-08-01 10:03:03 AM,8718.0,2,17436.0,353799857.0
2025-08-01 10:03:08 AM,8713.0,0,0.0,353799857.0
2025-08-01 10:03:10 AM,8713.0,6,52278.0,353852135.0
2025-08-01 10:03:12 AM,8713.0,47,409511.0,354261646.0
2025-08-01 10:03:16 AM,8724.0,0,0.0,354261646.0
2025-08-01 10:03:16 AM,8717.0,88,767096.0,355028742.0
2025-08-01 10:03:18 AM,8716.5,23,200479.5,355229221.5
2025-08-01 10:03:23 AM,8722.0,12,104664.0,355333885.5
2025-08-01 10:03:25 AM,8724.0,1,8724.0,355342609.5
2025-08-01 10:03:36 AM,8724.0,5,43620.0,355386229.5
2025-08-01 10:03:38 AM,8724.0,5,43620.0,355429849.5
2025-08-01 10:03:42 AM,8724.0,2,17448.0,355447297.5
2025-08-01 10:03:48 AM,8724.0,1,8724.0,355456021.5
2025-08-01 10:03:54 AM,8720.0,31,270320.0,355726341.5
2025-08-01 10:04:00 AM,8723.0,1,8723.0,355735064.5
2025-08-01 10:04:08 AM,8725.0,0,0.0,355735064.5
2025-08-01 10:04:09 AM,8725.0,5,43625.0,355778689.5
2025-08-01 10:04:15 AM,8725.0,1,8725.0,355787414.5
2025-08-01 10:04:19 AM,8725.0,1,8725.0,355796139.5
2025-08-01 10:04:21 AM,8725.0,11,95975.0,355892114.5
2025-08-01 10:04:26 AM,8728.0,27,235656.0,356127770.5
2025-08-01 10:04:32 AM,8728.5,0,0.0,356127770.5
2025-08-01 10:04:32 AM,8728.5,1,8728.5,356136499.0
2025-08-01 10:04:34 AM,8723.5,40,348940.0,356485439.0
2025-08-01 10:04:37 AM,8735.0,0,0.0,356485439.0
2025-08-01 10:04:38 AM,8735.0,114,995790.0,357481229.0
2025-08-01 10:04:40 AM,8726.5,4,34906.0,357516135.0
2025-08-01 10:04:44 AM,8731.0,1,8731.0,357524866.0
2025-08-01 10:04:54 AM,8732.0,0,0.0,357524866.0
2025-08-01 10:04:57 AM,8732.0,1,8732.0,357533598.0
2025-08-01 10:04:59 AM,8732.0,6,52392.0,357585990.0
2025-08-01 10:05:07 AM,8730.0,0,0.0,357585990.0
2025-08-01 10:05:09 AM,8731.5,3,26194.5,357612184.5
2025-08-01 10:05:11 AM,8728.0,1,8728.0,357620912.5
2025-08-01 10:05:15 AM,8728.0,23,200744.0,357821656.5
2025-08-01 10:05:23 AM,8729.5,252,2199834.0,360021490.5
2025-08-01 10:05:27 AM,8732.0,11,96052.0,360117542.5
2025-08-01 10:05:30 AM,8728.0,40,349120.0,360466662.5
2025-08-01 10:05:34 AM,8734.5,1,8734.5,360475397.0
2025-08-01 10:05:42 AM,8730.0,7,61110.0,360536507.0
2025-08-01 10:05:44 AM,8728.0,0,0.0,360536507.0
2025-08-01 10:05:46 AM,8728.0,36,314208.0,360850715.0
2025-08-01 10:06:02 AM,8730.0,0,0.0,360850715.0
2025-08-01 10:06:04 AM,8734.5,21,183424.5,361034139.5
2025-08-01 10:06:15 AM,8728.5,1,8728.5,361042868.0
2025-08-01 10:06:35 AM,8730.0,1,8730.0,361051598.0
2025-08-01 10:06:39 AM,8733.5,0,0.0,361051598.0
2025-08-01 10:06:39 AM,8733.5,63,550210.5,361601808.5
2025-08-01 10:06:51 AM,8729.0,3,26187.0,361627995.5
2025-08-01 10:07:04 AM,8733.5,0,0.0,361627995.5
2025-08-01 10:07:04 AM,8733.5,1,8733.5,361636729.0
2025-08-01 10:07:12 AM,8728.0,38,331664.0,361968393.0
2025-08-01 10:07:16 AM,8733.5,12,104802.0,362073195.0
2025-08-01 10:07:31 AM,8733.5,7,61134.5,362134329.5
2025-08-01 10:07:35 AM,8733.5,20,174670.0,362308999.5
2025-08-01 10:07:37 AM,8733.5,100,873350.0,363182349.5
2025-08-01 10:07:41 AM,8733.0,0,0.0,363182349.5
2025-08-01 10:07:41 AM,8733.0,1,8733.0,363191082.5
2025-08-01 10:07:43 AM,8743.5,50,437175.0,363628257.5
2025-08-01 10:07:51 AM,8737.5,0,0.0,363628257.5
2025-08-01 10:07:53 AM,8737.5,72,629100.0,364257357.5
2025-08-01 10:07:56 AM,8735.0,0,0.0,364257357.5
2025-08-01 10:08:00 AM,8734.0,13,113542.0,364370899.5
2025-08-01 10:08:11 AM,8733.0,0,0.0,364370899.5
2025-08-01 10:08:12 AM,8735.5,2,17471.0,364388370.5
2025-08-01 10:08:14 AM,8731.0,4,34924.0,364423294.5
2025-08-01 10:08:24 AM,8737.5,5,43687.5,364466982.0
2025-08-01 10:08:28 AM,8730.5,0,0.0,364466982.0
2025-08-01 10:08:30 AM,8730.5,16,139688.0,364606670.0
2025-08-01 10:08:41 AM,8739.5,0,0.0,364606670.0
2025-08-01 10:08:42 AM,8739.5,2,17479.0,364624149.0
2025-08-01 10:08:48 AM,8740.0,10,87400.0,364711549.0
2025-08-01 10:08:54 AM,8740.0,1,8740.0,364720289.0
2025-08-01 10:08:58 AM,8741.5,0,0.0,364720289.0
2025-08-01 10:08:59 AM,8747.5,0,0.0,364720289.0
2025-08-01 10:09:00 AM,8747.5,88,769780.0,365490069.0
2025-08-01 10:09:20 AM,8747.0,0,0.0,365490069.0
2025-08-01 10:09:20 AM,8747.0,30,262410.0,365752479.0
2025-08-01 10:09:22 AM,8748.0,0,0.0,365752479.0
2025-08-01 10:09:24 AM,8748.0,8,69984.0,365822463.0
2025-08-01 10:09:29 AM,8743.0,0,0.0,365822463.0
2025-08-01 10:09:30 AM,8743.0,1,8743.0,365831206.0
2025-08-01 10:09:33 AM,8764.5,0,0.0,365831206.0
2025-08-01 10:09:35 AM,8760.0,0,0.0,365831206.0
2025-08-01 10:09:35 AM,8759.5,179,1567950.5,367399156.5
2025-08-01 10:09:37 AM,8756.5,0,0.0,367399156.5
2025-08-01 10:09:37 AM,8756.5,29,253938.5,367653095.0
2025-08-01 10:09:40 AM,8757.0,0,0.0,367653095.0
2025-08-01 10:09:41 AM,8757.0,5,43785.0,367696880.0
2025-08-01 10:09:52 AM,8764.0,0,0.0,367696880.0
2025-08-01 10:09:53 AM,8764.0,1,8764.0,367705644.0
2025-08-01 10:09:54 AM,8757.0,0,0.0,367705644.0
2025-08-01 10:09:54 AM,8757.0,5,43785.0,367749429.0
2025-08-01 10:09:59 AM,8763.5,0,0.0,367749429.0
2025-08-01 10:10:00 AM,8763.5,5,43817.5,367793246.5
2025-08-01 10:10:04 AM,8764.5,0,0.0,367793246.5
2025-08-01 10:10:04 AM,8764.5,26,227877.0,368021123.5
2025-08-01 10:10:12 AM,8765.0,30,262950.0,368284073.5
2025-08-01 10:10:14 AM,8764.0,0,0.0,368284073.5
2025-08-01 10:10:16 AM,8764.0,3,26292.0,368310365.5
2025-08-01 10:10:21 AM,8764.5,0,0.0,368310365.5
2025-08-01 10:10:21 AM,8764.5,7,61351.5,368371717.0
2025-08-01 10:10:23 AM,8764.0,10,87640.0,368459357.0
2025-08-01 10:10:27 AM,8768.0,556,4875008.0,373334365.0
2025-08-01 10:10:35 AM,8768.5,16,140296.0,373474661.0
2025-08-01 10:10:40 AM,8775.5,11,96530.5,373571191.5
2025-08-01 10:10:40 AM,8777.0,0,0.0,373571191.5
2025-08-01 10:10:41 AM,8777.0,2,17554.0,373588745.5
2025-08-01 10:10:43 AM,8775.0,0,0.0,373588745.5
2025-08-01 10:10:43 AM,8777.5,0,0.0,373588745.5
2025-08-01 10:10:46 AM,8777.5,5,43887.5,373632633.0
2025-08-01 10:10:47 AM,8778.0,15,131670.0,373764303.0
2025-08-01 10:10:52 AM,8779.0,0,0.0,373764303.0
2025-08-01 10:10:52 AM,8779.0,12,105348.0,373869651.0
2025-08-01 10:10:53 AM,8786.0,100,878600.0,374748251.0
2025-08-01 10:10:57 AM,8788.5,0,0.0,374748251.0
2025-08-01 10:10:58 AM,8788.5,51,448213.5,375196464.5
2025-08-01 10:11:01 AM,8784.0,0,0.0,375196464.5
2025-08-01 10:11:03 AM,8789.0,3,26367.0,375222831.5
2025-08-01 10:11:05 AM,8789.0,4,35156.0,375257987.5
2025-08-01 10:11:07 AM,8790.0,0,0.0,375257987.5
2025-08-01 10:11:09 AM,8790.5,316,2777798.0,378035785.5
2025-08-01 10:11:10 AM,8792.5,0,0.0,378035785.5
2025-08-01 10:11:11 AM,8800.0,67,589600.0,378625385.5
2025-08-01 10:11:15 AM,8800.0,27,237600.0,378862985.5
2025-08-01 10:11:19 AM,8799.0,0,0.0,378862985.5
2025-08-01 10:11:21 AM,8799.0,2,17598.0,378880583.5
2025-08-01 10:11:25 AM,8796.0,0,0.0,378880583.5
2025-08-01 10:11:27 AM,8796.0,3,26388.0,378906971.5
2025-08-01 10:11:31 AM,8803.5,0,0.0,378906971.5
2025-08-01 10:11:31 AM,8805.0,0,0.0,378906971.5
2025-08-01 10:11:32 AM,8804.0,397,3495188.0,382402159.5
2025-08-01 10:11:34 AM,8810.0,0,0.0,382402159.5
2025-08-01 10:11:34 AM,8810.0,76,669560.0,383071719.5
2025-08-01 10:11:37 AM,8811.0,0,0.0,383071719.5
2025-08-01 10:11:37 AM,8816.5,0,0.0,383071719.5
2025-08-01 10:11:38 AM,8819.5,91,802574.5,383874294.0
2025-08-01 10:11:40 AM,8813.0,0,0.0,383874294.0
2025-08-01 10:11:40 AM,8813.0,5,44065.0,383918359.0
2025-08-01 10:11:43 AM,8820.0,0,0.0,383918359.0
2025-08-01 10:11:44 AM,8820.0,109,961380.0,384879739.0
2025-08-01 10:11:46 AM,8818.5,0,0.0,384879739.0
2025-08-01 10:11:46 AM,8818.5,75,661387.5,385541126.5
2025-08-01 10:11:49 AM,8819.5,0,0.0,385541126.5
2025-08-01 10:11:50 AM,8811.5,10,88115.0,385629241.5
2025-08-01 10:11:52 AM,8819.0,0,0.0,385629241.5
2025-08-01 10:11:55 AM,8811.0,0,0.0,385629241.5
2025-08-01 10:11:56 AM,8816.5,24,211596.0,385840837.5
2025-08-01 10:11:58 AM,8820.0,0,0.0,385840837.5
2025-08-01 10:12:01 AM,8791.0,0,0.0,385840837.5
2025-08-01 10:12:02 AM,8800.0,502,4417600.0,390258437.5
2025-08-01 10:12:03 AM,8800.0,25,220000.0,390478437.5
2025-08-01 10:12:08 AM,8795.0,12,105540.0,390583977.5
2025-08-01 10:12:09 AM,8809.5,79,695950.5,391279928.0
2025-08-01 10:12:10 AM,8810.5,0,0.0,391279928.0
2025-08-01 10:12:13 AM,8811.0,0,0.0,391279928.0
2025-08-01 10:12:14 AM,8811.0,26,229086.0,391509014.0
2025-08-01 10:12:19 AM,8807.0,0,0.0,391509014.0
2025-08-01 10:12:19 AM,8807.5,49,431567.5,391940581.5
2025-08-01 10:12:25 AM,8807.0,0,0.0,391940581.5
2025-08-01 10:12:25 AM,8803.0,8,70424.0,392011005.5
2025-08-01 10:12:26 AM,8803.0,3,26409.0,392037414.5
2025-08-01 10:12:31 AM,8804.0,0,0.0,392037414.5
2025-08-01 10:12:31 AM,8804.0,22,193688.0,392231102.5
2025-08-01 10:12:34 AM,8794.0,0,0.0,392231102.5
2025-08-01 10:12:37 AM,8803.0,0,0.0,392231102.5
2025-08-01 10:12:37 AM,8803.0,109,959527.0,393190629.5
2025-08-01 10:12:42 AM,8795.5,12,105546.0,393296175.5
2025-08-01 10:12:48 AM,8795.0,1,8795.0,393304970.5
2025-08-01 10:12:54 AM,8795.0,10,87950.0,393392920.5
2025-08-01 10:12:58 AM,8793.5,0,0.0,393392920.5
2025-08-01 10:13:00 AM,8790.0,216,1898640.0,395291560.5
2025-08-01 10:13:06 AM,8789.5,6,52737.0,395344297.5
2025-08-01 10:13:07 AM,8789.5,2,17579.0,395361876.5
2025-08-01 10:13:08 AM,8788.0,2,17576.0,395379452.5
2025-08-01 10:13:09 AM,8788.5,1,8788.5,395388241.0
2025-08-01 10:13:12 AM,8784.0,62,544608.0,395932849.0
2025-08-01 10:13:14 AM,8784.0,2,17568.0,395950417.0
2025-08-01 10:13:15 AM,8780.5,0,0.0,395950417.0
2025-08-01 10:13:15 AM,8775.5,60,526530.0,396476947.0
2025-08-01 10:13:16 AM,8783.0,5,43915.0,396520862.0
2025-08-01 10:13:18 AM,8779.5,0,0.0,396520862.0
2025-08-01 10:13:19 AM,8779.5,1,8779.5,396529641.5
2025-08-01 10:13:22 AM,8780.0,1,8780.0,396538421.5
2025-08-01 10:13:25 AM,8779.5,5,43897.5,396582319.0
2025-08-01 10:13:27 AM,8787.5,11,96662.5,396678981.5
2025-08-01 10:13:28 AM,8781.5,0,0.0,396678981.5
2025-08-01 10:13:28 AM,8781.5,3,26344.5,396705326.0
2025-08-01 10:13:30 AM,8788.5,0,0.0,396705326.0
2025-08-01 10:13:30 AM,8788.5,9,79096.5,396784422.5
2025-08-01 10:13:31 AM,8782.5,0,0.0,396784422.5
2025-08-01 10:13:31 AM,8782.5,6,52695.0,396837117.5
2025-08-01 10:13:32 AM,8788.5,7,61519.5,396898637.0
2025-08-01 10:13:33 AM,8784.5,5,43922.5,396942559.5
2025-08-01 10:13:36 AM,8790.0,1,8790.0,396951349.5
2025-08-01 10:13:37 AM,8782.5,50,439125.0,397390474.5
2025-08-01 10:13:40 AM,8787.0,1,8787.0,397399261.5
2025-08-01 10:13:45 AM,8789.5,0,0.0,397399261.5
2025-08-01 10:13:45 AM,8789.5,10,87895.0,397487156.5
2025-08-01 10:13:48 AM,8789.5,1,8789.5,397495946.0
2025-08-01 10:13:51 AM,8790.0,5,43950.0,397539896.0
2025-08-01 10:13:52 AM,8790.0,1,8790.0,397548686.0
2025-08-01 10:13:58 AM,8790.0,44,386760.0,397935446.0
2025-08-01 10:14:05 AM,8790.0,1,8790.0,397944236.0
2025-08-01 10:14:10 AM,8790.0,26,228540.0,398172776.0
2025-08-01 10:14:19 AM,8796.0,0,0.0,398172776.0
2025-08-01 10:14:22 AM,8796.5,0,0.0,398172776.0
2025-08-01 10:14:22 AM,8796.5,2,17593.0,398190369.0
2025-08-01 10:14:33 AM,8796.5,36,316674.0,398507043.0
2025-08-01 10:14:39 AM,8803.0,27,237681.0,398744724.0
2025-08-01 10:14:40 AM,8804.0,5,44020.0,398788744.0
2025-08-01 10:14:45 AM,8804.0,1,8804.0,398797548.0
2025-08-01 10:14:46 AM,8809.5,0,0.0,398797548.0
2025-08-01 10:14:46 AM,8809.5,54,475713.0,399273261.0
2025-08-01 10:14:48 AM,8815.0,0,0.0,399273261.0
2025-08-01 10:14:51 AM,8815.0,200,1763000.0,401036261.0
2025-08-01 10:14:52 AM,8809.0,0,0.0,401036261.0
2025-08-01 10:14:52 AM,8809.0,1,8809.0,401045070.0
2025-08-01 10:14:57 AM,8807.5,3,26422.5,401071492.5
2025-08-01 10:15:00 AM,8801.5,0,0.0,401071492.5
2025-08-01 10:15:02 AM,8802.0,0,0.0,401071492.5
2025-08-01 10:15:02 AM,8802.0,31,272862.0,401344354.5
2025-08-01 10:15:03 AM,8807.5,7,61652.5,401406007.0
2025-08-01 10:15:04 AM,8806.5,0,0.0,401406007.0
2025-08-01 10:15:08 AM,8806.5,2,17613.0,401423620.0
2025-08-01 10:15:09 AM,8807.5,2,17615.0,401441235.0
2025-08-01 10:15:12 AM,8806.0,0,0.0,401441235.0
2025-08-01 10:15:14 AM,8806.0,2,17612.0,401458847.0
2025-08-01 10:15:22 AM,8807.0,0,0.0,401458847.0
2025-08-01 10:15:24 AM,8810.0,0,0.0,401458847.0
2025-08-01 10:15:25 AM,8806.0,0,0.0,401458847.0
2025-08-01 10:15:26 AM,8810.0,50,440500.0,401899347.0
2025-08-01 10:15:32 AM,8810.0,4,35240.0,401934587.0
2025-08-01 10:15:35 AM,8815.0,0,0.0,401934587.0
2025-08-01 10:15:38 AM,8815.0,19,167485.0,402102072.0
2025-08-01 10:15:42 AM,8814.5,0,0.0,402102072.0
2025-08-01 10:15:44 AM,8814.5,10,88145.0,402190217.0
2025-08-01 10:15:45 AM,8815.0,0,0.0,402190217.0
2025-08-01 10:15:45 AM,8815.0,5,44075.0,402234292.0
2025-08-01 10:15:48 AM,8811.5,0,0.0,402234292.0
2025-08-01 10:15:50 AM,8815.0,11,96965.0,402331257.0
2025-08-01 10:15:54 AM,8819.0,0,0.0,402331257.0
2025-08-01 10:15:56 AM,8819.0,47,414493.0,402745750.0
2025-08-01 10:16:00 AM,8800.0,0,0.0,402745750.0
2025-08-01 10:16:02 AM,8800.0,329,2895200.0,405640950.0
2025-08-01 10:16:04 AM,8808.5,0,0.0,405640950.0
2025-08-01 10:16:06 AM,8812.0,0,0.0,405640950.0
2025-08-01 10:16:07 AM,8800.0,0,0.0,405640950.0
2025-08-01 10:16:07 AM,8800.0,115,1012000.0,406652950.0
2025-08-01 10:16:12 AM,8804.5,0,0.0,406652950.0
2025-08-01 10:16:13 AM,8804.5,1,8804.5,406661754.5
2025-08-01 10:16:15 AM,8800.0,0,0.0,406661754.5
2025-08-01 10:16:19 AM,8799.5,0,0.0,406661754.5
2025-08-01 10:16:19 AM,8799.5,18,158391.0,406820145.5
2025-08-01 10:16:24 AM,8800.0,0,0.0,406820145.5
2025-08-01 10:16:25 AM,8800.0,4,35200.0,406855345.5
2025-08-01 10:16:31 AM,8807.0,0,0.0,406855345.5
2025-08-01 10:16:31 AM,8807.0,26,228982.0,407084327.5
2025-08-01 10:16:42 AM,8808.0,0,0.0,407084327.5
2025-08-01 10:16:43 AM,8808.0,5,44040.0,407128367.5
2025-08-01 10:16:48 AM,8808.0,9,79272.0,407207639.5
2025-08-01 10:16:51 AM,8803.0,0,0.0,407207639.5
2025-08-01 10:16:52 AM,8808.0,0,0.0,407207639.5
2025-08-01 10:16:54 AM,8808.0,3,26424.0,407234063.5
2025-08-01 10:16:59 AM,8808.0,42,369936.0,407603999.5
2025-08-01 10:17:05 AM,8808.0,2,17616.0,407621615.5
2025-08-01 10:17:07 AM,8813.5,0,0.0,407621615.5
2025-08-01 10:17:09 AM,8808.0,0,0.0,407621615.5
2025-08-01 10:17:10 AM,8808.0,18,158544.0,407780159.5
2025-08-01 10:17:18 AM,8814.0,0,0.0,407780159.5
2025-08-01 10:17:21 AM,8813.0,0,0.0,407780159.5
2025-08-01 10:17:22 AM,8814.0,7,61698.0,407841857.5
2025-08-01 10:17:24 AM,8815.5,0,0.0,407841857.5
2025-08-01 10:17:28 AM,8815.5,10,88155.0,407930012.5
2025-08-01 10:17:30 AM,8809.0,0,0.0,407930012.5
2025-08-01 10:17:33 AM,8815.5,0,0.0,407930012.5
2025-08-01 10:17:34 AM,8815.5,5,44077.5,407974090.0
2025-08-01 10:17:36 AM,8803.0,0,0.0,407974090.0
2025-08-01 10:17:37 AM,8813.5,0,0.0,407974090.0
2025-08-01 10:17:39 AM,8813.5,140,1233890.0,409207980.0
2025-08-01 10:17:42 AM,8811.5,0,0.0,409207980.0
2025-08-01 10:17:43 AM,8814.0,0,0.0,409207980.0
2025-08-01 10:17:45 AM,8814.5,0,0.0,409207980.0
2025-08-01 10:17:45 AM,8814.5,85,749232.5,409957212.5
2025-08-01 10:17:48 AM,8808.0,0,0.0,409957212.5
2025-08-01 10:17:51 AM,8808.0,6,52848.0,410010060.5
2025-08-01 10:18:03 AM,8812.0,0,0.0,410010060.5
2025-08-01 10:18:03 AM,8812.0,11,96932.0,410106992.5
2025-08-01 10:18:04 AM,8808.0,0,0.0,410106992.5
2025-08-01 10:18:06 AM,8813.5,0,0.0,410106992.5
2025-08-01 10:18:09 AM,8813.5,6,52881.0,410159873.5
2025-08-01 10:18:10 AM,8800.0,0,0.0,410159873.5
2025-08-01 10:18:14 AM,8802.5,253,2227032.5,412386906.0
2025-08-01 10:18:19 AM,8799.0,0,0.0,412386906.0
2025-08-01 10:18:20 AM,8799.0,32,281568.0,412668474.0
2025-08-01 10:18:22 AM,8800.0,0,0.0,412668474.0
2025-08-01 10:18:24 AM,8799.0,0,0.0,412668474.0
2025-08-01 10:18:25 AM,8804.5,0,0.0,412668474.0
2025-08-01 10:18:26 AM,8799.0,6,52794.0,412721268.0
2025-08-01 10:18:36 AM,8805.0,0,0.0,412721268.0
2025-08-01 10:18:38 AM,8805.0,1,8805.0,412730073.0
2025-08-01 10:18:40 AM,8800.0,0,0.0,412730073.0
2025-08-01 10:18:43 AM,8805.5,16,140888.0,412870961.0
2025-08-01 10:18:55 AM,8806.5,0,0.0,412870961.0
2025-08-01 10:18:55 AM,8806.5,5,44032.5,412914993.5
2025-08-01 10:18:56 AM,8805.5,0,0.0,412914993.5
2025-08-01 10:18:59 AM,8805.0,0,0.0,412914993.5
2025-08-01 10:19:00 AM,8805.0,26,228930.0,413143923.5
2025-08-01 10:19:02 AM,8805.5,0,0.0,413143923.5
2025-08-01 10:19:06 AM,8805.5,11,96860.5,413240784.0
2025-08-01 10:19:18 AM,8805.5,10,88055.0,413328839.0
2025-08-01 10:19:28 AM,8799.0,0,0.0,413328839.0
2025-08-01 10:19:29 AM,8799.0,16,140784.0,413469623.0
2025-08-01 10:19:36 AM,8805.0,10,88050.0,413557673.0
2025-08-01 10:19:40 AM,8808.0,10,88080.0,413645753.0
2025-08-01 10:19:44 AM,8807.5,0,0.0,413645753.0
2025-08-01 10:19:46 AM,8801.0,2,17602.0,413663355.0
2025-08-01 10:20:09 AM,8801.5,25,220037.5,413883392.5
2025-08-01 10:20:20 AM,8807.0,0,0.0,413883392.5
2025-08-01 10:20:20 AM,8807.0,4,35228.0,413918620.5
2025-08-01 10:20:26 AM,8807.0,56,493192.0,414411812.5
2025-08-01 10:20:37 AM,8806.5,0,0.0,414411812.5
2025-08-01 10:20:37 AM,8823.0,324,2858652.0,417270464.5
2025-08-01 10:20:39 AM,8821.0,11,97031.0,417367495.5
2025-08-01 10:20:40 AM,8820.0,0,0.0,417367495.5
2025-08-01 10:20:44 AM,8826.0,92,811992.0,418179487.5
2025-08-01 10:20:46 AM,8823.0,0,0.0,418179487.5
2025-08-01 10:20:46 AM,8823.0,6,52938.0,418232425.5
2025-08-01 10:20:46 AM,8822.5,0,0.0,418232425.5
2025-08-01 10:20:48 AM,8835.0,0,0.0,418232425.5
2025-08-01 10:20:50 AM,8836.5,0,0.0,418232425.5
2025-08-01 10:20:50 AM,8836.5,509,4497778.5,422730204.0
2025-08-01 10:20:52 AM,8827.0,0,0.0,422730204.0
2025-08-01 10:20:52 AM,8827.0,43,379561.0,423109765.0
2025-08-01 10:20:52 AM,8824.5,0,0.0,423109765.0
2025-08-01 10:20:56 AM,8824.5,6,52947.0,423162712.0
2025-08-01 10:20:56 AM,8823.0,0,0.0,423162712.0
2025-08-01 10:20:57 AM,8820.5,112,987896.0,424150608.0
2025-08-01 10:20:58 AM,8820.0,0,0.0,424150608.0
2025-08-01 10:21:00 AM,8825.0,0,0.0,424150608.0
2025-08-01 10:21:01 AM,8824.5,55,485347.5,424635955.5
2025-08-01 10:21:02 AM,8823.0,0,0.0,424635955.5
2025-08-01 10:21:03 AM,8826.5,115,1015047.5,425651003.0
2025-08-01 10:21:06 AM,8820.0,10,88200.0,425739203.0
2025-08-01 10:21:09 AM,8820.0,2,17640.0,425756843.0
2025-08-01 10:21:12 AM,8820.0,18,158760.0,425915603.0
2025-08-01 10:21:16 AM,8819.5,0,0.0,425915603.0
2025-08-01 10:21:18 AM,8809.5,0,0.0,425915603.0
2025-08-01 10:21:18 AM,8809.5,171,1506424.5,427422027.5
2025-08-01 10:21:20 AM,8810.5,1,8810.5,427430838.0
2025-08-01 10:21:29 AM,8810.5,2,17621.0,427448459.0
2025-08-01 10:21:36 AM,8804.5,5,44022.5,427492481.5
2025-08-01 10:21:39 AM,8810.0,2,17620.0,427510101.5
2025-08-01 10:21:41 AM,8814.5,25,220362.5,427730464.0
2025-08-01 10:21:43 AM,8812.5,0,0.0,427730464.0
2025-08-01 10:21:45 AM,8812.5,1,8812.5,427739276.5
2025-08-01 10:21:49 AM,8810.5,0,0.0,427739276.5
2025-08-01 10:21:51 AM,8810.5,10,88105.0,427827381.5
2025-08-01 10:21:57 AM,8810.5,1,8810.5,427836192.0
2025-08-01 10:21:58 AM,8814.0,0,0.0,427836192.0
2025-08-01 10:21:59 AM,8815.0,11,96965.0,427933157.0
2025-08-01 10:22:04 AM,8808.5,0,0.0,427933157.0
2025-08-01 10:22:04 AM,8808.5,8,70468.0,428003625.0
2025-08-01 10:22:07 AM,8817.0,0,0.0,428003625.0
2025-08-01 10:22:08 AM,8817.5,6,52905.0,428056530.0
2025-08-01 10:22:10 AM,8817.5,2,17635.0,428074165.0
2025-08-01 10:22:13 AM,8819.5,0,0.0,428074165.0
2025-08-01 10:22:14 AM,8819.5,16,141112.0,428215277.0
2025-08-01 10:22:19 AM,8817.5,0,0.0,428215277.0
2025-08-01 10:22:20 AM,8817.5,6,52905.0,428268182.0
2025-08-01 10:22:25 AM,8816.0,0,0.0,428268182.0
2025-08-01 10:22:26 AM,8816.0,1,8816.0,428276998.0
2025-08-01 10:22:28 AM,8815.0,0,0.0,428276998.0
2025-08-01 10:22:28 AM,8815.0,30,264450.0,428541448.0
2025-08-01 10:22:31 AM,8810.0,0,0.0,428541448.0
2025-08-01 10:22:32 AM,8810.0,72,634320.0,429175768.0
2025-08-01 10:22:39 AM,8813.5,105,925417.5,430101185.5
2025-08-01 10:22:48 AM,8813.5,25,220337.5,430321523.0
2025-08-01 10:22:49 AM,8822.0,0,0.0,430321523.0
2025-08-01 10:22:50 AM,8814.0,24,211536.0,430533059.0
2025-08-01 10:22:52 AM,8820.0,0,0.0,430533059.0
2025-08-01 10:22:53 AM,8815.0,19,167485.0,430700544.0
2025-08-01 10:22:58 AM,8817.0,0,0.0,430700544.0
2025-08-01 10:22:59 AM,8817.0,2,17634.0,430718178.0
2025-08-01 10:23:01 AM,8819.5,0,0.0,430718178.0
2025-08-01 10:23:01 AM,8820.0,16,141120.0,430859298.0
2025-08-01 10:23:03 AM,8811.0,0,0.0,430859298.0
2025-08-01 10:23:04 AM,8811.0,16,140976.0,431000274.0
2025-08-01 10:23:09 AM,8813.5,0,0.0,431000274.0
2025-08-01 10:23:10 AM,8813.5,2,17627.0,431017901.0
2025-08-01 10:23:13 AM,8813.5,2,17627.0,431035528.0
2025-08-01 10:23:18 AM,8811.0,0,0.0,431035528.0
2025-08-01 10:23:19 AM,8811.0,125,1101375.0,432136903.0
2025-08-01 10:23:21 AM,8808.5,0,0.0,432136903.0
2025-08-01 10:23:22 AM,8808.5,11,96893.5,432233796.5
2025-08-01 10:23:27 AM,8801.0,100,880100.0,433113896.5
2025-08-01 10:23:42 AM,8811.5,21,185041.5,433298938.0
2025-08-01 10:23:44 AM,8812.5,10,88125.0,433387063.0
2025-08-01 10:23:52 AM,8805.0,0,0.0,433387063.0
2025-08-01 10:23:53 AM,8805.0,30,264150.0,433651213.0
2025-08-01 10:24:04 AM,8805.0,7,61635.0,433712848.0
2025-08-01 10:24:07 AM,8805.5,0,0.0,433712848.0
2025-08-01 10:24:10 AM,8805.5,1,8805.5,433721653.5
2025-08-01 10:24:18 AM,8812.0,0,0.0,433721653.5
2025-08-01 10:24:20 AM,8813.0,20,176260.0,433897913.5
2025-08-01 10:24:26 AM,8813.0,6,52878.0,433950791.5
2025-08-01 10:24:39 AM,8816.0,0,0.0,433950791.5
2025-08-01 10:24:39 AM,8816.0,2,17632.0,433968423.5
2025-08-01 10:24:41 AM,8817.5,0,0.0,433968423.5
2025-08-01 10:24:42 AM,8817.5,13,114627.5,434083051.0
2025-08-01 10:24:44 AM,8815.0,8,70520.0,434153571.0
2025-08-01 10:24:50 AM,8815.0,1,8815.0,434162386.0
2025-08-01 10:24:53 AM,8815.0,30,264450.0,434426836.0
2025-08-01 10:24:55 AM,8816.0,0,0.0,434426836.0
2025-08-01 10:24:56 AM,8816.0,5,44080.0,434470916.0
2025-08-01 10:24:57 AM,8813.5,0,0.0,434470916.0
2025-08-01 10:24:59 AM,8813.5,12,105762.0,434576678.0
2025-08-01 10:25:04 AM,8819.5,0,0.0,434576678.0
2025-08-01 10:25:04 AM,8819.5,2,17639.0,434594317.0
2025-08-01 10:25:08 AM,8820.0,0,0.0,434594317.0
2025-08-01 10:25:10 AM,8814.5,0,0.0,434594317.0
2025-08-01 10:25:11 AM,8814.0,30,264420.0,434858737.0
2025-08-01 10:25:26 AM,8819.5,0,0.0,434858737.0
2025-08-01 10:25:28 AM,8819.5,12,105834.0,434964571.0
2025-08-01 10:25:30 AM,8819.0,1,8819.0,434973390.0
2025-08-01 10:25:31 AM,8813.0,0,0.0,434973390.0
2025-08-01 10:25:34 AM,8813.0,25,220325.0,435193715.0
2025-08-01 10:25:37 AM,8813.5,0,0.0,435193715.0
2025-08-01 10:25:38 AM,8819.5,0,0.0,435193715.0
2025-08-01 10:25:39 AM,8819.5,16,141112.0,435334827.0
2025-08-01 10:25:46 AM,8819.0,0,0.0,435334827.0
2025-08-01 10:25:47 AM,8819.0,2,17638.0,435352465.0
2025-08-01 10:25:50 AM,8819.5,2,17639.0,435370104.0
2025-08-01 10:25:55 AM,8813.0,0,0.0,435370104.0
2025-08-01 10:25:56 AM,8805.5,232,2042876.0,437412980.0
2025-08-01 10:26:04 AM,8813.5,0,0.0,437412980.0
2025-08-01 10:26:05 AM,8818.0,0,0.0,437412980.0
2025-08-01 10:26:06 AM,8818.0,68,599624.0,438012604.0
2025-08-01 10:26:29 AM,8817.5,0,0.0,438012604.0
2025-08-01 10:26:29 AM,8817.5,34,299795.0,438312399.0
2025-08-01 10:26:38 AM,8812.5,1,8812.5,438321211.5
2025-08-01 10:26:40 AM,8817.5,0,0.0,438321211.5
2025-08-01 10:26:41 AM,8817.5,5,44087.5,438365299.0
2025-08-01 10:26:52 AM,8812.5,0,0.0,438365299.0
2025-08-01 10:26:52 AM,8812.5,2,17625.0,438382924.0
2025-08-01 10:26:55 AM,8819.0,1,8819.0,438391743.0
2025-08-01 10:26:56 AM,8817.5,0,0.0,438391743.0
2025-08-01 10:26:58 AM,8817.5,1,8817.5,438400560.5
2025-08-01 10:27:09 AM,8817.5,12,105810.0,438506370.5
2025-08-01 10:27:18 AM,8817.5,1,8817.5,438515188.0
2025-08-01 10:27:20 AM,8817.5,50,440875.0,438956063.0
2025-08-01 10:27:29 AM,8817.5,1,8817.5,438964880.5
2025-08-01 10:27:31 AM,8817.0,0,0.0,438964880.5
2025-08-01 10:27:31 AM,8817.0,2,17634.0,438982514.5
2025-08-01 10:27:38 AM,8817.5,0,0.0,438982514.5
2025-08-01 10:27:40 AM,8817.5,10,88175.0,439070689.5
2025-08-01 10:27:45 AM,8819.0,4,35276.0,439105965.5
2025-08-01 10:27:53 AM,8810.0,0,0.0,439105965.5
2025-08-01 10:27:53 AM,8810.0,100,881000.0,439986965.5
2025-08-01 10:27:55 AM,8819.5,0,0.0,439986965.5
2025-08-01 10:27:56 AM,8819.5,112,987784.0,440974749.5
2025-08-01 10:28:02 AM,8819.0,0,0.0,440974749.5
2025-08-01 10:28:04 AM,8819.0,1,8819.0,440983568.5
2025-08-01 10:28:09 AM,8813.0,0,0.0,440983568.5
2025-08-01 10:28:09 AM,8813.0,11,96943.0,441080511.5
2025-08-01 10:28:12 AM,8820.0,0,0.0,441080511.5
2025-08-01 10:28:12 AM,8812.5,110,969375.0,442049886.5
2025-08-01 10:28:25 AM,8813.5,0,0.0,442049886.5
2025-08-01 10:28:26 AM,8813.5,1,8813.5,442058700.0
2025-08-01 10:28:36 AM,8813.0,0,0.0,442058700.0
2025-08-01 10:28:37 AM,8813.0,10,88130.0,442146830.0
2025-08-01 10:29:05 AM,8812.0,15,132180.0,442279010.0
2025-08-01 10:29:07 AM,8810.0,0,0.0,442279010.0
2025-08-01 10:29:07 AM,8810.0,30,264300.0,442543310.0
2025-08-01 10:29:15 AM,8815.5,0,0.0,442543310.0
2025-08-01 10:29:16 AM,8815.5,50,440775.0,442984085.0
2025-08-01 10:29:18 AM,8818.5,12,105822.0,443089907.0
2025-08-01 10:29:21 AM,8814.0,0,0.0,443089907.0
2025-08-01 10:29:22 AM,8814.0,17,149838.0,443239745.0
2025-08-01 10:29:31 AM,8818.5,0,0.0,443239745.0
2025-08-01 10:29:32 AM,8818.5,7,61729.5,443301474.5
2025-08-01 10:29:37 AM,8813.5,0,0.0,443301474.5
2025-08-01 10:29:38 AM,8812.5,4,35250.0,443336724.5
2025-08-01 10:29:43 AM,8812.0,0,0.0,443336724.5
2025-08-01 10:29:43 AM,8812.0,1,8812.0,443345536.5
2025-08-01 10:29:45 AM,8814.0,0,0.0,443345536.5
2025-08-01 10:29:46 AM,8819.0,16,141104.0,443486640.5
2025-08-01 10:29:49 AM,8810.0,0,0.0,443486640.5
2025-08-01 10:29:49 AM,8810.0,104,916240.0,444402880.5
2025-08-01 10:29:52 AM,8810.0,65,572650.0,444975530.5
2025-08-01 10:29:55 AM,8810.0,1,8810.0,444984340.5
2025-08-01 10:29:59 AM,8809.5,0,0.0,444984340.5
2025-08-01 10:30:00 AM,8802.0,294,2587788.0,447572128.5
2025-08-01 10:30:03 AM,8806.5,2,17613.0,447589741.5
2025-08-01 10:30:08 AM,8806.0,0,0.0,447589741.5
2025-08-01 10:30:09 AM,8807.5,0,0.0,447589741.5
2025-08-01 10:30:09 AM,8807.5,13,114497.5,447704239.0
2025-08-01 10:30:12 AM,8810.0,0,0.0,447704239.0
2025-08-01 10:30:12 AM,8804.0,15,132060.0,447836299.0
2025-08-01 10:30:14 AM,8809.5,0,0.0,447836299.0
2025-08-01 10:30:15 AM,8809.5,3,26428.5,447862727.5
2025-08-01 10:30:18 AM,8802.5,0,0.0,447862727.5
2025-08-01 10:30:18 AM,8802.5,63,554557.5,448417285.0
2025-08-01 10:30:23 AM,8814.0,110,969540.0,449386825.0
2025-08-01 10:30:26 AM,8807.5,5,44037.5,449430862.5
2025-08-01 10:30:27 AM,8812.5,0,0.0,449430862.5
2025-08-01 10:30:29 AM,8812.5,5,44062.5,449474925.0
2025-08-01 10:30:32 AM,8807.0,5,44035.0,449518960.0
2025-08-01 10:30:49 AM,8814.5,0,0.0,449518960.0
2025-08-01 10:30:49 AM,8814.5,3,26443.5,449545403.5
2025-08-01 10:30:55 AM,8810.0,4,35240.0,449580643.5
2025-08-01 10:31:00 AM,8817.0,5,44085.0,449624728.5
2025-08-01 10:31:04 AM,8819.0,0,0.0,449624728.5
2025-08-01 10:31:06 AM,8819.0,4,35276.0,449660004.5
2025-08-01 10:31:09 AM,8820.0,92,811440.0,450471444.5
2025-08-01 10:31:12 AM,8820.0,12,105840.0,450577284.5
2025-08-01 10:31:14 AM,8819.5,0,0.0,450577284.5
2025-08-01 10:31:15 AM,8820.0,57,502740.0,451080024.5
2025-08-01 10:31:18 AM,8820.0,7,61740.0,451141764.5
2025-08-01 10:31:20 AM,8813.5,0,0.0,451141764.5
2025-08-01 10:31:20 AM,8813.5,38,334913.0,451476677.5
2025-08-01 10:31:22 AM,8820.0,0,0.0,451476677.5
2025-08-01 10:31:23 AM,8815.5,10,88155.0,451564832.5
2025-08-01 10:31:26 AM,8820.0,0,0.0,451564832.5
2025-08-01 10:31:26 AM,8820.0,5,44100.0,451608932.5
2025-08-01 10:31:28 AM,8824.5,0,0.0,451608932.5
2025-08-01 10:31:29 AM,8824.5,19,167665.5,451776598.0
2025-08-01 10:31:34 AM,8823.5,0,0.0,451776598.0
2025-08-01 10:31:35 AM,8825.0,19,167675.0,451944273.0
2025-08-01 10:31:37 AM,8825.0,112,988400.0,452932673.0
2025-08-01 10:31:38 AM,8820.0,0,0.0,452932673.0
2025-08-01 10:31:40 AM,8820.0,3,26460.0,452959133.0
2025-08-01 10:31:42 AM,8820.0,1,8820.0,452967953.0
2025-08-01 10:31:45 AM,8820.0,2,17640.0,452985593.0
2025-08-01 10:31:48 AM,8820.0,5,44100.0,453029693.0
2025-08-01 10:31:55 AM,8820.0,2,17640.0,453047333.0
2025-08-01 10:31:58 AM,8820.0,1,8820.0,453056153.0
2025-08-01 10:32:04 AM,8820.0,7,61740.0,453117893.0
2025-08-01 10:32:08 AM,8825.0,13,114725.0,453232618.0
2025-08-01 10:32:08 AM,8820.5,0,0.0,453232618.0
2025-08-01 10:32:11 AM,8820.5,1,8820.5,453241438.5
2025-08-01 10:32:14 AM,8825.0,0,0.0,453241438.5
2025-08-01 10:32:14 AM,8825.0,4,35300.0,453276738.5
2025-08-01 10:32:17 AM,8825.0,10,88250.0,453364988.5
2025-08-01 10:32:18 AM,8823.5,0,0.0,453364988.5
2025-08-01 10:32:21 AM,8825.0,0,0.0,453364988.5
2025-08-01 10:32:21 AM,8825.0,23,202975.0,453567963.5
2025-08-01 10:32:22 AM,8821.0,0,0.0,453567963.5
2025-08-01 10:32:24 AM,8821.0,8,70568.0,453638531.5
2025-08-01 10:32:28 AM,8825.0,2,17650.0,453656181.5
2025-08-01 10:32:28 AM,8820.5,0,0.0,453656181.5
2025-08-01 10:32:30 AM,8825.0,5,44125.0,453700306.5
2025-08-01 10:32:37 AM,8820.0,0,0.0,453700306.5
2025-08-01 10:32:37 AM,8820.0,52,458640.0,454158946.5
2025-08-01 10:32:40 AM,8820.5,0,0.0,454158946.5
2025-08-01 10:32:40 AM,8820.5,7,61743.5,454220690.0
2025-08-01 10:32:43 AM,8825.0,0,0.0,454220690.0
2025-08-01 10:32:43 AM,8825.0,2,17650.0,454238340.0
2025-08-01 10:32:46 AM,8820.5,0,0.0,454238340.0
2025-08-01 10:32:46 AM,8820.5,2,17641.0,454255981.0
2025-08-01 10:32:52 AM,8825.0,0,0.0,454255981.0
2025-08-01 10:32:54 AM,8825.0,8,70600.0,454326581.0
2025-08-01 10:33:00 AM,8824.5,211,1861969.5,456188550.5
2025-08-01 10:33:01 AM,8820.0,0,0.0,456188550.5
2025-08-01 10:33:03 AM,8820.0,9,79380.0,456267930.5
2025-08-01 10:33:05 AM,8820.0,9,79380.0,456347310.5
2025-08-01 10:33:10 AM,8819.5,0,0.0,456347310.5
2025-08-01 10:33:11 AM,8825.0,59,520675.0,456867985.5
2025-08-01 10:33:13 AM,8820.5,0,0.0,456867985.5
2025-08-01 10:33:14 AM,8820.5,3,26461.5,456894447.0
2025-08-01 10:33:16 AM,8820.0,0,0.0,456894447.0
2025-08-01 10:33:17 AM,8820.0,5,44100.0,456938547.0
2025-08-01 10:33:20 AM,8820.0,2,17640.0,456956187.0
2025-08-01 10:33:22 AM,8819.5,0,0.0,456956187.0
2025-08-01 10:33:22 AM,8819.5,5,44097.5,457000284.5
2025-08-01 10:33:28 AM,8819.5,4,35278.0,457035562.5
2025-08-01 10:33:36 AM,8819.5,2,17639.0,457053201.5
2025-08-01 10:33:53 AM,8819.5,1,8819.5,457062021.0
2025-08-01 10:33:55 AM,8819.5,6,52917.0,457114938.0
2025-08-01 10:34:01 AM,8825.0,0,0.0,457114938.0
2025-08-01 10:34:01 AM,8825.0,40,353000.0,457467938.0
2025-08-01 10:34:03 AM,8820.0,0,0.0,457467938.0
2025-08-01 10:34:05 AM,8818.0,11,96998.0,457564936.0
2025-08-01 10:34:09 AM,8824.5,0,0.0,457564936.0
2025-08-01 10:34:11 AM,8824.5,15,132367.5,457697303.5
2025-08-01 10:34:12 AM,8820.0,1,8820.0,457706123.5
2025-08-01 10:34:14 AM,8816.0,0,0.0,457706123.5
2025-08-01 10:34:16 AM,8816.0,28,246848.0,457952971.5
2025-08-01 10:34:35 AM,8820.0,0,0.0,457952971.5
2025-08-01 10:34:38 AM,8818.5,0,0.0,457952971.5
2025-08-01 10:34:38 AM,8818.5,27,238099.5,458191071.0
2025-08-01 10:34:40 AM,8824.0,1,8824.0,458199895.0
2025-08-01 10:34:46 AM,8820.0,4,35280.0,458235175.0
2025-08-01 10:34:50 AM,8820.0,1,8820.0,458243995.0
2025-08-01 10:35:03 AM,8824.0,0,0.0,458243995.0
2025-08-01 10:35:03 AM,8823.5,34,299999.0,458543994.0
2025-08-01 10:35:05 AM,8820.0,0,0.0,458543994.0
2025-08-01 10:35:07 AM,8820.0,7,61740.0,458605734.0
2025-08-01 10:35:08 AM,8823.5,0,0.0,458605734.0
2025-08-01 10:35:09 AM,8823.5,6,52941.0,458658675.0
2025-08-01 10:35:11 AM,8824.0,0,0.0,458658675.0
2025-08-01 10:35:13 AM,8824.0,100,882400.0,459541075.0
2025-08-01 10:35:14 AM,8820.5,0,0.0,459541075.0
2025-08-01 10:35:15 AM,8820.5,2,17641.0,459558716.0
2025-08-01 10:35:17 AM,8820.0,0,0.0,459558716.0
2025-08-01 10:35:18 AM,8820.0,12,105840.0,459664556.0
2025-08-01 10:35:20 AM,8820.0,1,8820.0,459673376.0
2025-08-01 10:35:31 AM,8823.5,0,0.0,459673376.0
2025-08-01 10:35:32 AM,8823.5,11,97058.5,459770434.5
2025-08-01 10:35:34 AM,8825.0,0,0.0,459770434.5
2025-08-01 10:35:35 AM,8825.0,50,441250.0,460211684.5
2025-08-01 10:35:37 AM,8818.5,0,0.0,460211684.5
2025-08-01 10:35:38 AM,8818.5,42,370377.0,460582061.5
2025-08-01 10:35:46 AM,8824.5,0,0.0,460582061.5
2025-08-01 10:35:46 AM,8824.5,1,8824.5,460590886.0
2025-08-01 10:35:58 AM,8825.0,12,105900.0,460696786.0
2025-08-01 10:35:58 AM,8824.5,0,0.0,460696786.0
2025-08-01 10:36:00 AM,8824.5,4,35298.0,460732084.0
2025-08-01 10:36:03 AM,8824.0,0,0.0,460732084.0
2025-08-01 10:36:03 AM,8824.0,2,17648.0,460749732.0
2025-08-01 10:36:05 AM,8825.0,1,8825.0,460758557.0
2025-08-01 10:36:08 AM,8825.0,294,2594550.0,463353107.0
2025-08-01 10:36:11 AM,8825.0,44,388300.0,463741407.0
2025-08-01 10:36:14 AM,8825.0,8,70600.0,463812007.0
2025-08-01 10:36:17 AM,8825.0,2,17650.0,463829657.0
2025-08-01 10:36:18 AM,8829.0,0,0.0,463829657.0
2025-08-01 10:36:19 AM,8833.5,0,0.0,463829657.0
2025-08-01 10:36:20 AM,8833.5,236,2084706.0,465914363.0
2025-08-01 10:36:21 AM,8825.5,0,0.0,465914363.0
2025-08-01 10:36:22 AM,8825.5,8,70604.0,465984967.0
2025-08-01 10:36:24 AM,8825.0,0,0.0,465984967.0
2025-08-01 10:36:25 AM,8825.0,28,247100.0,466232067.0
2025-08-01 10:36:28 AM,8829.0,0,0.0,466232067.0
2025-08-01 10:36:28 AM,8829.0,11,97119.0,466329186.0
2025-08-01 10:36:31 AM,8829.0,2,17658.0,466346844.0
2025-08-01 10:36:32 AM,8825.5,0,0.0,466346844.0
2025-08-01 10:36:33 AM,8825.5,34,300067.0,466646911.0
2025-08-01 10:36:34 AM,8825.0,0,0.0,466646911.0
2025-08-01 10:36:36 AM,8825.0,18,158850.0,466805761.0
2025-08-01 10:36:39 AM,8825.0,1,8825.0,466814586.0
2025-08-01 10:36:47 AM,8825.5,0,0.0,466814586.0
2025-08-01 10:36:47 AM,8825.5,1,8825.5,466823411.5
2025-08-01 10:36:51 AM,8829.0,0,0.0,466823411.5
2025-08-01 10:36:53 AM,8829.0,1,8829.0,466832240.5
2025-08-01 10:36:56 AM,8825.0,0,0.0,466832240.5
2025-08-01 10:36:58 AM,8829.0,4,35316.0,466867556.5
2025-08-01 10:36:59 AM,8820.0,0,0.0,466867556.5
2025-08-01 10:37:00 AM,8820.0,105,926100.0,467793656.5
2025-08-01 10:37:04 AM,8820.0,21,185220.0,467978876.5
2025-08-01 10:37:05 AM,8818.5,0,0.0,467978876.5
2025-08-01 10:37:05 AM,8818.5,2,17637.0,467996513.5
2025-08-01 10:37:17 AM,8820.0,0,0.0,467996513.5
2025-08-01 10:37:17 AM,8820.0,4,35280.0,468031793.5
2025-08-01 10:37:20 AM,8820.0,5,44100.0,468075893.5
2025-08-01 10:37:38 AM,8813.5,0,0.0,468075893.5
2025-08-01 10:37:40 AM,8813.5,274,2414899.0,470490792.5
2025-08-01 10:37:44 AM,8815.0,0,0.0,470490792.5
2025-08-01 10:37:45 AM,8815.0,1,8815.0,470499607.5
2025-08-01 10:37:48 AM,8815.5,0,0.0,470499607.5
2025-08-01 10:37:48 AM,8815.5,5,44077.5,470543685.0
2025-08-01 10:37:50 AM,8813.0,0,0.0,470543685.0
2025-08-01 10:37:51 AM,8815.5,2,17631.0,470561316.0
2025-08-01 10:37:56 AM,8815.5,1,8815.5,470570131.5
2025-08-01 10:38:24 AM,8815.5,1,8815.5,470578947.0
2025-08-01 10:38:27 AM,8815.0,1,8815.0,470587762.0
2025-08-01 10:38:29 AM,8815.5,0,0.0,470587762.0
2025-08-01 10:38:30 AM,8815.5,1,8815.5,470596577.5
2025-08-01 10:38:39 AM,8815.5,1,8815.5,470605393.0
2025-08-01 10:38:45 AM,8815.5,1,8815.5,470614208.5
2025-08-01 10:38:47 AM,8815.5,12,105786.0,470719994.5
2025-08-01 10:38:49 AM,8813.5,0,0.0,470719994.5
2025-08-01 10:38:50 AM,8813.5,1,8813.5,470728808.0
2025-08-01 10:38:58 AM,8815.5,0,0.0,470728808.0
2025-08-01 10:38:58 AM,8813.5,3,26440.5,470755248.5
2025-08-01 10:39:00 AM,8815.5,0,0.0,470755248.5
2025-08-01 10:39:01 AM,8813.5,6,52881.0,470808129.5
2025-08-01 10:39:07 AM,8813.5,5,44067.5,470852197.0
2025-08-01 10:39:12 AM,8807.0,84,739788.0,471591985.0
2025-08-01 10:39:15 AM,8805.0,12,105660.0,471697645.0
2025-08-01 10:39:21 AM,8801.5,100,880150.0,472577795.0
2025-08-01 10:39:22 AM,8807.5,0,0.0,472577795.0
2025-08-01 10:39:23 AM,8800.5,0,0.0,472577795.0
2025-08-01 10:39:24 AM,8800.5,20,176010.0,472753805.0
2025-08-01 10:39:25 AM,8806.0,0,0.0,472753805.0
2025-08-01 10:39:26 AM,8806.0,1,8806.0,472762611.0
2025-08-01 10:39:40 AM,8807.0,0,0.0,472762611.0
2025-08-01 10:39:40 AM,8807.0,5,44035.0,472806646.0
2025-08-01 10:39:43 AM,8806.0,1,8806.0,472815452.0
2025-08-01 10:39:46 AM,8801.0,20,176020.0,472991472.0
2025-08-01 10:39:47 AM,8799.0,0,0.0,472991472.0
2025-08-01 10:39:49 AM,8799.0,70,615930.0,473607402.0
2025-08-01 10:39:54 AM,8802.5,41,360902.5,473968304.5
2025-08-01 10:40:00 AM,8796.0,78,686088.0,474654392.5
2025-08-01 10:40:05 AM,8803.0,0,0.0,474654392.5
2025-08-01 10:40:05 AM,8803.0,1,8803.0,474663195.5
2025-08-01 10:40:08 AM,8800.5,12,105606.0,474768801.5
2025-08-01 10:40:10 AM,8803.0,0,0.0,474768801.5
2025-08-01 10:40:11 AM,8803.5,24,211284.0,474980085.5
2025-08-01 10:40:16 AM,8799.0,100,879900.0,475859985.5
2025-08-01 10:40:27 AM,8804.0,15,132060.0,475992045.5
2025-08-01 10:40:38 AM,8799.5,0,0.0,475992045.5
2025-08-01 10:40:38 AM,8799.5,12,105594.0,476097639.5
2025-08-01 10:40:46 AM,8798.5,0,0.0,476097639.5
2025-08-01 10:40:47 AM,8804.0,29,255316.0,476352955.5
2025-08-01 10:40:49 AM,8799.5,0,0.0,476352955.5
2025-08-01 10:40:50 AM,8799.5,6,52797.0,476405752.5
2025-08-01 10:40:56 AM,8800.0,0,0.0,476405752.5
2025-08-01 10:40:57 AM,8804.5,0,0.0,476405752.5
2025-08-01 10:40:58 AM,8804.5,4,35218.0,476440970.5
2025-08-01 10:41:00 AM,8799.5,0,0.0,476440970.5
2025-08-01 10:41:01 AM,8799.5,27,237586.5,476678557.0
2025-08-01 10:41:02 AM,8800.5,0,0.0,476678557.0
2025-08-01 10:41:03 AM,8800.5,10,88005.0,476766562.0
2025-08-01 10:41:07 AM,8797.0,0,0.0,476766562.0
2025-08-01 10:41:09 AM,8796.0,30,263880.0,477030442.0
2025-08-01 10:41:10 AM,8804.0,0,0.0,477030442.0
2025-08-01 10:41:12 AM,8804.0,1,8804.0,477039246.0
2025-08-01 10:41:14 AM,8804.0,2,17608.0,477056854.0
2025-08-01 10:41:18 AM,8799.5,0,0.0,477056854.0
2025-08-01 10:41:18 AM,8799.5,1,8799.5,477065653.5
2025-08-01 10:41:22 AM,8804.0,0,0.0,477065653.5
2025-08-01 10:41:23 AM,8804.0,11,96844.0,477162497.5
2025-08-01 10:41:25 AM,8804.0,2,17608.0,477180105.5
2025-08-01 10:41:41 AM,8804.0,1,8804.0,477188909.5
2025-08-01 10:41:46 AM,8804.0,3,26412.0,477215321.5
2025-08-01 10:41:52 AM,8804.0,1,8804.0,477224125.5
2025-08-01 10:42:08 AM,8801.0,3,26403.0,477250528.5
2025-08-01 10:42:15 AM,8804.0,1,8804.0,477259332.5
2025-08-01 10:42:19 AM,8804.0,2,17608.0,477276940.5
2025-08-01 10:42:24 AM,8809.5,56,493332.0,477770272.5
