date,price,qty,trnvr,cum_trnvr
2025-08-01 09:15:03 AM,977.9,128,125171.2,125171.2
2025-08-01 09:15:13 AM,977.95,0,0.0,125171.2
2025-08-01 09:15:15 AM,977.95,5,4889.75,130060.95
2025-08-01 09:15:17 AM,977.9,2,1955.8,132016.75
2025-08-01 09:15:22 AM,977.95,0,0.0,132016.75
2025-08-01 09:15:25 AM,977.95,2,1955.9,133972.65
2025-08-01 09:15:32 AM,977.85,0,0.0,133972.65
2025-08-01 09:15:34 AM,977.85,1,977.85,134950.5
2025-08-01 09:15:41 AM,976.35,0,0.0,134950.5
2025-08-01 09:15:42 AM,976.35,309,301692.15,436642.65
2025-08-01 09:15:44 AM,977.9,15,14668.5,451311.15
2025-08-01 09:15:49 AM,975.55,0,0.0,451311.15
2025-08-01 09:15:50 AM,975.55,160,156088.0,607399.15
2025-08-01 09:15:52 AM,977.95,10,9779.5,617178.65
2025-08-01 09:16:03 AM,978.45,0,0.0,617178.65
2025-08-01 09:16:06 AM,976.25,0,0.0,617178.65
2025-08-01 09:16:07 AM,976.25,74,72242.5,689421.15
2025-08-01 09:16:08 AM,976.4,11,10740.4,700161.55
2025-08-01 09:16:10 AM,978.25,0,0.0,700161.55
2025-08-01 09:16:14 AM,978.25,325,317931.25,1018092.8
2025-08-01 09:16:16 AM,975.55,320,312176.0,1330268.8
2025-08-01 09:16:20 AM,977.95,0,0.0,1330268.8
2025-08-01 09:16:23 AM,977.95,320,312944.0,1643212.8
2025-08-01 09:16:48 AM,977.45,14,13684.300000000001,1656897.1
2025-08-01 09:16:56 AM,975.9,92,89782.8,1746679.9000000001
2025-08-01 09:17:04 AM,976.75,11,10744.25,1757424.1500000001
2025-08-01 09:18:06 AM,978.2,0,0.0,1757424.1500000001
2025-08-01 09:18:10 AM,978.2,36,35215.200000000004,1792639.35
2025-08-01 09:18:14 AM,978.75,0,0.0,1792639.35
2025-08-01 09:18:19 AM,978.75,51,49916.25,1842555.6
2025-08-01 09:19:01 AM,976.55,130,126951.5,1969507.1
2025-08-01 09:19:04 AM,976.15,0,0.0,1969507.1
2025-08-01 09:19:08 AM,976.15,1,976.15,1970483.25
2025-08-01 09:19:16 AM,977.55,25,24438.75,1994922.0
2025-08-01 09:19:31 AM,977.0,0,0.0,1994922.0
2025-08-01 09:19:32 AM,977.0,10,9770.0,2004692.0
2025-08-01 09:19:48 AM,977.0,10,9770.0,2014462.0
2025-08-01 09:19:56 AM,975.9,60,58554.0,2073016.0
2025-08-01 09:20:20 AM,974.0,562,547388.0,2620404.0
2025-08-01 09:20:21 AM,974.65,20,19493.0,2639897.0
2025-08-01 09:20:28 AM,975.05,0,0.0,2639897.0
2025-08-01 09:20:29 AM,975.05,12,11700.599999999999,2651597.6
2025-08-01 09:20:36 AM,975.05,4,3900.2,2655497.8000000003
2025-08-01 09:20:38 AM,975.7,0,0.0,2655497.8000000003
2025-08-01 09:20:43 AM,975.7,46,44882.200000000004,2700380.0000000005
2025-08-01 09:20:51 AM,975.7,2,1951.4,2702331.4000000004
2025-08-01 09:21:03 AM,975.55,0,0.0,2702331.4000000004
2025-08-01 09:21:07 AM,975.55,41,39997.549999999996,2742328.95
2025-08-01 09:21:17 AM,975.25,0,0.0,2742328.95
2025-08-01 09:21:19 AM,975.85,0,0.0,2742328.95
2025-08-01 09:21:22 AM,975.85,28,27323.8,2769652.75
2025-08-01 09:22:03 AM,973.6,0,0.0,2769652.75
2025-08-01 09:22:08 AM,973.6,11,10709.6,2780362.35
2025-08-01 09:22:16 AM,973.55,97,94434.34999999999,2874796.7
2025-08-01 09:22:25 AM,971.5,72,69948.0,2944744.7
2025-08-01 09:22:31 AM,970.75,98,95133.5,3039878.2
2025-08-01 09:22:34 AM,968.5,0,0.0,3039878.2
2025-08-01 09:22:39 AM,969.4,91,88215.4,3128093.6
2025-08-01 09:22:39 AM,968.5,0,0.0,3128093.6
2025-08-01 09:22:40 AM,968.8,38,36814.4,3164908.0
2025-08-01 09:22:56 AM,967.6,4,3870.4,3168778.4
2025-08-01 09:22:58 AM,965.55,0,0.0,3168778.4
2025-08-01 09:23:01 AM,968.2,98,94883.6,3263662.0
2025-08-01 09:23:07 AM,965.2,0,0.0,3263662.0
2025-08-01 09:23:09 AM,966.7,126,121804.20000000001,3385466.2
2025-08-01 09:23:20 AM,967.95,0,0.0,3385466.2
2025-08-01 09:23:25 AM,967.85,324,313583.4,3699049.6
2025-08-01 09:23:39 AM,965.45,0,0.0,3699049.6
2025-08-01 09:23:40 AM,965.45,108,104268.6,3803318.2
2025-08-01 09:23:40 AM,967.6,0,0.0,3803318.2
2025-08-01 09:23:41 AM,967.6,10,9676.0,3812994.2
2025-08-01 09:23:46 AM,967.2,0,0.0,3812994.2
2025-08-01 09:23:47 AM,967.2,35,33852.0,3846846.2
2025-08-01 09:24:03 AM,967.7,201,194507.7,4041353.9000000004
2025-08-01 09:24:12 AM,966.4,8,7731.2,4049085.1000000006
2025-08-01 09:24:18 AM,967.65,9,8708.85,4057793.9500000007
2025-08-01 09:24:26 AM,967.15,2,1934.3,4059728.2500000005
2025-08-01 09:24:31 AM,966.7,0,0.0,4059728.2500000005
2025-08-01 09:24:33 AM,966.7,29,28034.300000000003,4087762.5500000003
2025-08-01 09:24:37 AM,966.75,0,0.0,4087762.5500000003
2025-08-01 09:24:41 AM,966.75,1,966.75,4088729.3000000003
2025-08-01 09:24:55 AM,966.0,0,0.0,4088729.3000000003
2025-08-01 09:24:56 AM,966.0,46,44436.0,4133165.3000000003
2025-08-01 09:24:58 AM,966.25,9,8696.25,4141861.5500000003
2025-08-01 09:25:29 AM,966.35,0,0.0,4141861.5500000003
2025-08-01 09:25:33 AM,966.35,15,14495.25,4156356.8000000003
2025-08-01 09:25:40 AM,965.7,0,0.0,4156356.8000000003
2025-08-01 09:25:41 AM,965.7,2,1931.4,4158288.2
2025-08-01 09:25:50 AM,966.7,41,39634.700000000004,4197922.9
2025-08-01 09:25:57 AM,967.85,0,0.0,4197922.9
2025-08-01 09:25:58 AM,967.85,9,8710.65,4206633.550000001
2025-08-01 09:26:16 AM,968.0,0,0.0,4206633.550000001
2025-08-01 09:26:19 AM,968.0,3,2904.0,4209537.550000001
2025-08-01 09:26:26 AM,967.05,2,1934.1,4211471.65
2025-08-01 09:26:28 AM,966.05,0,0.0,4211471.65
2025-08-01 09:26:32 AM,966.9,0,0.0,4211471.65
2025-08-01 09:26:34 AM,966.9,3,2900.7,4214372.350000001
2025-08-01 09:26:40 AM,965.9,0,0.0,4214372.350000001
2025-08-01 09:26:42 AM,965.9,3,2897.7,4217270.050000001
2025-08-01 09:26:53 AM,966.4,0,0.0,4217270.050000001
2025-08-01 09:26:56 AM,965.55,0,0.0,4217270.050000001
2025-08-01 09:26:57 AM,965.55,32,30897.6,4248167.65
2025-08-01 09:27:07 AM,965.5,0,0.0,4248167.65
2025-08-01 09:27:12 AM,965.5,25,24137.5,4272305.15
2025-08-01 09:28:05 AM,965.5,25,24137.5,4296442.65
2025-08-01 09:28:16 AM,965.2,0,0.0,4296442.65
2025-08-01 09:28:20 AM,965.2,46,44399.200000000004,4340841.850000001
2025-08-01 09:28:38 AM,965.5,0,0.0,4340841.850000001
2025-08-01 09:28:43 AM,965.8,0,0.0,4340841.850000001
2025-08-01 09:28:43 AM,965.8,47,45392.6,4386234.45
2025-08-01 09:28:48 AM,965.65,0,0.0,4386234.45
2025-08-01 09:28:50 AM,965.65,1,965.65,4387200.100000001
2025-08-01 09:29:42 AM,966.75,0,0.0,4387200.100000001
2025-08-01 09:29:43 AM,966.8,0,0.0,4387200.100000001
2025-08-01 09:29:43 AM,966.8,6,5800.799999999999,4393000.9
2025-08-01 09:29:58 AM,965.85,1,965.85,4393966.75
2025-08-01 09:30:07 AM,965.75,41,39595.75,4433562.5
2025-08-01 09:30:21 AM,965.65,24,23175.6,4456738.1
2025-08-01 09:30:36 AM,965.65,50,48282.5,4505020.6
2025-08-01 09:31:01 AM,965.6,0,0.0,4505020.6
2025-08-01 09:31:05 AM,965.0,41,39565.0,4544585.6
2025-08-01 09:31:10 AM,965.2,0,0.0,4544585.6
2025-08-01 09:31:13 AM,963.9,0,0.0,4544585.6
2025-08-01 09:31:13 AM,963.9,101,97353.9,4641939.5
2025-08-01 09:31:21 AM,963.5,50,48175.0,4690114.5
2025-08-01 09:31:21 AM,963.55,0,0.0,4690114.5
2025-08-01 09:31:26 AM,963.5,0,0.0,4690114.5
2025-08-01 09:31:27 AM,963.5,290,279415.0,4969529.5
2025-08-01 09:31:39 AM,963.95,0,0.0,4969529.5
2025-08-01 09:31:41 AM,963.95,51,49161.450000000004,5018690.95
2025-08-01 09:31:42 AM,964.0,49,47236.0,5065926.95
2025-08-01 09:31:55 AM,964.25,0,0.0,5065926.95
2025-08-01 09:31:55 AM,964.25,15,14463.75,5080390.7
2025-08-01 09:32:02 AM,964.25,20,19285.0,5099675.7
2025-08-01 09:32:23 AM,964.0,0,0.0,5099675.7
2025-08-01 09:32:24 AM,964.0,55,53020.0,5152695.7
2025-08-01 09:32:30 AM,964.65,578,557567.7,5710263.4
2025-08-01 09:32:35 AM,964.0,0,0.0,5710263.4
2025-08-01 09:32:37 AM,964.0,465,448260.0,6158523.4
2025-08-01 09:33:11 AM,963.3,0,0.0,6158523.4
2025-08-01 09:33:12 AM,963.3,12,11559.599999999999,6170083.0
2025-08-01 09:33:19 AM,963.4,2,1926.8,6172009.8
2025-08-01 09:33:31 AM,964.05,0,0.0,6172009.8
2025-08-01 09:33:33 AM,964.05,143,137859.15,6309868.95
2025-08-01 09:34:15 AM,964.15,10,9641.5,6319510.45
2025-08-01 09:34:36 AM,965.0,10,9650.0,6329160.45
2025-08-01 09:35:45 AM,964.35,1,964.35,6330124.8
2025-08-01 09:35:52 AM,964.35,5,4821.75,6334946.55
2025-08-01 09:35:56 AM,964.85,0,0.0,6334946.55
2025-08-01 09:35:58 AM,964.85,5,4824.25,6339770.8
2025-08-01 09:36:09 AM,965.0,0,0.0,6339770.8
2025-08-01 09:36:12 AM,965.0,29,27985.0,6367755.8
2025-08-01 09:36:25 AM,964.35,0,0.0,6367755.8
2025-08-01 09:36:25 AM,964.35,832,802339.2000000001,7170095.0
2025-08-01 09:36:31 AM,964.35,99,95470.65000000001,7265565.65
2025-08-01 09:36:32 AM,965.85,0,0.0,7265565.65
2025-08-01 09:36:38 AM,965.85,18,17385.3,7282950.95
2025-08-01 09:36:56 AM,965.55,0,0.0,7282950.95
2025-08-01 09:36:58 AM,965.55,104,100417.2,7383368.15
2025-08-01 09:37:09 AM,964.45,0,0.0,7383368.15
2025-08-01 09:37:12 AM,965.6,147,141943.2,7525311.350000001
2025-08-01 09:37:57 AM,966.55,0,0.0,7525311.350000001
2025-08-01 09:37:59 AM,966.55,26,25130.3,7550441.65
2025-08-01 09:38:27 AM,966.55,50,48327.5,7598769.15
2025-08-01 09:38:59 AM,965.75,25,24143.75,7622912.9
2025-08-01 09:39:11 AM,964.85,0,0.0,7622912.9
2025-08-01 09:39:13 AM,964.85,324,312611.4,7935524.300000001
2025-08-01 09:39:45 AM,965.0,0,0.0,7935524.300000001
2025-08-01 09:39:46 AM,965.0,100,96500.0,8032024.300000001
2025-08-01 09:39:59 AM,965.0,25,24125.0,8056149.300000001
2025-08-01 09:40:10 AM,965.2,0,0.0,8056149.300000001
2025-08-01 09:40:13 AM,965.2,10,9652.0,8065801.300000001
2025-08-01 09:40:16 AM,964.4,0,0.0,8065801.300000001
2025-08-01 09:40:19 AM,964.4,9,8679.6,8074480.9
2025-08-01 09:40:30 AM,964.95,0,0.0,8074480.9
2025-08-01 09:40:32 AM,964.95,30,28948.5,8103429.4
2025-08-01 09:40:39 AM,964.4,15,14466.0,8117895.4
2025-08-01 09:40:59 AM,964.95,2,1929.9,8119825.300000001
2025-08-01 09:41:52 AM,964.95,3,2894.8500000000004,8122720.15
2025-08-01 09:42:04 AM,964.3,50,48215.0,8170935.15
2025-08-01 09:42:13 AM,964.75,0,0.0,8170935.15
2025-08-01 09:42:18 AM,964.75,11,10612.25,8181547.4
2025-08-01 09:42:26 AM,964.75,1,964.75,8182512.15
2025-08-01 09:42:39 AM,964.75,1,964.75,8183476.9
2025-08-01 09:42:48 AM,964.3,0,0.0,8183476.9
2025-08-01 09:42:50 AM,964.3,2,1928.6,8185405.5
2025-08-01 09:43:43 AM,963.3,0,0.0,8185405.5
2025-08-01 09:43:43 AM,963.3,200,192660.0,8378065.5
2025-08-01 09:44:03 AM,963.65,1,963.65,8379029.15
2025-08-01 09:44:08 AM,963.6,0,0.0,8379029.15
2025-08-01 09:44:10 AM,963.6,3,2890.8,8381919.95
2025-08-01 09:44:20 AM,963.5,0,0.0,8381919.95
2025-08-01 09:44:23 AM,963.5,2,1927.0,8383846.95
2025-08-01 09:44:35 AM,962.5,0,0.0,8383846.95
2025-08-01 09:44:36 AM,962.5,166,159775.0,8543621.95
2025-08-01 09:44:55 AM,961.7,99,95208.3,8638830.25
2025-08-01 09:44:59 AM,961.9,0,0.0,8638830.25
2025-08-01 09:45:01 AM,961.2,11,10573.2,8649403.45
2025-08-01 09:45:04 AM,962.5,0,0.0,8649403.45
2025-08-01 09:45:08 AM,961.75,276,265443.0,8914846.45
2025-08-01 09:45:20 AM,962.45,0,0.0,8914846.45
2025-08-01 09:45:21 AM,962.45,20,19249.0,8934095.45
2025-08-01 09:45:34 AM,962.45,54,51972.3,8986067.75
2025-08-01 09:45:40 AM,963.15,0,0.0,8986067.75
2025-08-01 09:45:41 AM,963.15,10,9631.5,8995699.25
2025-08-01 09:46:08 AM,963.15,100,96315.0,9092014.25
2025-08-01 09:46:11 AM,962.95,0,0.0,9092014.25
2025-08-01 09:46:13 AM,962.95,10,9629.5,9101643.75
2025-08-01 09:46:32 AM,963.65,10,9636.5,9111280.25
2025-08-01 09:47:12 AM,963.25,0,0.0,9111280.25
2025-08-01 09:47:12 AM,963.25,20,19265.0,9130545.25
2025-08-01 09:47:37 AM,962.4,36,34646.4,9165191.65
2025-08-01 09:48:11 AM,962.3,0,0.0,9165191.65
2025-08-01 09:48:14 AM,962.3,10,9623.0,9174814.65
2025-08-01 09:48:39 AM,962.4,0,0.0,9174814.65
2025-08-01 09:48:40 AM,962.4,1,962.4,9175777.05
2025-08-01 09:49:30 AM,962.4,9,8661.6,9184438.65
2025-08-01 09:49:56 AM,963.95,0,0.0,9184438.65
2025-08-01 09:49:56 AM,963.95,500,481975.0,9666413.65
2025-08-01 09:51:17 AM,963.0,0,0.0,9666413.65
2025-08-01 09:51:18 AM,963.0,1030,991890.0,10658303.65
2025-08-01 09:51:22 AM,963.9,0,0.0,10658303.65
2025-08-01 09:51:24 AM,963.9,56,53978.4,10712282.05
2025-08-01 09:51:28 AM,964.1,0,0.0,10712282.05
2025-08-01 09:51:30 AM,964.1,25,24102.5,10736384.55
2025-08-01 09:51:36 AM,964.6,0,0.0,10736384.55
2025-08-01 09:51:37 AM,964.6,30,28938.0,10765322.55
2025-08-01 09:52:03 AM,963.25,0,0.0,10765322.55
2025-08-01 09:52:04 AM,963.25,11,10595.75,10775918.3
2025-08-01 09:52:06 AM,963.6,0,0.0,10775918.3
2025-08-01 09:52:07 AM,963.6,1,963.6,10776881.9
2025-08-01 09:52:16 AM,963.65,2,1927.3,10778809.200000001
2025-08-01 09:53:17 AM,963.15,1,963.15,10779772.350000001
2025-08-01 09:53:23 AM,962.4,1,962.4,10780734.750000002
2025-08-01 09:53:57 AM,962.2,0,0.0,10780734.750000002
2025-08-01 09:53:59 AM,962.2,3,2886.6000000000004,10783621.350000001
2025-08-01 09:54:03 AM,962.75,0,0.0,10783621.350000001
2025-08-01 09:54:05 AM,962.75,1,962.75,10784584.100000001
2025-08-01 09:54:34 AM,962.65,0,0.0,10784584.100000001
2025-08-01 09:54:36 AM,962.65,25,24066.25,10808650.350000001
2025-08-01 09:54:37 AM,962.0,200,192400.0,11001050.350000001
2025-08-01 09:54:40 AM,961.95,0,0.0,11001050.350000001
2025-08-01 09:54:42 AM,962.0,39,37518.0,11038568.350000001
2025-08-01 09:55:22 AM,961.5,0,0.0,11038568.350000001
2025-08-01 09:55:23 AM,961.5,3,2884.5,11041452.850000001
2025-08-01 09:56:24 AM,961.05,14,13454.699999999999,11054907.55
2025-08-01 09:56:25 AM,960.85,0,0.0,11054907.55
2025-08-01 09:56:27 AM,960.9,0,0.0,11054907.55
2025-08-01 09:56:29 AM,960.9,112,107620.8,11162528.350000001
2025-08-01 09:56:36 AM,961.05,0,0.0,11162528.350000001
2025-08-01 09:56:36 AM,961.05,2,1922.1,11164450.450000001
2025-08-01 09:56:45 AM,961.5,0,0.0,11164450.450000001
2025-08-01 09:56:47 AM,961.5,10,9615.0,11174065.450000001
2025-08-01 09:57:05 AM,961.05,2,1922.1,11175987.55
2025-08-01 09:57:28 AM,961.05,1,961.05,11176948.600000001
2025-08-01 09:57:55 AM,961.35,32,30763.2,11207711.8
2025-08-01 09:58:17 AM,960.85,961,923376.85,12131088.65
2025-08-01 09:58:59 AM,960.1,0,0.0,12131088.65
2025-08-01 09:58:59 AM,960.1,78,74887.8,12205976.450000001
2025-08-01 09:59:02 AM,958.75,0,0.0,12205976.450000001
2025-08-01 09:59:02 AM,958.75,294,281872.5,12487848.950000001
2025-08-01 09:59:07 AM,958.15,0,0.0,12487848.950000001
2025-08-01 09:59:08 AM,958.2,0,0.0,12487848.950000001
2025-08-01 09:59:08 AM,958.2,146,139897.2,12627746.15
2025-08-01 09:59:13 AM,957.85,0,0.0,12627746.15
2025-08-01 09:59:14 AM,957.85,12,11494.2,12639240.35
2025-08-01 09:59:16 AM,957.55,0,0.0,12639240.35
2025-08-01 09:59:18 AM,957.55,1,957.55,12640197.9
2025-08-01 09:59:24 AM,958.2,0,0.0,12640197.9
2025-08-01 09:59:24 AM,958.2,6,5749.200000000001,12645947.1
2025-08-01 09:59:54 AM,958.05,0,0.0,12645947.1
2025-08-01 09:59:55 AM,958.05,1,958.05,12646905.15
2025-08-01 10:00:04 AM,957.85,0,0.0,12646905.15
2025-08-01 10:00:04 AM,957.85,35,33524.75,12680429.9
2025-08-01 10:00:21 AM,957.85,11,10536.35,12690966.25
2025-08-01 10:00:22 AM,957.1,0,0.0,12690966.25
2025-08-01 10:00:24 AM,956.25,160,153000.0,12843966.25
2025-08-01 10:00:29 AM,956.5,0,0.0,12843966.25
2025-08-01 10:00:30 AM,956.5,39,37303.5,12881269.75
2025-08-01 10:00:58 AM,955.85,0,0.0,12881269.75
2025-08-01 10:00:58 AM,955.85,10,9558.5,12890828.25
2025-08-01 10:01:08 AM,955.85,1,955.85,12891784.1
2025-08-01 10:01:10 AM,956.9,0,0.0,12891784.1
2025-08-01 10:01:11 AM,956.9,12,11482.8,12903266.9
2025-08-01 10:01:39 AM,956.95,0,0.0,12903266.9
2025-08-01 10:01:39 AM,956.95,2,1913.9,12905180.8
2025-08-01 10:02:10 AM,958.85,0,0.0,12905180.8
2025-08-01 10:02:10 AM,958.85,64,61366.4,12966547.200000001
2025-08-01 10:02:42 AM,959.55,10,9595.5,12976142.700000001
2025-08-01 10:03:19 AM,959.5,0,0.0,12976142.700000001
2025-08-01 10:03:20 AM,959.5,1,959.5,12977102.200000001
2025-08-01 10:03:58 AM,959.05,53,50829.649999999994,13027931.850000001
2025-08-01 10:04:10 AM,958.95,110,105484.5,13133416.350000001
2025-08-01 10:04:15 AM,958.85,0,0.0,13133416.350000001
2025-08-01 10:04:16 AM,957.6,101,96717.6,13230133.950000001
2025-08-01 10:05:21 AM,958.65,2,1917.3,13232051.250000002
2025-08-01 10:05:43 AM,959.0,0,0.0,13232051.250000002
2025-08-01 10:05:43 AM,959.0,13,12467.0,13244518.250000002
2025-08-01 10:06:19 AM,959.0,10,9590.0,13254108.250000002
2025-08-01 10:06:42 AM,957.4,0,0.0,13254108.250000002
2025-08-01 10:06:43 AM,957.4,332,317856.8,13571965.050000003
2025-08-01 10:06:45 AM,956.75,42,40183.5,13612148.550000003
2025-08-01 10:06:55 AM,957.4,70,67018.0,13679166.550000003
2025-08-01 10:07:12 AM,956.25,0,0.0,13679166.550000003
2025-08-01 10:07:14 AM,956.25,5,4781.25,13683947.800000003
2025-08-01 10:08:21 AM,957.15,0,0.0,13683947.800000003
2025-08-01 10:08:22 AM,957.15,11,10528.65,13694476.450000003
2025-08-01 10:08:34 AM,956.35,2,1912.7,13696389.150000002
2025-08-01 10:08:36 AM,956.25,0,0.0,13696389.150000002
2025-08-01 10:08:36 AM,956.25,209,199856.25,13896245.400000002
2025-08-01 10:08:39 AM,957.15,0,0.0,13896245.400000002
2025-08-01 10:08:40 AM,957.15,20,19143.0,13915388.400000002
2025-08-01 10:08:48 AM,956.25,0,0.0,13915388.400000002
2025-08-01 10:08:52 AM,956.25,12,11475.0,13926863.400000002
2025-08-01 10:09:22 AM,956.25,1,956.25,13927819.650000002
2025-08-01 10:09:41 AM,956.95,10,9569.5,13937389.150000002
2025-08-01 10:09:50 AM,956.95,5,4784.75,13942173.900000002
2025-08-01 10:10:30 AM,956.1,0,0.0,13942173.900000002
2025-08-01 10:10:31 AM,956.0,220,210320.0,14152493.900000002
2025-08-01 10:11:57 AM,956.9,0,0.0,14152493.900000002
2025-08-01 10:11:59 AM,956.9,2,1913.8,14154407.700000003
2025-08-01 10:12:12 AM,957.5,10,9575.0,14163982.700000003
2025-08-01 10:12:29 AM,957.55,1,957.55,14164940.250000004
2025-08-01 10:12:33 AM,957.7,0,0.0,14164940.250000004
2025-08-01 10:12:34 AM,957.7,50,47885.0,14212825.250000004
2025-08-01 10:13:09 AM,957.1,0,0.0,14212825.250000004
2025-08-01 10:13:09 AM,957.1,1,957.1,14213782.350000003
2025-08-01 10:13:27 AM,957.85,0,0.0,14213782.350000003
2025-08-01 10:13:27 AM,957.85,1,957.85,14214740.200000003
2025-08-01 10:13:36 AM,958.0,0,0.0,14214740.200000003
2025-08-01 10:13:39 AM,958.0,20,19160.0,14233900.200000003
2025-08-01 10:14:02 AM,958.55,1,958.55,14234858.750000004
2025-08-01 10:14:08 AM,958.7,37,35471.9,14270330.650000004
2025-08-01 10:14:24 AM,958.6,0,0.0,14270330.650000004
2025-08-01 10:14:25 AM,958.6,18,17254.8,14287585.450000005
2025-08-01 10:14:33 AM,958.0,0,0.0,14287585.450000005
2025-08-01 10:14:37 AM,958.0,52,49816.0,14337401.450000005
2025-08-01 10:14:45 AM,958.45,0,0.0,14337401.450000005
2025-08-01 10:14:48 AM,958.45,10,9584.5,14346985.950000005
2025-08-01 10:15:24 AM,958.5,1,958.5,14347944.450000005
2025-08-01 10:15:36 AM,958.45,5,4792.25,14352736.700000005
2025-08-01 10:15:41 AM,957.35,0,0.0,14352736.700000005
2025-08-01 10:15:42 AM,957.35,102,97649.7,14450386.400000004
2025-08-01 10:16:18 AM,957.95,0,0.0,14450386.400000004
2025-08-01 10:16:23 AM,957.95,10,9579.5,14459965.900000004
2025-08-01 10:16:40 AM,957.95,17,16285.150000000001,14476251.050000004
2025-08-01 10:16:46 AM,957.95,180,172431.0,14648682.050000004
2025-08-01 10:17:02 AM,958.5,0,0.0,14648682.050000004
2025-08-01 10:17:02 AM,958.5,7,6709.5,14655391.550000004
2025-08-01 10:17:03 AM,958.9,8,7671.2,14663062.750000004
2025-08-01 10:17:31 AM,958.9,5,4794.5,14667857.250000004
2025-08-01 10:17:33 AM,958.85,0,0.0,14667857.250000004
2025-08-01 10:17:37 AM,958.85,2,1917.7,14669774.950000003
2025-08-01 10:18:06 AM,958.85,10,9588.5,14679363.450000003
2025-08-01 10:18:32 AM,958.95,0,0.0,14679363.450000003
2025-08-01 10:18:35 AM,958.95,52,49865.4,14729228.850000003
2025-08-01 10:20:04 AM,959.0,0,0.0,14729228.850000003
2025-08-01 10:20:06 AM,959.0,1,959.0,14730187.850000003
2025-08-01 10:20:35 AM,959.0,115,110285.0,14840472.850000003
2025-08-01 10:20:41 AM,959.5,67,64286.5,14904759.350000003
2025-08-01 10:20:43 AM,959.5,11,10554.5,14915313.850000003
2025-08-01 10:23:38 AM,959.3,0,0.0,14915313.850000003
2025-08-01 10:23:39 AM,959.3,75,71947.5,14987261.350000003
2025-08-01 10:23:44 AM,959.0,0,0.0,14987261.350000003
2025-08-01 10:23:45 AM,959.0,5,4795.0,14992056.350000003
2025-08-01 10:24:49 AM,959.35,0,0.0,14992056.350000003
2025-08-01 10:24:51 AM,959.35,10,9593.5,15001649.850000003
2025-08-01 10:25:22 AM,959.0,0,0.0,15001649.850000003
2025-08-01 10:25:22 AM,959.2,21,20143.2,15021793.050000003
2025-08-01 10:25:31 AM,958.4,0,0.0,15021793.050000003
2025-08-01 10:25:31 AM,958.4,15,14376.0,15036169.050000003
2025-08-01 10:26:12 AM,958.4,5,4792.0,15040961.050000003
2025-08-01 10:27:00 AM,958.25,0,0.0,15040961.050000003
2025-08-01 10:27:01 AM,958.25,5,4791.25,15045752.300000003
2025-08-01 10:27:27 AM,958.25,98,93908.5,15139660.800000003
2025-08-01 10:27:42 AM,959.0,0,0.0,15139660.800000003
2025-08-01 10:27:43 AM,959.0,50,47950.0,15187610.800000003
2025-08-01 10:28:17 AM,958.85,0,0.0,15187610.800000003
2025-08-01 10:28:18 AM,958.85,5,4794.25,15192405.050000003
2025-08-01 10:29:38 AM,958.25,0,0.0,15192405.050000003
2025-08-01 10:29:38 AM,958.25,6,5749.5,15198154.550000003
2025-08-01 10:29:44 AM,958.25,2,1916.5,15200071.050000003
2025-08-01 10:30:41 AM,958.25,12,11499.0,15211570.050000003
2025-08-01 10:30:47 AM,958.25,4,3833.0,15215403.050000003
2025-08-01 10:30:54 AM,958.7,10,9587.0,15224990.050000003
2025-08-01 10:30:57 AM,958.25,0,0.0,15224990.050000003
2025-08-01 10:30:58 AM,958.25,3,2874.75,15227864.800000003
2025-08-01 10:31:46 AM,958.25,50,47912.5,15275777.300000003
2025-08-01 10:31:55 AM,958.8,0,0.0,15275777.300000003
2025-08-01 10:31:55 AM,958.8,12,11505.599999999999,15287282.900000002
2025-08-01 10:32:15 AM,958.8,2,1917.6,15289200.500000002
2025-08-01 10:32:18 AM,958.25,20,19165.0,15308365.500000002
2025-08-01 10:32:46 AM,958.25,15,14373.75,15322739.250000002
2025-08-01 10:33:33 AM,958.8,0,0.0,15322739.250000002
2025-08-01 10:33:34 AM,958.8,5,4794.0,15327533.250000002
2025-08-01 10:34:36 AM,958.8,2,1917.6,15329450.850000001
2025-08-01 10:34:59 AM,958.3,3,2874.8999999999996,15332325.750000002
2025-08-01 10:35:27 AM,958.25,0,0.0,15332325.750000002
2025-08-01 10:35:27 AM,958.25,15,14373.75,15346699.500000002
2025-08-01 10:35:39 AM,958.3,0,0.0,15346699.500000002
2025-08-01 10:35:41 AM,957.55,80,76604.0,15423303.500000002
2025-08-01 10:35:42 AM,957.15,0,0.0,15423303.500000002
2025-08-01 10:35:44 AM,957.15,3,2871.45,15426174.950000001
2025-08-01 10:35:45 AM,956.45,0,0.0,15426174.950000001
2025-08-01 10:35:46 AM,956.45,14,13390.300000000001,15439565.250000002
2025-08-01 10:35:59 AM,955.5,0,0.0,15439565.250000002
2025-08-01 10:36:01 AM,955.5,1301,1243105.5,16682670.750000002
2025-08-01 10:36:06 AM,954.4,95,90668.0,16773338.750000002
2025-08-01 10:36:08 AM,953.1,0,0.0,16773338.750000002
2025-08-01 10:36:09 AM,953.1,45,42889.5,16816228.25
2025-08-01 10:36:11 AM,954.7,0,0.0,16816228.25
2025-08-01 10:36:12 AM,954.7,40,38188.0,16854416.25
2025-08-01 10:36:49 AM,954.3,0,0.0,16854416.25
2025-08-01 10:36:51 AM,954.3,87,83024.09999999999,16937440.35
2025-08-01 10:36:58 AM,955.15,9,8596.35,16946036.700000003
2025-08-01 10:37:07 AM,955.0,0,0.0,16946036.700000003
2025-08-01 10:37:07 AM,955.0,1,955.0,16946991.700000003
2025-08-01 10:37:26 AM,955.0,50,47750.0,16994741.700000003
2025-08-01 10:37:37 AM,954.35,0,0.0,16994741.700000003
2025-08-01 10:37:37 AM,954.35,200,190870.0,17185611.700000003
2025-08-01 10:37:52 AM,955.4,0,0.0,17185611.700000003
2025-08-01 10:37:54 AM,955.4,5,4777.0,17190388.700000003
2025-08-01 10:38:03 AM,955.0,0,0.0,17190388.700000003
2025-08-01 10:38:03 AM,955.0,11,10505.0,17200893.700000003
2025-08-01 10:38:23 AM,955.2,0,0.0,17200893.700000003
2025-08-01 10:38:24 AM,955.2,15,14328.0,17215221.700000003
2025-08-01 10:38:28 AM,954.85,0,0.0,17215221.700000003
2025-08-01 10:38:28 AM,954.85,50,47742.5,17262964.200000003
2025-08-01 10:38:51 AM,955.15,100,95515.0,17358479.200000003
2025-08-01 10:38:56 AM,955.25,10,9552.5,17368031.700000003
2025-08-01 10:39:04 AM,955.25,1,955.25,17368986.950000003
2025-08-01 10:39:06 AM,954.65,0,0.0,17368986.950000003
2025-08-01 10:39:07 AM,954.65,49,46777.85,17415764.800000004
2025-08-01 10:39:15 AM,955.15,0,0.0,17415764.800000004
2025-08-01 10:39:16 AM,955.15,42,40116.299999999996,17455881.100000005
2025-08-01 10:39:21 AM,955.55,0,0.0,17455881.100000005
2025-08-01 10:39:21 AM,955.55,10,9555.5,17465436.600000005
2025-08-01 10:39:49 AM,954.8,0,0.0,17465436.600000005
2025-08-01 10:39:49 AM,954.65,1024,977561.6,18442998.200000007
2025-08-01 10:39:51 AM,954.9,0,0.0,18442998.200000007
2025-08-01 10:39:52 AM,954.9,62,59203.799999999996,18502202.000000007
2025-08-01 10:39:54 AM,955.5,0,0.0,18502202.000000007
2025-08-01 10:39:55 AM,955.5,59,56374.5,18558576.500000007
2025-08-01 10:40:00 AM,955.7,0,0.0,18558576.500000007
2025-08-01 10:40:00 AM,955.7,9,8601.300000000001,18567177.80000001
2025-08-01 10:40:25 AM,955.65,31,29625.149999999998,18596802.950000007
2025-08-01 10:40:53 AM,954.8,0,0.0,18596802.950000007
2025-08-01 10:40:53 AM,954.8,8,7638.4,18604441.350000005
2025-08-01 10:41:15 AM,954.0,0,0.0,18604441.350000005
2025-08-01 10:41:15 AM,954.0,15,14310.0,18618751.350000005
2025-08-01 10:41:24 AM,953.5,0,0.0,18618751.350000005
2025-08-01 10:41:27 AM,953.5,10,9535.0,18628286.350000005
2025-08-01 10:41:44 AM,953.3,0,0.0,18628286.350000005
2025-08-01 10:41:44 AM,953.3,2,1906.6,18630192.950000007
2025-08-01 10:41:50 AM,953.2,0,0.0,18630192.950000007
2025-08-01 10:41:50 AM,953.2,5,4766.0,18634958.950000007
2025-08-01 10:42:00 AM,954.05,6,5724.299999999999,18640683.250000007
2025-08-01 10:42:04 AM,954.75,0,0.0,18640683.250000007
2025-08-01 10:42:05 AM,954.75,6,5728.5,18646411.750000007
2025-08-01 10:42:22 AM,954.5,0,0.0,18646411.750000007
2025-08-01 10:42:22 AM,954.5,10,9545.0,18655956.750000007
2025-08-01 10:43:34 AM,953.1,0,0.0,18655956.750000007
2025-08-01 10:43:36 AM,953.1,75,71482.5,18727439.250000007
2025-08-01 10:43:50 AM,953.0,0,0.0,18727439.250000007
2025-08-01 10:43:51 AM,953.7,129,123027.3,18850466.55000001
2025-08-01 10:44:01 AM,953.8,35,33383.0,18883849.55000001
2025-08-01 10:44:20 AM,954.7,0,0.0,18883849.55000001
2025-08-01 10:44:21 AM,954.7,21,20048.7,18903898.250000007
2025-08-01 10:44:27 AM,954.55,0,0.0,18903898.250000007
2025-08-01 10:44:29 AM,954.55,1,954.55,18904852.80000001
2025-08-01 10:45:22 AM,954.75,0,0.0,18904852.80000001
2025-08-01 10:45:23 AM,954.75,5,4773.75,18909626.55000001
2025-08-01 10:45:31 AM,954.95,21,20053.95,18929680.500000007
2025-08-01 10:45:53 AM,954.85,0,0.0,18929680.500000007
2025-08-01 10:45:53 AM,954.85,5,4774.25,18934454.750000007
2025-08-01 10:46:03 AM,955.55,0,0.0,18934454.750000007
2025-08-01 10:46:04 AM,955.55,50,47777.5,18982232.250000007
2025-08-01 10:46:12 AM,954.8,42,40101.6,19022333.85000001
2025-08-01 10:46:55 AM,954.85,0,0.0,19022333.85000001
2025-08-01 10:46:55 AM,954.85,4,3819.4,19026153.250000007
2025-08-01 10:47:16 AM,954.6,0,0.0,19026153.250000007
2025-08-01 10:47:16 AM,954.85,142,135588.7,19161741.950000007
2025-08-01 10:47:18 AM,955.3,0,0.0,19161741.950000007
2025-08-01 10:47:18 AM,955.3,45,42988.5,19204730.450000007
2025-08-01 10:47:56 AM,955.45,0,0.0,19204730.450000007
2025-08-01 10:47:56 AM,955.45,4,3821.8,19208552.250000007
2025-08-01 10:47:59 AM,955.5,20,19110.0,19227662.250000007
2025-08-01 10:48:07 AM,955.9,0,0.0,19227662.250000007
2025-08-01 10:48:07 AM,955.9,2,1911.8,19229574.05000001
2025-08-01 10:48:32 AM,955.9,1,955.9,19230529.950000007
2025-08-01 10:48:54 AM,955.9,4,3823.6,19234353.55000001
2025-08-01 10:49:11 AM,956.2,0,0.0,19234353.55000001
2025-08-01 10:49:12 AM,956.2,5,4781.0,19239134.55000001
2025-08-01 10:50:03 AM,955.2,0,0.0,19239134.55000001
2025-08-01 10:50:04 AM,955.2,655,625656.0,19864790.55000001
2025-08-01 10:50:46 AM,955.0,0,0.0,19864790.55000001
2025-08-01 10:50:49 AM,955.0,13,12415.0,19877205.55000001
2025-08-01 10:51:50 AM,954.45,0,0.0,19877205.55000001
2025-08-01 10:51:50 AM,954.45,5,4772.25,19881977.80000001
2025-08-01 10:52:54 AM,954.45,4,3817.8,19885795.60000001
2025-08-01 10:53:05 AM,954.45,1,954.45,19886750.05000001
2025-08-01 10:53:38 AM,954.55,0,0.0,19886750.05000001
2025-08-01 10:53:42 AM,954.55,87,83045.84999999999,19969795.90000001
2025-08-01 10:53:46 AM,954.6,0,0.0,19969795.90000001
2025-08-01 10:53:48 AM,954.6,34,32456.4,20002252.30000001
2025-08-01 10:54:08 AM,955.0,0,0.0,20002252.30000001
2025-08-01 10:54:09 AM,955.0,5,4775.0,20007027.30000001
2025-08-01 10:54:52 AM,954.8,29,27689.199999999997,20034716.500000007
2025-08-01 10:55:12 AM,954.0,0,0.0,20034716.500000007
2025-08-01 10:55:12 AM,954.0,204,194616.0,20229332.500000007
2025-08-01 10:55:35 AM,953.0,50,47650.0,20276982.500000007
2025-08-01 10:55:40 AM,952.5,0,0.0,20276982.500000007
2025-08-01 10:55:40 AM,952.5,172,163830.0,20440812.500000007
2025-08-01 10:56:07 AM,953.0,77,73381.0,20514193.500000007
2025-08-01 10:56:14 AM,952.85,0,0.0,20514193.500000007
2025-08-01 10:56:17 AM,952.85,8,7622.8,20521816.30000001
2025-08-01 10:56:34 AM,952.55,0,0.0,20521816.30000001
2025-08-01 10:56:34 AM,952.55,11,10478.05,20532294.35000001
2025-08-01 10:57:04 AM,953.05,0,0.0,20532294.35000001
2025-08-01 10:57:04 AM,953.05,3,2859.1499999999996,20535153.500000007
2025-08-01 10:57:05 AM,952.55,262,249568.09999999998,20784721.60000001
2025-08-01 10:57:14 AM,953.05,0,0.0,20784721.60000001
2025-08-01 10:57:15 AM,953.05,1,953.05,20785674.65000001
2025-08-01 10:58:04 AM,952.5,0,0.0,20785674.65000001
2025-08-01 10:58:08 AM,952.5,60,57150.0,20842824.65000001
2025-08-01 10:58:44 AM,952.0,0,0.0,20842824.65000001
2025-08-01 10:58:46 AM,952.0,177,168504.0,21011328.65000001
2025-08-01 10:58:50 AM,951.65,0,0.0,21011328.65000001
2025-08-01 10:58:51 AM,951.65,136,129424.4,21140753.05000001
2025-08-01 10:58:57 AM,951.65,4,3806.6,21144559.65000001
2025-08-01 10:59:02 AM,951.6,0,0.0,21144559.65000001
2025-08-01 10:59:02 AM,951.6,3,2854.8,21147414.45000001
2025-08-01 10:59:06 AM,952.2,0,0.0,21147414.45000001
2025-08-01 10:59:07 AM,952.2,3,2856.6000000000004,21150271.050000012
2025-08-01 10:59:26 AM,951.6,0,0.0,21150271.050000012
2025-08-01 10:59:27 AM,951.6,6,5709.6,21155980.650000013
2025-08-01 11:00:12 AM,951.6,5,4758.0,21160738.650000013
2025-08-01 11:00:14 AM,951.15,0,0.0,21160738.650000013
2025-08-01 11:00:17 AM,951.15,50,47557.5,21208296.150000013
2025-08-01 11:00:45 AM,951.1,4,3804.4,21212100.550000012
2025-08-01 11:01:00 AM,951.1,21,19973.100000000002,21232073.650000013
2025-08-01 11:01:16 AM,952.2,90,85698.0,21317771.650000013
2025-08-01 11:01:33 AM,951.15,0,0.0,21317771.650000013
2025-08-01 11:01:37 AM,951.15,8,7609.2,21325380.850000013
2025-08-01 11:01:49 AM,951.75,0,0.0,21325380.850000013
2025-08-01 11:01:52 AM,951.75,288,274104.0,21599484.850000013
2025-08-01 11:02:08 AM,953.0,1,953.0,21600437.850000013
2025-08-01 11:02:19 AM,952.85,1,952.85,21601390.700000014
2025-08-01 11:02:41 AM,952.95,0,0.0,21601390.700000014
2025-08-01 11:02:41 AM,952.95,20,19059.0,21620449.700000014
2025-08-01 11:02:51 AM,952.2,0,0.0,21620449.700000014
2025-08-01 11:02:52 AM,952.2,3,2856.6000000000004,21623306.300000016
2025-08-01 11:02:53 AM,952.9,0,0.0,21623306.300000016
2025-08-01 11:02:53 AM,952.9,3,2858.7,21626165.000000015
2025-08-01 11:03:27 AM,953.0,0,0.0,21626165.000000015
2025-08-01 11:03:27 AM,953.0,50,47650.0,21673815.000000015
2025-08-01 11:03:45 AM,953.4,0,0.0,21673815.000000015
2025-08-01 11:03:46 AM,953.4,10,9534.0,21683349.000000015
2025-08-01 11:04:01 AM,953.65,0,0.0,21683349.000000015
2025-08-01 11:04:02 AM,953.65,16,15258.4,21698607.400000013
2025-08-01 11:04:11 AM,953.4,0,0.0,21698607.400000013
2025-08-01 11:04:12 AM,953.4,14,13347.6,21711955.000000015
2025-08-01 11:04:15 AM,953.25,0,0.0,21711955.000000015
2025-08-01 11:04:15 AM,953.25,1,953.25,21712908.250000015
2025-08-01 11:05:30 AM,953.75,15,14306.25,21727214.500000015
2025-08-01 11:05:49 AM,952.9,0,0.0,21727214.500000015
2025-08-01 11:05:51 AM,952.9,2,1905.8,21729120.300000016
2025-08-01 11:06:08 AM,952.8,21,20008.8,21749129.100000016
2025-08-01 11:06:30 AM,953.55,0,0.0,21749129.100000016
2025-08-01 11:06:31 AM,953.55,1,953.55,21750082.650000017
2025-08-01 11:06:54 AM,952.8,2,1905.6,21751988.25000002
2025-08-01 11:07:37 AM,953.55,0,0.0,21751988.25000002
2025-08-01 11:07:37 AM,953.55,3,2860.6499999999996,21754848.900000017
2025-08-01 11:07:59 AM,953.0,0,0.0,21754848.900000017
2025-08-01 11:08:00 AM,953.0,3,2859.0,21757707.900000017
2025-08-01 11:08:50 AM,953.55,0,0.0,21757707.900000017
2025-08-01 11:08:50 AM,953.55,13,12396.15,21770104.050000016
2025-08-01 11:08:58 AM,952.55,0,0.0,21770104.050000016
2025-08-01 11:08:59 AM,952.55,258,245757.9,22015861.950000014
2025-08-01 11:09:14 AM,951.45,0,0.0,22015861.950000014
2025-08-01 11:09:17 AM,951.45,76,72310.2,22088172.150000013
2025-08-01 11:09:29 AM,952.1,0,0.0,22088172.150000013
2025-08-01 11:09:30 AM,952.1,10,9521.0,22097693.150000013
2025-08-01 11:09:44 AM,951.2,0,0.0,22097693.150000013
2025-08-01 11:09:46 AM,951.2,25,23780.0,22121473.150000013
2025-08-01 11:10:02 AM,951.85,0,0.0,22121473.150000013
2025-08-01 11:10:02 AM,951.85,10,9518.5,22130991.650000013
2025-08-01 11:11:13 AM,951.85,2,1903.7,22132895.350000013
2025-08-01 11:11:25 AM,951.85,5,4759.25,22137654.600000013
2025-08-01 11:11:47 AM,951.85,5,4759.25,22142413.850000013
2025-08-01 11:11:51 AM,951.85,1,951.85,22143365.700000014
2025-08-01 11:11:56 AM,951.85,59,56159.15,22199524.850000013
2025-08-01 11:12:10 AM,951.25,0,0.0,22199524.850000013
2025-08-01 11:12:12 AM,951.25,50,47562.5,22247087.350000013
2025-08-01 11:12:44 AM,951.0,0,0.0,22247087.350000013
2025-08-01 11:12:44 AM,951.0,100,95100.0,22342187.350000013
2025-08-01 11:15:01 AM,951.1,0,0.0,22342187.350000013
2025-08-01 11:15:05 AM,951.1,1,951.1,22343138.450000014
2025-08-01 11:16:49 AM,952.3,0,0.0,22343138.450000014
2025-08-01 11:16:49 AM,952.3,50,47615.0,22390753.450000014
2025-08-01 11:16:59 AM,952.55,0,0.0,22390753.450000014
2025-08-01 11:17:00 AM,952.55,25,23813.75,22414567.200000014
2025-08-01 11:18:13 AM,953.0,0,0.0,22414567.200000014
2025-08-01 11:18:15 AM,953.0,163,155339.0,22569906.200000014
2025-08-01 11:18:19 AM,953.4,0,0.0,22569906.200000014
2025-08-01 11:18:20 AM,953.4,13,12394.199999999999,22582300.400000013
2025-08-01 11:18:29 AM,953.65,0,0.0,22582300.400000013
2025-08-01 11:18:32 AM,953.65,16,15258.4,22597558.800000012
2025-08-01 11:18:37 AM,953.45,0,0.0,22597558.800000012
2025-08-01 11:18:37 AM,953.45,15,14301.75,22611860.550000012
2025-08-01 11:18:59 AM,953.0,0,0.0,22611860.550000012
2025-08-01 11:19:01 AM,953.0,89,84817.0,22696677.550000012
2025-08-01 11:20:10 AM,952.8,0,0.0,22696677.550000012
2025-08-01 11:20:11 AM,952.8,15,14292.0,22710969.550000012
2025-08-01 11:21:27 AM,952.75,0,0.0,22710969.550000012
2025-08-01 11:21:30 AM,952.75,11,10480.25,22721449.800000012
2025-08-01 11:21:59 AM,952.2,0,0.0,22721449.800000012
2025-08-01 11:22:00 AM,952.2,1,952.2,22722402.00000001
2025-08-01 11:22:44 AM,952.2,190,180918.0,22903320.00000001
2025-08-01 11:22:49 AM,952.2,98,93315.6,22996635.600000013
2025-08-01 11:23:08 AM,952.15,0,0.0,22996635.600000013
2025-08-01 11:23:10 AM,952.15,97,92358.55,23088994.150000013
2025-08-01 11:23:45 AM,951.5,0,0.0,23088994.150000013
2025-08-01 11:23:46 AM,951.5,9,8563.5,23097557.650000013
2025-08-01 11:23:56 AM,951.8,2,1903.6,23099461.250000015
2025-08-01 11:24:37 AM,951.15,0,0.0,23099461.250000015
2025-08-01 11:24:38 AM,951.15,11,10462.65,23109923.900000013
2025-08-01 11:24:50 AM,951.0,0,0.0,23109923.900000013
2025-08-01 11:24:54 AM,951.0,45,42795.0,23152718.900000013
2025-08-01 11:25:03 AM,951.6,0,0.0,23152718.900000013
2025-08-01 11:25:04 AM,951.6,6,5709.6,23158428.500000015
2025-08-01 11:25:47 AM,951.1,8,7608.8,23166037.300000016
2025-08-01 11:26:07 AM,951.1,2,1902.2,23167939.500000015
2025-08-01 11:26:08 AM,951.0,0,0.0,23167939.500000015
2025-08-01 11:26:12 AM,951.0,17,16167.0,23184106.500000015
2025-08-01 11:26:37 AM,951.0,8,7608.0,23191714.500000015
2025-08-01 11:26:38 AM,951.1,0,0.0,23191714.500000015
2025-08-01 11:26:38 AM,951.1,2,1902.2,23193616.700000014
2025-08-01 11:27:26 AM,950.5,0,0.0,23193616.700000014
2025-08-01 11:27:28 AM,950.5,7,6653.5,23200270.200000014
2025-08-01 11:27:54 AM,951.1,100,95110.0,23295380.200000014
2025-08-01 11:28:42 AM,950.0,0,0.0,23295380.200000014
2025-08-01 11:28:42 AM,950.0,200,190000.0,23485380.200000014
2025-08-01 11:28:45 AM,950.05,0,0.0,23485380.200000014
2025-08-01 11:28:45 AM,950.05,6,5700.299999999999,23491080.500000015
2025-08-01 11:28:47 AM,950.8,40,38032.0,23529112.500000015
2025-08-01 11:31:01 AM,950.8,3,2852.3999999999996,23531964.900000013
2025-08-01 11:31:30 AM,950.0,0,0.0,23531964.900000013
2025-08-01 11:31:33 AM,950.0,197,187150.0,23719114.900000013
2025-08-01 11:31:43 AM,950.0,83,78850.0,23797964.900000013
2025-08-01 11:32:20 AM,950.35,0,0.0,23797964.900000013
2025-08-01 11:32:21 AM,950.35,2,1900.7,23799865.600000013
2025-08-01 11:32:29 AM,950.05,0,0.0,23799865.600000013
2025-08-01 11:32:29 AM,950.05,2,1900.1,23801765.700000014
2025-08-01 11:33:05 AM,950.4,0,0.0,23801765.700000014
2025-08-01 11:33:06 AM,950.4,2,1900.8,23803666.500000015
2025-08-01 11:34:02 AM,950.4,10,9504.0,23813170.500000015
2025-08-01 11:34:33 AM,949.55,0,0.0,23813170.500000015
2025-08-01 11:34:35 AM,949.7,0,0.0,23813170.500000015
2025-08-01 11:34:38 AM,949.7,23,21843.100000000002,23835013.600000016
2025-08-01 11:34:43 AM,949.7,1,949.7,23835963.300000016
2025-08-01 11:34:51 AM,949.0,0,0.0,23835963.300000016
2025-08-01 11:34:53 AM,949.0,5,4745.0,23840708.300000016
2025-08-01 11:35:56 AM,949.0,4,3796.0,23844504.300000016
2025-08-01 11:36:27 AM,949.0,12,11388.0,23855892.300000016
2025-08-01 11:36:32 AM,949.0,1,949.0,23856841.300000016
2025-08-01 11:36:58 AM,948.5,0,0.0,23856841.300000016
2025-08-01 11:36:59 AM,948.5,3,2845.5,23859686.800000016
2025-08-01 11:37:00 AM,949.0,0,0.0,23859686.800000016
2025-08-01 11:37:04 AM,949.0,25,23725.0,23883411.800000016
2025-08-01 11:38:22 AM,949.7,0,0.0,23883411.800000016
2025-08-01 11:38:22 AM,949.7,202,191839.40000000002,24075251.200000014
2025-08-01 11:38:29 AM,950.95,0,0.0,24075251.200000014
2025-08-01 11:38:31 AM,950.95,14,13313.300000000001,24088564.500000015
2025-08-01 11:38:32 AM,951.0,0,0.0,24088564.500000015
2025-08-01 11:38:33 AM,951.0,10,9510.0,24098074.500000015
2025-08-01 11:38:57 AM,950.55,0,0.0,24098074.500000015
2025-08-01 11:38:58 AM,950.55,10,9505.5,24107580.000000015
2025-08-01 11:39:25 AM,950.45,0,0.0,24107580.000000015
2025-08-01 11:39:27 AM,950.45,1,950.45,24108530.450000014
2025-08-01 11:39:32 AM,950.45,1,950.45,24109480.900000013
2025-08-01 11:39:45 AM,950.85,0,0.0,24109480.900000013
2025-08-01 11:39:45 AM,950.35,18,17106.3,24126587.200000014
2025-08-01 11:41:05 AM,950.25,0,0.0,24126587.200000014
2025-08-01 11:41:05 AM,950.25,2,1900.5,24128487.700000014
2025-08-01 11:41:21 AM,949.3,275,261057.5,24389545.200000014
2025-08-01 11:42:35 AM,949.9,0,0.0,24389545.200000014
2025-08-01 11:42:37 AM,949.9,18,17098.2,24406643.400000013
2025-08-01 11:42:47 AM,950.05,0,0.0,24406643.400000013
2025-08-01 11:42:48 AM,950.05,2,1900.1,24408543.500000015
2025-08-01 11:42:54 AM,949.2,20,18984.0,24427527.500000015
2025-08-01 11:43:46 AM,949.2,50,47460.0,24474987.500000015
2025-08-01 11:44:34 AM,949.95,0,0.0,24474987.500000015
2025-08-01 11:44:37 AM,949.95,25,23748.75,24498736.250000015
2025-08-01 11:44:48 AM,949.95,100,94995.0,24593731.250000015
2025-08-01 11:47:13 AM,949.2,0,0.0,24593731.250000015
2025-08-01 11:47:16 AM,949.2,5,4746.0,24598477.250000015
2025-08-01 11:47:36 AM,949.55,0,0.0,24598477.250000015
2025-08-01 11:47:36 AM,949.55,2,1899.1,24600376.350000016
2025-08-01 11:48:02 AM,949.55,1,949.55,24601325.900000017
2025-08-01 11:48:08 AM,949.2,0,0.0,24601325.900000017
2025-08-01 11:48:12 AM,949.2,1,949.2,24602275.100000016
2025-08-01 11:48:26 AM,949.1,0,0.0,24602275.100000016
2025-08-01 11:48:27 AM,949.1,13,12338.300000000001,24614613.400000017
2025-08-01 11:48:30 AM,949.5,0,0.0,24614613.400000017
2025-08-01 11:48:32 AM,949.5,3,2848.5,24617461.900000017
2025-08-01 11:48:52 AM,949.5,8,7596.0,24625057.900000017
2025-08-01 11:49:27 AM,949.55,0,0.0,24625057.900000017
2025-08-01 11:49:29 AM,949.55,13,12344.15,24637402.050000016
2025-08-01 11:50:01 AM,949.6,0,0.0,24637402.050000016
2025-08-01 11:50:03 AM,949.55,0,0.0,24637402.050000016
2025-08-01 11:50:05 AM,949.55,71,67418.05,24704820.100000016
2025-08-01 11:50:13 AM,948.7,0,0.0,24704820.100000016
2025-08-01 11:50:16 AM,948.7,89,84434.3,24789254.400000017
2025-08-01 11:50:21 AM,948.5,0,0.0,24789254.400000017
2025-08-01 11:50:26 AM,948.5,62,58807.0,24848061.400000017
2025-08-01 11:50:36 AM,948.35,430,407790.5,25255851.900000017
2025-08-01 11:50:41 AM,948.1,50,47405.0,25303256.900000017
2025-08-01 11:50:59 AM,947.9,0,0.0,25303256.900000017
2025-08-01 11:51:00 AM,947.9,50,47395.0,25350651.900000017
2025-08-01 11:51:27 AM,948.75,0,0.0,25350651.900000017
2025-08-01 11:51:30 AM,948.75,2,1897.5,25352549.400000017
2025-08-01 11:51:34 AM,947.6,0,0.0,25352549.400000017
2025-08-01 11:51:35 AM,947.6,50,47380.0,25399929.400000017
2025-08-01 11:52:09 AM,948.65,0,0.0,25399929.400000017
2025-08-01 11:52:10 AM,948.65,106,100556.9,25500486.300000016
2025-08-01 11:52:11 AM,948.75,17,16128.75,25516615.050000016
2025-08-01 11:52:18 AM,949.75,0,0.0,25516615.050000016
2025-08-01 11:52:20 AM,949.75,27,25643.25,25542258.300000016
2025-08-01 11:52:26 AM,949.5,0,0.0,25542258.300000016
2025-08-01 11:52:26 AM,949.5,5,4747.5,25547005.800000016
2025-08-01 11:52:30 AM,949.5,1,949.5,25547955.300000016
2025-08-01 11:52:37 AM,949.4,0,0.0,25547955.300000016
2025-08-01 11:52:40 AM,949.4,3,2848.2,25550803.500000015
2025-08-01 11:53:47 AM,949.4,1,949.4,25551752.900000013
2025-08-01 11:54:06 AM,949.4,1,949.4,25552702.300000012
2025-08-01 11:54:13 AM,948.5,1,948.5,25553650.800000012
2025-08-01 11:54:27 AM,949.2,0,0.0,25553650.800000012
2025-08-01 11:54:27 AM,949.2,1,949.2,25554600.00000001
2025-08-01 11:54:33 AM,948.3,0,0.0,25554600.00000001
2025-08-01 11:54:34 AM,948.3,1,948.3,25555548.300000012
2025-08-01 11:54:40 AM,949.15,0,0.0,25555548.300000012
2025-08-01 11:54:43 AM,949.15,46,43660.9,25599209.20000001
2025-08-01 11:54:48 AM,949.15,1,949.15,25600158.35000001
2025-08-01 11:54:54 AM,948.25,0,0.0,25600158.35000001
2025-08-01 11:54:58 AM,948.25,1,948.25,25601106.60000001
2025-08-01 11:55:03 AM,949.0,0,0.0,25601106.60000001
2025-08-01 11:55:04 AM,949.0,18,17082.0,25618188.60000001
2025-08-01 11:55:28 AM,949.0,5,4745.0,25622933.60000001
2025-08-01 11:56:07 AM,950.15,0,0.0,25622933.60000001
2025-08-01 11:56:08 AM,950.7,1750,1663725.0,27286658.60000001
2025-08-01 11:56:09 AM,952.4,21,20000.399999999998,27306659.000000007
2025-08-01 11:56:11 AM,953.35,0,0.0,27306659.000000007
2025-08-01 11:56:13 AM,953.35,34,32413.9,27339072.900000006
2025-08-01 11:56:15 AM,958.55,0,0.0,27339072.900000006
2025-08-01 11:56:16 AM,961.5,0,0.0,27339072.900000006
2025-08-01 11:56:17 AM,961.9,0,0.0,27339072.900000006
2025-08-01 11:56:18 AM,961.9,6858,6596710.2,33935783.10000001
2025-08-01 11:56:20 AM,961.85,0,0.0,33935783.10000001
2025-08-01 11:56:21 AM,961.9,0,0.0,33935783.10000001
2025-08-01 11:56:22 AM,961.1,0,0.0,33935783.10000001
2025-08-01 11:56:24 AM,961.1,729,700641.9,34636425.00000001
2025-08-01 11:56:25 AM,960.95,17,16336.150000000001,34652761.150000006
2025-08-01 11:56:27 AM,961.0,0,0.0,34652761.150000006
2025-08-01 11:56:29 AM,963.0,305,293715.0,34946476.150000006
2025-08-01 11:56:31 AM,962.0,0,0.0,34946476.150000006
2025-08-01 11:56:34 AM,962.0,59,56758.0,35003234.150000006
2025-08-01 11:56:37 AM,961.65,0,0.0,35003234.150000006
2025-08-01 11:56:39 AM,961.35,39,37492.65,35040726.800000004
2025-08-01 11:56:41 AM,960.4,0,0.0,35040726.800000004
2025-08-01 11:56:44 AM,960.4,3,2881.2,35043608.00000001
2025-08-01 11:57:15 AM,959.0,327,313593.0,35357201.00000001
2025-08-01 11:57:15 AM,959.0,27,25893.0,35383094.00000001
2025-08-01 11:57:15 AM,959.15,0,0.0,35383094.00000001
2025-08-01 11:57:15 AM,960.4,0,0.0,35383094.00000001
2025-08-01 11:57:16 AM,960.4,1141,1095816.4,36478910.400000006
2025-08-01 11:57:19 AM,961.35,105,100941.75,36579852.150000006
2025-08-01 11:57:19 AM,960.6,0,0.0,36579852.150000006
2025-08-01 11:57:19 AM,960.6,262,251677.2,36831529.35000001
2025-08-01 11:57:21 AM,960.35,0,0.0,36831529.35000001
2025-08-01 11:57:21 AM,960.35,71,68184.85,36899714.20000001
2025-08-01 11:57:24 AM,960.35,58,55700.3,36955414.50000001
2025-08-01 11:57:35 AM,960.5,10,9605.0,36965019.50000001
2025-08-01 11:57:48 AM,961.35,16,15381.6,36980401.10000001
2025-08-01 11:57:48 AM,960.35,0,0.0,36980401.10000001
2025-08-01 11:57:49 AM,960.35,88,84510.8,37064911.900000006
2025-08-01 11:57:54 AM,960.4,1,960.4,37065872.300000004
2025-08-01 11:57:57 AM,961.2,2,1922.4,37067794.7
2025-08-01 11:58:11 AM,960.35,0,0.0,37067794.7
2025-08-01 11:58:11 AM,960.35,80,76828.0,37144622.7
2025-08-01 11:58:22 AM,960.35,8,7682.8,37152305.5
2025-08-01 11:58:36 AM,960.95,0,0.0,37152305.5
2025-08-01 11:58:36 AM,960.95,50,48047.5,37200353.0
2025-08-01 11:58:42 AM,959.95,0,0.0,37200353.0
2025-08-01 11:58:43 AM,959.95,16,15359.2,37215712.2
2025-08-01 11:59:50 AM,959.9,0,0.0,37215712.2
2025-08-01 11:59:51 AM,959.9,10,9599.0,37225311.2
2025-08-01 12:00:28 PM,959.3,211,202412.3,37427723.5
2025-08-01 12:00:41 PM,959.2,0,0.0,37427723.5
2025-08-01 12:00:43 PM,959.2,32,30694.4,37458417.9
2025-08-01 12:01:03 PM,958.2,39,37369.8,37495787.699999996
2025-08-01 12:02:14 PM,958.5,0,0.0,37495787.699999996
2025-08-01 12:02:14 PM,958.5,1,958.5,37496746.199999996
2025-08-01 12:02:29 PM,957.75,0,0.0,37496746.199999996
2025-08-01 12:02:29 PM,957.75,12,11493.0,37508239.199999996
2025-08-01 12:02:34 PM,957.4,0,0.0,37508239.199999996
2025-08-01 12:02:34 PM,957.4,237,226903.8,37735142.99999999
2025-08-01 12:02:36 PM,957.05,0,0.0,37735142.99999999
2025-08-01 12:02:37 PM,957.85,0,0.0,37735142.99999999
2025-08-01 12:02:37 PM,957.85,75,71838.75,37806981.74999999
2025-08-01 12:03:02 PM,957.6,0,0.0,37806981.74999999
2025-08-01 12:03:03 PM,957.6,6,5745.6,37812727.349999994
2025-08-01 12:03:19 PM,957.75,25,23943.75,37836671.099999994
2025-08-01 12:03:58 PM,958.9,0,0.0,37836671.099999994
2025-08-01 12:04:00 PM,958.9,271,259861.9,38096532.99999999
2025-08-01 12:04:55 PM,957.55,0,0.0,38096532.99999999
2025-08-01 12:04:57 PM,957.55,279,267156.45,38363689.449999996
2025-08-01 12:07:28 PM,957.05,236,225863.8,38589553.24999999
2025-08-01 12:07:33 PM,957.05,50,47852.5,38637405.74999999
2025-08-01 12:07:38 PM,957.05,63,60294.149999999994,38697699.89999999
2025-08-01 12:07:58 PM,957.0,0,0.0,38697699.89999999
2025-08-01 12:07:58 PM,957.0,94,89958.0,38787657.89999999
2025-08-01 12:08:13 PM,956.75,7,6697.25,38794355.14999999
2025-08-01 12:08:18 PM,956.5,0,0.0,38794355.14999999
2025-08-01 12:08:19 PM,956.5,5,4782.5,38799137.64999999
2025-08-01 12:08:26 PM,956.35,0,0.0,38799137.64999999
2025-08-01 12:08:28 PM,956.35,22,21039.7,38820177.349999994
2025-08-01 12:08:52 PM,956.3,0,0.0,38820177.349999994
2025-08-01 12:08:53 PM,956.9,16,15310.4,38835487.74999999
2025-08-01 12:09:08 PM,956.5,22,21043.0,38856530.74999999
2025-08-01 12:09:08 PM,956.3,0,0.0,38856530.74999999
2025-08-01 12:09:13 PM,956.3,2,1912.6,38858443.349999994
2025-08-01 12:09:18 PM,957.15,18,17228.7,38875672.05
2025-08-01 12:10:16 PM,956.5,0,0.0,38875672.05
2025-08-01 12:10:18 PM,956.5,17,16260.5,38891932.55
2025-08-01 12:10:32 PM,957.5,0,0.0,38891932.55
2025-08-01 12:10:33 PM,957.5,5,4787.5,38896720.05
2025-08-01 12:11:02 PM,956.45,0,0.0,38896720.05
2025-08-01 12:11:02 PM,956.45,22,21041.9,38917761.949999996
2025-08-01 12:11:28 PM,956.8,0,0.0,38917761.949999996
2025-08-01 12:11:32 PM,956.8,50,47840.0,38965601.949999996
2025-08-01 12:12:57 PM,958.35,141,135127.35,39100729.3
2025-08-01 12:14:54 PM,957.8,0,0.0,39100729.3
2025-08-01 12:14:57 PM,957.8,5,4789.0,39105518.3
2025-08-01 12:15:26 PM,959.0,0,0.0,39105518.3
2025-08-01 12:15:28 PM,959.0,54,51786.0,39157304.3
2025-08-01 12:16:23 PM,959.0,44,42196.0,39199500.3
2025-08-01 12:18:59 PM,959.0,45,43155.0,39242655.3
2025-08-01 12:20:36 PM,957.95,0,0.0,39242655.3
2025-08-01 12:20:37 PM,957.95,5,4789.75,39247445.05
2025-08-01 12:20:49 PM,957.85,0,0.0,39247445.05
2025-08-01 12:20:52 PM,957.85,5,4789.25,39252234.3
2025-08-01 12:20:53 PM,958.25,7,6707.75,39258942.05
2025-08-01 12:20:54 PM,957.05,0,0.0,39258942.05
2025-08-01 12:20:57 PM,957.05,1,957.05,39259899.099999994
2025-08-01 12:22:54 PM,957.65,0,0.0,39259899.099999994
2025-08-01 12:22:57 PM,957.65,1,957.65,39260856.74999999
2025-08-01 12:23:03 PM,957.75,6,5746.5,39266603.24999999
2025-08-01 12:26:06 PM,957.75,11,10535.25,39277138.49999999
2025-08-01 12:26:57 PM,958.1,0,0.0,39277138.49999999
2025-08-01 12:27:01 PM,958.1,4,3832.4,39280970.89999999
2025-08-01 12:28:05 PM,957.05,0,0.0,39280970.89999999
2025-08-01 12:28:06 PM,957.05,176,168440.8,39449411.69999999
2025-08-01 12:28:09 PM,956.95,0,0.0,39449411.69999999
2025-08-01 12:28:11 PM,956.95,41,39234.950000000004,39488646.64999999
2025-08-01 12:28:51 PM,956.95,219,209572.05000000002,39698218.69999999
2025-08-01 12:29:55 PM,956.8,0,0.0,39698218.69999999
2025-08-01 12:29:57 PM,956.8,6,5740.799999999999,39703959.499999985
2025-08-01 12:30:04 PM,956.45,0,0.0,39703959.499999985
2025-08-01 12:30:05 PM,956.45,12,11477.400000000001,39715436.89999998
2025-08-01 12:30:15 PM,956.0,65,62140.0,39777576.89999998
2025-08-01 12:30:26 PM,955.5,7,6688.5,39784265.39999998
2025-08-01 12:30:59 PM,955.2,10,9552.0,39793817.39999998
2025-08-01 12:31:08 PM,955.1,0,0.0,39793817.39999998
2025-08-01 12:31:09 PM,955.1,909,868185.9,40662003.29999998
2025-08-01 12:32:46 PM,957.6,0,0.0,40662003.29999998
2025-08-01 12:32:46 PM,957.05,0,0.0,40662003.29999998
2025-08-01 12:32:47 PM,957.05,103,98576.15,40760579.44999998
2025-08-01 12:33:10 PM,956.6,0,0.0,40760579.44999998
2025-08-01 12:33:12 PM,956.6,120,114792.0,40875371.44999998
2025-08-01 12:34:42 PM,956.0,0,0.0,40875371.44999998
2025-08-01 12:34:43 PM,956.0,1,956.0,40876327.44999998
2025-08-01 12:37:17 PM,956.45,0,0.0,40876327.44999998
2025-08-01 12:37:17 PM,956.45,8,7651.6,40883979.04999998
2025-08-01 12:37:49 PM,955.7,0,0.0,40883979.04999998
2025-08-01 12:37:52 PM,955.7,7,6689.900000000001,40890668.94999998
2025-08-01 12:38:08 PM,955.5,0,0.0,40890668.94999998
2025-08-01 12:38:12 PM,955.5,3,2866.5,40893535.44999998
2025-08-01 12:38:19 PM,956.0,0,0.0,40893535.44999998
2025-08-01 12:38:22 PM,956.0,1,956.0,40894491.44999998
2025-08-01 12:40:18 PM,955.75,0,0.0,40894491.44999998
2025-08-01 12:40:21 PM,955.75,25,23893.75,40918385.19999998
2025-08-01 12:40:44 PM,956.2,0,0.0,40918385.19999998
2025-08-01 12:40:46 PM,955.0,0,0.0,40918385.19999998
2025-08-01 12:40:47 PM,955.0,414,395370.0,41313755.19999998
2025-08-01 12:40:52 PM,956.05,4,3824.2,41317579.39999998
2025-08-01 12:40:58 PM,956.3,0,0.0,41317579.39999998
2025-08-01 12:41:02 PM,956.3,5,4781.5,41322360.89999998
2025-08-01 12:41:54 PM,955.7,1,955.7,41323316.59999999
2025-08-01 12:43:43 PM,955.65,0,0.0,41323316.59999999
2025-08-01 12:43:46 PM,955.65,1,955.65,41324272.249999985
2025-08-01 12:46:00 PM,955.05,0,0.0,41324272.249999985
2025-08-01 12:46:01 PM,955.05,20,19101.0,41343373.249999985
2025-08-01 12:46:04 PM,956.0,0,0.0,41343373.249999985
2025-08-01 12:46:06 PM,956.0,6,5736.0,41349109.249999985
2025-08-01 12:47:13 PM,956.0,59,56404.0,41405513.249999985
2025-08-01 12:49:06 PM,955.55,0,0.0,41405513.249999985
2025-08-01 12:49:08 PM,955.55,753,719529.15,42125042.39999998
2025-08-01 12:49:08 PM,956.0,46,43976.0,42169018.39999998
2025-08-01 12:53:54 PM,955.8,0,0.0,42169018.39999998
2025-08-01 12:53:55 PM,955.8,1,955.8,42169974.19999998
2025-08-01 12:55:04 PM,955.95,0,0.0,42169974.19999998
2025-08-01 12:55:07 PM,955.95,6,5735.700000000001,42175709.89999998
2025-08-01 12:56:04 PM,955.35,0,0.0,42175709.89999998
2025-08-01 12:56:07 PM,955.35,1,955.35,42176665.249999985
2025-08-01 12:57:50 PM,955.8,0,0.0,42176665.249999985
2025-08-01 12:57:53 PM,955.8,10,9558.0,42186223.249999985
2025-08-01 12:58:33 PM,955.8,961,918523.7999999999,43104747.04999998
2025-08-01 12:58:36 PM,957.0,0,0.0,43104747.04999998
2025-08-01 12:58:38 PM,957.0,6,5742.0,43110489.04999998
2025-08-01 12:58:48 PM,956.0,2157,2062092.0,45172581.04999998
2025-08-01 12:58:50 PM,956.05,0,0.0,45172581.04999998
2025-08-01 12:58:53 PM,956.05,248,237100.4,45409681.44999998
2025-08-01 01:00:19 PM,956.0,0,0.0,45409681.44999998
2025-08-01 01:00:21 PM,956.0,191,182596.0,45592277.44999998
2025-08-01 01:00:31 PM,957.05,0,0.0,45592277.44999998
2025-08-01 01:00:32 PM,957.05,542,518721.1,46110998.54999998
2025-08-01 01:01:03 PM,956.25,0,0.0,46110998.54999998
2025-08-01 01:01:04 PM,956.25,5,4781.25,46115779.79999998
2025-08-01 01:01:43 PM,956.2,0,0.0,46115779.79999998
2025-08-01 01:01:44 PM,956.2,4,3824.8,46119604.59999998
2025-08-01 01:01:53 PM,956.6,0,0.0,46119604.59999998
2025-08-01 01:01:54 PM,956.25,93,88931.25,46208535.84999998
2025-08-01 01:01:55 PM,957.8,0,0.0,46208535.84999998
2025-08-01 01:01:59 PM,957.8,55,52679.0,46261214.84999998
2025-08-01 01:02:00 PM,956.85,21,20093.850000000002,46281308.69999998
2025-08-01 01:02:01 PM,956.65,0,0.0,46281308.69999998
2025-08-01 01:02:03 PM,956.65,66,63138.9,46344447.59999998
2025-08-01 01:03:53 PM,957.45,0,0.0,46344447.59999998
2025-08-01 01:03:53 PM,957.45,10,9574.5,46354022.09999998
2025-08-01 01:04:27 PM,956.65,0,0.0,46354022.09999998
2025-08-01 01:04:27 PM,956.65,274,262122.1,46616144.19999998
2025-08-01 01:04:42 PM,956.65,10,9566.5,46625710.69999998
2025-08-01 01:05:12 PM,958.5,200,191700.0,46817410.69999998
2025-08-01 01:05:37 PM,958.85,0,0.0,46817410.69999998
2025-08-01 01:05:37 PM,958.85,1,958.85,46818369.54999998
2025-08-01 01:06:11 PM,958.25,0,0.0,46818369.54999998
2025-08-01 01:06:13 PM,958.25,10,9582.5,46827952.04999998
2025-08-01 01:07:31 PM,958.9,25,23972.5,46851924.54999998
2025-08-01 01:07:34 PM,959.95,0,0.0,46851924.54999998
2025-08-01 01:07:35 PM,959.95,220,211189.0,47063113.54999998
2025-08-01 01:07:41 PM,960.15,2,1920.3,47065033.84999998
2025-08-01 01:08:41 PM,960.55,0,0.0,47065033.84999998
2025-08-01 01:08:41 PM,960.55,89,85488.95,47150522.79999998
2025-08-01 01:08:43 PM,960.55,9,8644.949999999999,47159167.749999985
2025-08-01 01:09:40 PM,960.0,0,0.0,47159167.749999985
2025-08-01 01:09:41 PM,960.0,5,4800.0,47163967.749999985
2025-08-01 01:10:39 PM,960.0,45,43200.0,47207167.749999985
2025-08-01 01:10:46 PM,959.95,0,0.0,47207167.749999985
2025-08-01 01:10:47 PM,959.95,100,95995.0,47303162.749999985
2025-08-01 01:12:44 PM,959.5,0,0.0,47303162.749999985
2025-08-01 01:12:44 PM,959.5,4,3838.0,47307000.749999985
2025-08-01 01:14:38 PM,960.1,0,0.0,47307000.749999985
2025-08-01 01:14:39 PM,960.1,12,11521.2,47318521.94999999
2025-08-01 01:14:44 PM,960.35,0,0.0,47318521.94999999
2025-08-01 01:14:44 PM,960.35,93,89312.55,47407834.499999985
2025-08-01 01:14:46 PM,960.45,0,0.0,47407834.499999985
2025-08-01 01:14:47 PM,960.45,10,9604.5,47417438.999999985
2025-08-01 01:17:04 PM,960.4,0,0.0,47417438.999999985
2025-08-01 01:17:05 PM,960.4,36,34574.4,47452013.39999998
2025-08-01 01:17:15 PM,960.45,239,229547.55000000002,47681560.94999998
2025-08-01 01:18:35 PM,960.45,233,223784.85,47905345.79999998
2025-08-01 01:18:36 PM,960.45,24,23050.800000000003,47928396.59999998
2025-08-01 01:18:58 PM,959.15,0,0.0,47928396.59999998
2025-08-01 01:19:00 PM,959.15,8,7673.2,47936069.79999998
2025-08-01 01:19:10 PM,959.05,0,0.0,47936069.79999998
2025-08-01 01:19:10 PM,959.05,2,1918.1,47937987.89999998
2025-08-01 01:19:30 PM,958.05,211,202148.55,48140136.44999998
2025-08-01 01:19:32 PM,958.95,0,0.0,48140136.44999998
2025-08-01 01:19:34 PM,958.95,20,19179.0,48159315.44999998
2025-08-01 01:20:18 PM,958.3,0,0.0,48159315.44999998
2025-08-01 01:20:20 PM,958.3,13,12457.9,48171773.34999998
2025-08-01 01:20:52 PM,958.8,0,0.0,48171773.34999998
2025-08-01 01:20:54 PM,958.8,1,958.8,48172732.149999976
2025-08-01 01:21:08 PM,958.85,0,0.0,48172732.149999976
2025-08-01 01:21:09 PM,958.85,10,9588.5,48182320.649999976
2025-08-01 01:22:52 PM,958.8,0,0.0,48182320.649999976
2025-08-01 01:22:53 PM,958.8,98,93962.4,48276283.049999975
2025-08-01 01:22:58 PM,958.8,10,9588.0,48285871.049999975
2025-08-01 01:23:12 PM,958.8,2,1917.6,48287788.649999976
2025-08-01 01:23:22 PM,958.8,2,1917.6,48289706.24999998
2025-08-01 01:23:42 PM,959.0,0,0.0,48289706.24999998
2025-08-01 01:23:46 PM,959.0,35,33565.0,48323271.24999998
2025-08-01 01:24:04 PM,959.15,0,0.0,48323271.24999998
2025-08-01 01:24:05 PM,959.15,6,5754.9,48329026.149999976
2025-08-01 01:24:43 PM,959.15,10,9591.5,48338617.649999976
2025-08-01 01:24:44 PM,959.2,0,0.0,48338617.649999976
2025-08-01 01:24:46 PM,958.5,0,0.0,48338617.649999976
2025-08-01 01:24:48 PM,958.5,56,53676.0,48392293.649999976
2025-08-01 01:27:05 PM,959.15,0,0.0,48392293.649999976
2025-08-01 01:27:06 PM,959.15,5,4795.75,48397089.399999976
2025-08-01 01:28:16 PM,958.1,0,0.0,48397089.399999976
2025-08-01 01:28:19 PM,958.1,5,4790.5,48401879.899999976
2025-08-01 01:29:04 PM,958.0,0,0.0,48401879.899999976
2025-08-01 01:29:07 PM,958.0,1,958.0,48402837.899999976
2025-08-01 01:29:38 PM,958.2,0,0.0,48402837.899999976
2025-08-01 01:29:40 PM,958.2,10,9582.0,48412419.899999976
2025-08-01 01:30:15 PM,958.0,0,0.0,48412419.899999976
2025-08-01 01:30:19 PM,958.0,10,9580.0,48421999.899999976
2025-08-01 01:30:58 PM,958.0,3,2874.0,48424873.899999976
2025-08-01 01:31:22 PM,957.9,0,0.0,48424873.899999976
2025-08-01 01:31:24 PM,957.9,3,2873.7,48427747.59999998
2025-08-01 01:36:09 PM,957.9,12,11494.8,48439242.399999976
2025-08-01 01:36:47 PM,957.85,0,0.0,48439242.399999976
2025-08-01 01:36:48 PM,957.85,1,957.85,48440200.24999998
2025-08-01 01:37:25 PM,957.1,0,0.0,48440200.24999998
2025-08-01 01:37:28 PM,957.1,1,957.1,48441157.34999998
2025-08-01 01:37:28 PM,957.8,1,957.8,48442115.149999976
2025-08-01 01:38:03 PM,956.75,30,28702.5,48470817.649999976
2025-08-01 01:39:19 PM,956.35,11,10519.85,48481337.49999998
2025-08-01 01:40:04 PM,956.8,0,0.0,48481337.49999998
2025-08-01 01:40:05 PM,956.8,5,4784.0,48486121.49999998
2025-08-01 01:44:12 PM,956.1,10,9561.0,48495682.49999998
2025-08-01 01:44:37 PM,956.1,9,8604.9,48504287.399999976
2025-08-01 01:45:34 PM,956.0,0,0.0,48504287.399999976
2025-08-01 01:45:37 PM,956.0,1,956.0,48505243.399999976
2025-08-01 01:46:20 PM,956.2,5,4781.0,48510024.399999976
2025-08-01 01:48:06 PM,956.2,2,1912.4,48511936.799999975
2025-08-01 01:48:17 PM,956.2,7,6693.400000000001,48518630.19999997
2025-08-01 01:48:20 PM,955.6,0,0.0,48518630.19999997
2025-08-01 01:48:21 PM,955.6,15,14334.0,48532964.19999997
2025-08-01 01:48:36 PM,955.45,0,0.0,48532964.19999997
2025-08-01 01:48:37 PM,955.45,18,17198.100000000002,48550162.299999975
2025-08-01 01:49:10 PM,955.45,10,9554.5,48559716.799999975
2025-08-01 01:50:07 PM,955.4,0,0.0,48559716.799999975
2025-08-01 01:50:08 PM,955.4,161,153819.4,48713536.19999997
2025-08-01 01:50:24 PM,955.7,0,0.0,48713536.19999997
2025-08-01 01:50:28 PM,955.7,21,20069.7,48733605.899999976
2025-08-01 01:51:14 PM,955.65,0,0.0,48733605.899999976
2025-08-01 01:51:17 PM,955.65,10,9556.5,48743162.399999976
2025-08-01 01:52:02 PM,955.7,0,0.0,48743162.399999976
2025-08-01 01:52:05 PM,955.7,12,11468.400000000001,48754630.799999975
2025-08-01 01:55:03 PM,955.6,0,0.0,48754630.799999975
2025-08-01 01:55:03 PM,955.6,7,6689.2,48761319.99999998
2025-08-01 01:56:08 PM,955.6,11,10511.6,48771831.59999998
2025-08-01 01:56:28 PM,955.55,0,0.0,48771831.59999998
2025-08-01 01:56:32 PM,955.55,1,955.55,48772787.149999976
2025-08-01 01:56:42 PM,955.55,9,8599.949999999999,48781387.09999998
2025-08-01 01:57:07 PM,955.55,6,5733.299999999999,48787120.399999976
2025-08-01 01:57:50 PM,955.15,0,0.0,48787120.399999976
2025-08-01 01:57:51 PM,955.15,15,14327.25,48801447.649999976
2025-08-01 01:58:41 PM,955.55,1,955.55,48802403.19999997
2025-08-01 01:58:50 PM,955.55,1,955.55,48803358.74999997
2025-08-01 01:59:44 PM,955.15,0,0.0,48803358.74999997
2025-08-01 01:59:47 PM,955.15,7,6686.05,48810044.79999997
2025-08-01 01:59:59 PM,955.8,0,0.0,48810044.79999997
2025-08-01 02:00:01 PM,955.8,338,323060.39999999997,49133105.199999966
2025-08-01 02:00:47 PM,955.75,0,0.0,49133105.199999966
2025-08-01 02:00:50 PM,955.75,9,8601.75,49141706.949999966
2025-08-01 02:01:00 PM,955.75,1,955.75,49142662.699999966
2025-08-01 02:01:07 PM,955.5,0,0.0,49142662.699999966
2025-08-01 02:01:10 PM,955.5,25,23887.5,49166550.199999966
2025-08-01 02:01:28 PM,955.0,0,0.0,49166550.199999966
2025-08-01 02:01:29 PM,955.0,827,789785.0,49956335.199999966
2025-08-01 02:02:17 PM,956.1,0,0.0,49956335.199999966
2025-08-01 02:02:18 PM,956.1,115,109951.5,50066286.699999966
2025-08-01 02:02:24 PM,955.35,0,0.0,50066286.699999966
2025-08-01 02:02:28 PM,955.35,90,85981.5,50152268.199999966
2025-08-01 02:03:18 PM,955.35,30,28660.5,50180928.699999966
2025-08-01 02:04:10 PM,955.55,0,0.0,50180928.699999966
2025-08-01 02:04:13 PM,955.55,1,955.55,50181884.24999996
2025-08-01 02:04:38 PM,955.05,0,0.0,50181884.24999996
2025-08-01 02:04:39 PM,955.05,2,1910.1,50183794.349999964
2025-08-01 02:05:59 PM,955.05,1,955.05,50184749.39999996
2025-08-01 02:06:18 PM,955.1,0,0.0,50184749.39999996
2025-08-01 02:06:19 PM,955.1,10,9551.0,50194300.39999996
2025-08-01 02:06:22 PM,955.0,0,0.0,50194300.39999996
2025-08-01 02:06:24 PM,955.0,340,324700.0,50519000.39999996
2025-08-01 02:07:32 PM,954.5,0,0.0,50519000.39999996
2025-08-01 02:07:35 PM,953.4,0,0.0,50519000.39999996
2025-08-01 02:07:36 PM,953.4,2986,2846852.4,53365852.79999996
2025-08-01 02:07:37 PM,955.0,202,192910.0,53558762.79999996
2025-08-01 02:07:42 PM,955.7,0,0.0,53558762.79999996
2025-08-01 02:07:45 PM,955.6,0,0.0,53558762.79999996
2025-08-01 02:07:47 PM,955.6,81,77403.6,53636166.39999996
2025-08-01 02:07:48 PM,955.75,0,0.0,53636166.39999996
2025-08-01 02:07:50 PM,955.55,0,0.0,53636166.39999996
2025-08-01 02:07:52 PM,955.55,93,88866.15,53725032.54999996
2025-08-01 02:08:08 PM,954.55,0,0.0,53725032.54999996
2025-08-01 02:08:12 PM,954.55,3,2863.6499999999996,53727896.19999996
2025-08-01 02:08:17 PM,954.1,2,1908.2,53729804.39999996
2025-08-01 02:08:43 PM,954.1,6,5724.6,53735528.99999996
2025-08-01 02:09:04 PM,954.1,202,192728.2,53928257.199999966
2025-08-01 02:09:06 PM,955.5,0,0.0,53928257.199999966
2025-08-01 02:09:09 PM,955.5,241,230275.5,54158532.699999966
2025-08-01 02:09:16 PM,959.85,0,0.0,54158532.699999966
2025-08-01 02:09:18 PM,959.6,0,0.0,54158532.699999966
2025-08-01 02:09:19 PM,959.6,231,221667.6,54380200.29999997
2025-08-01 02:09:19 PM,960.0,0,0.0,54380200.29999997
2025-08-01 02:09:20 PM,960.0,111,106560.0,54486760.29999997
2025-08-01 02:09:24 PM,959.6,0,0.0,54486760.29999997
2025-08-01 02:09:24 PM,959.6,1,959.6,54487719.89999997
2025-08-01 02:09:25 PM,960.15,0,0.0,54487719.89999997
2025-08-01 02:09:26 PM,959.65,0,0.0,54487719.89999997
2025-08-01 02:09:29 PM,959.65,98,94045.7,54581765.59999997
2025-08-01 02:09:32 PM,959.45,0,0.0,54581765.59999997
2025-08-01 02:09:34 PM,959.45,84,80593.8,54662359.39999997
2025-08-01 02:09:36 PM,962.5,0,0.0,54662359.39999997
2025-08-01 02:09:39 PM,962.5,1018,979825.0,55642184.39999997
2025-08-01 02:09:56 PM,962.55,0,0.0,55642184.39999997
2025-08-01 02:09:58 PM,962.55,25,24063.75,55666248.14999997
2025-08-01 02:10:00 PM,962.5,0,0.0,55666248.14999997
2025-08-01 02:10:02 PM,962.5,42,40425.0,55706673.14999997
2025-08-01 02:10:06 PM,962.5,1,962.5,55707635.64999997
2025-08-01 02:10:15 PM,961.95,32,30782.4,55738418.04999997
2025-08-01 02:10:51 PM,961.95,62,59640.9,55798058.949999966
2025-08-01 02:10:56 PM,962.0,0,0.0,55798058.949999966
2025-08-01 02:10:56 PM,962.0,5,4810.0,55802868.949999966
2025-08-01 02:13:03 PM,962.0,20,19240.0,55822108.949999966
2025-08-01 02:13:42 PM,962.8,0,0.0,55822108.949999966
2025-08-01 02:13:42 PM,962.8,19,18293.2,55840402.14999997
2025-08-01 02:13:48 PM,962.0,0,0.0,55840402.14999997
2025-08-01 02:13:50 PM,962.0,50,48100.0,55888502.14999997
2025-08-01 02:13:52 PM,962.05,0,0.0,55888502.14999997
2025-08-01 02:13:52 PM,962.05,17,16354.849999999999,55904856.99999997
2025-08-01 02:14:00 PM,962.05,65,62533.25,55967390.24999997
2025-08-01 02:14:02 PM,962.0,0,0.0,55967390.24999997
2025-08-01 02:14:02 PM,962.0,319,306878.0,56274268.24999997
2025-08-01 02:14:18 PM,962.0,4,3848.0,56278116.24999997
2025-08-01 02:14:35 PM,962.0,30,28860.0,56306976.24999997
2025-08-01 02:15:26 PM,962.55,5,4812.75,56311788.99999997
2025-08-01 02:15:47 PM,962.0,0,0.0,56311788.99999997
2025-08-01 02:15:47 PM,962.0,10,9620.0,56321408.99999997
2025-08-01 02:16:04 PM,962.55,0,0.0,56321408.99999997
2025-08-01 02:16:04 PM,962.55,6,5775.299999999999,56327184.29999997
2025-08-01 02:16:39 PM,961.95,0,0.0,56327184.29999997
2025-08-01 02:16:39 PM,961.95,11,10581.45,56337765.74999997
2025-08-01 02:16:58 PM,962.95,0,0.0,56337765.74999997
2025-08-01 02:16:58 PM,962.95,1119,1077541.05,57415306.79999997
2025-08-01 02:16:59 PM,962.75,174,167518.5,57582825.29999997
2025-08-01 02:17:02 PM,962.75,9,8664.75,57591490.04999997
2025-08-01 02:17:24 PM,962.3,0,0.0,57591490.04999997
2025-08-01 02:17:24 PM,962.3,83,79870.9,57671360.949999966
2025-08-01 02:17:40 PM,963.15,0,0.0,57671360.949999966
2025-08-01 02:17:43 PM,963.15,25,24078.75,57695439.699999966
2025-08-01 02:18:02 PM,963.75,0,0.0,57695439.699999966
2025-08-01 02:18:04 PM,963.75,100,96375.0,57791814.699999966
2025-08-01 02:19:42 PM,962.45,10,9624.5,57801439.199999966
2025-08-01 02:20:03 PM,961.6,0,0.0,57801439.199999966
2025-08-01 02:20:03 PM,961.6,10,9616.0,57811055.199999966
2025-08-01 02:20:24 PM,961.85,0,0.0,57811055.199999966
2025-08-01 02:20:24 PM,961.85,50,48092.5,57859147.699999966
2025-08-01 02:20:54 PM,961.1,0,0.0,57859147.699999966
2025-08-01 02:20:54 PM,961.1,13,12494.300000000001,57871641.99999996
2025-08-01 02:24:15 PM,960.8,0,0.0,57871641.99999996
2025-08-01 02:24:16 PM,960.8,270,259416.0,58131057.99999996
2025-08-01 02:24:25 PM,960.0,0,0.0,58131057.99999996
2025-08-01 02:24:26 PM,960.0,1255,1204800.0,59335857.99999996
2025-08-01 02:24:26 PM,960.85,9,8647.65,59344505.64999996
2025-08-01 02:24:47 PM,960.5,27,25933.5,59370439.14999996
2025-08-01 02:25:43 PM,958.7,0,0.0,59370439.14999996
2025-08-01 02:25:46 PM,958.7,3378,3238488.6,62608927.74999996
2025-08-01 02:25:51 PM,958.7,10,9587.0,62618514.74999996
2025-08-01 02:26:37 PM,959.0,0,0.0,62618514.74999996
2025-08-01 02:26:38 PM,959.0,2,1918.0,62620432.74999996
2025-08-01 02:26:48 PM,960.2,0,0.0,62620432.74999996
2025-08-01 02:26:49 PM,960.2,118,113303.6,62733736.349999964
2025-08-01 02:26:51 PM,960.9,0,0.0,62733736.349999964
2025-08-01 02:26:54 PM,960.9,114,109542.59999999999,62843278.949999966
2025-08-01 02:27:03 PM,961.35,0,0.0,62843278.949999966
2025-08-01 02:27:06 PM,961.35,7,6729.45,62850008.39999997
2025-08-01 02:27:09 PM,961.75,0,0.0,62850008.39999997
2025-08-01 02:27:11 PM,961.75,16,15388.0,62865396.39999997
2025-08-01 02:27:56 PM,961.35,0,0.0,62865396.39999997
2025-08-01 02:27:59 PM,961.35,82,78830.7,62944227.09999997
2025-08-01 02:28:11 PM,961.35,4,3845.4,62948072.49999997
2025-08-01 02:29:00 PM,960.0,55,52800.0,63000872.49999997
2025-08-01 02:29:58 PM,961.2,0,0.0,63000872.49999997
2025-08-01 02:30:01 PM,961.2,5,4806.0,63005678.49999997
2025-08-01 02:30:50 PM,961.15,0,0.0,63005678.49999997
2025-08-01 02:30:50 PM,961.15,4,3844.6,63009523.09999997
2025-08-01 02:32:53 PM,960.45,0,0.0,63009523.09999997
2025-08-01 02:32:55 PM,960.45,20,19209.0,63028732.09999997
2025-08-01 02:34:00 PM,960.7,10,9607.0,63038339.09999997
2025-08-01 02:35:22 PM,961.9,0,0.0,63038339.09999997
2025-08-01 02:35:23 PM,961.9,10,9619.0,63047958.09999997
2025-08-01 02:35:39 PM,960.8,25,24020.0,63071978.09999997
2025-08-01 02:35:43 PM,961.0,0,0.0,63071978.09999997
2025-08-01 02:35:45 PM,961.0,2,1922.0,63073900.09999997
2025-08-01 02:36:31 PM,960.9,0,0.0,63073900.09999997
2025-08-01 02:36:34 PM,960.9,3,2882.7,63076782.799999975
2025-08-01 02:36:49 PM,960.85,0,0.0,63076782.799999975
2025-08-01 02:36:49 PM,960.85,2,1921.7,63078704.49999998
2025-08-01 02:37:10 PM,960.45,0,0.0,63078704.49999998
2025-08-01 02:37:12 PM,960.45,15,14406.75,63093111.24999998
2025-08-01 02:38:39 PM,960.15,1,960.15,63094071.399999976
2025-08-01 02:40:20 PM,960.9,0,0.0,63094071.399999976
2025-08-01 02:40:21 PM,961.2,23,22107.600000000002,63116178.99999998
2025-08-01 02:41:27 PM,961.2,20,19224.0,63135402.99999998
2025-08-01 02:42:27 PM,962.15,0,0.0,63135402.99999998
2025-08-01 02:42:31 PM,962.15,10,9621.5,63145024.49999998
2025-08-01 02:45:20 PM,960.25,0,0.0,63145024.49999998
2025-08-01 02:45:21 PM,960.55,48,46106.399999999994,63191130.899999976
2025-08-01 02:45:32 PM,961.9,0,0.0,63191130.899999976
2025-08-01 02:45:33 PM,961.9,56,53866.4,63244997.299999975
2025-08-01 02:47:19 PM,961.9,434,417464.6,63662461.899999976
2025-08-01 02:48:09 PM,962.55,0,0.0,63662461.899999976
2025-08-01 02:48:10 PM,962.55,17,16363.349999999999,63678825.24999998
2025-08-01 02:48:49 PM,962.55,2,1925.1,63680750.34999998
2025-08-01 02:49:00 PM,962.55,16,15400.8,63696151.149999976
2025-08-01 02:49:04 PM,962.9,0,0.0,63696151.149999976
2025-08-01 02:49:06 PM,962.9,1,962.9,63697114.049999975
2025-08-01 02:49:12 PM,962.55,2,1925.1,63699039.149999976
2025-08-01 02:49:25 PM,962.9,0,0.0,63699039.149999976
2025-08-01 02:49:28 PM,962.9,100,96290.0,63795329.149999976
2025-08-01 02:49:32 PM,962.95,0,0.0,63795329.149999976
2025-08-01 02:49:34 PM,962.95,2,1925.9,63797255.049999975
2025-08-01 02:49:56 PM,962.55,10,9625.5,63806880.549999975
2025-08-01 02:50:07 PM,962.55,3,2887.6499999999996,63809768.19999997
2025-08-01 02:50:24 PM,962.5,0,0.0,63809768.19999997
2025-08-01 02:50:29 PM,962.5,135,129937.5,63939705.69999997
2025-08-01 02:50:37 PM,962.2,0,0.0,63939705.69999997
2025-08-01 02:50:40 PM,962.2,10,9622.0,63949327.69999997
2025-08-01 02:50:45 PM,962.9,2,1925.8,63951253.49999997
2025-08-01 02:51:07 PM,963.0,10,9630.0,63960883.49999997
2025-08-01 02:51:26 PM,962.95,0,0.0,63960883.49999997
2025-08-01 02:51:28 PM,962.95,1,962.95,63961846.44999997
2025-08-01 02:53:34 PM,962.2,6,5773.200000000001,63967619.649999976
2025-08-01 02:53:42 PM,962.0,0,0.0,63967619.649999976
2025-08-01 02:53:42 PM,962.0,19,18278.0,63985897.649999976
2025-08-01 02:56:03 PM,962.95,0,0.0,63985897.649999976
2025-08-01 02:56:03 PM,962.95,6,5777.700000000001,63991675.34999998
2025-08-01 02:56:15 PM,962.05,0,0.0,63991675.34999998
2025-08-01 02:56:15 PM,962.05,10,9620.5,64001295.84999998
2025-08-01 02:56:48 PM,962.05,1,962.05,64002257.899999976
2025-08-01 02:57:19 PM,962.1,0,0.0,64002257.899999976
2025-08-01 02:57:22 PM,962.1,2,1924.2,64004182.09999998
2025-08-01 02:57:38 PM,961.35,206,198038.1,64202220.19999998
2025-08-01 02:57:49 PM,961.9,1,961.9,64203182.09999998
2025-08-01 02:58:05 PM,961.9,8,7695.2,64210877.29999998
2025-08-01 02:58:28 PM,961.4,0,0.0,64210877.29999998
2025-08-01 02:58:29 PM,961.4,14,13459.6,64224336.89999998
2025-08-01 02:59:03 PM,961.85,0,0.0,64224336.89999998
2025-08-01 02:59:04 PM,961.85,8,7694.8,64232031.69999998
2025-08-01 02:59:10 PM,961.05,0,0.0,64232031.69999998
2025-08-01 02:59:10 PM,961.05,600,576630.0,64808661.69999998
2025-08-01 02:59:11 PM,961.3,0,0.0,64808661.69999998
2025-08-01 02:59:14 PM,961.3,60,57678.0,64866339.69999998
2025-08-01 02:59:38 PM,961.35,0,0.0,64866339.69999998
2025-08-01 02:59:38 PM,961.35,11,10574.85,64876914.54999998
2025-08-01 02:59:53 PM,961.8,10,9618.0,64886532.54999998
2025-08-01 03:00:00 PM,961.5,15,14422.5,64900955.04999998
2025-08-01 03:00:02 PM,961.75,0,0.0,64900955.04999998
2025-08-01 03:00:04 PM,961.75,3,2885.25,64903840.29999998
2025-08-01 03:00:39 PM,960.0,0,0.0,64903840.29999998
2025-08-01 03:00:40 PM,960.0,9,8640.0,64912480.29999998
2025-08-01 03:00:45 PM,958.65,0,0.0,64912480.29999998
2025-08-01 03:00:46 PM,958.65,19,18214.35,64930694.64999998
2025-08-01 03:00:51 PM,959.15,0,0.0,64930694.64999998
2025-08-01 03:00:52 PM,959.15,15,14387.25,64945081.89999998
2025-08-01 03:01:01 PM,960.7,0,0.0,64945081.89999998
2025-08-01 03:01:04 PM,960.7,76,73013.2,65018095.09999999
2025-08-01 03:01:10 PM,959.85,0,0.0,65018095.09999999
2025-08-01 03:01:11 PM,959.85,40,38394.0,65056489.09999999
2025-08-01 03:01:19 PM,960.8,0,0.0,65056489.09999999
2025-08-01 03:01:20 PM,960.95,24,23062.800000000003,65079551.89999998
2025-08-01 03:01:23 PM,962.7,25,24067.5,65103619.39999998
2025-08-01 03:01:26 PM,962.9,5,4814.5,65108433.89999998
2025-08-01 03:01:28 PM,963.3,0,0.0,65108433.89999998
2025-08-01 03:01:29 PM,963.3,1,963.3,65109397.19999998
2025-08-01 03:01:32 PM,963.4,4,3853.6,65113250.79999998
2025-08-01 03:01:34 PM,963.4,15,14451.0,65127701.79999998
2025-08-01 03:01:38 PM,963.25,2,1926.5,65129628.29999998
2025-08-01 03:01:41 PM,963.25,20,19265.0,65148893.29999998
2025-08-01 03:01:44 PM,962.95,1,962.95,65149856.249999985
2025-08-01 03:01:45 PM,963.0,0,0.0,65149856.249999985
2025-08-01 03:01:46 PM,963.0,6,5778.0,65155634.249999985
2025-08-01 03:01:50 PM,962.95,1,962.95,65156597.19999999
2025-08-01 03:01:52 PM,963.0,6,5778.0,65162375.19999999
2025-08-01 03:01:56 PM,963.35,6,5780.1,65168155.29999999
2025-08-01 03:01:58 PM,963.5,1,963.5,65169118.79999999
2025-08-01 03:02:02 PM,963.8,91,87705.8,65256824.59999999
2025-08-01 03:02:05 PM,963.8,13,12529.4,65269353.999999985
2025-08-01 03:02:08 PM,963.8,1,963.8,65270317.79999998
2025-08-01 03:02:11 PM,963.2,13,12521.6,65282839.39999998
2025-08-01 03:02:15 PM,964.35,19,18322.65,65301162.04999998
2025-08-01 03:02:17 PM,964.15,11,10605.65,65311767.69999998
2025-08-01 03:02:21 PM,964.35,5,4821.75,65316589.44999998
2025-08-01 03:02:23 PM,964.35,4,3857.4,65320446.84999998
2025-08-01 03:02:26 PM,964.35,18,17358.3,65337805.149999976
2025-08-01 03:02:29 PM,963.1,34,32745.4,65370550.549999975
2025-08-01 03:02:32 PM,964.05,3,2892.1499999999996,65373442.69999997
2025-08-01 03:02:35 PM,964.5,3,2893.5,65376336.19999997
2025-08-01 03:02:38 PM,964.45,2,1928.9,65378265.09999997
2025-08-01 03:02:41 PM,964.05,17,16388.85,65394653.94999997
2025-08-01 03:02:45 PM,964.45,6,5786.700000000001,65400440.649999976
2025-08-01 03:02:51 PM,964.35,7,6750.45,65407191.09999998
2025-08-01 03:02:55 PM,964.0,0,0.0,65407191.09999998
2025-08-01 03:02:57 PM,964.35,6,5786.1,65412977.19999998
2025-08-01 03:03:01 PM,964.0,0,0.0,65412977.19999998
2025-08-01 03:03:03 PM,964.0,15,14460.0,65427437.19999998
2025-08-01 03:03:10 PM,964.0,7,6748.0,65434185.19999998
2025-08-01 03:03:12 PM,964.0,7,6748.0,65440933.19999998
2025-08-01 03:03:18 PM,964.0,28,26992.0,65467925.19999998
2025-08-01 03:03:22 PM,964.25,2,1928.5,65469853.69999998
2025-08-01 03:03:28 PM,964.25,6,5785.5,65475639.19999998
2025-08-01 03:03:34 PM,964.45,6,5786.700000000001,65481425.89999998
2025-08-01 03:03:36 PM,964.25,0,0.0,65481425.89999998
2025-08-01 03:03:36 PM,964.25,21,20249.25,65501675.14999998
2025-08-01 03:03:40 PM,964.3,7,6750.099999999999,65508425.249999985
2025-08-01 03:03:43 PM,963.8,25,24095.0,65532520.249999985
2025-08-01 03:03:46 PM,962.65,20,19253.0,65551773.249999985
2025-08-01 03:03:49 PM,963.65,0,0.0,65551773.249999985
2025-08-01 03:03:52 PM,963.7,6,5782.200000000001,65557555.44999999
2025-08-01 03:03:55 PM,963.7,1,963.7,65558519.14999999
2025-08-01 03:03:57 PM,963.7,8,7709.6,65566228.74999999
2025-08-01 03:04:01 PM,963.7,3,2891.1000000000004,65569119.849999994
2025-08-01 03:04:01 PM,963.95,0,0.0,65569119.849999994
2025-08-01 03:04:04 PM,963.95,7,6747.650000000001,65575867.49999999
2025-08-01 03:04:07 PM,963.95,5,4819.75,65580687.24999999
2025-08-01 03:04:08 PM,964.2,0,0.0,65580687.24999999
2025-08-01 03:04:10 PM,964.2,3,2892.6000000000004,65583579.849999994
2025-08-01 03:04:14 PM,964.2,2,1928.4,65585508.24999999
2025-08-01 03:04:14 PM,963.7,0,0.0,65585508.24999999
2025-08-01 03:04:17 PM,963.7,39,37584.3,65623092.54999999
2025-08-01 03:04:20 PM,963.65,4,3854.6,65626947.14999999
2025-08-01 03:04:21 PM,963.95,0,0.0,65626947.14999999
2025-08-01 03:04:22 PM,963.95,3,2891.8500000000004,65629838.99999999
2025-08-01 03:04:26 PM,963.6,6,5781.6,65635620.599999994
2025-08-01 03:04:32 PM,963.5,7,6744.5,65642365.099999994
2025-08-01 03:04:38 PM,962.75,6,5776.5,65648141.599999994
2025-08-01 03:04:40 PM,963.3,0,0.0,65648141.599999994
2025-08-01 03:04:41 PM,963.3,12,11559.599999999999,65659701.199999996
2025-08-01 03:04:44 PM,963.3,1,963.3,65660664.49999999
2025-08-01 03:04:46 PM,963.4,0,0.0,65660664.49999999
2025-08-01 03:04:47 PM,963.4,5,4817.0,65665481.49999999
2025-08-01 03:04:50 PM,963.4,4,3853.6,65669335.099999994
2025-08-01 03:04:53 PM,963.4,5,4817.0,65674152.099999994
2025-08-01 03:04:56 PM,963.4,3,2890.2,65677042.3
2025-08-01 03:04:59 PM,963.4,3,2890.2,65679932.5
2025-08-01 03:05:02 PM,963.4,2,1926.8,65681859.3
2025-08-01 03:05:03 PM,963.25,0,0.0,65681859.3
2025-08-01 03:05:06 PM,963.25,25,24081.25,65705940.55
2025-08-01 03:05:09 PM,963.4,3,2890.2,65708830.75
2025-08-01 03:05:10 PM,963.5,0,0.0,65708830.75
2025-08-01 03:05:12 PM,963.5,4,3854.0,65712684.75
2025-08-01 03:05:15 PM,963.5,7,6744.5,65719429.25
2025-08-01 03:05:22 PM,963.8,6,5782.799999999999,65725212.05
2025-08-01 03:05:28 PM,963.75,19,18311.25,65743523.3
2025-08-01 03:05:34 PM,963.8,0,0.0,65743523.3
2025-08-01 03:05:34 PM,963.8,6,5782.799999999999,65749306.099999994
2025-08-01 03:05:37 PM,963.9,0,0.0,65749306.099999994
2025-08-01 03:05:37 PM,963.9,7,6747.3,65756053.39999999
2025-08-01 03:05:43 PM,963.25,0,0.0,65756053.39999999
2025-08-01 03:05:44 PM,963.25,21,20228.25,65776281.64999999
2025-08-01 03:05:47 PM,963.05,5,4815.25,65781096.89999999
2025-08-01 03:05:50 PM,963.1,0,0.0,65781096.89999999
2025-08-01 03:05:50 PM,963.1,7,6741.7,65787838.599999994
2025-08-01 03:05:53 PM,962.2,1,962.2,65788800.8
2025-08-01 03:05:56 PM,962.75,7,6739.25,65795540.05
2025-08-01 03:06:02 PM,962.75,8,7702.0,65803242.05
2025-08-01 03:06:09 PM,962.75,7,6739.25,65809981.3
2025-08-01 03:06:12 PM,963.0,10,9630.0,65819611.3
2025-08-01 03:06:15 PM,963.0,6,5778.0,65825389.3
2025-08-01 03:06:21 PM,963.0,8,7704.0,65833093.3
2025-08-01 03:06:22 PM,963.15,0,0.0,65833093.3
2025-08-01 03:06:23 PM,963.15,4,3852.6,65836945.9
2025-08-01 03:06:27 PM,963.1,49,47191.9,65884137.8
2025-08-01 03:06:33 PM,962.85,17,16368.45,65900506.25
2025-08-01 03:06:38 PM,962.9,0,0.0,65900506.25
2025-08-01 03:06:39 PM,962.9,8,7703.2,65908209.45
2025-08-01 03:06:46 PM,962.9,6,5777.4,65913986.85
2025-08-01 03:06:52 PM,962.9,7,6740.3,65920727.15
2025-08-01 03:06:55 PM,963.05,5,4815.25,65925542.4
2025-08-01 03:06:58 PM,963.05,2,1926.1,65927468.5
2025-08-01 03:07:04 PM,963.05,8,7704.4,65935172.9
2025-08-01 03:07:07 PM,963.1,6,5778.6,65940951.5
2025-08-01 03:07:11 PM,962.9,13,12517.699999999999,65953469.2
2025-08-01 03:07:14 PM,962.9,8,7703.2,65961172.400000006
2025-08-01 03:07:17 PM,961.85,20,19237.0,65980409.400000006
2025-08-01 03:07:20 PM,962.6,6,5775.6,65986185.00000001
2025-08-01 03:07:26 PM,962.25,7,6735.75,65992920.75000001
2025-08-01 03:07:32 PM,962.25,7,6735.75,65999656.50000001
2025-08-01 03:07:38 PM,962.2,6,5773.200000000001,66005429.70000001
2025-08-01 03:07:44 PM,962.2,8,7697.6,66013127.30000001
2025-08-01 03:07:45 PM,962.5,0,0.0,66013127.30000001
2025-08-01 03:07:47 PM,962.5,1,962.5,66014089.80000001
2025-08-01 03:07:50 PM,962.5,7,6737.5,66020827.30000001
2025-08-01 03:07:54 PM,962.5,1,962.5,66021789.80000001
2025-08-01 03:07:56 PM,962.9,20,19258.0,66041047.80000001
2025-08-01 03:08:02 PM,962.6,5,4813.0,66045860.80000001
2025-08-01 03:08:06 PM,962.85,1,962.85,66046823.65000001
2025-08-01 03:08:08 PM,962.55,0,0.0,66046823.65000001
2025-08-01 03:08:09 PM,962.55,8,7700.4,66054524.05000001
2025-08-01 03:08:12 PM,962.45,3,2887.3500000000004,66057411.40000001
2025-08-01 03:08:13 PM,962.35,0,0.0,66057411.40000001
2025-08-01 03:08:15 PM,962.35,6,5774.1,66063185.500000015
2025-08-01 03:08:19 PM,962.0,3,2886.0,66066071.500000015
2025-08-01 03:08:20 PM,962.4,0,0.0,66066071.500000015
2025-08-01 03:08:21 PM,962.4,4,3849.6,66069921.10000002
2025-08-01 03:08:27 PM,962.35,0,0.0,66069921.10000002
2025-08-01 03:08:27 PM,962.35,17,16359.95,66086281.05000002
2025-08-01 03:08:29 PM,962.1,0,0.0,66086281.05000002
2025-08-01 03:08:31 PM,961.9,18,17314.2,66103595.25000002
2025-08-01 03:08:37 PM,961.75,1,961.75,66104557.00000002
2025-08-01 03:08:39 PM,961.75,6,5770.5,66110327.50000002
2025-08-01 03:08:46 PM,961.75,27,25967.25,66136294.75000002
2025-08-01 03:08:48 PM,961.5,0,0.0,66136294.75000002
2025-08-01 03:08:50 PM,961.75,10,9617.5,66145912.25000002
2025-08-01 03:08:52 PM,961.75,1,961.75,66146874.00000002
2025-08-01 03:08:56 PM,961.75,6,5770.5,66152644.50000002
2025-08-01 03:08:58 PM,961.75,58,55781.5,66208426.00000002
2025-08-01 03:09:03 PM,961.75,359,345268.25,66553694.25000002
2025-08-01 03:09:05 PM,961.65,0,0.0,66553694.25000002
2025-08-01 03:09:05 PM,961.65,67,64430.549999999996,66618124.80000002
2025-08-01 03:09:09 PM,961.55,6,5769.299999999999,66623894.10000002
2025-08-01 03:09:13 PM,961.7,0,0.0,66623894.10000002
2025-08-01 03:09:16 PM,961.7,226,217344.2,66841238.30000002
2025-08-01 03:09:21 PM,962.6,0,0.0,66841238.30000002
2025-08-01 03:09:22 PM,962.6,83,79895.8,66921134.10000002
2025-08-01 03:09:28 PM,962.05,123,118332.15,67039466.250000015
2025-08-01 03:09:28 PM,961.55,0,0.0,67039466.250000015
2025-08-01 03:09:30 PM,961.85,19,18275.15,67057741.40000001
2025-08-01 03:09:34 PM,961.85,11,10580.35,67068321.750000015
2025-08-01 03:09:37 PM,962.05,0,0.0,67068321.750000015
2025-08-01 03:09:41 PM,962.05,9,8658.449999999999,67076980.20000002
2025-08-01 03:09:44 PM,961.95,15,14429.25,67091409.45000002
2025-08-01 03:09:45 PM,961.85,0,0.0,67091409.45000002
2025-08-01 03:09:48 PM,962.05,88,84660.4,67176069.85000002
2025-08-01 03:09:50 PM,962.2,13,12508.6,67188578.45000002
2025-08-01 03:09:55 PM,962.0,16,15392.0,67203970.45000002
2025-08-01 03:09:57 PM,961.85,10,9618.5,67213588.95000002
2025-08-01 03:10:01 PM,961.75,0,0.0,67213588.95000002
2025-08-01 03:10:02 PM,961.75,1,961.75,67214550.70000002
2025-08-01 03:10:02 PM,961.8,0,0.0,67214550.70000002
2025-08-01 03:10:05 PM,961.75,13,12502.75,67227053.45000002
2025-08-01 03:10:09 PM,961.55,0,0.0,67227053.45000002
2025-08-01 03:10:09 PM,961.55,20,19231.0,67246284.45000002
2025-08-01 03:10:12 PM,961.6,2,1923.2,67248207.65000002
2025-08-01 03:10:17 PM,961.55,14,13461.699999999999,67261669.35000002
2025-08-01 03:10:21 PM,961.7,0,0.0,67261669.35000002
2025-08-01 03:10:23 PM,961.65,19,18271.35,67279940.70000002
2025-08-01 03:10:26 PM,961.7,6,5770.200000000001,67285710.90000002
2025-08-01 03:10:30 PM,961.8,8,7694.4,67293405.30000003
2025-08-01 03:10:36 PM,961.65,0,0.0,67293405.30000003
2025-08-01 03:10:37 PM,961.65,30,28849.5,67322254.80000003
2025-08-01 03:10:41 PM,961.55,0,0.0,67322254.80000003
2025-08-01 03:10:43 PM,961.55,110,105770.5,67428025.30000003
2025-08-01 03:10:45 PM,961.5,12,11538.0,67439563.30000003
2025-08-01 03:10:49 PM,961.45,0,0.0,67439563.30000003
2025-08-01 03:10:49 PM,961.45,13,12498.85,67452062.15000002
2025-08-01 03:10:56 PM,961.55,5,4807.75,67456869.90000002
2025-08-01 03:10:58 PM,961.55,1,961.55,67457831.45000002
2025-08-01 03:11:01 PM,961.45,0,0.0,67457831.45000002
2025-08-01 03:11:02 PM,961.45,110,105759.5,67563590.95000002
2025-08-01 03:11:07 PM,960.6,0,0.0,67563590.95000002
2025-08-01 03:11:09 PM,960.6,7,6724.2,67570315.15000002
2025-08-01 03:11:15 PM,961.0,41,39401.0,67609716.15000002
2025-08-01 03:11:22 PM,961.0,6,5766.0,67615482.15000002
2025-08-01 03:11:28 PM,961.0,8,7688.0,67623170.15000002
2025-08-01 03:11:30 PM,960.95,152,146064.4,67769234.55000003
2025-08-01 03:11:34 PM,961.0,19,18259.0,67787493.55000003
2025-08-01 03:11:36 PM,961.0,22,21142.0,67808635.55000003
2025-08-01 03:11:41 PM,961.0,17,16337.0,67824972.55000003
2025-08-01 03:11:43 PM,961.0,14,13454.0,67838426.55000003
2025-08-01 03:11:47 PM,961.0,26,24986.0,67863412.55000003
2025-08-01 03:11:54 PM,961.0,1,961.0,67864373.55000003
2025-08-01 03:11:56 PM,961.8,10,9618.0,67873991.55000003
2025-08-01 03:12:00 PM,961.5,12,11538.0,67885529.55000003
2025-08-01 03:12:02 PM,961.25,109,104776.25,67990305.80000003
2025-08-01 03:12:07 PM,961.35,96,92289.6,68082595.40000002
2025-08-01 03:12:13 PM,960.0,0,0.0,68082595.40000002
2025-08-01 03:12:13 PM,960.0,110,105600.0,68188195.40000002
2025-08-01 03:12:20 PM,961.05,19,18259.95,68206455.35000002
2025-08-01 03:12:22 PM,961.0,35,33635.0,68240090.35000002
2025-08-01 03:12:26 PM,960.95,8,7687.6,68247777.95000002
2025-08-01 03:12:32 PM,961.05,0,0.0,68247777.95000002
2025-08-01 03:12:32 PM,961.05,7,6727.349999999999,68254505.30000001
2025-08-01 03:12:35 PM,961.0,14,13454.0,68267959.30000001
2025-08-01 03:12:39 PM,961.05,7,6727.349999999999,68274686.65
2025-08-01 03:12:42 PM,960.95,3,2882.8500000000004,68277569.5
2025-08-01 03:12:45 PM,961.2,8,7689.6,68285259.1
2025-08-01 03:12:49 PM,961.6,0,0.0,68285259.1
2025-08-01 03:12:52 PM,959.85,123,118061.55,68403320.64999999
2025-08-01 03:12:55 PM,961.1,5,4805.5,68408126.14999999
2025-08-01 03:12:58 PM,961.1,3,2883.3,68411009.44999999
2025-08-01 03:13:01 PM,961.1,16,15377.6,68426387.04999998
2025-08-01 03:13:05 PM,960.55,1,960.55,68427347.59999998
2025-08-01 03:13:08 PM,960.85,7,6725.95,68434073.54999998
2025-08-01 03:13:12 PM,960.9,0,0.0,68434073.54999998
2025-08-01 03:13:12 PM,960.85,9,8647.65,68442721.19999999
2025-08-01 03:13:15 PM,960.85,2,1921.7,68444642.89999999
2025-08-01 03:13:20 PM,960.1,0,0.0,68444642.89999999
2025-08-01 03:13:21 PM,960.1,44,42244.4,68486887.3
2025-08-01 03:13:27 PM,960.85,8,7686.8,68494574.1
2025-08-01 03:13:30 PM,960.85,8,7686.8,68502260.89999999
2025-08-01 03:13:36 PM,960.85,8,7686.8,68509947.69999999
2025-08-01 03:13:42 PM,960.95,11,10570.45,68520518.14999999
2025-08-01 03:13:45 PM,961.05,5,4805.25,68525323.39999999
2025-08-01 03:13:48 PM,959.7,10,9597.0,68534920.39999999
2025-08-01 03:13:49 PM,960.95,0,0.0,68534920.39999999
2025-08-01 03:13:51 PM,960.95,13,12492.35,68547412.74999999
2025-08-01 03:13:57 PM,961.0,6,5766.0,68553178.74999999
2025-08-01 03:14:00 PM,961.2,35,33642.0,68586820.74999999
2025-08-01 03:14:02 PM,961.3,0,0.0,68586820.74999999
2025-08-01 03:14:03 PM,961.3,7,6729.099999999999,68593549.84999998
2025-08-01 03:14:09 PM,961.2,0,0.0,68593549.84999998
2025-08-01 03:14:10 PM,961.2,11,10573.2,68604123.04999998
2025-08-01 03:14:13 PM,961.2,2,1922.4,68606045.44999999
2025-08-01 03:14:16 PM,961.2,5,4806.0,68610851.44999999
2025-08-01 03:14:19 PM,961.2,7,6728.400000000001,68617579.85
2025-08-01 03:14:22 PM,961.2,30,28836.0,68646415.85
2025-08-01 03:14:28 PM,961.4,7,6729.8,68653145.64999999
2025-08-01 03:14:34 PM,961.9,25,24047.5,68677193.14999999
2025-08-01 03:14:36 PM,961.4,0,0.0,68677193.14999999
2025-08-01 03:14:37 PM,961.4,9,8652.6,68685845.74999999
2025-08-01 03:14:45 PM,961.2,0,0.0,68685845.74999999
2025-08-01 03:14:46 PM,961.2,8,7689.6,68693535.34999998
2025-08-01 03:14:52 PM,961.2,6,5767.200000000001,68699302.54999998
2025-08-01 03:14:58 PM,961.2,15,14418.0,68713720.54999998
2025-08-01 03:15:01 PM,961.2,8,7689.6,68721410.14999998
2025-08-01 03:15:03 PM,961.1,0,0.0,68721410.14999998
2025-08-01 03:15:05 PM,960.05,96,92164.79999999999,68813574.94999997
2025-08-01 03:15:13 PM,960.95,91,87446.45,68901021.39999998
2025-08-01 03:15:18 PM,959.0,0,0.0,68901021.39999998
2025-08-01 03:15:20 PM,959.0,1,959.0,68901980.39999998
2025-08-01 03:15:26 PM,959.85,0,0.0,68901980.39999998
2025-08-01 03:15:28 PM,959.85,1,959.85,68902940.24999997
2025-08-01 03:15:41 PM,959.25,0,0.0,68902940.24999997
2025-08-01 03:15:42 PM,959.25,10,9592.5,68912532.74999997
2025-08-01 03:15:50 PM,959.25,1,959.25,68913491.99999997
2025-08-01 03:15:56 PM,959.0,0,0.0,68913491.99999997
2025-08-01 03:15:57 PM,959.0,5,4795.0,68918286.99999997
2025-08-01 03:16:01 PM,957.65,0,0.0,68918286.99999997
2025-08-01 03:16:04 PM,958.55,28,26839.399999999998,68945126.39999998
2025-08-01 03:16:11 PM,958.55,25,23963.75,68969090.14999998
2025-08-01 03:16:22 PM,958.95,0,0.0,68969090.14999998
2025-08-01 03:16:25 PM,958.95,8,7671.6,68976761.74999997
2025-08-01 03:16:26 PM,957.05,150,143557.5,69120319.24999997
2025-08-01 03:16:32 PM,957.65,12,11491.8,69131811.04999997
2025-08-01 03:16:45 PM,958.35,9,8625.15,69140436.19999997
2025-08-01 03:16:46 PM,958.85,0,0.0,69140436.19999997
2025-08-01 03:16:47 PM,957.7,166,158978.2,69299414.39999998
2025-08-01 03:16:52 PM,958.65,314,301016.1,69600430.49999997
2025-08-01 03:17:00 PM,959.9,8,7679.2,69608109.69999997
2025-08-01 03:17:14 PM,959.7,1,959.7,69609069.39999998
2025-08-01 03:17:19 PM,959.45,117,112255.65000000001,69721325.04999998
2025-08-01 03:17:27 PM,959.85,20,19197.0,69740522.04999998
2025-08-01 03:17:35 PM,959.2,0,0.0,69740522.04999998
2025-08-01 03:17:39 PM,959.2,1,959.2,69741481.24999999
2025-08-01 03:17:40 PM,959.2,9,8632.800000000001,69750114.04999998
2025-08-01 03:17:50 PM,959.15,0,0.0,69750114.04999998
2025-08-01 03:17:51 PM,959.15,10,9591.5,69759705.54999998
2025-08-01 03:17:58 PM,959.1,1,959.1,69760664.64999998
2025-08-01 03:18:04 PM,959.1,50,47955.0,69808619.64999998
2025-08-01 03:18:06 PM,957.95,80,76636.0,69885255.64999998
2025-08-01 03:18:11 PM,959.0,85,81515.0,69966770.64999998
2025-08-01 03:18:12 PM,959.1,0,0.0,69966770.64999998
2025-08-01 03:18:13 PM,959.1,25,23977.5,69990748.14999998
2025-08-01 03:18:18 PM,959.1,13,12468.300000000001,70003216.44999997
2025-08-01 03:18:20 PM,959.15,9,8632.35,70011848.79999997
2025-08-01 03:18:29 PM,957.95,0,0.0,70011848.79999997
2025-08-01 03:18:31 PM,957.95,184,176262.80000000002,70188111.59999996
2025-08-01 03:18:39 PM,959.1,4,3836.4,70191947.99999997
2025-08-01 03:18:46 PM,957.95,6,5747.700000000001,70197695.69999997
2025-08-01 03:18:55 PM,957.85,0,0.0,70197695.69999997
2025-08-01 03:18:57 PM,957.85,64,61302.4,70258998.09999998
2025-08-01 03:19:01 PM,957.6,0,0.0,70258998.09999998
2025-08-01 03:19:03 PM,957.6,8,7660.8,70266658.89999998
2025-08-01 03:19:14 PM,957.5,0,0.0,70266658.89999998
2025-08-01 03:19:17 PM,957.5,1,957.5,70267616.39999998
2025-08-01 03:19:24 PM,957.5,2,1915.0,70269531.39999998
2025-08-01 03:19:30 PM,957.5,63,60322.5,70329853.89999998
2025-08-01 03:19:37 PM,957.95,38,36402.1,70366255.99999997
2025-08-01 03:19:40 PM,958.6,0,0.0,70366255.99999997
2025-08-01 03:19:43 PM,958.75,27,25886.25,70392142.24999997
2025-08-01 03:19:50 PM,959.05,0,0.0,70392142.24999997
2025-08-01 03:19:51 PM,959.05,3,2877.1499999999996,70395019.39999998
2025-08-01 03:20:03 PM,959.0,7,6713.0,70401732.39999998
2025-08-01 03:20:13 PM,958.75,1,958.75,70402691.14999998
2025-08-01 03:20:18 PM,958.75,41,39308.75,70441999.89999998
2025-08-01 03:20:20 PM,958.9,8,7671.2,70449671.09999998
2025-08-01 03:20:28 PM,958.75,1,958.75,70450629.84999998
2025-08-01 03:20:32 PM,958.2,0,0.0,70450629.84999998
2025-08-01 03:20:32 PM,958.2,70,67074.0,70517703.84999998
2025-08-01 03:20:34 PM,958.45,0,0.0,70517703.84999998
2025-08-01 03:20:35 PM,958.45,5,4792.25,70522496.09999998
2025-08-01 03:20:41 PM,957.15,9,8614.35,70531110.44999997
2025-08-01 03:20:46 PM,957.15,10,9571.5,70540681.94999997
2025-08-01 03:20:48 PM,957.85,0,0.0,70540681.94999997
2025-08-01 03:20:48 PM,957.85,17,16283.45,70556965.39999998
2025-08-01 03:20:52 PM,957.95,17,16285.150000000001,70573250.54999998
2025-08-01 03:21:01 PM,958.2,8,7665.6,70580916.14999998
2025-08-01 03:21:03 PM,957.8,0,0.0,70580916.14999998
2025-08-01 03:21:06 PM,957.8,30,28734.0,70609650.14999998
2025-08-01 03:21:09 PM,958.25,11,10540.75,70620190.89999998
2025-08-01 03:21:16 PM,958.15,1,958.15,70621149.04999998
2025-08-01 03:21:20 PM,957.1,10,9571.0,70630720.04999998
2025-08-01 03:21:25 PM,957.0,0,0.0,70630720.04999998
2025-08-01 03:21:27 PM,957.0,693,663201.0,71293921.04999998
2025-08-01 03:21:41 PM,958.1,10,9581.0,71303502.04999998
2025-08-01 03:21:41 PM,957.0,0,0.0,71303502.04999998
2025-08-01 03:21:43 PM,957.0,10,9570.0,71313072.04999998
2025-08-01 03:21:59 PM,957.45,0,0.0,71313072.04999998
2025-08-01 03:22:01 PM,957.45,3,2872.3500000000004,71315944.39999998
2025-08-01 03:22:02 PM,957.85,0,0.0,71315944.39999998
2025-08-01 03:22:02 PM,957.85,9,8620.65,71324565.04999998
2025-08-01 03:22:09 PM,957.8,3,2873.3999999999996,71327438.44999999
2025-08-01 03:22:14 PM,958.4,92,88172.8,71415611.24999999
2025-08-01 03:22:20 PM,958.65,0,0.0,71415611.24999999
2025-08-01 03:22:21 PM,958.65,8,7669.2,71423280.44999999
2025-08-01 03:22:41 PM,957.0,290,277530.0,71700810.44999999
2025-08-01 03:22:48 PM,957.25,0,0.0,71700810.44999999
2025-08-01 03:22:48 PM,957.25,20,19145.0,71719955.44999999
2025-08-01 03:23:01 PM,957.8,8,7662.4,71727617.85
2025-08-01 03:23:08 PM,957.8,1,957.8,71728575.64999999
2025-08-01 03:23:14 PM,957.65,38,36390.7,71764966.35
2025-08-01 03:23:21 PM,957.75,1,957.75,71765924.1
2025-08-01 03:23:27 PM,957.0,0,0.0,71765924.1
2025-08-01 03:23:28 PM,957.0,374,357918.0,72123842.1
2025-08-01 03:23:36 PM,957.7,0,0.0,72123842.1
2025-08-01 03:23:36 PM,957.7,1,957.7,72124799.8
2025-08-01 03:23:41 PM,957.65,9,8618.85,72133418.64999999
2025-08-01 03:24:00 PM,957.4,5,4787.0,72138205.64999999
2025-08-01 03:24:05 PM,957.45,0,0.0,72138205.64999999
2025-08-01 03:24:07 PM,957.35,0,0.0,72138205.64999999
2025-08-01 03:24:07 PM,957.35,40,38294.0,72176499.64999999
2025-08-01 03:24:15 PM,957.4,5,4787.0,72181286.64999999
2025-08-01 03:24:21 PM,957.4,21,20105.399999999998,72201392.05
2025-08-01 03:24:34 PM,957.45,6,5744.700000000001,72207136.75
2025-08-01 03:24:41 PM,957.45,3,2872.3500000000004,72210009.1
2025-08-01 03:24:55 PM,957.35,116,111052.6,72321061.69999999
2025-08-01 03:24:56 PM,957.05,10,9570.5,72330632.19999999
2025-08-01 03:25:01 PM,957.45,25,23936.25,72354568.44999999
2025-08-01 03:25:08 PM,957.55,16,15320.8,72369889.24999999
2025-08-01 03:25:14 PM,957.6,35,33516.0,72403405.24999999
2025-08-01 03:25:15 PM,958.3,0,0.0,72403405.24999999
2025-08-01 03:25:15 PM,957.6,36,34473.6,72437878.84999998
2025-08-01 03:25:21 PM,958.05,21,20119.05,72457997.89999998
2025-08-01 03:25:25 PM,957.0,0,0.0,72457997.89999998
2025-08-01 03:25:28 PM,957.0,359,343563.0,72801560.89999998
2025-08-01 03:25:34 PM,957.0,132,126324.0,72927884.89999998
2025-08-01 03:25:40 PM,957.5,9,8617.5,72936502.39999998
2025-08-01 03:25:45 PM,957.0,0,0.0,72936502.39999998
2025-08-01 03:25:47 PM,957.0,3,2871.0,72939373.39999998
2025-08-01 03:26:20 PM,957.5,8,7660.0,72947033.39999998
2025-08-01 03:26:21 PM,957.0,652,623964.0,73570997.39999998
2025-08-01 03:26:25 PM,957.05,0,0.0,73570997.39999998
2025-08-01 03:26:27 PM,957.05,9,8613.449999999999,73579610.84999998
2025-08-01 03:26:33 PM,957.05,2,1914.1,73581524.94999997
2025-08-01 03:26:38 PM,957.1,0,0.0,73581524.94999997
2025-08-01 03:26:40 PM,957.1,1,957.1,73582482.04999997
2025-08-01 03:26:46 PM,957.05,45,43067.25,73625549.29999997
2025-08-01 03:26:55 PM,957.1,1,957.1,73626506.39999996
2025-08-01 03:26:59 PM,957.05,0,0.0,73626506.39999996
2025-08-01 03:27:00 PM,957.05,194,185667.69999999998,73812174.09999996
2025-08-01 03:27:06 PM,957.05,11,10527.55,73822701.64999996
2025-08-01 03:27:13 PM,957.05,3,2871.1499999999996,73825572.79999997
2025-08-01 03:27:20 PM,957.05,9,8613.449999999999,73834186.24999997
2025-08-01 03:27:27 PM,957.05,6,5742.299999999999,73839928.54999997
2025-08-01 03:27:35 PM,957.05,9,8613.449999999999,73848541.99999997
2025-08-01 03:27:41 PM,957.0,0,0.0,73848541.99999997
2025-08-01 03:27:42 PM,957.0,1206,1154142.0,75002683.99999997
2025-08-01 03:27:49 PM,957.0,100,95700.0,75098383.99999997
2025-08-01 03:27:51 PM,957.1,1,957.1,75099341.09999996
2025-08-01 03:27:56 PM,957.05,20,19141.0,75118482.09999996
2025-08-01 03:27:57 PM,957.1,0,0.0,75118482.09999996
2025-08-01 03:27:57 PM,957.1,30,28713.0,75147195.09999996
2025-08-01 03:28:01 PM,959.0,0,0.0,75147195.09999996
2025-08-01 03:28:02 PM,959.0,595,570605.0,75717800.09999996
2025-08-01 03:28:04 PM,959.0,30,28770.0,75746570.09999996
2025-08-01 03:28:07 PM,958.4,0,0.0,75746570.09999996
2025-08-01 03:28:09 PM,958.4,45,43128.0,75789698.09999996
2025-08-01 03:28:16 PM,957.05,15,14355.75,75804053.84999996
2025-08-01 03:28:37 PM,957.1,0,0.0,75804053.84999996
2025-08-01 03:28:37 PM,957.1,58,55511.8,75859565.64999996
2025-08-01 03:28:58 PM,957.1,14,13399.4,75872965.04999997
2025-08-01 03:29:04 PM,958.85,0,0.0,75872965.04999997
2025-08-01 03:29:05 PM,958.85,37,35477.450000000004,75908442.49999997
2025-08-01 03:29:11 PM,957.1,0,0.0,75908442.49999997
2025-08-01 03:29:13 PM,958.45,210,201274.5,76109716.99999997
2025-08-01 03:29:18 PM,958.5,0,0.0,76109716.99999997
2025-08-01 03:29:21 PM,958.5,100,95850.0,76205566.99999997
2025-08-01 03:29:35 PM,958.7,0,0.0,76205566.99999997
2025-08-01 03:29:36 PM,958.7,33,31637.100000000002,76237204.09999996
2025-08-01 03:29:53 PM,958.6,30,28758.0,76265962.09999996
2025-08-01 03:29:58 PM,958.7,2,1917.4,76267879.49999997
