date,price,qty,trnvr,cum_trnvr
2025-08-01 09:15:01 AM,840.5,59,49589.5,49589.5
2025-08-01 09:15:11 AM,841.9,0,0.0,49589.5
2025-08-01 09:15:13 AM,841.9,12,10102.8,59692.3
2025-08-01 09:15:20 AM,842.05,0,0.0,59692.3
2025-08-01 09:15:22 AM,843.65,0,0.0,59692.3
2025-08-01 09:15:25 AM,843.65,143,120641.95,180334.25
2025-08-01 09:15:35 AM,843.05,0,0.0,180334.25
2025-08-01 09:15:42 AM,843.05,6,5058.299999999999,185392.55
2025-08-01 09:15:44 AM,843.95,0,0.0,185392.55
2025-08-01 09:15:49 AM,843.95,127,107181.65000000001,292574.2
2025-08-01 09:15:51 AM,841.55,129,108559.95,401134.15
2025-08-01 09:15:53 AM,843.6,0,0.0,401134.15
2025-08-01 09:15:57 AM,843.6,6,5061.6,406195.75
2025-08-01 09:16:02 AM,837.3,0,0.0,406195.75
2025-08-01 09:16:05 AM,838.55,204,171064.19999999998,577259.95
2025-08-01 09:16:10 AM,835.3,0,0.0,577259.95
2025-08-01 09:16:13 AM,836.15,20,16723.0,593982.95
2025-08-01 09:16:19 AM,835.3,0,0.0,593982.95
2025-08-01 09:16:22 AM,836.15,103,86123.45,680106.3999999999
2025-08-01 09:16:27 AM,836.25,0,0.0,680106.3999999999
2025-08-01 09:16:30 AM,836.25,1,836.25,680942.6499999999
2025-08-01 09:16:36 AM,837.75,0,0.0,680942.6499999999
2025-08-01 09:16:38 AM,836.1,457,382097.7,1063040.3499999999
2025-08-01 09:16:46 AM,837.55,0,0.0,1063040.3499999999
2025-08-01 09:16:46 AM,837.55,21,17588.55,1080628.9
2025-08-01 09:17:03 AM,837.55,67,56115.85,1136744.75
2025-08-01 09:17:07 AM,838.4,0,0.0,1136744.75
2025-08-01 09:17:11 AM,838.45,61,51145.450000000004,1187890.2
2025-08-01 09:17:29 AM,838.5,12,10062.0,1197952.2
2025-08-01 09:17:31 AM,839.5,0,0.0,1197952.2
2025-08-01 09:17:36 AM,839.5,55,46172.5,1244124.7
2025-08-01 09:17:41 AM,838.95,0,0.0,1244124.7
2025-08-01 09:17:44 AM,839.0,82,68798.0,1312922.7
2025-08-01 09:17:57 AM,838.8,0,0.0,1312922.7
2025-08-01 09:18:01 AM,838.45,44,36891.8,1349814.5
2025-08-01 09:18:02 AM,839.8,23,19315.399999999998,1369129.9
2025-08-01 09:18:05 AM,840.05,0,0.0,1369129.9
2025-08-01 09:18:10 AM,840.05,11,9240.55,1378370.45
2025-08-01 09:18:13 AM,840.45,0,0.0,1378370.45
2025-08-01 09:18:18 AM,840.45,10,8404.5,1386774.95
2025-08-01 09:18:21 AM,842.05,0,0.0,1386774.95
2025-08-01 09:18:26 AM,842.05,209,175988.44999999998,1562763.4
2025-08-01 09:18:42 AM,841.85,8,6734.8,1569498.2
2025-08-01 09:18:45 AM,841.8,0,0.0,1569498.2
2025-08-01 09:18:50 AM,841.8,143,120377.4,1689875.5999999999
2025-08-01 09:19:03 AM,840.65,0,0.0,1689875.5999999999
2025-08-01 09:19:06 AM,841.2,57,47948.4,1737823.9999999998
2025-08-01 09:19:15 AM,842.95,150,126442.5,1864266.4999999998
2025-08-01 09:19:30 AM,842.9,0,0.0,1864266.4999999998
2025-08-01 09:19:31 AM,842.9,10,8429.0,1872695.4999999998
2025-08-01 09:19:34 AM,838.3,0,0.0,1872695.4999999998
2025-08-01 09:19:39 AM,839.4,1152,966988.7999999999,2839684.3
2025-08-01 09:19:46 AM,841.6,0,0.0,2839684.3
2025-08-01 09:19:47 AM,841.6,1045,879472.0,3719156.3
2025-08-01 09:19:55 AM,840.65,135,113487.75,3832644.05
2025-08-01 09:20:16 AM,840.35,0,0.0,3832644.05
2025-08-01 09:20:19 AM,840.35,20,16807.0,3849451.05
2025-08-01 09:20:36 AM,840.3,15,12604.5,3862055.55
2025-08-01 09:20:48 AM,839.4,0,0.0,3862055.55
2025-08-01 09:20:50 AM,840.15,21,17643.149999999998,3879698.6999999997
2025-08-01 09:20:51 AM,840.25,20,16805.0,3896503.6999999997
2025-08-01 09:20:58 AM,839.05,200,167810.0,4064313.6999999997
2025-08-01 09:21:07 AM,840.2,20,16804.0,4081117.6999999997
2025-08-01 09:21:21 AM,840.0,49,41160.0,4122277.6999999997
2025-08-01 09:21:32 AM,840.95,0,0.0,4122277.6999999997
2025-08-01 09:21:37 AM,840.95,7,5886.650000000001,4128164.3499999996
2025-08-01 09:21:39 AM,841.75,0,0.0,4128164.3499999996
2025-08-01 09:21:42 AM,841.45,0,0.0,4128164.3499999996
2025-08-01 09:21:44 AM,842.45,81,68238.45,4196402.8
2025-08-01 09:21:48 AM,842.65,0,0.0,4196402.8
2025-08-01 09:21:51 AM,842.6,0,0.0,4196402.8
2025-08-01 09:21:52 AM,842.6,11,9268.6,4205671.399999999
2025-08-01 09:21:55 AM,842.45,0,0.0,4205671.399999999
2025-08-01 09:21:58 AM,842.95,0,0.0,4205671.399999999
2025-08-01 09:21:59 AM,842.95,702,591750.9,4797422.3
2025-08-01 09:22:09 AM,842.8,0,0.0,4797422.3
2025-08-01 09:22:15 AM,842.45,101,85087.45000000001,4882509.75
2025-08-01 09:22:16 AM,842.05,0,0.0,4882509.75
2025-08-01 09:22:22 AM,842.05,7,5894.349999999999,4888404.1
2025-08-01 09:22:30 AM,842.45,103,86772.35,4975176.449999999
2025-08-01 09:22:31 AM,844.05,0,0.0,4975176.449999999
2025-08-01 09:22:32 AM,844.05,179,151084.94999999998,5126261.399999999
2025-08-01 09:22:55 AM,843.8,15,12657.0,5138918.399999999
2025-08-01 09:22:57 AM,843.85,0,0.0,5138918.399999999
2025-08-01 09:23:00 AM,844.0,107,90308.0,5229226.399999999
2025-08-01 09:23:06 AM,843.85,0,0.0,5229226.399999999
2025-08-01 09:23:08 AM,843.85,10,8438.5,5237664.899999999
2025-08-01 09:23:10 AM,844.0,100,84400.0,5322064.899999999
2025-08-01 09:23:16 AM,844.0,100,84400.0,5406464.899999999
2025-08-01 09:23:38 AM,843.85,0,0.0,5406464.899999999
2025-08-01 09:23:39 AM,843.85,217,183115.45,5589580.35
2025-08-01 09:23:57 AM,844.5,0,0.0,5589580.35
2025-08-01 09:24:02 AM,844.5,3,2533.5,5592113.85
2025-08-01 09:24:11 AM,843.85,20,16877.0,5608990.85
2025-08-01 09:24:17 AM,843.45,100,84345.0,5693335.85
2025-08-01 09:24:40 AM,844.6,39,32939.4,5726275.25
2025-08-01 09:25:33 AM,844.0,0,0.0,5726275.25
2025-08-01 09:25:34 AM,844.0,50,42200.0,5768475.25
2025-08-01 09:25:39 AM,844.0,70,59080.0,5827555.25
2025-08-01 09:25:49 AM,844.7,51,43079.700000000004,5870634.95
2025-08-01 09:25:50 AM,843.8,0,0.0,5870634.95
2025-08-01 09:25:55 AM,843.8,200,168760.0,6039394.95
2025-08-01 09:26:04 AM,844.5,50,42225.0,6081619.95
2025-08-01 09:26:12 AM,844.5,100,84450.0,6166069.95
2025-08-01 09:26:34 AM,845.0,0,0.0,6166069.95
2025-08-01 09:26:35 AM,845.0,76,64220.0,6230289.95
2025-08-01 09:26:37 AM,845.05,0,0.0,6230289.95
2025-08-01 09:26:41 AM,845.05,12,10140.599999999999,6240430.55
2025-08-01 09:26:48 AM,845.5,2,1691.0,6242121.55
2025-08-01 09:27:04 AM,846.0,6,5076.0,6247197.55
2025-08-01 09:27:18 AM,846.0,9,7614.0,6254811.55
2025-08-01 09:27:19 AM,846.0,50,42300.0,6297111.55
2025-08-01 09:27:27 AM,846.0,100,84600.0,6381711.55
2025-08-01 09:27:31 AM,846.55,0,0.0,6381711.55
2025-08-01 09:27:33 AM,846.55,2,1693.1,6383404.649999999
2025-08-01 09:27:36 AM,846.8,0,0.0,6383404.649999999
2025-08-01 09:27:40 AM,846.8,25,21170.0,6404574.649999999
2025-08-01 09:27:47 AM,847.15,0,0.0,6404574.649999999
2025-08-01 09:27:48 AM,847.15,10,8471.5,6413046.149999999
2025-08-01 09:28:08 AM,845.9,0,0.0,6413046.149999999
2025-08-01 09:28:12 AM,845.9,23,19455.7,6432501.85
2025-08-01 09:28:32 AM,845.85,0,0.0,6432501.85
2025-08-01 09:28:34 AM,845.85,10,8458.5,6440960.35
2025-08-01 09:28:53 AM,845.8,0,0.0,6440960.35
2025-08-01 09:28:57 AM,845.05,13,10985.65,6451946.0
2025-08-01 09:29:04 AM,844.75,33,27876.75,6479822.75
2025-08-01 09:29:23 AM,845.45,0,0.0,6479822.75
2025-08-01 09:29:27 AM,845.45,12,10145.400000000001,6489968.15
2025-08-01 09:29:31 AM,846.25,0,0.0,6489968.15
2025-08-01 09:29:35 AM,846.25,12,10155.0,6500123.15
2025-08-01 09:29:42 AM,846.25,1,846.25,6500969.4
2025-08-01 09:30:10 AM,845.5,0,0.0,6500969.4
2025-08-01 09:30:13 AM,845.85,347,293509.95,6794479.350000001
2025-08-01 09:30:13 AM,846.15,57,48230.549999999996,6842709.9
2025-08-01 09:30:17 AM,847.0,0,0.0,6842709.9
2025-08-01 09:30:18 AM,847.15,0,0.0,6842709.9
2025-08-01 09:30:20 AM,847.15,1236,1047077.4,7889787.300000001
2025-08-01 09:30:27 AM,847.4,104,88129.59999999999,7977916.9
2025-08-01 09:30:31 AM,848.4,0,0.0,7977916.9
2025-08-01 09:30:35 AM,848.35,201,170518.35,8148435.25
2025-08-01 09:30:38 AM,848.4,0,0.0,8148435.25
2025-08-01 09:30:42 AM,847.7,75,63577.5,8212012.75
2025-08-01 09:30:50 AM,848.5,65,55152.5,8267165.25
2025-08-01 09:31:09 AM,848.7,0,0.0,8267165.25
2025-08-01 09:31:12 AM,848.6,114,96740.40000000001,8363905.65
2025-08-01 09:31:19 AM,848.6,1,848.6,8364754.25
2025-08-01 09:31:26 AM,847.0,562,476014.0,8840768.25
2025-08-01 09:31:27 AM,845.55,0,0.0,8840768.25
2025-08-01 09:31:31 AM,846.7,0,0.0,8840768.25
2025-08-01 09:31:34 AM,846.7,250,211675.0,9052443.25
2025-08-01 09:31:37 AM,846.9,0,0.0,9052443.25
2025-08-01 09:31:39 AM,846.7,0,0.0,9052443.25
2025-08-01 09:31:41 AM,846.7,45,38101.5,9090544.75
2025-08-01 09:31:54 AM,847.25,0,0.0,9090544.75
2025-08-01 09:31:54 AM,847.25,69,58460.25,9149005.0
2025-08-01 09:32:05 AM,847.1,0,0.0,9149005.0
2025-08-01 09:32:08 AM,847.25,29,24570.25,9173575.25
2025-08-01 09:32:15 AM,847.4,1,847.4,9174422.65
2025-08-01 09:32:23 AM,847.5,0,0.0,9174422.65
2025-08-01 09:32:23 AM,847.5,5,4237.5,9178660.15
2025-08-01 09:32:36 AM,847.5,14,11865.0,9190525.15
2025-08-01 09:32:43 AM,847.15,2,1694.3,9192219.450000001
2025-08-01 09:32:59 AM,847.0,0,0.0,9192219.450000001
2025-08-01 09:33:04 AM,847.0,3,2541.0,9194760.450000001
2025-08-01 09:33:32 AM,847.0,187,158389.0,9353149.450000001
2025-08-01 09:33:35 AM,847.2,0,0.0,9353149.450000001
2025-08-01 09:33:39 AM,847.2,1,847.2,9353996.65
2025-08-01 09:33:51 AM,848.15,0,0.0,9353996.65
2025-08-01 09:33:53 AM,848.15,100,84815.0,9438811.65
2025-08-01 09:33:56 AM,848.4,0,0.0,9438811.65
2025-08-01 09:34:00 AM,848.4,2,1696.8,9440508.450000001
2025-08-01 09:34:00 AM,848.25,0,0.0,9440508.450000001
2025-08-01 09:34:05 AM,848.0,0,0.0,9440508.450000001
2025-08-01 09:34:07 AM,848.05,0,0.0,9440508.450000001
2025-08-01 09:34:07 AM,848.05,375,318018.75,9758527.200000001
2025-08-01 09:34:14 AM,847.55,35,29664.25,9788191.450000001
2025-08-01 09:34:35 AM,848.35,2,1696.7,9789888.15
2025-08-01 09:34:48 AM,848.2,50,42410.0,9832298.15
2025-08-01 09:34:53 AM,847.45,0,0.0,9832298.15
2025-08-01 09:34:55 AM,847.45,51,43219.950000000004,9875518.1
2025-08-01 09:35:09 AM,847.05,18,15246.9,9890765.0
2025-08-01 09:35:37 AM,846.3,24,20311.199999999997,9911076.2
2025-08-01 09:35:44 AM,845.15,100,84515.0,9995591.2
2025-08-01 09:35:55 AM,845.35,0,0.0,9995591.2
2025-08-01 09:35:57 AM,845.35,5,4226.75,9999817.95
2025-08-01 09:36:00 AM,844.9,0,0.0,9999817.95
2025-08-01 09:36:04 AM,844.9,100,84490.0,10084307.95
2025-08-01 09:36:11 AM,845.0,100,84500.0,10168807.95
2025-08-01 09:36:31 AM,846.45,30,25393.5,10194201.45
2025-08-01 09:36:36 AM,845.9,0,0.0,10194201.45
2025-08-01 09:36:37 AM,845.9,7,5921.3,10200122.75
2025-08-01 09:36:37 AM,845.6,10,8456.0,10208578.75
2025-08-01 09:36:48 AM,846.0,0,0.0,10208578.75
2025-08-01 09:36:50 AM,846.0,50,42300.0,10250878.75
2025-08-01 09:37:19 AM,845.8,0,0.0,10250878.75
2025-08-01 09:37:25 AM,845.8,30,25374.0,10276252.75
2025-08-01 09:37:46 AM,844.65,0,0.0,10276252.75
2025-08-01 09:37:52 AM,844.65,1,844.65,10277097.4
2025-08-01 09:38:25 AM,844.05,0,0.0,10277097.4
2025-08-01 09:38:26 AM,844.05,1,844.05,10277941.450000001
2025-08-01 09:38:30 AM,843.8,0,0.0,10277941.450000001
2025-08-01 09:38:32 AM,843.8,18,15188.4,10293129.850000001
2025-08-01 09:40:38 AM,841.8,47,39564.6,10332694.450000001
2025-08-01 09:40:41 AM,842.3,0,0.0,10332694.450000001
2025-08-01 09:40:45 AM,842.3,4,3369.2,10336063.65
2025-08-01 09:40:51 AM,842.65,2,1685.3,10337748.950000001
2025-08-01 09:41:03 AM,842.35,0,0.0,10337748.950000001
2025-08-01 09:41:04 AM,842.35,22,18531.7,10356280.65
2025-08-01 09:41:12 AM,843.85,100,84385.0,10440665.65
2025-08-01 09:41:31 AM,842.9,15,12643.5,10453309.15
2025-08-01 09:41:44 AM,843.75,41,34593.75,10487902.9
2025-08-01 09:42:35 AM,843.35,0,0.0,10487902.9
2025-08-01 09:42:36 AM,843.35,20,16867.0,10504769.9
2025-08-01 09:43:19 AM,843.2,0,0.0,10504769.9
2025-08-01 09:43:22 AM,843.2,1,843.2,10505613.1
2025-08-01 09:43:35 AM,843.2,51,43003.200000000004,10548616.299999999
2025-08-01 09:43:50 AM,843.2,25,21080.0,10569696.299999999
2025-08-01 09:44:09 AM,843.2,20,16864.0,10586560.299999999
2025-08-01 09:44:11 AM,843.75,0,0.0,10586560.299999999
2025-08-01 09:44:15 AM,843.75,8,6750.0,10593310.299999999
2025-08-01 09:44:35 AM,842.6,104,87630.40000000001,10680940.7
2025-08-01 09:44:45 AM,842.1,0,0.0,10680940.7
2025-08-01 09:44:47 AM,842.1,18,15157.800000000001,10696098.5
2025-08-01 09:45:27 AM,841.9,5,4209.5,10700308.0
2025-08-01 09:45:47 AM,842.0,0,0.0,10700308.0
2025-08-01 09:45:48 AM,842.0,1,842.0,10701150.0
2025-08-01 09:46:25 AM,842.0,11,9262.0,10710412.0
2025-08-01 09:46:31 AM,842.0,30,25260.0,10735672.0
2025-08-01 09:47:34 AM,842.0,5,4210.0,10739882.0
2025-08-01 09:47:34 AM,841.9,0,0.0,10739882.0
2025-08-01 09:47:36 AM,841.9,78,65668.2,10805550.2
2025-08-01 09:47:39 AM,841.85,0,0.0,10805550.2
2025-08-01 09:47:41 AM,841.85,3,2525.55,10808075.75
2025-08-01 09:48:46 AM,843.0,500,421500.0,11229575.75
2025-08-01 09:49:03 AM,842.65,0,0.0,11229575.75
2025-08-01 09:49:05 AM,842.65,1,842.65,11230418.4
2025-08-01 09:49:28 AM,841.85,0,0.0,11230418.4
2025-08-01 09:49:29 AM,841.85,10,8418.5,11238836.9
2025-08-01 09:50:27 AM,841.65,50,42082.5,11280919.4
2025-08-01 09:50:29 AM,843.1,0,0.0,11280919.4
2025-08-01 09:50:30 AM,843.1,500,421550.0,11702469.4
2025-08-01 09:50:44 AM,844.7,0,0.0,11702469.4
2025-08-01 09:50:46 AM,844.7,167,141064.9,11843534.3
2025-08-01 09:50:59 AM,843.9,0,0.0,11843534.3
2025-08-01 09:51:00 AM,843.9,5,4219.5,11847753.8
2025-08-01 09:51:09 AM,844.85,0,0.0,11847753.8
2025-08-01 09:51:11 AM,844.85,1,844.85,11848598.65
2025-08-01 09:51:32 AM,843.5,0,0.0,11848598.65
2025-08-01 09:51:36 AM,843.55,63,53143.649999999994,11901742.3
2025-08-01 09:51:48 AM,843.0,0,0.0,11901742.3
2025-08-01 09:51:49 AM,843.0,1,843.0,11902585.3
2025-08-01 09:53:17 AM,842.55,0,0.0,11902585.3
2025-08-01 09:53:20 AM,842.55,11,9268.05,11911853.350000001
2025-08-01 09:53:32 AM,842.55,17,14323.349999999999,11926176.700000001
2025-08-01 09:53:39 AM,842.5,0,0.0,11926176.700000001
2025-08-01 09:53:41 AM,842.5,2,1685.0,11927861.700000001
2025-08-01 09:54:09 AM,842.05,0,0.0,11927861.700000001
2025-08-01 09:54:10 AM,842.05,12,10104.599999999999,11937966.3
2025-08-01 09:54:27 AM,842.45,0,0.0,11937966.3
2025-08-01 09:54:29 AM,842.45,1,842.45,11938808.75
2025-08-01 09:55:22 AM,841.85,0,0.0,11938808.75
2025-08-01 09:55:22 AM,841.85,10,8418.5,11947227.25
2025-08-01 09:55:27 AM,841.7,0,0.0,11947227.25
2025-08-01 09:55:28 AM,841.7,5,4208.5,11951435.75
2025-08-01 09:56:45 AM,841.3,0,0.0,11951435.75
2025-08-01 09:56:46 AM,841.3,51,42906.299999999996,11994342.05
2025-08-01 09:56:47 AM,841.1,2,1682.2,11996024.25
2025-08-01 09:57:00 AM,841.2,50,42060.0,12038084.25
2025-08-01 09:58:38 AM,841.1,0,0.0,12038084.25
2025-08-01 09:58:40 AM,841.1,5,4205.5,12042289.75
2025-08-01 10:00:20 AM,839.65,150,125947.5,12168237.25
2025-08-01 10:00:32 AM,840.55,46,38665.299999999996,12206902.55
2025-08-01 10:00:57 AM,839.85,0,0.0,12206902.55
2025-08-01 10:00:57 AM,839.85,1,839.85,12207742.4
2025-08-01 10:01:10 AM,841.35,134,112740.90000000001,12320483.3
2025-08-01 10:01:22 AM,841.35,1,841.35,12321324.65
2025-08-01 10:01:38 AM,841.9,0,0.0,12321324.65
2025-08-01 10:01:38 AM,841.9,1,841.9,12322166.55
2025-08-01 10:02:03 AM,841.55,0,0.0,12322166.55
2025-08-01 10:02:03 AM,841.55,62,52176.1,12374342.65
2025-08-01 10:02:24 AM,841.65,2,1683.3,12376025.950000001
2025-08-01 10:02:43 AM,842.4,19,16005.6,12392031.55
2025-08-01 10:03:08 AM,842.0,7,5894.0,12397925.55
2025-08-01 10:03:39 AM,842.0,24,20208.0,12418133.55
2025-08-01 10:04:49 AM,842.0,2,1684.0,12419817.55
2025-08-01 10:05:06 AM,842.2,19,16001.800000000001,12435819.350000001
2025-08-01 10:05:08 AM,842.55,2,1685.1,12437504.450000001
2025-08-01 10:05:12 AM,842.05,0,0.0,12437504.450000001
2025-08-01 10:05:12 AM,842.05,50,42102.5,12479606.950000001
2025-08-01 10:05:15 AM,842.55,0,0.0,12479606.950000001
2025-08-01 10:05:18 AM,842.55,3,2527.6499999999996,12482134.600000001
2025-08-01 10:05:23 AM,841.25,0,0.0,12482134.600000001
2025-08-01 10:05:24 AM,841.25,811,682253.75,13164388.350000001
2025-08-01 10:06:54 AM,841.25,50,42062.5,13206450.850000001
2025-08-01 10:07:01 AM,841.25,12,10095.0,13216545.850000001
2025-08-01 10:07:33 AM,841.5,5,4207.5,13220753.350000001
2025-08-01 10:07:56 AM,841.5,1,841.5,13221594.850000001
2025-08-01 10:08:04 AM,841.9,0,0.0,13221594.850000001
2025-08-01 10:08:04 AM,841.9,10,8419.0,13230013.850000001
2025-08-01 10:08:15 AM,841.05,20,16821.0,13246834.850000001
2025-08-01 10:08:18 AM,842.9,0,0.0,13246834.850000001
2025-08-01 10:08:21 AM,842.9,500,421450.0,13668284.850000001
2025-08-01 10:08:24 AM,841.35,0,0.0,13668284.850000001
2025-08-01 10:08:27 AM,841.35,1,841.35,13669126.200000001
2025-08-01 10:08:45 AM,841.35,100,84135.0,13753261.200000001
2025-08-01 10:08:53 AM,841.4,13,10938.199999999999,13764199.4
2025-08-01 10:09:00 AM,841.8,0,0.0,13764199.4
2025-08-01 10:09:03 AM,841.8,9,7576.2,13771775.6
2025-08-01 10:09:26 AM,841.95,0,0.0,13771775.6
2025-08-01 10:09:27 AM,841.95,1,841.95,13772617.549999999
2025-08-01 10:09:34 AM,841.95,1,841.95,13773459.499999998
2025-08-01 10:10:08 AM,841.35,10,8413.5,13781872.999999998
2025-08-01 10:10:18 AM,841.95,12,10103.400000000001,13791976.399999999
2025-08-01 10:10:48 AM,841.95,1,841.95,13792818.349999998
2025-08-01 10:11:15 AM,842.95,0,0.0,13792818.349999998
2025-08-01 10:11:18 AM,842.95,2,1685.9,13794504.249999998
2025-08-01 10:11:47 AM,842.55,10,8425.5,13802929.749999998
2025-08-01 10:13:06 AM,842.3,0,0.0,13802929.749999998
2025-08-01 10:13:08 AM,842.3,50,42115.0,13845044.749999998
2025-08-01 10:13:26 AM,843.25,0,0.0,13845044.749999998
2025-08-01 10:13:26 AM,843.25,15,12648.75,13857693.499999998
2025-08-01 10:14:59 AM,843.25,12,10119.0,13867812.499999998
2025-08-01 10:16:03 AM,842.85,0,0.0,13867812.499999998
2025-08-01 10:16:04 AM,842.85,30,25285.5,13893097.999999998
2025-08-01 10:16:25 AM,843.25,0,0.0,13893097.999999998
2025-08-01 10:16:28 AM,843.25,781,658578.25,14551676.249999998
2025-08-01 10:17:38 AM,843.3,0,0.0,14551676.249999998
2025-08-01 10:17:40 AM,843.2,0,0.0,14551676.249999998
2025-08-01 10:17:42 AM,843.2,17,14334.400000000001,14566010.649999999
2025-08-01 10:20:30 AM,843.2,4,3372.8,14569383.45
2025-08-01 10:20:47 AM,843.2,51,43003.200000000004,14612386.649999999
2025-08-01 10:20:51 AM,844.0,0,0.0,14612386.649999999
2025-08-01 10:20:52 AM,844.0,14,11816.0,14624202.649999999
2025-08-01 10:20:58 AM,844.0,9,7596.0,14631798.649999999
2025-08-01 10:21:03 AM,844.0,3,2532.0,14634330.649999999
2025-08-01 10:21:41 AM,843.5,0,0.0,14634330.649999999
2025-08-01 10:21:42 AM,843.5,30,25305.0,14659635.649999999
2025-08-01 10:23:49 AM,843.0,0,0.0,14659635.649999999
2025-08-01 10:23:50 AM,843.0,300,252900.0,14912535.649999999
2025-08-01 10:25:07 AM,844.0,50,42200.0,14954735.649999999
2025-08-01 10:25:41 AM,844.0,10,8440.0,14963175.649999999
2025-08-01 10:25:45 AM,843.1,0,0.0,14963175.649999999
2025-08-01 10:25:47 AM,843.1,19,16018.9,14979194.549999999
2025-08-01 10:26:45 AM,843.15,0,0.0,14979194.549999999
2025-08-01 10:26:46 AM,843.15,12,10117.8,14989312.35
2025-08-01 10:26:56 AM,843.45,0,0.0,14989312.35
2025-08-01 10:26:57 AM,843.45,1,843.45,14990155.799999999
2025-08-01 10:28:41 AM,842.55,0,0.0,14990155.799999999
2025-08-01 10:28:42 AM,842.55,50,42127.5,15032283.299999999
2025-08-01 10:29:04 AM,843.05,0,0.0,15032283.299999999
2025-08-01 10:29:04 AM,843.05,6,5058.299999999999,15037341.6
2025-08-01 10:29:50 AM,843.0,0,0.0,15037341.6
2025-08-01 10:29:51 AM,843.0,1,843.0,15038184.6
2025-08-01 10:30:11 AM,843.5,0,0.0,15038184.6
2025-08-01 10:30:11 AM,843.5,7,5904.5,15044089.1
2025-08-01 10:30:40 AM,842.8,0,0.0,15044089.1
2025-08-01 10:30:40 AM,842.8,1554,1309711.2,16353800.299999999
2025-08-01 10:30:42 AM,842.65,0,0.0,16353800.299999999
2025-08-01 10:30:43 AM,842.65,13,10954.449999999999,16364754.749999998
2025-08-01 10:31:45 AM,841.95,0,0.0,16364754.749999998
2025-08-01 10:31:45 AM,841.95,2,1683.9,16366438.649999999
2025-08-01 10:32:11 AM,841.95,100,84195.0,16450633.649999999
2025-08-01 10:33:00 AM,841.95,1,841.95,16451475.599999998
2025-08-01 10:33:13 AM,841.95,12,10103.400000000001,16461578.999999998
2025-08-01 10:33:29 AM,842.3,0,0.0,16461578.999999998
2025-08-01 10:33:30 AM,842.3,3,2526.8999999999996,16464105.899999999
2025-08-01 10:34:33 AM,842.15,0,0.0,16464105.899999999
2025-08-01 10:34:35 AM,842.15,4,3368.6,16467474.499999998
2025-08-01 10:35:54 AM,842.15,80,67372.0,16534846.499999998
2025-08-01 10:36:05 AM,841.8,90,75762.0,16610608.499999998
2025-08-01 10:36:08 AM,842.9,0,0.0,16610608.499999998
2025-08-01 10:36:08 AM,842.9,70,59003.0,16669611.499999998
2025-08-01 10:37:03 AM,842.15,0,0.0,16669611.499999998
2025-08-01 10:37:06 AM,842.15,1,842.15,16670453.649999999
2025-08-01 10:37:31 AM,842.15,9,7579.349999999999,16678032.999999998
2025-08-01 10:38:04 AM,841.55,0,0.0,16678032.999999998
2025-08-01 10:38:05 AM,841.55,35,29454.25,16707487.249999998
2025-08-01 10:38:11 AM,842.15,2,1684.3,16709171.549999999
2025-08-01 10:40:11 AM,841.65,0,0.0,16709171.549999999
2025-08-01 10:40:13 AM,841.65,12,10099.8,16719271.35
2025-08-01 10:42:06 AM,841.65,89,74906.84999999999,16794178.2
2025-08-01 10:42:50 AM,842.05,0,0.0,16794178.2
2025-08-01 10:42:51 AM,842.05,5,4210.25,16798388.45
2025-08-01 10:43:05 AM,842.15,0,0.0,16798388.45
2025-08-01 10:43:06 AM,842.15,30,25264.5,16823652.95
2025-08-01 10:45:48 AM,842.5,0,0.0,16823652.95
2025-08-01 10:45:49 AM,842.5,50,42125.0,16865777.95
2025-08-01 10:46:18 AM,841.3,0,0.0,16865777.95
2025-08-01 10:46:21 AM,841.3,164,137973.19999999998,17003751.15
2025-08-01 10:46:39 AM,841.35,2,1682.7,17005433.849999998
2025-08-01 10:46:50 AM,841.2,0,0.0,17005433.849999998
2025-08-01 10:46:50 AM,841.2,50,42060.0,17047493.849999998
2025-08-01 10:47:03 AM,842.45,0,0.0,17047493.849999998
2025-08-01 10:47:05 AM,842.45,80,67396.0,17114889.849999998
2025-08-01 10:47:56 AM,841.35,39,32812.65,17147702.499999996
2025-08-01 10:49:07 AM,841.8,0,0.0,17147702.499999996
2025-08-01 10:49:10 AM,841.8,3,2525.3999999999996,17150227.899999995
2025-08-01 10:49:38 AM,841.5,0,0.0,17150227.899999995
2025-08-01 10:49:38 AM,841.5,15,12622.5,17162850.399999995
2025-08-01 10:50:28 AM,842.15,0,0.0,17162850.399999995
2025-08-01 10:50:31 AM,842.15,15,12632.25,17175482.649999995
2025-08-01 10:51:24 AM,841.8,0,0.0,17175482.649999995
2025-08-01 10:51:27 AM,841.8,1,841.8,17176324.449999996
2025-08-01 10:52:28 AM,841.35,0,0.0,17176324.449999996
2025-08-01 10:52:28 AM,841.35,11,9254.85,17185579.299999997
2025-08-01 10:52:54 AM,841.1,72,60559.200000000004,17246138.499999996
2025-08-01 10:53:18 AM,841.3,0,0.0,17246138.499999996
2025-08-01 10:53:20 AM,841.3,2,1682.6,17247821.099999998
2025-08-01 10:53:34 AM,841.2,0,0.0,17247821.099999998
2025-08-01 10:53:36 AM,841.2,50,42060.0,17289881.099999998
2025-08-01 10:54:25 AM,841.2,2,1682.4,17291563.499999996
2025-08-01 10:54:34 AM,841.8,0,0.0,17291563.499999996
2025-08-01 10:54:35 AM,841.8,5,4209.0,17295772.499999996
2025-08-01 10:54:48 AM,841.35,0,0.0,17295772.499999996
2025-08-01 10:54:51 AM,841.35,12,10096.2,17305868.699999996
2025-08-01 10:54:52 AM,841.75,0,0.0,17305868.699999996
2025-08-01 10:54:56 AM,841.75,1,841.75,17306710.449999996
2025-08-01 10:55:28 AM,840.65,0,0.0,17306710.449999996
2025-08-01 10:55:28 AM,840.65,400,336260.0,17642970.449999996
2025-08-01 10:55:30 AM,840.75,0,0.0,17642970.449999996
2025-08-01 10:55:34 AM,840.75,22,18496.5,17661466.949999996
2025-08-01 10:56:05 AM,840.15,10,8401.5,17669868.449999996
2025-08-01 10:56:10 AM,840.15,9,7561.349999999999,17677429.799999997
2025-08-01 10:56:14 AM,840.0,0,0.0,17677429.799999997
2025-08-01 10:56:16 AM,840.0,31,26040.0,17703469.799999997
2025-08-01 10:56:28 AM,840.0,6,5040.0,17708509.799999997
2025-08-01 10:56:42 AM,839.75,0,0.0,17708509.799999997
2025-08-01 10:56:43 AM,839.75,5,4198.75,17712708.549999997
2025-08-01 10:56:44 AM,840.0,0,0.0,17712708.549999997
2025-08-01 10:56:44 AM,840.0,1,840.0,17713548.549999997
2025-08-01 10:57:09 AM,840.0,3,2520.0,17716068.549999997
2025-08-01 10:57:41 AM,840.0,10,8400.0,17724468.549999997
2025-08-01 10:58:42 AM,839.75,0,0.0,17724468.549999997
2025-08-01 10:58:45 AM,839.75,12,10077.0,17734545.549999997
2025-08-01 11:00:11 AM,841.8,0,0.0,17734545.549999997
2025-08-01 11:00:11 AM,841.8,135,113643.0,17848188.549999997
2025-08-01 11:00:16 AM,841.8,95,79971.0,17928159.549999997
2025-08-01 11:00:47 AM,840.8,0,0.0,17928159.549999997
2025-08-01 11:00:48 AM,840.8,25,21020.0,17949179.549999997
2025-08-01 11:01:05 AM,841.3,0,0.0,17949179.549999997
2025-08-01 11:01:10 AM,841.3,2,1682.6,17950862.15
2025-08-01 11:01:35 AM,841.55,0,0.0,17950862.15
2025-08-01 11:01:36 AM,841.55,1,841.55,17951703.7
2025-08-01 11:03:34 AM,842.15,300,252645.0,18204348.7
2025-08-01 11:04:47 AM,841.2,12,10094.400000000001,18214443.099999998
2025-08-01 11:04:53 AM,841.6,0,0.0,18214443.099999998
2025-08-01 11:04:56 AM,841.6,7,5891.2,18220334.299999997
2025-08-01 11:06:11 AM,841.6,2,1683.2,18222017.499999996
2025-08-01 11:06:37 AM,841.6,1,841.6,18222859.099999998
2025-08-01 11:07:39 AM,841.05,0,0.0,18222859.099999998
2025-08-01 11:07:41 AM,841.05,40,33642.0,18256501.099999998
2025-08-01 11:08:55 AM,840.75,0,0.0,18256501.099999998
2025-08-01 11:08:55 AM,840.75,382,321166.5,18577667.599999998
2025-08-01 11:08:57 AM,840.6,0,0.0,18577667.599999998
2025-08-01 11:08:58 AM,840.6,2,1681.2,18579348.799999997
2025-08-01 11:09:05 AM,840.0,0,0.0,18579348.799999997
2025-08-01 11:09:07 AM,840.0,13,10920.0,18590268.799999997
2025-08-01 11:09:26 AM,840.55,0,0.0,18590268.799999997
2025-08-01 11:09:27 AM,840.55,10,8405.5,18598674.299999997
2025-08-01 11:11:07 AM,840.0,12,10080.0,18608754.299999997
2025-08-01 11:11:38 AM,840.95,0,0.0,18608754.299999997
2025-08-01 11:11:40 AM,840.95,130,109323.5,18718077.799999997
2025-08-01 11:12:08 AM,840.5,0,0.0,18718077.799999997
2025-08-01 11:12:11 AM,840.5,4,3362.0,18721439.799999997
2025-08-01 11:12:12 AM,840.0,0,0.0,18721439.799999997
2025-08-01 11:12:12 AM,840.0,50,42000.0,18763439.799999997
2025-08-01 11:12:26 AM,840.7,0,0.0,18763439.799999997
2025-08-01 11:12:28 AM,840.7,1,840.7,18764280.499999996
2025-08-01 11:12:42 AM,840.8,0,0.0,18764280.499999996
2025-08-01 11:12:44 AM,840.8,2,1681.6,18765962.099999998
2025-08-01 11:12:52 AM,840.15,0,0.0,18765962.099999998
2025-08-01 11:12:54 AM,840.15,37,31085.55,18797047.65
2025-08-01 11:14:31 AM,840.0,0,0.0,18797047.65
2025-08-01 11:14:31 AM,840.0,101,84840.0,18881887.65
2025-08-01 11:14:33 AM,840.0,2,1680.0,18883567.65
2025-08-01 11:15:19 AM,839.45,0,0.0,18883567.65
2025-08-01 11:15:20 AM,839.45,12,10073.400000000001,18893641.049999997
2025-08-01 11:15:21 AM,840.0,0,0.0,18893641.049999997
2025-08-01 11:15:25 AM,840.0,3,2520.0,18896161.049999997
2025-08-01 11:15:39 AM,839.75,0,0.0,18896161.049999997
2025-08-01 11:15:41 AM,839.75,1,839.75,18897000.799999997
2025-08-01 11:15:45 AM,840.0,0,0.0,18897000.799999997
2025-08-01 11:15:46 AM,840.0,4,3360.0,18900360.799999997
2025-08-01 11:16:09 AM,839.5,0,0.0,18900360.799999997
2025-08-01 11:16:12 AM,839.5,1,839.5,18901200.299999997
2025-08-01 11:16:33 AM,839.5,281,235899.5,19137099.799999997
2025-08-01 11:16:43 AM,840.0,0,0.0,19137099.799999997
2025-08-01 11:16:43 AM,840.0,16,13440.0,19150539.799999997
2025-08-01 11:16:47 AM,839.5,0,0.0,19150539.799999997
2025-08-01 11:16:49 AM,839.5,300,251850.0,19402389.799999997
2025-08-01 11:16:57 AM,840.0,0,0.0,19402389.799999997
2025-08-01 11:16:59 AM,840.0,17,14280.0,19416669.799999997
2025-08-01 11:18:57 AM,839.55,0,0.0,19416669.799999997
2025-08-01 11:19:00 AM,839.55,12,10074.599999999999,19426744.4
2025-08-01 11:19:24 AM,839.95,0,0.0,19426744.4
2025-08-01 11:19:28 AM,839.95,100,83995.0,19510739.4
2025-08-01 11:19:30 AM,840.0,0,0.0,19510739.4
2025-08-01 11:19:33 AM,840.0,49,41160.0,19551899.4
2025-08-01 11:19:45 AM,840.0,201,168840.0,19720739.4
2025-08-01 11:19:49 AM,840.0,21,17640.0,19738379.4
2025-08-01 11:20:05 AM,840.0,9,7560.0,19745939.4
2025-08-01 11:20:22 AM,839.5,0,0.0,19745939.4
2025-08-01 11:20:27 AM,839.5,30,25185.0,19771124.4
2025-08-01 11:20:30 AM,840.0,0,0.0,19771124.4
2025-08-01 11:20:32 AM,840.0,2,1680.0,19772804.4
2025-08-01 11:21:13 AM,840.0,101,84840.0,19857644.4
2025-08-01 11:22:18 AM,841.2,0,0.0,19857644.4
2025-08-01 11:22:21 AM,841.2,6,5047.200000000001,19862691.599999998
2025-08-01 11:23:07 AM,841.55,0,0.0,19862691.599999998
2025-08-01 11:23:09 AM,841.55,61,51334.549999999996,19914026.15
2025-08-01 11:23:20 AM,841.55,100,84155.0,19998181.15
2025-08-01 11:23:22 AM,841.6,0,0.0,19998181.15
2025-08-01 11:23:25 AM,841.6,1,841.6,19999022.75
2025-08-01 11:24:01 AM,842.5,0,0.0,19999022.75
2025-08-01 11:24:05 AM,842.5,63,53077.5,20052100.25
2025-08-01 11:24:13 AM,842.1,0,0.0,20052100.25
2025-08-01 11:24:15 AM,842.1,13,10947.300000000001,20063047.55
2025-08-01 11:24:30 AM,841.65,0,0.0,20063047.55
2025-08-01 11:24:32 AM,841.65,2,1683.3,20064730.85
2025-08-01 11:26:16 AM,841.65,131,110256.15,20174987.0
2025-08-01 11:27:45 AM,840.85,0,0.0,20174987.0
2025-08-01 11:27:48 AM,840.85,12,10090.2,20185077.2
2025-08-01 11:29:09 AM,840.25,9,7562.25,20192639.45
2025-08-01 11:30:29 AM,840.15,0,0.0,20192639.45
2025-08-01 11:30:30 AM,840.15,2,1680.3,20194319.75
2025-08-01 11:30:47 AM,839.05,0,0.0,20194319.75
2025-08-01 11:30:48 AM,839.05,20,16781.0,20211100.75
2025-08-01 11:31:05 AM,840.0,0,0.0,20211100.75
2025-08-01 11:31:06 AM,840.0,59,49560.0,20260660.75
2025-08-01 11:31:29 AM,839.35,0,0.0,20260660.75
2025-08-01 11:31:32 AM,839.35,50,41967.5,20302628.25
2025-08-01 11:32:37 AM,839.9,0,0.0,20302628.25
2025-08-01 11:32:39 AM,839.9,3,2519.7,20305147.95
2025-08-01 11:32:40 AM,840.0,0,0.0,20305147.95
2025-08-01 11:32:41 AM,840.0,4,3360.0,20308507.95
2025-08-01 11:34:16 AM,840.0,66,55440.0,20363947.95
2025-08-01 11:34:19 AM,840.7,0,0.0,20363947.95
2025-08-01 11:34:21 AM,840.7,2,1681.4,20365629.349999998
2025-08-01 11:34:25 AM,840.0,0,0.0,20365629.349999998
2025-08-01 11:34:26 AM,840.0,100,84000.0,20449629.349999998
2025-08-01 11:35:36 AM,839.15,0,0.0,20449629.349999998
2025-08-01 11:35:40 AM,839.15,16,13426.4,20463055.749999996
2025-08-01 11:35:42 AM,839.85,0,0.0,20463055.749999996
2025-08-01 11:35:43 AM,839.9,0,0.0,20463055.749999996
2025-08-01 11:35:46 AM,839.9,8,6719.2,20469774.949999996
2025-08-01 11:37:23 AM,839.05,0,0.0,20469774.949999996
2025-08-01 11:37:25 AM,839.05,2,1678.1,20471453.049999997
2025-08-01 11:38:31 AM,838.9,12,10066.8,20481519.849999998
2025-08-01 11:38:39 AM,839.35,0,0.0,20481519.849999998
2025-08-01 11:38:41 AM,839.35,10,8393.5,20489913.349999998
2025-08-01 11:39:16 AM,840.0,130,109200.0,20599113.349999998
2025-08-01 11:39:17 AM,838.85,0,0.0,20599113.349999998
2025-08-01 11:39:17 AM,838.85,20,16777.0,20615890.349999998
2025-08-01 11:39:31 AM,839.45,1,839.45,20616729.799999997
2025-08-01 11:39:32 AM,838.9,1,838.9,20617568.699999996
2025-08-01 11:39:43 AM,838.25,59,49456.75,20667025.449999996
2025-08-01 11:39:50 AM,838.3,10,8383.0,20675408.449999996
2025-08-01 11:40:09 AM,838.9,0,0.0,20675408.449999996
2025-08-01 11:40:10 AM,838.9,13,10905.699999999999,20686314.149999995
2025-08-01 11:40:24 AM,838.9,21,17616.899999999998,20703931.049999993
2025-08-01 11:42:31 AM,838.4,24,20121.6,20724052.649999995
2025-08-01 11:42:49 AM,838.25,0,0.0,20724052.649999995
2025-08-01 11:42:52 AM,838.25,10,8382.5,20732435.149999995
2025-08-01 11:43:35 AM,837.8,23,19269.399999999998,20751704.549999993
2025-08-01 11:43:59 AM,837.75,0,0.0,20751704.549999993
2025-08-01 11:44:00 AM,837.75,10,8377.5,20760082.049999993
2025-08-01 11:45:03 AM,837.75,12,10053.0,20770135.049999993
2025-08-01 11:45:14 AM,838.0,60,50280.0,20820415.049999993
2025-08-01 11:45:24 AM,838.0,6,5028.0,20825443.049999993
2025-08-01 11:45:52 AM,837.6,0,0.0,20825443.049999993
2025-08-01 11:45:56 AM,837.6,4,3350.4,20828793.44999999
2025-08-01 11:46:02 AM,837.15,0,0.0,20828793.44999999
2025-08-01 11:46:02 AM,837.15,50,41857.5,20870650.94999999
2025-08-01 11:46:15 AM,837.3,0,0.0,20870650.94999999
2025-08-01 11:46:17 AM,837.3,96,80380.79999999999,20951031.749999993
2025-08-01 11:46:38 AM,837.3,20,16746.0,20967777.749999993
2025-08-01 11:47:13 AM,837.25,0,0.0,20967777.749999993
2025-08-01 11:47:15 AM,837.25,12,10047.0,20977824.749999993
2025-08-01 11:47:17 AM,837.65,0,0.0,20977824.749999993
2025-08-01 11:47:20 AM,837.65,26,21778.899999999998,20999603.64999999
2025-08-01 11:48:01 AM,837.8,0,0.0,20999603.64999999
2025-08-01 11:48:01 AM,837.8,5,4189.0,21003792.64999999
2025-08-01 11:48:41 AM,837.8,50,41890.0,21045682.64999999
2025-08-01 11:50:15 AM,837.85,10,8378.5,21054061.14999999
2025-08-01 11:51:34 AM,838.0,29,24302.0,21078363.14999999
2025-08-01 11:53:19 AM,838.15,0,0.0,21078363.14999999
2025-08-01 11:53:20 AM,838.15,1,838.15,21079201.29999999
2025-08-01 11:54:38 AM,838.2,5,4191.0,21083392.29999999
2025-08-01 11:55:37 AM,838.1,10,8381.0,21091773.29999999
2025-08-01 11:55:52 AM,837.4,5,4187.0,21095960.29999999
2025-08-01 11:56:53 AM,837.1,12,10045.2,21106005.49999999
2025-08-01 11:57:41 AM,837.45,0,0.0,21106005.49999999
2025-08-01 11:57:43 AM,837.45,13,10886.85,21116892.34999999
2025-08-01 11:57:45 AM,837.45,7,5862.150000000001,21122754.49999999
2025-08-01 11:59:45 AM,837.45,10,8374.5,21131128.99999999
2025-08-01 12:01:42 PM,838.6,0,0.0,21131128.99999999
2025-08-01 12:01:43 PM,838.6,1,838.6,21131967.59999999
2025-08-01 12:01:50 PM,837.65,0,0.0,21131967.59999999
2025-08-01 12:01:54 PM,837.65,33,27642.45,21159610.04999999
2025-08-01 12:03:06 PM,838.0,0,0.0,21159610.04999999
2025-08-01 12:03:07 PM,838.0,7,5866.0,21165476.04999999
2025-08-01 12:03:17 PM,838.0,3,2514.0,21167990.04999999
2025-08-01 12:03:19 PM,837.4,0,0.0,21167990.04999999
2025-08-01 12:03:22 PM,837.4,519,434610.6,21602600.64999999
2025-08-01 12:03:57 PM,836.5,0,0.0,21602600.64999999
2025-08-01 12:03:59 PM,836.5,2,1673.0,21604273.64999999
2025-08-01 12:04:10 PM,835.65,2295,1917816.75,23522090.39999999
2025-08-01 12:04:13 PM,836.6,54,45176.4,23567266.79999999
2025-08-01 12:05:56 PM,837.0,0,0.0,23567266.79999999
2025-08-01 12:05:57 PM,837.0,35,29295.0,23596561.79999999
2025-08-01 12:05:58 PM,836.95,0,0.0,23596561.79999999
2025-08-01 12:06:03 PM,836.95,7,5858.650000000001,23602420.449999988
2025-08-01 12:06:10 PM,836.8,0,0.0,23602420.449999988
2025-08-01 12:06:13 PM,836.8,27,22593.6,23625014.04999999
2025-08-01 12:06:24 PM,836.5,0,0.0,23625014.04999999
2025-08-01 12:06:27 PM,836.5,6,5019.0,23630033.04999999
2025-08-01 12:07:14 PM,836.0,0,0.0,23630033.04999999
2025-08-01 12:07:17 PM,836.0,286,239096.0,23869129.04999999
2025-08-01 12:09:20 PM,836.85,0,0.0,23869129.04999999
2025-08-01 12:09:22 PM,836.85,10,8368.5,23877497.54999999
2025-08-01 12:09:24 PM,835.9,0,0.0,23877497.54999999
2025-08-01 12:09:27 PM,835.9,4,3343.6,23880841.14999999
2025-08-01 12:09:54 PM,836.6,0,0.0,23880841.14999999
2025-08-01 12:09:56 PM,836.6,2,1673.2,23882514.34999999
2025-08-01 12:10:01 PM,836.6,46,38483.6,23920997.94999999
2025-08-01 12:10:20 PM,836.5,0,0.0,23920997.94999999
2025-08-01 12:10:22 PM,836.5,1,836.5,23921834.44999999
2025-08-01 12:13:00 PM,836.45,0,0.0,23921834.44999999
2025-08-01 12:13:02 PM,836.45,12,10037.400000000001,23931871.84999999
2025-08-01 12:14:10 PM,835.9,0,0.0,23931871.84999999
2025-08-01 12:14:11 PM,835.9,30,25077.0,23956948.84999999
2025-08-01 12:14:26 PM,836.5,5,4182.5,23961131.34999999
2025-08-01 12:14:30 PM,836.5,19,15893.5,23977024.84999999
2025-08-01 12:14:44 PM,836.3,0,0.0,23977024.84999999
2025-08-01 12:14:46 PM,836.3,2,1672.6,23978697.44999999
2025-08-01 12:16:02 PM,836.7,0,0.0,23978697.44999999
2025-08-01 12:16:03 PM,836.7,503,420860.10000000003,24399557.549999993
2025-08-01 12:16:24 PM,836.8,0,0.0,24399557.549999993
2025-08-01 12:16:27 PM,836.8,5,4184.0,24403741.549999993
2025-08-01 12:18:36 PM,836.15,0,0.0,24403741.549999993
2025-08-01 12:18:38 PM,836.15,19,15886.85,24419628.399999995
2025-08-01 12:18:40 PM,836.55,0,0.0,24419628.399999995
2025-08-01 12:18:43 PM,836.55,26,21750.3,24441378.699999996
2025-08-01 12:19:34 PM,836.6,21,17568.600000000002,24458947.299999997
2025-08-01 12:19:38 PM,836.8,0,0.0,24458947.299999997
2025-08-01 12:19:39 PM,836.8,7,5857.599999999999,24464804.9
2025-08-01 12:19:45 PM,836.55,0,0.0,24464804.9
2025-08-01 12:19:49 PM,836.1,806,673896.6,25138701.5
2025-08-01 12:20:45 PM,834.95,0,0.0,25138701.5
2025-08-01 12:20:46 PM,834.95,35,29223.25,25167924.75
2025-08-01 12:21:27 PM,834.8,0,0.0,25167924.75
2025-08-01 12:21:31 PM,834.8,6,5008.799999999999,25172933.55
2025-08-01 12:21:35 PM,835.5,1,835.5,25173769.05
2025-08-01 12:21:48 PM,834.85,0,0.0,25173769.05
2025-08-01 12:21:49 PM,834.65,0,0.0,25173769.05
2025-08-01 12:21:49 PM,834.65,29,24204.85,25197973.900000002
2025-08-01 12:21:58 PM,834.45,0,0.0,25197973.900000002
2025-08-01 12:21:59 PM,834.45,58,48398.100000000006,25246372.000000004
2025-08-01 12:22:01 PM,834.6,0,0.0,25246372.000000004
2025-08-01 12:22:05 PM,834.6,10,8346.0,25254718.000000004
2025-08-01 12:22:15 PM,835.55,20,16711.0,25271429.000000004
2025-08-01 12:22:19 PM,836.0,0,0.0,25271429.000000004
2025-08-01 12:22:21 PM,836.0,43,35948.0,25307377.000000004
2025-08-01 12:22:21 PM,835.6,0,0.0,25307377.000000004
2025-08-01 12:22:22 PM,835.6,2,1671.2,25309048.200000003
2025-08-01 12:22:24 PM,836.0,0,0.0,25309048.200000003
2025-08-01 12:22:26 PM,836.0,12,10032.0,25319080.200000003
2025-08-01 12:22:36 PM,836.0,1,836.0,25319916.200000003
2025-08-01 12:22:44 PM,835.05,0,0.0,25319916.200000003
2025-08-01 12:22:47 PM,835.05,75,62628.75,25382544.950000003
2025-08-01 12:23:44 PM,836.2,0,0.0,25382544.950000003
2025-08-01 12:23:45 PM,836.2,59,49335.8,25431880.750000004
2025-08-01 12:24:03 PM,836.25,0,0.0,25431880.750000004
2025-08-01 12:24:06 PM,836.25,36,30105.0,25461985.750000004
2025-08-01 12:24:18 PM,837.1,0,0.0,25461985.750000004
2025-08-01 12:24:21 PM,837.1,40,33484.0,25495469.750000004
2025-08-01 12:24:23 PM,837.05,0,0.0,25495469.750000004
2025-08-01 12:24:26 PM,837.05,1,837.05,25496306.800000004
2025-08-01 12:24:35 PM,836.25,15,12543.75,25508850.550000004
2025-08-01 12:28:25 PM,836.45,3,2509.3500000000004,25511359.900000006
2025-08-01 12:28:29 PM,836.5,0,0.0,25511359.900000006
2025-08-01 12:28:30 PM,836.5,7,5855.5,25517215.400000006
2025-08-01 12:29:20 PM,835.55,0,0.0,25517215.400000006
2025-08-01 12:29:21 PM,835.55,177,147892.35,25665107.750000007
2025-08-01 12:29:26 PM,836.0,0,0.0,25665107.750000007
2025-08-01 12:29:29 PM,836.0,15,12540.0,25677647.750000007
2025-08-01 12:29:42 PM,835.25,0,0.0,25677647.750000007
2025-08-01 12:29:42 PM,835.25,25,20881.25,25698529.000000007
2025-08-01 12:31:18 PM,835.35,0,0.0,25698529.000000007
2025-08-01 12:31:18 PM,835.35,53,44273.55,25742802.55000001
2025-08-01 12:31:28 PM,836.0,10,8360.0,25751162.55000001
2025-08-01 12:32:31 PM,836.0,7,5852.0,25757014.55000001
2025-08-01 12:32:42 PM,835.55,2,1671.1,25758685.65000001
2025-08-01 12:33:16 PM,835.35,20,16707.0,25775392.65000001
2025-08-01 12:34:37 PM,835.05,12,10020.599999999999,25785413.25000001
2025-08-01 12:34:44 PM,834.85,0,0.0,25785413.25000001
2025-08-01 12:34:46 PM,835.4,0,0.0,25785413.25000001
2025-08-01 12:34:47 PM,835.4,33,27568.2,25812981.45000001
2025-08-01 12:35:32 PM,835.6,0,0.0,25812981.45000001
2025-08-01 12:35:32 PM,835.6,24,20054.4,25833035.85000001
2025-08-01 12:36:02 PM,835.55,0,0.0,25833035.85000001
2025-08-01 12:36:05 PM,835.55,15,12533.25,25845569.10000001
2025-08-01 12:36:06 PM,835.9,0,0.0,25845569.10000001
2025-08-01 12:36:10 PM,835.9,15,12538.5,25858107.60000001
2025-08-01 12:36:26 PM,835.8,0,0.0,25858107.60000001
2025-08-01 12:36:30 PM,835.8,2,1671.6,25859779.20000001
2025-08-01 12:38:02 PM,835.65,0,0.0,25859779.20000001
2025-08-01 12:38:06 PM,835.65,8,6685.2,25866464.40000001
2025-08-01 12:38:44 PM,835.0,0,0.0,25866464.40000001
2025-08-01 12:38:45 PM,835.0,1,835.0,25867299.40000001
2025-08-01 12:38:56 PM,835.65,0,0.0,25867299.40000001
2025-08-01 12:38:56 PM,835.65,5,4178.25,25871477.65000001
2025-08-01 12:41:40 PM,835.6,0,0.0,25871477.65000001
2025-08-01 12:41:43 PM,835.6,15,12534.0,25884011.65000001
2025-08-01 12:41:46 PM,834.7,0,0.0,25884011.65000001
2025-08-01 12:41:48 PM,834.7,90,75123.0,25959134.65000001
2025-08-01 12:42:32 PM,835.55,0,0.0,25959134.65000001
2025-08-01 12:42:35 PM,835.55,8,6684.4,25965819.05000001
2025-08-01 12:42:50 PM,835.0,0,0.0,25965819.05000001
2025-08-01 12:42:50 PM,835.0,2,1670.0,25967489.05000001
2025-08-01 12:43:13 PM,834.0,1853,1545402.0,27512891.05000001
2025-08-01 12:44:08 PM,833.65,0,0.0,27512891.05000001
2025-08-01 12:44:12 PM,833.65,1,833.65,27513724.700000007
2025-08-01 12:44:16 PM,834.3,0,0.0,27513724.700000007
2025-08-01 12:44:18 PM,834.3,72,60069.6,27573794.30000001
2025-08-01 12:44:28 PM,834.3,1,834.3,27574628.60000001
2025-08-01 12:44:33 PM,834.3,14,11680.199999999999,27586308.80000001
2025-08-01 12:44:49 PM,834.3,70,58401.0,27644709.80000001
2025-08-01 12:44:54 PM,834.3,31,25863.3,27670573.10000001
2025-08-01 12:45:00 PM,834.0,0,0.0,27670573.10000001
2025-08-01 12:45:04 PM,834.0,696,580464.0,28251037.10000001
2025-08-01 12:45:06 PM,833.25,0,0.0,28251037.10000001
2025-08-01 12:45:09 PM,833.25,12,9999.0,28261036.10000001
2025-08-01 12:45:22 PM,832.55,0,0.0,28261036.10000001
2025-08-01 12:45:26 PM,832.55,300,249765.0,28510801.10000001
2025-08-01 12:45:38 PM,832.8,0,0.0,28510801.10000001
2025-08-01 12:45:41 PM,832.8,1,832.8,28511633.90000001
2025-08-01 12:45:44 PM,832.75,0,0.0,28511633.90000001
2025-08-01 12:45:46 PM,832.75,10,8327.5,28519961.40000001
2025-08-01 12:45:54 PM,831.55,0,0.0,28519961.40000001
2025-08-01 12:45:56 PM,831.55,315,261938.25,28781899.65000001
2025-08-01 12:46:00 PM,832.85,0,0.0,28781899.65000001
2025-08-01 12:46:01 PM,832.85,27,22486.95,28804386.60000001
2025-08-01 12:46:30 PM,833.8,0,0.0,28804386.60000001
2025-08-01 12:46:31 PM,833.8,7,5836.599999999999,28810223.20000001
2025-08-01 12:48:20 PM,832.75,0,0.0,28810223.20000001
2025-08-01 12:48:22 PM,832.75,540,449685.0,29259908.20000001
2025-08-01 12:49:42 PM,832.75,45,37473.75,29297381.95000001
2025-08-01 12:50:00 PM,832.45,0,0.0,29297381.95000001
2025-08-01 12:50:01 PM,832.45,19,15816.550000000001,29313198.50000001
2025-08-01 12:50:42 PM,833.05,0,0.0,29313198.50000001
2025-08-01 12:50:43 PM,833.05,79,65810.95,29379009.45000001
2025-08-01 12:51:41 PM,833.05,3,2499.1499999999996,29381508.60000001
2025-08-01 12:52:06 PM,833.5,5,4167.5,29385676.10000001
2025-08-01 12:52:32 PM,832.45,0,0.0,29385676.10000001
2025-08-01 12:52:34 PM,832.45,321,267216.45,29652892.55000001
2025-08-01 12:52:45 PM,832.9,2,1665.8,29654558.35000001
2025-08-01 12:55:40 PM,833.2,0,0.0,29654558.35000001
2025-08-01 12:55:42 PM,833.2,14,11664.800000000001,29666223.15000001
2025-08-01 12:56:18 PM,832.9,12,9994.8,29676217.95000001
2025-08-01 12:56:27 PM,832.9,50,41645.0,29717862.95000001
2025-08-01 12:56:32 PM,832.9,7,5830.3,29723693.25000001
2025-08-01 12:57:37 PM,832.9,3,2498.7,29726191.95000001
2025-08-01 12:58:54 PM,833.3,0,0.0,29726191.95000001
2025-08-01 12:58:58 PM,833.3,2,1666.6,29727858.550000012
2025-08-01 12:59:28 PM,833.3,2,1666.6,29729525.150000013
2025-08-01 12:59:32 PM,833.95,0,0.0,29729525.150000013
2025-08-01 12:59:33 PM,833.95,93,77557.35,29807082.500000015
2025-08-01 12:59:54 PM,833.8,0,0.0,29807082.500000015
2025-08-01 01:00:00 PM,833.8,12,10005.599999999999,29817088.100000016
2025-08-01 01:00:04 PM,833.85,0,0.0,29817088.100000016
2025-08-01 01:00:05 PM,833.85,29,24181.65,29841269.750000015
2025-08-01 01:00:41 PM,833.3,0,0.0,29841269.750000015
2025-08-01 01:00:41 PM,833.3,54,44998.2,29886267.950000014
2025-08-01 01:00:45 PM,833.7,0,0.0,29886267.950000014
2025-08-01 01:00:46 PM,833.7,7,5835.900000000001,29892103.850000013
2025-08-01 01:01:20 PM,833.7,1,833.7,29892937.550000012
2025-08-01 01:01:21 PM,832.55,0,0.0,29892937.550000012
2025-08-01 01:01:23 PM,832.95,0,0.0,29892937.550000012
2025-08-01 01:01:24 PM,832.95,79,65803.05,29958740.600000013
2025-08-01 01:01:27 PM,833.05,0,0.0,29958740.600000013
2025-08-01 01:01:28 PM,833.05,11,9163.55,29967904.150000013
2025-08-01 01:01:33 PM,833.05,10,8330.5,29976234.650000013
2025-08-01 01:01:48 PM,833.05,2,1666.1,29977900.750000015
2025-08-01 01:01:53 PM,833.05,3,2499.1499999999996,29980399.900000013
2025-08-01 01:02:15 PM,833.35,0,0.0,29980399.900000013
2025-08-01 01:02:18 PM,833.35,100,83335.0,30063734.900000013
2025-08-01 01:03:21 PM,833.2,0,0.0,30063734.900000013
2025-08-01 01:03:23 PM,833.2,7,5832.400000000001,30069567.300000012
2025-08-01 01:03:27 PM,833.15,0,0.0,30069567.300000012
2025-08-01 01:03:28 PM,833.15,16,13330.4,30082897.70000001
2025-08-01 01:04:22 PM,833.15,7,5832.05,30088729.75000001
2025-08-01 01:04:27 PM,833.15,7,5832.05,30094561.800000012
2025-08-01 01:05:06 PM,833.15,5,4165.75,30098727.550000012
2025-08-01 01:05:11 PM,833.2,0,0.0,30098727.550000012
2025-08-01 01:05:11 PM,833.2,11,9165.2,30107892.75000001
2025-08-01 01:06:01 PM,832.65,0,0.0,30107892.75000001
2025-08-01 01:06:02 PM,832.65,35,29142.75,30137035.50000001
2025-08-01 01:06:15 PM,833.2,0,0.0,30137035.50000001
2025-08-01 01:06:18 PM,833.2,9,7498.8,30144534.300000012
2025-08-01 01:06:21 PM,833.3,0,0.0,30144534.300000012
2025-08-01 01:06:23 PM,833.3,15,12499.5,30157033.800000012
2025-08-01 01:06:39 PM,832.95,0,0.0,30157033.800000012
2025-08-01 01:06:43 PM,832.95,2,1665.9,30158699.70000001
2025-08-01 01:06:44 PM,833.3,3,2499.8999999999996,30161199.60000001
2025-08-01 01:06:46 PM,833.35,0,0.0,30161199.60000001
2025-08-01 01:06:49 PM,833.35,2,1666.7,30162866.30000001
2025-08-01 01:07:04 PM,833.35,1,833.35,30163699.65000001
2025-08-01 01:08:20 PM,833.3,0,0.0,30163699.65000001
2025-08-01 01:08:21 PM,833.3,1,833.3,30164532.95000001
2025-08-01 01:09:36 PM,832.75,0,0.0,30164532.95000001
2025-08-01 01:09:38 PM,832.75,12,9993.0,30174525.95000001
2025-08-01 01:09:41 PM,833.2,0,0.0,30174525.95000001
2025-08-01 01:09:43 PM,833.2,1,833.2,30175359.15000001
2025-08-01 01:11:36 PM,833.2,1,833.2,30176192.35000001
2025-08-01 01:11:53 PM,833.15,0,0.0,30176192.35000001
2025-08-01 01:11:56 PM,833.15,1,833.15,30177025.500000007
2025-08-01 01:12:20 PM,833.3,0,0.0,30177025.500000007
2025-08-01 01:12:21 PM,833.3,1,833.3,30177858.80000001
2025-08-01 01:14:23 PM,833.3,7,5833.099999999999,30183691.90000001
2025-08-01 01:14:28 PM,833.3,1,833.3,30184525.20000001
2025-08-01 01:15:53 PM,833.3,1,833.3,30185358.50000001
2025-08-01 01:16:30 PM,832.75,0,0.0,30185358.50000001
2025-08-01 01:16:32 PM,832.75,12,9993.0,30195351.50000001
2025-08-01 01:16:34 PM,833.25,0,0.0,30195351.50000001
2025-08-01 01:16:34 PM,833.25,2,1666.5,30197018.00000001
2025-08-01 01:18:10 PM,832.75,0,0.0,30197018.00000001
2025-08-01 01:18:11 PM,832.75,9,7494.75,30204512.75000001
2025-08-01 01:18:12 PM,833.3,0,0.0,30204512.75000001
2025-08-01 01:18:14 PM,833.3,5,4166.5,30208679.25000001
2025-08-01 01:18:18 PM,832.75,0,0.0,30208679.25000001
2025-08-01 01:18:20 PM,832.75,6,4996.5,30213675.75000001
2025-08-01 01:18:24 PM,833.3,0,0.0,30213675.75000001
2025-08-01 01:18:25 PM,833.3,1,833.3,30214509.050000012
2025-08-01 01:19:25 PM,833.3,4,3333.2,30217842.25000001
2025-08-01 01:19:30 PM,833.35,0,0.0,30217842.25000001
2025-08-01 01:19:34 PM,833.35,1,833.35,30218675.600000013
2025-08-01 01:24:09 PM,832.85,0,0.0,30218675.600000013
2025-08-01 01:24:09 PM,832.85,10,8328.5,30227004.100000013
2025-08-01 01:24:12 PM,833.3,0,0.0,30227004.100000013
2025-08-01 01:24:14 PM,833.3,1,833.3,30227837.400000013
2025-08-01 01:24:24 PM,833.4,0,0.0,30227837.400000013
2025-08-01 01:24:26 PM,833.65,0,0.0,30227837.400000013
2025-08-01 01:24:28 PM,833.65,100,83365.0,30311202.400000013
2025-08-01 01:24:36 PM,833.55,0,0.0,30311202.400000013
2025-08-01 01:24:38 PM,833.55,12,10002.599999999999,30321205.000000015
2025-08-01 01:24:48 PM,833.85,0,0.0,30321205.000000015
2025-08-01 01:24:52 PM,833.85,3,2501.55,30323706.550000016
2025-08-01 01:26:06 PM,834.0,21,17514.0,30341220.550000016
2025-08-01 01:26:33 PM,834.35,0,0.0,30341220.550000016
2025-08-01 01:26:36 PM,834.35,3,2503.05,30343723.600000016
2025-08-01 01:27:30 PM,834.7,9,7512.3,30351235.900000017
2025-08-01 01:27:43 PM,834.45,0,0.0,30351235.900000017
2025-08-01 01:27:45 PM,834.45,3,2503.3500000000004,30353739.25000002
2025-08-01 01:29:24 PM,834.5,0,0.0,30353739.25000002
2025-08-01 01:29:25 PM,834.5,17,14186.5,30367925.75000002
2025-08-01 01:29:30 PM,834.95,3,2504.8500000000004,30370430.60000002
2025-08-01 01:30:52 PM,834.95,1,834.95,30371265.55000002
2025-08-01 01:33:18 PM,833.8,0,0.0,30371265.55000002
2025-08-01 01:33:20 PM,833.0,0,0.0,30371265.55000002
2025-08-01 01:33:21 PM,833.0,204,169932.0,30541197.55000002
2025-08-01 01:33:52 PM,832.75,0,0.0,30541197.55000002
2025-08-01 01:33:55 PM,832.75,200,166550.0,30707747.55000002
2025-08-01 01:34:02 PM,832.8,0,0.0,30707747.55000002
2025-08-01 01:34:04 PM,832.8,5,4164.0,30711911.55000002
2025-08-01 01:34:12 PM,832.9,0,0.0,30711911.55000002
2025-08-01 01:34:14 PM,832.9,38,31650.2,30743561.75000002
2025-08-01 01:34:24 PM,832.9,12,9994.8,30753556.55000002
2025-08-01 01:34:37 PM,832.9,5,4164.5,30757721.05000002
2025-08-01 01:35:24 PM,832.75,0,0.0,30757721.05000002
2025-08-01 01:35:25 PM,832.75,12,9993.0,30767714.05000002
2025-08-01 01:37:04 PM,832.0,0,0.0,30767714.05000002
2025-08-01 01:37:07 PM,832.0,340,282880.0,31050594.05000002
2025-08-01 01:37:08 PM,831.6,0,0.0,31050594.05000002
2025-08-01 01:37:12 PM,831.6,2,1663.2,31052257.25000002
2025-08-01 01:37:14 PM,831.25,0,0.0,31052257.25000002
2025-08-01 01:37:17 PM,831.25,8,6650.0,31058907.25000002
2025-08-01 01:37:56 PM,831.25,52,43225.0,31102132.25000002
2025-08-01 01:38:05 PM,831.0,0,0.0,31102132.25000002
2025-08-01 01:38:07 PM,831.0,51,42381.0,31144513.25000002
2025-08-01 01:38:14 PM,830.0,0,0.0,31144513.25000002
2025-08-01 01:38:18 PM,830.0,33,27390.0,31171903.25000002
2025-08-01 01:38:24 PM,829.5,1,829.5,31172732.75000002
2025-08-01 01:38:45 PM,829.15,1,829.15,31173561.900000017
2025-08-01 01:38:50 PM,829.4,0,0.0,31173561.900000017
2025-08-01 01:38:51 PM,829.4,25,20735.0,31194296.900000017
2025-08-01 01:38:54 PM,829.2,0,0.0,31194296.900000017
2025-08-01 01:38:56 PM,829.2,1,829.2,31195126.100000016
2025-08-01 01:39:07 PM,829.2,1,829.2,31195955.300000016
2025-08-01 01:39:28 PM,829.15,0,0.0,31195955.300000016
2025-08-01 01:39:28 PM,829.15,19,15753.85,31211709.150000017
2025-08-01 01:39:38 PM,829.15,2,1658.3,31213367.450000018
2025-08-01 01:39:53 PM,829.15,10,8291.5,31221658.950000018
2025-08-01 01:39:54 PM,829.6,383,317736.8,31539395.75000002
2025-08-01 01:39:58 PM,829.6,3,2488.8,31541884.55000002
2025-08-01 01:40:02 PM,829.85,0,0.0,31541884.55000002
2025-08-01 01:40:03 PM,829.85,13,10788.050000000001,31552672.60000002
2025-08-01 01:40:19 PM,829.85,2,1659.7,31554332.30000002
2025-08-01 01:40:48 PM,830.15,0,0.0,31554332.30000002
2025-08-01 01:40:49 PM,830.15,1,830.15,31555162.450000018
2025-08-01 01:41:02 PM,830.6,0,0.0,31555162.450000018
2025-08-01 01:41:03 PM,830.6,8,6644.8,31561807.25000002
2025-08-01 01:41:09 PM,830.6,16,13289.6,31575096.85000002
2025-08-01 01:41:26 PM,831.15,0,0.0,31575096.85000002
2025-08-01 01:41:28 PM,831.25,20,16625.0,31591721.85000002
2025-08-01 01:41:33 PM,830.5,2,1661.0,31593382.85000002
2025-08-01 01:41:56 PM,830.35,0,0.0,31593382.85000002
2025-08-01 01:41:57 PM,830.35,25,20758.75,31614141.60000002
2025-08-01 01:42:24 PM,829.9,0,0.0,31614141.60000002
2025-08-01 01:42:27 PM,829.9,200,165980.0,31780121.60000002
2025-08-01 01:43:21 PM,830.85,5,4154.25,31784275.85000002
2025-08-01 01:45:18 PM,829.95,0,0.0,31784275.85000002
2025-08-01 01:45:21 PM,829.95,82,68055.90000000001,31852331.75000002
2025-08-01 01:45:28 PM,830.55,0,0.0,31852331.75000002
2025-08-01 01:45:31 PM,830.55,14,11627.699999999999,31863959.450000018
2025-08-01 01:46:30 PM,830.55,9,7474.95,31871434.400000017
2025-08-01 01:47:22 PM,830.55,3,2491.6499999999996,31873926.050000016
2025-08-01 01:47:46 PM,830.55,4,3322.2,31877248.250000015
2025-08-01 01:47:50 PM,830.55,1,830.55,31878078.800000016
2025-08-01 01:48:41 PM,829.3,584,484311.19999999995,32362390.000000015
2025-08-01 01:48:48 PM,829.0,0,0.0,32362390.000000015
2025-08-01 01:48:50 PM,829.0,4,3316.0,32365706.000000015
2025-08-01 01:49:38 PM,829.3,0,0.0,32365706.000000015
2025-08-01 01:49:43 PM,829.3,1,829.3,32366535.300000016
2025-08-01 01:50:28 PM,829.0,0,0.0,32366535.300000016
2025-08-01 01:50:32 PM,829.0,8,6632.0,32373167.300000016
2025-08-01 01:50:51 PM,829.0,1,829.0,32373996.300000016
2025-08-01 01:52:38 PM,828.7,0,0.0,32373996.300000016
2025-08-01 01:52:38 PM,828.7,4,3314.8,32377311.100000016
2025-08-01 01:52:42 PM,828.75,0,0.0,32377311.100000016
2025-08-01 01:52:43 PM,828.75,1,828.75,32378139.850000016
2025-08-01 01:53:18 PM,828.7,4,3314.8,32381454.650000017
2025-08-01 01:53:40 PM,828.5,61,50538.5,32431993.150000017
2025-08-01 01:53:41 PM,827.8,0,0.0,32431993.150000017
2025-08-01 01:53:41 PM,827.8,25,20695.0,32452688.150000017
2025-08-01 01:53:50 PM,828.5,0,0.0,32452688.150000017
2025-08-01 01:53:51 PM,828.25,0,0.0,32452688.150000017
2025-08-01 01:53:51 PM,828.25,670,554927.5,33007615.650000017
2025-08-01 01:53:58 PM,828.75,0,0.0,33007615.650000017
2025-08-01 01:54:00 PM,828.75,102,84532.5,33092148.150000017
2025-08-01 01:55:02 PM,828.1,0,0.0,33092148.150000017
2025-08-01 01:55:03 PM,828.1,25,20702.5,33112850.650000017
2025-08-01 01:55:04 PM,828.85,0,0.0,33112850.650000017
2025-08-01 01:55:07 PM,828.85,10,8288.5,33121139.150000017
2025-08-01 01:55:11 PM,828.8,0,0.0,33121139.150000017
2025-08-01 01:55:12 PM,828.8,1,828.8,33121967.950000018
2025-08-01 01:55:28 PM,828.25,0,0.0,33121967.950000018
2025-08-01 01:55:33 PM,828.25,12,9939.0,33131906.950000018
2025-08-01 01:55:37 PM,828.25,18,14908.5,33146815.450000018
2025-08-01 01:56:42 PM,828.25,11,9110.75,33155926.200000018
2025-08-01 01:58:05 PM,828.25,9,7454.25,33163380.450000018
2025-08-01 01:59:18 PM,828.0,0,0.0,33163380.450000018
2025-08-01 01:59:21 PM,828.0,12,9936.0,33173316.450000018
2025-08-01 02:00:26 PM,828.25,11,9110.75,33182427.200000018
2025-08-01 02:00:29 PM,828.45,0,0.0,33182427.200000018
2025-08-01 02:00:31 PM,828.45,7,5799.150000000001,33188226.350000016
2025-08-01 02:00:58 PM,828.8,0,0.0,33188226.350000016
2025-08-01 02:00:59 PM,828.8,1,828.8,33189055.150000017
2025-08-01 02:01:39 PM,828.95,0,0.0,33189055.150000017
2025-08-01 02:01:43 PM,828.95,7,5802.650000000001,33194857.800000016
2025-08-01 02:01:53 PM,828.25,0,0.0,33194857.800000016
2025-08-01 02:01:53 PM,828.25,126,104359.5,33299217.300000016
2025-08-01 02:02:06 PM,828.45,0,0.0,33299217.300000016
2025-08-01 02:02:08 PM,828.45,5,4142.25,33303359.550000016
2025-08-01 02:03:00 PM,827.5,0,0.0,33303359.550000016
2025-08-01 02:03:02 PM,827.3,273,225852.9,33529212.450000014
2025-08-01 02:03:02 PM,827.35,0,0.0,33529212.450000014
2025-08-01 02:03:07 PM,827.35,79,65360.65,33594573.10000002
2025-08-01 02:03:26 PM,827.6,0,0.0,33594573.10000002
2025-08-01 02:03:28 PM,827.6,2,1655.2,33596228.30000002
2025-08-01 02:03:30 PM,827.95,0,0.0,33596228.30000002
2025-08-01 02:03:33 PM,827.95,7,5795.650000000001,33602023.95000002
2025-08-01 02:03:48 PM,827.95,6,4967.700000000001,33606991.65000002
2025-08-01 02:04:33 PM,827.95,5,4139.75,33611131.40000002
2025-08-01 02:04:34 PM,828.1,21,17390.100000000002,33628521.50000002
2025-08-01 02:05:41 PM,827.5,0,0.0,33628521.50000002
2025-08-01 02:05:44 PM,827.5,12,9930.0,33638451.50000002
2025-08-01 02:06:07 PM,827.25,0,0.0,33638451.50000002
2025-08-01 02:06:08 PM,827.25,12,9927.0,33648378.50000002
2025-08-01 02:06:19 PM,827.0,0,0.0,33648378.50000002
2025-08-01 02:06:23 PM,827.0,15,12405.0,33660783.50000002
2025-08-01 02:07:15 PM,827.45,0,0.0,33660783.50000002
2025-08-01 02:07:16 PM,827.45,2,1654.9,33662438.40000002
2025-08-01 02:08:37 PM,827.0,1,827.0,33663265.40000002
2025-08-01 02:08:47 PM,826.0,60,49560.0,33712825.40000002
2025-08-01 02:09:03 PM,826.6,19,15705.4,33728530.80000002
2025-08-01 02:09:46 PM,826.65,0,0.0,33728530.80000002
2025-08-01 02:09:48 PM,826.65,20,16533.0,33745063.80000002
2025-08-01 02:09:52 PM,826.6,0,0.0,33745063.80000002
2025-08-01 02:09:53 PM,826.6,12,9919.2,33754983.00000002
2025-08-01 02:09:58 PM,826.6,1,826.6,33755809.600000024
2025-08-01 02:10:00 PM,826.65,0,0.0,33755809.600000024
2025-08-01 02:10:03 PM,826.65,3,2479.95,33758289.55000003
2025-08-01 02:10:20 PM,826.0,0,0.0,33758289.55000003
2025-08-01 02:10:23 PM,826.0,60,49560.0,33807849.55000003
2025-08-01 02:10:48 PM,826.0,92,75992.0,33883841.55000003
2025-08-01 02:10:51 PM,825.5,0,0.0,33883841.55000003
2025-08-01 02:10:53 PM,825.5,700,577850.0,34461691.55000003
2025-08-01 02:11:04 PM,825.5,6,4953.0,34466644.55000003
2025-08-01 02:11:08 PM,825.95,0,0.0,34466644.55000003
2025-08-01 02:11:09 PM,825.95,80,66076.0,34532720.55000003
2025-08-01 02:11:12 PM,826.45,0,0.0,34532720.55000003
2025-08-01 02:11:15 PM,826.45,6,4958.700000000001,34537679.25000003
2025-08-01 02:11:33 PM,826.7,0,0.0,34537679.25000003
2025-08-01 02:11:36 PM,826.7,10,8267.0,34545946.25000003
2025-08-01 02:11:46 PM,826.7,5,4133.5,34550079.75000003
2025-08-01 02:12:00 PM,826.95,0,0.0,34550079.75000003
2025-08-01 02:12:01 PM,826.95,7,5788.650000000001,34555868.40000003
2025-08-01 02:12:08 PM,826.85,0,0.0,34555868.40000003
2025-08-01 02:12:10 PM,826.9,0,0.0,34555868.40000003
2025-08-01 02:12:12 PM,826.9,21,17364.899999999998,34573233.30000003
2025-08-01 02:12:33 PM,826.95,7,5788.650000000001,34579021.950000025
2025-08-01 02:12:52 PM,826.4,7,5784.8,34584806.75000002
2025-08-01 02:14:18 PM,825.2,0,0.0,34584806.75000002
2025-08-01 02:14:18 PM,825.2,30,24756.0,34609562.75000002
2025-08-01 02:14:52 PM,825.85,87,71848.95,34681411.700000025
2025-08-01 02:16:34 PM,825.05,20,16501.0,34697912.700000025
2025-08-01 02:17:02 PM,825.05,29,23926.449999999997,34721839.15000003
2025-08-01 02:17:26 PM,825.95,0,0.0,34721839.15000003
2025-08-01 02:17:28 PM,825.95,60,49557.0,34771396.15000003
2025-08-01 02:17:38 PM,825.65,0,0.0,34771396.15000003
2025-08-01 02:17:38 PM,825.65,15,12384.75,34783780.90000003
2025-08-01 02:17:40 PM,825.75,0,0.0,34783780.90000003
2025-08-01 02:17:43 PM,825.75,12,9909.0,34793689.90000003
2025-08-01 02:17:53 PM,825.75,10,8257.5,34801947.40000003
2025-08-01 02:18:29 PM,826.5,222,183483.0,34985430.40000003
2025-08-01 02:18:48 PM,826.25,0,0.0,34985430.40000003
2025-08-01 02:18:49 PM,826.45,223,184298.35,35169728.75000003
2025-08-01 02:19:06 PM,825.15,0,0.0,35169728.75000003
2025-08-01 02:19:10 PM,825.15,13,10726.949999999999,35180455.70000003
2025-08-01 02:19:26 PM,825.6,23,18988.8,35199444.50000003
2025-08-01 02:19:50 PM,825.2,0,0.0,35199444.50000003
2025-08-01 02:19:52 PM,825.2,819,675838.8,35875283.30000003
2025-08-01 02:19:57 PM,824.0,641,528184.0,36403467.30000003
2025-08-01 02:20:00 PM,823.9,0,0.0,36403467.30000003
2025-08-01 02:20:02 PM,824.0,0,0.0,36403467.30000003
2025-08-01 02:20:02 PM,824.0,30,24720.0,36428187.30000003
2025-08-01 02:20:26 PM,824.2,0,0.0,36428187.30000003
2025-08-01 02:20:28 PM,824.2,14,11538.800000000001,36439726.100000024
2025-08-01 02:20:38 PM,824.25,0,0.0,36439726.100000024
2025-08-01 02:20:38 PM,824.25,418,344536.5,36784262.600000024
2025-08-01 02:20:42 PM,822.95,0,0.0,36784262.600000024
2025-08-01 02:20:43 PM,822.95,57,46908.15,36831170.75000002
2025-08-01 02:20:48 PM,822.95,79,65013.05,36896183.80000002
2025-08-01 02:21:00 PM,822.4,0,0.0,36896183.80000002
2025-08-01 02:21:00 PM,823.0,0,0.0,36896183.80000002
2025-08-01 02:21:03 PM,823.0,59,48557.0,36944740.80000002
2025-08-01 02:21:06 PM,823.45,0,0.0,36944740.80000002
2025-08-01 02:21:08 PM,823.45,9,7411.05,36952151.85000002
2025-08-01 02:21:24 PM,823.45,1,823.45,36952975.30000002
2025-08-01 02:21:39 PM,823.5,0,0.0,36952975.30000002
2025-08-01 02:21:40 PM,823.5,12,9882.0,36962857.30000002
2025-08-01 02:21:50 PM,823.5,60,49410.0,37012267.30000002
2025-08-01 02:22:01 PM,823.1,1,823.1,37013090.40000002
2025-08-01 02:22:28 PM,820.8,431,353764.8,37366855.20000002
2025-08-01 02:22:34 PM,821.15,0,0.0,37366855.20000002
2025-08-01 02:22:34 PM,821.15,10,8211.5,37375066.70000002
2025-08-01 02:22:39 PM,820.4,25,20510.0,37395576.70000002
2025-08-01 02:22:41 PM,820.95,0,0.0,37395576.70000002
2025-08-01 02:22:44 PM,820.95,164,134635.80000000002,37530212.500000015
2025-08-01 02:22:46 PM,821.15,0,0.0,37530212.500000015
2025-08-01 02:22:49 PM,821.15,20,16423.0,37546635.500000015
2025-08-01 02:22:55 PM,821.85,0,0.0,37546635.500000015
2025-08-01 02:22:55 PM,821.85,2,1643.7,37548279.20000002
2025-08-01 02:23:06 PM,820.5,0,0.0,37548279.20000002
2025-08-01 02:23:06 PM,820.5,301,246970.5,37795249.70000002
2025-08-01 02:23:11 PM,820.8,30,24624.0,37819873.70000002
2025-08-01 02:23:38 PM,820.6,1,820.6,37820694.30000002
2025-08-01 02:24:29 PM,820.75,0,0.0,37820694.30000002
2025-08-01 02:24:30 PM,820.75,65,53348.75,37874043.05000002
2025-08-01 02:25:27 PM,820.6,0,0.0,37874043.05000002
2025-08-01 02:25:29 PM,820.6,10,8206.0,37882249.05000002
2025-08-01 02:25:42 PM,820.55,0,0.0,37882249.05000002
2025-08-01 02:25:46 PM,820.55,7,5743.849999999999,37887992.90000002
2025-08-01 02:25:48 PM,820.5,0,0.0,37887992.90000002
2025-08-01 02:25:51 PM,820.5,5,4102.5,37892095.40000002
2025-08-01 02:25:54 PM,820.6,0,0.0,37892095.40000002
2025-08-01 02:25:56 PM,820.6,25,20515.0,37912610.40000002
2025-08-01 02:26:03 PM,820.1,0,0.0,37912610.40000002
2025-08-01 02:26:06 PM,820.1,11,9021.1,37921631.50000002
2025-08-01 02:26:10 PM,821.3,0,0.0,37921631.50000002
2025-08-01 02:26:12 PM,821.3,195,160153.5,38081785.00000002
2025-08-01 02:26:17 PM,821.85,9,7396.650000000001,38089181.65000002
2025-08-01 02:26:32 PM,821.45,0,0.0,38089181.65000002
2025-08-01 02:26:32 PM,821.45,32,26286.4,38115468.05000002
2025-08-01 02:26:36 PM,821.85,0,0.0,38115468.05000002
2025-08-01 02:26:38 PM,821.85,1,821.85,38116289.90000002
2025-08-01 02:26:59 PM,821.45,5,4107.25,38120397.15000002
2025-08-01 02:27:32 PM,820.15,250,205037.5,38325434.65000002
2025-08-01 02:27:33 PM,821.5,0,0.0,38325434.65000002
2025-08-01 02:27:36 PM,821.35,0,0.0,38325434.65000002
2025-08-01 02:27:37 PM,821.35,12,9856.2,38335290.850000024
2025-08-01 02:27:56 PM,821.05,0,0.0,38335290.850000024
2025-08-01 02:27:58 PM,821.05,10,8210.5,38343501.350000024
2025-08-01 02:28:02 PM,820.95,0,0.0,38343501.350000024
2025-08-01 02:28:04 PM,820.95,6,4925.700000000001,38348427.05000003
2025-08-01 02:28:21 PM,820.75,5,4103.75,38352530.80000003
2025-08-01 02:28:26 PM,820.75,2,1641.5,38354172.30000003
2025-08-01 02:29:20 PM,820.5,0,0.0,38354172.30000003
2025-08-01 02:29:22 PM,820.5,122,100101.0,38454273.30000003
2025-08-01 02:29:33 PM,821.35,100,82135.0,38536408.30000003
2025-08-01 02:29:40 PM,821.35,13,10677.550000000001,38547085.850000024
2025-08-01 02:30:03 PM,821.55,0,0.0,38547085.850000024
2025-08-01 02:30:06 PM,821.55,60,49293.0,38596378.850000024
2025-08-01 02:30:17 PM,821.3,0,0.0,38596378.850000024
2025-08-01 02:30:17 PM,821.3,1,821.3,38597200.15000002
2025-08-01 02:31:18 PM,820.35,1,820.35,38598020.50000002
2025-08-01 02:31:21 PM,820.85,0,0.0,38598020.50000002
2025-08-01 02:31:22 PM,820.85,339,278268.15,38876288.65000002
2025-08-01 02:31:27 PM,820.0,0,0.0,38876288.65000002
2025-08-01 02:31:28 PM,820.0,1,820.0,38877108.65000002
2025-08-01 02:32:00 PM,820.8,0,0.0,38877108.65000002
2025-08-01 02:32:00 PM,820.8,8,6566.4,38883675.05000002
2025-08-01 02:32:28 PM,821.35,34,27925.9,38911600.95000002
2025-08-01 02:32:31 PM,821.45,0,0.0,38911600.95000002
2025-08-01 02:32:32 PM,821.45,67,55037.15,38966638.10000002
2025-08-01 02:32:47 PM,820.95,0,0.0,38966638.10000002
2025-08-01 02:32:47 PM,821.5,0,0.0,38966638.10000002
2025-08-01 02:32:48 PM,821.5,15,12322.5,38978960.60000002
2025-08-01 02:32:54 PM,821.7,10,8217.0,38987177.60000002
2025-08-01 02:32:58 PM,821.1,0,0.0,38987177.60000002
2025-08-01 02:32:59 PM,821.1,15,12316.5,38999494.10000002
2025-08-01 02:33:01 PM,821.55,0,0.0,38999494.10000002
2025-08-01 02:33:02 PM,821.55,18,14787.9,39014282.000000015
2025-08-01 02:34:28 PM,821.55,80,65724.0,39080006.000000015
2025-08-01 02:34:30 PM,821.55,4,3286.2,39083292.20000002
2025-08-01 02:34:49 PM,821.05,0,0.0,39083292.20000002
2025-08-01 02:34:49 PM,821.05,30,24631.5,39107923.70000002
2025-08-01 02:34:52 PM,821.55,2,1643.1,39109566.80000002
2025-08-01 02:35:22 PM,821.55,19,15609.449999999999,39125176.25000002
2025-08-01 02:35:34 PM,821.1,0,0.0,39125176.25000002
2025-08-01 02:35:35 PM,821.1,3,2463.3,39127639.55000002
2025-08-01 02:35:38 PM,821.05,0,0.0,39127639.55000002
2025-08-01 02:35:41 PM,821.05,1,821.05,39128460.60000002
2025-08-01 02:35:42 PM,821.0,0,0.0,39128460.60000002
2025-08-01 02:35:44 PM,821.0,48,39408.0,39167868.60000002
2025-08-01 02:36:51 PM,821.5,7,5750.5,39173619.10000002
2025-08-01 02:37:09 PM,820.2,0,0.0,39173619.10000002
2025-08-01 02:37:11 PM,820.2,1281,1050676.2,40224295.30000002
2025-08-01 02:37:12 PM,820.35,0,0.0,40224295.30000002
2025-08-01 02:37:13 PM,820.35,178,146022.30000000002,40370317.60000002
2025-08-01 02:37:18 PM,820.3,18,14765.4,40385083.000000015
2025-08-01 02:37:30 PM,820.2,0,0.0,40385083.000000015
2025-08-01 02:37:32 PM,820.2,10,8202.0,40393285.000000015
2025-08-01 02:37:33 PM,820.2,1,820.2,40394105.20000002
2025-08-01 02:38:17 PM,819.75,0,0.0,40394105.20000002
2025-08-01 02:38:17 PM,819.75,12,9837.0,40403942.20000002
2025-08-01 02:38:24 PM,819.15,0,0.0,40403942.20000002
2025-08-01 02:38:27 PM,819.15,72,58978.799999999996,40462921.000000015
2025-08-01 02:38:28 PM,819.45,0,0.0,40462921.000000015
2025-08-01 02:38:28 PM,819.45,59,48347.55,40511268.55000001
2025-08-01 02:38:50 PM,819.8,0,0.0,40511268.55000001
2025-08-01 02:38:51 PM,819.8,7,5738.599999999999,40517007.15000001
2025-08-01 02:38:54 PM,819.05,0,0.0,40517007.15000001
2025-08-01 02:38:55 PM,819.05,75,61428.75,40578435.90000001
2025-08-01 02:39:22 PM,819.0,0,0.0,40578435.90000001
2025-08-01 02:39:25 PM,819.0,34,27846.0,40606281.90000001
2025-08-01 02:39:27 PM,819.8,0,0.0,40606281.90000001
2025-08-01 02:39:30 PM,819.8,122,100015.59999999999,40706297.500000015
2025-08-01 02:39:39 PM,820.05,0,0.0,40706297.500000015
2025-08-01 02:39:42 PM,820.05,7,5740.349999999999,40712037.85000002
2025-08-01 02:39:50 PM,820.3,0,0.0,40712037.85000002
2025-08-01 02:39:53 PM,820.3,5,4101.5,40716139.35000002
2025-08-01 02:39:58 PM,820.3,16,13124.8,40729264.15000001
2025-08-01 02:40:26 PM,819.95,0,0.0,40729264.15000001
2025-08-01 02:40:26 PM,819.95,13,10659.35,40739923.500000015
2025-08-01 02:40:34 PM,820.3,0,0.0,40739923.500000015
2025-08-01 02:40:37 PM,820.3,1,820.3,40740743.80000001
2025-08-01 02:41:17 PM,819.85,0,0.0,40740743.80000001
2025-08-01 02:41:21 PM,819.85,20,16397.0,40757140.80000001
2025-08-01 02:42:26 PM,820.6,0,0.0,40757140.80000001
2025-08-01 02:42:30 PM,820.6,30,24618.0,40781758.80000001
2025-08-01 02:42:36 PM,819.75,0,0.0,40781758.80000001
2025-08-01 02:42:40 PM,819.75,10,8197.5,40789956.30000001
2025-08-01 02:42:54 PM,819.65,0,0.0,40789956.30000001
2025-08-01 02:42:55 PM,820.45,0,0.0,40789956.30000001
2025-08-01 02:42:56 PM,820.35,57,46759.950000000004,40836716.250000015
2025-08-01 02:43:18 PM,820.35,10,8203.5,40844919.750000015
2025-08-01 02:43:25 PM,820.45,8,6563.6,40851483.35000002
2025-08-01 02:43:46 PM,820.1,21,17222.100000000002,40868705.45000002
2025-08-01 02:43:51 PM,820.0,0,0.0,40868705.45000002
2025-08-01 02:43:51 PM,820.0,50,41000.0,40909705.45000002
2025-08-01 02:44:08 PM,820.0,4,3280.0,40912985.45000002
2025-08-01 02:44:20 PM,820.7,0,0.0,40912985.45000002
2025-08-01 02:44:23 PM,820.05,0,0.0,40912985.45000002
2025-08-01 02:44:24 PM,820.4,12,9844.8,40922830.250000015
2025-08-01 02:44:26 PM,820.0,0,0.0,40922830.250000015
2025-08-01 02:44:30 PM,820.0,70,57400.0,40980230.250000015
2025-08-01 02:45:04 PM,820.0,4,3280.0,40983510.250000015
2025-08-01 02:45:20 PM,820.8,0,0.0,40983510.250000015
2025-08-01 02:45:21 PM,820.05,41,33622.049999999996,41017132.30000001
2025-08-01 02:45:32 PM,820.7,0,0.0,41017132.30000001
2025-08-01 02:45:32 PM,820.7,3,2462.1000000000004,41019594.40000001
2025-08-01 02:46:01 PM,819.4,0,0.0,41019594.40000001
2025-08-01 02:46:04 PM,819.4,153,125368.2,41144962.60000002
2025-08-01 02:46:11 PM,819.4,5,4097.0,41149059.60000002
2025-08-01 02:46:28 PM,819.4,2,1638.8,41150698.40000001
2025-08-01 02:46:39 PM,819.4,1,819.4,41151517.80000001
2025-08-01 02:47:07 PM,819.1,0,0.0,41151517.80000001
2025-08-01 02:47:07 PM,819.1,12,9829.2,41161347.000000015
2025-08-01 02:47:12 PM,819.35,0,0.0,41161347.000000015
2025-08-01 02:47:12 PM,819.35,6,4916.1,41166263.10000002
2025-08-01 02:47:18 PM,819.45,46,37694.700000000004,41203957.80000002
2025-08-01 02:47:46 PM,820.05,16,13120.8,41217078.60000002
2025-08-01 02:47:51 PM,820.15,0,0.0,41217078.60000002
2025-08-01 02:47:52 PM,820.15,16,13122.4,41230201.000000015
2025-08-01 02:48:26 PM,820.0,0,0.0,41230201.000000015
2025-08-01 02:48:26 PM,820.0,70,57400.0,41287601.000000015
2025-08-01 02:48:33 PM,819.7,0,0.0,41287601.000000015
2025-08-01 02:48:33 PM,819.7,7,5737.900000000001,41293338.90000001
2025-08-01 02:48:43 PM,819.7,13,10656.1,41303995.000000015
2025-08-01 02:48:45 PM,819.85,0,0.0,41303995.000000015
2025-08-01 02:48:48 PM,819.85,13,10658.050000000001,41314653.05000001
2025-08-01 02:48:51 PM,820.4,0,0.0,41314653.05000001
2025-08-01 02:48:54 PM,820.4,1,820.4,41315473.45000001
2025-08-01 02:49:05 PM,820.4,3,2461.2,41317934.65000001
2025-08-01 02:49:08 PM,820.2,0,0.0,41317934.65000001
2025-08-01 02:49:11 PM,819.85,9,7378.650000000001,41325313.30000001
2025-08-01 02:49:33 PM,821.6,0,0.0,41325313.30000001
2025-08-01 02:49:33 PM,821.6,48,39436.8,41364750.10000001
2025-08-01 02:49:43 PM,821.2,0,0.0,41364750.10000001
2025-08-01 02:49:44 PM,820.55,669,548947.95,41913698.05000001
2025-08-01 02:49:52 PM,819.7,0,0.0,41913698.05000001
2025-08-01 02:49:53 PM,820.0,0,0.0,41913698.05000001
2025-08-01 02:49:55 PM,820.0,190,155800.0,42069498.05000001
2025-08-01 02:50:02 PM,820.85,0,0.0,42069498.05000001
2025-08-01 02:50:07 PM,820.85,3,2462.55,42071960.60000001
2025-08-01 02:50:14 PM,820.6,0,0.0,42071960.60000001
2025-08-01 02:50:16 PM,820.45,0,0.0,42071960.60000001
2025-08-01 02:50:17 PM,820.45,76,62354.200000000004,42134314.80000001
2025-08-01 02:50:23 PM,820.45,5,4102.25,42138417.05000001
2025-08-01 02:50:24 PM,818.65,0,0.0,42138417.05000001
2025-08-01 02:50:26 PM,818.5,0,0.0,42138417.05000001
2025-08-01 02:50:28 PM,818.5,522,427257.0,42565674.05000001
2025-08-01 02:50:33 PM,818.6,0,0.0,42565674.05000001
2025-08-01 02:50:34 PM,818.6,73,59757.8,42625431.85000001
2025-08-01 02:50:44 PM,818.95,4,3275.8,42628707.650000006
2025-08-01 02:50:53 PM,818.05,0,0.0,42628707.650000006
2025-08-01 02:50:55 PM,818.05,1,818.05,42629525.7
2025-08-01 02:50:59 PM,818.9,0,0.0,42629525.7
2025-08-01 02:51:00 PM,818.9,28,22929.2,42652454.900000006
2025-08-01 02:51:04 PM,818.05,0,0.0,42652454.900000006
2025-08-01 02:51:06 PM,817.1,205,167505.5,42819960.400000006
2025-08-01 02:51:10 PM,818.0,0,0.0,42819960.400000006
2025-08-01 02:51:12 PM,818.0,18,14724.0,42834684.400000006
2025-08-01 02:51:17 PM,817.8,37,30258.6,42864943.00000001
2025-08-01 02:52:11 PM,817.8,1,817.8,42865760.800000004
2025-08-01 02:52:22 PM,817.75,0,0.0,42865760.800000004
2025-08-01 02:52:22 PM,817.75,8,6542.0,42872302.800000004
2025-08-01 02:52:33 PM,817.1,2,1634.2,42873937.00000001
2025-08-01 02:52:37 PM,817.7,10,8177.0,42882114.00000001
2025-08-01 02:52:54 PM,817.0,46,37582.0,42919696.00000001
2025-08-01 02:53:04 PM,817.05,10,8170.5,42927866.50000001
2025-08-01 02:53:05 PM,817.65,1,817.65,42928684.150000006
2025-08-01 02:53:25 PM,817.0,25,20425.0,42949109.150000006
2025-08-01 02:53:30 PM,817.5,0,0.0,42949109.150000006
2025-08-01 02:53:31 PM,817.5,10,8175.0,42957284.150000006
2025-08-01 02:53:36 PM,817.0,185,151145.0,43108429.150000006
2025-08-01 02:53:37 PM,817.45,0,0.0,43108429.150000006
2025-08-01 02:53:38 PM,817.45,1,817.45,43109246.60000001
2025-08-01 02:53:57 PM,817.5,0,0.0,43109246.60000001
2025-08-01 02:53:57 PM,817.5,1,817.5,43110064.10000001
2025-08-01 02:54:01 PM,816.7,0,0.0,43110064.10000001
2025-08-01 02:54:02 PM,817.35,51,41684.85,43151748.95000001
2025-08-01 02:54:05 PM,817.55,9,7357.95,43159106.90000001
2025-08-01 02:54:16 PM,817.1,0,0.0,43159106.90000001
2025-08-01 02:54:16 PM,817.1,1,817.1,43159924.000000015
2025-08-01 02:54:30 PM,817.25,0,0.0,43159924.000000015
2025-08-01 02:54:32 PM,817.25,20,16345.0,43176269.000000015
2025-08-01 02:54:43 PM,816.25,0,0.0,43176269.000000015
2025-08-01 02:54:45 PM,816.25,25,20406.25,43196675.250000015
2025-08-01 02:55:04 PM,816.3,2,1632.6,43198307.85000002
2025-08-01 02:55:30 PM,815.7,0,0.0,43198307.85000002
2025-08-01 02:55:30 PM,815.7,1679,1369560.3,44567868.15000001
2025-08-01 02:55:34 PM,814.7,0,0.0,44567868.15000001
2025-08-01 02:55:35 PM,814.8,0,0.0,44567868.15000001
2025-08-01 02:55:37 PM,814.8,322,262365.6,44830233.750000015
2025-08-01 02:55:38 PM,812.75,0,0.0,44830233.750000015
2025-08-01 02:55:39 PM,813.45,0,0.0,44830233.750000015
2025-08-01 02:55:41 PM,813.6,126,102513.6,44932747.35000002
2025-08-01 02:55:42 PM,813.0,1,813.0,44933560.35000002
2025-08-01 02:55:46 PM,812.85,0,0.0,44933560.35000002
2025-08-01 02:55:46 PM,812.85,1,812.85,44934373.20000002
2025-08-01 02:55:50 PM,813.25,0,0.0,44934373.20000002
2025-08-01 02:55:51 PM,813.3,0,0.0,44934373.20000002
2025-08-01 02:55:52 PM,813.3,21,17079.3,44951452.500000015
2025-08-01 02:55:55 PM,813.15,0,0.0,44951452.500000015
2025-08-01 02:55:57 PM,813.2,616,500931.2,45452383.70000002
2025-08-01 02:55:59 PM,813.1,0,0.0,45452383.70000002
2025-08-01 02:56:02 PM,813.1,19,15448.9,45467832.60000002
2025-08-01 02:56:11 PM,813.25,0,0.0,45467832.60000002
2025-08-01 02:56:14 PM,813.85,0,0.0,45467832.60000002
2025-08-01 02:56:14 PM,813.85,12,9766.2,45477598.80000002
2025-08-01 02:56:47 PM,812.65,0,0.0,45477598.80000002
2025-08-01 02:56:47 PM,812.65,85,69075.25,45546674.05000002
2025-08-01 02:56:50 PM,813.05,0,0.0,45546674.05000002
2025-08-01 02:56:53 PM,813.05,10,8130.5,45554804.55000002
2025-08-01 02:57:07 PM,812.9,0,0.0,45554804.55000002
2025-08-01 02:57:10 PM,812.9,88,71535.2,45626339.75000002
2025-08-01 02:57:16 PM,812.7,2,1625.4,45627965.15000002
2025-08-01 02:57:19 PM,813.0,0,0.0,45627965.15000002
2025-08-01 02:57:21 PM,813.0,59,47967.0,45675932.15000002
2025-08-01 02:57:26 PM,812.7,5,4063.5,45679995.65000002
2025-08-01 02:57:33 PM,812.6,0,0.0,45679995.65000002
2025-08-01 02:57:35 PM,813.2,0,0.0,45679995.65000002
2025-08-01 02:57:37 PM,813.2,273,222003.6,45901999.25000002
2025-08-01 02:57:58 PM,812.75,43,34948.25,45936947.50000002
2025-08-01 02:58:00 PM,813.15,3,2439.45,45939386.950000025
2025-08-01 02:58:03 PM,812.6,0,0.0,45939386.950000025
2025-08-01 02:58:04 PM,812.6,40,32504.0,45971890.950000025
2025-08-01 02:58:05 PM,812.6,12,9751.2,45981642.15000003
2025-08-01 02:58:10 PM,812.6,21,17064.600000000002,45998706.75000003
2025-08-01 02:58:22 PM,813.5,422,343297.0,46342003.75000003
2025-08-01 02:58:23 PM,813.6,0,0.0,46342003.75000003
2025-08-01 02:58:24 PM,812.85,83,67466.55,46409470.30000003
2025-08-01 02:58:50 PM,813.6,2,1627.2,46411097.50000003
2025-08-01 02:59:07 PM,813.6,1,813.6,46411911.10000003
2025-08-01 02:59:25 PM,812.85,11,8941.35,46420852.45000003
2025-08-01 02:59:26 PM,813.5,0,0.0,46420852.45000003
2025-08-01 02:59:26 PM,813.5,1,813.5,46421665.95000003
2025-08-01 03:00:00 PM,812.9,8,6503.2,46428169.150000036
2025-08-01 03:00:00 PM,813.0,0,0.0,46428169.150000036
2025-08-01 03:00:01 PM,812.9,0,0.0,46428169.150000036
2025-08-01 03:00:03 PM,813.05,113,91874.65,46520043.800000034
2025-08-01 03:00:05 PM,812.0,330,267960.0,46788003.800000034
2025-08-01 03:00:09 PM,811.1,0,0.0,46788003.800000034
2025-08-01 03:00:12 PM,812.0,241,195692.0,46983695.800000034
2025-08-01 03:00:18 PM,812.0,4,3248.0,46986943.800000034
2025-08-01 03:00:22 PM,812.0,35,28420.0,47015363.800000034
2025-08-01 03:00:27 PM,811.45,0,0.0,47015363.800000034
2025-08-01 03:00:27 PM,811.45,10,8114.5,47023478.300000034
2025-08-01 03:00:36 PM,811.45,1,811.45,47024289.75000004
2025-08-01 03:00:48 PM,811.4,1,811.4,47025101.150000036
2025-08-01 03:00:55 PM,811.45,0,0.0,47025101.150000036
2025-08-01 03:00:57 PM,811.45,95,77087.75,47102188.900000036
2025-08-01 03:01:03 PM,811.55,147,119297.84999999999,47221486.75000004
2025-08-01 03:01:06 PM,811.85,8,6494.8,47227981.550000034
2025-08-01 03:01:10 PM,811.45,0,0.0,47227981.550000034
2025-08-01 03:01:12 PM,811.45,15,12171.75,47240153.300000034
2025-08-01 03:01:18 PM,811.5,0,0.0,47240153.300000034
2025-08-01 03:01:19 PM,811.5,9,7303.5,47247456.800000034
2025-08-01 03:01:22 PM,811.5,8,6492.0,47253948.800000034
2025-08-01 03:01:22 PM,811.45,0,0.0,47253948.800000034
2025-08-01 03:01:25 PM,811.45,976,791975.2000000001,48045924.00000004
2025-08-01 03:01:30 PM,811.55,0,0.0,48045924.00000004
2025-08-01 03:01:31 PM,811.55,8,6492.4,48052416.400000036
2025-08-01 03:01:39 PM,811.95,0,0.0,48052416.400000036
2025-08-01 03:01:40 PM,811.95,9,7307.55,48059723.95000003
2025-08-01 03:01:43 PM,812.15,36,29237.399999999998,48088961.35000003
2025-08-01 03:01:49 PM,812.0,0,0.0,48088961.35000003
2025-08-01 03:01:52 PM,812.0,1,812.0,48089773.35000003
2025-08-01 03:01:54 PM,811.45,0,0.0,48089773.35000003
2025-08-01 03:01:55 PM,811.45,75,60858.75,48150632.10000003
2025-08-01 03:01:58 PM,811.95,17,13803.150000000001,48164435.25000003
2025-08-01 03:02:01 PM,811.95,2,1623.9,48166059.15000003
2025-08-01 03:02:04 PM,811.95,8,6495.6,48172554.75000003
2025-08-01 03:02:07 PM,812.05,66,53595.299999999996,48226150.05000003
2025-08-01 03:02:12 PM,811.25,0,0.0,48226150.05000003
2025-08-01 03:02:14 PM,811.25,168,136290.0,48362440.05000003
2025-08-01 03:02:22 PM,811.15,292,236855.8,48599295.850000024
2025-08-01 03:02:28 PM,812.1,34,27611.4,48626907.25000002
2025-08-01 03:02:30 PM,811.25,0,0.0,48626907.25000002
2025-08-01 03:02:32 PM,811.25,30,24337.5,48651244.75000002
2025-08-01 03:02:36 PM,812.8,0,0.0,48651244.75000002
2025-08-01 03:02:38 PM,812.8,305,247904.0,48899148.75000002
2025-08-01 03:02:41 PM,811.5,61,49501.5,48948650.25000002
2025-08-01 03:02:53 PM,812.0,3,2436.0,48951086.25000002
2025-08-01 03:02:59 PM,812.25,28,22743.0,48973829.25000002
2025-08-01 03:03:00 PM,812.0,0,0.0,48973829.25000002
2025-08-01 03:03:02 PM,812.4,77,62554.799999999996,49036384.05000002
2025-08-01 03:03:12 PM,812.3,0,0.0,49036384.05000002
2025-08-01 03:03:15 PM,812.3,6,4873.799999999999,49041257.85000002
2025-08-01 03:03:18 PM,812.55,1,812.55,49042070.40000001
2025-08-01 03:03:21 PM,812.05,26,21113.3,49063183.70000001
2025-08-01 03:03:30 PM,811.9,7,5683.3,49068867.00000001
2025-08-01 03:03:42 PM,811.9,8,6495.2,49075362.20000001
2025-08-01 03:03:51 PM,811.7,25,20292.5,49095654.70000001
2025-08-01 03:03:54 PM,812.15,1,812.15,49096466.85000001
2025-08-01 03:04:03 PM,812.15,2,1624.3,49098091.150000006
2025-08-01 03:04:06 PM,812.15,15,12182.25,49110273.400000006
2025-08-01 03:04:13 PM,812.15,2,1624.3,49111897.7
2025-08-01 03:04:19 PM,811.5,151,122536.5,49234434.2
2025-08-01 03:04:20 PM,812.2,0,0.0,49234434.2
2025-08-01 03:04:22 PM,812.2,7,5685.400000000001,49240119.6
2025-08-01 03:04:26 PM,813.35,0,0.0,49240119.6
2025-08-01 03:04:28 PM,815.35,2305,1879381.75,51119501.35
2025-08-01 03:04:31 PM,818.3,6902,5647906.6,56767407.95
2025-08-01 03:04:32 PM,818.5,0,0.0,56767407.95
2025-08-01 03:04:34 PM,820.05,541,443647.05,57211055.0
2025-08-01 03:04:37 PM,821.8,338,277768.39999999997,57488823.4
2025-08-01 03:04:39 PM,820.4,0,0.0,57488823.4
2025-08-01 03:04:40 PM,822.05,0,0.0,57488823.4
2025-08-01 03:04:40 PM,822.05,615,505560.75,57994384.15
2025-08-01 03:04:43 PM,821.95,1,821.95,57995206.1
2025-08-01 03:04:45 PM,822.05,0,0.0,57995206.1
2025-08-01 03:04:46 PM,822.05,53,43568.649999999994,58038774.75
2025-08-01 03:04:49 PM,820.85,102,83726.7,58122501.45
2025-08-01 03:04:51 PM,821.0,0,0.0,58122501.45
2025-08-01 03:04:52 PM,821.0,10,8210.0,58130711.45
2025-08-01 03:04:55 PM,819.8,69,56566.2,58187277.650000006
2025-08-01 03:04:57 PM,819.95,0,0.0,58187277.650000006
2025-08-01 03:04:58 PM,819.95,11,9019.45,58196297.10000001
2025-08-01 03:05:01 PM,820.25,2,1640.5,58197937.60000001
2025-08-01 03:05:04 PM,819.65,0,0.0,58197937.60000001
2025-08-01 03:05:04 PM,819.65,1,819.65,58198757.25000001
2025-08-01 03:05:05 PM,819.3,0,0.0,58198757.25000001
2025-08-01 03:05:05 PM,819.3,8,6554.4,58205311.650000006
2025-08-01 03:05:06 PM,819.45,0,0.0,58205311.650000006
2025-08-01 03:05:06 PM,819.45,1,819.45,58206131.10000001
2025-08-01 03:05:07 PM,819.1,2,1638.2,58207769.30000001
2025-08-01 03:05:08 PM,819.05,11,9009.55,58216778.85000001
2025-08-01 03:05:09 PM,819.4,0,0.0,58216778.85000001
2025-08-01 03:05:09 PM,819.3,34,27856.199999999997,58244635.05000001
2025-08-01 03:05:13 PM,819.6,1,819.6,58245454.65000001
2025-08-01 03:05:13 PM,819.0,9,7371.0,58252825.65000001
2025-08-01 03:05:15 PM,819.95,0,0.0,58252825.65000001
2025-08-01 03:05:15 PM,819.95,111,91014.45000000001,58343840.10000002
2025-08-01 03:05:16 PM,818.55,0,0.0,58343840.10000002
2025-08-01 03:05:16 PM,818.55,11,9004.05,58352844.15000001
2025-08-01 03:05:33 PM,817.85,58,47435.3,58400279.45000001
2025-08-01 03:05:37 PM,817.85,1,817.85,58401097.30000001
2025-08-01 03:05:50 PM,817.5,0,0.0,58401097.30000001
2025-08-01 03:05:50 PM,817.5,45,36787.5,58437884.80000001
2025-08-01 03:05:58 PM,817.4,1,817.4,58438702.20000001
2025-08-01 03:06:01 PM,816.9,57,46563.299999999996,58485265.50000001
2025-08-01 03:06:07 PM,816.3,0,0.0,58485265.50000001
2025-08-01 03:06:08 PM,816.3,19,15509.699999999999,58500775.20000001
2025-08-01 03:06:09 PM,816.9,0,0.0,58500775.20000001
2025-08-01 03:06:11 PM,816.9,2,1633.8,58502409.00000001
2025-08-01 03:06:30 PM,816.85,0,0.0,58502409.00000001
2025-08-01 03:06:32 PM,816.85,1,816.85,58503225.85000001
2025-08-01 03:06:45 PM,816.95,20,16339.0,58519564.85000001
2025-08-01 03:06:47 PM,815.4,163,132910.19999999998,58652475.05000001
2025-08-01 03:06:49 PM,815.55,0,0.0,58652475.05000001
2025-08-01 03:06:51 PM,815.25,0,0.0,58652475.05000001
2025-08-01 03:06:51 PM,815.25,27,22011.75,58674486.80000001
2025-08-01 03:06:54 PM,815.7,1,815.7,58675302.500000015
2025-08-01 03:06:57 PM,814.95,1,814.95,58676117.45000002
2025-08-01 03:07:00 PM,814.9,5,4074.5,58680191.95000002
2025-08-01 03:07:06 PM,814.85,8,6518.8,58686710.750000015
2025-08-01 03:07:19 PM,815.05,3,2445.1499999999996,58689155.90000001
2025-08-01 03:07:22 PM,814.95,4,3259.8,58692415.70000001
2025-08-01 03:07:30 PM,814.45,0,0.0,58692415.70000001
2025-08-01 03:07:31 PM,814.45,51,41536.950000000004,58733952.65000001
2025-08-01 03:07:43 PM,814.15,2,1628.3,58735580.95000001
2025-08-01 03:07:53 PM,814.45,27,21990.15,58757571.10000001
2025-08-01 03:07:55 PM,814.75,13,10591.75,58768162.85000001
2025-08-01 03:07:58 PM,814.55,0,0.0,58768162.85000001
2025-08-01 03:07:59 PM,814.55,15,12218.25,58780381.10000001
2025-08-01 03:08:01 PM,814.65,7,5702.55,58786083.650000006
2025-08-01 03:08:05 PM,814.55,2,1629.1,58787712.75000001
2025-08-01 03:08:12 PM,815.15,0,0.0,58787712.75000001
2025-08-01 03:08:14 PM,815.15,27,22009.05,58809721.800000004
2025-08-01 03:08:18 PM,814.55,4,3258.2,58812980.00000001
2025-08-01 03:08:28 PM,814.35,0,0.0,58812980.00000001
2025-08-01 03:08:30 PM,814.35,12,9772.2,58822752.20000001
2025-08-01 03:08:34 PM,814.3,0,0.0,58822752.20000001
2025-08-01 03:08:36 PM,814.3,132,107487.59999999999,58930239.80000001
2025-08-01 03:08:39 PM,813.6,1,813.6,58931053.40000001
2025-08-01 03:08:45 PM,813.05,112,91061.59999999999,59022115.000000015
2025-08-01 03:08:56 PM,814.25,0,0.0,59022115.000000015
2025-08-01 03:08:58 PM,814.25,82,66768.5,59088883.500000015
2025-08-01 03:09:04 PM,814.55,0,0.0,59088883.500000015
2025-08-01 03:09:04 PM,814.55,2,1629.1,59090512.60000002
2025-08-01 03:09:15 PM,814.7,7,5702.900000000001,59096215.500000015
2025-08-01 03:09:19 PM,813.85,0,0.0,59096215.500000015
2025-08-01 03:09:21 PM,814.45,231,188137.95,59284353.45000002
2025-08-01 03:09:27 PM,813.9,7,5697.3,59290050.750000015
2025-08-01 03:09:29 PM,814.4,8,6515.2,59296565.95000002
2025-08-01 03:09:35 PM,814.05,26,21165.3,59317731.250000015
2025-08-01 03:09:40 PM,813.85,1,813.85,59318545.10000002
2025-08-01 03:09:47 PM,814.0,4,3256.0,59321801.10000002
2025-08-01 03:09:49 PM,813.95,9,7325.55,59329126.65000001
2025-08-01 03:09:52 PM,814.0,0,0.0,59329126.65000001
2025-08-01 03:09:54 PM,814.0,71,57794.0,59386920.65000001
2025-08-01 03:10:08 PM,814.4,3,2443.2,59389363.85000002
2025-08-01 03:10:15 PM,814.05,6,4884.299999999999,59394248.15000001
2025-08-01 03:10:22 PM,814.25,16,13028.0,59407276.15000001
2025-08-01 03:10:25 PM,814.1,0,0.0,59407276.15000001
2025-08-01 03:10:25 PM,814.1,1,814.1,59408090.250000015
2025-08-01 03:10:42 PM,814.5,68,55386.0,59463476.250000015
2025-08-01 03:10:44 PM,813.8,10,8138.0,59471614.250000015
2025-08-01 03:10:49 PM,814.2,1,814.2,59472428.45000002
2025-08-01 03:10:51 PM,813.75,3,2441.25,59474869.70000002
2025-08-01 03:10:57 PM,814.1,109,88736.90000000001,59563606.60000002
2025-08-01 03:11:01 PM,814.1,22,17910.2,59581516.80000002
2025-08-01 03:11:03 PM,814.5,86,70047.0,59651563.80000002
2025-08-01 03:11:06 PM,814.6,0,0.0,59651563.80000002
2025-08-01 03:11:09 PM,815.05,0,0.0,59651563.80000002
2025-08-01 03:11:10 PM,815.05,4,3260.2,59654824.00000002
2025-08-01 03:11:14 PM,814.4,72,58636.799999999996,59713460.80000002
2025-08-01 03:11:40 PM,814.0,81,65934.0,59779394.80000002
2025-08-01 03:11:42 PM,813.9,32,26044.8,59805439.60000002
2025-08-01 03:11:50 PM,814.25,0,0.0,59805439.60000002
2025-08-01 03:11:53 PM,814.25,8,6514.0,59811953.60000002
2025-08-01 03:11:55 PM,813.9,1,813.9,59812767.500000015
2025-08-01 03:11:56 PM,813.75,0,0.0,59812767.500000015
2025-08-01 03:11:59 PM,813.75,45,36618.75,59849386.250000015
2025-08-01 03:12:01 PM,814.05,7,5698.349999999999,59855084.60000002
2025-08-01 03:12:06 PM,813.75,4,3255.0,59858339.60000002
2025-08-01 03:12:08 PM,813.75,91,74051.25,59932390.85000002
2025-08-01 03:12:12 PM,814.15,0,0.0,59932390.85000002
2025-08-01 03:12:13 PM,814.15,1,814.15,59933205.000000015
2025-08-01 03:12:14 PM,813.6,260,211536.0,60144741.000000015
2025-08-01 03:12:19 PM,814.05,7,5698.349999999999,60150439.35000002
2025-08-01 03:12:21 PM,814.15,50,40707.5,60191146.85000002
2025-08-01 03:12:25 PM,813.9,1,813.9,60191960.750000015
2025-08-01 03:12:30 PM,814.3,0,0.0,60191960.750000015
2025-08-01 03:12:31 PM,814.3,50,40715.0,60232675.750000015
2025-08-01 03:12:34 PM,814.15,7,5699.05,60238374.80000001
2025-08-01 03:12:51 PM,812.8,244,198323.19999999998,60436698.000000015
2025-08-01 03:12:54 PM,812.45,2,1624.9,60438322.90000001
2025-08-01 03:13:00 PM,813.05,16,13008.8,60451331.70000001
2025-08-01 03:13:03 PM,812.75,0,0.0,60451331.70000001
2025-08-01 03:13:04 PM,812.75,2,1625.5,60452957.20000001
2025-08-01 03:13:07 PM,812.1,313,254187.30000000002,60707144.50000001
2025-08-01 03:13:11 PM,813.15,0,0.0,60707144.50000001
2025-08-01 03:13:11 PM,813.15,142,115467.3,60822611.800000004
2025-08-01 03:13:13 PM,813.7,0,0.0,60822611.800000004
2025-08-01 03:13:14 PM,813.7,2,1627.4,60824239.2
2025-08-01 03:13:19 PM,813.1,0,0.0,60824239.2
2025-08-01 03:13:20 PM,813.1,24,19514.4,60843753.6
2025-08-01 03:13:30 PM,813.9,0,0.0,60843753.6
2025-08-01 03:13:32 PM,812.85,104,84536.40000000001,60928290.0
2025-08-01 03:13:41 PM,813.7,17,13832.900000000001,60942122.9
2025-08-01 03:13:44 PM,813.8,1,813.8,60942936.699999996
2025-08-01 03:13:47 PM,812.9,40,32516.0,60975452.699999996
2025-08-01 03:13:48 PM,812.7,0,0.0,60975452.699999996
2025-08-01 03:13:50 PM,812.7,40,32508.0,61007960.699999996
2025-08-01 03:13:56 PM,813.8,6,4882.799999999999,61012843.49999999
2025-08-01 03:14:01 PM,813.35,0,0.0,61012843.49999999
2025-08-01 03:14:02 PM,813.35,21,17080.350000000002,61029923.849999994
2025-08-01 03:14:04 PM,812.7,0,0.0,61029923.849999994
2025-08-01 03:14:05 PM,812.7,12,9752.400000000001,61039676.24999999
2025-08-01 03:14:09 PM,813.0,6,4878.0,61044554.24999999
2025-08-01 03:14:12 PM,812.15,311,252578.65,61297132.89999999
2025-08-01 03:14:15 PM,813.35,71,57747.85,61354880.74999999
2025-08-01 03:14:21 PM,812.0,143,116116.0,61470996.74999999
2025-08-01 03:14:24 PM,812.65,7,5688.55,61476685.29999999
2025-08-01 03:14:27 PM,812.7,82,66641.40000000001,61543326.69999999
2025-08-01 03:14:30 PM,812.85,1,812.85,61544139.54999999
2025-08-01 03:14:33 PM,812.85,80,65028.0,61609167.54999999
2025-08-01 03:14:39 PM,813.25,160,130120.0,61739287.54999999
2025-08-01 03:14:45 PM,812.55,6,4875.299999999999,61744162.84999999
2025-08-01 03:14:48 PM,813.4,6,4880.4,61749043.249999985
2025-08-01 03:14:50 PM,813.05,0,0.0,61749043.249999985
2025-08-01 03:14:51 PM,813.05,1,813.05,61749856.29999998
2025-08-01 03:14:54 PM,812.4,16,12998.4,61762854.69999998
2025-08-01 03:15:00 PM,812.9,17,13819.3,61776673.99999998
2025-08-01 03:15:01 PM,812.65,0,0.0,61776673.99999998
2025-08-01 03:15:04 PM,812.85,8,6502.8,61783176.799999975
2025-08-01 03:15:12 PM,812.85,21,17069.850000000002,61800246.649999976
2025-08-01 03:15:14 PM,812.55,25,20313.75,61820560.399999976
2025-08-01 03:15:16 PM,812.85,0,0.0,61820560.399999976
2025-08-01 03:15:19 PM,812.85,10,8128.5,61828688.899999976
2025-08-01 03:15:27 PM,812.65,110,89391.5,61918080.399999976
2025-08-01 03:15:29 PM,812.4,20,16248.0,61934328.399999976
2025-08-01 03:15:32 PM,812.85,0,0.0,61934328.399999976
2025-08-01 03:15:34 PM,812.85,18,14631.300000000001,61948959.69999997
2025-08-01 03:15:37 PM,812.85,5,4064.25,61953023.94999997
2025-08-01 03:15:40 PM,812.4,0,0.0,61953023.94999997
2025-08-01 03:15:41 PM,812.4,388,315211.2,62268235.149999976
2025-08-01 03:15:44 PM,812.3,13,10559.9,62278795.049999975
2025-08-01 03:15:49 PM,812.7,10,8127.0,62286922.049999975
2025-08-01 03:15:54 PM,812.3,0,0.0,62286922.049999975
2025-08-01 03:15:56 PM,812.3,21,17058.3,62303980.34999997
2025-08-01 03:16:03 PM,812.5,204,165750.0,62469730.34999997
2025-08-01 03:16:05 PM,812.5,1,812.5,62470542.84999997
2025-08-01 03:16:10 PM,812.5,28,22750.0,62493292.84999997
2025-08-01 03:16:12 PM,812.0,20,16240.0,62509532.84999997
2025-08-01 03:16:18 PM,812.5,2,1625.0,62511157.84999997
2025-08-01 03:16:20 PM,812.45,0,0.0,62511157.84999997
2025-08-01 03:16:24 PM,812.45,26,21123.7,62532281.549999975
2025-08-01 03:16:25 PM,814.35,500,407175.0,62939456.549999975
2025-08-01 03:16:30 PM,814.2,0,0.0,62939456.549999975
2025-08-01 03:16:31 PM,814.2,1087,885035.4,63824491.94999997
2025-08-01 03:16:38 PM,816.4,556,453918.39999999997,64278410.34999997
2025-08-01 03:16:50 PM,815.7,0,0.0,64278410.34999997
2025-08-01 03:16:51 PM,815.7,50,40785.0,64319195.34999997
2025-08-01 03:16:56 PM,816.1,0,0.0,64319195.34999997
2025-08-01 03:16:58 PM,815.65,22,17944.3,64337139.64999997
2025-08-01 03:17:01 PM,815.9,0,0.0,64337139.64999997
2025-08-01 03:17:04 PM,816.35,34,27755.9,64364895.54999997
2025-08-01 03:17:13 PM,816.15,124,101202.59999999999,64466098.14999997
2025-08-01 03:17:14 PM,815.1,0,0.0,64466098.14999997
2025-08-01 03:17:18 PM,815.1,2,1630.2,64467728.34999997
2025-08-01 03:17:23 PM,815.8,0,0.0,64467728.34999997
2025-08-01 03:17:25 PM,815.8,1,815.8,64468544.14999997
2025-08-01 03:17:31 PM,815.0,14,11410.0,64479954.14999997
2025-08-01 03:17:38 PM,815.15,1,815.15,64480769.29999997
2025-08-01 03:17:43 PM,814.65,0,0.0,64480769.29999997
2025-08-01 03:17:44 PM,814.65,31,25254.149999999998,64506023.449999966
2025-08-01 03:17:48 PM,814.5,0,0.0,64506023.449999966
2025-08-01 03:17:50 PM,814.5,3,2443.5,64508466.949999966
2025-08-01 03:17:52 PM,814.5,1,814.5,64509281.449999966
2025-08-01 03:17:57 PM,814.25,84,68397.0,64577678.449999966
2025-08-01 03:17:58 PM,814.15,0,0.0,64577678.449999966
2025-08-01 03:17:59 PM,814.15,16,13026.4,64590704.849999964
2025-08-01 03:18:03 PM,814.15,491,399747.64999999997,64990452.49999996
2025-08-01 03:18:08 PM,813.75,0,0.0,64990452.49999996
2025-08-01 03:18:10 PM,813.75,21,17088.75,65007541.24999996
2025-08-01 03:18:11 PM,814.6,0,0.0,65007541.24999996
2025-08-01 03:18:12 PM,814.85,255,207786.75,65215327.99999996
2025-08-01 03:18:17 PM,815.95,28,22846.600000000002,65238174.599999964
2025-08-01 03:18:21 PM,815.15,0,0.0,65238174.599999964
2025-08-01 03:18:24 PM,815.0,31,25265.0,65263439.599999964
2025-08-01 03:18:25 PM,815.4,1,815.4,65264254.99999996
2025-08-01 03:18:27 PM,814.9,0,0.0,65264254.99999996
2025-08-01 03:18:30 PM,815.95,0,0.0,65264254.99999996
2025-08-01 03:18:30 PM,815.95,17,13871.150000000001,65278126.14999996
2025-08-01 03:18:32 PM,814.9,2,1629.8,65279755.94999996
2025-08-01 03:18:36 PM,814.5,0,0.0,65279755.94999996
2025-08-01 03:18:37 PM,814.5,27,21991.5,65301747.44999996
2025-08-01 03:18:43 PM,813.6,57,46375.200000000004,65348122.64999996
2025-08-01 03:18:49 PM,813.95,0,0.0,65348122.64999996
2025-08-01 03:18:49 PM,813.95,59,48023.05,65396145.69999996
2025-08-01 03:18:54 PM,814.15,0,0.0,65396145.69999996
2025-08-01 03:18:56 PM,814.15,1,814.15,65396959.84999996
2025-08-01 03:19:02 PM,814.8,142,115701.59999999999,65512661.44999996
2025-08-01 03:19:16 PM,815.05,8,6520.4,65519181.84999996
2025-08-01 03:19:22 PM,813.9,0,0.0,65519181.84999996
2025-08-01 03:19:23 PM,813.9,124,100923.59999999999,65620105.44999996
2025-08-01 03:19:25 PM,814.0,13,10582.0,65630687.44999996
2025-08-01 03:19:29 PM,814.5,621,505804.5,66136491.94999996
2025-08-01 03:19:36 PM,814.2,55,44781.0,66181272.94999996
2025-08-01 03:19:38 PM,814.85,1,814.85,66182087.79999996
2025-08-01 03:19:43 PM,814.9,0,0.0,66182087.79999996
2025-08-01 03:19:44 PM,814.9,65,52968.5,66235056.29999996
2025-08-01 03:19:52 PM,814.45,0,0.0,66235056.29999996
2025-08-01 03:19:55 PM,814.45,148,120538.6,66355594.89999996
2025-08-01 03:20:02 PM,815.15,58,47278.7,66402873.599999964
2025-08-01 03:20:04 PM,816.0,50,40800.0,66443673.599999964
2025-08-01 03:20:09 PM,813.9,133,108248.7,66551922.29999997
2025-08-01 03:20:20 PM,815.55,0,0.0,66551922.29999997
2025-08-01 03:20:24 PM,814.75,97,79030.75,66630953.04999997
2025-08-01 03:20:26 PM,815.0,3,2445.0,66633398.04999997
2025-08-01 03:20:38 PM,815.0,4,3260.0,66636658.04999997
2025-08-01 03:20:47 PM,815.0,10,8150.0,66644808.04999997
2025-08-01 03:20:51 PM,815.8,69,56290.2,66701098.24999997
2025-08-01 03:20:54 PM,815.45,1,815.45,66701913.69999997
2025-08-01 03:20:58 PM,815.5,6,4893.0,66706806.69999997
2025-08-01 03:21:00 PM,815.8,17,13868.599999999999,66720675.299999975
2025-08-01 03:21:05 PM,815.8,64,52211.2,66772886.49999998
2025-08-01 03:21:12 PM,815.8,9,7342.2,66780228.69999998
2025-08-01 03:21:19 PM,815.8,1,815.8,66781044.49999998
2025-08-01 03:21:28 PM,815.8,1,815.8,66781860.299999975
2025-08-01 03:21:33 PM,815.8,3,2447.3999999999996,66784307.69999997
2025-08-01 03:21:40 PM,815.8,19,15500.199999999999,66799807.899999976
2025-08-01 03:21:53 PM,815.8,8,6526.4,66806334.299999975
2025-08-01 03:21:55 PM,815.8,1,815.8,66807150.09999997
2025-08-01 03:22:00 PM,815.8,1,815.8,66807965.89999997
2025-08-01 03:22:01 PM,815.8,2,1631.6,66809597.49999997
2025-08-01 03:22:06 PM,815.8,24,19579.199999999997,66829176.69999997
2025-08-01 03:22:09 PM,816.0,0,0.0,66829176.69999997
2025-08-01 03:22:13 PM,816.0,15,12240.0,66841416.69999997
2025-08-01 03:22:20 PM,816.0,17,13872.0,66855288.69999997
2025-08-01 03:22:27 PM,815.75,0,0.0,66855288.69999997
2025-08-01 03:22:27 PM,815.75,419,341799.25,67197087.94999997
2025-08-01 03:22:34 PM,815.0,2,1630.0,67198717.94999997
2025-08-01 03:22:38 PM,815.5,0,0.0,67198717.94999997
2025-08-01 03:22:40 PM,815.5,30,24465.0,67223182.94999997
2025-08-01 03:22:47 PM,815.0,0,0.0,67223182.94999997
2025-08-01 03:22:47 PM,815.0,245,199675.0,67422857.94999997
2025-08-01 03:22:53 PM,814.6,133,108341.8,67531199.74999997
2025-08-01 03:23:00 PM,815.3,23,18751.899999999998,67549951.64999998
2025-08-01 03:23:02 PM,814.45,10,8144.5,67558096.14999998
2025-08-01 03:23:06 PM,813.85,0,0.0,67558096.14999998
2025-08-01 03:23:07 PM,813.85,10,8138.5,67566234.64999998
2025-08-01 03:23:13 PM,814.0,1,814.0,67567048.64999998
2025-08-01 03:23:20 PM,813.95,6,4883.700000000001,67571932.34999998
2025-08-01 03:23:22 PM,813.85,13,10580.050000000001,67582512.39999998
2025-08-01 03:23:27 PM,813.85,9,7324.650000000001,67589837.04999998
2025-08-01 03:23:34 PM,814.05,26,21165.3,67611002.34999998
2025-08-01 03:23:40 PM,814.0,22,17908.0,67628910.34999998
2025-08-01 03:23:42 PM,814.05,7,5698.349999999999,67634608.69999997
2025-08-01 03:24:00 PM,814.05,6,4884.299999999999,67639492.99999997
2025-08-01 03:24:03 PM,814.3,0,0.0,67639492.99999997
2025-08-01 03:24:06 PM,814.45,0,0.0,67639492.99999997
2025-08-01 03:24:06 PM,814.45,57,46423.65,67685916.64999998
2025-08-01 03:24:13 PM,814.35,0,0.0,67685916.64999998
2025-08-01 03:24:14 PM,813.25,227,184607.75,67870524.39999998
2025-08-01 03:24:16 PM,814.25,0,0.0,67870524.39999998
2025-08-01 03:24:20 PM,814.25,18,14656.5,67885180.89999998
2025-08-01 03:24:33 PM,814.25,34,27684.5,67912865.39999998
2025-08-01 03:24:35 PM,814.25,1,814.25,67913679.64999998
2025-08-01 03:24:42 PM,814.1,1,814.1,67914493.74999997
2025-08-01 03:24:44 PM,814.0,0,0.0,67914493.74999997
2025-08-01 03:24:47 PM,814.05,8,6512.4,67921006.14999998
2025-08-01 03:24:48 PM,814.0,13,10582.0,67931588.14999998
2025-08-01 03:24:54 PM,813.95,37,30116.15,67961704.29999998
2025-08-01 03:25:00 PM,813.95,36,29302.2,67991006.49999999
2025-08-01 03:25:13 PM,813.95,1,813.95,67991820.44999999
2025-08-01 03:25:27 PM,814.0,50,40700.0,68032520.44999999
2025-08-01 03:25:36 PM,813.95,0,0.0,68032520.44999999
2025-08-01 03:25:41 PM,814.05,25,20351.25,68052871.69999999
2025-08-01 03:25:46 PM,814.1,19,15467.9,68068339.6
2025-08-01 03:25:47 PM,814.2,24,19540.800000000003,68087880.39999999
2025-08-01 03:25:52 PM,814.35,28,22801.8,68110682.19999999
2025-08-01 03:25:54 PM,814.35,36,29316.600000000002,68139998.79999998
2025-08-01 03:25:59 PM,814.35,25,20358.75,68160357.54999998
2025-08-01 03:26:03 PM,814.3,0,0.0,68160357.54999998
2025-08-01 03:26:05 PM,814.3,169,137616.69999999998,68297974.24999999
2025-08-01 03:26:07 PM,815.15,1,815.15,68298789.39999999
2025-08-01 03:26:12 PM,815.4,1,815.4,68299604.8
2025-08-01 03:26:19 PM,814.8,409,333253.19999999995,68632858.0
2025-08-01 03:26:20 PM,815.4,17,13861.8,68646719.8
2025-08-01 03:26:26 PM,815.0,4,3260.0,68649979.8
2025-08-01 03:26:39 PM,815.0,101,82315.0,68732294.8
2025-08-01 03:26:41 PM,815.0,2,1630.0,68733924.8
2025-08-01 03:26:45 PM,815.0,141,114915.0,68848839.8
2025-08-01 03:26:57 PM,814.5,0,0.0,68848839.8
2025-08-01 03:26:59 PM,814.5,1,814.5,68849654.3
2025-08-01 03:27:00 PM,815.0,38,30970.0,68880624.3
2025-08-01 03:27:07 PM,815.0,1,815.0,68881439.3
2025-08-01 03:27:12 PM,815.0,1,815.0,68882254.3
2025-08-01 03:27:19 PM,814.6,0,0.0,68882254.3
2025-08-01 03:27:19 PM,814.6,509,414631.4,69296885.7
2025-08-01 03:27:25 PM,815.0,0,0.0,69296885.7
2025-08-01 03:27:26 PM,815.0,222,180930.0,69477815.7
2025-08-01 03:27:34 PM,814.0,98,79772.0,69557587.7
2025-08-01 03:27:36 PM,814.0,14,11396.0,69568983.7
2025-08-01 03:27:39 PM,813.05,0,0.0,69568983.7
2025-08-01 03:27:41 PM,813.45,13,10574.85,69579558.55
2025-08-01 03:27:48 PM,813.45,38,30911.100000000002,69610469.64999999
2025-08-01 03:27:55 PM,813.2,37,30088.4,69640558.05
2025-08-01 03:27:56 PM,813.1,23,18701.3,69659259.35
2025-08-01 03:27:59 PM,813.05,0,0.0,69659259.35
2025-08-01 03:28:01 PM,813.1,341,277267.10000000003,69936526.44999999
2025-08-01 03:28:03 PM,813.05,18,14634.9,69951161.35
2025-08-01 03:28:06 PM,813.1,0,0.0,69951161.35
2025-08-01 03:28:08 PM,813.1,48,39028.8,69990190.14999999
2025-08-01 03:28:15 PM,813.1,4,3252.4,69993442.55
2025-08-01 03:28:22 PM,811.0,1381,1119991.0,71113433.55
2025-08-01 03:28:25 PM,813.05,0,0.0,71113433.55
2025-08-01 03:28:28 PM,813.15,0,0.0,71113433.55
2025-08-01 03:28:30 PM,813.15,252,204913.8,71318347.35
2025-08-01 03:28:32 PM,813.15,5,4065.75,71322413.1
2025-08-01 03:28:36 PM,813.05,0,0.0,71322413.1
2025-08-01 03:28:37 PM,813.05,101,82118.04999999999,71404531.14999999
2025-08-01 03:28:39 PM,813.05,11,8943.55,71413474.69999999
2025-08-01 03:28:50 PM,813.05,1,813.05,71414287.74999999
2025-08-01 03:28:52 PM,813.0,100,81300.0,71495587.74999999
2025-08-01 03:29:04 PM,811.9,60,48714.0,71544301.74999999
2025-08-01 03:29:06 PM,813.0,500,406500.0,71950801.74999999
2025-08-01 03:29:12 PM,813.0,2,1626.0,71952427.74999999
2025-08-01 03:29:14 PM,812.95,1,812.95,71953240.69999999
2025-08-01 03:29:35 PM,815.95,72,58748.4,72011989.1
2025-08-01 03:29:43 PM,812.35,237,192526.95,72204516.05
2025-08-01 03:29:50 PM,812.95,96,78043.20000000001,72282559.25
2025-08-01 03:29:52 PM,812.95,2,1625.9,72284185.15
2025-08-01 03:29:57 PM,812.95,13,10568.35,72294753.5
