date,price,qty,trnvr,cum_trnvr
2025-08-01 09:15:07 AM,120.88,16264,1965992.3199999998,1965992.3199999998
2025-08-01 09:15:09 AM,120.87,1900,229653.0,2195645.32
2025-08-01 09:15:15 AM,120.79,0,0.0,2195645.32
2025-08-01 09:15:16 AM,120.6,0,0.0,2195645.32
2025-08-01 09:15:18 AM,120.72,3591,433505.52,2629150.84
2025-08-01 09:15:20 AM,120.74,300,36222.0,2665372.84
2025-08-01 09:15:24 AM,120.89,0,0.0,2665372.84
2025-08-01 09:15:25 AM,120.75,0,0.0,2665372.84
2025-08-01 09:15:28 AM,120.72,34657,4183793.04,6849165.88
2025-08-01 09:15:29 AM,120.72,4838,584043.36,7433209.24
2025-08-01 09:15:30 AM,120.86,0,0.0,7433209.24
2025-08-01 09:15:35 AM,120.93,0,0.0,7433209.24
2025-08-01 09:15:36 AM,120.93,8566,1035886.38,8469095.620000001
2025-08-01 09:15:38 AM,121.0,2667,322707.0,8791802.620000001
2025-08-01 09:15:39 AM,121.04,0,0.0,8791802.620000001
2025-08-01 09:15:43 AM,121.0,0,0.0,8791802.620000001
2025-08-01 09:15:44 AM,121.0,3222,389862.0,9181664.620000001
2025-08-01 09:15:46 AM,121.03,2003,242423.09,9424087.71
2025-08-01 09:15:48 AM,120.92,0,0.0,9424087.71
2025-08-01 09:15:51 AM,120.8,0,0.0,9424087.71
2025-08-01 09:15:53 AM,120.88,2859,345595.92,9769683.63
2025-08-01 09:15:54 AM,120.8,753,90962.4,9860646.030000001
2025-08-01 09:15:57 AM,120.89,0,0.0,9860646.030000001
2025-08-01 09:15:59 AM,120.85,0,0.0,9860646.030000001
2025-08-01 09:16:01 AM,120.69,5009,604536.21,10465182.240000002
2025-08-01 09:16:03 AM,120.66,2120,255799.19999999998,10720981.440000001
2025-08-01 09:16:09 AM,120.85,537,64896.45,10785877.89
2025-08-01 09:16:09 AM,120.9,0,0.0,10785877.89
2025-08-01 09:16:11 AM,120.9,464,56097.600000000006,10841975.49
2025-08-01 09:16:17 AM,120.9,637,77013.3,10918988.790000001
2025-08-01 09:16:19 AM,120.85,90,10876.5,10929865.290000001
2025-08-01 09:16:20 AM,120.93,0,0.0,10929865.290000001
2025-08-01 09:16:23 AM,120.9,0,0.0,10929865.290000001
2025-08-01 09:16:25 AM,120.79,2682,323958.78,11253824.07
2025-08-01 09:16:27 AM,120.79,408,49282.32,11303106.39
2025-08-01 09:16:31 AM,120.93,0,0.0,11303106.39
2025-08-01 09:16:34 AM,121.0,5485,663685.0,11966791.39
2025-08-01 09:16:35 AM,121.0,572,69212.0,12036003.39
2025-08-01 09:16:52 AM,120.96,73,8830.08,12044833.47
2025-08-01 09:16:58 AM,120.95,100,12095.0,12056928.47
2025-08-01 09:17:00 AM,120.93,885,107023.05,12163951.520000001
2025-08-01 09:17:00 AM,120.97,0,0.0,12163951.520000001
2025-08-01 09:17:01 AM,120.97,2,241.94,12164193.46
2025-08-01 09:17:02 AM,121.0,6218,752378.0,12916571.46
2025-08-01 09:17:02 AM,121.05,0,0.0,12916571.46
2025-08-01 09:17:03 AM,121.07,3083,373258.81,13289830.270000001
2025-08-01 09:17:04 AM,121.04,246,29775.84,13319606.110000001
2025-08-01 09:17:05 AM,121.04,1553,187975.12,13507581.23
2025-08-01 09:17:06 AM,121.02,0,0.0,13507581.23
2025-08-01 09:17:07 AM,121.02,2150,260193.0,13767774.23
2025-08-01 09:17:07 AM,121.04,0,0.0,13767774.23
2025-08-01 09:17:08 AM,121.04,172,20818.88,13788593.110000001
2025-08-01 09:17:08 AM,121.02,10,1210.2,13789803.31
2025-08-01 09:17:09 AM,121.02,764,92459.28,13882262.59
2025-08-01 09:17:09 AM,121.05,5694,689258.7,14571521.29
2025-08-01 09:17:10 AM,121.05,547,66214.34999999999,14637735.639999999
2025-08-01 09:17:10 AM,121.03,0,0.0,14637735.639999999
2025-08-01 09:17:11 AM,121.03,30,3630.9,14641366.54
2025-08-01 09:17:11 AM,121.05,1,121.05,14641487.59
2025-08-01 09:17:11 AM,121.03,0,0.0,14641487.59
2025-08-01 09:17:12 AM,121.03,10,1210.3,14642697.89
2025-08-01 09:17:13 AM,121.05,100,12105.0,14654802.89
2025-08-01 09:17:14 AM,121.05,40,4842.0,14659644.89
2025-08-01 09:17:21 AM,121.02,0,0.0,14659644.89
2025-08-01 09:17:22 AM,121.02,1903,230301.06,14889945.950000001
2025-08-01 09:17:23 AM,121.02,347,41993.939999999995,14931939.89
2025-08-01 09:17:25 AM,121.0,1,121.0,14932060.89
2025-08-01 09:17:28 AM,121.0,250,30250.0,14962310.89
2025-08-01 09:17:29 AM,121.0,1,121.0,14962431.89
2025-08-01 09:17:36 AM,121.0,15,1815.0,14964246.89
2025-08-01 09:17:37 AM,121.0,8,968.0,14965214.89
2025-08-01 09:17:38 AM,120.97,99,11976.03,14977190.92
2025-08-01 09:17:39 AM,121.0,15,1815.0,14979005.92
2025-08-01 09:17:40 AM,120.97,346,41855.62,15020861.54
2025-08-01 09:17:41 AM,120.97,202,24435.94,15045297.479999999
2025-08-01 09:17:41 AM,120.97,103,12459.91,15057757.389999999
2025-08-01 09:17:42 AM,120.91,0,0.0,15057757.389999999
2025-08-01 09:17:42 AM,120.91,50,6045.5,15063802.889999999
2025-08-01 09:17:43 AM,120.96,0,0.0,15063802.889999999
2025-08-01 09:17:44 AM,120.96,250,30240.0,15094042.889999999
2025-08-01 09:17:45 AM,120.91,0,0.0,15094042.889999999
2025-08-01 09:17:46 AM,120.91,546,66016.86,15160059.749999998
2025-08-01 09:17:46 AM,120.97,0,0.0,15160059.749999998
2025-08-01 09:17:47 AM,120.97,100,12097.0,15172156.749999998
2025-08-01 09:17:48 AM,120.96,100,12096.0,15184252.749999998
2025-08-01 09:17:50 AM,120.96,100,12096.0,15196348.749999998
2025-08-01 09:17:50 AM,120.92,0,0.0,15196348.749999998
2025-08-01 09:17:51 AM,120.97,202,24435.94,15220784.689999998
2025-08-01 09:17:52 AM,120.96,105,12700.8,15233485.489999998
2025-08-01 09:17:53 AM,120.96,62,7499.5199999999995,15240985.009999998
2025-08-01 09:17:54 AM,120.97,330,39920.1,15280905.109999998
2025-08-01 09:17:54 AM,120.96,0,0.0,15280905.109999998
2025-08-01 09:17:54 AM,120.96,34,4112.639999999999,15285017.749999998
2025-08-01 09:17:55 AM,120.91,63,7617.33,15292635.079999998
2025-08-01 09:17:55 AM,120.96,0,0.0,15292635.079999998
2025-08-01 09:17:56 AM,120.96,10,1209.6,15293844.679999998
2025-08-01 09:17:57 AM,120.96,50,6048.0,15299892.679999998
2025-08-01 09:18:00 AM,120.97,0,0.0,15299892.679999998
2025-08-01 09:18:00 AM,120.91,0,0.0,15299892.679999998
2025-08-01 09:18:02 AM,120.96,0,0.0,15299892.679999998
2025-08-01 09:18:04 AM,120.96,567,68584.31999999999,15368476.999999998
2025-08-01 09:18:10 AM,121.0,0,0.0,15368476.999999998
2025-08-01 09:18:13 AM,121.0,14798,1790558.0,17159035.0
2025-08-01 09:18:14 AM,121.15,2864,346973.60000000003,17506008.6
2025-08-01 09:18:16 AM,121.13,0,0.0,17506008.6
2025-08-01 09:18:18 AM,121.11,0,0.0,17506008.6
2025-08-01 09:18:21 AM,121.2,3851,466741.2,17972749.8
2025-08-01 09:18:22 AM,121.2,1594,193192.80000000002,18165942.6
2025-08-01 09:18:29 AM,121.19,1289,156213.91,18322156.51
2025-08-01 09:18:31 AM,121.19,1527,185057.13,18507213.64
2025-08-01 09:18:32 AM,121.18,0,0.0,18507213.64
2025-08-01 09:18:37 AM,121.19,1139,138035.41,18645249.05
2025-08-01 09:18:39 AM,121.06,6673,807833.38,19453082.43
2025-08-01 09:18:40 AM,121.17,0,0.0,19453082.43
2025-08-01 09:18:42 AM,121.19,0,0.0,19453082.43
2025-08-01 09:18:46 AM,121.1,1041,126065.09999999999,19579147.53
2025-08-01 09:18:47 AM,121.2,627,75992.40000000001,19655139.93
2025-08-01 09:18:48 AM,121.19,0,0.0,19655139.93
2025-08-01 09:18:50 AM,121.2,0,0.0,19655139.93
2025-08-01 09:18:54 AM,121.17,6549,793542.33,20448682.259999998
2025-08-01 09:18:55 AM,121.17,584,70763.28,20519445.54
2025-08-01 09:18:58 AM,121.19,0,0.0,20519445.54
2025-08-01 09:19:00 AM,121.01,3988,482587.88,21002033.419999998
2025-08-01 09:19:01 AM,121.12,374,45298.880000000005,21047332.299999997
2025-08-01 09:19:03 AM,121.1,0,0.0,21047332.299999997
2025-08-01 09:19:04 AM,121.1,15,1816.5,21049148.799999997
2025-08-01 09:19:05 AM,121.03,500,60515.0,21109663.799999997
2025-08-01 09:19:07 AM,121.02,1964,237683.28,21347347.08
2025-08-01 09:19:08 AM,121.1,185,22403.5,21369750.58
2025-08-01 09:19:10 AM,121.08,50,6054.0,21375804.58
2025-08-01 09:19:12 AM,121.1,50,6055.0,21381859.58
2025-08-01 09:19:13 AM,121.1,10,1211.0,21383070.58
2025-08-01 09:19:14 AM,121.05,1274,154217.69999999998,21537288.279999997
2025-08-01 09:19:17 AM,121.1,450,54495.0,21591783.279999997
2025-08-01 09:19:18 AM,121.1,161,19497.1,21611280.38
2025-08-01 09:19:21 AM,121.03,1096,132648.88,21743929.259999998
2025-08-01 09:19:21 AM,121.1,0,0.0,21743929.259999998
2025-08-01 09:19:22 AM,121.1,200,24220.0,21768149.259999998
2025-08-01 09:19:23 AM,121.1,2,242.2,21768391.459999997
2025-08-01 09:19:25 AM,121.1,20,2422.0,21770813.459999997
2025-08-01 09:19:28 AM,121.05,0,0.0,21770813.459999997
2025-08-01 09:19:29 AM,121.05,5,605.25,21771418.709999997
2025-08-01 09:19:30 AM,121.0,0,0.0,21771418.709999997
2025-08-01 09:19:31 AM,121.0,6598,798358.0,22569776.709999997
2025-08-01 09:19:31 AM,121.01,662,80108.62000000001,22649885.33
2025-08-01 09:19:32 AM,121.02,819,99115.37999999999,22749000.709999997
2025-08-01 09:19:32 AM,121.0,0,0.0,22749000.709999997
2025-08-01 09:19:33 AM,121.0,1,121.0,22749121.709999997
2025-08-01 09:19:33 AM,120.9,3413,412631.7,23161753.409999996
2025-08-01 09:19:33 AM,120.98,0,0.0,23161753.409999996
2025-08-01 09:19:34 AM,120.98,280,33874.4,23195627.809999995
2025-08-01 09:19:34 AM,120.99,414,50089.86,23245717.669999994
2025-08-01 09:19:35 AM,120.98,5,604.9,23246322.569999993
2025-08-01 09:19:36 AM,121.0,11,1331.0,23247653.569999993
2025-08-01 09:19:39 AM,120.92,1083,130956.36,23378609.929999992
2025-08-01 09:19:43 AM,120.97,90,10887.3,23389497.229999993
2025-08-01 09:19:47 AM,120.92,0,0.0,23389497.229999993
2025-08-01 09:19:48 AM,120.91,1359,164316.69,23553813.919999994
2025-08-01 09:19:48 AM,120.95,0,0.0,23553813.919999994
2025-08-01 09:19:49 AM,120.95,237,28665.15,23582479.069999993
2025-08-01 09:19:52 AM,120.97,0,0.0,23582479.069999993
2025-08-01 09:19:52 AM,120.97,5,604.85,23583083.919999994
2025-08-01 09:19:53 AM,120.97,34,4112.98,23587196.899999995
2025-08-01 09:19:56 AM,120.91,1845,223078.94999999998,23810275.849999994
2025-08-01 09:19:57 AM,120.94,131,15843.14,23826118.989999995
2025-08-01 09:19:58 AM,120.98,4368,528440.64,24354559.629999995
2025-08-01 09:19:58 AM,120.97,0,0.0,24354559.629999995
2025-08-01 09:19:59 AM,120.97,128,15484.16,24370043.789999995
2025-08-01 09:20:01 AM,120.91,0,0.0,24370043.789999995
2025-08-01 09:20:01 AM,120.91,2542,307353.22,24677397.009999994
2025-08-01 09:20:04 AM,120.9,0,0.0,24677397.009999994
2025-08-01 09:20:05 AM,120.88,5309,641751.9199999999,25319148.929999992
2025-08-01 09:20:06 AM,120.88,4,483.52,25319632.44999999
2025-08-01 09:20:07 AM,120.88,150,18132.0,25337764.44999999
2025-08-01 09:20:09 AM,120.85,1138,137527.3,25475291.749999993
2025-08-01 09:20:11 AM,120.88,0,0.0,25475291.749999993
2025-08-01 09:20:12 AM,120.88,74,8945.119999999999,25484236.869999994
2025-08-01 09:20:13 AM,120.85,0,0.0,25484236.869999994
2025-08-01 09:20:14 AM,120.85,25,3021.25,25487258.119999994
2025-08-01 09:20:15 AM,120.84,0,0.0,25487258.119999994
2025-08-01 09:20:15 AM,120.84,3714,448799.76,25936057.879999995
2025-08-01 09:20:16 AM,120.88,0,0.0,25936057.879999995
2025-08-01 09:20:17 AM,120.85,2,241.7,25936299.579999994
2025-08-01 09:20:18 AM,120.89,1300,157157.0,26093456.579999994
2025-08-01 09:20:19 AM,120.85,0,0.0,26093456.579999994
2025-08-01 09:20:20 AM,120.85,1,120.85,26093577.429999996
2025-08-01 09:20:21 AM,120.85,3,362.54999999999995,26093939.979999997
2025-08-01 09:20:22 AM,120.8,2917,352373.6,26446313.58
2025-08-01 09:20:22 AM,120.78,0,0.0,26446313.58
2025-08-01 09:20:23 AM,120.78,1456,175855.68,26622169.259999998
2025-08-01 09:20:25 AM,120.8,0,0.0,26622169.259999998
2025-08-01 09:20:26 AM,120.8,536,64748.799999999996,26686918.06
2025-08-01 09:20:26 AM,120.85,0,0.0,26686918.06
2025-08-01 09:20:27 AM,120.85,286,34563.1,26721481.16
2025-08-01 09:20:28 AM,120.79,2,241.58,26721722.74
2025-08-01 09:20:30 AM,120.84,0,0.0,26721722.74
2025-08-01 09:20:30 AM,120.84,50,6042.0,26727764.74
2025-08-01 09:20:31 AM,120.85,0,0.0,26727764.74
2025-08-01 09:20:32 AM,120.85,5,604.25,26728368.99
2025-08-01 09:20:34 AM,120.8,0,0.0,26728368.99
2025-08-01 09:20:35 AM,120.8,500,60400.0,26788768.99
2025-08-01 09:20:36 AM,120.85,25,3021.25,26791790.24
2025-08-01 09:20:37 AM,120.84,0,0.0,26791790.24
2025-08-01 09:20:38 AM,120.84,50,6042.0,26797832.24
2025-08-01 09:20:39 AM,120.85,1,120.85,26797953.09
2025-08-01 09:20:41 AM,120.87,0,0.0,26797953.09
2025-08-01 09:20:42 AM,120.79,1724,208241.96000000002,27006195.05
2025-08-01 09:20:43 AM,120.8,80,9664.0,27015859.05
2025-08-01 09:20:44 AM,120.85,50,6042.5,27021901.55
2025-08-01 09:20:46 AM,120.81,0,0.0,27021901.55
2025-08-01 09:20:47 AM,120.81,6,724.86,27022626.41
2025-08-01 09:20:51 AM,120.85,836,101030.59999999999,27123657.01
2025-08-01 09:20:51 AM,120.88,0,0.0,27123657.01
2025-08-01 09:20:52 AM,120.88,45,5439.599999999999,27129096.610000003
2025-08-01 09:20:55 AM,120.88,40,4835.2,27133931.810000002
2025-08-01 09:20:58 AM,120.85,0,0.0,27133931.810000002
2025-08-01 09:20:59 AM,120.85,60,7251.0,27141182.810000002
2025-08-01 09:21:02 AM,120.88,50,6044.0,27147226.810000002
2025-08-01 09:21:05 AM,120.85,0,0.0,27147226.810000002
2025-08-01 09:21:07 AM,120.88,0,0.0,27147226.810000002
2025-08-01 09:21:09 AM,120.85,834,100788.9,27248015.71
2025-08-01 09:21:17 AM,120.85,217,26224.449999999997,27274240.16
2025-08-01 09:21:19 AM,120.88,0,0.0,27274240.16
2025-08-01 09:21:21 AM,120.86,0,0.0,27274240.16
2025-08-01 09:21:25 AM,120.85,393,47494.049999999996,27321734.21
2025-08-01 09:21:26 AM,120.88,170,20549.6,27342283.810000002
2025-08-01 09:21:35 AM,120.85,0,0.0,27342283.810000002
2025-08-01 09:21:38 AM,120.88,0,0.0,27342283.810000002
2025-08-01 09:21:40 AM,120.88,373,45088.24,27387372.05
2025-08-01 09:21:41 AM,120.88,154,18615.52,27405987.57
2025-08-01 09:21:48 AM,120.88,556,67209.28,27473196.85
2025-08-01 09:21:55 AM,120.88,507,61286.159999999996,27534483.01
2025-08-01 09:22:02 AM,120.84,0,0.0,27534483.01
2025-08-01 09:22:03 AM,120.84,470,56794.8,27591277.810000002
2025-08-01 09:22:04 AM,120.87,851,102860.37000000001,27694138.180000003
2025-08-01 09:22:08 AM,120.84,0,0.0,27694138.180000003
2025-08-01 09:22:11 AM,120.8,1370,165496.0,27859634.180000003
2025-08-01 09:22:12 AM,120.8,5049,609919.2,28469553.380000003
2025-08-01 09:22:18 AM,120.84,6240,754041.6,29223594.980000004
2025-08-01 09:22:19 AM,120.8,0,0.0,29223594.980000004
2025-08-01 09:22:20 AM,120.8,1616,195212.8,29418807.780000005
2025-08-01 09:22:22 AM,120.79,0,0.0,29418807.780000005
2025-08-01 09:22:26 AM,120.76,22143,2673988.68,32092796.460000005
2025-08-01 09:22:27 AM,120.74,50,6037.0,32098833.460000005
2025-08-01 09:22:33 AM,120.74,1269,153219.06,32252052.520000003
2025-08-01 09:22:34 AM,120.71,0,0.0,32252052.520000003
2025-08-01 09:22:35 AM,120.71,6686,807067.0599999999,33059119.580000002
2025-08-01 09:22:36 AM,120.72,0,0.0,33059119.580000002
2025-08-01 09:22:41 AM,120.7,326,39348.200000000004,33098467.78
2025-08-01 09:22:41 AM,120.73,0,0.0,33098467.78
2025-08-01 09:22:43 AM,120.73,968,116866.64,33215334.42
2025-08-01 09:22:49 AM,120.76,5956,719246.56,33934580.980000004
2025-08-01 09:22:50 AM,120.79,345,41672.55,33976253.53
2025-08-01 09:22:53 AM,120.73,0,0.0,33976253.53
2025-08-01 09:22:55 AM,120.7,0,0.0,33976253.53
2025-08-01 09:22:56 AM,120.6,6706,808743.6,34784997.13
2025-08-01 09:22:58 AM,120.68,2432,293493.76,35078490.89
2025-08-01 09:23:05 AM,120.66,2094,252662.03999999998,35331152.93
2025-08-01 09:23:07 AM,120.61,0,0.0,35331152.93
2025-08-01 09:23:09 AM,120.68,0,0.0,35331152.93
2025-08-01 09:23:12 AM,120.68,297,35841.96,35366994.89
2025-08-01 09:23:13 AM,120.67,2880,347529.6,35714524.49
2025-08-01 09:23:14 AM,120.6,0,0.0,35714524.49
2025-08-01 09:23:16 AM,120.67,0,0.0,35714524.49
2025-08-01 09:23:19 AM,120.67,1000,120670.0,35835194.49
2025-08-01 09:23:21 AM,120.67,802,96777.34,35931971.830000006
2025-08-01 09:23:27 AM,120.65,2883,347833.95,36279805.78000001
2025-08-01 09:23:27 AM,120.64,0,0.0,36279805.78000001
2025-08-01 09:23:28 AM,120.63,0,0.0,36279805.78000001
2025-08-01 09:23:29 AM,120.56,453,54613.68,36334419.46000001
2025-08-01 09:23:34 AM,120.62,0,0.0,36334419.46000001
2025-08-01 09:23:34 AM,120.62,300,36186.0,36370605.46000001
2025-08-01 09:23:36 AM,120.62,1773,213859.26,36584464.720000006
2025-08-01 09:23:41 AM,120.6,0,0.0,36584464.720000006
2025-08-01 09:23:42 AM,120.6,2291,276294.6,36860759.32000001
2025-08-01 09:23:44 AM,120.6,352,42451.2,36903210.52000001
2025-08-01 09:23:47 AM,120.52,0,0.0,36903210.52000001
2025-08-01 09:23:48 AM,120.51,0,0.0,36903210.52000001
2025-08-01 09:23:49 AM,120.6,5018,605170.7999999999,37508381.32000001
2025-08-01 09:23:51 AM,120.62,272,32808.64,37541189.96000001
2025-08-01 09:23:54 AM,120.61,0,0.0,37541189.96000001
2025-08-01 09:23:57 AM,120.6,1811,218406.59999999998,37759596.56000001
2025-08-01 09:23:59 AM,120.62,109,13147.58,37772744.14000001
2025-08-01 09:24:05 AM,120.62,261,31481.82,37804225.96000001
2025-08-01 09:24:07 AM,120.56,1328,160103.68,37964329.64000001
2025-08-01 09:24:07 AM,120.62,0,0.0,37964329.64000001
2025-08-01 09:24:13 AM,120.56,1123,135388.88,38099718.52000001
2025-08-01 09:24:14 AM,120.62,0,0.0,38099718.52000001
2025-08-01 09:24:14 AM,120.62,2953,356190.86,38455909.38000001
2025-08-01 09:24:20 AM,120.59,121,14591.390000000001,38470500.77000001
2025-08-01 09:24:22 AM,120.64,155,18699.2,38489199.97000001
2025-08-01 09:24:28 AM,120.64,2766,333690.24,38822890.210000016
2025-08-01 09:24:30 AM,120.64,156,18819.84,38841710.05000002
2025-08-01 09:24:36 AM,120.64,1535,185182.4,39026892.45000002
2025-08-01 09:24:37 AM,120.64,181,21835.84,39048728.29000002
2025-08-01 09:24:43 AM,120.56,1053,126949.68000000001,39175677.97000002
2025-08-01 09:24:44 AM,120.63,0,0.0,39175677.97000002
2025-08-01 09:24:45 AM,120.63,114,13751.82,39189429.79000002
2025-08-01 09:24:50 AM,120.53,21796,2627071.88,41816501.670000024
2025-08-01 09:24:51 AM,120.56,0,0.0,41816501.670000024
2025-08-01 09:24:52 AM,120.6,1152,138931.19999999998,41955432.87000003
2025-08-01 09:24:57 AM,120.51,0,0.0,41955432.87000003
2025-08-01 09:24:58 AM,120.5,9278,1117999.0,43073431.87000003
2025-08-01 09:25:00 AM,120.5,517,62298.5,43135730.37000003
2025-08-01 09:25:02 AM,120.54,0,0.0,43135730.37000003
2025-08-01 09:25:03 AM,120.54,2,241.08,43135971.450000025
2025-08-01 09:25:04 AM,120.54,1,120.54,43136091.990000024
2025-08-01 09:25:06 AM,120.54,646,77868.84000000001,43213960.83000003
2025-08-01 09:25:06 AM,120.53,0,0.0,43213960.83000003
2025-08-01 09:25:07 AM,120.53,5,602.65,43214563.48000003
2025-08-01 09:25:07 AM,120.54,0,0.0,43214563.48000003
2025-08-01 09:25:08 AM,120.54,34,4098.360000000001,43218661.840000026
2025-08-01 09:25:09 AM,120.5,1148,138334.0,43356995.840000026
2025-08-01 09:25:10 AM,120.53,0,0.0,43356995.840000026
2025-08-01 09:25:11 AM,120.53,61,7352.33,43364348.170000024
2025-08-01 09:25:11 AM,120.5,2355,283777.5,43648125.670000024
2025-08-01 09:25:12 AM,120.5,1678,202199.0,43850324.670000024
2025-08-01 09:25:13 AM,120.5,534,64347.0,43914671.670000024
2025-08-01 09:25:14 AM,120.5,5,602.5,43915274.170000024
2025-08-01 09:25:14 AM,120.55,0,0.0,43915274.170000024
2025-08-01 09:25:14 AM,120.55,622,74982.09999999999,43990256.270000026
2025-08-01 09:25:16 AM,120.55,32,3857.6,43994113.87000003
2025-08-01 09:25:17 AM,120.49,0,0.0,43994113.87000003
2025-08-01 09:25:18 AM,120.49,30,3614.7,43997728.57000003
2025-08-01 09:25:20 AM,120.54,1513,182377.02000000002,44180105.59000003
2025-08-01 09:25:22 AM,120.54,180,21697.2,44201802.79000004
2025-08-01 09:25:24 AM,120.54,5,602.7,44202405.49000004
2025-08-01 09:25:26 AM,120.54,100,12054.0,44214459.49000004
2025-08-01 09:25:27 AM,120.54,48,5785.92,44220245.41000004
2025-08-01 09:25:28 AM,120.54,2,241.08,44220486.49000004
2025-08-01 09:25:29 AM,120.49,0,0.0,44220486.49000004
2025-08-01 09:25:29 AM,120.49,610,73498.9,44293985.39000004
2025-08-01 09:25:30 AM,120.54,0,0.0,44293985.39000004
2025-08-01 09:25:31 AM,120.54,32,3857.28,44297842.67000004
2025-08-01 09:25:32 AM,120.54,340,40983.6,44338826.27000004
2025-08-01 09:25:34 AM,120.5,30,3615.0,44342441.27000004
2025-08-01 09:25:34 AM,120.54,0,0.0,44342441.27000004
2025-08-01 09:25:35 AM,120.54,6,723.24,44343164.51000004
2025-08-01 09:25:36 AM,120.54,2,241.08,44343405.59000004
2025-08-01 09:25:38 AM,120.54,500,60270.0,44403675.59000004
2025-08-01 09:25:39 AM,120.53,0,0.0,44403675.59000004
2025-08-01 09:25:39 AM,120.53,619,74608.07,44478283.66000004
2025-08-01 09:25:40 AM,120.54,0,0.0,44478283.66000004
2025-08-01 09:25:41 AM,120.54,31,3736.7400000000002,44482020.40000004
2025-08-01 09:25:41 AM,120.5,0,0.0,44482020.40000004
2025-08-01 09:25:42 AM,120.5,1,120.5,44482140.90000004
2025-08-01 09:25:44 AM,120.48,0,0.0,44482140.90000004
2025-08-01 09:25:45 AM,120.48,275,33132.0,44515272.90000004
2025-08-01 09:25:45 AM,120.5,1,120.5,44515393.40000004
2025-08-01 09:25:47 AM,120.5,15,1807.5,44517200.90000004
2025-08-01 09:25:48 AM,120.46,100,12046.0,44529246.90000004
2025-08-01 09:25:48 AM,120.46,1,120.46,44529367.360000044
2025-08-01 09:25:49 AM,120.5,56,6748.0,44536115.360000044
2025-08-01 09:25:50 AM,120.5,210,25305.0,44561420.360000044
2025-08-01 09:25:51 AM,120.5,161,19400.5,44580820.860000044
2025-08-01 09:25:52 AM,120.5,8,964.0,44581784.860000044
2025-08-01 09:25:53 AM,120.5,1,120.5,44581905.360000044
2025-08-01 09:25:54 AM,120.5,200,24100.0,44606005.360000044
2025-08-01 09:25:55 AM,120.5,15,1807.5,44607812.860000044
2025-08-01 09:25:56 AM,120.5,858,103389.0,44711201.860000044
2025-08-01 09:25:57 AM,120.5,51,6145.5,44717347.360000044
2025-08-01 09:25:57 AM,120.5,405,48802.5,44766149.860000044
2025-08-01 09:25:58 AM,120.5,10,1205.0,44767354.860000044
2025-08-01 09:25:59 AM,120.5,169,20364.5,44787719.360000044
2025-08-01 09:25:59 AM,120.49,0,0.0,44787719.360000044
2025-08-01 09:25:59 AM,120.49,654,78800.45999999999,44866519.820000045
2025-08-01 09:26:00 AM,120.4,1968,236947.2,45103467.02000005
2025-08-01 09:26:00 AM,120.48,0,0.0,45103467.02000005
2025-08-01 09:26:05 AM,120.45,0,0.0,45103467.02000005
2025-08-01 09:26:05 AM,120.45,578,69620.1,45173087.12000005
2025-08-01 09:26:07 AM,120.45,29,3493.05,45176580.17000005
2025-08-01 09:26:12 AM,120.41,0,0.0,45176580.17000005
2025-08-01 09:26:13 AM,120.35,1820,219037.0,45395617.17000005
2025-08-01 09:26:15 AM,120.4,1087,130874.8,45526491.97000004
2025-08-01 09:26:18 AM,120.34,0,0.0,45526491.97000004
2025-08-01 09:26:21 AM,120.39,174,20947.86,45547439.83000004
2025-08-01 09:26:23 AM,120.39,61,7343.79,45554783.62000004
2025-08-01 09:26:28 AM,120.31,0,0.0,45554783.62000004
2025-08-01 09:26:29 AM,120.31,1310,157606.1,45712389.72000004
2025-08-01 09:26:30 AM,120.39,344,41414.16,45753803.88000004
2025-08-01 09:26:33 AM,120.35,0,0.0,45753803.88000004
2025-08-01 09:26:36 AM,120.49,10386,1251409.14,47005213.02000004
2025-08-01 09:26:38 AM,120.43,3846,463173.78,47468386.80000004
2025-08-01 09:26:44 AM,120.48,146,17590.08,47485976.88000004
2025-08-01 09:26:46 AM,120.49,180,21688.2,47507665.08000004
2025-08-01 09:26:48 AM,120.37,0,0.0,47507665.08000004
2025-08-01 09:26:51 AM,120.48,0,0.0,47507665.08000004
2025-08-01 09:26:52 AM,120.48,977,117708.96,47625374.040000044
2025-08-01 09:26:55 AM,120.47,0,0.0,47625374.040000044
2025-08-01 09:26:58 AM,120.4,0,0.0,47625374.040000044
2025-08-01 09:26:59 AM,120.4,256,30822.4,47656196.44000004
2025-08-01 09:27:00 AM,120.47,11,1325.17,47657521.610000044
2025-08-01 09:27:02 AM,120.41,0,0.0,47657521.610000044
2025-08-01 09:27:04 AM,120.48,0,0.0,47657521.610000044
2025-08-01 09:27:06 AM,120.4,933,112333.20000000001,47769854.81000005
2025-08-01 09:27:08 AM,120.47,49,5903.03,47775757.84000005
2025-08-01 09:27:14 AM,120.46,357,43004.22,47818762.06000005
2025-08-01 09:27:15 AM,120.45,18,2168.1,47820930.16000005
2025-08-01 09:27:21 AM,120.45,275,33123.75,47854053.91000005
2025-08-01 09:27:23 AM,120.4,90,10836.0,47864889.91000005
2025-08-01 09:27:25 AM,120.45,0,0.0,47864889.91000005
2025-08-01 09:27:29 AM,120.45,18,2168.1,47867058.01000005
2025-08-01 09:27:36 AM,120.45,158,19031.100000000002,47886089.11000005
2025-08-01 09:27:37 AM,120.45,201,24210.45,47910299.560000055
2025-08-01 09:27:44 AM,120.45,12,1445.4,47911744.96000005
2025-08-01 09:27:44 AM,120.43,0,0.0,47911744.96000005
2025-08-01 09:27:44 AM,120.42,0,0.0,47911744.96000005
2025-08-01 09:27:45 AM,120.42,662,79718.04000000001,47991463.00000005
2025-08-01 09:27:48 AM,120.41,0,0.0,47991463.00000005
2025-08-01 09:27:51 AM,120.41,18,2167.38,47993630.380000055
2025-08-01 09:27:53 AM,120.42,35,4214.7,47997845.08000006
2025-08-01 09:27:59 AM,120.37,1115,134212.55000000002,48132057.630000055
2025-08-01 09:28:00 AM,120.37,59,7101.83,48139159.46000005
2025-08-01 09:28:05 AM,120.36,0,0.0,48139159.46000005
2025-08-01 09:28:07 AM,120.36,65,7823.4,48146982.86000005
2025-08-01 09:28:08 AM,120.36,4,481.44,48147464.30000005
2025-08-01 09:28:12 AM,120.35,0,0.0,48147464.30000005
2025-08-01 09:28:14 AM,120.35,277,33336.95,48180801.25000005
2025-08-01 09:28:16 AM,120.35,15,1805.25,48182606.50000005
2025-08-01 09:28:22 AM,120.35,668,80393.8,48263000.30000005
2025-08-01 09:28:23 AM,120.31,135,16241.85,48279242.15000005
2025-08-01 09:28:24 AM,120.35,0,0.0,48279242.15000005
2025-08-01 09:28:29 AM,120.3,0,0.0,48279242.15000005
2025-08-01 09:28:30 AM,120.3,609,73262.7,48352504.85000005
2025-08-01 09:28:31 AM,120.3,1446,173953.8,48526458.65000005
2025-08-01 09:28:34 AM,120.33,0,0.0,48526458.65000005
2025-08-01 09:28:34 AM,120.34,0,0.0,48526458.65000005
2025-08-01 09:28:37 AM,120.34,317,38147.78,48564606.43000005
2025-08-01 09:28:39 AM,120.33,91,10950.03,48575556.46000005
2025-08-01 09:28:45 AM,120.34,39,4693.26,48580249.72000005
2025-08-01 09:28:46 AM,120.33,1252,150653.16,48730902.88000005
2025-08-01 09:28:46 AM,120.3,0,0.0,48730902.88000005
2025-08-01 09:28:50 AM,120.33,0,0.0,48730902.88000005
2025-08-01 09:28:53 AM,120.34,23,2767.82,48733670.70000005
2025-08-01 09:28:54 AM,120.34,3,361.02,48734031.72000005
2025-08-01 09:29:00 AM,120.31,82,9865.42,48743897.14000005
2025-08-01 09:29:02 AM,120.34,0,0.0,48743897.14000005
2025-08-01 09:29:02 AM,120.34,192,23105.28,48767002.420000054
2025-08-01 09:29:07 AM,120.31,0,0.0,48767002.420000054
2025-08-01 09:29:08 AM,120.34,103,12395.02,48779397.44000006
2025-08-01 09:29:09 AM,120.34,144,17328.96,48796726.40000006
2025-08-01 09:29:16 AM,120.34,71,8544.14,48805270.54000006
2025-08-01 09:29:17 AM,120.34,100,12034.0,48817304.54000006
2025-08-01 09:29:23 AM,120.34,179,21540.86,48838845.40000006
2025-08-01 09:29:25 AM,120.34,14,1684.76,48840530.160000056
2025-08-01 09:29:31 AM,120.31,195,23460.45,48863990.61000006
2025-08-01 09:29:32 AM,120.3,10,1203.0,48865193.61000006
2025-08-01 09:29:33 AM,120.34,0,0.0,48865193.61000006
2025-08-01 09:29:38 AM,120.34,97,11672.98,48876866.590000056
2025-08-01 09:29:39 AM,120.34,5,601.7,48877468.29000006
2025-08-01 09:29:46 AM,120.31,14,1684.3400000000001,48879152.63000006
2025-08-01 09:29:47 AM,120.34,5,601.7,48879754.330000065
2025-08-01 09:29:53 AM,120.34,3,361.02,48880115.35000007
2025-08-01 09:30:01 AM,120.34,210,25271.4,48905386.75000007
2025-08-01 09:30:01 AM,120.34,3,361.02,48905747.77000007
2025-08-01 09:30:08 AM,120.34,414,49820.76,48955568.53000007
2025-08-01 09:30:13 AM,120.3,0,0.0,48955568.53000007
2025-08-01 09:30:14 AM,120.33,0,0.0,48955568.53000007
2025-08-01 09:30:16 AM,120.33,1296,155947.68,49111516.21000007
2025-08-01 09:30:17 AM,120.33,67,8062.11,49119578.32000007
2025-08-01 09:30:20 AM,120.24,0,0.0,49119578.32000007
2025-08-01 09:30:23 AM,120.24,2516,302523.83999999997,49422102.16000007
2025-08-01 09:30:24 AM,120.24,3,360.71999999999997,49422462.88000007
2025-08-01 09:30:27 AM,120.17,0,0.0,49422462.88000007
2025-08-01 09:30:31 AM,120.17,4580,550378.6,49972841.48000007
2025-08-01 09:30:31 AM,120.2,1,120.2,49972961.680000074
2025-08-01 09:30:34 AM,120.18,0,0.0,49972961.680000074
2025-08-01 09:30:38 AM,120.18,541,65017.380000000005,50037979.06000008
2025-08-01 09:30:41 AM,120.2,0,0.0,50037979.06000008
2025-08-01 09:30:45 AM,120.19,4836,581238.84,50619217.90000008
2025-08-01 09:30:46 AM,120.23,8,961.84,50620179.740000084
2025-08-01 09:30:48 AM,120.18,0,0.0,50620179.740000084
2025-08-01 09:30:50 AM,120.19,0,0.0,50620179.740000084
2025-08-01 09:30:53 AM,120.17,1655,198881.35,50819061.090000086
2025-08-01 09:30:59 AM,120.1,0,0.0,50819061.090000086
2025-08-01 09:31:00 AM,120.0,37430,4491600.0,55310661.090000086
2025-08-01 09:31:01 AM,120.0,78,9360.0,55320021.090000086
2025-08-01 09:31:03 AM,120.03,0,0.0,55320021.090000086
2025-08-01 09:31:05 AM,120.04,0,0.0,55320021.090000086
2025-08-01 09:31:07 AM,120.04,2107,252924.28,55572945.37000009
2025-08-01 09:31:08 AM,119.99,14220,1706257.7999999998,57279203.170000084
2025-08-01 09:31:11 AM,119.95,0,0.0,57279203.170000084
2025-08-01 09:31:15 AM,120.0,0,0.0,57279203.170000084
2025-08-01 09:31:15 AM,120.0,712,85440.0,57364643.170000084
2025-08-01 09:31:15 AM,120.0,19,2280.0,57366923.170000084
2025-08-01 09:31:21 AM,120.02,0,0.0,57366923.170000084
2025-08-01 09:31:22 AM,120.03,7102,852453.06,58219376.230000086
2025-08-01 09:31:23 AM,120.05,8,960.4,58220336.630000085
2025-08-01 09:31:27 AM,120.03,0,0.0,58220336.630000085
2025-08-01 09:31:29 AM,120.04,0,0.0,58220336.630000085
2025-08-01 09:31:30 AM,120.04,3278,393491.12,58613827.75000008
2025-08-01 09:31:30 AM,120.0,1,120.0,58613947.75000008
2025-08-01 09:31:33 AM,120.05,0,0.0,58613947.75000008
2025-08-01 09:31:37 AM,120.05,1271,152583.55,58766531.30000008
2025-08-01 09:31:37 AM,120.01,274,32882.74,58799414.04000008
2025-08-01 09:31:39 AM,120.0,0,0.0,58799414.04000008
2025-08-01 09:31:44 AM,120.05,539,64706.95,58864120.990000084
2025-08-01 09:31:50 AM,120.0,110,13200.0,58877320.990000084
2025-08-01 09:31:52 AM,120.05,0,0.0,58877320.990000084
2025-08-01 09:31:56 AM,120.0,0,0.0,58877320.990000084
2025-08-01 09:31:57 AM,120.0,1014,121680.0,58999000.990000084
2025-08-01 09:32:01 AM,120.01,0,0.0,58999000.990000084
2025-08-01 09:32:02 AM,120.0,0,0.0,58999000.990000084
2025-08-01 09:32:04 AM,120.0,120,14400.0,59013400.990000084
2025-08-01 09:32:04 AM,120.01,10,1200.1000000000001,59014601.090000086
2025-08-01 09:32:07 AM,120.07,0,0.0,59014601.090000086
2025-08-01 09:32:12 AM,120.05,8177,981648.85,59996249.94000009
2025-08-01 09:32:19 AM,120.07,0,0.0,59996249.94000009
2025-08-01 09:32:19 AM,120.07,788,94615.15999999999,60090865.10000008
2025-08-01 09:32:25 AM,120.14,0,0.0,60090865.10000008
2025-08-01 09:32:26 AM,120.14,55876,6712942.64,66803807.740000084
2025-08-01 09:32:31 AM,120.19,0,0.0,66803807.740000084
2025-08-01 09:32:32 AM,120.19,12,1442.28,66805250.020000085
2025-08-01 09:32:37 AM,120.22,0,0.0,66805250.020000085
2025-08-01 09:32:39 AM,120.11,10165,1220918.15,68026168.17000009
2025-08-01 09:32:43 AM,120.15,0,0.0,68026168.17000009
2025-08-01 09:32:43 AM,120.11,0,0.0,68026168.17000009
2025-08-01 09:32:46 AM,120.11,82,9849.02,68036017.19000009
2025-08-01 09:32:49 AM,120.15,0,0.0,68036017.19000009
2025-08-01 09:32:53 AM,120.15,18,2162.7000000000003,68038179.89000009
2025-08-01 09:32:54 AM,120.12,1,120.12,68038300.0100001
2025-08-01 09:32:55 AM,120.15,0,0.0,68038300.0100001
2025-08-01 09:33:00 AM,120.12,31,3723.7200000000003,68042023.7300001
2025-08-01 09:33:01 AM,120.15,0,0.0,68042023.7300001
2025-08-01 09:33:07 AM,120.15,511,61396.65,68103420.3800001
2025-08-01 09:33:14 AM,120.11,1443,173318.73,68276739.1100001
2025-08-01 09:33:27 AM,120.15,0,0.0,68276739.1100001
2025-08-01 09:33:28 AM,120.13,927,111360.51,68388099.62000011
2025-08-01 09:33:33 AM,120.15,0,0.0,68388099.62000011
2025-08-01 09:33:35 AM,120.15,100,12015.0,68400114.62000011
2025-08-01 09:33:38 AM,120.13,0,0.0,68400114.62000011
2025-08-01 09:33:42 AM,120.15,1281,153912.15,68554026.77000012
2025-08-01 09:33:43 AM,120.13,0,0.0,68554026.77000012
2025-08-01 09:33:47 AM,120.15,0,0.0,68554026.77000012
2025-08-01 09:33:49 AM,120.15,1107,133006.05000000002,68687032.82000011
2025-08-01 09:33:56 AM,120.25,24105,2898626.25,71585659.07000011
2025-08-01 09:33:58 AM,120.21,0,0.0,71585659.07000011
2025-08-01 09:34:03 AM,120.26,0,0.0,71585659.07000011
2025-08-01 09:34:03 AM,120.26,801,96328.26000000001,71681987.33000012
2025-08-01 09:34:03 AM,120.21,683,82103.43,71764090.76000012
2025-08-01 09:34:10 AM,120.25,1307,157166.75,71921257.51000012
2025-08-01 09:34:15 AM,120.24,0,0.0,71921257.51000012
2025-08-01 09:34:17 AM,120.2,1155,138831.0,72060088.51000012
2025-08-01 09:34:21 AM,120.21,0,0.0,72060088.51000012
2025-08-01 09:34:22 AM,120.25,0,0.0,72060088.51000012
2025-08-01 09:34:24 AM,120.18,1136,136524.48,72196612.99000013
2025-08-01 09:34:27 AM,120.16,0,0.0,72196612.99000013
2025-08-01 09:34:30 AM,120.13,0,0.0,72196612.99000013
2025-08-01 09:34:31 AM,120.18,6590,791986.2000000001,72988599.19000013
2025-08-01 09:34:38 AM,119.95,20230,2426588.5,75415187.69000013
2025-08-01 09:34:38 AM,119.97,3,359.90999999999997,75415547.60000013
2025-08-01 09:34:41 AM,119.92,0,0.0,75415547.60000013
2025-08-01 09:34:42 AM,119.9,0,0.0,75415547.60000013
2025-08-01 09:34:45 AM,119.95,0,0.0,75415547.60000013
2025-08-01 09:34:45 AM,119.95,1350,161932.5,75577480.10000013
2025-08-01 09:34:48 AM,119.89,0,0.0,75577480.10000013
2025-08-01 09:34:51 AM,119.95,0,0.0,75577480.10000013
2025-08-01 09:34:52 AM,119.93,25163,3017798.5900000003,78595278.69000013
2025-08-01 09:34:55 AM,119.95,0,0.0,78595278.69000013
2025-08-01 09:34:57 AM,119.9,0,0.0,78595278.69000013
2025-08-01 09:34:58 AM,119.9,5467,655493.3,79250771.99000013
2025-08-01 09:34:59 AM,119.9,600,71940.0,79322711.99000013
2025-08-01 09:35:02 AM,119.92,0,0.0,79322711.99000013
2025-08-01 09:35:05 AM,119.95,2332,279723.4,79602435.39000013
2025-08-01 09:35:12 AM,119.95,195,23390.25,79625825.64000013
2025-08-01 09:35:13 AM,119.95,268,32146.600000000002,79657972.24000013
2025-08-01 09:35:20 AM,119.95,11182,1341280.9000000001,80999253.14000013
2025-08-01 09:35:20 AM,119.95,15,1799.25,81001052.39000013
2025-08-01 09:35:27 AM,119.92,0,0.0,81001052.39000013
2025-08-01 09:35:27 AM,119.92,28445,3411124.4,84412176.79000014
2025-08-01 09:35:27 AM,119.9,0,0.0,84412176.79000014
2025-08-01 09:35:32 AM,119.94,0,0.0,84412176.79000014
2025-08-01 09:35:33 AM,119.94,5146,617211.24,85029388.03000014
2025-08-01 09:35:37 AM,119.93,0,0.0,85029388.03000014
2025-08-01 09:35:37 AM,119.92,0,0.0,85029388.03000014
2025-08-01 09:35:40 AM,119.92,102,12231.84,85041619.87000014
2025-08-01 09:35:47 AM,119.92,120,14390.4,85056010.27000014
2025-08-01 09:35:54 AM,119.92,122,14630.24,85070640.51000014
2025-08-01 09:36:00 AM,119.94,1923,230644.62,85301285.13000014
2025-08-01 09:36:06 AM,119.95,0,0.0,85301285.13000014
2025-08-01 09:36:07 AM,119.95,103,12354.85,85313639.98000014
2025-08-01 09:36:14 AM,119.95,15,1799.25,85315439.23000014
2025-08-01 09:36:20 AM,119.95,3317,397874.15,85713313.38000014
2025-08-01 09:36:27 AM,119.95,1265,151736.75,85865050.13000014
2025-08-01 09:36:33 AM,119.95,159,19072.05,85884122.18000014
2025-08-01 09:36:40 AM,119.95,3706,444534.7,86328656.88000014
2025-08-01 09:36:46 AM,119.96,0,0.0,86328656.88000014
2025-08-01 09:36:46 AM,119.96,41,4918.36,86333575.24000014
2025-08-01 09:36:53 AM,119.96,535,64178.6,86397753.84000014
2025-08-01 09:36:53 AM,119.95,0,0.0,86397753.84000014
2025-08-01 09:36:53 AM,119.96,11,1319.56,86399073.40000014
2025-08-01 09:36:58 AM,119.9,0,0.0,86399073.40000014
2025-08-01 09:37:00 AM,119.9,4454,534034.6,86933108.00000013
2025-08-01 09:37:02 AM,119.95,0,0.0,86933108.00000013
2025-08-01 09:37:06 AM,119.96,0,0.0,86933108.00000013
2025-08-01 09:37:07 AM,119.96,1163,139513.47999999998,87072621.48000014
2025-08-01 09:37:10 AM,119.94,0,0.0,87072621.48000014
2025-08-01 09:37:14 AM,119.94,1126,135052.44,87207673.92000014
2025-08-01 09:37:20 AM,119.75,0,0.0,87207673.92000014
2025-08-01 09:37:21 AM,119.74,15122,1810708.28,89018382.20000014
2025-08-01 09:37:22 AM,119.72,0,0.0,89018382.20000014
2025-08-01 09:37:26 AM,119.71,0,0.0,89018382.20000014
2025-08-01 09:37:28 AM,119.74,4844,580020.5599999999,89598402.76000014
2025-08-01 09:37:34 AM,119.73,8383,1003696.5900000001,90602099.35000014
2025-08-01 09:37:35 AM,119.7,210,25137.0,90627236.35000014
2025-08-01 09:37:36 AM,119.73,0,0.0,90627236.35000014
2025-08-01 09:37:39 AM,119.7,0,0.0,90627236.35000014
2025-08-01 09:37:41 AM,119.7,105,12568.5,90639804.85000014
2025-08-01 09:37:44 AM,119.74,0,0.0,90639804.85000014
2025-08-01 09:37:48 AM,119.74,71,8501.539999999999,90648306.39000015
2025-08-01 09:37:48 AM,119.71,0,0.0,90648306.39000015
2025-08-01 09:37:52 AM,119.76,0,0.0,90648306.39000015
2025-08-01 09:37:54 AM,119.71,0,0.0,90648306.39000015
2025-08-01 09:37:54 AM,119.74,256,30653.44,90678959.83000015
2025-08-01 09:37:58 AM,119.72,0,0.0,90678959.83000015
2025-08-01 09:38:01 AM,119.72,1356,162340.32,90841300.15000014
2025-08-01 09:38:06 AM,119.66,0,0.0,90841300.15000014
2025-08-01 09:38:08 AM,119.65,2026,242410.90000000002,91083711.05000015
2025-08-01 09:38:12 AM,119.66,0,0.0,91083711.05000015
2025-08-01 09:38:15 AM,119.67,571,68331.57,91152042.62000014
2025-08-01 09:38:22 AM,119.67,193,23096.31,91175138.93000014
2025-08-01 09:38:22 AM,119.7,0,0.0,91175138.93000014
2025-08-01 09:38:27 AM,119.75,0,0.0,91175138.93000014
2025-08-01 09:38:28 AM,119.75,2577,308595.75,91483734.68000014
2025-08-01 09:38:32 AM,119.71,0,0.0,91483734.68000014
2025-08-01 09:38:35 AM,119.71,120,14365.199999999999,91498099.88000014
2025-08-01 09:38:42 AM,119.74,267,31970.579999999998,91530070.46000014
2025-08-01 09:38:42 AM,119.71,0,0.0,91530070.46000014
2025-08-01 09:38:48 AM,119.74,141,16883.34,91546953.80000015
2025-08-01 09:38:50 AM,119.75,0,0.0,91546953.80000015
2025-08-01 09:38:54 AM,119.74,0,0.0,91546953.80000015
2025-08-01 09:38:55 AM,119.74,1623,194338.02,91741291.82000014
2025-08-01 09:39:01 AM,119.7,1273,152378.1,91893669.92000014
2025-08-01 09:39:09 AM,119.7,62,7421.400000000001,91901091.32000014
2025-08-01 09:39:13 AM,119.63,0,0.0,91901091.32000014
2025-08-01 09:39:15 AM,119.6,7073,845930.7999999999,92747022.12000014
2025-08-01 09:39:17 AM,119.58,0,0.0,92747022.12000014
2025-08-01 09:39:18 AM,119.63,0,0.0,92747022.12000014
2025-08-01 09:39:22 AM,119.69,8698,1041063.62,93788085.74000014
2025-08-01 09:39:27 AM,119.66,0,0.0,93788085.74000014
2025-08-01 09:39:29 AM,119.6,107,12797.199999999999,93800882.94000015
2025-08-01 09:39:30 AM,119.66,0,0.0,93800882.94000015
2025-08-01 09:39:35 AM,119.66,103,12324.98,93813207.92000015
2025-08-01 09:39:38 AM,119.65,0,0.0,93813207.92000015
2025-08-01 09:39:42 AM,119.65,122,14597.300000000001,93827805.22000015
2025-08-01 09:39:42 AM,119.65,1,119.65,93827924.87000015
2025-08-01 09:39:48 AM,119.65,476,56953.4,93884878.27000016
2025-08-01 09:39:54 AM,119.6,0,0.0,93884878.27000016
2025-08-01 09:39:55 AM,119.6,1214,145194.4,94030072.67000017
2025-08-01 09:39:58 AM,119.64,0,0.0,94030072.67000017
2025-08-01 09:40:01 AM,119.57,0,0.0,94030072.67000017
2025-08-01 09:40:01 AM,119.57,226,27022.82,94057095.49000016
2025-08-01 09:40:04 AM,119.64,0,0.0,94057095.49000016
2025-08-01 09:40:04 AM,119.64,110,13160.4,94070255.89000016
2025-08-01 09:40:04 AM,119.6,300,35880.0,94106135.89000016
2025-08-01 09:40:06 AM,119.57,0,0.0,94106135.89000016
2025-08-01 09:40:07 AM,119.57,800,95656.0,94201791.89000016
2025-08-01 09:40:07 AM,119.64,100,11964.0,94213755.89000016
2025-08-01 09:40:08 AM,119.64,251,30029.64,94243785.53000017
2025-08-01 09:40:09 AM,119.58,0,0.0,94243785.53000017
2025-08-01 09:40:10 AM,119.58,20,2391.6,94246177.13000016
2025-08-01 09:40:12 AM,119.63,2,239.26,94246416.39000016
2025-08-01 09:40:13 AM,119.6,22,2631.2,94249047.59000017
2025-08-01 09:40:15 AM,119.6,2752,329139.2,94578186.79000017
2025-08-01 09:40:15 AM,119.61,0,0.0,94578186.79000017
2025-08-01 09:40:16 AM,119.61,100,11961.0,94590147.79000017
2025-08-01 09:40:16 AM,119.62,10,1196.2,94591343.99000017
2025-08-01 09:40:17 AM,119.62,411,49163.82,94640507.81000017
2025-08-01 09:40:19 AM,119.65,2510,300321.5,94940829.31000017
2025-08-01 09:40:21 AM,119.65,50,5982.5,94946811.81000017
2025-08-01 09:40:21 AM,119.61,0,0.0,94946811.81000017
2025-08-01 09:40:22 AM,119.61,584,69852.24,95016664.05000016
2025-08-01 09:40:24 AM,119.65,6,717.9000000000001,95017381.95000017
2025-08-01 09:40:25 AM,119.65,5,598.25,95017980.20000017
2025-08-01 09:40:28 AM,119.64,0,0.0,95017980.20000017
2025-08-01 09:40:28 AM,119.64,5,598.2,95018578.40000017
2025-08-01 09:40:31 AM,119.64,2,239.28,95018817.68000017
2025-08-01 09:40:31 AM,119.6,0,0.0,95018817.68000017
2025-08-01 09:40:32 AM,119.6,4,478.4,95019296.08000018
2025-08-01 09:40:33 AM,119.61,210,25118.1,95044414.18000017
2025-08-01 09:40:34 AM,119.61,1,119.61,95044533.79000017
2025-08-01 09:40:35 AM,119.61,1,119.61,95044653.40000017
2025-08-01 09:40:35 AM,119.64,30,3589.2,95048242.60000017
2025-08-01 09:40:37 AM,119.64,4,478.56,95048721.16000018
2025-08-01 09:40:38 AM,119.55,7814,934163.7,95982884.86000018
2025-08-01 09:40:39 AM,119.62,2,239.24,95983124.10000017
2025-08-01 09:40:40 AM,119.62,40,4784.8,95987908.90000017
2025-08-01 09:40:41 AM,119.62,10,1196.2,95989105.10000017
2025-08-01 09:40:41 AM,119.62,201,24043.620000000003,96013148.72000018
2025-08-01 09:40:44 AM,119.62,1,119.62,96013268.34000018
2025-08-01 09:40:45 AM,119.58,15,1793.7,96015062.04000019
2025-08-01 09:40:46 AM,119.64,0,0.0,96015062.04000019
2025-08-01 09:40:46 AM,119.64,2001,239399.64,96254461.68000019
2025-08-01 09:40:46 AM,119.65,10,1196.5,96255658.18000019
2025-08-01 09:40:49 AM,119.65,1,119.65,96255777.83000019
2025-08-01 09:40:51 AM,119.67,20384,2439353.2800000003,98695131.1100002
2025-08-01 09:40:52 AM,119.68,3083,368973.44,99064104.55000019
2025-08-01 09:40:53 AM,119.67,0,0.0,99064104.55000019
2025-08-01 09:40:53 AM,119.67,200,23934.0,99088038.55000019
2025-08-01 09:40:54 AM,119.77,0,0.0,99088038.55000019
2025-08-01 09:40:55 AM,119.77,45533,5453487.41,104541525.96000019
2025-08-01 09:40:55 AM,119.8,0,0.0,104541525.96000019
2025-08-01 09:40:56 AM,119.8,311,37257.799999999996,104578783.76000018
2025-08-01 09:40:56 AM,119.8,17,2036.6,104580820.36000018
2025-08-01 09:41:00 AM,119.78,46,5509.88,104586330.24000017
2025-08-01 09:41:01 AM,119.8,10,1198.0,104587528.24000017
2025-08-01 09:41:03 AM,119.8,42,5031.599999999999,104592559.84000017
2025-08-01 09:41:03 AM,119.8,30,3594.0,104596153.84000017
2025-08-01 09:41:04 AM,119.81,0,0.0,104596153.84000017
2025-08-01 09:41:04 AM,119.81,2123,254356.63,104850510.47000016
2025-08-01 09:41:05 AM,119.76,0,0.0,104850510.47000016
2025-08-01 09:41:06 AM,119.76,11981,1434844.56,106285355.03000017
2025-08-01 09:41:06 AM,119.84,0,0.0,106285355.03000017
2025-08-01 09:41:07 AM,119.84,220,26364.8,106311719.83000016
2025-08-01 09:41:08 AM,119.84,7,838.88,106312558.71000016
2025-08-01 09:41:08 AM,119.8,1,119.8,106312678.51000015
2025-08-01 09:41:09 AM,119.84,0,0.0,106312678.51000015
2025-08-01 09:41:09 AM,119.84,410,49134.4,106361812.91000016
2025-08-01 09:41:16 AM,119.8,35,4193.0,106366005.91000016
2025-08-01 09:41:16 AM,119.84,0,0.0,106366005.91000016
2025-08-01 09:41:17 AM,119.84,1,119.84,106366125.75000016
2025-08-01 09:41:20 AM,119.84,4,479.36,106366605.11000016
2025-08-01 09:41:21 AM,119.8,269,32226.2,106398831.31000017
2025-08-01 09:41:21 AM,119.84,5,599.2,106399430.51000017
2025-08-01 09:41:22 AM,119.84,100,11984.0,106411414.51000017
2025-08-01 09:41:23 AM,119.84,5,599.2,106412013.71000017
2025-08-01 09:41:24 AM,119.84,2,239.68,106412253.39000018
2025-08-01 09:41:24 AM,119.82,20,2396.3999999999996,106414649.79000019
2025-08-01 09:41:24 AM,119.8,0,0.0,106414649.79000019
2025-08-01 09:41:25 AM,119.8,11,1317.8,106415967.59000018
2025-08-01 09:41:25 AM,119.82,0,0.0,106415967.59000018
2025-08-01 09:41:26 AM,119.82,20,2396.3999999999996,106418363.99000019
2025-08-01 09:41:28 AM,119.84,0,0.0,106418363.99000019
2025-08-01 09:41:28 AM,119.84,3431,411171.04000000004,106829535.0300002
2025-08-01 09:41:30 AM,119.84,5,599.2,106830134.2300002
2025-08-01 09:41:32 AM,119.79,1445,173096.55000000002,107003230.7800002
2025-08-01 09:41:32 AM,119.8,27,3234.6,107006465.38000019
2025-08-01 09:41:33 AM,119.79,3923,469936.17000000004,107476401.55000019
2025-08-01 09:41:34 AM,119.78,100,11978.0,107488379.55000019
2025-08-01 09:41:34 AM,119.78,2,239.56,107488619.1100002
2025-08-01 09:41:35 AM,119.78,6,718.6800000000001,107489337.7900002
2025-08-01 09:41:39 AM,119.78,153,18326.34,107507664.1300002
2025-08-01 09:41:40 AM,119.74,0,0.0,107507664.1300002
2025-08-01 09:41:41 AM,119.74,1621,194098.53999999998,107701762.67000021
2025-08-01 09:41:41 AM,119.78,14,1676.92,107703439.59000021
2025-08-01 09:41:41 AM,119.82,0,0.0,107703439.59000021
2025-08-01 09:41:42 AM,119.82,5010,600298.2,108303737.79000022
2025-08-01 09:41:44 AM,119.84,58,6950.72,108310688.51000021
2025-08-01 09:41:45 AM,119.75,0,0.0,108310688.51000021
2025-08-01 09:41:46 AM,119.72,2361,282658.92,108593347.43000022
2025-08-01 09:41:48 AM,119.82,2,239.64,108593587.07000022
2025-08-01 09:41:50 AM,119.82,125,14977.5,108608564.57000022
2025-08-01 09:41:50 AM,119.75,0,0.0,108608564.57000022
2025-08-01 09:41:51 AM,119.75,45,5388.75,108613953.32000022
2025-08-01 09:41:51 AM,119.82,43,5152.259999999999,108619105.58000022
2025-08-01 09:41:51 AM,119.84,0,0.0,108619105.58000022
2025-08-01 09:41:52 AM,119.84,400,47936.0,108667041.58000022
2025-08-01 09:41:52 AM,119.83,1,119.83,108667161.41000022
2025-08-01 09:41:53 AM,119.84,0,0.0,108667161.41000022
2025-08-01 09:41:54 AM,119.84,1,119.84,108667281.25000022
2025-08-01 09:41:56 AM,119.85,1,119.85,108667401.10000022
2025-08-01 09:41:59 AM,119.79,5,598.95,108668000.05000022
2025-08-01 09:42:06 AM,119.85,0,0.0,108668000.05000022
2025-08-01 09:42:06 AM,119.85,42,5033.7,108673033.75000022
2025-08-01 09:42:08 AM,119.85,56,6711.599999999999,108679745.35000022
2025-08-01 09:42:13 AM,119.85,63,7550.549999999999,108687295.90000021
2025-08-01 09:42:14 AM,119.85,105,12584.25,108699880.15000021
2025-08-01 09:42:19 AM,119.79,0,0.0,108699880.15000021
2025-08-01 09:42:20 AM,119.79,2004,240059.16,108939939.31000021
2025-08-01 09:42:21 AM,119.75,124,14849.0,108954788.31000021
2025-08-01 09:42:23 AM,119.77,0,0.0,108954788.31000021
2025-08-01 09:42:26 AM,119.77,504,60364.079999999994,109015152.39000021
2025-08-01 09:42:28 AM,119.7,2783,333125.10000000003,109348277.4900002
2025-08-01 09:42:28 AM,119.72,0,0.0,109348277.4900002
2025-08-01 09:42:33 AM,119.72,599,71712.28,109419989.7700002
2025-08-01 09:42:36 AM,119.7,0,0.0,109419989.7700002
2025-08-01 09:42:39 AM,119.7,1438,172128.6,109592118.3700002
2025-08-01 09:42:41 AM,119.69,79,9455.51,109601573.8800002
2025-08-01 09:42:41 AM,119.7,0,0.0,109601573.8800002
2025-08-01 09:42:44 AM,119.69,0,0.0,109601573.8800002
2025-08-01 09:42:46 AM,119.74,2273,272169.01999999996,109873742.9000002
2025-08-01 09:42:47 AM,119.67,440,52654.8,109926397.7000002
2025-08-01 09:42:52 AM,119.67,272,32550.24,109958947.94000019
2025-08-01 09:42:53 AM,119.64,1231,147276.84,110106224.7800002
2025-08-01 09:42:56 AM,119.67,0,0.0,110106224.7800002
2025-08-01 09:42:59 AM,119.67,526,62946.42,110169171.2000002
2025-08-01 09:43:00 AM,119.7,13,1556.1000000000001,110170727.30000019
2025-08-01 09:43:01 AM,119.67,0,0.0,110170727.30000019
2025-08-01 09:43:01 AM,119.7,0,0.0,110170727.30000019
2025-08-01 09:43:05 AM,119.7,414,49555.8,110220283.10000019
2025-08-01 09:43:08 AM,119.68,0,0.0,110220283.10000019
2025-08-01 09:43:08 AM,119.7,0,0.0,110220283.10000019
2025-08-01 09:43:12 AM,119.72,1054,126184.88,110346467.98000018
2025-08-01 09:43:12 AM,119.7,0,0.0,110346467.98000018
2025-08-01 09:43:13 AM,119.7,3,359.1,110346827.08000018
2025-08-01 09:43:19 AM,119.69,53,6343.57,110353170.65000017
2025-08-01 09:43:21 AM,119.7,0,0.0,110353170.65000017
2025-08-01 09:43:25 AM,119.7,108,12927.6,110366098.25000016
2025-08-01 09:43:29 AM,119.68,0,0.0,110366098.25000016
2025-08-01 09:43:32 AM,119.68,2065,247139.2,110613237.45000017
2025-08-01 09:43:33 AM,119.68,5,598.4000000000001,110613835.85000017
2025-08-01 09:43:36 AM,119.67,0,0.0,110613835.85000017
2025-08-01 09:43:38 AM,119.67,10,1196.7,110615032.55000018
2025-08-01 09:43:45 AM,119.67,4,478.68,110615511.23000018
2025-08-01 09:43:52 AM,119.67,3125,373968.75,110989479.98000018
2025-08-01 09:43:53 AM,119.66,0,0.0,110989479.98000018
2025-08-01 09:43:56 AM,119.67,0,0.0,110989479.98000018
2025-08-01 09:43:58 AM,119.65,1493,178637.45,111168117.43000019
2025-08-01 09:43:59 AM,119.66,30,3589.7999999999997,111171707.23000018
2025-08-01 09:44:05 AM,119.58,5052,604118.16,111775825.39000018
2025-08-01 09:44:05 AM,119.64,0,0.0,111775825.39000018
2025-08-01 09:44:06 AM,119.64,252,30149.28,111805974.67000018
2025-08-01 09:44:09 AM,119.66,0,0.0,111805974.67000018
2025-08-01 09:44:12 AM,119.64,544,65084.16,111871058.83000018
2025-08-01 09:44:16 AM,119.62,0,0.0,111871058.83000018
2025-08-01 09:44:18 AM,119.62,932,111485.84000000001,111982544.67000018
2025-08-01 09:44:19 AM,119.63,1,119.63,111982664.30000018
2025-08-01 09:44:23 AM,119.6,0,0.0,111982664.30000018
2025-08-01 09:44:25 AM,119.58,476,56920.08,112039584.38000017
2025-08-01 09:44:25 AM,119.6,0,0.0,112039584.38000017
2025-08-01 09:44:26 AM,119.6,250,29900.0,112069484.38000017
2025-08-01 09:44:27 AM,119.59,0,0.0,112069484.38000017
2025-08-01 09:44:28 AM,119.55,0,0.0,112069484.38000017
2025-08-01 09:44:31 AM,119.6,440,52624.0,112122108.38000017
2025-08-01 09:44:32 AM,119.6,125,14950.0,112137058.38000017
2025-08-01 09:44:35 AM,119.59,0,0.0,112137058.38000017
2025-08-01 09:44:37 AM,119.58,742,88728.36,112225786.74000017
2025-08-01 09:44:39 AM,119.58,10,1195.8,112226982.54000017
2025-08-01 09:44:40 AM,119.54,0,0.0,112226982.54000017
2025-08-01 09:44:44 AM,119.58,257,30732.06,112257714.60000017
2025-08-01 09:44:45 AM,119.58,35,4185.3,112261899.90000017
2025-08-01 09:44:45 AM,119.6,0,0.0,112261899.90000017
2025-08-01 09:44:48 AM,119.58,0,0.0,112261899.90000017
2025-08-01 09:44:50 AM,119.59,0,0.0,112261899.90000017
2025-08-01 09:44:50 AM,119.59,1353,161805.27000000002,112423705.17000017
2025-08-01 09:44:51 AM,119.6,3001,358919.6,112782624.77000016
2025-08-01 09:44:52 AM,119.58,0,0.0,112782624.77000016
2025-08-01 09:44:56 AM,119.6,0,0.0,112782624.77000016
2025-08-01 09:44:57 AM,119.55,2738,327327.89999999997,113109952.67000017
2025-08-01 09:44:58 AM,119.6,59,7056.4,113117009.07000017
2025-08-01 09:45:03 AM,119.6,3239,387384.39999999997,113504393.47000018
2025-08-01 09:45:05 AM,119.55,2917,348727.35,113853120.82000017
2025-08-01 09:45:05 AM,119.5,0,0.0,113853120.82000017
2025-08-01 09:45:07 AM,119.54,0,0.0,113853120.82000017
2025-08-01 09:45:10 AM,119.54,1263,150979.02000000002,114004099.84000017
2025-08-01 09:45:12 AM,119.54,381,45544.740000000005,114049644.58000016
2025-08-01 09:45:17 AM,119.54,1469,175604.26,114225248.84000017
2025-08-01 09:45:18 AM,119.5,18908,2259506.0,116484754.84000017
2025-08-01 09:45:21 AM,119.47,0,0.0,116484754.84000017
2025-08-01 09:45:23 AM,119.46,11427,1365069.42,117849824.26000017
2025-08-01 09:45:25 AM,119.47,1250,149337.5,117999161.76000017
2025-08-01 09:45:30 AM,119.47,1079,128908.13,118128069.89000016
2025-08-01 09:45:31 AM,119.47,250,29867.5,118157937.39000016
2025-08-01 09:45:33 AM,119.37,0,0.0,118157937.39000016
2025-08-01 09:45:36 AM,119.45,1486,177502.7,118335440.09000017
2025-08-01 09:45:37 AM,119.4,6,716.4000000000001,118336156.49000017
2025-08-01 09:45:42 AM,119.4,1428,170503.2,118506659.69000018
2025-08-01 09:45:44 AM,119.38,100,11938.0,118518597.69000018
2025-08-01 09:45:49 AM,119.41,1206,144008.46,118662606.15000017
2025-08-01 09:45:50 AM,119.41,14,1671.74,118664277.89000016
2025-08-01 09:45:55 AM,119.43,0,0.0,118664277.89000016
2025-08-01 09:45:56 AM,119.43,210,25080.300000000003,118689358.19000016
2025-08-01 09:45:57 AM,119.41,11,1313.51,118690671.70000017
2025-08-01 09:46:02 AM,119.43,0,0.0,118690671.70000017
2025-08-01 09:46:02 AM,119.43,598,71419.14,118762090.84000017
2025-08-01 09:46:03 AM,119.43,160,19108.800000000003,118781199.64000016
2025-08-01 09:46:08 AM,119.4,2141,255635.40000000002,119036835.04000017
2025-08-01 09:46:10 AM,119.41,12,1432.92,119038267.96000017
2025-08-01 09:46:13 AM,119.42,0,0.0,119038267.96000017
2025-08-01 09:46:15 AM,119.4,1627,194263.80000000002,119232531.76000017
2025-08-01 09:46:17 AM,119.42,31,3702.02,119236233.78000017
2025-08-01 09:46:22 AM,119.41,1766,210878.06,119447111.84000017
2025-08-01 09:46:23 AM,119.41,201,24001.41,119471113.25000016
2025-08-01 09:46:28 AM,119.41,16,1910.56,119473023.81000017
2025-08-01 09:46:30 AM,119.38,0,0.0,119473023.81000017
2025-08-01 09:46:30 AM,119.38,25,2984.5,119476008.31000017
2025-08-01 09:46:34 AM,119.36,0,0.0,119476008.31000017
2025-08-01 09:46:34 AM,119.35,1063,126869.04999999999,119602877.36000016
2025-08-01 09:46:36 AM,119.35,130,15515.5,119618392.86000016
2025-08-01 09:46:38 AM,119.33,0,0.0,119618392.86000016
2025-08-01 09:46:39 AM,119.34,0,0.0,119618392.86000016
2025-08-01 09:46:40 AM,119.33,446,53221.18,119671614.04000017
2025-08-01 09:46:42 AM,119.32,0,0.0,119671614.04000017
2025-08-01 09:46:42 AM,119.33,1483,176966.38999999998,119848580.43000017
2025-08-01 09:46:43 AM,119.31,0,0.0,119848580.43000017
2025-08-01 09:46:46 AM,119.32,0,0.0,119848580.43000017
2025-08-01 09:46:47 AM,119.32,3,357.96,119848938.39000016
2025-08-01 09:46:49 AM,119.32,500,59660.0,119908598.39000016
2025-08-01 09:46:50 AM,119.31,0,0.0,119908598.39000016
2025-08-01 09:46:51 AM,119.3,0,0.0,119908598.39000016
2025-08-01 09:46:53 AM,119.31,0,0.0,119908598.39000016
2025-08-01 09:46:53 AM,119.32,4565,544695.7999999999,120453294.19000016
2025-08-01 09:46:55 AM,119.32,133,15869.56,120469163.75000016
2025-08-01 09:46:59 AM,119.31,5,596.55,120469760.30000016
2025-08-01 09:47:01 AM,119.25,0,0.0,120469760.30000016
2025-08-01 09:47:01 AM,119.25,2515,299913.75,120769674.05000016
2025-08-01 09:47:03 AM,119.3,0,0.0,120769674.05000016
2025-08-01 09:47:05 AM,119.3,1444,172269.19999999998,120941943.25000016
2025-08-01 09:47:07 AM,119.3,2373,283098.89999999997,121225042.15000017
2025-08-01 09:47:09 AM,119.32,0,0.0,121225042.15000017
2025-08-01 09:47:10 AM,119.26,0,0.0,121225042.15000017
2025-08-01 09:47:12 AM,119.32,381,45460.92,121270503.07000017
2025-08-01 09:47:13 AM,119.3,0,0.0,121270503.07000017
2025-08-01 09:47:13 AM,119.3,1014,120970.2,121391473.27000017
2025-08-01 09:47:18 AM,119.3,16,1908.8,121393382.07000017
2025-08-01 09:47:20 AM,119.3,6,715.8,121394097.87000017
2025-08-01 09:47:21 AM,119.26,0,0.0,121394097.87000017
2025-08-01 09:47:22 AM,119.3,0,0.0,121394097.87000017
2025-08-01 09:47:24 AM,119.3,138,16463.399999999998,121410561.27000017
2025-08-01 09:47:26 AM,119.3,6,715.8,121411277.07000017
2025-08-01 09:47:27 AM,119.26,0,0.0,121411277.07000017
2025-08-01 09:47:30 AM,119.3,0,0.0,121411277.07000017
2025-08-01 09:47:30 AM,119.3,134,15986.199999999999,121427263.27000017
2025-08-01 09:47:31 AM,119.23,0,0.0,121427263.27000017
2025-08-01 09:47:32 AM,119.25,19263,2297112.75,123724376.02000017
2025-08-01 09:47:36 AM,119.26,0,0.0,123724376.02000017
2025-08-01 09:47:37 AM,119.2,846,100843.2,123825219.22000018
2025-08-01 09:47:42 AM,119.26,0,0.0,123825219.22000018
2025-08-01 09:47:44 AM,119.2,0,0.0,123825219.22000018
2025-08-01 09:47:44 AM,119.2,216,25747.2,123850966.42000018
2025-08-01 09:47:46 AM,119.2,202,24078.4,123875044.82000019
2025-08-01 09:47:46 AM,119.25,0,0.0,123875044.82000019
2025-08-01 09:47:50 AM,119.2,395,47084.0,123922128.82000019
2025-08-01 09:47:53 AM,119.2,94,11204.800000000001,123933333.62000018
2025-08-01 09:47:57 AM,119.2,2,238.4,123933572.02000019
2025-08-01 09:47:59 AM,119.26,0,0.0,123933572.02000019
2025-08-01 09:48:00 AM,119.26,54,6440.04,123940012.0600002
2025-08-01 09:48:04 AM,119.26,15,1788.9,123941800.9600002
2025-08-01 09:48:06 AM,119.2,301,35879.200000000004,123977680.1600002
2025-08-01 09:48:09 AM,119.25,0,0.0,123977680.1600002
2025-08-01 09:48:10 AM,119.25,189,22538.25,124000218.4100002
2025-08-01 09:48:12 AM,119.25,20,2385.0,124002603.4100002
2025-08-01 09:48:16 AM,119.25,312,37206.0,124039809.4100002
2025-08-01 09:48:19 AM,119.22,604,72008.88,124111818.2900002
2025-08-01 09:48:20 AM,119.25,0,0.0,124111818.2900002
2025-08-01 09:48:23 AM,119.27,21750,2594122.5,126705940.7900002
2025-08-01 09:48:25 AM,119.27,5,596.35,126706537.1400002
2025-08-01 09:48:29 AM,119.26,0,0.0,126706537.1400002
2025-08-01 09:48:29 AM,119.26,1,119.26,126706656.4000002
2025-08-01 09:48:33 AM,119.27,0,0.0,126706656.4000002
2025-08-01 09:48:36 AM,119.26,3393,404649.18,127111305.5800002
2025-08-01 09:48:36 AM,119.28,0,0.0,127111305.5800002
2025-08-01 09:48:38 AM,119.24,35483,4230992.92,131342298.50000021
2025-08-01 09:48:40 AM,119.26,0,0.0,131342298.50000021
2025-08-01 09:48:42 AM,119.27,4262,508328.74,131850627.2400002
2025-08-01 09:48:45 AM,119.29,3219,383994.51,132234621.75000021
2025-08-01 09:48:48 AM,119.26,0,0.0,132234621.75000021
2025-08-01 09:48:49 AM,119.26,4455,531303.3,132765925.0500002
2025-08-01 09:48:51 AM,119.26,12,1431.1200000000001,132767356.17000021
2025-08-01 09:48:55 AM,119.29,407,48551.030000000006,132815907.20000021
2025-08-01 09:48:56 AM,119.26,0,0.0,132815907.20000021
2025-08-01 09:48:58 AM,119.29,83,9901.07,132825808.2700002
2025-08-01 09:49:01 AM,119.29,24,2862.96,132828671.2300002
2025-08-01 09:49:04 AM,119.29,9,1073.6100000000001,132829744.8400002
2025-08-01 09:49:08 AM,119.29,100,11929.0,132841673.8400002
2025-08-01 09:49:08 AM,119.27,0,0.0,132841673.8400002
2025-08-01 09:49:10 AM,119.29,16,1908.64,132843582.4800002
2025-08-01 09:49:13 AM,119.27,0,0.0,132843582.4800002
2025-08-01 09:49:14 AM,119.29,362,43182.98,132886765.4600002
2025-08-01 09:49:17 AM,119.27,0,0.0,132886765.4600002
2025-08-01 09:49:20 AM,119.29,0,0.0,132886765.4600002
2025-08-01 09:49:20 AM,119.29,130,15507.7,132902273.1600002
2025-08-01 09:49:20 AM,119.35,0,0.0,132902273.1600002
2025-08-01 09:49:22 AM,119.39,36092,4309023.88,137211297.0400002
2025-08-01 09:49:26 AM,119.35,0,0.0,137211297.0400002
2025-08-01 09:49:26 AM,119.35,650,77577.5,137288874.5400002
2025-08-01 09:49:29 AM,119.4,5166,616820.4,137905694.9400002
2025-08-01 09:49:32 AM,119.4,1646,196532.40000000002,138102227.3400002
2025-08-01 09:49:35 AM,119.36,0,0.0,138102227.3400002
2025-08-01 09:49:35 AM,119.36,225,26856.0,138129083.3400002
2025-08-01 09:49:38 AM,119.4,0,0.0,138129083.3400002
2025-08-01 09:49:39 AM,119.4,35,4179.0,138133262.3400002
2025-08-01 09:49:41 AM,119.4,182,21730.8,138154993.14000022
2025-08-01 09:49:44 AM,119.38,0,0.0,138154993.14000022
2025-08-01 09:49:45 AM,119.39,1310,156400.9,138311394.04000023
2025-08-01 09:49:47 AM,119.36,0,0.0,138311394.04000023
2025-08-01 09:49:48 AM,119.36,120,14323.2,138325717.24000022
2025-08-01 09:49:50 AM,119.42,0,0.0,138325717.24000022
2025-08-01 09:49:50 AM,119.38,0,0.0,138325717.24000022
2025-08-01 09:49:51 AM,119.38,176,21010.879999999997,138346728.1200002
2025-08-01 09:49:53 AM,119.41,0,0.0,138346728.1200002
2025-08-01 09:49:53 AM,119.38,0,0.0,138346728.1200002
2025-08-01 09:49:54 AM,119.4,65,7761.0,138354489.1200002
2025-08-01 09:50:00 AM,119.35,0,0.0,138354489.1200002
2025-08-01 09:50:01 AM,119.35,12364,1475643.4,139830132.52000022
2025-08-01 09:50:04 AM,119.35,2078,248009.3,140078141.82000023
2025-08-01 09:50:07 AM,119.34,569,67904.46,140146046.28000024
2025-08-01 09:50:09 AM,119.35,0,0.0,140146046.28000024
2025-08-01 09:50:11 AM,119.35,1766,210772.09999999998,140356818.38000023
2025-08-01 09:50:14 AM,119.35,170,20289.5,140377107.88000023
2025-08-01 09:50:17 AM,119.35,115,13725.25,140390833.13000023
2025-08-01 09:50:20 AM,119.35,520,62062.0,140452895.13000023
2025-08-01 09:50:22 AM,119.3,0,0.0,140452895.13000023
2025-08-01 09:50:24 AM,119.35,408,48694.799999999996,140501589.93000025
2025-08-01 09:50:26 AM,119.35,551,65761.84999999999,140567351.78000024
2025-08-01 09:50:30 AM,119.35,124,14799.4,140582151.18000025
2025-08-01 09:50:31 AM,119.32,0,0.0,140582151.18000025
2025-08-01 09:50:32 AM,119.35,274,32701.899999999998,140614853.08000025
2025-08-01 09:50:36 AM,119.31,0,0.0,140614853.08000025
2025-08-01 09:50:36 AM,119.31,651,77670.81,140692523.89000025
2025-08-01 09:50:37 AM,119.35,0,0.0,140692523.89000025
2025-08-01 09:50:38 AM,119.3,1854,221182.19999999998,140913706.09000024
2025-08-01 09:50:39 AM,119.35,0,0.0,140913706.09000024
2025-08-01 09:50:40 AM,119.31,0,0.0,140913706.09000024
2025-08-01 09:50:42 AM,119.35,0,0.0,140913706.09000024
2025-08-01 09:50:42 AM,119.35,480,57288.0,140970994.09000024
2025-08-01 09:50:48 AM,119.35,11,1312.85,140972306.94000024
2025-08-01 09:50:51 AM,119.34,6184,737998.56,141710305.50000024
2025-08-01 09:50:52 AM,119.38,0,0.0,141710305.50000024
2025-08-01 09:50:55 AM,119.38,164,19578.32,141729883.82000023
2025-08-01 09:50:58 AM,119.31,0,0.0,141729883.82000023
2025-08-01 09:51:00 AM,119.39,0,0.0,141729883.82000023
2025-08-01 09:51:00 AM,119.4,0,0.0,141729883.82000023
2025-08-01 09:51:01 AM,119.39,743,88706.77,141818590.59000024
2025-08-01 09:51:03 AM,119.39,154,18386.06,141836976.65000024
2025-08-01 09:51:06 AM,119.44,0,0.0,141836976.65000024
2025-08-01 09:51:07 AM,119.44,24177,2887700.88,144724677.53000024
2025-08-01 09:51:09 AM,119.44,100,11944.0,144736621.53000024
2025-08-01 09:51:11 AM,119.41,0,0.0,144736621.53000024
2025-08-01 09:51:14 AM,119.43,0,0.0,144736621.53000024
2025-08-01 09:51:14 AM,119.43,2409,287706.87,145024328.40000024
2025-08-01 09:51:16 AM,119.39,43,5133.77,145029462.17000026
2025-08-01 09:51:19 AM,119.45,0,0.0,145029462.17000026
2025-08-01 09:51:20 AM,119.46,968,115637.28,145145099.45000026
2025-08-01 09:51:22 AM,119.46,269,32134.739999999998,145177234.19000027
2025-08-01 09:51:28 AM,119.5,792,94644.0,145271878.19000027
2025-08-01 09:51:32 AM,119.44,2952,352586.88,145624465.07000026
2025-08-01 09:51:33 AM,119.46,0,0.0,145624465.07000026
2025-08-01 09:51:35 AM,119.47,22226,2655340.22,148279805.29000026
2025-08-01 09:51:39 AM,119.5,0,0.0,148279805.29000026
2025-08-01 09:51:39 AM,119.5,5058,604431.0,148884236.29000026
2025-08-01 09:51:41 AM,119.46,18,2150.2799999999997,148886386.57000026
2025-08-01 09:51:41 AM,119.55,0,0.0,148886386.57000026
2025-08-01 09:51:43 AM,119.47,0,0.0,148886386.57000026
2025-08-01 09:51:44 AM,119.49,0,0.0,148886386.57000026
2025-08-01 09:51:45 AM,119.49,14528,1735950.72,150622337.29000026
2025-08-01 09:51:47 AM,119.5,1000,119500.0,150741837.29000026
2025-08-01 09:51:54 AM,119.5,20,2390.0,150744227.29000026
2025-08-01 09:51:57 AM,119.49,141,16848.09,150761075.38000026
2025-08-01 09:51:59 AM,119.4,0,0.0,150761075.38000026
2025-08-01 09:52:00 AM,119.4,5907,705295.8,151466371.18000028
2025-08-01 09:52:03 AM,119.35,372,44398.2,151510769.38000026
2025-08-01 09:52:06 AM,119.36,3573,426473.27999999997,151937242.66000026
2025-08-01 09:52:06 AM,119.39,0,0.0,151937242.66000026
2025-08-01 09:52:09 AM,119.32,5856,698737.9199999999,152635980.58000025
2025-08-01 09:52:12 AM,119.32,1459,174087.87999999998,152810068.46000025
2025-08-01 09:52:15 AM,119.32,48523,5789764.359999999,158599832.82000023
2025-08-01 09:52:18 AM,119.29,3029,361329.41000000003,158961162.23000023
2025-08-01 09:52:21 AM,119.24,0,0.0,158961162.23000023
2025-08-01 09:52:22 AM,119.24,534,63674.159999999996,159024836.39000022
2025-08-01 09:52:24 AM,119.29,1125,134201.25,159159037.64000022
2025-08-01 09:52:28 AM,119.29,20,2385.8,159161423.44000024
2025-08-01 09:52:33 AM,119.26,0,0.0,159161423.44000024
2025-08-01 09:52:33 AM,119.25,0,0.0,159161423.44000024
2025-08-01 09:52:34 AM,119.25,20381,2430434.25,161591857.69000024
2025-08-01 09:52:40 AM,119.25,100,11925.0,161603782.69000024
2025-08-01 09:52:42 AM,119.24,0,0.0,161603782.69000024
2025-08-01 09:52:43 AM,119.24,31,3696.44,161607479.13000023
2025-08-01 09:52:45 AM,119.22,0,0.0,161607479.13000023
2025-08-01 09:52:46 AM,119.21,916,109196.36,161716675.49000025
2025-08-01 09:52:48 AM,119.19,0,0.0,161716675.49000025
2025-08-01 09:52:49 AM,119.21,1313,156522.72999999998,161873198.22000024
2025-08-01 09:52:52 AM,119.21,1079,128627.59,162001825.81000024
2025-08-01 09:52:54 AM,119.22,0,0.0,162001825.81000024
2025-08-01 09:52:55 AM,119.18,1759,209637.62000000002,162211463.43000025
2025-08-01 09:52:57 AM,119.24,0,0.0,162211463.43000025
2025-08-01 09:52:58 AM,119.24,202,24086.48,162235549.91000023
2025-08-01 09:53:00 AM,119.24,3,357.71999999999997,162235907.63000023
2025-08-01 09:53:01 AM,119.25,6691,797901.75,163033809.38000023
2025-08-01 09:53:01 AM,119.3,0,0.0,163033809.38000023
2025-08-01 09:53:02 AM,119.3,5000,596500.0,163630309.38000023
2025-08-01 09:53:02 AM,119.27,602,71800.54,163702109.92000023
2025-08-01 09:53:04 AM,119.38,10050,1199769.0,164901878.92000023
2025-08-01 09:53:04 AM,119.3,0,0.0,164901878.92000023
2025-08-01 09:53:05 AM,119.3,384,45811.2,164947690.1200002
2025-08-01 09:53:07 AM,119.29,856,102112.24,165049802.36000022
2025-08-01 09:53:07 AM,119.35,5,596.75,165050399.11000022
2025-08-01 09:53:08 AM,119.28,180,21470.4,165071869.51000023
2025-08-01 09:53:09 AM,119.26,35102,4186264.52,169258134.03000024
2025-08-01 09:53:10 AM,119.23,5722,682234.06,169940368.09000024
2025-08-01 09:53:11 AM,119.22,0,0.0,169940368.09000024
2025-08-01 09:53:11 AM,119.22,5,596.1,169940964.19000024
2025-08-01 09:53:12 AM,119.14,0,0.0,169940964.19000024
2025-08-01 09:53:13 AM,119.13,0,0.0,169940964.19000024
2025-08-01 09:53:13 AM,119.13,17063,2032715.19,171973679.38000023
2025-08-01 09:53:13 AM,119.1,0,0.0,171973679.38000023
2025-08-01 09:53:14 AM,119.1,9106,1084524.5999999999,173058203.98000023
2025-08-01 09:53:14 AM,119.07,0,0.0,173058203.98000023
2025-08-01 09:53:15 AM,119.07,41,4881.87,173063085.85000023
2025-08-01 09:53:15 AM,119.06,0,0.0,173063085.85000023
2025-08-01 09:53:16 AM,119.06,20,2381.2,173065467.05000022
2025-08-01 09:53:17 AM,119.05,0,0.0,173065467.05000022
2025-08-01 09:53:17 AM,119.05,1611,191789.55,173257256.60000023
2025-08-01 09:53:18 AM,119.02,1492,177577.84,173434834.44000024
2025-08-01 09:53:19 AM,119.02,588,69983.76,173504818.20000023
2025-08-01 09:53:19 AM,119.05,25,2976.25,173507794.45000023
2025-08-01 09:53:19 AM,119.06,0,0.0,173507794.45000023
2025-08-01 09:53:20 AM,119.1,0,0.0,173507794.45000023
2025-08-01 09:53:20 AM,119.1,540,64314.0,173572108.45000023
2025-08-01 09:53:21 AM,119.1,1658,197467.8,173769576.25000024
2025-08-01 09:53:22 AM,119.1,87,10361.699999999999,173779937.95000023
2025-08-01 09:53:22 AM,119.13,0,0.0,173779937.95000023
2025-08-01 09:53:23 AM,119.13,11,1310.4299999999998,173781248.38000023
2025-08-01 09:53:23 AM,119.12,0,0.0,173781248.38000023
2025-08-01 09:53:24 AM,119.0,17915,2131885.0,175913133.38000023
2025-08-01 09:53:24 AM,119.06,1285,152992.1,176066125.48000023
2025-08-01 09:53:24 AM,119.05,0,0.0,176066125.48000023
2025-08-01 09:53:25 AM,119.05,110,13095.5,176079220.98000023
2025-08-01 09:53:25 AM,119.05,890,105954.5,176185175.48000023
2025-08-01 09:53:26 AM,119.05,5,595.25,176185770.73000023
2025-08-01 09:53:26 AM,119.05,1,119.05,176185889.78000024
2025-08-01 09:53:27 AM,119.0,41447,4932193.0,181118082.78000024
2025-08-01 09:53:27 AM,119.02,0,0.0,181118082.78000024
2025-08-01 09:53:28 AM,119.0,142,16898.0,181134980.78000024
2025-08-01 09:53:28 AM,119.0,43,5117.0,181140097.78000024
2025-08-01 09:53:28 AM,119.02,0,0.0,181140097.78000024
2025-08-01 09:53:29 AM,119.03,55,6546.65,181146644.43000025
2025-08-01 09:53:29 AM,119.0,0,0.0,181146644.43000025
2025-08-01 09:53:29 AM,119.0,2725,324275.0,181470919.43000025
2025-08-01 09:53:30 AM,119.05,4739,564177.95,182035097.38000023
2025-08-01 09:53:31 AM,119.05,10,1190.5,182036287.88000023
2025-08-01 09:53:31 AM,119.04,100,11904.0,182048191.88000023
2025-08-01 09:53:33 AM,119.04,10,1190.4,182049382.28000024
2025-08-01 09:53:33 AM,119.0,54,6426.0,182055808.28000024
2025-08-01 09:53:34 AM,118.9,22096,2627214.4,184683022.68000025
2025-08-01 09:53:34 AM,118.98,1,118.98,184683141.66000023
2025-08-01 09:53:35 AM,119.05,1,119.05,184683260.71000025
2025-08-01 09:53:35 AM,118.99,0,0.0,184683260.71000025
2025-08-01 09:53:36 AM,118.99,400,47596.0,184730856.71000025
2025-08-01 09:53:36 AM,119.05,0,0.0,184730856.71000025
2025-08-01 09:53:37 AM,119.02,306,36420.119999999995,184767276.83000025
2025-08-01 09:53:38 AM,118.93,650,77304.5,184844581.33000025
2025-08-01 09:53:39 AM,118.91,326,38764.659999999996,184883345.99000025
2025-08-01 09:53:40 AM,118.97,0,0.0,184883345.99000025
2025-08-01 09:53:40 AM,118.97,6,713.8199999999999,184884059.81000024
2025-08-01 09:53:42 AM,118.96,0,0.0,184884059.81000024
2025-08-01 09:53:43 AM,118.96,2146,255288.15999999997,185139347.97000024
2025-08-01 09:53:43 AM,119.02,50,5951.0,185145298.97000024
2025-08-01 09:53:43 AM,118.96,0,0.0,185145298.97000024
2025-08-01 09:53:44 AM,118.96,5084,604792.64,185750091.61000022
2025-08-01 09:53:45 AM,118.96,2,237.92,185750329.5300002
2025-08-01 09:53:46 AM,118.96,1001,119078.95999999999,185869408.49000022
2025-08-01 09:53:46 AM,118.99,0,0.0,185869408.49000022
2025-08-01 09:53:47 AM,118.99,200,23798.0,185893206.49000022
2025-08-01 09:53:48 AM,118.96,0,0.0,185893206.49000022
2025-08-01 09:53:48 AM,118.98,152,18084.96,185911291.45000023
2025-08-01 09:53:49 AM,118.98,100,11898.0,185923189.45000023
2025-08-01 09:53:49 AM,118.96,7,832.7199999999999,185924022.17000023
2025-08-01 09:53:49 AM,118.98,0,0.0,185924022.17000023
2025-08-01 09:53:50 AM,118.98,150,17847.0,185941869.17000023
2025-08-01 09:53:53 AM,118.99,0,0.0,185941869.17000023
2025-08-01 09:53:54 AM,118.99,500,59495.0,186001364.17000023
2025-08-01 09:53:54 AM,118.92,0,0.0,186001364.17000023
2025-08-01 09:53:54 AM,118.99,5720,680622.7999999999,186681986.97000024
2025-08-01 09:53:55 AM,118.92,638,75870.96,186757857.93000025
2025-08-01 09:53:59 AM,118.98,0,0.0,186757857.93000025
2025-08-01 09:54:00 AM,118.98,72,8566.56,186766424.49000025
2025-08-01 09:54:00 AM,119.0,2,238.0,186766662.49000025
2025-08-01 09:54:01 AM,118.94,0,0.0,186766662.49000025
2025-08-01 09:54:01 AM,118.94,1019,121199.86,186887862.35000026
2025-08-01 09:54:01 AM,119.0,2,238.0,186888100.35000026
2025-08-01 09:54:02 AM,119.0,40,4760.0,186892860.35000026
2025-08-01 09:54:03 AM,118.94,2100,249774.0,187142634.35000026
2025-08-01 09:54:04 AM,118.99,8,951.92,187143586.27000025
2025-08-01 09:54:05 AM,118.99,3,356.96999999999997,187143943.24000025
2025-08-01 09:54:06 AM,118.99,25,2974.75,187146917.99000025
2025-08-01 09:54:06 AM,118.94,0,0.0,187146917.99000025
2025-08-01 09:54:07 AM,118.98,2470,293880.60000000003,187440798.59000024
2025-08-01 09:54:08 AM,118.91,1474,175273.34,187616071.93000025
2025-08-01 09:54:11 AM,118.96,0,0.0,187616071.93000025
2025-08-01 09:54:12 AM,118.96,126,14988.96,187631060.89000025
2025-08-01 09:54:12 AM,118.95,0,0.0,187631060.89000025
2025-08-01 09:54:13 AM,118.95,10,1189.5,187632250.39000025
2025-08-01 09:54:13 AM,118.93,0,0.0,187632250.39000025
2025-08-01 09:54:14 AM,118.93,237,28186.41,187660436.80000025
2025-08-01 09:54:14 AM,118.92,0,0.0,187660436.80000025
2025-08-01 09:54:14 AM,118.93,0,0.0,187660436.80000025
2025-08-01 09:54:15 AM,118.93,334,39722.62,187700159.42000026
2025-08-01 09:54:15 AM,118.92,0,0.0,187700159.42000026
2025-08-01 09:54:16 AM,118.92,1400,166488.0,187866647.42000026
2025-08-01 09:54:16 AM,118.91,0,0.0,187866647.42000026
2025-08-01 09:54:17 AM,118.91,906,107732.45999999999,187974379.88000026
2025-08-01 09:54:18 AM,118.95,0,0.0,187974379.88000026
2025-08-01 09:54:18 AM,118.95,1423,169265.85,188143645.73000026
2025-08-01 09:54:18 AM,118.91,0,0.0,188143645.73000026
2025-08-01 09:54:19 AM,118.91,543,64568.13,188208213.86000025
2025-08-01 09:54:20 AM,118.91,102,12128.82,188220342.68000025
2025-08-01 09:54:21 AM,118.91,356,42331.96,188262674.64000025
2025-08-01 09:54:21 AM,118.94,0,0.0,188262674.64000025
2025-08-01 09:54:22 AM,118.95,0,0.0,188262674.64000025
2025-08-01 09:54:22 AM,118.95,479,56977.05,188319651.69000027
2025-08-01 09:54:23 AM,118.91,36,4280.76,188323932.45000026
2025-08-01 09:54:25 AM,118.96,0,0.0,188323932.45000026
2025-08-01 09:54:26 AM,118.96,2317,275630.32,188599562.77000025
2025-08-01 09:54:28 AM,118.94,1,118.94,188599681.71000025
2025-08-01 09:54:29 AM,118.96,0,0.0,188599681.71000025
2025-08-01 09:54:30 AM,118.96,41,4877.36,188604559.07000026
2025-08-01 09:54:34 AM,118.94,0,0.0,188604559.07000026
2025-08-01 09:54:34 AM,118.94,226,26880.44,188631439.51000026
2025-08-01 09:54:35 AM,118.95,0,0.0,188631439.51000026
2025-08-01 09:54:36 AM,118.95,250,29737.5,188661177.01000026
2025-08-01 09:54:37 AM,118.95,113,13441.35,188674618.36000025
2025-08-01 09:54:38 AM,119.0,10270,1222130.0,189896748.36000025
2025-08-01 09:54:39 AM,118.96,3926,467036.95999999996,190363785.32000026
2025-08-01 09:54:40 AM,119.0,300,35700.0,190399485.32000026
2025-08-01 09:54:42 AM,118.99,0,0.0,190399485.32000026
2025-08-01 09:54:43 AM,118.99,210,24987.899999999998,190424473.22000027
2025-08-01 09:54:45 AM,118.96,0,0.0,190424473.22000027
2025-08-01 09:54:46 AM,118.96,939,111703.43999999999,190536176.66000026
2025-08-01 09:54:46 AM,118.95,0,0.0,190536176.66000026
2025-08-01 09:54:47 AM,118.95,1303,154991.85,190691168.51000026
2025-08-01 09:54:47 AM,118.99,0,0.0,190691168.51000026
2025-08-01 09:54:48 AM,118.99,25,2974.75,190694143.26000026
2025-08-01 09:54:49 AM,118.96,0,0.0,190694143.26000026
2025-08-01 09:54:49 AM,118.96,278,33070.88,190727214.14000025
2025-08-01 09:54:50 AM,119.0,0,0.0,190727214.14000025
2025-08-01 09:54:51 AM,118.95,1110,132034.5,190859248.64000025
2025-08-01 09:54:52 AM,118.99,0,0.0,190859248.64000025
2025-08-01 09:54:52 AM,118.95,290,34495.5,190893744.14000025
2025-08-01 09:54:53 AM,118.99,104,12374.96,190906119.10000026
2025-08-01 09:54:54 AM,118.95,26,3092.7000000000003,190909211.80000025
2025-08-01 09:54:55 AM,118.99,4,475.96,190909687.76000026
2025-08-01 09:54:56 AM,118.99,500,59495.0,190969182.76000026
2025-08-01 09:54:56 AM,118.95,0,0.0,190969182.76000026
2025-08-01 09:54:57 AM,118.95,1,118.95,190969301.71000025
2025-08-01 09:54:57 AM,118.96,100,11896.0,190981197.71000025
2025-08-01 09:55:00 AM,119.0,2,238.0,190981435.71000025
2025-08-01 09:55:01 AM,118.97,0,0.0,190981435.71000025
2025-08-01 09:55:01 AM,118.97,184,21890.48,191003326.19000024
2025-08-01 09:55:02 AM,118.97,30,3569.1,191006895.29000023
2025-08-01 09:55:05 AM,119.0,0,0.0,191006895.29000023
2025-08-01 09:55:07 AM,119.0,10,1190.0,191008085.29000023
2025-08-01 09:55:11 AM,118.97,0,0.0,191008085.29000023
2025-08-01 09:55:11 AM,119.0,0,0.0,191008085.29000023
2025-08-01 09:55:13 AM,119.0,32,3808.0,191011893.29000023
2025-08-01 09:55:14 AM,118.98,0,0.0,191011893.29000023
2025-08-01 09:55:14 AM,118.98,2,237.96,191012131.25000024
2025-08-01 09:55:15 AM,118.96,0,0.0,191012131.25000024
2025-08-01 09:55:19 AM,118.96,2180,259332.8,191271464.05000025
2025-08-01 09:55:23 AM,118.86,0,0.0,191271464.05000025
2025-08-01 09:55:25 AM,118.9,37853,4500721.7,195772185.75000024
2025-08-01 09:55:26 AM,118.9,1709,203200.1,195975385.85000023
2025-08-01 09:55:28 AM,118.89,0,0.0,195975385.85000023
2025-08-01 09:55:31 AM,118.89,9480,1127077.2,197102463.05000022
2025-08-01 09:55:32 AM,118.85,0,0.0,197102463.05000022
2025-08-01 09:55:32 AM,118.85,9438,1121706.3,198224169.35000023
2025-08-01 09:55:35 AM,118.75,0,0.0,198224169.35000023
2025-08-01 09:55:37 AM,118.75,15144,1798350.0,200022519.35000023
2025-08-01 09:55:38 AM,118.85,12,1426.1999999999998,200023945.55000022
2025-08-01 09:55:39 AM,118.78,0,0.0,200023945.55000022
2025-08-01 09:55:43 AM,118.82,0,0.0,200023945.55000022
2025-08-01 09:55:43 AM,118.82,11995,1425245.9,201449191.45000023
2025-08-01 09:55:44 AM,118.76,0,0.0,201449191.45000023
2025-08-01 09:55:44 AM,118.76,3842,456275.92000000004,201905467.3700002
2025-08-01 09:55:47 AM,118.82,0,0.0,201905467.3700002
2025-08-01 09:55:49 AM,118.93,20108,2391444.44,204296911.8100002
2025-08-01 09:55:53 AM,118.9,0,0.0,204296911.8100002
2025-08-01 09:55:55 AM,118.9,5005,595094.5,204892006.3100002
2025-08-01 09:56:00 AM,118.82,7700,914914.0,205806920.3100002
2025-08-01 09:56:02 AM,118.84,0,0.0,205806920.3100002
2025-08-01 09:56:02 AM,118.84,14,1663.76,205808584.0700002
2025-08-01 09:56:02 AM,118.82,10,1188.1999999999998,205809772.2700002
2025-08-01 09:56:03 AM,118.82,100,11882.0,205821654.2700002
2025-08-01 09:56:04 AM,118.8,2259,268369.2,206090023.47000018
2025-08-01 09:56:05 AM,118.83,0,0.0,206090023.47000018
2025-08-01 09:56:05 AM,118.83,250,29707.5,206119730.97000018
2025-08-01 09:56:06 AM,118.84,0,0.0,206119730.97000018
2025-08-01 09:56:06 AM,118.84,5,594.2,206120325.17000017
2025-08-01 09:56:07 AM,118.8,0,0.0,206120325.17000017
2025-08-01 09:56:07 AM,118.8,63,7484.4,206127809.57000017
2025-08-01 09:56:08 AM,118.82,0,0.0,206127809.57000017
2025-08-01 09:56:08 AM,118.82,2,237.64,206128047.21000016
2025-08-01 09:56:09 AM,118.84,0,0.0,206128047.21000016
2025-08-01 09:56:09 AM,118.8,0,0.0,206128047.21000016
2025-08-01 09:56:09 AM,118.8,101,11998.8,206140046.01000017
2025-08-01 09:56:10 AM,118.8,6,712.8,206140758.81000018
2025-08-01 09:56:11 AM,118.83,4202,499323.66,206640082.47000018
2025-08-01 09:56:12 AM,118.84,0,0.0,206640082.47000018
2025-08-01 09:56:12 AM,118.84,3027,359728.68,206999811.15000018
2025-08-01 09:56:14 AM,118.8,0,0.0,206999811.15000018
2025-08-01 09:56:14 AM,118.8,1800,213840.0,207213651.15000018
2025-08-01 09:56:15 AM,118.84,21,2495.64,207216146.79000017
2025-08-01 09:56:17 AM,118.81,0,0.0,207216146.79000017
2025-08-01 09:56:17 AM,118.81,5,594.05,207216740.84000018
2025-08-01 09:56:18 AM,118.82,0,0.0,207216740.84000018
2025-08-01 09:56:18 AM,118.82,5700,677274.0,207894014.84000018
2025-08-01 09:56:19 AM,118.85,0,0.0,207894014.84000018
2025-08-01 09:56:19 AM,118.85,36,4278.599999999999,207898293.44000018
2025-08-01 09:56:21 AM,118.85,1936,230093.59999999998,208128387.04000017
2025-08-01 09:56:22 AM,118.84,0,0.0,208128387.04000017
2025-08-01 09:56:22 AM,118.84,20,2376.8,208130763.84000018
2025-08-01 09:56:23 AM,118.8,0,0.0,208130763.84000018
2025-08-01 09:56:23 AM,118.8,130,15444.0,208146207.84000018
2025-08-01 09:56:24 AM,118.85,0,0.0,208146207.84000018
2025-08-01 09:56:24 AM,118.8,6619,786337.2,208932545.04000017
2025-08-01 09:56:25 AM,118.8,1655,196614.0,209129159.04000017
2025-08-01 09:56:27 AM,118.83,0,0.0,209129159.04000017
2025-08-01 09:56:27 AM,118.83,2,237.66,209129396.70000017
2025-08-01 09:56:28 AM,118.84,81,9626.04,209139022.74000016
2025-08-01 09:56:30 AM,118.84,1,118.84,209139141.58000016
2025-08-01 09:56:30 AM,118.84,7,831.88,209139973.46000016
2025-08-01 09:56:31 AM,118.84,1,118.84,209140092.30000016
2025-08-01 09:56:33 AM,118.84,1648,195848.32,209335940.62000015
2025-08-01 09:56:34 AM,118.8,435,51678.0,209387618.62000015
2025-08-01 09:56:34 AM,118.84,1,118.84,209387737.46000016
2025-08-01 09:56:38 AM,118.82,0,0.0,209387737.46000016
2025-08-01 09:56:38 AM,118.82,50,5941.0,209393678.46000016
2025-08-01 09:56:39 AM,118.83,0,0.0,209393678.46000016
2025-08-01 09:56:39 AM,118.83,500,59415.0,209453093.46000016
2025-08-01 09:56:40 AM,118.8,0,0.0,209453093.46000016
2025-08-01 09:56:40 AM,118.8,1,118.8,209453212.26000017
2025-08-01 09:56:40 AM,118.8,137,16275.6,209469487.86000016
2025-08-01 09:56:41 AM,118.82,0,0.0,209469487.86000016
2025-08-01 09:56:41 AM,118.82,50,5941.0,209475428.86000016
2025-08-01 09:56:42 AM,118.78,11918,1415620.04,210891048.90000015
2025-08-01 09:56:44 AM,118.75,0,0.0,210891048.90000015
2025-08-01 09:56:44 AM,118.8,2632,312681.6,211203730.50000015
2025-08-01 09:56:45 AM,118.75,0,0.0,211203730.50000015
2025-08-01 09:56:45 AM,118.75,5545,658468.75,211862199.25000015
2025-08-01 09:56:46 AM,118.76,0,0.0,211862199.25000015
2025-08-01 09:56:46 AM,118.85,32918,3912304.3,215774503.55000016
2025-08-01 09:56:47 AM,118.8,0,0.0,215774503.55000016
2025-08-01 09:56:47 AM,118.8,42,4989.599999999999,215779493.15000015
2025-08-01 09:56:49 AM,118.73,0,0.0,215779493.15000015
2025-08-01 09:56:49 AM,118.73,1000,118730.0,215898223.15000015
2025-08-01 09:56:50 AM,118.75,0,0.0,215898223.15000015
2025-08-01 09:56:50 AM,118.79,63,7483.77,215905706.92000017
2025-08-01 09:56:50 AM,118.79,1000,118790.0,216024496.92000017
2025-08-01 09:56:51 AM,118.8,100,11880.0,216036376.92000017
2025-08-01 09:56:53 AM,118.8,50,5940.0,216042316.92000017
2025-08-01 09:56:55 AM,118.69,11586,1375142.34,217417459.26000017
2025-08-01 09:56:56 AM,118.66,0,0.0,217417459.26000017
2025-08-01 09:56:56 AM,118.66,922,109404.52,217526863.78000018
2025-08-01 09:56:59 AM,118.65,102,12102.300000000001,217538966.0800002
2025-08-01 09:57:00 AM,118.69,0,0.0,217538966.0800002
2025-08-01 09:57:00 AM,118.69,1113,132101.97,217671068.0500002
2025-08-01 09:57:01 AM,118.7,13,1543.1000000000001,217672611.15000018
2025-08-01 09:57:02 AM,118.65,140,16611.0,217689222.15000018
2025-08-01 09:57:07 AM,118.67,2851,338328.17,218027550.32000017
2025-08-01 09:57:09 AM,118.79,6279,745882.41,218773432.73000017
2025-08-01 09:57:10 AM,118.77,0,0.0,218773432.73000017
2025-08-01 09:57:11 AM,118.8,0,0.0,218773432.73000017
2025-08-01 09:57:13 AM,118.8,9451,1122778.8,219896211.53000018
2025-08-01 09:57:18 AM,118.77,0,0.0,219896211.53000018
2025-08-01 09:57:19 AM,118.77,700,83139.0,219979350.53000018
2025-08-01 09:57:20 AM,118.77,12,1425.24,219980775.7700002
2025-08-01 09:57:22 AM,118.76,0,0.0,219980775.7700002
2025-08-01 09:57:24 AM,118.69,5856,695048.64,220675824.41000018
2025-08-01 09:57:26 AM,118.76,0,0.0,220675824.41000018
2025-08-01 09:57:26 AM,118.76,120,14251.2,220690075.61000016
2025-08-01 09:57:30 AM,118.76,872,103558.72,220793634.33000016
2025-08-01 09:57:32 AM,118.76,70,8313.2,220801947.53000015
2025-08-01 09:57:35 AM,118.73,0,0.0,220801947.53000015
2025-08-01 09:57:36 AM,118.73,2321,275572.33,221077519.86000016
2025-08-01 09:57:38 AM,118.7,1023,121430.1,221198949.96000016
2025-08-01 09:57:42 AM,118.77,0,0.0,221198949.96000016
2025-08-01 09:57:42 AM,118.77,8604,1021897.08,222220847.04000017
2025-08-01 09:57:44 AM,118.73,173,20540.29,222241387.33000016
2025-08-01 09:57:46 AM,118.7,0,0.0,222241387.33000016
2025-08-01 09:57:48 AM,118.77,7383,876878.9099999999,223118266.24000016
2025-08-01 09:57:51 AM,118.77,10,1187.7,223119453.94000015
2025-08-01 09:57:54 AM,118.77,401,47626.77,223167080.71000016
2025-08-01 09:57:57 AM,118.77,14,1662.78,223168743.49000016
2025-08-01 09:58:00 AM,118.7,1466,174014.2,223342757.69000015
2025-08-01 09:58:03 AM,118.74,0,0.0,223342757.69000015
2025-08-01 09:58:03 AM,118.68,0,0.0,223342757.69000015
2025-08-01 09:58:03 AM,118.68,900,106812.0,223449569.69000015
2025-08-01 09:58:03 AM,118.68,50,5934.0,223455503.69000015
2025-08-01 09:58:04 AM,118.73,1,118.73,223455622.42000014
2025-08-01 09:58:11 AM,118.73,125,14841.25,223470463.67000014
2025-08-01 09:58:12 AM,118.73,50,5936.5,223476400.17000014
2025-08-01 09:58:12 AM,118.72,21,2493.12,223478893.29000014
2025-08-01 09:58:15 AM,118.72,2,237.44,223479130.73000014
2025-08-01 09:58:15 AM,118.72,50,5936.0,223485066.73000014
2025-08-01 09:58:17 AM,118.72,800,94976.0,223580042.73000014
2025-08-01 09:58:18 AM,118.72,1,118.72,223580161.45000014
2025-08-01 09:58:19 AM,118.72,41,4867.5199999999995,223585028.97000015
2025-08-01 09:58:20 AM,118.72,32,3799.04,223588828.01000014
2025-08-01 09:58:22 AM,118.72,50,5936.0,223594764.01000014
2025-08-01 09:58:23 AM,118.7,110,13057.0,223607821.01000014
2025-08-01 09:58:26 AM,118.72,0,0.0,223607821.01000014
2025-08-01 09:58:26 AM,118.72,2,237.44,223608058.45000014
2025-08-01 09:58:26 AM,118.72,13,1543.36,223609601.81000015
2025-08-01 09:58:31 AM,118.72,3,356.15999999999997,223609957.97000015
2025-08-01 09:58:31 AM,118.72,1,118.72,223610076.69000015
2025-08-01 09:58:32 AM,118.72,117,13890.24,223623966.93000016
2025-08-01 09:58:35 AM,118.7,11,1305.7,223625272.63000014
2025-08-01 09:58:36 AM,118.72,0,0.0,223625272.63000014
2025-08-01 09:58:36 AM,118.7,711,84395.7,223709668.33000013
2025-08-01 09:58:37 AM,118.71,0,0.0,223709668.33000013
2025-08-01 09:58:37 AM,118.71,2,237.42,223709905.75000012
2025-08-01 09:58:43 AM,118.71,305,36206.549999999996,223746112.30000013
2025-08-01 09:58:46 AM,118.72,101,11990.72,223758103.02000013
2025-08-01 09:58:52 AM,118.71,0,0.0,223758103.02000013
2025-08-01 09:58:52 AM,118.71,28,3323.8799999999997,223761426.90000013
2025-08-01 09:58:53 AM,118.72,167,19826.24,223781253.14000013
2025-08-01 09:58:54 AM,118.72,20,2374.4,223783627.54000014
2025-08-01 09:58:55 AM,118.71,0,0.0,223783627.54000014
2025-08-01 09:58:55 AM,118.71,6,712.26,223784339.80000013
2025-08-01 09:58:55 AM,118.71,50,5935.5,223790275.30000013
2025-08-01 09:58:56 AM,118.72,11,1305.92,223791581.22000012
2025-08-01 09:58:57 AM,118.7,0,0.0,223791581.22000012
2025-08-01 09:58:57 AM,118.7,38,4510.6,223796091.8200001
2025-08-01 09:58:58 AM,118.7,59,7003.3,223803095.12000012
2025-08-01 09:58:59 AM,118.71,0,0.0,223803095.12000012
2025-08-01 09:58:59 AM,118.71,3,356.13,223803451.25000012
2025-08-01 09:59:00 AM,118.71,5,593.55,223804044.80000013
2025-08-01 09:59:01 AM,118.71,592,70276.31999999999,223874321.12000012
2025-08-01 09:59:03 AM,118.7,0,0.0,223874321.12000012
2025-08-01 09:59:04 AM,118.71,0,0.0,223874321.12000012
2025-08-01 09:59:04 AM,118.71,339,40242.689999999995,223914563.81000012
2025-08-01 09:59:07 AM,118.71,233,27659.43,223942223.24000013
2025-08-01 09:59:10 AM,118.71,6,712.26,223942935.50000012
2025-08-01 09:59:13 AM,118.71,294,34900.74,223977836.24000013
2025-08-01 09:59:16 AM,118.71,2,237.42,223978073.66000012
2025-08-01 09:59:20 AM,118.71,1059,125713.89,224103787.5500001
2025-08-01 09:59:22 AM,118.75,0,0.0,224103787.5500001
2025-08-01 09:59:22 AM,118.72,35869,4258367.68,228362155.2300001
2025-08-01 09:59:26 AM,118.72,346,41077.12,228403232.3500001
2025-08-01 09:59:29 AM,118.76,0,0.0,228403232.3500001
2025-08-01 09:59:29 AM,118.76,352,41803.520000000004,228445035.87000012
2025-08-01 09:59:32 AM,118.71,23413,2779357.23,231224393.1000001
2025-08-01 09:59:35 AM,118.72,6105,724785.6,231949178.7000001
2025-08-01 09:59:37 AM,118.75,0,0.0,231949178.7000001
2025-08-01 09:59:39 AM,118.75,1014,120412.5,232069591.2000001
2025-08-01 09:59:39 AM,118.74,0,0.0,232069591.2000001
2025-08-01 09:59:41 AM,118.71,6608,784435.6799999999,232854026.8800001
2025-08-01 09:59:45 AM,118.72,0,0.0,232854026.8800001
2025-08-01 09:59:45 AM,118.65,16550,1963657.5,234817684.3800001
2025-08-01 09:59:46 AM,118.71,0,0.0,234817684.3800001
2025-08-01 09:59:47 AM,118.71,27,3205.1699999999996,234820889.5500001
2025-08-01 09:59:51 AM,118.67,3202,379981.34,235200870.8900001
2025-08-01 09:59:52 AM,118.72,0,0.0,235200870.8900001
2025-08-01 09:59:54 AM,118.72,50,5936.0,235206806.8900001
2025-08-01 09:59:57 AM,118.66,0,0.0,235206806.8900001
2025-08-01 09:59:57 AM,118.66,3448,409139.68,235615946.5700001
2025-08-01 09:59:58 AM,118.68,0,0.0,235615946.5700001
2025-08-01 10:00:00 AM,118.68,4,474.72,235616421.2900001
2025-08-01 10:00:01 AM,118.74,0,0.0,235616421.2900001
2025-08-01 10:00:03 AM,118.76,0,0.0,235616421.2900001
2025-08-01 10:00:03 AM,118.76,5092,604725.92,236221147.2100001
2025-08-01 10:00:05 AM,118.77,0,0.0,236221147.2100001
2025-08-01 10:00:06 AM,118.74,11581,1375127.94,237596275.1500001
2025-08-01 10:00:09 AM,118.66,1622,192466.52,237788741.6700001
2025-08-01 10:00:10 AM,118.7,0,0.0,237788741.6700001
2025-08-01 10:00:13 AM,118.7,3,356.1,237789097.7700001
2025-08-01 10:00:16 AM,118.7,30,3561.0,237792658.7700001
2025-08-01 10:00:19 AM,118.7,43,5104.1,237797762.8700001
2025-08-01 10:00:22 AM,118.69,261,30978.09,237828740.9600001
2025-08-01 10:00:25 AM,118.69,721,85575.49,237914316.4500001
2025-08-01 10:00:29 AM,118.66,0,0.0,237914316.4500001
2025-08-01 10:00:29 AM,118.66,20,2373.2,237916689.6500001
2025-08-01 10:00:31 AM,118.66,403,47819.979999999996,237964509.63000008
2025-08-01 10:00:35 AM,118.65,0,0.0,237964509.63000008
2025-08-01 10:00:35 AM,118.65,2,237.3,237964746.9300001
2025-08-01 10:00:36 AM,118.64,0,0.0,237964746.9300001
2025-08-01 10:00:38 AM,118.65,125,14831.25,237979578.1800001
2025-08-01 10:00:41 AM,118.65,1306,154956.9,238134535.0800001
2025-08-01 10:00:44 AM,118.62,3399,403189.38,238537724.4600001
2025-08-01 10:00:47 AM,118.62,456,54090.72,238591815.1800001
2025-08-01 10:00:48 AM,118.64,0,0.0,238591815.1800001
2025-08-01 10:00:51 AM,118.64,884,104877.76,238696692.9400001
2025-08-01 10:00:53 AM,118.61,0,0.0,238696692.9400001
2025-08-01 10:00:54 AM,118.59,12132,1438733.8800000001,240135426.82000008
2025-08-01 10:00:57 AM,118.62,2443,289788.66000000003,240425215.48000008
2025-08-01 10:00:59 AM,118.64,0,0.0,240425215.48000008
2025-08-01 10:01:00 AM,118.64,1854,219958.56,240645174.04000008
2025-08-01 10:01:03 AM,118.68,14,1661.52,240646835.5600001
2025-08-01 10:01:05 AM,118.64,0,0.0,240646835.5600001
2025-08-01 10:01:05 AM,118.68,0,0.0,240646835.5600001
2025-08-01 10:01:06 AM,118.68,214,25397.52,240672233.0800001
2025-08-01 10:01:10 AM,118.69,0,0.0,240672233.0800001
2025-08-01 10:01:10 AM,118.69,13895,1649197.55,242321430.6300001
2025-08-01 10:01:12 AM,118.73,0,0.0,242321430.6300001
2025-08-01 10:01:13 AM,118.73,450,53428.5,242374859.1300001
2025-08-01 10:01:16 AM,118.72,0,0.0,242374859.1300001
2025-08-01 10:01:16 AM,118.72,13,1543.36,242376402.49000013
2025-08-01 10:01:19 AM,118.72,5842,693562.24,243069964.73000014
2025-08-01 10:01:21 AM,118.69,0,0.0,243069964.73000014
2025-08-01 10:01:22 AM,118.69,322,38218.18,243108182.91000015
2025-08-01 10:01:23 AM,118.72,0,0.0,243108182.91000015
2025-08-01 10:01:25 AM,118.72,2628,311996.16,243420179.07000014
2025-08-01 10:01:28 AM,118.69,0,0.0,243420179.07000014
2025-08-01 10:01:28 AM,118.69,561,66585.09,243486764.16000015
2025-08-01 10:01:31 AM,118.72,626,74318.72,243561082.88000014
2025-08-01 10:01:34 AM,118.72,23,2730.56,243563813.44000015
2025-08-01 10:01:37 AM,118.72,465,55204.8,243619018.24000016
2025-08-01 10:01:41 AM,118.72,35885,4260267.2,247879285.44000015
2025-08-01 10:01:43 AM,118.76,8887,1055420.12,248934705.56000015
2025-08-01 10:01:47 AM,118.78,9843,1169151.54,250103857.10000014
2025-08-01 10:01:49 AM,118.82,0,0.0,250103857.10000014
2025-08-01 10:01:49 AM,118.82,250,29705.0,250133562.10000014
2025-08-01 10:01:52 AM,118.72,0,0.0,250133562.10000014
2025-08-01 10:01:53 AM,118.8,0,0.0,250133562.10000014
2025-08-01 10:01:53 AM,118.8,18832,2237241.6,252370803.70000014
2025-08-01 10:01:55 AM,118.82,1,118.82,252370922.52000013
2025-08-01 10:01:59 AM,118.85,6641,789282.85,253160205.37000012
2025-08-01 10:02:01 AM,118.85,13,1545.05,253161750.42000014
2025-08-01 10:02:05 AM,118.82,2617,310951.94,253472702.36000013
2025-08-01 10:02:07 AM,118.85,4394,522226.89999999997,253994929.26000014
2025-08-01 10:02:11 AM,118.82,0,0.0,253994929.26000014
2025-08-01 10:02:12 AM,118.85,6752,802475.2,254797404.46000013
2025-08-01 10:02:13 AM,118.83,0,0.0,254797404.46000013
2025-08-01 10:02:14 AM,118.81,1756,208630.36000000002,255006034.82000014
2025-08-01 10:02:16 AM,118.85,0,0.0,255006034.82000014
2025-08-01 10:02:17 AM,118.84,0,0.0,255006034.82000014
2025-08-01 10:02:18 AM,118.84,3289,390864.76,255396899.58000013
2025-08-01 10:02:20 AM,118.85,0,0.0,255396899.58000013
2025-08-01 10:02:20 AM,118.85,519,61683.149999999994,255458582.73000014
2025-08-01 10:02:25 AM,118.85,335,39814.75,255498397.48000014
2025-08-01 10:02:26 AM,118.91,17862,2123970.42,257622367.90000013
2025-08-01 10:02:29 AM,119.07,0,0.0,257622367.90000013
2025-08-01 10:02:31 AM,119.12,11502,1370118.24,258992486.14000013
2025-08-01 10:02:33 AM,119.02,11378,1354209.56,260346695.70000014
2025-08-01 10:02:34 AM,119.06,0,0.0,260346695.70000014
2025-08-01 10:02:37 AM,119.02,150,17853.0,260364548.70000014
2025-08-01 10:02:39 AM,119.02,58,6903.16,260371451.86000013
2025-08-01 10:02:42 AM,119.03,0,0.0,260371451.86000013
2025-08-01 10:02:44 AM,118.96,4696,558636.1599999999,260930088.02000013
2025-08-01 10:02:45 AM,118.96,5129,610145.84,261540233.86000013
2025-08-01 10:02:47 AM,118.94,0,0.0,261540233.86000013
2025-08-01 10:02:50 AM,118.99,2745,326627.55,261866861.41000015
2025-08-01 10:02:52 AM,118.93,0,0.0,261866861.41000015
2025-08-01 10:02:52 AM,118.93,2886,343231.98000000004,262210093.39000013
2025-08-01 10:02:56 AM,119.0,0,0.0,262210093.39000013
2025-08-01 10:02:56 AM,119.0,5315,632485.0,262842578.39000013
2025-08-01 10:02:58 AM,118.91,3578,425459.98,263268038.37000012
2025-08-01 10:03:00 AM,118.97,0,0.0,263268038.37000012
2025-08-01 10:03:00 AM,119.0,1002,119238.0,263387276.37000012
2025-08-01 10:03:02 AM,119.0,1087,129353.0,263516629.37000012
2025-08-01 10:03:04 AM,118.97,3035,361073.95,263877703.3200001
2025-08-01 10:03:06 AM,118.98,0,0.0,263877703.3200001
2025-08-01 10:03:06 AM,118.98,3,356.94,263878060.2600001
2025-08-01 10:03:06 AM,118.89,5795,688967.55,264567027.81000012
2025-08-01 10:03:07 AM,118.92,335,39838.2,264606866.0100001
2025-08-01 10:03:08 AM,118.92,2,237.84,264607103.8500001
2025-08-01 10:03:08 AM,118.88,1660,197340.8,264804444.65000013
2025-08-01 10:03:10 AM,118.9,0,0.0,264804444.65000013
2025-08-01 10:03:10 AM,118.9,5,594.5,264805039.15000013
2025-08-01 10:03:11 AM,118.9,52,6182.8,264811221.95000014
2025-08-01 10:03:12 AM,118.88,0,0.0,264811221.95000014
2025-08-01 10:03:12 AM,118.88,287,34118.56,264845340.51000014
2025-08-01 10:03:13 AM,118.86,0,0.0,264845340.51000014
2025-08-01 10:03:13 AM,118.83,2678,318226.74,265163567.25000015
2025-08-01 10:03:14 AM,118.9,0,0.0,265163567.25000015
2025-08-01 10:03:14 AM,118.9,1,118.9,265163686.15000015
2025-08-01 10:03:15 AM,118.93,0,0.0,265163686.15000015
2025-08-01 10:03:15 AM,118.93,5564,661726.52,265825412.67000017
2025-08-01 10:03:16 AM,118.87,0,0.0,265825412.67000017
2025-08-01 10:03:16 AM,118.94,1516,180313.04,266005725.71000016
2025-08-01 10:03:17 AM,118.94,1,118.94,266005844.65000015
2025-08-01 10:03:18 AM,118.94,5,594.7,266006439.35000014
2025-08-01 10:03:18 AM,118.94,1,118.94,266006558.29000014
2025-08-01 10:03:19 AM,118.94,1656,196964.63999999998,266203522.93000013
2025-08-01 10:03:20 AM,118.88,1737,206494.56,266410017.49000013
2025-08-01 10:03:22 AM,118.88,7,832.16,266410849.65000013
2025-08-01 10:03:23 AM,118.94,0,0.0,266410849.65000013
2025-08-01 10:03:23 AM,118.94,1,118.94,266410968.59000012
2025-08-01 10:03:24 AM,118.88,435,51712.799999999996,266462681.39000013
2025-08-01 10:03:25 AM,118.94,0,0.0,266462681.39000013
2025-08-01 10:03:25 AM,118.95,0,0.0,266462681.39000013
2025-08-01 10:03:25 AM,118.95,750,89212.5,266551893.89000013
2025-08-01 10:03:25 AM,118.96,31,3687.7599999999998,266555581.65000013
2025-08-01 10:03:26 AM,118.96,5,594.8,266556176.45000014
2025-08-01 10:03:27 AM,118.94,0,0.0,266556176.45000014
2025-08-01 10:03:27 AM,118.96,188,22364.48,266578540.93000013
2025-08-01 10:03:29 AM,118.94,0,0.0,266578540.93000013
2025-08-01 10:03:29 AM,118.94,10,1189.4,266579730.33000013
2025-08-01 10:03:30 AM,118.94,672,79927.68,266659658.01000014
2025-08-01 10:03:31 AM,118.96,250,29740.0,266689398.01000014
2025-08-01 10:03:33 AM,118.96,3269,388880.24,267078278.25000015
2025-08-01 10:03:34 AM,118.97,1047,124561.59,267202839.84000015
2025-08-01 10:03:35 AM,118.99,0,0.0,267202839.84000015
2025-08-01 10:03:35 AM,118.95,1507,179257.65,267382097.49000016
2025-08-01 10:03:37 AM,118.99,35,4164.65,267386262.14000016
2025-08-01 10:03:41 AM,118.99,10,1189.8999999999999,267387452.04000017
2025-08-01 10:03:43 AM,118.98,0,0.0,267387452.04000017
2025-08-01 10:03:43 AM,118.97,3851,458153.47,267845605.51000017
2025-08-01 10:03:44 AM,118.98,0,0.0,267845605.51000017
2025-08-01 10:03:44 AM,118.98,50,5949.0,267851554.51000017
2025-08-01 10:03:44 AM,118.96,2362,280983.51999999996,268132538.03000018
2025-08-01 10:03:46 AM,118.96,1469,174752.24,268307290.2700002
2025-08-01 10:03:50 AM,118.98,2,237.96,268307528.2300002
2025-08-01 10:03:52 AM,118.96,0,0.0,268307528.2300002
2025-08-01 10:03:52 AM,118.96,3035,361043.6,268668571.8300002
2025-08-01 10:03:53 AM,118.96,497,59123.119999999995,268727694.9500002
2025-08-01 10:03:55 AM,118.97,0,0.0,268727694.9500002
2025-08-01 10:03:55 AM,118.97,83,9874.51,268737569.4600002
2025-08-01 10:03:57 AM,118.98,0,0.0,268737569.4600002
2025-08-01 10:03:57 AM,118.98,100,11898.0,268749467.4600002
2025-08-01 10:03:58 AM,118.99,0,0.0,268749467.4600002
2025-08-01 10:03:58 AM,118.99,44,5235.5599999999995,268754703.0200002
2025-08-01 10:03:59 AM,118.99,100,11899.0,268766602.0200002
2025-08-01 10:04:00 AM,118.99,2,237.98,268766840.00000024
2025-08-01 10:04:02 AM,118.95,510,60664.5,268827504.50000024
2025-08-01 10:04:03 AM,118.94,0,0.0,268827504.50000024
2025-08-01 10:04:04 AM,118.98,0,0.0,268827504.50000024
2025-08-01 10:04:06 AM,118.98,2437,289954.26,269117458.7600002
2025-08-01 10:04:08 AM,118.98,591,70317.18000000001,269187775.94000024
2025-08-01 10:04:12 AM,118.99,0,0.0,269187775.94000024
2025-08-01 10:04:12 AM,118.99,600,71394.0,269259169.94000024
2025-08-01 10:04:14 AM,118.96,2152,256001.91999999998,269515171.86000025
2025-08-01 10:04:18 AM,118.96,199,23673.039999999997,269538844.9000003
2025-08-01 10:04:21 AM,118.96,544,64714.24,269603559.1400003
2025-08-01 10:04:23 AM,119.0,0,0.0,269603559.1400003
2025-08-01 10:04:25 AM,118.99,4002,476197.98,270079757.1200003
2025-08-01 10:04:27 AM,119.02,5256,625569.12,270705326.2400003
2025-08-01 10:04:28 AM,119.03,0,0.0,270705326.2400003
2025-08-01 10:04:31 AM,119.05,0,0.0,270705326.2400003
2025-08-01 10:04:31 AM,119.05,1223,145598.15,270850924.3900003
2025-08-01 10:04:33 AM,119.11,18582,2213302.02,273064226.41000026
2025-08-01 10:04:36 AM,119.04,0,0.0,273064226.41000026
2025-08-01 10:04:37 AM,119.1,3483,414825.3,273479051.7100003
2025-08-01 10:04:40 AM,119.1,4999,595380.9,274074432.61000025
2025-08-01 10:04:44 AM,119.14,4998,595461.72,274669894.3300003
2025-08-01 10:04:46 AM,119.1,0,0.0,274669894.3300003
2025-08-01 10:04:46 AM,119.1,89,10599.9,274680494.23000026
2025-08-01 10:04:50 AM,119.14,0,0.0,274680494.23000026
2025-08-01 10:04:50 AM,119.14,1636,194913.04,274875407.2700003
2025-08-01 10:04:52 AM,119.12,11731,1397396.72,276272803.9900003
2025-08-01 10:04:54 AM,119.05,0,0.0,276272803.9900003
2025-08-01 10:04:54 AM,119.09,0,0.0,276272803.9900003
2025-08-01 10:04:56 AM,119.09,927,110396.43000000001,276383200.4200003
2025-08-01 10:04:58 AM,119.09,3068,365368.12,276748568.5400003
2025-08-01 10:05:01 AM,119.1,0,0.0,276748568.5400003
2025-08-01 10:05:02 AM,119.1,527,62765.7,276811334.2400003
2025-08-01 10:05:04 AM,119.06,0,0.0,276811334.2400003
2025-08-01 10:05:04 AM,119.06,2466,293601.96,277104936.2000003
2025-08-01 10:05:07 AM,119.09,0,0.0,277104936.2000003
2025-08-01 10:05:08 AM,119.09,22,2619.98,277107556.1800003
2025-08-01 10:05:10 AM,119.05,0,0.0,277107556.1800003
2025-08-01 10:05:10 AM,119.05,590,70239.5,277177795.6800003
2025-08-01 10:05:13 AM,119.03,0,0.0,277177795.6800003
2025-08-01 10:05:14 AM,118.97,4548,541075.5599999999,277718871.2400003
2025-08-01 10:05:16 AM,118.96,0,0.0,277718871.2400003
2025-08-01 10:05:17 AM,118.96,3118,370917.27999999997,278089788.5200003
2025-08-01 10:05:20 AM,118.99,0,0.0,278089788.5200003
2025-08-01 10:05:21 AM,118.94,3806,452685.64,278542474.16000026
2025-08-01 10:05:23 AM,118.92,250,29730.0,278572204.16000026
2025-08-01 10:05:27 AM,118.94,78,9277.32,278581481.48000026
2025-08-01 10:05:33 AM,118.93,2924,347751.32,278929232.80000025
2025-08-01 10:05:34 AM,118.91,0,0.0,278929232.80000025
2025-08-01 10:05:35 AM,118.94,1030,122508.2,279051741.00000024
2025-08-01 10:05:39 AM,118.94,4,475.76,279052216.7600002
2025-08-01 10:05:41 AM,118.94,150,17841.0,279070057.7600002
2025-08-01 10:05:44 AM,118.91,0,0.0,279070057.7600002
2025-08-01 10:05:45 AM,118.9,3229,383928.10000000003,279453985.86000025
2025-08-01 10:05:47 AM,118.93,0,0.0,279453985.86000025
2025-08-01 10:05:47 AM,118.93,1034,122973.62000000001,279576959.48000026
2025-08-01 10:05:50 AM,118.92,0,0.0,279576959.48000026
2025-08-01 10:05:51 AM,118.92,30,3567.6,279580527.0800003
2025-08-01 10:05:53 AM,118.92,1704,202639.68,279783166.7600003
2025-08-01 10:05:55 AM,118.9,0,0.0,279783166.7600003
2025-08-01 10:05:57 AM,118.92,230,27351.600000000002,279810518.3600003
2025-08-01 10:05:59 AM,118.9,0,0.0,279810518.3600003
2025-08-01 10:05:59 AM,118.92,477,56724.840000000004,279867243.2000003
2025-08-01 10:06:03 AM,118.92,743,88357.56,279955600.7600003
2025-08-01 10:06:05 AM,118.93,0,0.0,279955600.7600003
2025-08-01 10:06:05 AM,118.95,5641,670996.9500000001,280626597.7100003
2025-08-01 10:06:09 AM,118.89,0,0.0,280626597.7100003
2025-08-01 10:06:09 AM,118.87,0,0.0,280626597.7100003
2025-08-01 10:06:09 AM,118.87,9655,1147689.85,281774287.5600003
2025-08-01 10:06:11 AM,118.86,111,13193.46,281787481.0200003
2025-08-01 10:06:13 AM,118.85,0,0.0,281787481.0200003
2025-08-01 10:06:15 AM,118.76,8612,1022761.12,282810242.1400003
2025-08-01 10:06:16 AM,118.77,0,0.0,282810242.1400003
2025-08-01 10:06:17 AM,118.81,5578,662722.18,283472964.3200003
2025-08-01 10:06:19 AM,118.75,0,0.0,283472964.3200003
2025-08-01 10:06:21 AM,118.78,8,950.24,283473914.5600003
2025-08-01 10:06:23 AM,118.78,5,593.9,283474508.4600003
2025-08-01 10:06:25 AM,118.76,0,0.0,283474508.4600003
2025-08-01 10:06:25 AM,118.75,0,0.0,283474508.4600003
2025-08-01 10:06:26 AM,118.74,5530,656632.2,284131140.66000026
2025-08-01 10:06:32 AM,118.7,923,109560.1,284240700.7600003
2025-08-01 10:06:34 AM,118.74,0,0.0,284240700.7600003
2025-08-01 10:06:35 AM,118.69,1461,173406.09,284414106.85000026
2025-08-01 10:06:39 AM,118.74,0,0.0,284414106.85000026
2025-08-01 10:06:39 AM,118.74,461,54739.14,284468845.99000025
2025-08-01 10:06:41 AM,118.7,413,49023.1,284517869.0900003
2025-08-01 10:06:43 AM,118.72,0,0.0,284517869.0900003
2025-08-01 10:06:45 AM,118.69,938,111331.22,284629200.3100003
2025-08-01 10:06:47 AM,118.72,128,15196.16,284644396.4700003
2025-08-01 10:06:51 AM,118.85,5724,680297.4,285324693.8700003
2025-08-01 10:06:57 AM,118.83,139,16517.37,285341211.2400003
2025-08-01 10:07:03 AM,118.85,0,0.0,285341211.2400003
2025-08-01 10:07:03 AM,118.85,6582,782270.7,286123481.9400003
