date,price,qty,trnvr,cum_trnvr
2025-08-01 09:15:00 AM,1400.0,486,680400.0,680400.0
2025-08-01 09:15:09 AM,1399.6,0,0.0,680400.0
2025-08-01 09:15:10 AM,1399.6,1401,1960839.5999999999,2641239.5999999996
2025-08-01 09:15:12 AM,1397.0,175,244475.0,2885714.5999999996
2025-08-01 09:15:18 AM,1399.2,0,0.0,2885714.5999999996
2025-08-01 09:15:21 AM,1399.2,512,716390.4,3602104.9999999995
2025-08-01 09:15:22 AM,1401.4,364,510109.60000000003,4112214.5999999996
2025-08-01 09:15:30 AM,1399.3,82,114742.59999999999,4226957.199999999
2025-08-01 09:15:31 AM,1398.5,794,1110409.0,5337366.199999999
2025-08-01 09:15:37 AM,1399.6,0,0.0,5337366.199999999
2025-08-01 09:15:38 AM,1399.6,118,165152.8,5502518.999999999
2025-08-01 09:15:40 AM,1399.2,129,180496.80000000002,5683015.799999999
2025-08-01 09:15:41 AM,1400.5,0,0.0,5683015.799999999
2025-08-01 09:15:46 AM,1400.6,299,418779.39999999997,6101795.199999999
2025-08-01 09:15:54 AM,1400.6,185,259110.99999999997,6360906.199999999
2025-08-01 09:15:59 AM,1401.1,0,0.0,6360906.199999999
2025-08-01 09:16:01 AM,1401.0,0,0.0,6360906.199999999
2025-08-01 09:16:03 AM,1401.3,1105,1548436.5,7909342.699999999
2025-08-01 09:16:04 AM,1401.5,100,140150.0,8049492.699999999
2025-08-01 09:16:07 AM,1401.8,0,0.0,8049492.699999999
2025-08-01 09:16:11 AM,1400.9,150,210135.0,8259627.699999999
2025-08-01 09:16:12 AM,1400.3,0,0.0,8259627.699999999
2025-08-01 09:16:12 AM,1400.3,112,156833.6,8416461.299999999
2025-08-01 09:16:19 AM,1400.9,48,67243.20000000001,8483704.499999998
2025-08-01 09:16:21 AM,1401.3,20,28026.0,8511730.499999998
2025-08-01 09:16:23 AM,1404.0,0,0.0,8511730.499999998
2025-08-01 09:16:25 AM,1402.8,0,0.0,8511730.499999998
2025-08-01 09:16:27 AM,1402.8,248,347894.39999999997,8859624.899999999
2025-08-01 09:16:29 AM,1403.6,4,5614.4,8865239.299999999
2025-08-01 09:16:35 AM,1402.9,0,0.0,8865239.299999999
2025-08-01 09:16:35 AM,1402.9,657,921705.3,9786944.6
2025-08-01 09:16:43 AM,1401.8,0,0.0,9786944.6
2025-08-01 09:16:44 AM,1401.8,78,109340.4,9896285.0
2025-08-01 09:16:45 AM,1401.7,9,12615.300000000001,9908900.3
2025-08-01 09:16:52 AM,1401.8,30,42054.0,9950954.3
2025-08-01 09:17:00 AM,1402.6,17,23844.199999999997,9974798.5
2025-08-01 09:17:02 AM,1402.2,4,5608.8,9980407.3
2025-08-01 09:17:02 AM,1402.5,0,0.0,9980407.3
2025-08-01 09:17:04 AM,1403.0,0,0.0,9980407.3
2025-08-01 09:17:08 AM,1404.2,598,839711.6,10820118.9
2025-08-01 09:17:10 AM,1404.5,131,183989.5,11004108.4
2025-08-01 09:17:11 AM,1404.7,0,0.0,11004108.4
2025-08-01 09:17:13 AM,1404.5,0,0.0,11004108.4
2025-08-01 09:17:17 AM,1404.5,1095,1537927.5,12542035.9
2025-08-01 09:17:20 AM,1404.8,0,0.0,12542035.9
2025-08-01 09:17:22 AM,1404.4,0,0.0,12542035.9
2025-08-01 09:17:25 AM,1405.9,330,463947.00000000006,13005982.9
2025-08-01 09:17:26 AM,1405.7,302,424521.4,13430504.3
2025-08-01 09:17:30 AM,1406.0,0,0.0,13430504.3
2025-08-01 09:17:33 AM,1406.5,236,331934.0,13762438.3
2025-08-01 09:17:36 AM,1406.0,0,0.0,13762438.3
2025-08-01 09:17:38 AM,1406.5,0,0.0,13762438.3
2025-08-01 09:17:42 AM,1406.5,310,436015.0,14198453.3
2025-08-01 09:17:43 AM,1406.0,821,1154326.0,15352779.3
2025-08-01 09:17:45 AM,1405.9,0,0.0,15352779.3
2025-08-01 09:17:50 AM,1405.8,350,492030.0,15844809.3
2025-08-01 09:17:54 AM,1405.4,0,0.0,15844809.3
2025-08-01 09:17:56 AM,1405.6,0,0.0,15844809.3
2025-08-01 09:17:58 AM,1406.1,520,731172.0,16575981.3
2025-08-01 09:18:04 AM,1405.0,0,0.0,16575981.3
2025-08-01 09:18:06 AM,1405.0,24,33720.0,16609701.3
2025-08-01 09:18:08 AM,1406.1,2,2812.2,16612513.5
2025-08-01 09:18:10 AM,1406.0,0,0.0,16612513.5
2025-08-01 09:18:15 AM,1405.2,432,607046.4,17219559.9
2025-08-01 09:18:20 AM,1405.9,0,0.0,17219559.9
2025-08-01 09:18:23 AM,1405.9,195,274150.5,17493710.4
2025-08-01 09:18:24 AM,1406.0,10,14060.0,17507770.4
2025-08-01 09:18:31 AM,1406.7,31,43607.700000000004,17551378.099999998
2025-08-01 09:18:34 AM,1406.6,0,0.0,17551378.099999998
2025-08-01 09:18:39 AM,1406.8,288,405158.39999999997,17956536.499999996
2025-08-01 09:18:41 AM,1407.2,54,75988.8,18032525.299999997
2025-08-01 09:18:42 AM,1407.6,0,0.0,18032525.299999997
2025-08-01 09:18:48 AM,1407.6,7,9853.199999999999,18042378.499999996
2025-08-01 09:18:52 AM,1408.1,0,0.0,18042378.499999996
2025-08-01 09:18:56 AM,1408.1,895,1260249.5,19302627.999999996
2025-08-01 09:18:57 AM,1407.9,169,237935.1,19540563.099999998
2025-08-01 09:19:00 AM,1407.2,0,0.0,19540563.099999998
2025-08-01 09:19:04 AM,1407.3,259,364490.7,19905053.799999997
2025-08-01 09:19:05 AM,1406.1,52,73117.2,19978170.999999996
2025-08-01 09:19:12 AM,1407.0,21,29547.0,20007717.999999996
2025-08-01 09:19:13 AM,1407.0,22,30954.0,20038671.999999996
2025-08-01 09:19:14 AM,1406.3,0,0.0,20038671.999999996
2025-08-01 09:19:16 AM,1407.0,0,0.0,20038671.999999996
2025-08-01 09:19:20 AM,1406.6,829,1166071.4,21204743.399999995
2025-08-01 09:19:21 AM,1405.8,27,37956.6,21242699.999999996
2025-08-01 09:19:28 AM,1405.4,498,699889.2000000001,21942589.199999996
2025-08-01 09:19:36 AM,1405.2,431,605641.2000000001,22548230.399999995
2025-08-01 09:19:36 AM,1404.8,0,0.0,22548230.399999995
2025-08-01 09:19:38 AM,1404.8,1,1404.8,22549635.199999996
2025-08-01 09:19:44 AM,1404.0,205,287820.0,22837455.199999996
2025-08-01 09:19:46 AM,1404.0,19,26676.0,22864131.199999996
2025-08-01 09:19:52 AM,1403.4,33,46312.200000000004,22910443.399999995
2025-08-01 09:19:53 AM,1403.9,0,0.0,22910443.399999995
2025-08-01 09:19:54 AM,1403.9,10,14039.0,22924482.399999995
2025-08-01 09:20:00 AM,1403.0,95,133285.0,23057767.399999995
2025-08-01 09:20:01 AM,1403.5,3,4210.5,23061977.899999995
2025-08-01 09:20:04 AM,1403.4,1,1403.4,23063381.299999993
2025-08-01 09:20:05 AM,1403.4,2,2806.8,23066188.099999994
2025-08-01 09:20:06 AM,1403.4,50,70170.0,23136358.099999994
2025-08-01 09:20:09 AM,1403.6,0,0.0,23136358.099999994
2025-08-01 09:20:09 AM,1403.6,473,663902.7999999999,23800260.899999995
2025-08-01 09:20:10 AM,1402.9,9,12626.1,23812886.999999996
2025-08-01 09:20:11 AM,1403.6,0,0.0,23812886.999999996
2025-08-01 09:20:11 AM,1403.6,7,9825.199999999999,23822712.199999996
2025-08-01 09:20:12 AM,1402.9,0,0.0,23822712.199999996
2025-08-01 09:20:13 AM,1402.9,1,1402.9,23824115.099999994
2025-08-01 09:20:16 AM,1403.4,0,0.0,23824115.099999994
2025-08-01 09:20:17 AM,1403.4,5,7017.0,23831132.099999994
2025-08-01 09:20:27 AM,1403.7,0,0.0,23831132.099999994
2025-08-01 09:20:28 AM,1403.7,71,99662.7,23930794.799999993
2025-08-01 09:20:31 AM,1403.7,2,2807.4,23933602.19999999
2025-08-01 09:20:34 AM,1403.4,0,0.0,23933602.19999999
2025-08-01 09:20:35 AM,1403.4,18,25261.2,23958863.39999999
2025-08-01 09:20:36 AM,1403.4,2,2806.8,23961670.19999999
2025-08-01 09:20:37 AM,1403.3,1,1403.3,23963073.499999993
2025-08-01 09:20:39 AM,1403.3,48,67358.4,24030431.89999999
2025-08-01 09:20:40 AM,1403.3,2,2806.6,24033238.499999993
2025-08-01 09:20:42 AM,1403.0,10,14030.0,24047268.499999993
2025-08-01 09:20:44 AM,1402.8,54,75751.2,24123019.69999999
2025-08-01 09:20:47 AM,1402.8,121,169738.8,24292758.499999993
2025-08-01 09:20:50 AM,1403.0,72,101016.0,24393774.499999993
2025-08-01 09:20:52 AM,1402.5,1,1402.5,24395176.999999993
2025-08-01 09:20:53 AM,1402.5,1,1402.5,24396579.499999993
2025-08-01 09:20:54 AM,1402.4,12,16828.800000000003,24413408.299999993
2025-08-01 09:20:59 AM,1403.0,20,28060.0,24441468.299999993
2025-08-01 09:21:00 AM,1403.4,0,0.0,24441468.299999993
2025-08-01 09:21:03 AM,1403.4,335,470139.00000000006,24911607.299999993
2025-08-01 09:21:07 AM,1402.6,0,0.0,24911607.299999993
2025-08-01 09:21:11 AM,1402.6,12,16831.199999999997,24928438.499999993
2025-08-01 09:21:19 AM,1402.3,53,74321.9,25002760.39999999
2025-08-01 09:21:20 AM,1402.0,108,151416.0,25154176.39999999
2025-08-01 09:21:21 AM,1402.1,0,0.0,25154176.39999999
2025-08-01 09:21:27 AM,1402.1,23,32248.3,25186424.69999999
2025-08-01 09:21:30 AM,1402.0,0,0.0,25186424.69999999
2025-08-01 09:21:34 AM,1402.0,46,64492.0,25250916.69999999
2025-08-01 09:21:35 AM,1402.0,3,4206.0,25255122.69999999
2025-08-01 09:21:40 AM,1403.7,0,0.0,25255122.69999999
2025-08-01 09:21:42 AM,1403.7,191,268106.7,25523229.39999999
2025-08-01 09:21:43 AM,1402.3,30,42069.0,25565298.39999999
2025-08-01 09:21:51 AM,1402.8,5,7014.0,25572312.39999999
2025-08-01 09:21:56 AM,1402.0,0,0.0,25572312.39999999
2025-08-01 09:21:57 AM,1402.0,653,915506.0,26487818.39999999
2025-08-01 09:22:00 AM,1402.6,0,0.0,26487818.39999999
2025-08-01 09:22:03 AM,1401.9,0,0.0,26487818.39999999
2025-08-01 09:22:05 AM,1401.9,18,25234.2,26513052.59999999
2025-08-01 09:22:07 AM,1402.1,0,0.0,26513052.59999999
2025-08-01 09:22:10 AM,1401.9,0,0.0,26513052.59999999
2025-08-01 09:22:12 AM,1401.9,151,211686.90000000002,26724739.49999999
2025-08-01 09:22:14 AM,1402.0,0,0.0,26724739.49999999
2025-08-01 09:22:20 AM,1402.0,13,18226.0,26742965.49999999
2025-08-01 09:22:24 AM,1400.3,0,0.0,26742965.49999999
2025-08-01 09:22:28 AM,1400.9,913,1279021.7000000002,28021987.199999988
2025-08-01 09:22:35 AM,1400.7,55,77038.5,28099025.699999988
2025-08-01 09:22:43 AM,1400.1,96,134409.59999999998,28233435.29999999
2025-08-01 09:22:44 AM,1400.3,0,0.0,28233435.29999999
2025-08-01 09:22:44 AM,1400.3,5,7001.5,28240436.79999999
2025-08-01 09:22:55 AM,1400.0,0,0.0,28240436.79999999
2025-08-01 09:22:58 AM,1400.0,94,131600.0,28372036.79999999
2025-08-01 09:23:06 AM,1400.0,60,84000.0,28456036.79999999
2025-08-01 09:23:09 AM,1400.1,0,0.0,28456036.79999999
2025-08-01 09:23:13 AM,1400.1,35,49003.5,28505040.29999999
2025-08-01 09:23:17 AM,1400.6,0,0.0,28505040.29999999
2025-08-01 09:23:21 AM,1400.6,58,81234.79999999999,28586275.09999999
2025-08-01 09:23:23 AM,1400.0,0,0.0,28586275.09999999
2025-08-01 09:23:29 AM,1399.7,665,930800.5,29517075.59999999
2025-08-01 09:23:36 AM,1400.0,100,140000.0,29657075.59999999
2025-08-01 09:23:37 AM,1400.7,0,0.0,29657075.59999999
2025-08-01 09:23:38 AM,1400.7,107,149874.9,29806950.49999999
2025-08-01 09:23:44 AM,1400.7,18,25212.600000000002,29832163.09999999
2025-08-01 09:23:51 AM,1399.8,68,95186.4,29927349.49999999
2025-08-01 09:23:53 AM,1399.8,14,19597.2,29946946.699999988
2025-08-01 09:23:59 AM,1399.9,35,48996.5,29995943.199999988
2025-08-01 09:24:01 AM,1399.4,307,429615.80000000005,30425558.99999999
2025-08-01 09:24:07 AM,1400.3,3,4200.9,30429759.899999987
2025-08-01 09:24:08 AM,1399.6,24,33590.399999999994,30463350.299999986
2025-08-01 09:24:15 AM,1399.9,8,11199.2,30474549.499999985
2025-08-01 09:24:16 AM,1399.9,6,8399.400000000001,30482948.899999984
2025-08-01 09:24:22 AM,1402.3,6076,8520374.799999999,39003323.69999998
2025-08-01 09:24:22 AM,1402.9,0,0.0,39003323.69999998
2025-08-01 09:24:22 AM,1403.3,0,0.0,39003323.69999998
2025-08-01 09:24:24 AM,1403.1,574,805379.3999999999,39808703.09999998
2025-08-01 09:24:28 AM,1403.4,0,0.0,39808703.09999998
2025-08-01 09:24:30 AM,1403.4,303,425230.2,40233933.29999998
2025-08-01 09:24:31 AM,1402.1,116,162643.59999999998,40396576.89999998
2025-08-01 09:24:34 AM,1402.3,0,0.0,40396576.89999998
2025-08-01 09:24:34 AM,1402.1,0,0.0,40396576.89999998
2025-08-01 09:24:37 AM,1402.1,187,262192.7,40658769.59999999
2025-08-01 09:24:39 AM,1402.1,1,1402.1,40660171.69999999
2025-08-01 09:24:40 AM,1402.2,0,0.0,40660171.69999999
2025-08-01 09:24:45 AM,1400.9,466,652819.4,41312991.09999999
2025-08-01 09:24:52 AM,1401.2,190,266228.0,41579219.09999999
2025-08-01 09:25:00 AM,1400.9,0,0.0,41579219.09999999
2025-08-01 09:25:02 AM,1400.9,25,35022.5,41614241.59999999
2025-08-01 09:25:07 AM,1400.6,0,0.0,41614241.59999999
2025-08-01 09:25:09 AM,1400.6,13,18207.8,41632449.39999998
2025-08-01 09:25:14 AM,1400.6,46,64427.6,41696876.999999985
2025-08-01 09:25:17 AM,1400.6,216,302529.6,41999406.59999999
2025-08-01 09:25:20 AM,1398.8,0,0.0,41999406.59999999
2025-08-01 09:25:22 AM,1398.8,2969,4153037.1999999997,46152443.79999999
2025-08-01 09:25:25 AM,1399.6,0,0.0,46152443.79999999
2025-08-01 09:25:29 AM,1399.6,47,65781.2,46218224.99999999
2025-08-01 09:25:31 AM,1399.9,0,0.0,46218224.99999999
2025-08-01 09:25:32 AM,1399.9,545,762945.5,46981170.49999999
2025-08-01 09:25:37 AM,1400.0,590,826000.0,47807170.49999999
2025-08-01 09:25:39 AM,1400.4,28,39211.200000000004,47846381.699999996
2025-08-01 09:25:47 AM,1400.4,10,14004.0,47860385.699999996
2025-08-01 09:25:48 AM,1399.6,0,0.0,47860385.699999996
2025-08-01 09:25:52 AM,1399.6,210,293916.0,48154301.699999996
2025-08-01 09:26:00 AM,1399.6,82,114767.2,48269068.9
2025-08-01 09:26:07 AM,1399.6,109,152556.4,48421625.3
2025-08-01 09:26:09 AM,1399.6,9,12596.4,48434221.699999996
2025-08-01 09:26:15 AM,1399.6,302,422679.19999999995,48856900.9
2025-08-01 09:26:23 AM,1399.0,69,96531.0,48953431.9
2025-08-01 09:26:25 AM,1399.4,0,0.0,48953431.9
2025-08-01 09:26:30 AM,1399.4,2,2798.8,48956230.699999996
2025-08-01 09:26:32 AM,1399.0,80,111920.0,49068150.699999996
2025-08-01 09:26:35 AM,1399.2,0,0.0,49068150.699999996
2025-08-01 09:26:38 AM,1399.2,26,36379.200000000004,49104529.9
2025-08-01 09:26:40 AM,1399.1,1,1399.1,49105929.0
2025-08-01 09:26:44 AM,1399.4,0,0.0,49105929.0
2025-08-01 09:26:46 AM,1399.4,14,19591.600000000002,49125520.6
2025-08-01 09:26:47 AM,1399.7,223,312133.10000000003,49437653.7
2025-08-01 09:26:50 AM,1400.7,0,0.0,49437653.7
2025-08-01 09:26:53 AM,1400.7,9,12606.300000000001,49450260.0
2025-08-01 09:26:55 AM,1400.1,44,61604.399999999994,49511864.4
2025-08-01 09:27:01 AM,1400.7,10,14007.0,49525871.4
2025-08-01 09:27:11 AM,1400.6,0,0.0,49525871.4
2025-08-01 09:27:16 AM,1400.6,3,4201.799999999999,49530073.199999996
2025-08-01 09:27:38 AM,1400.6,256,358553.6,49888626.8
2025-08-01 09:27:40 AM,1400.4,0,0.0,49888626.8
2025-08-01 09:27:45 AM,1400.4,41,57416.4,49946043.199999996
2025-08-01 09:27:50 AM,1399.7,0,0.0,49946043.199999996
2025-08-01 09:27:53 AM,1399.7,13,18196.100000000002,49964239.3
2025-08-01 09:28:02 AM,1399.1,28,39174.799999999996,50003414.099999994
2025-08-01 09:28:07 AM,1398.7,0,0.0,50003414.099999994
2025-08-01 09:28:09 AM,1398.9,797,1114923.3,51118337.39999999
2025-08-01 09:28:10 AM,1398.2,84,117448.8,51235786.19999999
2025-08-01 09:28:13 AM,1400.5,0,0.0,51235786.19999999
2025-08-01 09:28:16 AM,1400.5,2780,3893390.0,55129176.19999999
2025-08-01 09:28:18 AM,1400.6,27,37816.2,55166992.39999999
2025-08-01 09:28:19 AM,1399.4,0,0.0,55166992.39999999
2025-08-01 09:28:20 AM,1399.2,0,0.0,55166992.39999999
2025-08-01 09:28:24 AM,1400.3,416,582524.7999999999,55749517.19999999
2025-08-01 09:28:24 AM,1399.6,0,0.0,55749517.19999999
2025-08-01 09:28:25 AM,1399.6,3,4198.799999999999,55753715.999999985
2025-08-01 09:28:30 AM,1399.8,0,0.0,55753715.999999985
2025-08-01 09:28:30 AM,1400.8,0,0.0,55753715.999999985
2025-08-01 09:28:32 AM,1400.8,2190,3067752.0,58821467.999999985
2025-08-01 09:28:33 AM,1403.2,1401,1965883.2,60787351.19999999
2025-08-01 09:28:36 AM,1405.0,0,0.0,60787351.19999999
2025-08-01 09:28:39 AM,1407.1,1396,1964311.5999999999,62751662.79999999
2025-08-01 09:28:40 AM,1407.7,2029,2856223.3000000003,65607886.09999999
2025-08-01 09:28:42 AM,1407.9,0,0.0,65607886.09999999
2025-08-01 09:28:46 AM,1407.5,0,0.0,65607886.09999999
2025-08-01 09:28:47 AM,1407.5,264,371580.0,65979466.09999999
2025-08-01 09:28:48 AM,1407.2,1,1407.2,65980873.29999999
2025-08-01 09:28:51 AM,1408.1,0,0.0,65980873.29999999
2025-08-01 09:28:52 AM,1406.7,0,0.0,65980873.29999999
2025-08-01 09:28:54 AM,1407.5,1760,2477200.0,68458073.29999998
2025-08-01 09:29:01 AM,1407.4,267,375775.80000000005,68833849.09999998
2025-08-01 09:29:02 AM,1407.4,10,14074.0,68847923.09999998
2025-08-01 09:29:07 AM,1406.2,0,0.0,68847923.09999998
2025-08-01 09:29:08 AM,1406.2,16,22499.2,68870422.29999998
2025-08-01 09:29:11 AM,1407.0,0,0.0,68870422.29999998
2025-08-01 09:29:12 AM,1406.2,60,84372.0,68954794.29999998
2025-08-01 09:29:13 AM,1406.7,2,2813.4,68957607.69999999
2025-08-01 09:29:15 AM,1406.5,10,14065.0,68971672.69999999
2025-08-01 09:29:16 AM,1405.2,4,5620.8,68977293.49999999
2025-08-01 09:29:17 AM,1406.1,0,0.0,68977293.49999999
2025-08-01 09:29:17 AM,1406.1,15,21091.5,68998384.99999999
2025-08-01 09:29:21 AM,1404.7,0,0.0,68998384.99999999
2025-08-01 09:29:22 AM,1404.6,341,478968.6,69477353.59999998
2025-08-01 09:29:22 AM,1405.6,0,0.0,69477353.59999998
2025-08-01 09:29:23 AM,1405.6,2,2811.2,69480164.79999998
2025-08-01 09:29:23 AM,1404.6,7,9832.199999999999,69489996.99999999
2025-08-01 09:29:24 AM,1404.6,29,40733.399999999994,69530730.39999999
2025-08-01 09:29:27 AM,1404.9,1,1404.9,69532135.3
2025-08-01 09:29:28 AM,1405.0,0,0.0,69532135.3
2025-08-01 09:29:28 AM,1405.0,428,601340.0,70133475.3
2025-08-01 09:29:29 AM,1404.4,97,136226.80000000002,70269702.1
2025-08-01 09:29:30 AM,1404.2,16,22467.2,70292169.3
2025-08-01 09:29:31 AM,1404.2,3,4212.6,70296381.89999999
2025-08-01 09:29:32 AM,1405.0,25,35125.0,70331506.89999999
2025-08-01 09:29:33 AM,1404.2,3,4212.6,70335719.49999999
2025-08-01 09:29:34 AM,1405.0,0,0.0,70335719.49999999
2025-08-01 09:29:34 AM,1405.0,15,21075.0,70356794.49999999
2025-08-01 09:29:35 AM,1404.3,0,0.0,70356794.49999999
2025-08-01 09:29:36 AM,1404.3,3,4212.9,70361007.39999999
2025-08-01 09:29:38 AM,1405.0,2,2810.0,70363817.39999999
2025-08-01 09:29:39 AM,1405.0,4,5620.0,70369437.39999999
2025-08-01 09:29:40 AM,1405.0,1,1405.0,70370842.39999999
2025-08-01 09:29:46 AM,1405.0,10,14050.0,70384892.39999999
2025-08-01 09:29:48 AM,1404.1,3,4212.299999999999,70389104.69999999
2025-08-01 09:29:53 AM,1405.0,11,15455.0,70404559.69999999
2025-08-01 09:29:55 AM,1402.0,477,668754.0,71073313.69999999
2025-08-01 09:30:00 AM,1401.4,49,68668.6,71141982.29999998
2025-08-01 09:30:01 AM,1401.2,0,0.0,71141982.29999998
2025-08-01 09:30:02 AM,1401.0,0,0.0,71141982.29999998
2025-08-01 09:30:02 AM,1401.0,70,98070.0,71240052.29999998
2025-08-01 09:30:03 AM,1400.8,17,23813.6,71263865.89999998
2025-08-01 09:30:10 AM,1400.8,40,56032.0,71319897.89999998
2025-08-01 09:30:15 AM,1400.7,0,0.0,71319897.89999998
2025-08-01 09:30:18 AM,1401.5,462,647493.0,71967390.89999998
2025-08-01 09:30:25 AM,1402.1,15,21031.5,71988422.39999998
2025-08-01 09:30:32 AM,1402.1,1,1402.1,71989824.49999997
2025-08-01 09:30:36 AM,1401.8,0,0.0,71989824.49999997
2025-08-01 09:30:40 AM,1401.8,51,71491.8,72061316.29999997
2025-08-01 09:30:47 AM,1401.4,476,667066.4,72728382.69999997
2025-08-01 09:30:53 AM,1401.3,0,0.0,72728382.69999997
2025-08-01 09:30:54 AM,1401.3,200,280260.0,73008642.69999997
2025-08-01 09:31:00 AM,1401.1,17,23818.699999999997,73032461.39999998
2025-08-01 09:31:02 AM,1400.3,0,0.0,73032461.39999998
2025-08-01 09:31:02 AM,1400.3,21,29406.3,73061867.69999997
2025-08-01 09:31:05 AM,1400.9,1,1400.9,73063268.59999998
2025-08-01 09:31:12 AM,1400.9,1,1400.9,73064669.49999999
2025-08-01 09:31:13 AM,1400.8,0,0.0,73064669.49999999
2025-08-01 09:31:14 AM,1400.8,2,2801.6,73067471.09999998
2025-08-01 09:31:22 AM,1400.0,1216,1702400.0,74769871.09999998
2025-08-01 09:31:25 AM,1400.1,26,36402.6,74806273.69999997
2025-08-01 09:31:29 AM,1400.5,5,7002.5,74813276.19999997
2025-08-01 09:31:35 AM,1400.1,3,4200.299999999999,74817476.49999997
2025-08-01 09:31:37 AM,1400.6,0,0.0,74817476.49999997
2025-08-01 09:31:38 AM,1400.9,110,154099.0,74971575.49999997
2025-08-01 09:31:43 AM,1401.0,1,1401.0,74972976.49999997
2025-08-01 09:31:45 AM,1401.0,4,5604.0,74978580.49999997
2025-08-01 09:31:59 AM,1401.3,3,4203.9,74982784.39999998
2025-08-01 09:32:00 AM,1401.1,6,8406.599999999999,74991190.99999997
2025-08-01 09:32:03 AM,1401.3,0,0.0,74991190.99999997
2025-08-01 09:32:06 AM,1401.7,284,398082.8,75389273.79999997
2025-08-01 09:32:13 AM,1401.7,21,29435.7,75418709.49999997
2025-08-01 09:32:15 AM,1401.4,0,0.0,75418709.49999997
2025-08-01 09:32:20 AM,1402.1,426,597294.6,76016004.09999996
2025-08-01 09:32:21 AM,1401.2,0,0.0,76016004.09999996
2025-08-01 09:32:27 AM,1401.4,0,0.0,76016004.09999996
2025-08-01 09:32:27 AM,1401.4,45,63063.00000000001,76079067.09999996
2025-08-01 09:32:33 AM,1401.2,0,0.0,76079067.09999996
2025-08-01 09:32:34 AM,1401.2,25,35030.0,76114097.09999996
2025-08-01 09:32:39 AM,1401.4,0,0.0,76114097.09999996
2025-08-01 09:32:41 AM,1401.4,97,135935.80000000002,76250032.89999996
2025-08-01 09:32:45 AM,1401.0,0,0.0,76250032.89999996
2025-08-01 09:32:48 AM,1401.0,12,16812.0,76266844.89999996
2025-08-01 09:32:51 AM,1401.4,0,0.0,76266844.89999996
2025-08-01 09:32:55 AM,1401.4,33,46246.200000000004,76313091.09999996
2025-08-01 09:33:02 AM,1401.4,17,23823.800000000003,76336914.89999996
2025-08-01 09:33:09 AM,1401.4,29,40640.600000000006,76377555.49999996
2025-08-01 09:33:14 AM,1401.3,0,0.0,76377555.49999996
2025-08-01 09:33:16 AM,1401.4,110,154154.0,76531709.49999996
2025-08-01 09:33:29 AM,1402.4,0,0.0,76531709.49999996
2025-08-01 09:33:29 AM,1402.4,88,123411.20000000001,76655120.69999996
2025-08-01 09:33:29 AM,1402.2,66,92545.2,76747665.89999996
2025-08-01 09:33:34 AM,1401.4,0,0.0,76747665.89999996
2025-08-01 09:33:36 AM,1401.4,125,175175.0,76922840.89999996
2025-08-01 09:33:39 AM,1401.7,0,0.0,76922840.89999996
2025-08-01 09:33:41 AM,1402.4,0,0.0,76922840.89999996
2025-08-01 09:33:43 AM,1402.9,169,237090.1,77159930.99999996
2025-08-01 09:33:44 AM,1401.9,0,0.0,77159930.99999996
2025-08-01 09:33:47 AM,1401.8,0,0.0,77159930.99999996
2025-08-01 09:33:49 AM,1401.9,0,0.0,77159930.99999996
2025-08-01 09:33:50 AM,1401.9,53,74300.70000000001,77234231.69999996
2025-08-01 09:33:57 AM,1401.9,16,22430.4,77256662.09999996
2025-08-01 09:33:59 AM,1402.8,0,0.0,77256662.09999996
2025-08-01 09:34:04 AM,1405.6,1070,1503992.0,78760654.09999996
2025-08-01 09:34:04 AM,1408.0,0,0.0,78760654.09999996
2025-08-01 09:34:05 AM,1408.0,292,411136.0,79171790.09999996
2025-08-01 09:34:09 AM,1407.6,0,0.0,79171790.09999996
2025-08-01 09:34:11 AM,1408.0,0,0.0,79171790.09999996
2025-08-01 09:34:11 AM,1407.1,1609,2264023.9,81435813.99999997
2025-08-01 09:34:14 AM,1406.3,0,0.0,81435813.99999997
2025-08-01 09:34:17 AM,1407.0,0,0.0,81435813.99999997
2025-08-01 09:34:18 AM,1407.0,107,150549.0,81586362.99999997
2025-08-01 09:34:24 AM,1405.5,0,0.0,81586362.99999997
2025-08-01 09:34:26 AM,1405.1,159,223410.9,81809773.89999998
2025-08-01 09:34:29 AM,1403.1,0,0.0,81809773.89999998
2025-08-01 09:34:32 AM,1404.5,0,0.0,81809773.89999998
2025-08-01 09:34:32 AM,1404.5,1958,2750011.0,84559784.89999998
2025-08-01 09:34:33 AM,1404.8,29,40739.2,84600524.09999998
2025-08-01 09:34:34 AM,1405.3,0,0.0,84600524.09999998
2025-08-01 09:34:37 AM,1406.0,0,0.0,84600524.09999998
2025-08-01 09:34:39 AM,1405.3,756,1062406.8,85662930.89999998
2025-08-01 09:34:42 AM,1402.9,0,0.0,85662930.89999998
2025-08-01 09:34:44 AM,1403.6,0,0.0,85662930.89999998
2025-08-01 09:34:46 AM,1402.0,1654,2318908.0,87981838.89999998
2025-08-01 09:34:49 AM,1402.9,0,0.0,87981838.89999998
2025-08-01 09:34:53 AM,1402.6,1841,2582186.5999999996,90564025.49999997
2025-08-01 09:34:54 AM,1402.9,0,0.0,90564025.49999997
2025-08-01 09:35:00 AM,1403.3,679,952840.7,91516866.19999997
2025-08-01 09:35:02 AM,1403.2,0,0.0,91516866.19999997
2025-08-01 09:35:03 AM,1403.2,50,70160.0,91587026.19999997
2025-08-01 09:35:05 AM,1402.6,0,0.0,91587026.19999997
2025-08-01 09:35:05 AM,1402.6,489,685871.3999999999,92272897.59999998
2025-08-01 09:35:06 AM,1402.0,0,0.0,92272897.59999998
2025-08-01 09:35:06 AM,1401.6,486,681177.6,92954075.19999997
2025-08-01 09:35:07 AM,1400.6,125,175075.0,93129150.19999997
2025-08-01 09:35:16 AM,1401.6,425,595680.0,93724830.19999997
2025-08-01 09:35:18 AM,1401.4,5,7007.0,93731837.19999997
2025-08-01 09:35:19 AM,1401.0,0,0.0,93731837.19999997
2025-08-01 09:35:20 AM,1401.0,16,22416.0,93754253.19999997
2025-08-01 09:35:24 AM,1401.2,50,70060.0,93824313.19999997
2025-08-01 09:35:26 AM,1401.0,10,14010.0,93838323.19999997
2025-08-01 09:35:27 AM,1400.6,3,4201.799999999999,93842524.99999997
2025-08-01 09:35:28 AM,1400.5,17,23808.5,93866333.49999997
2025-08-01 09:35:29 AM,1400.5,3,4201.5,93870534.99999997
2025-08-01 09:35:29 AM,1400.6,0,0.0,93870534.99999997
2025-08-01 09:35:30 AM,1400.6,20,28012.0,93898546.99999997
2025-08-01 09:35:35 AM,1400.6,3,4201.799999999999,93902748.79999997
2025-08-01 09:35:38 AM,1400.1,0,0.0,93902748.79999997
2025-08-01 09:35:38 AM,1400.1,67,93806.7,93996555.49999997
2025-08-01 09:35:45 AM,1400.0,0,0.0,93996555.49999997
2025-08-01 09:35:45 AM,1400.0,375,525000.0,94521555.49999997
2025-08-01 09:35:48 AM,1399.7,0,0.0,94521555.49999997
2025-08-01 09:35:49 AM,1399.7,5,6998.5,94528553.99999997
2025-08-01 09:35:50 AM,1399.7,50,69985.0,94598538.99999997
2025-08-01 09:35:51 AM,1399.7,1,1399.7,94599938.69999997
2025-08-01 09:35:52 AM,1399.7,1,1399.7,94601338.39999998
2025-08-01 09:35:54 AM,1399.0,67,93733.0,94695071.39999998
2025-08-01 09:35:58 AM,1400.5,0,0.0,94695071.39999998
2025-08-01 09:35:59 AM,1400.5,443,620421.5,95315492.89999998
2025-08-01 09:36:00 AM,1401.0,100,140100.0,95455592.89999998
2025-08-01 09:36:00 AM,1400.6,1,1400.6,95456993.49999997
2025-08-01 09:36:02 AM,1401.5,430,602645.0,96059638.49999997
2025-08-01 09:36:03 AM,1401.6,0,0.0,96059638.49999997
2025-08-01 09:36:03 AM,1401.1,0,0.0,96059638.49999997
2025-08-01 09:36:07 AM,1400.5,0,0.0,96059638.49999997
2025-08-01 09:36:09 AM,1401.6,996,1395993.5999999999,97455632.09999996
2025-08-01 09:36:11 AM,1401.8,0,0.0,97455632.09999996
2025-08-01 09:36:11 AM,1400.0,0,0.0,97455632.09999996
2025-08-01 09:36:15 AM,1402.4,0,0.0,97455632.09999996
2025-08-01 09:36:15 AM,1402.4,80411,112768386.4,210224018.49999997
2025-08-01 09:36:19 AM,1402.6,0,0.0,210224018.49999997
2025-08-01 09:36:22 AM,1405.9,1202,1689891.8,211913910.29999998
2025-08-01 09:36:23 AM,1403.9,0,0.0,211913910.29999998
2025-08-01 09:36:27 AM,1404.5,0,0.0,211913910.29999998
2025-08-01 09:36:29 AM,1404.7,23206,32597468.2,244511378.49999997
2025-08-01 09:36:31 AM,1406.0,0,0.0,244511378.49999997
2025-08-01 09:36:35 AM,1404.1,0,0.0,244511378.49999997
2025-08-01 09:36:35 AM,1404.1,3343,4693906.3,249205284.79999998
2025-08-01 09:36:39 AM,1405.7,0,0.0,249205284.79999998
2025-08-01 09:36:41 AM,1405.2,450,632340.0,249837624.79999998
2025-08-01 09:36:43 AM,1406.0,0,0.0,249837624.79999998
2025-08-01 09:36:47 AM,1404.6,0,0.0,249837624.79999998
2025-08-01 09:36:48 AM,1404.6,1457,2046502.2,251884126.99999997
2025-08-01 09:36:51 AM,1405.0,0,0.0,251884126.99999997
2025-08-01 09:36:55 AM,1405.8,4060,5707548.0,257591674.99999997
2025-08-01 09:36:55 AM,1406.9,1755,2469109.5,260060784.49999997
2025-08-01 09:36:59 AM,1405.7,0,0.0,260060784.49999997
2025-08-01 09:36:59 AM,1406.2,0,0.0,260060784.49999997
2025-08-01 09:37:00 AM,1406.2,273,383892.60000000003,260444677.09999996
2025-08-01 09:37:04 AM,1405.0,2015,2831075.0,263275752.09999996
2025-08-01 09:37:05 AM,1405.8,63,88565.4,263364317.49999997
2025-08-01 09:37:06 AM,1405.3,0,0.0,263364317.49999997
2025-08-01 09:37:06 AM,1405.3,2,2810.6,263367128.09999996
2025-08-01 09:37:08 AM,1405.1,444,623864.3999999999,263990992.49999997
2025-08-01 09:37:10 AM,1405.5,0,0.0,263990992.49999997
2025-08-01 09:37:11 AM,1405.5,3,4216.5,263995208.99999997
2025-08-01 09:37:15 AM,1405.4,2,2810.8,263998019.79999998
2025-08-01 09:37:16 AM,1404.6,2024,2842910.4,266840930.2
2025-08-01 09:37:17 AM,1404.3,5,7021.5,266847951.7
2025-08-01 09:37:23 AM,1403.1,0,0.0,266847951.7
2025-08-01 09:37:23 AM,1403.1,16,22449.6,266870401.29999998
2025-08-01 09:37:24 AM,1403.1,1,1403.1,266871804.39999998
2025-08-01 09:37:26 AM,1403.1,11,15434.099999999999,266887238.49999997
2025-08-01 09:37:28 AM,1403.1,301,422333.1,267309571.59999996
2025-08-01 09:37:31 AM,1404.6,88,123604.79999999999,267433176.39999998
2025-08-01 09:37:32 AM,1403.9,444,623331.6000000001,268056507.99999997
2025-08-01 09:37:33 AM,1404.6,78,109558.79999999999,268166066.79999998
2025-08-01 09:37:37 AM,1404.6,25,35115.0,268201181.79999998
2025-08-01 09:37:38 AM,1403.9,0,0.0,268201181.79999998
2025-08-01 09:37:39 AM,1403.9,8,11231.2,268212412.99999997
2025-08-01 09:37:39 AM,1404.6,0,0.0,268212412.99999997
2025-08-01 09:37:40 AM,1404.6,3,4213.799999999999,268216626.79999998
2025-08-01 09:37:42 AM,1404.6,16,22473.6,268239100.39999998
2025-08-01 09:37:49 AM,1404.6,112,157315.19999999998,268396415.59999996
2025-08-01 09:37:54 AM,1404.5,1,1404.5,268397820.09999996
2025-08-01 09:37:57 AM,1403.7,14,19651.8,268417471.89999998
2025-08-01 09:37:58 AM,1403.9,10,14039.0,268431510.89999998
2025-08-01 09:37:59 AM,1403.4,0,0.0,268431510.89999998
2025-08-01 09:37:59 AM,1403.4,164,230157.6,268661668.5
2025-08-01 09:37:59 AM,1403.3,1,1403.3,268663071.8
2025-08-01 09:38:01 AM,1403.3,6,8419.8,268671491.6
2025-08-01 09:38:01 AM,1403.7,0,0.0,268671491.6
2025-08-01 09:38:01 AM,1403.7,1,1403.7,268672895.3
2025-08-01 09:38:04 AM,1403.1,0,0.0,268672895.3
2025-08-01 09:38:04 AM,1403.1,10,14031.0,268686926.3
2025-08-01 09:38:05 AM,1401.8,0,0.0,268686926.3
2025-08-01 09:38:05 AM,1401.8,901,1263021.8,269949948.1
2025-08-01 09:38:07 AM,1403.7,425,596572.5,270546520.6
2025-08-01 09:38:07 AM,1402.5,0,0.0,270546520.6
2025-08-01 09:38:07 AM,1402.5,52,72930.0,270619450.6
2025-08-01 09:38:08 AM,1403.9,425,596657.5,271216108.1
2025-08-01 09:38:09 AM,1403.8,30,42114.0,271258222.1
2025-08-01 09:38:10 AM,1404.2,425,596785.0,271855007.1
2025-08-01 09:38:11 AM,1404.1,441,619208.1,272474215.20000005
2025-08-01 09:38:13 AM,1404.1,425,596742.5,273070957.70000005
2025-08-01 09:38:13 AM,1404.3,425,596827.5,273667785.20000005
2025-08-01 09:38:31 AM,1403.6,1,1403.6,273669188.8000001
2025-08-01 09:38:37 AM,1403.0,6,8418.0,273677606.8000001
2025-08-01 09:38:37 AM,1408.2,0,0.0,273677606.8000001
2025-08-01 09:38:38 AM,1407.6,3998,5627584.8,279305191.6000001
2025-08-01 09:38:39 AM,1407.2,20,28144.0,279333335.6000001
2025-08-01 09:38:41 AM,1406.4,10,14064.0,279347399.6000001
2025-08-01 09:38:41 AM,1407.2,22,30958.4,279378358.00000006
2025-08-01 09:38:41 AM,1406.2,0,0.0,279378358.00000006
2025-08-01 09:38:42 AM,1406.6,144,202550.4,279580908.40000004
2025-08-01 09:38:45 AM,1405.9,1,1405.9,279582314.3
2025-08-01 09:38:47 AM,1406.2,122,171556.4,279753870.7
2025-08-01 09:38:49 AM,1407.3,1477,2078582.0999999999,281832452.8
2025-08-01 09:38:49 AM,1409.0,0,0.0,281832452.8
2025-08-01 09:38:50 AM,1409.0,425,598825.0,282431277.8
2025-08-01 09:38:53 AM,1407.6,0,0.0,282431277.8
2025-08-01 09:38:53 AM,1407.6,430,605268.0,283036545.8
2025-08-01 09:38:53 AM,1407.5,1,1407.5,283037953.3
2025-08-01 09:38:56 AM,1407.5,1,1407.5,283039360.8
2025-08-01 09:38:58 AM,1407.8,50,70390.0,283109750.8
2025-08-01 09:39:00 AM,1407.7,6,8446.2,283118197.0
2025-08-01 09:39:02 AM,1407.1,68,95682.79999999999,283213879.8
2025-08-01 09:39:02 AM,1407.1,425,598017.5,283811897.3
2025-08-01 09:39:05 AM,1407.1,89,125231.9,283937129.2
2025-08-01 09:39:07 AM,1407.1,425,598017.5,284535146.7
2025-08-01 09:39:10 AM,1406.3,0,0.0,284535146.7
2025-08-01 09:39:10 AM,1406.3,2,2812.6,284537959.3
2025-08-01 09:39:10 AM,1405.4,0,0.0,284537959.3
2025-08-01 09:39:11 AM,1405.4,40230,56539242.0,341077201.3
2025-08-01 09:39:11 AM,1405.9,183,257279.7,341334481.0
2025-08-01 09:39:16 AM,1405.9,1,1405.9,341335886.9
2025-08-01 09:39:17 AM,1405.9,2,2811.8,341338698.7
2025-08-01 09:39:20 AM,1405.1,0,0.0,341338698.7
2025-08-01 09:39:21 AM,1405.1,4,5620.4,341344319.09999996
2025-08-01 09:39:21 AM,1405.9,0,0.0,341344319.09999996
2025-08-01 09:39:22 AM,1405.9,4250,5975075.0,347319394.09999996
2025-08-01 09:39:23 AM,1405.7,0,0.0,347319394.09999996
2025-08-01 09:39:24 AM,1405.7,100,140570.0,347459964.09999996
2025-08-01 09:39:33 AM,1405.6,0,0.0,347459964.09999996
2025-08-01 09:39:34 AM,1405.6,1,1405.6,347461369.7
2025-08-01 09:39:38 AM,1405.6,7,9839.199999999999,347471208.9
2025-08-01 09:39:46 AM,1405.0,0,0.0,347471208.9
2025-08-01 09:39:46 AM,1405.0,1484,2085020.0,349556228.9
2025-08-01 09:39:47 AM,1405.0,156,219180.0,349775408.9
2025-08-01 09:39:49 AM,1405.1,11,15456.099999999999,349790865.0
2025-08-01 09:39:51 AM,1405.1,8,11240.8,349802105.8
2025-08-01 09:39:56 AM,1405.7,0,0.0,349802105.8
2025-08-01 09:39:57 AM,1405.7,19,26708.3,349828814.1
2025-08-01 09:40:06 AM,1405.1,20,28102.0,349856916.1
2025-08-01 09:40:07 AM,1405.7,23,32331.100000000002,349889247.20000005
2025-08-01 09:40:08 AM,1405.2,39,54802.8,349944050.00000006
2025-08-01 09:40:09 AM,1406.1,0,0.0,349944050.00000006
2025-08-01 09:40:09 AM,1406.1,323,454170.3,350398220.3000001
2025-08-01 09:40:10 AM,1407.0,308,433356.0,350831576.3000001
2025-08-01 09:40:10 AM,1405.7,0,0.0,350831576.3000001
2025-08-01 09:40:11 AM,1405.7,325,456852.5,351288428.8000001
2025-08-01 09:40:13 AM,1406.8,0,0.0,351288428.8000001
2025-08-01 09:40:14 AM,1406.8,3,4220.4,351292649.20000005
2025-08-01 09:40:18 AM,1406.8,17,23915.6,351316564.8000001
2025-08-01 09:40:25 AM,1406.8,36,50644.799999999996,351367209.6000001
2025-08-01 09:40:29 AM,1406.8,7,9847.6,351377057.2000001
2025-08-01 09:40:34 AM,1408.1,500,704050.0,352081107.2000001
2025-08-01 09:40:36 AM,1408.7,0,0.0,352081107.2000001
2025-08-01 09:40:36 AM,1408.7,95,133826.5,352214933.7000001
2025-08-01 09:40:39 AM,1409.6,0,0.0,352214933.7000001
2025-08-01 09:40:40 AM,1409.6,304,428518.39999999997,352643452.1000001
2025-08-01 09:40:43 AM,1409.4,60,84564.0,352728016.1000001
2025-08-01 09:40:44 AM,1409.4,45,63423.00000000001,352791439.1000001
2025-08-01 09:40:46 AM,1409.7,0,0.0,352791439.1000001
2025-08-01 09:40:46 AM,1409.9,342,482185.80000000005,353273624.9000001
2025-08-01 09:40:47 AM,1412.0,2139,3020268.0,356293892.9000001
2025-08-01 09:40:48 AM,1413.1,0,0.0,356293892.9000001
2025-08-01 09:40:48 AM,1413.1,1333,1883662.2999999998,358177555.2000001
2025-08-01 09:40:49 AM,1414.0,0,0.0,358177555.2000001
2025-08-01 09:40:50 AM,1414.0,90,127260.0,358304815.2000001
2025-08-01 09:40:51 AM,1414.0,42,59388.0,358364203.2000001
2025-08-01 09:40:53 AM,1414.2,0,0.0,358364203.2000001
2025-08-01 09:40:54 AM,1413.5,2516,3556366.0,361920569.2000001
2025-08-01 09:40:55 AM,1413.5,139,196476.5,362117045.7000001
2025-08-01 09:40:56 AM,1414.4,0,0.0,362117045.7000001
2025-08-01 09:40:56 AM,1414.4,300,424320.0,362541365.7000001
2025-08-01 09:40:57 AM,1414.0,0,0.0,362541365.7000001
2025-08-01 09:40:57 AM,1414.0,927,1310778.0,363852143.7000001
2025-08-01 09:40:58 AM,1415.0,1981,2803115.0,366655258.7000001
2025-08-01 09:40:59 AM,1415.8,52,73621.59999999999,366728880.30000013
2025-08-01 09:41:00 AM,1415.0,0,0.0,366728880.30000013
2025-08-01 09:41:01 AM,1415.1,0,0.0,366728880.30000013
2025-08-01 09:41:01 AM,1416.2,1533,2171034.6,368899914.90000015
2025-08-01 09:41:02 AM,1416.2,470,665614.0,369565528.90000015
2025-08-01 09:41:04 AM,1415.2,150,212280.0,369777808.90000015
2025-08-01 09:41:05 AM,1415.4,51,72185.40000000001,369849994.30000013
2025-08-01 09:41:06 AM,1415.3,6,8491.8,369858486.10000014
2025-08-01 09:41:06 AM,1415.8,45,63711.0,369922197.10000014
2025-08-01 09:41:07 AM,1415.3,404,571781.2,370493978.30000013
2025-08-01 09:41:07 AM,1414.8,0,0.0,370493978.30000013
2025-08-01 09:41:08 AM,1414.8,41,58006.799999999996,370551985.10000014
2025-08-01 09:41:08 AM,1414.6,38,53754.799999999996,370605739.90000015
2025-08-01 09:41:08 AM,1414.9,0,0.0,370605739.90000015
2025-08-01 09:41:09 AM,1414.9,50,70745.0,370676484.90000015
2025-08-01 09:41:09 AM,1414.2,49,69295.8,370745780.70000017
2025-08-01 09:41:10 AM,1414.0,0,0.0,370745780.70000017
2025-08-01 09:41:10 AM,1414.0,1,1414.0,370747194.70000017
2025-08-01 09:41:11 AM,1414.1,666,941790.6,371688985.3000002
2025-08-01 09:41:12 AM,1413.1,5,7065.5,371696050.8000002
2025-08-01 09:41:13 AM,1413.3,20,28266.0,371724316.8000002
2025-08-01 09:41:17 AM,1413.0,167,235971.0,371960287.8000002
2025-08-01 09:41:18 AM,1414.1,468,661798.7999999999,372622086.6000002
2025-08-01 09:41:18 AM,1414.0,0,0.0,372622086.6000002
2025-08-01 09:41:19 AM,1414.0,1,1414.0,372623500.6000002
2025-08-01 09:41:20 AM,1414.6,482,681837.2,373305337.8000002
2025-08-01 09:41:21 AM,1416.0,0,0.0,373305337.8000002
2025-08-01 09:41:21 AM,1416.0,589,834024.0,374139361.8000002
2025-08-01 09:41:22 AM,1415.0,1,1415.0,374140776.8000002
2025-08-01 09:41:24 AM,1414.2,464,656188.8,374796965.6000002
2025-08-01 09:41:25 AM,1415.0,709,1003235.0,375800200.6000002
2025-08-01 09:41:27 AM,1415.4,0,0.0,375800200.6000002
2025-08-01 09:41:28 AM,1415.4,508,719023.2000000001,376519223.8000002
2025-08-01 09:41:28 AM,1416.3,439,621755.7,377140979.5000002
2025-08-01 09:41:29 AM,1415.5,12,16986.0,377157965.5000002
2025-08-01 09:41:30 AM,1416.6,0,0.0,377157965.5000002
2025-08-01 09:41:31 AM,1416.6,30,42498.0,377200463.5000002
2025-08-01 09:41:31 AM,1415.4,35,49539.0,377250002.5000002
2025-08-01 09:41:32 AM,1415.7,0,0.0,377250002.5000002
2025-08-01 09:41:33 AM,1415.7,5,7078.5,377257081.0000002
2025-08-01 09:41:38 AM,1414.9,170,240533.00000000003,377497614.0000002
2025-08-01 09:41:39 AM,1415.0,0,0.0,377497614.0000002
2025-08-01 09:41:40 AM,1415.0,34,48110.0,377545724.0000002
2025-08-01 09:41:48 AM,1415.7,145,205276.5,377751000.5000002
2025-08-01 09:41:49 AM,1414.9,3,4244.700000000001,377755245.20000017
2025-08-01 09:41:50 AM,1415.8,0,0.0,377755245.20000017
2025-08-01 09:41:50 AM,1415.8,21,29731.8,377784977.0000002
2025-08-01 09:41:51 AM,1414.7,0,0.0,377784977.0000002
2025-08-01 09:41:52 AM,1414.7,2257,3192977.9,380977954.90000015
2025-08-01 09:41:54 AM,1414.7,1,1414.7,380979369.60000014
2025-08-01 09:41:54 AM,1414.5,306,432837.0,381412206.60000014
2025-08-01 09:41:56 AM,1414.3,0,0.0,381412206.60000014
2025-08-01 09:41:56 AM,1414.8,39,55177.2,381467383.80000013
2025-08-01 09:41:57 AM,1414.2,20,28284.0,381495667.80000013
2025-08-01 09:41:58 AM,1415.0,0,0.0,381495667.80000013
2025-08-01 09:41:58 AM,1415.0,9606,13592490.0,395088157.80000013
2025-08-01 09:41:59 AM,1414.2,739,1045093.8,396133251.60000014
2025-08-01 09:42:00 AM,1415.5,428,605834.0,396739085.60000014
2025-08-01 09:42:02 AM,1415.0,68,96220.0,396835305.60000014
2025-08-01 09:42:06 AM,1415.7,50,70785.0,396906090.60000014
2025-08-01 09:42:06 AM,1416.8,0,0.0,396906090.60000014
2025-08-01 09:42:07 AM,1416.8,749,1061183.2,397967273.80000013
2025-08-01 09:42:08 AM,1416.3,272,385233.6,398352507.40000015
2025-08-01 09:42:09 AM,1416.9,80,113352.0,398465859.40000015
2025-08-01 09:42:11 AM,1416.9,46,65177.4,398531036.80000013
2025-08-01 09:42:12 AM,1416.1,272,385179.19999999995,398916216.0000001
2025-08-01 09:42:15 AM,1417.7,1325,1878452.5,400794668.5000001
2025-08-01 09:42:15 AM,1416.7,14,19833.8,400814502.30000013
2025-08-01 09:42:16 AM,1419.9,995,1412800.5,402227302.80000013
2025-08-01 09:42:16 AM,1419.7,1710,2427687.0,404654989.80000013
2025-08-01 09:42:17 AM,1420.0,37,52540.0,404707529.80000013
2025-08-01 09:42:17 AM,1420.1,12,17041.199999999997,404724571.0000001
2025-08-01 09:42:18 AM,1419.7,5,7098.5,404731669.5000001
2025-08-01 09:42:20 AM,1419.6,564,800654.3999999999,405532323.9000001
2025-08-01 09:42:20 AM,1420.1,0,0.0,405532323.9000001
2025-08-01 09:42:20 AM,1420.1,426,604962.6,406137286.5000001
2025-08-01 09:42:21 AM,1419.3,196,278182.8,406415469.30000013
2025-08-01 09:42:22 AM,1418.8,228,323486.39999999997,406738955.7000001
2025-08-01 09:42:24 AM,1418.5,0,0.0,406738955.7000001
2025-08-01 09:42:25 AM,1418.5,34,48229.0,406787184.7000001
2025-08-01 09:42:26 AM,1419.8,0,0.0,406787184.7000001
2025-08-01 09:42:26 AM,1419.8,59,83768.2,406870952.9000001
2025-08-01 09:42:27 AM,1421.0,0,0.0,406870952.9000001
2025-08-01 09:42:28 AM,1421.0,1801,2559221.0,409430173.9000001
2025-08-01 09:42:28 AM,1421.1,185,262903.5,409693077.4000001
2025-08-01 09:42:30 AM,1420.9,50,71045.0,409764122.4000001
2025-08-01 09:42:30 AM,1419.9,1153,1637144.7000000002,411401267.1000001
2025-08-01 09:42:30 AM,1420.1,0,0.0,411401267.1000001
2025-08-01 09:42:31 AM,1420.5,202,286941.0,411688208.1000001
2025-08-01 09:42:32 AM,1420.5,273,387796.5,412076004.6000001
2025-08-01 09:42:34 AM,1419.7,0,0.0,412076004.6000001
2025-08-01 09:42:34 AM,1419.7,5,7098.5,412083103.1000001
2025-08-01 09:42:34 AM,1421.9,0,0.0,412083103.1000001
2025-08-01 09:42:35 AM,1421.9,1534,2181194.6,414264297.7000001
2025-08-01 09:42:36 AM,1421.8,1,1421.8,414265719.5000001
2025-08-01 09:42:37 AM,1422.4,98,139395.2,414405114.7000001
2025-08-01 09:42:39 AM,1422.4,115,163576.0,414568690.7000001
2025-08-01 09:42:41 AM,1422.4,526,748182.4,415316873.1000001
2025-08-01 09:42:42 AM,1424.0,0,0.0,415316873.1000001
2025-08-01 09:42:43 AM,1423.8,0,0.0,415316873.1000001
2025-08-01 09:42:43 AM,1423.8,1107,1576146.5999999999,416893019.7000001
2025-08-01 09:42:43 AM,1423.7,30,42711.0,416935730.7000001
2025-08-01 09:42:44 AM,1424.3,0,0.0,416935730.7000001
2025-08-01 09:42:44 AM,1425.0,2338,3331650.0,420267380.7000001
2025-08-01 09:42:44 AM,1425.2,2,2850.4,420270231.1000001
2025-08-01 09:42:45 AM,1425.6,2,2851.2,420273082.3000001
2025-08-01 09:42:46 AM,1426.9,379,540795.1,420813877.4000001
2025-08-01 09:42:47 AM,1427.3,0,0.0,420813877.4000001
2025-08-01 09:42:48 AM,1426.9,0,0.0,420813877.4000001
2025-08-01 09:42:48 AM,1426.9,198,282526.2,421096403.6000001
2025-08-01 09:42:48 AM,1426.9,5,7134.5,421103538.1000001
2025-08-01 09:42:49 AM,1427.3,51,72792.3,421176330.4000001
2025-08-01 09:42:50 AM,1426.7,0,0.0,421176330.4000001
2025-08-01 09:42:50 AM,1426.7,451,643441.7000000001,421819772.1000001
2025-08-01 09:42:50 AM,1426.0,0,0.0,421819772.1000001
2025-08-01 09:42:50 AM,1426.0,1,1426.0,421821198.1000001
2025-08-01 09:42:51 AM,1426.0,540,770040.0,422591238.1000001
2025-08-01 09:42:52 AM,1425.7,0,0.0,422591238.1000001
2025-08-01 09:42:52 AM,1425.7,20,28514.0,422619752.1000001
2025-08-01 09:42:52 AM,1425.4,50,71270.0,422691022.1000001
2025-08-01 09:42:52 AM,1425.3,0,0.0,422691022.1000001
2025-08-01 09:42:53 AM,1425.3,5,7126.5,422698148.6000001
2025-08-01 09:42:53 AM,1425.2,70,99764.0,422797912.6000001
2025-08-01 09:42:54 AM,1424.9,7,9974.300000000001,422807886.9000001
2025-08-01 09:42:57 AM,1424.9,32,45596.8,422853483.7000001
2025-08-01 09:42:58 AM,1425.4,425,605795.0,423459278.7000001
2025-08-01 09:42:59 AM,1424.2,16,22787.2,423482065.9000001
2025-08-01 09:43:00 AM,1424.2,32,45574.4,423527640.3000001
2025-08-01 09:43:00 AM,1424.2,60,85452.0,423613092.3000001
2025-08-01 09:43:01 AM,1423.8,0,0.0,423613092.3000001
2025-08-01 09:43:01 AM,1424.2,37,52695.4,423665787.70000005
2025-08-01 09:43:02 AM,1425.3,0,0.0,423665787.70000005
2025-08-01 09:43:03 AM,1427.0,0,0.0,423665787.70000005
2025-08-01 09:43:03 AM,1426.8,1327,1893363.5999999999,425559151.3000001
2025-08-01 09:43:03 AM,1426.7,0,0.0,425559151.3000001
2025-08-01 09:43:04 AM,1426.7,12,17120.4,425576271.70000005
2025-08-01 09:43:04 AM,1425.9,10,14259.0,425590530.70000005
2025-08-01 09:43:05 AM,1427.0,0,0.0,425590530.70000005
2025-08-01 09:43:05 AM,1427.0,14,19978.0,425610508.70000005
2025-08-01 09:43:05 AM,1426.9,100,142690.0,425753198.70000005
2025-08-01 09:43:06 AM,1427.2,388,553753.6,426306952.3000001
2025-08-01 09:43:07 AM,1427.3,425,606602.5,426913554.8000001
2025-08-01 09:43:08 AM,1426.9,0,0.0,426913554.8000001
2025-08-01 09:43:08 AM,1426.9,107,152678.30000000002,427066233.1000001
2025-08-01 09:43:09 AM,1425.6,0,0.0,427066233.1000001
2025-08-01 09:43:10 AM,1425.6,14,19958.399999999998,427086191.50000006
2025-08-01 09:43:10 AM,1425.5,0,0.0,427086191.50000006
2025-08-01 09:43:11 AM,1426.9,0,0.0,427086191.50000006
2025-08-01 09:43:11 AM,1426.9,507,723438.3,427809629.8000001
2025-08-01 09:43:13 AM,1425.9,0,0.0,427809629.8000001
2025-08-01 09:43:14 AM,1425.9,19,27092.100000000002,427836721.9000001
2025-08-01 09:43:14 AM,1426.6,0,0.0,427836721.9000001
2025-08-01 09:43:15 AM,1426.6,5,7133.0,427843854.9000001
2025-08-01 09:43:15 AM,1426.7,0,0.0,427843854.9000001
2025-08-01 09:43:16 AM,1426.8,0,0.0,427843854.9000001
2025-08-01 09:43:16 AM,1426.8,178,253970.4,428097825.3000001
2025-08-01 09:43:16 AM,1425.9,0,0.0,428097825.3000001
2025-08-01 09:43:17 AM,1425.9,1,1425.9,428099251.20000005
2025-08-01 09:43:17 AM,1426.2,150,213930.0,428313181.20000005
2025-08-01 09:43:19 AM,1424.7,397,565605.9,428878787.1
2025-08-01 09:43:21 AM,1424.4,3,4273.200000000001,428883060.3
2025-08-01 09:43:23 AM,1423.5,0,0.0,428883060.3
2025-08-01 09:43:24 AM,1423.5,4,5694.0,428888754.3
2025-08-01 09:43:24 AM,1423.1,0,0.0,428888754.3
2025-08-01 09:43:25 AM,1423.1,442,629010.2,429517764.5
2025-08-01 09:43:25 AM,1423.5,0,0.0,429517764.5
2025-08-01 09:43:26 AM,1423.5,835,1188622.5,430706387.0
2025-08-01 09:43:27 AM,1422.9,0,0.0,430706387.0
2025-08-01 09:43:27 AM,1422.9,100,142290.0,430848677.0
2025-08-01 09:43:27 AM,1422.1,0,0.0,430848677.0
2025-08-01 09:43:28 AM,1422.1,10,14221.0,430862898.0
2025-08-01 09:43:29 AM,1421.4,0,0.0,430862898.0
2025-08-01 09:43:30 AM,1422.1,534,759401.3999999999,431622299.4
2025-08-01 09:43:30 AM,1422.5,43,61167.5,431683466.9
2025-08-01 09:43:30 AM,1422.3,0,0.0,431683466.9
2025-08-01 09:43:31 AM,1422.3,50,71115.0,431754581.9
2025-08-01 09:43:34 AM,1423.0,25,35575.0,431790156.9
2025-08-01 09:43:35 AM,1423.7,0,0.0,431790156.9
2025-08-01 09:43:36 AM,1423.7,88,125285.6,431915442.5
2025-08-01 09:43:38 AM,1423.2,0,0.0,431915442.5
2025-08-01 09:43:39 AM,1423.7,268,381551.60000000003,432296994.1
2025-08-01 09:43:42 AM,1423.0,0,0.0,432296994.1
2025-08-01 09:43:42 AM,1423.8,107,152346.6,432449340.70000005
2025-08-01 09:43:44 AM,1422.1,200,284420.0,432733760.70000005
2025-08-01 09:43:47 AM,1423.4,0,0.0,432733760.70000005
2025-08-01 09:43:48 AM,1423.4,1,1423.4,432735184.1
2025-08-01 09:43:50 AM,1423.9,123,175139.7,432910323.8
2025-08-01 09:43:51 AM,1423.9,41,58379.9,432968703.7
2025-08-01 09:43:51 AM,1424.4,2,2848.8,432971552.5
2025-08-01 09:43:52 AM,1423.9,10,14239.0,432985791.5
2025-08-01 09:43:54 AM,1424.0,1,1424.0,432987215.5
2025-08-01 09:43:57 AM,1423.9,29,41293.100000000006,433028508.6
2025-08-01 09:43:59 AM,1423.0,0,0.0,433028508.6
2025-08-01 09:44:00 AM,1423.0,250,355750.0,433384258.6
2025-08-01 09:44:01 AM,1422.9,30,42687.0,433426945.6
2025-08-01 09:44:01 AM,1423.2,0,0.0,433426945.6
2025-08-01 09:44:02 AM,1423.4,236,335922.4,433762868.0
2025-08-01 09:44:02 AM,1422.2,0,0.0,433762868.0
2025-08-01 09:44:03 AM,1422.2,1,1422.2,433764290.2
2025-08-01 09:44:03 AM,1422.9,0,0.0,433764290.2
2025-08-01 09:44:04 AM,1422.9,1,1422.9,433765713.09999996
2025-08-01 09:44:04 AM,1421.9,0,0.0,433765713.09999996
2025-08-01 09:44:05 AM,1421.9,100,142190.0,433907903.09999996
2025-08-01 09:44:05 AM,1422.5,0,0.0,433907903.09999996
2025-08-01 09:44:06 AM,1422.5,21,29872.5,433937775.59999996
2025-08-01 09:44:06 AM,1422.1,0,0.0,433937775.59999996
2025-08-01 09:44:07 AM,1422.1,592,841883.2,434779658.79999995
2025-08-01 09:44:11 AM,1422.6,1,1422.6,434781081.4
2025-08-01 09:44:13 AM,1423.3,625,889562.5,435670643.9
2025-08-01 09:44:14 AM,1423.3,250,355825.0,436026468.9
2025-08-01 09:44:16 AM,1423.3,122,173642.6,436200111.5
2025-08-01 09:44:17 AM,1422.5,200,284500.0,436484611.5
2025-08-01 09:44:18 AM,1422.4,0,0.0,436484611.5
2025-08-01 09:44:18 AM,1422.4,232,329996.80000000005,436814608.3
2025-08-01 09:44:20 AM,1422.3,0,0.0,436814608.3
2025-08-01 09:44:21 AM,1422.3,103,146496.9,436961105.2
2025-08-01 09:44:22 AM,1422.7,0,0.0,436961105.2
2025-08-01 09:44:22 AM,1422.7,17,24185.9,436985291.09999996
2025-08-01 09:44:23 AM,1422.7,8,11381.6,436996672.7
2025-08-01 09:44:27 AM,1422.4,0,0.0,436996672.7
2025-08-01 09:44:27 AM,1422.4,6,8534.400000000001,437005207.09999996
2025-08-01 09:44:31 AM,1423.3,0,0.0,437005207.09999996
2025-08-01 09:44:32 AM,1423.3,1,1423.3,437006630.4
2025-08-01 09:44:33 AM,1422.5,672,955920.0,437962550.4
2025-08-01 09:44:34 AM,1422.1,498,708205.7999999999,438670756.2
2025-08-01 09:44:35 AM,1421.1,38,54001.799999999996,438724758.0
2025-08-01 09:44:37 AM,1421.8,0,0.0,438724758.0
2025-08-01 09:44:37 AM,1421.8,1,1421.8,438726179.8
2025-08-01 09:44:40 AM,1421.6,36,51177.6,438777357.40000004
2025-08-01 09:44:41 AM,1421.4,2,2842.8,438780200.20000005
2025-08-01 09:44:42 AM,1421.3,2,2842.6,438783042.8000001
2025-08-01 09:44:43 AM,1421.1,1,1421.1,438784463.9000001
2025-08-01 09:44:44 AM,1419.4,38,53937.200000000004,438838401.1000001
2025-08-01 09:44:45 AM,1420.9,1,1420.9,438839822.00000006
2025-08-01 09:44:46 AM,1420.6,1,1420.6,438841242.6000001
2025-08-01 09:44:46 AM,1420.8,1,1420.8,438842663.4000001
2025-08-01 09:44:47 AM,1419.7,3,4259.1,438846922.5000001
2025-08-01 09:44:50 AM,1420.5,30,42615.0,438889537.5000001
2025-08-01 09:44:54 AM,1420.3,1,1420.3,438890957.80000013
2025-08-01 09:44:54 AM,1421.1,0,0.0,438890957.80000013
2025-08-01 09:44:54 AM,1421.1,196,278535.6,439169493.40000015
2025-08-01 09:44:56 AM,1422.0,104,147888.0,439317381.40000015
2025-08-01 09:44:56 AM,1422.5,1,1422.5,439318803.90000015
2025-08-01 09:44:58 AM,1422.7,0,0.0,439318803.90000015
2025-08-01 09:44:58 AM,1422.7,5,7113.5,439325917.40000015
2025-08-01 09:45:01 AM,1421.8,125,177725.0,439503642.40000015
2025-08-01 09:45:03 AM,1421.7,0,0.0,439503642.40000015
2025-08-01 09:45:03 AM,1421.7,375,533137.5,440036779.90000015
2025-08-01 09:45:05 AM,1420.5,0,0.0,440036779.90000015
2025-08-01 09:45:05 AM,1420.5,10,14205.0,440050984.90000015
2025-08-01 09:45:06 AM,1421.4,0,0.0,440050984.90000015
2025-08-01 09:45:06 AM,1421.4,425,604095.0,440655079.90000015
2025-08-01 09:45:12 AM,1421.3,0,0.0,440655079.90000015
2025-08-01 09:45:12 AM,1421.3,10,14213.0,440669292.90000015
2025-08-01 09:45:13 AM,1421.4,0,0.0,440669292.90000015
2025-08-01 09:45:13 AM,1421.4,21,29849.4,440699142.30000013
2025-08-01 09:45:14 AM,1420.5,0,0.0,440699142.30000013
2025-08-01 09:45:14 AM,1420.5,615,873607.5,441572749.80000013
2025-08-01 09:45:17 AM,1424.9,0,0.0,441572749.80000013
2025-08-01 09:45:17 AM,1424.8,11843,16873906.4,458446656.2000001
2025-08-01 09:45:18 AM,1426.1,0,0.0,458446656.2000001
2025-08-01 09:45:18 AM,1426.1,36,51339.6,458497995.80000013
2025-08-01 09:45:19 AM,1426.0,1458,2079108.0,460577103.80000013
2025-08-01 09:45:19 AM,1425.0,0,0.0,460577103.80000013
2025-08-01 09:45:20 AM,1425.0,845,1204125.0,461781228.80000013
2025-08-01 09:45:20 AM,1425.5,0,0.0,461781228.80000013
2025-08-01 09:45:21 AM,1425.0,59,84075.0,461865303.80000013
2025-08-01 09:45:22 AM,1424.8,131,186648.8,462051952.60000014
2025-08-01 09:45:22 AM,1424.6,768,1094092.7999999998,463146045.40000015
2025-08-01 09:45:23 AM,1424.7,45,64111.5,463210156.90000015
2025-08-01 09:45:25 AM,1424.6,2,2849.2,463213006.10000014
2025-08-01 09:45:25 AM,1425.2,0,0.0,463213006.10000014
2025-08-01 09:45:26 AM,1425.2,22,31354.4,463244360.5000001
2025-08-01 09:45:27 AM,1424.1,529,753348.8999999999,463997709.4000001
2025-08-01 09:45:29 AM,1424.0,0,0.0,463997709.4000001
2025-08-01 09:45:29 AM,1424.7,141,200882.7,464198592.1000001
2025-08-01 09:45:30 AM,1424.6,0,0.0,464198592.1000001
2025-08-01 09:45:30 AM,1424.6,5,7123.0,464205715.1000001
2025-08-01 09:45:31 AM,1425.1,0,0.0,464205715.1000001
2025-08-01 09:45:32 AM,1425.1,425,605667.5,464811382.6000001
2025-08-01 09:45:33 AM,1424.0,0,0.0,464811382.6000001
2025-08-01 09:45:34 AM,1424.0,1028,1463872.0,466275254.6000001
2025-08-01 09:45:34 AM,1424.7,0,0.0,466275254.6000001
2025-08-01 09:45:35 AM,1424.9,0,0.0,466275254.6000001
2025-08-01 09:45:35 AM,1424.9,2223,3167552.7,469442807.3000001
2025-08-01 09:45:37 AM,1425.2,0,0.0,469442807.3000001
2025-08-01 09:45:38 AM,1425.5,34,48467.0,469491274.3000001
2025-08-01 09:45:39 AM,1425.9,38,54184.200000000004,469545458.50000006
2025-08-01 09:45:40 AM,1425.6,905,1290168.0,470835626.50000006
2025-08-01 09:45:41 AM,1426.6,129,184031.4,471019657.90000004
2025-08-01 09:45:42 AM,1426.8,1,1426.8,471021084.70000005
2025-08-01 09:45:44 AM,1426.8,9,12841.199999999999,471033925.90000004
2025-08-01 09:45:45 AM,1427.4,416,593798.4,471627724.3
2025-08-01 09:45:46 AM,1427.2,107,152710.4,471780434.7
2025-08-01 09:45:48 AM,1428.0,0,0.0,471780434.7
2025-08-01 09:45:49 AM,1428.0,440,628320.0,472408754.7
2025-08-01 09:45:52 AM,1428.1,344,491266.39999999997,472900021.09999996
2025-08-01 09:45:53 AM,1427.4,3,4282.200000000001,472904303.29999995
2025-08-01 09:45:54 AM,1428.1,0,0.0,472904303.29999995
2025-08-01 09:45:55 AM,1428.1,150,214215.0,473118518.29999995
2025-08-01 09:45:56 AM,1428.1,1,1428.1,473119946.4
2025-08-01 09:45:56 AM,1428.0,280,399840.0,473519786.4
2025-08-01 09:45:56 AM,1428.1,0,0.0,473519786.4
2025-08-01 09:45:57 AM,1428.1,22,31418.199999999997,473551204.59999996
2025-08-01 09:45:58 AM,1428.1,34,48555.399999999994,473599759.99999994
2025-08-01 09:45:59 AM,1428.1,35,49983.5,473649743.49999994
2025-08-01 09:46:00 AM,1428.2,0,0.0,473649743.49999994
2025-08-01 09:46:01 AM,1428.2,57,81407.40000000001,473731150.8999999
2025-08-01 09:46:01 AM,1427.2,0,0.0,473731150.8999999
2025-08-01 09:46:02 AM,1427.2,536,764979.2000000001,474496130.0999999
2025-08-01 09:46:05 AM,1427.6,0,0.0,474496130.0999999
2025-08-01 09:46:06 AM,1427.6,438,625288.7999999999,475121418.8999999
2025-08-01 09:46:06 AM,1427.4,0,0.0,475121418.8999999
2025-08-01 09:46:07 AM,1427.4,384,548121.6000000001,475669540.49999994
2025-08-01 09:46:07 AM,1427.0,907,1294289.0,476963829.49999994
2025-08-01 09:46:09 AM,1427.0,15,21405.0,476985234.49999994
2025-08-01 09:46:10 AM,1427.0,1,1427.0,476986661.49999994
2025-08-01 09:46:10 AM,1427.0,14,19978.0,477006639.49999994
2025-08-01 09:46:10 AM,1427.5,0,0.0,477006639.49999994
2025-08-01 09:46:11 AM,1427.5,4,5710.0,477012349.49999994
2025-08-01 09:46:11 AM,1428.1,0,0.0,477012349.49999994
2025-08-01 09:46:12 AM,1428.1,30,42843.0,477055192.49999994
2025-08-01 09:46:12 AM,1428.0,0,0.0,477055192.49999994
2025-08-01 09:46:13 AM,1428.0,476,679728.0,477734920.49999994
2025-08-01 09:46:13 AM,1428.1,0,0.0,477734920.49999994
2025-08-01 09:46:14 AM,1428.1,20,28562.0,477763482.49999994
2025-08-01 09:46:15 AM,1428.1,301,429858.1,478193340.59999996
2025-08-01 09:46:16 AM,1428.1,926,1322420.5999999999,479515761.2
2025-08-01 09:46:16 AM,1428.1,58,82829.79999999999,479598591.0
2025-08-01 09:46:16 AM,1427.2,0,0.0,479598591.0
2025-08-01 09:46:17 AM,1427.1,60,85626.0,479684217.0
2025-08-01 09:46:20 AM,1427.8,88,125646.4,479809863.4
2025-08-01 09:46:20 AM,1427.5,15,21412.5,479831275.9
2025-08-01 09:46:23 AM,1427.0,0,0.0,479831275.9
2025-08-01 09:46:24 AM,1427.0,1,1427.0,479832702.9
2025-08-01 09:46:26 AM,1427.4,5,7137.0,479839839.9
2025-08-01 09:46:28 AM,1427.1,0,0.0,479839839.9
2025-08-01 09:46:28 AM,1427.1,425,606517.5,480446357.4
2025-08-01 09:46:31 AM,1427.1,25,35677.5,480482034.9
2025-08-01 09:46:32 AM,1426.8,0,0.0,480482034.9
2025-08-01 09:46:33 AM,1426.8,50,71340.0,480553374.9
2025-08-01 09:46:37 AM,1426.7,3,4280.1,480557655.0
2025-08-01 09:46:39 AM,1426.5,2,2853.0,480560508.0
2025-08-01 09:46:43 AM,1426.0,250,356500.0,480917008.0
2025-08-01 09:46:44 AM,1426.9,10,14269.0,480931277.0
2025-08-01 09:46:45 AM,1426.5,0,0.0,480931277.0
2025-08-01 09:46:46 AM,1426.2,0,0.0,480931277.0
2025-08-01 09:46:46 AM,1426.2,24,34228.8,480965505.8
2025-08-01 09:46:49 AM,1426.5,0,0.0,480965505.8
2025-08-01 09:46:49 AM,1427.1,116,165543.59999999998,481131049.40000004
2025-08-01 09:46:51 AM,1425.9,200,285180.0,481416229.40000004
2025-08-01 09:46:51 AM,1426.2,1,1426.2,481417655.6
2025-08-01 09:46:53 AM,1426.2,2,2852.4,481420508.0
2025-08-01 09:46:54 AM,1427.0,150,214050.0,481634558.0
2025-08-01 09:46:54 AM,1426.7,41,58494.700000000004,481693052.7
2025-08-01 09:46:55 AM,1426.8,8,11414.4,481704467.09999996
2025-08-01 09:46:57 AM,1426.8,6,8560.8,481713027.9
2025-08-01 09:47:00 AM,1426.8,30,42804.0,481755831.9
2025-08-01 09:47:02 AM,1426.2,40,57048.0,481812879.9
2025-08-01 09:47:03 AM,1426.7,3,4280.1,481817160.0
2025-08-01 09:47:03 AM,1426.7,15,21400.5,481838560.5
2025-08-01 09:47:04 AM,1426.0,359,511934.0,482350494.5
2025-08-01 09:47:04 AM,1425.7,0,0.0,482350494.5
2025-08-01 09:47:05 AM,1425.7,141,201023.7,482551518.2
2025-08-01 09:47:06 AM,1426.2,0,0.0,482551518.2
2025-08-01 09:47:06 AM,1426.2,1,1426.2,482552944.4
2025-08-01 09:47:06 AM,1426.3,15,21394.5,482574338.9
2025-08-01 09:47:10 AM,1426.0,40,57040.0,482631378.9
2025-08-01 09:47:12 AM,1426.0,2,2852.0,482634230.9
2025-08-01 09:47:12 AM,1425.9,796,1135016.4000000001,483769247.29999995
2025-08-01 09:47:18 AM,1425.0,2,2850.0,483772097.29999995
2025-08-01 09:47:18 AM,1425.4,0,0.0,483772097.29999995
2025-08-01 09:47:19 AM,1425.4,2,2850.8,483774948.09999996
2025-08-01 09:47:20 AM,1425.0,1,1425.0,483776373.09999996
2025-08-01 09:47:22 AM,1425.0,200,285000.0,484061373.09999996
2025-08-01 09:47:23 AM,1424.5,1,1424.5,484062797.59999996
2025-08-01 09:47:24 AM,1425.0,0,0.0,484062797.59999996
2025-08-01 09:47:25 AM,1425.0,57,81225.0,484144022.59999996
2025-08-01 09:47:27 AM,1424.6,2,2849.2,484146871.79999995
2025-08-01 09:47:34 AM,1424.1,100,142410.0,484289281.79999995
2025-08-01 09:47:38 AM,1425.2,0,0.0,484289281.79999995
2025-08-01 09:47:39 AM,1425.2,49,69834.8,484359116.59999996
2025-08-01 09:47:46 AM,1425.3,322,458946.6,484818063.2
2025-08-01 09:47:48 AM,1425.1,0,0.0,484818063.2
2025-08-01 09:47:49 AM,1425.8,9,12832.199999999999,484830895.4
2025-08-01 09:47:50 AM,1425.8,36,51328.799999999996,484882224.2
2025-08-01 09:47:53 AM,1424.9,0,0.0,484882224.2
2025-08-01 09:47:54 AM,1424.9,1,1424.9,484883649.09999996
2025-08-01 09:47:55 AM,1424.9,1,1424.9,484885073.99999994
2025-08-01 09:48:01 AM,1424.9,50,71245.0,484956318.99999994
2025-08-01 09:48:02 AM,1424.4,50,71220.0,485027538.99999994
2025-08-01 09:48:04 AM,1424.1,5,7120.5,485034659.49999994
2025-08-01 09:48:09 AM,1424.1,1,1424.1,485036083.59999996
2025-08-01 09:48:10 AM,1424.1,49,69780.9,485105864.49999994
2025-08-01 09:48:11 AM,1424.6,0,0.0,485105864.49999994
2025-08-01 09:48:12 AM,1424.6,2,2849.2,485108713.6999999
2025-08-01 09:48:13 AM,1424.9,0,0.0,485108713.6999999
2025-08-01 09:48:14 AM,1424.9,1,1424.9,485110138.5999999
2025-08-01 09:48:15 AM,1424.9,10,14249.0,485124387.5999999
2025-08-01 09:48:18 AM,1425.4,93,132562.2,485256949.7999999
2025-08-01 09:48:22 AM,1425.8,0,0.0,485256949.7999999
2025-08-01 09:48:23 AM,1425.8,2,2851.6,485259801.3999999
2025-08-01 09:48:23 AM,1426.1,0,0.0,485259801.3999999
2025-08-01 09:48:24 AM,1426.3,259,369411.7,485629213.0999999
2025-08-01 09:48:24 AM,1426.5,0,0.0,485629213.0999999
2025-08-01 09:48:25 AM,1426.5,76,108414.0,485737627.0999999
2025-08-01 09:48:25 AM,1426.8,1,1426.8,485739053.8999999
2025-08-01 09:48:26 AM,1426.9,28,39953.200000000004,485779007.0999999
2025-08-01 09:48:27 AM,1426.9,7,9988.300000000001,485788995.3999999
2025-08-01 09:48:31 AM,1426.9,50,71345.0,485860340.3999999
2025-08-01 09:48:37 AM,1426.9,5,7134.5,485867474.8999999
2025-08-01 09:48:37 AM,1426.8,1,1426.8,485868901.6999999
2025-08-01 09:48:38 AM,1426.9,0,0.0,485868901.6999999
2025-08-01 09:48:39 AM,1426.9,9,12842.1,485881743.79999995
2025-08-01 09:48:40 AM,1426.9,1,1426.9,485883170.6999999
2025-08-01 09:48:41 AM,1427.5,0,0.0,485883170.6999999
2025-08-01 09:48:42 AM,1427.5,841,1200527.5,487083698.1999999
2025-08-01 09:48:46 AM,1427.8,0,0.0,487083698.1999999
2025-08-01 09:48:47 AM,1427.8,9,12850.199999999999,487096548.3999999
2025-08-01 09:48:48 AM,1427.8,3,4283.4,487100831.7999999
2025-08-01 09:48:49 AM,1427.8,425,606815.0,487707646.7999999
2025-08-01 09:48:50 AM,1426.5,6,8559.0,487716205.7999999
2025-08-01 09:48:51 AM,1426.9,0,0.0,487716205.7999999
2025-08-01 09:48:51 AM,1426.9,30,42807.0,487759012.7999999
2025-08-01 09:48:53 AM,1426.8,0,0.0,487759012.7999999
2025-08-01 09:48:54 AM,1426.8,25,35670.0,487794682.7999999
2025-08-01 09:48:54 AM,1427.0,0,0.0,487794682.7999999
2025-08-01 09:48:55 AM,1427.0,5,7135.0,487801817.7999999
2025-08-01 09:48:56 AM,1427.0,9,12843.0,487814660.7999999
2025-08-01 09:48:56 AM,1426.8,10,14268.0,487828928.7999999
2025-08-01 09:48:57 AM,1426.7,0,0.0,487828928.7999999
2025-08-01 09:48:58 AM,1426.7,120,171204.0,488000132.7999999
2025-08-01 09:49:01 AM,1426.6,0,0.0,488000132.7999999
2025-08-01 09:49:02 AM,1426.6,4,5706.4,488005839.19999987
2025-08-01 09:49:03 AM,1426.6,1,1426.6,488007265.7999999
2025-08-01 09:49:04 AM,1426.6,34,48504.399999999994,488055770.19999987
2025-08-01 09:49:07 AM,1426.6,1,1426.6,488057196.7999999
2025-08-01 09:49:08 AM,1426.6,1,1426.6,488058623.3999999
2025-08-01 09:49:10 AM,1426.0,0,0.0,488058623.3999999
2025-08-01 09:49:11 AM,1426.0,13,18538.0,488077161.3999999
2025-08-01 09:49:11 AM,1426.6,0,0.0,488077161.3999999
2025-08-01 09:49:12 AM,1426.6,20,28532.0,488105693.3999999
2025-08-01 09:49:12 AM,1426.9,0,0.0,488105693.3999999
2025-08-01 09:49:13 AM,1426.9,1,1426.9,488107120.2999999
2025-08-01 09:49:14 AM,1426.0,25,35650.0,488142770.2999999
2025-08-01 09:49:14 AM,1426.1,0,0.0,488142770.2999999
2025-08-01 09:49:15 AM,1426.1,1,1426.1,488144196.3999999
2025-08-01 09:49:17 AM,1426.6,0,0.0,488144196.3999999
2025-08-01 09:49:18 AM,1426.6,2,2853.2,488147049.5999999
2025-08-01 09:49:23 AM,1426.0,0,0.0,488147049.5999999
2025-08-01 09:49:23 AM,1426.0,2,2852.0,488149901.5999999
2025-08-01 09:49:25 AM,1426.5,0,0.0,488149901.5999999
2025-08-01 09:49:26 AM,1426.5,20,28530.0,488178431.5999999
2025-08-01 09:49:29 AM,1426.5,42,59913.0,488238344.5999999
2025-08-01 09:49:31 AM,1425.9,0,0.0,488238344.5999999
2025-08-01 09:49:32 AM,1425.9,90,128331.00000000001,488366675.5999999
2025-08-01 09:49:32 AM,1426.5,0,0.0,488366675.5999999
2025-08-01 09:49:33 AM,1426.5,1,1426.5,488368102.0999999
2025-08-01 09:49:33 AM,1426.1,0,0.0,488368102.0999999
2025-08-01 09:49:34 AM,1426.1,5,7130.5,488375232.5999999
2025-08-01 09:49:34 AM,1426.5,0,0.0,488375232.5999999
2025-08-01 09:49:35 AM,1426.5,13,18544.5,488393777.0999999
2025-08-01 09:49:36 AM,1426.4,20,28528.0,488422305.0999999
2025-08-01 09:49:37 AM,1426.5,0,0.0,488422305.0999999
2025-08-01 09:49:37 AM,1426.5,1,1426.5,488423731.5999999
2025-08-01 09:49:37 AM,1427.2,0,0.0,488423731.5999999
2025-08-01 09:49:38 AM,1427.3,0,0.0,488423731.5999999
2025-08-01 09:49:38 AM,1427.3,430,613739.0,489037470.5999999
2025-08-01 09:49:41 AM,1426.5,1,1426.5,489038897.0999999
2025-08-01 09:49:41 AM,1426.5,29,41368.5,489080265.5999999
2025-08-01 09:49:41 AM,1427.0,0,0.0,489080265.5999999
2025-08-01 09:49:42 AM,1427.0,5,7135.0,489087400.5999999
2025-08-01 09:49:45 AM,1427.0,2,2854.0,489090254.5999999
2025-08-01 09:49:47 AM,1426.9,0,0.0,489090254.5999999
2025-08-01 09:49:47 AM,1426.9,1,1426.9,489091681.4999999
2025-08-01 09:49:47 AM,1427.0,0,0.0,489091681.4999999
2025-08-01 09:49:48 AM,1427.0,5,7135.0,489098816.4999999
2025-08-01 09:49:49 AM,1427.2,9,12844.800000000001,489111661.2999999
2025-08-01 09:49:50 AM,1427.2,27,38534.4,489150195.69999987
2025-08-01 09:49:50 AM,1427.7,0,0.0,489150195.69999987
2025-08-01 09:49:51 AM,1426.9,260,370994.0,489521189.69999987
2025-08-01 09:49:52 AM,1426.4,0,0.0,489521189.69999987
2025-08-01 09:49:52 AM,1426.4,314,447889.60000000003,489969079.2999999
2025-08-01 09:49:55 AM,1426.4,25,35660.0,490004739.2999999
2025-08-01 09:49:55 AM,1426.4,2,2852.8,490007592.0999999
2025-08-01 09:49:56 AM,1426.4,173,246767.2,490254359.2999999
2025-08-01 09:49:56 AM,1426.9,0,0.0,490254359.2999999
2025-08-01 09:49:57 AM,1426.9,1,1426.9,490255786.19999987
2025-08-01 09:49:58 AM,1426.9,118,168374.2,490424160.39999986
2025-08-01 09:49:59 AM,1426.9,1,1426.9,490425587.29999983
2025-08-01 09:50:06 AM,1426.9,63,89894.70000000001,490515481.9999998
2025-08-01 09:50:08 AM,1427.1,0,0.0,490515481.9999998
2025-08-01 09:50:09 AM,1427.1,20,28542.0,490544023.9999998
2025-08-01 09:50:11 AM,1426.5,0,0.0,490544023.9999998
2025-08-01 09:50:12 AM,1426.5,1,1426.5,490545450.4999998
2025-08-01 09:50:14 AM,1426.6,0,0.0,490545450.4999998
2025-08-01 09:50:15 AM,1426.3,311,443579.3,490989029.79999983
2025-08-01 09:50:19 AM,1425.8,7,9980.6,490999010.39999986
2025-08-01 09:50:20 AM,1426.0,0,0.0,490999010.39999986
2025-08-01 09:50:22 AM,1426.0,22,31372.0,491030382.39999986
2025-08-01 09:50:26 AM,1425.9,0,0.0,491030382.39999986
2025-08-01 09:50:28 AM,1425.9,20,28518.0,491058900.39999986
2025-08-01 09:50:34 AM,1425.7,0,0.0,491058900.39999986
2025-08-01 09:50:34 AM,1425.7,1,1425.7,491060326.09999985
2025-08-01 09:50:37 AM,1425.3,0,0.0,491060326.09999985
2025-08-01 09:50:37 AM,1425.3,5,7126.5,491067452.59999985
2025-08-01 09:50:38 AM,1425.2,0,0.0,491067452.59999985
2025-08-01 09:50:40 AM,1425.2,43,61283.6,491128736.19999987
2025-08-01 09:50:41 AM,1425.7,0,0.0,491128736.19999987
2025-08-01 09:50:44 AM,1425.7,17,24236.9,491152973.09999985
2025-08-01 09:50:50 AM,1425.3,3,4275.9,491157248.9999998
2025-08-01 09:50:56 AM,1425.0,50,71250.0,491228498.9999998
2025-08-01 09:50:58 AM,1425.0,141,200925.0,491429423.9999998
2025-08-01 09:51:04 AM,1427.0,0,0.0,491429423.9999998
2025-08-01 09:51:04 AM,1427.4,510,727974.0,492157397.9999998
2025-08-01 09:51:05 AM,1426.3,0,0.0,492157397.9999998
2025-08-01 09:51:08 AM,1427.0,0,0.0,492157397.9999998
2025-08-01 09:51:09 AM,1427.1,1085,1548403.5,493705801.4999998
2025-08-01 09:51:12 AM,1426.9,0,0.0,493705801.4999998
2025-08-01 09:51:13 AM,1427.1,0,0.0,493705801.4999998
2025-08-01 09:51:15 AM,1427.0,435,620745.0,494326546.4999998
2025-08-01 09:51:20 AM,1427.5,0,0.0,494326546.4999998
2025-08-01 09:51:21 AM,1427.5,119,169872.5,494496418.9999998
2025-08-01 09:51:23 AM,1427.8,213,304121.39999999997,494800540.3999998
2025-08-01 09:51:27 AM,1427.7,0,0.0,494800540.3999998
2025-08-01 09:51:28 AM,1428.3,594,848410.2,495648950.5999998
2025-08-01 09:51:28 AM,1428.6,0,0.0,495648950.5999998
2025-08-01 09:51:30 AM,1428.8,54,77155.2,495726105.7999998
2025-08-01 09:51:31 AM,1428.6,0,0.0,495726105.7999998
2025-08-01 09:51:34 AM,1428.6,17,24286.199999999997,495750391.99999976
2025-08-01 09:51:35 AM,1428.9,0,0.0,495750391.99999976
2025-08-01 09:51:36 AM,1428.6,125,178575.0,495928966.99999976
2025-08-01 09:51:39 AM,1429.0,0,0.0,495928966.99999976
2025-08-01 09:51:40 AM,1428.7,122,174301.4,496103268.39999974
2025-08-01 09:51:42 AM,1428.6,0,0.0,496103268.39999974
2025-08-01 09:51:43 AM,1428.6,50,71430.0,496174698.39999974
2025-08-01 09:51:44 AM,1429.0,0,0.0,496174698.39999974
2025-08-01 09:51:45 AM,1428.6,0,0.0,496174698.39999974
2025-08-01 09:51:47 AM,1428.6,120,171432.0,496346130.39999974
2025-08-01 09:51:49 AM,1428.6,60,85716.0,496431846.39999974
2025-08-01 09:51:51 AM,1428.9,0,0.0,496431846.39999974
2025-08-01 09:51:53 AM,1428.8,259,370059.2,496801905.5999997
2025-08-01 09:51:55 AM,1428.8,181,258612.8,497060518.39999974
2025-08-01 09:51:59 AM,1428.6,58,82858.79999999999,497143377.19999975
2025-08-01 09:51:59 AM,1429.0,0,0.0,497143377.19999975
2025-08-01 09:52:01 AM,1428.7,0,0.0,497143377.19999975
2025-08-01 09:52:01 AM,1428.7,5,7143.5,497150520.69999975
2025-08-01 09:52:04 AM,1428.7,67,95722.90000000001,497246243.5999997
2025-08-01 09:52:07 AM,1428.8,494,705827.2,497952070.7999997
2025-08-01 09:52:10 AM,1429.3,0,0.0,497952070.7999997
2025-08-01 09:52:11 AM,1429.3,7,10005.1,497962075.89999974
2025-08-01 09:52:13 AM,1428.8,0,0.0,497962075.89999974
2025-08-01 09:52:13 AM,1428.8,856,1223052.8,499185128.69999975
2025-08-01 09:52:16 AM,1428.7,0,0.0,499185128.69999975
2025-08-01 09:52:17 AM,1428.7,47,67148.90000000001,499252277.5999997
2025-08-01 09:52:20 AM,1428.7,16,22859.2,499275136.7999997
2025-08-01 09:52:23 AM,1428.7,2,2857.4,499277994.1999997
2025-08-01 09:52:25 AM,1428.6,0,0.0,499277994.1999997
2025-08-01 09:52:26 AM,1428.6,6,8571.599999999999,499286565.7999997
2025-08-01 09:52:28 AM,1428.7,0,0.0,499286565.7999997
2025-08-01 09:52:28 AM,1428.6,0,0.0,499286565.7999997
2025-08-01 09:52:29 AM,1428.6,38,54286.799999999996,499340852.5999997
2025-08-01 09:52:31 AM,1428.4,0,0.0,499340852.5999997
2025-08-01 09:52:31 AM,1429.1,0,0.0,499340852.5999997
2025-08-01 09:52:32 AM,1429.1,136,194357.59999999998,499535210.19999975
2025-08-01 09:52:34 AM,1429.2,0,0.0,499535210.19999975
2025-08-01 09:52:34 AM,1429.5,0,0.0,499535210.19999975
2025-08-01 09:52:35 AM,1429.6,1908,2727676.8,502262886.99999976
2025-08-01 09:52:37 AM,1429.4,0,0.0,502262886.99999976
2025-08-01 09:52:38 AM,1429.4,128,182963.2,502445850.19999975
2025-08-01 09:52:40 AM,1430.3,0,0.0,502445850.19999975
2025-08-01 09:52:40 AM,1429.5,0,0.0,502445850.19999975
2025-08-01 09:52:41 AM,1429.5,159,227290.5,502673140.69999975
2025-08-01 09:52:43 AM,1428.9,0,0.0,502673140.69999975
2025-08-01 09:52:44 AM,1428.8,361,515796.8,503188937.49999976
2025-08-01 09:52:47 AM,1428.8,20,28576.0,503217513.49999976
2025-08-01 09:52:50 AM,1428.8,66,94300.8,503311814.2999998
2025-08-01 09:53:00 AM,1428.2,70,99974.0,503411788.2999998
2025-08-01 09:53:01 AM,1429.0,1,1429.0,503413217.2999998
2025-08-01 09:53:04 AM,1428.9,0,0.0,503413217.2999998
2025-08-01 09:53:05 AM,1428.9,50,71445.0,503484662.2999998
2025-08-01 09:53:07 AM,1428.2,150,214230.0,503698892.2999998
2025-08-01 09:53:08 AM,1428.9,2,2857.8,503701750.0999998
2025-08-01 09:53:10 AM,1428.7,45,64291.5,503766041.5999998
2025-08-01 09:53:10 AM,1428.8,6,8572.8,503774614.3999998
2025-08-01 09:53:11 AM,1429.0,300,428700.0,504203314.3999998
2025-08-01 09:53:12 AM,1430.9,737,1054573.3,505257887.6999998
2025-08-01 09:53:14 AM,1430.3,11,15733.3,505273620.9999998
2025-08-01 09:53:15 AM,1430.3,18,25745.399999999998,505299366.3999998
2025-08-01 09:53:16 AM,1430.6,29,41487.399999999994,505340853.7999998
2025-08-01 09:53:16 AM,1429.7,0,0.0,505340853.7999998
2025-08-01 09:53:17 AM,1429.7,517,739154.9,506080008.69999975
2025-08-01 09:53:22 AM,1429.3,0,0.0,506080008.69999975
2025-08-01 09:53:23 AM,1429.3,3,4287.9,506084296.5999997
2025-08-01 09:53:23 AM,1429.0,0,0.0,506084296.5999997
2025-08-01 09:53:24 AM,1429.0,71,101459.0,506185755.5999997
2025-08-01 09:53:24 AM,1429.3,14,20010.2,506205765.7999997
2025-08-01 09:53:28 AM,1429.0,0,0.0,506205765.7999997
2025-08-01 09:53:28 AM,1429.0,230,328670.0,506534435.7999997
2025-08-01 09:53:30 AM,1429.1,0,0.0,506534435.7999997
2025-08-01 09:53:30 AM,1429.1,1,1429.1,506535864.89999974
2025-08-01 09:53:32 AM,1429.1,100,142910.0,506678774.89999974
2025-08-01 09:53:34 AM,1429.3,618,883307.4,507562082.2999997
2025-08-01 09:53:35 AM,1429.1,14,20007.399999999998,507582089.6999997
2025-08-01 09:53:37 AM,1429.2,100,142920.0,507725009.6999997
2025-08-01 09:53:38 AM,1429.1,0,0.0,507725009.6999997
2025-08-01 09:53:39 AM,1429.1,3,4287.299999999999,507729296.9999997
2025-08-01 09:53:40 AM,1428.5,0,0.0,507729296.9999997
2025-08-01 09:53:40 AM,1428.5,25,35712.5,507765009.4999997
2025-08-01 09:53:41 AM,1428.7,0,0.0,507765009.4999997
2025-08-01 09:53:41 AM,1428.7,20,28574.0,507793583.4999997
2025-08-01 09:53:43 AM,1428.0,100,142800.0,507936383.4999997
2025-08-01 09:53:45 AM,1427.8,440,628232.0,508564615.4999997
2025-08-01 09:53:49 AM,1429.1,0,0.0,508564615.4999997
2025-08-01 09:53:50 AM,1429.1,8,11432.8,508576048.2999997
2025-08-01 09:53:50 AM,1428.9,15,21433.5,508597481.7999997
2025-08-01 09:53:52 AM,1429.0,425,607325.0,509204806.7999997
2025-08-01 09:53:57 AM,1429.1,0,0.0,509204806.7999997
2025-08-01 09:53:57 AM,1429.1,150,214365.0,509419171.7999997
2025-08-01 09:53:58 AM,1429.0,0,0.0,509419171.7999997
2025-08-01 09:53:59 AM,1429.0,31,44299.0,509463470.7999997
2025-08-01 09:53:59 AM,1429.3,0,0.0,509463470.7999997
2025-08-01 09:54:00 AM,1429.3,108,154364.4,509617835.1999997
2025-08-01 09:54:01 AM,1428.2,0,0.0,509617835.1999997
2025-08-01 09:54:02 AM,1428.2,165,235653.0,509853488.1999997
2025-08-01 09:54:03 AM,1428.3,0,0.0,509853488.1999997
2025-08-01 09:54:04 AM,1428.3,5,7141.5,509860629.6999997
2025-08-01 09:54:06 AM,1427.5,0,0.0,509860629.6999997
2025-08-01 09:54:07 AM,1427.5,10,14275.0,509874904.6999997
2025-08-01 09:54:07 AM,1428.3,0,0.0,509874904.6999997
2025-08-01 09:54:08 AM,1428.3,269,384212.7,510259117.3999997
2025-08-01 09:54:08 AM,1428.9,0,0.0,510259117.3999997
2025-08-01 09:54:09 AM,1428.9,10,14289.0,510273406.3999997
2025-08-01 09:54:09 AM,1428.3,2,2856.6,510276262.9999997
2025-08-01 09:54:09 AM,1428.9,0,0.0,510276262.9999997
2025-08-01 09:54:10 AM,1428.3,6,8569.8,510284832.7999997
2025-08-01 09:54:10 AM,1428.9,7,10002.300000000001,510294835.0999997
2025-08-01 09:54:19 AM,1428.3,0,0.0,510294835.0999997
2025-08-01 09:54:20 AM,1428.3,162,231384.6,510526219.69999975
2025-08-01 09:54:20 AM,1428.4,5,7142.0,510533361.69999975
2025-08-01 09:54:22 AM,1427.8,0,0.0,510533361.69999975
2025-08-01 09:54:23 AM,1427.8,138,197036.4,510730398.0999997
2025-08-01 09:54:26 AM,1428.3,0,0.0,510730398.0999997
2025-08-01 09:54:27 AM,1428.3,2,2856.6,510733254.69999975
2025-08-01 09:54:28 AM,1428.3,17,24281.1,510757535.7999998
2025-08-01 09:54:29 AM,1427.8,6,8566.8,510766102.5999998
2025-08-01 09:54:38 AM,1427.9,2,2855.8,510768958.3999998
2025-08-01 09:54:39 AM,1428.4,0,0.0,510768958.3999998
2025-08-01 09:54:39 AM,1428.4,50,71420.0,510840378.3999998
2025-08-01 09:54:39 AM,1428.0,0,0.0,510840378.3999998
2025-08-01 09:54:40 AM,1428.0,6,8568.0,510848946.3999998
2025-08-01 09:54:43 AM,1428.0,3,4284.0,510853230.3999998
2025-08-01 09:54:48 AM,1428.0,2,2856.0,510856086.3999998
2025-08-01 09:54:51 AM,1428.0,25,35700.0,510891786.3999998
2025-08-01 09:54:51 AM,1427.8,122,174191.6,511065977.9999998
2025-08-01 09:54:58 AM,1427.3,0,0.0,511065977.9999998
2025-08-01 09:54:59 AM,1427.3,35,49955.5,511115933.4999998
2025-08-01 09:55:01 AM,1427.4,0,0.0,511115933.4999998
2025-08-01 09:55:02 AM,1427.4,5,7137.0,511123070.4999998
2025-08-01 09:55:02 AM,1427.4,1,1427.4,511124497.8999998
2025-08-01 09:55:06 AM,1427.2,35,49952.0,511174449.8999998
2025-08-01 09:55:09 AM,1427.2,100,142720.0,511317169.8999998
2025-08-01 09:55:10 AM,1427.9,1,1427.9,511318597.7999998
2025-08-01 09:55:11 AM,1427.2,0,0.0,511318597.7999998
2025-08-01 09:55:12 AM,1427.2,70,99904.0,511418501.7999998
2025-08-01 09:55:14 AM,1427.9,3,4283.700000000001,511422785.49999976
2025-08-01 09:55:15 AM,1427.3,35,49955.5,511472740.99999976
2025-08-01 09:55:16 AM,1427.3,1,1427.3,511474168.2999998
2025-08-01 09:55:17 AM,1427.9,0,0.0,511474168.2999998
2025-08-01 09:55:18 AM,1427.9,1,1427.9,511475596.19999975
2025-08-01 09:55:18 AM,1427.3,1098,1567175.4,513042771.5999997
2025-08-01 09:55:19 AM,1427.2,0,0.0,513042771.5999997
2025-08-01 09:55:19 AM,1427.2,83,118457.6,513161229.19999975
2025-08-01 09:55:20 AM,1426.9,153,218315.7,513379544.89999974
2025-08-01 09:55:21 AM,1427.3,0,0.0,513379544.89999974
2025-08-01 09:55:21 AM,1427.3,2,2854.6,513382399.49999976
2025-08-01 09:55:22 AM,1427.0,0,0.0,513382399.49999976
2025-08-01 09:55:22 AM,1427.3,74,105620.2,513488019.69999975
2025-08-01 09:55:23 AM,1427.8,20,28556.0,513516575.69999975
2025-08-01 09:55:24 AM,1427.8,5,7139.0,513523714.69999975
2025-08-01 09:55:25 AM,1427.3,40,57092.0,513580806.69999975
2025-08-01 09:55:26 AM,1427.3,355,506691.5,514087498.19999975
2025-08-01 09:55:28 AM,1427.2,0,0.0,514087498.19999975
2025-08-01 09:55:28 AM,1427.2,5,7136.0,514094634.19999975
2025-08-01 09:55:28 AM,1426.4,23,32807.200000000004,514127441.39999974
2025-08-01 09:55:34 AM,1426.6,108,154072.8,514281514.19999975
2025-08-01 09:55:35 AM,1427.1,0,0.0,514281514.19999975
2025-08-01 09:55:35 AM,1427.1,100,142710.0,514424224.19999975
2025-08-01 09:55:37 AM,1427.3,0,0.0,514424224.19999975
2025-08-01 09:55:37 AM,1427.3,94,134166.19999999998,514558390.39999974
2025-08-01 09:55:39 AM,1427.3,3,4281.9,514562672.2999997
2025-08-01 09:55:44 AM,1427.1,20,28542.0,514591214.2999997
2025-08-01 09:55:46 AM,1427.3,0,0.0,514591214.2999997
2025-08-01 09:55:46 AM,1427.3,96,137020.8,514728235.0999997
2025-08-01 09:55:47 AM,1427.3,10,14273.0,514742508.0999997
2025-08-01 09:55:48 AM,1427.1,0,0.0,514742508.0999997
2025-08-01 09:55:48 AM,1427.1,34,48521.399999999994,514791029.4999997
2025-08-01 09:55:50 AM,1427.1,1,1427.1,514792456.5999997
2025-08-01 09:55:51 AM,1427.3,0,0.0,514792456.5999997
2025-08-01 09:55:51 AM,1427.3,7,9991.1,514802447.69999975
2025-08-01 09:55:53 AM,1427.3,1,1427.3,514803874.99999976
2025-08-01 09:55:56 AM,1427.1,190,271149.0,515075023.99999976
2025-08-01 09:55:59 AM,1426.1,8,11408.8,515086432.7999998
2025-08-01 09:56:03 AM,1427.0,0,0.0,515086432.7999998
2025-08-01 09:56:03 AM,1427.0,5,7135.0,515093567.7999998
2025-08-01 09:56:09 AM,1426.1,34,48487.399999999994,515142055.19999975
2025-08-01 09:56:11 AM,1426.3,0,0.0,515142055.19999975
2025-08-01 09:56:15 AM,1426.3,10,14263.0,515156318.19999975
2025-08-01 09:56:15 AM,1426.1,2,2852.2,515159170.39999974
2025-08-01 09:56:21 AM,1426.1,105,149740.5,515308910.89999974
2025-08-01 09:56:23 AM,1426.4,0,0.0,515308910.89999974
2025-08-01 09:56:24 AM,1426.9,0,0.0,515308910.89999974
2025-08-01 09:56:27 AM,1426.9,645,920350.5000000001,516229261.39999974
2025-08-01 09:56:29 AM,1427.0,0,0.0,516229261.39999974
2025-08-01 09:56:32 AM,1427.0,314,448078.0,516677339.39999974
2025-08-01 09:56:35 AM,1427.1,0,0.0,516677339.39999974
2025-08-01 09:56:38 AM,1427.0,0,0.0,516677339.39999974
2025-08-01 09:56:38 AM,1426.9,64,91321.6,516768660.99999976
2025-08-01 09:56:43 AM,1427.1,0,0.0,516768660.99999976
2025-08-01 09:56:44 AM,1426.4,371,529194.4,517297855.39999974
2025-08-01 09:56:48 AM,1426.5,0,0.0,517297855.39999974
2025-08-01 09:56:51 AM,1426.0,109,155434.0,517453289.39999974
2025-08-01 09:56:56 AM,1425.1,0,0.0,517453289.39999974
2025-08-01 09:56:56 AM,1425.1,353,503060.3,517956349.69999975
2025-08-01 09:56:58 AM,1425.1,2,2850.2,517959199.89999974
2025-08-01 09:57:01 AM,1425.1,869,1238411.9,519197611.7999997
2025-08-01 09:57:04 AM,1425.7,38,54176.6,519251788.39999974
2025-08-01 09:57:07 AM,1425.0,6,8550.0,519260338.39999974
2025-08-01 09:57:08 AM,1425.0,5,7125.0,519267463.39999974
2025-08-01 09:57:10 AM,1425.7,0,0.0,519267463.39999974
2025-08-01 09:57:10 AM,1425.7,104,148272.80000000002,519415736.19999975
2025-08-01 09:57:11 AM,1425.0,34,48450.0,519464186.19999975
2025-08-01 09:57:12 AM,1425.5,3,4276.5,519468462.69999975
2025-08-01 09:57:15 AM,1425.2,0,0.0,519468462.69999975
2025-08-01 09:57:15 AM,1425.2,10,14252.0,519482714.69999975
2025-08-01 09:57:19 AM,1425.2,4,5700.8,519488415.49999976
2025-08-01 09:57:20 AM,1425.5,0,0.0,519488415.49999976
2025-08-01 09:57:20 AM,1425.5,50,71275.0,519559690.49999976
2025-08-01 09:57:21 AM,1425.0,0,0.0,519559690.49999976
2025-08-01 09:57:21 AM,1425.0,52,74100.0,519633790.49999976
2025-08-01 09:57:22 AM,1425.7,0,0.0,519633790.49999976
2025-08-01 09:57:22 AM,1425.7,2,2851.4,519636641.89999974
2025-08-01 09:57:23 AM,1425.0,0,0.0,519636641.89999974
2025-08-01 09:57:23 AM,1425.0,30,42750.0,519679391.89999974
2025-08-01 09:57:24 AM,1425.4,2,2850.8,519682242.69999975
2025-08-01 09:57:26 AM,1425.0,17,24225.0,519706467.69999975
2025-08-01 09:57:28 AM,1425.0,19,27075.0,519733542.69999975
2025-08-01 09:57:29 AM,1425.1,1,1425.1,519734967.7999998
2025-08-01 09:57:32 AM,1424.6,30,42738.0,519777705.7999998
2025-08-01 09:57:35 AM,1424.2,18,25635.600000000002,519803341.3999998
2025-08-01 09:57:35 AM,1424.2,20,28484.0,519831825.3999998
2025-08-01 09:57:38 AM,1424.0,0,0.0,519831825.3999998
2025-08-01 09:57:38 AM,1424.0,164,233536.0,520065361.3999998
2025-08-01 09:57:39 AM,1424.6,0,0.0,520065361.3999998
2025-08-01 09:57:39 AM,1424.6,30,42738.0,520108099.3999998
2025-08-01 09:57:42 AM,1424.6,3,4273.799999999999,520112373.1999998
2025-08-01 09:57:43 AM,1424.6,4,5698.4,520118071.5999998
2025-08-01 09:57:47 AM,1424.6,1,1424.6,520119496.1999998
2025-08-01 09:57:48 AM,1424.7,0,0.0,520119496.1999998
2025-08-01 09:57:48 AM,1424.7,11,15671.7,520135167.8999998
2025-08-01 09:57:55 AM,1424.0,0,0.0,520135167.8999998
2025-08-01 09:57:55 AM,1424.0,6,8544.0,520143711.8999998
2025-08-01 09:57:55 AM,1424.1,31,44147.1,520187858.9999998
2025-08-01 09:57:57 AM,1424.1,11,15665.099999999999,520203524.09999985
2025-08-01 09:57:59 AM,1424.6,1,1424.6,520204948.69999987
2025-08-01 09:58:01 AM,1423.1,1210,1721951.0,521926899.69999987
2025-08-01 09:58:05 AM,1423.1,1,1423.1,521928322.7999999
2025-08-01 09:58:08 AM,1423.9,0,0.0,521928322.7999999
2025-08-01 09:58:08 AM,1423.9,100,142390.0,522070712.7999999
2025-08-01 09:58:08 AM,1423.1,30,42693.0,522113405.7999999
2025-08-01 09:58:11 AM,1423.9,0,0.0,522113405.7999999
2025-08-01 09:58:11 AM,1423.1,10,14231.0,522127636.7999999
2025-08-01 09:58:12 AM,1423.8,6,8542.8,522136179.5999999
2025-08-01 09:58:14 AM,1423.1,50,71155.0,522207334.5999999
2025-08-01 09:58:15 AM,1423.0,0,0.0,522207334.5999999
2025-08-01 09:58:15 AM,1423.0,78,110994.0,522318328.5999999
2025-08-01 09:58:17 AM,1423.7,0,0.0,522318328.5999999
2025-08-01 09:58:17 AM,1423.7,13,18508.100000000002,522336836.6999999
2025-08-01 09:58:18 AM,1423.7,1,1423.7,522338260.3999999
2025-08-01 09:58:23 AM,1423.7,1,1423.7,522339684.0999999
2025-08-01 09:58:24 AM,1423.1,8,11384.8,522351068.8999999
2025-08-01 09:58:30 AM,1423.0,0,0.0,522351068.8999999
2025-08-01 09:58:30 AM,1423.0,231,328713.0,522679781.8999999
2025-08-01 09:58:32 AM,1423.4,0,0.0,522679781.8999999
2025-08-01 09:58:32 AM,1423.4,181,257635.40000000002,522937417.2999999
2025-08-01 09:58:33 AM,1422.2,0,0.0,522937417.2999999
2025-08-01 09:58:33 AM,1422.2,92,130842.40000000001,523068259.69999987
2025-08-01 09:58:34 AM,1423.3,50,71165.0,523139424.69999987
2025-08-01 09:58:40 AM,1422.6,36,51213.6,523190638.2999999
2025-08-01 09:58:41 AM,1422.3,11,15645.3,523206283.5999999
2025-08-01 09:58:41 AM,1423.3,15,21349.5,523227633.0999999
2025-08-01 09:58:42 AM,1422.5,58,82505.0,523310138.0999999
2025-08-01 09:58:44 AM,1422.2,0,0.0,523310138.0999999
2025-08-01 09:58:44 AM,1422.2,125,177775.0,523487913.0999999
2025-08-01 09:58:45 AM,1422.1,0,0.0,523487913.0999999
2025-08-01 09:58:45 AM,1422.1,310,440851.0,523928764.0999999
2025-08-01 09:58:49 AM,1422.3,0,0.0,523928764.0999999
2025-08-01 09:58:49 AM,1422.3,51,72537.3,524001301.3999999
2025-08-01 09:58:51 AM,1422.0,0,0.0,524001301.3999999
2025-08-01 09:58:51 AM,1422.0,300,426600.0,524427901.3999999
2025-08-01 09:58:51 AM,1422.3,5,7111.5,524435012.8999999
2025-08-01 09:58:52 AM,1422.0,0,0.0,524435012.8999999
2025-08-01 09:58:52 AM,1422.0,31,44082.0,524479094.8999999
2025-08-01 09:58:53 AM,1422.3,0,0.0,524479094.8999999
2025-08-01 09:58:53 AM,1422.3,8,11378.4,524490473.2999999
2025-08-01 09:58:54 AM,1421.5,0,0.0,524490473.2999999
2025-08-01 09:58:54 AM,1421.5,17,24165.5,524514638.7999999
2025-08-01 09:58:55 AM,1422.0,0,0.0,524514638.7999999
2025-08-01 09:58:55 AM,1422.0,25,35550.0,524550188.7999999
2025-08-01 09:58:56 AM,1421.7,3,4265.1,524554453.8999999
2025-08-01 09:58:57 AM,1421.4,0,0.0,524554453.8999999
2025-08-01 09:58:57 AM,1421.5,23,32694.5,524587148.3999999
2025-08-01 09:59:01 AM,1420.8,9,12787.199999999999,524599935.5999999
2025-08-01 09:59:03 AM,1420.9,2,2841.8,524602777.3999999
2025-08-01 09:59:05 AM,1420.4,1,1420.4,524604197.7999999
2025-08-01 09:59:06 AM,1421.1,32,45475.2,524649672.9999999
2025-08-01 09:59:08 AM,1421.2,0,0.0,524649672.9999999
2025-08-01 09:59:08 AM,1421.2,28,39793.6,524689466.5999999
2025-08-01 09:59:11 AM,1420.3,0,0.0,524689466.5999999
2025-08-01 09:59:11 AM,1420.3,39,55391.7,524744858.2999999
2025-08-01 09:59:13 AM,1420.9,0,0.0,524744858.2999999
2025-08-01 09:59:13 AM,1420.1,300,426030.0,525170888.2999999
2025-08-01 09:59:14 AM,1420.9,0,0.0,525170888.2999999
2025-08-01 09:59:14 AM,1421.9,240,341256.0,525512144.2999999
2025-08-01 09:59:19 AM,1422.0,0,0.0,525512144.2999999
2025-08-01 09:59:19 AM,1422.0,739,1050858.0,526563002.2999999
2025-08-01 09:59:20 AM,1422.1,0,0.0,526563002.2999999
2025-08-01 09:59:20 AM,1422.1,17,24175.699999999997,526587177.9999999
2025-08-01 09:59:21 AM,1422.3,19,27023.7,526614201.69999987
2025-08-01 09:59:22 AM,1422.4,0,0.0,526614201.69999987
2025-08-01 09:59:22 AM,1422.4,103,146507.2,526760708.89999986
2025-08-01 09:59:26 AM,1422.4,200,284480.0,527045188.89999986
2025-08-01 09:59:29 AM,1422.8,0,0.0,527045188.89999986
2025-08-01 09:59:29 AM,1422.8,4,5691.2,527050880.09999985
2025-08-01 09:59:30 AM,1422.7,192,273158.4,527324038.4999998
2025-08-01 09:59:32 AM,1423.2,3,4269.6,527328308.09999985
2025-08-01 09:59:34 AM,1423.3,0,0.0,527328308.09999985
2025-08-01 09:59:34 AM,1423.3,120,170796.0,527499104.09999985
2025-08-01 09:59:37 AM,1423.3,5,7116.5,527506220.59999985
2025-08-01 09:59:38 AM,1423.3,2,2846.6,527509067.19999987
2025-08-01 09:59:38 AM,1423.3,37,52662.1,527561729.2999999
2025-08-01 09:59:41 AM,1424.3,1158,1649339.4,529211068.69999987
2025-08-01 09:59:42 AM,1424.8,14,19947.2,529231015.89999986
2025-08-01 09:59:43 AM,1424.3,0,0.0,529231015.89999986
2025-08-01 09:59:43 AM,1424.3,1,1424.3,529232440.19999987
2025-08-01 09:59:48 AM,1424.4,1,1424.4,529233864.59999985
2025-08-01 09:59:51 AM,1424.8,17,24221.6,529258086.19999987
2025-08-01 09:59:52 AM,1424.4,22,31336.800000000003,529289422.9999999
2025-08-01 09:59:53 AM,1424.4,508,723595.2000000001,530013018.19999987
2025-08-01 09:59:54 AM,1424.5,0,0.0,530013018.19999987
2025-08-01 09:59:54 AM,1424.5,644,917378.0,530930396.19999987
2025-08-01 09:59:57 AM,1424.0,17,24208.0,530954604.19999987
2025-08-01 09:59:58 AM,1424.3,200,284860.0,531239464.19999987
2025-08-01 10:00:03 AM,1424.4,7,9970.800000000001,531249434.9999999
2025-08-01 10:00:07 AM,1424.1,3,4272.299999999999,531253707.2999999
2025-08-01 10:00:09 AM,1424.0,0,0.0,531253707.2999999
2025-08-01 10:00:09 AM,1424.0,1,1424.0,531255131.2999999
2025-08-01 10:00:10 AM,1424.0,6,8544.0,531263675.2999999
2025-08-01 10:00:12 AM,1424.0,4,5696.0,531269371.2999999
2025-08-01 10:00:15 AM,1424.0,1,1424.0,531270795.2999999
2025-08-01 10:00:18 AM,1423.5,850,1209975.0,532480770.2999999
2025-08-01 10:00:20 AM,1424.2,1,1424.2,532482194.4999999
2025-08-01 10:00:23 AM,1423.8,0,0.0,532482194.4999999
2025-08-01 10:00:23 AM,1423.8,50,71190.0,532553384.4999999
2025-08-01 10:00:26 AM,1424.2,0,0.0,532553384.4999999
2025-08-01 10:00:26 AM,1424.2,7,9969.4,532563353.89999986
2025-08-01 10:00:28 AM,1424.9,436,621256.4,533184610.29999983
2025-08-01 10:00:30 AM,1424.2,1,1424.2,533186034.4999998
2025-08-01 10:00:31 AM,1424.0,378,538272.0,533724306.4999998
2025-08-01 10:00:33 AM,1423.6,0,0.0,533724306.4999998
2025-08-01 10:00:33 AM,1423.6,10,14236.0,533738542.4999998
2025-08-01 10:00:35 AM,1423.3,1,1423.3,533739965.79999983
2025-08-01 10:00:36 AM,1423.3,3,4269.9,533744235.6999998
2025-08-01 10:00:36 AM,1423.3,151,214918.3,533959153.9999998
2025-08-01 10:00:37 AM,1423.9,1,1423.9,533960577.8999998
2025-08-01 10:00:38 AM,1423.9,4,5695.6,533966273.4999998
2025-08-01 10:00:39 AM,1423.3,0,0.0,533966273.4999998
2025-08-01 10:00:39 AM,1423.3,2,2846.6,533969120.09999985
2025-08-01 10:00:40 AM,1423.7,4,5694.8,533974814.89999986
2025-08-01 10:00:41 AM,1423.0,0,0.0,533974814.89999986
2025-08-01 10:00:41 AM,1423.0,11,15653.0,533990467.89999986
2025-08-01 10:00:42 AM,1423.0,15,21345.0,534011812.89999986
2025-08-01 10:00:44 AM,1422.1,0,0.0,534011812.89999986
2025-08-01 10:00:44 AM,1422.1,425,604392.5,534616205.39999986
2025-08-01 10:00:45 AM,1422.1,1,1422.1,534617627.4999999
2025-08-01 10:00:51 AM,1422.4,1,1422.4,534619049.89999986
2025-08-01 10:00:53 AM,1421.5,0,0.0,534619049.89999986
2025-08-01 10:00:53 AM,1422.4,210,298704.0,534917753.89999986
2025-08-01 10:00:54 AM,1421.7,0,0.0,534917753.89999986
2025-08-01 10:00:54 AM,1421.7,190,270123.0,535187876.89999986
2025-08-01 10:00:56 AM,1422.9,9,12806.1,535200682.9999999
2025-08-01 10:01:00 AM,1422.2,10,14222.0,535214904.9999999
2025-08-01 10:01:02 AM,1422.9,23,32726.7,535247631.69999987
2025-08-01 10:01:02 AM,1422.2,25,35555.0,535283186.69999987
2025-08-01 10:01:03 AM,1422.9,77,109563.3,535392749.9999999
2025-08-01 10:01:05 AM,1423.5,0,0.0,535392749.9999999
2025-08-01 10:01:05 AM,1423.5,10,14235.0,535406984.9999999
2025-08-01 10:01:08 AM,1424.0,0,0.0,535406984.9999999
2025-08-01 10:01:08 AM,1423.6,0,0.0,535406984.9999999
2025-08-01 10:01:08 AM,1423.6,433,616418.7999999999,536023403.7999999
2025-08-01 10:01:09 AM,1424.2,0,0.0,536023403.7999999
2025-08-01 10:01:09 AM,1424.2,133,189418.6,536212822.3999999
2025-08-01 10:01:11 AM,1424.9,18,25648.2,536238470.5999999
2025-08-01 10:01:13 AM,1424.4,0,0.0,536238470.5999999
2025-08-01 10:01:13 AM,1424.4,40,56976.0,536295446.5999999
2025-08-01 10:01:15 AM,1424.9,0,0.0,536295446.5999999
2025-08-01 10:01:15 AM,1424.9,2,2849.8,536298296.3999999
2025-08-01 10:01:19 AM,1425.0,126,179550.0,536477846.3999999
2025-08-01 10:01:21 AM,1425.1,0,0.0,536477846.3999999
2025-08-01 10:01:21 AM,1425.1,18,25651.8,536503498.1999999
2025-08-01 10:01:24 AM,1425.1,9,12825.9,536516324.0999999
2025-08-01 10:01:26 AM,1425.3,2,2850.6,536519174.6999999
2025-08-01 10:01:27 AM,1425.9,0,0.0,536519174.6999999
2025-08-01 10:01:27 AM,1425.9,250,356475.0,536875649.6999999
2025-08-01 10:01:27 AM,1425.1,11,15676.099999999999,536891325.8
2025-08-01 10:01:28 AM,1425.1,10,14251.0,536905576.8
2025-08-01 10:01:34 AM,1426.1,0,0.0,536905576.8
2025-08-01 10:01:34 AM,1426.1,243,346542.3,537252119.0999999
2025-08-01 10:01:35 AM,1426.1,10,14261.0,537266380.0999999
2025-08-01 10:01:36 AM,1426.1,7,9982.699999999999,537276362.8
2025-08-01 10:01:40 AM,1426.2,0,0.0,537276362.8
2025-08-01 10:01:40 AM,1426.2,56,79867.2,537356230.0
2025-08-01 10:01:43 AM,1425.8,10,14258.0,537370488.0
2025-08-01 10:01:45 AM,1426.5,5,7132.5,537377620.5
2025-08-01 10:01:47 AM,1426.5,2,2853.0,537380473.5
2025-08-01 10:01:47 AM,1425.9,8,11407.2,537391880.7
2025-08-01 10:01:54 AM,1426.5,55,78457.5,537470338.2
2025-08-01 10:01:59 AM,1426.6,0,0.0,537470338.2
2025-08-01 10:01:59 AM,1426.6,332,473631.19999999995,537943969.4000001
2025-08-01 10:01:59 AM,1426.6,15,21399.0,537965368.4000001
2025-08-01 10:02:04 AM,1426.2,0,0.0,537965368.4000001
2025-08-01 10:02:04 AM,1426.2,50,71310.0,538036678.4000001
2025-08-01 10:02:04 AM,1426.6,5,7133.0,538043811.4000001
2025-08-01 10:02:06 AM,1426.6,6,8559.599999999999,538052371.0000001
2025-08-01 10:02:15 AM,1426.5,0,0.0,538052371.0000001
2025-08-01 10:02:15 AM,1426.5,24,34236.0,538086607.0000001
2025-08-01 10:02:17 AM,1426.6,1,1426.6,538088033.6000001
2025-08-01 10:02:22 AM,1427.0,0,0.0,538088033.6000001
2025-08-01 10:02:22 AM,1427.0,538,767726.0,538855759.6000001
2025-08-01 10:02:24 AM,1427.0,14,19978.0,538875737.6000001
2025-08-01 10:02:25 AM,1427.4,1233,1759984.2000000002,540635721.8000002
2025-08-01 10:02:26 AM,1428.0,0,0.0,540635721.8000002
2025-08-01 10:02:26 AM,1428.0,300,428400.0,541064121.8000002
2025-08-01 10:02:28 AM,1428.9,2,2857.8,541066979.6000001
2025-08-01 10:02:29 AM,1429.2,0,0.0,541066979.6000001
2025-08-01 10:02:29 AM,1429.2,190,271548.0,541338527.6000001
2025-08-01 10:02:29 AM,1428.4,4,5713.6,541344241.2000002
2025-08-01 10:02:30 AM,1429.2,0,0.0,541344241.2000002
2025-08-01 10:02:30 AM,1429.2,10,14292.0,541358533.2000002
2025-08-01 10:02:32 AM,1429.6,0,0.0,541358533.2000002
2025-08-01 10:02:32 AM,1429.6,250,357400.0,541715933.2000002
2025-08-01 10:02:34 AM,1429.2,0,0.0,541715933.2000002
2025-08-01 10:02:34 AM,1429.2,55,78606.0,541794539.2000002
2025-08-01 10:02:37 AM,1428.2,0,0.0,541794539.2000002
2025-08-01 10:02:37 AM,1428.2,209,298493.8,542093033.0000001
2025-08-01 10:02:38 AM,1428.1,0,0.0,542093033.0000001
2025-08-01 10:02:38 AM,1428.1,33,47127.299999999996,542140160.3000001
2025-08-01 10:02:39 AM,1428.0,0,0.0,542140160.3000001
2025-08-01 10:02:39 AM,1428.0,5,7140.0,542147300.3000001
2025-08-01 10:02:41 AM,1427.5,0,0.0,542147300.3000001
2025-08-01 10:02:41 AM,1427.5,216,308340.0,542455640.3000001
2025-08-01 10:02:42 AM,1428.3,7,9998.1,542465638.4000001
2025-08-01 10:02:46 AM,1427.6,49,69952.4,542535590.8000001
2025-08-01 10:02:49 AM,1428.0,428,611184.0,543146774.8000001
2025-08-01 10:02:52 AM,1428.0,203,289884.0,543436658.8000001
2025-08-01 10:02:54 AM,1428.2,41,58556.200000000004,543495215.0000001
2025-08-01 10:03:01 AM,1428.0,11,15708.0,543510923.0000001
2025-08-01 10:03:01 AM,1428.0,100,142800.0,543653723.0000001
2025-08-01 10:03:04 AM,1428.2,0,0.0,543653723.0000001
2025-08-01 10:03:04 AM,1427.5,221,315477.5,543969200.5000001
2025-08-01 10:03:08 AM,1427.0,5,7135.0,543976335.5000001
2025-08-01 10:03:18 AM,1427.1,0,0.0,543976335.5000001
2025-08-01 10:03:18 AM,1427.1,421,600809.1,544577144.6000001
2025-08-01 10:03:20 AM,1427.7,54,77095.8,544654240.4000001
2025-08-01 10:03:21 AM,1428.3,84,119977.2,544774217.6000001
2025-08-01 10:03:24 AM,1428.4,0,0.0,544774217.6000001
2025-08-01 10:03:24 AM,1428.5,35,49997.5,544824215.1000001
2025-08-01 10:03:24 AM,1428.7,30,42861.0,544867076.1000001
2025-08-01 10:03:25 AM,1429.5,642,917739.0,545784815.1000001
2025-08-01 10:03:25 AM,1429.2,425,607410.0,546392225.1000001
2025-08-01 10:03:26 AM,1429.6,0,0.0,546392225.1000001
2025-08-01 10:03:26 AM,1429.6,124,177270.4,546569495.5000001
2025-08-01 10:03:26 AM,1429.6,10,14296.0,546583791.5000001
2025-08-01 10:03:27 AM,1429.6,5,7148.0,546590939.5000001
2025-08-01 10:03:28 AM,1428.5,155,221417.5,546812357.0000001
2025-08-01 10:03:29 AM,1429.3,0,0.0,546812357.0000001
2025-08-01 10:03:29 AM,1429.3,10,14293.0,546826650.0000001
2025-08-01 10:03:30 AM,1429.3,23,32873.9,546859523.9000001
2025-08-01 10:03:30 AM,1428.6,40,57144.0,546916667.9000001
2025-08-01 10:03:33 AM,1428.9,0,0.0,546916667.9000001
2025-08-01 10:03:33 AM,1428.9,50,71445.0,546988112.9000001
2025-08-01 10:03:34 AM,1429.1,76,108611.59999999999,547096724.5000001
2025-08-01 10:03:35 AM,1428.3,0,0.0,547096724.5000001
2025-08-01 10:03:35 AM,1428.3,10,14283.0,547111007.5000001
2025-08-01 10:03:44 AM,1429.5,9,12865.5,547123873.0000001
2025-08-01 10:03:47 AM,1428.8,10,14288.0,547138161.0000001
2025-08-01 10:03:47 AM,1429.5,50,71475.0,547209636.0000001
2025-08-01 10:03:50 AM,1428.9,0,0.0,547209636.0000001
2025-08-01 10:03:50 AM,1428.9,1,1428.9,547211064.9000001
2025-08-01 10:03:51 AM,1429.5,0,0.0,547211064.9000001
2025-08-01 10:03:51 AM,1429.5,1,1429.5,547212494.4000001
2025-08-01 10:03:53 AM,1429.8,0,0.0,547212494.4000001
2025-08-01 10:03:53 AM,1429.8,111,158707.8,547371202.2
2025-08-01 10:03:55 AM,1428.9,0,0.0,547371202.2
2025-08-01 10:03:55 AM,1428.9,1,1428.9,547372631.1
2025-08-01 10:03:59 AM,1429.9,0,0.0,547372631.1
2025-08-01 10:03:59 AM,1429.9,80,114392.0,547487023.1
2025-08-01 10:04:00 AM,1429.9,8,11439.2,547498462.3000001
2025-08-01 10:04:03 AM,1428.9,27,38580.3,547537042.6
2025-08-01 10:04:06 AM,1429.8,1,1429.8,547538472.4
2025-08-01 10:04:15 AM,1429.8,50,71490.0,547609962.4
2025-08-01 10:04:18 AM,1429.8,1,1429.8,547611392.1999999
2025-08-01 10:04:20 AM,1428.9,116,165752.40000000002,547777144.5999999
2025-08-01 10:04:22 AM,1429.0,0,0.0,547777144.5999999
2025-08-01 10:04:22 AM,1429.0,50,71450.0,547848594.5999999
2025-08-01 10:04:27 AM,1428.2,9,12853.800000000001,547861448.3999999
2025-08-01 10:04:29 AM,1428.7,1,1428.7,547862877.0999999
2025-08-01 10:04:32 AM,1428.7,176,251451.2,548114328.3
2025-08-01 10:04:34 AM,1429.0,0,0.0,548114328.3
2025-08-01 10:04:34 AM,1429.0,30,42870.0,548157198.3
2025-08-01 10:04:35 AM,1428.0,0,0.0,548157198.3
2025-08-01 10:04:35 AM,1428.0,300,428400.0,548585598.3
2025-08-01 10:04:39 AM,1430.3,0,0.0,548585598.3
2025-08-01 10:04:39 AM,1430.3,1151,1646275.3,550231873.5999999
2025-08-01 10:04:40 AM,1431.1,0,0.0,550231873.5999999
2025-08-01 10:04:40 AM,1431.1,937,1340940.7,551572814.3
2025-08-01 10:04:41 AM,1430.3,0,0.0,551572814.3
2025-08-01 10:04:41 AM,1430.3,5,7151.5,551579965.8
2025-08-01 10:04:44 AM,1431.1,30,42933.0,551622898.8
2025-08-01 10:04:45 AM,1432.0,0,0.0,551622898.8
2025-08-01 10:04:45 AM,1432.0,708,1013856.0,552636754.8
2025-08-01 10:04:45 AM,1431.3,5,7156.5,552643911.3
2025-08-01 10:04:46 AM,1432.0,0,0.0,552643911.3
2025-08-01 10:04:46 AM,1431.5,0,0.0,552643911.3
2025-08-01 10:04:46 AM,1431.5,48,68712.0,552712623.3
2025-08-01 10:04:48 AM,1432.0,425,608600.0,553321223.3
2025-08-01 10:04:49 AM,1432.0,1,1432.0,553322655.3
2025-08-01 10:04:52 AM,1432.0,2,2864.0,553325519.3
2025-08-01 10:04:53 AM,1431.1,50,71555.0,553397074.3
2025-08-01 10:04:54 AM,1430.8,0,0.0,553397074.3
2025-08-01 10:04:54 AM,1430.8,117,167403.6,553564477.9
2025-08-01 10:04:55 AM,1431.9,0,0.0,553564477.9
2025-08-01 10:04:55 AM,1431.9,500,715950.0,554280427.9
2025-08-01 10:04:56 AM,1431.8,0,0.0,554280427.9
2025-08-01 10:04:56 AM,1431.8,2,2863.6,554283291.5
2025-08-01 10:05:00 AM,1431.8,533,763149.4,555046440.9
2025-08-01 10:05:03 AM,1431.7,21,30065.7,555076506.6
2025-08-01 10:05:03 AM,1431.7,50,71585.0,555148091.6
2025-08-01 10:05:05 AM,1431.8,0,0.0,555148091.6
2025-08-01 10:05:05 AM,1431.8,23,32931.4,555181023.0
2025-08-01 10:05:05 AM,1431.8,6,8590.8,555189613.8
2025-08-01 10:05:07 AM,1431.0,315,450765.0,555640378.8
2025-08-01 10:05:10 AM,1430.6,10,14306.0,555654684.8
2025-08-01 10:05:11 AM,1430.5,14,20027.0,555674711.8
2025-08-01 10:05:22 AM,1431.7,437,625652.9,556300364.6999999
2025-08-01 10:05:23 AM,1431.8,20,28636.0,556329000.6999999
2025-08-01 10:05:24 AM,1430.8,50,71540.0,556400540.6999999
2025-08-01 10:05:26 AM,1431.8,0,0.0,556400540.6999999
2025-08-01 10:05:26 AM,1431.8,40,57272.0,556457812.6999999
2025-08-01 10:05:27 AM,1431.2,30,42936.0,556500748.6999999
2025-08-01 10:05:28 AM,1431.8,7,10022.6,556510771.3
2025-08-01 10:05:29 AM,1431.8,27,38658.6,556549429.9
2025-08-01 10:05:30 AM,1431.1,0,0.0,556549429.9
2025-08-01 10:05:30 AM,1431.1,200,286220.0,556835649.9
2025-08-01 10:05:31 AM,1431.8,0,0.0,556835649.9
2025-08-01 10:05:31 AM,1431.8,52,74453.59999999999,556910103.5
2025-08-01 10:05:31 AM,1432.0,465,665880.0,557575983.5
2025-08-01 10:05:34 AM,1431.8,1,1431.8,557577415.3
2025-08-01 10:05:38 AM,1431.8,29,41522.2,557618937.5
2025-08-01 10:05:42 AM,1431.8,14,20045.2,557638982.7
2025-08-01 10:05:43 AM,1431.2,0,0.0,557638982.7
2025-08-01 10:05:43 AM,1431.2,176,251891.2,557890873.9000001
2025-08-01 10:05:48 AM,1431.9,101,144621.90000000002,558035495.8000001
2025-08-01 10:05:54 AM,1431.2,43,61541.6,558097037.4000001
2025-08-01 10:05:55 AM,1431.2,397,568186.4,558665223.8000001
2025-08-01 10:05:56 AM,1431.3,7,10019.1,558675242.9000001
2025-08-01 10:05:57 AM,1431.3,4,5725.2,558680968.1000001
2025-08-01 10:06:03 AM,1430.5,0,0.0,558680968.1000001
2025-08-01 10:06:03 AM,1430.1,0,0.0,558680968.1000001
2025-08-01 10:06:03 AM,1430.1,495,707899.5,559388867.6000001
2025-08-01 10:06:05 AM,1430.7,0,0.0,559388867.6000001
2025-08-01 10:06:05 AM,1430.7,10,14307.0,559403174.6000001
2025-08-01 10:06:05 AM,1431.0,322,460782.0,559863956.6000001
2025-08-01 10:06:07 AM,1430.7,1,1430.7,559865387.3000002
2025-08-01 10:06:09 AM,1430.7,15,21460.5,559886847.8000002
2025-08-01 10:06:10 AM,1430.0,135,193050.0,560079897.8000002
2025-08-01 10:06:12 AM,1430.5,17,24318.5,560104216.3000002
2025-08-01 10:06:14 AM,1430.5,1,1430.5,560105646.8000002
2025-08-01 10:06:17 AM,1430.0,0,0.0,560105646.8000002
2025-08-01 10:06:17 AM,1430.0,1,1430.0,560107076.8000002
2025-08-01 10:06:17 AM,1429.8,162,231627.6,560338704.4000002
2025-08-01 10:06:19 AM,1428.8,0,0.0,560338704.4000002
2025-08-01 10:06:19 AM,1428.8,120,171456.0,560510160.4000002
2025-08-01 10:06:20 AM,1429.7,2,2859.4,560513019.8000002
2025-08-01 10:06:23 AM,1428.7,74,105723.8,560618743.6000001
2025-08-01 10:06:35 AM,1428.7,1,1428.7,560620172.3000002
2025-08-01 10:06:38 AM,1429.2,0,0.0,560620172.3000002
2025-08-01 10:06:38 AM,1429.2,135,192942.0,560813114.3000002
2025-08-01 10:06:39 AM,1429.2,136,194371.2,561007485.5000002
2025-08-01 10:06:40 AM,1428.0,158,225624.0,561233109.5000002
2025-08-01 10:06:42 AM,1428.8,100,142880.0,561375989.5000002
2025-08-01 10:06:44 AM,1428.6,4,5714.4,561381703.9000002
2025-08-01 10:06:48 AM,1428.0,2,2856.0,561384559.9000002
2025-08-01 10:06:50 AM,1428.0,5,7140.0,561391699.9000002
2025-08-01 10:06:50 AM,1428.6,2,2857.2,561394557.1000003
2025-08-01 10:06:52 AM,1429.2,0,0.0,561394557.1000003
2025-08-01 10:06:52 AM,1429.2,260,371592.0,561766149.1000003
2025-08-01 10:06:57 AM,1428.8,1,1428.8,561767577.9000002
2025-08-01 10:07:00 AM,1428.8,8,11430.4,561779008.3000002
2025-08-01 10:07:05 AM,1428.0,0,0.0,561779008.3000002
2025-08-01 10:07:05 AM,1428.0,32,45696.0,561824704.3000002
2025-08-01 10:07:05 AM,1428.7,0,0.0,561824704.3000002
2025-08-01 10:07:07 AM,1428.7,2,2857.4,561827561.7000002
2025-08-01 10:07:10 AM,1427.7,0,0.0,561827561.7000002
2025-08-01 10:07:11 AM,1427.7,147,209871.9,562037433.6000001
2025-08-01 10:07:15 AM,1428.7,0,0.0,562037433.6000001
2025-08-01 10:07:17 AM,1428.7,12,17144.4,562054578.0000001
2025-08-01 10:07:19 AM,1428.3,6,8569.8,562063147.8000001
2025-08-01 10:07:24 AM,1428.4,4,5713.6,562068861.4000001
2025-08-01 10:07:25 AM,1428.4,92,131412.80000000002,562200274.2
2025-08-01 10:07:29 AM,1428.2,0,0.0,562200274.2
2025-08-01 10:07:30 AM,1428.2,77,109971.40000000001,562310245.6
2025-08-01 10:07:31 AM,1428.4,18,25711.2,562335956.8000001
2025-08-01 10:07:33 AM,1428.0,0,0.0,562335956.8000001
2025-08-01 10:07:36 AM,1428.1,82,117104.2,562453061.0000001
2025-08-01 10:07:42 AM,1428.2,0,0.0,562453061.0000001
2025-08-01 10:07:42 AM,1428.2,11,15710.2,562468771.2000002
2025-08-01 10:07:44 AM,1427.9,35,49976.5,562518747.7000002
2025-08-01 10:07:47 AM,1428.2,0,0.0,562518747.7000002
2025-08-01 10:07:48 AM,1428.2,82,117112.40000000001,562635860.1000001
2025-08-01 10:07:50 AM,1427.8,145,207031.0,562842891.1000001
2025-08-01 10:07:52 AM,1427.5,0,0.0,562842891.1000001
2025-08-01 10:07:54 AM,1427.3,40,57092.0,562899983.1000001
2025-08-01 10:07:56 AM,1427.4,7,9991.800000000001,562909974.9000001
2025-08-01 10:08:00 AM,1429.8,1327,1897344.5999999999,564807319.5000001
2025-08-01 10:08:05 AM,1429.6,0,0.0,564807319.5000001
2025-08-01 10:08:05 AM,1429.6,27,38599.2,564845918.7000002
2025-08-01 10:08:06 AM,1429.6,7,10007.199999999999,564855925.9000002
2025-08-01 10:08:08 AM,1429.6,6,8577.599999999999,564864503.5000002
2025-08-01 10:08:10 AM,1429.8,0,0.0,564864503.5000002
2025-08-01 10:08:10 AM,1429.8,5,7149.0,564871652.5000002
2025-08-01 10:08:11 AM,1429.8,7,10008.6,564881661.1000003
2025-08-01 10:08:12 AM,1430.4,354,506361.60000000003,565388022.7000003
2025-08-01 10:08:13 AM,1430.4,1,1430.4,565389453.1000003
2025-08-01 10:08:14 AM,1430.2,34,48626.8,565438079.9000002
2025-08-01 10:08:17 AM,1431.0,0,0.0,565438079.9000002
