date,price,qty,trnvr,cum_trnvr
2025-08-01 09:15:02 AM,958.0,234,224172.0,224172.0
2025-08-01 09:15:03 AM,959.9,0,0.0,224172.0
2025-08-01 09:15:04 AM,959.9,200,191980.0,416152.0
2025-08-01 09:15:12 AM,960.2,0,0.0,416152.0
2025-08-01 09:15:14 AM,960.2,2,1920.4,418072.4
2025-08-01 09:15:23 AM,961.0,0,0.0,418072.4
2025-08-01 09:15:24 AM,961.0,54,51894.0,469966.4
2025-08-01 09:15:32 AM,962.95,0,0.0,469966.4
2025-08-01 09:15:33 AM,962.95,58,55851.100000000006,525817.5
2025-08-01 09:15:35 AM,962.2,10,9622.0,535439.5
2025-08-01 09:15:41 AM,960.75,16,15372.0,550811.5
2025-08-01 09:15:48 AM,959.3,0,0.0,550811.5
2025-08-01 09:15:50 AM,959.3,29,27819.699999999997,578631.2
2025-08-01 09:15:51 AM,958.3,1504,1441283.2,2019914.4
2025-08-01 09:15:54 AM,958.05,0,0.0,2019914.4
2025-08-01 09:15:58 AM,958.05,21,20119.05,2040033.45
2025-08-01 09:16:02 AM,954.6,0,0.0,2040033.45
2025-08-01 09:16:06 AM,954.65,800,763720.0,2803753.45
2025-08-01 09:16:08 AM,954.65,5,4773.25,2808526.7
2025-08-01 09:16:14 AM,955.75,129,123291.75,2931818.45
2025-08-01 09:16:19 AM,954.65,0,0.0,2931818.45
2025-08-01 09:16:22 AM,955.6,980,936488.0,3868306.45
2025-08-01 09:16:24 AM,958.45,338,323956.10000000003,4192262.5500000003
2025-08-01 09:16:29 AM,958.5,0,0.0,4192262.5500000003
2025-08-01 09:16:31 AM,956.8,3,2870.3999999999996,4195132.95
2025-08-01 09:16:37 AM,959.6,0,0.0,4195132.95
2025-08-01 09:16:39 AM,959.6,136,130505.6,4325638.55
2025-08-01 09:16:47 AM,960.45,22,21129.9,4346768.45
2025-08-01 09:16:49 AM,961.2,13,12495.6,4359264.05
2025-08-01 09:16:55 AM,962.05,2,1924.1,4361188.149999999
2025-08-01 09:16:57 AM,961.35,109,104787.15000000001,4465975.3
2025-08-01 09:17:04 AM,960.75,291,279578.25,4745553.55
2025-08-01 09:17:08 AM,960.8,0,0.0,4745553.55
2025-08-01 09:17:12 AM,960.8,2,1921.6,4747475.149999999
2025-08-01 09:17:13 AM,962.0,59,56758.0,4804233.149999999
2025-08-01 09:17:15 AM,960.9,0,0.0,4804233.149999999
2025-08-01 09:17:20 AM,962.4,18,17323.2,4821556.35
2025-08-01 09:17:23 AM,961.7,0,0.0,4821556.35
2025-08-01 09:17:28 AM,961.7,60,57702.0,4879258.35
2025-08-01 09:17:37 AM,961.35,14,13458.9,4892717.25
2025-08-01 09:17:45 AM,963.1,2061,1984949.1,6877666.35
2025-08-01 09:17:46 AM,961.5,23,22114.5,6899780.85
2025-08-01 09:17:49 AM,961.4,0,0.0,6899780.85
2025-08-01 09:17:51 AM,961.6,0,0.0,6899780.85
2025-08-01 09:17:53 AM,961.6,11,10577.6,6910358.449999999
2025-08-01 09:17:59 AM,960.55,0,0.0,6910358.449999999
2025-08-01 09:18:01 AM,960.55,5,4802.75,6915161.199999999
2025-08-01 09:18:10 AM,961.65,3,2884.95,6918046.149999999
2025-08-01 09:18:11 AM,962.65,183,176164.94999999998,7094211.1
2025-08-01 09:18:13 AM,963.5,0,0.0,7094211.1
2025-08-01 09:18:18 AM,963.7,8,7709.6,7101920.699999999
2025-08-01 09:18:21 AM,963.75,0,0.0,7101920.699999999
2025-08-01 09:18:26 AM,963.75,1,963.75,7102884.449999999
2025-08-01 09:18:29 AM,963.5,0,0.0,7102884.449999999
2025-08-01 09:18:34 AM,963.5,2,1927.0,7104811.449999999
2025-08-01 09:18:36 AM,963.0,4,3852.0,7108663.449999999
2025-08-01 09:18:37 AM,963.5,0,0.0,7108663.449999999
2025-08-01 09:18:43 AM,963.5,21,20233.5,7128896.949999999
2025-08-01 09:18:44 AM,963.4,2,1926.8,7130823.749999999
2025-08-01 09:18:51 AM,965.0,41,39565.0,7170388.749999999
2025-08-01 09:19:00 AM,963.75,13,12528.75,7182917.499999999
2025-08-01 09:19:04 AM,964.55,0,0.0,7182917.499999999
2025-08-01 09:19:07 AM,964.55,50,48227.5,7231144.999999999
2025-08-01 09:19:11 AM,963.75,0,0.0,7231144.999999999
2025-08-01 09:19:15 AM,963.75,56,53970.0,7285114.999999999
2025-08-01 09:19:19 AM,964.5,0,0.0,7285114.999999999
2025-08-01 09:19:23 AM,963.95,521,502217.95,7787332.949999999
2025-08-01 09:19:25 AM,964.2,13,12534.6,7799867.549999999
2025-08-01 09:19:31 AM,964.95,22,21228.9,7821096.449999999
2025-08-01 09:19:34 AM,964.1,0,0.0,7821096.449999999
2025-08-01 09:19:39 AM,964.1,34,32779.4,7853875.85
2025-08-01 09:19:47 AM,964.4,0,0.0,7853875.85
2025-08-01 09:19:47 AM,964.4,2,1928.8,7855804.649999999
2025-08-01 09:19:55 AM,964.8,3,2894.3999999999996,7858699.05
2025-08-01 09:19:56 AM,965.0,0,0.0,7858699.05
2025-08-01 09:19:57 AM,965.0,11,10615.0,7869314.05
2025-08-01 09:20:03 AM,965.0,3,2895.0,7872209.05
2025-08-01 09:20:10 AM,965.1,0,0.0,7872209.05
2025-08-01 09:20:11 AM,965.1,18,17371.8,7889580.85
2025-08-01 09:20:13 AM,965.25,1,965.25,7890546.1
2025-08-01 09:20:17 AM,964.75,0,0.0,7890546.1
2025-08-01 09:20:19 AM,964.2,28,26997.600000000002,7917543.699999999
2025-08-01 09:20:24 AM,964.65,0,0.0,7917543.699999999
2025-08-01 09:20:27 AM,964.95,7,6754.650000000001,7924298.35
2025-08-01 09:20:31 AM,965.4,0,0.0,7924298.35
2025-08-01 09:20:35 AM,965.7,49,47319.3,7971617.649999999
2025-08-01 09:20:43 AM,965.7,3,2897.1000000000004,7974514.749999999
2025-08-01 09:20:49 AM,964.7,0,0.0,7974514.749999999
2025-08-01 09:20:51 AM,965.35,51,49232.85,8023747.599999999
2025-08-01 09:20:56 AM,964.1,0,0.0,8023747.599999999
2025-08-01 09:20:58 AM,964.1,145,139794.5,8163542.099999999
2025-08-01 09:20:59 AM,965.45,0,0.0,8163542.099999999
2025-08-01 09:21:00 AM,965.45,1222,1179779.9000000001,9343321.999999998
2025-08-01 09:21:03 AM,964.7,0,0.0,9343321.999999998
2025-08-01 09:21:06 AM,964.7,229,220916.30000000002,9564238.299999999
2025-08-01 09:21:07 AM,964.75,2,1929.5,9566167.799999999
2025-08-01 09:21:10 AM,965.0,0,0.0,9566167.799999999
2025-08-01 09:21:14 AM,964.15,3,2892.45,9569060.249999998
2025-08-01 09:21:17 AM,963.9,0,0.0,9569060.249999998
2025-08-01 09:21:22 AM,963.9,2,1927.8,9570988.049999999
2025-08-01 09:21:26 AM,964.65,0,0.0,9570988.049999999
2025-08-01 09:21:30 AM,964.35,74,71361.90000000001,9642349.95
2025-08-01 09:21:53 AM,964.35,1,964.35,9643314.299999999
2025-08-01 09:21:56 AM,964.9,0,0.0,9643314.299999999
2025-08-01 09:22:00 AM,964.9,10,9649.0,9652963.299999999
2025-08-01 09:22:08 AM,964.9,1,964.9,9653928.2
2025-08-01 09:22:24 AM,964.35,0,0.0,9653928.2
2025-08-01 09:22:25 AM,964.35,36,34716.6,9688644.799999999
2025-08-01 09:22:27 AM,964.0,0,0.0,9688644.799999999
2025-08-01 09:22:31 AM,964.1,2,1928.2,9690572.999999998
2025-08-01 09:22:34 AM,964.35,0,0.0,9690572.999999998
2025-08-01 09:22:38 AM,964.9,42,40525.799999999996,9731098.799999999
2025-08-01 09:22:46 AM,964.9,2,1929.8,9733028.6
2025-08-01 09:22:48 AM,964.9,2,1929.8,9734958.4
2025-08-01 09:22:55 AM,964.9,2,1929.8,9736888.200000001
2025-08-01 09:23:01 AM,964.9,115,110963.5,9847851.700000001
2025-08-01 09:23:09 AM,965.0,11,10615.0,9858466.700000001
2025-08-01 09:23:18 AM,964.8,2,1929.6,9860396.3
2025-08-01 09:23:32 AM,964.45,10,9644.5,9870040.8
2025-08-01 09:23:33 AM,964.8,0,0.0,9870040.8
2025-08-01 09:23:38 AM,965.2,0,0.0,9870040.8
2025-08-01 09:23:39 AM,964.5,46,44367.0,9914407.8
2025-08-01 09:23:45 AM,964.65,0,0.0,9914407.8
2025-08-01 09:23:47 AM,964.5,2,1929.0,9916336.8
2025-08-01 09:24:02 AM,964.55,2,1929.1,9918265.9
2025-08-01 09:24:04 AM,965.55,100,96555.0,10014820.9
2025-08-01 09:24:05 AM,964.2,0,0.0,10014820.9
2025-08-01 09:24:10 AM,964.2,3,2892.6000000000004,10017713.5
2025-08-01 09:24:18 AM,963.45,106,102125.70000000001,10119839.2
2025-08-01 09:24:19 AM,964.5,2,1929.0,10121768.2
2025-08-01 09:24:36 AM,964.65,0,0.0,10121768.2
2025-08-01 09:24:40 AM,964.65,1,964.65,10122732.85
2025-08-01 09:24:48 AM,965.0,1004,968860.0,11091592.85
2025-08-01 09:24:50 AM,963.25,60,57795.0,11149387.85
2025-08-01 09:25:02 AM,963.3,10,9633.0,11159020.85
2025-08-01 09:25:20 AM,964.55,2,1929.1,11160949.95
2025-08-01 09:25:27 AM,963.6,14,13490.4,11174440.35
2025-08-01 09:25:27 AM,963.0,0,0.0,11174440.35
2025-08-01 09:25:33 AM,964.4,7,6750.8,11181191.15
2025-08-01 09:25:39 AM,964.45,0,0.0,11181191.15
2025-08-01 09:25:40 AM,964.45,2,1928.9,11183120.05
2025-08-01 09:25:45 AM,966.5,0,0.0,11183120.05
2025-08-01 09:25:48 AM,966.5,908,877582.0,12060702.05
2025-08-01 09:25:50 AM,968.0,187,181016.0,12241718.05
2025-08-01 09:25:55 AM,968.7,105,101713.5,12343431.55
2025-08-01 09:25:56 AM,968.9,0,0.0,12343431.55
2025-08-01 09:25:57 AM,968.9,5,4844.5,12348276.05
2025-08-01 09:26:03 AM,969.5,28,27146.0,12375422.05
2025-08-01 09:26:10 AM,969.5,4,3878.0,12379300.05
2025-08-01 09:26:16 AM,969.65,0,0.0,12379300.05
2025-08-01 09:26:18 AM,968.9,195,188935.5,12568235.55
2025-08-01 09:26:22 AM,969.45,0,0.0,12568235.55
2025-08-01 09:26:26 AM,969.45,25,24236.25,12592471.8
2025-08-01 09:26:32 AM,968.6,0,0.0,12592471.8
2025-08-01 09:26:34 AM,973.3,2430,2365119.0,14957590.8
2025-08-01 09:26:37 AM,973.15,0,0.0,14957590.8
2025-08-01 09:26:40 AM,972.9,0,0.0,14957590.8
2025-08-01 09:26:41 AM,972.9,131,127449.9,15085040.700000001
2025-08-01 09:26:46 AM,973.3,0,0.0,15085040.700000001
2025-08-01 09:26:49 AM,973.15,200,194630.0,15279670.700000001
2025-08-01 09:26:53 AM,973.1,0,0.0,15279670.700000001
2025-08-01 09:26:55 AM,973.0,0,0.0,15279670.700000001
2025-08-01 09:26:56 AM,973.0,180,175140.0,15454810.700000001
2025-08-01 09:27:05 AM,972.3,51,49587.299999999996,15504398.000000002
2025-08-01 09:27:11 AM,972.1,1003,975016.3,16479414.300000003
2025-08-01 09:27:19 AM,972.55,523,508643.64999999997,16988057.950000003
2025-08-01 09:27:27 AM,972.75,39,37937.25,17025995.200000003
2025-08-01 09:27:28 AM,972.0,0,0.0,17025995.200000003
2025-08-01 09:27:33 AM,972.0,52,50544.0,17076539.200000003
2025-08-01 09:27:37 AM,972.75,0,0.0,17076539.200000003
2025-08-01 09:27:41 AM,972.75,2,1945.5,17078484.700000003
2025-08-01 09:27:48 AM,973.0,0,0.0,17078484.700000003
2025-08-01 09:27:48 AM,973.0,1,973.0,17079457.700000003
2025-08-01 09:28:10 AM,971.95,0,0.0,17079457.700000003
2025-08-01 09:28:12 AM,971.95,649,630795.55,17710253.250000004
2025-08-01 09:28:19 AM,971.95,15,14579.25,17724832.500000004
2025-08-01 09:28:27 AM,971.65,0,0.0,17724832.500000004
2025-08-01 09:28:27 AM,971.65,50,48582.5,17773415.000000004
2025-08-01 09:28:35 AM,970.65,474,460088.1,18233503.100000005
2025-08-01 09:28:38 AM,971.1,0,0.0,18233503.100000005
2025-08-01 09:28:42 AM,971.1,30,29133.0,18262636.100000005
2025-08-01 09:28:43 AM,970.9,1,970.9,18263607.000000004
2025-08-01 09:28:44 AM,971.1,0,0.0,18263607.000000004
2025-08-01 09:28:48 AM,970.05,0,0.0,18263607.000000004
2025-08-01 09:28:50 AM,970.05,771,747908.5499999999,19011515.550000004
2025-08-01 09:28:58 AM,971.1,41,39815.1,19051330.650000006
2025-08-01 09:29:05 AM,971.1,33,32046.3,19083376.950000007
2025-08-01 09:29:13 AM,971.1,55,53410.5,19136787.450000007
2025-08-01 09:29:14 AM,971.1,5,4855.5,19141642.950000007
2025-08-01 09:29:35 AM,970.15,50,48507.5,19190150.450000007
2025-08-01 09:29:42 AM,970.1,0,0.0,19190150.450000007
2025-08-01 09:29:43 AM,970.1,5,4850.5,19195000.950000007
2025-08-01 09:29:50 AM,970.75,3,2912.25,19197913.200000007
2025-08-01 09:29:58 AM,971.1,36,34959.6,19232872.80000001
2025-08-01 09:30:05 AM,970.0,2248,2180560.0,21413432.80000001
2025-08-01 09:30:13 AM,970.0,100,97000.0,21510432.80000001
2025-08-01 09:30:14 AM,970.0,100,97000.0,21607432.80000001
2025-08-01 09:30:28 AM,970.0,150,145500.0,21752932.80000001
2025-08-01 09:30:35 AM,970.0,600,582000.0,22334932.80000001
2025-08-01 09:30:36 AM,970.0,220,213400.0,22548332.80000001
2025-08-01 09:30:43 AM,970.2,3716,3605263.2,26153596.000000007
2025-08-01 09:31:03 AM,970.0,0,0.0,26153596.000000007
2025-08-01 09:31:05 AM,970.0,21,20370.0,26173966.000000007
2025-08-01 09:31:05 AM,970.0,602,583940.0,26757906.000000007
2025-08-01 09:31:12 AM,970.0,330,320100.0,27078006.000000007
2025-08-01 09:31:19 AM,970.25,0,0.0,27078006.000000007
2025-08-01 09:31:20 AM,970.25,12,11643.0,27089649.000000007
2025-08-01 09:31:25 AM,970.0,0,0.0,27089649.000000007
2025-08-01 09:31:27 AM,970.0,3,2910.0,27092559.000000007
2025-08-01 09:31:31 AM,970.85,0,0.0,27092559.000000007
2025-08-01 09:31:34 AM,970.85,82,79609.7,27172168.700000007
2025-08-01 09:31:39 AM,970.05,0,0.0,27172168.700000007
2025-08-01 09:31:41 AM,970.05,50,48502.5,27220671.200000007
2025-08-01 09:31:48 AM,970.05,15,14550.75,27235221.950000007
2025-08-01 09:32:00 AM,970.95,0,0.0,27235221.950000007
2025-08-01 09:32:02 AM,970.95,103,100007.85,27335229.80000001
2025-08-01 09:32:05 AM,970.0,0,0.0,27335229.80000001
2025-08-01 09:32:09 AM,970.0,3106,3012820.0,30348049.80000001
2025-08-01 09:32:16 AM,970.6,4,3882.4,30351932.200000007
2025-08-01 09:32:23 AM,970.9,0,0.0,30351932.200000007
2025-08-01 09:32:23 AM,970.9,15,14563.5,30366495.700000007
2025-08-01 09:32:29 AM,970.85,0,0.0,30366495.700000007
2025-08-01 09:32:30 AM,970.85,56,54367.6,30420863.30000001
2025-08-01 09:32:59 AM,971.0,0,0.0,30420863.30000001
2025-08-01 09:33:05 AM,971.0,13,12623.0,30433486.30000001
2025-08-01 09:33:12 AM,971.0,2,1942.0,30435428.30000001
2025-08-01 09:33:18 AM,971.0,2,1942.0,30437370.30000001
2025-08-01 09:33:32 AM,971.0,56,54376.0,30491746.30000001
2025-08-01 09:33:39 AM,971.0,1209,1173939.0,31665685.30000001
2025-08-01 09:33:41 AM,974.1,0,0.0,31665685.30000001
2025-08-01 09:33:43 AM,976.25,0,0.0,31665685.30000001
2025-08-01 09:33:46 AM,976.25,2358,2301997.5,33967682.80000001
2025-08-01 09:33:49 AM,978.4,0,0.0,33967682.80000001
2025-08-01 09:33:53 AM,978.4,667,652592.7999999999,34620275.60000001
2025-08-01 09:33:56 AM,978.6,0,0.0,34620275.60000001
2025-08-01 09:34:00 AM,976.6,415,405289.0,35025564.60000001
2025-08-01 09:34:06 AM,976.75,0,0.0,35025564.60000001
2025-08-01 09:34:07 AM,976.75,2,1953.5,35027518.10000001
2025-08-01 09:34:11 AM,977.5,0,0.0,35027518.10000001
2025-08-01 09:34:14 AM,977.5,590,576725.0,35604243.10000001
2025-08-01 09:34:16 AM,976.65,0,0.0,35604243.10000001
2025-08-01 09:34:19 AM,977.05,0,0.0,35604243.10000001
2025-08-01 09:34:21 AM,977.05,366,357600.3,35961843.400000006
2025-08-01 09:34:34 AM,977.8,0,0.0,35961843.400000006
2025-08-01 09:34:35 AM,977.8,100,97780.0,36059623.400000006
2025-08-01 09:34:36 AM,976.95,0,0.0,36059623.400000006
2025-08-01 09:34:39 AM,977.5,0,0.0,36059623.400000006
2025-08-01 09:34:42 AM,977.5,650,635375.0,36694998.400000006
2025-08-01 09:34:44 AM,977.85,0,0.0,36694998.400000006
2025-08-01 09:34:46 AM,978.65,0,0.0,36694998.400000006
2025-08-01 09:34:49 AM,978.85,0,0.0,36694998.400000006
2025-08-01 09:34:49 AM,978.85,374,366089.9,37061088.300000004
2025-08-01 09:34:49 AM,976.5,533,520474.5,37581562.800000004
2025-08-01 09:34:51 AM,976.8,0,0.0,37581562.800000004
2025-08-01 09:34:54 AM,977.5,0,0.0,37581562.800000004
2025-08-01 09:34:56 AM,977.65,540,527931.0,38109493.800000004
2025-08-01 09:35:01 AM,977.5,0,0.0,38109493.800000004
2025-08-01 09:35:03 AM,977.5,1108,1083070.0,39192563.800000004
2025-08-01 09:35:06 AM,977.85,0,0.0,39192563.800000004
2025-08-01 09:35:10 AM,977.85,52,50848.200000000004,39243412.00000001
2025-08-01 09:35:10 AM,976.95,125,122118.75,39365530.75000001
2025-08-01 09:35:11 AM,977.4,0,0.0,39365530.75000001
2025-08-01 09:35:11 AM,976.9,0,0.0,39365530.75000001
2025-08-01 09:35:16 AM,974.45,0,0.0,39365530.75000001
2025-08-01 09:35:17 AM,974.45,692,674319.4,40039850.150000006
2025-08-01 09:35:21 AM,975.15,0,0.0,40039850.150000006
2025-08-01 09:35:21 AM,974.4,0,0.0,40039850.150000006
2025-08-01 09:35:24 AM,974.4,51,49694.4,40089544.550000004
2025-08-01 09:35:26 AM,975.25,0,0.0,40089544.550000004
2025-08-01 09:35:31 AM,975.25,2,1950.5,40091495.050000004
2025-08-01 09:35:38 AM,975.25,2,1950.5,40093445.550000004
2025-08-01 09:35:46 AM,974.65,0,0.0,40093445.550000004
2025-08-01 09:35:51 AM,974.4,0,0.0,40093445.550000004
2025-08-01 09:35:51 AM,974.4,335,326424.0,40419869.550000004
2025-08-01 09:35:56 AM,974.7,0,0.0,40419869.550000004
2025-08-01 09:35:58 AM,974.7,2,1949.4,40421818.95
2025-08-01 09:36:04 AM,975.0,0,0.0,40421818.95
2025-08-01 09:36:05 AM,975.0,300,292500.0,40714318.95
2025-08-01 09:36:08 AM,974.95,0,0.0,40714318.95
2025-08-01 09:36:11 AM,974.95,10,9749.5,40724068.45
2025-08-01 09:36:18 AM,974.95,5,4874.75,40728943.2
2025-08-01 09:36:31 AM,975.0,375,365625.0,41094568.2
2025-08-01 09:36:36 AM,974.75,0,0.0,41094568.2
2025-08-01 09:36:37 AM,974.75,80,77980.0,41172548.2
2025-08-01 09:36:40 AM,974.5,0,0.0,41172548.2
2025-08-01 09:36:44 AM,974.5,25,24362.5,41196910.7
2025-08-01 09:36:52 AM,975.0,0,0.0,41196910.7
2025-08-01 09:36:57 AM,975.0,25,24375.0,41221285.7
2025-08-01 09:37:04 AM,975.0,5,4875.0,41226160.7
2025-08-01 09:37:18 AM,975.0,816,795600.0,42021760.7
2025-08-01 09:37:20 AM,976.25,0,0.0,42021760.7
2025-08-01 09:37:24 AM,975.55,0,0.0,42021760.7
2025-08-01 09:37:25 AM,975.55,132,128772.59999999999,42150533.300000004
2025-08-01 09:37:32 AM,975.95,11,10735.45,42161268.75000001
2025-08-01 09:37:38 AM,976.35,0,0.0,42161268.75000001
2025-08-01 09:37:39 AM,976.35,60,58581.0,42219849.75000001
2025-08-01 09:37:44 AM,975.0,0,0.0,42219849.75000001
2025-08-01 09:37:46 AM,975.0,524,510900.0,42730749.75000001
2025-08-01 09:37:52 AM,975.0,9,8775.0,42739524.75000001
2025-08-01 09:37:54 AM,974.1,0,0.0,42739524.75000001
2025-08-01 09:37:59 AM,974.1,1,974.1,42740498.85000001
2025-08-01 09:38:19 AM,973.0,174,169302.0,42909800.85000001
2025-08-01 09:38:31 AM,972.5,0,0.0,42909800.85000001
2025-08-01 09:38:33 AM,972.5,500,486250.0,43396050.85000001
2025-08-01 09:38:36 AM,973.55,0,0.0,43396050.85000001
2025-08-01 09:38:40 AM,973.55,1,973.55,43397024.400000006
2025-08-01 09:38:52 AM,973.05,0,0.0,43397024.400000006
2025-08-01 09:38:53 AM,973.05,13,12649.65,43409674.050000004
2025-08-01 09:38:56 AM,972.85,0,0.0,43409674.050000004
2025-08-01 09:38:59 AM,972.85,4,3891.4,43413565.45
2025-08-01 09:39:06 AM,973.15,5,4865.75,43418431.2
2025-08-01 09:39:07 AM,972.95,0,0.0,43418431.2
2025-08-01 09:39:13 AM,972.95,1064,1035218.8,44453650.0
2025-08-01 09:39:20 AM,972.55,10,9725.5,44463375.5
2025-08-01 09:39:26 AM,972.55,2,1945.1,44465320.6
2025-08-01 09:39:29 AM,972.9,0,0.0,44465320.6
2025-08-01 09:39:33 AM,972.9,5,4864.5,44470185.1
2025-08-01 09:39:39 AM,973.0,10,9730.0,44479915.1
2025-08-01 09:39:57 AM,974.2,0,0.0,44479915.1
2025-08-01 09:39:58 AM,976.25,0,0.0,44479915.1
2025-08-01 09:39:59 AM,976.25,5302,5176077.5,49655992.6
2025-08-01 09:40:26 AM,976.95,3,2930.8500000000004,49658923.45
2025-08-01 09:40:39 AM,977.9,50,48895.0,49707818.45
2025-08-01 09:40:40 AM,977.45,0,0.0,49707818.45
2025-08-01 09:40:45 AM,977.45,12,11729.400000000001,49719547.85
2025-08-01 09:40:52 AM,978.25,100,97825.0,49817372.85
2025-08-01 09:40:54 AM,976.4,0,0.0,49817372.85
2025-08-01 09:40:58 AM,977.0,733,716141.0,50533513.85
2025-08-01 09:41:13 AM,977.0,522,509994.0,51043507.85
2025-08-01 09:41:16 AM,977.95,0,0.0,51043507.85
2025-08-01 09:41:18 AM,977.95,16,15647.2,51059155.050000004
2025-08-01 09:41:24 AM,977.9,0,0.0,51059155.050000004
2025-08-01 09:41:25 AM,977.9,51,49872.9,51109027.95
2025-08-01 09:41:36 AM,977.3,0,0.0,51109027.95
2025-08-01 09:41:38 AM,977.3,2,1954.6,51110982.550000004
2025-08-01 09:41:40 AM,977.1,0,0.0,51110982.550000004
2025-08-01 09:41:44 AM,977.2,0,0.0,51110982.550000004
2025-08-01 09:41:45 AM,977.2,1195,1167754.0,52278736.550000004
2025-08-01 09:41:48 AM,977.05,0,0.0,52278736.550000004
2025-08-01 09:41:51 AM,976.45,11,10740.95,52289477.50000001
2025-08-01 09:41:52 AM,976.3,2,1952.6,52291430.10000001
2025-08-01 09:41:58 AM,976.3,199,194283.69999999998,52485713.80000001
2025-08-01 09:42:04 AM,975.0,1225,1194375.0,53680088.80000001
2025-08-01 09:42:05 AM,975.5,100,97550.0,53777638.80000001
2025-08-01 09:42:09 AM,975.6,0,0.0,53777638.80000001
2025-08-01 09:42:11 AM,975.6,3,2926.8,53780565.60000001
2025-08-01 09:42:13 AM,975.1,0,0.0,53780565.60000001
2025-08-01 09:42:17 AM,975.1,1,975.1,53781540.70000001
2025-08-01 09:42:19 AM,975.9,2,1951.8,53783492.50000001
2025-08-01 09:42:22 AM,975.25,0,0.0,53783492.50000001
2025-08-01 09:42:24 AM,975.25,2,1950.5,53785443.00000001
2025-08-01 09:42:30 AM,974.35,100,97435.0,53882878.00000001
2025-08-01 09:42:35 AM,975.5,0,0.0,53882878.00000001
2025-08-01 09:42:37 AM,975.5,5,4877.5,53887755.50000001
2025-08-01 09:42:55 AM,975.0,0,0.0,53887755.50000001
2025-08-01 09:42:56 AM,975.0,1000,975000.0,54862755.50000001
2025-08-01 09:43:03 AM,974.25,0,0.0,54862755.50000001
2025-08-01 09:43:03 AM,974.25,55,53583.75,54916339.25000001
2025-08-01 09:43:10 AM,975.0,10,9750.0,54926089.25000001
2025-08-01 09:43:15 AM,974.9,0,0.0,54926089.25000001
2025-08-01 09:43:16 AM,974.9,3,2924.7,54929013.95000001
2025-08-01 09:43:23 AM,975.75,0,0.0,54929013.95000001
2025-08-01 09:43:23 AM,974.95,5,4874.75,54933888.70000001
2025-08-01 09:43:29 AM,975.0,1,975.0,54934863.70000001
2025-08-01 09:43:43 AM,974.3,64,62355.2,54997218.90000001
2025-08-01 09:43:47 AM,975.0,0,0.0,54997218.90000001
2025-08-01 09:43:49 AM,975.0,5,4875.0,55002093.90000001
2025-08-01 09:43:50 AM,973.85,100,97385.0,55099478.90000001
2025-08-01 09:43:55 AM,974.0,0,0.0,55099478.90000001
2025-08-01 09:43:56 AM,974.0,521,507454.0,55606932.90000001
2025-08-01 09:44:08 AM,975.5,0,0.0,55606932.90000001
2025-08-01 09:44:09 AM,975.5,1,975.5,55607908.40000001
2025-08-01 09:44:15 AM,975.55,0,0.0,55607908.40000001
2025-08-01 09:44:16 AM,975.55,10,9755.5,55617663.90000001
2025-08-01 09:44:39 AM,975.45,0,0.0,55617663.90000001
2025-08-01 09:44:42 AM,975.45,105,102422.25,55720086.15000001
2025-08-01 09:44:49 AM,975.55,0,0.0,55720086.15000001
2025-08-01 09:44:49 AM,975.55,10,9755.5,55729841.65000001
2025-08-01 09:45:06 AM,974.3,0,0.0,55729841.65000001
2025-08-01 09:45:08 AM,974.3,269,262086.69999999998,55991928.35000002
2025-08-01 09:45:35 AM,973.95,0,0.0,55991928.35000002
2025-08-01 09:45:40 AM,973.95,2,1947.9,55993876.250000015
2025-08-01 09:46:00 AM,974.0,12,11688.0,56005564.250000015
2025-08-01 09:46:19 AM,974.3,10,9743.0,56015307.250000015
2025-08-01 09:46:27 AM,973.5,1,973.5,56016280.750000015
2025-08-01 09:46:45 AM,974.1,0,0.0,56016280.750000015
2025-08-01 09:46:46 AM,974.1,5,4870.5,56021151.250000015
2025-08-01 09:46:53 AM,973.2,0,0.0,56021151.250000015
2025-08-01 09:46:57 AM,973.2,4,3892.8,56025044.05000001
2025-08-01 09:47:03 AM,973.2,3,2919.6000000000004,56027963.65000001
2025-08-01 09:47:09 AM,973.85,1,973.85,56028937.500000015
2025-08-01 09:47:15 AM,973.85,1,973.85,56029911.35000002
2025-08-01 09:47:24 AM,973.35,0,0.0,56029911.35000002
2025-08-01 09:47:24 AM,973.35,10,9733.5,56039644.85000002
2025-08-01 09:47:28 AM,972.75,0,0.0,56039644.85000002
2025-08-01 09:47:28 AM,972.75,150,145912.5,56185557.35000002
2025-08-01 09:47:33 AM,973.55,0,0.0,56185557.35000002
2025-08-01 09:47:34 AM,973.55,2,1947.1,56187504.45000002
2025-08-01 09:47:40 AM,972.55,0,0.0,56187504.45000002
2025-08-01 09:47:41 AM,972.55,182,177004.1,56364508.55000002
2025-08-01 09:47:48 AM,972.7,20,19454.0,56383962.55000002
2025-08-01 09:47:54 AM,972.0,0,0.0,56383962.55000002
2025-08-01 09:47:55 AM,972.0,168,163296.0,56547258.55000002
2025-08-01 09:47:58 AM,971.25,0,0.0,56547258.55000002
2025-08-01 09:48:01 AM,970.5,357,346468.5,56893727.05000002
2025-08-01 09:48:03 AM,970.1,0,0.0,56893727.05000002
2025-08-01 09:48:04 AM,970.1,200,194020.0,57087747.05000002
2025-08-01 09:48:08 AM,970.05,100,97005.0,57184752.05000002
2025-08-01 09:48:14 AM,970.25,10,9702.5,57194454.55000002
2025-08-01 09:48:19 AM,970.95,0,0.0,57194454.55000002
2025-08-01 09:48:19 AM,971.9,0,0.0,57194454.55000002
2025-08-01 09:48:20 AM,971.9,94,91358.59999999999,57285813.15000002
2025-08-01 09:48:23 AM,970.85,0,0.0,57285813.15000002
2025-08-01 09:48:23 AM,970.85,388,376689.8,57662502.95000002
2025-08-01 09:48:27 AM,972.05,0,0.0,57662502.95000002
2025-08-01 09:48:27 AM,971.3,5,4856.5,57667359.45000002
2025-08-01 09:48:30 AM,971.0,5,4855.0,57672214.45000002
2025-08-01 09:48:34 AM,971.05,1,971.05,57673185.500000015
2025-08-01 09:48:42 AM,972.0,2,1944.0,57675129.500000015
2025-08-01 09:48:46 AM,972.2,10,9722.0,57684851.500000015
2025-08-01 09:48:47 AM,971.55,0,0.0,57684851.500000015
2025-08-01 09:48:49 AM,971.55,4,3886.2,57688737.70000002
2025-08-01 09:49:03 AM,972.15,0,0.0,57688737.70000002
2025-08-01 09:49:05 AM,972.15,50,48607.5,57737345.20000002
2025-08-01 09:49:07 AM,972.2,0,0.0,57737345.20000002
2025-08-01 09:49:08 AM,972.2,2,1944.4,57739289.60000002
2025-08-01 09:49:14 AM,972.2,50,48610.0,57787899.60000002
2025-08-01 09:49:18 AM,971.8,50,48590.0,57836489.60000002
2025-08-01 09:49:19 AM,972.15,0,0.0,57836489.60000002
2025-08-01 09:49:20 AM,972.15,1,972.15,57837461.750000015
2025-08-01 09:49:24 AM,972.2,2,1944.4,57839406.15000001
2025-08-01 09:49:26 AM,972.2,18,17499.600000000002,57856905.750000015
2025-08-01 09:49:33 AM,972.15,3,2916.45,57859822.20000002
2025-08-01 09:49:39 AM,970.45,2001,1941870.4500000002,59801692.65000002
2025-08-01 09:49:43 AM,970.0,0,0.0,59801692.65000002
2025-08-01 09:49:43 AM,970.0,5753,5580410.0,65382102.65000002
2025-08-01 09:49:45 AM,970.0,7,6790.0,65388892.65000002
2025-08-01 09:49:49 AM,970.0,1874,1817780.0,67206672.65000002
2025-08-01 09:49:52 AM,969.0,0,0.0,67206672.65000002
2025-08-01 09:49:52 AM,969.0,100,96900.0,67303572.65000002
2025-08-01 09:49:52 AM,968.75,0,0.0,67303572.65000002
2025-08-01 09:49:55 AM,969.55,567,549734.85,67853307.50000001
2025-08-01 09:50:02 AM,970.1,50,48505.0,67901812.50000001
2025-08-01 09:50:51 AM,969.95,0,0.0,67901812.50000001
2025-08-01 09:50:52 AM,969.95,122,118333.90000000001,68020146.40000002
2025-08-01 09:51:07 AM,969.25,10,9692.5,68029838.90000002
2025-08-01 09:51:36 AM,968.75,100,96875.0,68126713.90000002
2025-08-01 09:51:42 AM,968.95,0,0.0,68126713.90000002
2025-08-01 09:51:43 AM,968.95,30,29068.5,68155782.40000002
2025-08-01 09:51:45 AM,968.95,2,1937.9,68157720.30000003
2025-08-01 09:51:49 AM,968.95,2,1937.9,68159658.20000003
2025-08-01 09:51:49 AM,968.15,0,0.0,68159658.20000003
2025-08-01 09:51:51 AM,968.15,60,58089.0,68217747.20000003
2025-08-01 09:51:52 AM,969.4,0,0.0,68217747.20000003
2025-08-01 09:51:55 AM,969.7,304,294788.8,68512536.00000003
2025-08-01 09:52:20 AM,968.95,0,0.0,68512536.00000003
2025-08-01 09:52:22 AM,968.95,1,968.95,68513504.95000003
2025-08-01 09:52:28 AM,968.85,5,4844.25,68518349.20000003
2025-08-01 09:53:02 AM,968.75,0,0.0,68518349.20000003
2025-08-01 09:53:02 AM,968.75,2,1937.5,68520286.70000003
2025-08-01 09:53:04 AM,968.75,8,7750.0,68528036.70000003
2025-08-01 09:53:08 AM,968.9,0,0.0,68528036.70000003
2025-08-01 09:53:08 AM,968.9,1,968.9,68529005.60000004
2025-08-01 09:53:14 AM,968.1,0,0.0,68529005.60000004
2025-08-01 09:53:15 AM,968.1,50,48405.0,68577410.60000004
2025-08-01 09:53:35 AM,968.1,135,130693.5,68708104.10000004
2025-08-01 09:54:03 AM,968.9,0,0.0,68708104.10000004
2025-08-01 09:54:04 AM,968.9,3,2906.7,68711010.80000004
2025-08-01 09:54:31 AM,968.5,0,0.0,68711010.80000004
2025-08-01 09:54:35 AM,968.5,25,24212.5,68735223.30000004
2025-08-01 09:54:53 AM,968.5,8,7748.0,68742971.30000004
2025-08-01 09:55:00 AM,968.5,46,44551.0,68787522.30000004
2025-08-01 09:55:04 AM,968.5,10,9685.0,68797207.30000004
2025-08-01 09:55:06 AM,968.5,47,45519.5,68842726.80000004
2025-08-01 09:55:10 AM,968.7,0,0.0,68842726.80000004
2025-08-01 09:55:10 AM,968.7,2,1937.4,68844664.20000005
2025-08-01 09:55:13 AM,968.15,0,0.0,68844664.20000005
2025-08-01 09:55:17 AM,969.35,177,171574.95,69016239.15000005
2025-08-01 09:55:22 AM,969.4,0,0.0,69016239.15000005
2025-08-01 09:55:22 AM,969.4,4,3877.6,69020116.75000004
2025-08-01 09:55:30 AM,969.4,10,9694.0,69029810.75000004
2025-08-01 09:55:31 AM,969.3,0,0.0,69029810.75000004
2025-08-01 09:55:34 AM,969.3,10,9693.0,69039503.75000004
2025-08-01 09:55:53 AM,969.25,10,9692.5,69049196.25000004
2025-08-01 09:55:54 AM,969.3,0,0.0,69049196.25000004
2025-08-01 09:55:54 AM,969.3,7,6785.099999999999,69055981.35000004
2025-08-01 09:55:57 AM,969.4,0,0.0,69055981.35000004
2025-08-01 09:55:59 AM,969.4,11,10663.4,69066644.75000004
2025-08-01 09:56:01 AM,969.35,0,0.0,69066644.75000004
2025-08-01 09:56:03 AM,969.3,0,0.0,69066644.75000004
2025-08-01 09:56:05 AM,969.3,3,2907.8999999999996,69069552.65000005
2025-08-01 09:56:15 AM,968.4,0,0.0,69069552.65000005
2025-08-01 09:56:17 AM,968.4,1,968.4,69070521.05000006
2025-08-01 09:56:25 AM,968.1,0,0.0,69070521.05000006
2025-08-01 09:56:29 AM,968.1,25,24202.5,69094723.55000006
2025-08-01 09:56:34 AM,968.1,2,1936.2,69096659.75000006
2025-08-01 09:56:40 AM,968.1,100,96810.0,69193469.75000006
2025-08-01 09:56:44 AM,968.6,0,0.0,69193469.75000006
2025-08-01 09:56:47 AM,968.0,34,32912.0,69226381.75000006
2025-08-01 09:56:57 AM,967.75,0,0.0,69226381.75000006
2025-08-01 09:56:59 AM,967.75,786,760651.5,69987033.25000006
2025-08-01 09:57:40 AM,967.95,3,2903.8500000000004,69989937.10000005
2025-08-01 09:57:55 AM,967.95,2,1935.9,69991873.00000006
2025-08-01 09:58:04 AM,967.75,219,211937.25,70203810.25000006
2025-08-01 09:58:10 AM,966.9,35,33841.5,70237651.75000006
2025-08-01 09:58:28 AM,967.4,2,1934.8,70239586.55000006
2025-08-01 09:58:37 AM,967.55,9,8707.949999999999,70248294.50000006
2025-08-01 09:58:38 AM,967.7,0,0.0,70248294.50000006
2025-08-01 09:58:41 AM,967.7,1,967.7,70249262.20000006
2025-08-01 09:58:46 AM,967.1,0,0.0,70249262.20000006
2025-08-01 09:58:47 AM,967.1,2,1934.2,70251196.40000007
2025-08-01 09:58:53 AM,967.95,100,96795.0,70347991.40000007
2025-08-01 09:58:55 AM,967.85,10,9678.5,70357669.90000007
2025-08-01 09:59:01 AM,967.85,3,2903.55,70360573.45000006
2025-08-01 09:59:07 AM,966.0,0,0.0,70360573.45000006
2025-08-01 09:59:08 AM,966.0,67,64722.0,70425295.45000006
2025-08-01 09:59:11 AM,966.0,116,112056.0,70537351.45000006
2025-08-01 09:59:14 AM,965.75,1,965.75,70538317.20000006
2025-08-01 09:59:20 AM,965.75,12,11589.0,70549906.20000006
2025-08-01 09:59:24 AM,966.4,0,0.0,70549906.20000006
2025-08-01 09:59:24 AM,966.4,115,111136.0,70661042.20000006
2025-08-01 10:00:02 AM,967.2,0,0.0,70661042.20000006
2025-08-01 10:00:03 AM,967.25,0,0.0,70661042.20000006
2025-08-01 10:00:04 AM,967.25,101,97692.25,70758734.45000006
2025-08-01 10:00:07 AM,967.6,5,4838.0,70763572.45000006
2025-08-01 10:00:14 AM,967.8,1,967.8,70764540.25000006
2025-08-01 10:00:17 AM,966.95,1,966.95,70765507.20000006
2025-08-01 10:00:20 AM,966.35,1,966.35,70766473.55000006
2025-08-01 10:00:29 AM,966.95,2,1933.9,70768407.45000006
2025-08-01 10:00:42 AM,966.4,101,97606.4,70866013.85000007
2025-08-01 10:00:46 AM,966.3,0,0.0,70866013.85000007
2025-08-01 10:00:48 AM,966.3,1,966.3,70866980.15000007
2025-08-01 10:00:55 AM,967.05,1,967.05,70867947.20000006
2025-08-01 10:00:57 AM,966.0,0,0.0,70867947.20000006
2025-08-01 10:00:58 AM,966.0,967,934122.0,71802069.20000006
2025-08-01 10:01:09 AM,966.65,0,0.0,71802069.20000006
2025-08-01 10:01:10 AM,966.65,1,966.65,71803035.85000007
2025-08-01 10:01:32 AM,966.7,1,966.7,71804002.55000007
2025-08-01 10:01:38 AM,966.0,636,614376.0,72418378.55000007
2025-08-01 10:01:44 AM,966.35,0,0.0,72418378.55000007
2025-08-01 10:01:45 AM,966.35,2,1932.7,72420311.25000007
2025-08-01 10:02:10 AM,966.1,10,9661.0,72429972.25000007
2025-08-01 10:02:41 AM,966.15,0,0.0,72429972.25000007
2025-08-01 10:02:41 AM,966.15,10,9661.5,72439633.75000007
2025-08-01 10:02:54 AM,966.3,0,0.0,72439633.75000007
2025-08-01 10:02:54 AM,966.3,26,25123.8,72464757.55000007
2025-08-01 10:03:13 AM,966.1,97,93711.7,72558469.25000007
2025-08-01 10:03:22 AM,967.2,0,0.0,72558469.25000007
2025-08-01 10:03:22 AM,967.2,143,138309.6,72696778.85000007
2025-08-01 10:03:26 AM,967.2,30,29016.0,72725794.85000007
2025-08-01 10:03:28 AM,968.1,6,5808.6,72731603.45000006
2025-08-01 10:03:38 AM,967.55,0,0.0,72731603.45000006
2025-08-01 10:03:39 AM,967.55,115,111268.25,72842871.70000006
2025-08-01 10:03:41 AM,966.8,100,96680.0,72939551.70000006
2025-08-01 10:03:51 AM,967.45,5,4837.25,72944388.95000006
2025-08-01 10:04:04 AM,967.65,6,5805.9,72950194.85000007
2025-08-01 10:04:48 AM,966.85,16,15469.6,72965664.45000006
2025-08-01 10:04:57 AM,967.5,0,0.0,72965664.45000006
2025-08-01 10:05:00 AM,967.5,10,9675.0,72975339.45000006
2025-08-01 10:05:02 AM,966.8,1,966.8,72976306.25000006
2025-08-01 10:05:19 AM,966.9,1,966.9,72977273.15000007
2025-08-01 10:05:25 AM,967.35,1,967.35,72978240.50000006
2025-08-01 10:05:39 AM,967.5,2,1935.0,72980175.50000006
2025-08-01 10:05:43 AM,967.5,5,4837.5,72985013.00000006
2025-08-01 10:06:01 AM,967.5,3,2902.5,72987915.50000006
2025-08-01 10:06:27 AM,967.0,0,0.0,72987915.50000006
2025-08-01 10:06:27 AM,967.0,6,5802.0,72993717.50000006
2025-08-01 10:06:42 AM,966.2,0,0.0,72993717.50000006
2025-08-01 10:06:42 AM,966.2,14,13526.800000000001,73007244.30000006
2025-08-01 10:06:51 AM,966.1,66,63762.6,73071006.90000005
2025-08-01 10:06:55 AM,966.1,300,289830.0,73360836.90000005
2025-08-01 10:06:57 AM,966.1,31,29949.100000000002,73390786.00000004
2025-08-01 10:07:07 AM,965.7,0,0.0,73390786.00000004
2025-08-01 10:07:07 AM,965.7,9,8691.300000000001,73399477.30000004
2025-08-01 10:07:09 AM,965.7,1,965.7,73400443.00000004
2025-08-01 10:07:26 AM,965.0,36,34740.0,73435183.00000004
2025-08-01 10:07:32 AM,965.0,130,125450.0,73560633.00000004
2025-08-01 10:07:40 AM,965.15,10,9651.5,73570284.50000004
2025-08-01 10:07:46 AM,964.35,11,10607.85,73580892.35000004
2025-08-01 10:07:48 AM,964.95,0,0.0,73580892.35000004
2025-08-01 10:07:50 AM,964.95,50,48247.5,73629139.85000004
2025-08-01 10:07:52 AM,964.0,64,61696.0,73690835.85000004
2025-08-01 10:08:03 AM,963.8,0,0.0,73690835.85000004
2025-08-01 10:08:03 AM,963.8,61,58791.799999999996,73749627.65000004
2025-08-01 10:08:04 AM,964.6,69,66557.40000000001,73816185.05000004
2025-08-01 10:08:08 AM,964.25,0,0.0,73816185.05000004
2025-08-01 10:08:09 AM,964.25,25,24106.25,73840291.30000004
2025-08-01 10:08:18 AM,965.3,0,0.0,73840291.30000004
2025-08-01 10:08:21 AM,964.4,0,0.0,73840291.30000004
2025-08-01 10:08:22 AM,964.4,61,58828.4,73899119.70000005
2025-08-01 10:08:29 AM,965.7,187,180585.9,74079705.60000005
2025-08-01 10:08:35 AM,965.6,18,17380.8,74097086.40000005
2025-08-01 10:08:47 AM,966.1,1,966.1,74098052.50000004
2025-08-01 10:08:54 AM,966.6,0,0.0,74098052.50000004
2025-08-01 10:08:57 AM,966.6,2,1933.2,74099985.70000005
2025-08-01 10:09:03 AM,967.0,0,0.0,74099985.70000005
2025-08-01 10:09:03 AM,967.0,152,146984.0,74246969.70000005
2025-08-01 10:09:18 AM,966.15,0,0.0,74246969.70000005
2025-08-01 10:09:21 AM,966.15,1,966.15,74247935.85000005
2025-08-01 10:09:44 AM,966.15,10,9661.5,74257597.35000005
2025-08-01 10:09:52 AM,966.15,21,20289.149999999998,74277886.50000006
2025-08-01 10:10:00 AM,967.0,0,0.0,74277886.50000006
2025-08-01 10:10:01 AM,967.0,2,1934.0,74279820.50000006
2025-08-01 10:10:09 AM,965.5,0,0.0,74279820.50000006
2025-08-01 10:10:09 AM,965.5,260,251030.0,74530850.50000006
2025-08-01 10:10:23 AM,964.8,0,0.0,74530850.50000006
2025-08-01 10:10:25 AM,964.8,3,2894.3999999999996,74533744.90000007
2025-08-01 10:11:02 AM,965.35,30,28960.5,74562705.40000007
2025-08-01 10:11:19 AM,965.35,2,1930.7,74564636.10000007
2025-08-01 10:11:25 AM,965.4,5,4827.0,74569463.10000007
2025-08-01 10:12:15 AM,966.7,0,0.0,74569463.10000007
2025-08-01 10:12:17 AM,966.7,100,96670.0,74666133.10000007
2025-08-01 10:12:33 AM,966.4,0,0.0,74666133.10000007
2025-08-01 10:12:34 AM,966.55,7,6765.849999999999,74672898.95000006
2025-08-01 10:12:45 AM,966.55,5,4832.75,74677731.70000006
2025-08-01 10:13:20 AM,966.0,25,24150.0,74701881.70000006
2025-08-01 10:13:36 AM,965.0,0,0.0,74701881.70000006
2025-08-01 10:13:38 AM,965.0,1,965.0,74702846.70000006
2025-08-01 10:13:45 AM,965.85,0,0.0,74702846.70000006
2025-08-01 10:13:45 AM,965.85,6,5795.1,74708641.80000006
2025-08-01 10:14:18 AM,965.8,0,0.0,74708641.80000006
2025-08-01 10:14:19 AM,965.8,2,1931.6,74710573.40000005
2025-08-01 10:14:39 AM,965.85,0,0.0,74710573.40000005
2025-08-01 10:14:42 AM,965.85,1,965.85,74711539.25000004
2025-08-01 10:15:03 AM,965.3,0,0.0,74711539.25000004
2025-08-01 10:15:05 AM,965.3,4,3861.2,74715400.45000005
2025-08-01 10:15:07 AM,965.8,0,0.0,74715400.45000005
2025-08-01 10:15:11 AM,965.8,1,965.8,74716366.25000004
2025-08-01 10:15:29 AM,965.1,0,0.0,74716366.25000004
2025-08-01 10:15:29 AM,965.1,2,1930.2,74718296.45000005
2025-08-01 10:15:41 AM,965.1,1,965.1,74719261.55000004
2025-08-01 10:15:51 AM,965.8,0,0.0,74719261.55000004
2025-08-01 10:15:53 AM,965.8,1,965.8,74720227.35000004
2025-08-01 10:16:01 AM,965.1,0,0.0,74720227.35000004
2025-08-01 10:16:05 AM,965.1,3,2895.3,74723122.65000004
2025-08-01 10:16:14 AM,965.0,0,0.0,74723122.65000004
2025-08-01 10:16:17 AM,965.0,14,13510.0,74736632.65000004
2025-08-01 10:16:18 AM,965.5,0,0.0,74736632.65000004
2025-08-01 10:16:22 AM,965.5,2,1931.0,74738563.65000004
2025-08-01 10:16:47 AM,965.65,0,0.0,74738563.65000004
2025-08-01 10:16:51 AM,965.65,4,3862.6,74742426.25000003
2025-08-01 10:17:02 AM,965.1,2,1930.2,74744356.45000003
2025-08-01 10:17:08 AM,965.45,1,965.45,74745321.90000004
2025-08-01 10:17:08 AM,964.8,2,1929.6,74747251.50000003
2025-08-01 10:17:33 AM,965.65,0,0.0,74747251.50000003
2025-08-01 10:17:37 AM,965.65,100,96565.0,74843816.50000003
2025-08-01 10:17:43 AM,964.7,1,964.7,74844781.20000003
2025-08-01 10:17:47 AM,964.3,0,0.0,74844781.20000003
2025-08-01 10:17:48 AM,964.3,2,1928.6,74846709.80000003
2025-08-01 10:18:06 AM,965.0,0,0.0,74846709.80000003
2025-08-01 10:18:06 AM,965.0,25,24125.0,74870834.80000003
2025-08-01 10:18:15 AM,964.05,0,0.0,74870834.80000003
2025-08-01 10:18:17 AM,964.05,23,22173.149999999998,74893007.95000003
2025-08-01 10:18:29 AM,964.65,0,0.0,74893007.95000003
2025-08-01 10:18:29 AM,964.65,1,964.65,74893972.60000004
2025-08-01 10:18:33 AM,964.6,0,0.0,74893972.60000004
2025-08-01 10:18:35 AM,964.6,3,2893.8,74896866.40000004
2025-08-01 10:19:21 AM,964.85,26,25086.100000000002,74921952.50000003
2025-08-01 10:19:49 AM,965.15,0,0.0,74921952.50000003
2025-08-01 10:19:49 AM,965.15,1,965.15,74922917.65000004
2025-08-01 10:21:09 AM,965.4,0,0.0,74922917.65000004
2025-08-01 10:21:10 AM,965.4,1,965.4,74923883.05000004
2025-08-01 10:21:28 AM,965.4,1,965.4,74924848.45000005
2025-08-01 10:21:48 AM,965.4,10,9654.0,74934502.45000005
2025-08-01 10:21:56 AM,965.4,300,289620.0,75224122.45000005
2025-08-01 10:22:29 AM,965.1,1,965.1,75225087.55000004
2025-08-01 10:22:45 AM,964.45,0,0.0,75225087.55000004
2025-08-01 10:22:45 AM,964.45,1,964.45,75226052.00000004
2025-08-01 10:22:51 AM,964.45,50,48222.5,75274274.50000004
2025-08-01 10:22:53 AM,963.85,41,39517.85,75313792.35000004
2025-08-01 10:23:02 AM,964.25,0,0.0,75313792.35000004
2025-08-01 10:23:04 AM,964.25,10,9642.5,75323434.85000004
2025-08-01 10:23:20 AM,964.55,0,0.0,75323434.85000004
2025-08-01 10:23:22 AM,964.55,12,11574.599999999999,75335009.45000003
2025-08-01 10:23:33 AM,964.8,2,1929.6,75336939.05000003
2025-08-01 10:23:50 AM,964.8,1,964.8,75337903.85000002
2025-08-01 10:24:03 AM,964.9,0,0.0,75337903.85000002
2025-08-01 10:24:03 AM,964.9,1,964.9,75338868.75000003
2025-08-01 10:24:42 AM,964.85,0,0.0,75338868.75000003
2025-08-01 10:24:42 AM,964.85,1,964.85,75339833.60000002
2025-08-01 10:25:06 AM,964.95,0,0.0,75339833.60000002
2025-08-01 10:25:08 AM,964.95,2,1929.9,75341763.50000003
2025-08-01 10:25:09 AM,965.45,0,0.0,75341763.50000003
2025-08-01 10:25:10 AM,965.45,1,965.45,75342728.95000003
2025-08-01 10:25:44 AM,964.45,1,964.45,75343693.40000004
2025-08-01 10:25:46 AM,964.6,0,0.0,75343693.40000004
2025-08-01 10:25:47 AM,964.6,500,482300.0,75825993.40000004
2025-08-01 10:26:28 AM,965.2,0,0.0,75825993.40000004
2025-08-01 10:26:29 AM,965.2,1,965.2,75826958.60000004
2025-08-01 10:26:36 AM,965.25,0,0.0,75826958.60000004
2025-08-01 10:26:38 AM,965.25,2,1930.5,75828889.10000004
2025-08-01 10:26:57 AM,965.45,0,0.0,75828889.10000004
2025-08-01 10:26:58 AM,965.45,1,965.45,75829854.55000004
2025-08-01 10:27:03 AM,965.5,0,0.0,75829854.55000004
2025-08-01 10:27:04 AM,965.5,5,4827.5,75834682.05000004
2025-08-01 10:27:46 AM,965.45,0,0.0,75834682.05000004
2025-08-01 10:27:48 AM,965.45,2,1930.9,75836612.95000005
2025-08-01 10:28:20 AM,965.4,1,965.4,75837578.35000005
2025-08-01 10:28:54 AM,965.4,2,1930.8,75839509.15000005
2025-08-01 10:28:59 AM,964.65,1,964.65,75840473.80000006
2025-08-01 10:29:08 AM,965.2,1,965.2,75841439.00000006
2025-08-01 10:29:14 AM,965.5,7,6758.5,75848197.50000006
2025-08-01 10:29:25 AM,965.85,96,92721.6,75940919.10000005
2025-08-01 10:29:28 AM,965.95,0,0.0,75940919.10000005
2025-08-01 10:29:30 AM,965.95,90,86935.5,76027854.60000005
2025-08-01 10:29:32 AM,965.9,0,0.0,76027854.60000005
2025-08-01 10:29:32 AM,965.9,4,3863.6,76031718.20000005
2025-08-01 10:29:48 AM,966.2,0,0.0,76031718.20000005
2025-08-01 10:29:49 AM,966.2,5,4831.0,76036549.20000005
2025-08-01 10:30:03 AM,966.2,1,966.2,76037515.40000005
2025-08-01 10:30:12 AM,966.2,7,6763.400000000001,76044278.80000006
2025-08-01 10:30:15 AM,966.2,2,1932.4,76046211.20000006
2025-08-01 10:30:26 AM,966.2,100,96620.0,76142831.20000006
2025-08-01 10:30:29 AM,966.2,385,371987.0,76514818.20000006
2025-08-01 10:31:12 AM,966.35,9,8697.15,76523515.35000007
2025-08-01 10:31:15 AM,966.95,0,0.0,76523515.35000007
2025-08-01 10:31:15 AM,966.95,16,15471.2,76538986.55000007
2025-08-01 10:31:34 AM,967.5,4,3870.0,76542856.55000007
2025-08-01 10:31:37 AM,967.5,1,967.5,76543824.05000007
2025-08-01 10:31:43 AM,967.75,0,0.0,76543824.05000007
2025-08-01 10:31:43 AM,967.75,100,96775.0,76640599.05000007
2025-08-01 10:31:48 AM,967.9,1,967.9,76641566.95000008
2025-08-01 10:31:55 AM,968.0,0,0.0,76641566.95000008
2025-08-01 10:31:55 AM,968.0,171,165528.0,76807094.95000008
2025-08-01 10:32:49 AM,968.0,103,99704.0,76906798.95000008
2025-08-01 10:32:54 AM,967.85,3,2903.55,76909702.50000007
2025-08-01 10:33:08 AM,968.0,2,1936.0,76911638.50000007
2025-08-01 10:33:14 AM,967.95,1,967.95,76912606.45000008
2025-08-01 10:33:19 AM,968.0,10,9680.0,76922286.45000008
2025-08-01 10:33:28 AM,968.0,2,1936.0,76924222.45000008
2025-08-01 10:33:30 AM,968.0,50,48400.0,76972622.45000008
2025-08-01 10:33:50 AM,967.15,0,0.0,76972622.45000008
2025-08-01 10:33:50 AM,967.15,5,4835.75,76977458.20000008
2025-08-01 10:33:52 AM,967.6,0,0.0,76977458.20000008
2025-08-01 10:33:53 AM,967.95,167,161647.65,77139105.85000008
2025-08-01 10:33:54 AM,968.0,0,0.0,77139105.85000008
2025-08-01 10:33:56 AM,968.0,3,2904.0,77142009.85000008
2025-08-01 10:34:08 AM,968.0,1576,1525568.0,78667577.85000008
2025-08-01 10:34:21 AM,968.6,1,968.6,78668546.45000008
2025-08-01 10:34:30 AM,968.6,1,968.6,78669515.05000007
2025-08-01 10:35:18 AM,968.1,0,0.0,78669515.05000007
2025-08-01 10:35:18 AM,968.1,4,3872.4,78673387.45000008
2025-08-01 10:35:28 AM,968.6,0,0.0,78673387.45000008
2025-08-01 10:35:29 AM,968.6,2,1937.2,78675324.65000008
2025-08-01 10:35:38 AM,968.6,10,9686.0,78685010.65000008
2025-08-01 10:35:49 AM,968.55,0,0.0,78685010.65000008
2025-08-01 10:35:49 AM,968.55,1,968.55,78685979.20000008
2025-08-01 10:35:55 AM,968.6,0,0.0,78685979.20000008
2025-08-01 10:35:55 AM,968.6,1,968.6,78686947.80000007
2025-08-01 10:36:08 AM,969.0,0,0.0,78686947.80000007
2025-08-01 10:36:08 AM,969.0,96,93024.0,78779971.80000007
2025-08-01 10:36:14 AM,968.15,0,0.0,78779971.80000007
2025-08-01 10:36:14 AM,968.15,35,33885.25,78813857.05000007
2025-08-01 10:36:27 AM,968.85,0,0.0,78813857.05000007
2025-08-01 10:36:28 AM,968.85,1,968.85,78814825.90000007
2025-08-01 10:36:31 AM,969.0,4,3876.0,78818701.90000007
2025-08-01 10:36:33 AM,967.95,0,0.0,78818701.90000007
2025-08-01 10:36:34 AM,967.95,32,30974.4,78849676.30000007
2025-08-01 10:36:36 AM,967.05,4,3868.2,78853544.50000007
2025-08-01 10:36:39 AM,967.9,0,0.0,78853544.50000007
2025-08-01 10:36:39 AM,967.9,2,1935.8,78855480.30000007
2025-08-01 10:36:45 AM,967.9,1,967.9,78856448.20000008
2025-08-01 10:36:55 AM,968.4,0,0.0,78856448.20000008
2025-08-01 10:36:56 AM,968.4,3,2905.2,78859353.40000008
2025-08-01 10:37:08 AM,968.35,0,0.0,78859353.40000008
2025-08-01 10:37:08 AM,968.35,1,968.35,78860321.75000007
2025-08-01 10:37:12 AM,968.35,1,968.35,78861290.10000007
2025-08-01 10:37:31 AM,968.3,0,0.0,78861290.10000007
2025-08-01 10:37:31 AM,968.3,21,20334.3,78881624.40000007
2025-08-01 10:37:48 AM,968.3,2,1936.6,78883561.00000006
2025-08-01 10:38:14 AM,967.6,0,0.0,78883561.00000006
2025-08-01 10:38:15 AM,967.6,5,4838.0,78888399.00000006
2025-08-01 10:38:24 AM,968.3,0,0.0,78888399.00000006
2025-08-01 10:38:24 AM,968.3,1099,1064161.7,79952560.70000006
2025-08-01 10:38:30 AM,968.5,0,0.0,79952560.70000006
2025-08-01 10:38:30 AM,968.5,1,968.5,79953529.20000006
2025-08-01 10:39:01 AM,968.3,943,913106.8999999999,80866636.10000007
2025-08-01 10:39:06 AM,967.3,0,0.0,80866636.10000007
2025-08-01 10:39:07 AM,967.3,49,47397.7,80914033.80000007
2025-08-01 10:39:18 AM,968.15,0,0.0,80914033.80000007
2025-08-01 10:39:18 AM,968.15,1,968.15,80915001.95000008
2025-08-01 10:39:48 AM,968.35,0,0.0,80915001.95000008
2025-08-01 10:39:49 AM,968.35,1,968.35,80915970.30000007
2025-08-01 10:40:08 AM,968.0,1,968.0,80916938.30000007
2025-08-01 10:40:09 AM,967.3,0,0.0,80916938.30000007
2025-08-01 10:40:10 AM,968.0,0,0.0,80916938.30000007
2025-08-01 10:40:11 AM,968.0,6,5808.0,80922746.30000007
2025-08-01 10:40:47 AM,968.0,3,2904.0,80925650.30000007
2025-08-01 10:41:09 AM,968.0,1,968.0,80926618.30000007
2025-08-01 10:42:27 AM,967.9,0,0.0,80926618.30000007
2025-08-01 10:42:27 AM,967.9,1,967.9,80927586.20000008
2025-08-01 10:42:29 AM,967.9,1,967.9,80928554.10000008
2025-08-01 10:42:48 AM,967.3,0,0.0,80928554.10000008
2025-08-01 10:42:49 AM,967.3,15,14509.5,80943063.60000008
2025-08-01 10:43:03 AM,966.35,9,8697.15,80951760.75000009
2025-08-01 10:43:13 AM,966.95,1,966.95,80952727.70000009
2025-08-01 10:43:48 AM,967.05,0,0.0,80952727.70000009
2025-08-01 10:43:49 AM,967.05,4,3868.2,80956595.9000001
2025-08-01 10:43:50 AM,967.7,0,0.0,80956595.9000001
2025-08-01 10:43:51 AM,967.7,1,967.7,80957563.6000001
2025-08-01 10:44:34 AM,966.95,1,966.95,80958530.5500001
2025-08-01 10:45:07 AM,967.5,0,0.0,80958530.5500001
2025-08-01 10:45:09 AM,967.5,7,6772.5,80965303.0500001
2025-08-01 10:45:26 AM,967.5,1,967.5,80966270.5500001
2025-08-01 10:45:32 AM,967.85,0,0.0,80966270.5500001
2025-08-01 10:45:34 AM,967.85,30,29035.5,80995306.0500001
2025-08-01 10:45:58 AM,967.85,50,48392.5,81043698.5500001
2025-08-01 10:46:20 AM,967.75,0,0.0,81043698.5500001
2025-08-01 10:46:21 AM,967.75,52,50323.0,81094021.5500001
2025-08-01 10:46:29 AM,967.65,1,967.65,81094989.2000001
2025-08-01 10:46:38 AM,967.7,0,0.0,81094989.2000001
2025-08-01 10:46:38 AM,967.7,1,967.7,81095956.90000011
2025-08-01 10:46:59 AM,967.0,0,0.0,81095956.90000011
2025-08-01 10:47:00 AM,967.0,9,8703.0,81104659.90000011
2025-08-01 10:47:07 AM,966.95,14,13537.300000000001,81118197.2000001
2025-08-01 10:47:15 AM,966.35,0,0.0,81118197.2000001
2025-08-01 10:47:16 AM,966.35,5,4831.75,81123028.9500001
2025-08-01 10:47:18 AM,966.9,0,0.0,81123028.9500001
2025-08-01 10:47:18 AM,966.9,1,966.9,81123995.85000011
2025-08-01 10:47:48 AM,966.9,1,966.9,81124962.75000012
2025-08-01 10:47:56 AM,966.95,0,0.0,81124962.75000012
2025-08-01 10:47:56 AM,966.95,4,3867.8,81128830.55000012
2025-08-01 10:48:46 AM,966.4,0,0.0,81128830.55000012
2025-08-01 10:48:48 AM,966.4,2,1932.8,81130763.35000011
2025-08-01 10:48:49 AM,966.2,0,0.0,81130763.35000011
2025-08-01 10:48:50 AM,966.2,7,6763.400000000001,81137526.75000012
2025-08-01 10:49:09 AM,966.4,0,0.0,81137526.75000012
2025-08-01 10:49:10 AM,966.4,1,966.4,81138493.15000013
2025-08-01 10:49:14 AM,966.2,0,0.0,81138493.15000013
2025-08-01 10:49:16 AM,966.2,203,196138.6,81334631.75000012
2025-08-01 10:49:33 AM,966.4,2,1932.8,81336564.55000012
2025-08-01 10:49:48 AM,966.3,4,3865.2,81340429.75000012
2025-08-01 10:50:28 AM,967.15,0,0.0,81340429.75000012
2025-08-01 10:50:32 AM,967.15,1,967.15,81341396.90000013
2025-08-01 10:51:12 AM,966.15,0,0.0,81341396.90000013
2025-08-01 10:51:12 AM,966.15,24,23187.6,81364584.50000012
2025-08-01 10:51:16 AM,966.0,0,0.0,81364584.50000012
2025-08-01 10:51:17 AM,966.0,25,24150.0,81388734.50000012
2025-08-01 10:51:20 AM,965.05,0,0.0,81388734.50000012
2025-08-01 10:51:22 AM,965.05,30,28951.5,81417686.00000012
2025-08-01 10:51:38 AM,965.8,0,0.0,81417686.00000012
2025-08-01 10:51:39 AM,965.8,2,1931.6,81419617.60000011
2025-08-01 10:51:48 AM,966.0,0,0.0,81419617.60000011
2025-08-01 10:51:50 AM,966.0,1,966.0,81420583.60000011
2025-08-01 10:52:22 AM,966.0,4,3864.0,81424447.60000011
2025-08-01 10:52:28 AM,966.0,1,966.0,81425413.60000011
2025-08-01 10:52:43 AM,966.0,2,1932.0,81427345.60000011
2025-08-01 10:52:54 AM,966.0,1,966.0,81428311.60000011
2025-08-01 10:52:56 AM,965.4,0,0.0,81428311.60000011
2025-08-01 10:52:59 AM,965.4,2,1930.8,81430242.40000011
2025-08-01 10:53:06 AM,965.4,10,9654.0,81439896.40000011
2025-08-01 10:53:08 AM,965.95,0,0.0,81439896.40000011
2025-08-01 10:53:10 AM,965.95,2,1931.9,81441828.30000012
2025-08-01 10:53:16 AM,966.0,0,0.0,81441828.30000012
2025-08-01 10:53:16 AM,966.0,8,7728.0,81449556.30000012
2025-08-01 10:53:58 AM,966.0,1,966.0,81450522.30000012
2025-08-01 10:54:02 AM,965.35,0,0.0,81450522.30000012
2025-08-01 10:54:03 AM,965.35,15,14480.25,81465002.55000012
2025-08-01 10:54:28 AM,965.65,0,0.0,81465002.55000012
2025-08-01 10:54:30 AM,965.65,107,103324.55,81568327.10000011
2025-08-01 10:54:44 AM,965.85,0,0.0,81568327.10000011
2025-08-01 10:54:46 AM,965.85,2,1931.7,81570258.80000012
2025-08-01 10:54:50 AM,965.9,0,0.0,81570258.80000012
2025-08-01 10:54:51 AM,965.9,2,1931.8,81572190.60000011
2025-08-01 10:55:07 AM,965.1,3,2895.3,81575085.90000011
2025-08-01 10:55:23 AM,965.5,3,2896.5,81577982.40000011
2025-08-01 10:55:36 AM,965.0,0,0.0,81577982.40000011
2025-08-01 10:55:40 AM,965.0,1,965.0,81578947.40000011
2025-08-01 10:55:48 AM,965.5,0,0.0,81578947.40000011
2025-08-01 10:55:50 AM,965.5,1,965.5,81579912.90000011
2025-08-01 10:56:06 AM,966.0,0,0.0,81579912.90000011
2025-08-01 10:56:06 AM,966.0,62,59892.0,81639804.90000011
2025-08-01 10:56:12 AM,965.45,0,0.0,81639804.90000011
2025-08-01 10:56:12 AM,965.45,2,1930.9,81641735.80000012
2025-08-01 10:57:08 AM,966.0,0,0.0,81641735.80000012
2025-08-01 10:57:09 AM,966.0,1,966.0,81642701.80000012
2025-08-01 10:57:19 AM,966.0,12,11592.0,81654293.80000012
2025-08-01 10:57:30 AM,965.45,0,0.0,81654293.80000012
2025-08-01 10:57:30 AM,965.45,50,48272.5,81702566.30000012
2025-08-01 10:57:34 AM,965.2,0,0.0,81702566.30000012
2025-08-01 10:57:36 AM,965.2,6,5791.200000000001,81708357.50000012
2025-08-01 10:57:52 AM,965.5,60,57930.0,81766287.50000012
2025-08-01 10:58:18 AM,966.0,0,0.0,81766287.50000012
2025-08-01 10:58:18 AM,966.0,1,966.0,81767253.50000012
2025-08-01 10:58:29 AM,966.0,1,966.0,81768219.50000012
2025-08-01 10:58:36 AM,965.5,0,0.0,81768219.50000012
2025-08-01 10:58:40 AM,965.5,3,2896.5,81771116.00000012
2025-08-01 10:58:48 AM,966.0,0,0.0,81771116.00000012
2025-08-01 10:58:51 AM,966.0,7,6762.0,81777878.00000012
2025-08-01 10:58:54 AM,965.5,0,0.0,81777878.00000012
2025-08-01 10:58:57 AM,965.5,9,8689.5,81786567.50000012
2025-08-01 10:59:12 AM,965.5,28,27034.0,81813601.50000012
2025-08-01 10:59:32 AM,966.2,0,0.0,81813601.50000012
2025-08-01 10:59:32 AM,966.2,24,23188.800000000003,81836790.30000012
2025-08-01 10:59:48 AM,966.25,0,0.0,81836790.30000012
2025-08-01 10:59:48 AM,966.25,1,966.25,81837756.55000012
2025-08-01 10:59:50 AM,966.3,0,0.0,81837756.55000012
2025-08-01 10:59:54 AM,966.3,3,2898.8999999999996,81840655.45000012
2025-08-01 11:00:05 AM,966.7,2,1933.4,81842588.85000013
2025-08-01 11:00:17 AM,965.9,0,0.0,81842588.85000013
2025-08-01 11:00:17 AM,965.9,1,965.9,81843554.75000013
2025-08-01 11:00:49 AM,965.95,0,0.0,81843554.75000013
2025-08-01 11:00:49 AM,965.95,15,14489.25,81858044.00000013
2025-08-01 11:01:09 AM,966.85,0,0.0,81858044.00000013
2025-08-01 11:01:10 AM,966.85,1,966.85,81859010.85000013
2025-08-01 11:01:11 AM,965.95,1,965.95,81859976.80000013
2025-08-01 11:01:47 AM,965.55,0,0.0,81859976.80000013
2025-08-01 11:01:47 AM,965.55,1,965.55,81860942.35000013
2025-08-01 11:01:51 AM,965.65,0,0.0,81860942.35000013
2025-08-01 11:01:52 AM,965.65,1,965.65,81861908.00000013
2025-08-01 11:02:17 AM,966.5,0,0.0,81861908.00000013
2025-08-01 11:02:18 AM,966.5,11,10631.5,81872539.50000013
2025-08-01 11:02:29 AM,966.75,0,0.0,81872539.50000013
2025-08-01 11:02:30 AM,966.75,1,966.75,81873506.25000013
2025-08-01 11:02:37 AM,966.7,0,0.0,81873506.25000013
2025-08-01 11:02:37 AM,966.7,2,1933.4,81875439.65000014
2025-08-01 11:02:42 AM,966.75,1,966.75,81876406.40000014
2025-08-01 11:03:19 AM,966.1,0,0.0,81876406.40000014
2025-08-01 11:03:22 AM,966.1,2,1932.2,81878338.60000014
2025-08-01 11:03:27 AM,966.1,1,966.1,81879304.70000014
2025-08-01 11:03:37 AM,966.95,0,0.0,81879304.70000014
2025-08-01 11:03:37 AM,966.95,1,966.95,81880271.65000014
2025-08-01 11:03:41 AM,967.0,0,0.0,81880271.65000014
2025-08-01 11:03:43 AM,967.0,1,967.0,81881238.65000014
2025-08-01 11:03:48 AM,967.0,1,967.0,81882205.65000014
2025-08-01 11:04:20 AM,966.25,3,2898.75,81885104.40000014
2025-08-01 11:04:27 AM,965.9,0,0.0,81885104.40000014
2025-08-01 11:04:27 AM,965.9,1,965.9,81886070.30000015
2025-08-01 11:04:45 AM,966.85,0,0.0,81886070.30000015
2025-08-01 11:04:45 AM,966.85,2,1933.7,81888004.00000015
2025-08-01 11:04:48 AM,967.0,0,0.0,81888004.00000015
2025-08-01 11:04:51 AM,967.0,10,9670.0,81897674.00000015
2025-08-01 11:05:01 AM,966.15,0,0.0,81897674.00000015
2025-08-01 11:05:02 AM,966.15,2,1932.3,81899606.30000015
2025-08-01 11:05:09 AM,967.0,1,967.0,81900573.30000015
2025-08-01 11:05:12 AM,966.15,0,0.0,81900573.30000015
2025-08-01 11:05:13 AM,966.15,1,966.15,81901539.45000015
2025-08-01 11:05:18 AM,966.25,15,14493.75,81916033.20000015
2025-08-01 11:05:34 AM,966.45,0,0.0,81916033.20000015
2025-08-01 11:05:35 AM,966.45,2,1932.9,81917966.10000016
2025-08-01 11:05:43 AM,967.0,0,0.0,81917966.10000016
2025-08-01 11:05:45 AM,967.0,4,3868.0,81921834.10000016
2025-08-01 11:06:05 AM,966.3,0,0.0,81921834.10000016
2025-08-01 11:06:06 AM,966.3,10,9663.0,81931497.10000016
2025-08-01 11:06:26 AM,967.45,0,0.0,81931497.10000016
2025-08-01 11:06:29 AM,967.45,205,198327.25,82129824.35000016
2025-08-01 11:06:30 AM,967.5,0,0.0,82129824.35000016
2025-08-01 11:06:31 AM,967.5,1,967.5,82130791.85000016
2025-08-01 11:06:32 AM,966.7,0,0.0,82130791.85000016
2025-08-01 11:06:36 AM,966.7,2,1933.4,82132725.25000016
2025-08-01 11:06:41 AM,967.35,0,0.0,82132725.25000016
2025-08-01 11:06:42 AM,967.35,2,1934.7,82134659.95000017
2025-08-01 11:06:55 AM,966.5,1,966.5,82135626.45000017
2025-08-01 11:07:47 AM,967.5,0,0.0,82135626.45000017
2025-08-01 11:07:47 AM,967.5,30,29025.0,82164651.45000017
2025-08-01 11:07:49 AM,967.5,2,1935.0,82166586.45000017
2025-08-01 11:08:29 AM,967.5,1,967.5,82167553.95000017
2025-08-01 11:08:39 AM,966.7,0,0.0,82167553.95000017
2025-08-01 11:08:40 AM,966.7,1,966.7,82168520.65000017
2025-08-01 11:08:45 AM,967.5,0,0.0,82168520.65000017
2025-08-01 11:08:47 AM,967.5,2,1935.0,82170455.65000017
2025-08-01 11:08:50 AM,967.5,15,14512.5,82184968.15000017
2025-08-01 11:09:08 AM,967.4,0,0.0,82184968.15000017
2025-08-01 11:09:11 AM,967.4,1,967.4,82185935.55000018
2025-08-01 11:09:36 AM,966.7,0,0.0,82185935.55000018
2025-08-01 11:09:38 AM,966.0,12,11592.0,82197527.55000018
2025-08-01 11:10:19 AM,966.05,1,966.05,82198493.60000017
2025-08-01 11:10:28 AM,966.45,0,0.0,82198493.60000017
2025-08-01 11:10:29 AM,966.45,501,484191.45,82682685.05000018
2025-08-01 11:10:30 AM,965.5,0,0.0,82682685.05000018
2025-08-01 11:10:30 AM,965.5,2,1931.0,82684616.05000018
2025-08-01 11:10:40 AM,965.5,2,1931.0,82686547.05000018
2025-08-01 11:10:57 AM,965.3,50,48265.0,82734812.05000018
2025-08-01 11:11:02 AM,965.4,6,5792.4,82740604.45000018
2025-08-01 11:11:14 AM,965.0,0,0.0,82740604.45000018
2025-08-01 11:11:14 AM,965.0,1001,965965.0,83706569.45000018
2025-08-01 11:11:16 AM,966.05,0,0.0,83706569.45000018
2025-08-01 11:11:18 AM,966.05,954,921611.7,84628181.15000018
2025-08-01 11:11:26 AM,966.0,0,0.0,84628181.15000018
2025-08-01 11:11:29 AM,966.0,46,44436.0,84672617.15000018
2025-08-01 11:11:36 AM,966.1,0,0.0,84672617.15000018
2025-08-01 11:11:40 AM,965.45,0,0.0,84672617.15000018
2025-08-01 11:11:40 AM,965.45,7,6758.150000000001,84679375.30000019
2025-08-01 11:11:48 AM,966.35,0,0.0,84679375.30000019
2025-08-01 11:11:51 AM,966.35,1,966.35,84680341.65000018
2025-08-01 11:11:57 AM,966.75,32,30936.0,84711277.65000018
2025-08-01 11:12:04 AM,965.9,0,0.0,84711277.65000018
2025-08-01 11:12:06 AM,965.9,1,965.9,84712243.55000019
2025-08-01 11:13:02 AM,965.75,0,0.0,84712243.55000019
2025-08-01 11:13:05 AM,965.75,12,11589.0,84723832.55000019
2025-08-01 11:13:08 AM,965.7,0,0.0,84723832.55000019
2025-08-01 11:13:10 AM,965.7,1,965.7,84724798.2500002
2025-08-01 11:13:21 AM,965.7,520,502164.0,85226962.2500002
2025-08-01 11:13:47 AM,964.9,0,0.0,85226962.2500002
2025-08-01 11:13:48 AM,964.9,1,964.9,85227927.1500002
2025-08-01 11:13:53 AM,964.85,0,0.0,85227927.1500002
2025-08-01 11:13:54 AM,964.85,20,19297.0,85247224.1500002
2025-08-01 11:14:11 AM,965.55,0,0.0,85247224.1500002
2025-08-01 11:14:12 AM,965.55,1,965.55,85248189.7000002
2025-08-01 11:14:32 AM,965.55,1,965.55,85249155.2500002
2025-08-01 11:14:35 AM,966.1,0,0.0,85249155.2500002
2025-08-01 11:14:37 AM,966.1,42,40576.200000000004,85289731.4500002
2025-08-01 11:14:47 AM,966.45,2,1932.9,85291664.3500002
2025-08-01 11:15:31 AM,965.6,1,965.6,85292629.9500002
2025-08-01 11:15:45 AM,966.5,0,0.0,85292629.9500002
2025-08-01 11:15:46 AM,966.5,2,1933.0,85294562.9500002
2025-08-01 11:15:51 AM,966.5,1,966.5,85295529.4500002
2025-08-01 11:16:05 AM,966.0,0,0.0,85295529.4500002
2025-08-01 11:16:07 AM,966.0,26,25116.0,85320645.4500002
2025-08-01 11:16:08 AM,965.4,3,2896.2,85323541.6500002
2025-08-01 11:16:27 AM,965.1,0,0.0,85323541.6500002
2025-08-01 11:16:29 AM,965.1,7,6755.7,85330297.3500002
2025-08-01 11:16:31 AM,965.4,0,0.0,85330297.3500002
2025-08-01 11:16:34 AM,965.4,6,5792.4,85336089.75000021
2025-08-01 11:17:11 AM,965.4,1,965.4,85337055.15000021
2025-08-01 11:17:13 AM,965.1,0,0.0,85337055.15000021
2025-08-01 11:17:15 AM,965.1,1,965.1,85338020.25000021
2025-08-01 11:17:41 AM,965.4,0,0.0,85338020.25000021
2025-08-01 11:17:42 AM,965.4,6,5792.4,85343812.65000021
2025-08-01 11:17:45 AM,965.1,0,0.0,85343812.65000021
2025-08-01 11:17:48 AM,965.1,3,2895.3,85346707.95000021
2025-08-01 11:17:53 AM,964.05,0,0.0,85346707.95000021
2025-08-01 11:17:53 AM,964.05,535,515766.75,85862474.70000021
2025-08-01 11:17:55 AM,965.1,0,0.0,85862474.70000021
2025-08-01 11:17:55 AM,965.1,4,3860.4,85866335.10000022
2025-08-01 11:18:29 AM,965.05,0,0.0,85866335.10000022
2025-08-01 11:18:31 AM,964.3,0,0.0,85866335.10000022
2025-08-01 11:18:31 AM,964.3,4,3857.2,85870192.30000022
2025-08-01 11:18:35 AM,964.95,0,0.0,85870192.30000022
2025-08-01 11:18:37 AM,964.95,27,26053.65,85896245.95000023
2025-08-01 11:18:51 AM,963.65,0,0.0,85896245.95000023
2025-08-01 11:18:53 AM,964.55,0,0.0,85896245.95000023
2025-08-01 11:18:55 AM,964.55,111,107065.04999999999,86003311.00000022
2025-08-01 11:18:57 AM,964.0,0,0.0,86003311.00000022
2025-08-01 11:19:00 AM,964.0,1,964.0,86004275.00000022
2025-08-01 11:19:01 AM,964.6,2,1929.2,86006204.20000023
2025-08-01 11:19:48 AM,964.65,0,0.0,86006204.20000023
2025-08-01 11:19:50 AM,964.65,1,964.65,86007168.85000023
2025-08-01 11:19:57 AM,963.65,0,0.0,86007168.85000023
2025-08-01 11:20:00 AM,963.65,2,1927.3,86009096.15000023
2025-08-01 11:20:06 AM,963.0,475,457425.0,86466521.15000023
2025-08-01 11:20:09 AM,963.1,0,0.0,86466521.15000023
2025-08-01 11:20:11 AM,963.1,5,4815.5,86471336.65000023
2025-08-01 11:20:21 AM,962.5,0,0.0,86471336.65000023
2025-08-01 11:20:22 AM,962.5,300,288750.0,86760086.65000023
2025-08-01 11:20:36 AM,963.35,0,0.0,86760086.65000023
2025-08-01 11:20:38 AM,963.35,3,2890.05,86762976.70000023
2025-08-01 11:20:39 AM,962.5,0,0.0,86762976.70000023
2025-08-01 11:20:43 AM,962.5,1,962.5,86763939.20000023
2025-08-01 11:20:52 AM,963.35,0,0.0,86763939.20000023
2025-08-01 11:20:53 AM,963.35,10,9633.5,86773572.70000023
2025-08-01 11:21:06 AM,963.4,0,0.0,86773572.70000023
2025-08-01 11:21:08 AM,963.35,0,0.0,86773572.70000023
2025-08-01 11:21:09 AM,963.35,12,11560.2,86785132.90000023
2025-08-01 11:21:13 AM,963.3,0,0.0,86785132.90000023
2025-08-01 11:21:14 AM,963.3,1,963.3,86786096.20000023
2025-08-01 11:21:45 AM,963.3,1,963.3,86787059.50000022
2025-08-01 11:22:07 AM,963.5,0,0.0,86787059.50000022
2025-08-01 11:22:11 AM,963.5,4,3854.0,86790913.50000022
2025-08-01 11:22:22 AM,963.55,2,1927.1,86792840.60000022
2025-08-01 11:22:28 AM,964.3,0,0.0,86792840.60000022
2025-08-01 11:22:33 AM,964.3,1,964.3,86793804.90000021
2025-08-01 11:22:54 AM,964.3,1,964.3,86794769.20000021
2025-08-01 11:22:59 AM,964.3,4,3857.2,86798626.40000021
2025-08-01 11:23:20 AM,964.3,3,2892.8999999999996,86801519.30000022
2025-08-01 11:23:23 AM,964.4,0,0.0,86801519.30000022
2025-08-01 11:23:25 AM,964.4,10,9644.0,86811163.30000022
2025-08-01 11:23:48 AM,964.5,0,0.0,86811163.30000022
2025-08-01 11:23:51 AM,964.5,1,964.5,86812127.80000022
2025-08-01 11:24:05 AM,963.6,0,0.0,86812127.80000022
2025-08-01 11:24:05 AM,963.6,1,963.6,86813091.40000021
2025-08-01 11:24:16 AM,964.65,20,19293.0,86832384.40000021
2025-08-01 11:24:17 AM,963.8,0,0.0,86832384.40000021
2025-08-01 11:24:21 AM,963.8,1,963.8,86833348.20000021
2025-08-01 11:24:32 AM,964.65,0,0.0,86833348.20000021
2025-08-01 11:24:32 AM,964.65,2,1929.3,86835277.50000021
2025-08-01 11:24:48 AM,964.65,2,1929.3,86837206.8000002
2025-08-01 11:24:55 AM,963.85,0,0.0,86837206.8000002
2025-08-01 11:24:59 AM,963.85,24,23132.4,86860339.20000021
2025-08-01 11:25:08 AM,964.7,0,0.0,86860339.20000021
2025-08-01 11:25:09 AM,964.7,1,964.7,86861303.90000021
2025-08-01 11:25:43 AM,963.95,0,0.0,86861303.90000021
2025-08-01 11:25:46 AM,963.95,10,9639.5,86870943.40000021
2025-08-01 11:25:48 AM,963.5,0,0.0,86870943.40000021
2025-08-01 11:25:51 AM,963.5,101,97313.5,86968256.90000021
2025-08-01 11:26:17 AM,963.45,0,0.0,86968256.90000021
2025-08-01 11:26:17 AM,963.45,1,963.45,86969220.35000022
2025-08-01 11:26:18 AM,963.0,0,0.0,86969220.35000022
2025-08-01 11:26:22 AM,963.0,2,1926.0,86971146.35000022
2025-08-01 11:26:28 AM,963.45,0,0.0,86971146.35000022
2025-08-01 11:26:32 AM,963.45,1,963.45,86972109.80000022
2025-08-01 11:26:42 AM,963.45,2,1926.9,86974036.70000023
2025-08-01 11:27:28 AM,963.0,0,0.0,86974036.70000023
2025-08-01 11:27:29 AM,963.0,157,151191.0,87125227.70000023
2025-08-01 11:27:31 AM,962.5,0,0.0,87125227.70000023
2025-08-01 11:27:33 AM,962.5,1,962.5,87126190.20000023
2025-08-01 11:27:48 AM,962.85,0,0.0,87126190.20000023
2025-08-01 11:27:48 AM,962.85,1,962.85,87127153.05000022
2025-08-01 11:27:50 AM,962.85,1,962.85,87128115.90000021
2025-08-01 11:27:53 AM,963.45,0,0.0,87128115.90000021
2025-08-01 11:27:54 AM,963.45,200,192690.0,87320805.90000021
2025-08-01 11:28:49 AM,962.5,0,0.0,87320805.90000021
2025-08-01 11:28:50 AM,962.5,42,40425.0,87361230.90000021
2025-08-01 11:28:56 AM,963.05,0,0.0,87361230.90000021
2025-08-01 11:28:57 AM,963.05,7,6741.349999999999,87367972.25000021
2025-08-01 11:29:08 AM,963.25,0,0.0,87367972.25000021
2025-08-01 11:29:10 AM,963.25,1,963.25,87368935.50000021
2025-08-01 11:29:14 AM,963.05,0,0.0,87368935.50000021
2025-08-01 11:29:16 AM,963.05,1,963.05,87369898.5500002
2025-08-01 11:29:31 AM,963.55,0,0.0,87369898.5500002
2025-08-01 11:29:32 AM,963.55,4,3854.2,87373752.75000021
2025-08-01 11:29:39 AM,963.55,10,9635.5,87383388.25000021
2025-08-01 11:29:46 AM,963.05,0,0.0,87383388.25000021
2025-08-01 11:29:47 AM,963.05,3,2889.1499999999996,87386277.40000021
2025-08-01 11:30:13 AM,963.75,0,0.0,87386277.40000021
2025-08-01 11:30:14 AM,963.75,1,963.75,87387241.15000021
2025-08-01 11:30:16 AM,963.05,21,20224.05,87407465.20000021
2025-08-01 11:30:29 AM,963.65,1,963.65,87408428.85000022
2025-08-01 11:30:57 AM,963.05,0,0.0,87408428.85000022
2025-08-01 11:30:58 AM,963.05,1,963.05,87409391.90000021
2025-08-01 11:31:01 AM,963.6,3,2890.8,87412282.70000021
2025-08-01 11:31:15 AM,963.05,0,0.0,87412282.70000021
2025-08-01 11:31:16 AM,963.05,1,963.05,87413245.75000021
2025-08-01 11:31:24 AM,963.05,7,6741.349999999999,87419987.1000002
2025-08-01 11:31:48 AM,963.55,0,0.0,87419987.1000002
2025-08-01 11:31:49 AM,963.55,1,963.55,87420950.6500002
2025-08-01 11:31:52 AM,963.65,0,0.0,87420950.6500002
2025-08-01 11:31:52 AM,963.65,55,53000.75,87473951.4000002
2025-08-01 11:31:59 AM,963.6,1,963.6,87474915.0000002
2025-08-01 11:32:40 AM,963.05,0,0.0,87474915.0000002
2025-08-01 11:32:41 AM,963.05,1,963.05,87475878.05000019
2025-08-01 11:32:43 AM,963.6,0,0.0,87475878.05000019
2025-08-01 11:32:44 AM,963.6,5,4818.0,87480696.05000019
2025-08-01 11:32:54 AM,963.0,0,0.0,87480696.05000019
2025-08-01 11:32:55 AM,963.0,68,65484.0,87546180.05000019
2025-08-01 11:33:02 AM,962.5,0,0.0,87546180.05000019
2025-08-01 11:33:05 AM,962.5,19,18287.5,87564467.55000019
2025-08-01 11:33:09 AM,962.95,0,0.0,87564467.55000019
2025-08-01 11:33:11 AM,962.95,1,962.95,87565430.5000002
2025-08-01 11:33:12 AM,962.5,0,0.0,87565430.5000002
2025-08-01 11:33:16 AM,962.5,41,39462.5,87604893.0000002
2025-08-01 11:33:25 AM,962.45,0,0.0,87604893.0000002
2025-08-01 11:33:26 AM,962.45,1,962.45,87605855.4500002
2025-08-01 11:33:48 AM,962.15,0,0.0,87605855.4500002
2025-08-01 11:33:51 AM,962.15,1,962.15,87606817.6000002
2025-08-01 11:33:56 AM,962.0,0,0.0,87606817.6000002
2025-08-01 11:33:57 AM,962.0,22,21164.0,87627981.6000002
2025-08-01 11:34:03 AM,962.45,0,0.0,87627981.6000002
2025-08-01 11:34:06 AM,962.45,3,2887.3500000000004,87630868.9500002
2025-08-01 11:34:23 AM,962.0,0,0.0,87630868.9500002
2025-08-01 11:34:27 AM,962.0,1,962.0,87631830.9500002
2025-08-01 11:34:28 AM,962.5,0,0.0,87631830.9500002
2025-08-01 11:34:32 AM,962.5,1,962.5,87632793.4500002
2025-08-01 11:34:38 AM,962.0,1,962.0,87633755.4500002
2025-08-01 11:35:05 AM,962.5,0,0.0,87633755.4500002
2025-08-01 11:35:09 AM,962.5,2,1925.0,87635680.4500002
2025-08-01 11:35:14 AM,962.5,2,1925.0,87637605.4500002
2025-08-01 11:35:41 AM,962.5,1,962.5,87638567.9500002
2025-08-01 11:35:51 AM,962.5,1,962.5,87639530.4500002
2025-08-01 11:36:02 AM,962.05,1,962.05,87640492.5000002
2025-08-01 11:36:06 AM,962.05,1,962.05,87641454.55000019
2025-08-01 11:36:22 AM,962.5,26,25025.0,87666479.55000019
2025-08-01 11:36:48 AM,962.85,0,0.0,87666479.55000019
2025-08-01 11:36:48 AM,962.85,1,962.85,87667442.40000018
2025-08-01 11:36:59 AM,962.85,5,4814.25,87672256.65000018
2025-08-01 11:37:09 AM,962.85,1,962.85,87673219.50000018
2025-08-01 11:37:11 AM,963.1,0,0.0,87673219.50000018
2025-08-01 11:37:15 AM,963.1,2,1926.2,87675145.70000018
2025-08-01 11:37:20 AM,963.1,3,2889.3,87678035.00000018
2025-08-01 11:37:49 AM,962.5,0,0.0,87678035.00000018
2025-08-01 11:37:51 AM,962.55,0,0.0,87678035.00000018
2025-08-01 11:37:51 AM,962.55,2,1925.1,87679960.10000017
2025-08-01 11:38:20 AM,963.35,0,0.0,87679960.10000017
2025-08-01 11:38:21 AM,963.35,2,1926.7,87681886.80000018
2025-08-01 11:38:27 AM,963.5,2,1927.0,87683813.80000018
2025-08-01 11:38:31 AM,963.5,1,963.5,87684777.30000018
2025-08-01 11:38:33 AM,962.7,0,0.0,87684777.30000018
2025-08-01 11:38:36 AM,962.7,4,3850.8,87688628.10000017
2025-08-01 11:39:15 AM,963.45,0,0.0,87688628.10000017
2025-08-01 11:39:16 AM,963.45,5,4817.25,87693445.35000017
2025-08-01 11:39:31 AM,962.6,151,145352.6,87838797.95000017
2025-08-01 11:39:33 AM,962.0,1,962.0,87839759.95000017
2025-08-01 11:39:36 AM,962.45,0,0.0,87839759.95000017
2025-08-01 11:39:37 AM,962.45,1,962.45,87840722.40000017
2025-08-01 11:39:39 AM,961.5,190,182685.0,88023407.40000017
2025-08-01 11:39:49 AM,961.45,1,961.45,88024368.85000017
2025-08-01 11:40:32 AM,958.15,0,0.0,88024368.85000017
2025-08-01 11:40:34 AM,958.15,1972,1889471.8,89913840.65000017
2025-08-01 11:40:35 AM,958.0,0,0.0,89913840.65000017
2025-08-01 11:40:36 AM,958.0,15,14370.0,89928210.65000017
2025-08-01 11:40:40 AM,958.0,1,958.0,89929168.65000017
2025-08-01 11:40:45 AM,958.0,1,958.0,89930126.65000017
2025-08-01 11:40:59 AM,958.15,0,0.0,89930126.65000017
2025-08-01 11:41:00 AM,958.15,1,958.15,89931084.80000018
2025-08-01 11:41:10 AM,958.15,4,3832.6,89934917.40000017
2025-08-01 11:41:15 AM,958.0,0,0.0,89934917.40000017
2025-08-01 11:41:15 AM,958.0,2,1916.0,89936833.40000017
2025-08-01 11:41:19 AM,958.5,0,0.0,89936833.40000017
2025-08-01 11:41:20 AM,958.5,31,29713.5,89966546.90000017
2025-08-01 11:41:25 AM,958.05,100,95805.0,90062351.90000017
2025-08-01 11:41:39 AM,958.45,0,0.0,90062351.90000017
2025-08-01 11:41:40 AM,958.45,10,9584.5,90071936.40000017
2025-08-01 11:41:43 AM,958.5,0,0.0,90071936.40000017
2025-08-01 11:41:45 AM,958.5,1,958.5,90072894.90000017
2025-08-01 11:42:01 AM,958.5,60,57510.0,90130404.90000017
2025-08-01 11:42:11 AM,958.5,2,1917.0,90132321.90000017
2025-08-01 11:42:26 AM,958.5,1,958.5,90133280.40000017
2025-08-01 11:42:31 AM,958.5,1,958.5,90134238.90000017
2025-08-01 11:42:42 AM,958.5,1,958.5,90135197.40000017
2025-08-01 11:42:47 AM,958.0,0,0.0,90135197.40000017
2025-08-01 11:42:48 AM,958.0,1084,1038472.0,91173669.40000017
2025-08-01 11:42:53 AM,957.6,28,26812.8,91200482.20000017
2025-08-01 11:42:55 AM,957.95,0,0.0,91200482.20000017
2025-08-01 11:42:58 AM,957.6,16,15321.6,91215803.80000016
2025-08-01 11:43:05 AM,957.95,0,0.0,91215803.80000016
2025-08-01 11:43:08 AM,957.95,17,16285.150000000001,91232088.95000017
2025-08-01 11:43:19 AM,958.2,0,0.0,91232088.95000017
2025-08-01 11:43:19 AM,958.2,7,6707.400000000001,91238796.35000017
2025-08-01 11:43:39 AM,958.0,0,0.0,91238796.35000017
2025-08-01 11:43:40 AM,958.0,1,958.0,91239754.35000017
2025-08-01 11:43:49 AM,958.25,0,0.0,91239754.35000017
2025-08-01 11:43:51 AM,958.25,1,958.25,91240712.60000017
2025-08-01 11:44:07 AM,958.0,64,61312.0,91302024.60000017
2025-08-01 11:44:09 AM,957.6,0,0.0,91302024.60000017
2025-08-01 11:44:13 AM,957.6,60,57456.0,91359480.60000017
2025-08-01 11:44:25 AM,957.6,70,67032.0,91426512.60000017
2025-08-01 11:44:34 AM,957.4,0,0.0,91426512.60000017
2025-08-01 11:44:36 AM,957.4,1,957.4,91427470.00000018
2025-08-01 11:44:37 AM,957.5,0,0.0,91427470.00000018
2025-08-01 11:44:42 AM,957.0,5,4785.0,91432255.00000018
2025-08-01 11:45:08 AM,957.5,1,957.5,91433212.50000018
2025-08-01 11:45:33 AM,957.95,0,0.0,91433212.50000018
2025-08-01 11:45:35 AM,957.95,40,38318.0,91471530.50000018
2025-08-01 11:45:45 AM,957.1,0,0.0,91471530.50000018
2025-08-01 11:45:46 AM,957.1,21,20099.100000000002,91491629.60000017
2025-08-01 11:45:56 AM,957.75,0,0.0,91491629.60000017
2025-08-01 11:45:57 AM,957.75,2,1915.5,91493545.10000017
2025-08-01 11:46:24 AM,957.1,1,957.1,91494502.20000017
2025-08-01 11:46:28 AM,957.8,0,0.0,91494502.20000017
2025-08-01 11:46:28 AM,957.8,1,957.8,91495460.00000016
2025-08-01 11:46:48 AM,957.1,0,0.0,91495460.00000016
2025-08-01 11:46:50 AM,957.1,13,12442.300000000001,91507902.30000016
2025-08-01 11:46:52 AM,957.75,0,0.0,91507902.30000016
2025-08-01 11:46:55 AM,957.75,2,1915.5,91509817.80000016
2025-08-01 11:47:09 AM,957.7,0,0.0,91509817.80000016
2025-08-01 11:47:10 AM,957.7,10,9577.0,91519394.80000016
2025-08-01 11:47:14 AM,957.75,0,0.0,91519394.80000016
2025-08-01 11:47:16 AM,957.75,5,4788.75,91524183.55000016
2025-08-01 11:47:43 AM,957.8,0,0.0,91524183.55000016
2025-08-01 11:47:46 AM,957.8,166,158994.8,91683178.35000016
2025-08-01 11:47:48 AM,958.15,0,0.0,91683178.35000016
2025-08-01 11:47:51 AM,958.15,9,8623.35,91691801.70000015
2025-08-01 11:48:07 AM,957.6,1,957.6,91692759.30000015
2025-08-01 11:48:34 AM,958.2,0,0.0,91692759.30000015
2025-08-01 11:48:37 AM,958.2,1,958.2,91693717.50000015
2025-08-01 11:48:42 AM,958.25,40,38330.0,91732047.50000015
2025-08-01 11:48:56 AM,958.65,0,0.0,91732047.50000015
2025-08-01 11:48:57 AM,958.65,5,4793.25,91736840.75000015
2025-08-01 11:49:02 AM,958.65,2,1917.3,91738758.05000015
2025-08-01 11:49:05 AM,958.95,0,0.0,91738758.05000015
2025-08-01 11:49:07 AM,958.95,35,33563.25,91772321.30000015
2025-08-01 11:49:08 AM,958.9,0,0.0,91772321.30000015
2025-08-01 11:49:13 AM,958.9,1,958.9,91773280.20000015
2025-08-01 11:49:18 AM,958.9,1,958.9,91774239.10000016
2025-08-01 11:49:20 AM,958.25,0,0.0,91774239.10000016
2025-08-01 11:49:23 AM,960.0,0,0.0,91774239.10000016
2025-08-01 11:49:23 AM,960.0,153,146880.0,91921119.10000016
2025-08-01 11:49:37 AM,958.9,0,0.0,91921119.10000016
2025-08-01 11:49:39 AM,958.9,100,95890.0,92017009.10000016
2025-08-01 11:49:49 AM,958.9,1,958.9,92017968.00000016
2025-08-01 11:49:51 AM,959.6,0,0.0,92017968.00000016
2025-08-01 11:49:55 AM,959.6,1,959.6,92018927.60000016
2025-08-01 11:49:56 AM,961.55,0,0.0,92018927.60000016
2025-08-01 11:50:00 AM,961.55,3621,3481772.55,95500700.15000015
2025-08-01 11:50:01 AM,961.4,0,0.0,95500700.15000015
2025-08-01 11:50:05 AM,960.1,336,322593.60000000003,95823293.75000015
2025-08-01 11:50:09 AM,960.05,0,0.0,95823293.75000015
2025-08-01 11:50:10 AM,960.05,2,1920.1,95825213.85000014
2025-08-01 11:50:15 AM,960.1,0,0.0,95825213.85000014
2025-08-01 11:50:15 AM,960.1,39,37443.9,95862657.75000015
2025-08-01 11:50:22 AM,961.1,0,0.0,95862657.75000015
2025-08-01 11:50:26 AM,961.1,1251,1202336.1,97064993.85000014
2025-08-01 11:50:28 AM,961.95,0,0.0,97064993.85000014
2025-08-01 11:50:31 AM,961.85,2,1923.7,97066917.55000015
2025-08-01 11:50:36 AM,962.15,1,962.15,97067879.70000015
2025-08-01 11:50:40 AM,962.5,0,0.0,97067879.70000015
2025-08-01 11:50:41 AM,962.3,74,71210.2,97139089.90000015
2025-08-01 11:50:47 AM,962.2,0,0.0,97139089.90000015
2025-08-01 11:50:50 AM,962.2,5,4811.0,97143900.90000015
2025-08-01 11:51:00 AM,962.0,707,680134.0,97824034.90000015
2025-08-01 11:51:01 AM,962.1,0,0.0,97824034.90000015
2025-08-01 11:51:05 AM,962.1,44,42332.4,97866367.30000016
2025-08-01 11:51:29 AM,961.95,0,0.0,97866367.30000016
2025-08-01 11:51:30 AM,962.15,4,3848.6,97870215.90000015
2025-08-01 11:51:33 AM,961.3,0,0.0,97870215.90000015
2025-08-01 11:51:35 AM,961.3,1,961.3,97871177.20000015
2025-08-01 11:51:48 AM,962.35,0,0.0,97871177.20000015
2025-08-01 11:51:49 AM,961.1,0,0.0,97871177.20000015
2025-08-01 11:51:50 AM,961.1,51,49016.1,97920193.30000015
2025-08-01 11:52:40 AM,962.2,0,0.0,97920193.30000015
2025-08-01 11:52:40 AM,962.2,1,962.2,97921155.50000015
2025-08-01 11:52:51 AM,962.8,0,0.0,97921155.50000015
2025-08-01 11:52:51 AM,962.8,1,962.8,97922118.30000015
2025-08-01 11:52:57 AM,963.2,0,0.0,97922118.30000015
2025-08-01 11:53:00 AM,963.2,2,1926.4,97924044.70000015
2025-08-01 11:53:10 AM,963.2,1,963.2,97925007.90000015
2025-08-01 11:53:16 AM,962.7,1,962.7,97925970.60000016
2025-08-01 11:53:22 AM,963.2,1,963.2,97926933.80000016
2025-08-01 11:54:06 AM,963.2,19,18300.8,97945234.60000016
2025-08-01 11:54:28 AM,963.85,1,963.85,97946198.45000015
2025-08-01 11:54:59 AM,963.2,0,0.0,97946198.45000015
2025-08-01 11:55:02 AM,963.2,1,963.2,97947161.65000015
2025-08-01 11:55:11 AM,962.8,0,0.0,97947161.65000015
2025-08-01 11:55:12 AM,962.8,50,48140.0,97995301.65000015
2025-08-01 11:55:33 AM,963.45,0,0.0,97995301.65000015
2025-08-01 11:55:34 AM,963.45,25,24086.25,98019387.90000015
2025-08-01 11:55:48 AM,963.4,0,0.0,98019387.90000015
2025-08-01 11:55:49 AM,963.4,2,1926.8,98021314.70000015
2025-08-01 11:56:07 AM,963.4,20,19268.0,98040582.70000015
2025-08-01 11:56:42 AM,962.6,0,0.0,98040582.70000015
2025-08-01 11:56:43 AM,962.6,1,962.6,98041545.30000015
2025-08-01 11:56:47 AM,963.4,0,0.0,98041545.30000015
2025-08-01 11:56:48 AM,963.4,2,1926.8,98043472.10000014
2025-08-01 11:57:08 AM,963.4,1,963.4,98044435.50000015
2025-08-01 11:57:29 AM,962.4,0,0.0,98044435.50000015
2025-08-01 11:57:30 AM,962.4,55,52932.0,98097367.50000015
2025-08-01 11:57:36 AM,961.85,0,0.0,98097367.50000015
2025-08-01 11:57:38 AM,961.85,110,105803.5,98203171.00000015
2025-08-01 11:57:48 AM,960.45,285,273728.25,98476899.25000015
2025-08-01 11:58:23 AM,960.65,0,0.0,98476899.25000015
2025-08-01 11:58:26 AM,960.65,1,960.65,98477859.90000015
2025-08-01 11:58:28 AM,961.25,0,0.0,98477859.90000015
2025-08-01 11:58:31 AM,961.25,1,961.25,98478821.15000015
2025-08-01 11:58:58 AM,960.0,0,0.0,98478821.15000015
2025-08-01 11:58:59 AM,960.0,20,19200.0,98498021.15000015
2025-08-01 11:59:23 AM,960.3,2,1920.6,98499941.75000015
2025-08-01 11:59:38 AM,959.55,0,0.0,98499941.75000015
2025-08-01 11:59:38 AM,960.3,0,0.0,98499941.75000015
2025-08-01 11:59:39 AM,960.3,149,143084.69999999998,98643026.45000015
2025-08-01 11:59:40 AM,960.5,0,0.0,98643026.45000015
2025-08-01 11:59:40 AM,960.5,1,960.5,98643986.95000015
2025-08-01 11:59:48 AM,961.25,0,0.0,98643986.95000015
2025-08-01 11:59:49 AM,961.25,1,961.25,98644948.20000015
2025-08-01 12:00:08 PM,960.5,0,0.0,98644948.20000015
2025-08-01 12:00:10 PM,960.5,1,960.5,98645908.70000015
2025-08-01 12:00:17 PM,960.5,10,9605.0,98655513.70000015
2025-08-01 12:01:00 PM,960.5,1,960.5,98656474.20000015
2025-08-01 12:01:05 PM,959.9,0,0.0,98656474.20000015
2025-08-01 12:01:07 PM,959.9,1024,982937.6,99639411.80000015
2025-08-01 12:01:08 PM,960.35,0,0.0,99639411.80000015
2025-08-01 12:01:10 PM,960.35,5,4801.75,99644213.55000015
2025-08-01 12:01:20 PM,960.35,1,960.35,99645173.90000014
2025-08-01 12:01:29 PM,960.1,1,960.1,99646134.00000013
2025-08-01 12:01:34 PM,960.1,2,1920.2,99648054.20000014
2025-08-01 12:01:51 PM,960.25,0,0.0,99648054.20000014
2025-08-01 12:01:52 PM,960.25,2,1920.5,99649974.70000014
2025-08-01 12:02:29 PM,960.25,1,960.25,99650934.95000014
2025-08-01 12:02:33 PM,960.3,0,0.0,99650934.95000014
2025-08-01 12:02:34 PM,960.3,4,3841.2,99654776.15000014
2025-08-01 12:02:45 PM,960.25,0,0.0,99654776.15000014
2025-08-01 12:02:47 PM,960.25,49,47052.25,99701828.40000014
2025-08-01 12:03:26 PM,959.65,0,0.0,99701828.40000014
2025-08-01 12:03:27 PM,959.65,1,959.65,99702788.05000015
2025-08-01 12:03:34 PM,959.15,1,959.15,99703747.20000015
2025-08-01 12:03:48 PM,959.55,0,0.0,99703747.20000015
2025-08-01 12:03:49 PM,959.55,1,959.55,99704706.75000015
2025-08-01 12:03:51 PM,959.2,0,0.0,99704706.75000015
2025-08-01 12:03:52 PM,959.2,1,959.2,99705665.95000015
2025-08-01 12:04:16 PM,959.15,0,0.0,99705665.95000015
2025-08-01 12:04:16 PM,959.15,66,63303.9,99768969.85000016
2025-08-01 12:04:42 PM,960.3,1,960.3,99769930.15000015
2025-08-01 12:05:08 PM,960.2,0,0.0,99769930.15000015
2025-08-01 12:05:09 PM,960.2,1,960.2,99770890.35000016
2025-08-01 12:05:18 PM,959.45,1,959.45,99771849.80000016
2025-08-01 12:05:18 PM,960.2,0,0.0,99771849.80000016
2025-08-01 12:05:19 PM,960.2,4,3840.8,99775690.60000016
2025-08-01 12:05:24 PM,960.5,0,0.0,99775690.60000016
2025-08-01 12:05:26 PM,960.6,0,0.0,99775690.60000016
2025-08-01 12:05:28 PM,960.6,11,10566.6,99786257.20000015
2025-08-01 12:05:38 PM,960.55,1,960.55,99787217.75000015
2025-08-01 12:06:03 PM,960.7,10,9607.0,99796824.75000015
2025-08-01 12:06:28 PM,960.75,1,960.75,99797785.50000015
2025-08-01 12:07:00 PM,960.1,0,0.0,99797785.50000015
2025-08-01 12:07:02 PM,960.1,1,960.1,99798745.60000014
2025-08-01 12:07:27 PM,960.1,10,9601.0,99808346.60000014
2025-08-01 12:07:32 PM,960.7,0,0.0,99808346.60000014
2025-08-01 12:07:32 PM,960.7,25,24017.5,99832364.10000014
2025-08-01 12:07:34 PM,959.7,0,0.0,99832364.10000014
2025-08-01 12:07:37 PM,959.7,100,95970.0,99928334.10000014
2025-08-01 12:07:48 PM,960.65,0,0.0,99928334.10000014
2025-08-01 12:07:53 PM,960.65,1,960.65,99929294.75000015
2025-08-01 12:08:02 PM,959.9,0,0.0,99929294.75000015
2025-08-01 12:08:02 PM,959.9,14,13438.6,99942733.35000014
2025-08-01 12:08:20 PM,960.5,0,0.0,99942733.35000014
2025-08-01 12:08:23 PM,960.5,1,960.5,99943693.85000014
2025-08-01 12:08:33 PM,960.95,152,146064.4,100089758.25000015
2025-08-01 12:08:42 PM,961.05,0,0.0,100089758.25000015
2025-08-01 12:08:43 PM,959.9,56,53754.4,100143512.65000015
2025-08-01 12:08:50 PM,960.85,0,0.0,100143512.65000015
2025-08-01 12:08:52 PM,960.85,50,48042.5,100191555.15000015
2025-08-01 12:09:08 PM,960.85,2,1921.7,100193476.85000016
2025-08-01 12:09:12 PM,960.05,0,0.0,100193476.85000016
2025-08-01 12:09:13 PM,960.05,1,960.05,100194436.90000015
2025-08-01 12:10:00 PM,960.9,0,0.0,100194436.90000015
2025-08-01 12:10:02 PM,960.9,2,1921.8,100196358.70000015
2025-08-01 12:10:22 PM,961.3,0,0.0,100196358.70000015
2025-08-01 12:10:23 PM,961.3,50,48065.0,100244423.70000015
2025-08-01 12:10:26 PM,960.05,0,0.0,100244423.70000015
2025-08-01 12:10:28 PM,960.9,52,49966.799999999996,100294390.50000015
2025-08-01 12:10:36 PM,960.05,0,0.0,100294390.50000015
2025-08-01 12:10:38 PM,960.05,10,9600.5,100303991.00000015
2025-08-01 12:11:48 PM,960.85,0,0.0,100303991.00000015
2025-08-01 12:11:51 PM,960.85,1,960.85,100304951.85000014
2025-08-01 12:12:10 PM,960.1,0,0.0,100304951.85000014
2025-08-01 12:12:11 PM,960.1,1,960.1,100305911.95000014
2025-08-01 12:12:16 PM,960.85,5,4804.25,100310716.20000014
2025-08-01 12:12:34 PM,961.2,0,0.0,100310716.20000014
2025-08-01 12:12:36 PM,961.2,32,30758.4,100341474.60000014
2025-08-01 12:12:41 PM,960.8,2,1921.6,100343396.20000014
2025-08-01 12:12:50 PM,960.4,0,0.0,100343396.20000014
2025-08-01 12:12:52 PM,960.4,52,49940.799999999996,100393337.00000013
2025-08-01 12:13:08 PM,960.7,0,0.0,100393337.00000013
2025-08-01 12:13:12 PM,960.7,1,960.7,100394297.70000014
2025-08-01 12:13:17 PM,960.7,5,4803.5,100399101.20000014
2025-08-01 12:13:52 PM,960.2,0,0.0,100399101.20000014
2025-08-01 12:13:53 PM,960.2,1,960.2,100400061.40000014
2025-08-01 12:14:28 PM,960.7,0,0.0,100400061.40000014
2025-08-01 12:14:31 PM,960.7,1,960.7,100401022.10000014
2025-08-01 12:14:42 PM,960.1,0,0.0,100401022.10000014
2025-08-01 12:14:46 PM,960.1,17,16321.7,100417343.80000015
2025-08-01 12:15:07 PM,960.65,11,10567.15,100427910.95000015
2025-08-01 12:15:28 PM,960.7,0,0.0,100427910.95000015
2025-08-01 12:15:32 PM,960.7,34,32663.800000000003,100460574.75000015
2025-08-01 12:15:36 PM,960.1,0,0.0,100460574.75000015
2025-08-01 12:15:38 PM,960.1,1,960.1,100461534.85000014
2025-08-01 12:15:40 PM,960.3,0,0.0,100461534.85000014
2025-08-01 12:15:43 PM,960.3,1,960.3,100462495.15000014
2025-08-01 12:15:48 PM,960.3,1,960.3,100463455.45000014
2025-08-01 12:16:50 PM,960.5,0,0.0,100463455.45000014
2025-08-01 12:16:52 PM,960.5,1,960.5,100464415.95000014
2025-08-01 12:17:01 PM,960.5,2,1921.0,100466336.95000014
2025-08-01 12:17:11 PM,960.5,1,960.5,100467297.45000014
2025-08-01 12:17:18 PM,960.3,0,0.0,100467297.45000014
2025-08-01 12:17:21 PM,960.3,1,960.3,100468257.75000013
2025-08-01 12:18:28 PM,960.3,10,9603.0,100477860.75000013
2025-08-01 12:18:30 PM,960.5,0,0.0,100477860.75000013
2025-08-01 12:18:33 PM,960.5,1,960.5,100478821.25000013
2025-08-01 12:19:02 PM,960.3,0,0.0,100478821.25000013
2025-08-01 12:19:04 PM,960.3,1,960.3,100479781.55000013
2025-08-01 12:19:19 PM,959.7,867,832059.9,101311841.45000014
2025-08-01 12:19:44 PM,959.7,394,378121.80000000005,101689963.25000013
2025-08-01 12:19:48 PM,959.35,0,0.0,101689963.25000013
2025-08-01 12:19:49 PM,959.35,1,959.35,101690922.60000013
2025-08-01 12:20:03 PM,959.2,0,0.0,101690922.60000013
2025-08-01 12:20:05 PM,959.2,4,3836.8,101694759.40000013
2025-08-01 12:20:15 PM,959.15,0,0.0,101694759.40000013
2025-08-01 12:20:16 PM,958.95,147,140965.65,101835725.05000013
2025-08-01 12:20:44 PM,958.3,0,0.0,101835725.05000013
2025-08-01 12:20:47 PM,958.3,1,958.3,101836683.35000013
2025-08-01 12:21:08 PM,959.25,0,0.0,101836683.35000013
2025-08-01 12:21:12 PM,959.25,1,959.25,101837642.60000013
2025-08-01 12:21:28 PM,959.35,0,0.0,101837642.60000013
2025-08-01 12:21:31 PM,959.35,1,959.35,101838601.95000012
2025-08-01 12:21:35 PM,959.6,0,0.0,101838601.95000012
2025-08-01 12:21:35 PM,959.6,2,1919.2,101840521.15000013
2025-08-01 12:22:07 PM,959.8,0,0.0,101840521.15000013
2025-08-01 12:22:10 PM,959.8,6,5758.799999999999,101846279.95000012
2025-08-01 12:22:19 PM,960.7,0,0.0,101846279.95000012
2025-08-01 12:22:21 PM,960.7,4,3842.8,101850122.75000012
2025-08-01 12:22:27 PM,960.1,0,0.0,101850122.75000012
2025-08-01 12:22:27 PM,960.1,1,960.1,101851082.85000011
2025-08-01 12:22:28 PM,960.85,0,0.0,101851082.85000011
2025-08-01 12:22:32 PM,960.85,1,960.85,101852043.7000001
2025-08-01 12:22:44 PM,960.9,0,0.0,101852043.7000001
2025-08-01 12:22:47 PM,960.9,27,25944.3,101877988.0000001
2025-08-01 12:23:06 PM,962.95,0,0.0,101877988.0000001
2025-08-01 12:23:07 PM,962.95,715,688509.25,102566497.2500001
2025-08-01 12:23:10 PM,960.65,0,0.0,102566497.2500001
2025-08-01 12:23:12 PM,960.65,150,144097.5,102710594.7500001
2025-08-01 12:23:43 PM,961.05,0,0.0,102710594.7500001
2025-08-01 12:23:45 PM,961.05,3,2883.1499999999996,102713477.90000011
2025-08-01 12:23:51 PM,961.05,29,27870.449999999997,102741348.35000011
2025-08-01 12:24:05 PM,961.2,0,0.0,102741348.35000011
2025-08-01 12:24:06 PM,961.2,21,20185.2,102761533.55000012
2025-08-01 12:24:07 PM,961.55,0,0.0,102761533.55000012
2025-08-01 12:24:10 PM,961.15,0,0.0,102761533.55000012
2025-08-01 12:24:11 PM,961.15,2,1922.3,102763455.85000011
2025-08-01 12:24:31 PM,961.55,25,24038.75,102787494.60000011
2025-08-01 12:25:04 PM,961.6,0,0.0,102787494.60000011
2025-08-01 12:25:05 PM,962.0,511,491582.0,103279076.60000011
2025-08-01 12:25:08 PM,961.85,0,0.0,103279076.60000011
2025-08-01 12:25:10 PM,961.85,1,961.85,103280038.4500001
2025-08-01 12:25:26 PM,961.8,25,24045.0,103304083.4500001
2025-08-01 12:25:53 PM,960.6,0,0.0,103304083.4500001
2025-08-01 12:25:56 PM,960.6,1,960.6,103305044.0500001
2025-08-01 12:26:10 PM,961.15,0,0.0,103305044.0500001
2025-08-01 12:26:11 PM,961.15,1,961.15,103306005.2000001
2025-08-01 12:26:28 PM,960.8,0,0.0,103306005.2000001
2025-08-01 12:26:31 PM,960.8,1,960.8,103306966.0000001
2025-08-01 12:26:44 PM,960.75,0,0.0,103306966.0000001
2025-08-01 12:26:46 PM,960.75,3,2882.25,103309848.2500001
2025-08-01 12:27:12 PM,960.75,1,960.75,103310809.0000001
2025-08-01 12:27:29 PM,959.75,0,0.0,103310809.0000001
2025-08-01 12:27:31 PM,959.75,24,23034.0,103333843.0000001
2025-08-01 12:27:36 PM,959.6,0,0.0,103333843.0000001
2025-08-01 12:27:37 PM,959.6,1,959.6,103334802.6000001
2025-08-01 12:27:45 PM,960.0,0,0.0,103334802.6000001
2025-08-01 12:27:46 PM,960.0,4,3840.0,103338642.6000001
2025-08-01 12:27:48 PM,960.1,0,0.0,103338642.6000001
2025-08-01 12:27:51 PM,960.1,1,960.1,103339602.70000009
2025-08-01 12:28:18 PM,959.6,0,0.0,103339602.70000009
2025-08-01 12:28:20 PM,959.6,31,29747.600000000002,103369350.30000009
2025-08-01 12:29:08 PM,959.85,0,0.0,103369350.30000009
2025-08-01 12:29:10 PM,959.85,1,959.85,103370310.15000008
2025-08-01 12:29:19 PM,959.6,0,0.0,103370310.15000008
2025-08-01 12:29:20 PM,959.6,18,17272.8,103387582.95000008
2025-08-01 12:30:20 PM,958.8,25,23970.0,103411552.95000008
2025-08-01 12:30:21 PM,958.6,0,0.0,103411552.95000008
2025-08-01 12:30:23 PM,958.6,153,146665.80000000002,103558218.75000007
2025-08-01 12:30:28 PM,959.15,1,959.15,103559177.90000008
2025-08-01 12:31:02 PM,958.5,0,0.0,103559177.90000008
2025-08-01 12:31:03 PM,958.5,1,958.5,103560136.40000008
2025-08-01 12:31:10 PM,959.7,0,0.0,103560136.40000008
2025-08-01 12:31:12 PM,959.7,100,95970.0,103656106.40000008
2025-08-01 12:31:36 PM,959.85,0,0.0,103656106.40000008
2025-08-01 12:31:38 PM,960.2,0,0.0,103656106.40000008
2025-08-01 12:31:38 PM,960.2,8,7681.6,103663788.00000007
2025-08-01 12:31:49 PM,960.2,2,1920.4,103665708.40000008
2025-08-01 12:31:52 PM,961.0,0,0.0,103665708.40000008
2025-08-01 12:31:54 PM,961.0,2,1922.0,103667630.40000008
2025-08-01 12:31:58 PM,961.35,0,0.0,103667630.40000008
2025-08-01 12:32:00 PM,961.35,12,11536.2,103679166.60000008
2025-08-01 12:32:04 PM,961.8,0,0.0,103679166.60000008
2025-08-01 12:32:05 PM,961.8,3,2885.3999999999996,103682052.00000009
2025-08-01 12:32:08 PM,961.2,0,0.0,103682052.00000009
2025-08-01 12:32:10 PM,961.2,11,10573.2,103692625.20000009
2025-08-01 12:32:46 PM,960.25,0,0.0,103692625.20000009
2025-08-01 12:32:46 PM,960.25,1,960.25,103693585.45000009
2025-08-01 12:33:08 PM,960.75,0,0.0,103693585.45000009
2025-08-01 12:33:11 PM,960.75,1,960.75,103694546.20000009
2025-08-01 12:33:31 PM,960.75,8,7686.0,103702232.20000009
2025-08-01 12:34:04 PM,960.1,0,0.0,103702232.20000009
2025-08-01 12:34:06 PM,960.1,36,34563.6,103736795.80000009
2025-08-01 12:34:12 PM,959.85,3,2879.55,103739675.35000008
2025-08-01 12:34:32 PM,959.85,2,1919.7,103741595.05000009
2025-08-01 12:34:32 PM,959.9,0,0.0,103741595.05000009
2025-08-01 12:34:37 PM,959.9,2,1919.8,103743514.85000008
2025-08-01 12:34:47 PM,959.9,2,1919.8,103745434.65000008
2025-08-01 12:34:50 PM,959.3,0,0.0,103745434.65000008
2025-08-01 12:34:52 PM,959.3,2,1918.6,103747353.25000007
2025-08-01 12:34:56 PM,960.25,0,0.0,103747353.25000007
2025-08-01 12:34:57 PM,960.25,50,48012.5,103795365.75000007
2025-08-01 12:35:48 PM,960.15,0,0.0,103795365.75000007
2025-08-01 12:35:49 PM,960.15,1,960.15,103796325.90000008
2025-08-01 12:35:52 PM,958.95,0,0.0,103796325.90000008
2025-08-01 12:35:54 PM,958.95,30,28768.5,103825094.40000008
2025-08-01 12:36:10 PM,959.0,0,0.0,103825094.40000008
2025-08-01 12:36:10 PM,959.0,1,959.0,103826053.40000008
2025-08-01 12:36:20 PM,958.85,0,0.0,103826053.40000008
2025-08-01 12:36:20 PM,958.85,5,4794.25,103830847.65000008
2025-08-01 12:37:07 PM,958.7,24,23008.800000000003,103853856.45000008
2025-08-01 12:37:09 PM,959.25,0,0.0,103853856.45000008
2025-08-01 12:37:11 PM,959.25,1,959.25,103854815.70000008
2025-08-01 12:37:49 PM,959.9,0,0.0,103854815.70000008
2025-08-01 12:37:51 PM,959.9,50,47995.0,103902810.70000008
2025-08-01 12:37:54 PM,959.0,0,0.0,103902810.70000008
2025-08-01 12:37:56 PM,959.0,1,959.0,103903769.70000008
2025-08-01 12:38:17 PM,959.65,8,7677.2,103911446.90000008
2025-08-01 12:38:28 PM,960.2,0,0.0,103911446.90000008
2025-08-01 12:38:31 PM,960.2,1,960.2,103912407.10000008
2025-08-01 12:39:13 PM,960.25,0,0.0,103912407.10000008
2025-08-01 12:39:14 PM,960.25,1,960.25,103913367.35000008
2025-08-01 12:39:17 PM,960.7,0,0.0,103913367.35000008
2025-08-01 12:39:19 PM,960.7,160,153712.0,104067079.35000008
2025-08-01 12:39:37 PM,959.6,0,0.0,104067079.35000008
2025-08-01 12:39:39 PM,959.6,1,959.6,104068038.95000008
2025-08-01 12:39:48 PM,960.5,0,0.0,104068038.95000008
2025-08-01 12:39:49 PM,960.5,1,960.5,104068999.45000008
2025-08-01 12:40:05 PM,960.5,1,960.5,104069959.95000008
2025-08-01 12:40:26 PM,959.7,0,0.0,104069959.95000008
2025-08-01 12:40:26 PM,959.7,44,42226.8,104112186.75000007
2025-08-01 12:40:32 PM,959.8,0,0.0,104112186.75000007
2025-08-01 12:40:36 PM,959.8,1,959.8,104113146.55000007
2025-08-01 12:41:08 PM,960.25,0,0.0,104113146.55000007
2025-08-01 12:41:12 PM,960.25,1,960.25,104114106.80000007
2025-08-01 12:41:20 PM,959.75,0,0.0,104114106.80000007
2025-08-01 12:41:23 PM,959.75,1,959.75,104115066.55000007
2025-08-01 12:42:28 PM,960.45,0,0.0,104115066.55000007
2025-08-01 12:42:30 PM,960.45,1,960.45,104116027.00000007
2025-08-01 12:42:58 PM,960.35,0,0.0,104116027.00000007
2025-08-01 12:43:01 PM,960.35,3,2881.05,104118908.05000007
2025-08-01 12:43:04 PM,959.75,0,0.0,104118908.05000007
2025-08-01 12:43:06 PM,959.75,1,959.75,104119867.80000007
2025-08-01 12:43:22 PM,960.35,0,0.0,104119867.80000007
2025-08-01 12:43:23 PM,960.35,3,2881.05,104122748.85000007
2025-08-01 12:43:24 PM,959.5,14,13433.0,104136181.85000007
2025-08-01 12:43:34 PM,959.15,1,959.15,104137141.00000007
2025-08-01 12:43:37 PM,959.5,0,0.0,104137141.00000007
2025-08-01 12:43:40 PM,959.5,1,959.5,104138100.50000007
2025-08-01 12:43:45 PM,959.5,5,4797.5,104142898.00000007
2025-08-01 12:43:51 PM,959.5,1,959.5,104143857.50000007
2025-08-01 12:43:56 PM,959.5,5,4797.5,104148655.00000007
2025-08-01 12:44:13 PM,959.5,73,70043.5,104218698.50000007
2025-08-01 12:44:22 PM,959.7,0,0.0,104218698.50000007
2025-08-01 12:44:23 PM,959.7,4,3838.8,104222537.30000007
2025-08-01 12:44:46 PM,959.05,0,0.0,104222537.30000007
2025-08-01 12:44:49 PM,959.05,1,959.05,104223496.35000007
2025-08-01 12:45:08 PM,959.8,0,0.0,104223496.35000007
2025-08-01 12:45:10 PM,959.8,5,4799.0,104228295.35000007
2025-08-01 12:45:36 PM,959.8,10,9598.0,104237893.35000007
2025-08-01 12:45:44 PM,959.15,0,0.0,104237893.35000007
2025-08-01 12:45:46 PM,959.15,10,9591.5,104247484.85000007
2025-08-01 12:46:24 PM,959.7,0,0.0,104247484.85000007
2025-08-01 12:46:26 PM,959.7,37,35508.9,104282993.75000007
2025-08-01 12:46:30 PM,959.15,0,0.0,104282993.75000007
2025-08-01 12:46:31 PM,959.15,1,959.15,104283952.90000008
2025-08-01 12:46:57 PM,959.15,10,9591.5,104293544.40000008
2025-08-01 12:47:18 PM,959.15,1,959.15,104294503.55000009
2025-08-01 12:47:48 PM,959.8,1,959.8,104295463.35000008
2025-08-01 12:48:12 PM,959.2,0,0.0,104295463.35000008
2025-08-01 12:48:13 PM,959.2,1,959.2,104296422.55000009
2025-08-01 12:48:18 PM,959.15,0,0.0,104296422.55000009
2025-08-01 12:48:22 PM,959.15,18,17264.7,104313687.25000009
2025-08-01 12:48:40 PM,959.8,0,0.0,104313687.25000009
2025-08-01 12:48:43 PM,959.8,1,959.8,104314647.05000009
2025-08-01 12:48:50 PM,959.15,0,0.0,104314647.05000009
2025-08-01 12:48:52 PM,959.8,0,0.0,104314647.05000009
2025-08-01 12:48:53 PM,959.8,9,8638.199999999999,104323285.25000009
2025-08-01 12:48:56 PM,959.15,0,0.0,104323285.25000009
2025-08-01 12:48:58 PM,959.15,5,4795.75,104328081.00000009
2025-08-01 12:49:08 PM,959.8,0,0.0,104328081.00000009
2025-08-01 12:49:12 PM,959.8,1,959.8,104329040.80000009
2025-08-01 12:49:41 PM,959.8,10,9598.0,104338638.80000009
2025-08-01 12:49:50 PM,959.9,0,0.0,104338638.80000009
2025-08-01 12:49:51 PM,959.9,27,25917.3,104364556.10000008
2025-08-01 12:49:56 PM,959.15,1,959.15,104365515.25000009
2025-08-01 12:50:28 PM,959.7,1,959.7,104366474.95000009
2025-08-01 12:50:33 PM,959.7,5,4798.5,104371273.45000009
2025-08-01 12:51:00 PM,959.85,0,0.0,104371273.45000009
2025-08-01 12:51:01 PM,959.85,3,2879.55,104374153.00000009
2025-08-01 12:51:11 PM,959.15,5,4795.75,104378948.75000009
2025-08-01 12:51:22 PM,959.15,1,959.15,104379907.9000001
2025-08-01 12:51:36 PM,959.15,1,959.15,104380867.0500001
2025-08-01 12:51:48 PM,959.7,0,0.0,104380867.0500001
2025-08-01 12:51:50 PM,959.7,1,959.7,104381826.7500001
2025-08-01 12:53:05 PM,959.55,2,1919.1,104383745.8500001
2025-08-01 12:53:08 PM,959.6,0,0.0,104383745.8500001
2025-08-01 12:53:09 PM,959.6,1,959.6,104384705.45000009
2025-08-01 12:53:22 PM,959.15,0,0.0,104384705.45000009
2025-08-01 12:53:24 PM,959.15,1,959.15,104385664.6000001
2025-08-01 12:53:44 PM,959.65,0,0.0,104385664.6000001
2025-08-01 12:53:45 PM,959.65,1,959.65,104386624.2500001
2025-08-01 12:53:54 PM,959.9,0,0.0,104386624.2500001
2025-08-01 12:53:55 PM,959.9,4,3839.6,104390463.8500001
2025-08-01 12:54:30 PM,960.35,151,145012.85,104535476.70000009
2025-08-01 12:55:04 PM,959.35,0,0.0,104535476.70000009
2025-08-01 12:55:07 PM,959.35,1,959.35,104536436.05000009
2025-08-01 12:55:48 PM,960.25,0,0.0,104536436.05000009
2025-08-01 12:55:52 PM,960.25,3,2880.75,104539316.80000009
2025-08-01 12:56:48 PM,959.5,1,959.5,104540276.30000009
2025-08-01 12:56:52 PM,959.35,0,0.0,104540276.30000009
2025-08-01 12:56:53 PM,959.35,27,25902.45,104566178.75000009
2025-08-01 12:57:08 PM,959.9,1,959.9,104567138.6500001
2025-08-01 12:57:16 PM,959.35,0,0.0,104567138.6500001
2025-08-01 12:57:17 PM,959.35,2,1918.7,104569057.3500001
2025-08-01 12:58:14 PM,959.0,0,0.0,104569057.3500001
2025-08-01 12:58:17 PM,959.0,37,35483.0,104604540.3500001
2025-08-01 12:58:28 PM,958.85,1,958.85,104605499.20000009
2025-08-01 12:58:30 PM,958.5,0,0.0,104605499.20000009
2025-08-01 12:58:33 PM,958.5,20,19170.0,104624669.20000009
2025-08-01 12:58:58 PM,958.85,372,356692.2,104981361.4000001
2025-08-01 12:59:10 PM,959.05,0,0.0,104981361.4000001
2025-08-01 12:59:13 PM,959.05,100,95905.0,105077266.4000001
2025-08-01 12:59:48 PM,959.5,0,0.0,105077266.4000001
2025-08-01 12:59:49 PM,959.5,1,959.5,105078225.9000001
2025-08-01 12:59:54 PM,959.05,0,0.0,105078225.9000001
2025-08-01 12:59:55 PM,959.05,18,17262.899999999998,105095488.8000001
2025-08-01 01:00:11 PM,959.05,1,959.05,105096447.8500001
2025-08-01 01:00:15 PM,959.5,0,0.0,105096447.8500001
2025-08-01 01:00:15 PM,959.5,31,29744.5,105126192.3500001
2025-08-01 01:01:02 PM,959.5,3,2878.5,105129070.8500001
2025-08-01 01:01:11 PM,959.85,0,0.0,105129070.8500001
2025-08-01 01:01:14 PM,959.85,1,959.85,105130030.70000009
2025-08-01 01:01:15 PM,959.1,9,8631.9,105138662.6000001
2025-08-01 01:01:17 PM,959.85,0,0.0,105138662.6000001
2025-08-01 01:01:19 PM,959.85,2,1919.7,105140582.3000001
2025-08-01 01:01:39 PM,959.8,0,0.0,105140582.3000001
2025-08-01 01:01:39 PM,959.8,1,959.8,105141542.1000001
2025-08-01 01:01:57 PM,959.2,0,0.0,105141542.1000001
2025-08-01 01:01:58 PM,959.2,1,959.2,105142501.3000001
2025-08-01 01:02:07 PM,959.85,0,0.0,105142501.3000001
2025-08-01 01:02:08 PM,959.85,1,959.85,105143461.1500001
2025-08-01 01:02:28 PM,959.85,1,959.85,105144421.00000009
2025-08-01 01:02:31 PM,959.2,0,0.0,105144421.00000009
2025-08-01 01:02:34 PM,959.2,2,1918.4,105146339.4000001
2025-08-01 01:03:37 PM,959.25,0,0.0,105146339.4000001
2025-08-01 01:03:39 PM,959.25,1,959.25,105147298.6500001
2025-08-01 01:03:48 PM,959.85,17,16317.45,105163616.1000001
2025-08-01 01:04:36 PM,959.85,3,2879.55,105166495.6500001
2025-08-01 01:04:51 PM,959.95,0,0.0,105166495.6500001
2025-08-01 01:04:51 PM,959.95,2,1919.9,105168415.5500001
2025-08-01 01:05:11 PM,959.95,1,959.95,105169375.5000001
2025-08-01 01:05:15 PM,960.0,0,0.0,105169375.5000001
2025-08-01 01:05:16 PM,960.0,2,1920.0,105171295.5000001
2025-08-01 01:05:22 PM,959.35,1,959.35,105172254.8500001
2025-08-01 01:06:11 PM,959.4,0,0.0,105172254.8500001
2025-08-01 01:06:13 PM,959.4,5,4797.0,105177051.8500001
2025-08-01 01:06:28 PM,960.0,1,960.0,105178011.8500001
2025-08-01 01:06:44 PM,960.0,6,5760.0,105183771.8500001
2025-08-01 01:07:04 PM,960.1,0,0.0,105183771.8500001
2025-08-01 01:07:04 PM,960.1,1,960.1,105184731.95000009
2025-08-01 01:07:14 PM,960.95,0,0.0,105184731.95000009
2025-08-01 01:07:14 PM,960.95,2,1921.9,105186653.8500001
2025-08-01 01:07:51 PM,960.95,1,960.95,105187614.8000001
2025-08-01 01:08:21 PM,960.95,20,19219.0,105206833.8000001
2025-08-01 01:08:24 PM,960.35,0,0.0,105206833.8000001
2025-08-01 01:08:26 PM,960.35,5,4801.75,105211635.5500001
2025-08-01 01:08:46 PM,960.4,1,960.4,105212595.9500001
2025-08-01 01:09:08 PM,960.95,0,0.0,105212595.9500001
2025-08-01 01:09:10 PM,960.95,1,960.95,105213556.90000011
2025-08-01 01:10:28 PM,960.9,0,0.0,105213556.90000011
2025-08-01 01:10:29 PM,960.9,1,960.9,105214517.80000012
2025-08-01 01:10:31 PM,960.2,1,960.2,105215478.00000012
2025-08-01 01:11:44 PM,960.95,0,0.0,105215478.00000012
2025-08-01 01:11:46 PM,960.95,8,7687.6,105223165.60000011
2025-08-01 01:11:48 PM,960.95,1,960.95,105224126.55000012
2025-08-01 01:12:10 PM,961.0,0,0.0,105224126.55000012
2025-08-01 01:12:11 PM,961.0,20,19220.0,105243346.55000012
2025-08-01 01:12:14 PM,960.2,0,0.0,105243346.55000012
2025-08-01 01:12:16 PM,960.2,1,960.2,105244306.75000012
2025-08-01 01:12:36 PM,961.15,0,0.0,105244306.75000012
2025-08-01 01:12:37 PM,961.15,6,5766.9,105250073.65000013
2025-08-01 01:13:08 PM,961.6,0,0.0,105250073.65000013
2025-08-01 01:13:09 PM,961.6,2,1923.2,105251996.85000013
2025-08-01 01:13:18 PM,961.55,0,0.0,105251996.85000013
2025-08-01 01:13:19 PM,961.55,1,961.55,105252958.40000013
2025-08-01 01:13:35 PM,961.85,0,0.0,105252958.40000013
2025-08-01 01:13:37 PM,961.85,3,2885.55,105255843.95000012
2025-08-01 01:13:58 PM,961.25,1,961.25,105256805.20000012
2025-08-01 01:14:10 PM,961.9,0,0.0,105256805.20000012
2025-08-01 01:14:11 PM,961.9,1,961.9,105257767.10000013
2025-08-01 01:14:28 PM,961.95,0,0.0,105257767.10000013
2025-08-01 01:14:28 PM,961.95,1,961.95,105258729.05000013
2025-08-01 01:14:33 PM,961.95,50,48097.5,105306826.55000013
2025-08-01 01:14:36 PM,961.9,0,0.0,105306826.55000013
2025-08-01 01:14:36 PM,961.9,1,961.9,105307788.45000014
2025-08-01 01:14:57 PM,960.8,30,28824.0,105336612.45000014
2025-08-01 01:15:02 PM,960.8,24,23059.199999999997,105359671.65000014
2025-08-01 01:15:40 PM,960.8,1,960.8,105360632.45000014
2025-08-01 01:15:48 PM,961.4,1,961.4,105361593.85000014
2025-08-01 01:15:58 PM,961.25,5,4806.25,105366400.10000014
2025-08-01 01:17:08 PM,961.25,1,961.25,105367361.35000014
2025-08-01 01:17:24 PM,961.0,0,0.0,105367361.35000014
2025-08-01 01:17:25 PM,961.0,1,961.0,105368322.35000014
2025-08-01 01:18:06 PM,961.25,0,0.0,105368322.35000014
2025-08-01 01:18:06 PM,961.25,9,8651.25,105376973.60000014
2025-08-01 01:18:30 PM,961.25,1,961.25,105377934.85000014
2025-08-01 01:19:01 PM,961.0,56,53816.0,105431750.85000014
2025-08-01 01:19:06 PM,960.2,1,960.2,105432711.05000015
2025-08-01 01:19:48 PM,961.25,0,0.0,105432711.05000015
2025-08-01 01:19:49 PM,961.25,1,961.25,105433672.30000015
2025-08-01 01:20:12 PM,960.3,0,0.0,105433672.30000015
2025-08-01 01:20:14 PM,960.3,50,48015.0,105481687.30000015
2025-08-01 01:20:18 PM,960.2,0,0.0,105481687.30000015
2025-08-01 01:20:19 PM,960.2,22,21124.4,105502811.70000015
2025-08-01 01:20:49 PM,960.2,1,960.2,105503771.90000015
2025-08-01 01:20:54 PM,960.0,128,122880.0,105626651.90000015
2025-08-01 01:21:08 PM,960.6,0,0.0,105626651.90000015
2025-08-01 01:21:09 PM,960.6,1,960.6,105627612.50000015
2025-08-01 01:22:03 PM,960.6,20,19212.0,105646824.50000015
2025-08-01 01:22:14 PM,960.7,0,0.0,105646824.50000015
2025-08-01 01:22:17 PM,960.7,4,3842.8,105650667.30000015
2025-08-01 01:22:28 PM,960.9,0,0.0,105650667.30000015
2025-08-01 01:22:30 PM,960.9,1,960.9,105651628.20000015
2025-08-01 01:22:32 PM,960.05,0,0.0,105651628.20000015
2025-08-01 01:22:35 PM,960.05,1,960.05,105652588.25000015
2025-08-01 01:22:49 PM,960.85,1,960.85,105653549.10000014
2025-08-01 01:22:50 PM,960.9,0,0.0,105653549.10000014
2025-08-01 01:22:53 PM,960.9,1,960.9,105654510.00000015
2025-08-01 01:23:10 PM,961.25,0,0.0,105654510.00000015
2025-08-01 01:23:12 PM,961.25,120,115350.0,105769860.00000015
2025-08-01 01:23:26 PM,961.25,9,8651.25,105778511.25000015
2025-08-01 01:23:35 PM,960.6,0,0.0,105778511.25000015
