date,price,qty,trnvr,cum_trnvr
2025-08-01 09:15:00 AM,617.0,11714,7227538.0,7227538.0
2025-08-01 09:15:00 AM,612.9,1180,723222.0,7950760.0
2025-08-01 09:15:01 AM,610.3,1423,868456.8999999999,8819216.9
2025-08-01 09:15:02 AM,611.2,1970,1204064.0,10023280.9
2025-08-01 09:15:03 AM,610.3,1193,728087.8999999999,10751368.8
2025-08-01 09:15:04 AM,610.3,101,61640.299999999996,10813009.100000001
2025-08-01 09:15:04 AM,611.65,50,30582.5,10843591.600000001
2025-08-01 09:15:04 AM,610.35,0,0.0,10843591.600000001
2025-08-01 09:15:05 AM,610.35,1,610.35,10844201.950000001
2025-08-01 09:15:05 AM,609.35,4758,2899287.3000000003,13743489.250000002
2025-08-01 09:15:05 AM,611.2,0,0.0,13743489.250000002
2025-08-01 09:15:06 AM,611.2,266,162579.2,13906068.450000001
2025-08-01 09:15:06 AM,609.4,20,12188.0,13918256.450000001
2025-08-01 09:15:07 AM,607.85,643,390847.55,14309104.000000002
2025-08-01 09:15:08 AM,608.9,1360,828104.0,15137208.000000002
2025-08-01 09:15:08 AM,608.2,0,0.0,15137208.000000002
2025-08-01 09:15:09 AM,608.2,50,30410.000000000004,15167618.000000002
2025-08-01 09:15:09 AM,608.2,63,38316.600000000006,15205934.600000001
2025-08-01 09:15:10 AM,609.6,245,149352.0,15355286.600000001
2025-08-01 09:15:11 AM,609.7,10,6097.0,15361383.600000001
2025-08-01 09:15:12 AM,610.95,606,370235.7,15731619.3
2025-08-01 09:15:12 AM,609.9,0,0.0,15731619.3
2025-08-01 09:15:12 AM,610.75,0,0.0,15731619.3
2025-08-01 09:15:13 AM,610.75,1001,611360.75,16342980.05
2025-08-01 09:15:13 AM,609.45,0,0.0,16342980.05
2025-08-01 09:15:14 AM,609.45,2215,1349931.75,17692911.8
2025-08-01 09:15:15 AM,609.75,0,0.0,17692911.8
2025-08-01 09:15:16 AM,609.75,262,159754.5,17852666.3
2025-08-01 09:15:16 AM,610.45,0,0.0,17852666.3
2025-08-01 09:15:17 AM,610.45,50,30522.500000000004,17883188.8
2025-08-01 09:15:17 AM,609.9,227,138447.3,18021636.1
2025-08-01 09:15:17 AM,610.6,0,0.0,18021636.1
2025-08-01 09:15:18 AM,610.6,266,162419.6,18184055.700000003
2025-08-01 09:15:18 AM,610.0,100,61000.0,18245055.700000003
2025-08-01 09:15:19 AM,610.75,300,183225.0,18428280.700000003
2025-08-01 09:15:19 AM,609.9,0,0.0,18428280.700000003
2025-08-01 09:15:20 AM,609.9,280,170772.0,18599052.700000003
2025-08-01 09:15:20 AM,609.9,389,237251.09999999998,18836303.800000004
2025-08-01 09:15:20 AM,610.55,300,183165.0,19019468.800000004
2025-08-01 09:15:21 AM,610.05,162,98828.09999999999,19118296.900000006
2025-08-01 09:15:21 AM,611.45,0,0.0,19118296.900000006
2025-08-01 09:15:22 AM,610.7,2250,1374075.0,20492371.900000006
2025-08-01 09:15:22 AM,611.55,95,58097.24999999999,20550469.150000006
2025-08-01 09:15:23 AM,611.55,50,30577.499999999996,20581046.650000006
2025-08-01 09:15:23 AM,611.2,0,0.0,20581046.650000006
2025-08-01 09:15:24 AM,611.2,162,99014.40000000001,20680061.050000004
2025-08-01 09:15:24 AM,611.95,1,611.95,20680673.000000004
2025-08-01 09:15:26 AM,611.3,76,46458.799999999996,20727131.800000004
2025-08-01 09:15:27 AM,611.85,191,116863.35,20843995.150000006
2025-08-01 09:15:28 AM,611.85,18,11013.300000000001,20855008.450000007
2025-08-01 09:15:28 AM,611.45,249,152251.05000000002,21007259.500000007
2025-08-01 09:15:30 AM,611.55,2,1223.1,21008482.60000001
2025-08-01 09:15:30 AM,611.25,1080,660150.0,21668632.60000001
2025-08-01 09:15:31 AM,611.35,0,0.0,21668632.60000001
2025-08-01 09:15:31 AM,611.85,795,486420.75,22155053.35000001
2025-08-01 09:15:32 AM,611.85,838,512730.30000000005,22667783.65000001
2025-08-01 09:15:33 AM,612.0,0,0.0,22667783.65000001
2025-08-01 09:15:33 AM,612.0,2,1224.0,22669007.65000001
2025-08-01 09:15:35 AM,612.0,218,133416.0,22802423.65000001
2025-08-01 09:15:36 AM,611.6,106,64829.600000000006,22867253.25000001
2025-08-01 09:15:36 AM,611.95,0,0.0,22867253.25000001
2025-08-01 09:15:37 AM,611.95,5,3059.75,22870313.00000001
2025-08-01 09:15:37 AM,611.35,0,0.0,22870313.00000001
2025-08-01 09:15:37 AM,611.35,127,77641.45,22947954.45000001
2025-08-01 09:15:38 AM,611.35,340,207859.0,23155813.45000001
2025-08-01 09:15:39 AM,611.05,12,7332.599999999999,23163146.050000012
2025-08-01 09:15:39 AM,611.7,0,0.0,23163146.050000012
2025-08-01 09:15:40 AM,611.7,177,108270.90000000001,23271416.95000001
2025-08-01 09:15:40 AM,611.3,0,0.0,23271416.95000001
2025-08-01 09:15:41 AM,611.3,109,66631.7,23338048.65000001
2025-08-01 09:15:42 AM,611.9,0,0.0,23338048.65000001
2025-08-01 09:15:42 AM,611.9,310,189689.0,23527737.65000001
2025-08-01 09:15:43 AM,611.4,0,0.0,23527737.65000001
2025-08-01 09:15:43 AM,611.6,762,466039.2,23993776.85000001
2025-08-01 09:15:45 AM,611.15,0,0.0,23993776.85000001
2025-08-01 09:15:45 AM,611.15,4662,2849181.3,26842958.15000001
2025-08-01 09:15:46 AM,611.05,25,15276.249999999998,26858234.40000001
2025-08-01 09:15:46 AM,611.25,0,0.0,26858234.40000001
2025-08-01 09:15:46 AM,611.25,299,182763.75,27040998.15000001
2025-08-01 09:15:47 AM,610.95,320,195504.0,27236502.15000001
2025-08-01 09:15:48 AM,611.15,91,55614.65,27292116.80000001
2025-08-01 09:15:49 AM,611.4,500,305700.0,27597816.80000001
2025-08-01 09:15:51 AM,611.85,4276,2616270.6,30214087.40000001
2025-08-01 09:15:51 AM,612.0,50,30600.0,30244687.40000001
2025-08-01 09:15:51 AM,611.95,0,0.0,30244687.40000001
2025-08-01 09:15:52 AM,611.95,21,12850.95,30257538.35000001
2025-08-01 09:15:53 AM,612.2,0,0.0,30257538.35000001
2025-08-01 09:15:54 AM,611.95,86,52627.700000000004,30310166.05000001
2025-08-01 09:15:55 AM,611.85,211,129100.35,30439266.40000001
2025-08-01 09:15:56 AM,612.0,0,0.0,30439266.40000001
2025-08-01 09:15:57 AM,612.0,19,11628.0,30450894.40000001
2025-08-01 09:15:57 AM,612.4,0,0.0,30450894.40000001
2025-08-01 09:15:57 AM,612.4,112,68588.8,30519483.20000001
2025-08-01 09:15:57 AM,611.85,0,0.0,30519483.20000001
2025-08-01 09:15:58 AM,611.85,830,507835.5,31027318.70000001
2025-08-01 09:15:59 AM,611.85,3335,2040519.75,33067838.45000001
2025-08-01 09:15:59 AM,611.85,1403,858425.55,33926264.00000001
2025-08-01 09:16:00 AM,610.5,0,0.0,33926264.00000001
2025-08-01 09:16:00 AM,610.5,2672,1631256.0,35557520.00000001
2025-08-01 09:16:02 AM,610.85,0,0.0,35557520.00000001
2025-08-01 09:16:03 AM,610.85,1004,613293.4,36170813.400000006
2025-08-01 09:16:05 AM,610.75,300,183225.0,36354038.400000006
2025-08-01 09:16:08 AM,610.85,0,0.0,36354038.400000006
2025-08-01 09:16:11 AM,611.4,152,92932.8,36446971.2
2025-08-01 09:16:13 AM,610.95,133,81256.35,36528227.550000004
2025-08-01 09:16:16 AM,611.2,0,0.0,36528227.550000004
2025-08-01 09:16:19 AM,611.0,2565,1567215.0,38095442.550000004
2025-08-01 09:16:21 AM,611.05,8,4888.4,38100330.95
2025-08-01 09:16:24 AM,610.8,0,0.0,38100330.95
2025-08-01 09:16:28 AM,611.4,108,66031.2,38166362.150000006
2025-08-01 09:16:29 AM,611.55,206,125979.29999999999,38292341.45
2025-08-01 09:16:34 AM,611.2,0,0.0,38292341.45
2025-08-01 09:16:36 AM,611.15,1606,981506.8999999999,39273848.35
2025-08-01 09:16:36 AM,611.0,0,0.0,39273848.35
2025-08-01 09:16:37 AM,610.65,115,70224.75,39344073.1
2025-08-01 09:16:44 AM,611.35,427,261046.45,39605119.550000004
2025-08-01 09:16:44 AM,611.15,0,0.0,39605119.550000004
2025-08-01 09:16:46 AM,611.15,63,38502.45,39643622.00000001
2025-08-01 09:16:46 AM,610.75,0,0.0,39643622.00000001
2025-08-01 09:16:52 AM,610.8,704,430003.19999999995,40073625.20000001
2025-08-01 09:16:54 AM,610.75,321,196050.75,40269675.95000001
2025-08-01 09:16:54 AM,610.6,0,0.0,40269675.95000001
2025-08-01 09:16:56 AM,610.5,0,0.0,40269675.95000001
2025-08-01 09:17:01 AM,610.85,169,103233.65000000001,40372909.60000001
2025-08-01 09:17:02 AM,610.75,0,0.0,40372909.60000001
2025-08-01 09:17:04 AM,611.4,0,0.0,40372909.60000001
2025-08-01 09:17:09 AM,611.3,3168,1936598.4,42309508.00000001
2025-08-01 09:17:10 AM,611.55,41,25073.55,42334581.550000004
2025-08-01 09:17:11 AM,611.9,0,0.0,42334581.550000004
2025-08-01 09:17:17 AM,611.3,3165,1934764.4999999998,44269346.050000004
2025-08-01 09:17:18 AM,611.8,173,105841.4,44375187.45
2025-08-01 09:17:21 AM,612.1,0,0.0,44375187.45
2025-08-01 09:17:22 AM,611.6,0,0.0,44375187.45
2025-08-01 09:17:25 AM,612.15,2567,1571389.05,45946576.5
2025-08-01 09:17:28 AM,611.85,0,0.0,45946576.5
2025-08-01 09:17:31 AM,612.4,0,0.0,45946576.5
2025-08-01 09:17:33 AM,611.45,6345,3879650.2500000005,49826226.75
2025-08-01 09:17:34 AM,612.15,708,433402.2,50259628.95
2025-08-01 09:17:37 AM,611.8,0,0.0,50259628.95
2025-08-01 09:17:38 AM,611.4,0,0.0,50259628.95
2025-08-01 09:17:42 AM,611.75,595,363991.25,50623620.2
2025-08-01 09:17:46 AM,611.35,0,0.0,50623620.2
2025-08-01 09:17:48 AM,611.1,0,0.0,50623620.2
2025-08-01 09:17:50 AM,611.0,1400,855400.0,51479020.2
2025-08-01 09:17:51 AM,610.25,299,182464.75,51661484.95
2025-08-01 09:17:55 AM,610.3,0,0.0,51661484.95
2025-08-01 09:17:58 AM,610.1,166,101276.6,51762761.550000004
2025-08-01 09:18:00 AM,610.4,22,13428.8,51776190.35
2025-08-01 09:18:02 AM,610.5,0,0.0,51776190.35
2025-08-01 09:18:04 AM,610.45,0,0.0,51776190.35
2025-08-01 09:18:07 AM,610.85,1421,868017.85,52644208.2
2025-08-01 09:18:10 AM,610.75,0,0.0,52644208.2
2025-08-01 09:18:12 AM,610.85,0,0.0,52644208.2
2025-08-01 09:18:15 AM,611.0,1178,719758.0,53363966.2
2025-08-01 09:18:16 AM,611.4,210,128394.0,53492360.2
2025-08-01 09:18:18 AM,611.35,0,0.0,53492360.2
2025-08-01 09:18:20 AM,611.95,0,0.0,53492360.2
2025-08-01 09:18:23 AM,611.7,1525,932842.5000000001,54425202.7
2025-08-01 09:18:25 AM,611.7,3,1835.1000000000001,54427037.800000004
2025-08-01 09:18:31 AM,611.0,1839,1123629.0,55550666.800000004
2025-08-01 09:18:33 AM,611.15,2,1222.3,55551889.1
2025-08-01 09:18:36 AM,610.75,0,0.0,55551889.1
2025-08-01 09:18:40 AM,611.45,1369,837075.05,56388964.15
2025-08-01 09:18:41 AM,611.7,48,29361.600000000002,56418325.75
2025-08-01 09:18:42 AM,611.4,0,0.0,56418325.75
2025-08-01 09:18:44 AM,610.95,0,0.0,56418325.75
2025-08-01 09:18:48 AM,611.5,2283,1396054.5,57814380.25
2025-08-01 09:18:56 AM,611.1,1000,611100.0,58425480.25
2025-08-01 09:18:57 AM,611.4,51,31181.399999999998,58456661.65
2025-08-01 09:19:00 AM,611.0,0,0.0,58456661.65
2025-08-01 09:19:04 AM,611.25,1670,1020787.5,59477449.15
2025-08-01 09:19:05 AM,611.55,892,545502.6,60022951.75
2025-08-01 09:19:08 AM,611.75,0,0.0,60022951.75
2025-08-01 09:19:12 AM,611.8,196,119912.79999999999,60142864.55
2025-08-01 09:19:13 AM,611.35,20,12227.0,60155091.55
2025-08-01 09:19:14 AM,611.3,0,0.0,60155091.55
2025-08-01 09:19:16 AM,611.8,0,0.0,60155091.55
2025-08-01 09:19:20 AM,612.2,2912,1782726.4000000001,61937817.949999996
2025-08-01 09:19:21 AM,611.8,0,0.0,61937817.949999996
2025-08-01 09:19:21 AM,611.8,875,535325.0,62473142.949999996
2025-08-01 09:19:28 AM,611.75,1045,639278.75,63112421.699999996
2025-08-01 09:19:30 AM,611.75,11,6729.25,63119150.949999996
2025-08-01 09:19:31 AM,611.85,0,0.0,63119150.949999996
2025-08-01 09:19:36 AM,611.65,626,382892.89999999997,63502043.849999994
2025-08-01 09:19:44 AM,611.6,0,0.0,63502043.849999994
2025-08-01 09:19:44 AM,611.6,2179,1332676.4000000001,64834720.24999999
2025-08-01 09:19:52 AM,611.25,0,0.0,64834720.24999999
2025-08-01 09:19:52 AM,611.25,631,385698.75,65220418.99999999
2025-08-01 09:19:54 AM,611.25,76,46455.0,65266873.99999999
2025-08-01 09:20:00 AM,611.3,0,0.0,65266873.99999999
2025-08-01 09:20:00 AM,611.3,314,191948.19999999998,65458822.199999996
2025-08-01 09:20:02 AM,611.3,3,1833.8999999999999,65460656.099999994
2025-08-01 09:20:07 AM,611.1,0,0.0,65460656.099999994
2025-08-01 09:20:08 AM,611.1,70,42777.0,65503433.099999994
2025-08-01 09:20:10 AM,611.1,100,61110.0,65564543.099999994
2025-08-01 09:20:14 AM,610.55,0,0.0,65564543.099999994
2025-08-01 09:20:16 AM,611.95,9881,6046677.95,71611221.05
2025-08-01 09:20:18 AM,611.35,111,67859.85,71679080.89999999
2025-08-01 09:20:21 AM,611.7,0,0.0,71679080.89999999
2025-08-01 09:20:24 AM,611.4,217,132673.8,71811754.69999999
2025-08-01 09:20:28 AM,611.35,0,0.0,71811754.69999999
2025-08-01 09:20:32 AM,611.35,1277,780693.9500000001,72592448.64999999
2025-08-01 09:20:39 AM,611.3,0,0.0,72592448.64999999
2025-08-01 09:20:40 AM,611.3,224,136931.19999999998,72729379.85
2025-08-01 09:20:42 AM,611.0,0,0.0,72729379.85
2025-08-01 09:20:46 AM,611.3,0,0.0,72729379.85
2025-08-01 09:20:48 AM,611.3,217,132652.09999999998,72862031.94999999
2025-08-01 09:20:49 AM,611.25,2,1222.5,72863254.44999999
2025-08-01 09:20:53 AM,610.95,0,0.0,72863254.44999999
2025-08-01 09:20:55 AM,611.35,285,174234.75,73037489.19999999
2025-08-01 09:21:00 AM,611.3,0,0.0,73037489.19999999
2025-08-01 09:21:03 AM,611.3,4,2445.2,73039934.39999999
2025-08-01 09:21:04 AM,611.3,1,611.3,73040545.69999999
2025-08-01 09:21:07 AM,612.25,0,0.0,73040545.69999999
2025-08-01 09:21:09 AM,612.6,0,0.0,73040545.69999999
2025-08-01 09:21:11 AM,612.6,2843,1741621.8,74782167.49999999
2025-08-01 09:21:12 AM,612.95,1100,674245.0,75456412.49999999
2025-08-01 09:21:14 AM,612.75,0,0.0,75456412.49999999
2025-08-01 09:21:16 AM,612.7,0,0.0,75456412.49999999
2025-08-01 09:21:19 AM,612.45,361,221094.45,75677506.94999999
2025-08-01 09:21:20 AM,612.7,150,91905.0,75769411.94999999
2025-08-01 09:21:21 AM,612.4,0,0.0,75769411.94999999
2025-08-01 09:21:27 AM,612.4,2149,1316047.5999999999,77085459.54999998
2025-08-01 09:21:30 AM,612.15,0,0.0,77085459.54999998
2025-08-01 09:21:34 AM,612.4,0,0.0,77085459.54999998
2025-08-01 09:21:35 AM,612.25,1156,707761.0,77793220.54999998
2025-08-01 09:21:35 AM,612.4,300,183720.0,77976940.54999998
2025-08-01 09:21:37 AM,612.7,0,0.0,77976940.54999998
2025-08-01 09:21:40 AM,612.65,0,0.0,77976940.54999998
2025-08-01 09:21:42 AM,612.65,1338,819725.7,78796666.24999999
2025-08-01 09:21:46 AM,612.7,0,0.0,78796666.24999999
2025-08-01 09:21:49 AM,612.25,0,0.0,78796666.24999999
2025-08-01 09:21:50 AM,612.25,239,146327.75,78942993.99999999
2025-08-01 09:21:57 AM,612.75,415,254291.25,79197285.24999999
2025-08-01 09:22:00 AM,612.85,0,0.0,79197285.24999999
2025-08-01 09:22:03 AM,612.7,0,0.0,79197285.24999999
2025-08-01 09:22:05 AM,612.35,801,490492.35000000003,79687777.59999998
2025-08-01 09:22:06 AM,612.15,520,318318.0,80006095.59999998
2025-08-01 09:22:10 AM,612.0,0,0.0,80006095.59999998
2025-08-01 09:22:13 AM,611.65,945,578009.25,80584104.84999998
2025-08-01 09:22:14 AM,612.0,0,0.0,80584104.84999998
2025-08-01 09:22:20 AM,611.5,2047,1251740.5,81835845.34999998
2025-08-01 09:22:22 AM,612.0,4,2448.0,81838293.34999998
2025-08-01 09:22:28 AM,611.5,209,127803.5,81966096.84999998
2025-08-01 09:22:29 AM,611.5,25,15287.5,81981384.34999998
2025-08-01 09:22:35 AM,611.5,106,64819.0,82046203.34999998
2025-08-01 09:22:38 AM,611.4,0,0.0,82046203.34999998
2025-08-01 09:22:43 AM,611.5,121,73991.5,82120194.84999998
2025-08-01 09:22:45 AM,611.5,1178,720347.0,82840541.84999998
2025-08-01 09:22:49 AM,611.6,0,0.0,82840541.84999998
2025-08-01 09:22:50 AM,611.5,0,0.0,82840541.84999998
2025-08-01 09:22:51 AM,611.5,1025,626787.5,83467329.34999998
2025-08-01 09:22:52 AM,611.5,5,3057.5,83470386.84999998
2025-08-01 09:22:55 AM,611.3,0,0.0,83470386.84999998
2025-08-01 09:22:58 AM,611.3,133,81302.9,83551689.74999999
2025-08-01 09:23:00 AM,611.4,65,39741.0,83591430.74999999
2025-08-01 09:23:07 AM,611.5,54,33021.0,83624451.74999999
2025-08-01 09:23:09 AM,611.0,0,0.0,83624451.74999999
2025-08-01 09:23:14 AM,611.0,880,537680.0,84162131.74999999
2025-08-01 09:23:15 AM,611.2,21,12835.2,84174966.94999999
2025-08-01 09:23:23 AM,611.0,260,158860.0,84333826.94999999
2025-08-01 09:23:29 AM,611.0,330,201630.0,84535456.94999999
2025-08-01 09:23:31 AM,611.0,7,4277.0,84539733.94999999
2025-08-01 09:23:36 AM,610.8,0,0.0,84539733.94999999
2025-08-01 09:23:36 AM,610.8,17,10383.599999999999,84550117.54999998
2025-08-01 09:23:37 AM,611.1,0,0.0,84550117.54999998
2025-08-01 09:23:38 AM,610.7,152,92826.40000000001,84642943.94999999
2025-08-01 09:23:43 AM,611.0,0,0.0,84642943.94999999
2025-08-01 09:23:44 AM,611.0,103,62933.0,84705876.94999999
2025-08-01 09:23:52 AM,610.65,300,183195.0,84889071.94999999
2025-08-01 09:24:01 AM,610.95,1,610.95,84889682.89999999
2025-08-01 09:24:02 AM,610.65,0,0.0,84889682.89999999
2025-08-01 09:24:07 AM,610.8,326,199120.8,85088803.69999999
2025-08-01 09:24:09 AM,611.0,490,299390.0,85388193.69999999
2025-08-01 09:24:09 AM,610.95,0,0.0,85388193.69999999
2025-08-01 09:24:15 AM,611.5,2216,1355084.0,86743277.69999999
2025-08-01 09:24:16 AM,611.95,487,298019.65,87041297.35
2025-08-01 09:24:22 AM,611.55,487,297824.85,87339122.19999999
2025-08-01 09:24:28 AM,611.6,0,0.0,87339122.19999999
2025-08-01 09:24:30 AM,611.6,1000,611600.0,87950722.19999999
2025-08-01 09:24:31 AM,611.55,18,11007.9,87961730.1
2025-08-01 09:24:37 AM,611.5,101,61761.5,88023491.6
2025-08-01 09:24:39 AM,611.1,176,107553.6,88131045.19999999
2025-08-01 09:24:52 AM,611.0,21,12831.0,88143876.19999999
2025-08-01 09:24:53 AM,610.9,0,0.0,88143876.19999999
2025-08-01 09:24:54 AM,610.9,1,610.9,88144487.1
2025-08-01 09:24:59 AM,610.3,0,0.0,88144487.1
2025-08-01 09:25:00 AM,610.3,313,191023.9,88335511.0
2025-08-01 09:25:02 AM,610.3,52,31735.6,88367246.6
2025-08-01 09:25:06 AM,610.25,0,0.0,88367246.6
2025-08-01 09:25:07 AM,610.4,279,170301.6,88537548.19999999
2025-08-01 09:25:09 AM,610.7,652,398176.4,88935724.6
2025-08-01 09:25:13 AM,610.15,0,0.0,88935724.6
2025-08-01 09:25:15 AM,610.15,182,111047.3,89046771.89999999
2025-08-01 09:25:17 AM,610.4,5,3052.0,89049823.89999999
2025-08-01 09:25:19 AM,610.1,0,0.0,89049823.89999999
2025-08-01 09:25:22 AM,610.05,485,295874.25,89345698.14999999
2025-08-01 09:25:25 AM,610.0,0,0.0,89345698.14999999
2025-08-01 09:25:26 AM,610.25,0,0.0,89345698.14999999
2025-08-01 09:25:30 AM,609.95,955,582502.25,89928200.39999999
2025-08-01 09:25:32 AM,609.95,13,7929.35,89936129.74999999
2025-08-01 09:25:32 AM,610.85,0,0.0,89936129.74999999
2025-08-01 09:25:37 AM,610.25,1996,1218059.0,91154188.74999999
2025-08-01 09:25:38 AM,610.45,0,0.0,91154188.74999999
2025-08-01 09:25:39 AM,610.45,9,5494.05,91159682.79999998
2025-08-01 09:25:43 AM,610.1,0,0.0,91159682.79999998
2025-08-01 09:25:45 AM,610.1,25,15252.5,91174935.29999998
2025-08-01 09:25:47 AM,609.95,80,48796.0,91223731.29999998
2025-08-01 09:25:48 AM,610.3,0,0.0,91223731.29999998
2025-08-01 09:25:48 AM,610.2,0,0.0,91223731.29999998
2025-08-01 09:25:52 AM,610.05,581,354439.05,91578170.34999998
2025-08-01 09:25:54 AM,610.0,0,0.0,91578170.34999998
2025-08-01 09:25:54 AM,610.0,55,33550.0,91611720.34999998
2025-08-01 09:26:00 AM,609.75,138,84145.5,91695865.84999998
2025-08-01 09:26:00 AM,610.0,0,0.0,91695865.84999998
2025-08-01 09:26:01 AM,610.0,5,3050.0,91698915.84999998
2025-08-01 09:26:07 AM,609.85,11,6708.35,91705624.19999997
2025-08-01 09:26:09 AM,609.85,1,609.85,91706234.04999997
2025-08-01 09:26:11 AM,609.85,26,15856.1,91722090.14999996
2025-08-01 09:26:12 AM,609.85,10,6098.5,91728188.64999996
2025-08-01 09:26:16 AM,609.5,100,60950.0,91789138.64999996
2025-08-01 09:26:17 AM,609.95,0,0.0,91789138.64999996
2025-08-01 09:26:18 AM,609.95,410,250079.50000000003,92039218.14999996
2025-08-01 09:26:20 AM,609.5,164,99958.0,92139176.14999996
2025-08-01 09:26:22 AM,609.4,1200,731280.0,92870456.14999996
2025-08-01 09:26:22 AM,609.95,0,0.0,92870456.14999996
2025-08-01 09:26:23 AM,609.95,100,60995.00000000001,92931451.14999996
2025-08-01 09:26:23 AM,609.6,10,6096.0,92937547.14999996
2025-08-01 09:26:26 AM,609.6,65,39624.0,92977171.14999996
2025-08-01 09:26:29 AM,609.65,0,0.0,92977171.14999996
2025-08-01 09:26:30 AM,609.65,10,6096.5,92983267.64999996
2025-08-01 09:26:30 AM,609.65,1,609.65,92983877.29999997
2025-08-01 09:26:31 AM,609.65,35,21337.75,93005215.04999997
2025-08-01 09:26:31 AM,609.65,5,3048.25,93008263.29999997
2025-08-01 09:26:32 AM,609.6,18,10972.800000000001,93019236.09999996
2025-08-01 09:26:37 AM,609.7,29,17681.300000000003,93036917.39999996
2025-08-01 09:26:37 AM,609.9,0,0.0,93036917.39999996
2025-08-01 09:26:37 AM,609.9,3,1829.6999999999998,93038747.09999996
2025-08-01 09:26:40 AM,609.9,5,3049.5,93041796.59999996
2025-08-01 09:26:41 AM,609.9,25,15247.5,93057044.09999996
2025-08-01 09:26:42 AM,609.95,181,110400.95000000001,93167445.04999997
2025-08-01 09:26:44 AM,609.9,10,6099.0,93173544.04999997
2025-08-01 09:26:46 AM,610.55,1147,700300.85,93873844.89999996
2025-08-01 09:26:47 AM,610.6,183,111739.8,93985584.69999996
2025-08-01 09:26:50 AM,610.7,0,0.0,93985584.69999996
2025-08-01 09:26:51 AM,610.7,80,48856.0,94034440.69999996
2025-08-01 09:26:52 AM,611.1,2071,1265588.1,95300028.79999995
2025-08-01 09:26:54 AM,611.15,16,9778.4,95309807.19999996
2025-08-01 09:26:59 AM,611.2,201,122851.20000000001,95432658.39999996
2025-08-01 09:27:00 AM,611.2,150,91680.0,95524338.39999996
2025-08-01 09:27:04 AM,609.7,0,0.0,95524338.39999996
2025-08-01 09:27:05 AM,609.8,0,0.0,95524338.39999996
2025-08-01 09:27:08 AM,609.4,12397,7554731.8,103079070.19999996
2025-08-01 09:27:10 AM,609.2,73,44471.600000000006,103123541.79999995
2025-08-01 09:27:16 AM,609.2,242,147426.40000000002,103270968.19999996
2025-08-01 09:27:17 AM,609.05,10,6090.5,103277058.69999996
2025-08-01 09:27:20 AM,608.95,0,0.0,103277058.69999996
2025-08-01 09:27:23 AM,608.95,3,1826.8500000000001,103278885.54999995
2025-08-01 09:27:24 AM,608.6,21,12780.6,103291666.14999995
2025-08-01 09:27:25 AM,608.85,0,0.0,103291666.14999995
2025-08-01 09:27:30 AM,608.75,234,142447.5,103434113.64999995
2025-08-01 09:27:32 AM,608.6,15,9129.0,103443242.64999995
2025-08-01 09:27:38 AM,608.6,79,48079.4,103491322.04999995
2025-08-01 09:27:40 AM,608.5,0,0.0,103491322.04999995
2025-08-01 09:27:45 AM,608.5,1000,608500.0,104099822.04999995
2025-08-01 09:27:50 AM,608.1,0,0.0,104099822.04999995
2025-08-01 09:27:53 AM,608.1,927,563708.7000000001,104663530.74999996
2025-08-01 09:27:55 AM,608.0,253,153824.0,104817354.74999996
2025-08-01 09:28:00 AM,607.75,1276,775489.0,105592843.74999996
2025-08-01 09:28:02 AM,606.8,974,591023.2,106183866.94999996
2025-08-01 09:28:02 AM,606.75,0,0.0,106183866.94999996
2025-08-01 09:28:03 AM,606.75,1,606.75,106184473.69999996
2025-08-01 09:28:05 AM,606.4,0,0.0,106184473.69999996
2025-08-01 09:28:06 AM,606.4,75,45480.0,106229953.69999996
2025-08-01 09:28:06 AM,606.5,300,181950.0,106411903.69999996
2025-08-01 09:28:08 AM,606.6,300,181980.0,106593883.69999996
2025-08-01 09:28:09 AM,606.55,4,2426.2,106596309.89999996
2025-08-01 09:28:10 AM,606.4,5,3032.0,106599341.89999996
2025-08-01 09:28:12 AM,606.65,7,4246.55,106603588.44999996
2025-08-01 09:28:14 AM,606.75,10,6067.5,106609655.94999996
2025-08-01 09:28:16 AM,606.5,1,606.5,106610262.44999996
2025-08-01 09:28:17 AM,606.6,101,61266.600000000006,106671529.04999995
2025-08-01 09:28:20 AM,606.6,5,3033.0,106674562.04999995
2025-08-01 09:28:21 AM,606.6,50,30330.0,106704892.04999995
2025-08-01 09:28:23 AM,606.7,225,136507.5,106841399.54999995
2025-08-01 09:28:23 AM,606.75,0,0.0,106841399.54999995
2025-08-01 09:28:24 AM,606.75,200,121350.0,106962749.54999995
2025-08-01 09:28:24 AM,606.65,0,0.0,106962749.54999995
2025-08-01 09:28:25 AM,606.65,100,60665.0,107023414.54999995
2025-08-01 09:28:25 AM,606.8,0,0.0,107023414.54999995
2025-08-01 09:28:25 AM,606.6,0,0.0,107023414.54999995
2025-08-01 09:28:26 AM,606.6,360,218376.0,107241790.54999995
2025-08-01 09:28:28 AM,606.65,1,606.65,107242397.19999996
2025-08-01 09:28:29 AM,606.6,50,30330.0,107272727.19999996
2025-08-01 09:28:30 AM,606.6,105,63693.0,107336420.19999996
2025-08-01 09:28:30 AM,606.5,0,0.0,107336420.19999996
2025-08-01 09:28:31 AM,606.5,199,120693.5,107457113.69999996
2025-08-01 09:28:31 AM,606.55,60,36393.0,107493506.69999996
2025-08-01 09:28:32 AM,606.15,0,0.0,107493506.69999996
2025-08-01 09:28:32 AM,606.15,140,84861.0,107578367.69999996
2025-08-01 09:28:33 AM,606.4,200,121280.0,107699647.69999996
2025-08-01 09:28:35 AM,606.5,0,0.0,107699647.69999996
2025-08-01 09:28:36 AM,606.5,150,90975.0,107790622.69999996
2025-08-01 09:28:37 AM,606.4,0,0.0,107790622.69999996
2025-08-01 09:28:38 AM,606.4,100,60640.0,107851262.69999996
2025-08-01 09:28:42 AM,606.3,200,121259.99999999999,107972522.69999996
2025-08-01 09:28:43 AM,606.3,1,606.3,107973128.99999996
2025-08-01 09:28:44 AM,606.3,30,18189.0,107991317.99999996
2025-08-01 09:28:46 AM,606.25,20,12125.0,108003442.99999996
2025-08-01 09:28:47 AM,606.25,10,6062.5,108009505.49999996
2025-08-01 09:28:48 AM,606.25,20,12125.0,108021630.49999996
2025-08-01 09:28:48 AM,606.3,0,0.0,108021630.49999996
2025-08-01 09:28:49 AM,606.3,500,303150.0,108324780.49999996
2025-08-01 09:28:49 AM,606.35,0,0.0,108324780.49999996
2025-08-01 09:28:50 AM,606.35,11,6669.85,108331450.34999995
2025-08-01 09:28:51 AM,606.35,316,191606.6,108523056.94999994
2025-08-01 09:28:51 AM,606.4,0,0.0,108523056.94999994
2025-08-01 09:28:52 AM,606.4,350,212240.0,108735296.94999994
2025-08-01 09:28:52 AM,606.5,0,0.0,108735296.94999994
2025-08-01 09:28:53 AM,606.5,100,60650.0,108795946.94999994
2025-08-01 09:28:54 AM,606.55,50,30327.499999999996,108826274.44999994
2025-08-01 09:28:55 AM,606.65,86,52171.9,108878446.34999995
2025-08-01 09:28:56 AM,606.45,0,0.0,108878446.34999995
2025-08-01 09:28:56 AM,606.45,10,6064.5,108884510.84999995
2025-08-01 09:28:56 AM,606.8,0,0.0,108884510.84999995
2025-08-01 09:28:57 AM,606.8,5,3034.0,108887544.84999995
2025-08-01 09:28:58 AM,606.8,1,606.8,108888151.64999995
2025-08-01 09:28:59 AM,606.9,309,187532.1,109075683.74999994
2025-08-01 09:29:03 AM,606.8,0,0.0,109075683.74999994
2025-08-01 09:29:03 AM,606.8,246,149272.8,109224956.54999994
2025-08-01 09:29:05 AM,606.9,0,0.0,109224956.54999994
2025-08-01 09:29:05 AM,606.9,1,606.9,109225563.44999994
2025-08-01 09:29:07 AM,606.9,4,2427.6,109227991.04999994
2025-08-01 09:29:07 AM,606.8,18,10922.4,109238913.44999994
2025-08-01 09:29:07 AM,606.55,0,0.0,109238913.44999994
2025-08-01 09:29:08 AM,606.55,492,298422.6,109537336.04999994
2025-08-01 09:29:11 AM,606.7,125,75837.5,109613173.54999994
2025-08-01 09:29:15 AM,606.7,50,30335.000000000004,109643508.54999994
2025-08-01 09:29:15 AM,606.7,50,30335.000000000004,109673843.54999994
2025-08-01 09:29:17 AM,606.65,25,15166.25,109689009.79999994
2025-08-01 09:29:19 AM,606.7,50,30335.000000000004,109719344.79999994
2025-08-01 09:29:20 AM,606.65,0,0.0,109719344.79999994
2025-08-01 09:29:21 AM,606.7,152,92218.40000000001,109811563.19999994
2025-08-01 09:29:21 AM,606.55,0,0.0,109811563.19999994
2025-08-01 09:29:22 AM,606.75,21,12741.75,109824304.94999994
2025-08-01 09:29:24 AM,606.7,2,1213.4,109825518.34999995
2025-08-01 09:29:24 AM,606.55,0,0.0,109825518.34999995
2025-08-01 09:29:24 AM,606.55,100,60654.99999999999,109886173.34999995
2025-08-01 09:29:25 AM,606.7,0,0.0,109886173.34999995
2025-08-01 09:29:26 AM,606.7,2,1213.4,109887386.74999996
2025-08-01 09:29:27 AM,606.7,25,15167.500000000002,109902554.24999996
2025-08-01 09:29:31 AM,606.7,1,606.7,109903160.94999996
2025-08-01 09:29:33 AM,606.7,100,60670.00000000001,109963830.94999996
2025-08-01 09:29:33 AM,606.8,0,0.0,109963830.94999996
2025-08-01 09:29:34 AM,606.8,242,146845.59999999998,110110676.54999995
2025-08-01 09:29:36 AM,606.7,0,0.0,110110676.54999995
2025-08-01 09:29:36 AM,606.7,1,606.7,110111283.24999996
2025-08-01 09:29:36 AM,606.7,10,6067.0,110117350.24999996
2025-08-01 09:29:37 AM,606.7,15,9100.5,110126450.74999996
2025-08-01 09:29:44 AM,606.6,196,118893.6,110245344.34999995
2025-08-01 09:29:48 AM,606.55,0,0.0,110245344.34999995
2025-08-01 09:29:49 AM,606.55,584,354225.19999999995,110599569.54999995
2025-08-01 09:29:50 AM,606.55,7,4245.849999999999,110603815.39999995
2025-08-01 09:29:51 AM,606.5,52,31538.0,110635353.39999995
2025-08-01 09:29:51 AM,606.5,33,20014.5,110655367.89999995
2025-08-01 09:29:52 AM,606.55,0,0.0,110655367.89999995
2025-08-01 09:29:52 AM,606.7,25,15167.500000000002,110670535.39999995
2025-08-01 09:29:54 AM,607.0,903,548121.0,111218656.39999995
2025-08-01 09:29:55 AM,606.5,100,60650.0,111279306.39999995
2025-08-01 09:29:56 AM,606.8,3,1820.3999999999999,111281126.79999995
2025-08-01 09:29:58 AM,606.5,200,121300.0,111402426.79999995
2025-08-01 09:29:59 AM,606.5,7,4245.5,111406672.29999995
2025-08-01 09:30:02 AM,606.5,25,15162.5,111421834.79999995
2025-08-01 09:30:08 AM,606.2,0,0.0,111421834.79999995
2025-08-01 09:30:10 AM,606.25,261,158231.25,111580066.04999995
2025-08-01 09:30:11 AM,606.25,50,30312.5,111610378.54999995
2025-08-01 09:30:25 AM,606.3,261,158244.3,111768622.84999995
2025-08-01 09:30:29 AM,606.2,0,0.0,111768622.84999995
2025-08-01 09:30:33 AM,606.5,1302,789663.0,112558285.84999995
2025-08-01 09:30:40 AM,606.85,1779,1079586.1500000001,113637871.99999996
2025-08-01 09:30:43 AM,607.05,0,0.0,113637871.99999996
2025-08-01 09:30:47 AM,606.9,70,42483.0,113680354.99999996
2025-08-01 09:30:50 AM,606.65,0,0.0,113680354.99999996
2025-08-01 09:30:53 AM,606.6,0,0.0,113680354.99999996
2025-08-01 09:30:55 AM,606.7,288,174729.6,113855084.59999995
2025-08-01 09:30:59 AM,606.75,0,0.0,113855084.59999995
2025-08-01 09:31:01 AM,606.7,0,0.0,113855084.59999995
2025-08-01 09:31:02 AM,606.7,15,9100.5,113864185.09999995
2025-08-01 09:31:07 AM,606.8,0,0.0,113864185.09999995
2025-08-01 09:31:09 AM,606.8,1083,657164.3999999999,114521349.49999996
2025-08-01 09:31:11 AM,606.5,0,0.0,114521349.49999996
2025-08-01 09:31:13 AM,606.65,0,0.0,114521349.49999996
2025-08-01 09:31:17 AM,606.65,173,104950.45,114626299.94999996
2025-08-01 09:31:19 AM,606.75,0,0.0,114626299.94999996
2025-08-01 09:31:24 AM,606.75,231,140159.25,114766459.19999996
2025-08-01 09:31:25 AM,606.7,0,0.0,114766459.19999996
2025-08-01 09:31:31 AM,606.75,0,0.0,114766459.19999996
2025-08-01 09:31:31 AM,606.75,213,129237.75,114895696.94999996
2025-08-01 09:31:35 AM,606.7,0,0.0,114895696.94999996
2025-08-01 09:31:38 AM,606.7,125,75837.5,114971534.44999996
2025-08-01 09:31:41 AM,606.5,0,0.0,114971534.44999996
2025-08-01 09:31:43 AM,606.75,0,0.0,114971534.44999996
2025-08-01 09:31:45 AM,606.75,27,16382.25,114987916.69999996
2025-08-01 09:31:48 AM,606.8,0,0.0,114987916.69999996
2025-08-01 09:31:52 AM,606.8,61,37014.799999999996,115024931.49999996
2025-08-01 09:31:53 AM,607.0,0,0.0,115024931.49999996
2025-08-01 09:31:59 AM,606.9,2296,1393442.4,116418373.89999996
2025-08-01 09:32:03 AM,607.0,0,0.0,116418373.89999996
2025-08-01 09:32:06 AM,607.0,172,104404.0,116522777.89999996
2025-08-01 09:32:09 AM,606.9,0,0.0,116522777.89999996
2025-08-01 09:32:09 AM,607.0,0,0.0,116522777.89999996
2025-08-01 09:32:13 AM,607.0,4712,2860184.0,119382961.89999996
2025-08-01 09:32:15 AM,607.45,0,0.0,119382961.89999996
2025-08-01 09:32:20 AM,607.45,77,46773.65,119429735.54999997
2025-08-01 09:32:27 AM,608.1,0,0.0,119429735.54999997
2025-08-01 09:32:27 AM,608.1,873,530871.3,119960606.84999996
2025-08-01 09:32:33 AM,608.4,0,0.0,119960606.84999996
2025-08-01 09:32:33 AM,608.75,0,0.0,119960606.84999996
2025-08-01 09:32:34 AM,608.75,14,8522.5,119969129.34999996
2025-08-01 09:32:41 AM,608.75,404,245935.0,120215064.34999996
2025-08-01 09:32:45 AM,608.9,0,0.0,120215064.34999996
2025-08-01 09:32:48 AM,608.9,55,33489.5,120248553.84999996
2025-08-01 09:32:51 AM,609.25,0,0.0,120248553.84999996
2025-08-01 09:32:55 AM,609.25,153,93215.25,120341769.09999996
2025-08-01 09:32:57 AM,609.3,0,0.0,120341769.09999996
2025-08-01 09:32:57 AM,609.25,0,0.0,120341769.09999996
2025-08-01 09:33:02 AM,608.95,1110,675934.5,121017703.59999996
2025-08-01 09:33:03 AM,609.0,0,0.0,121017703.59999996
2025-08-01 09:33:03 AM,608.3,0,0.0,121017703.59999996
2025-08-01 09:33:09 AM,608.95,0,0.0,121017703.59999996
2025-08-01 09:33:09 AM,608.95,673,409823.35000000003,121427526.94999996
2025-08-01 09:33:19 AM,609.15,0,0.0,121427526.94999996
2025-08-01 09:33:23 AM,608.55,350,212992.49999999997,121640519.44999996
2025-08-01 09:33:24 AM,609.0,0,0.0,121640519.44999996
2025-08-01 09:33:29 AM,609.45,0,0.0,121640519.44999996
2025-08-01 09:33:30 AM,609.45,800,487560.00000000006,122128079.44999996
2025-08-01 09:33:36 AM,609.95,50,30497.500000000004,122158576.94999996
2025-08-01 09:33:39 AM,610.0,0,0.0,122158576.94999996
2025-08-01 09:33:43 AM,609.95,458,279357.10000000003,122437934.04999995
2025-08-01 09:33:49 AM,609.75,0,0.0,122437934.04999995
2025-08-01 09:33:51 AM,610.0,399,243390.0,122681324.04999995
2025-08-01 09:33:54 AM,609.95,0,0.0,122681324.04999995
2025-08-01 09:33:57 AM,610.85,1950,1191157.5,123872481.54999995
2025-08-01 09:34:01 AM,610.9,0,0.0,123872481.54999995
2025-08-01 09:34:01 AM,610.9,200,122180.0,123994661.54999995
2025-08-01 09:34:01 AM,611.0,60,36660.0,124031321.54999995
2025-08-01 09:34:03 AM,610.85,0,0.0,124031321.54999995
2025-08-01 09:34:04 AM,610.85,2,1221.7,124032543.24999996
2025-08-01 09:34:05 AM,610.85,5,3054.25,124035597.49999996
2025-08-01 09:34:08 AM,610.8,101,61690.799999999996,124097288.29999995
2025-08-01 09:34:10 AM,611.2,1244,760332.8,124857621.09999995
2025-08-01 09:34:12 AM,612.0,0,0.0,124857621.09999995
2025-08-01 09:34:13 AM,612.0,3587,2195244.0,127052865.09999995
2025-08-01 09:34:14 AM,612.0,166,101592.0,127154457.09999995
2025-08-01 09:34:14 AM,611.75,1,611.75,127155068.84999995
2025-08-01 09:34:15 AM,611.75,4,2447.0,127157515.84999995
2025-08-01 09:34:18 AM,612.2,133,81422.6,127238938.44999994
2025-08-01 09:34:20 AM,612.15,0,0.0,127238938.44999994
2025-08-01 09:34:20 AM,612.15,25,15303.75,127254242.19999994
2025-08-01 09:34:21 AM,611.75,3,1835.25,127256077.44999994
2025-08-01 09:34:22 AM,611.75,52,31811.0,127287888.44999994
2025-08-01 09:34:22 AM,611.55,1515,926498.2499999999,128214386.69999994
2025-08-01 09:34:24 AM,611.7,0,0.0,128214386.69999994
2025-08-01 09:34:24 AM,611.7,100,61170.00000000001,128275556.69999994
2025-08-01 09:34:25 AM,611.75,0,0.0,128275556.69999994
2025-08-01 09:34:25 AM,611.75,4,2447.0,128278003.69999994
2025-08-01 09:34:28 AM,611.75,41,25081.75,128303085.44999994
2025-08-01 09:34:30 AM,611.8,2,1223.6,128304309.04999994
2025-08-01 09:34:31 AM,611.75,2,1223.5,128305532.54999994
2025-08-01 09:34:31 AM,611.65,0,0.0,128305532.54999994
2025-08-01 09:34:32 AM,611.5,501,306361.5,128611894.04999994
2025-08-01 09:34:34 AM,611.6,1450,886820.0,129498714.04999994
2025-08-01 09:34:34 AM,611.2,5,3056.0,129501770.04999994
2025-08-01 09:34:36 AM,611.5,0,0.0,129501770.04999994
2025-08-01 09:34:36 AM,611.5,1013,619449.5,130121219.54999994
2025-08-01 09:34:37 AM,611.5,3,1834.5,130123054.04999994
2025-08-01 09:34:38 AM,611.75,0,0.0,130123054.04999994
2025-08-01 09:34:38 AM,611.75,115,70351.25,130193405.29999994
2025-08-01 09:34:41 AM,611.65,0,0.0,130193405.29999994
2025-08-01 09:34:42 AM,611.65,51,31194.149999999998,130224599.44999994
2025-08-01 09:34:45 AM,611.6,4,2446.4,130227045.84999995
2025-08-01 09:34:46 AM,611.6,1,611.6,130227657.44999994
2025-08-01 09:34:47 AM,611.65,122,74621.3,130302278.74999994
2025-08-01 09:34:48 AM,611.2,10,6112.0,130308390.74999994
2025-08-01 09:34:50 AM,611.35,0,0.0,130308390.74999994
2025-08-01 09:34:50 AM,611.35,11,6724.85,130315115.59999993
2025-08-01 09:34:55 AM,611.2,728,444953.60000000003,130760069.19999993
2025-08-01 09:34:57 AM,611.05,0,0.0,130760069.19999993
2025-08-01 09:34:58 AM,611.15,76,46447.4,130806516.59999993
2025-08-01 09:35:04 AM,611.2,0,0.0,130806516.59999993
2025-08-01 09:35:05 AM,611.2,100,61120.00000000001,130867636.59999993
2025-08-01 09:35:08 AM,610.9,0,0.0,130867636.59999993
2025-08-01 09:35:09 AM,611.1,0,0.0,130867636.59999993
2025-08-01 09:35:09 AM,611.1,16,9777.6,130877414.19999993
2025-08-01 09:35:12 AM,610.8,40,24432.0,130901846.19999993
2025-08-01 09:35:13 AM,610.8,10,6108.0,130907954.19999993
2025-08-01 09:35:16 AM,610.7,0,0.0,130907954.19999993
2025-08-01 09:35:17 AM,610.7,10,6107.0,130914061.19999993
2025-08-01 09:35:18 AM,610.85,0,0.0,130914061.19999993
2025-08-01 09:35:19 AM,610.85,1,610.85,130914672.04999992
2025-08-01 09:35:21 AM,610.6,50,30530.0,130945202.04999992
2025-08-01 09:35:21 AM,610.85,0,0.0,130945202.04999992
2025-08-01 09:35:21 AM,610.95,16,9775.2,130954977.24999993
2025-08-01 09:35:28 AM,610.0,0,0.0,130954977.24999993
2025-08-01 09:35:29 AM,610.0,30,18300.0,130973277.24999993
2025-08-01 09:35:32 AM,609.95,591,360480.45,131333757.69999993
2025-08-01 09:35:33 AM,609.45,150,91417.5,131425175.19999993
2025-08-01 09:35:35 AM,609.8,670,408565.99999999994,131833741.19999993
2025-08-01 09:35:36 AM,609.75,8,4878.0,131838619.19999993
2025-08-01 09:35:40 AM,609.5,95,57902.5,131896521.69999993
2025-08-01 09:35:42 AM,609.4,114,69471.59999999999,131965993.29999992
2025-08-01 09:35:46 AM,609.45,1,609.45,131966602.74999993
2025-08-01 09:35:47 AM,609.45,50,30472.500000000004,131997075.24999993
2025-08-01 09:35:54 AM,609.6,0,0.0,131997075.24999993
2025-08-01 09:35:54 AM,609.6,1,609.6,131997684.84999992
2025-08-01 09:35:58 AM,609.25,122,74328.5,132072013.34999992
2025-08-01 09:36:05 AM,609.5,10,6095.0,132078108.34999992
2025-08-01 09:36:10 AM,609.75,0,0.0,132078108.34999992
2025-08-01 09:36:11 AM,609.75,9,5487.75,132083596.09999992
2025-08-01 09:36:19 AM,609.65,10,6096.5,132089692.59999992
2025-08-01 09:36:22 AM,609.8,0,0.0,132089692.59999992
2025-08-01 09:36:23 AM,609.75,45,27438.75,132117131.34999992
2025-08-01 09:36:23 AM,610.0,0,0.0,132117131.34999992
2025-08-01 09:36:24 AM,610.0,1,610.0,132117741.34999992
2025-08-01 09:36:24 AM,609.8,0,0.0,132117741.34999992
2025-08-01 09:36:25 AM,609.8,146,89030.79999999999,132206772.14999992
2025-08-01 09:36:27 AM,610.05,0,0.0,132206772.14999992
2025-08-01 09:36:27 AM,610.05,70,42703.5,132249475.64999992
2025-08-01 09:36:34 AM,610.0,0,0.0,132249475.64999992
2025-08-01 09:36:35 AM,610.0,100,61000.0,132310475.64999992
2025-08-01 09:36:36 AM,610.35,0,0.0,132310475.64999992
2025-08-01 09:36:37 AM,610.35,2,1220.7,132311696.34999992
2025-08-01 09:36:39 AM,610.45,90,54940.50000000001,132366636.84999992
2025-08-01 09:36:39 AM,610.1,0,0.0,132366636.84999992
2025-08-01 09:36:40 AM,610.1,10,6101.0,132372737.84999992
2025-08-01 09:36:41 AM,610.5,100,61050.0,132433787.84999992
2025-08-01 09:36:46 AM,610.1,0,0.0,132433787.84999992
2025-08-01 09:36:47 AM,610.1,23,14032.300000000001,132447820.14999992
2025-08-01 09:36:47 AM,610.5,0,0.0,132447820.14999992
2025-08-01 09:36:48 AM,610.5,1000,610500.0,133058320.14999992
2025-08-01 09:36:49 AM,610.45,50,30522.500000000004,133088842.64999992
2025-08-01 09:36:52 AM,610.55,1,610.55,133089453.19999991
2025-08-01 09:36:54 AM,610.85,0,0.0,133089453.19999991
2025-08-01 09:36:54 AM,610.85,315,192417.75,133281870.94999991
2025-08-01 09:37:00 AM,610.9,0,0.0,133281870.94999991
2025-08-01 09:37:00 AM,610.9,10,6109.0,133287979.94999991
2025-08-01 09:37:02 AM,610.55,0,0.0,133287979.94999991
2025-08-01 09:37:03 AM,610.55,9,5494.95,133293474.89999992
2025-08-01 09:37:05 AM,610.85,171,104455.35,133397930.24999991
2025-08-01 09:37:08 AM,610.55,0,0.0,133397930.24999991
2025-08-01 09:37:08 AM,610.55,5,3052.75,133400982.99999991
2025-08-01 09:37:17 AM,610.55,88,53728.399999999994,133454711.39999992
2025-08-01 09:37:24 AM,610.55,50,30527.499999999996,133485238.89999992
2025-08-01 09:37:28 AM,610.7,0,0.0,133485238.89999992
2025-08-01 09:37:29 AM,610.7,51,31145.7,133516384.59999992
2025-08-01 09:37:31 AM,610.7,50,30535.000000000004,133546919.59999992
2025-08-01 09:37:50 AM,610.7,5,3053.5,133549973.09999992
2025-08-01 09:37:52 AM,610.4,250,152600.0,133702573.09999992
2025-08-01 09:37:54 AM,610.0,0,0.0,133702573.09999992
2025-08-01 09:37:55 AM,610.0,144,87840.0,133790413.09999992
2025-08-01 09:37:57 AM,610.15,40,24406.0,133814819.09999992
2025-08-01 09:37:58 AM,610.15,70,42710.5,133857529.59999992
2025-08-01 09:37:59 AM,610.15,50,30507.5,133888037.09999992
2025-08-01 09:38:01 AM,609.95,159,96982.05,133985019.14999992
2025-08-01 09:38:10 AM,610.0,25,15250.0,134000269.14999992
2025-08-01 09:38:10 AM,609.65,0,0.0,134000269.14999992
2025-08-01 09:38:11 AM,609.95,102,62214.9,134062484.04999992
2025-08-01 09:38:12 AM,609.95,10,6099.5,134068583.54999992
2025-08-01 09:38:12 AM,610.0,0,0.0,134068583.54999992
2025-08-01 09:38:13 AM,610.0,10,6100.0,134074683.54999992
2025-08-01 09:38:19 AM,609.6,0,0.0,134074683.54999992
2025-08-01 09:38:19 AM,609.6,2,1219.2,134075902.74999993
2025-08-01 09:38:22 AM,609.95,1,609.95,134076512.69999993
2025-08-01 09:38:26 AM,609.95,40,24398.0,134100910.69999993
2025-08-01 09:38:27 AM,609.6,98,59740.8,134160651.49999993
2025-08-01 09:38:27 AM,609.85,0,0.0,134160651.49999993
2025-08-01 09:38:28 AM,609.85,300,182955.0,134343606.49999994
2025-08-01 09:38:31 AM,610.45,0,0.0,134343606.49999994
2025-08-01 09:38:31 AM,610.45,800,488360.00000000006,134831966.49999994
2025-08-01 09:38:40 AM,610.55,0,0.0,134831966.49999994
2025-08-01 09:38:41 AM,610.15,256,156198.4,134988164.89999995
2025-08-01 09:38:47 AM,610.15,4,2440.6,134990605.49999994
2025-08-01 09:38:52 AM,610.0,5,3050.0,134993655.49999994
2025-08-01 09:38:53 AM,610.0,3,1830.0,134995485.49999994
2025-08-01 09:38:59 AM,610.0,42,25620.0,135021105.49999994
2025-08-01 09:39:01 AM,610.45,1,610.45,135021715.94999993
2025-08-01 09:39:05 AM,610.4,8,4883.2,135026599.14999992
2025-08-01 09:39:07 AM,610.4,1,610.4,135027209.54999992
2025-08-01 09:39:08 AM,610.0,25,15250.0,135042459.54999992
2025-08-01 09:39:09 AM,609.9,491,299460.89999999997,135341920.44999993
2025-08-01 09:39:10 AM,609.9,9,5489.099999999999,135347409.54999992
2025-08-01 09:39:14 AM,609.85,0,0.0,135347409.54999992
2025-08-01 09:39:15 AM,609.85,20,12197.0,135359606.54999992
2025-08-01 09:39:18 AM,609.8,10,6098.0,135365704.54999992
2025-08-01 09:39:26 AM,609.95,0,0.0,135365704.54999992
2025-08-01 09:39:27 AM,609.95,14,8539.300000000001,135374243.84999993
2025-08-01 09:39:30 AM,610.1,0,0.0,135374243.84999993
2025-08-01 09:39:31 AM,610.1,7,4270.7,135378514.54999992
2025-08-01 09:39:34 AM,610.1,50,30505.0,135409019.54999992
2025-08-01 09:39:36 AM,610.2,0,0.0,135409019.54999992
2025-08-01 09:39:37 AM,610.2,3,1830.6000000000001,135410850.14999992
2025-08-01 09:39:40 AM,609.75,57,34755.75,135445605.89999992
2025-08-01 09:39:41 AM,610.1,0,0.0,135445605.89999992
2025-08-01 09:39:41 AM,610.1,2,1220.2,135446826.0999999
2025-08-01 09:39:47 AM,610.4,1,610.4,135447436.4999999
2025-08-01 09:39:51 AM,609.95,100,60995.00000000001,135508431.4999999
2025-08-01 09:40:00 AM,610.2,0,0.0,135508431.4999999
2025-08-01 09:40:01 AM,610.2,1,610.2,135509041.6999999
2025-08-01 09:40:03 AM,610.2,1,610.2,135509651.8999999
2025-08-01 09:40:07 AM,610.2,22,13424.400000000001,135523076.2999999
2025-08-01 09:40:09 AM,610.2,1,610.2,135523686.49999988
2025-08-01 09:40:12 AM,609.95,5,3049.75,135526736.24999988
2025-08-01 09:40:14 AM,610.35,125,76293.75,135603029.99999988
2025-08-01 09:40:17 AM,610.3,38,23191.399999999998,135626221.3999999
2025-08-01 09:40:19 AM,610.05,0,0.0,135626221.3999999
2025-08-01 09:40:19 AM,610.05,300,183015.0,135809236.3999999
2025-08-01 09:40:25 AM,610.3,50,30514.999999999996,135839751.3999999
2025-08-01 09:40:28 AM,610.1,1,610.1,135840361.49999988
2025-08-01 09:40:29 AM,610.1,4,2440.4,135842801.8999999
2025-08-01 09:40:30 AM,610.45,160,97672.0,135940473.8999999
2025-08-01 09:40:31 AM,610.35,0,0.0,135940473.8999999
2025-08-01 09:40:31 AM,610.35,1,610.35,135941084.24999988
2025-08-01 09:40:35 AM,610.45,5,3052.25,135944136.49999988
2025-08-01 09:40:38 AM,610.5,5,3052.5,135947188.99999988
2025-08-01 09:40:39 AM,610.5,45,27472.5,135974661.49999988
2025-08-01 09:40:40 AM,610.5,174,106227.0,136080888.49999988
2025-08-01 09:40:45 AM,611.65,674,412252.1,136493140.59999987
2025-08-01 09:40:48 AM,611.25,0,0.0,136493140.59999987
2025-08-01 09:40:49 AM,611.25,5,3056.25,136496196.84999987
2025-08-01 09:40:51 AM,611.8,300,183540.0,136679736.84999987
2025-08-01 09:40:52 AM,611.9,11,6730.9,136686467.74999988
2025-08-01 09:40:58 AM,611.5,980,599270.0,137285737.74999988
2025-08-01 09:40:59 AM,611.8,1,611.8,137286349.5499999
2025-08-01 09:41:02 AM,611.75,0,0.0,137286349.5499999
2025-08-01 09:41:02 AM,611.75,5,3058.75,137289408.2999999
2025-08-01 09:41:03 AM,612.0,663,405756.0,137695164.2999999
2025-08-01 09:41:04 AM,612.6,0,0.0,137695164.2999999
2025-08-01 09:41:04 AM,612.6,345,211347.0,137906511.2999999
2025-08-01 09:41:04 AM,612.75,0,0.0,137906511.2999999
2025-08-01 09:41:05 AM,612.75,100,61275.0,137967786.2999999
2025-08-01 09:41:06 AM,612.4,274,167797.6,138135583.8999999
2025-08-01 09:41:09 AM,612.1,0,0.0,138135583.8999999
2025-08-01 09:41:09 AM,612.1,172,105281.2,138240865.09999987
2025-08-01 09:41:09 AM,612.7,59,36149.3,138277014.3999999
2025-08-01 09:41:12 AM,612.3,0,0.0,138277014.3999999
2025-08-01 09:41:13 AM,612.6,0,0.0,138277014.3999999
2025-08-01 09:41:13 AM,612.6,172,105367.2,138382381.59999987
2025-08-01 09:41:14 AM,611.7,0,0.0,138382381.59999987
2025-08-01 09:41:14 AM,611.7,297,181674.90000000002,138564056.49999988
2025-08-01 09:41:14 AM,611.6,0,0.0,138564056.49999988
2025-08-01 09:41:15 AM,611.6,20,12232.0,138576288.49999988
2025-08-01 09:41:19 AM,611.8,0,0.0,138576288.49999988
2025-08-01 09:41:20 AM,611.8,25,15294.999999999998,138591583.49999988
2025-08-01 09:41:21 AM,612.25,0,0.0,138591583.49999988
2025-08-01 09:41:22 AM,612.0,0,0.0,138591583.49999988
2025-08-01 09:41:22 AM,612.0,224,137088.0,138728671.49999988
2025-08-01 09:41:24 AM,612.0,15,9180.0,138737851.49999988
2025-08-01 09:41:25 AM,612.0,500,306000.0,139043851.49999988
2025-08-01 09:41:27 AM,612.05,0,0.0,139043851.49999988
2025-08-01 09:41:28 AM,612.05,12,7344.599999999999,139051196.09999987
2025-08-01 09:41:28 AM,612.55,154,94332.7,139145528.79999986
2025-08-01 09:41:28 AM,612.75,0,0.0,139145528.79999986
2025-08-01 09:41:29 AM,612.75,1665,1020228.75,140165757.54999986
2025-08-01 09:41:29 AM,613.2,1169,716830.8,140882588.34999987
2025-08-01 09:41:29 AM,613.45,0,0.0,140882588.34999987
2025-08-01 09:41:30 AM,613.45,1,613.45,140883201.79999986
2025-08-01 09:41:32 AM,613.1,58,35559.8,140918761.59999987
2025-08-01 09:41:33 AM,612.95,30,18388.5,140937150.09999987
2025-08-01 09:41:35 AM,613.3,50,30664.999999999996,140967815.09999987
2025-08-01 09:41:35 AM,612.9,50,30645.0,140998460.09999987
2025-08-01 09:41:39 AM,613.8,0,0.0,140998460.09999987
2025-08-01 09:41:40 AM,613.8,784,481219.19999999995,141479679.29999986
2025-08-01 09:41:40 AM,613.85,0,0.0,141479679.29999986
2025-08-01 09:41:41 AM,613.8,134,82249.2,141561928.49999985
2025-08-01 09:41:47 AM,613.55,220,134981.0,141696909.49999985
2025-08-01 09:41:47 AM,613.55,13,7976.15,141704885.64999986
2025-08-01 09:41:50 AM,613.5,0,0.0,141704885.64999986
2025-08-01 09:41:51 AM,613.5,215,131902.5,141836788.14999986
2025-08-01 09:41:51 AM,613.25,0,0.0,141836788.14999986
2025-08-01 09:41:52 AM,613.25,150,91987.5,141928775.64999986
2025-08-01 09:41:52 AM,613.5,3,1840.5,141930616.14999986
2025-08-01 09:41:53 AM,613.1,50,30655.0,141961271.14999986
2025-08-01 09:41:54 AM,613.1,200,122620.0,142083891.14999986
2025-08-01 09:41:54 AM,613.8,418,256568.4,142340459.54999986
2025-08-01 09:41:55 AM,613.1,0,0.0,142340459.54999986
2025-08-01 09:41:56 AM,613.1,700,429170.0,142769629.54999986
2025-08-01 09:42:01 AM,613.15,305,187010.75,142956640.29999986
2025-08-01 09:42:02 AM,613.1,0,0.0,142956640.29999986
2025-08-01 09:42:02 AM,613.1,10,6131.0,142962771.29999986
2025-08-01 09:42:04 AM,613.35,1,613.35,142963384.64999986
2025-08-01 09:42:05 AM,613.1,0,0.0,142963384.64999986
2025-08-01 09:42:06 AM,613.1,128,78476.8,143041861.44999987
2025-08-01 09:42:13 AM,613.1,5,3065.5,143044926.94999987
2025-08-01 09:42:14 AM,613.0,200,122600.0,143167526.94999987
2025-08-01 09:42:16 AM,613.2,10,6132.0,143173658.94999987
2025-08-01 09:42:17 AM,613.1,50,30655.0,143204313.94999987
2025-08-01 09:42:18 AM,613.3,0,0.0,143204313.94999987
2025-08-01 09:42:19 AM,613.3,301,184603.3,143388917.24999988
2025-08-01 09:42:19 AM,613.2,0,0.0,143388917.24999988
2025-08-01 09:42:20 AM,612.9,0,0.0,143388917.24999988
2025-08-01 09:42:20 AM,612.9,89,54548.1,143443465.34999987
2025-08-01 09:42:22 AM,613.0,100,61300.0,143504765.34999987
2025-08-01 09:42:23 AM,613.05,0,0.0,143504765.34999987
2025-08-01 09:42:24 AM,613.05,100,61304.99999999999,143566070.34999987
2025-08-01 09:42:25 AM,613.5,48,29448.0,143595518.34999987
2025-08-01 09:42:31 AM,613.05,0,0.0,143595518.34999987
2025-08-01 09:42:32 AM,613.05,25,15326.249999999998,143610844.59999987
2025-08-01 09:42:35 AM,613.4,0,0.0,143610844.59999987
2025-08-01 09:42:36 AM,613.4,70,42938.0,143653782.59999987
2025-08-01 09:42:40 AM,613.45,1,613.45,143654396.04999986
2025-08-01 09:42:43 AM,613.2,50,30660.000000000004,143685056.04999986
2025-08-01 09:42:44 AM,613.25,0,0.0,143685056.04999986
2025-08-01 09:42:44 AM,613.25,201,123263.25,143808319.29999986
2025-08-01 09:42:49 AM,613.4,0,0.0,143808319.29999986
2025-08-01 09:42:49 AM,613.4,20,12268.0,143820587.29999986
2025-08-01 09:42:49 AM,613.8,1087,667200.6,144487787.89999986
2025-08-01 09:42:50 AM,613.5,200,122700.0,144610487.89999986
2025-08-01 09:42:52 AM,613.4,50,30670.0,144641157.89999986
2025-08-01 09:42:54 AM,613.7,98,60142.600000000006,144701300.49999985
2025-08-01 09:42:56 AM,613.85,0,0.0,144701300.49999985
2025-08-01 09:42:56 AM,613.85,23,14118.550000000001,144715419.04999986
2025-08-01 09:42:58 AM,614.25,775,476043.75,145191462.79999986
2025-08-01 09:43:00 AM,613.9,50,30695.0,145222157.79999986
2025-08-01 09:43:02 AM,614.2,61,37466.200000000004,145259623.99999985
2025-08-01 09:43:04 AM,613.75,500,306875.0,145566498.99999985
2025-08-01 09:43:10 AM,614.3,0,0.0,145566498.99999985
2025-08-01 09:43:10 AM,614.3,166,101973.79999999999,145668472.79999986
2025-08-01 09:43:11 AM,613.9,0,0.0,145668472.79999986
2025-08-01 09:43:11 AM,613.9,74,45428.6,145713901.39999986
2025-08-01 09:43:11 AM,614.05,0,0.0,145713901.39999986
2025-08-01 09:43:11 AM,614.05,98,60176.899999999994,145774078.29999986
2025-08-01 09:43:12 AM,614.1,0,0.0,145774078.29999986
2025-08-01 09:43:13 AM,614.1,23,14124.300000000001,145788202.59999987
2025-08-01 09:43:15 AM,614.2,0,0.0,145788202.59999987
2025-08-01 09:43:16 AM,614.2,254,156006.80000000002,145944209.3999999
2025-08-01 09:43:16 AM,614.0,100,61400.0,146005609.3999999
2025-08-01 09:43:17 AM,613.7,0,0.0,146005609.3999999
2025-08-01 09:43:18 AM,613.4,2678,1642685.2,147648294.59999987
2025-08-01 09:43:19 AM,613.4,10,6134.0,147654428.59999987
2025-08-01 09:43:23 AM,613.7,100,61370.00000000001,147715798.59999987
2025-08-01 09:43:24 AM,613.2,125,76650.0,147792448.59999987
2025-08-01 09:43:25 AM,613.3,14,8586.199999999999,147801034.79999986
2025-08-01 09:43:32 AM,612.95,175,107266.25000000001,147908301.04999986
2025-08-01 09:43:35 AM,613.4,150,92010.0,148000311.04999986
2025-08-01 09:43:37 AM,613.1,186,114036.6,148114347.64999986
2025-08-01 09:43:43 AM,613.3,77,47224.1,148161571.74999985
2025-08-01 09:43:46 AM,613.1,0,0.0,148161571.74999985
2025-08-01 09:43:47 AM,613.1,2,1226.2,148162797.94999984
2025-08-01 09:43:50 AM,613.35,250,153337.5,148316135.44999984
2025-08-01 09:43:52 AM,613.1,100,61310.0,148377445.44999984
2025-08-01 09:43:52 AM,612.95,0,0.0,148377445.44999984
2025-08-01 09:43:53 AM,612.95,10,6129.5,148383574.94999984
2025-08-01 09:43:55 AM,613.0,100,61300.0,148444874.94999984
2025-08-01 09:43:57 AM,612.55,820,502290.99999999994,148947165.94999984
2025-08-01 09:44:02 AM,613.0,0,0.0,148947165.94999984
2025-08-01 09:44:03 AM,613.0,100,61300.0,149008465.94999984
2025-08-01 09:44:06 AM,612.5,0,0.0,149008465.94999984
2025-08-01 09:44:06 AM,612.5,5,3062.5,149011528.44999984
2025-08-01 09:44:06 AM,612.95,0,0.0,149011528.44999984
2025-08-01 09:44:07 AM,612.95,3,1838.8500000000001,149013367.29999983
2025-08-01 09:44:08 AM,612.55,150,91882.5,149105249.79999983
2025-08-01 09:44:08 AM,612.6,0,0.0,149105249.79999983
2025-08-01 09:44:09 AM,612.6,100,61260.0,149166509.79999983
2025-08-01 09:44:11 AM,612.5,0,0.0,149166509.79999983
2025-08-01 09:44:12 AM,612.5,12,7350.0,149173859.79999983
2025-08-01 09:44:15 AM,612.35,0,0.0,149173859.79999983
2025-08-01 09:44:16 AM,612.35,50,30617.5,149204477.29999983
2025-08-01 09:44:17 AM,612.15,0,0.0,149204477.29999983
2025-08-01 09:44:18 AM,612.15,1,612.15,149205089.44999984
2025-08-01 09:44:20 AM,612.5,0,0.0,149205089.44999984
2025-08-01 09:44:21 AM,612.5,9,5512.5,149210601.94999984
2025-08-01 09:44:25 AM,612.3,0,0.0,149210601.94999984
2025-08-01 09:44:26 AM,612.3,175,107152.49999999999,149317754.44999984
2025-08-01 09:44:27 AM,612.3,10,6123.0,149323877.44999984
2025-08-01 09:44:29 AM,612.25,0,0.0,149323877.44999984
2025-08-01 09:44:30 AM,612.25,50,30612.5,149354489.94999984
2025-08-01 09:44:32 AM,612.35,163,99813.05,149454302.99999985
2025-08-01 09:44:32 AM,612.15,0,0.0,149454302.99999985
2025-08-01 09:44:33 AM,612.15,10,6121.5,149460424.49999985
2025-08-01 09:44:34 AM,612.25,2,1224.5,149461648.99999985
2025-08-01 09:44:36 AM,612.35,30,18370.5,149480019.49999985
2025-08-01 09:44:39 AM,612.3,0,0.0,149480019.49999985
2025-08-01 09:44:39 AM,612.3,1,612.3,149480631.79999986
2025-08-01 09:44:43 AM,612.25,10,6122.5,149486754.29999986
2025-08-01 09:44:45 AM,612.3,0,0.0,149486754.29999986
2025-08-01 09:44:45 AM,612.3,5,3061.5,149489815.79999986
2025-08-01 09:44:46 AM,612.15,0,0.0,149489815.79999986
2025-08-01 09:44:47 AM,612.15,1,612.15,149490427.94999987
2025-08-01 09:44:48 AM,612.25,4,2449.0,149492876.94999987
2025-08-01 09:44:55 AM,612.25,1,612.25,149493489.19999987
2025-08-01 09:44:57 AM,612.25,20,12245.0,149505734.19999987
2025-08-01 09:44:58 AM,612.35,100,61235.0,149566969.19999987
2025-08-01 09:44:59 AM,612.35,1,612.35,149567581.54999986
2025-08-01 09:45:02 AM,612.3,5,3061.5,149570643.04999986
2025-08-01 09:45:03 AM,612.15,0,0.0,149570643.04999986
2025-08-01 09:45:03 AM,612.15,21,12855.15,149583498.19999987
2025-08-01 09:45:04 AM,612.0,0,0.0,149583498.19999987
2025-08-01 09:45:04 AM,612.0,50,30600.0,149614098.19999987
2025-08-01 09:45:05 AM,611.9,0,0.0,149614098.19999987
2025-08-01 09:45:05 AM,611.9,10,6119.0,149620217.19999987
2025-08-01 09:45:06 AM,611.6,86,52597.6,149672814.79999986
2025-08-01 09:45:06 AM,612.0,0,0.0,149672814.79999986
2025-08-01 09:45:07 AM,611.6,139,85012.40000000001,149757827.19999987
2025-08-01 09:45:10 AM,611.8,1,611.8,149758438.99999988
2025-08-01 09:45:10 AM,611.8,430,263074.0,150021512.99999988
2025-08-01 09:45:15 AM,611.25,0,0.0,150021512.99999988
2025-08-01 09:45:15 AM,611.25,596,364305.0,150385817.99999988
2025-08-01 09:45:17 AM,611.75,0,0.0,150385817.99999988
2025-08-01 09:45:17 AM,611.75,108,66069.0,150451886.99999988
2025-08-01 09:45:19 AM,611.7,5,3058.5,150454945.49999988
2025-08-01 09:45:20 AM,611.7,30,18351.0,150473296.49999988
2025-08-01 09:45:22 AM,611.35,0,0.0,150473296.49999988
2025-08-01 09:45:23 AM,611.2,0,0.0,150473296.49999988
2025-08-01 09:45:23 AM,611.2,133,81289.6,150554586.09999987
2025-08-01 09:45:24 AM,611.3,1,611.3,150555197.3999999
2025-08-01 09:45:25 AM,611.35,0,0.0,150555197.3999999
2025-08-01 09:45:25 AM,611.05,337,205923.84999999998,150761121.24999988
2025-08-01 09:45:27 AM,611.35,0,0.0,150761121.24999988
2025-08-01 09:45:28 AM,611.35,2,1222.7,150762343.94999987
2025-08-01 09:45:29 AM,611.4,0,0.0,150762343.94999987
2025-08-01 09:45:29 AM,611.4,5,3057.0,150765400.94999987
2025-08-01 09:45:31 AM,611.05,0,0.0,150765400.94999987
2025-08-01 09:45:32 AM,611.05,5,3055.25,150768456.19999987
2025-08-01 09:45:38 AM,611.35,100,61135.0,150829591.19999987
2025-08-01 09:45:39 AM,611.3,0,0.0,150829591.19999987
2025-08-01 09:45:39 AM,611.3,19,11614.699999999999,150841205.89999986
2025-08-01 09:45:49 AM,611.5,0,0.0,150841205.89999986
2025-08-01 09:45:49 AM,611.5,28,17122.0,150858327.89999986
2025-08-01 09:45:55 AM,611.5,1,611.5,150858939.39999986
2025-08-01 09:45:56 AM,611.45,2,1222.9,150860162.29999986
2025-08-01 09:45:57 AM,611.7,1,611.7,150860773.99999985
2025-08-01 09:46:04 AM,611.5,0,0.0,150860773.99999985
2025-08-01 09:46:04 AM,611.5,20,12230.0,150873003.99999985
2025-08-01 09:46:05 AM,611.35,22,13449.7,150886453.69999984
2025-08-01 09:46:05 AM,611.3,0,0.0,150886453.69999984
2025-08-01 09:46:06 AM,611.3,13,7946.9,150894400.59999985
2025-08-01 09:46:09 AM,611.3,200,122259.99999999999,151016660.59999985
2025-08-01 09:46:09 AM,611.2,0,0.0,151016660.59999985
2025-08-01 09:46:10 AM,611.2,5,3056.0,151019716.59999985
2025-08-01 09:46:10 AM,611.35,0,0.0,151019716.59999985
2025-08-01 09:46:11 AM,611.35,40,24454.0,151044170.59999985
2025-08-01 09:46:16 AM,611.0,0,0.0,151044170.59999985
2025-08-01 09:46:17 AM,611.0,350,213850.0,151258020.59999985
2025-08-01 09:46:24 AM,610.95,0,0.0,151258020.59999985
2025-08-01 09:46:24 AM,610.95,1,610.95,151258631.54999983
2025-08-01 09:46:27 AM,611.2,25,15280.000000000002,151273911.54999983
2025-08-01 09:46:28 AM,611.2,6,3667.2000000000003,151277578.74999982
2025-08-01 09:46:29 AM,611.0,10,6110.0,151283688.74999982
2025-08-01 09:46:31 AM,611.05,0,0.0,151283688.74999982
2025-08-01 09:46:32 AM,611.05,14,8554.699999999999,151292243.4499998
2025-08-01 09:46:35 AM,610.9,50,30545.0,151322788.4499998
2025-08-01 09:46:35 AM,611.0,0,0.0,151322788.4499998
2025-08-01 09:46:36 AM,611.0,200,122200.0,151444988.4499998
2025-08-01 09:46:36 AM,610.45,30,18313.5,151463301.9499998
2025-08-01 09:46:37 AM,610.85,10,6108.5,151469410.4499998
2025-08-01 09:46:38 AM,610.95,260,158847.0,151628257.4499998
2025-08-01 09:46:39 AM,610.55,131,79982.04999999999,151708239.49999982
2025-08-01 09:46:40 AM,611.0,1,611.0,151708850.49999982
2025-08-01 09:46:44 AM,611.05,5,3055.25,151711905.74999982
2025-08-01 09:46:44 AM,610.8,20,12216.0,151724121.74999982
2025-08-01 09:46:47 AM,611.1,25,15277.5,151739399.24999982
2025-08-01 09:46:54 AM,610.9,0,0.0,151739399.24999982
2025-08-01 09:46:55 AM,610.9,2,1221.8,151740621.04999983
2025-08-01 09:46:58 AM,610.8,50,30539.999999999996,151771161.04999983
2025-08-01 09:46:59 AM,610.55,2,1221.1,151772382.14999983
2025-08-01 09:46:59 AM,610.8,0,0.0,151772382.14999983
2025-08-01 09:47:00 AM,610.8,4,2443.2,151774825.34999982
2025-08-01 09:47:03 AM,610.8,20,12216.0,151787041.34999982
2025-08-01 09:47:04 AM,610.8,2,1221.6,151788262.9499998
2025-08-01 09:47:06 AM,610.85,100,61085.0,151849347.9499998
2025-08-01 09:47:11 AM,610.95,1,610.95,151849958.8999998
2025-08-01 09:47:22 AM,610.7,1,610.7,151850569.5999998
2025-08-01 09:47:28 AM,610.7,65,39695.5,151890265.0999998
2025-08-01 09:47:31 AM,610.0,369,225090.0,152115355.0999998
2025-08-01 09:47:34 AM,609.8,243,148181.4,152263536.4999998
2025-08-01 09:47:36 AM,609.7,0,0.0,152263536.4999998
2025-08-01 09:47:37 AM,609.7,528,321921.60000000003,152585458.0999998
2025-08-01 09:47:37 AM,609.85,0,0.0,152585458.0999998
2025-08-01 09:47:38 AM,609.85,30,18295.5,152603753.5999998
2025-08-01 09:47:39 AM,609.85,2,1219.7,152604973.29999977
2025-08-01 09:47:40 AM,609.5,132,80454.0,152685427.29999977
2025-08-01 09:47:41 AM,609.9,10,6099.0,152691526.29999977
2025-08-01 09:47:45 AM,609.7,10,6097.0,152697623.29999977
2025-08-01 09:47:49 AM,610.05,2,1220.1,152698843.39999977
2025-08-01 09:47:49 AM,609.65,300,182895.0,152881738.39999977
2025-08-01 09:47:53 AM,610.0,27,16470.0,152898208.39999977
2025-08-01 09:47:53 AM,610.0,1,610.0,152898818.39999977
2025-08-01 09:47:53 AM,609.5,0,0.0,152898818.39999977
2025-08-01 09:47:54 AM,609.5,220,134090.0,153032908.39999977
2025-08-01 09:47:56 AM,609.65,8,4877.2,153037785.59999976
2025-08-01 09:48:01 AM,609.35,87,53013.450000000004,153090799.04999974
2025-08-01 09:48:04 AM,609.5,0,0.0,153090799.04999974
2025-08-01 09:48:04 AM,609.5,30,18285.0,153109084.04999974
2025-08-01 09:48:06 AM,609.8,0,0.0,153109084.04999974
2025-08-01 09:48:06 AM,609.8,50,30489.999999999996,153139574.04999974
2025-08-01 09:48:25 AM,610.05,97,59174.85,153198748.89999974
2025-08-01 09:48:27 AM,610.35,0,0.0,153198748.89999974
2025-08-01 09:48:27 AM,610.35,10,6103.5,153204852.39999974
2025-08-01 09:48:29 AM,610.0,10,6100.0,153210952.39999974
2025-08-01 09:48:33 AM,610.0,9,5490.0,153216442.39999974
2025-08-01 09:48:36 AM,610.0,12,7320.0,153223762.39999974
2025-08-01 09:48:44 AM,610.05,200,122009.99999999999,153345772.39999974
2025-08-01 09:48:49 AM,610.5,0,0.0,153345772.39999974
2025-08-01 09:48:49 AM,610.5,1000,610500.0,153956272.39999974
2025-08-01 09:48:54 AM,610.05,2,1220.1,153957492.49999973
2025-08-01 09:49:06 AM,610.05,23,14031.15,153971523.64999974
2025-08-01 09:49:08 AM,610.05,102,62225.1,154033748.74999973
2025-08-01 09:49:08 AM,610.05,70,42703.5,154076452.24999973
2025-08-01 09:49:12 AM,610.0,65,39650.0,154116102.24999973
2025-08-01 09:49:13 AM,610.0,147,89670.0,154205772.24999973
2025-08-01 09:49:18 AM,610.0,6,3660.0,154209432.24999973
2025-08-01 09:49:18 AM,610.0,2,1220.0,154210652.24999973
2025-08-01 09:49:23 AM,610.0,40,24400.0,154235052.24999973
2025-08-01 09:49:23 AM,610.0,1,610.0,154235662.24999973
2025-08-01 09:49:24 AM,610.0,100,61000.0,154296662.24999973
2025-08-01 09:49:27 AM,610.0,6,3660.0,154300322.24999973
2025-08-01 09:49:29 AM,610.0,270,164700.0,154465022.24999973
2025-08-01 09:49:30 AM,610.0,1,610.0,154465632.24999973
2025-08-01 09:49:32 AM,609.75,45,27438.75,154493070.99999973
2025-08-01 09:49:37 AM,610.0,2,1220.0,154494290.99999973
2025-08-01 09:49:42 AM,609.7,1,609.7,154494900.69999972
2025-08-01 09:49:44 AM,610.0,10,6100.0,154501000.69999972
2025-08-01 09:49:49 AM,610.0,16,9760.0,154510760.69999972
2025-08-01 09:49:53 AM,609.65,0,0.0,154510760.69999972
2025-08-01 09:49:54 AM,609.65,61,37188.65,154547949.34999973
2025-08-01 09:49:55 AM,609.6,0,0.0,154547949.34999973
2025-08-01 09:49:56 AM,609.6,8,4876.8,154552826.14999974
2025-08-01 09:50:02 AM,609.5,0,0.0,154552826.14999974
2025-08-01 09:50:02 AM,609.5,40,24380.0,154577206.14999974
2025-08-01 09:50:05 AM,609.6,0,0.0,154577206.14999974
2025-08-01 09:50:06 AM,609.6,150,91440.0,154668646.14999974
2025-08-01 09:50:10 AM,609.1,0,0.0,154668646.14999974
2025-08-01 09:50:12 AM,609.1,2014,1226727.4000000001,155895373.54999974
2025-08-01 09:50:14 AM,608.95,0,0.0,155895373.54999974
2025-08-01 09:50:15 AM,609.3,425,258952.49999999997,156154326.04999974
2025-08-01 09:50:18 AM,609.0,0,0.0,156154326.04999974
2025-08-01 09:50:19 AM,609.0,165,100485.0,156254811.04999974
2025-08-01 09:50:35 AM,609.1,0,0.0,156254811.04999974
2025-08-01 09:50:37 AM,609.1,60,36546.0,156291357.04999974
2025-08-01 09:50:40 AM,609.45,0,0.0,156291357.04999974
2025-08-01 09:50:40 AM,609.45,12,7313.400000000001,156298670.44999975
2025-08-01 09:50:46 AM,609.35,10,6093.5,156304763.94999975
2025-08-01 09:50:50 AM,609.35,51,31076.850000000002,156335840.79999974
2025-08-01 09:50:52 AM,609.4,0,0.0,156335840.79999974
2025-08-01 09:50:52 AM,609.4,25,15235.0,156351075.79999974
2025-08-01 09:50:59 AM,609.1,119,72482.90000000001,156423558.69999975
2025-08-01 09:51:01 AM,609.5,0,0.0,156423558.69999975
2025-08-01 09:51:02 AM,609.65,0,0.0,156423558.69999975
2025-08-01 09:51:03 AM,609.65,383,233495.94999999998,156657054.64999974
2025-08-01 09:51:08 AM,609.75,0,0.0,156657054.64999974
2025-08-01 09:51:09 AM,609.7,61,37191.700000000004,156694246.34999973
2025-08-01 09:51:15 AM,609.7,21,12803.7,156707050.0499997
2025-08-01 09:51:17 AM,610.0,1,610.0,156707660.0499997
2025-08-01 09:51:21 AM,610.05,0,0.0,156707660.0499997
2025-08-01 09:51:22 AM,610.05,1358,828447.8999999999,157536107.94999972
2025-08-01 09:51:24 AM,610.25,10,6102.5,157542210.44999972
2025-08-01 09:51:25 AM,610.3,0,0.0,157542210.44999972
2025-08-01 09:51:28 AM,610.75,221,134975.75,157677186.19999972
2025-08-01 09:51:31 AM,610.3,0,0.0,157677186.19999972
2025-08-01 09:51:33 AM,610.0,0,0.0,157677186.19999972
2025-08-01 09:51:34 AM,610.0,226,137860.0,157815046.19999972
2025-08-01 09:51:35 AM,610.2,0,0.0,157815046.19999972
2025-08-01 09:51:36 AM,610.2,16,9763.2,157824809.3999997
2025-08-01 09:51:40 AM,609.5,222,135309.0,157960118.3999997
2025-08-01 09:51:44 AM,609.6,0,0.0,157960118.3999997
2025-08-01 09:51:45 AM,609.35,0,0.0,157960118.3999997
2025-08-01 09:51:47 AM,609.35,60,36561.0,157996679.3999997
2025-08-01 09:51:48 AM,609.3,0,0.0,157996679.3999997
2025-08-01 09:51:49 AM,609.3,4,2437.2,157999116.5999997
2025-08-01 09:51:59 AM,609.1,10,6091.0,158005207.5999997
2025-08-01 09:52:02 AM,609.25,10,6092.5,158011300.0999997
2025-08-01 09:52:05 AM,609.2,0,0.0,158011300.0999997
2025-08-01 09:52:06 AM,609.2,2,1218.4,158012518.4999997
2025-08-01 09:52:06 AM,608.85,0,0.0,158012518.4999997
2025-08-01 09:52:07 AM,608.85,633,385402.05,158397920.5499997
2025-08-01 09:52:08 AM,608.9,0,0.0,158397920.5499997
2025-08-01 09:52:09 AM,608.9,21,12786.9,158410707.44999972
2025-08-01 09:52:11 AM,608.9,10,6089.0,158416796.44999972
2025-08-01 09:52:13 AM,608.95,65,39581.75,158456378.19999972
2025-08-01 09:52:16 AM,608.75,1,608.75,158456986.94999972
2025-08-01 09:52:18 AM,608.85,30,18265.5,158475252.44999972
2025-08-01 09:52:21 AM,608.75,0,0.0,158475252.44999972
2025-08-01 09:52:22 AM,608.75,10,6087.5,158481339.94999972
2025-08-01 09:52:23 AM,608.75,5,3043.75,158484383.69999972
2025-08-01 09:52:26 AM,608.8,50,30439.999999999996,158514823.69999972
2025-08-01 09:52:29 AM,608.85,0,0.0,158514823.69999972
2025-08-01 09:52:30 AM,608.85,50,30442.5,158545266.19999972
2025-08-01 09:52:31 AM,608.5,6,3651.0,158548917.19999972
2025-08-01 09:52:34 AM,608.5,210,127785.0,158676702.19999972
2025-08-01 09:52:35 AM,608.5,90,54765.0,158731467.19999972
2025-08-01 09:52:36 AM,608.5,15,9127.5,158740594.69999972
2025-08-01 09:52:39 AM,608.4,200,121680.0,158862274.69999972
2025-08-01 09:52:43 AM,608.4,50,30420.0,158892694.69999972
2025-08-01 09:52:48 AM,608.0,40,24320.0,158917014.69999972
2025-08-01 09:52:48 AM,608.4,0,0.0,158917014.69999972
2025-08-01 09:52:49 AM,608.4,200,121680.0,159038694.69999972
2025-08-01 09:52:55 AM,608.5,0,0.0,159038694.69999972
2025-08-01 09:52:56 AM,608.5,25,15212.5,159053907.19999972
2025-08-01 09:52:57 AM,608.5,33,20080.5,159073987.69999972
2025-08-01 09:52:59 AM,608.1,182,110674.2,159184661.8999997
2025-08-01 09:52:59 AM,608.05,0,0.0,159184661.8999997
2025-08-01 09:53:00 AM,608.15,16,9730.4,159194392.2999997
2025-08-01 09:53:01 AM,608.1,3113,1893015.3,161087407.59999973
2025-08-01 09:53:03 AM,608.2,838,509671.60000000003,161597079.19999972
2025-08-01 09:53:10 AM,608.5,10,6085.0,161603164.19999972
2025-08-01 09:53:12 AM,608.45,5,3042.25,161606206.44999972
2025-08-01 09:53:13 AM,608.45,3,1825.3500000000001,161608031.7999997
2025-08-01 09:53:14 AM,608.55,0,0.0,161608031.7999997
2025-08-01 09:53:14 AM,608.55,820,499010.99999999994,162107042.7999997
2025-08-01 09:53:14 AM,608.45,100,60845.00000000001,162167887.7999997
2025-08-01 09:53:15 AM,608.3,50,30414.999999999996,162198302.7999997
2025-08-01 09:53:15 AM,608.3,5,3041.5,162201344.2999997
2025-08-01 09:53:18 AM,608.2,1,608.2,162201952.4999997
2025-08-01 09:53:19 AM,608.2,1,608.2,162202560.6999997
2025-08-01 09:53:19 AM,608.35,0,0.0,162202560.6999997
2025-08-01 09:53:20 AM,608.35,100,60835.0,162263395.6999997
2025-08-01 09:53:22 AM,608.15,0,0.0,162263395.6999997
2025-08-01 09:53:22 AM,608.15,25,15203.75,162278599.4499997
2025-08-01 09:53:22 AM,608.0,27,16416.0,162295015.4499997
2025-08-01 09:53:25 AM,608.1,7,4256.7,162299272.14999968
2025-08-01 09:53:26 AM,607.65,0,0.0,162299272.14999968
2025-08-01 09:53:27 AM,607.65,20,12153.0,162311425.14999968
2025-08-01 09:53:28 AM,608.1,0,0.0,162311425.14999968
2025-08-01 09:53:28 AM,608.1,33,20067.3,162331492.4499997
2025-08-01 09:53:28 AM,607.65,0,0.0,162331492.4499997
2025-08-01 09:53:29 AM,607.65,175,106338.75,162437831.1999997
2025-08-01 09:53:31 AM,608.1,50,30405.0,162468236.1999997
2025-08-01 09:53:35 AM,608.15,700,425705.0,162893941.1999997
2025-08-01 09:53:35 AM,607.8,9,5470.2,162899411.39999968
2025-08-01 09:53:37 AM,608.15,70,42570.5,162941981.89999968
2025-08-01 09:53:39 AM,607.65,0,0.0,162941981.89999968
2025-08-01 09:53:39 AM,607.65,151,91755.15,163033737.04999968
2025-08-01 09:53:41 AM,607.65,69,41927.85,163075664.89999968
2025-08-01 09:53:44 AM,607.6,0,0.0,163075664.89999968
2025-08-01 09:53:45 AM,607.6,26,15797.6,163091462.49999967
2025-08-01 09:53:53 AM,607.65,170,103300.5,163194762.99999967
2025-08-01 09:53:58 AM,608.05,0,0.0,163194762.99999967
2025-08-01 09:53:59 AM,608.05,1,608.05,163195371.04999968
2025-08-01 09:54:01 AM,607.65,0,0.0,163195371.04999968
2025-08-01 09:54:01 AM,607.65,1,607.65,163195978.6999997
2025-08-01 09:54:04 AM,607.95,10,6079.5,163202058.1999997
2025-08-01 09:54:04 AM,607.9,0,0.0,163202058.1999997
2025-08-01 09:54:05 AM,607.9,5,3039.5,163205097.6999997
2025-08-01 09:54:06 AM,607.65,0,0.0,163205097.6999997
2025-08-01 09:54:06 AM,607.65,1,607.65,163205705.3499997
2025-08-01 09:54:08 AM,608.0,0,0.0,163205705.3499997
2025-08-01 09:54:09 AM,608.0,100,60800.0,163266505.3499997
2025-08-01 09:54:09 AM,607.95,3,1823.8500000000001,163268329.1999997
2025-08-01 09:54:14 AM,608.0,0,0.0,163268329.1999997
2025-08-01 09:54:15 AM,608.0,25,15200.0,163283529.1999997
2025-08-01 09:54:19 AM,607.9,0,0.0,163283529.1999997
2025-08-01 09:54:19 AM,607.9,7,4255.3,163287784.4999997
2025-08-01 09:54:21 AM,607.65,0,0.0,163287784.4999997
2025-08-01 09:54:22 AM,607.8,2,1215.6,163289000.0999997
2025-08-01 09:54:27 AM,607.8,20,12156.0,163301156.0999997
2025-08-01 09:54:37 AM,607.8,29,17626.199999999997,163318782.29999968
2025-08-01 09:54:38 AM,607.6,2588,1572468.8,164891251.0999997
2025-08-01 09:54:45 AM,607.5,0,0.0,164891251.0999997
2025-08-01 09:54:46 AM,607.5,334,202905.0,165094156.0999997
2025-08-01 09:54:46 AM,607.5,5,3037.5,165097193.5999997
2025-08-01 09:54:47 AM,607.45,0,0.0,165097193.5999997
2025-08-01 09:54:47 AM,607.45,1032,626888.4,165724081.9999997
2025-08-01 09:54:51 AM,607.05,86,52206.299999999996,165776288.2999997
2025-08-01 09:54:53 AM,607.4,50,30370.0,165806658.2999997
2025-08-01 09:54:54 AM,607.0,145,88015.0,165894673.2999997
2025-08-01 09:54:58 AM,607.4,10,6074.0,165900747.2999997
2025-08-01 09:55:05 AM,607.4,20,12148.0,165912895.2999997
2025-08-01 09:55:13 AM,607.35,0,0.0,165912895.2999997
2025-08-01 09:55:14 AM,607.35,24,14576.400000000001,165927471.69999972
2025-08-01 09:55:14 AM,607.4,0,0.0,165927471.69999972
2025-08-01 09:55:15 AM,607.4,51,30977.399999999998,165958449.09999973
2025-08-01 09:55:15 AM,607.4,1,607.4,165959056.49999973
2025-08-01 09:55:23 AM,607.4,10,6074.0,165965130.49999973
2025-08-01 09:55:28 AM,607.3,200,121459.99999999999,166086590.49999973
2025-08-01 09:55:32 AM,607.25,0,0.0,166086590.49999973
2025-08-01 09:55:32 AM,607.25,2,1214.5,166087804.99999973
2025-08-01 09:55:35 AM,607.0,62,37634.0,166125438.99999973
2025-08-01 09:55:39 AM,607.25,100,60725.0,166186163.99999973
2025-08-01 09:55:40 AM,607.25,1,607.25,166186771.24999973
2025-08-01 09:55:42 AM,607.35,0,0.0,166186771.24999973
2025-08-01 09:55:42 AM,607.35,256,155481.6,166342252.84999973
2025-08-01 09:55:44 AM,607.0,1000,607000.0,166949252.84999973
2025-08-01 09:55:49 AM,607.5,0,0.0,166949252.84999973
2025-08-01 09:55:49 AM,607.5,9,5467.5,166954720.34999973
2025-08-01 09:55:51 AM,607.5,2,1215.0,166955935.34999973
2025-08-01 09:55:53 AM,607.4,3,1822.1999999999998,166957757.5499997
2025-08-01 09:55:55 AM,607.4,20,12148.0,166969905.5499997
2025-08-01 09:55:58 AM,607.25,0,0.0,166969905.5499997
2025-08-01 09:55:58 AM,607.25,17,10323.25,166980228.7999997
2025-08-01 09:56:00 AM,607.45,0,0.0,166980228.7999997
2025-08-01 09:56:00 AM,607.45,2,1214.9,166981443.69999972
2025-08-01 09:56:03 AM,607.45,1,607.45,166982051.1499997
2025-08-01 09:56:09 AM,607.45,1,607.45,166982658.5999997
2025-08-01 09:56:09 AM,607.1,20,12142.0,166994800.5999997
2025-08-01 09:56:12 AM,607.5,0,0.0,166994800.5999997
2025-08-01 09:56:15 AM,607.1,674,409185.4,167403985.9999997
2025-08-01 09:56:15 AM,607.45,1172,711931.4,168115917.3999997
2025-08-01 09:56:21 AM,607.5,0,0.0,168115917.3999997
2025-08-01 09:56:21 AM,607.5,3,1822.5,168117739.8999997
2025-08-01 09:56:21 AM,607.45,10,6074.5,168123814.3999997
2025-08-01 09:56:23 AM,607.5,0,0.0,168123814.3999997
2025-08-01 09:56:27 AM,607.5,57,34627.5,168158441.8999997
2025-08-01 09:56:27 AM,607.5,464,281880.0,168440321.8999997
2025-08-01 09:56:32 AM,607.5,50,30375.0,168470696.8999997
2025-08-01 09:56:38 AM,607.45,10,6074.5,168476771.3999997
2025-08-01 09:56:44 AM,607.35,51,30974.850000000002,168507746.2499997
2025-08-01 09:56:51 AM,607.4,102,61954.799999999996,168569701.0499997
2025-08-01 09:57:00 AM,606.7,0,0.0,168569701.0499997
2025-08-01 09:57:02 AM,606.95,4036,2449650.2,171019351.2499997
2025-08-01 09:57:08 AM,606.7,0,0.0,171019351.2499997
2025-08-01 09:57:08 AM,606.7,1,606.7,171019957.9499997
2025-08-01 09:57:10 AM,607.0,300,182100.0,171202057.9499997
2025-08-01 09:57:14 AM,607.05,20,12141.0,171214198.9499997
2025-08-01 09:57:20 AM,607.0,0,0.0,171214198.9499997
2025-08-01 09:57:20 AM,607.0,2,1214.0,171215412.9499997
2025-08-01 09:57:22 AM,606.7,20,12134.0,171227546.9499997
2025-08-01 09:57:26 AM,606.7,26,15774.2,171243321.14999968
2025-08-01 09:57:28 AM,606.5,0,0.0,171243321.14999968
2025-08-01 09:57:28 AM,606.5,305,184982.5,171428303.64999968
2025-08-01 09:57:37 AM,606.5,129,78238.5,171506542.14999968
2025-08-01 09:57:43 AM,606.85,10,6068.5,171512610.64999968
2025-08-01 09:57:50 AM,606.8,11,6674.799999999999,171519285.4499997
2025-08-01 09:57:52 AM,606.75,0,0.0,171519285.4499997
2025-08-01 09:57:52 AM,606.75,25,15168.75,171534454.1999997
2025-08-01 09:57:58 AM,606.5,20,12130.0,171546584.1999997
2025-08-01 09:58:00 AM,606.8,0,0.0,171546584.1999997
2025-08-01 09:58:02 AM,606.5,425,257762.5,171804346.6999997
2025-08-01 09:58:08 AM,606.5,10,6065.0,171810411.6999997
2025-08-01 09:58:11 AM,606.5,10,6065.0,171816476.6999997
2025-08-01 09:58:14 AM,606.5,49,29718.5,171846195.1999997
2025-08-01 09:58:17 AM,606.45,0,0.0,171846195.1999997
2025-08-01 09:58:17 AM,606.45,491,297766.95,172143962.14999968
2025-08-01 09:58:22 AM,606.35,3,1819.0500000000002,172145781.1999997
2025-08-01 09:58:25 AM,605.6,0,0.0,172145781.1999997
2025-08-01 09:58:26 AM,605.6,3142,1902795.2000000002,174048576.39999968
2025-08-01 09:58:28 AM,606.0,1,606.0,174049182.39999968
2025-08-01 09:58:32 AM,606.1,40,24244.0,174073426.39999968
2025-08-01 09:58:35 AM,606.15,109,66070.34999999999,174139496.74999967
2025-08-01 09:58:38 AM,606.0,47,28482.0,174167978.74999967
2025-08-01 09:58:41 AM,606.15,0,0.0,174167978.74999967
2025-08-01 09:58:41 AM,606.15,40,24246.0,174192224.74999967
2025-08-01 09:58:44 AM,606.15,31,18790.649999999998,174211015.39999968
2025-08-01 09:58:47 AM,606.0,351,212706.0,174423721.39999968
2025-08-01 09:58:50 AM,606.1,10,6061.0,174429782.39999968
2025-08-01 09:58:56 AM,606.15,3,1818.4499999999998,174431600.84999967
2025-08-01 09:58:59 AM,606.1,5,3030.5,174434631.34999967
2025-08-01 09:59:01 AM,605.75,0,0.0,174434631.34999967
2025-08-01 09:59:01 AM,606.05,0,0.0,174434631.34999967
2025-08-01 09:59:02 AM,606.05,155,93937.75,174528569.09999967
2025-08-01 09:59:09 AM,606.0,10,6060.0,174534629.09999967
2025-08-01 09:59:10 AM,605.95,0,0.0,174534629.09999967
2025-08-01 09:59:11 AM,605.95,25,15148.750000000002,174549777.84999967
2025-08-01 09:59:15 AM,605.9,0,0.0,174549777.84999967
2025-08-01 09:59:15 AM,605.9,70,42413.0,174592190.84999967
2025-08-01 09:59:21 AM,605.9,2235,1354186.5,175946377.34999967
2025-08-01 09:59:24 AM,606.05,220,133331.0,176079708.34999967
2025-08-01 09:59:28 AM,606.55,50,30327.499999999996,176110035.84999967
2025-08-01 09:59:35 AM,606.2,0,0.0,176110035.84999967
2025-08-01 09:59:37 AM,606.2,20,12124.0,176122159.84999967
2025-08-01 09:59:40 AM,606.65,0,0.0,176122159.84999967
2025-08-01 09:59:40 AM,606.65,129,78257.84999999999,176200417.69999966
2025-08-01 09:59:43 AM,606.7,0,0.0,176200417.69999966
2025-08-01 09:59:43 AM,606.7,320,194144.0,176394561.69999966
2025-08-01 09:59:47 AM,606.55,10,6065.5,176400627.19999966
2025-08-01 09:59:50 AM,606.5,0,0.0,176400627.19999966
2025-08-01 09:59:51 AM,606.9,0,0.0,176400627.19999966
2025-08-01 09:59:52 AM,606.9,57,34593.299999999996,176435220.49999967
2025-08-01 09:59:55 AM,606.9,50,30345.0,176465565.49999967
2025-08-01 09:59:58 AM,606.8,0,0.0,176465565.49999967
2025-08-01 09:59:58 AM,606.8,15,9102.0,176474667.49999967
2025-08-01 10:00:01 AM,606.6,0,0.0,176474667.49999967
2025-08-01 10:00:01 AM,606.6,140,84924.0,176559591.49999967
2025-08-01 10:00:02 AM,606.4,0,0.0,176559591.49999967
2025-08-01 10:00:05 AM,606.4,62,37596.799999999996,176597188.29999968
2025-08-01 10:00:07 AM,606.35,0,0.0,176597188.29999968
2025-08-01 10:00:18 AM,605.65,2435,1474757.75,178071946.04999968
2025-08-01 10:00:24 AM,606.0,8,4848.0,178076794.04999968
2025-08-01 10:00:30 AM,606.25,1001,606856.25,178683650.29999968
2025-08-01 10:00:33 AM,606.15,100,60615.0,178744265.29999968
2025-08-01 10:00:40 AM,606.3,100,60629.99999999999,178804895.29999968
2025-08-01 10:00:46 AM,606.2,42,25460.4,178830355.6999997
2025-08-01 10:00:55 AM,605.9,225,136327.5,178966683.1999997
2025-08-01 10:00:59 AM,606.25,1,606.25,178967289.4499997
2025-08-01 10:01:05 AM,606.3,55,33346.5,179000635.9499997
2025-08-01 10:01:07 AM,606.1,0,0.0,179000635.9499997
2025-08-01 10:01:08 AM,606.1,50,30305.0,179030940.9499997
2025-08-01 10:01:11 AM,606.25,3,1818.75,179032759.6999997
2025-08-01 10:01:18 AM,606.95,0,0.0,179032759.6999997
2025-08-01 10:01:18 AM,606.95,638,387234.10000000003,179419993.79999968
2025-08-01 10:01:22 AM,607.0,0,0.0,179419993.79999968
2025-08-01 10:01:24 AM,606.45,1017,616759.65,180036753.4499997
2025-08-01 10:01:29 AM,606.85,0,0.0,180036753.4499997
2025-08-01 10:01:30 AM,607.0,0,0.0,180036753.4499997
2025-08-01 10:01:30 AM,607.0,7,4249.0,180041002.4499997
2025-08-01 10:01:32 AM,606.55,1000,606550.0,180647552.4499997
2025-08-01 10:01:37 AM,606.65,0,0.0,180647552.4499997
2025-08-01 10:01:38 AM,606.65,18,10919.699999999999,180658472.14999968
2025-08-01 10:01:42 AM,606.7,0,0.0,180658472.14999968
2025-08-01 10:01:42 AM,606.7,86,52176.200000000004,180710648.34999967
2025-08-01 10:01:45 AM,606.7,10,6067.0,180716715.34999967
2025-08-01 10:01:47 AM,606.6,0,0.0,180716715.34999967
2025-08-01 10:01:49 AM,606.6,18,10918.800000000001,180727634.14999968
2025-08-01 10:01:54 AM,606.65,0,0.0,180727634.14999968
2025-08-01 10:01:55 AM,606.45,135,81870.75,180809504.89999968
2025-08-01 10:01:57 AM,606.7,600,364020.0,181173524.89999968
2025-08-01 10:02:07 AM,606.7,32,19414.4,181192939.29999968
2025-08-01 10:02:14 AM,606.7,10,6067.0,181199006.29999968
2025-08-01 10:02:22 AM,606.7,23,13954.1,181212960.39999968
2025-08-01 10:02:26 AM,607.2,0,0.0,181212960.39999968
2025-08-01 10:02:26 AM,607.2,1797,1091138.4000000001,182304098.79999968
2025-08-01 10:02:27 AM,607.1,0,0.0,182304098.79999968
2025-08-01 10:02:28 AM,607.1,21,12749.1,182316847.89999968
2025-08-01 10:02:32 AM,607.25,119,72262.75,182389110.64999968
2025-08-01 10:02:39 AM,606.95,0,0.0,182389110.64999968
2025-08-01 10:02:39 AM,606.95,271,164483.45,182553594.09999967
2025-08-01 10:02:45 AM,607.35,20,12147.0,182565741.09999967
2025-08-01 10:02:47 AM,607.2,1001,607807.2000000001,183173548.29999965
2025-08-01 10:02:52 AM,606.95,36,21850.2,183195398.49999964
2025-08-01 10:02:57 AM,607.25,0,0.0,183195398.49999964
2025-08-01 10:02:58 AM,607.25,1,607.25,183196005.74999964
2025-08-01 10:03:00 AM,607.3,1,607.3,183196613.04999965
2025-08-01 10:03:04 AM,606.75,516,313083.0,183509696.04999965
2025-08-01 10:03:13 AM,606.9,0,0.0,183509696.04999965
2025-08-01 10:03:13 AM,606.9,100,60690.0,183570386.04999965
2025-08-01 10:03:17 AM,606.85,0,0.0,183570386.04999965
2025-08-01 10:03:17 AM,606.85,1001,607456.85,184177842.89999965
2025-08-01 10:03:26 AM,607.75,8759,5323282.25,189501125.14999965
2025-08-01 10:03:37 AM,607.55,0,0.0,189501125.14999965
2025-08-01 10:03:37 AM,607.55,114,69260.7,189570385.84999964
2025-08-01 10:03:45 AM,608.25,0,0.0,189570385.84999964
2025-08-01 10:03:45 AM,608.25,1008,613116.0,190183501.84999964
2025-08-01 10:03:49 AM,608.5,0,0.0,190183501.84999964
2025-08-01 10:03:49 AM,608.5,285,173422.5,190356924.34999964
2025-08-01 10:03:51 AM,608.1,50,30405.0,190387329.34999964
2025-08-01 10:03:55 AM,608.4,234,142365.6,190529694.94999963
2025-08-01 10:03:57 AM,608.35,20,12167.0,190541861.94999963
2025-08-01 10:04:00 AM,608.25,35,21288.75,190563150.69999963
2025-08-01 10:04:02 AM,608.2,0,0.0,190563150.69999963
2025-08-01 10:04:03 AM,608.2,50,30410.000000000004,190593560.69999963
2025-08-01 10:04:05 AM,608.3,0,0.0,190593560.69999963
2025-08-01 10:04:05 AM,608.3,7,4258.099999999999,190597818.79999962
2025-08-01 10:04:18 AM,608.25,0,0.0,190597818.79999962
2025-08-01 10:04:18 AM,608.25,1,608.25,190598427.04999962
2025-08-01 10:04:30 AM,608.75,0,0.0,190598427.04999962
2025-08-01 10:04:30 AM,608.75,1,608.75,190599035.79999962
2025-08-01 10:04:33 AM,608.75,59,35916.25,190634952.04999962
2025-08-01 10:04:38 AM,608.9,0,0.0,190634952.04999962
2025-08-01 10:04:38 AM,608.9,6,3653.3999999999996,190638605.44999963
2025-08-01 10:04:44 AM,608.5,0,0.0,190638605.44999963
2025-08-01 10:04:44 AM,608.5,50,30425.0,190669030.44999963
2025-08-01 10:04:46 AM,608.75,0,0.0,190669030.44999963
2025-08-01 10:04:46 AM,608.75,10,6087.5,190675117.94999963
2025-08-01 10:04:50 AM,609.15,0,0.0,190675117.94999963
2025-08-01 10:04:50 AM,609.0,2083,1268547.0,191943664.94999963
2025-08-01 10:04:54 AM,608.85,0,0.0,191943664.94999963
2025-08-01 10:04:54 AM,608.85,2,1217.7,191944882.64999962
2025-08-01 10:04:55 AM,608.65,0,0.0,191944882.64999962
2025-08-01 10:04:55 AM,608.65,82,49909.299999999996,191994791.94999963
2025-08-01 10:04:57 AM,608.7,0,0.0,191994791.94999963
2025-08-01 10:04:57 AM,608.7,24,14608.800000000001,192009400.74999964
2025-08-01 10:05:07 AM,608.7,120,73044.0,192082444.74999964
2025-08-01 10:05:08 AM,608.7,5,3043.5,192085488.24999964
2025-08-01 10:05:09 AM,608.7,6,3652.2000000000003,192089140.44999963
2025-08-01 10:05:14 AM,608.45,42,25554.9,192114695.34999964
2025-08-01 10:05:14 AM,608.3,50,30414.999999999996,192145110.34999964
2025-08-01 10:05:15 AM,608.5,1000,608500.0,192753610.34999964
2025-08-01 10:05:19 AM,608.35,55,33459.25,192787069.59999964
2025-08-01 10:05:36 AM,608.35,349,212314.15,192999383.74999964
2025-08-01 10:05:38 AM,608.35,1,608.35,192999992.09999964
2025-08-01 10:05:40 AM,608.3,5,3041.5,193003033.59999964
2025-08-01 10:05:41 AM,608.35,200,121670.0,193124703.59999964
2025-08-01 10:05:49 AM,608.5,0,0.0,193124703.59999964
2025-08-01 10:05:49 AM,608.5,2,1217.0,193125920.59999964
2025-08-01 10:05:51 AM,608.2,0,0.0,193125920.59999964
2025-08-01 10:05:51 AM,608.2,82,49872.4,193175792.99999964
2025-08-01 10:05:52 AM,607.9,148,89969.2,193265762.19999963
2025-08-01 10:05:54 AM,607.95,11,6687.450000000001,193272449.64999962
2025-08-01 10:05:59 AM,607.95,10,6079.5,193278529.14999962
2025-08-01 10:06:13 AM,607.95,20,12159.0,193290688.14999962
2025-08-01 10:06:16 AM,607.95,2,1215.9,193291904.04999962
2025-08-01 10:06:19 AM,607.9,1,607.9,193292511.94999963
2025-08-01 10:06:20 AM,607.85,0,0.0,193292511.94999963
2025-08-01 10:06:22 AM,607.85,5,3039.25,193295551.19999963
2025-08-01 10:06:25 AM,607.85,25,15196.25,193310747.44999963
2025-08-01 10:06:34 AM,607.85,10,6078.5,193316825.94999963
2025-08-01 10:06:45 AM,607.45,0,0.0,193316825.94999963
2025-08-01 10:06:46 AM,607.8,22,13371.599999999999,193330197.54999962
2025-08-01 10:06:48 AM,607.45,51,30979.95,193361177.4999996
2025-08-01 10:07:07 AM,607.25,0,0.0,193361177.4999996
2025-08-01 10:07:07 AM,607.45,98,59530.100000000006,193420707.5999996
2025-08-01 10:07:23 AM,607.45,2,1214.9,193421922.4999996
2025-08-01 10:07:25 AM,607.65,0,0.0,193421922.4999996
2025-08-01 10:07:25 AM,607.65,1,607.65,193422530.14999962
2025-08-01 10:07:30 AM,608.35,0,0.0,193422530.14999962
2025-08-01 10:07:30 AM,608.35,139,84560.65000000001,193507090.79999962
2025-08-01 10:07:36 AM,608.0,0,0.0,193507090.79999962
2025-08-01 10:07:36 AM,608.0,102,62016.0,193569106.79999962
2025-08-01 10:07:38 AM,608.45,0,0.0,193569106.79999962
2025-08-01 10:07:38 AM,608.45,100,60845.00000000001,193629951.79999962
2025-08-01 10:07:41 AM,608.5,0,0.0,193629951.79999962
2025-08-01 10:07:41 AM,608.5,1,608.5,193630560.29999962
2025-08-01 10:07:44 AM,608.5,3,1825.5,193632385.79999962
2025-08-01 10:07:45 AM,608.2,6,3649.2000000000003,193636034.9999996
2025-08-01 10:07:50 AM,608.0,0,0.0,193636034.9999996
2025-08-01 10:07:51 AM,608.0,56,34048.0,193670082.9999996
2025-08-01 10:07:55 AM,608.0,174,105792.0,193775874.9999996
2025-08-01 10:07:56 AM,607.55,1,607.55,193776482.54999962
2025-08-01 10:08:05 AM,607.8,10,6078.0,193782560.54999962
2025-08-01 10:08:12 AM,607.9,206,125227.4,193907787.94999963
2025-08-01 10:08:18 AM,608.1,1,608.1,193908396.04999962
2025-08-01 10:08:20 AM,608.0,0,0.0,193908396.04999962
2025-08-01 10:08:20 AM,608.25,150,91237.5,193999633.54999962
2025-08-01 10:08:26 AM,608.35,8,4866.8,194004500.34999964
2025-08-01 10:08:33 AM,608.25,20,12165.0,194016665.34999964
2025-08-01 10:08:41 AM,608.25,1,608.25,194017273.59999964
2025-08-01 10:08:47 AM,608.4,0,0.0,194017273.59999964
2025-08-01 10:08:47 AM,608.4,200,121680.0,194138953.59999964
2025-08-01 10:08:49 AM,608.0,165,100320.0,194239273.59999964
2025-08-01 10:08:50 AM,608.4,0,0.0,194239273.59999964
2025-08-01 10:08:50 AM,608.4,1,608.4,194239881.99999964
2025-08-01 10:09:05 AM,608.35,32,19467.2,194259349.19999963
2025-08-01 10:09:08 AM,608.3,50,30414.999999999996,194289764.19999963
2025-08-01 10:09:12 AM,608.25,25,15206.25,194304970.44999963
2025-08-01 10:09:30 AM,608.3,100,60829.99999999999,194365800.44999963
2025-08-01 10:09:38 AM,608.0,0,0.0,194365800.44999963
2025-08-01 10:09:38 AM,608.0,19,11552.0,194377352.44999963
2025-08-01 10:09:43 AM,608.1,909,552762.9,194930115.34999964
2025-08-01 10:09:46 AM,608.35,0,0.0,194930115.34999964
2025-08-01 10:09:46 AM,608.35,20,12167.0,194942282.34999964
2025-08-01 10:09:47 AM,608.5,0,0.0,194942282.34999964
2025-08-01 10:09:47 AM,608.5,459,279301.5,195221583.84999964
2025-08-01 10:09:48 AM,608.5,14,8519.0,195230102.84999964
2025-08-01 10:09:55 AM,608.5,3,1825.5,195231928.34999964
2025-08-01 10:09:59 AM,608.5,20,12170.0,195244098.34999964
2025-08-01 10:10:05 AM,608.45,1,608.45,195244706.79999962
2025-08-01 10:10:06 AM,608.45,10,6084.5,195250791.29999962
2025-08-01 10:10:09 AM,608.15,4,2432.6,195253223.89999962
2025-08-01 10:10:13 AM,607.95,0,0.0,195253223.89999962
2025-08-01 10:10:13 AM,607.95,35,21278.25,195274502.14999962
2025-08-01 10:10:13 AM,608.05,3,1824.1499999999999,195276326.29999962
2025-08-01 10:10:20 AM,607.9,107,65045.299999999996,195341371.59999964
2025-08-01 10:10:23 AM,608.0,0,0.0,195341371.59999964
2025-08-01 10:10:23 AM,608.0,10,6080.0,195347451.59999964
2025-08-01 10:10:25 AM,608.0,10,6080.0,195353531.59999964
2025-08-01 10:10:25 AM,608.0,20,12160.0,195365691.59999964
2025-08-01 10:10:27 AM,608.05,16,9728.8,195375420.39999965
2025-08-01 10:10:28 AM,608.2,50,30410.000000000004,195405830.39999965
2025-08-01 10:10:58 AM,608.45,25,15211.250000000002,195421041.64999965
2025-08-01 10:11:06 AM,608.2,5,3041.0,195424082.64999965
2025-08-01 10:11:07 AM,608.2,16,9731.2,195433813.84999964
2025-08-01 10:11:08 AM,608.45,202,122906.90000000001,195556720.74999964
2025-08-01 10:11:15 AM,608.5,0,0.0,195556720.74999964
2025-08-01 10:11:15 AM,608.5,15,9127.5,195565848.24999964
2025-08-01 10:11:18 AM,608.5,6,3651.0,195569499.24999964
2025-08-01 10:11:23 AM,608.45,12,7301.400000000001,195576800.64999965
2025-08-01 10:11:33 AM,608.2,3,1824.6000000000001,195578625.24999964
2025-08-01 10:11:35 AM,608.5,483,293905.5,195872530.74999964
2025-08-01 10:11:36 AM,609.0,0,0.0,195872530.74999964
2025-08-01 10:11:36 AM,609.0,30,18270.0,195890800.74999964
2025-08-01 10:11:38 AM,608.65,10,6086.5,195896887.24999964
2025-08-01 10:11:39 AM,608.65,14,8521.1,195905408.34999964
2025-08-01 10:11:55 AM,608.9,0,0.0,195905408.34999964
2025-08-01 10:11:55 AM,608.9,2,1217.8,195906626.14999965
2025-08-01 10:11:56 AM,608.65,1,608.65,195907234.79999965
2025-08-01 10:11:59 AM,608.55,10,6085.5,195913320.29999965
2025-08-01 10:12:05 AM,608.5,0,0.0,195913320.29999965
2025-08-01 10:12:05 AM,608.5,30,18255.0,195931575.29999965
2025-08-01 10:12:05 AM,608.75,22,13392.5,195944967.79999965
2025-08-01 10:12:21 AM,608.6,0,0.0,195944967.79999965
2025-08-01 10:12:21 AM,608.6,36,21909.600000000002,195966877.39999965
2025-08-01 10:12:24 AM,608.15,0,0.0,195966877.39999965
2025-08-01 10:12:24 AM,608.15,10,6081.5,195972958.89999965
2025-08-01 10:12:28 AM,608.4,0,0.0,195972958.89999965
2025-08-01 10:12:28 AM,608.4,5,3042.0,195976000.89999965
2025-08-01 10:12:31 AM,608.65,0,0.0,195976000.89999965
2025-08-01 10:12:31 AM,608.65,300,182595.0,196158595.89999965
2025-08-01 10:12:39 AM,608.65,5,3043.25,196161639.14999965
2025-08-01 10:13:01 AM,608.45,160,97352.0,196258991.14999965
2025-08-01 10:13:08 AM,608.3,0,0.0,196258991.14999965
2025-08-01 10:13:08 AM,608.3,3,1824.8999999999999,196260816.04999965
2025-08-01 10:13:09 AM,608.4,114,69357.59999999999,196330173.64999965
2025-08-01 10:13:21 AM,608.25,25,15206.25,196345379.89999965
2025-08-01 10:13:22 AM,608.55,30,18256.5,196363636.39999965
2025-08-01 10:13:23 AM,608.5,2,1217.0,196364853.39999965
2025-08-01 10:13:31 AM,608.1,0,0.0,196364853.39999965
2025-08-01 10:13:31 AM,608.1,50,30405.0,196395258.39999965
2025-08-01 10:13:31 AM,608.4,4,2433.6,196397691.99999964
2025-08-01 10:13:32 AM,608.45,20,12169.0,196409860.99999964
2025-08-01 10:13:36 AM,608.45,16,9735.2,196419596.19999963
2025-08-01 10:13:41 AM,608.65,0,0.0,196419596.19999963
2025-08-01 10:13:41 AM,608.65,15,9129.75,196428725.94999963
2025-08-01 10:13:42 AM,608.15,123,74802.45,196503528.39999962
2025-08-01 10:13:52 AM,608.35,40,24334.0,196527862.39999962
2025-08-01 10:13:57 AM,608.4,50,30420.0,196558282.39999962
2025-08-01 10:14:08 AM,608.4,30,18252.0,196576534.39999962
2025-08-01 10:14:11 AM,608.45,158,96135.1,196672669.4999996
2025-08-01 10:14:20 AM,608.75,916,557615.0,197230284.4999996
2025-08-01 10:14:22 AM,609.2,0,0.0,197230284.4999996
2025-08-01 10:14:22 AM,609.2,596,363083.2,197593367.6999996
2025-08-01 10:14:23 AM,610.15,0,0.0,197593367.6999996
2025-08-01 10:14:23 AM,610.15,479,292261.85,197885629.5499996
2025-08-01 10:14:24 AM,610.1,25,15252.5,197900882.0499996
2025-08-01 10:14:25 AM,610.2,0,0.0,197900882.0499996
2025-08-01 10:14:25 AM,610.2,104,63460.8,197964342.8499996
2025-08-01 10:14:25 AM,610.25,47,28681.75,197993024.5999996
2025-08-01 10:14:26 AM,610.2,181,110446.20000000001,198103470.7999996
2025-08-01 10:14:27 AM,610.05,157,95777.84999999999,198199248.6499996
2025-08-01 10:14:34 AM,609.85,15,9147.75,198208396.3999996
2025-08-01 10:14:35 AM,610.2,50,30510.000000000004,198238906.3999996
2025-08-01 10:14:40 AM,609.6,112,68275.2,198307181.59999958
2025-08-01 10:14:41 AM,609.2,50,30460.000000000004,198337641.59999958
2025-08-01 10:14:44 AM,609.45,0,0.0,198337641.59999958
2025-08-01 10:14:44 AM,609.45,20,12189.0,198349830.59999958
2025-08-01 10:14:45 AM,609.2,0,0.0,198349830.59999958
2025-08-01 10:14:45 AM,609.2,2,1218.4,198351048.99999958
2025-08-01 10:14:46 AM,609.6,8,4876.8,198355925.7999996
2025-08-01 10:14:47 AM,609.3,0,0.0,198355925.7999996
2025-08-01 10:14:47 AM,609.3,1,609.3,198356535.0999996
2025-08-01 10:14:51 AM,610.1,0,0.0,198356535.0999996
2025-08-01 10:14:51 AM,610.1,300,183030.0,198539565.0999996
2025-08-01 10:14:52 AM,609.9,0,0.0,198539565.0999996
2025-08-01 10:14:52 AM,609.9,227,138447.3,198678012.39999962
2025-08-01 10:14:58 AM,610.1,0,0.0,198678012.39999962
2025-08-01 10:14:58 AM,610.1,61,37216.1,198715228.4999996
2025-08-01 10:14:59 AM,610.5,0,0.0,198715228.4999996
2025-08-01 10:14:59 AM,610.5,2,1221.0,198716449.4999996
2025-08-01 10:15:02 AM,610.3,2,1220.6,198717670.0999996
2025-08-01 10:15:04 AM,610.5,0,0.0,198717670.0999996
2025-08-01 10:15:04 AM,610.5,29,17704.5,198735374.5999996
2025-08-01 10:15:05 AM,610.25,0,0.0,198735374.5999996
2025-08-01 10:15:05 AM,610.25,105,64076.25,198799450.8499996
2025-08-01 10:15:06 AM,610.8,0,0.0,198799450.8499996
2025-08-01 10:15:06 AM,610.8,11,6718.799999999999,198806169.64999962
2025-08-01 10:15:07 AM,610.35,0,0.0,198806169.64999962
2025-08-01 10:15:07 AM,610.35,8,4882.8,198811052.44999963
2025-08-01 10:15:09 AM,610.75,0,0.0,198811052.44999963
2025-08-01 10:15:09 AM,610.75,8,4886.0,198815938.44999963
2025-08-01 10:15:14 AM,610.4,5,3052.0,198818990.44999963
2025-08-01 10:15:22 AM,610.05,0,0.0,198818990.44999963
2025-08-01 10:15:22 AM,610.05,4,2440.2,198821430.64999962
2025-08-01 10:15:41 AM,610.0,300,183000.0,199004430.64999962
2025-08-01 10:15:45 AM,610.45,10,6104.5,199010535.14999962
2025-08-01 10:15:48 AM,610.45,87,53109.15,199063644.29999962
2025-08-01 10:15:49 AM,610.45,1,610.45,199064254.7499996
2025-08-01 10:15:52 AM,610.1,0,0.0,199064254.7499996
2025-08-01 10:15:52 AM,610.1,300,183030.0,199247284.7499996
2025-08-01 10:15:55 AM,610.05,0,0.0,199247284.7499996
2025-08-01 10:15:55 AM,610.05,102,62225.1,199309509.8499996
2025-08-01 10:15:59 AM,610.25,0,0.0,199309509.8499996
2025-08-01 10:15:59 AM,610.25,13,7933.25,199317443.0999996
2025-08-01 10:16:04 AM,610.4,0,0.0,199317443.0999996
2025-08-01 10:16:04 AM,610.4,3,1831.1999999999998,199319274.2999996
2025-08-01 10:16:08 AM,610.0,0,0.0,199319274.2999996
2025-08-01 10:16:08 AM,610.0,525,320250.0,199639524.2999996
2025-08-01 10:16:10 AM,609.75,100,60975.0,199700499.2999996
2025-08-01 10:16:11 AM,610.0,0,0.0,199700499.2999996
2025-08-01 10:16:11 AM,610.05,60,36603.0,199737102.2999996
2025-08-01 10:16:16 AM,610.15,0,0.0,199737102.2999996
2025-08-01 10:16:16 AM,610.15,400,244060.0,199981162.2999996
2025-08-01 10:16:26 AM,609.55,2,1219.1,199982381.3999996
2025-08-01 10:16:31 AM,609.3,5,3046.5,199985427.8999996
2025-08-01 10:16:33 AM,609.2,0,0.0,199985427.8999996
2025-08-01 10:16:33 AM,609.2,3,1827.6000000000001,199987255.49999958
2025-08-01 10:16:37 AM,609.25,1,609.25,199987864.74999958
2025-08-01 10:16:40 AM,609.2,0,0.0,199987864.74999958
2025-08-01 10:16:40 AM,608.85,0,0.0,199987864.74999958
2025-08-01 10:16:40 AM,608.85,23,14003.550000000001,200001868.2999996
2025-08-01 10:16:49 AM,608.85,411,250237.35,200252105.6499996
2025-08-01 10:16:57 AM,609.0,53,32277.0,200284382.6499996
2025-08-01 10:17:02 AM,609.2,0,0.0,200284382.6499996
2025-08-01 10:17:02 AM,609.2,5,3046.0,200287428.6499996
2025-08-01 10:17:08 AM,609.1,1,609.1,200288037.74999958
2025-08-01 10:17:10 AM,609.15,100,60915.0,200348952.74999958
2025-08-01 10:17:13 AM,609.0,0,0.0,200348952.74999958
2025-08-01 10:17:13 AM,609.0,50,30450.0,200379402.74999958
2025-08-01 10:17:15 AM,608.8,0,0.0,200379402.74999958
2025-08-01 10:17:15 AM,608.8,975,593580.0,200972982.74999958
2025-08-01 10:17:15 AM,608.7,41,24956.7,200997939.44999957
2025-08-01 10:17:16 AM,608.75,1,608.75,200998548.19999957
2025-08-01 10:17:20 AM,608.35,0,0.0,200998548.19999957
2025-08-01 10:17:20 AM,608.35,10,6083.5,201004631.69999957
2025-08-01 10:17:31 AM,608.7,0,0.0,201004631.69999957
2025-08-01 10:17:31 AM,608.7,60,36522.0,201041153.69999957
2025-08-01 10:17:44 AM,608.75,0,0.0,201041153.69999957
2025-08-01 10:17:44 AM,608.75,30,18262.5,201059416.19999957
2025-08-01 10:17:49 AM,608.7,5,3043.5,201062459.69999957
2025-08-01 10:17:56 AM,608.5,10,6085.0,201068544.69999957
2025-08-01 10:18:00 AM,608.5,100,60850.0,201129394.69999957
2025-08-01 10:18:01 AM,608.4,7,4258.8,201133653.49999958
2025-08-01 10:18:06 AM,608.5,2,1217.0,201134870.49999958
2025-08-01 10:18:09 AM,608.5,1,608.5,201135478.99999958
2025-08-01 10:18:11 AM,608.5,5,3042.5,201138521.49999958
2025-08-01 10:18:13 AM,608.5,10,6085.0,201144606.49999958
2025-08-01 10:18:30 AM,608.4,0,0.0,201144606.49999958
2025-08-01 10:18:30 AM,608.4,10,6084.0,201150690.49999958
2025-08-01 10:18:33 AM,608.35,372,226306.2,201376996.69999957
2025-08-01 10:18:34 AM,608.65,6,3651.8999999999996,201380648.59999958
2025-08-01 10:18:45 AM,608.75,0,0.0,201380648.59999958
2025-08-01 10:18:45 AM,608.75,1,608.75,201381257.34999958
2025-08-01 10:18:46 AM,608.4,0,0.0,201381257.34999958
2025-08-01 10:18:46 AM,608.4,49,29811.6,201411068.94999957
2025-08-01 10:18:57 AM,608.7,0,0.0,201411068.94999957
2025-08-01 10:18:57 AM,608.7,410,249567.00000000003,201660635.94999957
2025-08-01 10:19:04 AM,608.95,0,0.0,201660635.94999957
2025-08-01 10:19:07 AM,608.95,21,12787.95,201673423.89999956
2025-08-01 10:19:21 AM,609.4,0,0.0,201673423.89999956
2025-08-01 10:19:24 AM,609.4,429,261432.59999999998,201934856.49999955
2025-08-01 10:19:25 AM,609.65,1,609.65,201935466.14999956
2025-08-01 10:19:30 AM,609.55,0,0.0,201935466.14999956
2025-08-01 10:19:30 AM,609.55,503,306603.64999999997,202242069.79999956
2025-08-01 10:19:37 AM,609.5,1,609.5,202242679.29999956
2025-08-01 10:19:47 AM,609.5,464,282808.0,202525487.29999956
2025-08-01 10:19:53 AM,609.3,73,44478.899999999994,202569966.19999957
2025-08-01 10:19:57 AM,609.75,0,0.0,202569966.19999957
2025-08-01 10:19:57 AM,609.45,0,0.0,202569966.19999957
2025-08-01 10:19:58 AM,609.45,16,9751.2,202579717.39999956
2025-08-01 10:20:00 AM,609.4,0,0.0,202579717.39999956
2025-08-01 10:20:00 AM,609.4,10,6094.0,202585811.39999956
2025-08-01 10:20:03 AM,609.7,10,6097.0,202591908.39999956
2025-08-01 10:20:07 AM,609.85,8,4878.8,202596787.19999957
2025-08-01 10:20:13 AM,609.7,100,60970.00000000001,202657757.19999957
2025-08-01 10:20:15 AM,609.7,5,3048.5,202660805.69999957
2025-08-01 10:20:17 AM,609.65,0,0.0,202660805.69999957
2025-08-01 10:20:17 AM,609.65,9,5486.849999999999,202666292.54999956
2025-08-01 10:20:23 AM,609.65,2,1219.3,202667511.84999958
2025-08-01 10:20:26 AM,609.65,1,609.65,202668121.49999958
2025-08-01 10:20:28 AM,609.4,1,609.4,202668730.8999996
2025-08-01 10:20:31 AM,609.7,3,1829.1000000000001,202670559.99999958
2025-08-01 10:20:32 AM,609.7,97,59140.9,202729700.8999996
2025-08-01 10:20:34 AM,609.7,1,609.7,202730310.59999958
2025-08-01 10:20:37 AM,609.7,42,25607.4,202755917.99999958
2025-08-01 10:20:41 AM,609.7,50,30485.000000000004,202786402.99999958
2025-08-01 10:20:42 AM,609.7,620,378014.0,203164416.99999958
2025-08-01 10:20:43 AM,609.2,100,60920.00000000001,203225336.99999958
2025-08-01 10:20:48 AM,609.15,0,0.0,203225336.99999958
2025-08-01 10:20:48 AM,609.15,70,42640.5,203267977.49999958
2025-08-01 10:20:53 AM,609.5,0,0.0,203267977.49999958
2025-08-01 10:20:53 AM,609.5,15,9142.5,203277119.99999958
2025-08-01 10:21:01 AM,609.7,0,0.0,203277119.99999958
2025-08-01 10:21:01 AM,609.7,3,1829.1000000000001,203278949.09999958
2025-08-01 10:21:03 AM,609.55,0,0.0,203278949.09999958
2025-08-01 10:21:03 AM,609.55,25,15238.749999999998,203294187.84999958
2025-08-01 10:21:13 AM,609.65,0,0.0,203294187.84999958
2025-08-01 10:21:13 AM,609.65,2,1219.3,203295407.1499996
2025-08-01 10:21:28 AM,609.45,1,609.45,203296016.59999958
2025-08-01 10:21:29 AM,609.45,2,1218.9,203297235.49999958
2025-08-01 10:21:31 AM,609.45,6,3656.7000000000003,203300892.19999957
2025-08-01 10:21:35 AM,609.45,1,609.45,203301501.64999956
2025-08-01 10:21:44 AM,609.35,0,0.0,203301501.64999956
2025-08-01 10:21:44 AM,609.35,22,13405.7,203314907.34999955
2025-08-01 10:21:56 AM,609.2,0,0.0,203314907.34999955
2025-08-01 10:21:56 AM,609.2,50,30460.000000000004,203345367.34999955
2025-08-01 10:22:20 AM,608.65,0,0.0,203345367.34999955
2025-08-01 10:22:20 AM,608.65,536,326236.39999999997,203671603.74999955
2025-08-01 10:22:23 AM,609.15,1,609.15,203672212.89999956
2025-08-01 10:22:25 AM,609.0,4,2436.0,203674648.89999956
2025-08-01 10:22:34 AM,609.0,81,49329.0,203723977.89999956
2025-08-01 10:22:37 AM,609.35,0,0.0,203723977.89999956
2025-08-01 10:22:37 AM,609.35,1,609.35,203724587.24999955
2025-08-01 10:22:41 AM,609.4,0,0.0,203724587.24999955
2025-08-01 10:22:41 AM,609.4,25,15235.0,203739822.24999955
2025-08-01 10:22:47 AM,609.05,0,0.0,203739822.24999955
2025-08-01 10:22:47 AM,609.0,72,43848.0,203783670.24999955
2025-08-01 10:22:52 AM,609.3,5,3046.5,203786716.74999955
2025-08-01 10:23:05 AM,609.0,790,481110.0,204267826.74999955
2025-08-01 10:23:22 AM,608.75,0,0.0,204267826.74999955
2025-08-01 10:23:22 AM,608.75,55,33481.25,204301307.99999955
2025-08-01 10:23:25 AM,608.45,0,0.0,204301307.99999955
2025-08-01 10:23:26 AM,608.45,20,12169.0,204313476.99999955
2025-08-01 10:23:37 AM,608.5,0,0.0,204313476.99999955
2025-08-01 10:23:37 AM,608.5,3,1825.5,204315302.49999955
2025-08-01 10:23:39 AM,608.35,110,66918.5,204382220.99999955
2025-08-01 10:23:46 AM,608.45,0,0.0,204382220.99999955
2025-08-01 10:23:48 AM,608.45,1,608.45,204382829.44999954
2025-08-01 10:23:50 AM,608.45,50,30422.500000000004,204413251.94999954
2025-08-01 10:23:54 AM,608.45,5,3042.25,204416294.19999954
2025-08-01 10:24:01 AM,608.45,15,9126.75,204425420.94999954
2025-08-01 10:24:04 AM,608.95,0,0.0,204425420.94999954
2025-08-01 10:24:05 AM,608.95,402,244797.90000000002,204670218.84999955
2025-08-01 10:24:12 AM,608.95,47,28620.65,204698839.49999955
2025-08-01 10:24:16 AM,609.3,0,0.0,204698839.49999955
2025-08-01 10:24:16 AM,609.3,56,34120.799999999996,204732960.29999956
2025-08-01 10:24:25 AM,609.1,0,0.0,204732960.29999956
2025-08-01 10:24:26 AM,609.35,0,0.0,204732960.29999956
2025-08-01 10:24:27 AM,609.35,55,33514.25,204766474.54999956
2025-08-01 10:24:47 AM,609.2,0,0.0,204766474.54999956
2025-08-01 10:24:49 AM,609.2,10,6092.0,204772566.54999956
2025-08-01 10:24:51 AM,609.2,22,13402.400000000001,204785968.94999957
2025-08-01 10:25:01 AM,608.95,887,540138.65,205326107.59999958
2025-08-01 10:25:02 AM,608.95,80,48716.0,205374823.59999958
2025-08-01 10:25:21 AM,609.0,0,0.0,205374823.59999958
2025-08-01 10:25:21 AM,609.05,2,1218.1,205376041.69999957
2025-08-01 10:25:28 AM,609.1,0,0.0,205376041.69999957
2025-08-01 10:25:28 AM,609.1,10,6091.0,205382132.69999957
2025-08-01 10:25:30 AM,609.0,150,91350.0,205473482.69999957
2025-08-01 10:25:32 AM,609.0,8,4872.0,205478354.69999957
2025-08-01 10:25:46 AM,609.3,0,0.0,205478354.69999957
