date,price,qty,trnvr,cum_trnvr
2025-08-01 09:15:03 AM,1143.9,1940,2219166.0,2219166.0
2025-08-01 09:15:03 AM,1144.0,0,0.0,2219166.0
2025-08-01 09:15:05 AM,1144.0,416,475904.0,2695070.0
2025-08-01 09:15:12 AM,1135.1,0,0.0,2695070.0
2025-08-01 09:15:14 AM,1134.1,16801,19054014.099999998,21749084.099999998
2025-08-01 09:15:16 AM,1133.7,2079,2356962.3000000003,24106046.4
2025-08-01 09:15:21 AM,1132.8,0,0.0,24106046.4
2025-08-01 09:15:23 AM,1135.0,0,0.0,24106046.4
2025-08-01 09:15:25 AM,1134.9,4643,5269340.7,29375387.099999998
2025-08-01 09:15:26 AM,1135.4,299,339484.60000000003,29714871.7
2025-08-01 09:15:28 AM,1132.9,0,0.0,29714871.7
2025-08-01 09:15:32 AM,1134.9,0,0.0,29714871.7
2025-08-01 09:15:33 AM,1134.7,2699,3062555.3000000003,32777427.0
2025-08-01 09:15:35 AM,1135.3,169,191865.69999999998,32969292.7
2025-08-01 09:15:36 AM,1135.1,0,0.0,32969292.7
2025-08-01 09:15:41 AM,1135.8,714,810961.2,33780253.9
2025-08-01 09:15:43 AM,1134.8,201,228094.8,34008348.699999996
2025-08-01 09:15:45 AM,1137.3,0,0.0,34008348.699999996
2025-08-01 09:15:48 AM,1136.1,0,0.0,34008348.699999996
2025-08-01 09:15:50 AM,1136.1,4840,5498724.0,39507072.699999996
2025-08-01 09:15:54 AM,1133.8,0,0.0,39507072.699999996
2025-08-01 09:15:56 AM,1133.3,0,0.0,39507072.699999996
2025-08-01 09:15:58 AM,1133.3,1629,1846145.7,41353218.4
2025-08-01 09:16:00 AM,1132.9,3,3398.7000000000003,41356617.1
2025-08-01 09:16:00 AM,1132.0,0,0.0,41356617.1
2025-08-01 09:16:01 AM,1132.0,171,193572.0,41550189.1
2025-08-01 09:16:01 AM,1131.7,0,0.0,41550189.1
2025-08-01 09:16:02 AM,1132.2,60,67932.0,41618121.1
2025-08-01 09:16:02 AM,1131.1,0,0.0,41618121.1
2025-08-01 09:16:03 AM,1132.2,8,9057.6,41627178.7
2025-08-01 09:16:04 AM,1132.2,1,1132.2,41628310.900000006
2025-08-01 09:16:05 AM,1132.7,156,176701.2,41805012.10000001
2025-08-01 09:16:05 AM,1133.5,15,17002.5,41822014.60000001
2025-08-01 09:16:07 AM,1132.7,16,18123.2,41840137.80000001
2025-08-01 09:16:09 AM,1133.5,0,0.0,41840137.80000001
2025-08-01 09:16:09 AM,1133.5,61,69143.5,41909281.30000001
2025-08-01 09:16:10 AM,1133.4,0,0.0,41909281.30000001
2025-08-01 09:16:11 AM,1133.4,55,62337.00000000001,41971618.30000001
2025-08-01 09:16:12 AM,1133.3,1,1133.3,41972751.60000001
2025-08-01 09:16:13 AM,1133.3,6,6799.799999999999,41979551.400000006
2025-08-01 09:16:13 AM,1133.9,0,0.0,41979551.400000006
2025-08-01 09:16:14 AM,1133.9,50,56695.00000000001,42036246.400000006
2025-08-01 09:16:15 AM,1133.3,5,5666.5,42041912.900000006
2025-08-01 09:16:17 AM,1134.7,554,628623.8,42670536.7
2025-08-01 09:16:17 AM,1134.9,0,0.0,42670536.7
2025-08-01 09:16:18 AM,1134.9,25,28372.500000000004,42698909.2
2025-08-01 09:16:21 AM,1135.0,0,0.0,42698909.2
2025-08-01 09:16:21 AM,1135.0,43,48805.0,42747714.2
2025-08-01 09:16:22 AM,1133.5,0,0.0,42747714.2
2025-08-01 09:16:22 AM,1133.5,267,302644.5,43050358.7
2025-08-01 09:16:23 AM,1132.9,0,0.0,43050358.7
2025-08-01 09:16:24 AM,1132.9,358,405578.2,43455936.900000006
2025-08-01 09:16:25 AM,1132.8,0,0.0,43455936.900000006
2025-08-01 09:16:26 AM,1132.8,258,292262.39999999997,43748199.300000004
2025-08-01 09:16:26 AM,1131.5,275,311162.5,44059361.800000004
2025-08-01 09:16:26 AM,1131.0,0,0.0,44059361.800000004
2025-08-01 09:16:27 AM,1131.0,29,32799.0,44092160.800000004
2025-08-01 09:16:27 AM,1131.5,62,70153.0,44162313.800000004
2025-08-01 09:16:28 AM,1133.5,0,0.0,44162313.800000004
2025-08-01 09:16:28 AM,1133.5,2000,2267000.0,46429313.800000004
2025-08-01 09:16:29 AM,1131.7,0,0.0,46429313.800000004
2025-08-01 09:16:29 AM,1131.7,240,271608.0,46700921.800000004
2025-08-01 09:16:30 AM,1132.6,141,159696.59999999998,46860618.400000006
2025-08-01 09:16:31 AM,1132.3,216,244576.8,47105195.2
2025-08-01 09:16:32 AM,1131.5,0,0.0,47105195.2
2025-08-01 09:16:32 AM,1131.5,38,42997.0,47148192.2
2025-08-01 09:16:34 AM,1131.7,0,0.0,47148192.2
2025-08-01 09:16:34 AM,1131.7,612,692600.4,47840792.6
2025-08-01 09:16:35 AM,1131.5,0,0.0,47840792.6
2025-08-01 09:16:35 AM,1131.5,175,198012.5,48038805.1
2025-08-01 09:16:35 AM,1131.5,61,69021.5,48107826.6
2025-08-01 09:16:36 AM,1131.1,0,0.0,48107826.6
2025-08-01 09:16:36 AM,1131.1,36,40719.6,48148546.2
2025-08-01 09:16:36 AM,1130.1,680,768467.9999999999,48917014.2
2025-08-01 09:16:37 AM,1130.9,0,0.0,48917014.2
2025-08-01 09:16:37 AM,1131.8,0,0.0,48917014.2
2025-08-01 09:16:37 AM,1131.8,555,628149.0,49545163.2
2025-08-01 09:16:38 AM,1132.3,10,11323.0,49556486.2
2025-08-01 09:16:39 AM,1130.9,133,150409.7,49706895.900000006
2025-08-01 09:16:39 AM,1131.1,0,0.0,49706895.900000006
2025-08-01 09:16:39 AM,1131.1,2,2262.2,49709158.10000001
2025-08-01 09:16:41 AM,1133.1,0,0.0,49709158.10000001
2025-08-01 09:16:41 AM,1133.1,595,674194.5,50383352.60000001
2025-08-01 09:16:42 AM,1132.0,102,115464.0,50498816.60000001
2025-08-01 09:16:44 AM,1132.1,46,52076.6,50550893.20000001
2025-08-01 09:16:45 AM,1132.1,101,114342.09999999999,50665235.30000001
2025-08-01 09:16:47 AM,1131.8,0,0.0,50665235.30000001
2025-08-01 09:16:47 AM,1131.8,61,69039.8,50734275.10000001
2025-08-01 09:16:47 AM,1132.0,50,56600.0,50790875.10000001
2025-08-01 09:16:48 AM,1131.1,0,0.0,50790875.10000001
2025-08-01 09:16:48 AM,1131.1,26,29408.6,50820283.70000001
2025-08-01 09:16:49 AM,1132.2,0,0.0,50820283.70000001
2025-08-01 09:16:49 AM,1132.2,190,215118.0,51035401.70000001
2025-08-01 09:16:50 AM,1132.3,0,0.0,51035401.70000001
2025-08-01 09:16:50 AM,1132.3,1,1132.3,51036534.00000001
2025-08-01 09:16:51 AM,1131.8,50,56590.0,51093124.00000001
2025-08-01 09:16:51 AM,1132.3,52,58879.6,51152003.60000001
2025-08-01 09:16:52 AM,1131.1,160,180976.0,51332979.60000001
2025-08-01 09:16:52 AM,1131.1,23,26015.3,51358994.900000006
2025-08-01 09:16:54 AM,1131.1,118,133469.8,51492464.7
2025-08-01 09:16:54 AM,1131.1,2,2262.2,51494726.900000006
2025-08-01 09:16:55 AM,1130.9,2,2261.8,51496988.7
2025-08-01 09:16:57 AM,1130.6,51,57660.6,51554649.300000004
2025-08-01 09:16:58 AM,1130.9,4,4523.6,51559172.900000006
2025-08-01 09:16:58 AM,1130.9,2,2261.8,51561434.7
2025-08-01 09:16:59 AM,1132.0,0,0.0,51561434.7
2025-08-01 09:16:59 AM,1132.0,200,226400.0,51787834.7
2025-08-01 09:17:00 AM,1132.6,1340,1517683.9999999998,53305518.7
2025-08-01 09:17:00 AM,1133.3,0,0.0,53305518.7
2025-08-01 09:17:01 AM,1132.7,44,49838.8,53355357.5
2025-08-01 09:17:02 AM,1129.5,10576,11945592.0,65300949.5
2025-08-01 09:17:02 AM,1129.0,17,19193.0,65320142.5
2025-08-01 09:17:03 AM,1129.9,100,112990.00000000001,65433132.5
2025-08-01 09:17:03 AM,1128.5,341,384818.5,65817951.0
2025-08-01 09:17:04 AM,1129.5,51,57604.5,65875555.5
2025-08-01 09:17:05 AM,1129.5,161,181849.5,66057405.0
2025-08-01 09:17:06 AM,1128.0,0,0.0,66057405.0
2025-08-01 09:17:06 AM,1128.0,338,381264.0,66438669.0
2025-08-01 09:17:07 AM,1127.3,0,0.0,66438669.0
2025-08-01 09:17:07 AM,1127.3,15,16909.5,66455578.5
2025-08-01 09:17:08 AM,1127.7,0,0.0,66455578.5
2025-08-01 09:17:08 AM,1127.7,409,461229.30000000005,66916807.8
2025-08-01 09:17:09 AM,1128.0,0,0.0,66916807.8
2025-08-01 09:17:10 AM,1128.0,2,2256.0,66919063.8
2025-08-01 09:17:10 AM,1126.8,0,0.0,66919063.8
2025-08-01 09:17:11 AM,1126.8,564,635515.2,67554579.0
2025-08-01 09:17:11 AM,1127.0,0,0.0,67554579.0
2025-08-01 09:17:12 AM,1127.0,10,11270.0,67565849.0
2025-08-01 09:17:12 AM,1127.4,0,0.0,67565849.0
2025-08-01 09:17:12 AM,1127.2,0,0.0,67565849.0
2025-08-01 09:17:13 AM,1126.8,944,1063699.2,68629548.2
2025-08-01 09:17:13 AM,1127.4,0,0.0,68629548.2
2025-08-01 09:17:14 AM,1127.4,8,9019.2,68638567.4
2025-08-01 09:17:14 AM,1126.7,0,0.0,68638567.4
2025-08-01 09:17:15 AM,1126.7,55,61968.5,68700535.9
2025-08-01 09:17:16 AM,1127.0,114,128478.0,68829013.9
2025-08-01 09:17:18 AM,1126.1,4578,5155285.8,73984299.7
2025-08-01 09:17:19 AM,1125.9,0,0.0,73984299.7
2025-08-01 09:17:19 AM,1125.9,99,111464.1,74095763.8
2025-08-01 09:17:21 AM,1126.0,116,130616.0,74226379.8
2025-08-01 09:17:21 AM,1126.1,0,0.0,74226379.8
2025-08-01 09:17:22 AM,1126.1,179,201571.9,74427951.7
2025-08-01 09:17:22 AM,1125.5,0,0.0,74427951.7
2025-08-01 09:17:23 AM,1125.5,200,225100.0,74653051.7
2025-08-01 09:17:23 AM,1126.0,0,0.0,74653051.7
2025-08-01 09:17:24 AM,1126.0,100,112600.0,74765651.7
2025-08-01 09:17:24 AM,1125.0,0,0.0,74765651.7
2025-08-01 09:17:24 AM,1125.9,0,0.0,74765651.7
2025-08-01 09:17:25 AM,1125.9,154,173388.6,74939040.3
2025-08-01 09:17:26 AM,1125.0,205,230625.0,75169665.3
2025-08-01 09:17:27 AM,1125.4,392,441156.80000000005,75610822.1
2025-08-01 09:17:29 AM,1124.6,12,13495.199999999999,75624317.3
2025-08-01 09:17:29 AM,1125.1,0,0.0,75624317.3
2025-08-01 09:17:30 AM,1125.0,288,324000.0,75948317.3
2025-08-01 09:17:31 AM,1124.6,29,32613.399999999998,75980930.7
2025-08-01 09:17:32 AM,1125.2,0,0.0,75980930.7
2025-08-01 09:17:32 AM,1125.2,3,3375.6000000000004,75984306.3
2025-08-01 09:17:35 AM,1124.9,21,23622.9,76007929.2
2025-08-01 09:17:37 AM,1125.0,91,102375.0,76110304.2
2025-08-01 09:17:37 AM,1124.9,0,0.0,76110304.2
2025-08-01 09:17:37 AM,1124.6,0,0.0,76110304.2
2025-08-01 09:17:38 AM,1124.6,560,629776.0,76740080.2
2025-08-01 09:17:41 AM,1125.2,6,6751.200000000001,76746831.4
2025-08-01 09:17:41 AM,1125.0,5,5625.0,76752456.4
2025-08-01 09:17:42 AM,1125.4,279,313986.60000000003,77066443.0
2025-08-01 09:17:43 AM,1124.9,0,0.0,77066443.0
2025-08-01 09:17:44 AM,1124.9,102,114739.8,77181182.8
2025-08-01 09:17:45 AM,1125.1,0,0.0,77181182.8
2025-08-01 09:17:45 AM,1125.1,45,50629.49999999999,77231812.3
2025-08-01 09:17:47 AM,1124.5,39,43855.5,77275667.8
2025-08-01 09:17:47 AM,1125.0,0,0.0,77275667.8
2025-08-01 09:17:48 AM,1125.0,52,58500.0,77334167.8
2025-08-01 09:17:48 AM,1124.9,0,0.0,77334167.8
2025-08-01 09:17:49 AM,1124.9,20,22498.0,77356665.8
2025-08-01 09:17:50 AM,1125.0,0,0.0,77356665.8
2025-08-01 09:17:51 AM,1125.0,500,562500.0,77919165.8
2025-08-01 09:17:52 AM,1125.0,16,18000.0,77937165.8
2025-08-01 09:17:52 AM,1125.2,0,0.0,77937165.8
2025-08-01 09:17:53 AM,1125.2,202,227290.40000000002,78164456.2
2025-08-01 09:17:53 AM,1125.5,0,0.0,78164456.2
2025-08-01 09:17:54 AM,1125.4,141,158681.40000000002,78323137.60000001
2025-08-01 09:17:55 AM,1125.5,18,20259.0,78343396.60000001
2025-08-01 09:17:57 AM,1125.5,100,112550.0,78455946.60000001
2025-08-01 09:17:58 AM,1125.4,17,19131.800000000003,78475078.4
2025-08-01 09:17:58 AM,1125.5,0,0.0,78475078.4
2025-08-01 09:17:58 AM,1125.5,2,2251.0,78477329.4
2025-08-01 09:17:59 AM,1125.5,401,451325.5,78928654.9
2025-08-01 09:18:00 AM,1124.9,0,0.0,78928654.9
2025-08-01 09:18:01 AM,1124.9,548,616445.2000000001,79545100.10000001
2025-08-01 09:18:01 AM,1124.4,0,0.0,79545100.10000001
2025-08-01 09:18:02 AM,1125.2,475,534470.0,80079570.10000001
2025-08-01 09:18:02 AM,1124.1,0,0.0,80079570.10000001
2025-08-01 09:18:02 AM,1124.1,30,33723.0,80113293.10000001
2025-08-01 09:18:07 AM,1124.9,50,56245.00000000001,80169538.10000001
2025-08-01 09:18:10 AM,1124.6,5,5623.0,80175161.10000001
2025-08-01 09:18:12 AM,1122.6,718,806026.7999999999,80981187.9
2025-08-01 09:18:13 AM,1123.0,40,44920.0,81026107.9
2025-08-01 09:18:14 AM,1121.0,2644,2963924.0,83990031.9
2025-08-01 09:18:14 AM,1122.4,0,0.0,83990031.9
2025-08-01 09:18:15 AM,1122.4,100,112240.00000000001,84102271.9
2025-08-01 09:18:15 AM,1122.3,209,234560.69999999998,84336832.60000001
2025-08-01 09:18:15 AM,1121.5,0,0.0,84336832.60000001
2025-08-01 09:18:15 AM,1121.5,1,1121.5,84337954.10000001
2025-08-01 09:18:16 AM,1122.3,5,5611.5,84343565.60000001
2025-08-01 09:18:17 AM,1122.1,22,24686.199999999997,84368251.80000001
2025-08-01 09:18:17 AM,1121.5,0,0.0,84368251.80000001
2025-08-01 09:18:17 AM,1121.9,32,35900.8,84404152.60000001
2025-08-01 09:18:18 AM,1122.1,1263,1417212.2999999998,85821364.9
2025-08-01 09:18:18 AM,1121.3,0,0.0,85821364.9
2025-08-01 09:18:18 AM,1121.3,66,74005.8,85895370.7
2025-08-01 09:18:19 AM,1121.7,91,102074.7,85997445.4
2025-08-01 09:18:20 AM,1121.1,100,112109.99999999999,86109555.4
2025-08-01 09:18:20 AM,1122.0,0,0.0,86109555.4
2025-08-01 09:18:20 AM,1122.0,7,7854.0,86117409.4
2025-08-01 09:18:21 AM,1122.1,0,0.0,86117409.4
2025-08-01 09:18:21 AM,1122.1,727,815766.7,86933176.10000001
2025-08-01 09:18:22 AM,1122.0,5,5610.0,86938786.10000001
2025-08-01 09:18:23 AM,1122.0,120,134640.0,87073426.10000001
2025-08-01 09:18:23 AM,1122.0,3,3366.0,87076792.10000001
2025-08-01 09:18:24 AM,1122.0,1,1122.0,87077914.10000001
2025-08-01 09:18:25 AM,1122.0,1,1122.0,87079036.10000001
2025-08-01 09:18:26 AM,1122.0,14,15708.0,87094744.10000001
2025-08-01 09:18:26 AM,1122.0,4,4488.0,87099232.10000001
2025-08-01 09:18:27 AM,1122.9,6121,6873270.9,93972503.00000001
2025-08-01 09:18:28 AM,1123.0,2,2246.0,93974749.00000001
2025-08-01 09:18:28 AM,1123.0,1,1123.0,93975872.00000001
2025-08-01 09:18:28 AM,1122.2,0,0.0,93975872.00000001
2025-08-01 09:18:29 AM,1122.6,39,43781.399999999994,94019653.40000002
2025-08-01 09:18:30 AM,1122.7,261,293024.7,94312678.10000002
2025-08-01 09:18:30 AM,1122.7,7,7858.900000000001,94320537.00000003
2025-08-01 09:18:31 AM,1121.3,590,661567.0,94982104.00000003
2025-08-01 09:18:31 AM,1121.1,0,0.0,94982104.00000003
2025-08-01 09:18:31 AM,1121.1,121,135653.09999999998,95117757.10000002
2025-08-01 09:18:32 AM,1121.0,95,106495.0,95224252.10000002
2025-08-01 09:18:33 AM,1121.1,1,1121.1,95225373.20000002
2025-08-01 09:18:33 AM,1120.3,0,0.0,95225373.20000002
2025-08-01 09:18:33 AM,1120.3,100,112030.0,95337403.20000002
2025-08-01 09:18:35 AM,1121.1,0,0.0,95337403.20000002
2025-08-01 09:18:35 AM,1121.1,15,16816.5,95354219.70000002
2025-08-01 09:18:37 AM,1120.8,663,743090.4,96097310.10000002
2025-08-01 09:18:38 AM,1120.1,4,4480.4,96101790.50000003
2025-08-01 09:18:39 AM,1120.9,0,0.0,96101790.50000003
2025-08-01 09:18:39 AM,1120.9,1,1120.9,96102911.40000004
2025-08-01 09:18:40 AM,1120.8,0,0.0,96102911.40000004
2025-08-01 09:18:41 AM,1120.9,35,39231.5,96142142.90000004
2025-08-01 09:18:41 AM,1121.3,0,0.0,96142142.90000004
2025-08-01 09:18:42 AM,1120.0,631,706720.0,96848862.90000004
2025-08-01 09:18:43 AM,1120.5,469,525514.5,97374377.40000004
2025-08-01 09:18:45 AM,1120.8,27,30261.6,97404639.00000003
2025-08-01 09:18:46 AM,1120.8,61,68368.8,97473007.80000003
2025-08-01 09:18:47 AM,1120.5,13,14566.5,97487574.30000003
2025-08-01 09:18:49 AM,1120.5,1,1120.5,97488694.80000003
2025-08-01 09:18:49 AM,1121.2,0,0.0,97488694.80000003
2025-08-01 09:18:50 AM,1121.0,66,73986.0,97562680.80000003
2025-08-01 09:18:50 AM,1121.3,0,0.0,97562680.80000003
2025-08-01 09:18:51 AM,1121.3,283,317327.89999999997,97880008.70000003
2025-08-01 09:18:53 AM,1120.5,25,28012.5,97908021.20000003
2025-08-01 09:18:53 AM,1121.0,0,0.0,97908021.20000003
2025-08-01 09:18:54 AM,1119.5,4901,5486669.5,103394690.70000003
2025-08-01 09:18:54 AM,1119.1,14,15667.399999999998,103410358.10000004
2025-08-01 09:18:54 AM,1119.2,0,0.0,103410358.10000004
2025-08-01 09:18:55 AM,1119.8,6,6718.799999999999,103417076.90000004
2025-08-01 09:18:56 AM,1119.8,10,11198.0,103428274.90000004
2025-08-01 09:18:57 AM,1119.0,0,0.0,103428274.90000004
2025-08-01 09:18:58 AM,1119.0,15,16785.0,103445059.90000004
2025-08-01 09:18:59 AM,1119.6,1,1119.6,103446179.50000003
2025-08-01 09:18:59 AM,1120.0,0,0.0,103446179.50000003
2025-08-01 09:19:00 AM,1120.0,75,84000.0,103530179.50000003
2025-08-01 09:19:02 AM,1119.7,10,11197.0,103541376.50000003
2025-08-01 09:19:02 AM,1119.0,0,0.0,103541376.50000003
2025-08-01 09:19:03 AM,1118.9,210,234969.00000000003,103776345.50000003
2025-08-01 09:19:04 AM,1119.0,11702,13094538.0,116870883.50000003
2025-08-01 09:19:05 AM,1120.2,2842,3183608.4,120054491.90000004
2025-08-01 09:19:05 AM,1120.4,0,0.0,120054491.90000004
2025-08-01 09:19:05 AM,1119.8,0,0.0,120054491.90000004
2025-08-01 09:19:06 AM,1119.8,575,643885.0,120698376.90000004
2025-08-01 09:19:06 AM,1120.1,200,224019.99999999997,120922396.90000004
2025-08-01 09:19:07 AM,1120.1,91,101929.09999999999,121024326.00000003
2025-08-01 09:19:09 AM,1119.1,500,559550.0,121583876.00000003
2025-08-01 09:19:09 AM,1119.6,0,0.0,121583876.00000003
2025-08-01 09:19:10 AM,1119.6,18,20152.8,121604028.80000003
2025-08-01 09:19:11 AM,1120.1,50,56004.99999999999,121660033.80000003
2025-08-01 09:19:12 AM,1119.1,0,0.0,121660033.80000003
2025-08-01 09:19:13 AM,1119.1,81,90647.09999999999,121750680.90000002
2025-08-01 09:19:13 AM,1118.1,0,0.0,121750680.90000002
2025-08-01 09:19:14 AM,1118.1,482,538924.2,122289605.10000002
2025-08-01 09:19:14 AM,1118.8,0,0.0,122289605.10000002
2025-08-01 09:19:15 AM,1118.1,194,216911.4,122506516.50000003
2025-08-01 09:19:16 AM,1118.0,22,24596.0,122531112.50000003
2025-08-01 09:19:16 AM,1117.3,15,16759.5,122547872.00000003
2025-08-01 09:19:17 AM,1117.1,110,122880.99999999999,122670753.00000003
2025-08-01 09:19:17 AM,1117.9,1,1117.9,122671870.90000004
2025-08-01 09:19:18 AM,1117.8,10,11178.0,122683048.90000004
2025-08-01 09:19:18 AM,1116.9,0,0.0,122683048.90000004
2025-08-01 09:19:19 AM,1117.7,253,282778.10000000003,122965827.00000003
2025-08-01 09:19:19 AM,1118.3,1000,1118300.0,124084127.00000003
2025-08-01 09:19:20 AM,1117.8,1,1117.8,124085244.80000003
2025-08-01 09:19:21 AM,1117.7,100,111770.0,124197014.80000003
2025-08-01 09:19:21 AM,1118.0,0,0.0,124197014.80000003
2025-08-01 09:19:22 AM,1118.0,607,678626.0,124875640.80000003
2025-08-01 09:19:23 AM,1118.5,37,41384.5,124917025.30000003
2025-08-01 09:19:25 AM,1118.4,0,0.0,124917025.30000003
2025-08-01 09:19:26 AM,1118.9,2,2237.8,124919263.10000002
2025-08-01 09:19:28 AM,1119.1,0,0.0,124919263.10000002
2025-08-01 09:19:29 AM,1119.2,15,16788.0,124936051.10000002
2025-08-01 09:19:30 AM,1118.0,0,0.0,124936051.10000002
2025-08-01 09:19:30 AM,1118.0,222,248196.0,125184247.10000002
2025-08-01 09:19:31 AM,1118.0,1242,1388556.0,126572803.10000002
2025-08-01 09:19:33 AM,1118.5,80,89480.0,126662283.10000002
2025-08-01 09:19:33 AM,1118.9,0,0.0,126662283.10000002
2025-08-01 09:19:34 AM,1118.9,11,12307.900000000001,126674591.00000003
2025-08-01 09:19:35 AM,1118.9,118,132030.2,126806621.20000003
2025-08-01 09:19:35 AM,1119.0,0,0.0,126806621.20000003
2025-08-01 09:19:36 AM,1119.0,698,781062.0,127587683.20000003
2025-08-01 09:19:36 AM,1119.3,0,0.0,127587683.20000003
2025-08-01 09:19:37 AM,1119.3,20,22386.0,127610069.20000003
2025-08-01 09:19:38 AM,1120.5,0,0.0,127610069.20000003
2025-08-01 09:19:39 AM,1121.5,37,41495.5,127651564.70000003
2025-08-01 09:19:39 AM,1122.0,0,0.0,127651564.70000003
2025-08-01 09:19:40 AM,1122.0,123,138006.0,127789570.70000003
2025-08-01 09:19:40 AM,1122.2,100,112220.0,127901790.70000003
2025-08-01 09:19:40 AM,1121.1,0,0.0,127901790.70000003
2025-08-01 09:19:41 AM,1121.1,214,239915.4,128141706.10000004
2025-08-01 09:19:41 AM,1120.6,59,66115.4,128207821.50000004
2025-08-01 09:19:41 AM,1121.1,0,0.0,128207821.50000004
2025-08-01 09:19:42 AM,1120.4,150,168060.0,128375881.50000004
2025-08-01 09:19:42 AM,1120.0,0,0.0,128375881.50000004
2025-08-01 09:19:42 AM,1120.0,528,591360.0,128967241.50000004
2025-08-01 09:19:43 AM,1119.3,0,0.0,128967241.50000004
2025-08-01 09:19:43 AM,1119.3,492,550695.6,129517937.10000004
2025-08-01 09:19:44 AM,1120.2,0,0.0,129517937.10000004
2025-08-01 09:19:44 AM,1120.2,85,95217.0,129613154.10000004
2025-08-01 09:19:45 AM,1120.6,0,0.0,129613154.10000004
2025-08-01 09:19:46 AM,1120.6,264,295838.39999999997,129908992.50000004
2025-08-01 09:19:47 AM,1121.1,0,0.0,129908992.50000004
2025-08-01 09:19:48 AM,1121.1,15,16816.5,129925809.00000004
2025-08-01 09:19:49 AM,1120.3,355,397706.5,130323515.50000004
2025-08-01 09:19:50 AM,1120.5,235,263317.5,130586833.00000004
2025-08-01 09:19:51 AM,1120.5,57,63868.5,130650701.50000004
2025-08-01 09:19:51 AM,1120.3,0,0.0,130650701.50000004
2025-08-01 09:19:52 AM,1120.3,49,54894.7,130705596.20000005
2025-08-01 09:19:52 AM,1120.5,50,56025.0,130761621.20000005
2025-08-01 09:19:53 AM,1120.5,79,88519.5,130850140.70000005
2025-08-01 09:19:53 AM,1120.5,5,5602.5,130855743.20000005
2025-08-01 09:19:54 AM,1120.5,30,33615.0,130889358.20000005
2025-08-01 09:19:55 AM,1120.0,0,0.0,130889358.20000005
2025-08-01 09:19:55 AM,1120.0,582,651840.0,131541198.20000005
2025-08-01 09:19:57 AM,1119.8,0,0.0,131541198.20000005
2025-08-01 09:19:58 AM,1119.8,50,55990.0,131597188.20000005
2025-08-01 09:19:58 AM,1120.0,0,0.0,131597188.20000005
2025-08-01 09:19:59 AM,1120.0,266,297920.0,131895108.20000005
2025-08-01 09:19:59 AM,1120.5,100,112050.0,132007158.20000005
2025-08-01 09:20:00 AM,1120.5,1,1120.5,132008278.70000005
2025-08-01 09:20:00 AM,1119.5,95,106352.5,132114631.20000005
2025-08-01 09:20:01 AM,1118.5,761,851178.5,132965809.70000005
2025-08-01 09:20:01 AM,1118.9,20,22378.0,132988187.70000005
2025-08-01 09:20:01 AM,1118.7,0,0.0,132988187.70000005
2025-08-01 09:20:02 AM,1119.0,53,59307.0,133047494.70000005
2025-08-01 09:20:03 AM,1119.4,1,1119.4,133048614.10000005
2025-08-01 09:20:03 AM,1118.6,0,0.0,133048614.10000005
2025-08-01 09:20:04 AM,1119.5,50,55975.0,133104589.10000005
2025-08-01 09:20:04 AM,1119.4,96,107462.40000000001,133212051.50000006
2025-08-01 09:20:06 AM,1118.9,6,6713.400000000001,133218764.90000007
2025-08-01 09:20:07 AM,1118.4,0,0.0,133218764.90000007
2025-08-01 09:20:08 AM,1118.4,11,12302.400000000001,133231067.30000007
2025-08-01 09:20:08 AM,1119.3,0,0.0,133231067.30000007
2025-08-01 09:20:09 AM,1119.3,99,110810.7,133341878.00000007
2025-08-01 09:20:09 AM,1119.3,2,2238.6,133344116.60000007
2025-08-01 09:20:11 AM,1118.6,0,0.0,133344116.60000007
2025-08-01 09:20:12 AM,1118.6,15,16779.0,133360895.60000007
2025-08-01 09:20:13 AM,1119.0,25,27975.0,133388870.60000007
2025-08-01 09:20:14 AM,1117.5,4949,5530507.5,138919378.10000008
2025-08-01 09:20:14 AM,1117.3,0,0.0,138919378.10000008
2025-08-01 09:20:15 AM,1117.6,269,300634.39999999997,139220012.5000001
2025-08-01 09:20:16 AM,1116.7,354,395311.8,139615324.3000001
2025-08-01 09:20:16 AM,1116.8,0,0.0,139615324.3000001
2025-08-01 09:20:17 AM,1116.8,15,16752.0,139632076.3000001
2025-08-01 09:20:17 AM,1119.9,0,0.0,139632076.3000001
2025-08-01 09:20:18 AM,1119.9,13462,15076093.8,154708170.1000001
2025-08-01 09:20:19 AM,1121.1,3625,4063987.4999999995,158772157.6000001
2025-08-01 09:20:20 AM,1120.3,736,824540.7999999999,159596698.40000013
2025-08-01 09:20:20 AM,1121.1,173,193950.3,159790648.70000014
2025-08-01 09:20:20 AM,1120.5,0,0.0,159790648.70000014
2025-08-01 09:20:21 AM,1120.5,80,89640.0,159880288.70000014
2025-08-01 09:20:21 AM,1119.6,0,0.0,159880288.70000014
2025-08-01 09:20:22 AM,1119.6,623,697510.7999999999,160577799.50000015
2025-08-01 09:20:22 AM,1120.5,100,112050.0,160689849.50000015
2025-08-01 09:20:23 AM,1119.8,115,128777.0,160818626.50000015
2025-08-01 09:20:23 AM,1120.4,26,29130.4,160847756.90000015
2025-08-01 09:20:24 AM,1119.8,48,53750.399999999994,160901507.30000016
2025-08-01 09:20:25 AM,1119.5,0,0.0,160901507.30000016
2025-08-01 09:20:26 AM,1119.5,50,55975.0,160957482.30000016
2025-08-01 09:20:28 AM,1120.0,0,0.0,160957482.30000016
2025-08-01 09:20:28 AM,1122.3,0,0.0,160957482.30000016
2025-08-01 09:20:29 AM,1122.3,1985,2227765.5,163185247.80000016
2025-08-01 09:20:30 AM,1123.2,5,5616.0,163190863.80000016
2025-08-01 09:20:30 AM,1123.4,0,0.0,163190863.80000016
2025-08-01 09:20:31 AM,1123.4,1043,1171706.2000000002,164362570.00000015
2025-08-01 09:20:31 AM,1122.7,0,0.0,164362570.00000015
2025-08-01 09:20:32 AM,1122.7,104,116760.8,164479330.80000016
2025-08-01 09:20:34 AM,1123.4,10,11234.0,164490564.80000016
2025-08-01 09:20:34 AM,1120.2,0,0.0,164490564.80000016
2025-08-01 09:20:35 AM,1120.2,2122,2377064.4,166867629.20000017
2025-08-01 09:20:36 AM,1120.5,189,211774.5,167079403.70000017
2025-08-01 09:20:37 AM,1120.8,191,214072.8,167293476.50000018
2025-08-01 09:20:39 AM,1121.6,0,0.0,167293476.50000018
2025-08-01 09:20:40 AM,1121.6,1,1121.6,167294598.10000017
2025-08-01 09:20:40 AM,1120.2,0,0.0,167294598.10000017
2025-08-01 09:20:41 AM,1120.2,208,233001.6,167527599.70000017
2025-08-01 09:20:41 AM,1122.0,0,0.0,167527599.70000017
2025-08-01 09:20:42 AM,1122.0,1873,2101506.0,169629105.70000017
2025-08-01 09:20:42 AM,1121.6,0,0.0,169629105.70000017
2025-08-01 09:20:43 AM,1121.6,133,149172.8,169778278.50000018
2025-08-01 09:20:43 AM,1122.4,440,493856.00000000006,170272134.50000018
2025-08-01 09:20:45 AM,1121.2,0,0.0,170272134.50000018
2025-08-01 09:20:46 AM,1121.2,74,82968.8,170355103.3000002
2025-08-01 09:20:46 AM,1121.6,2,2243.2,170357346.50000018
2025-08-01 09:20:46 AM,1121.1,0,0.0,170357346.50000018
2025-08-01 09:20:47 AM,1121.1,61,68387.09999999999,170425733.60000017
2025-08-01 09:20:47 AM,1120.4,488,546755.2000000001,170972488.80000016
2025-08-01 09:20:49 AM,1120.4,1,1120.4,170973609.20000017
2025-08-01 09:20:49 AM,1120.6,216,242049.59999999998,171215658.80000016
2025-08-01 09:20:50 AM,1120.0,1,1120.0,171216778.80000016
2025-08-01 09:20:51 AM,1120.3,0,0.0,171216778.80000016
2025-08-01 09:20:51 AM,1120.3,161,180368.3,171397147.10000017
2025-08-01 09:20:52 AM,1119.7,0,0.0,171397147.10000017
2025-08-01 09:20:53 AM,1119.7,328,367261.60000000003,171764408.70000017
2025-08-01 09:20:54 AM,1119.1,0,0.0,171764408.70000017
2025-08-01 09:20:54 AM,1118.5,0,0.0,171764408.70000017
2025-08-01 09:20:55 AM,1118.5,604,675574.0,172439982.70000017
2025-08-01 09:20:56 AM,1118.5,31,34673.5,172474656.20000017
2025-08-01 09:20:57 AM,1119.2,0,0.0,172474656.20000017
2025-08-01 09:20:58 AM,1119.2,16,17907.2,172492563.40000015
2025-08-01 09:20:58 AM,1118.9,2,2237.8,172494801.20000017
2025-08-01 09:20:58 AM,1118.0,0,0.0,172494801.20000017
2025-08-01 09:20:59 AM,1118.0,375,419250.0,172914051.20000017
2025-08-01 09:20:59 AM,1118.9,447,500148.30000000005,173414199.50000018
2025-08-01 09:20:59 AM,1118.5,0,0.0,173414199.50000018
2025-08-01 09:21:00 AM,1118.5,18,20133.0,173434332.50000018
2025-08-01 09:21:00 AM,1119.0,0,0.0,173434332.50000018
2025-08-01 09:21:01 AM,1119.0,101,113019.0,173547351.50000018
2025-08-01 09:21:02 AM,1118.3,31,34667.299999999996,173582018.8000002
2025-08-01 09:21:05 AM,1117.8,165,184437.0,173766455.8000002
2025-08-01 09:21:06 AM,1117.6,17,18999.199999999997,173785455.00000018
2025-08-01 09:21:06 AM,1117.6,52,58115.2,173843570.20000017
2025-08-01 09:21:07 AM,1118.0,251,280618.0,174124188.20000017
2025-08-01 09:21:13 AM,1118.0,850,950300.0,175074488.20000017
2025-08-01 09:21:15 AM,1117.5,35,39112.5,175113600.70000017
2025-08-01 09:21:15 AM,1117.4,0,0.0,175113600.70000017
2025-08-01 09:21:16 AM,1118.1,15,16771.5,175130372.20000017
2025-08-01 09:21:18 AM,1118.2,174,194566.80000000002,175324939.00000018
2025-08-01 09:21:20 AM,1117.8,1,1117.8,175326056.8000002
2025-08-01 09:21:21 AM,1116.9,300,335070.0,175661126.8000002
2025-08-01 09:21:22 AM,1117.1,25,27927.499999999996,175689054.3000002
2025-08-01 09:21:22 AM,1117.8,1,1117.8,175690172.1000002
2025-08-01 09:21:24 AM,1118.0,0,0.0,175690172.1000002
2025-08-01 09:21:24 AM,1118.0,70,78260.0,175768432.1000002
2025-08-01 09:21:26 AM,1117.6,1161,1297533.5999999999,177065965.7000002
2025-08-01 09:21:26 AM,1118.0,0,0.0,177065965.7000002
2025-08-01 09:21:26 AM,1118.0,4,4472.0,177070437.7000002
2025-08-01 09:21:29 AM,1117.6,0,0.0,177070437.7000002
2025-08-01 09:21:29 AM,1117.6,229,255930.39999999997,177326368.1000002
2025-08-01 09:21:30 AM,1118.1,100,111809.99999999999,177438178.1000002
2025-08-01 09:21:33 AM,1117.3,0,0.0,177438178.1000002
2025-08-01 09:21:34 AM,1117.3,616,688256.7999999999,178126434.9000002
2025-08-01 09:21:34 AM,1117.0,0,0.0,178126434.9000002
2025-08-01 09:21:35 AM,1116.0,934,1042344.0,179168778.9000002
2025-08-01 09:21:36 AM,1115.9,542,604817.8,179773596.70000023
2025-08-01 09:21:36 AM,1115.5,0,0.0,179773596.70000023
2025-08-01 09:21:37 AM,1115.5,100,111550.0,179885146.70000023
2025-08-01 09:21:40 AM,1116.0,20,22320.0,179907466.70000023
2025-08-01 09:21:40 AM,1116.0,5,5580.0,179913046.70000023
2025-08-01 09:21:41 AM,1116.0,258,287928.0,180200974.70000023
2025-08-01 09:21:43 AM,1116.0,4,4464.0,180205438.70000023
2025-08-01 09:21:45 AM,1116.0,5,5580.0,180211018.70000023
2025-08-01 09:21:46 AM,1115.6,10,11156.0,180222174.70000023
2025-08-01 09:21:47 AM,1116.1,2,2232.2,180224406.9000002
2025-08-01 09:21:49 AM,1116.1,2,2232.2,180226639.1000002
2025-08-01 09:21:49 AM,1116.0,0,0.0,180226639.1000002
2025-08-01 09:21:50 AM,1115.5,115,128282.5,180354921.6000002
2025-08-01 09:21:53 AM,1115.8,0,0.0,180354921.6000002
2025-08-01 09:21:54 AM,1115.8,30,33474.0,180388395.6000002
2025-08-01 09:21:55 AM,1115.3,45,50188.5,180438584.1000002
2025-08-01 09:21:55 AM,1115.9,0,0.0,180438584.1000002
2025-08-01 09:21:56 AM,1115.2,19,21188.8,180459772.9000002
2025-08-01 09:21:57 AM,1115.1,15,16726.5,180476499.4000002
2025-08-01 09:21:58 AM,1115.2,0,0.0,180476499.4000002
2025-08-01 09:21:59 AM,1115.1,217,241976.69999999998,180718476.1000002
2025-08-01 09:21:59 AM,1114.5,1121,1249354.5,181967830.6000002
2025-08-01 09:22:00 AM,1114.0,60,66840.0,182034670.6000002
2025-08-01 09:22:00 AM,1114.0,11,12254.0,182046924.6000002
2025-08-01 09:22:01 AM,1114.3,4,4457.2,182051381.8000002
2025-08-01 09:22:02 AM,1114.6,127,141554.19999999998,182192936.00000018
2025-08-01 09:22:03 AM,1114.6,5,5573.0,182198509.00000018
2025-08-01 09:22:04 AM,1114.3,18,20057.399999999998,182218566.40000018
2025-08-01 09:22:05 AM,1114.0,0,0.0,182218566.40000018
2025-08-01 09:22:05 AM,1114.0,50,55700.0,182274266.40000018
2025-08-01 09:22:07 AM,1114.3,18,20057.399999999998,182294323.8000002
2025-08-01 09:22:07 AM,1114.0,0,0.0,182294323.8000002
2025-08-01 09:22:08 AM,1113.5,148,164798.0,182459121.8000002
2025-08-01 09:22:08 AM,1113.6,237,263923.19999999995,182723045.00000018
2025-08-01 09:22:09 AM,1112.4,3000,3337200.0000000005,186060245.00000018
2025-08-01 09:22:09 AM,1114.0,0,0.0,186060245.00000018
2025-08-01 09:22:10 AM,1113.1,151,168078.09999999998,186228323.10000017
2025-08-01 09:22:10 AM,1112.5,1,1112.5,186229435.60000017
2025-08-01 09:22:11 AM,1113.5,3,3340.5,186232776.10000017
2025-08-01 09:22:11 AM,1112.6,180,200267.99999999997,186433044.10000017
2025-08-01 09:22:13 AM,1112.8,5,5564.0,186438608.10000017
2025-08-01 09:22:14 AM,1112.1,57,63389.7,186501997.80000016
2025-08-01 09:22:15 AM,1112.1,3,3336.2999999999997,186505334.10000017
2025-08-01 09:22:16 AM,1112.9,600,667740.0,187173074.10000017
2025-08-01 09:22:17 AM,1113.0,0,0.0,187173074.10000017
2025-08-01 09:22:17 AM,1113.0,520,578760.0,187751834.10000017
2025-08-01 09:22:17 AM,1112.3,0,0.0,187751834.10000017
2025-08-01 09:22:18 AM,1112.8,71,79008.8,187830842.90000018
2025-08-01 09:22:19 AM,1112.7,35,38944.5,187869787.40000018
2025-08-01 09:22:20 AM,1112.7,2,2225.4,187872012.8000002
2025-08-01 09:22:21 AM,1112.7,1,1112.7,187873125.50000018
2025-08-01 09:22:22 AM,1112.2,603,670656.6,188543782.10000017
2025-08-01 09:22:22 AM,1112.5,0,0.0,188543782.10000017
2025-08-01 09:22:23 AM,1112.2,436,484919.2,189028701.30000016
2025-08-01 09:22:24 AM,1112.1,10,11121.0,189039822.30000016
2025-08-01 09:22:25 AM,1111.7,111,123398.70000000001,189163221.00000015
2025-08-01 09:22:25 AM,1112.1,0,0.0,189163221.00000015
2025-08-01 09:22:26 AM,1111.0,716,795476.0,189958697.00000015
2025-08-01 09:22:26 AM,1110.9,0,0.0,189958697.00000015
2025-08-01 09:22:27 AM,1111.0,997,1107667.0,191066364.00000015
2025-08-01 09:22:28 AM,1111.0,2,2222.0,191068586.00000015
2025-08-01 09:22:28 AM,1110.9,0,0.0,191068586.00000015
2025-08-01 09:22:29 AM,1110.6,544,604166.3999999999,191672752.40000015
2025-08-01 09:22:31 AM,1110.7,135,149944.5,191822696.90000015
2025-08-01 09:22:33 AM,1110.7,1,1110.7,191823807.60000014
2025-08-01 09:22:33 AM,1110.5,0,0.0,191823807.60000014
2025-08-01 09:22:34 AM,1110.3,14,15544.199999999999,191839351.80000013
2025-08-01 09:22:34 AM,1110.1,65,72156.5,191911508.30000013
2025-08-01 09:22:34 AM,1110.0,0,0.0,191911508.30000013
2025-08-01 09:22:35 AM,1110.6,1729,1920227.4,193831735.70000014
2025-08-01 09:22:35 AM,1110.7,101,112180.70000000001,193943916.40000013
2025-08-01 09:22:35 AM,1111.0,0,0.0,193943916.40000013
2025-08-01 09:22:36 AM,1110.5,166,184343.0,194128259.40000013
2025-08-01 09:22:36 AM,1111.0,0,0.0,194128259.40000013
2025-08-01 09:22:37 AM,1111.0,200,222200.0,194350459.40000013
2025-08-01 09:22:38 AM,1111.3,0,0.0,194350459.40000013
2025-08-01 09:22:39 AM,1110.3,200,222060.0,194572519.40000013
2025-08-01 09:22:40 AM,1110.4,79,87721.6,194660241.00000012
2025-08-01 09:22:40 AM,1110.8,59,65537.2,194725778.2000001
2025-08-01 09:22:41 AM,1110.7,149,165494.30000000002,194891272.50000012
2025-08-01 09:22:41 AM,1111.0,0,0.0,194891272.50000012
2025-08-01 09:22:42 AM,1111.0,1,1111.0,194892383.50000012
2025-08-01 09:22:42 AM,1110.6,19,21101.399999999998,194913484.90000013
2025-08-01 09:22:44 AM,1111.0,100,111100.0,195024584.90000013
2025-08-01 09:22:44 AM,1110.0,0,0.0,195024584.90000013
2025-08-01 09:22:45 AM,1111.0,400,444400.0,195468984.90000013
2025-08-01 09:22:46 AM,1111.0,1,1111.0,195470095.90000013
2025-08-01 09:22:46 AM,1111.1,0,0.0,195470095.90000013
2025-08-01 09:22:47 AM,1111.1,31,34444.1,195504540.00000012
2025-08-01 09:22:47 AM,1111.0,0,0.0,195504540.00000012
2025-08-01 09:22:48 AM,1111.0,20,22220.0,195526760.00000012
2025-08-01 09:22:49 AM,1111.0,29,32219.0,195558979.00000012
2025-08-01 09:22:50 AM,1111.6,1,1111.6,195560090.6000001
2025-08-01 09:22:51 AM,1111.4,25,27785.000000000004,195587875.6000001
2025-08-01 09:22:52 AM,1109.3,1081,1199153.3,196787028.90000013
2025-08-01 09:22:52 AM,1109.4,0,0.0,196787028.90000013
2025-08-01 09:22:52 AM,1109.4,100,110940.00000000001,196897968.90000013
2025-08-01 09:22:53 AM,1109.7,503,558179.1,197456148.00000012
2025-08-01 09:22:54 AM,1109.4,553,613498.2000000001,198069646.2000001
2025-08-01 09:22:54 AM,1109.9,120,133188.0,198202834.2000001
2025-08-01 09:22:54 AM,1110.0,0,0.0,198202834.2000001
2025-08-01 09:22:55 AM,1110.0,1,1110.0,198203944.2000001
2025-08-01 09:22:56 AM,1110.0,36,39960.0,198243904.2000001
2025-08-01 09:22:56 AM,1110.1,0,0.0,198243904.2000001
2025-08-01 09:22:56 AM,1110.0,0,0.0,198243904.2000001
2025-08-01 09:22:57 AM,1110.0,122,135420.0,198379324.2000001
2025-08-01 09:22:58 AM,1109.8,100,110980.0,198490304.2000001
2025-08-01 09:22:58 AM,1109.9,0,0.0,198490304.2000001
2025-08-01 09:22:59 AM,1110.7,607,674194.9,199164499.1000001
2025-08-01 09:22:59 AM,1110.7,10,11107.0,199175606.1000001
2025-08-01 09:23:00 AM,1109.3,382,423752.6,199599358.7000001
2025-08-01 09:23:01 AM,1108.9,0,0.0,199599358.7000001
2025-08-01 09:23:02 AM,1108.9,32,35484.8,199634843.50000012
2025-08-01 09:23:02 AM,1108.5,0,0.0,199634843.50000012
2025-08-01 09:23:03 AM,1108.5,101,111958.5,199746802.00000012
2025-08-01 09:23:04 AM,1108.5,2,2217.0,199749019.00000012
2025-08-01 09:23:04 AM,1108.2,0,0.0,199749019.00000012
2025-08-01 09:23:04 AM,1108.3,0,0.0,199749019.00000012
2025-08-01 09:23:05 AM,1108.3,329,364630.7,200113649.7000001
2025-08-01 09:23:06 AM,1108.4,105,116382.00000000001,200230031.7000001
2025-08-01 09:23:06 AM,1108.3,0,0.0,200230031.7000001
2025-08-01 09:23:07 AM,1108.3,77,85339.09999999999,200315370.8000001
2025-08-01 09:23:07 AM,1108.4,0,0.0,200315370.8000001
2025-08-01 09:23:08 AM,1108.9,22,24395.800000000003,200339766.6000001
2025-08-01 09:23:09 AM,1109.1,0,0.0,200339766.6000001
2025-08-01 09:23:10 AM,1109.1,1,1109.1,200340875.7000001
2025-08-01 09:23:10 AM,1108.6,5,5543.0,200346418.7000001
2025-08-01 09:23:10 AM,1107.4,0,0.0,200346418.7000001
2025-08-01 09:23:11 AM,1108.2,1355,1501611.0,201848029.7000001
2025-08-01 09:23:12 AM,1108.3,25,27707.5,201875737.2000001
2025-08-01 09:23:12 AM,1108.1,0,0.0,201875737.2000001
2025-08-01 09:23:13 AM,1107.8,126,139582.8,202015320.00000012
2025-08-01 09:23:13 AM,1107.1,0,0.0,202015320.00000012
2025-08-01 09:23:14 AM,1107.1,9,9963.9,202025283.90000013
2025-08-01 09:23:14 AM,1106.5,0,0.0,202025283.90000013
2025-08-01 09:23:15 AM,1106.3,94,103992.2,202129276.1000001
2025-08-01 09:23:15 AM,1107.0,0,0.0,202129276.1000001
2025-08-01 09:23:16 AM,1105.5,1970,2177835.0,204307111.1000001
2025-08-01 09:23:16 AM,1105.8,0,0.0,204307111.1000001
2025-08-01 09:23:17 AM,1105.9,221,244403.90000000002,204551515.00000012
2025-08-01 09:23:17 AM,1106.6,0,0.0,204551515.00000012
2025-08-01 09:23:18 AM,1106.6,100,110659.99999999999,204662175.00000012
2025-08-01 09:23:18 AM,1104.6,0,0.0,204662175.00000012
2025-08-01 09:23:18 AM,1105.3,0,0.0,204662175.00000012
2025-08-01 09:23:19 AM,1105.3,5852,6468215.6,211130390.6000001
2025-08-01 09:23:19 AM,1105.2,0,0.0,211130390.6000001
2025-08-01 09:23:19 AM,1105.1,0,0.0,211130390.6000001
2025-08-01 09:23:20 AM,1105.2,172,190094.4,211320485.00000012
2025-08-01 09:23:20 AM,1104.8,0,0.0,211320485.00000012
2025-08-01 09:23:20 AM,1103.8,0,0.0,211320485.00000012
2025-08-01 09:23:21 AM,1103.8,3060,3377628.0,214698113.00000012
2025-08-01 09:23:21 AM,1103.2,10,11032.0,214709145.00000012
2025-08-01 09:23:21 AM,1103.0,0,0.0,214709145.00000012
2025-08-01 09:23:22 AM,1103.5,193,212975.5,214922120.50000012
2025-08-01 09:23:22 AM,1102.3,0,0.0,214922120.50000012
2025-08-01 09:23:22 AM,1103.1,0,0.0,214922120.50000012
2025-08-01 09:23:23 AM,1102.4,6511,7177726.4,222099846.90000013
2025-08-01 09:23:23 AM,1103.2,0,0.0,222099846.90000013
2025-08-01 09:23:24 AM,1103.2,142,156654.4,222256501.30000013
2025-08-01 09:23:24 AM,1103.4,0,0.0,222256501.30000013
2025-08-01 09:23:25 AM,1103.4,14,15447.600000000002,222271948.90000013
2025-08-01 09:23:26 AM,1103.2,50,55160.0,222327108.90000013
2025-08-01 09:23:26 AM,1102.4,0,0.0,222327108.90000013
2025-08-01 09:23:27 AM,1102.4,442,487260.80000000005,222814369.70000014
2025-08-01 09:23:27 AM,1103.2,10,11032.0,222825401.70000014
2025-08-01 09:23:28 AM,1103.3,8,8826.4,222834228.10000014
2025-08-01 09:23:28 AM,1101.4,0,0.0,222834228.10000014
2025-08-01 09:23:29 AM,1102.9,2341,2581888.9000000004,225416117.00000015
2025-08-01 09:23:30 AM,1102.9,123,135656.7,225551773.70000014
2025-08-01 09:23:30 AM,1102.0,180,198360.0,225750133.70000014
2025-08-01 09:23:31 AM,1102.0,561,618222.0,226368355.70000014
2025-08-01 09:23:31 AM,1102.9,0,0.0,226368355.70000014
2025-08-01 09:23:32 AM,1102.9,208,229403.2,226597758.90000013
2025-08-01 09:23:32 AM,1101.6,0,0.0,226597758.90000013
2025-08-01 09:23:32 AM,1102.9,0,0.0,226597758.90000013
2025-08-01 09:23:33 AM,1102.9,69,76100.1,226673859.00000012
2025-08-01 09:23:35 AM,1102.9,203,223888.7,226897747.7000001
2025-08-01 09:23:35 AM,1102.4,50,55120.00000000001,226952867.7000001
2025-08-01 09:23:35 AM,1101.6,0,0.0,226952867.7000001
2025-08-01 09:23:35 AM,1102.3,0,0.0,226952867.7000001
2025-08-01 09:23:36 AM,1102.3,477,525797.1,227478664.8000001
2025-08-01 09:23:37 AM,1102.3,14,15432.199999999999,227494097.0000001
2025-08-01 09:23:37 AM,1101.8,0,0.0,227494097.0000001
2025-08-01 09:23:37 AM,1101.8,61,67209.8,227561306.8000001
2025-08-01 09:23:38 AM,1102.9,0,0.0,227561306.8000001
2025-08-01 09:23:38 AM,1102.9,986,1087459.4000000001,228648766.2000001
2025-08-01 09:23:39 AM,1102.1,0,0.0,228648766.2000001
2025-08-01 09:23:39 AM,1102.1,78,85963.79999999999,228734730.00000012
2025-08-01 09:23:40 AM,1102.0,0,0.0,228734730.00000012
2025-08-01 09:23:40 AM,1102.0,28,30856.0,228765586.00000012
2025-08-01 09:23:40 AM,1102.3,0,0.0,228765586.00000012
2025-08-01 09:23:41 AM,1102.3,15,16534.5,228782120.50000012
2025-08-01 09:23:41 AM,1103.1,0,0.0,228782120.50000012
2025-08-01 09:23:41 AM,1103.1,52,57361.2,228839481.7000001
2025-08-01 09:23:42 AM,1102.8,0,0.0,228839481.7000001
2025-08-01 09:23:42 AM,1102.8,258,284522.39999999997,229124004.1000001
2025-08-01 09:23:43 AM,1102.1,0,0.0,229124004.1000001
2025-08-01 09:23:43 AM,1102.1,35,38573.5,229162577.6000001
2025-08-01 09:23:44 AM,1102.8,0,0.0,229162577.6000001
2025-08-01 09:23:44 AM,1102.8,7,7719.599999999999,229170297.2000001
2025-08-01 09:23:45 AM,1102.4,5,5512.0,229175809.2000001
2025-08-01 09:23:45 AM,1101.7,1697,1869584.9000000001,231045394.1000001
2025-08-01 09:23:46 AM,1101.4,1,1101.4,231046495.50000012
2025-08-01 09:23:47 AM,1101.2,214,235656.80000000002,231282152.30000013
2025-08-01 09:23:48 AM,1101.9,59,65012.100000000006,231347164.40000013
2025-08-01 09:23:49 AM,1101.6,82,90331.2,231437495.6000001
2025-08-01 09:23:49 AM,1102.5,150,165375.0,231602870.6000001
2025-08-01 09:23:49 AM,1101.9,0,0.0,231602870.6000001
2025-08-01 09:23:50 AM,1101.9,19,20936.100000000002,231623806.7000001
2025-08-01 09:23:50 AM,1101.9,16,17630.4,231641437.1000001
2025-08-01 09:23:51 AM,1102.1,24,26450.399999999998,231667887.50000012
2025-08-01 09:23:52 AM,1102.1,86,94780.59999999999,231762668.1000001
2025-08-01 09:23:52 AM,1102.2,236,260119.2,232022787.3000001
2025-08-01 09:23:53 AM,1101.7,46,50678.200000000004,232073465.5000001
2025-08-01 09:23:54 AM,1101.7,5,5508.5,232078974.0000001
2025-08-01 09:23:54 AM,1102.8,178,196298.4,232275272.4000001
2025-08-01 09:23:55 AM,1101.8,623,686421.4,232961693.8000001
2025-08-01 09:23:56 AM,1102.0,1,1102.0,232962795.8000001
2025-08-01 09:23:57 AM,1102.5,204,224910.0,233187705.8000001
2025-08-01 09:23:57 AM,1101.4,0,0.0,233187705.8000001
2025-08-01 09:23:58 AM,1101.9,725,798877.5000000001,233986583.3000001
2025-08-01 09:23:58 AM,1101.8,15,16527.0,234003110.3000001
2025-08-01 09:23:58 AM,1101.7,0,0.0,234003110.3000001
2025-08-01 09:23:59 AM,1101.8,315,347067.0,234350177.3000001
2025-08-01 09:23:59 AM,1101.7,111,122288.70000000001,234472466.0000001
2025-08-01 09:23:59 AM,1101.0,0,0.0,234472466.0000001
2025-08-01 09:24:00 AM,1101.0,100,110100.0,234582566.0000001
2025-08-01 09:24:00 AM,1102.8,0,0.0,234582566.0000001
2025-08-01 09:24:01 AM,1102.8,229,252541.19999999998,234835107.20000008
2025-08-01 09:24:02 AM,1102.8,100,110280.0,234945387.20000008
2025-08-01 09:24:02 AM,1102.4,0,0.0,234945387.20000008
2025-08-01 09:24:03 AM,1102.0,93,102486.0,235047873.20000008
2025-08-01 09:24:03 AM,1103.1,719,793128.8999999999,235841002.10000008
2025-08-01 09:24:03 AM,1103.3,0,0.0,235841002.10000008
2025-08-01 09:24:04 AM,1103.3,41,45235.299999999996,235886237.4000001
2025-08-01 09:24:04 AM,1102.7,7,7718.900000000001,235893956.3000001
2025-08-01 09:24:05 AM,1102.6,69,76079.4,235970035.7000001
2025-08-01 09:24:06 AM,1102.2,85,93687.0,236063722.7000001
2025-08-01 09:24:06 AM,1102.0,0,0.0,236063722.7000001
2025-08-01 09:24:07 AM,1102.8,178,196298.4,236260021.1000001
2025-08-01 09:24:08 AM,1103.1,0,0.0,236260021.1000001
2025-08-01 09:24:08 AM,1103.1,12,13237.199999999999,236273258.3000001
2025-08-01 09:24:09 AM,1102.1,0,0.0,236273258.3000001
2025-08-01 09:24:10 AM,1102.0,245,269990.0,236543248.3000001
2025-08-01 09:24:10 AM,1102.7,0,0.0,236543248.3000001
2025-08-01 09:24:10 AM,1103.1,0,0.0,236543248.3000001
2025-08-01 09:24:11 AM,1103.1,79,87144.9,236630393.2000001
2025-08-01 09:24:11 AM,1102.8,0,0.0,236630393.2000001
2025-08-01 09:24:11 AM,1103.1,0,0.0,236630393.2000001
2025-08-01 09:24:12 AM,1103.1,30,33093.0,236663486.2000001
2025-08-01 09:24:12 AM,1103.0,1,1103.0,236664589.2000001
2025-08-01 09:24:12 AM,1103.4,0,0.0,236664589.2000001
2025-08-01 09:24:12 AM,1103.0,0,0.0,236664589.2000001
2025-08-01 09:24:13 AM,1103.0,53,58459.0,236723048.2000001
2025-08-01 09:24:13 AM,1103.0,32,35296.0,236758344.2000001
2025-08-01 09:24:13 AM,1103.1,0,0.0,236758344.2000001
2025-08-01 09:24:14 AM,1103.1,60,66186.0,236824530.2000001
2025-08-01 09:24:15 AM,1103.0,0,0.0,236824530.2000001
2025-08-01 09:24:16 AM,1103.0,30,33090.0,236857620.2000001
2025-08-01 09:24:16 AM,1103.0,31,34193.0,236891813.2000001
2025-08-01 09:24:17 AM,1103.5,0,0.0,236891813.2000001
2025-08-01 09:24:18 AM,1103.5,1187,1309854.5,238201667.7000001
2025-08-01 09:24:18 AM,1103.1,0,0.0,238201667.7000001
2025-08-01 09:24:19 AM,1103.1,100,110309.99999999999,238311977.7000001
2025-08-01 09:24:19 AM,1103.1,93,102588.29999999999,238414566.00000012
2025-08-01 09:24:20 AM,1103.7,73,80570.1,238495136.1000001
2025-08-01 09:24:21 AM,1103.1,25,27577.499999999996,238522713.6000001
2025-08-01 09:24:22 AM,1103.3,0,0.0,238522713.6000001
2025-08-01 09:24:22 AM,1103.3,15,16549.5,238539263.1000001
2025-08-01 09:24:24 AM,1103.8,228,251666.4,238790929.50000012
2025-08-01 09:24:24 AM,1105.1,0,0.0,238790929.50000012
2025-08-01 09:24:24 AM,1105.1,2837,3135168.6999999997,241926098.2000001
2025-08-01 09:24:25 AM,1103.6,5,5518.0,241931616.2000001
2025-08-01 09:24:25 AM,1104.1,0,0.0,241931616.2000001
2025-08-01 09:24:25 AM,1104.1,1237,1365771.7,243297387.9000001
2025-08-01 09:24:26 AM,1103.3,123,135705.9,243433093.8000001
2025-08-01 09:24:26 AM,1104.8,0,0.0,243433093.8000001
2025-08-01 09:24:26 AM,1104.8,1227,1355589.5999999999,244788683.4000001
2025-08-01 09:24:27 AM,1103.2,909,1002808.8,245791492.2000001
2025-08-01 09:24:27 AM,1102.6,0,0.0,245791492.2000001
2025-08-01 09:24:27 AM,1103.9,1253,1383186.7000000002,247174678.9000001
2025-08-01 09:24:28 AM,1102.2,555,611721.0,247786399.9000001
2025-08-01 09:24:28 AM,1102.2,121,133366.2,247919766.10000008
2025-08-01 09:24:28 AM,1102.7,0,0.0,247919766.10000008
2025-08-01 09:24:29 AM,1102.7,200,220540.0,248140306.10000008
2025-08-01 09:24:29 AM,1102.7,10,11027.0,248151333.10000008
2025-08-01 09:24:31 AM,1102.7,2,2205.4,248153538.5000001
2025-08-01 09:24:33 AM,1103.2,548,604553.6,248758092.10000008
2025-08-01 09:24:33 AM,1102.6,50,55129.99999999999,248813222.10000008
2025-08-01 09:24:34 AM,1102.9,568,626447.2000000001,249439669.30000007
2025-08-01 09:24:34 AM,1102.7,0,0.0,249439669.30000007
2025-08-01 09:24:35 AM,1102.7,500,551350.0,249991019.30000007
2025-08-01 09:24:35 AM,1102.7,550,606485.0,250597504.30000007
2025-08-01 09:24:35 AM,1102.8,0,0.0,250597504.30000007
2025-08-01 09:24:36 AM,1102.9,558,615418.2000000001,251212922.50000006
2025-08-01 09:24:36 AM,1103.0,2,2206.0,251215128.50000006
2025-08-01 09:24:37 AM,1103.0,22,24266.0,251239394.50000006
2025-08-01 09:24:37 AM,1104.1,0,0.0,251239394.50000006
2025-08-01 09:24:38 AM,1102.8,1236,1363060.8,252602455.30000007
2025-08-01 09:24:38 AM,1103.0,66,72798.0,252675253.30000007
2025-08-01 09:24:38 AM,1103.1,0,0.0,252675253.30000007
2025-08-01 09:24:39 AM,1103.5,226,249391.0,252924644.30000007
2025-08-01 09:24:40 AM,1102.9,0,0.0,252924644.30000007
2025-08-01 09:24:41 AM,1103.3,454,500898.19999999995,253425542.50000006
2025-08-01 09:24:41 AM,1102.6,1074,1184192.4,254609734.90000007
2025-08-01 09:24:42 AM,1102.4,384,423321.60000000003,255033056.50000006
2025-08-01 09:24:42 AM,1101.5,262,288593.0,255321649.50000006
2025-08-01 09:24:42 AM,1101.1,0,0.0,255321649.50000006
2025-08-01 09:24:43 AM,1102.5,1743,1921657.5,257243307.00000006
2025-08-01 09:24:44 AM,1101.4,46,50664.4,257293971.40000007
2025-08-01 09:24:44 AM,1101.1,0,0.0,257293971.40000007
2025-08-01 09:24:45 AM,1101.4,135,148689.0,257442660.40000007
2025-08-01 09:24:45 AM,1101.4,1,1101.4,257443761.80000007
2025-08-01 09:24:46 AM,1101.4,1,1101.4,257444863.20000008
2025-08-01 09:24:47 AM,1101.5,100,110150.0,257555013.20000008
2025-08-01 09:24:47 AM,1101.0,0,0.0,257555013.20000008
2025-08-01 09:24:47 AM,1101.2,0,0.0,257555013.20000008
2025-08-01 09:24:48 AM,1101.2,1072,1180486.4000000001,258735499.60000008
2025-08-01 09:24:48 AM,1101.0,59,64959.0,258800458.60000008
2025-08-01 09:24:49 AM,1101.5,6,6609.0,258807067.60000008
2025-08-01 09:24:50 AM,1101.4,228,251119.2,259058186.80000007
2025-08-01 09:24:50 AM,1101.1,0,0.0,259058186.80000007
2025-08-01 09:24:51 AM,1101.1,284,312712.39999999997,259370899.20000008
2025-08-01 09:24:52 AM,1101.0,624,687024.0,260057923.20000008
2025-08-01 09:24:52 AM,1101.5,0,0.0,260057923.20000008
2025-08-01 09:24:53 AM,1101.8,927,1021368.6,261079291.80000007
2025-08-01 09:24:53 AM,1101.1,0,0.0,261079291.80000007
2025-08-01 09:24:54 AM,1101.1,39,42942.899999999994,261122234.70000008
2025-08-01 09:24:54 AM,1101.0,8,8808.0,261131042.70000008
2025-08-01 09:24:54 AM,1101.1,0,0.0,261131042.70000008
2025-08-01 09:24:55 AM,1101.1,20,22022.0,261153064.70000008
2025-08-01 09:24:55 AM,1101.2,0,0.0,261153064.70000008
2025-08-01 09:24:55 AM,1101.8,0,0.0,261153064.70000008
2025-08-01 09:24:56 AM,1101.8,19,20934.2,261173998.90000007
2025-08-01 09:24:56 AM,1101.8,227,250108.59999999998,261424107.50000006
2025-08-01 09:24:57 AM,1101.8,164,180695.19999999998,261604802.70000005
2025-08-01 09:24:57 AM,1101.8,10,11018.0,261615820.70000005
2025-08-01 09:24:57 AM,1101.2,0,0.0,261615820.70000005
2025-08-01 09:24:58 AM,1101.2,22,24226.4,261640047.10000005
2025-08-01 09:24:58 AM,1102.2,0,0.0,261640047.10000005
2025-08-01 09:24:58 AM,1102.2,493,543384.6,262183431.70000005
2025-08-01 09:24:59 AM,1102.2,50,55110.0,262238541.70000005
2025-08-01 09:24:59 AM,1102.2,1,1102.2,262239643.90000004
2025-08-01 09:25:00 AM,1102.7,0,0.0,262239643.90000004
2025-08-01 09:25:01 AM,1102.7,1,1102.7,262240746.60000002
2025-08-01 09:25:01 AM,1102.4,0,0.0,262240746.60000002
2025-08-01 09:25:02 AM,1102.5,128,141120.0,262381866.60000002
2025-08-01 09:25:03 AM,1102.7,88,97037.6,262478904.20000002
2025-08-01 09:25:04 AM,1102.7,22,24259.4,262503163.60000002
2025-08-01 09:25:05 AM,1102.2,270,297594.0,262800757.60000002
2025-08-01 09:25:05 AM,1102.0,0,0.0,262800757.60000002
2025-08-01 09:25:06 AM,1102.0,48,52896.0,262853653.60000002
2025-08-01 09:25:06 AM,1102.4,0,0.0,262853653.60000002
2025-08-01 09:25:06 AM,1101.6,83,91432.79999999999,262945086.40000004
2025-08-01 09:25:08 AM,1101.5,0,0.0,262945086.40000004
2025-08-01 09:25:09 AM,1102.3,821,904988.2999999999,263850074.70000005
2025-08-01 09:25:10 AM,1102.2,55,60621.0,263910695.70000005
2025-08-01 09:25:12 AM,1102.2,114,125650.8,264036346.50000006
2025-08-01 09:25:12 AM,1102.1,0,0.0,264036346.50000006
2025-08-01 09:25:13 AM,1102.1,5,5510.5,264041857.00000006
2025-08-01 09:25:14 AM,1102.1,10,11021.0,264052878.00000006
2025-08-01 09:25:15 AM,1102.0,10,11020.0,264063898.00000006
2025-08-01 09:25:15 AM,1101.7,0,0.0,264063898.00000006
2025-08-01 09:25:16 AM,1101.7,68,74915.6,264138813.60000005
2025-08-01 09:25:16 AM,1101.4,41,45157.4,264183971.00000006
2025-08-01 09:25:17 AM,1101.2,15,16518.0,264200489.00000006
2025-08-01 09:25:17 AM,1101.2,30,33036.0,264233525.00000006
2025-08-01 09:25:18 AM,1101.1,100,110109.99999999999,264343635.00000006
2025-08-01 09:25:18 AM,1101.4,0,0.0,264343635.00000006
2025-08-01 09:25:18 AM,1101.4,200,220280.00000000003,264563915.00000006
2025-08-01 09:25:19 AM,1101.6,200,220319.99999999997,264784235.00000006
2025-08-01 09:25:20 AM,1101.3,1,1101.3,264785336.30000007
2025-08-01 09:25:21 AM,1101.3,11,12114.3,264797450.60000008
2025-08-01 09:25:21 AM,1102.0,0,0.0,264797450.60000008
2025-08-01 09:25:21 AM,1102.0,1153,1270606.0,266068056.60000008
2025-08-01 09:25:23 AM,1102.0,50,55100.0,266123156.60000008
2025-08-01 09:25:23 AM,1101.6,0,0.0,266123156.60000008
2025-08-01 09:25:24 AM,1102.0,93,102486.0,266225642.60000008
2025-08-01 09:25:24 AM,1101.5,0,0.0,266225642.60000008
2025-08-01 09:25:25 AM,1101.5,224,246736.0,266472378.60000008
2025-08-01 09:25:25 AM,1102.0,0,0.0,266472378.60000008
2025-08-01 09:25:26 AM,1101.8,49,53988.2,266526366.80000007
2025-08-01 09:25:26 AM,1101.9,0,0.0,266526366.80000007
2025-08-01 09:25:27 AM,1101.8,257,283162.6,266809529.40000007
2025-08-01 09:25:27 AM,1102.4,475,523640.00000000006,267333169.40000007
2025-08-01 09:25:27 AM,1102.7,0,0.0,267333169.40000007
2025-08-01 09:25:27 AM,1102.3,0,0.0,267333169.40000007
2025-08-01 09:25:28 AM,1102.3,16,17636.8,267350806.20000008
2025-08-01 09:25:29 AM,1102.2,34,37474.8,267388281.0000001
2025-08-01 09:25:30 AM,1102.4,0,0.0,267388281.0000001
2025-08-01 09:25:31 AM,1102.4,50,55120.00000000001,267443401.0000001
2025-08-01 09:25:31 AM,1102.1,12,13225.199999999999,267456626.20000008
2025-08-01 09:25:31 AM,1102.2,0,0.0,267456626.20000008
2025-08-01 09:25:32 AM,1102.8,60,66168.0,267522794.20000008
2025-08-01 09:25:33 AM,1102.3,0,0.0,267522794.20000008
2025-08-01 09:25:33 AM,1102.3,15,16534.5,267539328.70000008
2025-08-01 09:25:34 AM,1102.2,0,0.0,267539328.70000008
2025-08-01 09:25:34 AM,1102.0,0,0.0,267539328.70000008
2025-08-01 09:25:35 AM,1102.0,105,115710.0,267655038.70000008
2025-08-01 09:25:35 AM,1102.2,20,22044.0,267677082.70000008
2025-08-01 09:25:35 AM,1101.0,0,0.0,267677082.70000008
2025-08-01 09:25:36 AM,1100.9,2463,2711516.7,270388599.4000001
2025-08-01 09:25:36 AM,1100.6,0,0.0,270388599.4000001
2025-08-01 09:25:36 AM,1100.7,0,0.0,270388599.4000001
2025-08-01 09:25:37 AM,1100.7,33,36323.1,270424922.5000001
2025-08-01 09:25:37 AM,1101.3,0,0.0,270424922.5000001
2025-08-01 09:25:38 AM,1101.3,1071,1179492.3,271604414.80000013
2025-08-01 09:25:38 AM,1101.9,0,0.0,271604414.80000013
2025-08-01 09:25:39 AM,1101.9,5,5509.5,271609924.30000013
2025-08-01 09:25:40 AM,1100.9,113,124401.70000000001,271734326.0000001
2025-08-01 09:25:40 AM,1100.7,0,0.0,271734326.0000001
2025-08-01 09:25:41 AM,1100.9,8,8807.2,271743133.2000001
2025-08-01 09:25:41 AM,1100.9,351,386415.9,272129549.1000001
2025-08-01 09:25:41 AM,1101.7,0,0.0,272129549.1000001
2025-08-01 09:25:42 AM,1101.7,447,492459.9,272622009.00000006
2025-08-01 09:25:42 AM,1100.8,259,285107.2,272907116.20000005
2025-08-01 09:25:43 AM,1100.6,0,0.0,272907116.20000005
2025-08-01 09:25:43 AM,1100.6,30,33018.0,272940134.20000005
2025-08-01 09:25:43 AM,1100.1,0,0.0,272940134.20000005
2025-08-01 09:25:44 AM,1100.1,851,936185.1,273876319.3000001
2025-08-01 09:25:44 AM,1100.8,0,0.0,273876319.3000001
2025-08-01 09:25:44 AM,1100.8,101,111180.79999999999,273987500.1000001
2025-08-01 09:25:45 AM,1100.5,6,6603.0,273994103.1000001
2025-08-01 09:25:46 AM,1100.5,70,77035.0,274071138.1000001
2025-08-01 09:25:46 AM,1100.5,1,1100.5,274072238.6000001
2025-08-01 09:25:46 AM,1100.1,0,0.0,274072238.6000001
2025-08-01 09:25:47 AM,1100.1,154,169415.4,274241654.00000006
2025-08-01 09:25:47 AM,1100.5,0,0.0,274241654.00000006
2025-08-01 09:25:48 AM,1100.7,174,191521.80000000002,274433175.8000001
2025-08-01 09:25:48 AM,1100.2,0,0.0,274433175.8000001
2025-08-01 09:25:49 AM,1100.7,35,38524.5,274471700.3000001
2025-08-01 09:25:49 AM,1100.5,0,0.0,274471700.3000001
2025-08-01 09:25:49 AM,1100.0,0,0.0,274471700.3000001
2025-08-01 09:25:50 AM,1099.2,3909,4296772.8,278768473.1000001
2025-08-01 09:25:50 AM,1099.0,51,56049.0,278824522.1000001
2025-08-01 09:25:50 AM,1099.3,0,0.0,278824522.1000001
2025-08-01 09:25:51 AM,1099.3,179,196774.69999999998,279021296.8000001
2025-08-01 09:25:51 AM,1099.5,0,0.0,279021296.8000001
2025-08-01 09:25:52 AM,1099.5,110,120945.0,279142241.8000001
2025-08-01 09:25:52 AM,1099.5,51,56074.5,279198316.3000001
2025-08-01 09:25:52 AM,1098.8,0,0.0,279198316.3000001
2025-08-01 09:25:53 AM,1099.0,851,935249.0,280133565.3000001
2025-08-01 09:25:53 AM,1099.7,52,57184.4,280190749.70000005
2025-08-01 09:25:54 AM,1099.5,0,0.0,280190749.70000005
2025-08-01 09:25:55 AM,1099.5,200,219900.0,280410649.70000005
2025-08-01 09:25:55 AM,1098.9,83,91208.70000000001,280501858.40000004
2025-08-01 09:25:55 AM,1099.1,0,0.0,280501858.40000004
2025-08-01 09:25:56 AM,1099.5,292,321054.0,280822912.40000004
2025-08-01 09:25:56 AM,1099.1,199,218720.9,281041633.3
2025-08-01 09:25:57 AM,1099.5,0,0.0,281041633.3
2025-08-01 09:25:57 AM,1099.5,258,283671.0,281325304.3
2025-08-01 09:25:57 AM,1099.4,0,0.0,281325304.3
2025-08-01 09:25:58 AM,1099.3,355,390251.5,281715555.8
2025-08-01 09:25:59 AM,1099.1,26,28576.6,281744132.40000004
2025-08-01 09:26:00 AM,1099.1,36,39567.6,281783700.00000006
2025-08-01 09:26:00 AM,1099.0,50,54950.0,281838650.00000006
2025-08-01 09:26:01 AM,1099.4,282,310030.80000000005,282148680.8000001
2025-08-01 09:26:01 AM,1099.0,0,0.0,282148680.8000001
2025-08-01 09:26:02 AM,1099.5,19,20890.5,282169571.3000001
2025-08-01 09:26:03 AM,1099.0,2,2198.0,282171769.3000001
2025-08-01 09:26:04 AM,1099.1,1159,1273856.9,283445626.20000005
2025-08-01 09:26:05 AM,1098.9,213,234065.7,283679691.90000004
2025-08-01 09:26:06 AM,1099.1,30,32973.0,283712664.90000004
2025-08-01 09:26:08 AM,1099.1,73,80234.29999999999,283792899.20000005
2025-08-01 09:26:08 AM,1098.0,1120,1229760.0,285022659.20000005
2025-08-01 09:26:08 AM,1098.3,0,0.0,285022659.20000005
2025-08-01 09:26:09 AM,1098.3,25,27457.5,285050116.70000005
2025-08-01 09:26:10 AM,1098.3,26,28555.8,285078672.50000006
2025-08-01 09:26:10 AM,1098.3,27,29654.1,285108326.6000001
2025-08-01 09:26:11 AM,1098.3,28,30752.399999999998,285139079.00000006
2025-08-01 09:26:11 AM,1098.2,0,0.0,285139079.00000006
2025-08-01 09:26:12 AM,1098.2,21,23062.2,285162141.20000005
2025-08-01 09:26:12 AM,1098.3,381,418452.3,285580593.50000006
2025-08-01 09:26:12 AM,1098.0,0,0.0,285580593.50000006
2025-08-01 09:26:13 AM,1098.2,30,32946.0,285613539.50000006
2025-08-01 09:26:14 AM,1098.7,258,283464.60000000003,285897004.1000001
2025-08-01 09:26:14 AM,1098.5,3,3295.5,285900299.6000001
2025-08-01 09:26:15 AM,1098.5,1,1098.5,285901398.1000001
2025-08-01 09:26:15 AM,1098.7,120,131844.0,286033242.1000001
2025-08-01 09:26:15 AM,1098.2,0,0.0,286033242.1000001
2025-08-01 09:26:16 AM,1098.2,5,5491.0,286038733.1000001
2025-08-01 09:26:16 AM,1098.7,34,37355.8,286076088.9000001
2025-08-01 09:26:16 AM,1097.5,0,0.0,286076088.9000001
2025-08-01 09:26:17 AM,1097.5,1189,1304927.5,287381016.4000001
2025-08-01 09:26:18 AM,1097.8,0,0.0,287381016.4000001
2025-08-01 09:26:19 AM,1097.5,74,81215.0,287462231.4000001
2025-08-01 09:26:19 AM,1098.0,0,0.0,287462231.4000001
2025-08-01 09:26:20 AM,1098.0,13,14274.0,287476505.4000001
2025-08-01 09:26:20 AM,1098.1,159,174597.9,287651103.3000001
2025-08-01 09:26:20 AM,1098.4,0,0.0,287651103.3000001
2025-08-01 09:26:21 AM,1098.4,6,6590.400000000001,287657693.70000005
2025-08-01 09:26:21 AM,1098.4,10,10984.0,287668677.70000005
2025-08-01 09:26:21 AM,1098.9,0,0.0,287668677.70000005
2025-08-01 09:26:22 AM,1098.9,125,137362.5,287806040.20000005
2025-08-01 09:26:22 AM,1098.5,29,31856.5,287837896.70000005
2025-08-01 09:26:23 AM,1098.3,18,19769.399999999998,287857666.1
2025-08-01 09:26:23 AM,1098.3,5,5491.5,287863157.6
2025-08-01 09:26:23 AM,1098.1,0,0.0,287863157.6
2025-08-01 09:26:24 AM,1098.1,200,219619.99999999997,288082777.6
2025-08-01 09:26:24 AM,1098.0,251,275598.0,288358375.6
2025-08-01 09:26:25 AM,1098.4,93,102151.20000000001,288460526.8
2025-08-01 09:26:26 AM,1098.1,512,562227.2,289022754.0
2025-08-01 09:26:27 AM,1098.1,20,21962.0,289044716.0
2025-08-01 09:26:27 AM,1098.1,1,1098.1,289045814.1
2025-08-01 09:26:29 AM,1098.1,220,241581.99999999997,289287396.1
2025-08-01 09:26:29 AM,1098.1,5,5490.5,289292886.6
2025-08-01 09:26:30 AM,1098.8,3,3296.3999999999996,289296183.0
2025-08-01 09:26:30 AM,1098.1,0,0.0,289296183.0
2025-08-01 09:26:30 AM,1098.1,24,26354.399999999998,289322537.4
2025-08-01 09:26:31 AM,1097.8,195,214071.0,289536608.4
2025-08-01 09:26:31 AM,1098.1,1,1098.1,289537706.5
2025-08-01 09:26:32 AM,1098.1,174,191069.4,289728775.9
2025-08-01 09:26:32 AM,1099.0,500,549500.0,290278275.9
2025-08-01 09:26:33 AM,1098.9,9,9890.1,290288166.0
2025-08-01 09:26:33 AM,1098.1,0,0.0,290288166.0
2025-08-01 09:26:34 AM,1099.0,24,26376.0,290314542.0
2025-08-01 09:26:34 AM,1099.2,0,0.0,290314542.0
2025-08-01 09:26:35 AM,1099.8,14,15397.199999999999,290329939.2
2025-08-01 09:26:35 AM,1099.2,25,27480.0,290357419.2
2025-08-01 09:26:36 AM,1099.8,5,5499.0,290362918.2
2025-08-01 09:26:36 AM,1099.7,34,37389.8,290400308.0
2025-08-01 09:26:37 AM,1099.0,62,68138.0,290468446.0
2025-08-01 09:26:37 AM,1099.9,0,0.0,290468446.0
2025-08-01 09:26:38 AM,1099.6,156,171537.59999999998,290639983.6
2025-08-01 09:26:38 AM,1099.1,0,0.0,290639983.6
2025-08-01 09:26:39 AM,1099.1,30,32973.0,290672956.6
2025-08-01 09:26:40 AM,1099.1,644,707820.3999999999,291380777.0
2025-08-01 09:26:40 AM,1099.2,0,0.0,291380777.0
2025-08-01 09:26:41 AM,1099.8,42,46191.6,291426968.6
2025-08-01 09:26:42 AM,1099.8,19,20896.2,291447864.8
2025-08-01 09:26:42 AM,1099.0,30,32970.0,291480834.8
2025-08-01 09:26:43 AM,1098.9,80,87912.0,291568746.8
2025-08-01 09:26:43 AM,1099.0,20,21980.0,291590726.8
2025-08-01 09:26:43 AM,1098.7,0,0.0,291590726.8
2025-08-01 09:26:44 AM,1098.7,19,20875.3,291611602.1
2025-08-01 09:26:45 AM,1098.7,38,41750.6,291653352.70000005
2025-08-01 09:26:45 AM,1098.8,0,0.0,291653352.70000005
2025-08-01 09:26:46 AM,1098.8,35,38458.0,291691810.70000005
2025-08-01 09:26:47 AM,1098.8,62,68125.59999999999,291759936.3000001
2025-08-01 09:26:47 AM,1099.2,0,0.0,291759936.3000001
2025-08-01 09:26:48 AM,1100.0,1261,1387100.0,293147036.3000001
2025-08-01 09:26:49 AM,1100.2,10,11002.0,293158038.3000001
2025-08-01 09:26:50 AM,1100.7,125,137587.5,293295625.8000001
2025-08-01 09:26:50 AM,1100.3,0,0.0,293295625.8000001
2025-08-01 09:26:51 AM,1100.3,100,110030.0,293405655.8000001
2025-08-01 09:26:52 AM,1100.1,0,0.0,293405655.8000001
2025-08-01 09:26:53 AM,1100.0,76,83600.0,293489255.8000001
2025-08-01 09:26:54 AM,1100.0,4,4400.0,293493655.8000001
2025-08-01 09:26:55 AM,1099.8,57,62688.6,293556344.4000001
2025-08-01 09:26:56 AM,1100.0,0,0.0,293556344.4000001
2025-08-01 09:26:56 AM,1099.6,0,0.0,293556344.4000001
2025-08-01 09:26:57 AM,1099.6,11,12095.599999999999,293568440.0000001
2025-08-01 09:26:58 AM,1100.0,0,0.0,293568440.0000001
2025-08-01 09:26:58 AM,1099.6,0,0.0,293568440.0000001
2025-08-01 09:26:59 AM,1099.6,86,94565.59999999999,293663005.60000014
2025-08-01 09:27:00 AM,1100.0,1,1100.0,293664105.60000014
2025-08-01 09:27:02 AM,1100.3,24,26407.199999999997,293690512.80000013
2025-08-01 09:27:02 AM,1100.8,0,0.0,293690512.80000013
2025-08-01 09:27:02 AM,1101.9,0,0.0,293690512.80000013
2025-08-01 09:27:03 AM,1101.9,101,111291.90000000001,293801804.7000001
2025-08-01 09:27:04 AM,1101.0,6,6606.0,293808410.7000001
2025-08-01 09:27:04 AM,1100.6,15,16509.0,293824919.7000001
2025-08-01 09:27:05 AM,1100.6,37,40722.2,293865641.9000001
2025-08-01 09:27:06 AM,1100.6,2,2201.2,293867843.1000001
2025-08-01 09:27:06 AM,1100.7,27,29718.9,293897562.00000006
2025-08-01 09:27:06 AM,1100.4,0,0.0,293897562.00000006
2025-08-01 09:27:07 AM,1100.6,182,200309.19999999998,294097871.20000005
2025-08-01 09:27:07 AM,1099.6,0,0.0,294097871.20000005
2025-08-01 09:27:08 AM,1100.1,115,126511.49999999999,294224382.70000005
2025-08-01 09:27:08 AM,1100.0,10,11000.0,294235382.70000005
2025-08-01 09:27:09 AM,1099.7,16,17595.2,294252977.90000004
2025-08-01 09:27:09 AM,1100.0,50,55000.0,294307977.90000004
2025-08-01 09:27:09 AM,1100.1,0,0.0,294307977.90000004
2025-08-01 09:27:10 AM,1100.9,100,110090.00000000001,294418067.90000004
2025-08-01 09:27:11 AM,1099.9,260,285974.0,294704041.90000004
2025-08-01 09:27:12 AM,1099.2,290,318768.0,295022809.90000004
2025-08-01 09:27:13 AM,1099.9,217,238678.30000000002,295261488.20000005
2025-08-01 09:27:13 AM,1100.0,0,0.0,295261488.20000005
2025-08-01 09:27:14 AM,1100.0,100,110000.0,295371488.20000005
2025-08-01 09:27:15 AM,1099.9,68,74793.20000000001,295446281.40000004
2025-08-01 09:27:15 AM,1099.9,5,5499.5,295451780.90000004
2025-08-01 09:27:16 AM,1099.9,5,5499.5,295457280.40000004
2025-08-01 09:27:17 AM,1100.0,0,0.0,295457280.40000004
2025-08-01 09:27:18 AM,1098.1,752,825771.2,296283051.6
2025-08-01 09:27:18 AM,1098.8,0,0.0,296283051.6
2025-08-01 09:27:19 AM,1099.2,109,119812.8,296402864.40000004
2025-08-01 09:27:19 AM,1099.0,0,0.0,296402864.40000004
2025-08-01 09:27:20 AM,1098.1,187,205344.69999999998,296608209.1
2025-08-01 09:27:21 AM,1098.1,537,589679.7,297197888.8
2025-08-01 09:27:21 AM,1098.1,1,1098.1,297198986.90000004
2025-08-01 09:27:22 AM,1098.1,232,254759.19999999998,297453746.1
2025-08-01 09:27:22 AM,1099.3,0,0.0,297453746.1
2025-08-01 09:27:23 AM,1099.3,76,83546.8,297537292.90000004
2025-08-01 09:27:24 AM,1098.7,0,0.0,297537292.90000004
2025-08-01 09:27:25 AM,1098.7,9,9888.300000000001,297547181.20000005
2025-08-01 09:27:25 AM,1099.3,0,0.0,297547181.20000005
2025-08-01 09:27:26 AM,1099.3,202,222058.59999999998,297769239.8000001
2025-08-01 09:27:26 AM,1098.7,0,0.0,297769239.8000001
2025-08-01 09:27:27 AM,1098.7,55,60428.5,297829668.3000001
2025-08-01 09:27:27 AM,1098.5,0,0.0,297829668.3000001
2025-08-01 09:27:28 AM,1098.5,150,164775.0,297994443.3000001
2025-08-01 09:27:29 AM,1098.5,8,8788.0,298003231.3000001
2025-08-01 09:27:29 AM,1098.5,4,4394.0,298007625.3000001
2025-08-01 09:27:29 AM,1098.3,0,0.0,298007625.3000001
2025-08-01 09:27:30 AM,1098.0,147,161406.0,298169031.3000001
2025-08-01 09:27:30 AM,1097.5,0,0.0,298169031.3000001
2025-08-01 09:27:31 AM,1097.8,427,468760.6,298637791.9000001
2025-08-01 09:27:32 AM,1098.0,1,1098.0,298638889.9000001
2025-08-01 09:27:32 AM,1098.2,0,0.0,298638889.9000001
2025-08-01 09:27:33 AM,1098.6,5,5493.0,298644382.9000001
2025-08-01 09:27:33 AM,1098.7,0,0.0,298644382.9000001
2025-08-01 09:27:34 AM,1098.7,30,32961.0,298677343.9000001
2025-08-01 09:27:34 AM,1098.8,123,135152.4,298812496.3000001
2025-08-01 09:27:34 AM,1098.7,0,0.0,298812496.3000001
2025-08-01 09:27:35 AM,1098.7,1,1098.7,298813595.00000006
2025-08-01 09:27:35 AM,1098.7,1,1098.7,298814693.70000005
2025-08-01 09:27:36 AM,1098.8,59,64829.2,298879522.90000004
2025-08-01 09:27:36 AM,1099.7,0,0.0,298879522.90000004
2025-08-01 09:27:36 AM,1099.1,0,0.0,298879522.90000004
2025-08-01 09:27:37 AM,1099.1,47,51657.7,298931180.6
2025-08-01 09:27:37 AM,1099.1,14,15387.399999999998,298946568.0
2025-08-01 09:27:37 AM,1099.6,0,0.0,298946568.0
2025-08-01 09:27:38 AM,1099.6,109,119856.4,299066424.4
2025-08-01 09:27:40 AM,1099.6,150,164940.0,299231364.4
2025-08-01 09:27:41 AM,1099.0,1,1099.0,299232463.4
2025-08-01 09:27:41 AM,1098.4,143,157071.2,299389534.59999996
2025-08-01 09:27:43 AM,1099.3,2030,2231579.0,301621113.59999996
2025-08-01 09:27:43 AM,1098.6,0,0.0,301621113.59999996
2025-08-01 09:27:43 AM,1099.2,0,0.0,301621113.59999996
2025-08-01 09:27:44 AM,1099.3,38,41773.4,301662886.99999994
2025-08-01 09:27:45 AM,1098.8,45,49446.0,301712332.99999994
2025-08-01 09:27:45 AM,1099.5,5,5497.5,301717830.49999994
2025-08-01 09:27:46 AM,1098.8,27,29667.6,301747498.09999996
2025-08-01 09:27:46 AM,1098.5,0,0.0,301747498.09999996
2025-08-01 09:27:47 AM,1098.5,34,37349.0,301784847.09999996
2025-08-01 09:27:47 AM,1098.4,0,0.0,301784847.09999996
2025-08-01 09:27:48 AM,1098.4,2104,2311033.6,304095880.7
2025-08-01 09:27:48 AM,1098.5,0,0.0,304095880.7
2025-08-01 09:27:49 AM,1097.0,1026,1125522.0,305221402.7
2025-08-01 09:27:49 AM,1096.5,98,107457.0,305328859.7
2025-08-01 09:27:49 AM,1097.4,0,0.0,305328859.7
2025-08-01 09:27:50 AM,1097.4,329,361044.60000000003,305689904.3
2025-08-01 09:27:50 AM,1097.5,2,2195.0,305692099.3
2025-08-01 09:27:50 AM,1098.0,0,0.0,305692099.3
2025-08-01 09:27:50 AM,1097.9,0,0.0,305692099.3
2025-08-01 09:27:51 AM,1097.9,32,35132.8,305727232.1
2025-08-01 09:27:51 AM,1097.4,200,219480.00000000003,305946712.1
2025-08-01 09:27:51 AM,1098.6,0,0.0,305946712.1
2025-08-01 09:27:52 AM,1098.6,312,342763.19999999995,306289475.3
2025-08-01 09:27:52 AM,1098.3,20,21966.0,306311441.3
2025-08-01 09:27:52 AM,1098.6,0,0.0,306311441.3
2025-08-01 09:27:53 AM,1098.6,50,54929.99999999999,306366371.3
2025-08-01 09:27:54 AM,1098.6,20,21972.0,306388343.3
2025-08-01 09:27:55 AM,1098.6,1053,1156825.7999999998,307545169.1
2025-08-01 09:27:56 AM,1098.2,220,241604.0,307786773.1
2025-08-01 09:27:56 AM,1098.4,0,0.0,307786773.1
2025-08-01 09:27:57 AM,1098.4,29,31853.600000000002,307818626.70000005
2025-08-01 09:27:57 AM,1095.0,0,0.0,307818626.70000005
2025-08-01 09:27:57 AM,1094.7,0,0.0,307818626.70000005
2025-08-01 09:27:58 AM,1094.6,35789,39174639.4,346993266.1
2025-08-01 09:27:58 AM,1094.6,2,2189.2,346995455.3
2025-08-01 09:27:58 AM,1094.1,0,0.0,346995455.3
2025-08-01 09:27:59 AM,1093.6,293,320424.8,347315880.1
2025-08-01 09:27:59 AM,1094.2,0,0.0,347315880.1
2025-08-01 09:28:00 AM,1094.1,654,715541.3999999999,348031421.5
2025-08-01 09:28:00 AM,1094.2,105,114891.0,348146312.5
2025-08-01 09:28:01 AM,1094.9,393,430295.7,348576608.2
2025-08-01 09:28:01 AM,1095.0,0,0.0,348576608.2
2025-08-01 09:28:02 AM,1095.1,1124,1230892.4,349807500.59999996
2025-08-01 09:28:02 AM,1094.5,0,0.0,349807500.59999996
2025-08-01 09:28:03 AM,1094.5,316,345862.0,350153362.59999996
2025-08-01 09:28:03 AM,1094.5,5,5472.5,350158835.09999996
2025-08-01 09:28:03 AM,1093.7,0,0.0,350158835.09999996
2025-08-01 09:28:04 AM,1095.0,3285,3597075.0,353755910.09999996
2025-08-01 09:28:04 AM,1094.6,4,4378.4,353760288.49999994
2025-08-01 09:28:05 AM,1093.9,206,225343.40000000002,353985631.8999999
2025-08-01 09:28:05 AM,1093.9,300,328170.0,354313801.8999999
2025-08-01 09:28:05 AM,1094.6,0,0.0,354313801.8999999
2025-08-01 09:28:06 AM,1094.8,131,143418.8,354457220.6999999
2025-08-01 09:28:06 AM,1094.0,0,0.0,354457220.6999999
2025-08-01 09:28:06 AM,1094.0,25,27350.0,354484570.6999999
2025-08-01 09:28:06 AM,1094.4,0,0.0,354484570.6999999
2025-08-01 09:28:07 AM,1094.5,170,186065.0,354670635.6999999
2025-08-01 09:28:07 AM,1094.4,0,0.0,354670635.6999999
2025-08-01 09:28:08 AM,1094.4,4,4377.6,354675013.29999995
2025-08-01 09:28:08 AM,1094.3,415,454134.5,355129147.79999995
2025-08-01 09:28:08 AM,1094.2,0,0.0,355129147.79999995
2025-08-01 09:28:08 AM,1094.8,0,0.0,355129147.79999995
2025-08-01 09:28:09 AM,1094.8,346,378800.8,355507948.59999996
2025-08-01 09:28:09 AM,1094.3,100,109430.0,355617378.59999996
2025-08-01 09:28:09 AM,1093.5,0,0.0,355617378.59999996
2025-08-01 09:28:10 AM,1093.5,7270,7949745.0,363567123.59999996
2025-08-01 09:28:10 AM,1094.0,0,0.0,363567123.59999996
2025-08-01 09:28:11 AM,1094.7,634,694039.8,364261163.4
2025-08-01 09:28:11 AM,1093.5,0,0.0,364261163.4
2025-08-01 09:28:12 AM,1093.5,755,825592.5,365086755.9
2025-08-01 09:28:12 AM,1094.2,0,0.0,365086755.9
2025-08-01 09:28:13 AM,1094.2,43,47050.6,365133806.5
2025-08-01 09:28:13 AM,1093.5,0,0.0,365133806.5
2025-08-01 09:28:14 AM,1092.6,465,508058.99999999994,365641865.5
2025-08-01 09:28:14 AM,1092.8,0,0.0,365641865.5
2025-08-01 09:28:15 AM,1092.8,167,182497.6,365824363.1
2025-08-01 09:28:15 AM,1092.7,7,7648.900000000001,365832012.0
2025-08-01 09:28:15 AM,1092.0,0,0.0,365832012.0
2025-08-01 09:28:16 AM,1092.0,191,208572.0,366040584.0
2025-08-01 09:28:16 AM,1092.7,1,1092.7,366041676.7
2025-08-01 09:28:16 AM,1092.2,0,0.0,366041676.7
2025-08-01 09:28:16 AM,1092.8,0,0.0,366041676.7
2025-08-01 09:28:17 AM,1092.8,192,209817.59999999998,366251494.3
2025-08-01 09:28:17 AM,1092.1,0,0.0,366251494.3
2025-08-01 09:28:18 AM,1092.1,118,128867.79999999999,366380362.1
2025-08-01 09:28:18 AM,1093.5,230,251505.0,366631867.1
2025-08-01 09:28:18 AM,1093.7,0,0.0,366631867.1
2025-08-01 09:28:18 AM,1094.0,0,0.0,366631867.1
2025-08-01 09:28:19 AM,1094.0,85,92990.0,366724857.1
2025-08-01 09:28:19 AM,1093.8,1968,2152598.4,368877455.5
2025-08-01 09:28:20 AM,1093.5,0,0.0,368877455.5
2025-08-01 09:28:20 AM,1093.3,111,121356.29999999999,368998811.8
2025-08-01 09:28:21 AM,1093.1,124,135544.4,369134356.2
2025-08-01 09:28:21 AM,1093.4,0,0.0,369134356.2
2025-08-01 09:28:21 AM,1093.4,723,790528.2000000001,369924884.4
2025-08-01 09:28:22 AM,1093.0,114,124602.0,370049486.4
2025-08-01 09:28:22 AM,1092.3,0,0.0,370049486.4
2025-08-01 09:28:22 AM,1092.3,394,430366.19999999995,370479852.59999996
2025-08-01 09:28:23 AM,1092.0,0,0.0,370479852.59999996
2025-08-01 09:28:23 AM,1092.0,66,72072.0,370551924.59999996
2025-08-01 09:28:24 AM,1090.9,109,118908.1,370670832.7
2025-08-01 09:28:24 AM,1091.8,0,0.0,370670832.7
2025-08-01 09:28:25 AM,1091.8,305,332999.0,371003831.7
2025-08-01 09:28:25 AM,1092.0,0,0.0,371003831.7
2025-08-01 09:28:26 AM,1092.0,37,40404.0,371044235.7
2025-08-01 09:28:26 AM,1092.0,100,109200.0,371153435.7
2025-08-01 09:28:26 AM,1092.3,0,0.0,371153435.7
2025-08-01 09:28:27 AM,1092.3,110,120153.0,371273588.7
2025-08-01 09:28:27 AM,1092.4,4,4369.6,371277958.3
2025-08-01 09:28:27 AM,1091.9,0,0.0,371277958.3
2025-08-01 09:28:28 AM,1091.4,4483,4892746.2,376170704.5
2025-08-01 09:28:28 AM,1091.9,0,0.0,376170704.5
2025-08-01 09:28:29 AM,1091.9,4,4367.6,376175072.1
2025-08-01 09:28:29 AM,1091.9,9,9827.1,376184899.20000005
2025-08-01 09:28:30 AM,1091.9,5,5459.5,376190358.70000005
2025-08-01 09:28:30 AM,1091.6,234,255434.39999999997,376445793.1
2025-08-01 09:28:30 AM,1091.1,0,0.0,376445793.1
2025-08-01 09:28:31 AM,1091.0,0,0.0,376445793.1
2025-08-01 09:28:31 AM,1090.3,330,359799.0,376805592.1
2025-08-01 09:28:31 AM,1091.9,237,258780.30000000002,377064372.40000004
2025-08-01 09:28:31 AM,1091.8,0,0.0,377064372.40000004
2025-08-01 09:28:32 AM,1091.8,119,129924.2,377194296.6
2025-08-01 09:28:33 AM,1092.9,206,225137.40000000002,377419434.0
2025-08-01 09:28:34 AM,1092.1,0,0.0,377419434.0
2025-08-01 09:28:34 AM,1092.1,76,82999.59999999999,377502433.6
2025-08-01 09:28:35 AM,1092.0,50,54600.0,377557033.6
2025-08-01 09:28:36 AM,1092.0,31,33852.0,377590885.6
2025-08-01 09:28:36 AM,1092.6,0,0.0,377590885.6
2025-08-01 09:28:37 AM,1092.6,32,34963.2,377625848.8
2025-08-01 09:28:37 AM,1092.4,0,0.0,377625848.8
2025-08-01 09:28:38 AM,1092.4,35,38234.0,377664082.8
2025-08-01 09:28:38 AM,1092.1,0,0.0,377664082.8
2025-08-01 09:28:39 AM,1092.1,237,258827.69999999998,377922910.5
2025-08-01 09:28:40 AM,1092.0,100,109200.0,378032110.5
2025-08-01 09:28:40 AM,1093.2,298,325773.60000000003,378357884.1
2025-08-01 09:28:40 AM,1093.6,10,10936.0,378368820.1
2025-08-01 09:28:41 AM,1093.3,9,9839.699999999999,378378659.8
2025-08-01 09:28:41 AM,1092.6,0,0.0,378378659.8
2025-08-01 09:28:41 AM,1092.6,20,21852.0,378400511.8
2025-08-01 09:28:42 AM,1092.0,60,65520.0,378466031.8
2025-08-01 09:28:42 AM,1092.0,5,5460.0,378471491.8
2025-08-01 09:28:43 AM,1092.5,189,206482.5,378677974.3
2025-08-01 09:28:43 AM,1092.9,0,0.0,378677974.3
2025-08-01 09:28:43 AM,1092.9,55,60109.50000000001,378738083.8
2025-08-01 09:28:44 AM,1092.9,482,526777.8,379264861.6
2025-08-01 09:28:45 AM,1092.7,0,0.0,379264861.6
2025-08-01 09:28:45 AM,1092.7,30,32781.0,379297642.6
2025-08-01 09:28:46 AM,1092.9,31,33879.9,379331522.5
2025-08-01 09:28:46 AM,1093.0,0,0.0,379331522.5
2025-08-01 09:28:46 AM,1093.0,75,81975.0,379413497.5
2025-08-01 09:28:47 AM,1092.5,27,29497.5,379442995.0
2025-08-01 09:28:48 AM,1092.0,101,110292.0,379553287.0
2025-08-01 09:28:49 AM,1092.0,313,341796.0,379895083.0
2025-08-01 09:28:50 AM,1091.9,0,0.0,379895083.0
2025-08-01 09:28:50 AM,1092.9,264,288525.60000000003,380183608.6
2025-08-01 09:28:51 AM,1092.4,450,491580.00000000006,380675188.6
2025-08-01 09:28:52 AM,1092.9,5,5464.5,380680653.1
2025-08-01 09:28:53 AM,1092.4,21,22940.4,380703593.5
2025-08-01 09:28:54 AM,1092.8,6,6556.799999999999,380710150.3
2025-08-01 09:28:54 AM,1092.2,0,0.0,380710150.3
2025-08-01 09:28:55 AM,1092.8,0,0.0,380710150.3
2025-08-01 09:28:55 AM,1092.8,31,33876.799999999996,380744027.1
2025-08-01 09:28:55 AM,1092.2,20,21844.0,380765871.1
2025-08-01 09:28:55 AM,1092.8,0,0.0,380765871.1
2025-08-01 09:28:56 AM,1092.8,10,10928.0,380776799.1
2025-08-01 09:28:56 AM,1092.7,29,31688.300000000003,380808487.40000004
2025-08-01 09:28:57 AM,1092.7,10,10927.0,380819414.40000004
2025-08-01 09:28:58 AM,1092.4,5,5462.0,380824876.40000004
2025-08-01 09:28:59 AM,1092.0,250,273000.0,381097876.40000004
2025-08-01 09:28:59 AM,1091.9,0,0.0,381097876.40000004
2025-08-01 09:29:00 AM,1092.0,111,121212.0,381219088.40000004
2025-08-01 09:29:01 AM,1091.9,0,0.0,381219088.40000004
2025-08-01 09:29:02 AM,1091.9,1,1091.9,381220180.3
2025-08-01 09:29:03 AM,1091.7,57,62226.9,381282407.2
2025-08-01 09:29:03 AM,1091.8,0,0.0,381282407.2
2025-08-01 09:29:04 AM,1091.8,72,78609.59999999999,381361016.8
2025-08-01 09:29:04 AM,1091.7,3,3275.1000000000004,381364291.90000004
2025-08-01 09:29:04 AM,1092.1,0,0.0,381364291.90000004
2025-08-01 09:29:05 AM,1092.1,302,329814.19999999995,381694106.1
2025-08-01 09:29:05 AM,1091.8,0,0.0,381694106.1
2025-08-01 09:29:06 AM,1091.8,471,514237.8,382208343.90000004
2025-08-01 09:29:06 AM,1091.7,105,114628.5,382322972.40000004
2025-08-01 09:29:06 AM,1091.2,0,0.0,382322972.40000004
2025-08-01 09:29:07 AM,1091.2,240,261888.0,382584860.40000004
2025-08-01 09:29:07 AM,1091.5,436,475894.0,383060754.40000004
2025-08-01 09:29:08 AM,1090.5,0,0.0,383060754.40000004
2025-08-01 09:29:08 AM,1090.5,63,68701.5,383129455.90000004
2025-08-01 09:29:09 AM,1090.9,0,0.0,383129455.90000004
2025-08-01 09:29:09 AM,1090.9,210,229089.00000000003,383358544.90000004
2025-08-01 09:29:09 AM,1090.8,0,0.0,383358544.90000004
2025-08-01 09:29:10 AM,1090.8,1,1090.8,383359635.70000005
2025-08-01 09:29:11 AM,1090.9,101,110180.90000000001,383469816.6
2025-08-01 09:29:11 AM,1090.9,26,28363.4,383498180.0
2025-08-01 09:29:13 AM,1090.9,6,6545.400000000001,383504725.4
2025-08-01 09:29:14 AM,1090.3,0,0.0,383504725.4
2025-08-01 09:29:14 AM,1090.3,100,109030.0,383613755.4
2025-08-01 09:29:15 AM,1090.5,0,0.0,383613755.4
2025-08-01 09:29:16 AM,1090.5,21,22900.5,383636655.9
2025-08-01 09:29:16 AM,1090.7,59,64351.3,383701007.2
2025-08-01 09:29:16 AM,1091.0,0,0.0,383701007.2
2025-08-01 09:29:17 AM,1091.0,143,156013.0,383857020.2
2025-08-01 09:29:17 AM,1090.9,0,0.0,383857020.2
2025-08-01 09:29:18 AM,1090.9,36,39272.4,383896292.59999996
2025-08-01 09:29:19 AM,1090.6,2216,2416769.5999999996,386313062.2
2025-08-01 09:29:20 AM,1090.6,35,38171.0,386351233.2
2025-08-01 09:29:20 AM,1090.3,3,3270.8999999999996,386354504.09999996
2025-08-01 09:29:21 AM,1090.3,8579,9353683.7,395708187.79999995
2025-08-01 09:29:21 AM,1090.8,0,0.0,395708187.79999995
2025-08-01 09:29:22 AM,1090.2,200,218040.0,395926227.79999995
2025-08-01 09:29:22 AM,1090.3,221,240956.3,396167184.09999996
2025-08-01 09:29:23 AM,1091.4,826,901496.4,397068680.49999994
2025-08-01 09:29:24 AM,1091.7,140,152838.0,397221518.49999994
2025-08-01 09:29:25 AM,1091.7,166,181222.2,397402740.6999999
2025-08-01 09:29:26 AM,1090.7,0,0.0,397402740.6999999
2025-08-01 09:29:27 AM,1091.2,0,0.0,397402740.6999999
2025-08-01 09:29:27 AM,1091.2,586,639443.2000000001,398042183.8999999
2025-08-01 09:29:27 AM,1091.3,81,88395.3,398130579.1999999
2025-08-01 09:29:28 AM,1090.5,0,0.0,398130579.1999999
2025-08-01 09:29:28 AM,1090.5,222,242091.0,398372670.1999999
2025-08-01 09:29:29 AM,1091.2,0,0.0,398372670.1999999
2025-08-01 09:29:30 AM,1091.1,0,0.0,398372670.1999999
2025-08-01 09:29:30 AM,1090.6,72,78523.2,398451193.3999999
2025-08-01 09:29:31 AM,1091.5,535,583952.5,399035145.8999999
2025-08-01 09:29:31 AM,1091.0,0,0.0,399035145.8999999
2025-08-01 09:29:32 AM,1091.1,139,151662.9,399186808.7999999
2025-08-01 09:29:32 AM,1091.2,0,0.0,399186808.7999999
2025-08-01 09:29:33 AM,1091.0,0,0.0,399186808.7999999
2025-08-01 09:29:33 AM,1091.0,35,38185.0,399224993.7999999
2025-08-01 09:29:33 AM,1091.0,20,21820.0,399246813.7999999
2025-08-01 09:29:33 AM,1090.5,0,0.0,399246813.7999999
2025-08-01 09:29:34 AM,1090.5,594,647757.0,399894570.7999999
2025-08-01 09:29:34 AM,1090.2,60,65412.0,399959982.7999999
2025-08-01 09:29:34 AM,1089.7,0,0.0,399959982.7999999
2025-08-01 09:29:35 AM,1089.7,471,513248.7,400473231.4999999
2025-08-01 09:29:35 AM,1089.7,190,207043.0,400680274.4999999
2025-08-01 09:29:35 AM,1089.6,0,0.0,400680274.4999999
2025-08-01 09:29:36 AM,1088.6,913,993891.7999999999,401674166.2999999
2025-08-01 09:29:36 AM,1088.8,0,0.0,401674166.2999999
2025-08-01 09:29:37 AM,1089.4,94,102403.6,401776569.8999999
2025-08-01 09:29:38 AM,1089.0,368,400752.0,402177321.8999999
2025-08-01 09:29:39 AM,1088.7,100,108870.0,402286191.8999999
2025-08-01 09:29:40 AM,1089.4,0,0.0,402286191.8999999
2025-08-01 09:29:40 AM,1089.4,1,1089.4,402287281.2999999
2025-08-01 09:29:40 AM,1089.4,74,80615.6,402367896.8999999
2025-08-01 09:29:40 AM,1089.6,0,0.0,402367896.8999999
2025-08-01 09:29:41 AM,1090.0,646,704140.0,403072036.8999999
2025-08-01 09:29:42 AM,1090.6,11,11996.599999999999,403084033.49999994
2025-08-01 09:29:43 AM,1090.5,0,0.0,403084033.49999994
2025-08-01 09:29:43 AM,1090.5,194,211557.0,403295590.49999994
2025-08-01 09:29:45 AM,1090.0,0,0.0,403295590.49999994
2025-08-01 09:29:46 AM,1089.7,0,0.0,403295590.49999994
2025-08-01 09:29:46 AM,1090.4,72,78508.8,403374099.29999995
2025-08-01 09:29:47 AM,1090.4,28,30531.200000000004,403404630.49999994
2025-08-01 09:29:47 AM,1090.4,25,27260.000000000004,403431890.49999994
2025-08-01 09:29:47 AM,1090.6,0,0.0,403431890.49999994
2025-08-01 09:29:48 AM,1090.6,76,82885.59999999999,403514776.09999996
2025-08-01 09:29:49 AM,1090.2,20,21804.0,403536580.09999996
2025-08-01 09:29:50 AM,1091.0,2,2182.0,403538762.09999996
2025-08-01 09:29:51 AM,1090.5,0,0.0,403538762.09999996
2025-08-01 09:29:51 AM,1091.1,170,185486.99999999997,403724249.09999996
2025-08-01 09:29:51 AM,1090.6,61,66526.59999999999,403790775.7
2025-08-01 09:29:51 AM,1091.0,0,0.0,403790775.7
2025-08-01 09:29:52 AM,1091.0,8,8728.0,403799503.7
2025-08-01 09:29:52 AM,1090.7,21,22904.7,403822408.4
2025-08-01 09:29:53 AM,1091.0,0,0.0,403822408.4
2025-08-01 09:29:53 AM,1091.0,15,16365.0,403838773.4
2025-08-01 09:29:54 AM,1090.7,18,19632.600000000002,403858406.0
2025-08-01 09:29:55 AM,1088.7,4236,4611733.2,408470139.2
2025-08-01 09:29:55 AM,1090.3,0,0.0,408470139.2
2025-08-01 09:29:56 AM,1090.4,664,724025.6000000001,409194164.8
2025-08-01 09:29:56 AM,1090.1,18,19621.8,409213786.6
2025-08-01 09:29:56 AM,1089.9,0,0.0,409213786.6
2025-08-01 09:29:57 AM,1089.9,37,40326.3,409254112.90000004
2025-08-01 09:29:57 AM,1090.9,4827,5265774.300000001,414519887.20000005
2025-08-01 09:29:58 AM,1091.2,0,0.0,414519887.20000005
2025-08-01 09:29:58 AM,1091.2,20,21824.0,414541711.20000005
2025-08-01 09:29:58 AM,1091.1,0,0.0,414541711.20000005
2025-08-01 09:29:58 AM,1091.2,301,328451.2,414870162.40000004
2025-08-01 09:29:59 AM,1091.2,231,252067.2,415122229.6
2025-08-01 09:30:00 AM,1091.5,91,99326.5,415221556.1
2025-08-01 09:30:01 AM,1091.4,1,1091.4,415222647.5
2025-08-01 09:30:02 AM,1091.4,35,38199.0,415260846.5
2025-08-01 09:30:04 AM,1091.4,5,5457.0,415266303.5
2025-08-01 09:30:05 AM,1091.5,0,0.0,415266303.5
2025-08-01 09:30:05 AM,1091.1,128,139660.8,415405964.3
2025-08-01 09:30:06 AM,1091.5,70,76405.0,415482369.3
2025-08-01 09:30:07 AM,1091.7,0,0.0,415482369.3
2025-08-01 09:30:07 AM,1091.1,291,317510.1,415799879.40000004
2025-08-01 09:30:09 AM,1091.0,213,232383.0,416032262.40000004
2025-08-01 09:30:09 AM,1091.0,136,148376.0,416180638.40000004
2025-08-01 09:30:09 AM,1090.9,0,0.0,416180638.40000004
2025-08-01 09:30:10 AM,1090.9,220,239998.00000000003,416420636.40000004
2025-08-01 09:30:10 AM,1091.0,100,109100.0,416529736.40000004
2025-08-01 09:30:10 AM,1090.7,0,0.0,416529736.40000004
2025-08-01 09:30:11 AM,1090.7,28,30539.600000000002,416560276.00000006
2025-08-01 09:30:12 AM,1090.3,0,0.0,416560276.00000006
2025-08-01 09:30:12 AM,1090.3,1,1090.3,416561366.3000001
2025-08-01 09:30:12 AM,1090.0,0,0.0,416561366.3000001
2025-08-01 09:30:13 AM,1090.5,72,78516.0,416639882.3000001
2025-08-01 09:30:14 AM,1090.5,11,11995.5,416651877.8000001
2025-08-01 09:30:15 AM,1090.5,2,2181.0,416654058.8000001
2025-08-01 09:30:15 AM,1090.3,19,20715.7,416674774.50000006
2025-08-01 09:30:16 AM,1089.9,0,0.0,416674774.50000006
2025-08-01 09:30:16 AM,1089.9,6,6539.400000000001,416681313.90000004
2025-08-01 09:30:17 AM,1089.8,100,108980.0,416790293.90000004
2025-08-01 09:30:17 AM,1089.1,0,0.0,416790293.90000004
2025-08-01 09:30:18 AM,1089.1,100,108909.99999999999,416899203.90000004
2025-08-01 09:30:18 AM,1089.3,178,193895.4,417093099.3
2025-08-01 09:30:19 AM,1089.0,0,0.0,417093099.3
2025-08-01 09:30:19 AM,1089.2,118,128525.6,417221624.90000004
2025-08-01 09:30:20 AM,1089.2,10,10892.0,417232516.90000004
2025-08-01 09:30:20 AM,1088.9,0,0.0,417232516.90000004
2025-08-01 09:30:21 AM,1089.0,0,0.0,417232516.90000004
2025-08-01 09:30:21 AM,1089.0,62,67518.0,417300034.90000004
2025-08-01 09:30:21 AM,1089.0,50,54450.0,417354484.90000004
2025-08-01 09:30:21 AM,1088.7,0,0.0,417354484.90000004
2025-08-01 09:30:22 AM,1088.7,205,223183.5,417577668.40000004
2025-08-01 09:30:22 AM,1088.7,4,4354.8,417582023.20000005
2025-08-01 09:30:22 AM,1088.3,0,0.0,417582023.20000005
2025-08-01 09:30:23 AM,1088.7,522,568301.4,418150324.6
2025-08-01 09:30:23 AM,1088.7,35,38104.5,418188429.1
2025-08-01 09:30:24 AM,1088.7,100,108870.0,418297299.1
2025-08-01 09:30:24 AM,1088.7,2,2177.4,418299476.5
2025-08-01 09:30:24 AM,1088.0,0,0.0,418299476.5
2025-08-01 09:30:25 AM,1088.4,306,333050.4,418632526.9
2025-08-01 09:30:25 AM,1088.0,400,435200.0,419067726.9
2025-08-01 09:30:25 AM,1088.4,0,0.0,419067726.9
2025-08-01 09:30:26 AM,1089.0,241,262449.0,419330175.9
2025-08-01 09:30:26 AM,1089.5,51,55564.5,419385740.4
2025-08-01 09:30:27 AM,1089.9,203,221249.7,419606990.09999996
2025-08-01 09:30:27 AM,1089.1,0,0.0,419606990.09999996
2025-08-01 09:30:27 AM,1089.1,2,2178.2,419609168.29999995
2025-08-01 09:30:28 AM,1089.3,0,0.0,419609168.29999995
2025-08-01 09:30:28 AM,1089.1,314,341977.39999999997,419951145.6999999
2025-08-01 09:30:29 AM,1088.6,54,58784.399999999994,420009930.0999999
2025-08-01 09:30:30 AM,1089.1,0,0.0,420009930.0999999
2025-08-01 09:30:30 AM,1089.1,1,1089.1,420011019.1999999
2025-08-01 09:30:31 AM,1089.1,11,11980.099999999999,420022999.29999995
2025-08-01 09:30:31 AM,1088.7,0,0.0,420022999.29999995
2025-08-01 09:30:32 AM,1088.5,44,47894.0,420070893.29999995
2025-08-01 09:30:32 AM,1089.0,2,2178.0,420073071.29999995
2025-08-01 09:30:32 AM,1088.3,0,0.0,420073071.29999995
2025-08-01 09:30:33 AM,1088.3,69,75092.7,420148163.99999994
2025-08-01 09:30:33 AM,1088.7,120,130644.0,420278807.99999994
2025-08-01 09:30:34 AM,1089.1,1,1089.1,420279897.09999996
2025-08-01 09:30:34 AM,1090.0,33,35970.0,420315867.09999996
2025-08-01 09:30:34 AM,1089.0,0,0.0,420315867.09999996
2025-08-01 09:30:35 AM,1089.7,39,42498.3,420358365.4
2025-08-01 09:30:35 AM,1088.8,0,0.0,420358365.4
2025-08-01 09:30:36 AM,1089.5,606,660237.0,421018602.4
2025-08-01 09:30:36 AM,1089.7,82,89355.40000000001,421107957.79999995
2025-08-01 09:30:36 AM,1090.3,0,0.0,421107957.79999995
2025-08-01 09:30:37 AM,1089.6,0,0.0,421107957.79999995
2025-08-01 09:30:37 AM,1090.6,1051,1146220.5999999999,422254178.4
2025-08-01 09:30:38 AM,1090.6,80,87248.0,422341426.4
2025-08-01 09:30:38 AM,1090.6,100,109059.99999999999,422450486.4
2025-08-01 09:30:39 AM,1091.1,485,529183.5,422979669.9
2025-08-01 09:30:40 AM,1091.6,0,0.0,422979669.9
2025-08-01 09:30:40 AM,1091.6,1,1091.6,422980761.5
2025-08-01 09:30:40 AM,1091.0,0,0.0,422980761.5
2025-08-01 09:30:40 AM,1091.0,50,54550.0,423035311.5
2025-08-01 09:30:41 AM,1090.3,132,143919.6,423179231.1
2025-08-01 09:30:42 AM,1090.9,2,2181.8,423181412.90000004
2025-08-01 09:30:43 AM,1090.6,10,10906.0,423192318.90000004
2025-08-01 09:30:43 AM,1090.6,12,13087.199999999999,423205406.1
2025-08-01 09:30:44 AM,1091.0,0,0.0,423205406.1
2025-08-01 09:30:45 AM,1091.0,146,159286.0,423364692.1
2025-08-01 09:30:45 AM,1090.6,101,110150.59999999999,423474842.70000005
2025-08-01 09:30:45 AM,1090.7,0,0.0,423474842.70000005
2025-08-01 09:30:46 AM,1090.3,25,27257.5,423502100.20000005
2025-08-01 09:30:46 AM,1090.7,7,7634.900000000001,423509735.1
2025-08-01 09:30:47 AM,1090.5,0,0.0,423509735.1
2025-08-01 09:30:48 AM,1090.5,10,10905.0,423520640.1
2025-08-01 09:30:49 AM,1091.3,280,305564.0,423826204.1
2025-08-01 09:30:49 AM,1090.8,24,26179.199999999997,423852383.3
2025-08-01 09:30:50 AM,1091.2,5,5456.0,423857839.3
2025-08-01 09:30:50 AM,1091.1,699,762678.8999999999,424620518.2
2025-08-01 09:30:50 AM,1090.8,0,0.0,424620518.2
2025-08-01 09:30:51 AM,1091.0,25,27275.0,424647793.2
2025-08-01 09:30:52 AM,1091.0,71,77461.0,424725254.2
2025-08-01 09:30:52 AM,1091.3,0,0.0,424725254.2
2025-08-01 09:30:52 AM,1091.3,2,2182.6,424727436.8
2025-08-01 09:30:54 AM,1091.2,0,0.0,424727436.8
2025-08-01 09:30:54 AM,1091.2,340,371008.0,425098444.8
2025-08-01 09:30:56 AM,1091.9,0,0.0,425098444.8
2025-08-01 09:30:57 AM,1091.9,182,198725.80000000002,425297170.6
2025-08-01 09:30:57 AM,1091.4,1,1091.4,425298262.0
2025-08-01 09:30:57 AM,1092.0,0,0.0,425298262.0
2025-08-01 09:30:58 AM,1092.0,389,424788.0,425723050.0
2025-08-01 09:30:59 AM,1091.9,20,21838.0,425744888.0
2025-08-01 09:30:59 AM,1091.9,77,84076.3,425828964.3
2025-08-01 09:31:00 AM,1091.2,326,355731.2,426184695.5
2025-08-01 09:31:00 AM,1091.0,401,437491.0,426622186.5
2025-08-01 09:31:00 AM,1091.3,0,0.0,426622186.5
2025-08-01 09:31:01 AM,1090.9,566,617449.4,427239635.9
2025-08-01 09:31:01 AM,1090.7,22,23995.4,427263631.29999995
2025-08-01 09:31:02 AM,1091.3,0,0.0,427263631.29999995
2025-08-01 09:31:02 AM,1091.3,21,22917.3,427286548.59999996
2025-08-01 09:31:04 AM,1091.3,507,553289.1,427839837.7
2025-08-01 09:31:04 AM,1092.0,216,235872.0,428075709.7
2025-08-01 09:31:05 AM,1092.1,0,0.0,428075709.7
2025-08-01 09:31:05 AM,1092.1,40,43684.0,428119393.7
2025-08-01 09:31:05 AM,1092.6,0,0.0,428119393.7
2025-08-01 09:31:06 AM,1092.6,1228,1341712.7999999998,429461106.5
2025-08-01 09:31:07 AM,1093.0,215,234995.0,429696101.5
2025-08-01 09:31:07 AM,1093.4,0,0.0,429696101.5
2025-08-01 09:31:08 AM,1092.9,390,426231.00000000006,430122332.5
2025-08-01 09:31:09 AM,1093.5,252,275562.0,430397894.5
2025-08-01 09:31:10 AM,1093.5,7,7654.5,430405549.0
2025-08-01 09:31:11 AM,1093.8,95,103911.0,430509460.0
2025-08-01 09:31:11 AM,1093.6,0,0.0,430509460.0
2025-08-01 09:31:12 AM,1094.0,434,474796.0,430984256.0
2025-08-01 09:31:12 AM,1094.5,0,0.0,430984256.0
2025-08-01 09:31:13 AM,1094.6,0,0.0,430984256.0
2025-08-01 09:31:13 AM,1094.6,164,179514.4,431163770.4
2025-08-01 09:31:14 AM,1094.5,0,0.0,431163770.4
2025-08-01 09:31:15 AM,1094.5,367,401681.5,431565451.9
2025-08-01 09:31:15 AM,1094.9,0,0.0,431565451.9
2025-08-01 09:31:16 AM,1094.9,35,38321.5,431603773.4
2025-08-01 09:31:16 AM,1094.5,1,1094.5,431604867.9
2025-08-01 09:31:16 AM,1095.1,0,0.0,431604867.9
2025-08-01 09:31:17 AM,1095.6,1105,1210638.0,432815505.9
2025-08-01 09:31:17 AM,1095.1,0,0.0,432815505.9
2025-08-01 09:31:18 AM,1095.1,1016,1112621.5999999999,433928127.5
2025-08-01 09:31:19 AM,1095.9,46,50411.4,433978538.9
2025-08-01 09:31:20 AM,1095.9,6,6575.400000000001,433985114.29999995
2025-08-01 09:31:20 AM,1095.5,0,0.0,433985114.29999995
2025-08-01 09:31:21 AM,1094.8,724,792635.2,434777749.49999994
2025-08-01 09:31:21 AM,1095.7,25,27392.5,434805141.99999994
2025-08-01 09:31:21 AM,1096.2,0,0.0,434805141.99999994
2025-08-01 09:31:22 AM,1095.3,1195,1308883.5,436114025.49999994
2025-08-01 09:31:22 AM,1096.0,200,219200.0,436333225.49999994
2025-08-01 09:31:23 AM,1095.5,0,0.0,436333225.49999994
2025-08-01 09:31:23 AM,1095.6,158,173104.8,436506330.29999995
2025-08-01 09:31:24 AM,1095.7,0,0.0,436506330.29999995
2025-08-01 09:31:24 AM,1095.7,415,454715.5,436961045.79999995
2025-08-01 09:31:25 AM,1095.7,1,1095.7,436962141.49999994
2025-08-01 09:31:26 AM,1095.7,59,64646.3,437026787.79999995
2025-08-01 09:31:27 AM,1095.8,0,0.0,437026787.79999995
2025-08-01 09:31:27 AM,1096.5,377,413380.5,437440168.29999995
2025-08-01 09:31:28 AM,1096.9,0,0.0,437440168.29999995
2025-08-01 09:31:28 AM,1096.3,56,61392.799999999996,437501561.09999996
2025-08-01 09:31:28 AM,1096.9,0,0.0,437501561.09999996
2025-08-01 09:31:29 AM,1096.9,103,112980.70000000001,437614541.79999995
2025-08-01 09:31:29 AM,1096.3,3,3288.8999999999996,437617830.6999999
2025-08-01 09:31:29 AM,1096.9,0,0.0,437617830.6999999
2025-08-01 09:31:30 AM,1096.9,120,131628.0,437749458.6999999
2025-08-01 09:31:30 AM,1096.3,0,0.0,437749458.6999999
2025-08-01 09:31:31 AM,1096.3,25,27407.5,437776866.1999999
2025-08-01 09:31:32 AM,1096.3,31,33985.299999999996,437810851.49999994
2025-08-01 09:31:33 AM,1096.2,200,219240.0,438030091.49999994
2025-08-01 09:31:33 AM,1096.1,50,54804.99999999999,438084896.49999994
2025-08-01 09:31:33 AM,1096.9,0,0.0,438084896.49999994
2025-08-01 09:31:34 AM,1096.9,103,112980.70000000001,438197877.1999999
2025-08-01 09:31:34 AM,1095.9,0,0.0,438197877.1999999
2025-08-01 09:31:35 AM,1095.7,0,0.0,438197877.1999999
2025-08-01 09:31:35 AM,1096.0,1360,1490560.0,439688437.1999999
2025-08-01 09:31:36 AM,1095.8,50,54790.0,439743227.1999999
2025-08-01 09:31:36 AM,1096.0,201,220296.0,439963523.1999999
2025-08-01 09:31:37 AM,1096.2,46,50425.200000000004,440013948.3999999
2025-08-01 09:31:37 AM,1095.8,0,0.0,440013948.3999999
2025-08-01 09:31:38 AM,1095.8,133,145741.4,440159689.7999999
2025-08-01 09:31:38 AM,1096.3,0,0.0,440159689.7999999
2025-08-01 09:31:38 AM,1096.3,1,1096.3,440160786.0999999
2025-08-01 09:31:39 AM,1096.9,8319,9125111.100000001,449285897.1999999
2025-08-01 09:31:39 AM,1097.0,0,0.0,449285897.1999999
2025-08-01 09:31:40 AM,1097.2,0,0.0,449285897.1999999
2025-08-01 09:31:40 AM,1097.2,283,310507.60000000003,449596404.79999995
2025-08-01 09:31:40 AM,1096.9,0,0.0,449596404.79999995
2025-08-01 09:31:41 AM,1096.9,1293,1418291.7000000002,451014696.49999994
2025-08-01 09:31:41 AM,1096.8,0,0.0,451014696.49999994
2025-08-01 09:31:42 AM,1096.8,244,267619.2,451282315.6999999
2025-08-01 09:31:42 AM,1096.9,0,0.0,451282315.6999999
2025-08-01 09:31:43 AM,1096.9,2,2193.8,451284509.49999994
2025-08-01 09:31:43 AM,1096.3,0,0.0,451284509.49999994
2025-08-01 09:31:44 AM,1096.9,36,39488.4,451323997.8999999
2025-08-01 09:31:44 AM,1096.2,97,106331.40000000001,451430329.2999999
2025-08-01 09:31:44 AM,1096.1,0,0.0,451430329.2999999
2025-08-01 09:31:45 AM,1096.1,155,169895.5,451600224.7999999
2025-08-01 09:31:46 AM,1096.1,66,72342.59999999999,451672567.3999999
2025-08-01 09:31:48 AM,1097.3,1627,1785307.0999999999,453457874.49999994
2025-08-01 09:31:49 AM,1097.1,0,0.0,453457874.49999994
2025-08-01 09:31:49 AM,1097.1,4,4388.4,453462262.8999999
2025-08-01 09:31:51 AM,1097.6,5,5488.0,453467750.8999999
2025-08-01 09:31:52 AM,1097.6,15,16464.0,453484214.8999999
2025-08-01 09:31:52 AM,1097.3,0,0.0,453484214.8999999
2025-08-01 09:31:53 AM,1097.3,237,260060.09999999998,453744274.99999994
2025-08-01 09:31:54 AM,1097.1,1879,2061450.9,455805725.8999999
2025-08-01 09:31:56 AM,1099.0,751,825349.0,456631074.8999999
2025-08-01 09:31:56 AM,1098.3,0,0.0,456631074.8999999
2025-08-01 09:31:57 AM,1098.3,168,184514.4,456815589.2999999
2025-08-01 09:31:57 AM,1098.4,0,0.0,456815589.2999999
2025-08-01 09:31:58 AM,1098.4,5,5492.0,456821081.2999999
2025-08-01 09:31:58 AM,1098.7,0,0.0,456821081.2999999
2025-08-01 09:31:59 AM,1098.7,48,52737.600000000006,456873818.8999999
2025-08-01 09:31:59 AM,1099.6,80,87968.0,456961786.8999999
2025-08-01 09:32:00 AM,1099.8,0,0.0,456961786.8999999
2025-08-01 09:32:01 AM,1100.9,9844,10837259.600000001,467799046.49999994
2025-08-01 09:32:01 AM,1101.3,56,61672.799999999996,467860719.29999995
2025-08-01 09:32:01 AM,1101.2,0,0.0,467860719.29999995
2025-08-01 09:32:02 AM,1101.2,1977,2177072.4,470037791.6999999
2025-08-01 09:32:02 AM,1100.9,708,779437.2000000001,470817228.8999999
2025-08-01 09:32:02 AM,1101.0,0,0.0,470817228.8999999
2025-08-01 09:32:03 AM,1101.0,180,198180.0,471015408.8999999
2025-08-01 09:32:04 AM,1101.8,36,39664.799999999996,471055073.6999999
2025-08-01 09:32:04 AM,1100.7,0,0.0,471055073.6999999
2025-08-01 09:32:05 AM,1100.8,544,598835.2,471653908.8999999
2025-08-01 09:32:05 AM,1101.2,14,15416.800000000001,471669325.6999999
2025-08-01 09:32:06 AM,1101.8,5,5509.0,471674834.6999999
2025-08-01 09:32:06 AM,1101.8,286,315114.8,471989949.49999994
2025-08-01 09:32:06 AM,1101.3,0,0.0,471989949.49999994
2025-08-01 09:32:07 AM,1101.3,12,13215.599999999999,472003165.09999996
2025-08-01 09:32:07 AM,1101.2,0,0.0,472003165.09999996
2025-08-01 09:32:08 AM,1101.2,927,1020812.4,473023977.49999994
2025-08-01 09:32:08 AM,1101.0,5,5505.0,473029482.49999994
2025-08-01 09:32:09 AM,1101.0,53,58353.0,473087835.49999994
2025-08-01 09:32:09 AM,1101.0,20,22020.0,473109855.49999994
2025-08-01 09:32:10 AM,1101.5,228,251142.0,473360997.49999994
2025-08-01 09:32:10 AM,1101.1,7,7707.699999999999,473368705.1999999
2025-08-01 09:32:10 AM,1101.8,0,0.0,473368705.1999999
2025-08-01 09:32:11 AM,1101.1,21,23123.1,473391828.29999995
2025-08-01 09:32:11 AM,1101.0,100,110100.0,473501928.29999995
2025-08-01 09:32:12 AM,1101.5,0,0.0,473501928.29999995
2025-08-01 09:32:12 AM,1101.5,178,196067.0,473697995.29999995
2025-08-01 09:32:12 AM,1101.2,50,55060.0,473753055.29999995
2025-08-01 09:32:13 AM,1101.2,100,110120.0,473863175.29999995
2025-08-01 09:32:13 AM,1102.0,20,22040.0,473885215.29999995
2025-08-01 09:32:13 AM,1101.3,0,0.0,473885215.29999995
2025-08-01 09:32:14 AM,1101.3,23,25329.899999999998,473910545.1999999
2025-08-01 09:32:14 AM,1101.8,20,22036.0,473932581.1999999
2025-08-01 09:32:14 AM,1100.9,0,0.0,473932581.1999999
2025-08-01 09:32:15 AM,1100.5,0,0.0,473932581.1999999
2025-08-01 09:32:15 AM,1100.5,854,939827.0,474872408.1999999
2025-08-01 09:32:15 AM,1100.9,69,75962.1,474948370.29999995
2025-08-01 09:32:16 AM,1100.3,0,0.0,474948370.29999995
2025-08-01 09:32:16 AM,1100.3,15,16504.5,474964874.79999995
2025-08-01 09:32:17 AM,1101.2,0,0.0,474964874.79999995
2025-08-01 09:32:17 AM,1101.2,25,27530.0,474992404.79999995
2025-08-01 09:32:17 AM,1100.8,50,55040.0,475047444.79999995
2025-08-01 09:32:17 AM,1100.9,0,0.0,475047444.79999995
2025-08-01 09:32:18 AM,1100.9,40,44036.0,475091480.79999995
2025-08-01 09:32:19 AM,1101.2,0,0.0,475091480.79999995
2025-08-01 09:32:19 AM,1101.2,1,1101.2,475092581.99999994
2025-08-01 09:32:20 AM,1101.1,60,66066.0,475158647.99999994
2025-08-01 09:32:20 AM,1101.2,0,0.0,475158647.99999994
2025-08-01 09:32:21 AM,1101.5,689,758933.5,475917581.49999994
2025-08-01 09:32:21 AM,1101.8,5,5509.0,475923090.49999994
2025-08-01 09:32:22 AM,1100.5,1596,1756398.0,477679488.49999994
2025-08-01 09:32:25 AM,1100.5,2,2201.0,477681689.49999994
2025-08-01 09:32:26 AM,1100.5,2,2201.0,477683890.49999994
2025-08-01 09:32:26 AM,1100.8,0,0.0,477683890.49999994
2025-08-01 09:32:27 AM,1100.5,0,0.0,477683890.49999994
2025-08-01 09:32:27 AM,1100.5,106,116653.0,477800543.49999994
2025-08-01 09:32:27 AM,1100.2,26,28605.2,477829148.6999999
2025-08-01 09:32:28 AM,1100.5,12,13206.0,477842354.6999999
2025-08-01 09:32:28 AM,1101.5,181,199371.5,478041726.1999999
2025-08-01 09:32:28 AM,1102.0,0,0.0,478041726.1999999
2025-08-01 09:32:29 AM,1102.0,112,123424.0,478165150.1999999
2025-08-01 09:32:29 AM,1101.9,0,0.0,478165150.1999999
2025-08-01 09:32:30 AM,1101.3,12,13215.599999999999,478178365.79999995
2025-08-01 09:32:30 AM,1101.4,0,0.0,478178365.79999995
2025-08-01 09:32:31 AM,1101.4,556,612378.4,478790744.1999999
2025-08-01 09:32:31 AM,1102.3,0,0.0,478790744.1999999
2025-08-01 09:32:32 AM,1102.4,4933,5438139.2,484228883.3999999
2025-08-01 09:32:32 AM,1103.0,0,0.0,484228883.3999999
2025-08-01 09:32:33 AM,1102.0,0,0.0,484228883.3999999
2025-08-01 09:32:33 AM,1102.0,506,557612.0,484786495.3999999
2025-08-01 09:32:33 AM,1101.6,550,605880.0,485392375.3999999
2025-08-01 09:32:34 AM,1101.0,0,0.0,485392375.3999999
2025-08-01 09:32:35 AM,1101.9,551,607146.9,485999522.2999999
2025-08-01 09:32:35 AM,1102.5,0,0.0,485999522.2999999
2025-08-01 09:32:36 AM,1102.5,3500,3858750.0,489858272.2999999
2025-08-01 09:32:36 AM,1103.0,0,0.0,489858272.2999999
2025-08-01 09:32:37 AM,1103.0,66,72798.0,489931070.2999999
2025-08-01 09:32:37 AM,1101.9,0,0.0,489931070.2999999
2025-08-01 09:32:38 AM,1101.0,379,417279.0,490348349.2999999
2025-08-01 09:32:39 AM,1101.4,75,82605.0,490430954.2999999
2025-08-01 09:32:39 AM,1101.0,0,0.0,490430954.2999999
2025-08-01 09:32:40 AM,1101.3,106,116737.79999999999,490547692.0999999
2025-08-01 09:32:40 AM,1100.1,0,0.0,490547692.0999999
2025-08-01 09:32:41 AM,1100.3,244,268473.2,490816165.2999999
2025-08-01 09:32:42 AM,1101.2,80,88096.0,490904261.2999999
2025-08-01 09:32:42 AM,1100.3,0,0.0,490904261.2999999
2025-08-01 09:32:43 AM,1100.3,12,13203.599999999999,490917464.8999999
2025-08-01 09:32:43 AM,1100.2,120,132024.0,491049488.8999999
2025-08-01 09:32:43 AM,1102.2,0,0.0,491049488.8999999
2025-08-01 09:32:44 AM,1102.0,2890,3184780.0,494234268.8999999
2025-08-01 09:32:44 AM,1102.5,1,1102.5,494235371.3999999
2025-08-01 09:32:45 AM,1102.3,7,7716.099999999999,494243087.49999994
2025-08-01 09:32:45 AM,1102.9,0,0.0,494243087.49999994
2025-08-01 09:32:46 AM,1102.9,2193,2418659.7,496661747.1999999
2025-08-01 09:32:46 AM,1103.0,169,186407.0,496848154.1999999
2025-08-01 09:32:47 AM,1102.5,130,143325.0,496991479.1999999
2025-08-01 09:32:47 AM,1102.5,20,22050.0,497013529.1999999
2025-08-01 09:32:48 AM,1102.5,20,22050.0,497035579.1999999
2025-08-01 09:32:48 AM,1103.1,0,0.0,497035579.1999999
2025-08-01 09:32:49 AM,1103.1,480,529488.0,497565067.1999999
2025-08-01 09:32:49 AM,1102.8,0,0.0,497565067.1999999
2025-08-01 09:32:49 AM,1102.8,77,84915.59999999999,497649982.79999995
2025-08-01 09:32:50 AM,1103.0,0,0.0,497649982.79999995
2025-08-01 09:32:50 AM,1103.0,100,110300.0,497760282.79999995
2025-08-01 09:32:50 AM,1102.5,0,0.0,497760282.79999995
2025-08-01 09:32:50 AM,1102.3,52,57319.6,497817602.4
2025-08-01 09:32:52 AM,1103.2,0,0.0,497817602.4
2025-08-01 09:32:52 AM,1103.2,408,450105.60000000003,498267708.0
2025-08-01 09:32:55 AM,1102.9,0,0.0,498267708.0
2025-08-01 09:32:55 AM,1102.1,425,468392.49999999994,498736100.5
2025-08-01 09:32:56 AM,1102.4,56,61734.40000000001,498797834.9
2025-08-01 09:32:57 AM,1102.4,45,49608.00000000001,498847442.9
2025-08-01 09:32:58 AM,1102.4,58,63939.200000000004,498911382.09999996
2025-08-01 09:32:59 AM,1102.3,10,11023.0,498922405.09999996
2025-08-01 09:33:00 AM,1102.5,634,698985.0,499621390.09999996
2025-08-01 09:33:00 AM,1102.7,461,508344.7,500129734.79999995
2025-08-01 09:33:01 AM,1102.6,500,551300.0,500681034.79999995
2025-08-01 09:33:02 AM,1103.2,25,27580.0,500708614.79999995
2025-08-01 09:33:05 AM,1103.2,60,66192.0,500774806.79999995
2025-08-01 09:33:05 AM,1103.0,1014,1118442.0,501893248.79999995
2025-08-01 09:33:06 AM,1102.9,10,11029.0,501904277.79999995
2025-08-01 09:33:06 AM,1103.2,100,110320.0,502014597.79999995
2025-08-01 09:33:07 AM,1103.0,6,6618.0,502021215.79999995
