date,price,qty,trnvr,cum_trnvr
2025-08-01 09:15:01 AM,847.05,165,139763.25,139763.25
2025-08-01 09:15:02 AM,849.9,0,0.0,139763.25
2025-08-01 09:15:03 AM,849.9,61,51843.9,191607.15
2025-08-01 09:15:13 AM,849.9,173,147032.69999999998,338639.85
2025-08-01 09:15:20 AM,847.1,0,0.0,338639.85
2025-08-01 09:15:23 AM,847.1,10,8471.0,347110.85
2025-08-01 09:15:27 AM,845.25,0,0.0,347110.85
2025-08-01 09:15:32 AM,845.25,827,699021.75,1046132.6
2025-08-01 09:15:39 AM,845.5,0,0.0,1046132.6
2025-08-01 09:15:40 AM,845.5,2,1691.0,1047823.6
2025-08-01 09:15:47 AM,845.35,0,0.0,1047823.6
2025-08-01 09:15:48 AM,845.65,33,27906.45,1075730.05
2025-08-01 09:16:02 AM,845.5,0,0.0,1075730.05
2025-08-01 09:16:04 AM,843.0,0,0.0,1075730.05
2025-08-01 09:16:05 AM,843.0,652,549636.0,1625366.05
2025-08-01 09:16:15 AM,845.5,0,0.0,1625366.05
2025-08-01 09:16:18 AM,844.5,0,0.0,1625366.05
2025-08-01 09:16:21 AM,844.5,301,254194.5,1879560.55
2025-08-01 09:16:26 AM,843.3,0,0.0,1879560.55
2025-08-01 09:16:29 AM,844.5,48,40536.0,1920096.55
2025-08-01 09:16:36 AM,844.8,0,0.0,1920096.55
2025-08-01 09:16:38 AM,844.8,19,16051.199999999999,1936147.75
2025-08-01 09:16:39 AM,845.7,99,83724.3,2019872.05
2025-08-01 09:16:46 AM,845.0,10,8450.0,2028322.05
2025-08-01 09:16:54 AM,846.0,18,15228.0,2043550.05
2025-08-01 09:16:55 AM,846.4,15,12696.0,2056246.05
2025-08-01 09:17:02 AM,847.95,222,188244.90000000002,2244490.95
2025-08-01 09:17:04 AM,849.0,65,55185.0,2299675.95
2025-08-01 09:17:06 AM,849.4,0,0.0,2299675.95
2025-08-01 09:17:11 AM,849.4,16,13590.4,2313266.35
2025-08-01 09:17:16 AM,851.0,0,0.0,2313266.35
2025-08-01 09:17:19 AM,851.0,734,624634.0,2937900.35
2025-08-01 09:17:20 AM,853.95,98,83687.1,3021587.45
2025-08-01 09:17:24 AM,854.6,0,0.0,3021587.45
2025-08-01 09:17:27 AM,853.35,48,40960.8,3062548.25
2025-08-01 09:17:30 AM,853.2,0,0.0,3062548.25
2025-08-01 09:17:35 AM,853.2,170,145044.0,3207592.25
2025-08-01 09:17:38 AM,852.0,0,0.0,3207592.25
2025-08-01 09:17:45 AM,852.0,257,218964.0,3426556.25
2025-08-01 09:17:49 AM,852.05,0,0.0,3426556.25
2025-08-01 09:17:52 AM,852.05,241,205344.05,3631900.3
2025-08-01 09:17:53 AM,851.5,62,52793.0,3684693.3
2025-08-01 09:18:00 AM,852.8,300,255840.0,3940533.3
2025-08-01 09:18:01 AM,852.5,1,852.5,3941385.8
2025-08-01 09:18:04 AM,851.9,0,0.0,3941385.8
2025-08-01 09:18:06 AM,853.25,0,0.0,3941385.8
2025-08-01 09:18:09 AM,853.25,378,322528.5,4263914.3
2025-08-01 09:18:10 AM,853.0,9,7677.0,4271591.3
2025-08-01 09:18:12 AM,854.05,0,0.0,4271591.3
2025-08-01 09:18:14 AM,855.0,0,0.0,4271591.3
2025-08-01 09:18:17 AM,853.8,1105,943449.0,5215040.3
2025-08-01 09:18:20 AM,856.35,0,0.0,5215040.3
2025-08-01 09:18:22 AM,857.0,0,0.0,5215040.3
2025-08-01 09:18:25 AM,856.45,180,154161.0,5369201.3
2025-08-01 09:18:26 AM,854.85,219,187212.15,5556413.45
2025-08-01 09:18:28 AM,854.8,0,0.0,5556413.45
2025-08-01 09:18:30 AM,854.85,0,0.0,5556413.45
2025-08-01 09:18:33 AM,851.7,653,556160.1,6112573.55
2025-08-01 09:18:36 AM,853.3,0,0.0,6112573.55
2025-08-01 09:18:38 AM,851.6,0,0.0,6112573.55
2025-08-01 09:18:41 AM,851.6,183,155842.80000000002,6268416.35
2025-08-01 09:18:46 AM,852.7,0,0.0,6268416.35
2025-08-01 09:18:50 AM,852.25,151,128689.75,6397106.1
2025-08-01 09:18:52 AM,853.7,0,0.0,6397106.1
2025-08-01 09:18:58 AM,853.7,2,1707.4,6398813.5
2025-08-01 09:19:00 AM,854.75,0,0.0,6398813.5
2025-08-01 09:19:02 AM,852.45,0,0.0,6398813.5
2025-08-01 09:19:07 AM,852.45,344,293242.8,6692056.3
2025-08-01 09:19:08 AM,854.0,0,0.0,6692056.3
2025-08-01 09:19:14 AM,854.0,47,40138.0,6732194.3
2025-08-01 09:19:15 AM,855.25,66,56446.5,6788640.8
2025-08-01 09:19:16 AM,856.65,0,0.0,6788640.8
2025-08-01 09:19:22 AM,856.65,10,8566.5,6797207.3
2025-08-01 09:19:25 AM,856.0,0,0.0,6797207.3
2025-08-01 09:19:30 AM,856.0,45,38520.0,6835727.3
2025-08-01 09:19:32 AM,856.0,1,856.0,6836583.3
2025-08-01 09:19:33 AM,854.8,0,0.0,6836583.3
2025-08-01 09:19:38 AM,855.05,415,354845.75,7191429.05
2025-08-01 09:19:46 AM,853.6,200,170720.0,7362149.05
2025-08-01 09:19:54 AM,853.6,17,14511.2,7376660.25
2025-08-01 09:19:55 AM,854.5,0,0.0,7376660.25
2025-08-01 09:20:02 AM,854.5,10,8545.0,7385205.25
2025-08-01 09:20:09 AM,854.75,0,0.0,7385205.25
2025-08-01 09:20:10 AM,854.75,211,180352.25,7565557.5
2025-08-01 09:20:12 AM,854.45,10,8544.5,7574102.0
2025-08-01 09:20:18 AM,854.9,100,85490.0,7659592.0
2025-08-01 09:20:30 AM,856.25,0,0.0,7659592.0
2025-08-01 09:20:34 AM,857.0,295,252815.0,7912407.0
2025-08-01 09:20:34 AM,855.35,0,0.0,7912407.0
2025-08-01 09:20:35 AM,856.8,115,98532.0,8010939.0
2025-08-01 09:20:37 AM,857.25,0,0.0,8010939.0
2025-08-01 09:20:41 AM,857.65,0,0.0,8010939.0
2025-08-01 09:20:42 AM,857.65,65,55747.25,8066686.25
2025-08-01 09:20:43 AM,857.8,105,90069.0,8156755.25
2025-08-01 09:20:48 AM,857.65,0,0.0,8156755.25
2025-08-01 09:20:49 AM,857.65,37,31733.05,8188488.3
2025-08-01 09:20:51 AM,857.45,5,4287.25,8192775.55
2025-08-01 09:20:55 AM,858.4,0,0.0,8192775.55
2025-08-01 09:20:57 AM,858.35,252,216304.2,8409079.75
2025-08-01 09:21:02 AM,857.25,0,0.0,8409079.75
2025-08-01 09:21:05 AM,857.25,395,338613.75,8747693.5
2025-08-01 09:21:11 AM,857.9,0,0.0,8747693.5
2025-08-01 09:21:13 AM,857.9,121,103805.9,8851499.4
2025-08-01 09:21:21 AM,858.0,150,128700.0,8980199.4
2025-08-01 09:21:22 AM,858.0,11,9438.0,8989637.4
2025-08-01 09:21:23 AM,858.4,0,0.0,8989637.4
2025-08-01 09:21:25 AM,858.0,0,0.0,8989637.4
2025-08-01 09:21:29 AM,858.0,92,78936.0,9068573.4
2025-08-01 09:21:29 AM,858.0,1,858.0,9069431.4
2025-08-01 09:21:32 AM,859.6,0,0.0,9069431.4
2025-08-01 09:21:35 AM,859.9,0,0.0,9069431.4
2025-08-01 09:21:36 AM,860.4,2789,2399655.6,11469087.0
2025-08-01 09:21:37 AM,860.3,20,17206.0,11486293.0
2025-08-01 09:21:38 AM,862.0,0,0.0,11486293.0
2025-08-01 09:21:41 AM,862.95,0,0.0,11486293.0
2025-08-01 09:21:44 AM,862.95,280,241626.0,11727919.0
2025-08-01 09:21:48 AM,862.0,0,0.0,11727919.0
2025-08-01 09:21:50 AM,862.9,0,0.0,11727919.0
2025-08-01 09:21:51 AM,862.9,830,716207.0,12444126.0
2025-08-01 09:21:53 AM,862.8,17,14667.599999999999,12458793.6
2025-08-01 09:21:55 AM,863.2,0,0.0,12458793.6
2025-08-01 09:21:59 AM,863.2,380,328016.0,12786809.6
2025-08-01 09:22:07 AM,863.15,58,50062.7,12836872.299999999
2025-08-01 09:22:16 AM,863.2,10,8632.0,12845504.299999999
2025-08-01 09:22:22 AM,863.55,5,4317.75,12849822.049999999
2025-08-01 09:22:26 AM,863.9,0,0.0,12849822.049999999
2025-08-01 09:22:29 AM,863.55,399,344556.44999999995,13194378.499999998
2025-08-01 09:22:30 AM,863.9,0,0.0,13194378.499999998
2025-08-01 09:22:31 AM,863.5,206,177881.0,13372259.499999998
2025-08-01 09:22:37 AM,863.9,256,221158.4,13593417.899999999
2025-08-01 09:22:38 AM,864.1,0,0.0,13593417.899999999
2025-08-01 09:22:39 AM,864.1,47,40612.700000000004,13634030.599999998
2025-08-01 09:22:44 AM,864.8,0,0.0,13634030.599999998
2025-08-01 09:22:45 AM,864.8,69,59671.2,13693701.799999997
2025-08-01 09:22:50 AM,864.9,0,0.0,13693701.799999997
2025-08-01 09:22:52 AM,865.0,1064,920360.0,14614061.799999997
2025-08-01 09:22:54 AM,867.6,2695,2338182.0,16952243.799999997
2025-08-01 09:22:59 AM,867.65,0,0.0,16952243.799999997
2025-08-01 09:23:00 AM,867.65,315,273309.75,17225553.549999997
2025-08-01 09:23:02 AM,868.4,578,501935.2,17727488.749999996
2025-08-01 09:23:04 AM,868.15,0,0.0,17727488.749999996
2025-08-01 09:23:08 AM,868.15,160,138904.0,17866392.749999996
2025-08-01 09:23:09 AM,868.05,304,263887.2,18130279.949999996
2025-08-01 09:23:11 AM,866.8,0,0.0,18130279.949999996
2025-08-01 09:23:13 AM,867.0,0,0.0,18130279.949999996
2025-08-01 09:23:15 AM,866.6,1727,1496618.2,19626898.149999995
2025-08-01 09:23:17 AM,867.0,184,159528.0,19786426.149999995
2025-08-01 09:23:18 AM,867.15,0,0.0,19786426.149999995
2025-08-01 09:23:23 AM,866.75,106,91875.5,19878301.649999995
2025-08-01 09:23:25 AM,868.6,54,46904.4,19925206.049999993
2025-08-01 09:23:31 AM,866.9,269,233196.1,20158402.149999995
2025-08-01 09:23:31 AM,866.2,0,0.0,20158402.149999995
2025-08-01 09:23:32 AM,866.2,51,44176.200000000004,20202578.349999994
2025-08-01 09:23:38 AM,865.8,207,179220.59999999998,20381798.949999996
2025-08-01 09:23:50 AM,865.25,0,0.0,20381798.949999996
2025-08-01 09:23:55 AM,864.75,438,378760.5,20760559.449999996
2025-08-01 09:23:57 AM,864.15,0,0.0,20760559.449999996
2025-08-01 09:24:01 AM,862.35,2910,2509438.5,23269997.949999996
2025-08-01 09:24:03 AM,862.85,485,418482.25,23688480.199999996
2025-08-01 09:24:03 AM,862.6,0,0.0,23688480.199999996
2025-08-01 09:24:04 AM,862.8,0,0.0,23688480.199999996
2025-08-01 09:24:09 AM,861.75,272,234396.0,23922876.199999996
2025-08-01 09:24:11 AM,862.65,0,0.0,23922876.199999996
2025-08-01 09:24:16 AM,861.75,68,58599.0,23981475.199999996
2025-08-01 09:24:17 AM,862.2,0,0.0,23981475.199999996
2025-08-01 09:24:18 AM,862.2,66,56905.200000000004,24038380.399999995
2025-08-01 09:24:23 AM,862.25,0,0.0,24038380.399999995
2025-08-01 09:24:24 AM,862.25,848,731188.0,24769568.399999995
2025-08-01 09:24:25 AM,862.6,282,243253.2,25012821.599999994
2025-08-01 09:24:41 AM,862.0,201,173262.0,25186083.599999994
2025-08-01 09:24:47 AM,861.7,150,129255.0,25315338.599999994
2025-08-01 09:24:55 AM,862.95,0,0.0,25315338.599999994
2025-08-01 09:24:56 AM,862.95,205,176904.75,25492243.349999994
2025-08-01 09:25:01 AM,862.2,6,5173.200000000001,25497416.549999993
2025-08-01 09:25:09 AM,861.45,0,0.0,25497416.549999993
2025-08-01 09:25:11 AM,861.45,2,1722.9,25499139.44999999
2025-08-01 09:25:16 AM,862.0,100,86200.0,25585339.44999999
2025-08-01 09:25:19 AM,861.5,15,12922.5,25598261.94999999
2025-08-01 09:25:20 AM,864.55,0,0.0,25598261.94999999
2025-08-01 09:25:24 AM,864.55,622,537750.1,26136012.049999993
2025-08-01 09:25:26 AM,863.6,138,119176.8,26255188.849999994
2025-08-01 09:25:31 AM,862.6,12,10351.2,26265540.049999993
2025-08-01 09:25:32 AM,862.65,0,0.0,26265540.049999993
2025-08-01 09:25:34 AM,862.65,5,4313.25,26269853.299999993
2025-08-01 09:25:38 AM,863.85,0,0.0,26269853.299999993
2025-08-01 09:25:39 AM,863.85,2,1727.7,26271580.999999993
2025-08-01 09:25:48 AM,863.85,696,601239.6,26872820.599999994
2025-08-01 09:25:54 AM,862.6,256,220825.6,27093646.199999996
2025-08-01 09:25:55 AM,863.6,0,0.0,27093646.199999996
2025-08-01 09:25:56 AM,863.6,100,86360.0,27180006.199999996
2025-08-01 09:26:01 AM,863.9,315,272128.5,27452134.699999996
2025-08-01 09:26:04 AM,864.0,73,63072.0,27515206.699999996
2025-08-01 09:26:09 AM,864.0,232,200448.0,27715654.699999996
2025-08-01 09:26:09 AM,864.3,0,0.0,27715654.699999996
2025-08-01 09:26:11 AM,865.0,247,213655.0,27929309.699999996
2025-08-01 09:26:17 AM,865.05,19,16435.95,27945745.649999995
2025-08-01 09:26:19 AM,866.4,58,50251.2,27995996.849999994
2025-08-01 09:26:26 AM,866.1,0,0.0,27995996.849999994
2025-08-01 09:26:26 AM,866.1,81,70154.1,28066150.949999996
2025-08-01 09:26:27 AM,867.1,0,0.0,28066150.949999996
2025-08-01 09:26:31 AM,865.75,0,0.0,28066150.949999996
2025-08-01 09:26:32 AM,865.75,129,111681.75,28177832.699999996
2025-08-01 09:26:36 AM,866.6,0,0.0,28177832.699999996
2025-08-01 09:26:39 AM,865.75,0,0.0,28177832.699999996
2025-08-01 09:26:40 AM,865.75,120,103890.0,28281722.699999996
2025-08-01 09:26:42 AM,865.85,0,0.0,28281722.699999996
2025-08-01 09:26:48 AM,865.85,45,38963.25,28320685.949999996
2025-08-01 09:26:52 AM,865.75,0,0.0,28320685.949999996
2025-08-01 09:26:55 AM,865.75,175,151506.25,28472192.199999996
2025-08-01 09:27:06 AM,865.25,0,0.0,28472192.199999996
2025-08-01 09:27:10 AM,865.25,48,41532.0,28513724.199999996
2025-08-01 09:27:19 AM,865.0,29,25085.0,28538809.199999996
2025-08-01 09:27:31 AM,864.25,0,0.0,28538809.199999996
2025-08-01 09:27:32 AM,864.25,100,86425.0,28625234.199999996
2025-08-01 09:27:40 AM,864.25,552,477066.0,29102300.199999996
2025-08-01 09:27:41 AM,864.25,30,25927.5,29128227.699999996
2025-08-01 09:27:46 AM,863.25,0,0.0,29128227.699999996
2025-08-01 09:27:47 AM,863.25,104,89778.0,29218005.699999996
2025-08-01 09:27:57 AM,863.0,0,0.0,29218005.699999996
2025-08-01 09:27:57 AM,863.0,35,30205.0,29248210.699999996
2025-08-01 09:28:02 AM,863.4,0,0.0,29248210.699999996
2025-08-01 09:28:03 AM,863.4,15,12951.0,29261161.699999996
2025-08-01 09:28:09 AM,864.0,0,0.0,29261161.699999996
2025-08-01 09:28:11 AM,864.0,10,8640.0,29269801.699999996
2025-08-01 09:28:25 AM,863.9,0,0.0,29269801.699999996
2025-08-01 09:28:26 AM,863.9,10,8639.0,29278440.699999996
2025-08-01 09:28:31 AM,863.4,0,0.0,29278440.699999996
2025-08-01 09:28:31 AM,862.6,0,0.0,29278440.699999996
2025-08-01 09:28:33 AM,862.6,210,181146.0,29459586.699999996
2025-08-01 09:28:41 AM,863.2,17,14674.400000000001,29474261.099999994
2025-08-01 09:28:43 AM,861.9,0,0.0,29474261.099999994
2025-08-01 09:28:49 AM,861.9,399,343898.1,29818159.199999996
2025-08-01 09:28:52 AM,861.6,0,0.0,29818159.199999996
2025-08-01 09:28:56 AM,862.5,80,69000.0,29887159.199999996
2025-08-01 09:29:04 AM,861.45,0,0.0,29887159.199999996
2025-08-01 09:29:04 AM,861.45,170,146446.5,30033605.699999996
2025-08-01 09:29:12 AM,861.45,20,17229.0,30050834.699999996
2025-08-01 09:29:19 AM,861.45,27,23259.15,30074093.849999994
2025-08-01 09:29:26 AM,861.15,0,0.0,30074093.849999994
2025-08-01 09:29:27 AM,861.15,186,160173.9,30234267.749999993
2025-08-01 09:29:31 AM,861.2,0,0.0,30234267.749999993
2025-08-01 09:29:34 AM,860.45,627,539502.15,30773769.89999999
2025-08-01 09:29:46 AM,861.7,0,0.0,30773769.89999999
2025-08-01 09:29:49 AM,861.7,1,861.7,30774631.59999999
2025-08-01 09:29:56 AM,861.3,0,0.0,30774631.59999999
2025-08-01 09:29:57 AM,861.3,1038,894029.3999999999,31668660.99999999
2025-08-01 09:30:04 AM,861.35,49,42206.15,31710867.149999987
2025-08-01 09:30:12 AM,861.3,44,37897.2,31748764.349999987
2025-08-01 09:30:20 AM,861.1,1,861.1,31749625.449999988
2025-08-01 09:30:31 AM,861.0,0,0.0,31749625.449999988
2025-08-01 09:30:34 AM,861.0,10,8610.0,31758235.449999988
2025-08-01 09:30:35 AM,861.1,1,861.1,31759096.54999999
2025-08-01 09:30:38 AM,861.3,0,0.0,31759096.54999999
2025-08-01 09:30:42 AM,861.25,23,19808.75,31778905.29999999
2025-08-01 09:30:52 AM,860.65,0,0.0,31778905.29999999
2025-08-01 09:30:55 AM,860.6,0,0.0,31778905.29999999
2025-08-01 09:30:56 AM,860.6,22,18933.2,31797838.49999999
2025-08-01 09:31:18 AM,860.6,1,860.6,31798699.09999999
2025-08-01 09:31:26 AM,860.15,197,169449.55,31968148.64999999
2025-08-01 09:31:38 AM,860.2,0,0.0,31968148.64999999
2025-08-01 09:31:40 AM,860.2,80,68816.0,32036964.64999999
2025-08-01 09:31:47 AM,859.7,336,288859.2,32325823.84999999
2025-08-01 09:32:04 AM,859.2,0,0.0,32325823.84999999
2025-08-01 09:32:08 AM,859.2,40,34368.0,32360191.84999999
2025-08-01 09:32:22 AM,859.6,2,1719.2,32361911.04999999
2025-08-01 09:32:28 AM,861.1,0,0.0,32361911.04999999
2025-08-01 09:32:29 AM,861.1,94,80943.40000000001,32442854.449999988
2025-08-01 09:32:34 AM,860.25,0,0.0,32442854.449999988
2025-08-01 09:32:36 AM,860.25,50,43012.5,32485866.949999988
2025-08-01 09:32:43 AM,860.25,1,860.25,32486727.199999988
2025-08-01 09:32:57 AM,860.25,22,18925.5,32505652.699999988
2025-08-01 09:32:58 AM,861.0,0,0.0,32505652.699999988
2025-08-01 09:33:03 AM,860.45,402,345900.9,32851553.599999987
2025-08-01 09:33:10 AM,860.3,0,0.0,32851553.599999987
2025-08-01 09:33:11 AM,860.3,11,9463.3,32861016.899999987
2025-08-01 09:33:15 AM,859.85,0,0.0,32861016.899999987
2025-08-01 09:33:17 AM,859.85,1,859.85,32861876.74999999
2025-08-01 09:33:20 AM,859.2,0,0.0,32861876.74999999
2025-08-01 09:33:24 AM,859.2,10,8592.0,32870468.74999999
2025-08-01 09:34:05 AM,859.65,0,0.0,32870468.74999999
2025-08-01 09:34:06 AM,859.65,301,258754.65,33129223.399999987
2025-08-01 09:34:13 AM,860.85,7,6025.95,33135249.349999987
2025-08-01 09:34:15 AM,861.0,0,0.0,33135249.349999987
2025-08-01 09:34:20 AM,861.0,25,21525.0,33156774.349999987
2025-08-01 09:34:27 AM,860.85,73,62842.05,33219616.399999987
2025-08-01 09:34:43 AM,860.6,0,0.0,33219616.399999987
2025-08-01 09:34:48 AM,860.6,176,151465.6,33371081.99999999
2025-08-01 09:34:50 AM,860.5,0,0.0,33371081.99999999
2025-08-01 09:34:55 AM,860.5,788,678074.0,34049155.999999985
2025-08-01 09:35:00 AM,860.65,0,0.0,34049155.999999985
2025-08-01 09:35:02 AM,860.65,15,12909.75,34062065.749999985
2025-08-01 09:35:09 AM,860.65,1,860.65,34062926.39999998
2025-08-01 09:35:15 AM,861.0,0,0.0,34062926.39999998
2025-08-01 09:35:16 AM,861.0,105,90405.0,34153331.39999998
2025-08-01 09:35:23 AM,861.7,15,12925.5,34166256.89999998
2025-08-01 09:35:25 AM,861.55,0,0.0,34166256.89999998
2025-08-01 09:35:25 AM,860.3,0,0.0,34166256.89999998
2025-08-01 09:35:30 AM,860.3,196,168618.8,34334875.69999998
2025-08-01 09:35:55 AM,859.45,0,0.0,34334875.69999998
2025-08-01 09:35:57 AM,859.45,183,157279.35,34492155.04999998
2025-08-01 09:36:00 AM,859.0,0,0.0,34492155.04999998
2025-08-01 09:36:03 AM,859.0,50,42950.0,34535105.04999998
2025-08-01 09:36:08 AM,859.05,0,0.0,34535105.04999998
2025-08-01 09:36:10 AM,859.05,10,8590.5,34543695.54999998
2025-08-01 09:36:12 AM,859.0,0,0.0,34543695.54999998
2025-08-01 09:36:17 AM,859.0,49,42091.0,34585786.54999998
2025-08-01 09:36:24 AM,859.45,0,0.0,34585786.54999998
2025-08-01 09:36:24 AM,859.45,2,1718.9,34587505.44999998
2025-08-01 09:36:30 AM,859.45,11,9453.95,34596959.39999998
2025-08-01 09:36:57 AM,859.0,1,859.0,34597818.39999998
2025-08-01 09:37:04 AM,859.45,0,0.0,34597818.39999998
2025-08-01 09:37:09 AM,859.0,0,0.0,34597818.39999998
2025-08-01 09:37:10 AM,859.0,368,316112.0,34913930.39999998
2025-08-01 09:37:14 AM,858.75,0,0.0,34913930.39999998
2025-08-01 09:37:17 AM,858.75,10,8587.5,34922517.89999998
2025-08-01 09:37:29 AM,858.7,0,0.0,34922517.89999998
2025-08-01 09:37:31 AM,858.7,6,5152.200000000001,34927670.09999999
2025-08-01 09:37:38 AM,858.05,100,85805.0,35013475.09999999
2025-08-01 09:37:44 AM,857.5,79,67742.5,35081217.59999999
2025-08-01 09:38:04 AM,856.95,50,42847.5,35124065.09999999
2025-08-01 09:38:15 AM,857.6,0,0.0,35124065.09999999
2025-08-01 09:38:18 AM,859.4,1001,860259.4,35984324.499999985
2025-08-01 09:38:20 AM,860.3,0,0.0,35984324.499999985
2025-08-01 09:38:25 AM,860.7,827,711798.9,36696123.39999998
2025-08-01 09:38:30 AM,861.65,0,0.0,36696123.39999998
2025-08-01 09:38:32 AM,861.65,127,109429.55,36805552.94999998
2025-08-01 09:38:35 AM,862.0,0,0.0,36805552.94999998
2025-08-01 09:38:38 AM,862.0,52,44824.0,36850376.94999998
2025-08-01 09:38:40 AM,862.8,0,0.0,36850376.94999998
2025-08-01 09:38:45 AM,862.8,185,159618.0,37009994.94999998
2025-08-01 09:38:48 AM,862.6,0,0.0,37009994.94999998
2025-08-01 09:38:52 AM,861.6,22,18955.2,37028950.14999998
2025-08-01 09:38:56 AM,862.3,0,0.0,37028950.14999998
2025-08-01 09:38:58 AM,862.3,1,862.3,37029812.44999998
2025-08-01 09:39:10 AM,861.8,0,0.0,37029812.44999998
2025-08-01 09:39:12 AM,861.95,221,190490.95,37220303.39999998
2025-08-01 09:39:15 AM,861.1,0,0.0,37220303.39999998
2025-08-01 09:39:19 AM,861.1,5,4305.5,37224608.89999998
2025-08-01 09:39:25 AM,861.45,3,2584.3500000000004,37227193.249999985
2025-08-01 09:39:32 AM,861.45,10,8614.5,37235807.749999985
2025-08-01 09:39:38 AM,861.45,11,9475.95,37245283.69999999
2025-08-01 09:40:11 AM,861.45,1,861.45,37246145.14999999
2025-08-01 09:40:24 AM,861.6,16,13785.6,37259930.74999999
2025-08-01 09:40:37 AM,861.0,100,86100.0,37346030.74999999
2025-08-01 09:40:40 AM,862.0,0,0.0,37346030.74999999
2025-08-01 09:40:44 AM,862.0,416,358592.0,37704622.74999999
2025-08-01 09:40:48 AM,863.0,0,0.0,37704622.74999999
2025-08-01 09:40:51 AM,863.0,22,18986.0,37723608.74999999
2025-08-01 09:40:57 AM,863.8,4,3455.2,37727063.949999996
2025-08-01 09:41:08 AM,864.05,0,0.0,37727063.949999996
2025-08-01 09:41:11 AM,864.25,766,662015.5,38389079.449999996
2025-08-01 09:41:12 AM,864.4,0,0.0,38389079.449999996
2025-08-01 09:41:16 AM,863.6,0,0.0,38389079.449999996
2025-08-01 09:41:17 AM,863.6,351,303123.60000000003,38692203.05
2025-08-01 09:41:20 AM,864.0,0,0.0,38692203.05
2025-08-01 09:41:24 AM,864.0,5,4320.0,38696523.05
2025-08-01 09:41:28 AM,863.2,0,0.0,38696523.05
2025-08-01 09:41:30 AM,863.25,1025,884831.25,39581354.3
2025-08-01 09:41:36 AM,863.65,0,0.0,39581354.3
2025-08-01 09:41:37 AM,863.65,2,1727.3,39583081.599999994
2025-08-01 09:41:48 AM,862.15,0,0.0,39583081.599999994
2025-08-01 09:41:50 AM,861.35,595,512503.25,40095584.849999994
2025-08-01 09:41:56 AM,861.5,0,0.0,40095584.849999994
2025-08-01 09:41:57 AM,861.5,60,51690.0,40147274.849999994
2025-08-01 09:42:16 AM,861.0,139,119679.0,40266953.849999994
2025-08-01 09:42:21 AM,859.85,0,0.0,40266953.849999994
2025-08-01 09:42:23 AM,859.85,14,12037.9,40278991.74999999
2025-08-01 09:42:39 AM,858.85,0,0.0,40278991.74999999
2025-08-01 09:42:39 AM,859.85,0,0.0,40278991.74999999
2025-08-01 09:42:42 AM,859.85,177,152193.45,40431185.199999996
2025-08-01 09:43:09 AM,859.85,50,42992.5,40474177.699999996
2025-08-01 09:43:15 AM,859.85,4,3439.4,40477617.099999994
2025-08-01 09:43:28 AM,859.85,5,4299.25,40481916.349999994
2025-08-01 09:43:51 AM,860.3,0,0.0,40481916.349999994
2025-08-01 09:43:54 AM,860.3,9,7742.7,40489659.05
2025-08-01 09:44:19 AM,860.7,0,0.0,40489659.05
2025-08-01 09:44:22 AM,860.7,11,9467.7,40499126.75
2025-08-01 09:45:03 AM,860.05,0,0.0,40499126.75
2025-08-01 09:45:07 AM,860.05,29,24941.449999999997,40524068.2
2025-08-01 09:45:10 AM,860.25,0,0.0,40524068.2
2025-08-01 09:45:13 AM,860.25,1528,1314462.0,41838530.2
2025-08-01 09:45:14 AM,860.0,0,0.0,41838530.2
2025-08-01 09:45:15 AM,860.0,1,860.0,41839390.2
2025-08-01 09:46:01 AM,859.6,0,0.0,41839390.2
2025-08-01 09:46:05 AM,859.6,74,63610.4,41903000.6
2025-08-01 09:46:06 AM,859.75,1,859.75,41903860.35
2025-08-01 09:46:21 AM,859.6,0,0.0,41903860.35
2025-08-01 09:46:25 AM,859.6,10,8596.0,41912456.35
2025-08-01 09:46:37 AM,859.6,5,4298.0,41916754.35
2025-08-01 09:46:43 AM,859.6,50,42980.0,41959734.35
2025-08-01 09:46:48 AM,859.45,0,0.0,41959734.35
2025-08-01 09:46:49 AM,858.6,0,0.0,41959734.35
2025-08-01 09:46:50 AM,858.6,38,32626.8,41992361.15
2025-08-01 09:46:52 AM,858.15,0,0.0,41992361.15
2025-08-01 09:46:56 AM,858.15,5,4290.75,41996651.9
2025-08-01 09:46:57 AM,858.45,0,0.0,41996651.9
2025-08-01 09:46:58 AM,858.45,1,858.45,41997510.35
2025-08-01 09:47:05 AM,858.35,0,0.0,41997510.35
2025-08-01 09:47:08 AM,858.55,0,0.0,41997510.35
2025-08-01 09:47:08 AM,858.55,21,18029.55,42015539.9
2025-08-01 09:47:49 AM,858.65,14,12021.1,42027561.0
2025-08-01 09:48:51 AM,859.35,0,0.0,42027561.0
2025-08-01 09:48:52 AM,859.35,50,42967.5,42070528.5
2025-08-01 09:49:06 AM,859.2,0,0.0,42070528.5
2025-08-01 09:49:07 AM,859.2,15,12888.0,42083416.5
2025-08-01 09:49:38 AM,859.0,11,9449.0,42092865.5
2025-08-01 09:49:54 AM,859.2,1,859.2,42093724.7
2025-08-01 09:49:56 AM,859.1,0,0.0,42093724.7
2025-08-01 09:49:57 AM,859.1,4,3436.4,42097161.1
2025-08-01 09:50:58 AM,859.05,0,0.0,42097161.1
2025-08-01 09:51:00 AM,859.05,2,1718.1,42098879.2
2025-08-01 09:51:17 AM,859.05,36,30925.8,42129805.0
2025-08-01 09:51:18 AM,858.6,0,0.0,42129805.0
2025-08-01 09:51:19 AM,858.6,25,21465.0,42151270.0
2025-08-01 09:51:27 AM,859.05,0,0.0,42151270.0
2025-08-01 09:51:29 AM,859.05,19,16321.949999999999,42167591.95
2025-08-01 09:51:35 AM,858.9,47,40368.299999999996,42207960.25
2025-08-01 09:51:42 AM,858.4,2,1716.8,42209677.05
2025-08-01 09:51:45 AM,858.75,0,0.0,42209677.05
2025-08-01 09:51:50 AM,858.75,97,83298.75,42292975.8
2025-08-01 09:51:54 AM,858.75,3,2576.25,42295552.05
2025-08-01 09:52:04 AM,859.2,0,0.0,42295552.05
2025-08-01 09:52:06 AM,859.2,1339,1150468.8,43446020.849999994
2025-08-01 09:52:10 AM,860.7,0,0.0,43446020.849999994
2025-08-01 09:52:12 AM,860.7,138,118776.6,43564797.449999996
2025-08-01 09:53:20 AM,860.65,1,860.65,43565658.099999994
2025-08-01 09:53:38 AM,859.75,20,17195.0,43582853.099999994
2025-08-01 09:54:08 AM,859.15,0,0.0,43582853.099999994
2025-08-01 09:54:09 AM,859.15,1,859.15,43583712.24999999
2025-08-01 09:54:11 AM,859.15,5,4295.75,43588007.99999999
2025-08-01 09:54:51 AM,857.3,0,0.0,43588007.99999999
2025-08-01 09:54:52 AM,857.3,350,300055.0,43888062.99999999
2025-08-01 09:55:17 AM,858.15,20,17163.0,43905225.99999999
2025-08-01 09:55:27 AM,858.15,1,858.15,43906084.14999999
2025-08-01 09:55:51 AM,858.45,0,0.0,43906084.14999999
2025-08-01 09:55:52 AM,858.45,2,1716.9,43907801.04999999
2025-08-01 09:56:14 AM,858.7,0,0.0,43907801.04999999
2025-08-01 09:56:16 AM,858.7,1,858.7,43908659.74999999
2025-08-01 09:56:39 AM,858.75,0,0.0,43908659.74999999
2025-08-01 09:56:39 AM,858.75,23,19751.25,43928410.99999999
2025-08-01 09:56:44 AM,858.4,0,0.0,43928410.99999999
2025-08-01 09:56:46 AM,858.4,35,30044.0,43958454.99999999
2025-08-01 09:56:52 AM,858.95,139,119394.05,44077849.04999999
2025-08-01 09:56:57 AM,858.75,0,0.0,44077849.04999999
2025-08-01 09:56:58 AM,858.75,25,21468.75,44099317.79999999
2025-08-01 09:57:51 AM,858.15,2,1716.3,44101034.09999999
2025-08-01 09:58:27 AM,858.4,25,21460.0,44122494.09999999
2025-08-01 09:58:38 AM,858.0,0,0.0,44122494.09999999
2025-08-01 09:58:40 AM,858.0,5,4290.0,44126784.09999999
2025-08-01 09:59:04 AM,859.3,351,301614.3,44428398.39999998
2025-08-01 09:59:06 AM,860.45,0,0.0,44428398.39999998
2025-08-01 09:59:10 AM,860.45,1,860.45,44429258.84999999
2025-08-01 09:59:31 AM,860.0,0,0.0,44429258.84999999
2025-08-01 09:59:32 AM,860.0,15,12900.0,44442158.84999999
2025-08-01 09:59:35 AM,860.0,2,1720.0,44443878.84999999
2025-08-01 10:00:28 AM,860.0,39,33540.0,44477418.84999999
2025-08-01 10:00:41 AM,860.0,4,3440.0,44480858.84999999
2025-08-01 10:01:25 AM,860.5,514,442297.0,44923155.84999999
2025-08-01 10:01:37 AM,861.5,100,86150.0,45009305.84999999
2025-08-01 10:01:43 AM,862.2,0,0.0,45009305.84999999
2025-08-01 10:01:44 AM,862.2,2,1724.4,45011030.249999985
2025-08-01 10:01:50 AM,862.6,5,4313.0,45015343.249999985
2025-08-01 10:01:55 AM,862.4,0,0.0,45015343.249999985
2025-08-01 10:01:56 AM,862.4,194,167305.6,45182648.84999999
2025-08-01 10:01:59 AM,860.9,0,0.0,45182648.84999999
2025-08-01 10:02:00 AM,861.75,0,0.0,45182648.84999999
2025-08-01 10:02:02 AM,861.1,4,3444.4,45186093.249999985
2025-08-01 10:02:10 AM,861.05,1,861.05,45186954.29999998
2025-08-01 10:02:14 AM,862.25,0,0.0,45186954.29999998
2025-08-01 10:02:15 AM,862.25,30,25867.5,45212821.79999998
2025-08-01 10:02:21 AM,862.25,1,862.25,45213684.04999998
2025-08-01 10:02:40 AM,861.9,0,0.0,45213684.04999998
2025-08-01 10:02:40 AM,861.9,1,861.9,45214545.94999998
2025-08-01 10:02:45 AM,862.2,0,0.0,45214545.94999998
2025-08-01 10:02:49 AM,862.2,17,14657.400000000001,45229203.34999998
2025-08-01 10:03:18 AM,861.25,0,0.0,45229203.34999998
2025-08-01 10:03:19 AM,861.2,19,16362.800000000001,45245566.149999976
2025-08-01 10:03:21 AM,861.8,16,13788.8,45259354.94999997
2025-08-01 10:03:22 AM,862.25,0,0.0,45259354.94999997
2025-08-01 10:03:25 AM,862.9,348,300289.2,45559644.149999976
2025-08-01 10:03:32 AM,863.0,147,126861.0,45686505.149999976
2025-08-01 10:03:34 AM,865.7,0,0.0,45686505.149999976
2025-08-01 10:03:34 AM,865.7,1650,1428405.0,47114910.149999976
2025-08-01 10:03:38 AM,864.85,0,0.0,47114910.149999976
2025-08-01 10:03:38 AM,864.85,108,93403.8,47208313.94999997
2025-08-01 10:03:40 AM,865.9,150,129885.0,47338198.94999997
2025-08-01 10:03:44 AM,865.15,1,865.15,47339064.09999997
2025-08-01 10:03:50 AM,865.15,480,415272.0,47754336.09999997
2025-08-01 10:03:56 AM,865.15,693,599548.95,48353885.049999975
2025-08-01 10:04:02 AM,866.0,0,0.0,48353885.049999975
2025-08-01 10:04:03 AM,866.0,611,529126.0,48883011.049999975
2025-08-01 10:04:05 AM,865.95,50,43297.5,48926308.549999975
2025-08-01 10:04:06 AM,866.1,0,0.0,48926308.549999975
2025-08-01 10:04:09 AM,866.1,703,608868.3,49535176.84999997
2025-08-01 10:04:21 AM,865.95,6,5195.700000000001,49540372.549999975
2025-08-01 10:04:34 AM,865.2,2,1730.4,49542102.94999997
2025-08-01 10:04:48 AM,865.25,0,0.0,49542102.94999997
2025-08-01 10:04:49 AM,865.25,35,30283.75,49572386.69999997
2025-08-01 10:04:55 AM,865.95,7,6061.650000000001,49578448.34999997
2025-08-01 10:04:59 AM,865.25,1,865.25,49579313.59999997
2025-08-01 10:05:00 AM,866.1,0,0.0,49579313.59999997
2025-08-01 10:05:01 AM,867.4,1727,1497999.8,51077313.39999997
2025-08-01 10:05:05 AM,867.9,0,0.0,51077313.39999997
2025-08-01 10:05:05 AM,867.9,691,599718.9,51677032.29999997
2025-08-01 10:05:07 AM,867.3,25,21682.5,51698714.79999997
2025-08-01 10:05:11 AM,867.95,0,0.0,51698714.79999997
2025-08-01 10:05:11 AM,867.95,30,26038.5,51724753.29999997
2025-08-01 10:05:14 AM,867.3,0,0.0,51724753.29999997
2025-08-01 10:05:18 AM,867.3,11,9540.3,51734293.599999964
2025-08-01 10:05:23 AM,868.0,0,0.0,51734293.599999964
2025-08-01 10:05:26 AM,868.0,91,78988.0,51813281.599999964
2025-08-01 10:05:27 AM,867.65,0,0.0,51813281.599999964
2025-08-01 10:05:27 AM,867.8,0,0.0,51813281.599999964
2025-08-01 10:05:30 AM,867.8,198,171824.4,51985105.99999996
2025-08-01 10:05:38 AM,867.25,2,1734.5,51986840.49999996
2025-08-01 10:05:48 AM,867.25,501,434492.25,52421332.74999996
2025-08-01 10:05:50 AM,866.95,2,1733.9,52423066.64999996
2025-08-01 10:05:54 AM,868.6,0,0.0,52423066.64999996
2025-08-01 10:05:54 AM,868.6,206,178931.6,52601998.24999996
2025-08-01 10:05:57 AM,868.25,0,0.0,52601998.24999996
2025-08-01 10:06:00 AM,868.25,3,2604.75,52604602.99999996
2025-08-01 10:06:08 AM,869.0,0,0.0,52604602.99999996
2025-08-01 10:06:08 AM,868.6,281,244076.6,52848679.599999964
2025-08-01 10:06:23 AM,868.6,10,8686.0,52857365.599999964
2025-08-01 10:06:26 AM,868.2,0,0.0,52857365.599999964
2025-08-01 10:06:29 AM,868.1,0,0.0,52857365.599999964
2025-08-01 10:06:29 AM,868.1,100,86810.0,52944175.599999964
2025-08-01 10:06:32 AM,868.55,10,8685.5,52952861.099999964
2025-08-01 10:06:35 AM,868.55,1,868.55,52953729.64999996
2025-08-01 10:06:41 AM,868.05,0,0.0,52953729.64999996
2025-08-01 10:06:41 AM,867.25,128,111008.0,53064737.64999996
2025-08-01 10:06:44 AM,867.25,3,2601.75,53067339.39999996
2025-08-01 10:06:46 AM,867.7,0,0.0,53067339.39999996
2025-08-01 10:06:48 AM,867.65,75,65073.75,53132413.14999996
2025-08-01 10:06:50 AM,867.25,37,32088.25,53164501.39999996
2025-08-01 10:06:56 AM,867.35,0,0.0,53164501.39999996
2025-08-01 10:06:56 AM,867.35,31,26887.850000000002,53191389.24999996
2025-08-01 10:07:00 AM,867.4,42,36430.799999999996,53227820.04999996
2025-08-01 10:07:02 AM,866.5,17,14730.5,53242550.54999996
2025-08-01 10:07:06 AM,867.15,0,0.0,53242550.54999996
2025-08-01 10:07:06 AM,867.15,2,1734.3,53244284.84999996
2025-08-01 10:07:11 AM,867.3,0,0.0,53244284.84999996
2025-08-01 10:07:12 AM,867.3,50,43365.0,53287649.84999996
2025-08-01 10:07:26 AM,867.2,0,0.0,53287649.84999996
2025-08-01 10:07:27 AM,867.2,5,4336.0,53291985.84999996
2025-08-01 10:07:30 AM,867.35,0,0.0,53291985.84999996
2025-08-01 10:07:31 AM,867.9,721,625755.9,53917741.749999955
2025-08-01 10:07:33 AM,867.15,9,7804.349999999999,53925546.09999996
2025-08-01 10:07:37 AM,867.2,20,17344.0,53942890.09999996
2025-08-01 10:07:45 AM,867.25,8,6938.0,53949828.09999996
2025-08-01 10:08:02 AM,869.0,0,0.0,53949828.09999996
2025-08-01 10:08:02 AM,869.0,600,521400.0,54471228.09999996
2025-08-01 10:08:16 AM,869.0,173,150337.0,54621565.09999996
2025-08-01 10:08:21 AM,869.25,0,0.0,54621565.09999996
2025-08-01 10:08:21 AM,869.25,120,104310.0,54725875.09999996
2025-08-01 10:08:28 AM,869.6,51,44349.6,54770224.69999996
2025-08-01 10:08:51 AM,869.8,0,0.0,54770224.69999996
2025-08-01 10:08:51 AM,869.8,105,91329.0,54861553.69999996
2025-08-01 10:08:56 AM,868.5,0,0.0,54861553.69999996
2025-08-01 10:08:56 AM,868.5,500,434250.0,55295803.69999996
2025-08-01 10:09:04 AM,870.2,3370,2932574.0,58228377.69999996
2025-08-01 10:09:09 AM,871.95,0,0.0,58228377.69999996
2025-08-01 10:09:10 AM,871.95,326,284255.7,58512633.39999996
2025-08-01 10:09:12 AM,872.0,0,0.0,58512633.39999996
2025-08-01 10:09:14 AM,871.45,2,1742.9,58514376.29999996
2025-08-01 10:09:16 AM,871.75,5,4358.75,58518735.04999996
2025-08-01 10:09:23 AM,871.85,0,0.0,58518735.04999996
2025-08-01 10:09:24 AM,871.5,0,0.0,58518735.04999996
2025-08-01 10:09:26 AM,871.5,249,217003.5,58735738.54999996
2025-08-01 10:09:28 AM,871.85,5,4359.25,58740097.79999996
2025-08-01 10:09:32 AM,871.8,0,0.0,58740097.79999996
2025-08-01 10:09:32 AM,871.8,10,8718.0,58748815.79999996
2025-08-01 10:09:34 AM,871.1,6,5226.6,58754042.39999996
2025-08-01 10:09:35 AM,871.5,0,0.0,58754042.39999996
2025-08-01 10:09:38 AM,871.5,71,61876.5,58815918.89999996
2025-08-01 10:09:45 AM,871.0,0,0.0,58815918.89999996
2025-08-01 10:09:45 AM,871.0,35,30485.0,58846403.89999996
2025-08-01 10:09:55 AM,871.5,775,675412.5,59521816.39999996
2025-08-01 10:09:59 AM,872.35,0,0.0,59521816.39999996
2025-08-01 10:10:00 AM,872.15,179,156114.85,59677931.24999996
2025-08-01 10:10:02 AM,872.25,0,0.0,59677931.24999996
2025-08-01 10:10:02 AM,872.25,115,100308.75,59778239.99999996
2025-08-01 10:10:03 AM,871.95,0,0.0,59778239.99999996
2025-08-01 10:10:06 AM,871.95,139,121201.05,59899441.04999996
2025-08-01 10:10:08 AM,872.25,0,0.0,59899441.04999996
2025-08-01 10:10:08 AM,872.25,20,17445.0,59916886.04999996
2025-08-01 10:10:12 AM,872.25,1,872.25,59917758.29999996
2025-08-01 10:10:14 AM,872.2,119,103791.8,60021550.09999996
2025-08-01 10:10:16 AM,872.4,0,0.0,60021550.09999996
2025-08-01 10:10:18 AM,872.0,3,2616.0,60024166.09999996
2025-08-01 10:10:19 AM,872.15,0,0.0,60024166.09999996
2025-08-01 10:10:20 AM,872.15,22,19187.3,60043353.399999954
2025-08-01 10:10:23 AM,872.45,0,0.0,60043353.399999954
2025-08-01 10:10:24 AM,872.45,708,617694.6,60661047.999999955
2025-08-01 10:10:26 AM,872.05,0,0.0,60661047.999999955
2025-08-01 10:10:26 AM,872.05,20,17441.0,60678488.999999955
2025-08-01 10:10:32 AM,872.75,30,26182.5,60704671.499999955
2025-08-01 10:10:35 AM,873.0,0,0.0,60704671.499999955
2025-08-01 10:10:35 AM,872.05,0,0.0,60704671.499999955
2025-08-01 10:10:36 AM,872.05,541,471779.05,61176450.54999995
2025-08-01 10:10:37 AM,873.45,250,218362.5,61394813.04999995
2025-08-01 10:10:41 AM,872.05,0,0.0,61394813.04999995
2025-08-01 10:10:42 AM,872.1,852,743029.2000000001,62137842.249999955
2025-08-01 10:10:47 AM,871.05,0,0.0,62137842.249999955
2025-08-01 10:10:48 AM,871.05,760,661998.0,62799840.249999955
2025-08-01 10:10:58 AM,870.35,0,0.0,62799840.249999955
2025-08-01 10:11:00 AM,870.65,0,0.0,62799840.249999955
2025-08-01 10:11:00 AM,870.65,35,30472.75,62830312.999999955
2025-08-01 10:11:11 AM,871.45,0,0.0,62830312.999999955
2025-08-01 10:11:12 AM,871.45,17,14814.650000000001,62845127.649999954
2025-08-01 10:11:17 AM,870.75,0,0.0,62845127.649999954
2025-08-01 10:11:18 AM,870.75,15,13061.25,62858188.899999954
2025-08-01 10:11:24 AM,870.65,234,203732.1,63061920.999999955
2025-08-01 10:11:42 AM,870.8,5,4354.0,63066274.999999955
2025-08-01 10:11:50 AM,870.9,0,0.0,63066274.999999955
2025-08-01 10:11:52 AM,870.9,11,9579.9,63075854.899999954
2025-08-01 10:11:53 AM,870.45,0,0.0,63075854.899999954
2025-08-01 10:11:53 AM,870.45,85,73988.25,63149843.149999954
2025-08-01 10:12:05 AM,870.05,0,0.0,63149843.149999954
2025-08-01 10:12:05 AM,870.05,22,19141.1,63168984.249999955
2025-08-01 10:12:11 AM,870.0,0,0.0,63168984.249999955
2025-08-01 10:12:11 AM,870.0,100,87000.0,63255984.249999955
2025-08-01 10:12:27 AM,870.0,133,115710.0,63371694.249999955
2025-08-01 10:12:28 AM,870.4,1,870.4,63372564.649999954
2025-08-01 10:12:35 AM,870.9,0,0.0,63372564.649999954
2025-08-01 10:12:39 AM,870.3,110,95733.0,63468297.649999954
2025-08-01 10:12:45 AM,871.55,60,52293.0,63520590.649999954
2025-08-01 10:12:47 AM,870.35,0,0.0,63520590.649999954
2025-08-01 10:12:50 AM,870.25,0,0.0,63520590.649999954
2025-08-01 10:12:50 AM,870.25,106,92246.5,63612837.149999954
2025-08-01 10:12:56 AM,870.25,8,6962.0,63619799.149999954
2025-08-01 10:13:05 AM,870.2,0,0.0,63619799.149999954
2025-08-01 10:13:07 AM,870.2,7,6091.400000000001,63625890.54999995
2025-08-01 10:13:11 AM,870.0,0,0.0,63625890.54999995
2025-08-01 10:13:13 AM,870.0,200,174000.0,63799890.54999995
2025-08-01 10:13:17 AM,870.15,0,0.0,63799890.54999995
2025-08-01 10:13:19 AM,870.15,5,4350.75,63804241.29999995
2025-08-01 10:13:23 AM,870.0,0,0.0,63804241.29999995
2025-08-01 10:13:25 AM,870.05,115,100055.75,63904297.04999995
2025-08-01 10:13:29 AM,870.0,0,0.0,63904297.04999995
2025-08-01 10:13:31 AM,870.0,60,52200.0,63956497.04999995
2025-08-01 10:13:35 AM,870.05,0,0.0,63956497.04999995
2025-08-01 10:13:38 AM,870.05,22,19141.1,63975638.149999954
2025-08-01 10:14:01 AM,870.05,5,4350.25,63979988.399999954
2025-08-01 10:14:01 AM,870.95,50,43547.5,64023535.899999954
2025-08-01 10:14:11 AM,871.75,0,0.0,64023535.899999954
2025-08-01 10:14:12 AM,871.75,100,87175.0,64110710.899999954
2025-08-01 10:14:19 AM,870.8,5,4354.0,64115064.899999954
2025-08-01 10:15:11 AM,872.25,0,0.0,64115064.899999954
2025-08-01 10:15:11 AM,871.3,0,0.0,64115064.899999954
2025-08-01 10:15:11 AM,871.3,35,30495.5,64145560.399999954
2025-08-01 10:15:28 AM,871.85,1,871.85,64146432.249999955
2025-08-01 10:15:31 AM,871.9,0,0.0,64146432.249999955
2025-08-01 10:15:34 AM,871.4,203,176894.19999999998,64323326.44999996
2025-08-01 10:15:37 AM,871.0,0,0.0,64323326.44999996
2025-08-01 10:15:40 AM,871.0,220,191620.0,64514946.44999996
2025-08-01 10:15:43 AM,871.9,0,0.0,64514946.44999996
2025-08-01 10:15:46 AM,871.9,490,427231.0,64942177.44999996
2025-08-01 10:15:47 AM,871.9,1010,880619.0,65822796.44999996
2025-08-01 10:15:49 AM,872.0,0,0.0,65822796.44999996
2025-08-01 10:15:52 AM,872.0,590,514480.0,66337276.44999996
2025-08-01 10:16:09 AM,871.85,1038,904980.3,67242256.74999996
2025-08-01 10:16:11 AM,871.8,0,0.0,67242256.74999996
2025-08-01 10:16:16 AM,871.8,1,871.8,67243128.54999995
2025-08-01 10:16:19 AM,871.55,0,0.0,67243128.54999995
2025-08-01 10:16:21 AM,871.55,15,13073.25,67256201.79999995
2025-08-01 10:16:25 AM,872.3,0,0.0,67256201.79999995
2025-08-01 10:16:27 AM,872.3,3,2616.8999999999996,67258818.69999996
2025-08-01 10:16:31 AM,871.7,0,0.0,67258818.69999996
2025-08-01 10:16:33 AM,871.7,61,53173.700000000004,67311992.39999996
2025-08-01 10:16:35 AM,871.6,0,0.0,67311992.39999996
2025-08-01 10:16:39 AM,871.6,25,21790.0,67333782.39999996
2025-08-01 10:16:49 AM,872.2,0,0.0,67333782.39999996
2025-08-01 10:16:50 AM,872.0,0,0.0,67333782.39999996
2025-08-01 10:16:50 AM,872.0,31,27032.0,67360814.39999996
2025-08-01 10:16:53 AM,872.9,0,0.0,67360814.39999996
2025-08-01 10:16:56 AM,872.9,1,872.9,67361687.29999997
2025-08-01 10:17:07 AM,872.9,64,55865.6,67417552.89999996
2025-08-01 10:17:12 AM,872.9,150,130935.0,67548487.89999996
2025-08-01 10:17:18 AM,872.9,24,20949.6,67569437.49999996
2025-08-01 10:17:20 AM,872.8,0,0.0,67569437.49999996
2025-08-01 10:17:22 AM,872.35,0,0.0,67569437.49999996
2025-08-01 10:17:24 AM,872.35,5,4361.75,67573799.24999996
2025-08-01 10:17:30 AM,872.8,47,41021.6,67614820.84999995
2025-08-01 10:17:34 AM,872.35,0,0.0,67614820.84999995
2025-08-01 10:17:36 AM,872.35,30,26170.5,67640991.34999995
2025-08-01 10:17:49 AM,872.3,0,0.0,67640991.34999995
2025-08-01 10:17:53 AM,872.3,216,188416.8,67829408.14999995
2025-08-01 10:17:59 AM,872.3,25,21807.5,67851215.64999995
2025-08-01 10:18:05 AM,872.3,10,8723.0,67859938.64999995
2025-08-01 10:18:11 AM,872.3,1,872.3,67860810.94999994
2025-08-01 10:18:25 AM,871.55,0,0.0,67860810.94999994
2025-08-01 10:18:28 AM,871.55,398,346876.89999999997,68207687.84999995
2025-08-01 10:18:34 AM,871.95,210,183109.5,68390797.34999995
2025-08-01 10:18:37 AM,870.6,0,0.0,68390797.34999995
2025-08-01 10:18:40 AM,870.6,109,94895.40000000001,68485692.74999996
2025-08-01 10:18:45 AM,870.05,262,227953.09999999998,68713645.84999995
2025-08-01 10:18:48 AM,870.2,0,0.0,68713645.84999995
2025-08-01 10:18:51 AM,870.2,180,156636.0,68870281.84999995
2025-08-01 10:18:58 AM,871.45,0,0.0,68870281.84999995
2025-08-01 10:19:02 AM,870.65,36,31343.399999999998,68901625.24999996
2025-08-01 10:19:08 AM,871.45,50,43572.5,68945197.74999996
2025-08-01 10:19:08 AM,872.0,2559,2231448.0,71176645.74999996
2025-08-01 10:19:09 AM,873.1,0,0.0,71176645.74999996
2025-08-01 10:19:14 AM,873.1,141,123107.1,71299752.84999995
2025-08-01 10:19:20 AM,873.35,566,494316.10000000003,71794068.94999994
2025-08-01 10:19:20 AM,872.2,1014,884410.8,72678479.74999994
2025-08-01 10:19:21 AM,872.0,0,0.0,72678479.74999994
2025-08-01 10:19:24 AM,873.45,0,0.0,72678479.74999994
2025-08-01 10:19:26 AM,873.45,200,174690.0,72853169.74999994
2025-08-01 10:19:49 AM,873.0,500,436500.0,73289669.74999994
2025-08-01 10:19:54 AM,872.8,0,0.0,73289669.74999994
2025-08-01 10:19:54 AM,872.8,35,30548.0,73320217.74999994
2025-08-01 10:20:00 AM,872.85,0,0.0,73320217.74999994
2025-08-01 10:20:01 AM,872.85,1,872.85,73321090.59999993
2025-08-01 10:20:02 AM,873.0,0,0.0,73321090.59999993
2025-08-01 10:20:04 AM,873.45,0,0.0,73321090.59999993
2025-08-01 10:20:05 AM,873.45,529,462055.05000000005,73783145.64999993
2025-08-01 10:20:09 AM,873.75,0,0.0,73783145.64999993
2025-08-01 10:20:12 AM,873.75,105,91743.75,73874889.39999993
2025-08-01 10:20:15 AM,874.15,0,0.0,73874889.39999993
2025-08-01 10:20:16 AM,874.15,932,814707.7999999999,74689597.19999993
2025-08-01 10:20:18 AM,874.95,0,0.0,74689597.19999993
2025-08-01 10:20:18 AM,874.95,150,131242.5,74820839.69999993
2025-08-01 10:20:21 AM,874.75,0,0.0,74820839.69999993
2025-08-01 10:20:22 AM,874.75,193,168826.75,74989666.44999993
2025-08-01 10:20:24 AM,874.95,0,0.0,74989666.44999993
2025-08-01 10:20:24 AM,874.95,10,8749.5,74998415.94999993
2025-08-01 10:20:29 AM,874.75,50,43737.5,75042153.44999993
2025-08-01 10:20:33 AM,874.55,525,459138.75,75501292.19999993
2025-08-01 10:20:35 AM,874.55,100,87455.0,75588747.19999993
2025-08-01 10:20:46 AM,873.5,10,8735.0,75597482.19999993
2025-08-01 10:20:48 AM,874.65,200,174930.0,75772412.19999993
2025-08-01 10:20:51 AM,873.2,0,0.0,75772412.19999993
2025-08-01 10:20:52 AM,873.2,100,87320.0,75859732.19999993
2025-08-01 10:20:53 AM,873.3,0,0.0,75859732.19999993
2025-08-01 10:20:54 AM,873.3,2,1746.6,75861478.79999992
2025-08-01 10:20:57 AM,873.0,0,0.0,75861478.79999992
2025-08-01 10:20:58 AM,873.2,1252,1093246.4000000001,76954725.19999993
2025-08-01 10:21:05 AM,873.95,0,0.0,76954725.19999993
2025-08-01 10:21:05 AM,873.95,10,8739.5,76963464.69999993
2025-08-01 10:21:11 AM,873.85,201,175643.85,77139108.54999992
2025-08-01 10:21:17 AM,874.5,0,0.0,77139108.54999992
2025-08-01 10:21:20 AM,874.5,500,437250.0,77576358.54999992
2025-08-01 10:21:23 AM,874.4,0,0.0,77576358.54999992
2025-08-01 10:21:25 AM,874.9,0,0.0,77576358.54999992
2025-08-01 10:21:25 AM,874.9,15,13123.5,77589482.04999992
2025-08-01 10:21:27 AM,874.4,0,0.0,77589482.04999992
2025-08-01 10:21:27 AM,874.4,50,43720.0,77633202.04999992
2025-08-01 10:21:33 AM,874.4,52,45468.799999999996,77678670.84999992
2025-08-01 10:21:41 AM,874.4,55,48092.0,77726762.84999992
2025-08-01 10:21:43 AM,874.95,80,69996.0,77796758.84999992
2025-08-01 10:21:47 AM,874.95,2,1749.9,77798508.74999993
2025-08-01 10:22:04 AM,874.55,5,4372.75,77802881.49999993
2025-08-01 10:22:06 AM,874.45,15,13116.75,77815998.24999993
2025-08-01 10:22:14 AM,874.5,0,0.0,77815998.24999993
2025-08-01 10:22:16 AM,874.9,44,38495.6,77854493.84999992
2025-08-01 10:22:17 AM,874.55,0,0.0,77854493.84999992
2025-08-01 10:22:18 AM,874.55,2378,2079679.9,79934173.74999993
2025-08-01 10:22:20 AM,874.75,0,0.0,79934173.74999993
2025-08-01 10:22:22 AM,874.75,100,87475.0,80021648.74999993
2025-08-01 10:22:30 AM,874.0,596,520904.0,80542552.74999993
2025-08-01 10:22:44 AM,874.65,0,0.0,80542552.74999993
2025-08-01 10:22:44 AM,874.65,57,49855.049999999996,80592407.79999992
2025-08-01 10:22:50 AM,874.0,0,0.0,80592407.79999992
2025-08-01 10:22:50 AM,874.0,282,246468.0,80838875.79999992
2025-08-01 10:22:52 AM,873.35,15,13100.25,80851976.04999992
2025-08-01 10:23:00 AM,873.3,60,52398.0,80904374.04999992
2025-08-01 10:23:03 AM,873.3,40,34932.0,80939306.04999992
2025-08-01 10:23:14 AM,873.25,0,0.0,80939306.04999992
2025-08-01 10:23:15 AM,873.25,1,873.25,80940179.29999992
2025-08-01 10:23:40 AM,873.25,9,7859.25,80948038.54999992
2025-08-01 10:23:46 AM,873.25,5,4366.25,80952404.79999992
2025-08-01 10:23:47 AM,873.0,0,0.0,80952404.79999992
2025-08-01 10:23:49 AM,873.0,150,130950.0,81083354.79999992
2025-08-01 10:23:52 AM,873.5,115,100452.5,81183807.29999992
2025-08-01 10:23:56 AM,873.25,0,0.0,81183807.29999992
2025-08-01 10:23:57 AM,873.25,15,13098.75,81196906.04999992
2025-08-01 10:24:01 AM,873.25,3,2619.75,81199525.79999992
2025-08-01 10:24:10 AM,873.0,0,0.0,81199525.79999992
2025-08-01 10:24:12 AM,874.0,0,0.0,81199525.79999992
2025-08-01 10:24:12 AM,874.0,242,211508.0,81411033.79999992
2025-08-01 10:24:14 AM,873.05,10,8730.5,81419764.29999992
2025-08-01 10:24:16 AM,874.0,0,0.0,81419764.29999992
2025-08-01 10:24:17 AM,874.0,60,52440.0,81472204.29999992
2025-08-01 10:24:22 AM,873.15,0,0.0,81472204.29999992
2025-08-01 10:24:23 AM,873.15,3,2619.45,81474823.74999993
2025-08-01 10:24:34 AM,873.15,2,1746.3,81476570.04999992
2025-08-01 10:24:39 AM,873.15,5,4365.75,81480935.79999992
2025-08-01 10:24:42 AM,873.75,0,0.0,81480935.79999992
2025-08-01 10:24:44 AM,873.0,0,0.0,81480935.79999992
2025-08-01 10:24:44 AM,873.0,194,169362.0,81650297.79999992
2025-08-01 10:24:46 AM,872.0,136,118592.0,81768889.79999992
2025-08-01 10:24:50 AM,873.15,0,0.0,81768889.79999992
2025-08-01 10:24:50 AM,873.15,1502,1311471.3,83080361.09999992
2025-08-01 10:24:52 AM,874.1,0,0.0,83080361.09999992
2025-08-01 10:24:52 AM,874.1,348,304186.8,83384547.89999992
2025-08-01 10:24:55 AM,874.1,1,874.1,83385421.99999991
2025-08-01 10:24:59 AM,874.7,0,0.0,83385421.99999991
2025-08-01 10:25:01 AM,874.7,56,48983.200000000004,83434405.19999991
2025-08-01 10:25:07 AM,874.7,20,17494.0,83451899.19999991
2025-08-01 10:25:32 AM,874.6,0,0.0,83451899.19999991
2025-08-01 10:25:32 AM,874.6,16,13993.6,83465892.79999991
2025-08-01 10:25:41 AM,874.9,54,47244.6,83513137.3999999
2025-08-01 10:25:45 AM,874.4,0,0.0,83513137.3999999
2025-08-01 10:25:47 AM,874.4,400,349760.0,83862897.3999999
2025-08-01 10:25:51 AM,874.15,0,0.0,83862897.3999999
2025-08-01 10:25:52 AM,874.45,123,107557.35,83970454.7499999
2025-08-01 10:26:02 AM,874.0,0,0.0,83970454.7499999
2025-08-01 10:26:03 AM,874.0,4,3496.0,83973950.7499999
2025-08-01 10:26:05 AM,874.65,1,874.65,83974825.3999999
2025-08-01 10:26:08 AM,876.4,0,0.0,83974825.3999999
2025-08-01 10:26:08 AM,876.4,3071,2691424.4,86666249.79999991
2025-08-01 10:26:11 AM,876.5,13,11394.5,86677644.29999991
2025-08-01 10:26:14 AM,876.25,0,0.0,86677644.29999991
2025-08-01 10:26:14 AM,876.25,287,251483.75,86929128.04999991
2025-08-01 10:26:15 AM,876.7,0,0.0,86929128.04999991
2025-08-01 10:26:16 AM,876.4,80,70112.0,86999240.04999991
2025-08-01 10:26:18 AM,876.5,0,0.0,86999240.04999991
2025-08-01 10:26:20 AM,877.0,0,0.0,86999240.04999991
2025-08-01 10:26:20 AM,877.0,730,640210.0,87639450.04999991
2025-08-01 10:26:24 AM,876.9,0,0.0,87639450.04999991
2025-08-01 10:26:26 AM,876.8,0,0.0,87639450.04999991
2025-08-01 10:26:27 AM,876.75,0,0.0,87639450.04999991
2025-08-01 10:26:30 AM,876.4,0,0.0,87639450.04999991
2025-08-01 10:26:31 AM,876.3,1681,1473060.2999999998,89112510.3499999
2025-08-01 10:26:35 AM,876.65,0,0.0,89112510.3499999
2025-08-01 10:26:37 AM,877.45,1040,912548.0,90025058.3499999
2025-08-01 10:26:40 AM,877.4,20,17548.0,90042606.3499999
2025-08-01 10:26:42 AM,876.9,0,0.0,90042606.3499999
2025-08-01 10:26:43 AM,877.3,65,57024.5,90099630.8499999
2025-08-01 10:26:44 AM,877.45,0,0.0,90099630.8499999
2025-08-01 10:26:45 AM,877.45,50,43872.5,90143503.3499999
2025-08-01 10:26:51 AM,875.15,0,0.0,90143503.3499999
2025-08-01 10:26:51 AM,875.15,1260,1102689.0,91246192.3499999
2025-08-01 10:26:53 AM,874.6,0,0.0,91246192.3499999
2025-08-01 10:26:54 AM,874.6,12,10495.2,91256687.54999991
2025-08-01 10:26:57 AM,874.95,0,0.0,91256687.54999991
2025-08-01 10:26:57 AM,874.95,100,87495.0,91344182.54999991
2025-08-01 10:26:59 AM,874.8,0,0.0,91344182.54999991
2025-08-01 10:27:00 AM,874.8,6,5248.799999999999,91349431.3499999
2025-08-01 10:27:05 AM,874.1,0,0.0,91349431.3499999
2025-08-01 10:27:06 AM,874.1,10,8741.0,91358172.3499999
2025-08-01 10:27:11 AM,875.0,0,0.0,91358172.3499999
2025-08-01 10:27:12 AM,875.0,125,109375.0,91467547.3499999
2025-08-01 10:27:14 AM,874.0,325,284050.0,91751597.3499999
2025-08-01 10:27:17 AM,873.6,0,0.0,91751597.3499999
2025-08-01 10:27:17 AM,873.75,26,22717.5,91774314.8499999
2025-08-01 10:27:22 AM,873.85,10,8738.5,91783053.3499999
2025-08-01 10:27:28 AM,873.8,50,43690.0,91826743.3499999
2025-08-01 10:27:30 AM,873.9,0,0.0,91826743.3499999
2025-08-01 10:27:31 AM,873.9,4,3495.6,91830238.9499999
2025-08-01 10:27:33 AM,873.9,25,21847.5,91852086.4499999
2025-08-01 10:27:48 AM,873.1,0,0.0,91852086.4499999
2025-08-01 10:27:50 AM,873.55,0,0.0,91852086.4499999
2025-08-01 10:27:50 AM,873.55,110,96090.5,91948176.9499999
2025-08-01 10:28:21 AM,873.0,0,0.0,91948176.9499999
2025-08-01 10:28:22 AM,873.0,393,343089.0,92291265.9499999
2025-08-01 10:28:25 AM,873.0,7,6111.0,92297376.9499999
2025-08-01 10:28:28 AM,873.0,1,873.0,92298249.9499999
2025-08-01 10:28:30 AM,873.35,0,0.0,92298249.9499999
2025-08-01 10:28:31 AM,873.35,4,3493.4,92301743.3499999
2025-08-01 10:28:43 AM,873.55,0,0.0,92301743.3499999
2025-08-01 10:28:44 AM,873.55,29,25332.949999999997,92327076.29999991
2025-08-01 10:28:53 AM,873.55,2,1747.1,92328823.3999999
2025-08-01 10:29:04 AM,873.55,5,4367.75,92333191.1499999
2025-08-01 10:29:12 AM,873.0,0,0.0,92333191.1499999
2025-08-01 10:29:13 AM,873.0,12,10476.0,92343667.1499999
2025-08-01 10:29:48 AM,873.0,8,6984.0,92350651.1499999
2025-08-01 10:29:51 AM,873.0,50,43650.0,92394301.1499999
2025-08-01 10:30:02 AM,873.45,0,0.0,92394301.1499999
2025-08-01 10:30:02 AM,873.45,2,1746.9,92396048.04999991
2025-08-01 10:30:05 AM,873.0,104,90792.0,92486840.04999991
2025-08-01 10:30:11 AM,873.0,150,130950.0,92617790.04999991
2025-08-01 10:30:25 AM,873.65,0,0.0,92617790.04999991
2025-08-01 10:30:25 AM,873.65,745,650869.25,93268659.29999991
2025-08-01 10:30:31 AM,874.05,0,0.0,93268659.29999991
2025-08-01 10:30:31 AM,874.05,72,62931.6,93331590.8999999
2025-08-01 10:30:36 AM,875.0,0,0.0,93331590.8999999
2025-08-01 10:30:37 AM,875.0,176,154000.0,93485590.8999999
2025-08-01 10:30:50 AM,875.4,0,0.0,93485590.8999999
2025-08-01 10:30:51 AM,875.4,50,43770.0,93529360.8999999
2025-08-01 10:30:53 AM,875.3,258,225827.4,93755188.29999991
2025-08-01 10:30:59 AM,875.05,3,2625.1499999999996,93757813.44999991
2025-08-01 10:31:05 AM,874.25,0,0.0,93757813.44999991
2025-08-01 10:31:05 AM,874.25,20,17485.0,93775298.44999991
2025-08-01 10:31:28 AM,874.0,150,131100.0,93906398.44999991
2025-08-01 10:31:35 AM,874.25,0,0.0,93906398.44999991
2025-08-01 10:31:37 AM,874.25,4,3497.0,93909895.44999991
2025-08-01 10:32:03 AM,874.85,0,0.0,93909895.44999991
2025-08-01 10:32:03 AM,874.85,120,104982.0,94014877.44999991
2025-08-01 10:32:36 AM,874.05,25,21851.25,94036728.69999991
2025-08-01 10:32:41 AM,873.6,0,0.0,94036728.69999991
2025-08-01 10:32:42 AM,873.6,100,87360.0,94124088.69999991
2025-08-01 10:32:44 AM,873.5,0,0.0,94124088.69999991
2025-08-01 10:32:45 AM,873.5,5,4367.5,94128456.19999991
2025-08-01 10:32:48 AM,873.5,2,1747.0,94130203.19999991
2025-08-01 10:32:54 AM,873.05,7,6111.349999999999,94136314.54999991
2025-08-01 10:32:56 AM,873.0,0,0.0,94136314.54999991
2025-08-01 10:32:56 AM,873.0,18,15714.0,94152028.54999991
2025-08-01 10:33:16 AM,873.0,96,83808.0,94235836.54999991
2025-08-01 10:33:32 AM,873.2,0,0.0,94235836.54999991
2025-08-01 10:33:33 AM,873.2,3,2619.6000000000004,94238456.1499999
2025-08-01 10:33:35 AM,873.1,0,0.0,94238456.1499999
2025-08-01 10:33:35 AM,873.1,17,14842.7,94253298.8499999
2025-08-01 10:33:52 AM,873.15,0,0.0,94253298.8499999
2025-08-01 10:33:52 AM,873.15,5,4365.75,94257664.5999999
2025-08-01 10:34:09 AM,873.1,2,1746.2,94259410.79999991
2025-08-01 10:34:14 AM,873.1,1,873.1,94260283.8999999
2025-08-01 10:34:15 AM,873.0,0,0.0,94260283.8999999
2025-08-01 10:34:18 AM,873.0,54,47142.0,94307425.8999999
2025-08-01 10:34:24 AM,873.45,47,41052.15,94348478.04999991
2025-08-01 10:34:30 AM,873.05,0,0.0,94348478.04999991
2025-08-01 10:34:31 AM,873.05,28,24445.399999999998,94372923.44999991
2025-08-01 10:35:00 AM,873.45,0,0.0,94372923.44999991
2025-08-01 10:35:00 AM,873.45,10,8734.5,94381657.94999991
2025-08-01 10:35:03 AM,873.8,40,34952.0,94416609.94999991
2025-08-01 10:35:05 AM,874.0,30,26220.0,94442829.94999991
2025-08-01 10:35:18 AM,873.95,0,0.0,94442829.94999991
2025-08-01 10:35:20 AM,874.0,0,0.0,94442829.94999991
2025-08-01 10:35:20 AM,874.0,50,43700.0,94486529.94999991
2025-08-01 10:35:56 AM,873.5,0,0.0,94486529.94999991
2025-08-01 10:35:56 AM,873.5,5,4367.5,94490897.44999991
2025-08-01 10:36:07 AM,873.5,19,16596.5,94507493.94999991
2025-08-01 10:36:19 AM,873.45,0,0.0,94507493.94999991
2025-08-01 10:36:19 AM,873.45,4,3493.8,94510987.74999991
2025-08-01 10:36:24 AM,873.05,52,45398.6,94556386.3499999
2025-08-01 10:36:29 AM,873.0,0,0.0,94556386.3499999
2025-08-01 10:36:30 AM,873.0,339,295947.0,94852333.3499999
2025-08-01 10:36:38 AM,873.35,0,0.0,94852333.3499999
2025-08-01 10:36:38 AM,873.35,693,605231.55,95457564.8999999
2025-08-01 10:36:41 AM,873.85,2,1747.7,95459312.5999999
2025-08-01 10:36:45 AM,874.85,0,0.0,95459312.5999999
2025-08-01 10:36:46 AM,874.85,948,829357.8,96288670.3999999
2025-08-01 10:36:51 AM,874.85,1,874.85,96289545.2499999
2025-08-01 10:37:04 AM,874.9,0,0.0,96289545.2499999
2025-08-01 10:37:06 AM,874.15,844,737782.6,97027327.84999989
2025-08-01 10:37:07 AM,873.6,0,0.0,97027327.84999989
2025-08-01 10:37:08 AM,873.6,20,17472.0,97044799.84999989
2025-08-01 10:37:12 AM,873.65,0,0.0,97044799.84999989
2025-08-01 10:37:13 AM,873.65,50,43682.5,97088482.34999989
2025-08-01 10:37:39 AM,873.6,0,0.0,97088482.34999989
2025-08-01 10:37:39 AM,873.6,5,4368.0,97092850.34999989
2025-08-01 10:37:45 AM,873.2,0,0.0,97092850.34999989
2025-08-01 10:37:47 AM,873.2,605,528286.0,97621136.34999989
2025-08-01 10:37:54 AM,873.35,0,0.0,97621136.34999989
2025-08-01 10:37:56 AM,873.35,1,873.35,97622009.69999988
2025-08-01 10:38:10 AM,873.75,0,0.0,97622009.69999988
2025-08-01 10:38:10 AM,873.75,1,873.75,97622883.44999988
2025-08-01 10:38:14 AM,873.95,1,873.95,97623757.39999989
2025-08-01 10:38:33 AM,873.35,0,0.0,97623757.39999989
2025-08-01 10:38:35 AM,874.05,38,33213.9,97656971.2999999
2025-08-01 10:39:09 AM,873.65,5,4368.25,97661339.5499999
2025-08-01 10:39:33 AM,873.95,0,0.0,97661339.5499999
2025-08-01 10:39:34 AM,873.95,2,1747.9,97663087.4499999
2025-08-01 10:39:45 AM,873.65,2,1747.3,97664834.7499999
2025-08-01 10:40:07 AM,873.6,0,0.0,97664834.7499999
2025-08-01 10:40:07 AM,873.6,80,69888.0,97734722.7499999
2025-08-01 10:40:10 AM,873.6,100,87360.0,97822082.7499999
2025-08-01 10:41:18 AM,873.55,0,0.0,97822082.7499999
2025-08-01 10:41:20 AM,873.55,30,26206.5,97848289.2499999
2025-08-01 10:41:22 AM,873.5,114,99579.0,97947868.2499999
2025-08-01 10:41:33 AM,873.5,35,30572.5,97978440.7499999
2025-08-01 10:41:37 AM,873.5,10,8735.0,97987175.7499999
2025-08-01 10:41:45 AM,873.95,0,0.0,97987175.7499999
2025-08-01 10:41:48 AM,873.95,2,1747.9,97988923.6499999
2025-08-01 10:41:49 AM,873.5,0,0.0,97988923.6499999
2025-08-01 10:41:49 AM,873.5,1,873.5,97989797.1499999
2025-08-01 10:41:57 AM,873.4,0,0.0,97989797.1499999
2025-08-01 10:41:59 AM,873.4,164,143237.6,98133034.7499999
2025-08-01 10:42:06 AM,873.0,2391,2087343.0,100220377.7499999
2025-08-01 10:42:26 AM,873.5,2,1747.0,100222124.7499999
2025-08-01 10:42:32 AM,873.05,50,43652.5,100265777.2499999
2025-08-01 10:42:34 AM,873.05,3,2619.1499999999996,100268396.3999999
2025-08-01 10:42:54 AM,873.05,37,32302.85,100300699.2499999
2025-08-01 10:43:02 AM,873.0,0,0.0,100300699.2499999
2025-08-01 10:43:02 AM,873.0,436,380628.0,100681327.2499999
2025-08-01 10:43:05 AM,873.0,371,323883.0,101005210.2499999
2025-08-01 10:43:07 AM,873.0,1,873.0,101006083.2499999
2025-08-01 10:43:21 AM,873.4,5,4367.0,101010450.2499999
2025-08-01 10:43:29 AM,873.65,30,26209.5,101036659.7499999
2025-08-01 10:43:32 AM,873.05,0,0.0,101036659.7499999
2025-08-01 10:43:32 AM,873.05,11,9603.55,101046263.2999999
2025-08-01 10:43:38 AM,873.75,10,8737.5,101055000.7999999
2025-08-01 10:43:43 AM,873.75,1,873.75,101055874.5499999
2025-08-01 10:43:54 AM,873.1,0,0.0,101055874.5499999
2025-08-01 10:43:55 AM,873.1,100,87310.0,101143184.5499999
2025-08-01 10:44:29 AM,873.85,0,0.0,101143184.5499999
2025-08-01 10:44:31 AM,873.85,100,87385.0,101230569.5499999
2025-08-01 10:44:38 AM,873.95,0,0.0,101230569.5499999
2025-08-01 10:44:38 AM,873.95,50,43697.5,101274267.0499999
2025-08-01 10:44:51 AM,873.2,0,0.0,101274267.0499999
2025-08-01 10:44:55 AM,873.2,6,5239.200000000001,101279506.2499999
2025-08-01 10:45:20 AM,873.95,0,0.0,101279506.2499999
2025-08-01 10:45:22 AM,873.95,6,5243.700000000001,101284749.9499999
2025-08-01 10:45:27 AM,873.05,0,0.0,101284749.9499999
2025-08-01 10:45:28 AM,873.05,200,174610.0,101459359.9499999
2025-08-01 10:45:30 AM,873.05,5,4365.25,101463725.1999999
2025-08-01 10:45:33 AM,873.05,17,14841.849999999999,101478567.0499999
2025-08-01 10:46:03 AM,873.05,25,21826.25,101500393.2999999
2025-08-01 10:46:10 AM,873.0,0,0.0,101500393.2999999
2025-08-01 10:46:11 AM,873.0,150,130950.0,101631343.2999999
2025-08-01 10:46:16 AM,873.6,0,0.0,101631343.2999999
2025-08-01 10:46:17 AM,873.6,22,19219.2,101650562.4999999
2025-08-01 10:46:19 AM,873.75,0,0.0,101650562.4999999
2025-08-01 10:46:20 AM,873.75,1,873.75,101651436.2499999
2025-08-01 10:46:41 AM,873.05,0,0.0,101651436.2499999
2025-08-01 10:46:43 AM,873.05,100,87305.0,101738741.2499999
2025-08-01 10:47:13 AM,873.0,0,0.0,101738741.2499999
2025-08-01 10:47:15 AM,873.0,50,43650.0,101782391.2499999
2025-08-01 10:47:22 AM,873.5,0,0.0,101782391.2499999
2025-08-01 10:47:22 AM,873.5,20,17470.0,101799861.2499999
2025-08-01 10:47:47 AM,873.75,106,92617.5,101892478.7499999
2025-08-01 10:47:53 AM,873.75,30,26212.5,101918691.2499999
2025-08-01 10:48:06 AM,874.9,0,0.0,101918691.2499999
2025-08-01 10:48:06 AM,874.9,599,524065.1,102442756.34999989
2025-08-01 10:48:18 AM,874.35,0,0.0,102442756.34999989
2025-08-01 10:48:22 AM,874.35,15,13115.25,102455871.59999989
2025-08-01 10:48:32 AM,873.65,0,0.0,102455871.59999989
2025-08-01 10:48:33 AM,873.65,411,359070.14999999997,102814941.7499999
2025-08-01 10:48:34 AM,873.6,0,0.0,102814941.7499999
2025-08-01 10:48:36 AM,873.6,10,8736.0,102823677.7499999
2025-08-01 10:48:42 AM,873.65,0,0.0,102823677.7499999
2025-08-01 10:48:42 AM,873.6,208,181708.80000000002,103005386.5499999
2025-08-01 10:48:58 AM,873.6,50,43680.0,103049066.5499999
2025-08-01 10:49:04 AM,873.6,11,9609.6,103058676.14999989
2025-08-01 10:49:20 AM,873.6,232,202675.2,103261351.34999989
2025-08-01 10:49:48 AM,873.0,0,0.0,103261351.34999989
2025-08-01 10:49:48 AM,873.0,251,219123.0,103480474.34999989
2025-08-01 10:49:58 AM,873.0,235,205155.0,103685629.34999989
2025-08-01 10:50:23 AM,873.2,0,0.0,103685629.34999989
2025-08-01 10:50:25 AM,873.2,12,10478.400000000001,103696107.7499999
2025-08-01 10:50:26 AM,872.7,4,3490.8,103699598.5499999
2025-08-01 10:50:27 AM,873.5,0,0.0,103699598.5499999
2025-08-01 10:50:31 AM,873.5,20,17470.0,103717068.5499999
2025-08-01 10:51:02 AM,872.7,0,0.0,103717068.5499999
2025-08-01 10:51:05 AM,872.7,18,15708.6,103732777.14999989
2025-08-01 10:51:08 AM,873.2,0,0.0,103732777.14999989
2025-08-01 10:51:11 AM,873.2,10,8732.0,103741509.14999989
2025-08-01 10:51:20 AM,871.95,0,0.0,103741509.14999989
2025-08-01 10:51:22 AM,871.95,47,40981.65,103782490.7999999
2025-08-01 10:51:26 AM,872.0,0,0.0,103782490.7999999
2025-08-01 10:51:27 AM,872.0,94,81968.0,103864458.7999999
2025-08-01 10:51:30 AM,874.5,0,0.0,103864458.7999999
2025-08-01 10:51:32 AM,874.5,5354,4682073.0,108546531.7999999
2025-08-01 10:51:34 AM,872.5,0,0.0,108546531.7999999
2025-08-01 10:51:38 AM,872.5,75,65437.5,108611969.2999999
2025-08-01 10:51:40 AM,873.55,0,0.0,108611969.2999999
2025-08-01 10:51:44 AM,873.55,294,256823.69999999998,108868792.9999999
2025-08-01 10:51:52 AM,873.5,0,0.0,108868792.9999999
2025-08-01 10:51:54 AM,872.45,1273,1110628.85,109979421.84999989
2025-08-01 10:52:05 AM,873.1,2,1746.2,109981168.0499999
2025-08-01 10:52:10 AM,873.9,0,0.0,109981168.0499999
2025-08-01 10:52:10 AM,873.9,8,6991.2,109988159.2499999
2025-08-01 10:52:42 AM,873.5,0,0.0,109988159.2499999
2025-08-01 10:52:42 AM,873.5,3,2620.5,109990779.7499999
2025-08-01 10:52:56 AM,875.0,0,0.0,109990779.7499999
2025-08-01 10:52:58 AM,875.8,0,0.0,109990779.7499999
2025-08-01 10:52:58 AM,875.8,4332,3793965.5999999996,113784745.34999989
2025-08-01 10:53:02 AM,875.95,0,0.0,113784745.34999989
2025-08-01 10:53:05 AM,875.95,35,30658.25,113815403.59999989
2025-08-01 10:53:06 AM,877.25,0,0.0,113815403.59999989
2025-08-01 10:53:10 AM,877.4,0,0.0,113815403.59999989
2025-08-01 10:53:10 AM,877.4,447,392197.8,114207601.39999989
2025-08-01 10:53:12 AM,877.0,0,0.0,114207601.39999989
2025-08-01 10:53:14 AM,877.0,30,26310.0,114233911.39999989
2025-08-01 10:53:18 AM,877.05,0,0.0,114233911.39999989
2025-08-01 10:53:19 AM,877.05,15,13155.75,114247067.14999989
2025-08-01 10:53:24 AM,876.55,0,0.0,114247067.14999989
2025-08-01 10:53:25 AM,876.55,358,313804.89999999997,114560872.0499999
2025-08-01 10:53:28 AM,875.35,0,0.0,114560872.0499999
2025-08-01 10:53:31 AM,875.35,1365,1194852.75,115755724.7999999
2025-08-01 10:53:41 AM,875.3,100,87530.0,115843254.7999999
2025-08-01 10:53:56 AM,875.4,0,0.0,115843254.7999999
2025-08-01 10:53:57 AM,875.4,10,8754.0,115852008.7999999
2025-08-01 10:54:00 AM,875.0,0,0.0,115852008.7999999
2025-08-01 10:54:02 AM,875.0,293,256375.0,116108383.7999999
2025-08-01 10:54:08 AM,874.4,9,7869.599999999999,116116253.39999989
2025-08-01 10:54:34 AM,874.2,0,0.0,116116253.39999989
2025-08-01 10:54:35 AM,874.2,25,21855.0,116138108.39999989
2025-08-01 10:54:42 AM,874.15,0,0.0,116138108.39999989
2025-08-01 10:54:45 AM,874.15,5,4370.75,116142479.14999989
2025-08-01 10:55:02 AM,873.3,104,90823.2,116233302.34999989
2025-08-01 10:55:04 AM,873.45,0,0.0,116233302.34999989
2025-08-01 10:55:06 AM,873.45,5,4367.25,116237669.59999989
2025-08-01 10:56:13 AM,873.1,0,0.0,116237669.59999989
2025-08-01 10:56:13 AM,873.1,9,7857.900000000001,116245527.4999999
2025-08-01 10:56:38 AM,873.0,0,0.0,116245527.4999999
2025-08-01 10:56:38 AM,873.0,28,24444.0,116269971.4999999
2025-08-01 10:57:05 AM,872.9,2,1745.8,116271717.2999999
2025-08-01 10:57:12 AM,872.65,5,4363.25,116276080.5499999
2025-08-01 10:57:23 AM,872.8,18,15710.4,116291790.9499999
2025-08-01 10:57:46 AM,873.0,0,0.0,116291790.9499999
2025-08-01 10:57:46 AM,873.0,828,722844.0,117014634.9499999
2025-08-01 10:58:07 AM,873.6,10,8736.0,117023370.9499999
2025-08-01 10:58:45 AM,873.55,50,43677.5,117067048.4499999
2025-08-01 10:58:52 AM,873.6,0,0.0,117067048.4499999
2025-08-01 10:58:54 AM,874.3,0,0.0,117067048.4499999
2025-08-01 10:58:56 AM,874.3,12,10491.599999999999,117077540.0499999
2025-08-01 10:59:14 AM,873.0,0,0.0,117077540.0499999
2025-08-01 10:59:16 AM,873.0,1000,873000.0,117950540.0499999
2025-08-01 10:59:20 AM,873.5,0,0.0,117950540.0499999
2025-08-01 10:59:21 AM,873.5,2,1747.0,117952287.0499999
2025-08-01 10:59:22 AM,873.55,0,0.0,117952287.0499999
2025-08-01 10:59:26 AM,873.55,6,5241.299999999999,117957528.34999989
2025-08-01 10:59:27 AM,873.6,2,1747.2,117959275.5499999
2025-08-01 10:59:40 AM,873.65,0,0.0,117959275.5499999
2025-08-01 10:59:42 AM,873.65,105,91733.25,118051008.7999999
2025-08-01 11:01:07 AM,874.4,0,0.0,118051008.7999999
2025-08-01 11:01:09 AM,874.4,10,8744.0,118059752.7999999
2025-08-01 11:01:13 AM,875.0,0,0.0,118059752.7999999
2025-08-01 11:01:15 AM,875.0,151,132125.0,118191877.7999999
2025-08-01 11:01:20 AM,875.0,141,123375.0,118315252.7999999
2025-08-01 11:01:23 AM,874.4,0,0.0,118315252.7999999
2025-08-01 11:01:26 AM,874.4,455,397852.0,118713104.7999999
2025-08-01 11:01:43 AM,874.55,0,0.0,118713104.7999999
2025-08-01 11:01:46 AM,874.55,50,43727.5,118756832.2999999
2025-08-01 11:01:59 AM,874.75,0,0.0,118756832.2999999
2025-08-01 11:02:01 AM,874.75,1,874.75,118757707.0499999
2025-08-01 11:02:03 AM,874.75,1,874.75,118758581.7999999
2025-08-01 11:02:12 AM,874.55,0,0.0,118758581.7999999
2025-08-01 11:02:12 AM,874.55,23,20114.649999999998,118778696.4499999
2025-08-01 11:02:13 AM,875.0,0,0.0,118778696.4499999
2025-08-01 11:02:13 AM,875.0,11,9625.0,118788321.4499999
2025-08-01 11:02:34 AM,875.0,25,21875.0,118810196.4499999
2025-08-01 11:02:37 AM,875.0,1,875.0,118811071.4499999
2025-08-01 11:02:45 AM,874.05,210,183550.5,118994621.9499999
2025-08-01 11:02:54 AM,874.75,0,0.0,118994621.9499999
2025-08-01 11:02:54 AM,874.75,5,4373.75,118998995.6999999
2025-08-01 11:03:09 AM,874.6,0,0.0,118998995.6999999
2025-08-01 11:03:11 AM,874.6,1,874.6,118999870.2999999
2025-08-01 11:03:31 AM,874.3,0,0.0,118999870.2999999
2025-08-01 11:03:31 AM,874.3,10,8743.0,119008613.2999999
2025-08-01 11:03:41 AM,874.0,0,0.0,119008613.2999999
2025-08-01 11:03:42 AM,874.0,51,44574.0,119053187.2999999
2025-08-01 11:03:47 AM,873.9,0,0.0,119053187.2999999
2025-08-01 11:03:48 AM,873.9,5,4369.5,119057556.7999999
2025-08-01 11:03:56 AM,873.9,1,873.9,119058430.6999999
2025-08-01 11:04:05 AM,874.3,0,0.0,119058430.6999999
2025-08-01 11:04:06 AM,874.3,114,99670.2,119158100.8999999
2025-08-01 11:04:11 AM,873.9,0,0.0,119158100.8999999
2025-08-01 11:04:11 AM,873.9,1,873.9,119158974.79999991
2025-08-01 11:04:29 AM,874.3,0,0.0,119158974.79999991
2025-08-01 11:04:29 AM,874.3,584,510591.19999999995,119669565.99999991
2025-08-01 11:04:30 AM,874.85,0,0.0,119669565.99999991
2025-08-01 11:04:31 AM,874.85,6,5249.1,119674815.0999999
2025-08-01 11:04:32 AM,874.0,0,0.0,119674815.0999999
2025-08-01 11:04:34 AM,874.0,200,174800.0,119849615.0999999
2025-08-01 11:04:41 AM,874.85,0,0.0,119849615.0999999
2025-08-01 11:04:41 AM,874.45,11,9618.95,119859234.04999991
2025-08-01 11:04:57 AM,874.85,0,0.0,119859234.04999991
2025-08-01 11:04:57 AM,874.85,1,874.85,119860108.8999999
2025-08-01 11:05:00 AM,874.45,0,0.0,119860108.8999999
2025-08-01 11:05:01 AM,874.45,1,874.45,119860983.3499999
2025-08-01 11:05:13 AM,875.5,0,0.0,119860983.3499999
2025-08-01 11:05:13 AM,875.5,144,126072.0,119987055.3499999
2025-08-01 11:05:18 AM,875.85,0,0.0,119987055.3499999
2025-08-01 11:05:18 AM,875.85,1,875.85,119987931.1999999
2025-08-01 11:05:24 AM,876.6,421,369048.60000000003,120356979.7999999
2025-08-01 11:05:25 AM,876.8,0,0.0,120356979.7999999
2025-08-01 11:05:27 AM,876.1,58,50813.8,120407793.59999989
2025-08-01 11:05:39 AM,876.85,0,0.0,120407793.59999989
2025-08-01 11:05:40 AM,876.85,30,26305.5,120434099.09999989
2025-08-01 11:06:08 AM,876.7,0,0.0,120434099.09999989
2025-08-01 11:06:10 AM,876.7,14,12273.800000000001,120446372.89999989
2025-08-01 11:06:18 AM,875.8,0,0.0,120446372.89999989
2025-08-01 11:06:21 AM,875.8,339,296896.2,120743269.09999989
2025-08-01 11:06:41 AM,875.8,3,2627.3999999999996,120745896.4999999
2025-08-01 11:06:43 AM,875.3,0,0.0,120745896.4999999
2025-08-01 11:06:47 AM,875.3,1,875.3,120746771.7999999
2025-08-01 11:07:19 AM,875.8,0,0.0,120746771.7999999
2025-08-01 11:07:19 AM,875.8,2,1751.6,120748523.39999989
2025-08-01 11:07:31 AM,875.8,5,4379.0,120752902.39999989
2025-08-01 11:07:33 AM,875.3,0,0.0,120752902.39999989
2025-08-01 11:07:36 AM,875.3,200,175060.0,120927962.39999989
2025-08-01 11:07:37 AM,875.2,0,0.0,120927962.39999989
2025-08-01 11:07:37 AM,875.2,50,43760.0,120971722.39999989
2025-08-01 11:07:53 AM,875.25,0,0.0,120971722.39999989
2025-08-01 11:07:53 AM,875.25,1,875.25,120972597.64999989
2025-08-01 11:08:03 AM,875.8,2,1751.6,120974349.24999988
2025-08-01 11:08:34 AM,875.8,1,875.8,120975225.04999988
2025-08-01 11:08:45 AM,875.25,0,0.0,120975225.04999988
2025-08-01 11:08:47 AM,875.25,15,13128.75,120988353.79999988
2025-08-01 11:08:57 AM,875.8,0,0.0,120988353.79999988
2025-08-01 11:08:57 AM,875.8,1,875.8,120989229.59999987
2025-08-01 11:09:13 AM,875.1,0,0.0,120989229.59999987
2025-08-01 11:09:15 AM,875.1,28,24502.8,121013732.39999987
2025-08-01 11:09:34 AM,875.15,0,0.0,121013732.39999987
2025-08-01 11:09:34 AM,875.15,1,875.15,121014607.54999988
2025-08-01 11:09:40 AM,875.25,0,0.0,121014607.54999988
2025-08-01 11:09:42 AM,875.25,1,875.25,121015482.79999988
2025-08-01 11:09:52 AM,875.25,5,4376.25,121019859.04999988
2025-08-01 11:09:58 AM,875.25,10,8752.5,121028611.54999988
2025-08-01 11:10:01 AM,875.0,76,66500.0,121095111.54999988
2025-08-01 11:10:02 AM,875.25,0,0.0,121095111.54999988
2025-08-01 11:10:03 AM,875.25,10,8752.5,121103864.04999988
2025-08-01 11:10:24 AM,874.9,0,0.0,121103864.04999988
2025-08-01 11:10:28 AM,873.9,0,0.0,121103864.04999988
2025-08-01 11:10:28 AM,873.9,166,145067.4,121248931.44999988
2025-08-01 11:11:01 AM,874.45,5,4372.25,121253303.69999988
2025-08-01 11:11:10 AM,874.0,0,0.0,121253303.69999988
2025-08-01 11:11:12 AM,874.0,50,43700.0,121297003.69999988
2025-08-01 11:11:14 AM,873.9,0,0.0,121297003.69999988
2025-08-01 11:11:18 AM,873.9,20,17478.0,121314481.69999988
2025-08-01 11:11:22 AM,874.85,0,0.0,121314481.69999988
2025-08-01 11:11:23 AM,874.85,40,34994.0,121349475.69999988
2025-08-01 11:11:24 AM,873.5,300,262050.0,121611525.69999988
2025-08-01 11:11:44 AM,874.15,0,0.0,121611525.69999988
2025-08-01 11:11:45 AM,874.15,21,18357.149999999998,121629882.84999989
2025-08-01 11:11:50 AM,874.1,0,0.0,121629882.84999989
2025-08-01 11:11:50 AM,874.1,9,7866.900000000001,121637749.7499999
2025-08-01 11:12:04 AM,873.85,0,0.0,121637749.7499999
2025-08-01 11:12:06 AM,873.85,45,39323.25,121677072.9999999
2025-08-01 11:12:11 AM,874.0,91,79534.0,121756606.9999999
2025-08-01 11:12:16 AM,874.05,0,0.0,121756606.9999999
2025-08-01 11:12:16 AM,874.05,51,44576.549999999996,121801183.5499999
2025-08-01 11:12:30 AM,874.5,0,0.0,121801183.5499999
2025-08-01 11:12:33 AM,874.5,50,43725.0,121844908.5499999
2025-08-01 11:12:43 AM,874.5,20,17490.0,121862398.5499999
2025-08-01 11:12:46 AM,875.25,0,0.0,121862398.5499999
2025-08-01 11:12:48 AM,875.25,956,836739.0,122699137.5499999
2025-08-01 11:12:56 AM,875.3,0,0.0,122699137.5499999
2025-08-01 11:12:58 AM,875.3,1,875.3,122700012.84999989
2025-08-01 11:13:20 AM,875.8,0,0.0,122700012.84999989
2025-08-01 11:13:21 AM,875.8,30,26274.0,122726286.84999989
2025-08-01 11:13:22 AM,875.35,25,21883.75,122748170.59999989
2025-08-01 11:13:26 AM,875.35,53,46393.55,122794564.14999989
2025-08-01 11:13:28 AM,875.85,50,43792.5,122838356.64999989
2025-08-01 11:13:42 AM,875.4,5,4377.0,122842733.64999989
2025-08-01 11:13:53 AM,875.4,2,1750.8,122844484.44999988
2025-08-01 11:14:04 AM,875.3,90,78777.0,122923261.44999988
2025-08-01 11:14:13 AM,875.2,0,0.0,122923261.44999988
2025-08-01 11:14:15 AM,875.2,259,226676.80000000002,123149938.24999988
2025-08-01 11:14:16 AM,876.0,10,8760.0,123158698.24999988
2025-08-01 11:14:21 AM,875.3,0,0.0,123158698.24999988
2025-08-01 11:14:21 AM,875.3,40,35012.0,123193710.24999988
2025-08-01 11:14:32 AM,875.3,12,10503.599999999999,123204213.84999987
2025-08-01 11:14:41 AM,875.15,0,0.0,123204213.84999987
2025-08-01 11:14:41 AM,875.15,100,87515.0,123291728.84999987
2025-08-01 11:14:43 AM,875.65,15,13134.75,123304863.59999987
2025-08-01 11:14:58 AM,875.85,41,35909.85,123340773.44999987
2025-08-01 11:15:07 AM,875.15,0,0.0,123340773.44999987
2025-08-01 11:15:09 AM,875.15,374,327306.1,123668079.54999986
2025-08-01 11:15:10 AM,875.55,10,8755.5,123676835.04999986
2025-08-01 11:15:20 AM,875.55,55,48155.25,123724990.29999986
2025-08-01 11:15:39 AM,874.95,0,0.0,123724990.29999986
2025-08-01 11:15:40 AM,873.95,195,170420.25,123895410.54999986
2025-08-01 11:15:53 AM,874.75,0,0.0,123895410.54999986
2025-08-01 11:15:55 AM,874.75,140,122465.0,124017875.54999986
2025-08-01 11:16:47 AM,874.0,0,0.0,124017875.54999986
2025-08-01 11:16:48 AM,874.0,50,43700.0,124061575.54999986
2025-08-01 11:17:22 AM,874.9,25,21872.5,124083448.04999986
2025-08-01 11:17:51 AM,874.05,0,0.0,124083448.04999986
2025-08-01 11:17:51 AM,874.7,0,0.0,124083448.04999986
2025-08-01 11:17:52 AM,874.7,70,61229.0,124144677.04999986
2025-08-01 11:18:25 AM,873.45,0,0.0,124144677.04999986
2025-08-01 11:18:26 AM,873.45,200,174690.0,124319367.04999986
2025-08-01 11:19:08 AM,873.75,0,0.0,124319367.04999986
2025-08-01 11:19:11 AM,873.75,190,166012.5,124485379.54999986
2025-08-01 11:19:24 AM,873.2,0,0.0,124485379.54999986
2025-08-01 11:19:27 AM,873.2,250,218300.0,124703679.54999986
2025-08-01 11:19:30 AM,873.85,0,0.0,124703679.54999986
2025-08-01 11:19:33 AM,873.85,1,873.85,124704553.39999986
2025-08-01 11:19:50 AM,873.25,0,0.0,124704553.39999986
2025-08-01 11:19:54 AM,873.25,140,122255.0,124826808.39999986
2025-08-01 11:19:57 AM,873.0,0,0.0,124826808.39999986
2025-08-01 11:20:00 AM,873.0,30,26190.0,124852998.39999986
2025-08-01 11:20:17 AM,873.65,0,0.0,124852998.39999986
2025-08-01 11:20:21 AM,873.65,1,873.65,124853872.04999986
2025-08-01 11:20:24 AM,873.0,0,0.0,124853872.04999986
2025-08-01 11:20:26 AM,873.0,25,21825.0,124875697.04999986
2025-08-01 11:20:52 AM,873.0,9,7857.0,124883554.04999986
2025-08-01 11:21:02 AM,873.0,16,13968.0,124897522.04999986
2025-08-01 11:21:13 AM,873.0,1,873.0,124898395.04999986
2025-08-01 11:21:18 AM,873.0,1,873.0,124899268.04999986
2025-08-01 11:21:24 AM,873.0,5,4365.0,124903633.04999986
2025-08-01 11:21:27 AM,873.5,0,0.0,124903633.04999986
2025-08-01 11:21:29 AM,873.5,1,873.5,124904506.54999986
2025-08-01 11:21:47 AM,873.0,0,0.0,124904506.54999986
2025-08-01 11:21:49 AM,873.0,29,25317.0,124929823.54999986
2025-08-01 11:21:58 AM,873.35,0,0.0,124929823.54999986
2025-08-01 11:21:59 AM,873.0,0,0.0,124929823.54999986
2025-08-01 11:21:59 AM,873.0,3,2619.0,124932442.54999986
2025-08-01 11:22:16 AM,873.0,39,34047.0,124966489.54999986
2025-08-01 11:22:32 AM,873.0,55,48015.0,125014504.54999986
2025-08-01 11:22:47 AM,872.6,0,0.0,125014504.54999986
2025-08-01 11:22:48 AM,872.95,39,34045.05,125048549.59999986
2025-08-01 11:22:57 AM,872.4,0,0.0,125048549.59999986
2025-08-01 11:22:58 AM,872.4,3,2617.2,125051166.79999986
2025-08-01 11:24:06 AM,872.1,0,0.0,125051166.79999986
2025-08-01 11:24:10 AM,872.1,49,42732.9,125093899.69999987
2025-08-01 11:24:24 AM,873.0,0,0.0,125093899.69999987
2025-08-01 11:24:26 AM,873.0,60,52380.0,125146279.69999987
2025-08-01 11:24:28 AM,872.25,0,0.0,125146279.69999987
2025-08-01 11:24:31 AM,872.25,1,872.25,125147151.94999987
2025-08-01 11:24:52 AM,872.25,20,17445.0,125164596.94999987
2025-08-01 11:25:03 AM,872.25,1,872.25,125165469.19999987
2025-08-01 11:25:09 AM,872.25,55,47973.75,125213442.94999987
2025-08-01 11:25:43 AM,873.0,0,0.0,125213442.94999987
2025-08-01 11:25:45 AM,873.0,188,164124.0,125377566.94999987
2025-08-01 11:25:53 AM,873.05,0,0.0,125377566.94999987
2025-08-01 11:25:55 AM,873.05,2,1746.1,125379313.04999986
2025-08-01 11:25:57 AM,873.65,0,0.0,125379313.04999986
2025-08-01 11:26:00 AM,873.65,12,10483.8,125389796.84999986
2025-08-01 11:26:30 AM,873.25,0,0.0,125389796.84999986
2025-08-01 11:26:31 AM,873.25,12,10479.0,125400275.84999986
2025-08-01 11:26:45 AM,873.9,0,0.0,125400275.84999986
2025-08-01 11:26:46 AM,873.9,21,18351.899999999998,125418627.74999987
2025-08-01 11:26:53 AM,874.0,0,0.0,125418627.74999987
2025-08-01 11:26:56 AM,873.9,45,39325.5,125457953.24999987
2025-08-01 11:28:00 AM,873.35,15,13100.25,125471053.49999987
2025-08-01 11:28:34 AM,873.0,0,0.0,125471053.49999987
2025-08-01 11:28:34 AM,873.0,164,143172.0,125614225.49999987
2025-08-01 11:28:39 AM,873.0,5,4365.0,125618590.49999987
2025-08-01 11:28:44 AM,873.0,1,873.0,125619463.49999987
2025-08-01 11:29:03 AM,872.3,0,0.0,125619463.49999987
2025-08-01 11:29:04 AM,872.3,61,53210.299999999996,125672673.79999986
2025-08-01 11:29:20 AM,872.3,25,21807.5,125694481.29999986
2025-08-01 11:29:26 AM,872.95,0,0.0,125694481.29999986
2025-08-01 11:29:28 AM,872.95,1,872.95,125695354.24999987
2025-08-01 11:29:33 AM,872.95,1,872.95,125696227.19999987
2025-08-01 11:29:38 AM,872.95,10,8729.5,125704956.69999987
2025-08-01 11:30:25 AM,872.55,5,4362.75,125709319.44999987
2025-08-01 11:30:47 AM,872.55,5,4362.75,125713682.19999987
2025-08-01 11:30:57 AM,872.55,12,10470.599999999999,125724152.79999986
2025-08-01 11:31:00 AM,872.35,35,30532.25,125754685.04999986
2025-08-01 11:31:13 AM,872.35,21,18319.350000000002,125773004.39999986
2025-08-01 11:31:19 AM,872.9,0,0.0,125773004.39999986
2025-08-01 11:31:21 AM,872.9,32,27932.8,125800937.19999985
2025-08-01 11:31:27 AM,872.4,0,0.0,125800937.19999985
2025-08-01 11:31:28 AM,872.4,65,56706.0,125857643.19999985
2025-08-01 11:31:40 AM,873.4,0,0.0,125857643.19999985
2025-08-01 11:31:42 AM,873.4,81,70745.4,125928388.59999986
2025-08-01 11:31:43 AM,873.95,0,0.0,125928388.59999986
2025-08-01 11:31:43 AM,873.95,13,11361.35,125939749.94999985
2025-08-01 11:31:48 AM,873.2,0,0.0,125939749.94999985
2025-08-01 11:31:48 AM,873.2,6,5239.200000000001,125944989.14999986
2025-08-01 11:31:57 AM,873.95,0,0.0,125944989.14999986
2025-08-01 11:31:58 AM,873.95,13,11361.35,125956350.49999985
2025-08-01 11:32:13 AM,872.6,105,91623.0,126047973.49999985
2025-08-01 11:33:05 AM,872.6,10,8726.0,126056699.49999985
2025-08-01 11:33:06 AM,873.0,0,0.0,126056699.49999985
2025-08-01 11:33:10 AM,873.0,1107,966411.0,127023110.49999985
2025-08-01 11:33:43 AM,873.9,0,0.0,127023110.49999985
2025-08-01 11:33:44 AM,873.55,0,0.0,127023110.49999985
2025-08-01 11:33:45 AM,873.55,112,97837.59999999999,127120948.09999985
2025-08-01 11:33:51 AM,873.15,2,1746.3,127122694.39999984
2025-08-01 11:34:34 AM,873.5,0,0.0,127122694.39999984
2025-08-01 11:34:36 AM,873.5,7,6114.5,127128808.89999984
2025-08-01 11:35:13 AM,873.5,7,6114.5,127134923.39999984
2025-08-01 11:35:45 AM,873.5,20,17470.0,127152393.39999984
2025-08-01 11:35:55 AM,873.5,8,6988.0,127159381.39999984
2025-08-01 11:36:09 AM,873.3,0,0.0,127159381.39999984
2025-08-01 11:36:11 AM,873.3,12,10479.599999999999,127169860.99999984
2025-08-01 11:36:31 AM,873.3,60,52398.0,127222258.99999984
2025-08-01 11:36:57 AM,872.2,0,0.0,127222258.99999984
2025-08-01 11:36:58 AM,872.0,3909,3408648.0,130630906.99999984
2025-08-01 11:37:07 AM,871.6,0,0.0,130630906.99999984
2025-08-01 11:37:09 AM,871.6,1,871.6,130631778.59999983
2025-08-01 11:37:23 AM,871.45,0,0.0,130631778.59999983
2025-08-01 11:37:24 AM,871.45,17,14814.650000000001,130646593.24999984
2025-08-01 11:37:43 AM,872.4,0,0.0,130646593.24999984
2025-08-01 11:37:45 AM,872.4,70,61068.0,130707661.24999984
2025-08-01 11:38:01 AM,872.3,1,872.3,130708533.54999983
2025-08-01 11:39:07 AM,872.4,14,12213.6,130720747.14999983
2025-08-01 11:39:15 AM,872.4,109,95091.59999999999,130815838.74999982
2025-08-01 11:39:21 AM,872.0,200,174400.0,130990238.74999982
2025-08-01 11:39:58 AM,872.0,100,87200.0,131077438.74999982
2025-08-01 11:39:59 AM,872.4,0,0.0,131077438.74999982
2025-08-01 11:39:59 AM,872.4,693,604573.2,131682011.94999982
2025-08-01 11:40:28 AM,872.05,0,0.0,131682011.94999982
2025-08-01 11:40:29 AM,872.05,90,78484.5,131760496.44999982
2025-08-01 11:40:31 AM,872.4,0,0.0,131760496.44999982
2025-08-01 11:40:34 AM,872.4,13,11341.199999999999,131771837.64999983
2025-08-01 11:41:00 AM,872.7,0,0.0,131771837.64999983
2025-08-01 11:41:05 AM,872.7,34,29671.800000000003,131801509.44999982
2025-08-01 11:41:17 AM,872.0,0,0.0,131801509.44999982
2025-08-01 11:41:20 AM,872.0,36,31392.0,131832901.44999982
2025-08-01 11:41:23 AM,872.4,0,0.0,131832901.44999982
2025-08-01 11:41:24 AM,872.4,40,34896.0,131867797.44999982
2025-08-01 11:42:03 AM,872.9,0,0.0,131867797.44999982
2025-08-01 11:42:05 AM,872.9,1,872.9,131868670.34999983
2025-08-01 11:42:17 AM,872.4,0,0.0,131868670.34999983
2025-08-01 11:42:20 AM,872.4,9,7851.599999999999,131876521.94999982
2025-08-01 11:42:47 AM,872.4,13,11341.199999999999,131887863.14999983
2025-08-01 11:43:02 AM,872.4,24,20937.6,131908800.74999982
2025-08-01 11:43:19 AM,872.4,100,87240.0,131996040.74999982
2025-08-01 11:43:24 AM,872.4,10,8724.0,132004764.74999982
2025-08-01 11:43:27 AM,872.3,0,0.0,132004764.74999982
2025-08-01 11:43:29 AM,871.9,80,69752.0,132074516.74999982
2025-08-01 11:43:41 AM,871.6,0,0.0,132074516.74999982
2025-08-01 11:43:45 AM,871.95,192,167414.40000000002,132241931.14999983
2025-08-01 11:43:49 AM,871.6,0,0.0,132241931.14999983
2025-08-01 11:43:50 AM,871.6,116,101105.6,132343036.74999982
2025-08-01 11:44:08 AM,871.45,0,0.0,132343036.74999982
2025-08-01 11:44:12 AM,871.45,996,867964.2000000001,133211000.94999982
2025-08-01 11:44:24 AM,871.35,0,0.0,133211000.94999982
2025-08-01 11:44:24 AM,871.35,15,13070.25,133224071.19999982
2025-08-01 11:44:41 AM,871.35,6,5228.1,133229299.29999982
2025-08-01 11:44:57 AM,871.2,0,0.0,133229299.29999982
2025-08-01 11:44:57 AM,871.2,4,3484.8,133232784.09999982
2025-08-01 11:45:19 AM,870.95,0,0.0,133232784.09999982
2025-08-01 11:45:22 AM,870.7,0,0.0,133232784.09999982
2025-08-01 11:45:24 AM,870.7,302,262951.4,133495735.49999982
2025-08-01 11:45:40 AM,870.7,400,348280.0,133844015.49999982
2025-08-01 11:45:50 AM,870.7,62,53983.4,133897998.89999983
2025-08-01 11:45:56 AM,870.7,2,1741.4,133899740.29999983
2025-08-01 11:46:12 AM,870.5,0,0.0,133899740.29999983
2025-08-01 11:46:12 AM,870.5,475,413487.5,134313227.79999983
2025-08-01 11:46:17 AM,870.5,268,233294.0,134546521.79999983
2025-08-01 11:46:20 AM,870.0,0,0.0,134546521.79999983
2025-08-01 11:46:21 AM,870.5,0,0.0,134546521.79999983
2025-08-01 11:46:22 AM,870.5,108,94014.0,134640535.79999983
2025-08-01 11:46:38 AM,870.5,1,870.5,134641406.29999983
2025-08-01 11:46:54 AM,870.5,100,87050.0,134728456.29999983
2025-08-01 11:47:01 AM,870.1,0,0.0,134728456.29999983
2025-08-01 11:47:05 AM,870.1,88,76568.8,134805025.09999985
2025-08-01 11:47:15 AM,871.0,0,0.0,134805025.09999985
2025-08-01 11:47:15 AM,871.0,250,217750.0,135022775.09999985
2025-08-01 11:47:42 AM,870.05,0,0.0,135022775.09999985
2025-08-01 11:47:45 AM,870.05,50,43502.5,135066277.59999985
2025-08-01 11:47:50 AM,870.05,1,870.05,135067147.64999986
2025-08-01 11:48:21 AM,870.6,10,8706.0,135075853.64999986
2025-08-01 11:48:21 AM,870.5,0,0.0,135075853.64999986
2025-08-01 11:48:26 AM,870.5,2,1741.0,135077594.64999986
2025-08-01 11:48:31 AM,870.0,750,652500.0,135730094.64999986
2025-08-01 11:48:33 AM,870.55,0,0.0,135730094.64999986
2025-08-01 11:48:36 AM,870.55,17,14799.349999999999,135744893.99999985
2025-08-01 11:48:42 AM,870.65,0,0.0,135744893.99999985
2025-08-01 11:48:46 AM,870.65,33,28731.45,135773625.44999984
2025-08-01 11:49:35 AM,870.2,0,0.0,135773625.44999984
2025-08-01 11:49:36 AM,870.25,0,0.0,135773625.44999984
2025-08-01 11:49:38 AM,870.25,37,32199.25,135805824.69999984
2025-08-01 11:49:49 AM,870.65,10,8706.5,135814531.19999984
2025-08-01 11:49:53 AM,870.25,0,0.0,135814531.19999984
2025-08-01 11:49:54 AM,870.25,10,8702.5,135823233.69999984
2025-08-01 11:49:56 AM,870.65,0,0.0,135823233.69999984
2025-08-01 11:49:59 AM,870.65,1,870.65,135824104.34999985
2025-08-01 11:50:23 AM,870.35,0,0.0,135824104.34999985
2025-08-01 11:50:25 AM,870.35,3,2611.05,135826715.39999986
2025-08-01 11:50:30 AM,870.35,10,8703.5,135835418.89999986
2025-08-01 11:50:43 AM,870.65,0,0.0,135835418.89999986
2025-08-01 11:50:45 AM,870.65,10,8706.5,135844125.39999986
2025-08-01 11:50:57 AM,870.05,0,0.0,135844125.39999986
2025-08-01 11:50:59 AM,870.05,124,107886.2,135952011.59999985
2025-08-01 11:51:34 AM,870.05,44,38282.2,135990293.79999983
2025-08-01 11:51:38 AM,870.1,0,0.0,135990293.79999983
2025-08-01 11:51:39 AM,870.65,16,13930.4,136004224.19999984
2025-08-01 11:52:15 AM,871.0,166,144586.0,136148810.19999984
2025-08-01 11:52:49 AM,871.05,2,1742.1,136150552.29999983
2025-08-01 11:53:11 AM,870.7,2,1741.4,136152293.69999984
2025-08-01 11:53:25 AM,871.65,0,0.0,136152293.69999984
2025-08-01 11:53:25 AM,870.8,304,264723.2,136417016.89999983
2025-08-01 11:53:32 AM,870.55,0,0.0,136417016.89999983
2025-08-01 11:53:35 AM,870.55,30,26116.5,136443133.39999983
2025-08-01 11:54:28 AM,870.65,0,0.0,136443133.39999983
2025-08-01 11:54:32 AM,870.65,118,102736.7,136545870.09999982
2025-08-01 11:55:04 AM,870.75,0,0.0,136545870.09999982
2025-08-01 11:55:06 AM,870.75,1,870.75,136546740.84999982
2025-08-01 11:55:30 AM,871.3,0,0.0,136546740.84999982
2025-08-01 11:55:33 AM,871.3,2,1742.6,136548483.4499998
2025-08-01 11:55:49 AM,870.75,0,0.0,136548483.4499998
2025-08-01 11:55:52 AM,870.75,5,4353.75,136552837.1999998
2025-08-01 11:56:20 AM,871.4,0,0.0,136552837.1999998
2025-08-01 11:56:22 AM,871.4,2,1742.8,136554579.99999982
2025-08-01 11:56:43 AM,871.4,21,18299.399999999998,136572879.39999983
2025-08-01 11:56:44 AM,871.8,4,3487.2,136576366.59999982
2025-08-01 11:56:50 AM,871.4,0,0.0,136576366.59999982
2025-08-01 11:56:53 AM,871.4,5,4357.0,136580723.59999982
2025-08-01 11:57:35 AM,871.95,0,0.0,136580723.59999982
2025-08-01 11:57:38 AM,871.95,5,4359.75,136585083.34999982
2025-08-01 11:57:49 AM,871.9,0,0.0,136585083.34999982
2025-08-01 11:57:49 AM,871.9,161,140375.9,136725459.24999982
2025-08-01 11:57:51 AM,871.4,0,0.0,136725459.24999982
2025-08-01 11:57:53 AM,871.4,1,871.4,136726330.64999983
2025-08-01 11:58:03 AM,871.4,17,14813.8,136741144.44999984
2025-08-01 11:58:07 AM,871.95,0,0.0,136741144.44999984
2025-08-01 11:58:08 AM,871.95,83,72371.85,136813516.29999983
2025-08-01 11:58:12 AM,871.4,0,0.0,136813516.29999983
2025-08-01 11:58:14 AM,871.4,7,6099.8,136819616.09999985
2025-08-01 12:00:29 PM,872.0,0,0.0,136819616.09999985
2025-08-01 12:00:30 PM,872.0,338,294736.0,137114352.09999985
2025-08-01 12:00:35 PM,872.3,200,174460.0,137288812.09999985
2025-08-01 12:00:39 PM,872.4,0,0.0,137288812.09999985
2025-08-01 12:00:40 PM,872.4,1802,1572064.8,138860876.89999986
2025-08-01 12:00:43 PM,872.7,0,0.0,138860876.89999986
2025-08-01 12:00:44 PM,872.7,5,4363.5,138865240.39999986
2025-08-01 12:00:45 PM,872.6,0,0.0,138865240.39999986
2025-08-01 12:00:47 PM,872.6,412,359511.2,139224751.59999985
2025-08-01 12:00:55 PM,873.15,0,0.0,139224751.59999985
2025-08-01 12:00:57 PM,873.15,125,109143.75,139333895.34999985
2025-08-01 12:01:06 PM,873.05,0,0.0,139333895.34999985
2025-08-01 12:01:06 PM,873.05,100,87305.0,139421200.34999985
2025-08-01 12:01:52 PM,873.2,50,43660.0,139464860.34999985
2025-08-01 12:02:05 PM,871.75,0,0.0,139464860.34999985
2025-08-01 12:02:06 PM,871.75,116,101123.0,139565983.34999985
2025-08-01 12:02:51 PM,871.5,0,0.0,139565983.34999985
2025-08-01 12:02:51 PM,871.5,25,21787.5,139587770.84999985
2025-08-01 12:03:11 PM,872.0,0,0.0,139587770.84999985
2025-08-01 12:03:11 PM,872.0,100,87200.0,139674970.84999985
2025-08-01 12:03:39 PM,871.55,0,0.0,139674970.84999985
2025-08-01 12:03:41 PM,871.55,16,13944.8,139688915.64999986
2025-08-01 12:04:05 PM,871.95,0,0.0,139688915.64999986
2025-08-01 12:04:07 PM,871.95,50,43597.5,139732513.14999986
2025-08-01 12:04:15 PM,871.95,1,871.95,139733385.09999985
2025-08-01 12:04:21 PM,871.5,0,0.0,139733385.09999985
2025-08-01 12:04:22 PM,871.5,50,43575.0,139776960.09999985
2025-08-01 12:05:04 PM,872.2,0,0.0,139776960.09999985
2025-08-01 12:05:07 PM,872.2,5,4361.0,139781321.09999985
2025-08-01 12:05:24 PM,871.6,0,0.0,139781321.09999985
2025-08-01 12:05:27 PM,871.6,7,6101.2,139787422.29999983
2025-08-01 12:05:32 PM,872.0,5,4360.0,139791782.29999983
2025-08-01 12:05:58 PM,871.35,0,0.0,139791782.29999983
2025-08-01 12:06:02 PM,871.35,487,424347.45,140216129.74999982
2025-08-01 12:06:14 PM,871.4,0,0.0,140216129.74999982
2025-08-01 12:06:17 PM,871.4,3,2614.2,140218743.9499998
2025-08-01 12:07:21 PM,872.0,10,8720.0,140227463.9499998
2025-08-01 12:07:22 PM,872.2,0,0.0,140227463.9499998
2025-08-01 12:07:24 PM,872.95,0,0.0,140227463.9499998
2025-08-01 12:07:26 PM,872.95,238,207762.1,140435226.0499998
2025-08-01 12:07:34 PM,872.8,0,0.0,140435226.0499998
2025-08-01 12:07:37 PM,872.8,15,13092.0,140448318.0499998
2025-08-01 12:07:46 PM,873.0,0,0.0,140448318.0499998
2025-08-01 12:07:47 PM,873.0,60,52380.0,140500698.0499998
2025-08-01 12:08:12 PM,872.7,174,151849.80000000002,140652547.84999982
2025-08-01 12:08:18 PM,872.4,0,0.0,140652547.84999982
2025-08-01 12:08:22 PM,872.4,1,872.4,140653420.24999982
2025-08-01 12:08:40 PM,872.15,0,0.0,140653420.24999982
2025-08-01 12:08:42 PM,872.15,2,1744.3,140655164.54999983
2025-08-01 12:09:51 PM,872.15,107,93320.05,140748484.59999985
2025-08-01 12:10:06 PM,872.2,0,0.0,140748484.59999985
2025-08-01 12:10:07 PM,872.2,1,872.2,140749356.79999983
2025-08-01 12:10:26 PM,872.6,0,0.0,140749356.79999983
2025-08-01 12:10:27 PM,872.6,9,7853.400000000001,140757210.19999984
2025-08-01 12:10:54 PM,872.2,0,0.0,140757210.19999984
2025-08-01 12:10:56 PM,872.2,6,5233.200000000001,140762443.39999983
2025-08-01 12:11:06 PM,873.0,0,0.0,140762443.39999983
2025-08-01 12:11:06 PM,873.0,106,92538.0,140854981.39999983
2025-08-01 12:11:55 PM,873.0,2,1746.0,140856727.39999983
2025-08-01 12:12:15 PM,872.95,401,350052.95,141206780.34999982
2025-08-01 12:12:52 PM,872.85,0,0.0,141206780.34999982
2025-08-01 12:12:56 PM,872.85,98,85539.3,141292319.64999983
2025-08-01 12:12:58 PM,872.8,0,0.0,141292319.64999983
2025-08-01 12:13:01 PM,872.8,84,73315.2,141365634.84999982
2025-08-01 12:13:36 PM,872.95,0,0.0,141365634.84999982
2025-08-01 12:13:36 PM,872.95,15,13094.25,141378729.09999982
2025-08-01 12:14:24 PM,872.15,0,0.0,141378729.09999982
2025-08-01 12:14:25 PM,872.15,25,21803.75,141400532.84999982
2025-08-01 12:14:26 PM,872.95,45,39282.75,141439815.59999982
2025-08-01 12:15:57 PM,872.25,15,13083.75,141452899.34999982
2025-08-01 12:16:32 PM,871.75,0,0.0,141452899.34999982
2025-08-01 12:16:34 PM,871.5,0,0.0,141452899.34999982
2025-08-01 12:16:36 PM,871.5,523,455794.5,141908693.84999982
2025-08-01 12:17:28 PM,871.0,0,0.0,141908693.84999982
2025-08-01 12:17:30 PM,871.0,1072,933712.0,142842405.84999982
2025-08-01 12:17:32 PM,871.5,0,0.0,142842405.84999982
2025-08-01 12:17:35 PM,871.5,110,95865.0,142938270.84999982
2025-08-01 12:18:00 PM,871.35,0,0.0,142938270.84999982
2025-08-01 12:18:04 PM,871.35,10,8713.5,142946984.34999982
2025-08-01 12:18:06 PM,871.3,0,0.0,142946984.34999982
2025-08-01 12:18:08 PM,870.5,0,0.0,142946984.34999982
2025-08-01 12:18:09 PM,870.5,3,2611.5,142949595.84999982
2025-08-01 12:18:14 PM,870.5,1,870.5,142950466.34999982
2025-08-01 12:18:28 PM,870.5,5,4352.5,142954818.84999982
2025-08-01 12:20:10 PM,871.35,15,13070.25,142967889.09999982
2025-08-01 12:20:29 PM,870.5,0,0.0,142967889.09999982
2025-08-01 12:20:31 PM,870.5,14,12187.0,142980076.09999982
2025-08-01 12:20:43 PM,870.25,0,0.0,142980076.09999982
2025-08-01 12:20:45 PM,871.05,0,0.0,142980076.09999982
2025-08-01 12:20:46 PM,871.05,153,133270.65,143113346.74999982
2025-08-01 12:20:49 PM,870.5,0,0.0,143113346.74999982
2025-08-01 12:20:51 PM,870.5,15,13057.5,143126404.24999982
2025-08-01 12:21:36 PM,870.55,0,0.0,143126404.24999982
2025-08-01 12:21:39 PM,870.55,2,1741.1,143128145.34999982
2025-08-01 12:21:51 PM,870.3,0,0.0,143128145.34999982
2025-08-01 12:21:54 PM,870.3,6,5221.799999999999,143133367.14999983
2025-08-01 12:21:57 PM,871.2,0,0.0,143133367.14999983
2025-08-01 12:22:00 PM,871.2,732,637718.4,143771085.54999983
2025-08-01 12:22:01 PM,870.75,0,0.0,143771085.54999983
2025-08-01 12:22:04 PM,870.75,5,4353.75,143775439.29999983
2025-08-01 12:22:25 PM,870.4,0,0.0,143775439.29999983
2025-08-01 12:22:25 PM,870.4,50,43520.0,143818959.29999983
2025-08-01 12:22:40 PM,871.8,0,0.0,143818959.29999983
2025-08-01 12:22:41 PM,871.8,104,90667.2,143909626.49999982
2025-08-01 12:22:46 PM,871.8,6,5230.799999999999,143914857.29999983
2025-08-01 12:22:47 PM,871.7,0,0.0,143914857.29999983
2025-08-01 12:22:51 PM,871.7,19,16562.3,143931419.59999985
2025-08-01 12:24:08 PM,872.7,0,0.0,143931419.59999985
2025-08-01 12:24:11 PM,872.7,141,123050.70000000001,144054470.29999983
2025-08-01 12:24:19 PM,874.0,0,0.0,144054470.29999983
2025-08-01 12:24:21 PM,874.0,1368,1195632.0,145250102.29999983
2025-08-01 12:24:32 PM,874.4,0,0.0,145250102.29999983
2025-08-01 12:24:34 PM,874.8,0,0.0,145250102.29999983
2025-08-01 12:24:35 PM,874.8,62,54237.6,145304339.89999983
2025-08-01 12:25:07 PM,874.45,0,0.0,145304339.89999983
2025-08-01 12:25:09 PM,874.45,1,874.45,145305214.34999982
2025-08-01 12:25:27 PM,874.8,0,0.0,145305214.34999982
2025-08-01 12:25:30 PM,874.8,1,874.8,145306089.14999983
2025-08-01 12:25:31 PM,873.1,0,0.0,145306089.14999983
2025-08-01 12:25:35 PM,873.1,376,328285.60000000003,145634374.74999982
2025-08-01 12:26:07 PM,873.5,0,0.0,145634374.74999982
2025-08-01 12:26:10 PM,873.5,2,1747.0,145636121.74999982
2025-08-01 12:26:50 PM,872.8,0,0.0,145636121.74999982
2025-08-01 12:26:50 PM,872.8,5,4364.0,145640485.74999982
2025-08-01 12:27:25 PM,873.3,0,0.0,145640485.74999982
2025-08-01 12:27:26 PM,873.3,5,4366.5,145644852.24999982
2025-08-01 12:27:41 PM,873.25,1,873.25,145645725.49999982
2025-08-01 12:28:03 PM,873.35,0,0.0,145645725.49999982
2025-08-01 12:28:05 PM,873.35,25,21833.75,145667559.24999982
2025-08-01 12:28:23 PM,872.3,0,0.0,145667559.24999982
2025-08-01 12:28:25 PM,872.3,57,49721.1,145717280.34999982
2025-08-01 12:28:38 PM,872.0,0,0.0,145717280.34999982
2025-08-01 12:28:40 PM,872.0,28,24416.0,145741696.34999982
2025-08-01 12:28:56 PM,872.1,1,872.1,145742568.4499998
2025-08-01 12:30:38 PM,872.0,60,52320.0,145794888.4499998
2025-08-01 12:30:56 PM,872.0,3,2616.0,145797504.4499998
2025-08-01 12:31:08 PM,872.7,0,0.0,145797504.4499998
2025-08-01 12:31:11 PM,872.7,9,7854.3,145805358.74999982
2025-08-01 12:31:12 PM,873.5,0,0.0,145805358.74999982
2025-08-01 12:31:13 PM,873.5,50,43675.0,145849033.74999982
2025-08-01 12:31:30 PM,872.85,0,0.0,145849033.74999982
2025-08-01 12:31:32 PM,872.85,10,8728.5,145857762.24999982
2025-08-01 12:31:43 PM,873.85,62,54178.700000000004,145911940.9499998
2025-08-01 12:31:44 PM,873.6,0,0.0,145911940.9499998
2025-08-01 12:31:48 PM,873.6,1,873.6,145912814.5499998
2025-08-01 12:31:59 PM,873.6,4,3494.4,145916308.9499998
2025-08-01 12:32:00 PM,873.5,6,5241.0,145921549.9499998
2025-08-01 12:32:15 PM,873.5,141,123163.5,146044713.4499998
2025-08-01 12:32:34 PM,872.65,0,0.0,146044713.4499998
2025-08-01 12:32:36 PM,872.75,1041,908532.75,146953246.1999998
2025-08-01 12:32:41 PM,873.05,14,12222.699999999999,146965468.8999998
2025-08-01 12:32:51 PM,873.45,154,134511.30000000002,147099980.1999998
2025-08-01 12:33:00 PM,873.45,99,86471.55,147186451.74999982
2025-08-01 12:33:10 PM,873.45,12,10481.400000000001,147196933.14999983
2025-08-01 12:34:21 PM,873.45,10,8734.5,147205667.64999983
2025-08-01 12:34:26 PM,873.45,16,13975.2,147219642.84999982
2025-08-01 12:35:08 PM,873.8,0,0.0,147219642.84999982
2025-08-01 12:35:12 PM,873.8,8,6990.4,147226633.24999982
2025-08-01 12:35:17 PM,873.8,1,873.8,147227507.04999983
2025-08-01 12:35:20 PM,873.45,0,0.0,147227507.04999983
2025-08-01 12:35:22 PM,873.45,34,29697.300000000003,147257204.34999985
2025-08-01 12:35:42 PM,873.45,96,83851.20000000001,147341055.54999983
2025-08-01 12:36:20 PM,873.9,0,0.0,147341055.54999983
2025-08-01 12:36:20 PM,873.9,50,43695.0,147384750.54999983
2025-08-01 12:36:22 PM,872.95,0,0.0,147384750.54999983
2025-08-01 12:36:25 PM,872.95,14,12221.300000000001,147396971.84999985
2025-08-01 12:36:35 PM,873.85,29,25341.65,147422313.49999985
2025-08-01 12:37:03 PM,873.7,0,0.0,147422313.49999985
2025-08-01 12:37:06 PM,873.7,2,1747.4,147424060.89999986
2025-08-01 12:37:15 PM,873.75,0,0.0,147424060.89999986
2025-08-01 12:37:15 PM,873.75,15,13106.25,147437167.14999986
2025-08-01 12:37:55 PM,874.25,0,0.0,147437167.14999986
2025-08-01 12:37:56 PM,873.75,0,0.0,147437167.14999986
2025-08-01 12:37:56 PM,873.75,73,63783.75,147500950.89999986
2025-08-01 12:38:00 PM,874.5,0,0.0,147500950.89999986
2025-08-01 12:38:00 PM,874.5,52,45474.0,147546424.89999986
2025-08-01 12:38:29 PM,876.3,0,0.0,147546424.89999986
2025-08-01 12:38:30 PM,876.3,2552,2236317.6,149782742.49999985
2025-08-01 12:38:31 PM,876.2,0,0.0,149782742.49999985
2025-08-01 12:38:31 PM,876.2,7,6133.400000000001,149788875.89999986
2025-08-01 12:38:42 PM,876.9,0,0.0,149788875.89999986
2025-08-01 12:38:45 PM,876.9,10,8769.0,149797644.89999986
2025-08-01 12:38:46 PM,876.35,0,0.0,149797644.89999986
2025-08-01 12:38:46 PM,876.35,10,8763.5,149806408.39999986
2025-08-01 12:38:49 PM,876.35,1,876.35,149807284.74999985
2025-08-01 12:38:58 PM,876.9,0,0.0,149807284.74999985
2025-08-01 12:38:59 PM,876.35,115,100780.25,149908064.99999985
2025-08-01 12:39:01 PM,877.0,1000,877000.0,150785064.99999985
2025-08-01 12:39:02 PM,877.4,0,0.0,150785064.99999985
2025-08-01 12:39:03 PM,877.0,0,0.0,150785064.99999985
2025-08-01 12:39:04 PM,877.0,1652,1448804.0,152233868.99999985
2025-08-01 12:39:05 PM,879.0,1506,1323774.0,153557642.99999985
2025-08-01 12:39:06 PM,878.45,0,0.0,153557642.99999985
2025-08-01 12:39:09 PM,878.45,730,641268.5,154198911.49999985
2025-08-01 12:39:10 PM,878.25,72,63234.0,154262145.49999985
2025-08-01 12:39:12 PM,879.0,0,0.0,154262145.49999985
2025-08-01 12:39:13 PM,877.85,0,0.0,154262145.49999985
2025-08-01 12:39:13 PM,877.85,740,649609.0,154911754.49999985
2025-08-01 12:39:14 PM,877.8,0,0.0,154911754.49999985
2025-08-01 12:39:15 PM,877.8,9,7900.2,154919654.69999984
2025-08-01 12:39:16 PM,877.95,0,0.0,154919654.69999984
2025-08-01 12:39:18 PM,877.95,93,81649.35,155001304.04999983
2025-08-01 12:39:19 PM,878.3,0,0.0,155001304.04999983
2025-08-01 12:39:20 PM,878.3,5,4391.5,155005695.54999983
2025-08-01 12:39:33 PM,878.3,1,878.3,155006573.84999985
2025-08-01 12:39:39 PM,878.0,0,0.0,155006573.84999985
2025-08-01 12:39:43 PM,878.0,61,53558.0,155060131.84999985
2025-08-01 12:40:08 PM,877.05,0,0.0,155060131.84999985
2025-08-01 12:40:09 PM,877.05,1,877.05,155061008.89999986
2025-08-01 12:40:22 PM,877.75,0,0.0,155061008.89999986
2025-08-01 12:40:25 PM,877.75,5,4388.75,155065397.64999986
2025-08-01 12:40:35 PM,876.65,400,350660.0,155416057.64999986
2025-08-01 12:40:36 PM,877.05,0,0.0,155416057.64999986
2025-08-01 12:40:40 PM,877.05,108,94721.4,155510779.04999986
2025-08-01 12:40:46 PM,877.05,25,21926.25,155532705.29999986
2025-08-01 12:41:06 PM,876.65,0,0.0,155532705.29999986
2025-08-01 12:41:06 PM,876.65,100,87665.0,155620370.29999986
2025-08-01 12:41:14 PM,877.6,0,0.0,155620370.29999986
2025-08-01 12:41:16 PM,877.6,138,121108.8,155741479.09999987
2025-08-01 12:41:27 PM,877.6,101,88637.6,155830116.69999987
2025-08-01 12:41:44 PM,878.0,46,40388.0,155870504.69999987
2025-08-01 12:41:46 PM,877.85,0,0.0,155870504.69999987
2025-08-01 12:41:48 PM,877.85,5,4389.25,155874893.94999987
2025-08-01 12:41:52 PM,878.0,0,0.0,155874893.94999987
2025-08-01 12:41:53 PM,878.0,25,21950.0,155896843.94999987
2025-08-01 12:41:58 PM,877.8,0,0.0,155896843.94999987
2025-08-01 12:41:59 PM,877.8,15,13167.0,155910010.94999987
2025-08-01 12:42:02 PM,877.7,0,0.0,155910010.94999987
2025-08-01 12:42:03 PM,877.7,5,4388.5,155914399.44999987
2025-08-01 12:42:08 PM,877.45,0,0.0,155914399.44999987
2025-08-01 12:42:09 PM,877.45,305,267622.25,156182021.69999987
2025-08-01 12:42:14 PM,877.0,137,120149.0,156302170.69999987
2025-08-01 12:42:26 PM,877.15,0,0.0,156302170.69999987
2025-08-01 12:42:29 PM,877.15,302,264899.3,156567069.99999988
2025-08-01 12:42:48 PM,877.75,0,0.0,156567069.99999988
2025-08-01 12:42:49 PM,877.75,34,29843.5,156596913.49999988
2025-08-01 12:42:50 PM,877.05,3,2631.1499999999996,156599544.6499999
2025-08-01 12:43:11 PM,877.4,41,35973.4,156635518.0499999
2025-08-01 12:43:12 PM,878.0,0,0.0,156635518.0499999
2025-08-01 12:43:12 PM,878.0,200,175600.0,156811118.0499999
2025-08-01 12:43:24 PM,876.05,0,0.0,156811118.0499999
2025-08-01 12:43:28 PM,876.05,684,599218.2,157410336.24999988
2025-08-01 12:43:30 PM,877.4,0,0.0,157410336.24999988
2025-08-01 12:43:33 PM,877.4,34,29831.6,157440167.84999987
2025-08-01 12:43:36 PM,877.2,0,0.0,157440167.84999987
2025-08-01 12:43:39 PM,877.2,71,62281.200000000004,157502449.04999986
2025-08-01 12:43:50 PM,876.95,61,53493.950000000004,157555942.99999985
2025-08-01 12:43:52 PM,876.2,0,0.0,157555942.99999985
2025-08-01 12:43:54 PM,877.05,0,0.0,157555942.99999985
2025-08-01 12:43:55 PM,878.0,785,689230.0,158245172.99999985
2025-08-01 12:43:58 PM,878.7,0,0.0,158245172.99999985
2025-08-01 12:44:01 PM,878.7,66,57994.200000000004,158303167.19999984
2025-08-01 12:44:02 PM,879.4,0,0.0,158303167.19999984
2025-08-01 12:44:06 PM,879.05,0,0.0,158303167.19999984
2025-08-01 12:44:06 PM,879.05,3582,3148757.0999999996,161451924.29999983
2025-08-01 12:44:10 PM,879.85,0,0.0,161451924.29999983
2025-08-01 12:44:10 PM,880.0,0,0.0,161451924.29999983
2025-08-01 12:44:12 PM,880.0,2403,2114640.0,163566564.29999983
2025-08-01 12:44:12 PM,879.6,0,0.0,163566564.29999983
2025-08-01 12:44:14 PM,879.55,0,0.0,163566564.29999983
2025-08-01 12:44:16 PM,879.8,0,0.0,163566564.29999983
2025-08-01 12:44:17 PM,879.8,565,497087.0,164063651.29999983
2025-08-01 12:44:18 PM,879.25,0,0.0,164063651.29999983
2025-08-01 12:44:22 PM,879.25,3,2637.75,164066289.04999983
2025-08-01 12:44:24 PM,879.35,0,0.0,164066289.04999983
2025-08-01 12:44:28 PM,879.8,8,7038.4,164073327.44999984
2025-08-01 12:44:33 PM,879.8,1,879.8,164074207.24999985
2025-08-01 12:44:34 PM,879.35,0,0.0,164074207.24999985
2025-08-01 12:44:36 PM,880.0,0,0.0,164074207.24999985
2025-08-01 12:44:38 PM,880.0,165,145200.0,164219407.24999985
2025-08-01 12:44:42 PM,878.6,0,0.0,164219407.24999985
2025-08-01 12:44:43 PM,878.6,723,635227.8,164854635.04999986
2025-08-01 12:44:48 PM,878.6,1,878.6,164855513.64999986
2025-08-01 12:44:50 PM,878.35,0,0.0,164855513.64999986
2025-08-01 12:44:53 PM,878.95,525,461448.75,165316962.39999986
2025-08-01 12:45:00 PM,878.2,0,0.0,165316962.39999986
