date,price,qty,trnvr,cum_trnvr
2025-08-01 09:15:01 AM,8008.0,1380,11051040.0,11051040.0
2025-08-01 09:15:02 AM,7964.0,480,3822720.0,14873760.0
2025-08-01 09:15:03 AM,7968.0,0,0.0,14873760.0
2025-08-01 09:15:03 AM,7968.0,60,478080.0,15351840.0
2025-08-01 09:15:04 AM,7968.0,178,1418304.0,16770144.0
2025-08-01 09:15:05 AM,7961.5,0,0.0,16770144.0
2025-08-01 09:15:05 AM,7961.5,286,2276989.0,19047133.0
2025-08-01 09:15:06 AM,7975.5,3498,27898299.0,46945432.0
2025-08-01 09:15:07 AM,7973.0,0,0.0,46945432.0
2025-08-01 09:15:07 AM,7973.0,33,263109.0,47208541.0
2025-08-01 09:15:08 AM,7973.0,99,789327.0,47997868.0
2025-08-01 09:15:09 AM,7963.5,285,2269597.5,50267465.5
2025-08-01 09:15:10 AM,7970.0,84,669480.0,50936945.5
2025-08-01 09:15:10 AM,7979.0,0,0.0,50936945.5
2025-08-01 09:15:10 AM,7970.0,14,111580.0,51048525.5
2025-08-01 09:15:11 AM,7979.0,30,239370.0,51287895.5
2025-08-01 09:15:12 AM,7976.0,0,0.0,51287895.5
2025-08-01 09:15:12 AM,7973.5,381,3037903.5,54325799.0
2025-08-01 09:15:14 AM,7985.0,0,0.0,54325799.0
2025-08-01 09:15:14 AM,7992.0,59,471528.0,54797327.0
2025-08-01 09:15:15 AM,7995.0,45,359775.0,55157102.0
2025-08-01 09:15:16 AM,7996.0,0,0.0,55157102.0
2025-08-01 09:15:16 AM,7996.0,13,103948.0,55261050.0
2025-08-01 09:15:18 AM,8005.0,0,0.0,55261050.0
2025-08-01 09:15:18 AM,8005.0,16,128080.0,55389130.0
2025-08-01 09:15:19 AM,8007.0,0,0.0,55389130.0
2025-08-01 09:15:19 AM,8007.0,11,88077.0,55477207.0
2025-08-01 09:15:20 AM,8017.0,27,216459.0,55693666.0
2025-08-01 09:15:21 AM,8019.5,77,617501.5,56311167.5
2025-08-01 09:15:22 AM,8028.0,47,377316.0,56688483.5
2025-08-01 09:15:24 AM,8015.5,139,1114154.5,57802638.0
2025-08-01 09:15:25 AM,8009.5,27,216256.5,58018894.5
2025-08-01 09:15:26 AM,8019.5,19,152370.5,58171265.0
2025-08-01 09:15:27 AM,8022.5,16,128360.0,58299625.0
2025-08-01 09:15:28 AM,8032.5,10,80325.0,58379950.0
2025-08-01 09:15:30 AM,8027.0,10,80270.0,58460220.0
2025-08-01 09:15:31 AM,8031.5,0,0.0,58460220.0
2025-08-01 09:15:31 AM,8031.5,1,8031.5,58468251.5
2025-08-01 09:15:32 AM,8025.0,0,0.0,58468251.5
2025-08-01 09:15:32 AM,8025.0,65,521625.0,58989876.5
2025-08-01 09:15:33 AM,8022.5,0,0.0,58989876.5
2025-08-01 09:15:33 AM,8022.5,15,120337.5,59110214.0
2025-08-01 09:15:34 AM,8024.0,0,0.0,59110214.0
2025-08-01 09:15:35 AM,8022.0,0,0.0,59110214.0
2025-08-01 09:15:35 AM,8022.0,111,890442.0,60000656.0
2025-08-01 09:15:36 AM,8022.0,177,1419894.0,61420550.0
2025-08-01 09:15:38 AM,8019.0,0,0.0,61420550.0
2025-08-01 09:15:38 AM,8019.0,1,8019.0,61428569.0
2025-08-01 09:15:39 AM,8015.5,0,0.0,61428569.0
2025-08-01 09:15:39 AM,8015.5,30,240465.0,61669034.0
2025-08-01 09:15:40 AM,8011.0,0,0.0,61669034.0
2025-08-01 09:15:40 AM,8011.0,81,648891.0,62317925.0
2025-08-01 09:15:43 AM,8014.5,0,0.0,62317925.0
2025-08-01 09:15:43 AM,8014.5,16,128232.0,62446157.0
2025-08-01 09:15:44 AM,8014.0,0,0.0,62446157.0
2025-08-01 09:15:44 AM,8014.0,159,1274226.0,63720383.0
2025-08-01 09:15:46 AM,8011.0,21,168231.0,63888614.0
2025-08-01 09:15:48 AM,8017.5,66,529155.0,64417769.0
2025-08-01 09:15:48 AM,8018.0,0,0.0,64417769.0
2025-08-01 09:15:49 AM,8019.5,131,1050554.5,65468323.5
2025-08-01 09:15:50 AM,8016.5,37,296610.5,65764934.0
2025-08-01 09:15:51 AM,8018.0,15,120270.0,65885204.0
2025-08-01 09:15:52 AM,8018.0,11,88198.0,65973402.0
2025-08-01 09:15:54 AM,8018.0,3,24054.0,65997456.0
2025-08-01 09:15:55 AM,8016.5,12,96198.0,66093654.0
2025-08-01 09:15:56 AM,8018.0,11,88198.0,66181852.0
2025-08-01 09:15:57 AM,8018.0,1,8018.0,66189870.0
2025-08-01 09:15:59 AM,8015.0,24,192360.0,66382230.0
2025-08-01 09:16:00 AM,8011.0,22,176242.0,66558472.0
2025-08-01 09:16:01 AM,8011.0,12,96132.0,66654604.0
2025-08-01 09:16:01 AM,8011.0,19,152209.0,66806813.0
2025-08-01 09:16:02 AM,8011.5,19,152218.5,66959031.5
2025-08-01 09:16:02 AM,8011.0,138,1105518.0,68064549.5
2025-08-01 09:16:03 AM,8010.0,1,8010.0,68072559.5
2025-08-01 09:16:04 AM,8009.0,111,888999.0,68961558.5
2025-08-01 09:16:04 AM,8011.5,0,0.0,68961558.5
2025-08-01 09:16:04 AM,8011.5,1,8011.5,68969570.0
2025-08-01 09:16:06 AM,8010.0,0,0.0,68969570.0
2025-08-01 09:16:07 AM,8010.0,5,40050.0,69009620.0
2025-08-01 09:16:07 AM,8011.5,55,440632.5,69450252.5
2025-08-01 09:16:08 AM,8011.0,1,8011.0,69458263.5
2025-08-01 09:16:09 AM,8012.5,192,1538400.0,70996663.5
2025-08-01 09:16:12 AM,8013.5,20,160270.0,71156933.5
2025-08-01 09:16:16 AM,8020.5,0,0.0,71156933.5
2025-08-01 09:16:17 AM,8020.5,88,705804.0,71862737.5
2025-08-01 09:16:17 AM,8021.0,0,0.0,71862737.5
2025-08-01 09:16:18 AM,8021.0,11,88231.0,71950968.5
2025-08-01 09:16:19 AM,8016.5,503,4032299.5,75983268.0
2025-08-01 09:16:20 AM,8019.0,23,184437.0,76167705.0
2025-08-01 09:16:20 AM,8015.0,0,0.0,76167705.0
2025-08-01 09:16:20 AM,8017.5,0,0.0,76167705.0
2025-08-01 09:16:21 AM,8011.5,45,360517.5,76528222.5
2025-08-01 09:16:22 AM,8019.5,12,96234.0,76624456.5
2025-08-01 09:16:23 AM,8020.5,20,160410.0,76784866.5
2025-08-01 09:16:29 AM,8022.5,0,0.0,76784866.5
2025-08-01 09:16:29 AM,8025.0,65,521625.0,77306491.5
2025-08-01 09:16:32 AM,8022.0,8,64176.0,77370667.5
2025-08-01 09:16:34 AM,8025.0,0,0.0,77370667.5
2025-08-01 09:16:35 AM,8025.0,109,874725.0,78245392.5
2025-08-01 09:16:36 AM,8021.5,27,216580.5,78461973.0
2025-08-01 09:16:38 AM,8023.5,105,842467.5,79304440.5
2025-08-01 09:16:38 AM,8023.0,3,24069.0,79328509.5
2025-08-01 09:16:39 AM,8022.5,0,0.0,79328509.5
2025-08-01 09:16:40 AM,8023.5,47,377104.5,79705614.0
2025-08-01 09:16:42 AM,8027.5,0,0.0,79705614.0
2025-08-01 09:16:43 AM,8027.5,1,8027.5,79713641.5
2025-08-01 09:16:44 AM,8027.5,5,40137.5,79753779.0
2025-08-01 09:16:46 AM,8022.0,0,0.0,79753779.0
2025-08-01 09:16:47 AM,8022.0,110,882420.0,80636199.0
2025-08-01 09:16:47 AM,8027.5,15,120412.5,80756611.5
2025-08-01 09:16:48 AM,8030.0,103,827090.0,81583701.5
2025-08-01 09:16:49 AM,8031.0,5,40155.0,81623856.5
2025-08-01 09:16:50 AM,8027.5,50,401375.0,82025231.5
2025-08-01 09:16:51 AM,8031.0,95,762945.0,82788176.5
2025-08-01 09:16:52 AM,8031.0,5,40155.0,82828331.5
2025-08-01 09:16:54 AM,8027.0,0,0.0,82828331.5
2025-08-01 09:16:55 AM,8027.0,6,48162.0,82876493.5
2025-08-01 09:16:55 AM,8023.5,0,0.0,82876493.5
2025-08-01 09:16:56 AM,8023.5,13,104305.5,82980799.0
2025-08-01 09:16:56 AM,8026.5,0,0.0,82980799.0
2025-08-01 09:16:57 AM,8026.5,5,40132.5,83020931.5
2025-08-01 09:16:57 AM,8027.5,72,577980.0,83598911.5
2025-08-01 09:16:57 AM,8031.0,0,0.0,83598911.5
2025-08-01 09:16:58 AM,8031.0,70,562170.0,84161081.5
2025-08-01 09:16:59 AM,8031.0,2,16062.0,84177143.5
2025-08-01 09:16:59 AM,8032.0,0,0.0,84177143.5
2025-08-01 09:16:59 AM,8031.5,0,0.0,84177143.5
2025-08-01 09:17:00 AM,8031.5,72,578268.0,84755411.5
2025-08-01 09:17:00 AM,8031.0,1,8031.0,84763442.5
2025-08-01 09:17:01 AM,8031.0,14,112434.0,84875876.5
2025-08-01 09:17:01 AM,8033.0,5,40165.0,84916041.5
2025-08-01 09:17:02 AM,8033.0,1,8033.0,84924074.5
2025-08-01 09:17:04 AM,8033.0,51,409683.0,85333757.5
2025-08-01 09:17:04 AM,8027.5,547,4391042.5,89724800.0
2025-08-01 09:17:06 AM,8029.0,0,0.0,89724800.0
2025-08-01 09:17:06 AM,8029.0,56,449624.0,90174424.0
2025-08-01 09:17:10 AM,8029.0,8,64232.0,90238656.0
2025-08-01 09:17:11 AM,8029.5,206,1654077.0,91892733.0
2025-08-01 09:17:12 AM,8032.5,1,8032.5,91900765.5
2025-08-01 09:17:13 AM,8035.0,81,650835.0,92551600.5
2025-08-01 09:17:14 AM,8036.5,78,626847.0,93178447.5
2025-08-01 09:17:20 AM,8041.0,31,249271.0,93427718.5
2025-08-01 09:17:21 AM,8041.5,1,8041.5,93435760.0
2025-08-01 09:17:21 AM,8044.0,0,0.0,93435760.0
2025-08-01 09:17:22 AM,8044.0,1,8044.0,93443804.0
2025-08-01 09:17:24 AM,8045.0,20,160900.0,93604704.0
2025-08-01 09:17:24 AM,8045.0,2,16090.0,93620794.0
2025-08-01 09:17:26 AM,8049.5,30,241485.0,93862279.0
2025-08-01 09:17:26 AM,8049.0,0,0.0,93862279.0
2025-08-01 09:17:27 AM,8050.5,66,531333.0,94393612.0
2025-08-01 09:17:29 AM,8050.5,1,8050.5,94401662.5
2025-08-01 09:17:30 AM,8050.5,1,8050.5,94409713.0
2025-08-01 09:17:30 AM,8050.5,19,152959.5,94562672.5
2025-08-01 09:17:31 AM,8050.0,0,0.0,94562672.5
2025-08-01 09:17:32 AM,8050.0,1,8050.0,94570722.5
2025-08-01 09:17:35 AM,8050.0,14,112700.0,94683422.5
2025-08-01 09:17:36 AM,8049.5,2,16099.0,94699521.5
2025-08-01 09:17:36 AM,8049.5,10,80495.0,94780016.5
2025-08-01 09:17:37 AM,8048.0,3,24144.0,94804160.5
2025-08-01 09:17:37 AM,8049.5,0,0.0,94804160.5
2025-08-01 09:17:37 AM,8049.5,4,32198.0,94836358.5
2025-08-01 09:17:38 AM,8045.5,25,201137.5,95037496.0
2025-08-01 09:17:41 AM,8050.5,100,805050.0,95842546.0
2025-08-01 09:17:41 AM,8044.0,0,0.0,95842546.0
2025-08-01 09:17:42 AM,8044.0,5,40220.0,95882766.0
2025-08-01 09:17:42 AM,8043.5,11,88478.5,95971244.5
2025-08-01 09:17:44 AM,8047.5,6,48285.0,96019529.5
2025-08-01 09:17:45 AM,8052.0,88,708576.0,96728105.5
2025-08-01 09:17:45 AM,8049.0,0,0.0,96728105.5
2025-08-01 09:17:46 AM,8049.0,8,64392.0,96792497.5
2025-08-01 09:17:47 AM,8050.0,0,0.0,96792497.5
2025-08-01 09:17:48 AM,8050.0,5,40250.0,96832747.5
2025-08-01 09:17:48 AM,8053.0,10,80530.0,96913277.5
2025-08-01 09:17:49 AM,8050.0,0,0.0,96913277.5
2025-08-01 09:17:50 AM,8050.0,80,644000.0,97557277.5
2025-08-01 09:17:50 AM,8053.0,0,0.0,97557277.5
2025-08-01 09:17:51 AM,8053.0,11,88583.0,97645860.5
2025-08-01 09:17:52 AM,8050.5,64,515232.0,98161092.5
2025-08-01 09:17:53 AM,8048.0,119,957712.0,99118804.5
2025-08-01 09:17:54 AM,8049.5,0,0.0,99118804.5
2025-08-01 09:17:55 AM,8049.5,1,8049.5,99126854.0
2025-08-01 09:17:55 AM,8047.5,6,48285.0,99175139.0
2025-08-01 09:18:00 AM,8047.5,2,16095.0,99191234.0
2025-08-01 09:18:00 AM,8048.0,0,0.0,99191234.0
2025-08-01 09:18:01 AM,8048.0,9,72432.0,99263666.0
2025-08-01 09:18:02 AM,8049.5,0,0.0,99263666.0
2025-08-01 09:18:03 AM,8049.5,350,2817325.0,102080991.0
2025-08-01 09:18:05 AM,8047.5,12,96570.0,102177561.0
2025-08-01 09:18:05 AM,8043.5,0,0.0,102177561.0
2025-08-01 09:18:06 AM,8043.5,35,281522.5,102459083.5
2025-08-01 09:18:10 AM,8043.5,14,112609.0,102571692.5
2025-08-01 09:18:12 AM,8043.5,4,32174.0,102603866.5
2025-08-01 09:18:12 AM,8046.0,0,0.0,102603866.5
2025-08-01 09:18:13 AM,8046.0,1,8046.0,102611912.5
2025-08-01 09:18:13 AM,8047.0,0,0.0,102611912.5
2025-08-01 09:18:14 AM,8047.0,5,40235.0,102652147.5
2025-08-01 09:18:14 AM,8047.0,1,8047.0,102660194.5
2025-08-01 09:18:16 AM,8050.0,0,0.0,102660194.5
2025-08-01 09:18:16 AM,8050.0,38,305900.0,102966094.5
2025-08-01 09:18:17 AM,8052.0,10,80520.0,103046614.5
2025-08-01 09:18:18 AM,8053.0,35,281855.0,103328469.5
2025-08-01 09:18:19 AM,8052.0,0,0.0,103328469.5
2025-08-01 09:18:19 AM,8052.0,100,805200.0,104133669.5
2025-08-01 09:18:20 AM,8060.5,425,3425712.5,107559382.0
2025-08-01 09:18:20 AM,8059.0,0,0.0,107559382.0
2025-08-01 09:18:20 AM,8059.0,5,40295.0,107599677.0
2025-08-01 09:18:22 AM,8064.5,0,0.0,107599677.0
2025-08-01 09:18:23 AM,8064.5,10,80645.0,107680322.0
2025-08-01 09:18:26 AM,8060.5,0,0.0,107680322.0
2025-08-01 09:18:26 AM,8060.5,1,8060.5,107688382.5
2025-08-01 09:18:30 AM,8058.0,140,1128120.0,108816502.5
2025-08-01 09:18:30 AM,8062.5,0,0.0,108816502.5
2025-08-01 09:18:30 AM,8062.5,2,16125.0,108832627.5
2025-08-01 09:18:34 AM,8062.5,5,40312.5,108872940.0
2025-08-01 09:18:37 AM,8061.5,0,0.0,108872940.0
2025-08-01 09:18:38 AM,8061.5,5,40307.5,108913247.5
2025-08-01 09:18:38 AM,8065.0,200,1613000.0,110526247.5
2025-08-01 09:18:39 AM,8066.5,3,24199.5,110550447.0
2025-08-01 09:18:41 AM,8064.0,0,0.0,110550447.0
2025-08-01 09:18:42 AM,8064.0,8,64512.0,110614959.0
2025-08-01 09:18:42 AM,8066.5,0,0.0,110614959.0
2025-08-01 09:18:42 AM,8066.5,1,8066.5,110623025.5
2025-08-01 09:18:43 AM,8065.5,26,209703.0,110832728.5
2025-08-01 09:18:44 AM,8064.0,5,40320.0,110873048.5
2025-08-01 09:18:45 AM,8066.0,0,0.0,110873048.5
2025-08-01 09:18:46 AM,8066.0,1,8066.0,110881114.5
2025-08-01 09:18:47 AM,8066.0,6,48396.0,110929510.5
2025-08-01 09:18:48 AM,8066.0,9,72594.0,111002104.5
2025-08-01 09:18:49 AM,8069.0,55,443795.0,111445899.5
2025-08-01 09:18:51 AM,8069.0,1,8069.0,111453968.5
2025-08-01 09:18:52 AM,8069.0,18,145242.0,111599210.5
2025-08-01 09:18:54 AM,8065.0,15,120975.0,111720185.5
2025-08-01 09:18:54 AM,8062.5,0,0.0,111720185.5
2025-08-01 09:18:54 AM,8062.5,1,8062.5,111728248.0
2025-08-01 09:18:55 AM,8058.5,36,290106.0,112018354.0
2025-08-01 09:18:55 AM,8059.0,1,8059.0,112026413.0
2025-08-01 09:18:56 AM,8066.5,27,217795.5,112244208.5
2025-08-01 09:18:57 AM,8084.0,345,2788980.0,115033188.5
2025-08-01 09:18:58 AM,8079.0,3,24237.0,115057425.5
2025-08-01 09:18:59 AM,8078.0,0,0.0,115057425.5
2025-08-01 09:19:00 AM,8078.0,7,56546.0,115113971.5
2025-08-01 09:19:02 AM,8080.5,4,32322.0,115146293.5
2025-08-01 09:19:02 AM,8080.0,2,16160.0,115162453.5
2025-08-01 09:19:03 AM,8084.5,500,4042250.0,119204703.5
2025-08-01 09:19:03 AM,8077.0,5,40385.0,119245088.5
2025-08-01 09:19:05 AM,8080.5,0,0.0,119245088.5
2025-08-01 09:19:05 AM,8080.5,50,404025.0,119649113.5
2025-08-01 09:19:06 AM,8077.5,2,16155.0,119665268.5
2025-08-01 09:19:06 AM,8082.0,0,0.0,119665268.5
2025-08-01 09:19:06 AM,8082.0,10,80820.0,119746088.5
2025-08-01 09:19:07 AM,8082.0,17,137394.0,119883482.5
2025-08-01 09:19:08 AM,8088.0,89,719832.0,120603314.5
2025-08-01 09:19:08 AM,8087.5,0,0.0,120603314.5
2025-08-01 09:19:08 AM,8087.5,1,8087.5,120611402.0
2025-08-01 09:19:09 AM,8082.5,18,145485.0,120756887.0
2025-08-01 09:19:09 AM,8087.0,0,0.0,120756887.0
2025-08-01 09:19:09 AM,8087.0,10,80870.0,120837757.0
2025-08-01 09:19:11 AM,8086.0,11,88946.0,120926703.0
2025-08-01 09:19:12 AM,8080.5,250,2020125.0,122946828.0
2025-08-01 09:19:13 AM,8083.0,15,121245.0,123068073.0
2025-08-01 09:19:14 AM,8087.5,10,80875.0,123148948.0
2025-08-01 09:19:15 AM,8089.0,0,0.0,123148948.0
2025-08-01 09:19:15 AM,8089.0,46,372094.0,123521042.0
2025-08-01 09:19:16 AM,8086.0,0,0.0,123521042.0
2025-08-01 09:19:16 AM,8086.0,38,307268.0,123828310.0
2025-08-01 09:19:17 AM,8087.5,0,0.0,123828310.0
2025-08-01 09:19:17 AM,8087.5,80,647000.0,124475310.0
2025-08-01 09:19:18 AM,8082.0,0,0.0,124475310.0
2025-08-01 09:19:18 AM,8082.0,2,16164.0,124491474.0
2025-08-01 09:19:19 AM,8082.0,1,8082.0,124499556.0
2025-08-01 09:19:19 AM,8081.0,15,121215.0,124620771.0
2025-08-01 09:19:21 AM,8084.5,1,8084.5,124628855.5
2025-08-01 09:19:22 AM,8085.0,2,16170.0,124645025.5
2025-08-01 09:19:24 AM,8080.5,595,4807897.5,129452923.0
2025-08-01 09:19:25 AM,8080.5,94,759567.0,130212490.0
2025-08-01 09:19:26 AM,8080.5,659,5325049.5,135537539.5
2025-08-01 09:19:27 AM,8080.5,1,8080.5,135545620.0
2025-08-01 09:19:28 AM,8080.5,30,242415.0,135788035.0
2025-08-01 09:19:29 AM,8081.5,1,8081.5,135796116.5
2025-08-01 09:19:29 AM,8080.5,0,0.0,135796116.5
2025-08-01 09:19:30 AM,8080.5,1696,13704528.0,149500644.5
2025-08-01 09:19:30 AM,8073.5,0,0.0,149500644.5
2025-08-01 09:19:31 AM,8075.0,108,872100.0,150372744.5
2025-08-01 09:19:33 AM,8074.5,6,48447.0,150421191.5
2025-08-01 09:19:34 AM,8072.0,1,8072.0,150429263.5
2025-08-01 09:19:36 AM,8070.0,79,637530.0,151066793.5
2025-08-01 09:19:37 AM,8074.0,1,8074.0,151074867.5
2025-08-01 09:19:38 AM,8073.0,2,16146.0,151091013.5
2025-08-01 09:19:40 AM,8072.5,0,0.0,151091013.5
2025-08-01 09:19:41 AM,8072.5,8,64580.0,151155593.5
2025-08-01 09:19:42 AM,8064.0,36,290304.0,151445897.5
2025-08-01 09:19:44 AM,8066.0,2,16132.0,151462029.5
2025-08-01 09:19:46 AM,8068.0,10,80680.0,151542709.5
2025-08-01 09:19:48 AM,8062.5,8,64500.0,151607209.5
2025-08-01 09:19:52 AM,8059.5,23,185368.5,151792578.0
2025-08-01 09:19:53 AM,8059.5,4,32238.0,151824816.0
2025-08-01 09:19:55 AM,8058.5,1,8058.5,151832874.5
2025-08-01 09:19:56 AM,8054.0,0,0.0,151832874.5
2025-08-01 09:19:57 AM,8054.0,9,72486.0,151905360.5
2025-08-01 09:20:01 AM,8051.5,17,136875.5,152042236.0
2025-08-01 09:20:02 AM,8053.5,116,934206.0,152976442.0
2025-08-01 09:20:06 AM,8057.0,10,80570.0,153057012.0
2025-08-01 09:20:06 AM,8054.5,0,0.0,153057012.0
2025-08-01 09:20:07 AM,8054.5,1,8054.5,153065066.5
2025-08-01 09:20:10 AM,8054.5,25,201362.5,153266429.0
2025-08-01 09:20:13 AM,8057.0,5,40285.0,153306714.0
2025-08-01 09:20:14 AM,8053.5,0,0.0,153306714.0
2025-08-01 09:20:15 AM,8053.5,12,96642.0,153403356.0
2025-08-01 09:20:16 AM,8053.5,2,16107.0,153419463.0
2025-08-01 09:20:16 AM,8053.5,2,16107.0,153435570.0
2025-08-01 09:20:16 AM,8053.0,0,0.0,153435570.0
2025-08-01 09:20:16 AM,8050.5,0,0.0,153435570.0
2025-08-01 09:20:17 AM,8050.5,10,80505.0,153516075.0
2025-08-01 09:20:17 AM,8053.5,3,24160.5,153540235.5
2025-08-01 09:20:19 AM,8053.5,1,8053.5,153548289.0
2025-08-01 09:20:19 AM,8050.5,0,0.0,153548289.0
2025-08-01 09:20:20 AM,8050.5,20,161010.0,153709299.0
2025-08-01 09:20:20 AM,8053.5,0,0.0,153709299.0
2025-08-01 09:20:21 AM,8053.5,1,8053.5,153717352.5
2025-08-01 09:20:22 AM,8053.5,5,40267.5,153757620.0
2025-08-01 09:20:25 AM,8052.5,0,0.0,153757620.0
2025-08-01 09:20:26 AM,8052.5,2,16105.0,153773725.0
2025-08-01 09:20:27 AM,8052.5,16,128840.0,153902565.0
2025-08-01 09:20:32 AM,8051.5,200,1610300.0,155512865.0
2025-08-01 09:20:32 AM,8052.5,0,0.0,155512865.0
2025-08-01 09:20:33 AM,8052.5,5,40262.5,155553127.5
2025-08-01 09:20:33 AM,8052.5,5,40262.5,155593390.0
2025-08-01 09:20:35 AM,8052.5,14,112735.0,155706125.0
2025-08-01 09:20:37 AM,8051.0,0,0.0,155706125.0
2025-08-01 09:20:38 AM,8051.0,6,48306.0,155754431.0
2025-08-01 09:20:39 AM,8052.5,2,16105.0,155770536.0
2025-08-01 09:20:41 AM,8052.5,6,48315.0,155818851.0
2025-08-01 09:20:41 AM,8052.5,117,942142.5,156760993.5
2025-08-01 09:20:42 AM,8053.0,44,354332.0,157115325.5
2025-08-01 09:20:45 AM,8054.5,0,0.0,157115325.5
2025-08-01 09:20:46 AM,8054.5,6,48327.0,157163652.5
2025-08-01 09:20:46 AM,8051.5,0,0.0,157163652.5
2025-08-01 09:20:47 AM,8052.0,71,571692.0,157735344.5
2025-08-01 09:20:48 AM,8053.0,11,88583.0,157823927.5
2025-08-01 09:20:48 AM,8054.0,0,0.0,157823927.5
2025-08-01 09:20:49 AM,8054.0,10,80540.0,157904467.5
2025-08-01 09:20:49 AM,8052.0,0,0.0,157904467.5
2025-08-01 09:20:50 AM,8052.0,10,80520.0,157984987.5
2025-08-01 09:20:50 AM,8055.0,0,0.0,157984987.5
2025-08-01 09:20:51 AM,8055.0,2,16110.0,158001097.5
2025-08-01 09:20:51 AM,8053.0,0,0.0,158001097.5
2025-08-01 09:20:52 AM,8053.0,17,136901.0,158137998.5
2025-08-01 09:20:53 AM,8052.0,1,8052.0,158146050.5
2025-08-01 09:20:54 AM,8052.0,4,32208.0,158178258.5
2025-08-01 09:20:54 AM,8052.0,2,16104.0,158194362.5
2025-08-01 09:20:55 AM,8052.0,1,8052.0,158202414.5
2025-08-01 09:20:56 AM,8052.0,74,595848.0,158798262.5
2025-08-01 09:20:57 AM,8047.0,290,2333630.0,161131892.5
2025-08-01 09:20:57 AM,8048.5,0,0.0,161131892.5
2025-08-01 09:20:57 AM,8048.5,1,8048.5,161139941.0
2025-08-01 09:20:58 AM,8049.0,20,160980.0,161300921.0
2025-08-01 09:21:00 AM,8048.5,1,8048.5,161308969.5
2025-08-01 09:21:02 AM,8038.5,48,385848.0,161694817.5
2025-08-01 09:21:03 AM,8041.5,1,8041.5,161702859.0
2025-08-01 09:21:07 AM,8043.0,0,0.0,161702859.0
2025-08-01 09:21:07 AM,8043.0,19,152817.0,161855676.0
2025-08-01 09:21:07 AM,8047.5,0,0.0,161855676.0
2025-08-01 09:21:08 AM,8045.0,12,96540.0,161952216.0
2025-08-01 09:21:09 AM,8045.5,0,0.0,161952216.0
2025-08-01 09:21:10 AM,8046.5,6,48279.0,162000495.0
2025-08-01 09:21:14 AM,8048.0,1,8048.0,162008543.0
2025-08-01 09:21:16 AM,8049.0,1,8049.0,162016592.0
2025-08-01 09:21:18 AM,8049.0,1,8049.0,162024641.0
2025-08-01 09:21:19 AM,8049.0,1,8049.0,162032690.0
2025-08-01 09:21:19 AM,8050.5,0,0.0,162032690.0
2025-08-01 09:21:20 AM,8050.5,10,80505.0,162113195.0
2025-08-01 09:21:20 AM,8051.5,7,56360.5,162169555.5
2025-08-01 09:21:22 AM,8053.0,0,0.0,162169555.5
2025-08-01 09:21:23 AM,8052.0,23,185196.0,162354751.5
2025-08-01 09:21:23 AM,8052.5,0,0.0,162354751.5
2025-08-01 09:21:24 AM,8052.5,3,24157.5,162378909.0
2025-08-01 09:21:24 AM,8047.0,0,0.0,162378909.0
2025-08-01 09:21:25 AM,8045.0,109,876905.0,163255814.0
2025-08-01 09:21:31 AM,8045.0,5,40225.0,163296039.0
2025-08-01 09:21:38 AM,8048.0,0,0.0,163296039.0
2025-08-01 09:21:39 AM,8048.0,2,16096.0,163312135.0
2025-08-01 09:21:40 AM,8045.0,0,0.0,163312135.0
2025-08-01 09:21:40 AM,8045.0,1,8045.0,163320180.0
2025-08-01 09:21:45 AM,8046.0,0,0.0,163320180.0
2025-08-01 09:21:46 AM,8046.0,10,80460.0,163400640.0
2025-08-01 09:21:48 AM,8042.0,0,0.0,163400640.0
2025-08-01 09:21:49 AM,8042.0,22,176924.0,163577564.0
2025-08-01 09:21:56 AM,8045.0,2,16090.0,163593654.0
2025-08-01 09:21:58 AM,8041.5,5,40207.5,163633861.5
2025-08-01 09:21:59 AM,8045.0,1,8045.0,163641906.5
2025-08-01 09:22:00 AM,8041.0,1,8041.0,163649947.5
2025-08-01 09:22:09 AM,8040.0,26,209040.0,163858987.5
2025-08-01 09:22:11 AM,8039.0,5,40195.0,163899182.5
2025-08-01 09:22:12 AM,8038.0,20,160760.0,164059942.5
2025-08-01 09:22:15 AM,8037.0,0,0.0,164059942.5
2025-08-01 09:22:16 AM,8037.0,1,8037.0,164067979.5
2025-08-01 09:22:16 AM,8035.5,3,24106.5,164092086.0
2025-08-01 09:22:16 AM,8034.0,0,0.0,164092086.0
2025-08-01 09:22:17 AM,8037.0,45,361665.0,164453751.0
2025-08-01 09:22:19 AM,8032.5,1000,8032500.0,172486251.0
2025-08-01 09:22:20 AM,8034.0,14,112476.0,172598727.0
2025-08-01 09:22:21 AM,8033.5,5,40167.5,172638894.5
2025-08-01 09:22:26 AM,8032.5,0,0.0,172638894.5
2025-08-01 09:22:27 AM,8035.5,4,32142.0,172671036.5
2025-08-01 09:22:28 AM,8035.5,1,8035.5,172679072.0
2025-08-01 09:22:31 AM,8034.5,8,64276.0,172743348.0
2025-08-01 09:22:32 AM,8032.5,0,0.0,172743348.0
2025-08-01 09:22:33 AM,8032.5,1,8032.5,172751380.5
2025-08-01 09:22:36 AM,8033.5,0,0.0,172751380.5
2025-08-01 09:22:37 AM,8033.5,8,64268.0,172815648.5
2025-08-01 09:22:39 AM,8032.5,3,24097.5,172839746.0
2025-08-01 09:22:39 AM,8033.5,2,16067.0,172855813.0
2025-08-01 09:22:41 AM,8033.5,65,522177.5,173377990.5
2025-08-01 09:22:42 AM,8033.5,20,160670.0,173538660.5
2025-08-01 09:22:42 AM,8033.5,19,152636.5,173691297.0
2025-08-01 09:22:44 AM,8033.5,13,104435.5,173795732.5
2025-08-01 09:22:45 AM,8033.5,18,144603.0,173940335.5
2025-08-01 09:22:48 AM,8033.5,1,8033.5,173948369.0
2025-08-01 09:22:51 AM,8033.0,0,0.0,173948369.0
2025-08-01 09:22:52 AM,8033.0,3,24099.0,173972468.0
2025-08-01 09:22:59 AM,8032.5,0,0.0,173972468.0
2025-08-01 09:23:00 AM,8032.5,2,16065.0,173988533.0
2025-08-01 09:23:03 AM,8028.0,0,0.0,173988533.0
2025-08-01 09:23:04 AM,8027.5,378,3034395.0,177022928.0
2025-08-01 09:23:06 AM,8027.5,1,8027.5,177030955.5
2025-08-01 09:23:12 AM,8025.0,244,1958100.0,178989055.5
2025-08-01 09:23:14 AM,8028.5,40,321140.0,179310195.5
2025-08-01 09:23:16 AM,8032.0,0,0.0,179310195.5
2025-08-01 09:23:20 AM,8032.0,255,2048160.0,181358355.5
2025-08-01 09:23:21 AM,8033.0,0,0.0,181358355.5
2025-08-01 09:23:22 AM,8033.0,8,64264.0,181422619.5
2025-08-01 09:23:22 AM,8032.0,0,0.0,181422619.5
2025-08-01 09:23:28 AM,8027.5,55,441512.5,181864132.0
2025-08-01 09:23:29 AM,8027.5,33,264907.5,182129039.5
2025-08-01 09:23:35 AM,8028.0,13,104364.0,182233403.5
2025-08-01 09:23:42 AM,8029.5,0,0.0,182233403.5
2025-08-01 09:23:43 AM,8029.5,6,48177.0,182281580.5
2025-08-01 09:23:50 AM,8029.5,111,891274.5,183172855.0
2025-08-01 09:23:52 AM,8029.5,15,120442.5,183293297.5
2025-08-01 09:23:58 AM,8029.5,335,2689882.5,185983180.0
2025-08-01 09:24:00 AM,8028.0,1,8028.0,185991208.0
2025-08-01 09:24:00 AM,8030.0,0,0.0,185991208.0
2025-08-01 09:24:06 AM,8032.0,448,3598336.0,189589544.0
2025-08-01 09:24:07 AM,8036.0,394,3166184.0,192755728.0
2025-08-01 09:24:08 AM,8037.0,0,0.0,192755728.0
2025-08-01 09:24:13 AM,8040.0,102,820080.0,193575808.0
2025-08-01 09:24:21 AM,8043.5,44,353914.0,193929722.0
2025-08-01 09:24:22 AM,8043.5,43,345870.5,194275592.5
2025-08-01 09:24:26 AM,8042.0,0,0.0,194275592.5
2025-08-01 09:24:29 AM,8044.5,49,394180.5,194669773.0
2025-08-01 09:24:30 AM,8045.5,17,136773.5,194806546.5
2025-08-01 09:24:33 AM,8043.0,0,0.0,194806546.5
2025-08-01 09:24:36 AM,8041.0,49,394009.0,195200555.5
2025-08-01 09:24:38 AM,8044.0,120,965280.0,196165835.5
2025-08-01 09:24:44 AM,8040.0,51,410040.0,196575875.5
2025-08-01 09:24:51 AM,8040.0,106,852240.0,197428115.5
2025-08-01 09:24:53 AM,8040.0,50,402000.0,197830115.5
2025-08-01 09:24:57 AM,8037.5,0,0.0,197830115.5
2025-08-01 09:24:58 AM,8037.5,1,8037.5,197838153.0
2025-08-01 09:25:00 AM,8037.5,1,8037.5,197846190.5
2025-08-01 09:25:05 AM,8033.0,0,0.0,197846190.5
2025-08-01 09:25:06 AM,8033.0,18,144594.0,197990784.5
2025-08-01 09:25:08 AM,8031.0,102,819162.0,198809946.5
2025-08-01 09:25:12 AM,8031.5,0,0.0,198809946.5
2025-08-01 09:25:13 AM,8028.0,0,0.0,198809946.5
2025-08-01 09:25:13 AM,8028.0,125,1003500.0,199813446.5
2025-08-01 09:25:16 AM,8028.0,1,8028.0,199821474.5
2025-08-01 09:25:18 AM,8030.5,0,0.0,199821474.5
2025-08-01 09:25:21 AM,8030.5,50,401525.0,200222999.5
2025-08-01 09:25:23 AM,8028.0,1,8028.0,200231027.5
2025-08-01 09:25:28 AM,8033.5,293,2353815.5,202584843.0
2025-08-01 09:25:36 AM,8038.0,10,80380.0,202665223.0
2025-08-01 09:25:38 AM,8038.0,5,40190.0,202705413.0
2025-08-01 09:25:41 AM,8039.0,0,0.0,202705413.0
2025-08-01 09:25:43 AM,8039.0,61,490379.0,203195792.0
2025-08-01 09:25:47 AM,8041.0,0,0.0,203195792.0
2025-08-01 09:25:51 AM,8041.0,3,24123.0,203219915.0
2025-08-01 09:25:53 AM,8041.0,2,16082.0,203235997.0
2025-08-01 09:25:59 AM,8041.0,5,40205.0,203276202.0
2025-08-01 09:26:01 AM,8037.5,236,1896850.0,205173052.0
2025-08-01 09:26:05 AM,8036.5,0,0.0,205173052.0
2025-08-01 09:26:06 AM,8036.5,5,40182.5,205213234.5
2025-08-01 09:26:08 AM,8028.5,50,401425.0,205614659.5
2025-08-01 09:26:12 AM,8032.5,0,0.0,205614659.5
2025-08-01 09:26:14 AM,8032.5,102,819315.0,206433974.5
2025-08-01 09:26:16 AM,8036.0,1,8036.0,206442010.5
2025-08-01 09:26:22 AM,8034.0,3,24102.0,206466112.5
2025-08-01 09:26:29 AM,8033.5,46,369541.0,206835653.5
2025-08-01 09:26:34 AM,8037.0,0,0.0,206835653.5
2025-08-01 09:26:37 AM,8037.0,8,64296.0,206899949.5
2025-08-01 09:26:39 AM,8038.5,32,257232.0,207157181.5
2025-08-01 09:26:45 AM,8038.5,10,80385.0,207237566.5
2025-08-01 09:26:46 AM,8038.5,25,200962.5,207438529.0
2025-08-01 09:26:52 AM,8038.5,20,160770.0,207599299.0
2025-08-01 09:26:54 AM,8036.0,2,16072.0,207615371.0
2025-08-01 09:26:55 AM,8037.0,0,0.0,207615371.0
2025-08-01 09:27:00 AM,8037.0,2,16074.0,207631445.0
2025-08-01 09:27:01 AM,8037.0,1,8037.0,207639482.0
2025-08-01 09:27:04 AM,8033.0,0,0.0,207639482.0
2025-08-01 09:27:07 AM,8036.5,3,24109.5,207663591.5
2025-08-01 09:27:09 AM,8035.0,0,0.0,207663591.5
2025-08-01 09:27:14 AM,8032.5,0,0.0,207663591.5
2025-08-01 09:27:15 AM,8032.5,3,24097.5,207687689.0
2025-08-01 09:27:16 AM,8032.5,2,16065.0,207703754.0
2025-08-01 09:27:19 AM,8035.0,0,0.0,207703754.0
2025-08-01 09:27:22 AM,8035.0,20,160700.0,207864454.0
2025-08-01 09:27:29 AM,8032.5,3,24097.5,207888551.5
2025-08-01 09:27:30 AM,8030.0,0,0.0,207888551.5
2025-08-01 09:27:31 AM,8030.0,166,1332980.0,209221531.5
2025-08-01 09:27:37 AM,8025.0,43,345075.0,209566606.5
2025-08-01 09:27:44 AM,8027.5,2,16055.0,209582661.5
2025-08-01 09:27:49 AM,8029.0,0,0.0,209582661.5
2025-08-01 09:27:50 AM,8027.5,0,0.0,209582661.5
2025-08-01 09:27:52 AM,8027.5,243,1950682.5,211533344.0
2025-08-01 09:28:00 AM,8027.5,14,112385.0,211645729.0
2025-08-01 09:28:12 AM,8026.5,0,0.0,211645729.0
2025-08-01 09:28:15 AM,8027.5,62,497705.0,212143434.0
2025-08-01 09:28:19 AM,8031.0,0,0.0,212143434.0
2025-08-01 09:28:23 AM,8029.5,19,152560.5,212295994.5
2025-08-01 09:28:29 AM,8027.0,0,0.0,212295994.5
2025-08-01 09:28:31 AM,8029.5,30,240885.0,212536879.5
2025-08-01 09:28:38 AM,8025.0,116,930900.0,213467779.5
2025-08-01 09:28:39 AM,8024.0,1,8024.0,213475803.5
2025-08-01 09:28:46 AM,8024.0,11,88264.0,213564067.5
2025-08-01 09:28:50 AM,8025.5,0,0.0,213564067.5
2025-08-01 09:28:53 AM,8025.0,166,1332150.0,214896217.5
2025-08-01 09:28:55 AM,8026.0,12,96312.0,214992529.5
2025-08-01 09:28:57 AM,8024.5,0,0.0,214992529.5
2025-08-01 09:29:01 AM,8024.5,88,706156.0,215698685.5
2025-08-01 09:29:08 AM,8025.5,0,0.0,215698685.5
2025-08-01 09:29:09 AM,8028.5,20,160570.0,215859255.5
2025-08-01 09:29:09 AM,8029.0,0,0.0,215859255.5
2025-08-01 09:29:10 AM,8029.0,1,8029.0,215867284.5
2025-08-01 09:29:18 AM,8027.5,2,16055.0,215883339.5
2025-08-01 09:29:25 AM,8025.5,1,8025.5,215891365.0
2025-08-01 09:29:29 AM,8029.0,0,0.0,215891365.0
2025-08-01 09:29:29 AM,8029.5,0,0.0,215891365.0
2025-08-01 09:29:31 AM,8029.5,99,794920.5,216686285.5
2025-08-01 09:29:40 AM,8027.5,0,0.0,216686285.5
2025-08-01 09:29:40 AM,8027.5,15,120412.5,216806698.0
2025-08-01 09:29:46 AM,8027.5,9,72247.5,216878945.5
2025-08-01 09:29:47 AM,8026.0,53,425378.0,217304323.5
2025-08-01 09:29:54 AM,8026.0,4,32104.0,217336427.5
2025-08-01 09:30:01 AM,8026.0,11,88286.0,217424713.5
2025-08-01 09:30:02 AM,8025.5,1,8025.5,217432739.0
2025-08-01 09:30:06 AM,8022.0,0,0.0,217432739.0
2025-08-01 09:30:09 AM,8022.0,11,88242.0,217520981.0
2025-08-01 09:30:17 AM,8022.0,54,433188.0,217954169.0
2025-08-01 09:30:18 AM,8019.0,227,1820313.0,219774482.0
2025-08-01 09:30:21 AM,8015.0,0,0.0,219774482.0
2025-08-01 09:30:24 AM,8015.0,119,953785.0,220728267.0
2025-08-01 09:30:28 AM,8014.5,0,0.0,220728267.0
2025-08-01 09:30:31 AM,8014.0,80,641120.0,221369387.0
2025-08-01 09:30:39 AM,8015.0,182,1458730.0,222828117.0
2025-08-01 09:30:42 AM,8020.0,0,0.0,222828117.0
2025-08-01 09:30:46 AM,8020.0,52,417040.0,223245157.0
2025-08-01 09:30:49 AM,8019.5,0,0.0,223245157.0
2025-08-01 09:30:51 AM,8016.5,0,0.0,223245157.0
2025-08-01 09:30:53 AM,8019.5,3,24058.5,223269215.5
2025-08-01 09:31:00 AM,8015.5,0,0.0,223269215.5
2025-08-01 09:31:01 AM,8015.5,39,312604.5,223581820.0
2025-08-01 09:31:06 AM,8011.5,0,0.0,223581820.0
2025-08-01 09:31:08 AM,8014.0,175,1402450.0,224984270.0
2025-08-01 09:31:12 AM,8015.0,0,0.0,224984270.0
2025-08-01 09:31:16 AM,8014.5,106,849537.0,225833807.0
2025-08-01 09:31:18 AM,8017.5,0,0.0,225833807.0
2025-08-01 09:31:22 AM,8016.5,0,0.0,225833807.0
2025-08-01 09:31:23 AM,8016.5,184,1475036.0,227308843.0
2025-08-01 09:31:28 AM,8017.5,0,0.0,227308843.0
2025-08-01 09:31:30 AM,8017.5,123,986152.5,228294995.5
2025-08-01 09:31:31 AM,8018.5,4,32074.0,228327069.5
2025-08-01 09:31:33 AM,8017.5,0,0.0,228327069.5
2025-08-01 09:31:35 AM,8019.5,0,0.0,228327069.5
2025-08-01 09:31:37 AM,8019.5,57,457111.5,228784181.0
2025-08-01 09:31:40 AM,8020.0,0,0.0,228784181.0
2025-08-01 09:31:42 AM,8021.5,0,0.0,228784181.0
2025-08-01 09:31:44 AM,8022.5,469,3762552.5,232546733.5
2025-08-01 09:31:51 AM,8022.5,32,256720.0,232803453.5
2025-08-01 09:31:52 AM,8024.0,0,0.0,232803453.5
2025-08-01 09:31:58 AM,8024.0,17,136408.0,232939861.5
2025-08-01 09:32:05 AM,8022.5,3,24067.5,232963929.0
2025-08-01 09:32:07 AM,8024.0,0,0.0,232963929.0
2025-08-01 09:32:12 AM,8024.0,11,88264.0,233052193.0
2025-08-01 09:32:19 AM,8021.5,5,40107.5,233092300.5
2025-08-01 09:32:20 AM,8023.0,0,0.0,233092300.5
2025-08-01 09:32:20 AM,8022.0,0,0.0,233092300.5
2025-08-01 09:32:26 AM,8022.0,51,409122.0,233501422.5
2025-08-01 09:32:32 AM,8024.5,0,0.0,233501422.5
2025-08-01 09:32:33 AM,8025.0,233,1869825.0,235371247.5
2025-08-01 09:32:33 AM,8025.0,5,40125.0,235411372.5
2025-08-01 09:32:38 AM,8022.5,0,0.0,235411372.5
2025-08-01 09:32:40 AM,8022.5,32,256720.0,235668092.5
2025-08-01 09:32:44 AM,8018.0,0,0.0,235668092.5
2025-08-01 09:32:47 AM,8018.5,22,176407.0,235844499.5
2025-08-01 09:32:54 AM,8018.0,2,16036.0,235860535.5
2025-08-01 09:33:07 AM,8018.5,0,0.0,235860535.5
2025-08-01 09:33:08 AM,8018.5,5,40092.5,235900628.0
2025-08-01 09:33:13 AM,8021.5,0,0.0,235900628.0
2025-08-01 09:33:15 AM,8021.5,502,4026793.0,239927421.0
2025-08-01 09:33:18 AM,8024.0,0,0.0,239927421.0
2025-08-01 09:33:22 AM,8026.0,209,1677434.0,241604855.0
2025-08-01 09:33:22 AM,8026.0,1,8026.0,241612881.0
2025-08-01 09:33:23 AM,8026.5,0,0.0,241612881.0
2025-08-01 09:33:28 AM,8026.5,145,1163842.5,242776723.5
2025-08-01 09:33:33 AM,8029.0,0,0.0,242776723.5
2025-08-01 09:33:33 AM,8028.5,0,0.0,242776723.5
2025-08-01 09:33:35 AM,8030.0,768,6167040.0,248943763.5
2025-08-01 09:33:38 AM,8031.5,0,0.0,248943763.5
2025-08-01 09:33:40 AM,8032.0,0,0.0,248943763.5
2025-08-01 09:33:42 AM,8032.0,330,2650560.0,251594323.5
2025-08-01 09:33:46 AM,8030.0,0,0.0,251594323.5
2025-08-01 09:33:49 AM,8030.0,29,232870.0,251827193.5
2025-08-01 09:33:52 AM,8032.0,0,0.0,251827193.5
2025-08-01 09:33:53 AM,8030.0,0,0.0,251827193.5
2025-08-01 09:33:56 AM,8034.0,82,658788.0,252485981.5
2025-08-01 09:33:58 AM,8034.5,0,0.0,252485981.5
2025-08-01 09:33:58 AM,8034.0,0,0.0,252485981.5
2025-08-01 09:34:03 AM,8037.5,0,0.0,252485981.5
2025-08-01 09:34:03 AM,8037.5,97,779637.5,253265619.0
2025-08-01 09:34:08 AM,8029.5,0,0.0,253265619.0
2025-08-01 09:34:10 AM,8033.0,53,425749.0,253691368.0
2025-08-01 09:34:13 AM,8029.0,0,0.0,253691368.0
2025-08-01 09:34:18 AM,8029.0,28,224812.0,253916180.0
2025-08-01 09:34:21 AM,8027.5,0,0.0,253916180.0
2025-08-01 09:34:25 AM,8027.5,6,48165.0,253964345.0
2025-08-01 09:34:28 AM,8028.0,0,0.0,253964345.0
2025-08-01 09:34:32 AM,8026.0,135,1083510.0,255047855.0
2025-08-01 09:34:32 AM,8026.0,14,112364.0,255160219.0
2025-08-01 09:34:33 AM,8028.5,0,0.0,255160219.0
2025-08-01 09:34:38 AM,8026.0,595,4775470.0,259935689.0
2025-08-01 09:34:43 AM,8025.5,0,0.0,259935689.0
2025-08-01 09:34:45 AM,8022.0,42,336924.0,260272613.0
2025-08-01 09:34:48 AM,8021.5,0,0.0,260272613.0
2025-08-01 09:34:51 AM,8022.0,0,0.0,260272613.0
2025-08-01 09:34:52 AM,8022.0,98,786156.0,261058769.0
2025-08-01 09:34:58 AM,8019.0,0,0.0,261058769.0
2025-08-01 09:34:59 AM,8019.0,48,384912.0,261443681.0
2025-08-01 09:34:59 AM,8017.0,1,8017.0,261451698.0
2025-08-01 09:35:08 AM,8018.0,0,0.0,261451698.0
2025-08-01 09:35:13 AM,8014.5,21,168304.5,261620002.5
2025-08-01 09:35:13 AM,8016.0,0,0.0,261620002.5
2025-08-01 09:35:13 AM,8016.0,2,16032.0,261636034.5
2025-08-01 09:35:18 AM,8017.5,0,0.0,261636034.5
2025-08-01 09:35:18 AM,8016.5,0,0.0,261636034.5
2025-08-01 09:35:20 AM,8016.5,53,424874.5,262060909.0
2025-08-01 09:35:27 AM,8014.5,7,56101.5,262117010.5
2025-08-01 09:35:28 AM,8013.5,0,0.0,262117010.5
2025-08-01 09:35:33 AM,8016.5,0,0.0,262117010.5
2025-08-01 09:35:34 AM,8016.5,154,1234541.0,263351551.5
2025-08-01 09:35:41 AM,8016.5,11,88181.5,263439733.0
2025-08-01 09:35:43 AM,8010.5,0,0.0,263439733.0
2025-08-01 09:35:43 AM,8011.0,0,0.0,263439733.0
2025-08-01 09:35:48 AM,8006.0,0,0.0,263439733.0
2025-08-01 09:35:48 AM,8006.0,208,1665248.0,265104981.0
2025-08-01 09:35:48 AM,8002.5,0,0.0,265104981.0
2025-08-01 09:35:52 AM,8007.5,0,0.0,265104981.0
2025-08-01 09:35:54 AM,8002.5,195,1560487.5,266665468.5
2025-08-01 09:36:01 AM,8007.0,101,808707.0,267474175.5
2025-08-01 09:36:06 AM,8003.0,0,0.0,267474175.5
2025-08-01 09:36:08 AM,8002.0,55,440110.0,267914285.5
2025-08-01 09:36:10 AM,8006.5,0,0.0,267914285.5
2025-08-01 09:36:14 AM,8011.0,0,0.0,267914285.5
2025-08-01 09:36:14 AM,8011.0,102,817122.0,268731407.5
2025-08-01 09:36:18 AM,8005.5,0,0.0,268731407.5
2025-08-01 09:36:21 AM,8005.5,2,16011.0,268747418.5
2025-08-01 09:36:26 AM,8009.5,0,0.0,268747418.5
2025-08-01 09:36:26 AM,8008.0,0,0.0,268747418.5
2025-08-01 09:36:28 AM,8008.0,34,272272.0,269019690.5
2025-08-01 09:36:30 AM,8007.5,0,0.0,269019690.5
2025-08-01 09:36:34 AM,8004.0,0,0.0,269019690.5
2025-08-01 09:36:34 AM,8004.5,40,320180.0,269339870.5
2025-08-01 09:36:34 AM,8003.0,10,80030.0,269419900.5
2025-08-01 09:36:38 AM,8004.5,0,0.0,269419900.5
2025-08-01 09:36:38 AM,8008.5,0,0.0,269419900.5
2025-08-01 09:36:40 AM,8005.0,106,848530.0,270268430.5
2025-08-01 09:36:54 AM,8005.0,3,24015.0,270292445.5
2025-08-01 09:36:58 AM,8004.0,0,0.0,270292445.5
2025-08-01 09:37:00 AM,8004.0,1,8004.0,270300449.5
2025-08-01 09:37:06 AM,8002.0,0,0.0,270300449.5
2025-08-01 09:37:07 AM,8003.0,20,160060.0,270460509.5
2025-08-01 09:37:08 AM,8000.0,14,112000.0,270572509.5
2025-08-01 09:37:15 AM,7999.0,539,4311461.0,274883970.5
2025-08-01 09:37:17 AM,7997.0,0,0.0,274883970.5
2025-08-01 09:37:21 AM,7995.0,0,0.0,274883970.5
2025-08-01 09:37:22 AM,7991.5,36,287694.0,275171664.5
2025-08-01 09:37:22 AM,7993.5,0,0.0,275171664.5
2025-08-01 09:37:26 AM,7990.5,0,0.0,275171664.5
2025-08-01 09:37:27 AM,7992.0,0,0.0,275171664.5
2025-08-01 09:37:28 AM,7990.5,72,575316.0,275746980.5
2025-08-01 09:37:31 AM,7993.0,0,0.0,275746980.5
2025-08-01 09:37:32 AM,7995.0,0,0.0,275746980.5
2025-08-01 09:37:35 AM,7998.5,0,0.0,275746980.5
2025-08-01 09:37:35 AM,7995.5,188,1503154.0,277250134.5
2025-08-01 09:37:40 AM,7998.5,0,0.0,277250134.5
2025-08-01 09:37:42 AM,7998.5,17,135974.5,277386109.0
2025-08-01 09:37:42 AM,7994.5,28,223846.0,277609955.0
2025-08-01 09:37:44 AM,7999.0,0,0.0,277609955.0
2025-08-01 09:37:48 AM,7996.5,0,0.0,277609955.0
2025-08-01 09:37:49 AM,7996.5,8,63972.0,277673927.0
2025-08-01 09:37:52 AM,7997.5,0,0.0,277673927.0
2025-08-01 09:37:55 AM,7997.5,8,63980.0,277737907.0
2025-08-01 09:38:02 AM,7997.5,6,47985.0,277785892.0
2025-08-01 09:38:06 AM,7993.0,0,0.0,277785892.0
2025-08-01 09:38:09 AM,7993.0,94,751342.0,278537234.0
2025-08-01 09:38:14 AM,7990.0,0,0.0,278537234.0
2025-08-01 09:38:16 AM,7990.0,32,255680.0,278792914.0
2025-08-01 09:38:18 AM,7989.5,0,0.0,278792914.0
2025-08-01 09:38:22 AM,7989.5,30,239685.0,279032599.0
2025-08-01 09:38:23 AM,7985.0,0,0.0,279032599.0
2025-08-01 09:38:29 AM,7985.0,54,431190.0,279463789.0
2025-08-01 09:38:33 AM,7986.0,0,0.0,279463789.0
2025-08-01 09:38:36 AM,7986.0,13,103818.0,279567607.0
2025-08-01 09:38:43 AM,7982.5,94,750355.0,280317962.0
2025-08-01 09:38:46 AM,7986.0,0,0.0,280317962.0
2025-08-01 09:38:49 AM,7988.0,271,2164748.0,282482710.0
2025-08-01 09:38:54 AM,7985.0,0,0.0,282482710.0
2025-08-01 09:38:56 AM,7985.0,81,646785.0,283129495.0
2025-08-01 09:38:58 AM,7988.0,0,0.0,283129495.0
2025-08-01 09:39:02 AM,7985.0,29,231565.0,283361060.0
2025-08-01 09:39:08 AM,7984.0,0,0.0,283361060.0
2025-08-01 09:39:09 AM,7984.0,6,47904.0,283408964.0
2025-08-01 09:39:13 AM,7981.0,0,0.0,283408964.0
2025-08-01 09:39:16 AM,7981.0,109,869929.0,284278893.0
2025-08-01 09:39:23 AM,7981.0,21,167601.0,284446494.0
2025-08-01 09:39:27 AM,7982.0,0,0.0,284446494.0
2025-08-01 09:39:29 AM,7983.0,4,31932.0,284478426.0
2025-08-01 09:39:36 AM,7983.0,12,95796.0,284574222.0
2025-08-01 09:39:42 AM,7981.0,47,375107.0,284949329.0
2025-08-01 09:39:43 AM,7983.0,5,39915.0,284989244.0
2025-08-01 09:39:43 AM,7980.0,0,0.0,284989244.0
2025-08-01 09:39:47 AM,7980.5,0,0.0,284989244.0
2025-08-01 09:39:49 AM,7980.5,169,1348704.5,286337948.5
2025-08-01 09:39:50 AM,7980.5,1,7980.5,286345929.0
2025-08-01 09:39:56 AM,7980.5,8,63844.0,286409773.0
2025-08-01 09:39:56 AM,7977.5,11,87752.5,286497525.5
2025-08-01 09:39:59 AM,7980.0,0,0.0,286497525.5
2025-08-01 09:40:02 AM,7980.0,13,103740.0,286601265.5
2025-08-01 09:40:07 AM,7979.0,0,0.0,286601265.5
2025-08-01 09:40:09 AM,7979.0,5,39895.0,286641160.5
2025-08-01 09:40:15 AM,7979.0,42,335118.0,286976278.5
2025-08-01 09:40:16 AM,7976.0,80,638080.0,287614358.5
2025-08-01 09:40:19 AM,7979.0,0,0.0,287614358.5
2025-08-01 09:40:22 AM,7980.5,0,0.0,287614358.5
2025-08-01 09:40:22 AM,7980.0,347,2769060.0,290383418.5
2025-08-01 09:40:23 AM,7980.5,1,7980.5,290391399.0
2025-08-01 09:40:24 AM,7980.0,0,0.0,290391399.0
2025-08-01 09:40:26 AM,7982.0,0,0.0,290391399.0
2025-08-01 09:40:28 AM,7980.5,17,135668.5,290527067.5
2025-08-01 09:40:34 AM,7980.0,0,0.0,290527067.5
2025-08-01 09:40:35 AM,7980.0,60,478800.0,291005867.5
2025-08-01 09:40:42 AM,7980.0,32,255360.0,291261227.5
2025-08-01 09:40:42 AM,7980.0,25,199500.0,291460727.5
2025-08-01 09:40:46 AM,7978.5,0,0.0,291460727.5
2025-08-01 09:40:48 AM,7980.0,19,151620.0,291612347.5
2025-08-01 09:40:49 AM,7980.0,10,79800.0,291692147.5
2025-08-01 09:40:51 AM,7977.5,0,0.0,291692147.5
2025-08-01 09:40:55 AM,7977.5,3,23932.5,291716080.0
2025-08-01 09:40:57 AM,7980.0,0,0.0,291716080.0
2025-08-01 09:41:01 AM,7980.0,10,79800.0,291795880.0
2025-08-01 09:41:02 AM,7980.0,2,15960.0,291811840.0
2025-08-01 09:41:07 AM,7977.5,0,0.0,291811840.0
2025-08-01 09:41:08 AM,7978.0,51,406878.0,292218718.0
2025-08-01 09:41:10 AM,7978.5,0,0.0,292218718.0
2025-08-01 09:41:14 AM,7976.5,0,0.0,292218718.0
2025-08-01 09:41:15 AM,7976.5,61,486566.5,292705284.5
2025-08-01 09:41:18 AM,7977.5,0,0.0,292705284.5
2025-08-01 09:41:22 AM,7977.5,7,55842.5,292761127.0
2025-08-01 09:41:28 AM,7977.5,6,47865.0,292808992.0
2025-08-01 09:41:34 AM,7976.0,0,0.0,292808992.0
2025-08-01 09:41:34 AM,7976.0,53,422728.0,293231720.0
2025-08-01 09:41:42 AM,7976.0,63,502488.0,293734208.0
2025-08-01 09:41:48 AM,7976.0,17,135592.0,293869800.0
2025-08-01 09:41:49 AM,7974.0,83,661842.0,294531642.0
2025-08-01 09:41:50 AM,7973.5,0,0.0,294531642.0
2025-08-01 09:41:54 AM,7972.5,12,95670.0,294627312.0
2025-08-01 09:41:55 AM,7976.0,0,0.0,294627312.0
2025-08-01 09:41:55 AM,7976.0,5,39880.0,294667192.0
2025-08-01 09:42:00 AM,7974.0,1,7974.0,294675166.0
2025-08-01 09:42:01 AM,7977.0,41,327057.0,295002223.0
2025-08-01 09:42:08 AM,7978.5,12,95742.0,295097965.0
2025-08-01 09:42:11 AM,7980.0,0,0.0,295097965.0
2025-08-01 09:42:14 AM,7980.0,18,143640.0,295241605.0
2025-08-01 09:42:15 AM,7981.0,13,103753.0,295345358.0
2025-08-01 09:42:19 AM,7980.0,0,0.0,295345358.0
2025-08-01 09:42:20 AM,7978.0,58,462724.0,295808082.0
2025-08-01 09:42:27 AM,7977.5,57,454717.5,296262799.5
2025-08-01 09:42:33 AM,7977.0,0,0.0,296262799.5
2025-08-01 09:42:33 AM,7977.0,165,1316205.0,297579004.5
2025-08-01 09:42:35 AM,7977.5,2,15955.0,297594959.5
2025-08-01 09:42:40 AM,7977.5,20,159550.0,297754509.5
2025-08-01 09:42:41 AM,7978.5,0,0.0,297754509.5
2025-08-01 09:42:41 AM,7978.5,1,7978.5,297762488.0
2025-08-01 09:42:47 AM,7979.0,1,7979.0,297770467.0
2025-08-01 09:42:52 AM,7980.0,0,0.0,297770467.0
2025-08-01 09:42:53 AM,7980.0,147,1173060.0,298943527.0
2025-08-01 09:42:54 AM,7980.0,55,438900.0,299382427.0
2025-08-01 09:42:59 AM,7985.0,13,103805.0,299486232.0
2025-08-01 09:43:05 AM,7986.0,0,0.0,299486232.0
2025-08-01 09:43:05 AM,7985.0,0,0.0,299486232.0
2025-08-01 09:43:06 AM,7985.0,59,471115.0,299957347.0
2025-08-01 09:43:13 AM,7986.0,0,0.0,299957347.0
2025-08-01 09:43:13 AM,7986.0,12,95832.0,300053179.0
2025-08-01 09:43:17 AM,7989.0,0,0.0,300053179.0
2025-08-01 09:43:19 AM,7986.0,40,319440.0,300372619.0
2025-08-01 09:43:25 AM,7989.0,0,0.0,300372619.0
2025-08-01 09:43:26 AM,7989.0,9,71901.0,300444520.0
2025-08-01 09:43:27 AM,7989.0,1,7989.0,300452509.0
2025-08-01 09:43:32 AM,7989.0,1,7989.0,300460498.0
2025-08-01 09:43:33 AM,7986.0,24,191664.0,300652162.0
2025-08-01 09:43:33 AM,7988.5,0,0.0,300652162.0
2025-08-01 09:43:37 AM,7989.5,0,0.0,300652162.0
2025-08-01 09:43:37 AM,7991.0,0,0.0,300652162.0
2025-08-01 09:43:39 AM,7991.5,112,895048.0,301547210.0
2025-08-01 09:43:45 AM,7990.5,0,0.0,301547210.0
2025-08-01 09:43:46 AM,7990.5,29,231724.5,301778934.5
2025-08-01 09:43:49 AM,7991.5,0,0.0,301778934.5
2025-08-01 09:43:52 AM,7991.5,23,183804.5,301962739.0
2025-08-01 09:43:53 AM,7992.5,0,0.0,301962739.0
2025-08-01 09:43:53 AM,7992.5,1,7992.5,301970731.5
2025-08-01 09:44:00 AM,7989.0,48,383472.0,302354203.5
2025-08-01 09:44:05 AM,7991.0,0,0.0,302354203.5
2025-08-01 09:44:05 AM,7991.0,1,7991.0,302362194.5
2025-08-01 09:44:09 AM,7989.5,0,0.0,302362194.5
2025-08-01 09:44:12 AM,7986.0,33,263538.0,302625732.5
2025-08-01 09:44:19 AM,7986.0,20,159720.0,302785452.5
2025-08-01 09:44:21 AM,7987.5,0,0.0,302785452.5
2025-08-01 09:44:23 AM,7983.5,0,0.0,302785452.5
2025-08-01 09:44:25 AM,7984.0,246,1964064.0,304749516.5
2025-08-01 09:44:35 AM,7983.0,0,0.0,304749516.5
2025-08-01 09:44:38 AM,7983.0,3,23949.0,304773465.5
2025-08-01 09:44:41 AM,7982.0,0,0.0,304773465.5
2025-08-01 09:44:44 AM,7982.0,61,486902.0,305260367.5
2025-08-01 09:44:57 AM,7981.5,0,0.0,305260367.5
2025-08-01 09:44:58 AM,7981.5,15,119722.5,305380090.0
2025-08-01 09:45:01 AM,7982.0,0,0.0,305380090.0
2025-08-01 09:45:03 AM,7980.0,0,0.0,305380090.0
2025-08-01 09:45:04 AM,7979.0,204,1627716.0,307007806.0
2025-08-01 09:45:13 AM,7981.5,0,0.0,307007806.0
2025-08-01 09:45:17 AM,7982.0,0,0.0,307007806.0
2025-08-01 09:45:18 AM,7982.0,54,431028.0,307438834.0
2025-08-01 09:45:19 AM,7982.0,1,7982.0,307446816.0
2025-08-01 09:45:21 AM,7982.5,0,0.0,307446816.0
2025-08-01 09:45:24 AM,7982.5,4,31930.0,307478746.0
2025-08-01 09:45:25 AM,7983.0,118,941994.0,308420740.0
2025-08-01 09:45:30 AM,7983.0,63,502929.0,308923669.0
2025-08-01 09:45:32 AM,7983.0,49,391167.0,309314836.0
2025-08-01 09:45:37 AM,7984.5,0,0.0,309314836.0
2025-08-01 09:45:38 AM,7984.5,1,7984.5,309322820.5
2025-08-01 09:45:43 AM,7984.5,17,135736.5,309458557.0
2025-08-01 09:45:50 AM,7984.5,116,926202.0,310384759.0
2025-08-01 09:45:51 AM,7985.0,3,23955.0,310408714.0
2025-08-01 09:45:55 AM,7986.0,0,0.0,310408714.0
2025-08-01 09:45:56 AM,7986.0,18,143748.0,310552462.0
2025-08-01 09:45:57 AM,7986.0,3,23958.0,310576420.0
2025-08-01 09:46:00 AM,7984.5,2,15969.0,310592389.0
2025-08-01 09:46:01 AM,7984.5,12,95814.0,310688203.0
2025-08-01 09:46:02 AM,7984.0,1,7984.0,310696187.0
2025-08-01 09:46:03 AM,7983.0,22,175626.0,310871813.0
2025-08-01 09:46:04 AM,7983.5,183,1460980.5,312332793.5
2025-08-01 09:46:05 AM,7981.0,1045,8340145.0,320672938.5
2025-08-01 09:46:06 AM,7980.0,0,0.0,320672938.5
2025-08-01 09:46:06 AM,7980.0,11,87780.0,320760718.5
2025-08-01 09:46:07 AM,7977.5,523,4172232.5,324932951.0
2025-08-01 09:46:07 AM,7978.0,1,7978.0,324940929.0
2025-08-01 09:46:08 AM,7976.0,0,0.0,324940929.0
2025-08-01 09:46:08 AM,7976.0,2,15952.0,324956881.0
2025-08-01 09:46:09 AM,7976.0,1,7976.0,324964857.0
2025-08-01 09:46:09 AM,7975.0,0,0.0,324964857.0
2025-08-01 09:46:10 AM,7970.0,0,0.0,324964857.0
2025-08-01 09:46:10 AM,7971.5,32,255088.0,325219945.0
2025-08-01 09:46:11 AM,7970.0,5,39850.0,325259795.0
2025-08-01 09:46:12 AM,7972.0,1,7972.0,325267767.0
2025-08-01 09:46:18 AM,7971.5,0,0.0,325267767.0
2025-08-01 09:46:18 AM,7971.5,10,79715.0,325347482.0
2025-08-01 09:46:19 AM,7970.0,0,0.0,325347482.0
2025-08-01 09:46:20 AM,7968.0,0,0.0,325347482.0
2025-08-01 09:46:20 AM,7968.0,244,1944192.0,327291674.0
2025-08-01 09:46:20 AM,7966.5,0,0.0,327291674.0
2025-08-01 09:46:21 AM,7965.5,6,47793.0,327339467.0
2025-08-01 09:46:21 AM,7966.5,38,302727.0,327642194.0
2025-08-01 09:46:21 AM,7965.5,0,0.0,327642194.0
2025-08-01 09:46:22 AM,7965.5,18,143379.0,327785573.0
2025-08-01 09:46:23 AM,7965.5,81,645205.5,328430778.5
2025-08-01 09:46:24 AM,7965.5,25,199137.5,328629916.0
2025-08-01 09:46:24 AM,7969.0,2,15938.0,328645854.0
2025-08-01 09:46:25 AM,7967.5,1,7967.5,328653821.5
2025-08-01 09:46:25 AM,7962.0,39,310518.0,328964339.5
2025-08-01 09:46:26 AM,7961.0,0,0.0,328964339.5
2025-08-01 09:46:26 AM,7962.0,6,47772.0,329012111.5
2025-08-01 09:46:27 AM,7961.0,4,31844.0,329043955.5
2025-08-01 09:46:28 AM,7964.5,0,0.0,329043955.5
2025-08-01 09:46:28 AM,7964.5,82,653089.0,329697044.5
2025-08-01 09:46:29 AM,7961.0,0,0.0,329697044.5
2025-08-01 09:46:30 AM,7961.0,36,286596.0,329983640.5
2025-08-01 09:46:30 AM,7962.0,0,0.0,329983640.5
2025-08-01 09:46:31 AM,7962.0,17,135354.0,330118994.5
2025-08-01 09:46:32 AM,7961.0,3,23883.0,330142877.5
2025-08-01 09:46:32 AM,7963.5,0,0.0,330142877.5
2025-08-01 09:46:33 AM,7963.5,10,79635.0,330222512.5
2025-08-01 09:46:34 AM,7961.5,0,0.0,330222512.5
2025-08-01 09:46:34 AM,7961.5,2,15923.0,330238435.5
2025-08-01 09:46:35 AM,7961.0,1,7961.0,330246396.5
2025-08-01 09:46:36 AM,7961.5,0,0.0,330246396.5
2025-08-01 09:46:36 AM,7961.5,3,23884.5,330270281.0
2025-08-01 09:46:38 AM,7962.0,20,159240.0,330429521.0
2025-08-01 09:46:38 AM,7961.0,0,0.0,330429521.0
2025-08-01 09:46:39 AM,7961.0,5,39805.0,330469326.0
2025-08-01 09:46:40 AM,7961.0,3,23883.0,330493209.0
2025-08-01 09:46:41 AM,7961.0,1,7961.0,330501170.0
2025-08-01 09:46:42 AM,7961.0,1,7961.0,330509131.0
2025-08-01 09:46:42 AM,7961.5,0,0.0,330509131.0
2025-08-01 09:46:43 AM,7961.5,2,15923.0,330525054.0
2025-08-01 09:46:44 AM,7963.5,0,0.0,330525054.0
2025-08-01 09:46:45 AM,7963.5,106,844131.0,331369185.0
2025-08-01 09:46:47 AM,7963.5,45,358357.5,331727542.5
2025-08-01 09:46:52 AM,7964.5,50,398225.0,332125767.5
2025-08-01 09:46:52 AM,7967.0,149,1187083.0,333312850.5
2025-08-01 09:46:55 AM,7969.5,0,0.0,333312850.5
2025-08-01 09:46:56 AM,7969.5,12,95634.0,333408484.5
2025-08-01 09:46:56 AM,7968.0,0,0.0,333408484.5
2025-08-01 09:46:57 AM,7969.5,6,47817.0,333456301.5
2025-08-01 09:46:59 AM,7969.5,15,119542.5,333575844.0
2025-08-01 09:46:59 AM,7974.5,0,0.0,333575844.0
2025-08-01 09:47:00 AM,7974.5,23,183413.5,333759257.5
2025-08-01 09:47:05 AM,7974.5,10,79745.0,333839002.5
2025-08-01 09:47:06 AM,7974.0,10,79740.0,333918742.5
2025-08-01 09:47:10 AM,7977.0,0,0.0,333918742.5
2025-08-01 09:47:11 AM,7977.0,1,7977.0,333926719.5
2025-08-01 09:47:12 AM,7977.0,1,7977.0,333934696.5
2025-08-01 09:47:17 AM,7977.0,20,159540.0,334094236.5
2025-08-01 09:47:21 AM,7977.0,23,183471.0,334277707.5
2025-08-01 09:47:25 AM,7977.0,8,63816.0,334341523.5
2025-08-01 09:47:28 AM,7977.0,2,15954.0,334357477.5
2025-08-01 09:47:31 AM,7975.5,1,7975.5,334365453.0
2025-08-01 09:47:35 AM,7977.0,0,0.0,334365453.0
2025-08-01 09:47:36 AM,7977.0,1,7977.0,334373430.0
2025-08-01 09:47:38 AM,7977.0,1,7977.0,334381407.0
2025-08-01 09:47:41 AM,7977.0,10,79770.0,334461177.0
2025-08-01 09:47:44 AM,7977.0,3,23931.0,334485108.0
2025-08-01 09:47:46 AM,7977.0,1,7977.0,334493085.0
2025-08-01 09:47:47 AM,7977.0,2,15954.0,334509039.0
2025-08-01 09:47:48 AM,7977.0,1,7977.0,334517016.0
2025-08-01 09:47:50 AM,7976.0,0,0.0,334517016.0
2025-08-01 09:47:51 AM,7976.0,6,47856.0,334564872.0
2025-08-01 09:47:54 AM,7976.0,1,7976.0,334572848.0
2025-08-01 09:47:54 AM,7992.0,2726,21786192.0,356359040.0
2025-08-01 09:48:04 AM,7991.5,0,0.0,356359040.0
2025-08-01 09:48:04 AM,7991.5,30,239745.0,356598785.0
2025-08-01 09:48:04 AM,7994.5,0,0.0,356598785.0
2025-08-01 09:48:05 AM,7994.5,1,7994.5,356606779.5
2025-08-01 09:48:06 AM,7995.5,0,0.0,356606779.5
2025-08-01 09:48:07 AM,7992.0,66,527472.0,357134251.5
2025-08-01 09:48:11 AM,7995.0,5,39975.0,357174226.5
2025-08-01 09:48:17 AM,7996.0,0,0.0,357174226.5
2025-08-01 09:48:18 AM,7996.0,59,471764.0,357645990.5
2025-08-01 09:48:18 AM,7997.0,83,663751.0,358309741.5
2025-08-01 09:48:19 AM,7997.0,15,119955.0,358429696.5
2025-08-01 09:48:20 AM,7999.0,7,55993.0,358485689.5
2025-08-01 09:48:20 AM,7995.0,500,3997500.0,362483189.5
2025-08-01 09:48:22 AM,7996.5,3,23989.5,362507179.0
2025-08-01 09:48:24 AM,7999.5,0,0.0,362507179.0
2025-08-01 09:48:25 AM,7999.5,20,159990.0,362667169.0
2025-08-01 09:48:26 AM,7997.0,1,7997.0,362675166.0
2025-08-01 09:48:26 AM,7996.5,0,0.0,362675166.0
2025-08-01 09:48:27 AM,7996.5,23,183919.5,362859085.5
2025-08-01 09:48:32 AM,7999.5,14,111993.0,362971078.5
2025-08-01 09:48:34 AM,7999.5,20,159990.0,363131068.5
2025-08-01 09:48:34 AM,7999.5,8,63996.0,363195064.5
2025-08-01 09:48:35 AM,8002.0,196,1568392.0,364763456.5
2025-08-01 09:48:35 AM,8002.0,38,304076.0,365067532.5
2025-08-01 09:48:37 AM,8004.5,0,0.0,365067532.5
2025-08-01 09:48:38 AM,8004.5,42,336189.0,365403721.5
2025-08-01 09:48:38 AM,8007.5,50,400375.0,365804096.5
2025-08-01 09:48:39 AM,8007.0,0,0.0,365804096.5
2025-08-01 09:48:40 AM,8007.0,7,56049.0,365860145.5
2025-08-01 09:48:40 AM,8007.0,1,8007.0,365868152.5
2025-08-01 09:48:43 AM,8009.5,0,0.0,365868152.5
2025-08-01 09:48:44 AM,8009.5,23,184218.5,366052371.0
2025-08-01 09:48:44 AM,8009.0,0,0.0,366052371.0
2025-08-01 09:48:45 AM,8009.0,75,600675.0,366653046.0
2025-08-01 09:48:45 AM,8006.0,10,80060.0,366733106.0
2025-08-01 09:48:46 AM,8009.0,1,8009.0,366741115.0
2025-08-01 09:48:52 AM,8011.5,66,528759.0,367269874.0
2025-08-01 09:48:53 AM,8011.5,3,24034.5,367293908.5
2025-08-01 09:48:54 AM,8012.5,0,0.0,367293908.5
2025-08-01 09:48:55 AM,8012.5,7,56087.5,367349996.0
2025-08-01 09:48:57 AM,8011.0,0,0.0,367349996.0
2025-08-01 09:48:58 AM,8012.5,0,0.0,367349996.0
2025-08-01 09:48:58 AM,8012.5,24,192300.0,367542296.0
2025-08-01 09:48:59 AM,8011.0,0,0.0,367542296.0
2025-08-01 09:49:00 AM,8011.0,27,216297.0,367758593.0
2025-08-01 09:49:00 AM,8009.0,0,0.0,367758593.0
2025-08-01 09:49:01 AM,8009.5,0,0.0,367758593.0
2025-08-01 09:49:02 AM,8009.5,591,4733614.5,372492207.5
2025-08-01 09:49:02 AM,8006.5,0,0.0,372492207.5
2025-08-01 09:49:03 AM,8006.5,21,168136.5,372660344.0
2025-08-01 09:49:03 AM,8011.0,0,0.0,372660344.0
2025-08-01 09:49:04 AM,8011.0,50,400550.0,373060894.0
2025-08-01 09:49:07 AM,8011.0,3,24033.0,373084927.0
2025-08-01 09:49:07 AM,8007.5,0,0.0,373084927.0
2025-08-01 09:49:08 AM,8008.0,51,408408.0,373493335.0
2025-08-01 09:49:10 AM,8008.0,6,48048.0,373541383.0
2025-08-01 09:49:14 AM,8009.0,3,24027.0,373565410.0
2025-08-01 09:49:16 AM,8009.5,0,0.0,373565410.0
2025-08-01 09:49:17 AM,8009.5,1,8009.5,373573419.5
2025-08-01 09:49:18 AM,8009.5,2,16019.0,373589438.5
2025-08-01 09:49:20 AM,8010.5,0,0.0,373589438.5
2025-08-01 09:49:21 AM,8010.5,128,1025344.0,374614782.5
2025-08-01 09:49:22 AM,8010.5,68,544714.0,375159496.5
2025-08-01 09:49:24 AM,8012.5,9,72112.5,375231609.0
2025-08-01 09:49:26 AM,8012.5,20,160250.0,375391859.0
2025-08-01 09:49:27 AM,8012.5,26,208325.0,375600184.0
2025-08-01 09:49:27 AM,8012.0,1,8012.0,375608196.0
2025-08-01 09:49:28 AM,8012.5,0,0.0,375608196.0
2025-08-01 09:49:29 AM,8012.5,7,56087.5,375664283.5
2025-08-01 09:49:29 AM,8011.5,0,0.0,375664283.5
2025-08-01 09:49:30 AM,8011.5,62,496713.0,376160996.5
2025-08-01 09:49:31 AM,8011.5,2,16023.0,376177019.5
2025-08-01 09:49:33 AM,8009.0,0,0.0,376177019.5
2025-08-01 09:49:34 AM,8009.0,20,160180.0,376337199.5
2025-08-01 09:49:35 AM,8008.5,0,0.0,376337199.5
2025-08-01 09:49:36 AM,8008.5,2,16017.0,376353216.5
2025-08-01 09:49:43 AM,8010.0,0,0.0,376353216.5
2025-08-01 09:49:44 AM,8010.0,1,8010.0,376361226.5
2025-08-01 09:49:44 AM,8006.0,0,0.0,376361226.5
2025-08-01 09:49:45 AM,8006.0,56,448336.0,376809562.5
2025-08-01 09:49:46 AM,8002.0,20,160040.0,376969602.5
2025-08-01 09:49:51 AM,8001.5,0,0.0,376969602.5
2025-08-01 09:49:52 AM,8001.5,10,80015.0,377049617.5
2025-08-01 09:49:53 AM,8001.0,0,0.0,377049617.5
2025-08-01 09:49:53 AM,8001.0,10,80010.0,377129627.5
2025-08-01 09:49:54 AM,8002.0,103,824206.0,377953833.5
2025-08-01 09:49:55 AM,8001.5,24,192036.0,378145869.5
2025-08-01 09:49:59 AM,8002.0,1,8002.0,378153871.5
2025-08-01 09:50:06 AM,8005.0,5,40025.0,378193896.5
2025-08-01 09:50:07 AM,8002.5,5,40012.5,378233909.0
2025-08-01 09:50:07 AM,8005.0,0,0.0,378233909.0
2025-08-01 09:50:08 AM,8005.0,3,24015.0,378257924.0
2025-08-01 09:50:08 AM,8004.0,0,0.0,378257924.0
2025-08-01 09:50:09 AM,8004.0,30,240120.0,378498044.0
2025-08-01 09:50:10 AM,8005.0,7,56035.0,378554079.0
2025-08-01 09:50:11 AM,8005.0,3,24015.0,378578094.0
2025-08-01 09:50:13 AM,8006.0,1,8006.0,378586100.0
2025-08-01 09:50:20 AM,8006.0,1,8006.0,378594106.0
2025-08-01 09:50:21 AM,8005.0,1,8005.0,378602111.0
2025-08-01 09:50:29 AM,8004.5,0,0.0,378602111.0
2025-08-01 09:50:30 AM,8004.5,10,80045.0,378682156.0
2025-08-01 09:50:32 AM,8003.0,0,0.0,378682156.0
2025-08-01 09:50:33 AM,8003.0,2,16006.0,378698162.0
2025-08-01 09:50:35 AM,8003.0,2,16006.0,378714168.0
2025-08-01 09:50:44 AM,8004.5,0,0.0,378714168.0
2025-08-01 09:50:45 AM,8004.5,1,8004.5,378722172.5
2025-08-01 09:50:48 AM,8004.5,1,8004.5,378730177.0
2025-08-01 09:50:52 AM,8004.5,1,8004.5,378738181.5
2025-08-01 09:50:57 AM,8004.5,42,336189.0,379074370.5
2025-08-01 09:50:57 AM,8005.0,0,0.0,379074370.5
2025-08-01 09:50:58 AM,8004.0,0,0.0,379074370.5
2025-08-01 09:50:58 AM,8004.0,36,288144.0,379362514.5
2025-08-01 09:51:00 AM,8006.5,0,0.0,379362514.5
2025-08-01 09:51:00 AM,8006.5,98,784637.0,380147151.5
2025-08-01 09:51:01 AM,8005.5,0,0.0,380147151.5
2025-08-01 09:51:02 AM,8005.5,10,80055.0,380227206.5
2025-08-01 09:51:04 AM,8007.5,4,32030.0,380259236.5
2025-08-01 09:51:08 AM,8010.0,31,248310.0,380507546.5
2025-08-01 09:51:08 AM,8010.5,0,0.0,380507546.5
2025-08-01 09:51:10 AM,8010.5,33,264346.5,380771893.0
2025-08-01 09:51:12 AM,8015.0,0,0.0,380771893.0
2025-08-01 09:51:14 AM,8015.5,0,0.0,380771893.0
2025-08-01 09:51:14 AM,8015.0,292,2340380.0,383112273.0
2025-08-01 09:51:16 AM,8018.5,5,40092.5,383152365.5
2025-08-01 09:51:20 AM,8019.0,0,0.0,383152365.5
2025-08-01 09:51:21 AM,8019.0,83,665577.0,383817942.5
2025-08-01 09:51:23 AM,8022.5,31,248697.5,384066640.0
2025-08-01 09:51:24 AM,8020.0,0,0.0,384066640.0
2025-08-01 09:51:26 AM,8018.5,0,0.0,384066640.0
2025-08-01 09:51:27 AM,8021.5,60,481290.0,384547930.0
2025-08-01 09:51:29 AM,8023.0,0,0.0,384547930.0
2025-08-01 09:51:29 AM,8023.0,10,80230.0,384628160.0
2025-08-01 09:51:30 AM,8021.5,0,0.0,384628160.0
2025-08-01 09:51:33 AM,8021.5,25,200537.5,384828697.5
2025-08-01 09:51:33 AM,8022.0,0,0.0,384828697.5
2025-08-01 09:51:35 AM,8021.0,9,72189.0,384900886.5
2025-08-01 09:51:36 AM,8023.0,0,0.0,384900886.5
2025-08-01 09:51:38 AM,8022.0,0,0.0,384900886.5
2025-08-01 09:51:39 AM,8022.0,23,184506.0,385085392.5
2025-08-01 09:51:41 AM,8021.0,0,0.0,385085392.5
2025-08-01 09:51:42 AM,8021.0,5,40105.0,385125497.5
2025-08-01 09:51:44 AM,8023.0,0,0.0,385125497.5
2025-08-01 09:51:46 AM,8021.5,35,280752.5,385406250.0
2025-08-01 09:51:47 AM,8021.0,0,0.0,385406250.0
2025-08-01 09:51:48 AM,8021.0,43,344903.0,385751153.0
2025-08-01 09:51:50 AM,8018.5,0,0.0,385751153.0
2025-08-01 09:51:52 AM,8018.0,0,0.0,385751153.0
2025-08-01 09:51:52 AM,8018.0,56,449008.0,386200161.0
2025-08-01 09:51:54 AM,8018.0,1,8018.0,386208179.0
2025-08-01 09:52:01 AM,8016.5,0,0.0,386208179.0
2025-08-01 09:52:01 AM,8016.5,5,40082.5,386248261.5
2025-08-01 09:52:02 AM,8014.5,0,0.0,386248261.5
2025-08-01 09:52:03 AM,8015.0,19,152285.0,386400546.5
2025-08-01 09:52:08 AM,8014.5,2,16029.0,386416575.5
2025-08-01 09:52:08 AM,8011.5,0,0.0,386416575.5
2025-08-01 09:52:09 AM,8011.5,10,80115.0,386496690.5
2025-08-01 09:52:14 AM,8012.5,0,0.0,386496690.5
2025-08-01 09:52:15 AM,8012.5,7,56087.5,386552778.0
2025-08-01 09:52:15 AM,8007.0,212,1697484.0,388250262.0
2025-08-01 09:52:16 AM,8004.5,13,104058.5,388354320.5
2025-08-01 09:52:17 AM,8007.5,0,0.0,388354320.5
2025-08-01 09:52:18 AM,8007.5,1,8007.5,388362328.0
2025-08-01 09:52:20 AM,8007.5,1,8007.5,388370335.5
2025-08-01 09:52:21 AM,8006.0,5,40030.0,388410365.5
2025-08-01 09:52:22 AM,8007.5,1,8007.5,388418373.0
2025-08-01 09:52:22 AM,8007.5,1,8007.5,388426380.5
2025-08-01 09:52:24 AM,8007.5,10,80075.0,388506455.5
2025-08-01 09:52:25 AM,8014.0,86,689204.0,389195659.5
2025-08-01 09:52:28 AM,8011.5,0,0.0,389195659.5
2025-08-01 09:52:29 AM,8011.5,5,40057.5,389235717.0
2025-08-01 09:52:31 AM,8015.0,5,40075.0,389275792.0
2025-08-01 09:52:32 AM,8014.5,0,0.0,389275792.0
2025-08-01 09:52:33 AM,8014.5,5,40072.5,389315864.5
2025-08-01 09:52:34 AM,8017.0,1,8017.0,389323881.5
2025-08-01 09:52:35 AM,8017.5,5,40087.5,389363969.0
2025-08-01 09:52:41 AM,8012.0,0,0.0,389363969.0
2025-08-01 09:52:41 AM,8012.0,23,184276.0,389548245.0
2025-08-01 09:52:46 AM,8010.5,7,56073.5,389604318.5
2025-08-01 09:52:47 AM,8010.0,6,48060.0,389652378.5
2025-08-01 09:52:48 AM,8009.0,6,48054.0,389700432.5
2025-08-01 09:52:50 AM,8012.5,0,0.0,389700432.5
2025-08-01 09:52:50 AM,8012.5,1,8012.5,389708445.0
2025-08-01 09:52:52 AM,8013.5,2,16027.0,389724472.0
2025-08-01 09:52:55 AM,8015.5,0,0.0,389724472.0
2025-08-01 09:52:56 AM,8015.5,10,80155.0,389804627.0
2025-08-01 09:52:58 AM,8013.0,0,0.0,389804627.0
2025-08-01 09:52:59 AM,8013.0,1,8013.0,389812640.0
2025-08-01 09:53:00 AM,8012.5,3,24037.5,389836677.5
2025-08-01 09:53:07 AM,8015.5,23,184356.5,390021034.0
2025-08-01 09:53:08 AM,8015.0,12,96180.0,390117214.0
2025-08-01 09:53:09 AM,8014.5,0,0.0,390117214.0
2025-08-01 09:53:10 AM,8015.5,0,0.0,390117214.0
2025-08-01 09:53:10 AM,8015.5,3,24046.5,390141260.5
2025-08-01 09:53:14 AM,8013.0,1,8013.0,390149273.5
2025-08-01 09:53:14 AM,8012.5,0,0.0,390149273.5
2025-08-01 09:53:15 AM,8012.5,2,16025.0,390165298.5
2025-08-01 09:53:15 AM,8010.0,18,144180.0,390309478.5
2025-08-01 09:53:16 AM,8009.0,20,160180.0,390469658.5
2025-08-01 09:53:18 AM,8009.0,35,280315.0,390749973.5
2025-08-01 09:53:22 AM,8008.5,75,600637.5,391350611.0
2025-08-01 09:53:23 AM,8006.0,114,912684.0,392263295.0
2025-08-01 09:53:24 AM,8006.0,2,16012.0,392279307.0
2025-08-01 09:53:26 AM,8006.0,5,40030.0,392319337.0
2025-08-01 09:53:29 AM,8008.0,0,0.0,392319337.0
2025-08-01 09:53:29 AM,8008.0,61,488488.0,392807825.0
2025-08-01 09:53:30 AM,8005.0,15,120075.0,392927900.0
2025-08-01 09:53:45 AM,8005.0,19,152095.0,393079995.0
2025-08-01 09:53:46 AM,8007.5,7,56052.5,393136047.5
2025-08-01 09:53:47 AM,8006.0,11,88066.0,393224113.5
2025-08-01 09:53:49 AM,8006.5,0,0.0,393224113.5
2025-08-01 09:53:50 AM,8006.5,1,8006.5,393232120.0
2025-08-01 09:53:51 AM,8006.5,1,8006.5,393240126.5
2025-08-01 09:53:54 AM,8007.0,0,0.0,393240126.5
2025-08-01 09:53:54 AM,8007.0,2,16014.0,393256140.5
2025-08-01 09:53:55 AM,8007.0,5,40035.0,393296175.5
2025-08-01 09:53:55 AM,8007.5,2,16015.0,393312190.5
2025-08-01 09:54:01 AM,8007.0,0,0.0,393312190.5
2025-08-01 09:54:02 AM,8007.0,5,40035.0,393352225.5
2025-08-01 09:54:03 AM,8007.0,1,8007.0,393360232.5
2025-08-01 09:54:05 AM,8007.0,1,8007.0,393368239.5
2025-08-01 09:54:07 AM,8006.0,0,0.0,393368239.5
2025-08-01 09:54:08 AM,8006.0,1,8006.0,393376245.5
2025-08-01 09:54:12 AM,8006.5,1,8006.5,393384252.0
2025-08-01 09:54:15 AM,8006.0,0,0.0,393384252.0
2025-08-01 09:54:16 AM,8006.0,14,112084.0,393496336.0
2025-08-01 09:54:16 AM,8005.0,5,40025.0,393536361.0
2025-08-01 09:54:17 AM,8003.0,0,0.0,393536361.0
2025-08-01 09:54:18 AM,8003.0,50,400150.0,393936511.0
2025-08-01 09:54:24 AM,8003.5,1,8003.5,393944514.5
2025-08-01 09:54:25 AM,8001.0,23,184023.0,394128537.5
2025-08-01 09:54:29 AM,8000.0,0,0.0,394128537.5
2025-08-01 09:54:30 AM,7999.5,56,447972.0,394576509.5
2025-08-01 09:54:34 AM,8002.0,81,648162.0,395224671.5
2025-08-01 09:54:35 AM,8001.0,0,0.0,395224671.5
2025-08-01 09:54:36 AM,8001.0,1,8001.0,395232672.5
2025-08-01 09:54:39 AM,7999.0,10,79990.0,395312662.5
2025-08-01 09:54:44 AM,7998.5,2,15997.0,395328659.5
2025-08-01 09:54:45 AM,7997.0,3,23991.0,395352650.5
2025-08-01 09:54:46 AM,7996.0,10,79960.0,395432610.5
2025-08-01 09:54:47 AM,7995.0,4,31980.0,395464590.5
2025-08-01 09:54:54 AM,7996.0,50,399800.0,395864390.5
2025-08-01 09:54:55 AM,7998.0,4,31992.0,395896382.5
2025-08-01 09:55:02 AM,8001.0,1,8001.0,395904383.5
2025-08-01 09:55:02 AM,7998.5,1,7998.5,395912382.0
2025-08-01 09:55:06 AM,7998.5,4,31994.0,395944376.0
2025-08-01 09:55:07 AM,8001.0,1,8001.0,395952377.0
2025-08-01 09:55:08 AM,8000.5,0,0.0,395952377.0
2025-08-01 09:55:08 AM,8000.5,10,80005.0,396032382.0
2025-08-01 09:55:10 AM,8002.0,23,184046.0,396216428.0
2025-08-01 09:55:12 AM,8002.5,1,8002.5,396224430.5
2025-08-01 09:55:13 AM,8001.0,2,16002.0,396240432.5
2025-08-01 09:55:14 AM,7999.5,17,135991.5,396376424.0
2025-08-01 09:55:23 AM,8000.5,0,0.0,396376424.0
2025-08-01 09:55:23 AM,8000.5,2,16001.0,396392425.0
2025-08-01 09:55:24 AM,7999.0,4,31996.0,396424421.0
2025-08-01 09:55:28 AM,7996.5,1,7996.5,396432417.5
2025-08-01 09:55:30 AM,7995.5,7,55968.5,396488386.0
2025-08-01 09:55:32 AM,7999.0,124,991876.0,397480262.0
2025-08-01 09:55:35 AM,7998.0,0,0.0,397480262.0
2025-08-01 09:55:35 AM,7998.0,5,39990.0,397520252.0
2025-08-01 09:55:43 AM,7999.0,33,263967.0,397784219.0
2025-08-01 09:55:58 AM,8001.0,0,0.0,397784219.0
2025-08-01 09:55:58 AM,8001.0,2,16002.0,397800221.0
2025-08-01 09:56:02 AM,8001.0,1,8001.0,397808222.0
2025-08-01 09:56:08 AM,8001.0,2,16002.0,397824224.0
2025-08-01 09:56:13 AM,8002.0,0,0.0,397824224.0
2025-08-01 09:56:14 AM,8002.5,0,0.0,397824224.0
2025-08-01 09:56:14 AM,8002.5,243,1944607.5,399768831.5
2025-08-01 09:56:19 AM,8004.5,0,0.0,399768831.5
2025-08-01 09:56:20 AM,8004.5,28,224126.0,399992957.5
2025-08-01 09:56:26 AM,8006.0,0,0.0,399992957.5
2025-08-01 09:56:26 AM,8006.0,1,8006.0,400000963.5
2025-08-01 09:56:26 AM,8006.0,1,8006.0,400008969.5
2025-08-01 09:56:28 AM,8004.5,0,0.0,400008969.5
2025-08-01 09:56:31 AM,8006.0,0,0.0,400008969.5
2025-08-01 09:56:31 AM,8006.0,3,24018.0,400032987.5
2025-08-01 09:56:38 AM,8006.0,1,8006.0,400040993.5
2025-08-01 09:56:41 AM,8005.0,0,0.0,400040993.5
2025-08-01 09:56:43 AM,8003.0,0,0.0,400040993.5
2025-08-01 09:56:43 AM,8003.0,45,360135.0,400401128.5
2025-08-01 09:56:44 AM,8000.0,19,152000.0,400553128.5
2025-08-01 09:56:50 AM,7999.0,22,175978.0,400729106.5
2025-08-01 09:56:54 AM,8000.0,0,0.0,400729106.5
2025-08-01 09:56:56 AM,8000.0,10,80000.0,400809106.5
2025-08-01 09:56:57 AM,8000.5,6,48003.0,400857109.5
2025-08-01 09:56:59 AM,8001.0,0,0.0,400857109.5
2025-08-01 09:57:01 AM,8001.0,4,32004.0,400889113.5
2025-08-01 09:57:07 AM,8001.5,0,0.0,400889113.5
2025-08-01 09:57:08 AM,8001.5,14,112021.0,401001134.5
2025-08-01 09:57:13 AM,8002.5,109,872272.5,401873407.0
2025-08-01 09:57:33 AM,8003.0,11,88033.0,401961440.0
2025-08-01 09:57:35 AM,8002.5,0,0.0,401961440.0
2025-08-01 09:57:36 AM,8001.5,4,32006.0,401993446.0
2025-08-01 09:57:39 AM,8003.0,0,0.0,401993446.0
2025-08-01 09:57:39 AM,8003.0,1,8003.0,402001449.0
2025-08-01 09:57:42 AM,8001.5,0,0.0,402001449.0
2025-08-01 09:57:42 AM,8001.5,31,248046.5,402249495.5
2025-08-01 09:57:45 AM,8000.5,19,152009.5,402401505.0
2025-08-01 09:57:51 AM,8003.5,0,0.0,402401505.0
2025-08-01 09:57:51 AM,8003.5,4,32014.0,402433519.0
2025-08-01 09:57:55 AM,8001.0,10,80010.0,402513529.0
2025-08-01 09:58:03 AM,8001.5,0,0.0,402513529.0
2025-08-01 09:58:03 AM,8001.5,15,120022.5,402633551.5
2025-08-01 09:58:07 AM,8000.5,0,0.0,402633551.5
2025-08-01 09:58:07 AM,8000.5,15,120007.5,402753559.0
2025-08-01 09:58:12 AM,7999.0,0,0.0,402753559.0
2025-08-01 09:58:13 AM,7999.0,85,679915.0,403433474.0
2025-08-01 09:58:16 AM,7994.0,0,0.0,403433474.0
2025-08-01 09:58:16 AM,7994.0,32,255808.0,403689282.0
2025-08-01 09:58:27 AM,7994.0,1,7994.0,403697276.0
2025-08-01 09:58:40 AM,7995.0,70,559650.0,404256926.0
2025-08-01 09:58:43 AM,7995.5,46,367793.0,404624719.0
2025-08-01 09:58:46 AM,7996.5,4,31986.0,404656705.0
2025-08-01 09:58:55 AM,7996.5,1,7996.5,404664701.5
2025-08-01 09:58:58 AM,7994.5,16,127912.0,404792613.5
2025-08-01 09:59:00 AM,7993.0,0,0.0,404792613.5
2025-08-01 09:59:01 AM,7993.0,105,839265.0,405631878.5
2025-08-01 09:59:08 AM,7992.5,1,7992.5,405639871.0
2025-08-01 09:59:11 AM,7992.5,1,7992.5,405647863.5
2025-08-01 09:59:14 AM,7991.0,0,0.0,405647863.5
2025-08-01 09:59:14 AM,7991.0,42,335622.0,405983485.5
2025-08-01 09:59:17 AM,7991.0,43,343613.0,406327098.5
2025-08-01 09:59:29 AM,7991.0,20,159820.0,406486918.5
2025-08-01 09:59:30 AM,7991.5,0,0.0,406486918.5
2025-08-01 09:59:33 AM,7991.5,1,7991.5,406494910.0
2025-08-01 09:59:39 AM,7991.5,2,15983.0,406510893.0
2025-08-01 09:59:42 AM,7991.0,0,0.0,406510893.0
2025-08-01 09:59:42 AM,7991.0,18,143838.0,406654731.0
2025-08-01 09:59:45 AM,7990.0,94,751060.0,407405791.0
2025-08-01 09:59:48 AM,7989.0,3,23967.0,407429758.0
2025-08-01 09:59:52 AM,7986.5,119,950393.5,408380151.5
2025-08-01 09:59:53 AM,7987.5,0,0.0,408380151.5
2025-08-01 09:59:54 AM,7987.5,11,87862.5,408468014.0
2025-08-01 09:59:55 AM,7987.0,0,0.0,408468014.0
2025-08-01 09:59:57 AM,7988.5,0,0.0,408468014.0
2025-08-01 09:59:58 AM,7988.5,75,599137.5,409067151.5
2025-08-01 10:00:00 AM,7987.0,3,23961.0,409091112.5
2025-08-01 10:00:04 AM,7989.0,0,0.0,409091112.5
2025-08-01 10:00:04 AM,7989.0,33,263637.0,409354749.5
2025-08-01 10:00:06 AM,7988.5,0,0.0,409354749.5
2025-08-01 10:00:06 AM,7988.5,1,7988.5,409362738.0
2025-08-01 10:00:10 AM,7986.0,39,311454.0,409674192.0
2025-08-01 10:00:13 AM,7985.5,0,0.0,409674192.0
2025-08-01 10:00:13 AM,7985.5,15,119782.5,409793974.5
2025-08-01 10:00:17 AM,7985.5,7,55898.5,409849873.0
2025-08-01 10:00:20 AM,7985.5,6,47913.0,409897786.0
2025-08-01 10:00:26 AM,7985.5,2,15971.0,409913757.0
2025-08-01 10:00:29 AM,7985.5,19,151724.5,410065481.5
2025-08-01 10:00:32 AM,7985.5,1,7985.5,410073467.0
2025-08-01 10:00:35 AM,7985.5,5,39927.5,410113394.5
2025-08-01 10:00:37 AM,7987.0,0,0.0,410113394.5
2025-08-01 10:00:39 AM,7987.0,55,439285.0,410552679.5
2025-08-01 10:00:41 AM,7986.5,0,0.0,410552679.5
2025-08-01 10:00:42 AM,7987.0,13,103831.0,410656510.5
2025-08-01 10:00:45 AM,7987.0,12,95844.0,410752354.5
2025-08-01 10:00:48 AM,7986.5,0,0.0,410752354.5
2025-08-01 10:00:48 AM,7986.5,7,55905.5,410808260.0
2025-08-01 10:00:51 AM,7987.0,11,87857.0,410896117.0
2025-08-01 10:00:58 AM,7988.0,15,119820.0,411015937.0
2025-08-01 10:01:05 AM,7990.0,0,0.0,411015937.0
2025-08-01 10:01:07 AM,7990.0,3,23970.0,411039907.0
2025-08-01 10:01:10 AM,7990.0,1,7990.0,411047897.0
2025-08-01 10:01:12 AM,7991.0,0,0.0,411047897.0
2025-08-01 10:01:13 AM,7991.0,130,1038830.0,412086727.0
2025-08-01 10:01:20 AM,7991.0,15,119865.0,412206592.0
2025-08-01 10:01:23 AM,7991.0,3,23973.0,412230565.0
2025-08-01 10:01:29 AM,7992.0,10,79920.0,412310485.0
2025-08-01 10:01:32 AM,7993.0,0,0.0,412310485.0
2025-08-01 10:01:32 AM,7993.0,8,63944.0,412374429.0
2025-08-01 10:01:41 AM,7993.0,3,23979.0,412398408.0
2025-08-01 10:01:44 AM,7992.5,19,151857.5,412550265.5
2025-08-01 10:01:48 AM,7993.0,7,55951.0,412606216.5
2025-08-01 10:01:50 AM,7993.5,0,0.0,412606216.5
2025-08-01 10:01:50 AM,7993.5,14,111909.0,412718125.5
2025-08-01 10:01:53 AM,7994.5,0,0.0,412718125.5
2025-08-01 10:01:54 AM,7994.5,1,7994.5,412726120.0
2025-08-01 10:01:56 AM,7994.5,9,71950.5,412798070.5
2025-08-01 10:01:57 AM,7995.0,0,0.0,412798070.5
2025-08-01 10:01:58 AM,7996.0,0,0.0,412798070.5
2025-08-01 10:02:00 AM,7996.0,7,55972.0,412854042.5
2025-08-01 10:02:02 AM,7996.0,12,95952.0,412949994.5
2025-08-01 10:02:05 AM,7995.5,0,0.0,412949994.5
2025-08-01 10:02:06 AM,7995.5,3,23986.5,412973981.0
2025-08-01 10:02:11 AM,7996.0,0,0.0,412973981.0
2025-08-01 10:02:13 AM,7995.5,26,207883.0,413181864.0
2025-08-01 10:02:14 AM,7994.5,73,583598.5,413765462.5
2025-08-01 10:02:16 AM,7995.0,0,0.0,413765462.5
2025-08-01 10:02:19 AM,7995.0,249,1990755.0,415756217.5
2025-08-01 10:02:27 AM,7995.5,3,23986.5,415780204.0
2025-08-01 10:02:30 AM,7996.5,0,0.0,415780204.0
2025-08-01 10:02:31 AM,8000.0,30,240000.0,416020204.0
2025-08-01 10:02:33 AM,8004.5,55,440247.5,416460451.5
2025-08-01 10:02:42 AM,8001.5,0,0.0,416460451.5
2025-08-01 10:02:44 AM,7998.5,16,127976.0,416588427.5
2025-08-01 10:02:46 AM,7998.5,6,47991.0,416636418.5
2025-08-01 10:02:48 AM,8001.0,0,0.0,416636418.5
2025-08-01 10:02:51 AM,8001.0,2,16002.0,416652420.5
2025-08-01 10:02:52 AM,7999.0,2,15998.0,416668418.5
2025-08-01 10:02:56 AM,7999.5,0,0.0,416668418.5
2025-08-01 10:02:57 AM,7999.5,18,143991.0,416812409.5
2025-08-01 10:03:00 AM,8000.0,0,0.0,416812409.5
2025-08-01 10:03:03 AM,8000.0,2,16000.0,416828409.5
2025-08-01 10:03:05 AM,8000.0,1,8000.0,416836409.5
2025-08-01 10:03:16 AM,7999.0,0,0.0,416836409.5
2025-08-01 10:03:16 AM,7999.0,36,287964.0,417124373.5
2025-08-01 10:03:18 AM,7999.0,4,31996.0,417156369.5
2025-08-01 10:03:25 AM,8001.0,167,1336167.0,418492536.5
2025-08-01 10:03:29 AM,8001.0,7,56007.0,418548543.5
2025-08-01 10:03:31 AM,8001.0,17,136017.0,418684560.5
2025-08-01 10:03:36 AM,8003.5,0,0.0,418684560.5
2025-08-01 10:03:36 AM,8003.5,12,96042.0,418780602.5
2025-08-01 10:03:42 AM,8005.5,20,160110.0,418940712.5
2025-08-01 10:03:44 AM,8006.0,0,0.0,418940712.5
2025-08-01 10:03:44 AM,8006.0,64,512384.0,419453096.5
2025-08-01 10:03:48 AM,8008.0,0,0.0,419453096.5
2025-08-01 10:03:48 AM,8008.0,24,192192.0,419645288.5
2025-08-01 10:03:50 AM,8008.5,3,24025.5,419669314.0
2025-08-01 10:03:54 AM,8010.0,3,24030.0,419693344.0
2025-08-01 10:03:56 AM,8006.5,0,0.0,419693344.0
2025-08-01 10:03:56 AM,8006.5,39,312253.5,420005597.5
2025-08-01 10:04:02 AM,8007.0,1,8007.0,420013604.5
2025-08-01 10:04:04 AM,8004.5,0,0.0,420013604.5
2025-08-01 10:04:06 AM,8004.5,26,208117.0,420221721.5
2025-08-01 10:04:13 AM,8006.5,16,128104.0,420349825.5
2025-08-01 10:04:15 AM,8004.5,1,8004.5,420357830.0
2025-08-01 10:04:16 AM,8001.0,0,0.0,420357830.0
2025-08-01 10:04:19 AM,8000.0,19,152000.0,420509830.0
2025-08-01 10:04:28 AM,8002.0,0,0.0,420509830.0
2025-08-01 10:04:28 AM,8002.0,51,408102.0,420917932.0
2025-08-01 10:04:36 AM,8001.5,0,0.0,420917932.0
2025-08-01 10:04:37 AM,8002.0,0,0.0,420917932.0
2025-08-01 10:04:38 AM,8002.0,20,160040.0,421077972.0
2025-08-01 10:04:40 AM,8002.0,1,8002.0,421085974.0
2025-08-01 10:04:42 AM,7998.5,0,0.0,421085974.0
2025-08-01 10:04:44 AM,7998.0,69,551862.0,421637836.0
2025-08-01 10:04:50 AM,8002.0,0,0.0,421637836.0
2025-08-01 10:04:50 AM,8002.0,2,16004.0,421653840.0
2025-08-01 10:04:57 AM,8002.0,50,400100.0,422053940.0
2025-08-01 10:05:03 AM,8002.0,1,8002.0,422061942.0
2025-08-01 10:05:10 AM,8002.5,0,0.0,422061942.0
2025-08-01 10:05:11 AM,8002.5,2,16005.0,422077947.0
2025-08-01 10:05:13 AM,8002.0,0,0.0,422077947.0
2025-08-01 10:05:15 AM,8002.0,50,400100.0,422478047.0
2025-08-01 10:05:17 AM,7998.5,0,0.0,422478047.0
2025-08-01 10:05:17 AM,7998.5,6,47991.0,422526038.0
2025-08-01 10:05:21 AM,7996.5,0,0.0,422526038.0
2025-08-01 10:05:21 AM,7996.5,4,31986.0,422558024.0
2025-08-01 10:05:23 AM,7998.0,1,7998.0,422566022.0
2025-08-01 10:05:25 AM,7999.0,0,0.0,422566022.0
2025-08-01 10:05:27 AM,7999.0,81,647919.0,423213941.0
2025-08-01 10:05:34 AM,8001.0,35,280035.0,423493976.0
2025-08-01 10:05:36 AM,8001.0,33,264033.0,423758009.0
2025-08-01 10:05:40 AM,8002.5,7,56017.5,423814026.5
2025-08-01 10:05:44 AM,8003.0,0,0.0,423814026.5
2025-08-01 10:05:46 AM,8001.0,15,120015.0,423934041.5
2025-08-01 10:05:48 AM,8001.0,7,56007.0,423990048.5
2025-08-01 10:05:52 AM,8004.5,123,984553.5,424974602.0
2025-08-01 10:05:54 AM,8004.5,3,24013.5,424998615.5
2025-08-01 10:06:00 AM,8002.5,4,32010.0,425030625.5
2025-08-01 10:06:12 AM,8001.0,51,408051.0,425438676.5
2025-08-01 10:06:15 AM,8000.5,26,208013.0,425646689.5
2025-08-01 10:06:16 AM,8001.5,0,0.0,425646689.5
2025-08-01 10:06:18 AM,8001.5,2,16003.0,425662692.5
2025-08-01 10:06:21 AM,8001.5,18,144027.0,425806719.5
2025-08-01 10:06:27 AM,8001.0,1,8001.0,425814720.5
2025-08-01 10:06:28 AM,8000.5,0,0.0,425814720.5
2025-08-01 10:06:29 AM,8000.5,3,24001.5,425838722.0
2025-08-01 10:06:33 AM,7998.5,4,31994.0,425870716.0
2025-08-01 10:06:39 AM,7997.5,0,0.0,425870716.0
2025-08-01 10:06:39 AM,7997.5,2,15995.0,425886711.0
2025-08-01 10:06:41 AM,8000.0,1,8000.0,425894711.0
2025-08-01 10:06:44 AM,7998.0,0,0.0,425894711.0
2025-08-01 10:06:45 AM,7994.0,81,647514.0,426542225.0
2025-08-01 10:06:47 AM,7994.0,3,23982.0,426566207.0
2025-08-01 10:06:53 AM,7997.0,6,47982.0,426614189.0
2025-08-01 10:06:58 AM,7997.0,37,295889.0,426910078.0
2025-08-01 10:07:00 AM,7996.5,2,15993.0,426926071.0
2025-08-01 10:07:04 AM,7997.0,0,0.0,426926071.0
2025-08-01 10:07:04 AM,7997.0,1,7997.0,426934068.0
2025-08-01 10:07:06 AM,7996.5,3,23989.5,426958057.5
2025-08-01 10:07:10 AM,7997.0,3,23991.0,426982048.5
2025-08-01 10:07:12 AM,7994.0,5,39970.0,427022018.5
2025-08-01 10:07:14 AM,7994.5,0,0.0,427022018.5
2025-08-01 10:07:16 AM,7995.0,33,263835.0,427285853.5
2025-08-01 10:07:23 AM,7997.0,0,0.0,427285853.5
2025-08-01 10:07:23 AM,7997.0,59,471823.0,427757676.5
2025-08-01 10:07:25 AM,7994.0,87,695478.0,428453154.5
2025-08-01 10:07:28 AM,7994.5,0,0.0,428453154.5
2025-08-01 10:07:29 AM,7994.5,3,23983.5,428477138.0
2025-08-01 10:07:31 AM,7995.0,11,87945.0,428565083.0
2025-08-01 10:07:35 AM,7994.5,19,151895.5,428716978.5
2025-08-01 10:07:40 AM,7995.0,0,0.0,428716978.5
2025-08-01 10:07:41 AM,7995.0,96,767520.0,429484498.5
2025-08-01 10:07:43 AM,7996.5,20,159930.0,429644428.5
2025-08-01 10:07:46 AM,7997.0,0,0.0,429644428.5
2025-08-01 10:07:47 AM,7997.0,4,31988.0,429676416.5
2025-08-01 10:07:49 AM,7995.5,82,655631.0,430332047.5
2025-08-01 10:07:51 AM,7993.5,0,0.0,430332047.5
2025-08-01 10:07:53 AM,7994.0,229,1830626.0,432162673.5
2025-08-01 10:07:55 AM,7994.5,8,63956.0,432226629.5
2025-08-01 10:07:59 AM,7991.0,44,351604.0,432578233.5
2025-08-01 10:08:06 AM,7992.0,1,7992.0,432586225.5
2025-08-01 10:08:07 AM,7992.0,16,127872.0,432714097.5
2025-08-01 10:08:10 AM,7995.0,0,0.0,432714097.5
2025-08-01 10:08:12 AM,7995.0,1,7995.0,432722092.5
2025-08-01 10:08:14 AM,7994.0,8,63952.0,432786044.5
2025-08-01 10:08:15 AM,7993.5,0,0.0,432786044.5
2025-08-01 10:08:18 AM,7994.5,106,847417.0,433633461.5
2025-08-01 10:08:20 AM,7995.0,0,0.0,433633461.5
2025-08-01 10:08:20 AM,7995.5,55,439752.5,434073214.0
2025-08-01 10:08:26 AM,7996.0,0,0.0,434073214.0
2025-08-01 10:08:26 AM,7996.0,30,239880.0,434313094.0
2025-08-01 10:08:30 AM,7997.5,10,79975.0,434393069.0
2025-08-01 10:08:42 AM,7995.5,4,31982.0,434425051.0
2025-08-01 10:08:46 AM,7997.0,0,0.0,434425051.0
2025-08-01 10:08:48 AM,7997.0,19,151943.0,434576994.0
2025-08-01 10:08:50 AM,7994.0,0,0.0,434576994.0
2025-08-01 10:08:50 AM,7994.0,1,7994.0,434584988.0
2025-08-01 10:08:53 AM,7996.0,0,0.0,434584988.0
2025-08-01 10:08:54 AM,7996.0,2,15992.0,434600980.0
2025-08-01 10:08:56 AM,7995.5,1,7995.5,434608975.5
2025-08-01 10:09:01 AM,7997.0,0,0.0,434608975.5
2025-08-01 10:09:02 AM,7997.0,1,7997.0,434616972.5
2025-08-01 10:09:06 AM,7997.0,1,7997.0,434624969.5
2025-08-01 10:09:12 AM,7997.0,2,15994.0,434640963.5
2025-08-01 10:09:13 AM,7996.5,0,0.0,434640963.5
2025-08-01 10:09:13 AM,7996.5,1,7996.5,434648960.0
2025-08-01 10:09:16 AM,7995.0,0,0.0,434648960.0
2025-08-01 10:09:18 AM,7996.0,97,775612.0,435424572.0
2025-08-01 10:09:22 AM,7997.0,0,0.0,435424572.0
2025-08-01 10:09:24 AM,7997.0,1,7997.0,435432569.0
2025-08-01 10:09:37 AM,7997.0,1,7997.0,435440566.0
2025-08-01 10:09:38 AM,7996.5,0,0.0,435440566.0
2025-08-01 10:09:40 AM,7994.5,0,0.0,435440566.0
2025-08-01 10:09:41 AM,7994.5,23,183873.5,435624439.5
2025-08-01 10:09:46 AM,7993.5,0,0.0,435624439.5
2025-08-01 10:09:47 AM,7996.5,0,0.0,435624439.5
2025-08-01 10:09:47 AM,7996.5,20,159930.0,435784369.5
2025-08-01 10:09:50 AM,7997.0,0,0.0,435784369.5
2025-08-01 10:09:53 AM,7997.0,40,319880.0,436104249.5
2025-08-01 10:09:58 AM,7997.5,0,0.0,436104249.5
2025-08-01 10:09:58 AM,7997.5,22,175945.0,436280194.5
2025-08-01 10:10:00 AM,8005.5,347,2777908.5,439058103.0
2025-08-01 10:10:11 AM,8007.0,0,0.0,439058103.0
2025-08-01 10:10:12 AM,8008.5,358,2867043.0,441925146.0
2025-08-01 10:10:16 AM,8008.0,42,336336.0,442261482.0
2025-08-01 10:10:21 AM,8008.0,2,16016.0,442277498.0
2025-08-01 10:10:27 AM,8012.5,528,4230600.0,446508098.0
2025-08-01 10:10:31 AM,8013.5,0,0.0,446508098.0
2025-08-01 10:10:33 AM,8013.5,5,40067.5,446548165.5
2025-08-01 10:10:35 AM,8015.0,3,24045.0,446572210.5
2025-08-01 10:10:37 AM,8016.0,0,0.0,446572210.5
2025-08-01 10:10:39 AM,8017.5,9,72157.5,446644368.0
2025-08-01 10:10:43 AM,8016.5,0,0.0,446644368.0
2025-08-01 10:10:46 AM,8016.0,26,208416.0,446852784.0
2025-08-01 10:10:46 AM,8017.5,0,0.0,446852784.0
2025-08-01 10:10:47 AM,8016.0,21,168336.0,447021120.0
2025-08-01 10:10:53 AM,8016.0,49,392784.0,447413904.0
2025-08-01 10:10:57 AM,8015.0,0,0.0,447413904.0
2025-08-01 10:10:57 AM,8016.0,38,304608.0,447718512.0
2025-08-01 10:10:59 AM,8016.0,1,8016.0,447726528.0
2025-08-01 10:11:01 AM,8017.5,0,0.0,447726528.0
2025-08-01 10:11:03 AM,8016.5,281,2252636.5,449979164.5
2025-08-01 10:11:09 AM,8015.0,51,408765.0,450387929.5
2025-08-01 10:11:11 AM,8017.0,60,481020.0,450868949.5
2025-08-01 10:11:13 AM,8016.5,0,0.0,450868949.5
2025-08-01 10:11:15 AM,8016.5,25,200412.5,451069362.0
2025-08-01 10:11:16 AM,8020.5,0,0.0,451069362.0
2025-08-01 10:11:17 AM,8020.5,111,890275.5,451959637.5
2025-08-01 10:11:21 AM,8022.0,80,641760.0,452601397.5
2025-08-01 10:11:22 AM,8022.0,8,64176.0,452665573.5
2025-08-01 10:11:25 AM,8020.5,0,0.0,452665573.5
2025-08-01 10:11:27 AM,8022.0,9,72198.0,452737771.5
2025-08-01 10:11:32 AM,8022.0,1,8022.0,452745793.5
2025-08-01 10:11:38 AM,8025.5,322,2584211.0,455330004.5
2025-08-01 10:11:40 AM,8024.0,0,0.0,455330004.5
2025-08-01 10:11:43 AM,8023.0,0,0.0,455330004.5
2025-08-01 10:11:44 AM,8023.0,6,48138.0,455378142.5
2025-08-01 10:11:45 AM,8020.5,21,168430.5,455546573.0
2025-08-01 10:11:46 AM,8021.0,0,0.0,455546573.0
2025-08-01 10:11:50 AM,8021.0,2,16042.0,455562615.0
2025-08-01 10:11:57 AM,8023.5,0,0.0,455562615.0
2025-08-01 10:11:57 AM,8023.5,22,176517.0,455739132.0
2025-08-01 10:12:01 AM,8021.0,0,0.0,455739132.0
2025-08-01 10:12:02 AM,8021.0,6,48126.0,455787258.0
2025-08-01 10:12:04 AM,8020.0,0,0.0,455787258.0
2025-08-01 10:12:07 AM,8021.5,0,0.0,455787258.0
2025-08-01 10:12:08 AM,8021.5,36,288774.0,456076032.0
2025-08-01 10:12:10 AM,8020.0,0,0.0,456076032.0
2025-08-01 10:12:13 AM,8020.0,120,962400.0,457038432.0
2025-08-01 10:12:16 AM,8021.0,0,0.0,457038432.0
2025-08-01 10:12:19 AM,8020.5,0,0.0,457038432.0
2025-08-01 10:12:19 AM,8020.0,35,280700.0,457319132.0
2025-08-01 10:12:22 AM,8021.0,0,0.0,457319132.0
2025-08-01 10:12:25 AM,8021.0,1,8021.0,457327153.0
2025-08-01 10:12:28 AM,8020.0,0,0.0,457327153.0
2025-08-01 10:12:31 AM,8021.0,0,0.0,457327153.0
2025-08-01 10:12:31 AM,8021.0,55,441155.0,457768308.0
2025-08-01 10:12:32 AM,8021.0,2,16042.0,457784350.0
2025-08-01 10:12:34 AM,8022.0,0,0.0,457784350.0
2025-08-01 10:12:37 AM,8022.0,84,673848.0,458458198.0
2025-08-01 10:12:40 AM,8022.5,0,0.0,458458198.0
2025-08-01 10:12:42 AM,8023.0,243,1949589.0,460407787.0
2025-08-01 10:12:43 AM,8022.5,0,0.0,460407787.0
2025-08-01 10:12:43 AM,8022.5,1,8022.5,460415809.5
2025-08-01 10:12:46 AM,8022.0,0,0.0,460415809.5
2025-08-01 10:12:48 AM,8022.0,15,120330.0,460536139.5
2025-08-01 10:12:51 AM,8028.5,0,0.0,460536139.5
2025-08-01 10:12:54 AM,8029.5,2880,23124960.0,483661099.5
2025-08-01 10:13:00 AM,8029.5,19,152560.5,483813660.0
2025-08-01 10:13:00 AM,8030.0,295,2368850.0,486182510.0
2025-08-01 10:13:04 AM,8029.0,0,0.0,486182510.0
2025-08-01 10:13:05 AM,8028.0,23,184644.0,486367154.0
2025-08-01 10:13:10 AM,8029.0,0,0.0,486367154.0
2025-08-01 10:13:11 AM,8029.0,37,297073.0,486664227.0
2025-08-01 10:13:13 AM,8028.5,0,0.0,486664227.0
2025-08-01 10:13:16 AM,8027.0,0,0.0,486664227.0
2025-08-01 10:13:17 AM,8027.0,90,722430.0,487386657.0
2025-08-01 10:13:18 AM,8027.0,6,48162.0,487434819.0
2025-08-01 10:13:23 AM,8027.0,12,96324.0,487531143.0
2025-08-01 10:13:29 AM,8027.0,4,32108.0,487563251.0
2025-08-01 10:13:30 AM,8027.5,32,256880.0,487820131.0
2025-08-01 10:13:34 AM,8026.5,0,0.0,487820131.0
2025-08-01 10:13:35 AM,8026.0,57,457482.0,488277613.0
2025-08-01 10:13:36 AM,8027.5,15,120412.5,488398025.5
2025-08-01 10:13:37 AM,8028.0,0,0.0,488398025.5
2025-08-01 10:13:41 AM,8029.0,88,706552.0,489104577.5
2025-08-01 10:13:42 AM,8029.0,1,8029.0,489112606.5
2025-08-01 10:13:46 AM,8025.5,0,0.0,489112606.5
2025-08-01 10:13:47 AM,8025.5,18,144459.0,489257065.5
2025-08-01 10:13:48 AM,8025.0,7,56175.0,489313240.5
2025-08-01 10:13:52 AM,8027.5,0,0.0,489313240.5
2025-08-01 10:13:53 AM,8027.5,36,288990.0,489602230.5
2025-08-01 10:13:55 AM,8025.0,0,0.0,489602230.5
2025-08-01 10:13:58 AM,8028.5,0,0.0,489602230.5
2025-08-01 10:13:59 AM,8028.5,119,955391.5,490557622.0
2025-08-01 10:14:04 AM,8026.0,0,0.0,490557622.0
2025-08-01 10:14:04 AM,8026.0,3,24078.0,490581700.0
2025-08-01 10:14:10 AM,8026.5,0,0.0,490581700.0
2025-08-01 10:14:10 AM,8026.5,1,8026.5,490589726.5
2025-08-01 10:14:16 AM,8025.5,0,0.0,490589726.5
2025-08-01 10:14:16 AM,8025.5,56,449428.0,491039154.5
2025-08-01 10:14:22 AM,8025.5,6,48153.0,491087307.5
2025-08-01 10:14:27 AM,8026.0,178,1428628.0,492515935.5
2025-08-01 10:14:31 AM,8026.5,0,0.0,492515935.5
2025-08-01 10:14:33 AM,8026.0,812,6517112.0,499033047.5
2025-08-01 10:14:34 AM,8025.5,47,377198.5,499410246.0
2025-08-01 10:14:37 AM,8025.0,0,0.0,499410246.0
2025-08-01 10:14:39 AM,8025.5,15,120382.5,499530628.5
2025-08-01 10:14:43 AM,8025.0,0,0.0,499530628.5
2025-08-01 10:14:45 AM,8021.5,28,224602.0,499755230.5
2025-08-01 10:14:56 AM,8023.5,0,0.0,499755230.5
2025-08-01 10:14:56 AM,8024.0,37,296888.0,500052118.5
2025-08-01 10:14:57 AM,8024.0,1,8024.0,500060142.5
2025-08-01 10:15:01 AM,8024.0,3,24072.0,500084214.5
2025-08-01 10:15:01 AM,8023.5,0,0.0,500084214.5
2025-08-01 10:15:01 AM,8023.5,13,104305.5,500188520.0
2025-08-01 10:15:04 AM,8023.5,1,8023.5,500196543.5
2025-08-01 10:15:05 AM,8023.5,3,24070.5,500220614.0
2025-08-01 10:15:08 AM,8022.5,1,8022.5,500228636.5
2025-08-01 10:15:11 AM,8023.5,0,0.0,500228636.5
2025-08-01 10:15:11 AM,8023.5,3,24070.5,500252707.0
2025-08-01 10:15:14 AM,8022.5,0,0.0,500252707.0
2025-08-01 10:15:14 AM,8022.5,1,8022.5,500260729.5
2025-08-01 10:15:15 AM,8020.0,0,0.0,500260729.5
2025-08-01 10:15:15 AM,8020.0,20,160400.0,500421129.5
2025-08-01 10:15:15 AM,8025.0,0,0.0,500421129.5
2025-08-01 10:15:15 AM,8025.0,343,2752575.0,503173704.5
2025-08-01 10:15:16 AM,8025.5,0,0.0,503173704.5
2025-08-01 10:15:16 AM,8025.5,1,8025.5,503181730.0
2025-08-01 10:15:16 AM,8025.5,5,40127.5,503221857.5
2025-08-01 10:15:20 AM,8025.5,1,8025.5,503229883.0
2025-08-01 10:15:25 AM,8025.0,3,24075.0,503253958.0
2025-08-01 10:15:31 AM,8024.5,676,5424562.0,508678520.0
2025-08-01 10:15:36 AM,8023.5,1,8023.5,508686543.5
2025-08-01 10:15:44 AM,8023.0,0,0.0,508686543.5
2025-08-01 10:15:44 AM,8023.0,15,120345.0,508806888.5
2025-08-01 10:15:45 AM,8022.5,0,0.0,508806888.5
2025-08-01 10:15:45 AM,8022.5,4,32090.0,508838978.5
2025-08-01 10:16:00 AM,8025.0,0,0.0,508838978.5
2025-08-01 10:16:02 AM,8025.0,4,32100.0,508871078.5
2025-08-01 10:16:07 AM,8025.0,21,168525.0,509039603.5
2025-08-01 10:16:15 AM,8023.0,0,0.0,509039603.5
2025-08-01 10:16:16 AM,8022.5,0,0.0,509039603.5
2025-08-01 10:16:19 AM,8022.5,20,160450.0,509200053.5
2025-08-01 10:16:21 AM,8023.0,0,0.0,509200053.5
2025-08-01 10:16:25 AM,8023.0,1,8023.0,509208076.5
2025-08-01 10:16:37 AM,8023.0,6,48138.0,509256214.5
2025-08-01 10:16:40 AM,8022.5,0,0.0,509256214.5
2025-08-01 10:16:42 AM,8025.0,0,0.0,509256214.5
2025-08-01 10:16:43 AM,8025.0,186,1492650.0,510748864.5
2025-08-01 10:16:46 AM,8025.5,0,0.0,510748864.5
2025-08-01 10:16:48 AM,8026.0,0,0.0,510748864.5
2025-08-01 10:16:48 AM,8026.0,909,7295634.0,518044498.5
2025-08-01 10:16:52 AM,8026.5,0,0.0,518044498.5
2025-08-01 10:16:54 AM,8026.5,32,256848.0,518301346.5
2025-08-01 10:16:55 AM,8027.0,0,0.0,518301346.5
2025-08-01 10:16:57 AM,8029.0,0,0.0,518301346.5
2025-08-01 10:16:59 AM,8027.0,153,1228131.0,519529477.5
2025-08-01 10:17:05 AM,8029.0,1,8029.0,519537506.5
2025-08-01 10:17:06 AM,8026.5,0,0.0,519537506.5
2025-08-01 10:17:09 AM,8029.0,0,0.0,519537506.5
2025-08-01 10:17:10 AM,8029.0,16,128464.0,519665970.5
2025-08-01 10:17:15 AM,8026.5,0,0.0,519665970.5
2025-08-01 10:17:16 AM,8025.5,0,0.0,519665970.5
2025-08-01 10:17:16 AM,8025.5,20,160510.0,519826480.5
2025-08-01 10:17:16 AM,8025.0,8,64200.0,519890680.5
2025-08-01 10:17:19 AM,8026.5,0,0.0,519890680.5
2025-08-01 10:17:22 AM,8025.0,0,0.0,519890680.5
2025-08-01 10:17:22 AM,8025.0,14,112350.0,520003030.5
2025-08-01 10:17:31 AM,8026.0,0,0.0,520003030.5
2025-08-01 10:17:33 AM,8026.0,1,8026.0,520011056.5
2025-08-01 10:17:36 AM,8026.5,0,0.0,520011056.5
2025-08-01 10:17:39 AM,8026.5,1,8026.5,520019083.0
2025-08-01 10:17:42 AM,8026.0,0,0.0,520019083.0
2025-08-01 10:17:45 AM,8025.0,0,0.0,520019083.0
2025-08-01 10:17:45 AM,8025.0,5,40125.0,520059208.0
2025-08-01 10:17:48 AM,8021.0,0,0.0,520059208.0
2025-08-01 10:17:50 AM,8020.5,0,0.0,520059208.0
2025-08-01 10:17:51 AM,8022.0,69,553518.0,520612726.0
2025-08-01 10:17:57 AM,8022.0,3,24066.0,520636792.0
2025-08-01 10:18:09 AM,8022.0,23,184506.0,520821298.0
2025-08-01 10:18:14 AM,8020.0,20,160400.0,520981698.0
2025-08-01 10:18:15 AM,8020.5,0,0.0,520981698.0
2025-08-01 10:18:20 AM,8020.0,76,609520.0,521591218.0
2025-08-01 10:18:32 AM,8020.0,11,88220.0,521679438.0
2025-08-01 10:18:34 AM,8020.5,0,0.0,521679438.0
2025-08-01 10:18:36 AM,8022.5,0,0.0,521679438.0
2025-08-01 10:18:37 AM,8022.5,130,1042925.0,522722363.0
2025-08-01 10:18:39 AM,8025.0,0,0.0,522722363.0
2025-08-01 10:18:42 AM,8024.5,0,0.0,522722363.0
2025-08-01 10:18:43 AM,8024.5,21,168514.5,522890877.5
2025-08-01 10:18:45 AM,8023.5,0,0.0,522890877.5
2025-08-01 10:18:47 AM,8025.0,0,0.0,522890877.5
2025-08-01 10:18:49 AM,8025.0,8,64200.0,522955077.5
2025-08-01 10:19:00 AM,8025.0,2,16050.0,522971127.5
2025-08-01 10:19:06 AM,8025.0,122,979050.0,523950177.5
2025-08-01 10:19:17 AM,8025.5,0,0.0,523950177.5
2025-08-01 10:19:18 AM,8025.5,31,248790.5,524198968.0
2025-08-01 10:19:24 AM,8026.0,5,40130.0,524239098.0
2025-08-01 10:19:26 AM,8031.0,0,0.0,524239098.0
2025-08-01 10:19:29 AM,8031.0,102,819162.0,525058260.0
2025-08-01 10:19:32 AM,8027.0,0,0.0,525058260.0
2025-08-01 10:19:35 AM,8030.0,0,0.0,525058260.0
2025-08-01 10:19:35 AM,8030.0,63,505890.0,525564150.0
2025-08-01 10:19:35 AM,8027.0,50,401350.0,525965500.0
2025-08-01 10:19:38 AM,8027.5,0,0.0,525965500.0
2025-08-01 10:19:40 AM,8027.5,1,8027.5,525973527.5
2025-08-01 10:19:46 AM,8026.5,19,152503.5,526126031.0
2025-08-01 10:19:52 AM,8027.5,31,248852.5,526374883.5
2025-08-01 10:20:05 AM,8030.0,0,0.0,526374883.5
2025-08-01 10:20:08 AM,8030.0,6,48180.0,526423063.5
2025-08-01 10:20:11 AM,8028.0,0,0.0,526423063.5
2025-08-01 10:20:14 AM,8029.5,11,88324.5,526511388.0
2025-08-01 10:20:15 AM,8027.5,41,329127.5,526840515.5
2025-08-01 10:20:21 AM,8028.0,1,8028.0,526848543.5
2025-08-01 10:20:27 AM,8027.5,0,0.0,526848543.5
2025-08-01 10:20:27 AM,8027.5,15,120412.5,526968956.0
2025-08-01 10:20:29 AM,8028.0,0,0.0,526968956.0
2025-08-01 10:20:31 AM,8028.0,2,16056.0,526985012.0
2025-08-01 10:20:33 AM,8028.0,3,24084.0,527009096.0
2025-08-01 10:20:37 AM,8028.0,69,553932.0,527563028.0
2025-08-01 10:20:43 AM,8030.0,0,0.0,527563028.0
2025-08-01 10:20:44 AM,8030.0,77,618310.0,528181338.0
2025-08-01 10:20:46 AM,8030.5,1,8030.5,528189368.5
2025-08-01 10:20:52 AM,8030.0,0,0.0,528189368.5
2025-08-01 10:20:52 AM,8030.0,5,40150.0,528229518.5
2025-08-01 10:21:00 AM,8030.5,0,0.0,528229518.5
2025-08-01 10:21:01 AM,8030.5,37,297128.5,528526647.0
2025-08-01 10:21:06 AM,8030.5,15,120457.5,528647104.5
2025-08-01 10:21:08 AM,8033.0,0,0.0,528647104.5
2025-08-01 10:21:09 AM,8033.0,60,481980.0,529129084.5
2025-08-01 10:21:10 AM,8039.0,0,0.0,529129084.5
2025-08-01 10:21:10 AM,8037.0,0,0.0,529129084.5
2025-08-01 10:21:12 AM,8037.0,258,2073546.0,531202630.5
2025-08-01 10:21:14 AM,8037.0,6,48222.0,531250852.5
2025-08-01 10:21:16 AM,8036.0,0,0.0,531250852.5
2025-08-01 10:21:18 AM,8037.0,0,0.0,531250852.5
2025-08-01 10:21:18 AM,8037.0,17,136629.0,531387481.5
2025-08-01 10:21:23 AM,8039.0,13,104507.0,531491988.5
2025-08-01 10:21:25 AM,8039.0,6,48234.0,531540222.5
2025-08-01 10:21:31 AM,8039.0,1,8039.0,531548261.5
2025-08-01 10:21:34 AM,8037.0,0,0.0,531548261.5
2025-08-01 10:21:34 AM,8037.0,2,16074.0,531564335.5
2025-08-01 10:21:37 AM,8039.0,0,0.0,531564335.5
2025-08-01 10:21:39 AM,8039.0,2,16078.0,531580413.5
2025-08-01 10:21:45 AM,8037.5,3,24112.5,531604526.0
2025-08-01 10:21:46 AM,8036.5,0,0.0,531604526.0
2025-08-01 10:21:47 AM,8037.0,21,168777.0,531773303.0
2025-08-01 10:21:49 AM,8038.5,0,0.0,531773303.0
2025-08-01 10:21:51 AM,8038.5,3,24115.5,531797418.5
2025-08-01 10:22:01 AM,8038.0,0,0.0,531797418.5
2025-08-01 10:22:02 AM,8037.5,46,369725.0,532167143.5
2025-08-01 10:22:07 AM,8038.0,0,0.0,532167143.5
2025-08-01 10:22:07 AM,8040.5,0,0.0,532167143.5
2025-08-01 10:22:08 AM,8040.5,118,948779.0,533115922.5
2025-08-01 10:22:16 AM,8041.0,77,619157.0,533735079.5
2025-08-01 10:22:19 AM,8044.0,0,0.0,533735079.5
2025-08-01 10:22:20 AM,8044.0,285,2292540.0,536027619.5
2025-08-01 10:22:25 AM,8041.0,0,0.0,536027619.5
2025-08-01 10:22:26 AM,8041.0,51,410091.0,536437710.5
2025-08-01 10:22:31 AM,8042.5,0,0.0,536437710.5
2025-08-01 10:22:32 AM,8042.0,45,361890.0,536799600.5
2025-08-01 10:22:34 AM,8042.0,6,48252.0,536847852.5
2025-08-01 10:22:34 AM,8044.0,0,0.0,536847852.5
2025-08-01 10:22:37 AM,8044.5,0,0.0,536847852.5
2025-08-01 10:22:37 AM,8044.5,1409,11334700.5,548182553.0
2025-08-01 10:22:39 AM,8044.5,6,48267.0,548230820.0
2025-08-01 10:22:45 AM,8045.5,1,8045.5,548238865.5
2025-08-01 10:22:46 AM,8044.0,0,0.0,548238865.5
2025-08-01 10:22:48 AM,8044.0,18,144792.0,548383657.5
2025-08-01 10:22:50 AM,8045.5,5,40227.5,548423885.0
2025-08-01 10:23:00 AM,8040.0,0,0.0,548423885.0
2025-08-01 10:23:01 AM,8042.5,114,916845.0,549340730.0
2025-08-01 10:23:01 AM,8043.0,2,16086.0,549356816.0
2025-08-01 10:23:03 AM,8043.5,4,32174.0,549388990.0
2025-08-01 10:23:05 AM,8043.5,15,120652.5,549509642.5
2025-08-01 10:23:10 AM,8042.0,1,8042.0,549517684.5
2025-08-01 10:23:12 AM,8041.5,1,8041.5,549525726.0
2025-08-01 10:23:13 AM,8041.0,2,16082.0,549541808.0
2025-08-01 10:23:14 AM,8039.5,2,16079.0,549557887.0
2025-08-01 10:23:16 AM,8039.5,12,96474.0,549654361.0
2025-08-01 10:23:17 AM,8039.0,0,0.0,549654361.0
2025-08-01 10:23:17 AM,8039.0,5,40195.0,549694556.0
2025-08-01 10:23:18 AM,8038.5,0,0.0,549694556.0
2025-08-01 10:23:18 AM,8038.5,1,8038.5,549702594.5
2025-08-01 10:23:20 AM,8036.0,5,40180.0,549742774.5
2025-08-01 10:23:30 AM,8036.0,1,8036.0,549750810.5
2025-08-01 10:23:31 AM,8033.0,0,0.0,549750810.5
2025-08-01 10:23:31 AM,8036.0,0,0.0,549750810.5
2025-08-01 10:23:31 AM,8036.0,47,377692.0,550128502.5
2025-08-01 10:23:37 AM,8035.0,0,0.0,550128502.5
2025-08-01 10:23:37 AM,8035.0,1,8035.0,550136537.5
2025-08-01 10:23:44 AM,8035.0,1,8035.0,550144572.5
2025-08-01 10:23:45 AM,8034.0,18,144612.0,550289184.5
2025-08-01 10:23:51 AM,8034.0,4,32136.0,550321320.5
2025-08-01 10:24:01 AM,8034.5,0,0.0,550321320.5
2025-08-01 10:24:03 AM,8037.0,0,0.0,550321320.5
2025-08-01 10:24:04 AM,8037.0,138,1109106.0,551430426.5
2025-08-01 10:24:15 AM,8037.0,10,80370.0,551510796.5
2025-08-01 10:24:16 AM,8036.0,0,0.0,551510796.5
2025-08-01 10:24:17 AM,8036.0,10,80360.0,551591156.5
2025-08-01 10:24:19 AM,8035.5,0,0.0,551591156.5
2025-08-01 10:24:20 AM,8035.5,7,56248.5,551647405.0
2025-08-01 10:24:22 AM,8037.0,0,0.0,551647405.0
2025-08-01 10:24:22 AM,8037.0,1,8037.0,551655442.0
2025-08-01 10:24:29 AM,8035.5,0,0.0,551655442.0
2025-08-01 10:24:31 AM,8035.5,26,208923.0,551864365.0
2025-08-01 10:24:43 AM,8032.5,0,0.0,551864365.0
2025-08-01 10:24:44 AM,8033.5,52,417742.0,552282107.0
2025-08-01 10:24:48 AM,8036.5,1,8036.5,552290143.5
2025-08-01 10:24:53 AM,8036.0,1,8036.0,552298179.5
2025-08-01 10:24:55 AM,8033.5,0,0.0,552298179.5
2025-08-01 10:24:55 AM,8033.5,1,8033.5,552306213.0
2025-08-01 10:25:01 AM,8035.0,0,0.0,552306213.0
2025-08-01 10:25:01 AM,8035.5,4,32142.0,552338355.0
2025-08-01 10:25:04 AM,8035.5,1,8035.5,552346390.5
2025-08-01 10:25:11 AM,8035.5,1,8035.5,552354426.0
2025-08-01 10:25:16 AM,8032.5,0,0.0,552354426.0
2025-08-01 10:25:16 AM,8032.5,25,200812.5,552555238.5
2025-08-01 10:25:19 AM,8035.0,0,0.0,552555238.5
2025-08-01 10:25:19 AM,8035.0,71,570485.0,553125723.5
2025-08-01 10:25:22 AM,8036.0,0,0.0,553125723.5
2025-08-01 10:25:22 AM,8036.0,43,345548.0,553471271.5
2025-08-01 10:25:26 AM,8036.5,0,0.0,553471271.5
2025-08-01 10:25:28 AM,8036.5,2,16073.0,553487344.5
2025-08-01 10:25:33 AM,8037.0,29,233073.0,553720417.5
2025-08-01 10:25:36 AM,8036.5,5,40182.5,553760600.0
2025-08-01 10:25:39 AM,8041.0,45,361845.0,554122445.0
2025-08-01 10:25:41 AM,8041.0,1,8041.0,554130486.0
2025-08-01 10:25:43 AM,8041.5,0,0.0,554130486.0
2025-08-01 10:25:44 AM,8041.5,79,635278.5,554765764.5
2025-08-01 10:25:52 AM,8041.0,45,361845.0,555127609.5
2025-08-01 10:25:55 AM,8042.0,0,0.0,555127609.5
2025-08-01 10:25:56 AM,8043.5,56,450436.0,555578045.5
2025-08-01 10:25:58 AM,8044.0,0,0.0,555578045.5
2025-08-01 10:25:58 AM,8044.0,20,160880.0,555738925.5
2025-08-01 10:26:11 AM,8041.0,0,0.0,555738925.5
2025-08-01 10:26:12 AM,8041.0,16,128656.0,555867581.5
2025-08-01 10:26:16 AM,8039.5,0,0.0,555867581.5
2025-08-01 10:26:18 AM,8039.5,20,160790.0,556028371.5
2025-08-01 10:26:31 AM,8041.0,3,24123.0,556052494.5
2025-08-01 10:26:37 AM,8043.0,2,16086.0,556068580.5
2025-08-01 10:26:41 AM,8043.0,6,48258.0,556116838.5
2025-08-01 10:26:46 AM,8040.5,0,0.0,556116838.5
2025-08-01 10:26:46 AM,8040.5,19,152769.5,556269608.0
2025-08-01 10:26:49 AM,8039.5,0,0.0,556269608.0
2025-08-01 10:26:49 AM,8039.5,5,40197.5,556309805.5
2025-08-01 10:26:58 AM,8040.0,0,0.0,556309805.5
2025-08-01 10:26:58 AM,8040.0,40,321600.0,556631405.5
2025-08-01 10:27:00 AM,8040.0,102,820080.0,557451485.5
2025-08-01 10:27:12 AM,8040.0,52,418080.0,557869565.5
2025-08-01 10:27:17 AM,8041.5,0,0.0,557869565.5
2025-08-01 10:27:18 AM,8041.5,3,24124.5,557893690.0
2025-08-01 10:27:22 AM,8040.0,0,0.0,557893690.0
2025-08-01 10:27:23 AM,8040.0,10,80400.0,557974090.0
2025-08-01 10:27:29 AM,8041.5,6,48249.0,558022339.0
2025-08-01 10:27:34 AM,8041.5,3,24124.5,558046463.5
2025-08-01 10:27:38 AM,8040.0,0,0.0,558046463.5
2025-08-01 10:27:40 AM,8040.0,16,128640.0,558175103.5
2025-08-01 10:27:41 AM,8041.5,0,0.0,558175103.5
2025-08-01 10:27:42 AM,8041.5,6,48249.0,558223352.5
2025-08-01 10:27:45 AM,8040.5,2,16081.0,558239433.5
2025-08-01 10:27:46 AM,8040.0,0,0.0,558239433.5
2025-08-01 10:27:47 AM,8039.5,0,0.0,558239433.5
2025-08-01 10:27:48 AM,8039.5,17,136671.5,558376105.0
2025-08-01 10:27:49 AM,8040.0,0,0.0,558376105.0
2025-08-01 10:27:51 AM,8040.0,5,40200.0,558416305.0
2025-08-01 10:27:56 AM,8041.5,0,0.0,558416305.0
2025-08-01 10:27:56 AM,8041.5,1,8041.5,558424346.5
2025-08-01 10:28:01 AM,8040.0,0,0.0,558424346.5
2025-08-01 10:28:01 AM,8040.0,1,8040.0,558432386.5
2025-08-01 10:28:04 AM,8039.0,0,0.0,558432386.5
2025-08-01 10:28:04 AM,8039.0,11,88429.0,558520815.5
2025-08-01 10:28:13 AM,8039.5,0,0.0,558520815.5
2025-08-01 10:28:14 AM,8039.0,8,64312.0,558585127.5
2025-08-01 10:28:16 AM,8037.5,0,0.0,558585127.5
2025-08-01 10:28:17 AM,8034.0,0,0.0,558585127.5
2025-08-01 10:28:17 AM,8033.0,101,811333.0,559396460.5
2025-08-01 10:28:19 AM,8031.5,0,0.0,559396460.5
2025-08-01 10:28:20 AM,8031.5,21,168661.5,559565122.0
2025-08-01 10:28:26 AM,8031.5,10,80315.0,559645437.0
2025-08-01 10:28:31 AM,8031.5,1,8031.5,559653468.5
2025-08-01 10:28:34 AM,8031.5,1,8031.5,559661500.0
2025-08-01 10:28:37 AM,8030.5,0,0.0,559661500.0
2025-08-01 10:28:39 AM,8031.5,4,32126.0,559693626.0
2025-08-01 10:28:42 AM,8035.0,0,0.0,559693626.0
2025-08-01 10:28:42 AM,8035.0,114,915990.0,560609616.0
2025-08-01 10:28:45 AM,8033.5,7,56234.5,560665850.5
2025-08-01 10:28:48 AM,8033.5,2,16067.0,560681917.5
2025-08-01 10:28:51 AM,8033.5,9,72301.5,560754219.0
2025-08-01 10:29:14 AM,8035.5,2,16071.0,560770290.0
2025-08-01 10:29:15 AM,8035.0,0,0.0,560770290.0
2025-08-01 10:29:15 AM,8035.0,9,72315.0,560842605.0
2025-08-01 10:29:16 AM,8034.0,9,72306.0,560914911.0
2025-08-01 10:29:19 AM,8035.5,0,0.0,560914911.0
2025-08-01 10:29:19 AM,8035.5,15,120532.5,561035443.5
2025-08-01 10:29:20 AM,8034.0,0,0.0,561035443.5
2025-08-01 10:29:20 AM,8034.0,4,32136.0,561067579.5
2025-08-01 10:29:21 AM,8034.0,1,8034.0,561075613.5
2025-08-01 10:29:28 AM,8035.5,1,8035.5,561083649.0
2025-08-01 10:29:34 AM,8038.0,0,0.0,561083649.0
2025-08-01 10:29:34 AM,8038.0,85,683230.0,561766879.0
2025-08-01 10:29:44 AM,8038.5,0,0.0,561766879.0
2025-08-01 10:29:44 AM,8038.5,1,8038.5,561774917.5
2025-08-01 10:29:50 AM,8037.5,0,0.0,561774917.5
2025-08-01 10:29:51 AM,8037.5,1,8037.5,561782955.0
2025-08-01 10:29:52 AM,8037.0,1,8037.0,561790992.0
2025-08-01 10:30:01 AM,8037.5,0,0.0,561790992.0
2025-08-01 10:30:03 AM,8037.5,4,32150.0,561823142.0
2025-08-01 10:30:06 AM,8037.5,2,16075.0,561839217.0
2025-08-01 10:30:08 AM,8039.5,0,0.0,561839217.0
2025-08-01 10:30:09 AM,8042.0,0,0.0,561839217.0
2025-08-01 10:30:09 AM,8042.0,226,1817492.0,563656709.0
2025-08-01 10:30:20 AM,8042.0,2,16084.0,563672793.0
2025-08-01 10:30:32 AM,8044.5,3,24133.5,563696926.5
2025-08-01 10:30:34 AM,8041.5,101,812191.5,564509118.0
2025-08-01 10:30:39 AM,8044.5,0,0.0,564509118.0
2025-08-01 10:30:40 AM,8044.5,1,8044.5,564517162.5
2025-08-01 10:30:43 AM,8044.5,2,16089.0,564533251.5
2025-08-01 10:30:44 AM,8043.0,0,0.0,564533251.5
2025-08-01 10:30:46 AM,8043.0,18,144774.0,564678025.5
2025-08-01 10:30:49 AM,8044.5,0,0.0,564678025.5
2025-08-01 10:30:49 AM,8044.5,1,8044.5,564686070.0
2025-08-01 10:30:51 AM,8044.5,3,24133.5,564710203.5
2025-08-01 10:30:57 AM,8041.0,5,40205.0,564750408.5
2025-08-01 10:30:58 AM,8040.0,0,0.0,564750408.5
2025-08-01 10:31:00 AM,8040.5,32,257296.0,565007704.5
2025-08-01 10:31:03 AM,8040.5,1,8040.5,565015745.0
2025-08-01 10:31:06 AM,8041.0,99,796059.0,565811804.0
2025-08-01 10:31:10 AM,8044.5,0,0.0,565811804.0
2025-08-01 10:31:12 AM,8043.5,0,0.0,565811804.0
2025-08-01 10:31:12 AM,8043.5,87,699784.5,566511588.5
2025-08-01 10:31:22 AM,8045.0,0,0.0,566511588.5
2025-08-01 10:31:23 AM,8045.0,1,8045.0,566519633.5
2025-08-01 10:31:32 AM,8045.0,1,8045.0,566527678.5
2025-08-01 10:31:37 AM,8045.0,1,8045.0,566535723.5
2025-08-01 10:31:38 AM,8043.0,0,0.0,566535723.5
2025-08-01 10:31:40 AM,8043.0,25,201075.0,566736798.5
2025-08-01 10:31:41 AM,8049.0,0,0.0,566736798.5
2025-08-01 10:31:42 AM,8049.0,260,2092740.0,568829538.5
2025-08-01 10:31:45 AM,8049.0,2,16098.0,568845636.5
2025-08-01 10:31:46 AM,8049.5,0,0.0,568845636.5
2025-08-01 10:31:48 AM,8049.5,90,724455.0,569570091.5
2025-08-01 10:31:50 AM,8050.0,0,0.0,569570091.5
2025-08-01 10:31:50 AM,8052.0,0,0.0,569570091.5
2025-08-01 10:31:51 AM,8052.0,212,1707024.0,571277115.5
2025-08-01 10:31:55 AM,8052.0,2,16104.0,571293219.5
2025-08-01 10:31:58 AM,8052.0,10,80520.0,571373739.5
2025-08-01 10:32:08 AM,8054.5,110,885995.0,572259734.5
2025-08-01 10:32:11 AM,8055.0,0,0.0,572259734.5
2025-08-01 10:32:11 AM,8055.0,1,8055.0,572267789.5
2025-08-01 10:32:14 AM,8054.5,0,0.0,572267789.5
2025-08-01 10:32:14 AM,8054.0,58,467132.0,572734921.5
2025-08-01 10:32:17 AM,8057.0,0,0.0,572734921.5
2025-08-01 10:32:17 AM,8057.0,113,910441.0,573645362.5
2025-08-01 10:32:21 AM,8058.5,0,0.0,573645362.5
2025-08-01 10:32:21 AM,8058.5,122,983137.0,574628499.5
2025-08-01 10:32:24 AM,8061.0,37,298257.0,574926756.5
2025-08-01 10:32:25 AM,8061.5,0,0.0,574926756.5
2025-08-01 10:32:27 AM,8063.5,19,153206.5,575079963.0
2025-08-01 10:32:30 AM,8064.5,31,249999.5,575329962.5
2025-08-01 10:32:37 AM,8061.0,0,0.0,575329962.5
2025-08-01 10:32:37 AM,8061.0,11,88671.0,575418633.5
