date,price,qty,trnvr,cum_trnvr
2025-08-01 09:15:01 AM,225.48,2060,464488.8,464488.8
2025-08-01 09:15:11 AM,224.01,0,0.0,464488.8
2025-08-01 09:15:13 AM,224.01,1045,234090.44999999998,698579.25
2025-08-01 09:15:20 AM,224.05,0,0.0,698579.25
2025-08-01 09:15:23 AM,224.05,1288,288576.4,987155.65
2025-08-01 09:15:25 AM,224.31,1,224.31,987379.9600000001
2025-08-01 09:15:27 AM,224.42,0,0.0,987379.9600000001
2025-08-01 09:15:31 AM,225.59,0,0.0,987379.9600000001
2025-08-01 09:15:32 AM,225.05,4949,1113772.45,2101152.41
2025-08-01 09:15:40 AM,225.04,3,675.12,2101827.5300000003
2025-08-01 09:15:47 AM,225.19,0,0.0,2101827.5300000003
2025-08-01 09:15:49 AM,225.19,2613,588421.47,2690249.0
2025-08-01 09:15:57 AM,225.19,328,73862.31999999999,2764111.32
2025-08-01 09:16:04 AM,224.18,0,0.0,2764111.32
2025-08-01 09:16:05 AM,224.18,1942,435357.56,3199468.88
2025-08-01 09:16:07 AM,224.0,412,92288.0,3291756.88
2025-08-01 09:16:09 AM,224.55,0,0.0,3291756.88
2025-08-01 09:16:13 AM,224.55,104,23353.2,3315110.08
2025-08-01 09:16:15 AM,224.55,170,38173.5,3353283.58
2025-08-01 09:16:21 AM,224.55,800,179640.0,3532923.58
2025-08-01 09:16:28 AM,224.46,0,0.0,3532923.58
2025-08-01 09:16:30 AM,224.46,328,73622.88,3606546.46
2025-08-01 09:16:36 AM,224.97,0,0.0,3606546.46
2025-08-01 09:16:38 AM,224.97,472,106185.84,3712732.3
2025-08-01 09:16:46 AM,224.92,2326,523163.92,4235896.22
2025-08-01 09:16:54 AM,224.95,752,169162.4,4405058.62
2025-08-01 09:17:03 AM,224.0,650,145600.0,4550658.62
2025-08-01 09:17:11 AM,224.71,247,55503.37,4606161.99
2025-08-01 09:17:19 AM,224.9,200,44980.0,4651141.99
2025-08-01 09:17:20 AM,224.98,465,104615.7,4755757.69
2025-08-01 09:17:27 AM,225.2,248,55849.6,4811607.29
2025-08-01 09:17:28 AM,225.01,70,15750.699999999999,4827357.99
2025-08-01 09:17:33 AM,224.98,0,0.0,4827357.99
2025-08-01 09:17:36 AM,224.58,1871,420189.18000000005,5247547.17
2025-08-01 09:17:48 AM,224.55,0,0.0,5247547.17
2025-08-01 09:17:52 AM,224.55,1144,256885.2,5504432.37
2025-08-01 09:18:02 AM,224.58,200,44916.0,5549348.37
2025-08-01 09:18:04 AM,224.84,0,0.0,5549348.37
2025-08-01 09:18:07 AM,225.06,0,0.0,5549348.37
2025-08-01 09:18:09 AM,225.06,251,56490.06,5605838.43
2025-08-01 09:18:10 AM,225.19,290,65305.1,5671143.529999999
2025-08-01 09:18:17 AM,225.47,2,450.94,5671594.47
2025-08-01 09:18:27 AM,225.57,332,74889.23999999999,5746483.71
2025-08-01 09:18:34 AM,225.61,23,5189.030000000001,5751672.74
2025-08-01 09:18:36 AM,225.5,0,0.0,5751672.74
2025-08-01 09:18:38 AM,225.54,0,0.0,5751672.74
2025-08-01 09:18:42 AM,225.68,2525,569842.0,6321514.74
2025-08-01 09:18:43 AM,225.82,65,14678.3,6336193.04
2025-08-01 09:18:50 AM,226.09,600,135654.0,6471847.04
2025-08-01 09:19:22 AM,226.17,1160,262357.2,6734204.24
2025-08-01 09:19:24 AM,225.97,100,22597.0,6756801.24
2025-08-01 09:19:30 AM,226.38,2005,453891.89999999997,7210693.140000001
2025-08-01 09:19:32 AM,226.27,50,11313.5,7222006.640000001
2025-08-01 09:19:33 AM,226.59,0,0.0,7222006.640000001
2025-08-01 09:19:38 AM,226.82,0,0.0,7222006.640000001
2025-08-01 09:19:38 AM,226.82,1061,240656.02,7462662.66
2025-08-01 09:19:41 AM,226.87,0,0.0,7462662.66
2025-08-01 09:19:46 AM,227.08,0,0.0,7462662.66
2025-08-01 09:19:47 AM,227.08,1024,232529.92,7695192.58
2025-08-01 09:19:54 AM,227.51,0,0.0,7695192.58
2025-08-01 09:19:54 AM,227.51,228,51872.28,7747064.86
2025-08-01 09:20:02 AM,227.6,3554,808890.4,8555955.26
2025-08-01 09:20:12 AM,227.26,447,101585.22,8657540.48
2025-08-01 09:20:16 AM,227.08,0,0.0,8657540.48
2025-08-01 09:20:18 AM,227.25,477,108398.25,8765938.73
2025-08-01 09:20:20 AM,226.96,1247,283019.12,9048957.85
2025-08-01 09:20:23 AM,227.0,0,0.0,9048957.85
2025-08-01 09:20:26 AM,226.94,301,68308.94,9117266.79
2025-08-01 09:20:30 AM,227.0,0,0.0,9117266.79
2025-08-01 09:20:34 AM,227.0,224,50848.0,9168114.79
2025-08-01 09:20:41 AM,227.1,0,0.0,9168114.79
2025-08-01 09:20:42 AM,227.1,150,34065.0,9202179.79
2025-08-01 09:20:43 AM,227.0,101,22927.0,9225106.79
2025-08-01 09:20:44 AM,227.01,0,0.0,9225106.79
2025-08-01 09:20:48 AM,227.0,0,0.0,9225106.79
2025-08-01 09:20:50 AM,226.95,494,112113.29999999999,9337220.09
2025-08-01 09:20:55 AM,227.3,0,0.0,9337220.09
2025-08-01 09:20:57 AM,227.3,10,2273.0,9339493.09
2025-08-01 09:21:04 AM,227.08,0,0.0,9339493.09
2025-08-01 09:21:05 AM,227.08,170,38603.6,9378096.69
2025-08-01 09:21:13 AM,227.08,20,4541.6,9382638.29
2025-08-01 09:21:21 AM,227.25,28,6363.0,9389001.29
2025-08-01 09:21:22 AM,227.4,1,227.4,9389228.69
2025-08-01 09:21:36 AM,227.5,0,0.0,9389228.69
2025-08-01 09:21:37 AM,227.5,50,11375.0,9400603.69
2025-08-01 09:21:39 AM,227.7,0,0.0,9400603.69
2025-08-01 09:21:42 AM,227.41,0,0.0,9400603.69
2025-08-01 09:21:44 AM,227.3,1925,437552.5,9838156.19
2025-08-01 09:21:51 AM,227.41,0,0.0,9838156.19
2025-08-01 09:21:52 AM,227.41,11,2501.5099999999998,9840657.7
2025-08-01 09:21:53 AM,227.19,100,22719.0,9863376.7
2025-08-01 09:22:05 AM,227.4,0,0.0,9863376.7
2025-08-01 09:22:07 AM,227.4,20,4548.0,9867924.7
2025-08-01 09:22:30 AM,227.4,50,11370.0,9879294.7
2025-08-01 09:22:45 AM,227.4,933,212164.2,10091458.899999999
2025-08-01 09:22:51 AM,227.88,0,0.0,10091458.899999999
2025-08-01 09:22:53 AM,227.88,432,98444.16,10189903.059999999
2025-08-01 09:23:06 AM,228.0,0,0.0,10189903.059999999
2025-08-01 09:23:08 AM,228.0,1809,412452.0,10602355.059999999
2025-08-01 09:23:10 AM,228.2,300,68460.0,10670815.059999999
2025-08-01 09:23:16 AM,227.81,1200,273372.0,10944187.059999999
2025-08-01 09:23:18 AM,228.1,0,0.0,10944187.059999999
2025-08-01 09:23:23 AM,227.81,573,130535.13,11074722.19
2025-08-01 09:23:38 AM,227.9,25,5697.5,11080419.69
2025-08-01 09:23:39 AM,227.66,0,0.0,11080419.69
2025-08-01 09:23:40 AM,227.66,200,45532.0,11125951.69
2025-08-01 09:23:45 AM,227.81,0,0.0,11125951.69
2025-08-01 09:23:46 AM,227.81,500,113905.0,11239856.69
2025-08-01 09:23:55 AM,227.59,50,11379.5,11251236.19
2025-08-01 09:24:03 AM,227.53,100,22753.0,11273989.19
2025-08-01 09:24:09 AM,227.69,105,23907.45,11297896.639999999
2025-08-01 09:24:11 AM,227.5,0,0.0,11297896.639999999
2025-08-01 09:24:17 AM,227.5,50,11375.0,11309271.639999999
2025-08-01 09:24:26 AM,227.41,209,47528.69,11356800.329999998
2025-08-01 09:24:30 AM,227.06,0,0.0,11356800.329999998
2025-08-01 09:24:32 AM,227.06,710,161212.6,11518012.929999998
2025-08-01 09:25:32 AM,227.28,140,31819.2,11549832.129999997
2025-08-01 09:25:39 AM,227.06,3,681.1800000000001,11550513.309999997
2025-08-01 09:25:56 AM,227.23,0,0.0,11550513.309999997
2025-08-01 09:25:56 AM,227.23,50,11361.5,11561874.809999997
2025-08-01 09:26:09 AM,227.11,0,0.0,11561874.809999997
2025-08-01 09:26:09 AM,227.11,100,22711.0,11584585.809999997
2025-08-01 09:26:11 AM,227.06,49,11125.94,11595711.749999996
2025-08-01 09:26:17 AM,227.1,1584,359726.39999999997,11955438.149999997
2025-08-01 09:26:19 AM,227.35,50,11367.5,11966805.649999997
2025-08-01 09:26:21 AM,227.6,0,0.0,11966805.649999997
2025-08-01 09:26:25 AM,227.6,237,53941.2,12020746.849999996
2025-08-01 09:26:31 AM,227.8,0,0.0,12020746.849999996
2025-08-01 09:26:33 AM,227.8,150,34170.0,12054916.849999996
2025-08-01 09:26:40 AM,227.87,244,55600.28,12110517.129999995
2025-08-01 09:26:42 AM,227.89,30,6836.7,12117353.829999994
2025-08-01 09:27:03 AM,227.88,50,11394.0,12128747.829999994
2025-08-01 09:27:06 AM,227.71,0,0.0,12128747.829999994
2025-08-01 09:27:10 AM,227.71,280,63758.8,12192506.629999995
2025-08-01 09:27:16 AM,227.88,0,0.0,12192506.629999995
2025-08-01 09:27:18 AM,227.88,2101,478775.88,12671282.509999996
2025-08-01 09:27:21 AM,228.0,0,0.0,12671282.509999996
2025-08-01 09:27:25 AM,228.2,1203,274524.6,12945807.109999996
2025-08-01 09:27:41 AM,228.2,1,228.2,12946035.309999995
2025-08-01 09:27:52 AM,228.25,0,0.0,12946035.309999995
2025-08-01 09:27:55 AM,228.25,53,12097.25,12958132.559999995
2025-08-01 09:27:57 AM,228.2,0,0.0,12958132.559999995
2025-08-01 09:27:57 AM,228.25,27,6162.75,12964295.309999995
2025-08-01 09:28:03 AM,228.25,96,21912.0,12986207.309999995
2025-08-01 09:28:11 AM,228.25,86,19629.5,13005836.809999995
2025-08-01 09:28:15 AM,228.21,0,0.0,13005836.809999995
2025-08-01 09:28:18 AM,228.25,140,31955.0,13037791.809999995
2025-08-01 09:28:20 AM,228.25,5,1141.25,13038933.059999995
2025-08-01 09:28:25 AM,228.28,0,0.0,13038933.059999995
2025-08-01 09:28:26 AM,228.28,200,45656.0,13084589.059999995
2025-08-01 09:28:31 AM,228.5,0,0.0,13084589.059999995
2025-08-01 09:28:34 AM,228.5,233,53240.5,13137829.559999995
2025-08-01 09:28:35 AM,228.5,50,11425.0,13149254.559999995
2025-08-01 09:28:41 AM,228.5,20,4570.0,13153824.559999995
2025-08-01 09:28:49 AM,228.5,788,180058.0,13333882.559999995
2025-08-01 09:28:57 AM,228.5,1,228.5,13334111.059999995
2025-08-01 09:29:04 AM,228.5,7,1599.5,13335710.559999995
2025-08-01 09:29:06 AM,228.5,81,18508.5,13354219.059999995
2025-08-01 09:29:21 AM,228.45,29,6625.049999999999,13360844.109999996
2025-08-01 09:29:26 AM,228.42,0,0.0,13360844.109999996
2025-08-01 09:29:27 AM,228.42,64,14618.88,13375462.989999996
2025-08-01 09:29:29 AM,228.32,50,11416.0,13386878.989999996
2025-08-01 09:29:36 AM,228.32,2,456.64,13387335.629999997
2025-08-01 09:29:41 AM,228.4,0,0.0,13387335.629999997
2025-08-01 09:29:42 AM,228.4,8,1827.2,13389162.829999996
2025-08-01 09:29:46 AM,228.32,0,0.0,13389162.829999996
2025-08-01 09:29:49 AM,228.4,32,7308.8,13396471.629999997
2025-08-01 09:29:50 AM,228.4,25,5710.0,13402181.629999997
2025-08-01 09:29:56 AM,228.46,0,0.0,13402181.629999997
2025-08-01 09:29:57 AM,228.46,50,11423.0,13413604.629999997
2025-08-01 09:30:03 AM,228.32,0,0.0,13413604.629999997
2025-08-01 09:30:04 AM,228.32,33,7534.5599999999995,13421139.189999998
2025-08-01 09:30:10 AM,228.38,0,0.0,13421139.189999998
2025-08-01 09:30:12 AM,228.21,30,6846.3,13427985.489999998
2025-08-01 09:30:17 AM,228.0,0,0.0,13427985.489999998
2025-08-01 09:30:20 AM,227.71,1852,421718.92000000004,13849704.409999998
2025-08-01 09:30:21 AM,227.71,1,227.71,13849932.12
2025-08-01 09:30:24 AM,227.79,0,0.0,13849932.12
2025-08-01 09:30:27 AM,227.79,6,1366.74,13851298.86
2025-08-01 09:30:35 AM,227.82,22,5012.04,13856310.899999999
2025-08-01 09:30:42 AM,226.91,6906,1567040.46,15423351.36
2025-08-01 09:30:47 AM,226.87,0,0.0,15423351.36
2025-08-01 09:30:49 AM,226.97,102,23150.94,15446502.299999999
2025-08-01 09:30:52 AM,227.0,0,0.0,15446502.299999999
2025-08-01 09:30:55 AM,227.22,0,0.0,15446502.299999999
2025-08-01 09:30:57 AM,227.22,1230,279480.6,15725982.899999999
2025-08-01 09:31:02 AM,226.98,0,0.0,15725982.899999999
2025-08-01 09:31:04 AM,226.98,1,226.98,15726209.879999999
2025-08-01 09:31:11 AM,226.98,167,37905.659999999996,15764115.54
2025-08-01 09:31:15 AM,227.09,0,0.0,15764115.54
2025-08-01 09:31:19 AM,227.09,1450,329280.5,16093396.04
2025-08-01 09:31:21 AM,226.9,0,0.0,16093396.04
2025-08-01 09:31:26 AM,226.9,1,226.9,16093622.94
2025-08-01 09:31:36 AM,226.91,0,0.0,16093622.94
2025-08-01 09:31:38 AM,226.9,0,0.0,16093622.94
2025-08-01 09:31:40 AM,226.9,236,53548.4,16147171.34
2025-08-01 09:31:47 AM,226.9,780,176982.0,16324153.34
2025-08-01 09:31:54 AM,227.07,0,0.0,16324153.34
2025-08-01 09:31:54 AM,227.07,150,34060.5,16358213.84
2025-08-01 09:31:59 AM,227.02,0,0.0,16358213.84
2025-08-01 09:32:01 AM,227.02,1,227.02,16358440.86
2025-08-01 09:32:04 AM,226.91,0,0.0,16358440.86
2025-08-01 09:32:08 AM,226.91,41,9303.31,16367744.17
2025-08-01 09:32:15 AM,227.02,505,114645.1,16482389.27
2025-08-01 09:32:22 AM,226.9,0,0.0,16482389.27
2025-08-01 09:32:22 AM,226.9,3001,680926.9,17163316.169999998
2025-08-01 09:32:29 AM,227.22,0,0.0,17163316.169999998
2025-08-01 09:32:29 AM,227.31,797,181166.07,17344482.24
2025-08-01 09:32:36 AM,227.3,2,454.6,17344936.84
2025-08-01 09:32:40 AM,227.4,0,0.0,17344936.84
2025-08-01 09:32:43 AM,227.4,5,1137.0,17346073.84
2025-08-01 09:32:46 AM,227.5,0,0.0,17346073.84
2025-08-01 09:32:50 AM,227.5,295,67112.5,17413186.34
2025-08-01 09:32:57 AM,227.5,4,910.0,17414096.34
2025-08-01 09:33:04 AM,227.27,587,133407.49000000002,17547503.83
2025-08-01 09:33:15 AM,227.17,0,0.0,17547503.83
2025-08-01 09:33:15 AM,227.03,0,0.0,17547503.83
2025-08-01 09:33:18 AM,227.03,107,24292.21,17571796.04
2025-08-01 09:33:31 AM,227.03,231,52443.93,17624239.97
2025-08-01 09:33:36 AM,227.29,0,0.0,17624239.97
2025-08-01 09:33:38 AM,227.29,2,454.58,17624694.549999997
2025-08-01 09:33:45 AM,227.33,1,227.33,17624921.879999995
2025-08-01 09:33:52 AM,227.5,2876,654290.0,18279211.879999995
2025-08-01 09:33:59 AM,227.47,1,227.47,18279439.349999994
2025-08-01 09:34:05 AM,227.7,0,0.0,18279439.349999994
2025-08-01 09:34:06 AM,227.7,450,102465.0,18381904.349999994
2025-08-01 09:34:28 AM,227.54,0,0.0,18381904.349999994
2025-08-01 09:34:28 AM,227.54,1,227.54,18382131.889999993
2025-08-01 09:34:30 AM,227.7,0,0.0,18382131.889999993
2025-08-01 09:34:34 AM,227.74,220,50102.8,18432234.689999994
2025-08-01 09:34:38 AM,227.7,0,0.0,18432234.689999994
2025-08-01 09:34:41 AM,227.7,7,1593.8999999999999,18433828.589999992
2025-08-01 09:34:55 AM,227.79,25,5694.75,18439523.339999992
2025-08-01 09:35:00 AM,227.8,0,0.0,18439523.339999992
2025-08-01 09:35:02 AM,227.8,17,3872.6000000000004,18443395.939999994
2025-08-01 09:35:09 AM,227.7,150,34155.0,18477550.939999994
2025-08-01 09:35:16 AM,227.7,750,170775.0,18648325.939999994
2025-08-01 09:35:20 AM,227.69,0,0.0,18648325.939999994
2025-08-01 09:35:23 AM,227.69,197,44854.93,18693180.869999994
2025-08-01 09:35:30 AM,227.69,518,117943.42,18811124.289999995
2025-08-01 09:35:37 AM,227.5,17,3867.5,18814991.789999995
2025-08-01 09:35:55 AM,227.66,0,0.0,18814991.789999995
2025-08-01 09:35:57 AM,227.66,50,11383.0,18826374.789999995
2025-08-01 09:36:00 AM,227.61,0,0.0,18826374.789999995
2025-08-01 09:36:04 AM,227.5,0,0.0,18826374.789999995
2025-08-01 09:36:04 AM,227.5,4,910.0,18827284.789999995
2025-08-01 09:36:17 AM,227.5,1,227.5,18827512.289999995
2025-08-01 09:36:24 AM,227.5,300,68250.0,18895762.289999995
2025-08-01 09:36:30 AM,227.5,50,11375.0,18907137.289999995
2025-08-01 09:36:37 AM,227.5,2,455.0,18907592.289999995
2025-08-01 09:36:56 AM,227.61,0,0.0,18907592.289999995
2025-08-01 09:36:57 AM,227.61,1,227.61,18907819.899999995
2025-08-01 09:37:03 AM,227.69,4,910.76,18908730.659999996
2025-08-01 09:37:09 AM,227.7,0,0.0,18908730.659999996
2025-08-01 09:37:10 AM,227.7,1002,228155.4,19136886.059999995
2025-08-01 09:37:14 AM,227.69,0,0.0,19136886.059999995
2025-08-01 09:37:18 AM,227.44,1466,333427.04,19470313.099999994
2025-08-01 09:37:19 AM,227.52,0,0.0,19470313.099999994
2025-08-01 09:37:23 AM,227.4,0,0.0,19470313.099999994
2025-08-01 09:37:24 AM,227.4,554,125979.6,19596292.699999996
2025-08-01 09:37:38 AM,227.44,0,0.0,19596292.699999996
2025-08-01 09:37:38 AM,227.44,2,454.88,19596747.579999994
2025-08-01 09:37:42 AM,227.67,0,0.0,19596747.579999994
2025-08-01 09:37:45 AM,227.67,50,11383.5,19608131.079999994
2025-08-01 09:37:51 AM,227.67,189,43029.63,19651160.709999993
2025-08-01 09:37:54 AM,227.7,0,0.0,19651160.709999993
2025-08-01 09:37:56 AM,227.67,0,0.0,19651160.709999993
2025-08-01 09:37:58 AM,227.67,8,1821.36,19652982.069999993
2025-08-01 09:38:09 AM,227.7,0,0.0,19652982.069999993
2025-08-01 09:38:12 AM,227.7,15,3415.5,19656397.569999993
2025-08-01 09:38:15 AM,227.79,0,0.0,19656397.569999993
2025-08-01 09:38:19 AM,227.79,138,31435.02,19687832.589999992
2025-08-01 09:38:20 AM,227.8,0,0.0,19687832.589999992
2025-08-01 09:38:25 AM,227.8,4,911.2,19688743.78999999
2025-08-01 09:38:30 AM,227.67,0,0.0,19688743.78999999
2025-08-01 09:38:32 AM,227.29,759,172513.11,19861256.89999999
2025-08-01 09:38:36 AM,227.24,0,0.0,19861256.89999999
2025-08-01 09:38:39 AM,227.24,3,681.72,19861938.61999999
2025-08-01 09:38:48 AM,227.45,0,0.0,19861938.61999999
2025-08-01 09:38:52 AM,227.25,57,12953.25,19874891.86999999
2025-08-01 09:38:56 AM,227.45,0,0.0,19874891.86999999
2025-08-01 09:38:58 AM,227.45,1002,227904.9,20102796.76999999
2025-08-01 09:39:05 AM,227.44,6,1364.6399999999999,20104161.40999999
2025-08-01 09:39:19 AM,227.56,14,3185.84,20107347.24999999
2025-08-01 09:39:21 AM,227.44,0,0.0,20107347.24999999
2025-08-01 09:39:26 AM,227.44,32,7278.08,20114625.329999987
2025-08-01 09:39:45 AM,227.44,2,454.88,20115080.209999986
2025-08-01 09:39:52 AM,227.43,361,82102.23,20197182.439999986
2025-08-01 09:39:57 AM,227.39,0,0.0,20197182.439999986
2025-08-01 09:39:58 AM,227.39,1,227.39,20197409.829999987
2025-08-01 09:40:09 AM,227.27,0,0.0,20197409.829999987
2025-08-01 09:40:11 AM,227.27,1,227.27,20197637.099999987
2025-08-01 09:40:17 AM,227.39,0,0.0,20197637.099999987
2025-08-01 09:40:18 AM,227.39,20,4547.799999999999,20202184.899999987
2025-08-01 09:40:25 AM,227.45,51,11599.949999999999,20213784.849999987
2025-08-01 09:40:27 AM,227.32,0,0.0,20213784.849999987
2025-08-01 09:40:31 AM,227.26,552,125447.51999999999,20339232.369999986
2025-08-01 09:40:38 AM,227.39,7,1591.73,20340824.099999987
2025-08-01 09:40:44 AM,227.26,20,4545.2,20345369.299999986
2025-08-01 09:40:51 AM,227.26,2,454.52,20345823.819999985
2025-08-01 09:40:53 AM,227.3,0,0.0,20345823.819999985
2025-08-01 09:40:57 AM,227.3,25,5682.5,20351506.319999985
2025-08-01 09:41:03 AM,227.43,0,0.0,20351506.319999985
2025-08-01 09:41:04 AM,227.43,54,12281.220000000001,20363787.539999984
2025-08-01 09:41:08 AM,227.44,0,0.0,20363787.539999984
2025-08-01 09:41:11 AM,227.44,90,20469.6,20384257.139999986
2025-08-01 09:41:18 AM,227.61,1,227.61,20384484.749999985
2025-08-01 09:41:28 AM,227.46,0,0.0,20384484.749999985
2025-08-01 09:41:31 AM,227.46,1,227.46,20384712.209999986
2025-08-01 09:41:32 AM,227.46,4,909.84,20385622.049999986
2025-08-01 09:41:40 AM,227.62,0,0.0,20385622.049999986
2025-08-01 09:41:44 AM,227.63,422,96059.86,20481681.909999985
2025-08-01 09:41:51 AM,227.69,250,56922.5,20538604.409999985
2025-08-01 09:41:56 AM,227.65,0,0.0,20538604.409999985
2025-08-01 09:41:57 AM,227.65,11,2504.15,20541108.559999984
2025-08-01 09:42:00 AM,227.46,0,0.0,20541108.559999984
2025-08-01 09:42:03 AM,227.47,99,22519.53,20563628.089999985
2025-08-01 09:42:09 AM,227.66,0,0.0,20563628.089999985
2025-08-01 09:42:10 AM,227.66,1,227.66,20563855.749999985
2025-08-01 09:42:30 AM,227.49,1,227.49,20564083.239999983
2025-08-01 09:42:42 AM,227.49,2,454.98,20564538.219999984
2025-08-01 09:43:02 AM,227.49,33,7507.17,20572045.389999986
2025-08-01 09:43:03 AM,227.69,0,0.0,20572045.389999986
2025-08-01 09:43:09 AM,227.69,41,9335.289999999999,20581380.679999985
2025-08-01 09:43:10 AM,227.76,1,227.76,20581608.439999986
2025-08-01 09:43:27 AM,227.56,0,0.0,20581608.439999986
2025-08-01 09:43:29 AM,227.56,1,227.56,20581835.999999985
2025-08-01 09:43:42 AM,227.56,10,2275.6,20584111.599999987
2025-08-01 09:43:43 AM,227.59,0,0.0,20584111.599999987
2025-08-01 09:43:43 AM,227.59,2,455.18,20584566.779999986
2025-08-01 09:44:01 AM,227.77,99,22549.23,20607116.009999987
2025-08-01 09:44:07 AM,227.72,0,0.0,20607116.009999987
2025-08-01 09:44:08 AM,227.72,1,227.72,20607343.729999986
2025-08-01 09:44:11 AM,227.47,0,0.0,20607343.729999986
2025-08-01 09:44:15 AM,227.56,371,84424.76,20691768.489999987
2025-08-01 09:44:28 AM,227.56,501,114007.56,20805776.049999986
2025-08-01 09:44:39 AM,227.25,0,0.0,20805776.049999986
2025-08-01 09:44:41 AM,227.25,800,181800.0,20987576.049999986
2025-08-01 09:44:43 AM,227.27,0,0.0,20987576.049999986
2025-08-01 09:44:47 AM,227.27,2,454.54,20988030.589999985
2025-08-01 09:44:48 AM,227.37,2,454.74,20988485.329999983
2025-08-01 09:45:08 AM,227.25,199,45222.75,21033708.079999983
2025-08-01 09:45:09 AM,227.28,0,0.0,21033708.079999983
2025-08-01 09:45:14 AM,227.35,160,36376.0,21070084.079999983
2025-08-01 09:45:23 AM,227.36,0,0.0,21070084.079999983
2025-08-01 09:45:26 AM,227.36,12,2728.32,21072812.399999984
2025-08-01 09:45:39 AM,227.49,93,21156.57,21093968.969999984
2025-08-01 09:45:47 AM,227.31,2,454.62,21094423.589999985
2025-08-01 09:46:05 AM,227.3,0,0.0,21094423.589999985
2025-08-01 09:46:05 AM,227.3,1,227.3,21094650.889999986
2025-08-01 09:46:20 AM,227.56,0,0.0,21094650.889999986
2025-08-01 09:46:20 AM,227.56,100,22756.0,21117406.889999986
2025-08-01 09:46:28 AM,227.35,0,0.0,21117406.889999986
2025-08-01 09:46:31 AM,227.35,1,227.35,21117634.239999987
2025-08-01 09:46:36 AM,227.36,0,0.0,21117634.239999987
2025-08-01 09:46:37 AM,227.36,10,2273.6000000000004,21119907.83999999
2025-08-01 09:46:44 AM,227.32,0,0.0,21119907.83999999
2025-08-01 09:46:44 AM,227.32,2,454.64,21120362.47999999
2025-08-01 09:46:45 AM,227.36,0,0.0,21120362.47999999
2025-08-01 09:46:46 AM,227.36,10,2273.6000000000004,21122636.07999999
2025-08-01 09:46:50 AM,227.31,100,22731.0,21145367.07999999
2025-08-01 09:46:58 AM,227.6,93,21166.8,21166533.87999999
2025-08-01 09:47:15 AM,227.6,500,113800.0,21280333.87999999
2025-08-01 09:47:27 AM,227.38,1,227.38,21280561.25999999
2025-08-01 09:47:43 AM,227.4,2,454.8,21281016.05999999
2025-08-01 09:48:02 AM,227.41,0,0.0,21281016.05999999
2025-08-01 09:48:03 AM,227.41,1,227.41,21281243.46999999
2025-08-01 09:48:22 AM,227.41,1,227.41,21281470.87999999
2025-08-01 09:48:42 AM,227.69,15,3415.35,21284886.229999993
2025-08-01 09:48:47 AM,227.53,0,0.0,21284886.229999993
2025-08-01 09:48:48 AM,227.53,5,1137.65,21286023.87999999
2025-08-01 09:48:52 AM,227.53,1,227.53,21286251.409999993
2025-08-01 09:49:01 AM,227.67,195,44395.649999999994,21330647.05999999
2025-08-01 09:49:07 AM,227.54,1,227.54,21330874.59999999
2025-08-01 09:49:23 AM,227.56,101,22983.56,21353858.15999999
2025-08-01 09:49:42 AM,227.57,0,0.0,21353858.15999999
2025-08-01 09:49:45 AM,227.57,2,455.14,21354313.29999999
2025-08-01 09:49:48 AM,227.67,0,0.0,21354313.29999999
2025-08-01 09:49:48 AM,227.67,28,6374.759999999999,21360688.05999999
2025-08-01 09:50:03 AM,227.66,0,0.0,21360688.05999999
2025-08-01 09:50:04 AM,227.66,25,5691.5,21366379.55999999
2025-08-01 09:50:06 AM,227.67,0,0.0,21366379.55999999
2025-08-01 09:50:07 AM,227.67,25,5691.75,21372071.30999999
2025-08-01 09:50:23 AM,227.66,5,1138.3,21373209.609999992
2025-08-01 09:50:41 AM,227.46,0,0.0,21373209.609999992
2025-08-01 09:50:42 AM,227.46,300,68238.0,21441447.609999992
2025-08-01 09:50:43 AM,227.41,0,0.0,21441447.609999992
2025-08-01 09:50:45 AM,227.41,2,454.82,21441902.429999992
2025-08-01 09:51:04 AM,227.41,1,227.41,21442129.839999992
2025-08-01 09:51:11 AM,227.41,300,68223.0,21510352.839999992
2025-08-01 09:51:25 AM,227.51,0,0.0,21510352.839999992
2025-08-01 09:51:25 AM,227.51,100,22751.0,21533103.839999992
2025-08-01 09:51:48 AM,227.35,0,0.0,21533103.839999992
2025-08-01 09:51:48 AM,227.35,2,454.7,21533558.53999999
2025-08-01 09:52:03 AM,227.35,2,454.7,21534013.23999999
2025-08-01 09:52:06 AM,227.5,50,11375.0,21545388.23999999
2025-08-01 09:52:08 AM,227.29,0,0.0,21545388.23999999
2025-08-01 09:52:09 AM,227.29,55,12500.949999999999,21557889.18999999
2025-08-01 09:52:10 AM,227.24,0,0.0,21557889.18999999
2025-08-01 09:52:12 AM,227.24,100,22724.0,21580613.18999999
2025-08-01 09:52:25 AM,227.1,0,0.0,21580613.18999999
2025-08-01 09:52:28 AM,227.1,98,22255.8,21602868.98999999
2025-08-01 09:52:43 AM,227.05,0,0.0,21602868.98999999
2025-08-01 09:52:43 AM,227.05,2,454.1,21603323.089999992
2025-08-01 09:52:55 AM,227.05,17,3859.8500000000004,21607182.939999994
2025-08-01 09:53:02 AM,227.35,0,0.0,21607182.939999994
2025-08-01 09:53:03 AM,227.14,541,122882.73999999999,21730065.679999992
2025-08-01 09:53:04 AM,227.4,0,0.0,21730065.679999992
2025-08-01 09:53:07 AM,227.4,50,11370.0,21741435.679999992
2025-08-01 09:53:27 AM,227.37,0,0.0,21741435.679999992
2025-08-01 09:53:28 AM,227.37,26,5911.62,21747347.299999993
2025-08-01 09:53:42 AM,227.45,0,0.0,21747347.299999993
2025-08-01 09:53:45 AM,227.45,500,113725.0,21861072.299999993
2025-08-01 09:53:47 AM,227.2,0,0.0,21861072.299999993
2025-08-01 09:53:48 AM,227.36,0,0.0,21861072.299999993
2025-08-01 09:53:51 AM,227.36,32,7275.52,21868347.819999993
2025-08-01 09:53:54 AM,227.35,0,0.0,21868347.819999993
2025-08-01 09:53:57 AM,227.35,42,9548.699999999999,21877896.519999992
2025-08-01 09:53:59 AM,227.21,4,908.84,21878805.359999992
2025-08-01 09:54:03 AM,227.21,1,227.21,21879032.569999993
2025-08-01 09:54:22 AM,227.21,1,227.21,21879259.779999994
2025-08-01 09:54:28 AM,227.46,185,42080.1,21921339.879999995
2025-08-01 09:54:31 AM,227.48,0,0.0,21921339.879999995
2025-08-01 09:54:35 AM,227.48,51,11601.48,21932941.359999996
2025-08-01 09:54:45 AM,227.43,0,0.0,21932941.359999996
2025-08-01 09:54:47 AM,227.43,1,227.43,21933168.789999995
2025-08-01 09:54:47 AM,227.22,1,227.22,21933396.009999994
2025-08-01 09:55:03 AM,227.23,0,0.0,21933396.009999994
2025-08-01 09:55:04 AM,227.23,22,4999.0599999999995,21938395.069999993
2025-08-01 09:55:23 AM,227.23,2,454.46,21938849.529999994
2025-08-01 09:55:40 AM,227.23,20,4544.599999999999,21943394.129999995
2025-08-01 09:55:46 AM,227.23,2,454.46,21943848.589999996
2025-08-01 09:55:52 AM,227.39,2,454.78,21944303.369999997
2025-08-01 09:56:07 AM,227.48,0,0.0,21944303.369999997
2025-08-01 09:56:10 AM,227.48,460,104640.79999999999,22048944.169999998
2025-08-01 09:56:15 AM,227.26,0,0.0,22048944.169999998
2025-08-01 09:56:16 AM,227.26,1,227.26,22049171.43
2025-08-01 09:56:22 AM,227.26,1,227.26,22049398.69
2025-08-01 09:56:25 AM,227.2,0,0.0,22049398.69
2025-08-01 09:56:28 AM,227.2,400,90880.0,22140278.69
2025-08-01 09:56:29 AM,227.26,0,0.0,22140278.69
2025-08-01 09:56:29 AM,227.26,1,227.26,22140505.950000003
2025-08-01 09:56:46 AM,227.26,2,454.52,22140960.470000003
2025-08-01 09:56:59 AM,227.26,221,50224.46,22191184.930000003
2025-08-01 09:57:04 AM,227.23,703,159742.69,22350927.620000005
2025-08-01 09:57:27 AM,227.04,1,227.04,22351154.660000004
2025-08-01 09:57:41 AM,227.0,0,0.0,22351154.660000004
2025-08-01 09:57:42 AM,227.0,225,51075.0,22402229.660000004
2025-08-01 09:57:45 AM,227.0,2,454.0,22402683.660000004
2025-08-01 09:57:53 AM,227.01,0,0.0,22402683.660000004
2025-08-01 09:57:54 AM,227.01,50,11350.5,22414034.160000004
2025-08-01 09:57:57 AM,227.01,75,17025.75,22431059.910000004
2025-08-01 09:58:00 AM,227.01,10,2270.1,22433330.010000005
2025-08-01 09:58:03 AM,227.0,947,214969.0,22648299.010000005
2025-08-01 09:58:22 AM,227.01,0,0.0,22648299.010000005
2025-08-01 09:58:22 AM,227.01,1,227.01,22648526.020000007
2025-08-01 09:58:28 AM,226.9,1,226.9,22648752.920000006
2025-08-01 09:58:30 AM,226.89,34,7714.259999999999,22656467.180000007
2025-08-01 09:58:34 AM,226.8,0,0.0,22656467.180000007
2025-08-01 09:58:34 AM,226.8,5109,1158721.2,23815188.380000006
2025-08-01 09:58:49 AM,226.42,45,10188.9,23825377.280000005
2025-08-01 09:59:04 AM,226.4,1,226.4,23825603.680000003
2025-08-01 09:59:23 AM,226.4,1,226.4,23825830.080000002
2025-08-01 09:59:34 AM,226.58,0,0.0,23825830.080000002
2025-08-01 09:59:35 AM,226.29,3055,691315.95,24517146.03
2025-08-01 09:59:38 AM,226.49,2,452.98,24517599.01
2025-08-01 09:59:48 AM,226.21,0,0.0,24517599.01
2025-08-01 09:59:48 AM,226.21,2,452.42,24518051.430000003
2025-08-01 09:59:52 AM,226.47,0,0.0,24518051.430000003
2025-08-01 09:59:53 AM,226.22,0,0.0,24518051.430000003
2025-08-01 09:59:54 AM,226.22,129,29182.38,24547233.810000002
2025-08-01 10:00:03 AM,226.17,0,0.0,24547233.810000002
2025-08-01 10:00:03 AM,226.17,1,226.17,24547459.980000004
2025-08-01 10:00:19 AM,226.1,105,23740.5,24571200.480000004
2025-08-01 10:00:22 AM,226.1,1,226.1,24571426.580000006
2025-08-01 10:00:26 AM,226.1,1,226.1,24571652.680000007
2025-08-01 10:00:32 AM,226.05,38,8589.9,24580242.580000006
2025-08-01 10:00:44 AM,226.1,3,678.3,24580920.880000006
2025-08-01 10:00:51 AM,226.1,1,226.1,24581146.980000008
2025-08-01 10:01:03 AM,226.27,0,0.0,24581146.980000008
2025-08-01 10:01:03 AM,226.27,2,452.54,24581599.520000007
2025-08-01 10:01:13 AM,226.29,0,0.0,24581599.520000007
2025-08-01 10:01:13 AM,226.29,2,452.58,24582052.100000005
2025-08-01 10:01:28 AM,226.14,2,452.28,24582504.380000006
2025-08-01 10:01:43 AM,226.16,0,0.0,24582504.380000006
2025-08-01 10:01:44 AM,226.16,2,452.32,24582956.700000007
2025-08-01 10:01:52 AM,226.16,5,1130.8,24584087.500000007
2025-08-01 10:01:55 AM,226.36,0,0.0,24584087.500000007
2025-08-01 10:01:57 AM,226.36,40,9054.400000000001,24593141.900000006
2025-08-01 10:02:00 AM,226.22,0,0.0,24593141.900000006
2025-08-01 10:02:02 AM,226.22,52,11763.44,24604905.340000007
2025-08-01 10:02:23 AM,226.23,0,0.0,24604905.340000007
2025-08-01 10:02:23 AM,226.23,1,226.23,24605131.570000008
2025-08-01 10:02:40 AM,226.22,0,0.0,24605131.570000008
2025-08-01 10:02:40 AM,226.22,121,27372.62,24632504.19000001
2025-08-01 10:02:42 AM,226.23,2,452.46,24632956.65000001
2025-08-01 10:03:06 AM,226.37,0,0.0,24632956.65000001
2025-08-01 10:03:06 AM,226.37,882,199658.34,24832614.99000001
2025-08-01 10:03:14 AM,226.42,300,67926.0,24900540.99000001
2025-08-01 10:03:18 AM,226.79,0,0.0,24900540.99000001
2025-08-01 10:03:19 AM,226.79,900,204111.0,25104651.99000001
2025-08-01 10:03:25 AM,226.74,10,2267.4,25106919.390000008
2025-08-01 10:03:50 AM,226.58,0,0.0,25106919.390000008
2025-08-01 10:03:50 AM,226.58,2,453.16,25107372.55000001
2025-08-01 10:04:03 AM,226.57,1,226.57,25107599.12000001
2025-08-01 10:04:18 AM,226.58,0,0.0,25107599.12000001
2025-08-01 10:04:18 AM,226.58,200,45316.0,25152915.12000001
2025-08-01 10:04:24 AM,226.58,1,226.58,25153141.700000007
2025-08-01 10:04:26 AM,226.7,0,0.0,25153141.700000007
2025-08-01 10:04:28 AM,226.7,1,226.7,25153368.400000006
2025-08-01 10:04:34 AM,226.78,0,0.0,25153368.400000006
2025-08-01 10:04:34 AM,226.78,290,65766.2,25219134.600000005
2025-08-01 10:04:48 AM,226.63,0,0.0,25219134.600000005
2025-08-01 10:04:49 AM,226.63,2,453.26,25219587.860000007
2025-08-01 10:04:55 AM,226.63,1,226.63,25219814.490000006
2025-08-01 10:04:59 AM,226.55,200,45310.0,25265124.490000006
2025-08-01 10:05:03 AM,226.5,0,0.0,25265124.490000006
2025-08-01 10:05:05 AM,226.5,1,226.5,25265350.990000006
2025-08-01 10:05:07 AM,226.63,16,3626.08,25268977.070000004
2025-08-01 10:05:30 AM,226.5,2,453.0,25269430.070000004
2025-08-01 10:05:42 AM,226.5,2,453.0,25269883.070000004
2025-08-01 10:05:48 AM,226.5,350,79275.0,25349158.070000004
2025-08-01 10:05:54 AM,226.71,0,0.0,25349158.070000004
2025-08-01 10:05:54 AM,226.71,150,34006.5,25383164.570000004
2025-08-01 10:06:08 AM,226.51,0,0.0,25383164.570000004
2025-08-01 10:06:08 AM,226.51,1,226.51,25383391.080000006
2025-08-01 10:06:14 AM,226.63,0,0.0,25383391.080000006
2025-08-01 10:06:14 AM,226.63,33,7478.79,25390869.870000005
2025-08-01 10:06:24 AM,226.63,1,226.63,25391096.500000004
2025-08-01 10:06:29 AM,226.63,66,14957.58,25406054.080000002
2025-08-01 10:06:36 AM,226.53,457,103524.21,25509578.290000003
2025-08-01 10:06:44 AM,226.5,2,453.0,25510031.290000003
2025-08-01 10:07:00 AM,226.5,848,192072.0,25702103.290000003
2025-08-01 10:07:06 AM,226.36,0,0.0,25702103.290000003
2025-08-01 10:07:06 AM,226.36,26,5885.360000000001,25707988.650000002
2025-08-01 10:07:08 AM,226.36,1,226.36,25708215.01
2025-08-01 10:07:11 AM,226.53,0,0.0,25708215.01
2025-08-01 10:07:13 AM,226.53,150,33979.5,25742194.51
2025-08-01 10:07:27 AM,226.37,1,226.37,25742420.880000003
2025-08-01 10:07:30 AM,226.52,0,0.0,25742420.880000003
2025-08-01 10:07:31 AM,226.52,40,9060.800000000001,25751481.680000003
2025-08-01 10:07:43 AM,226.37,0,0.0,25751481.680000003
2025-08-01 10:07:43 AM,226.37,44,9960.28,25761441.960000005
2025-08-01 10:07:50 AM,226.37,2,452.74,25761894.700000003
2025-08-01 10:08:04 AM,226.37,11,2490.07,25764384.770000003
2025-08-01 10:08:08 AM,226.37,45,10186.65,25774571.42
2025-08-01 10:08:23 AM,226.37,1,226.37,25774797.790000003
2025-08-01 10:08:27 AM,226.52,0,0.0,25774797.790000003
2025-08-01 10:08:27 AM,226.52,60,13591.2,25788388.990000002
2025-08-01 10:08:33 AM,226.76,100,22676.0,25811064.990000002
2025-08-01 10:08:35 AM,226.56,50,11328.0,25822392.990000002
2025-08-01 10:08:45 AM,226.56,3,679.6800000000001,25823072.67
2025-08-01 10:09:03 AM,226.56,1,226.56,25823299.23
2025-08-01 10:09:22 AM,226.57,1,226.57,25823525.8
2025-08-01 10:09:44 AM,226.6,0,0.0,25823525.8
2025-08-01 10:09:44 AM,226.6,2,453.2,25823979.0
2025-08-01 10:09:50 AM,226.75,0,0.0,25823979.0
2025-08-01 10:09:51 AM,226.75,5,1133.75,25825112.75
2025-08-01 10:10:08 AM,226.62,0,0.0,25825112.75
2025-08-01 10:10:08 AM,226.62,1,226.62,25825339.37
2025-08-01 10:10:23 AM,226.6,0,0.0,25825339.37
2025-08-01 10:10:24 AM,226.6,1,226.6,25825565.970000003
2025-08-01 10:10:26 AM,226.6,22,4985.2,25830551.17
2025-08-01 10:10:32 AM,226.6,188,42600.799999999996,25873151.970000003
2025-08-01 10:10:35 AM,226.5,0,0.0,25873151.970000003
2025-08-01 10:10:36 AM,226.5,50,11325.0,25884476.970000003
2025-08-01 10:10:42 AM,226.55,2,453.1,25884930.070000004
2025-08-01 10:11:06 AM,226.55,1,226.55,25885156.620000005
2025-08-01 10:11:23 AM,226.41,0,0.0,25885156.620000005
2025-08-01 10:11:23 AM,226.41,526,119091.66,26004248.280000005
2025-08-01 10:11:38 AM,226.6,0,0.0,26004248.280000005
2025-08-01 10:11:40 AM,226.6,10,2266.0,26006514.280000005
2025-08-01 10:11:44 AM,226.55,0,0.0,26006514.280000005
2025-08-01 10:11:46 AM,226.55,2,453.1,26006967.380000006
2025-08-01 10:12:04 AM,226.55,147,33302.85,26040270.230000008
2025-08-01 10:12:08 AM,226.44,0,0.0,26040270.230000008
2025-08-01 10:12:10 AM,226.44,2,452.88,26040723.110000007
2025-08-01 10:12:22 AM,226.44,1,226.44,26040949.55000001
2025-08-01 10:12:27 AM,226.44,100,22644.0,26063593.55000001
2025-08-01 10:12:44 AM,226.43,0,0.0,26063593.55000001
2025-08-01 10:12:45 AM,226.43,2,452.86,26064046.410000008
2025-08-01 10:12:48 AM,226.44,0,0.0,26064046.410000008
2025-08-01 10:12:51 AM,226.44,900,203796.0,26267842.410000008
2025-08-01 10:12:56 AM,226.6,0,0.0,26267842.410000008
2025-08-01 10:12:56 AM,226.6,255,57783.0,26325625.410000008
2025-08-01 10:13:03 AM,226.64,1,226.64,26325852.05000001
2025-08-01 10:13:09 AM,226.75,1100,249425.0,26575277.05000001
2025-08-01 10:13:29 AM,226.63,0,0.0,26575277.05000001
2025-08-01 10:13:32 AM,226.63,1,226.63,26575503.680000007
2025-08-01 10:13:38 AM,226.77,3,680.3100000000001,26576183.990000006
2025-08-01 10:13:44 AM,226.83,200,45366.0,26621549.990000006
2025-08-01 10:13:56 AM,226.75,0,0.0,26621549.990000006
2025-08-01 10:13:56 AM,226.75,25,5668.75,26627218.740000006
2025-08-01 10:14:07 AM,226.65,1,226.65,26627445.390000004
2025-08-01 10:14:13 AM,226.57,150,33985.5,26661430.890000004
2025-08-01 10:14:17 AM,226.74,0,0.0,26661430.890000004
2025-08-01 10:14:18 AM,226.74,6,1360.44,26662791.330000006
2025-08-01 10:14:26 AM,226.72,0,0.0,26662791.330000006
2025-08-01 10:14:30 AM,226.72,130,29473.6,26692264.930000007
2025-08-01 10:14:38 AM,226.79,0,0.0,26692264.930000007
2025-08-01 10:14:42 AM,226.79,175,39688.25,26731953.180000007
2025-08-01 10:14:47 AM,226.57,2,453.14,26732406.320000008
2025-08-01 10:14:59 AM,226.6,350,79310.0,26811716.320000008
2025-08-01 10:15:03 AM,226.58,0,0.0,26811716.320000008
2025-08-01 10:15:05 AM,226.58,1,226.58,26811942.900000006
2025-08-01 10:15:16 AM,226.9,0,0.0,26811942.900000006
2025-08-01 10:15:16 AM,226.9,100,22690.0,26834632.900000006
2025-08-01 10:15:28 AM,226.67,0,0.0,26834632.900000006
2025-08-01 10:15:29 AM,226.67,2,453.34,26835086.240000006
2025-08-01 10:15:31 AM,226.87,0,0.0,26835086.240000006
2025-08-01 10:15:35 AM,226.87,5,1134.35,26836220.590000007
2025-08-01 10:15:47 AM,226.88,50,11344.0,26847564.590000007
2025-08-01 10:15:50 AM,226.87,0,0.0,26847564.590000007
2025-08-01 10:15:53 AM,226.87,6,1361.22,26848925.810000006
2025-08-01 10:16:08 AM,226.7,0,0.0,26848925.810000006
2025-08-01 10:16:10 AM,226.7,1,226.7,26849152.510000005
2025-08-01 10:16:22 AM,226.7,1,226.7,26849379.210000005
2025-08-01 10:16:43 AM,226.71,0,0.0,26849379.210000005
2025-08-01 10:16:45 AM,226.71,2,453.42,26849832.630000006
2025-08-01 10:16:55 AM,226.87,0,0.0,26849832.630000006
2025-08-01 10:16:56 AM,226.87,5,1134.35,26850966.980000008
2025-08-01 10:17:07 AM,226.75,1,226.75,26851193.730000008
2025-08-01 10:17:24 AM,226.75,1,226.75,26851420.480000008
2025-08-01 10:17:48 AM,226.75,2,453.5,26851873.980000008
2025-08-01 10:17:49 AM,226.88,0,0.0,26851873.980000008
2025-08-01 10:17:53 AM,226.88,25,5672.0,26857545.980000008
2025-08-01 10:17:59 AM,226.88,60,13612.8,26871158.78000001
2025-08-01 10:18:05 AM,226.87,0,0.0,26871158.78000001
2025-08-01 10:18:05 AM,226.87,50,11343.5,26882502.28000001
2025-08-01 10:18:26 AM,226.88,0,0.0,26882502.28000001
2025-08-01 10:18:28 AM,226.88,75,17016.0,26899518.28000001
2025-08-01 10:18:29 AM,226.96,0,0.0,26899518.28000001
2025-08-01 10:18:34 AM,226.96,100,22696.0,26922214.28000001
2025-08-01 10:18:42 AM,226.78,0,0.0,26922214.28000001
2025-08-01 10:18:46 AM,226.78,4,907.12,26923121.40000001
2025-08-01 10:18:56 AM,227.0,0,0.0,26923121.40000001
2025-08-01 10:18:57 AM,227.0,111,25197.0,26948318.40000001
2025-08-01 10:19:08 AM,226.88,1,226.88,26948545.28000001
2025-08-01 10:19:20 AM,226.88,100,22688.0,26971233.28000001
2025-08-01 10:19:26 AM,227.05,228,51767.4,27023000.680000007
2025-08-01 10:19:36 AM,227.45,0,0.0,27023000.680000007
2025-08-01 10:19:37 AM,227.45,100,22745.0,27045745.680000007
2025-08-01 10:19:43 AM,227.5,100,22750.0,27068495.680000007
2025-08-01 10:19:48 AM,227.36,0,0.0,27068495.680000007
2025-08-01 10:19:49 AM,227.45,102,23199.899999999998,27091695.580000006
2025-08-01 10:19:57 AM,227.51,0,0.0,27091695.580000006
2025-08-01 10:20:00 AM,227.51,102,23206.02,27114901.600000005
2025-08-01 10:20:06 AM,227.45,0,0.0,27114901.600000005
2025-08-01 10:20:06 AM,227.45,30,6823.5,27121725.100000005
2025-08-01 10:20:10 AM,227.45,6,1364.6999999999998,27123089.800000004
2025-08-01 10:20:15 AM,227.38,0,0.0,27123089.800000004
2025-08-01 10:20:16 AM,227.53,896,203866.88,27326956.680000003
2025-08-01 10:20:18 AM,227.6,0,0.0,27326956.680000003
2025-08-01 10:20:18 AM,227.6,5,1138.0,27328094.680000003
2025-08-01 10:20:28 AM,227.48,0,0.0,27328094.680000003
2025-08-01 10:20:28 AM,227.48,1,227.48,27328322.160000004
2025-08-01 10:20:30 AM,227.48,5,1137.3999999999999,27329459.560000002
2025-08-01 10:20:34 AM,227.48,2,454.96,27329914.520000003
2025-08-01 10:20:42 AM,227.48,398,90537.04,27420451.560000002
2025-08-01 10:20:48 AM,227.51,2,455.02,27420906.580000002
2025-08-01 10:20:54 AM,227.6,100,22760.0,27443666.580000002
2025-08-01 10:21:03 AM,227.55,0,0.0,27443666.580000002
2025-08-01 10:21:03 AM,227.55,1,227.55,27443894.130000003
2025-08-01 10:21:14 AM,227.55,100,22755.0,27466649.130000003
2025-08-01 10:21:22 AM,227.51,1,227.51,27466876.640000004
2025-08-01 10:21:29 AM,227.55,0,0.0,27466876.640000004
2025-08-01 10:21:31 AM,227.55,187,42551.85,27509428.490000006
2025-08-01 10:21:38 AM,227.51,122,27756.219999999998,27537184.710000005
2025-08-01 10:21:44 AM,227.48,0,0.0,27537184.710000005
2025-08-01 10:21:44 AM,227.48,2,454.96,27537639.670000006
2025-08-01 10:21:50 AM,227.51,0,0.0,27537639.670000006
2025-08-01 10:21:50 AM,227.51,4,910.04,27538549.710000005
2025-08-01 10:22:03 AM,227.48,0,0.0,27538549.710000005
2025-08-01 10:22:05 AM,227.48,2,454.96,27539004.670000006
2025-08-01 10:22:08 AM,227.5,0,0.0,27539004.670000006
2025-08-01 10:22:10 AM,227.5,1,227.5,27539232.170000006
2025-08-01 10:22:18 AM,227.4,74,16827.600000000002,27556059.770000007
2025-08-01 10:22:22 AM,227.35,1,227.35,27556287.12000001
2025-08-01 10:22:32 AM,227.5,0,0.0,27556287.12000001
2025-08-01 10:22:34 AM,227.5,1,227.5,27556514.62000001
2025-08-01 10:22:45 AM,227.5,25,5687.5,27562202.12000001
2025-08-01 10:23:08 AM,227.36,0,0.0,27562202.12000001
2025-08-01 10:23:09 AM,227.36,1,227.36,27562429.480000008
2025-08-01 10:23:17 AM,227.4,0,0.0,27562429.480000008
2025-08-01 10:23:18 AM,227.4,51,11597.4,27574026.880000006
2025-08-01 10:23:23 AM,227.36,0,0.0,27574026.880000006
2025-08-01 10:23:24 AM,227.36,1,227.36,27574254.240000006
2025-08-01 10:23:30 AM,227.4,100,22740.0,27596994.240000006
2025-08-01 10:23:43 AM,227.36,0,0.0,27596994.240000006
2025-08-01 10:23:44 AM,227.36,2,454.72,27597448.960000005
2025-08-01 10:24:03 AM,227.36,1,227.36,27597676.320000004
2025-08-01 10:24:12 AM,227.36,142,32285.120000000003,27629961.440000005
2025-08-01 10:24:23 AM,227.31,0,0.0,27629961.440000005
2025-08-01 10:24:23 AM,227.31,1,227.31,27630188.750000004
2025-08-01 10:24:34 AM,227.36,73,16597.280000000002,27646786.030000005
2025-08-01 10:24:44 AM,227.31,0,0.0,27646786.030000005
2025-08-01 10:24:45 AM,227.31,2,454.62,27647240.650000006
2025-08-01 10:25:04 AM,227.31,1,227.31,27647467.960000005
2025-08-01 10:25:07 AM,227.31,94,21367.14,27668835.100000005
2025-08-01 10:25:16 AM,227.4,367,83455.8,27752290.900000006
2025-08-01 10:25:25 AM,227.4,2,454.8,27752745.700000007
2025-08-01 10:25:33 AM,227.37,0,0.0,27752745.700000007
2025-08-01 10:25:36 AM,227.37,100,22737.0,27775482.700000007
2025-08-01 10:25:38 AM,227.5,0,0.0,27775482.700000007
2025-08-01 10:25:38 AM,227.5,100,22750.0,27798232.700000007
2025-08-01 10:25:48 AM,227.4,0,0.0,27798232.700000007
2025-08-01 10:25:49 AM,227.4,2,454.8,27798687.500000007
2025-08-01 10:26:03 AM,227.4,1,227.4,27798914.900000006
2025-08-01 10:26:22 AM,227.4,1,227.4,27799142.300000004
2025-08-01 10:26:43 AM,227.4,4,909.6,27800051.900000006
2025-08-01 10:26:45 AM,227.5,0,0.0,27800051.900000006
2025-08-01 10:26:46 AM,227.5,217,49367.5,27849419.400000006
2025-08-01 10:26:51 AM,227.55,0,0.0,27849419.400000006
2025-08-01 10:26:51 AM,227.55,3,682.6500000000001,27850102.050000004
2025-08-01 10:27:09 AM,227.55,14,3185.7000000000003,27853287.750000004
2025-08-01 10:27:12 AM,227.6,50,11380.0,27864667.750000004
2025-08-01 10:27:22 AM,227.55,1,227.55,27864895.300000004
2025-08-01 10:27:33 AM,227.55,24,5461.200000000001,27870356.500000004
2025-08-01 10:27:42 AM,227.6,0,0.0,27870356.500000004
2025-08-01 10:27:42 AM,227.6,56,12745.6,27883102.100000005
2025-08-01 10:27:44 AM,227.6,2,455.2,27883557.300000004
2025-08-01 10:28:03 AM,227.6,1,227.6,27883784.900000006
2025-08-01 10:28:16 AM,227.7,0,0.0,27883784.900000006
2025-08-01 10:28:17 AM,227.7,402,91535.4,27975320.300000004
2025-08-01 10:28:28 AM,227.66,0,0.0,27975320.300000004
2025-08-01 10:28:28 AM,227.66,6,1365.96,27976686.260000005
2025-08-01 10:28:29 AM,227.68,0,0.0,27976686.260000005
2025-08-01 10:28:31 AM,227.68,142,32330.56,28009016.820000004
2025-08-01 10:28:42 AM,227.55,151,34360.05,28043376.870000005
2025-08-01 10:28:45 AM,227.55,3,682.6500000000001,28044059.520000003
2025-08-01 10:28:47 AM,227.63,40,9105.2,28053164.720000003
2025-08-01 10:28:58 AM,227.63,12,2731.56,28055896.28
2025-08-01 10:29:07 AM,227.5,1,227.5,28056123.78
2025-08-01 10:29:24 AM,227.5,1,227.5,28056351.28
2025-08-01 10:29:43 AM,227.5,2,455.0,28056806.28
2025-08-01 10:30:02 AM,227.47,0,0.0,28056806.28
2025-08-01 10:30:02 AM,227.47,201,45721.47,28102527.75
2025-08-01 10:30:23 AM,227.48,1,227.48,28102755.23
2025-08-01 10:30:28 AM,227.65,1,227.65,28102982.88
2025-08-01 10:30:42 AM,227.75,800,182200.0,28285182.88
2025-08-01 10:30:48 AM,227.48,0,0.0,28285182.88
2025-08-01 10:30:48 AM,227.48,2,454.96,28285637.84
2025-08-01 10:31:03 AM,227.47,1,227.47,28285865.31
2025-08-01 10:31:15 AM,227.47,2,454.94,28286320.25
2025-08-01 10:31:20 AM,227.66,10,2276.6,28288596.85
2025-08-01 10:31:28 AM,227.47,1,227.47,28288824.32
2025-08-01 10:31:33 AM,227.67,0,0.0,28288824.32
2025-08-01 10:31:34 AM,227.67,1,227.67,28289051.990000002
2025-08-01 10:31:39 AM,227.67,15,3415.0499999999997,28292467.040000003
2025-08-01 10:31:42 AM,227.67,50,11383.5,28303850.540000003
2025-08-01 10:31:48 AM,227.47,2,454.94,28304305.480000004
2025-08-01 10:31:51 AM,227.47,45,10236.15,28314541.630000003
2025-08-01 10:31:54 AM,227.47,1,227.47,28314769.1
2025-08-01 10:32:04 AM,227.46,189,42989.94,28357759.040000003
2025-08-01 10:32:16 AM,227.7,0,0.0,28357759.040000003
2025-08-01 10:32:17 AM,227.7,1,227.7,28357986.740000002
2025-08-01 10:32:20 AM,227.47,0,0.0,28357986.740000002
2025-08-01 10:32:20 AM,227.47,20,4549.4,28362536.14
2025-08-01 10:32:24 AM,227.66,1016,231302.56,28593838.7
2025-08-01 10:32:48 AM,227.5,2,455.0,28594293.7
2025-08-01 10:32:59 AM,227.69,0,0.0,28594293.7
2025-08-01 10:33:00 AM,227.69,6,1366.1399999999999,28595659.84
2025-08-01 10:33:05 AM,227.64,0,0.0,28595659.84
2025-08-01 10:33:05 AM,227.64,1,227.64,28595887.48
2025-08-01 10:33:22 AM,227.67,1,227.67,28596115.150000002
2025-08-01 10:33:44 AM,227.67,2,455.34,28596570.490000002
2025-08-01 10:33:50 AM,227.5,0,0.0,28596570.490000002
2025-08-01 10:33:50 AM,227.5,186,42315.0,28638885.490000002
2025-08-01 10:33:52 AM,227.6,0,0.0,28638885.490000002
2025-08-01 10:33:52 AM,227.6,110,25036.0,28663921.490000002
2025-08-01 10:34:06 AM,227.5,0,0.0,28663921.490000002
2025-08-01 10:34:07 AM,227.5,237,53917.5,28717838.990000002
2025-08-01 10:34:08 AM,227.46,0,0.0,28717838.990000002
2025-08-01 10:34:09 AM,227.46,1,227.46,28718066.450000003
2025-08-01 10:34:24 AM,227.46,1,227.46,28718293.910000004
2025-08-01 10:34:43 AM,227.46,2,454.92,28718748.830000006
2025-08-01 10:34:48 AM,227.37,0,0.0,28718748.830000006
2025-08-01 10:34:48 AM,227.37,584,132784.08000000002,28851532.910000004
2025-08-01 10:35:03 AM,227.32,0,0.0,28851532.910000004
2025-08-01 10:35:03 AM,227.32,1,227.32,28851760.230000004
2025-08-01 10:35:23 AM,227.3,2,454.6,28852214.830000006
2025-08-01 10:35:29 AM,227.46,0,0.0,28852214.830000006
2025-08-01 10:35:32 AM,227.46,253,57547.380000000005,28909762.210000005
2025-08-01 10:35:48 AM,227.29,0,0.0,28909762.210000005
2025-08-01 10:35:49 AM,227.29,2,454.58,28910216.790000003
2025-08-01 10:36:03 AM,227.24,0,0.0,28910216.790000003
2025-08-01 10:36:05 AM,227.24,1,227.24,28910444.03
2025-08-01 10:36:22 AM,227.3,1,227.3,28910671.330000002
2025-08-01 10:36:44 AM,227.3,2,454.6,28911125.930000003
2025-08-01 10:37:03 AM,227.32,0,0.0,28911125.930000003
2025-08-01 10:37:06 AM,227.32,1,227.32,28911353.250000004
2025-08-01 10:37:22 AM,227.33,2,454.66,28911807.910000004
2025-08-01 10:37:33 AM,227.34,0,0.0,28911807.910000004
2025-08-01 10:37:33 AM,227.34,50,11367.0,28923174.910000004
2025-08-01 10:37:42 AM,227.3,2,454.6,28923629.510000005
2025-08-01 10:38:04 AM,227.3,1,227.3,28923856.810000006
2025-08-01 10:38:23 AM,227.31,0,0.0,28923856.810000006
2025-08-01 10:38:23 AM,227.31,1,227.31,28924084.120000005
2025-08-01 10:38:25 AM,227.3,0,0.0,28924084.120000005
2025-08-01 10:38:26 AM,227.59,0,0.0,28924084.120000005
2025-08-01 10:38:27 AM,227.59,752,171147.68,29095231.800000004
2025-08-01 10:38:47 AM,227.61,0,0.0,29095231.800000004
2025-08-01 10:38:47 AM,227.61,200,45522.0,29140753.800000004
2025-08-01 10:38:52 AM,227.6,0,0.0,29140753.800000004
2025-08-01 10:38:52 AM,227.6,4,910.4,29141664.200000003
2025-08-01 10:39:08 AM,227.32,0,0.0,29141664.200000003
2025-08-01 10:39:09 AM,227.32,1,227.32,29141891.520000003
2025-08-01 10:39:12 AM,227.31,0,0.0,29141891.520000003
2025-08-01 10:39:12 AM,227.31,17,3864.27,29145755.790000003
2025-08-01 10:39:23 AM,227.3,0,0.0,29145755.790000003
2025-08-01 10:39:23 AM,227.3,1,227.3,29145983.090000004
2025-08-01 10:39:35 AM,227.3,491,111604.3,29257587.390000004
2025-08-01 10:39:37 AM,227.1,19,4314.9,29261902.290000003
2025-08-01 10:39:42 AM,227.01,0,0.0,29261902.290000003
2025-08-01 10:39:42 AM,226.75,2054,465744.5,29727646.790000003
2025-08-01 10:39:56 AM,227.3,0,0.0,29727646.790000003
2025-08-01 10:39:56 AM,227.3,6282,1427898.6,31155545.390000004
2025-08-01 10:40:03 AM,227.37,0,0.0,31155545.390000004
2025-08-01 10:40:04 AM,227.37,1,227.37,31155772.760000005
2025-08-01 10:40:21 AM,227.57,0,0.0,31155772.760000005
2025-08-01 10:40:21 AM,227.57,172,39142.04,31194914.800000004
2025-08-01 10:40:24 AM,227.57,2,455.14,31195369.940000005
2025-08-01 10:40:43 AM,227.58,0,0.0,31195369.940000005
2025-08-01 10:40:44 AM,227.58,2,455.16,31195825.100000005
2025-08-01 10:41:03 AM,227.58,1,227.58,31196052.680000003
2025-08-01 10:41:05 AM,227.59,0,0.0,31196052.680000003
2025-08-01 10:41:05 AM,227.59,200,45518.0,31241570.680000003
2025-08-01 10:41:14 AM,227.72,0,0.0,31241570.680000003
2025-08-01 10:41:14 AM,227.72,3,683.16,31242253.840000004
2025-08-01 10:41:23 AM,227.69,0,0.0,31242253.840000004
2025-08-01 10:41:26 AM,227.69,1,227.69,31242481.530000005
2025-08-01 10:41:37 AM,227.72,0,0.0,31242481.530000005
2025-08-01 10:41:37 AM,227.72,10,2277.2,31244758.730000004
2025-08-01 10:41:43 AM,227.72,2,455.44,31245214.170000006
2025-08-01 10:41:44 AM,227.72,10,2277.2,31247491.370000005
2025-08-01 10:41:51 AM,227.5,0,0.0,31247491.370000005
2025-08-01 10:41:53 AM,227.5,4133,940257.5,32187748.870000005
2025-08-01 10:42:04 AM,227.5,100,22750.0,32210498.870000005
2025-08-01 10:42:10 AM,227.5,90,20475.0,32230973.870000005
2025-08-01 10:42:15 AM,227.61,0,0.0,32230973.870000005
2025-08-01 10:42:16 AM,227.61,45,10242.45,32241216.320000004
2025-08-01 10:42:29 AM,227.5,1,227.5,32241443.820000004
2025-08-01 10:42:43 AM,227.5,1002,227955.0,32469398.820000004
2025-08-01 10:43:05 AM,227.5,1,227.5,32469626.320000004
2025-08-01 10:43:14 AM,227.6,0,0.0,32469626.320000004
2025-08-01 10:43:16 AM,227.6,42,9559.199999999999,32479185.520000003
2025-08-01 10:43:28 AM,227.5,0,0.0,32479185.520000003
2025-08-01 10:43:29 AM,227.5,1,227.5,32479413.020000003
2025-08-01 10:43:40 AM,227.6,0,0.0,32479413.020000003
2025-08-01 10:43:40 AM,227.6,24,5462.4,32484875.42
2025-08-01 10:43:42 AM,228.03,0,0.0,32484875.42
2025-08-01 10:43:43 AM,228.03,11219,2558268.57,35043143.99
2025-08-01 10:43:48 AM,227.78,0,0.0,35043143.99
2025-08-01 10:43:48 AM,227.78,2,455.56,35043599.550000004
2025-08-01 10:44:00 AM,227.95,0,0.0,35043599.550000004
2025-08-01 10:44:00 AM,227.95,100,22795.0,35066394.550000004
2025-08-01 10:44:06 AM,227.78,0,0.0,35066394.550000004
2025-08-01 10:44:06 AM,227.78,50,11389.0,35077783.550000004
2025-08-01 10:44:08 AM,227.79,0,0.0,35077783.550000004
2025-08-01 10:44:09 AM,227.79,1,227.79,35078011.34
2025-08-01 10:44:22 AM,227.79,1,227.79,35078239.13
2025-08-01 10:44:33 AM,227.79,2,455.58,35078694.71
2025-08-01 10:44:36 AM,227.79,1,227.79,35078922.5
2025-08-01 10:44:42 AM,227.99,4,911.96,35079834.46
2025-08-01 10:44:48 AM,227.79,0,0.0,35079834.46
2025-08-01 10:44:49 AM,227.79,2,455.58,35080290.04
2025-08-01 10:44:52 AM,227.74,1131,257573.94,35337863.98
2025-08-01 10:44:55 AM,227.95,15,3419.25,35341283.23
2025-08-01 10:45:13 AM,227.72,0,0.0,35341283.23
2025-08-01 10:45:14 AM,227.94,23,5242.62,35346525.849999994
2025-08-01 10:45:17 AM,227.73,20,4554.599999999999,35351080.449999996
2025-08-01 10:45:22 AM,227.76,2,455.52,35351535.97
2025-08-01 10:45:36 AM,227.76,100,22776.0,35374311.97
2025-08-01 10:45:43 AM,227.72,0,0.0,35374311.97
2025-08-01 10:45:44 AM,227.72,2,455.44,35374767.41
2025-08-01 10:45:52 AM,227.72,10,2277.2,35377044.61
2025-08-01 10:46:03 AM,227.67,0,0.0,35377044.61
2025-08-01 10:46:03 AM,227.67,1,227.67,35377272.28
2025-08-01 10:46:15 AM,227.67,243,55323.81,35432596.09
2025-08-01 10:46:26 AM,227.31,0,0.0,35432596.09
2025-08-01 10:46:26 AM,227.31,5,1136.55,35433732.64
2025-08-01 10:46:28 AM,227.3,0,0.0,35433732.64
2025-08-01 10:46:28 AM,227.3,1,227.3,35433959.94
2025-08-01 10:46:43 AM,227.34,0,0.0,35433959.94
2025-08-01 10:46:43 AM,227.34,2,454.68,35434414.62
2025-08-01 10:47:05 AM,227.34,1,227.34,35434641.96
2025-08-01 10:47:17 AM,227.34,57,12958.380000000001,35447600.34
2025-08-01 10:47:22 AM,227.33,1,227.33,35447827.67
2025-08-01 10:47:30 AM,227.34,0,0.0,35447827.67
2025-08-01 10:47:32 AM,227.67,117,26637.39,35474465.06
2025-08-01 10:47:48 AM,227.41,2,454.82,35474919.88
2025-08-01 10:47:52 AM,227.67,0,0.0,35474919.88
2025-08-01 10:47:53 AM,227.72,253,57613.159999999996,35532533.04
2025-08-01 10:48:08 AM,227.51,0,0.0,35532533.04
2025-08-01 10:48:09 AM,227.51,1,227.51,35532760.55
2025-08-01 10:48:19 AM,227.74,0,0.0,35532760.55
2025-08-01 10:48:20 AM,227.74,22,5010.280000000001,35537770.83
2025-08-01 10:48:27 AM,227.53,0,0.0,35537770.83
2025-08-01 10:48:28 AM,227.53,100,22753.0,35560523.83
2025-08-01 10:48:33 AM,227.41,0,0.0,35560523.83
2025-08-01 10:48:33 AM,227.41,1,227.41,35560751.239999995
2025-08-01 10:48:42 AM,227.42,3,682.26,35561433.49999999
2025-08-01 10:49:03 AM,227.44,0,0.0,35561433.49999999
2025-08-01 10:49:04 AM,227.44,1,227.44,35561660.93999999
2025-08-01 10:49:06 AM,227.64,22,5008.08,35566669.01999999
2025-08-01 10:49:27 AM,227.59,22,5006.9800000000005,35571675.999999985
2025-08-01 10:49:43 AM,227.48,10,2274.7999999999997,35573950.79999998
2025-08-01 10:49:48 AM,227.48,2,454.96,35574405.75999998
2025-08-01 10:49:57 AM,227.61,0,0.0,35574405.75999998
2025-08-01 10:49:57 AM,227.61,3,682.83,35575088.58999998
2025-08-01 10:50:08 AM,227.51,0,0.0,35575088.58999998
2025-08-01 10:50:09 AM,227.51,1,227.51,35575316.09999998
2025-08-01 10:50:14 AM,227.68,32,7285.76,35582601.85999998
2025-08-01 10:50:28 AM,227.52,0,0.0,35582601.85999998
2025-08-01 10:50:31 AM,227.52,1,227.52,35582829.37999998
2025-08-01 10:50:42 AM,227.52,17,3867.84,35586697.219999984
2025-08-01 10:51:02 AM,227.67,0,0.0,35586697.219999984
2025-08-01 10:51:05 AM,227.52,0,0.0,35586697.219999984
2025-08-01 10:51:05 AM,227.52,140,31852.800000000003,35618550.01999998
2025-08-01 10:51:08 AM,227.31,0,0.0,35618550.01999998
2025-08-01 10:51:11 AM,227.31,1,227.31,35618777.32999998
2025-08-01 10:51:24 AM,227.3,0,0.0,35618777.32999998
2025-08-01 10:51:27 AM,227.3,1,227.3,35619004.62999998
2025-08-01 10:51:44 AM,227.3,2,454.6,35619459.22999998
2025-08-01 10:52:05 AM,227.3,2,454.6,35619913.82999998
2025-08-01 10:52:22 AM,227.32,1,227.32,35620141.14999998
2025-08-01 10:52:43 AM,227.32,2,454.64,35620595.789999984
2025-08-01 10:53:04 AM,227.32,1,227.32,35620823.109999985
2025-08-01 10:53:08 AM,227.3,0,0.0,35620823.109999985
2025-08-01 10:53:09 AM,227.3,50,11365.0,35632188.109999985
2025-08-01 10:53:20 AM,227.48,69,15696.119999999999,35647884.22999998
2025-08-01 10:53:28 AM,227.32,0,0.0,35647884.22999998
2025-08-01 10:53:30 AM,227.5,0,0.0,35647884.22999998
2025-08-01 10:53:31 AM,227.51,339,77125.89,35725010.11999998
2025-08-01 10:53:31 AM,227.51,18,4095.18,35729105.29999998
2025-08-01 10:53:44 AM,227.46,0,0.0,35729105.29999998
2025-08-01 10:53:47 AM,227.46,2,454.92,35729560.219999984
2025-08-01 10:54:02 AM,227.46,1,227.46,35729787.679999985
2025-08-01 10:54:24 AM,227.18,500,113590.0,35843377.679999985
2025-08-01 10:54:28 AM,227.16,0,0.0,35843377.679999985
2025-08-01 10:54:29 AM,227.16,1,227.16,35843604.83999998
2025-08-01 10:54:44 AM,227.19,0,0.0,35843604.83999998
2025-08-01 10:54:45 AM,227.19,7,1590.33,35845195.16999998
2025-08-01 10:54:56 AM,227.1,0,0.0,35845195.16999998
2025-08-01 10:54:56 AM,227.1,700,158970.0,36004165.16999998
2025-08-01 10:55:04 AM,227.14,0,0.0,36004165.16999998
2025-08-01 10:55:06 AM,227.14,1,227.14,36004392.30999998
2025-08-01 10:55:22 AM,227.16,0,0.0,36004392.30999998
2025-08-01 10:55:22 AM,227.13,23,5223.99,36009616.29999998
2025-08-01 10:55:28 AM,227.14,0,0.0,36009616.29999998
2025-08-01 10:55:28 AM,227.14,36,8177.039999999999,36017793.33999998
2025-08-01 10:55:30 AM,227.39,0,0.0,36017793.33999998
2025-08-01 10:55:34 AM,227.39,100,22739.0,36040532.33999998
2025-08-01 10:55:48 AM,227.16,0,0.0,36040532.33999998
2025-08-01 10:55:50 AM,227.16,2,454.32,36040986.65999998
2025-08-01 10:55:52 AM,227.17,0,0.0,36040986.65999998
2025-08-01 10:55:55 AM,227.17,1,227.17,36041213.82999998
2025-08-01 10:56:04 AM,227.19,0,0.0,36041213.82999998
2025-08-01 10:56:05 AM,227.19,103,23400.57,36064614.39999998
2025-08-01 10:56:08 AM,227.17,0,0.0,36064614.39999998
2025-08-01 10:56:10 AM,227.17,50,11358.5,36075972.89999998
2025-08-01 10:56:14 AM,227.19,0,0.0,36075972.89999998
2025-08-01 10:56:16 AM,227.19,50,11359.5,36087332.39999998
2025-08-01 10:56:22 AM,227.19,1,227.19,36087559.58999998
2025-08-01 10:56:42 AM,227.19,2,454.38,36088013.969999984
2025-08-01 10:56:52 AM,227.4,0,0.0,36088013.969999984
2025-08-01 10:56:53 AM,227.4,1,227.4,36088241.36999998
2025-08-01 10:57:08 AM,227.15,0,0.0,36088241.36999998
2025-08-01 10:57:08 AM,227.14,11,2498.54,36090739.90999998
2025-08-01 10:57:24 AM,227.14,1,227.14,36090967.04999998
2025-08-01 10:57:44 AM,227.15,0,0.0,36090967.04999998
2025-08-01 10:57:46 AM,227.15,2,454.3,36091421.34999998
2025-08-01 10:57:56 AM,227.15,100,22715.0,36114136.34999998
2025-08-01 10:58:02 AM,227.16,1,227.16,36114363.509999976
2025-08-01 10:58:17 AM,227.16,1,227.16,36114590.66999997
2025-08-01 10:58:23 AM,227.16,1,227.16,36114817.82999997
2025-08-01 10:58:45 AM,227.16,3,681.48,36115499.309999965
2025-08-01 10:58:51 AM,227.17,50,11358.5,36126857.809999965
2025-08-01 10:59:06 AM,227.17,51,11585.67,36138443.47999997
2025-08-01 10:59:24 AM,227.31,0,0.0,36138443.47999997
2025-08-01 10:59:26 AM,227.31,1,227.31,36138670.78999997
2025-08-01 10:59:31 AM,227.37,5,1136.85,36139807.63999997
2025-08-01 10:59:48 AM,227.31,2,454.62,36140262.25999997
2025-08-01 11:00:04 AM,227.31,1,227.31,36140489.56999997
2025-08-01 11:00:27 AM,227.31,1,227.31,36140716.87999997
2025-08-01 11:00:43 AM,227.31,2,454.62,36141171.49999997
2025-08-01 11:00:51 AM,227.37,0,0.0,36141171.49999997
2025-08-01 11:00:54 AM,227.37,5,1136.85,36142308.34999997
2025-08-01 11:01:09 AM,227.31,0,0.0,36142308.34999997
2025-08-01 11:01:10 AM,227.31,1,227.31,36142535.659999974
2025-08-01 11:01:25 AM,227.37,0,0.0,36142535.659999974
2025-08-01 11:01:26 AM,227.37,2,454.74,36142990.399999976
2025-08-01 11:01:35 AM,227.31,0,0.0,36142990.399999976
2025-08-01 11:01:36 AM,227.31,9,2045.79,36145036.189999975
2025-08-01 11:01:46 AM,227.31,2,454.62,36145490.80999997
2025-08-01 11:02:03 AM,227.31,2,454.62,36145945.42999997
2025-08-01 11:02:23 AM,227.31,1,227.31,36146172.73999997
2025-08-01 11:02:46 AM,227.31,2,454.62,36146627.35999997
2025-08-01 11:02:57 AM,227.37,0,0.0,36146627.35999997
2025-08-01 11:02:58 AM,227.37,1,227.37,36146854.72999997
2025-08-01 11:03:08 AM,227.31,1,227.31,36147082.03999997
2025-08-01 11:03:23 AM,227.31,85,19321.35,36166403.38999997
2025-08-01 11:03:48 AM,227.17,2,454.34,36166857.729999974
2025-08-01 11:03:58 AM,227.31,100,22731.0,36189588.729999974
2025-08-01 11:04:09 AM,227.17,0,0.0,36189588.729999974
2025-08-01 11:04:09 AM,227.17,1,227.17,36189815.899999976
2025-08-01 11:04:24 AM,227.17,1,227.17,36190043.06999998
2025-08-01 11:04:41 AM,227.3,0,0.0,36190043.06999998
2025-08-01 11:04:42 AM,227.3,1,227.3,36190270.369999975
2025-08-01 11:04:48 AM,227.17,0,0.0,36190270.369999975
2025-08-01 11:04:50 AM,227.3,0,0.0,36190270.369999975
2025-08-01 11:04:50 AM,227.3,20,4546.0,36194816.369999975
2025-08-01 11:05:08 AM,227.17,1,227.17,36195043.53999998
2025-08-01 11:05:22 AM,227.3,22,5000.6,36200044.13999998
2025-08-01 11:05:29 AM,227.29,1,227.29,36200271.42999998
2025-08-01 11:05:30 AM,227.17,0,0.0,36200271.42999998
2025-08-01 11:05:33 AM,227.17,6,1363.02,36201634.44999998
2025-08-01 11:05:44 AM,227.17,2,454.34,36202088.789999984
2025-08-01 11:06:05 AM,227.17,1,227.17,36202315.959999986
2025-08-01 11:06:23 AM,227.17,1,227.17,36202543.12999999
2025-08-01 11:06:43 AM,227.17,3,681.51,36203224.639999986
2025-08-01 11:07:03 AM,227.17,1,227.17,36203451.80999999
2025-08-01 11:07:20 AM,227.17,1086,246706.62,36450158.429999985
2025-08-01 11:07:21 AM,227.15,200,45430.0,36495588.429999985
2025-08-01 11:07:25 AM,227.15,1,227.15,36495815.57999998
2025-08-01 11:07:43 AM,227.15,2,454.3,36496269.87999998
2025-08-01 11:08:01 AM,227.17,0,0.0,36496269.87999998
2025-08-01 11:08:03 AM,227.15,3,681.45,36496951.32999998
2025-08-01 11:08:15 AM,227.17,0,0.0,36496951.32999998
2025-08-01 11:08:15 AM,227.17,1,227.17,36497178.499999985
2025-08-01 11:08:20 AM,227.1,427,96971.7,36594150.19999999
2025-08-01 11:08:29 AM,227.0,1,227.0,36594377.19999999
2025-08-01 11:08:44 AM,227.0,3,681.0,36595058.19999999
2025-08-01 11:08:49 AM,226.98,0,0.0,36595058.19999999
2025-08-01 11:08:50 AM,226.98,584,132556.32,36727614.51999999
2025-08-01 11:08:52 AM,227.0,0,0.0,36727614.51999999
2025-08-01 11:08:52 AM,227.0,10,2270.0,36729884.51999999
2025-08-01 11:08:59 AM,226.61,0,0.0,36729884.51999999
2025-08-01 11:09:00 AM,226.6,321,72738.59999999999,36802623.11999999
2025-08-01 11:09:08 AM,226.4,0,0.0,36802623.11999999
2025-08-01 11:09:10 AM,226.4,1,226.4,36802849.51999999
2025-08-01 11:09:24 AM,226.6,1,226.6,36803076.11999999
2025-08-01 11:09:29 AM,226.74,3,680.22,36803756.33999999
2025-08-01 11:09:47 AM,226.6,2,453.2,36804209.53999999
2025-08-01 11:10:03 AM,226.6,1,226.6,36804436.13999999
2025-08-01 11:10:23 AM,226.6,1,226.6,36804662.739999995
2025-08-01 11:10:45 AM,226.6,2,453.2,36805115.94
2025-08-01 11:11:07 AM,226.6,1,226.6,36805342.54
2025-08-01 11:11:08 AM,226.54,0,0.0,36805342.54
2025-08-01 11:11:12 AM,226.54,25,5663.5,36811006.04
2025-08-01 11:11:23 AM,226.51,1,226.51,36811232.55
2025-08-01 11:11:44 AM,226.49,0,0.0,36811232.55
2025-08-01 11:11:45 AM,226.49,2,452.98,36811685.529999994
2025-08-01 11:11:48 AM,226.5,0,0.0,36811685.529999994
2025-08-01 11:11:50 AM,226.5,25,5662.5,36817348.029999994
2025-08-01 11:12:04 AM,226.49,0,0.0,36817348.029999994
2025-08-01 11:12:06 AM,226.49,2,452.98,36817801.00999999
2025-08-01 11:12:23 AM,226.5,1,226.5,36818027.50999999
2025-08-01 11:12:27 AM,226.49,21,4756.29,36822783.79999999
2025-08-01 11:12:42 AM,226.73,0,0.0,36822783.79999999
2025-08-01 11:12:44 AM,226.73,1,226.73,36823010.52999999
2025-08-01 11:12:48 AM,226.5,0,0.0,36823010.52999999
2025-08-01 11:12:48 AM,226.5,2,453.0,36823463.52999999
2025-08-01 11:13:04 AM,226.5,23,5209.5,36828673.02999999
2025-08-01 11:13:22 AM,226.54,1,226.54,36828899.569999985
2025-08-01 11:13:43 AM,226.55,6,1359.3000000000002,36830258.86999998
2025-08-01 11:13:58 AM,226.55,10,2265.5,36832524.36999998
2025-08-01 11:14:04 AM,226.55,1,226.55,36832750.91999998
2025-08-01 11:14:26 AM,226.55,1,226.55,36832977.46999998
2025-08-01 11:14:43 AM,226.56,0,0.0,36832977.46999998
2025-08-01 11:14:43 AM,226.56,2,453.12,36833430.589999974
2025-08-01 11:14:49 AM,226.76,0,0.0,36833430.589999974
2025-08-01 11:14:52 AM,226.76,30,6802.799999999999,36840233.38999997
2025-08-01 11:15:09 AM,226.55,0,0.0,36840233.38999997
2025-08-01 11:15:09 AM,226.55,1,226.55,36840459.93999997
2025-08-01 11:15:25 AM,226.55,2,453.1,36840913.03999997
2025-08-01 11:15:46 AM,226.55,2,453.1,36841366.13999997
2025-08-01 11:15:51 AM,226.55,60,13593.0,36854959.13999997
2025-08-01 11:16:06 AM,226.55,1,226.55,36855185.68999997
2025-08-01 11:16:19 AM,226.45,0,0.0,36855185.68999997
2025-08-01 11:16:23 AM,226.54,801,181458.54,37036644.22999997
2025-08-01 11:16:43 AM,226.54,2,453.08,37037097.309999965
2025-08-01 11:17:04 AM,226.54,1,226.54,37037323.849999964
2025-08-01 11:17:07 AM,226.53,0,0.0,37037323.849999964
2025-08-01 11:17:10 AM,226.53,200,45306.0,37082629.849999964
2025-08-01 11:17:22 AM,226.51,1,226.51,37082856.35999996
2025-08-01 11:17:25 AM,226.76,0,0.0,37082856.35999996
2025-08-01 11:17:26 AM,226.76,100,22676.0,37105532.35999996
2025-08-01 11:17:49 AM,226.53,0,0.0,37105532.35999996
2025-08-01 11:17:49 AM,226.53,2,453.06,37105985.419999965
2025-08-01 11:17:53 AM,226.52,0,0.0,37105985.419999965
2025-08-01 11:17:54 AM,226.52,2,453.04,37106438.45999996
2025-08-01 11:18:03 AM,226.53,1,226.53,37106664.989999965
2025-08-01 11:18:23 AM,226.48,0,0.0,37106664.989999965
2025-08-01 11:18:25 AM,226.48,1,226.48,37106891.46999996
2025-08-01 11:18:33 AM,226.7,0,0.0,37106891.46999996
2025-08-01 11:18:36 AM,226.5,3,679.5,37107570.96999996
2025-08-01 11:18:42 AM,226.64,3,679.92,37108250.88999996
2025-08-01 11:18:48 AM,226.64,497,112640.07999999999,37220890.96999996
2025-08-01 11:19:08 AM,226.5,0,0.0,37220890.96999996
2025-08-01 11:19:11 AM,226.5,1,226.5,37221117.46999996
2025-08-01 11:19:20 AM,226.65,0,0.0,37221117.46999996
2025-08-01 11:19:22 AM,226.65,16,3626.4,37224743.86999996
2025-08-01 11:19:28 AM,226.5,1,226.5,37224970.36999996
2025-08-01 11:19:44 AM,226.5,2,453.0,37225423.36999996
2025-08-01 11:19:49 AM,226.5,110,24915.0,37250338.36999996
2025-08-01 11:20:03 AM,226.47,0,0.0,37250338.36999996
2025-08-01 11:20:05 AM,226.47,3,679.41,37251017.77999996
2025-08-01 11:20:28 AM,226.4,0,0.0,37251017.77999996
2025-08-01 11:20:32 AM,226.4,1,226.4,37251244.179999955
2025-08-01 11:20:42 AM,226.4,2,452.8,37251696.97999995
2025-08-01 11:21:02 AM,226.4,1,226.4,37251923.37999995
2025-08-01 11:21:24 AM,226.4,1,226.4,37252149.77999995
2025-08-01 11:21:40 AM,226.4,21,4754.400000000001,37256904.17999995
2025-08-01 11:21:44 AM,226.5,0,0.0,37256904.17999995
2025-08-01 11:21:45 AM,226.5,302,68403.0,37325307.17999995
2025-08-01 11:21:49 AM,226.4,0,0.0,37325307.17999995
2025-08-01 11:21:50 AM,226.4,4,905.6,37326212.77999995
2025-08-01 11:22:05 AM,226.4,2,452.8,37326665.579999946
2025-08-01 11:22:16 AM,226.5,531,120271.5,37446937.079999946
2025-08-01 11:22:23 AM,226.45,0,0.0,37446937.079999946
2025-08-01 11:22:27 AM,226.45,1,226.45,37447163.52999995
2025-08-01 11:22:43 AM,226.46,2,452.92,37447616.44999995
2025-08-01 11:23:03 AM,226.46,1,226.46,37447842.90999995
2025-08-01 11:23:25 AM,226.46,1,226.46,37448069.36999995
2025-08-01 11:23:45 AM,226.46,2,452.92,37448522.289999954
2025-08-01 11:23:53 AM,226.6,0,0.0,37448522.289999954
2025-08-01 11:23:55 AM,226.6,5,1133.0,37449655.289999954
2025-08-01 11:24:08 AM,226.46,0,0.0,37449655.289999954
2025-08-01 11:24:10 AM,226.46,2,452.92,37450108.209999956
2025-08-01 11:24:23 AM,226.5,0,0.0,37450108.209999956
2025-08-01 11:24:26 AM,226.5,1,226.5,37450334.709999956
2025-08-01 11:24:47 AM,226.5,2,453.0,37450787.709999956
2025-08-01 11:25:03 AM,226.5,8,1812.0,37452599.709999956
2025-08-01 11:25:24 AM,226.5,2,453.0,37453052.709999956
2025-08-01 11:25:45 AM,226.5,2,453.0,37453505.709999956
2025-08-01 11:26:03 AM,226.52,0,0.0,37453505.709999956
2025-08-01 11:26:05 AM,226.52,1,226.52,37453732.22999996
2025-08-01 11:26:11 AM,226.52,300,67956.0,37521688.22999996
2025-08-01 11:26:20 AM,226.53,0,0.0,37521688.22999996
2025-08-01 11:26:21 AM,226.53,25,5663.25,37527351.47999996
2025-08-01 11:26:23 AM,226.54,0,0.0,37527351.47999996
2025-08-01 11:26:26 AM,226.54,1,226.54,37527578.01999996
2025-08-01 11:26:42 AM,226.56,2,453.12,37528031.139999956
2025-08-01 11:27:03 AM,226.58,1,226.58,37528257.719999954
2025-08-01 11:27:23 AM,226.6,0,0.0,37528257.719999954
2025-08-01 11:27:24 AM,226.6,1,226.6,37528484.319999956
2025-08-01 11:27:42 AM,226.62,2,453.24,37528937.55999996
2025-08-01 11:27:51 AM,226.6,0,0.0,37528937.55999996
2025-08-01 11:27:53 AM,226.6,50,11330.0,37540267.55999996
2025-08-01 11:27:58 AM,226.58,215,48714.700000000004,37588982.25999996
2025-08-01 11:28:08 AM,226.5,0,0.0,37588982.25999996
2025-08-01 11:28:08 AM,226.5,1,226.5,37589208.75999996
2025-08-01 11:28:24 AM,226.5,1,226.5,37589435.25999996
2025-08-01 11:28:43 AM,226.4,0,0.0,37589435.25999996
2025-08-01 11:28:44 AM,226.4,313,70863.2,37660298.45999996
2025-08-01 11:29:04 AM,226.4,1,226.4,37660524.85999996
2025-08-01 11:29:10 AM,226.21,0,0.0,37660524.85999996
2025-08-01 11:29:12 AM,226.21,1738,393152.98000000004,38053677.83999996
2025-08-01 11:29:29 AM,226.21,2,452.42,38054130.25999996
2025-08-01 11:29:44 AM,226.16,1,226.16,38054356.41999996
2025-08-01 11:29:48 AM,226.07,0,0.0,38054356.41999996
2025-08-01 11:29:49 AM,226.07,1,226.07,38054582.48999996
2025-08-01 11:30:04 AM,226.09,0,0.0,38054582.48999996
2025-08-01 11:30:04 AM,226.09,1,226.09,38054808.57999996
2025-08-01 11:30:23 AM,226.05,0,0.0,38054808.57999996
2025-08-01 11:30:23 AM,226.05,113,25543.65,38080352.22999996
2025-08-01 11:30:43 AM,226.02,2,452.04,38080804.26999996
2025-08-01 11:30:57 AM,225.94,0,0.0,38080804.26999996
2025-08-01 11:30:57 AM,225.94,989,223454.66,38304258.929999955
2025-08-01 11:30:59 AM,225.68,0,0.0,38304258.929999955
2025-08-01 11:31:00 AM,225.9,77,17394.3,38321653.22999995
2025-08-01 11:31:02 AM,225.9,1,225.9,38321879.12999995
2025-08-01 11:31:13 AM,225.92,33,7455.36,38329334.48999995
2025-08-01 11:31:23 AM,225.9,0,0.0,38329334.48999995
2025-08-01 11:31:23 AM,225.9,51,11520.9,38340855.38999995
2025-08-01 11:31:37 AM,225.9,128,28915.2,38369770.58999995
2025-08-01 11:31:48 AM,225.76,0,0.0,38369770.58999995
2025-08-01 11:31:48 AM,225.76,2,451.52,38370222.109999955
2025-08-01 11:32:03 AM,225.8,0,0.0,38370222.109999955
2025-08-01 11:32:03 AM,225.8,2,451.6,38370673.709999956
2025-08-01 11:32:23 AM,225.8,1,225.8,38370899.50999995
2025-08-01 11:32:44 AM,225.8,2,451.6,38371351.109999955
2025-08-01 11:32:53 AM,225.87,0,0.0,38371351.109999955
2025-08-01 11:32:54 AM,225.87,34,7679.58,38379030.68999995
2025-08-01 11:33:00 AM,225.86,10,2258.6000000000004,38381289.289999954
2025-08-01 11:33:03 AM,225.81,0,0.0,38381289.289999954
2025-08-01 11:33:05 AM,225.81,1,225.81,38381515.09999996
2025-08-01 11:33:25 AM,225.81,1,225.81,38381740.90999996
2025-08-01 11:33:43 AM,225.85,0,0.0,38381740.90999996
2025-08-01 11:33:45 AM,225.85,2,451.7,38382192.60999996
2025-08-01 11:33:47 AM,225.93,0,0.0,38382192.60999996
2025-08-01 11:33:51 AM,225.93,1,225.93,38382418.53999996
2025-08-01 11:34:08 AM,225.85,0,0.0,38382418.53999996
2025-08-01 11:34:11 AM,225.85,1,225.85,38382644.38999996
2025-08-01 11:34:26 AM,225.85,1,225.85,38382870.239999965
2025-08-01 11:34:42 AM,225.85,2,451.7,38383321.93999997
2025-08-01 11:34:58 AM,225.85,150,33877.5,38417199.43999997
2025-08-01 11:35:03 AM,225.85,1,225.85,38417425.28999997
2025-08-01 11:35:25 AM,225.85,2,451.7,38417876.98999997
2025-08-01 11:35:46 AM,225.85,2,451.7,38418328.689999975
2025-08-01 11:36:06 AM,225.85,2,451.7,38418780.38999998
2025-08-01 11:36:16 AM,225.85,99,22359.149999999998,38441139.53999998
2025-08-01 11:36:26 AM,225.85,1,225.85,38441365.38999998
2025-08-01 11:36:42 AM,225.85,2,451.7,38441817.08999998
2025-08-01 11:37:03 AM,225.85,1,225.85,38442042.93999998
2025-08-01 11:37:09 AM,225.92,0,0.0,38442042.93999998
2025-08-01 11:37:14 AM,225.92,12,2711.04,38444753.97999998
2025-08-01 11:37:28 AM,225.85,0,0.0,38444753.97999998
2025-08-01 11:37:30 AM,225.85,1,225.85,38444979.82999998
2025-08-01 11:37:45 AM,225.85,2,451.7,38445431.52999999
2025-08-01 11:38:05 AM,225.85,1,225.85,38445657.37999999
2025-08-01 11:38:25 AM,225.85,1,225.85,38445883.22999999
2025-08-01 11:38:46 AM,225.85,3,677.55,38446560.77999999
2025-08-01 11:39:05 AM,225.91,0,0.0,38446560.77999999
2025-08-01 11:39:06 AM,225.91,17,3840.47,38450401.249999985
2025-08-01 11:39:20 AM,225.92,0,0.0,38450401.249999985
2025-08-01 11:39:21 AM,225.92,9,2033.28,38452434.52999999
2025-08-01 11:39:21 AM,225.85,0,0.0,38452434.52999999
2025-08-01 11:39:22 AM,225.85,21,4742.849999999999,38457177.37999999
2025-08-01 11:39:27 AM,226.0,1327,299902.0,38757079.37999999
2025-08-01 11:39:42 AM,226.01,2,452.02,38757531.39999999
2025-08-01 11:39:53 AM,226.01,149,33675.49,38791206.88999999
2025-08-01 11:40:03 AM,226.01,1,226.01,38791432.89999999
2025-08-01 11:40:20 AM,226.0,1860,420360.0,39211792.89999999
2025-08-01 11:40:26 AM,225.93,0,0.0,39211792.89999999
2025-08-01 11:40:29 AM,225.93,50,11296.5,39223089.39999999
2025-08-01 11:40:33 AM,225.85,0,0.0,39223089.39999999
2025-08-01 11:40:34 AM,225.85,1,225.85,39223315.24999999
2025-08-01 11:40:44 AM,225.85,2,451.7,39223766.949999996
2025-08-01 11:41:04 AM,225.85,1,225.85,39223992.8
2025-08-01 11:41:25 AM,225.85,1,225.85,39224218.65
2025-08-01 11:41:44 AM,225.85,2,451.7,39224670.35
2025-08-01 11:42:05 AM,225.85,2,451.7,39225122.050000004
2025-08-01 11:42:25 AM,225.85,1,225.85,39225347.900000006
2025-08-01 11:42:43 AM,225.95,0,0.0,39225347.900000006
2025-08-01 11:42:47 AM,225.95,2,451.9,39225799.800000004
2025-08-01 11:43:03 AM,225.95,1,225.95,39226025.75000001
2025-08-01 11:43:08 AM,225.95,4,903.8,39226929.550000004
2025-08-01 11:43:24 AM,225.95,1,225.95,39227155.50000001
2025-08-01 11:43:43 AM,225.91,0,0.0,39227155.50000001
2025-08-01 11:43:45 AM,225.91,2,451.82,39227607.32000001
2025-08-01 11:43:49 AM,226.03,0,0.0,39227607.32000001
2025-08-01 11:43:50 AM,226.03,26,5876.78,39233484.10000001
2025-08-01 11:43:53 AM,226.02,0,0.0,39233484.10000001
2025-08-01 11:43:55 AM,226.02,1,226.02,39233710.12000001
2025-08-01 11:44:03 AM,226.0,0,0.0,39233710.12000001
2025-08-01 11:44:06 AM,226.0,1,226.0,39233936.12000001
2025-08-01 11:44:08 AM,225.85,0,0.0,39233936.12000001
2025-08-01 11:44:12 AM,225.8,687,155124.6,39389060.72000001
2025-08-01 11:44:24 AM,225.76,0,0.0,39389060.72000001
2025-08-01 11:44:24 AM,225.76,1,225.76,39389286.48000001
2025-08-01 11:44:30 AM,225.76,9,2031.84,39391318.320000015
2025-08-01 11:44:33 AM,225.7,0,0.0,39391318.320000015
2025-08-01 11:44:36 AM,225.66,104,23468.64,39414786.960000016
2025-08-01 11:44:47 AM,225.66,2,451.32,39415238.280000016
2025-08-01 11:44:51 AM,225.7,0,0.0,39415238.280000016
2025-08-01 11:44:52 AM,225.7,75,16927.5,39432165.780000016
2025-08-01 11:45:02 AM,225.75,1,225.75,39432391.530000016
2025-08-01 11:45:23 AM,225.84,0,0.0,39432391.530000016
2025-08-01 11:45:24 AM,225.84,2,451.68,39432843.210000016
2025-08-01 11:45:43 AM,225.88,0,0.0,39432843.210000016
2025-08-01 11:45:45 AM,225.88,64,14456.32,39447299.530000016
2025-08-01 11:46:07 AM,225.88,1,225.88,39447525.41000002
2025-08-01 11:46:19 AM,225.99,0,0.0,39447525.41000002
2025-08-01 11:46:22 AM,225.99,1,225.99,39447751.40000002
2025-08-01 11:46:23 AM,225.94,1,225.94,39447977.34000002
2025-08-01 11:46:43 AM,225.95,0,0.0,39447977.34000002
2025-08-01 11:46:44 AM,225.95,2,451.9,39448429.24000002
2025-08-01 11:46:54 AM,225.95,1,225.95,39448655.19000002
2025-08-01 11:46:57 AM,225.99,0,0.0,39448655.19000002
2025-08-01 11:47:00 AM,225.99,142,32090.58,39480745.77000002
2025-08-01 11:47:03 AM,225.95,0,0.0,39480745.77000002
2025-08-01 11:47:05 AM,225.95,1,225.95,39480971.72000002
2025-08-01 11:47:25 AM,225.95,1,225.95,39481197.670000024
2025-08-01 11:47:31 AM,226.0,0,0.0,39481197.670000024
2025-08-01 11:47:31 AM,226.0,1,226.0,39481423.670000024
2025-08-01 11:47:35 AM,225.95,1,225.95,39481649.62000003
2025-08-01 11:47:44 AM,226.0,0,0.0,39481649.62000003
2025-08-01 11:47:45 AM,226.0,3,678.0,39482327.62000003
2025-08-01 11:48:03 AM,225.95,0,0.0,39482327.62000003
2025-08-01 11:48:06 AM,226.02,0,0.0,39482327.62000003
2025-08-01 11:48:06 AM,226.02,2,452.04,39482779.660000026
2025-08-01 11:48:28 AM,225.95,0,0.0,39482779.660000026
2025-08-01 11:48:30 AM,226.01,0,0.0,39482779.660000026
2025-08-01 11:48:31 AM,226.01,6,1356.06,39484135.72000003
2025-08-01 11:48:48 AM,225.95,0,0.0,39484135.72000003
2025-08-01 11:48:52 AM,225.95,3,677.8499999999999,39484813.57000003
2025-08-01 11:48:57 AM,225.95,200,45190.0,39530003.57000003
2025-08-01 11:49:03 AM,225.94,0,0.0,39530003.57000003
2025-08-01 11:49:07 AM,225.94,1,225.94,39530229.51000003
2025-08-01 11:49:23 AM,225.94,1,225.94,39530455.450000025
2025-08-01 11:49:33 AM,225.94,50,11297.0,39541752.450000025
2025-08-01 11:49:43 AM,225.89,0,0.0,39541752.450000025
2025-08-01 11:49:44 AM,225.89,2,451.78,39542204.23000003
2025-08-01 11:50:01 AM,225.94,0,0.0,39542204.23000003
2025-08-01 11:50:03 AM,225.92,0,0.0,39542204.23000003
2025-08-01 11:50:04 AM,225.92,41,9262.72,39551466.950000025
2025-08-01 11:50:07 AM,225.99,0,0.0,39551466.950000025
2025-08-01 11:50:09 AM,225.99,30,6779.700000000001,39558246.65000003
2025-08-01 11:50:28 AM,226.02,0,0.0,39558246.65000003
2025-08-01 11:50:30 AM,226.02,4,904.08,39559150.73000003
2025-08-01 11:50:32 AM,226.01,0,0.0,39559150.73000003
2025-08-01 11:50:35 AM,226.01,5,1130.05,39560280.78000002
2025-08-01 11:50:48 AM,225.92,0,0.0,39560280.78000002
2025-08-01 11:50:50 AM,225.92,2,451.84,39560732.62000003
2025-08-01 11:51:04 AM,225.92,1,225.92,39560958.54000003
2025-08-01 11:51:24 AM,225.92,1,225.92,39561184.46000003
2025-08-01 11:51:25 AM,225.85,0,0.0,39561184.46000003
2025-08-01 11:51:29 AM,225.85,200,45170.0,39606354.46000003
2025-08-01 11:51:38 AM,225.91,0,0.0,39606354.46000003
2025-08-01 11:51:39 AM,225.91,14,3162.74,39609517.20000003
2025-08-01 11:51:44 AM,225.91,2,451.82,39609969.02000003
2025-08-01 11:51:54 AM,225.91,1,225.91,39610194.93000003
2025-08-01 11:52:04 AM,225.91,2,451.82,39610646.75000003
2025-08-01 11:52:14 AM,225.91,45,10165.95,39620812.70000003
2025-08-01 11:52:24 AM,225.91,101,22816.91,39643629.61000003
2025-08-01 11:52:34 AM,225.86,0,0.0,39643629.61000003
2025-08-01 11:52:34 AM,225.86,108,24392.88,39668022.49000003
2025-08-01 11:52:44 AM,225.86,2,451.72,39668474.21000003
2025-08-01 11:53:05 AM,225.86,1,225.86,39668700.07000003
2025-08-01 11:53:26 AM,225.86,1,225.86,39668925.93000003
2025-08-01 11:53:35 AM,226.01,0,0.0,39668925.93000003
2025-08-01 11:53:36 AM,226.01,45,10170.449999999999,39679096.38000003
2025-08-01 11:53:41 AM,226.01,1,226.01,39679322.39000003
2025-08-01 11:53:43 AM,225.96,0,0.0,39679322.39000003
2025-08-01 11:53:46 AM,225.96,2,451.92,39679774.31000003
2025-08-01 11:54:03 AM,225.91,0,0.0,39679774.31000003
2025-08-01 11:54:05 AM,225.91,1,225.91,39680000.22000003
2025-08-01 11:54:23 AM,225.9,0,0.0,39680000.22000003
2025-08-01 11:54:24 AM,225.88,0,0.0,39680000.22000003
2025-08-01 11:54:26 AM,225.88,131,29590.28,39709590.50000003
2025-08-01 11:54:43 AM,225.94,2,451.88,39710042.38000003
2025-08-01 11:54:57 AM,225.94,16,3615.04,39713657.42000003
2025-08-01 11:55:03 AM,225.94,1,225.94,39713883.36000003
2025-08-01 11:55:23 AM,225.94,2,451.88,39714335.24000003
2025-08-01 11:55:34 AM,226.01,0,0.0,39714335.24000003
2025-08-01 11:55:37 AM,226.01,4,904.04,39715239.28000003
2025-08-01 11:55:48 AM,225.94,0,0.0,39715239.28000003
2025-08-01 11:55:48 AM,225.94,2,451.88,39715691.16000003
2025-08-01 11:56:03 AM,225.94,1,225.94,39715917.10000003
2025-08-01 11:56:23 AM,225.9,1,225.9,39716143.00000003
2025-08-01 11:56:43 AM,225.9,2,451.8,39716594.80000003
2025-08-01 11:57:02 AM,226.02,0,0.0,39716594.80000003
2025-08-01 11:57:03 AM,226.02,2,452.04,39717046.840000026
2025-08-01 11:57:08 AM,225.94,1,225.94,39717272.78000002
2025-08-01 11:57:19 AM,225.94,50,11297.0,39728569.78000002
2025-08-01 11:57:23 AM,225.94,1,225.94,39728795.72000002
2025-08-01 11:57:31 AM,226.09,0,0.0,39728795.72000002
2025-08-01 11:57:33 AM,226.09,250,56522.5,39785318.22000002
2025-08-01 11:57:48 AM,225.95,2,451.9,39785770.12000002
2025-08-01 11:58:03 AM,225.95,1,225.95,39785996.07000002
2025-08-01 11:58:21 AM,225.95,147,33214.65,39819210.72000002
2025-08-01 11:58:23 AM,225.94,0,0.0,39819210.72000002
2025-08-01 11:58:25 AM,225.94,1,225.94,39819436.66000002
2025-08-01 11:58:41 AM,225.94,2,451.88,39819888.54000002
2025-08-01 11:58:46 AM,225.94,6,1355.6399999999999,39821244.18000002
2025-08-01 11:59:03 AM,225.94,1,225.94,39821470.12000002
2025-08-01 11:59:22 AM,225.94,1,225.94,39821696.06000002
2025-08-01 11:59:43 AM,225.94,2,451.88,39822147.94000002
2025-08-01 11:59:50 AM,225.94,13,2937.22,39825085.16000002
2025-08-01 12:00:15 PM,225.94,51,11522.94,39836608.10000002
2025-08-01 12:00:25 PM,225.94,1,225.94,39836834.040000014
2025-08-01 12:00:30 PM,225.94,80,18075.2,39854909.24000002
2025-08-01 12:00:40 PM,225.9,0,0.0,39854909.24000002
2025-08-01 12:00:41 PM,225.93,0,0.0,39854909.24000002
2025-08-01 12:00:42 PM,225.93,78,17622.54,39872531.780000016
2025-08-01 12:00:43 PM,225.9,0,0.0,39872531.780000016
2025-08-01 12:00:45 PM,225.9,2,451.8,39872983.58000001
2025-08-01 12:01:04 PM,225.9,1,225.9,39873209.48000001
2025-08-01 12:01:24 PM,225.9,1,225.9,39873435.38000001
2025-08-01 12:01:29 PM,225.93,0,0.0,39873435.38000001
2025-08-01 12:01:30 PM,225.93,25,5648.25,39879083.63000001
2025-08-01 12:01:42 PM,225.9,2,451.8,39879535.43000001
2025-08-01 12:02:01 PM,225.9,14,3162.6,39882698.03000001
2025-08-01 12:02:03 PM,225.9,2,451.8,39883149.830000006
2025-08-01 12:02:23 PM,225.9,1,225.9,39883375.730000004
2025-08-01 12:02:37 PM,225.9,40,9036.0,39892411.730000004
2025-08-01 12:02:38 PM,225.94,0,0.0,39892411.730000004
2025-08-01 12:02:39 PM,225.94,500,112970.0,40005381.730000004
2025-08-01 12:02:41 PM,225.9,0,0.0,40005381.730000004
2025-08-01 12:02:42 PM,225.9,51,11520.9,40016902.63
2025-08-01 12:02:44 PM,225.9,2,451.8,40017354.43
2025-08-01 12:03:03 PM,225.9,102,23041.8,40040396.23
2025-08-01 12:03:21 PM,225.94,0,0.0,40040396.23
2025-08-01 12:03:21 PM,225.94,100,22594.0,40062990.23
2025-08-01 12:03:23 PM,225.9,1,225.9,40063216.129999995
2025-08-01 12:03:35 PM,225.51,0,0.0,40063216.129999995
2025-08-01 12:03:36 PM,225.51,3520,793795.2,40857011.33
2025-08-01 12:03:43 PM,225.52,0,0.0,40857011.33
2025-08-01 12:03:43 PM,225.52,2,451.04,40857462.37
2025-08-01 12:03:57 PM,225.7,0,0.0,40857462.37
2025-08-01 12:03:59 PM,225.7,25,5642.5,40863104.87
2025-08-01 12:04:06 PM,225.52,0,0.0,40863104.87
2025-08-01 12:04:07 PM,225.52,300,67656.0,40930760.87
2025-08-01 12:04:10 PM,225.52,1,225.52,40930986.39
2025-08-01 12:04:14 PM,225.65,0,0.0,40930986.39
2025-08-01 12:04:16 PM,225.65,1,225.65,40931212.04
2025-08-01 12:04:23 PM,225.6,1,225.6,40931437.64
2025-08-01 12:04:43 PM,225.56,2,451.12,40931888.76
2025-08-01 12:05:03 PM,225.61,1,225.61,40932114.37
2025-08-01 12:05:08 PM,225.62,0,0.0,40932114.37
2025-08-01 12:05:09 PM,225.62,25,5640.5,40937754.87
2025-08-01 12:05:22 PM,225.65,3,676.95,40938431.82
2025-08-01 12:05:43 PM,225.66,2,451.32,40938883.14
2025-08-01 12:06:02 PM,225.66,1,225.66,40939108.8
2025-08-01 12:06:12 PM,225.66,71,16021.86,40955130.66
2025-08-01 12:06:24 PM,225.65,0,0.0,40955130.66
2025-08-01 12:06:27 PM,225.65,1,225.65,40955356.309999995
2025-08-01 12:06:27 PM,225.65,100,22565.0,40977921.309999995
2025-08-01 12:06:46 PM,225.65,2,451.3,40978372.60999999
2025-08-01 12:06:50 PM,225.6,0,0.0,40978372.60999999
2025-08-01 12:06:51 PM,225.6,750,169200.0,41147572.60999999
2025-08-01 12:07:04 PM,225.65,0,0.0,41147572.60999999
2025-08-01 12:07:06 PM,225.65,1,225.65,41147798.25999999
2025-08-01 12:07:10 PM,225.53,0,0.0,41147798.25999999
2025-08-01 12:07:11 PM,225.53,500,112765.0,41260563.25999999
2025-08-01 12:07:24 PM,225.55,0,0.0,41260563.25999999
2025-08-01 12:07:27 PM,225.55,1,225.55,41260788.80999999
2025-08-01 12:07:42 PM,225.58,2,451.16,41261239.969999984
2025-08-01 12:08:04 PM,225.62,0,0.0,41261239.969999984
2025-08-01 12:08:07 PM,225.62,1,225.62,41261465.58999998
2025-08-01 12:08:20 PM,225.76,0,0.0,41261465.58999998
2025-08-01 12:08:22 PM,225.76,22,4966.719999999999,41266432.30999998
2025-08-01 12:08:28 PM,225.59,1,225.59,41266657.89999998
2025-08-01 12:08:44 PM,225.71,0,0.0,41266657.89999998
2025-08-01 12:08:47 PM,225.71,3,677.13,41267335.02999999
2025-08-01 12:09:02 PM,225.71,1,225.71,41267560.73999999
2025-08-01 12:09:12 PM,225.71,617,139263.07,41406823.80999999
2025-08-01 12:09:27 PM,225.71,1,225.71,41407049.51999999
2025-08-01 12:09:46 PM,225.71,22,4965.62,41412015.139999986
2025-08-01 12:10:01 PM,225.71,10,2257.1,41414272.23999999
2025-08-01 12:10:07 PM,225.71,1,225.71,41414497.94999999
2025-08-01 12:10:22 PM,225.72,1,225.72,41414723.66999999
2025-08-01 12:10:27 PM,225.71,514,116014.94,41530738.609999985
2025-08-01 12:10:37 PM,225.71,5,1128.55,41531867.15999998
2025-08-01 12:10:47 PM,225.71,2,451.42,41532318.57999998
2025-08-01 12:10:51 PM,225.81,89,20097.09,41552415.66999999
2025-08-01 12:11:08 PM,225.71,0,0.0,41552415.66999999
2025-08-01 12:11:12 PM,225.71,1,225.71,41552641.37999999
2025-08-01 12:11:26 PM,225.71,1,225.71,41552867.08999999
2025-08-01 12:11:46 PM,225.71,2,451.42,41553318.50999999
2025-08-01 12:12:05 PM,225.71,2,451.42,41553769.92999999
2025-08-01 12:12:25 PM,225.71,1,225.71,41553995.63999999
2025-08-01 12:12:46 PM,225.71,2,451.42,41554447.059999995
2025-08-01 12:13:06 PM,225.71,1,225.71,41554672.769999996
2025-08-01 12:13:26 PM,225.71,1,225.71,41554898.48
2025-08-01 12:13:30 PM,225.8,0,0.0,41554898.48
2025-08-01 12:13:31 PM,225.8,10,2258.0,41557156.48
2025-08-01 12:13:44 PM,225.78,0,0.0,41557156.48
2025-08-01 12:13:46 PM,225.78,26,5870.28,41563026.76
2025-08-01 12:14:08 PM,225.71,0,0.0,41563026.76
2025-08-01 12:14:11 PM,225.71,1,225.71,41563252.47
2025-08-01 12:14:25 PM,225.71,1,225.71,41563478.18
2025-08-01 12:14:35 PM,225.71,125,28213.75,41591691.93
2025-08-01 12:14:46 PM,225.71,2,451.42,41592143.35
2025-08-01 12:15:06 PM,225.71,1,225.71,41592369.06
2025-08-01 12:15:22 PM,225.71,2,451.42,41592820.480000004
2025-08-01 12:15:42 PM,225.72,0,0.0,41592820.480000004
2025-08-01 12:15:42 PM,225.72,2,451.44,41593271.92
2025-08-01 12:16:02 PM,225.72,1,225.72,41593497.64
2025-08-01 12:16:22 PM,225.72,1,225.72,41593723.36
2025-08-01 12:16:30 PM,225.8,0,0.0,41593723.36
2025-08-01 12:16:32 PM,225.8,25,5645.0,41599368.36
2025-08-01 12:16:48 PM,225.72,0,0.0,41599368.36
2025-08-01 12:16:51 PM,225.72,31,6997.32,41606365.68
2025-08-01 12:17:06 PM,225.72,1,225.72,41606591.4
2025-08-01 12:17:16 PM,225.72,50,11286.0,41617877.4
2025-08-01 12:17:25 PM,225.72,1,225.72,41618103.12
2025-08-01 12:17:44 PM,225.72,2,451.44,41618554.559999995
2025-08-01 12:18:04 PM,225.72,1,225.72,41618780.279999994
2025-08-01 12:18:09 PM,225.72,5,1128.6,41619908.879999995
2025-08-01 12:18:18 PM,225.75,0,0.0,41619908.879999995
2025-08-01 12:18:18 PM,225.75,208,46956.0,41666864.879999995
2025-08-01 12:18:22 PM,225.72,0,0.0,41666864.879999995
2025-08-01 12:18:23 PM,225.72,1,225.72,41667090.599999994
2025-08-01 12:18:43 PM,225.72,3,677.16,41667767.75999999
2025-08-01 12:18:44 PM,225.71,0,0.0,41667767.75999999
2025-08-01 12:18:48 PM,225.67,0,0.0,41667767.75999999
2025-08-01 12:18:48 PM,225.67,1090,245980.3,41913748.05999999
2025-08-01 12:18:52 PM,225.66,0,0.0,41913748.05999999
2025-08-01 12:18:53 PM,225.66,20,4513.2,41918261.25999999
2025-08-01 12:19:00 PM,225.52,0,0.0,41918261.25999999
2025-08-01 12:19:02 PM,225.5,0,0.0,41918261.25999999
2025-08-01 12:19:04 PM,225.5,195,43972.5,41962233.75999999
2025-08-01 12:19:08 PM,225.52,0,0.0,41962233.75999999
2025-08-01 12:19:09 PM,225.52,30,6765.6,41968999.35999999
2025-08-01 12:19:14 PM,225.52,5,1127.6000000000001,41970126.95999999
2025-08-01 12:19:19 PM,225.52,150,33828.0,42003954.95999999
2025-08-01 12:19:22 PM,225.51,0,0.0,42003954.95999999
2025-08-01 12:19:23 PM,225.51,1,225.51,42004180.46999999
2025-08-01 12:19:26 PM,225.52,0,0.0,42004180.46999999
2025-08-01 12:19:28 PM,225.45,0,0.0,42004180.46999999
2025-08-01 12:19:29 PM,225.45,631,142258.94999999998,42146439.419999994
2025-08-01 12:19:40 PM,225.38,0,0.0,42146439.419999994
2025-08-01 12:19:43 PM,225.35,0,0.0,42146439.419999994
2025-08-01 12:19:44 PM,225.35,17,3830.95,42150270.37
2025-08-01 12:19:48 PM,225.39,0,0.0,42150270.37
2025-08-01 12:19:49 PM,225.39,10,2253.8999999999996,42152524.269999996
2025-08-01 12:19:51 PM,225.25,0,0.0,42152524.269999996
2025-08-01 12:19:54 PM,225.25,129,29057.25,42181581.519999996
2025-08-01 12:20:07 PM,225.1,0,0.0,42181581.519999996
2025-08-01 12:20:10 PM,225.1,528,118852.8,42300434.31999999
2025-08-01 12:20:15 PM,225.1,1,225.1,42300659.419999994
2025-08-01 12:20:18 PM,225.12,0,0.0,42300659.419999994
2025-08-01 12:20:20 PM,225.12,50,11256.0,42311915.419999994
2025-08-01 12:20:23 PM,225.1,0,0.0,42311915.419999994
2025-08-01 12:20:25 PM,225.1,1,225.1,42312140.519999996
2025-08-01 12:20:38 PM,225.12,0,0.0,42312140.519999996
2025-08-01 12:20:41 PM,225.12,12,2701.44,42314841.95999999
2025-08-01 12:20:43 PM,225.13,0,0.0,42314841.95999999
2025-08-01 12:20:46 PM,225.13,2,450.26,42315292.21999999
2025-08-01 12:21:03 PM,225.16,0,0.0,42315292.21999999
2025-08-01 12:21:06 PM,225.16,1,225.16,42315517.37999999
2025-08-01 12:21:17 PM,225.25,308,69377.0,42384894.37999999
2025-08-01 12:21:27 PM,225.13,0,0.0,42384894.37999999
2025-08-01 12:21:30 PM,225.13,1,225.13,42385119.50999999
2025-08-01 12:21:35 PM,225.24,20,4504.8,42389624.30999999
2025-08-01 12:21:35 PM,225.12,0,0.0,42389624.30999999
2025-08-01 12:21:36 PM,225.12,45,10130.4,42399754.709999986
2025-08-01 12:21:40 PM,225.12,1,225.12,42399979.82999998
2025-08-01 12:21:44 PM,225.12,2,450.24,42400430.069999985
2025-08-01 12:21:54 PM,225.12,5,1125.6,42401555.66999999
2025-08-01 12:22:04 PM,225.12,2,450.24,42402005.90999999
2025-08-01 12:22:26 PM,225.12,1,225.12,42402231.02999999
2025-08-01 12:22:31 PM,225.23,654,147300.41999999998,42549531.44999999
2025-08-01 12:22:35 PM,225.43,0,0.0,42549531.44999999
2025-08-01 12:22:36 PM,225.46,0,0.0,42549531.44999999
2025-08-01 12:22:36 PM,225.46,24,5411.04,42554942.48999999
2025-08-01 12:22:46 PM,225.28,0,0.0,42554942.48999999
2025-08-01 12:22:46 PM,225.28,39,8785.92,42563728.40999999
2025-08-01 12:22:47 PM,225.29,0,0.0,42563728.40999999
2025-08-01 12:22:51 PM,225.29,2,450.58,42564178.98999999
2025-08-01 12:22:55 PM,225.54,0,0.0,42564178.98999999
2025-08-01 12:22:56 PM,225.56,0,0.0,42564178.98999999
2025-08-01 12:22:56 PM,225.56,600,135336.0,42699514.98999999
2025-08-01 12:23:07 PM,225.36,0,0.0,42699514.98999999
2025-08-01 12:23:12 PM,225.36,1,225.36,42699740.34999999
2025-08-01 12:23:23 PM,225.38,0,0.0,42699740.34999999
2025-08-01 12:23:26 PM,225.38,1,225.38,42699965.72999999
2025-08-01 12:23:43 PM,225.36,0,0.0,42699965.72999999
2025-08-01 12:23:45 PM,225.36,2,450.72,42700416.44999999
2025-08-01 12:24:00 PM,225.36,50,11268.0,42711684.44999999
2025-08-01 12:24:01 PM,225.37,0,0.0,42711684.44999999
2025-08-01 12:24:06 PM,225.37,105,23663.850000000002,42735348.29999999
2025-08-01 12:24:07 PM,225.21,0,0.0,42735348.29999999
2025-08-01 12:24:11 PM,225.21,1,225.21,42735573.50999999
2025-08-01 12:24:17 PM,225.35,0,0.0,42735573.50999999
2025-08-01 12:24:20 PM,225.21,0,0.0,42735573.50999999
2025-08-01 12:24:21 PM,225.21,41,9233.61,42744807.11999999
2025-08-01 12:24:23 PM,225.22,0,0.0,42744807.11999999
2025-08-01 12:24:26 PM,225.22,1,225.22,42745032.33999999
2025-08-01 12:24:45 PM,225.22,2,450.44,42745482.77999999
2025-08-01 12:24:55 PM,225.35,1,225.35,42745708.12999999
2025-08-01 12:25:03 PM,225.4,0,0.0,42745708.12999999
2025-08-01 12:25:05 PM,225.4,867,195421.80000000002,42941129.929999985
2025-08-01 12:25:10 PM,225.32,300,67596.0,43008725.929999985
2025-08-01 12:25:10 PM,225.5,0,0.0,43008725.929999985
2025-08-01 12:25:15 PM,225.5,38,8569.0,43017294.929999985
2025-08-01 12:25:27 PM,225.33,0,0.0,43017294.929999985
2025-08-01 12:25:28 PM,225.31,0,0.0,43017294.929999985
2025-08-01 12:25:30 PM,225.31,22,4956.82,43022251.749999985
2025-08-01 12:25:45 PM,225.31,2,450.62,43022702.36999998
2025-08-01 12:26:03 PM,225.36,0,0.0,43022702.36999998
2025-08-01 12:26:05 PM,225.36,1,225.36,43022927.72999998
2025-08-01 12:26:23 PM,225.34,0,0.0,43022927.72999998
2025-08-01 12:26:25 PM,225.34,1,225.34,43023153.069999985
2025-08-01 12:26:33 PM,225.36,0,0.0,43023153.069999985
2025-08-01 12:26:36 PM,225.36,25,5634.0,43028787.069999985
2025-08-01 12:26:45 PM,225.36,2,450.72,43029237.789999984
2025-08-01 12:26:49 PM,225.27,0,0.0,43029237.789999984
2025-08-01 12:26:50 PM,225.27,500,112635.0,43141872.789999984
2025-08-01 12:27:05 PM,225.29,0,0.0,43141872.789999984
2025-08-01 12:27:06 PM,225.29,22,4956.38,43146829.16999999
2025-08-01 12:27:21 PM,225.29,18,4055.22,43150884.389999986
2025-08-01 12:27:26 PM,225.29,11,2478.19,43153362.57999998
2025-08-01 12:27:46 PM,225.29,33,7434.57,43160797.14999998
2025-08-01 12:28:05 PM,225.29,1,225.29,43161022.43999998
2025-08-01 12:28:11 PM,225.44,0,0.0,43161022.43999998
2025-08-01 12:28:15 PM,225.44,11,2479.84,43163502.27999999
2025-08-01 12:28:21 PM,225.22,200,45044.0,43208546.27999999
2025-08-01 12:28:23 PM,225.17,0,0.0,43208546.27999999
2025-08-01 12:28:25 PM,225.17,1,225.17,43208771.44999999
2025-08-01 12:28:45 PM,225.17,3,675.51,43209446.959999986
2025-08-01 12:28:46 PM,225.17,116,26119.719999999998,43235566.679999985
2025-08-01 12:29:04 PM,225.17,1,225.17,43235791.84999999
2025-08-01 12:29:24 PM,225.17,1,225.17,43236017.01999999
2025-08-01 12:29:41 PM,225.28,0,0.0,43236017.01999999
2025-08-01 12:29:42 PM,225.28,20,4505.6,43240522.61999999
2025-08-01 12:29:45 PM,225.23,0,0.0,43240522.61999999
2025-08-01 12:29:47 PM,225.23,1,225.23,43240747.84999999
2025-08-01 12:29:47 PM,225.17,0,0.0,43240747.84999999
2025-08-01 12:29:49 PM,225.17,1,225.17,43240973.01999999
2025-08-01 12:30:04 PM,225.17,1,225.17,43241198.18999999
2025-08-01 12:30:25 PM,225.17,1,225.17,43241423.35999999
2025-08-01 12:30:43 PM,225.17,2,450.34,43241873.699999996
2025-08-01 12:30:46 PM,225.2,2,450.4,43242324.099999994
2025-08-01 12:31:02 PM,225.18,0,0.0,43242324.099999994
2025-08-01 12:31:03 PM,225.18,1,225.18,43242549.279999994
2025-08-01 12:31:23 PM,225.18,1,225.18,43242774.45999999
2025-08-01 12:31:40 PM,225.33,0,0.0,43242774.45999999
2025-08-01 12:31:43 PM,225.33,20,4506.6,43247281.059999995
2025-08-01 12:31:48 PM,225.24,2,450.48,43247731.53999999
2025-08-01 12:32:02 PM,225.25,0,0.0,43247731.53999999
2025-08-01 12:32:05 PM,225.25,2,450.5,43248182.03999999
2025-08-01 12:32:26 PM,225.25,1,225.25,43248407.28999999
2025-08-01 12:32:46 PM,225.25,2,450.5,43248857.78999999
2025-08-01 12:33:05 PM,225.25,1,225.25,43249083.03999999
2025-08-01 12:33:22 PM,225.32,0,0.0,43249083.03999999
2025-08-01 12:33:25 PM,225.32,1,225.32,43249308.35999999
2025-08-01 12:33:38 PM,225.34,0,0.0,43249308.35999999
2025-08-01 12:33:40 PM,225.34,1,225.34,43249533.699999996
2025-08-01 12:33:42 PM,225.35,0,0.0,43249533.699999996
2025-08-01 12:33:46 PM,225.35,3,676.05,43250209.74999999
2025-08-01 12:34:06 PM,225.35,1,225.35,43250435.099999994
2025-08-01 12:34:26 PM,225.35,1,225.35,43250660.449999996
2025-08-01 12:34:47 PM,225.35,3,676.05,43251336.49999999
2025-08-01 12:34:54 PM,225.32,0,0.0,43251336.49999999
2025-08-01 12:34:56 PM,225.32,424,95535.68,43346872.17999999
2025-08-01 12:35:08 PM,225.26,0,0.0,43346872.17999999
2025-08-01 12:35:12 PM,225.26,1,225.26,43347097.43999999
2025-08-01 12:35:14 PM,225.21,0,0.0,43347097.43999999
2025-08-01 12:35:17 PM,225.21,595,133999.95,43481097.38999999
2025-08-01 12:35:18 PM,225.26,0,0.0,43481097.38999999
2025-08-01 12:35:22 PM,225.26,70,15768.199999999999,43496865.589999996
2025-08-01 12:35:22 PM,225.27,0,0.0,43496865.589999996
2025-08-01 12:35:22 PM,225.27,2,450.54,43497316.129999995
2025-08-01 12:35:42 PM,225.27,22,4955.9400000000005,43502272.06999999
2025-08-01 12:35:58 PM,225.28,0,0.0,43502272.06999999
2025-08-01 12:35:59 PM,225.28,1,225.28,43502497.349999994
2025-08-01 12:36:02 PM,225.27,0,0.0,43502497.349999994
2025-08-01 12:36:04 PM,225.27,1,225.27,43502722.62
2025-08-01 12:36:25 PM,225.27,1,225.27,43502947.89
2025-08-01 12:36:30 PM,225.27,45,10137.15,43513085.04
2025-08-01 12:36:45 PM,225.27,2,450.54,43513535.58
2025-08-01 12:37:06 PM,225.27,1,225.27,43513760.85
2025-08-01 12:37:26 PM,225.27,1,225.27,43513986.120000005
2025-08-01 12:37:40 PM,225.27,185,41674.950000000004,43555661.07000001
2025-08-01 12:37:45 PM,225.27,2,450.54,43556111.61000001
2025-08-01 12:38:05 PM,225.27,1,225.27,43556336.88000001
2025-08-01 12:38:26 PM,225.27,1,225.27,43556562.15000001
2025-08-01 12:38:26 PM,225.29,0,0.0,43556562.15000001
2025-08-01 12:38:27 PM,225.29,3,675.87,43557238.02000001
2025-08-01 12:38:43 PM,225.28,0,0.0,43557238.02000001
2025-08-01 12:38:45 PM,225.28,3,675.84,43557913.860000014
2025-08-01 12:38:59 PM,225.4,253,57026.200000000004,43614940.06000002
2025-08-01 12:39:04 PM,225.4,1,225.4,43615165.460000016
2025-08-01 12:39:22 PM,225.44,0,0.0,43615165.460000016
2025-08-01 12:39:23 PM,225.4,0,0.0,43615165.460000016
2025-08-01 12:39:24 PM,225.4,41,9241.4,43624406.860000014
2025-08-01 12:39:35 PM,225.5,0,0.0,43624406.860000014
2025-08-01 12:39:38 PM,225.5,63,14206.5,43638613.360000014
2025-08-01 12:39:39 PM,225.4,200,45080.0,43683693.360000014
2025-08-01 12:39:43 PM,225.4,17,3831.8,43687525.16000001
2025-08-01 12:39:44 PM,225.4,10,2254.0,43689779.16000001
2025-08-01 12:39:48 PM,225.4,44,9917.6,43699696.76000001
2025-08-01 12:40:08 PM,225.3,0,0.0,43699696.76000001
2025-08-01 12:40:09 PM,225.3,1,225.3,43699922.06000001
2025-08-01 12:40:25 PM,225.3,1,225.3,43700147.36000001
2025-08-01 12:40:46 PM,225.3,2,450.6,43700597.96000001
2025-08-01 12:41:06 PM,225.3,1,225.3,43700823.260000005
2025-08-01 12:41:22 PM,225.31,0,0.0,43700823.260000005
2025-08-01 12:41:23 PM,225.31,1,225.31,43701048.57000001
2025-08-01 12:41:43 PM,225.31,2,450.62,43701499.190000005
2025-08-01 12:41:54 PM,225.4,0,0.0,43701499.190000005
2025-08-01 12:41:54 PM,225.4,1,225.4,43701724.59
2025-08-01 12:42:08 PM,225.31,0,0.0,43701724.59
2025-08-01 12:42:09 PM,225.31,2,450.62,43702175.21
2025-08-01 12:42:24 PM,225.31,1,225.31,43702400.52
2025-08-01 12:42:34 PM,225.43,0,0.0,43702400.52
2025-08-01 12:42:34 PM,225.43,10,2254.3,43704654.82
2025-08-01 12:42:42 PM,225.42,0,0.0,43704654.82
2025-08-01 12:42:44 PM,225.42,2,450.84,43705105.660000004
2025-08-01 12:42:48 PM,225.6,0,0.0,43705105.660000004
2025-08-01 12:42:49 PM,225.6,1028,231916.8,43937022.46
2025-08-01 12:42:58 PM,225.57,0,0.0,43937022.46
2025-08-01 12:43:00 PM,225.57,60,13534.199999999999,43950556.660000004
2025-08-01 12:43:09 PM,225.42,0,0.0,43950556.660000004
2025-08-01 12:43:11 PM,225.42,1,225.42,43950782.080000006
2025-08-01 12:43:22 PM,225.42,1,225.42,43951007.50000001
2025-08-01 12:43:45 PM,225.42,2,450.84,43951458.34000001
2025-08-01 12:44:06 PM,225.42,1,225.42,43951683.76000001
2025-08-01 12:44:22 PM,225.43,0,0.0,43951683.76000001
2025-08-01 12:44:23 PM,225.43,1,225.43,43951909.19000001
2025-08-01 12:44:44 PM,225.43,2,450.86,43952360.05000001
2025-08-01 12:44:49 PM,225.43,125,28178.75,43980538.80000001
2025-08-01 12:45:04 PM,225.43,1,225.43,43980764.23000001
2025-08-01 12:45:12 PM,225.5,0,0.0,43980764.23000001
2025-08-01 12:45:14 PM,225.34,0,0.0,43980764.23000001
2025-08-01 12:45:15 PM,225.34,113,25463.420000000002,44006227.65000001
2025-08-01 12:45:18 PM,225.27,0,0.0,44006227.65000001
2025-08-01 12:45:20 PM,225.27,901,202968.27000000002,44209195.92000002
2025-08-01 12:45:25 PM,225.27,2,450.54,44209646.460000016
2025-08-01 12:45:42 PM,225.28,0,0.0,44209646.460000016
2025-08-01 12:45:45 PM,225.28,2,450.56,44210097.02000002
2025-08-01 12:46:05 PM,225.28,1,225.28,44210322.30000002
2025-08-01 12:46:15 PM,225.28,100,22528.0,44232850.30000002
2025-08-01 12:46:22 PM,225.29,0,0.0,44232850.30000002
2025-08-01 12:46:26 PM,225.29,1,225.29,44233075.59000002
2025-08-01 12:46:31 PM,225.29,71,15995.59,44249071.18000002
2025-08-01 12:46:36 PM,225.59,440,99259.6,44348330.78000002
2025-08-01 12:46:38 PM,225.58,0,0.0,44348330.78000002
2025-08-01 12:46:41 PM,225.58,109,24588.22,44372919.00000002
2025-08-01 12:46:48 PM,225.35,0,0.0,44372919.00000002
2025-08-01 12:46:51 PM,225.35,2,450.7,44373369.700000025
2025-08-01 12:47:07 PM,225.35,1,225.35,44373595.05000003
2025-08-01 12:47:22 PM,225.59,0,0.0,44373595.05000003
2025-08-01 12:47:27 PM,225.59,1,225.59,44373820.64000003
2025-08-01 12:47:40 PM,225.66,0,0.0,44373820.64000003
2025-08-01 12:47:42 PM,225.66,20,4513.2,44378333.84000003
2025-08-01 12:47:43 PM,225.66,2,451.32,44378785.16000003
2025-08-01 12:47:56 PM,225.8,0,0.0,44378785.16000003
2025-08-01 12:47:57 PM,225.8,62,13999.6,44392784.760000035
2025-08-01 12:48:02 PM,225.8,1,225.8,44393010.56000003
2025-08-01 12:48:23 PM,225.8,1,225.8,44393236.36000003
2025-08-01 12:48:24 PM,225.89,0,0.0,44393236.36000003
2025-08-01 12:48:27 PM,225.89,5,1129.4499999999998,44394365.81000003
2025-08-01 12:48:48 PM,225.8,0,0.0,44394365.81000003
2025-08-01 12:48:48 PM,225.8,3,677.4000000000001,44395043.21000003
2025-08-01 12:49:02 PM,225.8,1,225.8,44395269.01000003
2025-08-01 12:49:22 PM,225.81,0,0.0,44395269.01000003
2025-08-01 12:49:27 PM,225.81,1,225.81,44395494.82000003
2025-08-01 12:49:42 PM,225.8,0,0.0,44395494.82000003
2025-08-01 12:49:46 PM,225.8,2,451.6,44395946.42000003
2025-08-01 12:50:03 PM,225.8,1,225.8,44396172.22000003
2025-08-01 12:50:22 PM,225.8,1,225.8,44396398.020000026
2025-08-01 12:50:40 PM,225.87,0,0.0,44396398.020000026
2025-08-01 12:50:42 PM,225.82,0,0.0,44396398.020000026
2025-08-01 12:50:43 PM,225.82,3,677.46,44397075.48000003
2025-08-01 12:50:59 PM,225.8,243,54869.4,44451944.880000025
2025-08-01 12:51:00 PM,226.61,0,0.0,44451944.880000025
2025-08-01 12:51:00 PM,226.61,7910,1792485.1,46244429.98000003
2025-08-01 12:51:00 PM,226.89,0,0.0,46244429.98000003
2025-08-01 12:51:02 PM,226.85,0,0.0,46244429.98000003
2025-08-01 12:51:04 PM,226.85,57,12930.449999999999,46257360.43000003
2025-08-01 12:51:08 PM,226.71,0,0.0,46257360.43000003
2025-08-01 12:51:09 PM,226.71,2,453.42,46257813.85000003
2025-08-01 12:51:24 PM,226.71,1,226.71,46258040.56000003
2025-08-01 12:51:36 PM,226.94,500,113470.0,46371510.56000003
2025-08-01 12:51:42 PM,226.99,0,0.0,46371510.56000003
2025-08-01 12:51:44 PM,227.1,1012,229825.19999999998,46601335.760000035
2025-08-01 12:51:45 PM,226.9,3657,829773.3,47431109.06000003
2025-08-01 12:52:08 PM,226.5,0,0.0,47431109.06000003
2025-08-01 12:52:09 PM,226.5,2,453.0,47431562.06000003
2025-08-01 12:52:24 PM,226.5,1,226.5,47431788.56000003
2025-08-01 12:52:44 PM,226.5,2,453.0,47432241.56000003
2025-08-01 12:52:50 PM,226.65,0,0.0,47432241.56000003
2025-08-01 12:52:54 PM,226.65,350,79327.5,47511569.06000003
2025-08-01 12:52:58 PM,226.96,0,0.0,47511569.06000003
2025-08-01 12:52:59 PM,226.96,685,155467.6,47667036.66000003
2025-08-01 12:53:08 PM,226.69,0,0.0,47667036.66000003
2025-08-01 12:53:09 PM,226.69,1,226.69,47667263.35000003
2025-08-01 12:53:22 PM,226.7,0,0.0,47667263.35000003
2025-08-01 12:53:24 PM,226.7,1,226.7,47667490.050000034
2025-08-01 12:53:42 PM,226.67,0,0.0,47667490.050000034
2025-08-01 12:53:44 PM,226.67,2,453.34,47667943.39000004
2025-08-01 12:54:02 PM,226.68,0,0.0,47667943.39000004
2025-08-01 12:54:04 PM,226.68,1,226.68,47668170.07000004
2025-08-01 12:54:22 PM,226.85,0,0.0,47668170.07000004
2025-08-01 12:54:24 PM,226.85,20,4537.0,47672707.07000004
2025-08-01 12:54:28 PM,226.69,0,0.0,47672707.07000004
2025-08-01 12:54:29 PM,226.69,1,226.69,47672933.760000035
2025-08-01 12:54:42 PM,226.71,0,0.0,47672933.760000035
2025-08-01 12:54:42 PM,226.73,0,0.0,47672933.760000035
2025-08-01 12:54:44 PM,226.73,404,91598.92,47764532.68000004
