date,price,qty,trnvr,cum_trnvr
2025-08-01 09:15:01 AM,23.23,29270,679942.1,679942.1
2025-08-01 09:15:13 AM,23.23,7505,174341.15,854283.25
2025-08-01 09:15:15 AM,23.27,1,23.27,854306.52
2025-08-01 09:15:20 AM,23.28,0,0.0,854306.52
2025-08-01 09:15:23 AM,23.28,3265,76009.2,930315.72
2025-08-01 09:15:27 AM,23.34,0,0.0,930315.72
2025-08-01 09:15:32 AM,23.34,7,163.38,930479.1
2025-08-01 09:15:40 AM,23.34,1428,33329.52,963808.62
2025-08-01 09:15:47 AM,23.35,0,0.0,963808.62
2025-08-01 09:15:48 AM,23.35,7564,176619.40000000002,1140428.02
2025-08-01 09:15:50 AM,23.4,6086,142412.4,1282840.42
2025-08-01 09:15:55 AM,23.39,0,0.0,1282840.42
2025-08-01 09:15:56 AM,23.39,1900,44441.0,1327281.42
2025-08-01 09:16:02 AM,23.33,0,0.0,1327281.42
2025-08-01 09:16:04 AM,23.27,0,0.0,1327281.42
2025-08-01 09:16:05 AM,23.27,42080,979201.6,2306483.02
2025-08-01 09:16:13 AM,23.3,1550,36115.0,2342598.02
2025-08-01 09:16:14 AM,23.26,263,6117.38,2348715.4
2025-08-01 09:16:15 AM,23.24,0,0.0,2348715.4
2025-08-01 09:16:21 AM,23.34,25397,592765.98,2941481.38
2025-08-01 09:16:26 AM,23.29,0,0.0,2941481.38
2025-08-01 09:16:29 AM,23.29,706,16442.739999999998,2957924.12
2025-08-01 09:16:31 AM,23.33,472,11011.759999999998,2968935.88
2025-08-01 09:16:36 AM,23.32,0,0.0,2968935.88
2025-08-01 09:16:38 AM,23.32,5009,116809.88,3085745.76
2025-08-01 09:16:46 AM,23.31,1364,31794.839999999997,3117540.5999999996
2025-08-01 09:16:47 AM,23.36,100,2336.0,3119876.5999999996
2025-08-01 09:16:54 AM,23.31,5146,119953.26,3239829.8599999994
2025-08-01 09:16:55 AM,23.33,500,11665.0,3251494.8599999994
2025-08-01 09:16:56 AM,23.34,0,0.0,3251494.8599999994
2025-08-01 09:17:02 AM,23.32,9783,228139.56,3479634.4199999995
2025-08-01 09:17:04 AM,23.34,1908,44532.72,3524167.1399999997
2025-08-01 09:17:04 AM,23.33,0,0.0,3524167.1399999997
2025-08-01 09:17:06 AM,23.36,0,0.0,3524167.1399999997
2025-08-01 09:17:11 AM,23.4,9200,215280.0,3739447.1399999997
2025-08-01 09:17:12 AM,23.4,367,8587.8,3748034.9399999995
2025-08-01 09:17:19 AM,23.41,9906,231899.46,3979934.3999999994
2025-08-01 09:17:20 AM,23.39,8518,199236.02000000002,4179170.4199999995
2025-08-01 09:17:22 AM,23.37,0,0.0,4179170.4199999995
2025-08-01 09:17:24 AM,23.4,0,0.0,4179170.4199999995
2025-08-01 09:17:27 AM,23.41,15604,365289.64,4544460.06
2025-08-01 09:17:28 AM,23.36,3494,81619.84,4626079.899999999
2025-08-01 09:17:30 AM,23.4,0,0.0,4626079.899999999
2025-08-01 09:17:32 AM,23.37,0,0.0,4626079.899999999
2025-08-01 09:17:35 AM,23.37,22072,515822.64,5141902.539999999
2025-08-01 09:17:36 AM,23.34,6190,144474.6,5286377.139999999
2025-08-01 09:17:38 AM,23.35,0,0.0,5286377.139999999
2025-08-01 09:17:44 AM,23.31,5157,120209.67,5406586.809999999
2025-08-01 09:17:45 AM,23.27,6443,149928.61,5556515.419999999
2025-08-01 09:17:47 AM,23.3,0,0.0,5556515.419999999
2025-08-01 09:17:52 AM,23.3,279,6500.7,5563016.119999999
2025-08-01 09:17:56 AM,23.29,0,0.0,5563016.119999999
2025-08-01 09:18:00 AM,23.3,4844,112865.2,5675881.319999999
2025-08-01 09:18:04 AM,23.32,0,0.0,5675881.319999999
2025-08-01 09:18:09 AM,23.32,1930,45007.6,5720888.919999999
2025-08-01 09:18:17 AM,23.37,2500,58425.0,5779313.919999999
2025-08-01 09:18:22 AM,23.34,0,0.0,5779313.919999999
2025-08-01 09:18:25 AM,23.37,1516,35428.92,5814742.839999999
2025-08-01 09:18:26 AM,23.37,50,1168.5,5815911.339999999
2025-08-01 09:18:30 AM,23.34,0,0.0,5815911.339999999
2025-08-01 09:18:33 AM,23.34,3919,91469.46,5907380.799999999
2025-08-01 09:18:43 AM,23.34,350,8169.0,5915549.799999999
2025-08-01 09:18:50 AM,23.38,4239,99107.81999999999,6014657.619999999
2025-08-01 09:18:58 AM,23.39,605,14150.95,6028808.569999999
2025-08-01 09:19:00 AM,23.35,0,0.0,6028808.569999999
2025-08-01 09:19:06 AM,23.36,6022,140673.91999999998,6169482.489999999
2025-08-01 09:19:07 AM,23.38,4788,111943.44,6281425.93
2025-08-01 09:19:14 AM,23.38,250,5845.0,6287270.93
2025-08-01 09:19:22 AM,23.45,15468,362724.6,6649995.529999999
2025-08-01 09:19:23 AM,23.44,5107,119708.08,6769703.609999999
2025-08-01 09:19:30 AM,23.44,413,9680.720000000001,6779384.329999999
2025-08-01 09:19:30 AM,23.41,0,0.0,6779384.329999999
2025-08-01 09:19:32 AM,23.43,1823,42712.89,6822097.219999999
2025-08-01 09:19:33 AM,23.44,0,0.0,6822097.219999999
2025-08-01 09:19:38 AM,23.42,1557,36464.94,6858562.159999999
2025-08-01 09:19:38 AM,23.4,0,0.0,6858562.159999999
2025-08-01 09:19:40 AM,23.4,989,23142.6,6881704.759999999
2025-08-01 09:19:46 AM,23.47,11490,269670.3,7151375.059999999
2025-08-01 09:19:46 AM,23.45,0,0.0,7151375.059999999
2025-08-01 09:19:48 AM,23.45,5118,120017.09999999999,7271392.159999998
2025-08-01 09:19:54 AM,23.46,259,6076.14,7277468.299999998
2025-08-01 09:19:54 AM,23.45,0,0.0,7277468.299999998
2025-08-01 09:19:56 AM,23.45,1774,41600.299999999996,7319068.599999998
2025-08-01 09:20:02 AM,23.45,42924,1006567.7999999999,8325636.399999998
2025-08-01 09:20:02 AM,23.38,0,0.0,8325636.399999998
2025-08-01 09:20:04 AM,23.38,9403,219842.13999999998,8545478.539999997
2025-08-01 09:20:09 AM,23.4,0,0.0,8545478.539999997
2025-08-01 09:20:10 AM,23.4,742,17362.8,8562841.339999998
2025-08-01 09:20:12 AM,23.39,3000,70170.0,8633011.339999998
2025-08-01 09:20:18 AM,23.39,1135,26547.65,8659558.989999998
2025-08-01 09:20:23 AM,23.38,0,0.0,8659558.989999998
2025-08-01 09:20:26 AM,23.41,13861,324486.01,8984044.999999998
2025-08-01 09:20:26 AM,23.38,0,0.0,8984044.999999998
2025-08-01 09:20:28 AM,23.39,7393,172922.27000000002,9156967.269999998
2025-08-01 09:20:34 AM,23.39,3012,70450.68000000001,9227417.949999997
2025-08-01 09:20:41 AM,23.36,0,0.0,9227417.949999997
2025-08-01 09:20:42 AM,23.36,10578,247102.08,9474520.029999997
2025-08-01 09:20:43 AM,23.38,1,23.38,9474543.409999998
2025-08-01 09:20:51 AM,23.36,2,46.72,9474590.129999999
2025-08-01 09:21:04 AM,23.37,0,0.0,9474590.129999999
2025-08-01 09:21:05 AM,23.36,7771,181530.56,9656120.69
2025-08-01 09:21:09 AM,23.37,0,0.0,9656120.69
2025-08-01 09:21:13 AM,23.37,32,747.84,9656868.53
2025-08-01 09:21:14 AM,23.36,400,9344.0,9666212.53
2025-08-01 09:21:16 AM,23.38,0,0.0,9666212.53
2025-08-01 09:21:21 AM,23.38,2498,58403.24,9724615.77
2025-08-01 09:21:22 AM,23.39,1287,30102.93,9754718.7
2025-08-01 09:21:29 AM,23.41,3012,70510.92,9825229.62
2025-08-01 09:21:29 AM,23.4,142,3322.7999999999997,9828552.42
2025-08-01 09:21:37 AM,23.4,75,1755.0,9830307.42
2025-08-01 09:21:44 AM,23.42,5390,126233.8,9956541.22
2025-08-01 09:21:44 AM,23.4,0,0.0,9956541.22
2025-08-01 09:21:45 AM,23.4,685,16028.999999999998,9972570.22
2025-08-01 09:21:48 AM,23.38,0,0.0,9972570.22
2025-08-01 09:21:50 AM,23.4,0,0.0,9972570.22
2025-08-01 09:21:51 AM,23.4,317,7417.799999999999,9979988.020000001
2025-08-01 09:21:59 AM,23.41,8761,205095.01,10185083.030000001
2025-08-01 09:22:02 AM,23.4,0,0.0,10185083.030000001
2025-08-01 09:22:07 AM,23.4,212,4960.799999999999,10190043.830000002
2025-08-01 09:22:08 AM,23.4,110,2574.0,10192617.830000002
2025-08-01 09:22:14 AM,23.4,28,655.1999999999999,10193273.030000001
2025-08-01 09:22:16 AM,23.4,1000,23400.0,10216673.030000001
2025-08-01 09:22:16 AM,23.38,0,0.0,10216673.030000001
2025-08-01 09:22:19 AM,23.4,0,0.0,10216673.030000001
2025-08-01 09:22:22 AM,23.39,11620,271791.8,10488464.830000002
2025-08-01 09:22:29 AM,23.38,1879,43931.02,10532395.850000001
2025-08-01 09:22:37 AM,23.36,515,12030.4,10544426.250000002
2025-08-01 09:22:44 AM,23.38,0,0.0,10544426.250000002
2025-08-01 09:22:45 AM,23.38,81,1893.78,10546320.030000001
2025-08-01 09:22:46 AM,23.36,515,12030.4,10558350.430000002
2025-08-01 09:22:51 AM,23.38,0,0.0,10558350.430000002
2025-08-01 09:22:52 AM,23.36,128,2990.08,10561340.510000002
2025-08-01 09:22:54 AM,23.38,8,187.04,10561527.55
2025-08-01 09:23:00 AM,23.36,1852,43262.72,10604790.270000001
2025-08-01 09:23:02 AM,23.38,6,140.28,10604930.55
2025-08-01 09:23:04 AM,23.4,0,0.0,10604930.55
2025-08-01 09:23:08 AM,23.4,20971,490721.39999999997,11095651.950000001
2025-08-01 09:23:09 AM,23.37,515,12035.550000000001,11107687.500000002
2025-08-01 09:23:13 AM,23.39,0,0.0,11107687.500000002
2025-08-01 09:23:15 AM,23.39,100,2339.0,11110026.500000002
2025-08-01 09:23:17 AM,23.38,1,23.38,11110049.880000003
2025-08-01 09:23:25 AM,23.35,35730,834295.5,11944345.380000003
2025-08-01 09:23:25 AM,23.36,0,0.0,11944345.380000003
2025-08-01 09:23:31 AM,23.35,1379,32199.65,11976545.030000003
2025-08-01 09:23:32 AM,23.34,2643,61687.62,12038232.650000002
2025-08-01 09:23:38 AM,23.34,201,4691.34,12042923.990000002
2025-08-01 09:23:40 AM,23.34,2000,46680.0,12089603.990000002
2025-08-01 09:23:46 AM,23.34,1,23.34,12089627.330000002
2025-08-01 09:23:47 AM,23.35,847,19777.45,12109404.780000001
2025-08-01 09:23:50 AM,23.34,0,0.0,12109404.780000001
2025-08-01 09:23:53 AM,23.34,2216,51721.44,12161126.22
2025-08-01 09:23:55 AM,23.35,360,8406.0,12169532.22
2025-08-01 09:24:01 AM,23.34,19575,456880.5,12626412.72
2025-08-01 09:24:09 AM,23.34,136,3174.24,12629586.96
2025-08-01 09:24:16 AM,23.34,77,1797.18,12631384.14
2025-08-01 09:24:18 AM,23.34,221,5158.14,12636542.280000001
2025-08-01 09:24:24 AM,23.34,1513,35313.42,12671855.700000001
2025-08-01 09:24:32 AM,23.34,3800,88692.0,12760547.700000001
2025-08-01 09:24:35 AM,23.35,0,0.0,12760547.700000001
2025-08-01 09:24:39 AM,23.34,350,8169.0,12768716.700000001
2025-08-01 09:24:47 AM,23.34,383,8939.22,12777655.920000002
2025-08-01 09:24:47 AM,23.37,0,0.0,12777655.920000002
2025-08-01 09:24:48 AM,23.37,2000,46740.0,12824395.920000002
2025-08-01 09:24:53 AM,23.35,0,0.0,12824395.920000002
2025-08-01 09:24:54 AM,23.35,1001,23373.350000000002,12847769.270000001
2025-08-01 09:25:08 AM,23.39,0,0.0,12847769.270000001
2025-08-01 09:25:09 AM,23.39,374,8747.86,12856517.13
2025-08-01 09:25:11 AM,23.37,6,140.22,12856657.350000001
2025-08-01 09:25:20 AM,23.39,0,0.0,12856657.350000001
2025-08-01 09:25:24 AM,23.4,7991,186989.4,13043646.750000002
2025-08-01 09:25:31 AM,23.4,325,7604.999999999999,13051251.750000002
2025-08-01 09:25:33 AM,23.38,0,0.0,13051251.750000002
2025-08-01 09:25:34 AM,23.38,1016,23754.079999999998,13075005.830000002
2025-08-01 09:25:39 AM,23.38,102,2384.7599999999998,13077390.590000002
2025-08-01 09:25:46 AM,23.38,50,1169.0,13078559.590000002
2025-08-01 09:25:48 AM,23.38,2000,46760.0,13125319.590000002
2025-08-01 09:25:54 AM,23.38,283,6616.54,13131936.13
2025-08-01 09:25:56 AM,23.38,10,233.79999999999998,13132169.930000002
2025-08-01 09:26:01 AM,23.38,156,3647.2799999999997,13135817.21
2025-08-01 09:26:04 AM,23.38,151,3530.3799999999997,13139347.590000002
2025-08-01 09:26:08 AM,23.4,0,0.0,13139347.590000002
2025-08-01 09:26:09 AM,23.4,600,14040.0,13153387.590000002
2025-08-01 09:26:15 AM,23.38,0,0.0,13153387.590000002
2025-08-01 09:26:17 AM,23.38,5269,123189.22,13276576.810000002
2025-08-01 09:26:19 AM,23.37,2977,69572.49,13346149.300000003
2025-08-01 09:26:25 AM,23.37,167,3902.79,13350052.090000002
2025-08-01 09:26:32 AM,23.36,1047,24457.92,13374510.010000002
2025-08-01 09:26:39 AM,23.38,0,0.0,13374510.010000002
2025-08-01 09:26:40 AM,23.38,5993,140116.34,13514626.350000001
2025-08-01 09:26:42 AM,23.37,700,16359.0,13530985.350000001
2025-08-01 09:26:45 AM,23.39,0,0.0,13530985.350000001
2025-08-01 09:26:48 AM,23.39,202,4724.78,13535710.13
2025-08-01 09:26:49 AM,23.39,1,23.39,13535733.520000001
2025-08-01 09:26:55 AM,23.39,227,5309.53,13541043.05
2025-08-01 09:26:57 AM,23.39,2,46.78,13541089.83
2025-08-01 09:27:00 AM,23.37,0,0.0,13541089.83
2025-08-01 09:27:02 AM,23.39,60,1403.4,13542493.23
2025-08-01 09:27:06 AM,23.37,0,0.0,13542493.23
2025-08-01 09:27:10 AM,23.39,247,5777.33,13548270.56
2025-08-01 09:27:17 AM,23.39,587,13729.93,13562000.49
2025-08-01 09:27:25 AM,23.39,42,982.38,13562982.870000001
2025-08-01 09:27:31 AM,23.4,0,0.0,13562982.870000001
2025-08-01 09:27:32 AM,23.4,350,8189.999999999999,13571172.870000001
2025-08-01 09:27:33 AM,23.4,7683,179782.19999999998,13750955.07
2025-08-01 09:27:37 AM,23.39,0,0.0,13750955.07
2025-08-01 09:27:40 AM,23.4,502,11746.8,13762701.870000001
2025-08-01 09:27:47 AM,23.4,85,1988.9999999999998,13764690.870000001
2025-08-01 09:27:49 AM,23.39,97,2268.83,13766959.700000001
2025-08-01 09:27:55 AM,23.39,2553,59714.67,13826674.370000001
2025-08-01 09:28:02 AM,23.37,0,0.0,13826674.370000001
2025-08-01 09:28:03 AM,23.39,1957,45774.23,13872448.600000001
2025-08-01 09:28:08 AM,23.37,0,0.0,13872448.600000001
2025-08-01 09:28:09 AM,23.38,0,0.0,13872448.600000001
2025-08-01 09:28:11 AM,23.38,436,10193.68,13882642.280000001
2025-08-01 09:28:12 AM,23.38,1,23.38,13882665.660000002
2025-08-01 09:28:18 AM,23.38,3608,84355.04,13967020.700000001
2025-08-01 09:28:26 AM,23.38,217,5073.46,13972094.160000002
2025-08-01 09:28:31 AM,23.36,0,0.0,13972094.160000002
2025-08-01 09:28:33 AM,23.36,6,140.16,13972234.320000002
2025-08-01 09:28:35 AM,23.38,2,46.76,13972281.080000002
2025-08-01 09:28:41 AM,23.38,2,46.76,13972327.840000002
2025-08-01 09:28:50 AM,23.38,50,1169.0,13973496.840000002
2025-08-01 09:28:56 AM,23.38,12,280.56,13973777.400000002
2025-08-01 09:28:58 AM,23.38,1,23.38,13973800.780000003
2025-08-01 09:29:04 AM,23.38,2024,47321.119999999995,14021121.900000002
2025-08-01 09:29:05 AM,23.38,1000,23380.0,14044501.900000002
2025-08-01 09:29:12 AM,23.38,1300,30394.0,14074895.900000002
2025-08-01 09:29:13 AM,23.36,100,2336.0,14077231.900000002
2025-08-01 09:29:26 AM,23.38,0,0.0,14077231.900000002
2025-08-01 09:29:27 AM,23.38,105,2454.9,14079686.800000003
2025-08-01 09:29:34 AM,23.36,115,2686.4,14082373.200000003
2025-08-01 09:29:36 AM,23.38,0,0.0,14082373.200000003
2025-08-01 09:29:42 AM,23.38,1705,39862.9,14122236.100000003
2025-08-01 09:29:49 AM,23.38,228,5330.639999999999,14127566.740000004
2025-08-01 09:29:57 AM,23.38,2,46.76,14127613.500000004
2025-08-01 09:30:02 AM,23.36,0,0.0,14127613.500000004
2025-08-01 09:30:04 AM,23.36,100,2336.0,14129949.500000004
2025-08-01 09:30:12 AM,23.33,44400,1035851.9999999999,15165801.500000004
2025-08-01 09:30:13 AM,23.33,296,6905.679999999999,15172707.180000003
2025-08-01 09:30:20 AM,23.33,251,5855.83,15178563.010000004
2025-08-01 09:30:20 AM,23.33,50,1166.5,15179729.510000004
2025-08-01 09:30:27 AM,23.33,17,396.60999999999996,15180126.120000003
2025-08-01 09:30:31 AM,23.31,0,0.0,15180126.120000003
2025-08-01 09:30:34 AM,23.31,7725,180069.75,15360195.870000003
2025-08-01 09:30:42 AM,23.3,19,442.7,15360638.570000002
2025-08-01 09:30:45 AM,23.31,0,0.0,15360638.570000002
2025-08-01 09:30:47 AM,23.32,0,0.0,15360638.570000002
2025-08-01 09:30:49 AM,23.32,52,1212.64,15361851.210000003
2025-08-01 09:30:50 AM,23.32,5,116.6,15361967.810000002
2025-08-01 09:30:56 AM,23.32,1169,27261.08,15389228.890000002
2025-08-01 09:31:03 AM,23.3,4250,99025.0,15488253.890000002
2025-08-01 09:31:08 AM,23.31,0,0.0,15488253.890000002
2025-08-01 09:31:11 AM,23.31,2001,46643.31,15534897.200000003
2025-08-01 09:31:18 AM,23.3,0,0.0,15534897.200000003
2025-08-01 09:31:18 AM,23.3,30,699.0,15535596.200000003
2025-08-01 09:31:26 AM,23.31,5215,121561.65,15657157.850000003
2025-08-01 09:31:26 AM,23.31,500,11655.0,15668812.850000003
2025-08-01 09:31:33 AM,23.31,540,12587.4,15681400.250000004
2025-08-01 09:31:40 AM,23.31,3,69.92999999999999,15681470.180000003
2025-08-01 09:31:44 AM,23.3,0,0.0,15681470.180000003
2025-08-01 09:31:47 AM,23.3,528,12302.4,15693772.580000004
2025-08-01 09:31:54 AM,23.3,265,6174.5,15699947.080000004
2025-08-01 09:31:59 AM,23.32,0,0.0,15699947.080000004
2025-08-01 09:32:01 AM,23.3,106,2469.8,15702416.880000005
2025-08-01 09:32:04 AM,23.28,0,0.0,15702416.880000005
2025-08-01 09:32:08 AM,23.28,20000,465600.0,16168016.880000005
2025-08-01 09:32:15 AM,23.32,350,8162.0,16176178.880000005
2025-08-01 09:32:29 AM,23.32,6,139.92000000000002,16176318.800000004
2025-08-01 09:32:34 AM,23.3,0,0.0,16176318.800000004
2025-08-01 09:32:36 AM,23.3,234,5452.2,16181771.000000004
2025-08-01 09:32:43 AM,23.3,18,419.40000000000003,16182190.400000004
2025-08-01 09:32:50 AM,23.3,51,1188.3,16183378.700000005
2025-08-01 09:32:52 AM,23.32,0,0.0,16183378.700000005
2025-08-01 09:32:57 AM,23.32,500,11660.0,16195038.700000005
2025-08-01 09:33:03 AM,23.32,210,4897.2,16199935.900000004
2025-08-01 09:33:04 AM,23.31,0,0.0,16199935.900000004
2025-08-01 09:33:10 AM,23.32,0,0.0,16199935.900000004
2025-08-01 09:33:11 AM,23.32,282,6576.24,16206512.140000004
2025-08-01 09:33:15 AM,23.3,0,0.0,16206512.140000004
2025-08-01 09:33:17 AM,23.3,400,9320.0,16215832.140000004
2025-08-01 09:33:17 AM,23.33,2141,49949.53,16265781.670000004
2025-08-01 09:33:20 AM,23.3,0,0.0,16265781.670000004
2025-08-01 09:33:24 AM,23.3,10000,233000.0,16498781.670000004
2025-08-01 09:33:30 AM,23.34,0,0.0,16498781.670000004
2025-08-01 09:33:31 AM,23.34,3560,83090.4,16581872.070000004
2025-08-01 09:33:38 AM,23.32,10434,243320.88,16825192.950000003
2025-08-01 09:33:45 AM,23.35,4,93.4,16825286.35
2025-08-01 09:33:48 AM,23.33,0,0.0,16825286.35
2025-08-01 09:33:50 AM,23.35,0,0.0,16825286.35
2025-08-01 09:33:52 AM,23.35,57,1330.95,16826617.3
2025-08-01 09:33:59 AM,23.35,59,1377.65,16827994.95
2025-08-01 09:34:06 AM,23.35,2,46.7,16828041.65
2025-08-01 09:34:13 AM,23.35,21,490.35,16828532.0
2025-08-01 09:34:15 AM,23.37,0,0.0,16828532.0
2025-08-01 09:34:20 AM,23.37,20521,479575.77,17308107.77
2025-08-01 09:34:25 AM,23.39,0,0.0,17308107.77
2025-08-01 09:34:27 AM,23.39,1010,23623.9,17331731.669999998
2025-08-01 09:34:33 AM,23.36,0,0.0,17331731.669999998
2025-08-01 09:34:34 AM,23.39,982,22968.98,17354700.65
2025-08-01 09:34:38 AM,23.4,0,0.0,17354700.65
2025-08-01 09:34:40 AM,23.37,0,0.0,17354700.65
2025-08-01 09:34:41 AM,23.37,3159,73825.83,17428526.479999997
2025-08-01 09:34:48 AM,23.37,501,11708.37,17440234.849999998
2025-08-01 09:34:55 AM,23.37,436,10189.32,17450424.169999998
2025-08-01 09:35:02 AM,23.37,2,46.74,17450470.909999996
2025-08-01 09:35:02 AM,23.37,388,9067.56,17459538.469999995
2025-08-01 09:35:05 AM,23.36,0,0.0,17459538.469999995
2025-08-01 09:35:09 AM,23.36,2,46.72,17459585.189999994
2025-08-01 09:35:16 AM,23.36,774,18080.64,17477665.829999994
2025-08-01 09:35:16 AM,23.37,10,233.70000000000002,17477899.529999994
2025-08-01 09:35:20 AM,23.35,0,0.0,17477899.529999994
2025-08-01 09:35:23 AM,23.37,262,6122.9400000000005,17484022.469999995
2025-08-01 09:35:30 AM,23.34,0,0.0,17484022.469999995
2025-08-01 09:35:30 AM,23.34,4995,116583.3,17600605.769999996
2025-08-01 09:35:35 AM,23.33,0,0.0,17600605.769999996
2025-08-01 09:35:37 AM,23.33,1019,23773.269999999997,17624379.039999995
2025-08-01 09:35:40 AM,23.32,0,0.0,17624379.039999995
2025-08-01 09:35:44 AM,23.32,202,4710.64,17629089.679999996
2025-08-01 09:35:50 AM,23.32,575,13409.0,17642498.679999996
2025-08-01 09:35:57 AM,23.32,16,373.12,17642871.799999997
2025-08-01 09:36:03 AM,23.3,106,2469.8,17645341.599999998
2025-08-01 09:36:08 AM,23.33,0,0.0,17645341.599999998
2025-08-01 09:36:10 AM,23.3,137,3192.1,17648533.7
2025-08-01 09:36:16 AM,23.32,0,0.0,17648533.7
2025-08-01 09:36:17 AM,23.32,914,21314.48,17669848.18
2025-08-01 09:36:24 AM,23.31,2,46.62,17669894.8
2025-08-01 09:36:28 AM,23.3,0,0.0,17669894.8
2025-08-01 09:36:30 AM,23.31,285,6643.349999999999,17676538.150000002
2025-08-01 09:36:36 AM,23.31,2958,68950.98,17745489.130000003
2025-08-01 09:36:40 AM,23.34,0,0.0,17745489.130000003
2025-08-01 09:36:43 AM,23.34,26,606.84,17746095.970000003
2025-08-01 09:36:43 AM,23.34,1,23.34,17746119.310000002
2025-08-01 09:36:49 AM,23.34,475,11086.5,17757205.810000002
2025-08-01 09:36:56 AM,23.36,0,0.0,17757205.810000002
2025-08-01 09:36:56 AM,23.36,80,1868.8,17759074.610000003
2025-08-01 09:37:03 AM,23.36,5851,136679.36,17895753.970000003
2025-08-01 09:37:17 AM,23.36,10,233.6,17895987.570000004
2025-08-01 09:37:23 AM,23.34,0,0.0,17895987.570000004
2025-08-01 09:37:24 AM,23.33,1439,33571.869999999995,17929559.440000005
2025-08-01 09:37:31 AM,23.33,300,6998.999999999999,17936558.440000005
2025-08-01 09:37:44 AM,23.33,279,6509.07,17943067.510000005
2025-08-01 09:37:54 AM,23.34,0,0.0,17943067.510000005
2025-08-01 09:37:58 AM,23.34,2307,53845.38,17996912.890000004
2025-08-01 09:38:03 AM,23.32,0,0.0,17996912.890000004
2025-08-01 09:38:04 AM,23.32,1881,43864.92,18040777.810000006
2025-08-01 09:38:11 AM,23.32,8119,189335.08000000002,18230112.890000004
2025-08-01 09:38:15 AM,23.33,0,0.0,18230112.890000004
2025-08-01 09:38:18 AM,23.33,1029,24006.57,18254119.460000005
2025-08-01 09:38:25 AM,23.32,5,116.6,18254236.060000006
2025-08-01 09:38:30 AM,23.31,0,0.0,18254236.060000006
2025-08-01 09:38:31 AM,23.32,0,0.0,18254236.060000006
2025-08-01 09:38:32 AM,23.32,5998,139873.36000000002,18394109.420000006
2025-08-01 09:38:35 AM,23.3,0,0.0,18394109.420000006
2025-08-01 09:38:38 AM,23.32,1208,28170.56,18422279.980000004
2025-08-01 09:38:44 AM,23.34,0,0.0,18422279.980000004
2025-08-01 09:38:45 AM,23.34,5010,116933.4,18539213.380000003
2025-08-01 09:38:48 AM,23.33,0,0.0,18539213.380000003
2025-08-01 09:38:52 AM,23.33,850,19830.5,18559043.880000003
2025-08-01 09:38:58 AM,23.35,3204,74813.40000000001,18633857.28
2025-08-01 09:39:05 AM,23.34,1002,23386.68,18657243.96
2025-08-01 09:39:10 AM,23.3,0,0.0,18657243.96
2025-08-01 09:39:12 AM,23.3,4155,96811.5,18754055.46
2025-08-01 09:39:19 AM,23.3,575,13397.5,18767452.96
2025-08-01 09:39:25 AM,23.31,2632,61351.92,18828804.880000003
2025-08-01 09:39:29 AM,23.3,0,0.0,18828804.880000003
2025-08-01 09:39:32 AM,23.32,18,419.76,18829224.640000004
2025-08-01 09:39:33 AM,23.3,0,0.0,18829224.640000004
2025-08-01 09:39:38 AM,23.3,3282,76470.6,18905695.240000006
2025-08-01 09:39:45 AM,23.28,107,2490.96,18908186.200000007
2025-08-01 09:39:57 AM,23.3,0,0.0,18908186.200000007
2025-08-01 09:39:58 AM,23.3,300,6990.0,18915176.200000007
2025-08-01 09:40:05 AM,23.29,0,0.0,18915176.200000007
2025-08-01 09:40:05 AM,23.29,82,1909.78,18917085.980000008
2025-08-01 09:40:09 AM,23.3,0,0.0,18917085.980000008
2025-08-01 09:40:11 AM,23.3,7205,167876.5,19084962.480000008
2025-08-01 09:40:12 AM,23.29,100,2329.0,19087291.480000008
2025-08-01 09:40:37 AM,23.29,50,1164.5,19088455.980000008
2025-08-01 09:40:45 AM,23.29,3,69.87,19088525.85000001
2025-08-01 09:40:51 AM,23.3,11191,260750.30000000002,19349276.15000001
2025-08-01 09:40:57 AM,23.32,60429,1409204.28,20758480.43000001
2025-08-01 09:41:03 AM,23.35,0,0.0,20758480.43000001
2025-08-01 09:41:04 AM,23.35,10,233.5,20758713.93000001
2025-08-01 09:41:08 AM,23.32,0,0.0,20758713.93000001
2025-08-01 09:41:11 AM,23.32,100,2332.0,20761045.93000001
2025-08-01 09:41:24 AM,23.35,150,3502.5,20764548.43000001
2025-08-01 09:41:37 AM,23.35,2174,50762.9,20815311.33000001
2025-08-01 09:41:44 AM,23.35,5244,122447.40000000001,20937758.730000008
2025-08-01 09:41:50 AM,23.35,300,7005.0,20944763.730000008
2025-08-01 09:42:03 AM,23.35,2,46.7,20944810.430000007
2025-08-01 09:42:04 AM,23.33,7115,165992.94999999998,21110803.380000006
2025-08-01 09:42:09 AM,23.37,0,0.0,21110803.380000006
2025-08-01 09:42:10 AM,23.37,5502,128581.74,21239385.120000005
2025-08-01 09:42:23 AM,23.37,200,4674.0,21244059.120000005
2025-08-01 09:42:29 AM,23.37,2,46.74,21244105.860000003
2025-08-01 09:42:35 AM,23.36,0,0.0,21244105.860000003
2025-08-01 09:42:36 AM,23.36,101,2359.36,21246465.220000003
2025-08-01 09:42:37 AM,23.37,3,70.11,21246535.330000002
2025-08-01 09:42:42 AM,23.37,2170,50712.9,21297248.23
2025-08-01 09:42:43 AM,23.37,15,350.55,21297598.78
2025-08-01 09:42:49 AM,23.37,209,4884.33,21302483.11
2025-08-01 09:42:56 AM,23.37,1001,23393.370000000003,21325876.48
2025-08-01 09:43:02 AM,23.37,124,2897.88,21328774.36
2025-08-01 09:43:15 AM,23.37,120,2804.4,21331578.759999998
2025-08-01 09:43:16 AM,23.37,20,467.40000000000003,21332046.159999996
2025-08-01 09:43:22 AM,23.37,133,3108.21,21335154.369999997
2025-08-01 09:43:28 AM,23.37,26,607.62,21335761.99
2025-08-01 09:43:41 AM,23.37,35,817.95,21336579.939999998
2025-08-01 09:43:54 AM,23.37,150,3505.5,21340085.439999998
2025-08-01 09:44:02 AM,23.37,100,2337.0,21342422.439999998
2025-08-01 09:44:07 AM,23.35,0,0.0,21342422.439999998
2025-08-01 09:44:08 AM,23.35,2896,67621.6,21410044.04
2025-08-01 09:44:34 AM,23.35,908,21201.800000000003,21431245.84
2025-08-01 09:44:39 AM,23.36,0,0.0,21431245.84
2025-08-01 09:44:41 AM,23.36,1000,23360.0,21454605.84
2025-08-01 09:44:43 AM,23.33,0,0.0,21454605.84
2025-08-01 09:44:47 AM,23.33,10,233.29999999999998,21454839.14
2025-08-01 09:44:51 AM,23.36,0,0.0,21454839.14
2025-08-01 09:44:53 AM,23.36,4,93.44,21454932.580000002
2025-08-01 09:45:03 AM,23.33,0,0.0,21454932.580000002
2025-08-01 09:45:07 AM,23.35,51,1190.8500000000001,21456123.430000003
2025-08-01 09:45:08 AM,23.32,3553,82855.96,21538979.390000004
2025-08-01 09:45:10 AM,23.34,0,0.0,21538979.390000004
2025-08-01 09:45:13 AM,23.34,1,23.34,21539002.730000004
2025-08-01 09:45:19 AM,23.33,0,0.0,21539002.730000004
2025-08-01 09:45:20 AM,23.33,1500,34995.0,21573997.730000004
2025-08-01 09:45:26 AM,23.31,708,16503.48,21590501.210000005
2025-08-01 09:45:34 AM,23.31,50,1165.5,21591666.710000005
2025-08-01 09:45:39 AM,23.33,57,1329.81,21592996.520000003
2025-08-01 09:45:46 AM,23.33,21,489.92999999999995,21593486.450000003
2025-08-01 09:45:47 AM,23.33,22,513.26,21593999.710000005
2025-08-01 09:45:52 AM,23.33,15090,352049.69999999995,21946049.410000004
2025-08-01 09:46:00 AM,23.34,1003,23410.02,21969459.430000003
2025-08-01 09:46:01 AM,23.33,0,0.0,21969459.430000003
2025-08-01 09:46:05 AM,23.34,0,0.0,21969459.430000003
2025-08-01 09:46:05 AM,23.34,75,1750.5,21971209.930000003
2025-08-01 09:46:06 AM,23.31,1530,35664.299999999996,22006874.230000004
2025-08-01 09:46:10 AM,23.3,0,0.0,22006874.230000004
2025-08-01 09:46:12 AM,23.3,1894,44130.200000000004,22051004.430000003
2025-08-01 09:46:18 AM,23.31,321,7482.509999999999,22058486.940000005
2025-08-01 09:46:21 AM,23.3,0,0.0,22058486.940000005
2025-08-01 09:46:25 AM,23.3,11100,258630.0,22317116.940000005
2025-08-01 09:46:31 AM,23.32,50,1166.0,22318282.940000005
2025-08-01 09:46:41 AM,23.31,0,0.0,22318282.940000005
2025-08-01 09:46:43 AM,23.32,740,17256.8,22335539.740000006
2025-08-01 09:46:45 AM,23.32,64,1492.48,22337032.220000006
2025-08-01 09:46:58 AM,23.32,540,12592.8,22349625.020000007
2025-08-01 09:47:14 AM,23.32,100,2332.0,22351957.020000007
2025-08-01 09:47:27 AM,23.32,50,1166.0,22353123.020000007
2025-08-01 09:47:32 AM,23.31,0,0.0,22353123.020000007
2025-08-01 09:47:33 AM,23.3,10652,248191.6,22601314.62000001
2025-08-01 09:47:39 AM,23.31,0,0.0,22601314.62000001
2025-08-01 09:47:40 AM,23.31,11,256.40999999999997,22601571.03000001
2025-08-01 09:47:43 AM,23.3,21,489.3,22602060.33000001
2025-08-01 09:47:47 AM,23.3,1108,25816.4,22627876.730000008
2025-08-01 09:47:56 AM,23.3,200,4660.0,22632536.730000008
2025-08-01 09:48:00 AM,23.3,50,1165.0,22633701.730000008
2025-08-01 09:48:03 AM,23.3,21,489.3,22634191.03000001
2025-08-01 09:48:16 AM,23.3,302,7036.6,22641227.63000001
2025-08-01 09:48:19 AM,23.3,5004,116593.2,22757820.83000001
2025-08-01 09:48:22 AM,23.3,1510,35183.0,22793003.83000001
2025-08-01 09:48:29 AM,23.28,700,16296.0,22809299.83000001
2025-08-01 09:48:32 AM,23.28,5,116.4,22809416.230000008
2025-08-01 09:48:35 AM,23.3,0,0.0,22809416.230000008
2025-08-01 09:48:39 AM,23.3,150,3495.0,22812911.230000008
2025-08-01 09:48:45 AM,23.28,68,1583.04,22814494.270000007
2025-08-01 09:48:47 AM,23.3,0,0.0,22814494.270000007
2025-08-01 09:48:48 AM,23.3,6719,156552.7,22971046.970000006
2025-08-01 09:48:52 AM,23.3,5954,138728.2,23109775.170000006
2025-08-01 09:49:11 AM,23.3,2500,58250.0,23168025.170000006
2025-08-01 09:49:21 AM,23.32,0,0.0,23168025.170000006
2025-08-01 09:49:23 AM,23.31,3544,82610.64,23250635.810000006
2025-08-01 09:49:24 AM,23.34,0,0.0,23250635.810000006
2025-08-01 09:49:25 AM,23.34,1,23.34,23250659.150000006
2025-08-01 09:49:36 AM,23.31,0,0.0,23250659.150000006
2025-08-01 09:49:38 AM,23.31,200,4662.0,23255321.150000006
2025-08-01 09:49:42 AM,23.34,0,0.0,23255321.150000006
2025-08-01 09:49:44 AM,23.34,100,2334.0,23257655.150000006
2025-08-01 09:49:56 AM,23.31,0,0.0,23257655.150000006
2025-08-01 09:49:57 AM,23.31,3023,70466.12999999999,23328121.280000005
2025-08-01 09:50:10 AM,23.31,380,8857.8,23336979.080000006
2025-08-01 09:50:34 AM,23.32,0,0.0,23336979.080000006
2025-08-01 09:50:35 AM,23.32,200,4664.0,23341643.080000006
2025-08-01 09:50:38 AM,23.33,0,0.0,23341643.080000006
2025-08-01 09:50:39 AM,23.33,30,699.9,23342342.980000004
2025-08-01 09:50:43 AM,23.31,0,0.0,23342342.980000004
2025-08-01 09:50:45 AM,23.31,1903,44358.93,23386701.910000004
2025-08-01 09:50:47 AM,23.29,0,0.0,23386701.910000004
2025-08-01 09:50:48 AM,23.29,7200,167688.0,23554389.910000004
2025-08-01 09:50:56 AM,23.33,0,0.0,23554389.910000004
2025-08-01 09:50:58 AM,23.33,1000,23330.0,23577719.910000004
2025-08-01 09:51:06 AM,23.31,0,0.0,23577719.910000004
2025-08-01 09:51:09 AM,23.33,0,0.0,23577719.910000004
2025-08-01 09:51:10 AM,23.33,135,3149.5499999999997,23580869.460000005
2025-08-01 09:51:17 AM,23.33,100,2333.0,23583202.460000005
2025-08-01 09:51:23 AM,23.33,112,2612.96,23585815.420000006
2025-08-01 09:51:38 AM,23.33,2,46.66,23585862.080000006
2025-08-01 09:51:59 AM,23.31,0,0.0,23585862.080000006
2025-08-01 09:52:00 AM,23.31,1786,41631.659999999996,23627493.740000006
2025-08-01 09:52:06 AM,23.31,43,1002.3299999999999,23628496.070000004
2025-08-01 09:52:18 AM,23.33,0,0.0,23628496.070000004
2025-08-01 09:52:18 AM,23.33,3206,74795.98,23703292.050000004
2025-08-01 09:52:21 AM,23.3,100,2330.0,23705622.050000004
2025-08-01 09:52:34 AM,23.32,0,0.0,23705622.050000004
2025-08-01 09:52:37 AM,23.32,143,3334.76,23708956.810000006
2025-08-01 09:52:40 AM,23.32,3,69.96000000000001,23709026.770000007
2025-08-01 09:52:52 AM,23.29,0,0.0,23709026.770000007
2025-08-01 09:52:52 AM,23.29,4900,114121.0,23823147.770000007
2025-08-01 09:53:01 AM,23.3,0,0.0,23823147.770000007
2025-08-01 09:53:01 AM,23.3,1,23.3,23823171.070000008
2025-08-01 09:53:04 AM,23.31,0,0.0,23823171.070000008
2025-08-01 09:53:07 AM,23.31,200,4662.0,23827833.070000008
2025-08-01 09:53:13 AM,23.31,5,116.55,23827949.62000001
2025-08-01 09:53:16 AM,23.3,200,4660.0,23832609.62000001
2025-08-01 09:53:20 AM,23.3,10,233.0,23832842.62000001
2025-08-01 09:53:26 AM,23.29,29,675.41,23833518.03000001
2025-08-01 09:53:32 AM,23.29,1,23.29,23833541.320000008
2025-08-01 09:53:34 AM,23.27,4331,100782.37,23934323.69000001
2025-08-01 09:53:42 AM,23.29,0,0.0,23934323.69000001
2025-08-01 09:53:45 AM,23.27,6271,145926.16999999998,24080249.86000001
2025-08-01 09:53:51 AM,23.27,10,232.7,24080482.56000001
2025-08-01 09:53:53 AM,23.26,0,0.0,24080482.56000001
2025-08-01 09:53:56 AM,23.25,0,0.0,24080482.56000001
2025-08-01 09:53:57 AM,23.25,4256,98952.0,24179434.56000001
2025-08-01 09:54:05 AM,23.27,0,0.0,24179434.56000001
2025-08-01 09:54:09 AM,23.27,103,2396.81,24181831.37000001
2025-08-01 09:54:11 AM,23.27,300,6981.0,24188812.37000001
2025-08-01 09:54:22 AM,23.28,160,3724.8,24192537.17000001
2025-08-01 09:54:28 AM,23.3,2050,47765.0,24240302.17000001
2025-08-01 09:54:31 AM,23.28,0,0.0,24240302.17000001
2025-08-01 09:54:34 AM,23.29,122,2841.38,24243143.55000001
2025-08-01 09:54:45 AM,23.27,0,0.0,24243143.55000001
2025-08-01 09:54:46 AM,23.27,3,69.81,24243213.360000007
2025-08-01 09:55:03 AM,23.27,22,511.94,24243725.30000001
2025-08-01 09:55:11 AM,23.26,12465,289935.9,24533661.200000007
2025-08-01 09:55:22 AM,23.26,200,4652.0,24538313.200000007
2025-08-01 09:55:27 AM,23.26,500,11630.0,24549943.200000007
2025-08-01 09:55:46 AM,23.26,200,4652.0,24554595.200000007
2025-08-01 09:55:47 AM,23.26,5,116.30000000000001,24554711.500000007
2025-08-01 09:55:53 AM,23.26,5,116.30000000000001,24554827.80000001
2025-08-01 09:55:56 AM,23.25,0,0.0,24554827.80000001
2025-08-01 09:55:58 AM,23.26,5010,116532.6,24671360.40000001
2025-08-01 09:56:04 AM,23.26,11,255.86,24671616.26000001
2025-08-01 09:56:05 AM,23.26,10,232.60000000000002,24671848.86000001
2025-08-01 09:56:10 AM,23.26,308,7164.080000000001,24679012.94000001
2025-08-01 09:56:11 AM,23.28,0,0.0,24679012.94000001
2025-08-01 09:56:11 AM,23.28,1492,34733.76,24713746.70000001
2025-08-01 09:56:16 AM,23.26,0,0.0,24713746.70000001
2025-08-01 09:56:16 AM,23.26,1500,34890.0,24748636.70000001
2025-08-01 09:56:20 AM,23.29,0,0.0,24748636.70000001
2025-08-01 09:56:22 AM,23.29,2,46.58,24748683.28000001
2025-08-01 09:56:46 AM,23.29,2,46.58,24748729.860000007
2025-08-01 09:56:52 AM,23.29,1010,23522.899999999998,24772252.760000005
2025-08-01 09:56:57 AM,23.28,0,0.0,24772252.760000005
2025-08-01 09:56:58 AM,23.28,1,23.28,24772276.040000007
2025-08-01 09:57:04 AM,23.31,5000,116550.0,24888826.040000007
2025-08-01 09:57:05 AM,23.31,1,23.31,24888849.350000005
2025-08-01 09:57:11 AM,23.31,21,489.51,24889338.860000007
2025-08-01 09:57:27 AM,23.29,86,2002.9399999999998,24891341.80000001
2025-08-01 09:57:33 AM,23.31,0,0.0,24891341.80000001
2025-08-01 09:57:35 AM,23.28,3072,71516.16,24962857.96000001
2025-08-01 09:57:45 AM,23.31,0,0.0,24962857.96000001
2025-08-01 09:57:45 AM,23.31,5200,121212.0,25084069.96000001
2025-08-01 09:57:48 AM,23.3,72,1677.6000000000001,25085747.56000001
2025-08-01 09:58:12 AM,23.29,50,1164.5,25086912.06000001
2025-08-01 09:58:30 AM,23.29,415,9665.35,25096577.41000001
2025-08-01 09:58:38 AM,23.26,0,0.0,25096577.41000001
2025-08-01 09:58:40 AM,23.28,3825,89046.0,25185623.41000001
2025-08-01 09:58:46 AM,23.28,10,232.8,25185856.210000012
2025-08-01 09:58:49 AM,23.25,5053,117482.25,25303338.460000012
2025-08-01 09:59:01 AM,23.28,0,0.0,25303338.460000012
2025-08-01 09:59:01 AM,23.28,52,1210.56,25304549.02000001
2025-08-01 09:59:04 AM,23.24,531,12340.439999999999,25316889.460000012
2025-08-01 09:59:10 AM,23.28,300,6984.0,25323873.460000012
2025-08-01 09:59:38 AM,23.25,1,23.25,25323896.710000012
2025-08-01 09:59:42 AM,23.25,2,46.5,25323943.210000012
2025-08-01 09:59:50 AM,23.25,25,581.25,25324524.460000012
2025-08-01 09:59:56 AM,23.25,3,69.75,25324594.210000012
2025-08-01 09:59:59 AM,23.22,0,0.0,25324594.210000012
2025-08-01 10:00:00 AM,23.22,3500,81270.0,25405864.210000012
2025-08-01 10:00:13 AM,23.23,1013,23531.99,25429396.20000001
2025-08-01 10:00:16 AM,23.22,76,1764.7199999999998,25431160.92000001
2025-08-01 10:00:22 AM,23.22,5,116.1,25431277.02000001
2025-08-01 10:00:25 AM,23.2,20158,467665.6,25898942.620000012
2025-08-01 10:00:31 AM,23.19,6283,145702.77000000002,26044645.39000001
2025-08-01 10:00:38 AM,23.2,0,0.0,26044645.39000001
2025-08-01 10:00:38 AM,23.2,2,46.4,26044691.79000001
2025-08-01 10:00:41 AM,23.2,6,139.2,26044830.99000001
2025-08-01 10:00:47 AM,23.2,6216,144211.19999999998,26189042.19000001
2025-08-01 10:00:50 AM,23.2,114,2644.7999999999997,26191686.99000001
2025-08-01 10:00:54 AM,23.2,529,12272.8,26203959.79000001
2025-08-01 10:01:00 AM,23.23,4156,96543.88,26300503.67000001
2025-08-01 10:01:02 AM,23.24,0,0.0,26300503.67000001
2025-08-01 10:01:03 AM,23.24,3,69.72,26300573.390000008
2025-08-01 10:01:06 AM,23.19,2500,57975.0,26358548.390000008
2025-08-01 10:01:13 AM,23.23,0,0.0,26358548.390000008
2025-08-01 10:01:13 AM,23.23,1,23.23,26358571.62000001
2025-08-01 10:01:16 AM,23.2,1,23.2,26358594.820000008
2025-08-01 10:01:27 AM,23.23,0,0.0,26358594.820000008
2025-08-01 10:01:28 AM,23.23,8,185.84,26358780.660000008
2025-08-01 10:01:34 AM,23.23,1000,23230.0,26382010.660000008
2025-08-01 10:01:37 AM,23.24,10,232.39999999999998,26382243.060000006
2025-08-01 10:01:43 AM,23.2,0,0.0,26382243.060000006
2025-08-01 10:01:44 AM,23.2,2816,65331.2,26447574.260000005
2025-08-01 10:01:50 AM,23.23,20,464.6,26448038.860000007
2025-08-01 10:01:56 AM,23.23,2,46.46,26448085.320000008
2025-08-01 10:02:00 AM,23.24,0,0.0,26448085.320000008
2025-08-01 10:02:02 AM,23.24,506,11759.439999999999,26459844.76000001
2025-08-01 10:02:15 AM,23.24,2,46.48,26459891.24000001
2025-08-01 10:02:21 AM,23.23,1,23.23,26459914.47000001
2025-08-01 10:02:34 AM,23.24,10,232.39999999999998,26460146.87000001
2025-08-01 10:02:35 AM,23.23,1,23.23,26460170.10000001
2025-08-01 10:02:47 AM,23.23,80,1858.4,26462028.500000007
2025-08-01 10:02:53 AM,23.24,5,116.19999999999999,26462144.700000007
2025-08-01 10:03:00 AM,23.25,1440,33480.0,26495624.700000007
2025-08-01 10:03:10 AM,23.27,0,0.0,26495624.700000007
2025-08-01 10:03:12 AM,23.27,1,23.27,26495647.970000006
2025-08-01 10:03:19 AM,23.27,10,232.7,26495880.670000006
2025-08-01 10:03:21 AM,23.27,10,232.7,26496113.370000005
2025-08-01 10:03:32 AM,23.25,249,5789.25,26501902.620000005
2025-08-01 10:03:34 AM,23.27,0,0.0,26501902.620000005
2025-08-01 10:03:34 AM,23.27,2,46.54,26501949.160000004
2025-08-01 10:03:38 AM,23.24,0,0.0,26501949.160000004
2025-08-01 10:03:38 AM,23.24,2478,57588.719999999994,26559537.880000003
2025-08-01 10:03:40 AM,23.25,1,23.25,26559561.130000003
2025-08-01 10:03:50 AM,23.25,1,23.25,26559584.380000003
2025-08-01 10:03:56 AM,23.25,2,46.5,26559630.880000003
2025-08-01 10:04:01 AM,23.23,0,0.0,26559630.880000003
2025-08-01 10:04:02 AM,23.25,0,0.0,26559630.880000003
2025-08-01 10:04:03 AM,23.25,101,2348.25,26561979.130000003
2025-08-01 10:04:05 AM,23.25,50,1162.5,26563141.630000003
2025-08-01 10:04:15 AM,23.25,1,23.25,26563164.880000003
2025-08-01 10:04:17 AM,23.23,2046,47528.58,26610693.46
2025-08-01 10:04:21 AM,23.23,241,5598.43,26616291.89
2025-08-01 10:04:28 AM,23.23,1,23.23,26616315.12
2025-08-01 10:04:34 AM,23.25,0,0.0,26616315.12
2025-08-01 10:04:34 AM,23.25,577,13415.25,26629730.37
2025-08-01 10:04:40 AM,23.25,12,279.0,26630009.37
2025-08-01 10:04:42 AM,23.25,51,1185.75,26631195.12
2025-08-01 10:04:47 AM,23.25,5,116.25,26631311.37
2025-08-01 10:04:53 AM,23.25,50,1162.5,26632473.87
2025-08-01 10:04:55 AM,23.25,1,23.25,26632497.12
2025-08-01 10:05:01 AM,23.25,48,1116.0,26633613.12
2025-08-01 10:05:11 AM,23.25,1,23.25,26633636.37
2025-08-01 10:05:18 AM,23.23,3,69.69,26633706.060000002
2025-08-01 10:05:32 AM,23.24,790,18359.6,26652065.660000004
2025-08-01 10:05:42 AM,23.24,21,488.03999999999996,26652553.700000003
2025-08-01 10:05:48 AM,23.24,56,1301.4399999999998,26653855.140000004
2025-08-01 10:05:56 AM,23.24,1342,31188.079999999998,26685043.220000003
2025-08-01 10:06:00 AM,23.24,8,185.92,26685229.140000004
2025-08-01 10:06:02 AM,23.21,5000,116050.0,26801279.140000004
2025-08-01 10:06:06 AM,23.24,1265,29398.6,26830677.740000006
2025-08-01 10:06:11 AM,23.21,0,0.0,26830677.740000006
2025-08-01 10:06:12 AM,23.21,600,13926.0,26844603.740000006
2025-08-01 10:06:17 AM,23.21,155,3597.55,26848201.290000007
2025-08-01 10:06:23 AM,23.24,375,8715.0,26856916.290000007
2025-08-01 10:06:29 AM,23.24,6,139.44,26857055.730000008
2025-08-01 10:06:35 AM,23.24,1160,26958.399999999998,26884014.130000006
2025-08-01 10:06:38 AM,23.22,21,487.62,26884501.750000007
2025-08-01 10:06:41 AM,23.21,0,0.0,26884501.750000007
2025-08-01 10:06:41 AM,23.2,3465,80388.0,26964889.750000007
2025-08-01 10:06:44 AM,23.23,49,1138.27,26966028.020000007
2025-08-01 10:06:46 AM,23.19,0,0.0,26966028.020000007
2025-08-01 10:06:48 AM,23.21,12510,290357.10000000003,27256385.12000001
2025-08-01 10:06:50 AM,23.22,3000,69660.0,27326045.12000001
2025-08-01 10:06:56 AM,23.18,0,0.0,27326045.12000001
2025-08-01 10:06:56 AM,23.18,46,1066.28,27327111.40000001
2025-08-01 10:07:02 AM,23.18,100,2318.0,27329429.40000001
2025-08-01 10:07:08 AM,23.21,3,69.63,27329499.03000001
2025-08-01 10:07:12 AM,23.21,10,232.10000000000002,27329731.13000001
2025-08-01 10:07:19 AM,23.2,20,464.0,27330195.13000001
2025-08-01 10:07:25 AM,23.2,43,997.6,27331192.73000001
2025-08-01 10:07:43 AM,23.18,0,0.0,27331192.73000001
2025-08-01 10:07:43 AM,23.18,30,695.4,27331888.13000001
2025-08-01 10:07:49 AM,23.18,4,92.72,27331980.85000001
2025-08-01 10:07:53 AM,23.17,0,0.0,27331980.85000001
2025-08-01 10:07:56 AM,23.17,2664,61724.880000000005,27393705.730000008
2025-08-01 10:08:03 AM,23.18,0,0.0,27393705.730000008
2025-08-01 10:08:04 AM,23.18,500,11590.0,27405295.730000008
2025-08-01 10:08:07 AM,23.17,0,0.0,27405295.730000008
2025-08-01 10:08:08 AM,23.17,130,3012.1000000000004,27408307.83000001
2025-08-01 10:08:14 AM,23.17,21,486.57000000000005,27408794.40000001
2025-08-01 10:08:16 AM,23.17,246,5699.820000000001,27414494.22000001
2025-08-01 10:08:21 AM,23.18,0,0.0,27414494.22000001
2025-08-01 10:08:21 AM,23.18,2054,47611.72,27462105.94000001
2025-08-01 10:08:22 AM,23.19,100,2319.0,27464424.94000001
2025-08-01 10:08:27 AM,23.19,6,139.14000000000001,27464564.08000001
2025-08-01 10:08:28 AM,23.19,10,231.9,27464795.980000008
2025-08-01 10:08:38 AM,23.2,0,0.0,27464795.980000008
2025-08-01 10:08:39 AM,23.2,105,2436.0,27467231.980000008
2025-08-01 10:08:46 AM,23.19,127,2945.13,27470177.110000007
2025-08-01 10:08:52 AM,23.23,2060,47853.8,27518030.910000008
2025-08-01 10:09:05 AM,23.2,0,0.0,27518030.910000008
2025-08-01 10:09:08 AM,23.2,200,4640.0,27522670.910000008
2025-08-01 10:09:10 AM,23.22,45,1044.8999999999999,27523715.810000006
2025-08-01 10:09:26 AM,23.2,0,0.0,27523715.810000006
2025-08-01 10:09:26 AM,23.2,866,20091.2,27543807.010000005
2025-08-01 10:09:32 AM,23.2,100,2320.0,27546127.010000005
2025-08-01 10:09:38 AM,23.16,9034,209227.44,27755354.450000007
2025-08-01 10:10:00 AM,23.17,0,0.0,27755354.450000007
2025-08-01 10:10:00 AM,23.17,1250,28962.500000000004,27784316.950000007
2025-08-01 10:10:06 AM,23.2,0,0.0,27784316.950000007
2025-08-01 10:10:06 AM,23.2,1000,23200.0,27807516.950000007
2025-08-01 10:10:12 AM,23.2,250,5800.0,27813316.950000007
2025-08-01 10:10:14 AM,23.2,930,21576.0,27834892.950000007
2025-08-01 10:10:26 AM,23.17,0,0.0,27834892.950000007
2025-08-01 10:10:26 AM,23.17,3678,85219.26000000001,27920112.21000001
2025-08-01 10:10:29 AM,23.18,0,0.0,27920112.21000001
2025-08-01 10:10:30 AM,23.18,200,4636.0,27924748.21000001
2025-08-01 10:10:37 AM,23.18,132,3059.7599999999998,27927807.97000001
2025-08-01 10:10:43 AM,23.17,5,115.85000000000001,27927923.82000001
2025-08-01 10:10:48 AM,23.17,389,9013.130000000001,27936936.95000001
2025-08-01 10:10:54 AM,23.18,2105,48793.9,27985730.85000001
2025-08-01 10:11:05 AM,23.18,59,1367.62,27987098.47000001
2025-08-01 10:11:07 AM,23.18,5,115.9,27987214.37000001
2025-08-01 10:11:12 AM,23.18,250,5795.0,27993009.37000001
2025-08-01 10:11:18 AM,23.18,80,1854.4,27994863.770000007
2025-08-01 10:11:23 AM,23.18,5,115.9,27994979.670000006
2025-08-01 10:11:29 AM,23.15,0,0.0,27994979.670000006
2025-08-01 10:11:29 AM,23.15,8105,187630.75,28182610.420000006
2025-08-01 10:11:32 AM,23.18,0,0.0,28182610.420000006
2025-08-01 10:11:34 AM,23.18,1000,23180.0,28205790.420000006
2025-08-01 10:11:40 AM,23.18,300,6954.0,28212744.420000006
2025-08-01 10:11:42 AM,23.15,1701,39378.149999999994,28252122.570000004
2025-08-01 10:11:44 AM,23.16,0,0.0,28252122.570000004
2025-08-01 10:11:44 AM,23.18,0,0.0,28252122.570000004
2025-08-01 10:11:46 AM,23.18,5596,129715.28,28381837.850000005
2025-08-01 10:11:52 AM,23.18,350,8113.0,28389950.850000005
2025-08-01 10:12:05 AM,23.18,189,4381.0199999999995,28394331.870000005
2025-08-01 10:12:22 AM,23.18,100,2318.0,28396649.870000005
2025-08-01 10:12:26 AM,23.17,0,0.0,28396649.870000005
2025-08-01 10:12:27 AM,23.17,83,1923.1100000000001,28398572.980000004
2025-08-01 10:12:32 AM,23.2,0,0.0,28398572.980000004
2025-08-01 10:12:33 AM,23.2,16656,386419.2,28784992.180000003
2025-08-01 10:12:45 AM,23.22,50,1161.0,28786153.180000003
2025-08-01 10:12:53 AM,23.23,0,0.0,28786153.180000003
2025-08-01 10:12:56 AM,23.23,7,162.61,28786315.790000003
2025-08-01 10:12:57 AM,23.2,2501,58023.2,28844338.990000002
2025-08-01 10:13:07 AM,23.23,5000,116150.0,28960488.990000002
2025-08-01 10:13:13 AM,23.22,251,5828.219999999999,28966317.21
2025-08-01 10:13:29 AM,23.2,0,0.0,28966317.21
2025-08-01 10:13:31 AM,23.2,21,487.2,28966804.41
2025-08-01 10:13:41 AM,23.23,0,0.0,28966804.41
2025-08-01 10:13:43 AM,23.23,413,9593.99,28976398.4
2025-08-01 10:14:01 AM,23.23,20,464.6,28976863.0
2025-08-01 10:14:07 AM,23.21,317,7357.570000000001,28984220.57
2025-08-01 10:14:11 AM,23.2,0,0.0,28984220.57
2025-08-01 10:14:12 AM,23.23,491,11405.93,28995626.5
2025-08-01 10:14:25 AM,23.23,1001,23253.23,29018879.73
2025-08-01 10:14:30 AM,23.23,834,19373.82,29038253.55
2025-08-01 10:14:35 AM,23.24,25,581.0,29038834.55
2025-08-01 10:14:41 AM,23.25,1,23.25,29038857.8
2025-08-01 10:14:42 AM,23.25,30,697.5,29039555.3
2025-08-01 10:14:47 AM,23.26,0,0.0,29039555.3
2025-08-01 10:14:47 AM,23.26,400,9304.0,29048859.3
2025-08-01 10:14:54 AM,23.26,1,23.26,29048882.560000002
2025-08-01 10:15:04 AM,23.26,4166,96901.16,29145783.720000003
2025-08-01 10:15:09 AM,23.25,0,0.0,29145783.720000003
2025-08-01 10:15:10 AM,23.25,212,4929.0,29150712.720000003
2025-08-01 10:15:28 AM,23.27,13,302.51,29151015.230000004
2025-08-01 10:15:34 AM,23.27,12,279.24,29151294.470000003
2025-08-01 10:15:40 AM,23.27,5,116.35,29151410.820000004
2025-08-01 10:15:44 AM,23.26,0,0.0,29151410.820000004
2025-08-01 10:15:46 AM,23.26,200,4652.0,29156062.820000004
2025-08-01 10:15:47 AM,23.26,19,441.94000000000005,29156504.760000005
2025-08-01 10:15:58 AM,23.26,79,1837.5400000000002,29158342.300000004
2025-08-01 10:16:04 AM,23.26,100,2326.0,29160668.300000004
2025-08-01 10:16:07 AM,23.25,0,0.0,29160668.300000004
2025-08-01 10:16:09 AM,23.26,3054,71036.04000000001,29231704.340000004
2025-08-01 10:16:21 AM,23.26,1,23.26,29231727.600000005
2025-08-01 10:16:22 AM,23.26,10,232.60000000000002,29231960.200000007
2025-08-01 10:16:33 AM,23.27,79,1838.33,29233798.530000005
2025-08-01 10:16:37 AM,23.26,0,0.0,29233798.530000005
2025-08-01 10:16:39 AM,23.26,501,11653.26,29245451.790000007
2025-08-01 10:16:49 AM,23.27,0,0.0,29245451.790000007
2025-08-01 10:16:50 AM,23.27,10,232.7,29245684.490000006
2025-08-01 10:16:56 AM,23.27,4,93.08,29245777.570000004
2025-08-01 10:17:01 AM,23.27,100,2327.0,29248104.570000004
2025-08-01 10:17:18 AM,23.27,100,2327.0,29250431.570000004
2025-08-01 10:17:22 AM,23.28,0,0.0,29250431.570000004
2025-08-01 10:17:24 AM,23.28,3,69.84,29250501.410000004
2025-08-01 10:17:28 AM,23.27,0,0.0,29250501.410000004
2025-08-01 10:17:30 AM,23.27,2,46.54,29250547.950000003
2025-08-01 10:17:41 AM,23.29,0,0.0,29250547.950000003
2025-08-01 10:17:42 AM,23.29,30,698.6999999999999,29251246.650000002
2025-08-01 10:17:53 AM,23.29,442,10294.18,29261540.830000002
2025-08-01 10:17:59 AM,23.29,3003,69939.87,29331480.700000003
2025-08-01 10:18:05 AM,23.29,1503,35004.869999999995,29366485.570000004
2025-08-01 10:18:11 AM,23.29,46,1071.34,29367556.910000004
2025-08-01 10:18:20 AM,23.26,0,0.0,29367556.910000004
2025-08-01 10:18:22 AM,23.26,180,4186.8,29371743.710000005
2025-08-01 10:18:25 AM,23.27,0,0.0,29371743.710000005
2025-08-01 10:18:28 AM,23.27,1,23.27,29371766.980000004
2025-08-01 10:18:45 AM,23.27,100,2327.0,29374093.980000004
2025-08-01 10:18:51 AM,23.29,5,116.44999999999999,29374210.430000003
2025-08-01 10:18:54 AM,23.27,0,0.0,29374210.430000003
2025-08-01 10:18:57 AM,23.27,1332,30995.64,29405206.070000004
2025-08-01 10:19:06 AM,23.32,0,0.0,29405206.070000004
2025-08-01 10:19:08 AM,23.32,20000,466400.0,29871606.070000004
2025-08-01 10:19:12 AM,23.28,0,0.0,29871606.070000004
2025-08-01 10:19:14 AM,23.28,900,20952.0,29892558.070000004
2025-08-01 10:19:33 AM,23.3,0,0.0,29892558.070000004
2025-08-01 10:19:37 AM,23.3,23,535.9,29893093.970000003
2025-08-01 10:19:54 AM,23.3,200,4660.0,29897753.970000003
2025-08-01 10:19:57 AM,23.28,0,0.0,29897753.970000003
2025-08-01 10:19:59 AM,23.28,1,23.28,29897777.250000004
2025-08-01 10:20:04 AM,23.3,0,0.0,29897777.250000004
2025-08-01 10:20:05 AM,23.3,2,46.6,29897823.850000005
2025-08-01 10:20:06 AM,23.28,0,0.0,29897823.850000005
2025-08-01 10:20:06 AM,23.28,24,558.72,29898382.570000004
2025-08-01 10:20:09 AM,23.3,0,0.0,29898382.570000004
2025-08-01 10:20:10 AM,23.3,300,6990.0,29905372.570000004
2025-08-01 10:20:15 AM,23.28,0,0.0,29905372.570000004
2025-08-01 10:20:16 AM,23.28,449,10452.720000000001,29915825.290000003
2025-08-01 10:20:22 AM,23.28,50,1164.0,29916989.290000003
2025-08-01 10:20:26 AM,23.26,0,0.0,29916989.290000003
2025-08-01 10:20:28 AM,23.26,20,465.20000000000005,29917454.490000002
2025-08-01 10:20:29 AM,23.28,300,6984.0,29924438.490000002
2025-08-01 10:20:32 AM,23.29,0,0.0,29924438.490000002
2025-08-01 10:20:33 AM,23.29,310,7219.9,29931658.39
2025-08-01 10:20:46 AM,23.28,350,8148.0,29939806.39
2025-08-01 10:20:58 AM,23.3,1,23.3,29939829.69
2025-08-01 10:21:22 AM,23.3,20,466.0,29940295.69
2025-08-01 10:21:27 AM,23.3,50,1165.0,29941460.69
2025-08-01 10:21:36 AM,23.3,63,1467.9,29942928.59
2025-08-01 10:21:38 AM,23.3,25,582.5,29943511.09
2025-08-01 10:21:47 AM,23.28,0,0.0,29943511.09
2025-08-01 10:21:47 AM,23.28,2,46.56,29943557.65
2025-08-01 10:21:53 AM,23.28,430,10010.4,29953568.049999997
2025-08-01 10:22:04 AM,23.28,200,4656.0,29958224.049999997
2025-08-01 10:22:06 AM,23.28,11,256.08000000000004,29958480.129999995
2025-08-01 10:22:10 AM,23.28,9,209.52,29958689.649999995
2025-08-01 10:22:18 AM,23.3,100,2330.0,29961019.649999995
2025-08-01 10:22:41 AM,23.31,0,0.0,29961019.649999995
2025-08-01 10:22:41 AM,23.31,900,20979.0,29981998.649999995
2025-08-01 10:22:50 AM,23.32,0,0.0,29981998.649999995
2025-08-01 10:22:50 AM,23.32,2,46.64,29982045.289999995
2025-08-01 10:22:55 AM,23.32,900,20988.0,30003033.289999995
2025-08-01 10:23:04 AM,23.3,0,0.0,30003033.289999995
2025-08-01 10:23:06 AM,23.3,25,582.5,30003615.789999995
2025-08-01 10:23:08 AM,23.29,0,0.0,30003615.789999995
2025-08-01 10:23:09 AM,23.29,270,6288.3,30009904.089999996
2025-08-01 10:23:24 AM,23.32,50,1166.0,30011070.089999996
2025-08-01 10:23:27 AM,23.3,1,23.3,30011093.389999997
2025-08-01 10:23:37 AM,23.32,0,0.0,30011093.389999997
2025-08-01 10:23:38 AM,23.32,80,1865.6,30012958.99
2025-08-01 10:23:49 AM,23.32,1000,23320.0,30036278.99
2025-08-01 10:23:52 AM,23.28,5000,116400.0,30152678.99
2025-08-01 10:24:06 AM,23.32,3,69.96000000000001,30152748.95
2025-08-01 10:24:19 AM,23.29,0,0.0,30152748.95
2025-08-01 10:24:19 AM,23.29,101,2352.29,30155101.24
2025-08-01 10:24:22 AM,23.32,0,0.0,30155101.24
2025-08-01 10:24:23 AM,23.32,1,23.32,30155124.56
2025-08-01 10:24:30 AM,23.32,4983,116203.56,30271328.119999997
2025-08-01 10:24:39 AM,23.32,1000,23320.0,30294648.119999997
2025-08-01 10:24:41 AM,23.32,1,23.32,30294671.439999998
2025-08-01 10:24:46 AM,23.32,3,69.96000000000001,30294741.4
2025-08-01 10:24:50 AM,23.32,3,69.96000000000001,30294811.36
2025-08-01 10:24:52 AM,23.32,214,4990.4800000000005,30299801.84
2025-08-01 10:24:55 AM,23.32,72,1679.04,30301480.88
2025-08-01 10:25:13 AM,23.32,369,8605.08,30310085.959999997
2025-08-01 10:25:21 AM,23.32,300,6996.0,30317081.959999997
2025-08-01 10:25:27 AM,23.32,1000,23320.0,30340401.959999997
2025-08-01 10:25:29 AM,23.3,0,0.0,30340401.959999997
2025-08-01 10:25:30 AM,23.3,100,2330.0,30342731.959999997
2025-08-01 10:25:52 AM,23.33,100,2333.0,30345064.959999997
2025-08-01 10:25:54 AM,23.33,2500,58324.99999999999,30403389.959999997
2025-08-01 10:26:08 AM,23.33,210,4899.299999999999,30408289.259999998
2025-08-01 10:26:14 AM,23.3,0,0.0,30408289.259999998
2025-08-01 10:26:14 AM,23.3,1100,25630.0,30433919.259999998
2025-08-01 10:26:29 AM,23.33,0,0.0,30433919.259999998
2025-08-01 10:26:30 AM,23.3,0,0.0,30433919.259999998
2025-08-01 10:26:31 AM,23.3,12,279.6,30434198.86
2025-08-01 10:26:33 AM,23.33,0,0.0,30434198.86
2025-08-01 10:26:34 AM,23.33,1,23.33,30434222.189999998
2025-08-01 10:26:43 AM,23.33,10,233.29999999999998,30434455.49
2025-08-01 10:27:08 AM,23.32,30,699.6,30435155.09
2025-08-01 10:27:17 AM,23.31,0,0.0,30435155.09
2025-08-01 10:27:17 AM,23.31,500,11655.0,30446810.09
2025-08-01 10:27:20 AM,23.32,0,0.0,30446810.09
2025-08-01 10:27:20 AM,23.32,115,2681.8,30449491.89
2025-08-01 10:27:27 AM,23.31,0,0.0,30449491.89
2025-08-01 10:27:28 AM,23.31,11,256.40999999999997,30449748.3
2025-08-01 10:27:38 AM,23.33,0,0.0,30449748.3
2025-08-01 10:27:39 AM,23.33,2000,46660.0,30496408.3
2025-08-01 10:28:11 AM,23.33,10,233.29999999999998,30496641.6
2025-08-01 10:28:25 AM,23.32,500,11660.0,30508301.6
2025-08-01 10:28:26 AM,23.31,0,0.0,30508301.6
2025-08-01 10:28:28 AM,23.31,1000,23310.0,30531611.6
2025-08-01 10:28:32 AM,23.33,0,0.0,30531611.6
2025-08-01 10:28:33 AM,23.33,100,2333.0,30533944.6
2025-08-01 10:28:36 AM,23.31,0,0.0,30533944.6
2025-08-01 10:28:36 AM,23.31,100,2331.0,30536275.6
2025-08-01 10:28:42 AM,23.31,170,3962.7,30540238.3
2025-08-01 10:28:47 AM,23.33,400,9332.0,30549570.3
2025-08-01 10:28:50 AM,23.33,700,16330.999999999998,30565901.3
2025-08-01 10:29:01 AM,23.31,100,2331.0,30568232.3
2025-08-01 10:29:26 AM,23.33,0,0.0,30568232.3
2025-08-01 10:29:26 AM,23.33,50,1166.5,30569398.8
2025-08-01 10:29:40 AM,23.3,0,0.0,30569398.8
2025-08-01 10:29:40 AM,23.3,2143,49931.9,30619330.7
2025-08-01 10:29:48 AM,23.33,0,0.0,30619330.7
2025-08-01 10:29:48 AM,23.33,1010,23563.3,30642894.0
2025-08-01 10:29:52 AM,23.31,0,0.0,30642894.0
2025-08-01 10:29:54 AM,23.31,40,932.4,30643826.4
2025-08-01 10:29:57 AM,23.33,5,116.64999999999999,30643943.049999997
2025-08-01 10:29:58 AM,23.31,0,0.0,30643943.049999997
2025-08-01 10:29:59 AM,23.31,1,23.31,30643966.359999996
2025-08-01 10:30:08 AM,23.31,50,1165.5,30645131.859999996
2025-08-01 10:30:16 AM,23.33,0,0.0,30645131.859999996
2025-08-01 10:30:17 AM,23.33,10000,233299.99999999997,30878431.859999996
2025-08-01 10:30:22 AM,23.31,1,23.31,30878455.169999994
2025-08-01 10:30:31 AM,23.33,0,0.0,30878455.169999994
2025-08-01 10:30:31 AM,23.33,10,233.29999999999998,30878688.469999995
2025-08-01 10:30:34 AM,23.31,0,0.0,30878688.469999995
2025-08-01 10:30:34 AM,23.31,1,23.31,30878711.779999994
2025-08-01 10:30:36 AM,23.33,0,0.0,30878711.779999994
2025-08-01 10:30:37 AM,23.33,2,46.66,30878758.439999994
2025-08-01 10:30:40 AM,23.33,24,559.92,30879318.359999996
2025-08-01 10:30:42 AM,23.33,500,11665.0,30890983.359999996
2025-08-01 10:30:45 AM,23.31,3,69.92999999999999,30891053.289999995
2025-08-01 10:30:51 AM,23.33,100,2333.0,30893386.289999995
2025-08-01 10:30:56 AM,23.32,0,0.0,30893386.289999995
2025-08-01 10:30:57 AM,23.32,3,69.96000000000001,30893456.249999996
2025-08-01 10:30:59 AM,23.32,500,11660.0,30905116.249999996
2025-08-01 10:31:02 AM,23.32,45,1049.4,30906165.649999995
2025-08-01 10:31:21 AM,23.33,0,0.0,30906165.649999995
2025-08-01 10:31:23 AM,23.33,125,2916.25,30909081.899999995
2025-08-01 10:31:28 AM,23.33,5,116.64999999999999,30909198.549999993
2025-08-01 10:31:31 AM,23.31,0,0.0,30909198.549999993
2025-08-01 10:31:31 AM,23.31,3837,89440.47,30998639.019999992
2025-08-01 10:31:37 AM,23.32,5,116.6,30998755.619999994
2025-08-01 10:31:39 AM,23.32,50,1166.0,30999921.619999994
2025-08-01 10:31:44 AM,23.32,41,956.12,31000877.739999995
2025-08-01 10:31:57 AM,23.32,2,46.64,31000924.379999995
2025-08-01 10:32:07 AM,23.32,757,17653.24,31018577.619999994
2025-08-01 10:32:13 AM,23.32,76,1772.32,31020349.939999994
2025-08-01 10:32:17 AM,23.32,100,2332.0,31022681.939999994
2025-08-01 10:32:20 AM,23.32,1,23.32,31022705.259999994
2025-08-01 10:32:23 AM,23.32,10,233.2,31022938.459999993
2025-08-01 10:32:30 AM,23.32,1,23.32,31022961.779999994
2025-08-01 10:32:44 AM,23.31,0,0.0,31022961.779999994
2025-08-01 10:32:45 AM,23.31,70,1631.6999999999998,31024593.479999993
2025-08-01 10:32:47 AM,23.32,0,0.0,31024593.479999993
2025-08-01 10:32:48 AM,23.32,40,932.8,31025526.279999994
2025-08-01 10:32:51 AM,23.32,1,23.32,31025549.599999994
2025-08-01 10:33:02 AM,23.3,0,0.0,31025549.599999994
2025-08-01 10:33:02 AM,23.3,100,2330.0,31027879.599999994
2025-08-01 10:33:05 AM,23.32,0,0.0,31027879.599999994
2025-08-01 10:33:05 AM,23.32,15,349.8,31028229.399999995
2025-08-01 10:33:07 AM,23.32,101,2355.32,31030584.719999995
2025-08-01 10:33:13 AM,23.32,425,9911.0,31040495.719999995
2025-08-01 10:33:16 AM,23.32,2,46.64,31040542.359999996
2025-08-01 10:33:19 AM,23.32,75,1749.0,31042291.359999996
2025-08-01 10:33:22 AM,23.32,71,1655.72,31043947.079999994
2025-08-01 10:33:24 AM,23.32,172,4011.04,31047958.119999994
2025-08-01 10:33:27 AM,23.32,100,2332.0,31050290.119999994
2025-08-01 10:33:40 AM,23.31,0,0.0,31050290.119999994
2025-08-01 10:33:40 AM,23.31,11,256.40999999999997,31050546.529999994
2025-08-01 10:33:48 AM,23.3,0,0.0,31050546.529999994
2025-08-01 10:33:49 AM,23.3,89,2073.7000000000003,31052620.229999993
2025-08-01 10:33:52 AM,23.32,0,0.0,31052620.229999993
2025-08-01 10:33:52 AM,23.32,1000,23320.0,31075940.229999993
2025-08-01 10:34:13 AM,23.32,52,1212.64,31077152.869999994
2025-08-01 10:34:20 AM,23.31,50,1165.5,31078318.369999994
2025-08-01 10:34:45 AM,23.33,0,0.0,31078318.369999994
2025-08-01 10:34:46 AM,23.33,465,10848.449999999999,31089166.819999993
2025-08-01 10:34:51 AM,23.3,0,0.0,31089166.819999993
2025-08-01 10:34:52 AM,23.3,2500,58250.0,31147416.819999993
2025-08-01 10:34:54 AM,23.3,2100,48930.0,31196346.819999993
2025-08-01 10:35:11 AM,23.33,50,1166.5,31197513.319999993
2025-08-01 10:35:15 AM,23.33,80,1866.3999999999999,31199379.71999999
2025-08-01 10:35:24 AM,23.3,0,0.0,31199379.71999999
2025-08-01 10:35:26 AM,23.3,250,5825.0,31205204.71999999
2025-08-01 10:35:41 AM,23.33,0,0.0,31205204.71999999
2025-08-01 10:35:43 AM,23.33,50,1166.5,31206371.21999999
2025-08-01 10:35:44 AM,23.3,0,0.0,31206371.21999999
2025-08-01 10:35:45 AM,23.3,360,8388.0,31214759.21999999
2025-08-01 10:35:53 AM,23.32,0,0.0,31214759.21999999
2025-08-01 10:35:54 AM,23.32,10,233.2,31214992.41999999
2025-08-01 10:36:16 AM,23.34,0,0.0,31214992.41999999
2025-08-01 10:36:16 AM,23.34,16600,387444.0,31602436.41999999
2025-08-01 10:36:17 AM,23.33,0,0.0,31602436.41999999
2025-08-01 10:36:19 AM,23.33,100,2333.0,31604769.41999999
2025-08-01 10:36:24 AM,23.32,400,9328.0,31614097.41999999
2025-08-01 10:36:33 AM,23.32,9,209.88,31614307.29999999
2025-08-01 10:36:57 AM,23.32,118,2751.76,31617059.05999999
2025-08-01 10:37:28 AM,23.32,207,4827.24,31621886.29999999
2025-08-01 10:37:30 AM,23.32,45,1049.4,31622935.699999988
2025-08-01 10:37:36 AM,23.32,39,909.48,31623845.17999999
2025-08-01 10:37:42 AM,23.32,6,139.92000000000002,31623985.09999999
2025-08-01 10:37:47 AM,23.32,300,6996.0,31630981.09999999
2025-08-01 10:38:06 AM,23.33,0,0.0,31630981.09999999
2025-08-01 10:38:07 AM,23.31,0,0.0,31630981.09999999
2025-08-01 10:38:08 AM,23.31,951,22167.809999999998,31653148.90999999
2025-08-01 10:38:32 AM,23.32,100,2332.0,31655480.90999999
2025-08-01 10:38:35 AM,23.33,0,0.0,31655480.90999999
2025-08-01 10:38:35 AM,23.33,22,513.26,31655994.16999999
2025-08-01 10:39:01 AM,23.33,3,69.99,31656064.15999999
2025-08-01 10:39:02 AM,23.32,0,0.0,31656064.15999999
2025-08-01 10:39:03 AM,23.32,150,3498.0,31659562.15999999
2025-08-01 10:39:11 AM,23.33,0,0.0,31659562.15999999
2025-08-01 10:39:12 AM,23.33,15,349.95,31659912.10999999
2025-08-01 10:39:20 AM,23.32,0,0.0,31659912.10999999
2025-08-01 10:39:20 AM,23.32,2918,68047.76,31727959.86999999
2025-08-01 10:39:23 AM,23.32,740,17256.8,31745216.66999999
2025-08-01 10:39:26 AM,23.33,80,1866.3999999999999,31747083.06999999
2025-08-01 10:39:31 AM,23.33,22,513.26,31747596.32999999
2025-08-01 10:39:40 AM,23.33,2,46.66,31747642.98999999
2025-08-01 10:39:42 AM,23.33,100,2333.0,31749975.98999999
2025-08-01 10:39:47 AM,23.32,0,0.0,31749975.98999999
2025-08-01 10:39:48 AM,23.32,239,5573.4800000000005,31755549.46999999
2025-08-01 10:39:53 AM,23.33,0,0.0,31755549.46999999
2025-08-01 10:39:53 AM,23.33,129,3009.5699999999997,31758559.03999999
2025-08-01 10:39:59 AM,23.33,350,8165.499999999999,31766724.53999999
2025-08-01 10:40:02 AM,23.33,10,233.29999999999998,31766957.839999992
2025-08-01 10:40:13 AM,23.33,10,233.29999999999998,31767191.139999993
2025-08-01 10:40:15 AM,23.33,2,46.66,31767237.799999993
2025-08-01 10:40:24 AM,23.33,20,466.59999999999997,31767704.399999995
2025-08-01 10:40:46 AM,23.31,74,1724.9399999999998,31769429.339999996
2025-08-01 10:40:56 AM,23.33,0,0.0,31769429.339999996
2025-08-01 10:40:57 AM,23.33,250,5832.5,31775261.839999996
2025-08-01 10:41:02 AM,23.31,0,0.0,31775261.839999996
2025-08-01 10:41:03 AM,23.31,5,116.55,31775378.389999997
2025-08-01 10:41:11 AM,23.33,0,0.0,31775378.389999997
2025-08-01 10:41:11 AM,23.33,100,2333.0,31777711.389999997
2025-08-01 10:41:39 AM,23.33,9,209.96999999999997,31777921.359999996
2025-08-01 10:41:43 AM,23.33,280,6532.4,31784453.759999994
2025-08-01 10:41:48 AM,23.33,324,7558.919999999999,31792012.679999996
2025-08-01 10:41:57 AM,23.31,0,0.0,31792012.679999996
2025-08-01 10:41:59 AM,23.31,2996,69836.76,31861849.439999998
2025-08-01 10:42:15 AM,23.31,70,1631.6999999999998,31863481.139999997
2025-08-01 10:42:21 AM,23.31,171,3986.0099999999998,31867467.15
2025-08-01 10:42:32 AM,23.31,3,69.92999999999999,31867537.08
2025-08-01 10:42:40 AM,23.31,10,233.1,31867770.18
2025-08-01 10:43:05 AM,23.31,1,23.31,31867793.49
2025-08-01 10:43:21 AM,23.3,400,9320.0,31877113.49
2025-08-01 10:43:27 AM,23.3,112,2609.6,31879723.09
2025-08-01 10:43:40 AM,23.31,0,0.0,31879723.09
2025-08-01 10:43:40 AM,23.31,105,2447.5499999999997,31882170.64
2025-08-01 10:43:42 AM,23.3,0,0.0,31882170.64
2025-08-01 10:43:43 AM,23.3,115,2679.5,31884850.14
2025-08-01 10:43:50 AM,23.31,0,0.0,31884850.14
2025-08-01 10:43:50 AM,23.31,200,4662.0,31889512.14
2025-08-01 10:44:09 AM,23.31,2,46.62,31889558.76
2025-08-01 10:44:14 AM,23.31,3305,77039.55,31966598.310000002
2025-08-01 10:44:22 AM,23.33,0,0.0,31966598.310000002
2025-08-01 10:44:22 AM,23.33,300,6998.999999999999,31973597.310000002
2025-08-01 10:44:31 AM,23.33,4,93.32,31973690.630000003
2025-08-01 10:44:41 AM,23.31,0,0.0,31973690.630000003
2025-08-01 10:44:41 AM,23.31,1,23.31,31973713.94
2025-08-01 10:44:57 AM,23.31,1001,23333.309999999998,31997047.25
2025-08-01 10:45:18 AM,23.32,0,0.0,31997047.25
2025-08-01 10:45:19 AM,23.32,5,116.6,31997163.85
2025-08-01 10:45:22 AM,23.31,5,116.55,31997280.400000002
2025-08-01 10:45:30 AM,23.31,5,116.55,31997396.950000003
2025-08-01 10:45:32 AM,23.32,0,0.0,31997396.950000003
2025-08-01 10:45:33 AM,23.32,2,46.64,31997443.590000004
2025-08-01 10:45:36 AM,23.32,54,1259.28,31998702.870000005
2025-08-01 10:45:43 AM,23.33,0,0.0,31998702.870000005
2025-08-01 10:45:44 AM,23.33,15,349.95,31999052.820000004
2025-08-01 10:45:46 AM,23.33,2000,46660.0,32045712.820000004
2025-08-01 10:45:52 AM,23.33,105,2449.6499999999996,32048162.470000003
2025-08-01 10:46:03 AM,23.33,25,583.25,32048745.720000003
2025-08-01 10:46:05 AM,23.33,2351,54848.829999999994,32103594.55
2025-08-01 10:46:20 AM,23.33,446,10405.179999999998,32113999.73
2025-08-01 10:46:25 AM,23.31,0,0.0,32113999.73
2025-08-01 10:46:26 AM,23.32,0,0.0,32113999.73
2025-08-01 10:46:26 AM,23.32,4528,105592.96,32219592.69
2025-08-01 10:46:28 AM,23.32,1,23.32,32219616.01
2025-08-01 10:46:35 AM,23.31,0,0.0,32219616.01
2025-08-01 10:46:37 AM,23.31,6404,149277.24,32368893.25
2025-08-01 10:46:39 AM,23.3,100,2330.0,32371223.25
2025-08-01 10:46:41 AM,23.31,0,0.0,32371223.25
2025-08-01 10:46:43 AM,23.31,250,5827.5,32377050.75
2025-08-01 10:46:44 AM,23.3,0,0.0,32377050.75
2025-08-01 10:46:44 AM,23.3,130,3029.0,32380079.75
2025-08-01 10:46:54 AM,23.3,1000,23300.0,32403379.75
2025-08-01 10:47:39 AM,23.3,600,13980.0,32417359.75
2025-08-01 10:47:42 AM,23.3,235,5475.5,32422835.25
2025-08-01 10:48:04 AM,23.3,500,11650.0,32434485.25
2025-08-01 10:48:14 AM,23.31,0,0.0,32434485.25
2025-08-01 10:48:14 AM,23.31,20,466.2,32434951.45
2025-08-01 10:48:19 AM,23.32,0,0.0,32434951.45
2025-08-01 10:48:20 AM,23.32,300,6996.0,32441947.45
2025-08-01 10:48:53 AM,23.32,2,46.64,32441994.09
2025-08-01 10:49:09 AM,23.32,30,699.6,32442693.69
2025-08-01 10:49:15 AM,23.32,2000,46640.0,32489333.69
2025-08-01 10:49:22 AM,23.32,100,2332.0,32491665.69
2025-08-01 10:49:36 AM,23.32,50,1166.0,32492831.69
2025-08-01 10:49:38 AM,23.32,51,1189.32,32494021.01
2025-08-01 10:49:42 AM,23.32,500,11660.0,32505681.01
2025-08-01 10:49:50 AM,23.31,0,0.0,32505681.01
2025-08-01 10:49:52 AM,23.31,888,20699.28,32526380.290000003
2025-08-01 10:49:58 AM,23.31,300,6993.0,32533373.290000003
2025-08-01 10:50:25 AM,23.29,0,0.0,32533373.290000003
2025-08-01 10:50:25 AM,23.29,1863,43389.27,32576762.560000002
2025-08-01 10:50:35 AM,23.3,0,0.0,32576762.560000002
2025-08-01 10:50:36 AM,23.3,1000,23300.0,32600062.560000002
2025-08-01 10:50:48 AM,23.3,25,582.5,32600645.060000002
2025-08-01 10:51:05 AM,23.3,9,209.70000000000002,32600854.76
2025-08-01 10:51:27 AM,23.28,57,1326.96,32602181.720000003
2025-08-01 10:51:32 AM,23.29,0,0.0,32602181.720000003
2025-08-01 10:51:32 AM,23.29,610,14206.9,32616388.62
2025-08-01 10:51:49 AM,23.29,10,232.89999999999998,32616621.52
2025-08-01 10:51:50 AM,23.29,2,46.58,32616668.099999998
2025-08-01 10:52:04 AM,23.3,0,0.0,32616668.099999998
2025-08-01 10:52:05 AM,23.3,15,349.5,32617017.599999998
2025-08-01 10:52:12 AM,23.28,0,0.0,32617017.599999998
2025-08-01 10:52:16 AM,23.28,1000,23280.0,32640297.599999998
2025-08-01 10:52:22 AM,23.27,0,0.0,32640297.599999998
2025-08-01 10:52:22 AM,23.27,60,1396.2,32641693.799999997
2025-08-01 10:52:46 AM,23.29,0,0.0,32641693.799999997
2025-08-01 10:52:48 AM,23.29,5,116.44999999999999,32641810.249999996
2025-08-01 10:52:53 AM,23.29,1,23.29,32641833.539999995
2025-08-01 10:52:58 AM,23.29,3,69.87,32641903.409999996
2025-08-01 10:53:03 AM,23.29,500,11645.0,32653548.409999996
2025-08-01 10:53:24 AM,23.25,0,0.0,32653548.409999996
2025-08-01 10:53:25 AM,23.25,19203,446469.75,33100018.159999996
2025-08-01 10:53:31 AM,23.25,1539,35781.75,33135799.909999996
2025-08-01 10:53:34 AM,23.26,0,0.0,33135799.909999996
2025-08-01 10:53:36 AM,23.26,44,1023.44,33136823.349999998
2025-08-01 10:53:46 AM,23.26,500,11630.0,33148453.349999998
2025-08-01 10:53:52 AM,23.26,838,19491.88,33167945.229999997
2025-08-01 10:54:24 AM,23.27,0,0.0,33167945.229999997
2025-08-01 10:54:24 AM,23.27,407,9470.89,33177416.119999997
2025-08-01 10:54:42 AM,23.26,0,0.0,33177416.119999997
2025-08-01 10:54:45 AM,23.26,1,23.26,33177439.38
2025-08-01 10:54:51 AM,23.26,15,348.90000000000003,33177788.279999997
2025-08-01 10:54:58 AM,23.28,0,0.0,33177788.279999997
2025-08-01 10:55:01 AM,23.28,2,46.56,33177834.839999996
2025-08-01 10:55:11 AM,23.28,2,46.56,33177881.399999995
2025-08-01 10:55:16 AM,23.28,85,1978.8000000000002,33179860.199999996
2025-08-01 10:55:44 AM,23.28,503,11709.84,33191570.039999995
2025-08-01 10:56:21 AM,23.28,2006,46699.68,33238269.719999995
2025-08-01 10:56:26 AM,23.28,6,139.68,33238409.399999995
2025-08-01 10:56:27 AM,23.26,400,9304.0,33247713.399999995
2025-08-01 10:56:30 AM,23.28,0,0.0,33247713.399999995
2025-08-01 10:56:31 AM,23.28,17,395.76,33248109.159999996
2025-08-01 10:56:33 AM,23.28,4,93.12,33248202.279999997
2025-08-01 10:56:36 AM,23.26,0,0.0,33248202.279999997
2025-08-01 10:56:37 AM,23.26,4,93.04,33248295.319999997
2025-08-01 10:56:50 AM,23.28,0,0.0,33248295.319999997
2025-08-01 10:56:53 AM,23.28,2,46.56,33248341.879999995
2025-08-01 10:56:58 AM,23.28,1,23.28,33248365.159999996
2025-08-01 10:57:02 AM,23.26,0,0.0,33248365.159999996
2025-08-01 10:57:03 AM,23.26,500,11630.0,33259995.159999996
2025-08-01 10:57:04 AM,23.28,0,0.0,33259995.159999996
2025-08-01 10:57:04 AM,23.28,13,302.64,33260297.799999997
2025-08-01 10:57:19 AM,23.28,356,8287.68,33268585.479999997
2025-08-01 10:57:24 AM,23.28,500,11640.0,33280225.479999997
2025-08-01 10:57:36 AM,23.29,857,19959.53,33300185.009999998
2025-08-01 10:57:51 AM,23.29,1,23.29,33300208.299999997
2025-08-01 10:58:10 AM,23.28,0,0.0,33300208.299999997
2025-08-01 10:58:12 AM,23.29,0,0.0,33300208.299999997
2025-08-01 10:58:12 AM,23.29,256,5962.24,33306170.539999995
2025-08-01 10:58:50 AM,23.29,23,535.67,33306706.209999997
2025-08-01 10:58:56 AM,23.28,0,0.0,33306706.209999997
2025-08-01 10:58:56 AM,23.28,2000,46560.0,33353266.209999997
2025-08-01 10:59:42 AM,23.26,0,0.0,33353266.209999997
2025-08-01 10:59:42 AM,23.26,2100,48846.0,33402112.209999997
2025-08-01 11:00:00 AM,23.28,0,0.0,33402112.209999997
2025-08-01 11:00:04 AM,23.28,100,2328.0,33404440.209999997
2025-08-01 11:00:22 AM,23.28,2,46.56,33404486.769999996
2025-08-01 11:00:27 AM,23.28,1898,44185.44,33448672.209999997
2025-08-01 11:00:35 AM,23.29,0,0.0,33448672.209999997
2025-08-01 11:00:38 AM,23.29,30,698.6999999999999,33449370.909999996
2025-08-01 11:00:59 AM,23.28,15,349.20000000000005,33449720.109999996
2025-08-01 11:01:20 AM,23.29,200,4658.0,33454378.109999996
2025-08-01 11:01:26 AM,23.29,10,232.89999999999998,33454611.009999994
2025-08-01 11:01:29 AM,23.28,0,0.0,33454611.009999994
2025-08-01 11:01:31 AM,23.28,20,465.6,33455076.609999996
2025-08-01 11:01:36 AM,23.28,750,17460.0,33472536.609999996
2025-08-01 11:01:46 AM,23.29,10,232.89999999999998,33472769.509999994
2025-08-01 11:01:52 AM,23.29,768,17886.72,33490656.229999993
2025-08-01 11:01:55 AM,23.3,0,0.0,33490656.229999993
2025-08-01 11:01:56 AM,23.3,300,6990.0,33497646.229999993
2025-08-01 11:01:57 AM,23.28,0,0.0,33497646.229999993
2025-08-01 11:01:57 AM,23.28,620,14433.6,33512079.829999994
2025-08-01 11:02:09 AM,23.3,0,0.0,33512079.829999994
2025-08-01 11:02:12 AM,23.3,4320,100656.0,33612735.83
2025-08-01 11:02:17 AM,23.3,100,2330.0,33615065.83
2025-08-01 11:02:23 AM,23.3,25,582.5,33615648.33
2025-08-01 11:02:35 AM,23.3,8,186.4,33615834.73
2025-08-01 11:02:40 AM,23.3,2,46.6,33615881.33
2025-08-01 11:02:45 AM,23.28,0,0.0,33615881.33
2025-08-01 11:02:45 AM,23.28,255,5936.400000000001,33621817.73
2025-08-01 11:02:51 AM,23.28,3103,72237.84,33694055.57
2025-08-01 11:03:01 AM,23.29,0,0.0,33694055.57
2025-08-01 11:03:01 AM,23.29,250,5822.5,33699878.07
2025-08-01 11:03:09 AM,23.3,0,0.0,33699878.07
2025-08-01 11:03:11 AM,23.3,40,932.0,33700810.07
2025-08-01 11:03:13 AM,23.29,48,1117.92,33701927.99
2025-08-01 11:03:25 AM,23.3,0,0.0,33701927.99
2025-08-01 11:03:26 AM,23.3,22,512.6,33702440.59
2025-08-01 11:03:39 AM,23.3,1,23.3,33702463.89
2025-08-01 11:03:42 AM,23.3,2000,46600.0,33749063.89
2025-08-01 11:03:45 AM,23.3,100,2330.0,33751393.89
2025-08-01 11:03:58 AM,23.29,1200,27948.0,33779341.89
2025-08-01 11:04:01 AM,23.3,5,116.5,33779458.39
2025-08-01 11:04:06 AM,23.3,69,1607.7,33781066.09
2025-08-01 11:04:21 AM,23.29,0,0.0,33781066.09
2025-08-01 11:04:21 AM,23.29,500,11645.0,33792711.09
2025-08-01 11:04:23 AM,23.3,0,0.0,33792711.09
2025-08-01 11:04:24 AM,23.29,981,22847.489999999998,33815558.580000006
2025-08-01 11:04:31 AM,23.29,1,23.29,33815581.870000005
2025-08-01 11:04:33 AM,23.3,0,0.0,33815581.870000005
2025-08-01 11:04:34 AM,23.3,990,23067.0,33838648.870000005
2025-08-01 11:04:36 AM,23.28,11,256.08000000000004,33838904.95
2025-08-01 11:04:47 AM,23.3,100,2330.0,33841234.95
2025-08-01 11:04:57 AM,23.3,1,23.3,33841258.25
2025-08-01 11:05:17 AM,23.3,2,46.6,33841304.85
2025-08-01 11:05:22 AM,23.3,4,93.2,33841398.050000004
2025-08-01 11:05:27 AM,23.3,3,69.9,33841467.95
2025-08-01 11:05:33 AM,23.3,1,23.3,33841491.25
2025-08-01 11:05:49 AM,23.3,6,139.8,33841631.05
2025-08-01 11:05:55 AM,23.3,1,23.3,33841654.349999994
2025-08-01 11:06:15 AM,23.3,11,256.3,33841910.64999999
2025-08-01 11:06:17 AM,23.3,20,466.0,33842376.64999999
2025-08-01 11:06:23 AM,23.3,100,2330.0,33844706.64999999
2025-08-01 11:06:25 AM,23.28,0,0.0,33844706.64999999
2025-08-01 11:06:26 AM,23.3,0,0.0,33844706.64999999
2025-08-01 11:06:28 AM,23.3,5,116.5,33844823.14999999
2025-08-01 11:06:34 AM,23.3,5,116.5,33844939.64999999
2025-08-01 11:06:41 AM,23.3,5,116.5,33845056.14999999
2025-08-01 11:06:49 AM,23.3,1,23.3,33845079.44999999
2025-08-01 11:06:53 AM,23.29,410,9548.9,33854628.34999999
2025-08-01 11:06:54 AM,23.3,4,93.2,33854721.54999999
2025-08-01 11:06:58 AM,23.3,35,815.5,33855537.04999999
2025-08-01 11:07:00 AM,23.3,1004,23393.2,33878930.24999999
2025-08-01 11:07:08 AM,23.3,20,466.0,33879396.24999999
2025-08-01 11:07:14 AM,23.3,2,46.6,33879442.849999994
2025-08-01 11:07:15 AM,23.29,1,23.29,33879466.13999999
2025-08-01 11:07:20 AM,23.29,400,9316.0,33888782.13999999
2025-08-01 11:07:23 AM,23.3,0,0.0,33888782.13999999
2025-08-01 11:07:25 AM,23.3,10,233.0,33889015.13999999
2025-08-01 11:07:41 AM,23.3,23,535.9,33889551.03999999
2025-08-01 11:07:43 AM,23.28,0,0.0,33889551.03999999
2025-08-01 11:07:46 AM,23.28,60,1396.8000000000002,33890947.83999999
2025-08-01 11:07:52 AM,23.3,60,1398.0,33892345.83999999
2025-08-01 11:08:08 AM,23.3,200,4660.0,33897005.83999999
2025-08-01 11:08:23 AM,23.3,60,1398.0,33898403.83999999
2025-08-01 11:08:33 AM,23.28,0,0.0,33898403.83999999
2025-08-01 11:08:34 AM,23.28,1,23.28,33898427.11999999
2025-08-01 11:08:55 AM,23.3,4,93.2,33898520.31999999
2025-08-01 11:08:57 AM,23.27,11019,256412.13,34154932.449999996
2025-08-01 11:09:00 AM,23.26,4027,93668.02,34248600.47
2025-08-01 11:09:04 AM,23.24,13710,318620.39999999997,34567220.87
2025-08-01 11:09:12 AM,23.24,100,2324.0,34569544.87
2025-08-01 11:09:15 AM,23.24,1,23.24,34569568.11
2025-08-01 11:09:16 AM,23.23,0,0.0,34569568.11
2025-08-01 11:09:16 AM,23.24,0,0.0,34569568.11
2025-08-01 11:09:18 AM,23.24,60,1394.3999999999999,34570962.51
2025-08-01 11:09:21 AM,23.24,3,69.72,34571032.23
2025-08-01 11:09:34 AM,23.24,3168,73624.31999999999,34644656.55
2025-08-01 11:09:45 AM,23.24,103,2393.72,34647050.269999996
2025-08-01 11:09:47 AM,23.26,99,2302.7400000000002,34649353.01
2025-08-01 11:09:52 AM,23.24,0,0.0,34649353.01
2025-08-01 11:09:52 AM,23.24,74,1719.76,34651072.769999996
2025-08-01 11:10:17 AM,23.24,200,4648.0,34655720.769999996
2025-08-01 11:10:18 AM,23.26,1,23.26,34655744.029999994
2025-08-01 11:10:22 AM,23.23,103,2392.69,34658136.71999999
2025-08-01 11:10:33 AM,23.23,100,2323.0,34660459.71999999
2025-08-01 11:10:38 AM,23.26,0,0.0,34660459.71999999
2025-08-01 11:10:39 AM,23.26,50,1163.0,34661622.71999999
2025-08-01 11:10:54 AM,23.25,0,0.0,34661622.71999999
2025-08-01 11:10:55 AM,23.25,8,186.0,34661808.71999999
2025-08-01 11:11:10 AM,23.27,0,0.0,34661808.71999999
2025-08-01 11:11:12 AM,23.27,100,2327.0,34664135.71999999
2025-08-01 11:11:23 AM,23.27,10,232.7,34664368.419999994
2025-08-01 11:11:29 AM,23.28,15,349.20000000000005,34664717.62
2025-08-01 11:11:34 AM,23.28,1,23.28,34664740.9
2025-08-01 11:12:00 AM,23.28,26,605.28,34665346.18
2025-08-01 11:12:10 AM,23.25,0,0.0,34665346.18
2025-08-01 11:12:11 AM,23.25,2092,48639.0,34713985.18
2025-08-01 11:12:14 AM,23.27,0,0.0,34713985.18
2025-08-01 11:12:16 AM,23.27,10,232.7,34714217.88
2025-08-01 11:12:17 AM,23.27,172,4002.44,34718220.32
2025-08-01 11:12:22 AM,23.24,0,0.0,34718220.32
2025-08-01 11:12:22 AM,23.24,5239,121754.35999999999,34839974.68
2025-08-01 11:12:27 AM,23.24,176,4090.24,34844064.92
2025-08-01 11:12:38 AM,23.23,0,0.0,34844064.92
2025-08-01 11:12:38 AM,23.23,204,4738.92,34848803.84
2025-08-01 11:12:43 AM,23.24,26,604.24,34849408.080000006
2025-08-01 11:12:48 AM,23.19,0,0.0,34849408.080000006
2025-08-01 11:12:48 AM,23.19,34655,803649.4500000001,35653057.53000001
2025-08-01 11:12:52 AM,23.23,0,0.0,35653057.53000001
2025-08-01 11:12:53 AM,23.21,101,2344.21,35655401.74000001
2025-08-01 11:12:54 AM,23.23,0,0.0,35655401.74000001
2025-08-01 11:12:54 AM,23.23,100,2323.0,35657724.74000001
2025-08-01 11:12:58 AM,23.22,0,0.0,35657724.74000001
2025-08-01 11:12:58 AM,23.22,2,46.44,35657771.18000001
2025-08-01 11:13:04 AM,23.22,1,23.22,35657794.400000006
2025-08-01 11:13:08 AM,23.23,0,0.0,35657794.400000006
2025-08-01 11:13:09 AM,23.21,1440,33422.4,35691216.800000004
2025-08-01 11:13:16 AM,23.23,0,0.0,35691216.800000004
2025-08-01 11:13:16 AM,23.23,32,743.36,35691960.160000004
2025-08-01 11:13:54 AM,23.23,20,464.6,35692424.760000005
2025-08-01 11:13:58 AM,23.23,1000,23230.0,35715654.760000005
2025-08-01 11:14:00 AM,23.23,1000,23230.0,35738884.760000005
2025-08-01 11:14:20 AM,23.23,500,11615.0,35750499.760000005
2025-08-01 11:14:31 AM,23.23,600,13938.0,35764437.760000005
2025-08-01 11:14:37 AM,23.24,0,0.0,35764437.760000005
2025-08-01 11:14:38 AM,23.24,1,23.24,35764461.00000001
2025-08-01 11:14:41 AM,23.24,5118,118942.31999999999,35883403.32000001
2025-08-01 11:14:47 AM,23.25,255,5928.75,35889332.07000001
2025-08-01 11:14:48 AM,23.25,864,20088.0,35909420.07000001
2025-08-01 11:15:10 AM,23.24,1,23.24,35909443.31000001
2025-08-01 11:15:13 AM,23.25,0,0.0,35909443.31000001
2025-08-01 11:15:14 AM,23.25,40,930.0,35910373.31000001
2025-08-01 11:15:35 AM,23.25,90,2092.5,35912465.81000001
2025-08-01 11:15:51 AM,23.25,100,2325.0,35914790.81000001
2025-08-01 11:15:59 AM,23.22,0,0.0,35914790.81000001
2025-08-01 11:16:01 AM,23.22,84,1950.48,35916741.29000001
2025-08-01 11:16:01 AM,23.22,2000,46440.0,35963181.29000001
2025-08-01 11:16:15 AM,23.24,0,0.0,35963181.29000001
2025-08-01 11:16:17 AM,23.24,30,697.1999999999999,35963878.49000001
2025-08-01 11:16:43 AM,23.21,0,0.0,35963878.49000001
2025-08-01 11:16:43 AM,23.21,880,20424.8,35984303.29000001
2025-08-01 11:16:44 AM,23.24,4,92.96,35984396.25000001
2025-08-01 11:16:48 AM,23.21,300,6963.0,35991359.25000001
2025-08-01 11:17:20 AM,23.24,1,23.24,35991382.49000001
2025-08-01 11:17:22 AM,23.24,4,92.96,35991475.45000001
2025-08-01 11:17:36 AM,23.24,479,11131.96,36002607.41000001
2025-08-01 11:17:37 AM,23.23,0,0.0,36002607.41000001
2025-08-01 11:17:38 AM,23.23,300,6969.0,36009576.41000001
2025-08-01 11:17:45 AM,23.24,0,0.0,36009576.41000001
2025-08-01 11:17:47 AM,23.24,2,46.48,36009622.89000001
2025-08-01 11:17:59 AM,23.24,1,23.24,36009646.13000001
2025-08-01 11:18:05 AM,23.25,0,0.0,36009646.13000001
2025-08-01 11:18:08 AM,23.25,203,4719.75,36014365.88000001
2025-08-01 11:18:12 AM,23.24,0,0.0,36014365.88000001
2025-08-01 11:18:14 AM,23.24,1,23.24,36014389.12000001
2025-08-01 11:18:15 AM,23.25,0,0.0,36014389.12000001
2025-08-01 11:18:16 AM,23.25,150,3487.5,36017876.62000001
2025-08-01 11:18:23 AM,23.23,0,0.0,36017876.62000001
2025-08-01 11:18:25 AM,23.25,200,4650.0,36022526.62000001
2025-08-01 11:18:26 AM,23.25,10,232.5,36022759.12000001
2025-08-01 11:18:53 AM,23.22,0,0.0,36022759.12000001
2025-08-01 11:18:54 AM,23.22,24,557.28,36023316.40000001
2025-08-01 11:19:03 AM,23.25,0,0.0,36023316.40000001
2025-08-01 11:19:05 AM,23.25,1,23.25,36023339.65000001
2025-08-01 11:19:11 AM,23.25,49,1139.25,36024478.90000001
2025-08-01 11:19:18 AM,23.22,0,0.0,36024478.90000001
2025-08-01 11:19:22 AM,23.22,909,21106.98,36045585.88000001
2025-08-01 11:19:39 AM,23.21,0,0.0,36045585.88000001
2025-08-01 11:19:44 AM,23.21,772,17918.12,36063504.00000001
2025-08-01 11:20:00 AM,23.22,0,0.0,36063504.00000001
2025-08-01 11:20:05 AM,23.22,250,5805.0,36069309.00000001
2025-08-01 11:20:06 AM,23.24,0,0.0,36069309.00000001
2025-08-01 11:20:10 AM,23.24,1,23.24,36069332.24000001
2025-08-01 11:20:16 AM,23.24,45,1045.8,36070378.04000001
2025-08-01 11:20:26 AM,23.24,40,929.5999999999999,36071307.64000001
2025-08-01 11:20:31 AM,23.24,2,46.48,36071354.120000005
2025-08-01 11:20:42 AM,23.24,1,23.24,36071377.36000001
2025-08-01 11:21:18 AM,23.22,90,2089.7999999999997,36073467.160000004
2025-08-01 11:21:29 AM,23.22,50,1161.0,36074628.160000004
2025-08-01 11:21:31 AM,23.24,0,0.0,36074628.160000004
2025-08-01 11:21:34 AM,23.24,45,1045.8,36075673.96
2025-08-01 11:21:49 AM,23.23,200,4646.0,36080319.96
2025-08-01 11:21:54 AM,23.23,100,2323.0,36082642.96
2025-08-01 11:22:05 AM,23.23,130,3019.9,36085662.86
2025-08-01 11:22:16 AM,23.23,100,2323.0,36087985.86
2025-08-01 11:22:21 AM,23.23,1,23.23,36088009.089999996
2025-08-01 11:22:26 AM,23.23,42,975.66,36088984.74999999
2025-08-01 11:22:32 AM,23.23,50,1161.5,36090146.24999999
2025-08-01 11:22:42 AM,23.23,50,1161.5,36091307.74999999
2025-08-01 11:22:53 AM,23.23,300,6969.0,36098276.74999999
2025-08-01 11:22:55 AM,23.22,0,0.0,36098276.74999999
2025-08-01 11:22:58 AM,23.23,52,1207.96,36099484.70999999
2025-08-01 11:23:02 AM,23.22,0,0.0,36099484.70999999
2025-08-01 11:23:03 AM,23.22,497,11540.34,36111025.05
2025-08-01 11:23:08 AM,23.22,1,23.22,36111048.269999996
2025-08-01 11:23:19 AM,23.22,1000,23220.0,36134268.269999996
2025-08-01 11:23:25 AM,23.22,292,6780.24,36141048.51
2025-08-01 11:23:30 AM,23.22,45,1044.8999999999999,36142093.41
2025-08-01 11:23:35 AM,23.22,402,9334.439999999999,36151427.849999994
2025-08-01 11:23:40 AM,23.22,1000,23220.0,36174647.849999994
2025-08-01 11:23:42 AM,23.21,0,0.0,36174647.849999994
2025-08-01 11:23:45 AM,23.21,2332,54125.72,36228773.56999999
2025-08-01 11:24:03 AM,23.2,0,0.0,36228773.56999999
2025-08-01 11:24:05 AM,23.2,550,12760.0,36241533.56999999
2025-08-01 11:24:07 AM,23.22,0,0.0,36241533.56999999
2025-08-01 11:24:08 AM,23.2,0,0.0,36241533.56999999
2025-08-01 11:24:10 AM,23.2,301,6983.2,36248516.769999996
2025-08-01 11:24:15 AM,23.2,10,232.0,36248748.769999996
2025-08-01 11:24:20 AM,23.22,0,0.0,36248748.769999996
2025-08-01 11:24:20 AM,23.22,868,20154.96,36268903.73
2025-08-01 11:24:26 AM,23.22,40,928.8,36269832.529999994
2025-08-01 11:24:29 AM,23.23,0,0.0,36269832.529999994
2025-08-01 11:24:31 AM,23.23,200,4646.0,36274478.529999994
2025-08-01 11:24:40 AM,23.22,0,0.0,36274478.529999994
2025-08-01 11:24:42 AM,23.22,50,1161.0,36275639.529999994
2025-08-01 11:24:45 AM,23.23,0,0.0,36275639.529999994
2025-08-01 11:24:47 AM,23.23,20,464.6,36276104.129999995
2025-08-01 11:25:03 AM,23.23,1260,29269.8,36305373.92999999
2025-08-01 11:25:09 AM,23.23,1,23.23,36305397.15999999
2025-08-01 11:25:14 AM,23.23,10,232.3,36305629.459999986
2025-08-01 11:25:24 AM,23.23,50,1161.5,36306790.959999986
2025-08-01 11:25:34 AM,23.23,3,69.69,36306860.64999998
2025-08-01 11:25:39 AM,23.23,4500,104535.0,36411395.64999998
2025-08-01 11:25:44 AM,23.24,0,0.0,36411395.64999998
2025-08-01 11:25:45 AM,23.24,50,1162.0,36412557.64999998
2025-08-01 11:25:50 AM,23.23,0,0.0,36412557.64999998
2025-08-01 11:25:50 AM,23.23,4,92.92,36412650.569999985
2025-08-01 11:25:59 AM,23.25,0,0.0,36412650.569999985
2025-08-01 11:26:00 AM,23.25,1000,23250.0,36435900.569999985
2025-08-01 11:26:05 AM,23.25,1,23.25,36435923.819999985
2025-08-01 11:26:21 AM,23.25,1496,34782.0,36470705.819999985
2025-08-01 11:26:22 AM,23.25,500,11625.0,36482330.819999985
2025-08-01 11:26:31 AM,23.25,1,23.25,36482354.069999985
2025-08-01 11:26:41 AM,23.25,500,11625.0,36493979.069999985
2025-08-01 11:26:42 AM,23.26,200,4652.0,36498631.069999985
2025-08-01 11:26:45 AM,23.23,0,0.0,36498631.069999985
2025-08-01 11:26:46 AM,23.23,500,11615.0,36510246.069999985
2025-08-01 11:26:57 AM,23.26,0,0.0,36510246.069999985
2025-08-01 11:26:58 AM,23.26,500,11630.0,36521876.069999985
2025-08-01 11:27:02 AM,23.25,0,0.0,36521876.069999985
2025-08-01 11:27:02 AM,23.25,500,11625.0,36533501.069999985
2025-08-01 11:27:06 AM,23.24,10,232.39999999999998,36533733.469999984
2025-08-01 11:27:11 AM,23.24,100,2324.0,36536057.469999984
2025-08-01 11:27:16 AM,23.25,0,0.0,36536057.469999984
2025-08-01 11:27:16 AM,23.25,780,18135.0,36554192.469999984
2025-08-01 11:27:20 AM,23.26,0,0.0,36554192.469999984
2025-08-01 11:27:22 AM,23.26,12,279.12,36554471.58999998
2025-08-01 11:27:22 AM,23.23,0,0.0,36554471.58999998
2025-08-01 11:27:23 AM,23.26,0,0.0,36554471.58999998
2025-08-01 11:27:23 AM,23.26,530,12327.800000000001,36566799.38999998
2025-08-01 11:27:36 AM,23.23,0,0.0,36566799.38999998
2025-08-01 11:27:37 AM,23.26,0,0.0,36566799.38999998
2025-08-01 11:27:37 AM,23.26,142,3302.92,36570102.30999998
2025-08-01 11:27:43 AM,23.25,0,0.0,36570102.30999998
2025-08-01 11:27:44 AM,23.25,500,11625.0,36581727.30999998
2025-08-01 11:27:53 AM,23.25,250,5812.5,36587539.80999998
2025-08-01 11:28:08 AM,23.25,100,2325.0,36589864.80999998
2025-08-01 11:28:20 AM,23.23,0,0.0,36589864.80999998
2025-08-01 11:28:20 AM,23.23,150,3484.5,36593349.30999998
2025-08-01 11:28:26 AM,23.25,2,46.5,36593395.80999998
2025-08-01 11:28:34 AM,23.25,10,232.5,36593628.30999998
2025-08-01 11:28:36 AM,23.22,0,0.0,36593628.30999998
2025-08-01 11:28:36 AM,23.22,1000,23220.0,36616848.30999998
2025-08-01 11:28:46 AM,23.23,40,929.2,36617777.50999998
2025-08-01 11:28:52 AM,23.22,0,0.0,36617777.50999998
2025-08-01 11:28:54 AM,23.22,1,23.22,36617800.72999998
2025-08-01 11:29:15 AM,23.22,3,69.66,36617870.38999998
2025-08-01 11:29:20 AM,23.23,308,7154.84,36625025.22999998
2025-08-01 11:29:31 AM,23.23,100,2323.0,36627348.22999998
2025-08-01 11:29:36 AM,23.22,7,162.54,36627510.76999998
2025-08-01 11:29:38 AM,23.22,21,487.62,36627998.38999998
2025-08-01 11:29:41 AM,23.22,100,2322.0,36630320.38999998
2025-08-01 11:29:54 AM,23.22,200,4644.0,36634964.38999998
2025-08-01 11:29:57 AM,23.22,300,6966.0,36641930.38999998
2025-08-01 11:30:07 AM,23.23,0,0.0,36641930.38999998
2025-08-01 11:30:07 AM,23.23,300,6969.0,36648899.38999998
2025-08-01 11:30:13 AM,23.23,4,92.92,36648992.30999998
2025-08-01 11:30:18 AM,23.23,5,116.15,36649108.45999998
2025-08-01 11:30:33 AM,23.21,0,0.0,36649108.45999998
2025-08-01 11:30:33 AM,23.21,1250,29012.5,36678120.95999998
2025-08-01 11:30:43 AM,23.23,0,0.0,36678120.95999998
2025-08-01 11:30:45 AM,23.23,5,116.15,36678237.10999998
2025-08-01 11:30:47 AM,23.23,50,1161.5,36679398.60999998
2025-08-01 11:30:57 AM,23.23,250,5807.5,36685206.10999998
2025-08-01 11:31:11 AM,23.22,0,0.0,36685206.10999998
2025-08-01 11:31:13 AM,23.22,41,952.02,36686158.12999998
2025-08-01 11:31:26 AM,23.21,0,0.0,36686158.12999998
2025-08-01 11:31:26 AM,23.21,111,2576.31,36688734.43999998
2025-08-01 11:31:33 AM,23.23,0,0.0,36688734.43999998
2025-08-01 11:31:33 AM,23.23,200,4646.0,36693380.43999998
2025-08-01 11:31:38 AM,23.23,10,232.3,36693612.73999998
2025-08-01 11:32:01 AM,23.23,1101,25576.23,36719188.96999998
2025-08-01 11:32:07 AM,23.23,200,4646.0,36723834.96999998
2025-08-01 11:32:08 AM,23.21,0,0.0,36723834.96999998
2025-08-01 11:32:09 AM,23.21,1,23.21,36723858.17999998
2025-08-01 11:32:17 AM,23.22,0,0.0,36723858.17999998
2025-08-01 11:32:18 AM,23.22,21,487.62,36724345.799999975
2025-08-01 11:32:25 AM,23.23,2,46.46,36724392.259999976
2025-08-01 11:32:26 AM,23.21,0,0.0,36724392.259999976
2025-08-01 11:32:28 AM,23.21,10,232.10000000000002,36724624.35999998
2025-08-01 11:32:30 AM,23.23,202,4692.46,36729316.81999998
2025-08-01 11:32:39 AM,23.25,0,0.0,36729316.81999998
2025-08-01 11:32:40 AM,23.25,23000,534750.0,37264066.81999998
2025-08-01 11:32:43 AM,23.25,6,139.5,37264206.31999998
2025-08-01 11:32:49 AM,23.21,2000,46420.0,37310626.31999998
2025-08-01 11:32:53 AM,23.24,0,0.0,37310626.31999998
2025-08-01 11:32:54 AM,23.24,1,23.24,37310649.55999998
2025-08-01 11:32:55 AM,23.22,0,0.0,37310649.55999998
2025-08-01 11:32:55 AM,23.22,106,2461.3199999999997,37313110.87999998
2025-08-01 11:32:59 AM,23.24,0,0.0,37313110.87999998
2025-08-01 11:32:59 AM,23.24,500,11620.0,37324730.87999998
2025-08-01 11:33:02 AM,23.22,0,0.0,37324730.87999998
2025-08-01 11:33:05 AM,23.22,757,17577.54,37342308.41999998
2025-08-01 11:33:05 AM,23.24,0,0.0,37342308.41999998
2025-08-01 11:33:06 AM,23.24,43,999.3199999999999,37343307.73999998
2025-08-01 11:33:16 AM,23.21,1000,23210.0,37366517.73999998
2025-08-01 11:33:21 AM,23.24,600,13943.999999999998,37380461.73999998
2025-08-01 11:33:25 AM,23.24,86,1998.6399999999999,37382460.37999998
2025-08-01 11:33:30 AM,23.21,0,0.0,37382460.37999998
2025-08-01 11:33:30 AM,23.21,200,4642.0,37387102.37999998
2025-08-01 11:33:35 AM,23.22,3,69.66,37387172.03999998
2025-08-01 11:34:11 AM,23.22,49,1137.78,37388309.81999998
2025-08-01 11:34:11 AM,23.24,1,23.24,37388333.05999998
2025-08-01 11:34:31 AM,23.24,20,464.79999999999995,37388797.85999998
2025-08-01 11:34:33 AM,23.22,0,0.0,37388797.85999998
2025-08-01 11:34:36 AM,23.24,1221,28376.039999999997,37417173.899999976
2025-08-01 11:35:24 AM,23.24,10,232.39999999999998,37417406.299999975
2025-08-01 11:35:44 AM,23.25,0,0.0,37417406.299999975
2025-08-01 11:35:45 AM,23.25,43,999.75,37418406.049999975
2025-08-01 11:35:53 AM,23.23,0,0.0,37418406.049999975
2025-08-01 11:35:55 AM,23.25,0,0.0,37418406.049999975
2025-08-01 11:35:55 AM,23.25,550,12787.5,37431193.549999975
2025-08-01 11:36:05 AM,23.25,20,465.0,37431658.549999975
2025-08-01 11:36:11 AM,23.25,6,139.5,37431798.049999975
2025-08-01 11:36:21 AM,23.25,5,116.25,37431914.299999975
2025-08-01 11:36:31 AM,23.25,100,2325.0,37434239.299999975
2025-08-01 11:36:42 AM,23.25,31,720.75,37434960.049999975
2025-08-01 11:36:51 AM,23.27,0,0.0,37434960.049999975
2025-08-01 11:36:52 AM,23.25,0,0.0,37434960.049999975
2025-08-01 11:36:53 AM,23.25,120,2790.0,37437750.049999975
2025-08-01 11:37:16 AM,23.22,0,0.0,37437750.049999975
2025-08-01 11:37:19 AM,23.22,5000,116100.0,37553850.049999975
2025-08-01 11:37:28 AM,23.25,0,0.0,37553850.049999975
2025-08-01 11:37:30 AM,23.25,200,4650.0,37558500.049999975
2025-08-01 11:37:35 AM,23.25,5,116.25,37558616.299999975
2025-08-01 11:37:40 AM,23.25,1,23.25,37558639.549999975
2025-08-01 11:37:55 AM,23.25,2,46.5,37558686.049999975
2025-08-01 11:38:05 AM,23.25,5,116.25,37558802.299999975
2025-08-01 11:38:10 AM,23.25,250,5812.5,37564614.799999975
2025-08-01 11:38:16 AM,23.25,200,4650.0,37569264.799999975
2025-08-01 11:38:25 AM,23.25,1,23.25,37569288.049999975
2025-08-01 11:38:26 AM,23.25,50,1162.5,37570450.549999975
2025-08-01 11:38:36 AM,23.25,50,1162.5,37571613.049999975
2025-08-01 11:38:47 AM,23.25,10,232.5,37571845.549999975
2025-08-01 11:38:51 AM,23.25,30,697.5,37572543.049999975
2025-08-01 11:39:12 AM,23.23,800,18584.0,37591127.049999975
2025-08-01 11:39:21 AM,23.25,7,162.75,37591289.799999975
2025-08-01 11:39:26 AM,23.25,1555,36153.75,37627443.549999975
2025-08-01 11:39:27 AM,23.23,0,0.0,37627443.549999975
2025-08-01 11:39:27 AM,23.23,50,1161.5,37628605.049999975
2025-08-01 11:39:28 AM,23.25,0,0.0,37628605.049999975
2025-08-01 11:39:31 AM,23.25,1,23.25,37628628.299999975
2025-08-01 11:39:32 AM,23.25,85,1976.25,37630604.549999975
2025-08-01 11:39:53 AM,23.25,3000,69750.0,37700354.549999975
2025-08-01 11:40:03 AM,23.26,200,4652.0,37705006.549999975
2025-08-01 11:40:08 AM,23.25,137,3185.25,37708191.799999975
2025-08-01 11:40:09 AM,23.25,2,46.5,37708238.299999975
2025-08-01 11:40:15 AM,23.26,1,23.26,37708261.55999997
2025-08-01 11:40:20 AM,23.22,2000,46440.0,37754701.55999997
2025-08-01 11:40:23 AM,23.24,0,0.0,37754701.55999997
2025-08-01 11:40:24 AM,23.24,2,46.48,37754748.03999997
2025-08-01 11:40:29 AM,23.25,0,0.0,37754748.03999997
2025-08-01 11:40:30 AM,23.25,18,418.5,37755166.53999997
2025-08-01 11:40:45 AM,23.25,200,4650.0,37759816.53999997
2025-08-01 11:40:51 AM,23.23,0,0.0,37759816.53999997
2025-08-01 11:40:54 AM,23.23,15,348.45,37760164.98999997
2025-08-01 11:41:03 AM,23.25,0,0.0,37760164.98999997
2025-08-01 11:41:04 AM,23.25,235,5463.75,37765628.73999997
2025-08-01 11:41:10 AM,23.25,30,697.5,37766326.23999997
2025-08-01 11:41:15 AM,23.25,210,4882.5,37771208.73999997
2025-08-01 11:41:19 AM,23.23,0,0.0,37771208.73999997
2025-08-01 11:41:20 AM,23.23,4,92.92,37771301.659999974
2025-08-01 11:41:24 AM,23.23,500,11615.0,37782916.659999974
2025-08-01 11:41:35 AM,23.25,0,0.0,37782916.659999974
2025-08-01 11:41:39 AM,23.22,0,0.0,37782916.659999974
2025-08-01 11:41:39 AM,23.22,473,10983.06,37793899.71999998
2025-08-01 11:41:44 AM,23.22,1,23.22,37793922.939999975
2025-08-01 11:41:55 AM,23.22,100,2322.0,37796244.939999975
2025-08-01 11:42:36 AM,23.24,100,2324.0,37798568.939999975
2025-08-01 11:42:53 AM,23.24,1,23.24,37798592.17999998
2025-08-01 11:42:58 AM,23.24,12,278.88,37798871.05999998
2025-08-01 11:43:03 AM,23.24,250,5810.0,37804681.05999998
2025-08-01 11:43:19 AM,23.24,200,4648.0,37809329.05999998
2025-08-01 11:43:30 AM,23.24,10,232.39999999999998,37809561.45999998
2025-08-01 11:43:40 AM,23.24,367,8529.08,37818090.53999998
2025-08-01 11:43:50 AM,23.24,1,23.24,37818113.77999998
2025-08-01 11:44:00 AM,23.24,100,2324.0,37820437.77999998
2025-08-01 11:44:01 AM,23.22,0,0.0,37820437.77999998
2025-08-01 11:44:01 AM,23.2,0,0.0,37820437.77999998
2025-08-01 11:44:06 AM,23.2,10001,232023.19999999998,38052460.97999998
2025-08-01 11:44:08 AM,23.22,0,0.0,38052460.97999998
2025-08-01 11:44:12 AM,23.19,7078,164138.82,38216599.79999998
2025-08-01 11:44:18 AM,23.19,1785,41394.15,38257993.94999998
2025-08-01 11:44:24 AM,23.17,0,0.0,38257993.94999998
2025-08-01 11:44:24 AM,23.17,775,17956.75,38275950.69999998
2025-08-01 11:44:30 AM,23.19,1,23.19,38275973.88999998
2025-08-01 11:44:35 AM,23.19,1,23.19,38275997.079999976
2025-08-01 11:44:46 AM,23.19,20,463.8,38276460.87999997
2025-08-01 11:44:48 AM,23.17,0,0.0,38276460.87999997
2025-08-01 11:44:52 AM,23.17,230,5329.1,38281789.979999974
2025-08-01 11:44:57 AM,23.17,2700,62559.00000000001,38344348.979999974
2025-08-01 11:45:13 AM,23.17,2801,64899.170000000006,38409248.149999976
2025-08-01 11:45:17 AM,23.16,0,0.0,38409248.149999976
2025-08-01 11:45:18 AM,23.16,7147,165524.52,38574772.66999998
2025-08-01 11:45:25 AM,23.17,0,0.0,38574772.66999998
2025-08-01 11:45:29 AM,23.17,3,69.51,38574842.17999998
2025-08-01 11:45:29 AM,23.17,200,4634.0,38579476.17999998
2025-08-01 11:45:34 AM,23.16,212,4909.92,38584386.09999998
2025-08-01 11:45:40 AM,23.16,250,5790.0,38590176.09999998
2025-08-01 11:45:40 AM,23.16,67,1551.72,38591727.81999998
2025-08-01 11:45:42 AM,23.15,0,0.0,38591727.81999998
2025-08-01 11:45:44 AM,23.17,0,0.0,38591727.81999998
2025-08-01 11:45:45 AM,23.17,9030,209225.1,38800952.91999998
2025-08-01 11:45:46 AM,23.15,0,0.0,38800952.91999998
2025-08-01 11:45:50 AM,23.15,113,2615.95,38803568.86999998
2025-08-01 11:45:50 AM,23.15,500,11575.0,38815143.86999998
2025-08-01 11:45:56 AM,23.15,900,20835.0,38835978.86999998
2025-08-01 11:46:00 AM,23.17,0,0.0,38835978.86999998
2025-08-01 11:46:01 AM,23.17,1,23.17,38836002.039999984
2025-08-01 11:46:06 AM,23.15,13632,315580.8,39151582.83999998
2025-08-01 11:46:11 AM,23.17,0,0.0,39151582.83999998
2025-08-01 11:46:12 AM,23.17,500,11585.0,39163167.83999998
2025-08-01 11:46:17 AM,23.17,121,2803.57,39165971.40999998
2025-08-01 11:46:21 AM,23.13,0,0.0,39165971.40999998
2025-08-01 11:46:22 AM,23.16,0,0.0,39165971.40999998
2025-08-01 11:46:22 AM,23.16,10351,239729.16,39405700.56999998
2025-08-01 11:46:27 AM,23.16,360,8337.6,39414038.16999998
2025-08-01 11:46:32 AM,23.15,0,0.0,39414038.16999998
2025-08-01 11:46:33 AM,23.15,6000,138900.0,39552938.16999998
2025-08-01 11:46:36 AM,23.14,0,0.0,39552938.16999998
2025-08-01 11:46:38 AM,23.14,1200,27768.0,39580706.16999998
2025-08-01 11:46:44 AM,23.14,8,185.12,39580891.28999998
2025-08-01 11:46:59 AM,23.16,0,0.0,39580891.28999998
2025-08-01 11:47:00 AM,23.16,529,12251.64,39593142.92999998
2025-08-01 11:47:05 AM,23.17,1142,26460.140000000003,39619603.06999998
2025-08-01 11:47:17 AM,23.19,0,0.0,39619603.06999998
2025-08-01 11:47:20 AM,23.19,10,231.9,39619834.96999998
2025-08-01 11:47:40 AM,23.19,5,115.95,39619950.91999998
2025-08-01 11:47:48 AM,23.17,0,0.0,39619950.91999998
2025-08-01 11:47:50 AM,23.17,110,2548.7000000000003,39622499.61999998
2025-08-01 11:47:56 AM,23.19,0,0.0,39622499.61999998
2025-08-01 11:47:56 AM,23.19,50,1159.5,39623659.11999998
2025-08-01 11:48:01 AM,23.19,4,92.76,39623751.87999998
2025-08-01 11:48:01 AM,23.2,0,0.0,39623751.87999998
2025-08-01 11:48:06 AM,23.2,1800,41760.0,39665511.87999998
2025-08-01 11:48:11 AM,23.2,900,20880.0,39686391.87999998
2025-08-01 11:48:28 AM,23.18,0,0.0,39686391.87999998
2025-08-01 11:48:31 AM,23.18,50,1159.0,39687550.87999998
2025-08-01 11:48:33 AM,23.17,0,0.0,39687550.87999998
2025-08-01 11:48:36 AM,23.17,5371,124446.07,39811996.94999998
2025-08-01 11:48:40 AM,23.15,0,0.0,39811996.94999998
2025-08-01 11:48:41 AM,23.15,19629,454411.35,40266408.29999998
2025-08-01 11:48:45 AM,23.17,0,0.0,40266408.29999998
2025-08-01 11:48:46 AM,23.17,50,1158.5,40267566.79999998
2025-08-01 11:48:51 AM,23.17,11,254.87,40267821.66999998
2025-08-01 11:49:22 AM,23.17,10,231.70000000000002,40268053.36999998
2025-08-01 11:49:30 AM,23.15,0,0.0,40268053.36999998
2025-08-01 11:49:31 AM,23.17,0,0.0,40268053.36999998
2025-08-01 11:49:33 AM,23.17,32,741.44,40268794.80999998
2025-08-01 11:49:33 AM,23.18,0,0.0,40268794.80999998
2025-08-01 11:49:38 AM,23.19,0,0.0,40268794.80999998
2025-08-01 11:49:38 AM,23.19,2934,68039.46,40336834.26999998
2025-08-01 11:50:03 AM,23.13,0,0.0,40336834.26999998
2025-08-01 11:50:04 AM,23.13,20944,484434.72,40821268.98999998
2025-08-01 11:50:14 AM,23.13,110,2544.2999999999997,40823813.28999998
2025-08-01 11:50:20 AM,23.14,23,532.22,40824345.509999976
2025-08-01 11:50:21 AM,23.13,0,0.0,40824345.509999976
2025-08-01 11:50:22 AM,23.12,0,0.0,40824345.509999976
2025-08-01 11:50:23 AM,23.14,0,0.0,40824345.509999976
2025-08-01 11:50:25 AM,23.14,4656,107739.84,40932085.34999998
2025-08-01 11:50:29 AM,23.11,0,0.0,40932085.34999998
2025-08-01 11:50:30 AM,23.11,89053,2058014.8299999998,42990100.17999998
2025-08-01 11:50:33 AM,23.14,0,0.0,42990100.17999998
2025-08-01 11:50:35 AM,23.14,1,23.14,42990123.31999998
2025-08-01 11:50:41 AM,23.11,0,0.0,42990123.31999998
2025-08-01 11:50:45 AM,23.11,1,23.11,42990146.42999998
2025-08-01 11:50:45 AM,23.14,0,0.0,42990146.42999998
2025-08-01 11:50:50 AM,23.14,30,694.2,42990840.62999998
2025-08-01 11:50:55 AM,23.14,81,1874.3400000000001,42992714.969999984
2025-08-01 11:51:04 AM,23.14,20,462.8,42993177.76999998
2025-08-01 11:51:04 AM,23.13,160,3700.7999999999997,42996878.56999998
2025-08-01 11:51:09 AM,23.16,0,0.0,42996878.56999998
2025-08-01 11:51:09 AM,23.16,11,254.76,42997133.329999976
2025-08-01 11:51:12 AM,23.15,0,0.0,42997133.329999976
2025-08-01 11:51:14 AM,23.15,1,23.15,42997156.479999974
2025-08-01 11:51:15 AM,23.14,0,0.0,42997156.479999974
2025-08-01 11:51:16 AM,23.13,0,0.0,42997156.479999974
2025-08-01 11:51:18 AM,23.16,0,0.0,42997156.479999974
2025-08-01 11:51:19 AM,23.16,1515,35087.4,43032243.87999997
2025-08-01 11:51:24 AM,23.16,87,2014.92,43034258.799999975
2025-08-01 11:51:29 AM,23.16,1,23.16,43034281.95999997
2025-08-01 11:51:39 AM,23.16,1,23.16,43034305.11999997
2025-08-01 11:51:43 AM,23.14,0,0.0,43034305.11999997
2025-08-01 11:51:44 AM,23.14,50,1157.0,43035462.11999997
2025-08-01 11:51:49 AM,23.14,1100,25454.0,43060916.11999997
2025-08-01 11:51:55 AM,23.18,0,0.0,43060916.11999997
2025-08-01 11:51:59 AM,23.18,218,5053.24,43065969.35999997
2025-08-01 11:52:04 AM,23.18,10,231.8,43066201.15999997
2025-08-01 11:52:08 AM,23.16,0,0.0,43066201.15999997
2025-08-01 11:52:09 AM,23.16,1040,24086.4,43090287.559999965
2025-08-01 11:52:14 AM,23.18,5,115.9,43090403.45999996
2025-08-01 11:52:29 AM,23.18,33,764.9399999999999,43091168.39999996
2025-08-01 11:52:30 AM,23.18,86,1993.48,43093161.87999996
2025-08-01 11:52:34 AM,23.18,6,139.07999999999998,43093300.959999956
2025-08-01 11:52:47 AM,23.2,0,0.0,43093300.959999956
2025-08-01 11:52:49 AM,23.18,1098,25451.64,43118752.59999996
2025-08-01 11:52:52 AM,23.2,0,0.0,43118752.59999996
2025-08-01 11:52:54 AM,23.2,77,1786.3999999999999,43120538.999999955
2025-08-01 11:52:59 AM,23.2,100,2320.0,43122858.999999955
2025-08-01 11:53:04 AM,23.18,0,0.0,43122858.999999955
2025-08-01 11:53:04 AM,23.18,42,973.56,43123832.55999996
2025-08-01 11:53:11 AM,23.2,1,23.2,43123855.75999996
2025-08-01 11:53:16 AM,23.18,0,0.0,43123855.75999996
2025-08-01 11:53:16 AM,23.18,154,3569.72,43127425.47999996
2025-08-01 11:53:30 AM,23.18,350,8113.0,43135538.47999996
2025-08-01 11:53:32 AM,23.2,0,0.0,43135538.47999996
2025-08-01 11:53:35 AM,23.2,20,464.0,43136002.47999996
2025-08-01 11:53:40 AM,23.18,0,0.0,43136002.47999996
2025-08-01 11:53:41 AM,23.18,1,23.18,43136025.65999996
2025-08-01 11:53:42 AM,23.2,0,0.0,43136025.65999996
2025-08-01 11:53:46 AM,23.2,227,5266.4,43141292.05999996
2025-08-01 11:54:03 AM,23.21,0,0.0,43141292.05999996
2025-08-01 11:54:05 AM,23.21,10000,232100.0,43373392.05999996
2025-08-01 11:54:07 AM,23.2,0,0.0,43373392.05999996
2025-08-01 11:54:11 AM,23.2,206,4779.2,43378171.25999996
2025-08-01 11:54:15 AM,23.18,0,0.0,43378171.25999996
2025-08-01 11:54:16 AM,23.2,501,11623.199999999999,43389794.45999996
2025-08-01 11:54:21 AM,23.2,18,417.59999999999997,43390212.059999965
2025-08-01 11:54:29 AM,23.18,0,0.0,43390212.059999965
2025-08-01 11:54:32 AM,23.18,500,11590.0,43401802.059999965
2025-08-01 11:54:35 AM,23.2,0,0.0,43401802.059999965
2025-08-01 11:54:37 AM,23.18,501,11613.18,43413415.239999965
2025-08-01 11:54:43 AM,23.2,0,0.0,43413415.239999965
2025-08-01 11:54:47 AM,23.2,1,23.2,43413438.43999997
2025-08-01 11:54:57 AM,23.2,60,1392.0,43414830.43999997
2025-08-01 11:55:02 AM,23.2,50,1160.0,43415990.43999997
2025-08-01 11:55:06 AM,23.2,301,6983.2,43422973.63999997
2025-08-01 11:55:12 AM,23.2,1,23.2,43422996.839999974
2025-08-01 11:55:27 AM,23.2,35,812.0,43423808.839999974
2025-08-01 11:55:29 AM,23.18,0,0.0,43423808.839999974
2025-08-01 11:55:32 AM,23.2,0,0.0,43423808.839999974
2025-08-01 11:55:32 AM,23.2,15,348.0,43424156.839999974
2025-08-01 11:55:37 AM,23.17,4734,109686.78000000001,43533843.619999975
2025-08-01 11:55:42 AM,23.17,20,463.40000000000003,43534307.01999997
2025-08-01 11:55:43 AM,23.16,244,5651.04,43539958.05999997
2025-08-01 11:55:47 AM,23.16,10,231.6,43540189.659999974
2025-08-01 11:55:48 AM,23.17,0,0.0,43540189.659999974
2025-08-01 11:55:48 AM,23.17,2,46.34,43540235.99999998
2025-08-01 11:55:52 AM,23.17,2,46.34,43540282.33999998
2025-08-01 11:56:24 AM,23.18,600,13908.0,43554190.33999998
2025-08-01 11:56:27 AM,23.18,1,23.18,43554213.51999998
2025-08-01 11:56:32 AM,23.18,8,185.44,43554398.95999998
2025-08-01 11:56:37 AM,23.17,0,0.0,43554398.95999998
2025-08-01 11:56:38 AM,23.17,366,8480.220000000001,43562879.17999998
2025-08-01 11:56:43 AM,23.16,0,0.0,43562879.17999998
2025-08-01 11:56:44 AM,23.16,4,92.64,43562971.81999998
2025-08-01 11:56:45 AM,23.18,0,0.0,43562971.81999998
2025-08-01 11:56:48 AM,23.18,1000,23180.0,43586151.81999998
2025-08-01 11:56:50 AM,23.16,0,0.0,43586151.81999998
