date,price,qty,trnvr,cum_trnvr
2025-08-01 09:15:00 AM,1768.4,470,831148.0,831148.0
2025-08-01 09:15:00 AM,1767.7,0,0.0,831148.0
2025-08-01 09:15:08 AM,1768.4,0,0.0,831148.0
2025-08-01 09:15:09 AM,1768.4,268,473931.2,1305079.2
2025-08-01 09:15:17 AM,1770.3,0,0.0,1305079.2
2025-08-01 09:15:20 AM,1770.3,300,531090.0,1836169.2
2025-08-01 09:15:22 AM,1773.7,253,448746.10000000003,2284915.3
2025-08-01 09:15:28 AM,1777.0,0,0.0,2284915.3
2025-08-01 09:15:29 AM,1777.0,3,5331.0,2290246.3
2025-08-01 09:15:37 AM,1772.9,138,244660.2,2534906.5
2025-08-01 09:15:39 AM,1772.5,1,1772.5,2536679.0
2025-08-01 09:15:41 AM,1775.5,0,0.0,2536679.0
2025-08-01 09:15:45 AM,1772.4,0,0.0,2536679.0
2025-08-01 09:15:46 AM,1772.4,59,104571.6,2641250.6
2025-08-01 09:15:50 AM,1770.8,0,0.0,2641250.6
2025-08-01 09:15:54 AM,1770.8,21,37186.799999999996,2678437.4
2025-08-01 09:15:56 AM,1773.4,13,23054.2,2701491.6
2025-08-01 09:15:59 AM,1772.9,0,0.0,2701491.6
2025-08-01 09:16:01 AM,1770.0,0,0.0,2701491.6
2025-08-01 09:16:02 AM,1768.8,560,990528.0,3692019.6
2025-08-01 09:16:04 AM,1766.1,67,118328.7,3810348.3000000003
2025-08-01 09:16:07 AM,1766.8,0,0.0,3810348.3000000003
2025-08-01 09:16:10 AM,1766.8,6,10600.8,3820949.1
2025-08-01 09:16:12 AM,1762.5,76,133950.0,3954899.1
2025-08-01 09:16:15 AM,1758.0,0,0.0,3954899.1
2025-08-01 09:16:18 AM,1758.0,74,130092.0,4084991.1
2025-08-01 09:16:35 AM,1758.1,503,884324.2999999999,4969315.4
2025-08-01 09:16:36 AM,1758.1,15,26371.5,4995686.9
2025-08-01 09:16:43 AM,1761.5,10,17615.0,5013301.9
2025-08-01 09:16:45 AM,1761.5,10,17615.0,5030916.9
2025-08-01 09:16:55 AM,1761.3,0,0.0,5030916.9
2025-08-01 09:17:00 AM,1760.0,37,65120.0,5096036.9
2025-08-01 09:17:08 AM,1764.9,124,218847.6,5314884.5
2025-08-01 09:17:11 AM,1763.8,0,0.0,5314884.5
2025-08-01 09:17:16 AM,1763.8,1,1763.8,5316648.3
2025-08-01 09:17:20 AM,1764.9,0,0.0,5316648.3
2025-08-01 09:17:24 AM,1764.9,1,1764.9,5318413.2
2025-08-01 09:17:25 AM,1763.8,2,3527.6,5321940.8
2025-08-01 09:17:30 AM,1770.2,0,0.0,5321940.8
2025-08-01 09:17:33 AM,1768.0,94,166192.0,5488132.8
2025-08-01 09:17:34 AM,1769.4,6,10616.400000000001,5498749.2
2025-08-01 09:17:38 AM,1766.5,0,0.0,5498749.2
2025-08-01 09:17:41 AM,1766.5,147,259675.5,5758424.7
2025-08-01 09:17:45 AM,1763.8,0,0.0,5758424.7
2025-08-01 09:17:49 AM,1763.8,6,10582.8,5769007.5
2025-08-01 09:17:56 AM,1763.1,0,0.0,5769007.5
2025-08-01 09:17:57 AM,1763.1,2,3526.2,5772533.7
2025-08-01 09:18:04 AM,1763.2,0,0.0,5772533.7
2025-08-01 09:18:06 AM,1763.2,30,52896.0,5825429.7
2025-08-01 09:18:18 AM,1764.2,0,0.0,5825429.7
2025-08-01 09:18:22 AM,1765.0,49,86485.0,5911914.7
2025-08-01 09:18:31 AM,1765.8,2,3531.6,5915446.3
2025-08-01 09:18:32 AM,1767.3,1,1767.3,5917213.6
2025-08-01 09:18:39 AM,1767.3,200,353460.0,6270673.6
2025-08-01 09:18:40 AM,1767.0,24,42408.0,6313081.6
2025-08-01 09:18:50 AM,1771.0,0,0.0,6313081.6
2025-08-01 09:18:55 AM,1775.0,134,237850.0,6550931.6
2025-08-01 09:19:00 AM,1771.8,0,0.0,6550931.6
2025-08-01 09:19:03 AM,1772.3,37,65575.09999999999,6616506.699999999
2025-08-01 09:19:04 AM,1772.9,30,53187.0,6669693.699999999
2025-08-01 09:19:19 AM,1770.2,4,7080.8,6676774.499999999
2025-08-01 09:19:21 AM,1772.0,5,8860.0,6685634.499999999
2025-08-01 09:19:27 AM,1772.4,57,101026.8,6786661.299999999
2025-08-01 09:19:35 AM,1772.3,274,485610.2,7272271.499999999
2025-08-01 09:19:39 AM,1770.0,0,0.0,7272271.499999999
2025-08-01 09:19:44 AM,1770.0,208,368160.0,7640431.499999999
2025-08-01 09:19:46 AM,1770.1,0,0.0,7640431.499999999
2025-08-01 09:19:52 AM,1770.0,539,954030.0,8594461.5
2025-08-01 09:20:08 AM,1770.0,57,100890.0,8695351.5
2025-08-01 09:20:15 AM,1771.3,509,901591.7,9596943.2
2025-08-01 09:20:21 AM,1772.8,0,0.0,9596943.2
2025-08-01 09:20:24 AM,1772.0,85,150620.0,9747563.2
2025-08-01 09:20:35 AM,1766.5,0,0.0,9747563.2
2025-08-01 09:20:39 AM,1770.2,400,708080.0,10455643.2
2025-08-01 09:20:46 AM,1769.8,0,0.0,10455643.2
2025-08-01 09:20:47 AM,1769.8,2,3539.6,10459182.799999999
2025-08-01 09:20:48 AM,1768.1,2,3536.2,10462718.999999998
2025-08-01 09:21:00 AM,1768.4,0,0.0,10462718.999999998
2025-08-01 09:21:02 AM,1768.4,1,1768.4,10464487.399999999
2025-08-01 09:21:16 AM,1770.0,0,0.0,10464487.399999999
2025-08-01 09:21:18 AM,1770.0,200,354000.0,10818487.399999999
2025-08-01 09:21:21 AM,1772.4,0,0.0,10818487.399999999
2025-08-01 09:21:26 AM,1772.4,100,177240.0,10995727.399999999
2025-08-01 09:21:37 AM,1770.7,0,0.0,10995727.399999999
2025-08-01 09:21:41 AM,1770.7,11,19477.7,11015205.099999998
2025-08-01 09:21:43 AM,1770.6,0,0.0,11015205.099999998
2025-08-01 09:21:46 AM,1771.2,0,0.0,11015205.099999998
2025-08-01 09:21:49 AM,1771.2,72,127526.40000000001,11142731.499999998
2025-08-01 09:21:56 AM,1771.6,0,0.0,11142731.499999998
2025-08-01 09:21:56 AM,1771.6,61,108067.59999999999,11250799.099999998
2025-08-01 09:22:10 AM,1772.0,0,0.0,11250799.099999998
2025-08-01 09:22:12 AM,1772.0,12,21264.0,11272063.099999998
2025-08-01 09:22:24 AM,1773.0,0,0.0,11272063.099999998
2025-08-01 09:22:27 AM,1772.0,149,264028.0,11536091.099999998
2025-08-01 09:22:35 AM,1771.2,6,10627.2,11546718.299999997
2025-08-01 09:22:38 AM,1770.1,0,0.0,11546718.299999997
2025-08-01 09:22:42 AM,1771.0,676,1197196.0,12743914.299999997
2025-08-01 09:22:57 AM,1766.1,0,0.0,12743914.299999997
2025-08-01 09:22:57 AM,1766.1,101,178376.09999999998,12922290.399999997
2025-08-01 09:23:02 AM,1765.0,0,0.0,12922290.399999997
2025-08-01 09:23:05 AM,1765.0,39,68835.0,12991125.399999997
2025-08-01 09:23:09 AM,1763.2,0,0.0,12991125.399999997
2025-08-01 09:23:13 AM,1763.2,1,1763.2,12992888.599999996
2025-08-01 09:23:36 AM,1764.0,1,1764.0,12994652.599999996
2025-08-01 09:23:37 AM,1763.2,5,8816.0,13003468.599999996
2025-08-01 09:23:49 AM,1764.0,0,0.0,13003468.599999996
2025-08-01 09:23:51 AM,1764.0,88,155232.0,13158700.599999996
2025-08-01 09:23:52 AM,1759.5,505,888547.5,14047248.099999996
2025-08-01 09:23:58 AM,1762.7,28,49355.6,14096603.699999996
2025-08-01 09:24:06 AM,1762.6,9,15863.4,14112467.099999996
2025-08-01 09:24:29 AM,1762.6,10,17626.0,14130093.099999996
2025-08-01 09:24:52 AM,1761.7,27,47565.9,14177658.999999996
2025-08-01 09:25:06 AM,1762.0,0,0.0,14177658.999999996
2025-08-01 09:25:09 AM,1762.0,12,21144.0,14198802.999999996
2025-08-01 09:25:13 AM,1763.0,0,0.0,14198802.999999996
2025-08-01 09:25:14 AM,1763.0,5,8815.0,14207617.999999996
2025-08-01 09:25:16 AM,1763.8,8,14110.4,14221728.399999997
2025-08-01 09:25:19 AM,1764.1,0,0.0,14221728.399999997
2025-08-01 09:25:21 AM,1764.1,6,10584.599999999999,14232312.999999996
2025-08-01 09:25:32 AM,1767.0,0,0.0,14232312.999999996
2025-08-01 09:25:36 AM,1767.9,51,90162.90000000001,14322475.899999997
2025-08-01 09:25:43 AM,1768.8,0,0.0,14322475.899999997
2025-08-01 09:25:44 AM,1768.8,21,37144.799999999996,14359620.699999997
2025-08-01 09:25:59 AM,1767.8,50,88390.0,14448010.699999997
2025-08-01 09:26:07 AM,1768.7,2,3537.4,14451548.099999998
2025-08-01 09:26:14 AM,1770.5,231,408985.5,14860533.599999998
2025-08-01 09:26:30 AM,1770.8,61,108018.8,14968552.399999999
2025-08-01 09:26:32 AM,1772.7,10,17727.0,14986279.399999999
2025-08-01 09:26:35 AM,1777.0,0,0.0,14986279.399999999
2025-08-01 09:26:38 AM,1779.7,549,977055.3,15963334.7
2025-08-01 09:26:39 AM,1785.0,273,487305.0,16450639.7
2025-08-01 09:26:41 AM,1782.1,0,0.0,16450639.7
2025-08-01 09:26:45 AM,1782.1,14,24949.399999999998,16475589.1
2025-08-01 09:26:47 AM,1783.8,10,17838.0,16493427.1
2025-08-01 09:26:53 AM,1785.0,8,14280.0,16507707.1
2025-08-01 09:26:54 AM,1785.0,22,39270.0,16546977.1
2025-08-01 09:26:57 AM,1787.7,0,0.0,16546977.1
2025-08-01 09:26:59 AM,1787.3,0,0.0,16546977.1
2025-08-01 09:27:00 AM,1787.3,36,64342.799999999996,16611319.9
2025-08-01 09:27:01 AM,1784.3,240,428232.0,17039551.9
2025-08-01 09:27:04 AM,1787.7,0,0.0,17039551.9
2025-08-01 09:27:08 AM,1787.7,151,269942.7,17309494.599999998
2025-08-01 09:27:10 AM,1786.4,0,0.0,17309494.599999998
2025-08-01 09:27:11 AM,1787.9,0,0.0,17309494.599999998
2025-08-01 09:27:15 AM,1784.9,378,674692.2000000001,17984186.799999997
2025-08-01 09:27:20 AM,1786.0,0,0.0,17984186.799999997
2025-08-01 09:27:22 AM,1786.0,111,198246.0,18182432.799999997
2025-08-01 09:27:25 AM,1787.2,0,0.0,18182432.799999997
2025-08-01 09:27:30 AM,1787.2,1,1787.2,18184219.999999996
2025-08-01 09:27:30 AM,1782.2,0,0.0,18184219.999999996
2025-08-01 09:27:31 AM,1782.2,26,46337.200000000004,18230557.199999996
2025-08-01 09:27:35 AM,1783.1,0,0.0,18230557.199999996
2025-08-01 09:27:37 AM,1783.2,61,108775.2,18339332.399999995
2025-08-01 09:27:45 AM,1781.7,1,1781.7,18341114.099999994
2025-08-01 09:27:46 AM,1779.5,0,0.0,18341114.099999994
2025-08-01 09:27:50 AM,1780.7,0,0.0,18341114.099999994
2025-08-01 09:27:52 AM,1780.7,25,44517.5,18385631.599999994
2025-08-01 09:28:06 AM,1780.0,0,0.0,18385631.599999994
2025-08-01 09:28:08 AM,1780.0,35,62300.0,18447931.599999994
2025-08-01 09:28:13 AM,1777.7,0,0.0,18447931.599999994
2025-08-01 09:28:16 AM,1777.7,2,3555.4,18451486.999999993
2025-08-01 09:28:19 AM,1775.6,0,0.0,18451486.999999993
2025-08-01 09:28:23 AM,1775.6,18,31960.8,18483447.799999993
2025-08-01 09:28:25 AM,1777.9,0,0.0,18483447.799999993
2025-08-01 09:28:31 AM,1777.9,1,1777.9,18485225.69999999
2025-08-01 09:28:36 AM,1776.2,0,0.0,18485225.69999999
2025-08-01 09:28:39 AM,1776.2,25,44405.0,18529630.69999999
2025-08-01 09:28:40 AM,1777.0,15,26655.0,18556285.69999999
2025-08-01 09:28:41 AM,1776.9,0,0.0,18556285.69999999
2025-08-01 09:28:46 AM,1776.9,1,1776.9,18558062.59999999
2025-08-01 09:28:54 AM,1776.9,1,1776.9,18559839.49999999
2025-08-01 09:28:57 AM,1777.1,0,0.0,18559839.49999999
2025-08-01 09:29:01 AM,1777.1,24,42650.399999999994,18602489.899999987
2025-08-01 09:29:09 AM,1777.1,2,3554.2,18606044.099999987
2025-08-01 09:29:15 AM,1776.4,0,0.0,18606044.099999987
2025-08-01 09:29:17 AM,1776.4,30,53292.0,18659336.099999987
2025-08-01 09:29:18 AM,1777.2,5,8886.0,18668222.099999987
2025-08-01 09:29:39 AM,1777.0,26,46202.0,18714424.099999987
2025-08-01 09:29:45 AM,1777.9,0,0.0,18714424.099999987
2025-08-01 09:29:47 AM,1777.9,51,90672.90000000001,18805096.999999985
2025-08-01 09:29:54 AM,1777.9,10,17779.0,18822875.999999985
2025-08-01 09:29:55 AM,1777.9,19,33780.1,18856656.099999987
2025-08-01 09:30:25 AM,1777.0,28,49756.0,18906412.099999987
2025-08-01 09:30:29 AM,1774.8,0,0.0,18906412.099999987
2025-08-01 09:30:32 AM,1774.8,2,3549.6,18909961.699999988
2025-08-01 09:30:36 AM,1774.5,0,0.0,18909961.699999988
2025-08-01 09:30:39 AM,1773.2,101,179093.2,19089054.899999987
2025-08-01 09:30:43 AM,1773.3,0,0.0,19089054.899999987
2025-08-01 09:30:46 AM,1773.3,56,99304.8,19188359.699999988
2025-08-01 09:30:54 AM,1773.3,17,30146.1,19218505.79999999
2025-08-01 09:30:59 AM,1772.7,0,0.0,19218505.79999999
2025-08-01 09:31:01 AM,1772.7,11,19499.7,19238005.49999999
2025-08-01 09:31:05 AM,1771.8,0,0.0,19238005.49999999
2025-08-01 09:31:09 AM,1771.8,2,3543.6,19241549.09999999
2025-08-01 09:31:11 AM,1770.0,0,0.0,19241549.09999999
2025-08-01 09:31:16 AM,1770.0,168,297360.0,19538909.09999999
2025-08-01 09:31:37 AM,1767.6,0,0.0,19538909.09999999
2025-08-01 09:31:38 AM,1767.6,61,107823.59999999999,19646732.69999999
2025-08-01 09:31:52 AM,1767.6,1,1767.6,19648500.299999993
2025-08-01 09:31:58 AM,1767.3,0,0.0,19648500.299999993
2025-08-01 09:31:59 AM,1767.3,7,12371.1,19660871.399999995
2025-08-01 09:32:15 AM,1766.4,0,0.0,19660871.399999995
2025-08-01 09:32:20 AM,1766.4,19,33561.6,19694432.999999996
2025-08-01 09:32:27 AM,1768.1,0,0.0,19694432.999999996
2025-08-01 09:32:27 AM,1768.1,59,104317.9,19798750.899999995
2025-08-01 09:32:27 AM,1768.4,5,8842.0,19807592.899999995
2025-08-01 09:32:39 AM,1769.0,0,0.0,19807592.899999995
2025-08-01 09:32:40 AM,1769.0,20,35380.0,19842972.899999995
2025-08-01 09:32:48 AM,1768.1,201,355388.1,20198360.999999996
2025-08-01 09:32:54 AM,1768.6,31,54826.6,20253187.599999998
2025-08-01 09:33:14 AM,1767.4,0,0.0,20253187.599999998
2025-08-01 09:33:15 AM,1767.4,1,1767.4,20254954.999999996
2025-08-01 09:33:29 AM,1767.5,0,0.0,20254954.999999996
2025-08-01 09:33:29 AM,1767.5,10,17675.0,20272629.999999996
2025-08-01 09:33:39 AM,1768.0,0,0.0,20272629.999999996
2025-08-01 09:33:41 AM,1769.9,0,0.0,20272629.999999996
2025-08-01 09:33:43 AM,1769.9,30,53097.0,20325726.999999996
2025-08-01 09:33:44 AM,1771.1,0,0.0,20325726.999999996
2025-08-01 09:33:49 AM,1771.3,0,0.0,20325726.999999996
2025-08-01 09:33:50 AM,1771.3,3,5313.9,20331040.899999995
2025-08-01 09:34:04 AM,1770.6,28,49576.799999999996,20380617.699999996
2025-08-01 09:34:09 AM,1773.3,0,0.0,20380617.699999996
2025-08-01 09:34:11 AM,1773.3,95,168463.5,20549081.199999996
2025-08-01 09:34:14 AM,1775.0,0,0.0,20549081.199999996
2025-08-01 09:34:18 AM,1775.0,10,17750.0,20566831.199999996
2025-08-01 09:34:25 AM,1775.0,12,21300.0,20588131.199999996
2025-08-01 09:34:29 AM,1775.3,0,0.0,20588131.199999996
2025-08-01 09:34:32 AM,1775.0,0,0.0,20588131.199999996
2025-08-01 09:34:32 AM,1775.0,52,92300.0,20680431.199999996
2025-08-01 09:35:04 AM,1773.0,0,0.0,20680431.199999996
2025-08-01 09:35:06 AM,1773.0,6,10638.0,20691069.199999996
2025-08-01 09:35:07 AM,1773.0,27,47871.0,20738940.199999996
2025-08-01 09:35:09 AM,1773.3,0,0.0,20738940.199999996
2025-08-01 09:35:13 AM,1773.3,62,109944.59999999999,20848884.799999997
2025-08-01 09:35:28 AM,1773.0,52,92196.0,20941080.799999997
2025-08-01 09:36:51 AM,1771.3,0,0.0,20941080.799999997
2025-08-01 09:36:54 AM,1771.3,182,322376.6,21263457.4
2025-08-01 09:37:03 AM,1771.0,0,0.0,21263457.4
2025-08-01 09:37:08 AM,1771.0,62,109802.0,21373259.4
2025-08-01 09:37:49 AM,1770.1,1,1770.1,21375029.5
2025-08-01 09:37:55 AM,1770.1,1,1770.1,21376799.6
2025-08-01 09:38:02 AM,1770.0,147,260190.0,21636989.6
2025-08-01 09:38:08 AM,1768.0,0,0.0,21636989.6
2025-08-01 09:38:09 AM,1768.0,64,113152.0,21750141.6
2025-08-01 09:38:29 AM,1766.0,0,0.0,21750141.6
2025-08-01 09:38:29 AM,1766.0,25,44150.0,21794291.6
2025-08-01 09:38:34 AM,1766.8,0,0.0,21794291.6
2025-08-01 09:38:36 AM,1766.8,7,12367.6,21806659.200000003
2025-08-01 09:38:47 AM,1766.0,0,0.0,21806659.200000003
2025-08-01 09:38:49 AM,1766.0,15,26490.0,21833149.200000003
2025-08-01 09:38:55 AM,1765.0,0,0.0,21833149.200000003
2025-08-01 09:38:56 AM,1765.0,1,1765.0,21834914.200000003
2025-08-01 09:39:02 AM,1765.0,10,17650.0,21852564.200000003
2025-08-01 09:39:23 AM,1763.7,1,1763.7,21854327.900000002
2025-08-01 09:39:37 AM,1763.0,0,0.0,21854327.900000002
2025-08-01 09:39:37 AM,1763.0,30,52890.0,21907217.900000002
2025-08-01 09:39:49 AM,1763.0,5,8815.0,21916032.900000002
2025-08-01 09:40:22 AM,1763.2,2,3526.4,21919559.3
2025-08-01 09:40:29 AM,1763.0,2,3526.0,21923085.3
2025-08-01 09:40:42 AM,1762.0,18,31716.0,21954801.3
2025-08-01 09:40:57 AM,1762.2,0,0.0,21954801.3
2025-08-01 09:41:02 AM,1763.8,136,239876.8,22194678.1
2025-08-01 09:41:02 AM,1765.0,50,88250.0,22282928.1
2025-08-01 09:41:02 AM,1764.9,0,0.0,22282928.1
2025-08-01 09:41:08 AM,1764.9,40,70596.0,22353524.1
2025-08-01 09:41:15 AM,1764.1,3,5292.299999999999,22358816.400000002
2025-08-01 09:41:19 AM,1762.8,0,0.0,22358816.400000002
2025-08-01 09:41:22 AM,1762.8,19,33493.2,22392309.6
2025-08-01 09:41:35 AM,1762.9,110,193919.0,22586228.6
2025-08-01 09:41:39 AM,1762.0,0,0.0,22586228.6
2025-08-01 09:41:42 AM,1762.0,47,82814.0,22669042.6
2025-08-01 09:42:08 AM,1759.9,90,158391.0,22827433.6
2025-08-01 09:42:14 AM,1759.9,1,1759.9,22829193.5
2025-08-01 09:42:20 AM,1758.7,0,0.0,22829193.5
2025-08-01 09:42:21 AM,1758.7,100,175870.0,23005063.5
2025-08-01 09:42:25 AM,1760.2,0,0.0,23005063.5
2025-08-01 09:42:27 AM,1763.3,79,139300.69999999998,23144364.2
2025-08-01 09:42:34 AM,1763.3,2,3526.6,23147890.8
2025-08-01 09:42:54 AM,1762.2,20,35244.0,23183134.8
2025-08-01 09:43:30 AM,1760.8,0,0.0,23183134.8
2025-08-01 09:43:33 AM,1760.8,1,1760.8,23184895.6
2025-08-01 09:43:34 AM,1761.9,0,0.0,23184895.6
2025-08-01 09:43:34 AM,1761.9,58,102190.20000000001,23287085.8
2025-08-01 09:44:13 AM,1761.0,501,882261.0,24169346.8
2025-08-01 09:45:06 AM,1758.0,1,1758.0,24171104.8
2025-08-01 09:45:07 AM,1758.1,0,0.0,24171104.8
2025-08-01 09:45:11 AM,1758.0,81,142398.0,24313502.8
2025-08-01 09:45:24 AM,1759.6,195,343122.0,24656624.8
2025-08-01 09:46:04 AM,1758.2,0,0.0,24656624.8
2025-08-01 09:46:04 AM,1758.2,1,1758.2,24658383.0
2025-08-01 09:46:09 AM,1758.1,0,0.0,24658383.0
2025-08-01 09:46:09 AM,1758.1,3,5274.299999999999,24663657.3
2025-08-01 09:46:14 AM,1758.0,0,0.0,24663657.3
2025-08-01 09:46:16 AM,1758.0,96,168768.0,24832425.3
2025-08-01 09:46:28 AM,1757.0,0,0.0,24832425.3
2025-08-01 09:46:29 AM,1757.0,1,1757.0,24834182.3
2025-08-01 09:46:32 AM,1757.3,0,0.0,24834182.3
2025-08-01 09:46:35 AM,1757.3,3,5271.9,24839454.2
2025-08-01 09:47:08 AM,1758.5,208,365768.0,25205222.2
2025-08-01 09:47:24 AM,1759.7,0,0.0,25205222.2
2025-08-01 09:47:25 AM,1759.7,2,3519.4,25208741.599999998
2025-08-01 09:47:27 AM,1758.1,0,0.0,25208741.599999998
2025-08-01 09:47:27 AM,1758.1,4,7032.4,25215773.999999996
2025-08-01 09:48:20 AM,1758.2,24,42196.8,25257970.799999997
2025-08-01 09:48:46 AM,1757.1,80,140568.0,25398538.799999997
2025-08-01 09:48:58 AM,1757.1,1,1757.1,25400295.9
2025-08-01 09:49:23 AM,1758.2,31,54504.200000000004,25454800.099999998
2025-08-01 09:49:33 AM,1758.0,0,0.0,25454800.099999998
2025-08-01 09:49:33 AM,1758.0,57,100206.0,25555006.099999998
2025-08-01 09:49:55 AM,1757.6,36,63273.6,25618279.7
2025-08-01 09:50:22 AM,1758.0,0,0.0,25618279.7
2025-08-01 09:50:24 AM,1758.0,28,49224.0,25667503.7
2025-08-01 09:50:33 AM,1758.0,3,5274.0,25672777.7
2025-08-01 09:50:43 AM,1758.1,37,65049.7,25737827.4
2025-08-01 09:50:53 AM,1757.7,0,0.0,25737827.4
2025-08-01 09:50:56 AM,1757.7,1,1757.7,25739585.099999998
2025-08-01 09:51:10 AM,1757.8,1,1757.8,25741342.9
2025-08-01 09:51:15 AM,1757.8,2,3515.6,25744858.5
2025-08-01 09:51:35 AM,1757.6,0,0.0,25744858.5
2025-08-01 09:51:36 AM,1757.6,10,17576.0,25762434.5
2025-08-01 09:51:47 AM,1757.5,0,0.0,25762434.5
2025-08-01 09:51:48 AM,1757.5,1,1757.5,25764192.0
2025-08-01 09:51:55 AM,1757.6,11,19333.6,25783525.6
2025-08-01 09:52:19 AM,1757.4,10,17574.0,25801099.6
2025-08-01 09:52:22 AM,1757.6,0,0.0,25801099.6
2025-08-01 09:52:23 AM,1757.6,11,19333.6,25820433.200000003
2025-08-01 09:52:37 AM,1757.5,0,0.0,25820433.200000003
2025-08-01 09:52:38 AM,1757.5,6,10545.0,25830978.200000003
2025-08-01 09:52:50 AM,1757.5,1,1757.5,25832735.700000003
2025-08-01 09:53:13 AM,1757.5,1,1757.5,25834493.200000003
2025-08-01 09:53:29 AM,1757.0,0,0.0,25834493.200000003
2025-08-01 09:53:30 AM,1757.0,1,1757.0,25836250.200000003
2025-08-01 09:53:35 AM,1756.0,0,0.0,25836250.200000003
2025-08-01 09:53:35 AM,1757.1,0,0.0,25836250.200000003
2025-08-01 09:53:36 AM,1757.1,11,19328.1,25855578.300000004
2025-08-01 09:53:56 AM,1756.1,10,17561.0,25873139.300000004
2025-08-01 09:53:59 AM,1756.0,0,0.0,25873139.300000004
2025-08-01 09:54:01 AM,1756.0,48,84288.0,25957427.300000004
2025-08-01 09:54:07 AM,1755.1,60,105306.0,26062733.300000004
2025-08-01 09:54:17 AM,1756.0,0,0.0,26062733.300000004
2025-08-01 09:54:20 AM,1756.0,2,3512.0,26066245.300000004
2025-08-01 09:54:36 AM,1757.6,0,0.0,26066245.300000004
2025-08-01 09:54:39 AM,1757.6,10,17576.0,26083821.300000004
2025-08-01 09:54:42 AM,1760.4,0,0.0,26083821.300000004
2025-08-01 09:54:45 AM,1760.4,31,54572.4,26138393.700000003
2025-08-01 09:54:45 AM,1763.5,4,7054.0,26145447.700000003
2025-08-01 09:54:45 AM,1762.7,0,0.0,26145447.700000003
2025-08-01 09:54:50 AM,1762.7,2,3525.4,26148973.1
2025-08-01 09:54:56 AM,1765.1,47,82959.7,26231932.8
2025-08-01 09:54:57 AM,1766.0,0,0.0,26231932.8
2025-08-01 09:54:57 AM,1766.0,2,3532.0,26235464.8
2025-08-01 09:55:02 AM,1767.8,7,12374.6,26247839.400000002
2025-08-01 09:55:03 AM,1766.9,0,0.0,26247839.400000002
2025-08-01 09:55:03 AM,1766.9,50,88345.0,26336184.400000002
2025-08-01 09:55:14 AM,1768.9,21,37146.9,26373331.3
2025-08-01 09:55:53 AM,1766.6,0,0.0,26373331.3
2025-08-01 09:55:56 AM,1766.6,1,1766.6,26375097.900000002
2025-08-01 09:56:32 AM,1766.6,111,196092.59999999998,26571190.500000004
2025-08-01 09:57:08 AM,1764.8,0,0.0,26571190.500000004
2025-08-01 09:57:08 AM,1764.8,11,19412.8,26590603.300000004
2025-08-01 09:57:19 AM,1762.1,200,352420.0,26943023.300000004
2025-08-01 09:57:52 AM,1763.9,0,0.0,26943023.300000004
2025-08-01 09:57:52 AM,1763.9,1,1763.9,26944787.200000003
2025-08-01 09:58:13 AM,1762.1,60,105726.0,27050513.200000003
2025-08-01 09:58:19 AM,1762.1,1,1762.1,27052275.300000004
2025-08-01 09:58:31 AM,1762.1,84,148016.4,27200291.700000003
2025-08-01 09:59:05 AM,1758.9,0,0.0,27200291.700000003
2025-08-01 09:59:05 AM,1758.9,590,1037751.0,28238042.700000003
2025-08-01 09:59:06 AM,1758.3,0,0.0,28238042.700000003
2025-08-01 09:59:08 AM,1758.3,2,3516.6,28241559.300000004
2025-08-01 09:59:14 AM,1758.9,19,33419.1,28274978.400000006
2025-08-01 09:59:39 AM,1761.0,0,0.0,28274978.400000006
2025-08-01 09:59:40 AM,1761.0,39,68679.0,28343657.400000006
2025-08-01 09:59:44 AM,1760.4,0,0.0,28343657.400000006
2025-08-01 09:59:46 AM,1760.4,30,52812.0,28396469.400000006
2025-08-01 10:00:04 AM,1760.4,3,5281.200000000001,28401750.600000005
2025-08-01 10:00:12 AM,1761.5,0,0.0,28401750.600000005
2025-08-01 10:00:14 AM,1760.4,27,47530.8,28449281.400000006
2025-08-01 10:00:17 AM,1760.4,111,195404.40000000002,28644685.800000004
2025-08-01 10:00:42 AM,1760.4,54,95061.6,28739747.400000006
2025-08-01 10:01:04 AM,1761.9,2,3523.8,28743271.200000007
2025-08-01 10:01:07 AM,1762.0,13,22906.0,28766177.200000007
2025-08-01 10:01:25 AM,1762.4,0,0.0,28766177.200000007
2025-08-01 10:01:26 AM,1762.1,6,10572.599999999999,28776749.80000001
2025-08-01 10:01:32 AM,1763.3,1,1763.3,28778513.10000001
2025-08-01 10:01:54 AM,1763.3,31,54662.299999999996,28833175.40000001
2025-08-01 10:01:58 AM,1765.2,0,0.0,28833175.40000001
2025-08-01 10:02:00 AM,1765.2,55,97086.0,28930261.40000001
2025-08-01 10:02:13 AM,1766.6,118,208458.8,29138720.20000001
2025-08-01 10:02:14 AM,1766.5,0,0.0,29138720.20000001
2025-08-01 10:02:15 AM,1766.5,14,24731.0,29163451.20000001
2025-08-01 10:03:01 AM,1766.1,0,0.0,29163451.20000001
2025-08-01 10:03:04 AM,1766.1,1,1766.1,29165217.300000012
2025-08-01 10:03:16 AM,1767.0,8,14136.0,29179353.300000012
2025-08-01 10:03:23 AM,1767.0,2,3534.0,29182887.300000012
2025-08-01 10:03:38 AM,1765.3,136,240080.8,29422968.100000013
2025-08-01 10:04:09 AM,1763.2,0,0.0,29422968.100000013
2025-08-01 10:04:09 AM,1763.2,35,61712.0,29484680.100000013
2025-08-01 10:04:19 AM,1763.2,27,47606.4,29532286.50000001
2025-08-01 10:05:15 AM,1763.2,5,8816.0,29541102.50000001
2025-08-01 10:05:18 AM,1762.5,104,183300.0,29724402.50000001
2025-08-01 10:05:22 AM,1761.1,0,0.0,29724402.50000001
2025-08-01 10:05:22 AM,1761.1,8,14088.8,29738491.300000012
2025-08-01 10:05:34 AM,1760.9,3,5282.700000000001,29743774.00000001
2025-08-01 10:06:03 AM,1759.9,0,0.0,29743774.00000001
2025-08-01 10:06:04 AM,1759.9,2,3519.8,29747293.800000012
2025-08-01 10:06:06 AM,1760.6,31,54578.6,29801872.400000013
2025-08-01 10:06:32 AM,1760.0,0,0.0,29801872.400000013
2025-08-01 10:06:33 AM,1759.9,47,82715.3,29884587.700000014
2025-08-01 10:06:36 AM,1760.0,0,0.0,29884587.700000014
2025-08-01 10:06:36 AM,1760.0,45,79200.0,29963787.700000014
2025-08-01 10:06:42 AM,1759.1,5,8795.5,29972583.200000014
2025-08-01 10:06:46 AM,1759.1,3,5277.299999999999,29977860.500000015
2025-08-01 10:07:10 AM,1760.0,50,88000.0,30065860.500000015
2025-08-01 10:07:20 AM,1760.1,0,0.0,30065860.500000015
2025-08-01 10:07:23 AM,1760.1,39,68643.9,30134504.400000013
2025-08-01 10:07:35 AM,1761.1,18,31699.8,30166204.200000014
2025-08-01 10:07:37 AM,1761.0,0,0.0,30166204.200000014
2025-08-01 10:07:37 AM,1761.0,10,17610.0,30183814.200000014
2025-08-01 10:07:41 AM,1761.0,6,10566.0,30194380.200000014
2025-08-01 10:07:43 AM,1761.0,4,7044.0,30201424.200000014
2025-08-01 10:07:47 AM,1761.0,261,459621.0,30661045.200000014
2025-08-01 10:07:49 AM,1760.9,12,21130.800000000003,30682176.000000015
2025-08-01 10:08:06 AM,1760.0,0,0.0,30682176.000000015
2025-08-01 10:08:06 AM,1760.0,164,288640.0,30970816.000000015
2025-08-01 10:08:08 AM,1759.2,4,7036.8,30977852.800000016
2025-08-01 10:08:11 AM,1760.0,0,0.0,30977852.800000016
2025-08-01 10:08:12 AM,1760.0,106,186560.0,31164412.800000016
2025-08-01 10:08:35 AM,1760.2,0,0.0,31164412.800000016
2025-08-01 10:08:37 AM,1760.2,1,1760.2,31166173.000000015
2025-08-01 10:08:49 AM,1759.3,50,87965.0,31254138.000000015
2025-08-01 10:08:53 AM,1759.4,0,0.0,31254138.000000015
2025-08-01 10:08:54 AM,1760.4,0,0.0,31254138.000000015
2025-08-01 10:08:54 AM,1760.4,3,5281.200000000001,31259419.200000014
2025-08-01 10:09:17 AM,1761.3,0,0.0,31259419.200000014
2025-08-01 10:09:18 AM,1761.3,50,88065.0,31347484.200000014
2025-08-01 10:09:20 AM,1760.8,0,0.0,31347484.200000014
2025-08-01 10:09:20 AM,1760.8,1,1760.8,31349245.000000015
2025-08-01 10:09:29 AM,1760.9,0,0.0,31349245.000000015
2025-08-01 10:09:30 AM,1760.9,1,1760.9,31351005.900000013
2025-08-01 10:09:37 AM,1760.8,128,225382.4,31576388.300000012
2025-08-01 10:09:47 AM,1760.8,10,17608.0,31593996.300000012
2025-08-01 10:09:57 AM,1762.0,0,0.0,31593996.300000012
2025-08-01 10:09:58 AM,1762.0,36,63432.0,31657428.300000012
2025-08-01 10:10:00 AM,1763.4,50,88170.0,31745598.300000012
2025-08-01 10:10:10 AM,1762.2,2,3524.4,31749122.70000001
2025-08-01 10:10:18 AM,1762.2,3,5286.6,31754409.300000012
2025-08-01 10:10:54 AM,1762.2,2,3524.4,31757933.70000001
2025-08-01 10:11:21 AM,1762.2,1,1762.2,31759695.90000001
2025-08-01 10:11:33 AM,1762.2,10,17622.0,31777317.90000001
2025-08-01 10:12:03 AM,1762.2,5,8811.0,31786128.90000001
2025-08-01 10:12:42 AM,1762.7,29,51118.3,31837247.20000001
2025-08-01 10:12:59 AM,1764.2,0,0.0,31837247.20000001
2025-08-01 10:13:00 AM,1764.2,201,354604.2,32191851.40000001
2025-08-01 10:13:11 AM,1762.0,0,0.0,32191851.40000001
2025-08-01 10:13:11 AM,1762.0,155,273110.0,32464961.40000001
2025-08-01 10:13:35 AM,1761.1,0,0.0,32464961.40000001
2025-08-01 10:13:35 AM,1761.1,15,26416.5,32491377.90000001
2025-08-01 10:14:05 AM,1760.1,0,0.0,32491377.90000001
2025-08-01 10:14:05 AM,1760.1,10,17601.0,32508978.90000001
2025-08-01 10:14:11 AM,1761.0,0,0.0,32508978.90000001
2025-08-01 10:14:11 AM,1761.0,4,7044.0,32516022.90000001
2025-08-01 10:14:16 AM,1761.1,2,3522.2,32519545.10000001
2025-08-01 10:14:44 AM,1761.0,0,0.0,32519545.10000001
2025-08-01 10:14:45 AM,1761.0,20,35220.0,32554765.10000001
2025-08-01 10:15:13 AM,1760.1,0,0.0,32554765.10000001
2025-08-01 10:15:14 AM,1760.1,10,17601.0,32572366.10000001
2025-08-01 10:15:16 AM,1761.1,0,0.0,32572366.10000001
2025-08-01 10:15:20 AM,1761.1,14,24655.399999999998,32597021.500000007
2025-08-01 10:15:29 AM,1761.4,0,0.0,32597021.500000007
2025-08-01 10:15:32 AM,1761.4,1,1761.4,32598782.900000006
2025-08-01 10:15:55 AM,1760.0,0,0.0,32598782.900000006
2025-08-01 10:15:56 AM,1760.0,40,70400.0,32669182.900000006
2025-08-01 10:16:25 AM,1760.0,12,21120.0,32690302.900000006
2025-08-01 10:16:37 AM,1760.8,35,61628.0,32751930.900000006
2025-08-01 10:17:44 AM,1761.4,0,0.0,32751930.900000006
2025-08-01 10:17:46 AM,1761.4,6,10568.400000000001,32762499.300000004
2025-08-01 10:18:19 AM,1760.6,0,0.0,32762499.300000004
2025-08-01 10:18:20 AM,1760.0,0,0.0,32762499.300000004
2025-08-01 10:18:20 AM,1760.0,170,299200.0,33061699.300000004
2025-08-01 10:18:32 AM,1757.4,0,0.0,33061699.300000004
2025-08-01 10:18:32 AM,1757.4,1,1757.4,33063456.700000003
2025-08-01 10:18:49 AM,1758.3,1,1758.3,33065215.000000004
2025-08-01 10:18:52 AM,1757.2,0,0.0,33065215.000000004
2025-08-01 10:18:55 AM,1757.2,50,87860.0,33153075.000000004
2025-08-01 10:19:00 AM,1757.2,50,87860.0,33240935.000000004
2025-08-01 10:19:06 AM,1758.5,1,1758.5,33242693.500000004
2025-08-01 10:19:12 AM,1758.5,1,1758.5,33244452.000000004
2025-08-01 10:19:15 AM,1758.9,0,0.0,33244452.000000004
2025-08-01 10:19:18 AM,1758.9,1,1758.9,33246210.900000002
2025-08-01 10:19:35 AM,1758.2,10,17582.0,33263792.900000002
2025-08-01 10:20:35 AM,1759.1,0,0.0,33263792.900000002
2025-08-01 10:20:38 AM,1759.1,1,1759.1,33265552.000000004
2025-08-01 10:21:38 AM,1760.5,0,0.0,33265552.000000004
2025-08-01 10:21:40 AM,1760.5,3,5281.5,33270833.500000004
2025-08-01 10:21:41 AM,1761.4,0,0.0,33270833.500000004
2025-08-01 10:21:42 AM,1761.4,15,26421.0,33297254.500000004
2025-08-01 10:21:45 AM,1761.5,119,209618.5,33506873.000000004
2025-08-01 10:21:47 AM,1761.4,6,10568.400000000001,33517441.400000002
2025-08-01 10:21:53 AM,1761.5,0,0.0,33517441.400000002
2025-08-01 10:21:54 AM,1761.5,2,3523.0,33520964.400000002
2025-08-01 10:21:57 AM,1761.4,40,70456.0,33591420.400000006
2025-08-01 10:22:40 AM,1762.8,10,17628.0,33609048.400000006
2025-08-01 10:22:50 AM,1762.0,10,17620.0,33626668.400000006
2025-08-01 10:23:47 AM,1760.7,58,102120.6,33728789.00000001
2025-08-01 10:23:49 AM,1760.9,0,0.0,33728789.00000001
2025-08-01 10:23:50 AM,1760.9,4,7043.6,33735832.60000001
2025-08-01 10:23:58 AM,1761.9,0,0.0,33735832.60000001
2025-08-01 10:23:59 AM,1761.9,12,21142.800000000003,33756975.400000006
2025-08-01 10:24:12 AM,1762.6,0,0.0,33756975.400000006
2025-08-01 10:24:12 AM,1762.6,5,8813.0,33765788.400000006
2025-08-01 10:25:11 AM,1762.5,0,0.0,33765788.400000006
2025-08-01 10:25:11 AM,1762.5,6,10575.0,33776363.400000006
2025-08-01 10:25:24 AM,1760.6,0,0.0,33776363.400000006
2025-08-01 10:25:25 AM,1760.6,100,176060.0,33952423.400000006
2025-08-01 10:25:32 AM,1759.5,0,0.0,33952423.400000006
2025-08-01 10:25:34 AM,1759.5,200,351900.0,34304323.400000006
2025-08-01 10:25:38 AM,1760.8,0,0.0,34304323.400000006
2025-08-01 10:25:39 AM,1760.8,2,3521.6,34307845.00000001
2025-08-01 10:26:08 AM,1761.7,0,0.0,34307845.00000001
2025-08-01 10:26:09 AM,1761.7,41,72229.7,34380074.70000001
2025-08-01 10:26:29 AM,1761.8,0,0.0,34380074.70000001
2025-08-01 10:26:29 AM,1761.8,27,47568.6,34427643.30000001
2025-08-01 10:26:42 AM,1762.9,0,0.0,34427643.30000001
2025-08-01 10:26:43 AM,1762.9,4,7051.6,34434694.90000001
2025-08-01 10:27:08 AM,1762.8,0,0.0,34434694.90000001
2025-08-01 10:27:10 AM,1762.8,2,3525.6,34438220.500000015
2025-08-01 10:27:56 AM,1763.4,0,0.0,34438220.500000015
2025-08-01 10:27:56 AM,1763.4,50,88170.0,34526390.500000015
2025-08-01 10:29:07 AM,1763.3,2,3526.6,34529917.10000002
2025-08-01 10:30:06 AM,1762.3,0,0.0,34529917.10000002
2025-08-01 10:30:06 AM,1762.3,25,44057.5,34573974.60000002
2025-08-01 10:30:09 AM,1764.0,79,139356.0,34713330.60000002
2025-08-01 10:30:15 AM,1765.4,10,17654.0,34730984.60000002
2025-08-01 10:30:40 AM,1765.3,0,0.0,34730984.60000002
2025-08-01 10:30:40 AM,1765.3,10,17653.0,34748637.60000002
2025-08-01 10:30:52 AM,1767.1,160,282736.0,35031373.60000002
2025-08-01 10:32:15 AM,1765.2,25,44130.0,35075503.60000002
2025-08-01 10:33:44 AM,1765.4,0,0.0,35075503.60000002
2025-08-01 10:33:44 AM,1765.4,1,1765.4,35077269.000000015
2025-08-01 10:34:13 AM,1765.4,3,5296.200000000001,35082565.20000002
2025-08-01 10:35:30 AM,1765.5,0,0.0,35082565.20000002
2025-08-01 10:35:32 AM,1765.5,24,42372.0,35124937.20000002
2025-08-01 10:35:41 AM,1764.6,0,0.0,35124937.20000002
2025-08-01 10:35:41 AM,1764.6,88,155284.8,35280222.000000015
2025-08-01 10:35:54 AM,1764.1,0,0.0,35280222.000000015
2025-08-01 10:35:54 AM,1764.1,78,137599.8,35417821.80000001
2025-08-01 10:36:28 AM,1762.1,2,3524.2,35421346.000000015
2025-08-01 10:37:03 AM,1764.0,0,0.0,35421346.000000015
2025-08-01 10:37:04 AM,1764.0,40,70560.0,35491906.000000015
2025-08-01 10:38:10 AM,1765.0,0,0.0,35491906.000000015
2025-08-01 10:38:12 AM,1765.1,7,12355.699999999999,35504261.70000002
2025-08-01 10:38:15 AM,1765.1,48,84724.79999999999,35588986.500000015
2025-08-01 10:38:16 AM,1764.0,0,0.0,35588986.500000015
2025-08-01 10:38:18 AM,1764.0,45,79380.0,35668366.500000015
2025-08-01 10:39:12 AM,1761.6,0,0.0,35668366.500000015
2025-08-01 10:39:13 AM,1761.6,144,253670.4,35922036.90000001
2025-08-01 10:40:17 AM,1759.2,0,0.0,35922036.90000001
2025-08-01 10:40:19 AM,1759.2,2,3518.4,35925555.30000001
2025-08-01 10:40:43 AM,1760.2,0,0.0,35925555.30000001
2025-08-01 10:40:45 AM,1760.2,43,75688.6,36001243.90000001
2025-08-01 10:43:16 AM,1760.4,0,0.0,36001243.90000001
2025-08-01 10:43:16 AM,1760.4,5,8802.0,36010045.90000001
2025-08-01 10:43:22 AM,1760.4,5,8802.0,36018847.90000001
2025-08-01 10:44:00 AM,1759.7,0,0.0,36018847.90000001
2025-08-01 10:44:00 AM,1760.0,0,0.0,36018847.90000001
2025-08-01 10:44:01 AM,1760.0,156,274560.0,36293407.90000001
2025-08-01 10:44:58 AM,1759.1,0,0.0,36293407.90000001
2025-08-01 10:44:58 AM,1759.1,51,89714.09999999999,36383122.000000015
2025-08-01 10:45:31 AM,1759.0,0,0.0,36383122.000000015
2025-08-01 10:45:31 AM,1759.0,23,40457.0,36423579.000000015
2025-08-01 10:45:47 AM,1759.1,0,0.0,36423579.000000015
2025-08-01 10:45:47 AM,1759.1,178,313119.8,36736698.80000001
2025-08-01 10:45:52 AM,1759.0,0,0.0,36736698.80000001
2025-08-01 10:45:52 AM,1759.0,60,105540.0,36842238.80000001
2025-08-01 10:45:56 AM,1758.0,0,0.0,36842238.80000001
2025-08-01 10:45:58 AM,1758.0,131,230298.0,37072536.80000001
2025-08-01 10:45:59 AM,1757.0,0,0.0,37072536.80000001
2025-08-01 10:46:01 AM,1757.0,40,70280.0,37142816.80000001
2025-08-01 10:46:30 AM,1756.0,6,10536.0,37153352.80000001
2025-08-01 10:46:41 AM,1756.0,21,36876.0,37190228.80000001
2025-08-01 10:46:52 AM,1755.4,50,87770.0,37277998.80000001
2025-08-01 10:47:56 AM,1755.4,90,157986.0,37435984.80000001
2025-08-01 10:47:58 AM,1755.1,0,0.0,37435984.80000001
2025-08-01 10:47:59 AM,1755.1,2,3510.2,37439495.000000015
2025-08-01 10:48:02 AM,1756.5,0,0.0,37439495.000000015
2025-08-01 10:48:02 AM,1756.5,248,435612.0,37875107.000000015
2025-08-01 10:48:04 AM,1756.5,5,8782.5,37883889.500000015
2025-08-01 10:48:33 AM,1756.4,0,0.0,37883889.500000015
2025-08-01 10:48:34 AM,1756.4,43,75525.2,37959414.70000002
2025-08-01 10:48:44 AM,1755.1,0,0.0,37959414.70000002
2025-08-01 10:48:45 AM,1755.0,0,0.0,37959414.70000002
2025-08-01 10:48:46 AM,1755.0,385,675675.0,38635089.70000002
2025-08-01 10:48:47 AM,1753.0,0,0.0,38635089.70000002
2025-08-01 10:48:47 AM,1753.0,108,189324.0,38824413.70000002
2025-08-01 10:48:49 AM,1753.5,0,0.0,38824413.70000002
2025-08-01 10:48:51 AM,1753.5,3,5260.5,38829674.20000002
2025-08-01 10:48:53 AM,1754.6,0,0.0,38829674.20000002
2025-08-01 10:48:57 AM,1754.6,4,7018.4,38836692.60000002
2025-08-01 10:49:37 AM,1753.5,0,0.0,38836692.60000002
2025-08-01 10:49:38 AM,1753.0,0,0.0,38836692.60000002
2025-08-01 10:49:40 AM,1753.0,105,184065.0,39020757.60000002
2025-08-01 10:51:02 AM,1753.2,0,0.0,39020757.60000002
2025-08-01 10:51:03 AM,1753.2,50,87660.0,39108417.60000002
2025-08-01 10:52:36 AM,1753.3,17,29806.1,39138223.70000002
2025-08-01 10:53:02 AM,1753.3,10,17533.0,39155756.70000002
2025-08-01 10:53:39 AM,1750.0,345,603750.0,39759506.70000002
2025-08-01 10:53:44 AM,1749.3,0,0.0,39759506.70000002
2025-08-01 10:53:45 AM,1749.3,1,1749.3,39761256.000000015
2025-08-01 10:54:00 AM,1748.2,0,0.0,39761256.000000015
2025-08-01 10:54:00 AM,1748.2,20,34964.0,39796220.000000015
2025-08-01 10:54:48 AM,1748.5,0,0.0,39796220.000000015
2025-08-01 10:54:49 AM,1748.5,1,1748.5,39797968.500000015
2025-08-01 10:54:49 AM,1748.2,11,19230.2,39817198.70000002
2025-08-01 10:55:26 AM,1748.2,15,26223.0,39843421.70000002
2025-08-01 10:56:03 AM,1748.2,15,26223.0,39869644.70000002
2025-08-01 10:56:06 AM,1748.0,0,0.0,39869644.70000002
2025-08-01 10:56:08 AM,1744.4,0,0.0,39869644.70000002
2025-08-01 10:56:08 AM,1744.4,258,450055.2,40319699.90000002
2025-08-01 10:56:10 AM,1746.2,0,0.0,40319699.90000002
2025-08-01 10:56:14 AM,1745.2,6,10471.2,40330171.100000024
2025-08-01 10:56:19 AM,1745.2,1,1745.2,40331916.30000003
2025-08-01 10:57:26 AM,1746.2,0,0.0,40331916.30000003
2025-08-01 10:57:28 AM,1746.2,14,24446.8,40356363.100000024
2025-08-01 10:57:56 AM,1746.6,0,0.0,40356363.100000024
2025-08-01 10:58:00 AM,1746.6,1,1746.6,40358109.700000025
2025-08-01 10:58:32 AM,1746.5,0,0.0,40358109.700000025
2025-08-01 10:58:32 AM,1746.5,10,17465.0,40375574.700000025
2025-08-01 10:58:43 AM,1746.5,1,1746.5,40377321.200000025
2025-08-01 10:59:35 AM,1746.5,2,3493.0,40380814.200000025
2025-08-01 10:59:51 AM,1747.5,10,17475.0,40398289.200000025
2025-08-01 11:00:10 AM,1746.5,0,0.0,40398289.200000025
2025-08-01 11:00:14 AM,1746.5,1,1746.5,40400035.700000025
2025-08-01 11:00:37 AM,1746.1,0,0.0,40400035.700000025
2025-08-01 11:00:41 AM,1746.1,110,192071.0,40592106.700000025
2025-08-01 11:02:15 AM,1746.2,0,0.0,40592106.700000025
2025-08-01 11:02:15 AM,1746.2,3,5238.6,40597345.30000003
2025-08-01 11:02:33 AM,1746.2,2,3492.4,40600837.700000025
2025-08-01 11:02:50 AM,1747.9,200,349580.0,40950417.700000025
2025-08-01 11:03:27 AM,1747.9,45,78655.5,41029073.200000025
2025-08-01 11:03:39 AM,1747.8,0,0.0,41029073.200000025
2025-08-01 11:03:40 AM,1747.8,7,12234.6,41041307.80000003
2025-08-01 11:03:51 AM,1746.8,0,0.0,41041307.80000003
2025-08-01 11:03:51 AM,1746.8,5,8734.0,41050041.80000003
2025-08-01 11:04:41 AM,1747.1,0,0.0,41050041.80000003
2025-08-01 11:04:43 AM,1747.1,10,17471.0,41067512.80000003
2025-08-01 11:04:47 AM,1747.2,0,0.0,41067512.80000003
2025-08-01 11:04:48 AM,1747.2,30,52416.0,41119928.80000003
2025-08-01 11:04:59 AM,1747.3,0,0.0,41119928.80000003
2025-08-01 11:04:59 AM,1747.3,1,1747.3,41121676.100000024
2025-08-01 11:05:30 AM,1746.8,0,0.0,41121676.100000024
2025-08-01 11:05:31 AM,1746.8,23,40176.4,41161852.50000002
2025-08-01 11:05:53 AM,1746.0,0,0.0,41161852.50000002
2025-08-01 11:05:53 AM,1746.0,186,324756.0,41486608.50000002
2025-08-01 11:06:51 AM,1745.0,186,324570.0,41811178.50000002
2025-08-01 11:06:53 AM,1745.2,0,0.0,41811178.50000002
2025-08-01 11:06:55 AM,1743.0,0,0.0,41811178.50000002
2025-08-01 11:06:56 AM,1743.0,372,648396.0,42459574.50000002
2025-08-01 11:06:58 AM,1744.5,3,5233.5,42464808.00000002
2025-08-01 11:07:01 AM,1745.8,0,0.0,42464808.00000002
2025-08-01 11:07:02 AM,1745.8,100,174580.0,42639388.00000002
2025-08-01 11:07:05 AM,1746.3,0,0.0,42639388.00000002
2025-08-01 11:07:07 AM,1746.3,78,136211.4,42775599.40000002
2025-08-01 11:07:11 AM,1746.6,0,0.0,42775599.40000002
2025-08-01 11:07:12 AM,1746.6,73,127501.79999999999,42903101.20000002
2025-08-01 11:07:28 AM,1748.6,160,279776.0,43182877.20000002
2025-08-01 11:07:34 AM,1748.1,20,34962.0,43217839.20000002
2025-08-01 11:07:39 AM,1748.8,0,0.0,43217839.20000002
2025-08-01 11:07:39 AM,1748.8,51,89188.8,43307028.000000015
2025-08-01 11:07:41 AM,1750.2,100,175020.0,43482048.000000015
2025-08-01 11:07:43 AM,1748.5,0,0.0,43482048.000000015
2025-08-01 11:07:45 AM,1748.5,90,157365.0,43639413.000000015
2025-08-01 11:07:59 AM,1746.1,0,0.0,43639413.000000015
2025-08-01 11:08:01 AM,1746.1,77,134449.69999999998,43773862.70000002
2025-08-01 11:08:06 AM,1746.1,20,34922.0,43808784.70000002
2025-08-01 11:08:09 AM,1747.5,0,0.0,43808784.70000002
2025-08-01 11:08:12 AM,1747.5,20,34950.0,43843734.70000002
2025-08-01 11:08:37 AM,1747.4,3,5242.200000000001,43848976.90000002
2025-08-01 11:08:40 AM,1747.4,15,26211.0,43875187.90000002
2025-08-01 11:09:02 AM,1747.4,190,332006.0,44207193.90000002
2025-08-01 11:09:04 AM,1746.1,85,148418.5,44355612.40000002
2025-08-01 11:09:36 AM,1744.1,0,0.0,44355612.40000002
2025-08-01 11:09:38 AM,1744.1,10,17441.0,44373053.40000002
2025-08-01 11:10:24 AM,1745.2,0,0.0,44373053.40000002
2025-08-01 11:10:26 AM,1745.2,40,69808.0,44442861.40000002
2025-08-01 11:10:44 AM,1744.6,5,8723.0,44451584.40000002
2025-08-01 11:11:30 AM,1744.5,0,0.0,44451584.40000002
2025-08-01 11:11:32 AM,1744.5,101,176194.5,44627778.90000002
2025-08-01 11:12:24 AM,1745.4,0,0.0,44627778.90000002
2025-08-01 11:12:26 AM,1745.4,2,3490.8,44631269.70000002
2025-08-01 11:12:31 AM,1746.0,40,69840.0,44701109.70000002
2025-08-01 11:13:29 AM,1746.0,10,17460.0,44718569.70000002
2025-08-01 11:13:41 AM,1746.0,127,221742.0,44940311.70000002
2025-08-01 11:14:37 AM,1746.1,0,0.0,44940311.70000002
2025-08-01 11:14:40 AM,1746.1,6,10476.599999999999,44950788.30000002
2025-08-01 11:14:43 AM,1746.0,0,0.0,44950788.30000002
2025-08-01 11:14:45 AM,1746.0,159,277614.0,45228402.30000002
2025-08-01 11:14:52 AM,1745.0,6,10470.0,45238872.30000002
2025-08-01 11:14:59 AM,1746.0,0,0.0,45238872.30000002
2025-08-01 11:15:01 AM,1746.0,2,3492.0,45242364.30000002
2025-08-01 11:15:02 AM,1745.0,70,122150.0,45364514.30000002
2025-08-01 11:15:05 AM,1742.9,0,0.0,45364514.30000002
2025-08-01 11:15:07 AM,1744.0,0,0.0,45364514.30000002
2025-08-01 11:15:07 AM,1744.0,116,202304.0,45566818.30000002
2025-08-01 11:15:08 AM,1744.0,6,10464.0,45577282.30000002
2025-08-01 11:15:11 AM,1742.5,0,0.0,45577282.30000002
2025-08-01 11:15:13 AM,1742.0,207,360594.0,45937876.30000002
2025-08-01 11:15:23 AM,1740.0,156,271440.0,46209316.30000002
2025-08-01 11:15:28 AM,1740.5,6,10443.0,46219759.30000002
2025-08-01 11:15:39 AM,1740.5,6,10443.0,46230202.30000002
2025-08-01 11:15:49 AM,1740.5,3,5221.5,46235423.80000002
2025-08-01 11:15:54 AM,1740.5,3,5221.5,46240645.30000002
2025-08-01 11:16:03 AM,1739.2,0,0.0,46240645.30000002
2025-08-01 11:16:04 AM,1739.2,100,173920.0,46414565.30000002
2025-08-01 11:16:07 AM,1741.2,0,0.0,46414565.30000002
2025-08-01 11:16:09 AM,1740.1,0,0.0,46414565.30000002
2025-08-01 11:16:10 AM,1740.1,155,269715.5,46684280.80000002
2025-08-01 11:16:13 AM,1740.3,0,0.0,46684280.80000002
2025-08-01 11:16:15 AM,1740.1,0,0.0,46684280.80000002
2025-08-01 11:16:15 AM,1740.1,19,33061.9,46717342.70000002
2025-08-01 11:16:57 AM,1740.0,0,0.0,46717342.70000002
2025-08-01 11:16:57 AM,1740.0,42,73080.0,46790422.70000002
2025-08-01 11:17:08 AM,1740.2,100,174020.0,46964442.70000002
2025-08-01 11:17:37 AM,1740.1,0,0.0,46964442.70000002
2025-08-01 11:17:40 AM,1740.1,1,1740.1,46966182.80000002
2025-08-01 11:17:45 AM,1739.6,0,0.0,46966182.80000002
2025-08-01 11:17:45 AM,1739.6,5,8698.0,46974880.80000002
2025-08-01 11:18:12 AM,1738.5,0,0.0,46974880.80000002
2025-08-01 11:18:12 AM,1738.5,58,100833.0,47075713.80000002
2025-08-01 11:18:17 AM,1738.5,15,26077.5,47101791.30000002
2025-08-01 11:18:19 AM,1738.5,5,8692.5,47110483.80000002
2025-08-01 11:18:23 AM,1738.5,10,17385.0,47127868.80000002
2025-08-01 11:18:39 AM,1739.5,0,0.0,47127868.80000002
2025-08-01 11:18:40 AM,1739.5,45,78277.5,47206146.30000002
2025-08-01 11:18:55 AM,1740.1,0,0.0,47206146.30000002
2025-08-01 11:18:58 AM,1740.1,1,1740.1,47207886.40000002
2025-08-01 11:19:32 AM,1740.1,1,1740.1,47209626.50000002
2025-08-01 11:19:59 AM,1740.0,0,0.0,47209626.50000002
2025-08-01 11:20:03 AM,1740.0,2,3480.0,47213106.50000002
2025-08-01 11:21:22 AM,1740.0,59,102660.0,47315766.50000002
2025-08-01 11:21:27 AM,1738.2,1,1738.2,47317504.700000025
2025-08-01 11:22:04 AM,1738.2,7,12167.4,47329672.100000024
2025-08-01 11:22:36 AM,1738.2,18,31287.600000000002,47360959.700000025
2025-08-01 11:22:51 AM,1738.2,3,5214.6,47366174.30000003
2025-08-01 11:22:58 AM,1738.8,0,0.0,47366174.30000003
2025-08-01 11:23:01 AM,1738.8,15,26082.0,47392256.30000003
2025-08-01 11:23:04 AM,1739.1,0,0.0,47392256.30000003
2025-08-01 11:23:07 AM,1739.1,5,8695.5,47400951.80000003
2025-08-01 11:23:27 AM,1738.7,0,0.0,47400951.80000003
2025-08-01 11:23:28 AM,1738.7,5,8693.5,47409645.30000003
2025-08-01 11:23:31 AM,1738.2,0,0.0,47409645.30000003
2025-08-01 11:23:33 AM,1738.2,30,52146.0,47461791.30000003
2025-08-01 11:24:10 AM,1737.9,0,0.0,47461791.30000003
2025-08-01 11:24:13 AM,1737.9,1,1737.9,47463529.200000025
2025-08-01 11:24:39 AM,1738.0,0,0.0,47463529.200000025
2025-08-01 11:24:40 AM,1738.0,20,34760.0,47498289.200000025
2025-08-01 11:24:42 AM,1736.1,0,0.0,47498289.200000025
2025-08-01 11:24:45 AM,1736.1,215,373261.5,47871550.700000025
2025-08-01 11:25:20 AM,1737.5,0,0.0,47871550.700000025
2025-08-01 11:25:22 AM,1737.5,1,1737.5,47873288.200000025
2025-08-01 11:25:37 AM,1737.8,0,0.0,47873288.200000025
2025-08-01 11:25:38 AM,1737.8,16,27804.8,47901093.00000002
2025-08-01 11:25:48 AM,1737.8,10,17378.0,47918471.00000002
2025-08-01 11:25:52 AM,1737.7,0,0.0,47918471.00000002
2025-08-01 11:25:53 AM,1737.8,0,0.0,47918471.00000002
2025-08-01 11:25:53 AM,1737.8,104,180731.19999999998,48099202.200000025
2025-08-01 11:26:03 AM,1737.9,1,1737.9,48100940.100000024
2025-08-01 11:26:27 AM,1738.9,0,0.0,48100940.100000024
2025-08-01 11:26:29 AM,1738.9,10,17389.0,48118329.100000024
2025-08-01 11:26:45 AM,1738.9,1,1738.9,48120068.00000002
2025-08-01 11:28:01 AM,1738.0,0,0.0,48120068.00000002
2025-08-01 11:28:01 AM,1738.0,22,38236.0,48158304.00000002
2025-08-01 11:28:03 AM,1738.0,15,26070.0,48184374.00000002
2025-08-01 11:28:04 AM,1738.9,0,0.0,48184374.00000002
2025-08-01 11:28:06 AM,1738.9,20,34778.0,48219152.00000002
2025-08-01 11:29:02 AM,1738.2,0,0.0,48219152.00000002
2025-08-01 11:29:02 AM,1738.2,2,3476.4,48222628.40000002
2025-08-01 11:30:50 AM,1738.7,49,85196.3,48307824.70000002
2025-08-01 11:31:04 AM,1738.7,2,3477.4,48311302.10000002
2025-08-01 11:32:31 AM,1739.7,0,0.0,48311302.10000002
2025-08-01 11:32:31 AM,1739.7,1,1739.7,48313041.80000002
2025-08-01 11:32:59 AM,1738.8,94,163447.19999999998,48476489.00000002
2025-08-01 11:33:41 AM,1739.2,0,0.0,48476489.00000002
2025-08-01 11:33:44 AM,1739.2,25,43480.0,48519969.00000002
2025-08-01 11:34:26 AM,1738.3,0,0.0,48519969.00000002
2025-08-01 11:34:27 AM,1738.5,0,0.0,48519969.00000002
2025-08-01 11:34:29 AM,1738.5,88,152988.0,48672957.00000002
2025-08-01 11:34:54 AM,1738.8,0,0.0,48672957.00000002
2025-08-01 11:34:56 AM,1738.8,35,60858.0,48733815.00000002
2025-08-01 11:35:00 AM,1740.6,0,0.0,48733815.00000002
2025-08-01 11:35:01 AM,1739.4,110,191334.0,48925149.00000002
2025-08-01 11:35:48 AM,1739.0,0,0.0,48925149.00000002
2025-08-01 11:35:49 AM,1739.0,15,26085.0,48951234.00000002
2025-08-01 11:36:00 AM,1738.9,0,0.0,48951234.00000002
2025-08-01 11:36:04 AM,1738.9,3,5216.700000000001,48956450.700000025
2025-08-01 11:36:51 AM,1738.9,2,3477.8,48959928.50000002
2025-08-01 11:37:28 AM,1738.9,28,48689.200000000004,49008617.700000025
2025-08-01 11:37:33 AM,1738.9,113,196495.7,49205113.40000003
2025-08-01 11:37:36 AM,1737.0,0,0.0,49205113.40000003
2025-08-01 11:37:38 AM,1737.0,123,213651.0,49418764.40000003
2025-08-01 11:38:23 AM,1737.3,0,0.0,49418764.40000003
2025-08-01 11:38:24 AM,1737.3,2,3474.6,49422239.00000003
2025-08-01 11:38:39 AM,1737.5,36,62550.0,49484789.00000003
2025-08-01 11:38:58 AM,1737.0,0,0.0,49484789.00000003
2025-08-01 11:38:59 AM,1737.0,290,503730.0,49988519.00000003
2025-08-01 11:39:39 AM,1735.9,0,0.0,49988519.00000003
2025-08-01 11:39:40 AM,1735.9,74,128456.6,50116975.60000003
2025-08-01 11:40:33 AM,1735.4,25,43385.0,50160360.60000003
2025-08-01 11:40:43 AM,1733.8,0,0.0,50160360.60000003
2025-08-01 11:40:43 AM,1733.8,201,348493.8,50508854.40000003
2025-08-01 11:41:13 AM,1734.8,0,0.0,50508854.40000003
2025-08-01 11:41:13 AM,1734.8,47,81535.59999999999,50590390.00000003
2025-08-01 11:41:17 AM,1734.9,0,0.0,50590390.00000003
2025-08-01 11:41:18 AM,1734.9,21,36432.9,50626822.90000003
2025-08-01 11:41:21 AM,1735.0,0,0.0,50626822.90000003
2025-08-01 11:41:23 AM,1735.0,1,1735.0,50628557.90000003
2025-08-01 11:41:51 AM,1734.4,0,0.0,50628557.90000003
2025-08-01 11:41:53 AM,1734.4,71,123142.40000000001,50751700.30000003
2025-08-01 11:43:41 AM,1733.3,0,0.0,50751700.30000003
2025-08-01 11:43:43 AM,1733.3,12,20799.6,50772499.90000003
2025-08-01 11:44:07 AM,1733.2,0,0.0,50772499.90000003
2025-08-01 11:44:10 AM,1733.0,77,133441.0,50905940.90000003
2025-08-01 11:45:10 AM,1731.9,0,0.0,50905940.90000003
2025-08-01 11:45:11 AM,1731.9,10,17319.0,50923259.90000003
2025-08-01 11:45:17 AM,1731.9,5,8659.5,50931919.40000003
2025-08-01 11:45:31 AM,1731.6,0,0.0,50931919.40000003
2025-08-01 11:45:33 AM,1731.6,10,17316.0,50949235.40000003
2025-08-01 11:45:54 AM,1726.4,450,776880.0,51726115.40000003
2025-08-01 11:45:59 AM,1726.3,0,0.0,51726115.40000003
2025-08-01 11:45:59 AM,1726.3,1,1726.3,51727841.700000025
2025-08-01 11:46:02 AM,1725.7,0,0.0,51727841.700000025
2025-08-01 11:46:05 AM,1725.7,6,10354.2,51738195.90000003
2025-08-01 11:46:07 AM,1724.0,0,0.0,51738195.90000003
2025-08-01 11:46:10 AM,1724.0,22,37928.0,51776123.90000003
2025-08-01 11:46:14 AM,1722.1,0,0.0,51776123.90000003
2025-08-01 11:46:15 AM,1722.1,12,20665.199999999997,51796789.10000003
2025-08-01 11:46:16 AM,1722.3,0,0.0,51796789.10000003
2025-08-01 11:46:16 AM,1722.3,3,5166.9,51801956.00000003
2025-08-01 11:46:26 AM,1722.0,1,1722.0,51803678.00000003
2025-08-01 11:46:29 AM,1723.0,0,0.0,51803678.00000003
2025-08-01 11:46:31 AM,1723.0,50,86150.0,51889828.00000003
2025-08-01 11:46:35 AM,1723.5,0,0.0,51889828.00000003
2025-08-01 11:46:36 AM,1723.5,10,17235.0,51907063.00000003
2025-08-01 11:46:37 AM,1720.7,420,722694.0,52629757.00000003
2025-08-01 11:46:40 AM,1722.4,0,0.0,52629757.00000003
2025-08-01 11:46:42 AM,1722.4,1,1722.4,52631479.40000003
2025-08-01 11:46:53 AM,1722.4,1,1722.4,52633201.80000003
2025-08-01 11:46:55 AM,1722.2,0,0.0,52633201.80000003
2025-08-01 11:46:58 AM,1722.2,1,1722.2,52634924.00000003
2025-08-01 11:47:00 AM,1722.0,0,0.0,52634924.00000003
2025-08-01 11:47:03 AM,1722.0,1,1722.0,52636646.00000003
2025-08-01 11:47:14 AM,1722.8,23,39624.4,52676270.40000003
2025-08-01 11:47:16 AM,1722.0,0,0.0,52676270.40000003
2025-08-01 11:47:18 AM,1722.0,7,12054.0,52688324.40000003
2025-08-01 11:47:22 AM,1721.4,0,0.0,52688324.40000003
2025-08-01 11:47:23 AM,1720.4,304,523001.60000000003,53211326.00000003
2025-08-01 11:47:35 AM,1720.8,0,0.0,53211326.00000003
2025-08-01 11:47:38 AM,1720.8,52,89481.59999999999,53300807.60000003
2025-08-01 11:47:52 AM,1722.3,0,0.0,53300807.60000003
2025-08-01 11:47:54 AM,1722.3,4,6889.2,53307696.800000034
2025-08-01 11:48:24 AM,1722.3,5,8611.5,53316308.300000034
2025-08-01 11:48:52 AM,1721.0,0,0.0,53316308.300000034
2025-08-01 11:48:55 AM,1721.0,1,1721.0,53318029.300000034
2025-08-01 11:49:06 AM,1720.2,0,0.0,53318029.300000034
2025-08-01 11:49:10 AM,1720.2,1,1720.2,53319749.50000004
2025-08-01 11:49:13 AM,1721.0,0,0.0,53319749.50000004
2025-08-01 11:49:15 AM,1721.0,5,8605.0,53328354.50000004
2025-08-01 11:49:36 AM,1721.0,50,86050.0,53414404.50000004
2025-08-01 11:49:42 AM,1721.4,50,86070.0,53500474.50000004
2025-08-01 11:50:05 AM,1721.0,0,0.0,53500474.50000004
2025-08-01 11:50:07 AM,1721.0,5,8605.0,53509079.50000004
2025-08-01 11:50:13 AM,1720.2,0,0.0,53509079.50000004
2025-08-01 11:50:18 AM,1720.2,1,1720.2,53510799.70000004
2025-08-01 11:50:28 AM,1721.0,0,0.0,53510799.70000004
2025-08-01 11:50:29 AM,1721.0,3,5163.0,53515962.70000004
2025-08-01 11:51:05 AM,1721.4,0,0.0,53515962.70000004
2025-08-01 11:51:08 AM,1721.4,23,39592.200000000004,53555554.90000004
2025-08-01 11:51:19 AM,1720.0,0,0.0,53555554.90000004
2025-08-01 11:51:22 AM,1720.0,13,22360.0,53577914.90000004
2025-08-01 11:51:31 AM,1719.2,0,0.0,53577914.90000004
2025-08-01 11:51:32 AM,1719.2,6,10315.2,53588230.100000046
2025-08-01 11:51:40 AM,1718.2,0,0.0,53588230.100000046
2025-08-01 11:51:42 AM,1718.2,1,1718.2,53589948.30000005
2025-08-01 11:52:03 AM,1717.5,29,49807.5,53639755.80000005
2025-08-01 11:52:10 AM,1717.2,0,0.0,53639755.80000005
2025-08-01 11:52:12 AM,1717.2,1,1717.2,53641473.00000005
2025-08-01 11:52:16 AM,1717.8,0,0.0,53641473.00000005
2025-08-01 11:52:17 AM,1717.8,2,3435.6,53644908.60000005
2025-08-01 11:52:29 AM,1718.0,25,42950.0,53687858.60000005
2025-08-01 11:52:43 AM,1718.0,2,3436.0,53691294.60000005
2025-08-01 11:53:14 AM,1718.1,7,12026.699999999999,53703321.30000006
2025-08-01 11:53:36 AM,1719.0,0,0.0,53703321.30000006
2025-08-01 11:53:39 AM,1719.0,45,77355.0,53780676.30000006
2025-08-01 11:53:45 AM,1718.0,0,0.0,53780676.30000006
2025-08-01 11:53:49 AM,1718.0,2,3436.0,53784112.30000006
2025-08-01 11:54:14 AM,1718.1,0,0.0,53784112.30000006
2025-08-01 11:54:14 AM,1718.1,7,12026.699999999999,53796139.00000006
2025-08-01 11:54:40 AM,1718.0,67,115106.0,53911245.00000006
2025-08-01 11:54:50 AM,1717.8,0,0.0,53911245.00000006
2025-08-01 11:54:50 AM,1717.8,2,3435.6,53914680.60000006
2025-08-01 11:54:58 AM,1717.6,1,1717.6,53916398.20000006
2025-08-01 11:55:09 AM,1717.2,0,0.0,53916398.20000006
2025-08-01 11:55:10 AM,1717.2,12,20606.4,53937004.60000006
2025-08-01 11:55:26 AM,1717.2,7,12020.4,53949025.00000006
2025-08-01 11:55:31 AM,1717.6,0,0.0,53949025.00000006
2025-08-01 11:55:31 AM,1717.6,1,1717.6,53950742.60000006
2025-08-01 11:55:33 AM,1717.2,31,53233.200000000004,54003975.800000064
2025-08-01 11:55:35 AM,1716.1,0,0.0,54003975.800000064
2025-08-01 11:55:35 AM,1716.1,5,8580.5,54012556.300000064
2025-08-01 11:55:40 AM,1716.1,1,1716.1,54014272.400000066
2025-08-01 11:55:49 AM,1716.2,1,1716.2,54015988.60000007
2025-08-01 11:55:54 AM,1716.3,4,6865.2,54022853.80000007
2025-08-01 11:56:13 AM,1716.2,0,0.0,54022853.80000007
2025-08-01 11:56:15 AM,1716.2,20,34324.0,54057177.80000007
2025-08-01 11:56:17 AM,1715.5,0,0.0,54057177.80000007
2025-08-01 11:56:21 AM,1715.5,14,24017.0,54081194.80000007
2025-08-01 11:56:22 AM,1715.1,1,1715.1,54082909.90000007
2025-08-01 11:56:54 AM,1715.5,0,0.0,54082909.90000007
2025-08-01 11:56:56 AM,1715.5,1,1715.5,54084625.40000007
2025-08-01 11:56:57 AM,1715.5,1,1715.5,54086340.90000007
2025-08-01 11:57:31 AM,1715.5,30,51465.0,54137805.90000007
2025-08-01 11:57:36 AM,1715.5,5,8577.5,54146383.40000007
2025-08-01 11:57:41 AM,1715.5,50,85775.0,54232158.40000007
2025-08-01 11:57:51 AM,1715.5,10,17155.0,54249313.40000007
2025-08-01 11:58:39 AM,1715.6,6,10293.599999999999,54259607.000000075
2025-08-01 11:58:56 AM,1715.0,0,0.0,54259607.000000075
2025-08-01 11:58:56 AM,1715.0,72,123480.0,54383087.000000075
2025-08-01 11:59:01 AM,1714.1,1,1714.1,54384801.100000076
2025-08-01 11:59:05 AM,1714.1,6,10284.599999999999,54395085.70000008
2025-08-01 11:59:10 AM,1714.2,0,0.0,54395085.70000008
2025-08-01 11:59:11 AM,1715.5,75,128662.5,54523748.20000008
2025-08-01 11:59:27 AM,1715.6,1,1715.6,54525463.80000008
2025-08-01 11:59:30 AM,1717.6,0,0.0,54525463.80000008
2025-08-01 11:59:30 AM,1717.6,95,163172.0,54688635.80000008
2025-08-01 11:59:36 AM,1718.6,0,0.0,54688635.80000008
2025-08-01 11:59:38 AM,1720.0,101,173720.0,54862355.80000008
2025-08-01 11:59:47 AM,1719.5,5,8597.5,54870953.30000008
2025-08-01 12:00:02 PM,1719.4,1,1719.4,54872672.70000008
2025-08-01 12:00:35 PM,1719.5,0,0.0,54872672.70000008
2025-08-01 12:00:35 PM,1719.5,16,27512.0,54900184.70000008
2025-08-01 12:01:14 PM,1719.8,0,0.0,54900184.70000008
2025-08-01 12:01:15 PM,1719.8,8,13758.4,54913943.100000076
2025-08-01 12:01:21 PM,1720.4,0,0.0,54913943.100000076
2025-08-01 12:01:22 PM,1720.4,1,1720.4,54915663.500000075
2025-08-01 12:01:43 PM,1720.5,20,34410.0,54950073.500000075
2025-08-01 12:02:06 PM,1721.4,0,0.0,54950073.500000075
2025-08-01 12:02:07 PM,1721.4,60,103284.0,55053357.500000075
2025-08-01 12:02:20 PM,1721.3,0,0.0,55053357.500000075
2025-08-01 12:02:21 PM,1719.0,0,0.0,55053357.500000075
2025-08-01 12:02:22 PM,1719.0,244,419436.0,55472793.500000075
2025-08-01 12:02:36 PM,1716.6,0,0.0,55472793.500000075
2025-08-01 12:02:37 PM,1716.6,1,1716.6,55474510.100000076
2025-08-01 12:03:29 PM,1716.6,33,56647.799999999996,55531157.90000007
2025-08-01 12:03:43 PM,1718.1,0,0.0,55531157.90000007
2025-08-01 12:03:44 PM,1718.1,9,15462.9,55546620.80000007
2025-08-01 12:04:26 PM,1718.2,104,178692.80000000002,55725313.60000007
2025-08-01 12:05:08 PM,1719.4,0,0.0,55725313.60000007
2025-08-01 12:05:10 PM,1719.4,1,1719.4,55727033.00000007
2025-08-01 12:06:06 PM,1719.4,5,8597.0,55735630.00000007
2025-08-01 12:06:10 PM,1718.7,0,0.0,55735630.00000007
2025-08-01 12:06:11 PM,1718.7,1,1718.7,55737348.70000007
2025-08-01 12:06:20 PM,1719.4,15,25791.0,55763139.70000007
2025-08-01 12:06:35 PM,1719.4,12,20632.800000000003,55783772.50000007
2025-08-01 12:06:38 PM,1719.5,0,0.0,55783772.50000007
2025-08-01 12:06:39 PM,1719.5,6,10317.0,55794089.50000007
2025-08-01 12:07:09 PM,1719.5,2,3439.0,55797528.50000007
2025-08-01 12:07:12 PM,1719.4,0,0.0,55797528.50000007
2025-08-01 12:07:15 PM,1719.4,10,17194.0,55814722.50000007
2025-08-01 12:07:44 PM,1719.5,0,0.0,55814722.50000007
2025-08-01 12:07:45 PM,1719.5,2,3439.0,55818161.50000007
2025-08-01 12:08:10 PM,1719.5,1,1719.5,55819881.00000007
2025-08-01 12:08:15 PM,1719.6,2,3439.2,55823320.20000007
2025-08-01 12:08:26 PM,1718.7,0,0.0,55823320.20000007
2025-08-01 12:08:26 PM,1718.7,52,89372.40000000001,55912692.60000007
2025-08-01 12:08:40 PM,1718.2,0,0.0,55912692.60000007
2025-08-01 12:08:40 PM,1718.2,6,10309.2,55923001.80000007
2025-08-01 12:09:22 PM,1719.0,0,0.0,55923001.80000007
2025-08-01 12:09:25 PM,1719.0,4,6876.0,55929877.80000007
2025-08-01 12:09:42 PM,1718.1,0,0.0,55929877.80000007
2025-08-01 12:09:45 PM,1718.1,100,171810.0,56101687.80000007
2025-08-01 12:10:14 PM,1719.6,0,0.0,56101687.80000007
2025-08-01 12:10:15 PM,1719.6,25,42990.0,56144677.80000007
2025-08-01 12:10:36 PM,1719.8,0,0.0,56144677.80000007
2025-08-01 12:10:36 PM,1719.6,0,0.0,56144677.80000007
2025-08-01 12:10:40 PM,1719.6,54,92858.4,56237536.20000007
2025-08-01 12:10:50 PM,1718.1,45,77314.5,56314850.70000007
2025-08-01 12:10:56 PM,1718.9,0,0.0,56314850.70000007
2025-08-01 12:11:00 PM,1719.1,14,24067.399999999998,56338918.10000007
2025-08-01 12:11:18 PM,1717.1,0,0.0,56338918.10000007
2025-08-01 12:11:20 PM,1717.1,979,1681040.9,58019959.00000007
2025-08-01 12:11:38 PM,1716.1,0,0.0,58019959.00000007
2025-08-01 12:11:39 PM,1716.1,1,1716.1,58021675.10000007
2025-08-01 12:12:18 PM,1717.3,0,0.0,58021675.10000007
2025-08-01 12:12:18 PM,1717.3,1,1717.3,58023392.400000066
2025-08-01 12:12:44 PM,1716.6,20,34332.0,58057724.400000066
2025-08-01 12:12:49 PM,1719.2,117,201146.4,58258870.800000064
2025-08-01 12:13:04 PM,1720.9,0,0.0,58258870.800000064
2025-08-01 12:13:05 PM,1720.9,5,8604.5,58267475.300000064
2025-08-01 12:13:26 PM,1720.7,0,0.0,58267475.300000064
2025-08-01 12:13:29 PM,1720.7,10,17207.0,58284682.300000064
2025-08-01 12:13:46 PM,1721.0,0,0.0,58284682.300000064
2025-08-01 12:13:49 PM,1721.0,2,3442.0,58288124.300000064
2025-08-01 12:13:58 PM,1722.4,0,0.0,58288124.300000064
2025-08-01 12:13:59 PM,1722.4,100,172240.0,58460364.300000064
2025-08-01 12:14:18 PM,1720.9,0,0.0,58460364.300000064
2025-08-01 12:14:19 PM,1720.9,5,8604.5,58468968.800000064
2025-08-01 12:16:42 PM,1720.2,0,0.0,58468968.800000064
2025-08-01 12:16:44 PM,1720.8,0,0.0,58468968.800000064
2025-08-01 12:16:44 PM,1720.8,37,63669.6,58532638.400000066
2025-08-01 12:17:09 PM,1720.2,2,3440.4,58536078.800000064
2025-08-01 12:19:14 PM,1720.0,0,0.0,58536078.800000064
2025-08-01 12:19:16 PM,1719.0,0,0.0,58536078.800000064
2025-08-01 12:19:17 PM,1719.0,72,123768.0,58659846.800000064
2025-08-01 12:19:26 PM,1718.1,0,0.0,58659846.800000064
2025-08-01 12:19:27 PM,1718.1,1,1718.1,58661564.900000066
2025-08-01 12:19:33 PM,1717.3,0,0.0,58661564.900000066
2025-08-01 12:19:37 PM,1717.3,8,13738.4,58675303.300000064
2025-08-01 12:19:45 PM,1716.7,0,0.0,58675303.300000064
2025-08-01 12:19:47 PM,1716.7,2,3433.4,58678736.70000006
2025-08-01 12:19:48 PM,1714.0,0,0.0,58678736.70000006
2025-08-01 12:19:52 PM,1714.0,80,137120.0,58815856.70000006
2025-08-01 12:19:57 PM,1714.0,50,85700.0,58901556.70000006
2025-08-01 12:19:59 PM,1713.8,0,0.0,58901556.70000006
2025-08-01 12:20:02 PM,1713.8,4,6855.2,58908411.900000066
2025-08-01 12:20:51 PM,1714.6,0,0.0,58908411.900000066
2025-08-01 12:20:54 PM,1714.6,10,17146.0,58925557.900000066
2025-08-01 12:21:14 PM,1714.0,0,0.0,58925557.900000066
2025-08-01 12:21:15 PM,1714.0,4,6856.0,58932413.900000066
2025-08-01 12:22:14 PM,1714.0,1,1714.0,58934127.900000066
2025-08-01 12:22:30 PM,1714.0,5,8570.0,58942697.900000066
2025-08-01 12:22:34 PM,1714.0,5,8570.0,58951267.900000066
2025-08-01 12:22:38 PM,1713.9,0,0.0,58951267.900000066
2025-08-01 12:22:40 PM,1713.9,2,3427.8,58954695.70000006
2025-08-01 12:22:57 PM,1714.0,0,0.0,58954695.70000006
2025-08-01 12:22:59 PM,1714.0,85,145690.0,59100385.70000006
2025-08-01 12:23:17 PM,1715.0,0,0.0,59100385.70000006
2025-08-01 12:23:19 PM,1715.0,301,516215.0,59616600.70000006
2025-08-01 12:23:33 PM,1713.9,0,0.0,59616600.70000006
2025-08-01 12:23:33 PM,1713.9,168,287935.2,59904535.900000066
2025-08-01 12:23:34 PM,1713.9,5,8569.5,59913105.400000066
2025-08-01 12:24:10 PM,1713.1,0,0.0,59913105.400000066
2025-08-01 12:24:12 PM,1713.8,0,0.0,59913105.400000066
2025-08-01 12:24:14 PM,1713.8,55,94259.0,60007364.400000066
2025-08-01 12:24:29 PM,1713.2,1,1713.2,60009077.60000007
2025-08-01 12:24:51 PM,1713.9,0,0.0,60009077.60000007
2025-08-01 12:24:53 PM,1713.9,4,6855.6,60015933.20000007
2025-08-01 12:24:55 PM,1717.7,0,0.0,60015933.20000007
2025-08-01 12:24:58 PM,1717.7,252,432860.4,60448793.60000007
2025-08-01 12:25:09 PM,1715.4,0,0.0,60448793.60000007
2025-08-01 12:25:13 PM,1715.4,20,34308.0,60483101.60000007
2025-08-01 12:26:02 PM,1716.1,0,0.0,60483101.60000007
2025-08-01 12:26:03 PM,1716.1,5,8580.5,60491682.10000007
2025-08-01 12:26:25 PM,1715.6,0,0.0,60491682.10000007
2025-08-01 12:26:29 PM,1715.6,7,12009.199999999999,60503691.30000007
2025-08-01 12:26:31 PM,1715.8,0,0.0,60503691.30000007
2025-08-01 12:26:34 PM,1715.8,10,17158.0,60520849.30000007
2025-08-01 12:27:35 PM,1715.0,10,17150.0,60537999.30000007
2025-08-01 12:28:00 PM,1714.1,0,0.0,60537999.30000007
2025-08-01 12:28:03 PM,1714.1,4,6856.4,60544855.70000007
2025-08-01 12:28:23 PM,1715.1,0,0.0,60544855.70000007
2025-08-01 12:28:23 PM,1715.1,4,6860.4,60551716.10000007
2025-08-01 12:28:34 PM,1715.0,0,0.0,60551716.10000007
2025-08-01 12:28:34 PM,1715.0,30,51450.0,60603166.10000007
2025-08-01 12:28:46 PM,1714.8,0,0.0,60603166.10000007
2025-08-01 12:28:48 PM,1714.8,10,17148.0,60620314.10000007
2025-08-01 12:29:31 PM,1714.8,3,5144.4,60625458.50000007
2025-08-01 12:29:32 PM,1714.0,0,0.0,60625458.50000007
2025-08-01 12:29:33 PM,1714.0,41,70274.0,60695732.50000007
2025-08-01 12:30:00 PM,1714.0,50,85700.0,60781432.50000007
2025-08-01 12:30:10 PM,1714.1,20,34282.0,60815714.50000007
2025-08-01 12:30:16 PM,1711.0,0,0.0,60815714.50000007
2025-08-01 12:30:17 PM,1712.0,422,722464.0,61538178.50000007
2025-08-01 12:30:20 PM,1712.4,15,25686.0,61563864.50000007
2025-08-01 12:30:23 PM,1712.4,2,3424.8,61567289.300000064
2025-08-01 12:30:30 PM,1711.5,0,0.0,61567289.300000064
2025-08-01 12:30:31 PM,1711.5,1,1711.5,61569000.800000064
2025-08-01 12:30:38 PM,1712.8,0,0.0,61569000.800000064
2025-08-01 12:30:39 PM,1712.8,6,10276.8,61579277.60000006
2025-08-01 12:30:42 PM,1712.1,0,0.0,61579277.60000006
2025-08-01 12:30:44 PM,1712.1,1,1712.1,61580989.70000006
2025-08-01 12:30:48 PM,1713.3,0,0.0,61580989.70000006
2025-08-01 12:30:49 PM,1713.3,1,1713.3,61582703.00000006
2025-08-01 12:31:14 PM,1714.4,0,0.0,61582703.00000006
2025-08-01 12:31:14 PM,1714.4,40,68576.0,61651279.00000006
2025-08-01 12:31:30 PM,1714.6,0,0.0,61651279.00000006
2025-08-01 12:31:31 PM,1714.6,20,34292.0,61685571.00000006
2025-08-01 12:31:40 PM,1714.2,0,0.0,61685571.00000006
2025-08-01 12:31:41 PM,1714.2,1,1714.2,61687285.20000006
2025-08-01 12:32:08 PM,1715.0,4,6860.0,61694145.20000006
2025-08-01 12:32:24 PM,1715.4,0,0.0,61694145.20000006
2025-08-01 12:32:24 PM,1715.4,71,121793.40000000001,61815938.60000006
2025-08-01 12:32:28 PM,1718.1,0,0.0,61815938.60000006
2025-08-01 12:32:29 PM,1718.1,20,34362.0,61850300.60000006
2025-08-01 12:33:02 PM,1721.8,0,0.0,61850300.60000006
2025-08-01 12:33:03 PM,1721.8,3,5165.4,61855466.00000006
2025-08-01 12:33:04 PM,1722.0,2,3444.0,61858910.00000006
2025-08-01 12:33:09 PM,1721.9,4,6887.6,61865797.60000006
2025-08-01 12:33:26 PM,1722.9,0,0.0,61865797.60000006
2025-08-01 12:33:28 PM,1722.9,100,172290.0,62038087.60000006
2025-08-01 12:33:36 PM,1723.5,0,0.0,62038087.60000006
2025-08-01 12:33:39 PM,1723.5,78,134433.0,62172520.60000006
2025-08-01 12:33:58 PM,1721.9,0,0.0,62172520.60000006
2025-08-01 12:33:59 PM,1721.9,2,3443.8,62175964.40000006
2025-08-01 12:34:04 PM,1721.6,1,1721.6,62177686.00000006
2025-08-01 12:34:44 PM,1721.9,0,0.0,62177686.00000006
2025-08-01 12:34:45 PM,1721.9,20,34438.0,62212124.00000006
2025-08-01 12:35:18 PM,1719.1,0,0.0,62212124.00000006
2025-08-01 12:35:21 PM,1719.1,100,171910.0,62384034.00000006
2025-08-01 12:35:38 PM,1718.6,0,0.0,62384034.00000006
2025-08-01 12:35:40 PM,1718.6,5,8593.0,62392627.00000006
2025-08-01 12:35:50 PM,1718.1,0,0.0,62392627.00000006
2025-08-01 12:35:52 PM,1718.1,1,1718.1,62394345.10000006
2025-08-01 12:35:54 PM,1717.6,0,0.0,62394345.10000006
2025-08-01 12:35:57 PM,1717.6,1,1717.6,62396062.70000006
2025-08-01 12:36:10 PM,1715.1,0,0.0,62396062.70000006
2025-08-01 12:36:13 PM,1715.1,124,212672.4,62608735.10000006
2025-08-01 12:36:49 PM,1715.7,1,1715.7,62610450.800000064
2025-08-01 12:36:53 PM,1715.9,0,0.0,62610450.800000064
2025-08-01 12:36:54 PM,1715.9,10,17159.0,62627609.800000064
2025-08-01 12:37:14 PM,1715.9,21,36033.9,62663643.70000006
2025-08-01 12:37:21 PM,1716.0,0,0.0,62663643.70000006
2025-08-01 12:37:24 PM,1716.0,9,15444.0,62679087.70000006
2025-08-01 12:37:35 PM,1717.3,0,0.0,62679087.70000006
2025-08-01 12:37:38 PM,1717.3,5,8586.5,62687674.20000006
2025-08-01 12:37:57 PM,1717.2,0,0.0,62687674.20000006
2025-08-01 12:37:59 PM,1717.2,3,5151.6,62692825.800000064
2025-08-01 12:38:05 PM,1715.9,0,0.0,62692825.800000064
2025-08-01 12:38:09 PM,1715.9,4,6863.6,62699689.400000066
2025-08-01 12:39:00 PM,1716.5,0,0.0,62699689.400000066
2025-08-01 12:39:02 PM,1716.5,39,66943.5,62766632.900000066
2025-08-01 12:40:16 PM,1713.8,0,0.0,62766632.900000066
2025-08-01 12:40:18 PM,1713.8,199,341046.2,63107679.10000007
2025-08-01 12:40:20 PM,1713.5,0,0.0,63107679.10000007
2025-08-01 12:40:23 PM,1713.5,1,1713.5,63109392.60000007
2025-08-01 12:41:02 PM,1713.6,0,0.0,63109392.60000007
2025-08-01 12:41:04 PM,1713.6,10,17136.0,63126528.60000007
2025-08-01 12:41:54 PM,1713.7,0,0.0,63126528.60000007
2025-08-01 12:41:56 PM,1713.0,0,0.0,63126528.60000007
2025-08-01 12:41:56 PM,1713.0,132,226116.0,63352644.60000007
2025-08-01 12:42:22 PM,1711.0,0,0.0,63352644.60000007
2025-08-01 12:42:22 PM,1711.0,24,41064.0,63393708.60000007
2025-08-01 12:42:39 PM,1711.0,20,34220.0,63427928.60000007
2025-08-01 12:43:26 PM,1711.0,20,34220.0,63462148.60000007
2025-08-01 12:43:36 PM,1712.0,0,0.0,63462148.60000007
2025-08-01 12:43:37 PM,1712.0,35,59920.0,63522068.60000007
2025-08-01 12:43:48 PM,1712.0,25,42800.0,63564868.60000007
2025-08-01 12:44:56 PM,1711.0,0,0.0,63564868.60000007
2025-08-01 12:44:57 PM,1711.0,5,8555.0,63573423.60000007
2025-08-01 12:45:02 PM,1711.8,0,0.0,63573423.60000007
2025-08-01 12:45:02 PM,1711.8,1,1711.8,63575135.400000066
2025-08-01 12:45:29 PM,1711.8,5,8559.0,63583694.400000066
2025-08-01 12:45:36 PM,1710.8,0,0.0,63583694.400000066
2025-08-01 12:45:39 PM,1710.8,165,282282.0,63865976.400000066
2025-08-01 12:45:56 PM,1711.0,0,0.0,63865976.400000066
2025-08-01 12:45:59 PM,1711.0,35,59885.0,63925861.400000066
2025-08-01 12:46:12 PM,1710.9,0,0.0,63925861.400000066
2025-08-01 12:46:13 PM,1710.9,5,8554.5,63934415.900000066
2025-08-01 12:46:44 PM,1711.0,0,0.0,63934415.900000066
2025-08-01 12:46:44 PM,1711.0,59,100949.0,64035364.900000066
2025-08-01 12:47:38 PM,1711.1,0,0.0,64035364.900000066
2025-08-01 12:47:40 PM,1711.1,10,17111.0,64052475.900000066
2025-08-01 12:47:55 PM,1711.1,10,17111.0,64069586.900000066
2025-08-01 12:48:06 PM,1710.6,50,85530.0,64155116.900000066
2025-08-01 12:49:12 PM,1710.0,0,0.0,64155116.900000066
2025-08-01 12:49:15 PM,1710.0,99,169290.0,64324406.900000066
2025-08-01 12:49:20 PM,1710.0,25,42750.0,64367156.900000066
2025-08-01 12:49:28 PM,1709.9,0,0.0,64367156.900000066
2025-08-01 12:49:30 PM,1709.9,1,1709.9,64368866.800000064
2025-08-01 12:49:32 PM,1709.0,0,0.0,64368866.800000064
2025-08-01 12:49:34 PM,1709.0,15,25635.0,64394501.800000064
2025-08-01 12:49:49 PM,1709.0,60,102540.0,64497041.800000064
2025-08-01 12:49:54 PM,1710.1,0,0.0,64497041.800000064
2025-08-01 12:49:55 PM,1710.2,70,119714.0,64616755.800000064
2025-08-01 12:49:59 PM,1713.1,87,149039.69999999998,64765795.50000007
2025-08-01 12:50:10 PM,1712.0,0,0.0,64765795.50000007
2025-08-01 12:50:11 PM,1712.0,10,17120.0,64782915.50000007
2025-08-01 12:50:26 PM,1712.0,44,75328.0,64858243.50000007
2025-08-01 12:50:36 PM,1712.1,0,0.0,64858243.50000007
2025-08-01 12:50:36 PM,1712.1,1,1712.1,64859955.60000007
2025-08-01 12:51:19 PM,1711.3,14,23958.2,64883913.80000007
2025-08-01 12:51:22 PM,1711.1,0,0.0,64883913.80000007
2025-08-01 12:51:23 PM,1711.1,52,88977.2,64972891.000000075
2025-08-01 12:52:02 PM,1711.3,0,0.0,64972891.000000075
2025-08-01 12:52:02 PM,1711.3,27,46205.1,65019096.100000076
2025-08-01 12:52:38 PM,1712.7,131,224363.7,65243459.80000008
2025-08-01 12:52:40 PM,1712.1,0,0.0,65243459.80000008
2025-08-01 12:52:42 PM,1712.1,12,20545.199999999997,65264005.00000008
2025-08-01 12:52:46 PM,1713.4,0,0.0,65264005.00000008
2025-08-01 12:52:47 PM,1713.4,3,5140.200000000001,65269145.200000085
2025-08-01 12:54:04 PM,1713.5,0,0.0,65269145.200000085
2025-08-01 12:54:07 PM,1713.5,59,101096.5,65370241.700000085
2025-08-01 12:54:20 PM,1712.6,0,0.0,65370241.700000085
2025-08-01 12:54:22 PM,1712.6,20,34252.0,65404493.700000085
2025-08-01 12:54:56 PM,1713.2,0,0.0,65404493.700000085
2025-08-01 12:54:59 PM,1713.2,2,3426.4,65407920.10000008
2025-08-01 12:55:48 PM,1713.4,0,0.0,65407920.10000008
2025-08-01 12:55:50 PM,1713.4,207,354673.80000000005,65762593.90000008
2025-08-01 12:55:55 PM,1713.4,5,8567.0,65771160.90000008
2025-08-01 12:56:06 PM,1714.0,0,0.0,65771160.90000008
2025-08-01 12:56:10 PM,1714.0,1,1714.0,65772874.90000008
2025-08-01 12:56:44 PM,1714.2,0,0.0,65772874.90000008
2025-08-01 12:56:45 PM,1714.2,25,42855.0,65815729.90000008
2025-08-01 12:58:08 PM,1712.6,0,0.0,65815729.90000008
2025-08-01 12:58:10 PM,1712.6,21,35964.6,65851694.50000008
2025-08-01 12:59:10 PM,1712.1,0,0.0,65851694.50000008
2025-08-01 12:59:11 PM,1712.1,20,34242.0,65885936.50000008
2025-08-01 01:00:35 PM,1713.3,0,0.0,65885936.50000008
2025-08-01 01:00:39 PM,1713.3,15,25699.5,65911636.00000008
2025-08-01 01:00:57 PM,1713.4,0,0.0,65911636.00000008
2025-08-01 01:01:00 PM,1713.4,33,56542.200000000004,65968178.200000085
2025-08-01 01:01:26 PM,1713.4,5,8567.0,65976745.200000085
2025-08-01 01:01:27 PM,1715.0,0,0.0,65976745.200000085
2025-08-01 01:01:28 PM,1715.0,90,154350.0,66131095.200000085
2025-08-01 01:03:06 PM,1712.9,10,17129.0,66148224.200000085
2025-08-01 01:03:21 PM,1711.1,0,0.0,66148224.200000085
2025-08-01 01:03:21 PM,1711.1,196,335375.6,66483599.80000009
2025-08-01 01:03:22 PM,1710.4,25,42760.0,66526359.80000009
2025-08-01 01:03:29 PM,1712.3,0,0.0,66526359.80000009
2025-08-01 01:03:31 PM,1712.3,12,20547.6,66546907.40000009
2025-08-01 01:03:51 PM,1710.1,0,0.0,66546907.40000009
2025-08-01 01:03:51 PM,1710.1,125,213762.5,66760669.90000009
2025-08-01 01:03:53 PM,1712.3,0,0.0,66760669.90000009
2025-08-01 01:03:56 PM,1712.3,2,3424.6,66764094.50000009
2025-08-01 01:05:46 PM,1712.5,20,34250.0,66798344.50000009
2025-08-01 01:05:59 PM,1713.2,0,0.0,66798344.50000009
2025-08-01 01:06:00 PM,1713.2,63,107931.6,66906276.10000009
2025-08-01 01:06:13 PM,1714.5,0,0.0,66906276.10000009
2025-08-01 01:06:15 PM,1714.5,50,85725.0,66992001.10000009
2025-08-01 01:06:37 PM,1714.5,31,53149.5,67045150.60000009
2025-08-01 01:06:53 PM,1714.5,5,8572.5,67053723.10000009
2025-08-01 01:07:18 PM,1716.0,103,176748.0,67230471.10000008
2025-08-01 01:07:18 PM,1717.1,0,0.0,67230471.10000008
2025-08-01 01:07:20 PM,1716.6,0,0.0,67230471.10000008
2025-08-01 01:07:22 PM,1715.4,0,0.0,67230471.10000008
2025-08-01 01:07:22 PM,1715.4,22,37738.8,67268209.90000008
2025-08-01 01:07:27 PM,1715.4,7,12007.800000000001,67280217.70000008
2025-08-01 01:08:22 PM,1715.3,0,0.0,67280217.70000008
2025-08-01 01:08:24 PM,1715.3,20,34306.0,67314523.70000008
2025-08-01 01:08:32 PM,1715.2,0,0.0,67314523.70000008
2025-08-01 01:08:34 PM,1715.2,8,13721.6,67328245.30000007
2025-08-01 01:09:18 PM,1715.5,15,25732.5,67353977.80000007
2025-08-01 01:10:46 PM,1716.4,0,0.0,67353977.80000007
2025-08-01 01:10:46 PM,1716.4,10,17164.0,67371141.80000007
2025-08-01 01:11:06 PM,1716.4,50,85820.0,67456961.80000007
2025-08-01 01:11:08 PM,1716.3,0,0.0,67456961.80000007
2025-08-01 01:11:09 PM,1716.3,10,17163.0,67474124.80000007
2025-08-01 01:11:19 PM,1716.1,2,3432.2,67477557.00000007
2025-08-01 01:13:42 PM,1715.6,0,0.0,67477557.00000007
2025-08-01 01:13:42 PM,1715.6,10,17156.0,67494713.00000007
2025-08-01 01:13:55 PM,1715.0,0,0.0,67494713.00000007
2025-08-01 01:13:56 PM,1715.0,2,3430.0,67498143.00000007
2025-08-01 01:14:00 PM,1715.0,54,92610.0,67590753.00000007
2025-08-01 01:14:18 PM,1715.0,1,1715.0,67592468.00000007
2025-08-01 01:15:10 PM,1715.0,31,53165.0,67645633.00000007
2025-08-01 01:15:16 PM,1715.1,0,0.0,67645633.00000007
2025-08-01 01:15:17 PM,1715.1,1,1715.1,67647348.10000007
2025-08-01 01:15:37 PM,1715.0,20,34300.0,67681648.10000007
2025-08-01 01:16:33 PM,1715.0,2,3430.0,67685078.10000007
2025-08-01 01:16:43 PM,1715.0,2,3430.0,67688508.10000007
2025-08-01 01:16:54 PM,1714.1,0,0.0,67688508.10000007
2025-08-01 01:16:54 PM,1714.9,0,0.0,67688508.10000007
2025-08-01 01:16:56 PM,1714.9,16,27438.4,67715946.50000007
2025-08-01 01:16:58 PM,1714.1,0,0.0,67715946.50000007
2025-08-01 01:17:01 PM,1714.1,1,1714.1,67717660.60000007
2025-08-01 01:17:02 PM,1714.9,0,0.0,67717660.60000007
2025-08-01 01:17:02 PM,1714.9,10,17149.0,67734809.60000007
2025-08-01 01:17:42 PM,1714.8,0,0.0,67734809.60000007
2025-08-01 01:17:42 PM,1714.8,2,3429.6,67738239.20000006
2025-08-01 01:18:07 PM,1714.8,2,3429.6,67741668.80000006
2025-08-01 01:18:23 PM,1715.0,33,56595.0,67798263.80000006
2025-08-01 01:18:24 PM,1715.0,14,24010.0,67822273.80000006
2025-08-01 01:18:42 PM,1716.0,0,0.0,67822273.80000006
2025-08-01 01:18:42 PM,1716.0,30,51480.0,67873753.80000006
2025-08-01 01:19:12 PM,1715.9,0,0.0,67873753.80000006
2025-08-01 01:19:13 PM,1715.9,20,34318.0,67908071.80000006
2025-08-01 01:20:06 PM,1715.0,0,0.0,67908071.80000006
2025-08-01 01:20:06 PM,1715.0,2,3430.0,67911501.80000006
2025-08-01 01:20:16 PM,1715.8,0,0.0,67911501.80000006
2025-08-01 01:20:17 PM,1715.8,5,8579.0,67920080.80000006
2025-08-01 01:20:20 PM,1716.0,0,0.0,67920080.80000006
2025-08-01 01:20:22 PM,1716.0,25,42900.0,67962980.80000006
2025-08-01 01:20:30 PM,1715.0,0,0.0,67962980.80000006
2025-08-01 01:20:32 PM,1715.0,1,1715.0,67964695.80000006
2025-08-01 01:20:47 PM,1715.0,182,312130.0,68276825.80000006
2025-08-01 01:22:34 PM,1712.0,0,0.0,68276825.80000006
2025-08-01 01:22:37 PM,1712.0,8,13696.0,68290521.80000006
2025-08-01 01:22:44 PM,1712.9,0,0.0,68290521.80000006
2025-08-01 01:22:46 PM,1712.9,20,34258.0,68324779.80000006
2025-08-01 01:23:02 PM,1712.1,0,0.0,68324779.80000006
2025-08-01 01:23:05 PM,1712.1,1,1712.1,68326491.90000005
2025-08-01 01:23:08 PM,1712.0,0,0.0,68326491.90000005
2025-08-01 01:23:09 PM,1712.0,20,34240.0,68360731.90000005
2025-08-01 01:23:42 PM,1712.5,0,0.0,68360731.90000005
2025-08-01 01:23:43 PM,1712.5,22,37675.0,68398406.90000005
2025-08-01 01:24:07 PM,1712.5,2,3425.0,68401831.90000005
2025-08-01 01:24:40 PM,1712.5,17,29112.5,68430944.40000005
2025-08-01 01:25:49 PM,1712.6,0,0.0,68430944.40000005
2025-08-01 01:25:49 PM,1712.6,10,17126.0,68448070.40000005
2025-08-01 01:26:04 PM,1712.5,46,78775.0,68526845.40000005
2025-08-01 01:26:21 PM,1712.0,0,0.0,68526845.40000005
2025-08-01 01:26:24 PM,1712.0,2,3424.0,68530269.40000005
2025-08-01 01:26:40 PM,1712.7,0,0.0,68530269.40000005
2025-08-01 01:26:43 PM,1713.2,0,0.0,68530269.40000005
2025-08-01 01:26:44 PM,1713.2,53,90799.6,68621069.00000004
2025-08-01 01:26:47 PM,1712.9,0,0.0,68621069.00000004
2025-08-01 01:26:49 PM,1712.9,1,1712.9,68622781.90000005
2025-08-01 01:27:07 PM,1713.9,0,0.0,68622781.90000005
2025-08-01 01:27:08 PM,1713.9,45,77125.5,68699907.40000005
2025-08-01 01:27:09 PM,1713.9,25,42847.5,68742754.90000005
2025-08-01 01:27:11 PM,1713.5,0,0.0,68742754.90000005
2025-08-01 01:27:13 PM,1713.5,1,1713.5,68744468.40000005
2025-08-01 01:27:28 PM,1713.6,11,18849.6,68763318.00000004
2025-08-01 01:27:32 PM,1713.6,10,17136.0,68780454.00000004
2025-08-01 01:27:33 PM,1713.5,0,0.0,68780454.00000004
2025-08-01 01:27:37 PM,1713.5,2,3427.0,68783881.00000004
2025-08-01 01:27:53 PM,1714.0,0,0.0,68783881.00000004
2025-08-01 01:27:57 PM,1714.0,88,150832.0,68934713.00000004
2025-08-01 01:28:04 PM,1713.3,0,0.0,68934713.00000004
2025-08-01 01:28:07 PM,1713.3,15,25699.5,68960412.50000004
2025-08-01 01:28:16 PM,1713.7,0,0.0,68960412.50000004
2025-08-01 01:28:16 PM,1713.7,50,85685.0,69046097.50000004
2025-08-01 01:28:19 PM,1713.6,0,0.0,69046097.50000004
2025-08-01 01:28:21 PM,1713.6,19,32558.399999999998,69078655.90000005
2025-08-01 01:28:38 PM,1714.0,0,0.0,69078655.90000005
2025-08-01 01:28:41 PM,1714.0,12,20568.0,69099223.90000005
2025-08-01 01:29:18 PM,1715.2,0,0.0,69099223.90000005
2025-08-01 01:29:18 PM,1715.2,21,36019.200000000004,69135243.10000005
2025-08-01 01:29:24 PM,1715.0,0,0.0,69135243.10000005
2025-08-01 01:29:28 PM,1715.0,10,17150.0,69152393.10000005
2025-08-01 01:29:30 PM,1714.0,0,0.0,69152393.10000005
2025-08-01 01:29:33 PM,1714.0,72,123408.0,69275801.10000005
2025-08-01 01:29:47 PM,1712.8,1,1712.8,69277513.90000005
2025-08-01 01:29:58 PM,1712.7,0,0.0,69277513.90000005
2025-08-01 01:30:01 PM,1712.7,10,17127.0,69294640.90000005
2025-08-01 01:30:17 PM,1712.6,0,0.0,69294640.90000005
2025-08-01 01:30:17 PM,1712.6,31,53090.6,69347731.50000004
2025-08-01 01:30:48 PM,1712.9,0,0.0,69347731.50000004
2025-08-01 01:30:50 PM,1712.9,11,18841.9,69366573.40000005
2025-08-01 01:31:04 PM,1714.0,0,0.0,69366573.40000005
2025-08-01 01:31:05 PM,1714.0,89,152546.0,69519119.40000005
2025-08-01 01:32:10 PM,1712.6,0,0.0,69519119.40000005
2025-08-01 01:32:11 PM,1712.6,13,22263.8,69541383.20000005
2025-08-01 01:32:25 PM,1714.0,0,0.0,69541383.20000005
2025-08-01 01:32:26 PM,1714.0,87,149118.0,69690501.20000005
2025-08-01 01:32:42 PM,1712.1,0,0.0,69690501.20000005
2025-08-01 01:32:44 PM,1712.1,1,1712.1,69692213.30000004
2025-08-01 01:34:20 PM,1712.9,0,0.0,69692213.30000004
2025-08-01 01:34:21 PM,1712.9,1,1712.9,69693926.20000005
2025-08-01 01:34:50 PM,1712.0,20,34240.0,69728166.20000005
2025-08-01 01:35:38 PM,1711.9,51,87306.90000000001,69815473.10000005
2025-08-01 01:35:42 PM,1710.0,0,0.0,69815473.10000005
2025-08-01 01:35:42 PM,1710.0,108,184680.0,70000153.10000005
2025-08-01 01:36:12 PM,1711.4,10,17114.0,70017267.10000005
2025-08-01 01:36:13 PM,1711.4,15,25671.0,70042938.10000005
2025-08-01 01:36:16 PM,1711.5,0,0.0,70042938.10000005
2025-08-01 01:36:17 PM,1711.5,2,3423.0,70046361.10000005
2025-08-01 01:36:34 PM,1711.7,0,0.0,70046361.10000005
2025-08-01 01:36:36 PM,1711.7,25,42792.5,70089153.60000005
2025-08-01 01:36:50 PM,1711.5,7,11980.5,70101134.10000005
2025-08-01 01:37:06 PM,1711.4,0,0.0,70101134.10000005
2025-08-01 01:37:10 PM,1711.4,24,41073.600000000006,70142207.70000005
2025-08-01 01:37:30 PM,1711.4,1,1711.4,70143919.10000005
2025-08-01 01:38:16 PM,1710.0,133,227430.0,70371349.10000005
2025-08-01 01:38:21 PM,1709.9,0,0.0,70371349.10000005
2025-08-01 01:38:21 PM,1709.9,1,1709.9,70373059.00000006
2025-08-01 01:38:39 PM,1706.9,0,0.0,70373059.00000006
2025-08-01 01:38:43 PM,1706.9,121,206534.90000000002,70579593.90000007
2025-08-01 01:38:44 PM,1707.5,0,0.0,70579593.90000007
2025-08-01 01:38:48 PM,1708.0,0,0.0,70579593.90000007
2025-08-01 01:38:48 PM,1708.0,15,25620.0,70605213.90000007
2025-08-01 01:38:54 PM,1705.0,0,0.0,70605213.90000007
2025-08-01 01:38:54 PM,1705.0,222,378510.0,70983723.90000007
2025-08-01 01:39:10 PM,1705.0,20,34100.0,71017823.90000007
2025-08-01 01:39:11 PM,1704.1,125,213012.5,71230836.40000007
2025-08-01 01:39:14 PM,1704.4,0,0.0,71230836.40000007
2025-08-01 01:39:16 PM,1704.4,1,1704.4,71232540.80000007
2025-08-01 01:39:42 PM,1705.9,0,0.0,71232540.80000007
2025-08-01 01:39:44 PM,1705.8,0,0.0,71232540.80000007
2025-08-01 01:39:46 PM,1705.8,7,11940.6,71244481.40000007
2025-08-01 01:40:36 PM,1706.9,0,0.0,71244481.40000007
2025-08-01 01:40:37 PM,1706.9,3,5120.700000000001,71249602.10000007
2025-08-01 01:41:07 PM,1706.8,5,8534.0,71258136.10000007
2025-08-01 01:41:17 PM,1706.8,1,1706.8,71259842.90000007
2025-08-01 01:41:28 PM,1705.8,0,0.0,71259842.90000007
2025-08-01 01:41:31 PM,1705.8,11,18763.8,71278606.70000006
2025-08-01 01:41:36 PM,1704.8,0,0.0,71278606.70000006
2025-08-01 01:41:36 PM,1704.8,3,5114.4,71283721.10000007
2025-08-01 01:41:46 PM,1704.8,95,161956.0,71445677.10000007
2025-08-01 01:42:14 PM,1705.8,0,0.0,71445677.10000007
2025-08-01 01:42:15 PM,1705.8,8,13646.4,71459323.50000007
2025-08-01 01:42:48 PM,1706.3,0,0.0,71459323.50000007
2025-08-01 01:42:49 PM,1706.3,7,11944.1,71471267.60000007
2025-08-01 01:42:52 PM,1707.5,0,0.0,71471267.60000007
2025-08-01 01:42:54 PM,1707.5,50,85375.0,71556642.60000007
2025-08-01 01:43:10 PM,1707.1,0,0.0,71556642.60000007
2025-08-01 01:43:15 PM,1707.1,58,99011.79999999999,71655654.40000007
2025-08-01 01:43:49 PM,1706.6,2,3413.2,71659067.60000007
2025-08-01 01:44:04 PM,1706.5,8,13652.0,71672719.60000007
2025-08-01 01:44:10 PM,1704.8,0,0.0,71672719.60000007
2025-08-01 01:44:14 PM,1704.8,100,170480.0,71843199.60000007
2025-08-01 01:45:02 PM,1706.4,0,0.0,71843199.60000007
2025-08-01 01:45:04 PM,1706.4,43,73375.2,71916574.80000007
2025-08-01 01:45:16 PM,1705.1,0,0.0,71916574.80000007
2025-08-01 01:45:18 PM,1706.1,0,0.0,71916574.80000007
2025-08-01 01:45:19 PM,1706.1,11,18767.1,71935341.90000007
2025-08-01 01:45:30 PM,1705.3,0,0.0,71935341.90000007
2025-08-01 01:45:34 PM,1705.3,2,3410.6,71938752.50000006
2025-08-01 01:45:38 PM,1705.1,0,0.0,71938752.50000006
2025-08-01 01:45:39 PM,1705.1,2,3410.2,71942162.70000006
2025-08-01 01:45:44 PM,1705.1,1,1705.1,71943867.80000006
2025-08-01 01:45:53 PM,1705.1,3,5115.299999999999,71948983.10000005
2025-08-01 01:46:13 PM,1705.1,2,3410.2,71952393.30000006
2025-08-01 01:46:33 PM,1705.1,28,47742.799999999996,72000136.10000005
2025-08-01 01:46:48 PM,1705.1,12,20461.199999999997,72020597.30000006
2025-08-01 01:46:58 PM,1705.1,3,5115.299999999999,72025712.60000005
2025-08-01 01:47:03 PM,1705.1,5,8525.5,72034238.10000005
2025-08-01 01:47:26 PM,1703.1,0,0.0,72034238.10000005
2025-08-01 01:47:28 PM,1703.1,200,340620.0,72374858.10000005
2025-08-01 01:47:42 PM,1704.6,0,0.0,72374858.10000005
2025-08-01 01:47:44 PM,1702.1,201,342122.1,72716980.20000005
2025-08-01 01:48:00 PM,1702.2,0,0.0,72716980.20000005
2025-08-01 01:48:02 PM,1704.0,0,0.0,72716980.20000005
2025-08-01 01:48:03 PM,1704.0,100,170400.0,72887380.20000005
2025-08-01 01:48:26 PM,1704.2,0,0.0,72887380.20000005
2025-08-01 01:48:29 PM,1704.2,5,8521.0,72895901.20000005
2025-08-01 01:48:38 PM,1704.4,0,0.0,72895901.20000005
2025-08-01 01:48:39 PM,1704.4,5,8522.0,72904423.20000005
2025-08-01 01:48:53 PM,1704.4,5,8522.0,72912945.20000005
2025-08-01 01:51:34 PM,1704.3,20,34086.0,72947031.20000005
2025-08-01 01:51:48 PM,1704.3,10,17043.0,72964074.20000005
2025-08-01 01:52:34 PM,1704.4,0,0.0,72964074.20000005
2025-08-01 01:52:37 PM,1704.4,42,71584.8,73035659.00000004
2025-08-01 01:52:50 PM,1704.8,0,0.0,73035659.00000004
2025-08-01 01:52:51 PM,1704.8,5,8524.0,73044183.00000004
2025-08-01 01:54:09 PM,1704.8,25,42620.0,73086803.00000004
2025-08-01 01:54:14 PM,1704.3,0,0.0,73086803.00000004
2025-08-01 01:54:17 PM,1704.3,1,1704.3,73088507.30000004
2025-08-01 01:54:34 PM,1704.7,0,0.0,73088507.30000004
2025-08-01 01:54:36 PM,1704.7,1,1704.7,73090212.00000004
2025-08-01 01:54:43 PM,1704.3,0,0.0,73090212.00000004
2025-08-01 01:54:45 PM,1704.3,16,27268.8,73117480.80000004
2025-08-01 01:54:56 PM,1704.3,8,13634.4,73131115.20000005
2025-08-01 01:55:16 PM,1704.3,1,1704.3,73132819.50000004
2025-08-01 01:55:24 PM,1705.7,0,0.0,73132819.50000004
2025-08-01 01:55:25 PM,1705.7,99,168864.30000000002,73301683.80000004
2025-08-01 01:56:14 PM,1706.0,0,0.0,73301683.80000004
2025-08-01 01:56:15 PM,1706.0,1011,1724766.0,75026449.80000004
2025-08-01 01:57:08 PM,1707.2,0,0.0,75026449.80000004
2025-08-01 01:57:09 PM,1707.2,35,59752.0,75086201.80000004
2025-08-01 01:57:18 PM,1706.9,0,0.0,75086201.80000004
2025-08-01 01:57:20 PM,1706.9,15,25603.5,75111805.30000004
2025-08-01 01:58:03 PM,1706.9,50,85345.0,75197150.30000004
2025-08-01 01:58:08 PM,1706.9,60,102414.0,75299564.30000004
2025-08-01 01:58:20 PM,1706.0,0,0.0,75299564.30000004
2025-08-01 01:58:23 PM,1706.0,17,29002.0,75328566.30000004
2025-08-01 01:59:00 PM,1704.0,0,0.0,75328566.30000004
2025-08-01 01:59:00 PM,1703.2,0,0.0,75328566.30000004
2025-08-01 01:59:03 PM,1703.2,31,52799.200000000004,75381365.50000004
2025-08-01 01:59:10 PM,1702.9,0,0.0,75381365.50000004
2025-08-01 01:59:14 PM,1702.9,10,17029.0,75398394.50000004
2025-08-01 01:59:27 PM,1703.5,0,0.0,75398394.50000004
2025-08-01 01:59:29 PM,1703.5,5,8517.5,75406912.00000004
2025-08-01 01:59:49 PM,1703.5,4,6814.0,75413726.00000004
2025-08-01 01:59:54 PM,1703.5,4,6814.0,75420540.00000004
2025-08-01 02:02:25 PM,1703.5,3,5110.5,75425650.50000004
2025-08-01 02:02:35 PM,1703.5,28,47698.0,75473348.50000004
2025-08-01 02:02:38 PM,1702.9,0,0.0,75473348.50000004
2025-08-01 02:02:40 PM,1702.9,41,69818.90000000001,75543167.40000005
2025-08-01 02:02:40 PM,1701.9,246,418667.4,75961834.80000006
2025-08-01 02:03:02 PM,1701.1,0,0.0,75961834.80000006
2025-08-01 02:03:04 PM,1701.8,0,0.0,75961834.80000006
2025-08-01 02:03:05 PM,1701.8,5,8509.0,75970343.80000006
2025-08-01 02:03:16 PM,1701.7,0,0.0,75970343.80000006
2025-08-01 02:03:18 PM,1701.8,0,0.0,75970343.80000006
2025-08-01 02:03:21 PM,1701.8,25,42545.0,76012888.80000006
2025-08-01 02:03:22 PM,1701.7,0,0.0,76012888.80000006
2025-08-01 02:03:26 PM,1701.7,1,1701.7,76014590.50000006
2025-08-01 02:03:38 PM,1701.0,0,0.0,76014590.50000006
2025-08-01 02:03:40 PM,1701.7,0,0.0,76014590.50000006
2025-08-01 02:03:41 PM,1701.7,34,57857.8,76072448.30000006
2025-08-01 02:03:44 PM,1701.0,0,0.0,76072448.30000006
2025-08-01 02:03:46 PM,1701.0,1,1701.0,76074149.30000006
2025-08-01 02:03:54 PM,1701.7,0,0.0,76074149.30000006
2025-08-01 02:03:56 PM,1701.7,10,17017.0,76091166.30000006
2025-08-01 02:04:06 PM,1701.7,6,10210.2,76101376.50000006
2025-08-01 02:04:11 PM,1701.0,29,49329.0,76150705.50000006
2025-08-01 02:04:16 PM,1701.0,40,68040.0,76218745.50000006
2025-08-01 02:04:33 PM,1702.3,0,0.0,76218745.50000006
2025-08-01 02:04:34 PM,1702.6,0,0.0,76218745.50000006
2025-08-01 02:04:36 PM,1702.6,351,597612.6,76816358.10000005
2025-08-01 02:04:39 PM,1702.3,0,0.0,76816358.10000005
2025-08-01 02:04:42 PM,1702.3,1,1702.3,76818060.40000005
2025-08-01 02:04:57 PM,1702.3,1,1702.3,76819762.70000005
2025-08-01 02:05:02 PM,1702.3,1,1702.3,76821465.00000004
2025-08-01 02:05:17 PM,1703.3,0,0.0,76821465.00000004
2025-08-01 02:05:17 PM,1703.3,1,1703.3,76823168.30000004
2025-08-01 02:05:22 PM,1702.3,3,5106.9,76828275.20000005
2025-08-01 02:06:21 PM,1702.6,5,8513.0,76836788.20000005
2025-08-01 02:06:24 PM,1701.6,0,0.0,76836788.20000005
2025-08-01 02:06:26 PM,1701.6,1,1701.6,76838489.80000004
2025-08-01 02:06:36 PM,1702.2,0,0.0,76838489.80000004
2025-08-01 02:06:37 PM,1702.2,10,17022.0,76855511.80000004
2025-08-01 02:06:38 PM,1700.9,0,0.0,76855511.80000004
2025-08-01 02:06:39 PM,1702.3,0,0.0,76855511.80000004
2025-08-01 02:06:42 PM,1702.3,55,93626.5,76949138.30000004
2025-08-01 02:06:55 PM,1703.0,0,0.0,76949138.30000004
2025-08-01 02:06:58 PM,1703.0,1177,2004431.0,78953569.30000004
2025-08-01 02:06:59 PM,1702.6,0,0.0,78953569.30000004
2025-08-01 02:07:03 PM,1701.1,12,20413.199999999997,78973982.50000004
2025-08-01 02:07:07 PM,1702.4,0,0.0,78973982.50000004
2025-08-01 02:07:08 PM,1702.4,2,3404.8,78977387.30000004
2025-08-01 02:07:19 PM,1702.1,0,0.0,78977387.30000004
2025-08-01 02:07:23 PM,1702.1,5,8510.5,78985897.80000004
2025-08-01 02:07:44 PM,1703.2,0,0.0,78985897.80000004
2025-08-01 02:07:49 PM,1703.2,100,170320.0,79156217.80000004
2025-08-01 02:07:58 PM,1702.3,0,0.0,79156217.80000004
2025-08-01 02:07:59 PM,1702.3,1,1702.3,79157920.10000004
2025-08-01 02:08:06 PM,1702.2,0,0.0,79157920.10000004
2025-08-01 02:08:08 PM,1703.1,0,0.0,79157920.10000004
2025-08-01 02:08:10 PM,1703.1,56,95373.59999999999,79253293.70000003
2025-08-01 02:09:46 PM,1701.2,6,10207.2,79263500.90000004
2025-08-01 02:09:56 PM,1701.2,6,10207.2,79273708.10000004
2025-08-01 02:10:00 PM,1704.0,0,0.0,79273708.10000004
2025-08-01 02:10:01 PM,1704.0,200,340800.0,79614508.10000004
2025-08-01 02:10:14 PM,1702.1,0,0.0,79614508.10000004
2025-08-01 02:10:16 PM,1702.1,11,18723.1,79633231.20000003
2025-08-01 02:10:37 PM,1701.0,57,96957.0,79730188.20000003
2025-08-01 02:10:45 PM,1702.0,0,0.0,79730188.20000003
2025-08-01 02:10:46 PM,1702.0,50,85100.0,79815288.20000003
2025-08-01 02:11:22 PM,1701.8,0,0.0,79815288.20000003
2025-08-01 02:11:23 PM,1701.8,1,1701.8,79816990.00000003
2025-08-01 02:11:37 PM,1701.7,0,0.0,79816990.00000003
2025-08-01 02:11:39 PM,1701.7,1,1701.7,79818691.70000003
2025-08-01 02:12:09 PM,1702.3,3533,6014225.899999999,85832917.60000004
2025-08-01 02:12:10 PM,1702.1,0,0.0,85832917.60000004
2025-08-01 02:12:10 PM,1702.1,7,11914.699999999999,85844832.30000004
2025-08-01 02:12:42 PM,1703.8,0,0.0,85844832.30000004
2025-08-01 02:12:45 PM,1703.8,50,85190.0,85930022.30000004
2025-08-01 02:13:02 PM,1703.8,15,25557.0,85955579.30000004
2025-08-01 02:13:34 PM,1705.0,0,0.0,85955579.30000004
2025-08-01 02:13:37 PM,1705.0,2,3410.0,85958989.30000004
2025-08-01 02:14:50 PM,1705.0,5,8525.0,85967514.30000004
2025-08-01 02:14:51 PM,1707.1,0,0.0,85967514.30000004
2025-08-01 02:14:52 PM,1707.1,60,102426.0,86069940.30000004
2025-08-01 02:15:01 PM,1708.0,0,0.0,86069940.30000004
2025-08-01 02:15:02 PM,1708.0,302,515816.0,86585756.30000004
2025-08-01 02:15:34 PM,1707.8,429,732646.2,87318402.50000004
2025-08-01 02:16:42 PM,1708.4,0,0.0,87318402.50000004
2025-08-01 02:16:42 PM,1708.4,91,155464.4,87473866.90000005
2025-08-01 02:16:56 PM,1707.4,0,0.0,87473866.90000005
2025-08-01 02:16:56 PM,1707.4,50,85370.0,87559236.90000005
2025-08-01 02:17:36 PM,1706.6,0,0.0,87559236.90000005
2025-08-01 02:17:36 PM,1706.6,9,15359.4,87574596.30000006
2025-08-01 02:17:36 PM,1705.5,0,0.0,87574596.30000006
2025-08-01 02:17:36 PM,1705.5,6,10233.0,87584829.30000006
2025-08-01 02:17:50 PM,1707.2,0,0.0,87584829.30000006
2025-08-01 02:17:51 PM,1707.2,3,5121.6,87589950.90000005
2025-08-01 02:18:07 PM,1707.2,5,8536.0,87598486.90000005
2025-08-01 02:19:00 PM,1707.0,0,0.0,87598486.90000005
2025-08-01 02:19:02 PM,1707.7,0,0.0,87598486.90000005
2025-08-01 02:19:02 PM,1707.7,38,64892.6,87663379.50000004
2025-08-01 02:19:23 PM,1705.9,0,0.0,87663379.50000004
2025-08-01 02:19:23 PM,1705.9,14,23882.600000000002,87687262.10000004
2025-08-01 02:19:40 PM,1705.0,76,129580.0,87816842.10000004
2025-08-01 02:19:45 PM,1705.0,24,40920.0,87857762.10000004
2025-08-01 02:20:02 PM,1703.0,0,0.0,87857762.10000004
2025-08-01 02:20:06 PM,1703.0,75,127725.0,87985487.10000004
2025-08-01 02:21:08 PM,1702.5,0,0.0,87985487.10000004
2025-08-01 02:21:12 PM,1702.5,35,59587.5,88045074.60000004
2025-08-01 02:22:04 PM,1704.1,0,0.0,88045074.60000004
2025-08-01 02:22:04 PM,1704.1,50,85205.0,88130279.60000004
2025-08-01 02:22:20 PM,1703.0,0,0.0,88130279.60000004
2025-08-01 02:22:21 PM,1703.0,7,11921.0,88142200.60000004
2025-08-01 02:23:57 PM,1703.0,3,5109.0,88147309.60000004
2025-08-01 02:24:18 PM,1703.0,5,8515.0,88155824.60000004
2025-08-01 02:24:33 PM,1703.0,4,6812.0,88162636.60000004
2025-08-01 02:24:44 PM,1704.7,6,10228.2,88172864.80000004
2025-08-01 02:25:32 PM,1704.0,0,0.0,88172864.80000004
2025-08-01 02:25:32 PM,1704.0,75,127800.0,88300664.80000004
2025-08-01 02:25:41 PM,1704.2,0,0.0,88300664.80000004
2025-08-01 02:25:43 PM,1704.2,15,25563.0,88326227.80000004
2025-08-01 02:27:39 PM,1703.2,0,0.0,88326227.80000004
2025-08-01 02:27:40 PM,1703.2,2,3406.4,88329634.20000005
2025-08-01 02:28:34 PM,1703.2,5,8516.0,88338150.20000005
2025-08-01 02:29:03 PM,1703.0,0,0.0,88338150.20000005
2025-08-01 02:29:03 PM,1703.0,2,3406.0,88341556.20000005
2025-08-01 02:29:12 PM,1703.2,0,0.0,88341556.20000005
2025-08-01 02:29:14 PM,1702.5,254,432435.0,88773991.20000005
2025-08-01 02:29:20 PM,1701.4,27,45937.8,88819929.00000004
2025-08-01 02:29:25 PM,1700.8,0,0.0,88819929.00000004
2025-08-01 02:29:25 PM,1700.8,29,49323.2,88869252.20000005
2025-08-01 02:29:40 PM,1700.0,0,0.0,88869252.20000005
2025-08-01 02:29:42 PM,1700.0,109,185300.0,89054552.20000005
2025-08-01 02:29:43 PM,1702.4,15,25536.0,89080088.20000005
2025-08-01 02:29:46 PM,1700.3,0,0.0,89080088.20000005
2025-08-01 02:29:47 PM,1700.3,816,1387444.8,90467533.00000004
2025-08-01 02:30:01 PM,1700.6,0,0.0,90467533.00000004
2025-08-01 02:30:04 PM,1700.2,59,100311.8,90567844.80000004
2025-08-01 02:30:07 PM,1700.3,0,0.0,90567844.80000004
2025-08-01 02:30:10 PM,1700.3,21,35706.299999999996,90603551.10000004
2025-08-01 02:30:31 PM,1700.3,3,5100.9,90608652.00000004
2025-08-01 02:31:31 PM,1701.5,0,0.0,90608652.00000004
2025-08-01 02:31:31 PM,1701.5,10,17015.0,90625667.00000004
2025-08-01 02:31:47 PM,1701.9,160,272304.0,90897971.00000004
2025-08-01 02:31:48 PM,1702.1,2,3404.2,90901375.20000005
2025-08-01 02:31:52 PM,1702.2,9,15319.800000000001,90916695.00000004
2025-08-01 02:31:56 PM,1703.0,0,0.0,90916695.00000004
2025-08-01 02:31:57 PM,1703.0,40,68120.0,90984815.00000004
2025-08-01 02:32:01 PM,1705.2,0,0.0,90984815.00000004
2025-08-01 02:32:03 PM,1705.2,128,218265.6,91203080.60000004
2025-08-01 02:32:25 PM,1703.3,0,0.0,91203080.60000004
2025-08-01 02:32:25 PM,1703.3,4,6813.2,91209893.80000004
2025-08-01 02:32:35 PM,1703.3,2,3406.6,91213300.40000004
2025-08-01 02:32:46 PM,1703.3,37,63022.1,91276322.50000003
2025-08-01 02:32:48 PM,1703.0,4,6812.0,91283134.50000003
2025-08-01 02:32:57 PM,1703.0,25,42575.0,91325709.50000003
2025-08-01 02:33:14 PM,1703.0,11,18733.0,91344442.50000003
2025-08-01 02:33:27 PM,1701.6,11,18717.6,91363160.10000002
2025-08-01 02:33:33 PM,1700.8,10,17008.0,91380168.10000002
2025-08-01 02:34:06 PM,1701.2,0,0.0,91380168.10000002
2025-08-01 02:34:06 PM,1701.2,9,15310.800000000001,91395478.90000002
2025-08-01 02:35:34 PM,1703.4,0,0.0,91395478.90000002
2025-08-01 02:35:36 PM,1703.4,132,224848.80000000002,91620327.70000002
2025-08-01 02:35:38 PM,1704.0,0,0.0,91620327.70000002
2025-08-01 02:35:38 PM,1704.0,3,5112.0,91625439.70000002
2025-08-01 02:36:36 PM,1704.9,0,0.0,91625439.70000002
2025-08-01 02:36:36 PM,1704.9,12,20458.800000000003,91645898.50000001
2025-08-01 02:37:21 PM,1704.6,0,0.0,91645898.50000001
2025-08-01 02:37:21 PM,1704.6,2,3409.2,91649307.70000002
2025-08-01 02:37:33 PM,1703.2,0,0.0,91649307.70000002
2025-08-01 02:37:35 PM,1703.2,21,35767.200000000004,91685074.90000002
2025-08-01 02:38:25 PM,1703.2,3,5109.6,91690184.50000001
2025-08-01 02:38:26 PM,1704.8,29,49439.2,91739623.70000002
2025-08-01 02:38:29 PM,1703.0,0,0.0,91739623.70000002
2025-08-01 02:38:30 PM,1703.2,83,141365.6,91880989.30000001
2025-08-01 02:38:35 PM,1704.7,0,0.0,91880989.30000001
2025-08-01 02:38:36 PM,1704.7,3,5114.1,91886103.4
2025-08-01 02:38:41 PM,1703.3,0,0.0,91886103.4
2025-08-01 02:38:42 PM,1703.3,1,1703.3,91887806.7
2025-08-01 02:38:45 PM,1704.4,0,0.0,91887806.7
2025-08-01 02:38:47 PM,1704.4,7,11930.800000000001,91899737.5
2025-08-01 02:38:57 PM,1703.1,0,0.0,91899737.5
2025-08-01 02:38:59 PM,1703.1,2,3406.2,91903143.7
2025-08-01 02:39:03 PM,1704.9,0,0.0,91903143.7
2025-08-01 02:39:05 PM,1704.9,9,15344.1,91918487.8
2025-08-01 02:39:10 PM,1703.2,0,0.0,91918487.8
2025-08-01 02:39:11 PM,1703.2,4,6812.8,91925300.6
2025-08-01 02:39:15 PM,1702.0,0,0.0,91925300.6
2025-08-01 02:39:17 PM,1702.0,122,207644.0,92132944.6
2025-08-01 02:39:45 PM,1701.7,0,0.0,92132944.6
2025-08-01 02:39:45 PM,1701.7,8,13613.6,92146558.19999999
2025-08-01 02:39:56 PM,1701.7,9,15315.300000000001,92161873.49999999
2025-08-01 02:40:00 PM,1700.3,0,0.0,92161873.49999999
2025-08-01 02:40:01 PM,1700.3,85,144525.5,92306398.99999999
2025-08-01 02:40:30 PM,1700.5,10,17005.0,92323403.99999999
2025-08-01 02:41:00 PM,1702.6,0,0.0,92323403.99999999
2025-08-01 02:41:02 PM,1702.6,10,17026.0,92340429.99999999
2025-08-01 02:41:50 PM,1701.2,0,0.0,92340429.99999999
2025-08-01 02:41:50 PM,1701.2,5,8506.0,92348935.99999999
2025-08-01 02:42:33 PM,1702.7,3,5108.1,92354044.09999998
2025-08-01 02:43:16 PM,1702.7,72,122594.40000000001,92476638.49999999
2025-08-01 02:43:53 PM,1702.5,0,0.0,92476638.49999999
2025-08-01 02:43:54 PM,1702.5,7,11917.5,92488555.99999999
2025-08-01 02:44:22 PM,1701.9,0,0.0,92488555.99999999
2025-08-01 02:44:22 PM,1701.9,10,17019.0,92505574.99999999
2025-08-01 02:44:27 PM,1702.1,1,1702.1,92507277.09999998
2025-08-01 02:44:58 PM,1702.7,0,0.0,92507277.09999998
2025-08-01 02:45:01 PM,1702.7,50,85135.0,92592412.09999998
2025-08-01 02:45:22 PM,1701.7,0,0.0,92592412.09999998
2025-08-01 02:45:24 PM,1701.7,2,3403.4,92595815.49999999
2025-08-01 02:45:51 PM,1702.4,1,1702.4,92597517.89999999
2025-08-01 02:45:52 PM,1701.7,0,0.0,92597517.89999999
2025-08-01 02:45:52 PM,1701.7,1,1701.7,92599219.6
2025-08-01 02:46:01 PM,1702.2,0,0.0,92599219.6
2025-08-01 02:46:02 PM,1702.2,1,1702.2,92600921.8
2025-08-01 02:46:14 PM,1701.5,10,17015.0,92617936.8
2025-08-01 02:46:52 PM,1701.5,13,22119.5,92640056.3
2025-08-01 02:47:09 PM,1703.1,0,0.0,92640056.3
2025-08-01 02:47:10 PM,1703.1,15,25546.5,92665602.8
2025-08-01 02:47:15 PM,1703.1,11,18734.1,92684336.89999999
2025-08-01 02:47:18 PM,1703.8,0,0.0,92684336.89999999
2025-08-01 02:47:21 PM,1703.8,1,1703.8,92686040.69999999
2025-08-01 02:47:27 PM,1703.8,1,1703.8,92687744.49999999
2025-08-01 02:48:57 PM,1703.8,89,151638.19999999998,92839382.69999999
2025-08-01 02:49:20 PM,1703.8,20,34076.0,92873458.69999999
2025-08-01 02:49:23 PM,1704.5,0,0.0,92873458.69999999
2025-08-01 02:49:25 PM,1704.5,212,361354.0,93234812.69999999
2025-08-01 02:49:36 PM,1707.9,226,385985.4,93620798.1
2025-08-01 02:49:46 PM,1708.1,0,0.0,93620798.1
2025-08-01 02:49:47 PM,1708.1,8,13664.8,93634462.89999999
2025-08-01 02:49:53 PM,1707.2,12,20486.4,93654949.3
2025-08-01 02:49:57 PM,1705.6,0,0.0,93654949.3
2025-08-01 02:49:58 PM,1705.6,2,3411.2,93658360.5
2025-08-01 02:49:59 PM,1705.7,7,11939.9,93670300.4
2025-08-01 02:50:03 PM,1706.0,0,0.0,93670300.4
2025-08-01 02:50:04 PM,1706.0,3,5118.0,93675418.4
2025-08-01 02:50:32 PM,1704.3,0,0.0,93675418.4
2025-08-01 02:50:37 PM,1704.3,4,6817.2,93682235.60000001
2025-08-01 02:51:23 PM,1703.8,0,0.0,93682235.60000001
2025-08-01 02:51:25 PM,1703.8,76,129488.8,93811724.4
2025-08-01 02:51:56 PM,1703.0,0,0.0,93811724.4
2025-08-01 02:51:57 PM,1703.0,45,76635.0,93888359.4
2025-08-01 02:52:03 PM,1701.1,25,42527.5,93930886.9
2025-08-01 02:52:19 PM,1701.1,8,13608.8,93944495.7
2025-08-01 02:53:14 PM,1701.1,15,25516.5,93970012.2
2025-08-01 02:53:36 PM,1701.9,1,1701.9,93971714.10000001
2025-08-01 02:53:44 PM,1701.1,7,11907.699999999999,93983621.80000001
2025-08-01 02:54:15 PM,1701.8,0,0.0,93983621.80000001
2025-08-01 02:54:17 PM,1701.8,12,20421.6,94004043.4
2025-08-01 02:54:26 PM,1701.1,0,0.0,94004043.4
2025-08-01 02:54:27 PM,1701.1,2,3402.2,94007445.60000001
2025-08-01 02:54:38 PM,1701.1,15,25516.5,94032962.10000001
2025-08-01 02:54:48 PM,1700.2,0,0.0,94032962.10000001
2025-08-01 02:54:48 PM,1700.2,50,85010.0,94117972.10000001
2025-08-01 02:54:53 PM,1701.5,0,0.0,94117972.10000001
2025-08-01 02:54:54 PM,1701.5,1,1701.5,94119673.60000001
2025-08-01 02:55:30 PM,1701.5,8,13612.0,94133285.60000001
2025-08-01 02:55:33 PM,1701.6,0,0.0,94133285.60000001
2025-08-01 02:55:33 PM,1701.6,10,17016.0,94150301.60000001
2025-08-01 02:55:49 PM,1701.8,0,0.0,94150301.60000001
2025-08-01 02:55:50 PM,1701.8,16,27228.8,94177530.4
2025-08-01 02:55:53 PM,1702.1,0,0.0,94177530.4
2025-08-01 02:55:55 PM,1702.1,5,8510.5,94186040.9
2025-08-01 02:56:18 PM,1702.9,15,25543.5,94211584.4
2025-08-01 02:56:30 PM,1700.2,0,0.0,94211584.4
2025-08-01 02:56:34 PM,1701.2,0,0.0,94211584.4
2025-08-01 02:56:35 PM,1701.2,46,78255.2,94289839.60000001
2025-08-01 02:56:51 PM,1701.2,5,8506.0,94298345.60000001
2025-08-01 02:57:06 PM,1700.1,0,0.0,94298345.60000001
2025-08-01 02:57:08 PM,1700.1,9,15300.9,94313646.50000001
2025-08-01 02:57:19 PM,1700.0,66,112200.0,94425846.50000001
2025-08-01 02:57:56 PM,1700.0,3,5100.0,94430946.50000001
2025-08-01 02:58:02 PM,1700.8,0,0.0,94430946.50000001
2025-08-01 02:58:03 PM,1700.8,5,8504.0,94439450.50000001
2025-08-01 02:58:20 PM,1700.8,1,1700.8,94441151.30000001
2025-08-01 02:58:21 PM,1701.9,35,59566.5,94500717.80000001
2025-08-01 02:58:37 PM,1701.9,1,1701.9,94502419.70000002
2025-08-01 02:58:44 PM,1701.9,1,1701.9,94504121.60000002
2025-08-01 02:58:49 PM,1701.9,1,1701.9,94505823.50000003
2025-08-01 02:58:54 PM,1701.9,1,1701.9,94507525.40000004
2025-08-01 02:58:59 PM,1701.9,1,1701.9,94509227.30000004
2025-08-01 02:59:05 PM,1701.9,1,1701.9,94510929.20000005
2025-08-01 02:59:11 PM,1701.9,1,1701.9,94512631.10000005
2025-08-01 02:59:17 PM,1701.9,1,1701.9,94514333.00000006
2025-08-01 02:59:22 PM,1701.9,1,1701.9,94516034.90000007
2025-08-01 02:59:28 PM,1701.9,1,1701.9,94517736.80000007
2025-08-01 02:59:35 PM,1701.9,1,1701.9,94519438.70000008
2025-08-01 02:59:39 PM,1701.9,1,1701.9,94521140.60000008
2025-08-01 02:59:43 PM,1701.8,0,0.0,94521140.60000008
2025-08-01 02:59:45 PM,1701.8,1,1701.8,94522842.40000008
2025-08-01 02:59:50 PM,1701.8,1,1701.8,94524544.20000008
2025-08-01 02:59:56 PM,1701.8,1,1701.8,94526246.00000007
2025-08-01 03:00:15 PM,1701.8,1,1701.8,94527947.80000007
2025-08-01 03:00:19 PM,1701.8,1,1701.8,94529649.60000007
2025-08-01 03:00:21 PM,1701.8,1,1701.8,94531351.40000007
2025-08-01 03:00:25 PM,1701.8,3,5105.4,94536456.80000007
