date,price,qty,trnvr,cum_trnvr
2025-08-01 09:15:01 AM,2698.1,228,615166.7999999999,615166.7999999999
2025-08-01 09:15:01 AM,2697.0,0,0.0,615166.7999999999
2025-08-01 09:15:09 AM,2696.8,0,0.0,615166.7999999999
2025-08-01 09:15:11 AM,2696.8,16,43148.8,658315.6
2025-08-01 09:15:13 AM,2675.0,283,757025.0,1415340.6
2025-08-01 09:15:21 AM,2676.7,21,56210.7,1471551.3
2025-08-01 09:15:23 AM,2683.5,26,69771.0,1541322.3
2025-08-01 09:15:46 AM,2684.4,0,0.0,1541322.3
2025-08-01 09:15:47 AM,2684.4,3,8053.200000000001,1549375.5
2025-08-01 09:16:02 AM,2682.4,0,0.0,1549375.5
2025-08-01 09:16:03 AM,2682.4,23,61695.200000000004,1611070.7
2025-08-01 09:16:08 AM,2681.4,0,0.0,1611070.7
2025-08-01 09:16:11 AM,2674.9,256,684774.4,2295845.1
2025-08-01 09:16:13 AM,2670.0,229,611430.0,2907275.1
2025-08-01 09:16:16 AM,2665.0,0,0.0,2907275.1
2025-08-01 09:16:20 AM,2671.0,242,646382.0,3553657.1
2025-08-01 09:16:24 AM,2671.8,0,0.0,3553657.1
2025-08-01 09:16:26 AM,2670.7,0,0.0,3553657.1
2025-08-01 09:16:28 AM,2670.7,12,32048.399999999998,3585705.5
2025-08-01 09:16:34 AM,2671.5,0,0.0,3585705.5
2025-08-01 09:16:36 AM,2671.5,2,5343.0,3591048.5
2025-08-01 09:16:38 AM,2671.0,18,48078.0,3639126.5
2025-08-01 09:16:44 AM,2670.7,0,0.0,3639126.5
2025-08-01 09:16:44 AM,2670.7,4,10682.8,3649809.3
2025-08-01 09:16:46 AM,2669.8,3,8009.400000000001,3657818.6999999997
2025-08-01 09:17:01 AM,2670.1,176,469937.6,4127756.3
2025-08-01 09:17:02 AM,2669.1,53,141462.3,4269218.6
2025-08-01 09:17:09 AM,2667.0,15,40005.0,4309223.6
2025-08-01 09:17:12 AM,2666.1,0,0.0,4309223.6
2025-08-01 09:17:17 AM,2666.1,5,13330.5,4322554.1
2025-08-01 09:17:29 AM,2667.2,0,0.0,4322554.1
2025-08-01 09:17:34 AM,2667.2,106,282723.19999999995,4605277.3
2025-08-01 09:17:35 AM,2668.9,192,512428.80000000005,5117706.1
2025-08-01 09:17:42 AM,2670.0,51,136170.0,5253876.1
2025-08-01 09:17:51 AM,2672.5,1,2672.5,5256548.6
2025-08-01 09:18:05 AM,2669.2,0,0.0,5256548.6
2025-08-01 09:18:07 AM,2669.2,15,40038.0,5296586.6
2025-08-01 09:18:24 AM,2669.2,1,2669.2,5299255.8
2025-08-01 09:18:32 AM,2668.9,163,435030.7,5734286.5
2025-08-01 09:18:35 AM,2669.2,0,0.0,5734286.5
2025-08-01 09:18:40 AM,2665.8,119,317230.2,6051516.7
2025-08-01 09:18:43 AM,2665.5,0,0.0,6051516.7
2025-08-01 09:18:48 AM,2665.5,17,45313.5,6096830.2
2025-08-01 09:18:53 AM,2665.8,0,0.0,6096830.2
2025-08-01 09:18:56 AM,2665.8,20,53316.0,6150146.2
2025-08-01 09:18:59 AM,2665.5,0,0.0,6150146.2
2025-08-01 09:19:01 AM,2665.0,0,0.0,6150146.2
2025-08-01 09:19:04 AM,2665.0,26,69290.0,6219436.2
2025-08-01 09:19:06 AM,2665.0,1,2665.0,6222101.2
2025-08-01 09:19:38 AM,2665.0,5,13325.0,6235426.2
2025-08-01 09:20:09 AM,2665.0,90,239850.0,6475276.2
2025-08-01 09:20:22 AM,2661.5,0,0.0,6475276.2
2025-08-01 09:20:25 AM,2663.7,230,612651.0,7087927.2
2025-08-01 09:20:26 AM,2663.9,50,133195.0,7221122.2
2025-08-01 09:20:33 AM,2666.2,0,0.0,7221122.2
2025-08-01 09:20:34 AM,2666.2,169,450587.8,7671710.0
2025-08-01 09:20:40 AM,2665.4,109,290528.60000000003,7962238.6
2025-08-01 09:21:13 AM,2662.9,4,10651.6,7972890.199999999
2025-08-01 09:21:17 AM,2662.7,0,0.0,7972890.199999999
2025-08-01 09:21:19 AM,2662.7,2,5325.4,7978215.6
2025-08-01 09:21:27 AM,2662.2,1,2662.2,7980877.8
2025-08-01 09:21:35 AM,2658.1,125,332262.5,8313140.3
2025-08-01 09:21:36 AM,2657.0,9,23913.0,8337053.3
2025-08-01 09:21:50 AM,2661.0,150,399150.0,8736203.3
2025-08-01 09:21:54 AM,2658.2,0,0.0,8736203.3
2025-08-01 09:21:58 AM,2658.2,3,7974.599999999999,8744177.9
2025-08-01 09:22:01 AM,2658.4,0,0.0,8744177.9
2025-08-01 09:22:04 AM,2658.3,0,0.0,8744177.9
2025-08-01 09:22:05 AM,2658.3,5,13291.5,8757469.4
2025-08-01 09:22:08 AM,2658.4,0,0.0,8757469.4
2025-08-01 09:22:13 AM,2658.4,3,7975.200000000001,8765444.6
2025-08-01 09:22:30 AM,2658.4,1,2658.4,8768103.0
2025-08-01 09:22:36 AM,2660.3,3,7980.900000000001,8776083.9
2025-08-01 09:22:43 AM,2660.3,1,2660.3,8778744.200000001
2025-08-01 09:22:56 AM,2659.0,0,0.0,8778744.200000001
2025-08-01 09:22:58 AM,2659.8,0,0.0,8778744.200000001
2025-08-01 09:22:59 AM,2659.8,21,55855.8,8834600.000000002
2025-08-01 09:23:05 AM,2659.1,0,0.0,8834600.000000002
2025-08-01 09:23:06 AM,2659.1,8,21272.8,8855872.800000003
2025-08-01 09:23:24 AM,2666.3,0,0.0,8855872.800000003
2025-08-01 09:23:29 AM,2666.3,533,1421137.9000000001,10277010.700000003
2025-08-01 09:23:37 AM,2665.9,1,2665.9,10279676.600000003
2025-08-01 09:23:50 AM,2667.6,0,0.0,10279676.600000003
2025-08-01 09:23:52 AM,2669.8,5,13349.0,10293025.600000003
2025-08-01 09:23:54 AM,2667.7,2,5335.4,10298361.000000004
2025-08-01 09:24:00 AM,2669.9,1,2669.9,10301030.900000004
2025-08-01 09:24:08 AM,2667.7,1,2667.7,10303698.600000003
2025-08-01 09:24:22 AM,2671.3,0,0.0,10303698.600000003
2025-08-01 09:24:23 AM,2671.3,27,72125.1,10375823.700000003
2025-08-01 09:24:28 AM,2671.2,0,0.0,10375823.700000003
2025-08-01 09:24:30 AM,2671.2,25,66780.0,10442603.700000003
2025-08-01 09:24:38 AM,2672.6,10,26726.0,10469329.700000003
2025-08-01 09:24:40 AM,2672.8,0,0.0,10469329.700000003
2025-08-01 09:24:45 AM,2674.8,35,93618.0,10562947.700000003
2025-08-01 09:25:00 AM,2674.4,68,181859.2,10744806.900000002
2025-08-01 09:25:02 AM,2668.0,100,266800.0,11011606.900000002
2025-08-01 09:25:08 AM,2671.5,0,0.0,11011606.900000002
2025-08-01 09:25:10 AM,2669.1,502,1339888.2,12351495.100000001
2025-08-01 09:25:14 AM,2671.6,0,0.0,12351495.100000001
2025-08-01 09:25:15 AM,2671.6,33,88162.8,12439657.900000002
2025-08-01 09:25:47 AM,2671.9,49,130923.1,12570581.000000002
2025-08-01 09:26:08 AM,2673.5,5,13367.5,12583948.500000002
2025-08-01 09:26:23 AM,2673.6,1,2673.6,12586622.100000001
2025-08-01 09:27:05 AM,2671.8,0,0.0,12586622.100000001
2025-08-01 09:27:09 AM,2671.8,1,2671.8,12589293.900000002
2025-08-01 09:27:10 AM,2673.5,1,2673.5,12591967.400000002
2025-08-01 09:27:16 AM,2673.5,40,106940.0,12698907.400000002
2025-08-01 09:27:32 AM,2672.2,3,8016.599999999999,12706924.000000002
2025-08-01 09:27:36 AM,2673.5,0,0.0,12706924.000000002
2025-08-01 09:27:38 AM,2673.5,3,8020.5,12714944.500000002
2025-08-01 09:28:02 AM,2673.5,25,66837.5,12781782.000000002
2025-08-01 09:28:25 AM,2671.0,0,0.0,12781782.000000002
2025-08-01 09:28:26 AM,2671.0,10,26710.0,12808492.000000002
2025-08-01 09:28:36 AM,2671.2,0,0.0,12808492.000000002
2025-08-01 09:28:40 AM,2671.2,5,13356.0,12821848.000000002
2025-08-01 09:29:27 AM,2672.6,107,285968.2,13107816.200000001
2025-08-01 09:29:30 AM,2671.6,0,0.0,13107816.200000001
2025-08-01 09:29:33 AM,2671.6,6,16029.599999999999,13123845.8
2025-08-01 09:29:40 AM,2672.3,0,0.0,13123845.8
2025-08-01 09:29:40 AM,2672.3,1,2672.3,13126518.100000001
2025-08-01 09:29:50 AM,2673.1,0,0.0,13126518.100000001
2025-08-01 09:29:55 AM,2672.9,101,269962.9,13396481.000000002
2025-08-01 09:30:10 AM,2673.2,0,0.0,13396481.000000002
2025-08-01 09:30:11 AM,2673.2,20,53464.0,13449945.000000002
2025-08-01 09:30:23 AM,2672.3,0,0.0,13449945.000000002
2025-08-01 09:30:26 AM,2672.3,1,2672.3,13452617.300000003
2025-08-01 09:30:33 AM,2672.0,5,13360.0,13465977.300000003
2025-08-01 09:30:37 AM,2671.0,0,0.0,13465977.300000003
2025-08-01 09:30:40 AM,2671.0,1,2671.0,13468648.300000003
2025-08-01 09:30:48 AM,2671.0,1,2671.0,13471319.300000003
2025-08-01 09:31:19 AM,2671.8,0,0.0,13471319.300000003
2025-08-01 09:31:25 AM,2672.0,20,53440.0,13524759.300000003
2025-08-01 09:31:46 AM,2670.4,26,69430.40000000001,13594189.700000003
2025-08-01 09:32:21 AM,2669.5,0,0.0,13594189.700000003
2025-08-01 09:32:21 AM,2669.5,20,53390.0,13647579.700000003
2025-08-01 09:32:39 AM,2668.1,0,0.0,13647579.700000003
2025-08-01 09:32:42 AM,2668.1,1,2668.1,13650247.800000003
2025-08-01 09:32:51 AM,2670.2,0,0.0,13650247.800000003
2025-08-01 09:32:56 AM,2670.2,48,128169.59999999999,13778417.400000002
2025-08-01 09:32:57 AM,2670.4,0,0.0,13778417.400000002
2025-08-01 09:33:02 AM,2670.4,3,8011.200000000001,13786428.600000001
2025-08-01 09:33:09 AM,2672.7,0,0.0,13786428.600000001
2025-08-01 09:33:09 AM,2672.7,2,5345.4,13791774.000000002
2025-08-01 09:33:16 AM,2670.5,6,16023.0,13807797.000000002
2025-08-01 09:33:19 AM,2669.0,0,0.0,13807797.000000002
2025-08-01 09:33:23 AM,2665.6,566,1508729.5999999999,15316526.600000001
2025-08-01 09:33:42 AM,2668.3,0,0.0,15316526.600000001
2025-08-01 09:33:44 AM,2668.3,20,53366.0,15369892.600000001
2025-08-01 09:33:51 AM,2671.0,17,45407.0,15415299.600000001
2025-08-01 09:34:19 AM,2671.5,1,2671.5,15417971.100000001
2025-08-01 09:34:29 AM,2670.7,0,0.0,15417971.100000001
2025-08-01 09:34:32 AM,2671.0,0,0.0,15417971.100000001
2025-08-01 09:34:33 AM,2671.0,22,58762.0,15476733.100000001
2025-08-01 09:34:56 AM,2669.3,0,0.0,15476733.100000001
2025-08-01 09:34:59 AM,2668.2,0,0.0,15476733.100000001
2025-08-01 09:35:00 AM,2668.2,82,218792.4,15695525.500000002
2025-08-01 09:35:04 AM,2668.0,0,0.0,15695525.500000002
2025-08-01 09:35:08 AM,2660.0,657,1747620.0,17443145.5
2025-08-01 09:35:14 AM,2657.0,0,0.0,17443145.5
2025-08-01 09:35:15 AM,2657.0,55,146135.0,17589280.5
2025-08-01 09:35:19 AM,2655.0,0,0.0,17589280.5
2025-08-01 09:35:22 AM,2655.0,38,100890.0,17690170.5
2025-08-01 09:35:22 AM,2652.9,5,13264.5,17703435.0
2025-08-01 09:35:24 AM,2651.9,0,0.0,17703435.0
2025-08-01 09:35:29 AM,2651.9,19,50386.1,17753821.1
2025-08-01 09:35:34 AM,2651.1,0,0.0,17753821.1
2025-08-01 09:35:36 AM,2651.1,13,34464.299999999996,17788285.400000002
2025-08-01 09:35:49 AM,2652.4,0,0.0,17788285.400000002
2025-08-01 09:35:49 AM,2652.4,23,61005.200000000004,17849290.6
2025-08-01 09:35:59 AM,2652.2,0,0.0,17849290.6
2025-08-01 09:36:02 AM,2652.2,1,2652.2,17851942.8
2025-08-01 09:36:03 AM,2652.9,0,0.0,17851942.8
2025-08-01 09:36:09 AM,2652.9,75,198967.5,18050910.3
2025-08-01 09:36:15 AM,2652.7,0,0.0,18050910.3
2025-08-01 09:36:16 AM,2652.7,22,58359.399999999994,18109269.7
2025-08-01 09:36:29 AM,2653.8,10,26538.0,18135807.7
2025-08-01 09:36:35 AM,2651.1,0,0.0,18135807.7
2025-08-01 09:36:35 AM,2651.1,25,66277.5,18202085.2
2025-08-01 09:36:36 AM,2651.2,1,2651.2,18204736.4
2025-08-01 09:36:51 AM,2652.5,0,0.0,18204736.4
2025-08-01 09:36:55 AM,2650.0,0,0.0,18204736.4
2025-08-01 09:36:55 AM,2650.0,292,773800.0,18978536.4
2025-08-01 09:36:55 AM,2646.3,0,0.0,18978536.4
2025-08-01 09:36:56 AM,2646.3,224,592771.2000000001,19571307.599999998
2025-08-01 09:36:59 AM,2648.9,0,0.0,19571307.599999998
2025-08-01 09:37:02 AM,2646.1,125,330762.5,19902070.099999998
2025-08-01 09:37:08 AM,2648.6,0,0.0,19902070.099999998
2025-08-01 09:37:09 AM,2648.6,5,13243.0,19915313.099999998
2025-08-01 09:37:09 AM,2646.6,5,13233.0,19928546.099999998
2025-08-01 09:37:13 AM,2648.3,0,0.0,19928546.099999998
2025-08-01 09:37:16 AM,2645.0,31,81995.0,20010541.099999998
2025-08-01 09:37:22 AM,2646.9,0,0.0,20010541.099999998
2025-08-01 09:37:23 AM,2646.7,95,251436.49999999997,20261977.599999998
2025-08-01 09:37:27 AM,2645.8,0,0.0,20261977.599999998
2025-08-01 09:37:28 AM,2650.1,0,0.0,20261977.599999998
2025-08-01 09:37:30 AM,2646.9,109,288512.10000000003,20550489.7
2025-08-01 09:37:43 AM,2649.3,1,2649.3,20553139.0
2025-08-01 09:37:45 AM,2650.2,0,0.0,20553139.0
2025-08-01 09:37:49 AM,2647.0,0,0.0,20553139.0
2025-08-01 09:37:50 AM,2647.0,84,222348.0,20775487.0
2025-08-01 09:37:57 AM,2645.0,0,0.0,20775487.0
2025-08-01 09:37:59 AM,2646.7,0,0.0,20775487.0
2025-08-01 09:38:02 AM,2643.0,0,0.0,20775487.0
2025-08-01 09:38:03 AM,2643.0,172,454596.0,21230083.0
2025-08-01 09:38:08 AM,2641.5,0,0.0,21230083.0
2025-08-01 09:38:10 AM,2645.0,0,0.0,21230083.0
2025-08-01 09:38:10 AM,2645.0,201,531645.0,21761728.0
2025-08-01 09:38:14 AM,2642.4,0,0.0,21761728.0
2025-08-01 09:38:17 AM,2643.5,35,92522.5,21854250.5
2025-08-01 09:38:24 AM,2641.5,122,322263.0,22176513.5
2025-08-01 09:38:34 AM,2641.6,0,0.0,22176513.5
2025-08-01 09:38:37 AM,2641.6,125,330200.0,22506713.5
2025-08-01 09:38:44 AM,2643.3,10,26433.0,22533146.5
2025-08-01 09:38:55 AM,2641.5,0,0.0,22533146.5
2025-08-01 09:38:57 AM,2643.3,32,84585.6,22617732.1
2025-08-01 09:39:11 AM,2640.1,200,528020.0,23145752.1
2025-08-01 09:39:14 AM,2640.0,0,0.0,23145752.1
2025-08-01 09:39:17 AM,2641.7,39,103026.29999999999,23248778.400000002
2025-08-01 09:39:19 AM,2640.0,0,0.0,23248778.400000002
2025-08-01 09:39:24 AM,2641.1,3,7923.299999999999,23256701.700000003
2025-08-01 09:39:31 AM,2641.1,15,39616.5,23296318.200000003
2025-08-01 09:39:36 AM,2639.5,0,0.0,23296318.200000003
2025-08-01 09:39:37 AM,2639.5,228,601806.0,23898124.200000003
2025-08-01 09:39:40 AM,2638.8,0,0.0,23898124.200000003
2025-08-01 09:39:44 AM,2638.8,32,84441.6,23982565.800000004
2025-08-01 09:39:45 AM,2637.7,0,0.0,23982565.800000004
2025-08-01 09:39:50 AM,2637.7,3,7913.099999999999,23990478.900000006
2025-08-01 09:39:56 AM,2636.4,0,0.0,23990478.900000006
2025-08-01 09:39:57 AM,2636.4,26,68546.40000000001,24059025.300000004
2025-08-01 09:40:04 AM,2637.0,0,0.0,24059025.300000004
2025-08-01 09:40:08 AM,2636.0,0,0.0,24059025.300000004
2025-08-01 09:40:10 AM,2636.0,9,23724.0,24082749.300000004
2025-08-01 09:40:12 AM,2635.0,0,0.0,24082749.300000004
2025-08-01 09:40:17 AM,2635.0,87,229245.0,24311994.300000004
2025-08-01 09:40:17 AM,2636.0,89,234604.0,24546598.300000004
2025-08-01 09:40:21 AM,2637.9,0,0.0,24546598.300000004
2025-08-01 09:40:23 AM,2637.9,3,7913.700000000001,24554512.000000004
2025-08-01 09:40:30 AM,2635.6,37,97517.2,24652029.200000003
2025-08-01 09:40:35 AM,2638.6,0,0.0,24652029.200000003
2025-08-01 09:40:36 AM,2638.6,105,277053.0,24929082.200000003
2025-08-01 09:40:39 AM,2640.0,0,0.0,24929082.200000003
2025-08-01 09:40:43 AM,2637.9,89,234773.1,25163855.300000004
2025-08-01 09:40:47 AM,2639.9,0,0.0,25163855.300000004
2025-08-01 09:40:50 AM,2639.9,1,2639.9,25166495.200000003
2025-08-01 09:40:50 AM,2640.0,76,200640.0,25367135.200000003
2025-08-01 09:40:52 AM,2640.2,0,0.0,25367135.200000003
2025-08-01 09:40:56 AM,2640.2,63,166332.59999999998,25533467.800000004
2025-08-01 09:41:02 AM,2640.3,0,0.0,25533467.800000004
2025-08-01 09:41:03 AM,2640.3,1,2640.3,25536108.100000005
2025-08-01 09:41:15 AM,2640.6,0,0.0,25536108.100000005
2025-08-01 09:41:16 AM,2640.6,53,139951.8,25676059.900000006
2025-08-01 09:41:23 AM,2641.2,8,21129.6,25697189.500000007
2025-08-01 09:41:36 AM,2641.2,20,52824.0,25750013.500000007
2025-08-01 09:41:55 AM,2639.0,0,0.0,25750013.500000007
2025-08-01 09:41:56 AM,2639.0,25,65975.0,25815988.500000007
2025-08-01 09:42:03 AM,2640.6,2,5281.2,25821269.700000007
2025-08-01 09:42:15 AM,2638.3,25,65957.5,25887227.200000007
2025-08-01 09:42:28 AM,2637.0,22,58014.0,25945241.200000007
2025-08-01 09:42:34 AM,2636.3,0,0.0,25945241.200000007
2025-08-01 09:42:35 AM,2636.3,26,68543.8,26013785.000000007
2025-08-01 09:42:48 AM,2636.5,1,2636.5,26016421.500000007
2025-08-01 09:42:50 AM,2636.3,0,0.0,26016421.500000007
2025-08-01 09:42:54 AM,2637.4,0,0.0,26016421.500000007
2025-08-01 09:42:54 AM,2636.3,35,92270.5,26108692.000000007
2025-08-01 09:43:07 AM,2636.3,10,26363.0,26135055.000000007
2025-08-01 09:43:14 AM,2635.1,28,73782.8,26208837.80000001
2025-08-01 09:43:18 AM,2635.0,0,0.0,26208837.80000001
2025-08-01 09:43:21 AM,2635.0,5,13175.0,26222012.80000001
2025-08-01 09:43:34 AM,2635.0,26,68510.0,26290522.80000001
2025-08-01 09:43:40 AM,2635.9,5,13179.5,26303702.30000001
2025-08-01 09:43:50 AM,2635.0,0,0.0,26303702.30000001
2025-08-01 09:43:53 AM,2634.2,94,247614.8,26551317.10000001
2025-08-01 09:43:54 AM,2633.1,0,0.0,26551317.10000001
2025-08-01 09:43:55 AM,2633.1,22,57928.2,26609245.30000001
2025-08-01 09:43:58 AM,2634.5,0,0.0,26609245.30000001
2025-08-01 09:44:00 AM,2634.6,26,68499.59999999999,26677744.90000001
2025-08-01 09:44:06 AM,2634.4,0,0.0,26677744.90000001
2025-08-01 09:44:07 AM,2634.4,1,2634.4,26680379.30000001
2025-08-01 09:44:14 AM,2632.5,26,68445.0,26748824.30000001
2025-08-01 09:44:18 AM,2631.2,0,0.0,26748824.30000001
2025-08-01 09:44:20 AM,2631.2,21,55255.2,26804079.500000007
2025-08-01 09:44:27 AM,2631.2,1,2631.2,26806710.700000007
2025-08-01 09:44:28 AM,2631.2,2,5262.4,26811973.100000005
2025-08-01 09:44:34 AM,2630.0,25,65750.0,26877723.100000005
2025-08-01 09:44:39 AM,2630.0,10,26300.0,26904023.100000005
2025-08-01 09:44:42 AM,2630.4,0,0.0,26904023.100000005
2025-08-01 09:44:46 AM,2630.4,33,86803.2,26990826.300000004
2025-08-01 09:44:52 AM,2630.4,24,63129.600000000006,27053955.900000006
2025-08-01 09:44:53 AM,2630.4,1,2630.4,27056586.300000004
2025-08-01 09:45:00 AM,2630.6,0,0.0,27056586.300000004
2025-08-01 09:45:00 AM,2630.6,1,2630.6,27059216.900000006
2025-08-01 09:45:14 AM,2630.6,26,68395.59999999999,27127612.500000007
2025-08-01 09:45:18 AM,2633.9,0,0.0,27127612.500000007
2025-08-01 09:45:19 AM,2633.9,200,526780.0,27654392.500000007
2025-08-01 09:45:22 AM,2632.1,0,0.0,27654392.500000007
2025-08-01 09:45:23 AM,2633.7,0,0.0,27654392.500000007
2025-08-01 09:45:25 AM,2633.6,234,616262.4,28270654.900000006
2025-08-01 09:45:26 AM,2631.2,0,0.0,28270654.900000006
2025-08-01 09:45:26 AM,2631.2,12,31574.399999999998,28302229.300000004
2025-08-01 09:45:33 AM,2630.8,2,5261.6,28307490.900000006
2025-08-01 09:45:42 AM,2631.9,0,0.0,28307490.900000006
2025-08-01 09:45:45 AM,2630.7,46,121012.2,28428503.100000005
2025-08-01 09:45:53 AM,2632.4,0,0.0,28428503.100000005
2025-08-01 09:45:58 AM,2632.4,34,89501.6,28518004.700000007
2025-08-01 09:46:17 AM,2632.4,138,363271.2,28881275.900000006
2025-08-01 09:46:28 AM,2633.2,0,0.0,28881275.900000006
2025-08-01 09:46:30 AM,2636.9,291,767337.9,29648613.800000004
2025-08-01 09:46:38 AM,2635.7,1,2635.7,29651249.500000004
2025-08-01 09:46:51 AM,2635.5,20,52710.0,29703959.500000004
2025-08-01 09:46:52 AM,2634.1,0,0.0,29703959.500000004
2025-08-01 09:46:55 AM,2634.0,0,0.0,29703959.500000004
2025-08-01 09:46:55 AM,2634.0,7,18438.0,29722397.500000004
2025-08-01 09:47:01 AM,2634.0,4,10536.0,29732933.500000004
2025-08-01 09:47:03 AM,2634.0,7,18438.0,29751371.500000004
2025-08-01 09:47:15 AM,2632.2,0,0.0,29751371.500000004
2025-08-01 09:47:15 AM,2632.2,25,65805.0,29817176.500000004
2025-08-01 09:47:24 AM,2632.8,0,0.0,29817176.500000004
2025-08-01 09:47:26 AM,2632.8,20,52656.0,29869832.500000004
2025-08-01 09:47:32 AM,2632.8,2,5265.6,29875098.100000005
2025-08-01 09:47:35 AM,2630.6,21,55242.6,29930340.700000007
2025-08-01 09:47:39 AM,2630.6,5,13153.0,29943493.700000007
2025-08-01 09:47:48 AM,2635.5,165,434857.5,30378351.200000007
2025-08-01 09:48:06 AM,2631.1,165,434131.5,30812482.700000007
2025-08-01 09:48:14 AM,2631.0,0,0.0,30812482.700000007
2025-08-01 09:48:14 AM,2631.0,25,65775.0,30878257.700000007
2025-08-01 09:48:18 AM,2629.9,329,865237.1,31743494.80000001
2025-08-01 09:48:25 AM,2629.9,21,55227.9,31798722.700000007
2025-08-01 09:48:34 AM,2628.0,0,0.0,31798722.700000007
2025-08-01 09:48:34 AM,2628.0,10,26280.0,31825002.700000007
2025-08-01 09:48:40 AM,2632.7,382,1005691.3999999999,32830694.100000005
2025-08-01 09:48:42 AM,2632.9,0,0.0,32830694.100000005
2025-08-01 09:48:44 AM,2632.9,51,134277.9,32964972.000000004
2025-08-01 09:49:10 AM,2630.1,1,2630.1,32967602.100000005
2025-08-01 09:49:14 AM,2628.0,0,0.0,32967602.100000005
2025-08-01 09:49:16 AM,2628.0,220,578160.0,33545762.100000005
2025-08-01 09:49:22 AM,2628.0,1,2628.0,33548390.100000005
2025-08-01 09:49:27 AM,2631.8,0,0.0,33548390.100000005
2025-08-01 09:49:28 AM,2631.8,96,252652.80000000002,33801042.900000006
2025-08-01 09:49:36 AM,2632.9,0,0.0,33801042.900000006
2025-08-01 09:49:37 AM,2632.9,28,73721.2,33874764.10000001
2025-08-01 09:49:42 AM,2633.8,0,0.0,33874764.10000001
2025-08-01 09:49:43 AM,2633.8,1,2633.8,33877397.900000006
2025-08-01 09:49:51 AM,2632.7,0,0.0,33877397.900000006
2025-08-01 09:49:53 AM,2634.5,23,60593.5,33937991.400000006
2025-08-01 09:50:05 AM,2632.8,0,0.0,33937991.400000006
2025-08-01 09:50:06 AM,2632.8,2,5265.6,33943257.00000001
2025-08-01 09:50:08 AM,2632.7,0,0.0,33943257.00000001
2025-08-01 09:50:09 AM,2633.8,32,84281.6,34027538.60000001
2025-08-01 09:50:11 AM,2633.9,0,0.0,34027538.60000001
2025-08-01 09:50:13 AM,2633.9,34,89552.6,34117091.20000001
2025-08-01 09:50:16 AM,2633.7,40,105348.0,34222439.20000001
2025-08-01 09:50:22 AM,2635.6,112,295187.2,34517626.40000001
2025-08-01 09:50:34 AM,2634.3,0,0.0,34517626.40000001
2025-08-01 09:50:34 AM,2634.3,26,68491.8,34586118.20000001
2025-08-01 09:50:55 AM,2633.0,0,0.0,34586118.20000001
2025-08-01 09:50:56 AM,2633.8,0,0.0,34586118.20000001
2025-08-01 09:50:57 AM,2633.8,27,71112.6,34657230.80000001
2025-08-01 09:51:09 AM,2634.3,0,0.0,34657230.80000001
2025-08-01 09:51:11 AM,2634.3,1,2634.3,34659865.10000001
2025-08-01 09:51:16 AM,2632.3,0,0.0,34659865.10000001
2025-08-01 09:51:16 AM,2632.3,25,65807.5,34725672.60000001
2025-08-01 09:51:21 AM,2634.1,0,0.0,34725672.60000001
2025-08-01 09:51:22 AM,2634.1,35,92193.5,34817866.10000001
2025-08-01 09:51:28 AM,2634.5,0,0.0,34817866.10000001
2025-08-01 09:51:30 AM,2634.5,20,52690.0,34870556.10000001
2025-08-01 09:51:47 AM,2634.5,5,13172.5,34883728.60000001
2025-08-01 09:51:55 AM,2632.4,0,0.0,34883728.60000001
2025-08-01 09:51:56 AM,2632.4,25,65810.0,34949538.60000001
2025-08-01 09:52:11 AM,2632.4,2,5264.8,34954803.400000006
2025-08-01 09:52:13 AM,2631.3,0,0.0,34954803.400000006
2025-08-01 09:52:14 AM,2631.0,49,128919.0,35083722.400000006
2025-08-01 09:52:16 AM,2627.0,0,0.0,35083722.400000006
2025-08-01 09:52:17 AM,2626.2,240,630288.0,35714010.400000006
2025-08-01 09:52:19 AM,2627.6,0,0.0,35714010.400000006
2025-08-01 09:52:20 AM,2627.6,30,78828.0,35792838.400000006
2025-08-01 09:52:24 AM,2627.9,1,2627.9,35795466.300000004
2025-08-01 09:52:25 AM,2626.3,0,0.0,35795466.300000004
2025-08-01 09:52:26 AM,2626.3,3,7878.900000000001,35803345.2
2025-08-01 09:52:28 AM,2627.8,0,0.0,35803345.2
2025-08-01 09:52:30 AM,2627.8,1,2627.8,35805973.0
2025-08-01 09:52:31 AM,2627.9,0,0.0,35805973.0
2025-08-01 09:52:32 AM,2627.9,1,2627.9,35808600.9
2025-08-01 09:52:36 AM,2627.9,5,13139.5,35821740.4
2025-08-01 09:52:46 AM,2626.2,0,0.0,35821740.4
2025-08-01 09:52:48 AM,2626.2,14,36766.799999999996,35858507.199999996
2025-08-01 09:52:54 AM,2625.6,24,63014.399999999994,35921521.599999994
2025-08-01 09:52:55 AM,2627.5,0,0.0,35921521.599999994
2025-08-01 09:52:57 AM,2627.5,20,52550.0,35974071.599999994
2025-08-01 09:53:00 AM,2625.6,6,15753.599999999999,35989825.199999996
2025-08-01 09:53:01 AM,2626.0,0,0.0,35989825.199999996
2025-08-01 09:53:02 AM,2626.0,25,65650.0,36055475.199999996
2025-08-01 09:53:04 AM,2625.4,0,0.0,36055475.199999996
2025-08-01 09:53:06 AM,2625.4,100,262540.0,36318015.199999996
2025-08-01 09:53:13 AM,2627.3,0,0.0,36318015.199999996
2025-08-01 09:53:14 AM,2627.3,230,604279.0,36922294.199999996
2025-08-01 09:53:19 AM,2626.9,1,2626.9,36924921.099999994
2025-08-01 09:53:31 AM,2626.8,5,13134.0,36938055.099999994
2025-08-01 09:53:35 AM,2625.2,0,0.0,36938055.099999994
2025-08-01 09:53:37 AM,2625.2,20,52504.0,36990559.099999994
2025-08-01 09:53:41 AM,2624.1,0,0.0,36990559.099999994
2025-08-01 09:53:44 AM,2624.3,0,0.0,36990559.099999994
2025-08-01 09:53:44 AM,2624.3,171,448755.30000000005,37439314.39999999
2025-08-01 09:53:45 AM,2624.0,2,5248.0,37444562.39999999
2025-08-01 09:53:46 AM,2624.3,0,0.0,37444562.39999999
2025-08-01 09:53:50 AM,2624.3,27,70856.1,37515418.49999999
2025-08-01 09:53:56 AM,2622.0,0,0.0,37515418.49999999
2025-08-01 09:53:56 AM,2622.0,19,49818.0,37565236.49999999
2025-08-01 09:54:14 AM,2621.0,0,0.0,37565236.49999999
2025-08-01 09:54:15 AM,2622.0,27,70794.0,37636030.49999999
2025-08-01 09:54:16 AM,2621.0,10,26210.0,37662240.49999999
2025-08-01 09:54:17 AM,2620.0,0,0.0,37662240.49999999
2025-08-01 09:54:21 AM,2620.0,5,13100.0,37675340.49999999
2025-08-01 09:54:27 AM,2617.9,200,523580.0,38198920.49999999
2025-08-01 09:54:30 AM,2620.0,0,0.0,38198920.49999999
2025-08-01 09:54:30 AM,2622.0,0,0.0,38198920.49999999
2025-08-01 09:54:33 AM,2622.0,64,167808.0,38366728.49999999
2025-08-01 09:54:34 AM,2623.7,25,65592.5,38432320.99999999
2025-08-01 09:54:40 AM,2623.6,1,2623.6,38434944.599999994
2025-08-01 09:54:42 AM,2625.7,0,0.0,38434944.599999994
2025-08-01 09:54:42 AM,2622.3,0,0.0,38434944.599999994
2025-08-01 09:54:45 AM,2622.3,401,1051542.3,39486486.89999999
2025-08-01 09:55:12 AM,2620.2,0,0.0,39486486.89999999
2025-08-01 09:55:13 AM,2622.2,0,0.0,39486486.89999999
2025-08-01 09:55:15 AM,2622.5,95,249137.5,39735624.39999999
2025-08-01 09:55:18 AM,2620.9,0,0.0,39735624.39999999
2025-08-01 09:55:21 AM,2620.9,1,2620.9,39738245.29999999
2025-08-01 09:55:32 AM,2620.0,9,23580.0,39761825.29999999
2025-08-01 09:55:34 AM,2618.8,25,65470.00000000001,39827295.29999999
2025-08-01 09:55:41 AM,2622.5,0,0.0,39827295.29999999
2025-08-01 09:55:42 AM,2624.9,0,0.0,39827295.29999999
2025-08-01 09:55:45 AM,2624.9,238,624726.2000000001,40452021.49999999
2025-08-01 09:55:57 AM,2624.4,0,0.0,40452021.49999999
2025-08-01 09:55:57 AM,2624.4,1,2624.4,40454645.89999999
2025-08-01 09:55:59 AM,2624.6,0,0.0,40454645.89999999
2025-08-01 09:56:03 AM,2624.6,39,102359.4,40557005.29999999
2025-08-01 09:56:12 AM,2626.3,0,0.0,40557005.29999999
2025-08-01 09:56:15 AM,2626.3,100,262630.0,40819635.29999999
2025-08-01 09:56:18 AM,2623.0,0,0.0,40819635.29999999
2025-08-01 09:56:21 AM,2623.0,2,5246.0,40824881.29999999
2025-08-01 09:56:35 AM,2622.6,0,0.0,40824881.29999999
2025-08-01 09:56:38 AM,2624.1,0,0.0,40824881.29999999
2025-08-01 09:56:38 AM,2624.1,27,70850.7,40895731.99999999
2025-08-01 09:56:41 AM,2625.0,0,0.0,40895731.99999999
2025-08-01 09:56:45 AM,2622.8,33,86552.40000000001,40982284.39999999
2025-08-01 09:56:46 AM,2621.5,7,18350.5,41000634.89999999
2025-08-01 09:56:48 AM,2621.1,0,0.0,41000634.89999999
2025-08-01 09:56:51 AM,2621.4,5,13107.0,41013741.89999999
2025-08-01 09:56:58 AM,2618.6,100,261860.0,41275601.89999999
2025-08-01 09:57:04 AM,2620.4,10,26204.0,41301805.89999999
2025-08-01 09:57:12 AM,2620.7,0,0.0,41301805.89999999
2025-08-01 09:57:15 AM,2619.3,34,89056.20000000001,41390862.099999994
2025-08-01 09:57:32 AM,2619.6,0,0.0,41390862.099999994
2025-08-01 09:57:32 AM,2619.6,10,26196.0,41417058.099999994
2025-08-01 09:57:34 AM,2618.3,26,68075.8,41485133.89999999
2025-08-01 09:57:44 AM,2618.4,0,0.0,41485133.89999999
2025-08-01 09:57:44 AM,2618.4,14,36657.6,41521791.49999999
2025-08-01 09:57:56 AM,2618.2,0,0.0,41521791.49999999
2025-08-01 09:57:56 AM,2618.2,29,75927.79999999999,41597719.29999999
2025-08-01 09:58:08 AM,2619.5,25,65487.5,41663206.79999999
2025-08-01 09:58:14 AM,2618.6,13,34041.799999999996,41697248.59999999
2025-08-01 09:58:17 AM,2618.2,0,0.0,41697248.59999999
2025-08-01 09:58:17 AM,2618.2,9,23563.8,41720812.39999998
2025-08-01 09:58:26 AM,2618.7,55,144028.5,41864840.89999998
2025-08-01 09:58:32 AM,2618.2,1,2618.2,41867459.09999999
2025-08-01 09:58:35 AM,2618.2,4,10472.8,41877931.89999998
2025-08-01 09:58:45 AM,2619.0,0,0.0,41877931.89999998
2025-08-01 09:58:45 AM,2619.0,19,49761.0,41927692.89999998
2025-08-01 09:58:57 AM,2618.2,0,0.0,41927692.89999998
2025-08-01 09:58:57 AM,2618.2,25,65454.99999999999,41993147.89999998
2025-08-01 09:58:59 AM,2619.0,2,5238.0,41998385.89999998
2025-08-01 09:59:10 AM,2616.7,0,0.0,41998385.89999998
2025-08-01 09:59:11 AM,2616.5,0,0.0,41998385.89999998
2025-08-01 09:59:12 AM,2616.7,52,136068.4,42134454.29999998
2025-08-01 09:59:15 AM,2615.0,0,0.0,42134454.29999998
2025-08-01 09:59:15 AM,2615.0,54,141210.0,42275664.29999998
2025-08-01 09:59:18 AM,2614.4,2521,6590902.4,48866566.69999998
2025-08-01 09:59:22 AM,2615.8,100,261580.00000000003,49128146.69999998
2025-08-01 09:59:28 AM,2614.0,1,2614.0,49130760.69999998
2025-08-01 09:59:37 AM,2613.6,0,0.0,49130760.69999998
2025-08-01 09:59:37 AM,2613.6,1,2613.6,49133374.29999998
2025-08-01 09:59:43 AM,2612.0,0,0.0,49133374.29999998
2025-08-01 09:59:43 AM,2612.0,36,94032.0,49227406.29999998
2025-08-01 09:59:47 AM,2613.4,0,0.0,49227406.29999998
2025-08-01 09:59:47 AM,2613.4,10,26134.0,49253540.29999998
2025-08-01 09:59:51 AM,2612.0,0,0.0,49253540.29999998
2025-08-01 09:59:53 AM,2612.0,74,193288.0,49446828.29999998
2025-08-01 09:59:55 AM,2615.8,0,0.0,49446828.29999998
2025-08-01 09:59:55 AM,2615.8,95,248501.00000000003,49695329.29999998
2025-08-01 09:59:59 AM,2615.8,12,31389.600000000002,49726718.89999998
2025-08-01 10:00:12 AM,2614.3,55,143786.5,49870505.39999998
2025-08-01 10:00:18 AM,2614.3,12,31371.600000000002,49901876.999999985
2025-08-01 10:00:21 AM,2614.3,2,5228.6,49907105.59999999
2025-08-01 10:00:27 AM,2614.3,9,23528.7,49930634.29999999
2025-08-01 10:00:37 AM,2611.6,0,0.0,49930634.29999999
2025-08-01 10:00:37 AM,2611.6,26,67901.59999999999,49998535.89999999
2025-08-01 10:00:38 AM,2611.5,0,0.0,49998535.89999999
2025-08-01 10:00:40 AM,2611.5,17,44395.5,50042931.39999999
2025-08-01 10:00:43 AM,2611.5,18,47007.0,50089938.39999999
2025-08-01 10:00:56 AM,2611.5,25,65287.5,50155225.89999999
2025-08-01 10:01:07 AM,2611.8,0,0.0,50155225.89999999
2025-08-01 10:01:08 AM,2611.8,2845,7430571.000000001,57585796.89999999
2025-08-01 10:01:15 AM,2615.1,80,209208.0,57795004.89999999
2025-08-01 10:01:27 AM,2613.7,1,2613.7,57797618.599999994
2025-08-01 10:01:29 AM,2613.8,0,0.0,57797618.599999994
2025-08-01 10:01:30 AM,2613.8,1,2613.8,57800232.39999999
2025-08-01 10:01:33 AM,2613.8,25,65345.00000000001,57865577.39999999
2025-08-01 10:01:36 AM,2611.8,7,18282.600000000002,57883859.99999999
2025-08-01 10:01:42 AM,2611.4,0,0.0,57883859.99999999
2025-08-01 10:01:43 AM,2611.4,5,13057.0,57896916.99999999
2025-08-01 10:01:55 AM,2611.1,0,0.0,57896916.99999999
2025-08-01 10:01:55 AM,2611.1,26,67888.59999999999,57964805.599999994
2025-08-01 10:01:58 AM,2611.0,0,0.0,57964805.599999994
2025-08-01 10:02:01 AM,2611.0,20,52220.0,58017025.599999994
2025-08-01 10:02:09 AM,2612.0,1,2612.0,58019637.599999994
2025-08-01 10:02:14 AM,2612.0,26,67912.0,58087549.599999994
2025-08-01 10:02:22 AM,2612.0,2,5224.0,58092773.599999994
2025-08-01 10:02:26 AM,2615.0,0,0.0,58092773.599999994
2025-08-01 10:02:27 AM,2615.0,200,523000.0,58615773.599999994
2025-08-01 10:02:28 AM,2613.9,1,2613.9,58618387.49999999
2025-08-01 10:02:54 AM,2616.1,2,5232.2,58623619.699999996
2025-08-01 10:02:57 AM,2620.0,0,0.0,58623619.699999996
2025-08-01 10:02:58 AM,2620.0,117,306540.0,58930159.699999996
2025-08-01 10:03:05 AM,2620.0,95,248900.0,59179059.699999996
2025-08-01 10:03:25 AM,2617.8,0,0.0,59179059.699999996
2025-08-01 10:03:26 AM,2617.8,2,5235.6,59184295.3
2025-08-01 10:03:37 AM,2615.9,0,0.0,59184295.3
2025-08-01 10:03:37 AM,2615.9,25,65397.5,59249692.8
2025-08-01 10:03:39 AM,2617.8,2,5235.6,59254928.4
2025-08-01 10:03:43 AM,2617.8,3,7853.400000000001,59262781.8
2025-08-01 10:04:01 AM,2617.9,0,0.0,59262781.8
2025-08-01 10:04:02 AM,2617.9,33,86390.7,59349172.5
2025-08-01 10:04:27 AM,2617.9,1,2617.9,59351790.4
2025-08-01 10:04:33 AM,2617.9,17,44504.3,59396294.699999996
2025-08-01 10:04:35 AM,2617.9,5,13089.5,59409384.199999996
2025-08-01 10:04:39 AM,2617.9,1,2617.9,59412002.099999994
2025-08-01 10:04:43 AM,2617.0,0,0.0,59412002.099999994
2025-08-01 10:04:46 AM,2617.0,19,49723.0,59461725.099999994
2025-08-01 10:05:05 AM,2616.2,0,0.0,59461725.099999994
2025-08-01 10:05:06 AM,2616.2,27,70637.4,59532362.49999999
2025-08-01 10:05:14 AM,2616.9,0,0.0,59532362.49999999
2025-08-01 10:05:17 AM,2615.9,18,47086.200000000004,59579448.699999996
2025-08-01 10:05:22 AM,2615.6,0,0.0,59579448.699999996
2025-08-01 10:05:23 AM,2615.6,9,23540.399999999998,59602989.099999994
2025-08-01 10:05:29 AM,2615.0,5,13075.0,59616064.099999994
2025-08-01 10:05:35 AM,2615.5,1,2615.5,59618679.599999994
2025-08-01 10:05:41 AM,2615.5,9,23539.5,59642219.099999994
2025-08-01 10:05:51 AM,2616.4,0,0.0,59642219.099999994
2025-08-01 10:05:53 AM,2616.4,26,68026.40000000001,59710245.49999999
2025-08-01 10:05:59 AM,2616.5,1,2616.5,59712861.99999999
2025-08-01 10:06:25 AM,2616.5,1,2616.5,59715478.49999999
2025-08-01 10:06:31 AM,2615.1,15,39226.5,59754704.99999999
2025-08-01 10:06:47 AM,2614.0,100,261400.0,60016104.99999999
2025-08-01 10:06:50 AM,2615.1,0,0.0,60016104.99999999
2025-08-01 10:06:53 AM,2615.1,31,81068.09999999999,60097173.099999994
2025-08-01 10:06:59 AM,2616.0,53,138648.0,60235821.099999994
2025-08-01 10:07:01 AM,2617.0,116,303572.0,60539393.099999994
2025-08-01 10:07:07 AM,2612.8,3,7838.400000000001,60547231.49999999
2025-08-01 10:07:11 AM,2612.8,1,2612.8,60549844.29999999
2025-08-01 10:07:29 AM,2612.5,0,0.0,60549844.29999999
2025-08-01 10:07:30 AM,2612.5,30,78375.0,60628219.29999999
2025-08-01 10:07:38 AM,2614.7,20,52294.0,60680513.29999999
2025-08-01 10:07:42 AM,2612.2,0,0.0,60680513.29999999
2025-08-01 10:07:42 AM,2612.2,21,54856.2,60735369.49999999
2025-08-01 10:07:48 AM,2614.4,83,216995.2,60952364.699999996
2025-08-01 10:08:01 AM,2613.9,0,0.0,60952364.699999996
2025-08-01 10:08:01 AM,2613.9,1,2613.9,60954978.599999994
2025-08-01 10:08:07 AM,2614.2,4,10456.8,60965435.39999999
2025-08-01 10:08:11 AM,2614.0,0,0.0,60965435.39999999
2025-08-01 10:08:12 AM,2612.4,0,0.0,60965435.39999999
2025-08-01 10:08:13 AM,2612.4,6,15674.400000000001,60981109.79999999
2025-08-01 10:08:20 AM,2613.7,1,2613.7,60983723.49999999
2025-08-01 10:08:32 AM,2613.2,3,7839.599999999999,60991563.099999994
2025-08-01 10:08:59 AM,2617.7,0,0.0,60991563.099999994
2025-08-01 10:09:01 AM,2617.7,50908,133261871.6,194253434.7
2025-08-01 10:09:11 AM,2620.7,0,0.0,194253434.7
2025-08-01 10:09:12 AM,2618.2,0,0.0,194253434.7
2025-08-01 10:09:13 AM,2617.4,198,518245.2,194771679.89999998
2025-08-01 10:09:17 AM,2612.9,0,0.0,194771679.89999998
2025-08-01 10:09:19 AM,2612.9,100,261290.0,195032969.89999998
2025-08-01 10:09:25 AM,2616.4,51,133436.4,195166406.29999998
2025-08-01 10:09:43 AM,2613.6,195,509652.0,195676058.29999998
2025-08-01 10:09:53 AM,2613.8,0,0.0,195676058.29999998
2025-08-01 10:09:54 AM,2613.8,5,13069.0,195689127.29999998
2025-08-01 10:10:01 AM,2613.4,9,23520.600000000002,195712647.89999998
2025-08-01 10:10:07 AM,2613.8,70,182966.0,195895613.89999998
2025-08-01 10:10:11 AM,2615.5,0,0.0,195895613.89999998
2025-08-01 10:10:11 AM,2615.5,10,26155.0,195921768.89999998
2025-08-01 10:10:41 AM,2614.8,0,0.0,195921768.89999998
2025-08-01 10:10:41 AM,2614.8,11,28762.800000000003,195950531.7
2025-08-01 10:10:54 AM,2613.7,5,13068.5,195963600.2
2025-08-01 10:10:56 AM,2615.1,0,0.0,195963600.2
2025-08-01 10:10:59 AM,2615.1,2,5230.2,195968830.39999998
2025-08-01 10:11:04 AM,2613.6,5,13068.0,195981898.39999998
2025-08-01 10:11:17 AM,2614.9,0,0.0,195981898.39999998
2025-08-01 10:11:17 AM,2614.9,2,5229.8,195987128.2
2025-08-01 10:11:32 AM,2617.1,0,0.0,195987128.2
2025-08-01 10:11:34 AM,2617.1,86,225070.6,196212198.79999998
2025-08-01 10:11:47 AM,2616.1,0,0.0,196212198.79999998
2025-08-01 10:11:47 AM,2616.1,5,13080.5,196225279.29999998
2025-08-01 10:11:50 AM,2617.1,0,0.0,196225279.29999998
2025-08-01 10:11:51 AM,2615.4,110,287694.0,196512973.29999998
2025-08-01 10:11:56 AM,2617.0,0,0.0,196512973.29999998
2025-08-01 10:11:56 AM,2616.0,0,0.0,196512973.29999998
2025-08-01 10:11:57 AM,2615.5,27996,73223538.0,269736511.29999995
2025-08-01 10:11:59 AM,2613.2,0,0.0,269736511.29999995
2025-08-01 10:12:02 AM,2616.0,0,0.0,269736511.29999995
2025-08-01 10:12:03 AM,2616.0,2729,7139064.0,276875575.29999995
2025-08-01 10:12:05 AM,2615.9,0,0.0,276875575.29999995
2025-08-01 10:12:09 AM,2615.9,49,128179.1,277003754.4
2025-08-01 10:12:15 AM,2615.9,7,18311.3,277022065.7
2025-08-01 10:12:20 AM,2617.7,0,0.0,277022065.7
2025-08-01 10:12:21 AM,2617.7,6,15706.199999999999,277037771.9
2025-08-01 10:12:26 AM,2625.3,0,0.0,277037771.9
2025-08-01 10:12:26 AM,2625.3,62129,163107263.70000002,440145035.6
2025-08-01 10:12:27 AM,2626.8,11,28894.800000000003,440173930.40000004
2025-08-01 10:12:38 AM,2625.0,0,0.0,440173930.40000004
2025-08-01 10:12:38 AM,2625.0,19,49875.0,440223805.40000004
2025-08-01 10:12:47 AM,2619.5,0,0.0,440223805.40000004
2025-08-01 10:12:49 AM,2619.5,56,146692.0,440370497.40000004
2025-08-01 10:13:01 AM,2623.9,195,511660.5,440882157.90000004
2025-08-01 10:13:05 AM,2629.2,0,0.0,440882157.90000004
2025-08-01 10:13:06 AM,2629.2,591,1553857.2,442436015.1
2025-08-01 10:13:07 AM,2627.7,497,1305966.9,443741982.0
2025-08-01 10:13:12 AM,2628.2,1,2628.2,443744610.2
2025-08-01 10:13:17 AM,2620.6,0,0.0,443744610.2
2025-08-01 10:13:18 AM,2620.6,18,47170.799999999996,443791781.0
2025-08-01 10:13:30 AM,2623.5,100,262350.0,444054131.0
2025-08-01 10:13:37 AM,2625.7,2,5251.4,444059382.4
2025-08-01 10:13:44 AM,2623.4,0,0.0,444059382.4
2025-08-01 10:13:47 AM,2622.2,0,0.0,444059382.4
2025-08-01 10:13:48 AM,2622.2,29,76043.79999999999,444135426.2
2025-08-01 10:13:54 AM,2624.3,100,262430.0,444397856.2
2025-08-01 10:14:02 AM,2623.2,0,0.0,444397856.2
2025-08-01 10:14:06 AM,2623.2,36,94435.2,444492291.4
2025-08-01 10:14:12 AM,2625.7,8,21005.6,444513297.0
2025-08-01 10:14:14 AM,2625.0,0,0.0,444513297.0
2025-08-01 10:14:17 AM,2624.4,0,0.0,444513297.0
2025-08-01 10:14:17 AM,2624.4,14,36741.6,444550038.6
2025-08-01 10:14:18 AM,2626.6,1,2626.6,444552665.20000005
2025-08-01 10:14:20 AM,2624.3,0,0.0,444552665.20000005
2025-08-01 10:14:23 AM,2624.3,4,10497.2,444563162.40000004
2025-08-01 10:14:32 AM,2626.4,0,0.0,444563162.40000004
2025-08-01 10:14:34 AM,2626.4,5,13132.0,444576294.40000004
2025-08-01 10:14:36 AM,2624.3,4,10497.2,444586791.6
2025-08-01 10:14:46 AM,2624.0,3,7872.0,444594663.6
2025-08-01 10:14:47 AM,2623.0,0,0.0,444594663.6
2025-08-01 10:14:47 AM,2623.0,11,28853.0,444623516.6
2025-08-01 10:14:58 AM,2625.2,47,123384.4,444746901.0
2025-08-01 10:15:03 AM,2626.5,10,26265.0,444773166.0
2025-08-01 10:15:13 AM,2628.7,0,0.0,444773166.0
2025-08-01 10:15:14 AM,2627.0,0,0.0,444773166.0
2025-08-01 10:15:15 AM,2627.0,24,63048.0,444836214.0
2025-08-01 10:15:16 AM,2628.6,0,0.0,444836214.0
2025-08-01 10:15:16 AM,2628.6,1,2628.6,444838842.6
2025-08-01 10:15:21 AM,2627.3,10,26273.0,444865115.6
2025-08-01 10:15:43 AM,2627.5,0,0.0,444865115.6
2025-08-01 10:15:45 AM,2627.5,8,21020.0,444886135.6
2025-08-01 10:15:46 AM,2627.4,0,0.0,444886135.6
2025-08-01 10:15:46 AM,2627.4,1,2627.4,444888763.0
2025-08-01 10:15:47 AM,2627.3,0,0.0,444888763.0
2025-08-01 10:15:49 AM,2626.0,0,0.0,444888763.0
2025-08-01 10:15:51 AM,2626.0,6,15756.0,444904519.0
2025-08-01 10:16:02 AM,2626.2,0,0.0,444904519.0
2025-08-01 10:16:03 AM,2626.2,2,5252.4,444909771.4
2025-08-01 10:16:14 AM,2626.2,14,36766.799999999996,444946538.2
2025-08-01 10:16:35 AM,2626.7,0,0.0,444946538.2
2025-08-01 10:16:38 AM,2626.7,13,34147.1,444980685.3
2025-08-01 10:16:44 AM,2625.0,0,0.0,444980685.3
2025-08-01 10:16:44 AM,2625.0,118,309750.0,445290435.3
2025-08-01 10:16:46 AM,2621.5,0,0.0,445290435.3
2025-08-01 10:16:49 AM,2621.5,14,36701.0,445327136.3
2025-08-01 10:17:11 AM,2623.7,0,0.0,445327136.3
2025-08-01 10:17:11 AM,2623.7,2,5247.4,445332383.7
2025-08-01 10:17:16 AM,2621.0,0,0.0,445332383.7
2025-08-01 10:17:17 AM,2621.0,15,39315.0,445371698.7
2025-08-01 10:17:47 AM,2620.5,59,154609.5,445526308.2
2025-08-01 10:17:55 AM,2621.0,0,0.0,445526308.2
2025-08-01 10:17:58 AM,2621.0,2,5242.0,445531550.2
2025-08-01 10:18:16 AM,2621.1,0,0.0,445531550.2
2025-08-01 10:18:16 AM,2621.1,14,36695.4,445568245.59999996
2025-08-01 10:18:23 AM,2621.7,0,0.0,445568245.59999996
2025-08-01 10:18:27 AM,2621.7,86,225466.19999999998,445793711.79999995
2025-08-01 10:18:33 AM,2621.7,10,26217.0,445819928.79999995
2025-08-01 10:18:45 AM,2621.1,0,0.0,445819928.79999995
2025-08-01 10:18:45 AM,2621.1,14,36695.4,445856624.1999999
2025-08-01 10:19:18 AM,2621.6,0,0.0,445856624.1999999
2025-08-01 10:19:19 AM,2621.6,35,91756.0,445948380.1999999
2025-08-01 10:19:45 AM,2621.0,0,0.0,445948380.1999999
2025-08-01 10:19:47 AM,2620.4,14,36685.6,445985065.79999995
2025-08-01 10:19:54 AM,2621.5,0,0.0,445985065.79999995
2025-08-01 10:19:54 AM,2621.5,1,2621.5,445987687.29999995
2025-08-01 10:20:04 AM,2621.6,14,36702.4,446024389.6999999
2025-08-01 10:20:15 AM,2621.0,0,0.0,446024389.6999999
2025-08-01 10:20:15 AM,2621.0,3,7863.0,446032252.6999999
2025-08-01 10:20:17 AM,2620.5,11,28825.5,446061078.1999999
2025-08-01 10:20:32 AM,2620.5,28,73374.0,446134452.1999999
2025-08-01 10:20:38 AM,2620.0,0,0.0,446134452.1999999
2025-08-01 10:20:39 AM,2620.0,37,96940.0,446231392.1999999
2025-08-01 10:20:44 AM,2618.6,0,0.0,446231392.1999999
2025-08-01 10:20:45 AM,2618.6,14,36660.4,446268052.5999999
2025-08-01 10:21:01 AM,2619.3,0,0.0,446268052.5999999
2025-08-01 10:21:02 AM,2619.3,3,7857.900000000001,446275910.4999999
2025-08-01 10:21:13 AM,2621.7,0,0.0,446275910.4999999
2025-08-01 10:21:13 AM,2621.7,100,262170.0,446538080.4999999
2025-08-01 10:21:17 AM,2619.4,0,0.0,446538080.4999999
2025-08-01 10:21:19 AM,2619.4,5,13097.0,446551177.4999999
2025-08-01 10:21:24 AM,2620.7,1,2620.7,446553798.19999987
2025-08-01 10:21:32 AM,2620.1,1,2620.1,446556418.2999999
2025-08-01 10:21:35 AM,2616.8,0,0.0,446556418.2999999
2025-08-01 10:21:35 AM,2614.5,134,350343.0,446906761.2999999
2025-08-01 10:21:38 AM,2614.6,0,0.0,446906761.2999999
2025-08-01 10:21:40 AM,2617.3,94,246026.2,447152787.4999999
2025-08-01 10:21:42 AM,2616.8,15,39252.0,447192039.4999999
2025-08-01 10:21:54 AM,2613.1,158,412869.8,447604909.2999999
2025-08-01 10:22:11 AM,2614.4,0,0.0,447604909.2999999
2025-08-01 10:22:11 AM,2614.4,1,2614.4,447607523.69999987
2025-08-01 10:22:14 AM,2616.3,0,0.0,447607523.69999987
2025-08-01 10:22:15 AM,2616.3,280,732564.0,448340087.69999987
2025-08-01 10:22:20 AM,2615.5,0,0.0,448340087.69999987
2025-08-01 10:22:21 AM,2615.5,999,2612884.5,450952972.19999987
2025-08-01 10:22:32 AM,2614.7,0,0.0,450952972.19999987
2025-08-01 10:22:33 AM,2614.7,10,26147.0,450979119.19999987
2025-08-01 10:22:35 AM,2612.5,0,0.0,450979119.19999987
2025-08-01 10:22:35 AM,2612.5,69,180262.5,451159381.69999987
2025-08-01 10:22:40 AM,2613.6,1,2613.6,451161995.2999999
2025-08-01 10:22:54 AM,2612.3,58,151513.40000000002,451313508.69999987
2025-08-01 10:22:57 AM,2612.3,30,78369.0,451391877.69999987
2025-08-01 10:23:02 AM,2612.3,10,26123.0,451418000.69999987
2025-08-01 10:23:11 AM,2612.3,3,7836.900000000001,451425837.59999985
2025-08-01 10:23:14 AM,2612.3,27,70532.1,451496369.69999987
2025-08-01 10:23:34 AM,2612.3,30,78369.0,451574738.69999987
2025-08-01 10:23:37 AM,2613.2,0,0.0,451574738.69999987
2025-08-01 10:23:37 AM,2613.2,2,5226.4,451579965.09999985
2025-08-01 10:23:50 AM,2612.2,0,0.0,451579965.09999985
2025-08-01 10:23:51 AM,2612.2,18,47019.6,451626984.69999987
2025-08-01 10:23:52 AM,2614.0,0,0.0,451626984.69999987
2025-08-01 10:23:54 AM,2614.0,251,656114.0,452283098.69999987
2025-08-01 10:23:56 AM,2612.3,15,39184.5,452322283.19999987
2025-08-01 10:24:07 AM,2612.2,0,0.0,452322283.19999987
2025-08-01 10:24:07 AM,2612.2,1,2612.2,452324895.39999986
2025-08-01 10:24:16 AM,2612.2,27,70529.4,452395424.79999983
2025-08-01 10:24:23 AM,2612.2,57,148895.4,452544320.1999998
2025-08-01 10:24:29 AM,2612.2,64,167180.8,452711500.9999998
2025-08-01 10:24:33 AM,2612.2,15,39183.0,452750683.9999998
2025-08-01 10:24:46 AM,2612.5,1,2612.5,452753296.4999998
2025-08-01 10:24:54 AM,2612.4,28,73147.2,452826443.6999998
2025-08-01 10:24:58 AM,2614.3,0,0.0,452826443.6999998
2025-08-01 10:25:00 AM,2611.7,0,0.0,452826443.6999998
2025-08-01 10:25:00 AM,2611.7,285,744334.5,453570778.1999998
2025-08-01 10:25:02 AM,2611.4,0,0.0,453570778.1999998
2025-08-01 10:25:02 AM,2611.4,51,133181.4,453703959.5999998
2025-08-01 10:25:11 AM,2612.2,0,0.0,453703959.5999998
2025-08-01 10:25:12 AM,2611.0,50,130550.0,453834509.5999998
2025-08-01 10:25:14 AM,2610.9,89,232370.1,454066879.6999998
2025-08-01 10:25:24 AM,2611.0,3,7833.0,454074712.6999998
2025-08-01 10:25:29 AM,2611.6,29,75736.4,454150449.0999998
2025-08-01 10:25:30 AM,2609.7,0,0.0,454150449.0999998
2025-08-01 10:25:31 AM,2609.7,165,430600.49999999994,454581049.5999998
2025-08-01 10:25:33 AM,2609.5,0,0.0,454581049.5999998
2025-08-01 10:25:35 AM,2608.2,19,49555.799999999996,454630605.3999998
2025-08-01 10:25:37 AM,2609.8,1,2609.8,454633215.1999998
2025-08-01 10:25:41 AM,2609.9,0,0.0,454633215.1999998
2025-08-01 10:25:42 AM,2609.9,1,2609.9,454635825.0999998
2025-08-01 10:25:46 AM,2609.9,25,65247.5,454701072.5999998
2025-08-01 10:25:50 AM,2609.0,0,0.0,454701072.5999998
2025-08-01 10:25:51 AM,2609.0,1,2609.0,454703681.5999998
2025-08-01 10:25:56 AM,2609.5,0,0.0,454703681.5999998
2025-08-01 10:25:57 AM,2609.5,30,78285.0,454781966.5999998
2025-08-01 10:25:59 AM,2607.5,0,0.0,454781966.5999998
2025-08-01 10:25:59 AM,2607.5,10,26075.0,454808041.5999998
2025-08-01 10:26:00 AM,2609.0,0,0.0,454808041.5999998
2025-08-01 10:26:02 AM,2605.8,0,0.0,454808041.5999998
2025-08-01 10:26:02 AM,2608.4,216,563414.4,455371455.99999976
2025-08-01 10:26:04 AM,2608.4,4,10433.6,455381889.5999998
2025-08-01 10:26:12 AM,2606.6,0,0.0,455381889.5999998
2025-08-01 10:26:13 AM,2606.6,10,26066.0,455407955.5999998
2025-08-01 10:26:14 AM,2608.3,0,0.0,455407955.5999998
2025-08-01 10:26:15 AM,2606.5,0,0.0,455407955.5999998
2025-08-01 10:26:15 AM,2606.5,39,101653.5,455509609.0999998
2025-08-01 10:26:30 AM,2607.9,10,26079.0,455535688.0999998
2025-08-01 10:26:35 AM,2605.2,0,0.0,455535688.0999998
2025-08-01 10:26:36 AM,2607.9,0,0.0,455535688.0999998
2025-08-01 10:26:36 AM,2607.9,38,99100.2,455634788.2999998
2025-08-01 10:26:50 AM,2610.0,0,0.0,455634788.2999998
2025-08-01 10:26:50 AM,2612.5,499,1303637.5,456938425.7999998
2025-08-01 10:26:53 AM,2612.8,0,0.0,456938425.7999998
2025-08-01 10:26:53 AM,2612.8,87,227313.6,457165739.3999998
2025-08-01 10:27:07 AM,2610.8,2,5221.6,457170960.9999998
2025-08-01 10:27:11 AM,2610.7,2,5221.4,457176182.3999998
2025-08-01 10:27:15 AM,2608.5,0,0.0,457176182.3999998
2025-08-01 10:27:16 AM,2608.5,27,70429.5,457246611.8999998
2025-08-01 10:27:20 AM,2607.5,0,0.0,457246611.8999998
2025-08-01 10:27:21 AM,2609.9,0,0.0,457246611.8999998
2025-08-01 10:27:21 AM,2609.9,542,1414565.8,458661177.6999998
2025-08-01 10:27:35 AM,2606.3,0,0.0,458661177.6999998
2025-08-01 10:27:35 AM,2606.3,27,70370.1,458731547.79999983
2025-08-01 10:27:46 AM,2607.3,4,10429.2,458741976.9999998
2025-08-01 10:27:54 AM,2606.3,0,0.0,458741976.9999998
2025-08-01 10:27:54 AM,2606.3,26,67763.8,458809740.79999983
2025-08-01 10:28:13 AM,2610.0,0,0.0,458809740.79999983
2025-08-01 10:28:13 AM,2610.0,311,811710.0,459621450.79999983
2025-08-01 10:28:14 AM,2615.6,0,0.0,459621450.79999983
2025-08-01 10:28:16 AM,2615.6,219,572816.4,460194267.1999998
2025-08-01 10:28:18 AM,2616.5,0,0.0,460194267.1999998
2025-08-01 10:28:18 AM,2616.5,53,138674.5,460332941.6999998
2025-08-01 10:28:21 AM,2618.1,152,397951.2,460730892.8999998
2025-08-01 10:28:22 AM,2614.9,0,0.0,460730892.8999998
2025-08-01 10:28:24 AM,2614.8,0,0.0,460730892.8999998
2025-08-01 10:28:24 AM,2614.8,241,630166.8,461361059.6999998
2025-08-01 10:28:30 AM,2620.3,699,1831589.7000000002,463192649.3999998
2025-08-01 10:28:32 AM,2619.4,0,0.0,463192649.3999998
2025-08-01 10:28:32 AM,2619.4,105,275037.0,463467686.3999998
2025-08-01 10:28:43 AM,2619.8,15,39297.0,463506983.3999998
2025-08-01 10:28:46 AM,2617.9,1,2617.9,463509601.2999998
2025-08-01 10:28:51 AM,2617.8,0,0.0,463509601.2999998
2025-08-01 10:28:52 AM,2617.8,20,52356.0,463561957.2999998
2025-08-01 10:28:54 AM,2617.0,0,0.0,463561957.2999998
2025-08-01 10:28:55 AM,2617.0,11,28787.0,463590744.2999998
2025-08-01 10:28:57 AM,2617.7,0,0.0,463590744.2999998
2025-08-01 10:28:57 AM,2617.7,12,31412.399999999998,463622156.69999975
2025-08-01 10:29:03 AM,2617.4,2,5234.8,463627391.49999976
2025-08-01 10:29:14 AM,2617.9,0,0.0,463627391.49999976
2025-08-01 10:29:14 AM,2617.9,190,497401.0,464124792.49999976
2025-08-01 10:29:20 AM,2619.4,1,2619.4,464127411.89999974
2025-08-01 10:29:34 AM,2617.1,0,0.0,464127411.89999974
2025-08-01 10:29:36 AM,2617.1,27,70661.7,464198073.5999997
2025-08-01 10:29:40 AM,2618.9,0,0.0,464198073.5999997
2025-08-01 10:29:42 AM,2618.9,2,5237.8,464203311.39999974
2025-08-01 10:29:54 AM,2616.7,0,0.0,464203311.39999974
2025-08-01 10:29:56 AM,2616.7,28,73267.59999999999,464276578.99999976
2025-08-01 10:30:00 AM,2618.8,0,0.0,464276578.99999976
2025-08-01 10:30:01 AM,2618.8,5,13094.0,464289672.99999976
2025-08-01 10:30:04 AM,2618.6,3,7855.799999999999,464297528.7999998
2025-08-01 10:30:16 AM,2616.6,0,0.0,464297528.7999998
2025-08-01 10:30:16 AM,2616.6,22,57565.2,464355093.99999976
2025-08-01 10:30:31 AM,2616.0,0,0.0,464355093.99999976
2025-08-01 10:30:33 AM,2616.0,5,13080.0,464368173.99999976
2025-08-01 10:30:34 AM,2615.5,0,0.0,464368173.99999976
2025-08-01 10:30:36 AM,2615.5,27,70618.5,464438792.49999976
2025-08-01 10:30:39 AM,2616.0,1,2616.0,464441408.49999976
2025-08-01 10:30:49 AM,2616.9,0,0.0,464441408.49999976
2025-08-01 10:30:50 AM,2616.9,36,94208.40000000001,464535616.89999974
2025-08-01 10:30:53 AM,2617.5,0,0.0,464535616.89999974
2025-08-01 10:30:56 AM,2617.5,2,5235.0,464540851.89999974
2025-08-01 10:31:13 AM,2615.4,0,0.0,464540851.89999974
2025-08-01 10:31:13 AM,2616.8,0,0.0,464540851.89999974
2025-08-01 10:31:13 AM,2616.8,88,230278.40000000002,464771130.2999997
2025-08-01 10:31:15 AM,2616.0,0,0.0,464771130.2999997
2025-08-01 10:31:16 AM,2616.0,27,70632.0,464841762.2999997
2025-08-01 10:31:36 AM,2616.0,27,70632.0,464912394.2999997
2025-08-01 10:31:49 AM,2616.9,9,23552.100000000002,464935946.39999974
2025-08-01 10:31:51 AM,2617.9,0,0.0,464935946.39999974
2025-08-01 10:31:53 AM,2617.9,57,149220.30000000002,465085166.69999975
2025-08-01 10:31:59 AM,2617.9,5,13089.5,465098256.19999975
2025-08-01 10:32:09 AM,2617.9,3,7853.700000000001,465106109.89999974
2025-08-01 10:32:15 AM,2616.4,0,0.0,465106109.89999974
2025-08-01 10:32:16 AM,2616.4,24,62793.600000000006,465168903.49999976
2025-08-01 10:32:35 AM,2616.4,27,70642.8,465239546.2999998
2025-08-01 10:32:50 AM,2621.6,165,432564.0,465672110.2999998
2025-08-01 10:32:53 AM,2620.8,0,0.0,465672110.2999998
2025-08-01 10:32:53 AM,2620.8,216,566092.8,466238203.0999998
2025-08-01 10:33:02 AM,2622.9,0,0.0,466238203.0999998
2025-08-01 10:33:04 AM,2622.9,40,104916.0,466343119.0999998
2025-08-01 10:33:10 AM,2623.2,1,2623.2,466345742.2999998
2025-08-01 10:33:20 AM,2620.9,0,0.0,466345742.2999998
2025-08-01 10:33:21 AM,2620.9,13,34071.700000000004,466379813.99999976
2025-08-01 10:33:34 AM,2621.4,27,70777.8,466450591.7999998
2025-08-01 10:33:40 AM,2622.4,0,0.0,466450591.7999998
2025-08-01 10:33:43 AM,2622.4,3,7867.200000000001,466458458.99999976
2025-08-01 10:33:45 AM,2622.4,15,39336.0,466497794.99999976
2025-08-01 10:33:51 AM,2622.4,20,52448.0,466550242.99999976
2025-08-01 10:33:54 AM,2621.0,0,0.0,466550242.99999976
2025-08-01 10:33:54 AM,2621.0,21,55041.0,466605283.99999976
2025-08-01 10:33:57 AM,2621.0,13,34073.0,466639356.99999976
2025-08-01 10:34:12 AM,2622.9,10,26229.0,466665585.99999976
2025-08-01 10:34:15 AM,2621.1,0,0.0,466665585.99999976
2025-08-01 10:34:17 AM,2621.1,19,49800.9,466715386.89999974
2025-08-01 10:34:19 AM,2622.7,1,2622.7,466718009.5999997
2025-08-01 10:34:28 AM,2622.5,1,2622.5,466720632.0999997
2025-08-01 10:34:34 AM,2621.0,27,70767.0,466791399.0999997
2025-08-01 10:34:36 AM,2621.1,0,0.0,466791399.0999997
2025-08-01 10:34:39 AM,2621.1,7,18347.7,466809746.7999997
2025-08-01 10:34:45 AM,2621.2,0,0.0,466809746.7999997
2025-08-01 10:34:45 AM,2621.2,1,2621.2,466812367.9999997
2025-08-01 10:34:54 AM,2621.0,0,0.0,466812367.9999997
2025-08-01 10:34:57 AM,2621.0,28,73388.0,466885755.9999997
2025-08-01 10:35:14 AM,2620.9,27,70764.3,466956520.2999997
2025-08-01 10:35:27 AM,2621.6,0,0.0,466956520.2999997
2025-08-01 10:35:27 AM,2621.6,2,5243.2,466961763.4999997
2025-08-01 10:35:35 AM,2619.5,0,0.0,466961763.4999997
2025-08-01 10:35:36 AM,2619.5,27,70726.5,467032489.9999997
2025-08-01 10:35:54 AM,2618.2,0,0.0,467032489.9999997
2025-08-01 10:35:55 AM,2618.2,28,73309.59999999999,467105799.5999997
2025-08-01 10:36:04 AM,2618.4,0,0.0,467105799.5999997
2025-08-01 10:36:04 AM,2618.4,1,2618.4,467108417.9999997
2025-08-01 10:36:15 AM,2617.8,27,70680.6,467179098.5999997
2025-08-01 10:36:31 AM,2618.9,0,0.0,467179098.5999997
2025-08-01 10:36:32 AM,2618.9,2,5237.8,467184336.39999974
2025-08-01 10:36:34 AM,2616.6,25,65415.0,467249751.39999974
2025-08-01 10:36:40 AM,2618.1,0,0.0,467249751.39999974
2025-08-01 10:36:40 AM,2618.1,1,2618.1,467252369.49999976
2025-08-01 10:36:51 AM,2616.5,5,13082.5,467265451.99999976
2025-08-01 10:36:54 AM,2616.5,570,1491405.0,468756856.99999976
2025-08-01 10:37:03 AM,2616.4,0,0.0,468756856.99999976
2025-08-01 10:37:05 AM,2616.4,1,2616.4,468759473.39999974
2025-08-01 10:37:15 AM,2616.0,0,0.0,468759473.39999974
2025-08-01 10:37:16 AM,2616.0,27,70632.0,468830105.39999974
2025-08-01 10:37:27 AM,2616.0,1,2616.0,468832721.39999974
2025-08-01 10:37:29 AM,2616.0,38,99408.0,468932129.39999974
2025-08-01 10:37:35 AM,2615.6,27,70621.2,469002750.5999997
2025-08-01 10:37:54 AM,2615.7,0,0.0,469002750.5999997
2025-08-01 10:37:55 AM,2615.7,28,73239.59999999999,469075990.19999975
2025-08-01 10:37:59 AM,2616.6,0,0.0,469075990.19999975
2025-08-01 10:38:01 AM,2616.6,192,502387.19999999995,469578377.39999974
2025-08-01 10:38:28 AM,2619.6,2,5239.2,469583616.5999997
2025-08-01 10:38:34 AM,2617.7,27,70677.9,469654294.4999997
2025-08-01 10:38:54 AM,2617.5,0,0.0,469654294.4999997
2025-08-01 10:38:54 AM,2617.5,28,73290.0,469727584.4999997
2025-08-01 10:39:11 AM,2618.0,0,0.0,469727584.4999997
2025-08-01 10:39:13 AM,2618.0,40,104720.0,469832304.4999997
2025-08-01 10:39:16 AM,2618.0,33,86394.0,469918698.4999997
2025-08-01 10:39:36 AM,2618.0,27,70686.0,469989384.4999997
2025-08-01 10:39:54 AM,2617.3,0,0.0,469989384.4999997
2025-08-01 10:39:55 AM,2617.3,28,73284.40000000001,470062668.8999997
2025-08-01 10:40:09 AM,2618.3,0,0.0,470062668.8999997
2025-08-01 10:40:09 AM,2618.3,1,2618.3,470065287.1999997
2025-08-01 10:40:15 AM,2616.9,26,68039.40000000001,470133326.59999967
2025-08-01 10:40:23 AM,2618.3,15,39274.5,470172601.09999967
2025-08-01 10:40:34 AM,2616.8,18,47102.4,470219703.49999964
2025-08-01 10:40:49 AM,2616.0,0,0.0,470219703.49999964
2025-08-01 10:40:51 AM,2616.0,212,554592.0,470774295.49999964
2025-08-01 10:40:55 AM,2616.8,0,0.0,470774295.49999964
2025-08-01 10:40:56 AM,2616.8,28,73270.40000000001,470847565.8999996
2025-08-01 10:41:14 AM,2616.7,0,0.0,470847565.8999996
2025-08-01 10:41:15 AM,2616.7,27,70650.9,470918216.7999996
2025-08-01 10:41:17 AM,2616.2,0,0.0,470918216.7999996
2025-08-01 10:41:18 AM,2616.0,0,0.0,470918216.7999996
2025-08-01 10:41:19 AM,2616.0,58,151728.0,471069944.7999996
2025-08-01 10:41:32 AM,2616.2,0,0.0,471069944.7999996
2025-08-01 10:41:32 AM,2616.2,1,2616.2,471072560.9999996
2025-08-01 10:41:34 AM,2615.9,0,0.0,471072560.9999996
2025-08-01 10:41:36 AM,2616.9,0,0.0,471072560.9999996
2025-08-01 10:41:36 AM,2616.9,120,314028.0,471386588.9999996
2025-08-01 10:41:49 AM,2618.5,0,0.0,471386588.9999996
2025-08-01 10:41:52 AM,2619.4,30,78582.0,471465170.9999996
2025-08-01 10:42:09 AM,2619.2,25,65479.99999999999,471530650.9999996
2025-08-01 10:42:14 AM,2617.4,3,7852.200000000001,471538503.1999996
2025-08-01 10:42:35 AM,2618.0,0,0.0,471538503.1999996
2025-08-01 10:42:37 AM,2618.0,27,70686.0,471609189.1999996
2025-08-01 10:42:53 AM,2619.4,0,0.0,471609189.1999996
2025-08-01 10:42:53 AM,2619.4,12,31432.800000000003,471640621.9999996
2025-08-01 10:42:56 AM,2618.0,25,65450.0,471706071.9999996
2025-08-01 10:43:14 AM,2616.8,0,0.0,471706071.9999996
2025-08-01 10:43:15 AM,2616.8,456,1193260.8,472899332.7999996
2025-08-01 10:43:34 AM,2615.9,20,52318.0,472951650.7999996
2025-08-01 10:43:34 AM,2613.9,0,0.0,472951650.7999996
2025-08-01 10:43:37 AM,2613.9,22,57505.8,473009156.5999996
2025-08-01 10:43:50 AM,2614.7,0,0.0,473009156.5999996
2025-08-01 10:43:52 AM,2614.7,25,65367.49999999999,473074524.0999996
2025-08-01 10:43:54 AM,2611.3,0,0.0,473074524.0999996
2025-08-01 10:43:55 AM,2611.3,46,120119.8,473194643.8999996
2025-08-01 10:43:56 AM,2612.2,0,0.0,473194643.8999996
2025-08-01 10:43:57 AM,2612.2,2,5224.4,473199868.2999996
2025-08-01 10:44:04 AM,2611.0,0,0.0,473199868.2999996
2025-08-01 10:44:05 AM,2611.0,51,133161.0,473333029.2999996
2025-08-01 10:44:06 AM,2611.1,0,0.0,473333029.2999996
2025-08-01 10:44:08 AM,2611.1,2,5222.2,473338251.4999996
2025-08-01 10:44:12 AM,2611.7,0,0.0,473338251.4999996
2025-08-01 10:44:13 AM,2611.7,600,1567020.0,474905271.4999996
2025-08-01 10:44:18 AM,2611.4,0,0.0,474905271.4999996
2025-08-01 10:44:19 AM,2611.4,37,96621.8,475001893.2999996
2025-08-01 10:44:35 AM,2611.4,27,70507.8,475072401.0999996
2025-08-01 10:44:40 AM,2612.8,0,0.0,475072401.0999996
2025-08-01 10:44:41 AM,2612.8,3,7838.400000000001,475080239.4999996
2025-08-01 10:44:50 AM,2613.8,0,0.0,475080239.4999996
2025-08-01 10:44:51 AM,2613.8,200,522760.00000000006,475602999.4999996
2025-08-01 10:45:05 AM,2612.3,13,33959.9,475636959.39999956
2025-08-01 10:45:06 AM,2613.7,0,0.0,475636959.39999956
2025-08-01 10:45:08 AM,2613.7,25,65342.49999999999,475702301.89999956
2025-08-01 10:45:14 AM,2611.2,0,0.0,475702301.89999956
2025-08-01 10:45:16 AM,2613.2,0,0.0,475702301.89999956
2025-08-01 10:45:16 AM,2613.2,28,73169.59999999999,475775471.4999996
2025-08-01 10:45:20 AM,2613.1,0,0.0,475775471.4999996
2025-08-01 10:45:21 AM,2613.1,15,39196.5,475814667.9999996
2025-08-01 10:45:34 AM,2610.8,0,0.0,475814667.9999996
2025-08-01 10:45:35 AM,2610.8,13,33940.4,475848608.39999956
2025-08-01 10:45:52 AM,2612.0,0,0.0,475848608.39999956
2025-08-01 10:45:53 AM,2612.0,19,49628.0,475898236.39999956
2025-08-01 10:45:54 AM,2611.0,0,0.0,475898236.39999956
2025-08-01 10:45:56 AM,2611.0,28,73108.0,475971344.39999956
2025-08-01 10:46:14 AM,2610.0,0,0.0,475971344.39999956
2025-08-01 10:46:14 AM,2610.0,109,284490.0,476255834.39999956
2025-08-01 10:46:31 AM,2610.3,10,26103.0,476281937.39999956
2025-08-01 10:46:34 AM,2609.5,0,0.0,476281937.39999956
2025-08-01 10:46:36 AM,2609.5,20,52190.0,476334127.39999956
2025-08-01 10:46:38 AM,2610.3,10,26103.0,476360230.39999956
2025-08-01 10:46:51 AM,2609.5,0,0.0,476360230.39999956
2025-08-01 10:46:53 AM,2609.5,5,13047.5,476373277.89999956
2025-08-01 10:46:54 AM,2609.5,27,70456.5,476443734.39999956
2025-08-01 10:47:05 AM,2610.0,0,0.0,476443734.39999956
2025-08-01 10:47:05 AM,2610.0,1,2610.0,476446344.39999956
2025-08-01 10:47:07 AM,2609.4,0,0.0,476446344.39999956
2025-08-01 10:47:08 AM,2609.5,0,0.0,476446344.39999956
2025-08-01 10:47:09 AM,2609.6,0,0.0,476446344.39999956
2025-08-01 10:47:09 AM,2609.6,279,728078.4,477174422.79999954
2025-08-01 10:47:17 AM,2608.1,0,0.0,477174422.79999954
2025-08-01 10:47:20 AM,2609.2,0,0.0,477174422.79999954
2025-08-01 10:47:20 AM,2609.2,958,2499613.5999999996,479674036.39999956
2025-08-01 10:47:21 AM,2610.1,0,0.0,479674036.39999956
2025-08-01 10:47:21 AM,2610.1,88,229688.8,479903725.1999996
2025-08-01 10:47:49 AM,2609.9,0,0.0,479903725.1999996
2025-08-01 10:47:49 AM,2609.9,9,23489.100000000002,479927214.2999996
2025-08-01 10:47:51 AM,2609.3,0,0.0,479927214.2999996
2025-08-01 10:47:52 AM,2609.3,29,75669.70000000001,480002883.9999996
2025-08-01 10:47:54 AM,2609.5,0,0.0,480002883.9999996
2025-08-01 10:47:54 AM,2609.5,28,73066.0,480075949.9999996
2025-08-01 10:47:57 AM,2609.1,0,0.0,480075949.9999996
2025-08-01 10:47:57 AM,2609.1,7,18263.7,480094213.6999996
2025-08-01 10:48:04 AM,2610.2,0,0.0,480094213.6999996
2025-08-01 10:48:05 AM,2610.2,11,28712.199999999997,480122925.89999956
2025-08-01 10:48:15 AM,2608.9,0,0.0,480122925.89999956
2025-08-01 10:48:16 AM,2608.9,23,60004.700000000004,480182930.59999955
2025-08-01 10:48:35 AM,2608.9,27,70440.3,480253370.89999956
2025-08-01 10:48:36 AM,2610.2,0,0.0,480253370.89999956
2025-08-01 10:48:37 AM,2610.2,76,198375.19999999998,480451746.09999955
2025-08-01 10:48:46 AM,2609.4,11,28703.4,480480449.4999995
2025-08-01 10:48:53 AM,2609.3,2,5218.6,480485668.09999955
2025-08-01 10:48:58 AM,2610.1,0,0.0,480485668.09999955
2025-08-01 10:48:59 AM,2610.1,1,2610.1,480488278.1999996
2025-08-01 10:49:04 AM,2610.1,37,96573.7,480584851.89999956
2025-08-01 10:49:14 AM,2609.4,3,7828.200000000001,480592680.09999955
2025-08-01 10:49:30 AM,2609.0,77,200893.0,480793573.09999955
2025-08-01 10:49:35 AM,2608.8,0,0.0,480793573.09999955
2025-08-01 10:49:35 AM,2608.8,27,70437.6,480864010.6999996
2025-08-01 10:49:37 AM,2610.0,0,0.0,480864010.6999996
2025-08-01 10:49:41 AM,2610.0,1,2610.0,480866620.6999996
2025-08-01 10:49:52 AM,2610.0,9,23490.0,480890110.6999996
2025-08-01 10:49:55 AM,2608.9,0,0.0,480890110.6999996
2025-08-01 10:49:56 AM,2608.9,29,75658.1,480965768.7999996
2025-08-01 10:49:57 AM,2610.1,0,0.0,480965768.7999996
2025-08-01 10:49:57 AM,2610.1,26,67862.59999999999,481033631.3999996
2025-08-01 10:50:09 AM,2610.1,1,2610.1,481036241.49999964
2025-08-01 10:50:14 AM,2609.3,0,0.0,481036241.49999964
2025-08-01 10:50:14 AM,2610.1,58,151385.8,481187627.29999965
2025-08-01 10:50:25 AM,2610.1,67,174876.69999999998,481362503.99999964
2025-08-01 10:50:41 AM,2610.1,3,7830.299999999999,481370334.29999965
2025-08-01 10:50:52 AM,2609.1,0,0.0,481370334.29999965
2025-08-01 10:50:53 AM,2609.1,32,83491.2,481453825.49999964
2025-08-01 10:50:53 AM,2610.0,6,15660.0,481469485.49999964
2025-08-01 10:50:54 AM,2608.3,0,0.0,481469485.49999964
2025-08-01 10:50:56 AM,2608.7,0,0.0,481469485.49999964
2025-08-01 10:50:59 AM,2608.7,63,164348.09999999998,481633833.59999967
2025-08-01 10:50:59 AM,2610.1,79,206197.9,481840031.49999964
2025-08-01 10:51:10 AM,2610.0,27,70470.0,481910501.49999964
2025-08-01 10:51:14 AM,2609.4,0,0.0,481910501.49999964
2025-08-01 10:51:14 AM,2608.1,0,0.0,481910501.49999964
2025-08-01 10:51:15 AM,2609.4,419,1093338.6,483003840.09999967
2025-08-01 10:51:16 AM,2610.1,217,566391.7,483570231.79999965
2025-08-01 10:51:31 AM,2610.1,1,2610.1,483572841.8999997
2025-08-01 10:51:43 AM,2610.2,51,133120.19999999998,483705962.09999967
2025-08-01 10:51:59 AM,2610.2,1,2610.2,483708572.29999965
2025-08-01 10:52:00 AM,2610.1,0,0.0,483708572.29999965
2025-08-01 10:52:04 AM,2610.1,37,96573.7,483805145.99999964
2025-08-01 10:52:14 AM,2610.0,0,0.0,483805145.99999964
2025-08-01 10:52:15 AM,2610.0,61,159210.0,483964355.99999964
2025-08-01 10:52:34 AM,2608.4,0,0.0,483964355.99999964
2025-08-01 10:52:36 AM,2610.1,0,0.0,483964355.99999964
2025-08-01 10:52:36 AM,2610.1,38,99183.8,484063539.79999965
2025-08-01 10:52:37 AM,2610.0,3,7830.0,484071369.79999965
2025-08-01 10:52:43 AM,2610.0,37,96570.0,484167939.79999965
2025-08-01 10:52:52 AM,2610.2,10,26102.0,484194041.79999965
2025-08-01 10:53:09 AM,2610.2,2,5220.4,484199262.19999963
2025-08-01 10:53:12 AM,2609.5,0,0.0,484199262.19999963
2025-08-01 10:53:13 AM,2609.5,3,7828.5,484207090.69999963
2025-08-01 10:53:14 AM,2609.5,27,70456.5,484277547.19999963
2025-08-01 10:53:25 AM,2609.5,2,5219.0,484282766.19999963
2025-08-01 10:53:35 AM,2609.5,61,159179.5,484441945.69999963
2025-08-01 10:53:48 AM,2610.2,0,0.0,484441945.69999963
2025-08-01 10:53:51 AM,2610.2,1,2610.2,484444555.8999996
2025-08-01 10:53:54 AM,2609.6,0,0.0,484444555.8999996
2025-08-01 10:53:56 AM,2609.6,33,86116.8,484530672.69999963
2025-08-01 10:54:14 AM,2610.0,0,0.0,484530672.69999963
2025-08-01 10:54:16 AM,2609.4,0,0.0,484530672.69999963
2025-08-01 10:54:16 AM,2609.6,0,0.0,484530672.69999963
2025-08-01 10:54:18 AM,2608.6,768,2003404.7999999998,486534077.49999964
2025-08-01 10:54:18 AM,2608.4,0,0.0,486534077.49999964
2025-08-01 10:54:19 AM,2610.2,596,1555679.2,488089756.69999963
2025-08-01 10:54:34 AM,2609.8,0,0.0,488089756.69999963
2025-08-01 10:54:34 AM,2609.8,9,23488.2,488113244.8999996
2025-08-01 10:54:38 AM,2609.9,0,0.0,488113244.8999996
2025-08-01 10:54:39 AM,2609.9,396,1033520.4,489146765.2999996
2025-08-01 10:54:40 AM,2610.0,71,185310.0,489332075.2999996
2025-08-01 10:55:02 AM,2609.4,0,0.0,489332075.2999996
2025-08-01 10:55:05 AM,2609.4,60,156564.0,489488639.2999996
2025-08-01 10:55:08 AM,2610.1,0,0.0,489488639.2999996
2025-08-01 10:55:10 AM,2610.1,2,5220.2,489493859.4999996
2025-08-01 10:55:11 AM,2610.0,43,112230.0,489606089.4999996
2025-08-01 10:55:18 AM,2609.5,0,0.0,489606089.4999996
2025-08-01 10:55:21 AM,2609.5,656,1711832.0,491317921.4999996
2025-08-01 10:55:39 AM,2610.0,1,2610.0,491320531.4999996
2025-08-01 10:55:44 AM,2610.1,15,39151.5,491359682.9999996
2025-08-01 10:55:54 AM,2609.5,0,0.0,491359682.9999996
2025-08-01 10:55:54 AM,2609.5,29,75675.5,491435358.4999996
2025-08-01 10:55:55 AM,2610.0,2,5220.0,491440578.4999996
2025-08-01 10:56:14 AM,2609.4,0,0.0,491440578.4999996
2025-08-01 10:56:15 AM,2609.4,60,156564.0,491597142.4999996
2025-08-01 10:56:34 AM,2606.9,0,0.0,491597142.4999996
2025-08-01 10:56:34 AM,2608.1,0,0.0,491597142.4999996
2025-08-01 10:56:36 AM,2609.9,0,0.0,491597142.4999996
2025-08-01 10:56:36 AM,2609.9,585,1526791.5,493123933.9999996
2025-08-01 10:56:37 AM,2610.1,133,347143.3,493471077.2999996
2025-08-01 10:56:40 AM,2608.4,0,0.0,493471077.2999996
2025-08-01 10:56:41 AM,2608.4,58,151287.2,493622364.4999996
2025-08-01 10:56:48 AM,2609.6,4,10438.4,493632802.89999956
2025-08-01 10:56:54 AM,2609.7,0,0.0,493632802.89999956
2025-08-01 10:56:54 AM,2609.3,0,0.0,493632802.89999956
2025-08-01 10:56:56 AM,2608.4,0,0.0,493632802.89999956
2025-08-01 10:56:56 AM,2609.8,0,0.0,493632802.89999956
2025-08-01 10:56:57 AM,2609.8,419,1093506.2000000002,494726309.09999955
2025-08-01 10:56:58 AM,2610.0,0,0.0,494726309.09999955
2025-08-01 10:56:58 AM,2610.0,40,104400.0,494830709.09999955
2025-08-01 10:57:04 AM,2610.1,0,0.0,494830709.09999955
2025-08-01 10:57:07 AM,2610.1,5,13050.5,494843759.59999955
2025-08-01 10:57:14 AM,2609.5,0,0.0,494843759.59999955
2025-08-01 10:57:18 AM,2609.5,24,62628.0,494906387.59999955
2025-08-01 10:57:32 AM,2609.6,0,0.0,494906387.59999955
2025-08-01 10:57:34 AM,2609.6,76,198329.6,495104717.1999996
2025-08-01 10:57:35 AM,2610.0,1,2610.0,495107327.1999996
2025-08-01 10:57:38 AM,2610.1,0,0.0,495107327.1999996
2025-08-01 10:57:39 AM,2610.1,20,52202.0,495159529.1999996
2025-08-01 10:57:50 AM,2610.4,0,0.0,495159529.1999996
2025-08-01 10:57:50 AM,2610.4,10,26104.0,495185633.1999996
2025-08-01 10:57:54 AM,2609.1,0,0.0,495185633.1999996
2025-08-01 10:57:55 AM,2609.1,5,13045.5,495198678.6999996
2025-08-01 10:58:02 AM,2610.4,0,0.0,495198678.6999996
2025-08-01 10:58:06 AM,2610.4,1,2610.4,495201289.09999955
2025-08-01 10:58:11 AM,2609.4,18,46969.200000000004,495248258.29999954
2025-08-01 10:58:14 AM,2610.4,0,0.0,495248258.29999954
2025-08-01 10:58:16 AM,2610.4,28,73091.2,495321349.4999995
2025-08-01 10:58:30 AM,2610.3,0,0.0,495321349.4999995
2025-08-01 10:58:33 AM,2610.3,1,2610.3,495323959.79999954
2025-08-01 10:58:34 AM,2610.0,0,0.0,495323959.79999954
2025-08-01 10:58:34 AM,2609.6,0,0.0,495323959.79999954
2025-08-01 10:58:38 AM,2609.5,0,0.0,495323959.79999954
2025-08-01 10:58:38 AM,2608.4,0,0.0,495323959.79999954
2025-08-01 10:58:39 AM,2608.3,320,834656.0,496158615.79999954
2025-08-01 10:58:39 AM,2610.1,107,279280.7,496437896.4999995
2025-08-01 10:58:50 AM,2609.1,0,0.0,496437896.4999995
2025-08-01 10:58:50 AM,2609.1,97,253082.69999999998,496690979.1999995
2025-08-01 10:58:52 AM,2607.9,0,0.0,496690979.1999995
2025-08-01 10:58:55 AM,2610.0,172,448920.0,497139899.1999995
2025-08-01 10:59:05 AM,2610.1,2,5220.2,497145119.3999995
2025-08-01 10:59:14 AM,2609.4,0,0.0,497145119.3999995
2025-08-01 10:59:15 AM,2609.4,26,67844.40000000001,497212963.7999995
2025-08-01 10:59:26 AM,2610.0,1,2610.0,497215573.7999995
2025-08-01 10:59:28 AM,2609.7,0,0.0,497215573.7999995
2025-08-01 10:59:30 AM,2609.7,10,26097.0,497241670.7999995
2025-08-01 10:59:32 AM,2609.8,0,0.0,497241670.7999995
2025-08-01 10:59:35 AM,2609.8,41,107001.8,497348672.5999995
2025-08-01 10:59:41 AM,2609.7,5,13048.5,497361721.0999995
2025-08-01 10:59:54 AM,2609.8,0,0.0,497361721.0999995
2025-08-01 10:59:54 AM,2608.8,0,0.0,497361721.0999995
2025-08-01 10:59:56 AM,2609.9,0,0.0,497361721.0999995
2025-08-01 10:59:57 AM,2609.8,538,1404072.4000000001,498765793.49999946
2025-08-01 10:59:58 AM,2609.9,0,0.0,498765793.49999946
2025-08-01 10:59:58 AM,2610.0,0,0.0,498765793.49999946
2025-08-01 11:00:03 AM,2610.0,135,352350.0,499118143.49999946
2025-08-01 11:00:13 AM,2610.1,0,0.0,499118143.49999946
2025-08-01 11:00:15 AM,2609.0,0,0.0,499118143.49999946
2025-08-01 11:00:15 AM,2609.0,28,73052.0,499191195.49999946
2025-08-01 11:00:21 AM,2610.1,0,0.0,499191195.49999946
2025-08-01 11:00:26 AM,2610.1,160,417616.0,499608811.49999946
2025-08-01 11:00:43 AM,2609.6,1,2609.6,499611421.0999995
2025-08-01 11:00:58 AM,2609.6,28,73068.8,499684489.8999995
2025-08-01 11:01:09 AM,2610.1,0,0.0,499684489.8999995
2025-08-01 11:01:09 AM,2610.1,86,224468.6,499908958.4999995
2025-08-01 11:01:14 AM,2609.5,24,62628.0,499971586.4999995
2025-08-01 11:01:17 AM,2610.1,0,0.0,499971586.4999995
2025-08-01 11:01:19 AM,2610.1,5,13050.5,499984636.9999995
2025-08-01 11:01:35 AM,2610.0,145,378450.0,500363086.9999995
2025-08-01 11:01:49 AM,2610.1,0,0.0,500363086.9999995
2025-08-01 11:01:50 AM,2610.1,1,2610.1,500365697.09999955
2025-08-01 11:01:51 AM,2609.1,0,0.0,500365697.09999955
2025-08-01 11:01:51 AM,2609.1,4,10436.4,500376133.4999995
2025-08-01 11:01:56 AM,2609.1,28,73054.8,500449188.29999954
2025-08-01 11:02:15 AM,2609.2,0,0.0,500449188.29999954
2025-08-01 11:02:16 AM,2609.2,497,1296772.4,501745960.6999995
2025-08-01 11:02:17 AM,2610.0,0,0.0,501745960.6999995
2025-08-01 11:02:17 AM,2610.0,104,271440.0,502017400.6999995
2025-08-01 11:02:23 AM,2608.9,0,0.0,502017400.6999995
2025-08-01 11:02:23 AM,2608.9,2,5217.8,502022618.4999995
2025-08-01 11:02:34 AM,2609.3,27,70451.1,502093069.59999955
2025-08-01 11:02:35 AM,2609.2,0,0.0,502093069.59999955
2025-08-01 11:02:35 AM,2609.2,8,20873.6,502113943.1999996
2025-08-01 11:02:43 AM,2609.4,0,0.0,502113943.1999996
2025-08-01 11:02:45 AM,2609.4,1,2609.4,502116552.59999955
2025-08-01 11:02:53 AM,2610.1,0,0.0,502116552.59999955
2025-08-01 11:02:55 AM,2610.0,0,0.0,502116552.59999955
2025-08-01 11:02:55 AM,2610.0,34,88740.0,502205292.59999955
2025-08-01 11:03:02 AM,2610.0,1,2610.0,502207902.59999955
2025-08-01 11:03:15 AM,2610.0,27,70470.0,502278372.59999955
2025-08-01 11:03:26 AM,2610.0,5,13050.0,502291422.59999955
2025-08-01 11:03:30 AM,2610.0,20,52200.0,502343622.59999955
2025-08-01 11:03:35 AM,2609.3,0,0.0,502343622.59999955
2025-08-01 11:03:36 AM,2609.3,27,70451.1,502414073.6999996
2025-08-01 11:03:43 AM,2609.2,0,0.0,502414073.6999996
2025-08-01 11:03:44 AM,2609.2,1,2609.2,502416682.89999956
2025-08-01 11:03:55 AM,2609.3,28,73060.40000000001,502489743.29999954
2025-08-01 11:03:57 AM,2609.5,0,0.0,502489743.29999954
2025-08-01 11:03:57 AM,2609.5,1,2609.5,502492352.79999954
2025-08-01 11:04:07 AM,2610.1,0,0.0,502492352.79999954
2025-08-01 11:04:08 AM,2610.1,1,2610.1,502494962.89999956
2025-08-01 11:04:15 AM,2609.4,0,0.0,502494962.89999956
2025-08-01 11:04:15 AM,2609.4,27,70453.8,502565416.6999996
2025-08-01 11:04:35 AM,2609.8,0,0.0,502565416.6999996
2025-08-01 11:04:35 AM,2609.8,27,70464.6,502635881.2999996
2025-08-01 11:04:49 AM,2609.8,1,2609.8,502638491.0999996
2025-08-01 11:04:54 AM,2609.7,0,0.0,502638491.0999996
2025-08-01 11:04:54 AM,2609.7,28,73071.59999999999,502711562.69999963
2025-08-01 11:05:00 AM,2612.0,0,0.0,502711562.69999963
2025-08-01 11:05:00 AM,2612.0,148,386576.0,503098138.69999963
2025-08-01 11:05:01 AM,2611.4,12,31336.800000000003,503129475.49999964
2025-08-01 11:05:05 AM,2613.1,0,0.0,503129475.49999964
2025-08-01 11:05:06 AM,2613.1,2,5226.2,503134701.69999963
2025-08-01 11:05:13 AM,2612.7,0,0.0,503134701.69999963
2025-08-01 11:05:16 AM,2612.0,0,0.0,503134701.69999963
2025-08-01 11:05:16 AM,2612.0,16,41792.0,503176493.69999963
2025-08-01 11:05:23 AM,2613.1,1,2613.1,503179106.79999965
2025-08-01 11:05:34 AM,2612.0,0,0.0,503179106.79999965
2025-08-01 11:05:37 AM,2612.0,27,70524.0,503249630.79999965
2025-08-01 11:05:39 AM,2613.1,0,0.0,503249630.79999965
2025-08-01 11:05:39 AM,2613.1,1,2613.1,503252243.8999997
2025-08-01 11:05:45 AM,2613.7,49,128071.29999999999,503380315.1999997
2025-08-01 11:05:48 AM,2613.0,40,104520.0,503484835.1999997
2025-08-01 11:05:55 AM,2613.7,0,0.0,503484835.1999997
2025-08-01 11:05:55 AM,2613.7,1,2613.7,503487448.8999997
2025-08-01 11:06:06 AM,2613.0,0,0.0,503487448.8999997
2025-08-01 11:06:10 AM,2613.0,5,13065.0,503500513.8999997
2025-08-01 11:06:15 AM,2613.0,27,70551.0,503571064.8999997
2025-08-01 11:06:33 AM,2613.0,177,462501.0,504033565.8999997
2025-08-01 11:06:34 AM,2611.1,0,0.0,504033565.8999997
2025-08-01 11:06:35 AM,2611.1,27,70499.7,504104065.59999967
2025-08-01 11:06:37 AM,2613.5,0,0.0,504104065.59999967
2025-08-01 11:06:40 AM,2613.5,1051,2746788.5,506850854.09999967
2025-08-01 11:06:41 AM,2613.1,2025,5291527.5,512142381.59999967
2025-08-01 11:06:47 AM,2613.9,0,0.0,512142381.59999967
2025-08-01 11:06:48 AM,2613.9,39,101942.1,512244323.6999997
2025-08-01 11:06:55 AM,2616.0,0,0.0,512244323.6999997
2025-08-01 11:06:57 AM,2616.0,2113,5527608.0,517771931.6999997
2025-08-01 11:06:58 AM,2607.0,0,0.0,517771931.6999997
2025-08-01 11:06:59 AM,2607.0,282,735174.0,518507105.6999997
2025-08-01 11:07:01 AM,2608.2,0,0.0,518507105.6999997
2025-08-01 11:07:02 AM,2608.2,2044,5331160.8,523838266.4999997
2025-08-01 11:07:05 AM,2611.2,0,0.0,523838266.4999997
2025-08-01 11:07:08 AM,2611.2,2001,5225011.199999999,529063277.6999997
2025-08-01 11:07:13 AM,2608.9,0,0.0,529063277.6999997
2025-08-01 11:07:13 AM,2608.9,32,83484.8,529146762.4999997
2025-08-01 11:07:18 AM,2605.7,50,130284.99999999999,529277047.4999997
2025-08-01 11:07:20 AM,2605.2,19,49498.799999999996,529326546.2999997
2025-08-01 11:07:24 AM,2608.3,60683,158279468.9,687606015.1999997
2025-08-01 11:07:29 AM,2607.5,0,0.0,687606015.1999997
2025-08-01 11:07:29 AM,2607.5,1,2607.5,687608622.6999997
2025-08-01 11:07:30 AM,2607.1,61,159033.1,687767655.7999997
2025-08-01 11:07:31 AM,2606.1,0,0.0,687767655.7999997
2025-08-01 11:07:35 AM,2606.1,44,114668.4,687882324.1999997
2025-08-01 11:07:47 AM,2605.0,0,0.0,687882324.1999997
2025-08-01 11:07:47 AM,2605.0,55,143275.0,688025599.1999997
2025-08-01 11:07:55 AM,2603.7,0,0.0,688025599.1999997
2025-08-01 11:07:56 AM,2605.0,128,333440.0,688359039.1999997
2025-08-01 11:07:57 AM,2605.3,0,0.0,688359039.1999997
2025-08-01 11:07:58 AM,2605.3,5,13026.5,688372065.6999997
2025-08-01 11:08:02 AM,2604.0,1,2604.0,688374669.6999997
2025-08-01 11:08:07 AM,2603.9,0,0.0,688374669.6999997
2025-08-01 11:08:07 AM,2603.9,2,5207.8,688379877.4999996
2025-08-01 11:08:14 AM,2601.8,73,189931.40000000002,688569808.8999996
2025-08-01 11:08:25 AM,2600.0,499,1297400.0,689867208.8999996
2025-08-01 11:08:28 AM,2600.0,80,208000.0,690075208.8999996
2025-08-01 11:08:33 AM,2602.3,0,0.0,690075208.8999996
2025-08-01 11:08:33 AM,2602.3,141,366924.30000000005,690442133.1999996
2025-08-01 11:08:35 AM,2601.0,0,0.0,690442133.1999996
2025-08-01 11:08:35 AM,2601.0,27,70227.0,690512360.1999996
2025-08-01 11:08:51 AM,2601.8,0,0.0,690512360.1999996
2025-08-01 11:08:51 AM,2601.8,2,5203.6,690517563.7999996
2025-08-01 11:08:54 AM,2600.1,28,72802.8,690590366.5999995
2025-08-01 11:09:00 AM,2595.0,0,0.0,690590366.5999995
2025-08-01 11:09:03 AM,2592.8,6614,17148779.200000003,707739145.7999996
2025-08-01 11:09:05 AM,2595.4,87,225799.80000000002,707964945.5999995
2025-08-01 11:09:07 AM,2595.1,0,0.0,707964945.5999995
2025-08-01 11:09:09 AM,2595.1,2,5190.2,707970135.7999996
2025-08-01 11:09:23 AM,2595.0,10,25950.0,707996085.7999996
2025-08-01 11:09:31 AM,2593.7,67,173777.9,708169863.6999996
2025-08-01 11:09:34 AM,2592.3,0,0.0,708169863.6999996
2025-08-01 11:09:36 AM,2592.3,27,69992.1,708239855.7999996
2025-08-01 11:09:51 AM,2591.0,100,259100.0,708498955.7999996
2025-08-01 11:09:54 AM,2590.3,0,0.0,708498955.7999996
2025-08-01 11:09:55 AM,2590.3,53,137285.90000000002,708636241.6999996
2025-08-01 11:09:58 AM,2591.2,0,0.0,708636241.6999996
2025-08-01 11:10:00 AM,2591.2,5,12956.0,708649197.6999996
2025-08-01 11:10:06 AM,2592.7,0,0.0,708649197.6999996
2025-08-01 11:10:07 AM,2592.7,25,64817.49999999999,708714015.1999996
2025-08-01 11:10:08 AM,2591.1,0,0.0,708714015.1999996
2025-08-01 11:10:11 AM,2590.7,32,82902.4,708796917.5999995
2025-08-01 11:10:14 AM,2589.7,0,0.0,708796917.5999995
2025-08-01 11:10:16 AM,2589.0,0,0.0,708796917.5999995
2025-08-01 11:10:16 AM,2589.0,207,535923.0,709332840.5999995
2025-08-01 11:10:18 AM,2589.9,0,0.0,709332840.5999995
2025-08-01 11:10:20 AM,2589.0,0,0.0,709332840.5999995
2025-08-01 11:10:22 AM,2589.0,49,126861.0,709459701.5999995
2025-08-01 11:10:24 AM,2592.8,0,0.0,709459701.5999995
2025-08-01 11:10:26 AM,2590.8,0,0.0,709459701.5999995
2025-08-01 11:10:26 AM,2591.3,0,0.0,709459701.5999995
2025-08-01 11:10:27 AM,2591.5,420,1088430.0,710548131.5999995
2025-08-01 11:10:34 AM,2589.9,0,0.0,710548131.5999995
2025-08-01 11:10:38 AM,2589.9,550,1424445.0,711972576.5999995
2025-08-01 11:10:39 AM,2591.5,4,10366.0,711982942.5999995
2025-08-01 11:10:42 AM,2589.9,0,0.0,711982942.5999995
2025-08-01 11:10:44 AM,2589.9,10,25899.0,712008841.5999995
2025-08-01 11:10:54 AM,2589.9,28,72517.2,712081358.7999996
2025-08-01 11:11:08 AM,2590.6,0,0.0,712081358.7999996
2025-08-01 11:11:11 AM,2590.6,40,103624.0,712184982.7999996
2025-08-01 11:11:14 AM,2589.9,0,0.0,712184982.7999996
2025-08-01 11:11:17 AM,2589.9,39,101006.1,712285988.8999996
2025-08-01 11:11:20 AM,2589.6,0,0.0,712285988.8999996
2025-08-01 11:11:22 AM,2589.6,3,7768.799999999999,712293757.6999996
2025-08-01 11:11:27 AM,2587.4,20,51748.0,712345505.6999996
2025-08-01 11:11:28 AM,2589.4,0,0.0,712345505.6999996
2025-08-01 11:11:28 AM,2589.5,4,10358.0,712355863.6999996
2025-08-01 11:11:34 AM,2587.1,0,0.0,712355863.6999996
2025-08-01 11:11:34 AM,2587.1,49,126767.9,712482631.5999995
2025-08-01 11:11:36 AM,2587.2,0,0.0,712482631.5999995
2025-08-01 11:11:38 AM,2587.3,0,0.0,712482631.5999995
2025-08-01 11:11:38 AM,2587.0,28,72436.0,712555067.5999995
2025-08-01 11:11:42 AM,2588.6,0,0.0,712555067.5999995
2025-08-01 11:11:44 AM,2588.6,8,20708.8,712575776.3999995
2025-08-01 11:11:46 AM,2586.6,0,0.0,712575776.3999995
2025-08-01 11:11:49 AM,2588.4,49,126831.6,712702607.9999995
2025-08-01 11:11:50 AM,2591.5,0,0.0,712702607.9999995
2025-08-01 11:11:52 AM,2589.9,0,0.0,712702607.9999995
2025-08-01 11:11:54 AM,2589.9,286,740711.4,713443319.3999995
2025-08-01 11:11:58 AM,2593.0,0,0.0,713443319.3999995
2025-08-01 11:11:59 AM,2593.0,195,505635.0,713948954.3999995
2025-08-01 11:12:07 AM,2590.0,0,0.0,713948954.3999995
2025-08-01 11:12:07 AM,2590.0,50,129500.0,714078454.3999995
2025-08-01 11:12:13 AM,2592.8,0,0.0,714078454.3999995
2025-08-01 11:12:13 AM,2592.8,99,256687.2,714335141.5999995
2025-08-01 11:12:14 AM,2594.7,1,2594.7,714337736.2999996
2025-08-01 11:12:15 AM,2595.1,0,0.0,714337736.2999996
2025-08-01 11:12:15 AM,2595.1,35,90828.5,714428564.7999996
2025-08-01 11:12:16 AM,2593.6,3,7780.799999999999,714436345.5999995
2025-08-01 11:12:20 AM,2594.7,0,0.0,714436345.5999995
2025-08-01 11:12:20 AM,2594.7,25,64867.49999999999,714501213.0999995
2025-08-01 11:12:22 AM,2594.7,8,20757.6,714521970.6999996
2025-08-01 11:12:25 AM,2594.9,0,0.0,714521970.6999996
2025-08-01 11:12:25 AM,2594.9,4,10379.6,714532350.2999996
2025-08-01 11:12:26 AM,2593.0,17,44081.0,714576431.2999996
2025-08-01 11:12:30 AM,2594.9,0,0.0,714576431.2999996
2025-08-01 11:12:30 AM,2594.9,1,2594.9,714579026.1999996
2025-08-01 11:12:31 AM,2595.0,2,5190.0,714584216.1999996
2025-08-01 11:12:32 AM,2595.2,3,7785.599999999999,714592001.7999996
2025-08-01 11:12:33 AM,2595.3,2,5190.6,714597192.3999996
2025-08-01 11:12:33 AM,2597.4,107,277921.8,714875114.1999996
2025-08-01 11:12:34 AM,2593.8,5,12969.0,714888083.1999996
2025-08-01 11:12:38 AM,2595.4,0,0.0,714888083.1999996
2025-08-01 11:12:38 AM,2595.4,1,2595.4,714890678.5999995
2025-08-01 11:12:39 AM,2596.1,0,0.0,714890678.5999995
2025-08-01 11:12:39 AM,2596.1,4,10384.4,714901062.9999995
2025-08-01 11:12:40 AM,2596.1,3,7788.299999999999,714908851.2999995
2025-08-01 11:12:45 AM,2601.0,0,0.0,714908851.2999995
2025-08-01 11:12:45 AM,2601.0,500,1300500.0,716209351.2999995
2025-08-01 11:12:46 AM,2596.9,0,0.0,716209351.2999995
2025-08-01 11:12:46 AM,2596.9,8,20775.2,716230126.4999995
2025-08-01 11:12:47 AM,2594.1,0,0.0,716230126.4999995
2025-08-01 11:12:47 AM,2594.1,13,33723.299999999996,716263849.7999995
2025-08-01 11:12:55 AM,2595.3,0,0.0,716263849.7999995
2025-08-01 11:12:55 AM,2595.3,3,7785.900000000001,716271635.6999995
2025-08-01 11:13:02 AM,2594.3,0,0.0,716271635.6999995
2025-08-01 11:13:03 AM,2595.4,40,103816.0,716375451.6999995
2025-08-01 11:13:04 AM,2595.4,65,168701.0,716544152.6999995
2025-08-01 11:13:06 AM,2594.2,0,0.0,716544152.6999995
2025-08-01 11:13:08 AM,2594.2,50,129709.99999999999,716673862.6999995
2025-08-01 11:13:14 AM,2594.2,21,54478.2,716728340.8999995
2025-08-01 11:13:15 AM,2595.1,1,2595.1,716730935.9999995
2025-08-01 11:13:21 AM,2595.4,1,2595.4,716733531.3999995
2025-08-01 11:13:22 AM,2592.0,0,0.0,716733531.3999995
2025-08-01 11:13:25 AM,2592.0,500,1296000.0,718029531.3999995
2025-08-01 11:13:32 AM,2595.0,0,0.0,718029531.3999995
2025-08-01 11:13:32 AM,2595.0,12,31140.0,718060671.3999995
2025-08-01 11:13:34 AM,2593.3,0,0.0,718060671.3999995
2025-08-01 11:13:36 AM,2593.3,41,106325.3,718166996.6999995
2025-08-01 11:13:49 AM,2594.7,0,0.0,718166996.6999995
2025-08-01 11:13:52 AM,2594.7,3,7784.099999999999,718174780.7999995
2025-08-01 11:13:55 AM,2592.8,0,0.0,718174780.7999995
2025-08-01 11:13:57 AM,2592.8,26,67412.8,718242193.5999994
2025-08-01 11:14:03 AM,2594.5,25,64862.5,718307056.0999994
2025-08-01 11:14:08 AM,2594.5,25,64862.5,718371918.5999994
2025-08-01 11:14:09 AM,2594.0,0,0.0,718371918.5999994
2025-08-01 11:14:10 AM,2594.0,8,20752.0,718392670.5999994
2025-08-01 11:14:15 AM,2595.0,0,0.0,718392670.5999994
2025-08-01 11:14:15 AM,2595.0,200,519000.0,718911670.5999994
2025-08-01 11:14:17 AM,2593.4,0,0.0,718911670.5999994
2025-08-01 11:14:19 AM,2593.4,8,20747.2,718932417.7999995
2025-08-01 11:14:25 AM,2594.0,0,0.0,718932417.7999995
2025-08-01 11:14:26 AM,2594.0,12,31128.0,718963545.7999995
2025-08-01 11:14:33 AM,2593.5,0,0.0,718963545.7999995
2025-08-01 11:14:35 AM,2594.0,0,0.0,718963545.7999995
2025-08-01 11:14:35 AM,2594.0,7,18158.0,718981703.7999995
2025-08-01 11:14:42 AM,2594.0,11,28534.0,719010237.7999995
2025-08-01 11:14:49 AM,2595.0,0,0.0,719010237.7999995
2025-08-01 11:14:51 AM,2595.0,114,295830.0,719306067.7999995
2025-08-01 11:14:57 AM,2595.0,27,70065.0,719376132.7999995
2025-08-01 11:14:58 AM,2597.3,39,101294.70000000001,719477427.4999995
2025-08-01 11:14:59 AM,2597.2,0,0.0,719477427.4999995
2025-08-01 11:15:02 AM,2597.2,8,20777.6,719498205.0999995
2025-08-01 11:15:07 AM,2596.8,0,0.0,719498205.0999995
2025-08-01 11:15:08 AM,2596.8,1,2596.8,719500801.8999995
2025-08-01 11:15:09 AM,2596.9,0,0.0,719500801.8999995
2025-08-01 11:15:13 AM,2597.2,9,23374.8,719524176.6999995
2025-08-01 11:15:15 AM,2596.9,0,0.0,719524176.6999995
2025-08-01 11:15:18 AM,2596.9,1,2596.9,719526773.5999994
2025-08-01 11:15:21 AM,2597.0,0,0.0,719526773.5999994
2025-08-01 11:15:24 AM,2597.0,8,20776.0,719547549.5999994
2025-08-01 11:15:25 AM,2596.8,0,0.0,719547549.5999994
2025-08-01 11:15:29 AM,2596.8,13,33758.4,719581307.9999994
2025-08-01 11:15:34 AM,2596.8,8,20774.4,719602082.3999994
2025-08-01 11:15:40 AM,2597.3,8,20778.4,719622860.7999994
2025-08-01 11:15:45 AM,2596.1,0,0.0,719622860.7999994
2025-08-01 11:15:45 AM,2596.1,302,784022.2,720406882.9999994
2025-08-01 11:15:55 AM,2596.2,31,80482.2,720487365.1999995
2025-08-01 11:15:55 AM,2594.8,0,0.0,720487365.1999995
2025-08-01 11:15:55 AM,2594.8,38,98602.40000000001,720585967.5999994
2025-08-01 11:16:05 AM,2595.2,0,0.0,720585967.5999994
2025-08-01 11:16:05 AM,2595.2,2,5190.4,720591157.9999994
2025-08-01 11:16:15 AM,2594.0,0,0.0,720591157.9999994
2025-08-01 11:16:16 AM,2594.0,27,70038.0,720661195.9999994
2025-08-01 11:16:17 AM,2593.5,30,77805.0,720739000.9999994
2025-08-01 11:16:19 AM,2595.9,0,0.0,720739000.9999994
2025-08-01 11:16:21 AM,2593.7,0,0.0,720739000.9999994
2025-08-01 11:16:22 AM,2593.7,8,20749.6,720759750.5999994
2025-08-01 11:16:35 AM,2593.5,0,0.0,720759750.5999994
2025-08-01 11:16:37 AM,2593.5,25,64837.5,720824588.0999994
2025-08-01 11:16:54 AM,2593.5,28,72618.0,720897206.0999994
2025-08-01 11:17:01 AM,2593.6,0,0.0,720897206.0999994
2025-08-01 11:17:03 AM,2593.6,3,7780.799999999999,720904986.8999994
2025-08-01 11:17:05 AM,2594.8,0,0.0,720904986.8999994
2025-08-01 11:17:05 AM,2594.8,26,67464.8,720972451.6999993
2025-08-01 11:17:07 AM,2596.1,0,0.0,720972451.6999993
2025-08-01 11:17:09 AM,2596.1,38,98651.8,721071103.4999993
2025-08-01 11:17:19 AM,2596.8,7,18177.600000000002,721089281.0999993
2025-08-01 11:17:29 AM,2595.2,0,0.0,721089281.0999993
2025-08-01 11:17:30 AM,2595.2,46,119379.2,721208660.2999994
2025-08-01 11:17:35 AM,2594.8,0,0.0,721208660.2999994
2025-08-01 11:17:35 AM,2594.8,27,70059.6,721278719.8999994
2025-08-01 11:17:37 AM,2596.8,0,0.0,721278719.8999994
2025-08-01 11:17:37 AM,2596.8,2,5193.6,721283913.4999994
2025-08-01 11:17:41 AM,2596.8,1,2596.8,721286510.2999994
2025-08-01 11:17:48 AM,2596.8,20,51936.0,721338446.2999994
2025-08-01 11:17:49 AM,2596.1,0,0.0,721338446.2999994
2025-08-01 11:17:51 AM,2596.1,41,106440.09999999999,721444886.3999994
2025-08-01 11:17:57 AM,2596.1,30,77883.0,721522769.3999994
2025-08-01 11:18:01 AM,2597.8,0,0.0,721522769.3999994
2025-08-01 11:18:02 AM,2597.8,8,20782.4,721543551.7999994
2025-08-01 11:18:03 AM,2596.2,0,0.0,721543551.7999994
2025-08-01 11:18:03 AM,2596.2,1,2596.2,721546147.9999994
2025-08-01 11:18:09 AM,2597.4,0,0.0,721546147.9999994
2025-08-01 11:18:09 AM,2597.4,7,18181.8,721564329.7999994
2025-08-01 11:18:15 AM,2596.2,27,70097.4,721634427.1999993
2025-08-01 11:18:23 AM,2597.3,0,0.0,721634427.1999993
2025-08-01 11:18:24 AM,2597.3,41,106489.3,721740916.4999993
2025-08-01 11:18:25 AM,2597.4,0,0.0,721740916.4999993
2025-08-01 11:18:25 AM,2597.4,40,103896.0,721844812.4999993
2025-08-01 11:18:27 AM,2596.2,0,0.0,721844812.4999993
2025-08-01 11:18:29 AM,2596.2,45,116828.99999999999,721961641.4999993
2025-08-01 11:18:41 AM,2596.3,0,0.0,721961641.4999993
2025-08-01 11:18:41 AM,2596.3,2,5192.6,721966834.0999993
2025-08-01 11:18:41 AM,2597.3,0,0.0,721966834.0999993
2025-08-01 11:18:42 AM,2597.3,1,2597.3,721969431.3999993
2025-08-01 11:18:51 AM,2597.7,0,0.0,721969431.3999993
2025-08-01 11:18:53 AM,2597.7,8,20781.6,721990212.9999993
2025-08-01 11:18:55 AM,2596.3,0,0.0,721990212.9999993
2025-08-01 11:18:59 AM,2595.9,77,199884.30000000002,722190097.2999992
2025-08-01 11:18:59 AM,2596.4,0,0.0,722190097.2999992
2025-08-01 11:18:59 AM,2596.4,5,12982.0,722203079.2999992
2025-08-01 11:19:01 AM,2594.3,0,0.0,722203079.2999992
2025-08-01 11:19:04 AM,2594.3,50,129715.00000000001,722332794.2999992
2025-08-01 11:19:05 AM,2595.7,20,51914.0,722384708.2999992
2025-08-01 11:19:14 AM,2594.2,0,0.0,722384708.2999992
2025-08-01 11:19:16 AM,2594.2,12,31130.399999999998,722415838.6999992
2025-08-01 11:19:16 AM,2594.0,0,0.0,722415838.6999992
2025-08-01 11:19:16 AM,2594.0,20,51880.0,722467718.6999992
2025-08-01 11:19:18 AM,2595.7,0,0.0,722467718.6999992
2025-08-01 11:19:21 AM,2595.7,1,2595.7,722470314.3999993
2025-08-01 11:19:33 AM,2595.4,0,0.0,722470314.3999993
2025-08-01 11:19:37 AM,2595.4,76,197250.4,722667564.7999992
2025-08-01 11:19:38 AM,2597.3,10,25973.0,722693537.7999992
2025-08-01 11:19:48 AM,2597.7,0,0.0,722693537.7999992
2025-08-01 11:19:48 AM,2597.7,15,38965.5,722732503.2999992
2025-08-01 11:19:53 AM,2597.7,1,2597.7,722735100.9999993
2025-08-01 11:19:54 AM,2596.6,17,44142.2,722779243.1999993
2025-08-01 11:19:56 AM,2597.7,0,0.0,722779243.1999993
2025-08-01 11:19:59 AM,2597.7,3,7793.099999999999,722787036.2999994
2025-08-01 11:20:14 AM,2596.4,0,0.0,722787036.2999994
2025-08-01 11:20:15 AM,2596.4,24,62313.600000000006,722849349.8999994
2025-08-01 11:20:15 AM,2598.2,0,0.0,722849349.8999994
2025-08-01 11:20:20 AM,2598.2,1,2598.2,722851948.0999994
2025-08-01 11:20:21 AM,2598.7,0,0.0,722851948.0999994
2025-08-01 11:20:25 AM,2598.7,2,5197.4,722857145.4999994
2025-08-01 11:20:34 AM,2597.5,0,0.0,722857145.4999994
2025-08-01 11:20:36 AM,2597.5,29,75327.5,722932472.9999994
2025-08-01 11:20:36 AM,2597.6,0,0.0,722932472.9999994
2025-08-01 11:20:41 AM,2597.6,1,2597.6,722935070.5999994
2025-08-01 11:20:46 AM,2597.6,55,142868.0,723077938.5999994
2025-08-01 11:20:48 AM,2598.2,0,0.0,723077938.5999994
2025-08-01 11:20:51 AM,2595.5,0,0.0,723077938.5999994
2025-08-01 11:20:51 AM,2595.5,210,545055.0,723622993.5999994
2025-08-01 11:20:52 AM,2598.4,0,0.0,723622993.5999994
2025-08-01 11:20:54 AM,2596.3,0,0.0,723622993.5999994
2025-08-01 11:20:56 AM,2596.3,13,33751.9,723656745.4999994
2025-08-01 11:20:56 AM,2598.2,0,0.0,723656745.4999994
2025-08-01 11:21:01 AM,2598.2,1,2598.2,723659343.6999995
2025-08-01 11:21:01 AM,2598.5,19,49371.5,723708715.1999995
2025-08-01 11:21:08 AM,2598.6,0,0.0,723708715.1999995
2025-08-01 11:21:12 AM,2598.5,0,0.0,723708715.1999995
2025-08-01 11:21:12 AM,2598.5,16,41576.0,723750291.1999995
2025-08-01 11:21:13 AM,2597.6,0,0.0,723750291.1999995
2025-08-01 11:21:14 AM,2597.1,0,0.0,723750291.1999995
2025-08-01 11:21:15 AM,2598.4,0,0.0,723750291.1999995
2025-08-01 11:21:16 AM,2596.9,0,0.0,723750291.1999995
2025-08-01 11:21:18 AM,2596.9,57,148023.30000000002,723898314.4999994
2025-08-01 11:21:18 AM,2598.2,0,0.0,723898314.4999994
2025-08-01 11:21:23 AM,2598.2,1,2598.2,723900912.6999995
2025-08-01 11:21:24 AM,2598.5,0,0.0,723900912.6999995
2025-08-01 11:21:28 AM,2598.5,2,5197.0,723906109.6999995
2025-08-01 11:21:33 AM,2596.9,0,0.0,723906109.6999995
2025-08-01 11:21:33 AM,2596.9,13,33759.700000000004,723939869.3999995
2025-08-01 11:21:35 AM,2598.6,0,0.0,723939869.3999995
2025-08-01 11:21:39 AM,2598.6,16,41577.6,723981446.9999995
2025-08-01 11:21:49 AM,2595.5,0,0.0,723981446.9999995
2025-08-01 11:21:49 AM,2595.5,250,648875.0,724630321.9999995
2025-08-01 11:21:50 AM,2600.9,0,0.0,724630321.9999995
2025-08-01 11:21:54 AM,2600.9,122,317309.8,724947631.7999995
2025-08-01 11:21:58 AM,2602.0,0,0.0,724947631.7999995
2025-08-01 11:21:59 AM,2602.0,21,54642.0,725002273.7999995
2025-08-01 11:22:00 AM,2600.0,0,0.0,725002273.7999995
2025-08-01 11:22:04 AM,2600.0,37,96200.0,725098473.7999995
2025-08-01 11:22:06 AM,2599.6,0,0.0,725098473.7999995
2025-08-01 11:22:09 AM,2599.6,2,5199.2,725103672.9999995
2025-08-01 11:22:14 AM,2598.3,0,0.0,725103672.9999995
2025-08-01 11:22:15 AM,2598.3,27,70154.1,725173827.0999995
2025-08-01 11:22:15 AM,2599.7,0,0.0,725173827.0999995
2025-08-01 11:22:15 AM,2599.7,50,129984.99999999999,725303812.0999995
2025-08-01 11:22:20 AM,2599.7,8,20797.6,725324609.6999996
2025-08-01 11:22:34 AM,2599.9,0,0.0,725324609.6999996
2025-08-01 11:22:36 AM,2599.9,11,28598.9,725353208.5999995
2025-08-01 11:22:54 AM,2599.1,0,0.0,725353208.5999995
2025-08-01 11:22:57 AM,2599.1,28,72774.8,725425983.3999995
2025-08-01 11:23:19 AM,2599.1,27,70175.7,725496159.0999995
2025-08-01 11:23:34 AM,2598.8,0,0.0,725496159.0999995
2025-08-01 11:23:34 AM,2598.8,27,70167.6,725566326.6999996
2025-08-01 11:23:44 AM,2600.0,3,7800.0,725574126.6999996
2025-08-01 11:23:47 AM,2601.2,0,0.0,725574126.6999996
2025-08-01 11:23:49 AM,2601.2,20,52024.0,725626150.6999996
2025-08-01 11:23:52 AM,2601.4,0,0.0,725626150.6999996
2025-08-01 11:23:54 AM,2599.4,11,28593.4,725654744.0999995
2025-08-01 11:24:14 AM,2599.2,27,70178.4,725724922.4999995
2025-08-01 11:24:36 AM,2599.2,27,70178.4,725795100.8999995
2025-08-01 11:24:45 AM,2598.8,0,0.0,725795100.8999995
2025-08-01 11:24:46 AM,2598.8,25,64970.00000000001,725860070.8999995
2025-08-01 11:24:54 AM,2598.7,0,0.0,725860070.8999995
2025-08-01 11:24:57 AM,2598.7,28,72763.59999999999,725932834.4999995
2025-08-01 11:25:03 AM,2600.0,0,0.0,725932834.4999995
2025-08-01 11:25:08 AM,2600.0,9,23400.0,725956234.4999995
2025-08-01 11:25:14 AM,2597.7,0,0.0,725956234.4999995
2025-08-01 11:25:18 AM,2597.7,27,70137.9,726026372.3999995
2025-08-01 11:25:22 AM,2599.8,0,0.0,726026372.3999995
2025-08-01 11:25:23 AM,2599.8,1,2599.8,726028972.1999995
2025-08-01 11:25:34 AM,2597.5,0,0.0,726028972.1999995
2025-08-01 11:25:36 AM,2600.8,0,0.0,726028972.1999995
2025-08-01 11:25:39 AM,2600.8,99,257479.2,726286451.3999995
2025-08-01 11:25:44 AM,2600.8,10,26008.0,726312459.3999995
2025-08-01 11:25:58 AM,2598.6,0,0.0,726312459.3999995
2025-08-01 11:25:59 AM,2598.6,3,7795.799999999999,726320255.1999995
2025-08-01 11:26:00 AM,2598.6,20,51972.0,726372227.1999995
2025-08-01 11:26:14 AM,2598.1,0,0.0,726372227.1999995
2025-08-01 11:26:15 AM,2598.1,28,72746.8,726444973.9999994
2025-08-01 11:26:34 AM,2595.2,0,0.0,726444973.9999994
2025-08-01 11:26:35 AM,2595.2,27,70070.4,726515044.3999994
2025-08-01 11:26:44 AM,2597.2,0,0.0,726515044.3999994
2025-08-01 11:26:45 AM,2597.2,4,10388.8,726525433.1999993
2025-08-01 11:26:49 AM,2595.5,0,0.0,726525433.1999993
2025-08-01 11:26:50 AM,2595.5,40,103820.0,726629253.1999993
2025-08-01 11:26:54 AM,2594.8,0,0.0,726629253.1999993
2025-08-01 11:26:55 AM,2594.8,24,62275.200000000004,726691528.3999994
2025-08-01 11:27:02 AM,2596.7,10,25967.0,726717495.3999994
2025-08-01 11:27:14 AM,2595.0,0,0.0,726717495.3999994
2025-08-01 11:27:15 AM,2595.0,27,70065.0,726787560.3999994
2025-08-01 11:27:19 AM,2596.1,0,0.0,726787560.3999994
2025-08-01 11:27:21 AM,2596.1,1,2596.1,726790156.4999994
2025-08-01 11:27:26 AM,2596.7,2,5193.4,726795349.8999994
2025-08-01 11:27:31 AM,2594.8,0,0.0,726795349.8999994
2025-08-01 11:27:31 AM,2594.8,50,129740.00000000001,726925089.8999994
2025-08-01 11:27:36 AM,2594.8,27,70059.6,726995149.4999994
2025-08-01 11:27:57 AM,2594.8,28,72654.40000000001,727067803.8999994
2025-08-01 11:28:13 AM,2596.1,0,0.0,727067803.8999994
2025-08-01 11:28:14 AM,2594.9,30,77847.0,727145650.8999994
2025-08-01 11:28:34 AM,2594.6,0,0.0,727145650.8999994
2025-08-01 11:28:35 AM,2594.6,27,70054.2,727215705.0999994
2025-08-01 11:28:40 AM,2594.9,0,0.0,727215705.0999994
2025-08-01 11:28:40 AM,2594.9,1,2594.9,727218299.9999994
2025-08-01 11:28:44 AM,2596.1,0,0.0,727218299.9999994
2025-08-01 11:28:45 AM,2596.1,15,38941.5,727257241.4999994
2025-08-01 11:28:54 AM,2594.6,0,0.0,727257241.4999994
2025-08-01 11:28:55 AM,2594.6,15,38919.0,727296160.4999994
2025-08-01 11:29:14 AM,2594.4,27,70048.8,727366209.2999994
2025-08-01 11:29:27 AM,2595.0,0,0.0,727366209.2999994
2025-08-01 11:29:28 AM,2595.0,2,5190.0,727371399.2999994
2025-08-01 11:29:29 AM,2595.9,0,0.0,727371399.2999994
2025-08-01 11:29:30 AM,2595.9,1,2595.9,727373995.1999993
2025-08-01 11:29:34 AM,2594.6,0,0.0,727373995.1999993
2025-08-01 11:29:35 AM,2594.6,29,75243.4,727449238.5999993
2025-08-01 11:29:48 AM,2596.0,1,2596.0,727451834.5999993
2025-08-01 11:29:54 AM,2594.4,0,0.0,727451834.5999993
2025-08-01 11:29:56 AM,2594.4,28,72643.2,727524477.7999994
2025-08-01 11:30:09 AM,2596.0,0,0.0,727524477.7999994
2025-08-01 11:30:11 AM,2594.6,0,0.0,727524477.7999994
2025-08-01 11:30:12 AM,2594.6,14,36324.4,727560802.1999993
2025-08-01 11:30:17 AM,2594.6,27,70054.2,727630856.3999994
2025-08-01 11:30:21 AM,2595.0,0,0.0,727630856.3999994
2025-08-01 11:30:22 AM,2595.0,1,2595.0,727633451.3999994
2025-08-01 11:30:34 AM,2594.6,27,70054.2,727703505.5999994
2025-08-01 11:30:54 AM,2594.6,28,72648.8,727776154.3999994
2025-08-01 11:31:01 AM,2595.9,0,0.0,727776154.3999994
2025-08-01 11:31:01 AM,2595.9,7,18171.3,727794325.6999993
2025-08-01 11:31:13 AM,2594.6,0,0.0,727794325.6999993
2025-08-01 11:31:14 AM,2594.2,0,0.0,727794325.6999993
2025-08-01 11:31:15 AM,2594.6,116,300973.6,728095299.2999994
2025-08-01 11:31:36 AM,2594.6,27,70054.2,728165353.4999994
2025-08-01 11:31:39 AM,2595.7,0,0.0,728165353.4999994
2025-08-01 11:31:41 AM,2595.7,42,109019.4,728274372.8999994
2025-08-01 11:31:42 AM,2596.8,1,2596.8,728276969.6999993
2025-08-01 11:31:53 AM,2597.2,0,0.0,728276969.6999993
2025-08-01 11:31:55 AM,2597.2,46,119471.2,728396440.8999994
2025-08-01 11:31:56 AM,2596.5,0,0.0,728396440.8999994
2025-08-01 11:31:57 AM,2596.5,5,12982.5,728409423.3999994
2025-08-01 11:32:07 AM,2596.7,0,0.0,728409423.3999994
2025-08-01 11:32:08 AM,2596.7,15,38950.5,728448373.8999994
2025-08-01 11:32:14 AM,2596.1,0,0.0,728448373.8999994
2025-08-01 11:32:17 AM,2596.1,27,70094.7,728518468.5999994
2025-08-01 11:32:34 AM,2596.0,0,0.0,728518468.5999994
2025-08-01 11:32:34 AM,2596.0,27,70092.0,728588560.5999994
2025-08-01 11:32:43 AM,2596.4,0,0.0,728588560.5999994
2025-08-01 11:32:44 AM,2596.4,39,101259.6,728689820.1999995
2025-08-01 11:32:48 AM,2596.4,4,10385.6,728700205.7999995
2025-08-01 11:32:53 AM,2596.3,1,2596.3,728702802.0999994
2025-08-01 11:32:54 AM,2594.8,0,0.0,728702802.0999994
2025-08-01 11:32:54 AM,2594.8,26,67464.8,728770266.8999994
2025-08-01 11:33:09 AM,2594.8,3,7784.400000000001,728778051.2999994
2025-08-01 11:33:14 AM,2594.0,0,0.0,728778051.2999994
2025-08-01 11:33:14 AM,2594.0,27,70038.0,728848089.2999994
2025-08-01 11:33:17 AM,2593.7,0,0.0,728848089.2999994
2025-08-01 11:33:19 AM,2595.8,0,0.0,728848089.2999994
2025-08-01 11:33:19 AM,2595.8,30,77874.0,728925963.2999994
2025-08-01 11:33:34 AM,2593.7,0,0.0,728925963.2999994
2025-08-01 11:33:34 AM,2593.7,27,70029.9,728995993.1999993
2025-08-01 11:33:45 AM,2595.8,8,20766.4,729016759.5999993
2025-08-01 11:33:54 AM,2593.8,0,0.0,729016759.5999993
2025-08-01 11:33:55 AM,2593.8,20,51876.0,729068635.5999993
2025-08-01 11:34:14 AM,2593.7,0,0.0,729068635.5999993
2025-08-01 11:34:15 AM,2593.7,28,72623.59999999999,729141259.1999993
2025-08-01 11:34:36 AM,2593.7,27,70029.9,729211289.0999993
2025-08-01 11:34:41 AM,2593.7,5,12968.5,729224257.5999993
2025-08-01 11:34:57 AM,2593.7,28,72623.59999999999,729296881.1999993
2025-08-01 11:35:18 AM,2593.7,27,70029.9,729366911.0999993
2025-08-01 11:35:25 AM,2595.2,0,0.0,729366911.0999993
2025-08-01 11:35:29 AM,2595.2,10,25952.0,729392863.0999993
2025-08-01 11:35:34 AM,2593.7,0,0.0,729392863.0999993
2025-08-01 11:35:34 AM,2593.7,19,49280.299999999996,729442143.3999993
2025-08-01 11:35:55 AM,2593.7,28,72623.59999999999,729514766.9999993
2025-08-01 11:35:55 AM,2595.2,4,10380.8,729525147.7999992
2025-08-01 11:36:14 AM,2593.7,0,0.0,729525147.7999992
2025-08-01 11:36:15 AM,2593.7,27,70029.9,729595177.6999992
2025-08-01 11:36:36 AM,2593.7,28,72623.59999999999,729667801.2999992
2025-08-01 11:36:54 AM,2592.6,0,0.0,729667801.2999992
2025-08-01 11:36:55 AM,2594.0,0,0.0,729667801.2999992
2025-08-01 11:36:57 AM,2594.0,38,98572.0,729766373.2999992
2025-08-01 11:37:02 AM,2593.4,1,2593.4,729768966.6999992
2025-08-01 11:37:14 AM,2591.1,0,0.0,729768966.6999992
2025-08-01 11:37:18 AM,2591.1,27,69959.7,729838926.3999993
2025-08-01 11:37:34 AM,2593.0,27,70011.0,729908937.3999993
2025-08-01 11:37:51 AM,2594.1,0,0.0,729908937.3999993
2025-08-01 11:37:54 AM,2593.0,0,0.0,729908937.3999993
2025-08-01 11:37:55 AM,2593.0,42,108906.0,730017843.3999993
2025-08-01 11:37:59 AM,2593.0,38,98534.0,730116377.3999993
2025-08-01 11:38:09 AM,2594.9,0,0.0,730116377.3999993
2025-08-01 11:38:09 AM,2594.9,44,114175.6,730230552.9999993
2025-08-01 11:38:10 AM,2596.2,63,163560.59999999998,730394113.5999993
2025-08-01 11:38:13 AM,2595.9,0,0.0,730394113.5999993
2025-08-01 11:38:14 AM,2595.9,4,10383.6,730404497.1999993
2025-08-01 11:38:19 AM,2597.0,0,0.0,730404497.1999993
2025-08-01 11:38:19 AM,2597.0,4,10388.0,730414885.1999993
2025-08-01 11:38:27 AM,2595.9,0,0.0,730414885.1999993
2025-08-01 11:38:29 AM,2595.9,8,20767.2,730435652.3999994
2025-08-01 11:38:31 AM,2597.0,0,0.0,730435652.3999994
2025-08-01 11:38:34 AM,2601.6,0,0.0,730435652.3999994
2025-08-01 11:38:35 AM,2601.6,505,1313808.0,731749460.3999994
2025-08-01 11:38:35 AM,2600.7,0,0.0,731749460.3999994
2025-08-01 11:38:36 AM,2602.3,32,83273.6,731832733.9999994
2025-08-01 11:38:37 AM,2606.4,0,0.0,731832733.9999994
2025-08-01 11:38:39 AM,2606.4,359,935697.6,732768431.5999994
2025-08-01 11:38:43 AM,2605.1,0,0.0,732768431.5999994
2025-08-01 11:38:45 AM,2605.1,50,130255.0,732898686.5999994
2025-08-01 11:38:47 AM,2605.2,0,0.0,732898686.5999994
2025-08-01 11:38:50 AM,2605.2,33,85971.59999999999,732984658.1999995
2025-08-01 11:39:14 AM,2600.3,0,0.0,732984658.1999995
2025-08-01 11:39:15 AM,2600.3,27,70208.1,733054866.2999995
2025-08-01 11:39:21 AM,2605.2,0,0.0,733054866.2999995
2025-08-01 11:39:21 AM,2605.2,200,521039.99999999994,733575906.2999995
2025-08-01 11:39:26 AM,2600.6,20,52012.0,733627918.2999995
2025-08-01 11:39:41 AM,2600.3,11,28603.300000000003,733656521.5999994
2025-08-01 11:39:54 AM,2600.0,28,72800.0,733729321.5999994
2025-08-01 11:40:14 AM,2600.0,27,70200.0,733799521.5999994
2025-08-01 11:40:34 AM,2600.0,27,70200.0,733869721.5999994
2025-08-01 11:40:54 AM,2600.1,29,75402.9,733945124.4999994
2025-08-01 11:41:14 AM,2600.6,27,70216.2,734015340.6999995
2025-08-01 11:41:35 AM,2601.0,0,0.0,734015340.6999995
2025-08-01 11:41:38 AM,2601.0,27,70227.0,734085567.6999995
2025-08-01 11:41:54 AM,2601.0,67,174267.0,734259834.6999995
2025-08-01 11:42:14 AM,2601.0,27,70227.0,734330061.6999995
2025-08-01 11:42:29 AM,2602.0,0,0.0,734330061.6999995
2025-08-01 11:42:30 AM,2601.0,11,28611.0,734358672.6999995
2025-08-01 11:42:31 AM,2602.0,0,0.0,734358672.6999995
2025-08-01 11:42:34 AM,2601.0,0,0.0,734358672.6999995
2025-08-01 11:42:35 AM,2601.0,29,75429.0,734434101.6999995
2025-08-01 11:42:51 AM,2602.0,0,0.0,734434101.6999995
2025-08-01 11:42:51 AM,2602.0,10,26020.0,734460121.6999995
2025-08-01 11:42:53 AM,2601.1,0,0.0,734460121.6999995
2025-08-01 11:42:55 AM,2601.0,0,0.0,734460121.6999995
2025-08-01 11:42:56 AM,2601.0,81,210681.0,734670802.6999995
2025-08-01 11:43:05 AM,2602.0,0,0.0,734670802.6999995
