date,price,qty,trnvr,cum_trnvr
2025-08-01 09:15:00 AM,209.06,107,22369.420000000002,22369.420000000002
2025-08-01 09:15:09 AM,210.36,0,0.0,22369.420000000002
2025-08-01 09:15:11 AM,210.36,392,82461.12000000001,104830.54000000001
2025-08-01 09:15:13 AM,210.37,58,12201.460000000001,117032.00000000001
2025-08-01 09:15:46 AM,210.84,0,0.0,117032.00000000001
2025-08-01 09:15:47 AM,210.84,50,10542.0,127574.00000000001
2025-08-01 09:15:54 AM,210.03,0,0.0,127574.00000000001
2025-08-01 09:15:55 AM,210.0,307,64470.0,192044.0
2025-08-01 09:16:00 AM,210.59,0,0.0,192044.0
2025-08-01 09:16:02 AM,210.07,0,0.0,192044.0
2025-08-01 09:16:04 AM,210.07,179,37602.53,229646.53
2025-08-01 09:16:08 AM,210.0,0,0.0,229646.53
2025-08-01 09:16:12 AM,210.0,548,115080.0,344726.53
2025-08-01 09:16:13 AM,210.0,45,9450.0,354176.53
2025-08-01 09:16:25 AM,209.74,0,0.0,354176.53
2025-08-01 09:16:28 AM,209.74,201,42157.740000000005,396334.27
2025-08-01 09:16:47 AM,210.3,0,0.0,396334.27
2025-08-01 09:16:53 AM,210.3,100,21030.0,417364.27
2025-08-01 09:17:01 AM,210.09,298,62606.82,479971.09
2025-08-01 09:17:02 AM,210.41,36,7574.76,487545.85000000003
2025-08-01 09:17:05 AM,210.3,0,0.0,487545.85000000003
2025-08-01 09:17:09 AM,210.3,1,210.3,487756.15
2025-08-01 09:17:29 AM,210.4,0,0.0,487756.15
2025-08-01 09:17:34 AM,210.4,10,2104.0,489860.15
2025-08-01 09:17:46 AM,210.03,0,0.0,489860.15
2025-08-01 09:17:51 AM,210.03,9,1890.27,491750.42000000004
2025-08-01 09:17:55 AM,210.4,0,0.0,491750.42000000004
2025-08-01 09:17:59 AM,210.4,300,63120.0,554870.42
2025-08-01 09:18:16 AM,210.15,9,1891.3500000000001,556761.77
2025-08-01 09:18:21 AM,210.63,0,0.0,556761.77
2025-08-01 09:18:24 AM,210.63,327,68876.01,625637.78
2025-08-01 09:18:59 AM,210.95,0,0.0,625637.78
2025-08-01 09:19:05 AM,210.95,247,52104.649999999994,677742.43
2025-08-01 09:19:13 AM,211.37,50,10568.5,688310.93
2025-08-01 09:19:45 AM,211.94,2726,577748.44,1266059.37
2025-08-01 09:19:53 AM,211.39,50,10569.5,1276628.87
2025-08-01 09:20:15 AM,211.51,0,0.0,1276628.87
2025-08-01 09:20:17 AM,211.51,90,19035.899999999998,1295664.77
2025-08-01 09:20:29 AM,211.0,0,0.0,1295664.77
2025-08-01 09:20:33 AM,211.0,250,52750.0,1348414.77
2025-08-01 09:21:08 AM,211.42,0,0.0,1348414.77
2025-08-01 09:21:12 AM,211.42,1,211.42,1348626.19
2025-08-01 09:21:24 AM,211.34,0,0.0,1348626.19
2025-08-01 09:21:27 AM,211.61,5527,1169568.47,2518194.66
2025-08-01 09:21:36 AM,212.29,73,15497.17,2533691.83
2025-08-01 09:21:43 AM,212.27,100,21227.0,2554918.83
2025-08-01 09:21:51 AM,212.55,1,212.55,2555131.38
2025-08-01 09:22:11 AM,212.5,0,0.0,2555131.38
2025-08-01 09:22:13 AM,212.5,4957,1053362.5,3608493.88
2025-08-01 09:22:25 AM,212.16,0,0.0,3608493.88
2025-08-01 09:22:28 AM,212.11,9,1908.9900000000002,3610402.87
2025-08-01 09:22:44 AM,211.89,29,6144.8099999999995,3616547.68
2025-08-01 09:22:50 AM,212.0,0,0.0,3616547.68
2025-08-01 09:22:51 AM,212.0,57,12084.0,3628631.68
2025-08-01 09:22:51 AM,211.65,0,0.0,3628631.68
2025-08-01 09:22:53 AM,211.65,207,43811.55,3672443.23
2025-08-01 09:23:37 AM,211.8,47,9954.6,3682397.83
2025-08-01 09:23:45 AM,211.8,36,7624.8,3690022.63
2025-08-01 09:23:50 AM,211.85,0,0.0,3690022.63
2025-08-01 09:23:52 AM,211.85,195,41310.75,3731333.38
2025-08-01 09:24:01 AM,211.8,65,13767.0,3745100.38
2025-08-01 09:24:08 AM,211.72,157,33240.04,3778340.42
2025-08-01 09:24:09 AM,211.8,252,53373.600000000006,3831714.02
2025-08-01 09:24:10 AM,211.98,0,0.0,3831714.02
2025-08-01 09:24:15 AM,211.98,67,14202.66,3845916.68
2025-08-01 09:24:23 AM,212.11,0,0.0,3845916.68
2025-08-01 09:24:24 AM,212.11,18,3817.9800000000005,3849734.66
2025-08-01 09:24:29 AM,212.59,0,0.0,3849734.66
2025-08-01 09:24:31 AM,212.59,307,65265.130000000005,3914999.79
2025-08-01 09:24:40 AM,212.29,10,2122.9,3917122.69
2025-08-01 09:24:53 AM,212.3,476,101054.8,4018177.4899999998
2025-08-01 09:26:30 AM,212.4,0,0.0,4018177.4899999998
2025-08-01 09:26:31 AM,212.4,8,1699.2,4019876.69
2025-08-01 09:28:07 AM,212.15,0,0.0,4019876.69
2025-08-01 09:28:10 AM,211.96,35,7418.6,4027295.29
2025-08-01 09:28:25 AM,211.96,21,4451.16,4031746.45
2025-08-01 09:28:48 AM,211.53,650,137494.5,4169240.95
2025-08-01 09:28:52 AM,211.51,0,0.0,4169240.95
2025-08-01 09:28:55 AM,211.51,8,1692.08,4170933.0300000003
2025-08-01 09:29:30 AM,211.41,0,0.0,4170933.0300000003
2025-08-01 09:29:33 AM,211.41,95,20083.95,4191016.9800000004
2025-08-01 09:29:40 AM,211.43,0,0.0,4191016.9800000004
2025-08-01 09:29:41 AM,211.43,8,1691.44,4192708.4200000004
2025-08-01 09:29:45 AM,211.67,0,0.0,4192708.4200000004
2025-08-01 09:29:48 AM,211.67,5,1058.35,4193766.7700000005
2025-08-01 09:30:03 AM,211.67,2,423.34,4194190.1100000003
2025-08-01 09:30:49 AM,211.63,10,2116.3,4196306.41
2025-08-01 09:30:55 AM,211.45,15,3171.75,4199478.16
2025-08-01 09:31:06 AM,211.44,0,0.0,4199478.16
2025-08-01 09:31:08 AM,211.43,0,0.0,4199478.16
2025-08-01 09:31:10 AM,211.43,124,26217.32,4225695.48
2025-08-01 09:31:58 AM,211.4,0,0.0,4225695.48
2025-08-01 09:32:00 AM,211.4,25,5285.0,4230980.48
2025-08-01 09:32:14 AM,211.4,10,2114.0,4233094.48
2025-08-01 09:32:16 AM,211.39,0,0.0,4233094.48
2025-08-01 09:32:21 AM,211.39,12,2536.68,4235631.16
2025-08-01 09:32:34 AM,211.4,0,0.0,4235631.16
2025-08-01 09:32:35 AM,211.4,78,16489.2,4252120.36
2025-08-01 09:33:30 AM,211.52,0,0.0,4252120.36
2025-08-01 09:33:30 AM,211.52,185,39131.200000000004,4291251.5600000005
2025-08-01 09:34:59 AM,211.88,0,0.0,4291251.5600000005
2025-08-01 09:35:01 AM,211.88,24,5085.12,4296336.680000001
2025-08-01 09:35:08 AM,211.88,10,2118.8,4298455.48
2025-08-01 09:35:25 AM,211.89,0,0.0,4298455.48
2025-08-01 09:35:29 AM,211.88,104,22035.52,4320491.0
2025-08-01 09:36:16 AM,211.88,5,1059.4,4321550.4
2025-08-01 09:36:27 AM,212.0,0,0.0,4321550.4
2025-08-01 09:36:29 AM,212.0,7,1484.0,4323034.4
2025-08-01 09:36:36 AM,212.0,50,10600.0,4333634.4
2025-08-01 09:36:36 AM,211.86,9,1906.7400000000002,4335541.140000001
2025-08-01 09:37:19 AM,211.88,0,0.0,4335541.140000001
2025-08-01 09:37:23 AM,211.88,50,10594.0,4346135.140000001
2025-08-01 09:37:41 AM,211.85,0,0.0,4346135.140000001
2025-08-01 09:37:44 AM,211.85,1,211.85,4346346.99
2025-08-01 09:38:03 AM,211.85,158,33472.299999999996,4379819.29
2025-08-01 09:38:37 AM,211.7,27,5715.9,4385535.19
2025-08-01 09:39:18 AM,211.71,66,13972.86,4399508.050000001
2025-08-01 09:39:31 AM,211.52,298,63032.96000000001,4462541.010000001
2025-08-01 09:39:44 AM,211.52,152,32151.04,4494692.050000001
2025-08-01 09:41:02 AM,211.7,0,0.0,4494692.050000001
2025-08-01 09:41:03 AM,211.7,10,2117.0,4496809.050000001
2025-08-01 09:42:08 AM,211.44,0,0.0,4496809.050000001
2025-08-01 09:42:09 AM,211.44,3,634.3199999999999,4497443.370000001
2025-08-01 09:42:38 AM,211.45,0,0.0,4497443.370000001
2025-08-01 09:42:41 AM,211.45,1,211.45,4497654.820000001
2025-08-01 09:43:08 AM,211.63,1,211.63,4497866.450000001
2025-08-01 09:43:34 AM,211.62,0,0.0,4497866.450000001
2025-08-01 09:43:34 AM,211.62,2,423.24,4498289.690000001
2025-08-01 09:44:01 AM,211.44,2,422.88,4498712.570000001
2025-08-01 09:44:10 AM,211.39,0,0.0,4498712.570000001
2025-08-01 09:44:14 AM,211.39,33,6975.87,4505688.440000001
2025-08-01 09:45:20 AM,211.16,190,40120.4,4545808.840000002
2025-08-01 09:45:22 AM,211.41,0,0.0,4545808.840000002
2025-08-01 09:45:25 AM,211.47,101,21358.47,4567167.310000001
2025-08-01 09:45:58 AM,211.47,1,211.47,4567378.780000001
2025-08-01 09:47:08 AM,211.21,0,0.0,4567378.780000001
2025-08-01 09:47:09 AM,211.21,92,19431.32,4586810.1000000015
2025-08-01 09:47:14 AM,211.2,10,2112.0,4588922.1000000015
2025-08-01 09:47:24 AM,211.16,0,0.0,4588922.1000000015
2025-08-01 09:47:26 AM,211.2,173,36537.6,4625459.700000001
2025-08-01 09:47:59 AM,211.21,50,10560.5,4636020.200000001
2025-08-01 09:48:10 AM,211.2,0,0.0,4636020.200000001
2025-08-01 09:48:10 AM,210.96,0,0.0,4636020.200000001
2025-08-01 09:48:12 AM,210.96,1611,339856.56,4975876.760000001
2025-08-01 09:48:14 AM,210.92,0,0.0,4975876.760000001
2025-08-01 09:48:15 AM,210.92,1,210.92,4976087.680000001
2025-08-01 09:48:26 AM,210.64,0,0.0,4976087.680000001
2025-08-01 09:48:28 AM,210.64,200,42128.0,5018215.680000001
2025-08-01 09:49:10 AM,210.92,0,0.0,5018215.680000001
2025-08-01 09:49:10 AM,210.92,1,210.92,5018426.600000001
2025-08-01 09:49:18 AM,210.92,1,210.92,5018637.5200000005
2025-08-01 09:49:56 AM,210.92,2,421.84,5019059.36
2025-08-01 09:50:00 AM,210.92,5,1054.6,5020113.96
2025-08-01 09:50:57 AM,210.8,82,17285.600000000002,5037399.56
2025-08-01 09:51:05 AM,210.89,15,3163.35,5040562.909999999
2025-08-01 09:52:02 AM,210.89,100,21089.0,5061651.909999999
2025-08-01 09:53:29 AM,210.85,0,0.0,5061651.909999999
2025-08-01 09:53:31 AM,210.85,25,5271.25,5066923.159999999
2025-08-01 09:53:39 AM,210.84,2,421.68,5067344.839999999
2025-08-01 09:53:41 AM,210.8,0,0.0,5067344.839999999
2025-08-01 09:53:44 AM,210.8,15,3162.0,5070506.839999999
2025-08-01 09:54:05 AM,210.74,0,0.0,5070506.839999999
2025-08-01 09:54:08 AM,210.74,5,1053.7,5071560.539999999
2025-08-01 09:54:20 AM,210.92,0,0.0,5071560.539999999
2025-08-01 09:54:21 AM,210.92,100,21092.0,5092652.539999999
2025-08-01 09:54:51 AM,210.75,1,210.75,5092863.289999999
2025-08-01 09:55:29 AM,210.63,0,0.0,5092863.289999999
2025-08-01 09:55:33 AM,210.63,172,36228.36,5129091.649999999
2025-08-01 09:56:45 AM,210.63,57,12005.91,5141097.56
2025-08-01 09:57:48 AM,210.51,0,0.0,5141097.56
2025-08-01 09:57:50 AM,210.5,1042,219341.0,5360438.56
2025-08-01 09:58:11 AM,210.25,100,21025.0,5381463.56
2025-08-01 09:59:06 AM,210.31,0,0.0,5381463.56
2025-08-01 09:59:06 AM,210.31,1,210.31,5381673.869999999
2025-08-01 09:59:09 AM,210.3,46,9673.800000000001,5391347.669999999
2025-08-01 09:59:25 AM,210.32,199,41853.68,5433201.349999999
2025-08-01 09:59:43 AM,210.25,0,0.0,5433201.349999999
2025-08-01 09:59:43 AM,210.25,95,19973.75,5453175.099999999
2025-08-01 09:59:50 AM,210.25,22,4625.5,5457800.599999999
2025-08-01 10:00:08 AM,210.39,0,0.0,5457800.599999999
2025-08-01 10:00:08 AM,210.39,50,10519.5,5468320.099999999
2025-08-01 10:00:37 AM,210.25,30,6307.5,5474627.599999999
2025-08-01 10:00:43 AM,210.25,1,210.25,5474837.849999999
2025-08-01 10:00:50 AM,210.1,0,0.0,5474837.849999999
2025-08-01 10:00:50 AM,210.1,400,84040.0,5558877.849999999
2025-08-01 10:01:09 AM,210.15,1,210.15,5559087.999999999
2025-08-01 10:01:12 AM,210.39,200,42078.0,5601165.999999999
2025-08-01 10:01:55 AM,210.41,0,0.0,5601165.999999999
2025-08-01 10:01:56 AM,210.41,30,6312.3,5607478.299999999
2025-08-01 10:02:13 AM,210.42,0,0.0,5607478.299999999
2025-08-01 10:02:14 AM,210.42,25,5260.5,5612738.799999999
2025-08-01 10:02:17 AM,210.55,0,0.0,5612738.799999999
2025-08-01 10:02:20 AM,210.55,220,46321.0,5659059.799999999
2025-08-01 10:03:11 AM,210.55,37,7790.35,5666850.1499999985
2025-08-01 10:03:20 AM,210.56,172,36216.32,5703066.469999999
2025-08-01 10:03:56 AM,210.94,3,632.8199999999999,5703699.289999999
2025-08-01 10:04:08 AM,211.06,100,21106.0,5724805.289999999
2025-08-01 10:04:17 AM,210.83,0,0.0,5724805.289999999
2025-08-01 10:04:17 AM,210.83,16,3373.28,5728178.569999999
2025-08-01 10:04:21 AM,211.1,100,21110.0,5749288.569999999
2025-08-01 10:05:29 AM,210.8,299,63029.200000000004,5812317.77
2025-08-01 10:05:55 AM,210.79,34,7166.86,5819484.63
2025-08-01 10:06:28 AM,210.69,30,6320.7,5825805.33
2025-08-01 10:06:35 AM,210.69,5,1053.45,5826858.78
2025-08-01 10:06:59 AM,210.55,109,22949.95,5849808.73
2025-08-01 10:07:18 AM,210.55,12,2526.6000000000004,5852335.33
2025-08-01 10:07:52 AM,210.5,0,0.0,5852335.33
2025-08-01 10:07:55 AM,210.5,546,114933.0,5967268.33
2025-08-01 10:07:57 AM,210.55,10,2105.5,5969373.83
2025-08-01 10:08:01 AM,210.6,0,0.0,5969373.83
2025-08-01 10:08:01 AM,210.6,500,105300.0,6074673.83
2025-08-01 10:08:23 AM,210.65,0,0.0,6074673.83
2025-08-01 10:08:26 AM,210.65,90,18958.5,6093632.33
2025-08-01 10:08:39 AM,210.69,1,210.69,6093843.0200000005
2025-08-01 10:08:44 AM,210.92,0,0.0,6093843.0200000005
2025-08-01 10:08:44 AM,210.92,4,843.68,6094686.7
2025-08-01 10:09:01 AM,210.7,4,842.8,6095529.5
2025-08-01 10:09:56 AM,210.78,1,210.78,6095740.28
2025-08-01 10:10:11 AM,210.75,0,0.0,6095740.28
2025-08-01 10:10:11 AM,210.75,1,210.75,6095951.03
2025-08-01 10:10:58 AM,211.0,0,0.0,6095951.03
2025-08-01 10:10:59 AM,211.0,4,844.0,6096795.03
2025-08-01 10:11:29 AM,211.07,0,0.0,6096795.03
2025-08-01 10:11:29 AM,211.07,1,211.07,6097006.100000001
2025-08-01 10:12:05 AM,210.82,0,0.0,6097006.100000001
2025-08-01 10:12:09 AM,210.82,49,10330.18,6107336.28
2025-08-01 10:12:26 AM,210.84,0,0.0,6107336.28
2025-08-01 10:12:26 AM,210.84,1,210.84,6107547.12
2025-08-01 10:12:32 AM,210.59,0,0.0,6107547.12
2025-08-01 10:12:32 AM,210.59,1,210.59,6107757.71
2025-08-01 10:12:59 AM,210.87,0,0.0,6107757.71
2025-08-01 10:13:01 AM,210.87,199,41963.13,6149720.84
2025-08-01 10:13:02 AM,210.87,50,10543.5,6160264.34
2025-08-01 10:13:08 AM,210.91,0,0.0,6160264.34
2025-08-01 10:13:13 AM,210.91,1,210.91,6160475.25
2025-08-01 10:14:23 AM,210.91,100,21091.0,6181566.25
2025-08-01 10:14:24 AM,210.91,13,2741.83,6184308.08
2025-08-01 10:14:35 AM,210.71,0,0.0,6184308.08
2025-08-01 10:14:35 AM,210.71,9,1896.39,6186204.47
2025-08-01 10:14:38 AM,210.97,0,0.0,6186204.47
2025-08-01 10:14:41 AM,210.97,2,421.94,6186626.41
2025-08-01 10:15:31 AM,210.75,0,0.0,6186626.41
2025-08-01 10:15:34 AM,210.75,25,5268.75,6191895.16
2025-08-01 10:17:19 AM,210.81,0,0.0,6191895.16
2025-08-01 10:17:23 AM,210.81,193,40686.33,6232581.49
2025-08-01 10:20:30 AM,210.92,0,0.0,6232581.49
2025-08-01 10:20:32 AM,210.92,220,46402.399999999994,6278983.890000001
2025-08-01 10:20:38 AM,211.05,0,0.0,6278983.890000001
2025-08-01 10:20:39 AM,211.05,4,844.2,6279828.090000001
2025-08-01 10:21:35 AM,211.07,101,21318.07,6301146.160000001
2025-08-01 10:22:11 AM,211.07,3,633.21,6301779.370000001
2025-08-01 10:22:33 AM,211.07,150,31660.5,6333439.870000001
2025-08-01 10:22:41 AM,211.07,3,633.21,6334073.080000001
2025-08-01 10:22:50 AM,210.95,0,0.0,6334073.080000001
2025-08-01 10:22:51 AM,210.95,50,10547.5,6344620.580000001
2025-08-01 10:23:26 AM,211.07,4,844.28,6345464.860000001
2025-08-01 10:23:34 AM,210.95,227,47885.649999999994,6393350.510000002
2025-08-01 10:24:42 AM,211.15,0,0.0,6393350.510000002
2025-08-01 10:24:44 AM,211.15,52,10979.800000000001,6404330.310000001
2025-08-01 10:25:51 AM,211.34,2,422.68,6404752.990000001
2025-08-01 10:25:53 AM,211.15,0,0.0,6404752.990000001
2025-08-01 10:25:54 AM,211.15,472,99662.8,6504415.790000001
2025-08-01 10:25:57 AM,211.15,239,50464.85,6554880.640000001
2025-08-01 10:26:31 AM,211.35,53,11201.55,6566082.19
2025-08-01 10:26:50 AM,211.58,0,0.0,6566082.19
2025-08-01 10:26:50 AM,211.58,1,211.58,6566293.7700000005
2025-08-01 10:28:05 AM,211.5,500,105750.0,6672043.7700000005
2025-08-01 10:29:12 AM,211.5,30,6345.0,6678388.7700000005
2025-08-01 10:29:20 AM,211.4,0,0.0,6678388.7700000005
2025-08-01 10:29:20 AM,211.4,13,2748.2000000000003,6681136.970000001
2025-08-01 10:29:47 AM,211.34,984,207958.56,6889095.53
2025-08-01 10:29:50 AM,211.46,350,74011.0,6963106.53
2025-08-01 10:30:22 AM,211.8,0,0.0,6963106.53
2025-08-01 10:30:22 AM,211.8,702,148683.6,7111790.13
2025-08-01 10:31:25 AM,211.69,0,0.0,7111790.13
2025-08-01 10:31:25 AM,211.69,50,10584.5,7122374.63
2025-08-01 10:32:23 AM,211.66,100,21166.0,7143540.63
2025-08-01 10:33:04 AM,211.8,2,423.6,7143964.2299999995
2025-08-01 10:33:37 AM,211.8,18,3812.4,7147776.63
2025-08-01 10:33:40 AM,211.8,234,49561.200000000004,7197337.83
2025-08-01 10:33:43 AM,211.8,10,2118.0,7199455.83
2025-08-01 10:36:17 AM,211.66,0,0.0,7199455.83
2025-08-01 10:36:18 AM,211.66,32,6773.12,7206228.95
2025-08-01 10:37:25 AM,211.72,0,0.0,7206228.95
2025-08-01 10:37:27 AM,211.72,24,5081.28,7211310.23
2025-08-01 10:38:01 AM,211.95,250,52987.5,7264297.73
2025-08-01 10:39:12 AM,211.72,0,0.0,7264297.73
2025-08-01 10:39:14 AM,211.72,18,3810.96,7268108.69
2025-08-01 10:39:19 AM,211.55,21,4442.55,7272551.24
2025-08-01 10:41:38 AM,211.58,54,11425.320000000002,7283976.5600000005
2025-08-01 10:41:53 AM,211.55,0,0.0,7283976.5600000005
2025-08-01 10:41:54 AM,211.55,196,41463.8,7325440.36
2025-08-01 10:42:29 AM,211.56,0,0.0,7325440.36
2025-08-01 10:42:31 AM,211.56,33,6981.4800000000005,7332421.840000001
2025-08-01 10:43:34 AM,211.56,50,10578.0,7342999.840000001
2025-08-01 10:45:41 AM,211.55,0,0.0,7342999.840000001
2025-08-01 10:45:43 AM,211.55,3075,650516.25,7993516.090000001
2025-08-01 10:46:13 AM,211.44,0,0.0,7993516.090000001
2025-08-01 10:46:14 AM,211.44,10,2114.4,7995630.490000001
2025-08-01 10:46:27 AM,211.29,28,5916.12,8001546.610000001
2025-08-01 10:46:53 AM,211.23,0,0.0,8001546.610000001
2025-08-01 10:46:53 AM,211.23,22,4647.0599999999995,8006193.670000001
2025-08-01 10:48:02 AM,210.92,0,0.0,8006193.670000001
2025-08-01 10:48:03 AM,210.92,85,17928.2,8024121.870000001
2025-08-01 10:48:31 AM,211.0,0,0.0,8024121.870000001
2025-08-01 10:48:32 AM,211.0,1061,223871.0,8247992.870000001
2025-08-01 10:48:52 AM,211.0,50,10550.0,8258542.870000001
2025-08-01 10:49:41 AM,211.0,92,19412.0,8277954.870000001
2025-08-01 10:50:30 AM,210.83,0,0.0,8277954.870000001
2025-08-01 10:50:30 AM,210.83,162,34154.46,8312109.330000001
2025-08-01 10:50:54 AM,210.81,0,0.0,8312109.330000001
2025-08-01 10:50:59 AM,210.81,50,10540.5,8322649.830000001
2025-08-01 10:51:21 AM,210.83,100,21083.0,8343732.830000001
2025-08-01 10:51:22 AM,210.8,0,0.0,8343732.830000001
2025-08-01 10:51:26 AM,210.8,20,4216.0,8347948.830000001
2025-08-01 10:51:48 AM,210.7,0,0.0,8347948.830000001
2025-08-01 10:51:48 AM,210.7,50,10535.0,8358483.830000001
2025-08-01 10:52:40 AM,210.86,0,0.0,8358483.830000001
2025-08-01 10:52:42 AM,210.86,27,5693.22,8364177.050000001
2025-08-01 10:54:13 AM,210.71,10,2107.1,8366284.15
2025-08-01 10:54:23 AM,210.7,275,57942.5,8424226.65
2025-08-01 10:56:20 AM,210.55,0,0.0,8424226.65
2025-08-01 10:56:20 AM,210.55,11,2316.05,8426542.700000001
2025-08-01 10:56:36 AM,210.55,2,421.1,8426963.8
2025-08-01 10:56:41 AM,210.55,373,78535.15000000001,8505498.950000001
2025-08-01 10:57:28 AM,210.73,0,0.0,8505498.950000001
2025-08-01 10:57:29 AM,210.8,5275,1111970.0,9617468.950000001
2025-08-01 10:57:32 AM,210.78,0,0.0,9617468.950000001
2025-08-01 10:57:34 AM,210.78,28,5901.84,9623370.790000001
2025-08-01 10:57:48 AM,210.8,0,0.0,9623370.790000001
2025-08-01 10:57:50 AM,210.8,51,10750.800000000001,9634121.590000002
2025-08-01 10:58:11 AM,210.8,100,21080.0,9655201.590000002
2025-08-01 10:58:39 AM,210.8,55,11594.0,9666795.590000002
2025-08-01 10:59:38 AM,210.57,0,0.0,9666795.590000002
2025-08-01 10:59:41 AM,210.57,110,23162.7,9689958.290000001
2025-08-01 11:00:06 AM,210.76,0,0.0,9689958.290000001
2025-08-01 11:00:10 AM,210.76,70,14753.199999999999,9704711.49
2025-08-01 11:00:25 AM,210.89,0,0.0,9704711.49
2025-08-01 11:00:26 AM,210.89,1,210.89,9704922.38
2025-08-01 11:00:43 AM,210.8,54,11383.2,9716305.58
2025-08-01 11:02:11 AM,211.02,0,0.0,9716305.58
2025-08-01 11:02:11 AM,211.02,93,19624.86,9735930.44
2025-08-01 11:03:58 AM,211.08,20,4221.6,9740152.04
2025-08-01 11:05:27 AM,211.11,5,1055.5500000000002,9741207.59
2025-08-01 11:05:39 AM,211.2,12,2534.3999999999996,9743741.99
2025-08-01 11:05:49 AM,211.0,200,42200.0,9785941.99
2025-08-01 11:06:55 AM,210.95,0,0.0,9785941.99
2025-08-01 11:06:57 AM,210.95,88,18563.6,9804505.59
2025-08-01 11:08:01 AM,210.89,0,0.0,9804505.59
2025-08-01 11:08:02 AM,210.89,12,2530.68,9807036.27
2025-08-01 11:08:03 AM,210.91,16,3374.56,9810410.83
2025-08-01 11:08:47 AM,210.87,0,0.0,9810410.83
2025-08-01 11:08:49 AM,210.87,36,7591.32,9818002.15
2025-08-01 11:08:51 AM,210.87,48,10121.76,9828123.91
2025-08-01 11:09:04 AM,210.57,0,0.0,9828123.91
2025-08-01 11:09:06 AM,210.57,159,33480.63,9861604.540000001
2025-08-01 11:09:41 AM,210.76,15,3161.3999999999996,9864765.940000001
2025-08-01 11:10:27 AM,210.77,5,1053.8500000000001,9865819.790000001
2025-08-01 11:10:33 AM,210.77,10,2107.7000000000003,9867927.49
2025-08-01 11:11:02 AM,210.56,0,0.0,9867927.49
2025-08-01 11:11:06 AM,210.56,174,36637.44,9904564.93
2025-08-01 11:11:33 AM,210.5,450,94725.0,9999289.93
2025-08-01 11:12:08 AM,210.54,0,0.0,9999289.93
2025-08-01 11:12:10 AM,210.54,2,421.08,9999711.01
2025-08-01 11:13:45 AM,210.89,0,0.0,9999711.01
2025-08-01 11:13:47 AM,210.89,173,36483.97,10036194.98
2025-08-01 11:13:52 AM,210.56,223,46954.88,10083149.860000001
2025-08-01 11:14:35 AM,210.73,0,0.0,10083149.860000001
2025-08-01 11:14:35 AM,210.73,2,421.46,10083571.320000002
2025-08-01 11:15:27 AM,210.83,0,0.0,10083571.320000002
2025-08-01 11:15:29 AM,210.83,30,6324.900000000001,10089896.220000003
2025-08-01 11:15:55 AM,210.83,11,2319.13,10092215.350000003
2025-08-01 11:16:59 AM,210.79,0,0.0,10092215.350000003
2025-08-01 11:17:00 AM,210.79,1,210.79,10092426.140000002
2025-08-01 11:17:09 AM,210.86,0,0.0,10092426.140000002
2025-08-01 11:17:09 AM,210.86,5,1054.3000000000002,10093480.440000003
2025-08-01 11:17:27 AM,210.6,0,0.0,10093480.440000003
2025-08-01 11:17:27 AM,210.6,37,7792.2,10101272.640000002
2025-08-01 11:17:38 AM,210.6,113,23797.8,10125070.440000003
2025-08-01 11:18:07 AM,210.62,0,0.0,10125070.440000003
2025-08-01 11:18:08 AM,210.62,16,3369.92,10128440.360000003
2025-08-01 11:19:39 AM,210.55,0,0.0,10128440.360000003
2025-08-01 11:19:43 AM,210.55,49,10316.95,10138757.310000002
2025-08-01 11:19:50 AM,210.56,0,0.0,10138757.310000002
2025-08-01 11:19:53 AM,210.56,75,15792.0,10154549.310000002
2025-08-01 11:21:10 AM,210.52,0,0.0,10154549.310000002
2025-08-01 11:21:12 AM,210.73,0,0.0,10154549.310000002
2025-08-01 11:21:12 AM,210.73,37,7797.009999999999,10162346.320000002
2025-08-01 11:21:26 AM,210.87,0,0.0,10162346.320000002
2025-08-01 11:21:28 AM,210.87,200,42174.0,10204520.320000002
2025-08-01 11:22:45 AM,210.83,0,0.0,10204520.320000002
2025-08-01 11:22:47 AM,210.61,0,0.0,10204520.320000002
2025-08-01 11:22:47 AM,210.61,27,5686.47,10210206.790000003
2025-08-01 11:23:19 AM,210.61,45,9477.45,10219684.240000002
2025-08-01 11:23:24 AM,210.61,41,8635.01,10228319.250000002
2025-08-01 11:23:29 AM,210.61,2,421.22,10228740.470000003
2025-08-01 11:24:19 AM,210.74,0,0.0,10228740.470000003
2025-08-01 11:24:20 AM,210.74,1,210.74,10228951.210000003
2025-08-01 11:27:07 AM,210.57,192,40429.44,10269380.650000002
2025-08-01 11:28:38 AM,210.79,0,0.0,10269380.650000002
2025-08-01 11:28:39 AM,210.79,1,210.79,10269591.440000001
2025-08-01 11:29:04 AM,210.62,0,0.0,10269591.440000001
2025-08-01 11:29:06 AM,210.62,1,210.62,10269802.06
2025-08-01 11:30:02 AM,210.81,0,0.0,10269802.06
2025-08-01 11:30:03 AM,210.81,10,2108.1,10271910.16
2025-08-01 11:30:06 AM,210.5,500,105250.0,10377160.16
2025-08-01 11:32:06 AM,210.53,0,0.0,10377160.16
2025-08-01 11:32:06 AM,210.53,174,36632.22,10413792.38
2025-08-01 11:33:25 AM,210.41,0,0.0,10413792.38
2025-08-01 11:33:25 AM,210.41,1128,237342.48,10651134.860000001
2025-08-01 11:33:26 AM,210.0,0,0.0,10651134.860000001
2025-08-01 11:33:29 AM,210.0,1281,269010.0,10920144.860000001
2025-08-01 11:33:55 AM,210.01,0,0.0,10920144.860000001
2025-08-01 11:33:55 AM,210.01,2,420.02,10920564.88
2025-08-01 11:37:00 AM,210.0,0,0.0,10920564.88
2025-08-01 11:37:02 AM,210.0,4771,1001910.0,11922474.88
2025-08-01 11:38:40 AM,209.99,114,23938.86,11946413.74
2025-08-01 11:39:01 AM,209.99,1,209.99,11946623.73
2025-08-01 11:39:11 AM,209.99,20,4199.8,11950823.530000001
2025-08-01 11:40:03 AM,209.88,0,0.0,11950823.530000001
2025-08-01 11:40:04 AM,209.88,54,11333.52,11962157.05
2025-08-01 11:40:25 AM,209.9,0,0.0,11962157.05
2025-08-01 11:40:28 AM,209.9,101,21199.9,11983356.950000001
2025-08-01 11:40:29 AM,209.78,11,2307.58,11985664.530000001
2025-08-01 11:41:51 AM,209.97,0,0.0,11985664.530000001
2025-08-01 11:41:54 AM,209.97,5,1049.85,11986714.38
2025-08-01 11:42:21 AM,209.98,0,0.0,11986714.38
2025-08-01 11:42:25 AM,209.98,1,209.98,11986924.360000001
2025-08-01 11:42:27 AM,209.82,0,0.0,11986924.360000001
2025-08-01 11:42:30 AM,209.82,1,209.82,11987134.180000002
2025-08-01 11:42:41 AM,209.82,1,209.82,11987344.000000002
2025-08-01 11:42:55 AM,210.18,0,0.0,11987344.000000002
2025-08-01 11:42:56 AM,210.18,1000,210180.0,12197524.000000002
2025-08-01 11:43:07 AM,209.83,0,0.0,12197524.000000002
2025-08-01 11:43:08 AM,209.83,100,20983.0,12218507.000000002
2025-08-01 11:43:43 AM,209.88,0,0.0,12218507.000000002
2025-08-01 11:43:44 AM,209.88,1,209.88,12218716.880000003
2025-08-01 11:44:17 AM,209.88,18,3777.84,12222494.720000003
2025-08-01 11:44:48 AM,209.61,0,0.0,12222494.720000003
2025-08-01 11:44:51 AM,209.61,300,62883.00000000001,12285377.720000003
2025-08-01 11:46:36 AM,210.0,0,0.0,12285377.720000003
2025-08-01 11:46:37 AM,210.0,400,84000.0,12369377.720000003
2025-08-01 11:46:54 AM,209.84,0,0.0,12369377.720000003
2025-08-01 11:46:54 AM,209.84,2,419.68,12369797.400000002
2025-08-01 11:47:34 AM,209.84,101,21193.84,12390991.240000002
2025-08-01 11:48:50 AM,210.04,0,0.0,12390991.240000002
2025-08-01 11:48:51 AM,210.04,10,2100.4,12393091.640000002
2025-08-01 11:50:14 AM,209.76,100,20976.0,12414067.640000002
2025-08-01 11:51:25 AM,209.77,0,0.0,12414067.640000002
2025-08-01 11:51:28 AM,209.77,218,45729.86,12459797.500000002
2025-08-01 11:52:23 AM,210.0,0,0.0,12459797.500000002
2025-08-01 11:52:23 AM,210.0,20,4200.0,12463997.500000002
2025-08-01 11:53:25 AM,210.0,138,28980.0,12492977.500000002
2025-08-01 11:53:45 AM,210.0,212,44520.0,12537497.500000002
2025-08-01 11:53:51 AM,210.0,5,1050.0,12538547.500000002
2025-08-01 11:54:20 AM,210.0,250,52500.0,12591047.500000002
2025-08-01 11:56:29 AM,209.84,0,0.0,12591047.500000002
2025-08-01 11:56:32 AM,209.84,166,34833.44,12625880.940000001
2025-08-01 11:56:43 AM,209.99,0,0.0,12625880.940000001
2025-08-01 11:56:43 AM,209.99,250,52497.5,12678378.440000001
2025-08-01 11:58:01 AM,210.0,0,0.0,12678378.440000001
2025-08-01 11:58:02 AM,210.0,1,210.0,12678588.440000001
2025-08-01 11:58:13 AM,210.0,1,210.0,12678798.440000001
2025-08-01 11:58:15 AM,210.0,201,42210.0,12721008.440000001
2025-08-01 11:58:19 AM,210.0,54,11340.0,12732348.440000001
2025-08-01 11:58:29 AM,210.0,239,50190.0,12782538.440000001
2025-08-01 11:59:48 AM,210.0,244,51240.0,12833778.440000001
2025-08-01 11:59:53 AM,210.0,2,420.0,12834198.440000001
2025-08-01 12:00:44 PM,210.0,18,3780.0,12837978.440000001
2025-08-01 12:00:59 PM,210.0,83,17430.0,12855408.440000001
2025-08-01 12:01:32 PM,210.0,3,630.0,12856038.440000001
2025-08-01 12:02:25 PM,210.0,163,34230.0,12890268.440000001
2025-08-01 12:03:32 PM,210.0,10,2100.0,12892368.440000001
2025-08-01 12:03:40 PM,210.0,2,420.0,12892788.440000001
2025-08-01 12:03:44 PM,209.71,0,0.0,12892788.440000001
2025-08-01 12:03:45 PM,209.71,500,104855.0,12997643.440000001
2025-08-01 12:04:44 PM,209.95,0,0.0,12997643.440000001
2025-08-01 12:04:45 PM,209.95,1,209.95,12997853.39
2025-08-01 12:05:11 PM,209.8,25,5245.0,13003098.39
2025-08-01 12:06:01 PM,209.8,15,3147.0,13006245.39
2025-08-01 12:08:14 PM,209.83,0,0.0,13006245.39
2025-08-01 12:08:16 PM,209.83,25,5245.75,13011491.14
2025-08-01 12:08:50 PM,209.71,0,0.0,13011491.14
2025-08-01 12:08:51 PM,209.71,21,4403.91,13015895.05
2025-08-01 12:09:11 PM,209.71,5,1048.55,13016943.600000001
2025-08-01 12:10:12 PM,209.63,0,0.0,13016943.600000001
2025-08-01 12:10:16 PM,209.63,295,61840.85,13078784.450000001
2025-08-01 12:11:04 PM,209.9,0,0.0,13078784.450000001
2025-08-01 12:11:06 PM,209.9,35,7346.5,13086130.950000001
2025-08-01 12:12:12 PM,209.75,0,0.0,13086130.950000001
2025-08-01 12:12:14 PM,209.75,10,2097.5,13088228.450000001
2025-08-01 12:12:32 PM,209.7,0,0.0,13088228.450000001
2025-08-01 12:12:34 PM,209.75,0,0.0,13088228.450000001
2025-08-01 12:12:34 PM,209.75,213,44676.75,13132905.200000001
2025-08-01 12:13:02 PM,210.7,0,0.0,13132905.200000001
2025-08-01 12:13:06 PM,210.7,13066,2753006.1999999997,15885911.4
2025-08-01 12:13:06 PM,210.26,0,0.0,15885911.4
2025-08-01 12:13:11 PM,210.26,2512,528173.12,16414084.52
2025-08-01 12:13:12 PM,210.93,0,0.0,16414084.52
2025-08-01 12:13:15 PM,210.93,115,24256.95,16438341.469999999
2025-08-01 12:14:00 PM,210.59,15,3158.85,16441500.319999998
2025-08-01 12:14:15 PM,210.59,72,15162.48,16456662.799999999
2025-08-01 12:15:14 PM,210.53,0,0.0,16456662.799999999
2025-08-01 12:15:16 PM,210.53,100,21053.0,16477715.799999999
2025-08-01 12:16:48 PM,210.28,0,0.0,16477715.799999999
2025-08-01 12:16:50 PM,210.28,154,32383.12,16510098.919999998
2025-08-01 12:17:16 PM,210.44,0,0.0,16510098.919999998
2025-08-01 12:17:20 PM,210.44,100,21044.0,16531142.919999998
2025-08-01 12:18:26 PM,210.31,0,0.0,16531142.919999998
2025-08-01 12:18:27 PM,210.31,14,2944.34,16534087.259999998
2025-08-01 12:18:42 PM,210.28,174,36588.72,16570675.979999999
2025-08-01 12:20:20 PM,210.03,0,0.0,16570675.979999999
2025-08-01 12:20:21 PM,210.28,0,0.0,16570675.979999999
2025-08-01 12:20:24 PM,210.28,107,22499.96,16593175.94
2025-08-01 12:21:23 PM,210.2,0,0.0,16593175.94
2025-08-01 12:21:25 PM,210.2,156,32791.2,16625967.139999999
2025-08-01 12:22:46 PM,210.2,10,2102.0,16628069.139999999
2025-08-01 12:24:14 PM,210.45,0,0.0,16628069.139999999
2025-08-01 12:24:15 PM,210.45,6,1262.6999999999998,16629331.839999998
2025-08-01 12:24:35 PM,210.2,354,74410.8,16703742.639999999
2025-08-01 12:27:18 PM,210.04,0,0.0,16703742.639999999
2025-08-01 12:27:20 PM,210.04,154,32346.16,16736088.799999999
2025-08-01 12:27:40 PM,210.04,9,1890.36,16737979.159999998
2025-08-01 12:28:56 PM,210.07,0,0.0,16737979.159999998
2025-08-01 12:28:59 PM,210.07,1,210.07,16738189.229999999
2025-08-01 12:29:13 PM,210.26,0,0.0,16738189.229999999
2025-08-01 12:29:13 PM,210.26,15,3153.8999999999996,16741343.129999999
2025-08-01 12:30:14 PM,210.17,0,0.0,16741343.129999999
2025-08-01 12:30:16 PM,210.17,185,38881.45,16780224.58
2025-08-01 12:30:42 PM,210.3,0,0.0,16780224.58
2025-08-01 12:30:45 PM,210.2,2,420.4,16780644.979999997
2025-08-01 12:34:50 PM,210.23,0,0.0,16780644.979999997
2025-08-01 12:34:51 PM,210.23,171,35949.33,16816594.309999995
2025-08-01 12:35:36 PM,210.23,24,5045.5199999999995,16821639.829999994
2025-08-01 12:35:40 PM,210.17,0,0.0,16821639.829999994
2025-08-01 12:35:41 PM,210.17,128,26901.76,16848541.589999996
2025-08-01 12:38:10 PM,210.17,241,50650.969999999994,16899192.559999995
2025-08-01 12:38:39 PM,210.23,0,0.0,16899192.559999995
2025-08-01 12:38:39 PM,210.23,250,52557.5,16951750.059999995
2025-08-01 12:39:04 PM,210.17,0,0.0,16951750.059999995
2025-08-01 12:39:05 PM,210.17,17,3572.89,16955322.949999996
2025-08-01 12:39:55 PM,210.31,0,0.0,16955322.949999996
2025-08-01 12:39:58 PM,210.31,2,420.62,16955743.569999997
2025-08-01 12:40:22 PM,210.17,0,0.0,16955743.569999997
2025-08-01 12:40:24 PM,210.17,335,70406.95,17026150.519999996
2025-08-01 12:41:00 PM,210.17,40,8406.8,17034557.319999997
2025-08-01 12:41:43 PM,210.1,140,29414.0,17063971.319999997
2025-08-01 12:41:47 PM,210.1,40,8404.0,17072375.319999997
2025-08-01 12:42:18 PM,210.1,44,9244.4,17081619.719999995
2025-08-01 12:42:58 PM,210.16,0,0.0,17081619.719999995
2025-08-01 12:43:00 PM,210.16,250,52540.0,17134159.719999995
2025-08-01 12:43:09 PM,210.04,0,0.0,17134159.719999995
2025-08-01 12:43:10 PM,210.04,10,2100.4,17136260.119999994
2025-08-01 12:43:17 PM,210.04,50,10502.0,17146762.119999994
2025-08-01 12:44:05 PM,210.04,5,1050.2,17147812.319999993
2025-08-01 12:44:48 PM,209.89,1086,227940.53999999998,17375752.859999992
2025-08-01 12:44:48 PM,210.01,0,0.0,17375752.859999992
2025-08-01 12:44:53 PM,210.01,22,4620.219999999999,17380373.07999999
2025-08-01 12:45:08 PM,210.01,1,210.01,17380583.089999992
2025-08-01 12:46:50 PM,209.89,0,0.0,17380583.089999992
2025-08-01 12:46:50 PM,209.89,50,10494.5,17391077.589999992
2025-08-01 12:49:36 PM,209.9,30,6297.0,17397374.589999992
2025-08-01 12:49:55 PM,209.9,491,103060.90000000001,17500435.48999999
2025-08-01 12:52:48 PM,209.97,39,8188.83,17508624.31999999
2025-08-01 12:57:24 PM,210.01,0,0.0,17508624.31999999
2025-08-01 12:57:26 PM,210.01,14,2940.14,17511564.45999999
2025-08-01 12:58:12 PM,209.93,0,0.0,17511564.45999999
2025-08-01 12:58:16 PM,209.93,13,2729.09,17514293.54999999
2025-08-01 12:58:24 PM,209.9,0,0.0,17514293.54999999
2025-08-01 12:58:26 PM,209.9,50,10495.0,17524788.54999999
2025-08-01 01:01:00 PM,210.01,181,38011.81,17562800.35999999
2025-08-01 01:03:12 PM,210.01,204,42842.04,17605642.399999987
2025-08-01 01:05:31 PM,210.05,0,0.0,17605642.399999987
2025-08-01 01:05:31 PM,210.05,166,34868.3,17640510.699999988
2025-08-01 01:07:33 PM,210.04,77,16173.08,17656683.779999986
2025-08-01 01:07:48 PM,210.31,0,0.0,17656683.779999986
2025-08-01 01:07:49 PM,210.31,69,14511.39,17671195.169999987
2025-08-01 01:08:04 PM,210.18,0,0.0,17671195.169999987
2025-08-01 01:08:04 PM,210.18,1,210.18,17671405.349999987
2025-08-01 01:08:20 PM,210.18,33,6935.9400000000005,17678341.289999988
2025-08-01 01:09:20 PM,210.25,0,0.0,17678341.289999988
2025-08-01 01:09:21 PM,210.25,18,3784.5,17682125.789999988
2025-08-01 01:09:44 PM,210.21,2,420.42,17682546.20999999
2025-08-01 01:10:44 PM,210.14,0,0.0,17682546.20999999
2025-08-01 01:10:46 PM,210.14,26,5463.639999999999,17688009.84999999
2025-08-01 01:12:18 PM,210.35,0,0.0,17688009.84999999
2025-08-01 01:12:20 PM,210.35,3,631.05,17688640.89999999
2025-08-01 01:12:43 PM,210.25,0,0.0,17688640.89999999
2025-08-01 01:12:45 PM,210.25,1,210.25,17688851.14999999
2025-08-01 01:13:02 PM,210.14,0,0.0,17688851.14999999
2025-08-01 01:13:03 PM,210.14,12,2521.68,17691372.82999999
2025-08-01 01:13:14 PM,210.39,0,0.0,17691372.82999999
2025-08-01 01:13:16 PM,210.39,1,210.39,17691583.21999999
2025-08-01 01:13:40 PM,210.4,0,0.0,17691583.21999999
2025-08-01 01:13:41 PM,210.4,150,31560.0,17723143.21999999
2025-08-01 01:15:40 PM,210.47,0,0.0,17723143.21999999
2025-08-01 01:15:41 PM,210.47,83,17469.01,17740612.229999993
2025-08-01 01:17:18 PM,210.47,100,21047.0,17761659.229999993
2025-08-01 01:17:43 PM,210.65,20,4213.0,17765872.229999993
2025-08-01 01:17:46 PM,210.48,0,0.0,17765872.229999993
2025-08-01 01:17:48 PM,210.48,1,210.48,17766082.709999993
2025-08-01 01:18:33 PM,210.48,50,10524.0,17776606.709999993
2025-08-01 01:19:29 PM,210.46,26,5471.96,17782078.669999994
2025-08-01 01:20:33 PM,210.46,50,10523.0,17792601.669999994
2025-08-01 01:21:10 PM,210.4,0,0.0,17792601.669999994
2025-08-01 01:21:12 PM,210.38,0,0.0,17792601.669999994
2025-08-01 01:21:12 PM,210.38,550,115709.0,17908310.669999994
2025-08-01 01:21:32 PM,210.35,0,0.0,17908310.669999994
2025-08-01 01:21:33 PM,210.35,3,631.05,17908941.719999995
2025-08-01 01:21:36 PM,210.37,0,0.0,17908941.719999995
2025-08-01 01:21:38 PM,210.37,300,63111.0,17972052.719999995
2025-08-01 01:22:11 PM,210.37,530,111496.1,18083548.819999997
2025-08-01 01:22:43 PM,210.37,4,841.48,18084390.299999997
2025-08-01 01:23:58 PM,210.36,0,0.0,18084390.299999997
2025-08-01 01:23:59 PM,210.36,1,210.36,18084600.659999996
2025-08-01 01:27:35 PM,210.01,0,0.0,18084600.659999996
2025-08-01 01:27:38 PM,210.01,300,63003.0,18147603.659999996
2025-08-01 01:32:14 PM,210.3,0,0.0,18147603.659999996
2025-08-01 01:32:17 PM,210.3,9,1892.7,18149496.359999996
2025-08-01 01:33:25 PM,210.3,85,17875.5,18167371.859999996
2025-08-01 01:33:50 PM,210.3,475,99892.5,18267264.359999996
2025-08-01 01:34:50 PM,210.32,12,2523.84,18269788.199999996
2025-08-01 01:35:34 PM,210.32,12,2523.84,18272312.039999995
2025-08-01 01:35:44 PM,210.3,2,420.6,18272732.639999997
2025-08-01 01:37:24 PM,210.28,0,0.0,18272732.639999997
2025-08-01 01:37:26 PM,210.28,86,18084.08,18290816.719999995
2025-08-01 01:38:33 PM,210.29,0,0.0,18290816.719999995
2025-08-01 01:38:33 PM,210.29,1,210.29,18291027.009999994
2025-08-01 01:39:40 PM,210.03,0,0.0,18291027.009999994
2025-08-01 01:39:42 PM,210.03,162,34024.86,18325051.869999994
2025-08-01 01:39:44 PM,209.95,0,0.0,18325051.869999994
2025-08-01 01:39:46 PM,209.9,0,0.0,18325051.869999994
2025-08-01 01:39:47 PM,209.9,638,133916.2,18458968.069999993
2025-08-01 01:40:24 PM,209.91,0,0.0,18458968.069999993
2025-08-01 01:40:28 PM,209.91,1,209.91,18459177.979999993
2025-08-01 01:42:38 PM,210.07,0,0.0,18459177.979999993
2025-08-01 01:42:40 PM,210.07,10,2100.7,18461278.679999992
2025-08-01 01:43:28 PM,210.12,0,0.0,18461278.679999992
2025-08-01 01:43:30 PM,210.12,1,210.12,18461488.799999993
2025-08-01 01:43:48 PM,210.0,0,0.0,18461488.799999993
2025-08-01 01:43:50 PM,210.0,155,32550.0,18494038.799999993
2025-08-01 01:44:18 PM,210.13,0,0.0,18494038.799999993
2025-08-01 01:44:20 PM,210.13,10,2101.3,18496140.099999994
2025-08-01 01:45:34 PM,209.99,0,0.0,18496140.099999994
2025-08-01 01:45:35 PM,209.99,40,8399.6,18504539.699999996
2025-08-01 01:47:14 PM,210.16,0,0.0,18504539.699999996
2025-08-01 01:47:15 PM,210.16,179,37618.64,18542158.339999996
2025-08-01 01:49:40 PM,210.04,0,0.0,18542158.339999996
2025-08-01 01:49:42 PM,210.04,67,14072.68,18556231.019999996
2025-08-01 01:49:52 PM,210.04,213,44738.52,18600969.539999995
2025-08-01 01:51:54 PM,210.16,1,210.16,18601179.699999996
2025-08-01 01:53:34 PM,210.08,0,0.0,18601179.699999996
2025-08-01 01:53:35 PM,210.08,16,3361.28,18604540.979999997
2025-08-01 01:53:59 PM,210.08,517,108611.36,18713152.339999996
2025-08-01 01:56:44 PM,210.15,0,0.0,18713152.339999996
2025-08-01 01:56:46 PM,210.15,13,2731.9500000000003,18715884.289999995
2025-08-01 01:57:45 PM,210.3,101,21240.300000000003,18737124.589999996
2025-08-01 01:58:10 PM,210.3,5,1051.5,18738176.089999996
2025-08-01 01:58:26 PM,210.1,0,0.0,18738176.089999996
2025-08-01 01:58:28 PM,210.1,450,94545.0,18832721.089999996
2025-08-01 01:59:35 PM,210.1,216,45381.6,18878102.689999998
2025-08-01 02:00:05 PM,210.1,33,6933.3,18885035.99
2025-08-01 02:02:00 PM,210.31,0,0.0,18885035.99
2025-08-01 02:02:02 PM,210.31,77,16193.87,18901229.86
2025-08-01 02:02:20 PM,210.02,0,0.0,18901229.86
2025-08-01 02:02:21 PM,210.02,250,52505.0,18953734.86
2025-08-01 02:02:50 PM,210.32,0,0.0,18953734.86
2025-08-01 02:02:51 PM,210.32,1,210.32,18953945.18
2025-08-01 02:04:02 PM,210.06,2,420.12,18954365.3
2025-08-01 02:04:27 PM,210.06,10,2100.6,18956465.900000002
2025-08-01 02:06:17 PM,210.24,0,0.0,18956465.900000002
2025-08-01 02:06:18 PM,210.24,166,34899.840000000004,18991365.740000002
2025-08-01 02:06:21 PM,210.08,0,0.0,18991365.740000002
2025-08-01 02:06:22 PM,210.08,12,2520.96,18993886.700000003
2025-08-01 02:08:17 PM,210.31,0,0.0,18993886.700000003
2025-08-01 02:08:18 PM,210.09,0,0.0,18993886.700000003
2025-08-01 02:08:21 PM,210.09,1013,212821.17,19206707.870000005
2025-08-01 02:09:02 PM,210.09,178,37396.020000000004,19244103.890000004
2025-08-01 02:10:41 PM,210.0,0,0.0,19244103.890000004
2025-08-01 02:10:42 PM,210.0,1446,303660.0,19547763.890000004
2025-08-01 02:11:08 PM,210.17,50,10508.5,19558272.390000004
2025-08-01 02:13:24 PM,209.99,0,0.0,19558272.390000004
2025-08-01 02:13:24 PM,209.99,18,3779.82,19562052.210000005
2025-08-01 02:13:26 PM,209.91,0,0.0,19562052.210000005
2025-08-01 02:13:27 PM,209.91,2681,562768.71,20124820.920000006
2025-08-01 02:13:48 PM,209.97,0,0.0,20124820.920000006
2025-08-01 02:13:48 PM,209.97,10,2099.7,20126920.620000005
2025-08-01 02:14:22 PM,209.99,0,0.0,20126920.620000005
2025-08-01 02:14:22 PM,209.99,266,55857.340000000004,20182777.960000005
2025-08-01 02:16:31 PM,209.99,49,10289.51,20193067.470000006
2025-08-01 02:16:56 PM,209.8,0,0.0,20193067.470000006
2025-08-01 02:16:56 PM,209.8,1,209.8,20193277.270000007
2025-08-01 02:18:23 PM,209.8,40,8392.0,20201669.270000007
2025-08-01 02:18:32 PM,209.45,0,0.0,20201669.270000007
2025-08-01 02:18:33 PM,209.45,1800,377010.0,20578679.270000007
2025-08-01 02:20:42 PM,209.53,0,0.0,20578679.270000007
2025-08-01 02:20:42 PM,209.53,168,35201.04,20613880.310000006
2025-08-01 02:21:55 PM,209.54,193,40441.22,20654321.530000005
2025-08-01 02:22:33 PM,209.6,0,0.0,20654321.530000005
2025-08-01 02:22:33 PM,209.6,1000,209600.0,20863921.530000005
2025-08-01 02:22:46 PM,209.7,0,0.0,20863921.530000005
2025-08-01 02:22:48 PM,209.7,100,20970.0,20884891.530000005
2025-08-01 02:22:54 PM,209.45,0,0.0,20884891.530000005
2025-08-01 02:22:54 PM,209.45,200,41890.0,20926781.530000005
2025-08-01 02:23:03 PM,209.6,0,0.0,20926781.530000005
2025-08-01 02:23:04 PM,209.6,203,42548.799999999996,20969330.330000006
2025-08-01 02:23:21 PM,209.6,100,20960.0,20990290.330000006
2025-08-01 02:24:29 PM,209.45,0,0.0,20990290.330000006
2025-08-01 02:24:29 PM,209.45,95,19897.75,21010188.080000006
2025-08-01 02:24:32 PM,209.26,0,0.0,21010188.080000006
2025-08-01 02:24:34 PM,209.25,1367,286044.75,21296232.830000006
2025-08-01 02:24:59 PM,209.2,0,0.0,21296232.830000006
2025-08-01 02:25:01 PM,209.2,100,20920.0,21317152.830000006
2025-08-01 02:25:39 PM,209.2,100,20920.0,21338072.830000006
2025-08-01 02:25:47 PM,209.12,0,0.0,21338072.830000006
2025-08-01 02:25:50 PM,209.12,7,1463.8400000000001,21339536.670000006
2025-08-01 02:26:00 PM,209.12,402,84066.24,21423602.910000004
2025-08-01 02:26:11 PM,209.12,3,627.36,21424230.270000003
2025-08-01 02:26:41 PM,209.07,0,0.0,21424230.270000003
2025-08-01 02:26:42 PM,209.12,0,0.0,21424230.270000003
2025-08-01 02:26:42 PM,209.12,1076,225013.12,21649243.390000004
2025-08-01 02:27:23 PM,209.1,0,0.0,21649243.390000004
2025-08-01 02:27:25 PM,209.1,20,4182.0,21653425.390000004
2025-08-01 02:27:41 PM,209.01,691,144425.91,21797851.300000004
2025-08-01 02:27:42 PM,209.0,993,207537.0,22005388.300000004
2025-08-01 02:27:43 PM,208.85,0,0.0,22005388.300000004
2025-08-01 02:27:46 PM,208.55,0,0.0,22005388.300000004
2025-08-01 02:27:47 PM,208.55,166,34619.3,22040007.600000005
2025-08-01 02:27:47 PM,208.87,101,21095.87,22061103.470000006
2025-08-01 02:27:49 PM,208.74,0,0.0,22061103.470000006
2025-08-01 02:27:52 PM,208.74,1,208.74,22061312.210000005
2025-08-01 02:28:21 PM,208.55,0,0.0,22061312.210000005
2025-08-01 02:28:24 PM,208.56,0,0.0,22061312.210000005
2025-08-01 02:28:25 PM,208.56,34,7091.04,22068403.250000004
2025-08-01 02:28:25 PM,208.52,2,417.04,22068820.290000003
2025-08-01 02:28:37 PM,208.5,0,0.0,22068820.290000003
2025-08-01 02:28:39 PM,208.51,0,0.0,22068820.290000003
2025-08-01 02:28:41 PM,208.51,111,23144.61,22091964.900000002
2025-08-01 02:28:46 PM,208.59,0,0.0,22091964.900000002
2025-08-01 02:28:47 PM,208.59,20,4171.8,22096136.700000003
2025-08-01 02:29:34 PM,208.62,0,0.0,22096136.700000003
2025-08-01 02:29:37 PM,208.62,1096,228647.52000000002,22324784.220000003
2025-08-01 02:30:02 PM,208.65,0,0.0,22324784.220000003
2025-08-01 02:30:05 PM,208.65,2,417.3,22325201.520000003
2025-08-01 02:31:27 PM,208.65,82,17109.3,22342310.820000004
2025-08-01 02:31:47 PM,208.68,0,0.0,22342310.820000004
2025-08-01 02:31:48 PM,208.68,84,17529.12,22359839.940000005
2025-08-01 02:32:27 PM,208.82,0,0.0,22359839.940000005
2025-08-01 02:32:27 PM,208.82,5,1044.1,22360884.040000007
2025-08-01 02:33:36 PM,209.13,147,30742.11,22391626.150000006
2025-08-01 02:33:45 PM,209.41,0,0.0,22391626.150000006
2025-08-01 02:33:48 PM,209.41,100,20941.0,22412567.150000006
2025-08-01 02:34:06 PM,208.65,0,0.0,22412567.150000006
2025-08-01 02:34:07 PM,208.65,1300,271245.0,22683812.150000006
2025-08-01 02:34:53 PM,209.15,25,5228.75,22689040.900000006
2025-08-01 02:34:56 PM,209.15,2,418.3,22689459.200000007
2025-08-01 02:35:44 PM,209.02,0,0.0,22689459.200000007
2025-08-01 02:35:45 PM,209.02,174,36369.48,22725828.680000007
2025-08-01 02:36:12 PM,209.0,0,0.0,22725828.680000007
2025-08-01 02:36:12 PM,209.0,34,7106.0,22732934.680000007
2025-08-01 02:36:45 PM,209.12,10080,2107929.6,24840864.28000001
2025-08-01 02:36:54 PM,210.0,0,0.0,24840864.28000001
2025-08-01 02:36:55 PM,210.0,102,21420.0,24862284.28000001
2025-08-01 02:37:37 PM,209.74,589,123536.86,24985821.140000008
2025-08-01 02:37:41 PM,209.74,350,73409.0,25059230.140000008
2025-08-01 02:38:47 PM,209.26,0,0.0,25059230.140000008
2025-08-01 02:38:48 PM,209.26,179,37457.54,25096687.680000007
2025-08-01 02:39:00 PM,209.06,2,418.12,25097105.80000001
2025-08-01 02:39:51 PM,209.28,0,0.0,25097105.80000001
2025-08-01 02:39:51 PM,209.28,2,418.56,25097524.360000007
2025-08-01 02:40:14 PM,209.34,5,1046.7,25098571.060000006
2025-08-01 02:40:18 PM,209.28,0,0.0,25098571.060000006
2025-08-01 02:40:19 PM,209.28,1,209.28,25098780.340000007
2025-08-01 02:40:39 PM,209.11,0,0.0,25098780.340000007
2025-08-01 02:40:41 PM,209.11,10,2091.1000000000004,25100871.44000001
2025-08-01 02:41:17 PM,209.34,0,0.0,25100871.44000001
2025-08-01 02:41:20 PM,209.34,50,10467.0,25111338.44000001
2025-08-01 02:41:35 PM,209.16,0,0.0,25111338.44000001
2025-08-01 02:41:36 PM,209.16,172,35975.52,25147313.96000001
2025-08-01 02:42:02 PM,209.38,0,0.0,25147313.96000001
2025-08-01 02:42:02 PM,209.38,1,209.38,25147523.340000007
2025-08-01 02:43:07 PM,209.33,10,2093.3,25149616.640000008
2025-08-01 02:43:11 PM,209.18,0,0.0,25149616.640000008
2025-08-01 02:43:11 PM,209.18,49,10249.82,25159866.46000001
2025-08-01 02:43:12 PM,209.18,150,31377.0,25191243.46000001
2025-08-01 02:43:32 PM,209.17,0,0.0,25191243.46000001
2025-08-01 02:43:33 PM,209.17,25,5229.25,25196472.71000001
2025-08-01 02:44:23 PM,209.18,25,5229.5,25201702.21000001
2025-08-01 02:45:01 PM,208.71,0,0.0,25201702.21000001
2025-08-01 02:45:02 PM,208.71,950,198274.5,25399976.71000001
2025-08-01 02:46:15 PM,208.5,0,0.0,25399976.71000001
2025-08-01 02:46:15 PM,208.5,865,180352.5,25580329.21000001
2025-08-01 02:46:32 PM,208.88,25,5222.0,25585551.21000001
2025-08-01 02:47:22 PM,208.88,902,188409.76,25773960.97000001
2025-08-01 02:48:17 PM,208.95,0,0.0,25773960.97000001
2025-08-01 02:48:20 PM,208.95,2,417.9,25774378.87000001
2025-08-01 02:48:25 PM,208.8,50,10440.0,25784818.87000001
2025-08-01 02:48:48 PM,209.0,436,91124.0,25875942.87000001
2025-08-01 02:49:02 PM,208.88,0,0.0,25875942.87000001
2025-08-01 02:49:04 PM,208.88,2,417.76,25876360.63000001
2025-08-01 02:49:11 PM,208.95,0,0.0,25876360.63000001
2025-08-01 02:49:15 PM,208.95,50,10447.5,25886808.13000001
2025-08-01 02:49:26 PM,209.06,0,0.0,25886808.13000001
2025-08-01 02:49:26 PM,209.06,133,27804.98,25914613.11000001
2025-08-01 02:49:30 PM,208.95,0,0.0,25914613.11000001
2025-08-01 02:49:31 PM,208.95,10,2089.5,25916702.61000001
2025-08-01 02:50:26 PM,209.06,0,0.0,25916702.61000001
2025-08-01 02:50:27 PM,209.06,2,418.12,25917120.73000001
2025-08-01 02:50:29 PM,209.05,0,0.0,25917120.73000001
2025-08-01 02:50:30 PM,209.27,0,0.0,25917120.73000001
2025-08-01 02:50:32 PM,209.27,30,6278.1,25923398.830000013
2025-08-01 02:50:38 PM,209.08,4,836.32,25924235.150000013
2025-08-01 02:50:55 PM,209.05,0,0.0,25924235.150000013
2025-08-01 02:50:59 PM,209.05,9,1881.45,25926116.600000013
2025-08-01 02:51:05 PM,209.25,100,20925.0,25947041.600000013
2025-08-01 02:51:07 PM,209.24,0,0.0,25947041.600000013
2025-08-01 02:51:10 PM,209.24,13,2720.12,25949761.720000014
2025-08-01 02:51:27 PM,208.96,135,28209.600000000002,25977971.320000015
2025-08-01 02:51:28 PM,209.2,0,0.0,25977971.320000015
2025-08-01 02:51:32 PM,209.2,25,5230.0,25983201.320000015
2025-08-01 02:51:37 PM,209.2,8,1673.6,25984874.920000017
2025-08-01 02:51:52 PM,209.19,0,0.0,25984874.920000017
2025-08-01 02:51:53 PM,209.18,0,0.0,25984874.920000017
2025-08-01 02:51:53 PM,209.18,104,21754.72,26006629.640000015
2025-08-01 02:52:15 PM,208.95,203,42416.85,26049046.490000017
2025-08-01 02:54:17 PM,208.89,0,0.0,26049046.490000017
2025-08-01 02:54:18 PM,208.89,116,24231.239999999998,26073277.730000015
2025-08-01 02:54:20 PM,208.8,0,0.0,26073277.730000015
2025-08-01 02:54:20 PM,208.85,110,22973.5,26096251.230000015
2025-08-01 02:54:23 PM,208.89,0,0.0,26096251.230000015
2025-08-01 02:54:23 PM,208.89,18,3760.0199999999995,26100011.250000015
2025-08-01 02:54:52 PM,208.89,100,20889.0,26120900.250000015
2025-08-01 02:55:20 PM,208.97,20,4179.4,26125079.650000013
2025-08-01 02:55:49 PM,209.06,0,0.0,26125079.650000013
2025-08-01 02:55:51 PM,209.06,1,209.06,26125288.710000012
2025-08-01 02:56:04 PM,208.89,0,0.0,26125288.710000012
2025-08-01 02:56:07 PM,208.89,201,41986.89,26167275.600000013
2025-08-01 02:56:25 PM,208.76,2,417.52,26167693.120000012
2025-08-01 02:56:58 PM,208.88,5,1044.4,26168737.52000001
2025-08-01 02:57:06 PM,208.76,0,0.0,26168737.52000001
2025-08-01 02:57:09 PM,208.76,704,146967.03999999998,26315704.56000001
2025-08-01 02:57:14 PM,208.88,0,0.0,26315704.56000001
2025-08-01 02:57:14 PM,208.88,166,34674.08,26350378.640000008
2025-08-01 02:57:15 PM,208.88,3,626.64,26351005.28000001
2025-08-01 02:58:24 PM,208.77,0,0.0,26351005.28000001
2025-08-01 02:58:27 PM,209.04,462,96576.48,26447581.76000001
2025-08-01 02:59:08 PM,209.0,0,0.0,26447581.76000001
2025-08-01 02:59:08 PM,209.0,5,1045.0,26448626.76000001
2025-08-01 02:59:12 PM,209.0,26,5434.0,26454060.76000001
2025-08-01 02:59:40 PM,209.0,30,6270.0,26460330.76000001
2025-08-01 03:00:04 PM,209.0,1,209.0,26460539.76000001
2025-08-01 03:00:22 PM,209.0,50,10450.0,26470989.76000001
2025-08-01 03:00:30 PM,208.88,0,0.0,26470989.76000001
2025-08-01 03:00:32 PM,208.88,45,9399.6,26480389.36000001
2025-08-01 03:00:56 PM,208.87,34,7101.58,26487490.94000001
2025-08-01 03:00:58 PM,208.87,1,208.87,26487699.81000001
2025-08-01 03:01:02 PM,208.87,65,13576.550000000001,26501276.36000001
2025-08-01 03:01:32 PM,208.88,1,208.88,26501485.24000001
2025-08-01 03:01:42 PM,208.87,100,20887.0,26522372.24000001
2025-08-01 03:01:50 PM,208.7,242,50505.399999999994,26572877.640000008
2025-08-01 03:02:05 PM,208.52,0,0.0,26572877.640000008
2025-08-01 03:02:06 PM,208.52,25,5213.0,26578090.640000008
2025-08-01 03:02:17 PM,208.57,0,0.0,26578090.640000008
2025-08-01 03:02:18 PM,208.57,363,75710.91,26653801.55000001
2025-08-01 03:02:39 PM,208.62,28,5841.360000000001,26659642.910000008
2025-08-01 03:03:14 PM,208.69,5,1043.45,26660686.360000007
2025-08-01 03:03:32 PM,208.69,5,1043.45,26661729.810000006
2025-08-01 03:03:58 PM,208.58,302,62991.16,26724720.970000006
2025-08-01 03:04:01 PM,208.57,23,4797.11,26729518.080000006
2025-08-01 03:04:11 PM,208.57,36,7508.5199999999995,26737026.600000005
2025-08-01 03:04:20 PM,208.57,5,1042.85,26738069.450000007
2025-08-01 03:04:23 PM,208.41,50,10420.5,26748489.950000007
2025-08-01 03:05:01 PM,208.5,0,0.0,26748489.950000007
2025-08-01 03:05:03 PM,208.57,0,0.0,26748489.950000007
2025-08-01 03:05:03 PM,208.57,3,625.71,26749115.660000008
2025-08-01 03:05:06 PM,208.5,218,45453.0,26794568.660000008
2025-08-01 03:05:35 PM,208.45,0,0.0,26794568.660000008
2025-08-01 03:05:35 PM,208.45,21,4377.45,26798946.110000007
2025-08-01 03:06:03 PM,208.45,21,4377.45,26803323.560000006
2025-08-01 03:06:09 PM,208.46,25,5211.5,26808535.060000006
2025-08-01 03:06:34 PM,208.47,32,6671.04,26815206.100000005
2025-08-01 03:06:36 PM,208.48,0,0.0,26815206.100000005
2025-08-01 03:06:37 PM,208.48,1,208.48,26815414.580000006
2025-08-01 03:06:40 PM,208.49,56,11675.44,26827090.020000007
2025-08-01 03:06:48 PM,208.5,0,0.0,26827090.020000007
2025-08-01 03:06:50 PM,208.5,1,208.5,26827298.520000007
2025-08-01 03:06:56 PM,208.5,152,31692.0,26858990.520000007
2025-08-01 03:06:59 PM,208.55,80,16684.0,26875674.520000007
2025-08-01 03:07:27 PM,208.66,13,2712.58,26878387.100000005
2025-08-01 03:07:29 PM,208.67,0,0.0,26878387.100000005
2025-08-01 03:07:30 PM,208.67,8,1669.36,26880056.460000005
2025-08-01 03:07:36 PM,208.62,780,162723.6,27042780.060000006
2025-08-01 03:08:25 PM,208.35,0,0.0,27042780.060000006
2025-08-01 03:08:25 PM,208.35,145,30210.75,27072990.810000006
2025-08-01 03:08:35 PM,208.3,21,4374.3,27077365.110000007
2025-08-01 03:08:37 PM,208.0,2293,476944.0,27554309.110000007
2025-08-01 03:08:39 PM,208.43,0,0.0,27554309.110000007
2025-08-01 03:08:41 PM,208.32,0,0.0,27554309.110000007
2025-08-01 03:08:41 PM,208.32,1151,239776.31999999998,27794085.430000007
2025-08-01 03:09:00 PM,208.0,1014,210912.0,28004997.430000007
2025-08-01 03:09:07 PM,208.03,227,47222.81,28052220.240000006
2025-08-01 03:09:45 PM,208.0,1000,208000.0,28260220.240000006
2025-08-01 03:09:55 PM,208.0,500,104000.0,28364220.240000006
2025-08-01 03:09:58 PM,208.08,0,0.0,28364220.240000006
2025-08-01 03:09:59 PM,208.08,23,4785.84,28369006.080000006
2025-08-01 03:10:02 PM,208.15,94,19566.100000000002,28388572.180000007
2025-08-01 03:10:07 PM,208.15,51,10615.65,28399187.830000006
2025-08-01 03:10:14 PM,208.15,2,416.3,28399604.130000006
2025-08-01 03:10:17 PM,208.15,543,113025.45,28512629.580000006
2025-08-01 03:10:21 PM,208.14,2,416.28,28513045.860000007
2025-08-01 03:10:23 PM,208.15,3,624.45,28513670.310000006
2025-08-01 03:10:32 PM,208.06,0,0.0,28513670.310000006
2025-08-01 03:10:35 PM,208.15,33,6868.95,28520539.260000005
2025-08-01 03:10:37 PM,208.15,7,1457.05,28521996.310000006
2025-08-01 03:10:49 PM,208.15,111,23104.65,28545100.960000005
2025-08-01 03:10:54 PM,208.15,100,20815.0,28565915.960000005
2025-08-01 03:11:04 PM,208.2,0,0.0,28565915.960000005
2025-08-01 03:11:06 PM,208.2,4,832.8,28566748.760000005
2025-08-01 03:11:28 PM,208.2,25,5205.0,28571953.760000005
2025-08-01 03:11:45 PM,208.06,640,133158.4,28705112.160000004
2025-08-01 03:11:53 PM,208.06,1,208.06,28705320.220000003
2025-08-01 03:12:04 PM,208.06,22,4577.32,28709897.540000003
2025-08-01 03:12:10 PM,208.01,0,0.0,28709897.540000003
2025-08-01 03:12:11 PM,208.01,115,23921.149999999998,28733818.69
2025-08-01 03:12:17 PM,208.07,15,3121.0499999999997,28736939.740000002
2025-08-01 03:12:45 PM,208.02,0,0.0,28736939.740000002
2025-08-01 03:12:46 PM,208.02,52,10817.04,28747756.78
2025-08-01 03:12:49 PM,208.0,1324,275392.0,29023148.78
2025-08-01 03:12:52 PM,208.07,391,81355.37,29104504.150000002
2025-08-01 03:12:59 PM,208.1,282,58684.2,29163188.35
2025-08-01 03:13:06 PM,208.1,68,14150.8,29177339.150000002
2025-08-01 03:13:34 PM,208.1,10,2081.0,29179420.150000002
2025-08-01 03:14:10 PM,208.1,10,2081.0,29181501.150000002
2025-08-01 03:14:22 PM,208.1,21,4370.099999999999,29185871.250000004
2025-08-01 03:14:32 PM,208.06,0,0.0,29185871.250000004
2025-08-01 03:14:32 PM,208.06,7,1456.42,29187327.670000006
2025-08-01 03:14:53 PM,208.06,256,53263.36,29240591.030000005
2025-08-01 03:15:05 PM,208.06,51,10611.06,29251202.090000004
2025-08-01 03:15:10 PM,208.06,36,7490.16,29258692.250000004
2025-08-01 03:15:18 PM,208.06,24,4993.4400000000005,29263685.690000005
2025-08-01 03:15:20 PM,208.06,16,3328.96,29267014.650000006
2025-08-01 03:15:28 PM,208.06,13,2704.78,29269719.430000007
2025-08-01 03:15:42 PM,208.06,6,1248.3600000000001,29270967.790000007
2025-08-01 03:15:47 PM,208.05,57,11858.85,29282826.640000008
2025-08-01 03:15:57 PM,208.05,50,10402.5,29293229.140000008
2025-08-01 03:16:03 PM,208.06,311,64706.66,29357935.80000001
2025-08-01 03:16:08 PM,208.07,0,0.0,29357935.80000001
2025-08-01 03:16:08 PM,208.07,2,416.14,29358351.94000001
2025-08-01 03:16:13 PM,208.11,0,0.0,29358351.94000001
2025-08-01 03:16:15 PM,208.11,403,83868.33,29442220.270000007
2025-08-01 03:16:22 PM,208.14,426,88667.64,29530887.910000008
2025-08-01 03:16:43 PM,208.4,0,0.0,29530887.910000008
2025-08-01 03:16:43 PM,208.4,200,41680.0,29572567.910000008
2025-08-01 03:16:51 PM,208.17,50,10408.5,29582976.410000008
2025-08-01 03:17:03 PM,208.23,0,0.0,29582976.410000008
2025-08-01 03:17:03 PM,208.23,47,9786.81,29592763.220000006
2025-08-01 03:17:17 PM,208.27,12,2499.2400000000002,29595262.460000005
2025-08-01 03:17:27 PM,208.28,0,0.0,29595262.460000005
2025-08-01 03:17:30 PM,208.28,39,8122.92,29603385.380000006
2025-08-01 03:17:41 PM,208.35,0,0.0,29603385.380000006
2025-08-01 03:17:43 PM,208.35,10,2083.5,29605468.880000006
2025-08-01 03:17:44 PM,208.35,15,3125.25,29608594.130000006
2025-08-01 03:18:04 PM,208.2,4,832.8,29609426.930000007
2025-08-01 03:18:09 PM,208.2,38,7911.599999999999,29617338.53000001
2025-08-01 03:18:11 PM,208.17,180,37470.6,29654809.13000001
2025-08-01 03:18:16 PM,208.2,51,10618.199999999999,29665427.33000001
2025-08-01 03:18:22 PM,208.16,743,154662.88,29820090.21000001
2025-08-01 03:18:24 PM,208.17,160,33307.2,29853397.410000008
2025-08-01 03:18:30 PM,208.17,353,73484.01,29926881.42000001
2025-08-01 03:18:42 PM,208.17,24,4996.08,29931877.500000007
2025-08-01 03:18:48 PM,208.2,579,120547.79999999999,30052425.30000001
2025-08-01 03:19:03 PM,208.27,8,1666.16,30054091.46000001
2025-08-01 03:19:30 PM,208.39,112,23339.68,30077431.140000008
2025-08-01 03:19:50 PM,208.32,0,0.0,30077431.140000008
2025-08-01 03:19:54 PM,208.46,308,64205.68,30141636.820000008
2025-08-01 03:20:08 PM,208.32,72,14999.039999999999,30156635.860000007
2025-08-01 03:20:18 PM,208.32,44,9166.08,30165801.940000005
2025-08-01 03:20:22 PM,208.32,435,90619.2,30256421.140000004
2025-08-01 03:20:25 PM,208.39,59,12295.009999999998,30268716.150000006
2025-08-01 03:20:28 PM,208.44,0,0.0,30268716.150000006
2025-08-01 03:20:30 PM,208.44,29,6044.76,30274760.910000008
2025-08-01 03:20:37 PM,208.45,231,48151.95,30322912.860000007
2025-08-01 03:20:50 PM,208.45,20,4169.0,30327081.860000007
2025-08-01 03:21:03 PM,208.22,0,0.0,30327081.860000007
2025-08-01 03:21:03 PM,208.22,26,5413.72,30332495.580000006
2025-08-01 03:21:25 PM,208.25,44,9163.0,30341658.580000006
2025-08-01 03:21:27 PM,208.25,83,17284.75,30358943.330000006
2025-08-01 03:21:38 PM,208.26,200,41652.0,30400595.330000006
2025-08-01 03:21:59 PM,208.25,0,0.0,30400595.330000006
2025-08-01 03:22:00 PM,208.25,6,1249.5,30401844.830000006
2025-08-01 03:22:05 PM,208.25,6,1249.5,30403094.330000006
2025-08-01 03:22:07 PM,208.25,94,19575.5,30422669.830000006
2025-08-01 03:22:12 PM,208.23,6,1249.3799999999999,30423919.210000005
2025-08-01 03:22:13 PM,208.22,438,91200.36,30515119.570000004
2025-08-01 03:22:19 PM,208.26,3,624.78,30515744.350000005
2025-08-01 03:22:27 PM,208.24,12,2498.88,30518243.230000004
2025-08-01 03:22:39 PM,208.25,35,7288.75,30525531.980000004
2025-08-01 03:22:52 PM,208.25,6,1249.5,30526781.480000004
2025-08-01 03:22:59 PM,208.26,213,44359.38,30571140.860000003
2025-08-01 03:23:01 PM,208.25,323,67264.75,30638405.610000003
2025-08-01 03:23:05 PM,208.24,305,63513.200000000004,30701918.810000002
2025-08-01 03:23:19 PM,208.24,37,7704.88,30709623.69
2025-08-01 03:23:33 PM,208.23,0,0.0,30709623.69
2025-08-01 03:23:34 PM,208.23,100,20823.0,30730446.69
2025-08-01 03:23:45 PM,208.22,9,1873.98,30732320.67
2025-08-01 03:23:47 PM,208.22,282,58718.04,30791038.71
2025-08-01 03:23:52 PM,208.22,24,4997.28,30796035.990000002
2025-08-01 03:23:53 PM,208.22,434,90367.48,30886403.470000003
2025-08-01 03:24:11 PM,208.23,0,0.0,30886403.470000003
2025-08-01 03:24:12 PM,208.23,686,142845.78,31029249.250000004
2025-08-01 03:24:14 PM,208.22,24,4997.28,31034246.530000005
2025-08-01 03:24:19 PM,208.22,590,122849.8,31157096.330000006
2025-08-01 03:24:32 PM,208.23,0,0.0,31157096.330000006
2025-08-01 03:24:32 PM,208.23,732,152424.36,31309520.690000005
2025-08-01 03:24:46 PM,208.23,410,85374.3,31394894.990000006
2025-08-01 03:24:52 PM,208.22,6,1249.32,31396144.310000006
2025-08-01 03:25:05 PM,208.23,0,0.0,31396144.310000006
2025-08-01 03:25:05 PM,208.23,100,20823.0,31416967.310000006
2025-08-01 03:25:12 PM,208.22,0,0.0,31416967.310000006
2025-08-01 03:25:12 PM,208.22,9,1873.98,31418841.290000007
2025-08-01 03:25:25 PM,208.22,22,4580.84,31423422.130000006
2025-08-01 03:25:32 PM,208.22,9,1873.98,31425296.110000007
2025-08-01 03:25:38 PM,208.1,690,143589.0,31568885.110000007
2025-08-01 03:25:44 PM,208.23,74,15409.019999999999,31584294.130000006
2025-08-01 03:25:57 PM,208.22,200,41644.0,31625938.130000006
2025-08-01 03:26:04 PM,208.22,12,2498.64,31628436.770000007
2025-08-01 03:26:05 PM,208.22,100,20822.0,31649258.770000007
2025-08-01 03:26:11 PM,208.22,50,10411.0,31659669.770000007
2025-08-01 03:26:15 PM,208.2,0,0.0,31659669.770000007
2025-08-01 03:26:18 PM,208.2,2,416.4,31660086.170000006
2025-08-01 03:26:31 PM,208.1,22,4578.2,31664664.370000005
2025-08-01 03:26:35 PM,208.08,0,0.0,31664664.370000005
2025-08-01 03:26:38 PM,208.1,452,94061.2,31758725.570000004
2025-08-01 03:26:42 PM,208.05,0,0.0,31758725.570000004
2025-08-01 03:26:44 PM,208.05,1,208.05,31758933.620000005
2025-08-01 03:26:51 PM,208.0,541,112528.0,31871461.620000005
2025-08-01 03:26:52 PM,208.03,3,624.09,31872085.710000005
2025-08-01 03:26:55 PM,208.0,0,0.0,31872085.710000005
2025-08-01 03:26:57 PM,208.0,4,832.0,31872917.710000005
2025-08-01 03:27:11 PM,208.01,138,28705.379999999997,31901623.090000004
2025-08-01 03:27:18 PM,208.01,25,5200.25,31906823.340000004
2025-08-01 03:27:26 PM,208.04,0,0.0,31906823.340000004
2025-08-01 03:27:27 PM,208.04,200,41608.0,31948431.340000004
2025-08-01 03:27:32 PM,208.01,0,0.0,31948431.340000004
2025-08-01 03:27:32 PM,208.01,35,7280.349999999999,31955711.690000005
2025-08-01 03:27:40 PM,208.22,300,62466.0,32018177.690000005
2025-08-01 03:27:44 PM,208.01,0,0.0,32018177.690000005
2025-08-01 03:27:47 PM,208.01,53,11024.529999999999,32029202.220000006
2025-08-01 03:27:55 PM,208.01,45,9360.449999999999,32038562.670000006
2025-08-01 03:27:57 PM,208.22,0,0.0,32038562.670000006
2025-08-01 03:28:00 PM,208.22,9,1873.98,32040436.650000006
2025-08-01 03:28:07 PM,208.01,44,9152.439999999999,32049589.090000007
2025-08-01 03:28:14 PM,208.01,8,1664.08,32051253.170000006
2025-08-01 03:28:21 PM,208.01,24,4992.24,32056245.410000004
2025-08-01 03:28:23 PM,208.0,2024,420992.0,32477237.410000004
2025-08-01 03:28:26 PM,208.15,0,0.0,32477237.410000004
2025-08-01 03:28:28 PM,207.84,294,61104.96,32538342.370000005
2025-08-01 03:28:34 PM,207.86,0,0.0,32538342.370000005
2025-08-01 03:28:35 PM,207.86,70,14550.2,32552892.570000004
2025-08-01 03:28:37 PM,207.86,40,8314.400000000001,32561206.970000003
2025-08-01 03:28:42 PM,207.84,157,32630.88,32593837.85
2025-08-01 03:28:43 PM,207.85,0,0.0,32593837.85
2025-08-01 03:28:44 PM,207.85,16,3325.6,32597163.450000003
2025-08-01 03:28:46 PM,207.86,0,0.0,32597163.450000003
2025-08-01 03:28:48 PM,207.86,31,6443.660000000001,32603607.110000003
2025-08-01 03:28:52 PM,207.89,0,0.0,32603607.110000003
2025-08-01 03:28:55 PM,207.88,0,0.0,32603607.110000003
2025-08-01 03:28:55 PM,207.88,24,4989.12,32608596.230000004
2025-08-01 03:28:57 PM,207.88,59,12264.92,32620861.150000006
2025-08-01 03:29:01 PM,207.86,0,0.0,32620861.150000006
2025-08-01 03:29:02 PM,207.86,92,19123.120000000003,32639984.270000007
2025-08-01 03:29:06 PM,207.88,0,0.0,32639984.270000007
2025-08-01 03:29:10 PM,207.88,13,2702.44,32642686.71000001
2025-08-01 03:29:18 PM,208.0,852,177216.0,32819902.71000001
2025-08-01 03:29:26 PM,208.0,508,105664.0,32925566.71000001
2025-08-01 03:29:28 PM,208.0,200,41600.0,32967166.71000001
2025-08-01 03:29:33 PM,208.0,1039,216112.0,33183278.71000001
2025-08-01 03:29:41 PM,208.0,166,34528.0,33217806.71000001
2025-08-01 03:29:59 PM,208.22,0,0.0,33217806.71000001
