date,price,qty,trnvr,cum_trnvr
2025-08-01 09:15:00 AM,589.0,412,242668.0,242668.0
2025-08-01 09:15:10 AM,588.55,0,0.0,242668.0
2025-08-01 09:15:12 AM,588.55,335,197164.24999999997,439832.25
2025-08-01 09:15:20 AM,588.0,0,0.0,439832.25
2025-08-01 09:15:22 AM,588.0,5,2940.0,442772.25
2025-08-01 09:15:24 AM,588.0,2,1176.0,443948.25
2025-08-01 09:15:48 AM,588.0,50,29400.0,473348.25
2025-08-01 09:15:54 AM,588.4,0,0.0,473348.25
2025-08-01 09:15:56 AM,588.4,50,29420.0,502768.25
2025-08-01 09:16:01 AM,586.7,0,0.0,502768.25
2025-08-01 09:16:04 AM,586.7,275,161342.5,664110.75
2025-08-01 09:16:06 AM,586.0,1,586.0,664696.75
2025-08-01 09:16:25 AM,585.3,0,0.0,664696.75
2025-08-01 09:16:27 AM,586.25,0,0.0,664696.75
2025-08-01 09:16:29 AM,586.25,307,179978.75,844675.5
2025-08-01 09:16:45 AM,585.3,401,234705.3,1079380.8
2025-08-01 09:16:45 AM,585.8,0,0.0,1079380.8
2025-08-01 09:16:47 AM,585.8,9,5272.2,1084653.0
2025-08-01 09:16:53 AM,585.65,175,102488.75,1187141.75
2025-08-01 09:17:03 AM,587.2,305,179096.0,1366237.75
2025-08-01 09:17:22 AM,588.85,0,0.0,1366237.75
2025-08-01 09:17:26 AM,588.85,25,14721.25,1380959.0
2025-08-01 09:17:38 AM,589.0,0,0.0,1380959.0
2025-08-01 09:17:43 AM,589.0,100,58900.0,1439859.0
2025-08-01 09:17:51 AM,589.45,154,90775.3,1530634.3
2025-08-01 09:17:59 AM,589.0,76,44764.0,1575398.3
2025-08-01 09:18:03 AM,589.45,0,0.0,1575398.3
2025-08-01 09:18:06 AM,590.0,0,0.0,1575398.3
2025-08-01 09:18:08 AM,590.0,3982,2349380.0,3924778.3
2025-08-01 09:18:18 AM,590.5,60,35430.0,3960208.3
2025-08-01 09:18:33 AM,590.5,54,31887.0,3992095.3
2025-08-01 09:18:35 AM,591.85,0,0.0,3992095.3
2025-08-01 09:18:38 AM,591.2,0,0.0,3992095.3
2025-08-01 09:18:41 AM,590.5,513,302926.5,4295021.8
2025-08-01 09:18:45 AM,591.3,0,0.0,4295021.8
2025-08-01 09:18:49 AM,591.3,4,2365.2,4297387.0
2025-08-01 09:19:29 AM,590.55,0,0.0,4297387.0
2025-08-01 09:19:29 AM,590.55,22,12992.099999999999,4310379.1
2025-08-01 09:19:33 AM,591.15,0,0.0,4310379.1
2025-08-01 09:19:38 AM,591.15,50,29557.5,4339936.6
2025-08-01 09:19:53 AM,591.0,0,0.0,4339936.6
2025-08-01 09:19:54 AM,591.0,13,7683.0,4347619.6
2025-08-01 09:20:33 AM,590.85,370,218614.5,4566234.1
2025-08-01 09:21:05 AM,590.1,10,5901.0,4572135.1
2025-08-01 09:21:20 AM,590.65,37,21854.05,4593989.149999999
2025-08-01 09:22:29 AM,590.2,16,9443.2,4603432.35
2025-08-01 09:22:36 AM,590.2,1,590.2,4604022.55
2025-08-01 09:22:53 AM,589.6,4,2358.4,4606380.95
2025-08-01 09:23:53 AM,589.6,15,8844.0,4615224.95
2025-08-01 09:24:08 AM,589.35,18,10608.300000000001,4625833.25
2025-08-01 09:24:23 AM,589.35,15,8840.25,4634673.5
2025-08-01 09:24:53 AM,589.0,69,40641.0,4675314.5
2025-08-01 09:24:55 AM,589.0,515,303335.0,4978649.5
2025-08-01 09:25:03 AM,588.15,6,3528.8999999999996,4982178.4
2025-08-01 09:25:48 AM,588.45,148,87090.6,5069269.0
2025-08-01 09:25:55 AM,588.05,0,0.0,5069269.0
2025-08-01 09:25:56 AM,588.05,4,2352.2,5071621.2
2025-08-01 09:26:01 AM,588.65,80,47092.0,5118713.2
2025-08-01 09:26:08 AM,588.6,0,0.0,5118713.2
2025-08-01 09:26:09 AM,588.6,4,2354.4,5121067.600000001
2025-08-01 09:26:24 AM,588.95,200,117790.00000000001,5238857.600000001
2025-08-01 09:26:39 AM,589.7,106,62508.200000000004,5301365.800000001
2025-08-01 09:26:42 AM,589.5,0,0.0,5301365.800000001
2025-08-01 09:26:45 AM,590.0,0,0.0,5301365.800000001
2025-08-01 09:26:47 AM,590.0,75,44250.0,5345615.800000001
2025-08-01 09:26:51 AM,590.1,0,0.0,5345615.800000001
2025-08-01 09:26:54 AM,590.3,0,0.0,5345615.800000001
2025-08-01 09:26:54 AM,590.3,72,42501.6,5388117.4
2025-08-01 09:27:06 AM,589.95,0,0.0,5388117.4
2025-08-01 09:27:09 AM,589.95,36,21238.2,5409355.600000001
2025-08-01 09:27:21 AM,589.2,0,0.0,5409355.600000001
2025-08-01 09:27:24 AM,589.2,200,117840.00000000001,5527195.600000001
2025-08-01 09:27:31 AM,589.4,0,0.0,5527195.600000001
2025-08-01 09:27:32 AM,589.4,2,1178.8,5528374.4
2025-08-01 09:27:32 AM,589.35,0,0.0,5528374.4
2025-08-01 09:27:33 AM,589.35,6,3536.1000000000004,5531910.5
2025-08-01 09:28:33 AM,589.5,101,59539.5,5591450.0
2025-08-01 09:28:47 AM,588.95,0,0.0,5591450.0
2025-08-01 09:28:48 AM,588.95,117,68907.15000000001,5660357.15
2025-08-01 09:29:03 AM,588.5,738,434313.0,6094670.15
2025-08-01 09:29:10 AM,588.4,0,0.0,6094670.15
2025-08-01 09:29:11 AM,588.4,8,4707.2,6099377.350000001
2025-08-01 09:29:12 AM,587.5,104,61100.0,6160477.350000001
2025-08-01 09:29:16 AM,588.0,0,0.0,6160477.350000001
2025-08-01 09:29:19 AM,588.0,10,5880.0,6166357.350000001
2025-08-01 09:29:51 AM,587.9,0,0.0,6166357.350000001
2025-08-01 09:29:56 AM,587.25,51,29949.75,6196307.100000001
2025-08-01 09:30:16 AM,587.3,0,0.0,6196307.100000001
2025-08-01 09:30:19 AM,587.3,10,5873.0,6202180.100000001
2025-08-01 09:30:30 AM,587.2,0,0.0,6202180.100000001
2025-08-01 09:30:34 AM,587.05,10,5870.5,6208050.600000001
2025-08-01 09:30:37 AM,586.05,0,0.0,6208050.600000001
2025-08-01 09:30:41 AM,586.05,117,68567.84999999999,6276618.45
2025-08-01 09:30:51 AM,586.45,0,0.0,6276618.45
2025-08-01 09:30:56 AM,586.45,43,25217.350000000002,6301835.8
2025-08-01 09:31:18 AM,586.4,0,0.0,6301835.8
2025-08-01 09:31:18 AM,586.4,131,76818.4,6378654.2
2025-08-01 09:31:32 AM,586.0,0,0.0,6378654.2
2025-08-01 09:31:32 AM,586.0,42,24612.0,6403266.2
2025-08-01 09:31:36 AM,586.5,0,0.0,6403266.2
2025-08-01 09:31:39 AM,586.5,1,586.5,6403852.7
2025-08-01 09:31:44 AM,587.7,0,0.0,6403852.7
2025-08-01 09:31:46 AM,587.7,305,179248.5,6583101.2
2025-08-01 09:32:07 AM,586.45,254,148958.30000000002,6732059.5
2025-08-01 09:32:22 AM,586.85,0,0.0,6732059.5
2025-08-01 09:32:28 AM,586.65,0,0.0,6732059.5
2025-08-01 09:32:28 AM,586.65,51,29919.149999999998,6761978.65
2025-08-01 09:32:34 AM,587.15,0,0.0,6761978.65
2025-08-01 09:32:35 AM,587.15,10,5871.5,6767850.15
2025-08-01 09:32:49 AM,586.95,7,4108.650000000001,6771958.800000001
2025-08-01 09:32:56 AM,587.3,14,8222.199999999999,6780181.000000001
2025-08-01 09:33:10 AM,587.3,34,19968.199999999997,6800149.200000001
2025-08-01 09:34:00 AM,587.75,0,0.0,6800149.200000001
2025-08-01 09:34:05 AM,587.75,50,29387.5,6829536.700000001
2025-08-01 09:34:10 AM,587.95,0,0.0,6829536.700000001
2025-08-01 09:34:13 AM,587.95,101,59382.950000000004,6888919.650000001
2025-08-01 09:34:30 AM,588.1,0,0.0,6888919.650000001
2025-08-01 09:34:33 AM,588.4,0,0.0,6888919.650000001
2025-08-01 09:34:34 AM,588.4,6,3530.3999999999996,6892450.050000002
2025-08-01 09:35:00 AM,588.1,0,0.0,6892450.050000002
2025-08-01 09:35:01 AM,588.1,30,17643.0,6910093.050000002
2025-08-01 09:35:29 AM,588.5,1,588.5,6910681.550000002
2025-08-01 09:35:36 AM,588.5,10,5885.0,6916566.550000002
2025-08-01 09:35:43 AM,588.1,1,588.1,6917154.650000001
2025-08-01 09:35:50 AM,588.45,0,0.0,6917154.650000001
2025-08-01 09:35:50 AM,588.45,25,14711.250000000002,6931865.900000001
2025-08-01 09:35:56 AM,588.45,10,5884.5,6937750.400000001
2025-08-01 09:36:00 AM,588.65,0,0.0,6937750.400000001
2025-08-01 09:36:03 AM,588.65,100,58865.0,6996615.400000001
2025-08-01 09:36:30 AM,588.65,20,11773.0,7008388.400000001
2025-08-01 09:36:55 AM,588.2,0,0.0,7008388.400000001
2025-08-01 09:36:56 AM,588.2,5,2941.0,7011329.400000001
2025-08-01 09:37:09 AM,588.1,0,0.0,7011329.400000001
2025-08-01 09:37:10 AM,588.1,20,11762.0,7023091.400000001
2025-08-01 09:37:13 AM,588.3,0,0.0,7023091.400000001
2025-08-01 09:37:17 AM,588.3,1,588.3,7023679.700000001
2025-08-01 09:38:15 AM,587.3,0,0.0,7023679.700000001
2025-08-01 09:38:18 AM,587.3,80,46984.0,7070663.700000001
2025-08-01 09:38:24 AM,587.2,14,8220.800000000001,7078884.500000001
2025-08-01 09:39:00 AM,587.0,0,0.0,7078884.500000001
2025-08-01 09:39:04 AM,587.0,100,58700.0,7137584.500000001
2025-08-01 09:40:00 AM,586.65,0,0.0,7137584.500000001
2025-08-01 09:40:04 AM,586.65,203,119089.95,7256674.450000001
2025-08-01 09:40:04 AM,586.45,0,0.0,7256674.450000001
2025-08-01 09:40:05 AM,586.5,0,0.0,7256674.450000001
2025-08-01 09:40:05 AM,586.5,4,2346.0,7259020.450000001
2025-08-01 09:40:44 AM,586.5,77,45160.5,7304180.950000001
2025-08-01 09:41:47 AM,586.6,0,0.0,7304180.950000001
2025-08-01 09:41:50 AM,586.6,2,1173.2,7305354.150000001
2025-08-01 09:41:51 AM,586.7,2,1173.4,7306527.550000002
2025-08-01 09:42:12 AM,587.1,0,0.0,7306527.550000002
2025-08-01 09:42:16 AM,587.1,10,5871.0,7312398.550000002
2025-08-01 09:42:42 AM,587.15,0,0.0,7312398.550000002
2025-08-01 09:42:42 AM,587.15,7,4110.05,7316508.6000000015
2025-08-01 09:43:54 AM,587.15,40,23486.0,7339994.6000000015
2025-08-01 09:44:46 AM,587.15,1,587.15,7340581.750000002
2025-08-01 09:45:08 AM,586.9,701,411416.89999999997,7751998.650000002
2025-08-01 09:45:10 AM,586.8,0,0.0,7751998.650000002
2025-08-01 09:45:13 AM,586.8,9,5281.2,7757279.850000002
2025-08-01 09:45:18 AM,586.5,0,0.0,7757279.850000002
2025-08-01 09:45:19 AM,586.5,15,8797.5,7766077.350000002
2025-08-01 09:45:26 AM,586.55,1,586.55,7766663.900000002
2025-08-01 09:45:38 AM,586.5,0,0.0,7766663.900000002
2025-08-01 09:45:38 AM,586.5,11,6451.5,7773115.400000002
2025-08-01 09:45:58 AM,586.5,5,2932.5,7776047.900000002
2025-08-01 09:46:06 AM,586.55,0,0.0,7776047.900000002
2025-08-01 09:46:10 AM,586.5,0,0.0,7776047.900000002
2025-08-01 09:46:11 AM,586.5,77,45160.5,7821208.400000002
2025-08-01 09:46:38 AM,586.45,153,89726.85,7910935.250000002
2025-08-01 09:46:40 AM,586.0,0,0.0,7910935.250000002
2025-08-01 09:46:43 AM,586.0,260,152360.0,8063295.250000002
2025-08-01 09:47:02 AM,586.0,7,4102.0,8067397.250000002
2025-08-01 09:47:04 AM,586.0,15,8790.0,8076187.250000002
2025-08-01 09:47:26 AM,586.0,50,29300.0,8105487.250000002
2025-08-01 09:47:29 AM,586.0,15,8790.0,8114277.250000002
2025-08-01 09:48:00 AM,586.0,20,11720.0,8125997.250000002
2025-08-01 09:48:06 AM,586.1,100,58610.0,8184607.250000002
2025-08-01 09:48:32 AM,586.25,154,90282.5,8274889.750000002
2025-08-01 09:48:54 AM,586.45,0,0.0,8274889.750000002
2025-08-01 09:48:57 AM,586.45,1,586.45,8275476.200000002
2025-08-01 09:49:02 AM,586.5,0,0.0,8275476.200000002
2025-08-01 09:49:04 AM,586.5,43,25219.5,8300695.700000002
2025-08-01 09:49:57 AM,586.95,10,5869.5,8306565.200000002
2025-08-01 09:50:41 AM,586.6,0,0.0,8306565.200000002
2025-08-01 09:50:45 AM,586.6,1,586.6,8307151.800000002
2025-08-01 09:52:12 AM,587.0,20,11740.0,8318891.800000002
2025-08-01 09:52:16 AM,586.75,0,0.0,8318891.800000002
2025-08-01 09:52:18 AM,586.75,51,29924.25,8348816.050000002
2025-08-01 09:53:23 AM,586.5,0,0.0,8348816.050000002
2025-08-01 09:53:26 AM,586.5,673,394714.5,8743530.55
2025-08-01 09:53:58 AM,586.1,31,18169.100000000002,8761699.65
2025-08-01 09:54:02 AM,586.15,0,0.0,8761699.65
2025-08-01 09:54:03 AM,586.15,1,586.15,8762285.8
2025-08-01 09:54:14 AM,586.45,0,0.0,8762285.8
2025-08-01 09:54:15 AM,586.45,35,20525.75,8782811.55
2025-08-01 09:54:23 AM,586.1,0,0.0,8782811.55
2025-08-01 09:54:28 AM,586.1,3183,1865556.3,10648367.850000001
2025-08-01 09:54:29 AM,586.0,685,401410.0,11049777.850000001
2025-08-01 09:54:33 AM,585.8,0,0.0,11049777.850000001
2025-08-01 09:54:34 AM,585.8,4,2343.2,11052121.05
2025-08-01 09:54:46 AM,585.8,201,117745.79999999999,11169866.850000001
2025-08-01 09:54:54 AM,586.0,0,0.0,11169866.850000001
2025-08-01 09:54:57 AM,586.0,1,586.0,11170452.850000001
2025-08-01 09:55:03 AM,586.0,1,586.0,11171038.850000001
2025-08-01 09:55:27 AM,586.0,5,2930.0,11173968.850000001
2025-08-01 09:55:33 AM,586.0,2,1172.0,11175140.850000001
2025-08-01 09:56:26 AM,585.8,0,0.0,11175140.850000001
2025-08-01 09:56:27 AM,585.8,2,1171.6,11176312.450000001
2025-08-01 09:56:52 AM,585.8,20,11716.0,11188028.450000001
2025-08-01 09:57:01 AM,585.6,0,0.0,11188028.450000001
2025-08-01 09:57:03 AM,585.6,263,154012.80000000002,11342041.250000002
2025-08-01 09:57:50 AM,585.6,10,5856.0,11347897.250000002
2025-08-01 09:58:23 AM,585.5,464,271672.0,11619569.250000002
2025-08-01 09:58:48 AM,585.2,61,35697.200000000004,11655266.450000001
2025-08-01 09:59:00 AM,585.1,39,22818.9,11678085.350000001
2025-08-01 09:59:35 AM,585.1,343,200689.30000000002,11878774.650000002
2025-08-01 09:59:41 AM,585.1,157,91860.7,11970635.350000001
2025-08-01 09:59:50 AM,585.1,5,2925.5,11973560.850000001
2025-08-01 10:00:02 AM,585.1,6,3510.6000000000004,11977071.450000001
2025-08-01 10:00:12 AM,585.0,1074,628290.0,12605361.450000001
2025-08-01 10:00:13 AM,584.8,0,0.0,12605361.450000001
2025-08-01 10:00:15 AM,584.8,30,17544.0,12622905.450000001
2025-08-01 10:00:22 AM,584.5,88,51436.0,12674341.450000001
2025-08-01 10:00:25 AM,584.5,2,1169.0,12675510.450000001
2025-08-01 10:00:31 AM,584.9,1,584.9,12676095.350000001
2025-08-01 10:00:41 AM,584.9,102,59659.799999999996,12735755.150000002
2025-08-01 10:00:50 AM,584.6,0,0.0,12735755.150000002
2025-08-01 10:00:50 AM,584.55,30,17536.5,12753291.650000002
2025-08-01 10:01:00 AM,585.15,50,29257.5,12782549.150000002
2025-08-01 10:01:29 AM,585.45,0,0.0,12782549.150000002
2025-08-01 10:01:31 AM,585.45,5,2927.25,12785476.400000002
2025-08-01 10:01:50 AM,585.6,0,0.0,12785476.400000002
2025-08-01 10:01:50 AM,585.6,6,3513.6000000000004,12788990.000000002
2025-08-01 10:02:03 AM,585.05,10,5850.5,12794840.500000002
2025-08-01 10:02:08 AM,585.05,40,23402.0,12818242.500000002
2025-08-01 10:02:19 AM,585.5,0,0.0,12818242.500000002
2025-08-01 10:02:21 AM,585.5,3,1756.5,12819999.000000002
2025-08-01 10:02:27 AM,585.5,1,585.5,12820584.500000002
2025-08-01 10:02:40 AM,585.45,0,0.0,12820584.500000002
2025-08-01 10:02:40 AM,585.45,1,585.45,12821169.950000001
2025-08-01 10:02:41 AM,585.55,404,236562.19999999998,13057732.15
2025-08-01 10:03:11 AM,585.55,64,37475.2,13095207.35
2025-08-01 10:03:18 AM,585.55,136,79634.79999999999,13174842.15
2025-08-01 10:03:40 AM,585.85,5,2929.25,13177771.4
2025-08-01 10:03:44 AM,585.6,16,9369.6,13187141.0
2025-08-01 10:04:48 AM,585.6,20,11712.0,13198853.0
2025-08-01 10:05:17 AM,585.5,26,15223.0,13214076.0
2025-08-01 10:05:22 AM,584.95,0,0.0,13214076.0
2025-08-01 10:05:23 AM,584.95,92,53815.4,13267891.4
2025-08-01 10:05:32 AM,584.5,15,8767.5,13276658.9
2025-08-01 10:05:36 AM,584.9,1,584.9,13277243.8
2025-08-01 10:05:38 AM,584.5,200,116900.0,13394143.8
2025-08-01 10:05:39 AM,584.95,0,0.0,13394143.8
2025-08-01 10:05:42 AM,584.95,1,584.95,13394728.75
2025-08-01 10:05:53 AM,584.95,30,17548.5,13412277.25
2025-08-01 10:05:59 AM,584.95,25,14623.750000000002,13426901.0
2025-08-01 10:06:31 AM,584.6,28,16368.800000000001,13443269.8
2025-08-01 10:06:47 AM,584.6,9,5261.400000000001,13448531.200000001
2025-08-01 10:06:49 AM,584.8,1,584.8,13449116.000000002
2025-08-01 10:07:00 AM,584.6,5,2923.0,13452039.000000002
2025-08-01 10:07:06 AM,584.1,100,58410.0,13510449.000000002
2025-08-01 10:07:14 AM,584.0,12,7008.0,13517457.000000002
2025-08-01 10:07:20 AM,584.05,1,584.05,13518041.050000003
2025-08-01 10:07:47 AM,584.15,0,0.0,13518041.050000003
2025-08-01 10:07:49 AM,584.15,9,5257.349999999999,13523298.400000002
2025-08-01 10:08:01 AM,584.0,18,10512.0,13533810.400000002
2025-08-01 10:08:03 AM,584.25,0,0.0,13533810.400000002
2025-08-01 10:08:03 AM,584.25,165,96401.25,13630211.650000002
2025-08-01 10:08:08 AM,584.2,2,1168.4,13631380.050000003
2025-08-01 10:09:11 AM,584.25,0,0.0,13631380.050000003
2025-08-01 10:09:14 AM,584.25,10,5842.5,13637222.550000003
2025-08-01 10:10:17 AM,584.25,148,86469.0,13723691.550000003
2025-08-01 10:10:23 AM,584.25,20,11685.0,13735376.550000003
2025-08-01 10:10:44 AM,584.6,0,0.0,13735376.550000003
2025-08-01 10:10:47 AM,584.6,5,2923.0,13738299.550000003
2025-08-01 10:10:49 AM,584.3,60,35058.0,13773357.550000003
2025-08-01 10:11:32 AM,584.65,0,0.0,13773357.550000003
2025-08-01 10:11:34 AM,584.65,16,9354.4,13782711.950000003
2025-08-01 10:11:38 AM,585.0,0,0.0,13782711.950000003
2025-08-01 10:11:40 AM,585.0,25,14625.0,13797336.950000003
2025-08-01 10:12:15 AM,585.0,201,117585.0,13914921.950000003
2025-08-01 10:12:21 AM,584.15,99,57830.85,13972752.800000003
2025-08-01 10:12:29 AM,584.45,0,0.0,13972752.800000003
2025-08-01 10:12:33 AM,584.45,1,584.45,13973337.250000002
2025-08-01 10:12:56 AM,584.45,25,14611.250000000002,13987948.500000002
2025-08-01 10:13:05 AM,584.0,0,0.0,13987948.500000002
2025-08-01 10:13:07 AM,584.0,12,7008.0,13994956.500000002
2025-08-01 10:13:29 AM,583.65,0,0.0,13994956.500000002
2025-08-01 10:13:31 AM,583.65,70,40855.5,14035812.000000002
2025-08-01 10:14:17 AM,584.0,0,0.0,14035812.000000002
2025-08-01 10:14:18 AM,584.0,26,15184.0,14050996.000000002
2025-08-01 10:14:19 AM,584.0,6,3504.0,14054500.000000002
2025-08-01 10:14:48 AM,584.0,1,584.0,14055084.000000002
2025-08-01 10:14:58 AM,584.0,11,6424.0,14061508.000000002
2025-08-01 10:15:20 AM,583.45,0,0.0,14061508.000000002
2025-08-01 10:15:22 AM,583.75,0,0.0,14061508.000000002
2025-08-01 10:15:22 AM,583.75,112,65380.0,14126888.000000002
2025-08-01 10:16:15 AM,583.75,6,3502.5,14130390.500000002
2025-08-01 10:16:33 AM,583.75,1,583.75,14130974.250000002
2025-08-01 10:16:50 AM,583.7,1,583.7,14131557.950000001
2025-08-01 10:17:01 AM,583.7,1,583.7,14132141.65
2025-08-01 10:17:06 AM,583.7,27,15759.900000000001,14147901.55
2025-08-01 10:17:12 AM,583.7,1,583.7,14148485.25
2025-08-01 10:17:18 AM,583.7,1,583.7,14149068.95
2025-08-01 10:18:19 AM,583.65,0,0.0,14149068.95
2025-08-01 10:18:22 AM,583.65,313,182682.44999999998,14331751.399999999
2025-08-01 10:18:35 AM,583.85,0,0.0,14331751.399999999
2025-08-01 10:18:39 AM,583.85,5,2919.25,14334670.649999999
2025-08-01 10:19:13 AM,583.85,4,2335.4,14337006.049999999
2025-08-01 10:19:30 AM,584.0,0,0.0,14337006.049999999
2025-08-01 10:19:31 AM,584.0,1,584.0,14337590.049999999
2025-08-01 10:19:54 AM,584.0,5,2920.0,14340510.049999999
2025-08-01 10:19:59 AM,584.0,42,24528.0,14365038.049999999
2025-08-01 10:20:53 AM,584.45,0,0.0,14365038.049999999
2025-08-01 10:20:53 AM,584.45,4,2337.8,14367375.85
2025-08-01 10:20:57 AM,584.2,0,0.0,14367375.85
2025-08-01 10:20:57 AM,584.2,33,19278.600000000002,14386654.45
2025-08-01 10:21:23 AM,584.35,0,0.0,14386654.45
2025-08-01 10:21:25 AM,584.35,40,23374.0,14410028.45
2025-08-01 10:21:35 AM,584.4,0,0.0,14410028.45
2025-08-01 10:21:36 AM,584.4,1,584.4,14410612.85
2025-08-01 10:22:04 AM,584.75,3,1754.25,14412367.1
2025-08-01 10:22:06 AM,584.45,1,584.45,14412951.549999999
2025-08-01 10:22:35 AM,584.45,102,59613.9,14472565.45
2025-08-01 10:23:16 AM,584.2,0,0.0,14472565.45
2025-08-01 10:23:17 AM,584.4,0,0.0,14472565.45
2025-08-01 10:23:17 AM,584.4,658,384535.2,14857100.649999999
2025-08-01 10:23:40 AM,584.4,18,10519.199999999999,14867619.849999998
2025-08-01 10:24:02 AM,584.4,50,29220.0,14896839.849999998
2025-08-01 10:25:18 AM,584.4,358,209215.19999999998,15106055.049999997
2025-08-01 10:25:42 AM,584.3,0,0.0,15106055.049999997
2025-08-01 10:25:43 AM,584.3,1,584.3,15106639.349999998
2025-08-01 10:26:05 AM,584.6,100,58460.0,15165099.349999998
2025-08-01 10:26:30 AM,584.65,0,0.0,15165099.349999998
2025-08-01 10:26:31 AM,584.65,2,1169.3,15166268.649999999
2025-08-01 10:27:35 AM,584.3,0,0.0,15166268.649999999
2025-08-01 10:27:36 AM,584.3,1,584.3,15166852.95
2025-08-01 10:28:10 AM,583.65,0,0.0,15166852.95
2025-08-01 10:28:11 AM,583.65,190,110893.5,15277746.45
2025-08-01 10:29:53 AM,583.8,20,11676.0,15289422.45
2025-08-01 10:29:59 AM,583.8,1,583.8,15290006.25
2025-08-01 10:30:05 AM,584.0,25,14600.0,15304606.25
2025-08-01 10:30:14 AM,584.0,1,584.0,15305190.25
2025-08-01 10:30:22 AM,584.0,30,17520.0,15322710.25
2025-08-01 10:30:34 AM,584.0,20,11680.0,15334390.25
2025-08-01 10:30:42 AM,584.2,0,0.0,15334390.25
2025-08-01 10:30:42 AM,584.2,44,25704.800000000003,15360095.05
2025-08-01 10:30:45 AM,584.2,12,7010.400000000001,15367105.450000001
2025-08-01 10:30:49 AM,584.25,0,0.0,15367105.450000001
2025-08-01 10:30:51 AM,584.25,2,1168.5,15368273.950000001
2025-08-01 10:30:59 AM,584.0,249,145416.0,15513689.950000001
2025-08-01 10:31:22 AM,584.2,50,29210.000000000004,15542899.950000001
2025-08-01 10:31:31 AM,584.2,5,2921.0,15545820.950000001
2025-08-01 10:31:57 AM,584.2,18,10515.6,15556336.55
2025-08-01 10:32:09 AM,583.7,0,0.0,15556336.55
2025-08-01 10:32:10 AM,583.7,504,294184.80000000005,15850521.350000001
2025-08-01 10:32:23 AM,584.35,0,0.0,15850521.350000001
2025-08-01 10:32:23 AM,584.35,1,584.35,15851105.700000001
2025-08-01 10:32:41 AM,583.85,0,0.0,15851105.700000001
2025-08-01 10:32:42 AM,583.85,5,2919.25,15854024.950000001
2025-08-01 10:32:50 AM,584.35,0,0.0,15854024.950000001
2025-08-01 10:32:50 AM,584.35,5,2921.75,15856946.700000001
2025-08-01 10:33:02 AM,583.75,23,13426.25,15870372.950000001
2025-08-01 10:33:13 AM,584.2,1,584.2,15870957.15
2025-08-01 10:33:20 AM,583.8,0,0.0,15870957.15
2025-08-01 10:33:21 AM,583.8,9,5254.2,15876211.35
2025-08-01 10:33:42 AM,584.0,0,0.0,15876211.35
2025-08-01 10:33:43 AM,584.0,5,2920.0,15879131.35
2025-08-01 10:34:03 AM,583.8,9,5254.2,15884385.549999999
2025-08-01 10:34:57 AM,583.8,1,583.8,15884969.35
2025-08-01 10:35:00 AM,583.95,0,0.0,15884969.35
2025-08-01 10:35:03 AM,583.95,1,583.95,15885553.299999999
2025-08-01 10:35:17 AM,583.95,22,12846.900000000001,15898400.2
2025-08-01 10:35:43 AM,583.95,60,35037.0,15933437.2
2025-08-01 10:36:01 AM,583.85,0,0.0,15933437.2
2025-08-01 10:36:01 AM,583.85,6,3503.1000000000004,15936940.299999999
2025-08-01 10:37:05 AM,583.4,100,58340.0,15995280.299999999
2025-08-01 10:37:27 AM,583.2,75,43740.0,16039020.299999999
2025-08-01 10:37:52 AM,583.3,0,0.0,16039020.299999999
2025-08-01 10:37:52 AM,583.3,153,89244.9,16128265.2
2025-08-01 10:38:01 AM,583.35,0,0.0,16128265.2
2025-08-01 10:38:01 AM,583.35,47,27417.45,16155682.649999999
2025-08-01 10:38:02 AM,583.3,0,0.0,16155682.649999999
2025-08-01 10:38:04 AM,583.3,15,8749.5,16164432.149999999
2025-08-01 10:38:57 AM,583.5,13,7585.5,16172017.649999999
2025-08-01 10:39:42 AM,583.5,12,7002.0,16179019.649999999
2025-08-01 10:39:50 AM,583.5,4,2334.0,16181353.649999999
2025-08-01 10:39:56 AM,583.5,29,16921.5,16198275.149999999
2025-08-01 10:40:09 AM,583.5,14,8169.0,16206444.149999999
2025-08-01 10:40:27 AM,584.0,0,0.0,16206444.149999999
2025-08-01 10:40:29 AM,584.0,271,158264.0,16364708.149999999
2025-08-01 10:41:16 AM,584.25,0,0.0,16364708.149999999
2025-08-01 10:41:16 AM,584.25,10,5842.5,16370550.649999999
2025-08-01 10:41:38 AM,584.25,1,584.25,16371134.899999999
2025-08-01 10:42:41 AM,584.65,0,0.0,16371134.899999999
2025-08-01 10:42:42 AM,584.65,3,1753.9499999999998,16372888.849999998
2025-08-01 10:43:12 AM,584.0,0,0.0,16372888.849999998
2025-08-01 10:43:12 AM,584.0,168,98112.0,16471000.849999998
2025-08-01 10:43:16 AM,583.5,30,17505.0,16488505.849999998
2025-08-01 10:44:20 AM,583.9,0,0.0,16488505.849999998
2025-08-01 10:44:22 AM,583.9,28,16349.199999999999,16504855.049999997
2025-08-01 10:45:14 AM,584.05,1,584.05,16505439.099999998
2025-08-01 10:45:19 AM,584.0,0,0.0,16505439.099999998
2025-08-01 10:45:19 AM,584.0,25,14600.0,16520039.099999998
2025-08-01 10:45:32 AM,583.95,0,0.0,16520039.099999998
2025-08-01 10:45:33 AM,583.95,28,16350.600000000002,16536389.699999997
2025-08-01 10:46:00 AM,583.3,0,0.0,16536389.699999997
2025-08-01 10:46:01 AM,583.9,0,0.0,16536389.699999997
2025-08-01 10:46:02 AM,583.9,56,32698.399999999998,16569088.099999998
2025-08-01 10:46:05 AM,583.85,0,0.0,16569088.099999998
2025-08-01 10:46:08 AM,583.85,5,2919.25,16572007.349999998
2025-08-01 10:46:16 AM,583.8,0,0.0,16572007.349999998
2025-08-01 10:46:16 AM,583.8,17,9924.599999999999,16581931.949999997
2025-08-01 10:46:33 AM,583.2,19,11080.800000000001,16593012.749999998
2025-08-01 10:46:35 AM,583.5,0,0.0,16593012.749999998
2025-08-01 10:46:37 AM,583.5,1,583.5,16593596.249999998
2025-08-01 10:47:11 AM,583.5,1,583.5,16594179.749999998
2025-08-01 10:47:16 AM,583.5,33,19255.5,16613435.249999998
2025-08-01 10:47:36 AM,584.75,888,519258.0,17132693.25
2025-08-01 10:47:42 AM,587.65,0,0.0,17132693.25
2025-08-01 10:47:42 AM,587.65,2002,1176475.3,18309168.55
2025-08-01 10:47:51 AM,587.25,0,0.0,18309168.55
2025-08-01 10:47:52 AM,587.25,41,24077.25,18333245.8
2025-08-01 10:47:54 AM,587.55,0,0.0,18333245.8
2025-08-01 10:47:55 AM,587.55,100,58754.99999999999,18392000.8
2025-08-01 10:47:57 AM,588.45,0,0.0,18392000.8
2025-08-01 10:47:58 AM,588.45,1544,908566.8,19300567.6
2025-08-01 10:48:00 AM,587.75,0,0.0,19300567.6
2025-08-01 10:48:00 AM,587.75,10,5877.5,19306445.1
2025-08-01 10:48:10 AM,587.25,0,0.0,19306445.1
2025-08-01 10:48:11 AM,587.25,1662,976009.5,20282454.6
2025-08-01 10:48:19 AM,585.25,0,0.0,20282454.6
2025-08-01 10:48:19 AM,585.25,164,95981.0,20378435.6
2025-08-01 10:48:44 AM,584.1,0,0.0,20378435.6
2025-08-01 10:48:47 AM,584.1,57,33293.700000000004,20411729.3
2025-08-01 10:49:25 AM,584.1,37,21611.7,20433341.0
2025-08-01 10:50:53 AM,584.1,20,11682.0,20445023.0
2025-08-01 10:51:05 AM,584.1,362,211444.2,20656467.2
2025-08-01 10:51:40 AM,584.05,0,0.0,20656467.2
2025-08-01 10:51:43 AM,584.05,27,15769.349999999999,20672236.55
2025-08-01 10:51:52 AM,583.5,0,0.0,20672236.55
2025-08-01 10:51:54 AM,583.5,52,30342.0,20702578.55
2025-08-01 10:51:58 AM,583.95,0,0.0,20702578.55
2025-08-01 10:51:59 AM,583.95,27,15766.650000000001,20718345.2
2025-08-01 10:52:21 AM,583.95,1,583.95,20718929.15
2025-08-01 10:52:43 AM,583.85,100,58385.0,20777314.15
2025-08-01 10:52:47 AM,584.3,28,16360.399999999998,20793674.549999997
2025-08-01 10:52:53 AM,585.6,132,77299.2,20870973.749999996
2025-08-01 10:53:08 AM,587.5,0,0.0,20870973.749999996
2025-08-01 10:53:09 AM,587.5,1882,1105675.0,21976648.749999996
2025-08-01 10:53:14 AM,586.8,692,406065.6,22382714.349999998
2025-08-01 10:53:18 AM,586.95,0,0.0,22382714.349999998
2025-08-01 10:53:19 AM,586.95,300,176085.0,22558799.349999998
2025-08-01 10:53:44 AM,587.0,0,0.0,22558799.349999998
2025-08-01 10:53:46 AM,587.0,672,394464.0,22953263.349999998
2025-08-01 10:53:54 AM,587.95,0,0.0,22953263.349999998
2025-08-01 10:53:56 AM,587.15,0,0.0,22953263.349999998
2025-08-01 10:53:56 AM,587.15,1233,723955.95,23677219.299999997
2025-08-01 10:54:10 AM,587.35,0,0.0,23677219.299999997
2025-08-01 10:54:13 AM,587.35,157,92213.95,23769433.249999996
2025-08-01 10:54:52 AM,586.2,0,0.0,23769433.249999996
2025-08-01 10:54:55 AM,586.2,20,11724.0,23781157.249999996
2025-08-01 10:55:17 AM,585.8,370,216745.99999999997,23997903.249999996
2025-08-01 10:55:36 AM,585.9,0,0.0,23997903.249999996
2025-08-01 10:55:39 AM,585.9,30,17577.0,24015480.249999996
2025-08-01 10:57:02 AM,585.95,0,0.0,24015480.249999996
2025-08-01 10:57:03 AM,585.95,34,19922.300000000003,24035402.549999997
2025-08-01 10:58:22 AM,585.45,0,0.0,24035402.549999997
2025-08-01 10:58:22 AM,585.45,1,585.45,24035987.999999996
2025-08-01 10:58:38 AM,585.85,0,0.0,24035987.999999996
2025-08-01 10:58:39 AM,585.85,1,585.85,24036573.849999998
2025-08-01 10:58:52 AM,585.4,0,0.0,24036573.849999998
2025-08-01 10:58:55 AM,585.4,13,7610.2,24044184.049999997
2025-08-01 10:59:40 AM,584.95,0,0.0,24044184.049999997
2025-08-01 10:59:42 AM,584.95,20,11699.0,24055883.049999997
2025-08-01 11:00:16 AM,584.95,5,2924.75,24058807.799999997
2025-08-01 11:00:48 AM,584.95,1,584.95,24059392.749999996
2025-08-01 11:00:58 AM,584.95,20,11699.0,24071091.749999996
2025-08-01 11:01:26 AM,585.1,2,1170.2,24072261.949999996
2025-08-01 11:01:29 AM,585.6,0,0.0,24072261.949999996
2025-08-01 11:01:30 AM,585.6,501,293385.60000000003,24365647.549999997
2025-08-01 11:01:51 AM,585.8,0,0.0,24365647.549999997
2025-08-01 11:01:51 AM,585.8,1,585.8,24366233.349999998
2025-08-01 11:02:33 AM,585.85,0,0.0,24366233.349999998
2025-08-01 11:02:34 AM,585.85,5,2929.25,24369162.599999998
2025-08-01 11:03:39 AM,585.1,60,35106.0,24404268.599999998
2025-08-01 11:03:39 AM,585.15,0,0.0,24404268.599999998
2025-08-01 11:03:42 AM,585.15,12,7021.799999999999,24411290.4
2025-08-01 11:04:27 AM,584.85,0,0.0,24411290.4
2025-08-01 11:04:29 AM,584.85,16,9357.6,24420648.0
2025-08-01 11:05:07 AM,584.4,19,11103.6,24431751.6
2025-08-01 11:05:23 AM,584.45,1,584.45,24432336.05
2025-08-01 11:05:28 AM,584.5,0,0.0,24432336.05
2025-08-01 11:05:29 AM,584.5,19,11105.5,24443441.55
2025-08-01 11:06:04 AM,584.8,0,0.0,24443441.55
2025-08-01 11:06:05 AM,584.8,2,1169.6,24444611.150000002
2025-08-01 11:06:12 AM,584.2,0,0.0,24444611.150000002
2025-08-01 11:06:15 AM,584.2,10,5842.0,24450453.150000002
2025-08-01 11:06:44 AM,584.15,0,0.0,24450453.150000002
2025-08-01 11:06:46 AM,583.95,0,0.0,24450453.150000002
2025-08-01 11:06:47 AM,583.95,56,32701.200000000004,24483154.35
2025-08-01 11:06:55 AM,584.4,0,0.0,24483154.35
2025-08-01 11:06:58 AM,584.4,2,1168.8,24484323.150000002
2025-08-01 11:07:35 AM,584.35,0,0.0,24484323.150000002
2025-08-01 11:07:35 AM,584.35,17,9933.95,24494257.1
2025-08-01 11:08:11 AM,583.8,0,0.0,24494257.1
2025-08-01 11:08:13 AM,583.8,26,15178.8,24509435.900000002
2025-08-01 11:08:28 AM,584.2,15,8763.0,24518198.900000002
2025-08-01 11:08:33 AM,583.65,0,0.0,24518198.900000002
2025-08-01 11:08:33 AM,583.65,1,583.65,24518782.55
2025-08-01 11:08:36 AM,583.65,14,8171.099999999999,24526953.650000002
2025-08-01 11:08:57 AM,583.95,50,29197.500000000004,24556151.150000002
2025-08-01 11:10:06 AM,584.05,0,0.0,24556151.150000002
2025-08-01 11:10:06 AM,584.05,20,11681.0,24567832.150000002
2025-08-01 11:10:39 AM,584.05,28,16353.399999999998,24584185.55
2025-08-01 11:11:42 AM,584.55,0,0.0,24584185.55
2025-08-01 11:11:44 AM,584.55,1,584.55,24584770.1
2025-08-01 11:12:11 AM,584.7,18,10524.6,24595294.700000003
2025-08-01 11:12:14 AM,585.15,0,0.0,24595294.700000003
2025-08-01 11:12:16 AM,585.15,18,10532.699999999999,24605827.400000002
2025-08-01 11:12:38 AM,585.0,1,585.0,24606412.400000002
2025-08-01 11:13:34 AM,584.45,0,0.0,24606412.400000002
2025-08-01 11:13:36 AM,584.45,49,28638.050000000003,24635050.450000003
2025-08-01 11:14:07 AM,584.15,0,0.0,24635050.450000003
2025-08-01 11:14:09 AM,584.15,99,57830.85,24692881.300000004
2025-08-01 11:14:14 AM,584.15,60,35049.0,24727930.300000004
2025-08-01 11:14:25 AM,584.05,0,0.0,24727930.300000004
2025-08-01 11:14:25 AM,584.05,300,175215.0,24903145.300000004
2025-08-01 11:14:47 AM,584.55,10,5845.5,24908990.800000004
2025-08-01 11:15:49 AM,584.05,0,0.0,24908990.800000004
2025-08-01 11:15:50 AM,584.05,15,8760.75,24917751.550000004
2025-08-01 11:16:37 AM,584.05,93,54316.649999999994,24972068.200000003
2025-08-01 11:17:09 AM,584.05,16,9344.8,24981413.000000004
2025-08-01 11:17:41 AM,584.05,36,21025.8,25002438.800000004
2025-08-01 11:17:45 AM,584.4,0,0.0,25002438.800000004
2025-08-01 11:17:46 AM,584.4,1,584.4,25003023.200000003
2025-08-01 11:17:55 AM,584.05,0,0.0,25003023.200000003
2025-08-01 11:17:57 AM,584.05,12,7008.599999999999,25010031.800000004
2025-08-01 11:18:18 AM,584.4,0,0.0,25010031.800000004
2025-08-01 11:18:19 AM,584.4,25,14610.0,25024641.800000004
2025-08-01 11:18:31 AM,584.05,0,0.0,25024641.800000004
2025-08-01 11:18:31 AM,584.05,12,7008.599999999999,25031650.400000006
2025-08-01 11:18:36 AM,584.05,149,87023.45,25118673.850000005
2025-08-01 11:19:12 AM,583.95,0,0.0,25118673.850000005
2025-08-01 11:19:16 AM,583.95,131,76497.45000000001,25195171.300000004
2025-08-01 11:19:18 AM,583.45,0,0.0,25195171.300000004
2025-08-01 11:19:22 AM,583.45,11,6417.950000000001,25201589.250000004
2025-08-01 11:19:26 AM,583.8,0,0.0,25201589.250000004
2025-08-01 11:19:27 AM,583.8,20,11676.0,25213265.250000004
2025-08-01 11:19:41 AM,583.15,0,0.0,25213265.250000004
2025-08-01 11:19:43 AM,583.15,12,6997.799999999999,25220263.050000004
2025-08-01 11:20:14 AM,583.05,0,0.0,25220263.050000004
2025-08-01 11:20:15 AM,583.05,43,25071.149999999998,25245334.200000003
2025-08-01 11:21:17 AM,583.85,0,0.0,25245334.200000003
2025-08-01 11:21:18 AM,583.85,198,115602.3,25360936.500000004
2025-08-01 11:21:23 AM,584.4,0,0.0,25360936.500000004
2025-08-01 11:21:23 AM,583.95,22,12846.900000000001,25373783.400000002
2025-08-01 11:21:27 AM,584.4,0,0.0,25373783.400000002
2025-08-01 11:21:29 AM,584.4,16,9350.4,25383133.8
2025-08-01 11:22:08 AM,583.8,0,0.0,25383133.8
2025-08-01 11:22:10 AM,583.8,73,42617.399999999994,25425751.2
2025-08-01 11:22:23 AM,584.4,0,0.0,25425751.2
2025-08-01 11:22:26 AM,584.4,2,1168.8,25426920.0
2025-08-01 11:23:34 AM,584.3,0,0.0,25426920.0
2025-08-01 11:23:35 AM,584.3,1,584.3,25427504.3
2025-08-01 11:24:02 AM,583.75,0,0.0,25427504.3
2025-08-01 11:24:04 AM,583.75,18,10507.5,25438011.8
2025-08-01 11:25:16 AM,583.55,0,0.0,25438011.8
2025-08-01 11:25:18 AM,583.55,13,7586.15,25445597.95
2025-08-01 11:26:10 AM,583.55,18,10503.9,25456101.849999998
2025-08-01 11:26:18 AM,583.8,0,0.0,25456101.849999998
2025-08-01 11:26:20 AM,583.8,7,4086.5999999999995,25460188.45
2025-08-01 11:26:36 AM,583.8,7,4086.5999999999995,25464275.05
2025-08-01 11:27:10 AM,583.8,1,583.8,25464858.85
2025-08-01 11:27:37 AM,583.8,5,2919.0,25467777.85
2025-08-01 11:27:49 AM,583.8,10,5838.0,25473615.85
2025-08-01 11:28:57 AM,583.85,0,0.0,25473615.85
2025-08-01 11:28:59 AM,583.85,2,1167.7,25474783.55
2025-08-01 11:29:08 AM,583.55,0,0.0,25474783.55
2025-08-01 11:29:09 AM,583.55,110,64190.49999999999,25538974.05
2025-08-01 11:30:11 AM,583.85,0,0.0,25538974.05
2025-08-01 11:30:12 AM,583.85,10,5838.5,25544812.55
2025-08-01 11:30:17 AM,584.0,0,0.0,25544812.55
2025-08-01 11:30:18 AM,584.0,2,1168.0,25545980.55
2025-08-01 11:30:28 AM,584.0,100,58400.0,25604380.55
2025-08-01 11:31:00 AM,583.85,12,7006.200000000001,25611386.75
2025-08-01 11:31:01 AM,584.2,0,0.0,25611386.75
2025-08-01 11:31:02 AM,584.2,3,1752.6000000000001,25613139.35
2025-08-01 11:32:53 AM,584.2,125,73025.0,25686164.35
2025-08-01 11:33:05 AM,584.2,1,584.2,25686748.55
2025-08-01 11:33:57 AM,583.75,0,0.0,25686748.55
2025-08-01 11:34:00 AM,583.75,50,29187.5,25715936.05
2025-08-01 11:35:12 AM,584.2,0,0.0,25715936.05
2025-08-01 11:35:13 AM,584.2,5,2921.0,25718857.05
2025-08-01 11:37:02 AM,583.75,0,0.0,25718857.05
2025-08-01 11:37:03 AM,583.75,1,583.75,25719440.8
2025-08-01 11:37:19 AM,583.75,1,583.75,25720024.55
2025-08-01 11:37:23 AM,583.55,0,0.0,25720024.55
2025-08-01 11:37:24 AM,583.55,7,4084.8499999999995,25724109.400000002
2025-08-01 11:37:34 AM,583.55,100,58354.99999999999,25782464.400000002
2025-08-01 11:37:45 AM,583.55,1,583.55,25783047.950000003
2025-08-01 11:37:55 AM,583.55,21,12254.55,25795302.500000004
2025-08-01 11:39:16 AM,583.55,90,52519.49999999999,25847822.000000004
2025-08-01 11:39:25 AM,583.55,100,58354.99999999999,25906177.000000004
2025-08-01 11:39:32 AM,583.35,369,215256.15,26121433.150000002
2025-08-01 11:40:13 AM,583.1,202,117786.20000000001,26239219.35
2025-08-01 11:40:26 AM,583.05,0,0.0,26239219.35
2025-08-01 11:40:28 AM,583.05,17,9911.849999999999,26249131.200000003
2025-08-01 11:40:53 AM,583.3,1,583.3,26249714.500000004
2025-08-01 11:41:17 AM,583.1,0,0.0,26249714.500000004
2025-08-01 11:41:19 AM,583.1,1,583.1,26250297.600000005
2025-08-01 11:42:10 AM,583.1,20,11662.0,26261959.600000005
2025-08-01 11:43:01 AM,584.1,0,0.0,26261959.600000005
2025-08-01 11:43:02 AM,584.1,101,58994.100000000006,26320953.700000007
2025-08-01 11:43:27 AM,583.15,0,0.0,26320953.700000007
2025-08-01 11:43:29 AM,583.15,70,40820.5,26361774.200000007
2025-08-01 11:43:41 AM,583.0,0,0.0,26361774.200000007
2025-08-01 11:43:44 AM,583.0,413,240779.0,26602553.200000007
2025-08-01 11:44:00 AM,583.0,960,559680.0,27162233.200000007
2025-08-01 11:44:07 AM,582.65,0,0.0,27162233.200000007
2025-08-01 11:44:07 AM,582.3,0,0.0,27162233.200000007
2025-08-01 11:44:11 AM,582.3,907,528146.1,27690379.30000001
2025-08-01 11:44:24 AM,582.35,0,0.0,27690379.30000001
2025-08-01 11:44:27 AM,582.2,0,0.0,27690379.30000001
2025-08-01 11:44:29 AM,582.2,6,3493.2000000000003,27693872.500000007
2025-08-01 11:44:35 AM,582.2,59,34349.8,27728222.30000001
2025-08-01 11:45:18 AM,582.3,20,11646.0,27739868.30000001
2025-08-01 11:45:53 AM,582.2,0,0.0,27739868.30000001
2025-08-01 11:45:55 AM,582.2,30,17466.0,27757334.30000001
2025-08-01 11:46:27 AM,582.3,1,582.3,27757916.60000001
2025-08-01 11:46:37 AM,582.2,0,0.0,27757916.60000001
2025-08-01 11:46:38 AM,582.2,15,8733.0,27766649.60000001
2025-08-01 11:47:09 AM,582.05,123,71592.15,27838241.750000007
2025-08-01 11:47:23 AM,582.2,0,0.0,27838241.750000007
2025-08-01 11:47:24 AM,582.2,40,23288.0,27861529.750000007
2025-08-01 11:47:45 AM,582.25,100,58225.0,27919754.750000007
2025-08-01 11:47:50 AM,582.25,96,55896.0,27975650.750000007
2025-08-01 11:48:00 AM,582.25,51,29694.75,28005345.500000007
2025-08-01 11:48:13 AM,582.85,0,0.0,28005345.500000007
2025-08-01 11:48:16 AM,582.85,200,116570.0,28121915.500000007
2025-08-01 11:48:40 AM,582.25,101,58807.25,28180722.750000007
2025-08-01 11:49:06 AM,582.7,0,0.0,28180722.750000007
2025-08-01 11:49:06 AM,582.7,254,148005.80000000002,28328728.55000001
2025-08-01 11:49:18 AM,582.35,0,0.0,28328728.55000001
2025-08-01 11:49:22 AM,582.35,30,17470.5,28346199.05000001
2025-08-01 11:49:38 AM,582.45,29,16891.050000000003,28363090.10000001
2025-08-01 11:50:01 AM,582.3,0,0.0,28363090.10000001
2025-08-01 11:50:03 AM,582.3,112,65217.59999999999,28428307.70000001
2025-08-01 11:50:44 AM,582.3,5,2911.5,28431219.20000001
2025-08-01 11:50:45 AM,582.9,0,0.0,28431219.20000001
2025-08-01 11:50:49 AM,582.9,100,58290.0,28489509.20000001
2025-08-01 11:51:23 AM,582.9,25,14572.5,28504081.70000001
2025-08-01 11:52:07 AM,582.85,0,0.0,28504081.70000001
2025-08-01 11:52:08 AM,583.25,101,58908.25,28562989.95000001
2025-08-01 11:54:07 AM,583.5,0,0.0,28562989.95000001
2025-08-01 11:54:10 AM,583.5,500,291750.0,28854739.95000001
2025-08-01 11:54:41 AM,583.55,0,0.0,28854739.95000001
2025-08-01 11:54:41 AM,583.55,10,5835.5,28860575.45000001
2025-08-01 11:56:05 AM,583.0,0,0.0,28860575.45000001
2025-08-01 11:56:06 AM,583.0,20,11660.0,28872235.45000001
2025-08-01 11:56:52 AM,583.0,51,29733.0,28901968.45000001
2025-08-01 11:57:20 AM,582.8,0,0.0,28901968.45000001
2025-08-01 11:57:22 AM,582.8,154,89751.2,28991719.65000001
2025-08-01 11:58:00 AM,582.25,0,0.0,28991719.65000001
2025-08-01 11:58:02 AM,582.25,13,7569.25,28999288.90000001
2025-08-01 11:58:05 AM,582.3,0,0.0,28999288.90000001
2025-08-01 11:58:08 AM,582.3,45,26203.499999999996,29025492.40000001
2025-08-01 11:58:14 AM,582.3,45,26203.499999999996,29051695.90000001
2025-08-01 11:58:31 AM,582.3,37,21545.1,29073241.00000001
2025-08-01 11:59:20 AM,582.2,0,0.0,29073241.00000001
2025-08-01 11:59:22 AM,582.2,39,22705.800000000003,29095946.800000012
2025-08-01 12:00:19 PM,582.2,43,25034.600000000002,29120981.400000013
2025-08-01 12:00:24 PM,582.2,82,47740.4,29168721.800000012
2025-08-01 12:00:44 PM,582.2,68,39589.600000000006,29208311.400000013
2025-08-01 12:02:15 PM,582.2,1,582.2,29208893.600000013
2025-08-01 12:02:36 PM,582.2,5,2911.0,29211804.600000013
2025-08-01 12:02:41 PM,582.2,3,1746.6000000000001,29213551.200000014
2025-08-01 12:02:49 PM,581.8,0,0.0,29213551.200000014
2025-08-01 12:02:51 PM,581.8,1814,1055385.2,30268936.400000013
2025-08-01 12:02:55 PM,581.7,0,0.0,30268936.400000013
2025-08-01 12:02:56 PM,581.7,1,581.7,30269518.100000013
2025-08-01 12:03:01 PM,581.7,1,581.7,30270099.800000012
2025-08-01 12:03:18 PM,581.7,10,5817.0,30275916.800000012
2025-08-01 12:03:53 PM,581.7,1,581.7,30276498.50000001
2025-08-01 12:04:09 PM,581.45,37,21513.65,30298012.15000001
2025-08-01 12:04:45 PM,581.45,5,2907.25,30300919.40000001
2025-08-01 12:04:50 PM,581.45,1,581.45,30301500.85000001
2025-08-01 12:05:01 PM,581.45,10,5814.5,30307315.35000001
2025-08-01 12:05:50 PM,581.4,0,0.0,30307315.35000001
2025-08-01 12:05:51 PM,581.4,26,15116.4,30322431.750000007
2025-08-01 12:06:02 PM,581.6,1,581.6,30323013.35000001
2025-08-01 12:06:20 PM,581.4,0,0.0,30323013.35000001
2025-08-01 12:06:21 PM,581.4,30,17442.0,30340455.35000001
2025-08-01 12:06:26 PM,581.4,17,9883.8,30350339.15000001
2025-08-01 12:06:51 PM,581.4,25,14535.0,30364874.15000001
2025-08-01 12:07:01 PM,581.4,14,8139.599999999999,30373013.75000001
2025-08-01 12:07:16 PM,581.3,24,13951.199999999999,30386964.95000001
2025-08-01 12:08:11 PM,581.3,11,6394.299999999999,30393359.25000001
2025-08-01 12:08:16 PM,582.0,0,0.0,30393359.25000001
2025-08-01 12:08:16 PM,582.0,500,291000.0,30684359.25000001
2025-08-01 12:09:04 PM,581.95,0,0.0,30684359.25000001
2025-08-01 12:09:06 PM,581.95,10,5819.5,30690178.75000001
2025-08-01 12:09:07 PM,581.55,1,581.55,30690760.300000012
2025-08-01 12:09:32 PM,581.3,100,58129.99999999999,30748890.300000012
2025-08-01 12:10:24 PM,581.8,0,0.0,30748890.300000012
2025-08-01 12:10:27 PM,581.8,1,581.8,30749472.100000013
2025-08-01 12:12:45 PM,581.8,40,23272.0,30772744.100000013
2025-08-01 12:13:40 PM,581.8,18,10472.4,30783216.50000001
2025-08-01 12:14:26 PM,582.0,0,0.0,30783216.50000001
2025-08-01 12:14:30 PM,582.0,3,1746.0,30784962.50000001
2025-08-01 12:14:34 PM,581.8,0,0.0,30784962.50000001
2025-08-01 12:14:35 PM,581.8,10,5818.0,30790780.50000001
2025-08-01 12:15:44 PM,582.0,0,0.0,30790780.50000001
2025-08-01 12:15:47 PM,582.0,57,33174.0,30823954.50000001
2025-08-01 12:16:12 PM,582.0,5,2910.0,30826864.50000001
2025-08-01 12:16:46 PM,582.0,41,23862.0,30850726.50000001
2025-08-01 12:17:10 PM,582.0,2,1164.0,30851890.50000001
2025-08-01 12:18:26 PM,582.1,0,0.0,30851890.50000001
2025-08-01 12:18:27 PM,582.1,10,5821.0,30857711.50000001
2025-08-01 12:19:22 PM,582.0,0,0.0,30857711.50000001
2025-08-01 12:19:23 PM,582.0,13,7566.0,30865277.50000001
2025-08-01 12:19:28 PM,582.0,44,25608.0,30890885.50000001
2025-08-01 12:21:20 PM,581.4,0,0.0,30890885.50000001
2025-08-01 12:21:20 PM,581.4,28,16279.199999999999,30907164.70000001
2025-08-01 12:22:46 PM,581.4,7,4069.7999999999997,30911234.50000001
2025-08-01 12:23:39 PM,581.4,19,11046.6,30922281.100000013
2025-08-01 12:23:49 PM,581.4,18,10465.199999999999,30932746.300000012
2025-08-01 12:24:30 PM,581.4,9,5232.599999999999,30937978.900000013
2025-08-01 12:24:34 PM,581.4,1,581.4,30938560.300000012
2025-08-01 12:24:44 PM,581.4,1,581.4,30939141.70000001
2025-08-01 12:24:54 PM,581.4,1,581.4,30939723.10000001
2025-08-01 12:25:30 PM,581.4,500,290700.0,31230423.10000001
2025-08-01 12:26:42 PM,581.6,0,0.0,31230423.10000001
2025-08-01 12:26:44 PM,581.6,10,5816.0,31236239.10000001
2025-08-01 12:27:03 PM,581.0,0,0.0,31236239.10000001
2025-08-01 12:27:05 PM,581.1,1339,778092.9,32014332.000000007
2025-08-01 12:27:17 PM,581.0,0,0.0,32014332.000000007
2025-08-01 12:27:18 PM,580.85,0,0.0,32014332.000000007
2025-08-01 12:27:21 PM,580.85,193,112104.05,32126436.05000001
2025-08-01 12:27:31 PM,580.8,54,31363.199999999997,32157799.250000007
2025-08-01 12:27:31 PM,580.95,0,0.0,32157799.250000007
2025-08-01 12:27:35 PM,580.95,60,34857.0,32192656.250000007
2025-08-01 12:28:30 PM,580.6,0,0.0,32192656.250000007
2025-08-01 12:28:31 PM,580.6,7,4064.2000000000003,32196720.450000007
2025-08-01 12:29:23 PM,580.6,50,29030.0,32225750.450000007
2025-08-01 12:29:57 PM,580.85,0,0.0,32225750.450000007
2025-08-01 12:29:58 PM,580.85,10,5808.5,32231558.950000007
2025-08-01 12:30:11 PM,580.85,83,48210.55,32279769.500000007
2025-08-01 12:30:34 PM,581.0,0,0.0,32279769.500000007
2025-08-01 12:30:35 PM,581.0,31,18011.0,32297780.500000007
2025-08-01 12:32:20 PM,581.0,100,58100.0,32355880.500000007
2025-08-01 12:32:40 PM,581.0,50,29050.0,32384930.500000007
2025-08-01 12:34:05 PM,581.0,20,11620.0,32396550.500000007
2025-08-01 12:34:10 PM,581.0,199,115619.0,32512169.500000007
2025-08-01 12:34:20 PM,581.0,6,3486.0,32515655.500000007
2025-08-01 12:34:31 PM,581.0,6,3486.0,32519141.500000007
2025-08-01 12:34:42 PM,580.85,0,0.0,32519141.500000007
2025-08-01 12:34:46 PM,580.85,17,9874.45,32529015.950000007
2025-08-01 12:34:56 PM,580.85,1,580.85,32529596.80000001
2025-08-01 12:35:01 PM,580.85,147,85384.95,32614981.750000007
2025-08-01 12:35:12 PM,580.6,0,0.0,32614981.750000007
2025-08-01 12:35:17 PM,580.6,34,19740.4,32634722.150000006
2025-08-01 12:35:27 PM,580.6,2,1161.2,32635883.350000005
2025-08-01 12:36:02 PM,580.4,0,0.0,32635883.350000005
2025-08-01 12:36:04 PM,580.4,42,24376.8,32660260.150000006
2025-08-01 12:36:37 PM,580.3,0,0.0,32660260.150000006
2025-08-01 12:36:40 PM,580.3,9,5222.7,32665482.850000005
2025-08-01 12:37:21 PM,580.3,51,29595.3,32695078.150000006
2025-08-01 12:38:03 PM,580.35,0,0.0,32695078.150000006
2025-08-01 12:38:05 PM,580.35,50,29017.5,32724095.650000006
2025-08-01 12:38:38 PM,580.25,0,0.0,32724095.650000006
2025-08-01 12:38:39 PM,580.25,20,11605.0,32735700.650000006
2025-08-01 12:38:59 PM,580.5,0,0.0,32735700.650000006
2025-08-01 12:39:00 PM,580.5,292,169506.0,32905206.650000006
2025-08-01 12:39:15 PM,580.75,10,5807.5,32911014.150000006
2025-08-01 12:40:40 PM,580.75,50,29037.5,32940051.650000006
2025-08-01 12:40:54 PM,580.85,0,0.0,32940051.650000006
2025-08-01 12:40:56 PM,580.85,6,3485.1000000000004,32943536.750000007
2025-08-01 12:42:44 PM,580.8,0,0.0,32943536.750000007
2025-08-01 12:42:45 PM,580.8,1,580.8,32944117.55000001
2025-08-01 12:42:55 PM,580.8,1,580.8,32944698.35000001
2025-08-01 12:45:26 PM,581.0,0,0.0,32944698.35000001
2025-08-01 12:45:28 PM,580.4,0,0.0,32944698.35000001
2025-08-01 12:45:30 PM,580.4,48,27859.199999999997,32972557.55000001
2025-08-01 12:47:32 PM,580.1,1,580.1,32973137.65000001
2025-08-01 12:47:37 PM,580.1,9,5220.900000000001,32978358.55000001
2025-08-01 12:47:46 PM,580.0,0,0.0,32978358.55000001
2025-08-01 12:47:46 PM,580.8,306,177724.8,33156083.35000001
2025-08-01 12:47:47 PM,580.25,20,11605.0,33167688.35000001
2025-08-01 12:48:58 PM,580.95,0,0.0,33167688.35000001
2025-08-01 12:49:01 PM,580.95,100,58095.00000000001,33225783.35000001
2025-08-01 12:49:20 PM,580.85,0,0.0,33225783.35000001
2025-08-01 12:49:21 PM,580.85,15,8712.75,33234496.10000001
2025-08-01 12:49:22 PM,580.8,0,0.0,33234496.10000001
2025-08-01 12:49:26 PM,580.8,6,3484.7999999999997,33237980.90000001
2025-08-01 12:49:51 PM,580.3,4,2321.2,33240302.10000001
2025-08-01 12:50:22 PM,580.65,5,2903.25,33243205.35000001
2025-08-01 12:50:39 PM,580.65,1,580.65,33243786.000000007
2025-08-01 12:51:05 PM,580.65,20,11613.0,33255399.000000007
2025-08-01 12:51:19 PM,580.7,2,1161.4,33256560.400000006
2025-08-01 12:51:42 PM,580.8,0,0.0,33256560.400000006
2025-08-01 12:51:43 PM,580.8,100,58079.99999999999,33314640.400000006
2025-08-01 12:52:15 PM,580.8,5,2904.0,33317544.400000006
2025-08-01 12:52:18 PM,580.8,3,1742.3999999999999,33319286.800000004
2025-08-01 12:53:08 PM,580.8,30,17424.0,33336710.800000004
2025-08-01 12:53:10 PM,580.75,0,0.0,33336710.800000004
2025-08-01 12:53:13 PM,580.75,5,2903.75,33339614.550000004
2025-08-01 12:54:14 PM,580.75,297,172482.75,33512097.300000004
2025-08-01 12:54:39 PM,580.75,15,8711.25,33520808.550000004
2025-08-01 12:54:54 PM,580.7,0,0.0,33520808.550000004
2025-08-01 12:54:55 PM,580.7,25,14517.500000000002,33535326.050000004
2025-08-01 12:55:18 PM,580.2,0,0.0,33535326.050000004
2025-08-01 12:55:22 PM,580.2,28,16245.600000000002,33551571.650000006
2025-08-01 12:55:58 PM,580.6,0,0.0,33551571.650000006
2025-08-01 12:56:01 PM,580.6,7,4064.2000000000003,33555635.85000001
2025-08-01 12:56:12 PM,580.75,0,0.0,33555635.85000001
2025-08-01 12:56:17 PM,580.75,80,46460.0,33602095.85000001
2025-08-01 12:57:20 PM,580.7,0,0.0,33602095.85000001
2025-08-01 12:57:21 PM,580.7,40,23228.0,33625323.85000001
2025-08-01 12:57:38 PM,580.25,0,0.0,33625323.85000001
2025-08-01 12:57:41 PM,580.25,29,16827.25,33642151.10000001
2025-08-01 12:58:18 PM,580.05,0,0.0,33642151.10000001
2025-08-01 12:58:21 PM,580.05,50,29002.499999999996,33671153.60000001
2025-08-01 12:58:26 PM,580.0,0,0.0,33671153.60000001
2025-08-01 12:58:27 PM,580.0,169,98020.0,33769173.60000001
2025-08-01 12:58:37 PM,580.0,11,6380.0,33775553.60000001
2025-08-01 12:59:12 PM,580.0,1,580.0,33776133.60000001
2025-08-01 01:00:41 PM,580.0,5,2900.0,33779033.60000001
2025-08-01 01:01:37 PM,580.45,0,0.0,33779033.60000001
2025-08-01 01:01:38 PM,580.45,16,9287.2,33788320.80000001
2025-08-01 01:03:21 PM,580.75,0,0.0,33788320.80000001
2025-08-01 01:03:23 PM,580.75,3,1742.25,33790063.05000001
2025-08-01 01:03:57 PM,580.75,5,2903.75,33792966.80000001
2025-08-01 01:04:07 PM,580.75,40,23230.0,33816196.80000001
2025-08-01 01:05:07 PM,580.45,0,0.0,33816196.80000001
2025-08-01 01:05:10 PM,580.45,24,13930.800000000001,33830127.60000001
2025-08-01 01:07:42 PM,580.0,0,0.0,33830127.60000001
2025-08-01 01:07:44 PM,580.0,849,492420.0,34322547.60000001
2025-08-01 01:08:06 PM,579.85,0,0.0,34322547.60000001
2025-08-01 01:08:06 PM,579.85,12,6958.200000000001,34329505.80000001
2025-08-01 01:08:14 PM,579.9,0,0.0,34329505.80000001
2025-08-01 01:08:15 PM,579.9,12,6958.799999999999,34336464.60000001
2025-08-01 01:08:38 PM,579.85,0,0.0,34336464.60000001
2025-08-01 01:08:40 PM,579.85,3,1739.5500000000002,34338204.150000006
2025-08-01 01:08:52 PM,579.8,0,0.0,34338204.150000006
2025-08-01 01:08:54 PM,579.8,15,8697.0,34346901.150000006
2025-08-01 01:09:01 PM,579.8,1,579.8,34347480.95
2025-08-01 01:09:08 PM,578.35,0,0.0,34347480.95
2025-08-01 01:09:09 PM,578.35,4360,2521606.0,36869086.95
2025-08-01 01:09:54 PM,577.95,0,0.0,36869086.95
2025-08-01 01:09:55 PM,577.85,509,294125.65,37163212.6
2025-08-01 01:09:59 PM,578.1,0,0.0,37163212.6
2025-08-01 01:10:00 PM,578.1,9,5202.900000000001,37168415.5
2025-08-01 01:10:35 PM,578.15,128,74003.2,37242418.7
2025-08-01 01:11:08 PM,578.25,102,58981.5,37301400.2
2025-08-01 01:11:42 PM,578.3,895,517578.49999999994,37818978.7
2025-08-01 01:11:46 PM,578.9,0,0.0,37818978.7
2025-08-01 01:11:47 PM,578.9,30,17367.0,37836345.7
2025-08-01 01:12:19 PM,578.45,0,0.0,37836345.7
2025-08-01 01:12:20 PM,578.45,6,3470.7000000000003,37839816.400000006
2025-08-01 01:12:35 PM,578.45,15,8676.75,37848493.150000006
2025-08-01 01:12:46 PM,578.15,0,0.0,37848493.150000006
2025-08-01 01:12:47 PM,578.15,101,58393.149999999994,37906886.300000004
2025-08-01 01:13:06 PM,578.8,20,11576.0,37918462.300000004
2025-08-01 01:13:13 PM,578.8,1,578.8,37919041.1
2025-08-01 01:13:26 PM,578.85,50,28942.5,37947983.6
2025-08-01 01:13:42 PM,578.85,2,1157.7,37949141.300000004
2025-08-01 01:13:49 PM,579.05,0,0.0,37949141.300000004
2025-08-01 01:13:49 PM,579.05,1,579.05,37949720.35
2025-08-01 01:14:48 PM,579.05,3,1737.1499999999999,37951457.5
2025-08-01 01:15:08 PM,579.05,67,38796.35,37990253.85
2025-08-01 01:15:12 PM,579.05,10,5790.5,37996044.35
2025-08-01 01:16:12 PM,578.85,0,0.0,37996044.35
2025-08-01 01:16:14 PM,578.85,98,56727.3,38052771.65
2025-08-01 01:16:18 PM,578.25,0,0.0,38052771.65
2025-08-01 01:16:19 PM,578.25,73,42212.25,38094983.9
2025-08-01 01:16:36 PM,577.8,0,0.0,38094983.9
2025-08-01 01:16:37 PM,577.8,241,139249.8,38234233.699999996
2025-08-01 01:16:44 PM,577.1,0,0.0,38234233.699999996
2025-08-01 01:16:44 PM,577.1,600,346260.0,38580493.699999996
2025-08-01 01:16:48 PM,577.25,0,0.0,38580493.699999996
2025-08-01 01:16:49 PM,577.25,11,6349.75,38586843.449999996
2025-08-01 01:17:08 PM,577.0,0,0.0,38586843.449999996
2025-08-01 01:17:08 PM,577.0,1086,626622.0,39213465.449999996
2025-08-01 01:17:10 PM,577.25,0,0.0,39213465.449999996
2025-08-01 01:17:12 PM,577.25,10,5772.5,39219237.949999996
2025-08-01 01:17:31 PM,577.25,48,27708.0,39246945.949999996
2025-08-01 01:17:36 PM,577.55,0,0.0,39246945.949999996
2025-08-01 01:17:36 PM,577.55,50,28877.499999999996,39275823.449999996
2025-08-01 01:17:55 PM,577.55,4,2310.2,39278133.65
2025-08-01 01:17:58 PM,577.55,105,60642.74999999999,39338776.4
2025-08-01 01:18:59 PM,577.55,10,5775.5,39344551.9
2025-08-01 01:19:24 PM,577.55,33,19059.149999999998,39363611.05
2025-08-01 01:19:24 PM,577.15,0,0.0,39363611.05
2025-08-01 01:19:25 PM,577.15,64,36937.6,39400548.65
2025-08-01 01:19:28 PM,577.75,0,0.0,39400548.65
2025-08-01 01:19:29 PM,577.75,150,86662.5,39487211.15
2025-08-01 01:19:33 PM,577.3,2,1154.6,39488365.75
2025-08-01 01:19:52 PM,577.5,0,0.0,39488365.75
2025-08-01 01:19:52 PM,577.5,30,17325.0,39505690.75
2025-08-01 01:20:33 PM,577.3,57,32906.1,39538596.85
2025-08-01 01:20:40 PM,577.65,0,0.0,39538596.85
2025-08-01 01:20:43 PM,577.65,5,2888.25,39541485.1
2025-08-01 01:20:44 PM,577.1,0,0.0,39541485.1
2025-08-01 01:20:48 PM,577.1,65,37511.5,39578996.6
2025-08-01 01:21:54 PM,577.5,0,0.0,39578996.6
2025-08-01 01:21:57 PM,577.5,25,14437.5,39593434.1
2025-08-01 01:22:20 PM,577.5,1,577.5,39594011.6
2025-08-01 01:22:28 PM,577.1,0,0.0,39594011.6
2025-08-01 01:22:29 PM,577.1,102,58864.200000000004,39652875.800000004
2025-08-01 01:22:31 PM,577.0,0,0.0,39652875.800000004
2025-08-01 01:22:34 PM,577.0,19,10963.0,39663838.800000004
2025-08-01 01:23:49 PM,577.45,0,0.0,39663838.800000004
2025-08-01 01:23:50 PM,577.45,30,17323.5,39681162.300000004
2025-08-01 01:24:38 PM,577.0,0,0.0,39681162.300000004
2025-08-01 01:24:42 PM,577.0,100,57700.0,39738862.300000004
2025-08-01 01:24:46 PM,576.75,0,0.0,39738862.300000004
2025-08-01 01:24:46 PM,576.75,315,181676.25,39920538.550000004
2025-08-01 01:25:05 PM,575.35,0,0.0,39920538.550000004
2025-08-01 01:25:06 PM,575.35,3929,2260550.15,42181088.7
2025-08-01 01:25:09 PM,575.2,0,0.0,42181088.7
2025-08-01 01:25:12 PM,575.2,287,165082.40000000002,42346171.1
2025-08-01 01:25:13 PM,574.5,0,0.0,42346171.1
2025-08-01 01:25:15 PM,574.55,0,0.0,42346171.1
2025-08-01 01:25:17 PM,575.0,0,0.0,42346171.1
2025-08-01 01:25:17 PM,575.0,2072,1191400.0,43537571.1
2025-08-01 01:25:26 PM,575.0,119,68425.0,43605996.1
2025-08-01 01:25:27 PM,575.0,2,1150.0,43607146.1
2025-08-01 01:25:31 PM,575.0,63,36225.0,43643371.1
2025-08-01 01:26:13 PM,575.2,0,0.0,43643371.1
2025-08-01 01:26:13 PM,575.05,0,0.0,43643371.1
2025-08-01 01:26:15 PM,575.0,0,0.0,43643371.1
2025-08-01 01:26:15 PM,575.0,223,128225.0,43771596.1
2025-08-01 01:26:19 PM,575.2,0,0.0,43771596.1
2025-08-01 01:26:20 PM,575.2,25,14380.000000000002,43785976.1
2025-08-01 01:26:29 PM,575.05,0,0.0,43785976.1
2025-08-01 01:26:29 PM,575.45,0,0.0,43785976.1
2025-08-01 01:26:30 PM,575.45,58,33376.100000000006,43819352.2
2025-08-01 01:26:40 PM,575.45,6,3452.7000000000003,43822804.900000006
2025-08-01 01:26:50 PM,575.45,40,23018.0,43845822.900000006
2025-08-01 01:27:03 PM,575.55,0,0.0,43845822.900000006
2025-08-01 01:27:05 PM,575.55,1,575.55,43846398.45
2025-08-01 01:27:15 PM,575.55,115,66188.25,43912586.7
2025-08-01 01:27:20 PM,575.55,7,4028.8499999999995,43916615.550000004
2025-08-01 01:27:24 PM,575.55,2,1151.1,43917766.650000006
2025-08-01 01:27:43 PM,575.65,0,0.0,43917766.650000006
2025-08-01 01:27:44 PM,575.65,1,575.65,43918342.300000004
2025-08-01 01:27:47 PM,575.9,0,0.0,43918342.300000004
2025-08-01 01:27:49 PM,575.9,260,149734.0,44068076.300000004
2025-08-01 01:28:32 PM,575.95,30,17278.5,44085354.800000004
2025-08-01 01:28:37 PM,576.4,0,0.0,44085354.800000004
2025-08-01 01:28:37 PM,576.4,200,115280.0,44200634.800000004
2025-08-01 01:28:51 PM,576.4,61,35160.4,44235795.2
2025-08-01 01:29:20 PM,576.4,189,108939.59999999999,44344734.800000004
2025-08-01 01:30:02 PM,576.3,19,10949.699999999999,44355684.50000001
2025-08-01 01:30:06 PM,576.4,0,0.0,44355684.50000001
2025-08-01 01:30:08 PM,576.4,10,5764.0,44361448.50000001
2025-08-01 01:30:20 PM,576.3,0,0.0,44361448.50000001
2025-08-01 01:30:23 PM,576.3,1,576.3,44362024.800000004
2025-08-01 01:31:14 PM,576.0,0,0.0,44362024.800000004
2025-08-01 01:31:17 PM,576.0,1,576.0,44362600.800000004
2025-08-01 01:31:42 PM,576.0,120,69120.0,44431720.800000004
2025-08-01 01:31:59 PM,576.4,0,0.0,44431720.800000004
2025-08-01 01:32:02 PM,576.4,20,11528.0,44443248.800000004
2025-08-01 01:32:15 PM,576.5,0,0.0,44443248.800000004
2025-08-01 01:32:17 PM,576.5,461,265766.5,44709015.300000004
2025-08-01 01:33:06 PM,576.9,0,0.0,44709015.300000004
2025-08-01 01:33:10 PM,576.9,25,14422.5,44723437.800000004
2025-08-01 01:33:20 PM,576.7,540,311418.0,45034855.800000004
2025-08-01 01:34:00 PM,576.35,4,2305.4,45037161.2
2025-08-01 01:34:08 PM,576.45,0,0.0,45037161.2
2025-08-01 01:34:08 PM,576.45,100,57645.00000000001,45094806.2
2025-08-01 01:34:18 PM,576.0,15,8640.0,45103446.2
2025-08-01 01:34:30 PM,576.35,0,0.0,45103446.2
2025-08-01 01:34:32 PM,576.35,5,2881.75,45106327.95
2025-08-01 01:34:44 PM,575.9,0,0.0,45106327.95
2025-08-01 01:34:46 PM,575.9,23,13245.699999999999,45119573.650000006
2025-08-01 01:35:10 PM,575.9,1,575.9,45120149.550000004
2025-08-01 01:35:15 PM,575.9,1,575.9,45120725.45
2025-08-01 01:35:44 PM,575.9,5,2879.5,45123604.95
2025-08-01 01:36:32 PM,575.8,0,0.0,45123604.95
2025-08-01 01:36:33 PM,575.8,6,3454.7999999999997,45127059.75
2025-08-01 01:36:38 PM,575.65,28,16118.199999999999,45143177.95
2025-08-01 01:37:55 PM,575.65,27,15542.55,45158720.5
2025-08-01 01:37:59 PM,575.55,0,0.0,45158720.5
2025-08-01 01:38:00 PM,575.55,52,29928.6,45188649.1
2025-08-01 01:38:04 PM,575.0,0,0.0,45188649.1
2025-08-01 01:38:05 PM,574.75,0,0.0,45188649.1
2025-08-01 01:38:06 PM,574.75,2787,1601828.25,46790477.35
2025-08-01 01:38:08 PM,574.95,0,0.0,46790477.35
2025-08-01 01:38:10 PM,574.1,0,0.0,46790477.35
2025-08-01 01:38:12 PM,574.1,822,471910.2,47262387.550000004
2025-08-01 01:38:17 PM,574.1,10,5741.0,47268128.550000004
2025-08-01 01:38:21 PM,574.55,0,0.0,47268128.550000004
2025-08-01 01:38:23 PM,574.55,5,2872.75,47271001.300000004
2025-08-01 01:38:34 PM,573.7,200,114740.00000000001,47385741.300000004
2025-08-01 01:38:44 PM,574.1,0,0.0,47385741.300000004
2025-08-01 01:38:44 PM,574.1,2,1148.2,47386889.50000001
2025-08-01 01:39:06 PM,573.9,0,0.0,47386889.50000001
2025-08-01 01:39:06 PM,573.9,68,39025.2,47425914.70000001
2025-08-01 01:39:53 PM,573.8,60,34428.0,47460342.70000001
2025-08-01 01:40:13 PM,573.8,27,15492.599999999999,47475835.30000001
2025-08-01 01:40:18 PM,573.8,10,5738.0,47481573.30000001
2025-08-01 01:40:26 PM,573.9,0,0.0,47481573.30000001
2025-08-01 01:40:28 PM,573.9,689,395417.1,47876990.40000001
2025-08-01 01:40:33 PM,573.9,194,111336.59999999999,47988327.000000015
2025-08-01 01:40:52 PM,573.85,0,0.0,47988327.000000015
2025-08-01 01:40:53 PM,573.85,3,1721.5500000000002,47990048.55000001
2025-08-01 01:41:34 PM,573.9,0,0.0,47990048.55000001
2025-08-01 01:41:37 PM,573.9,29,16643.1,48006691.65000001
2025-08-01 01:41:57 PM,573.9,50,28695.0,48035386.65000001
2025-08-01 01:42:07 PM,573.9,10,5739.0,48041125.65000001
2025-08-01 01:42:12 PM,573.9,1,573.9,48041699.55000001
2025-08-01 01:42:17 PM,574.3,209,120028.7,48161728.250000015
2025-08-01 01:43:36 PM,574.3,1,574.3,48162302.55000001
2025-08-01 01:43:56 PM,574.3,42,24120.6,48186423.15000001
2025-08-01 01:44:15 PM,574.3,10,5743.0,48192166.15000001
2025-08-01 01:44:36 PM,574.3,7,4020.0999999999995,48196186.250000015
2025-08-01 01:44:50 PM,574.3,141,80976.29999999999,48277162.55000001
2025-08-01 01:45:04 PM,574.15,0,0.0,48277162.55000001
2025-08-01 01:45:05 PM,574.15,1,574.15,48277736.70000001
2025-08-01 01:45:12 PM,574.25,0,0.0,48277736.70000001
2025-08-01 01:45:15 PM,574.25,15,8613.75,48286350.45000001
2025-08-01 01:45:30 PM,574.45,50,28722.500000000004,48315072.95000001
2025-08-01 01:45:51 PM,574.45,10,5744.5,48320817.45000001
2025-08-01 01:46:02 PM,573.5,0,0.0,48320817.45000001
2025-08-01 01:46:02 PM,574.1,0,0.0,48320817.45000001
2025-08-01 01:46:04 PM,574.1,1193,684901.3,49005718.75000001
2025-08-01 01:46:16 PM,574.0,0,0.0,49005718.75000001
2025-08-01 01:46:19 PM,574.0,10,5740.0,49011458.75000001
2025-08-01 01:46:29 PM,574.0,100,57400.0,49068858.75000001
2025-08-01 01:47:25 PM,574.0,33,18942.0,49087800.75000001
2025-08-01 01:47:34 PM,574.0,50,28700.0,49116500.75000001
2025-08-01 01:47:55 PM,574.0,3,1722.0,49118222.75000001
2025-08-01 01:48:02 PM,574.2,0,0.0,49118222.75000001
2025-08-01 01:48:05 PM,574.2,100,57420.00000000001,49175642.75000001
2025-08-01 01:48:36 PM,574.3,0,0.0,49175642.75000001
2025-08-01 01:48:40 PM,574.3,92,52835.6,49228478.35000001
2025-08-01 01:48:58 PM,574.5,0,0.0,49228478.35000001
2025-08-01 01:48:59 PM,574.5,161,92494.5,49320972.85000001
2025-08-01 01:49:08 PM,574.5,247,141901.5,49462874.35000001
2025-08-01 01:50:06 PM,574.5,1,574.5,49463448.85000001
2025-08-01 01:50:40 PM,574.45,0,0.0,49463448.85000001
2025-08-01 01:50:40 PM,574.45,10,5744.5,49469193.35000001
2025-08-01 01:50:50 PM,574.5,0,0.0,49469193.35000001
2025-08-01 01:50:50 PM,574.5,10,5745.0,49474938.35000001
2025-08-01 01:51:25 PM,574.5,1,574.5,49475512.85000001
2025-08-01 01:51:39 PM,574.5,3,1723.5,49477236.35000001
2025-08-01 01:52:48 PM,574.5,40,22980.0,49500216.35000001
2025-08-01 01:52:49 PM,574.5,25,14362.5,49514578.85000001
2025-08-01 01:53:21 PM,574.5,10,5745.0,49520323.85000001
2025-08-01 01:53:26 PM,574.5,10,5745.0,49526068.85000001
2025-08-01 01:53:30 PM,574.35,0,0.0,49526068.85000001
2025-08-01 01:53:31 PM,574.35,1,574.35,49526643.20000001
2025-08-01 01:53:49 PM,574.35,1,574.35,49527217.55000001
2025-08-01 01:53:58 PM,574.35,27,15507.45,49542725.000000015
2025-08-01 01:54:48 PM,574.5,0,0.0,49542725.000000015
2025-08-01 01:54:51 PM,574.5,1,574.5,49543299.500000015
2025-08-01 01:54:57 PM,574.35,0,0.0,49543299.500000015
2025-08-01 01:54:57 PM,574.35,1,574.35,49543873.85000002
2025-08-01 01:56:21 PM,574.5,1,574.5,49544448.35000002
2025-08-01 01:56:41 PM,574.5,2,1149.0,49545597.35000002
2025-08-01 01:57:10 PM,575.35,0,0.0,49545597.35000002
2025-08-01 01:57:11 PM,575.35,1465,842887.75,50388485.10000002
2025-08-01 01:57:30 PM,574.75,0,0.0,50388485.10000002
2025-08-01 01:57:30 PM,574.75,1,574.75,50389059.85000002
2025-08-01 01:57:36 PM,574.35,0,0.0,50389059.85000002
2025-08-01 01:57:40 PM,574.35,2,1148.7,50390208.55000002
2025-08-01 01:57:56 PM,574.5,0,0.0,50390208.55000002
2025-08-01 01:57:59 PM,574.5,1,574.5,50390783.05000002
2025-08-01 01:58:04 PM,574.2,0,0.0,50390783.05000002
2025-08-01 01:58:04 PM,574.2,400,229680.00000000003,50620463.05000002
2025-08-01 01:58:12 PM,574.7,0,0.0,50620463.05000002
2025-08-01 01:58:14 PM,574.7,15,8620.5,50629083.55000002
2025-08-01 01:58:16 PM,574.65,0,0.0,50629083.55000002
2025-08-01 01:58:19 PM,574.65,2,1149.3,50630232.85000002
2025-08-01 01:58:26 PM,574.5,0,0.0,50630232.85000002
2025-08-01 01:58:29 PM,574.5,4,2298.0,50632530.85000002
2025-08-01 01:58:56 PM,574.55,0,0.0,50632530.85000002
2025-08-01 01:58:59 PM,574.55,5,2872.75,50635403.60000002
2025-08-01 01:59:30 PM,574.2,0,0.0,50635403.60000002
2025-08-01 01:59:35 PM,574.2,15,8613.0,50644016.60000002
2025-08-01 02:00:16 PM,574.3,14,8040.199999999999,50652056.80000002
2025-08-01 02:00:44 PM,574.3,78,44795.399999999994,50696852.20000002
2025-08-01 02:00:54 PM,574.2,0,0.0,50696852.20000002
2025-08-01 02:00:59 PM,574.2,12,6890.400000000001,50703742.60000002
2025-08-01 02:01:56 PM,574.35,0,0.0,50703742.60000002
2025-08-01 02:01:57 PM,574.35,1,574.35,50704316.95000002
2025-08-01 02:03:07 PM,574.3,0,0.0,50704316.95000002
2025-08-01 02:03:12 PM,574.3,1,574.3,50704891.250000015
2025-08-01 02:03:37 PM,574.3,100,57429.99999999999,50762321.250000015
2025-08-01 02:03:38 PM,574.0,0,0.0,50762321.250000015
2025-08-01 02:03:40 PM,573.0,0,0.0,50762321.250000015
2025-08-01 02:03:42 PM,573.0,432,247536.0,51009857.250000015
2025-08-01 02:03:47 PM,573.0,39,22347.0,51032204.250000015
2025-08-01 02:03:52 PM,573.0,145,83085.0,51115289.250000015
2025-08-01 02:04:16 PM,572.8,0,0.0,51115289.250000015
2025-08-01 02:04:17 PM,572.8,20,11456.0,51126745.250000015
2025-08-01 02:04:22 PM,572.8,2,1145.6,51127890.85000002
2025-08-01 02:04:32 PM,572.8,10,5728.0,51133618.85000002
2025-08-01 02:04:52 PM,571.9,0,0.0,51133618.85000002
2025-08-01 02:04:53 PM,571.9,3094,1769458.5999999999,52903077.45000002
2025-08-01 02:04:56 PM,572.0,0,0.0,52903077.45000002
2025-08-01 02:04:58 PM,572.0,30,17160.0,52920237.45000002
2025-08-01 02:05:07 PM,571.3,0,0.0,52920237.45000002
2025-08-01 02:05:08 PM,571.9,150,85785.0,53006022.45000002
2025-08-01 02:05:12 PM,571.2,0,0.0,53006022.45000002
2025-08-01 02:05:13 PM,571.2,231,131947.2,53137969.65000002
2025-08-01 02:05:36 PM,571.25,0,0.0,53137969.65000002
2025-08-01 02:05:38 PM,571.25,1,571.25,53138540.90000002
2025-08-01 02:06:00 PM,571.75,0,0.0,53138540.90000002
2025-08-01 02:06:02 PM,571.75,5,2858.75,53141399.65000002
2025-08-01 02:06:05 PM,571.85,0,0.0,53141399.65000002
2025-08-01 02:06:07 PM,571.85,53,30308.050000000003,53171707.70000002
2025-08-01 02:06:26 PM,571.95,0,0.0,53171707.70000002
2025-08-01 02:06:28 PM,571.95,144,82360.8,53254068.500000015
2025-08-01 02:06:33 PM,572.0,0,0.0,53254068.500000015
2025-08-01 02:06:35 PM,571.55,0,0.0,53254068.500000015
2025-08-01 02:06:38 PM,571.55,52,29720.6,53283789.10000002
2025-08-01 02:06:39 PM,571.95,0,0.0,53283789.10000002
2025-08-01 02:06:43 PM,571.95,5,2859.75,53286648.85000002
2025-08-01 02:06:49 PM,571.85,2,1143.7,53287792.55000002
2025-08-01 02:06:49 PM,571.85,1,571.85,53288364.40000002
2025-08-01 02:07:07 PM,572.0,0,0.0,53288364.40000002
2025-08-01 02:07:10 PM,572.0,8,4576.0,53292940.40000002
2025-08-01 02:07:35 PM,572.0,10,5720.0,53298660.40000002
2025-08-01 02:07:40 PM,571.5,0,0.0,53298660.40000002
2025-08-01 02:07:40 PM,571.5,150,85725.0,53384385.40000002
2025-08-01 02:07:58 PM,571.2,0,0.0,53384385.40000002
2025-08-01 02:08:01 PM,571.2,651,371851.2,53756236.600000024
2025-08-01 02:08:08 PM,571.4,0,0.0,53756236.600000024
2025-08-01 02:08:10 PM,571.25,0,0.0,53756236.600000024
2025-08-01 02:08:11 PM,571.25,68,38845.0,53795081.600000024
2025-08-01 02:08:16 PM,571.2,1,571.2,53795652.80000003
2025-08-01 02:08:26 PM,571.2,15,8568.0,53804220.80000003
2025-08-01 02:08:43 PM,571.3,0,0.0,53804220.80000003
2025-08-01 02:08:47 PM,571.3,13,7426.9,53811647.700000025
2025-08-01 02:09:20 PM,571.5,0,0.0,53811647.700000025
2025-08-01 02:09:23 PM,571.5,61,34861.5,53846509.200000025
2025-08-01 02:09:26 PM,571.65,0,0.0,53846509.200000025
2025-08-01 02:09:28 PM,571.65,1,571.65,53847080.850000024
2025-08-01 02:09:30 PM,571.75,0,0.0,53847080.850000024
2025-08-01 02:09:32 PM,571.75,50,28587.5,53875668.350000024
2025-08-01 02:09:52 PM,571.75,1,571.75,53876240.100000024
2025-08-01 02:10:17 PM,571.75,100,57175.0,53933415.100000024
2025-08-01 02:10:40 PM,571.8,0,0.0,53933415.100000024
2025-08-01 02:10:42 PM,571.8,4,2287.2,53935702.30000003
2025-08-01 02:10:58 PM,571.8,20,11436.0,53947138.30000003
2025-08-01 02:11:03 PM,571.8,25,14294.999999999998,53961433.30000003
2025-08-01 02:11:09 PM,571.85,0,0.0,53961433.30000003
2025-08-01 02:11:09 PM,571.85,9,5146.650000000001,53966579.950000025
2025-08-01 02:11:45 PM,571.55,0,0.0,53966579.950000025
2025-08-01 02:11:45 PM,571.55,17,9716.349999999999,53976296.30000003
2025-08-01 02:11:50 PM,571.5,31,17716.5,53994012.80000003
2025-08-01 02:12:06 PM,571.5,2,1143.0,53995155.80000003
2025-08-01 02:12:11 PM,571.5,5,2857.5,53998013.30000003
2025-08-01 02:12:16 PM,571.5,1,571.5,53998584.80000003
2025-08-01 02:12:17 PM,571.5,3,1714.5,54000299.30000003
2025-08-01 02:12:26 PM,571.5,1,571.5,54000870.80000003
2025-08-01 02:12:41 PM,571.5,2,1143.0,54002013.80000003
2025-08-01 02:13:24 PM,571.45,0,0.0,54002013.80000003
2025-08-01 02:13:24 PM,571.45,1,571.45,54002585.25000003
2025-08-01 02:13:33 PM,571.0,79,45109.0,54047694.25000003
2025-08-01 02:13:34 PM,571.45,0,0.0,54047694.25000003
2025-08-01 02:13:35 PM,571.45,50,28572.500000000004,54076266.75000003
2025-08-01 02:13:48 PM,571.4,0,0.0,54076266.75000003
2025-08-01 02:13:48 PM,571.4,4,2285.6,54078552.35000003
2025-08-01 02:14:04 PM,571.4,10,5714.0,54084266.35000003
2025-08-01 02:14:34 PM,571.5,0,0.0,54084266.35000003
2025-08-01 02:14:36 PM,571.5,38,21717.0,54105983.35000003
2025-08-01 02:14:40 PM,571.8,0,0.0,54105983.35000003
2025-08-01 02:14:41 PM,571.8,3,1715.3999999999999,54107698.75000003
2025-08-01 02:14:46 PM,571.5,0,0.0,54107698.75000003
2025-08-01 02:14:46 PM,571.5,1,571.5,54108270.25000003
2025-08-01 02:15:01 PM,571.5,5,2857.5,54111127.75000003
2025-08-01 02:15:17 PM,571.85,1,571.85,54111699.60000003
2025-08-01 02:15:22 PM,571.15,0,0.0,54111699.60000003
2025-08-01 02:15:22 PM,571.15,986,563153.9,54674853.50000003
2025-08-01 02:15:30 PM,571.15,1,571.15,54675424.65000003
2025-08-01 02:15:44 PM,571.1,0,0.0,54675424.65000003
2025-08-01 02:15:46 PM,571.1,10,5711.0,54681135.65000003
2025-08-01 02:16:31 PM,571.45,50,28572.500000000004,54709708.15000003
2025-08-01 02:16:36 PM,571.1,0,0.0,54709708.15000003
2025-08-01 02:16:36 PM,571.1,1,571.1,54710279.25000003
2025-08-01 02:16:38 PM,571.65,0,0.0,54710279.25000003
2025-08-01 02:16:38 PM,571.65,148,84604.2,54794883.45000003
2025-08-01 02:17:02 PM,571.55,1,571.55,54795455.00000003
2025-08-01 02:17:13 PM,571.0,80,45680.0,54841135.00000003
2025-08-01 02:17:17 PM,571.0,36,20556.0,54861691.00000003
2025-08-01 02:17:30 PM,571.2,0,0.0,54861691.00000003
2025-08-01 02:17:32 PM,571.2,100,57120.00000000001,54918811.00000003
2025-08-01 02:18:22 PM,571.55,0,0.0,54918811.00000003
2025-08-01 02:18:23 PM,571.55,7,4000.8499999999995,54922811.85000003
2025-08-01 02:18:38 PM,571.3,0,0.0,54922811.85000003
2025-08-01 02:18:39 PM,571.3,125,71412.5,54994224.35000003
2025-08-01 02:18:46 PM,570.9,0,0.0,54994224.35000003
2025-08-01 02:18:49 PM,570.9,155,88489.5,55082713.85000003
2025-08-01 02:19:14 PM,571.05,0,0.0,55082713.85000003
2025-08-01 02:19:14 PM,571.05,8,4568.4,55087282.25000003
2025-08-01 02:19:27 PM,571.45,0,0.0,55087282.25000003
2025-08-01 02:19:30 PM,571.45,5,2857.25,55090139.50000003
2025-08-01 02:19:38 PM,571.5,0,0.0,55090139.50000003
2025-08-01 02:19:41 PM,571.5,20,11430.0,55101569.50000003
2025-08-01 02:19:52 PM,571.0,0,0.0,55101569.50000003
2025-08-01 02:19:52 PM,571.0,119,67949.0,55169518.50000003
2025-08-01 02:20:04 PM,570.85,0,0.0,55169518.50000003
2025-08-01 02:20:07 PM,570.85,181,103323.85,55272842.35000003
2025-08-01 02:21:22 PM,570.9,0,0.0,55272842.35000003
2025-08-01 02:21:23 PM,570.9,2,1141.8,55273984.15000003
2025-08-01 02:21:41 PM,571.25,0,0.0,55273984.15000003
2025-08-01 02:21:44 PM,571.25,1,571.25,55274555.40000003
2025-08-01 02:22:06 PM,570.9,55,31399.5,55305954.90000003
2025-08-01 02:22:21 PM,571.45,0,0.0,55305954.90000003
2025-08-01 02:22:22 PM,571.45,1002,572592.9,55878547.80000003
2025-08-01 02:22:49 PM,571.45,2,1142.9,55879690.700000025
2025-08-01 02:23:27 PM,571.45,2,1142.9,55880833.600000024
2025-08-01 02:23:32 PM,571.45,10,5714.5,55886548.100000024
2025-08-01 02:23:42 PM,570.85,0,0.0,55886548.100000024
2025-08-01 02:23:42 PM,570.85,325,185526.25,56072074.350000024
2025-08-01 02:23:53 PM,571.4,25,14285.0,56086359.350000024
2025-08-01 02:23:58 PM,571.4,4,2285.6,56088644.950000025
2025-08-01 02:24:03 PM,570.5,3191,1820465.5,57909110.450000025
2025-08-01 02:24:14 PM,570.5,20,11410.0,57920520.450000025
2025-08-01 02:24:35 PM,570.5,1,570.5,57921090.950000025
2025-08-01 02:24:44 PM,570.3,0,0.0,57921090.950000025
2025-08-01 02:24:45 PM,570.3,9,5132.7,57926223.65000003
2025-08-01 02:25:06 PM,570.2,0,0.0,57926223.65000003
2025-08-01 02:25:07 PM,570.2,276,157375.2,58083598.85000003
2025-08-01 02:25:12 PM,570.1,0,0.0,58083598.85000003
2025-08-01 02:25:12 PM,570.1,1,570.1,58084168.95000003
2025-08-01 02:25:44 PM,570.0,0,0.0,58084168.95000003
2025-08-01 02:25:45 PM,570.0,40,22800.0,58106968.95000003
2025-08-01 02:25:48 PM,570.45,0,0.0,58106968.95000003
2025-08-01 02:25:50 PM,570.0,101,57570.0,58164538.95000003
2025-08-01 02:26:16 PM,570.0,20,11400.0,58175938.95000003
2025-08-01 02:26:41 PM,570.05,0,0.0,58175938.95000003
2025-08-01 02:26:42 PM,570.05,3,1710.1499999999999,58177649.10000003
2025-08-01 02:26:50 PM,570.4,0,0.0,58177649.10000003
2025-08-01 02:26:52 PM,570.4,4,2281.6,58179930.70000003
2025-08-01 02:27:26 PM,570.4,20,11408.0,58191338.70000003
2025-08-01 02:28:10 PM,570.0,0,0.0,58191338.70000003
2025-08-01 02:28:14 PM,570.0,41,23370.0,58214708.70000003
2025-08-01 02:28:19 PM,570.25,0,0.0,58214708.70000003
2025-08-01 02:28:20 PM,570.25,4,2281.0,58216989.70000003
2025-08-01 02:28:30 PM,570.25,1,570.25,58217559.95000003
2025-08-01 02:28:34 PM,570.0,0,0.0,58217559.95000003
2025-08-01 02:28:36 PM,570.0,6,3420.0,58220979.95000003
2025-08-01 02:28:49 PM,570.3,0,0.0,58220979.95000003
2025-08-01 02:28:52 PM,570.3,15,8554.5,58229534.45000003
2025-08-01 02:29:04 PM,570.3,60,34218.0,58263752.45000003
2025-08-01 02:29:06 PM,570.0,0,0.0,58263752.45000003
2025-08-01 02:29:10 PM,570.0,25,14250.0,58278002.45000003
2025-08-01 02:29:16 PM,570.0,50,28500.0,58306502.45000003
2025-08-01 02:29:32 PM,570.0,30,17100.0,58323602.45000003
2025-08-01 02:29:33 PM,570.3,2,1140.6,58324743.050000034
2025-08-01 02:29:48 PM,570.3,20,11406.0,58336149.050000034
2025-08-01 02:30:00 PM,570.3,10,5703.0,58341852.050000034
2025-08-01 02:30:06 PM,570.0,1,570.0,58342422.050000034
2025-08-01 02:30:12 PM,570.3,5,2851.5,58345273.550000034
2025-08-01 02:30:49 PM,570.3,5,2851.5,58348125.050000034
2025-08-01 02:30:59 PM,570.3,5,2851.5,58350976.550000034
2025-08-01 02:31:10 PM,570.3,8,4562.4,58355538.95000003
2025-08-01 02:31:16 PM,570.3,16,9124.8,58364663.75000003
2025-08-01 02:31:27 PM,570.0,8,4560.0,58369223.75000003
2025-08-01 02:32:21 PM,570.0,50,28500.0,58397723.75000003
2025-08-01 02:32:23 PM,570.2,0,0.0,58397723.75000003
2025-08-01 02:32:26 PM,570.2,14,7982.800000000001,58405706.55000003
2025-08-01 02:32:29 PM,570.4,0,0.0,58405706.55000003
2025-08-01 02:32:31 PM,570.4,2,1140.8,58406847.350000024
2025-08-01 02:32:36 PM,570.35,1,570.35,58407417.700000025
2025-08-01 02:32:47 PM,570.35,1,570.35,58407988.05000003
2025-08-01 02:33:07 PM,570.4,51,29090.399999999998,58437078.450000025
2025-08-01 02:33:37 PM,570.1,0,0.0,58437078.450000025
2025-08-01 02:33:37 PM,570.1,4,2280.4,58439358.850000024
2025-08-01 02:33:54 PM,570.4,1,570.4,58439929.25000002
2025-08-01 02:34:21 PM,570.45,25,14261.250000000002,58454190.50000002
2025-08-01 02:34:40 PM,570.5,0,0.0,58454190.50000002
2025-08-01 02:34:41 PM,570.5,11,6275.5,58460466.00000002
2025-08-01 02:34:43 PM,570.5,4,2282.0,58462748.00000002
2025-08-01 02:34:56 PM,570.5,10,5705.0,58468453.00000002
2025-08-01 02:35:07 PM,570.65,0,0.0,58468453.00000002
2025-08-01 02:35:08 PM,570.65,60,34239.0,58502692.00000002
2025-08-01 02:35:21 PM,570.8,0,0.0,58502692.00000002
2025-08-01 02:35:21 PM,570.8,20,11416.0,58514108.00000002
2025-08-01 02:35:26 PM,570.4,0,0.0,58514108.00000002
2025-08-01 02:35:26 PM,570.4,22,12548.8,58526656.80000002
2025-08-01 02:36:05 PM,570.0,467,266190.0,58792846.80000002
2025-08-01 02:36:13 PM,569.1,0,0.0,58792846.80000002
2025-08-01 02:36:16 PM,569.1,29,16503.9,58809350.70000002
2025-08-01 02:36:23 PM,569.25,163,92787.75,58902138.45000002
2025-08-01 02:36:34 PM,569.45,1,569.45,58902707.90000002
2025-08-01 02:36:36 PM,569.05,0,0.0,58902707.90000002
2025-08-01 02:36:37 PM,569.05,102,58043.1,58960751.00000002
2025-08-01 02:36:42 PM,569.0,0,0.0,58960751.00000002
2025-08-01 02:36:42 PM,569.0,50,28450.0,58989201.00000002
2025-08-01 02:36:45 PM,569.0,10,5690.0,58994891.00000002
2025-08-01 02:36:48 PM,569.0,17,9673.0,59004564.00000002
2025-08-01 02:37:04 PM,569.0,200,113800.0,59118364.00000002
2025-08-01 02:37:12 PM,568.8,0,0.0,59118364.00000002
2025-08-01 02:37:12 PM,568.8,33,18770.399999999998,59137134.40000002
2025-08-01 02:37:15 PM,569.35,0,0.0,59137134.40000002
2025-08-01 02:37:15 PM,569.35,82,46686.700000000004,59183821.100000024
2025-08-01 02:37:41 PM,569.3,25,14232.499999999998,59198053.600000024
2025-08-01 02:38:09 PM,569.3,1,569.3,59198622.90000002
2025-08-01 02:38:13 PM,569.25,0,0.0,59198622.90000002
2025-08-01 02:38:15 PM,569.25,1,569.25,59199192.15000002
2025-08-01 02:38:26 PM,569.2,1,569.2,59199761.350000024
2025-08-01 02:38:27 PM,569.2,72,40982.4,59240743.75000002
2025-08-01 02:38:31 PM,568.5,0,0.0,59240743.75000002
2025-08-01 02:38:32 PM,568.5,60,34110.0,59274853.75000002
2025-08-01 02:38:37 PM,568.5,4,2274.0,59277127.75000002
2025-08-01 02:38:47 PM,568.8,0,0.0,59277127.75000002
2025-08-01 02:38:49 PM,568.8,10,5688.0,59282815.75000002
2025-08-01 02:39:00 PM,568.85,8,4550.8,59287366.55000002
2025-08-01 02:39:04 PM,569.2,0,0.0,59287366.55000002
2025-08-01 02:39:06 PM,569.2,570,324444.0,59611810.55000002
2025-08-01 02:39:10 PM,569.65,0,0.0,59611810.55000002
2025-08-01 02:39:13 PM,569.65,3,1708.9499999999998,59613519.50000002
2025-08-01 02:39:30 PM,569.25,7,3984.75,59617504.25000002
2025-08-01 02:40:12 PM,569.8,0,0.0,59617504.25000002
2025-08-01 02:40:14 PM,569.8,25,14244.999999999998,59631749.25000002
2025-08-01 02:40:30 PM,569.8,1,569.8,59632319.05000002
2025-08-01 02:40:36 PM,569.8,21,11965.8,59644284.85000002
2025-08-01 02:40:46 PM,569.75,0,0.0,59644284.85000002
2025-08-01 02:40:47 PM,569.75,7,3988.25,59648273.10000002
2025-08-01 02:40:59 PM,569.75,1,569.75,59648842.85000002
2025-08-01 02:41:14 PM,569.5,0,0.0,59648842.85000002
2025-08-01 02:41:15 PM,569.5,10,5695.0,59654537.85000002
2025-08-01 02:41:53 PM,569.55,0,0.0,59654537.85000002
2025-08-01 02:41:57 PM,569.55,10,5695.5,59660233.35000002
2025-08-01 02:42:23 PM,569.75,0,0.0,59660233.35000002
2025-08-01 02:42:24 PM,569.75,15,8546.25,59668779.60000002
2025-08-01 02:42:30 PM,569.75,1,569.75,59669349.35000002
2025-08-01 02:42:39 PM,569.75,40,22790.0,59692139.35000002
2025-08-01 02:42:50 PM,569.75,20,11395.0,59703534.35000002
2025-08-01 02:43:06 PM,569.75,17,9685.75,59713220.10000002
2025-08-01 02:43:28 PM,569.85,1,569.85,59713789.95000002
2025-08-01 02:43:38 PM,569.95,0,0.0,59713789.95000002
2025-08-01 02:43:39 PM,569.95,6,3419.7000000000003,59717209.65000002
2025-08-01 02:43:57 PM,569.75,0,0.0,59717209.65000002
2025-08-01 02:43:58 PM,569.85,0,0.0,59717209.65000002
2025-08-01 02:44:01 PM,569.85,25,14246.25,59731455.90000002
2025-08-01 02:44:07 PM,569.9,2,1139.8,59732595.70000002
2025-08-01 02:44:10 PM,569.95,0,0.0,59732595.70000002
2025-08-01 02:44:12 PM,569.95,10,5699.5,59738295.20000002
2025-08-01 02:44:18 PM,569.95,2,1139.9,59739435.10000002
2025-08-01 02:44:18 PM,569.85,2,1139.7,59740574.80000002
2025-08-01 02:44:23 PM,569.85,2,1139.7,59741714.50000002
2025-08-01 02:44:29 PM,569.85,1,569.85,59742284.350000024
2025-08-01 02:44:34 PM,569.75,0,0.0,59742284.350000024
2025-08-01 02:44:34 PM,569.75,100,56975.0,59799259.350000024
2025-08-01 02:44:40 PM,569.95,50,28497.500000000004,59827756.850000024
2025-08-01 02:45:01 PM,569.85,0,0.0,59827756.850000024
2025-08-01 02:45:03 PM,569.85,9,5128.650000000001,59832885.50000002
2025-08-01 02:45:25 PM,569.75,0,0.0,59832885.50000002
2025-08-01 02:45:25 PM,569.75,6,3418.5,59836304.00000002
2025-08-01 02:45:28 PM,569.85,0,0.0,59836304.00000002
2025-08-01 02:45:31 PM,569.85,21,11966.85,59848270.850000024
2025-08-01 02:45:47 PM,569.85,5,2849.25,59851120.100000024
2025-08-01 02:46:03 PM,569.85,2,1139.7,59852259.80000003
2025-08-01 02:46:16 PM,569.85,1,569.85,59852829.65000003
2025-08-01 02:46:21 PM,569.75,26,14813.5,59867643.15000003
2025-08-01 02:46:27 PM,569.95,0,0.0,59867643.15000003
2025-08-01 02:46:27 PM,569.95,50,28497.500000000004,59896140.65000003
2025-08-01 02:46:42 PM,569.75,0,0.0,59896140.65000003
2025-08-01 02:46:43 PM,569.75,20,11395.0,59907535.65000003
2025-08-01 02:46:48 PM,569.85,0,0.0,59907535.65000003
2025-08-01 02:46:48 PM,569.85,5,2849.25,59910384.90000003
2025-08-01 02:46:54 PM,569.75,0,0.0,59910384.90000003
2025-08-01 02:46:54 PM,569.75,9,5127.75,59915512.65000003
2025-08-01 02:47:15 PM,569.9,0,0.0,59915512.65000003
2025-08-01 02:47:17 PM,569.9,97,55280.299999999996,59970792.950000025
2025-08-01 02:47:23 PM,570.0,79,45030.0,60015822.950000025
2025-08-01 02:47:39 PM,569.85,7,3988.9500000000003,60019811.90000003
2025-08-01 02:47:57 PM,569.85,400,227940.0,60247751.90000003
2025-08-01 02:48:31 PM,570.25,50,28512.5,60276264.40000003
2025-08-01 02:48:53 PM,570.25,28,15967.0,60292231.40000003
2025-08-01 02:49:04 PM,570.25,3,1710.75,60293942.15000003
2025-08-01 02:49:11 PM,570.25,100,57025.0,60350967.15000003
2025-08-01 02:49:32 PM,570.25,4,2281.0,60353248.15000003
2025-08-01 02:49:38 PM,570.25,5,2851.25,60356099.40000003
2025-08-01 02:50:05 PM,570.25,3,1710.75,60357810.15000003
2025-08-01 02:50:11 PM,570.25,1,570.25,60358380.40000003
2025-08-01 02:50:33 PM,570.25,5,2851.25,60361231.65000003
2025-08-01 02:50:38 PM,570.25,105,59876.25,60421107.90000003
2025-08-01 02:50:43 PM,570.25,4,2281.0,60423388.90000003
2025-08-01 02:51:11 PM,570.05,40,22802.0,60446190.90000003
2025-08-01 02:51:38 PM,570.0,5,2850.0,60449040.90000003
2025-08-01 02:51:46 PM,569.75,0,0.0,60449040.90000003
2025-08-01 02:51:48 PM,569.75,238,135600.5,60584641.40000003
2025-08-01 02:52:01 PM,570.15,0,0.0,60584641.40000003
2025-08-01 02:52:04 PM,570.15,508,289636.2,60874277.60000003
2025-08-01 02:52:26 PM,569.65,1,569.65,60874847.25000003
2025-08-01 02:52:31 PM,569.5,0,0.0,60874847.25000003
2025-08-01 02:52:31 PM,569.5,5,2847.5,60877694.75000003
2025-08-01 02:52:37 PM,569.5,7,3986.5,60881681.25000003
2025-08-01 02:53:15 PM,569.4,0,0.0,60881681.25000003
2025-08-01 02:53:16 PM,569.4,3,1708.1999999999998,60883389.45000003
2025-08-01 02:53:30 PM,569.5,50,28475.0,60911864.45000003
2025-08-01 02:54:01 PM,569.45,5,2847.25,60914711.70000003
2025-08-01 02:54:15 PM,569.0,19,10811.0,60925522.70000003
2025-08-01 02:54:17 PM,569.2,0,0.0,60925522.70000003
2025-08-01 02:54:18 PM,569.2,40,22768.0,60948290.70000003
2025-08-01 02:54:32 PM,568.6,0,0.0,60948290.70000003
2025-08-01 02:54:33 PM,568.6,97,55154.200000000004,61003444.900000036
2025-08-01 02:54:54 PM,568.4,0,0.0,61003444.900000036
2025-08-01 02:54:55 PM,568.4,5,2842.0,61006286.900000036
2025-08-01 02:55:03 PM,568.4,1,568.4,61006855.300000034
2025-08-01 02:55:07 PM,568.4,3,1705.1999999999998,61008560.50000004
2025-08-01 02:55:29 PM,568.1,0,0.0,61008560.50000004
2025-08-01 02:55:29 PM,568.1,30,17043.0,61025603.50000004
2025-08-01 02:56:10 PM,568.15,0,0.0,61025603.50000004
2025-08-01 02:56:14 PM,568.15,1,568.15,61026171.650000036
2025-08-01 02:56:54 PM,568.5,0,0.0,61026171.650000036
2025-08-01 02:56:57 PM,568.5,7,3979.5,61030151.150000036
2025-08-01 02:56:58 PM,568.5,1,568.5,61030719.650000036
2025-08-01 02:57:03 PM,568.5,13,7390.5,61038110.150000036
2025-08-01 02:57:09 PM,568.45,162,92088.90000000001,61130199.050000034
2025-08-01 02:57:36 PM,568.45,2,1136.9,61131335.95000003
2025-08-01 02:57:37 PM,568.0,345,195960.0,61327295.95000003
2025-08-01 02:57:59 PM,568.0,20,11360.0,61338655.95000003
2025-08-01 02:58:09 PM,568.0,8,4544.0,61343199.95000003
2025-08-01 02:58:10 PM,568.0,8,4544.0,61347743.95000003
2025-08-01 02:58:27 PM,568.0,1,568.0,61348311.95000003
2025-08-01 02:58:55 PM,568.45,65,36949.25,61385261.20000003
2025-08-01 02:59:02 PM,568.45,15,8526.75,61393787.95000003
2025-08-01 02:59:16 PM,568.0,0,0.0,61393787.95000003
2025-08-01 02:59:18 PM,568.0,10,5680.0,61399467.95000003
2025-08-01 02:59:36 PM,568.45,0,0.0,61399467.95000003
2025-08-01 02:59:36 PM,568.45,2,1136.9,61400604.85000003
2025-08-01 03:00:02 PM,568.5,50,28425.0,61429029.85000003
2025-08-01 03:00:17 PM,568.95,5,2844.75,61431874.60000003
2025-08-01 03:00:29 PM,569.0,1,569.0,61432443.60000003
2025-08-01 03:00:32 PM,569.2,0,0.0,61432443.60000003
2025-08-01 03:00:33 PM,569.2,400,227680.00000000003,61660123.60000003
2025-08-01 03:00:38 PM,568.8,5,2844.0,61662967.60000003
2025-08-01 03:00:44 PM,568.7,0,0.0,61662967.60000003
2025-08-01 03:00:44 PM,568.7,10,5687.0,61668654.60000003
2025-08-01 03:00:50 PM,568.7,2,1137.4,61669792.00000003
2025-08-01 03:00:53 PM,568.75,15,8531.25,61678323.25000003
2025-08-01 03:01:02 PM,568.85,8,4550.8,61682874.05000003
2025-08-01 03:01:15 PM,568.8,1,568.8,61683442.850000024
2025-08-01 03:01:21 PM,568.7,13,7393.1,61690835.950000025
2025-08-01 03:01:24 PM,568.75,10,5687.5,61696523.450000025
2025-08-01 03:01:27 PM,568.5,15,8527.5,61705050.950000025
2025-08-01 03:01:30 PM,568.5,75,42637.5,61747688.450000025
2025-08-01 03:01:33 PM,568.7,11,6255.700000000001,61753944.15000003
2025-08-01 03:01:35 PM,568.5,0,0.0,61753944.15000003
2025-08-01 03:01:36 PM,568.5,5,2842.5,61756786.65000003
2025-08-01 03:01:39 PM,568.7,9,5118.3,61761904.950000025
2025-08-01 03:01:45 PM,568.7,10,5687.0,61767591.950000025
2025-08-01 03:01:51 PM,568.7,11,6255.700000000001,61773847.65000003
2025-08-01 03:01:54 PM,568.7,1,568.7,61774416.35000003
2025-08-01 03:01:57 PM,568.75,9,5118.75,61779535.10000003
2025-08-01 03:02:00 PM,568.75,10,5687.5,61785222.60000003
2025-08-01 03:02:03 PM,568.75,9,5118.75,61790341.35000003
2025-08-01 03:02:05 PM,569.1,0,0.0,61790341.35000003
2025-08-01 03:02:07 PM,569.1,73,41544.3,61831885.65000003
2025-08-01 03:02:09 PM,569.2,11,6261.200000000001,61838146.85000003
2025-08-01 03:02:15 PM,569.2,9,5122.8,61843269.65000003
2025-08-01 03:02:21 PM,569.1,14,7967.400000000001,61851237.05000003
2025-08-01 03:02:25 PM,569.1,7,3983.7000000000003,61855220.75000003
2025-08-01 03:02:27 PM,569.1,45,25609.5,61880830.25000003
2025-08-01 03:02:33 PM,568.9,9,5120.099999999999,61885950.35000003
2025-08-01 03:02:40 PM,569.0,10,5690.0,61891640.35000003
2025-08-01 03:02:41 PM,568.7,0,0.0,61891640.35000003
2025-08-01 03:02:43 PM,568.7,301,171178.7,62062819.050000034
2025-08-01 03:02:46 PM,569.05,34,19347.699999999997,62082166.75000004
2025-08-01 03:02:47 PM,568.9,0,0.0,62082166.75000004
2025-08-01 03:02:49 PM,568.9,1,568.9,62082735.650000036
2025-08-01 03:02:52 PM,569.0,9,5121.0,62087856.650000036
2025-08-01 03:02:55 PM,568.95,10,5689.5,62093546.150000036
2025-08-01 03:02:58 PM,568.85,1,568.85,62094115.00000004
2025-08-01 03:03:01 PM,568.85,4,2275.4,62096390.400000036
2025-08-01 03:03:04 PM,568.85,10,5688.5,62102078.900000036
2025-08-01 03:03:11 PM,568.85,11,6257.35,62108336.25000004
2025-08-01 03:03:14 PM,568.85,5,2844.25,62111180.50000004
2025-08-01 03:03:17 PM,569.0,4,2276.0,62113456.50000004
2025-08-01 03:03:20 PM,569.0,10,5690.0,62119146.50000004
2025-08-01 03:03:23 PM,569.0,6,3414.0,62122560.50000004
2025-08-01 03:03:26 PM,569.1,38,21625.8,62144186.300000034
2025-08-01 03:03:29 PM,568.95,59,33568.05,62177754.35000003
2025-08-01 03:03:32 PM,569.45,11,6263.950000000001,62184018.300000034
2025-08-01 03:03:35 PM,569.15,116,66021.4,62250039.70000003
2025-08-01 03:03:41 PM,569.4,10,5694.0,62255733.70000003
2025-08-01 03:03:44 PM,569.0,49,27881.0,62283614.70000003
2025-08-01 03:03:47 PM,568.8,0,0.0,62283614.70000003
2025-08-01 03:03:47 PM,568.8,70,39816.0,62323430.70000003
2025-08-01 03:03:50 PM,569.3,2,1138.6,62324569.300000034
2025-08-01 03:03:53 PM,568.55,0,0.0,62324569.300000034
2025-08-01 03:03:53 PM,568.55,58,32975.899999999994,62357545.20000003
2025-08-01 03:03:56 PM,569.05,1,569.05,62358114.25000003
2025-08-01 03:03:59 PM,569.05,10,5690.5,62363804.75000003
2025-08-01 03:04:02 PM,569.05,12,6828.599999999999,62370633.35000003
2025-08-01 03:04:08 PM,569.05,22,12519.099999999999,62383152.45000003
2025-08-01 03:04:12 PM,568.5,127,72199.5,62455351.95000003
2025-08-01 03:04:15 PM,569.0,21,11949.0,62467300.95000003
2025-08-01 03:04:19 PM,569.05,0,0.0,62467300.95000003
2025-08-01 03:04:21 PM,568.55,41,23310.55,62490611.50000003
2025-08-01 03:04:25 PM,568.7,0,0.0,62490611.50000003
2025-08-01 03:04:27 PM,568.95,9,5120.55,62495732.05000003
2025-08-01 03:04:33 PM,568.9,10,5689.0,62501421.05000003
2025-08-01 03:04:39 PM,569.05,0,0.0,62501421.05000003
2025-08-01 03:04:39 PM,569.05,10,5690.5,62507111.55000003
2025-08-01 03:04:42 PM,568.9,11,6257.9,62513369.450000025
2025-08-01 03:04:48 PM,568.85,11,6257.35,62519626.80000003
2025-08-01 03:04:50 PM,568.5,0,0.0,62519626.80000003
2025-08-01 03:04:51 PM,568.5,83,47185.5,62566812.30000003
2025-08-01 03:04:54 PM,568.05,56,31810.799999999996,62598623.100000024
2025-08-01 03:04:56 PM,568.0,0,0.0,62598623.100000024
2025-08-01 03:04:57 PM,567.95,235,133468.25,62732091.350000024
2025-08-01 03:05:00 PM,567.85,4,2271.4,62734362.75000002
2025-08-01 03:05:02 PM,567.7,0,0.0,62734362.75000002
2025-08-01 03:05:04 PM,567.7,18,10218.6,62744581.350000024
2025-08-01 03:05:06 PM,567.65,1,567.65,62745149.00000002
2025-08-01 03:05:08 PM,567.55,0,0.0,62745149.00000002
2025-08-01 03:05:10 PM,567.55,9,5107.95,62750256.950000025
2025-08-01 03:05:11 PM,567.1,0,0.0,62750256.950000025
2025-08-01 03:05:13 PM,567.0,238,134946.0,62885202.950000025
2025-08-01 03:05:15 PM,566.75,0,0.0,62885202.950000025
2025-08-01 03:05:17 PM,566.75,167,94647.25,62979850.200000025
2025-08-01 03:05:18 PM,566.25,0,0.0,62979850.200000025
2025-08-01 03:05:20 PM,566.1,163,92274.3,63072124.50000002
2025-08-01 03:05:22 PM,566.05,0,0.0,63072124.50000002
2025-08-01 03:05:23 PM,566.05,60,33963.0,63106087.50000002
2025-08-01 03:05:25 PM,565.05,0,0.0,63106087.50000002
2025-08-01 03:05:26 PM,565.1,456,257685.6,63363773.100000024
2025-08-01 03:05:29 PM,565.55,33,18663.149999999998,63382436.25000002
2025-08-01 03:05:32 PM,566.55,0,0.0,63382436.25000002
2025-08-01 03:05:32 PM,567.1,282,159922.2,63542358.450000025
2025-08-01 03:05:35 PM,566.8,0,0.0,63542358.450000025
2025-08-01 03:05:36 PM,566.8,147,83319.59999999999,63625678.05000003
2025-08-01 03:05:38 PM,566.7,0,0.0,63625678.05000003
2025-08-01 03:05:38 PM,566.7,10,5667.0,63631345.05000003
2025-08-01 03:05:41 PM,565.9,0,0.0,63631345.05000003
2025-08-01 03:05:42 PM,565.9,262,148265.8,63779610.850000024
2025-08-01 03:05:45 PM,565.8,73,41303.399999999994,63820914.25000002
2025-08-01 03:05:51 PM,566.45,11,6230.950000000001,63827145.200000025
2025-08-01 03:05:55 PM,567.0,0,0.0,63827145.200000025
2025-08-01 03:05:57 PM,567.4,220,124828.0,63951973.200000025
2025-08-01 03:05:59 PM,567.55,0,0.0,63951973.200000025
2025-08-01 03:06:00 PM,567.25,3,1701.75,63953674.950000025
2025-08-01 03:06:02 PM,567.5,0,0.0,63953674.950000025
2025-08-01 03:06:03 PM,567.5,9,5107.5,63958782.450000025
2025-08-01 03:06:08 PM,567.65,0,0.0,63958782.450000025
2025-08-01 03:06:10 PM,567.65,11,6244.15,63965026.600000024
2025-08-01 03:06:13 PM,567.65,18,10217.699999999999,63975244.30000003
2025-08-01 03:06:15 PM,567.55,0,0.0,63975244.30000003
2025-08-01 03:06:16 PM,567.55,16,9080.8,63984325.100000024
2025-08-01 03:06:19 PM,567.45,2,1134.9,63985460.00000002
2025-08-01 03:06:20 PM,567.5,0,0.0,63985460.00000002
2025-08-01 03:06:22 PM,567.5,13,7377.5,63992837.50000002
2025-08-01 03:06:25 PM,567.45,1,567.45,63993404.950000025
2025-08-01 03:06:27 PM,567.5,0,0.0,63993404.950000025
2025-08-01 03:06:28 PM,567.4,10,5674.0,63999078.950000025
2025-08-01 03:06:31 PM,567.45,3,1702.3500000000001,64000781.30000003
2025-08-01 03:06:34 PM,567.5,8,4540.0,64005321.30000003
2025-08-01 03:06:37 PM,567.45,1,567.45,64005888.75000003
2025-08-01 03:06:40 PM,566.8,47,26639.6,64032528.35000003
2025-08-01 03:06:43 PM,567.45,0,0.0,64032528.35000003
2025-08-01 03:06:44 PM,567.5,19,10782.5,64043310.85000003
2025-08-01 03:06:50 PM,567.45,0,0.0,64043310.85000003
2025-08-01 03:06:50 PM,567.45,10,5674.5,64048985.35000003
2025-08-01 03:06:53 PM,567.4,10,5674.0,64054659.35000003
2025-08-01 03:06:56 PM,567.5,10,5675.0,64060334.35000003
2025-08-01 03:07:02 PM,566.8,0,0.0,64060334.35000003
2025-08-01 03:07:02 PM,566.8,79,44777.2,64105111.550000034
2025-08-01 03:07:09 PM,567.3,10,5673.0,64110784.550000034
2025-08-01 03:07:11 PM,567.5,0,0.0,64110784.550000034
2025-08-01 03:07:12 PM,567.5,213,120877.5,64231662.050000034
2025-08-01 03:07:15 PM,567.5,10,5675.0,64237337.050000034
2025-08-01 03:07:18 PM,567.95,323,183447.85,64420784.900000036
2025-08-01 03:07:21 PM,568.4,9,5115.599999999999,64425900.50000004
2025-08-01 03:07:23 PM,568.25,0,0.0,64425900.50000004
2025-08-01 03:07:24 PM,568.45,31,17621.95,64443522.45000004
2025-08-01 03:07:25 PM,568.25,0,0.0,64443522.45000004
2025-08-01 03:07:27 PM,568.4,11,6252.4,64449774.85000004
2025-08-01 03:07:33 PM,568.4,96,54566.399999999994,64504341.25000004
2025-08-01 03:07:36 PM,568.5,0,0.0,64504341.25000004
2025-08-01 03:07:36 PM,568.5,25,14212.5,64518553.75000004
2025-08-01 03:07:39 PM,568.5,9,5116.5,64523670.25000004
2025-08-01 03:07:42 PM,568.5,10,5685.0,64529355.25000004
2025-08-01 03:07:46 PM,568.4,91,51724.4,64581079.650000036
2025-08-01 03:07:48 PM,568.4,90,51156.0,64632235.650000036
2025-08-01 03:07:52 PM,568.4,10,5684.0,64637919.650000036
2025-08-01 03:07:54 PM,568.4,7,3978.7999999999997,64641898.45000003
2025-08-01 03:07:57 PM,567.7,0,0.0,64641898.45000003
2025-08-01 03:07:58 PM,567.7,128,72665.6,64714564.050000034
2025-08-01 03:08:00 PM,568.05,2,1136.1,64715700.150000036
2025-08-01 03:08:04 PM,568.1,17,9657.7,64725357.85000004
2025-08-01 03:08:07 PM,568.35,2,1136.7,64726494.55000004
2025-08-01 03:08:10 PM,568.4,10,5684.0,64732178.55000004
2025-08-01 03:08:13 PM,568.1,0,0.0,64732178.55000004
2025-08-01 03:08:13 PM,568.1,16,9089.6,64741268.15000004
2025-08-01 03:08:19 PM,568.05,2,1136.1,64742404.250000045
2025-08-01 03:08:20 PM,568.1,0,0.0,64742404.250000045
2025-08-01 03:08:23 PM,568.2,17,9659.400000000001,64752063.65000004
2025-08-01 03:08:25 PM,568.1,0,0.0,64752063.65000004
2025-08-01 03:08:25 PM,568.1,1,568.1,64752631.750000045
2025-08-01 03:08:27 PM,568.2,0,0.0,64752631.750000045
2025-08-01 03:08:29 PM,568.2,29,16477.800000000003,64769109.55000004
2025-08-01 03:08:31 PM,568.2,2,1136.4,64770245.95000004
2025-08-01 03:08:34 PM,567.55,0,0.0,64770245.95000004
2025-08-01 03:08:35 PM,568.15,242,137492.3,64907738.25000004
2025-08-01 03:08:38 PM,568.3,10,5683.0,64913421.25000004
2025-08-01 03:08:44 PM,568.35,2,1136.7,64914557.95000004
2025-08-01 03:08:47 PM,568.4,0,0.0,64914557.95000004
2025-08-01 03:08:48 PM,568.35,0,0.0,64914557.95000004
2025-08-01 03:08:48 PM,568.35,9,5115.150000000001,64919673.10000004
2025-08-01 03:08:50 PM,568.4,10,5684.0,64925357.10000004
2025-08-01 03:08:56 PM,568.0,0,0.0,64925357.10000004
2025-08-01 03:08:57 PM,568.0,45,25560.0,64950917.10000004
2025-08-01 03:09:01 PM,568.3,1,568.3,64951485.400000036
2025-08-01 03:09:03 PM,568.35,0,0.0,64951485.400000036
2025-08-01 03:09:03 PM,568.35,23,13072.050000000001,64964557.45000003
2025-08-01 03:09:07 PM,568.6,219,124523.40000000001,65089080.85000003
2025-08-01 03:09:09 PM,568.9,9,5120.099999999999,65094200.95000003
2025-08-01 03:09:14 PM,568.9,9,5120.099999999999,65099321.050000034
2025-08-01 03:09:20 PM,568.9,11,6257.9,65105578.95000003
2025-08-01 03:09:22 PM,568.9,6,3413.3999999999996,65108992.35000003
2025-08-01 03:09:26 PM,568.9,10,5689.0,65114681.35000003
2025-08-01 03:09:32 PM,568.9,8,4551.2,65119232.550000034
2025-08-01 03:09:34 PM,569.0,0,0.0,65119232.550000034
2025-08-01 03:09:34 PM,569.0,1,569.0,65119801.550000034
2025-08-01 03:09:39 PM,569.05,19,10811.949999999999,65130613.50000004
2025-08-01 03:09:41 PM,569.0,12,6828.0,65137441.50000004
2025-08-01 03:09:42 PM,569.05,0,0.0,65137441.50000004
2025-08-01 03:09:46 PM,569.0,39,22191.0,65159632.50000004
2025-08-01 03:09:48 PM,568.95,445,253182.75000000003,65412815.25000004
2025-08-01 03:09:55 PM,568.15,69,39202.35,65452017.60000004
2025-08-01 03:10:02 PM,568.45,10,5684.5,65457702.10000004
2025-08-01 03:10:07 PM,568.45,12,6821.400000000001,65464523.50000004
2025-08-01 03:10:14 PM,568.45,9,5116.05,65469639.550000034
2025-08-01 03:10:18 PM,568.3,0,0.0,65469639.550000034
2025-08-01 03:10:21 PM,568.5,34,19329.0,65488968.550000034
2025-08-01 03:10:24 PM,567.75,101,57342.75,65546311.300000034
2025-08-01 03:10:28 PM,568.45,0,0.0,65546311.300000034
2025-08-01 03:10:28 PM,568.45,10,5684.5,65551995.800000034
2025-08-01 03:10:30 PM,568.25,27,15342.75,65567338.550000034
2025-08-01 03:10:33 PM,568.45,0,0.0,65567338.550000034
2025-08-01 03:10:35 PM,568.45,10,5684.5,65573023.050000034
2025-08-01 03:10:37 PM,568.0,35,19880.0,65592903.050000034
2025-08-01 03:10:41 PM,568.35,70,39784.5,65632687.550000034
2025-08-01 03:10:43 PM,568.25,10,5682.5,65638370.050000034
2025-08-01 03:10:47 PM,568.35,0,0.0,65638370.050000034
2025-08-01 03:10:48 PM,568.35,1,568.35,65638938.400000036
2025-08-01 03:10:50 PM,568.35,30,17050.5,65655988.900000036
2025-08-01 03:10:54 PM,568.15,1,568.15,65656557.050000034
2025-08-01 03:10:56 PM,568.3,9,5114.7,65661671.75000004
2025-08-01 03:11:00 PM,566.85,0,0.0,65661671.75000004
2025-08-01 03:11:00 PM,566.85,2483,1407488.55,67069160.300000034
2025-08-01 03:11:07 PM,566.8,9,5101.2,67074261.50000004
2025-08-01 03:11:09 PM,566.8,2,1133.6,67075395.10000004
2025-08-01 03:11:13 PM,567.1,116,65783.6,67141178.70000003
2025-08-01 03:11:20 PM,567.2,10,5672.0,67146850.70000003
2025-08-01 03:11:26 PM,567.2,9,5104.8,67151955.50000003
2025-08-01 03:11:32 PM,567.2,10,5672.0,67157627.50000003
2025-08-01 03:11:34 PM,567.2,8,4537.6,67162165.10000002
2025-08-01 03:11:39 PM,567.2,11,6239.200000000001,67168404.30000003
2025-08-01 03:11:41 PM,567.2,27,15314.400000000001,67183718.70000003
2025-08-01 03:11:45 PM,567.2,10,5672.0,67189390.70000003
2025-08-01 03:11:52 PM,567.2,9,5104.8,67194495.50000003
2025-08-01 03:11:55 PM,567.15,0,0.0,67194495.50000003
2025-08-01 03:11:58 PM,567.15,268,151996.19999999998,67346491.70000003
2025-08-01 03:12:00 PM,567.2,1,567.2,67347058.90000004
2025-08-01 03:12:02 PM,566.45,0,0.0,67347058.90000004
2025-08-01 03:12:05 PM,566.45,110,62309.50000000001,67409368.40000004
2025-08-01 03:12:07 PM,567.0,2,1134.0,67410502.40000004
2025-08-01 03:12:11 PM,566.1,0,0.0,67410502.40000004
2025-08-01 03:12:11 PM,566.1,576,326073.60000000003,67736576.00000003
2025-08-01 03:12:20 PM,566.1,30,16983.0,67753559.00000003
2025-08-01 03:12:22 PM,566.25,0,0.0,67753559.00000003
2025-08-01 03:12:24 PM,566.25,9,5096.25,67758655.25000003
2025-08-01 03:12:27 PM,566.25,9,5096.25,67763751.50000003
2025-08-01 03:12:33 PM,566.45,10,5664.5,67769416.00000003
2025-08-01 03:12:37 PM,566.4,2,1132.8,67770548.80000003
2025-08-01 03:12:38 PM,566.45,0,0.0,67770548.80000003
2025-08-01 03:12:40 PM,566.45,8,4531.6,67775080.40000002
2025-08-01 03:12:46 PM,566.45,10,5664.5,67780744.90000002
2025-08-01 03:12:50 PM,566.45,10,5664.5,67786409.40000002
2025-08-01 03:12:53 PM,566.0,59,33394.0,67819803.40000002
2025-08-01 03:12:56 PM,566.0,26,14716.0,67834519.40000002
2025-08-01 03:12:59 PM,566.3,152,86077.59999999999,67920597.00000001
2025-08-01 03:13:01 PM,565.45,0,0.0,67920597.00000001
2025-08-01 03:13:03 PM,566.2,81,45862.200000000004,67966459.20000002
2025-08-01 03:13:06 PM,566.2,11,6228.200000000001,67972687.40000002
2025-08-01 03:13:10 PM,566.4,0,0.0,67972687.40000002
2025-08-01 03:13:10 PM,566.4,9,5097.599999999999,67977785.00000001
2025-08-01 03:13:13 PM,566.45,2,1132.9,67978917.90000002
2025-08-01 03:13:16 PM,566.5,15,8497.5,67987415.40000002
2025-08-01 03:13:20 PM,566.1,77,43589.700000000004,68031005.10000002
2025-08-01 03:13:22 PM,565.95,204,115453.8,68146458.90000002
2025-08-01 03:13:25 PM,565.9,24,13581.599999999999,68160040.50000001
2025-08-01 03:13:28 PM,565.95,100,56595.00000000001,68216635.50000001
2025-08-01 03:13:31 PM,565.95,7,3961.6500000000005,68220597.15000002
2025-08-01 03:13:34 PM,566.0,9,5094.0,68225691.15000002
2025-08-01 03:13:37 PM,565.95,10,5659.5,68231350.65000002
2025-08-01 03:13:40 PM,565.95,17,9621.150000000001,68240971.80000003
2025-08-01 03:13:43 PM,565.7,11,6222.700000000001,68247194.50000003
2025-08-01 03:13:52 PM,565.7,10,5657.0,68252851.50000003
2025-08-01 03:13:55 PM,565.35,0,0.0,68252851.50000003
2025-08-01 03:13:55 PM,565.35,22,12437.7,68265289.20000003
2025-08-01 03:13:58 PM,565.7,10,5657.0,68270946.20000003
2025-08-01 03:14:01 PM,565.45,75,42408.75,68313354.95000003
2025-08-01 03:14:06 PM,565.6,0,0.0,68313354.95000003
2025-08-01 03:14:08 PM,565.0,69,38985.0,68352339.95000003
2025-08-01 03:14:11 PM,565.0,116,65540.0,68417879.95000003
2025-08-01 03:14:14 PM,565.6,11,6221.6,68424101.55000003
2025-08-01 03:14:17 PM,565.6,1,565.6,68424667.15000002
2025-08-01 03:14:20 PM,565.6,26,14705.6,68439372.75000001
2025-08-01 03:14:23 PM,565.0,631,356515.0,68795887.75000001
2025-08-01 03:14:26 PM,565.4,10,5654.0,68801541.75000001
2025-08-01 03:14:29 PM,564.45,15,8466.75,68810008.50000001
2025-08-01 03:14:30 PM,565.05,0,0.0,68810008.50000001
2025-08-01 03:14:32 PM,565.05,165,93233.24999999999,68903241.75000001
2025-08-01 03:14:35 PM,565.1,33,18648.3,68921890.05000001
2025-08-01 03:14:38 PM,565.25,10,5652.5,68927542.55000001
2025-08-01 03:14:41 PM,565.25,1,565.25,68928107.80000001
2025-08-01 03:14:44 PM,565.1,31,17518.100000000002,68945625.9
2025-08-01 03:14:47 PM,565.25,44,24871.0,68970496.9
2025-08-01 03:14:50 PM,565.4,10,5654.0,68976150.9
2025-08-01 03:14:57 PM,565.4,51,28835.399999999998,69004986.30000001
2025-08-01 03:14:59 PM,565.4,5,2827.0,69007813.30000001
2025-08-01 03:15:01 PM,564.95,0,0.0,69007813.30000001
2025-08-01 03:15:03 PM,565.4,47,26573.8,69034387.10000001
2025-08-01 03:15:05 PM,564.75,0,0.0,69034387.10000001
2025-08-01 03:15:06 PM,564.75,306,172813.5,69207200.60000001
2025-08-01 03:15:10 PM,565.3,82,46354.6,69253555.2
2025-08-01 03:15:13 PM,565.3,66,37309.799999999996,69290865.0
2025-08-01 03:15:18 PM,565.35,6,3392.1000000000004,69294257.1
2025-08-01 03:15:21 PM,565.4,10,5654.0,69299911.1
2025-08-01 03:15:28 PM,565.4,17,9611.8,69309522.89999999
2025-08-01 03:15:30 PM,566.0,0,0.0,69309522.89999999
2025-08-01 03:15:33 PM,565.9,935,529116.5,69838639.39999999
2025-08-01 03:15:35 PM,565.4,50,28270.0,69866909.39999999
2025-08-01 03:15:39 PM,565.15,0,0.0,69866909.39999999
2025-08-01 03:15:40 PM,565.8,218,123344.4,69990253.8
2025-08-01 03:15:43 PM,565.8,1,565.8,69990819.6
2025-08-01 03:15:50 PM,565.8,1,565.8,69991385.39999999
2025-08-01 03:15:55 PM,566.0,1,566.0,69991951.39999999
2025-08-01 03:15:58 PM,564.0,0,0.0,69991951.39999999
2025-08-01 03:16:02 PM,564.0,2707,1526748.0,71518699.39999999
2025-08-01 03:16:08 PM,564.5,0,0.0,71518699.39999999
2025-08-01 03:16:09 PM,564.5,3,1693.5,71520392.89999999
2025-08-01 03:16:13 PM,564.6,0,0.0,71520392.89999999
2025-08-01 03:16:16 PM,564.6,29,16373.400000000001,71536766.3
2025-08-01 03:16:23 PM,564.65,18,10163.699999999999,71546930.0
2025-08-01 03:16:24 PM,564.7,0,0.0,71546930.0
2025-08-01 03:16:24 PM,564.7,4,2258.8,71549188.8
2025-08-01 03:16:30 PM,564.4,1,564.4,71549753.2
2025-08-01 03:16:43 PM,564.6,60,33876.0,71583629.2
2025-08-01 03:16:54 PM,564.55,0,0.0,71583629.2
2025-08-01 03:16:57 PM,564.55,1,564.55,71584193.75
