date,price,qty,trnvr,cum_trnvr
2025-08-01 09:15:05 AM,167.82,4302,721961.64,721961.64
2025-08-01 09:15:05 AM,167.73,0,0.0,721961.64
2025-08-01 09:15:07 AM,167.78,847,142109.66,864071.3
2025-08-01 09:15:13 AM,167.57,0,0.0,864071.3
2025-08-01 09:15:16 AM,167.68,4590,769651.2000000001,1633722.5
2025-08-01 09:15:18 AM,167.55,789,132196.95,1765919.45
2025-08-01 09:15:22 AM,167.62,0,0.0,1765919.45
2025-08-01 09:15:24 AM,167.71,0,0.0,1765919.45
2025-08-01 09:15:26 AM,167.71,1029,172573.59,1938493.04
2025-08-01 09:15:28 AM,167.55,14859,2489625.45,4428118.49
2025-08-01 09:15:34 AM,168.03,0,0.0,4428118.49
2025-08-01 09:15:35 AM,168.03,17060,2866591.8,7294710.29
2025-08-01 09:15:36 AM,168.0,706,118608.0,7413318.29
2025-08-01 09:15:42 AM,168.05,0,0.0,7413318.29
2025-08-01 09:15:43 AM,168.05,908,152589.40000000002,7565907.69
2025-08-01 09:15:45 AM,168.12,43,7229.16,7573136.850000001
2025-08-01 09:15:47 AM,168.16,0,0.0,7573136.850000001
2025-08-01 09:15:50 AM,168.0,0,0.0,7573136.850000001
2025-08-01 09:15:51 AM,168.08,6502,1092856.1600000001,8665993.010000002
2025-08-01 09:15:53 AM,167.85,1329,223072.65,8889065.660000002
2025-08-01 09:15:55 AM,167.72,0,0.0,8889065.660000002
2025-08-01 09:15:58 AM,168.0,0,0.0,8889065.660000002
2025-08-01 09:15:59 AM,168.0,20701,3477768.0,12366833.660000002
2025-08-01 09:16:00 AM,167.65,0,0.0,12366833.660000002
2025-08-01 09:16:00 AM,167.65,832,139484.80000000002,12506318.460000003
2025-08-01 09:16:02 AM,167.73,200,33546.0,12539864.460000003
2025-08-01 09:16:03 AM,167.73,3,503.18999999999994,12540367.650000002
2025-08-01 09:16:03 AM,167.51,0,0.0,12540367.650000002
2025-08-01 09:16:03 AM,167.51,1149,192468.99,12732836.640000002
2025-08-01 09:16:04 AM,167.66,700,117362.0,12850198.640000002
2025-08-01 09:16:05 AM,167.66,251,42082.659999999996,12892281.300000003
2025-08-01 09:16:05 AM,167.51,0,0.0,12892281.300000003
2025-08-01 09:16:05 AM,167.51,5,837.55,12893118.850000003
2025-08-01 09:16:06 AM,167.5,11,1842.5,12894961.350000003
2025-08-01 09:16:06 AM,167.62,0,0.0,12894961.350000003
2025-08-01 09:16:07 AM,167.65,3100,519715.0,13414676.350000003
2025-08-01 09:16:08 AM,167.5,22,3685.0,13418361.350000003
2025-08-01 09:16:09 AM,167.6,2882,483023.2,13901384.550000003
2025-08-01 09:16:10 AM,167.59,2,335.18,13901719.730000002
2025-08-01 09:16:12 AM,167.65,1020,171003.0,14072722.730000002
2025-08-01 09:16:12 AM,167.5,0,0.0,14072722.730000002
2025-08-01 09:16:12 AM,167.51,65,10888.15,14083610.880000003
2025-08-01 09:16:13 AM,167.5,8,1340.0,14084950.880000003
2025-08-01 09:16:13 AM,167.73,0,0.0,14084950.880000003
2025-08-01 09:16:14 AM,167.73,25,4193.25,14089144.130000003
2025-08-01 09:16:15 AM,167.6,100,16760.0,14105904.130000003
2025-08-01 09:16:16 AM,167.76,3050,511668.0,14617572.130000003
2025-08-01 09:16:17 AM,167.6,29,4860.4,14622432.530000003
2025-08-01 09:16:18 AM,167.65,1,167.65,14622600.180000003
2025-08-01 09:16:21 AM,167.74,50,8387.0,14630987.180000003
2025-08-01 09:16:27 AM,167.89,84,14102.759999999998,14645089.940000003
2025-08-01 09:16:28 AM,167.91,563,94533.33,14739623.270000003
2025-08-01 09:16:28 AM,167.96,0,0.0,14739623.270000003
2025-08-01 09:16:29 AM,167.9,32,5372.8,14744996.070000004
2025-08-01 09:16:30 AM,167.9,1,167.9,14745163.970000004
2025-08-01 09:16:34 AM,167.98,100,16798.0,14761961.970000004
2025-08-01 09:16:34 AM,168.0,0,0.0,14761961.970000004
2025-08-01 09:16:35 AM,167.91,4,671.64,14762633.610000005
2025-08-01 09:16:35 AM,167.9,0,0.0,14762633.610000005
2025-08-01 09:16:36 AM,167.9,500,83950.0,14846583.610000005
2025-08-01 09:16:37 AM,167.9,62,10409.800000000001,14856993.410000006
2025-08-01 09:16:37 AM,167.9,38,6380.2,14863373.610000005
2025-08-01 09:16:38 AM,167.88,1,167.88,14863541.490000006
2025-08-01 09:16:39 AM,167.88,1,167.88,14863709.370000007
2025-08-01 09:16:39 AM,167.9,0,0.0,14863709.370000007
2025-08-01 09:16:40 AM,167.9,26,4365.400000000001,14868074.770000007
2025-08-01 09:16:40 AM,167.98,10,1679.8,14869754.570000008
2025-08-01 09:16:41 AM,167.9,56,9402.4,14879156.970000008
2025-08-01 09:16:41 AM,167.91,0,0.0,14879156.970000008
2025-08-01 09:16:42 AM,167.91,101,16958.91,14896115.880000008
2025-08-01 09:16:43 AM,167.79,1117,187421.43,15083537.310000008
2025-08-01 09:16:44 AM,167.8,15,2517.0,15086054.310000008
2025-08-01 09:16:45 AM,167.8,185,31043.000000000004,15117097.310000008
2025-08-01 09:16:45 AM,167.75,0,0.0,15117097.310000008
2025-08-01 09:16:45 AM,167.74,0,0.0,15117097.310000008
2025-08-01 09:16:46 AM,167.74,1318,221081.32,15338178.630000008
2025-08-01 09:16:47 AM,167.81,582,97665.42,15435844.050000008
2025-08-01 09:16:47 AM,167.76,0,0.0,15435844.050000008
2025-08-01 09:16:48 AM,167.76,8,1342.08,15437186.130000008
2025-08-01 09:16:48 AM,167.89,3,503.66999999999996,15437689.800000008
2025-08-01 09:16:49 AM,167.9,50,8395.0,15446084.800000008
2025-08-01 09:16:49 AM,167.77,0,0.0,15446084.800000008
2025-08-01 09:16:49 AM,167.77,56,9395.12,15455479.920000007
2025-08-01 09:16:50 AM,168.0,7001,1176168.0,16631647.920000007
2025-08-01 09:16:50 AM,167.94,0,0.0,16631647.920000007
2025-08-01 09:16:50 AM,167.78,0,0.0,16631647.920000007
2025-08-01 09:16:51 AM,167.78,127,21308.06,16652955.980000008
2025-08-01 09:16:52 AM,167.75,1,167.75,16653123.730000008
2025-08-01 09:16:52 AM,167.88,56,9401.279999999999,16662525.010000007
2025-08-01 09:16:53 AM,167.77,1,167.77,16662692.780000007
2025-08-01 09:16:54 AM,167.78,185,31039.3,16693732.080000008
2025-08-01 09:16:54 AM,167.91,0,0.0,16693732.080000008
2025-08-01 09:16:55 AM,167.78,152,25502.56,16719234.640000008
2025-08-01 09:16:56 AM,167.85,10,1678.5,16720913.140000008
2025-08-01 09:16:57 AM,167.85,400,67140.0,16788053.140000008
2025-08-01 09:16:57 AM,167.77,0,0.0,16788053.140000008
2025-08-01 09:16:58 AM,167.77,185,31037.45,16819090.590000007
2025-08-01 09:16:59 AM,167.76,2,335.52,16819426.110000007
2025-08-01 09:17:05 AM,167.85,807,135454.94999999998,16954881.060000006
2025-08-01 09:17:06 AM,167.76,315,52844.399999999994,17007725.460000005
2025-08-01 09:17:13 AM,167.94,14020,2354518.8,19362244.260000005
2025-08-01 09:17:15 AM,167.96,686,115220.56000000001,19477464.820000004
2025-08-01 09:17:18 AM,168.06,0,0.0,19477464.820000004
2025-08-01 09:17:22 AM,168.12,578,97173.36,19574638.180000003
2025-08-01 09:17:23 AM,168.04,16,2688.64,19577326.820000004
2025-08-01 09:17:25 AM,168.16,0,0.0,19577326.820000004
2025-08-01 09:17:27 AM,168.2,0,0.0,19577326.820000004
2025-08-01 09:17:30 AM,168.18,7042,1184323.56,20761650.380000003
2025-08-01 09:17:31 AM,168.15,92,15469.800000000001,20777120.180000003
2025-08-01 09:17:33 AM,168.08,0,0.0,20777120.180000003
2025-08-01 09:17:35 AM,168.13,0,0.0,20777120.180000003
2025-08-01 09:17:38 AM,168.13,526,88436.38,20865556.560000002
2025-08-01 09:17:39 AM,168.08,8,1344.64,20866901.200000003
2025-08-01 09:17:41 AM,168.15,0,0.0,20866901.200000003
2025-08-01 09:17:43 AM,168.13,0,0.0,20866901.200000003
2025-08-01 09:17:46 AM,167.99,1065,178909.35,21045810.550000004
2025-08-01 09:17:50 AM,168.12,0,0.0,21045810.550000004
2025-08-01 09:17:52 AM,167.93,0,0.0,21045810.550000004
2025-08-01 09:17:55 AM,168.01,2256,379030.56,21424841.110000003
2025-08-01 09:17:59 AM,167.99,0,0.0,21424841.110000003
2025-08-01 09:18:03 AM,167.85,1388,232975.8,21657816.910000004
2025-08-01 09:18:04 AM,167.87,118,19808.66,21677625.570000004
2025-08-01 09:18:07 AM,167.88,0,0.0,21677625.570000004
2025-08-01 09:18:09 AM,168.0,0,0.0,21677625.570000004
2025-08-01 09:18:12 AM,167.94,3310,555881.4,22233506.970000003
2025-08-01 09:18:13 AM,167.99,100,16799.0,22250305.970000003
2025-08-01 09:18:15 AM,168.09,0,0.0,22250305.970000003
2025-08-01 09:18:20 AM,168.12,3096,520499.52,22770805.490000002
2025-08-01 09:18:21 AM,167.98,42,7055.16,22777860.650000002
2025-08-01 09:18:23 AM,168.15,0,0.0,22777860.650000002
2025-08-01 09:18:28 AM,168.08,1251,210268.08000000002,22988128.73
2025-08-01 09:18:29 AM,168.06,448,75290.88,23063419.61
2025-08-01 09:18:36 AM,168.08,2208,371120.64,23434540.25
2025-08-01 09:18:39 AM,167.95,0,0.0,23434540.25
2025-08-01 09:18:41 AM,168.1,0,0.0,23434540.25
2025-08-01 09:18:44 AM,168.1,3907,656766.7,24091306.95
2025-08-01 09:18:46 AM,167.98,51,8566.98,24099873.93
2025-08-01 09:18:53 AM,168.2,722,121440.4,24221314.33
2025-08-01 09:18:54 AM,168.1,0,0.0,24221314.33
2025-08-01 09:19:00 AM,168.11,615,103387.65000000001,24324701.979999997
2025-08-01 09:19:01 AM,168.07,0,0.0,24324701.979999997
2025-08-01 09:19:01 AM,168.02,0,0.0,24324701.979999997
2025-08-01 09:19:02 AM,168.02,68,11425.36,24336127.339999996
2025-08-01 09:19:03 AM,168.0,1,168.0,24336295.339999996
2025-08-01 09:19:04 AM,168.06,10,1680.6,24337975.939999998
2025-08-01 09:19:05 AM,168.07,18,3025.2599999999998,24341001.2
2025-08-01 09:19:05 AM,168.09,0,0.0,24341001.2
2025-08-01 09:19:06 AM,168.09,1500,252135.0,24593136.2
2025-08-01 09:19:06 AM,168.0,0,0.0,24593136.2
2025-08-01 09:19:07 AM,168.0,20,3360.0,24596496.2
2025-08-01 09:19:07 AM,167.98,0,0.0,24596496.2
2025-08-01 09:19:08 AM,167.98,588,98772.23999999999,24695268.439999998
2025-08-01 09:19:10 AM,168.2,0,0.0,24695268.439999998
2025-08-01 09:19:10 AM,168.2,5817,978419.3999999999,25673687.839999996
2025-08-01 09:19:12 AM,168.25,0,0.0,25673687.839999996
2025-08-01 09:19:12 AM,168.25,8,1346.0,25675033.839999996
2025-08-01 09:19:14 AM,168.25,45,7571.25,25682605.089999996
2025-08-01 09:19:14 AM,168.2,0,0.0,25682605.089999996
2025-08-01 09:19:15 AM,168.2,10,1682.0,25684287.089999996
2025-08-01 09:19:16 AM,168.25,32,5384.0,25689671.089999996
2025-08-01 09:19:20 AM,168.25,302,50811.5,25740482.589999996
2025-08-01 09:19:20 AM,168.3,0,0.0,25740482.589999996
2025-08-01 09:19:21 AM,168.3,646,108721.8,25849204.389999997
2025-08-01 09:19:21 AM,168.31,0,0.0,25849204.389999997
2025-08-01 09:19:22 AM,168.31,5,841.55,25850045.939999998
2025-08-01 09:19:22 AM,168.4,0,0.0,25850045.939999998
2025-08-01 09:19:22 AM,168.4,11516,1939294.4000000001,27789340.339999996
2025-08-01 09:19:24 AM,168.39,0,0.0,27789340.339999996
2025-08-01 09:19:25 AM,168.39,9006,1516520.3399999999,29305860.679999996
2025-08-01 09:19:25 AM,168.37,25,4209.25,29310069.929999996
2025-08-01 09:19:29 AM,168.53,1014,170889.42,29480959.349999998
2025-08-01 09:19:29 AM,168.48,1,168.48,29481127.83
2025-08-01 09:19:30 AM,168.48,81,13646.88,29494774.709999997
2025-08-01 09:19:33 AM,168.4,0,0.0,29494774.709999997
2025-08-01 09:19:33 AM,168.4,1,168.4,29494943.109999996
2025-08-01 09:19:34 AM,168.42,0,0.0,29494943.109999996
2025-08-01 09:19:34 AM,168.42,601,101220.42,29596163.529999997
2025-08-01 09:19:39 AM,168.32,520,87526.4,29683689.929999996
2025-08-01 09:19:42 AM,168.44,225,37899.0,29721588.929999996
2025-08-01 09:19:42 AM,168.32,0,0.0,29721588.929999996
2025-08-01 09:19:43 AM,168.32,10,1683.1999999999998,29723272.129999995
2025-08-01 09:19:43 AM,168.45,125,21056.25,29744328.379999995
2025-08-01 09:19:44 AM,168.33,0,0.0,29744328.379999995
2025-08-01 09:19:45 AM,168.33,40,6733.200000000001,29751061.579999994
2025-08-01 09:19:45 AM,168.43,0,0.0,29751061.579999994
2025-08-01 09:19:46 AM,168.43,1392,234454.56,29985516.139999993
2025-08-01 09:19:46 AM,168.43,185,31159.550000000003,30016675.689999994
2025-08-01 09:19:48 AM,168.54,0,0.0,30016675.689999994
2025-08-01 09:19:48 AM,168.54,201,33876.54,30050552.229999993
2025-08-01 09:19:49 AM,168.57,0,0.0,30050552.229999993
2025-08-01 09:19:50 AM,168.57,1000,168570.0,30219122.229999993
2025-08-01 09:19:50 AM,168.5,0,0.0,30219122.229999993
2025-08-01 09:19:51 AM,168.5,8,1348.0,30220470.229999993
2025-08-01 09:19:51 AM,168.57,1,168.57,30220638.799999993
2025-08-01 09:19:51 AM,168.47,0,0.0,30220638.799999993
2025-08-01 09:19:52 AM,168.47,160,26955.2,30247593.999999993
2025-08-01 09:19:54 AM,168.43,379,63834.97,30311428.96999999
2025-08-01 09:19:56 AM,168.39,0,0.0,30311428.96999999
2025-08-01 09:19:57 AM,168.39,25,4209.75,30315638.71999999
2025-08-01 09:19:57 AM,168.46,45,7580.700000000001,30323219.41999999
2025-08-01 09:19:58 AM,168.46,5,842.3000000000001,30324061.71999999
2025-08-01 09:19:59 AM,168.5,0,0.0,30324061.71999999
2025-08-01 09:19:59 AM,168.5,10,1685.0,30325746.71999999
2025-08-01 09:20:01 AM,168.46,559,94169.14,30419915.859999992
2025-08-01 09:20:01 AM,168.48,0,0.0,30419915.859999992
2025-08-01 09:20:02 AM,168.48,500,84240.0,30504155.859999992
2025-08-01 09:20:04 AM,168.47,555,93500.85,30597656.709999993
2025-08-01 09:20:05 AM,168.35,577,97137.95,30694794.659999993
2025-08-01 09:20:07 AM,168.39,150,25258.499999999996,30720053.159999993
2025-08-01 09:20:10 AM,168.3,372,62607.600000000006,30782660.759999994
2025-08-01 09:20:10 AM,168.42,0,0.0,30782660.759999994
2025-08-01 09:20:11 AM,168.42,2000,336840.0,31119500.759999994
2025-08-01 09:20:12 AM,168.4,0,0.0,31119500.759999994
2025-08-01 09:20:13 AM,168.3,350,58905.00000000001,31178405.759999994
2025-08-01 09:20:13 AM,168.38,10,1683.8,31180089.559999995
2025-08-01 09:20:14 AM,168.31,25,4207.75,31184297.309999995
2025-08-01 09:20:15 AM,168.3,3631,611097.3,31795394.609999996
2025-08-01 09:20:17 AM,168.38,482,81159.16,31876553.769999996
2025-08-01 09:20:19 AM,168.3,100,16830.0,31893383.769999996
2025-08-01 09:20:20 AM,168.19,9452,1589731.88,33483115.649999995
2025-08-01 09:20:23 AM,168.26,620,104321.2,33587436.849999994
2025-08-01 09:20:25 AM,168.15,45,7566.75,33595003.599999994
2025-08-01 09:20:26 AM,168.25,300,50475.0,33645478.599999994
2025-08-01 09:20:28 AM,168.16,0,0.0,33645478.599999994
2025-08-01 09:20:29 AM,168.16,10,1681.6,33647160.199999996
2025-08-01 09:20:32 AM,168.26,0,0.0,33647160.199999996
2025-08-01 09:20:33 AM,168.2,75,12615.0,33659775.199999996
2025-08-01 09:20:33 AM,168.26,0,0.0,33659775.199999996
2025-08-01 09:20:34 AM,168.26,481,80933.06,33740708.26
2025-08-01 09:20:34 AM,168.19,440,74003.6,33814711.86
2025-08-01 09:20:35 AM,168.15,70,11770.5,33826482.36
2025-08-01 09:20:41 AM,168.15,66,11097.9,33837580.26
2025-08-01 09:20:45 AM,168.2,20,3364.0,33840944.26
2025-08-01 09:20:49 AM,168.2,30,5046.0,33845990.26
2025-08-01 09:20:51 AM,168.2,50,8410.0,33854400.26
2025-08-01 09:20:52 AM,168.2,6,1009.1999999999999,33855409.46
2025-08-01 09:20:53 AM,168.2,1,168.2,33855577.660000004
2025-08-01 09:20:55 AM,168.2,500,84100.0,33939677.660000004
2025-08-01 09:20:58 AM,168.2,2010,338082.0,34277759.660000004
2025-08-01 09:20:58 AM,168.2,100,16820.0,34294579.660000004
2025-08-01 09:21:02 AM,168.2,10,1682.0,34296261.660000004
2025-08-01 09:21:04 AM,168.2,50,8410.0,34304671.660000004
2025-08-01 09:21:07 AM,168.12,50,8406.0,34313077.660000004
2025-08-01 09:21:08 AM,168.2,1000,168200.0,34481277.660000004
2025-08-01 09:21:09 AM,168.19,98,16482.62,34497760.28
2025-08-01 09:21:09 AM,168.2,0,0.0,34497760.28
2025-08-01 09:21:09 AM,168.2,98,16483.6,34514243.88
2025-08-01 09:21:12 AM,168.2,100,16820.0,34531063.88
2025-08-01 09:21:14 AM,168.13,370,62208.1,34593271.980000004
2025-08-01 09:21:15 AM,168.26,3482,585881.32,35179153.300000004
2025-08-01 09:21:28 AM,168.28,5000,841400.0,36020553.300000004
2025-08-01 09:21:34 AM,168.24,10000,1682400.0,37702953.300000004
2025-08-01 09:21:39 AM,168.29,400,67316.0,37770269.300000004
2025-08-01 09:21:39 AM,168.24,0,0.0,37770269.300000004
2025-08-01 09:21:40 AM,168.24,160,26918.4,37797187.7
2025-08-01 09:21:48 AM,168.34,200,33668.0,37830855.7
2025-08-01 09:21:53 AM,168.24,2,336.48,37831192.18
2025-08-01 09:21:58 AM,168.29,100,16829.0,37848021.18
2025-08-01 09:22:07 AM,168.29,1092,183772.68,38031793.86
2025-08-01 09:22:11 AM,168.24,50,8412.0,38040205.86
2025-08-01 09:22:14 AM,168.2,379,63747.799999999996,38103953.66
2025-08-01 09:22:16 AM,168.25,0,0.0,38103953.66
2025-08-01 09:22:17 AM,168.25,1000,168250.0,38272203.66
2025-08-01 09:22:24 AM,168.2,0,0.0,38272203.66
2025-08-01 09:22:24 AM,168.2,50,8410.0,38280613.66
2025-08-01 09:22:28 AM,168.26,0,0.0,38280613.66
2025-08-01 09:22:29 AM,168.2,126,21193.199999999997,38301806.86
2025-08-01 09:22:31 AM,168.2,150,25230.0,38327036.86
2025-08-01 09:22:35 AM,168.2,200,33640.0,38360676.86
2025-08-01 09:22:37 AM,168.24,0,0.0,38360676.86
2025-08-01 09:22:37 AM,168.24,50,8412.0,38369088.86
2025-08-01 09:22:38 AM,168.2,0,0.0,38369088.86
2025-08-01 09:22:39 AM,168.2,150,25230.0,38394318.86
2025-08-01 09:22:40 AM,168.26,0,0.0,38394318.86
2025-08-01 09:22:41 AM,168.2,900,151380.0,38545698.86
2025-08-01 09:22:41 AM,168.26,0,0.0,38545698.86
2025-08-01 09:22:42 AM,168.26,617,103816.42,38649515.28
2025-08-01 09:22:42 AM,168.29,30,5048.7,38654563.980000004
2025-08-01 09:22:43 AM,168.2,0,0.0,38654563.980000004
2025-08-01 09:22:44 AM,168.2,2000,336400.0,38990963.980000004
2025-08-01 09:22:45 AM,168.3,108,18176.4,39009140.38
2025-08-01 09:22:49 AM,168.27,0,0.0,39009140.38
2025-08-01 09:22:49 AM,168.27,1040,175000.80000000002,39184141.18
2025-08-01 09:22:53 AM,168.16,242,40694.72,39224835.9
2025-08-01 09:23:02 AM,168.16,15,2522.4,39227358.3
2025-08-01 09:23:04 AM,168.16,499,83911.84,39311270.14
2025-08-01 09:23:05 AM,168.12,50,8406.0,39319676.14
2025-08-01 09:23:16 AM,168.12,100,16812.0,39336488.14
2025-08-01 09:23:16 AM,168.1,0,0.0,39336488.14
2025-08-01 09:23:17 AM,168.1,533,89597.3,39426085.44
2025-08-01 09:23:17 AM,168.08,0,0.0,39426085.44
2025-08-01 09:23:18 AM,168.08,40,6723.200000000001,39432808.64
2025-08-01 09:23:18 AM,168.12,0,0.0,39432808.64
2025-08-01 09:23:19 AM,168.12,150,25218.0,39458026.64
2025-08-01 09:23:20 AM,168.12,50,8406.0,39466432.64
2025-08-01 09:23:21 AM,168.09,0,0.0,39466432.64
2025-08-01 09:23:22 AM,168.09,850,142876.5,39609309.14
2025-08-01 09:23:25 AM,167.97,0,0.0,39609309.14
2025-08-01 09:23:26 AM,167.97,1181,198372.57,39807681.71
2025-08-01 09:23:27 AM,167.89,4000,671560.0,40479241.71
2025-08-01 09:23:27 AM,167.86,0,0.0,40479241.71
2025-08-01 09:23:28 AM,167.86,2000,335720.0,40814961.71
2025-08-01 09:23:29 AM,167.87,13,2182.31,40817144.02
2025-08-01 09:23:31 AM,167.99,0,0.0,40817144.02
2025-08-01 09:23:31 AM,167.99,1,167.99,40817312.010000005
2025-08-01 09:23:34 AM,168.0,0,0.0,40817312.010000005
2025-08-01 09:23:34 AM,168.0,100,16800.0,40834112.010000005
2025-08-01 09:23:43 AM,168.0,56,9408.0,40843520.010000005
2025-08-01 09:23:44 AM,168.05,3000,504150.00000000006,41347670.010000005
2025-08-01 09:23:50 AM,168.05,1,168.05,41347838.06
2025-08-01 09:23:52 AM,167.93,3600,604548.0,41952386.06
2025-08-01 09:24:05 AM,167.75,0,0.0,41952386.06
2025-08-01 09:24:06 AM,167.73,27717,4648972.41,46601358.47
2025-08-01 09:24:06 AM,167.73,3,503.18999999999994,46601861.66
2025-08-01 09:24:07 AM,167.76,1000,167760.0,46769621.66
2025-08-01 09:24:07 AM,167.8,0,0.0,46769621.66
2025-08-01 09:24:08 AM,167.9,78,13096.2,46782717.86
2025-08-01 09:24:09 AM,167.87,200,33574.0,46816291.86
2025-08-01 09:24:10 AM,167.85,0,0.0,46816291.86
2025-08-01 09:24:11 AM,167.85,1,167.85,46816459.71
2025-08-01 09:24:13 AM,167.87,0,0.0,46816459.71
2025-08-01 09:24:14 AM,167.87,150,25180.5,46841640.21
2025-08-01 09:24:23 AM,167.88,200,33576.0,46875216.21
2025-08-01 09:24:26 AM,167.8,5,839.0,46876055.21
2025-08-01 09:24:29 AM,167.88,0,0.0,46876055.21
2025-08-01 09:24:29 AM,167.88,100,16788.0,46892843.21
2025-08-01 09:24:30 AM,167.88,100,16788.0,46909631.21
2025-08-01 09:24:34 AM,167.8,6812,1143053.6,48052684.81
2025-08-01 09:24:35 AM,167.8,232,38929.600000000006,48091614.410000004
2025-08-01 09:24:36 AM,167.8,1480,248344.00000000003,48339958.410000004
2025-08-01 09:24:37 AM,167.8,961,161255.80000000002,48501214.21
2025-08-01 09:24:37 AM,167.87,0,0.0,48501214.21
2025-08-01 09:24:38 AM,167.8,917,153872.6,48655086.81
2025-08-01 09:24:39 AM,167.86,10,1678.6000000000001,48656765.410000004
2025-08-01 09:24:48 AM,167.86,10,1678.6000000000001,48658444.010000005
2025-08-01 09:24:49 AM,167.86,1,167.86,48658611.870000005
2025-08-01 09:24:50 AM,167.86,456,76544.16,48735156.03
2025-08-01 09:24:53 AM,167.56,0,0.0,48735156.03
2025-08-01 09:24:54 AM,167.5,34604,5796170.0,54531326.03
2025-08-01 09:24:54 AM,167.5,1368,229140.0,54760466.03
2025-08-01 09:24:55 AM,167.5,3271,547892.5,55308358.53
2025-08-01 09:24:58 AM,167.51,0,0.0,55308358.53
2025-08-01 09:24:59 AM,167.51,1,167.51,55308526.04
2025-08-01 09:25:00 AM,167.38,346,57913.479999999996,55366439.519999996
2025-08-01 09:25:01 AM,167.37,500,83685.0,55450124.519999996
2025-08-01 09:25:02 AM,167.37,60,10042.2,55460166.72
2025-08-01 09:25:03 AM,167.3,9016,1508376.8,56968543.519999996
2025-08-01 09:25:04 AM,167.38,2834,474354.92,57442898.44
2025-08-01 09:25:05 AM,167.47,30,5024.1,57447922.54
2025-08-01 09:25:11 AM,167.46,0,0.0,57447922.54
2025-08-01 09:25:11 AM,167.46,100,16746.0,57464668.54
2025-08-01 09:25:12 AM,167.49,0,0.0,57464668.54
2025-08-01 09:25:13 AM,167.48,275,46057.0,57510725.54
2025-08-01 09:25:13 AM,167.68,0,0.0,57510725.54
2025-08-01 09:25:14 AM,167.68,3120,523161.60000000003,58033887.14
2025-08-01 09:25:18 AM,167.61,2,335.22,58034222.36
2025-08-01 09:25:21 AM,167.7,103,17273.1,58051495.46
2025-08-01 09:25:23 AM,167.68,60,10060.800000000001,58061556.26
2025-08-01 09:25:23 AM,167.68,1,167.68,58061723.94
2025-08-01 09:25:25 AM,167.62,0,0.0,58061723.94
2025-08-01 09:25:25 AM,167.62,1,167.62,58061891.559999995
2025-08-01 09:25:27 AM,167.67,0,0.0,58061891.559999995
2025-08-01 09:25:28 AM,167.67,50,8383.5,58070275.059999995
2025-08-01 09:25:28 AM,167.67,163,27330.21,58097605.269999996
2025-08-01 09:25:29 AM,167.53,0,0.0,58097605.269999996
2025-08-01 09:25:30 AM,167.76,14066,2359712.1599999997,60457317.42999999
2025-08-01 09:25:32 AM,167.94,2030,340918.2,60798235.629999995
2025-08-01 09:25:33 AM,167.93,440,73889.2,60872124.83
2025-08-01 09:25:40 AM,167.94,0,0.0,60872124.83
2025-08-01 09:25:41 AM,167.94,50,8397.0,60880521.83
2025-08-01 09:25:43 AM,167.99,0,0.0,60880521.83
2025-08-01 09:25:44 AM,167.99,30,5039.700000000001,60885561.53
2025-08-01 09:25:44 AM,167.94,0,0.0,60885561.53
2025-08-01 09:25:45 AM,167.94,10,1679.4,60887240.93
2025-08-01 09:25:46 AM,167.94,74,12427.56,60899668.49
2025-08-01 09:25:46 AM,168.05,0,0.0,60899668.49
2025-08-01 09:25:47 AM,168.05,1749,293919.45,61193587.940000005
2025-08-01 09:25:49 AM,168.08,0,0.0,61193587.940000005
2025-08-01 09:25:49 AM,168.08,25,4202.0,61197789.940000005
2025-08-01 09:25:52 AM,168.12,10,1681.2,61199471.14000001
2025-08-01 09:25:58 AM,168.11,10,1681.1000000000001,61201152.24000001
2025-08-01 09:26:00 AM,168.12,12,2017.44,61203169.68000001
2025-08-01 09:26:02 AM,168.12,1,168.12,61203337.800000004
2025-08-01 09:26:02 AM,168.02,0,0.0,61203337.800000004
2025-08-01 09:26:03 AM,168.02,15,2520.3,61205858.1
2025-08-01 09:26:10 AM,168.02,200,33604.0,61239462.1
2025-08-01 09:26:12 AM,168.07,1303,218995.21,61458457.31
2025-08-01 09:26:19 AM,168.0,1900,319200.0,61777657.31
2025-08-01 09:26:19 AM,167.93,0,0.0,61777657.31
2025-08-01 09:26:20 AM,167.93,25,4198.25,61781855.56
2025-08-01 09:26:28 AM,168.02,2,336.04,61782191.6
2025-08-01 09:26:29 AM,167.93,0,0.0,61782191.6
2025-08-01 09:26:30 AM,167.93,100,16793.0,61798984.6
2025-08-01 09:26:34 AM,168.02,5,840.1,61799824.7
2025-08-01 09:26:38 AM,168.02,38,6384.76,61806209.46
2025-08-01 09:26:44 AM,168.1,0,0.0,61806209.46
2025-08-01 09:26:45 AM,168.1,21,3530.1,61809739.56
2025-08-01 09:26:48 AM,168.14,0,0.0,61809739.56
2025-08-01 09:26:49 AM,168.14,50259,8450548.26,70260287.82000001
2025-08-01 09:26:49 AM,168.22,5,841.1,70261128.92
2025-08-01 09:26:51 AM,168.1,0,0.0,70261128.92
2025-08-01 09:26:52 AM,168.1,40,6724.0,70267852.92
2025-08-01 09:26:58 AM,168.15,400,67260.0,70335112.92
2025-08-01 09:26:58 AM,168.1,0,0.0,70335112.92
2025-08-01 09:26:59 AM,168.1,10,1681.0,70336793.92
2025-08-01 09:27:00 AM,168.15,1,168.15,70336962.07000001
2025-08-01 09:27:00 AM,168.15,4,672.6,70337634.67
2025-08-01 09:27:01 AM,168.15,1,168.15,70337802.82000001
2025-08-01 09:27:02 AM,168.15,501,84243.15000000001,70422045.97000001
2025-08-01 09:27:04 AM,168.15,100,16815.0,70438860.97000001
2025-08-01 09:27:07 AM,168.15,30,5044.5,70443905.47000001
2025-08-01 09:27:08 AM,168.15,1500,252225.0,70696130.47000001
2025-08-01 09:27:09 AM,168.15,260,43719.0,70739849.47000001
2025-08-01 09:27:10 AM,168.22,307,51643.54,70791493.01000002
2025-08-01 09:27:12 AM,168.16,10,1681.6,70793174.61000001
2025-08-01 09:27:12 AM,168.24,0,0.0,70793174.61000001
2025-08-01 09:27:13 AM,168.24,380,63931.200000000004,70857105.81000002
2025-08-01 09:27:14 AM,168.22,270,45419.4,70902525.21000002
2025-08-01 09:27:18 AM,168.23,11,1850.53,70904375.74000002
2025-08-01 09:27:25 AM,168.3,0,0.0,70904375.74000002
2025-08-01 09:27:26 AM,168.3,2,336.6,70904712.34000002
2025-08-01 09:27:27 AM,168.3,149,25076.7,70929789.04000002
2025-08-01 09:27:27 AM,168.22,0,0.0,70929789.04000002
2025-08-01 09:27:28 AM,168.22,500,84110.0,71013899.04000002
2025-08-01 09:27:29 AM,168.3,100,16830.0,71030729.04000002
2025-08-01 09:27:30 AM,168.22,351,59045.22,71089774.26000002
2025-08-01 09:27:34 AM,168.26,0,0.0,71089774.26000002
2025-08-01 09:27:35 AM,168.26,5,841.3,71090615.56000002
2025-08-01 09:27:38 AM,168.2,0,0.0,71090615.56000002
2025-08-01 09:27:39 AM,168.2,200,33640.0,71124255.56000002
2025-08-01 09:27:39 AM,168.24,0,0.0,71124255.56000002
2025-08-01 09:27:40 AM,168.24,594,99934.56000000001,71224190.12000002
2025-08-01 09:27:41 AM,168.23,1,168.23,71224358.35000002
2025-08-01 09:27:43 AM,168.15,0,0.0,71224358.35000002
2025-08-01 09:27:44 AM,168.15,7990,1343518.5,72567876.85000002
2025-08-01 09:27:44 AM,168.16,660,110985.59999999999,72678862.45000002
2025-08-01 09:27:45 AM,168.2,1,168.2,72679030.65000002
2025-08-01 09:27:48 AM,168.2,100,16820.0,72695850.65000002
2025-08-01 09:27:53 AM,168.11,0,0.0,72695850.65000002
2025-08-01 09:27:54 AM,168.11,25,4202.75,72700053.40000002
2025-08-01 09:27:55 AM,168.11,3300,554763.0,73254816.40000002
2025-08-01 09:27:55 AM,168.16,0,0.0,73254816.40000002
2025-08-01 09:27:56 AM,168.16,500,84080.0,73338896.40000002
2025-08-01 09:27:56 AM,168.19,0,0.0,73338896.40000002
2025-08-01 09:27:57 AM,168.19,1000,168190.0,73507086.40000002
2025-08-01 09:27:58 AM,168.14,0,0.0,73507086.40000002
2025-08-01 09:27:59 AM,168.14,541,90963.73999999999,73598050.14000002
2025-08-01 09:27:59 AM,168.15,0,0.0,73598050.14000002
2025-08-01 09:28:00 AM,168.15,2,336.3,73598386.44000001
2025-08-01 09:28:05 AM,168.15,2,336.3,73598722.74000001
2025-08-01 09:28:07 AM,168.1,1,168.1,73598890.84
2025-08-01 09:28:11 AM,168.14,0,0.0,73598890.84
2025-08-01 09:28:13 AM,168.14,344,57840.159999999996,73656731.0
2025-08-01 09:28:17 AM,168.18,0,0.0,73656731.0
2025-08-01 09:28:21 AM,168.18,25,4204.5,73660935.5
2025-08-01 09:28:23 AM,168.11,0,0.0,73660935.5
2025-08-01 09:28:28 AM,168.14,0,0.0,73660935.5
2025-08-01 09:28:28 AM,168.15,0,0.0,73660935.5
2025-08-01 09:28:29 AM,168.15,2404,404232.60000000003,74065168.1
2025-08-01 09:28:30 AM,168.04,90,15123.599999999999,74080291.69999999
2025-08-01 09:28:33 AM,168.11,0,0.0,74080291.69999999
2025-08-01 09:28:36 AM,168.11,844,141884.84000000003,74222176.53999999
2025-08-01 09:28:43 AM,168.02,0,0.0,74222176.53999999
2025-08-01 09:28:44 AM,168.02,257,43181.14,74265357.67999999
2025-08-01 09:28:45 AM,168.01,15,2520.1499999999996,74267877.83
2025-08-01 09:28:50 AM,167.93,0,0.0,74267877.83
2025-08-01 09:28:51 AM,167.93,300,50379.0,74318256.83
2025-08-01 09:28:54 AM,168.02,0,0.0,74318256.83
2025-08-01 09:28:59 AM,167.94,295,49542.3,74367799.13
2025-08-01 09:29:00 AM,168.01,0,0.0,74367799.13
2025-08-01 09:29:00 AM,167.93,128,21495.04,74389294.17
2025-08-01 09:29:07 AM,167.93,15,2518.9500000000003,74391813.12
2025-08-01 09:29:18 AM,167.86,0,0.0,74391813.12
2025-08-01 09:29:22 AM,167.85,205,34409.25,74426222.37
2025-08-01 09:29:23 AM,167.87,500,83935.0,74510157.37
2025-08-01 09:29:31 AM,167.87,3,503.61,74510660.98
2025-08-01 09:29:32 AM,167.88,0,0.0,74510660.98
2025-08-01 09:29:37 AM,167.87,25,4196.75,74514857.73
2025-08-01 09:29:44 AM,167.87,365,61272.55,74576130.28
2025-08-01 09:29:58 AM,167.85,0,0.0,74576130.28
2025-08-01 09:29:59 AM,167.88,1013,170062.44,74746192.72
2025-08-01 09:30:00 AM,167.8,961,161255.80000000002,74907448.52
2025-08-01 09:30:01 AM,167.7,299,50142.299999999996,74957590.82
2025-08-01 09:30:02 AM,167.7,310,51987.0,75009577.82
2025-08-01 09:30:05 AM,167.68,0,0.0,75009577.82
2025-08-01 09:30:05 AM,167.68,1,167.68,75009745.5
2025-08-01 09:30:06 AM,167.62,0,0.0,75009745.5
2025-08-01 09:30:06 AM,167.62,112,18773.440000000002,75028518.94
2025-08-01 09:30:07 AM,167.6,0,0.0,75028518.94
2025-08-01 09:30:08 AM,167.59,0,0.0,75028518.94
2025-08-01 09:30:08 AM,167.59,4150,695498.5,75724017.44
2025-08-01 09:30:09 AM,167.61,1,167.61,75724185.05
2025-08-01 09:30:10 AM,167.55,0,0.0,75724185.05
2025-08-01 09:30:11 AM,167.56,0,0.0,75724185.05
2025-08-01 09:30:11 AM,167.56,639,107070.84,75831255.89
2025-08-01 09:30:12 AM,167.6,0,0.0,75831255.89
2025-08-01 09:30:12 AM,167.51,504,84425.04,75915680.93
2025-08-01 09:30:12 AM,167.53,0,0.0,75915680.93
2025-08-01 09:30:13 AM,167.6,0,0.0,75915680.93
2025-08-01 09:30:13 AM,167.6,236,39553.6,75955234.53
2025-08-01 09:30:14 AM,167.6,100,16760.0,75971994.53
2025-08-01 09:30:16 AM,167.53,0,0.0,75971994.53
2025-08-01 09:30:16 AM,167.53,15,2512.95,75974507.48
2025-08-01 09:30:17 AM,167.6,314,52626.4,76027133.88000001
2025-08-01 09:30:22 AM,167.6,5,838.0,76027971.88000001
2025-08-01 09:30:23 AM,167.6,30,5028.0,76032999.88000001
2025-08-01 09:30:23 AM,167.52,0,0.0,76032999.88000001
2025-08-01 09:30:24 AM,167.52,5,837.6,76033837.48
2025-08-01 09:30:25 AM,167.6,5000,838000.0,76871837.48
2025-08-01 09:30:26 AM,167.49,5322,891381.78,77763219.26
2025-08-01 09:30:28 AM,167.45,0,0.0,77763219.26
2025-08-01 09:30:28 AM,167.45,400,66980.0,77830199.26
2025-08-01 09:30:31 AM,167.5,0,0.0,77830199.26
2025-08-01 09:30:32 AM,167.5,110,18425.0,77848624.26
2025-08-01 09:30:33 AM,167.5,50,8375.0,77856999.26
2025-08-01 09:30:34 AM,167.5,150,25125.0,77882124.26
2025-08-01 09:30:35 AM,167.5,16830,2819025.0,80701149.26
2025-08-01 09:30:36 AM,167.49,3497,585712.53,81286861.79
2025-08-01 09:30:37 AM,167.5,0,0.0,81286861.79
2025-08-01 09:30:37 AM,167.5,24478,4100065.0,85386926.79
2025-08-01 09:30:42 AM,167.68,0,0.0,85386926.79
2025-08-01 09:30:42 AM,167.68,3,503.04,85387429.83000001
2025-08-01 09:30:43 AM,167.68,1,167.68,85387597.51000002
2025-08-01 09:30:44 AM,167.68,55,9222.4,85396819.91000003
2025-08-01 09:30:51 AM,167.69,50,8384.5,85405204.41000003
2025-08-01 09:30:53 AM,167.61,0,0.0,85405204.41000003
2025-08-01 09:30:53 AM,167.61,2,335.22,85405539.63000003
2025-08-01 09:30:53 AM,167.68,0,0.0,85405539.63000003
2025-08-01 09:30:53 AM,167.68,10,1676.8000000000002,85407216.43000002
2025-08-01 09:30:54 AM,167.53,0,0.0,85407216.43000002
2025-08-01 09:30:55 AM,167.53,18,3015.54,85410231.97000003
2025-08-01 09:30:58 AM,167.6,0,0.0,85410231.97000003
2025-08-01 09:30:59 AM,167.6,35,5866.0,85416097.97000003
2025-08-01 09:31:04 AM,167.6,1,167.6,85416265.57000002
2025-08-01 09:31:08 AM,167.65,1,167.65,85416433.22000003
2025-08-01 09:31:08 AM,167.6,0,0.0,85416433.22000003
2025-08-01 09:31:09 AM,167.65,95,15926.75,85432359.97000003
2025-08-01 09:31:12 AM,167.65,55,9220.75,85441580.72000003
2025-08-01 09:31:14 AM,167.64,58,9723.119999999999,85451303.84000003
2025-08-01 09:31:15 AM,167.6,1134,190058.4,85641362.24000004
2025-08-01 09:31:16 AM,167.62,3,502.86,85641865.10000004
2025-08-01 09:31:20 AM,167.56,0,0.0,85641865.10000004
2025-08-01 09:31:21 AM,167.56,415,69537.4,85711402.50000004
2025-08-01 09:31:29 AM,167.65,20,3353.0,85714755.50000004
2025-08-01 09:31:33 AM,167.6,0,0.0,85714755.50000004
2025-08-01 09:31:34 AM,167.6,4,670.4,85715425.90000005
2025-08-01 09:31:44 AM,167.6,1020,170952.0,85886377.90000005
2025-08-01 09:31:46 AM,167.63,0,0.0,85886377.90000005
2025-08-01 09:31:46 AM,167.63,500,83815.0,85970192.90000005
2025-08-01 09:31:51 AM,167.63,5,838.15,85971031.05000006
2025-08-01 09:31:53 AM,167.64,0,0.0,85971031.05000006
2025-08-01 09:31:54 AM,167.64,10,1676.3999999999999,85972707.45000006
2025-08-01 09:31:54 AM,167.62,0,0.0,85972707.45000006
2025-08-01 09:31:55 AM,167.62,6,1005.72,85973713.17000006
2025-08-01 09:31:59 AM,167.62,30,5028.6,85978741.77000006
2025-08-01 09:32:03 AM,167.62,380,63695.6,86042437.37000005
2025-08-01 09:32:04 AM,167.65,1000,167650.0,86210087.37000005
2025-08-01 09:32:09 AM,167.68,1,167.68,86210255.05000006
2025-08-01 09:32:11 AM,167.68,3,503.04,86210758.09000006
2025-08-01 09:32:12 AM,167.7,521,87371.7,86298129.79000007
2025-08-01 09:32:14 AM,167.82,10,1678.1999999999998,86299807.99000007
2025-08-01 09:32:17 AM,167.82,1,167.82,86299975.81000006
2025-08-01 09:32:18 AM,167.81,0,0.0,86299975.81000006
2025-08-01 09:32:18 AM,167.81,1,167.81,86300143.62000006
2025-08-01 09:32:19 AM,167.81,205,34401.05,86334544.67000006
2025-08-01 09:32:29 AM,167.87,0,0.0,86334544.67000006
2025-08-01 09:32:29 AM,167.87,1000,167870.0,86502414.67000006
2025-08-01 09:32:33 AM,167.88,0,0.0,86502414.67000006
2025-08-01 09:32:34 AM,167.81,300,50343.0,86552757.67000006
2025-08-01 09:32:41 AM,167.81,915,153546.15,86706303.82000007
2025-08-01 09:32:42 AM,167.74,0,0.0,86706303.82000007
2025-08-01 09:32:43 AM,167.74,240,40257.600000000006,86746561.42000006
2025-08-01 09:32:46 AM,167.88,0,0.0,86746561.42000006
2025-08-01 09:32:46 AM,167.88,1,167.88,86746729.30000006
2025-08-01 09:32:47 AM,167.84,1,167.84,86746897.14000006
2025-08-01 09:32:49 AM,167.77,0,0.0,86746897.14000006
2025-08-01 09:32:50 AM,167.77,47,7885.1900000000005,86754782.33000006
2025-08-01 09:32:51 AM,167.81,249,41784.69,86796567.02000006
2025-08-01 09:32:53 AM,167.88,0,0.0,86796567.02000006
2025-08-01 09:32:54 AM,167.88,507,85115.16,86881682.18000005
2025-08-01 09:32:57 AM,167.82,0,0.0,86881682.18000005
2025-08-01 09:32:57 AM,167.82,5,839.0999999999999,86882521.28000005
2025-08-01 09:33:06 AM,167.9,604,101411.6,86983932.88000004
2025-08-01 09:33:09 AM,167.9,2,335.8,86984268.68000004
2025-08-01 09:33:12 AM,167.87,0,0.0,86984268.68000004
2025-08-01 09:33:13 AM,167.87,10,1678.7,86985947.38000004
2025-08-01 09:33:15 AM,167.9,1000,167900.0,87153847.38000004
2025-08-01 09:33:19 AM,167.93,1,167.93,87154015.31000005
2025-08-01 09:33:19 AM,167.9,0,0.0,87154015.31000005
2025-08-01 09:33:19 AM,167.9,250,41975.0,87195990.31000005
2025-08-01 09:33:26 AM,167.99,0,0.0,87195990.31000005
2025-08-01 09:33:27 AM,167.99,1,167.99,87196158.30000004
2025-08-01 09:33:40 AM,167.94,35,5877.9,87202036.20000005
2025-08-01 09:33:41 AM,167.86,31874,5350369.640000001,92552405.84000005
2025-08-01 09:33:43 AM,167.86,1,167.86,92552573.70000005
2025-08-01 09:33:45 AM,167.9,40,6716.0,92559289.70000005
2025-08-01 09:33:46 AM,167.91,0,0.0,92559289.70000005
2025-08-01 09:33:46 AM,167.91,100,16791.0,92576080.70000005
2025-08-01 09:33:46 AM,167.94,98,16458.12,92592538.82000005
2025-08-01 09:33:48 AM,167.97,101,16964.97,92609503.79000005
2025-08-01 09:33:53 AM,167.9,0,0.0,92609503.79000005
2025-08-01 09:33:53 AM,167.9,1,167.9,92609671.69000006
2025-08-01 09:33:54 AM,167.92,200,33584.0,92643255.69000006
2025-08-01 09:33:57 AM,167.92,150,25187.999999999996,92668443.69000006
2025-08-01 09:34:00 AM,167.92,5000,839599.9999999999,93508043.69000006
2025-08-01 09:34:03 AM,167.95,25,4198.75,93512242.44000006
2025-08-01 09:34:05 AM,167.99,0,0.0,93512242.44000006
2025-08-01 09:34:06 AM,167.99,3,503.97,93512746.41000006
2025-08-01 09:34:09 AM,167.99,3,503.97,93513250.38000005
2025-08-01 09:34:10 AM,167.99,1,167.99,93513418.37000005
2025-08-01 09:34:13 AM,167.99,98,16463.02,93529881.39000005
2025-08-01 09:34:13 AM,168.0,200,33600.0,93563481.39000005
2025-08-01 09:34:14 AM,167.99,399,67028.01000000001,93630509.40000005
2025-08-01 09:34:15 AM,167.92,0,0.0,93630509.40000005
2025-08-01 09:34:15 AM,168.0,8,1344.0,93631853.40000005
2025-08-01 09:34:15 AM,168.0,10,1680.0,93633533.40000005
2025-08-01 09:34:21 AM,167.98,0,0.0,93633533.40000005
2025-08-01 09:34:22 AM,167.98,797,133880.06,93767413.46000005
2025-08-01 09:34:22 AM,167.99,15,2519.8500000000004,93769933.31000005
2025-08-01 09:34:24 AM,167.9,500,83950.0,93853883.31000005
2025-08-01 09:34:25 AM,167.99,500,83995.0,93937878.31000005
2025-08-01 09:34:26 AM,167.98,500,83990.0,94021868.31000005
2025-08-01 09:34:27 AM,167.88,484,81253.92,94103122.23000005
2025-08-01 09:34:28 AM,167.87,441,74030.67,94177152.90000005
2025-08-01 09:34:31 AM,167.95,30,5038.5,94182191.40000005
2025-08-01 09:34:31 AM,167.87,0,0.0,94182191.40000005
2025-08-01 09:34:32 AM,167.87,50,8393.5,94190584.90000005
2025-08-01 09:34:36 AM,167.96,0,0.0,94190584.90000005
2025-08-01 09:34:37 AM,167.96,20,3359.2000000000003,94193944.10000005
2025-08-01 09:34:39 AM,167.87,0,0.0,94193944.10000005
2025-08-01 09:34:39 AM,167.87,34,5707.58,94199651.68000005
2025-08-01 09:34:41 AM,167.94,1041,174825.54,94374477.22000006
2025-08-01 09:34:42 AM,167.86,699,117334.14000000001,94491811.36000006
2025-08-01 09:34:44 AM,167.93,0,0.0,94491811.36000006
2025-08-01 09:34:45 AM,167.93,500,83965.0,94575776.36000006
2025-08-01 09:34:48 AM,167.82,323,54205.86,94629982.22000006
2025-08-01 09:34:50 AM,167.76,9,1509.84,94631492.06000006
2025-08-01 09:34:52 AM,167.84,50,8392.0,94639884.06000006
2025-08-01 09:34:54 AM,167.82,0,0.0,94639884.06000006
2025-08-01 09:34:54 AM,167.82,5,839.0999999999999,94640723.16000006
2025-08-01 09:34:57 AM,167.75,0,0.0,94640723.16000006
2025-08-01 09:34:57 AM,167.75,758,127154.5,94767877.66000006
2025-08-01 09:35:01 AM,167.76,10,1677.6,94769555.26000005
2025-08-01 09:35:03 AM,167.76,10,1677.6,94771232.86000004
2025-08-01 09:35:03 AM,167.72,2,335.44,94771568.30000004
2025-08-01 09:35:09 AM,167.76,30,5032.799999999999,94776601.10000004
2025-08-01 09:35:12 AM,167.65,0,0.0,94776601.10000004
2025-08-01 09:35:13 AM,167.65,1914,320882.10000000003,95097483.20000003
2025-08-01 09:35:15 AM,167.69,1,167.69,95097650.89000003
2025-08-01 09:35:16 AM,167.66,50,8383.0,95106033.89000003
2025-08-01 09:35:17 AM,167.57,0,0.0,95106033.89000003
2025-08-01 09:35:18 AM,167.61,0,0.0,95106033.89000003
2025-08-01 09:35:18 AM,167.61,410,68720.1,95174753.99000002
2025-08-01 09:35:21 AM,167.63,0,0.0,95174753.99000002
2025-08-01 09:35:21 AM,167.63,20,3352.6,95178106.59000002
2025-08-01 09:35:22 AM,167.61,10,1676.1000000000001,95179782.69000001
2025-08-01 09:35:23 AM,167.62,100,16762.0,95196544.69000001
2025-08-01 09:35:28 AM,167.61,0,0.0,95196544.69000001
2025-08-01 09:35:28 AM,167.61,100,16761.0,95213305.69000001
2025-08-01 09:35:30 AM,167.56,0,0.0,95213305.69000001
2025-08-01 09:35:30 AM,167.5,1585,265487.5,95478793.19000001
2025-08-01 09:35:33 AM,167.59,0,0.0,95478793.19000001
2025-08-01 09:35:34 AM,167.59,16,2681.44,95481474.63000001
2025-08-01 09:35:38 AM,167.59,5,837.95,95482312.58000001
2025-08-01 09:35:40 AM,167.51,0,0.0,95482312.58000001
2025-08-01 09:35:41 AM,167.51,100,16751.0,95499063.58000001
2025-08-01 09:35:45 AM,167.58,0,0.0,95499063.58000001
2025-08-01 09:35:46 AM,167.51,0,0.0,95499063.58000001
2025-08-01 09:35:46 AM,167.51,121,20268.71,95519332.29
2025-08-01 09:35:50 AM,167.59,0,0.0,95519332.29
2025-08-01 09:35:51 AM,167.59,26,4357.34,95523689.63000001
2025-08-01 09:35:55 AM,167.59,1,167.59,95523857.22000001
2025-08-01 09:35:56 AM,167.59,1,167.59,95524024.81000002
2025-08-01 09:35:58 AM,167.59,238,39886.42,95563911.23000002
2025-08-01 09:36:00 AM,167.59,6,1005.54,95564916.77000003
2025-08-01 09:36:01 AM,167.59,6,1005.54,95565922.31000003
2025-08-01 09:36:03 AM,167.54,30,5026.2,95570948.51000004
2025-08-01 09:36:06 AM,167.53,302,50594.06,95621542.57000004
2025-08-01 09:36:15 AM,167.66,200,33532.0,95655074.57000004
2025-08-01 09:36:16 AM,167.7,6,1006.1999999999999,95656080.77000004
2025-08-01 09:36:17 AM,167.56,84,14075.04,95670155.81000005
2025-08-01 09:36:18 AM,167.67,0,0.0,95670155.81000005
2025-08-01 09:36:19 AM,167.67,500,83835.0,95753990.81000005
2025-08-01 09:36:20 AM,167.67,5,838.3499999999999,95754829.16000004
2025-08-01 09:36:21 AM,167.56,33,5529.4800000000005,95760358.64000005
2025-08-01 09:36:25 AM,167.68,0,0.0,95760358.64000005
2025-08-01 09:36:25 AM,167.68,100,16768.0,95777126.64000005
2025-08-01 09:36:28 AM,167.67,5,838.3499999999999,95777964.99000004
2025-08-01 09:36:42 AM,167.66,5,838.3,95778803.29000004
2025-08-01 09:36:45 AM,167.61,459,76932.99,95855736.28000003
2025-08-01 09:36:46 AM,167.67,120,20120.399999999998,95875856.68000004
2025-08-01 09:36:47 AM,167.67,4,670.68,95876527.36000004
2025-08-01 09:36:49 AM,167.52,2000,335040.0,96211567.36000004
2025-08-01 09:36:50 AM,167.56,2,335.12,96211902.48000005
2025-08-01 09:36:56 AM,167.57,0,0.0,96211902.48000005
2025-08-01 09:36:57 AM,167.57,10,1675.6999999999998,96213578.18000005
2025-08-01 09:37:01 AM,167.6,40,6704.0,96220282.18000005
2025-08-01 09:37:02 AM,167.6,15,2514.0,96222796.18000005
2025-08-01 09:37:03 AM,167.6,30,5028.0,96227824.18000005
2025-08-01 09:37:03 AM,167.62,300,50286.0,96278110.18000005
2025-08-01 09:37:06 AM,167.56,1100,184316.0,96462426.18000005
2025-08-01 09:37:06 AM,167.57,0,0.0,96462426.18000005
2025-08-01 09:37:07 AM,167.57,30,5027.099999999999,96467453.28000005
2025-08-01 09:37:11 AM,167.58,0,0.0,96467453.28000005
2025-08-01 09:37:11 AM,167.58,100,16758.0,96484211.28000005
2025-08-01 09:37:11 AM,167.57,0,0.0,96484211.28000005
2025-08-01 09:37:12 AM,167.57,15,2513.5499999999997,96486724.83000004
2025-08-01 09:37:15 AM,167.57,185,31000.449999999997,96517725.28000005
2025-08-01 09:37:15 AM,167.58,50,8379.0,96526104.28000005
2025-08-01 09:37:19 AM,167.58,10,1675.8000000000002,96527780.08000004
2025-08-01 09:37:23 AM,167.58,1,167.58,96527947.66000004
2025-08-01 09:37:25 AM,167.46,4810,805482.6000000001,97333430.26000004
2025-08-01 09:37:26 AM,167.45,0,0.0,97333430.26000004
2025-08-01 09:37:26 AM,167.46,52,8707.92,97342138.18000004
2025-08-01 09:37:30 AM,167.5,1,167.5,97342305.68000004
2025-08-01 09:37:33 AM,167.42,0,0.0,97342305.68000004
2025-08-01 09:37:34 AM,167.42,30,5022.599999999999,97347328.28000003
2025-08-01 09:37:36 AM,167.42,63,10547.46,97357875.74000002
2025-08-01 09:37:37 AM,167.42,10,1674.1999999999998,97359549.94000003
2025-08-01 09:37:38 AM,167.42,187,31307.539999999997,97390857.48000003
2025-08-01 09:37:44 AM,167.5,0,0.0,97390857.48000003
2025-08-01 09:37:45 AM,167.5,10,1675.0,97392532.48000003
2025-08-01 09:37:46 AM,167.5,50,8375.0,97400907.48000003
2025-08-01 09:37:49 AM,167.55,0,0.0,97400907.48000003
2025-08-01 09:37:50 AM,167.55,3,502.65000000000003,97401410.13000004
2025-08-01 09:37:50 AM,167.49,99,16581.510000000002,97417991.64000005
2025-08-01 09:37:55 AM,167.54,0,0.0,97417991.64000005
2025-08-01 09:37:55 AM,167.54,100,16754.0,97434745.64000005
2025-08-01 09:37:58 AM,167.52,100,16752.0,97451497.64000005
2025-08-01 09:38:00 AM,167.45,0,0.0,97451497.64000005
2025-08-01 09:38:01 AM,167.48,180,30146.399999999998,97481644.04000005
2025-08-01 09:38:02 AM,167.5,0,0.0,97481644.04000005
2025-08-01 09:38:02 AM,167.5,100,16750.0,97498394.04000005
2025-08-01 09:38:04 AM,167.49,10,1674.9,97500068.94000006
2025-08-01 09:38:10 AM,167.43,110,18417.3,97518486.24000005
2025-08-01 09:38:12 AM,167.43,10,1674.3000000000002,97520160.54000005
2025-08-01 09:38:15 AM,167.49,90,15074.1,97535234.64000005
2025-08-01 09:38:18 AM,167.4,0,0.0,97535234.64000005
2025-08-01 09:38:18 AM,167.4,500,83700.0,97618934.64000005
2025-08-01 09:38:27 AM,167.47,0,0.0,97618934.64000005
2025-08-01 09:38:28 AM,167.47,1,167.47,97619102.11000004
2025-08-01 09:38:30 AM,167.45,500,83725.0,97702827.11000004
2025-08-01 09:38:31 AM,167.4,50,8370.0,97711197.11000004
2025-08-01 09:38:32 AM,167.48,0,0.0,97711197.11000004
2025-08-01 09:38:32 AM,167.48,160,26796.8,97737993.91000004
2025-08-01 09:38:38 AM,167.49,0,0.0,97737993.91000004
2025-08-01 09:38:39 AM,167.49,54,9044.460000000001,97747038.37000003
2025-08-01 09:38:43 AM,167.48,100,16748.0,97763786.37000003
2025-08-01 09:38:45 AM,167.48,60,10048.8,97773835.17000003
2025-08-01 09:38:47 AM,167.48,3,502.43999999999994,97774337.61000003
2025-08-01 09:38:48 AM,167.48,1,167.48,97774505.09000003
2025-08-01 09:38:49 AM,167.4,500,83700.0,97858205.09000003
2025-08-01 09:38:51 AM,167.49,10,1674.9,97859879.99000004
2025-08-01 09:38:55 AM,167.4,7,1171.8,97861051.79000004
2025-08-01 09:38:59 AM,167.25,32782,5482789.5,103343841.29000004
2025-08-01 09:39:00 AM,167.25,10,1672.5,103345513.79000004
2025-08-01 09:39:00 AM,167.25,133,22244.25,103367758.04000004
2025-08-01 09:39:07 AM,167.25,3930,657292.5,104025050.54000004
2025-08-01 09:39:12 AM,167.23,0,0.0,104025050.54000004
2025-08-01 09:39:14 AM,167.23,210,35118.299999999996,104060168.84000003
2025-08-01 09:39:16 AM,167.2,0,0.0,104060168.84000003
2025-08-01 09:39:21 AM,167.2,17,2842.3999999999996,104063011.24000004
2025-08-01 09:39:22 AM,167.18,0,0.0,104063011.24000004
2025-08-01 09:39:28 AM,167.18,1052,175873.36000000002,104238884.60000004
2025-08-01 09:39:34 AM,167.18,218,36445.24,104275329.84000003
2025-08-01 09:39:41 AM,167.18,102,17052.36,104292382.20000003
2025-08-01 09:39:41 AM,167.11,400,66844.0,104359226.20000003
2025-08-01 09:39:46 AM,167.2,0,0.0,104359226.20000003
2025-08-01 09:39:47 AM,167.2,450,75240.0,104434466.20000003
2025-08-01 09:39:50 AM,167.19,0,0.0,104434466.20000003
2025-08-01 09:39:54 AM,167.11,1857,310323.27,104744789.47000003
2025-08-01 09:39:58 AM,167.14,0,0.0,104744789.47000003
2025-08-01 09:40:01 AM,167.14,100,16714.0,104761503.47000003
2025-08-01 09:40:03 AM,167.2,15,2508.0,104764011.47000003
2025-08-01 09:40:06 AM,167.2,130,21736.0,104785747.47000003
2025-08-01 09:40:07 AM,167.2,200,33440.0,104819187.47000003
2025-08-01 09:40:11 AM,167.25,0,0.0,104819187.47000003
2025-08-01 09:40:12 AM,167.25,285,47666.25,104866853.72000003
2025-08-01 09:40:13 AM,167.2,2006,335403.19999999995,105202256.92000003
2025-08-01 09:40:16 AM,167.18,4,668.72,105202925.64000003
2025-08-01 09:40:17 AM,167.21,116,19396.36,105222322.00000003
2025-08-01 09:40:18 AM,167.15,10,1671.5,105223993.50000003
2025-08-01 09:40:19 AM,167.14,143,23901.019999999997,105247894.52000003
2025-08-01 09:40:20 AM,167.21,5,836.0500000000001,105248730.57000002
2025-08-01 09:40:36 AM,167.21,110,18393.100000000002,105267123.67000002
2025-08-01 09:40:37 AM,167.25,2000,334500.0,105601623.67000002
2025-08-01 09:40:38 AM,167.25,1256,210066.0,105811689.67000002
2025-08-01 09:40:42 AM,167.33,328,54884.240000000005,105866573.91000001
2025-08-01 09:40:43 AM,167.4,70,11718.0,105878291.91000001
2025-08-01 09:40:48 AM,167.4,1989,332958.60000000003,106211250.51
2025-08-01 09:40:49 AM,167.49,30,5024.700000000001,106216275.21000001
2025-08-01 09:40:54 AM,167.49,100,16749.0,106233024.21000001
2025-08-01 09:40:54 AM,167.42,0,0.0,106233024.21000001
2025-08-01 09:40:55 AM,167.42,27,4520.339999999999,106237544.55000001
2025-08-01 09:40:58 AM,167.42,100,16742.0,106254286.55000001
2025-08-01 09:41:05 AM,167.5,0,0.0,106254286.55000001
2025-08-01 09:41:06 AM,167.5,1196,200330.0,106454616.55000001
2025-08-01 09:41:13 AM,167.58,10,1675.8000000000002,106456292.35000001
2025-08-01 09:41:17 AM,167.63,0,0.0,106456292.35000001
2025-08-01 09:41:20 AM,167.58,3518,589546.4400000001,107045838.79
2025-08-01 09:41:21 AM,167.67,161,26994.87,107072833.66000001
2025-08-01 09:41:21 AM,167.6,0,0.0,107072833.66000001
2025-08-01 09:41:26 AM,167.6,14,2346.4,107075180.06000002
2025-08-01 09:41:33 AM,167.6,1,167.6,107075347.66000001
2025-08-01 09:41:39 AM,167.6,449,75252.4,107150600.06000002
2025-08-01 09:41:45 AM,167.61,0,0.0,107150600.06000002
2025-08-01 09:41:46 AM,167.61,10,1676.1000000000001,107152276.16000001
2025-08-01 09:41:59 AM,167.61,79,13241.19,107165517.35000001
2025-08-01 09:42:02 AM,167.6,491,82291.59999999999,107247808.95
2025-08-01 09:42:03 AM,167.6,1,167.6,107247976.55
2025-08-01 09:42:04 AM,167.58,0,0.0,107247976.55
2025-08-01 09:42:04 AM,167.58,203,34018.740000000005,107281995.28999999
2025-08-01 09:42:05 AM,167.6,0,0.0,107281995.28999999
2025-08-01 09:42:06 AM,167.6,300,50280.0,107332275.28999999
2025-08-01 09:42:11 AM,167.6,3,502.79999999999995,107332778.08999999
2025-08-01 09:42:15 AM,167.64,63,10561.32,107343339.40999998
2025-08-01 09:42:22 AM,167.58,0,0.0,107343339.40999998
2025-08-01 09:42:23 AM,167.62,0,0.0,107343339.40999998
2025-08-01 09:42:23 AM,167.62,400,67048.0,107410387.40999998
2025-08-01 09:42:26 AM,167.62,30,5028.6,107415416.00999998
2025-08-01 09:42:27 AM,167.63,298,49953.74,107465369.74999997
2025-08-01 09:42:34 AM,167.62,50,8381.0,107473750.74999997
2025-08-01 09:42:35 AM,167.64,0,0.0,107473750.74999997
2025-08-01 09:42:36 AM,167.64,1,167.64,107473918.38999997
2025-08-01 09:42:37 AM,167.63,0,0.0,107473918.38999997
2025-08-01 09:42:37 AM,167.63,1,167.63,107474086.01999997
2025-08-01 09:42:41 AM,167.63,50,8381.5,107482467.51999997
2025-08-01 09:42:43 AM,167.61,0,0.0,107482467.51999997
2025-08-01 09:42:43 AM,167.61,1000,167610.0,107650077.51999997
2025-08-01 09:42:45 AM,167.62,0,0.0,107650077.51999997
2025-08-01 09:42:46 AM,167.62,1,167.62,107650245.13999997
2025-08-01 09:42:54 AM,167.62,1024,171642.88,107821888.01999997
2025-08-01 09:42:57 AM,167.68,0,0.0,107821888.01999997
2025-08-01 09:42:58 AM,167.68,1000,167680.0,107989568.01999997
2025-08-01 09:43:04 AM,167.73,0,0.0,107989568.01999997
2025-08-01 09:43:04 AM,167.73,70,11741.099999999999,108001309.11999996
2025-08-01 09:43:05 AM,167.68,1,167.68,108001476.79999997
2025-08-01 09:43:16 AM,167.74,0,0.0,108001476.79999997
2025-08-01 09:43:17 AM,167.74,3,503.22,108001980.01999997
2025-08-01 09:43:24 AM,167.72,0,0.0,108001980.01999997
2025-08-01 09:43:24 AM,167.72,10,1677.2,108003657.21999997
2025-08-01 09:43:24 AM,167.68,0,0.0,108003657.21999997
2025-08-01 09:43:25 AM,167.68,217,36386.560000000005,108040043.77999997
2025-08-01 09:43:28 AM,167.64,0,0.0,108040043.77999997
2025-08-01 09:43:28 AM,167.62,0,0.0,108040043.77999997
2025-08-01 09:43:31 AM,167.62,20,3352.4,108043396.17999998
2025-08-01 09:43:32 AM,167.54,0,0.0,108043396.17999998
2025-08-01 09:43:36 AM,167.6,0,0.0,108043396.17999998
2025-08-01 09:43:37 AM,167.6,815,136594.0,108179990.17999998
2025-08-01 09:43:40 AM,167.57,0,0.0,108179990.17999998
2025-08-01 09:43:44 AM,167.57,259,43400.63,108223390.80999997
2025-08-01 09:43:48 AM,167.55,0,0.0,108223390.80999997
2025-08-01 09:43:50 AM,167.55,24,4021.2000000000003,108227412.00999998
2025-08-01 09:43:52 AM,167.62,0,0.0,108227412.00999998
2025-08-01 09:43:56 AM,167.57,0,0.0,108227412.00999998
2025-08-01 09:43:56 AM,167.5,0,0.0,108227412.00999998
2025-08-01 09:43:57 AM,167.5,1153,193127.5,108420539.50999998
2025-08-01 09:44:00 AM,167.52,0,0.0,108420539.50999998
2025-08-01 09:44:03 AM,167.52,2,335.04,108420874.54999998
2025-08-01 09:44:08 AM,167.4,0,0.0,108420874.54999998
2025-08-01 09:44:10 AM,167.42,18,3013.56,108423888.10999998
2025-08-01 09:44:14 AM,167.26,0,0.0,108423888.10999998
2025-08-01 09:44:16 AM,167.3,0,0.0,108423888.10999998
2025-08-01 09:44:17 AM,167.3,4285,716880.5,109140768.60999998
2025-08-01 09:44:18 AM,167.37,0,0.0,109140768.60999998
2025-08-01 09:44:18 AM,167.37,100,16737.0,109157505.60999998
2025-08-01 09:44:20 AM,167.35,0,0.0,109157505.60999998
2025-08-01 09:44:22 AM,167.26,0,0.0,109157505.60999998
2025-08-01 09:44:24 AM,167.34,348,58234.32,109215739.92999998
2025-08-01 09:44:24 AM,167.33,0,0.0,109215739.92999998
2025-08-01 09:44:25 AM,167.33,50,8366.5,109224106.42999998
2025-08-01 09:44:28 AM,167.36,0,0.0,109224106.42999998
2025-08-01 09:44:30 AM,167.36,526,88031.36,109312137.78999998
2025-08-01 09:44:32 AM,167.23,0,0.0,109312137.78999998
2025-08-01 09:44:36 AM,167.3,3321,555603.3,109867741.08999997
2025-08-01 09:44:40 AM,167.31,0,0.0,109867741.08999997
2025-08-01 09:44:43 AM,167.31,100,16731.0,109884472.08999997
2025-08-01 09:44:44 AM,167.32,85,14222.199999999999,109898694.28999998
2025-08-01 09:44:49 AM,167.32,2,334.64,109899028.92999998
2025-08-01 09:44:52 AM,167.31,0,0.0,109899028.92999998
2025-08-01 09:44:54 AM,167.32,0,0.0,109899028.92999998
2025-08-01 09:44:56 AM,167.32,3,501.96,109899530.88999997
2025-08-01 09:45:00 AM,167.25,100,16725.0,109916255.88999997
2025-08-01 09:45:01 AM,167.32,0,0.0,109916255.88999997
2025-08-01 09:45:02 AM,167.32,5,836.5999999999999,109917092.48999996
2025-08-01 09:45:04 AM,167.25,0,0.0,109917092.48999996
2025-08-01 09:45:04 AM,167.25,1117,186818.25,110103910.73999996
2025-08-01 09:45:05 AM,167.2,0,0.0,110103910.73999996
2025-08-01 09:45:06 AM,167.2,285,47652.0,110151562.73999996
2025-08-01 09:45:09 AM,167.2,150,25080.0,110176642.73999996
2025-08-01 09:45:10 AM,167.23,5,836.15,110177478.88999997
2025-08-01 09:45:13 AM,167.2,0,0.0,110177478.88999997
2025-08-01 09:45:14 AM,167.23,12,2006.7599999999998,110179485.64999998
2025-08-01 09:45:19 AM,167.2,1,167.2,110179652.84999998
2025-08-01 09:45:21 AM,167.2,927,154994.4,110334647.24999999
2025-08-01 09:45:22 AM,167.21,0,0.0,110334647.24999999
2025-08-01 09:45:22 AM,167.21,80,13376.800000000001,110348024.04999998
2025-08-01 09:45:23 AM,167.2,0,0.0,110348024.04999998
2025-08-01 09:45:24 AM,167.2,502,83934.4,110431958.44999999
2025-08-01 09:45:25 AM,167.2,441,73735.2,110505693.64999999
2025-08-01 09:45:25 AM,167.21,0,0.0,110505693.64999999
2025-08-01 09:45:26 AM,167.21,5,836.0500000000001,110506529.69999999
2025-08-01 09:45:27 AM,167.25,10,1672.5,110508202.19999999
2025-08-01 09:45:28 AM,167.24,160,26758.4,110534960.6
2025-08-01 09:45:30 AM,167.21,22,3678.6200000000003,110538639.22
2025-08-01 09:45:40 AM,167.25,0,0.0,110538639.22
2025-08-01 09:45:41 AM,167.25,10,1672.5,110540311.72
2025-08-01 09:45:45 AM,167.26,0,0.0,110540311.72
2025-08-01 09:45:46 AM,167.26,150,25089.0,110565400.72
2025-08-01 09:45:47 AM,167.22,0,0.0,110565400.72
2025-08-01 09:45:48 AM,167.22,4,668.88,110566069.6
2025-08-01 09:45:49 AM,167.25,100,16725.0,110582794.6
2025-08-01 09:45:57 AM,167.35,0,0.0,110582794.6
2025-08-01 09:45:57 AM,167.35,1,167.35,110582961.94999999
2025-08-01 09:46:06 AM,167.31,0,0.0,110582961.94999999
2025-08-01 09:46:07 AM,167.31,350,58558.5,110641520.44999999
2025-08-01 09:46:12 AM,167.21,0,0.0,110641520.44999999
2025-08-01 09:46:13 AM,167.15,0,0.0,110641520.44999999
2025-08-01 09:46:14 AM,167.15,1456,243370.4,110884890.85
2025-08-01 09:46:15 AM,167.18,35,5851.3,110890742.14999999
2025-08-01 09:46:17 AM,167.07,0,0.0,110890742.14999999
2025-08-01 09:46:20 AM,167.05,4101,685072.05,111575814.19999999
2025-08-01 09:46:22 AM,167.02,85,14196.7,111590010.89999999
2025-08-01 09:46:25 AM,167.08,0,0.0,111590010.89999999
2025-08-01 09:46:26 AM,167.13,0,0.0,111590010.89999999
2025-08-01 09:46:27 AM,167.08,111,18545.88,111608556.77999999
2025-08-01 09:46:29 AM,167.06,100,16706.0,111625262.77999999
2025-08-01 09:46:37 AM,167.0,0,0.0,111625262.77999999
2025-08-01 09:46:38 AM,166.96,0,0.0,111625262.77999999
2025-08-01 09:46:39 AM,166.98,14482,2418204.36,114043467.13999999
2025-08-01 09:46:46 AM,166.98,15,2504.7,114045971.83999999
2025-08-01 09:46:48 AM,166.97,1,166.97,114046138.80999999
2025-08-01 09:46:54 AM,166.9,4180,697642.0,114743780.80999999
2025-08-01 09:46:57 AM,166.98,0,0.0,114743780.80999999
2025-08-01 09:46:58 AM,166.98,11,1836.78,114745617.58999999
2025-08-01 09:47:00 AM,166.98,1805,301398.89999999997,115047016.49
2025-08-01 09:47:03 AM,166.83,2000,333660.0,115380676.49
2025-08-01 09:47:04 AM,166.98,1505,251304.9,115631981.39
2025-08-01 09:47:05 AM,166.97,0,0.0,115631981.39
2025-08-01 09:47:06 AM,166.97,500,83485.0,115715466.39
2025-08-01 09:47:07 AM,166.9,1,166.9,115715633.29
2025-08-01 09:47:15 AM,166.98,0,0.0,115715633.29
2025-08-01 09:47:16 AM,166.9,0,0.0,115715633.29
2025-08-01 09:47:16 AM,166.9,1104,184257.6,115899890.89
2025-08-01 09:47:22 AM,166.95,70,11686.5,115911577.39
2025-08-01 09:47:23 AM,166.97,0,0.0,115911577.39
2025-08-01 09:47:24 AM,166.97,10,1669.7,115913247.09
2025-08-01 09:47:28 AM,166.98,600,100188.0,116013435.09
2025-08-01 09:47:30 AM,166.99,1,166.99,116013602.08
2025-08-01 09:47:35 AM,166.96,0,0.0,116013602.08
2025-08-01 09:47:36 AM,166.96,150,25044.0,116038646.08
2025-08-01 09:47:36 AM,166.98,0,0.0,116038646.08
2025-08-01 09:47:37 AM,166.98,15,2504.7,116041150.78
2025-08-01 09:47:39 AM,166.86,0,0.0,116041150.78
2025-08-01 09:47:39 AM,166.86,700,116802.00000000001,116157952.78
2025-08-01 09:47:40 AM,166.86,200,33372.0,116191324.78
2025-08-01 09:47:45 AM,166.91,0,0.0,116191324.78
2025-08-01 09:47:46 AM,166.91,20,3338.2,116194662.98
2025-08-01 09:47:49 AM,167.0,500,83500.0,116278162.98
2025-08-01 09:47:52 AM,166.99,5,834.95,116278997.93
2025-08-01 09:47:59 AM,166.99,50,8349.5,116287347.43
2025-08-01 09:48:01 AM,166.98,0,0.0,116287347.43
2025-08-01 09:48:01 AM,166.98,85,14193.3,116301540.73
2025-08-01 09:48:06 AM,166.83,1000,166830.0,116468370.73
2025-08-01 09:48:09 AM,166.94,0,0.0,116468370.73
2025-08-01 09:48:10 AM,166.93,0,0.0,116468370.73
2025-08-01 09:48:10 AM,166.93,150,25039.5,116493410.23
2025-08-01 09:48:11 AM,166.83,28,4671.240000000001,116498081.47
2025-08-01 09:48:12 AM,166.83,25,4170.75,116502252.22
2025-08-01 09:48:13 AM,166.93,500,83465.0,116585717.22
2025-08-01 09:48:14 AM,166.93,148,24705.64,116610422.86
2025-08-01 09:48:17 AM,166.86,0,0.0,116610422.86
2025-08-01 09:48:18 AM,166.86,30,5005.8,116615428.66
2025-08-01 09:48:18 AM,166.86,28,4672.08,116620100.74
2025-08-01 09:48:23 AM,166.86,28,4672.08,116624772.82
2025-08-01 09:48:25 AM,166.81,3028,505100.68,117129873.5
2025-08-01 09:48:26 AM,166.93,1,166.93,117130040.43
2025-08-01 09:48:28 AM,166.85,0,0.0,117130040.43
2025-08-01 09:48:28 AM,166.85,50,8342.5,117138382.93
2025-08-01 09:48:32 AM,166.83,2,333.66,117138716.59
2025-08-01 09:48:35 AM,166.93,0,0.0,117138716.59
2025-08-01 09:48:36 AM,166.93,1,166.93,117138883.52000001
2025-08-01 09:48:39 AM,166.85,2,333.7,117139217.22000001
2025-08-01 09:48:41 AM,166.93,120,20031.600000000002,117159248.82000001
2025-08-01 09:48:45 AM,166.93,50,8346.5,117167595.32000001
2025-08-01 09:48:46 AM,166.93,25,4173.25,117171768.57000001
2025-08-01 09:48:48 AM,166.86,0,0.0,117171768.57000001
2025-08-01 09:48:49 AM,166.86,240,40046.4,117211814.97000001
2025-08-01 09:48:49 AM,166.86,38,6340.68,117218155.65000002
2025-08-01 09:48:49 AM,166.85,200,33370.0,117251525.65000002
2025-08-01 09:48:53 AM,166.98,0,0.0,117251525.65000002
2025-08-01 09:48:54 AM,166.98,4,667.92,117252193.57000002
2025-08-01 09:48:58 AM,166.89,45,7510.049999999999,117259703.62000002
2025-08-01 09:49:00 AM,166.98,0,0.0,117259703.62000002
2025-08-01 09:49:00 AM,166.98,1,166.98,117259870.60000002
2025-08-01 09:49:01 AM,166.98,50,8349.0,117268219.60000002
2025-08-01 09:49:04 AM,166.98,50,8349.0,117276568.60000002
2025-08-01 09:49:09 AM,166.95,0,0.0,117276568.60000002
2025-08-01 09:49:10 AM,166.95,80,13356.0,117289924.60000002
2025-08-01 09:49:18 AM,166.98,0,0.0,117289924.60000002
2025-08-01 09:49:19 AM,166.98,1,166.98,117290091.58000003
2025-08-01 09:49:20 AM,166.95,39,6511.049999999999,117296602.63000003
2025-08-01 09:49:23 AM,166.98,0,0.0,117296602.63000003
2025-08-01 09:49:24 AM,166.98,150,25047.0,117321649.63000003
2025-08-01 09:49:24 AM,166.98,3,500.93999999999994,117322150.57000002
2025-08-01 09:49:27 AM,166.95,5,834.75,117322985.32000002
2025-08-01 09:49:29 AM,166.98,410,68461.8,117391447.12000002
2025-08-01 09:49:31 AM,166.95,9,1502.55,117392949.67000002
2025-08-01 09:49:32 AM,167.0,0,0.0,117392949.67000002
2025-08-01 09:49:32 AM,167.0,500,83500.0,117476449.67000002
2025-08-01 09:49:42 AM,167.0,10,1670.0,117478119.67000002
2025-08-01 09:49:44 AM,166.98,0,0.0,117478119.67000002
2025-08-01 09:49:45 AM,166.98,100,16698.0,117494817.67000002
2025-08-01 09:49:51 AM,166.98,5,834.9,117495652.57000002
2025-08-01 09:49:52 AM,166.88,0,0.0,117495652.57000002
2025-08-01 09:49:53 AM,166.88,1968,328419.83999999997,117824072.41000003
2025-08-01 09:49:53 AM,166.86,180,30034.800000000003,117854107.21000002
2025-08-01 09:49:54 AM,166.81,1414,235869.34,118089976.55000003
2025-08-01 09:49:54 AM,166.85,0,0.0,118089976.55000003
2025-08-01 09:49:55 AM,166.85,188,31367.8,118121344.35000002
2025-08-01 09:49:55 AM,166.8,32,5337.6,118126681.95000002
2025-08-01 09:49:57 AM,166.85,10,1668.5,118128350.45000002
2025-08-01 09:49:59 AM,166.86,0,0.0,118128350.45000002
2025-08-01 09:50:00 AM,166.85,356,59398.6,118187749.05000001
2025-08-01 09:50:02 AM,166.85,200,33370.0,118221119.05000001
2025-08-01 09:50:06 AM,166.85,34,5672.9,118226791.95000002
2025-08-01 09:50:09 AM,166.85,10,1668.5,118228460.45000002
2025-08-01 09:50:13 AM,166.87,206,34375.22,118262835.67000002
2025-08-01 09:50:17 AM,166.81,0,0.0,118262835.67000002
2025-08-01 09:50:18 AM,166.81,7281,1214543.61,119477379.28000002
2025-08-01 09:50:24 AM,166.86,810,135156.6,119612535.88000001
2025-08-01 09:50:24 AM,166.84,0,0.0,119612535.88000001
2025-08-01 09:50:25 AM,166.84,719,119957.96,119732493.84
2025-08-01 09:50:25 AM,166.94,0,0.0,119732493.84
2025-08-01 09:50:26 AM,166.94,20,3338.8,119735832.64
2025-08-01 09:50:29 AM,166.98,7,1168.86,119737001.5
2025-08-01 09:50:31 AM,166.96,0,0.0,119737001.5
2025-08-01 09:50:31 AM,166.87,32,5339.84,119742341.34
2025-08-01 09:50:34 AM,166.94,1,166.94,119742508.28
2025-08-01 09:50:35 AM,166.88,0,0.0,119742508.28
2025-08-01 09:50:36 AM,166.88,30,5006.4,119747514.68
2025-08-01 09:50:38 AM,166.98,138,23043.239999999998,119770557.92
2025-08-01 09:50:39 AM,166.99,50,8349.5,119778907.42
2025-08-01 09:50:42 AM,166.89,2,333.78,119779241.2
2025-08-01 09:51:03 AM,166.9,0,0.0,119779241.2
2025-08-01 09:51:04 AM,166.9,500,83450.0,119862691.2
2025-08-01 09:51:05 AM,166.96,0,0.0,119862691.2
2025-08-01 09:51:05 AM,166.96,92,15360.320000000002,119878051.52
2025-08-01 09:51:08 AM,167.0,0,0.0,119878051.52
2025-08-01 09:51:08 AM,167.0,2542,424514.0,120302565.52
2025-08-01 09:51:11 AM,167.09,0,0.0,120302565.52
2025-08-01 09:51:11 AM,167.09,68,11362.12,120313927.64
2025-08-01 09:51:11 AM,167.14,0,0.0,120313927.64
2025-08-01 09:51:11 AM,167.14,200,33428.0,120347355.64
2025-08-01 09:51:15 AM,167.2,1,167.2,120347522.84
2025-08-01 09:51:18 AM,167.32,0,0.0,120347522.84
2025-08-01 09:51:19 AM,167.32,809,135361.88,120482884.72
2025-08-01 09:51:19 AM,167.22,0,0.0,120482884.72
2025-08-01 09:51:20 AM,167.22,350,58527.0,120541411.72
2025-08-01 09:51:20 AM,167.22,15,2508.3,120543920.02
2025-08-01 09:51:21 AM,167.22,50,8361.0,120552281.02
2025-08-01 09:51:27 AM,167.12,3,501.36,120552782.38
2025-08-01 09:51:28 AM,167.12,54,9024.48,120561806.86
2025-08-01 09:51:30 AM,167.27,3184,532587.68,121094394.54
2025-08-01 09:51:31 AM,167.2,601,100487.2,121194881.74000001
2025-08-01 09:51:31 AM,167.17,7,1170.1899999999998,121196051.93
2025-08-01 09:51:41 AM,167.12,10,1671.2,121197723.13000001
2025-08-01 09:51:44 AM,167.1,130,21723.0,121219446.13000001
2025-08-01 09:51:44 AM,166.96,0,0.0,121219446.13000001
2025-08-01 09:51:45 AM,166.96,1500,250440.0,121469886.13000001
2025-08-01 09:51:56 AM,166.91,1000,166910.0,121636796.13000001
2025-08-01 09:52:03 AM,167.03,8,1336.24,121638132.37
2025-08-01 09:52:14 AM,166.96,5,834.8000000000001,121638967.17
2025-08-01 09:52:18 AM,166.98,10,1669.8,121640636.97
2025-08-01 09:52:21 AM,167.0,900,150300.0,121790936.97
2025-08-01 09:52:25 AM,167.02,200,33404.0,121824340.97
2025-08-01 09:52:29 AM,167.01,0,0.0,121824340.97
2025-08-01 09:52:30 AM,167.01,86,14362.859999999999,121838703.83
2025-08-01 09:52:31 AM,167.01,25,4175.25,121842879.08
2025-08-01 09:52:31 AM,167.0,0,0.0,121842879.08
2025-08-01 09:52:32 AM,167.0,288,48096.0,121890975.08
2025-08-01 09:52:34 AM,167.03,0,0.0,121890975.08
2025-08-01 09:52:35 AM,167.03,5,835.15,121891810.23
2025-08-01 09:52:36 AM,167.03,10,1670.3,121893480.53
2025-08-01 09:52:38 AM,167.03,55,9186.65,121902667.18
2025-08-01 09:52:39 AM,167.03,1,167.03,121902834.21000001
2025-08-01 09:52:41 AM,167.03,5,835.15,121903669.36000001
2025-08-01 09:52:42 AM,167.03,9,1503.27,121905172.63000001
2025-08-01 09:52:43 AM,167.03,100,16703.0,121921875.63000001
2025-08-01 09:52:45 AM,167.03,15,2505.45,121924381.08000001
2025-08-01 09:52:58 AM,167.03,15,2505.45,121926886.53000002
2025-08-01 09:53:03 AM,167.03,1510,252215.3,122179101.83000001
2025-08-01 09:53:05 AM,167.03,1,167.03,122179268.86000001
2025-08-01 09:53:09 AM,167.03,50,8351.5,122187620.36000001
2025-08-01 09:53:11 AM,167.09,0,0.0,122187620.36000001
2025-08-01 09:53:11 AM,167.09,541,90395.69,122278016.05000001
2025-08-01 09:53:14 AM,167.07,0,0.0,122278016.05000001
2025-08-01 09:53:14 AM,167.03,0,0.0,122278016.05000001
2025-08-01 09:53:16 AM,167.0,906,151302.0,122429318.05000001
2025-08-01 09:53:18 AM,167.0,40,6680.0,122435998.05000001
2025-08-01 09:53:22 AM,167.02,0,0.0,122435998.05000001
2025-08-01 09:53:22 AM,167.02,608,101548.16,122537546.21000001
2025-08-01 09:53:24 AM,166.98,0,0.0,122537546.21000001
2025-08-01 09:53:24 AM,167.0,91,15197.0,122552743.21000001
2025-08-01 09:53:27 AM,166.99,0,0.0,122552743.21000001
2025-08-01 09:53:28 AM,167.0,1501,250667.0,122803410.21000001
2025-08-01 09:53:30 AM,167.0,1,167.0,122803577.21000001
2025-08-01 09:53:34 AM,167.0,110,18370.0,122821947.21000001
2025-08-01 09:53:40 AM,166.95,896,149587.19999999998,122971534.41000001
2025-08-01 09:53:44 AM,166.94,0,0.0,122971534.41000001
2025-08-01 09:53:47 AM,166.89,377,62917.52999999999,123034451.94000001
2025-08-01 09:53:54 AM,166.86,0,0.0,123034451.94000001
2025-08-01 09:53:54 AM,166.86,25,4171.5,123038623.44000001
2025-08-01 09:53:59 AM,166.86,196,32704.56,123071328.00000001
2025-08-01 09:54:05 AM,166.86,10,1668.6000000000001,123072996.60000001
2025-08-01 09:54:09 AM,166.91,0,0.0,123072996.60000001
2025-08-01 09:54:11 AM,166.78,3047,508178.66,123581175.26
2025-08-01 09:54:15 AM,166.88,0,0.0,123581175.26
2025-08-01 09:54:15 AM,166.81,0,0.0,123581175.26
2025-08-01 09:54:18 AM,166.81,165,27523.65,123608698.91000001
2025-08-01 09:54:19 AM,166.85,30,5005.5,123613704.41000001
2025-08-01 09:54:21 AM,166.84,0,0.0,123613704.41000001
2025-08-01 09:54:24 AM,166.84,132,22022.88,123635727.29
2025-08-01 09:54:25 AM,166.83,16,2669.28,123638396.57000001
2025-08-01 09:54:28 AM,166.84,0,0.0,123638396.57000001
2025-08-01 09:54:30 AM,166.84,330,55057.200000000004,123693453.77000001
2025-08-01 09:54:37 AM,166.85,182,30366.7,123723820.47000001
2025-08-01 09:54:37 AM,166.9,2,333.8,123724154.27000001
2025-08-01 09:54:43 AM,166.9,2,333.8,123724488.07000001
2025-08-01 09:54:46 AM,166.82,0,0.0,123724488.07000001
2025-08-01 09:54:48 AM,166.84,606,101105.04000000001,123825593.11000001
2025-08-01 09:54:55 AM,166.89,0,0.0,123825593.11000001
2025-08-01 09:54:55 AM,166.89,500,83445.0,123909038.11000001
2025-08-01 09:54:55 AM,166.81,0,0.0,123909038.11000001
2025-08-01 09:54:58 AM,166.89,0,0.0,123909038.11000001
2025-08-01 09:55:00 AM,166.89,74,12349.859999999999,123921387.97000001
2025-08-01 09:55:03 AM,166.84,4,667.36,123922055.33000001
2025-08-01 09:55:03 AM,166.81,0,0.0,123922055.33000001
2025-08-01 09:55:04 AM,166.81,5156,860072.36,124782127.69000001
2025-08-01 09:55:11 AM,166.82,0,0.0,124782127.69000001
2025-08-01 09:55:12 AM,166.82,339,56551.979999999996,124838679.67000002
2025-08-01 09:55:15 AM,166.82,5339,890651.98,125729331.65000002
2025-08-01 09:55:15 AM,166.81,0,0.0,125729331.65000002
2025-08-01 09:55:16 AM,166.81,20,3336.2,125732667.85000002
2025-08-01 09:55:28 AM,166.83,0,0.0,125732667.85000002
2025-08-01 09:55:29 AM,166.81,0,0.0,125732667.85000002
2025-08-01 09:55:29 AM,166.81,520,86741.2,125819409.05000003
2025-08-01 09:55:32 AM,166.84,60,10010.4,125829419.45000003
2025-08-01 09:55:35 AM,166.84,8,1334.72,125830754.17000003
2025-08-01 09:55:37 AM,166.84,25,4171.0,125834925.17000003
2025-08-01 09:55:41 AM,166.84,600,100104.0,125935029.17000003
2025-08-01 09:55:43 AM,166.85,0,0.0,125935029.17000003
2025-08-01 09:55:43 AM,166.85,19,3170.15,125938199.32000004
2025-08-01 09:55:46 AM,166.96,80,13356.800000000001,125951556.12000003
2025-08-01 09:55:46 AM,166.89,235,39219.149999999994,125990775.27000004
2025-08-01 09:55:47 AM,166.88,0,0.0,125990775.27000004
2025-08-01 09:55:47 AM,166.88,500,83440.0,126074215.27000004
2025-08-01 09:55:49 AM,166.87,1107,184725.09,126258940.36000004
2025-08-01 09:55:51 AM,167.05,2850,476092.50000000006,126735032.86000004
2025-08-01 09:55:57 AM,167.01,0,0.0,126735032.86000004
2025-08-01 09:55:57 AM,167.01,110,18371.1,126753403.96000004
2025-08-01 09:55:58 AM,167.09,20,3341.8,126756745.76000004
2025-08-01 09:55:58 AM,167.01,10,1670.1,126758415.86000003
2025-08-01 09:56:13 AM,167.05,202,33744.100000000006,126792159.96000002
2025-08-01 09:56:16 AM,167.05,700,116935.00000000001,126909094.96000002
2025-08-01 09:56:17 AM,167.01,0,0.0,126909094.96000002
2025-08-01 09:56:17 AM,167.01,13,2171.13,126911266.09000002
2025-08-01 09:56:19 AM,167.01,2,334.02,126911600.11000001
2025-08-01 09:56:23 AM,167.01,130,21711.3,126933311.41000001
2025-08-01 09:56:24 AM,167.05,0,0.0,126933311.41000001
2025-08-01 09:56:24 AM,167.05,100,16705.0,126950016.41000001
2025-08-01 09:56:28 AM,167.05,53,8853.650000000001,126958870.06000002
2025-08-01 09:56:29 AM,167.01,1,167.01,126959037.07000002
2025-08-01 09:56:37 AM,167.01,10,1670.1,126960707.17000002
2025-08-01 09:56:38 AM,167.0,0,0.0,126960707.17000002
2025-08-01 09:56:38 AM,167.0,401,66967.0,127027674.17000002
2025-08-01 09:56:39 AM,166.9,45,7510.5,127035184.67000002
2025-08-01 09:56:40 AM,166.91,0,0.0,127035184.67000002
2025-08-01 09:56:40 AM,166.91,52,8679.32,127043863.99000001
2025-08-01 09:56:41 AM,166.85,0,0.0,127043863.99000001
2025-08-01 09:56:41 AM,166.85,200,33370.0,127077233.99000001
2025-08-01 09:56:41 AM,166.95,98,16361.099999999999,127093595.09
2025-08-01 09:56:44 AM,166.9,98,16356.2,127109951.29
2025-08-01 09:56:55 AM,166.89,0,0.0,127109951.29
2025-08-01 09:56:55 AM,166.89,10,1668.8999999999999,127111620.19000001
2025-08-01 09:56:58 AM,166.9,0,0.0,127111620.19000001
2025-08-01 09:56:58 AM,166.9,1450,242005.0,127353625.19000001
2025-08-01 09:57:00 AM,166.91,0,0.0,127353625.19000001
2025-08-01 09:57:00 AM,166.91,500,83455.0,127437080.19000001
2025-08-01 09:57:06 AM,166.9,0,0.0,127437080.19000001
2025-08-01 09:57:06 AM,166.9,505,84284.5,127521364.69000001
2025-08-01 09:57:07 AM,166.85,11,1835.35,127523200.04
2025-08-01 09:57:30 AM,166.9,0,0.0,127523200.04
2025-08-01 09:57:31 AM,166.9,1,166.9,127523366.94000001
2025-08-01 09:57:41 AM,166.88,1213,202425.44,127725792.38000001
2025-08-01 09:57:43 AM,166.88,2,333.76,127726126.14000002
2025-08-01 09:57:46 AM,166.81,0,0.0,127726126.14000002
2025-08-01 09:57:47 AM,166.81,241,40201.21,127766327.35000001
2025-08-01 09:57:50 AM,166.8,0,0.0,127766327.35000001
2025-08-01 09:57:50 AM,166.8,215,35862.0,127802189.35000001
2025-08-01 09:57:56 AM,166.8,470,78396.0,127880585.35000001
2025-08-01 09:57:59 AM,166.8,2,333.6,127880918.95
2025-08-01 09:58:00 AM,166.79,31,5170.49,127886089.44
2025-08-01 09:58:02 AM,166.7,1614,269053.8,128155143.24
2025-08-01 09:58:02 AM,166.68,21,3500.28,128158643.52
2025-08-01 09:58:05 AM,166.7,50,8335.0,128166978.52
2025-08-01 09:58:11 AM,166.68,0,0.0,128166978.52
2025-08-01 09:58:11 AM,166.68,2006,334360.08,128501338.6
2025-08-01 09:58:11 AM,166.7,5,833.5,128502172.1
2025-08-01 09:58:14 AM,166.67,0,0.0,128502172.1
2025-08-01 09:58:14 AM,166.65,125,20831.25,128523003.35
2025-08-01 09:58:15 AM,166.69,35,5834.15,128528837.5
2025-08-01 09:58:16 AM,166.65,0,0.0,128528837.5
2025-08-01 09:58:16 AM,166.65,55,9165.75,128538003.25
2025-08-01 09:58:18 AM,166.67,250,41667.5,128579670.75
2025-08-01 09:58:19 AM,166.64,515,85819.59999999999,128665490.35
2025-08-01 09:58:21 AM,166.49,0,0.0,128665490.35
2025-08-01 09:58:21 AM,166.5,8535,1421077.5,130086567.85
2025-08-01 09:58:22 AM,166.5,3,499.5,130087067.35
2025-08-01 09:58:23 AM,166.49,0,0.0,130087067.35
2025-08-01 09:58:23 AM,166.49,160,26638.4,130113705.75
2025-08-01 09:58:24 AM,166.46,1721,286477.66000000003,130400183.41
2025-08-01 09:58:25 AM,166.47,0,0.0,130400183.41
2025-08-01 09:58:25 AM,166.47,905,150655.35,130550838.75999999
2025-08-01 09:58:28 AM,166.46,0,0.0,130550838.75999999
2025-08-01 09:58:28 AM,166.46,150,24969.0,130575807.75999999
2025-08-01 09:58:30 AM,166.46,434,72243.64,130648051.39999999
2025-08-01 09:58:31 AM,166.47,1066,177457.02,130825508.41999999
2025-08-01 09:58:35 AM,166.28,0,0.0,130825508.41999999
2025-08-01 09:58:35 AM,166.32,0,0.0,130825508.41999999
2025-08-01 09:58:35 AM,166.22,18071,3003761.62,133829270.03999999
2025-08-01 09:58:36 AM,166.29,0,0.0,133829270.03999999
2025-08-01 09:58:36 AM,166.29,191,31761.39,133861031.42999999
2025-08-01 09:58:37 AM,166.2,0,0.0,133861031.42999999
2025-08-01 09:58:37 AM,166.24,1298,215779.52000000002,134076810.94999999
2025-08-01 09:58:38 AM,166.24,149,24769.760000000002,134101580.71
2025-08-01 09:58:39 AM,166.24,2,332.48,134101913.19
2025-08-01 09:58:41 AM,166.2,150,24930.0,134126843.19
2025-08-01 09:58:43 AM,166.26,0,0.0,134126843.19
2025-08-01 09:58:43 AM,166.26,1000,166260.0,134293103.19
2025-08-01 09:58:44 AM,166.25,0,0.0,134293103.19
2025-08-01 09:58:44 AM,166.25,1,166.25,134293269.44
2025-08-01 09:58:45 AM,166.25,1,166.25,134293435.69
2025-08-01 09:58:46 AM,166.29,0,0.0,134293435.69
2025-08-01 09:58:46 AM,166.29,317,52713.93,134346149.62
2025-08-01 09:58:48 AM,166.33,4,665.32,134346814.94
2025-08-01 09:58:53 AM,166.33,10,1663.3000000000002,134348478.24
2025-08-01 09:58:55 AM,166.43,500,83215.0,134431693.24
2025-08-01 09:58:57 AM,166.42,3002,499592.83999999997,134931286.08
2025-08-01 09:58:59 AM,166.31,301,50059.31,134981345.39000002
2025-08-01 09:59:05 AM,166.29,401,66682.29,135048027.68
2025-08-01 09:59:08 AM,166.28,0,0.0,135048027.68
2025-08-01 09:59:08 AM,166.28,446,74160.88,135122188.56
2025-08-01 09:59:08 AM,166.33,15,2494.9500000000003,135124683.51
2025-08-01 09:59:09 AM,166.27,0,0.0,135124683.51
2025-08-01 09:59:09 AM,166.27,400,66508.0,135191191.51
2025-08-01 09:59:09 AM,166.4,434,72217.6,135263409.10999998
2025-08-01 09:59:11 AM,166.38,200,33276.0,135296685.10999998
2025-08-01 09:59:12 AM,166.46,1,166.46,135296851.57
2025-08-01 09:59:13 AM,166.37,0,0.0,135296851.57
2025-08-01 09:59:13 AM,166.37,400,66548.0,135363399.57
2025-08-01 09:59:19 AM,166.48,0,0.0,135363399.57
2025-08-01 09:59:19 AM,166.48,400,66592.0,135429991.57
2025-08-01 09:59:25 AM,166.41,0,0.0,135429991.57
2025-08-01 09:59:25 AM,166.41,1000,166410.0,135596401.57
2025-08-01 09:59:26 AM,166.43,0,0.0,135596401.57
2025-08-01 09:59:26 AM,166.43,150,24964.5,135621366.07
2025-08-01 09:59:27 AM,166.48,0,0.0,135621366.07
2025-08-01 09:59:27 AM,166.48,150,24972.0,135646338.07
2025-08-01 09:59:35 AM,166.41,0,0.0,135646338.07
2025-08-01 09:59:35 AM,166.32,1650,274428.0,135920766.07
2025-08-01 09:59:36 AM,166.43,0,0.0,135920766.07
2025-08-01 09:59:36 AM,166.43,110,18307.3,135939073.37
2025-08-01 09:59:36 AM,166.5,500,83250.0,136022323.37
2025-08-01 09:59:38 AM,166.48,300,49944.0,136072267.37
2025-08-01 09:59:45 AM,166.48,40,6659.2,136078926.57
2025-08-01 09:59:46 AM,166.49,100,16649.0,136095575.57
2025-08-01 09:59:49 AM,166.45,82,13648.9,136109224.47
2025-08-01 09:59:59 AM,166.54,10,1665.3999999999999,136110889.87
2025-08-01 10:00:04 AM,166.54,2,333.08,136111222.95000002
2025-08-01 10:00:05 AM,166.45,888,147807.59999999998,136259030.55
2025-08-01 10:00:06 AM,166.44,0,0.0,136259030.55
2025-08-01 10:00:06 AM,166.44,7,1165.08,136260195.63000003
2025-08-01 10:00:06 AM,166.35,3602,599192.7,136859388.33
2025-08-01 10:00:07 AM,166.42,3,499.26,136859887.59
2025-08-01 10:00:11 AM,166.39,20,3327.7999999999997,136863215.39000002
2025-08-01 10:00:12 AM,166.35,435,72362.25,136935577.64000002
2025-08-01 10:00:14 AM,166.49,0,0.0,136935577.64000002
2025-08-01 10:00:14 AM,166.49,1,166.49,136935744.13000003
2025-08-01 10:00:16 AM,166.58,12975,2161375.5,139097119.63000003
2025-08-01 10:00:21 AM,166.54,3,499.62,139097619.25000003
2025-08-01 10:00:25 AM,166.54,1,166.54,139097785.79000002
2025-08-01 10:00:26 AM,166.54,3,499.62,139098285.41000003
2025-08-01 10:00:29 AM,166.54,1,166.54,139098451.95000002
2025-08-01 10:00:35 AM,166.44,0,0.0,139098451.95000002
2025-08-01 10:00:35 AM,166.49,759,126365.91,139224817.86
2025-08-01 10:00:37 AM,166.52,100,16652.0,139241469.86
2025-08-01 10:00:40 AM,166.5,0,0.0,139241469.86
2025-08-01 10:00:40 AM,166.5,308,51282.0,139292751.86
2025-08-01 10:00:41 AM,166.53,0,0.0,139292751.86
2025-08-01 10:00:41 AM,166.53,50,8326.5,139301078.36
2025-08-01 10:00:47 AM,166.5,0,0.0,139301078.36
2025-08-01 10:00:47 AM,166.5,25,4162.5,139305240.86
2025-08-01 10:00:49 AM,166.5,620,103230.0,139408470.86
2025-08-01 10:00:51 AM,166.5,5,832.5,139409303.36
2025-08-01 10:00:51 AM,166.5,90,14985.0,139424288.36
2025-08-01 10:00:52 AM,166.5,1,166.5,139424454.86
2025-08-01 10:00:57 AM,166.52,269,44793.880000000005,139469248.74
2025-08-01 10:01:02 AM,166.58,3,499.74,139469748.48000002
2025-08-01 10:01:04 AM,166.72,0,0.0,139469748.48000002
2025-08-01 10:01:05 AM,166.72,1077,179557.44,139649305.92000002
2025-08-01 10:01:09 AM,166.73,0,0.0,139649305.92000002
2025-08-01 10:01:09 AM,166.73,1010,168397.3,139817703.22000003
2025-08-01 10:01:11 AM,166.65,0,0.0,139817703.22000003
2025-08-01 10:01:12 AM,166.65,27,4499.55,139822202.77000004
2025-08-01 10:01:15 AM,166.72,0,0.0,139822202.77000004
2025-08-01 10:01:15 AM,166.72,25,4168.0,139826370.77000004
2025-08-01 10:01:18 AM,166.76,10,1667.6,139828038.37000003
2025-08-01 10:01:20 AM,166.72,0,0.0,139828038.37000003
2025-08-01 10:01:21 AM,166.72,160,26675.2,139854713.57000002
2025-08-01 10:01:24 AM,166.65,100,16665.0,139871378.57000002
2025-08-01 10:01:31 AM,166.62,0,0.0,139871378.57000002
2025-08-01 10:01:33 AM,166.65,392,65326.8,139936705.37000003
2025-08-01 10:01:36 AM,166.65,100,16665.0,139953370.37000003
2025-08-01 10:01:40 AM,166.65,1,166.65,139953537.02000004
2025-08-01 10:01:42 AM,166.62,15,2499.3,139956036.32000005
2025-08-01 10:01:52 AM,166.76,0,0.0,139956036.32000005
2025-08-01 10:01:52 AM,166.8,1115,185982.0,140142018.32000005
2025-08-01 10:01:56 AM,166.76,0,0.0,140142018.32000005
2025-08-01 10:01:58 AM,166.76,20,3335.2,140145353.52000004
2025-08-01 10:02:02 AM,166.8,5,834.0,140146187.52000004
2025-08-01 10:02:03 AM,166.8,25,4170.0,140150357.52000004
2025-08-01 10:02:09 AM,166.8,200,33360.0,140183717.52000004
2025-08-01 10:02:11 AM,166.76,0,0.0,140183717.52000004
2025-08-01 10:02:11 AM,166.76,400,66704.0,140250421.52000004
2025-08-01 10:02:13 AM,166.73,370,61690.1,140312111.62000003
2025-08-01 10:02:19 AM,166.76,0,0.0,140312111.62000003
2025-08-01 10:02:19 AM,166.76,1,166.76,140312278.38000003
2025-08-01 10:02:22 AM,166.76,799,133241.24,140445519.62000003
2025-08-01 10:02:24 AM,166.77,50,8338.5,140453858.12000003
2025-08-01 10:02:25 AM,166.8,3,500.40000000000003,140454358.52000004
2025-08-01 10:02:27 AM,166.86,5,834.3000000000001,140455192.82000005
2025-08-01 10:02:29 AM,166.8,0,0.0,140455192.82000005
2025-08-01 10:02:29 AM,166.8,500,83400.0,140538592.82000005
2025-08-01 10:02:37 AM,166.82,375,62557.5,140601150.32000005
2025-08-01 10:02:45 AM,166.78,0,0.0,140601150.32000005
2025-08-01 10:02:45 AM,166.78,4,667.12,140601817.44000006
2025-08-01 10:02:46 AM,166.78,1,166.78,140601984.22000006
2025-08-01 10:02:47 AM,166.78,100,16678.0,140618662.22000006
2025-08-01 10:02:52 AM,166.81,100,16681.0,140635343.22000006
2025-08-01 10:02:53 AM,166.79,80,13343.199999999999,140648686.42000005
2025-08-01 10:02:54 AM,166.79,3,500.37,140649186.79000005
2025-08-01 10:02:55 AM,166.74,360,60026.4,140709213.19000006
2025-08-01 10:02:57 AM,166.82,300,50046.0,140759259.19000006
2025-08-01 10:03:07 AM,166.72,0,0.0,140759259.19000006
2025-08-01 10:03:08 AM,166.74,842,140395.08000000002,140899654.27000007
2025-08-01 10:03:10 AM,166.78,1500,250170.0,141149824.27000007
2025-08-01 10:03:14 AM,166.79,23,3836.1699999999996,141153660.44000006
2025-08-01 10:03:21 AM,166.76,1545,257644.19999999998,141411304.64000005
2025-08-01 10:03:27 AM,166.79,0,0.0,141411304.64000005
2025-08-01 10:03:27 AM,166.79,35,5837.65,141417142.29000005
2025-08-01 10:03:29 AM,166.76,2000,333520.0,141750662.29000005
2025-08-01 10:03:34 AM,166.84,36,6006.24,141756668.53000006
2025-08-01 10:03:40 AM,166.86,728,121474.08000000002,141878142.61000007
2025-08-01 10:03:46 AM,166.9,400,66760.0,141944902.61000007
2025-08-01 10:03:48 AM,166.9,400,66760.0,142011662.61000007
2025-08-01 10:03:52 AM,166.84,50,8342.0,142020004.61000007
2025-08-01 10:03:54 AM,166.81,1409,235035.29,142255039.90000007
2025-08-01 10:03:59 AM,166.91,0,0.0,142255039.90000007
2025-08-01 10:03:59 AM,166.91,100,16691.0,142271730.90000007
2025-08-01 10:04:01 AM,166.78,3690,615418.2,142887149.10000005
2025-08-01 10:04:07 AM,166.77,1,166.77,142887315.87000006
2025-08-01 10:04:11 AM,166.78,0,0.0,142887315.87000006
2025-08-01 10:04:11 AM,166.78,103,17178.34,142904494.21000007
2025-08-01 10:04:15 AM,166.79,0,0.0,142904494.21000007
2025-08-01 10:04:17 AM,166.79,3,500.37,142904994.58000007
2025-08-01 10:04:30 AM,166.8,31,5170.8,142910165.38000008
2025-08-01 10:04:32 AM,166.8,1,166.8,142910332.1800001
2025-08-01 10:04:36 AM,166.83,310,51717.3,142962049.4800001
2025-08-01 10:04:43 AM,166.83,2,333.66,142962383.1400001
2025-08-01 10:04:45 AM,166.83,2,333.66,142962716.8000001
2025-08-01 10:04:51 AM,166.79,5,833.9499999999999,142963550.7500001
2025-08-01 10:04:55 AM,166.79,10,1667.8999999999999,142965218.6500001
2025-08-01 10:04:57 AM,166.84,0,0.0,142965218.6500001
2025-08-01 10:04:57 AM,166.84,1000,166840.0,143132058.6500001
2025-08-01 10:05:02 AM,166.8,0,0.0,143132058.6500001
2025-08-01 10:05:02 AM,166.8,2,333.6,143132392.2500001
2025-08-01 10:05:06 AM,166.8,3,500.40000000000003,143132892.6500001
2025-08-01 10:05:06 AM,166.83,400,66732.0,143199624.6500001
2025-08-01 10:05:08 AM,166.8,0,0.0,143199624.6500001
2025-08-01 10:05:08 AM,166.8,15,2502.0,143202126.6500001
2025-08-01 10:05:11 AM,166.77,10,1667.7,143203794.35000008
2025-08-01 10:05:14 AM,166.71,0,0.0,143203794.35000008
2025-08-01 10:05:14 AM,166.71,380,63349.8,143267144.1500001
2025-08-01 10:05:23 AM,166.71,100,16671.0,143283815.1500001
2025-08-01 10:05:29 AM,166.7,18,3000.6,143286815.7500001
2025-08-01 10:05:36 AM,166.74,0,0.0,143286815.7500001
2025-08-01 10:05:36 AM,166.74,50,8337.0,143295152.7500001
2025-08-01 10:05:41 AM,166.74,26,4335.24,143299487.9900001
2025-08-01 10:05:43 AM,166.76,0,0.0,143299487.9900001
2025-08-01 10:05:43 AM,166.76,20,3335.2,143302823.1900001
2025-08-01 10:05:50 AM,166.8,2,333.6,143303156.79000008
2025-08-01 10:05:55 AM,166.84,15,2502.6,143305659.39000008
2025-08-01 10:05:59 AM,166.8,0,0.0,143305659.39000008
2025-08-01 10:05:59 AM,166.8,1,166.8,143305826.1900001
2025-08-01 10:05:59 AM,166.8,499,83233.20000000001,143389059.39000008
2025-08-01 10:06:01 AM,166.83,0,0.0,143389059.39000008
2025-08-01 10:06:01 AM,166.83,1,166.83,143389226.2200001
2025-08-01 10:06:01 AM,166.87,100,16687.0,143405913.2200001
2025-08-01 10:06:14 AM,166.75,0,0.0,143405913.2200001
2025-08-01 10:06:14 AM,166.75,6123,1021010.25,144426923.4700001
2025-08-01 10:06:15 AM,166.74,0,0.0,144426923.4700001
2025-08-01 10:06:15 AM,166.74,4,666.96,144427590.4300001
2025-08-01 10:06:16 AM,166.74,2,333.48,144427923.9100001
2025-08-01 10:06:17 AM,166.65,0,0.0,144427923.9100001
2025-08-01 10:06:17 AM,166.65,165,27497.25,144455421.1600001
2025-08-01 10:06:17 AM,166.74,11,1834.14,144457255.30000007
2025-08-01 10:06:25 AM,166.72,0,0.0,144457255.30000007
2025-08-01 10:06:25 AM,166.72,50,8336.0,144465591.30000007
2025-08-01 10:06:26 AM,166.73,0,0.0,144465591.30000007
2025-08-01 10:06:26 AM,166.73,50,8336.5,144473927.80000007
2025-08-01 10:06:27 AM,166.73,10,1667.3,144475595.10000008
2025-08-01 10:06:27 AM,166.7,10,1667.0,144477262.10000008
2025-08-01 10:06:30 AM,166.7,400,66680.0,144543942.10000008
2025-08-01 10:06:30 AM,166.77,1100,183447.0,144727389.10000008
2025-08-01 10:06:31 AM,166.7,0,0.0,144727389.10000008
2025-08-01 10:06:31 AM,166.7,13,2167.1,144729556.20000008
2025-08-01 10:06:32 AM,166.75,0,0.0,144729556.20000008
2025-08-01 10:06:32 AM,166.7,16,2667.2,144732223.40000007
2025-08-01 10:06:34 AM,166.7,261,43508.7,144775732.10000005
2025-08-01 10:06:34 AM,166.63,4389,731339.07,145507071.17000005
2025-08-01 10:06:35 AM,166.62,2485,414050.7,145921121.87000003
2025-08-01 10:06:38 AM,166.6,0,0.0,145921121.87000003
2025-08-01 10:06:38 AM,166.6,800,133280.0,146054401.87000003
2025-08-01 10:06:41 AM,166.6,522,86965.2,146141367.07000002
2025-08-01 10:06:45 AM,166.6,50,8330.0,146149697.07000002
2025-08-01 10:06:46 AM,166.55,0,0.0,146149697.07000002
2025-08-01 10:06:46 AM,166.55,525,87438.75,146237135.82000002
2025-08-01 10:06:47 AM,166.55,37,6162.35,146243298.17000002
2025-08-01 10:06:50 AM,166.66,0,0.0,146243298.17000002
2025-08-01 10:06:50 AM,166.66,10,1666.6,146244964.77
2025-08-01 10:06:51 AM,166.57,5,832.8499999999999,146245797.62
2025-08-01 10:06:52 AM,166.66,0,0.0,146245797.62
2025-08-01 10:06:52 AM,166.58,311,51806.380000000005,146297604.0
2025-08-01 10:06:56 AM,166.55,1382,230172.1,146527776.1
2025-08-01 10:06:57 AM,166.57,431,71791.67,146599567.76999998
2025-08-01 10:07:03 AM,166.65,18,2999.7000000000003,146602567.46999997
2025-08-01 10:07:05 AM,166.57,7,1165.99,146603733.45999998
2025-08-01 10:07:12 AM,166.48,0,0.0,146603733.45999998
2025-08-01 10:07:12 AM,166.48,5000,832400.0,147436133.45999998
2025-08-01 10:07:13 AM,166.63,0,0.0,147436133.45999998
2025-08-01 10:07:13 AM,166.63,26,4332.38,147440465.83999997
2025-08-01 10:07:20 AM,166.63,105,17496.149999999998,147457961.98999998
2025-08-01 10:07:21 AM,166.63,30,4998.9,147462960.89
2025-08-01 10:07:25 AM,166.63,25,4165.75,147467126.64
2025-08-01 10:07:28 AM,166.63,221,36825.229999999996,147503951.86999997
2025-08-01 10:07:30 AM,166.63,1,166.63,147504118.49999997
2025-08-01 10:07:32 AM,166.66,0,0.0,147504118.49999997
2025-08-01 10:07:32 AM,166.66,3,499.98,147504618.47999996
2025-08-01 10:07:33 AM,166.66,2,333.32,147504951.79999995
2025-08-01 10:07:35 AM,166.66,1,166.66,147505118.45999995
2025-08-01 10:07:41 AM,166.65,0,0.0,147505118.45999995
2025-08-01 10:07:41 AM,166.65,225,37496.25,147542614.70999995
2025-08-01 10:07:42 AM,166.64,395,65822.79999999999,147608437.50999996
2025-08-01 10:07:43 AM,166.66,0,0.0,147608437.50999996
2025-08-01 10:07:43 AM,166.66,25,4166.5,147612604.00999996
2025-08-01 10:07:43 AM,166.66,52,8666.32,147621270.32999995
2025-08-01 10:07:48 AM,166.7,748,124691.59999999999,147745961.92999995
2025-08-01 10:07:50 AM,166.7,2,333.4,147746295.32999995
2025-08-01 10:07:55 AM,166.68,0,0.0,147746295.32999995
2025-08-01 10:07:55 AM,166.65,149,24830.850000000002,147771126.17999995
2025-08-01 10:07:56 AM,166.67,7,1166.6899999999998,147772292.86999995
2025-08-01 10:08:02 AM,166.65,236,39329.4,147811622.26999995
2025-08-01 10:08:04 AM,166.63,0,0.0,147811622.26999995
2025-08-01 10:08:04 AM,166.63,17988,2997340.44,150808962.70999995
2025-08-01 10:08:05 AM,166.56,0,0.0,150808962.70999995
2025-08-01 10:08:05 AM,166.56,239,39807.840000000004,150848770.54999995
2025-08-01 10:08:06 AM,166.56,30,4996.8,150853767.34999996
2025-08-01 10:08:07 AM,166.64,0,0.0,150853767.34999996
2025-08-01 10:08:07 AM,166.64,98,16330.72,150870098.06999996
2025-08-01 10:08:08 AM,166.56,154,25650.24,150895748.30999997
2025-08-01 10:08:09 AM,166.56,87,14490.72,150910239.02999997
2025-08-01 10:08:10 AM,166.56,645,107431.2,151017670.22999996
2025-08-01 10:08:13 AM,166.57,0,0.0,151017670.22999996
2025-08-01 10:08:13 AM,166.57,499,83118.43,151100788.65999997
2025-08-01 10:08:16 AM,166.64,1,166.64,151100955.29999995
2025-08-01 10:08:22 AM,166.64,10,1666.3999999999999,151102621.69999996
2025-08-01 10:08:23 AM,166.64,10,1666.3999999999999,151104288.09999996
2025-08-01 10:08:30 AM,166.65,551,91824.15000000001,151196112.24999997
2025-08-01 10:08:30 AM,166.76,8,1334.08,151197446.32999998
2025-08-01 10:08:38 AM,166.76,3,500.28,151197946.60999998
2025-08-01 10:08:47 AM,166.76,10,1667.6,151199614.20999998
2025-08-01 10:08:48 AM,166.76,59,9838.84,151209453.04999998
2025-08-01 10:08:52 AM,166.71,0,0.0,151209453.04999998
2025-08-01 10:08:52 AM,166.71,43,7168.530000000001,151216621.57999998
2025-08-01 10:08:54 AM,166.76,94,15675.439999999999,151232297.01999998
2025-08-01 10:08:55 AM,166.7,503,83850.09999999999,151316147.11999997
2025-08-01 10:08:58 AM,166.69,1,166.69,151316313.80999997
2025-08-01 10:09:00 AM,166.64,1,166.64,151316480.44999996
2025-08-01 10:09:05 AM,166.64,32,5332.48,151321812.92999995
2025-08-01 10:09:11 AM,166.66,0,0.0,151321812.92999995
2025-08-01 10:09:12 AM,166.66,100,16666.0,151338478.92999995
2025-08-01 10:09:33 AM,166.71,1,166.71,151338645.63999996
2025-08-01 10:09:40 AM,166.76,0,0.0,151338645.63999996
2025-08-01 10:09:40 AM,166.76,100,16676.0,151355321.63999996
2025-08-01 10:09:43 AM,166.81,0,0.0,151355321.63999996
2025-08-01 10:09:43 AM,166.82,0,0.0,151355321.63999996
2025-08-01 10:09:43 AM,166.82,88,14680.16,151370001.79999995
2025-08-01 10:09:47 AM,166.86,0,0.0,151370001.79999995
2025-08-01 10:09:47 AM,166.86,15,2502.9,151372504.69999996
2025-08-01 10:09:48 AM,166.65,10000,1666500.0,153039004.69999996
2025-08-01 10:09:49 AM,166.55,0,0.0,153039004.69999996
2025-08-01 10:09:49 AM,166.44,0,0.0,153039004.69999996
2025-08-01 10:09:49 AM,166.44,22106,3679322.64,156718327.33999994
2025-08-01 10:10:01 AM,166.44,1200,199728.0,156918055.33999994
2025-08-01 10:10:02 AM,166.48,5,832.4,156918887.73999995
2025-08-01 10:10:03 AM,166.48,10,1664.8,156920552.53999996
2025-08-01 10:10:06 AM,166.48,8,1331.84,156921884.37999997
2025-08-01 10:10:09 AM,166.48,35,5826.799999999999,156927711.17999998
2025-08-01 10:10:10 AM,166.48,5,832.4,156928543.57999998
2025-08-01 10:10:11 AM,166.48,46,7658.08,156936201.66
2025-08-01 10:10:13 AM,166.48,501,83406.48,157019608.14
2025-08-01 10:10:14 AM,166.49,0,0.0,157019608.14
2025-08-01 10:10:14 AM,166.48,0,0.0,157019608.14
2025-08-01 10:10:14 AM,166.48,50,8324.0,157027932.14
2025-08-01 10:10:16 AM,166.43,0,0.0,157027932.14
2025-08-01 10:10:16 AM,166.43,1093,181907.99000000002,157209840.13
2025-08-01 10:10:18 AM,166.4,0,0.0,157209840.13
2025-08-01 10:10:18 AM,166.4,1425,237120.0,157446960.13
2025-08-01 10:10:20 AM,166.35,0,0.0,157446960.13
2025-08-01 10:10:20 AM,166.35,25,4158.75,157451118.88
2025-08-01 10:10:26 AM,166.4,0,0.0,157451118.88
2025-08-01 10:10:26 AM,166.43,21,3495.03,157454613.91
2025-08-01 10:10:28 AM,166.43,33,5492.1900000000005,157460106.1
2025-08-01 10:10:34 AM,166.43,79,13147.970000000001,157473254.07
2025-08-01 10:10:34 AM,166.43,50,8321.5,157481575.57
2025-08-01 10:10:35 AM,166.43,248,41274.64,157522850.20999998
2025-08-01 10:10:41 AM,166.43,50,8321.5,157531171.70999998
2025-08-01 10:10:43 AM,166.48,13,2164.24,157533335.95
2025-08-01 10:10:51 AM,166.48,10,1664.8,157535000.75
2025-08-01 10:10:52 AM,166.48,20,3329.6,157538330.35
2025-08-01 10:10:56 AM,166.5,0,0.0,157538330.35
2025-08-01 10:10:56 AM,166.5,2000,333000.0,157871330.35
2025-08-01 10:10:57 AM,166.5,4,666.0,157871996.35
2025-08-01 10:10:58 AM,166.5,104,17316.0,157889312.35
2025-08-01 10:10:58 AM,166.5,4,666.0,157889978.35
2025-08-01 10:11:02 AM,166.5,1054,175491.0,158065469.35
2025-08-01 10:11:02 AM,166.48,79,13151.92,158078621.26999998
2025-08-01 10:11:04 AM,166.48,181,30132.879999999997,158108754.14999998
2025-08-01 10:11:05 AM,166.5,100,16650.0,158125404.14999998
2025-08-01 10:11:06 AM,166.5,1000,166500.0,158291904.14999998
2025-08-01 10:11:07 AM,166.5,2,333.0,158292237.14999998
2025-08-01 10:11:09 AM,166.5,4,666.0,158292903.14999998
2025-08-01 10:11:09 AM,166.55,3602,599913.1000000001,158892816.24999997
2025-08-01 10:11:10 AM,166.5,0,0.0,158892816.24999997
2025-08-01 10:11:10 AM,166.5,10671,1776721.5,160669537.74999997
2025-08-01 10:11:12 AM,166.44,0,0.0,160669537.74999997
2025-08-01 10:11:12 AM,166.44,500,83220.0,160752757.74999997
2025-08-01 10:11:13 AM,166.48,0,0.0,160752757.74999997
2025-08-01 10:11:13 AM,166.48,464,77246.72,160830004.46999997
2025-08-01 10:11:21 AM,166.5,0,0.0,160830004.46999997
2025-08-01 10:11:22 AM,166.5,2251,374791.5,161204795.96999997
2025-08-01 10:11:23 AM,166.5,20,3330.0,161208125.96999997
2025-08-01 10:11:26 AM,166.5,1,166.5,161208292.46999997
2025-08-01 10:11:27 AM,166.48,0,0.0,161208292.46999997
2025-08-01 10:11:27 AM,166.48,200,33296.0,161241588.46999997
2025-08-01 10:11:31 AM,166.5,0,0.0,161241588.46999997
2025-08-01 10:11:31 AM,166.5,7,1165.5,161242753.96999997
2025-08-01 10:11:35 AM,166.5,1000,166500.0,161409253.96999997
2025-08-01 10:11:38 AM,166.5,350,58275.0,161467528.96999997
2025-08-01 10:11:38 AM,166.5,2253,375124.5,161842653.46999997
2025-08-01 10:11:40 AM,166.5,155,25807.5,161868460.96999997
2025-08-01 10:11:42 AM,166.5,10,1665.0,161870125.96999997
2025-08-01 10:11:45 AM,166.5,5,832.5,161870958.46999997
2025-08-01 10:11:45 AM,166.5,1000,166500.0,162037458.46999997
2025-08-01 10:11:48 AM,166.5,1,166.5,162037624.96999997
2025-08-01 10:11:49 AM,166.5,100,16650.0,162054274.96999997
2025-08-01 10:11:51 AM,166.5,15,2497.5,162056772.46999997
2025-08-01 10:11:52 AM,166.5,120,19980.0,162076752.46999997
2025-08-01 10:11:54 AM,166.5,1000,166500.0,162243252.46999997
2025-08-01 10:11:54 AM,166.5,50,8325.0,162251577.46999997
2025-08-01 10:11:55 AM,166.48,500,83240.0,162334817.46999997
2025-08-01 10:11:57 AM,166.48,8,1331.84,162336149.30999997
2025-08-01 10:11:57 AM,166.5,200,33300.0,162369449.30999997
2025-08-01 10:12:04 AM,166.5,5,832.5,162370281.80999997
2025-08-01 10:12:06 AM,166.5,100,16650.0,162386931.80999997
2025-08-01 10:12:17 AM,166.5,100,16650.0,162403581.80999997
2025-08-01 10:12:18 AM,166.5,200,33300.0,162436881.80999997
2025-08-01 10:12:20 AM,166.5,27,4495.5,162441377.30999997
2025-08-01 10:12:25 AM,166.5,2,333.0,162441710.30999997
2025-08-01 10:12:26 AM,166.5,18,2997.0,162444707.30999997
2025-08-01 10:12:28 AM,166.49,0,0.0,162444707.30999997
2025-08-01 10:12:28 AM,166.49,1,166.49,162444873.79999998
2025-08-01 10:12:29 AM,166.49,1,166.49,162445040.29
2025-08-01 10:12:35 AM,166.5,0,0.0,162445040.29
2025-08-01 10:12:35 AM,166.5,10,1665.0,162446705.29
2025-08-01 10:12:37 AM,166.5,3,499.5,162447204.79
2025-08-01 10:12:38 AM,166.5,11166,1859139.0,164306343.79
2025-08-01 10:12:38 AM,166.48,0,0.0,164306343.79
2025-08-01 10:12:38 AM,166.48,4580,762478.3999999999,165068822.19
2025-08-01 10:12:39 AM,166.49,84,13985.16,165082807.35
2025-08-01 10:12:41 AM,166.5,0,0.0,165082807.35
2025-08-01 10:12:41 AM,166.5,10,1665.0,165084472.35
2025-08-01 10:12:55 AM,166.5,10,1665.0,165086137.35
2025-08-01 10:12:57 AM,166.48,0,0.0,165086137.35
2025-08-01 10:12:57 AM,166.48,10,1664.8,165087802.15
2025-08-01 10:13:01 AM,166.5,118,19647.0,165107449.15
2025-08-01 10:13:03 AM,166.49,18,2996.82,165110445.97
2025-08-01 10:13:04 AM,166.46,0,0.0,165110445.97
2025-08-01 10:13:04 AM,166.46,801,133334.46,165243780.43
2025-08-01 10:13:05 AM,166.47,0,0.0,165243780.43
2025-08-01 10:13:05 AM,166.47,2336,388873.92,165632654.35
2025-08-01 10:13:16 AM,166.47,30,4994.1,165637648.45
2025-08-01 10:13:17 AM,166.47,100,16647.0,165654295.45
2025-08-01 10:13:18 AM,166.47,25,4161.75,165658457.2
2025-08-01 10:13:20 AM,166.43,321,53424.03,165711881.23
2025-08-01 10:13:22 AM,166.46,3,499.38,165712380.60999998
2025-08-01 10:13:23 AM,166.46,5,832.3000000000001,165713212.91
2025-08-01 10:13:28 AM,166.43,0,0.0,165713212.91
2025-08-01 10:13:28 AM,166.43,1,166.43,165713379.34
2025-08-01 10:13:32 AM,166.49,2,332.98,165713712.32
2025-08-01 10:13:41 AM,166.49,1,166.49,165713878.81
2025-08-01 10:13:46 AM,166.49,150,24973.5,165738852.31
2025-08-01 10:13:47 AM,166.49,15,2497.3500000000004,165741349.66
2025-08-01 10:13:48 AM,166.49,100,16649.0,165757998.66
2025-08-01 10:13:51 AM,166.49,10,1664.9,165759663.56
2025-08-01 10:13:54 AM,166.49,100,16649.0,165776312.56
2025-08-01 10:13:58 AM,166.49,100,16649.0,165792961.56
2025-08-01 10:14:01 AM,166.49,25,4162.25,165797123.81
2025-08-01 10:14:03 AM,166.49,15,2497.3500000000004,165799621.16
2025-08-01 10:14:05 AM,166.49,51,8490.99,165808112.15
2025-08-01 10:14:11 AM,166.49,20,3329.8,165811441.95000002
2025-08-01 10:14:12 AM,166.49,2,332.98,165811774.93
2025-08-01 10:14:20 AM,166.49,2,332.98,165812107.91
2025-08-01 10:14:20 AM,166.49,5,832.45,165812940.35999998
2025-08-01 10:14:23 AM,166.5,0,0.0,165812940.35999998
2025-08-01 10:14:23 AM,166.5,500,83250.0,165896190.35999998
2025-08-01 10:14:31 AM,166.49,0,0.0,165896190.35999998
2025-08-01 10:14:31 AM,166.49,1,166.49,165896356.85
2025-08-01 10:14:34 AM,166.45,0,0.0,165896356.85
2025-08-01 10:14:34 AM,166.45,300,49935.0,165946291.85
2025-08-01 10:14:35 AM,166.49,1,166.49,165946458.34
2025-08-01 10:14:39 AM,166.49,500,83245.0,166029703.34
2025-08-01 10:14:41 AM,166.49,25,4162.25,166033865.59
2025-08-01 10:14:42 AM,166.49,25,4162.25,166038027.84
2025-08-01 10:14:45 AM,166.45,0,0.0,166038027.84
2025-08-01 10:14:45 AM,166.45,50,8322.5,166046350.34
2025-08-01 10:14:52 AM,166.5,1800,299700.0,166346050.34
2025-08-01 10:14:54 AM,166.5,50,8325.0,166354375.34
2025-08-01 10:14:57 AM,166.46,0,0.0,166354375.34
2025-08-01 10:14:57 AM,166.46,1,166.46,166354541.8
2025-08-01 10:15:00 AM,166.44,1100,183084.0,166537625.8
2025-08-01 10:15:01 AM,166.5,4,666.0,166538291.8
2025-08-01 10:15:17 AM,166.49,0,0.0,166538291.8
2025-08-01 10:15:18 AM,166.49,30,4994.700000000001,166543286.5
2025-08-01 10:15:30 AM,166.48,0,0.0,166543286.5
2025-08-01 10:15:30 AM,166.48,25,4162.0,166547448.5
2025-08-01 10:15:35 AM,166.33,0,0.0,166547448.5
2025-08-01 10:15:36 AM,166.33,9447,1571319.51,168118768.01
2025-08-01 10:15:42 AM,166.47,0,0.0,168118768.01
2025-08-01 10:15:42 AM,166.47,215,35791.05,168154559.06
2025-08-01 10:15:54 AM,166.47,2054,341929.38,168496488.44
2025-08-01 10:16:00 AM,166.47,35,5826.45,168502314.89
2025-08-01 10:16:03 AM,166.47,1,166.47,168502481.35999998
2025-08-01 10:16:03 AM,166.47,2,332.94,168502814.29999998
2025-08-01 10:16:05 AM,166.47,1,166.47,168502980.76999998
2025-08-01 10:16:06 AM,166.47,150,24970.5,168527951.26999998
2025-08-01 10:16:19 AM,166.47,10,1664.7,168529615.96999997
2025-08-01 10:16:20 AM,166.47,50,8323.5,168537939.46999997
2025-08-01 10:16:21 AM,166.47,3,499.40999999999997,168538438.87999997
2025-08-01 10:16:22 AM,166.47,20,3329.4,168541768.27999997
2025-08-01 10:16:24 AM,166.46,0,0.0,168541768.27999997
2025-08-01 10:16:24 AM,166.46,201,33458.46,168575226.73999998
2025-08-01 10:16:26 AM,166.4,0,0.0,168575226.73999998
2025-08-01 10:16:26 AM,166.4,1,166.4,168575393.14
2025-08-01 10:16:27 AM,166.46,30,4993.8,168580386.94
2025-08-01 10:16:32 AM,166.45,10,1664.5,168582051.44
2025-08-01 10:16:36 AM,166.45,100,16645.0,168598696.44
2025-08-01 10:16:38 AM,166.4,24,3993.6000000000004,168602690.04
2025-08-01 10:16:39 AM,166.45,25,4161.25,168606851.29
2025-08-01 10:16:42 AM,166.45,202,33622.899999999994,168640474.19
2025-08-01 10:16:46 AM,166.45,2,332.9,168640807.09
2025-08-01 10:16:48 AM,166.45,20,3329.0,168644136.09
2025-08-01 10:16:49 AM,166.46,0,0.0,168644136.09
2025-08-01 10:16:49 AM,166.46,50,8323.0,168652459.09
2025-08-01 10:16:56 AM,166.47,0,0.0,168652459.09
2025-08-01 10:16:56 AM,166.47,15,2497.05,168654956.14000002
2025-08-01 10:17:01 AM,166.47,20,3329.4,168658285.54000002
2025-08-01 10:17:02 AM,166.47,3,499.40999999999997,168658784.95000002
2025-08-01 10:17:05 AM,166.47,3000,499410.0,169158194.95000002
2025-08-01 10:17:10 AM,166.49,0,0.0,169158194.95000002
2025-08-01 10:17:10 AM,166.49,2,332.98,169158527.93
2025-08-01 10:17:11 AM,166.49,2050,341304.5,169499832.43
2025-08-01 10:17:13 AM,166.45,131,21804.949999999997,169521637.38
2025-08-01 10:17:14 AM,166.4,1464,243609.6,169765246.98
2025-08-01 10:17:16 AM,166.42,0,0.0,169765246.98
2025-08-01 10:17:16 AM,166.42,1,166.42,169765413.39999998
2025-08-01 10:17:17 AM,166.42,500,83210.0,169848623.39999998
2025-08-01 10:17:18 AM,166.34,0,0.0,169848623.39999998
2025-08-01 10:17:18 AM,166.34,164,27279.760000000002,169875903.15999997
2025-08-01 10:17:19 AM,166.3,0,0.0,169875903.15999997
2025-08-01 10:17:19 AM,166.3,745,123893.50000000001,169999796.65999997
2025-08-01 10:17:20 AM,166.41,0,0.0,169999796.65999997
2025-08-01 10:17:20 AM,166.41,64,10650.24,170010446.89999998
2025-08-01 10:17:21 AM,166.32,330,54885.6,170065332.49999997
2025-08-01 10:17:26 AM,166.31,0,0.0,170065332.49999997
2025-08-01 10:17:26 AM,166.31,3,498.93,170065831.42999998
2025-08-01 10:17:32 AM,166.35,0,0.0,170065831.42999998
2025-08-01 10:17:32 AM,166.35,1,166.35,170065997.77999997
2025-08-01 10:17:35 AM,166.32,0,0.0,170065997.77999997
2025-08-01 10:17:35 AM,166.32,14,2328.48,170068326.25999996
2025-08-01 10:17:36 AM,166.35,1,166.35,170068492.60999995
2025-08-01 10:17:39 AM,166.34,1,166.34,170068658.94999996
2025-08-01 10:17:45 AM,166.26,0,0.0,170068658.94999996
2025-08-01 10:17:45 AM,166.26,5952,989579.5199999999,171058238.46999997
2025-08-01 10:17:45 AM,166.29,1000,166290.0,171224528.46999997
2025-08-01 10:17:49 AM,166.28,0,0.0,171224528.46999997
2025-08-01 10:17:49 AM,166.28,5,831.4,171225359.86999997
2025-08-01 10:17:53 AM,166.29,0,0.0,171225359.86999997
2025-08-01 10:17:53 AM,166.29,200,33258.0,171258617.86999997
2025-08-01 10:17:54 AM,166.26,20,3325.2,171261943.06999996
2025-08-01 10:17:55 AM,166.25,0,0.0,171261943.06999996
2025-08-01 10:17:55 AM,166.24,1887,313694.88,171575637.94999996
2025-08-01 10:17:59 AM,166.26,0,0.0,171575637.94999996
2025-08-01 10:17:59 AM,166.26,227,37741.02,171613378.96999997
2025-08-01 10:18:01 AM,166.21,5,831.0500000000001,171614210.01999998
2025-08-01 10:18:01 AM,166.25,30,4987.5,171619197.51999998
2025-08-01 10:18:02 AM,166.25,4,665.0,171619862.51999998
2025-08-01 10:18:03 AM,166.26,20,3325.2,171623187.71999997
2025-08-01 10:18:10 AM,166.25,500,83125.0,171706312.71999997
2025-08-01 10:18:12 AM,166.25,2,332.5,171706645.21999997
