date,price,qty,trnvr,cum_trnvr
2025-08-01 09:15:00 AM,1189.1,170,202146.99999999997,202146.99999999997
2025-08-01 09:15:09 AM,1187.2,0,0.0,202146.99999999997
2025-08-01 09:15:10 AM,1187.0,567,673029.0,875176.0
2025-08-01 09:15:12 AM,1185.1,151,178950.09999999998,1054126.1
2025-08-01 09:15:19 AM,1186.1,0,0.0,1054126.1
2025-08-01 09:15:21 AM,1186.1,10,11861.0,1065987.1
2025-08-01 09:15:22 AM,1187.6,35,41566.0,1107553.1
2025-08-01 09:15:45 AM,1188.9,0,0.0,1107553.1
2025-08-01 09:15:46 AM,1188.9,2,2377.8,1109930.9000000001
2025-08-01 09:15:53 AM,1189.3,0,0.0,1109930.9000000001
2025-08-01 09:15:54 AM,1189.3,101,120119.29999999999,1230050.2000000002
2025-08-01 09:15:56 AM,1189.1,25,29727.499999999996,1259777.7000000002
2025-08-01 09:16:01 AM,1189.2,0,0.0,1259777.7000000002
2025-08-01 09:16:03 AM,1188.9,121,143856.90000000002,1403634.6
2025-08-01 09:16:04 AM,1188.9,24,28533.600000000002,1432168.2000000002
2025-08-01 09:16:11 AM,1188.9,9,10700.1,1442868.3000000003
2025-08-01 09:16:19 AM,1188.0,4,4752.0,1447620.3000000003
2025-08-01 09:16:25 AM,1187.0,0,0.0,1447620.3000000003
2025-08-01 09:16:27 AM,1187.0,223,264701.0,1712321.3000000003
2025-08-01 09:16:29 AM,1186.4,23,27287.2,1739608.5000000002
2025-08-01 09:16:43 AM,1186.2,0,0.0,1739608.5000000002
2025-08-01 09:16:44 AM,1186.2,5,5931.0,1745539.5000000002
2025-08-01 09:16:45 AM,1187.0,2,2374.0,1747913.5000000002
2025-08-01 09:16:52 AM,1187.9,856,1016842.4,2764755.9000000004
2025-08-01 09:16:55 AM,1188.0,0,0.0,2764755.9000000004
2025-08-01 09:17:00 AM,1188.0,30,35640.0,2800395.9000000004
2025-08-01 09:17:08 AM,1189.4,22,26166.800000000003,2826562.7
2025-08-01 09:17:10 AM,1189.8,2,2379.6,2828942.3000000003
2025-08-01 09:17:20 AM,1189.7,0,0.0,2828942.3000000003
2025-08-01 09:17:25 AM,1190.7,36,42865.200000000004,2871807.5000000005
2025-08-01 09:17:33 AM,1190.8,21,25006.8,2896814.3000000003
2025-08-01 09:17:42 AM,1192.4,545,649858.0,3546672.3000000003
2025-08-01 09:17:51 AM,1192.4,43,51273.200000000004,3597945.5000000005
2025-08-01 09:17:56 AM,1191.5,0,0.0,3597945.5000000005
2025-08-01 09:17:58 AM,1191.7,6,7150.200000000001,3605095.7000000007
2025-08-01 09:18:06 AM,1190.8,40,47632.0,3652727.7000000007
2025-08-01 09:18:16 AM,1192.9,100,119290.00000000001,3772017.7000000007
2025-08-01 09:18:23 AM,1192.0,80,95360.0,3867377.7000000007
2025-08-01 09:18:26 AM,1193.3,0,0.0,3867377.7000000007
2025-08-01 09:18:31 AM,1193.3,10,11933.0,3879310.7000000007
2025-08-01 09:18:36 AM,1193.7,0,0.0,3879310.7000000007
2025-08-01 09:18:39 AM,1193.7,50,59685.0,3938995.7000000007
2025-08-01 09:18:42 AM,1195.1,0,0.0,3938995.7000000007
2025-08-01 09:18:48 AM,1195.1,296,353749.6,4292745.300000001
2025-08-01 09:18:49 AM,1193.7,1,1193.7,4293939.000000001
2025-08-01 09:18:50 AM,1193.2,0,0.0,4293939.000000001
2025-08-01 09:18:52 AM,1193.8,0,0.0,4293939.000000001
2025-08-01 09:18:56 AM,1194.9,116,138608.40000000002,4432547.400000001
2025-08-01 09:19:00 AM,1192.3,0,0.0,4432547.400000001
2025-08-01 09:19:04 AM,1191.1,162,192958.19999999998,4625505.6000000015
2025-08-01 09:19:20 AM,1192.3,12,14307.599999999999,4639813.200000001
2025-08-01 09:19:21 AM,1192.4,3,3577.2000000000003,4643390.400000001
2025-08-01 09:20:28 AM,1191.1,0,0.0,4643390.400000001
2025-08-01 09:20:32 AM,1191.1,13,15484.3,4658874.700000001
2025-08-01 09:20:40 AM,1191.1,25,29777.499999999996,4688652.200000001
2025-08-01 09:21:09 AM,1192.4,0,0.0,4688652.200000001
2025-08-01 09:21:11 AM,1192.4,18,21463.2,4710115.400000001
2025-08-01 09:21:14 AM,1192.2,0,0.0,4710115.400000001
2025-08-01 09:21:19 AM,1192.4,21,25040.4,4735155.800000002
2025-08-01 09:21:27 AM,1192.9,1,1192.9,4736348.700000002
2025-08-01 09:21:28 AM,1192.8,0,0.0,4736348.700000002
2025-08-01 09:21:30 AM,1193.9,0,0.0,4736348.700000002
2025-08-01 09:21:34 AM,1193.9,109,130135.1,4866483.800000002
2025-08-01 09:21:49 AM,1191.8,0,0.0,4866483.800000002
2025-08-01 09:21:50 AM,1191.8,9,10726.199999999999,4877210.000000002
2025-08-01 09:22:07 AM,1192.6,0,0.0,4877210.000000002
2025-08-01 09:22:12 AM,1192.6,1,1192.6,4878402.6000000015
2025-08-01 09:22:28 AM,1193.9,125,149237.5,5027640.1000000015
2025-08-01 09:23:02 AM,1192.7,0,0.0,5027640.1000000015
2025-08-01 09:23:04 AM,1191.4,0,0.0,5027640.1000000015
2025-08-01 09:23:06 AM,1191.4,231,275213.4,5302853.500000002
2025-08-01 09:23:07 AM,1191.2,9,10720.800000000001,5313574.300000002
2025-08-01 09:23:23 AM,1191.0,29,34539.0,5348113.300000002
2025-08-01 09:23:29 AM,1190.3,38,45231.4,5393344.700000002
2025-08-01 09:23:30 AM,1191.0,26,30966.0,5424310.700000002
2025-08-01 09:23:36 AM,1191.0,10,11910.0,5436220.700000002
2025-08-01 09:23:43 AM,1192.4,0,0.0,5436220.700000002
2025-08-01 09:23:44 AM,1192.4,151,180052.40000000002,5616273.100000002
2025-08-01 09:23:55 AM,1192.0,0,0.0,5616273.100000002
2025-08-01 09:23:59 AM,1192.0,1,1192.0,5617465.100000002
2025-08-01 09:24:07 AM,1191.0,63,75033.0,5692498.100000002
2025-08-01 09:24:15 AM,1191.3,3,3573.8999999999996,5696072.000000003
2025-08-01 09:24:22 AM,1191.3,100,119130.0,5815202.000000003
2025-08-01 09:24:28 AM,1191.6,0,0.0,5815202.000000003
2025-08-01 09:24:30 AM,1191.6,5,5958.0,5821160.000000003
2025-08-01 09:24:34 AM,1190.7,0,0.0,5821160.000000003
2025-08-01 09:24:37 AM,1190.7,3,3572.1000000000004,5824732.100000002
2025-08-01 09:25:00 AM,1191.4,10,11914.0,5836646.100000002
2025-08-01 09:25:09 AM,1190.2,52,61890.4,5898536.500000003
2025-08-01 09:25:19 AM,1190.1,0,0.0,5898536.500000003
2025-08-01 09:25:22 AM,1190.1,11,13091.099999999999,5911627.600000002
2025-08-01 09:25:37 AM,1190.2,1,1190.2,5912817.800000003
2025-08-01 09:25:54 AM,1191.1,1,1191.1,5914008.900000002
2025-08-01 09:25:54 AM,1190.0,0,0.0,5914008.900000002
2025-08-01 09:26:00 AM,1190.0,2,2380.0,5916388.900000002
2025-08-01 09:26:07 AM,1190.0,1,1190.0,5917578.900000002
2025-08-01 09:26:14 AM,1190.8,0,0.0,5917578.900000002
2025-08-01 09:26:15 AM,1190.8,1,1190.8,5918769.700000002
2025-08-01 09:26:20 AM,1190.0,0,0.0,5918769.700000002
2025-08-01 09:26:23 AM,1190.0,3,3570.0,5922339.700000002
2025-08-01 09:27:01 AM,1190.0,46,54740.0,5977079.700000002
2025-08-01 09:27:02 AM,1190.1,1,1190.1,5978269.800000002
2025-08-01 09:27:09 AM,1191.8,224,266963.2,6245233.000000002
2025-08-01 09:27:16 AM,1191.9,0,0.0,6245233.000000002
2025-08-01 09:27:17 AM,1191.9,20,23838.0,6269071.000000002
2025-08-01 09:27:23 AM,1191.9,20,23838.0,6292909.000000002
2025-08-01 09:27:45 AM,1191.9,3,3575.7000000000003,6296484.700000002
2025-08-01 09:27:55 AM,1191.2,4,4764.8,6301249.500000002
2025-08-01 09:28:09 AM,1191.2,5,5956.0,6307205.500000002
2025-08-01 09:28:16 AM,1191.2,2,2382.4,6309587.900000002
2025-08-01 09:29:04 AM,1191.3,0,0.0,6309587.900000002
2025-08-01 09:29:10 AM,1191.3,14,16678.2,6326266.100000002
2025-08-01 09:29:15 AM,1191.2,0,0.0,6326266.100000002
2025-08-01 09:29:17 AM,1191.2,24,28588.800000000003,6354854.900000002
2025-08-01 09:29:55 AM,1191.2,2,2382.4,6357237.300000003
2025-08-01 09:30:15 AM,1191.8,0,0.0,6357237.300000003
2025-08-01 09:30:18 AM,1191.8,1,1191.8,6358429.100000002
2025-08-01 09:30:25 AM,1191.2,3,3573.6000000000004,6362002.700000002
2025-08-01 09:30:36 AM,1191.9,0,0.0,6362002.700000002
2025-08-01 09:30:40 AM,1191.9,1,1191.9,6363194.600000002
2025-08-01 09:31:09 AM,1191.2,50,59560.0,6422754.600000002
2025-08-01 09:31:17 AM,1191.2,1,1191.2,6423945.800000003
2025-08-01 09:32:13 AM,1191.0,192,228672.0,6652617.800000003
2025-08-01 09:32:20 AM,1191.0,10,11910.0,6664527.800000003
2025-08-01 09:32:27 AM,1191.3,0,0.0,6664527.800000003
2025-08-01 09:32:27 AM,1191.3,1,1191.3,6665719.100000002
2025-08-01 09:32:34 AM,1191.0,1,1191.0,6666910.100000002
2025-08-01 09:32:41 AM,1191.0,25,29775.0,6696685.100000002
2025-08-01 09:32:48 AM,1191.0,1,1191.0,6697876.100000002
2025-08-01 09:32:55 AM,1191.0,2,2382.0,6700258.100000002
2025-08-01 09:33:34 AM,1191.7,0,0.0,6700258.100000002
2025-08-01 09:33:36 AM,1191.7,139,165646.30000000002,6865904.400000002
2025-08-01 09:33:43 AM,1191.9,2,2383.8,6868288.200000002
2025-08-01 09:33:58 AM,1191.9,50,59595.00000000001,6927883.200000002
2025-08-01 09:33:59 AM,1191.7,0,0.0,6927883.200000002
2025-08-01 09:34:04 AM,1191.6,23,27406.8,6955290.000000002
2025-08-01 09:34:14 AM,1191.4,0,0.0,6955290.000000002
2025-08-01 09:34:17 AM,1192.4,0,0.0,6955290.000000002
2025-08-01 09:34:19 AM,1192.4,201,239672.40000000002,7194962.400000002
2025-08-01 09:34:26 AM,1191.2,4,4764.8,7199727.200000002
2025-08-01 09:34:32 AM,1192.1,0,0.0,7199727.200000002
2025-08-01 09:34:32 AM,1192.1,5,5960.5,7205687.700000002
2025-08-01 09:34:37 AM,1191.2,0,0.0,7205687.700000002
2025-08-01 09:34:39 AM,1191.2,2,2382.4,7208070.100000002
2025-08-01 09:35:14 AM,1192.1,0,0.0,7208070.100000002
2025-08-01 09:35:14 AM,1192.1,15,17881.5,7225951.600000002
2025-08-01 09:35:24 AM,1191.2,0,0.0,7225951.600000002
2025-08-01 09:35:28 AM,1191.2,2,2382.4,7228334.000000003
2025-08-01 09:35:34 AM,1191.9,0,0.0,7228334.000000003
2025-08-01 09:35:35 AM,1190.7,160,190512.0,7418846.000000003
2025-08-01 09:36:11 AM,1190.0,0,0.0,7418846.000000003
2025-08-01 09:36:15 AM,1190.0,182,216580.0,7635426.000000003
2025-08-01 09:36:27 AM,1189.2,0,0.0,7635426.000000003
2025-08-01 09:36:29 AM,1189.2,1,1189.2,7636615.200000003
2025-08-01 09:36:35 AM,1189.2,9,10702.800000000001,7647318.000000003
2025-08-01 09:36:48 AM,1189.2,5,5946.0,7653264.000000003
2025-08-01 09:37:01 AM,1189.2,9,10702.800000000001,7663966.800000003
2025-08-01 09:37:16 AM,1190.1,10,11901.0,7675867.800000003
2025-08-01 09:37:22 AM,1190.1,25,29752.499999999996,7705620.300000003
2025-08-01 09:37:43 AM,1189.2,8,9513.6,7715133.900000002
2025-08-01 09:38:08 AM,1190.3,0,0.0,7715133.900000002
2025-08-01 09:38:10 AM,1190.3,100,119030.0,7834163.900000002
2025-08-01 09:38:17 AM,1190.3,1,1190.3,7835354.200000002
2025-08-01 09:38:29 AM,1189.6,0,0.0,7835354.200000002
2025-08-01 09:38:30 AM,1189.6,21,24981.6,7860335.800000002
2025-08-01 09:38:37 AM,1189.1,1,1189.1,7861524.900000001
2025-08-01 09:38:47 AM,1190.0,0,0.0,7861524.900000001
2025-08-01 09:38:50 AM,1190.0,21,24990.0,7886514.900000001
2025-08-01 09:38:55 AM,1189.2,0,0.0,7886514.900000001
2025-08-01 09:38:56 AM,1189.2,1,1189.2,7887704.1000000015
2025-08-01 09:39:03 AM,1189.2,1,1189.2,7888893.300000002
2025-08-01 09:39:24 AM,1190.0,30,35700.0,7924593.300000002
2025-08-01 09:39:43 AM,1190.0,20,23800.0,7948393.300000002
2025-08-01 09:40:09 AM,1190.0,3,3570.0,7951963.300000002
2025-08-01 09:40:14 AM,1190.3,0,0.0,7951963.300000002
2025-08-01 09:40:16 AM,1190.3,11,13093.3,7965056.6000000015
2025-08-01 09:40:21 AM,1190.0,0,0.0,7965056.6000000015
2025-08-01 09:40:23 AM,1190.0,5,5950.0,7971006.6000000015
2025-08-01 09:40:36 AM,1190.0,3,3570.0,7974576.6000000015
2025-08-01 09:40:43 AM,1190.0,11,13090.0,7987666.6000000015
2025-08-01 09:40:43 AM,1190.0,10,11900.0,7999566.6000000015
2025-08-01 09:40:52 AM,1188.9,0,0.0,7999566.6000000015
2025-08-01 09:40:56 AM,1188.9,69,82034.1,8081600.700000001
2025-08-01 09:41:27 AM,1189.2,0,0.0,8081600.700000001
2025-08-01 09:41:29 AM,1190.0,3,3570.0,8085170.700000001
2025-08-01 09:42:12 AM,1189.2,0,0.0,8085170.700000001
2025-08-01 09:42:15 AM,1189.2,1,1189.2,8086359.900000001
2025-08-01 09:42:34 AM,1189.2,1,1189.2,8087549.1000000015
2025-08-01 09:42:38 AM,1189.9,0,0.0,8087549.1000000015
2025-08-01 09:42:41 AM,1189.9,2,2379.8,8089928.900000001
2025-08-01 09:42:42 AM,1189.9,5,5949.5,8095878.400000001
2025-08-01 09:43:20 AM,1189.9,4,4759.6,8100638.000000001
2025-08-01 09:43:22 AM,1190.0,0,0.0,8100638.000000001
2025-08-01 09:43:27 AM,1190.0,1,1190.0,8101828.000000001
2025-08-01 09:43:30 AM,1189.4,0,0.0,8101828.000000001
2025-08-01 09:43:33 AM,1189.4,5,5947.0,8107775.000000001
2025-08-01 09:43:38 AM,1190.0,0,0.0,8107775.000000001
2025-08-01 09:43:40 AM,1190.0,101,120190.0,8227965.000000001
2025-08-01 09:44:18 AM,1189.7,0,0.0,8227965.000000001
2025-08-01 09:44:20 AM,1189.7,24,28552.800000000003,8256517.800000001
2025-08-01 09:44:30 AM,1189.5,0,0.0,8256517.800000001
2025-08-01 09:44:32 AM,1189.7,0,0.0,8256517.800000001
2025-08-01 09:44:33 AM,1189.7,13,15466.1,8271983.9
2025-08-01 09:44:39 AM,1189.7,1,1189.7,8273173.600000001
2025-08-01 09:44:45 AM,1189.7,10,11897.0,8285070.600000001
2025-08-01 09:45:06 AM,1189.7,20,23794.0,8308864.600000001
2025-08-01 09:45:12 AM,1189.7,3,3569.1000000000004,8312433.7
2025-08-01 09:45:13 AM,1189.7,2,2379.4,8314813.100000001
2025-08-01 09:45:25 AM,1189.7,5,5948.5,8320761.600000001
2025-08-01 09:45:31 AM,1189.7,10,11897.0,8332658.600000001
2025-08-01 09:45:44 AM,1188.8,2,2377.6,8335036.2
2025-08-01 09:46:11 AM,1188.7,1,1188.7,8336224.9
2025-08-01 09:46:17 AM,1188.7,26,30906.2,8367131.100000001
2025-08-01 09:46:19 AM,1188.1,0,0.0,8367131.100000001
2025-08-01 09:46:23 AM,1188.1,1,1188.1,8368319.2
2025-08-01 09:46:48 AM,1189.4,50,59470.00000000001,8427789.200000001
2025-08-01 09:47:15 AM,1189.3,0,0.0,8427789.200000001
2025-08-01 09:47:15 AM,1189.3,16,19028.8,8446818.000000002
2025-08-01 09:47:28 AM,1189.3,1,1189.3,8448007.300000003
2025-08-01 09:47:45 AM,1188.2,0,0.0,8448007.300000003
2025-08-01 09:47:45 AM,1188.2,1,1188.2,8449195.500000002
2025-08-01 09:47:48 AM,1189.3,4,4757.2,8453952.700000001
2025-08-01 09:47:59 AM,1189.3,15,17839.5,8471792.200000001
2025-08-01 09:48:06 AM,1189.4,0,0.0,8471792.200000001
2025-08-01 09:48:08 AM,1189.4,18,21409.2,8493201.4
2025-08-01 09:49:02 AM,1188.4,0,0.0,8493201.4
2025-08-01 09:49:03 AM,1188.4,1,1188.4,8494389.8
2025-08-01 09:49:51 AM,1189.3,0,0.0,8494389.8
2025-08-01 09:49:53 AM,1189.3,1,1189.3,8495579.100000001
2025-08-01 09:50:02 AM,1188.4,0,0.0,8495579.100000001
2025-08-01 09:50:02 AM,1188.4,20,23768.0,8519347.100000001
2025-08-01 09:50:19 AM,1188.4,80,95072.0,8614419.100000001
2025-08-01 09:50:28 AM,1188.4,4,4753.6,8619172.700000001
2025-08-01 09:50:50 AM,1188.4,1,1188.4,8620361.100000001
2025-08-01 09:51:15 AM,1187.7,630,748251.0,9368612.100000001
2025-08-01 09:51:17 AM,1187.3,1,1187.3,9369799.400000002
2025-08-01 09:51:25 AM,1187.2,0,0.0,9369799.400000002
2025-08-01 09:51:28 AM,1187.2,15,17808.0,9387607.400000002
2025-08-01 09:51:30 AM,1188.4,3,3565.2000000000003,9391172.600000001
2025-08-01 09:51:47 AM,1188.4,30,35652.0,9426824.600000001
2025-08-01 09:52:01 AM,1188.3,0,0.0,9426824.600000001
2025-08-01 09:52:01 AM,1188.3,8,9506.4,9436331.000000002
2025-08-01 09:52:16 AM,1187.4,0,0.0,9436331.000000002
2025-08-01 09:52:17 AM,1187.4,1,1187.4,9437518.400000002
2025-08-01 09:52:46 AM,1187.2,0,0.0,9437518.400000002
2025-08-01 09:52:47 AM,1187.2,2,2374.4,9439892.800000003
2025-08-01 09:52:55 AM,1186.7,0,0.0,9439892.800000003
2025-08-01 09:52:56 AM,1186.7,56,66455.2,9506348.000000002
2025-08-01 09:52:58 AM,1187.7,0,0.0,9506348.000000002
2025-08-01 09:53:00 AM,1187.7,2,2375.4,9508723.400000002
2025-08-01 09:53:02 AM,1187.7,1,1187.7,9509911.100000001
2025-08-01 09:53:16 AM,1187.0,0,0.0,9509911.100000001
2025-08-01 09:53:18 AM,1187.0,1,1187.0,9511098.100000001
2025-08-01 09:53:31 AM,1187.0,15,17805.0,9528903.100000001
2025-08-01 09:53:50 AM,1187.0,1,1187.0,9530090.100000001
2025-08-01 09:54:14 AM,1186.5,0,0.0,9530090.100000001
2025-08-01 09:54:15 AM,1185.6,214,253718.4,9783808.500000002
2025-08-01 09:54:17 AM,1186.6,0,0.0,9783808.500000002
2025-08-01 09:54:21 AM,1186.6,19,22545.399999999998,9806353.900000002
2025-08-01 09:54:22 AM,1186.8,33,39164.4,9845518.300000003
2025-08-01 09:54:45 AM,1186.9,0,0.0,9845518.300000003
2025-08-01 09:54:46 AM,1186.9,1,1186.9,9846705.200000003
2025-08-01 09:55:00 AM,1187.4,0,0.0,9846705.200000003
2025-08-01 09:55:02 AM,1187.4,13,15436.2,9862141.400000002
2025-08-01 09:55:08 AM,1187.4,1,1187.4,9863328.800000003
2025-08-01 09:55:20 AM,1187.4,1,1187.4,9864516.200000003
2025-08-01 09:55:37 AM,1188.2,0,0.0,9864516.200000003
2025-08-01 09:55:38 AM,1188.2,54,64162.8,9928679.000000004
2025-08-01 09:55:42 AM,1188.1,0,0.0,9928679.000000004
2025-08-01 09:55:44 AM,1188.1,2,2376.2,9931055.200000003
2025-08-01 09:55:48 AM,1187.5,0,0.0,9931055.200000003
2025-08-01 09:55:50 AM,1187.5,2,2375.0,9933430.200000003
2025-08-01 09:56:09 AM,1187.0,9,10683.0,9944113.200000003
2025-08-01 09:56:15 AM,1187.0,1,1187.0,9945300.200000003
2025-08-01 09:56:38 AM,1187.8,0,0.0,9945300.200000003
2025-08-01 09:56:38 AM,1187.8,2,2375.6,9947675.800000003
2025-08-01 09:56:48 AM,1187.0,0,0.0,9947675.800000003
2025-08-01 09:56:51 AM,1187.0,1,1187.0,9948862.800000003
2025-08-01 09:57:04 AM,1188.0,0,0.0,9948862.800000003
2025-08-01 09:57:04 AM,1188.0,10,11880.0,9960742.800000003
2025-08-01 09:57:14 AM,1188.0,88,104544.0,10065286.800000003
2025-08-01 09:57:16 AM,1187.0,0,0.0,10065286.800000003
2025-08-01 09:57:16 AM,1187.0,2,2374.0,10067660.800000003
2025-08-01 09:57:20 AM,1187.0,1,1187.0,10068847.800000003
2025-08-01 09:57:46 AM,1187.0,1,1187.0,10070034.800000003
2025-08-01 09:58:04 AM,1187.9,0,0.0,10070034.800000003
2025-08-01 09:58:04 AM,1187.9,62,73649.8,10143684.600000003
2025-08-01 09:58:16 AM,1187.1,1,1187.1,10144871.700000003
2025-08-01 09:58:32 AM,1187.7,1,1187.7,10146059.400000002
2025-08-01 09:58:47 AM,1187.1,2,2374.2,10148433.600000001
2025-08-01 09:58:50 AM,1187.0,10,11870.0,10160303.600000001
2025-08-01 09:58:56 AM,1187.0,1,1187.0,10161490.600000001
2025-08-01 09:59:15 AM,1187.0,2,2374.0,10163864.600000001
2025-08-01 09:59:46 AM,1187.0,1,1187.0,10165051.600000001
2025-08-01 10:00:04 AM,1187.7,6,7126.200000000001,10172177.8
2025-08-01 10:00:18 AM,1187.7,101,119957.70000000001,10292135.5
2025-08-01 10:00:20 AM,1187.7,5,5938.5,10298074.0
2025-08-01 10:00:42 AM,1187.0,5,5935.0,10304009.0
2025-08-01 10:00:46 AM,1187.6,5,5938.0,10309947.0
2025-08-01 10:00:49 AM,1187.6,2,2375.2,10312322.2
2025-08-01 10:01:05 AM,1187.0,96,113952.0,10426274.2
2025-08-01 10:01:17 AM,1187.1,0,0.0,10426274.2
2025-08-01 10:01:18 AM,1187.1,1,1187.1,10427461.299999999
2025-08-01 10:01:38 AM,1188.0,2,2376.0,10429837.299999999
2025-08-01 10:01:49 AM,1188.0,2,2376.0,10432213.299999999
2025-08-01 10:02:20 AM,1188.0,1,1188.0,10433401.299999999
2025-08-01 10:02:44 AM,1188.2,0,0.0,10433401.299999999
2025-08-01 10:02:45 AM,1188.2,13,15446.6,10448847.899999999
2025-08-01 10:02:47 AM,1188.0,1,1188.0,10450035.899999999
2025-08-01 10:03:17 AM,1188.2,0,0.0,10450035.899999999
2025-08-01 10:03:17 AM,1188.2,11,13070.2,10463106.099999998
2025-08-01 10:03:37 AM,1188.1,0,0.0,10463106.099999998
2025-08-01 10:03:37 AM,1188.1,2,2376.2,10465482.299999997
2025-08-01 10:03:41 AM,1188.0,0,0.0,10465482.299999997
2025-08-01 10:03:43 AM,1189.1,69,82047.9,10547530.199999997
2025-08-01 10:04:03 AM,1188.9,2,2377.8,10549907.999999998
2025-08-01 10:04:09 AM,1189.0,0,0.0,10549907.999999998
2025-08-01 10:04:10 AM,1189.0,5,5945.0,10555852.999999998
2025-08-01 10:04:13 AM,1188.7,0,0.0,10555852.999999998
2025-08-01 10:04:13 AM,1188.7,4,4754.8,10560607.799999999
2025-08-01 10:04:16 AM,1188.6,1,1188.6,10561796.399999999
2025-08-01 10:04:21 AM,1188.4,0,0.0,10561796.399999999
2025-08-01 10:04:22 AM,1188.4,1,1188.4,10562984.799999999
2025-08-01 10:04:25 AM,1187.1,0,0.0,10562984.799999999
2025-08-01 10:04:26 AM,1187.1,400,474839.99999999994,11037824.799999999
2025-08-01 10:04:41 AM,1188.6,15,17829.0,11055653.799999999
2025-08-01 10:04:45 AM,1187.2,160,189952.0,11245605.799999999
2025-08-01 10:04:47 AM,1187.4,0,0.0,11245605.799999999
2025-08-01 10:04:47 AM,1187.4,2,2374.8,11247980.6
2025-08-01 10:05:16 AM,1187.3,1,1187.3,11249167.9
2025-08-01 10:05:30 AM,1188.0,0,0.0,11249167.9
2025-08-01 10:05:30 AM,1188.0,303,359964.0,11609131.9
2025-08-01 10:05:45 AM,1187.8,0,0.0,11609131.9
2025-08-01 10:05:46 AM,1187.8,1,1187.8,11610319.700000001
2025-08-01 10:06:01 AM,1187.6,75,89070.0,11699389.700000001
2025-08-01 10:06:16 AM,1187.3,2,2374.6,11701764.3
2025-08-01 10:06:46 AM,1187.3,1,1187.3,11702951.600000001
2025-08-01 10:06:52 AM,1187.7,2,2375.4,11705327.000000002
2025-08-01 10:07:13 AM,1187.1,34,40361.399999999994,11745688.400000002
2025-08-01 10:07:15 AM,1187.2,0,0.0,11745688.400000002
2025-08-01 10:07:17 AM,1187.2,1,1187.2,11746875.600000001
2025-08-01 10:07:47 AM,1187.0,0,0.0,11746875.600000001
2025-08-01 10:07:48 AM,1187.0,2,2374.0,11749249.600000001
2025-08-01 10:08:15 AM,1187.1,1,1187.1,11750436.700000001
2025-08-01 10:08:29 AM,1188.8,0,0.0,11750436.700000001
2025-08-01 10:08:31 AM,1188.8,155,184264.0,11934700.700000001
2025-08-01 10:08:47 AM,1187.7,0,0.0,11934700.700000001
2025-08-01 10:08:49 AM,1187.7,1,1187.7,11935888.4
2025-08-01 10:08:50 AM,1188.8,0,0.0,11935888.4
2025-08-01 10:08:51 AM,1188.8,19,22587.2,11958475.6
2025-08-01 10:08:56 AM,1188.5,1,1188.5,11959664.1
2025-08-01 10:09:01 AM,1188.5,1,1188.5,11960852.6
2025-08-01 10:09:11 AM,1188.0,0,0.0,11960852.6
2025-08-01 10:09:13 AM,1188.0,2,2376.0,11963228.6
2025-08-01 10:09:15 AM,1187.6,0,0.0,11963228.6
2025-08-01 10:09:17 AM,1187.4,0,0.0,11963228.6
2025-08-01 10:09:19 AM,1187.4,2,2374.8,11965603.4
2025-08-01 10:09:45 AM,1187.5,0,0.0,11965603.4
2025-08-01 10:09:47 AM,1188.3,0,0.0,11965603.4
2025-08-01 10:09:48 AM,1188.3,11,13071.3,11978674.700000001
2025-08-01 10:09:51 AM,1187.7,0,0.0,11978674.700000001
2025-08-01 10:09:53 AM,1187.7,2,2375.4,11981050.100000001
2025-08-01 10:10:12 AM,1188.3,5,5941.5,11986991.600000001
2025-08-01 10:10:46 AM,1188.3,6,7129.799999999999,11994121.400000002
2025-08-01 10:11:16 AM,1188.5,12,14262.0,12008383.400000002
2025-08-01 10:11:32 AM,1188.7,0,0.0,12008383.400000002
2025-08-01 10:11:33 AM,1188.7,1,1188.7,12009572.100000001
2025-08-01 10:11:45 AM,1188.0,1,1188.0,12010760.100000001
2025-08-01 10:12:11 AM,1189.1,0,0.0,12010760.100000001
2025-08-01 10:12:14 AM,1189.1,5,5945.5,12016705.600000001
2025-08-01 10:12:17 AM,1188.1,0,0.0,12016705.600000001
2025-08-01 10:12:20 AM,1188.1,1,1188.1,12017893.700000001
2025-08-01 10:12:49 AM,1188.1,2,2376.2,12020269.9
2025-08-01 10:13:18 AM,1188.1,1,1188.1,12021458.0
2025-08-01 10:13:48 AM,1188.1,1,1188.1,12022646.1
2025-08-01 10:14:05 AM,1187.5,80,95000.0,12117646.1
2025-08-01 10:14:08 AM,1188.8,0,0.0,12117646.1
2025-08-01 10:14:11 AM,1188.8,5,5944.0,12123590.1
2025-08-01 10:14:17 AM,1187.5,0,0.0,12123590.1
2025-08-01 10:14:17 AM,1187.5,2,2375.0,12125965.1
2025-08-01 10:14:44 AM,1188.6,0,0.0,12125965.1
2025-08-01 10:14:44 AM,1188.4,0,0.0,12125965.1
2025-08-01 10:14:46 AM,1188.4,17,20202.800000000003,12146167.9
2025-08-01 10:15:16 AM,1187.7,0,0.0,12146167.9
2025-08-01 10:15:21 AM,1187.7,1,1187.7,12147355.6
2025-08-01 10:15:45 AM,1187.7,2,2375.4,12149731.0
2025-08-01 10:16:05 AM,1188.4,0,0.0,12149731.0
2025-08-01 10:16:08 AM,1188.4,2,2376.8,12152107.8
2025-08-01 10:16:16 AM,1187.7,0,0.0,12152107.8
2025-08-01 10:16:19 AM,1187.8,0,0.0,12152107.8
2025-08-01 10:16:20 AM,1187.8,2,2375.6,12154483.4
2025-08-01 10:16:46 AM,1187.9,0,0.0,12154483.4
2025-08-01 10:16:49 AM,1187.9,1,1187.9,12155671.3
2025-08-01 10:17:17 AM,1187.9,2,2375.8,12158047.100000001
2025-08-01 10:17:46 AM,1187.9,1,1187.9,12159235.000000002
2025-08-01 10:17:52 AM,1187.9,3,3563.7000000000003,12162798.700000001
2025-08-01 10:18:21 AM,1187.9,1,1187.9,12163986.600000001
2025-08-01 10:18:50 AM,1187.9,2,2375.8,12166362.400000002
2025-08-01 10:19:07 AM,1187.9,2,2375.8,12168738.200000003
2025-08-01 10:19:12 AM,1188.2,0,0.0,12168738.200000003
2025-08-01 10:19:12 AM,1188.2,2,2376.4,12171114.600000003
2025-08-01 10:19:13 AM,1188.2,4,4752.8,12175867.400000004
2025-08-01 10:19:30 AM,1188.2,11,13070.2,12188937.600000003
2025-08-01 10:19:36 AM,1188.2,1,1188.2,12190125.800000003
2025-08-01 10:19:45 AM,1187.9,0,0.0,12190125.800000003
2025-08-01 10:19:47 AM,1187.9,1,1187.9,12191313.700000003
2025-08-01 10:19:51 AM,1187.8,0,0.0,12191313.700000003
2025-08-01 10:19:53 AM,1187.8,10,11878.0,12203191.700000003
2025-08-01 10:19:57 AM,1188.3,0,0.0,12203191.700000003
2025-08-01 10:19:58 AM,1188.3,1,1188.3,12204380.000000004
2025-08-01 10:20:00 AM,1188.4,0,0.0,12204380.000000004
2025-08-01 10:20:03 AM,1188.4,20,23768.0,12228148.000000004
2025-08-01 10:20:15 AM,1187.9,0,0.0,12228148.000000004
2025-08-01 10:20:16 AM,1187.9,2,2375.8,12230523.800000004
2025-08-01 10:20:35 AM,1188.4,0,0.0,12230523.800000004
2025-08-01 10:20:38 AM,1188.4,1,1188.4,12231712.200000005
2025-08-01 10:20:46 AM,1187.9,1,1187.9,12232900.100000005
2025-08-01 10:20:51 AM,1188.4,15,17826.0,12250726.100000005
2025-08-01 10:21:04 AM,1188.5,1,1188.5,12251914.600000005
2025-08-01 10:21:07 AM,1189.3,0,0.0,12251914.600000005
2025-08-01 10:21:07 AM,1189.3,45,53518.5,12305433.100000005
2025-08-01 10:21:15 AM,1188.3,0,0.0,12305433.100000005
2025-08-01 10:21:15 AM,1188.3,1,1188.3,12306621.400000006
2025-08-01 10:21:18 AM,1188.3,1,1188.3,12307809.700000007
2025-08-01 10:21:46 AM,1187.9,2,2375.8,12310185.500000007
2025-08-01 10:22:15 AM,1188.0,1,1188.0,12311373.500000007
2025-08-01 10:22:43 AM,1188.9,5,5944.5,12317318.000000007
2025-08-01 10:22:45 AM,1188.1,1,1188.1,12318506.100000007
2025-08-01 10:23:16 AM,1188.0,0,0.0,12318506.100000007
2025-08-01 10:23:17 AM,1188.0,2,2376.0,12320882.100000007
2025-08-01 10:23:33 AM,1188.2,2,2376.4,12323258.500000007
2025-08-01 10:23:46 AM,1188.1,0,0.0,12323258.500000007
2025-08-01 10:23:48 AM,1188.1,1,1188.1,12324446.600000007
2025-08-01 10:23:58 AM,1189.3,0,0.0,12324446.600000007
2025-08-01 10:23:59 AM,1189.3,50,59465.0,12383911.600000007
2025-08-01 10:24:12 AM,1188.1,0,0.0,12383911.600000007
2025-08-01 10:24:12 AM,1188.1,50,59404.99999999999,12443316.600000007
2025-08-01 10:24:16 AM,1188.1,1,1188.1,12444504.700000007
2025-08-01 10:24:21 AM,1188.9,3,3566.7000000000003,12448071.400000006
2025-08-01 10:24:32 AM,1189.1,0,0.0,12448071.400000006
2025-08-01 10:24:32 AM,1189.1,26,30916.6,12478988.000000006
2025-08-01 10:24:46 AM,1188.9,0,0.0,12478988.000000006
2025-08-01 10:24:48 AM,1188.9,2,2377.8,12481365.800000006
2025-08-01 10:24:52 AM,1189.4,0,0.0,12481365.800000006
2025-08-01 10:24:54 AM,1189.4,25,29735.000000000004,12511100.800000006
2025-08-01 10:25:17 AM,1189.0,0,0.0,12511100.800000006
2025-08-01 10:25:17 AM,1189.0,1,1189.0,12512289.800000006
2025-08-01 10:25:48 AM,1189.0,1,1189.0,12513478.800000006
2025-08-01 10:26:12 AM,1189.3,0,0.0,12513478.800000006
2025-08-01 10:26:13 AM,1189.3,1,1189.3,12514668.100000007
2025-08-01 10:26:17 AM,1189.0,0,0.0,12514668.100000007
2025-08-01 10:26:18 AM,1189.0,2,2378.0,12517046.100000007
2025-08-01 10:26:47 AM,1189.0,1,1189.0,12518235.100000007
2025-08-01 10:27:11 AM,1190.0,0,0.0,12518235.100000007
2025-08-01 10:27:13 AM,1190.0,50,59500.0,12577735.100000007
2025-08-01 10:27:17 AM,1189.0,0,0.0,12577735.100000007
2025-08-01 10:27:19 AM,1189.0,1,1189.0,12578924.100000007
2025-08-01 10:27:38 AM,1189.8,0,0.0,12578924.100000007
2025-08-01 10:27:39 AM,1190.0,0,0.0,12578924.100000007
2025-08-01 10:27:40 AM,1190.0,6,7140.0,12586064.100000007
2025-08-01 10:27:46 AM,1189.1,2,2378.2,12588442.300000006
2025-08-01 10:28:16 AM,1189.0,0,0.0,12588442.300000006
2025-08-01 10:28:18 AM,1189.0,1,1189.0,12589631.300000006
2025-08-01 10:28:36 AM,1189.1,0,0.0,12589631.300000006
2025-08-01 10:28:37 AM,1189.1,1,1189.1,12590820.400000006
2025-08-01 10:28:46 AM,1189.5,1,1189.5,12592009.900000006
2025-08-01 10:28:52 AM,1190.0,18,21420.0,12613429.900000006
2025-08-01 10:29:14 AM,1190.0,3,3570.0,12616999.900000006
2025-08-01 10:29:48 AM,1190.8,0,0.0,12616999.900000006
2025-08-01 10:29:50 AM,1190.8,110,130988.0,12747987.900000006
2025-08-01 10:30:02 AM,1190.9,0,0.0,12747987.900000006
2025-08-01 10:30:04 AM,1190.9,1,1190.9,12749178.800000006
2025-08-01 10:30:15 AM,1190.3,1,1190.3,12750369.100000007
2025-08-01 10:30:47 AM,1190.3,10,11903.0,12762272.100000007
2025-08-01 10:31:21 AM,1190.3,1,1190.3,12763462.400000008
2025-08-01 10:31:30 AM,1191.1,52,61937.2,12825399.600000007
2025-08-01 10:31:43 AM,1191.3,0,0.0,12825399.600000007
2025-08-01 10:31:43 AM,1191.3,30,35739.0,12861138.600000007
2025-08-01 10:32:15 AM,1190.7,0,0.0,12861138.600000007
2025-08-01 10:32:15 AM,1190.7,1,1190.7,12862329.300000006
2025-08-01 10:32:28 AM,1190.7,3,3572.1000000000004,12865901.400000006
2025-08-01 10:34:08 AM,1190.4,0,0.0,12865901.400000006
2025-08-01 10:34:11 AM,1190.4,1,1190.4,12867091.800000006
2025-08-01 10:34:21 AM,1190.3,0,0.0,12867091.800000006
2025-08-01 10:34:22 AM,1190.3,75,89272.5,12956364.300000006
2025-08-01 10:34:24 AM,1190.3,1,1190.3,12957554.600000007
2025-08-01 10:35:13 AM,1190.3,20,23806.0,12981360.600000007
2025-08-01 10:36:09 AM,1190.9,1,1190.9,12982551.500000007
2025-08-01 10:36:28 AM,1191.1,20,23822.0,13006373.500000007
2025-08-01 10:37:09 AM,1190.3,0,0.0,13006373.500000007
2025-08-01 10:37:10 AM,1190.3,1,1190.3,13007563.800000008
2025-08-01 10:37:30 AM,1191.1,0,0.0,13007563.800000008
2025-08-01 10:37:32 AM,1191.1,10,11911.0,13019474.800000008
2025-08-01 10:37:54 AM,1191.2,0,0.0,13019474.800000008
2025-08-01 10:37:54 AM,1191.2,15,17868.0,13037342.800000008
2025-08-01 10:38:09 AM,1191.2,1,1191.2,13038534.000000007
2025-08-01 10:39:27 AM,1191.2,200,238240.0,13276774.000000007
2025-08-01 10:40:23 AM,1191.2,100,119120.0,13395894.000000007
2025-08-01 10:40:50 AM,1191.3,0,0.0,13395894.000000007
2025-08-01 10:40:51 AM,1191.3,20,23826.0,13419720.000000007
2025-08-01 10:41:12 AM,1190.3,0,0.0,13419720.000000007
2025-08-01 10:41:13 AM,1190.3,5,5951.5,13425671.500000007
2025-08-01 10:42:20 AM,1190.3,61,72608.3,13498279.800000008
2025-08-01 10:42:47 AM,1190.0,0,0.0,13498279.800000008
2025-08-01 10:42:47 AM,1190.0,39,46410.0,13544689.800000008
2025-08-01 10:42:50 AM,1190.0,6,7140.0,13551829.800000008
2025-08-01 10:44:02 AM,1190.3,4,4761.2,13556591.000000007
2025-08-01 10:44:34 AM,1191.0,0,0.0,13556591.000000007
2025-08-01 10:44:35 AM,1191.0,15,17865.0,13574456.000000007
2025-08-01 10:44:56 AM,1191.0,31,36921.0,13611377.000000007
2025-08-01 10:44:59 AM,1191.0,1,1191.0,13612568.000000007
2025-08-01 10:45:09 AM,1191.4,0,0.0,13612568.000000007
2025-08-01 10:45:10 AM,1191.4,18,21445.2,13634013.200000007
2025-08-01 10:45:36 AM,1191.3,0,0.0,13634013.200000007
2025-08-01 10:45:37 AM,1191.3,7,8339.1,13642352.300000006
2025-08-01 10:46:55 AM,1190.3,0,0.0,13642352.300000006
2025-08-01 10:46:58 AM,1190.3,1,1190.3,13643542.600000007
2025-08-01 10:47:48 AM,1190.3,22,26186.6,13669729.200000007
2025-08-01 10:48:19 AM,1191.3,0,0.0,13669729.200000007
2025-08-01 10:48:21 AM,1191.3,4,4765.2,13674494.400000006
2025-08-01 10:49:56 AM,1191.3,2,2382.6,13676877.000000006
2025-08-01 10:50:02 AM,1191.4,0,0.0,13676877.000000006
2025-08-01 10:50:02 AM,1191.4,99,117948.6,13794825.600000005
2025-08-01 10:50:10 AM,1191.0,0,0.0,13794825.600000005
2025-08-01 10:50:13 AM,1191.0,2,2382.0,13797207.600000005
2025-08-01 10:51:15 AM,1191.3,5,5956.5,13803164.100000005
2025-08-01 10:51:37 AM,1191.3,2,2382.6,13805546.700000005
2025-08-01 10:51:50 AM,1191.4,0,0.0,13805546.700000005
2025-08-01 10:51:53 AM,1191.4,5,5957.0,13811503.700000005
2025-08-01 10:52:22 AM,1190.3,0,0.0,13811503.700000005
2025-08-01 10:52:25 AM,1190.3,440,523732.0,14335235.700000005
2025-08-01 10:52:28 AM,1191.2,0,0.0,14335235.700000005
2025-08-01 10:52:31 AM,1191.2,1,1191.2,14336426.900000004
2025-08-01 10:52:34 AM,1190.2,0,0.0,14336426.900000004
2025-08-01 10:52:36 AM,1190.2,10,11902.0,14348328.900000004
2025-08-01 10:53:32 AM,1190.0,0,0.0,14348328.900000004
2025-08-01 10:53:35 AM,1190.0,25,29750.0,14378078.900000004
2025-08-01 10:54:55 AM,1190.8,1,1190.8,14379269.700000005
2025-08-01 10:55:05 AM,1190.8,25,29770.0,14409039.700000005
2025-08-01 10:55:06 AM,1190.1,0,0.0,14409039.700000005
2025-08-01 10:55:08 AM,1190.8,0,0.0,14409039.700000005
2025-08-01 10:55:10 AM,1190.8,17,20243.6,14429283.300000004
2025-08-01 10:56:19 AM,1190.8,2,2381.6,14431664.900000004
2025-08-01 10:56:44 AM,1190.1,0,0.0,14431664.900000004
2025-08-01 10:56:46 AM,1190.1,50,59504.99999999999,14491169.900000004
2025-08-01 10:57:34 AM,1190.9,2,2381.8,14493551.700000005
2025-08-01 10:58:49 AM,1190.9,5,5954.5,14499506.200000005
2025-08-01 10:58:52 AM,1190.1,0,0.0,14499506.200000005
2025-08-01 10:58:54 AM,1190.1,1,1190.1,14500696.300000004
2025-08-01 10:58:58 AM,1189.3,0,0.0,14500696.300000004
2025-08-01 10:59:00 AM,1189.3,130,154609.0,14655305.300000004
2025-08-01 10:59:10 AM,1190.5,10,11905.0,14667210.300000004
2025-08-01 11:00:36 AM,1190.4,1,1190.4,14668400.700000005
2025-08-01 11:00:53 AM,1190.0,0,0.0,14668400.700000005
2025-08-01 11:00:57 AM,1190.0,2,2380.0,14670780.700000005
2025-08-01 11:01:55 AM,1191.4,0,0.0,14670780.700000005
2025-08-01 11:01:55 AM,1191.4,500,595700.0,15266480.700000005
2025-08-01 11:01:57 AM,1190.1,0,0.0,15266480.700000005
2025-08-01 11:02:00 AM,1190.1,6,7140.599999999999,15273621.300000004
2025-08-01 11:03:11 AM,1191.9,0,0.0,15273621.300000004
2025-08-01 11:03:11 AM,1191.9,20,23838.0,15297459.300000004
2025-08-01 11:03:15 AM,1191.0,0,0.0,15297459.300000004
2025-08-01 11:03:15 AM,1191.0,10,11910.0,15309369.300000004
2025-08-01 11:03:35 AM,1191.0,2,2382.0,15311751.300000004
2025-08-01 11:03:49 AM,1192.2,0,0.0,15311751.300000004
2025-08-01 11:03:49 AM,1192.2,180,214596.0,15526347.300000004
2025-08-01 11:03:51 AM,1192.0,0,0.0,15526347.300000004
2025-08-01 11:03:52 AM,1192.0,1,1192.0,15527539.300000004
2025-08-01 11:03:53 AM,1192.7,0,0.0,15527539.300000004
2025-08-01 11:03:54 AM,1192.7,4,4770.8,15532310.100000005
2025-08-01 11:03:59 AM,1192.8,0,0.0,15532310.100000005
2025-08-01 11:04:00 AM,1192.8,10,11928.0,15544238.100000005
2025-08-01 11:04:03 AM,1192.9,0,0.0,15544238.100000005
2025-08-01 11:04:05 AM,1193.0,138,164634.0,15708872.100000005
2025-08-01 11:04:17 AM,1192.2,0,0.0,15708872.100000005
2025-08-01 11:04:18 AM,1192.2,100,119220.0,15828092.100000005
2025-08-01 11:04:20 AM,1193.0,24,28632.0,15856724.100000005
2025-08-01 11:04:23 AM,1192.2,0,0.0,15856724.100000005
2025-08-01 11:04:23 AM,1192.2,1,1192.2,15857916.300000004
2025-08-01 11:04:33 AM,1192.2,2,2384.4,15860300.700000005
2025-08-01 11:04:39 AM,1192.9,0,0.0,15860300.700000005
2025-08-01 11:04:40 AM,1192.9,6,7157.400000000001,15867458.100000005
2025-08-01 11:05:25 AM,1192.0,0,0.0,15867458.100000005
2025-08-01 11:05:26 AM,1192.0,2,2384.0,15869842.100000005
2025-08-01 11:06:10 AM,1191.7,0,0.0,15869842.100000005
2025-08-01 11:06:11 AM,1191.7,1,1191.7,15871033.800000004
2025-08-01 11:07:57 AM,1192.5,0,0.0,15871033.800000004
2025-08-01 11:07:57 AM,1192.5,2,2385.0,15873418.800000004
2025-08-01 11:08:40 AM,1191.9,10,11919.0,15885337.800000004
2025-08-01 11:08:53 AM,1191.9,5,5959.5,15891297.300000004
2025-08-01 11:09:17 AM,1191.8,2,2383.6,15893680.900000004
2025-08-01 11:09:24 AM,1191.1,0,0.0,15893680.900000004
2025-08-01 11:09:25 AM,1191.1,1,1191.1,15894872.000000004
2025-08-01 11:10:30 AM,1191.7,0,0.0,15894872.000000004
2025-08-01 11:10:32 AM,1191.7,5,5958.5,15900830.500000004
2025-08-01 11:11:26 AM,1191.9,0,0.0,15900830.500000004
2025-08-01 11:11:27 AM,1191.9,5,5959.5,15906790.000000004
2025-08-01 11:11:32 AM,1191.7,0,0.0,15906790.000000004
2025-08-01 11:11:33 AM,1191.7,3,3575.1000000000004,15910365.100000003
2025-08-01 11:12:02 AM,1191.9,0,0.0,15910365.100000003
2025-08-01 11:12:04 AM,1191.9,1,1191.9,15911557.000000004
2025-08-01 11:13:30 AM,1191.0,0,0.0,15911557.000000004
2025-08-01 11:13:30 AM,1191.0,1,1191.0,15912748.000000004
2025-08-01 11:14:13 AM,1191.8,0,0.0,15912748.000000004
2025-08-01 11:14:14 AM,1191.8,1,1191.8,15913939.800000004
2025-08-01 11:14:17 AM,1191.0,0,0.0,15913939.800000004
2025-08-01 11:14:19 AM,1191.0,2,2382.0,15916321.800000004
2025-08-01 11:14:29 AM,1191.0,50,59550.0,15975871.800000004
2025-08-01 11:15:28 AM,1190.0,10,11900.0,15987771.800000004
2025-08-01 11:16:59 AM,1191.3,0,0.0,15987771.800000004
2025-08-01 11:17:00 AM,1191.3,13,15486.9,16003258.700000005
2025-08-01 11:17:03 AM,1191.3,1,1191.3,16004450.000000006
2025-08-01 11:17:21 AM,1191.9,1,1191.9,16005641.900000006
2025-08-01 11:18:01 AM,1191.9,2,2383.8,16008025.700000007
2025-08-01 11:19:07 AM,1191.8,0,0.0,16008025.700000007
2025-08-01 11:19:10 AM,1191.8,1,1191.8,16009217.500000007
2025-08-01 11:19:15 AM,1191.9,0,0.0,16009217.500000007
2025-08-01 11:19:15 AM,1191.9,16,19070.4,16028287.900000008
2025-08-01 11:19:26 AM,1191.9,1,1191.9,16029479.800000008
2025-08-01 11:19:31 AM,1191.9,5,5959.5,16035439.300000008
2025-08-01 11:20:04 AM,1191.9,50,59595.00000000001,16095034.300000008
2025-08-01 11:20:24 AM,1191.0,0,0.0,16095034.300000008
2025-08-01 11:20:25 AM,1191.0,10,11910.0,16106944.300000008
2025-08-01 11:20:51 AM,1191.9,30,35757.0,16142701.300000008
2025-08-01 11:21:03 AM,1192.0,0,0.0,16142701.300000008
2025-08-01 11:21:06 AM,1192.0,5,5960.0,16148661.300000008
2025-08-01 11:21:53 AM,1192.0,1,1192.0,16149853.300000008
2025-08-01 11:22:09 AM,1192.0,10,11920.0,16161773.300000008
2025-08-01 11:22:46 AM,1192.0,20,23840.0,16185613.300000008
2025-08-01 11:22:52 AM,1192.0,5,5960.0,16191573.300000008
2025-08-01 11:23:38 AM,1190.8,0,0.0,16191573.300000008
2025-08-01 11:23:39 AM,1190.8,55,65494.0,16257067.300000008
2025-08-01 11:23:40 AM,1190.9,0,0.0,16257067.300000008
2025-08-01 11:23:44 AM,1190.9,1,1190.9,16258258.200000009
2025-08-01 11:24:19 AM,1192.0,0,0.0,16258258.200000009
2025-08-01 11:24:19 AM,1192.0,1,1192.0,16259450.200000009
2025-08-01 11:24:31 AM,1190.4,100,119040.00000000001,16378490.200000009
2025-08-01 11:24:35 AM,1190.9,0,0.0,16378490.200000009
2025-08-01 11:24:35 AM,1190.9,1,1190.9,16379681.100000009
2025-08-01 11:24:43 AM,1191.9,0,0.0,16379681.100000009
2025-08-01 11:24:46 AM,1191.9,1,1191.9,16380873.00000001
2025-08-01 11:26:06 AM,1191.0,0,0.0,16380873.00000001
2025-08-01 11:26:09 AM,1191.0,1,1191.0,16382064.00000001
2025-08-01 11:26:14 AM,1191.0,4,4764.0,16386828.00000001
2025-08-01 11:26:43 AM,1190.0,0,0.0,16386828.00000001
2025-08-01 11:26:45 AM,1190.0,45,53550.0,16440378.00000001
2025-08-01 11:30:25 AM,1191.0,0,0.0,16440378.00000001
2025-08-01 11:30:27 AM,1191.0,2,2382.0,16442760.00000001
2025-08-01 11:30:32 AM,1191.0,1,1191.0,16443951.00000001
2025-08-01 11:31:14 AM,1190.0,1,1190.0,16445141.00000001
2025-08-01 11:33:24 AM,1190.6,0,0.0,16445141.00000001
2025-08-01 11:33:24 AM,1190.6,1,1190.6,16446331.600000009
2025-08-01 11:33:39 AM,1190.6,14,16668.399999999998,16463000.00000001
2025-08-01 11:34:08 AM,1190.8,0,0.0,16463000.00000001
2025-08-01 11:34:09 AM,1190.8,13,15480.4,16478480.40000001
2025-08-01 11:36:06 AM,1190.5,0,0.0,16478480.40000001
2025-08-01 11:36:08 AM,1190.8,0,0.0,16478480.40000001
2025-08-01 11:36:10 AM,1190.8,22,26197.6,16504678.00000001
2025-08-01 11:36:13 AM,1190.5,0,0.0,16504678.00000001
2025-08-01 11:36:15 AM,1190.5,1,1190.5,16505868.50000001
2025-08-01 11:36:51 AM,1190.8,0,0.0,16505868.50000001
2025-08-01 11:36:51 AM,1190.8,1,1190.8,16507059.30000001
2025-08-01 11:37:06 AM,1190.5,0,0.0,16507059.30000001
2025-08-01 11:37:07 AM,1190.5,10,11905.0,16518964.30000001
2025-08-01 11:37:09 AM,1190.8,0,0.0,16518964.30000001
2025-08-01 11:37:12 AM,1190.8,2,2381.6,16521345.90000001
2025-08-01 11:37:33 AM,1190.8,1,1190.8,16522536.70000001
2025-08-01 11:38:24 AM,1190.8,19,22625.2,16545161.90000001
2025-08-01 11:39:32 AM,1190.0,0,0.0,16545161.90000001
2025-08-01 11:39:35 AM,1190.0,162,192780.0,16737941.90000001
2025-08-01 11:40:53 AM,1190.3,1,1190.3,16739132.20000001
2025-08-01 11:42:19 AM,1190.3,15,17854.5,16756986.70000001
2025-08-01 11:42:37 AM,1188.1,0,0.0,16756986.70000001
2025-08-01 11:42:40 AM,1188.1,700,831669.9999999999,17588656.70000001
2025-08-01 11:43:49 AM,1189.4,2,2378.8,17591035.50000001
2025-08-01 11:44:54 AM,1188.6,0,0.0,17591035.50000001
2025-08-01 11:44:56 AM,1188.6,1,1188.6,17592224.100000013
2025-08-01 11:44:57 AM,1188.0,0,0.0,17592224.100000013
2025-08-01 11:45:01 AM,1188.0,4,4752.0,17596976.100000013
2025-08-01 11:45:37 AM,1189.5,0,0.0,17596976.100000013
2025-08-01 11:45:38 AM,1189.5,80,95160.0,17692136.100000013
2025-08-01 11:45:54 AM,1189.3,0,0.0,17692136.100000013
2025-08-01 11:45:54 AM,1189.3,20,23786.0,17715922.100000013
2025-08-01 11:46:16 AM,1189.3,18,21407.399999999998,17737329.50000001
2025-08-01 11:46:33 AM,1190.0,0,0.0,17737329.50000001
2025-08-01 11:46:37 AM,1190.0,1,1190.0,17738519.50000001
2025-08-01 11:46:56 AM,1189.3,0,0.0,17738519.50000001
2025-08-01 11:46:58 AM,1189.3,3,3567.8999999999996,17742087.40000001
2025-08-01 11:47:53 AM,1189.5,0,0.0,17742087.40000001
2025-08-01 11:47:54 AM,1189.6,15,17844.0,17759931.40000001
2025-08-01 11:48:11 AM,1189.5,0,0.0,17759931.40000001
2025-08-01 11:48:15 AM,1189.5,1,1189.5,17761120.90000001
2025-08-01 11:48:35 AM,1189.5,1,1189.5,17762310.40000001
2025-08-01 11:48:55 AM,1189.5,20,23790.0,17786100.40000001
2025-08-01 11:49:38 AM,1189.7,0,0.0,17786100.40000001
2025-08-01 11:49:42 AM,1189.7,8,9517.6,17795618.00000001
2025-08-01 11:50:11 AM,1189.5,0,0.0,17795618.00000001
2025-08-01 11:50:13 AM,1189.5,10,11895.0,17807513.00000001
2025-08-01 11:50:18 AM,1189.5,7,8326.5,17815839.50000001
2025-08-01 11:50:21 AM,1188.8,0,0.0,17815839.50000001
2025-08-01 11:50:24 AM,1188.8,10,11888.0,17827727.50000001
2025-08-01 11:50:27 AM,1188.7,0,0.0,17827727.50000001
2025-08-01 11:50:29 AM,1188.7,15,17830.5,17845558.00000001
2025-08-01 11:50:34 AM,1190.0,1,1190.0,17846748.00000001
2025-08-01 11:50:35 AM,1188.7,0,0.0,17846748.00000001
2025-08-01 11:50:39 AM,1188.7,1,1188.7,17847936.70000001
2025-08-01 11:50:46 AM,1190.0,0,0.0,17847936.70000001
2025-08-01 11:50:49 AM,1190.0,2,2380.0,17850316.70000001
2025-08-01 11:50:54 AM,1188.9,0,0.0,17850316.70000001
2025-08-01 11:50:58 AM,1188.9,25,29722.500000000004,17880039.20000001
2025-08-01 11:54:39 AM,1189.9,0,0.0,17880039.20000001
2025-08-01 11:54:40 AM,1189.9,7,8329.300000000001,17888368.50000001
2025-08-01 11:54:43 AM,1189.8,0,0.0,17888368.50000001
2025-08-01 11:54:45 AM,1189.8,1,1189.8,17889558.300000012
2025-08-01 11:55:50 AM,1189.8,5,5949.0,17895507.300000012
2025-08-01 11:55:55 AM,1188.9,2,2377.8,17897885.100000013
2025-08-01 11:56:20 AM,1189.9,0,0.0,17897885.100000013
2025-08-01 11:56:21 AM,1189.9,8,9519.2,17907404.300000012
2025-08-01 11:56:28 AM,1189.9,1,1189.9,17908594.20000001
2025-08-01 11:56:45 AM,1189.8,0,0.0,17908594.20000001
2025-08-01 11:56:46 AM,1189.8,2,2379.6,17910973.800000012
2025-08-01 11:57:14 AM,1189.9,0,0.0,17910973.800000012
2025-08-01 11:57:16 AM,1189.9,20,23798.0,17934771.800000012
2025-08-01 11:58:29 AM,1189.8,1,1189.8,17935961.600000013
2025-08-01 11:58:51 AM,1189.8,8,9518.4,17945480.00000001
2025-08-01 11:58:55 AM,1189.8,5,5949.0,17951429.00000001
2025-08-01 11:59:06 AM,1189.8,1,1189.8,17952618.800000012
2025-08-01 12:00:02 PM,1189.8,3,3569.3999999999996,17956188.20000001
2025-08-01 12:00:11 PM,1188.6,0,0.0,17956188.20000001
2025-08-01 12:00:13 PM,1188.6,10,11886.0,17968074.20000001
2025-08-01 12:00:26 PM,1189.8,0,0.0,17968074.20000001
2025-08-01 12:00:29 PM,1189.8,10,11898.0,17979972.20000001
2025-08-01 12:00:51 PM,1189.8,1,1189.8,17981162.00000001
2025-08-01 12:01:13 PM,1188.1,175,207917.49999999997,18189079.50000001
2025-08-01 12:01:25 PM,1189.8,0,0.0,18189079.50000001
2025-08-01 12:01:27 PM,1189.8,4,4759.2,18193838.70000001
2025-08-01 12:02:43 PM,1188.9,0,0.0,18193838.70000001
2025-08-01 12:02:45 PM,1188.9,4,4755.6,18198594.300000012
2025-08-01 12:03:51 PM,1189.6,0,0.0,18198594.300000012
2025-08-01 12:03:52 PM,1189.6,5,5948.0,18204542.300000012
2025-08-01 12:04:16 PM,1189.6,1,1189.6,18205731.900000013
2025-08-01 12:05:06 PM,1189.7,0,0.0,18205731.900000013
2025-08-01 12:05:07 PM,1189.7,3,3569.1000000000004,18209301.000000015
2025-08-01 12:05:28 PM,1188.9,0,0.0,18209301.000000015
2025-08-01 12:05:31 PM,1188.9,3,3566.7000000000003,18212867.700000014
2025-08-01 12:07:08 PM,1190.1,0,0.0,18212867.700000014
2025-08-01 12:07:10 PM,1190.1,66,78546.59999999999,18291414.300000016
2025-08-01 12:08:04 PM,1189.8,0,0.0,18291414.300000016
2025-08-01 12:08:05 PM,1189.8,4,4759.2,18296173.500000015
2025-08-01 12:08:10 PM,1188.6,0,0.0,18296173.500000015
2025-08-01 12:08:11 PM,1188.6,105,124802.99999999999,18420976.500000015
2025-08-01 12:08:40 PM,1189.8,0,0.0,18420976.500000015
2025-08-01 12:08:41 PM,1189.8,1,1189.8,18422166.300000016
2025-08-01 12:09:32 PM,1189.9,0,0.0,18422166.300000016
2025-08-01 12:09:35 PM,1189.9,10,11899.0,18434065.300000016
2025-08-01 12:10:00 PM,1190.2,2,2380.4,18436445.700000014
2025-08-01 12:11:02 PM,1190.1,0,0.0,18436445.700000014
2025-08-01 12:11:05 PM,1190.1,20,23802.0,18460247.700000014
2025-08-01 12:11:25 PM,1190.1,1,1190.1,18461437.800000016
2025-08-01 12:12:36 PM,1189.5,0,0.0,18461437.800000016
2025-08-01 12:12:39 PM,1189.5,2,2379.0,18463816.800000016
2025-08-01 12:14:12 PM,1190.7,0,0.0,18463816.800000016
2025-08-01 12:14:14 PM,1190.7,100,119070.0,18582886.800000016
2025-08-01 12:14:58 PM,1188.9,0,0.0,18582886.800000016
2025-08-01 12:15:00 PM,1188.9,100,118890.00000000001,18701776.800000016
2025-08-01 12:15:02 PM,1189.9,0,0.0,18701776.800000016
2025-08-01 12:15:04 PM,1190.0,0,0.0,18701776.800000016
2025-08-01 12:15:04 PM,1190.0,15,17850.0,18719626.800000016
2025-08-01 12:15:20 PM,1190.0,1,1190.0,18720816.800000016
2025-08-01 12:15:30 PM,1189.9,0,0.0,18720816.800000016
2025-08-01 12:15:30 PM,1189.9,1,1189.9,18722006.700000014
2025-08-01 12:16:06 PM,1189.9,3,3569.7000000000003,18725576.400000013
2025-08-01 12:16:06 PM,1188.9,0,0.0,18725576.400000013
2025-08-01 12:16:06 PM,1188.9,1,1188.9,18726765.300000012
2025-08-01 12:17:18 PM,1188.8,0,0.0,18726765.300000012
2025-08-01 12:17:19 PM,1188.8,2,2377.6,18729142.900000013
2025-08-01 12:17:24 PM,1189.3,0,0.0,18729142.900000013
2025-08-01 12:17:24 PM,1189.3,15,17839.5,18746982.400000013
2025-08-01 12:18:03 PM,1189.0,1,1189.0,18748171.400000013
2025-08-01 12:18:47 PM,1189.0,5,5945.0,18754116.400000013
2025-08-01 12:20:43 PM,1188.5,0,0.0,18754116.400000013
2025-08-01 12:20:45 PM,1188.5,1,1188.5,18755304.900000013
2025-08-01 12:20:47 PM,1189.0,0,0.0,18755304.900000013
2025-08-01 12:20:50 PM,1189.0,3,3567.0,18758871.900000013
2025-08-01 12:21:10 PM,1189.0,3,3567.0,18762438.900000013
2025-08-01 12:21:53 PM,1189.0,2,2378.0,18764816.900000013
2025-08-01 12:22:01 PM,1188.5,0,0.0,18764816.900000013
2025-08-01 12:22:03 PM,1188.5,1,1188.5,18766005.400000013
2025-08-01 12:22:16 PM,1189.0,0,0.0,18766005.400000013
2025-08-01 12:22:19 PM,1189.0,1,1189.0,18767194.400000013
2025-08-01 12:22:27 PM,1188.2,0,0.0,18767194.400000013
2025-08-01 12:22:30 PM,1188.2,10,11882.0,18779076.400000013
2025-08-01 12:22:57 PM,1189.0,0,0.0,18779076.400000013
2025-08-01 12:23:00 PM,1189.0,5,5945.0,18785021.400000013
2025-08-01 12:23:54 PM,1189.0,1,1189.0,18786210.400000013
2025-08-01 12:24:27 PM,1189.3,0,0.0,18786210.400000013
2025-08-01 12:24:29 PM,1189.3,10,11893.0,18798103.400000013
2025-08-01 12:25:47 PM,1188.2,0,0.0,18798103.400000013
2025-08-01 12:25:49 PM,1188.2,1,1188.2,18799291.600000013
2025-08-01 12:26:25 PM,1189.3,0,0.0,18799291.600000013
2025-08-01 12:26:29 PM,1189.3,10,11893.0,18811184.600000013
2025-08-01 12:26:44 PM,1189.3,3,3567.8999999999996,18814752.50000001
2025-08-01 12:29:23 PM,1189.0,0,0.0,18814752.50000001
2025-08-01 12:29:24 PM,1189.0,1,1189.0,18815941.50000001
2025-08-01 12:30:13 PM,1189.0,1,1189.0,18817130.50000001
2025-08-01 12:30:48 PM,1188.2,0,0.0,18817130.50000001
2025-08-01 12:30:50 PM,1188.2,1,1188.2,18818318.70000001
2025-08-01 12:30:58 PM,1189.0,0,0.0,18818318.70000001
2025-08-01 12:31:00 PM,1189.0,11,13079.0,18831397.70000001
2025-08-01 12:31:00 PM,1189.5,0,0.0,18831397.70000001
2025-08-01 12:31:01 PM,1189.5,5,5947.5,18837345.20000001
2025-08-01 12:31:36 PM,1189.0,0,0.0,18837345.20000001
2025-08-01 12:31:36 PM,1189.0,2,2378.0,18839723.20000001
2025-08-01 12:31:46 PM,1190.1,0,0.0,18839723.20000001
2025-08-01 12:31:47 PM,1190.1,30,35703.0,18875426.20000001
2025-08-01 12:31:52 PM,1189.8,3,3569.3999999999996,18878995.60000001
2025-08-01 12:31:59 PM,1189.8,13,15467.4,18894463.000000007
2025-08-01 12:33:18 PM,1189.7,0,0.0,18894463.000000007
2025-08-01 12:33:19 PM,1189.7,5,5948.5,18900411.500000007
2025-08-01 12:34:52 PM,1189.9,0,0.0,18900411.500000007
2025-08-01 12:34:55 PM,1189.9,24,28557.600000000002,18928969.10000001
2025-08-01 12:35:14 PM,1190.0,0,0.0,18928969.10000001
2025-08-01 12:35:16 PM,1190.0,2,2380.0,18931349.10000001
2025-08-01 12:36:00 PM,1191.0,0,0.0,18931349.10000001
2025-08-01 12:36:03 PM,1191.0,300,357300.0,19288649.10000001
2025-08-01 12:36:08 PM,1189.1,0,0.0,19288649.10000001
2025-08-01 12:36:08 PM,1189.1,8,9512.8,19298161.90000001
2025-08-01 12:36:39 PM,1189.1,2,2378.2,19300540.10000001
2025-08-01 12:36:47 PM,1190.0,0,0.0,19300540.10000001
2025-08-01 12:36:49 PM,1190.0,38,45220.0,19345760.10000001
2025-08-01 12:39:03 PM,1190.0,10,11900.0,19357660.10000001
2025-08-01 12:40:03 PM,1190.0,1,1190.0,19358850.10000001
2025-08-01 12:41:16 PM,1190.1,0,0.0,19358850.10000001
2025-08-01 12:41:21 PM,1190.1,13,15471.3,19374321.40000001
2025-08-01 12:41:30 PM,1190.4,0,0.0,19374321.40000001
2025-08-01 12:41:31 PM,1190.4,8,9523.2,19383844.60000001
2025-08-01 12:42:03 PM,1190.4,3,3571.2000000000003,19387415.80000001
2025-08-01 12:42:20 PM,1190.1,0,0.0,19387415.80000001
2025-08-01 12:42:23 PM,1190.1,2,2380.2,19389796.000000007
2025-08-01 12:42:53 PM,1189.2,1,1189.2,19390985.200000007
2025-08-01 12:42:54 PM,1190.2,0,0.0,19390985.200000007
2025-08-01 12:42:59 PM,1190.2,2,2380.4,19393365.600000005
2025-08-01 12:43:32 PM,1189.2,44,52324.8,19445690.400000006
2025-08-01 12:43:33 PM,1189.0,0,0.0,19445690.400000006
2025-08-01 12:43:38 PM,1189.0,3,3567.0,19449257.400000006
2025-08-01 12:44:20 PM,1188.2,0,0.0,19449257.400000006
2025-08-01 12:44:21 PM,1188.2,17,20199.4,19469456.800000004
2025-08-01 12:44:22 PM,1189.3,0,0.0,19469456.800000004
2025-08-01 12:44:26 PM,1188.2,0,0.0,19469456.800000004
2025-08-01 12:44:26 PM,1188.2,22,26140.4,19495597.200000003
2025-08-01 12:45:08 PM,1188.2,1,1188.2,19496785.400000002
2025-08-01 12:47:12 PM,1188.1,0,0.0,19496785.400000002
2025-08-01 12:47:15 PM,1188.1,60,71286.0,19568071.400000002
2025-08-01 12:47:16 PM,1188.0,0,0.0,19568071.400000002
2025-08-01 12:47:20 PM,1188.0,10,11880.0,19579951.400000002
2025-08-01 12:47:40 PM,1189.1,0,0.0,19579951.400000002
2025-08-01 12:47:41 PM,1189.1,1,1189.1,19581140.500000004
2025-08-01 12:48:01 PM,1189.4,5,5947.0,19587087.500000004
2025-08-01 12:48:08 PM,1188.0,0,0.0,19587087.500000004
2025-08-01 12:48:10 PM,1188.0,186,220968.0,19808055.500000004
2025-08-01 12:48:16 PM,1188.0,2,2376.0,19810431.500000004
2025-08-01 12:48:36 PM,1188.0,12,14256.0,19824687.500000004
2025-08-01 12:48:54 PM,1189.6,0,0.0,19824687.500000004
2025-08-01 12:48:56 PM,1189.6,100,118959.99999999999,19943647.500000004
2025-08-01 12:49:06 PM,1189.3,0,0.0,19943647.500000004
2025-08-01 12:49:10 PM,1189.3,10,11893.0,19955540.500000004
2025-08-01 12:49:40 PM,1189.3,2,2378.6,19957919.100000005
2025-08-01 12:51:17 PM,1189.0,0,0.0,19957919.100000005
2025-08-01 12:51:18 PM,1189.0,1,1189.0,19959108.100000005
2025-08-01 12:54:52 PM,1189.1,0,0.0,19959108.100000005
2025-08-01 12:54:54 PM,1189.1,1,1189.1,19960297.200000007
2025-08-01 12:56:35 PM,1188.2,60,71292.0,20031589.200000007
2025-08-01 12:58:24 PM,1189.8,0,0.0,20031589.200000007
2025-08-01 12:58:26 PM,1189.8,41,48781.799999999996,20080371.000000007
2025-08-01 12:58:32 PM,1190.2,0,0.0,20080371.000000007
2025-08-01 12:58:36 PM,1190.3,299,355899.7,20436270.700000007
2025-08-01 12:58:42 PM,1190.2,0,0.0,20436270.700000007
2025-08-01 12:58:46 PM,1190.2,4,4760.8,20441031.500000007
2025-08-01 12:58:48 PM,1190.0,0,0.0,20441031.500000007
2025-08-01 12:58:51 PM,1190.0,130,154700.0,20595731.500000007
2025-08-01 12:58:56 PM,1190.0,1,1190.0,20596921.500000007
2025-08-01 12:59:01 PM,1190.0,40,47600.0,20644521.500000007
2025-08-01 12:59:21 PM,1190.0,1,1190.0,20645711.500000007
2025-08-01 01:00:03 PM,1190.0,199,236810.0,20882521.500000007
2025-08-01 01:00:05 PM,1190.6,0,0.0,20882521.500000007
2025-08-01 01:00:06 PM,1190.0,0,0.0,20882521.500000007
2025-08-01 01:00:08 PM,1190.0,4,4760.0,20887281.500000007
2025-08-01 01:01:39 PM,1190.6,0,0.0,20887281.500000007
2025-08-01 01:01:42 PM,1190.6,18,21430.8,20908712.30000001
2025-08-01 01:02:13 PM,1190.5,0,0.0,20908712.30000001
2025-08-01 01:02:16 PM,1190.5,42,50001.0,20958713.30000001
2025-08-01 01:03:27 PM,1190.8,0,0.0,20958713.30000001
2025-08-01 01:03:27 PM,1190.8,25,29770.0,20988483.30000001
2025-08-01 01:03:29 PM,1190.0,0,0.0,20988483.30000001
2025-08-01 01:03:32 PM,1190.0,1,1190.0,20989673.30000001
2025-08-01 01:03:39 PM,1191.0,0,0.0,20989673.30000001
2025-08-01 01:03:42 PM,1191.0,1,1191.0,20990864.30000001
2025-08-01 01:04:33 PM,1190.1,0,0.0,20990864.30000001
2025-08-01 01:04:34 PM,1190.1,1,1190.1,20992054.40000001
2025-08-01 01:04:44 PM,1190.0,1535,1826650.0,22818704.40000001
2025-08-01 01:04:59 PM,1189.9,1,1189.9,22819894.30000001
2025-08-01 01:06:22 PM,1188.8,225,267480.0,23087374.30000001
2025-08-01 01:06:31 PM,1189.2,0,0.0,23087374.30000001
2025-08-01 01:06:31 PM,1189.2,10,11892.0,23099266.30000001
2025-08-01 01:08:31 PM,1189.2,10,11892.0,23111158.30000001
2025-08-01 01:08:54 PM,1190.7,0,0.0,23111158.30000001
2025-08-01 01:08:55 PM,1190.7,50,59535.0,23170693.30000001
2025-08-01 01:09:20 PM,1190.5,0,0.0,23170693.30000001
2025-08-01 01:09:21 PM,1190.5,10,11905.0,23182598.30000001
2025-08-01 01:09:36 PM,1191.0,0,0.0,23182598.30000001
2025-08-01 01:09:36 PM,1191.0,30,35730.0,23218328.30000001
2025-08-01 01:09:51 PM,1189.7,1,1189.7,23219518.000000007
2025-08-01 01:10:29 PM,1189.5,25,29737.5,23249255.500000007
2025-08-01 01:12:14 PM,1189.5,1,1189.5,23250445.000000007
2025-08-01 01:13:06 PM,1190.4,0,0.0,23250445.000000007
2025-08-01 01:13:07 PM,1190.4,1,1190.4,23251635.400000006
2025-08-01 01:14:12 PM,1189.6,0,0.0,23251635.400000006
2025-08-01 01:14:14 PM,1189.6,12,14275.199999999999,23265910.600000005
2025-08-01 01:14:50 PM,1189.6,15,17844.0,23283754.600000005
2025-08-01 01:14:57 PM,1190.4,2,2380.8,23286135.400000006
2025-08-01 01:15:02 PM,1190.4,2,2380.8,23288516.200000007
2025-08-01 01:15:56 PM,1190.4,1,1190.4,23289706.600000005
2025-08-01 01:15:58 PM,1189.0,0,0.0,23289706.600000005
2025-08-01 01:15:58 PM,1189.0,1000,1189000.0,24478706.600000005
2025-08-01 01:17:50 PM,1190.2,0,0.0,24478706.600000005
2025-08-01 01:17:53 PM,1190.2,20,23804.0,24502510.600000005
2025-08-01 01:18:20 PM,1190.1,0,0.0,24502510.600000005
2025-08-01 01:18:23 PM,1190.1,8,9520.8,24512031.400000006
2025-08-01 01:18:28 PM,1190.1,8,9520.8,24521552.200000007
2025-08-01 01:18:38 PM,1190.2,0,0.0,24521552.200000007
2025-08-01 01:18:38 PM,1190.2,5,5951.0,24527503.200000007
2025-08-01 01:19:20 PM,1190.1,0,0.0,24527503.200000007
2025-08-01 01:19:23 PM,1190.1,4,4760.4,24532263.600000005
2025-08-01 01:19:47 PM,1190.1,2,2380.2,24534643.800000004
2025-08-01 01:20:42 PM,1190.1,4,4760.4,24539404.200000003
2025-08-01 01:21:08 PM,1189.3,0,0.0,24539404.200000003
2025-08-01 01:21:12 PM,1189.3,25,29732.5,24569136.700000003
2025-08-01 01:22:01 PM,1189.3,25,29732.5,24598869.200000003
2025-08-01 01:23:10 PM,1190.4,30,35712.0,24634581.200000003
2025-08-01 01:23:18 PM,1189.5,0,0.0,24634581.200000003
2025-08-01 01:23:19 PM,1189.5,1,1189.5,24635770.700000003
2025-08-01 01:23:29 PM,1189.5,6,7137.0,24642907.700000003
2025-08-01 01:23:48 PM,1190.0,0,0.0,24642907.700000003
2025-08-01 01:23:49 PM,1190.0,4,4760.0,24647667.700000003
2025-08-01 01:23:58 PM,1189.4,0,0.0,24647667.700000003
2025-08-01 01:23:58 PM,1189.4,12,14272.800000000001,24661940.500000004
2025-08-01 01:24:48 PM,1189.0,0,0.0,24661940.500000004
2025-08-01 01:24:51 PM,1189.0,154,183106.0,24845046.500000004
2025-08-01 01:24:55 PM,1189.0,2,2378.0,24847424.500000004
2025-08-01 01:25:35 PM,1189.0,3,3567.0,24850991.500000004
2025-08-01 01:25:53 PM,1190.0,0,0.0,24850991.500000004
2025-08-01 01:25:55 PM,1190.0,14,16660.0,24867651.500000004
2025-08-01 01:29:49 PM,1189.0,0,0.0,24867651.500000004
2025-08-01 01:29:52 PM,1189.0,1,1189.0,24868840.500000004
2025-08-01 01:30:27 PM,1189.9,1,1189.9,24870030.400000002
2025-08-01 01:30:29 PM,1189.0,0,0.0,24870030.400000002
2025-08-01 01:30:31 PM,1189.0,1,1189.0,24871219.400000002
2025-08-01 01:31:28 PM,1190.0,0,0.0,24871219.400000002
2025-08-01 01:31:32 PM,1190.0,10,11900.0,24883119.400000002
2025-08-01 01:32:21 PM,1190.0,5,5950.0,24889069.400000002
2025-08-01 01:32:43 PM,1189.9,0,0.0,24889069.400000002
2025-08-01 01:32:45 PM,1189.9,1,1189.9,24890259.3
2025-08-01 01:34:27 PM,1189.9,42,49975.8,24940235.1
2025-08-01 01:34:44 PM,1190.0,0,0.0,24940235.1
2025-08-01 01:34:45 PM,1190.0,65,77350.0,25017585.1
2025-08-01 01:34:47 PM,1189.2,0,0.0,25017585.1
2025-08-01 01:34:50 PM,1189.2,1,1189.2,25018774.3
2025-08-01 01:35:05 PM,1190.0,0,0.0,25018774.3
2025-08-01 01:35:05 PM,1190.0,2,2380.0,25021154.3
2025-08-01 01:35:29 PM,1189.0,0,0.0,25021154.3
2025-08-01 01:35:29 PM,1189.0,5,5945.0,25027099.3
2025-08-01 01:35:35 PM,1190.0,0,0.0,25027099.3
2025-08-01 01:35:38 PM,1190.0,2,2380.0,25029479.3
2025-08-01 01:37:50 PM,1189.0,15,17835.0,25047314.3
2025-08-01 01:38:11 PM,1190.4,50,59520.00000000001,25106834.3
2025-08-01 01:39:48 PM,1190.0,0,0.0,25106834.3
2025-08-01 01:39:51 PM,1190.0,5,5950.0,25112784.3
2025-08-01 01:41:06 PM,1190.3,0,0.0,25112784.3
2025-08-01 01:41:07 PM,1190.3,20,23806.0,25136590.3
2025-08-01 01:41:54 PM,1189.3,0,0.0,25136590.3
2025-08-01 01:41:55 PM,1189.3,20,23786.0,25160376.3
2025-08-01 01:41:58 PM,1190.0,0,0.0,25160376.3
2025-08-01 01:42:00 PM,1190.0,1,1190.0,25161566.3
2025-08-01 01:42:11 PM,1190.0,4,4760.0,25166326.3
2025-08-01 01:42:55 PM,1190.0,4,4760.0,25171086.3
2025-08-01 01:43:12 PM,1190.3,0,0.0,25171086.3
2025-08-01 01:43:15 PM,1190.3,4,4761.2,25175847.5
2025-08-01 01:45:45 PM,1189.3,35,41625.5,25217473.0
2025-08-01 01:46:18 PM,1189.5,0,0.0,25217473.0
2025-08-01 01:46:19 PM,1189.5,1,1189.5,25218662.5
2025-08-01 01:46:24 PM,1189.5,85,101107.5,25319770.0
2025-08-01 01:46:28 PM,1189.0,0,0.0,25319770.0
2025-08-01 01:46:29 PM,1189.0,1,1189.0,25320959.0
2025-08-01 01:47:04 PM,1189.0,15,17835.0,25338794.0
2025-08-01 01:48:19 PM,1189.0,5,5945.0,25344739.0
2025-08-01 01:49:16 PM,1189.8,0,0.0,25344739.0
2025-08-01 01:49:17 PM,1189.8,5,5949.0,25350688.0
2025-08-01 01:52:00 PM,1189.7,0,0.0,25350688.0
2025-08-01 01:52:03 PM,1189.7,14,16655.8,25367343.8
2025-08-01 01:52:06 PM,1189.0,0,0.0,25367343.8
2025-08-01 01:52:08 PM,1189.0,1,1189.0,25368532.8
2025-08-01 01:52:14 PM,1189.8,0,0.0,25368532.8
2025-08-01 01:52:17 PM,1189.8,29,34504.2,25403037.0
2025-08-01 01:52:26 PM,1190.0,0,0.0,25403037.0
2025-08-01 01:52:27 PM,1190.0,2,2380.0,25405417.0
2025-08-01 01:55:40 PM,1189.9,0,0.0,25405417.0
2025-08-01 01:55:41 PM,1189.9,1,1189.9,25406606.9
2025-08-01 01:55:55 PM,1189.9,1,1189.9,25407796.799999997
2025-08-01 01:56:02 PM,1189.0,0,0.0,25407796.799999997
2025-08-01 01:56:05 PM,1189.0,9,10701.0,25418497.799999997
2025-08-01 01:56:20 PM,1189.0,434,516026.0,25934523.799999997
2025-08-01 01:56:25 PM,1189.0,1,1189.0,25935712.799999997
2025-08-01 01:58:44 PM,1189.0,100,118900.0,26054612.799999997
2025-08-01 01:58:46 PM,1188.3,0,0.0,26054612.799999997
2025-08-01 01:58:48 PM,1188.3,6,7129.799999999999,26061742.599999998
2025-08-01 01:59:00 PM,1188.0,0,0.0,26061742.599999998
2025-08-01 01:59:03 PM,1188.0,40,47520.0,26109262.599999998
2025-08-01 01:59:14 PM,1188.0,20,23760.0,26133022.599999998
2025-08-01 01:59:24 PM,1188.0,13,15444.0,26148466.599999998
2025-08-01 01:59:53 PM,1187.1,0,0.0,26148466.599999998
2025-08-01 01:59:54 PM,1187.1,280,332388.0,26480854.599999998
2025-08-01 02:00:12 PM,1186.9,0,0.0,26480854.599999998
2025-08-01 02:00:15 PM,1186.9,177,210081.30000000002,26690935.9
2025-08-01 02:00:50 PM,1186.8,0,0.0,26690935.9
2025-08-01 02:00:53 PM,1186.8,10,11868.0,26702803.9
2025-08-01 02:01:06 PM,1186.9,0,0.0,26702803.9
2025-08-01 02:01:08 PM,1186.9,100,118690.00000000001,26821493.9
2025-08-01 02:02:20 PM,1187.0,0,0.0,26821493.9
2025-08-01 02:02:21 PM,1187.0,677,803599.0,27625092.9
2025-08-01 02:02:24 PM,1187.1,0,0.0,27625092.9
2025-08-01 02:02:25 PM,1187.1,2,2374.2,27627467.099999998
2025-08-01 02:03:02 PM,1187.6,0,0.0,27627467.099999998
2025-08-01 02:03:06 PM,1187.6,22,26127.199999999997,27653594.299999997
2025-08-01 02:03:22 PM,1187.0,0,0.0,27653594.299999997
2025-08-01 02:03:26 PM,1187.0,525,623175.0,28276769.299999997
2025-08-01 02:04:28 PM,1187.9,0,0.0,28276769.299999997
2025-08-01 02:04:31 PM,1187.9,10,11879.0,28288648.299999997
2025-08-01 02:05:02 PM,1187.2,0,0.0,28288648.299999997
2025-08-01 02:05:04 PM,1187.9,0,0.0,28288648.299999997
2025-08-01 02:05:07 PM,1187.9,15,17818.5,28306466.799999997
2025-08-01 02:06:20 PM,1188.9,0,0.0,28306466.799999997
2025-08-01 02:06:22 PM,1188.9,200,237780.00000000003,28544246.799999997
2025-08-01 02:06:29 PM,1188.1,0,0.0,28544246.799999997
2025-08-01 02:06:32 PM,1188.1,2,2376.2,28546622.999999996
2025-08-01 02:07:03 PM,1187.4,0,0.0,28546622.999999996
2025-08-01 02:07:03 PM,1187.4,50,59370.00000000001,28605992.999999996
2025-08-01 02:07:44 PM,1188.5,0,0.0,28605992.999999996
2025-08-01 02:07:44 PM,1188.5,5,5942.5,28611935.499999996
2025-08-01 02:08:30 PM,1188.5,10,11885.0,28623820.499999996
2025-08-01 02:08:46 PM,1188.5,3,3565.5,28627385.999999996
2025-08-01 02:10:18 PM,1188.6,0,0.0,28627385.999999996
2025-08-01 02:10:21 PM,1188.6,2,2377.2,28629763.199999996
2025-08-01 02:11:44 PM,1188.6,1,1188.6,28630951.799999997
2025-08-01 02:12:15 PM,1188.6,4,4754.4,28635706.199999996
2025-08-01 02:13:10 PM,1188.7,0,0.0,28635706.199999996
2025-08-01 02:13:11 PM,1188.7,100,118870.0,28754576.199999996
2025-08-01 02:13:18 PM,1187.0,0,0.0,28754576.199999996
2025-08-01 02:13:18 PM,1187.0,264,313368.0,29067944.199999996
2025-08-01 02:13:42 PM,1188.5,0,0.0,29067944.199999996
2025-08-01 02:13:42 PM,1188.5,1,1188.5,29069132.699999996
2025-08-01 02:14:44 PM,1188.9,0,0.0,29069132.699999996
2025-08-01 02:14:45 PM,1188.9,1,1188.9,29070321.599999994
2025-08-01 02:15:08 PM,1188.9,20,23778.0,29094099.599999994
2025-08-01 02:15:16 PM,1188.7,3,3566.1000000000004,29097665.699999996
2025-08-01 02:15:50 PM,1188.7,5,5943.5,29103609.199999996
2025-08-01 02:16:26 PM,1188.7,5,5943.5,29109552.699999996
2025-08-01 02:16:46 PM,1188.7,1,1188.7,29110741.399999995
2025-08-01 02:16:47 PM,1188.7,2,2377.4,29113118.799999993
2025-08-01 02:16:55 PM,1187.7,1,1187.7,29114306.499999993
2025-08-01 02:17:36 PM,1187.7,25,29692.5,29143998.999999993
2025-08-01 02:17:40 PM,1188.6,0,0.0,29143998.999999993
2025-08-01 02:17:41 PM,1188.6,2,2377.2,29146376.19999999
2025-08-01 02:17:44 PM,1187.5,0,0.0,29146376.19999999
2025-08-01 02:17:46 PM,1187.5,1,1187.5,29147563.69999999
2025-08-01 02:19:13 PM,1187.0,202,239774.0,29387337.69999999
2025-08-01 02:19:16 PM,1187.2,0,0.0,29387337.69999999
2025-08-01 02:19:18 PM,1187.2,2,2374.4,29389712.09999999
2025-08-01 02:19:56 PM,1187.1,0,0.0,29389712.09999999
2025-08-01 02:19:56 PM,1187.1,3,3561.2999999999997,29393273.39999999
2025-08-01 02:20:24 PM,1188.1,0,0.0,29393273.39999999
2025-08-01 02:20:26 PM,1188.1,2,2376.2,29395649.59999999
2025-08-01 02:20:31 PM,1188.1,1,1188.1,29396837.69999999
2025-08-01 02:21:20 PM,1187.0,0,0.0,29396837.69999999
2025-08-01 02:21:22 PM,1187.0,1,1187.0,29398024.69999999
2025-08-01 02:21:38 PM,1187.0,1,1187.0,29399211.69999999
2025-08-01 02:21:49 PM,1188.0,2,2376.0,29401587.69999999
2025-08-01 02:21:58 PM,1187.0,0,0.0,29401587.69999999
2025-08-01 02:22:00 PM,1187.0,2,2374.0,29403961.69999999
2025-08-01 02:22:36 PM,1189.8,0,0.0,29403961.69999999
2025-08-01 02:22:37 PM,1189.8,630,749574.0,30153535.69999999
2025-08-01 02:23:03 PM,1189.2,0,0.0,30153535.69999999
2025-08-01 02:23:04 PM,1189.2,51,60649.200000000004,30214184.89999999
2025-08-01 02:23:06 PM,1187.8,0,0.0,30214184.89999999
2025-08-01 02:23:09 PM,1187.8,16,19004.8,30233189.69999999
2025-08-01 02:24:47 PM,1187.9,0,0.0,30233189.69999999
2025-08-01 02:24:49 PM,1187.9,100,118790.00000000001,30351979.69999999
2025-08-01 02:25:56 PM,1188.0,0,0.0,30351979.69999999
2025-08-01 02:25:59 PM,1188.0,1,1188.0,30353167.69999999
2025-08-01 02:27:11 PM,1188.6,0,0.0,30353167.69999999
2025-08-01 02:27:14 PM,1188.6,1,1188.6,30354356.299999993
2025-08-01 02:27:35 PM,1188.0,0,0.0,30354356.299999993
2025-08-01 02:27:35 PM,1188.0,9,10692.0,30365048.299999993
2025-08-01 02:27:58 PM,1187.8,0,0.0,30365048.299999993
2025-08-01 02:28:02 PM,1187.8,5,5939.0,30370987.299999993
2025-08-01 02:28:08 PM,1187.8,2,2375.6,30373362.899999995
2025-08-01 02:28:30 PM,1187.1,5,5935.5,30379298.399999995
2025-08-01 02:29:18 PM,1187.8,0,0.0,30379298.399999995
2025-08-01 02:29:20 PM,1187.8,5,5939.0,30385237.399999995
2025-08-01 02:30:37 PM,1187.6,0,0.0,30385237.399999995
2025-08-01 02:30:37 PM,1187.6,9,10688.4,30395925.799999993
2025-08-01 02:30:40 PM,1188.4,0,0.0,30395925.799999993
2025-08-01 02:30:42 PM,1188.4,1,1188.4,30397114.19999999
2025-08-01 02:30:43 PM,1187.5,1,1187.5,30398301.69999999
2025-08-01 02:31:21 PM,1188.4,1,1188.4,30399490.09999999
2025-08-01 02:33:22 PM,1188.4,1,1188.4,30400678.49999999
2025-08-01 02:33:33 PM,1188.7,54,64189.8,30464868.29999999
2025-08-01 02:33:53 PM,1187.7,2,2375.4,30467243.699999988
2025-08-01 02:35:20 PM,1188.6,11,13074.599999999999,30480318.29999999
2025-08-01 02:35:38 PM,1188.7,0,0.0,30480318.29999999
2025-08-01 02:35:39 PM,1188.7,1,1188.7,30481506.99999999
2025-08-01 02:35:44 PM,1188.0,0,0.0,30481506.99999999
2025-08-01 02:35:44 PM,1188.0,2,2376.0,30483882.99999999
2025-08-01 02:36:59 PM,1188.0,25,29700.0,30513582.99999999
2025-08-01 02:37:09 PM,1188.6,0,0.0,30513582.99999999
2025-08-01 02:37:09 PM,1188.6,20,23772.0,30537354.99999999
2025-08-01 02:37:33 PM,1188.7,0,0.0,30537354.99999999
2025-08-01 02:37:35 PM,1188.7,1,1188.7,30538543.699999988
2025-08-01 02:37:40 PM,1188.0,100,118800.0,30657343.699999988
2025-08-01 02:37:46 PM,1188.7,50,59435.0,30716778.699999988
2025-08-01 02:38:14 PM,1188.7,21,24962.7,30741741.399999987
2025-08-01 02:38:54 PM,1188.0,1,1188.0,30742929.399999987
2025-08-01 02:39:19 PM,1188.6,0,0.0,30742929.399999987
2025-08-01 02:39:23 PM,1188.6,10,11886.0,30754815.399999987
2025-08-01 02:39:51 PM,1188.6,1,1188.6,30756003.99999999
2025-08-01 02:41:20 PM,1188.6,1,1188.6,30757192.59999999
2025-08-01 02:41:56 PM,1188.6,2,2377.2,30759569.79999999
2025-08-01 02:43:20 PM,1188.5,0,0.0,30759569.79999999
2025-08-01 02:43:22 PM,1188.5,10,11885.0,30771454.79999999
2025-08-01 02:43:33 PM,1188.0,85,100980.0,30872434.79999999
2025-08-01 02:43:39 PM,1188.0,1,1188.0,30873622.79999999
2025-08-01 02:43:41 PM,1187.9,0,0.0,30873622.79999999
2025-08-01 02:43:43 PM,1187.9,1,1187.9,30874810.699999988
2025-08-01 02:43:49 PM,1187.9,7,8315.300000000001,30883125.99999999
2025-08-01 02:44:06 PM,1187.9,10,11879.0,30895004.99999999
2025-08-01 02:44:17 PM,1187.9,24,28509.600000000002,30923514.59999999
2025-08-01 02:44:34 PM,1187.8,2,2375.6,30925890.19999999
2025-08-01 02:45:07 PM,1187.9,0,0.0,30925890.19999999
2025-08-01 02:45:08 PM,1187.9,2,2375.8,30928265.999999993
2025-08-01 02:45:13 PM,1187.0,0,0.0,30928265.999999993
2025-08-01 02:45:14 PM,1187.0,100,118700.0,31046965.999999993
2025-08-01 02:45:36 PM,1187.0,65,77155.0,31124120.999999993
2025-08-01 02:46:31 PM,1187.0,35,41545.0,31165665.999999993
2025-08-01 02:47:04 PM,1187.0,1,1187.0,31166852.999999993
2025-08-01 02:47:05 PM,1187.6,50,59379.99999999999,31226232.999999993
2025-08-01 02:49:02 PM,1187.5,0,0.0,31226232.999999993
2025-08-01 02:49:03 PM,1187.5,2,2375.0,31228607.999999993
2025-08-01 02:49:21 PM,1186.7,31,36787.700000000004,31265395.69999999
2025-08-01 02:49:29 PM,1187.4,0,0.0,31265395.69999999
2025-08-01 02:49:31 PM,1187.4,3,3562.2000000000003,31268957.89999999
2025-08-01 02:49:31 PM,1187.5,2,2375.0,31271332.89999999
2025-08-01 02:49:36 PM,1186.6,0,0.0,31271332.89999999
2025-08-01 02:49:37 PM,1186.6,14,16612.399999999998,31287945.29999999
2025-08-01 02:49:42 PM,1186.6,1,1186.6,31289131.89999999
2025-08-01 02:49:52 PM,1187.4,0,0.0,31289131.89999999
2025-08-01 02:49:53 PM,1187.4,1,1187.4,31290319.29999999
2025-08-01 02:50:04 PM,1187.4,2,2374.8,31292694.09999999
2025-08-01 02:50:37 PM,1187.8,70,83146.0,31375840.09999999
2025-08-01 02:50:44 PM,1188.0,0,0.0,31375840.09999999
2025-08-01 02:50:48 PM,1188.0,836,993168.0,32369008.09999999
2025-08-01 02:52:09 PM,1187.0,81,96147.0,32465155.09999999
2025-08-01 02:52:41 PM,1187.0,4,4748.0,32469903.09999999
2025-08-01 02:52:42 PM,1186.7,13,15427.1,32485330.19999999
2025-08-01 02:52:51 PM,1186.0,0,0.0,32485330.19999999
2025-08-01 02:52:51 PM,1186.0,400,474400.0,32959730.19999999
2025-08-01 02:53:13 PM,1187.0,16,18992.0,32978722.19999999
2025-08-01 02:53:23 PM,1186.3,0,0.0,32978722.19999999
2025-08-01 02:53:24 PM,1186.3,90,106767.0,33085489.19999999
2025-08-01 02:53:26 PM,1187.7,0,0.0,33085489.19999999
2025-08-01 02:53:26 PM,1187.7,2,2375.4,33087864.59999999
2025-08-01 02:53:36 PM,1187.7,60,71262.0,33159126.59999999
2025-08-01 02:54:00 PM,1186.0,0,0.0,33159126.59999999
2025-08-01 02:54:00 PM,1186.0,97,115042.0,33274168.59999999
2025-08-01 02:54:38 PM,1187.3,0,0.0,33274168.59999999
2025-08-01 02:54:38 PM,1187.3,1,1187.3,33275355.89999999
2025-08-01 02:55:06 PM,1187.3,1,1187.3,33276543.19999999
2025-08-01 02:55:12 PM,1187.3,6,7123.799999999999,33283666.999999993
2025-08-01 02:55:21 PM,1186.0,0,0.0,33283666.999999993
2025-08-01 02:55:23 PM,1186.0,50,59300.0,33342966.999999993
2025-08-01 02:55:28 PM,1187.3,2,2374.6,33345341.599999994
2025-08-01 02:56:30 PM,1187.3,1,1187.3,33346528.899999995
2025-08-01 02:56:41 PM,1186.4,1,1186.4,33347715.299999993
2025-08-01 02:56:51 PM,1186.4,2,2372.8,33350088.099999994
2025-08-01 02:57:29 PM,1186.1,0,0.0,33350088.099999994
2025-08-01 02:57:30 PM,1186.1,30,35583.0,33385671.099999994
2025-08-01 02:58:48 PM,1187.0,0,0.0,33385671.099999994
2025-08-01 02:58:49 PM,1187.0,10,11870.0,33397541.099999994
2025-08-01 02:59:01 PM,1186.9,0,0.0,33397541.099999994
2025-08-01 02:59:01 PM,1186.9,1,1186.9,33398727.999999993
2025-08-01 02:59:13 PM,1186.9,1,1186.9,33399914.89999999
2025-08-01 02:59:17 PM,1186.9,19,22551.100000000002,33422465.999999993
2025-08-01 02:59:28 PM,1186.9,2,2373.8,33424839.799999993
2025-08-01 02:59:43 PM,1186.0,0,0.0,33424839.799999993
2025-08-01 02:59:45 PM,1186.0,101,119786.0,33544625.799999993
2025-08-01 02:59:51 PM,1186.0,8,9488.0,33554113.799999993
2025-08-01 02:59:56 PM,1186.4,101,119826.40000000001,33673940.199999996
2025-08-01 03:00:01 PM,1186.0,2,2372.0,33676312.199999996
2025-08-01 03:00:03 PM,1186.4,1,1186.4,33677498.599999994
2025-08-01 03:00:06 PM,1186.0,0,0.0,33677498.599999994
2025-08-01 03:00:08 PM,1186.0,1305,1547730.0,35225228.599999994
2025-08-01 03:00:13 PM,1186.3,0,0.0,35225228.599999994
2025-08-01 03:00:14 PM,1186.3,622,737878.6,35963107.199999996
2025-08-01 03:00:19 PM,1186.0,0,0.0,35963107.199999996
2025-08-01 03:00:20 PM,1185.8,1047,1241532.5999999999,37204639.8
2025-08-01 03:00:22 PM,1186.1,1,1186.1,37205825.9
2025-08-01 03:00:25 PM,1186.0,0,0.0,37205825.9
2025-08-01 03:00:26 PM,1186.0,26,30836.0,37236661.9
2025-08-01 03:00:34 PM,1185.6,5,5928.0,37242589.9
2025-08-01 03:00:35 PM,1185.7,0,0.0,37242589.9
2025-08-01 03:00:37 PM,1185.7,95,112641.5,37355231.4
2025-08-01 03:00:43 PM,1185.5,0,0.0,37355231.4
2025-08-01 03:00:43 PM,1185.5,1,1185.5,37356416.9
2025-08-01 03:00:57 PM,1185.4,0,0.0,37356416.9
2025-08-01 03:00:57 PM,1185.4,72,85348.8,37441765.699999996
2025-08-01 03:01:02 PM,1185.3,0,0.0,37441765.699999996
2025-08-01 03:01:04 PM,1185.3,3,3555.8999999999996,37445321.599999994
2025-08-01 03:01:07 PM,1185.3,33,39114.9,37484436.49999999
2025-08-01 03:01:20 PM,1185.1,5,5925.5,37490361.99999999
2025-08-01 03:01:23 PM,1185.3,147,174239.1,37664601.099999994
2025-08-01 03:01:26 PM,1185.3,77,91268.09999999999,37755869.199999996
2025-08-01 03:01:31 PM,1185.1,0,0.0,37755869.199999996
2025-08-01 03:01:32 PM,1185.1,25,29627.499999999996,37785496.699999996
2025-08-01 03:01:34 PM,1185.3,0,0.0,37785496.699999996
2025-08-01 03:01:35 PM,1185.3,1,1185.3,37786681.99999999
2025-08-01 03:01:38 PM,1185.3,5,5926.5,37792608.49999999
2025-08-01 03:01:41 PM,1185.3,5,5926.5,37798534.99999999
2025-08-01 03:01:59 PM,1185.3,4,4741.2,37803276.199999996
2025-08-01 03:02:02 PM,1185.7,1,1185.7,37804461.9
2025-08-01 03:02:12 PM,1185.7,5,5928.5,37810390.4
2025-08-01 03:02:14 PM,1185.7,10,11857.0,37822247.4
2025-08-01 03:02:28 PM,1186.2,0,0.0,37822247.4
2025-08-01 03:02:30 PM,1186.2,20,23724.0,37845971.4
2025-08-01 03:02:54 PM,1186.3,1,1186.3,37847157.699999996
2025-08-01 03:02:57 PM,1185.7,1,1185.7,37848343.4
2025-08-01 03:03:03 PM,1186.3,1,1186.3,37849529.699999996
2025-08-01 03:03:22 PM,1186.2,4,4744.8,37854274.49999999
2025-08-01 03:03:37 PM,1186.1,1,1186.1,37855460.599999994
2025-08-01 03:03:55 PM,1186.1,1,1186.1,37856646.699999996
2025-08-01 03:04:01 PM,1186.1,46,54560.6,37911207.3
2025-08-01 03:04:04 PM,1186.1,1,1186.1,37912393.4
2025-08-01 03:04:11 PM,1186.1,3,3558.2999999999997,37915951.699999996
2025-08-01 03:04:18 PM,1186.3,0,0.0,37915951.699999996
2025-08-01 03:04:20 PM,1186.1,2,2372.2,37918323.9
2025-08-01 03:04:29 PM,1185.6,25,29639.999999999996,37947963.9
2025-08-01 03:04:41 PM,1185.6,4,4742.4,37952706.3
2025-08-01 03:05:01 PM,1186.0,0,0.0,37952706.3
2025-08-01 03:05:02 PM,1186.0,6,7116.0,37959822.3
2025-08-01 03:05:05 PM,1185.5,53,62831.5,38022653.8
2025-08-01 03:05:24 PM,1185.0,0,0.0,38022653.8
2025-08-01 03:05:25 PM,1185.0,421,498885.0,38521538.8
2025-08-01 03:05:28 PM,1185.4,15,17781.0,38539319.8
2025-08-01 03:05:31 PM,1185.0,0,0.0,38539319.8
2025-08-01 03:05:31 PM,1185.0,62,73470.0,38612789.8
2025-08-01 03:05:44 PM,1185.8,1,1185.8,38613975.599999994
2025-08-01 03:05:50 PM,1185.8,1,1185.8,38615161.39999999
2025-08-01 03:05:53 PM,1185.4,13,15410.2,38630571.599999994
2025-08-01 03:06:02 PM,1185.4,1,1185.4,38631756.99999999
2025-08-01 03:06:06 PM,1185.4,5,5927.0,38637683.99999999
2025-08-01 03:06:12 PM,1185.6,0,0.0,38637683.99999999
2025-08-01 03:06:12 PM,1185.6,3,3556.7999999999997,38641240.79999999
2025-08-01 03:06:24 PM,1185.6,1,1185.6,38642426.39999999
2025-08-01 03:06:30 PM,1185.8,26,30830.8,38673257.19999999
2025-08-01 03:06:52 PM,1185.8,3,3557.3999999999996,38676814.59999999
2025-08-01 03:07:01 PM,1185.8,1,1185.8,38678000.39999998
2025-08-01 03:07:17 PM,1185.8,10,11858.0,38689858.39999998
2025-08-01 03:07:37 PM,1185.6,0,0.0,38689858.39999998
2025-08-01 03:07:38 PM,1185.6,12,14227.199999999999,38704085.59999999
2025-08-01 03:07:44 PM,1185.8,0,0.0,38704085.59999999
2025-08-01 03:07:45 PM,1185.8,1,1185.8,38705271.39999998
2025-08-01 03:07:51 PM,1185.8,1,1185.8,38706457.19999998
2025-08-01 03:07:59 PM,1185.8,20,23716.0,38730173.19999998
2025-08-01 03:08:03 PM,1185.7,4,4742.8,38734915.99999998
2025-08-01 03:08:09 PM,1185.7,5,5928.5,38740844.49999998
2025-08-01 03:08:12 PM,1185.7,10,11857.0,38752701.49999998
2025-08-01 03:08:24 PM,1185.8,1,1185.8,38753887.299999975
2025-08-01 03:08:30 PM,1185.8,1,1185.8,38755073.09999997
2025-08-01 03:08:41 PM,1185.8,10,11858.0,38766931.09999997
2025-08-01 03:08:43 PM,1185.6,3,3556.7999999999997,38770487.89999997
2025-08-01 03:08:45 PM,1185.8,0,0.0,38770487.89999997
2025-08-01 03:08:47 PM,1185.6,8,9484.8,38779972.699999966
2025-08-01 03:08:49 PM,1185.8,20,23716.0,38803688.699999966
2025-08-01 03:09:01 PM,1186.0,0,0.0,38803688.699999966
2025-08-01 03:09:02 PM,1186.0,1,1186.0,38804874.699999966
2025-08-01 03:09:13 PM,1186.0,1,1186.0,38806060.699999966
2025-08-01 03:09:15 PM,1186.0,122,144692.0,38950752.699999966
2025-08-01 03:09:17 PM,1186.4,0,0.0,38950752.699999966
2025-08-01 03:09:19 PM,1186.4,99,117453.6,39068206.29999997
2025-08-01 03:09:31 PM,1186.7,2,2373.4,39070579.699999966
2025-08-01 03:09:33 PM,1186.8,0,0.0,39070579.699999966
2025-08-01 03:09:33 PM,1186.8,17,20175.6,39090755.29999997
2025-08-01 03:09:40 PM,1186.8,1,1186.8,39091942.099999964
2025-08-01 03:09:52 PM,1186.8,21,24922.8,39116864.89999996
2025-08-01 03:09:54 PM,1186.8,2,2373.6,39119238.49999996
2025-08-01 03:10:01 PM,1186.8,9,10681.199999999999,39129919.699999966
2025-08-01 03:10:13 PM,1186.6,1,1186.6,39131106.29999997
2025-08-01 03:10:16 PM,1186.6,2,2373.2,39133479.49999997
2025-08-01 03:10:20 PM,1186.7,9,10680.300000000001,39144159.79999997
2025-08-01 03:10:23 PM,1186.7,1,1186.7,39145346.49999997
2025-08-01 03:10:36 PM,1186.7,1,1186.7,39146533.19999997
2025-08-01 03:10:40 PM,1186.8,0,0.0,39146533.19999997
2025-08-01 03:10:40 PM,1186.8,21,24922.8,39171455.99999997
2025-08-01 03:10:42 PM,1186.8,25,29670.0,39201125.99999997
2025-08-01 03:11:01 PM,1186.1,16,18977.6,39220103.59999997
2025-08-01 03:11:12 PM,1186.8,0,0.0,39220103.59999997
2025-08-01 03:11:12 PM,1186.8,29,34417.2,39254520.799999975
2025-08-01 03:11:14 PM,1187.0,20,23740.0,39278260.799999975
2025-08-01 03:11:19 PM,1186.3,10,11863.0,39290123.799999975
2025-08-01 03:11:37 PM,1187.0,0,0.0,39290123.799999975
2025-08-01 03:11:38 PM,1187.0,1,1187.0,39291310.799999975
2025-08-01 03:11:40 PM,1187.0,9,10683.0,39301993.799999975
2025-08-01 03:11:59 PM,1186.5,1,1186.5,39303180.299999975
2025-08-01 03:12:03 PM,1186.4,0,0.0,39303180.299999975
2025-08-01 03:12:03 PM,1186.4,4,4745.6,39307925.899999976
2025-08-01 03:12:12 PM,1186.0,0,0.0,39307925.899999976
2025-08-01 03:12:12 PM,1186.0,12,14232.0,39322157.899999976
2025-08-01 03:12:18 PM,1185.8,0,0.0,39322157.899999976
2025-08-01 03:12:19 PM,1185.8,1,1185.8,39323343.69999997
2025-08-01 03:12:20 PM,1186.1,0,0.0,39323343.69999997
2025-08-01 03:12:23 PM,1185.8,19,22530.2,39345873.899999976
2025-08-01 03:12:32 PM,1186.1,3,3558.2999999999997,39349432.19999997
2025-08-01 03:12:42 PM,1185.9,1,1185.9,39350618.09999997
2025-08-01 03:12:52 PM,1185.7,18,21342.600000000002,39371960.69999997
2025-08-01 03:13:00 PM,1186.2,0,0.0,39371960.69999997
2025-08-01 03:13:02 PM,1186.2,50,59310.0,39431270.69999997
2025-08-01 03:13:09 PM,1185.8,10,11858.0,39443128.69999997
2025-08-01 03:13:18 PM,1186.7,0,0.0,39443128.69999997
2025-08-01 03:13:18 PM,1186.7,10,11867.0,39454995.69999997
2025-08-01 03:13:21 PM,1185.8,14,16601.2,39471596.899999976
2025-08-01 03:13:30 PM,1187.0,1,1187.0,39472783.899999976
2025-08-01 03:13:39 PM,1187.0,7,8309.0,39481092.899999976
2025-08-01 03:13:42 PM,1187.0,10,11870.0,39492962.899999976
2025-08-01 03:13:57 PM,1187.0,17,20179.0,39513141.899999976
2025-08-01 03:13:58 PM,1186.3,0,0.0,39513141.899999976
2025-08-01 03:14:00 PM,1187.0,2,2374.0,39515515.899999976
2025-08-01 03:14:03 PM,1187.0,3,3561.0,39519076.899999976
2025-08-01 03:14:13 PM,1186.9,0,0.0,39519076.899999976
2025-08-01 03:14:13 PM,1186.9,3,3560.7000000000003,39522637.59999998
2025-08-01 03:14:22 PM,1187.6,0,0.0,39522637.59999998
2025-08-01 03:14:22 PM,1187.6,10,11876.0,39534513.59999998
2025-08-01 03:14:34 PM,1186.4,40,47456.0,39581969.59999998
2025-08-01 03:14:38 PM,1187.5,0,0.0,39581969.59999998
2025-08-01 03:14:40 PM,1187.5,3,3562.5,39585532.09999998
2025-08-01 03:14:43 PM,1186.9,1,1186.9,39586718.99999998
2025-08-01 03:14:55 PM,1186.7,1,1186.7,39587905.69999998
2025-08-01 03:15:02 PM,1186.6,19,22545.399999999998,39610451.09999998
2025-08-01 03:15:12 PM,1186.3,50,59315.0,39669766.09999998
2025-08-01 03:15:19 PM,1186.6,0,0.0,39669766.09999998
2025-08-01 03:15:19 PM,1186.6,1,1186.6,39670952.69999998
2025-08-01 03:15:24 PM,1186.5,22,26103.0,39697055.69999998
2025-08-01 03:15:31 PM,1186.4,1,1186.4,39698242.09999998
2025-08-01 03:15:37 PM,1186.1,0,0.0,39698242.09999998
2025-08-01 03:15:39 PM,1186.1,41,48630.1,39746872.19999998
2025-08-01 03:15:41 PM,1186.4,9,10677.6,39757549.79999998
2025-08-01 03:15:56 PM,1186.4,2,2372.8,39759922.59999998
2025-08-01 03:16:00 PM,1186.4,3,3559.2000000000003,39763481.79999998
2025-08-01 03:16:02 PM,1186.4,3,3559.2000000000003,39767040.999999985
2025-08-01 03:16:08 PM,1186.4,3,3559.2000000000003,39770600.19999999
2025-08-01 03:16:22 PM,1186.4,22,26100.800000000003,39796700.999999985
2025-08-01 03:16:27 PM,1186.3,0,0.0,39796700.999999985
2025-08-01 03:16:29 PM,1186.4,4,4745.6,39801446.59999999
2025-08-01 03:16:49 PM,1186.4,1,1186.4,39802632.999999985
2025-08-01 03:16:56 PM,1186.2,78,92523.6,39895156.59999999
2025-08-01 03:17:02 PM,1186.3,0,0.0,39895156.59999999
2025-08-01 03:17:02 PM,1186.3,15,17794.5,39912951.09999999
2025-08-01 03:17:03 PM,1186.4,30,35592.0,39948543.09999999
2025-08-01 03:17:11 PM,1186.1,11,13047.099999999999,39961590.19999999
2025-08-01 03:17:16 PM,1186.5,5,5932.5,39967522.69999999
2025-08-01 03:17:17 PM,1186.1,15,17791.5,39985314.19999999
2025-08-01 03:17:20 PM,1186.5,0,0.0,39985314.19999999
2025-08-01 03:17:22 PM,1186.5,1,1186.5,39986500.69999999
2025-08-01 03:17:29 PM,1186.5,10,11865.0,39998365.69999999
2025-08-01 03:17:35 PM,1186.6,0,0.0,39998365.69999999
2025-08-01 03:17:35 PM,1186.6,3,3559.7999999999997,40001925.499999985
2025-08-01 03:17:40 PM,1186.3,0,0.0,40001925.499999985
2025-08-01 03:17:42 PM,1186.3,41,48638.299999999996,40050563.79999998
2025-08-01 03:17:48 PM,1186.0,50,59300.0,40109863.79999998
2025-08-01 03:18:03 PM,1186.4,1,1186.4,40111050.19999998
2025-08-01 03:18:05 PM,1186.3,0,0.0,40111050.19999998
2025-08-01 03:18:08 PM,1186.8,0,0.0,40111050.19999998
2025-08-01 03:18:08 PM,1186.8,35,41538.0,40152588.19999998
2025-08-01 03:18:14 PM,1186.4,0,0.0,40152588.19999998
2025-08-01 03:18:15 PM,1186.4,1,1186.4,40153774.59999998
2025-08-01 03:18:22 PM,1187.5,36,42750.0,40196524.59999998
2025-08-01 03:18:27 PM,1186.9,0,0.0,40196524.59999998
2025-08-01 03:18:28 PM,1186.9,1,1186.9,40197711.49999998
2025-08-01 03:18:30 PM,1187.7,10,11877.0,40209588.49999998
2025-08-01 03:18:41 PM,1187.0,34,40358.0,40249946.49999998
2025-08-01 03:18:56 PM,1187.2,1,1187.2,40251133.69999998
2025-08-01 03:19:00 PM,1187.2,12,14246.400000000001,40265380.09999998
2025-08-01 03:19:07 PM,1187.0,5,5935.0,40271315.09999998
2025-08-01 03:19:14 PM,1187.3,1,1187.3,40272502.399999976
2025-08-01 03:19:16 PM,1187.3,1,1187.3,40273689.69999997
2025-08-01 03:19:39 PM,1187.0,0,0.0,40273689.69999997
2025-08-01 03:19:40 PM,1187.0,21,24927.0,40298616.69999997
2025-08-01 03:19:42 PM,1187.0,20,23740.0,40322356.69999997
2025-08-01 03:19:45 PM,1186.9,0,0.0,40322356.69999997
2025-08-01 03:19:46 PM,1186.3,28,33216.4,40355573.09999997
2025-08-01 03:19:48 PM,1187.1,45,53419.49999999999,40408992.59999997
2025-08-01 03:19:55 PM,1187.1,1,1187.1,40410179.69999997
2025-08-01 03:19:59 PM,1187.1,1,1187.1,40411366.799999975
2025-08-01 03:20:02 PM,1187.2,10,11872.0,40423238.799999975
2025-08-01 03:20:07 PM,1187.2,2,2374.4,40425613.19999997
2025-08-01 03:20:09 PM,1186.3,100,118630.0,40544243.19999997
2025-08-01 03:20:20 PM,1187.2,0,0.0,40544243.19999997
2025-08-01 03:20:22 PM,1187.2,10,11872.0,40556115.19999997
2025-08-01 03:20:24 PM,1187.2,1,1187.2,40557302.399999976
2025-08-01 03:20:31 PM,1187.2,140,166208.0,40723510.399999976
2025-08-01 03:20:39 PM,1186.5,0,0.0,40723510.399999976
2025-08-01 03:20:43 PM,1187.2,11,13059.2,40736569.59999998
2025-08-01 03:20:49 PM,1187.2,41,48675.200000000004,40785244.79999998
2025-08-01 03:20:52 PM,1187.0,42,49854.0,40835098.79999998
2025-08-01 03:20:56 PM,1187.0,10,11870.0,40846968.79999998
2025-08-01 03:21:03 PM,1187.1,11,13058.099999999999,40860026.89999998
2025-08-01 03:21:10 PM,1187.2,1,1187.2,40861214.09999999
2025-08-01 03:21:12 PM,1187.0,0,0.0,40861214.09999999
2025-08-01 03:21:12 PM,1187.0,5,5935.0,40867149.09999999
2025-08-01 03:21:30 PM,1186.2,0,0.0,40867149.09999999
2025-08-01 03:21:31 PM,1186.2,45,53379.0,40920528.09999999
2025-08-01 03:21:39 PM,1187.0,10,11870.0,40932398.09999999
2025-08-01 03:21:51 PM,1187.0,1,1187.0,40933585.09999999
2025-08-01 03:21:53 PM,1187.0,1,1187.0,40934772.09999999
2025-08-01 03:22:04 PM,1186.6,0,0.0,40934772.09999999
2025-08-01 03:22:04 PM,1186.6,130,154258.0,41089030.09999999
2025-08-01 03:22:11 PM,1186.1,110,130470.99999999999,41219501.09999999
2025-08-01 03:22:14 PM,1186.6,0,0.0,41219501.09999999
2025-08-01 03:22:18 PM,1186.6,50,59329.99999999999,41278831.09999999
2025-08-01 03:22:20 PM,1186.4,9,10677.6,41289508.69999999
2025-08-01 03:22:32 PM,1186.4,1,1186.4,41290695.09999999
2025-08-01 03:22:38 PM,1186.2,18,21351.600000000002,41312046.69999999
2025-08-01 03:22:44 PM,1186.0,0,0.0,41312046.69999999
2025-08-01 03:22:45 PM,1186.0,7,8302.0,41320348.69999999
2025-08-01 03:22:51 PM,1186.1,2,2372.2,41322720.89999999
2025-08-01 03:22:58 PM,1186.0,13,15418.0,41338138.89999999
2025-08-01 03:23:00 PM,1186.1,10,11861.0,41349999.89999999
2025-08-01 03:23:05 PM,1186.2,2,2372.4,41352372.29999999
2025-08-01 03:23:07 PM,1186.2,1,1186.2,41353558.49999999
2025-08-01 03:23:22 PM,1186.3,0,0.0,41353558.49999999
2025-08-01 03:23:25 PM,1186.1,39,46257.899999999994,41399816.39999999
2025-08-01 03:23:38 PM,1187.0,100,118700.0,41518516.39999999
2025-08-01 03:23:40 PM,1187.0,10,11870.0,41530386.39999999
2025-08-01 03:23:57 PM,1186.9,1,1186.9,41531573.29999999
2025-08-01 03:23:59 PM,1186.9,1,1186.9,41532760.19999999
2025-08-01 03:24:01 PM,1186.7,0,0.0,41532760.19999999
2025-08-01 03:24:04 PM,1186.7,1,1186.7,41533946.89999999
2025-08-01 03:24:06 PM,1186.7,50,59335.0,41593281.89999999
2025-08-01 03:24:11 PM,1186.9,2,2373.8,41595655.69999999
2025-08-01 03:24:18 PM,1187.0,25,29675.0,41625330.69999999
2025-08-01 03:24:20 PM,1187.0,10,11870.0,41637200.69999999
2025-08-01 03:24:30 PM,1187.5,0,0.0,41637200.69999999
2025-08-01 03:24:31 PM,1187.5,5,5937.5,41643138.19999999
2025-08-01 03:24:38 PM,1187.9,11,13066.900000000001,41656205.09999999
2025-08-01 03:24:44 PM,1187.2,0,0.0,41656205.09999999
2025-08-01 03:24:45 PM,1187.2,91,108035.2,41764240.29999999
2025-08-01 03:24:59 PM,1187.6,26,30877.6,41795117.89999999
2025-08-01 03:25:11 PM,1187.6,1,1187.6,41796305.49999999
2025-08-01 03:25:18 PM,1187.3,130,154349.0,41950654.49999999
2025-08-01 03:25:37 PM,1187.0,6,7122.0,41957776.49999999
2025-08-01 03:25:40 PM,1187.2,0,0.0,41957776.49999999
2025-08-01 03:25:43 PM,1187.0,22,26114.0,41983890.49999999
2025-08-01 03:25:58 PM,1187.0,11,13057.0,41996947.49999999
2025-08-01 03:26:10 PM,1187.0,14,16618.0,42013565.49999999
2025-08-01 03:26:18 PM,1187.1,2,2374.2,42015939.699999996
2025-08-01 03:26:24 PM,1187.1,9,10683.9,42026623.599999994
2025-08-01 03:26:30 PM,1187.1,13,15432.3,42042055.89999999
2025-08-01 03:26:37 PM,1187.1,1,1187.1,42043242.99999999
2025-08-01 03:26:43 PM,1187.3,10,11873.0,42055115.99999999
2025-08-01 03:26:50 PM,1187.1,0,0.0,42055115.99999999
2025-08-01 03:26:50 PM,1187.1,144,170942.4,42226058.39999999
2025-08-01 03:26:51 PM,1187.0,10,11870.0,42237928.39999999
2025-08-01 03:26:54 PM,1187.1,0,0.0,42237928.39999999
2025-08-01 03:26:57 PM,1187.0,22,26114.0,42264042.39999999
2025-08-01 03:27:03 PM,1187.1,5,5935.5,42269977.89999999
2025-08-01 03:27:05 PM,1187.1,1,1187.1,42271164.99999999
2025-08-01 03:27:10 PM,1187.1,103,122271.29999999999,42393436.29999999
2025-08-01 03:27:17 PM,1187.1,2,2374.2,42395810.49999999
2025-08-01 03:27:24 PM,1187.0,20,23740.0,42419550.49999999
2025-08-01 03:27:31 PM,1187.1,0,0.0,42419550.49999999
2025-08-01 03:27:31 PM,1187.1,10,11871.0,42431421.49999999
2025-08-01 03:27:39 PM,1187.0,33,39171.0,42470592.49999999
2025-08-01 03:27:41 PM,1187.0,7,8309.0,42478901.49999999
2025-08-01 03:27:43 PM,1187.1,0,0.0,42478901.49999999
2025-08-01 03:27:46 PM,1186.7,112,132910.4,42611811.89999999
2025-08-01 03:27:52 PM,1187.1,0,0.0,42611811.89999999
2025-08-01 03:27:53 PM,1187.0,13,15431.0,42627242.89999999
2025-08-01 03:27:56 PM,1186.5,0,0.0,42627242.89999999
2025-08-01 03:27:59 PM,1187.0,32,37984.0,42665226.89999999
2025-08-01 03:28:03 PM,1187.1,0,0.0,42665226.89999999
2025-08-01 03:28:06 PM,1187.1,32,37987.2,42703214.099999994
2025-08-01 03:28:20 PM,1186.3,424,502991.19999999995,43206205.3
2025-08-01 03:28:25 PM,1187.1,0,0.0,43206205.3
2025-08-01 03:28:27 PM,1187.1,10,11871.0,43218076.3
2025-08-01 03:28:32 PM,1187.0,0,0.0,43218076.3
2025-08-01 03:28:34 PM,1185.3,27,32003.1,43250079.4
2025-08-01 03:28:36 PM,1187.1,16,18993.6,43269073.0
2025-08-01 03:28:41 PM,1186.8,40,47472.0,43316545.0
2025-08-01 03:28:43 PM,1186.7,15,17800.5,43334345.5
2025-08-01 03:29:00 PM,1185.4,0,0.0,43334345.5
2025-08-01 03:29:01 PM,1186.7,118,140030.6,43474376.1
2025-08-01 03:29:03 PM,1185.2,28,33185.6,43507561.7
2025-08-01 03:29:05 PM,1186.7,0,0.0,43507561.7
2025-08-01 03:29:09 PM,1186.7,2,2373.4,43509935.1
2025-08-01 03:29:11 PM,1186.7,46,54588.200000000004,43564523.300000004
2025-08-01 03:29:17 PM,1186.6,10,11866.0,43576389.300000004
2025-08-01 03:29:25 PM,1186.6,144,170870.4,43747259.7
2025-08-01 03:29:40 PM,1187.7,0,0.0,43747259.7
2025-08-01 03:29:40 PM,1187.7,1,1187.7,43748447.400000006
2025-08-01 03:29:42 PM,1185.6,10,11856.0,43760303.400000006
2025-08-01 03:29:47 PM,1186.6,11,13052.599999999999,43773356.00000001
2025-08-01 03:29:54 PM,1186.6,10,11866.0,43785222.00000001
2025-08-01 03:29:57 PM,1186.6,102,121033.2,43906255.20000001
