date,price,qty,trnvr,cum_trnvr
2025-08-01 09:15:00 AM,6405.0,131,839055.0,839055.0
2025-08-01 09:15:12 AM,6397.0,548,3505556.0,4344611.0
2025-08-01 09:15:19 AM,6400.0,0,0.0,4344611.0
2025-08-01 09:15:22 AM,6400.0,1,6400.0,4351011.0
2025-08-01 09:15:46 AM,6406.0,0,0.0,4351011.0
2025-08-01 09:15:48 AM,6406.0,6,38436.0,4389447.0
2025-08-01 09:15:49 AM,6405.0,33,211365.0,4600812.0
2025-08-01 09:15:52 AM,6412.5,0,0.0,4600812.0
2025-08-01 09:15:56 AM,6412.5,1,6412.5,4607224.5
2025-08-01 09:16:01 AM,6405.0,0,0.0,4607224.5
2025-08-01 09:16:03 AM,6396.5,0,0.0,4607224.5
2025-08-01 09:16:04 AM,6396.5,381,2437066.5,7044291.0
2025-08-01 09:16:12 AM,6391.0,10,63910.0,7108201.0
2025-08-01 09:16:14 AM,6398.5,25,159962.5,7268163.5
2025-08-01 09:16:57 AM,6388.5,0,0.0,7268163.5
2025-08-01 09:17:02 AM,6388.5,5,31942.5,7300106.0
2025-08-01 09:17:03 AM,6398.5,35,223947.5,7524053.5
2025-08-01 09:17:06 AM,6415.0,0,0.0,7524053.5
2025-08-01 09:17:10 AM,6415.0,150,962250.0,8486303.5
2025-08-01 09:17:15 AM,6407.5,0,0.0,8486303.5
2025-08-01 09:17:18 AM,6407.5,9,57667.5,8543971.0
2025-08-01 09:17:19 AM,6414.0,1,6414.0,8550385.0
2025-08-01 09:17:22 AM,6415.0,0,0.0,8550385.0
2025-08-01 09:17:26 AM,6415.0,15,96225.0,8646610.0
2025-08-01 09:17:35 AM,6422.5,5,32112.5,8678722.5
2025-08-01 09:17:38 AM,6415.0,0,0.0,8678722.5
2025-08-01 09:17:43 AM,6407.5,25,160187.5,8838910.0
2025-08-01 09:17:47 AM,6413.0,0,0.0,8838910.0
2025-08-01 09:17:51 AM,6422.0,242,1554124.0,10393034.0
2025-08-01 09:17:52 AM,6425.0,6,38550.0,10431584.0
2025-08-01 09:17:56 AM,6429.0,0,0.0,10431584.0
2025-08-01 09:17:59 AM,6429.0,19,122151.0,10553735.0
2025-08-01 09:18:03 AM,6410.0,0,0.0,10553735.0
2025-08-01 09:18:06 AM,6422.5,0,0.0,10553735.0
2025-08-01 09:18:08 AM,6422.5,157,1008332.5,11562067.5
2025-08-01 09:18:14 AM,6417.0,0,0.0,11562067.5
2025-08-01 09:18:16 AM,6422.5,2,12845.0,11574912.5
2025-08-01 09:18:19 AM,6423.5,0,0.0,11574912.5
2025-08-01 09:18:22 AM,6425.0,0,0.0,11574912.5
2025-08-01 09:18:24 AM,6425.0,51,327675.0,11902587.5
2025-08-01 09:18:33 AM,6412.5,35,224437.5,12127025.0
2025-08-01 09:18:35 AM,6412.0,0,0.0,12127025.0
2025-08-01 09:18:41 AM,6412.0,1,6412.0,12133437.0
2025-08-01 09:18:50 AM,6404.0,10,64040.0,12197477.0
2025-08-01 09:18:57 AM,6412.0,5,32060.0,12229537.0
2025-08-01 09:19:02 AM,6403.0,0,0.0,12229537.0
2025-08-01 09:19:05 AM,6403.0,10,64030.0,12293567.0
2025-08-01 09:19:09 AM,6402.0,0,0.0,12293567.0
2025-08-01 09:19:13 AM,6404.0,108,691632.0,12985199.0
2025-08-01 09:19:21 AM,6414.5,1,6414.5,12991613.5
2025-08-01 09:19:29 AM,6420.0,0,0.0,12991613.5
2025-08-01 09:19:29 AM,6420.0,90,577800.0,13569413.5
2025-08-01 09:19:32 AM,6422.5,0,0.0,13569413.5
2025-08-01 09:19:38 AM,6422.5,10,64225.0,13633638.5
2025-08-01 09:20:01 AM,6422.5,3,19267.5,13652906.0
2025-08-01 09:20:08 AM,6423.0,0,0.0,13652906.0
2025-08-01 09:20:09 AM,6414.0,0,0.0,13652906.0
2025-08-01 09:20:09 AM,6414.0,44,282216.0,13935122.0
2025-08-01 09:20:22 AM,6413.0,0,0.0,13935122.0
2025-08-01 09:20:25 AM,6413.0,4,25652.0,13960774.0
2025-08-01 09:20:40 AM,6422.0,0,0.0,13960774.0
2025-08-01 09:20:41 AM,6422.0,30,192660.0,14153434.0
2025-08-01 09:21:04 AM,6422.0,16,102752.0,14256186.0
2025-08-01 09:21:05 AM,6421.5,1,6421.5,14262607.5
2025-08-01 09:21:15 AM,6422.0,0,0.0,14262607.5
2025-08-01 09:21:20 AM,6423.0,5,32115.0,14294722.5
2025-08-01 09:21:24 AM,6424.5,0,0.0,14294722.5
2025-08-01 09:21:28 AM,6422.0,31,199082.0,14493804.5
2025-08-01 09:21:38 AM,6424.5,0,0.0,14493804.5
2025-08-01 09:21:43 AM,6424.5,1,6424.5,14500229.0
2025-08-01 09:21:58 AM,6424.5,1,6424.5,14506653.5
2025-08-01 09:22:21 AM,6424.5,10,64245.0,14570898.5
2025-08-01 09:22:29 AM,6416.0,0,0.0,14570898.5
2025-08-01 09:22:30 AM,6416.0,110,705760.0,15276658.5
2025-08-01 09:22:50 AM,6408.5,0,0.0,15276658.5
2025-08-01 09:22:51 AM,6408.0,0,0.0,15276658.5
2025-08-01 09:22:52 AM,6408.0,25,160200.0,15436858.5
2025-08-01 09:23:09 AM,6409.0,3,19227.0,15456085.5
2025-08-01 09:23:24 AM,6408.0,10,64080.0,15520165.5
2025-08-01 09:24:08 AM,6411.0,1,6411.0,15526576.5
2025-08-01 09:24:16 AM,6408.0,6,38448.0,15565024.5
2025-08-01 09:24:23 AM,6406.5,3,19219.5,15584244.0
2025-08-01 09:24:46 AM,6406.5,4,25626.0,15609870.0
2025-08-01 09:24:53 AM,6400.0,55,352000.0,15961870.0
2025-08-01 09:25:14 AM,6398.0,0,0.0,15961870.0
2025-08-01 09:25:16 AM,6398.0,5,31990.0,15993860.0
2025-08-01 09:25:23 AM,6390.0,16,102240.0,16096100.0
2025-08-01 09:25:44 AM,6390.5,0,0.0,16096100.0
2025-08-01 09:25:46 AM,6390.5,1,6390.5,16102490.5
2025-08-01 09:25:56 AM,6390.5,1,6390.5,16108881.0
2025-08-01 09:26:11 AM,6390.5,1,6390.5,16115271.5
2025-08-01 09:26:15 AM,6396.5,0,0.0,16115271.5
2025-08-01 09:26:16 AM,6396.5,1,6396.5,16121668.0
2025-08-01 09:26:24 AM,6390.5,1,6390.5,16128058.5
2025-08-01 09:26:26 AM,6390.0,53,338670.0,16466728.5
2025-08-01 09:26:31 AM,6388.0,0,0.0,16466728.5
2025-08-01 09:26:32 AM,6388.0,2,12776.0,16479504.5
2025-08-01 09:26:47 AM,6392.0,1,6392.0,16485896.5
2025-08-01 09:26:48 AM,6386.5,0,0.0,16485896.5
2025-08-01 09:26:48 AM,6386.5,2,12773.0,16498669.5
2025-08-01 09:26:51 AM,6387.0,0,0.0,16498669.5
2025-08-01 09:26:54 AM,6387.0,1,6387.0,16505056.5
2025-08-01 09:27:16 AM,6385.0,0,0.0,16505056.5
2025-08-01 09:27:17 AM,6385.0,1,6385.0,16511441.5
2025-08-01 09:27:17 AM,6395.0,0,0.0,16511441.5
2025-08-01 09:27:18 AM,6395.0,50,319750.0,16831191.5
2025-08-01 09:27:21 AM,6387.5,0,0.0,16831191.5
2025-08-01 09:27:24 AM,6387.5,2,12775.0,16843966.5
2025-08-01 09:27:42 AM,6384.0,0,0.0,16843966.5
2025-08-01 09:27:46 AM,6384.0,18,114912.0,16958878.5
2025-08-01 09:27:54 AM,6384.0,4,25536.0,16984414.5
2025-08-01 09:28:11 AM,6384.0,1,6384.0,16990798.5
2025-08-01 09:28:18 AM,6384.0,20,127680.0,17118478.5
2025-08-01 09:28:20 AM,6387.0,0,0.0,17118478.5
2025-08-01 09:28:25 AM,6387.0,7,44709.0,17163187.5
2025-08-01 09:28:43 AM,6384.5,0,0.0,17163187.5
2025-08-01 09:28:47 AM,6384.0,0,0.0,17163187.5
2025-08-01 09:28:48 AM,6384.0,21,134064.0,17297251.5
2025-08-01 09:29:11 AM,6384.0,1,6384.0,17303635.5
2025-08-01 09:29:19 AM,6384.0,4,25536.0,17329171.5
2025-08-01 09:29:26 AM,6384.0,50,319200.0,17648371.5
2025-08-01 09:29:41 AM,6380.0,1,6380.0,17654751.5
2025-08-01 09:30:02 AM,6377.0,0,0.0,17654751.5
2025-08-01 09:30:04 AM,6377.0,3,19131.0,17673882.5
2025-08-01 09:30:09 AM,6375.0,0,0.0,17673882.5
2025-08-01 09:30:11 AM,6375.0,24,153000.0,17826882.5
2025-08-01 09:30:19 AM,6375.0,35,223125.0,18050007.5
2025-08-01 09:30:23 AM,6372.0,0,0.0,18050007.5
2025-08-01 09:30:26 AM,6372.0,1,6372.0,18056379.5
2025-08-01 09:30:34 AM,6372.0,1,6372.0,18062751.5
2025-08-01 09:30:48 AM,6376.0,2,12752.0,18075503.5
2025-08-01 09:31:00 AM,6372.5,0,0.0,18075503.5
2025-08-01 09:31:03 AM,6372.5,1,6372.5,18081876.0
2025-08-01 09:31:20 AM,6371.0,0,0.0,18081876.0
2025-08-01 09:31:25 AM,6371.0,7,44597.0,18126473.0
2025-08-01 09:31:48 AM,6372.5,0,0.0,18126473.0
2025-08-01 09:31:53 AM,6372.0,3,19116.0,18145589.0
2025-08-01 09:31:59 AM,6370.5,0,0.0,18145589.0
2025-08-01 09:32:00 AM,6370.5,4,25482.0,18171071.0
2025-08-01 09:32:07 AM,6372.5,20,127450.0,18298521.0
2025-08-01 09:33:44 AM,6370.0,22,140140.0,18438661.0
2025-08-01 09:33:58 AM,6356.5,168,1067892.0,19506553.0
2025-08-01 09:34:05 AM,6360.0,0,0.0,19506553.0
2025-08-01 09:34:05 AM,6360.0,10,63600.0,19570153.0
2025-08-01 09:34:10 AM,6358.0,0,0.0,19570153.0
2025-08-01 09:34:13 AM,6358.0,20,127160.0,19697313.0
2025-08-01 09:34:30 AM,6360.0,0,0.0,19697313.0
2025-08-01 09:34:34 AM,6360.0,1,6360.0,19703673.0
2025-08-01 09:34:35 AM,6354.0,0,0.0,19703673.0
2025-08-01 09:34:40 AM,6354.0,1,6354.0,19710027.0
2025-08-01 09:35:08 AM,6358.5,2,12717.0,19722744.0
2025-08-01 09:35:10 AM,6353.0,0,0.0,19722744.0
2025-08-01 09:35:15 AM,6353.0,9,57177.0,19779921.0
2025-08-01 09:35:25 AM,6350.5,0,0.0,19779921.0
2025-08-01 09:35:29 AM,6350.5,32,203216.0,19983137.0
2025-08-01 09:35:36 AM,6350.5,28,177814.0,20160951.0
2025-08-01 09:35:43 AM,6355.5,3,19066.5,20180017.5
2025-08-01 09:35:55 AM,6350.5,0,0.0,20180017.5
2025-08-01 09:35:56 AM,6350.5,1,6350.5,20186368.0
2025-08-01 09:36:10 AM,6353.5,2,12707.0,20199075.0
2025-08-01 09:36:17 AM,6353.5,2,12707.0,20211782.0
2025-08-01 09:36:35 AM,6350.5,0,0.0,20211782.0
2025-08-01 09:36:36 AM,6352.5,2,12705.0,20224487.0
2025-08-01 09:36:49 AM,6353.5,1,6353.5,20230840.5
2025-08-01 09:37:18 AM,6351.5,0,0.0,20230840.5
2025-08-01 09:37:23 AM,6353.5,0,0.0,20230840.5
2025-08-01 09:37:24 AM,6353.5,15,95302.5,20326143.0
2025-08-01 09:37:24 AM,6355.5,0,0.0,20326143.0
2025-08-01 09:37:28 AM,6351.0,0,0.0,20326143.0
2025-08-01 09:37:30 AM,6351.0,179,1136829.0,21462972.0
2025-08-01 09:37:33 AM,6350.0,0,0.0,21462972.0
2025-08-01 09:37:37 AM,6350.0,17,107950.0,21570922.0
2025-08-01 09:37:50 AM,6349.0,7,44443.0,21615365.0
2025-08-01 09:37:57 AM,6343.0,1,6343.0,21621708.0
2025-08-01 09:38:24 AM,6348.5,2,12697.0,21634405.0
2025-08-01 09:38:35 AM,6347.0,0,0.0,21634405.0
2025-08-01 09:38:38 AM,6347.0,1,6347.0,21640752.0
2025-08-01 09:38:40 AM,6343.0,0,0.0,21640752.0
2025-08-01 09:38:44 AM,6343.0,1,6343.0,21647095.0
2025-08-01 09:38:55 AM,6347.0,0,0.0,21647095.0
2025-08-01 09:38:58 AM,6342.0,26,164892.0,21811987.0
2025-08-01 09:39:20 AM,6345.0,0,0.0,21811987.0
2025-08-01 09:39:25 AM,6345.0,4,25380.0,21837367.0
2025-08-01 09:39:44 AM,6344.5,3,19033.5,21856400.5
2025-08-01 09:40:00 AM,6340.0,0,0.0,21856400.5
2025-08-01 09:40:04 AM,6340.0,1,6340.0,21862740.5
2025-08-01 09:40:09 AM,6335.0,0,0.0,21862740.5
2025-08-01 09:40:11 AM,6335.0,26,164710.0,22027450.5
2025-08-01 09:40:25 AM,6338.5,8,50708.0,22078158.5
2025-08-01 09:40:37 AM,6334.0,1,6334.0,22084492.5
2025-08-01 09:40:44 AM,6334.0,1,6334.0,22090826.5
2025-08-01 09:41:11 AM,6331.5,15,94972.5,22185799.0
2025-08-01 09:41:43 AM,6339.5,2,12679.0,22198478.0
2025-08-01 09:42:22 AM,6339.5,25,158487.5,22356965.5
2025-08-01 09:42:29 AM,6339.5,3,19018.5,22375984.0
2025-08-01 09:42:35 AM,6339.5,3,19018.5,22395002.5
2025-08-01 09:42:37 AM,6337.0,1,6337.0,22401339.5
2025-08-01 09:42:42 AM,6339.5,0,0.0,22401339.5
2025-08-01 09:42:42 AM,6339.5,3,19018.5,22420358.0
2025-08-01 09:43:01 AM,6339.5,6,38037.0,22458395.0
2025-08-01 09:43:08 AM,6339.5,39,247240.5,22705635.5
2025-08-01 09:43:50 AM,6345.0,0,0.0,22705635.5
2025-08-01 09:43:54 AM,6345.0,1,6345.0,22711980.5
2025-08-01 09:44:07 AM,6344.5,0,0.0,22711980.5
2025-08-01 09:44:07 AM,6340.0,15,95100.0,22807080.5
2025-08-01 09:44:34 AM,6337.0,0,0.0,22807080.5
2025-08-01 09:44:35 AM,6337.0,1,6337.0,22813417.5
2025-08-01 09:44:41 AM,6339.5,10,63395.0,22876812.5
2025-08-01 09:44:53 AM,6339.5,10,63395.0,22940207.5
2025-08-01 09:45:08 AM,6335.0,36,228060.0,23168267.5
2025-08-01 09:45:08 AM,6320.0,0,0.0,23168267.5
2025-08-01 09:45:10 AM,6310.5,0,0.0,23168267.5
2025-08-01 09:45:13 AM,6306.5,417,2629810.5,25798078.0
2025-08-01 09:46:04 AM,6309.5,4,25238.0,25823316.0
2025-08-01 09:46:06 AM,6306.5,1,6306.5,25829622.5
2025-08-01 09:46:06 AM,6301.5,0,0.0,25829622.5
2025-08-01 09:46:11 AM,6301.5,69,434803.5,26264426.0
2025-08-01 09:46:11 AM,6300.5,0,0.0,26264426.0
2025-08-01 09:46:12 AM,6300.5,1,6300.5,26270726.5
2025-08-01 09:46:16 AM,6301.0,0,0.0,26270726.5
2025-08-01 09:46:18 AM,6301.0,18,113418.0,26384144.5
2025-08-01 09:46:24 AM,6307.0,0,0.0,26384144.5
2025-08-01 09:46:24 AM,6307.0,1,6307.0,26390451.5
2025-08-01 09:46:26 AM,6301.5,1,6301.5,26396753.0
2025-08-01 09:46:43 AM,6315.0,0,0.0,26396753.0
2025-08-01 09:46:43 AM,6314.0,93,587202.0,26983955.0
2025-08-01 09:46:44 AM,6311.5,0,0.0,26983955.0
2025-08-01 09:46:45 AM,6313.5,2,12627.0,26996582.0
2025-08-01 09:46:51 AM,6313.0,0,0.0,26996582.0
2025-08-01 09:46:51 AM,6313.0,2,12626.0,27009208.0
2025-08-01 09:46:55 AM,6320.0,0,0.0,27009208.0
2025-08-01 09:46:56 AM,6320.0,213,1346160.0,28355368.0
2025-08-01 09:46:57 AM,6314.5,10,63145.0,28418513.0
2025-08-01 09:47:10 AM,6315.5,1,6315.5,28424828.5
2025-08-01 09:47:35 AM,6330.0,80,506400.0,28931228.5
2025-08-01 09:47:39 AM,6330.5,0,0.0,28931228.5
2025-08-01 09:47:40 AM,6330.5,2,12661.0,28943889.5
2025-08-01 09:48:02 AM,6336.5,0,0.0,28943889.5
2025-08-01 09:48:02 AM,6336.5,5,31682.5,28975572.0
2025-08-01 09:48:02 AM,6326.0,0,0.0,28975572.0
2025-08-01 09:48:06 AM,6326.0,1,6326.0,28981898.0
2025-08-01 09:50:28 AM,6336.5,0,0.0,28981898.0
2025-08-01 09:50:29 AM,6336.5,2,12673.0,28994571.0
2025-08-01 09:51:17 AM,6345.0,0,0.0,28994571.0
2025-08-01 09:51:18 AM,6341.0,7,44387.0,29038958.0
2025-08-01 09:52:19 AM,6345.0,0,0.0,29038958.0
2025-08-01 09:52:21 AM,6345.0,1,6345.0,29045303.0
2025-08-01 09:52:30 AM,6341.5,20,126830.0,29172133.0
2025-08-01 09:52:31 AM,6341.0,0,0.0,29172133.0
2025-08-01 09:52:33 AM,6341.0,5,31705.0,29203838.0
2025-08-01 09:52:39 AM,6349.0,5,31745.0,29235583.0
2025-08-01 09:52:40 AM,6342.0,0,0.0,29235583.0
2025-08-01 09:52:42 AM,6342.0,1,6342.0,29241925.0
2025-08-01 09:53:09 AM,6350.0,2,12700.0,29254625.0
2025-08-01 09:53:15 AM,6343.5,1,6343.5,29260968.5
2025-08-01 09:53:26 AM,6345.0,0,0.0,29260968.5
2025-08-01 09:53:26 AM,6345.0,1,6345.0,29267313.5
2025-08-01 09:53:33 AM,6348.5,1,6348.5,29273662.0
2025-08-01 09:53:46 AM,6340.0,66,418440.0,29692102.0
2025-08-01 09:53:46 AM,6345.5,0,0.0,29692102.0
2025-08-01 09:53:50 AM,6343.0,0,0.0,29692102.0
2025-08-01 09:53:51 AM,6343.0,8,50744.0,29742846.0
2025-08-01 09:54:39 AM,6345.5,0,0.0,29742846.0
2025-08-01 09:54:40 AM,6345.5,5,31727.5,29774573.5
2025-08-01 09:55:39 AM,6352.5,1,6352.5,29780926.0
2025-08-01 09:56:08 AM,6358.0,0,0.0,29780926.0
2025-08-01 09:56:09 AM,6347.5,0,0.0,29780926.0
2025-08-01 09:56:10 AM,6347.5,58,368155.0,30149081.0
2025-08-01 09:56:10 AM,6347.5,1,6347.5,30155428.5
2025-08-01 09:56:32 AM,6344.5,0,0.0,30155428.5
2025-08-01 09:56:33 AM,6344.5,19,120545.5,30275974.0
2025-08-01 09:57:05 AM,6352.0,2,12704.0,30288678.0
2025-08-01 09:58:09 AM,6352.5,1,6352.5,30295030.5
2025-08-01 09:59:00 AM,6345.5,1,6345.5,30301376.0
2025-08-01 09:59:02 AM,6344.5,0,0.0,30301376.0
2025-08-01 09:59:03 AM,6344.5,1,6344.5,30307720.5
2025-08-01 09:59:37 AM,6350.0,0,0.0,30307720.5
2025-08-01 09:59:38 AM,6344.5,4,25378.0,30333098.5
2025-08-01 09:59:44 AM,6343.0,0,0.0,30333098.5
2025-08-01 09:59:44 AM,6343.0,1,6343.0,30339441.5
2025-08-01 10:00:08 AM,6343.0,6,38058.0,30377499.5
2025-08-01 10:00:22 AM,6343.0,28,177604.0,30555103.5
2025-08-01 10:00:25 AM,6343.0,6,38058.0,30593161.5
2025-08-01 10:01:21 AM,6352.5,0,0.0,30593161.5
2025-08-01 10:01:21 AM,6352.5,15,95287.5,30688449.0
2025-08-01 10:01:22 AM,6346.5,0,0.0,30688449.0
2025-08-01 10:01:25 AM,6346.5,1,6346.5,30694795.5
2025-08-01 10:01:59 AM,6348.0,0,0.0,30694795.5
2025-08-01 10:02:02 AM,6345.0,2,12690.0,30707485.5
2025-08-01 10:02:22 AM,6344.0,0,0.0,30707485.5
2025-08-01 10:02:23 AM,6344.0,7,44408.0,30751893.5
2025-08-01 10:02:27 AM,6343.5,0,0.0,30751893.5
2025-08-01 10:02:27 AM,6343.5,1,6343.5,30758237.0
2025-08-01 10:02:41 AM,6348.0,2,12696.0,30770933.0
2025-08-01 10:02:53 AM,6343.5,0,0.0,30770933.0
2025-08-01 10:02:53 AM,6343.5,1,6343.5,30777276.5
2025-08-01 10:02:54 AM,6343.0,1,6343.0,30783619.5
2025-08-01 10:03:13 AM,6350.5,2,12701.0,30796320.5
2025-08-01 10:03:56 AM,6340.0,167,1058780.0,31855100.5
2025-08-01 10:03:58 AM,6340.5,4,25362.0,31880462.5
2025-08-01 10:04:23 AM,6351.0,20,127020.0,32007482.5
2025-08-01 10:04:25 AM,6346.0,0,0.0,32007482.5
2025-08-01 10:04:27 AM,6347.5,3,19042.5,32026525.0
2025-08-01 10:05:33 AM,6350.0,0,0.0,32026525.0
2025-08-01 10:05:36 AM,6350.0,1,6350.0,32032875.0
2025-08-01 10:08:41 AM,6357.5,0,0.0,32032875.0
2025-08-01 10:08:44 AM,6348.0,0,0.0,32032875.0
2025-08-01 10:08:44 AM,6348.0,18,114264.0,32147139.0
2025-08-01 10:09:45 AM,6357.0,0,0.0,32147139.0
2025-08-01 10:09:45 AM,6357.0,1,6357.0,32153496.0
2025-08-01 10:10:05 AM,6359.5,0,0.0,32153496.0
2025-08-01 10:10:06 AM,6359.5,1,6359.5,32159855.5
2025-08-01 10:10:13 AM,6347.5,32,203120.0,32362975.5
2025-08-01 10:10:15 AM,6341.5,0,0.0,32362975.5
2025-08-01 10:10:17 AM,6342.0,10,63420.0,32426395.5
2025-08-01 10:10:18 AM,6341.0,0,0.0,32426395.5
2025-08-01 10:10:19 AM,6341.0,1,6341.0,32432736.5
2025-08-01 10:11:17 AM,6344.5,4,25378.0,32458114.5
2025-08-01 10:11:20 AM,6344.0,0,0.0,32458114.5
2025-08-01 10:11:23 AM,6343.5,0,0.0,32458114.5
2025-08-01 10:11:23 AM,6343.5,12,76122.0,32534236.5
2025-08-01 10:12:38 AM,6354.5,0,0.0,32534236.5
2025-08-01 10:12:38 AM,6354.5,4,25418.0,32559654.5
2025-08-01 10:12:39 AM,6347.5,1,6347.5,32566002.0
2025-08-01 10:14:02 AM,6351.0,0,0.0,32566002.0
2025-08-01 10:14:06 AM,6351.0,1,6351.0,32572353.0
2025-08-01 10:14:35 AM,6351.0,1,6351.0,32578704.0
2025-08-01 10:14:42 AM,6350.5,1,6350.5,32585054.5
2025-08-01 10:14:55 AM,6351.0,0,0.0,32585054.5
2025-08-01 10:14:58 AM,6351.0,3,19053.0,32604107.5
2025-08-01 10:16:31 AM,6346.0,0,0.0,32604107.5
2025-08-01 10:16:33 AM,6346.0,5,31730.0,32635837.5
2025-08-01 10:16:37 AM,6354.0,0,0.0,32635837.5
2025-08-01 10:16:38 AM,6346.5,0,0.0,32635837.5
2025-08-01 10:16:39 AM,6346.5,17,107890.5,32743728.0
2025-08-01 10:16:39 AM,6344.5,1,6344.5,32750072.5
2025-08-01 10:17:17 AM,6352.5,0,0.0,32750072.5
2025-08-01 10:17:18 AM,6352.5,1,6352.5,32756425.0
2025-08-01 10:18:02 AM,6350.0,0,0.0,32756425.0
2025-08-01 10:18:04 AM,6350.0,1,6350.0,32762775.0
2025-08-01 10:18:22 AM,6340.0,0,0.0,32762775.0
2025-08-01 10:18:22 AM,6340.0,83,526220.0,33288995.0
2025-08-01 10:18:25 AM,6341.0,0,0.0,33288995.0
2025-08-01 10:18:28 AM,6341.0,7,44387.0,33333382.0
2025-08-01 10:18:51 AM,6341.0,4,25364.0,33358746.0
2025-08-01 10:19:42 AM,6350.0,0,0.0,33358746.0
2025-08-01 10:19:42 AM,6350.0,1,6350.0,33365096.0
2025-08-01 10:20:38 AM,6341.0,0,0.0,33365096.0
2025-08-01 10:20:39 AM,6341.0,22,139502.0,33504598.0
2025-08-01 10:21:43 AM,6349.0,3,19047.0,33523645.0
2025-08-01 10:22:06 AM,6346.0,5,31730.0,33555375.0
2025-08-01 10:22:08 AM,6344.0,0,0.0,33555375.0
2025-08-01 10:22:10 AM,6344.0,1,6344.0,33561719.0
2025-08-01 10:24:55 AM,6350.5,1,6350.5,33568069.5
2025-08-01 10:24:57 AM,6346.5,1,6346.5,33574416.0
2025-08-01 10:25:26 AM,6350.5,1,6350.5,33580766.5
2025-08-01 10:25:29 AM,6345.5,0,0.0,33580766.5
2025-08-01 10:25:30 AM,6345.5,1,6345.5,33587112.0
2025-08-01 10:25:35 AM,6350.5,0,0.0,33587112.0
2025-08-01 10:25:35 AM,6350.5,1,6350.5,33593462.5
2025-08-01 10:26:16 AM,6350.5,5,31752.5,33625215.0
2025-08-01 10:26:19 AM,6350.5,1,6350.5,33631565.5
2025-08-01 10:27:02 AM,6350.5,55,349277.5,33980843.0
2025-08-01 10:27:03 AM,6346.0,0,0.0,33980843.0
2025-08-01 10:27:05 AM,6344.0,0,0.0,33980843.0
2025-08-01 10:27:05 AM,6344.0,22,139568.0,34120411.0
2025-08-01 10:27:08 AM,6344.0,2,12688.0,34133099.0
2025-08-01 10:27:09 AM,6348.5,0,0.0,34133099.0
2025-08-01 10:27:11 AM,6348.5,2,12697.0,34145796.0
2025-08-01 10:28:37 AM,6348.0,0,0.0,34145796.0
2025-08-01 10:28:38 AM,6348.0,2,12696.0,34158492.0
2025-08-01 10:28:52 AM,6344.0,2,12688.0,34171180.0
2025-08-01 10:28:55 AM,6344.0,1,6344.0,34177524.0
2025-08-01 10:29:34 AM,6346.5,0,0.0,34177524.0
2025-08-01 10:29:34 AM,6346.5,2,12693.0,34190217.0
2025-08-01 10:29:42 AM,6344.0,0,0.0,34190217.0
2025-08-01 10:29:42 AM,6344.0,2,12688.0,34202905.0
2025-08-01 10:29:52 AM,6348.5,0,0.0,34202905.0
2025-08-01 10:29:53 AM,6348.5,1,6348.5,34209253.5
2025-08-01 10:30:16 AM,6353.0,0,0.0,34209253.5
2025-08-01 10:30:16 AM,6353.0,1,6353.0,34215606.5
2025-08-01 10:30:39 AM,6348.0,104,660192.0,34875798.5
2025-08-01 10:30:42 AM,6356.5,3,19069.5,34894868.0
2025-08-01 10:31:02 AM,6360.5,0,0.0,34894868.0
2025-08-01 10:31:02 AM,6360.5,25,159012.5,35053880.5
2025-08-01 10:31:05 AM,6353.0,5,31765.0,35085645.5
2025-08-01 10:31:48 AM,6360.5,0,0.0,35085645.5
2025-08-01 10:31:50 AM,6360.5,2,12721.0,35098366.5
2025-08-01 10:32:06 AM,6346.0,0,0.0,35098366.5
2025-08-01 10:32:06 AM,6348.5,80,507880.0,35606246.5
2025-08-01 10:32:32 AM,6351.0,0,0.0,35606246.5
2025-08-01 10:32:32 AM,6351.0,12,76212.0,35682458.5
2025-08-01 10:34:34 AM,6358.5,1,6358.5,35688817.0
2025-08-01 10:35:11 AM,6358.5,1,6358.5,35695175.5
2025-08-01 10:35:50 AM,6362.5,6,38175.0,35733350.5
2025-08-01 10:35:53 AM,6356.0,0,0.0,35733350.5
2025-08-01 10:35:54 AM,6356.0,2,12712.0,35746062.5
2025-08-01 10:35:54 AM,6355.5,0,0.0,35746062.5
2025-08-01 10:35:56 AM,6355.5,1,6355.5,35752418.0
2025-08-01 10:36:10 AM,6360.5,0,0.0,35752418.0
2025-08-01 10:36:10 AM,6360.5,1,6360.5,35758778.5
2025-08-01 10:36:13 AM,6355.0,6,38130.0,35796908.5
2025-08-01 10:36:14 AM,6349.0,0,0.0,35796908.5
2025-08-01 10:36:16 AM,6347.0,4,25388.0,35822296.5
2025-08-01 10:36:17 AM,6345.5,0,0.0,35822296.5
2025-08-01 10:36:19 AM,6345.5,1,6345.5,35828642.0
2025-08-01 10:36:35 AM,6356.5,0,0.0,35828642.0
2025-08-01 10:36:35 AM,6356.5,10,63565.0,35892207.0
2025-08-01 10:36:37 AM,6348.0,0,0.0,35892207.0
2025-08-01 10:36:38 AM,6348.0,2,12696.0,35904903.0
2025-08-01 10:37:00 AM,6355.0,0,0.0,35904903.0
2025-08-01 10:37:00 AM,6355.0,4,25420.0,35930323.0
2025-08-01 10:37:18 AM,6358.0,0,0.0,35930323.0
2025-08-01 10:37:19 AM,6358.0,4,25432.0,35955755.0
2025-08-01 10:37:21 AM,6352.5,0,0.0,35955755.0
2025-08-01 10:37:22 AM,6352.5,1,6352.5,35962107.5
2025-08-01 10:37:40 AM,6350.0,0,0.0,35962107.5
2025-08-01 10:37:41 AM,6348.0,4,25392.0,35987499.5
2025-08-01 10:38:33 AM,6351.0,0,0.0,35987499.5
2025-08-01 10:38:35 AM,6351.0,11,69861.0,36057360.5
2025-08-01 10:39:36 AM,6348.0,0,0.0,36057360.5
2025-08-01 10:39:36 AM,6345.0,27,171315.0,36228675.5
2025-08-01 10:39:38 AM,6344.0,0,0.0,36228675.5
2025-08-01 10:39:39 AM,6344.0,3,19032.0,36247707.5
2025-08-01 10:39:45 AM,6340.0,0,0.0,36247707.5
2025-08-01 10:39:45 AM,6340.0,30,190200.0,36437907.5
2025-08-01 10:39:47 AM,6340.0,5,31700.0,36469607.5
2025-08-01 10:39:53 AM,6336.0,0,0.0,36469607.5
2025-08-01 10:39:53 AM,6336.0,200,1267200.0,37736807.5
2025-08-01 10:39:56 AM,6336.0,4,25344.0,37762151.5
2025-08-01 10:39:59 AM,6336.0,2,12672.0,37774823.5
2025-08-01 10:40:01 AM,6336.0,34,215424.0,37990247.5
2025-08-01 10:40:06 AM,6330.5,0,0.0,37990247.5
2025-08-01 10:40:07 AM,6325.5,73,461761.5,38452009.0
2025-08-01 10:40:09 AM,6323.5,0,0.0,38452009.0
2025-08-01 10:40:09 AM,6323.5,1,6323.5,38458332.5
2025-08-01 10:40:21 AM,6317.5,0,0.0,38458332.5
2025-08-01 10:40:21 AM,6317.5,48,303240.0,38761572.5
2025-08-01 10:40:23 AM,6315.0,10,63150.0,38824722.5
2025-08-01 10:40:29 AM,6314.0,0,0.0,38824722.5
2025-08-01 10:40:29 AM,6314.0,4,25256.0,38849978.5
2025-08-01 10:40:31 AM,6320.5,0,0.0,38849978.5
2025-08-01 10:40:32 AM,6318.5,7,44229.5,38894208.0
2025-08-01 10:40:39 AM,6316.5,0,0.0,38894208.0
2025-08-01 10:40:40 AM,6317.0,11,69487.0,38963695.0
2025-08-01 10:40:41 AM,6315.0,0,0.0,38963695.0
2025-08-01 10:40:43 AM,6315.0,1,6315.0,38970010.0
2025-08-01 10:40:57 AM,6315.0,2,12630.0,38982640.0
2025-08-01 10:41:08 AM,6321.0,1,6321.0,38988961.0
2025-08-01 10:41:13 AM,6322.0,0,0.0,38988961.0
2025-08-01 10:41:14 AM,6319.0,5,31595.0,39020556.0
2025-08-01 10:41:17 AM,6324.5,0,0.0,39020556.0
2025-08-01 10:41:18 AM,6323.5,0,0.0,39020556.0
2025-08-01 10:41:19 AM,6323.5,8,50588.0,39071144.0
2025-08-01 10:41:45 AM,6332.5,0,0.0,39071144.0
2025-08-01 10:41:46 AM,6323.5,0,0.0,39071144.0
2025-08-01 10:41:47 AM,6325.5,0,0.0,39071144.0
2025-08-01 10:41:48 AM,6325.5,12,75906.0,39147050.0
2025-08-01 10:42:01 AM,6330.5,0,0.0,39147050.0
2025-08-01 10:42:03 AM,6324.0,0,0.0,39147050.0
2025-08-01 10:42:04 AM,6324.0,4,25296.0,39172346.0
2025-08-01 10:42:09 AM,6327.0,0,0.0,39172346.0
2025-08-01 10:42:09 AM,6327.0,121,765567.0,39937913.0
2025-08-01 10:42:11 AM,6328.0,0,0.0,39937913.0
2025-08-01 10:42:11 AM,6328.0,3,18984.0,39956897.0
2025-08-01 10:42:19 AM,6335.0,0,0.0,39956897.0
2025-08-01 10:42:21 AM,6335.0,2,12670.0,39969567.0
2025-08-01 10:42:42 AM,6335.0,9,57015.0,40026582.0
2025-08-01 10:42:44 AM,6333.0,0,0.0,40026582.0
2025-08-01 10:42:45 AM,6332.5,3,18997.5,40045579.5
2025-08-01 10:42:50 AM,6340.5,0,0.0,40045579.5
2025-08-01 10:42:50 AM,6340.5,10,63405.0,40108984.5
2025-08-01 10:42:53 AM,6332.0,0,0.0,40108984.5
2025-08-01 10:42:54 AM,6332.0,1,6332.0,40115316.5
2025-08-01 10:43:14 AM,6340.5,0,0.0,40115316.5
2025-08-01 10:43:16 AM,6340.5,1,6340.5,40121657.0
2025-08-01 10:43:40 AM,6334.5,0,0.0,40121657.0
2025-08-01 10:43:42 AM,6333.5,0,0.0,40121657.0
2025-08-01 10:43:43 AM,6333.5,2,12667.0,40134324.0
2025-08-01 10:43:53 AM,6341.5,1,6341.5,40140665.5
2025-08-01 10:44:22 AM,6340.0,0,0.0,40140665.5
2025-08-01 10:44:22 AM,6340.0,10,63400.0,40204065.5
2025-08-01 10:44:24 AM,6338.5,0,0.0,40204065.5
2025-08-01 10:44:25 AM,6338.5,1,6338.5,40210404.0
2025-08-01 10:44:32 AM,6337.5,0,0.0,40210404.0
2025-08-01 10:44:32 AM,6337.5,13,82387.5,40292791.5
2025-08-01 10:46:01 AM,6344.5,0,0.0,40292791.5
2025-08-01 10:46:02 AM,6340.5,0,0.0,40292791.5
2025-08-01 10:46:02 AM,6340.5,6,38043.0,40330834.5
2025-08-01 10:47:11 AM,6343.0,0,0.0,40330834.5
2025-08-01 10:47:11 AM,6343.0,2,12686.0,40343520.5
2025-08-01 10:47:48 AM,6340.5,0,0.0,40343520.5
2025-08-01 10:47:49 AM,6340.5,5,31702.5,40375223.0
2025-08-01 10:48:41 AM,6340.0,0,0.0,40375223.0
2025-08-01 10:48:41 AM,6340.0,17,107780.0,40483003.0
2025-08-01 10:48:43 AM,6337.0,0,0.0,40483003.0
2025-08-01 10:48:43 AM,6337.0,8,50696.0,40533699.0
2025-08-01 10:48:47 AM,6337.0,1,6337.0,40540036.0
2025-08-01 10:51:00 AM,6340.5,0,0.0,40540036.0
2025-08-01 10:51:05 AM,6340.5,1,6340.5,40546376.5
2025-08-01 10:51:22 AM,6342.5,0,0.0,40546376.5
2025-08-01 10:51:22 AM,6337.0,0,0.0,40546376.5
2025-08-01 10:51:26 AM,6337.0,9,57033.0,40603409.5
2025-08-01 10:51:46 AM,6341.0,0,0.0,40603409.5
2025-08-01 10:51:46 AM,6337.5,0,0.0,40603409.5
2025-08-01 10:51:49 AM,6337.5,4,25350.0,40628759.5
2025-08-01 10:52:42 AM,6346.5,0,0.0,40628759.5
2025-08-01 10:52:42 AM,6346.5,10,63465.0,40692224.5
2025-08-01 10:52:43 AM,6338.0,1,6338.0,40698562.5
2025-08-01 10:53:26 AM,6345.5,0,0.0,40698562.5
2025-08-01 10:53:26 AM,6345.5,6,38073.0,40736635.5
2025-08-01 10:53:28 AM,6338.5,0,0.0,40736635.5
2025-08-01 10:53:30 AM,6338.5,2,12677.0,40749312.5
2025-08-01 10:55:24 AM,6339.0,0,0.0,40749312.5
2025-08-01 10:55:27 AM,6339.0,1,6339.0,40755651.5
2025-08-01 10:55:46 AM,6335.0,0,0.0,40755651.5
2025-08-01 10:55:48 AM,6330.5,0,0.0,40755651.5
2025-08-01 10:55:49 AM,6330.5,26,164593.0,40920244.5
2025-08-01 10:56:10 AM,6330.5,1,6330.5,40926575.0
2025-08-01 10:56:44 AM,6335.5,0,0.0,40926575.0
2025-08-01 10:56:47 AM,6335.5,2,12671.0,40939246.0
2025-08-01 10:56:54 AM,6330.5,0,0.0,40939246.0
2025-08-01 10:56:57 AM,6330.5,1,6330.5,40945576.5
2025-08-01 10:57:18 AM,6335.0,0,0.0,40945576.5
2025-08-01 10:57:18 AM,6335.0,1,6335.0,40951911.5
2025-08-01 10:57:38 AM,6330.5,0,0.0,40951911.5
2025-08-01 10:57:40 AM,6330.5,3,18991.5,40970903.0
2025-08-01 10:58:28 AM,6330.5,1,6330.5,40977233.5
2025-08-01 10:58:39 AM,6330.5,1,6330.5,40983564.0
2025-08-01 10:59:54 AM,6328.0,0,0.0,40983564.0
2025-08-01 10:59:58 AM,6328.0,7,44296.0,41027860.0
2025-08-01 11:00:10 AM,6330.5,0,0.0,41027860.0
2025-08-01 11:00:10 AM,6330.5,95,601397.5,41629257.5
2025-08-01 11:00:13 AM,6329.0,0,0.0,41629257.5
2025-08-01 11:00:16 AM,6329.0,7,44303.0,41673560.5
2025-08-01 11:00:34 AM,6342.5,0,0.0,41673560.5
2025-08-01 11:00:37 AM,6334.5,0,0.0,41673560.5
2025-08-01 11:00:37 AM,6334.5,23,145693.5,41819254.0
2025-08-01 11:01:33 AM,6342.0,0,0.0,41819254.0
2025-08-01 11:01:35 AM,6342.0,1,6342.0,41825596.0
2025-08-01 11:01:57 AM,6335.0,0,0.0,41825596.0
2025-08-01 11:01:57 AM,6335.0,19,120365.0,41945961.0
2025-08-01 11:01:59 AM,6337.0,0,0.0,41945961.0
2025-08-01 11:02:01 AM,6337.0,3,19011.0,41964972.0
2025-08-01 11:03:31 AM,6341.0,0,0.0,41964972.0
2025-08-01 11:03:31 AM,6341.0,2,12682.0,41977654.0
2025-08-01 11:03:33 AM,6335.0,0,0.0,41977654.0
2025-08-01 11:03:33 AM,6335.0,1,6335.0,41983989.0
2025-08-01 11:05:43 AM,6342.0,21,133182.0,42117171.0
2025-08-01 11:05:45 AM,6342.0,3,19026.0,42136197.0
2025-08-01 11:05:54 AM,6350.0,0,0.0,42136197.0
2025-08-01 11:05:54 AM,6350.0,39,247650.0,42383847.0
2025-08-01 11:05:55 AM,6336.5,0,0.0,42383847.0
2025-08-01 11:05:56 AM,6336.5,6,38019.0,42421866.0
2025-08-01 11:05:57 AM,6338.0,0,0.0,42421866.0
2025-08-01 11:05:59 AM,6338.0,2,12676.0,42434542.0
2025-08-01 11:06:25 AM,6331.0,0,0.0,42434542.0
2025-08-01 11:06:27 AM,6331.0,1,6331.0,42440873.0
2025-08-01 11:08:44 AM,6329.0,8,50632.0,42491505.0
2025-08-01 11:08:45 AM,6325.5,0,0.0,42491505.0
2025-08-01 11:08:46 AM,6325.5,3,18976.5,42510481.5
2025-08-01 11:09:54 AM,6333.5,0,0.0,42510481.5
2025-08-01 11:09:55 AM,6333.5,1,6333.5,42516815.0
2025-08-01 11:10:10 AM,6334.5,0,0.0,42516815.0
2025-08-01 11:10:12 AM,6334.5,1,6334.5,42523149.5
2025-08-01 11:12:58 AM,6330.5,0,0.0,42523149.5
2025-08-01 11:12:58 AM,6330.5,11,69635.5,42592785.0
2025-08-01 11:12:59 AM,6325.5,2,12651.0,42605436.0
2025-08-01 11:13:03 AM,6325.5,1,6325.5,42611761.5
2025-08-01 11:14:03 AM,6326.5,0,0.0,42611761.5
2025-08-01 11:14:03 AM,6319.5,21,132709.5,42744471.0
2025-08-01 11:14:05 AM,6317.5,0,0.0,42744471.0
2025-08-01 11:14:05 AM,6317.5,6,37905.0,42782376.0
2025-08-01 11:14:30 AM,6317.5,6,37905.0,42820281.0
2025-08-01 11:15:45 AM,6312.5,0,0.0,42820281.0
2025-08-01 11:15:45 AM,6312.5,2,12625.0,42832906.0
2025-08-01 11:15:51 AM,6310.0,0,0.0,42832906.0
2025-08-01 11:15:51 AM,6310.0,25,157750.0,42990656.0
2025-08-01 11:15:53 AM,6315.5,0,0.0,42990656.0
2025-08-01 11:15:55 AM,6315.5,8,50524.0,43041180.0
2025-08-01 11:16:44 AM,6313.5,1,6313.5,43047493.5
2025-08-01 11:16:45 AM,6318.5,0,0.0,43047493.5
2025-08-01 11:16:48 AM,6318.5,7,44229.5,43091723.0
2025-08-01 11:17:47 AM,6325.0,0,0.0,43091723.0
2025-08-01 11:17:49 AM,6325.0,1,6325.0,43098048.0
2025-08-01 11:17:51 AM,6320.0,0,0.0,43098048.0
2025-08-01 11:17:52 AM,6320.0,1,6320.0,43104368.0
2025-08-01 11:18:51 AM,6316.5,0,0.0,43104368.0
2025-08-01 11:18:53 AM,6316.5,4,25266.0,43129634.0
2025-08-01 11:18:54 AM,6317.5,1,6317.5,43135951.5
2025-08-01 11:18:55 AM,6320.0,0,0.0,43135951.5
2025-08-01 11:18:59 AM,6320.0,1,6320.0,43142271.5
2025-08-01 11:19:15 AM,6312.5,0,0.0,43142271.5
2025-08-01 11:19:16 AM,6312.5,15,94687.5,43236959.0
2025-08-01 11:19:17 AM,6311.0,1,6311.0,43243270.0
2025-08-01 11:19:58 AM,6310.0,0,0.0,43243270.0
2025-08-01 11:19:59 AM,6310.0,7,44170.0,43287440.0
2025-08-01 11:20:15 AM,6310.0,10,63100.0,43350540.0
2025-08-01 11:20:42 AM,6310.0,1,6310.0,43356850.0
2025-08-01 11:20:50 AM,6313.5,0,0.0,43356850.0
2025-08-01 11:20:51 AM,6310.0,7,44170.0,43401020.0
2025-08-01 11:20:56 AM,6310.0,1,6310.0,43407330.0
2025-08-01 11:21:00 AM,6313.5,0,0.0,43407330.0
2025-08-01 11:21:02 AM,6313.5,2,12627.0,43419957.0
2025-08-01 11:21:04 AM,6310.5,0,0.0,43419957.0
2025-08-01 11:21:07 AM,6310.5,1,6310.5,43426267.5
2025-08-01 11:21:21 AM,6317.0,0,0.0,43426267.5
2025-08-01 11:21:22 AM,6311.5,0,0.0,43426267.5
2025-08-01 11:21:23 AM,6311.5,6,37869.0,43464136.5
2025-08-01 11:21:58 AM,6319.5,0,0.0,43464136.5
2025-08-01 11:21:59 AM,6311.5,0,0.0,43464136.5
2025-08-01 11:21:59 AM,6311.5,18,113607.0,43577743.5
2025-08-01 11:23:22 AM,6312.0,0,0.0,43577743.5
2025-08-01 11:23:24 AM,6312.0,6,37872.0,43615615.5
2025-08-01 11:25:04 AM,6318.5,0,0.0,43615615.5
2025-08-01 11:25:08 AM,6318.5,2,12637.0,43628252.5
2025-08-01 11:25:12 AM,6318.0,0,0.0,43628252.5
2025-08-01 11:25:13 AM,6312.0,0,0.0,43628252.5
2025-08-01 11:25:13 AM,6312.0,7,44184.0,43672436.5
2025-08-01 11:25:53 AM,6318.5,0,0.0,43672436.5
2025-08-01 11:25:55 AM,6318.5,5,31592.5,43704029.0
2025-08-01 11:26:36 AM,6320.0,7,44240.0,43748269.0
2025-08-01 11:26:37 AM,6314.5,0,0.0,43748269.0
2025-08-01 11:26:41 AM,6314.5,1,6314.5,43754583.5
2025-08-01 11:27:39 AM,6320.0,0,0.0,43754583.5
2025-08-01 11:27:40 AM,6315.0,0,0.0,43754583.5
2025-08-01 11:27:42 AM,6315.0,12,75780.0,43830363.5
2025-08-01 11:28:45 AM,6320.0,0,0.0,43830363.5
2025-08-01 11:28:46 AM,6317.5,6,37905.0,43868268.5
2025-08-01 11:28:59 AM,6314.5,2,12629.0,43880897.5
2025-08-01 11:29:06 AM,6321.5,0,0.0,43880897.5
2025-08-01 11:29:08 AM,6315.0,0,0.0,43880897.5
2025-08-01 11:29:09 AM,6315.0,11,69465.0,43950362.5
2025-08-01 11:29:43 AM,6319.5,0,0.0,43950362.5
2025-08-01 11:29:43 AM,6319.5,1,6319.5,43956682.0
2025-08-01 11:30:17 AM,6322.0,0,0.0,43956682.0
2025-08-01 11:30:18 AM,6322.0,1,6322.0,43963004.0
2025-08-01 11:32:13 AM,6316.0,0,0.0,43963004.0
2025-08-01 11:32:14 AM,6316.0,1,6316.0,43969320.0
2025-08-01 11:33:20 AM,6316.0,1,6316.0,43975636.0
2025-08-01 11:34:36 AM,6320.0,0,0.0,43975636.0
2025-08-01 11:34:36 AM,6320.0,1,6320.0,43981956.0
2025-08-01 11:36:32 AM,6314.5,0,0.0,43981956.0
2025-08-01 11:36:36 AM,6314.5,2,12629.0,43994585.0
2025-08-01 11:38:25 AM,6315.0,2,12630.0,44007215.0
2025-08-01 11:38:26 AM,6314.5,1,6314.5,44013529.5
2025-08-01 11:38:55 AM,6321.5,0,0.0,44013529.5
2025-08-01 11:38:55 AM,6321.5,1,6321.5,44019851.0
2025-08-01 11:39:25 AM,6315.0,0,0.0,44019851.0
2025-08-01 11:39:25 AM,6315.0,4,25260.0,44045111.0
2025-08-01 11:40:53 AM,6321.5,1,6321.5,44051432.5
2025-08-01 11:42:03 AM,6316.0,0,0.0,44051432.5
2025-08-01 11:42:05 AM,6316.0,1,6316.0,44057748.5
2025-08-01 11:43:17 AM,6312.0,0,0.0,44057748.5
2025-08-01 11:43:17 AM,6311.5,0,0.0,44057748.5
2025-08-01 11:43:18 AM,6311.5,127,801560.5,44859309.0
2025-08-01 11:43:19 AM,6310.5,0,0.0,44859309.0
2025-08-01 11:43:19 AM,6310.5,1,6310.5,44865619.5
2025-08-01 11:43:21 AM,6298.5,0,0.0,44865619.5
2025-08-01 11:43:23 AM,6294.5,0,0.0,44865619.5
2025-08-01 11:43:24 AM,6294.5,499,3140955.5,48006575.0
2025-08-01 11:43:25 AM,6291.5,0,0.0,48006575.0
2025-08-01 11:43:27 AM,6292.0,0,0.0,48006575.0
2025-08-01 11:43:29 AM,6292.0,4,25168.0,48031743.0
2025-08-01 11:44:39 AM,6298.5,0,0.0,48031743.0
2025-08-01 11:44:41 AM,6293.5,6,37761.0,48069504.0
2025-08-01 11:44:42 AM,6301.0,0,0.0,48069504.0
2025-08-01 11:44:45 AM,6293.0,0,0.0,48069504.0
2025-08-01 11:44:46 AM,6293.0,11,69223.0,48138727.0
2025-08-01 11:46:01 AM,6294.0,1,6294.0,48145021.0
2025-08-01 11:46:06 AM,6294.0,1,6294.0,48151315.0
2025-08-01 11:46:14 AM,6301.0,0,0.0,48151315.0
2025-08-01 11:46:16 AM,6294.5,0,0.0,48151315.0
2025-08-01 11:46:16 AM,6294.5,11,69239.5,48220554.5
2025-08-01 11:46:19 AM,6299.0,0,0.0,48220554.5
2025-08-01 11:46:22 AM,6299.0,2,12598.0,48233152.5
2025-08-01 11:46:34 AM,6305.0,0,0.0,48233152.5
2025-08-01 11:46:35 AM,6299.0,0,0.0,48233152.5
2025-08-01 11:46:38 AM,6299.0,9,56691.0,48289843.5
2025-08-01 11:46:43 AM,6299.0,20,125980.0,48415823.5
2025-08-01 11:46:48 AM,6299.0,3,18897.0,48434720.5
2025-08-01 11:48:49 AM,6306.5,0,0.0,48434720.5
2025-08-01 11:48:51 AM,6299.5,7,44096.5,48478817.0
2025-08-01 11:49:33 AM,6305.5,1,6305.5,48485122.5
2025-08-01 11:49:50 AM,6301.0,0,0.0,48485122.5
2025-08-01 11:49:53 AM,6301.0,1,6301.0,48491423.5
2025-08-01 11:50:03 AM,6305.5,2,12611.0,48504034.5
2025-08-01 11:51:16 AM,6307.5,0,0.0,48504034.5
2025-08-01 11:51:17 AM,6305.5,0,0.0,48504034.5
2025-08-01 11:51:18 AM,6300.0,0,0.0,48504034.5
2025-08-01 11:51:19 AM,6300.0,14,88200.0,48592234.5
2025-08-01 11:52:17 AM,6310.0,0,0.0,48592234.5
2025-08-01 11:52:18 AM,6302.0,0,0.0,48592234.5
2025-08-01 11:52:19 AM,6302.0,2,12604.0,48604838.5
2025-08-01 11:53:12 AM,6310.5,0,0.0,48604838.5
2025-08-01 11:53:14 AM,6310.5,3,18931.5,48623770.0
2025-08-01 11:53:47 AM,6308.5,0,0.0,48623770.0
2025-08-01 11:53:50 AM,6308.5,2,12617.0,48636387.0
2025-08-01 11:54:27 AM,6305.0,5,31525.0,48667912.0
2025-08-01 11:54:28 AM,6302.5,0,0.0,48667912.0
2025-08-01 11:54:31 AM,6302.5,1,6302.5,48674214.5
2025-08-01 11:55:40 AM,6303.5,0,0.0,48674214.5
2025-08-01 11:55:41 AM,6303.5,1,6303.5,48680518.0
2025-08-01 11:57:00 AM,6300.0,0,0.0,48680518.0
2025-08-01 11:57:02 AM,6300.0,121,762300.0,49442818.0
2025-08-01 11:57:03 AM,6299.0,0,0.0,49442818.0
2025-08-01 11:57:03 AM,6299.0,4,25196.0,49468014.0
2025-08-01 12:01:50 PM,6299.5,0,0.0,49468014.0
2025-08-01 12:01:51 PM,6299.0,33,207867.0,49675881.0
2025-08-01 12:01:53 PM,6299.0,1,6299.0,49682180.0
2025-08-01 12:02:13 PM,6299.5,4,25198.0,49707378.0
2025-08-01 12:05:08 PM,6296.0,0,0.0,49707378.0
2025-08-01 12:05:08 PM,6296.0,13,81848.0,49789226.0
2025-08-01 12:05:28 PM,6300.0,1,6300.0,49795526.0
2025-08-01 12:05:40 PM,6296.0,0,0.0,49795526.0
2025-08-01 12:05:41 PM,6296.0,1,6296.0,49801822.0
2025-08-01 12:05:54 PM,6296.5,0,0.0,49801822.0
2025-08-01 12:05:56 PM,6295.0,0,0.0,49801822.0
2025-08-01 12:05:56 PM,6295.0,30,188850.0,49990672.0
2025-08-01 12:07:00 PM,6295.5,0,0.0,49990672.0
2025-08-01 12:07:01 PM,6295.5,9,56659.5,50047331.5
2025-08-01 12:07:31 PM,6295.5,1,6295.5,50053627.0
2025-08-01 12:07:36 PM,6295.5,25,157387.5,50211014.5
2025-08-01 12:07:38 PM,6295.0,0,0.0,50211014.5
2025-08-01 12:07:41 PM,6295.0,5,31475.0,50242489.5
2025-08-01 12:08:22 PM,6308.5,0,0.0,50242489.5
2025-08-01 12:08:22 PM,6308.5,48,302808.0,50545297.5
2025-08-01 12:08:27 PM,6308.5,1,6308.5,50551606.0
2025-08-01 12:08:50 PM,6315.0,0,0.0,50551606.0
2025-08-01 12:08:51 PM,6315.0,186,1174590.0,51726196.0
2025-08-01 12:08:52 PM,6307.5,0,0.0,51726196.0
2025-08-01 12:08:54 PM,6306.0,0,0.0,51726196.0
2025-08-01 12:08:56 PM,6306.0,20,126120.0,51852316.0
2025-08-01 12:11:36 PM,6311.0,1,6311.0,51858627.0
2025-08-01 12:12:35 PM,6317.0,5,31585.0,51890212.0
2025-08-01 12:12:36 PM,6311.0,0,0.0,51890212.0
2025-08-01 12:12:40 PM,6311.0,1,6311.0,51896523.0
2025-08-01 12:12:46 PM,6318.0,0,0.0,51896523.0
2025-08-01 12:12:50 PM,6314.0,0,0.0,51896523.0
2025-08-01 12:12:50 PM,6314.0,7,44198.0,51940721.0
2025-08-01 12:13:16 PM,6313.0,1,6313.0,51947034.0
2025-08-01 12:13:38 PM,6321.0,0,0.0,51947034.0
2025-08-01 12:13:40 PM,6313.0,0,0.0,51947034.0
2025-08-01 12:13:40 PM,6313.0,6,37878.0,51984912.0
2025-08-01 12:14:15 PM,6313.0,1,6313.0,51991225.0
2025-08-01 12:14:45 PM,6309.5,1,6309.5,51997534.5
2025-08-01 12:15:16 PM,6310.0,1,6310.0,52003844.5
2025-08-01 12:15:18 PM,6310.5,0,0.0,52003844.5
2025-08-01 12:15:21 PM,6310.5,1,6310.5,52010155.0
2025-08-01 12:15:46 PM,6309.5,0,0.0,52010155.0
2025-08-01 12:15:47 PM,6309.5,2,12619.0,52022774.0
2025-08-01 12:16:16 PM,6310.0,0,0.0,52022774.0
2025-08-01 12:16:17 PM,6310.0,2,12620.0,52035394.0
2025-08-01 12:16:31 PM,6310.0,6,37860.0,52073254.0
2025-08-01 12:16:46 PM,6310.0,1,6310.0,52079564.0
2025-08-01 12:16:50 PM,6310.0,1,6310.0,52085874.0
2025-08-01 12:17:15 PM,6310.0,1,6310.0,52092184.0
2025-08-01 12:17:49 PM,6310.0,1,6310.0,52098494.0
2025-08-01 12:17:53 PM,6319.5,10,63195.0,52161689.0
2025-08-01 12:17:54 PM,6310.5,0,0.0,52161689.0
2025-08-01 12:17:58 PM,6310.5,1,6310.5,52167999.5
2025-08-01 12:18:16 PM,6311.0,0,0.0,52167999.5
2025-08-01 12:18:18 PM,6311.0,1,6311.0,52174310.5
2025-08-01 12:18:36 PM,6310.0,0,0.0,52174310.5
2025-08-01 12:18:37 PM,6310.0,2,12620.0,52186930.5
2025-08-01 12:18:48 PM,6310.0,1,6310.0,52193240.5
2025-08-01 12:19:08 PM,6310.0,1,6310.0,52199550.5
2025-08-01 12:19:18 PM,6310.0,3,18930.0,52218480.5
2025-08-01 12:19:28 PM,6310.0,1,6310.0,52224790.5
2025-08-01 12:19:33 PM,6315.0,0,0.0,52224790.5
2025-08-01 12:19:33 PM,6315.0,5,31575.0,52256365.5
2025-08-01 12:19:38 PM,6310.0,0,0.0,52256365.5
2025-08-01 12:19:38 PM,6310.0,1,6310.0,52262675.5
2025-08-01 12:19:53 PM,6310.0,2,12620.0,52275295.5
2025-08-01 12:20:19 PM,6309.5,0,0.0,52275295.5
2025-08-01 12:20:20 PM,6309.5,15,94642.5,52369938.0
2025-08-01 12:20:21 PM,6304.5,0,0.0,52369938.0
2025-08-01 12:20:23 PM,6301.0,0,0.0,52369938.0
2025-08-01 12:20:24 PM,6300.5,0,0.0,52369938.0
2025-08-01 12:20:25 PM,6300.0,32,201600.0,52571538.0
2025-08-01 12:20:30 PM,6300.0,25,157500.0,52729038.0
2025-08-01 12:20:35 PM,6300.0,22,138600.0,52867638.0
2025-08-01 12:20:36 PM,6300.0,9,56700.0,52924338.0
2025-08-01 12:20:40 PM,6300.0,6,37800.0,52962138.0
2025-08-01 12:20:45 PM,6300.0,1,6300.0,52968438.0
2025-08-01 12:20:51 PM,6300.0,1,6300.0,52974738.0
2025-08-01 12:20:55 PM,6300.0,2,12600.0,52987338.0
2025-08-01 12:21:16 PM,6300.0,1,6300.0,52993638.0
2025-08-01 12:21:49 PM,6300.0,1,6300.0,52999938.0
2025-08-01 12:22:05 PM,6300.0,141,888300.0,53888238.0
2025-08-01 12:22:06 PM,6295.0,0,0.0,53888238.0
2025-08-01 12:22:09 PM,6295.0,55,346225.0,54234463.0
2025-08-01 12:22:10 PM,6295.0,1,6295.0,54240758.0
2025-08-01 12:22:15 PM,6295.0,6,37770.0,54278528.0
2025-08-01 12:22:20 PM,6295.0,2,12590.0,54291118.0
2025-08-01 12:22:41 PM,6295.0,1,6295.0,54297413.0
2025-08-01 12:22:53 PM,6295.5,0,0.0,54297413.0
2025-08-01 12:22:56 PM,6295.5,5,31477.5,54328890.5
2025-08-01 12:23:16 PM,6295.5,1,6295.5,54335186.0
2025-08-01 12:23:20 PM,6295.5,1,6295.5,54341481.5
2025-08-01 12:23:37 PM,6294.0,0,0.0,54341481.5
2025-08-01 12:23:39 PM,6294.0,33,207702.0,54549183.5
2025-08-01 12:23:44 PM,6289.5,0,0.0,54549183.5
2025-08-01 12:23:44 PM,6289.5,124,779898.0,55329081.5
2025-08-01 12:23:45 PM,6288.0,0,0.0,55329081.5
2025-08-01 12:23:46 PM,6279.5,0,0.0,55329081.5
2025-08-01 12:23:47 PM,6275.5,0,0.0,55329081.5
2025-08-01 12:23:48 PM,6274.5,0,0.0,55329081.5
2025-08-01 12:23:49 PM,6271.5,33,206959.5,55536041.0
2025-08-01 12:23:50 PM,6273.5,0,0.0,55536041.0
2025-08-01 12:23:52 PM,6272.0,0,0.0,55536041.0
2025-08-01 12:23:53 PM,6270.5,0,0.0,55536041.0
2025-08-01 12:23:55 PM,6270.5,8,50164.0,55586205.0
2025-08-01 12:24:00 PM,6270.5,1,6270.5,55592475.5
2025-08-01 12:24:15 PM,6270.5,21,131680.5,55724156.0
2025-08-01 12:24:15 PM,6270.5,5,31352.5,55755508.5
2025-08-01 12:24:18 PM,6270.0,0,0.0,55755508.5
2025-08-01 12:24:20 PM,6270.0,7,43890.0,55799398.5
2025-08-01 12:24:45 PM,6283.5,95,596932.5,56396331.0
2025-08-01 12:24:46 PM,6274.5,0,0.0,56396331.0
2025-08-01 12:24:49 PM,6270.0,16,100320.0,56496651.0
2025-08-01 12:24:50 PM,6270.0,3,18810.0,56515461.0
2025-08-01 12:24:54 PM,6270.0,5,31350.0,56546811.0
2025-08-01 12:25:04 PM,6270.0,2,12540.0,56559351.0
2025-08-01 12:25:09 PM,6270.0,131,821370.0,57380721.0
2025-08-01 12:25:09 PM,6266.5,2,12533.0,57393254.0
2025-08-01 12:25:13 PM,6263.5,0,0.0,57393254.0
2025-08-01 12:25:14 PM,6263.0,0,0.0,57393254.0
2025-08-01 12:25:14 PM,6263.0,51,319413.0,57712667.0
2025-08-01 12:25:15 PM,6263.5,2,12527.0,57725194.0
2025-08-01 12:25:16 PM,6262.5,0,0.0,57725194.0
2025-08-01 12:25:18 PM,6261.5,0,0.0,57725194.0
2025-08-01 12:25:19 PM,6263.0,0,0.0,57725194.0
2025-08-01 12:25:19 PM,6263.0,16,100208.0,57825402.0
2025-08-01 12:25:24 PM,6262.0,0,0.0,57825402.0
2025-08-01 12:25:25 PM,6262.0,2,12524.0,57837926.0
2025-08-01 12:25:25 PM,6260.5,1,6260.5,57844186.5
2025-08-01 12:25:32 PM,6266.5,0,0.0,57844186.5
2025-08-01 12:25:34 PM,6266.5,5,31332.5,57875519.0
2025-08-01 12:25:39 PM,6261.0,1,6261.0,57881780.0
2025-08-01 12:25:42 PM,6265.0,0,0.0,57881780.0
2025-08-01 12:25:43 PM,6266.5,0,0.0,57881780.0
2025-08-01 12:25:44 PM,6266.5,5,31332.5,57913112.5
2025-08-01 12:26:16 PM,6262.0,0,0.0,57913112.5
2025-08-01 12:26:20 PM,6262.0,1,6262.0,57919374.5
2025-08-01 12:26:39 PM,6260.0,0,0.0,57919374.5
2025-08-01 12:26:40 PM,6260.0,10,62600.0,57981974.5
2025-08-01 12:26:40 PM,6260.0,1,6260.0,57988234.5
2025-08-01 12:26:44 PM,6260.0,2,12520.0,58000754.5
2025-08-01 12:26:46 PM,6262.0,0,0.0,58000754.5
2025-08-01 12:26:48 PM,6260.0,0,0.0,58000754.5
2025-08-01 12:26:49 PM,6260.0,3,18780.0,58019534.5
2025-08-01 12:27:16 PM,6260.0,1,6260.0,58025794.5
2025-08-01 12:27:33 PM,6258.0,0,0.0,58025794.5
2025-08-01 12:27:35 PM,6260.0,0,0.0,58025794.5
2025-08-01 12:27:35 PM,6260.0,14,87640.0,58113434.5
2025-08-01 12:27:40 PM,6260.0,4,25040.0,58138474.5
2025-08-01 12:27:46 PM,6260.0,1,6260.0,58144734.5
2025-08-01 12:27:53 PM,6267.5,0,0.0,58144734.5
2025-08-01 12:27:54 PM,6264.0,0,0.0,58144734.5
2025-08-01 12:27:55 PM,6264.0,41,256824.0,58401558.5
2025-08-01 12:27:59 PM,6263.5,0,0.0,58401558.5
2025-08-01 12:28:00 PM,6263.5,6,37581.0,58439139.5
2025-08-01 12:28:00 PM,6260.0,0,0.0,58439139.5
2025-08-01 12:28:00 PM,6260.0,1,6260.0,58445399.5
2025-08-01 12:28:09 PM,6260.0,1,6260.0,58451659.5
2025-08-01 12:28:11 PM,6261.0,0,0.0,58451659.5
2025-08-01 12:28:14 PM,6261.0,1,6261.0,58457920.5
2025-08-01 12:28:38 PM,6275.5,0,0.0,58457920.5
2025-08-01 12:28:39 PM,6266.0,0,0.0,58457920.5
2025-08-01 12:28:39 PM,6266.0,37,231842.0,58689762.5
2025-08-01 12:28:41 PM,6268.0,1,6268.0,58696030.5
2025-08-01 12:28:42 PM,6267.0,0,0.0,58696030.5
2025-08-01 12:28:43 PM,6260.5,0,0.0,58696030.5
2025-08-01 12:28:44 PM,6262.5,0,0.0,58696030.5
2025-08-01 12:28:44 PM,6262.5,7,43837.5,58739868.0
2025-08-01 12:29:08 PM,6262.0,0,0.0,58739868.0
2025-08-01 12:29:09 PM,6262.0,2,12524.0,58752392.0
2025-08-01 12:29:13 PM,6261.5,0,0.0,58752392.0
2025-08-01 12:29:14 PM,6261.5,5,31307.5,58783699.5
2025-08-01 12:29:15 PM,6258.0,0,0.0,58783699.5
2025-08-01 12:29:16 PM,6258.0,1,6258.0,58789957.5
2025-08-01 12:29:19 PM,6259.5,0,0.0,58789957.5
2025-08-01 12:29:21 PM,6259.5,2,12519.0,58802476.5
2025-08-01 12:29:21 PM,6258.5,0,0.0,58802476.5
2025-08-01 12:29:23 PM,6258.5,1,6258.5,58808735.0
2025-08-01 12:29:36 PM,6265.0,0,0.0,58808735.0
2025-08-01 12:29:37 PM,6265.0,10,62650.0,58871385.0
2025-08-01 12:29:37 PM,6256.5,0,0.0,58871385.0
2025-08-01 12:29:39 PM,6256.5,1,6256.5,58877641.5
2025-08-01 12:29:42 PM,6257.0,0,0.0,58877641.5
2025-08-01 12:29:44 PM,6257.0,1,6257.0,58883898.5
2025-08-01 12:30:16 PM,6256.0,1,6256.0,58890154.5
2025-08-01 12:30:45 PM,6255.0,1,6255.0,58896409.5
2025-08-01 12:31:16 PM,6255.0,1,6255.0,58902664.5
2025-08-01 12:31:28 PM,6265.0,49,306985.0,59209649.5
2025-08-01 12:31:32 PM,6265.0,9,56385.0,59266034.5
2025-08-01 12:31:43 PM,6265.0,9,56385.0,59322419.5
2025-08-01 12:31:47 PM,6265.0,3,18795.0,59341214.5
2025-08-01 12:31:53 PM,6265.0,1,6265.0,59347479.5
2025-08-01 12:31:58 PM,6269.0,0,0.0,59347479.5
2025-08-01 12:31:59 PM,6269.0,1,6269.0,59353748.5
2025-08-01 12:32:04 PM,6261.0,91,569751.0,59923499.5
2025-08-01 12:32:06 PM,6260.5,0,0.0,59923499.5
2025-08-01 12:32:08 PM,6258.0,0,0.0,59923499.5
2025-08-01 12:32:09 PM,6258.0,17,106386.0,60029885.5
2025-08-01 12:32:10 PM,6257.0,3,18771.0,60048656.5
2025-08-01 12:32:12 PM,6257.5,0,0.0,60048656.5
2025-08-01 12:32:14 PM,6255.0,0,0.0,60048656.5
2025-08-01 12:32:14 PM,6255.0,2,12510.0,60061166.5
2025-08-01 12:32:45 PM,6255.0,1,6255.0,60067421.5
2025-08-01 12:33:08 PM,6257.0,0,0.0,60067421.5
2025-08-01 12:33:10 PM,6257.0,1,6257.0,60073678.5
2025-08-01 12:33:18 PM,6259.0,0,0.0,60073678.5
2025-08-01 12:33:20 PM,6259.0,1,6259.0,60079937.5
2025-08-01 12:33:26 PM,6255.0,1,6255.0,60086192.5
2025-08-01 12:33:28 PM,6253.0,0,0.0,60086192.5
2025-08-01 12:33:30 PM,6253.0,1,6253.0,60092445.5
2025-08-01 12:33:45 PM,6251.5,1,6251.5,60098697.0
2025-08-01 12:34:15 PM,6255.0,1,6255.0,60104952.0
2025-08-01 12:34:16 PM,6262.0,0,0.0,60104952.0
2025-08-01 12:34:18 PM,6255.5,0,0.0,60104952.0
2025-08-01 12:34:20 PM,6255.0,0,0.0,60104952.0
2025-08-01 12:34:20 PM,6255.0,22,137610.0,60242562.0
2025-08-01 12:34:26 PM,6255.0,3,18765.0,60261327.0
2025-08-01 12:34:46 PM,6255.0,1,6255.0,60267582.0
2025-08-01 12:35:16 PM,6253.0,0,0.0,60267582.0
2025-08-01 12:35:17 PM,6253.0,1,6253.0,60273835.0
2025-08-01 12:35:38 PM,6255.0,0,0.0,60273835.0
2025-08-01 12:35:42 PM,6255.0,1,6255.0,60280090.0
2025-08-01 12:36:16 PM,6253.5,0,0.0,60280090.0
2025-08-01 12:36:19 PM,6253.5,1,6253.5,60286343.5
2025-08-01 12:36:41 PM,6260.0,0,0.0,60286343.5
2025-08-01 12:36:45 PM,6260.0,6,37560.0,60323903.5
2025-08-01 12:37:15 PM,6260.0,1,6260.0,60330163.5
2025-08-01 12:37:20 PM,6260.0,1,6260.0,60336423.5
2025-08-01 12:37:43 PM,6261.5,0,0.0,60336423.5
2025-08-01 12:37:45 PM,6261.5,1,6261.5,60342685.0
2025-08-01 12:38:15 PM,6260.0,0,0.0,60342685.0
2025-08-01 12:38:16 PM,6260.0,1,6260.0,60348945.0
2025-08-01 12:38:46 PM,6260.0,1,6260.0,60355205.0
2025-08-01 12:38:48 PM,6256.5,0,0.0,60355205.0
2025-08-01 12:38:49 PM,6256.5,2,12513.0,60367718.0
2025-08-01 12:39:15 PM,6255.5,0,0.0,60367718.0
2025-08-01 12:39:18 PM,6255.5,1,6255.5,60373973.5
2025-08-01 12:39:21 PM,6255.0,0,0.0,60373973.5
2025-08-01 12:39:23 PM,6255.0,1,6255.0,60380228.5
2025-08-01 12:39:38 PM,6257.5,0,0.0,60380228.5
2025-08-01 12:39:38 PM,6257.5,1,6257.5,60386486.0
2025-08-01 12:40:16 PM,6255.5,0,0.0,60386486.0
2025-08-01 12:40:19 PM,6255.5,1,6255.5,60392741.5
2025-08-01 12:40:45 PM,6256.0,1,6256.0,60398997.5
2025-08-01 12:40:46 PM,6255.5,0,0.0,60398997.5
2025-08-01 12:40:50 PM,6255.5,1,6255.5,60405253.0
2025-08-01 12:40:52 PM,6262.0,0,0.0,60405253.0
2025-08-01 12:40:56 PM,6262.0,1,6262.0,60411515.0
2025-08-01 12:41:14 PM,6266.5,0,0.0,60411515.0
2025-08-01 12:41:16 PM,6257.5,12,75090.0,60486605.0
2025-08-01 12:41:20 PM,6258.5,0,0.0,60486605.0
2025-08-01 12:41:22 PM,6258.5,1,6258.5,60492863.5
2025-08-01 12:41:24 PM,6257.5,0,0.0,60492863.5
2025-08-01 12:41:27 PM,6257.5,1,6257.5,60499121.0
2025-08-01 12:41:30 PM,6256.5,0,0.0,60499121.0
2025-08-01 12:41:32 PM,6256.5,1,6256.5,60505377.5
2025-08-01 12:41:46 PM,6255.5,0,0.0,60505377.5
2025-08-01 12:41:47 PM,6255.5,1,6255.5,60511633.0
2025-08-01 12:42:19 PM,6255.5,1,6255.5,60517888.5
2025-08-01 12:42:46 PM,6256.0,0,0.0,60517888.5
2025-08-01 12:42:46 PM,6255.5,0,0.0,60517888.5
2025-08-01 12:42:49 PM,6255.5,2,12511.0,60530399.5
2025-08-01 12:43:16 PM,6255.5,1,6255.5,60536655.0
2025-08-01 12:43:38 PM,6255.5,3,18766.5,60555421.5
2025-08-01 12:43:39 PM,6255.5,1,6255.5,60561677.0
2025-08-01 12:43:44 PM,6255.5,2,12511.0,60574188.0
2025-08-01 12:43:50 PM,6255.5,1,6255.5,60580443.5
2025-08-01 12:43:54 PM,6261.5,0,0.0,60580443.5
2025-08-01 12:43:54 PM,6255.5,0,0.0,60580443.5
2025-08-01 12:43:55 PM,6255.5,2,12511.0,60592954.5
2025-08-01 12:44:17 PM,6255.5,1,6255.5,60599210.0
2025-08-01 12:44:48 PM,6255.5,1,6255.5,60605465.5
2025-08-01 12:44:58 PM,6255.5,2,12511.0,60617976.5
2025-08-01 12:45:00 PM,6262.5,0,0.0,60617976.5
2025-08-01 12:45:02 PM,6256.0,0,0.0,60617976.5
2025-08-01 12:45:03 PM,6256.0,6,37536.0,60655512.5
2025-08-01 12:45:19 PM,6256.0,1,6256.0,60661768.5
2025-08-01 12:45:46 PM,6255.5,1,6255.5,60668024.0
2025-08-01 12:45:50 PM,6256.0,1,6256.0,60674280.0
2025-08-01 12:46:16 PM,6255.0,1,6255.0,60680535.0
2025-08-01 12:46:41 PM,6264.0,10,62640.0,60743175.0
2025-08-01 12:46:42 PM,6256.5,0,0.0,60743175.0
2025-08-01 12:46:44 PM,6256.0,0,0.0,60743175.0
2025-08-01 12:46:45 PM,6256.0,3,18768.0,60761943.0
2025-08-01 12:46:56 PM,6256.0,1,6256.0,60768199.0
2025-08-01 12:47:16 PM,6256.0,1,6256.0,60774455.0
2025-08-01 12:47:46 PM,6256.0,1,6256.0,60780711.0
2025-08-01 12:48:16 PM,6256.0,1,6256.0,60786967.0
2025-08-01 12:48:46 PM,6255.5,0,0.0,60786967.0
2025-08-01 12:48:47 PM,6255.5,1,6255.5,60793222.5
2025-08-01 12:48:54 PM,6255.0,0,0.0,60793222.5
2025-08-01 12:48:57 PM,6255.0,3,18765.0,60811987.5
2025-08-01 12:49:16 PM,6255.0,1,6255.0,60818242.5
2025-08-01 12:49:28 PM,6261.5,0,0.0,60818242.5
2025-08-01 12:49:31 PM,6261.5,1,6261.5,60824504.0
2025-08-01 12:49:46 PM,6256.0,1,6256.0,60830760.0
2025-08-01 12:49:50 PM,6255.5,1,6255.5,60837015.5
2025-08-01 12:50:16 PM,6261.5,0,0.0,60837015.5
2025-08-01 12:50:16 PM,6261.5,2,12523.0,60849538.5
2025-08-01 12:50:46 PM,6257.0,0,0.0,60849538.5
2025-08-01 12:50:48 PM,6256.0,2,12512.0,60862050.5
2025-08-01 12:51:17 PM,6261.5,0,0.0,60862050.5
2025-08-01 12:51:19 PM,6261.5,2,12523.0,60874573.5
2025-08-01 12:51:46 PM,6256.5,0,0.0,60874573.5
2025-08-01 12:51:48 PM,6256.5,1,6256.5,60880830.0
2025-08-01 12:52:18 PM,6256.5,1,6256.5,60887086.5
2025-08-01 12:52:20 PM,6264.0,0,0.0,60887086.5
2025-08-01 12:52:24 PM,6264.0,1,6264.0,60893350.5
2025-08-01 12:52:46 PM,6257.5,0,0.0,60893350.5
2025-08-01 12:52:48 PM,6257.5,1,6257.5,60899608.0
2025-08-01 12:53:18 PM,6257.5,1,6257.5,60905865.5
2025-08-01 12:53:38 PM,6259.0,0,0.0,60905865.5
2025-08-01 12:53:43 PM,6259.0,1,6259.0,60912124.5
2025-08-01 12:54:19 PM,6259.0,3,18777.0,60930901.5
2025-08-01 12:54:22 PM,6265.5,0,0.0,60930901.5
2025-08-01 12:54:23 PM,6265.5,7,43858.5,60974760.0
2025-08-01 12:54:46 PM,6259.5,0,0.0,60974760.0
2025-08-01 12:54:49 PM,6259.5,2,12519.0,60987279.0
2025-08-01 12:55:16 PM,6260.0,0,0.0,60987279.0
2025-08-01 12:55:16 PM,6260.0,1,6260.0,60993539.0
2025-08-01 12:55:46 PM,6260.0,1,6260.0,60999799.0
2025-08-01 12:55:56 PM,6260.0,1,6260.0,61006059.0
2025-08-01 12:56:04 PM,6264.0,0,0.0,61006059.0
2025-08-01 12:56:06 PM,6264.0,1,6264.0,61012323.0
2025-08-01 12:56:10 PM,6262.0,0,0.0,61012323.0
2025-08-01 12:56:11 PM,6262.0,1,6262.0,61018585.0
2025-08-01 12:56:24 PM,6269.0,0,0.0,61018585.0
2025-08-01 12:56:26 PM,6261.5,0,0.0,61018585.0
2025-08-01 12:56:26 PM,6261.5,7,43830.5,61062415.5
2025-08-01 12:56:30 PM,6260.0,0,0.0,61062415.5
2025-08-01 12:56:31 PM,6260.0,1,6260.0,61068675.5
2025-08-01 12:56:41 PM,6260.0,14,87640.0,61156315.5
2025-08-01 12:56:42 PM,6257.5,0,0.0,61156315.5
2025-08-01 12:56:44 PM,6256.5,0,0.0,61156315.5
2025-08-01 12:56:46 PM,6256.5,7,43795.5,61200111.0
2025-08-01 12:57:16 PM,6256.5,1,6256.5,61206367.5
2025-08-01 12:57:21 PM,6256.5,1,6256.5,61212624.0
2025-08-01 12:57:22 PM,6259.5,1,6259.5,61218883.5
2025-08-01 12:57:46 PM,6256.5,1,6256.5,61225140.0
2025-08-01 12:57:58 PM,6264.0,0,0.0,61225140.0
2025-08-01 12:57:58 PM,6258.0,0,0.0,61225140.0
2025-08-01 12:58:01 PM,6258.0,13,81354.0,61306494.0
2025-08-01 12:58:10 PM,6257.0,0,0.0,61306494.0
2025-08-01 12:58:11 PM,6257.0,1,6257.0,61312751.0
2025-08-01 12:58:16 PM,6256.5,1,6256.5,61319007.5
2025-08-01 12:58:46 PM,6257.5,0,0.0,61319007.5
2025-08-01 12:58:47 PM,6257.5,1,6257.5,61325265.0
2025-08-01 12:59:16 PM,6258.0,0,0.0,61325265.0
2025-08-01 12:59:17 PM,6258.0,1,6258.0,61331523.0
2025-08-01 12:59:27 PM,6258.0,1,6258.0,61337781.0
2025-08-01 12:59:48 PM,6258.0,1,6258.0,61344039.0
2025-08-01 01:00:20 PM,6258.0,1,6258.0,61350297.0
2025-08-01 01:00:46 PM,6258.0,1,6258.0,61356555.0
2025-08-01 01:01:02 PM,6264.5,1,6264.5,61362819.5
2025-08-01 01:01:03 PM,6258.5,0,0.0,61362819.5
2025-08-01 01:01:06 PM,6258.5,2,12517.0,61375336.5
2025-08-01 01:01:11 PM,6258.0,0,0.0,61375336.5
2025-08-01 01:01:12 PM,6258.0,1,6258.0,61381594.5
2025-08-01 01:01:18 PM,6258.0,1,6258.0,61387852.5
2025-08-01 01:01:45 PM,6260.0,0,0.0,61387852.5
2025-08-01 01:01:48 PM,6260.0,1,6260.0,61394112.5
2025-08-01 01:01:54 PM,6260.0,1,6260.0,61400372.5
2025-08-01 01:02:17 PM,6260.0,1,6260.0,61406632.5
2025-08-01 01:02:48 PM,6260.0,1,6260.0,61412892.5
2025-08-01 01:03:12 PM,6240.0,313,1953120.0,63366012.5
2025-08-01 01:03:13 PM,6247.0,2,12494.0,63378506.5
2025-08-01 01:03:15 PM,6240.0,0,0.0,63378506.5
2025-08-01 01:03:17 PM,6240.0,1,6240.0,63384746.5
2025-08-01 01:03:31 PM,6251.5,0,0.0,63384746.5
2025-08-01 01:03:32 PM,6251.5,20,125030.0,63509776.5
2025-08-01 01:04:09 PM,6244.5,0,0.0,63509776.5
2025-08-01 01:04:11 PM,6244.5,96,599472.0,64109248.5
2025-08-01 01:04:40 PM,6244.5,1,6244.5,64115493.0
2025-08-01 01:05:10 PM,6244.5,1,6244.5,64121737.5
2025-08-01 01:05:25 PM,6250.0,0,0.0,64121737.5
2025-08-01 01:05:26 PM,6250.0,5,31250.0,64152987.5
2025-08-01 01:05:45 PM,6245.0,0,0.0,64152987.5
2025-08-01 01:05:46 PM,6245.0,1,6245.0,64159232.5
2025-08-01 01:05:51 PM,6251.5,0,0.0,64159232.5
2025-08-01 01:05:51 PM,6251.5,10,62515.0,64221747.5
2025-08-01 01:06:11 PM,6247.5,0,0.0,64221747.5
2025-08-01 01:06:11 PM,6247.5,1,6247.5,64227995.0
2025-08-01 01:06:45 PM,6248.5,0,0.0,64227995.0
2025-08-01 01:06:48 PM,6248.5,1,6248.5,64234243.5
2025-08-01 01:07:12 PM,6249.0,0,0.0,64234243.5
2025-08-01 01:07:13 PM,6249.0,1,6249.0,64240492.5
2025-08-01 01:07:46 PM,6249.0,1,6249.0,64246741.5
2025-08-01 01:08:02 PM,6241.0,0,0.0,64246741.5
2025-08-01 01:08:04 PM,6241.0,50,312050.0,64558791.5
2025-08-01 01:08:08 PM,6248.5,0,0.0,64558791.5
2025-08-01 01:08:08 PM,6244.0,0,0.0,64558791.5
2025-08-01 01:08:09 PM,6248.0,5,31240.0,64590031.5
2025-08-01 01:08:34 PM,6250.0,0,0.0,64590031.5
2025-08-01 01:08:35 PM,6250.0,4,25000.0,64615031.5
2025-08-01 01:09:08 PM,6248.0,0,0.0,64615031.5
2025-08-01 01:09:09 PM,6248.0,2,12496.0,64627527.5
2025-08-01 01:09:46 PM,6242.0,0,0.0,64627527.5
2025-08-01 01:09:47 PM,6242.0,1,6242.0,64633769.5
2025-08-01 01:10:08 PM,6244.5,0,0.0,64633769.5
2025-08-01 01:10:10 PM,6244.5,1,6244.5,64640014.0
2025-08-01 01:10:12 PM,6248.0,1,6248.0,64646262.0
2025-08-01 01:10:32 PM,6248.0,9,56232.0,64702494.0
2025-08-01 01:10:35 PM,6248.0,7,43736.0,64746230.0
2025-08-01 01:10:38 PM,6246.0,0,0.0,64746230.0
2025-08-01 01:10:40 PM,6244.0,0,0.0,64746230.0
2025-08-01 01:10:41 PM,6244.0,2,12488.0,64758718.0
2025-08-01 01:11:08 PM,6244.5,0,0.0,64758718.0
2025-08-01 01:11:11 PM,6244.5,1,6244.5,64764962.5
2025-08-01 01:11:17 PM,6242.0,15,93630.0,64858592.5
2025-08-01 01:11:20 PM,6243.5,2,12487.0,64871079.5
2025-08-01 01:11:45 PM,6241.5,1,6241.5,64877321.0
2025-08-01 01:12:08 PM,6243.5,0,0.0,64877321.0
2025-08-01 01:12:10 PM,6243.5,1,6243.5,64883564.5
2025-08-01 01:12:16 PM,6248.0,0,0.0,64883564.5
2025-08-01 01:12:16 PM,6248.0,4,24992.0,64908556.5
2025-08-01 01:12:24 PM,6250.0,0,0.0,64908556.5
2025-08-01 01:12:25 PM,6250.0,53,331250.0,65239806.5
2025-08-01 01:12:46 PM,6248.5,1,6248.5,65246055.0
2025-08-01 01:13:11 PM,6248.0,1,6248.0,65252303.0
2025-08-01 01:13:27 PM,6252.5,0,0.0,65252303.0
2025-08-01 01:13:28 PM,6250.0,13,81250.0,65333553.0
2025-08-01 01:13:44 PM,6249.0,0,0.0,65333553.0
2025-08-01 01:13:47 PM,6249.0,1,6249.0,65339802.0
2025-08-01 01:14:16 PM,6248.5,0,0.0,65339802.0
2025-08-01 01:14:17 PM,6248.5,1,6248.5,65346050.5
2025-08-01 01:14:46 PM,6248.5,1,6248.5,65352299.0
2025-08-01 01:14:58 PM,6258.5,0,0.0,65352299.0
2025-08-01 01:14:58 PM,6258.5,50,312925.0,65665224.0
2025-08-01 01:15:00 PM,6253.0,0,0.0,65665224.0
2025-08-01 01:15:01 PM,6253.0,4,25012.0,65690236.0
2025-08-01 01:15:10 PM,6250.0,0,0.0,65690236.0
2025-08-01 01:15:11 PM,6250.0,4,25000.0,65715236.0
2025-08-01 01:15:13 PM,6255.0,5,31275.0,65746511.0
2025-08-01 01:15:16 PM,6250.0,0,0.0,65746511.0
2025-08-01 01:15:16 PM,6250.0,3,18750.0,65765261.0
2025-08-01 01:15:46 PM,6246.5,0,0.0,65765261.0
2025-08-01 01:15:47 PM,6246.5,1,6246.5,65771507.5
2025-08-01 01:16:04 PM,6249.5,0,0.0,65771507.5
2025-08-01 01:16:04 PM,6249.5,3,18748.5,65790256.0
2025-08-01 01:16:10 PM,6246.5,0,0.0,65790256.0
2025-08-01 01:16:12 PM,6246.5,9,56218.5,65846474.5
2025-08-01 01:16:47 PM,6246.5,1,6246.5,65852721.0
2025-08-01 01:17:17 PM,6246.5,1,6246.5,65858967.5
2025-08-01 01:17:32 PM,6250.0,0,0.0,65858967.5
2025-08-01 01:17:34 PM,6250.0,2,12500.0,65871467.5
2025-08-01 01:17:59 PM,6250.0,3,18750.0,65890217.5
2025-08-01 01:18:16 PM,6246.5,0,0.0,65890217.5
2025-08-01 01:18:19 PM,6246.5,1,6246.5,65896464.0
2025-08-01 01:18:29 PM,6249.5,2,12499.0,65908963.0
2025-08-01 01:18:46 PM,6246.5,0,0.0,65908963.0
2025-08-01 01:18:49 PM,6246.5,1,6246.5,65915209.5
2025-08-01 01:19:09 PM,6248.0,1,6248.0,65921457.5
2025-08-01 01:19:38 PM,6248.0,1,6248.0,65927705.5
2025-08-01 01:20:06 PM,6255.5,0,0.0,65927705.5
2025-08-01 01:20:06 PM,6251.0,0,0.0,65927705.5
2025-08-01 01:20:07 PM,6251.0,9,56259.0,65983964.5
2025-08-01 01:20:13 PM,6252.0,1,6252.0,65990216.5
2025-08-01 01:20:19 PM,6255.5,2,12511.0,66002727.5
2025-08-01 01:20:46 PM,6252.5,0,0.0,66002727.5
2025-08-01 01:20:46 PM,6251.0,0,0.0,66002727.5
2025-08-01 01:20:48 PM,6251.0,2,12502.0,66015229.5
2025-08-01 01:20:58 PM,6251.0,2,12502.0,66027731.5
2025-08-01 01:21:16 PM,6250.5,0,0.0,66027731.5
2025-08-01 01:21:18 PM,6250.5,1,6250.5,66033982.0
2025-08-01 01:21:46 PM,6248.5,0,0.0,66033982.0
2025-08-01 01:21:47 PM,6248.5,1,6248.5,66040230.5
2025-08-01 01:22:12 PM,6250.5,1,6250.5,66046481.0
2025-08-01 01:22:16 PM,6252.0,5,31260.0,66077741.0
2025-08-01 01:22:38 PM,6253.5,1,6253.5,66083994.5
2025-08-01 01:22:39 PM,6250.0,2,12500.0,66096494.5
2025-08-01 01:22:48 PM,6250.5,0,0.0,66096494.5
2025-08-01 01:22:52 PM,6250.5,1,6250.5,66102745.0
2025-08-01 01:23:10 PM,6252.0,0,0.0,66102745.0
2025-08-01 01:23:10 PM,6252.0,1,6252.0,66108997.0
2025-08-01 01:23:34 PM,6254.0,0,0.0,66108997.0
2025-08-01 01:23:35 PM,6254.0,1,6254.0,66115251.0
2025-08-01 01:23:46 PM,6248.5,0,0.0,66115251.0
2025-08-01 01:23:49 PM,6248.5,1,6248.5,66121499.5
2025-08-01 01:24:16 PM,6249.5,0,0.0,66121499.5
2025-08-01 01:24:18 PM,6249.5,1,6249.5,66127749.0
2025-08-01 01:24:27 PM,6255.5,0,0.0,66127749.0
2025-08-01 01:24:27 PM,6255.5,2,12511.0,66140260.0
2025-08-01 01:24:30 PM,6251.5,0,0.0,66140260.0
2025-08-01 01:24:32 PM,6255.0,3,18765.0,66159025.0
2025-08-01 01:25:17 PM,6255.0,1,6255.0,66165280.0
2025-08-01 01:25:45 PM,6255.0,1,6255.0,66171535.0
2025-08-01 01:26:15 PM,6255.0,1,6255.0,66177790.0
2025-08-01 01:26:16 PM,6261.5,10,62615.0,66240405.0
2025-08-01 01:26:17 PM,6256.0,0,0.0,66240405.0
2025-08-01 01:26:20 PM,6256.0,2,12512.0,66252917.0
2025-08-01 01:26:29 PM,6257.5,0,0.0,66252917.0
2025-08-01 01:26:30 PM,6257.0,2,12514.0,66265431.0
2025-08-01 01:26:33 PM,6256.0,0,0.0,66265431.0
2025-08-01 01:26:35 PM,6256.0,11,68816.0,66334247.0
2025-08-01 01:26:45 PM,6255.0,2,12510.0,66346757.0
2025-08-01 01:27:05 PM,6265.5,40,250620.0,66597377.0
2025-08-01 01:27:07 PM,6255.5,0,0.0,66597377.0
2025-08-01 01:27:07 PM,6255.0,0,0.0,66597377.0
2025-08-01 01:27:10 PM,6255.0,11,68805.0,66666182.0
2025-08-01 01:27:15 PM,6255.0,1,6255.0,66672437.0
2025-08-01 01:27:49 PM,6255.0,1,6255.0,66678692.0
2025-08-01 01:28:18 PM,6255.0,1,6255.0,66684947.0
2025-08-01 01:28:27 PM,6255.0,1,6255.0,66691202.0
2025-08-01 01:28:38 PM,6256.5,0,0.0,66691202.0
2025-08-01 01:28:40 PM,6255.0,0,0.0,66691202.0
2025-08-01 01:28:42 PM,6255.0,3,18765.0,66709967.0
2025-08-01 01:29:15 PM,6255.0,1,6255.0,66716222.0
2025-08-01 01:29:48 PM,6255.0,1,6255.0,66722477.0
2025-08-01 01:30:18 PM,6255.0,1,6255.0,66728732.0
2025-08-01 01:30:23 PM,6255.0,1,6255.0,66734987.0
2025-08-01 01:30:47 PM,6255.0,1,6255.0,66741242.0
2025-08-01 01:30:51 PM,6258.5,0,0.0,66741242.0
2025-08-01 01:30:51 PM,6258.5,1,6258.5,66747500.5
2025-08-01 01:30:52 PM,6255.0,1,6255.0,66753755.5
2025-08-01 01:31:16 PM,6255.5,0,0.0,66753755.5
2025-08-01 01:31:17 PM,6255.5,1,6255.5,66760011.0
2025-08-01 01:31:46 PM,6255.0,0,0.0,66760011.0
2025-08-01 01:31:47 PM,6255.0,1,6255.0,66766266.0
2025-08-01 01:31:52 PM,6255.0,1,6255.0,66772521.0
2025-08-01 01:32:17 PM,6255.0,1,6255.0,66778776.0
2025-08-01 01:32:22 PM,6255.0,3,18765.0,66797541.0
2025-08-01 01:32:46 PM,6255.5,1,6255.5,66803796.5
2025-08-01 01:32:48 PM,6255.0,0,0.0,66803796.5
2025-08-01 01:32:51 PM,6255.0,1,6255.0,66810051.5
2025-08-01 01:32:56 PM,6255.0,1,6255.0,66816306.5
2025-08-01 01:32:56 PM,6255.0,1,6255.0,66822561.5
2025-08-01 01:33:10 PM,6256.0,10,62560.0,66885121.5
2025-08-01 01:33:11 PM,6255.0,0,0.0,66885121.5
2025-08-01 01:33:15 PM,6255.0,4,25020.0,66910141.5
2025-08-01 01:33:44 PM,6255.0,25,156375.0,67066516.5
2025-08-01 01:33:49 PM,6255.0,7,43785.0,67110301.5
2025-08-01 01:33:54 PM,6255.0,2,12510.0,67122811.5
2025-08-01 01:33:59 PM,6255.0,1,6255.0,67129066.5
2025-08-01 01:34:08 PM,6255.0,13,81315.0,67210381.5
2025-08-01 01:34:16 PM,6256.0,0,0.0,67210381.5
2025-08-01 01:34:18 PM,6256.0,3,18768.0,67229149.5
2025-08-01 01:34:22 PM,6256.0,1,6256.0,67235405.5
2025-08-01 01:34:34 PM,6259.0,0,0.0,67235405.5
2025-08-01 01:34:36 PM,6256.0,0,0.0,67235405.5
2025-08-01 01:34:36 PM,6256.0,2,12512.0,67247917.5
2025-08-01 01:34:46 PM,6256.0,1,6256.0,67254173.5
2025-08-01 01:35:06 PM,6259.0,1,6259.0,67260432.5
2025-08-01 01:35:16 PM,6256.0,1,6256.0,67266688.5
2025-08-01 01:35:20 PM,6255.0,0,0.0,67266688.5
2025-08-01 01:35:21 PM,6255.0,1,6255.0,67272943.5
2025-08-01 01:35:38 PM,6258.5,0,0.0,67272943.5
2025-08-01 01:35:39 PM,6258.5,1,6258.5,67279202.0
2025-08-01 01:36:08 PM,6262.0,6,37572.0,67316774.0
2025-08-01 01:36:08 PM,6256.0,0,0.0,67316774.0
2025-08-01 01:36:09 PM,6256.0,2,12512.0,67329286.0
2025-08-01 01:36:10 PM,6255.0,0,0.0,67329286.0
2025-08-01 01:36:12 PM,6259.0,0,0.0,67329286.0
2025-08-01 01:36:13 PM,6259.0,5,31295.0,67360581.0
2025-08-01 01:36:16 PM,6255.0,0,0.0,67360581.0
2025-08-01 01:36:18 PM,6255.0,3,18765.0,67379346.0
2025-08-01 01:36:47 PM,6259.5,2,12519.0,67391865.0
2025-08-01 01:36:50 PM,6255.5,0,0.0,67391865.0
2025-08-01 01:36:51 PM,6255.5,1,6255.5,67398120.5
2025-08-01 01:37:16 PM,6255.0,1,6255.0,67404375.5
2025-08-01 01:37:19 PM,6260.0,0,0.0,67404375.5
2025-08-01 01:37:21 PM,6260.0,1,6260.0,67410635.5
2025-08-01 01:37:46 PM,6256.5,1,6256.5,67416892.0
2025-08-01 01:37:54 PM,6262.0,0,0.0,67416892.0
2025-08-01 01:37:55 PM,6262.0,1,6262.0,67423154.0
2025-08-01 01:38:17 PM,6256.0,0,0.0,67423154.0
2025-08-01 01:38:17 PM,6255.0,2,12510.0,67435664.0
2025-08-01 01:38:33 PM,6256.5,0,0.0,67435664.0
2025-08-01 01:38:33 PM,6256.5,2,12513.0,67448177.0
2025-08-01 01:38:45 PM,6255.0,0,0.0,67448177.0
2025-08-01 01:38:50 PM,6255.0,1,6255.0,67454432.0
2025-08-01 01:39:06 PM,6262.0,0,0.0,67454432.0
2025-08-01 01:39:06 PM,6262.0,1,6262.0,67460694.0
2025-08-01 01:39:16 PM,6256.5,0,0.0,67460694.0
2025-08-01 01:39:17 PM,6256.5,1,6256.5,67466950.5
2025-08-01 01:39:22 PM,6269.0,0,0.0,67466950.5
2025-08-01 01:39:22 PM,6269.0,18,112842.0,67579792.5
2025-08-01 01:39:22 PM,6271.0,0,0.0,67579792.5
2025-08-01 01:39:23 PM,6271.0,1,6271.0,67586063.5
2025-08-01 01:39:24 PM,6267.5,0,0.0,67586063.5
2025-08-01 01:39:26 PM,6280.5,0,0.0,67586063.5
2025-08-01 01:39:26 PM,6281.0,0,0.0,67586063.5
2025-08-01 01:39:27 PM,6282.0,57,358074.0,67944137.5
2025-08-01 01:39:28 PM,6283.5,0,0.0,67944137.5
2025-08-01 01:39:28 PM,6283.5,1,6283.5,67950421.0
2025-08-01 01:39:28 PM,6282.0,0,0.0,67950421.0
2025-08-01 01:39:30 PM,6284.5,0,0.0,67950421.0
2025-08-01 01:39:32 PM,6285.5,0,0.0,67950421.0
2025-08-01 01:39:32 PM,6285.5,11,69140.5,68019561.5
2025-08-01 01:39:38 PM,6286.0,0,0.0,68019561.5
2025-08-01 01:39:40 PM,6280.5,0,0.0,68019561.5
2025-08-01 01:39:42 PM,6280.0,0,0.0,68019561.5
2025-08-01 01:39:42 PM,6285.5,13,81711.5,68101273.0
2025-08-01 01:39:43 PM,6285.5,5,31427.5,68132700.5
2025-08-01 01:39:44 PM,6286.5,0,0.0,68132700.5
2025-08-01 01:39:47 PM,6286.5,2,12573.0,68145273.5
2025-08-01 01:39:50 PM,6281.5,0,0.0,68145273.5
2025-08-01 01:39:52 PM,6281.5,1,6281.5,68151555.0
2025-08-01 01:40:08 PM,6285.5,0,0.0,68151555.0
2025-08-01 01:40:09 PM,6285.5,3,18856.5,68170411.5
2025-08-01 01:40:10 PM,6284.5,0,0.0,68170411.5
2025-08-01 01:40:10 PM,6286.0,0,0.0,68170411.5
2025-08-01 01:40:13 PM,6286.0,2,12572.0,68182983.5
2025-08-01 01:40:16 PM,6282.0,0,0.0,68182983.5
2025-08-01 01:40:18 PM,6280.5,0,0.0,68182983.5
2025-08-01 01:40:18 PM,6280.5,57,357988.5,68540972.0
2025-08-01 01:40:20 PM,6281.0,0,0.0,68540972.0
2025-08-01 01:40:22 PM,6290.0,0,0.0,68540972.0
2025-08-01 01:40:22 PM,6289.0,0,0.0,68540972.0
2025-08-01 01:40:23 PM,6289.0,30,188670.0,68729642.0
2025-08-01 01:40:26 PM,6287.0,0,0.0,68729642.0
2025-08-01 01:40:28 PM,6284.5,0,0.0,68729642.0
2025-08-01 01:40:28 PM,6284.5,4,25138.0,68754780.0
2025-08-01 01:40:38 PM,6284.0,0,0.0,68754780.0
2025-08-01 01:40:39 PM,6284.0,1,6284.0,68761064.0
2025-08-01 01:41:16 PM,6281.5,0,0.0,68761064.0
2025-08-01 01:41:18 PM,6281.5,1,6281.5,68767345.5
2025-08-01 01:41:46 PM,6281.0,0,0.0,68767345.5
2025-08-01 01:41:47 PM,6281.0,1,6281.0,68773626.5
2025-08-01 01:41:51 PM,6281.0,1,6281.0,68779907.5
2025-08-01 01:41:52 PM,6285.5,0,0.0,68779907.5
2025-08-01 01:41:52 PM,6285.5,5,31427.5,68811335.0
2025-08-01 01:41:54 PM,6282.0,0,0.0,68811335.0
2025-08-01 01:41:56 PM,6282.0,1,6282.0,68817617.0
2025-08-01 01:42:02 PM,6283.0,0,0.0,68817617.0
2025-08-01 01:42:02 PM,6283.0,1,6283.0,68823900.0
2025-08-01 01:42:08 PM,6284.0,0,0.0,68823900.0
2025-08-01 01:42:12 PM,6284.0,1,6284.0,68830184.0
2025-08-01 01:42:21 PM,6289.0,2,12578.0,68842762.0
2025-08-01 01:42:46 PM,6282.5,1,6282.5,68849044.5
2025-08-01 01:42:51 PM,6282.5,1,6282.5,68855327.0
2025-08-01 01:43:00 PM,6282.0,0,0.0,68855327.0
2025-08-01 01:43:01 PM,6282.0,1,6282.0,68861609.0
2025-08-01 01:43:02 PM,6282.5,0,0.0,68861609.0
2025-08-01 01:43:04 PM,6284.0,0,0.0,68861609.0
2025-08-01 01:43:06 PM,6284.0,2,12568.0,68874177.0
2025-08-01 01:43:16 PM,6282.5,0,0.0,68874177.0
2025-08-01 01:43:16 PM,6282.5,1,6282.5,68880459.5
2025-08-01 01:43:46 PM,6282.0,0,0.0,68880459.5
2025-08-01 01:43:46 PM,6282.0,1,6282.0,68886741.5
2025-08-01 01:44:16 PM,6283.5,0,0.0,68886741.5
2025-08-01 01:44:16 PM,6283.5,1,6283.5,68893025.0
2025-08-01 01:44:31 PM,6288.0,26,163488.0,69056513.0
2025-08-01 01:44:32 PM,6289.0,0,0.0,69056513.0
2025-08-01 01:44:34 PM,6289.5,0,0.0,69056513.0
2025-08-01 01:44:36 PM,6289.5,7,44026.5,69100539.5
2025-08-01 01:44:41 PM,6288.0,4,25152.0,69125691.5
2025-08-01 01:44:42 PM,6285.0,0,0.0,69125691.5
2025-08-01 01:44:44 PM,6287.5,0,0.0,69125691.5
2025-08-01 01:44:45 PM,6287.5,13,81737.5,69207429.0
2025-08-01 01:44:54 PM,6287.0,0,0.0,69207429.0
2025-08-01 01:44:55 PM,6287.0,2,12574.0,69220003.0
2025-08-01 01:45:06 PM,6291.0,0,0.0,69220003.0
2025-08-01 01:45:08 PM,6289.0,0,0.0,69220003.0
2025-08-01 01:45:08 PM,6289.5,0,0.0,69220003.0
2025-08-01 01:45:10 PM,6289.5,13,81763.5,69301766.5
2025-08-01 01:45:45 PM,6287.0,1,6287.0,69308053.5
2025-08-01 01:46:08 PM,6289.5,0,0.0,69308053.5
2025-08-01 01:46:09 PM,6289.5,1,6289.5,69314343.0
2025-08-01 01:46:20 PM,6294.5,1,6294.5,69320637.5
2025-08-01 01:46:25 PM,6287.0,1,6287.0,69326924.5
2025-08-01 01:46:45 PM,6285.0,1,6285.0,69333209.5
2025-08-01 01:47:05 PM,6285.0,2,12570.0,69345779.5
2025-08-01 01:47:08 PM,6286.5,0,0.0,69345779.5
2025-08-01 01:47:10 PM,6286.5,1,6286.5,69352066.0
2025-08-01 01:47:11 PM,6285.5,1,6285.5,69358351.5
2025-08-01 01:47:45 PM,6285.0,1,6285.0,69364636.5
2025-08-01 01:47:50 PM,6285.0,1,6285.0,69370921.5
2025-08-01 01:47:55 PM,6284.0,8,50272.0,69421193.5
2025-08-01 01:48:04 PM,6284.0,21,131964.0,69553157.5
2025-08-01 01:48:08 PM,6286.0,0,0.0,69553157.5
2025-08-01 01:48:10 PM,6286.0,1,6286.0,69559443.5
2025-08-01 01:48:12 PM,6284.0,0,0.0,69559443.5
2025-08-01 01:48:14 PM,6284.0,24,150816.0,69710259.5
2025-08-01 01:48:15 PM,6284.0,20,125680.0,69835939.5
2025-08-01 01:48:20 PM,6284.0,8,50272.0,69886211.5
2025-08-01 01:48:23 PM,6282.5,0,0.0,69886211.5
2025-08-01 01:48:24 PM,6289.0,0,0.0,69886211.5
2025-08-01 01:48:25 PM,6289.0,244,1534516.0,71420727.5
2025-08-01 01:48:26 PM,6291.0,0,0.0,71420727.5
2025-08-01 01:48:29 PM,6285.0,0,0.0,71420727.5
2025-08-01 01:48:30 PM,6284.0,24,150816.0,71571543.5
2025-08-01 01:48:35 PM,6284.0,28,175952.0,71747495.5
2025-08-01 01:48:38 PM,6286.0,0,0.0,71747495.5
2025-08-01 01:48:40 PM,6286.0,12,75432.0,71822927.5
2025-08-01 01:48:46 PM,6285.5,0,0.0,71822927.5
2025-08-01 01:48:49 PM,6285.5,1,6285.5,71829213.0
2025-08-01 01:48:58 PM,6284.0,0,0.0,71829213.0
2025-08-01 01:48:59 PM,6284.0,50,314200.0,72143413.0
2025-08-01 01:49:04 PM,6284.0,25,157100.0,72300513.0
2025-08-01 01:49:08 PM,6286.5,72,452628.0,72753141.0
2025-08-01 01:49:09 PM,6284.5,7,43991.5,72797132.5
2025-08-01 01:49:11 PM,6284.0,0,0.0,72797132.5
2025-08-01 01:49:13 PM,6284.0,23,144532.0,72941664.5
2025-08-01 01:49:18 PM,6284.0,3,18852.0,72960516.5
2025-08-01 01:49:23 PM,6284.0,1,6284.0,72966800.5
2025-08-01 01:49:28 PM,6284.0,1,6284.0,72973084.5
2025-08-01 01:49:38 PM,6286.5,0,0.0,72973084.5
2025-08-01 01:49:42 PM,6286.5,1,6286.5,72979371.0
2025-08-01 01:49:46 PM,6284.0,0,0.0,72979371.0
2025-08-01 01:49:47 PM,6284.0,3,18852.0,72998223.0
2025-08-01 01:50:08 PM,6287.0,0,0.0,72998223.0
2025-08-01 01:50:11 PM,6287.0,1,6287.0,73004510.0
2025-08-01 01:50:38 PM,6286.0,0,0.0,73004510.0
2025-08-01 01:50:40 PM,6286.0,1,6286.0,73010796.0
2025-08-01 01:50:44 PM,6284.0,0,0.0,73010796.0
2025-08-01 01:50:45 PM,6284.0,1,6284.0,73017080.0
2025-08-01 01:50:50 PM,6284.0,251,1577284.0,74594364.0
2025-08-01 01:50:55 PM,6288.0,551,3464688.0,78059052.0
2025-08-01 01:50:58 PM,6284.0,0,0.0,78059052.0
2025-08-01 01:51:00 PM,6284.0,257,1614988.0,79674040.0
2025-08-01 01:51:05 PM,6284.0,9,56556.0,79730596.0
2025-08-01 01:51:08 PM,6270.5,0,0.0,79730596.0
2025-08-01 01:51:08 PM,6284.0,0,0.0,79730596.0
2025-08-01 01:51:11 PM,6284.0,794,4989496.0,84720092.0
2025-08-01 01:51:16 PM,6284.0,166,1043144.0,85763236.0
2025-08-01 01:51:17 PM,6284.0,11,69124.0,85832360.0
2025-08-01 01:51:20 PM,6285.0,0,0.0,85832360.0
2025-08-01 01:51:21 PM,6285.0,269,1690665.0,87523025.0
2025-08-01 01:51:28 PM,6288.5,0,0.0,87523025.0
2025-08-01 01:51:30 PM,6288.5,11,69173.5,87592198.5
2025-08-01 01:51:30 PM,6284.0,0,0.0,87592198.5
2025-08-01 01:51:31 PM,6284.0,30,188520.0,87780718.5
2025-08-01 01:51:34 PM,6284.0,12,75408.0,87856126.5
2025-08-01 01:51:39 PM,6284.0,17,106828.0,87962954.5
2025-08-01 01:51:44 PM,6284.0,20,125680.0,88088634.5
2025-08-01 01:51:46 PM,6284.5,0,0.0,88088634.5
2025-08-01 01:51:48 PM,6284.0,0,0.0,88088634.5
2025-08-01 01:51:49 PM,6284.0,24,150816.0,88239450.5
2025-08-01 01:51:54 PM,6284.0,40,251360.0,88490810.5
2025-08-01 01:51:59 PM,6284.0,24,150816.0,88641626.5
2025-08-01 01:52:03 PM,6284.0,3,18852.0,88660478.5
2025-08-01 01:52:05 PM,6284.0,18,113112.0,88773590.5
2025-08-01 01:52:07 PM,6284.0,20,125680.0,88899270.5
2025-08-01 01:52:09 PM,6284.0,7,43988.0,88943258.5
2025-08-01 01:52:10 PM,6284.0,16,100544.0,89043802.5
2025-08-01 01:52:13 PM,6284.0,16,100544.0,89144346.5
2025-08-01 01:52:15 PM,6284.0,1,6284.0,89150630.5
2025-08-01 01:52:17 PM,6284.0,8,50272.0,89200902.5
2025-08-01 01:52:19 PM,6284.0,2,12568.0,89213470.5
2025-08-01 01:52:29 PM,6284.0,5,31420.0,89244890.5
2025-08-01 01:52:32 PM,6284.0,1,6284.0,89251174.5
2025-08-01 01:52:34 PM,6284.0,1,6284.0,89257458.5
2025-08-01 01:52:45 PM,6284.0,1,6284.0,89263742.5
2025-08-01 01:52:49 PM,6284.0,1,6284.0,89270026.5
2025-08-01 01:53:08 PM,6286.5,1,6286.5,89276313.0
2025-08-01 01:53:21 PM,6286.5,14,88011.0,89364324.0
2025-08-01 01:53:26 PM,6286.0,2,12572.0,89376896.0
2025-08-01 01:53:38 PM,6287.0,0,0.0,89376896.0
2025-08-01 01:53:40 PM,6287.0,1,6287.0,89383183.0
2025-08-01 01:54:08 PM,6287.0,1,6287.0,89389470.0
2025-08-01 01:54:14 PM,6285.0,0,0.0,89389470.0
2025-08-01 01:54:15 PM,6285.0,1,6285.0,89395755.0
2025-08-01 01:54:20 PM,6284.0,0,0.0,89395755.0
2025-08-01 01:54:23 PM,6284.0,3,18852.0,89414607.0
2025-08-01 01:54:38 PM,6286.0,1,6286.0,89420893.0
2025-08-01 01:55:16 PM,6284.0,1,6284.0,89427177.0
2025-08-01 01:55:38 PM,6286.0,0,0.0,89427177.0
2025-08-01 01:55:41 PM,6286.0,1,6286.0,89433463.0
2025-08-01 01:55:46 PM,6284.0,1,6284.0,89439747.0
2025-08-01 01:56:08 PM,6286.0,0,0.0,89439747.0
2025-08-01 01:56:11 PM,6286.0,1,6286.0,89446033.0
2025-08-01 01:56:16 PM,6284.0,0,0.0,89446033.0
2025-08-01 01:56:16 PM,6284.0,1,6284.0,89452317.0
2025-08-01 01:56:46 PM,6284.0,1,6284.0,89458601.0
2025-08-01 01:57:16 PM,6284.0,1,6284.0,89464885.0
2025-08-01 01:57:45 PM,6284.0,1,6284.0,89471169.0
2025-08-01 01:58:19 PM,6284.0,1,6284.0,89477453.0
2025-08-01 01:58:24 PM,6284.0,1,6284.0,89483737.0
2025-08-01 01:58:34 PM,6287.0,0,0.0,89483737.0
2025-08-01 01:58:35 PM,6287.0,1,6287.0,89490024.0
2025-08-01 01:58:46 PM,6284.0,0,0.0,89490024.0
2025-08-01 01:58:49 PM,6284.0,1,6284.0,89496308.0
2025-08-01 01:59:15 PM,6284.0,1,6284.0,89502592.0
2025-08-01 01:59:20 PM,6284.0,1,6284.0,89508876.0
2025-08-01 01:59:45 PM,6284.0,1,6284.0,89515160.0
2025-08-01 01:59:50 PM,6284.0,1,6284.0,89521444.0
2025-08-01 02:00:16 PM,6284.0,1,6284.0,89527728.0
2025-08-01 02:00:23 PM,6287.5,0,0.0,89527728.0
2025-08-01 02:00:26 PM,6287.5,1,6287.5,89534015.5
2025-08-01 02:00:33 PM,6284.0,0,0.0,89534015.5
2025-08-01 02:00:35 PM,6284.0,12,75408.0,89609423.5
2025-08-01 02:00:39 PM,6284.0,10,62840.0,89672263.5
2025-08-01 02:00:44 PM,6284.0,1,6284.0,89678547.5
2025-08-01 02:00:49 PM,6284.0,1,6284.0,89684831.5
2025-08-01 02:00:59 PM,6284.0,1,6284.0,89691115.5
2025-08-01 02:01:19 PM,6284.0,1,6284.0,89697399.5
2025-08-01 02:01:47 PM,6284.0,1,6284.0,89703683.5
2025-08-01 02:01:48 PM,6288.0,0,0.0,89703683.5
2025-08-01 02:01:52 PM,6288.0,10,62880.0,89766563.5
2025-08-01 02:01:56 PM,6284.0,0,0.0,89766563.5
2025-08-01 02:01:57 PM,6284.0,2,12568.0,89779131.5
2025-08-01 02:02:02 PM,6284.0,2,12568.0,89791699.5
2025-08-01 02:02:17 PM,6284.0,1,6284.0,89797983.5
2025-08-01 02:02:46 PM,6284.0,1,6284.0,89804267.5
2025-08-01 02:03:17 PM,6284.0,1,6284.0,89810551.5
2025-08-01 02:03:22 PM,6284.0,1,6284.0,89816835.5
2025-08-01 02:03:47 PM,6284.0,1,6284.0,89823119.5
2025-08-01 02:04:17 PM,6284.0,1,6284.0,89829403.5
2025-08-01 02:04:48 PM,6284.0,1,6284.0,89835687.5
2025-08-01 02:04:53 PM,6284.0,1,6284.0,89841971.5
2025-08-01 02:05:13 PM,6284.0,2,12568.0,89854539.5
2025-08-01 02:05:18 PM,6284.0,1,6284.0,89860823.5
2025-08-01 02:05:23 PM,6284.0,1,6284.0,89867107.5
2025-08-01 02:05:48 PM,6284.0,1,6284.0,89873391.5
2025-08-01 02:06:17 PM,6284.0,1,6284.0,89879675.5
2025-08-01 02:06:49 PM,6284.0,1,6284.0,89885959.5
2025-08-01 02:07:11 PM,6285.0,0,0.0,89885959.5
2025-08-01 02:07:15 PM,6285.0,1,6285.0,89892244.5
2025-08-01 02:07:19 PM,6284.0,0,0.0,89892244.5
2025-08-01 02:07:20 PM,6284.0,1,6284.0,89898528.5
2025-08-01 02:07:24 PM,6284.0,1,6284.0,89904812.5
2025-08-01 02:07:51 PM,6284.0,3,18852.0,89923664.5
2025-08-01 02:07:56 PM,6284.0,1,6284.0,89929948.5
2025-08-01 02:08:16 PM,6284.0,11,69124.0,89999072.5
2025-08-01 02:08:26 PM,6284.0,2,12568.0,90011640.5
2025-08-01 02:08:31 PM,6284.0,1,6284.0,90017924.5
2025-08-01 02:08:36 PM,6284.0,1,6284.0,90024208.5
2025-08-01 02:08:47 PM,6284.0,51,320484.0,90344692.5
2025-08-01 02:08:52 PM,6284.0,16,100544.0,90445236.5
2025-08-01 02:08:57 PM,6284.0,1,6284.0,90451520.5
2025-08-01 02:09:03 PM,6284.0,2,12568.0,90464088.5
2025-08-01 02:09:17 PM,6284.0,1,6284.0,90470372.5
2025-08-01 02:09:23 PM,6284.0,20,125680.0,90596052.5
2025-08-01 02:09:28 PM,6284.0,7,43988.0,90640040.5
2025-08-01 02:09:47 PM,6284.0,1,6284.0,90646324.5
2025-08-01 02:09:52 PM,6284.0,2,12568.0,90658892.5
2025-08-01 02:10:17 PM,6284.0,1,6284.0,90665176.5
2025-08-01 02:10:45 PM,6285.0,0,0.0,90665176.5
2025-08-01 02:10:47 PM,6285.0,1,6285.0,90671461.5
2025-08-01 02:11:09 PM,6286.0,1,6286.0,90677747.5
2025-08-01 02:11:19 PM,6288.0,1,6288.0,90684035.5
2025-08-01 02:11:39 PM,6286.5,0,0.0,90684035.5
2025-08-01 02:11:40 PM,6286.5,1,6286.5,90690322.0
2025-08-01 02:11:45 PM,6285.0,0,0.0,90690322.0
2025-08-01 02:11:45 PM,6285.0,1,6285.0,90696607.0
2025-08-01 02:12:11 PM,6285.0,19,119415.0,90816022.0
2025-08-01 02:12:16 PM,6285.0,7,43995.0,90860017.0
2025-08-01 02:12:26 PM,6285.0,11,69135.0,90929152.0
2025-08-01 02:12:31 PM,6285.0,11,69135.0,90998287.0
2025-08-01 02:12:36 PM,6285.0,5,31425.0,91029712.0
2025-08-01 02:12:41 PM,6285.0,2,12570.0,91042282.0
2025-08-01 02:12:46 PM,6285.0,1,6285.0,91048567.0
2025-08-01 02:13:17 PM,6285.0,1,6285.0,91054852.0
2025-08-01 02:13:35 PM,6285.0,10,62850.0,91117702.0
2025-08-01 02:13:38 PM,6285.0,2,12570.0,91130272.0
2025-08-01 02:13:40 PM,6284.0,0,0.0,91130272.0
2025-08-01 02:13:40 PM,6284.0,2,12568.0,91142840.0
2025-08-01 02:13:43 PM,6284.0,1,6284.0,91149124.0
2025-08-01 02:13:56 PM,6284.0,1,6284.0,91155408.0
2025-08-01 02:14:06 PM,6284.0,5,31420.0,91186828.0
2025-08-01 02:14:08 PM,6285.5,0,0.0,91186828.0
2025-08-01 02:14:10 PM,6285.5,1,6285.5,91193113.5
2025-08-01 02:14:15 PM,6284.0,1,6284.0,91199397.5
2025-08-01 02:14:20 PM,6284.0,5,31420.0,91230817.5
2025-08-01 02:14:26 PM,6284.0,2,12568.0,91243385.5
2025-08-01 02:14:33 PM,6284.0,1,6284.0,91249669.5
2025-08-01 02:14:36 PM,6284.0,1,6284.0,91255953.5
2025-08-01 02:14:46 PM,6284.0,1,6284.0,91262237.5
2025-08-01 02:15:15 PM,6284.0,1,6284.0,91268521.5
2025-08-01 02:15:45 PM,6284.0,1,6284.0,91274805.5
2025-08-01 02:15:51 PM,6284.0,1,6284.0,91281089.5
2025-08-01 02:16:17 PM,6284.0,1,6284.0,91287373.5
2025-08-01 02:16:36 PM,6280.0,0,0.0,91287373.5
2025-08-01 02:16:36 PM,6280.0,201,1262280.0,92549653.5
2025-08-01 02:16:40 PM,6288.0,0,0.0,92549653.5
2025-08-01 02:16:41 PM,6287.0,94,590978.0,93140631.5
2025-08-01 02:16:46 PM,6284.5,0,0.0,93140631.5
2025-08-01 02:16:46 PM,6284.5,6,37707.0,93178338.5
2025-08-01 02:16:50 PM,6284.0,0,0.0,93178338.5
2025-08-01 02:16:51 PM,6284.0,10,62840.0,93241178.5
2025-08-01 02:16:56 PM,6284.0,2,12568.0,93253746.5
2025-08-01 02:17:17 PM,6284.0,1,6284.0,93260030.5
2025-08-01 02:17:42 PM,6284.0,40,251360.0,93511390.5
2025-08-01 02:17:47 PM,6284.0,14,87976.0,93599366.5
2025-08-01 02:17:52 PM,6284.0,1,6284.0,93605650.5
2025-08-01 02:17:57 PM,6284.0,1,6284.0,93611934.5
2025-08-01 02:18:18 PM,6284.0,11,69124.0,93681058.5
2025-08-01 02:18:23 PM,6284.0,3,18852.0,93699910.5
2025-08-01 02:18:28 PM,6284.0,1,6284.0,93706194.5
2025-08-01 02:18:34 PM,6284.0,1,6284.0,93712478.5
2025-08-01 02:18:49 PM,6284.0,1,6284.0,93718762.5
2025-08-01 02:19:19 PM,6284.0,1,6284.0,93725046.5
2025-08-01 02:19:46 PM,6284.0,1,6284.0,93731330.5
2025-08-01 02:20:17 PM,6284.0,1,6284.0,93737614.5
2025-08-01 02:20:47 PM,6284.0,2,12568.0,93750182.5
2025-08-01 02:20:52 PM,6284.0,2,12568.0,93762750.5
2025-08-01 02:21:18 PM,6284.0,2,12568.0,93775318.5
2025-08-01 02:21:23 PM,6284.0,3,18852.0,93794170.5
2025-08-01 02:21:34 PM,6284.0,1,6284.0,93800454.5
2025-08-01 02:21:41 PM,6289.0,0,0.0,93800454.5
2025-08-01 02:21:44 PM,6289.0,16,100624.0,93901078.5
2025-08-01 02:21:50 PM,6284.5,0,0.0,93901078.5
2025-08-01 02:21:50 PM,6284.5,1,6284.5,93907363.0
2025-08-01 02:22:06 PM,6275.5,451,2830250.5,96737613.5
2025-08-01 02:22:06 PM,6278.5,16,100456.0,96838069.5
2025-08-01 02:22:07 PM,6269.5,0,0.0,96838069.5
2025-08-01 02:22:08 PM,6255.5,0,0.0,96838069.5
2025-08-01 02:22:10 PM,6233.5,0,0.0,96838069.5
2025-08-01 02:22:11 PM,6230.0,0,0.0,96838069.5
2025-08-01 02:22:11 PM,6230.0,589,3669470.0,100507539.5
2025-08-01 02:22:16 PM,6228.0,0,0.0,100507539.5
2025-08-01 02:22:16 PM,6228.0,10,62280.0,100569819.5
2025-08-01 02:22:22 PM,6228.5,15,93427.5,100663247.0
2025-08-01 02:22:38 PM,6232.0,1,6232.0,100669479.0
2025-08-01 02:22:46 PM,6217.0,0,0.0,100669479.0
2025-08-01 02:22:49 PM,6217.0,113,702521.0,101372000.0
2025-08-01 02:22:54 PM,6217.0,2,12434.0,101384434.0
2025-08-01 02:23:09 PM,6207.0,0,0.0,101384434.0
2025-08-01 02:23:10 PM,6203.0,87,539661.0,101924095.0
2025-08-01 02:23:14 PM,6202.0,0,0.0,101924095.0
2025-08-01 02:23:16 PM,6202.0,16,99232.0,102023327.0
2025-08-01 02:23:20 PM,6203.0,0,0.0,102023327.0
2025-08-01 02:23:21 PM,6203.0,5,31015.0,102054342.0
2025-08-01 02:23:24 PM,6208.0,0,0.0,102054342.0
2025-08-01 02:23:26 PM,6203.0,0,0.0,102054342.0
2025-08-01 02:23:26 PM,6203.0,17,105451.0,102159793.0
2025-08-01 02:23:32 PM,6200.0,91,564200.0,102723993.0
2025-08-01 02:23:33 PM,6201.5,0,0.0,102723993.0
2025-08-01 02:23:37 PM,6201.5,1,6201.5,102730194.5
2025-08-01 02:23:47 PM,6201.0,0,0.0,102730194.5
2025-08-01 02:23:47 PM,6201.0,2,12402.0,102742596.5
2025-08-01 02:24:09 PM,6202.0,0,0.0,102742596.5
2025-08-01 02:24:09 PM,6202.0,1,6202.0,102748798.5
2025-08-01 02:24:14 PM,6207.0,0,0.0,102748798.5
2025-08-01 02:24:14 PM,6207.0,10,62070.0,102810868.5
2025-08-01 02:24:15 PM,6205.0,1,6205.0,102817073.5
2025-08-01 02:24:29 PM,6201.0,0,0.0,102817073.5
2025-08-01 02:24:29 PM,6201.0,10,62010.0,102879083.5
2025-08-01 02:24:38 PM,6204.0,0,0.0,102879083.5
2025-08-01 02:24:40 PM,6204.0,1,6204.0,102885287.5
2025-08-01 02:24:46 PM,6201.0,1,6201.0,102891488.5
2025-08-01 02:24:57 PM,6201.0,13,80613.0,102972101.5
2025-08-01 02:25:17 PM,6200.0,0,0.0,102972101.5
2025-08-01 02:25:18 PM,6200.0,2,12400.0,102984501.5
2025-08-01 02:25:21 PM,6206.5,0,0.0,102984501.5
2025-08-01 02:25:23 PM,6206.5,85,527552.5,103512054.0
2025-08-01 02:25:26 PM,6203.5,0,0.0,103512054.0
2025-08-01 02:25:28 PM,6203.5,5,31017.5,103543071.5
2025-08-01 02:25:47 PM,6205.0,0,0.0,103543071.5
2025-08-01 02:25:50 PM,6205.0,2,12410.0,103555481.5
2025-08-01 02:26:09 PM,6200.0,0,0.0,103555481.5
2025-08-01 02:26:11 PM,6200.0,35,217000.0,103772481.5
2025-08-01 02:26:16 PM,6198.0,2,12396.0,103784877.5
2025-08-01 02:26:31 PM,6189.0,159,984051.0,104768928.5
2025-08-01 02:26:35 PM,6194.5,0,0.0,104768928.5
2025-08-01 02:26:37 PM,6194.5,15,92917.5,104861846.0
2025-08-01 02:26:39 PM,6196.0,0,0.0,104861846.0
2025-08-01 02:26:42 PM,6196.0,2,12392.0,104874238.0
2025-08-01 02:26:58 PM,6195.0,1,6195.0,104880433.0
2025-08-01 02:27:02 PM,6199.5,0,0.0,104880433.0
2025-08-01 02:27:04 PM,6199.5,4,24798.0,104905231.0
2025-08-01 02:27:14 PM,6206.0,0,0.0,104905231.0
2025-08-01 02:27:15 PM,6201.5,0,0.0,104905231.0
2025-08-01 02:27:15 PM,6201.5,54,334881.0,105240112.0
2025-08-01 02:27:35 PM,6202.0,0,0.0,105240112.0
2025-08-01 02:27:36 PM,6202.0,11,68222.0,105308334.0
2025-08-01 02:28:16 PM,6202.5,0,0.0,105308334.0
2025-08-01 02:28:20 PM,6202.5,2,12405.0,105320739.0
2025-08-01 02:28:41 PM,6195.5,50,309775.0,105630514.0
2025-08-01 02:28:45 PM,6200.5,0,0.0,105630514.0
2025-08-01 02:28:46 PM,6198.5,0,0.0,105630514.0
2025-08-01 02:28:47 PM,6198.5,6,37191.0,105667705.0
2025-08-01 02:28:48 PM,6198.0,0,0.0,105667705.0
2025-08-01 02:28:48 PM,6198.0,1,6198.0,105673903.0
2025-08-01 02:28:51 PM,6195.0,0,0.0,105673903.0
2025-08-01 02:28:52 PM,6200.5,0,0.0,105673903.0
2025-08-01 02:28:52 PM,6200.5,9,55804.5,105729707.5
2025-08-01 02:29:09 PM,6199.0,0,0.0,105729707.5
2025-08-01 02:29:10 PM,6199.0,1,6199.0,105735906.5
2025-08-01 02:29:16 PM,6196.5,1,6196.5,105742103.0
2025-08-01 02:29:31 PM,6197.0,0,0.0,105742103.0
2025-08-01 02:29:32 PM,6197.0,2,12394.0,105754497.0
2025-08-01 02:29:39 PM,6199.0,0,0.0,105754497.0
2025-08-01 02:29:39 PM,6199.0,1,6199.0,105760696.0
2025-08-01 02:29:46 PM,6195.5,0,0.0,105760696.0
2025-08-01 02:29:48 PM,6195.5,2,12391.0,105773087.0
2025-08-01 02:30:31 PM,6200.5,0,0.0,105773087.0
2025-08-01 02:30:32 PM,6200.5,5,31002.5,105804089.5
2025-08-01 02:30:34 PM,6193.0,0,0.0,105804089.5
2025-08-01 02:30:38 PM,6193.0,25,154825.0,105958914.5
2025-08-01 02:30:47 PM,6199.5,0,0.0,105958914.5
2025-08-01 02:30:48 PM,6199.5,18,111591.0,106070505.5
2025-08-01 02:30:49 PM,6200.5,0,0.0,106070505.5
2025-08-01 02:30:49 PM,6200.5,1,6200.5,106076706.0
2025-08-01 02:31:26 PM,6195.5,0,0.0,106076706.0
2025-08-01 02:31:27 PM,6195.5,8,49564.0,106126270.0
2025-08-01 02:31:33 PM,6197.5,2,12395.0,106138665.0
2025-08-01 02:31:38 PM,6202.0,6,37212.0,106175877.0
2025-08-01 02:33:07 PM,6205.5,0,0.0,106175877.0
2025-08-01 02:33:10 PM,6212.5,0,0.0,106175877.0
2025-08-01 02:33:10 PM,6210.0,23,142830.0,106318707.0
2025-08-01 02:33:18 PM,6209.0,2,12418.0,106331125.0
2025-08-01 02:33:34 PM,6209.0,2,12418.0,106343543.0
2025-08-01 02:34:01 PM,6207.0,0,0.0,106343543.0
2025-08-01 02:34:01 PM,6207.0,20,124140.0,106467683.0
2025-08-01 02:34:10 PM,6201.0,0,0.0,106467683.0
2025-08-01 02:34:10 PM,6201.0,4,24804.0,106492487.0
2025-08-01 02:34:27 PM,6206.0,10,62060.0,106554547.0
2025-08-01 02:34:30 PM,6195.0,30,185850.0,106740397.0
2025-08-01 02:34:40 PM,6192.5,0,0.0,106740397.0
2025-08-01 02:34:41 PM,6192.5,5,30962.5,106771359.5
2025-08-01 02:35:21 PM,6196.0,0,0.0,106771359.5
2025-08-01 02:35:21 PM,6196.0,2,12392.0,106783751.5
2025-08-01 02:35:38 PM,6192.0,1,6192.0,106789943.5
2025-08-01 02:35:53 PM,6194.5,0,0.0,106789943.5
2025-08-01 02:35:53 PM,6194.5,2,12389.0,106802332.5
2025-08-01 02:36:23 PM,6200.0,20,124000.0,106926332.5
2025-08-01 02:36:30 PM,6191.0,0,0.0,106926332.5
2025-08-01 02:36:32 PM,6191.0,2,12382.0,106938714.5
2025-08-01 02:37:12 PM,6195.5,0,0.0,106938714.5
2025-08-01 02:37:12 PM,6195.5,5,30977.5,106969692.0
2025-08-01 02:37:45 PM,6196.5,0,0.0,106969692.0
2025-08-01 02:37:47 PM,6196.5,9,55768.5,107025460.5
2025-08-01 02:39:46 PM,6196.5,1,6196.5,107031657.0
2025-08-01 02:39:54 PM,6203.5,0,0.0,107031657.0
2025-08-01 02:39:55 PM,6206.5,0,0.0,107031657.0
2025-08-01 02:39:57 PM,6206.5,86,533759.0,107565416.0
2025-08-01 02:40:00 PM,6179.5,0,0.0,107565416.0
2025-08-01 02:40:03 PM,6179.5,832,5141344.0,112706760.0
2025-08-01 02:40:16 PM,6186.5,0,0.0,112706760.0
2025-08-01 02:40:19 PM,6186.0,0,0.0,112706760.0
2025-08-01 02:40:19 PM,6186.0,597,3693042.0,116399802.0
2025-08-01 02:40:22 PM,6179.0,0,0.0,116399802.0
2025-08-01 02:40:24 PM,6178.5,0,0.0,116399802.0
2025-08-01 02:40:25 PM,6178.5,130,803205.0,117203007.0
2025-08-01 02:40:27 PM,6185.5,0,0.0,117203007.0
2025-08-01 02:40:30 PM,6185.5,151,934010.5,118137017.5
2025-08-01 02:40:36 PM,6187.0,0,0.0,118137017.5
2025-08-01 02:40:36 PM,6187.0,1,6187.0,118143204.5
2025-08-01 02:40:43 PM,6175.0,0,0.0,118143204.5
2025-08-01 02:40:47 PM,6175.0,95,586625.0,118729829.5
2025-08-01 02:40:51 PM,6178.5,0,0.0,118729829.5
2025-08-01 02:40:52 PM,6178.5,3,18535.5,118748365.0
2025-08-01 02:40:57 PM,6170.0,0,0.0,118748365.0
2025-08-01 02:40:58 PM,6170.0,604,3726680.0,122475045.0
2025-08-01 02:40:58 PM,6165.0,0,0.0,122475045.0
2025-08-01 02:40:59 PM,6165.0,10,61650.0,122536695.0
2025-08-01 02:41:24 PM,6169.0,2,12338.0,122549033.0
2025-08-01 02:41:28 PM,6166.0,0,0.0,122549033.0
2025-08-01 02:41:28 PM,6166.0,20,123320.0,122672353.0
2025-08-01 02:41:52 PM,6173.0,30,185190.0,122857543.0
2025-08-01 02:41:56 PM,6150.0,546,3357900.0,126215443.0
2025-08-01 02:41:57 PM,6146.0,0,0.0,126215443.0
2025-08-01 02:41:57 PM,6146.0,2,12292.0,126227735.0
2025-08-01 02:41:58 PM,6146.0,2,12292.0,126240027.0
2025-08-01 02:41:59 PM,6146.0,11,67606.0,126307633.0
2025-08-01 02:42:00 PM,6153.0,0,0.0,126307633.0
2025-08-01 02:42:00 PM,6153.0,50,307650.0,126615283.0
2025-08-01 02:42:02 PM,6150.0,0,0.0,126615283.0
2025-08-01 02:42:02 PM,6150.0,20,123000.0,126738283.0
2025-08-01 02:42:06 PM,6156.5,0,0.0,126738283.0
2025-08-01 02:42:08 PM,6129.0,0,0.0,126738283.0
2025-08-01 02:42:08 PM,6129.0,298,1826442.0,128564725.0
2025-08-01 02:42:11 PM,6126.5,0,0.0,128564725.0
2025-08-01 02:42:14 PM,6126.5,100,612650.0,129177375.0
2025-08-01 02:42:23 PM,6120.0,0,0.0,129177375.0
2025-08-01 02:42:24 PM,6120.0,17,104040.0,129281415.0
2025-08-01 02:42:24 PM,6116.5,2,12233.0,129293648.0
2025-08-01 02:42:32 PM,6116.0,0,0.0,129293648.0
2025-08-01 02:42:34 PM,6116.0,35,214060.0,129507708.0
2025-08-01 02:42:35 PM,6116.0,15,91740.0,129599448.0
2025-08-01 02:42:50 PM,6119.5,85,520157.5,130119605.5
2025-08-01 02:42:51 PM,6119.5,1,6119.5,130125725.0
2025-08-01 02:42:54 PM,6121.0,0,0.0,130125725.0
2025-08-01 02:42:55 PM,6121.0,1,6121.0,130131846.0
2025-08-01 02:43:00 PM,6121.5,0,0.0,130131846.0
2025-08-01 02:43:00 PM,6121.5,32,195888.0,130327734.0
2025-08-01 02:43:09 PM,6121.0,0,0.0,130327734.0
2025-08-01 02:43:11 PM,6118.5,0,0.0,130327734.0
2025-08-01 02:43:12 PM,6118.5,8,48948.0,130376682.0
2025-08-01 02:43:13 PM,6126.0,1,6126.0,130382808.0
2025-08-01 02:43:26 PM,6114.5,0,0.0,130382808.0
2025-08-01 02:43:28 PM,6114.5,40,244580.0,130627388.0
2025-08-01 02:43:35 PM,6115.5,0,0.0,130627388.0
2025-08-01 02:43:38 PM,6120.5,0,0.0,130627388.0
2025-08-01 02:43:39 PM,6120.0,141,862920.0,131490308.0
2025-08-01 02:43:45 PM,6120.0,10,61200.0,131551508.0
2025-08-01 02:44:23 PM,6121.0,6,36726.0,131588234.0
2025-08-01 02:44:40 PM,6125.0,0,0.0,131588234.0
2025-08-01 02:44:40 PM,6125.0,3,18375.0,131606609.0
2025-08-01 02:44:51 PM,6115.0,50,305750.0,131912359.0
2025-08-01 02:44:55 PM,6134.5,0,0.0,131912359.0
2025-08-01 02:44:57 PM,6134.5,81,496894.5,132409253.5
2025-08-01 02:45:31 PM,6141.5,0,0.0,132409253.5
2025-08-01 02:45:31 PM,6141.5,1,6141.5,132415395.0
2025-08-01 02:45:55 PM,6145.5,0,0.0,132415395.0
2025-08-01 02:45:58 PM,6145.5,176,1081608.0,133497003.0
2025-08-01 02:46:07 PM,6126.0,0,0.0,133497003.0
2025-08-01 02:46:10 PM,6138.0,46,282348.0,133779351.0
2025-08-01 02:46:48 PM,6134.5,0,0.0,133779351.0
2025-08-01 02:46:48 PM,6134.5,5,30672.5,133810023.5
2025-08-01 02:47:05 PM,6142.0,6,36852.0,133846875.5
2025-08-01 02:47:17 PM,6136.5,5,30682.5,133877558.0
2025-08-01 02:47:18 PM,6142.0,58,356236.0,134233794.0
2025-08-01 02:47:28 PM,6142.0,6,36852.0,134270646.0
2025-08-01 02:47:43 PM,6131.5,0,0.0,134270646.0
2025-08-01 02:47:44 PM,6140.0,0,0.0,134270646.0
2025-08-01 02:47:45 PM,6140.0,17,104380.0,134375026.0
2025-08-01 02:47:50 PM,6135.0,0,0.0,134375026.0
2025-08-01 02:47:51 PM,6135.0,40,245400.0,134620426.0
2025-08-01 02:48:14 PM,6125.0,0,0.0,134620426.0
2025-08-01 02:48:14 PM,6125.0,111,679875.0,135300301.0
2025-08-01 02:48:20 PM,6125.0,27,165375.0,135465676.0
2025-08-01 02:48:23 PM,6124.5,0,0.0,135465676.0
2025-08-01 02:48:25 PM,6128.5,31,189983.5,135655659.5
2025-08-01 02:48:29 PM,6135.0,0,0.0,135655659.5
2025-08-01 02:48:31 PM,6130.0,162,993060.0,136648719.5
2025-08-01 02:48:41 PM,6130.5,0,0.0,136648719.5
2025-08-01 02:48:42 PM,6130.5,10,61305.0,136710024.5
2025-08-01 02:48:44 PM,6135.0,0,0.0,136710024.5
2025-08-01 02:48:47 PM,6135.0,121,742335.0,137452359.5
2025-08-01 02:48:54 PM,6135.0,320,1963200.0,139415559.5
2025-08-01 02:48:59 PM,6135.0,2,12270.0,139427829.5
2025-08-01 02:48:59 PM,6140.0,32,196480.0,139624309.5
2025-08-01 02:49:03 PM,6135.0,0,0.0,139624309.5
2025-08-01 02:49:04 PM,6135.0,15,92025.0,139716334.5
2025-08-01 02:49:07 PM,6140.0,0,0.0,139716334.5
2025-08-01 02:49:09 PM,6141.0,0,0.0,139716334.5
2025-08-01 02:49:10 PM,6141.0,21,128961.0,139845295.5
2025-08-01 02:49:32 PM,6146.5,1,6146.5,139851442.0
2025-08-01 02:50:02 PM,6150.0,0,0.0,139851442.0
2025-08-01 02:50:05 PM,6150.0,1,6150.0,139857592.0
2025-08-01 02:50:07 PM,6158.0,0,0.0,139857592.0
2025-08-01 02:50:11 PM,6158.0,11,67738.0,139925330.0
2025-08-01 02:50:16 PM,6154.0,1,6154.0,139931484.0
2025-08-01 02:50:22 PM,6154.0,1,6154.0,139937638.0
2025-08-01 02:50:23 PM,6156.5,0,0.0,139937638.0
2025-08-01 02:50:27 PM,6156.5,1,6156.5,139943794.5
2025-08-01 02:50:29 PM,6163.0,0,0.0,139943794.5
2025-08-01 02:50:32 PM,6162.5,0,0.0,139943794.5
2025-08-01 02:50:33 PM,6162.5,10,61625.0,140005419.5
2025-08-01 02:50:41 PM,6162.0,0,0.0,140005419.5
2025-08-01 02:50:43 PM,6166.0,35,215810.0,140221229.5
2025-08-01 02:50:45 PM,6176.0,0,0.0,140221229.5
2025-08-01 02:50:48 PM,6162.0,0,0.0,140221229.5
2025-08-01 02:50:49 PM,6162.0,44,271128.0,140492357.5
2025-08-01 02:50:51 PM,6171.5,0,0.0,140492357.5
2025-08-01 02:50:54 PM,6163.0,9,55467.0,140547824.5
2025-08-01 02:51:01 PM,6164.5,0,0.0,140547824.5
2025-08-01 02:51:03 PM,6165.0,0,0.0,140547824.5
2025-08-01 02:51:05 PM,6165.0,18,110970.0,140658794.5
2025-08-01 02:51:07 PM,6172.0,0,0.0,140658794.5
2025-08-01 02:51:11 PM,6172.0,5,30860.0,140689654.5
2025-08-01 02:51:16 PM,6168.5,0,0.0,140689654.5
2025-08-01 02:51:16 PM,6168.5,1,6168.5,140695823.0
2025-08-01 02:51:19 PM,6158.0,0,0.0,140695823.0
2025-08-01 02:51:20 PM,6152.0,0,0.0,140695823.0
2025-08-01 02:51:21 PM,6152.0,15,92280.0,140788103.0
2025-08-01 02:51:31 PM,6142.5,0,0.0,140788103.0
2025-08-01 02:51:32 PM,6142.5,5,30712.5,140818815.5
2025-08-01 02:52:31 PM,6148.0,0,0.0,140818815.5
2025-08-01 02:52:31 PM,6148.0,1,6148.0,140824963.5
2025-08-01 02:53:15 PM,6144.0,0,0.0,140824963.5
2025-08-01 02:53:16 PM,6144.0,1,6144.0,140831107.5
2025-08-01 02:53:19 PM,6139.0,331,2032009.0,142863116.5
2025-08-01 02:53:25 PM,6130.5,2,12261.0,142875377.5
2025-08-01 02:53:47 PM,6138.5,0,0.0,142875377.5
2025-08-01 02:53:48 PM,6138.5,1,6138.5,142881516.0
2025-08-01 02:53:57 PM,6140.0,0,0.0,142881516.0
2025-08-01 02:53:59 PM,6140.0,2,12280.0,142893796.0
2025-08-01 02:54:01 PM,6144.5,10,61445.0,142955241.0
2025-08-01 02:54:04 PM,6145.0,42,258090.0,143213331.0
2025-08-01 02:54:07 PM,6145.0,50,307250.0,143520581.0
2025-08-01 02:54:10 PM,6145.0,19,116755.0,143637336.0
2025-08-01 02:54:13 PM,6145.0,31,190495.0,143827831.0
2025-08-01 02:54:15 PM,6145.0,67,411715.0,144239546.0
2025-08-01 02:54:30 PM,6149.0,0,0.0,144239546.0
2025-08-01 02:54:31 PM,6149.0,1,6149.0,144245695.0
2025-08-01 02:55:10 PM,6155.0,0,0.0,144245695.0
2025-08-01 02:55:13 PM,6155.0,203,1249465.0,145495160.0
2025-08-01 02:55:30 PM,6163.5,0,0.0,145495160.0
2025-08-01 02:55:31 PM,6163.5,2,12327.0,145507487.0
2025-08-01 02:56:25 PM,6156.0,0,0.0,145507487.0
2025-08-01 02:56:25 PM,6156.0,4,24624.0,145532111.0
2025-08-01 02:56:31 PM,6162.0,10,61620.0,145593731.0
2025-08-01 02:56:36 PM,6165.0,3,18495.0,145612226.0
2025-08-01 02:56:46 PM,6169.5,0,0.0,145612226.0
2025-08-01 02:56:47 PM,6169.5,21,129559.5,145741785.5
2025-08-01 02:56:50 PM,6174.0,0,0.0,145741785.5
2025-08-01 02:56:52 PM,6174.0,4,24696.0,145766481.5
2025-08-01 02:57:07 PM,6179.5,0,0.0,145766481.5
2025-08-01 02:57:09 PM,6179.5,6,37077.0,145803558.5
2025-08-01 02:57:26 PM,6187.5,3,18562.5,145822121.0
2025-08-01 02:57:30 PM,6188.0,0,0.0,145822121.0
2025-08-01 02:57:31 PM,6188.0,62,383656.0,146205777.0
2025-08-01 02:57:35 PM,6189.0,0,0.0,146205777.0
2025-08-01 02:57:36 PM,6189.0,8,49512.0,146255289.0
2025-08-01 02:57:48 PM,6198.0,0,0.0,146255289.0
2025-08-01 02:57:48 PM,6198.0,6,37188.0,146292477.0
2025-08-01 02:57:52 PM,6199.0,0,0.0,146292477.0
2025-08-01 02:57:52 PM,6199.0,4,24796.0,146317273.0
2025-08-01 02:57:56 PM,6200.0,0,0.0,146317273.0
2025-08-01 02:57:57 PM,6200.0,15,93000.0,146410273.0
2025-08-01 02:58:03 PM,6200.0,5,31000.0,146441273.0
2025-08-01 02:58:06 PM,6204.5,0,0.0,146441273.0
2025-08-01 02:58:09 PM,6204.5,5,31022.5,146472295.5
2025-08-01 02:58:24 PM,6212.0,0,0.0,146472295.5
2025-08-01 02:58:27 PM,6212.0,4,24848.0,146497143.5
2025-08-01 02:58:30 PM,6220.5,0,0.0,146497143.5
2025-08-01 02:58:33 PM,6220.5,7,43543.5,146540687.0
2025-08-01 02:58:37 PM,6215.0,0,0.0,146540687.0
2025-08-01 02:58:39 PM,6215.0,3,18645.0,146559332.0
2025-08-01 02:58:40 PM,6223.5,0,0.0,146559332.0
2025-08-01 02:58:40 PM,6223.5,2,12447.0,146571779.0
2025-08-01 02:58:51 PM,6218.0,10,62180.0,146633959.0
2025-08-01 02:58:55 PM,6231.5,5,31157.5,146665116.5
2025-08-01 02:59:00 PM,6225.0,0,0.0,146665116.5
2025-08-01 02:59:00 PM,6225.0,10,62250.0,146727366.5
2025-08-01 02:59:08 PM,6221.5,0,0.0,146727366.5
2025-08-01 02:59:08 PM,6221.5,30,186645.0,146914011.5
2025-08-01 02:59:12 PM,6233.0,0,0.0,146914011.5
2025-08-01 02:59:13 PM,6233.0,4,24932.0,146938943.5
2025-08-01 02:59:25 PM,6240.0,200,1248000.0,148186943.5
2025-08-01 02:59:28 PM,6239.0,0,0.0,148186943.5
2025-08-01 02:59:29 PM,6239.0,15,93585.0,148280528.5
2025-08-01 02:59:36 PM,6240.0,0,0.0,148280528.5
2025-08-01 02:59:36 PM,6240.0,77,480480.0,148761008.5
2025-08-01 02:59:39 PM,6247.0,0,0.0,148761008.5
2025-08-01 02:59:40 PM,6248.0,35,218680.0,148979688.5
2025-08-01 02:59:42 PM,6243.5,124,774194.0,149753882.5
2025-08-01 02:59:44 PM,6256.5,0,0.0,149753882.5
2025-08-01 02:59:46 PM,6260.0,68,425680.0,150179562.5
2025-08-01 02:59:53 PM,6274.5,168,1054116.0,151233678.5
2025-08-01 02:59:55 PM,6266.5,0,0.0,151233678.5
2025-08-01 02:59:57 PM,6260.5,10,62605.0,151296283.5
2025-08-01 02:59:59 PM,6263.5,5,31317.5,151327601.0
2025-08-01 03:00:00 PM,6260.0,0,0.0,151327601.0
2025-08-01 03:00:02 PM,6265.0,15,93975.0,151421576.0
2025-08-01 03:00:08 PM,6257.5,0,0.0,151421576.0
2025-08-01 03:00:09 PM,6239.5,30,187185.0,151608761.0
2025-08-01 03:00:29 PM,6246.5,7,43725.5,151652486.5
2025-08-01 03:00:33 PM,6246.5,53,331064.5,151983551.0
2025-08-01 03:00:41 PM,6267.0,24,150408.0,152133959.0
2025-08-01 03:01:02 PM,6265.5,1,6265.5,152140224.5
2025-08-01 03:01:09 PM,6266.5,0,0.0,152140224.5
2025-08-01 03:01:11 PM,6266.5,4,25066.0,152165290.5
2025-08-01 03:01:27 PM,6263.0,5,31315.0,152196605.5
2025-08-01 03:01:32 PM,6268.0,0,0.0,152196605.5
2025-08-01 03:01:33 PM,6263.0,2,12526.0,152209131.5
2025-08-01 03:01:57 PM,6262.5,3,18787.5,152227919.0
2025-08-01 03:02:00 PM,6260.0,3,18780.0,152246699.0
2025-08-01 03:02:05 PM,6258.5,0,0.0,152246699.0
2025-08-01 03:02:07 PM,6258.5,6,37551.0,152284250.0
2025-08-01 03:02:09 PM,6258.5,1,6258.5,152290508.5
2025-08-01 03:02:21 PM,6258.5,99,619591.5,152910100.0
2025-08-01 03:02:27 PM,6260.0,4,25040.0,152935140.0
2025-08-01 03:02:31 PM,6260.0,1,6260.0,152941400.0
2025-08-01 03:02:43 PM,6258.5,4,25034.0,152966434.0
2025-08-01 03:02:52 PM,6258.5,3,18775.5,152985209.5
2025-08-01 03:02:58 PM,6245.0,11,68695.0,153053904.5
2025-08-01 03:03:01 PM,6252.0,1,6252.0,153060156.5
2025-08-01 03:03:04 PM,6250.0,4,25000.0,153085156.5
2025-08-01 03:03:20 PM,6246.5,1,6246.5,153091403.0
2025-08-01 03:03:29 PM,6245.5,6,37473.0,153128876.0
2025-08-01 03:03:32 PM,6244.5,1,6244.5,153135120.5
2025-08-01 03:03:41 PM,6245.0,1,6245.0,153141365.5
2025-08-01 03:03:47 PM,6225.0,0,0.0,153141365.5
2025-08-01 03:03:47 PM,6225.0,123,765675.0,153907040.5
2025-08-01 03:03:50 PM,6226.5,1,6226.5,153913267.0
2025-08-01 03:03:56 PM,6230.0,1,6230.0,153919497.0
2025-08-01 03:03:59 PM,6230.0,216,1345680.0,155265177.0
2025-08-01 03:04:02 PM,6229.0,2,12458.0,155277635.0
2025-08-01 03:04:18 PM,6240.0,202,1260480.0,156538115.0
2025-08-01 03:04:31 PM,6243.0,0,0.0,156538115.0
2025-08-01 03:04:32 PM,6242.5,0,0.0,156538115.0
2025-08-01 03:04:33 PM,6242.5,4,24970.0,156563085.0
2025-08-01 03:05:02 PM,6234.5,0,0.0,156563085.0
2025-08-01 03:05:03 PM,6234.5,1,6234.5,156569319.5
2025-08-01 03:05:32 PM,6226.0,0,0.0,156569319.5
2025-08-01 03:05:32 PM,6226.0,3,18678.0,156587997.5
2025-08-01 03:05:38 PM,6224.5,0,0.0,156587997.5
2025-08-01 03:05:38 PM,6224.5,8,49796.0,156637793.5
2025-08-01 03:05:52 PM,6226.0,0,0.0,156637793.5
2025-08-01 03:05:54 PM,6226.0,4,24904.0,156662697.5
2025-08-01 03:06:00 PM,6226.0,2,12452.0,156675149.5
2025-08-01 03:06:10 PM,6226.0,1,6226.0,156681375.5
2025-08-01 03:06:19 PM,6228.0,38,236664.0,156918039.5
2025-08-01 03:06:22 PM,6246.5,10,62465.0,156980504.5
2025-08-01 03:06:25 PM,6230.0,50,311500.0,157292004.5
2025-08-01 03:06:31 PM,6234.0,1,6234.0,157298238.5
2025-08-01 03:06:48 PM,6224.5,0,0.0,157298238.5
2025-08-01 03:06:50 PM,6224.5,53,329898.5,157628137.0
2025-08-01 03:07:02 PM,6231.0,0,0.0,157628137.0
2025-08-01 03:07:02 PM,6231.0,2,12462.0,157640599.0
2025-08-01 03:07:16 PM,6233.5,0,0.0,157640599.0
2025-08-01 03:07:18 PM,6233.5,1,6233.5,157646832.5
2025-08-01 03:07:30 PM,6234.5,1,6234.5,157653067.0
2025-08-01 03:07:48 PM,6223.5,1,6223.5,157659290.5
2025-08-01 03:08:00 PM,6224.5,1,6224.5,157665515.0
2025-08-01 03:08:10 PM,6223.0,2,12446.0,157677961.0
2025-08-01 03:08:23 PM,6220.0,8,49760.0,157727721.0
2025-08-01 03:08:31 PM,6216.5,1,6216.5,157733937.5
2025-08-01 03:08:38 PM,6215.0,1,6215.0,157740152.5
2025-08-01 03:08:44 PM,6212.5,8,49700.0,157789852.5
2025-08-01 03:08:48 PM,6213.5,0,0.0,157789852.5
2025-08-01 03:08:48 PM,6213.5,2,12427.0,157802279.5
2025-08-01 03:09:01 PM,6219.5,1,6219.5,157808499.0
2025-08-01 03:09:22 PM,6207.5,4,24830.0,157833329.0
2025-08-01 03:09:32 PM,6211.0,2,12422.0,157845751.0
2025-08-01 03:09:39 PM,6204.0,4,24816.0,157870567.0
2025-08-01 03:09:58 PM,6200.0,0,0.0,157870567.0
