date,price,qty,trnvr,cum_trnvr
2025-08-01 09:15:00 AM,2961.0,5,14805.0,14805.0
2025-08-01 09:15:01 AM,2965.9,0,0.0,14805.0
2025-08-01 09:15:02 AM,2965.9,8,23727.2,38532.2
2025-08-01 09:15:10 AM,2961.8,0,0.0,38532.2
2025-08-01 09:15:12 AM,2961.8,7,20732.600000000002,59264.8
2025-08-01 09:15:20 AM,2964.7,0,0.0,59264.8
2025-08-01 09:15:22 AM,2968.4,244,724289.6,783554.4
2025-08-01 09:15:39 AM,2963.8,7,20746.600000000002,804301.0
2025-08-01 09:15:52 AM,2963.7,0,0.0,804301.0
2025-08-01 09:15:56 AM,2963.7,16,47419.2,851720.2
2025-08-01 09:16:01 AM,2955.4,0,0.0,851720.2
2025-08-01 09:16:04 AM,2955.4,31,91617.40000000001,943337.6
2025-08-01 09:16:12 AM,2950.6,1,2950.6,946288.2
2025-08-01 09:16:20 AM,2945.8,25,73645.0,1019933.2
2025-08-01 09:16:37 AM,2945.8,9,26512.2,1046445.3999999999
2025-08-01 09:16:55 AM,2946.3,1,2946.3,1049391.7
2025-08-01 09:17:04 AM,2951.9,0,0.0,1049391.7
2025-08-01 09:17:10 AM,2951.0,158,466258.0,1515649.7
2025-08-01 09:17:22 AM,2954.7,0,0.0,1515649.7
2025-08-01 09:17:26 AM,2954.7,1,2954.7,1518604.4
2025-08-01 09:17:40 AM,2954.5,0,0.0,1518604.4
2025-08-01 09:17:43 AM,2952.8,9,26575.2,1545179.5999999999
2025-08-01 09:17:56 AM,2952.0,0,0.0,1545179.5999999999
2025-08-01 09:17:59 AM,2952.0,4,11808.0,1556987.5999999999
2025-08-01 09:18:06 AM,2949.8,0,0.0,1556987.5999999999
2025-08-01 09:18:08 AM,2949.8,1,2949.8,1559937.4
2025-08-01 09:18:11 AM,2962.9,0,0.0,1559937.4
2025-08-01 09:18:14 AM,2964.7,0,0.0,1559937.4
2025-08-01 09:18:16 AM,2964.7,33,97835.09999999999,1657772.5
2025-08-01 09:18:34 AM,2963.0,1,2963.0,1660735.5
2025-08-01 09:18:38 AM,2967.8,0,0.0,1660735.5
2025-08-01 09:18:41 AM,2967.8,1,2967.8,1663703.3
2025-08-01 09:19:02 AM,2966.3,0,0.0,1663703.3
2025-08-01 09:19:05 AM,2966.3,7,20764.100000000002,1684467.4000000001
2025-08-01 09:19:21 AM,2964.4,6,17786.4,1702253.8
2025-08-01 09:20:01 AM,2964.8,1,2964.8,1705218.6
2025-08-01 09:20:10 AM,2964.8,19,56331.200000000004,1761549.8
2025-08-01 09:20:22 AM,2964.3,0,0.0,1761549.8
2025-08-01 09:20:25 AM,2964.3,5,14821.5,1776371.3
2025-08-01 09:20:27 AM,2967.0,50,148350.0,1924721.3
2025-08-01 09:20:29 AM,2970.0,0,0.0,1924721.3
2025-08-01 09:20:33 AM,2968.6,11,32654.6,1957375.9000000001
2025-08-01 09:20:40 AM,2965.2,0,0.0,1957375.9000000001
2025-08-01 09:20:41 AM,2965.2,1,2965.2,1960341.1
2025-08-01 09:21:05 AM,2966.6,6,17799.6,1978140.7000000002
2025-08-01 09:21:20 AM,2963.5,1,2963.5,1981104.2000000002
2025-08-01 09:21:24 AM,2967.9,0,0.0,1981104.2000000002
2025-08-01 09:21:28 AM,2967.9,2,5935.8,1987040.0000000002
2025-08-01 09:21:54 AM,2964.1,0,0.0,1987040.0000000002
2025-08-01 09:21:58 AM,2964.1,2,5928.2,1992968.2000000002
2025-08-01 09:22:07 AM,2964.0,10,29640.0,2022608.2000000002
2025-08-01 09:22:08 AM,2965.9,0,0.0,2022608.2000000002
2025-08-01 09:22:14 AM,2966.7,2,5933.4,2028541.6
2025-08-01 09:22:15 AM,2965.9,3,8897.7,2037439.3
2025-08-01 09:22:21 AM,2965.9,3,8897.7,2046337.0
2025-08-01 09:22:29 AM,2967.8,10,29678.0,2076015.0
2025-08-01 09:22:29 AM,2965.8,0,0.0,2076015.0
2025-08-01 09:22:30 AM,2965.8,3,8897.400000000001,2084912.4
2025-08-01 09:22:38 AM,2970.0,511,1517670.0,3602582.4
2025-08-01 09:22:53 AM,2971.2,14,41596.799999999996,3644179.1999999997
2025-08-01 09:22:56 AM,2970.0,0,0.0,3644179.1999999997
2025-08-01 09:22:59 AM,2970.0,10,29700.0,3673879.1999999997
2025-08-01 09:23:01 AM,2968.6,3,8905.8,3682784.9999999995
2025-08-01 09:23:03 AM,2970.0,0,0.0,3682784.9999999995
2025-08-01 09:23:07 AM,2970.0,6,17820.0,3700604.9999999995
2025-08-01 09:23:16 AM,2969.1,1,2969.1,3703574.0999999996
2025-08-01 09:23:47 AM,2968.3,4,11873.2,3715447.3
2025-08-01 09:24:41 AM,2967.8,0,0.0,3715447.3
2025-08-01 09:24:46 AM,2967.8,11,32645.800000000003,3748093.0999999996
2025-08-01 09:24:53 AM,2968.2,2,5936.4,3754029.4999999995
2025-08-01 09:25:03 AM,2967.9,1,2967.9,3756997.3999999994
2025-08-01 09:25:38 AM,2965.9,1,2965.9,3759963.2999999993
2025-08-01 09:26:15 AM,2966.9,0,0.0,3759963.2999999993
2025-08-01 09:26:16 AM,2966.9,3,8900.7,3768863.9999999995
2025-08-01 09:26:24 AM,2966.9,10,29669.0,3798532.9999999995
2025-08-01 09:26:39 AM,2966.9,1,2966.9,3801499.8999999994
2025-08-01 09:27:00 AM,2971.8,0,0.0,3801499.8999999994
2025-08-01 09:27:02 AM,2971.8,14,41605.200000000004,3843105.0999999996
2025-08-01 09:27:36 AM,2970.2,0,0.0,3843105.0999999996
2025-08-01 09:27:39 AM,2969.9,19,56428.1,3899533.1999999997
2025-08-01 09:28:01 AM,2966.9,0,0.0,3899533.1999999997
2025-08-01 09:28:02 AM,2966.9,19,56371.1,3955904.3
2025-08-01 09:28:52 AM,2967.4,0,0.0,3955904.3
2025-08-01 09:28:56 AM,2967.4,4,11869.6,3967773.9
2025-08-01 09:28:57 AM,2967.4,1,2967.4,3970741.3
2025-08-01 09:28:59 AM,2967.8,0,0.0,3970741.3
2025-08-01 09:29:03 AM,2967.8,1,2967.8,3973709.0999999996
2025-08-01 09:29:10 AM,2967.7,0,0.0,3973709.0999999996
2025-08-01 09:29:11 AM,2967.7,1,2967.7,3976676.8
2025-08-01 09:29:34 AM,2967.7,1,2967.7,3979644.5
2025-08-01 09:29:41 AM,2970.0,25,74250.0,4053894.5
2025-08-01 09:30:02 AM,2967.6,0,0.0,4053894.5
2025-08-01 09:30:04 AM,2967.4,6,17804.4,4071698.9
2025-08-01 09:30:16 AM,2969.6,0,0.0,4071698.9
2025-08-01 09:30:19 AM,2969.6,1,2969.6,4074668.5
2025-08-01 09:30:26 AM,2967.0,10,29670.0,4104338.5
2025-08-01 09:30:30 AM,2969.5,0,0.0,4104338.5
2025-08-01 09:30:34 AM,2969.5,6,17817.0,4122155.5
2025-08-01 09:31:14 AM,2956.6,0,0.0,4122155.5
2025-08-01 09:31:18 AM,2956.6,360,1064376.0,5186531.5
2025-08-01 09:31:36 AM,2953.6,0,0.0,5186531.5
2025-08-01 09:31:39 AM,2953.6,9,26582.399999999998,5213113.9
2025-08-01 09:32:07 AM,2953.5,1,2953.5,5216067.4
2025-08-01 09:32:28 AM,2955.7,0,0.0,5216067.4
2025-08-01 09:32:28 AM,2955.7,6,17734.199999999997,5233801.600000001
2025-08-01 09:32:34 AM,2956.4,0,0.0,5233801.600000001
2025-08-01 09:32:35 AM,2956.4,5,14782.0,5248583.600000001
2025-08-01 09:32:56 AM,2956.6,1,2956.6,5251540.2
2025-08-01 09:33:10 AM,2954.6,0,0.0,5251540.2
2025-08-01 09:33:17 AM,2954.6,1,2954.6,5254494.8
2025-08-01 09:33:35 AM,2956.3,0,0.0,5254494.8
2025-08-01 09:33:37 AM,2956.3,1,2956.3,5257451.1
2025-08-01 09:33:52 AM,2956.5,1,2956.5,5260407.6
2025-08-01 09:34:12 AM,2958.8,0,0.0,5260407.6
2025-08-01 09:34:13 AM,2958.8,17,50299.600000000006,5310707.199999999
2025-08-01 09:34:15 AM,2956.9,0,0.0,5310707.199999999
2025-08-01 09:34:20 AM,2956.9,30,88707.0,5399414.199999999
2025-08-01 09:34:34 AM,2959.6,4,11838.4,5411252.6
2025-08-01 09:35:15 AM,2955.4,0,0.0,5411252.6
2025-08-01 09:35:16 AM,2955.4,2,5910.8,5417163.399999999
2025-08-01 09:35:36 AM,2950.3,619,1826235.7000000002,7243399.1
2025-08-01 09:35:45 AM,2956.2,0,0.0,7243399.1
2025-08-01 09:35:50 AM,2956.2,14,41386.799999999996,7284785.899999999
2025-08-01 09:36:11 AM,2952.4,0,0.0,7284785.899999999
2025-08-01 09:36:17 AM,2952.4,1,2952.4,7287738.3
2025-08-01 09:36:19 AM,2952.6,0,0.0,7287738.3
2025-08-01 09:36:23 AM,2952.6,3,8857.8,7296596.1
2025-08-01 09:36:35 AM,2959.1,0,0.0,7296596.1
2025-08-01 09:36:36 AM,2959.1,200,591820.0,7888416.1
2025-08-01 09:36:39 AM,2955.6,0,0.0,7888416.1
2025-08-01 09:36:42 AM,2956.0,11,32516.0,7920932.1
2025-08-01 09:36:49 AM,2959.3,10,29593.0,7950525.1
2025-08-01 09:37:02 AM,2959.3,5,14796.5,7965321.6
2025-08-01 09:37:30 AM,2959.8,5,14799.0,7980120.6
2025-08-01 09:37:43 AM,2958.7,0,0.0,7980120.6
2025-08-01 09:37:44 AM,2958.7,1,2958.7,7983079.3
2025-08-01 09:38:03 AM,2957.9,0,0.0,7983079.3
2025-08-01 09:38:04 AM,2957.9,35,103526.5,8086605.8
2025-08-01 09:39:28 AM,2953.2,0,0.0,8086605.8
2025-08-01 09:39:31 AM,2953.2,6,17719.199999999997,8104325.0
2025-08-01 09:40:16 AM,2952.0,0,0.0,8104325.0
2025-08-01 09:40:17 AM,2952.0,1,2952.0,8107277.0
2025-08-01 09:40:40 AM,2952.1,0,0.0,8107277.0
2025-08-01 09:40:44 AM,2952.1,1,2952.1,8110229.1
2025-08-01 09:40:48 AM,2959.5,0,0.0,8110229.1
2025-08-01 09:40:50 AM,2959.5,19,56230.5,8166459.6
2025-08-01 09:41:03 AM,2957.9,1,2957.9,8169417.5
2025-08-01 09:41:35 AM,2955.5,0,0.0,8169417.5
2025-08-01 09:41:36 AM,2957.7,6,17746.199999999997,8187163.7
2025-08-01 09:41:43 AM,2956.1,31,91639.09999999999,8278802.8
2025-08-01 09:41:51 AM,2956.3,2,5912.6,8284715.399999999
2025-08-01 09:42:03 AM,2960.6,10,29606.0,8314321.399999999
2025-08-01 09:42:37 AM,2958.7,2,5917.4,8320238.8
2025-08-01 09:42:50 AM,2961.8,0,0.0,8320238.8
2025-08-01 09:42:55 AM,2961.8,1,2961.8,8323200.6
2025-08-01 09:42:58 AM,2963.2,0,0.0,8323200.6
2025-08-01 09:43:01 AM,2963.2,5,14816.0,8338016.6
2025-08-01 09:43:28 AM,2961.8,21,62197.8,8400214.4
2025-08-01 09:43:29 AM,2960.6,5,14803.0,8415017.4
2025-08-01 09:43:39 AM,2955.1,0,0.0,8415017.4
2025-08-01 09:43:39 AM,2957.8,0,0.0,8415017.4
2025-08-01 09:43:41 AM,2957.8,52,153805.6,8568823.0
2025-08-01 09:43:50 AM,2955.8,0,0.0,8568823.0
2025-08-01 09:43:54 AM,2955.8,50,147790.0,8716613.0
2025-08-01 09:44:00 AM,2957.6,3,8872.8,8725485.8
2025-08-01 09:44:14 AM,2954.9,2,5909.8,8731395.600000001
2025-08-01 09:44:30 AM,2957.7,0,0.0,8731395.600000001
2025-08-01 09:44:34 AM,2957.7,117,346050.89999999997,9077446.500000002
2025-08-01 09:44:43 AM,2958.0,0,0.0,9077446.500000002
2025-08-01 09:44:46 AM,2958.0,71,210018.0,9287464.500000002
2025-08-01 09:45:13 AM,2960.7,1,2960.7,9290425.200000001
2025-08-01 09:45:47 AM,2959.1,0,0.0,9290425.200000001
2025-08-01 09:45:47 AM,2959.1,1,2959.1,9293384.3
2025-08-01 09:45:58 AM,2959.3,1,2959.3,9296343.600000001
2025-08-01 09:46:37 AM,2959.3,6,17755.800000000003,9314099.400000002
2025-08-01 09:47:07 AM,2963.3,0,0.0,9314099.400000002
2025-08-01 09:47:08 AM,2963.3,15,44449.5,9358548.900000002
2025-08-01 09:49:41 AM,2967.1,11,32638.1,9391187.000000002
2025-08-01 09:49:44 AM,2966.9,2,5933.8,9397120.800000003
2025-08-01 09:50:02 AM,2962.5,0,0.0,9397120.800000003
2025-08-01 09:50:03 AM,2962.5,5,14812.5,9411933.300000003
2025-08-01 09:50:14 AM,2965.0,0,0.0,9411933.300000003
2025-08-01 09:50:16 AM,2965.0,125,370625.0,9782558.300000003
2025-08-01 09:50:28 AM,2963.1,0,0.0,9782558.300000003
2025-08-01 09:50:29 AM,2963.1,243,720033.2999999999,10502591.600000003
2025-08-01 09:50:43 AM,2962.5,0,0.0,10502591.600000003
2025-08-01 09:50:45 AM,2962.5,1,2962.5,10505554.100000003
2025-08-01 09:50:49 AM,2960.9,0,0.0,10505554.100000003
2025-08-01 09:50:51 AM,2960.9,29,85866.1,10591420.200000003
2025-08-01 09:51:35 AM,2960.0,15,44400.0,10635820.200000003
2025-08-01 09:52:02 AM,2959.3,41,121331.3,10757151.500000004
2025-08-01 09:53:07 AM,2955.0,0,0.0,10757151.500000004
2025-08-01 09:53:09 AM,2955.0,63,186165.0,10943316.500000004
2025-08-01 09:53:26 AM,2950.2,0,0.0,10943316.500000004
2025-08-01 09:53:28 AM,2950.2,240,708048.0,11651364.500000004
2025-08-01 09:53:35 AM,2950.9,0,0.0,11651364.500000004
2025-08-01 09:53:38 AM,2950.9,31,91477.90000000001,11742842.400000004
2025-08-01 09:54:28 AM,2950.9,11,32459.9,11775302.300000004
2025-08-01 09:54:34 AM,2950.9,2,5901.8,11781204.100000005
2025-08-01 09:55:09 AM,2950.9,50,147545.0,11928749.100000005
2025-08-01 09:55:33 AM,2949.3,0,0.0,11928749.100000005
2025-08-01 09:55:33 AM,2949.3,10,29493.0,11958242.100000005
2025-08-01 09:56:03 AM,2949.0,0,0.0,11958242.100000005
2025-08-01 09:56:04 AM,2949.0,5,14745.0,11972987.100000005
2025-08-01 09:56:30 AM,2948.8,0,0.0,11972987.100000005
2025-08-01 09:56:33 AM,2948.8,1,2948.8,11975935.900000006
2025-08-01 09:58:09 AM,2941.2,139,408826.8,12384762.700000007
2025-08-01 09:58:42 AM,2943.4,5,14717.0,12399479.700000007
2025-08-01 09:59:47 AM,2941.1,0,0.0,12399479.700000007
2025-08-01 09:59:47 AM,2941.1,29,85291.9,12484771.600000007
2025-08-01 09:59:58 AM,2934.1,0,0.0,12484771.600000007
2025-08-01 09:59:59 AM,2934.1,450,1320345.0,13805116.600000007
2025-08-01 10:01:00 AM,2934.5,28,82166.0,13887282.600000007
2025-08-01 10:01:12 AM,2937.9,9,26441.100000000002,13913723.700000007
2025-08-01 10:01:21 AM,2934.1,0,0.0,13913723.700000007
2025-08-01 10:01:21 AM,2934.1,100,293410.0,14207133.700000007
2025-08-01 10:01:37 AM,2933.5,24,70404.0,14277537.700000007
2025-08-01 10:01:38 AM,2934.6,0,0.0,14277537.700000007
2025-08-01 10:01:39 AM,2934.6,55,161403.0,14438940.700000007
2025-08-01 10:01:55 AM,2939.4,0,0.0,14438940.700000007
2025-08-01 10:01:56 AM,2939.4,2,5878.8,14444819.500000007
2025-08-01 10:02:10 AM,2942.0,7,20594.0,14465413.500000007
2025-08-01 10:02:45 AM,2943.1,0,0.0,14465413.500000007
2025-08-01 10:02:46 AM,2943.1,10,29431.0,14494844.500000007
2025-08-01 10:02:59 AM,2942.0,3,8826.0,14503670.500000007
2025-08-01 10:03:14 AM,2941.8,0,0.0,14503670.500000007
2025-08-01 10:03:14 AM,2941.8,6,17650.800000000003,14521321.300000008
2025-08-01 10:03:33 AM,2944.9,0,0.0,14521321.300000008
2025-08-01 10:03:33 AM,2944.9,4,11779.6,14533100.900000008
2025-08-01 10:03:38 AM,2944.5,19,55945.5,14589046.400000008
2025-08-01 10:04:04 AM,2940.0,100,294000.0,14883046.400000008
2025-08-01 10:04:15 AM,2942.5,1,2942.5,14885988.900000008
2025-08-01 10:05:02 AM,2945.0,0,0.0,14885988.900000008
2025-08-01 10:05:05 AM,2945.0,6,17670.0,14903658.900000008
2025-08-01 10:05:23 AM,2944.5,5,14722.5,14918381.400000008
2025-08-01 10:05:56 AM,2944.1,25,73602.5,14991983.900000008
2025-08-01 10:06:41 AM,2940.0,0,0.0,14991983.900000008
2025-08-01 10:06:41 AM,2940.0,115,338100.0,15330083.900000008
2025-08-01 10:06:43 AM,2936.0,2,5872.0,15335955.900000008
2025-08-01 10:07:00 AM,2936.0,3,8808.0,15344763.900000008
2025-08-01 10:07:12 AM,2936.0,6,17616.0,15362379.900000008
2025-08-01 10:07:49 AM,2935.2,108,317001.6,15679381.500000007
2025-08-01 10:07:53 AM,2937.0,0,0.0,15679381.500000007
2025-08-01 10:07:55 AM,2937.0,21,61677.0,15741058.500000007
2025-08-01 10:08:01 AM,2935.4,1,2935.4,15743993.900000008
2025-08-01 10:08:07 AM,2936.6,0,0.0,15743993.900000008
2025-08-01 10:08:08 AM,2936.6,5,14683.0,15758676.900000008
2025-08-01 10:08:51 AM,2937.7,0,0.0,15758676.900000008
2025-08-01 10:08:52 AM,2937.7,6,17626.199999999997,15776303.100000007
2025-08-01 10:09:08 AM,2937.3,0,0.0,15776303.100000007
2025-08-01 10:09:08 AM,2937.3,1,2937.3,15779240.400000008
2025-08-01 10:09:41 AM,2939.8,0,0.0,15779240.400000008
2025-08-01 10:09:43 AM,2939.8,5,14699.0,15793939.400000008
2025-08-01 10:10:47 AM,2942.8,0,0.0,15793939.400000008
2025-08-01 10:10:48 AM,2942.8,20,58856.0,15852795.400000008
2025-08-01 10:10:49 AM,2940.7,33,97043.09999999999,15949838.500000007
2025-08-01 10:10:53 AM,2941.5,0,0.0,15949838.500000007
2025-08-01 10:10:53 AM,2941.5,2,5883.0,15955721.500000007
2025-08-01 10:11:53 AM,2944.7,0,0.0,15955721.500000007
2025-08-01 10:11:53 AM,2944.7,15,44170.5,15999892.000000007
2025-08-01 10:12:14 AM,2941.7,0,0.0,15999892.000000007
2025-08-01 10:12:15 AM,2941.7,1,2941.7,16002833.700000007
2025-08-01 10:12:27 AM,2940.0,8,23520.0,16026353.700000007
2025-08-01 10:13:29 AM,2940.5,0,0.0,16026353.700000007
2025-08-01 10:13:31 AM,2940.5,1,2940.5,16029294.200000007
2025-08-01 10:14:05 AM,2942.3,0,0.0,16029294.200000007
2025-08-01 10:14:06 AM,2942.3,4,11769.2,16041063.400000006
2025-08-01 10:14:58 AM,2942.4,5,14712.0,16055775.400000006
2025-08-01 10:15:34 AM,2942.3,6,17653.800000000003,16073429.200000007
2025-08-01 10:17:12 AM,2942.3,60,176538.0,16249967.200000007
2025-08-01 10:17:43 AM,2941.4,0,0.0,16249967.200000007
2025-08-01 10:17:47 AM,2941.4,1,2941.4,16252908.600000007
2025-08-01 10:18:16 AM,2940.0,23,67620.0,16320528.600000007
2025-08-01 10:18:25 AM,2941.4,0,0.0,16320528.600000007
2025-08-01 10:18:28 AM,2941.4,4,11765.6,16332294.200000007
2025-08-01 10:18:33 AM,2941.4,1,2941.4,16335235.600000007
2025-08-01 10:19:02 AM,2942.6,0,0.0,16335235.600000007
2025-08-01 10:19:02 AM,2942.6,2,5885.2,16341120.800000006
2025-08-01 10:19:07 AM,2940.0,53,155820.0,16496940.800000006
2025-08-01 10:19:36 AM,2943.3,1,2943.3,16499884.100000007
2025-08-01 10:19:48 AM,2942.3,0,0.0,16499884.100000007
2025-08-01 10:19:48 AM,2942.3,1,2942.3,16502826.400000008
2025-08-01 10:20:15 AM,2942.3,10,29423.0,16532249.400000008
2025-08-01 10:20:29 AM,2942.1,5,14710.5,16546959.900000008
2025-08-01 10:20:35 AM,2940.0,0,0.0,16546959.900000008
2025-08-01 10:20:35 AM,2940.0,8,23520.0,16570479.900000008
2025-08-01 10:20:44 AM,2938.0,0,0.0,16570479.900000008
2025-08-01 10:20:46 AM,2938.0,180,528840.0,17099319.900000006
2025-08-01 10:20:57 AM,2941.3,0,0.0,17099319.900000006
2025-08-01 10:20:57 AM,2941.3,2,5882.6,17105202.500000007
2025-08-01 10:21:25 AM,2941.3,10,29413.0,17134615.500000007
2025-08-01 10:24:48 AM,2942.6,0,0.0,17134615.500000007
2025-08-01 10:24:49 AM,2942.4,12,35308.8,17169924.30000001
2025-08-01 10:25:00 AM,2942.3,0,0.0,17169924.30000001
2025-08-01 10:25:00 AM,2942.3,2,5884.6,17175808.90000001
2025-08-01 10:25:46 AM,2942.3,2,5884.6,17181693.50000001
2025-08-01 10:27:30 AM,2942.3,1,2942.3,17184635.800000012
2025-08-01 10:29:00 AM,2942.1,0,0.0,17184635.800000012
2025-08-01 10:29:01 AM,2942.1,20,58842.0,17243477.800000012
2025-08-01 10:29:12 AM,2942.0,0,0.0,17243477.800000012
2025-08-01 10:29:12 AM,2942.0,1,2942.0,17246419.800000012
2025-08-01 10:29:44 AM,2941.6,0,0.0,17246419.800000012
2025-08-01 10:29:45 AM,2941.6,9,26474.399999999998,17272894.20000001
2025-08-01 10:29:50 AM,2942.0,0,0.0,17272894.20000001
2025-08-01 10:29:50 AM,2942.0,20,58840.0,17331734.20000001
2025-08-01 10:29:53 AM,2941.6,1,2941.6,17334675.800000012
2025-08-01 10:30:22 AM,2941.5,0,0.0,17334675.800000012
2025-08-01 10:30:22 AM,2941.5,3,8824.5,17343500.300000012
2025-08-01 10:31:27 AM,2942.4,0,0.0,17343500.300000012
2025-08-01 10:31:28 AM,2942.4,5,14712.0,17358212.300000012
2025-08-01 10:31:31 AM,2942.4,104,306009.60000000003,17664221.900000013
2025-08-01 10:32:06 AM,2942.9,63,185402.7,17849624.600000013
2025-08-01 10:32:12 AM,2943.1,0,0.0,17849624.600000013
2025-08-01 10:32:13 AM,2943.1,10,29431.0,17879055.600000013
2025-08-01 10:32:32 AM,2946.4,10,29464.0,17908519.600000013
2025-08-01 10:33:02 AM,2943.3,6,17659.800000000003,17926179.400000013
2025-08-01 10:34:10 AM,2946.5,0,0.0,17926179.400000013
2025-08-01 10:34:12 AM,2946.5,1,2946.5,17929125.900000013
2025-08-01 10:35:11 AM,2944.8,1,2944.8,17932070.700000014
2025-08-01 10:36:29 AM,2947.2,12,35366.399999999994,17967437.100000013
2025-08-01 10:37:45 AM,2946.6,0,0.0,17967437.100000013
2025-08-01 10:37:47 AM,2946.6,5,14733.0,17982170.100000013
2025-08-01 10:39:10 AM,2946.5,0,0.0,17982170.100000013
2025-08-01 10:39:11 AM,2946.5,50,147325.0,18129495.100000013
2025-08-01 10:39:20 AM,2946.6,5,14733.0,18144228.100000013
2025-08-01 10:39:42 AM,2948.4,0,0.0,18144228.100000013
2025-08-01 10:39:42 AM,2948.4,45,132678.0,18276906.100000013
2025-08-01 10:39:56 AM,2944.8,1,2944.8,18279850.900000013
2025-08-01 10:41:32 AM,2944.5,0,0.0,18279850.900000013
2025-08-01 10:41:32 AM,2944.5,72,212004.0,18491854.900000013
2025-08-01 10:42:03 AM,2942.4,0,0.0,18491854.900000013
2025-08-01 10:42:04 AM,2942.4,1,2942.4,18494797.300000012
2025-08-01 10:42:21 AM,2942.4,50,147120.0,18641917.300000012
2025-08-01 10:42:41 AM,2938.5,0,0.0,18641917.300000012
2025-08-01 10:42:42 AM,2938.5,332,975582.0,19617499.300000012
2025-08-01 10:42:44 AM,2937.7,0,0.0,19617499.300000012
2025-08-01 10:42:45 AM,2937.7,24,70504.79999999999,19688004.100000013
2025-08-01 10:44:11 AM,2937.7,26,76380.2,19764384.300000012
2025-08-01 10:45:40 AM,2938.0,0,0.0,19764384.300000012
2025-08-01 10:45:40 AM,2938.0,10,29380.0,19793764.300000012
2025-08-01 10:46:26 AM,2938.0,78,229164.0,20022928.300000012
2025-08-01 10:46:51 AM,2938.8,0,0.0,20022928.300000012
2025-08-01 10:46:53 AM,2938.8,1,2938.8,20025867.100000013
2025-08-01 10:48:15 AM,2940.0,0,0.0,20025867.100000013
2025-08-01 10:48:16 AM,2940.0,9,26460.0,20052327.100000013
2025-08-01 10:48:54 AM,2941.2,0,0.0,20052327.100000013
2025-08-01 10:48:54 AM,2941.2,2,5882.4,20058209.50000001
2025-08-01 10:49:20 AM,2941.2,3,8823.599999999999,20067033.100000013
2025-08-01 10:49:52 AM,2942.2,17,50017.399999999994,20117050.50000001
2025-08-01 10:49:59 AM,2940.0,0,0.0,20117050.50000001
2025-08-01 10:50:02 AM,2940.0,73,214620.0,20331670.50000001
2025-08-01 10:50:36 AM,2940.0,106,311640.0,20643310.50000001
2025-08-01 10:50:47 AM,2940.0,1,2940.0,20646250.50000001
2025-08-01 10:51:08 AM,2938.8,0,0.0,20646250.50000001
2025-08-01 10:51:10 AM,2938.8,17,49959.600000000006,20696210.100000013
2025-08-01 10:51:21 AM,2938.8,2,5877.6,20702087.700000014
2025-08-01 10:51:24 AM,2937.0,0,0.0,20702087.700000014
2025-08-01 10:51:26 AM,2937.0,11,32307.0,20734394.700000014
2025-08-01 10:51:56 AM,2936.9,0,0.0,20734394.700000014
2025-08-01 10:51:59 AM,2936.9,1,2936.9,20737331.600000013
2025-08-01 10:52:36 AM,2935.0,0,0.0,20737331.600000013
2025-08-01 10:52:37 AM,2935.0,14,41090.0,20778421.600000013
2025-08-01 10:52:53 AM,2935.0,25,73375.0,20851796.600000013
2025-08-01 10:53:00 AM,2932.8,0,0.0,20851796.600000013
2025-08-01 10:53:03 AM,2932.8,59,173035.2,21024831.800000012
2025-08-01 10:53:18 AM,2932.1,0,0.0,21024831.800000012
2025-08-01 10:53:19 AM,2932.1,10,29321.0,21054152.800000012
2025-08-01 10:54:45 AM,2932.1,9,26388.899999999998,21080541.70000001
2025-08-01 10:55:48 AM,2934.9,0,0.0,21080541.70000001
2025-08-01 10:55:49 AM,2934.9,9,26414.100000000002,21106955.800000012
2025-08-01 10:56:04 AM,2938.0,0,0.0,21106955.800000012
2025-08-01 10:56:05 AM,2938.0,55,161590.0,21268545.800000012
2025-08-01 10:56:06 AM,2938.1,50,146905.0,21415450.800000012
2025-08-01 10:56:08 AM,2935.1,0,0.0,21415450.800000012
2025-08-01 10:56:10 AM,2935.1,5,14675.5,21430126.300000012
2025-08-01 10:58:58 AM,2941.4,0,0.0,21430126.300000012
2025-08-01 10:59:00 AM,2941.4,6,17648.4,21447774.70000001
2025-08-01 10:59:06 AM,2942.2,1,2942.2,21450716.90000001
2025-08-01 10:59:50 AM,2940.8,0,0.0,21450716.90000001
2025-08-01 10:59:53 AM,2940.8,20,58816.0,21509532.90000001
2025-08-01 11:01:56 AM,2941.0,2,5882.0,21515414.90000001
2025-08-01 11:03:12 AM,2940.7,4,11762.8,21527177.70000001
2025-08-01 11:03:19 AM,2941.1,0,0.0,21527177.70000001
2025-08-01 11:03:21 AM,2941.1,7,20587.7,21547765.40000001
2025-08-01 11:05:29 AM,2942.2,1,2942.2,21550707.60000001
2025-08-01 11:05:51 AM,2942.9,0,0.0,21550707.60000001
2025-08-01 11:05:54 AM,2942.9,16,47086.4,21597794.000000007
2025-08-01 11:06:55 AM,2942.6,0,0.0,21597794.000000007
2025-08-01 11:06:58 AM,2942.6,1,2942.6,21600736.60000001
2025-08-01 11:07:43 AM,2940.0,0,0.0,21600736.60000001
2025-08-01 11:07:46 AM,2940.0,7,20580.0,21621316.60000001
2025-08-01 11:08:39 AM,2932.1,353,1035031.2999999999,22656347.90000001
2025-08-01 11:08:51 AM,2937.6,0,0.0,22656347.90000001
2025-08-01 11:08:52 AM,2937.6,2,5875.2,22662223.10000001
2025-08-01 11:09:19 AM,2934.7,0,0.0,22662223.10000001
2025-08-01 11:09:20 AM,2934.7,2,5869.4,22668092.500000007
2025-08-01 11:09:41 AM,2932.8,10,29328.0,22697420.500000007
2025-08-01 11:11:55 AM,2934.2,1,2934.2,22700354.700000007
2025-08-01 11:13:36 AM,2937.1,6,17622.6,22717977.30000001
2025-08-01 11:13:42 AM,2937.5,4,11750.0,22729727.30000001
2025-08-01 11:13:54 AM,2937.5,1,2937.5,22732664.80000001
2025-08-01 11:14:16 AM,2937.5,6,17625.0,22750289.80000001
2025-08-01 11:17:09 AM,2937.8,0,0.0,22750289.80000001
2025-08-01 11:17:09 AM,2937.8,1,2937.8,22753227.60000001
2025-08-01 11:17:41 AM,2939.3,0,0.0,22753227.60000001
2025-08-01 11:17:41 AM,2939.3,5,14696.5,22767924.10000001
2025-08-01 11:18:05 AM,2940.7,0,0.0,22767924.10000001
2025-08-01 11:18:08 AM,2940.7,2,5881.4,22773805.500000007
2025-08-01 11:18:13 AM,2939.8,0,0.0,22773805.500000007
2025-08-01 11:18:13 AM,2939.8,16,47036.8,22820842.30000001
2025-08-01 11:18:24 AM,2940.0,69,202860.0,23023702.30000001
2025-08-01 11:19:48 AM,2940.0,9,26460.0,23050162.30000001
2025-08-01 11:21:49 AM,2940.0,20,58800.0,23108962.30000001
2025-08-01 11:22:31 AM,2940.0,10,29400.0,23138362.30000001
2025-08-01 11:24:52 AM,2940.0,5,14700.0,23153062.30000001
2025-08-01 11:25:24 AM,2940.9,0,0.0,23153062.30000001
2025-08-01 11:25:28 AM,2940.9,1,2940.9,23156003.200000007
2025-08-01 11:25:34 AM,2941.9,0,0.0,23156003.200000007
2025-08-01 11:25:34 AM,2941.9,3,8825.7,23164828.900000006
2025-08-01 11:26:33 AM,2942.1,0,0.0,23164828.900000006
2025-08-01 11:26:36 AM,2942.1,2,5884.2,23170713.100000005
2025-08-01 11:27:13 AM,2944.4,0,0.0,23170713.100000005
2025-08-01 11:27:16 AM,2944.4,50,147220.0,23317933.100000005
2025-08-01 11:27:19 AM,2942.1,0,0.0,23317933.100000005
2025-08-01 11:27:21 AM,2942.1,12,35305.2,23353238.300000004
2025-08-01 11:27:51 AM,2944.1,0,0.0,23353238.300000004
2025-08-01 11:27:52 AM,2944.1,20,58882.0,23412120.300000004
2025-08-01 11:28:01 AM,2943.6,0,0.0,23412120.300000004
2025-08-01 11:28:03 AM,2943.6,4,11774.4,23423894.700000003
2025-08-01 11:28:16 AM,2941.8,0,0.0,23423894.700000003
2025-08-01 11:28:18 AM,2941.8,2,5883.6,23429778.300000004
2025-08-01 11:30:07 AM,2945.2,3,8835.599999999999,23438613.900000006
2025-08-01 11:31:14 AM,2941.0,0,0.0,23438613.900000006
2025-08-01 11:31:15 AM,2941.0,59,173519.0,23612132.900000006
2025-08-01 11:31:28 AM,2941.0,10,29410.0,23641542.900000006
2025-08-01 11:33:00 AM,2940.5,0,0.0,23641542.900000006
2025-08-01 11:33:00 AM,2940.5,1,2940.5,23644483.400000006
2025-08-01 11:33:05 AM,2940.1,0,0.0,23644483.400000006
2025-08-01 11:33:05 AM,2940.1,20,58802.0,23703285.400000006
2025-08-01 11:34:59 AM,2940.5,0,0.0,23703285.400000006
2025-08-01 11:35:02 AM,2940.5,1,2940.5,23706225.900000006
2025-08-01 11:35:24 AM,2940.5,5,14702.5,23720928.400000006
2025-08-01 11:35:37 AM,2940.0,0,0.0,23720928.400000006
2025-08-01 11:35:40 AM,2940.0,55,161700.0,23882628.400000006
2025-08-01 11:35:50 AM,2938.1,0,0.0,23882628.400000006
2025-08-01 11:35:50 AM,2938.1,5,14690.5,23897318.900000006
2025-08-01 11:36:20 AM,2938.6,0,0.0,23897318.900000006
2025-08-01 11:36:21 AM,2938.6,2,5877.2,23903196.100000005
2025-08-01 11:37:21 AM,2941.3,0,0.0,23903196.100000005
2025-08-01 11:37:24 AM,2941.3,7,20589.100000000002,23923785.200000007
2025-08-01 11:39:24 AM,2940.8,0,0.0,23923785.200000007
2025-08-01 11:39:25 AM,2940.8,1,2940.8,23926726.000000007
2025-08-01 11:39:47 AM,2941.1,0,0.0,23926726.000000007
2025-08-01 11:39:47 AM,2941.1,14,41175.4,23967901.400000006
2025-08-01 11:40:07 AM,2940.2,0,0.0,23967901.400000006
2025-08-01 11:40:08 AM,2940.2,4,11760.8,23979662.200000007
2025-08-01 11:40:23 AM,2938.3,0,0.0,23979662.200000007
2025-08-01 11:40:23 AM,2938.3,6,17629.800000000003,23997292.000000007
2025-08-01 11:40:53 AM,2937.9,1,2937.9,24000229.900000006
2025-08-01 11:41:07 AM,2936.4,0,0.0,24000229.900000006
2025-08-01 11:41:09 AM,2936.4,2,5872.8,24006102.700000007
2025-08-01 11:42:09 AM,2934.0,0,0.0,24006102.700000007
2025-08-01 11:42:10 AM,2934.0,100,293400.0,24299502.700000007
2025-08-01 11:43:07 AM,2934.0,120,352080.0,24651582.700000007
2025-08-01 11:43:44 AM,2925.2,336,982867.2,25634449.900000006
2025-08-01 11:44:29 AM,2926.9,5,14634.5,25649084.400000006
2025-08-01 11:45:27 AM,2927.1,0,0.0,25649084.400000006
2025-08-01 11:45:29 AM,2927.1,2,5854.2,25654938.600000005
2025-08-01 11:45:32 AM,2928.4,0,0.0,25654938.600000005
2025-08-01 11:45:34 AM,2928.4,6,17570.4,25672509.000000004
2025-08-01 11:45:43 AM,2929.3,0,0.0,25672509.000000004
2025-08-01 11:45:44 AM,2929.3,5,14646.5,25687155.500000004
2025-08-01 11:45:53 AM,2930.8,0,0.0,25687155.500000004
2025-08-01 11:45:55 AM,2930.8,1,2930.8,25690086.300000004
2025-08-01 11:46:02 AM,2929.5,0,0.0,25690086.300000004
2025-08-01 11:46:06 AM,2929.5,20,58590.0,25748676.300000004
2025-08-01 11:46:10 AM,2925.2,0,0.0,25748676.300000004
2025-08-01 11:46:11 AM,2925.2,666,1948183.2,27696859.500000004
2025-08-01 11:46:26 AM,2926.2,0,0.0,27696859.500000004
2025-08-01 11:46:27 AM,2926.2,1,2926.2,27699785.700000003
2025-08-01 11:47:07 AM,2926.7,5,14633.5,27714419.200000003
2025-08-01 11:47:47 AM,2928.9,5,14644.5,27729063.700000003
2025-08-01 11:49:09 AM,2928.8,0,0.0,27729063.700000003
2025-08-01 11:49:11 AM,2928.8,2,5857.6,27734921.300000004
2025-08-01 11:49:13 AM,2927.7,0,0.0,27734921.300000004
2025-08-01 11:49:17 AM,2927.7,6,17566.199999999997,27752487.500000004
2025-08-01 11:50:07 AM,2925.0,100,292500.0,28044987.500000004
2025-08-01 11:50:31 AM,2926.7,1,2926.7,28047914.200000003
2025-08-01 11:51:22 AM,2926.9,1,2926.9,28050841.1
2025-08-01 11:52:35 AM,2927.1,6,17562.6,28068403.700000003
2025-08-01 11:53:32 AM,2927.9,0,0.0,28068403.700000003
2025-08-01 11:53:32 AM,2927.9,1,2927.9,28071331.6
2025-08-01 11:54:12 AM,2930.0,0,0.0,28071331.6
2025-08-01 11:54:15 AM,2930.0,1,2930.0,28074261.6
2025-08-01 11:54:49 AM,2931.6,0,0.0,28074261.6
2025-08-01 11:54:51 AM,2931.6,3,8794.8,28083056.400000002
2025-08-01 11:55:10 AM,2931.5,0,0.0,28083056.400000002
2025-08-01 11:55:11 AM,2931.5,15,43972.5,28127028.900000002
2025-08-01 11:55:20 AM,2928.9,0,0.0,28127028.900000002
2025-08-01 11:55:21 AM,2928.9,5,14644.5,28141673.400000002
2025-08-01 11:55:47 AM,2925.1,0,0.0,28141673.400000002
2025-08-01 11:55:48 AM,2925.1,20,58502.0,28200175.400000002
2025-08-01 11:57:34 AM,2925.4,4,11701.6,28211877.000000004
2025-08-01 11:57:41 AM,2927.3,0,0.0,28211877.000000004
2025-08-01 11:57:42 AM,2927.3,30,87819.0,28299696.000000004
2025-08-01 11:58:12 AM,2925.0,10,29250.0,28328946.000000004
2025-08-01 11:59:01 AM,2925.0,1,2925.0,28331871.000000004
2025-08-01 11:59:26 AM,2927.3,0,0.0,28331871.000000004
2025-08-01 11:59:27 AM,2927.3,5,14636.5,28346507.500000004
2025-08-01 11:59:32 AM,2925.1,1,2925.1,28349432.600000005
2025-08-01 12:00:34 PM,2926.7,0,0.0,28349432.600000005
2025-08-01 12:00:34 PM,2926.7,1,2926.7,28352359.300000004
2025-08-01 12:00:35 PM,2926.9,0,0.0,28352359.300000004
2025-08-01 12:00:36 PM,2926.9,5,14634.5,28366993.800000004
2025-08-01 12:00:45 PM,2925.1,0,0.0,28366993.800000004
2025-08-01 12:00:46 PM,2925.1,1,2925.1,28369918.900000006
2025-08-01 12:01:05 PM,2926.4,0,0.0,28369918.900000006
2025-08-01 12:01:06 PM,2926.4,1,2926.4,28372845.300000004
2025-08-01 12:01:19 PM,2923.1,0,0.0,28372845.300000004
2025-08-01 12:01:21 PM,2923.1,118,344925.8,28717771.100000005
2025-08-01 12:01:26 PM,2923.0,0,0.0,28717771.100000005
2025-08-01 12:01:28 PM,2923.0,10,29230.0,28747001.100000005
2025-08-01 12:01:31 PM,2921.0,0,0.0,28747001.100000005
2025-08-01 12:01:32 PM,2921.0,15,43815.0,28790816.100000005
2025-08-01 12:02:11 PM,2923.0,0,0.0,28790816.100000005
2025-08-01 12:02:13 PM,2923.0,27,78921.0,28869737.100000005
2025-08-01 12:02:17 PM,2922.3,0,0.0,28869737.100000005
2025-08-01 12:02:18 PM,2922.3,1,2922.3,28872659.400000006
2025-08-01 12:02:44 PM,2923.0,0,0.0,28872659.400000006
2025-08-01 12:02:46 PM,2923.0,25,73075.0,28945734.400000006
2025-08-01 12:03:13 PM,2923.0,1,2923.0,28948657.400000006
2025-08-01 12:03:21 PM,2922.3,1,2922.3,28951579.700000007
2025-08-01 12:03:44 PM,2922.7,0,0.0,28951579.700000007
2025-08-01 12:03:46 PM,2922.7,6,17536.199999999997,28969115.900000006
2025-08-01 12:04:07 PM,2922.8,0,0.0,28969115.900000006
2025-08-01 12:04:09 PM,2922.8,2,5845.6,28974961.500000007
2025-08-01 12:04:26 PM,2922.7,0,0.0,28974961.500000007
2025-08-01 12:04:27 PM,2922.7,27,78912.9,29053874.400000006
2025-08-01 12:05:06 PM,2920.0,0,0.0,29053874.400000006
2025-08-01 12:05:06 PM,2920.0,186,543120.0,29596994.400000006
2025-08-01 12:05:14 PM,2921.0,0,0.0,29596994.400000006
2025-08-01 12:05:16 PM,2921.0,1,2921.0,29599915.400000006
2025-08-01 12:05:26 PM,2920.5,0,0.0,29599915.400000006
2025-08-01 12:05:27 PM,2920.5,1,2920.5,29602835.900000006
2025-08-01 12:06:20 PM,2922.8,0,0.0,29602835.900000006
2025-08-01 12:06:21 PM,2922.8,1,2922.8,29605758.700000007
2025-08-01 12:07:37 PM,2924.5,1,2924.5,29608683.200000007
2025-08-01 12:08:24 PM,2924.8,0,0.0,29608683.200000007
2025-08-01 12:08:27 PM,2924.8,1,2924.8,29611608.000000007
2025-08-01 12:09:02 PM,2924.5,13,38018.5,29649626.500000007
2025-08-01 12:09:42 PM,2925.7,0,0.0,29649626.500000007
2025-08-01 12:09:46 PM,2925.7,21,61439.7,29711066.200000007
2025-08-01 12:10:40 PM,2926.1,0,0.0,29711066.200000007
2025-08-01 12:10:41 PM,2925.5,29,84839.5,29795905.700000007
2025-08-01 12:10:54 PM,2924.6,0,0.0,29795905.700000007
2025-08-01 12:10:56 PM,2924.6,1,2924.6,29798830.30000001
2025-08-01 12:11:50 PM,2924.9,0,0.0,29798830.30000001
2025-08-01 12:11:50 PM,2924.9,4,11699.6,29810529.90000001
2025-08-01 12:12:24 PM,2921.0,0,0.0,29810529.90000001
2025-08-01 12:12:24 PM,2921.0,100,292100.0,30102629.90000001
2025-08-01 12:12:52 PM,2923.2,0,0.0,30102629.90000001
2025-08-01 12:12:56 PM,2923.2,2,5846.4,30108476.30000001
2025-08-01 12:14:32 PM,2923.1,0,0.0,30108476.30000001
2025-08-01 12:14:35 PM,2923.1,11,32154.1,30140630.40000001
2025-08-01 12:16:34 PM,2921.3,0,0.0,30140630.40000001
2025-08-01 12:16:36 PM,2921.3,1,2921.3,30143551.70000001
2025-08-01 12:17:18 PM,2923.0,0,0.0,30143551.70000001
2025-08-01 12:17:20 PM,2923.0,10,29230.0,30172781.70000001
2025-08-01 12:18:12 PM,2923.1,0,0.0,30172781.70000001
2025-08-01 12:18:13 PM,2923.1,2,5846.2,30178627.90000001
2025-08-01 12:18:14 PM,2924.2,0,0.0,30178627.90000001
2025-08-01 12:18:18 PM,2923.1,19,55538.9,30234166.80000001
2025-08-01 12:18:52 PM,2925.6,0,0.0,30234166.80000001
2025-08-01 12:18:53 PM,2924.5,36,105282.0,30339448.80000001
2025-08-01 12:20:52 PM,2925.1,0,0.0,30339448.80000001
2025-08-01 12:20:55 PM,2925.1,5,14625.5,30354074.30000001
2025-08-01 12:21:01 PM,2924.5,1,2924.5,30356998.80000001
2025-08-01 12:21:44 PM,2924.5,3,8773.5,30365772.30000001
2025-08-01 12:21:50 PM,2923.0,0,0.0,30365772.30000001
2025-08-01 12:21:54 PM,2923.0,25,73075.0,30438847.30000001
2025-08-01 12:22:04 PM,2923.0,50,146150.0,30584997.30000001
2025-08-01 12:22:20 PM,2923.0,38,111074.0,30696071.30000001
2025-08-01 12:22:25 PM,2923.0,6,17538.0,30713609.30000001
2025-08-01 12:22:57 PM,2919.3,0,0.0,30713609.30000001
2025-08-01 12:23:00 PM,2919.3,71,207270.30000000002,30920879.60000001
2025-08-01 12:24:03 PM,2919.8,0,0.0,30920879.60000001
2025-08-01 12:24:05 PM,2919.8,4,11679.2,30932558.80000001
2025-08-01 12:24:22 PM,2919.7,0,0.0,30932558.80000001
2025-08-01 12:24:25 PM,2919.7,10,29197.0,30961755.80000001
2025-08-01 12:25:04 PM,2919.0,5,14595.0,30976350.80000001
2025-08-01 12:25:25 PM,2919.6,97,283201.2,31259552.000000007
2025-08-01 12:25:42 PM,2919.7,0,0.0,31259552.000000007
2025-08-01 12:25:44 PM,2919.7,11,32116.699999999997,31291668.700000007
2025-08-01 12:26:20 PM,2919.7,1,2919.7,31294588.400000006
2025-08-01 12:26:32 PM,2919.0,0,0.0,31294588.400000006
2025-08-01 12:26:34 PM,2918.0,0,0.0,31294588.400000006
2025-08-01 12:26:35 PM,2918.0,3,8754.0,31303342.400000006
2025-08-01 12:26:49 PM,2917.3,25,72932.5,31376274.900000006
2025-08-01 12:26:51 PM,2913.5,0,0.0,31376274.900000006
2025-08-01 12:26:55 PM,2913.5,50,145675.0,31521949.900000006
2025-08-01 12:27:38 PM,2913.4,0,0.0,31521949.900000006
2025-08-01 12:27:40 PM,2913.4,502,1462526.8,32984476.700000007
2025-08-01 12:27:47 PM,2915.7,0,0.0,32984476.700000007
2025-08-01 12:27:50 PM,2915.7,10,29157.0,33013633.700000007
2025-08-01 12:27:58 PM,2913.5,0,0.0,33013633.700000007
2025-08-01 12:28:00 PM,2913.5,1,2913.5,33016547.200000007
2025-08-01 12:28:20 PM,2913.5,1,2913.5,33019460.700000007
2025-08-01 12:28:30 PM,2915.0,0,0.0,33019460.700000007
2025-08-01 12:28:31 PM,2915.0,2,5830.0,33025290.700000007
2025-08-01 12:28:33 PM,2916.8,0,0.0,33025290.700000007
2025-08-01 12:28:34 PM,2916.8,916,2671788.8000000003,35697079.50000001
2025-08-01 12:29:47 PM,2918.1,0,0.0,35697079.50000001
2025-08-01 12:29:49 PM,2918.1,3,8754.3,35705833.800000004
2025-08-01 12:30:00 PM,2920.3,0,0.0,35705833.800000004
2025-08-01 12:30:01 PM,2920.3,1,2920.3,35708754.1
2025-08-01 12:30:27 PM,2920.3,1,2920.3,35711674.4
2025-08-01 12:30:42 PM,2919.5,0,0.0,35711674.4
2025-08-01 12:30:42 PM,2919.5,1,2919.5,35714593.9
2025-08-01 12:30:57 PM,2921.8,5,14609.0,35729202.9
2025-08-01 12:33:11 PM,2925.4,30,87762.0,35816964.9
2025-08-01 12:33:18 PM,2924.6,0,0.0,35816964.9
2025-08-01 12:33:20 PM,2924.6,2,5849.2,35822814.1
2025-08-01 12:33:54 PM,2924.3,0,0.0,35822814.1
2025-08-01 12:33:55 PM,2924.3,7,20470.100000000002,35843284.2
2025-08-01 12:34:40 PM,2924.0,0,0.0,35843284.2
2025-08-01 12:34:41 PM,2924.0,99,289476.0,36132760.2
2025-08-01 12:34:44 PM,2921.2,0,0.0,36132760.2
2025-08-01 12:34:46 PM,2921.2,15,43818.0,36176578.2
2025-08-01 12:35:40 PM,2923.4,0,0.0,36176578.2
2025-08-01 12:35:42 PM,2923.4,3,8770.2,36185348.400000006
2025-08-01 12:37:00 PM,2921.7,5,14608.5,36199956.900000006
2025-08-01 12:39:26 PM,2921.2,0,0.0,36199956.900000006
2025-08-01 12:39:28 PM,2921.7,53,154850.09999999998,36354807.00000001
2025-08-01 12:40:19 PM,2921.7,2,5843.4,36360650.400000006
2025-08-01 12:42:18 PM,2921.5,0,0.0,36360650.400000006
2025-08-01 12:42:19 PM,2921.5,10,29215.0,36389865.400000006
2025-08-01 12:43:09 PM,2920.8,0,0.0,36389865.400000006
2025-08-01 12:43:11 PM,2920.8,4,11683.2,36401548.60000001
2025-08-01 12:43:21 PM,2920.1,0,0.0,36401548.60000001
2025-08-01 12:43:22 PM,2920.1,7,20440.7,36421989.30000001
2025-08-01 12:43:54 PM,2919.2,0,0.0,36421989.30000001
2025-08-01 12:43:55 PM,2919.2,3,8757.599999999999,36430746.90000001
2025-08-01 12:44:06 PM,2919.2,20,58384.0,36489130.90000001
2025-08-01 12:44:58 PM,2919.2,2,5838.4,36494969.30000001
2025-08-01 12:45:25 PM,2919.7,9,26277.3,36521246.60000001
2025-08-01 12:46:00 PM,2914.0,0,0.0,36521246.60000001
2025-08-01 12:46:01 PM,2914.0,85,247690.0,36768936.60000001
2025-08-01 12:46:05 PM,2914.0,2,5828.0,36774764.60000001
2025-08-01 12:46:25 PM,2914.0,37,107818.0,36882582.60000001
2025-08-01 12:46:30 PM,2912.6,1,2912.6,36885495.20000001
2025-08-01 12:47:21 PM,2912.6,1,2912.6,36888407.80000001
2025-08-01 12:48:07 PM,2912.0,1,2912.0,36891319.80000001
2025-08-01 12:48:14 PM,2912.9,0,0.0,36891319.80000001
2025-08-01 12:48:16 PM,2912.9,3,8738.7,36900058.500000015
2025-08-01 12:48:16 PM,2912.0,0,0.0,36900058.500000015
2025-08-01 12:48:17 PM,2912.0,14,40768.0,36940826.500000015
2025-08-01 12:48:30 PM,2910.1,0,0.0,36940826.500000015
2025-08-01 12:48:32 PM,2910.1,1,2910.1,36943736.60000002
2025-08-01 12:48:40 PM,2911.4,0,0.0,36943736.60000002
2025-08-01 12:48:42 PM,2911.4,80,232912.0,37176648.60000002
2025-08-01 12:49:08 PM,2910.5,0,0.0,37176648.60000002
2025-08-01 12:49:11 PM,2910.5,11,32015.5,37208664.10000002
2025-08-01 12:49:41 PM,2912.0,3,8736.0,37217400.10000002
2025-08-01 12:50:00 PM,2912.0,3,8736.0,37226136.10000002
2025-08-01 12:51:34 PM,2911.5,3,8734.5,37234870.60000002
2025-08-01 12:52:00 PM,2912.0,0,0.0,37234870.60000002
2025-08-01 12:52:04 PM,2912.0,25,72800.0,37307670.60000002
2025-08-01 12:52:44 PM,2912.0,5,14560.0,37322230.60000002
2025-08-01 12:52:48 PM,2912.0,2,5824.0,37328054.60000002
2025-08-01 12:53:14 PM,2912.0,64,186368.0,37514422.60000002
2025-08-01 12:53:56 PM,2911.9,0,0.0,37514422.60000002
2025-08-01 12:53:59 PM,2911.9,5,14559.5,37528982.10000002
2025-08-01 12:54:18 PM,2911.8,0,0.0,37528982.10000002
2025-08-01 12:54:19 PM,2911.8,3,8735.400000000001,37537717.500000015
2025-08-01 12:54:34 PM,2911.8,2,5823.6,37543541.10000002
2025-08-01 12:54:34 PM,2911.5,0,0.0,37543541.10000002
2025-08-01 12:54:39 PM,2911.5,17,49495.5,37593036.60000002
2025-08-01 12:55:00 PM,2911.5,5,14557.5,37607594.10000002
2025-08-01 12:55:16 PM,2911.5,7,20380.5,37627974.60000002
2025-08-01 12:55:27 PM,2911.5,1,2911.5,37630886.10000002
2025-08-01 12:56:40 PM,2910.0,0,0.0,37630886.10000002
2025-08-01 12:56:41 PM,2910.0,22,64020.0,37694906.10000002
2025-08-01 12:57:41 PM,2910.0,10,29100.0,37724006.10000002
2025-08-01 12:58:44 PM,2911.5,0,0.0,37724006.10000002
2025-08-01 12:58:47 PM,2911.5,2,5823.0,37729829.10000002
2025-08-01 01:00:04 PM,2911.5,1,2911.5,37732740.60000002
2025-08-01 01:00:11 PM,2912.0,0,0.0,37732740.60000002
2025-08-01 01:00:14 PM,2912.0,10,29120.0,37761860.60000002
2025-08-01 01:00:25 PM,2912.0,50,145600.0,37907460.60000002
2025-08-01 01:01:11 PM,2911.5,0,0.0,37907460.60000002
2025-08-01 01:01:12 PM,2911.5,1,2911.5,37910372.10000002
2025-08-01 01:01:23 PM,2912.0,0,0.0,37910372.10000002
2025-08-01 01:01:23 PM,2912.0,1,2912.0,37913284.10000002
2025-08-01 01:01:44 PM,2912.0,30,87360.0,38000644.10000002
2025-08-01 01:02:02 PM,2912.0,25,72800.0,38073444.10000002
2025-08-01 01:02:22 PM,2912.0,6,17472.0,38090916.10000002
2025-08-01 01:03:23 PM,2912.0,2,5824.0,38096740.10000002
2025-08-01 01:03:37 PM,2912.0,10,29120.0,38125860.10000002
2025-08-01 01:03:49 PM,2910.4,0,0.0,38125860.10000002
2025-08-01 01:03:52 PM,2910.4,10,29104.0,38154964.10000002
2025-08-01 01:05:29 PM,2912.0,0,0.0,38154964.10000002
2025-08-01 01:05:30 PM,2912.0,245,713440.0,38868404.10000002
2025-08-01 01:06:45 PM,2915.0,0,0.0,38868404.10000002
2025-08-01 01:06:48 PM,2915.0,7,20405.0,38888809.10000002
2025-08-01 01:07:12 PM,2916.8,0,0.0,38888809.10000002
2025-08-01 01:07:13 PM,2916.8,1,2916.8,38891725.90000001
2025-08-01 01:07:24 PM,2917.5,0,0.0,38891725.90000001
2025-08-01 01:07:25 PM,2917.5,3,8752.5,38900478.40000001
2025-08-01 01:08:14 PM,2917.9,0,0.0,38900478.40000001
2025-08-01 01:08:15 PM,2917.9,76,221760.4,39122238.80000001
2025-08-01 01:08:38 PM,2919.5,0,0.0,39122238.80000001
2025-08-01 01:08:40 PM,2919.5,3,8758.5,39130997.30000001
2025-08-01 01:08:42 PM,2920.3,0,0.0,39130997.30000001
2025-08-01 01:08:44 PM,2917.8,0,0.0,39130997.30000001
2025-08-01 01:08:45 PM,2917.8,5,14589.0,39145586.30000001
2025-08-01 01:09:39 PM,2917.9,0,0.0,39145586.30000001
2025-08-01 01:09:39 PM,2917.9,2,5835.8,39151422.10000001
2025-08-01 01:10:44 PM,2917.8,0,0.0,39151422.10000001
2025-08-01 01:10:46 PM,2917.8,66,192574.80000000002,39343996.900000006
2025-08-01 01:10:49 PM,2920.9,0,0.0,39343996.900000006
2025-08-01 01:10:51 PM,2920.9,5,14604.5,39358601.400000006
2025-08-01 01:13:21 PM,2918.7,0,0.0,39358601.400000006
2025-08-01 01:13:21 PM,2918.7,54,157609.8,39516211.2
2025-08-01 01:13:30 PM,2920.4,0,0.0,39516211.2
2025-08-01 01:13:31 PM,2920.4,4,11681.6,39527892.800000004
2025-08-01 01:13:44 PM,2914.7,42,122417.4,39650310.2
2025-08-01 01:13:59 PM,2914.2,1,2914.2,39653224.400000006
2025-08-01 01:14:12 PM,2917.6,0,0.0,39653224.400000006
2025-08-01 01:14:12 PM,2917.6,17,49599.2,39702823.60000001
2025-08-01 01:15:08 PM,2917.5,1,2917.5,39705741.10000001
2025-08-01 01:15:10 PM,2917.8,0,0.0,39705741.10000001
2025-08-01 01:15:12 PM,2917.8,7,20424.600000000002,39726165.70000001
2025-08-01 01:15:38 PM,2917.5,0,0.0,39726165.70000001
2025-08-01 01:15:39 PM,2917.5,1,2917.5,39729083.20000001
2025-08-01 01:16:38 PM,2920.6,0,0.0,39729083.20000001
2025-08-01 01:16:39 PM,2920.6,71,207362.6,39936445.80000001
2025-08-01 01:17:22 PM,2919.2,0,0.0,39936445.80000001
2025-08-01 01:17:22 PM,2919.2,15,43788.0,39980233.80000001
2025-08-01 01:17:38 PM,2920.4,0,0.0,39980233.80000001
2025-08-01 01:17:39 PM,2920.4,2,5840.8,39986074.60000001
2025-08-01 01:18:24 PM,2918.2,0,0.0,39986074.60000001
2025-08-01 01:18:24 PM,2918.2,4,11672.8,39997747.400000006
2025-08-01 01:19:20 PM,2921.9,0,0.0,39997747.400000006
2025-08-01 01:19:20 PM,2921.9,100,292190.0,40289937.400000006
2025-08-01 01:19:44 PM,2921.4,0,0.0,40289937.400000006
2025-08-01 01:19:44 PM,2921.4,5,14607.0,40304544.400000006
2025-08-01 01:19:54 PM,2921.0,0,0.0,40304544.400000006
2025-08-01 01:19:54 PM,2921.0,5,14605.0,40319149.400000006
2025-08-01 01:20:34 PM,2920.0,0,0.0,40319149.400000006
2025-08-01 01:20:38 PM,2920.0,40,116800.0,40435949.400000006
2025-08-01 01:21:33 PM,2920.0,5,14600.0,40450549.400000006
2025-08-01 01:21:46 PM,2918.8,0,0.0,40450549.400000006
2025-08-01 01:21:47 PM,2918.8,1,2918.8,40453468.2
2025-08-01 01:22:20 PM,2918.8,3,8756.400000000001,40462224.6
2025-08-01 01:22:40 PM,2918.9,0,0.0,40462224.6
2025-08-01 01:22:43 PM,2918.9,5,14594.5,40476819.1
2025-08-01 01:23:35 PM,2918.9,9,26270.100000000002,40503089.2
2025-08-01 01:24:00 PM,2919.1,0,0.0,40503089.2
2025-08-01 01:24:04 PM,2919.1,1,2919.1,40506008.300000004
2025-08-01 01:25:57 PM,2920.4,0,0.0,40506008.300000004
2025-08-01 01:26:01 PM,2920.4,6,17522.4,40523530.7
2025-08-01 01:26:03 PM,2920.9,0,0.0,40523530.7
2025-08-01 01:26:05 PM,2920.9,1,2920.9,40526451.6
2025-08-01 01:26:27 PM,2919.1,0,0.0,40526451.6
2025-08-01 01:26:30 PM,2919.1,10,29191.0,40555642.6
2025-08-01 01:28:02 PM,2920.8,0,0.0,40555642.6
2025-08-01 01:28:03 PM,2920.8,1,2920.8,40558563.4
2025-08-01 01:28:37 PM,2920.8,1,2920.8,40561484.199999996
2025-08-01 01:28:44 PM,2922.5,0,0.0,40561484.199999996
2025-08-01 01:28:46 PM,2922.5,10,29225.0,40590709.199999996
2025-08-01 01:29:16 PM,2921.6,0,0.0,40590709.199999996
2025-08-01 01:29:20 PM,2921.6,10,29216.0,40619925.199999996
2025-08-01 01:30:46 PM,2895.0,0,0.0,40619925.199999996
2025-08-01 01:30:47 PM,2895.0,3578,10358310.0,50978235.199999996
2025-08-01 01:30:47 PM,2894.4,1,2894.4,50981129.599999994
2025-08-01 01:30:48 PM,2896.0,0,0.0,50981129.599999994
2025-08-01 01:30:49 PM,2892.4,0,0.0,50981129.599999994
2025-08-01 01:30:51 PM,2892.4,4,11569.6,50992699.199999996
2025-08-01 01:30:54 PM,2892.1,0,0.0,50992699.199999996
2025-08-01 01:30:56 PM,2892.1,1,2892.1,50995591.3
2025-08-01 01:31:02 PM,2896.8,47,136149.6,51131740.9
2025-08-01 01:31:10 PM,2896.4,0,0.0,51131740.9
2025-08-01 01:31:12 PM,2896.8,42,121665.6,51253406.5
2025-08-01 01:31:14 PM,2897.5,0,0.0,51253406.5
2025-08-01 01:31:16 PM,2896.8,0,0.0,51253406.5
2025-08-01 01:31:17 PM,2896.8,28,81110.40000000001,51334516.9
2025-08-01 01:31:23 PM,2896.8,10,28968.0,51363484.9
2025-08-01 01:31:52 PM,2898.1,1,2898.1,51366383.0
2025-08-01 01:32:02 PM,2899.4,13,37692.200000000004,51404075.2
2025-08-01 01:32:06 PM,2898.0,0,0.0,51404075.2
2025-08-01 01:32:07 PM,2898.0,72,208656.0,51612731.2
2025-08-01 01:32:24 PM,2896.8,0,0.0,51612731.2
2025-08-01 01:32:27 PM,2896.8,10,28968.0,51641699.2
2025-08-01 01:32:28 PM,2897.0,0,0.0,51641699.2
2025-08-01 01:32:31 PM,2897.0,28,81116.0,51722815.2
2025-08-01 01:33:00 PM,2899.1,0,0.0,51722815.2
2025-08-01 01:33:00 PM,2899.1,3,8697.3,51731512.5
2025-08-01 01:33:11 PM,2899.1,9,26091.899999999998,51757604.4
2025-08-01 01:33:15 PM,2899.1,1,2899.1,51760503.5
2025-08-01 01:33:42 PM,2898.8,0,0.0,51760503.5
2025-08-01 01:33:44 PM,2898.8,1,2898.8,51763402.3
2025-08-01 01:34:09 PM,2898.7,0,0.0,51763402.3
2025-08-01 01:34:10 PM,2898.7,1,2898.7,51766301.0
2025-08-01 01:34:24 PM,2898.7,1,2898.7,51769199.7
2025-08-01 01:34:27 PM,2899.0,0,0.0,51769199.7
2025-08-01 01:34:28 PM,2899.0,4,11596.0,51780795.7
2025-08-01 01:34:32 PM,2899.2,4,11596.8,51792392.5
2025-08-01 01:34:38 PM,2899.7,0,0.0,51792392.5
2025-08-01 01:34:38 PM,2899.7,1,2899.7,51795292.2
2025-08-01 01:35:00 PM,2901.9,10,29019.0,51824311.2
2025-08-01 01:35:01 PM,2899.7,28,81191.59999999999,51905502.800000004
2025-08-01 01:35:23 PM,2899.6,0,0.0,51905502.800000004
2025-08-01 01:35:24 PM,2899.6,1,2899.6,51908402.400000006
2025-08-01 01:35:52 PM,2899.7,0,0.0,51908402.400000006
2025-08-01 01:35:54 PM,2899.7,1,2899.7,51911302.10000001
2025-08-01 01:36:12 PM,2898.4,0,0.0,51911302.10000001
2025-08-01 01:36:13 PM,2898.4,3,8695.2,51919997.30000001
2025-08-01 01:38:13 PM,2898.0,384,1112832.0,53032829.30000001
2025-08-01 01:38:13 PM,2897.2,0,0.0,53032829.30000001
2025-08-01 01:38:17 PM,2897.4,0,0.0,53032829.30000001
2025-08-01 01:38:17 PM,2897.4,6,17384.4,53050213.70000001
2025-08-01 01:38:33 PM,2894.8,0,0.0,53050213.70000001
2025-08-01 01:38:33 PM,2894.8,23,66580.40000000001,53116794.10000001
2025-08-01 01:39:32 PM,2896.5,0,0.0,53116794.10000001
2025-08-01 01:39:33 PM,2896.5,1,2896.5,53119690.60000001
2025-08-01 01:40:12 PM,2911.0,0,0.0,53119690.60000001
2025-08-01 01:40:13 PM,2911.0,454,1321594.0,54441284.60000001
2025-08-01 01:40:22 PM,2914.5,0,0.0,54441284.60000001
2025-08-01 01:40:23 PM,2914.5,10,29145.0,54470429.60000001
2025-08-01 01:40:36 PM,2911.0,0,0.0,54470429.60000001
2025-08-01 01:40:38 PM,2911.0,33,96063.0,54566492.60000001
2025-08-01 01:40:48 PM,2911.0,82,238702.0,54805194.60000001
2025-08-01 01:41:02 PM,2915.1,0,0.0,54805194.60000001
2025-08-01 01:41:03 PM,2915.1,23,67047.3,54872241.900000006
2025-08-01 01:41:16 PM,2915.8,0,0.0,54872241.900000006
2025-08-01 01:41:18 PM,2915.8,10,29158.0,54901399.900000006
2025-08-01 01:41:27 PM,2918.1,423,1234356.3,56135756.2
2025-08-01 01:42:44 PM,2914.6,0,0.0,56135756.2
2025-08-01 01:42:46 PM,2912.2,27,78629.4,56214385.6
2025-08-01 01:43:31 PM,2912.8,1,2912.8,56217298.4
2025-08-01 01:44:00 PM,2915.3,0,0.0,56217298.4
2025-08-01 01:44:00 PM,2915.3,5,14576.5,56231874.9
2025-08-01 01:44:45 PM,2916.2,14,40826.799999999996,56272701.699999996
2025-08-01 01:44:58 PM,2917.4,0,0.0,56272701.699999996
2025-08-01 01:45:00 PM,2917.5,11,32092.5,56304794.199999996
2025-08-01 01:45:50 PM,2917.5,3,8752.5,56313546.699999996
2025-08-01 01:46:02 PM,2917.9,0,0.0,56313546.699999996
2025-08-01 01:46:02 PM,2918.0,0,0.0,56313546.699999996
2025-08-01 01:46:04 PM,2918.0,17,49606.0,56363152.699999996
2025-08-01 01:46:59 PM,2918.0,8,23344.0,56386496.699999996
2025-08-01 01:48:20 PM,2913.8,0,0.0,56386496.699999996
2025-08-01 01:48:21 PM,2913.8,10,29138.0,56415634.699999996
2025-08-01 01:48:26 PM,2914.3,0,0.0,56415634.699999996
2025-08-01 01:48:30 PM,2914.3,2,5828.6,56421463.3
2025-08-01 01:49:34 PM,2914.8,0,0.0,56421463.3
2025-08-01 01:49:37 PM,2914.8,1,2914.8,56424378.099999994
2025-08-01 01:50:54 PM,2914.6,0,0.0,56424378.099999994
2025-08-01 01:50:55 PM,2914.6,1,2914.6,56427292.699999996
2025-08-01 01:51:24 PM,2915.0,0,0.0,56427292.699999996
2025-08-01 01:51:25 PM,2915.0,4,11660.0,56438952.699999996
2025-08-01 01:51:56 PM,2915.8,0,0.0,56438952.699999996
2025-08-01 01:51:59 PM,2915.8,4,11663.2,56450615.9
2025-08-01 01:52:28 PM,2915.9,3,8747.7,56459363.6
2025-08-01 01:53:36 PM,2917.8,2,5835.6,56465199.2
2025-08-01 01:53:51 PM,2917.9,0,0.0,56465199.2
2025-08-01 01:53:53 PM,2917.9,3,8753.7,56473952.900000006
2025-08-01 01:54:00 PM,2918.0,0,0.0,56473952.900000006
2025-08-01 01:54:03 PM,2918.0,9,26262.0,56500214.900000006
2025-08-01 01:54:51 PM,2919.0,0,0.0,56500214.900000006
2025-08-01 01:54:51 PM,2919.0,161,469959.0,56970173.900000006
2025-08-01 01:55:08 PM,2921.6,0,0.0,56970173.900000006
2025-08-01 01:55:11 PM,2921.6,3,8764.8,56978938.7
2025-08-01 01:55:22 PM,2919.0,22,64218.0,57043156.7
2025-08-01 01:57:30 PM,2922.0,0,0.0,57043156.7
2025-08-01 01:57:30 PM,2922.0,230,672060.0,57715216.7
2025-08-01 01:57:45 PM,2922.0,6,17532.0,57732748.7
2025-08-01 01:57:48 PM,2917.0,0,0.0,57732748.7
2025-08-01 01:57:49 PM,2918.8,43,125508.40000000001,57858257.1
2025-08-01 01:59:37 PM,2918.5,0,0.0,57858257.1
2025-08-01 01:59:40 PM,2918.5,7,20429.5,57878686.6
2025-08-01 02:00:12 PM,2920.4,0,0.0,57878686.6
2025-08-01 02:00:16 PM,2920.4,719,2099767.6,59978454.2
2025-08-01 02:00:17 PM,2921.2,0,0.0,59978454.2
2025-08-01 02:00:18 PM,2918.5,0,0.0,59978454.2
2025-08-01 02:00:21 PM,2918.5,1131,3300823.5,63279277.7
2025-08-01 02:00:23 PM,2911.0,0,0.0,63279277.7
2025-08-01 02:00:26 PM,2911.0,55,160105.0,63439382.7
2025-08-01 02:00:26 PM,2909.9,0,0.0,63439382.7
2025-08-01 02:00:30 PM,2909.9,86,250251.4,63689634.1
2025-08-01 02:00:32 PM,2910.2,0,0.0,63689634.1
2025-08-01 02:00:35 PM,2910.2,357,1038941.3999999999,64728575.5
2025-08-01 02:00:37 PM,2908.4,0,0.0,64728575.5
2025-08-01 02:00:38 PM,2908.1,0,0.0,64728575.5
2025-08-01 02:00:39 PM,2906.9,64,186041.6,64914617.1
2025-08-01 02:00:41 PM,2906.8,0,0.0,64914617.1
2025-08-01 02:00:44 PM,2906.8,32,93017.6,65007634.7
2025-08-01 02:00:59 PM,2906.5,1,2906.5,65010541.2
2025-08-01 02:01:27 PM,2908.8,3,8726.400000000001,65019267.6
2025-08-01 02:02:07 PM,2908.8,10,29088.0,65048355.6
2025-08-01 02:02:30 PM,2906.6,0,0.0,65048355.6
2025-08-01 02:02:31 PM,2906.6,2,5813.2,65054168.800000004
2025-08-01 02:04:10 PM,2907.5,0,0.0,65054168.800000004
2025-08-01 02:04:12 PM,2907.5,5,14537.5,65068706.300000004
2025-08-01 02:04:22 PM,2907.5,6,17445.0,65086151.300000004
2025-08-01 02:04:32 PM,2907.5,9,26167.5,65112318.800000004
2025-08-01 02:04:38 PM,2907.5,3,8722.5,65121041.300000004
2025-08-01 02:04:42 PM,2907.6,0,0.0,65121041.300000004
2025-08-01 02:04:43 PM,2907.6,2,5815.2,65126856.50000001
2025-08-01 02:04:46 PM,2907.8,0,0.0,65126856.50000001
2025-08-01 02:04:48 PM,2907.8,2,5815.6,65132672.10000001
2025-08-01 02:05:35 PM,2908.0,0,0.0,65132672.10000001
2025-08-01 02:05:38 PM,2908.0,1,2908.0,65135580.10000001
2025-08-01 02:07:21 PM,2908.1,0,0.0,65135580.10000001
2025-08-01 02:07:24 PM,2908.1,2,5816.2,65141396.30000001
2025-08-01 02:09:07 PM,2907.8,14,40709.200000000004,65182105.500000015
2025-08-01 02:09:30 PM,2906.9,0,0.0,65182105.500000015
2025-08-01 02:09:33 PM,2906.9,5,14534.5,65196640.000000015
2025-08-01 02:10:26 PM,2906.7,0,0.0,65196640.000000015
2025-08-01 02:10:27 PM,2906.7,3,8720.099999999999,65205360.10000002
2025-08-01 02:10:33 PM,2906.9,5,14534.5,65219894.60000002
2025-08-01 02:10:49 PM,2906.0,0,0.0,65219894.60000002
2025-08-01 02:10:53 PM,2906.0,4,11624.0,65231518.60000002
2025-08-01 02:11:09 PM,2906.0,1,2906.0,65234424.60000002
2025-08-01 02:11:57 PM,2905.8,0,0.0,65234424.60000002
2025-08-01 02:12:00 PM,2905.8,1,2905.8,65237330.40000001
2025-08-01 02:12:36 PM,2905.8,24,69739.20000000001,65307069.60000002
2025-08-01 02:12:39 PM,2904.1,0,0.0,65307069.60000002
2025-08-01 02:12:41 PM,2904.1,1,2904.1,65309973.70000002
2025-08-01 02:12:50 PM,2903.9,0,0.0,65309973.70000002
2025-08-01 02:12:52 PM,2903.9,25,72597.5,65382571.20000002
2025-08-01 02:12:56 PM,2900.9,0,0.0,65382571.20000002
2025-08-01 02:12:57 PM,2900.9,50,145045.0,65527616.20000002
2025-08-01 02:13:01 PM,2904.1,50,145205.0,65672821.20000002
2025-08-01 02:14:06 PM,2904.0,0,0.0,65672821.20000002
2025-08-01 02:14:06 PM,2904.0,15,43560.0,65716381.20000002
2025-08-01 02:14:28 PM,2904.1,0,0.0,65716381.20000002
2025-08-01 02:14:31 PM,2904.1,52,151013.19999999998,65867394.40000002
2025-08-01 02:14:38 PM,2906.0,0,0.0,65867394.40000002
2025-08-01 02:14:38 PM,2906.0,17,49402.0,65916796.40000002
2025-08-01 02:14:41 PM,2906.0,1,2906.0,65919702.40000002
2025-08-01 02:15:06 PM,2904.2,0,0.0,65919702.40000002
2025-08-01 02:15:07 PM,2904.2,7,20329.399999999998,65940031.80000002
2025-08-01 02:16:28 PM,2905.0,2,5810.0,65945841.80000002
2025-08-01 02:16:38 PM,2904.0,0,0.0,65945841.80000002
2025-08-01 02:16:38 PM,2904.0,5,14520.0,65960361.80000002
2025-08-01 02:17:32 PM,2905.0,0,0.0,65960361.80000002
2025-08-01 02:17:32 PM,2905.0,8,23240.0,65983601.80000002
2025-08-01 02:17:46 PM,2905.1,0,0.0,65983601.80000002
2025-08-01 02:17:47 PM,2905.1,2,5810.2,65989412.00000002
2025-08-01 02:18:13 PM,2905.0,5,14525.0,66003937.00000002
2025-08-01 02:18:34 PM,2905.0,1,2905.0,66006842.00000002
2025-08-01 02:18:44 PM,2905.1,0,0.0,66006842.00000002
2025-08-01 02:18:44 PM,2905.1,6,17430.6,66024272.600000024
2025-08-01 02:18:48 PM,2906.7,0,0.0,66024272.600000024
2025-08-01 02:18:49 PM,2906.7,20,58134.0,66082406.600000024
2025-08-01 02:18:49 PM,2906.1,2,5812.2,66088218.80000003
2025-08-01 02:19:23 PM,2904.9,0,0.0,66088218.80000003
2025-08-01 02:19:25 PM,2904.9,9,26144.100000000002,66114362.90000003
2025-08-01 02:21:12 PM,2904.8,0,0.0,66114362.90000003
2025-08-01 02:21:13 PM,2904.8,3,8714.400000000001,66123077.30000003
2025-08-01 02:21:23 PM,2904.8,7,20333.600000000002,66143410.90000003
2025-08-01 02:21:29 PM,2904.8,10,29048.0,66172458.90000003
2025-08-01 02:21:50 PM,2902.9,86,249649.4,66422108.30000003
2025-08-01 02:21:55 PM,2902.0,0,0.0,66422108.30000003
2025-08-01 02:21:55 PM,2902.0,41,118982.0,66541090.30000003
2025-08-01 02:22:06 PM,2902.0,2,5804.0,66546894.30000003
2025-08-01 02:22:11 PM,2902.1,2,5804.2,66552698.50000003
2025-08-01 02:22:16 PM,2902.0,59,171218.0,66723916.50000003
2025-08-01 02:22:27 PM,2900.5,1,2900.5,66726817.00000003
2025-08-01 02:22:38 PM,2900.5,1,2900.5,66729717.50000003
2025-08-01 02:22:52 PM,2900.6,0,0.0,66729717.50000003
2025-08-01 02:22:54 PM,2900.6,2,5801.2,66735518.70000003
2025-08-01 02:23:16 PM,2900.5,1,2900.5,66738419.20000003
2025-08-01 02:24:03 PM,2900.5,1,2900.5,66741319.70000003
2025-08-01 02:24:19 PM,2900.0,54,156600.0,66897919.70000003
2025-08-01 02:24:23 PM,2898.0,0,0.0,66897919.70000003
2025-08-01 02:24:24 PM,2898.0,25,72450.0,66970369.70000003
2025-08-01 02:24:25 PM,2895.6,2,5791.2,66976160.900000036
2025-08-01 02:24:39 PM,2896.9,0,0.0,66976160.900000036
2025-08-01 02:24:40 PM,2896.9,11,31865.9,67008026.800000034
2025-08-01 02:25:15 PM,2896.1,0,0.0,67008026.800000034
2025-08-01 02:25:18 PM,2896.1,10,28961.0,67036987.800000034
2025-08-01 02:25:20 PM,2898.0,0,0.0,67036987.800000034
2025-08-01 02:25:23 PM,2898.0,10,28980.0,67065967.800000034
2025-08-01 02:25:59 PM,2899.9,0,0.0,67065967.800000034
2025-08-01 02:26:00 PM,2899.9,92,266790.8,67332758.60000004
2025-08-01 02:26:16 PM,2899.9,5,14499.5,67347258.10000004
2025-08-01 02:26:56 PM,2898.0,0,0.0,67347258.10000004
2025-08-01 02:26:58 PM,2898.0,17,49266.0,67396524.10000004
2025-08-01 02:27:23 PM,2897.8,0,0.0,67396524.10000004
2025-08-01 02:27:26 PM,2897.8,1,2897.8,67399421.90000004
2025-08-01 02:27:27 PM,2896.6,0,0.0,67399421.90000004
2025-08-01 02:27:31 PM,2896.6,6,17379.6,67416801.50000003
2025-08-01 02:27:47 PM,2896.6,3,8689.8,67425491.30000003
2025-08-01 02:27:58 PM,2896.6,1,2896.6,67428387.90000002
2025-08-01 02:28:03 PM,2896.6,17,49242.2,67477630.10000002
2025-08-01 02:28:09 PM,2896.6,7,20276.2,67497906.30000003
2025-08-01 02:28:13 PM,2896.0,0,0.0,67497906.30000003
2025-08-01 02:28:14 PM,2896.0,10,28960.0,67526866.30000003
2025-08-01 02:28:25 PM,2896.4,0,0.0,67526866.30000003
2025-08-01 02:28:25 PM,2896.4,2,5792.8,67532659.10000002
2025-08-01 02:28:47 PM,2896.8,2,5793.6,67538452.70000002
2025-08-01 02:29:16 PM,2897.7,15,43465.5,67581918.20000002
2025-08-01 02:29:22 PM,2896.9,0,0.0,67581918.20000002
2025-08-01 02:29:22 PM,2896.9,1,2896.9,67584815.10000002
2025-08-01 02:29:58 PM,2895.0,0,0.0,67584815.10000002
2025-08-01 02:29:59 PM,2895.0,18,52110.0,67636925.10000002
2025-08-01 02:30:02 PM,2895.1,0,0.0,67636925.10000002
2025-08-01 02:30:05 PM,2895.1,2,5790.2,67642715.30000003
2025-08-01 02:30:11 PM,2895.0,0,0.0,67642715.30000003
2025-08-01 02:30:11 PM,2895.0,6,17370.0,67660085.30000003
2025-08-01 02:30:53 PM,2896.2,0,0.0,67660085.30000003
2025-08-01 02:30:53 PM,2896.2,1,2896.2,67662981.50000003
2025-08-01 02:31:17 PM,2896.1,0,0.0,67662981.50000003
2025-08-01 02:31:17 PM,2896.1,10,28961.0,67691942.50000003
2025-08-01 02:32:00 PM,2896.1,1,2896.1,67694838.60000002
2025-08-01 02:32:46 PM,2897.2,0,0.0,67694838.60000002
2025-08-01 02:32:47 PM,2897.2,48,139065.59999999998,67833904.20000002
2025-08-01 02:32:55 PM,2896.5,0,0.0,67833904.20000002
2025-08-01 02:32:55 PM,2896.5,2,5793.0,67839697.20000002
2025-08-01 02:34:31 PM,2897.5,0,0.0,67839697.20000002
2025-08-01 02:34:32 PM,2897.5,1,2897.5,67842594.70000002
2025-08-01 02:34:37 PM,2897.7,0,0.0,67842594.70000002
2025-08-01 02:34:37 PM,2897.7,11,31874.699999999997,67874469.40000002
2025-08-01 02:35:26 PM,2897.6,0,0.0,67874469.40000002
2025-08-01 02:35:26 PM,2897.6,3,8692.8,67883162.20000002
2025-08-01 02:35:36 PM,2897.5,0,0.0,67883162.20000002
2025-08-01 02:35:38 PM,2897.5,6,17385.0,67900547.20000002
2025-08-01 02:36:01 PM,2896.0,0,0.0,67900547.20000002
2025-08-01 02:36:01 PM,2896.0,1,2896.0,67903443.20000002
2025-08-01 02:36:03 PM,2897.4,0,0.0,67903443.20000002
2025-08-01 02:36:05 PM,2897.4,1,2897.4,67906340.60000002
2025-08-01 02:36:32 PM,2896.6,2,5793.2,67912133.80000003
2025-08-01 02:37:12 PM,2896.5,0,0.0,67912133.80000003
2025-08-01 02:37:12 PM,2896.5,2,5793.0,67917926.80000003
2025-08-01 02:37:27 PM,2896.5,2,5793.0,67923719.80000003
2025-08-01 02:37:33 PM,2897.3,0,0.0,67923719.80000003
2025-08-01 02:37:36 PM,2897.3,10,28973.0,67952692.80000003
2025-08-01 02:37:37 PM,2897.4,1,2897.4,67955590.20000003
2025-08-01 02:37:57 PM,2897.7,0,0.0,67955590.20000003
2025-08-01 02:37:57 PM,2897.7,40,115908.0,68071498.20000003
2025-08-01 02:38:00 PM,2897.5,0,0.0,68071498.20000003
2025-08-01 02:38:03 PM,2897.5,2,5795.0,68077293.20000003
2025-08-01 02:38:04 PM,2897.5,2,5795.0,68083088.20000003
2025-08-01 02:38:07 PM,2897.1,0,0.0,68083088.20000003
2025-08-01 02:38:09 PM,2897.1,9,26073.899999999998,68109162.10000004
2025-08-01 02:38:17 PM,2896.9,0,0.0,68109162.10000004
2025-08-01 02:38:20 PM,2896.9,15,43453.5,68152615.60000004
2025-08-01 02:38:35 PM,2897.8,0,0.0,68152615.60000004
2025-08-01 02:38:37 PM,2898.0,0,0.0,68152615.60000004
2025-08-01 02:38:37 PM,2898.0,81,234738.0,68387353.60000004
2025-08-01 02:39:13 PM,2898.0,1,2898.0,68390251.60000004
2025-08-01 02:39:30 PM,2899.2,1,2899.2,68393150.80000004
2025-08-01 02:40:30 PM,2899.2,1,2899.2,68396050.00000004
2025-08-01 02:41:21 PM,2900.0,1,2900.0,68398950.00000004
2025-08-01 02:41:59 PM,2901.7,0,0.0,68398950.00000004
2025-08-01 02:42:02 PM,2901.5,0,0.0,68398950.00000004
2025-08-01 02:42:02 PM,2901.5,27,78340.5,68477290.50000004
2025-08-01 02:42:05 PM,2900.8,0,0.0,68477290.50000004
2025-08-01 02:42:06 PM,2899.2,0,0.0,68477290.50000004
2025-08-01 02:42:08 PM,2899.2,297,861062.3999999999,69338352.90000005
2025-08-01 02:42:11 PM,2898.0,0,0.0,69338352.90000005
2025-08-01 02:42:14 PM,2898.0,11,31878.0,69370230.90000005
2025-08-01 02:42:17 PM,2897.0,0,0.0,69370230.90000005
2025-08-01 02:42:19 PM,2897.0,51,147747.0,69517977.90000005
2025-08-01 02:43:34 PM,2897.9,5,14489.5,69532467.40000005
2025-08-01 02:43:38 PM,2897.8,0,0.0,69532467.40000005
2025-08-01 02:43:39 PM,2897.8,2,5795.6,69538263.00000004
2025-08-01 02:43:55 PM,2896.1,4,11584.4,69549847.40000005
2025-08-01 02:44:40 PM,2898.7,0,0.0,69549847.40000005
2025-08-01 02:44:40 PM,2898.7,34,98555.79999999999,69648403.20000005
2025-08-01 02:45:37 PM,2900.0,5,14500.0,69662903.20000005
2025-08-01 02:45:46 PM,2900.1,0,0.0,69662903.20000005
2025-08-01 02:45:47 PM,2900.1,32,92803.2,69755706.40000005
2025-08-01 02:46:10 PM,2900.1,1,2900.1,69758606.50000004
2025-08-01 02:46:16 PM,2899.7,44,127586.79999999999,69886193.30000004
2025-08-01 02:46:27 PM,2900.9,0,0.0,69886193.30000004
2025-08-01 02:46:27 PM,2900.9,140,406126.0,70292319.30000004
2025-08-01 02:46:48 PM,2905.0,0,0.0,70292319.30000004
2025-08-01 02:46:48 PM,2905.0,67,194635.0,70486954.30000004
2025-08-01 02:46:57 PM,2906.6,0,0.0,70486954.30000004
2025-08-01 02:46:59 PM,2906.6,71,206368.6,70693322.90000004
2025-08-01 02:47:38 PM,2909.0,0,0.0,70693322.90000004
2025-08-01 02:47:39 PM,2909.0,336,977424.0,71670746.90000004
2025-08-01 02:47:51 PM,2907.9,50,145395.0,71816141.90000004
2025-08-01 02:48:03 PM,2914.9,293,854065.7000000001,72670207.60000004
2025-08-01 02:48:05 PM,2910.0,0,0.0,72670207.60000004
2025-08-01 02:48:08 PM,2910.0,1,2910.0,72673117.60000004
2025-08-01 02:48:23 PM,2908.0,0,0.0,72673117.60000004
2025-08-01 02:48:25 PM,2908.0,52,151216.0,72824333.60000004
2025-08-01 02:48:59 PM,2909.2,0,0.0,72824333.60000004
2025-08-01 02:48:59 PM,2909.2,3,8727.599999999999,72833061.20000003
2025-08-01 02:49:23 PM,2908.4,0,0.0,72833061.20000003
2025-08-01 02:49:26 PM,2908.4,50,145420.0,72978481.20000003
2025-08-01 02:49:32 PM,2912.9,53,154383.7,73132864.90000004
2025-08-01 02:49:48 PM,2915.7,0,0.0,73132864.90000004
2025-08-01 02:49:48 PM,2915.7,1,2915.7,73135780.60000004
2025-08-01 02:50:06 PM,2917.3,14,40842.200000000004,73176622.80000004
2025-08-01 02:51:14 PM,2916.5,0,0.0,73176622.80000004
2025-08-01 02:51:16 PM,2916.5,3,8749.5,73185372.30000004
2025-08-01 02:53:42 PM,2915.3,0,0.0,73185372.30000004
2025-08-01 02:53:43 PM,2915.3,10,29153.0,73214525.30000004
2025-08-01 02:54:04 PM,2914.9,1,2914.9,73217440.20000005
2025-08-01 02:54:17 PM,2914.8,0,0.0,73217440.20000005
2025-08-01 02:54:18 PM,2914.8,3,8744.400000000001,73226184.60000005
2025-08-01 02:54:30 PM,2914.9,0,0.0,73226184.60000005
2025-08-01 02:54:31 PM,2914.9,1,2914.9,73229099.50000006
2025-08-01 02:54:52 PM,2914.9,1,2914.9,73232014.40000007
2025-08-01 02:55:03 PM,2915.0,1,2915.0,73234929.40000007
2025-08-01 02:55:47 PM,2915.9,5,14579.5,73249508.90000007
2025-08-01 02:56:14 PM,2914.8,1,2914.8,73252423.70000006
2025-08-01 02:56:36 PM,2914.8,6,17488.800000000003,73269912.50000006
2025-08-01 02:57:21 PM,2914.8,85,247758.00000000003,73517670.50000006
2025-08-01 02:57:34 PM,2917.7,0,0.0,73517670.50000006
2025-08-01 02:57:36 PM,2917.7,1,2917.7,73520588.20000006
2025-08-01 02:58:13 PM,2919.0,0,0.0,73520588.20000006
2025-08-01 02:58:15 PM,2919.0,50,145950.0,73666538.20000006
2025-08-01 02:59:56 PM,2918.6,0,0.0,73666538.20000006
2025-08-01 02:59:57 PM,2918.6,15,43779.0,73710317.20000006
2025-08-01 03:00:08 PM,2915.2,0,0.0,73710317.20000006
2025-08-01 03:00:09 PM,2915.2,1,2915.2,73713232.40000007
2025-08-01 03:00:14 PM,2913.4,0,0.0,73713232.40000007
2025-08-01 03:00:15 PM,2914.6,17,49548.2,73762780.60000007
2025-08-01 03:00:24 PM,2911.6,0,0.0,73762780.60000007
2025-08-01 03:00:27 PM,2911.6,5,14558.0,73777338.60000007
2025-08-01 03:00:30 PM,2911.2,0,0.0,73777338.60000007
2025-08-01 03:00:33 PM,2911.2,6,17467.199999999997,73794805.80000007
2025-08-01 03:00:38 PM,2910.6,2,5821.2,73800627.00000007
2025-08-01 03:00:41 PM,2911.1,17,49488.7,73850115.70000008
2025-08-01 03:00:44 PM,2910.7,0,0.0,73850115.70000008
2025-08-01 03:00:44 PM,2910.7,2,5821.4,73855937.10000008
2025-08-01 03:00:50 PM,2910.3,0,0.0,73855937.10000008
2025-08-01 03:00:50 PM,2910.3,2,5820.6,73861757.70000008
2025-08-01 03:00:56 PM,2911.6,2,5823.2,73867580.90000008
2025-08-01 03:01:09 PM,2915.1,0,0.0,73867580.90000008
2025-08-01 03:01:11 PM,2915.1,1,2915.1,73870496.00000007
2025-08-01 03:01:17 PM,2914.2,0,0.0,73870496.00000007
2025-08-01 03:01:18 PM,2914.2,4,11656.8,73882152.80000007
2025-08-01 03:01:32 PM,2914.7,0,0.0,73882152.80000007
2025-08-01 03:01:33 PM,2914.7,5,14573.5,73896726.30000007
2025-08-01 03:01:38 PM,2911.8,0,0.0,73896726.30000007
2025-08-01 03:01:39 PM,2911.8,2,5823.6,73902549.90000007
2025-08-01 03:03:32 PM,2912.5,5,14562.5,73917112.40000007
2025-08-01 03:03:35 PM,2912.0,70,203840.0,74120952.40000007
2025-08-01 03:03:59 PM,2912.8,1,2912.8,74123865.20000006
2025-08-01 03:04:02 PM,2910.1,10,29101.0,74152966.20000006
2025-08-01 03:04:19 PM,2911.5,0,0.0,74152966.20000006
2025-08-01 03:04:21 PM,2911.5,1,2911.5,74155877.70000006
2025-08-01 03:04:27 PM,2912.0,40,116480.0,74272357.70000006
2025-08-01 03:04:31 PM,2912.9,0,0.0,74272357.70000006
2025-08-01 03:04:33 PM,2910.2,3,8730.599999999999,74281088.30000006
2025-08-01 03:04:45 PM,2918.0,0,0.0,74281088.30000006
2025-08-01 03:04:45 PM,2918.0,467,1362706.0,75643794.30000006
2025-08-01 03:04:54 PM,2915.0,10,29150.0,75672944.30000006
2025-08-01 03:05:03 PM,2913.0,0,0.0,75672944.30000006
2025-08-01 03:05:04 PM,2913.0,104,302952.0,75975896.30000006
2025-08-01 03:05:07 PM,2917.1,2,5834.2,75981730.50000006
2025-08-01 03:05:48 PM,2914.8,0,0.0,75981730.50000006
2025-08-01 03:05:48 PM,2914.7,3,8744.099999999999,75990474.60000005
2025-08-01 03:07:21 PM,2910.8,38,110610.40000000001,76101085.00000006
2025-08-01 03:07:29 PM,2910.1,0,0.0,76101085.00000006
2025-08-01 03:07:30 PM,2910.1,2,5820.2,76106905.20000006
2025-08-01 03:07:33 PM,2908.7,21,61082.7,76167987.90000007
2025-08-01 03:07:50 PM,2909.4,0,0.0,76167987.90000007
2025-08-01 03:07:52 PM,2909.4,1,2909.4,76170897.30000007
2025-08-01 03:07:54 PM,2911.9,65,189273.5,76360170.80000007
2025-08-01 03:07:59 PM,2916.0,0,0.0,76360170.80000007
2025-08-01 03:08:00 PM,2916.0,20,58320.0,76418490.80000007
2025-08-01 03:08:31 PM,2915.0,32,93280.0,76511770.80000007
2025-08-01 03:08:35 PM,2915.0,3,8745.0,76520515.80000007
2025-08-01 03:08:54 PM,2915.0,123,358545.0,76879060.80000007
2025-08-01 03:09:10 PM,2915.1,0,0.0,76879060.80000007
2025-08-01 03:09:14 PM,2915.1,1,2915.1,76881975.90000007
2025-08-01 03:09:26 PM,2916.8,0,0.0,76881975.90000007
2025-08-01 03:09:26 PM,2916.8,208,606694.4,77488670.30000007
2025-08-01 03:09:28 PM,2915.4,2,5830.8,77494501.10000007
2025-08-01 03:09:51 PM,2917.0,0,0.0,77494501.10000007
2025-08-01 03:09:53 PM,2915.0,36,104940.0,77599441.10000007
2025-08-01 03:09:55 PM,2918.3,503,1467904.9000000001,79067346.00000007
2025-08-01 03:10:02 PM,2915.0,49,142835.0,79210181.00000007
2025-08-01 03:10:28 PM,2915.0,5,14575.0,79224756.00000007
2025-08-01 03:10:35 PM,2915.0,5,14575.0,79239331.00000007
2025-08-01 03:10:54 PM,2915.0,30,87450.0,79326781.00000007
2025-08-01 03:11:07 PM,2915.0,11,32065.0,79358846.00000007
2025-08-01 03:11:09 PM,2915.0,1,2915.0,79361761.00000007
2025-08-01 03:11:20 PM,2915.0,20,58300.0,79420061.00000007
2025-08-01 03:11:34 PM,2915.0,30,87450.0,79507511.00000007
2025-08-01 03:11:39 PM,2915.0,10,29150.0,79536661.00000007
2025-08-01 03:11:45 PM,2915.4,70,204078.0,79740739.00000007
2025-08-01 03:11:47 PM,2915.1,0,0.0,79740739.00000007
2025-08-01 03:11:47 PM,2915.1,1,2915.1,79743654.10000007
2025-08-01 03:12:40 PM,2915.0,3,8745.0,79752399.10000007
2025-08-01 03:12:43 PM,2915.1,5,14575.5,79766974.60000007
2025-08-01 03:12:46 PM,2915.1,4,11660.4,79778635.00000007
2025-08-01 03:12:50 PM,2915.0,1,2915.0,79781550.00000007
2025-08-01 03:12:56 PM,2915.0,345,1005675.0,80787225.00000007
2025-08-01 03:12:59 PM,2915.0,23,67045.0,80854270.00000007
2025-08-01 03:13:03 PM,2915.0,3,8745.0,80863015.00000007
2025-08-01 03:13:10 PM,2915.1,0,0.0,80863015.00000007
2025-08-01 03:13:10 PM,2915.1,5,14575.5,80877590.50000007
2025-08-01 03:13:13 PM,2915.1,1,2915.1,80880505.60000007
2025-08-01 03:13:16 PM,2915.1,1,2915.1,80883420.70000006
2025-08-01 03:13:40 PM,2915.3,42,122442.6,81005863.30000006
2025-08-01 03:13:43 PM,2915.3,28,81628.40000000001,81087491.70000006
2025-08-01 03:14:14 PM,2915.5,37,107873.5,81195365.20000006
2025-08-01 03:14:26 PM,2915.5,44,128282.0,81323647.20000006
2025-08-01 03:14:29 PM,2915.5,95,276972.5,81600619.70000006
2025-08-01 03:14:47 PM,2915.5,25,72887.5,81673507.20000006
2025-08-01 03:15:15 PM,2915.6,0,0.0,81673507.20000006
2025-08-01 03:15:18 PM,2915.5,26,75803.0,81749310.20000006
2025-08-01 03:15:24 PM,2915.9,0,0.0,81749310.20000006
2025-08-01 03:15:25 PM,2915.9,3,8747.7,81758057.90000007
2025-08-01 03:15:30 PM,2915.5,0,0.0,81758057.90000007
2025-08-01 03:15:33 PM,2915.5,101,294465.5,82052523.40000007
2025-08-01 03:15:43 PM,2915.0,5,14575.0,82067098.40000007
2025-08-01 03:15:48 PM,2914.6,1,2914.6,82070013.00000006
2025-08-01 03:15:55 PM,2908.7,2,5817.4,82075830.40000007
2025-08-01 03:16:04 PM,2908.7,2,5817.4,82081647.80000007
2025-08-01 03:16:08 PM,2908.0,0,0.0,82081647.80000007
2025-08-01 03:16:09 PM,2908.0,9,26172.0,82107819.80000007
2025-08-01 03:16:16 PM,2905.0,4,11620.0,82119439.80000007
2025-08-01 03:16:30 PM,2905.0,16,46480.0,82165919.80000007
2025-08-01 03:16:45 PM,2906.7,10,29067.0,82194986.80000007
2025-08-01 03:17:05 PM,2906.5,2,5813.0,82200799.80000007
2025-08-01 03:17:17 PM,2906.8,14,40695.200000000004,82241495.00000007
2025-08-01 03:17:25 PM,2908.4,5,14542.0,82256037.00000007
2025-08-01 03:17:27 PM,2905.1,0,0.0,82256037.00000007
2025-08-01 03:17:30 PM,2905.1,8,23240.8,82279277.80000007
2025-08-01 03:17:42 PM,2909.4,0,0.0,82279277.80000007
2025-08-01 03:17:43 PM,2909.4,4,11637.6,82290915.40000007
2025-08-01 03:17:44 PM,2909.1,2,5818.2,82296733.60000007
2025-08-01 03:17:49 PM,2905.1,1,2905.1,82299638.70000006
2025-08-01 03:18:04 PM,2908.0,4,11632.0,82311270.70000006
2025-08-01 03:18:07 PM,2901.1,0,0.0,82311270.70000006
2025-08-01 03:18:09 PM,2901.0,98,284298.0,82595568.70000006
2025-08-01 03:18:11 PM,2905.3,9,26147.7,82621716.40000007
2025-08-01 03:18:23 PM,2905.3,4,11621.2,82633337.60000007
2025-08-01 03:18:24 PM,2905.3,30,87159.0,82720496.60000007
2025-08-01 03:18:26 PM,2905.7,0,0.0,82720496.60000007
2025-08-01 03:18:29 PM,2905.7,54,156907.8,82877404.40000007
2025-08-01 03:18:31 PM,2905.3,1,2905.3,82880309.70000006
2025-08-01 03:18:42 PM,2903.3,10,29033.0,82909342.70000006
2025-08-01 03:19:01 PM,2901.4,0,0.0,82909342.70000006
2025-08-01 03:19:01 PM,2901.4,1,2901.4,82912244.10000007
2025-08-01 03:19:10 PM,2905.7,31,90076.7,83002320.80000007
2025-08-01 03:19:35 PM,2905.0,4,11620.0,83013940.80000007
2025-08-01 03:19:56 PM,2903.1,2,5806.2,83019747.00000007
2025-08-01 03:20:23 PM,2905.0,6,17430.0,83037177.00000007
2025-08-01 03:20:46 PM,2903.1,0,0.0,83037177.00000007
2025-08-01 03:20:46 PM,2903.1,1,2903.1,83040080.10000007
2025-08-01 03:21:11 PM,2905.0,7,20335.0,83060415.10000007
2025-08-01 03:21:18 PM,2905.0,2,5810.0,83066225.10000007
2025-08-01 03:21:39 PM,2905.0,38,110390.0,83176615.10000007
2025-08-01 03:21:57 PM,2905.1,0,0.0,83176615.10000007
2025-08-01 03:21:59 PM,2905.1,4,11620.4,83188235.50000007
2025-08-01 03:22:53 PM,2905.5,50,145275.0,83333510.50000007
2025-08-01 03:23:06 PM,2905.5,2,5811.0,83339321.50000007
2025-08-01 03:23:12 PM,2905.5,2,5811.0,83345132.50000007
2025-08-01 03:23:28 PM,2905.5,2,5811.0,83350943.50000007
2025-08-01 03:23:33 PM,2905.5,11,31960.5,83382904.00000007
2025-08-01 03:23:41 PM,2905.0,17,49385.0,83432289.00000007
2025-08-01 03:23:52 PM,2905.0,2,5810.0,83438099.00000007
2025-08-01 03:24:07 PM,2905.0,2,5810.0,83443909.00000007
2025-08-01 03:24:19 PM,2905.0,10,29050.0,83472959.00000007
2025-08-01 03:24:26 PM,2905.0,4,11620.0,83484579.00000007
2025-08-01 03:24:32 PM,2909.1,11,32000.1,83516579.10000007
2025-08-01 03:24:34 PM,2905.0,2,5810.0,83522389.10000007
2025-08-01 03:24:46 PM,2905.0,2,5810.0,83528199.10000007
2025-08-01 03:24:52 PM,2909.1,0,0.0,83528199.10000007
2025-08-01 03:24:53 PM,2909.1,2,5818.2,83534017.30000007
2025-08-01 03:24:59 PM,2905.0,25,72625.0,83606642.30000007
2025-08-01 03:25:01 PM,2908.8,0,0.0,83606642.30000007
2025-08-01 03:25:05 PM,2905.0,0,0.0,83606642.30000007
2025-08-01 03:25:06 PM,2905.0,11,31955.0,83638597.30000007
2025-08-01 03:25:13 PM,2905.0,8,23240.0,83661837.30000007
2025-08-01 03:25:19 PM,2905.0,16,46480.0,83708317.30000007
2025-08-01 03:25:20 PM,2905.0,2,5810.0,83714127.30000007
2025-08-01 03:25:27 PM,2908.8,12,34905.600000000006,83749032.90000007
2025-08-01 03:25:38 PM,2905.0,2,5810.0,83754842.90000007
2025-08-01 03:25:40 PM,2910.4,155,451112.0,84205954.90000007
2025-08-01 03:25:45 PM,2910.0,10,29100.0,84235054.90000007
2025-08-01 03:25:58 PM,2910.0,35,101850.0,84336904.90000007
2025-08-01 03:26:04 PM,2910.0,2,5820.0,84342724.90000007
2025-08-01 03:26:25 PM,2910.0,20,58200.0,84400924.90000007
2025-08-01 03:26:31 PM,2912.4,1,2912.4,84403837.30000007
2025-08-01 03:26:33 PM,2914.0,788,2296232.0,86700069.30000007
2025-08-01 03:26:35 PM,2903.2,0,0.0,86700069.30000007
2025-08-01 03:26:38 PM,2909.0,62,180358.0,86880427.30000007
2025-08-01 03:26:44 PM,2903.0,49,142247.0,87022674.30000007
2025-08-01 03:26:51 PM,2909.0,95,276355.0,87299029.30000007
2025-08-01 03:27:06 PM,2908.2,10,29082.0,87328111.30000007
2025-08-01 03:27:11 PM,2903.1,6,17418.6,87345529.90000007
2025-08-01 03:27:18 PM,2903.1,3,8709.3,87354239.20000006
2025-08-01 03:27:25 PM,2903.1,34,98705.4,87452944.60000007
2025-08-01 03:27:42 PM,2903.0,36,104508.0,87557452.60000007
2025-08-01 03:27:47 PM,2903.1,1,2903.1,87560355.70000006
2025-08-01 03:27:58 PM,2903.0,0,0.0,87560355.70000006
2025-08-01 03:28:00 PM,2903.0,7,20321.0,87580676.70000006
2025-08-01 03:28:07 PM,2903.1,2,5806.2,87586482.90000007
2025-08-01 03:28:09 PM,2903.1,10,29031.0,87615513.90000007
2025-08-01 03:28:18 PM,2903.0,0,0.0,87615513.90000007
2025-08-01 03:28:21 PM,2903.0,73,211919.0,87827432.90000007
2025-08-01 03:28:23 PM,2904.2,50,145210.0,87972642.90000007
2025-08-01 03:28:27 PM,2911.2,0,0.0,87972642.90000007
2025-08-01 03:28:28 PM,2911.2,26,75691.2,88048334.10000007
2025-08-01 03:28:34 PM,2910.0,0,0.0,88048334.10000007
2025-08-01 03:28:35 PM,2910.0,30,87300.0,88135634.10000007
2025-08-01 03:28:47 PM,2908.4,0,0.0,88135634.10000007
2025-08-01 03:28:49 PM,2908.4,2,5816.8,88141450.90000007
2025-08-01 03:28:56 PM,2908.4,1,2908.4,88144359.30000007
2025-08-01 03:28:57 PM,2900.0,121,350900.0,88495259.30000007
2025-08-01 03:29:10 PM,2899.3,30,86979.0,88582238.30000007
2025-08-01 03:29:13 PM,2899.3,10,28993.0,88611231.30000007
2025-08-01 03:29:14 PM,2899.0,0,0.0,88611231.30000007
2025-08-01 03:29:19 PM,2899.0,6,17394.0,88628625.30000007
2025-08-01 03:29:21 PM,2899.0,31,89869.0,88718494.30000007
2025-08-01 03:29:26 PM,2899.0,2,5798.0,88724292.30000007
2025-08-01 03:29:34 PM,2895.0,7,20265.0,88744557.30000007
2025-08-01 03:29:41 PM,2899.0,5,14495.0,88759052.30000007
2025-08-01 03:29:48 PM,2899.0,3,8697.0,88767749.30000007
2025-08-01 03:29:59 PM,2890.0,0,0.0,88767749.30000007
