date,price,qty,trnvr,cum_trnvr
2025-08-01 09:15:00 AM,1168.0,860,1004480.0,1004480.0
2025-08-01 09:15:00 AM,1167.9,0,0.0,1004480.0
2025-08-01 09:15:00 AM,1167.9,1,1167.9,1005647.9
2025-08-01 09:15:01 AM,1165.0,0,0.0,1005647.9
2025-08-01 09:15:09 AM,1161.0,0,0.0,1005647.9
2025-08-01 09:15:10 AM,1161.0,2483,2882763.0,3888410.9
2025-08-01 09:15:12 AM,1161.2,1337,1552524.4000000001,5440935.3
2025-08-01 09:15:18 AM,1162.8,0,0.0,5440935.3
2025-08-01 09:15:19 AM,1163.0,0,0.0,5440935.3
2025-08-01 09:15:21 AM,1163.8,404,470175.19999999995,5911110.5
2025-08-01 09:15:23 AM,1165.0,87,101355.0,6012465.5
2025-08-01 09:15:26 AM,1162.6,0,0.0,6012465.5
2025-08-01 09:15:30 AM,1161.6,368,427468.8,6439934.3
2025-08-01 09:15:32 AM,1161.6,32,37171.2,6477105.5
2025-08-01 09:15:38 AM,1161.0,1000,1161000.0,7638105.5
2025-08-01 09:15:40 AM,1162.1,207,240554.69999999998,7878660.2
2025-08-01 09:15:46 AM,1162.2,0,0.0,7878660.2
2025-08-01 09:15:47 AM,1162.2,308,357957.60000000003,8236617.8
2025-08-01 09:15:48 AM,1162.7,600,697620.0,8934237.8
2025-08-01 09:15:51 AM,1161.3,0,0.0,8934237.8
2025-08-01 09:15:53 AM,1161.2,0,0.0,8934237.8
2025-08-01 09:15:55 AM,1162.0,215,249830.0,9184067.8
2025-08-01 09:15:57 AM,1162.0,225,261450.0,9445517.8
2025-08-01 09:16:00 AM,1162.1,0,0.0,9445517.8
2025-08-01 09:16:02 AM,1161.9,0,0.0,9445517.8
2025-08-01 09:16:03 AM,1161.9,63,73199.70000000001,9518717.5
2025-08-01 09:16:05 AM,1161.3,300,348390.0,9867107.5
2025-08-01 09:16:08 AM,1162.1,0,0.0,9867107.5
2025-08-01 09:16:11 AM,1160.0,1478,1714480.0,11581587.5
2025-08-01 09:16:13 AM,1160.0,45,52200.0,11633787.5
2025-08-01 09:16:16 AM,1159.0,0,0.0,11633787.5
2025-08-01 09:16:19 AM,1160.1,1613,1871241.2999999998,13505028.8
2025-08-01 09:16:24 AM,1160.0,0,0.0,13505028.8
2025-08-01 09:16:26 AM,1159.7,0,0.0,13505028.8
2025-08-01 09:16:28 AM,1159.7,382,443005.4,13948034.200000001
2025-08-01 09:16:29 AM,1160.1,29,33642.899999999994,13981677.100000001
2025-08-01 09:16:34 AM,1158.6,0,0.0,13981677.100000001
2025-08-01 09:16:36 AM,1159.7,152,176274.4,14157951.500000002
2025-08-01 09:16:37 AM,1159.7,10,11597.0,14169548.500000002
2025-08-01 09:16:44 AM,1159.6,64,74214.4,14243762.900000002
2025-08-01 09:16:52 AM,1158.1,192,222355.19999999998,14466118.100000001
2025-08-01 09:16:56 AM,1158.0,0,0.0,14466118.100000001
2025-08-01 09:17:01 AM,1159.0,296,343064.0,14809182.100000001
2025-08-01 09:17:02 AM,1159.3,2,2318.6,14811500.700000001
2025-08-01 09:17:05 AM,1158.3,0,0.0,14811500.700000001
2025-08-01 09:17:09 AM,1160.2,847,982689.4,15794190.100000001
2025-08-01 09:17:10 AM,1160.5,1,1160.5,15795350.600000001
2025-08-01 09:17:14 AM,1160.2,0,0.0,15795350.600000001
2025-08-01 09:17:17 AM,1160.2,104,120660.8,15916011.400000002
2025-08-01 09:17:21 AM,1160.7,0,0.0,15916011.400000002
2025-08-01 09:17:23 AM,1161.0,0,0.0,15916011.400000002
2025-08-01 09:17:25 AM,1161.2,53,61543.600000000006,15977555.000000002
2025-08-01 09:17:26 AM,1160.7,5,5803.5,15983358.500000002
2025-08-01 09:17:31 AM,1162.0,0,0.0,15983358.500000002
2025-08-01 09:17:34 AM,1161.7,335,389169.5,16372528.000000002
2025-08-01 09:17:37 AM,1161.5,0,0.0,16372528.000000002
2025-08-01 09:17:42 AM,1161.5,240,278760.0,16651288.000000002
2025-08-01 09:17:46 AM,1161.0,0,0.0,16651288.000000002
2025-08-01 09:17:50 AM,1161.0,34,39474.0,16690762.000000002
2025-08-01 09:17:59 AM,1161.5,40,46460.0,16737222.000000002
2025-08-01 09:18:00 AM,1160.9,10,11609.0,16748831.000000002
2025-08-01 09:18:03 AM,1161.2,0,0.0,16748831.000000002
2025-08-01 09:18:05 AM,1162.3,0,0.0,16748831.000000002
2025-08-01 09:18:07 AM,1163.0,156,181428.0,16930259.0
2025-08-01 09:18:11 AM,1162.4,0,0.0,16930259.0
2025-08-01 09:18:13 AM,1162.7,0,0.0,16930259.0
2025-08-01 09:18:15 AM,1163.4,313,364144.2,17294403.2
2025-08-01 09:18:17 AM,1162.6,50,58129.99999999999,17352533.2
2025-08-01 09:18:19 AM,1163.4,0,0.0,17352533.2
2025-08-01 09:18:24 AM,1164.2,27,31433.4,17383966.599999998
2025-08-01 09:18:32 AM,1163.4,303,352510.2,17736476.799999997
2025-08-01 09:18:40 AM,1163.4,50,58170.00000000001,17794646.799999997
2025-08-01 09:18:42 AM,1163.7,0,0.0,17794646.799999997
2025-08-01 09:18:44 AM,1163.5,0,0.0,17794646.799999997
2025-08-01 09:18:48 AM,1163.5,12,13962.0,17808608.799999997
2025-08-01 09:18:51 AM,1164.0,0,0.0,17808608.799999997
2025-08-01 09:18:56 AM,1163.3,674,784064.2,18592672.999999996
2025-08-01 09:18:58 AM,1163.0,0,0.0,18592672.999999996
2025-08-01 09:19:04 AM,1163.0,50,58150.0,18650822.999999996
2025-08-01 09:19:07 AM,1163.3,0,0.0,18650822.999999996
2025-08-01 09:19:12 AM,1163.8,4,4655.2,18655478.199999996
2025-08-01 09:19:14 AM,1164.1,0,0.0,18655478.199999996
2025-08-01 09:19:20 AM,1164.1,1,1164.1,18656642.299999997
2025-08-01 09:19:24 AM,1163.3,0,0.0,18656642.299999997
2025-08-01 09:19:28 AM,1162.5,0,0.0,18656642.299999997
2025-08-01 09:19:28 AM,1162.5,1480,1720500.0,20377142.299999997
2025-08-01 09:19:32 AM,1162.4,0,0.0,20377142.299999997
2025-08-01 09:19:37 AM,1162.4,142,165060.80000000002,20542203.099999998
2025-08-01 09:19:37 AM,1161.7,0,0.0,20542203.099999998
2025-08-01 09:19:38 AM,1161.7,337,391492.9,20933695.999999996
2025-08-01 09:19:44 AM,1161.8,0,0.0,20933695.999999996
2025-08-01 09:19:45 AM,1161.8,174,202153.19999999998,21135849.199999996
2025-08-01 09:19:53 AM,1160.5,61,70790.5,21206639.699999996
2025-08-01 09:20:00 AM,1160.3,0,0.0,21206639.699999996
2025-08-01 09:20:00 AM,1160.3,9,10442.699999999999,21217082.399999995
2025-08-01 09:20:07 AM,1159.6,0,0.0,21217082.399999995
2025-08-01 09:20:09 AM,1159.6,506,586757.6,21803839.999999996
2025-08-01 09:20:14 AM,1159.4,0,0.0,21803839.999999996
2025-08-01 09:20:16 AM,1159.7,0,0.0,21803839.999999996
2025-08-01 09:20:16 AM,1159.7,71,82338.7,21886178.699999996
2025-08-01 09:20:18 AM,1158.8,40,46352.0,21932530.699999996
2025-08-01 09:20:21 AM,1159.5,0,0.0,21932530.699999996
2025-08-01 09:20:25 AM,1159.5,60,69570.0,22002100.699999996
2025-08-01 09:20:28 AM,1159.6,0,0.0,22002100.699999996
2025-08-01 09:20:32 AM,1159.6,497,576321.2,22578421.899999995
2025-08-01 09:20:35 AM,1159.7,0,0.0,22578421.899999995
2025-08-01 09:20:39 AM,1160.2,0,0.0,22578421.899999995
2025-08-01 09:20:40 AM,1160.2,96,111379.20000000001,22689801.099999994
2025-08-01 09:20:46 AM,1160.3,0,0.0,22689801.099999994
2025-08-01 09:20:48 AM,1160.3,52,60335.6,22750136.699999996
2025-08-01 09:20:56 AM,1159.6,178,206408.8,22956545.499999996
2025-08-01 09:21:02 AM,1159.7,0,0.0,22956545.499999996
2025-08-01 09:21:03 AM,1159.7,1,1159.7,22957705.199999996
2025-08-01 09:21:04 AM,1159.0,1012,1172908.0,24130613.199999996
2025-08-01 09:21:07 AM,1160.8,0,0.0,24130613.199999996
2025-08-01 09:21:11 AM,1160.8,656,761484.7999999999,24892097.999999996
2025-08-01 09:21:14 AM,1162.3,0,0.0,24892097.999999996
2025-08-01 09:21:19 AM,1162.8,109,126745.2,25018843.199999996
2025-08-01 09:21:21 AM,1162.4,0,0.0,25018843.199999996
2025-08-01 09:21:23 AM,1162.7,0,0.0,25018843.199999996
2025-08-01 09:21:27 AM,1161.7,35,40659.5,25059502.699999996
2025-08-01 09:21:30 AM,1162.5,0,0.0,25059502.699999996
2025-08-01 09:21:35 AM,1162.5,50,58125.0,25117627.699999996
2025-08-01 09:21:40 AM,1162.0,0,0.0,25117627.699999996
2025-08-01 09:21:42 AM,1160.9,279,323891.10000000003,25441518.799999997
2025-08-01 09:21:49 AM,1161.4,0,0.0,25441518.799999997
2025-08-01 09:21:50 AM,1161.4,2,2322.8,25443841.599999998
2025-08-01 09:21:53 AM,1161.5,0,0.0,25443841.599999998
2025-08-01 09:21:57 AM,1161.1,63,73149.29999999999,25516990.9
2025-08-01 09:22:02 AM,1161.1,1,1161.1,25518152.0
2025-08-01 09:22:03 AM,1160.9,0,0.0,25518152.0
2025-08-01 09:22:03 AM,1160.9,45,52240.50000000001,25570392.5
2025-08-01 09:22:11 AM,1160.8,0,0.0,25570392.5
2025-08-01 09:22:11 AM,1160.8,50,58040.0,25628432.5
2025-08-01 09:22:13 AM,1160.1,1,1160.1,25629592.6
2025-08-01 09:22:13 AM,1160.0,81,93960.0,25723552.6
2025-08-01 09:22:18 AM,1159.7,6,6958.200000000001,25730510.8
2025-08-01 09:22:18 AM,1159.5,0,0.0,25730510.8
2025-08-01 09:22:19 AM,1159.5,133,154213.5,25884724.3
2025-08-01 09:22:20 AM,1159.2,100,115920.0,26000644.3
2025-08-01 09:22:22 AM,1159.7,2,2319.4,26002963.7
2025-08-01 09:22:26 AM,1158.7,0,0.0,26002963.7
2025-08-01 09:22:27 AM,1158.8,491,568970.7999999999,26571934.5
2025-08-01 09:22:27 AM,1158.9,2,2317.8,26574252.3
2025-08-01 09:22:28 AM,1158.9,2,2317.8,26576570.1
2025-08-01 09:22:29 AM,1158.2,3,3474.6000000000004,26580044.700000003
2025-08-01 09:22:31 AM,1158.1,23,26636.3,26606681.000000004
2025-08-01 09:22:33 AM,1158.9,0,0.0,26606681.000000004
2025-08-01 09:22:34 AM,1159.3,510,591243.0,27197924.000000004
2025-08-01 09:22:35 AM,1158.0,373,431934.0,27629858.000000004
2025-08-01 09:22:40 AM,1158.1,7,8106.699999999999,27637964.700000003
2025-08-01 09:22:41 AM,1159.4,750,869550.0000000001,28507514.700000003
2025-08-01 09:22:41 AM,1159.3,0,0.0,28507514.700000003
2025-08-01 09:22:42 AM,1159.3,50,57965.0,28565479.700000003
2025-08-01 09:22:45 AM,1159.1,6,6954.599999999999,28572434.300000004
2025-08-01 09:22:50 AM,1159.9,40,46396.0,28618830.300000004
2025-08-01 09:22:53 AM,1159.0,63,73017.0,28691847.300000004
2025-08-01 09:22:55 AM,1159.0,1975,2289025.0,30980872.300000004
2025-08-01 09:22:58 AM,1159.2,0,0.0,30980872.300000004
2025-08-01 09:22:58 AM,1159.2,5,5796.0,30986668.300000004
2025-08-01 09:23:03 AM,1159.0,0,0.0,30986668.300000004
2025-08-01 09:23:06 AM,1159.0,20,23180.0,31009848.300000004
2025-08-01 09:23:14 AM,1159.7,2,2319.4,31012167.700000003
2025-08-01 09:23:21 AM,1159.7,30,34791.0,31046958.700000003
2025-08-01 09:23:29 AM,1159.6,21,24351.6,31071310.300000004
2025-08-01 09:23:36 AM,1159.1,0,0.0,31071310.300000004
2025-08-01 09:23:37 AM,1159.1,20,23182.0,31094492.300000004
2025-08-01 09:23:44 AM,1159.1,50,57954.99999999999,31152447.300000004
2025-08-01 09:23:46 AM,1159.6,2,2319.2,31154766.500000004
2025-08-01 09:23:52 AM,1159.8,26,30154.8,31184921.300000004
2025-08-01 09:23:53 AM,1159.8,1,1159.8,31186081.100000005
2025-08-01 09:23:55 AM,1159.0,0,0.0,31186081.100000005
2025-08-01 09:23:59 AM,1159.0,50,57950.0,31244031.100000005
2025-08-01 09:24:07 AM,1159.8,21,24355.8,31268386.900000006
2025-08-01 09:24:15 AM,1159.7,517,599564.9,31867951.800000004
2025-08-01 09:24:16 AM,1159.1,0,0.0,31867951.800000004
2025-08-01 09:24:16 AM,1159.1,25,28977.499999999996,31896929.300000004
2025-08-01 09:24:22 AM,1158.6,0,0.0,31896929.300000004
2025-08-01 09:24:22 AM,1158.6,138,159886.8,32056816.100000005
2025-08-01 09:24:28 AM,1158.9,0,0.0,32056816.100000005
2025-08-01 09:24:30 AM,1158.9,175,202807.50000000003,32259623.600000005
2025-08-01 09:24:32 AM,1158.5,94,108899.0,32368522.600000005
2025-08-01 09:24:38 AM,1158.6,111,128604.59999999999,32497127.200000007
2025-08-01 09:24:39 AM,1158.5,40,46340.0,32543467.200000007
2025-08-01 09:24:40 AM,1158.1,0,0.0,32543467.200000007
2025-08-01 09:24:45 AM,1158.7,363,420608.10000000003,32964075.30000001
2025-08-01 09:24:52 AM,1157.9,549,635687.1000000001,33599762.400000006
2025-08-01 09:24:59 AM,1157.0,0,0.0,33599762.400000006
2025-08-01 09:25:00 AM,1157.0,390,451230.0,34050992.400000006
2025-08-01 09:25:02 AM,1157.8,504,583531.2,34634523.60000001
2025-08-01 09:25:07 AM,1157.3,435,503425.5,35137949.10000001
2025-08-01 09:25:10 AM,1157.4,12,13888.800000000001,35151837.900000006
2025-08-01 09:25:13 AM,1157.1,0,0.0,35151837.900000006
2025-08-01 09:25:15 AM,1157.1,1019,1179084.9,36330922.800000004
2025-08-01 09:25:19 AM,1156.7,0,0.0,36330922.800000004
2025-08-01 09:25:22 AM,1156.3,38,43939.4,36374862.2
2025-08-01 09:25:24 AM,1156.9,100,115690.00000000001,36490552.2
2025-08-01 09:25:30 AM,1157.1,456,527637.6,37018189.800000004
2025-08-01 09:25:31 AM,1156.4,0,0.0,37018189.800000004
2025-08-01 09:25:32 AM,1156.4,267,308758.80000000005,37326948.6
2025-08-01 09:25:37 AM,1157.3,3,3471.8999999999996,37330420.5
2025-08-01 09:25:39 AM,1157.3,3,3471.8999999999996,37333892.4
2025-08-01 09:25:43 AM,1157.0,0,0.0,37333892.4
2025-08-01 09:25:45 AM,1157.0,43,49751.0,37383643.4
2025-08-01 09:25:47 AM,1157.3,3,3471.8999999999996,37387115.3
2025-08-01 09:25:48 AM,1157.0,0,0.0,37387115.3
2025-08-01 09:25:52 AM,1157.3,22,25460.6,37412575.9
2025-08-01 09:26:00 AM,1156.9,259,299637.10000000003,37712213.0
2025-08-01 09:26:07 AM,1156.7,0,0.0,37712213.0
2025-08-01 09:26:08 AM,1156.7,21,24290.7,37736503.7
2025-08-01 09:26:17 AM,1155.8,1135,1311833.0,39048336.7
2025-08-01 09:26:23 AM,1155.8,2,2311.6,39050648.300000004
2025-08-01 09:26:25 AM,1155.8,257,297040.6,39347688.900000006
2025-08-01 09:26:32 AM,1156.3,0,0.0,39347688.900000006
2025-08-01 09:26:33 AM,1156.3,47,54346.1,39402035.00000001
2025-08-01 09:26:35 AM,1155.8,0,0.0,39402035.00000001
2025-08-01 09:26:38 AM,1155.7,0,0.0,39402035.00000001
2025-08-01 09:26:39 AM,1155.7,83,95923.1,39497958.10000001
2025-08-01 09:26:41 AM,1156.5,0,0.0,39497958.10000001
2025-08-01 09:26:46 AM,1156.5,123,142249.5,39640207.60000001
2025-08-01 09:26:47 AM,1157.3,1,1157.3,39641364.900000006
2025-08-01 09:26:59 AM,1157.0,0,0.0,39641364.900000006
2025-08-01 09:27:01 AM,1157.0,12,13884.0,39655248.900000006
2025-08-01 09:27:02 AM,1157.5,163,188672.5,39843921.400000006
2025-08-01 09:27:09 AM,1158.0,2,2316.0,39846237.400000006
2025-08-01 09:27:15 AM,1157.1,0,0.0,39846237.400000006
2025-08-01 09:27:16 AM,1157.1,50,57854.99999999999,39904092.400000006
2025-08-01 09:27:16 AM,1157.8,0,0.0,39904092.400000006
2025-08-01 09:27:17 AM,1157.8,2,2315.6,39906408.00000001
2025-08-01 09:27:20 AM,1157.9,0,0.0,39906408.00000001
2025-08-01 09:27:23 AM,1157.5,506,585695.0,40492103.00000001
2025-08-01 09:27:25 AM,1157.0,1,1157.0,40493260.00000001
2025-08-01 09:27:31 AM,1157.0,105,121485.0,40614745.00000001
2025-08-01 09:27:31 AM,1156.2,0,0.0,40614745.00000001
2025-08-01 09:27:32 AM,1156.9,38,43962.200000000004,40658707.20000001
2025-08-01 09:27:35 AM,1157.0,0,0.0,40658707.20000001
2025-08-01 09:27:38 AM,1157.0,29,33553.0,40692260.20000001
2025-08-01 09:27:39 AM,1156.9,3,3470.7000000000003,40695730.90000001
2025-08-01 09:27:45 AM,1155.7,0,0.0,40695730.90000001
2025-08-01 09:27:46 AM,1155.7,493,569760.1,41265491.000000015
2025-08-01 09:27:54 AM,1156.5,1,1156.5,41266647.500000015
2025-08-01 09:28:01 AM,1156.5,212,245178.0,41511825.500000015
2025-08-01 09:28:03 AM,1155.7,121,139839.7,41651665.20000002
2025-08-01 09:28:07 AM,1155.6,0,0.0,41651665.20000002
2025-08-01 09:28:09 AM,1155.6,384,443750.39999999997,42095415.60000002
2025-08-01 09:28:14 AM,1156.2,0,0.0,42095415.60000002
2025-08-01 09:28:17 AM,1156.2,5,5781.0,42101196.60000002
2025-08-01 09:28:18 AM,1156.2,22,25436.4,42126633.000000015
2025-08-01 09:28:25 AM,1156.0,0,0.0,42126633.000000015
2025-08-01 09:28:26 AM,1155.6,123,142138.8,42268771.80000001
2025-08-01 09:28:30 AM,1155.2,0,0.0,42268771.80000001
2025-08-01 09:28:32 AM,1155.2,463,534857.6,42803629.40000001
2025-08-01 09:28:36 AM,1154.5,0,0.0,42803629.40000001
2025-08-01 09:28:36 AM,1155.0,0,0.0,42803629.40000001
2025-08-01 09:28:39 AM,1154.7,584,674344.8,43477974.20000001
2025-08-01 09:28:41 AM,1154.2,0,0.0,43477974.20000001
2025-08-01 09:28:41 AM,1154.2,420,484764.0,43962738.20000001
2025-08-01 09:28:42 AM,1154.9,0,0.0,43962738.20000001
2025-08-01 09:28:47 AM,1154.9,19,21943.100000000002,43984681.30000001
2025-08-01 09:28:52 AM,1154.7,0,0.0,43984681.30000001
2025-08-01 09:28:55 AM,1154.7,100,115470.0,44100151.30000001
2025-08-01 09:28:58 AM,1154.9,0,0.0,44100151.30000001
2025-08-01 09:29:00 AM,1154.8,19,21941.2,44122092.500000015
2025-08-01 09:29:05 AM,1155.4,6,6932.400000000001,44129024.90000001
2025-08-01 09:29:07 AM,1155.0,0,0.0,44129024.90000001
2025-08-01 09:29:08 AM,1155.6,0,0.0,44129024.90000001
2025-08-01 09:29:08 AM,1155.6,11,12711.599999999999,44141736.500000015
2025-08-01 09:29:11 AM,1155.8,0,0.0,44141736.500000015
2025-08-01 09:29:12 AM,1155.8,2,2311.6,44144048.10000002
2025-08-01 09:29:13 AM,1155.4,100,115540.00000000001,44259588.10000002
2025-08-01 09:29:18 AM,1155.8,20,23116.0,44282704.10000002
2025-08-01 09:29:19 AM,1156.0,0,0.0,44282704.10000002
2025-08-01 09:29:20 AM,1156.0,20,23120.0,44305824.10000002
2025-08-01 09:29:22 AM,1155.8,0,0.0,44305824.10000002
2025-08-01 09:29:23 AM,1155.8,100,115580.0,44421404.10000002
2025-08-01 09:29:30 AM,1155.2,1,1155.2,44422559.30000002
2025-08-01 09:29:31 AM,1155.0,0,0.0,44422559.30000002
2025-08-01 09:29:32 AM,1155.0,188,217140.0,44639699.30000002
2025-08-01 09:29:33 AM,1155.5,365,421757.5,45061456.80000002
2025-08-01 09:29:35 AM,1155.1,4,4620.4,45066077.20000002
2025-08-01 09:29:36 AM,1155.1,1,1155.1,45067232.30000002
2025-08-01 09:29:37 AM,1154.5,495,571477.5,45638709.80000002
2025-08-01 09:29:41 AM,1155.7,9,10401.300000000001,45649111.10000002
2025-08-01 09:29:43 AM,1155.5,5,5777.5,45654888.60000002
2025-08-01 09:29:44 AM,1154.6,446,514951.6,46169840.20000002
2025-08-01 09:29:45 AM,1154.9,1,1154.9,46170995.10000002
2025-08-01 09:29:50 AM,1155.0,10,11550.0,46182545.10000002
2025-08-01 09:29:51 AM,1155.0,20,23100.0,46205645.10000002
2025-08-01 09:29:58 AM,1154.8,0,0.0,46205645.10000002
2025-08-01 09:29:58 AM,1154.8,5,5774.0,46211419.10000002
2025-08-01 09:29:59 AM,1155.5,3,3466.5,46214885.60000002
2025-08-01 09:30:03 AM,1155.1,1,1155.1,46216040.70000002
2025-08-01 09:30:04 AM,1155.1,2,2310.2,46218350.90000002
2025-08-01 09:30:07 AM,1155.0,1,1155.0,46219505.90000002
2025-08-01 09:30:07 AM,1155.1,0,0.0,46219505.90000002
2025-08-01 09:30:08 AM,1155.1,500,577550.0,46797055.90000002
2025-08-01 09:30:08 AM,1154.5,406,468727.0,47265782.90000002
2025-08-01 09:30:08 AM,1154.3,0,0.0,47265782.90000002
2025-08-01 09:30:09 AM,1154.2,18,20775.600000000002,47286558.50000002
2025-08-01 09:30:09 AM,1154.3,0,0.0,47286558.50000002
2025-08-01 09:30:10 AM,1154.3,25,28857.5,47315416.00000002
2025-08-01 09:30:12 AM,1154.0,1335,1540590.0,48856006.00000002
2025-08-01 09:30:15 AM,1154.0,5,5770.0,48861776.00000002
2025-08-01 09:30:16 AM,1154.0,1,1154.0,48862930.00000002
2025-08-01 09:30:17 AM,1154.1,0,0.0,48862930.00000002
2025-08-01 09:30:17 AM,1154.1,60,69246.0,48932176.00000002
2025-08-01 09:30:19 AM,1153.8,0,0.0,48932176.00000002
2025-08-01 09:30:19 AM,1153.8,1,1153.8,48933329.80000002
2025-08-01 09:30:20 AM,1153.6,0,0.0,48933329.80000002
2025-08-01 09:30:21 AM,1153.6,16,18457.6,48951787.40000002
2025-08-01 09:30:24 AM,1153.6,5,5768.0,48957555.40000002
2025-08-01 09:30:25 AM,1153.0,500,576500.0,49534055.40000002
2025-08-01 09:30:25 AM,1153.5,0,0.0,49534055.40000002
2025-08-01 09:30:26 AM,1153.5,10,11535.0,49545590.40000002
2025-08-01 09:30:26 AM,1153.4,14,16147.600000000002,49561738.00000002
2025-08-01 09:30:30 AM,1153.0,0,0.0,49561738.00000002
2025-08-01 09:30:31 AM,1153.0,3,3459.0,49565197.00000002
2025-08-01 09:30:31 AM,1153.4,5,5767.0,49570964.00000002
2025-08-01 09:30:32 AM,1153.4,10,11534.0,49582498.00000002
2025-08-01 09:30:33 AM,1153.4,11,12687.400000000001,49595185.40000002
2025-08-01 09:30:38 AM,1153.4,1,1153.4,49596338.80000002
2025-08-01 09:30:38 AM,1153.4,1,1153.4,49597492.20000002
2025-08-01 09:30:43 AM,1153.4,3,3460.2000000000003,49600952.40000002
2025-08-01 09:30:43 AM,1153.5,0,0.0,49600952.40000002
2025-08-01 09:30:44 AM,1153.5,15,17302.5,49618254.90000002
2025-08-01 09:30:44 AM,1153.8,1,1153.8,49619408.70000002
2025-08-01 09:30:45 AM,1153.4,0,0.0,49619408.70000002
2025-08-01 09:30:45 AM,1153.4,11,12687.400000000001,49632096.10000002
2025-08-01 09:30:45 AM,1153.0,0,0.0,49632096.10000002
2025-08-01 09:30:46 AM,1153.0,500,576500.0,50208596.10000002
2025-08-01 09:30:46 AM,1153.4,0,0.0,50208596.10000002
2025-08-01 09:30:47 AM,1153.4,1,1153.4,50209749.500000015
2025-08-01 09:30:47 AM,1153.4,6,6920.400000000001,50216669.90000001
2025-08-01 09:30:48 AM,1153.4,279,321798.60000000003,50538468.500000015
2025-08-01 09:30:49 AM,1153.8,4,4615.2,50543083.70000002
2025-08-01 09:30:51 AM,1153.4,10,11534.0,50554617.70000002
2025-08-01 09:30:57 AM,1153.2,10,11532.0,50566149.70000002
2025-08-01 09:31:00 AM,1153.0,500,576500.0,51142649.70000002
2025-08-01 09:31:02 AM,1153.2,0,0.0,51142649.70000002
2025-08-01 09:31:03 AM,1153.2,5,5766.0,51148415.70000002
2025-08-01 09:31:03 AM,1152.9,38,43810.200000000004,51192225.90000002
2025-08-01 09:31:03 AM,1152.6,0,0.0,51192225.90000002
2025-08-01 09:31:04 AM,1152.6,5,5763.0,51197988.90000002
2025-08-01 09:31:05 AM,1152.4,1,1152.4,51199141.30000002
2025-08-01 09:31:06 AM,1152.0,756,870912.0,52070053.30000002
2025-08-01 09:31:10 AM,1153.0,0,0.0,52070053.30000002
2025-08-01 09:31:10 AM,1153.0,220,253660.0,52323713.30000002
2025-08-01 09:31:11 AM,1152.9,0,0.0,52323713.30000002
2025-08-01 09:31:11 AM,1152.9,1,1152.9,52324866.20000002
2025-08-01 09:31:14 AM,1152.9,5,5764.5,52330630.70000002
2025-08-01 09:31:19 AM,1153.2,133,153375.6,52484006.30000002
2025-08-01 09:31:23 AM,1153.8,12,13845.599999999999,52497851.90000002
2025-08-01 09:31:24 AM,1153.3,0,0.0,52497851.90000002
2025-08-01 09:31:25 AM,1153.3,1,1153.3,52499005.20000002
2025-08-01 09:31:25 AM,1153.7,0,0.0,52499005.20000002
2025-08-01 09:31:26 AM,1153.7,2,2307.4,52501312.60000002
2025-08-01 09:31:30 AM,1153.8,10,11538.0,52512850.60000002
2025-08-01 09:31:31 AM,1154.1,469,541272.8999999999,53054123.500000015
2025-08-01 09:31:36 AM,1154.4,0,0.0,53054123.500000015
2025-08-01 09:31:37 AM,1154.4,36,41558.4,53095681.90000001
2025-08-01 09:31:38 AM,1154.7,0,0.0,53095681.90000001
2025-08-01 09:31:39 AM,1154.7,10,11547.0,53107228.90000001
2025-08-01 09:31:40 AM,1154.0,20,23080.0,53130308.90000001
2025-08-01 09:31:43 AM,1154.5,0,0.0,53130308.90000001
2025-08-01 09:31:44 AM,1154.5,1,1154.5,53131463.40000001
2025-08-01 09:31:45 AM,1154.1,0,0.0,53131463.40000001
2025-08-01 09:31:46 AM,1154.1,19,21927.899999999998,53153391.30000001
2025-08-01 09:31:48 AM,1154.1,10,11541.0,53164932.30000001
2025-08-01 09:31:50 AM,1154.8,0,0.0,53164932.30000001
2025-08-01 09:31:50 AM,1154.8,25,28870.0,53193802.30000001
2025-08-01 09:31:56 AM,1154.8,2,2309.6,53196111.90000001
2025-08-01 09:31:57 AM,1154.7,0,0.0,53196111.90000001
2025-08-01 09:31:58 AM,1154.7,25,28867.5,53224979.40000001
2025-08-01 09:31:59 AM,1154.7,1,1154.7,53226134.10000002
2025-08-01 09:32:03 AM,1155.0,0,0.0,53226134.10000002
2025-08-01 09:32:06 AM,1155.0,99,114345.0,53340479.10000002
2025-08-01 09:32:09 AM,1155.8,0,0.0,53340479.10000002
2025-08-01 09:32:14 AM,1155.8,1,1155.8,53341634.90000001
2025-08-01 09:32:21 AM,1154.7,0,0.0,53341634.90000001
2025-08-01 09:32:21 AM,1154.7,100,115470.0,53457104.90000001
2025-08-01 09:32:21 AM,1155.8,0,0.0,53457104.90000001
2025-08-01 09:32:28 AM,1156.0,590,682040.0,54139144.90000001
2025-08-01 09:32:33 AM,1156.5,0,0.0,54139144.90000001
2025-08-01 09:32:34 AM,1156.5,5,5782.5,54144927.40000001
2025-08-01 09:32:34 AM,1156.4,4,4625.6,54149553.000000015
2025-08-01 09:32:39 AM,1156.2,0,0.0,54149553.000000015
2025-08-01 09:32:41 AM,1156.1,544,628918.3999999999,54778471.40000001
2025-08-01 09:32:45 AM,1155.9,0,0.0,54778471.40000001
2025-08-01 09:32:48 AM,1155.9,10,11559.0,54790030.40000001
2025-08-01 09:33:00 AM,1157.8,8,9262.4,54799292.80000001
2025-08-01 09:33:03 AM,1156.9,0,0.0,54799292.80000001
2025-08-01 09:33:03 AM,1156.9,3,3470.7000000000003,54802763.500000015
2025-08-01 09:33:06 AM,1157.6,0,0.0,54802763.500000015
2025-08-01 09:33:06 AM,1157.6,1,1157.6,54803921.10000002
2025-08-01 09:33:07 AM,1157.6,15,17364.0,54821285.10000002
2025-08-01 09:33:08 AM,1157.7,1,1157.7,54822442.80000002
2025-08-01 09:33:13 AM,1157.0,20,23140.0,54845582.80000002
2025-08-01 09:33:15 AM,1157.6,2,2315.2,54847898.00000002
2025-08-01 09:33:17 AM,1156.9,12,13882.800000000001,54861780.80000002
2025-08-01 09:33:19 AM,1157.6,0,0.0,54861780.80000002
2025-08-01 09:33:19 AM,1157.6,7,8103.199999999999,54869884.00000002
2025-08-01 09:33:26 AM,1158.0,348,402984.0,55272868.00000002
2025-08-01 09:33:27 AM,1157.6,1,1157.6,55274025.600000024
2025-08-01 09:33:28 AM,1158.1,534,618425.3999999999,55892451.00000002
2025-08-01 09:33:31 AM,1158.4,0,0.0,55892451.00000002
2025-08-01 09:33:31 AM,1158.4,32,37068.8,55929519.80000002
2025-08-01 09:33:32 AM,1158.4,19,22009.600000000002,55951529.40000002
2025-08-01 09:33:33 AM,1158.6,4,4634.4,55956163.80000002
2025-08-01 09:33:33 AM,1158.6,2,2317.2,55958481.00000002
2025-08-01 09:33:34 AM,1158.7,0,0.0,55958481.00000002
2025-08-01 09:33:35 AM,1158.7,125,144837.5,56103318.50000002
2025-08-01 09:33:35 AM,1159.3,0,0.0,56103318.50000002
2025-08-01 09:33:36 AM,1159.3,14,16230.199999999999,56119548.700000025
2025-08-01 09:33:36 AM,1158.7,74,85743.8,56205292.50000002
2025-08-01 09:33:36 AM,1159.1,0,0.0,56205292.50000002
2025-08-01 09:33:37 AM,1159.1,80,92728.0,56298020.50000002
2025-08-01 09:33:37 AM,1158.6,100,115859.99999999999,56413880.50000002
2025-08-01 09:33:38 AM,1158.5,28,32438.0,56446318.50000002
2025-08-01 09:33:39 AM,1158.6,0,0.0,56446318.50000002
2025-08-01 09:33:40 AM,1158.6,2,2317.2,56448635.700000025
2025-08-01 09:33:42 AM,1158.9,2,2317.8,56450953.50000002
2025-08-01 09:33:50 AM,1159.7,1000,1159700.0,57610653.50000002
2025-08-01 09:33:54 AM,1159.6,0,0.0,57610653.50000002
2025-08-01 09:33:54 AM,1159.6,3,3478.7999999999997,57614132.30000002
2025-08-01 09:33:55 AM,1159.6,13,15074.8,57629207.10000002
2025-08-01 09:33:56 AM,1158.9,0,0.0,57629207.10000002
2025-08-01 09:33:56 AM,1158.9,237,274659.30000000005,57903866.40000001
2025-08-01 09:33:56 AM,1159.1,75,86932.5,57990798.90000001
2025-08-01 09:34:02 AM,1159.2,0,0.0,57990798.90000001
2025-08-01 09:34:02 AM,1159.2,1,1159.2,57991958.10000002
2025-08-01 09:34:03 AM,1159.0,0,0.0,57991958.10000002
2025-08-01 09:34:03 AM,1159.0,2,2318.0,57994276.10000002
2025-08-01 09:34:04 AM,1158.9,18,20860.2,58015136.30000002
2025-08-01 09:34:07 AM,1158.5,1,1158.5,58016294.80000002
2025-08-01 09:34:08 AM,1159.1,5,5795.5,58022090.30000002
2025-08-01 09:34:14 AM,1158.6,43,49819.799999999996,58071910.10000002
2025-08-01 09:34:15 AM,1158.5,27,31279.5,58103189.60000002
2025-08-01 09:34:23 AM,1158.2,0,0.0,58103189.60000002
2025-08-01 09:34:23 AM,1158.2,43,49802.6,58152992.20000002
2025-08-01 09:34:24 AM,1157.6,0,0.0,58152992.20000002
2025-08-01 09:34:24 AM,1157.6,9,10418.4,58163410.60000002
2025-08-01 09:34:27 AM,1157.6,128,148172.8,58311583.40000001
2025-08-01 09:34:29 AM,1158.0,50,57900.0,58369483.40000001
2025-08-01 09:34:33 AM,1156.8,30,34704.0,58404187.40000001
2025-08-01 09:34:39 AM,1156.8,25,28920.0,58433107.40000001
2025-08-01 09:34:41 AM,1156.5,0,0.0,58433107.40000001
2025-08-01 09:34:41 AM,1156.5,339,392053.5,58825160.90000001
2025-08-01 09:34:47 AM,1156.2,42,48560.4,58873721.30000001
2025-08-01 09:34:56 AM,1156.1,0,0.0,58873721.30000001
2025-08-01 09:34:56 AM,1156.1,25,28902.499999999996,58902623.80000001
2025-08-01 09:34:57 AM,1156.0,2,2312.0,58904935.80000001
2025-08-01 09:35:01 AM,1156.1,0,0.0,58904935.80000001
2025-08-01 09:35:02 AM,1156.1,1000,1156100.0,60061035.80000001
2025-08-01 09:35:04 AM,1156.1,2,2312.2,60063348.000000015
2025-08-01 09:35:06 AM,1156.2,0,0.0,60063348.000000015
2025-08-01 09:35:07 AM,1156.2,9,10405.800000000001,60073753.80000001
2025-08-01 09:35:07 AM,1156.2,1,1156.2,60074910.000000015
2025-08-01 09:35:09 AM,1156.0,100,115600.0,60190510.000000015
2025-08-01 09:35:09 AM,1156.0,1,1156.0,60191666.000000015
2025-08-01 09:35:10 AM,1155.9,0,0.0,60191666.000000015
2025-08-01 09:35:11 AM,1155.9,1,1155.9,60192821.90000001
2025-08-01 09:35:12 AM,1155.2,0,0.0,60192821.90000001
2025-08-01 09:35:13 AM,1155.2,230,265696.0,60458517.90000001
2025-08-01 09:35:15 AM,1155.2,15,17328.0,60475845.90000001
2025-08-01 09:35:18 AM,1155.5,0,0.0,60475845.90000001
2025-08-01 09:35:19 AM,1155.5,4,4622.0,60480467.90000001
2025-08-01 09:35:20 AM,1155.6,10,11556.0,60492023.90000001
2025-08-01 09:35:26 AM,1155.4,25,28885.000000000004,60520908.90000001
2025-08-01 09:35:35 AM,1153.7,959,1106398.3,61627307.20000001
2025-08-01 09:35:39 AM,1154.1,100,115409.99999999999,61742717.20000001
2025-08-01 09:35:42 AM,1154.6,470,542662.0,62285379.20000001
2025-08-01 09:35:48 AM,1154.2,4,4616.8,62289996.00000001
2025-08-01 09:35:49 AM,1154.0,3,3462.0,62293458.00000001
2025-08-01 09:35:50 AM,1154.0,5,5770.0,62299228.00000001
2025-08-01 09:35:57 AM,1154.0,1,1154.0,62300382.00000001
2025-08-01 09:35:59 AM,1153.5,0,0.0,62300382.00000001
2025-08-01 09:35:59 AM,1153.5,16,18456.0,62318838.00000001
2025-08-01 09:35:59 AM,1154.0,2,2308.0,62321146.00000001
2025-08-01 09:36:00 AM,1153.5,0,0.0,62321146.00000001
2025-08-01 09:36:01 AM,1153.5,1,1153.5,62322299.50000001
2025-08-01 09:36:01 AM,1153.5,1,1153.5,62323453.00000001
2025-08-01 09:36:03 AM,1154.0,88,101552.0,62425005.00000001
2025-08-01 09:36:05 AM,1154.2,0,0.0,62425005.00000001
2025-08-01 09:36:05 AM,1154.2,46,53093.200000000004,62478098.20000001
2025-08-01 09:36:09 AM,1154.0,2,2308.0,62480406.20000001
2025-08-01 09:36:14 AM,1154.4,17,19624.800000000003,62500031.00000001
2025-08-01 09:36:15 AM,1154.0,60,69240.0,62569271.00000001
2025-08-01 09:36:20 AM,1154.0,248,286192.0,62855463.00000001
2025-08-01 09:36:21 AM,1153.8,0,0.0,62855463.00000001
2025-08-01 09:36:22 AM,1153.8,100,115380.0,62970843.00000001
2025-08-01 09:36:23 AM,1153.8,2,2307.6,62973150.60000001
2025-08-01 09:36:24 AM,1153.3,150,172995.0,63146145.60000001
2025-08-01 09:36:27 AM,1154.0,18,20772.0,63166917.60000001
2025-08-01 09:36:28 AM,1154.1,2,2308.2,63169225.80000001
2025-08-01 09:36:33 AM,1153.8,1,1153.8,63170379.60000001
2025-08-01 09:36:33 AM,1153.9,100,115390.00000000001,63285769.60000001
2025-08-01 09:36:34 AM,1154.1,10,11541.0,63297310.60000001
2025-08-01 09:36:39 AM,1153.6,6,6921.599999999999,63304232.20000001
2025-08-01 09:36:39 AM,1154.1,0,0.0,63304232.20000001
2025-08-01 09:36:40 AM,1154.1,10,11541.0,63315773.20000001
2025-08-01 09:36:44 AM,1154.0,2,2308.0,63318081.20000001
2025-08-01 09:36:48 AM,1154.0,5,5770.0,63323851.20000001
2025-08-01 09:36:50 AM,1154.0,2,2308.0,63326159.20000001
2025-08-01 09:36:51 AM,1154.0,34,39236.0,63365395.20000001
2025-08-01 09:37:05 AM,1154.0,207,238878.0,63604273.20000001
2025-08-01 09:37:15 AM,1153.5,1,1153.5,63605426.70000001
2025-08-01 09:37:16 AM,1153.0,36,41508.0,63646934.70000001
2025-08-01 09:37:17 AM,1152.9,50,57645.00000000001,63704579.70000001
2025-08-01 09:37:18 AM,1152.5,1,1152.5,63705732.20000001
2025-08-01 09:37:20 AM,1152.8,0,0.0,63705732.20000001
2025-08-01 09:37:21 AM,1152.8,1,1152.8,63706885.00000001
2025-08-01 09:37:21 AM,1152.8,1,1152.8,63708037.800000004
2025-08-01 09:37:23 AM,1152.8,6,6916.799999999999,63714954.6
2025-08-01 09:37:25 AM,1152.8,255,293964.0,64008918.6
2025-08-01 09:37:26 AM,1152.7,5,5763.5,64014682.1
2025-08-01 09:37:27 AM,1152.7,10,11527.0,64026209.1
2025-08-01 09:37:28 AM,1152.7,3,3458.1000000000004,64029667.2
2025-08-01 09:37:37 AM,1153.0,0,0.0,64029667.2
2025-08-01 09:37:38 AM,1153.0,22,25366.0,64055033.2
2025-08-01 09:37:43 AM,1152.5,80,92200.0,64147233.2
2025-08-01 09:37:45 AM,1153.0,0,0.0,64147233.2
2025-08-01 09:37:46 AM,1153.0,2,2306.0,64149539.2
2025-08-01 09:37:47 AM,1153.0,3,3459.0,64152998.2
2025-08-01 09:37:50 AM,1153.0,1,1153.0,64154151.2
2025-08-01 09:37:52 AM,1153.0,1,1153.0,64155304.2
2025-08-01 09:37:54 AM,1152.5,50,57625.0,64212929.2
2025-08-01 09:38:01 AM,1153.2,0,0.0,64212929.2
2025-08-01 09:38:02 AM,1153.2,1,1153.2,64214082.400000006
2025-08-01 09:38:03 AM,1153.0,3,3459.0,64217541.400000006
2025-08-01 09:38:05 AM,1152.8,3,3458.3999999999996,64220999.800000004
2025-08-01 09:38:08 AM,1152.4,0,0.0,64220999.800000004
2025-08-01 09:38:08 AM,1152.4,6,6914.400000000001,64227914.2
2025-08-01 09:38:09 AM,1153.0,40,46120.0,64274034.2
2025-08-01 09:38:12 AM,1152.5,2,2305.0,64276339.2
2025-08-01 09:38:14 AM,1152.9,20,23058.0,64299397.2
2025-08-01 09:38:26 AM,1153.0,0,0.0,64299397.2
2025-08-01 09:38:27 AM,1153.0,1,1153.0,64300550.2
2025-08-01 09:38:30 AM,1152.8,0,0.0,64300550.2
2025-08-01 09:38:31 AM,1152.8,6,6916.799999999999,64307467.0
2025-08-01 09:38:31 AM,1152.9,0,0.0,64307467.0
2025-08-01 09:38:32 AM,1152.9,2,2305.8,64309772.8
2025-08-01 09:38:32 AM,1153.0,0,0.0,64309772.8
2025-08-01 09:38:33 AM,1153.0,1,1153.0,64310925.8
2025-08-01 09:38:42 AM,1152.5,0,0.0,64310925.8
2025-08-01 09:38:43 AM,1152.5,10,11525.0,64322450.8
2025-08-01 09:38:45 AM,1152.3,0,0.0,64322450.8
2025-08-01 09:38:45 AM,1152.3,250,288075.0,64610525.8
2025-08-01 09:38:47 AM,1153.0,7,8071.0,64618596.8
2025-08-01 09:38:49 AM,1153.0,5,5765.0,64624361.8
2025-08-01 09:38:50 AM,1153.0,2,2306.0,64626667.8
2025-08-01 09:38:50 AM,1153.1,26,29980.6,64656648.4
2025-08-01 09:38:59 AM,1153.1,1,1153.1,64657801.5
2025-08-01 09:38:59 AM,1153.0,102,117606.0,64775407.5
2025-08-01 09:39:03 AM,1153.0,1,1153.0,64776560.5
2025-08-01 09:39:09 AM,1152.3,0,0.0,64776560.5
2025-08-01 09:39:11 AM,1152.4,295,339958.0,65116518.5
2025-08-01 09:39:14 AM,1152.1,0,0.0,65116518.5
2025-08-01 09:39:17 AM,1151.9,1198,1379976.2000000002,66496494.7
2025-08-01 09:39:24 AM,1151.8,121,139367.8,66635862.5
2025-08-01 09:39:31 AM,1151.5,5,5757.5,66641620.0
2025-08-01 09:39:31 AM,1151.8,1,1151.8,66642771.8
2025-08-01 09:39:37 AM,1151.4,25,28785.000000000004,66671556.8
2025-08-01 09:39:40 AM,1151.8,0,0.0,66671556.8
2025-08-01 09:39:44 AM,1151.8,51,58741.799999999996,66730298.599999994
2025-08-01 09:39:48 AM,1151.5,0,0.0,66730298.599999994
2025-08-01 09:39:50 AM,1151.5,11,12666.5,66742965.099999994
2025-08-01 09:39:51 AM,1151.5,3,3454.5,66746419.599999994
2025-08-01 09:39:56 AM,1151.4,0,0.0,66746419.599999994
2025-08-01 09:39:57 AM,1151.4,111,127805.40000000001,66874224.99999999
2025-08-01 09:39:57 AM,1151.9,50,57595.00000000001,66931819.99999999
2025-08-01 09:40:04 AM,1152.0,2,2304.0,66934123.99999999
2025-08-01 09:40:08 AM,1151.4,0,0.0,66934123.99999999
2025-08-01 09:40:10 AM,1151.4,50,57570.00000000001,66991693.99999999
2025-08-01 09:40:14 AM,1151.5,0,0.0,66991693.99999999
2025-08-01 09:40:16 AM,1151.5,15,17272.5,67008966.49999999
2025-08-01 09:40:18 AM,1152.4,0,0.0,67008966.49999999
2025-08-01 09:40:21 AM,1152.5,0,0.0,67008966.49999999
2025-08-01 09:40:23 AM,1152.3,0,0.0,67008966.49999999
2025-08-01 09:40:23 AM,1152.3,448,516230.39999999997,67525196.89999999
2025-08-01 09:40:26 AM,1152.0,0,0.0,67525196.89999999
2025-08-01 09:40:30 AM,1152.7,55,63398.5,67588595.39999999
2025-08-01 09:40:35 AM,1152.2,0,0.0,67588595.39999999
2025-08-01 09:40:36 AM,1152.8,69,79543.2,67668138.6
2025-08-01 09:40:43 AM,1152.8,6,6916.799999999999,67675055.39999999
2025-08-01 09:40:47 AM,1153.0,0,0.0,67675055.39999999
2025-08-01 09:40:49 AM,1153.0,200,230600.0,67905655.39999999
2025-08-01 09:40:50 AM,1153.5,85,98047.5,68003702.89999999
2025-08-01 09:40:56 AM,1154.0,350,403900.0,68407602.89999999
2025-08-01 09:41:02 AM,1154.2,2,2308.4,68409911.3
2025-08-01 09:41:03 AM,1154.2,9,10387.800000000001,68420299.1
2025-08-01 09:41:15 AM,1153.5,0,0.0,68420299.1
2025-08-01 09:41:16 AM,1153.5,335,386422.5,68806721.6
2025-08-01 09:41:19 AM,1154.4,0,0.0,68806721.6
2025-08-01 09:41:23 AM,1154.4,10,11544.0,68818265.6
2025-08-01 09:41:29 AM,1154.4,1,1154.4,68819420.0
2025-08-01 09:41:30 AM,1153.8,10,11538.0,68830958.0
2025-08-01 09:41:39 AM,1154.0,0,0.0,68830958.0
2025-08-01 09:41:42 AM,1154.4,41,47330.4,68878288.4
2025-08-01 09:41:50 AM,1153.5,130,149955.0,69028243.4
2025-08-01 09:41:55 AM,1152.7,160,184432.0,69212675.4
2025-08-01 09:41:56 AM,1153.5,30,34605.0,69247280.4
2025-08-01 09:41:59 AM,1153.1,0,0.0,69247280.4
2025-08-01 09:42:01 AM,1153.1,100,115309.99999999999,69362590.4
2025-08-01 09:42:08 AM,1154.6,0,0.0,69362590.4
2025-08-01 09:42:08 AM,1154.6,1254,1447868.4,70810458.80000001
2025-08-01 09:42:09 AM,1154.1,0,0.0,70810458.80000001
2025-08-01 09:42:09 AM,1154.1,5,5770.5,70816229.30000001
2025-08-01 09:42:12 AM,1154.7,0,0.0,70816229.30000001
2025-08-01 09:42:15 AM,1154.7,64,73900.8,70890130.10000001
2025-08-01 09:42:16 AM,1154.7,10,11547.0,70901677.10000001
2025-08-01 09:42:21 AM,1154.7,5,5773.5,70907450.60000001
2025-08-01 09:42:25 AM,1154.4,0,0.0,70907450.60000001
2025-08-01 09:42:28 AM,1154.4,14,16161.600000000002,70923612.2
2025-08-01 09:42:30 AM,1153.9,0,0.0,70923612.2
2025-08-01 09:42:35 AM,1153.9,2,2307.8,70925920.0
2025-08-01 09:42:36 AM,1154.2,3,3462.6000000000004,70929382.6
2025-08-01 09:42:38 AM,1153.7,0,0.0,70929382.6
2025-08-01 09:42:41 AM,1153.7,45,51916.5,70981299.1
2025-08-01 09:42:46 AM,1154.2,0,0.0,70981299.1
2025-08-01 09:42:47 AM,1154.2,3,3462.6000000000004,70984761.69999999
2025-08-01 09:42:54 AM,1154.2,5,5771.0,70990532.69999999
2025-08-01 09:42:58 AM,1154.0,0,0.0,70990532.69999999
2025-08-01 09:43:00 AM,1154.0,5,5770.0,70996302.69999999
2025-08-01 09:43:01 AM,1154.3,41,47326.299999999996,71043628.99999999
2025-08-01 09:43:14 AM,1154.9,1,1154.9,71044783.89999999
2025-08-01 09:43:18 AM,1154.9,250,288725.0,71333508.89999999
2025-08-01 09:43:20 AM,1154.1,14,16157.399999999998,71349666.3
2025-08-01 09:43:23 AM,1154.4,0,0.0,71349666.3
2025-08-01 09:43:24 AM,1154.4,1,1154.4,71350820.7
2025-08-01 09:43:27 AM,1154.4,1,1154.4,71351975.10000001
2025-08-01 09:43:34 AM,1154.2,0,0.0,71351975.10000001
2025-08-01 09:43:34 AM,1154.2,9,10387.800000000001,71362362.9
2025-08-01 09:43:34 AM,1154.9,0,0.0,71362362.9
2025-08-01 09:43:35 AM,1154.9,24,27717.600000000002,71390080.5
2025-08-01 09:43:36 AM,1154.9,24,27717.600000000002,71417798.1
2025-08-01 09:43:40 AM,1154.9,1,1154.9,71418953.0
2025-08-01 09:43:48 AM,1154.8,1,1154.8,71420107.8
2025-08-01 09:43:49 AM,1154.8,5,5774.0,71425881.8
2025-08-01 09:43:52 AM,1154.5,15,17317.5,71443199.3
2025-08-01 09:44:03 AM,1154.2,120,138504.0,71581703.3
2025-08-01 09:44:05 AM,1154.0,460,530840.0,72112543.3
2025-08-01 09:44:07 AM,1154.0,6,6924.0,72119467.3
2025-08-01 09:44:15 AM,1153.9,0,0.0,72119467.3
2025-08-01 09:44:15 AM,1153.9,1,1153.9,72120621.2
2025-08-01 09:44:16 AM,1153.9,1,1153.9,72121775.10000001
2025-08-01 09:44:19 AM,1153.2,0,0.0,72121775.10000001
2025-08-01 09:44:19 AM,1153.2,93,107247.6,72229022.7
2025-08-01 09:44:21 AM,1152.9,400,461160.00000000006,72690182.7
2025-08-01 09:44:22 AM,1153.8,25,28845.0,72719027.7
2025-08-01 09:44:26 AM,1153.7,0,0.0,72719027.7
2025-08-01 09:44:27 AM,1153.7,1,1153.7,72720181.4
2025-08-01 09:44:31 AM,1153.7,1,1153.7,72721335.10000001
2025-08-01 09:44:33 AM,1153.7,3,3461.1000000000004,72724796.2
2025-08-01 09:44:37 AM,1153.6,1,1153.6,72725949.8
2025-08-01 09:44:38 AM,1153.5,0,0.0,72725949.8
2025-08-01 09:44:39 AM,1153.5,5,5767.5,72731717.3
2025-08-01 09:44:41 AM,1153.0,0,0.0,72731717.3
2025-08-01 09:44:41 AM,1153.0,19,21907.0,72753624.3
2025-08-01 09:44:42 AM,1153.5,0,0.0,72753624.3
2025-08-01 09:44:42 AM,1153.5,11,12688.5,72766312.8
2025-08-01 09:44:43 AM,1153.5,1,1153.5,72767466.3
2025-08-01 09:44:43 AM,1153.5,1,1153.5,72768619.8
2025-08-01 09:44:51 AM,1153.0,4,4612.0,72773231.8
2025-08-01 09:44:53 AM,1153.0,5,5765.0,72778996.8
2025-08-01 09:44:56 AM,1153.4,8,9227.2,72788224.0
2025-08-01 09:44:57 AM,1153.4,10,11534.0,72799758.0
2025-08-01 09:45:04 AM,1152.0,0,0.0,72799758.0
2025-08-01 09:45:05 AM,1152.0,299,344448.0,73144206.0
2025-08-01 09:45:07 AM,1152.3,0,0.0,73144206.0
2025-08-01 09:45:12 AM,1152.2,5,5761.0,73149967.0
2025-08-01 09:45:19 AM,1152.2,3,3456.6000000000004,73153423.6
2025-08-01 09:45:25 AM,1152.2,2,2304.4,73155728.0
2025-08-01 09:45:33 AM,1152.2,1,1152.2,73156880.2
2025-08-01 09:45:38 AM,1152.2,11,12674.2,73169554.4
2025-08-01 09:45:44 AM,1152.0,21,24192.0,73193746.4
2025-08-01 09:45:46 AM,1152.2,20,23044.0,73216790.4
2025-08-01 09:45:50 AM,1152.0,0,0.0,73216790.4
2025-08-01 09:45:51 AM,1152.2,66,76045.2,73292835.60000001
2025-08-01 09:45:57 AM,1152.0,105,120960.0,73413795.60000001
2025-08-01 09:46:04 AM,1152.2,0,0.0,73413795.60000001
2025-08-01 09:46:04 AM,1152.2,10,11522.0,73425317.60000001
2025-08-01 09:46:10 AM,1152.0,178,205056.0,73630373.60000001
2025-08-01 09:46:15 AM,1152.1,0,0.0,73630373.60000001
2025-08-01 09:46:17 AM,1152.1,3,3456.2999999999997,73633829.9
2025-08-01 09:46:18 AM,1152.0,106,122112.0,73755941.9
2025-08-01 09:46:23 AM,1152.1,0,0.0,73755941.9
2025-08-01 09:46:23 AM,1152.1,1,1152.1,73757094.0
2025-08-01 09:46:30 AM,1152.1,2,2304.2,73759398.2
2025-08-01 09:46:31 AM,1151.5,0,0.0,73759398.2
2025-08-01 09:46:31 AM,1151.5,99,113998.5,73873396.7
2025-08-01 09:46:36 AM,1151.5,150,172725.0,74046121.7
2025-08-01 09:46:42 AM,1151.5,200,230300.0,74276421.7
2025-08-01 09:46:47 AM,1151.8,0,0.0,74276421.7
2025-08-01 09:46:48 AM,1151.8,13,14973.4,74291395.10000001
2025-08-01 09:46:57 AM,1151.8,25,28795.0,74320190.10000001
2025-08-01 09:46:59 AM,1152.0,0,0.0,74320190.10000001
2025-08-01 09:47:01 AM,1152.0,200,230400.0,74550590.10000001
2025-08-01 09:47:19 AM,1152.0,1,1152.0,74551742.10000001
2025-08-01 09:47:21 AM,1152.0,7,8064.0,74559806.10000001
2025-08-01 09:47:26 AM,1152.0,1,1152.0,74560958.10000001
2025-08-01 09:47:39 AM,1152.0,450,518400.0,75079358.10000001
2025-08-01 09:47:41 AM,1151.1,0,0.0,75079358.10000001
2025-08-01 09:47:41 AM,1151.1,500,575550.0,75654908.10000001
2025-08-01 09:47:43 AM,1151.9,0,0.0,75654908.10000001
2025-08-01 09:47:45 AM,1152.0,0,0.0,75654908.10000001
2025-08-01 09:47:46 AM,1152.0,9,10368.0,75665276.10000001
2025-08-01 09:47:48 AM,1152.0,1,1152.0,75666428.10000001
2025-08-01 09:47:52 AM,1151.5,72,82908.0,75749336.10000001
2025-08-01 09:47:55 AM,1151.6,1,1151.6,75750487.7
2025-08-01 09:47:57 AM,1151.1,0,0.0,75750487.7
2025-08-01 09:47:59 AM,1151.3,647,744891.1,76495378.8
2025-08-01 09:48:05 AM,1151.6,17,19577.199999999997,76514956.0
2025-08-01 09:48:14 AM,1151.2,0,0.0,76514956.0
2025-08-01 09:48:14 AM,1151.2,5,5756.0,76520712.0
2025-08-01 09:48:18 AM,1151.7,0,0.0,76520712.0
2025-08-01 09:48:18 AM,1151.7,7,8061.900000000001,76528773.9
2025-08-01 09:48:25 AM,1151.7,26,29944.2,76558718.10000001
2025-08-01 09:48:27 AM,1151.9,514,592076.6000000001,77150794.7
2025-08-01 09:48:30 AM,1151.6,0,0.0,77150794.7
2025-08-01 09:48:31 AM,1151.6,180,207287.99999999997,77358082.7
2025-08-01 09:48:38 AM,1151.7,16,18427.2,77376509.9
2025-08-01 09:48:40 AM,1152.0,10,11520.0,77388029.9
2025-08-01 09:48:42 AM,1152.1,0,0.0,77388029.9
2025-08-01 09:48:44 AM,1152.9,375,432337.50000000006,77820367.4
2025-08-01 09:49:14 AM,1152.3,0,0.0,77820367.4
2025-08-01 09:49:14 AM,1153.1,8,9224.8,77829592.2
2025-08-01 09:49:20 AM,1153.1,10,11531.0,77841123.2
2025-08-01 09:49:23 AM,1153.1,3,3459.2999999999997,77844582.5
2025-08-01 09:49:24 AM,1153.1,1,1153.1,77845735.6
2025-08-01 09:49:24 AM,1153.6,104,119974.4,77965710.0
2025-08-01 09:49:33 AM,1153.7,14,16151.800000000001,77981861.8
2025-08-01 09:49:41 AM,1153.8,15,17307.0,77999168.8
2025-08-01 09:49:47 AM,1153.8,340,392292.0,78391460.8
2025-08-01 09:49:49 AM,1153.8,66,76150.8,78467611.6
2025-08-01 09:49:50 AM,1153.6,72,83059.2,78550670.8
2025-08-01 09:49:54 AM,1153.6,312,359923.19999999995,78910594.0
2025-08-01 09:49:54 AM,1153.8,0,0.0,78910594.0
2025-08-01 09:49:55 AM,1154.0,0,0.0,78910594.0
2025-08-01 09:49:55 AM,1154.0,423,488142.0,79398736.0
2025-08-01 09:49:56 AM,1154.5,25,28862.5,79427598.5
2025-08-01 09:49:57 AM,1155.3,368,425150.39999999997,79852748.9
2025-08-01 09:49:58 AM,1155.0,0,0.0,79852748.9
2025-08-01 09:49:59 AM,1155.0,1,1155.0,79853903.9
2025-08-01 09:50:02 AM,1154.8,0,0.0,79853903.9
2025-08-01 09:50:02 AM,1154.8,10,11548.0,79865451.9
2025-08-01 09:50:08 AM,1154.4,106,122366.40000000001,79987818.30000001
2025-08-01 09:50:12 AM,1153.7,0,0.0,79987818.30000001
2025-08-01 09:50:13 AM,1154.3,20,23086.0,80010904.30000001
2025-08-01 09:50:19 AM,1153.9,0,0.0,80010904.30000001
2025-08-01 09:50:20 AM,1153.1,0,0.0,80010904.30000001
2025-08-01 09:50:20 AM,1153.1,150,172965.0,80183869.30000001
2025-08-01 09:50:21 AM,1153.9,10,11539.0,80195408.30000001
2025-08-01 09:50:24 AM,1153.9,1,1153.9,80196562.20000002
2025-08-01 09:50:31 AM,1153.9,5,5769.5,80202331.70000002
2025-08-01 09:50:32 AM,1153.9,101,116543.90000000001,80318875.60000002
2025-08-01 09:50:36 AM,1154.0,0,0.0,80318875.60000002
2025-08-01 09:50:37 AM,1154.0,50,57700.0,80376575.60000002
2025-08-01 09:50:44 AM,1153.9,2,2307.8,80378883.40000002
2025-08-01 09:50:47 AM,1153.9,1,1153.9,80380037.30000003
2025-08-01 09:50:59 AM,1153.9,10,11539.0,80391576.30000003
2025-08-01 09:51:00 AM,1154.4,289,333621.60000000003,80725197.90000002
2025-08-01 09:51:04 AM,1154.8,0,0.0,80725197.90000002
2025-08-01 09:51:05 AM,1154.8,34,39263.2,80764461.10000002
2025-08-01 09:51:10 AM,1155.4,2,2310.8,80766771.90000002
2025-08-01 09:51:13 AM,1154.8,156,180148.8,80946920.70000002
2025-08-01 09:51:13 AM,1155.4,0,0.0,80946920.70000002
2025-08-01 09:51:14 AM,1155.4,5,5777.0,80952697.70000002
2025-08-01 09:51:20 AM,1155.2,10,11552.0,80964249.70000002
2025-08-01 09:51:30 AM,1155.2,10,11552.0,80975801.70000002
2025-08-01 09:51:31 AM,1155.2,1,1155.2,80976956.90000002
2025-08-01 09:51:36 AM,1155.2,10,11552.0,80988508.90000002
2025-08-01 09:51:38 AM,1154.6,0,0.0,80988508.90000002
2025-08-01 09:51:39 AM,1154.6,22,25401.199999999997,81013910.10000002
2025-08-01 09:51:47 AM,1154.6,1,1154.6,81015064.70000002
2025-08-01 09:51:50 AM,1154.6,1,1154.6,81016219.30000001
2025-08-01 09:51:51 AM,1154.6,1,1154.6,81017373.9
2025-08-01 09:51:54 AM,1154.6,10,11546.0,81028919.9
2025-08-01 09:52:01 AM,1154.3,7,8080.099999999999,81037000.0
2025-08-01 09:52:01 AM,1154.6,0,0.0,81037000.0
2025-08-01 09:52:02 AM,1154.6,11,12700.599999999999,81049700.6
2025-08-01 09:52:03 AM,1154.7,0,0.0,81049700.6
2025-08-01 09:52:04 AM,1154.7,500,577350.0,81627050.6
2025-08-01 09:52:06 AM,1154.3,0,0.0,81627050.6
2025-08-01 09:52:07 AM,1154.3,6,6925.799999999999,81633976.39999999
2025-08-01 09:52:07 AM,1154.0,0,0.0,81633976.39999999
2025-08-01 09:52:09 AM,1154.0,28,32312.0,81666288.39999999
2025-08-01 09:52:10 AM,1154.0,10,11540.0,81677828.39999999
2025-08-01 09:52:13 AM,1152.6,0,0.0,81677828.39999999
2025-08-01 09:52:14 AM,1151.9,2259,2602142.1,84279970.49999999
2025-08-01 09:52:14 AM,1152.1,0,0.0,84279970.49999999
2025-08-01 09:52:15 AM,1151.5,22,25333.0,84305303.49999999
2025-08-01 09:52:17 AM,1152.2,0,0.0,84305303.49999999
2025-08-01 09:52:18 AM,1152.2,8,9217.6,84314521.09999998
2025-08-01 09:52:25 AM,1152.2,27,31109.4,84345630.49999999
2025-08-01 09:52:31 AM,1153.1,10,11531.0,84357161.49999999
2025-08-01 09:52:34 AM,1153.3,10,11533.0,84368694.49999999
2025-08-01 09:52:38 AM,1153.3,9,10379.699999999999,84379074.19999999
2025-08-01 09:52:41 AM,1153.2,1,1153.2,84380227.39999999
2025-08-01 09:52:45 AM,1152.2,11,12674.2,84392901.6
2025-08-01 09:52:46 AM,1152.2,3,3456.6000000000004,84396358.19999999
2025-08-01 09:52:46 AM,1152.0,0,0.0,84396358.19999999
2025-08-01 09:52:47 AM,1152.1,0,0.0,84396358.19999999
2025-08-01 09:52:47 AM,1152.0,77,88704.0,84485062.19999999
2025-08-01 09:52:50 AM,1152.0,10,11520.0,84496582.19999999
2025-08-01 09:52:52 AM,1152.2,18,20739.600000000002,84517321.79999998
2025-08-01 09:52:59 AM,1152.0,0,0.0,84517321.79999998
2025-08-01 09:52:59 AM,1152.0,45,51840.0,84569161.79999998
2025-08-01 09:53:00 AM,1152.0,10,11520.0,84580681.79999998
2025-08-01 09:53:01 AM,1152.0,2,2304.0,84582985.79999998
2025-08-01 09:53:03 AM,1152.0,20,23040.0,84606025.79999998
2025-08-01 09:53:04 AM,1152.0,3,3456.0,84609481.79999998
2025-08-01 09:53:05 AM,1152.0,14,16128.0,84625609.79999998
2025-08-01 09:53:09 AM,1152.0,200,230400.0,84856009.79999998
2025-08-01 09:53:10 AM,1152.5,3,3457.5,84859467.29999998
2025-08-01 09:53:12 AM,1152.5,10,11525.0,84870992.29999998
2025-08-01 09:53:13 AM,1152.1,0,0.0,84870992.29999998
2025-08-01 09:53:14 AM,1152.1,1,1152.1,84872144.39999998
2025-08-01 09:53:15 AM,1152.0,30,34560.0,84906704.39999998
2025-08-01 09:53:15 AM,1151.4,0,0.0,84906704.39999998
2025-08-01 09:53:16 AM,1151.4,458,527341.2000000001,85434045.59999998
2025-08-01 09:53:16 AM,1151.3,4,4605.2,85438650.79999998
2025-08-01 09:53:17 AM,1151.1,43,49497.299999999996,85488148.09999998
2025-08-01 09:53:18 AM,1151.3,31,35690.299999999996,85523838.39999998
2025-08-01 09:53:19 AM,1151.6,94,108250.4,85632088.79999998
2025-08-01 09:53:22 AM,1151.0,656,755056.0,86387144.79999998
2025-08-01 09:53:25 AM,1151.0,309,355659.0,86742803.79999998
2025-08-01 09:53:28 AM,1150.8,5,5754.0,86748557.79999998
2025-08-01 09:53:29 AM,1150.0,695,799250.0,87547807.79999998
2025-08-01 09:53:30 AM,1150.6,1,1150.6,87548958.39999998
2025-08-01 09:53:31 AM,1150.6,3,3451.7999999999997,87552410.19999997
2025-08-01 09:53:34 AM,1150.8,1,1150.8,87553560.99999997
2025-08-01 09:53:38 AM,1150.9,0,0.0,87553560.99999997
2025-08-01 09:53:39 AM,1150.9,1,1150.9,87554711.89999998
2025-08-01 09:53:43 AM,1150.5,0,0.0,87554711.89999998
2025-08-01 09:53:44 AM,1150.5,1,1150.5,87555862.39999998
2025-08-01 09:53:44 AM,1150.2,28,32205.600000000002,87588067.99999997
2025-08-01 09:53:45 AM,1150.2,5,5751.0,87593818.99999997
2025-08-01 09:53:45 AM,1150.1,13,14951.3,87608770.29999997
2025-08-01 09:53:47 AM,1150.6,100,115059.99999999999,87723830.29999997
2025-08-01 09:53:48 AM,1150.5,15,17257.5,87741087.79999997
2025-08-01 09:53:48 AM,1150.1,0,0.0,87741087.79999997
2025-08-01 09:53:49 AM,1150.7,205,235893.5,87976981.29999997
2025-08-01 09:53:51 AM,1150.0,0,0.0,87976981.29999997
2025-08-01 09:53:52 AM,1150.0,4,4600.0,87981581.29999997
2025-08-01 09:53:55 AM,1150.0,350,402500.0,88384081.29999997
2025-08-01 09:54:02 AM,1151.1,11,12662.099999999999,88396743.39999996
2025-08-01 09:54:07 AM,1150.3,0,0.0,88396743.39999996
2025-08-01 09:54:07 AM,1150.3,300,345090.0,88741833.39999996
2025-08-01 09:54:11 AM,1151.0,0,0.0,88741833.39999996
2025-08-01 09:54:12 AM,1151.0,1,1151.0,88742984.39999996
2025-08-01 09:54:15 AM,1150.1,0,0.0,88742984.39999996
2025-08-01 09:54:16 AM,1150.1,27,31052.699999999997,88774037.09999996
2025-08-01 09:54:17 AM,1150.1,39,44853.899999999994,88818890.99999997
2025-08-01 09:54:18 AM,1150.4,15,17256.0,88836146.99999997
2025-08-01 09:54:18 AM,1150.5,0,0.0,88836146.99999997
2025-08-01 09:54:19 AM,1150.5,1,1150.5,88837297.49999997
2025-08-01 09:54:19 AM,1149.9,0,0.0,88837297.49999997
2025-08-01 09:54:20 AM,1149.9,2385,2742511.5,91579808.99999997
2025-08-01 09:54:23 AM,1149.6,2,2299.2,91582108.19999997
2025-08-01 09:54:23 AM,1149.6,1,1149.6,91583257.79999997
2025-08-01 09:54:27 AM,1149.2,10,11492.0,91594749.79999997
2025-08-01 09:54:28 AM,1149.6,0,0.0,91594749.79999997
2025-08-01 09:54:29 AM,1149.6,1,1149.6,91595899.39999996
2025-08-01 09:54:30 AM,1149.6,30,34488.0,91630387.39999996
2025-08-01 09:54:31 AM,1149.6,1,1149.6,91631536.99999996
2025-08-01 09:54:33 AM,1150.0,1,1150.0,91632686.99999996
2025-08-01 09:54:43 AM,1150.5,300,345150.0,91977836.99999996
2025-08-01 09:54:51 AM,1150.5,10,11505.0,91989341.99999996
2025-08-01 09:54:52 AM,1150.6,5,5753.0,91995094.99999996
2025-08-01 09:54:54 AM,1150.7,4,4602.8,91999697.79999995
2025-08-01 09:54:56 AM,1150.5,60,69030.0,92068727.79999995
2025-08-01 09:54:58 AM,1150.7,0,0.0,92068727.79999995
2025-08-01 09:54:58 AM,1150.7,3,3452.1000000000004,92072179.89999995
2025-08-01 09:55:02 AM,1150.7,1,1150.7,92073330.59999995
2025-08-01 09:55:04 AM,1150.2,13,14952.6,92088283.19999994
2025-08-01 09:55:11 AM,1150.4,0,0.0,92088283.19999994
2025-08-01 09:55:12 AM,1150.4,20,23008.0,92111291.19999994
2025-08-01 09:55:13 AM,1150.5,1,1150.5,92112441.69999994
2025-08-01 09:55:14 AM,1150.4,30,34512.0,92146953.69999994
2025-08-01 09:55:15 AM,1150.3,10,11503.0,92158456.69999994
2025-08-01 09:55:16 AM,1150.2,6,6901.200000000001,92165357.89999995
2025-08-01 09:55:17 AM,1150.2,30,34506.0,92199863.89999995
2025-08-01 09:55:18 AM,1150.2,20,23004.0,92222867.89999995
2025-08-01 09:55:23 AM,1150.2,5,5751.0,92228618.89999995
2025-08-01 09:55:24 AM,1150.3,1,1150.3,92229769.19999994
2025-08-01 09:55:26 AM,1150.0,0,0.0,92229769.19999994
2025-08-01 09:55:27 AM,1150.0,579,665850.0,92895619.19999994
2025-08-01 09:55:29 AM,1150.0,12,13800.0,92909419.19999994
2025-08-01 09:55:31 AM,1150.2,1,1150.2,92910569.39999995
2025-08-01 09:55:36 AM,1150.2,5,5751.0,92916320.39999995
2025-08-01 09:55:42 AM,1150.4,0,0.0,92916320.39999995
2025-08-01 09:55:42 AM,1150.4,50,57520.00000000001,92973840.39999995
2025-08-01 09:55:44 AM,1150.0,23,26450.0,93000290.39999995
2025-08-01 09:55:47 AM,1150.4,1,1150.4,93001440.79999995
2025-08-01 09:55:51 AM,1150.5,12,13806.0,93015246.79999995
2025-08-01 09:55:52 AM,1150.5,10,11505.0,93026751.79999995
2025-08-01 09:55:55 AM,1150.4,0,0.0,93026751.79999995
2025-08-01 09:55:55 AM,1150.4,225,258840.00000000003,93285591.79999995
2025-08-01 09:55:56 AM,1150.3,1,1150.3,93286742.09999995
2025-08-01 09:55:56 AM,1150.1,5,5750.5,93292492.59999995
2025-08-01 09:55:57 AM,1150.3,3,3450.8999999999996,93295943.49999996
2025-08-01 09:55:58 AM,1150.3,1,1150.3,93297093.79999995
2025-08-01 09:55:58 AM,1149.4,495,568953.0,93866046.79999995
2025-08-01 09:56:03 AM,1150.4,4,4601.6,93870648.39999995
2025-08-01 09:56:06 AM,1150.3,0,0.0,93870648.39999995
2025-08-01 09:56:06 AM,1150.3,1,1150.3,93871798.69999994
2025-08-01 09:56:08 AM,1149.8,0,0.0,93871798.69999994
2025-08-01 09:56:08 AM,1149.8,10,11498.0,93883296.69999994
2025-08-01 09:56:14 AM,1149.7,47,54035.9,93937332.59999995
2025-08-01 09:56:19 AM,1150.2,0,0.0,93937332.59999995
2025-08-01 09:56:19 AM,1150.2,9,10351.800000000001,93947684.39999995
2025-08-01 09:56:20 AM,1149.7,0,0.0,93947684.39999995
2025-08-01 09:56:20 AM,1149.7,9,10347.300000000001,93958031.69999994
2025-08-01 09:56:21 AM,1150.2,1,1150.2,93959181.89999995
2025-08-01 09:56:34 AM,1150.0,2,2300.0,93961481.89999995
2025-08-01 09:56:36 AM,1150.4,0,0.0,93961481.89999995
2025-08-01 09:56:36 AM,1150.4,236,271494.4,94232976.29999995
2025-08-01 09:56:38 AM,1150.1,0,0.0,94232976.29999995
2025-08-01 09:56:38 AM,1150.1,20,23002.0,94255978.29999995
2025-08-01 09:56:39 AM,1150.2,337,387617.4,94643595.69999996
2025-08-01 09:56:40 AM,1150.6,0,0.0,94643595.69999996
2025-08-01 09:56:40 AM,1150.2,65,74763.0,94718358.69999996
2025-08-01 09:56:41 AM,1150.2,4,4600.8,94722959.49999996
2025-08-01 09:56:42 AM,1150.0,3,3450.0,94726409.49999996
2025-08-01 09:56:43 AM,1150.0,10,11500.0,94737909.49999996
2025-08-01 09:56:43 AM,1149.8,10,11498.0,94749407.49999996
2025-08-01 09:56:44 AM,1149.4,32,36780.8,94786188.29999995
2025-08-01 09:56:47 AM,1149.9,6,6899.400000000001,94793087.69999996
2025-08-01 09:56:54 AM,1149.8,10,11498.0,94804585.69999996
2025-08-01 09:56:56 AM,1149.2,264,303388.8,95107974.49999996
2025-08-01 09:56:58 AM,1149.4,0,0.0,95107974.49999996
2025-08-01 09:56:58 AM,1149.4,1,1149.4,95109123.89999996
2025-08-01 09:56:59 AM,1149.0,373,428577.0,95537700.89999996
2025-08-01 09:57:00 AM,1149.5,20,22990.0,95560690.89999996
2025-08-01 09:57:04 AM,1149.8,0,0.0,95560690.89999996
2025-08-01 09:57:04 AM,1149.8,2,2299.6,95562990.49999996
2025-08-01 09:57:12 AM,1149.2,0,0.0,95562990.49999996
2025-08-01 09:57:14 AM,1149.7,57,65532.9,95628523.39999996
2025-08-01 09:57:20 AM,1149.9,0,0.0,95628523.39999996
2025-08-01 09:57:20 AM,1149.9,7,8049.300000000001,95636572.69999996
2025-08-01 09:57:26 AM,1149.9,10,11499.0,95648071.69999996
2025-08-01 09:57:34 AM,1149.8,4,4599.2,95652670.89999996
2025-08-01 09:57:40 AM,1149.9,0,0.0,95652670.89999996
2025-08-01 09:57:40 AM,1149.9,10,11499.0,95664169.89999996
2025-08-01 09:57:44 AM,1149.9,35,40246.5,95704416.39999996
2025-08-01 09:57:44 AM,1149.8,0,0.0,95704416.39999996
2025-08-01 09:57:46 AM,1150.2,128,147225.6,95851641.99999996
2025-08-01 09:58:02 AM,1149.4,13,14942.2,95866584.19999996
2025-08-01 09:58:04 AM,1149.1,0,0.0,95866584.19999996
2025-08-01 09:58:05 AM,1149.1,40,45964.0,95912548.19999996
2025-08-01 09:58:11 AM,1149.1,5,5745.5,95918293.69999996
2025-08-01 09:58:14 AM,1149.5,500,574750.0,96493043.69999996
2025-08-01 09:58:20 AM,1148.9,3939,4525517.100000001,101018560.79999995
2025-08-01 09:58:23 AM,1148.9,12,13786.800000000001,101032347.59999995
2025-08-01 09:58:26 AM,1148.9,5,5744.5,101038092.09999995
2025-08-01 09:58:29 AM,1148.5,0,0.0,101038092.09999995
2025-08-01 09:58:29 AM,1148.5,20,22970.0,101061062.09999995
2025-08-01 09:58:32 AM,1148.9,1,1148.9,101062210.99999996
2025-08-01 09:58:35 AM,1148.5,34,39049.0,101101259.99999996
2025-08-01 09:58:37 AM,1148.8,0,0.0,101101259.99999996
2025-08-01 09:58:38 AM,1148.8,15,17232.0,101118491.99999996
2025-08-01 09:58:44 AM,1148.4,30,34452.0,101152943.99999996
2025-08-01 09:58:47 AM,1148.2,94,107930.8,101260874.79999995
2025-08-01 09:58:53 AM,1148.2,140,160748.0,101421622.79999995
2025-08-01 09:58:59 AM,1148.4,5,5742.0,101427364.79999995
2025-08-01 09:59:02 AM,1148.1,214,245693.4,101673058.19999996
2025-08-01 09:59:05 AM,1148.1,50,57404.99999999999,101730463.19999996
2025-08-01 09:59:15 AM,1147.7,0,0.0,101730463.19999996
2025-08-01 09:59:15 AM,1147.7,1776,2038315.2000000002,103768778.39999996
2025-08-01 09:59:18 AM,1147.8,5,5739.0,103774517.39999996
2025-08-01 09:59:21 AM,1147.9,22,25253.800000000003,103799771.19999996
2025-08-01 09:59:28 AM,1147.9,20,22958.0,103822729.19999996
2025-08-01 09:59:31 AM,1148.0,132,151536.0,103974265.19999996
2025-08-01 09:59:34 AM,1147.8,0,0.0,103974265.19999996
2025-08-01 09:59:34 AM,1147.8,27,30990.6,104005255.79999995
2025-08-01 09:59:37 AM,1148.0,0,0.0,104005255.79999995
2025-08-01 09:59:37 AM,1148.0,168,192864.0,104198119.79999995
2025-08-01 09:59:40 AM,1148.0,30,34440.0,104232559.79999995
2025-08-01 09:59:43 AM,1147.6,9,10328.4,104242888.19999996
2025-08-01 09:59:44 AM,1147.7,0,0.0,104242888.19999996
2025-08-01 09:59:47 AM,1147.5,0,0.0,104242888.19999996
2025-08-01 09:59:47 AM,1147.5,51,58522.5,104301410.69999996
2025-08-01 09:59:53 AM,1147.0,66,75702.0,104377112.69999996
2025-08-01 09:59:55 AM,1147.5,0,0.0,104377112.69999996
2025-08-01 09:59:55 AM,1147.5,55,63112.5,104440225.19999996
2025-08-01 09:59:59 AM,1147.5,2,2295.0,104442520.19999996
2025-08-01 10:00:02 AM,1147.0,0,0.0,104442520.19999996
2025-08-01 10:00:05 AM,1147.0,115,131905.0,104574425.19999996
2025-08-01 10:00:08 AM,1147.0,209,239723.0,104814148.19999996
2025-08-01 10:00:11 AM,1146.8,1454,1667447.2,106481595.39999996
2025-08-01 10:00:14 AM,1147.2,0,0.0,106481595.39999996
2025-08-01 10:00:14 AM,1147.2,184,211084.80000000002,106692680.19999996
2025-08-01 10:00:18 AM,1147.5,26,29835.0,106722515.19999996
2025-08-01 10:00:19 AM,1146.4,0,0.0,106722515.19999996
2025-08-01 10:00:20 AM,1146.9,0,0.0,106722515.19999996
2025-08-01 10:00:21 AM,1146.9,174,199560.6,106922075.79999995
2025-08-01 10:00:24 AM,1147.2,50,57360.0,106979435.79999995
2025-08-01 10:00:25 AM,1147.3,0,0.0,106979435.79999995
2025-08-01 10:00:27 AM,1147.3,1,1147.3,106980583.09999995
2025-08-01 10:00:30 AM,1147.4,350,401590.00000000006,107382173.09999995
2025-08-01 10:00:33 AM,1146.6,450,515969.99999999994,107898143.09999995
2025-08-01 10:00:36 AM,1147.3,58,66543.4,107964686.49999996
2025-08-01 10:00:38 AM,1146.8,0,0.0,107964686.49999996
2025-08-01 10:00:40 AM,1146.8,100,114680.0,108079366.49999996
2025-08-01 10:00:49 AM,1146.7,0,0.0,108079366.49999996
2025-08-01 10:00:49 AM,1146.7,1,1146.7,108080513.19999996
2025-08-01 10:00:55 AM,1146.7,59,67655.3,108148168.49999996
2025-08-01 10:01:01 AM,1147.5,2,2295.0,108150463.49999996
2025-08-01 10:01:03 AM,1147.5,15,17212.5,108167675.99999996
2025-08-01 10:01:04 AM,1147.5,35,40162.5,108207838.49999996
2025-08-01 10:01:05 AM,1147.5,8,9180.0,108217018.49999996
2025-08-01 10:01:06 AM,1148.0,0,0.0,108217018.49999996
2025-08-01 10:01:06 AM,1148.0,59,67732.0,108284750.49999996
2025-08-01 10:01:08 AM,1148.0,1,1148.0,108285898.49999996
2025-08-01 10:01:11 AM,1148.1,0,0.0,108285898.49999996
2025-08-01 10:01:11 AM,1148.1,65,74626.5,108360524.99999996
2025-08-01 10:01:13 AM,1148.9,1,1148.9,108361673.89999996
2025-08-01 10:01:35 AM,1149.1,0,0.0,108361673.89999996
2025-08-01 10:01:35 AM,1149.1,301,345879.1,108707552.99999996
2025-08-01 10:01:38 AM,1149.5,0,0.0,108707552.99999996
2025-08-01 10:01:38 AM,1149.5,985,1132257.5,109839810.49999996
2025-08-01 10:01:38 AM,1149.9,15,17248.5,109857058.99999996
2025-08-01 10:01:40 AM,1150.0,0,0.0,109857058.99999996
2025-08-01 10:01:40 AM,1150.0,19,21850.0,109878908.99999996
2025-08-01 10:01:45 AM,1149.6,47,54031.2,109932940.19999996
2025-08-01 10:01:52 AM,1150.0,507,583050.0,110515990.19999996
2025-08-01 10:01:53 AM,1150.3,7,8052.099999999999,110524042.29999995
2025-08-01 10:01:54 AM,1150.3,18,20705.399999999998,110544747.69999996
2025-08-01 10:01:55 AM,1151.0,1,1151.0,110545898.69999996
2025-08-01 10:01:56 AM,1151.0,1,1151.0,110547049.69999996
2025-08-01 10:01:57 AM,1151.0,1,1151.0,110548200.69999996
2025-08-01 10:01:58 AM,1151.0,2,2302.0,110550502.69999996
2025-08-01 10:01:59 AM,1151.0,2,2302.0,110552804.69999996
2025-08-01 10:02:02 AM,1151.0,494,568594.0,111121398.69999996
2025-08-01 10:02:02 AM,1151.1,0,0.0,111121398.69999996
2025-08-01 10:02:02 AM,1151.1,50,57554.99999999999,111178953.69999996
2025-08-01 10:02:05 AM,1151.9,100,115190.00000000001,111294143.69999996
2025-08-01 10:02:08 AM,1151.2,0,0.0,111294143.69999996
2025-08-01 10:02:08 AM,1151.2,1,1151.2,111295294.89999996
2025-08-01 10:02:11 AM,1151.1,200,230219.99999999997,111525514.89999996
2025-08-01 10:02:13 AM,1151.3,5,5756.5,111531271.39999996
2025-08-01 10:02:14 AM,1151.2,23,26477.600000000002,111557748.99999996
2025-08-01 10:02:15 AM,1151.1,19,21870.899999999998,111579619.89999996
2025-08-01 10:02:18 AM,1151.0,0,0.0,111579619.89999996
2025-08-01 10:02:18 AM,1151.0,3,3453.0,111583072.89999996
2025-08-01 10:02:18 AM,1150.2,3,3450.6000000000004,111586523.49999996
2025-08-01 10:02:20 AM,1150.5,1,1150.5,111587673.99999996
2025-08-01 10:02:25 AM,1150.8,0,0.0,111587673.99999996
2025-08-01 10:02:25 AM,1150.8,30,34524.0,111622197.99999996
2025-08-01 10:02:25 AM,1151.5,52,59878.0,111682075.99999996
2025-08-01 10:02:30 AM,1151.7,0,0.0,111682075.99999996
2025-08-01 10:02:30 AM,1151.7,2,2303.4,111684379.39999996
2025-08-01 10:02:30 AM,1151.3,15,17269.5,111701648.89999996
2025-08-01 10:02:42 AM,1151.0,44,50644.0,111752292.89999996
2025-08-01 10:02:43 AM,1150.6,1047,1204678.2,112956971.09999996
2025-08-01 10:02:47 AM,1151.3,0,0.0,112956971.09999996
2025-08-01 10:02:47 AM,1151.3,500,575650.0,113532621.09999996
2025-08-01 10:02:54 AM,1150.7,60,69042.0,113601663.09999996
2025-08-01 10:02:58 AM,1150.6,30,34518.0,113636181.09999996
2025-08-01 10:03:01 AM,1150.6,1,1150.6,113637331.69999996
2025-08-01 10:03:02 AM,1150.5,9,10354.5,113647686.19999996
2025-08-01 10:03:04 AM,1150.5,21,24160.5,113671846.69999996
2025-08-01 10:03:05 AM,1150.0,1,1150.0,113672996.69999996
2025-08-01 10:03:14 AM,1150.0,46,52900.0,113725896.69999996
2025-08-01 10:03:20 AM,1150.6,44,50626.399999999994,113776523.09999996
2025-08-01 10:03:21 AM,1150.5,450,517725.0,114294248.09999996
2025-08-01 10:03:22 AM,1151.0,0,0.0,114294248.09999996
2025-08-01 10:03:22 AM,1151.0,1,1151.0,114295399.09999996
2025-08-01 10:03:23 AM,1150.7,0,0.0,114295399.09999996
2025-08-01 10:03:23 AM,1150.8,127,146151.6,114441550.69999996
2025-08-01 10:03:25 AM,1151.0,8,9208.0,114450758.69999996
2025-08-01 10:03:26 AM,1151.0,30,34530.0,114485288.69999996
2025-08-01 10:03:30 AM,1151.4,200,230280.00000000003,114715568.69999996
2025-08-01 10:03:35 AM,1151.3,25,28782.5,114744351.19999996
2025-08-01 10:03:41 AM,1151.5,0,0.0,114744351.19999996
2025-08-01 10:03:41 AM,1151.5,3,3454.5,114747805.69999996
2025-08-01 10:03:42 AM,1150.9,0,0.0,114747805.69999996
2025-08-01 10:03:42 AM,1150.9,50,57545.00000000001,114805350.69999996
2025-08-01 10:03:43 AM,1151.0,10,11510.0,114816860.69999996
2025-08-01 10:03:44 AM,1150.9,0,0.0,114816860.69999996
2025-08-01 10:03:44 AM,1150.9,28,32225.200000000004,114849085.89999996
2025-08-01 10:03:45 AM,1150.7,19,21863.3,114870949.19999996
2025-08-01 10:03:46 AM,1150.6,90,103553.99999999999,114974503.19999996
2025-08-01 10:03:52 AM,1151.1,0,0.0,114974503.19999996
2025-08-01 10:03:52 AM,1151.1,10,11511.0,114986014.19999996
2025-08-01 10:03:52 AM,1151.3,500,575650.0,115561664.19999996
2025-08-01 10:03:57 AM,1151.1,20,23022.0,115584686.19999996
2025-08-01 10:04:02 AM,1150.6,1,1150.6,115585836.79999995
2025-08-01 10:04:09 AM,1151.1,0,0.0,115585836.79999995
2025-08-01 10:04:09 AM,1151.1,7,8057.699999999999,115593894.49999996
2025-08-01 10:04:14 AM,1150.8,0,0.0,115593894.49999996
2025-08-01 10:04:14 AM,1150.8,5,5754.0,115599648.49999996
2025-08-01 10:04:14 AM,1150.7,28,32219.600000000002,115631868.09999995
2025-08-01 10:04:15 AM,1150.6,3,3451.7999999999997,115635319.89999995
2025-08-01 10:04:16 AM,1150.0,11,12650.0,115647969.89999995
2025-08-01 10:04:20 AM,1150.7,0,0.0,115647969.89999995
2025-08-01 10:04:20 AM,1150.7,10,11507.0,115659476.89999995
2025-08-01 10:04:23 AM,1150.7,100,115070.0,115774546.89999995
2025-08-01 10:04:32 AM,1151.1,0,0.0,115774546.89999995
2025-08-01 10:04:32 AM,1151.1,3,3453.2999999999997,115778000.19999994
2025-08-01 10:04:34 AM,1151.3,0,0.0,115778000.19999994
2025-08-01 10:04:34 AM,1151.3,57,65624.09999999999,115843624.29999994
2025-08-01 10:04:35 AM,1150.8,0,0.0,115843624.29999994
2025-08-01 10:04:35 AM,1150.8,40,46032.0,115889656.29999994
2025-08-01 10:04:40 AM,1151.3,0,0.0,115889656.29999994
2025-08-01 10:04:40 AM,1151.3,10,11513.0,115901169.29999994
2025-08-01 10:04:45 AM,1150.8,0,0.0,115901169.29999994
2025-08-01 10:04:45 AM,1151.3,48,55262.399999999994,115956431.69999994
2025-08-01 10:04:47 AM,1150.7,0,0.0,115956431.69999994
2025-08-01 10:04:47 AM,1150.7,7,8054.900000000001,115964486.59999995
2025-08-01 10:04:48 AM,1151.3,3,3453.8999999999996,115967940.49999996
2025-08-01 10:04:53 AM,1151.2,1,1151.2,115969091.69999996
2025-08-01 10:05:01 AM,1151.2,1,1151.2,115970242.89999996
2025-08-01 10:05:05 AM,1151.2,25,28780.0,115999022.89999996
2025-08-01 10:05:05 AM,1151.3,0,0.0,115999022.89999996
2025-08-01 10:05:05 AM,1151.3,2,2302.6,116001325.49999996
2025-08-01 10:05:09 AM,1151.3,2,2302.6,116003628.09999995
2025-08-01 10:05:12 AM,1150.7,0,0.0,116003628.09999995
2025-08-01 10:05:12 AM,1150.7,107,123124.90000000001,116126752.99999996
2025-08-01 10:05:12 AM,1150.6,5,5753.0,116132505.99999996
2025-08-01 10:05:13 AM,1150.7,65,74795.5,116207301.49999996
2025-08-01 10:05:19 AM,1150.8,500,575400.0,116782701.49999996
2025-08-01 10:05:22 AM,1150.4,56,64422.40000000001,116847123.89999996
2025-08-01 10:05:28 AM,1150.4,1,1150.4,116848274.29999997
2025-08-01 10:05:30 AM,1150.1,13,14951.3,116863225.59999996
2025-08-01 10:05:36 AM,1150.9,260,299234.0,117162459.59999996
2025-08-01 10:05:40 AM,1150.9,8,9207.2,117171666.79999997
2025-08-01 10:05:43 AM,1150.3,30,34509.0,117206175.79999997
2025-08-01 10:05:44 AM,1150.2,17,19553.4,117225729.19999997
2025-08-01 10:06:04 AM,1151.1,25,28777.499999999996,117254506.69999997
2025-08-01 10:06:06 AM,1151.1,100,115109.99999999999,117369616.69999997
2025-08-01 10:06:14 AM,1150.2,47,54059.4,117423676.09999998
2025-08-01 10:06:18 AM,1150.6,0,0.0,117423676.09999998
2025-08-01 10:06:18 AM,1150.6,7,8054.199999999999,117431730.29999998
2025-08-01 10:06:20 AM,1150.2,0,0.0,117431730.29999998
2025-08-01 10:06:20 AM,1150.2,20,23004.0,117454734.29999998
2025-08-01 10:06:26 AM,1150.0,0,0.0,117454734.29999998
2025-08-01 10:06:26 AM,1150.0,168,193200.0,117647934.29999998
2025-08-01 10:06:37 AM,1149.6,0,0.0,117647934.29999998
2025-08-01 10:06:37 AM,1149.6,10,11496.0,117659430.29999998
2025-08-01 10:06:41 AM,1149.5,3,3448.5,117662878.79999998
2025-08-01 10:06:43 AM,1149.0,0,0.0,117662878.79999998
2025-08-01 10:06:43 AM,1149.0,3,3447.0,117666325.79999998
2025-08-01 10:06:44 AM,1149.0,47,54003.0,117720328.79999998
2025-08-01 10:06:51 AM,1149.0,1,1149.0,117721477.79999998
2025-08-01 10:06:52 AM,1149.0,179,205671.0,117927148.79999998
2025-08-01 10:06:59 AM,1149.2,0,0.0,117927148.79999998
2025-08-01 10:06:59 AM,1149.2,31,35625.200000000004,117962773.99999999
2025-08-01 10:07:00 AM,1149.8,30,34494.0,117997267.99999999
2025-08-01 10:07:05 AM,1149.2,0,0.0,117997267.99999999
2025-08-01 10:07:05 AM,1149.2,100,114920.0,118112187.99999999
2025-08-01 10:07:07 AM,1149.8,6,6898.799999999999,118119086.79999998
2025-08-01 10:07:11 AM,1149.8,200,229960.0,118349046.79999998
2025-08-01 10:07:13 AM,1149.6,5,5748.0,118354794.79999998
2025-08-01 10:07:17 AM,1149.3,47,54017.1,118408811.89999998
2025-08-01 10:07:19 AM,1149.4,38,43677.200000000004,118452489.09999998
2025-08-01 10:07:24 AM,1149.8,4,4599.2,118457088.29999998
2025-08-01 10:07:29 AM,1150.1,0,0.0,118457088.29999998
2025-08-01 10:07:30 AM,1150.1,69,79356.9,118536445.19999999
2025-08-01 10:07:37 AM,1150.0,0,0.0,118536445.19999999
2025-08-01 10:07:38 AM,1150.0,100,115000.0,118651445.19999999
2025-08-01 10:07:42 AM,1150.0,15,17250.0,118668695.19999999
2025-08-01 10:07:47 AM,1149.8,0,0.0,118668695.19999999
2025-08-01 10:07:48 AM,1149.8,105,120729.0,118789424.19999999
2025-08-01 10:07:50 AM,1149.2,8,9193.6,118798617.79999998
2025-08-01 10:07:54 AM,1149.2,162,186170.4,118984788.19999999
2025-08-01 10:08:01 AM,1149.0,30,34470.0,119019258.19999999
2025-08-01 10:08:06 AM,1149.3,0,0.0,119019258.19999999
2025-08-01 10:08:07 AM,1149.3,510,586143.0,119605401.19999999
2025-08-01 10:08:13 AM,1149.3,48,55166.399999999994,119660567.6
2025-08-01 10:08:19 AM,1149.3,5,5746.5,119666314.1
2025-08-01 10:08:37 AM,1149.5,1,1149.5,119667463.6
2025-08-01 10:08:43 AM,1149.3,31,35628.299999999996,119703091.89999999
2025-08-01 10:08:45 AM,1149.2,0,0.0,119703091.89999999
2025-08-01 10:08:45 AM,1149.0,12,13788.0,119716879.89999999
2025-08-01 10:08:47 AM,1149.3,0,0.0,119716879.89999999
2025-08-01 10:08:49 AM,1149.3,5,5746.5,119722626.39999999
2025-08-01 10:08:51 AM,1149.3,1,1149.3,119723775.69999999
2025-08-01 10:08:57 AM,1148.6,0,0.0,119723775.69999999
2025-08-01 10:08:57 AM,1148.6,25,28714.999999999996,119752490.69999999
2025-08-01 10:09:00 AM,1149.2,0,0.0,119752490.69999999
2025-08-01 10:09:01 AM,1149.2,10,11492.0,119763982.69999999
2025-08-01 10:09:11 AM,1148.6,0,0.0,119763982.69999999
2025-08-01 10:09:13 AM,1148.6,10,11486.0,119775468.69999999
2025-08-01 10:09:15 AM,1149.0,0,0.0,119775468.69999999
2025-08-01 10:09:15 AM,1149.0,3,3447.0,119778915.69999999
2025-08-01 10:09:17 AM,1148.6,0,0.0,119778915.69999999
2025-08-01 10:09:19 AM,1148.7,45,51691.5,119830607.19999999
2025-08-01 10:09:36 AM,1148.9,0,0.0,119830607.19999999
2025-08-01 10:09:36 AM,1148.9,10,11489.0,119842096.19999999
2025-08-01 10:09:44 AM,1148.6,0,0.0,119842096.19999999
2025-08-01 10:09:44 AM,1148.5,47,53979.5,119896075.69999999
2025-08-01 10:09:47 AM,1148.6,0,0.0,119896075.69999999
2025-08-01 10:09:48 AM,1148.6,14,16080.399999999998,119912156.1
2025-08-01 10:09:50 AM,1148.6,56,64321.59999999999,119976477.69999999
2025-08-01 10:10:00 AM,1149.1,0,0.0,119976477.69999999
2025-08-01 10:10:01 AM,1149.4,3,3448.2000000000003,119979925.89999999
2025-08-01 10:10:11 AM,1149.2,26,29879.2,120009805.1
2025-08-01 10:10:15 AM,1148.6,0,0.0,120009805.1
2025-08-01 10:10:17 AM,1149.2,48,55161.600000000006,120064966.69999999
2025-08-01 10:10:22 AM,1148.9,0,0.0,120064966.69999999
2025-08-01 10:10:22 AM,1148.9,9,10340.1,120075306.79999998
2025-08-01 10:10:24 AM,1148.9,1,1148.9,120076455.69999999
2025-08-01 10:10:38 AM,1148.6,0,0.0,120076455.69999999
2025-08-01 10:10:41 AM,1148.6,200,229719.99999999997,120306175.69999999
2025-08-01 10:10:41 AM,1149.0,0,0.0,120306175.69999999
2025-08-01 10:10:42 AM,1149.0,103,118347.0,120424522.69999999
2025-08-01 10:10:47 AM,1149.5,0,0.0,120424522.69999999
2025-08-01 10:10:47 AM,1149.5,50,57475.0,120481997.69999999
2025-08-01 10:10:53 AM,1149.9,0,0.0,120481997.69999999
2025-08-01 10:10:53 AM,1149.9,106,121889.40000000001,120603887.1
2025-08-01 10:11:12 AM,1150.1,10,11501.0,120615388.1
2025-08-01 10:11:14 AM,1150.2,0,0.0,120615388.1
2025-08-01 10:11:16 AM,1150.2,47,54059.4,120669447.5
2025-08-01 10:11:20 AM,1150.8,0,0.0,120669447.5
2025-08-01 10:11:22 AM,1150.8,5,5754.0,120675201.5
2025-08-01 10:11:32 AM,1150.7,0,0.0,120675201.5
2025-08-01 10:11:33 AM,1150.4,37,42564.8,120717766.3
2025-08-01 10:11:45 AM,1149.8,47,54040.6,120771806.89999999
2025-08-01 10:11:59 AM,1150.1,0,0.0,120771806.89999999
2025-08-01 10:12:01 AM,1150.2,0,0.0,120771806.89999999
2025-08-01 10:12:01 AM,1150.2,21,24154.2,120795961.1
2025-08-01 10:12:02 AM,1150.2,14,16102.800000000001,120812063.89999999
2025-08-01 10:12:04 AM,1149.7,0,0.0,120812063.89999999
2025-08-01 10:12:04 AM,1149.7,17,19544.9,120831608.8
2025-08-01 10:12:08 AM,1149.6,0,0.0,120831608.8
2025-08-01 10:12:08 AM,1149.6,100,114959.99999999999,120946568.8
2025-08-01 10:12:09 AM,1149.6,2,2299.2,120948868.0
2025-08-01 10:12:11 AM,1150.2,0,0.0,120948868.0
2025-08-01 10:12:11 AM,1150.2,2,2300.4,120951168.4
2025-08-01 10:12:13 AM,1149.7,25,28742.5,120979910.9
2025-08-01 10:12:14 AM,1149.6,22,25291.199999999997,121005202.10000001
2025-08-01 10:12:19 AM,1150.2,0,0.0,121005202.10000001
2025-08-01 10:12:19 AM,1150.2,1,1150.2,121006352.30000001
2025-08-01 10:12:24 AM,1150.2,25,28755.0,121035107.30000001
2025-08-01 10:12:36 AM,1150.2,20,23004.0,121058111.30000001
2025-08-01 10:12:40 AM,1150.8,51,58690.799999999996,121116802.10000001
2025-08-01 10:12:41 AM,1151.1,0,0.0,121116802.10000001
2025-08-01 10:12:41 AM,1151.1,10,11511.0,121128313.10000001
2025-08-01 10:12:44 AM,1150.7,25,28767.5,121157080.60000001
2025-08-01 10:12:45 AM,1150.6,18,20710.8,121177791.4
2025-08-01 10:12:46 AM,1150.5,0,0.0,121177791.4
2025-08-01 10:12:46 AM,1150.5,10,11505.0,121189296.4
2025-08-01 10:12:46 AM,1150.5,1,1150.5,121190446.9
2025-08-01 10:12:47 AM,1150.3,3,3450.8999999999996,121193897.80000001
2025-08-01 10:12:50 AM,1150.6,0,0.0,121193897.80000001
2025-08-01 10:12:50 AM,1150.6,5,5753.0,121199650.80000001
2025-08-01 10:12:57 AM,1150.3,2,2300.6,121201951.4
2025-08-01 10:12:57 AM,1150.6,0,0.0,121201951.4
2025-08-01 10:12:57 AM,1150.6,1,1150.6,121203102.0
2025-08-01 10:12:59 AM,1150.5,0,0.0,121203102.0
2025-08-01 10:12:59 AM,1150.5,44,50622.0,121253724.0
2025-08-01 10:13:12 AM,1150.4,516,593606.4,121847330.4
2025-08-01 10:13:17 AM,1150.0,0,0.0,121847330.4
2025-08-01 10:13:17 AM,1150.4,0,0.0,121847330.4
2025-08-01 10:13:18 AM,1150.4,170,195568.00000000003,122042898.4
2025-08-01 10:13:24 AM,1150.4,9,10353.6,122053252.0
2025-08-01 10:13:41 AM,1149.9,0,0.0,122053252.0
2025-08-01 10:13:42 AM,1149.9,12,13798.800000000001,122067050.8
2025-08-01 10:13:44 AM,1149.1,0,0.0,122067050.8
2025-08-01 10:13:48 AM,1149.1,87,99971.7,122167022.5
2025-08-01 10:13:56 AM,1150.0,0,0.0,122167022.5
2025-08-01 10:14:00 AM,1150.0,250,287500.0,122454522.5
2025-08-01 10:14:07 AM,1149.5,0,0.0,122454522.5
2025-08-01 10:14:07 AM,1149.5,1,1149.5,122455672.0
2025-08-01 10:14:12 AM,1150.1,0,0.0,122455672.0
2025-08-01 10:14:12 AM,1150.1,5,5750.5,122461422.5
2025-08-01 10:14:14 AM,1149.6,0,0.0,122461422.5
2025-08-01 10:14:14 AM,1149.6,1,1149.6,122462572.1
2025-08-01 10:14:14 AM,1149.5,41,47129.5,122509701.6
2025-08-01 10:14:16 AM,1150.1,5,5750.5,122515452.1
2025-08-01 10:14:20 AM,1150.1,20,23002.0,122538454.1
2025-08-01 10:14:26 AM,1150.1,10,11501.0,122549955.1
2025-08-01 10:14:27 AM,1149.4,50,57470.00000000001,122607425.1
2025-08-01 10:14:29 AM,1150.1,1,1150.1,122608575.19999999
2025-08-01 10:14:35 AM,1147.9,6010,6898879.000000001,129507454.19999999
2025-08-01 10:14:36 AM,1147.2,0,0.0,129507454.19999999
2025-08-01 10:14:36 AM,1147.5,0,0.0,129507454.19999999
2025-08-01 10:14:36 AM,1147.5,49,56227.5,129563681.69999999
2025-08-01 10:14:37 AM,1147.6,5,5738.0,129569419.69999999
2025-08-01 10:14:38 AM,1146.9,1600,1835040.0000000002,131404459.69999999
2025-08-01 10:14:39 AM,1147.0,0,0.0,131404459.69999999
2025-08-01 10:14:39 AM,1147.0,7,8029.0,131412488.69999999
2025-08-01 10:14:39 AM,1148.0,0,0.0,131412488.69999999
2025-08-01 10:14:39 AM,1147.7,53,60828.100000000006,131473316.79999998
2025-08-01 10:14:42 AM,1147.7,1,1147.7,131474464.49999999
2025-08-01 10:14:42 AM,1147.9,5,5739.5,131480203.99999999
2025-08-01 10:14:43 AM,1147.9,41,47063.9,131527267.89999999
2025-08-01 10:14:44 AM,1147.9,6,6887.400000000001,131534155.3
2025-08-01 10:14:47 AM,1147.9,9,10331.1,131544486.39999999
2025-08-01 10:14:48 AM,1147.9,15,17218.5,131561704.89999999
2025-08-01 10:14:48 AM,1148.7,1,1148.7,131562853.6
2025-08-01 10:14:50 AM,1148.8,1,1148.8,131564002.39999999
2025-08-01 10:14:54 AM,1148.7,50,57435.0,131621437.39999999
2025-08-01 10:14:58 AM,1149.1,1,1149.1,131622586.49999999
2025-08-01 10:15:02 AM,1149.1,5,5745.5,131628331.99999999
2025-08-01 10:15:03 AM,1149.2,1,1149.2,131629481.19999999
2025-08-01 10:15:06 AM,1149.2,1,1149.2,131630630.39999999
2025-08-01 10:15:08 AM,1149.3,0,0.0,131630630.39999999
2025-08-01 10:15:08 AM,1149.3,3,3447.8999999999996,131634078.3
2025-08-01 10:15:14 AM,1148.7,47,53988.9,131688067.2
2025-08-01 10:15:15 AM,1149.1,0,0.0,131688067.2
2025-08-01 10:15:15 AM,1149.1,1,1149.1,131689216.3
2025-08-01 10:15:29 AM,1149.1,4,4596.4,131693812.7
2025-08-01 10:15:36 AM,1148.7,0,0.0,131693812.7
2025-08-01 10:15:36 AM,1148.7,258,296364.60000000003,131990177.3
2025-08-01 10:15:43 AM,1148.5,78,89583.0,132079760.3
2025-08-01 10:15:49 AM,1149.1,20,22982.0,132102742.3
2025-08-01 10:15:59 AM,1149.1,10,11491.0,132114233.3
2025-08-01 10:16:12 AM,1148.8,0,0.0,132114233.3
2025-08-01 10:16:12 AM,1148.8,224,257331.19999999998,132371564.5
2025-08-01 10:16:15 AM,1148.5,0,0.0,132371564.5
2025-08-01 10:16:15 AM,1148.5,50,57425.0,132428989.5
2025-08-01 10:16:19 AM,1148.6,0,0.0,132428989.5
2025-08-01 10:16:19 AM,1148.6,1,1148.6,132430138.1
2025-08-01 10:16:21 AM,1148.6,50,57429.99999999999,132487568.1
2025-08-01 10:16:25 AM,1148.5,3,3445.5,132491013.6
2025-08-01 10:16:29 AM,1148.6,0,0.0,132491013.6
2025-08-01 10:16:29 AM,1148.6,2,2297.2,132493310.8
2025-08-01 10:16:30 AM,1148.6,10,11486.0,132504796.8
2025-08-01 10:16:36 AM,1149.0,0,0.0,132504796.8
2025-08-01 10:16:36 AM,1149.0,1,1149.0,132505945.8
2025-08-01 10:16:38 AM,1148.6,0,0.0,132505945.8
2025-08-01 10:16:38 AM,1148.6,1,1148.6,132507094.39999999
2025-08-01 10:16:40 AM,1149.1,0,0.0,132507094.39999999
2025-08-01 10:16:40 AM,1149.1,65,74691.5,132581785.89999999
2025-08-01 10:16:44 AM,1148.7,0,0.0,132581785.89999999
2025-08-01 10:16:44 AM,1148.7,1,1148.7,132582934.6
2025-08-01 10:16:44 AM,1148.6,46,52835.6,132635770.19999999
2025-08-01 10:16:54 AM,1148.7,0,0.0,132635770.19999999
2025-08-01 10:16:54 AM,1148.7,1,1148.7,132636918.89999999
2025-08-01 10:16:59 AM,1149.0,0,0.0,132636918.89999999
2025-08-01 10:16:59 AM,1149.0,50,57450.0,132694368.89999999
2025-08-01 10:17:01 AM,1149.0,1,1149.0,132695517.89999999
2025-08-01 10:17:14 AM,1148.7,5,5743.5,132701261.39999999
2025-08-01 10:17:15 AM,1148.6,42,48241.2,132749502.6
2025-08-01 10:17:34 AM,1148.9,5,5744.5,132755247.1
2025-08-01 10:17:36 AM,1148.6,10,11486.0,132766733.1
2025-08-01 10:17:44 AM,1148.6,47,53984.2,132820717.3
2025-08-01 10:17:49 AM,1148.7,1,1148.7,132821866.0
2025-08-01 10:17:53 AM,1148.7,1,1148.7,132823014.7
2025-08-01 10:17:55 AM,1147.0,880,1009360.0,133832374.7
2025-08-01 10:17:57 AM,1147.7,7,8033.900000000001,133840408.60000001
2025-08-01 10:17:58 AM,1147.7,30,34431.0,133874839.60000001
2025-08-01 10:18:14 AM,1147.1,0,0.0,133874839.60000001
2025-08-01 10:18:14 AM,1147.1,46,52766.6,133927606.2
2025-08-01 10:18:20 AM,1147.0,5,5735.0,133933341.2
2025-08-01 10:18:21 AM,1147.5,0,0.0,133933341.2
2025-08-01 10:18:21 AM,1147.5,1,1147.5,133934488.7
2025-08-01 10:18:21 AM,1147.6,4,4590.4,133939079.10000001
2025-08-01 10:18:24 AM,1147.6,2,2295.2,133941374.30000001
2025-08-01 10:18:30 AM,1147.5,0,0.0,133941374.30000001
2025-08-01 10:18:30 AM,1147.5,1,1147.5,133942521.80000001
2025-08-01 10:18:34 AM,1147.0,5,5735.0,133948256.80000001
2025-08-01 10:18:38 AM,1147.2,25,28680.0,133976936.80000001
2025-08-01 10:18:42 AM,1147.5,0,0.0,133976936.80000001
2025-08-01 10:18:42 AM,1147.5,26,29835.0,134006771.80000001
2025-08-01 10:18:45 AM,1147.2,0,0.0,134006771.80000001
2025-08-01 10:18:45 AM,1147.2,9,10324.800000000001,134017096.60000001
2025-08-01 10:18:46 AM,1147.0,0,0.0,134017096.60000001
2025-08-01 10:18:46 AM,1147.0,38,43586.0,134060682.60000001
2025-08-01 10:18:53 AM,1147.0,2,2294.0,134062976.60000001
2025-08-01 10:18:53 AM,1147.0,100,114700.0,134177676.60000001
2025-08-01 10:18:54 AM,1147.5,0,0.0,134177676.60000001
2025-08-01 10:18:54 AM,1147.5,2,2295.0,134179971.60000001
2025-08-01 10:18:55 AM,1147.5,7,8032.5,134188004.10000001
2025-08-01 10:18:56 AM,1147.5,2,2295.0,134190299.10000001
2025-08-01 10:18:59 AM,1147.5,19,21802.5,134212101.60000001
2025-08-01 10:19:04 AM,1147.5,5,5737.5,134217839.10000002
2025-08-01 10:19:11 AM,1147.7,5,5738.5,134223577.60000002
2025-08-01 10:19:14 AM,1147.6,0,0.0,134223577.60000002
2025-08-01 10:19:14 AM,1148.2,58,66595.6,134290173.20000002
2025-08-01 10:19:28 AM,1148.2,10,11482.0,134301655.20000002
2025-08-01 10:19:29 AM,1148.2,1,1148.2,134302803.4
2025-08-01 10:19:32 AM,1148.3,0,0.0,134302803.4
2025-08-01 10:19:32 AM,1148.3,125,143537.5,134446340.9
2025-08-01 10:19:35 AM,1148.2,1,1148.2,134447489.1
2025-08-01 10:19:45 AM,1148.0,0,0.0,134447489.1
2025-08-01 10:19:45 AM,1148.0,47,53956.0,134501445.1
2025-08-01 10:19:48 AM,1148.2,0,0.0,134501445.1
2025-08-01 10:19:48 AM,1148.2,1,1148.2,134502593.29999998
2025-08-01 10:19:54 AM,1148.2,109,125153.8,134627747.1
2025-08-01 10:20:02 AM,1148.9,2,2297.8,134630044.9
2025-08-01 10:20:08 AM,1148.8,0,0.0,134630044.9
2025-08-01 10:20:08 AM,1148.8,10,11488.0,134641532.9
2025-08-01 10:20:10 AM,1148.4,0,0.0,134641532.9
2025-08-01 10:20:10 AM,1148.4,5,5742.0,134647274.9
2025-08-01 10:20:11 AM,1148.9,0,0.0,134647274.9
2025-08-01 10:20:11 AM,1148.9,350,402115.00000000006,135049389.9
2025-08-01 10:20:12 AM,1148.7,0,0.0,135049389.9
2025-08-01 10:20:12 AM,1148.7,4,4594.8,135053984.70000002
2025-08-01 10:20:13 AM,1148.0,0,0.0,135053984.70000002
2025-08-01 10:20:13 AM,1148.0,496,569408.0,135623392.70000002
2025-08-01 10:20:14 AM,1147.9,0,0.0,135623392.70000002
2025-08-01 10:20:14 AM,1147.9,1,1147.9,135624540.60000002
2025-08-01 10:20:15 AM,1147.5,0,0.0,135624540.60000002
2025-08-01 10:20:15 AM,1147.5,46,52785.0,135677325.60000002
2025-08-01 10:20:29 AM,1147.9,0,0.0,135677325.60000002
2025-08-01 10:20:29 AM,1147.9,1,1147.9,135678473.50000003
2025-08-01 10:20:34 AM,1147.8,0,0.0,135678473.50000003
2025-08-01 10:20:34 AM,1147.8,11,12625.8,135691099.30000004
2025-08-01 10:20:39 AM,1148.1,0,0.0,135691099.30000004
2025-08-01 10:20:39 AM,1148.1,9,10332.9,135701432.20000005
2025-08-01 10:20:42 AM,1147.9,5,5739.5,135707171.70000005
2025-08-01 10:20:44 AM,1148.5,400,459400.0,136166571.70000005
2025-08-01 10:20:58 AM,1148.7,0,0.0,136166571.70000005
2025-08-01 10:20:58 AM,1148.7,11,12635.7,136179207.40000004
2025-08-01 10:21:14 AM,1148.5,11,12633.5,136191840.90000004
2025-08-01 10:21:15 AM,1148.5,36,41346.0,136233186.90000004
2025-08-01 10:21:16 AM,1148.7,0,0.0,136233186.90000004
2025-08-01 10:21:16 AM,1148.7,52,59732.4,136292919.30000004
2025-08-01 10:21:21 AM,1149.0,0,0.0,136292919.30000004
2025-08-01 10:21:21 AM,1149.0,1,1149.0,136294068.30000004
2025-08-01 10:21:22 AM,1149.0,14,16086.0,136310154.30000004
2025-08-01 10:21:28 AM,1149.0,1,1149.0,136311303.30000004
2025-08-01 10:21:30 AM,1149.0,1,1149.0,136312452.30000004
2025-08-01 10:21:32 AM,1149.0,1,1149.0,136313601.30000004
2025-08-01 10:21:33 AM,1149.0,1,1149.0,136314750.30000004
2025-08-01 10:21:35 AM,1149.0,15,17235.0,136331985.30000004
2025-08-01 10:21:35 AM,1148.7,30,34461.0,136366446.30000004
2025-08-01 10:21:40 AM,1148.6,0,0.0,136366446.30000004
2025-08-01 10:21:40 AM,1148.6,25,28714.999999999996,136395161.30000004
2025-08-01 10:21:45 AM,1148.5,3,3445.5,136398606.80000004
2025-08-01 10:21:45 AM,1148.2,44,50520.8,136449127.60000005
2025-08-01 10:21:47 AM,1148.5,1,1148.5,136450276.10000005
2025-08-01 10:21:52 AM,1148.6,0,0.0,136450276.10000005
2025-08-01 10:21:52 AM,1148.6,20,22972.0,136473248.10000005
2025-08-01 10:22:02 AM,1148.6,32,36755.2,136510003.30000004
2025-08-01 10:22:05 AM,1148.9,0,0.0,136510003.30000004
2025-08-01 10:22:05 AM,1148.9,25,28722.500000000004,136538725.80000004
2025-08-01 10:22:09 AM,1148.9,1,1148.9,136539874.70000005
2025-08-01 10:22:14 AM,1148.6,46,52835.6,136592710.30000004
2025-08-01 10:22:19 AM,1149.5,0,0.0,136592710.30000004
2025-08-01 10:22:20 AM,1149.5,1000,1149500.0,137742210.30000004
2025-08-01 10:22:24 AM,1149.6,0,0.0,137742210.30000004
2025-08-01 10:22:24 AM,1149.6,5,5748.0,137747958.30000004
2025-08-01 10:22:28 AM,1149.7,100,114970.0,137862928.30000004
2025-08-01 10:22:42 AM,1149.6,0,0.0,137862928.30000004
2025-08-01 10:22:42 AM,1149.6,1,1149.6,137864077.90000004
2025-08-01 10:22:46 AM,1148.8,0,0.0,137864077.90000004
2025-08-01 10:22:46 AM,1148.8,16,18380.8,137882458.70000005
2025-08-01 10:22:47 AM,1148.7,0,0.0,137882458.70000005
2025-08-01 10:22:47 AM,1148.7,31,35609.700000000004,137918068.40000004
2025-08-01 10:22:49 AM,1149.2,2,2298.4,137920366.80000004
2025-08-01 10:22:53 AM,1148.7,0,0.0,137920366.80000004
2025-08-01 10:22:53 AM,1148.7,1,1148.7,137921515.50000003
2025-08-01 10:22:56 AM,1149.4,0,0.0,137921515.50000003
2025-08-01 10:22:56 AM,1149.4,55,63217.00000000001,137984732.50000003
2025-08-01 10:23:01 AM,1149.3,0,0.0,137984732.50000003
2025-08-01 10:23:02 AM,1149.3,6,6895.799999999999,137991628.30000004
2025-08-01 10:23:05 AM,1148.6,1,1148.6,137992776.90000004
2025-08-01 10:23:13 AM,1148.5,0,0.0,137992776.90000004
2025-08-01 10:23:14 AM,1148.1,0,0.0,137992776.90000004
2025-08-01 10:23:14 AM,1148.1,25,28702.499999999996,138021479.40000004
2025-08-01 10:23:16 AM,1149.0,0,0.0,138021479.40000004
2025-08-01 10:23:17 AM,1149.0,522,599778.0,138621257.40000004
2025-08-01 10:23:22 AM,1148.3,0,0.0,138621257.40000004
2025-08-01 10:23:23 AM,1148.3,7,8038.099999999999,138629295.50000003
2025-08-01 10:23:26 AM,1148.3,25,28707.5,138658003.00000003
2025-08-01 10:23:31 AM,1148.3,50,57415.0,138715418.00000003
2025-08-01 10:23:34 AM,1148.6,35,40201.0,138755619.00000003
2025-08-01 10:23:39 AM,1148.0,200,229600.0,138985219.00000003
2025-08-01 10:23:44 AM,1148.3,0,0.0,138985219.00000003
2025-08-01 10:23:45 AM,1148.3,59,67749.7,139052968.70000002
2025-08-01 10:23:48 AM,1148.3,10,11483.0,139064451.70000002
2025-08-01 10:23:50 AM,1148.3,2,2296.6,139066748.3
2025-08-01 10:23:54 AM,1148.5,30,34455.0,139101203.3
2025-08-01 10:23:55 AM,1148.3,0,0.0,139101203.3
2025-08-01 10:23:56 AM,1148.3,10,11483.0,139112686.3
2025-08-01 10:24:00 AM,1148.3,190,218177.0,139330863.3
2025-08-01 10:24:04 AM,1148.6,0,0.0,139330863.3
2025-08-01 10:24:04 AM,1148.6,21,24120.6,139354983.9
2025-08-01 10:24:05 AM,1148.6,3,3445.7999999999997,139358429.70000002
2025-08-01 10:24:06 AM,1148.7,2,2297.4,139360727.10000002
2025-08-01 10:24:08 AM,1148.7,6,6892.200000000001,139367619.3
2025-08-01 10:24:12 AM,1148.7,20,22974.0,139390593.3
2025-08-01 10:24:15 AM,1148.3,27,31004.1,139421597.4
2025-08-01 10:24:17 AM,1148.9,0,0.0,139421597.4
2025-08-01 10:24:17 AM,1148.9,1,1148.9,139422746.3
2025-08-01 10:24:30 AM,1148.9,2,2297.8,139425044.10000002
2025-08-01 10:24:37 AM,1148.9,1,1148.9,139426193.00000003
2025-08-01 10:24:37 AM,1148.9,15,17233.5,139443426.50000003
2025-08-01 10:24:45 AM,1148.5,0,0.0,139443426.50000003
2025-08-01 10:24:45 AM,1148.5,47,53979.5,139497406.00000003
2025-08-01 10:24:48 AM,1148.9,0,0.0,139497406.00000003
2025-08-01 10:24:48 AM,1148.9,50,57445.00000000001,139554851.00000003
2025-08-01 10:24:51 AM,1148.9,1,1148.9,139555999.90000004
2025-08-01 10:24:52 AM,1148.9,1,1148.9,139557148.80000004
2025-08-01 10:24:52 AM,1149.0,10,11490.0,139568638.80000004
2025-08-01 10:24:55 AM,1148.9,0,0.0,139568638.80000004
2025-08-01 10:24:55 AM,1148.9,1,1148.9,139569787.70000005
2025-08-01 10:24:57 AM,1148.9,1,1148.9,139570936.60000005
2025-08-01 10:25:01 AM,1148.5,0,0.0,139570936.60000005
2025-08-01 10:25:01 AM,1148.5,10,11485.0,139582421.60000005
2025-08-01 10:25:10 AM,1149.0,0,0.0,139582421.60000005
2025-08-01 10:25:10 AM,1149.0,1,1149.0,139583570.60000005
2025-08-01 10:25:14 AM,1148.6,0,0.0,139583570.60000005
2025-08-01 10:25:14 AM,1148.6,5,5743.0,139589313.60000005
2025-08-01 10:25:14 AM,1148.5,42,48237.0,139637550.60000005
2025-08-01 10:25:22 AM,1148.6,106,121751.59999999999,139759302.20000005
2025-08-01 10:25:27 AM,1149.1,0,0.0,139759302.20000005
2025-08-01 10:25:27 AM,1149.1,2,2298.2,139761600.40000004
2025-08-01 10:25:28 AM,1149.4,0,0.0,139761600.40000004
2025-08-01 10:25:28 AM,1149.4,3,3448.2000000000003,139765048.60000002
2025-08-01 10:25:30 AM,1149.8,1050,1207290.0,140972338.60000002
2025-08-01 10:25:33 AM,1149.7,0,0.0,140972338.60000002
2025-08-01 10:25:33 AM,1149.7,16,18395.2,140990733.8
2025-08-01 10:25:44 AM,1149.2,5,5746.0,140996479.8
2025-08-01 10:25:45 AM,1149.1,0,0.0,140996479.8
2025-08-01 10:25:45 AM,1149.1,41,47113.1,141043592.9
2025-08-01 10:25:45 AM,1149.8,100,114980.0,141158572.9
2025-08-01 10:25:47 AM,1149.8,2,2299.6,141160872.5
2025-08-01 10:25:57 AM,1149.8,13,14947.4,141175819.9
2025-08-01 10:25:57 AM,1149.8,1,1149.8,141176969.70000002
2025-08-01 10:25:58 AM,1149.8,1,1149.8,141178119.50000003
2025-08-01 10:25:59 AM,1149.8,100,114980.0,141293099.50000003
2025-08-01 10:26:04 AM,1149.1,10,11491.0,141304590.50000003
2025-08-01 10:26:11 AM,1149.7,0,0.0,141304590.50000003
2025-08-01 10:26:13 AM,1149.7,1,1149.7,141305740.20000002
2025-08-01 10:26:15 AM,1149.1,0,0.0,141305740.20000002
2025-08-01 10:26:15 AM,1149.1,47,54007.7,141359747.9
2025-08-01 10:26:17 AM,1149.5,0,0.0,141359747.9
2025-08-01 10:26:18 AM,1149.1,0,0.0,141359747.9
2025-08-01 10:26:19 AM,1149.1,165,189601.49999999997,141549349.4
2025-08-01 10:26:38 AM,1149.9,0,0.0,141549349.4
2025-08-01 10:26:38 AM,1149.9,27,31047.300000000003,141580396.70000002
2025-08-01 10:26:45 AM,1149.8,0,0.0,141580396.70000002
2025-08-01 10:26:47 AM,1149.3,0,0.0,141580396.70000002
2025-08-01 10:26:47 AM,1149.3,48,55166.399999999994,141635563.10000002
2025-08-01 10:26:50 AM,1149.7,0,0.0,141635563.10000002
2025-08-01 10:26:50 AM,1149.7,10,11497.0,141647060.10000002
2025-08-01 10:26:51 AM,1149.0,0,0.0,141647060.10000002
2025-08-01 10:26:53 AM,1149.0,29,33321.0,141680381.10000002
2025-08-01 10:26:56 AM,1149.0,174,199926.0,141880307.10000002
2025-08-01 10:26:59 AM,1149.1,0,0.0,141880307.10000002
2025-08-01 10:26:59 AM,1149.1,5,5745.5,141886052.60000002
2025-08-01 10:27:02 AM,1149.1,5,5745.5,141891798.10000002
2025-08-01 10:27:03 AM,1149.1,4,4596.4,141896394.50000003
2025-08-01 10:27:05 AM,1149.1,8,9192.8,141905587.30000004
2025-08-01 10:27:07 AM,1148.9,0,0.0,141905587.30000004
2025-08-01 10:27:07 AM,1148.9,29,33318.100000000006,141938905.40000004
2025-08-01 10:27:10 AM,1149.1,14,16087.399999999998,141954992.80000004
2025-08-01 10:27:12 AM,1149.7,13,14946.1,141969938.90000004
2025-08-01 10:27:14 AM,1149.1,47,54007.7,142023946.60000002
2025-08-01 10:27:22 AM,1149.5,0,0.0,142023946.60000002
2025-08-01 10:27:23 AM,1149.5,1,1149.5,142025096.10000002
2025-08-01 10:27:24 AM,1149.5,1,1149.5,142026245.60000002
2025-08-01 10:27:35 AM,1149.6,0,0.0,142026245.60000002
2025-08-01 10:27:35 AM,1149.6,1,1149.6,142027395.20000002
2025-08-01 10:27:36 AM,1149.6,1,1149.6,142028544.8
2025-08-01 10:27:37 AM,1149.6,5,5748.0,142034292.8
2025-08-01 10:27:42 AM,1149.5,20,22990.0,142057282.8
2025-08-01 10:27:44 AM,1149.1,17,19534.699999999997,142076817.5
2025-08-01 10:27:46 AM,1149.0,25,28725.0,142105542.5
2025-08-01 10:27:59 AM,1149.3,10,11493.0,142117035.5
2025-08-01 10:28:07 AM,1149.0,0,0.0,142117035.5
2025-08-01 10:28:08 AM,1149.0,180,206820.0,142323855.5
2025-08-01 10:28:09 AM,1149.3,0,0.0,142323855.5
2025-08-01 10:28:10 AM,1149.3,2,2298.6,142326154.1
2025-08-01 10:28:13 AM,1149.1,0,0.0,142326154.1
2025-08-01 10:28:13 AM,1149.1,47,54007.7,142380161.79999998
2025-08-01 10:28:18 AM,1149.2,0,0.0,142380161.79999998
2025-08-01 10:28:18 AM,1149.2,1,1149.2,142381310.99999997
2025-08-01 10:28:27 AM,1149.2,1,1149.2,142382460.19999996
2025-08-01 10:28:32 AM,1149.0,60,68940.0,142451400.19999996
2025-08-01 10:28:33 AM,1149.2,0,0.0,142451400.19999996
2025-08-01 10:28:35 AM,1149.2,1,1149.2,142452549.39999995
2025-08-01 10:28:38 AM,1149.4,58,66665.20000000001,142519214.59999993
2025-08-01 10:28:40 AM,1149.3,1,1149.3,142520363.89999995
2025-08-01 10:28:42 AM,1149.4,0,0.0,142520363.89999995
2025-08-01 10:28:43 AM,1149.4,1,1149.4,142521513.29999995
2025-08-01 10:28:45 AM,1149.0,0,0.0,142521513.29999995
2025-08-01 10:28:46 AM,1149.0,47,54003.0,142575516.29999995
2025-08-01 10:29:00 AM,1149.2,0,0.0,142575516.29999995
2025-08-01 10:29:00 AM,1149.2,2,2298.4,142577814.69999996
2025-08-01 10:29:04 AM,1149.7,0,0.0,142577814.69999996
2025-08-01 10:29:06 AM,1149.7,100,114970.0,142692784.69999996
2025-08-01 10:29:14 AM,1149.1,0,0.0,142692784.69999996
2025-08-01 10:29:14 AM,1149.1,15,17236.5,142710021.19999996
2025-08-01 10:29:16 AM,1149.0,0,0.0,142710021.19999996
2025-08-01 10:29:17 AM,1149.0,32,36768.0,142746789.19999996
2025-08-01 10:29:19 AM,1149.6,6,6897.599999999999,142753686.79999995
2025-08-01 10:29:25 AM,1149.6,5,5748.0,142759434.79999995
2025-08-01 10:29:39 AM,1149.7,1,1149.7,142760584.49999994
2025-08-01 10:29:46 AM,1149.8,0,0.0,142760584.49999994
2025-08-01 10:29:47 AM,1149.8,3,3449.3999999999996,142764033.89999995
2025-08-01 10:29:56 AM,1149.8,7,8048.599999999999,142772082.49999994
2025-08-01 10:29:58 AM,1149.6,2,2299.2,142774381.69999993
2025-08-01 10:30:13 AM,1149.8,0,0.0,142774381.69999993
2025-08-01 10:30:13 AM,1149.8,11,12647.8,142787029.49999994
2025-08-01 10:30:21 AM,1149.8,45,51741.0,142838770.49999994
2025-08-01 10:30:27 AM,1149.9,2,2299.8,142841070.29999995
2025-08-01 10:30:30 AM,1150.0,62,71300.0,142912370.29999995
2025-08-01 10:30:33 AM,1149.8,1,1149.8,142913520.09999996
2025-08-01 10:30:43 AM,1150.1,0,0.0,142913520.09999996
2025-08-01 10:30:44 AM,1150.1,8,9200.8,142922720.89999998
2025-08-01 10:30:47 AM,1150.1,50,57504.99999999999,142980225.89999998
2025-08-01 10:30:50 AM,1150.1,1,1150.1,142981375.99999997
2025-08-01 10:30:58 AM,1149.8,54,62089.2,143043465.19999996
2025-08-01 10:31:01 AM,1149.7,1,1149.7,143044614.89999995
2025-08-01 10:31:10 AM,1150.3,32,36809.6,143081424.49999994
2025-08-01 10:31:13 AM,1150.3,22,25306.6,143106731.09999993
2025-08-01 10:31:15 AM,1150.6,0,0.0,143106731.09999993
2025-08-01 10:31:16 AM,1150.6,10,11506.0,143118237.09999993
2025-08-01 10:31:19 AM,1150.6,1,1150.6,143119387.69999993
2025-08-01 10:31:21 AM,1150.4,3,3451.2000000000003,143122838.89999992
2025-08-01 10:31:35 AM,1151.0,0,0.0,143122838.89999992
2025-08-01 10:31:35 AM,1151.0,570,656070.0,143778908.89999992
2025-08-01 10:31:41 AM,1151.0,32,36832.0,143815740.89999992
2025-08-01 10:31:43 AM,1152.0,0,0.0,143815740.89999992
2025-08-01 10:31:43 AM,1152.0,1968,2267136.0,146082876.89999992
2025-08-01 10:31:46 AM,1152.0,384,442368.0,146525244.89999992
2025-08-01 10:31:48 AM,1152.4,0,0.0,146525244.89999992
2025-08-01 10:31:49 AM,1152.4,30,34572.0,146559816.89999992
2025-08-01 10:31:52 AM,1152.4,5,5762.0,146565578.89999992
2025-08-01 10:31:56 AM,1152.4,1,1152.4,146566731.29999992
2025-08-01 10:31:59 AM,1152.5,75,86437.5,146653168.79999992
2025-08-01 10:32:12 AM,1152.7,0,0.0,146653168.79999992
2025-08-01 10:32:12 AM,1152.7,52,59940.4,146713109.19999993
2025-08-01 10:32:19 AM,1152.8,90,103752.0,146816861.19999993
2025-08-01 10:32:22 AM,1153.0,537,619161.0,147436022.19999993
2025-08-01 10:32:25 AM,1153.4,13,14994.2,147451016.39999992
2025-08-01 10:32:32 AM,1152.8,112,129113.59999999999,147580129.9999999
2025-08-01 10:32:38 AM,1152.8,50,57640.0,147637769.9999999
2025-08-01 10:32:50 AM,1152.7,0,0.0,147637769.9999999
2025-08-01 10:32:52 AM,1152.7,46,53024.200000000004,147690794.1999999
2025-08-01 10:32:55 AM,1152.7,10,11527.0,147702321.1999999
2025-08-01 10:32:58 AM,1152.7,10,11527.0,147713848.1999999
2025-08-01 10:33:01 AM,1152.7,1,1152.7,147715000.8999999
2025-08-01 10:33:09 AM,1152.8,25,28820.0,147743820.8999999
2025-08-01 10:33:23 AM,1152.8,1,1152.8,147744973.6999999
2025-08-01 10:33:39 AM,1153.6,1896,2187225.5999999996,149932199.2999999
2025-08-01 10:33:44 AM,1152.8,0,0.0,149932199.2999999
2025-08-01 10:33:45 AM,1152.9,68,78397.20000000001,150010596.49999988
2025-08-01 10:33:46 AM,1153.0,0,0.0,150010596.49999988
2025-08-01 10:33:48 AM,1153.0,10,11530.0,150022126.49999988
2025-08-01 10:33:50 AM,1152.6,0,0.0,150022126.49999988
2025-08-01 10:33:51 AM,1152.6,4,4610.4,150026736.8999999
2025-08-01 10:33:56 AM,1153.0,0,0.0,150026736.8999999
2025-08-01 10:33:56 AM,1153.3,0,0.0,150026736.8999999
2025-08-01 10:33:56 AM,1153.3,34,39212.2,150065949.09999987
2025-08-01 10:34:07 AM,1153.0,16,18448.0,150084397.09999987
2025-08-01 10:34:11 AM,1153.0,50,57650.0,150142047.09999987
2025-08-01 10:34:15 AM,1153.6,0,0.0,150142047.09999987
2025-08-01 10:34:17 AM,1153.6,2,2307.2,150144354.29999986
2025-08-01 10:34:18 AM,1153.3,0,0.0,150144354.29999986
2025-08-01 10:34:19 AM,1153.3,10,11533.0,150155887.29999986
2025-08-01 10:34:34 AM,1153.6,8,9228.8,150165116.09999987
2025-08-01 10:34:39 AM,1154.0,0,0.0,150165116.09999987
2025-08-01 10:34:39 AM,1154.0,181,208874.0,150373990.09999987
2025-08-01 10:34:45 AM,1154.0,84,96936.0,150470926.09999987
2025-08-01 10:34:48 AM,1153.9,0,0.0,150470926.09999987
2025-08-01 10:34:51 AM,1153.6,7,8075.199999999999,150479001.29999986
2025-08-01 10:34:54 AM,1153.5,0,0.0,150479001.29999986
2025-08-01 10:34:56 AM,1153.5,126,145341.0,150624342.29999986
2025-08-01 10:34:59 AM,1153.4,25,28835.000000000004,150653177.29999986
2025-08-01 10:35:02 AM,1153.4,2,2306.8,150655484.09999987
2025-08-01 10:35:03 AM,1153.0,0,0.0,150655484.09999987
2025-08-01 10:35:04 AM,1153.0,85,98005.0,150753489.09999987
2025-08-01 10:35:06 AM,1153.1,0,0.0,150753489.09999987
2025-08-01 10:35:08 AM,1153.1,10,11531.0,150765020.09999987
2025-08-01 10:35:14 AM,1152.8,0,0.0,150765020.09999987
2025-08-01 10:35:14 AM,1152.8,25,28820.0,150793840.09999987
2025-08-01 10:35:20 AM,1153.1,0,0.0,150793840.09999987
2025-08-01 10:35:21 AM,1153.1,14,16143.399999999998,150809983.49999988
2025-08-01 10:35:23 AM,1154.7,0,0.0,150809983.49999988
2025-08-01 10:35:24 AM,1154.2,0,0.0,150809983.49999988
2025-08-01 10:35:25 AM,1154.2,1073,1238456.6,152048440.09999987
2025-08-01 10:35:26 AM,1153.8,0,0.0,152048440.09999987
2025-08-01 10:35:27 AM,1153.8,26,29998.8,152078438.8999999
2025-08-01 10:35:33 AM,1154.7,25,28867.5,152107306.3999999
2025-08-01 10:35:36 AM,1154.8,0,0.0,152107306.3999999
2025-08-01 10:35:36 AM,1154.8,266,307176.8,152414483.1999999
2025-08-01 10:35:39 AM,1155.0,0,0.0,152414483.1999999
2025-08-01 10:35:42 AM,1155.0,3,3465.0,152417948.1999999
2025-08-01 10:35:44 AM,1154.6,100,115459.99999999999,152533408.1999999
2025-08-01 10:35:47 AM,1154.8,0,0.0,152533408.1999999
2025-08-01 10:35:47 AM,1154.8,210,242508.0,152775916.1999999
2025-08-01 10:35:50 AM,1154.7,5,5773.5,152781689.6999999
2025-08-01 10:35:51 AM,1154.8,0,0.0,152781689.6999999
2025-08-01 10:35:53 AM,1154.8,15,17322.0,152799011.6999999
2025-08-01 10:35:55 AM,1154.9,57,65829.3,152864840.9999999
2025-08-01 10:35:57 AM,1154.6,0,0.0,152864840.9999999
2025-08-01 10:35:58 AM,1154.8,7,8083.599999999999,152872924.5999999
2025-08-01 10:36:02 AM,1154.7,1,1154.7,152874079.2999999
2025-08-01 10:36:10 AM,1154.5,49,56570.5,152930649.7999999
2025-08-01 10:36:12 AM,1154.4,0,0.0,152930649.7999999
2025-08-01 10:36:12 AM,1154.4,11,12698.400000000001,152943348.1999999
2025-08-01 10:36:17 AM,1154.6,0,0.0,152943348.1999999
2025-08-01 10:36:17 AM,1154.6,50,57729.99999999999,153001078.1999999
2025-08-01 10:36:20 AM,1154.8,0,0.0,153001078.1999999
2025-08-01 10:36:20 AM,1154.8,90,103932.0,153105010.1999999
2025-08-01 10:36:25 AM,1154.8,1,1154.8,153106164.9999999
2025-08-01 10:36:28 AM,1154.9,0,0.0,153106164.9999999
2025-08-01 10:36:28 AM,1154.9,220,254078.00000000003,153360242.9999999
2025-08-01 10:36:30 AM,1155.0,1,1155.0,153361397.9999999
2025-08-01 10:36:31 AM,1155.0,10,11550.0,153372947.9999999
2025-08-01 10:36:33 AM,1155.0,3,3465.0,153376412.9999999
2025-08-01 10:36:34 AM,1155.1,971,1121602.0999999999,154498015.0999999
2025-08-01 10:36:36 AM,1155.2,129,149020.80000000002,154647035.89999992
2025-08-01 10:36:50 AM,1155.4,1,1155.4,154648191.29999992
2025-08-01 10:36:50 AM,1155.4,1,1155.4,154649346.69999993
2025-08-01 10:37:05 AM,1155.4,10,11554.0,154660900.69999993
2025-08-01 10:37:10 AM,1155.4,27,31195.800000000003,154692096.49999994
2025-08-01 10:37:12 AM,1155.4,8,9243.2,154701339.69999993
2025-08-01 10:37:15 AM,1155.2,0,0.0,154701339.69999993
2025-08-01 10:37:16 AM,1155.4,0,0.0,154701339.69999993
2025-08-01 10:37:16 AM,1155.4,24,27729.600000000002,154729069.29999992
2025-08-01 10:37:21 AM,1155.5,0,0.0,154729069.29999992
2025-08-01 10:37:21 AM,1155.5,122,140971.0,154870040.29999992
2025-08-01 10:37:23 AM,1155.7,4,4622.8,154874663.09999993
2025-08-01 10:37:34 AM,1155.6,0,0.0,154874663.09999993
2025-08-01 10:37:35 AM,1155.6,6,6933.599999999999,154881596.69999993
2025-08-01 10:37:36 AM,1155.7,0,0.0,154881596.69999993
2025-08-01 10:37:38 AM,1155.7,54,62407.8,154944004.49999994
2025-08-01 10:37:41 AM,1155.7,101,116725.70000000001,155060730.19999993
2025-08-01 10:37:42 AM,1155.4,0,0.0,155060730.19999993
2025-08-01 10:37:44 AM,1155.4,29,33506.600000000006,155094236.79999992
2025-08-01 10:37:49 AM,1155.7,0,0.0,155094236.79999992
2025-08-01 10:37:49 AM,1155.7,105,121348.5,155215585.29999992
2025-08-01 10:37:52 AM,1155.7,72,83210.40000000001,155298795.69999993
2025-08-01 10:37:57 AM,1155.7,4,4622.8,155303418.49999994
2025-08-01 10:38:06 AM,1155.3,0,0.0,155303418.49999994
2025-08-01 10:38:06 AM,1155.3,50,57765.0,155361183.49999994
2025-08-01 10:38:09 AM,1155.7,1,1155.7,155362339.19999993
2025-08-01 10:38:10 AM,1155.3,0,0.0,155362339.19999993
2025-08-01 10:38:13 AM,1155.8,0,0.0,155362339.19999993
2025-08-01 10:38:13 AM,1155.8,55,63569.0,155425908.19999993
