date,price,qty,trnvr,cum_trnvr
2025-08-01 09:15:08 AM,379.85,5056,1920521.6,1920521.6
2025-08-01 09:15:11 AM,379.6,18,6832.8,1927354.4000000001
2025-08-01 09:15:20 AM,379.25,655,248408.75,2175763.1500000004
2025-08-01 09:15:21 AM,379.25,50,18962.5,2194725.6500000004
2025-08-01 09:15:24 AM,380.4,0,0.0,2194725.6500000004
2025-08-01 09:15:27 AM,380.1,0,0.0,2194725.6500000004
2025-08-01 09:15:29 AM,380.1,346,131514.6,2326240.2500000005
2025-08-01 09:15:37 AM,379.6,3859,1464876.4000000001,3791116.6500000004
2025-08-01 09:15:39 AM,379.2,210,79632.0,3870748.6500000004
2025-08-01 09:15:54 AM,379.2,300,113760.0,3984508.6500000004
2025-08-01 09:16:00 AM,379.05,0,0.0,3984508.6500000004
2025-08-01 09:16:02 AM,378.6,3623,1371667.8,5356176.45
2025-08-01 09:16:04 AM,378.4,361,136602.4,5492778.850000001
2025-08-01 09:16:06 AM,377.65,0,0.0,5492778.850000001
2025-08-01 09:16:10 AM,377.6,163,61548.8,5554327.65
2025-08-01 09:16:14 AM,377.65,0,0.0,5554327.65
2025-08-01 09:16:18 AM,377.95,8,3023.6,5557351.25
2025-08-01 09:16:20 AM,377.95,100,37795.0,5595146.25
2025-08-01 09:16:26 AM,378.45,460,174087.0,5769233.25
2025-08-01 09:16:32 AM,378.3,0,0.0,5769233.25
2025-08-01 09:16:33 AM,377.95,0,0.0,5769233.25
2025-08-01 09:16:35 AM,377.95,38,14362.1,5783595.35
2025-08-01 09:16:42 AM,378.3,0,0.0,5783595.35
2025-08-01 09:16:43 AM,378.3,466,176287.80000000002,5959883.149999999
2025-08-01 09:16:59 AM,378.4,511,193362.4,6153245.55
2025-08-01 09:17:01 AM,378.9,10,3789.0,6157034.55
2025-08-01 09:17:08 AM,378.9,100,37890.0,6194924.55
2025-08-01 09:17:10 AM,379.1,0,0.0,6194924.55
2025-08-01 09:17:12 AM,379.45,0,0.0,6194924.55
2025-08-01 09:17:16 AM,379.45,457,173408.65,6368333.2
2025-08-01 09:17:19 AM,379.0,0,0.0,6368333.2
2025-08-01 09:17:21 AM,379.4,0,0.0,6368333.2
2025-08-01 09:17:24 AM,380.1,7080,2691108.0,9059441.2
2025-08-01 09:17:25 AM,380.0,128,48640.0,9108081.2
2025-08-01 09:17:32 AM,380.35,51,19397.850000000002,9127479.049999999
2025-08-01 09:17:37 AM,380.0,0,0.0,9127479.049999999
2025-08-01 09:17:41 AM,380.0,5,1900.0,9129379.049999999
2025-08-01 09:17:42 AM,379.9,2181,828561.8999999999,9957940.95
2025-08-01 09:17:49 AM,379.9,1,379.9,9958320.85
2025-08-01 09:17:50 AM,379.95,200,75990.0,10034310.85
2025-08-01 09:17:55 AM,380.05,0,0.0,10034310.85
2025-08-01 09:17:57 AM,379.65,130,49354.5,10083665.35
2025-08-01 09:18:03 AM,380.4,0,0.0,10083665.35
2025-08-01 09:18:06 AM,381.0,1092,416052.0,10499717.35
2025-08-01 09:18:07 AM,381.05,139,52965.950000000004,10552683.299999999
2025-08-01 09:18:14 AM,381.55,449,171315.95,10723999.249999998
2025-08-01 09:18:15 AM,381.7,42,16031.4,10740030.649999999
2025-08-01 09:18:19 AM,381.65,0,0.0,10740030.649999999
2025-08-01 09:18:22 AM,382.0,4413,1685766.0,12425796.649999999
2025-08-01 09:18:24 AM,382.0,100,38200.0,12463996.649999999
2025-08-01 09:18:25 AM,381.8,0,0.0,12463996.649999999
2025-08-01 09:18:27 AM,382.25,0,0.0,12463996.649999999
2025-08-01 09:18:30 AM,382.25,2047,782465.75,13246462.399999999
2025-08-01 09:18:32 AM,382.05,1086,414906.3,13661368.7
2025-08-01 09:18:35 AM,382.25,0,0.0,13661368.7
2025-08-01 09:18:39 AM,382.25,2456,938806.0,14600174.7
2025-08-01 09:18:40 AM,382.15,15,5732.25,14605906.95
2025-08-01 09:18:41 AM,382.25,0,0.0,14605906.95
2025-08-01 09:18:47 AM,382.35,399,152557.65000000002,14758464.6
2025-08-01 09:18:48 AM,382.5,250,95625.0,14854089.6
2025-08-01 09:18:49 AM,382.9,0,0.0,14854089.6
2025-08-01 09:18:51 AM,382.55,0,0.0,14854089.6
2025-08-01 09:18:55 AM,383.0,800,306400.0,15160489.6
2025-08-01 09:18:56 AM,383.2,91,34871.2,15195360.799999999
2025-08-01 09:19:03 AM,382.95,2086,798833.7,15994194.499999998
2025-08-01 09:19:11 AM,383.1,607,232541.7,16226736.199999997
2025-08-01 09:19:12 AM,383.15,147,56323.049999999996,16283059.249999998
2025-08-01 09:19:19 AM,383.55,523,200596.65,16483655.899999999
2025-08-01 09:19:20 AM,383.75,77,29548.75,16513204.649999999
2025-08-01 09:19:27 AM,383.8,2537,973700.6,17486905.25
2025-08-01 09:19:29 AM,383.45,149,57134.049999999996,17544039.3
2025-08-01 09:19:34 AM,383.75,0,0.0,17544039.3
2025-08-01 09:19:35 AM,383.75,41,15733.75,17559773.05
2025-08-01 09:19:37 AM,383.4,1329,509538.6,18069311.650000002
2025-08-01 09:19:42 AM,383.45,0,0.0,18069311.650000002
2025-08-01 09:19:43 AM,383.45,975,373863.75,18443175.400000002
2025-08-01 09:19:45 AM,383.4,26,9968.4,18453143.8
2025-08-01 09:19:51 AM,383.1,0,0.0,18453143.8
2025-08-01 09:19:51 AM,383.1,6415,2457586.5,20910730.3
2025-08-01 09:19:59 AM,384.25,585,224786.25,21135516.55
2025-08-01 09:20:01 AM,384.0,105,40320.0,21175836.55
2025-08-01 09:20:06 AM,384.65,0,0.0,21175836.55
2025-08-01 09:20:07 AM,384.65,4346,1671688.9,22847525.45
2025-08-01 09:20:09 AM,384.6,62,23845.2,22871370.65
2025-08-01 09:20:13 AM,384.85,0,0.0,22871370.65
2025-08-01 09:20:15 AM,384.8,7936,3053772.8000000003,25925143.45
2025-08-01 09:20:17 AM,384.6,62,23845.2,25948988.65
2025-08-01 09:20:20 AM,384.8,0,0.0,25948988.65
2025-08-01 09:20:23 AM,384.6,208,79996.8,26028985.45
2025-08-01 09:20:25 AM,384.8,53,20394.4,26049379.849999998
2025-08-01 09:20:27 AM,384.4,0,0.0,26049379.849999998
2025-08-01 09:20:31 AM,384.8,1115,429052.0,26478431.849999998
2025-08-01 09:20:39 AM,384.8,389,149687.2,26628119.049999997
2025-08-01 09:20:45 AM,385.1,0,0.0,26628119.049999997
2025-08-01 09:20:47 AM,385.0,251,96635.0,26724754.049999997
2025-08-01 09:20:48 AM,384.7,192,73862.4,26798616.449999996
2025-08-01 09:20:54 AM,384.7,65,25005.5,26823621.949999996
2025-08-01 09:20:59 AM,384.65,0,0.0,26823621.949999996
2025-08-01 09:21:01 AM,384.7,0,0.0,26823621.949999996
2025-08-01 09:21:02 AM,384.7,1894,728621.7999999999,27552243.749999996
2025-08-01 09:21:08 AM,384.45,0,0.0,27552243.749999996
2025-08-01 09:21:10 AM,384.7,1479,568971.2999999999,28121215.049999997
2025-08-01 09:21:11 AM,384.7,128,49241.6,28170456.65
2025-08-01 09:21:13 AM,384.95,0,0.0,28170456.65
2025-08-01 09:21:18 AM,384.95,8022,3088068.9,31258525.549999997
2025-08-01 09:21:19 AM,385.25,104,40066.0,31298591.549999997
2025-08-01 09:21:20 AM,385.3,0,0.0,31298591.549999997
2025-08-01 09:21:22 AM,384.8,0,0.0,31298591.549999997
2025-08-01 09:21:26 AM,385.0,1360,523600.0,31822191.549999997
2025-08-01 09:21:27 AM,385.5,0,0.0,31822191.549999997
2025-08-01 09:21:29 AM,385.3,0,0.0,31822191.549999997
2025-08-01 09:21:33 AM,385.2,0,0.0,31822191.549999997
2025-08-01 09:21:34 AM,385.2,1735,668322.0,32490513.549999997
2025-08-01 09:21:39 AM,385.3,0,0.0,32490513.549999997
2025-08-01 09:21:41 AM,385.3,104,40071.200000000004,32530584.749999996
2025-08-01 09:21:42 AM,385.0,1438,553630.0,33084214.749999996
2025-08-01 09:21:45 AM,384.85,0,0.0,33084214.749999996
2025-08-01 09:21:48 AM,384.75,0,0.0,33084214.749999996
2025-08-01 09:21:49 AM,384.75,4402,1693669.5,34777884.25
2025-08-01 09:21:50 AM,384.85,10,3848.5,34781732.75
2025-08-01 09:21:52 AM,384.95,0,0.0,34781732.75
2025-08-01 09:21:55 AM,384.6,0,0.0,34781732.75
2025-08-01 09:21:56 AM,384.6,2438,937654.8,35719387.55
2025-08-01 09:21:57 AM,384.75,100,38475.0,35757862.55
2025-08-01 09:21:59 AM,384.65,0,0.0,35757862.55
2025-08-01 09:22:02 AM,384.55,0,0.0,35757862.55
2025-08-01 09:22:04 AM,384.55,1074,413006.7,36170869.25
2025-08-01 09:22:05 AM,384.5,1000,384500.0,36555369.25
2025-08-01 09:22:11 AM,384.5,650,249925.0,36805294.25
2025-08-01 09:22:13 AM,384.5,100,38450.0,36843744.25
2025-08-01 09:22:16 AM,384.4,0,0.0,36843744.25
2025-08-01 09:22:19 AM,384.3,2252,865443.6,37709187.85
2025-08-01 09:22:23 AM,384.25,0,0.0,37709187.85
2025-08-01 09:22:27 AM,384.25,1106,424980.5,38134168.35
2025-08-01 09:22:34 AM,384.1,3862,1483394.2000000002,39617562.550000004
2025-08-01 09:22:37 AM,384.05,0,0.0,39617562.550000004
2025-08-01 09:22:42 AM,384.05,505,193945.25,39811507.800000004
2025-08-01 09:22:50 AM,384.05,201,77194.05,39888701.85
2025-08-01 09:22:57 AM,384.05,275,105613.75,39994315.6
2025-08-01 09:22:59 AM,384.0,90,34560.0,40028875.6
2025-08-01 09:23:03 AM,384.1,0,0.0,40028875.6
2025-08-01 09:23:05 AM,384.0,86,33024.0,40061899.6
2025-08-01 09:23:06 AM,384.0,1,384.0,40062283.6
2025-08-01 09:23:13 AM,384.1,505,193970.5,40256254.1
2025-08-01 09:23:20 AM,384.15,2847,1093675.05,41349929.15
2025-08-01 09:23:22 AM,383.95,2,767.9,41350697.05
2025-08-01 09:23:28 AM,384.1,100,38410.0,41389107.05
2025-08-01 09:23:35 AM,383.9,1347,517113.3,41906220.349999994
2025-08-01 09:23:37 AM,384.0,400,153600.0,42059820.349999994
2025-08-01 09:23:42 AM,383.9,0,0.0,42059820.349999994
2025-08-01 09:23:43 AM,383.9,15,5758.5,42065578.849999994
2025-08-01 09:23:50 AM,383.9,15,5758.5,42071337.349999994
2025-08-01 09:23:54 AM,383.85,0,0.0,42071337.349999994
2025-08-01 09:23:58 AM,383.75,2920,1120550.0,43191887.349999994
2025-08-01 09:24:06 AM,383.75,1320,506550.0,43698437.349999994
2025-08-01 09:24:08 AM,383.75,10,3837.5,43702274.849999994
2025-08-01 09:24:14 AM,383.55,3660,1403793.0,45106067.849999994
2025-08-01 09:24:21 AM,383.5,562,215527.0,45321594.849999994
2025-08-01 09:24:23 AM,383.6,621,238215.6,45559810.449999996
2025-08-01 09:24:27 AM,383.45,0,0.0,45559810.449999996
2025-08-01 09:24:29 AM,383.45,415,159131.75,45718942.199999996
2025-08-01 09:24:37 AM,383.55,24,9205.2,45728147.4
2025-08-01 09:24:38 AM,383.45,275,105448.75,45833596.15
2025-08-01 09:24:39 AM,383.55,0,0.0,45833596.15
2025-08-01 09:24:44 AM,383.55,112,42957.6,45876553.75
2025-08-01 09:24:51 AM,383.55,1,383.55,45876937.3
2025-08-01 09:24:53 AM,383.45,84,32209.8,45909147.099999994
2025-08-01 09:24:59 AM,383.45,114,43713.299999999996,45952860.39999999
2025-08-01 09:24:59 AM,383.5,0,0.0,45952860.39999999
2025-08-01 09:25:01 AM,383.5,10,3835.0,45956695.39999999
2025-08-01 09:25:05 AM,383.35,0,0.0,45956695.39999999
2025-08-01 09:25:06 AM,383.35,1289,494138.15,46450833.54999999
2025-08-01 09:25:14 AM,383.35,40,15334.0,46466167.54999999
2025-08-01 09:25:16 AM,383.35,125,47918.75,46514086.29999999
2025-08-01 09:25:18 AM,383.2,0,0.0,46514086.29999999
2025-08-01 09:25:21 AM,383.35,2195,841453.25,47355539.54999999
2025-08-01 09:25:29 AM,383.35,50,19167.5,47374707.04999999
2025-08-01 09:25:31 AM,383.35,11,4216.85,47378923.89999999
2025-08-01 09:25:36 AM,383.3,262,100424.6,47479348.49999999
2025-08-01 09:25:42 AM,383.35,0,0.0,47479348.49999999
2025-08-01 09:25:44 AM,383.35,10,3833.5,47483181.99999999
2025-08-01 09:25:46 AM,383.35,305,116921.75,47600103.74999999
2025-08-01 09:25:51 AM,383.55,605,232047.75,47832151.49999999
2025-08-01 09:25:59 AM,383.2,300,114960.0,47947111.49999999
2025-08-01 09:26:01 AM,383.2,99,37936.799999999996,47985048.29999999
2025-08-01 09:26:06 AM,383.65,547,209856.55,48194904.84999999
2025-08-01 09:26:12 AM,383.2,0,0.0,48194904.84999999
2025-08-01 09:26:14 AM,383.2,1100,421520.0,48616424.84999999
2025-08-01 09:26:16 AM,383.1,1324,507224.4,49123649.249999985
2025-08-01 09:26:22 AM,383.05,1171,448551.55,49572200.79999998
2025-08-01 09:26:24 AM,383.35,50,19167.5,49591368.29999998
2025-08-01 09:26:24 AM,383.05,0,0.0,49591368.29999998
2025-08-01 09:26:25 AM,383.3,0,0.0,49591368.29999998
2025-08-01 09:26:30 AM,383.3,35,13415.5,49604783.79999998
2025-08-01 09:26:31 AM,383.4,0,0.0,49604783.79999998
2025-08-01 09:26:37 AM,383.4,130,49842.0,49654625.79999998
2025-08-01 09:26:43 AM,383.3,0,0.0,49654625.79999998
2025-08-01 09:26:45 AM,383.05,853,326741.65,49981367.44999998
2025-08-01 09:26:46 AM,383.1,0,0.0,49981367.44999998
2025-08-01 09:26:46 AM,383.1,250,95775.0,50077142.44999998
2025-08-01 09:26:49 AM,383.05,0,0.0,50077142.44999998
2025-08-01 09:26:52 AM,383.65,0,0.0,50077142.44999998
2025-08-01 09:26:52 AM,383.65,705,270473.25,50347615.69999998
2025-08-01 09:26:54 AM,383.65,1,383.65,50347999.34999998
2025-08-01 09:27:03 AM,383.4,0,0.0,50347999.34999998
2025-08-01 09:27:04 AM,383.25,0,0.0,50347999.34999998
2025-08-01 09:27:07 AM,383.25,2102,805591.5,51153590.84999998
2025-08-01 09:27:14 AM,382.9,0,0.0,51153590.84999998
2025-08-01 09:27:15 AM,382.9,4950,1895355.0,53048945.84999998
2025-08-01 09:27:19 AM,383.4,0,0.0,53048945.84999998
2025-08-01 09:27:22 AM,383.25,106,40624.5,53089570.34999998
2025-08-01 09:27:29 AM,383.25,145,55571.25,53145141.59999998
2025-08-01 09:27:30 AM,383.2,0,0.0,53145141.59999998
2025-08-01 09:27:31 AM,383.2,13,4981.599999999999,53150123.19999998
2025-08-01 09:27:35 AM,383.1,0,0.0,53150123.19999998
2025-08-01 09:27:37 AM,383.1,1,383.1,53150506.29999998
2025-08-01 09:27:44 AM,383.2,1651,632663.2,53783169.499999985
2025-08-01 09:27:52 AM,383.2,50,19160.0,53802329.499999985
2025-08-01 09:28:00 AM,383.15,0,0.0,53802329.499999985
2025-08-01 09:28:00 AM,383.15,26,9961.9,53812291.39999998
2025-08-01 09:28:05 AM,382.9,0,0.0,53812291.39999998
2025-08-01 09:28:08 AM,382.9,50,19145.0,53831436.39999998
2025-08-01 09:28:09 AM,382.85,249,95329.65000000001,53926766.04999998
2025-08-01 09:28:17 AM,382.85,100,38285.0,53965051.04999998
2025-08-01 09:28:23 AM,382.85,32,12251.2,53977302.249999985
2025-08-01 09:28:31 AM,382.85,201,76952.85,54054255.09999999
2025-08-01 09:28:35 AM,383.0,0,0.0,54054255.09999999
2025-08-01 09:28:38 AM,382.8,269,102973.2,54157228.29999999
2025-08-01 09:28:46 AM,382.8,304,116371.2,54273599.49999999
2025-08-01 09:28:54 AM,382.8,100,38280.0,54311879.49999999
2025-08-01 09:29:01 AM,382.9,367,140524.3,54452403.79999999
2025-08-01 09:29:03 AM,382.8,500,191400.0,54643803.79999999
2025-08-01 09:29:09 AM,382.7,1388,531187.6,55174991.39999999
2025-08-01 09:29:17 AM,382.75,50,19137.5,55194128.89999999
2025-08-01 09:29:24 AM,382.7,1,382.7,55194511.599999994
2025-08-01 09:29:32 AM,382.85,100,38285.0,55232796.599999994
2025-08-01 09:30:00 AM,382.7,0,0.0,55232796.599999994
2025-08-01 09:30:01 AM,382.7,22,8419.4,55241215.99999999
2025-08-01 09:30:09 AM,382.65,681,260584.65,55501800.64999999
2025-08-01 09:30:21 AM,382.8,0,0.0,55501800.64999999
2025-08-01 09:30:24 AM,382.6,85,32521.000000000004,55534321.64999999
2025-08-01 09:30:25 AM,382.65,24,9183.599999999999,55543505.24999999
2025-08-01 09:30:28 AM,382.55,0,0.0,55543505.24999999
2025-08-01 09:30:32 AM,382.55,2336,893636.8,56437142.04999999
2025-08-01 09:30:35 AM,382.7,0,0.0,56437142.04999999
2025-08-01 09:30:39 AM,382.6,522,199717.2,56636859.24999999
2025-08-01 09:30:40 AM,382.7,1,382.7,56637241.949999996
2025-08-01 09:30:42 AM,382.75,0,0.0,56637241.949999996
2025-08-01 09:30:46 AM,382.75,3071,1175425.25,57812667.199999996
2025-08-01 09:30:54 AM,382.55,311,118973.05,57931640.24999999
2025-08-01 09:30:58 AM,383.05,0,0.0,57931640.24999999
2025-08-01 09:31:01 AM,383.05,7198,2757193.9,60688834.14999999
2025-08-01 09:31:08 AM,383.15,32,12260.8,60701094.94999999
2025-08-01 09:31:12 AM,383.0,0,0.0,60701094.94999999
2025-08-01 09:31:16 AM,383.15,0,0.0,60701094.94999999
2025-08-01 09:31:16 AM,383.15,291,111496.65,60812591.59999999
2025-08-01 09:31:16 AM,383.15,12,4597.799999999999,60817189.39999998
2025-08-01 09:31:22 AM,383.0,0,0.0,60817189.39999998
2025-08-01 09:31:23 AM,383.0,1000,383000.0,61200189.39999998
2025-08-01 09:31:31 AM,383.0,180,68940.0,61269129.39999998
2025-08-01 09:31:38 AM,383.0,689,263887.0,61533016.39999998
2025-08-01 09:31:44 AM,383.2,374,143316.8,61676333.19999998
2025-08-01 09:31:47 AM,383.0,0,0.0,61676333.19999998
2025-08-01 09:31:51 AM,383.0,18,6894.0,61683227.19999998
2025-08-01 09:31:52 AM,383.2,0,0.0,61683227.19999998
2025-08-01 09:31:52 AM,383.2,16,6131.2,61689358.39999998
2025-08-01 09:31:58 AM,383.2,146,55947.2,61745305.59999999
2025-08-01 09:32:05 AM,383.2,144,55180.799999999996,61800486.39999998
2025-08-01 09:32:38 AM,383.05,0,0.0,61800486.39999998
2025-08-01 09:32:40 AM,383.05,133,50945.65,61851432.04999998
2025-08-01 09:32:44 AM,383.2,0,0.0,61851432.04999998
2025-08-01 09:32:47 AM,383.2,3,1149.6,61852581.64999998
2025-08-01 09:32:54 AM,383.05,1660,635863.0,62488444.64999998
2025-08-01 09:32:56 AM,383.55,0,0.0,62488444.64999998
2025-08-01 09:33:01 AM,383.25,926,354889.5,62843334.14999998
2025-08-01 09:33:02 AM,383.05,0,0.0,62843334.14999998
2025-08-01 09:33:07 AM,383.35,0,0.0,62843334.14999998
2025-08-01 09:33:08 AM,383.35,1415,542440.25,63385774.39999998
2025-08-01 09:33:13 AM,383.0,0,0.0,63385774.39999998
2025-08-01 09:33:15 AM,383.0,19,7277.0,63393051.39999998
2025-08-01 09:33:28 AM,382.95,0,0.0,63393051.39999998
2025-08-01 09:33:28 AM,383.0,0,0.0,63393051.39999998
2025-08-01 09:33:29 AM,383.0,2269,869027.0,64262078.39999998
2025-08-01 09:33:33 AM,383.25,0,0.0,64262078.39999998
2025-08-01 09:33:36 AM,383.25,5070,1943077.5,66205155.89999998
2025-08-01 09:33:36 AM,383.3,128,49062.4,66254218.29999998
2025-08-01 09:33:48 AM,383.1,0,0.0,66254218.29999998
2025-08-01 09:33:50 AM,383.1,350,134085.0,66388303.29999998
2025-08-01 09:33:52 AM,383.5,0,0.0,66388303.29999998
2025-08-01 09:33:57 AM,383.5,50,19175.0,66407478.29999998
2025-08-01 09:34:13 AM,383.4,0,0.0,66407478.29999998
2025-08-01 09:34:18 AM,383.3,112,42929.6,66450407.89999998
2025-08-01 09:34:28 AM,384.5,0,0.0,66450407.89999998
2025-08-01 09:34:32 AM,384.5,16379,6297725.5,72748133.39999998
2025-08-01 09:34:38 AM,384.25,0,0.0,72748133.39999998
2025-08-01 09:34:39 AM,384.25,12,4611.0,72752744.39999998
2025-08-01 09:34:41 AM,384.45,0,0.0,72752744.39999998
2025-08-01 09:34:43 AM,384.25,0,0.0,72752744.39999998
2025-08-01 09:34:45 AM,384.25,10,3842.5,72756586.89999998
2025-08-01 09:34:51 AM,385.2,0,0.0,72756586.89999998
2025-08-01 09:34:52 AM,385.2,18988,7314177.6,80070764.49999997
2025-08-01 09:34:59 AM,385.2,45,17334.0,80088098.49999997
2025-08-01 09:35:06 AM,385.0,540,207900.0,80295998.49999997
2025-08-01 09:35:13 AM,385.0,55,21175.0,80317173.49999997
2025-08-01 09:35:20 AM,385.0,500,192500.0,80509673.49999997
2025-08-01 09:35:27 AM,385.0,140,53900.0,80563573.49999997
2025-08-01 09:35:33 AM,384.75,0,0.0,80563573.49999997
2025-08-01 09:35:34 AM,384.75,27,10388.25,80573961.74999997
2025-08-01 09:35:41 AM,384.5,111,42679.5,80616641.24999997
2025-08-01 09:35:48 AM,384.5,1,384.5,80617025.74999997
2025-08-01 09:35:53 AM,384.75,0,0.0,80617025.74999997
2025-08-01 09:35:55 AM,384.75,5,1923.75,80618949.49999997
2025-08-01 09:35:58 AM,384.5,0,0.0,80618949.49999997
2025-08-01 09:36:01 AM,384.5,20,7690.0,80626639.49999997
2025-08-01 09:36:08 AM,384.5,59,22685.5,80649324.99999997
2025-08-01 09:36:14 AM,384.6,0,0.0,80649324.99999997
2025-08-01 09:36:15 AM,384.6,10,3846.0,80653170.99999997
2025-08-01 09:36:18 AM,384.45,0,0.0,80653170.99999997
2025-08-01 09:36:21 AM,384.75,31,11927.25,80665098.24999997
2025-08-01 09:36:26 AM,384.9,0,0.0,80665098.24999997
2025-08-01 09:36:26 AM,385.0,0,0.0,80665098.24999997
2025-08-01 09:36:28 AM,385.0,2807,1080695.0,81745793.24999997
2025-08-01 09:36:34 AM,384.75,1114,428611.5,82174404.74999997
2025-08-01 09:36:38 AM,385.0,0,0.0,82174404.74999997
2025-08-01 09:36:41 AM,385.0,765,294525.0,82468929.74999997
2025-08-01 09:36:47 AM,385.0,105,40425.0,82509354.74999997
2025-08-01 09:36:54 AM,385.15,155,59698.25,82569052.99999997
2025-08-01 09:37:01 AM,385.15,7275,2801966.25,85371019.24999997
2025-08-01 09:37:07 AM,385.25,0,0.0,85371019.24999997
2025-08-01 09:37:08 AM,385.25,1004,386791.0,85757810.24999997
2025-08-01 09:37:12 AM,386.1,0,0.0,85757810.24999997
2025-08-01 09:37:15 AM,386.05,20102,7760377.100000001,93518187.34999996
2025-08-01 09:37:17 AM,386.1,0,0.0,93518187.34999996
2025-08-01 09:37:21 AM,385.9,0,0.0,93518187.34999996
2025-08-01 09:37:22 AM,386.0,1204,464744.0,93982931.34999996
2025-08-01 09:37:26 AM,386.1,0,0.0,93982931.34999996
2025-08-01 09:37:27 AM,386.35,0,0.0,93982931.34999996
2025-08-01 09:37:29 AM,386.35,525,202833.75,94185765.09999996
2025-08-01 09:37:31 AM,385.9,0,0.0,94185765.09999996
2025-08-01 09:37:32 AM,386.1,0,0.0,94185765.09999996
2025-08-01 09:37:35 AM,386.1,127,49034.700000000004,94234799.79999997
2025-08-01 09:37:40 AM,386.0,0,0.0,94234799.79999997
2025-08-01 09:37:42 AM,386.1,321,123938.1,94358737.89999996
2025-08-01 09:37:43 AM,385.9,3,1157.6999999999998,94359895.59999996
2025-08-01 09:37:44 AM,386.1,0,0.0,94359895.59999996
2025-08-01 09:37:48 AM,385.9,0,0.0,94359895.59999996
2025-08-01 09:37:49 AM,386.1,23,8880.300000000001,94368775.89999996
2025-08-01 09:37:54 AM,385.9,0,0.0,94368775.89999996
2025-08-01 09:37:55 AM,385.9,100,38590.0,94407365.89999996
2025-08-01 09:37:56 AM,386.0,0,0.0,94407365.89999996
2025-08-01 09:37:58 AM,385.9,0,0.0,94407365.89999996
2025-08-01 09:38:01 AM,385.85,0,0.0,94407365.89999996
2025-08-01 09:38:02 AM,385.85,191,73697.35,94481063.24999996
2025-08-01 09:38:07 AM,385.55,0,0.0,94481063.24999996
2025-08-01 09:38:09 AM,385.55,125,48193.75,94529256.99999996
2025-08-01 09:38:12 AM,386.0,0,0.0,94529256.99999996
2025-08-01 09:38:16 AM,385.5,866,333843.0,94863099.99999996
2025-08-01 09:38:23 AM,385.25,888,342102.0,95205201.99999996
2025-08-01 09:38:23 AM,385.2,0,0.0,95205201.99999996
2025-08-01 09:38:24 AM,385.5,0,0.0,95205201.99999996
2025-08-01 09:38:29 AM,385.5,251,96760.5,95301962.49999996
2025-08-01 09:38:36 AM,385.5,300,115650.0,95417612.49999996
2025-08-01 09:38:42 AM,385.4,0,0.0,95417612.49999996
2025-08-01 09:38:43 AM,385.4,523,201564.19999999998,95619176.69999996
2025-08-01 09:38:49 AM,385.15,669,257665.34999999998,95876842.04999995
2025-08-01 09:38:56 AM,385.15,200,77030.0,95953872.04999995
2025-08-01 09:39:02 AM,385.15,739,284625.85,96238497.89999995
2025-08-01 09:39:08 AM,385.3,0,0.0,96238497.89999995
2025-08-01 09:39:09 AM,385.15,251,96672.65,96335170.54999995
2025-08-01 09:39:13 AM,385.3,0,0.0,96335170.54999995
2025-08-01 09:39:16 AM,385.3,45,17338.5,96352509.04999995
2025-08-01 09:39:18 AM,385.15,0,0.0,96352509.04999995
2025-08-01 09:39:23 AM,385.15,66,25419.899999999998,96377928.94999996
2025-08-01 09:39:30 AM,385.15,813,313126.94999999995,96691055.89999996
2025-08-01 09:39:35 AM,385.0,0,0.0,96691055.89999996
2025-08-01 09:39:36 AM,385.0,252,97020.0,96788075.89999996
2025-08-01 09:39:39 AM,384.7,0,0.0,96788075.89999996
2025-08-01 09:39:43 AM,384.7,120,46164.0,96834239.89999996
2025-08-01 09:39:47 AM,385.6,0,0.0,96834239.89999996
2025-08-01 09:39:49 AM,385.5,4587,1768288.5,98602528.39999996
2025-08-01 09:39:56 AM,385.5,5121,1974145.5,100576673.89999996
2025-08-01 09:39:59 AM,385.35,0,0.0,100576673.89999996
2025-08-01 09:40:02 AM,385.1,259,99740.90000000001,100676414.79999997
2025-08-01 09:40:20 AM,385.0,0,0.0,100676414.79999997
2025-08-01 09:40:22 AM,385.0,630,242550.0,100918964.79999997
2025-08-01 09:40:29 AM,384.8,181,69648.8,100988613.59999996
2025-08-01 09:40:38 AM,384.75,0,0.0,100988613.59999996
2025-08-01 09:40:42 AM,384.75,120,46170.0,101034783.59999996
2025-08-01 09:40:42 AM,384.75,31,11927.25,101046710.84999996
2025-08-01 09:40:48 AM,384.75,50,19237.5,101065948.34999996
2025-08-01 09:40:55 AM,384.75,377,145050.75,101210999.09999996
2025-08-01 09:40:56 AM,384.8,10,3848.0,101214847.09999996
2025-08-01 09:41:06 AM,384.85,0,0.0,101214847.09999996
2025-08-01 09:41:08 AM,384.85,64,24630.4,101239477.49999997
2025-08-01 09:41:10 AM,384.75,0,0.0,101239477.49999997
2025-08-01 09:41:14 AM,384.8,0,0.0,101239477.49999997
2025-08-01 09:41:15 AM,384.8,372,143145.6,101382623.09999996
2025-08-01 09:41:22 AM,384.75,629,242007.75,101624630.84999996
2025-08-01 09:41:28 AM,384.75,51,19622.25,101644253.09999996
2025-08-01 09:41:29 AM,384.7,350,134645.0,101778898.09999996
2025-08-01 09:41:46 AM,384.95,0,0.0,101778898.09999996
2025-08-01 09:41:48 AM,384.7,315,121180.5,101900078.59999996
2025-08-01 09:41:54 AM,384.6,0,0.0,101900078.59999996
2025-08-01 09:41:54 AM,384.6,529,203453.40000000002,102103531.99999997
2025-08-01 09:42:01 AM,384.7,2,769.4,102104301.39999998
2025-08-01 09:42:07 AM,384.65,105,40388.25,102144689.64999998
2025-08-01 09:42:11 AM,384.6,0,0.0,102144689.64999998
2025-08-01 09:42:14 AM,384.6,210,80766.0,102225455.64999998
2025-08-01 09:42:20 AM,384.6,241,92688.6,102318144.24999997
2025-08-01 09:42:27 AM,384.55,2000,769100.0,103087244.24999997
2025-08-01 09:42:29 AM,384.6,0,0.0,103087244.24999997
2025-08-01 09:42:34 AM,384.6,17,6538.200000000001,103093782.44999997
2025-08-01 09:42:40 AM,384.6,58,22306.800000000003,103116089.24999997
2025-08-01 09:42:48 AM,384.85,10,3848.5,103119937.74999997
2025-08-01 09:42:53 AM,384.6,15,5769.0,103125706.74999997
2025-08-01 09:43:01 AM,384.8,0,0.0,103125706.74999997
2025-08-01 09:43:05 AM,384.75,0,0.0,103125706.74999997
2025-08-01 09:43:06 AM,384.75,36,13851.0,103139557.74999997
2025-08-01 09:43:07 AM,384.9,73,28097.699999999997,103167655.44999997
2025-08-01 09:43:09 AM,385.0,0,0.0,103167655.44999997
2025-08-01 09:43:13 AM,385.5,0,0.0,103167655.44999997
2025-08-01 09:43:13 AM,385.5,2611,1006540.5,104174195.94999997
2025-08-01 09:43:17 AM,384.9,0,0.0,104174195.94999997
2025-08-01 09:43:20 AM,385.2,99,38134.799999999996,104212330.74999997
2025-08-01 09:43:33 AM,385.2,183,70491.59999999999,104282822.34999996
2025-08-01 09:43:34 AM,385.2,1,385.2,104283207.54999997
2025-08-01 09:43:37 AM,384.8,0,0.0,104283207.54999997
2025-08-01 09:43:37 AM,384.75,0,0.0,104283207.54999997
2025-08-01 09:43:39 AM,384.75,392,150822.0,104434029.54999997
2025-08-01 09:43:45 AM,385.0,0,0.0,104434029.54999997
2025-08-01 09:43:46 AM,385.0,604,232540.0,104666569.54999997
2025-08-01 09:43:47 AM,385.2,30,11556.0,104678125.54999997
2025-08-01 09:43:53 AM,384.7,0,0.0,104678125.54999997
2025-08-01 09:43:53 AM,384.7,849,326610.3,105004735.84999996
2025-08-01 09:43:57 AM,385.1,0,0.0,105004735.84999996
2025-08-01 09:43:57 AM,384.8,0,0.0,105004735.84999996
2025-08-01 09:43:59 AM,384.8,1126,433284.8,105438020.64999996
2025-08-01 09:44:06 AM,384.8,60,23088.0,105461108.64999996
2025-08-01 09:44:09 AM,384.75,0,0.0,105461108.64999996
2025-08-01 09:44:12 AM,385.5,10050,3874275.0,109335383.64999996
2025-08-01 09:44:17 AM,384.85,0,0.0,109335383.64999996
2025-08-01 09:44:19 AM,384.85,145,55803.25,109391186.89999996
2025-08-01 09:44:29 AM,385.0,0,0.0,109391186.89999996
2025-08-01 09:44:32 AM,385.0,15,5775.0,109396961.89999996
2025-08-01 09:44:35 AM,384.85,0,0.0,109396961.89999996
2025-08-01 09:44:38 AM,384.85,51,19627.350000000002,109416589.24999996
2025-08-01 09:44:52 AM,385.0,3,1155.0,109417744.24999996
2025-08-01 09:44:57 AM,384.75,0,0.0,109417744.24999996
2025-08-01 09:44:58 AM,384.75,302,116194.5,109533938.74999996
2025-08-01 09:44:59 AM,384.95,3,1154.85,109535093.59999995
2025-08-01 09:45:01 AM,384.7,0,0.0,109535093.59999995
2025-08-01 09:45:04 AM,384.7,145,55781.5,109590875.09999995
2025-08-01 09:45:11 AM,384.7,10,3847.0,109594722.09999995
2025-08-01 09:45:18 AM,384.7,13,5001.099999999999,109599723.19999994
2025-08-01 09:45:22 AM,384.5,0,0.0,109599723.19999994
2025-08-01 09:45:24 AM,384.65,2803,1078173.95,110677897.14999995
2025-08-01 09:45:25 AM,384.5,788,302986.0,110980883.14999995
2025-08-01 09:45:29 AM,384.2,0,0.0,110980883.14999995
2025-08-01 09:45:30 AM,384.2,6,2305.2,110983188.34999995
2025-08-01 09:45:32 AM,384.2,140,53788.0,111036976.34999995
2025-08-01 09:45:37 AM,384.2,1,384.2,111037360.54999995
2025-08-01 09:45:43 AM,384.2,350,134470.0,111171830.54999995
2025-08-01 09:45:45 AM,384.2,70,26894.0,111198724.54999995
2025-08-01 09:45:50 AM,384.2,236,90671.2,111289395.74999996
2025-08-01 09:45:55 AM,384.45,0,0.0,111289395.74999996
2025-08-01 09:45:56 AM,384.45,1,384.45,111289780.19999996
2025-08-01 09:46:08 AM,384.4,0,0.0,111289780.19999996
2025-08-01 09:46:09 AM,384.4,19,7303.599999999999,111297083.79999995
2025-08-01 09:46:14 AM,384.2,0,0.0,111297083.79999995
2025-08-01 09:46:16 AM,384.35,154,59189.9,111356273.69999996
2025-08-01 09:46:22 AM,384.35,26,9993.1,111366266.79999995
2025-08-01 09:46:38 AM,384.1,0,0.0,111366266.79999995
2025-08-01 09:46:41 AM,384.15,457,175556.55,111541823.34999995
2025-08-01 09:46:43 AM,384.15,10,3841.5,111545664.84999995
2025-08-01 09:47:11 AM,384.25,0,0.0,111545664.84999995
2025-08-01 09:47:12 AM,384.25,1000,384250.0,111929914.84999995
2025-08-01 09:47:14 AM,384.05,0,0.0,111929914.84999995
2025-08-01 09:47:14 AM,384.05,2,768.1,111930682.94999994
2025-08-01 09:47:18 AM,384.0,0,0.0,111930682.94999994
2025-08-01 09:47:18 AM,384.0,71,27264.0,111957946.94999994
2025-08-01 09:47:25 AM,384.0,12,4608.0,111962554.94999994
2025-08-01 09:47:27 AM,384.0,31,11904.0,111974458.94999994
2025-08-01 09:47:27 AM,383.8,0,0.0,111974458.94999994
2025-08-01 09:47:30 AM,383.9,0,0.0,111974458.94999994
2025-08-01 09:47:31 AM,383.9,4929,1892243.0999999999,113866702.04999994
2025-08-01 09:47:33 AM,383.6,200,76720.0,113943422.04999994
2025-08-01 09:47:38 AM,383.6,59,22632.4,113966054.44999994
2025-08-01 09:47:45 AM,383.05,1979,758055.9500000001,114724110.39999995
2025-08-01 09:47:56 AM,383.5,0,0.0,114724110.39999995
2025-08-01 09:47:58 AM,383.5,12,4602.0,114728712.39999995
2025-08-01 09:48:00 AM,383.4,493,189016.19999999998,114917728.59999995
2025-08-01 09:48:07 AM,383.5,100,38350.0,114956078.59999995
2025-08-01 09:48:09 AM,383.25,0,0.0,114956078.59999995
2025-08-01 09:48:11 AM,383.25,15,5748.75,114961827.34999995
2025-08-01 09:48:17 AM,383.5,0,0.0,114961827.34999995
2025-08-01 09:48:17 AM,383.5,5,1917.5,114963744.84999995
2025-08-01 09:48:20 AM,383.2,203,77789.59999999999,115041534.44999994
2025-08-01 09:48:24 AM,383.5,94,36049.0,115077583.44999994
2025-08-01 09:48:26 AM,383.65,144,55245.6,115132829.04999994
2025-08-01 09:48:29 AM,383.4,0,0.0,115132829.04999994
2025-08-01 09:48:30 AM,383.4,660,253043.99999999997,115385873.04999994
2025-08-01 09:48:33 AM,383.5,0,0.0,115385873.04999994
2025-08-01 09:48:33 AM,383.5,10,3835.0,115389708.04999994
2025-08-01 09:48:37 AM,383.35,0,0.0,115389708.04999994
2025-08-01 09:48:37 AM,383.35,16,6133.6,115395841.64999993
2025-08-01 09:48:45 AM,383.3,100,38330.0,115434171.64999993
2025-08-01 09:48:49 AM,383.4,0,0.0,115434171.64999993
2025-08-01 09:48:49 AM,383.4,60,23004.0,115457175.64999993
2025-08-01 09:48:57 AM,383.15,0,0.0,115457175.64999993
2025-08-01 09:48:58 AM,383.15,110,42146.5,115499322.14999993
2025-08-01 09:49:01 AM,383.05,0,0.0,115499322.14999993
2025-08-01 09:49:02 AM,383.05,13,4979.650000000001,115504301.79999994
2025-08-01 09:49:15 AM,383.05,200,76610.0,115580911.79999994
2025-08-01 09:49:32 AM,383.35,0,0.0,115580911.79999994
2025-08-01 09:49:33 AM,383.35,50,19167.5,115600079.29999994
2025-08-01 09:49:48 AM,383.05,100,38305.0,115638384.29999994
2025-08-01 09:49:50 AM,383.3,0,0.0,115638384.29999994
2025-08-01 09:49:52 AM,383.0,2683,1027589.0,116665973.29999994
2025-08-01 09:49:58 AM,382.85,0,0.0,116665973.29999994
2025-08-01 09:49:59 AM,382.85,86,32925.1,116698898.39999993
2025-08-01 09:50:05 AM,382.85,318,121746.3,116820644.69999993
2025-08-01 09:50:14 AM,382.85,70,26799.5,116847444.19999993
2025-08-01 09:50:30 AM,382.85,5,1914.25,116849358.44999993
2025-08-01 09:50:33 AM,382.85,25,9571.25,116858929.69999993
2025-08-01 09:50:48 AM,383.0,0,0.0,116858929.69999993
2025-08-01 09:50:49 AM,383.0,713,273079.0,117132008.69999993
2025-08-01 09:50:55 AM,383.35,0,0.0,117132008.69999993
2025-08-01 09:50:56 AM,383.35,100,38335.0,117170343.69999993
2025-08-01 09:51:03 AM,383.05,0,0.0,117170343.69999993
2025-08-01 09:51:04 AM,383.05,117,44816.85,117215160.54999992
2025-08-01 09:51:10 AM,383.05,70,26813.5,117241974.04999992
2025-08-01 09:51:38 AM,383.65,0,0.0,117241974.04999992
2025-08-01 09:51:40 AM,383.65,4530,1737934.5,118979908.54999992
2025-08-01 09:51:41 AM,383.5,0,0.0,118979908.54999992
2025-08-01 09:51:42 AM,383.5,100,38350.0,119018258.54999992
2025-08-01 09:51:44 AM,383.7,0,0.0,119018258.54999992
2025-08-01 09:51:46 AM,383.7,20,7674.0,119025932.54999992
2025-08-01 09:51:52 AM,384.05,0,0.0,119025932.54999992
2025-08-01 09:51:52 AM,384.05,1796,689753.8,119715686.34999992
2025-08-01 09:51:54 AM,384.0,0,0.0,119715686.34999992
2025-08-01 09:51:55 AM,384.0,100,38400.0,119754086.34999992
2025-08-01 09:51:58 AM,384.2,79,30351.8,119784438.14999992
2025-08-01 09:52:04 AM,384.0,25,9600.0,119794038.14999992
2025-08-01 09:52:23 AM,384.0,65,24960.0,119818998.14999992
2025-08-01 09:52:25 AM,384.15,1,384.15,119819382.29999992
2025-08-01 09:52:27 AM,384.0,0,0.0,119819382.29999992
2025-08-01 09:52:29 AM,384.0,15,5760.0,119825142.29999992
2025-08-01 09:52:31 AM,384.0,1715,658560.0,120483702.29999992
2025-08-01 09:52:41 AM,384.1,6,2304.6000000000004,120486006.89999992
2025-08-01 09:52:42 AM,384.25,0,0.0,120486006.89999992
2025-08-01 09:52:43 AM,384.25,200,76850.0,120562856.89999992
2025-08-01 09:52:57 AM,384.0,0,0.0,120562856.89999992
2025-08-01 09:52:59 AM,384.0,16,6144.0,120569000.89999992
2025-08-01 09:53:07 AM,384.0,54,20736.0,120589736.89999992
2025-08-01 09:53:12 AM,384.35,0,0.0,120589736.89999992
2025-08-01 09:53:13 AM,384.35,1020,392037.0,120981773.89999992
2025-08-01 09:53:18 AM,384.0,1675,643200.0,121624973.89999992
2025-08-01 09:53:24 AM,384.0,74,28416.0,121653389.89999992
2025-08-01 09:53:34 AM,383.85,0,0.0,121653389.89999992
2025-08-01 09:53:36 AM,383.85,19,7293.150000000001,121660683.04999992
2025-08-01 09:53:50 AM,383.95,40,15358.0,121676041.04999992
2025-08-01 09:53:55 AM,383.95,5,1919.75,121677960.79999992
2025-08-01 09:53:58 AM,383.4,0,0.0,121677960.79999992
2025-08-01 09:54:01 AM,383.7,0,0.0,121677960.79999992
2025-08-01 09:54:01 AM,383.7,418,160386.6,121838347.39999992
2025-08-01 09:54:15 AM,383.7,30,11511.0,121849858.39999992
2025-08-01 09:54:21 AM,383.45,10,3834.5,121853692.89999992
2025-08-01 09:54:26 AM,383.45,10,3834.5,121857527.39999992
2025-08-01 09:54:32 AM,383.45,76,29142.2,121886669.59999992
2025-08-01 09:54:44 AM,383.45,19,7285.55,121893955.14999992
2025-08-01 09:54:56 AM,383.55,11,4219.05,121898174.19999991
2025-08-01 09:55:01 AM,383.8,239,91728.2,121989902.39999992
2025-08-01 09:55:03 AM,383.8,375,143925.0,122133827.39999992
2025-08-01 09:55:07 AM,383.6,5,1918.0,122135745.39999992
2025-08-01 09:55:11 AM,383.75,0,0.0,122135745.39999992
2025-08-01 09:55:13 AM,383.35,2621,1004760.3500000001,123140505.74999991
2025-08-01 09:55:19 AM,383.4,1,383.4,123140889.14999992
2025-08-01 09:55:27 AM,383.4,6,2300.3999999999996,123143189.54999992
2025-08-01 09:55:31 AM,383.4,1,383.4,123143572.94999993
2025-08-01 09:55:40 AM,383.5,0,0.0,123143572.94999993
2025-08-01 09:55:43 AM,383.5,38,14573.0,123158145.94999993
2025-08-01 09:55:50 AM,383.4,0,0.0,123158145.94999993
2025-08-01 09:55:50 AM,383.4,43,16486.2,123174632.14999993
2025-08-01 09:55:57 AM,383.4,82,31438.8,123206070.94999993
2025-08-01 09:56:08 AM,383.3,0,0.0,123206070.94999993
2025-08-01 09:56:08 AM,383.3,26,9965.800000000001,123216036.74999993
2025-08-01 09:56:09 AM,383.4,50,19170.0,123235206.74999993
2025-08-01 09:56:13 AM,383.3,0,0.0,123235206.74999993
2025-08-01 09:56:14 AM,383.3,10,3833.0,123239039.74999993
2025-08-01 09:56:15 AM,383.0,1531,586373.0,123825412.74999993
2025-08-01 09:56:20 AM,382.95,4,1531.8,123826944.54999992
2025-08-01 09:56:25 AM,383.0,0,0.0,123826944.54999992
2025-08-01 09:56:26 AM,383.0,1,383.0,123827327.54999992
2025-08-01 09:56:32 AM,383.0,10,3830.0,123831157.54999992
2025-08-01 09:56:37 AM,382.85,0,0.0,123831157.54999992
2025-08-01 09:56:37 AM,382.85,1401,536372.85,124367530.39999992
2025-08-01 09:56:43 AM,383.0,0,0.0,124367530.39999992
2025-08-01 09:56:44 AM,383.0,354,135582.0,124503112.39999992
2025-08-01 09:56:50 AM,382.7,25,9567.5,124512679.89999992
2025-08-01 09:57:03 AM,382.7,100,38270.0,124550949.89999992
2025-08-01 09:57:14 AM,382.9,7,2680.2999999999997,124553630.19999991
2025-08-01 09:57:15 AM,382.7,0,0.0,124553630.19999991
2025-08-01 09:57:15 AM,382.7,50,19135.0,124572765.19999991
2025-08-01 09:57:25 AM,382.7,1,382.7,124573147.89999992
2025-08-01 09:57:33 AM,382.7,2,765.4,124573913.29999992
2025-08-01 09:57:43 AM,382.9,0,0.0,124573913.29999992
2025-08-01 09:57:43 AM,382.9,2,765.8,124574679.09999992
2025-08-01 09:57:45 AM,382.7,2,765.4,124575444.49999993
2025-08-01 09:57:49 AM,383.0,1050,402150.0,124977594.49999993
2025-08-01 09:57:51 AM,383.0,100,38300.0,125015894.49999993
2025-08-01 09:58:12 AM,382.95,0,0.0,125015894.49999993
2025-08-01 09:58:13 AM,382.7,62,23727.399999999998,125039621.89999993
2025-08-01 09:58:19 AM,382.7,2,765.4,125040387.29999994
2025-08-01 09:58:24 AM,382.85,0,0.0,125040387.29999994
2025-08-01 09:58:25 AM,382.85,56,21439.600000000002,125061826.89999993
2025-08-01 09:58:37 AM,382.85,57,21822.45,125083649.34999993
2025-08-01 09:58:44 AM,382.9,0,0.0,125083649.34999993
2025-08-01 09:58:44 AM,382.9,21,8040.9,125091690.24999994
2025-08-01 09:58:46 AM,382.65,50,19132.5,125110822.74999994
2025-08-01 09:58:55 AM,382.55,519,198543.45,125309366.19999994
2025-08-01 09:59:02 AM,382.55,250,95637.5,125405003.69999994
2025-08-01 09:59:08 AM,382.55,400,153020.0,125558023.69999994
2025-08-01 09:59:10 AM,382.5,0,0.0,125558023.69999994
2025-08-01 09:59:11 AM,382.5,7585,2901262.5,128459286.19999994
2025-08-01 09:59:14 AM,382.45,1228,469648.6,128928934.79999994
2025-08-01 09:59:17 AM,382.5,87,33277.5,128962212.29999994
2025-08-01 09:59:23 AM,382.5,10,3825.0,128966037.29999994
2025-08-01 09:59:26 AM,382.55,0,0.0,128966037.29999994
2025-08-01 09:59:27 AM,382.55,603,230677.65,129196714.94999994
2025-08-01 09:59:33 AM,382.5,500,191250.0,129387964.94999994
2025-08-01 09:59:36 AM,382.55,0,0.0,129387964.94999994
2025-08-01 09:59:36 AM,382.55,270,103288.5,129491253.44999994
2025-08-01 09:59:39 AM,382.55,30,11476.5,129502729.94999994
2025-08-01 09:59:52 AM,382.6,0,0.0,129502729.94999994
2025-08-01 09:59:52 AM,382.6,100,38260.0,129540989.94999994
2025-08-01 10:00:04 AM,383.0,0,0.0,129540989.94999994
2025-08-01 10:00:04 AM,383.0,4995,1913085.0,131454074.94999994
2025-08-01 10:00:10 AM,383.25,70,26827.5,131480902.44999994
2025-08-01 10:00:20 AM,383.25,3,1149.75,131482052.19999994
2025-08-01 10:00:26 AM,383.0,279,106857.0,131588909.19999994
2025-08-01 10:00:29 AM,383.25,1,383.25,131589292.44999994
2025-08-01 10:00:32 AM,383.25,3,1149.75,131590442.19999994
2025-08-01 10:00:42 AM,383.25,3,1149.75,131591591.94999994
2025-08-01 10:00:45 AM,383.25,10,3832.5,131595424.44999994
2025-08-01 10:00:48 AM,383.3,3785,1450790.5,133046214.94999994
2025-08-01 10:01:00 AM,383.0,0,0.0,133046214.94999994
2025-08-01 10:01:01 AM,383.0,20,7660.0,133053874.94999994
2025-08-01 10:01:07 AM,383.05,50,19152.5,133073027.44999994
2025-08-01 10:01:11 AM,383.25,0,0.0,133073027.44999994
2025-08-01 10:01:11 AM,383.25,1,383.25,133073410.69999994
2025-08-01 10:01:32 AM,383.0,0,0.0,133073410.69999994
2025-08-01 10:01:32 AM,383.0,2,766.0,133074176.69999994
2025-08-01 10:01:33 AM,382.8,0,0.0,133074176.69999994
2025-08-01 10:01:35 AM,382.8,150,57420.0,133131596.69999994
2025-08-01 10:01:48 AM,382.85,70,26799.5,133158396.19999994
2025-08-01 10:01:53 AM,383.0,0,0.0,133158396.19999994
2025-08-01 10:01:54 AM,383.0,62,23746.0,133182142.19999994
2025-08-01 10:01:56 AM,383.0,100,38300.0,133220442.19999994
2025-08-01 10:02:00 AM,383.0,8,3064.0,133223506.19999994
2025-08-01 10:02:05 AM,383.25,0,0.0,133223506.19999994
2025-08-01 10:02:06 AM,383.25,710,272107.5,133495613.69999994
2025-08-01 10:02:08 AM,383.2,100,38320.0,133533933.69999994
2025-08-01 10:02:13 AM,383.2,50,19160.0,133553093.69999994
2025-08-01 10:02:26 AM,383.2,800,306560.0,133859653.69999994
2025-08-01 10:02:30 AM,383.25,0,0.0,133859653.69999994
2025-08-01 10:02:32 AM,383.25,33,12647.25,133872300.94999994
2025-08-01 10:02:43 AM,383.55,0,0.0,133872300.94999994
2025-08-01 10:02:44 AM,383.55,123,47176.65,133919477.59999995
2025-08-01 10:02:52 AM,383.3,0,0.0,133919477.59999995
2025-08-01 10:02:52 AM,383.3,5,1916.5,133921394.09999995
2025-08-01 10:03:03 AM,383.3,10,3833.0,133925227.09999995
2025-08-01 10:03:10 AM,383.3,25,9582.5,133934809.59999995
2025-08-01 10:03:16 AM,383.3,103,39479.9,133974289.49999996
2025-08-01 10:03:18 AM,383.6,100,38360.0,134012649.49999996
2025-08-01 10:03:29 AM,383.65,58,22251.699999999997,134034901.19999996
2025-08-01 10:03:38 AM,383.85,550,211117.5,134246018.69999996
2025-08-01 10:03:42 AM,383.65,25,9591.25,134255609.94999996
2025-08-01 10:03:50 AM,383.45,15,5751.75,134261361.69999996
2025-08-01 10:03:54 AM,383.85,550,211117.5,134472479.19999996
2025-08-01 10:03:56 AM,383.65,5,1918.25,134474397.44999996
2025-08-01 10:04:07 AM,383.7,32,12278.4,134486675.84999996
2025-08-01 10:04:16 AM,383.4,0,0.0,134486675.84999996
2025-08-01 10:04:19 AM,383.55,295,113147.25,134599823.09999996
2025-08-01 10:04:26 AM,383.55,400,153420.0,134753243.09999996
2025-08-01 10:04:32 AM,383.2,0,0.0,134753243.09999996
2025-08-01 10:04:32 AM,383.2,50,19160.0,134772403.09999996
2025-08-01 10:04:37 AM,383.5,0,0.0,134772403.09999996
2025-08-01 10:04:38 AM,383.2,13,4981.599999999999,134777384.69999996
2025-08-01 10:04:42 AM,383.45,0,0.0,134777384.69999996
2025-08-01 10:04:44 AM,383.45,4,1533.8,134778918.49999997
2025-08-01 10:05:32 AM,383.1,0,0.0,134778918.49999997
2025-08-01 10:05:34 AM,383.1,50,19155.0,134798073.49999997
2025-08-01 10:05:40 AM,383.1,150,57465.0,134855538.49999997
2025-08-01 10:05:54 AM,383.0,10,3830.0,134859368.49999997
2025-08-01 10:06:02 AM,383.1,0,0.0,134859368.49999997
2025-08-01 10:06:04 AM,383.1,1,383.1,134859751.59999996
2025-08-01 10:06:06 AM,383.1,2,766.2,134860517.79999995
2025-08-01 10:06:24 AM,383.0,215,82345.0,134942862.79999995
2025-08-01 10:06:42 AM,383.0,50,19150.0,134962012.79999995
2025-08-01 10:06:47 AM,382.8,10,3828.0,134965840.79999995
2025-08-01 10:07:04 AM,382.8,1,382.8,134966223.59999996
2025-08-01 10:07:12 AM,382.8,501,191782.80000000002,135158006.39999998
2025-08-01 10:07:16 AM,382.75,76,29089.0,135187095.39999998
2025-08-01 10:07:28 AM,382.7,0,0.0,135187095.39999998
2025-08-01 10:07:29 AM,382.7,562,215077.4,135402172.79999998
2025-08-01 10:07:31 AM,382.7,115,44010.5,135446183.29999998
2025-08-01 10:07:35 AM,383.0,5,1915.0,135448098.29999998
2025-08-01 10:07:37 AM,382.7,10,3827.0,135451925.29999998
2025-08-01 10:07:41 AM,382.7,112,42862.4,135494787.7
2025-08-01 10:07:49 AM,382.7,23,8802.1,135503589.79999998
2025-08-01 10:07:53 AM,383.0,20,7660.0,135511249.79999998
2025-08-01 10:08:00 AM,382.7,31,11863.699999999999,135523113.49999997
2025-08-01 10:08:01 AM,382.7,97,37121.9,135560235.39999998
2025-08-01 10:08:06 AM,382.95,0,0.0,135560235.39999998
2025-08-01 10:08:06 AM,382.95,12,4595.4,135564830.79999998
2025-08-01 10:08:08 AM,382.6,500,191300.0,135756130.79999998
2025-08-01 10:08:18 AM,382.6,300,114780.0,135870910.79999998
2025-08-01 10:08:24 AM,382.6,250,95650.0,135966560.79999998
2025-08-01 10:08:26 AM,382.6,30,11478.0,135978038.79999998
2025-08-01 10:08:36 AM,382.95,50,19147.5,135997186.29999998
2025-08-01 10:08:49 AM,382.95,2,765.9,135997952.2
2025-08-01 10:08:56 AM,382.95,50,19147.5,136017099.7
2025-08-01 10:08:58 AM,383.0,0,0.0,136017099.7
2025-08-01 10:09:00 AM,383.0,2,766.0,136017865.7
2025-08-01 10:09:06 AM,383.0,985,377255.0,136395120.7
2025-08-01 10:09:08 AM,383.0,21,8043.0,136403163.7
2025-08-01 10:09:11 AM,382.75,0,0.0,136403163.7
2025-08-01 10:09:12 AM,382.75,900,344475.0,136747638.7
2025-08-01 10:09:46 AM,383.05,0,0.0,136747638.7
2025-08-01 10:09:47 AM,383.0,36,13788.0,136761426.7
2025-08-01 10:09:54 AM,383.3,20,7666.0,136769092.7
2025-08-01 10:10:01 AM,383.0,0,0.0,136769092.7
2025-08-01 10:10:04 AM,383.0,27,10341.0,136779433.7
2025-08-01 10:10:10 AM,383.0,60,22980.0,136802413.7
2025-08-01 10:10:12 AM,383.0,5,1915.0,136804328.7
2025-08-01 10:10:21 AM,383.3,0,0.0,136804328.7
2025-08-01 10:10:22 AM,383.0,1536,588288.0,137392616.7
2025-08-01 10:10:37 AM,383.45,0,0.0,137392616.7
2025-08-01 10:10:40 AM,383.45,2459,942903.5499999999,138335520.25
2025-08-01 10:10:46 AM,383.5,0,0.0,138335520.25
2025-08-01 10:10:46 AM,383.5,4,1534.0,138337054.25
2025-08-01 10:10:52 AM,383.5,1,383.5,138337437.75
2025-08-01 10:10:57 AM,383.4,0,0.0,138337437.75
2025-08-01 10:10:58 AM,383.4,40,15336.0,138352773.75
2025-08-01 10:11:09 AM,383.4,5,1917.0,138354690.75
2025-08-01 10:11:16 AM,383.4,1,383.4,138355074.15
2025-08-01 10:11:21 AM,383.7,1157,443940.89999999997,138799015.05
2025-08-01 10:11:44 AM,383.7,3,1151.1,138800166.15
2025-08-01 10:11:46 AM,383.9,0,0.0,138800166.15
2025-08-01 10:11:46 AM,383.9,5,1919.5,138802085.65
2025-08-01 10:11:49 AM,383.7,0,0.0,138802085.65
2025-08-01 10:11:50 AM,383.7,3,1151.1,138803236.75
2025-08-01 10:11:56 AM,383.7,228,87483.59999999999,138890720.35
2025-08-01 10:12:07 AM,383.45,0,0.0,138890720.35
2025-08-01 10:12:08 AM,383.45,30,11503.5,138902223.85
2025-08-01 10:12:14 AM,383.7,20,7674.0,138909897.85
2025-08-01 10:12:20 AM,383.7,263,100913.09999999999,139010810.95
2025-08-01 10:12:20 AM,384.0,399,153216.0,139164026.95
2025-08-01 10:12:25 AM,383.7,0,0.0,139164026.95
2025-08-01 10:12:25 AM,383.7,71,27242.7,139191269.64999998
2025-08-01 10:12:40 AM,383.55,0,0.0,139191269.64999998
2025-08-01 10:12:42 AM,383.55,16,6136.8,139197406.45
2025-08-01 10:12:52 AM,383.85,0,0.0,139197406.45
2025-08-01 10:12:54 AM,383.9,204,78315.59999999999,139275722.04999998
2025-08-01 10:12:55 AM,383.5,0,0.0,139275722.04999998
2025-08-01 10:13:00 AM,383.5,35,13422.5,139289144.54999998
2025-08-01 10:13:00 AM,383.8,1,383.8,139289528.35
2025-08-01 10:13:05 AM,383.55,28,10739.4,139300267.75
2025-08-01 10:13:11 AM,383.55,4,1534.2,139301801.95
2025-08-01 10:13:28 AM,383.4,0,0.0,139301801.95
2025-08-01 10:13:28 AM,383.35,0,0.0,139301801.95
2025-08-01 10:13:29 AM,383.35,109,41785.15,139343587.1
2025-08-01 10:13:42 AM,383.35,50,19167.5,139362754.6
2025-08-01 10:13:53 AM,383.35,59,22617.65,139385372.25
2025-08-01 10:14:01 AM,383.2,0,0.0,139385372.25
2025-08-01 10:14:05 AM,383.2,100,38320.0,139423692.25
2025-08-01 10:14:05 AM,383.35,1,383.35,139424075.6
2025-08-01 10:14:46 AM,383.1,0,0.0,139424075.6
2025-08-01 10:14:46 AM,383.1,25,9577.5,139433653.1
2025-08-01 10:15:02 AM,383.1,27,10343.7,139443996.79999998
2025-08-01 10:15:06 AM,383.35,0,0.0,139443996.79999998
2025-08-01 10:15:08 AM,383.35,112,42935.200000000004,139486931.99999997
2025-08-01 10:15:12 AM,383.15,0,0.0,139486931.99999997
2025-08-01 10:15:14 AM,383.15,30,11494.5,139498426.49999997
2025-08-01 10:15:20 AM,383.55,275,105476.25,139603902.74999997
2025-08-01 10:15:30 AM,383.3,0,0.0,139603902.74999997
2025-08-01 10:15:32 AM,383.3,40,15332.0,139619234.74999997
2025-08-01 10:15:44 AM,383.55,53,20328.15,139639562.89999998
2025-08-01 10:15:50 AM,383.55,3,1150.65,139640713.54999998
2025-08-01 10:15:56 AM,383.3,10,3833.0,139644546.54999998
2025-08-01 10:15:58 AM,383.55,0,0.0,139644546.54999998
2025-08-01 10:16:02 AM,383.55,100,38355.0,139682901.54999998
2025-08-01 10:16:25 AM,383.55,9,3451.9500000000003,139686353.49999997
2025-08-01 10:16:26 AM,383.55,226,86682.3,139773035.79999998
2025-08-01 10:16:31 AM,383.55,60,23013.0,139796048.79999998
2025-08-01 10:16:59 AM,383.55,105,40272.75,139836321.54999998
2025-08-01 10:17:10 AM,383.6,0,0.0,139836321.54999998
2025-08-01 10:17:10 AM,383.6,176,67513.6,139903835.14999998
2025-08-01 10:17:13 AM,383.55,0,0.0,139903835.14999998
2025-08-01 10:17:16 AM,383.55,50,19177.5,139923012.64999998
2025-08-01 10:17:19 AM,383.65,0,0.0,139923012.64999998
2025-08-01 10:17:22 AM,383.65,65,24937.25,139947949.89999998
2025-08-01 10:17:52 AM,383.55,0,0.0,139947949.89999998
2025-08-01 10:17:54 AM,383.4,0,0.0,139947949.89999998
2025-08-01 10:17:57 AM,383.4,244,93549.59999999999,140041499.49999997
2025-08-01 10:18:12 AM,383.55,0,0.0,140041499.49999997
2025-08-01 10:18:15 AM,383.55,10,3835.5,140045334.99999997
2025-08-01 10:18:20 AM,383.55,20,7671.0,140053005.99999997
2025-08-01 10:18:43 AM,383.3,10,3833.0,140056838.99999997
2025-08-01 10:18:49 AM,383.3,100,38330.0,140095168.99999997
2025-08-01 10:18:55 AM,383.3,50,19165.0,140114333.99999997
2025-08-01 10:19:11 AM,383.55,0,0.0,140114333.99999997
2025-08-01 10:19:12 AM,383.55,4,1534.2,140115868.19999996
2025-08-01 10:19:35 AM,383.55,1245,477519.75,140593387.94999996
2025-08-01 10:19:53 AM,383.55,1,383.55,140593771.49999997
2025-08-01 10:19:59 AM,383.5,0,0.0,140593771.49999997
2025-08-01 10:19:59 AM,383.5,300,115050.0,140708821.49999997
2025-08-01 10:20:04 AM,383.3,100,38330.0,140747151.49999997
2025-08-01 10:20:08 AM,383.5,0,0.0,140747151.49999997
2025-08-01 10:20:08 AM,383.5,15,5752.5,140752903.99999997
2025-08-01 10:20:20 AM,383.25,0,0.0,140752903.99999997
2025-08-01 10:20:20 AM,383.25,38,14563.5,140767467.49999997
2025-08-01 10:20:27 AM,383.5,0,0.0,140767467.49999997
2025-08-01 10:20:27 AM,383.5,150,57525.0,140824992.49999997
2025-08-01 10:20:31 AM,383.25,0,0.0,140824992.49999997
2025-08-01 10:20:31 AM,383.25,20,7665.0,140832657.49999997
2025-08-01 10:20:43 AM,383.3,0,0.0,140832657.49999997
2025-08-01 10:20:44 AM,383.3,10,3833.0,140836490.49999997
2025-08-01 10:21:18 AM,383.3,1,383.3,140836873.79999998
2025-08-01 10:21:23 AM,383.5,33,12655.5,140849529.29999998
2025-08-01 10:21:31 AM,383.35,0,0.0,140849529.29999998
2025-08-01 10:21:31 AM,383.35,16,6133.6,140855662.89999998
2025-08-01 10:21:51 AM,383.3,10,3833.0,140859495.89999998
2025-08-01 10:22:03 AM,383.5,332,127322.0,140986817.89999998
2025-08-01 10:22:08 AM,383.8,100,38380.0,141025197.89999998
2025-08-01 10:22:25 AM,383.5,0,0.0,141025197.89999998
2025-08-01 10:22:26 AM,383.5,10,3835.0,141029032.89999998
2025-08-01 10:22:53 AM,383.8,16,6140.8,141035173.7
2025-08-01 10:23:04 AM,383.9,0,0.0,141035173.7
2025-08-01 10:23:04 AM,383.9,25,9597.5,141044771.2
2025-08-01 10:23:13 AM,383.35,0,0.0,141044771.2
2025-08-01 10:23:13 AM,383.35,1000,383350.0,141428121.2
2025-08-01 10:23:54 AM,383.45,0,0.0,141428121.2
2025-08-01 10:23:55 AM,383.45,1,383.45,141428504.64999998
2025-08-01 10:24:07 AM,383.8,0,0.0,141428504.64999998
2025-08-01 10:24:09 AM,383.7,0,0.0,141428504.64999998
2025-08-01 10:24:10 AM,383.7,387,148491.9,141576996.54999998
2025-08-01 10:24:28 AM,383.7,3,1151.1,141578147.64999998
2025-08-01 10:24:32 AM,383.75,184,70610.0,141648757.64999998
2025-08-01 10:24:48 AM,383.4,25,9585.0,141658342.64999998
2025-08-01 10:24:59 AM,383.4,124,47541.6,141705884.24999997
2025-08-01 10:25:01 AM,383.4,8,3067.2,141708951.44999996
2025-08-01 10:25:07 AM,383.2,0,0.0,141708951.44999996
2025-08-01 10:25:07 AM,383.2,263,100781.59999999999,141809733.04999995
2025-08-01 10:25:10 AM,383.05,0,0.0,141809733.04999995
2025-08-01 10:25:11 AM,383.05,200,76610.0,141886343.04999995
2025-08-01 10:25:19 AM,383.1,0,0.0,141886343.04999995
2025-08-01 10:25:19 AM,383.1,100,38310.0,141924653.04999995
2025-08-01 10:25:39 AM,383.15,238,91189.7,142015842.74999994
2025-08-01 10:25:40 AM,383.4,0,0.0,142015842.74999994
2025-08-01 10:25:41 AM,383.4,241,92399.4,142108242.14999995
2025-08-01 10:25:43 AM,383.45,0,0.0,142108242.14999995
2025-08-01 10:25:45 AM,383.45,117,44863.65,142153105.79999995
2025-08-01 10:25:46 AM,383.7,0,0.0,142153105.79999995
2025-08-01 10:25:47 AM,383.7,60,23022.0,142176127.79999995
2025-08-01 10:25:55 AM,383.85,0,0.0,142176127.79999995
2025-08-01 10:25:56 AM,383.85,267,102487.95000000001,142278615.74999994
2025-08-01 10:25:58 AM,383.8,1,383.8,142278999.54999995
2025-08-01 10:26:01 AM,383.5,0,0.0,142278999.54999995
2025-08-01 10:26:01 AM,383.5,1,383.5,142279383.04999995
2025-08-01 10:26:03 AM,383.8,2,767.6,142280150.64999995
2025-08-01 10:26:06 AM,383.5,135,51772.5,142331923.14999995
2025-08-01 10:26:28 AM,383.55,0,0.0,142331923.14999995
2025-08-01 10:26:29 AM,383.55,101,38738.55,142370661.69999996
2025-08-01 10:26:52 AM,383.8,0,0.0,142370661.69999996
2025-08-01 10:26:52 AM,383.8,15,5757.0,142376418.69999996
2025-08-01 10:26:55 AM,383.5,0,0.0,142376418.69999996
2025-08-01 10:26:55 AM,383.5,385,147647.5,142524066.19999996
2025-08-01 10:26:58 AM,383.55,0,0.0,142524066.19999996
2025-08-01 10:26:58 AM,383.55,880,337524.0,142861590.19999996
2025-08-01 10:27:01 AM,383.5,200,76700.0,142938290.19999996
2025-08-01 10:27:15 AM,383.55,20,7671.0,142945961.19999996
2025-08-01 10:27:20 AM,383.55,1,383.55,142946344.74999997
2025-08-01 10:27:34 AM,383.85,0,0.0,142946344.74999997
2025-08-01 10:27:34 AM,383.85,51,19576.350000000002,142965921.09999996
2025-08-01 10:27:42 AM,384.2,2049,787225.7999999999,143753146.89999998
2025-08-01 10:27:51 AM,384.2,2,768.4,143753915.29999998
2025-08-01 10:27:53 AM,384.35,300,115305.0,143869220.29999998
2025-08-01 10:28:01 AM,384.05,10,3840.5,143873060.79999998
2025-08-01 10:28:15 AM,384.4,300,115320.0,143988380.79999998
2025-08-01 10:28:20 AM,384.0,2896,1112064.0,145100444.79999998
2025-08-01 10:28:40 AM,384.15,0,0.0,145100444.79999998
2025-08-01 10:28:40 AM,384.15,5,1920.75,145102365.54999998
2025-08-01 10:28:42 AM,384.15,20,7683.0,145110048.54999998
2025-08-01 10:28:47 AM,384.0,0,0.0,145110048.54999998
2025-08-01 10:28:48 AM,384.0,9,3456.0,145113504.54999998
2025-08-01 10:29:35 AM,384.1,0,0.0,145113504.54999998
2025-08-01 10:29:35 AM,384.1,4,1536.4,145115040.95
2025-08-01 10:29:49 AM,384.25,0,0.0,145115040.95
2025-08-01 10:29:49 AM,384.25,60,23055.0,145138095.95
2025-08-01 10:30:01 AM,384.3,0,0.0,145138095.95
2025-08-01 10:30:03 AM,384.3,2,768.6,145138864.54999998
2025-08-01 10:30:06 AM,384.3,24,9223.2,145148087.74999997
2025-08-01 10:30:12 AM,384.55,0,0.0,145148087.74999997
2025-08-01 10:30:12 AM,384.55,2808,1079816.4000000001,146227904.14999998
2025-08-01 10:30:18 AM,385.05,0,0.0,146227904.14999998
2025-08-01 10:30:18 AM,385.05,5448,2097752.4,148325656.54999998
2025-08-01 10:30:21 AM,385.2,0,0.0,148325656.54999998
2025-08-01 10:30:23 AM,385.2,50,19260.0,148344916.54999998
2025-08-01 10:30:26 AM,385.0,42,16170.0,148361086.54999998
2025-08-01 10:30:35 AM,385.0,2,770.0,148361856.54999998
2025-08-01 10:30:38 AM,385.0,2,770.0,148362626.54999998
2025-08-01 10:30:40 AM,385.0,1,385.0,148363011.54999998
2025-08-01 10:30:48 AM,385.2,0,0.0,148363011.54999998
2025-08-01 10:30:49 AM,385.0,0,0.0,148363011.54999998
2025-08-01 10:30:49 AM,385.0,433,166705.0,148529716.54999998
2025-08-01 10:30:51 AM,385.5,2970,1144935.0,149674651.54999998
2025-08-01 10:30:55 AM,385.0,0,0.0,149674651.54999998
2025-08-01 10:30:55 AM,385.0,764,294140.0,149968791.54999998
2025-08-01 10:30:57 AM,385.35,3200,1233120.0,151201911.54999998
2025-08-01 10:31:00 AM,385.3,20,7706.0,151209617.54999998
2025-08-01 10:31:06 AM,385.5,5000,1927500.0,153137117.54999998
2025-08-01 10:31:12 AM,385.3,0,0.0,153137117.54999998
2025-08-01 10:31:13 AM,385.3,1,385.3,153137502.85
2025-08-01 10:31:16 AM,385.1,0,0.0,153137502.85
2025-08-01 10:31:18 AM,385.5,0,0.0,153137502.85
2025-08-01 10:31:18 AM,385.5,5005,1929427.5,155066930.35
2025-08-01 10:31:21 AM,385.7,902,347901.39999999997,155414831.75
2025-08-01 10:31:23 AM,385.15,1,385.15,155415216.9
2025-08-01 10:31:26 AM,385.55,0,0.0,155415216.9
2025-08-01 10:31:26 AM,385.55,135,52049.25,155467266.15
2025-08-01 10:31:36 AM,385.2,0,0.0,155467266.15
2025-08-01 10:31:37 AM,385.05,162,62378.1,155529644.25
2025-08-01 10:31:42 AM,385.5,3500,1349250.0,156878894.25
2025-08-01 10:31:51 AM,385.45,8,3083.6,156881977.85
2025-08-01 10:31:53 AM,385.1,0,0.0,156881977.85
2025-08-01 10:31:55 AM,385.1,50,19255.0,156901232.85
2025-08-01 10:31:56 AM,385.45,0,0.0,156901232.85
2025-08-01 10:31:58 AM,385.45,2,770.9,156902003.75
2025-08-01 10:32:01 AM,385.45,10,3854.5,156905858.25
2025-08-01 10:32:02 AM,385.5,0,0.0,156905858.25
2025-08-01 10:32:04 AM,385.5,227,87508.5,156993366.75
2025-08-01 10:32:11 AM,385.2,0,0.0,156993366.75
2025-08-01 10:32:11 AM,385.2,440,169488.0,157162854.75
2025-08-01 10:32:14 AM,385.45,0,0.0,157162854.75
2025-08-01 10:32:14 AM,385.45,100,38545.0,157201399.75
2025-08-01 10:32:21 AM,385.45,100,38545.0,157239944.75
2025-08-01 10:32:28 AM,385.15,1184,456017.6,157695962.35
2025-08-01 10:32:31 AM,384.85,3,1154.5500000000002,157697116.9
2025-08-01 10:32:37 AM,384.9,0,0.0,157697116.9
2025-08-01 10:32:37 AM,384.9,259,99689.09999999999,157796806.0
2025-08-01 10:32:40 AM,384.8,10,3848.0,157800654.0
2025-08-01 10:32:46 AM,385.1,0,0.0,157800654.0
2025-08-01 10:32:46 AM,385.1,79,30422.9,157831076.9
2025-08-01 10:33:06 AM,385.1,3,1155.3000000000002,157832232.20000002
2025-08-01 10:33:22 AM,384.75,0,0.0,157832232.20000002
2025-08-01 10:33:22 AM,384.75,1,384.75,157832616.95000002
2025-08-01 10:33:28 AM,384.75,64,24624.0,157857240.95000002
2025-08-01 10:33:33 AM,385.05,0,0.0,157857240.95000002
2025-08-01 10:33:33 AM,385.05,20,7701.0,157864941.95000002
2025-08-01 10:33:38 AM,384.75,1,384.75,157865326.70000002
2025-08-01 10:33:47 AM,384.7,0,0.0,157865326.70000002
2025-08-01 10:33:47 AM,384.7,229,88096.3,157953423.00000003
2025-08-01 10:33:55 AM,384.85,0,0.0,157953423.00000003
2025-08-01 10:33:55 AM,384.85,100,38485.0,157991908.00000003
2025-08-01 10:33:57 AM,384.65,0,0.0,157991908.00000003
2025-08-01 10:33:59 AM,384.65,20,7693.0,157999601.00000003
2025-08-01 10:34:07 AM,384.75,0,0.0,157999601.00000003
2025-08-01 10:34:11 AM,384.75,1,384.75,157999985.75000003
2025-08-01 10:34:32 AM,384.6,0,0.0,157999985.75000003
2025-08-01 10:34:33 AM,384.6,127,48844.200000000004,158048829.95000002
2025-08-01 10:34:34 AM,384.55,10,3845.5,158052675.45000002
2025-08-01 10:34:38 AM,384.55,101,38839.55,158091515.00000003
2025-08-01 10:34:52 AM,384.55,5,1922.75,158093437.75000003
2025-08-01 10:34:56 AM,384.85,5,1924.25,158095362.00000003
2025-08-01 10:35:01 AM,384.55,1200,461460.0,158556822.00000003
2025-08-01 10:35:07 AM,384.85,4,1539.4,158558361.40000004
2025-08-01 10:35:18 AM,384.55,396,152281.80000000002,158710643.20000005
2025-08-01 10:35:24 AM,384.55,10,3845.5,158714488.70000005
2025-08-01 10:35:46 AM,384.5,0,0.0,158714488.70000005
2025-08-01 10:35:47 AM,384.5,8,3076.0,158717564.70000005
2025-08-01 10:35:50 AM,384.55,0,0.0,158717564.70000005
2025-08-01 10:35:52 AM,384.55,3,1153.65,158718718.35000005
2025-08-01 10:36:03 AM,384.5,0,0.0,158718718.35000005
2025-08-01 10:36:03 AM,384.5,15,5767.5,158724485.85000005
2025-08-01 10:36:14 AM,384.55,20,7691.0,158732176.85000005
2025-08-01 10:36:26 AM,384.55,151,58067.05,158790243.90000007
2025-08-01 10:36:28 AM,384.5,0,0.0,158790243.90000007
2025-08-01 10:36:28 AM,384.5,2,769.0,158791012.90000007
2025-08-01 10:36:44 AM,384.5,9,3460.5,158794473.40000007
2025-08-01 10:36:53 AM,384.5,200,76900.0,158871373.40000007
2025-08-01 10:36:55 AM,384.5,25,9612.5,158880985.90000007
2025-08-01 10:36:59 AM,384.55,10,3845.5,158884831.40000007
2025-08-01 10:37:00 AM,384.5,0,0.0,158884831.40000007
2025-08-01 10:37:00 AM,384.5,1031,396419.5,159281250.90000007
2025-08-01 10:37:10 AM,384.5,40,15380.0,159296630.90000007
2025-08-01 10:37:11 AM,384.25,3698,1420956.5,160717587.40000007
2025-08-01 10:37:26 AM,384.0,260,99840.0,160817427.40000007
2025-08-01 10:37:28 AM,384.1,10,3841.0,160821268.40000007
2025-08-01 10:37:39 AM,384.25,0,0.0,160821268.40000007
2025-08-01 10:37:40 AM,384.25,79,30355.75,160851624.15000007
2025-08-01 10:37:43 AM,384.0,17,6528.0,160858152.15000007
2025-08-01 10:37:54 AM,384.3,5,1921.5,160860073.65000007
2025-08-01 10:38:12 AM,384.3,3,1152.9,160861226.55000007
2025-08-01 10:38:21 AM,384.2,1,384.2,160861610.75000006
2025-08-01 10:38:30 AM,384.2,10,3842.0,160865452.75000006
2025-08-01 10:38:35 AM,384.1,0,0.0,160865452.75000006
2025-08-01 10:38:36 AM,384.1,55,21125.5,160886578.25000006
2025-08-01 10:38:39 AM,384.1,130,49933.0,160936511.25000006
2025-08-01 10:38:42 AM,384.1,83,31880.300000000003,160968391.55000007
2025-08-01 10:38:45 AM,384.1,21,8066.1,160976457.65000007
2025-08-01 10:38:47 AM,384.3,0,0.0,160976457.65000007
2025-08-01 10:38:48 AM,384.3,1,384.3,160976841.95000008
2025-08-01 10:38:53 AM,384.3,46,17677.8,160994519.7500001
2025-08-01 10:38:56 AM,384.3,30,11529.0,161006048.7500001
2025-08-01 10:39:01 AM,384.3,129,49574.700000000004,161055623.45000008
2025-08-01 10:39:04 AM,384.3,25,9607.5,161065230.95000008
2025-08-01 10:39:10 AM,384.3,11,4227.3,161069458.2500001
2025-08-01 10:39:17 AM,384.05,0,0.0,161069458.2500001
2025-08-01 10:39:18 AM,384.05,15,5760.75,161075219.0000001
2025-08-01 10:39:35 AM,384.05,10,3840.5,161079059.5000001
2025-08-01 10:39:38 AM,384.05,9,3456.4500000000003,161082515.95000008
2025-08-01 10:39:46 AM,383.4,3827,1467271.7999999998,162549787.7500001
2025-08-01 10:39:47 AM,383.45,0,0.0,162549787.7500001
2025-08-01 10:39:49 AM,383.4,0,0.0,162549787.7500001
2025-08-01 10:39:49 AM,383.4,137,52525.799999999996,162602313.5500001
2025-08-01 10:39:59 AM,383.75,0,0.0,162602313.5500001
2025-08-01 10:40:00 AM,383.75,100,38375.0,162640688.5500001
2025-08-01 10:40:02 AM,383.8,0,0.0,162640688.5500001
2025-08-01 10:40:02 AM,383.4,625,239625.0,162880313.5500001
2025-08-01 10:40:32 AM,383.45,0,0.0,162880313.5500001
2025-08-01 10:40:33 AM,383.45,10,3834.5,162884148.0500001
2025-08-01 10:40:52 AM,383.75,0,0.0,162884148.0500001
2025-08-01 10:40:52 AM,383.75,100,38375.0,162922523.0500001
2025-08-01 10:41:03 AM,383.5,0,0.0,162922523.0500001
2025-08-01 10:41:03 AM,383.5,20,7670.0,162930193.0500001
2025-08-01 10:41:33 AM,383.75,0,0.0,162930193.0500001
2025-08-01 10:41:35 AM,383.85,0,0.0,162930193.0500001
2025-08-01 10:41:35 AM,383.85,206,79073.1,163009266.1500001
2025-08-01 10:41:37 AM,383.55,32,12273.6,163021539.7500001
2025-08-01 10:41:42 AM,383.9,0,0.0,163021539.7500001
2025-08-01 10:41:42 AM,383.9,180,69102.0,163090641.7500001
2025-08-01 10:42:00 AM,383.85,0,0.0,163090641.7500001
2025-08-01 10:42:02 AM,383.85,35,13434.75,163104076.5000001
2025-08-01 10:42:26 AM,383.9,0,0.0,163104076.5000001
2025-08-01 10:42:26 AM,383.9,65,24953.5,163129030.0000001
2025-08-01 10:42:32 AM,383.5,0,0.0,163129030.0000001
2025-08-01 10:42:32 AM,383.5,402,154167.0,163283197.0000001
2025-08-01 10:42:46 AM,383.6,0,0.0,163283197.0000001
2025-08-01 10:42:47 AM,383.6,230,88228.0,163371425.0000001
2025-08-01 10:42:59 AM,383.25,0,0.0,163371425.0000001
2025-08-01 10:43:00 AM,383.25,110,42157.5,163413582.5000001
2025-08-01 10:43:09 AM,383.25,57,21845.25,163435427.7500001
2025-08-01 10:43:27 AM,383.25,2004,768033.0,164203460.7500001
2025-08-01 10:43:29 AM,383.5,0,0.0,164203460.7500001
2025-08-01 10:43:30 AM,383.5,3,1150.5,164204611.2500001
2025-08-01 10:43:33 AM,383.25,0,0.0,164204611.2500001
2025-08-01 10:43:36 AM,383.25,3131,1199955.75,165404567.0000001
2025-08-01 10:43:56 AM,383.25,359,137586.75,165542153.7500001
2025-08-01 10:44:01 AM,384.5,0,0.0,165542153.7500001
2025-08-01 10:44:01 AM,384.5,7160,2753020.0,168295173.7500001
2025-08-01 10:44:09 AM,384.5,5,1922.5,168297096.2500001
2025-08-01 10:44:11 AM,384.75,0,0.0,168297096.2500001
2025-08-01 10:44:12 AM,384.45,33,12686.85,168309783.10000008
2025-08-01 10:44:20 AM,384.45,200,76890.0,168386673.10000008
2025-08-01 10:44:42 AM,384.4,0,0.0,168386673.10000008
2025-08-01 10:44:42 AM,384.4,10,3844.0,168390517.10000008
2025-08-01 10:44:55 AM,384.7,0,0.0,168390517.10000008
2025-08-01 10:44:55 AM,384.5,86,33067.0,168423584.10000008
2025-08-01 10:45:15 AM,384.75,0,0.0,168423584.10000008
2025-08-01 10:45:15 AM,384.75,2,769.5,168424353.60000008
2025-08-01 10:45:16 AM,384.45,0,0.0,168424353.60000008
2025-08-01 10:45:18 AM,384.45,10,3844.5,168428198.10000008
2025-08-01 10:45:23 AM,384.7,2,769.4,168428967.5000001
2025-08-01 10:45:31 AM,384.7,5,1923.5,168430891.0000001
2025-08-01 10:45:45 AM,384.45,5,1922.25,168432813.2500001
2025-08-01 10:45:52 AM,384.45,2,768.9,168433582.1500001
2025-08-01 10:45:55 AM,384.45,30,11533.5,168445115.6500001
2025-08-01 10:45:57 AM,384.95,0,0.0,168445115.6500001
2025-08-01 10:45:57 AM,384.95,500,192475.0,168637590.6500001
2025-08-01 10:46:18 AM,384.75,0,0.0,168637590.6500001
2025-08-01 10:46:18 AM,384.75,60,23085.0,168660675.6500001
2025-08-01 10:46:25 AM,384.45,0,0.0,168660675.6500001
2025-08-01 10:46:26 AM,384.45,2,768.9,168661444.5500001
2025-08-01 10:46:47 AM,383.75,14175,5439656.25,174101100.8000001
2025-08-01 10:47:08 AM,383.75,260,99775.0,174200875.8000001
2025-08-01 10:47:13 AM,383.55,0,0.0,174200875.8000001
2025-08-01 10:47:13 AM,383.55,500,191775.0,174392650.8000001
2025-08-01 10:47:20 AM,383.55,20,7671.0,174400321.8000001
2025-08-01 10:47:32 AM,383.55,1034,396590.7,174796912.5000001
2025-08-01 10:47:46 AM,383.55,44,16876.2,174813788.70000008
2025-08-01 10:47:53 AM,383.8,0,0.0,174813788.70000008
2025-08-01 10:47:53 AM,383.75,80,30700.0,174844488.70000008
2025-08-01 10:47:56 AM,383.85,0,0.0,174844488.70000008
2025-08-01 10:47:56 AM,383.85,110,42223.5,174886712.20000008
2025-08-01 10:48:01 AM,384.0,0,0.0,174886712.20000008
2025-08-01 10:48:02 AM,384.0,25000,9600000.0,184486712.20000008
2025-08-01 10:48:04 AM,384.0,5000,1920000.0,186406712.20000008
2025-08-01 10:48:10 AM,384.0,3402,1306368.0,187713080.20000008
2025-08-01 10:48:15 AM,383.9,0,0.0,187713080.20000008
2025-08-01 10:48:15 AM,383.9,62,23801.8,187736882.0000001
2025-08-01 10:48:16 AM,383.8,0,0.0,187736882.0000001
2025-08-01 10:48:18 AM,383.8,1,383.8,187737265.8000001
2025-08-01 10:48:44 AM,383.5,0,0.0,187737265.8000001
2025-08-01 10:48:46 AM,383.5,151,57908.5,187795174.3000001
2025-08-01 10:49:08 AM,383.25,272,104244.0,187899418.3000001
2025-08-01 10:49:12 AM,383.45,0,0.0,187899418.3000001
2025-08-01 10:49:13 AM,383.45,50,19172.5,187918590.8000001
2025-08-01 10:49:18 AM,383.45,30,11503.5,187930094.3000001
2025-08-01 10:49:20 AM,383.45,78,29909.1,187960003.4000001
2025-08-01 10:49:23 AM,383.0,0,0.0,187960003.4000001
2025-08-01 10:49:23 AM,383.0,5153,1973599.0,189933602.4000001
2025-08-01 10:49:30 AM,383.3,0,0.0,189933602.4000001
2025-08-01 10:49:30 AM,383.3,10,3833.0,189937435.4000001
2025-08-01 10:49:34 AM,383.3,190,72827.0,190010262.4000001
2025-08-01 10:49:36 AM,383.35,35,13417.25,190023679.6500001
2025-08-01 10:49:40 AM,383.35,60,23001.0,190046680.6500001
2025-08-01 10:49:45 AM,383.35,136,52135.600000000006,190098816.2500001
2025-08-01 10:49:46 AM,383.35,30,11500.5,190110316.7500001
2025-08-01 10:49:48 AM,383.4,0,0.0,190110316.7500001
2025-08-01 10:49:50 AM,383.4,202,77446.79999999999,190187763.5500001
2025-08-01 10:49:51 AM,383.4,50,19170.0,190206933.5500001
2025-08-01 10:49:53 AM,383.75,0,0.0,190206933.5500001
2025-08-01 10:49:55 AM,383.8,0,0.0,190206933.5500001
2025-08-01 10:49:55 AM,383.8,260530,99991414.0,290198347.5500001
2025-08-01 10:49:56 AM,383.8,317,121664.6,290320012.1500001
2025-08-01 10:50:00 AM,383.7,0,0.0,290320012.1500001
2025-08-01 10:50:01 AM,383.7,950,364515.0,290684527.1500001
2025-08-01 10:50:02 AM,383.7,30,11511.0,290696038.1500001
2025-08-01 10:50:06 AM,383.65,0,0.0,290696038.1500001
2025-08-01 10:50:07 AM,383.65,320,122768.0,290818806.1500001
2025-08-01 10:50:08 AM,383.65,50,19182.5,290837988.6500001
2025-08-01 10:50:12 AM,383.65,220,84403.0,290922391.6500001
2025-08-01 10:50:13 AM,383.65,60,23019.0,290945410.6500001
2025-08-01 10:50:16 AM,383.7,0,0.0,290945410.6500001
2025-08-01 10:50:18 AM,383.7,1150,441255.0,291386665.6500001
2025-08-01 10:50:19 AM,383.7,50,19185.0,291405850.6500001
2025-08-01 10:50:23 AM,383.7,180,69066.0,291474916.6500001
2025-08-01 10:50:24 AM,383.45,0,0.0,291474916.6500001
2025-08-01 10:50:24 AM,383.45,235,90110.75,291565027.4000001
2025-08-01 10:50:25 AM,383.5,0,0.0,291565027.4000001
2025-08-01 10:50:26 AM,383.55,0,0.0,291565027.4000001
2025-08-01 10:50:27 AM,383.75,0,0.0,291565027.4000001
2025-08-01 10:50:28 AM,383.7,0,0.0,291565027.4000001
2025-08-01 10:50:29 AM,383.7,260541,99969581.7,391534609.1000001
2025-08-01 10:50:30 AM,383.7,60,23022.0,391557631.1000001
2025-08-01 10:50:34 AM,383.7,180,69066.0,391626697.1000001
2025-08-01 10:50:35 AM,383.65,555,212925.75,391839622.8500001
2025-08-01 10:50:38 AM,383.7,0,0.0,391839622.8500001
2025-08-01 10:50:40 AM,383.7,1010,387537.0,392227159.8500001
2025-08-01 10:50:41 AM,383.7,30,11511.0,392238670.8500001
2025-08-01 10:50:42 AM,383.65,0,0.0,392238670.8500001
2025-08-01 10:50:44 AM,383.7,0,0.0,392238670.8500001
2025-08-01 10:50:45 AM,383.65,0,0.0,392238670.8500001
2025-08-01 10:50:46 AM,383.65,420,161133.0,392399803.8500001
2025-08-01 10:50:46 AM,383.65,10,3836.5,392403640.3500001
2025-08-01 10:50:52 AM,383.65,568,217913.19999999998,392621553.5500001
2025-08-01 10:50:52 AM,383.65,30,11509.5,392633063.0500001
2025-08-01 10:50:56 AM,383.7,0,0.0,392633063.0500001
2025-08-01 10:50:57 AM,383.75,0,0.0,392633063.0500001
2025-08-01 10:50:57 AM,383.75,262411,100700221.25,493333284.3000001
2025-08-01 10:50:58 AM,383.75,20,7675.0,493340959.3000001
2025-08-01 10:51:01 AM,383.7,0,0.0,493340959.3000001
2025-08-01 10:51:03 AM,383.8,1337,513140.60000000003,493854099.9000001
2025-08-01 10:51:03 AM,383.8,20,7676.0,493861775.9000001
2025-08-01 10:51:04 AM,383.85,0,0.0,493861775.9000001
2025-08-01 10:51:09 AM,383.85,450,172732.5,494034508.4000001
2025-08-01 10:51:09 AM,383.85,10,3838.5,494038346.9000001
2025-08-01 10:51:14 AM,383.85,210,80608.5,494118955.4000001
2025-08-01 10:51:14 AM,383.85,10,3838.5,494122793.9000001
2025-08-01 10:51:20 AM,383.85,300,115155.0,494237948.9000001
2025-08-01 10:51:23 AM,383.9,0,0.0,494237948.9000001
2025-08-01 10:51:25 AM,383.85,0,0.0,494237948.9000001
2025-08-01 10:51:25 AM,383.9,263936,101325030.39999999,595562979.3000001
2025-08-01 10:51:25 AM,383.9,10,3839.0,595566818.3000001
2025-08-01 10:51:30 AM,383.95,260,99827.0,595666645.3000001
2025-08-01 10:51:35 AM,383.9,0,0.0,595666645.3000001
2025-08-01 10:51:36 AM,383.9,241,92519.9,595759165.2
2025-08-01 10:51:41 AM,384.0,0,0.0,595759165.2
2025-08-01 10:51:42 AM,384.0,2750,1056000.0,596815165.2
2025-08-01 10:51:51 AM,383.95,0,0.0,596815165.2
2025-08-01 10:51:53 AM,383.95,300,115185.0,596930350.2
2025-08-01 10:51:55 AM,384.0,0,0.0,596930350.2
2025-08-01 10:51:57 AM,383.95,0,0.0,596930350.2
2025-08-01 10:51:58 AM,383.95,2000,767900.0,597698250.2
2025-08-01 10:51:58 AM,383.95,407,156267.65,597854517.85
2025-08-01 10:52:03 AM,383.95,303,116336.84999999999,597970854.7
2025-08-01 10:52:06 AM,384.0,0,0.0,597970854.7
2025-08-01 10:52:07 AM,383.95,0,0.0,597970854.7
2025-08-01 10:52:08 AM,384.0,0,0.0,597970854.7
2025-08-01 10:52:08 AM,384.0,2000,768000.0,598738854.7
2025-08-01 10:52:09 AM,383.95,1200,460740.0,599199594.7
2025-08-01 10:52:09 AM,384.0,0,0.0,599199594.7
2025-08-01 10:52:14 AM,384.0,9500,3648000.0,602847594.7
2025-08-01 10:52:15 AM,384.0,1000,384000.0,603231594.7
2025-08-01 10:52:15 AM,383.95,0,0.0,603231594.7
2025-08-01 10:52:15 AM,384.0,0,0.0,603231594.7
2025-08-01 10:52:19 AM,383.85,0,0.0,603231594.7
2025-08-01 10:52:19 AM,384.0,0,0.0,603231594.7
2025-08-01 10:52:19 AM,384.0,9711,3729024.0,606960618.7
2025-08-01 10:52:20 AM,384.0,1700,652800.0,607613418.7
2025-08-01 10:52:25 AM,384.0,9800,3763200.0,611376618.7
2025-08-01 10:52:26 AM,384.0,1000,384000.0,611760618.7
2025-08-01 10:52:30 AM,384.0,9378,3601152.0,615361770.7
2025-08-01 10:52:31 AM,384.0,900,345600.0,615707370.7
2025-08-01 10:52:35 AM,384.0,2700,1036800.0,616744170.7
2025-08-01 10:52:36 AM,384.0,603,231552.0,616975722.7
2025-08-01 10:52:39 AM,383.8,0,0.0,616975722.7
2025-08-01 10:52:41 AM,383.8,2661,1021291.8,617997014.5
2025-08-01 10:52:43 AM,384.05,0,0.0,617997014.5
2025-08-01 10:52:46 AM,384.05,36551,14037411.55,632034426.05
2025-08-01 10:52:47 AM,384.05,18,6912.900000000001,632041338.9499999
2025-08-01 10:52:51 AM,384.05,2652,1018500.6,633059839.55
2025-08-01 10:53:01 AM,384.0,0,0.0,633059839.55
2025-08-01 10:53:02 AM,384.0,5,1920.0,633061759.55
2025-08-01 10:53:05 AM,383.7,0,0.0,633061759.55
2025-08-01 10:53:07 AM,383.7,327,125469.9,633187229.4499999
2025-08-01 10:53:33 AM,383.6,0,0.0,633187229.4499999
2025-08-01 10:53:34 AM,383.6,215,82474.0,633269703.4499999
2025-08-01 10:53:43 AM,383.9,0,0.0,633269703.4499999
2025-08-01 10:53:45 AM,383.9,1000,383900.0,633653603.4499999
2025-08-01 10:53:57 AM,383.95,0,0.0,633653603.4499999
2025-08-01 10:54:00 AM,383.8,65,24947.0,633678550.4499999
2025-08-01 10:54:03 AM,384.0,0,0.0,633678550.4499999
2025-08-01 10:54:06 AM,384.0,50,19200.0,633697750.4499999
2025-08-01 10:54:09 AM,383.95,0,0.0,633697750.4499999
2025-08-01 10:54:11 AM,383.95,50,19197.5,633716947.9499999
2025-08-01 10:54:15 AM,383.9,0,0.0,633716947.9499999
2025-08-01 10:54:17 AM,384.0,0,0.0,633716947.9499999
2025-08-01 10:54:17 AM,384.0,150,57600.0,633774547.9499999
2025-08-01 10:54:18 AM,384.0,100,38400.0,633812947.9499999
2025-08-01 10:54:25 AM,383.8,0,0.0,633812947.9499999
2025-08-01 10:54:27 AM,383.8,15,5757.0,633818704.9499999
2025-08-01 10:54:31 AM,383.9,0,0.0,633818704.9499999
2025-08-01 10:54:33 AM,383.9,37,14204.3,633832909.2499999
2025-08-01 10:55:04 AM,383.7,3,1151.1,633834060.3499999
2025-08-01 10:55:09 AM,384.0,0,0.0,633834060.3499999
2025-08-01 10:55:09 AM,384.0,7209,2768256.0,636602316.3499999
2025-08-01 10:55:13 AM,384.05,0,0.0,636602316.3499999
2025-08-01 10:55:14 AM,384.05,1048,402484.4,637004800.7499999
2025-08-01 10:55:17 AM,384.0,0,0.0,637004800.7499999
2025-08-01 10:55:19 AM,383.9,0,0.0,637004800.7499999
2025-08-01 10:55:20 AM,383.9,95304,36587205.6,673592006.3499999
2025-08-01 10:55:23 AM,383.85,0,0.0,673592006.3499999
2025-08-01 10:55:26 AM,383.85,436,167358.6,673759364.9499999
2025-08-01 10:55:53 AM,383.9,0,0.0,673759364.9499999
2025-08-01 10:55:53 AM,383.9,53,20346.699999999997,673779711.65
2025-08-01 10:55:54 AM,383.9,8,3071.2,673782782.85
2025-08-01 10:56:03 AM,383.9,3,1151.6999999999998,673783934.5500001
2025-08-01 10:56:07 AM,383.65,0,0.0,673783934.5500001
2025-08-01 10:56:08 AM,383.65,2,767.3,673784701.85
2025-08-01 10:56:29 AM,383.35,0,0.0,673784701.85
2025-08-01 10:56:30 AM,383.35,1000,383350.0,674168051.85
2025-08-01 10:56:41 AM,383.3,0,0.0,674168051.85
2025-08-01 10:56:42 AM,383.3,1000,383300.0,674551351.85
2025-08-01 10:56:47 AM,383.75,0,0.0,674551351.85
2025-08-01 10:56:47 AM,383.75,20,7675.0,674559026.85
2025-08-01 10:56:51 AM,383.4,0,0.0,674559026.85
2025-08-01 10:56:51 AM,383.4,92,35272.799999999996,674594299.65
2025-08-01 10:57:06 AM,383.4,31,11885.4,674606185.05
2025-08-01 10:57:09 AM,383.3,0,0.0,674606185.05
2025-08-01 10:57:09 AM,383.25,0,0.0,674606185.05
2025-08-01 10:57:12 AM,383.25,375,143718.75,674749903.8
2025-08-01 10:57:15 AM,383.3,0,0.0,674749903.8
2025-08-01 10:57:17 AM,383.3,52,19931.600000000002,674769835.4
2025-08-01 10:57:18 AM,383.1,398,152473.80000000002,674922309.1999999
2025-08-01 10:57:21 AM,383.4,0,0.0,674922309.1999999
2025-08-01 10:57:22 AM,383.4,278,106585.2,675028894.4
2025-08-01 10:57:33 AM,383.45,0,0.0,675028894.4
2025-08-01 10:57:33 AM,383.45,20,7669.0,675036563.4
2025-08-01 10:57:57 AM,383.35,0,0.0,675036563.4
2025-08-01 10:57:59 AM,384.25,0,0.0,675036563.4
2025-08-01 10:57:59 AM,384.25,3222,1238053.5,676274616.9
2025-08-01 10:58:01 AM,383.65,0,0.0,676274616.9
2025-08-01 10:58:05 AM,383.65,29190,11198743.5,687473360.4
2025-08-01 10:58:07 AM,383.4,0,0.0,687473360.4
2025-08-01 10:58:10 AM,383.4,5,1917.0,687475277.4
2025-08-01 10:58:15 AM,383.5,0,0.0,687475277.4
2025-08-01 10:58:15 AM,383.5,225,86287.5,687561564.9
2025-08-01 10:58:23 AM,383.35,0,0.0,687561564.9
2025-08-01 10:58:26 AM,383.35,128,49068.8,687610633.6999999
2025-08-01 10:58:29 AM,383.15,0,0.0,687610633.6999999
2025-08-01 10:58:32 AM,383.15,133,50958.95,687661592.65
2025-08-01 10:58:43 AM,383.15,50,19157.5,687680750.15
2025-08-01 10:59:19 AM,383.2,0,0.0,687680750.15
2025-08-01 10:59:19 AM,383.2,50,19160.0,687699910.15
2025-08-01 10:59:24 AM,383.25,1,383.25,687700293.4
2025-08-01 11:00:01 AM,383.3,0,0.0,687700293.4
2025-08-01 11:00:02 AM,383.3,100,38330.0,687738623.4
2025-08-01 11:00:14 AM,383.3,100,38330.0,687776953.4
2025-08-01 11:00:21 AM,384.05,0,0.0,687776953.4
2025-08-01 11:00:25 AM,384.05,8544,3281323.2,691058276.6
2025-08-01 11:00:26 AM,383.75,0,0.0,691058276.6
2025-08-01 11:00:30 AM,383.85,0,0.0,691058276.6
2025-08-01 11:00:31 AM,383.85,2511,963847.3500000001,692022123.95
2025-08-01 11:00:46 AM,383.85,31,11899.35,692034023.3000001
2025-08-01 11:01:02 AM,383.6,0,0.0,692034023.3000001
2025-08-01 11:01:02 AM,383.6,11,4219.6,692038242.9000001
2025-08-01 11:01:13 AM,383.8,108,41450.4,692079693.3000001
2025-08-01 11:01:24 AM,383.8,80,30704.0,692110397.3000001
2025-08-01 11:01:39 AM,383.8,52,19957.600000000002,692130354.9000001
2025-08-01 11:01:42 AM,383.75,0,0.0,692130354.9000001
2025-08-01 11:01:44 AM,384.0,0,0.0,692130354.9000001
2025-08-01 11:01:44 AM,384.0,1201,461184.0,692591538.9000001
2025-08-01 11:01:50 AM,383.55,78,29916.9,692621455.8000001
2025-08-01 11:02:06 AM,383.85,0,0.0,692621455.8000001
2025-08-01 11:02:06 AM,383.85,185,71012.25,692692468.0500001
2025-08-01 11:02:21 AM,383.85,200,76770.0,692769238.0500001
2025-08-01 11:02:36 AM,383.6,0,0.0,692769238.0500001
2025-08-01 11:02:39 AM,383.6,1,383.6,692769621.6500001
2025-08-01 11:02:58 AM,383.85,0,0.0,692769621.6500001
2025-08-01 11:02:59 AM,383.85,26,9980.1,692779601.7500001
2025-08-01 11:03:14 AM,383.55,0,0.0,692779601.7500001
2025-08-01 11:03:14 AM,383.55,10,3835.5,692783437.2500001
2025-08-01 11:03:24 AM,383.85,0,0.0,692783437.2500001
2025-08-01 11:03:25 AM,383.85,11,4222.35,692787659.6000001
2025-08-01 11:03:56 AM,383.5,0,0.0,692787659.6000001
2025-08-01 11:03:56 AM,383.5,78,29913.0,692817572.6000001
2025-08-01 11:04:10 AM,384.4,0,0.0,692817572.6000001
2025-08-01 11:04:12 AM,384.75,0,0.0,692817572.6000001
2025-08-01 11:04:12 AM,384.75,10502,4040644.5,696858217.1000001
2025-08-01 11:04:19 AM,384.5,395,151877.5,697010094.6000001
2025-08-01 11:04:22 AM,384.8,0,0.0,697010094.6000001
2025-08-01 11:04:22 AM,384.8,6,2308.8,697012403.4000001
2025-08-01 11:04:26 AM,384.6,0,0.0,697012403.4000001
2025-08-01 11:04:28 AM,384.6,1,384.6,697012788.0000001
2025-08-01 11:04:30 AM,385.0,0,0.0,697012788.0000001
2025-08-01 11:04:32 AM,385.0,3022,1163470.0,698176258.0000001
2025-08-01 11:04:35 AM,385.0,8,3080.0,698179338.0000001
2025-08-01 11:04:43 AM,385.0,5,1925.0,698181263.0000001
2025-08-01 11:04:47 AM,385.05,0,0.0,698181263.0000001
2025-08-01 11:04:48 AM,385.0,4482,1725570.0,699906833.0000001
2025-08-01 11:04:50 AM,385.35,0,0.0,699906833.0000001
2025-08-01 11:04:50 AM,385.35,2,770.7,699907603.7000002
2025-08-01 11:04:55 AM,385.35,1,385.35,699907989.0500002
2025-08-01 11:04:58 AM,385.1,0,0.0,699907989.0500002
2025-08-01 11:04:59 AM,385.1,35,13478.5,699921467.5500002
2025-08-01 11:05:00 AM,385.05,50,19252.5,699940720.0500002
2025-08-01 11:05:01 AM,385.25,0,0.0,699940720.0500002
2025-08-01 11:05:04 AM,385.25,1,385.25,699941105.3000002
2025-08-01 11:05:10 AM,385.1,1,385.1,699941490.4000002
2025-08-01 11:05:11 AM,385.15,0,0.0,699941490.4000002
2025-08-01 11:05:11 AM,385.15,106,40825.899999999994,699982316.3000002
2025-08-01 11:05:26 AM,385.15,60,23109.0,700005425.3000002
2025-08-01 11:05:27 AM,385.15,10,3851.5,700009276.8000002
2025-08-01 11:05:30 AM,384.8,0,0.0,700009276.8000002
2025-08-01 11:05:31 AM,384.8,4134,1590763.2,701600040.0000002
2025-08-01 11:05:33 AM,385.5,2500,963750.0,702563790.0000002
2025-08-01 11:05:57 AM,385.3,0,0.0,702563790.0000002
2025-08-01 11:05:58 AM,385.3,85,32750.5,702596540.5000002
2025-08-01 11:06:03 AM,385.45,0,0.0,702596540.5000002
2025-08-01 11:06:03 AM,385.45,4443,1712554.3499999999,704309094.8500003
2025-08-01 11:06:06 AM,385.8,0,0.0,704309094.8500003
2025-08-01 11:06:07 AM,385.5,0,0.0,704309094.8500003
2025-08-01 11:06:09 AM,385.5,70,26985.0,704336079.8500003
2025-08-01 11:06:10 AM,385.5,40,15420.0,704351499.8500003
2025-08-01 11:06:13 AM,385.45,0,0.0,704351499.8500003
2025-08-01 11:06:14 AM,385.45,100,38545.0,704390044.8500003
2025-08-01 11:06:16 AM,385.75,0,0.0,704390044.8500003
2025-08-01 11:06:19 AM,385.75,10,3857.5,704393902.3500003
2025-08-01 11:06:25 AM,385.75,103,39732.25,704433634.6000003
2025-08-01 11:06:27 AM,385.75,104,40118.0,704473752.6000003
2025-08-01 11:06:32 AM,385.5,102,39321.0,704513073.6000003
2025-08-01 11:06:34 AM,385.75,0,0.0,704513073.6000003
2025-08-01 11:06:34 AM,385.75,51,19673.25,704532746.8500003
2025-08-01 11:06:36 AM,385.5,0,0.0,704532746.8500003
2025-08-01 11:06:39 AM,385.5,2,771.0,704533517.8500003
2025-08-01 11:06:51 AM,385.5,39,15034.5,704548552.3500003
2025-08-01 11:06:55 AM,385.3,0,0.0,704548552.3500003
2025-08-01 11:06:56 AM,385.3,100,38530.0,704587082.3500003
2025-08-01 11:06:58 AM,385.55,0,0.0,704587082.3500003
2025-08-01 11:06:58 AM,385.55,111,42796.05,704629878.4000002
2025-08-01 11:07:16 AM,385.35,0,0.0,704629878.4000002
2025-08-01 11:07:18 AM,385.35,333,128321.55,704758199.9500002
2025-08-01 11:07:20 AM,385.05,0,0.0,704758199.9500002
2025-08-01 11:07:23 AM,385.05,174,66998.7,704825198.6500002
2025-08-01 11:07:34 AM,385.05,104,40045.200000000004,704865243.8500003
2025-08-01 11:07:46 AM,385.1,0,0.0,704865243.8500003
2025-08-01 11:07:46 AM,385.1,100,38510.0,704903753.8500003
2025-08-01 11:07:55 AM,385.0,234,90090.0,704993843.8500003
2025-08-01 11:07:57 AM,384.7,34,13079.8,705006923.6500002
2025-08-01 11:08:06 AM,384.55,0,0.0,705006923.6500002
2025-08-01 11:08:06 AM,384.55,20,7691.0,705014614.6500002
2025-08-01 11:08:11 AM,384.6,50,19230.0,705033844.6500002
2025-08-01 11:08:13 AM,384.4,30,11532.0,705045376.6500002
2025-08-01 11:08:24 AM,384.35,0,0.0,705045376.6500002
2025-08-01 11:08:27 AM,384.35,51,19601.850000000002,705064978.5000002
2025-08-01 11:08:38 AM,384.2,0,0.0,705064978.5000002
2025-08-01 11:08:39 AM,384.2,44,16904.8,705081883.3000002
2025-08-01 11:08:50 AM,384.2,2,768.4,705082651.7000002
2025-08-01 11:09:01 AM,384.35,5,1921.75,705084573.4500002
2025-08-01 11:09:09 AM,384.6,0,0.0,705084573.4500002
2025-08-01 11:09:10 AM,384.25,553,212490.25,705297063.7000002
2025-08-01 11:09:11 AM,384.0,0,0.0,705297063.7000002
2025-08-01 11:09:13 AM,384.0,1080,414720.0,705711783.7000002
2025-08-01 11:09:37 AM,384.1,0,0.0,705711783.7000002
2025-08-01 11:09:38 AM,384.1,10,3841.0,705715624.7000002
2025-08-01 11:09:59 AM,384.1,25,9602.5,705725227.2000002
2025-08-01 11:10:01 AM,384.1,10,3841.0,705729068.2000002
2025-08-01 11:10:31 AM,384.1,411,157865.1,705886933.3000002
2025-08-01 11:10:53 AM,384.2,0,0.0,705886933.3000002
2025-08-01 11:10:53 AM,384.2,25,9605.0,705896538.3000002
2025-08-01 11:11:05 AM,384.2,2,768.4,705897306.7000002
2025-08-01 11:11:10 AM,384.2,1,384.2,705897690.9000002
2025-08-01 11:11:19 AM,384.0,0,0.0,705897690.9000002
2025-08-01 11:11:21 AM,384.0,25,9600.0,705907290.9000002
2025-08-01 11:11:32 AM,384.0,50,19200.0,705926490.9000002
2025-08-01 11:11:43 AM,384.35,0,0.0,705926490.9000002
2025-08-01 11:11:43 AM,384.35,50,19217.5,705945708.4000002
2025-08-01 11:12:17 AM,384.0,0,0.0,705945708.4000002
2025-08-01 11:12:20 AM,383.3,8100,3104730.0,709050438.4000002
2025-08-01 11:12:33 AM,383.7,0,0.0,709050438.4000002
2025-08-01 11:12:35 AM,383.6,0,0.0,709050438.4000002
2025-08-01 11:12:36 AM,383.6,33,12658.800000000001,709063097.2000002
2025-08-01 11:12:39 AM,383.65,0,0.0,709063097.2000002
2025-08-01 11:12:42 AM,383.65,3,1150.9499999999998,709064248.1500002
2025-08-01 11:12:49 AM,384.0,0,0.0,709064248.1500002
2025-08-01 11:12:51 AM,384.0,100,38400.0,709102648.1500002
2025-08-01 11:13:29 AM,383.85,10,3838.5,709106486.6500002
2025-08-01 11:13:35 AM,383.85,1,383.85,709106870.5000002
2025-08-01 11:13:37 AM,383.85,1,383.85,709107254.3500003
2025-08-01 11:14:13 AM,383.8,3,1151.4,709108405.7500002
2025-08-01 11:14:18 AM,383.7,0,0.0,709108405.7500002
2025-08-01 11:14:18 AM,383.7,638,244800.6,709353206.3500003
2025-08-01 11:14:23 AM,383.65,10,3836.5,709357042.8500003
2025-08-01 11:14:25 AM,383.65,50,19182.5,709376225.3500003
2025-08-01 11:14:36 AM,383.65,15,5754.75,709381980.1000003
2025-08-01 11:14:41 AM,383.65,15,5754.75,709387734.8500003
2025-08-01 11:14:44 AM,384.0,0,0.0,709387734.8500003
2025-08-01 11:14:45 AM,384.0,2125,816000.0,710203734.8500003
2025-08-01 11:14:50 AM,384.0,2,768.0,710204502.8500003
2025-08-01 11:14:52 AM,384.0,28,10752.0,710215254.8500003
2025-08-01 11:15:01 AM,384.15,44,16902.6,710232157.4500003
2025-08-01 11:15:12 AM,384.15,180,69147.0,710301304.4500003
2025-08-01 11:15:18 AM,384.0,4027,1546368.0,711847672.4500003
2025-08-01 11:15:33 AM,384.0,50,19200.0,711866872.4500003
2025-08-01 11:15:49 AM,384.0,80,30720.0,711897592.4500003
2025-08-01 11:15:52 AM,384.15,0,0.0,711897592.4500003
2025-08-01 11:15:52 AM,384.2,0,0.0,711897592.4500003
2025-08-01 11:15:54 AM,384.2,680,261256.0,712158848.4500003
2025-08-01 11:15:58 AM,384.5,0,0.0,712158848.4500003
2025-08-01 11:15:59 AM,384.5,1223,470243.5,712629091.9500003
2025-08-01 11:16:02 AM,384.7,0,0.0,712629091.9500003
2025-08-01 11:16:04 AM,384.7,162,62321.4,712691413.3500003
2025-08-01 11:16:08 AM,385.0,0,0.0,712691413.3500003
2025-08-01 11:16:09 AM,385.0,7208,2775080.0,715466493.3500003
2025-08-01 11:16:14 AM,384.95,0,0.0,715466493.3500003
2025-08-01 11:16:15 AM,384.95,200,76990.0,715543483.3500003
2025-08-01 11:16:21 AM,384.95,32,12318.4,715555801.7500002
2025-08-01 11:16:31 AM,384.95,109,41959.549999999996,715597761.3000002
2025-08-01 11:16:34 AM,385.0,0,0.0,715597761.3000002
2025-08-01 11:16:36 AM,385.0,699,269115.0,715866876.3000002
2025-08-01 11:16:40 AM,385.2,0,0.0,715866876.3000002
2025-08-01 11:16:41 AM,385.2,1130,435276.0,716302152.3000002
2025-08-01 11:16:44 AM,385.1,0,0.0,716302152.3000002
2025-08-01 11:16:46 AM,385.1,10,3851.0,716306003.3000002
2025-08-01 11:16:48 AM,385.35,0,0.0,716306003.3000002
2025-08-01 11:16:50 AM,385.2,0,0.0,716306003.3000002
2025-08-01 11:16:52 AM,385.2,207,79736.4,716385739.7000002
2025-08-01 11:16:52 AM,385.25,0,0.0,716385739.7000002
2025-08-01 11:16:53 AM,385.25,1012,389873.0,716775612.7000002
2025-08-01 11:16:57 AM,385.45,121,46639.45,716822252.1500002
2025-08-01 11:16:58 AM,385.3,0,0.0,716822252.1500002
2025-08-01 11:16:59 AM,385.3,130,50089.0,716872341.1500002
2025-08-01 11:17:02 AM,385.2,0,0.0,716872341.1500002
2025-08-01 11:17:02 AM,385.2,90,34668.0,716907009.1500002
2025-08-01 11:17:12 AM,385.7,0,0.0,716907009.1500002
2025-08-01 11:17:13 AM,385.7,2500,964250.0,717871259.1500002
2025-08-01 11:17:22 AM,385.65,0,0.0,717871259.1500002
2025-08-01 11:17:24 AM,385.7,561,216377.69999999998,718087636.8500003
2025-08-01 11:17:26 AM,385.7,432,166622.4,718254259.2500002
2025-08-01 11:17:28 AM,385.95,0,0.0,718254259.2500002
2025-08-01 11:17:29 AM,385.95,2000,771900.0,719026159.2500002
2025-08-01 11:17:34 AM,385.95,2008,774987.6,719801146.8500003
2025-08-01 11:17:38 AM,385.45,0,0.0,719801146.8500003
2025-08-01 11:17:40 AM,385.55,3776,1455836.8,721256983.6500002
2025-08-01 11:17:46 AM,385.6,0,0.0,721256983.6500002
2025-08-01 11:17:47 AM,385.6,2510,967856.0,722224839.6500002
2025-08-01 11:17:52 AM,385.95,0,0.0,722224839.6500002
2025-08-01 11:17:52 AM,385.95,318,122732.09999999999,722347571.7500002
2025-08-01 11:17:54 AM,385.7,0,0.0,722347571.7500002
2025-08-01 11:17:56 AM,385.7,100,38570.0,722386141.7500002
2025-08-01 11:18:02 AM,385.65,0,0.0,722386141.7500002
2025-08-01 11:18:02 AM,385.65,31,11955.15,722398096.9000002
2025-08-01 11:18:06 AM,386.0,0,0.0,722398096.9000002
2025-08-01 11:18:06 AM,386.0,2010,775860.0,723173956.9000002
2025-08-01 11:18:08 AM,386.0,120,46320.0,723220276.9000002
2025-08-01 11:18:11 AM,385.8,0,0.0,723220276.9000002
2025-08-01 11:18:12 AM,385.6,64,24678.4,723244955.3000002
2025-08-01 11:18:14 AM,385.95,500,192975.0,723437930.3000002
2025-08-01 11:18:26 AM,385.9,0,0.0,723437930.3000002
2025-08-01 11:18:28 AM,385.6,0,0.0,723437930.3000002
2025-08-01 11:18:28 AM,385.6,188,72492.8,723510423.1000001
2025-08-01 11:18:30 AM,385.3,0,0.0,723510423.1000001
2025-08-01 11:18:30 AM,385.3,740,285122.0,723795545.1000001
2025-08-01 11:18:34 AM,385.5,0,0.0,723795545.1000001
2025-08-01 11:18:34 AM,385.5,778,299919.0,724095464.1000001
2025-08-01 11:18:40 AM,385.35,0,0.0,724095464.1000001
2025-08-01 11:18:40 AM,385.35,1,385.35,724095849.4500002
2025-08-01 11:18:42 AM,385.3,0,0.0,724095849.4500002
2025-08-01 11:18:46 AM,384.85,1237,476059.45,724571908.9000002
2025-08-01 11:18:50 AM,384.7,0,0.0,724571908.9000002
2025-08-01 11:18:52 AM,384.7,200,76940.0,724648848.9000002
2025-08-01 11:18:52 AM,384.7,10,3847.0,724652695.9000002
2025-08-01 11:19:03 AM,384.85,339,130464.15000000001,724783160.0500002
2025-08-01 11:19:05 AM,385.05,0,0.0,724783160.0500002
2025-08-01 11:19:09 AM,385.45,614,236666.3,725019826.3500001
2025-08-01 11:19:12 AM,385.25,0,0.0,725019826.3500001
2025-08-01 11:19:15 AM,385.45,1202,463310.89999999997,725483137.2500001
2025-08-01 11:19:20 AM,385.45,1558,600531.1,726083668.3500001
2025-08-01 11:19:25 AM,385.75,0,0.0,726083668.3500001
2025-08-01 11:19:26 AM,385.75,552,212934.0,726296602.3500001
2025-08-01 11:19:27 AM,385.6,0,0.0,726296602.3500001
2025-08-01 11:19:29 AM,385.25,0,0.0,726296602.3500001
2025-08-01 11:19:31 AM,385.3,239,92086.7,726388689.0500002
2025-08-01 11:19:32 AM,385.4,0,0.0,726388689.0500002
2025-08-01 11:19:34 AM,385.2,0,0.0,726388689.0500002
2025-08-01 11:19:35 AM,385.75,0,0.0,726388689.0500002
2025-08-01 11:19:36 AM,385.75,3846,1483594.5,727872283.5500002
2025-08-01 11:19:40 AM,385.65,0,0.0,727872283.5500002
2025-08-01 11:19:42 AM,385.65,4712,1817182.7999999998,729689466.3500001
2025-08-01 11:19:42 AM,385.5,38,14649.0,729704115.3500001
2025-08-01 11:19:47 AM,385.8,0,0.0,729704115.3500001
2025-08-01 11:19:47 AM,385.8,839,323686.2,730027801.5500002
2025-08-01 11:19:49 AM,385.55,0,0.0,730027801.5500002
2025-08-01 11:19:52 AM,385.9,0,0.0,730027801.5500002
2025-08-01 11:19:52 AM,385.9,1009,389373.1,730417174.6500002
2025-08-01 11:19:56 AM,385.75,0,0.0,730417174.6500002
2025-08-01 11:19:58 AM,385.9,221,85283.9,730502458.5500002
2025-08-01 11:20:01 AM,385.95,0,0.0,730502458.5500002
2025-08-01 11:20:03 AM,385.95,273,105364.34999999999,730607822.9000002
2025-08-01 11:20:07 AM,385.6,0,0.0,730607822.9000002
2025-08-01 11:20:08 AM,385.6,1000,385600.0,730993422.9000002
2025-08-01 11:20:10 AM,385.95,0,0.0,730993422.9000002
2025-08-01 11:20:12 AM,385.7,0,0.0,730993422.9000002
2025-08-01 11:20:14 AM,385.7,987,380685.89999999997,731374108.8000002
2025-08-01 11:20:17 AM,385.95,0,0.0,731374108.8000002
2025-08-01 11:20:19 AM,385.95,1742,672324.9,732046433.7000002
2025-08-01 11:20:19 AM,385.95,200,77190.0,732123623.7000002
2025-08-01 11:20:22 AM,385.8,0,0.0,732123623.7000002
2025-08-01 11:20:23 AM,385.85,0,0.0,732123623.7000002
2025-08-01 11:20:24 AM,385.9,3093,1193588.7,733317212.4000002
2025-08-01 11:20:25 AM,385.85,100,38585.0,733355797.4000002
2025-08-01 11:20:25 AM,385.9,0,0.0,733355797.4000002
2025-08-01 11:20:28 AM,385.95,0,0.0,733355797.4000002
2025-08-01 11:20:29 AM,385.75,0,0.0,733355797.4000002
2025-08-01 11:20:30 AM,385.75,2848,1098616.0,734454413.4000002
2025-08-01 11:20:31 AM,385.85,0,0.0,734454413.4000002
2025-08-01 11:20:32 AM,385.7,0,0.0,734454413.4000002
2025-08-01 11:20:33 AM,385.85,0,0.0,734454413.4000002
2025-08-01 11:20:34 AM,385.9,0,0.0,734454413.4000002
2025-08-01 11:20:35 AM,385.8,1031,397759.8,734852173.2000002
2025-08-01 11:20:39 AM,385.85,0,0.0,734852173.2000002
2025-08-01 11:20:40 AM,385.85,766,295561.10000000003,735147734.3000002
2025-08-01 11:20:41 AM,385.75,0,0.0,735147734.3000002
2025-08-01 11:20:42 AM,385.85,0,0.0,735147734.3000002
2025-08-01 11:20:43 AM,385.75,0,0.0,735147734.3000002
2025-08-01 11:20:44 AM,385.85,0,0.0,735147734.3000002
2025-08-01 11:20:45 AM,385.85,848,327200.80000000005,735474935.1000001
2025-08-01 11:20:46 AM,385.9,0,0.0,735474935.1000001
2025-08-01 11:20:47 AM,385.75,0,0.0,735474935.1000001
2025-08-01 11:20:48 AM,385.95,0,0.0,735474935.1000001
2025-08-01 11:20:49 AM,385.85,0,0.0,735474935.1000001
2025-08-01 11:20:50 AM,385.85,2290,883596.5,736358531.6000001
2025-08-01 11:20:51 AM,385.55,0,0.0,736358531.6000001
2025-08-01 11:20:52 AM,385.75,0,0.0,736358531.6000001
2025-08-01 11:20:54 AM,385.55,0,0.0,736358531.6000001
2025-08-01 11:20:55 AM,385.75,0,0.0,736358531.6000001
2025-08-01 11:20:55 AM,385.75,2713,1046539.75,737405071.3500001
2025-08-01 11:20:56 AM,385.7,0,0.0,737405071.3500001
2025-08-01 11:20:57 AM,385.8,0,0.0,737405071.3500001
2025-08-01 11:20:59 AM,385.75,0,0.0,737405071.3500001
2025-08-01 11:21:00 AM,385.8,22896,8833276.8,746238348.1500001
2025-08-01 11:21:01 AM,385.75,0,0.0,746238348.1500001
2025-08-01 11:21:03 AM,385.8,0,0.0,746238348.1500001
2025-08-01 11:21:04 AM,385.75,0,0.0,746238348.1500001
2025-08-01 11:21:05 AM,385.8,0,0.0,746238348.1500001
2025-08-01 11:21:06 AM,385.8,1855,715659.0,746954007.1500001
2025-08-01 11:21:07 AM,385.75,0,0.0,746954007.1500001
2025-08-01 11:21:08 AM,385.8,0,0.0,746954007.1500001
2025-08-01 11:21:09 AM,385.5,0,0.0,746954007.1500001
2025-08-01 11:21:10 AM,385.75,0,0.0,746954007.1500001
2025-08-01 11:21:11 AM,385.7,0,0.0,746954007.1500001
2025-08-01 11:21:11 AM,385.7,5692,2195404.4,749149411.5500001
2025-08-01 11:21:12 AM,385.8,0,0.0,749149411.5500001
2025-08-01 11:21:15 AM,385.7,0,0.0,749149411.5500001
2025-08-01 11:21:16 AM,385.8,4059,1565962.2,750715373.7500001
2025-08-01 11:21:20 AM,385.85,0,0.0,750715373.7500001
2025-08-01 11:21:22 AM,385.85,686,264693.10000000003,750980066.8500001
2025-08-01 11:21:26 AM,385.9,0,0.0,750980066.8500001
2025-08-01 11:21:27 AM,385.9,1494,576534.6,751556601.4500002
2025-08-01 11:21:29 AM,385.95,0,0.0,751556601.4500002
2025-08-01 11:21:31 AM,385.9,0,0.0,751556601.4500002
2025-08-01 11:21:32 AM,385.9,1651,637120.8999999999,752193722.3500001
2025-08-01 11:21:34 AM,385.95,0,0.0,752193722.3500001
2025-08-01 11:21:38 AM,385.95,4200,1620990.0,753814712.3500001
2025-08-01 11:21:39 AM,386.2,0,0.0,753814712.3500001
2025-08-01 11:21:42 AM,386.55,0,0.0,753814712.3500001
2025-08-01 11:21:43 AM,386.4,37340,14428176.0,768242888.3500001
2025-08-01 11:21:46 AM,385.7,0,0.0,768242888.3500001
2025-08-01 11:21:47 AM,385.4,0,0.0,768242888.3500001
2025-08-01 11:21:48 AM,385.45,36344,14008794.799999999,782251683.1500001
2025-08-01 11:21:48 AM,385.55,1650,636157.5,782887840.6500001
2025-08-01 11:21:50 AM,385.7,0,0.0,782887840.6500001
2025-08-01 11:21:52 AM,385.8,0,0.0,782887840.6500001
2025-08-01 11:21:53 AM,385.6,1574,606934.4,783494775.0500001
2025-08-01 11:21:53 AM,385.0,0,0.0,783494775.0500001
2025-08-01 11:21:54 AM,385.05,4371,1683053.55,785177828.6
2025-08-01 11:21:55 AM,385.2,0,0.0,785177828.6
2025-08-01 11:21:56 AM,385.25,0,0.0,785177828.6
2025-08-01 11:21:57 AM,385.05,0,0.0,785177828.6
2025-08-01 11:21:58 AM,385.05,1003,386205.15,785564033.75
2025-08-01 11:21:59 AM,385.15,200,77030.0,785641063.75
2025-08-01 11:21:59 AM,385.25,0,0.0,785641063.75
2025-08-01 11:22:00 AM,385.2,0,0.0,785641063.75
2025-08-01 11:22:00 AM,385.2,450,173340.0,785814403.75
2025-08-01 11:22:01 AM,385.35,0,0.0,785814403.75
2025-08-01 11:22:01 AM,385.35,250,96337.5,785910741.25
2025-08-01 11:22:03 AM,385.05,676,260293.80000000002,786171035.05
2025-08-01 11:22:04 AM,385.15,0,0.0,786171035.05
2025-08-01 11:22:04 AM,385.15,150,57772.5,786228807.55
2025-08-01 11:22:04 AM,385.15,50,19257.5,786248065.05
2025-08-01 11:22:05 AM,385.2,0,0.0,786248065.05
2025-08-01 11:22:05 AM,385.2,200,77040.0,786325105.05
2025-08-01 11:22:06 AM,385.1,0,0.0,786325105.05
2025-08-01 11:22:06 AM,385.1,600,231060.0,786556165.05
2025-08-01 11:22:06 AM,385.1,50,19255.0,786575420.05
2025-08-01 11:22:07 AM,385.2,0,0.0,786575420.05
2025-08-01 11:22:07 AM,385.2,200,77040.0,786652460.05
2025-08-01 11:22:07 AM,385.2,50,19260.0,786671720.05
2025-08-01 11:22:08 AM,385.2,250,96300.0,786768020.05
2025-08-01 11:22:08 AM,385.2,50,19260.0,786787280.05
2025-08-01 11:22:09 AM,385.3,0,0.0,786787280.05
2025-08-01 11:22:09 AM,385.3,150,57795.0,786845075.05
2025-08-01 11:22:10 AM,385.2,150,57780.0,786902855.05
2025-08-01 11:22:10 AM,385.2,50,19260.0,786922115.05
2025-08-01 11:22:11 AM,386.0,10125,3908250.0,790830365.05
2025-08-01 11:22:19 AM,385.5,0,0.0,790830365.05
2025-08-01 11:22:19 AM,385.5,116,44718.0,790875083.05
2025-08-01 11:22:24 AM,385.5,1,385.5,790875468.55
2025-08-01 11:22:34 AM,385.65,0,0.0,790875468.55
2025-08-01 11:22:34 AM,385.65,2900,1118385.0,791993853.55
2025-08-01 11:22:38 AM,385.9,500,192950.0,792186803.55
2025-08-01 11:22:41 AM,385.1,0,0.0,792186803.55
2025-08-01 11:22:41 AM,385.1,3893,1499194.3,793685997.8499999
2025-08-01 11:22:42 AM,384.9,639,245951.09999999998,793931948.9499999
2025-08-01 11:22:43 AM,384.9,126,48497.399999999994,793980446.3499999
2025-08-01 11:22:45 AM,384.95,0,0.0,793980446.3499999
2025-08-01 11:22:45 AM,384.95,74,28486.3,794008932.6499999
2025-08-01 11:22:45 AM,385.05,0,0.0,794008932.6499999
2025-08-01 11:22:45 AM,385.05,15,5775.75,794014708.3999999
2025-08-01 11:22:52 AM,385.1,20,7702.0,794022410.3999999
2025-08-01 11:23:00 AM,385.3,0,0.0,794022410.3999999
2025-08-01 11:23:00 AM,385.3,25,9632.5,794032042.8999999
2025-08-01 11:23:01 AM,385.3,56,21576.8,794053619.6999998
2025-08-01 11:23:08 AM,385.3,19,7320.7,794060940.3999999
2025-08-01 11:23:12 AM,385.3,16,6164.8,794067105.1999998
2025-08-01 11:23:13 AM,385.35,50,19267.5,794086372.6999998
2025-08-01 11:23:17 AM,385.3,50,19265.0,794105637.6999998
2025-08-01 11:23:21 AM,385.1,100,38510.0,794144147.6999998
2025-08-01 11:23:21 AM,385.15,0,0.0,794144147.6999998
2025-08-01 11:23:22 AM,385.15,1310,504546.49999999994,794648694.1999998
2025-08-01 11:23:25 AM,385.45,50,19272.5,794667966.6999998
2025-08-01 11:23:25 AM,385.2,4,1540.8,794669507.4999998
2025-08-01 11:23:28 AM,385.5,50,19275.0,794688782.4999998
2025-08-01 11:23:36 AM,385.0,3346,1288210.0,795976992.4999998
2025-08-01 11:23:39 AM,384.8,0,0.0,795976992.4999998
2025-08-01 11:23:40 AM,384.8,1001,385184.8,796362177.2999997
2025-08-01 11:23:41 AM,384.7,0,0.0,796362177.2999997
2025-08-01 11:23:41 AM,384.7,1,384.7,796362561.9999998
2025-08-01 11:23:46 AM,384.7,101,38854.7,796401416.6999998
2025-08-01 11:23:52 AM,384.7,1,384.7,796401801.3999999
2025-08-01 11:23:55 AM,384.85,0,0.0,796401801.3999999
2025-08-01 11:23:55 AM,384.85,50,19242.5,796421043.8999999
2025-08-01 11:24:03 AM,384.8,10,3848.0,796424891.8999999
2025-08-01 11:24:18 AM,385.0,0,0.0,796424891.8999999
2025-08-01 11:24:18 AM,385.0,100,38500.0,796463391.8999999
2025-08-01 11:24:19 AM,384.7,11,4231.7,796467623.5999999
2025-08-01 11:24:21 AM,384.8,0,0.0,796467623.5999999
2025-08-01 11:24:22 AM,385.1,0,0.0,796467623.5999999
2025-08-01 11:24:24 AM,385.1,13,5006.3,796472629.8999999
2025-08-01 11:24:29 AM,384.85,0,0.0,796472629.8999999
2025-08-01 11:24:30 AM,384.85,2,769.7,796473399.5999999
2025-08-01 11:24:34 AM,385.0,0,0.0,796473399.5999999
2025-08-01 11:24:35 AM,385.0,50,19250.0,796492649.5999999
2025-08-01 11:24:43 AM,384.95,0,0.0,796492649.5999999
2025-08-01 11:24:45 AM,384.95,50,19247.5,796511897.0999999
2025-08-01 11:24:52 AM,385.0,0,0.0,796511897.0999999
2025-08-01 11:24:54 AM,384.8,0,0.0,796511897.0999999
2025-08-01 11:24:56 AM,384.95,0,0.0,796511897.0999999
2025-08-01 11:24:56 AM,384.95,540,207873.0,796719770.0999999
2025-08-01 11:24:57 AM,385.05,0,0.0,796719770.0999999
2025-08-01 11:25:01 AM,385.05,50,19252.5,796739022.5999999
2025-08-01 11:25:06 AM,385.0,0,0.0,796739022.5999999
2025-08-01 11:25:07 AM,385.0,150,57750.0,796796772.5999999
2025-08-01 11:25:09 AM,384.8,0,0.0,796796772.5999999
2025-08-01 11:25:11 AM,385.15,0,0.0,796796772.5999999
2025-08-01 11:25:12 AM,385.15,55,21183.25,796817955.8499999
2025-08-01 11:25:28 AM,384.9,0,0.0,796817955.8499999
2025-08-01 11:25:32 AM,384.9,63,24248.699999999997,796842204.55
2025-08-01 11:25:48 AM,384.8,0,0.0,796842204.55
2025-08-01 11:25:48 AM,384.8,1681,646848.8,797489053.3499999
2025-08-01 11:25:51 AM,384.7,0,0.0,797489053.3499999
2025-08-01 11:25:52 AM,384.6,0,0.0,797489053.3499999
2025-08-01 11:25:53 AM,384.6,569,218837.40000000002,797707890.7499999
2025-08-01 11:25:58 AM,384.7,0,0.0,797707890.7499999
2025-08-01 11:25:58 AM,384.7,1,384.7,797708275.4499999
2025-08-01 11:26:05 AM,384.9,0,0.0,797708275.4499999
2025-08-01 11:26:07 AM,384.6,0,0.0,797708275.4499999
2025-08-01 11:26:09 AM,384.6,51,19614.600000000002,797727890.05
2025-08-01 11:26:10 AM,384.65,176,67698.4,797795588.4499999
2025-08-01 11:26:24 AM,384.65,6,2307.8999999999996,797797896.3499999
2025-08-01 11:26:25 AM,384.65,2510,965471.5,798763367.8499999
2025-08-01 11:26:29 AM,384.65,37,14232.05,798777599.8999999
2025-08-01 11:26:54 AM,384.65,124,47696.6,798825296.4999999
2025-08-01 11:26:59 AM,384.5,155,59597.5,798884893.9999999
2025-08-01 11:27:03 AM,384.55,0,0.0,798884893.9999999
2025-08-01 11:27:04 AM,384.55,2,769.1,798885663.0999999
2025-08-01 11:27:25 AM,384.55,140,53837.0,798939500.0999999
2025-08-01 11:27:37 AM,384.55,46,17689.3,798957189.3999999
2025-08-01 11:28:06 AM,384.55,419,161126.45,799118315.8499999
2025-08-01 11:28:22 AM,384.55,1,384.55,799118700.3999999
2025-08-01 11:28:25 AM,384.5,0,0.0,799118700.3999999
2025-08-01 11:28:26 AM,384.55,0,0.0,799118700.3999999
2025-08-01 11:28:27 AM,384.55,98,37685.9,799156386.2999998
2025-08-01 11:28:31 AM,384.5,0,0.0,799156386.2999998
2025-08-01 11:28:32 AM,384.5,25,9612.5,799165998.7999998
2025-08-01 11:28:58 AM,384.2,0,0.0,799165998.7999998
2025-08-01 11:28:59 AM,384.2,1221,469108.2,799635106.9999999
2025-08-01 11:29:20 AM,384.1,0,0.0,799635106.9999999
2025-08-01 11:29:21 AM,384.25,0,0.0,799635106.9999999
2025-08-01 11:29:21 AM,384.25,1005,386171.25,800021278.2499999
2025-08-01 11:29:26 AM,384.45,0,0.0,800021278.2499999
2025-08-01 11:29:27 AM,384.45,50,19222.5,800040500.7499999
2025-08-01 11:29:31 AM,384.55,0,0.0,800040500.7499999
2025-08-01 11:29:32 AM,384.55,347,133438.85,800173939.5999999
2025-08-01 11:29:34 AM,384.55,130,49991.5,800223931.0999999
2025-08-01 11:29:37 AM,384.65,50,19232.5,800243163.5999999
2025-08-01 11:29:40 AM,384.7,0,0.0,800243163.5999999
2025-08-01 11:29:42 AM,384.85,0,0.0,800243163.5999999
2025-08-01 11:29:42 AM,384.85,22,8466.7,800251630.3
2025-08-01 11:29:45 AM,384.85,1,384.85,800252015.15
2025-08-01 11:29:47 AM,384.95,10,3849.5,800255864.65
2025-08-01 11:29:57 AM,385.0,500,192500.0,800448364.65
2025-08-01 11:29:59 AM,385.45,0,0.0,800448364.65
2025-08-01 11:30:00 AM,385.45,1300,501085.0,800949449.65
2025-08-01 11:30:01 AM,385.05,0,0.0,800949449.65
2025-08-01 11:30:02 AM,385.05,1,385.05,800949834.6999999
