date,price,qty,trnvr,cum_trnvr
2025-08-01 09:15:03 AM,1740.0,148,257520.0,257520.0
2025-08-01 09:15:12 AM,1740.6,0,0.0,257520.0
2025-08-01 09:15:15 AM,1740.6,313,544807.7999999999,802327.7999999999
2025-08-01 09:15:23 AM,1745.9,0,0.0,802327.7999999999
2025-08-01 09:15:25 AM,1745.9,46,80311.40000000001,882639.2
2025-08-01 09:15:28 AM,1745.8,0,0.0,882639.2
2025-08-01 09:15:33 AM,1746.2,11,19208.2,901847.3999999999
2025-08-01 09:15:35 AM,1746.0,2,3492.0,905339.3999999999
2025-08-01 09:15:41 AM,1745.0,0,0.0,905339.3999999999
2025-08-01 09:15:42 AM,1745.0,125,218125.0,1123464.4
2025-08-01 09:15:48 AM,1743.0,0,0.0,1123464.4
2025-08-01 09:15:50 AM,1743.0,20,34860.0,1158324.4
2025-08-01 09:15:52 AM,1744.8,30,52344.0,1210668.4
2025-08-01 09:15:54 AM,1743.1,0,0.0,1210668.4
2025-08-01 09:15:58 AM,1743.1,85,148163.5,1358831.9
2025-08-01 09:16:02 AM,1742.2,0,0.0,1358831.9
2025-08-01 09:16:06 AM,1742.2,85,148087.0,1506918.9
2025-08-01 09:16:14 AM,1740.8,357,621465.6,2128384.5
2025-08-01 09:16:16 AM,1740.7,20,34814.0,2163198.5
2025-08-01 09:16:23 AM,1738.7,6,10432.2,2173630.7
2025-08-01 09:16:24 AM,1739.8,1,1739.8,2175370.5
2025-08-01 09:16:31 AM,1740.8,42,73113.59999999999,2248484.1
2025-08-01 09:16:47 AM,1741.4,127,221157.80000000002,2469641.9
2025-08-01 09:17:12 AM,1741.4,2,3482.8,2473124.6999999997
2025-08-01 09:17:13 AM,1744.0,464,809216.0,3282340.6999999997
2025-08-01 09:17:23 AM,1745.2,0,0.0,3282340.6999999997
2025-08-01 09:17:28 AM,1745.2,23,40139.6,3322480.3
2025-08-01 09:17:45 AM,1743.8,1,1743.8,3324224.0999999996
2025-08-01 09:17:49 AM,1743.7,0,0.0,3324224.0999999996
2025-08-01 09:17:53 AM,1743.7,41,71491.7,3395715.8
2025-08-01 09:18:09 AM,1745.2,100,174520.0,3570235.8
2025-08-01 09:18:10 AM,1743.0,5,8715.0,3578950.8
2025-08-01 09:18:12 AM,1744.6,1,1744.6,3580695.4
2025-08-01 09:18:22 AM,1744.0,0,0.0,3580695.4
2025-08-01 09:18:23 AM,1744.0,15,26160.0,3606855.4
2025-08-01 09:18:28 AM,1745.2,128,223385.6,3830241.0
2025-08-01 09:18:49 AM,1744.6,0,0.0,3830241.0
2025-08-01 09:18:50 AM,1744.6,5,8723.0,3838964.0
2025-08-01 09:18:50 AM,1745.1,0,0.0,3838964.0
2025-08-01 09:18:51 AM,1745.1,10,17451.0,3856415.0
2025-08-01 09:18:53 AM,1745.1,2,3490.2,3859905.2
2025-08-01 09:18:56 AM,1745.0,0,0.0,3859905.2
2025-08-01 09:18:56 AM,1745.0,20,34900.0,3894805.2
2025-08-01 09:19:00 AM,1742.4,0,0.0,3894805.2
2025-08-01 09:19:00 AM,1742.4,177,308404.8,4203210.0
2025-08-01 09:19:31 AM,1742.4,50,87120.0,4290330.0
2025-08-01 09:19:33 AM,1741.9,8,13935.2,4304265.2
2025-08-01 09:19:34 AM,1740.8,0,0.0,4304265.2
2025-08-01 09:19:40 AM,1740.8,138,240230.4,4544495.600000001
2025-08-01 09:19:48 AM,1740.8,1,1740.8,4546236.4
2025-08-01 09:19:55 AM,1740.3,0,0.0,4546236.4
2025-08-01 09:19:56 AM,1740.3,203,353280.89999999997,4899517.300000001
2025-08-01 09:20:01 AM,1738.9,205,356474.5,5255991.800000001
2025-08-01 09:20:01 AM,1740.6,0,0.0,5255991.800000001
2025-08-01 09:20:01 AM,1739.1,0,0.0,5255991.800000001
2025-08-01 09:20:02 AM,1739.1,4,6956.4,5262948.200000001
2025-08-01 09:20:03 AM,1740.8,1,1740.8,5264689.000000001
2025-08-01 09:20:18 AM,1740.7,0,0.0,5264689.000000001
2025-08-01 09:20:19 AM,1740.7,50,87035.0,5351724.000000001
2025-08-01 09:20:35 AM,1740.8,0,0.0,5351724.000000001
2025-08-01 09:20:36 AM,1740.8,118,205414.4,5557138.400000001
2025-08-01 09:20:39 AM,1741.3,0,0.0,5557138.400000001
2025-08-01 09:20:39 AM,1741.3,6,10447.8,5567586.200000001
2025-08-01 09:21:06 AM,1741.4,0,0.0,5567586.200000001
2025-08-01 09:21:07 AM,1741.4,4,6965.6,5574551.800000001
2025-08-01 09:21:20 AM,1741.7,0,0.0,5574551.800000001
2025-08-01 09:21:21 AM,1741.7,1,1741.7,5576293.500000001
2025-08-01 09:21:24 AM,1740.1,50,87005.0,5663298.500000001
2025-08-01 09:21:38 AM,1739.6,0,0.0,5663298.500000001
2025-08-01 09:21:39 AM,1739.6,57,99157.2,5762455.700000001
2025-08-01 09:21:40 AM,1740.0,0,0.0,5762455.700000001
2025-08-01 09:21:41 AM,1740.0,3,5220.0,5767675.700000001
2025-08-01 09:21:41 AM,1740.2,0,0.0,5767675.700000001
2025-08-01 09:21:42 AM,1740.2,1,1740.2,5769415.900000001
2025-08-01 09:21:45 AM,1739.0,4,6956.0,5776371.900000001
2025-08-01 09:21:49 AM,1740.1,0,0.0,5776371.900000001
2025-08-01 09:21:50 AM,1740.1,20,34802.0,5811173.900000001
2025-08-01 09:22:02 AM,1740.3,0,0.0,5811173.900000001
2025-08-01 09:22:03 AM,1740.3,300,522090.0,6333263.900000001
2025-08-01 09:22:13 AM,1739.9,1,1739.9,6335003.800000002
2025-08-01 09:22:18 AM,1738.3,4,6953.2,6341957.000000002
2025-08-01 09:22:21 AM,1740.4,3,5221.200000000001,6347178.200000002
2025-08-01 09:22:36 AM,1740.3,2,3480.6,6350658.800000002
2025-08-01 09:22:39 AM,1740.3,6,10441.8,6361100.6000000015
2025-08-01 09:23:03 AM,1738.5,103,179065.5,6540166.1000000015
2025-08-01 09:23:07 AM,1738.2,0,0.0,6540166.1000000015
2025-08-01 09:23:08 AM,1738.2,3,5214.6,6545380.700000001
2025-08-01 09:23:09 AM,1739.9,0,0.0,6545380.700000001
2025-08-01 09:23:10 AM,1739.9,10,17399.0,6562779.700000001
2025-08-01 09:23:10 AM,1740.0,0,0.0,6562779.700000001
2025-08-01 09:23:11 AM,1740.0,1,1740.0,6564519.700000001
2025-08-01 09:23:13 AM,1738.8,0,0.0,6564519.700000001
2025-08-01 09:23:14 AM,1738.8,3,5216.4,6569736.1000000015
2025-08-01 09:23:17 AM,1738.7,0,0.0,6569736.1000000015
2025-08-01 09:23:18 AM,1738.7,5,8693.5,6578429.6000000015
2025-08-01 09:23:21 AM,1738.0,114,198132.0,6776561.6000000015
2025-08-01 09:23:32 AM,1738.0,102,177276.0,6953837.6000000015
2025-08-01 09:23:34 AM,1738.4,0,0.0,6953837.6000000015
2025-08-01 09:23:35 AM,1738.4,16,27814.4,6981652.000000002
2025-08-01 09:23:42 AM,1737.1,0,0.0,6981652.000000002
2025-08-01 09:23:42 AM,1737.1,85,147653.5,7129305.500000002
2025-08-01 09:23:49 AM,1738.1,1,1738.1,7131043.6000000015
2025-08-01 09:24:12 AM,1738.5,10,17385.0,7148428.6000000015
2025-08-01 09:24:15 AM,1739.2,0,0.0,7148428.6000000015
2025-08-01 09:24:16 AM,1739.2,20,34784.0,7183212.6000000015
2025-08-01 09:24:19 AM,1739.9,2,3479.8,7186692.400000001
2025-08-01 09:24:32 AM,1739.5,0,0.0,7186692.400000001
2025-08-01 09:24:32 AM,1739.5,5,8697.5,7195389.900000001
2025-08-01 09:24:37 AM,1739.9,1,1739.9,7197129.800000002
2025-08-01 09:24:42 AM,1739.3,0,0.0,7197129.800000002
2025-08-01 09:24:43 AM,1739.3,6,10435.8,7207565.6000000015
2025-08-01 09:24:48 AM,1737.7,10,17377.0,7224942.6000000015
2025-08-01 09:25:03 AM,1736.5,0,0.0,7224942.6000000015
2025-08-01 09:25:04 AM,1736.5,100,173650.0,7398592.6000000015
2025-08-01 09:25:10 AM,1736.3,3,5208.9,7403801.500000002
2025-08-01 09:25:12 AM,1736.0,0,0.0,7403801.500000002
2025-08-01 09:25:13 AM,1736.0,8,13888.0,7417689.500000002
2025-08-01 09:25:14 AM,1735.9,75,130192.5,7547882.000000002
2025-08-01 09:25:31 AM,1737.7,1,1737.7,7549619.700000002
2025-08-01 09:25:31 AM,1737.7,1,1737.7,7551357.400000002
2025-08-01 09:25:33 AM,1738.0,1,1738.0,7553095.400000002
2025-08-01 09:25:37 AM,1737.7,0,0.0,7553095.400000002
2025-08-01 09:25:38 AM,1737.7,5,8688.5,7561783.900000002
2025-08-01 09:25:47 AM,1738.0,0,0.0,7561783.900000002
2025-08-01 09:25:48 AM,1738.0,150,260700.0,7822483.900000002
2025-08-01 09:25:54 AM,1737.7,0,0.0,7822483.900000002
2025-08-01 09:25:55 AM,1737.7,60,104262.0,7926745.900000002
2025-08-01 09:25:56 AM,1738.0,0,0.0,7926745.900000002
2025-08-01 09:25:57 AM,1738.0,3,5214.0,7931959.900000002
2025-08-01 09:26:19 AM,1737.7,0,0.0,7931959.900000002
2025-08-01 09:26:20 AM,1737.7,34,59081.8,7991041.700000002
2025-08-01 09:26:39 AM,1738.0,0,0.0,7991041.700000002
2025-08-01 09:26:40 AM,1738.0,10,17380.0,8008421.700000002
2025-08-01 09:26:43 AM,1737.6,4,6950.4,8015372.100000002
2025-08-01 09:26:46 AM,1737.0,29,50373.0,8065745.100000002
2025-08-01 09:26:47 AM,1736.6,18,31258.8,8097003.900000002
2025-08-01 09:26:50 AM,1738.0,162,281556.0,8378559.900000002
2025-08-01 09:27:19 AM,1737.4,0,0.0,8378559.900000002
2025-08-01 09:27:20 AM,1737.4,176,305782.4,8684342.300000003
2025-08-01 09:27:29 AM,1737.0,0,0.0,8684342.300000003
2025-08-01 09:27:30 AM,1737.0,55,95535.0,8779877.300000003
2025-08-01 09:27:51 AM,1736.9,1,1736.9,8781614.200000003
2025-08-01 09:28:19 AM,1735.3,0,0.0,8781614.200000003
2025-08-01 09:28:20 AM,1735.3,100,173530.0,8955144.200000003
2025-08-01 09:28:23 AM,1735.5,0,0.0,8955144.200000003
2025-08-01 09:28:24 AM,1735.5,10,17355.0,8972499.200000003
2025-08-01 09:28:34 AM,1736.6,0,0.0,8972499.200000003
2025-08-01 09:28:35 AM,1736.6,25,43415.0,9015914.200000003
2025-08-01 09:28:37 AM,1736.3,1,1736.3,9017650.500000004
2025-08-01 09:28:47 AM,1736.7,30,52101.0,9069751.500000004
2025-08-01 09:29:05 AM,1736.9,0,0.0,9069751.500000004
2025-08-01 09:29:05 AM,1736.9,3,5210.700000000001,9074962.200000003
2025-08-01 09:29:30 AM,1736.9,10,17369.0,9092331.200000003
2025-08-01 09:29:32 AM,1736.0,0,0.0,9092331.200000003
2025-08-01 09:29:36 AM,1736.0,30,52080.0,9144411.200000003
2025-08-01 09:29:37 AM,1736.0,25,43400.0,9187811.200000003
2025-08-01 09:29:42 AM,1736.3,0,0.0,9187811.200000003
2025-08-01 09:29:43 AM,1736.3,6,10417.8,9198229.000000004
2025-08-01 09:29:44 AM,1737.4,8,13899.2,9212128.200000003
2025-08-01 09:30:11 AM,1737.4,200,347480.0,9559608.200000003
2025-08-01 09:30:13 AM,1737.3,5,8686.5,9568294.700000003
2025-08-01 09:30:23 AM,1735.5,379,657754.5,10226049.200000003
2025-08-01 09:30:26 AM,1736.3,0,0.0,10226049.200000003
2025-08-01 09:30:27 AM,1736.3,8,13890.4,10239939.600000003
2025-08-01 09:30:30 AM,1735.8,23,39923.4,10279863.000000004
2025-08-01 09:30:31 AM,1735.6,0,0.0,10279863.000000004
2025-08-01 09:30:31 AM,1735.6,2,3471.2,10283334.200000003
2025-08-01 09:30:32 AM,1736.7,0,0.0,10283334.200000003
2025-08-01 09:30:32 AM,1736.7,1,1736.7,10285070.900000002
2025-08-01 09:30:34 AM,1737.3,0,0.0,10285070.900000002
2025-08-01 09:30:35 AM,1737.3,1,1737.3,10286808.200000003
2025-08-01 09:30:35 AM,1737.5,10,17375.0,10304183.200000003
2025-08-01 09:30:38 AM,1737.6,1,1737.6,10305920.800000003
2025-08-01 09:30:40 AM,1737.9,0,0.0,10305920.800000003
2025-08-01 09:30:40 AM,1737.9,22,38233.8,10344154.600000003
2025-08-01 09:30:42 AM,1737.8,2,3475.6,10347630.200000003
2025-08-01 09:30:48 AM,1737.8,1,1737.8,10349368.000000004
2025-08-01 09:30:50 AM,1735.8,0,0.0,10349368.000000004
2025-08-01 09:30:51 AM,1735.8,103,178787.4,10528155.400000004
2025-08-01 09:31:02 AM,1735.7,0,0.0,10528155.400000004
2025-08-01 09:31:03 AM,1735.7,3,5207.1,10533362.500000004
2025-08-01 09:31:33 AM,1735.8,2,3471.6,10536834.100000003
2025-08-01 09:31:40 AM,1735.9,0,0.0,10536834.100000003
2025-08-01 09:31:40 AM,1735.9,4,6943.6,10543777.700000003
2025-08-01 09:31:42 AM,1737.1,0,0.0,10543777.700000003
2025-08-01 09:31:43 AM,1737.1,1,1737.1,10545514.800000003
2025-08-01 09:31:53 AM,1736.7,0,0.0,10545514.800000003
2025-08-01 09:31:54 AM,1736.7,2,3473.4,10548988.200000003
2025-08-01 09:32:23 AM,1736.9,0,0.0,10548988.200000003
2025-08-01 09:32:23 AM,1736.9,20,34738.0,10583726.200000003
2025-08-01 09:32:29 AM,1736.9,25,43422.5,10627148.700000003
2025-08-01 09:32:44 AM,1737.9,0,0.0,10627148.700000003
2025-08-01 09:32:44 AM,1737.9,17,29544.300000000003,10656693.000000004
2025-08-01 09:32:51 AM,1737.4,3,5212.200000000001,10661905.200000003
2025-08-01 09:32:56 AM,1737.2,0,0.0,10661905.200000003
2025-08-01 09:32:56 AM,1737.2,8,13897.6,10675802.800000003
2025-08-01 09:33:00 AM,1737.0,50,86850.0,10762652.800000003
2025-08-01 09:33:12 AM,1737.9,1,1737.9,10764390.700000003
2025-08-01 09:33:16 AM,1738.0,0,0.0,10764390.700000003
2025-08-01 09:33:17 AM,1738.0,10,17380.0,10781770.700000003
2025-08-01 09:33:20 AM,1738.0,1,1738.0,10783508.700000003
2025-08-01 09:33:22 AM,1738.0,36,62568.0,10846076.700000003
2025-08-01 09:33:26 AM,1737.8,300,521340.0,11367416.700000003
2025-08-01 09:33:35 AM,1739.6,0,0.0,11367416.700000003
2025-08-01 09:33:35 AM,1739.6,2,3479.2,11370895.900000002
2025-08-01 09:33:46 AM,1739.5,20,34790.0,11405685.900000002
2025-08-01 09:33:50 AM,1739.5,50,86975.0,11492660.900000002
2025-08-01 09:33:52 AM,1739.5,50,86975.0,11579635.900000002
2025-08-01 09:33:52 AM,1739.6,60,104376.0,11684011.900000002
2025-08-01 09:33:59 AM,1737.9,2,3475.8,11687487.700000003
2025-08-01 09:34:07 AM,1737.8,17,29542.6,11717030.300000003
2025-08-01 09:34:19 AM,1737.8,1,1737.8,11718768.100000003
2025-08-01 09:34:27 AM,1738.8,2,3477.6,11722245.700000003
2025-08-01 09:34:34 AM,1737.8,24,41707.2,11763952.900000002
2025-08-01 09:34:34 AM,1738.5,0,0.0,11763952.900000002
2025-08-01 09:34:35 AM,1738.5,40,69540.0,11833492.900000002
2025-08-01 09:34:41 AM,1738.8,0,0.0,11833492.900000002
2025-08-01 09:34:41 AM,1738.8,50,86940.0,11920432.900000002
2025-08-01 09:35:11 AM,1738.0,9,15642.0,11936074.900000002
2025-08-01 09:35:18 AM,1738.2,5,8691.0,11944765.900000002
2025-08-01 09:35:20 AM,1738.2,1,1738.2,11946504.100000001
2025-08-01 09:35:38 AM,1738.2,1,1738.2,11948242.3
2025-08-01 09:35:48 AM,1738.0,1,1738.0,11949980.3
2025-08-01 09:35:54 AM,1738.2,0,0.0,11949980.3
2025-08-01 09:35:55 AM,1738.2,3,5214.6,11955194.9
2025-08-01 09:36:17 AM,1738.9,0,0.0,11955194.9
2025-08-01 09:36:18 AM,1738.9,11,19127.9,11974322.8
2025-08-01 09:36:31 AM,1738.2,22,38240.4,12012563.200000001
2025-08-01 09:37:01 AM,1738.9,0,0.0,12012563.200000001
2025-08-01 09:37:04 AM,1738.9,7,12172.300000000001,12024735.500000002
2025-08-01 09:37:09 AM,1738.2,0,0.0,12024735.500000002
2025-08-01 09:37:11 AM,1738.2,3,5214.6,12029950.100000001
2025-08-01 09:37:25 AM,1738.2,1,1738.2,12031688.3
2025-08-01 09:37:35 AM,1738.3,0,0.0,12031688.3
2025-08-01 09:37:39 AM,1738.3,49,85176.7,12116865.0
2025-08-01 09:37:54 AM,1739.5,0,0.0,12116865.0
2025-08-01 09:37:59 AM,1739.5,2,3479.0,12120344.0
2025-08-01 09:38:02 AM,1739.1,0,0.0,12120344.0
2025-08-01 09:38:03 AM,1739.1,11,19130.1,12139474.1
2025-08-01 09:38:05 AM,1738.9,1,1738.9,12141213.0
2025-08-01 09:38:05 AM,1738.0,0,0.0,12141213.0
2025-08-01 09:38:06 AM,1738.0,209,363242.0,12504455.0
2025-08-01 09:38:23 AM,1737.2,277,481204.4,12985659.4
2025-08-01 09:38:27 AM,1738.3,0,0.0,12985659.4
2025-08-01 09:38:28 AM,1738.4,11,19122.4,13004781.8
2025-08-01 09:38:59 AM,1738.6,2,3477.2,13008259.0
2025-08-01 09:39:03 AM,1738.0,0,0.0,13008259.0
2025-08-01 09:39:04 AM,1738.0,50,86900.0,13095159.0
2025-08-01 09:39:05 AM,1738.0,3,5214.0,13100373.0
2025-08-01 09:39:12 AM,1736.8,197,342149.6,13442522.6
2025-08-01 09:39:23 AM,1736.3,8,13890.4,13456413.0
2025-08-01 09:39:23 AM,1737.1,0,0.0,13456413.0
2025-08-01 09:39:24 AM,1737.1,12,20845.199999999997,13477258.2
2025-08-01 09:39:25 AM,1736.8,110,191048.0,13668306.2
2025-08-01 09:39:36 AM,1736.3,0,0.0,13668306.2
2025-08-01 09:39:36 AM,1736.3,1,1736.3,13670042.5
2025-08-01 09:39:55 AM,1736.3,1,1736.3,13671778.8
2025-08-01 09:40:12 AM,1737.7,5,8688.5,13680467.3
2025-08-01 09:40:17 AM,1737.8,0,0.0,13680467.3
2025-08-01 09:40:18 AM,1737.8,18,31280.399999999998,13711747.700000001
2025-08-01 09:40:38 AM,1738.0,0,0.0,13711747.700000001
2025-08-01 09:40:38 AM,1738.0,100,173800.0,13885547.700000001
2025-08-01 09:40:43 AM,1739.6,0,0.0,13885547.700000001
2025-08-01 09:40:43 AM,1739.6,12,20875.199999999997,13906422.9
2025-08-01 09:40:51 AM,1739.6,9,15656.4,13922079.3
2025-08-01 09:40:53 AM,1738.5,25,43462.5,13965541.8
2025-08-01 09:41:01 AM,1738.5,9,15646.5,13981188.3
2025-08-01 09:41:01 AM,1740.9,0,0.0,13981188.3
2025-08-01 09:41:02 AM,1740.9,662,1152475.8,15133664.100000001
2025-08-01 09:41:05 AM,1739.1,1,1739.1,15135403.200000001
2025-08-01 09:41:13 AM,1740.1,1,1740.1,15137143.3
2025-08-01 09:41:32 AM,1739.4,0,0.0,15137143.3
2025-08-01 09:41:33 AM,1739.4,37,64357.8,15201501.100000001
2025-08-01 09:41:41 AM,1740.2,2,3480.4,15204981.500000002
2025-08-01 09:41:48 AM,1740.3,0,0.0,15204981.500000002
2025-08-01 09:41:49 AM,1740.3,4,6961.2,15211942.700000001
2025-08-01 09:41:53 AM,1739.9,0,0.0,15211942.700000001
2025-08-01 09:41:53 AM,1739.9,7,12179.300000000001,15224122.000000002
2025-08-01 09:42:02 AM,1740.7,0,0.0,15224122.000000002
2025-08-01 09:42:03 AM,1740.7,4,6962.8,15231084.800000003
2025-08-01 09:42:14 AM,1741.2,101,175861.2,15406946.000000002
2025-08-01 09:42:18 AM,1740.7,0,0.0,15406946.000000002
2025-08-01 09:42:18 AM,1740.7,6,10444.2,15417390.200000001
2025-08-01 09:42:19 AM,1740.8,0,0.0,15417390.200000001
2025-08-01 09:42:20 AM,1740.8,5,8704.0,15426094.200000001
2025-08-01 09:42:27 AM,1740.6,0,0.0,15426094.200000001
2025-08-01 09:42:27 AM,1740.6,1,1740.6,15427834.8
2025-08-01 09:42:36 AM,1740.7,0,0.0,15427834.8
2025-08-01 09:42:37 AM,1740.7,49,85294.3,15513129.100000001
2025-08-01 09:42:46 AM,1740.7,1,1740.7,15514869.8
2025-08-01 09:42:50 AM,1740.7,20,34814.0,15549683.8
2025-08-01 09:42:56 AM,1740.8,50,87040.0,15636723.8
2025-08-01 09:43:00 AM,1740.8,1,1740.8,15638464.600000001
2025-08-01 09:43:02 AM,1740.0,215,374100.0,16012564.600000001
2025-08-01 09:43:41 AM,1740.0,10,17400.0,16029964.600000001
2025-08-01 09:43:42 AM,1740.0,100,174000.0,16203964.600000001
2025-08-01 09:43:47 AM,1739.8,0,0.0,16203964.600000001
2025-08-01 09:43:48 AM,1739.9,5,8699.5,16212664.100000001
2025-08-01 09:43:56 AM,1738.9,0,0.0,16212664.100000001
2025-08-01 09:43:57 AM,1738.9,79,137373.1,16350037.200000001
2025-08-01 09:43:59 AM,1740.0,1,1740.0,16351777.200000001
2025-08-01 09:44:08 AM,1739.7,0,0.0,16351777.200000001
2025-08-01 09:44:09 AM,1739.9,501,871689.9,17223467.1
2025-08-01 09:44:16 AM,1739.5,1,1739.5,17225206.6
2025-08-01 09:44:30 AM,1739.5,500,869750.0,18094956.6
2025-08-01 09:44:59 AM,1739.7,20,34794.0,18129750.6
2025-08-01 09:45:21 AM,1738.8,0,0.0,18129750.6
2025-08-01 09:45:22 AM,1738.8,5,8694.0,18138444.6
2025-08-01 09:45:28 AM,1737.6,12,20851.199999999997,18159295.8
2025-08-01 09:45:34 AM,1737.6,120,208512.0,18367807.8
2025-08-01 09:45:36 AM,1737.5,3,5212.5,18373020.3
2025-08-01 09:46:03 AM,1737.7,2,3475.4,18376495.7
2025-08-01 09:46:09 AM,1737.7,1,1737.7,18378233.4
2025-08-01 09:46:14 AM,1738.0,0,0.0,18378233.4
2025-08-01 09:46:14 AM,1738.0,50,86900.0,18465133.4
2025-08-01 09:46:23 AM,1736.8,0,0.0,18465133.4
2025-08-01 09:46:24 AM,1736.8,20,34736.0,18499869.4
2025-08-01 09:46:29 AM,1738.2,22,38240.4,18538109.799999997
2025-08-01 09:46:49 AM,1737.8,2,3475.6,18541585.4
2025-08-01 09:46:50 AM,1737.9,0,0.0,18541585.4
2025-08-01 09:46:50 AM,1737.9,4,6951.6,18548537.0
2025-08-01 09:47:01 AM,1737.0,0,0.0,18548537.0
2025-08-01 09:47:03 AM,1737.0,20,34740.0,18583277.0
2025-08-01 09:47:11 AM,1738.2,100,173820.0,18757097.0
2025-08-01 09:47:30 AM,1737.0,857,1488609.0,20245706.0
2025-08-01 09:47:33 AM,1737.7,0,0.0,20245706.0
2025-08-01 09:47:35 AM,1737.7,10,17377.0,20263083.0
2025-08-01 09:47:40 AM,1737.0,0,0.0,20263083.0
2025-08-01 09:47:41 AM,1737.0,235,408195.0,20671278.0
2025-08-01 09:47:47 AM,1737.1,0,0.0,20671278.0
2025-08-01 09:47:48 AM,1737.1,2,3474.2,20674752.2
2025-08-01 09:47:54 AM,1736.5,0,0.0,20674752.2
2025-08-01 09:47:55 AM,1736.5,13,22574.5,20697326.7
2025-08-01 09:47:57 AM,1737.1,1,1737.1,20699063.8
2025-08-01 09:48:51 AM,1737.3,0,0.0,20699063.8
2025-08-01 09:48:53 AM,1737.2,26,45167.200000000004,20744231.0
2025-08-01 09:48:55 AM,1736.5,0,0.0,20744231.0
2025-08-01 09:48:55 AM,1736.5,34,59041.0,20803272.0
2025-08-01 09:48:59 AM,1737.2,0,0.0,20803272.0
2025-08-01 09:48:59 AM,1737.2,1,1737.2,20805009.2
2025-08-01 09:49:14 AM,1738.9,1000,1738900.0,22543909.2
2025-08-01 09:49:22 AM,1738.5,0,0.0,22543909.2
2025-08-01 09:49:24 AM,1738.5,1,1738.5,22545647.7
2025-08-01 09:49:40 AM,1737.7,0,0.0,22545647.7
2025-08-01 09:49:43 AM,1737.7,16,27803.2,22573450.9
2025-08-01 09:49:55 AM,1737.7,3,5213.1,22578664.0
2025-08-01 09:49:57 AM,1737.5,0,0.0,22578664.0
2025-08-01 09:49:58 AM,1737.5,4,6950.0,22585614.0
2025-08-01 09:50:02 AM,1738.2,9,15643.800000000001,22601257.8
2025-08-01 09:50:36 AM,1738.9,60,104334.0,22705591.8
2025-08-01 09:50:40 AM,1738.9,5,8694.5,22714286.3
2025-08-01 09:50:57 AM,1737.7,0,0.0,22714286.3
2025-08-01 09:50:59 AM,1737.7,22,38229.4,22752515.7
2025-08-01 09:51:02 AM,1738.9,0,0.0,22752515.7
2025-08-01 09:51:03 AM,1737.5,0,0.0,22752515.7
2025-08-01 09:51:05 AM,1737.5,105,182437.5,22934953.2
2025-08-01 09:51:06 AM,1738.8,0,0.0,22934953.2
2025-08-01 09:51:07 AM,1738.8,1,1738.8,22936692.0
2025-08-01 09:51:13 AM,1737.9,0,0.0,22936692.0
2025-08-01 09:51:14 AM,1737.9,3,5213.700000000001,22941905.7
2025-08-01 09:51:14 AM,1738.9,0,0.0,22941905.7
2025-08-01 09:51:18 AM,1738.9,108,187801.2,23129706.9
2025-08-01 09:51:24 AM,1738.9,134,233012.6,23362719.5
2025-08-01 09:51:30 AM,1738.9,10,17389.0,23380108.5
2025-08-01 09:51:36 AM,1738.9,1,1738.9,23381847.4
2025-08-01 09:51:49 AM,1738.9,2,3477.8,23385325.2
2025-08-01 09:52:04 AM,1738.5,0,0.0,23385325.2
2025-08-01 09:52:07 AM,1738.5,1,1738.5,23387063.7
2025-08-01 09:52:11 AM,1737.6,0,0.0,23387063.7
2025-08-01 09:52:13 AM,1737.6,15,26064.0,23413127.7
2025-08-01 09:52:38 AM,1738.9,0,0.0,23413127.7
2025-08-01 09:52:38 AM,1738.9,1,1738.9,23414866.599999998
2025-08-01 09:52:47 AM,1738.9,1,1738.9,23416605.499999996
2025-08-01 09:52:56 AM,1738.9,1,1738.9,23418344.399999995
2025-08-01 09:53:00 AM,1738.9,8,13911.2,23432255.599999994
2025-08-01 09:53:20 AM,1738.9,1,1738.9,23433994.499999993
2025-08-01 09:53:35 AM,1738.8,1,1738.8,23435733.299999993
2025-08-01 09:54:03 AM,1738.1,0,0.0,23435733.299999993
2025-08-01 09:54:04 AM,1738.1,1,1738.1,23437471.399999995
2025-08-01 09:54:15 AM,1738.6,0,0.0,23437471.399999995
2025-08-01 09:54:17 AM,1738.6,20,34772.0,23472243.399999995
2025-08-01 09:54:34 AM,1737.9,0,0.0,23472243.399999995
2025-08-01 09:54:36 AM,1737.9,1,1737.9,23473981.299999993
2025-08-01 09:55:01 AM,1737.6,0,0.0,23473981.299999993
2025-08-01 09:55:04 AM,1738.0,0,0.0,23473981.299999993
2025-08-01 09:55:05 AM,1738.0,16,27808.0,23501789.299999993
2025-08-01 09:55:16 AM,1737.6,0,0.0,23501789.299999993
2025-08-01 09:55:17 AM,1737.6,4,6950.4,23508739.69999999
2025-08-01 09:55:29 AM,1737.5,32,55600.0,23564339.69999999
2025-08-01 09:55:34 AM,1737.9,0,0.0,23564339.69999999
2025-08-01 09:55:35 AM,1737.9,1,1737.9,23566077.59999999
2025-08-01 09:55:38 AM,1736.9,0,0.0,23566077.59999999
2025-08-01 09:55:41 AM,1736.9,100,173690.0,23739767.59999999
2025-08-01 09:55:50 AM,1737.3,0,0.0,23739767.59999999
2025-08-01 09:55:53 AM,1737.3,16,27796.8,23767564.39999999
2025-08-01 09:56:05 AM,1738.2,1,1738.2,23769302.59999999
2025-08-01 09:56:11 AM,1738.2,1,1738.2,23771040.79999999
2025-08-01 09:56:17 AM,1738.2,10,17382.0,23788422.79999999
2025-08-01 09:56:28 AM,1738.7,0,0.0,23788422.79999999
2025-08-01 09:56:29 AM,1738.7,15,26080.5,23814503.29999999
2025-08-01 09:56:31 AM,1738.9,0,0.0,23814503.29999999
2025-08-01 09:56:34 AM,1738.9,2,3477.8,23817981.09999999
2025-08-01 09:56:42 AM,1738.1,14,24333.399999999998,23842314.49999999
2025-08-01 09:56:53 AM,1738.9,27,46950.3,23889264.79999999
2025-08-01 09:56:54 AM,1738.1,20,34762.0,23924026.79999999
2025-08-01 09:56:59 AM,1738.9,5,8694.5,23932721.29999999
2025-08-01 09:57:05 AM,1738.8,0,0.0,23932721.29999999
2025-08-01 09:57:05 AM,1738.8,1,1738.8,23934460.09999999
2025-08-01 09:57:06 AM,1738.9,2,3477.8,23937937.89999999
2025-08-01 09:57:11 AM,1738.9,1,1738.9,23939676.79999999
2025-08-01 09:57:34 AM,1738.5,1,1738.5,23941415.29999999
2025-08-01 09:57:46 AM,1738.5,1,1738.5,23943153.79999999
2025-08-01 09:58:03 AM,1738.0,78,135564.0,24078717.79999999
2025-08-01 09:58:29 AM,1738.1,0,0.0,24078717.79999999
2025-08-01 09:58:29 AM,1738.1,2,3476.2,24082193.99999999
2025-08-01 09:58:34 AM,1738.1,1,1738.1,24083932.09999999
2025-08-01 09:58:47 AM,1738.1,5,8690.5,24092622.59999999
2025-08-01 09:59:00 AM,1737.0,11,19107.0,24111729.59999999
2025-08-01 09:59:05 AM,1737.1,1,1737.1,24113466.69999999
2025-08-01 09:59:20 AM,1737.1,90,156339.0,24269805.69999999
2025-08-01 09:59:30 AM,1736.4,1,1736.4,24271542.09999999
2025-08-01 09:59:36 AM,1738.0,0,0.0,24271542.09999999
2025-08-01 09:59:36 AM,1738.0,28,48664.0,24320206.09999999
2025-08-01 09:59:43 AM,1737.2,2,3474.4,24323680.49999999
2025-08-01 09:59:54 AM,1737.0,0,0.0,24323680.49999999
2025-08-01 09:59:55 AM,1737.0,33,57321.0,24381001.49999999
2025-08-01 10:00:01 AM,1737.0,1,1737.0,24382738.49999999
2025-08-01 10:00:07 AM,1737.0,9,15633.0,24398371.49999999
2025-08-01 10:00:14 AM,1737.0,10,17370.0,24415741.49999999
2025-08-01 10:00:17 AM,1737.0,10,17370.0,24433111.49999999
2025-08-01 10:00:23 AM,1737.0,10,17370.0,24450481.49999999
2025-08-01 10:00:27 AM,1737.0,1,1737.0,24452218.49999999
2025-08-01 10:00:36 AM,1737.0,2,3474.0,24455692.49999999
2025-08-01 10:00:39 AM,1737.0,1,1737.0,24457429.49999999
2025-08-01 10:00:42 AM,1737.0,1,1737.0,24459166.49999999
2025-08-01 10:00:45 AM,1737.0,3,5211.0,24464377.49999999
2025-08-01 10:00:49 AM,1737.0,1,1737.0,24466114.49999999
2025-08-01 10:00:52 AM,1737.0,1,1737.0,24467851.49999999
2025-08-01 10:00:55 AM,1737.0,1,1737.0,24469588.49999999
2025-08-01 10:00:57 AM,1736.2,0,0.0,24469588.49999999
2025-08-01 10:00:58 AM,1736.3,2,3472.6,24473061.09999999
2025-08-01 10:01:05 AM,1737.2,0,0.0,24473061.09999999
2025-08-01 10:01:05 AM,1737.2,827,1436664.4000000001,25909725.49999999
2025-08-01 10:01:05 AM,1737.5,1,1737.5,25911462.99999999
2025-08-01 10:01:13 AM,1737.5,8,13900.0,25925362.99999999
2025-08-01 10:01:23 AM,1737.5,3,5212.5,25930575.49999999
2025-08-01 10:01:24 AM,1737.5,11,19112.5,25949687.99999999
2025-08-01 10:01:26 AM,1737.5,1,1737.5,25951425.49999999
2025-08-01 10:01:36 AM,1737.5,1,1737.5,25953162.99999999
2025-08-01 10:01:45 AM,1737.5,5,8687.5,25961850.49999999
2025-08-01 10:01:51 AM,1736.3,0,0.0,25961850.49999999
2025-08-01 10:01:52 AM,1736.3,433,751817.9,26713668.399999987
2025-08-01 10:02:05 AM,1737.3,0,0.0,26713668.399999987
2025-08-01 10:02:05 AM,1737.3,1,1737.3,26715405.699999988
2025-08-01 10:02:12 AM,1737.3,10,17373.0,26732778.699999988
2025-08-01 10:02:14 AM,1737.0,0,0.0,26732778.699999988
2025-08-01 10:02:16 AM,1737.0,5,8685.0,26741463.699999988
2025-08-01 10:02:23 AM,1737.0,1,1737.0,26743200.699999988
2025-08-01 10:02:28 AM,1737.5,0,0.0,26743200.699999988
2025-08-01 10:02:29 AM,1737.5,975,1694062.5,28437263.199999988
2025-08-01 10:02:32 AM,1738.1,0,0.0,28437263.199999988
2025-08-01 10:02:35 AM,1738.1,14,24333.399999999998,28461596.599999987
2025-08-01 10:02:37 AM,1738.1,1,1738.1,28463334.699999988
2025-08-01 10:03:15 AM,1737.0,50,86850.0,28550184.699999988
2025-08-01 10:03:26 AM,1738.1,0,0.0,28550184.699999988
2025-08-01 10:03:26 AM,1738.1,1,1738.1,28551922.79999999
2025-08-01 10:03:35 AM,1738.0,1,1738.0,28553660.79999999
2025-08-01 10:04:04 AM,1737.7,1,1737.7,28555398.49999999
2025-08-01 10:04:07 AM,1736.6,0,0.0,28555398.49999999
2025-08-01 10:04:07 AM,1736.6,19,32995.4,28588393.899999987
2025-08-01 10:04:09 AM,1737.7,0,0.0,28588393.899999987
2025-08-01 10:04:09 AM,1737.7,2,3475.4,28591869.299999986
2025-08-01 10:04:16 AM,1737.7,10,17377.0,28609246.299999986
2025-08-01 10:04:18 AM,1737.6,0,0.0,28609246.299999986
2025-08-01 10:04:18 AM,1737.6,20,34752.0,28643998.299999986
2025-08-01 10:04:24 AM,1736.7,1,1736.7,28645734.999999985
2025-08-01 10:04:34 AM,1737.7,0,0.0,28645734.999999985
2025-08-01 10:04:34 AM,1737.7,28,48655.6,28694390.599999987
2025-08-01 10:04:36 AM,1737.9,0,0.0,28694390.599999987
2025-08-01 10:04:36 AM,1737.9,1,1737.9,28696128.499999985
2025-08-01 10:04:41 AM,1736.7,35,60784.5,28756912.999999985
2025-08-01 10:05:06 AM,1737.8,0,0.0,28756912.999999985
2025-08-01 10:05:06 AM,1737.8,2,3475.6,28760388.599999987
2025-08-01 10:05:37 AM,1737.7,0,0.0,28760388.599999987
2025-08-01 10:05:37 AM,1737.7,1,1737.7,28762126.299999986
2025-08-01 10:05:43 AM,1737.7,2,3475.4,28765601.699999984
2025-08-01 10:05:51 AM,1737.1,2,3474.2,28769075.899999984
2025-08-01 10:06:13 AM,1737.1,7,12159.699999999999,28781235.599999983
2025-08-01 10:06:21 AM,1736.7,0,0.0,28781235.599999983
2025-08-01 10:06:21 AM,1736.7,25,43417.5,28824653.099999983
2025-08-01 10:06:27 AM,1736.3,0,0.0,28824653.099999983
2025-08-01 10:06:27 AM,1736.3,112,194465.6,29019118.699999984
2025-08-01 10:06:30 AM,1736.1,0,0.0,29019118.699999984
2025-08-01 10:06:30 AM,1734.6,390,676494.0,29695612.699999984
2025-08-01 10:06:36 AM,1734.8,104,180419.19999999998,29876031.899999984
2025-08-01 10:06:42 AM,1733.5,0,0.0,29876031.899999984
2025-08-01 10:06:43 AM,1733.5,82,142147.0,30018178.899999984
2025-08-01 10:07:07 AM,1734.5,0,0.0,30018178.899999984
2025-08-01 10:07:07 AM,1733.8,3,5201.4,30023380.299999982
2025-08-01 10:07:09 AM,1732.2,228,394941.60000000003,30418321.899999984
2025-08-01 10:07:17 AM,1732.9,0,0.0,30418321.899999984
2025-08-01 10:07:20 AM,1732.9,34,58918.600000000006,30477240.499999985
2025-08-01 10:07:31 AM,1732.7,0,0.0,30477240.499999985
2025-08-01 10:07:32 AM,1732.7,5,8663.5,30485903.999999985
2025-08-01 10:07:34 AM,1733.7,1,1733.7,30487637.699999984
2025-08-01 10:07:38 AM,1731.0,1215,2103165.0,32590802.699999984
2025-08-01 10:07:59 AM,1731.0,1,1731.0,32592533.699999984
2025-08-01 10:08:04 AM,1731.7,7,12121.9,32604655.599999983
2025-08-01 10:08:05 AM,1731.7,100,173170.0,32777825.599999983
2025-08-01 10:08:06 AM,1731.7,1,1731.7,32779557.299999982
2025-08-01 10:08:08 AM,1731.1,0,0.0,32779557.299999982
2025-08-01 10:08:08 AM,1731.1,1,1731.1,32781288.399999984
2025-08-01 10:08:10 AM,1731.7,0,0.0,32781288.399999984
2025-08-01 10:08:10 AM,1731.7,5,8658.5,32789946.899999984
2025-08-01 10:08:13 AM,1732.4,10,17324.0,32807270.899999984
2025-08-01 10:08:28 AM,1732.4,15,25986.0,32833256.899999984
2025-08-01 10:08:34 AM,1732.3,0,0.0,32833256.899999984
2025-08-01 10:08:34 AM,1732.3,1,1732.3,32834989.199999984
2025-08-01 10:08:36 AM,1732.4,88,152451.2,32987440.399999984
2025-08-01 10:09:00 AM,1733.3,1,1733.3,32989173.699999984
2025-08-01 10:09:05 AM,1733.4,1,1733.4,32990907.099999983
2025-08-01 10:09:39 AM,1733.9,100,173390.0,33164297.099999983
2025-08-01 10:09:45 AM,1733.4,6,10400.400000000001,33174697.49999998
2025-08-01 10:09:54 AM,1733.3,0,0.0,33174697.49999998
2025-08-01 10:09:54 AM,1733.3,7,12133.1,33186830.599999983
2025-08-01 10:10:05 AM,1733.9,1,1733.9,33188564.49999998
2025-08-01 10:10:12 AM,1733.0,0,0.0,33188564.49999998
2025-08-01 10:10:12 AM,1733.0,5,8665.0,33197229.49999998
2025-08-01 10:10:27 AM,1733.2,2,3466.4,33200695.89999998
2025-08-01 10:10:36 AM,1734.1,1,1734.1,33202429.99999998
2025-08-01 10:11:06 AM,1734.3,0,0.0,33202429.99999998
2025-08-01 10:11:06 AM,1734.3,1,1734.3,33204164.299999982
2025-08-01 10:11:07 AM,1734.6,0,0.0,33204164.299999982
2025-08-01 10:11:07 AM,1734.6,14,24284.399999999998,33228448.69999998
2025-08-01 10:11:29 AM,1734.6,100,173460.0,33401908.69999998
2025-08-01 10:11:31 AM,1735.0,0,0.0,33401908.69999998
2025-08-01 10:11:31 AM,1735.0,10,17350.0,33419258.69999998
2025-08-01 10:11:33 AM,1734.6,1,1734.6,33420993.299999982
2025-08-01 10:11:35 AM,1734.6,1,1734.6,33422727.899999984
2025-08-01 10:11:48 AM,1735.0,0,0.0,33422727.899999984
2025-08-01 10:11:48 AM,1735.0,22,38170.0,33460897.899999984
2025-08-01 10:11:53 AM,1735.0,81,140535.0,33601432.89999998
2025-08-01 10:12:04 AM,1735.4,1,1735.4,33603168.29999998
2025-08-01 10:12:07 AM,1735.7,23,39921.1,33643089.39999998
2025-08-01 10:12:22 AM,1735.8,0,0.0,33643089.39999998
2025-08-01 10:12:22 AM,1735.8,10,17358.0,33660447.39999998
2025-08-01 10:12:25 AM,1735.7,0,0.0,33660447.39999998
2025-08-01 10:12:25 AM,1735.7,2,3471.4,33663918.79999998
2025-08-01 10:12:30 AM,1735.9,5,8679.5,33672598.29999998
2025-08-01 10:12:35 AM,1736.0,0,0.0,33672598.29999998
2025-08-01 10:12:35 AM,1736.0,1,1736.0,33674334.29999998
2025-08-01 10:12:39 AM,1735.0,0,0.0,33674334.29999998
2025-08-01 10:12:39 AM,1735.0,11,19085.0,33693419.29999998
2025-08-01 10:12:55 AM,1736.0,2,3472.0,33696891.29999998
2025-08-01 10:12:56 AM,1736.0,1,1736.0,33698627.29999998
2025-08-01 10:13:05 AM,1735.4,0,0.0,33698627.29999998
2025-08-01 10:13:05 AM,1735.4,2,3470.8,33702098.09999998
2025-08-01 10:13:07 AM,1735.5,0,0.0,33702098.09999998
2025-08-01 10:13:07 AM,1735.5,1,1735.5,33703833.59999998
2025-08-01 10:13:08 AM,1736.0,1,1736.0,33705569.59999998
2025-08-01 10:13:09 AM,1736.0,2,3472.0,33709041.59999998
2025-08-01 10:13:10 AM,1735.0,0,0.0,33709041.59999998
2025-08-01 10:13:10 AM,1735.0,10,17350.0,33726391.59999998
2025-08-01 10:13:11 AM,1736.0,0,0.0,33726391.59999998
2025-08-01 10:13:11 AM,1736.0,3,5208.0,33731599.59999998
2025-08-01 10:13:20 AM,1735.9,0,0.0,33731599.59999998
2025-08-01 10:13:20 AM,1735.9,10,17359.0,33748958.59999998
2025-08-01 10:13:22 AM,1736.2,0,0.0,33748958.59999998
2025-08-01 10:13:22 AM,1736.2,57,98963.40000000001,33847921.99999998
2025-08-01 10:13:32 AM,1735.2,0,0.0,33847921.99999998
2025-08-01 10:13:32 AM,1735.2,15,26028.0,33873949.99999998
2025-08-01 10:13:34 AM,1735.9,1,1735.9,33875685.899999976
2025-08-01 10:13:47 AM,1736.2,0,0.0,33875685.899999976
2025-08-01 10:13:47 AM,1736.2,100,173620.0,34049305.899999976
2025-08-01 10:13:49 AM,1735.8,1,1735.8,34051041.69999997
2025-08-01 10:13:50 AM,1735.8,10,17358.0,34068399.69999997
2025-08-01 10:14:04 AM,1735.5,0,0.0,34068399.69999997
2025-08-01 10:14:04 AM,1735.5,1,1735.5,34070135.19999997
2025-08-01 10:14:05 AM,1735.8,0,0.0,34070135.19999997
2025-08-01 10:14:05 AM,1735.8,9,15622.199999999999,34085757.399999976
2025-08-01 10:14:13 AM,1735.1,0,0.0,34085757.399999976
2025-08-01 10:14:13 AM,1735.1,5,8675.5,34094432.899999976
2025-08-01 10:14:20 AM,1735.9,0,0.0,34094432.899999976
2025-08-01 10:14:20 AM,1735.9,11,19094.9,34113527.799999975
2025-08-01 10:14:28 AM,1736.0,5,8680.0,34122207.799999975
2025-08-01 10:14:35 AM,1735.7,0,0.0,34122207.799999975
2025-08-01 10:14:35 AM,1735.8,0,0.0,34122207.799999975
2025-08-01 10:14:35 AM,1735.8,10,17358.0,34139565.799999975
2025-08-01 10:14:37 AM,1735.7,0,0.0,34139565.799999975
2025-08-01 10:14:37 AM,1735.7,1,1735.7,34141301.49999998
2025-08-01 10:14:50 AM,1735.8,0,0.0,34141301.49999998
2025-08-01 10:14:50 AM,1735.8,16,27772.8,34169074.299999975
2025-08-01 10:14:56 AM,1735.8,2,3471.6,34172545.899999976
2025-08-01 10:15:03 AM,1737.5,0,0.0,34172545.899999976
2025-08-01 10:15:03 AM,1737.5,20,34750.0,34207295.899999976
2025-08-01 10:15:04 AM,1737.5,1,1737.5,34209033.399999976
2025-08-01 10:15:05 AM,1737.5,9,15637.5,34224670.899999976
2025-08-01 10:15:11 AM,1737.4,0,0.0,34224670.899999976
2025-08-01 10:15:11 AM,1737.4,7,12161.800000000001,34236832.69999997
2025-08-01 10:15:12 AM,1737.4,5,8687.0,34245519.69999997
2025-08-01 10:15:21 AM,1736.4,0,0.0,34245519.69999997
2025-08-01 10:15:21 AM,1736.4,12,20836.800000000003,34266356.49999997
2025-08-01 10:15:24 AM,1737.4,0,0.0,34266356.49999997
2025-08-01 10:15:24 AM,1737.4,9,15636.6,34281993.09999997
2025-08-01 10:15:34 AM,1736.9,26,45159.4,34327152.49999997
2025-08-01 10:15:50 AM,1737.4,0,0.0,34327152.49999997
2025-08-01 10:15:50 AM,1737.4,11,19111.4,34346263.89999997
2025-08-01 10:16:05 AM,1737.3,9,15635.699999999999,34361899.59999997
2025-08-01 10:16:20 AM,1737.1,0,0.0,34361899.59999997
2025-08-01 10:16:20 AM,1737.1,10,17371.0,34379270.59999997
2025-08-01 10:16:33 AM,1736.6,1,1736.6,34381007.19999997
2025-08-01 10:16:35 AM,1737.0,0,0.0,34381007.19999997
2025-08-01 10:16:35 AM,1737.0,9,15633.0,34396640.19999997
2025-08-01 10:16:38 AM,1737.1,0,0.0,34396640.19999997
2025-08-01 10:16:38 AM,1737.1,5,8685.5,34405325.69999997
2025-08-01 10:16:39 AM,1737.1,2,3474.2,34408799.899999976
2025-08-01 10:16:43 AM,1737.0,0,0.0,34408799.899999976
2025-08-01 10:16:43 AM,1737.0,1,1737.0,34410536.899999976
2025-08-01 10:16:50 AM,1737.2,0,0.0,34410536.899999976
2025-08-01 10:16:50 AM,1737.2,10,17372.0,34427908.899999976
2025-08-01 10:17:04 AM,1737.1,1,1737.1,34429645.99999998
2025-08-01 10:17:05 AM,1737.1,9,15633.9,34445279.899999976
2025-08-01 10:17:07 AM,1736.0,6,10416.0,34455695.899999976
2025-08-01 10:17:20 AM,1736.0,5,8680.0,34464375.899999976
2025-08-01 10:17:25 AM,1736.9,0,0.0,34464375.899999976
2025-08-01 10:17:26 AM,1736.9,6,10421.400000000001,34474797.299999975
2025-08-01 10:17:33 AM,1737.2,0,0.0,34474797.299999975
2025-08-01 10:17:33 AM,1737.2,10,17372.0,34492169.299999975
2025-08-01 10:17:33 AM,1736.0,4,6944.0,34499113.299999975
2025-08-01 10:17:35 AM,1736.9,0,0.0,34499113.299999975
2025-08-01 10:17:35 AM,1736.9,9,15632.1,34514745.399999976
2025-08-01 10:17:35 AM,1736.9,1,1736.9,34516482.299999975
2025-08-01 10:17:39 AM,1736.1,18,31249.8,34547732.09999997
2025-08-01 10:17:53 AM,1737.0,26,45162.0,34592894.09999997
2025-08-01 10:17:58 AM,1737.2,30,52116.0,34645010.09999997
2025-08-01 10:18:05 AM,1737.1,1,1737.1,34646747.19999997
2025-08-01 10:18:09 AM,1736.2,0,0.0,34646747.19999997
2025-08-01 10:18:09 AM,1736.2,32,55558.4,34702305.59999997
2025-08-01 10:18:13 AM,1737.0,2,3474.0,34705779.59999997
2025-08-01 10:18:28 AM,1737.1,31,53850.1,34759629.69999997
2025-08-01 10:18:30 AM,1737.0,0,0.0,34759629.69999997
2025-08-01 10:18:30 AM,1737.0,25,43425.0,34803054.69999997
2025-08-01 10:18:35 AM,1737.0,1,1737.0,34804791.69999997
2025-08-01 10:18:36 AM,1736.0,30,52080.0,34856871.69999997
2025-08-01 10:18:43 AM,1737.0,29,50373.0,34907244.69999997
2025-08-01 10:18:46 AM,1736.5,0,0.0,34907244.69999997
2025-08-01 10:18:46 AM,1736.5,1,1736.5,34908981.19999997
2025-08-01 10:18:58 AM,1737.1,6,10422.599999999999,34919403.799999975
2025-08-01 10:18:59 AM,1737.2,24,41692.8,34961096.59999997
2025-08-01 10:19:05 AM,1737.3,0,0.0,34961096.59999997
2025-08-01 10:19:05 AM,1737.3,1,1737.3,34962833.89999997
2025-08-01 10:19:11 AM,1737.4,0,0.0,34962833.89999997
2025-08-01 10:19:11 AM,1737.4,4,6949.6,34969783.49999997
2025-08-01 10:19:14 AM,1737.4,30,52122.0,35021905.49999997
2025-08-01 10:19:24 AM,1737.4,2,3474.8,35025380.29999997
2025-08-01 10:19:28 AM,1737.4,31,53859.4,35079239.699999966
2025-08-01 10:19:42 AM,1737.4,1,1737.4,35080977.099999964
2025-08-01 10:19:44 AM,1737.4,29,50384.600000000006,35131361.699999966
2025-08-01 10:19:58 AM,1737.4,28,48647.200000000004,35180008.89999997
2025-08-01 10:20:02 AM,1737.6,1,1737.6,35181746.49999997
2025-08-01 10:20:03 AM,1738.2,2,3476.4,35185222.89999997
2025-08-01 10:20:05 AM,1738.2,1,1738.2,35186961.09999997
2025-08-01 10:20:09 AM,1738.2,1,1738.2,35188699.299999975
2025-08-01 10:20:14 AM,1738.4,0,0.0,35188699.299999975
2025-08-01 10:20:14 AM,1738.4,29,50413.600000000006,35239112.899999976
2025-08-01 10:20:20 AM,1737.6,0,0.0,35239112.899999976
2025-08-01 10:20:20 AM,1737.6,1,1737.6,35240850.49999998
2025-08-01 10:20:28 AM,1738.4,31,53890.4,35294740.899999976
2025-08-01 10:20:35 AM,1738.5,0,0.0,35294740.899999976
2025-08-01 10:20:35 AM,1738.5,1,1738.5,35296479.399999976
2025-08-01 10:20:36 AM,1738.5,1,1738.5,35298217.899999976
2025-08-01 10:20:43 AM,1738.6,4,6954.4,35305172.299999975
2025-08-01 10:20:45 AM,1738.9,1,1738.9,35306911.19999997
2025-08-01 10:20:49 AM,1738.9,25,43472.5,35350383.69999997
2025-08-01 10:21:04 AM,1738.8,0,0.0,35350383.69999997
2025-08-01 10:21:04 AM,1738.8,1,1738.8,35352122.49999997
2025-08-01 10:21:06 AM,1738.8,1,1738.8,35353861.29999997
2025-08-01 10:21:36 AM,1738.8,1,1738.8,35355600.099999964
2025-08-01 10:21:46 AM,1738.8,1,1738.8,35357338.89999996
2025-08-01 10:22:05 AM,1738.7,1,1738.7,35359077.599999964
2025-08-01 10:22:15 AM,1738.0,0,0.0,35359077.599999964
2025-08-01 10:22:17 AM,1738.0,6,10428.0,35369505.599999964
2025-08-01 10:22:45 AM,1738.8,0,0.0,35369505.599999964
2025-08-01 10:22:45 AM,1738.8,10,17388.0,35386893.599999964
2025-08-01 10:23:01 AM,1738.8,1,1738.8,35388632.39999996
2025-08-01 10:23:04 AM,1738.4,1,1738.4,35390370.79999996
2025-08-01 10:23:09 AM,1738.0,0,0.0,35390370.79999996
2025-08-01 10:23:10 AM,1738.0,115,199870.0,35590240.79999996
2025-08-01 10:23:36 AM,1737.9,0,0.0,35590240.79999996
2025-08-01 10:23:36 AM,1737.9,5,8689.5,35598930.29999996
2025-08-01 10:23:45 AM,1737.9,88,152935.2,35751865.49999996
2025-08-01 10:24:01 AM,1738.0,10,17380.0,35769245.49999996
2025-08-01 10:24:06 AM,1738.9,0,0.0,35769245.49999996
2025-08-01 10:24:07 AM,1738.9,1,1738.9,35770984.39999996
2025-08-01 10:24:14 AM,1738.2,0,0.0,35770984.39999996
2025-08-01 10:24:14 AM,1738.2,10,17382.0,35788366.39999996
2025-08-01 10:24:35 AM,1738.8,1,1738.8,35790105.19999996
2025-08-01 10:24:45 AM,1738.9,2,3477.8,35793582.999999955
2025-08-01 10:24:47 AM,1738.8,50,86940.0,35880522.999999955
2025-08-01 10:24:56 AM,1738.9,1,1738.9,35882261.899999954
2025-08-01 10:25:08 AM,1738.9,1,1738.9,35884000.79999995
2025-08-01 10:25:09 AM,1738.4,0,0.0,35884000.79999995
2025-08-01 10:25:10 AM,1738.4,6,10430.400000000001,35894431.19999995
2025-08-01 10:25:36 AM,1738.9,0,0.0,35894431.19999995
2025-08-01 10:25:37 AM,1738.9,54,93900.6,35988331.79999995
2025-08-01 10:25:39 AM,1738.9,1,1738.9,35990070.69999995
2025-08-01 10:26:24 AM,1739.3,0,0.0,35990070.69999995
2025-08-01 10:26:27 AM,1739.3,308,535704.4,36525775.09999995
2025-08-01 10:26:31 AM,1739.8,0,0.0,36525775.09999995
2025-08-01 10:26:32 AM,1740.0,26,45240.0,36571015.09999995
2025-08-01 10:26:35 AM,1740.0,17,29580.0,36600595.09999995
2025-08-01 10:26:36 AM,1740.4,0,0.0,36600595.09999995
2025-08-01 10:26:38 AM,1740.4,2,3480.8,36604075.89999995
2025-08-01 10:26:45 AM,1741.2,0,0.0,36604075.89999995
2025-08-01 10:26:46 AM,1741.2,1,1741.2,36605817.09999995
2025-08-01 10:26:55 AM,1740.0,0,0.0,36605817.09999995
2025-08-01 10:26:55 AM,1740.0,6,10440.0,36616257.09999995
2025-08-01 10:27:05 AM,1740.1,0,0.0,36616257.09999995
2025-08-01 10:27:05 AM,1740.1,1,1740.1,36617997.19999995
2025-08-01 10:27:35 AM,1739.6,0,0.0,36617997.19999995
2025-08-01 10:27:35 AM,1739.6,1,1739.6,36619736.79999995
2025-08-01 10:27:37 AM,1739.8,0,0.0,36619736.79999995
2025-08-01 10:27:37 AM,1739.8,10,17398.0,36637134.79999995
2025-08-01 10:27:41 AM,1740.0,0,0.0,36637134.79999995
2025-08-01 10:27:41 AM,1740.0,106,184440.0,36821574.79999995
2025-08-01 10:27:44 AM,1740.2,0,0.0,36821574.79999995
2025-08-01 10:27:44 AM,1740.2,1,1740.2,36823314.999999955
2025-08-01 10:27:56 AM,1741.7,20,34834.0,36858148.999999955
2025-08-01 10:28:03 AM,1741.9,1,1741.9,36859890.899999954
2025-08-01 10:28:04 AM,1740.6,0,0.0,36859890.899999954
2025-08-01 10:28:04 AM,1740.6,153,266311.8,37126202.69999995
2025-08-01 10:28:06 AM,1742.0,3,5226.0,37131428.69999995
2025-08-01 10:28:34 AM,1741.2,144,250732.80000000002,37382161.49999995
2025-08-01 10:28:41 AM,1741.8,0,0.0,37382161.49999995
2025-08-01 10:28:41 AM,1741.8,2,3483.6,37385645.09999995
2025-08-01 10:28:46 AM,1741.0,158,275078.0,37660723.09999995
2025-08-01 10:28:46 AM,1741.3,1,1741.3,37662464.39999995
2025-08-01 10:28:58 AM,1741.7,500,870850.0,38533314.39999995
2025-08-01 10:29:00 AM,1741.7,1,1741.7,38535056.09999995
2025-08-01 10:29:04 AM,1741.2,0,0.0,38535056.09999995
2025-08-01 10:29:04 AM,1741.2,100,174120.0,38709176.09999995
2025-08-01 10:29:13 AM,1741.2,285,496242.0,39205418.09999995
2025-08-01 10:29:28 AM,1740.9,10,17409.0,39222827.09999995
2025-08-01 10:29:38 AM,1740.3,0,0.0,39222827.09999995
2025-08-01 10:29:38 AM,1740.3,2,3480.6,39226307.69999995
2025-08-01 10:29:51 AM,1741.2,0,0.0,39226307.69999995
2025-08-01 10:29:51 AM,1741.2,25,43530.0,39269837.69999995
2025-08-01 10:30:00 AM,1741.2,2,3482.4,39273320.09999995
2025-08-01 10:30:03 AM,1741.2,2,3482.4,39276802.49999995
2025-08-01 10:31:21 AM,1741.7,0,0.0,39276802.49999995
2025-08-01 10:31:21 AM,1741.7,7,12191.9,39288994.39999995
2025-08-01 10:31:29 AM,1741.6,6,10449.599999999999,39299443.99999995
2025-08-01 10:31:37 AM,1741.6,1,1741.6,39301185.59999995
2025-08-01 10:31:39 AM,1741.0,0,0.0,39301185.59999995
2025-08-01 10:31:40 AM,1741.0,10,17410.0,39318595.59999995
2025-08-01 10:32:21 AM,1741.6,4,6966.4,39325561.99999995
2025-08-01 10:32:27 AM,1741.7,0,0.0,39325561.99999995
2025-08-01 10:32:28 AM,1741.7,46,80118.2,39405680.19999995
2025-08-01 10:33:28 AM,1741.7,2,3483.4,39409163.59999995
2025-08-01 10:33:46 AM,1741.4,0,0.0,39409163.59999995
2025-08-01 10:33:47 AM,1741.4,5,8707.0,39417870.59999995
2025-08-01 10:33:48 AM,1740.7,0,0.0,39417870.59999995
2025-08-01 10:33:51 AM,1740.7,8,13925.6,39431796.19999995
2025-08-01 10:33:54 AM,1741.3,0,0.0,39431796.19999995
2025-08-01 10:33:56 AM,1741.3,7,12189.1,39443985.29999995
2025-08-01 10:34:00 AM,1741.5,0,0.0,39443985.29999995
2025-08-01 10:34:02 AM,1741.5,1,1741.5,39445726.79999995
2025-08-01 10:34:13 AM,1740.7,0,0.0,39445726.79999995
2025-08-01 10:34:14 AM,1740.7,1,1740.7,39447467.499999955
2025-08-01 10:34:25 AM,1740.7,5,8703.5,39456170.999999955
2025-08-01 10:34:32 AM,1740.7,1,1740.7,39457911.69999996
2025-08-01 10:34:36 AM,1740.7,3,5222.1,39463133.79999996
2025-08-01 10:34:41 AM,1740.7,3,5222.1,39468355.89999996
2025-08-01 10:34:46 AM,1740.5,0,0.0,39468355.89999996
2025-08-01 10:34:47 AM,1740.5,26,45253.0,39513608.89999996
2025-08-01 10:34:49 AM,1740.6,4,6962.4,39520571.29999996
2025-08-01 10:34:52 AM,1740.3,0,0.0,39520571.29999996
2025-08-01 10:34:53 AM,1740.3,733,1275639.9,40796211.19999996
2025-08-01 10:34:55 AM,1740.7,0,0.0,40796211.19999996
2025-08-01 10:34:55 AM,1740.7,25,43517.5,40839728.69999996
2025-08-01 10:34:58 AM,1740.0,0,0.0,40839728.69999996
2025-08-01 10:34:59 AM,1740.0,10,17400.0,40857128.69999996
2025-08-01 10:35:01 AM,1739.9,2,3479.8,40860608.499999955
2025-08-01 10:35:01 AM,1739.7,1,1739.7,40862348.19999996
2025-08-01 10:35:07 AM,1740.9,8,13927.2,40876275.39999996
2025-08-01 10:35:09 AM,1740.0,3,5220.0,40881495.39999996
2025-08-01 10:35:11 AM,1740.0,1,1740.0,40883235.39999996
2025-08-01 10:35:19 AM,1740.0,2,3480.0,40886715.39999996
2025-08-01 10:35:21 AM,1740.0,1,1740.0,40888455.39999996
2025-08-01 10:35:30 AM,1739.7,3,5219.1,40893674.49999996
2025-08-01 10:35:31 AM,1739.4,0,0.0,40893674.49999996
2025-08-01 10:35:31 AM,1739.4,3,5218.200000000001,40898892.699999966
2025-08-01 10:35:31 AM,1739.5,1,1739.5,40900632.199999966
2025-08-01 10:35:40 AM,1739.3,0,0.0,40900632.199999966
2025-08-01 10:35:40 AM,1739.3,2,3478.6,40904110.79999997
2025-08-01 10:35:41 AM,1739.2,0,0.0,40904110.79999997
2025-08-01 10:35:41 AM,1739.2,4,6956.8,40911067.599999964
2025-08-01 10:35:44 AM,1738.8,1,1738.8,40912806.39999996
2025-08-01 10:35:49 AM,1738.7,3,5216.1,40918022.49999996
2025-08-01 10:35:51 AM,1738.6,0,0.0,40918022.49999996
2025-08-01 10:35:51 AM,1738.6,3,5215.799999999999,40923238.29999996
2025-08-01 10:35:51 AM,1738.7,1,1738.7,40924976.99999996
2025-08-01 10:35:59 AM,1738.9,0,0.0,40924976.99999996
2025-08-01 10:35:59 AM,1738.9,86,149545.4,41074522.39999996
2025-08-01 10:36:00 AM,1739.2,0,0.0,41074522.39999996
2025-08-01 10:36:00 AM,1739.2,2,3478.4,41078000.79999996
2025-08-01 10:36:01 AM,1739.1,0,0.0,41078000.79999996
2025-08-01 10:36:01 AM,1739.1,5,8695.5,41086696.29999996
2025-08-01 10:36:02 AM,1738.8,0,0.0,41086696.29999996
2025-08-01 10:36:02 AM,1738.8,1,1738.8,41088435.09999996
2025-08-01 10:36:07 AM,1739.9,1,1739.9,41090174.999999955
2025-08-01 10:36:09 AM,1739.2,3,5217.6,41095392.59999996
2025-08-01 10:36:10 AM,1739.0,3,5217.0,41100609.59999996
2025-08-01 10:36:11 AM,1739.0,1,1739.0,41102348.59999996
2025-08-01 10:36:20 AM,1738.8,0,0.0,41102348.59999996
2025-08-01 10:36:20 AM,1738.8,2,3477.6,41105826.19999996
2025-08-01 10:36:21 AM,1738.8,5,8694.0,41114520.19999996
2025-08-01 10:36:22 AM,1739.9,0,0.0,41114520.19999996
2025-08-01 10:36:22 AM,1739.9,7,12179.300000000001,41126699.499999955
2025-08-01 10:36:29 AM,1739.0,3,5217.0,41131916.499999955
2025-08-01 10:36:31 AM,1739.0,3,5217.0,41137133.499999955
2025-08-01 10:36:31 AM,1739.0,1,1739.0,41138872.499999955
2025-08-01 10:36:39 AM,1739.1,2,3478.2,41142350.69999996
2025-08-01 10:36:41 AM,1739.0,6,10434.0,41152784.69999996
2025-08-01 10:36:50 AM,1739.1,3,5217.299999999999,41158001.999999955
2025-08-01 10:36:51 AM,1739.0,0,0.0,41158001.999999955
2025-08-01 10:36:51 AM,1739.0,3,5217.0,41163218.999999955
2025-08-01 10:36:51 AM,1739.0,2,3478.0,41166696.999999955
2025-08-01 10:37:00 AM,1739.1,0,0.0,41166696.999999955
2025-08-01 10:37:00 AM,1739.1,2,3478.2,41170175.19999996
2025-08-01 10:37:01 AM,1739.1,4,6956.4,41177131.59999996
2025-08-01 10:37:02 AM,1739.1,1,1739.1,41178870.69999996
2025-08-01 10:37:10 AM,1739.2,3,5217.6,41184088.29999996
2025-08-01 10:37:11 AM,1739.1,3,5217.299999999999,41189305.59999996
2025-08-01 10:37:11 AM,1739.1,1,1739.1,41191044.69999996
2025-08-01 10:37:17 AM,1739.8,0,0.0,41191044.69999996
2025-08-01 10:37:17 AM,1739.8,1,1739.8,41192784.499999955
2025-08-01 10:37:20 AM,1739.0,0,0.0,41192784.499999955
2025-08-01 10:37:20 AM,1739.0,2,3478.0,41196262.499999955
2025-08-01 10:37:21 AM,1739.0,6,10434.0,41206696.499999955
2025-08-01 10:37:25 AM,1739.8,5,8699.0,41215395.499999955
2025-08-01 10:37:30 AM,1739.0,3,5217.0,41220612.499999955
2025-08-01 10:37:31 AM,1739.0,3,5217.0,41225829.499999955
2025-08-01 10:37:31 AM,1739.0,1,1739.0,41227568.499999955
2025-08-01 10:37:32 AM,1739.0,84,146076.0,41373644.499999955
2025-08-01 10:37:39 AM,1738.8,2,3477.6,41377122.09999996
2025-08-01 10:37:41 AM,1738.6,0,0.0,41377122.09999996
2025-08-01 10:37:41 AM,1738.6,5,8693.0,41385815.09999996
2025-08-01 10:37:51 AM,1738.5,0,0.0,41385815.09999996
2025-08-01 10:37:51 AM,1738.5,3,5215.5,41391030.59999996
2025-08-01 10:37:51 AM,1738.4,1,1738.4,41392768.999999955
2025-08-01 10:37:52 AM,1738.4,3,5215.200000000001,41397984.19999996
2025-08-01 10:37:58 AM,1739.4,3,5218.200000000001,41403202.39999996
2025-08-01 10:37:59 AM,1739.4,2,3478.8,41406681.19999996
2025-08-01 10:38:01 AM,1738.6,5,8693.0,41415374.19999996
2025-08-01 10:38:02 AM,1738.2,0,0.0,41415374.19999996
2025-08-01 10:38:02 AM,1738.2,1,1738.2,41417112.39999996
2025-08-01 10:38:09 AM,1737.8,3,5213.4,41422325.79999996
2025-08-01 10:38:11 AM,1738.0,0,0.0,41422325.79999996
2025-08-01 10:38:11 AM,1738.3,4,6953.2,41429278.99999996
2025-08-01 10:38:20 AM,1737.9,0,0.0,41429278.99999996
2025-08-01 10:38:20 AM,1737.9,12,20854.800000000003,41450133.79999996
2025-08-01 10:38:21 AM,1738.2,0,0.0,41450133.79999996
2025-08-01 10:38:21 AM,1738.2,4,6952.8,41457086.59999996
2025-08-01 10:38:21 AM,1737.8,1,1737.8,41458824.399999954
2025-08-01 10:38:29 AM,1738.0,12,20856.0,41479680.399999954
2025-08-01 10:38:30 AM,1738.0,3,5214.0,41484894.399999954
2025-08-01 10:38:31 AM,1738.2,1,1738.2,41486632.59999996
2025-08-01 10:38:39 AM,1737.9,2,3475.8,41490108.399999954
2025-08-01 10:38:41 AM,1737.9,5,8689.5,41498797.899999954
2025-08-01 10:38:41 AM,1737.8,1,1737.8,41500535.69999995
2025-08-01 10:38:49 AM,1737.6,3,5212.799999999999,41505748.49999995
2025-08-01 10:38:50 AM,1737.7,3,5213.1,41510961.59999995
2025-08-01 10:38:51 AM,1737.3,1,1737.3,41512698.89999995
2025-08-01 10:38:58 AM,1738.6,5,8693.0,41521391.89999995
2025-08-01 10:39:00 AM,1737.4,0,0.0,41521391.89999995
2025-08-01 10:39:00 AM,1737.4,2,3474.8,41524866.69999994
2025-08-01 10:39:01 AM,1737.5,0,0.0,41524866.69999994
2025-08-01 10:39:01 AM,1737.5,4,6950.0,41531816.69999994
2025-08-01 10:39:01 AM,1737.3,1,1737.3,41533553.99999994
2025-08-01 10:39:09 AM,1737.6,3,5212.799999999999,41538766.79999994
2025-08-01 10:39:11 AM,1737.3,0,0.0,41538766.79999994
2025-08-01 10:39:11 AM,1737.3,3,5211.9,41543978.699999936
2025-08-01 10:39:12 AM,1737.3,1,1737.3,41545715.99999993
2025-08-01 10:39:13 AM,1738.5,0,0.0,41545715.99999993
2025-08-01 10:39:13 AM,1738.5,5,8692.5,41554408.49999993
2025-08-01 10:39:20 AM,1737.3,0,0.0,41554408.49999993
2025-08-01 10:39:20 AM,1737.3,2,3474.6,41557883.099999934
2025-08-01 10:39:21 AM,1737.3,6,10423.8,41568306.89999993
2025-08-01 10:39:29 AM,1737.5,3,5212.5,41573519.39999993
2025-08-01 10:39:30 AM,1737.4,3,5212.200000000001,41578731.599999934
2025-08-01 10:39:31 AM,1737.3,1,1737.3,41580468.89999993
2025-08-01 10:39:39 AM,1737.3,3,5211.9,41585680.79999993
2025-08-01 10:39:41 AM,1737.3,4,6949.2,41592629.99999993
2025-08-01 10:39:41 AM,1737.4,2,3474.8,41596104.79999993
2025-08-01 10:39:49 AM,1737.3,3,5211.9,41601316.69999993
2025-08-01 10:39:51 AM,1737.3,4,6949.2,41608265.89999993
2025-08-01 10:40:00 AM,1737.3,2,3474.6,41611740.49999993
2025-08-01 10:40:01 AM,1737.3,5,8686.5,41620426.99999993
2025-08-01 10:40:02 AM,1737.3,1,1737.3,41622164.29999993
2025-08-01 10:40:03 AM,1738.1,0,0.0,41622164.29999993
2025-08-01 10:40:03 AM,1738.1,9,15642.9,41637807.19999993
2025-08-01 10:40:09 AM,1737.6,3,5212.799999999999,41643019.999999925
2025-08-01 10:40:11 AM,1737.3,5,8686.5,41651706.499999925
2025-08-01 10:40:11 AM,1737.3,1,1737.3,41653443.79999992
2025-08-01 10:40:19 AM,1737.4,2,3474.8,41656918.59999992
2025-08-01 10:40:21 AM,1737.3,4,6949.2,41663867.79999992
2025-08-01 10:40:21 AM,1737.3,4,6949.2,41670816.999999925
2025-08-01 10:40:29 AM,1737.3,3,5211.9,41676028.899999924
2025-08-01 10:40:31 AM,1737.4,0,0.0,41676028.899999924
2025-08-01 10:40:31 AM,1737.3,4,6949.2,41682978.09999993
2025-08-01 10:40:40 AM,1737.4,0,0.0,41682978.09999993
2025-08-01 10:40:40 AM,1737.4,2,3474.8,41686452.899999924
2025-08-01 10:40:41 AM,1737.4,5,8687.0,41695139.899999924
2025-08-01 10:40:41 AM,1737.4,1,1737.4,41696877.29999992
2025-08-01 10:40:49 AM,1737.4,3,5212.200000000001,41702089.499999925
2025-08-01 10:40:50 AM,1737.4,3,5212.200000000001,41707301.69999993
2025-08-01 10:40:52 AM,1737.4,1,1737.4,41709039.09999993
2025-08-01 10:40:55 AM,1737.4,1,1737.4,41710776.499999925
2025-08-01 10:41:00 AM,1737.4,2,3474.8,41714251.29999992
2025-08-01 10:41:01 AM,1737.3,0,0.0,41714251.29999992
2025-08-01 10:41:01 AM,1737.3,4,6949.2,41721200.499999925
2025-08-01 10:41:01 AM,1737.3,2,3474.6,41724675.09999993
2025-08-01 10:41:08 AM,1737.3,6,10423.8,41735098.899999924
2025-08-01 10:41:09 AM,1737.2,3,5211.6,41740310.499999925
2025-08-01 10:41:10 AM,1737.1,3,5211.299999999999,41745521.79999992
2025-08-01 10:41:11 AM,1737.1,1,1737.1,41747258.899999924
2025-08-01 10:41:19 AM,1736.8,2,3473.6,41750732.499999925
2025-08-01 10:41:21 AM,1736.7,5,8683.5,41759415.999999925
2025-08-01 10:41:22 AM,1736.3,0,0.0,41759415.999999925
2025-08-01 10:41:22 AM,1736.3,1,1736.3,41761152.29999992
2025-08-01 10:41:29 AM,1736.4,3,5209.200000000001,41766361.499999925
2025-08-01 10:41:31 AM,1736.5,0,0.0,41766361.499999925
2025-08-01 10:41:31 AM,1736.5,3,5209.5,41771570.999999925
2025-08-01 10:41:31 AM,1736.5,1,1736.5,41773307.499999925
2025-08-01 10:41:39 AM,1736.2,4,6944.8,41780252.29999992
2025-08-01 10:41:41 AM,1736.2,5,8681.0,41788933.29999992
2025-08-01 10:41:50 AM,1736.2,3,5208.6,41794141.899999924
2025-08-01 10:41:51 AM,1736.2,3,5208.6,41799350.499999925
2025-08-01 10:41:51 AM,1736.1,1,1736.1,41801086.59999993
2025-08-01 10:41:59 AM,1737.3,0,0.0,41801086.59999993
2025-08-01 10:41:59 AM,1737.3,1,1737.3,41802823.899999924
2025-08-01 10:42:00 AM,1736.3,0,0.0,41802823.899999924
2025-08-01 10:42:00 AM,1736.3,2,3472.6,41806296.499999925
2025-08-01 10:42:01 AM,1738.4,0,0.0,41806296.499999925
2025-08-01 10:42:01 AM,1738.4,1450,2520680.0,44326976.499999925
2025-08-01 10:42:02 AM,1738.2,0,0.0,44326976.499999925
2025-08-01 10:42:02 AM,1738.2,1,1738.2,44328714.69999993
2025-08-01 10:42:05 AM,1740.0,1713,2980620.0,47309334.69999993
2025-08-01 10:42:06 AM,1740.5,0,0.0,47309334.69999993
2025-08-01 10:42:06 AM,1740.5,338,588289.0,47897623.69999993
2025-08-01 10:42:09 AM,1740.1,3,5220.299999999999,47902843.999999925
2025-08-01 10:42:10 AM,1740.1,3,5220.299999999999,47908064.29999992
2025-08-01 10:42:12 AM,1740.1,1,1740.1,47909804.399999924
2025-08-01 10:42:15 AM,1740.9,0,0.0,47909804.399999924
2025-08-01 10:42:15 AM,1740.9,2,3481.8,47913286.19999992
2025-08-01 10:42:18 AM,1740.9,1,1740.9,47915027.09999992
2025-08-01 10:42:19 AM,1740.0,2,3480.0,47918507.09999992
2025-08-01 10:42:21 AM,1740.0,4,6960.0,47925467.09999992
2025-08-01 10:42:21 AM,1740.0,1,1740.0,47927207.09999992
2025-08-01 10:42:27 AM,1742.0,3189,5555238.0,53482445.09999992
2025-08-01 10:42:30 AM,1740.0,0,0.0,53482445.09999992
2025-08-01 10:42:30 AM,1740.0,3,5220.0,53487665.09999992
2025-08-01 10:42:31 AM,1740.0,3,5220.0,53492885.09999992
2025-08-01 10:42:31 AM,1740.0,2,3480.0,53496365.09999992
2025-08-01 10:42:40 AM,1739.3,2,3478.6,53499843.69999992
2025-08-01 10:42:41 AM,1738.8,5,8694.0,53508537.69999992
2025-08-01 10:42:42 AM,1738.8,1,1738.8,53510276.49999992
2025-08-01 10:42:50 AM,1738.6,0,0.0,53510276.49999992
2025-08-01 10:42:50 AM,1738.6,3,5215.799999999999,53515492.299999915
2025-08-01 10:42:51 AM,1738.7,4,6954.8,53522447.09999991
2025-08-01 10:42:55 AM,1739.9,24,41757.600000000006,53564204.69999991
2025-08-01 10:42:55 AM,1739.9,5,8699.5,53572904.19999991
2025-08-01 10:42:59 AM,1739.0,2,3478.0,53576382.19999991
2025-08-01 10:43:01 AM,1739.0,4,6956.0,53583338.19999991
2025-08-01 10:43:01 AM,1739.0,1,1739.0,53585077.19999991
2025-08-01 10:43:10 AM,1739.3,3,5217.9,53590295.09999991
2025-08-01 10:43:11 AM,1739.1,0,0.0,53590295.09999991
2025-08-01 10:43:11 AM,1739.1,3,5217.299999999999,53595512.39999991
2025-08-01 10:43:11 AM,1739.2,1,1739.2,53597251.59999991
2025-08-01 10:43:19 AM,1738.8,2,3477.6,53600729.19999991
2025-08-01 10:43:21 AM,1738.7,7,12170.9,53612900.09999991
2025-08-01 10:43:21 AM,1738.8,1,1738.8,53614638.89999991
2025-08-01 10:43:29 AM,1738.7,3,5216.1,53619854.99999991
2025-08-01 10:43:30 AM,1738.7,3,5216.1,53625071.09999991
2025-08-01 10:43:31 AM,1738.7,9,15648.300000000001,53640719.39999991
2025-08-01 10:43:35 AM,1737.9,0,0.0,53640719.39999991
2025-08-01 10:43:35 AM,1737.9,1,1737.9,53642457.29999991
2025-08-01 10:43:37 AM,1738.6,1,1738.6,53644195.89999991
2025-08-01 10:43:40 AM,1737.8,0,0.0,53644195.89999991
2025-08-01 10:43:40 AM,1737.8,2,3475.6,53647671.49999991
2025-08-01 10:43:41 AM,1737.6,5,8688.0,53656359.49999991
2025-08-01 10:43:50 AM,1738.0,3,5214.0,53661573.49999991
2025-08-01 10:43:51 AM,1737.7,0,0.0,53661573.49999991
2025-08-01 10:43:51 AM,1737.7,3,5213.1,53666786.59999991
2025-08-01 10:43:52 AM,1737.9,0,0.0,53666786.59999991
2025-08-01 10:43:52 AM,1737.9,1,1737.9,53668524.49999991
2025-08-01 10:44:00 AM,1737.8,0,0.0,53668524.49999991
2025-08-01 10:44:00 AM,1737.8,2,3475.6,53672000.09999991
2025-08-01 10:44:01 AM,1737.7,5,8688.5,53680688.59999991
2025-08-01 10:44:02 AM,1737.7,1,1737.7,53682426.299999915
2025-08-01 10:44:08 AM,1737.7,8,13901.6,53696327.89999992
2025-08-01 10:44:10 AM,1737.8,0,0.0,53696327.89999992
2025-08-01 10:44:10 AM,1737.8,3,5213.4,53701541.299999915
2025-08-01 10:44:11 AM,1738.0,0,0.0,53701541.299999915
2025-08-01 10:44:11 AM,1737.9,4,6951.6,53708492.89999992
2025-08-01 10:44:20 AM,1737.9,2,3475.8,53711968.69999991
2025-08-01 10:44:21 AM,1737.8,4,6951.2,53718919.89999992
2025-08-01 10:44:22 AM,1737.8,1,1737.8,53720657.69999991
2025-08-01 10:44:30 AM,1737.8,3,5213.4,53725871.09999991
2025-08-01 10:44:31 AM,1737.8,3,5213.4,53731084.49999991
2025-08-01 10:44:31 AM,1737.7,1,1737.7,53732822.19999991
2025-08-01 10:44:40 AM,1737.9,2,3475.8,53736297.99999991
2025-08-01 10:44:41 AM,1738.2,5,8691.0,53744988.99999991
2025-08-01 10:44:42 AM,1738.2,1,1738.2,53746727.19999991
2025-08-01 10:44:49 AM,1738.3,5,8691.5,53755418.69999991
2025-08-01 10:44:51 AM,1738.3,4,6953.2,53762371.89999992
2025-08-01 10:44:54 AM,1738.6,60,104316.0,53866687.89999992
2025-08-01 10:45:00 AM,1738.8,0,0.0,53866687.89999992
2025-08-01 10:45:00 AM,1738.8,2,3477.6,53870165.49999992
2025-08-01 10:45:01 AM,1738.9,1,1738.9,53871904.39999992
2025-08-01 10:45:09 AM,1738.6,33,57373.799999999996,53929278.19999991
2025-08-01 10:45:11 AM,1738.7,1,1738.7,53931016.89999992
2025-08-01 10:45:19 AM,1738.9,2,3477.8,53934494.69999991
2025-08-01 10:45:21 AM,1738.9,2,3477.8,53937972.49999991
2025-08-01 10:45:29 AM,1738.9,3,5216.700000000001,53943189.19999991
2025-08-01 10:45:31 AM,1738.9,1,1738.9,53944928.09999991
2025-08-01 10:45:39 AM,1738.9,2,3477.8,53948405.89999991
2025-08-01 10:45:41 AM,1738.9,1,1738.9,53950144.79999991
2025-08-01 10:45:49 AM,1738.9,3,5216.700000000001,53955361.49999991
2025-08-01 10:45:51 AM,1738.9,1,1738.9,53957100.39999991
2025-08-01 10:45:59 AM,1738.9,2,3477.8,53960578.199999906
2025-08-01 10:46:00 AM,1738.9,2,3477.8,53964055.9999999
2025-08-01 10:46:02 AM,1738.9,1,1738.9,53965794.8999999
2025-08-01 10:46:08 AM,1738.9,9,15650.1,53981444.9999999
2025-08-01 10:46:09 AM,1738.6,3,5215.799999999999,53986660.7999999
2025-08-01 10:46:11 AM,1738.2,1,1738.2,53988398.9999999
2025-08-01 10:46:20 AM,1738.2,2,3476.4,53991875.3999999
2025-08-01 10:46:21 AM,1738.2,1,1738.2,53993613.599999905
2025-08-01 10:46:29 AM,1738.1,3,5214.299999999999,53998827.8999999
2025-08-01 10:46:31 AM,1738.1,1,1738.1,54000565.9999999
2025-08-01 10:46:40 AM,1738.1,2,3476.2,54004042.199999906
2025-08-01 10:46:41 AM,1738.1,1,1738.1,54005780.29999991
2025-08-01 10:46:50 AM,1738.2,0,0.0,54005780.29999991
2025-08-01 10:46:50 AM,1738.2,3,5214.6,54010994.89999991
2025-08-01 10:46:52 AM,1738.2,1,1738.2,54012733.09999991
2025-08-01 10:47:00 AM,1738.2,2,3476.4,54016209.49999991
2025-08-01 10:47:02 AM,1738.2,1,1738.2,54017947.69999991
2025-08-01 10:47:05 AM,1738.2,12,20858.4,54038806.09999991
2025-08-01 10:47:08 AM,1738.1,0,0.0,54038806.09999991
2025-08-01 10:47:08 AM,1738.1,9,15642.9,54054448.99999991
2025-08-01 10:47:10 AM,1738.1,3,5214.299999999999,54059663.29999991
2025-08-01 10:47:11 AM,1738.1,1,1738.1,54061401.39999991
2025-08-01 10:47:19 AM,1738.1,2,3476.2,54064877.59999991
2025-08-01 10:47:21 AM,1738.1,1,1738.1,54066615.69999991
2025-08-01 10:47:23 AM,1738.1,2,3476.2,54070091.89999992
2025-08-01 10:47:30 AM,1738.1,3,5214.299999999999,54075306.19999991
2025-08-01 10:47:32 AM,1738.1,1,1738.1,54077044.299999915
2025-08-01 10:47:36 AM,1738.1,10,17381.0,54094425.299999915
2025-08-01 10:47:40 AM,1738.1,2,3476.2,54097901.49999992
2025-08-01 10:47:41 AM,1738.1,1,1738.1,54099639.59999992
2025-08-01 10:47:44 AM,1737.9,0,0.0,54099639.59999992
2025-08-01 10:47:44 AM,1737.9,47,81681.3,54181320.89999992
2025-08-01 10:47:50 AM,1737.1,0,0.0,54181320.89999992
2025-08-01 10:47:50 AM,1737.1,3,5211.299999999999,54186532.19999991
2025-08-01 10:47:59 AM,1737.1,2,3474.2,54190006.39999992
2025-08-01 10:48:08 AM,1736.8,0,0.0,54190006.39999992
2025-08-01 10:48:08 AM,1736.8,9,15631.199999999999,54205637.59999992
2025-08-01 10:48:09 AM,1736.6,20,34732.0,54240369.59999992
2025-08-01 10:48:10 AM,1736.4,0,0.0,54240369.59999992
2025-08-01 10:48:10 AM,1736.4,3,5209.200000000001,54245578.79999992
2025-08-01 10:48:15 AM,1737.5,218,378775.0,54624353.79999992
2025-08-01 10:48:16 AM,1737.5,20,34750.0,54659103.79999992
2025-08-01 10:48:17 AM,1737.5,356,618550.0,55277653.79999992
2025-08-01 10:48:18 AM,1738.3,0,0.0,55277653.79999992
2025-08-01 10:48:18 AM,1738.3,70,121681.0,55399334.79999992
2025-08-01 10:48:20 AM,1738.5,0,0.0,55399334.79999992
2025-08-01 10:48:20 AM,1738.5,2,3477.0,55402811.79999992
2025-08-01 10:48:29 AM,1738.5,3,5215.5,55408027.29999992
2025-08-01 10:48:40 AM,1738.6,2,3477.2,55411504.499999925
2025-08-01 10:48:50 AM,1738.8,3,5216.4,55416720.899999924
2025-08-01 10:49:00 AM,1738.8,2,3477.6,55420198.499999925
2025-08-01 10:49:07 AM,1739.8,4,6959.2,55427157.69999993
2025-08-01 10:49:09 AM,1739.2,3,5217.6,55432375.29999993
2025-08-01 10:49:20 AM,1739.1,0,0.0,55432375.29999993
2025-08-01 10:49:20 AM,1739.1,2,3478.2,55435853.49999993
2025-08-01 10:49:26 AM,1739.1,19,33042.9,55468896.39999993
2025-08-01 10:49:30 AM,1738.6,0,0.0,55468896.39999993
2025-08-01 10:49:30 AM,1738.6,3,5215.799999999999,55474112.19999993
2025-08-01 10:49:40 AM,1738.5,2,3477.0,55477589.19999993
2025-08-01 10:49:49 AM,1738.4,3,5215.200000000001,55482804.39999993
2025-08-01 10:49:57 AM,1738.5,0,0.0,55482804.39999993
2025-08-01 10:49:57 AM,1738.5,5,8692.5,55491496.89999993
2025-08-01 10:49:59 AM,1738.4,3,5215.200000000001,55496712.099999934
2025-08-01 10:50:08 AM,1738.6,0,0.0,55496712.099999934
2025-08-01 10:50:08 AM,1738.6,9,15647.4,55512359.49999993
2025-08-01 10:50:10 AM,1738.6,3,5215.799999999999,55517575.29999993
2025-08-01 10:50:20 AM,1738.5,2,3477.0,55521052.29999993
2025-08-01 10:50:30 AM,1738.4,3,5215.200000000001,55526267.49999993
2025-08-01 10:50:39 AM,1738.5,2,3477.0,55529744.49999993
2025-08-01 10:50:49 AM,1737.9,3,5213.700000000001,55534958.199999936
2025-08-01 10:51:00 AM,1737.6,0,0.0,55534958.199999936
2025-08-01 10:51:00 AM,1737.6,2,3475.2,55538433.39999994
2025-08-01 10:51:10 AM,1737.3,0,0.0,55538433.39999994
2025-08-01 10:51:10 AM,1737.3,3,5211.9,55543645.29999994
2025-08-01 10:51:20 AM,1737.1,2,3474.2,55547119.49999994
2025-08-01 10:51:27 AM,1738.1,0,0.0,55547119.49999994
2025-08-01 10:51:27 AM,1738.1,1,1738.1,55548857.59999994
2025-08-01 10:51:29 AM,1737.0,3,5211.0,55554068.59999994
2025-08-01 10:51:40 AM,1737.4,2,3474.8,55557543.39999994
2025-08-01 10:51:45 AM,1737.5,1,1737.5,55559280.89999994
2025-08-01 10:51:49 AM,1737.6,3,5212.799999999999,55564493.699999936
2025-08-01 10:51:59 AM,1737.6,2,3475.2,55567968.89999994
2025-08-01 10:52:00 AM,1737.6,9,15638.4,55583607.29999994
2025-08-01 10:52:09 AM,1737.6,3,5212.799999999999,55588820.099999934
2025-08-01 10:52:19 AM,1737.6,2,3475.2,55592295.29999994
2025-08-01 10:52:29 AM,1737.6,3,5212.799999999999,55597508.099999934
2025-08-01 10:52:39 AM,1737.6,2,3475.2,55600983.29999994
2025-08-01 10:52:50 AM,1737.6,3,5212.799999999999,55606196.099999934
2025-08-01 10:52:54 AM,1737.6,18,31276.8,55637472.89999993
2025-08-01 10:53:00 AM,1737.6,2,3475.2,55640948.099999934
2025-08-01 10:53:03 AM,1737.6,2,3475.2,55644423.29999994
2025-08-01 10:53:09 AM,1737.5,3,5212.5,55649635.79999994
2025-08-01 10:53:10 AM,1737.6,0,0.0,55649635.79999994
2025-08-01 10:53:10 AM,1737.6,1,1737.6,55651373.39999994
2025-08-01 10:53:12 AM,1737.6,1,1737.6,55653110.99999994
2025-08-01 10:53:12 AM,1738.0,0,0.0,55653110.99999994
2025-08-01 10:53:12 AM,1738.0,34,59092.0,55712202.99999994
2025-08-01 10:53:19 AM,1737.4,2,3474.8,55715677.79999994
2025-08-01 10:53:20 AM,1737.1,0,0.0,55715677.79999994
2025-08-01 10:53:20 AM,1737.1,2,3474.2,55719151.99999994
2025-08-01 10:53:28 AM,1737.5,0,0.0,55719151.99999994
2025-08-01 10:53:28 AM,1737.5,1,1737.5,55720889.49999994
2025-08-01 10:53:29 AM,1737.0,3,5211.0,55726100.49999994
2025-08-01 10:53:39 AM,1737.0,2,3474.0,55729574.49999994
2025-08-01 10:53:43 AM,1737.1,1,1737.1,55731311.59999994
2025-08-01 10:53:50 AM,1737.1,6,10422.599999999999,55741734.19999994
2025-08-01 10:54:00 AM,1737.1,2,3474.2,55745208.39999995
2025-08-01 10:54:09 AM,1737.1,2,3474.2,55748682.59999995
2025-08-01 10:54:10 AM,1737.1,3,5211.299999999999,55753893.89999995
2025-08-01 10:54:18 AM,1737.1,20,34742.0,55788635.89999995
2025-08-01 10:54:19 AM,1737.0,2,3474.0,55792109.89999995
2025-08-01 10:54:23 AM,1737.0,1,1737.0,55793846.89999995
2025-08-01 10:54:28 AM,1737.0,2,3474.0,55797320.89999995
2025-08-01 10:54:28 AM,1737.8,0,0.0,55797320.89999995
2025-08-01 10:54:28 AM,1737.8,285,495273.0,56292593.89999995
2025-08-01 10:54:30 AM,1737.1,0,0.0,56292593.89999995
2025-08-01 10:54:30 AM,1737.1,3,5211.299999999999,56297805.19999994
2025-08-01 10:54:40 AM,1737.0,2,3474.0,56301279.19999994
2025-08-01 10:54:45 AM,1737.0,2,3474.0,56304753.19999994
2025-08-01 10:54:48 AM,1736.8,30,52104.0,56356857.19999994
2025-08-01 10:54:50 AM,1737.0,0,0.0,56356857.19999994
2025-08-01 10:54:50 AM,1737.0,3,5211.0,56362068.19999994
2025-08-01 10:55:03 AM,1737.0,2,3474.0,56365542.19999994
2025-08-01 10:55:18 AM,1737.0,12,20844.0,56386386.19999994
2025-08-01 10:55:21 AM,1736.9,0,0.0,56386386.19999994
2025-08-01 10:55:21 AM,1736.9,2,3473.8,56389859.99999994
2025-08-01 10:55:22 AM,1737.0,1,1737.0,56391596.99999994
2025-08-01 10:55:41 AM,1736.8,2,3473.6,56395070.59999994
2025-08-01 10:56:07 AM,1737.0,0,0.0,56395070.59999994
2025-08-01 10:56:07 AM,1737.0,3,5211.0,56400281.59999994
2025-08-01 10:56:38 AM,1736.3,2,3472.6,56403754.19999994
2025-08-01 10:56:54 AM,1736.2,3,5208.6,56408962.799999945
2025-08-01 10:56:59 AM,1736.2,22,38196.4,56447159.19999994
2025-08-01 10:57:06 AM,1736.2,2,3472.4,56450631.59999994
2025-08-01 10:57:12 AM,1736.7,1,1736.7,56452368.299999945
2025-08-01 10:57:15 AM,1736.2,0,0.0,56452368.299999945
2025-08-01 10:57:15 AM,1736.2,3,5208.6,56457576.89999995
2025-08-01 10:57:26 AM,1736.7,2,3473.4,56461050.299999945
2025-08-01 10:57:26 AM,1736.2,0,0.0,56461050.299999945
2025-08-01 10:57:26 AM,1736.2,2,3472.4,56464522.69999994
2025-08-01 10:57:33 AM,1736.2,2,3472.4,56467995.09999994
2025-08-01 10:57:49 AM,1736.3,0,0.0,56467995.09999994
2025-08-01 10:57:49 AM,1736.3,5,8681.5,56476676.59999994
2025-08-01 10:57:54 AM,1736.2,0,0.0,56476676.59999994
2025-08-01 10:57:54 AM,1736.2,2,3472.4,56480148.99999994
2025-08-01 10:58:06 AM,1736.7,5,8683.5,56488832.49999994
2025-08-01 10:58:07 AM,1736.7,33,57311.1,56546143.59999994
2025-08-01 10:58:11 AM,1736.8,2,3473.6,56549617.19999994
2025-08-01 10:58:31 AM,1736.8,3,5210.4,56554827.59999994
2025-08-01 10:58:38 AM,1737.5,0,0.0,56554827.59999994
2025-08-01 10:58:38 AM,1737.5,1,1737.5,56556565.09999994
2025-08-01 10:58:50 AM,1736.8,0,0.0,56556565.09999994
2025-08-01 10:58:50 AM,1736.8,2,3473.6,56560038.69999994
2025-08-01 10:59:06 AM,1736.8,2,3473.6,56563512.299999945
2025-08-01 10:59:15 AM,1737.6,0,0.0,56563512.299999945
2025-08-01 10:59:15 AM,1737.6,3,5212.799999999999,56568725.09999994
2025-08-01 10:59:23 AM,1736.8,2,3473.6,56572198.69999994
2025-08-01 10:59:29 AM,1736.8,16,27788.8,56599987.49999994
2025-08-01 10:59:45 AM,1736.8,2,3473.6,56603461.09999994
2025-08-01 11:00:03 AM,1736.9,3,5210.700000000001,56608671.799999945
2025-08-01 11:00:18 AM,1736.9,2,3473.8,56612145.59999994
2025-08-01 11:00:20 AM,1737.6,38,66028.8,56678174.39999994
2025-08-01 11:00:35 AM,1737.2,0,0.0,56678174.39999994
2025-08-01 11:00:35 AM,1737.2,2,3474.4,56681648.79999994
2025-08-01 11:00:41 AM,1736.7,93,161513.1,56843161.89999994
2025-08-01 11:00:52 AM,1736.9,0,0.0,56843161.89999994
2025-08-01 11:00:52 AM,1736.9,2,3473.8,56846635.699999936
2025-08-01 11:01:09 AM,1737.2,2,3474.4,56850110.099999934
2025-08-01 11:01:27 AM,1737.3,3,5211.9,56855321.99999993
2025-08-01 11:01:28 AM,1737.7,1,1737.7,56857059.699999936
2025-08-01 11:01:41 AM,1737.7,64,111212.8,56968272.49999993
2025-08-01 11:01:47 AM,1737.3,2,3474.6,56971747.099999934
2025-08-01 11:02:11 AM,1736.9,2,3473.8,56975220.89999993
2025-08-01 11:02:53 AM,1737.1,0,0.0,56975220.89999993
2025-08-01 11:02:53 AM,1737.1,2,3474.2,56978695.099999934
2025-08-01 11:03:09 AM,1737.6,0,0.0,56978695.099999934
2025-08-01 11:03:09 AM,1737.6,50,86880.0,57065575.099999934
2025-08-01 11:03:10 AM,1737.2,3,5211.6,57070786.699999936
2025-08-01 11:03:13 AM,1737.6,2,3475.2,57074261.89999994
2025-08-01 11:03:31 AM,1737.4,0,0.0,57074261.89999994
2025-08-01 11:03:31 AM,1737.4,1,1737.4,57075999.29999994
2025-08-01 11:03:55 AM,1738.1,0,0.0,57075999.29999994
2025-08-01 11:03:55 AM,1738.1,211,366739.1,57442738.39999994
2025-08-01 11:04:00 AM,1737.8,0,0.0,57442738.39999994
2025-08-01 11:04:00 AM,1737.8,2,3475.6,57446213.99999994
2025-08-01 11:04:25 AM,1738.7,0,0.0,57446213.99999994
2025-08-01 11:04:25 AM,1738.7,20,34774.0,57480987.99999994
2025-08-01 11:04:38 AM,1738.7,4,6954.8,57487942.79999994
2025-08-01 11:04:49 AM,1737.9,1,1737.9,57489680.699999936
2025-08-01 11:04:52 AM,1738.7,0,0.0,57489680.699999936
2025-08-01 11:04:52 AM,1738.7,23,39990.1,57529670.79999994
2025-08-01 11:05:10 AM,1738.5,0,0.0,57529670.79999994
2025-08-01 11:05:10 AM,1738.5,4,6954.0,57536624.79999994
2025-08-01 11:05:12 AM,1738.5,50,86925.0,57623549.79999994
2025-08-01 11:05:45 AM,1738.3,5,8691.5,57632241.29999994
2025-08-01 11:06:58 AM,1738.0,0,0.0,57632241.29999994
2025-08-01 11:06:58 AM,1738.0,8,13904.0,57646145.29999994
2025-08-01 11:07:12 AM,1737.2,5,8686.0,57654831.29999994
2025-08-01 11:07:27 AM,1737.9,0,0.0,57654831.29999994
2025-08-01 11:07:27 AM,1737.9,4,6951.6,57661782.89999994
2025-08-01 11:07:39 AM,1738.0,0,0.0,57661782.89999994
2025-08-01 11:07:39 AM,1738.0,9,15642.0,57677424.89999994
2025-08-01 11:07:41 AM,1738.6,5,8693.0,57686117.89999994
2025-08-01 11:07:58 AM,1737.6,0,0.0,57686117.89999994
2025-08-01 11:07:58 AM,1737.6,146,253689.59999999998,57939807.49999994
2025-08-01 11:08:18 AM,1737.0,0,0.0,57939807.49999994
2025-08-01 11:08:18 AM,1737.0,18,31266.0,57971073.49999994
2025-08-01 11:08:56 AM,1737.0,30,52110.0,58023183.49999994
2025-08-01 11:08:57 AM,1737.6,0,0.0,58023183.49999994
2025-08-01 11:08:57 AM,1737.6,1,1737.6,58024921.09999994
2025-08-01 11:10:35 AM,1736.7,0,0.0,58024921.09999994
2025-08-01 11:10:36 AM,1736.7,25,43417.5,58068338.59999994
2025-08-01 11:10:47 AM,1735.0,153,265455.0,58333793.59999994
2025-08-01 11:10:57 AM,1736.3,0,0.0,58333793.59999994
2025-08-01 11:10:57 AM,1736.3,6,10417.8,58344211.39999994
2025-08-01 11:11:54 AM,1735.5,9,15619.5,58359830.89999994
2025-08-01 11:12:19 AM,1735.5,30,52065.0,58411895.89999994
2025-08-01 11:12:29 AM,1735.5,16,27768.0,58439663.89999994
2025-08-01 11:12:37 AM,1736.3,0,0.0,58439663.89999994
2025-08-01 11:12:37 AM,1736.3,1,1736.3,58441400.199999936
2025-08-01 11:13:25 AM,1734.7,100,173470.0,58614870.199999936
2025-08-01 11:14:26 AM,1734.9,0,0.0,58614870.199999936
2025-08-01 11:14:26 AM,1734.9,1,1734.9,58616605.099999934
2025-08-01 11:17:09 AM,1734.8,0,0.0,58616605.099999934
2025-08-01 11:17:09 AM,1734.8,10,17348.0,58633953.099999934
2025-08-01 11:17:25 AM,1734.8,1,1734.8,58635687.89999993
2025-08-01 11:17:39 AM,1734.7,223,386838.10000000003,59022525.99999993
2025-08-01 11:17:39 AM,1734.8,0,0.0,59022525.99999993
2025-08-01 11:17:39 AM,1734.9,518,898678.2000000001,59921204.199999936
2025-08-01 11:18:05 AM,1734.3,0,0.0,59921204.199999936
2025-08-01 11:18:05 AM,1734.3,3,5202.9,59926407.099999934
2025-08-01 11:18:52 AM,1735.3,4,6941.2,59933348.29999994
2025-08-01 11:19:31 AM,1735.3,5,8676.5,59942024.79999994
2025-08-01 11:19:58 AM,1734.6,0,0.0,59942024.79999994
2025-08-01 11:19:58 AM,1734.6,15,26019.0,59968043.79999994
2025-08-01 11:20:43 AM,1734.3,3,5202.9,59973246.699999936
2025-08-01 11:20:52 AM,1734.3,5,8671.5,59981918.199999936
2025-08-01 11:20:55 AM,1734.6,0,0.0,59981918.199999936
2025-08-01 11:20:55 AM,1734.6,2,3469.2,59985387.39999994
2025-08-01 11:20:57 AM,1734.5,92,159574.0,60144961.39999994
2025-08-01 11:21:11 AM,1734.5,1,1734.5,60146695.89999994
2025-08-01 11:21:19 AM,1734.0,0,0.0,60146695.89999994
2025-08-01 11:21:19 AM,1734.0,60,104040.0,60250735.89999994
2025-08-01 11:21:22 AM,1734.5,0,0.0,60250735.89999994
2025-08-01 11:21:22 AM,1734.5,1,1734.5,60252470.39999994
2025-08-01 11:22:28 AM,1734.4,0,0.0,60252470.39999994
2025-08-01 11:22:28 AM,1734.4,20,34688.0,60287158.39999994
2025-08-01 11:22:28 AM,1733.7,0,0.0,60287158.39999994
2025-08-01 11:22:28 AM,1733.7,50,86685.0,60373843.39999994
2025-08-01 11:22:33 AM,1734.5,0,0.0,60373843.39999994
2025-08-01 11:22:33 AM,1734.5,45,78052.5,60451895.89999994
2025-08-01 11:22:40 AM,1735.3,0,0.0,60451895.89999994
2025-08-01 11:22:40 AM,1735.3,25,43382.5,60495278.39999994
2025-08-01 11:22:59 AM,1735.0,0,0.0,60495278.39999994
2025-08-01 11:22:59 AM,1735.0,5,8675.0,60503953.39999994
2025-08-01 11:23:24 AM,1733.5,0,0.0,60503953.39999994
2025-08-01 11:23:24 AM,1733.5,18,31203.0,60535156.39999994
2025-08-01 11:23:37 AM,1733.5,500,866750.0,61401906.39999994
2025-08-01 11:23:38 AM,1733.0,473,819709.0,62221615.39999994
2025-08-01 11:23:49 AM,1733.0,3,5199.0,62226814.39999994
2025-08-01 11:24:04 AM,1733.1,5,8665.5,62235479.89999994
2025-08-01 11:24:10 AM,1733.0,0,0.0,62235479.89999994
2025-08-01 11:24:10 AM,1733.0,19,32927.0,62268406.89999994
2025-08-01 11:24:37 AM,1733.0,91,157703.0,62426109.89999994
2025-08-01 11:25:01 AM,1732.5,0,0.0,62426109.89999994
2025-08-01 11:25:01 AM,1732.5,49,84892.5,62511002.39999994
2025-08-01 11:25:12 AM,1733.0,170,294610.0,62805612.39999994
2025-08-01 11:25:30 AM,1732.8,32,55449.6,62861061.99999994
2025-08-01 11:25:42 AM,1732.5,10,17325.0,62878386.99999994
2025-08-01 11:25:57 AM,1733.1,0,0.0,62878386.99999994
2025-08-01 11:25:57 AM,1733.1,5,8665.5,62887052.49999994
2025-08-01 11:26:04 AM,1733.2,0,0.0,62887052.49999994
2025-08-01 11:26:04 AM,1733.2,100,173320.0,63060372.49999994
2025-08-01 11:26:16 AM,1733.2,10,17332.0,63077704.49999994
2025-08-01 11:27:15 AM,1734.1,320,554912.0,63632616.49999994
2025-08-01 11:27:19 AM,1733.7,0,0.0,63632616.49999994
2025-08-01 11:27:19 AM,1733.7,5,8668.5,63641284.99999994
2025-08-01 11:27:38 AM,1733.7,2,3467.4,63644752.39999994
2025-08-01 11:27:40 AM,1733.7,27,46809.9,63691562.29999994
2025-08-01 11:27:52 AM,1733.7,8,13869.6,63705431.89999994
2025-08-01 11:28:31 AM,1733.7,66,114424.2,63819856.09999994
2025-08-01 11:29:05 AM,1733.7,1,1733.7,63821589.799999945
2025-08-01 11:29:40 AM,1733.5,59,102276.5,63923866.299999945
2025-08-01 11:30:14 AM,1733.1,15,25996.5,63949862.799999945
2025-08-01 11:30:59 AM,1732.4,50,86620.0,64036482.799999945
2025-08-01 11:31:07 AM,1732.0,0,0.0,64036482.799999945
2025-08-01 11:31:07 AM,1732.0,126,218232.0,64254714.799999945
2025-08-01 11:31:15 AM,1732.7,3,5198.1,64259912.89999995
2025-08-01 11:31:19 AM,1732.0,0,0.0,64259912.89999995
2025-08-01 11:31:19 AM,1732.0,10,17320.0,64277232.89999995
2025-08-01 11:31:36 AM,1731.7,0,0.0,64277232.89999995
2025-08-01 11:31:36 AM,1731.7,157,271876.9,64549109.799999945
2025-08-01 11:31:37 AM,1731.6,0,0.0,64549109.799999945
2025-08-01 11:31:37 AM,1731.6,100,173160.0,64722269.799999945
2025-08-01 11:31:40 AM,1732.0,0,0.0,64722269.799999945
2025-08-01 11:31:40 AM,1732.0,1,1732.0,64724001.799999945
2025-08-01 11:32:02 AM,1730.7,556,962269.2000000001,65686270.99999995
2025-08-01 11:32:13 AM,1731.9,25,43297.5,65729568.49999995
2025-08-01 11:32:17 AM,1731.8,1,1731.8,65731300.299999945
2025-08-01 11:32:35 AM,1731.8,5,8659.0,65739959.299999945
2025-08-01 11:32:36 AM,1731.8,20,34636.0,65774595.299999945
2025-08-01 11:32:41 AM,1731.8,2,3463.6,65778058.89999995
2025-08-01 11:33:18 AM,1731.7,1,1731.7,65779790.59999995
2025-08-01 11:33:19 AM,1731.7,1,1731.7,65781522.29999995
2025-08-01 11:33:20 AM,1731.7,20,34634.0,65816156.29999995
2025-08-01 11:33:22 AM,1731.7,1,1731.7,65817887.999999955
2025-08-01 11:33:30 AM,1731.8,0,0.0,65817887.999999955
2025-08-01 11:33:30 AM,1731.8,2,3463.6,65821351.59999996
2025-08-01 11:33:33 AM,1731.8,1,1731.8,65823083.399999954
2025-08-01 11:33:34 AM,1731.9,0,0.0,65823083.399999954
2025-08-01 11:33:34 AM,1731.9,2,3463.8,65826547.19999995
2025-08-01 11:33:37 AM,1731.9,7,12123.300000000001,65838670.49999995
2025-08-01 11:33:45 AM,1731.9,2,3463.8,65842134.299999945
2025-08-01 11:33:51 AM,1730.6,74,128064.4,65970198.69999994
2025-08-01 11:33:51 AM,1730.6,6,10383.599999999999,65980582.299999945
2025-08-01 11:33:56 AM,1731.0,0,0.0,65980582.299999945
2025-08-01 11:33:56 AM,1731.0,5,8655.0,65989237.299999945
2025-08-01 11:34:05 AM,1731.0,1,1731.0,65990968.299999945
2025-08-01 11:34:22 AM,1731.0,17,29427.0,66020395.299999945
2025-08-01 11:34:52 AM,1730.9,10,17309.0,66037704.299999945
2025-08-01 11:35:44 AM,1730.0,0,0.0,66037704.299999945
2025-08-01 11:35:44 AM,1730.0,190,328700.0,66366404.299999945
2025-08-01 11:35:44 AM,1730.6,0,0.0,66366404.299999945
2025-08-01 11:35:44 AM,1730.6,4,6922.4,66373326.69999994
2025-08-01 11:35:48 AM,1729.8,0,0.0,66373326.69999994
2025-08-01 11:35:48 AM,1729.8,1,1729.8,66375056.49999994
2025-08-01 11:36:16 AM,1730.6,2,3461.2,66378517.69999994
2025-08-01 11:36:30 AM,1729.5,50,86475.0,66464992.69999994
2025-08-01 11:36:34 AM,1730.6,0,0.0,66464992.69999994
2025-08-01 11:36:34 AM,1730.6,1,1730.6,66466723.299999945
2025-08-01 11:36:42 AM,1729.6,0,0.0,66466723.299999945
2025-08-01 11:36:42 AM,1729.6,20,34592.0,66501315.299999945
2025-08-01 11:36:54 AM,1729.3,2,3458.6,66504773.89999995
2025-08-01 11:37:01 AM,1729.0,0,0.0,66504773.89999995
2025-08-01 11:37:01 AM,1729.0,30,51870.0,66556643.89999995
2025-08-01 11:37:07 AM,1728.1,0,0.0,66556643.89999995
2025-08-01 11:37:07 AM,1728.1,25,43202.5,66599846.39999995
2025-08-01 11:37:14 AM,1728.1,100,172810.0,66772656.39999995
2025-08-01 11:37:15 AM,1728.1,73,126151.29999999999,66898807.69999994
2025-08-01 11:37:21 AM,1729.1,30,51873.0,66950680.69999994
2025-08-01 11:37:32 AM,1729.1,2,3458.2,66954138.89999995
2025-08-01 11:37:41 AM,1729.1,10,17291.0,66971429.89999995
2025-08-01 11:37:52 AM,1729.1,10,17291.0,66988720.89999995
2025-08-01 11:37:56 AM,1729.0,0,0.0,66988720.89999995
2025-08-01 11:37:56 AM,1729.0,3,5187.0,66993907.89999995
2025-08-01 11:37:58 AM,1729.0,40,69160.0,67063067.89999995
2025-08-01 11:38:15 AM,1729.0,90,155610.0,67218677.89999995
2025-08-01 11:38:21 AM,1729.0,27,46683.0,67265360.89999995
2025-08-01 11:38:43 AM,1729.0,3,5187.0,67270547.89999995
2025-08-01 11:39:29 AM,1729.0,1,1729.0,67272276.89999995
2025-08-01 11:39:32 AM,1728.6,0,0.0,67272276.89999995
2025-08-01 11:39:32 AM,1728.6,16,27657.6,67299934.49999994
2025-08-01 11:39:40 AM,1727.8,0,0.0,67299934.49999994
2025-08-01 11:39:41 AM,1727.8,53,91573.4,67391507.89999995
2025-08-01 11:39:45 AM,1728.8,1,1728.8,67393236.69999994
2025-08-01 11:39:57 AM,1728.8,5,8644.0,67401880.69999994
2025-08-01 11:40:51 AM,1728.7,9,15558.300000000001,67417438.99999994
2025-08-01 11:40:54 AM,1728.7,1,1728.7,67419167.69999994
2025-08-01 11:41:20 AM,1728.0,2,3456.0,67422623.69999994
2025-08-01 11:41:21 AM,1728.7,4,6914.8,67429538.49999994
2025-08-01 11:41:29 AM,1728.7,2,3457.4,67432995.89999995
2025-08-01 11:41:29 AM,1728.7,35,60504.5,67493500.39999995
2025-08-01 11:41:34 AM,1728.7,157,271405.9,67764906.29999995
2025-08-01 11:41:54 AM,1728.1,20,34562.0,67799468.29999995
2025-08-01 11:42:00 AM,1728.6,11,19014.6,67818482.89999995
2025-08-01 11:42:08 AM,1728.6,1,1728.6,67820211.49999994
2025-08-01 11:42:27 AM,1728.7,1,1728.7,67821940.19999994
2025-08-01 11:43:18 AM,1728.5,1,1728.5,67823668.69999994
2025-08-01 11:43:24 AM,1727.8,0,0.0,67823668.69999994
2025-08-01 11:43:24 AM,1727.8,8,13822.4,67837491.09999995
2025-08-01 11:44:01 AM,1727.8,10,17278.0,67854769.09999995
2025-08-01 11:44:07 AM,1727.5,0,0.0,67854769.09999995
2025-08-01 11:44:07 AM,1727.5,2,3455.0,67858224.09999995
2025-08-01 11:44:08 AM,1727.9,0,0.0,67858224.09999995
2025-08-01 11:44:08 AM,1727.9,1,1727.9,67859951.99999996
2025-08-01 11:44:10 AM,1727.9,1,1727.9,67861679.89999996
2025-08-01 11:44:20 AM,1726.4,0,0.0,67861679.89999996
2025-08-01 11:44:20 AM,1726.4,240,414336.0,68276015.89999996
2025-08-01 11:44:21 AM,1726.4,17,29348.800000000003,68305364.69999996
2025-08-01 11:44:23 AM,1727.5,0,0.0,68305364.69999996
2025-08-01 11:44:24 AM,1727.5,3,5182.5,68310547.19999996
2025-08-01 11:44:46 AM,1727.5,16,27640.0,68338187.19999996
2025-08-01 11:44:53 AM,1727.4,0,0.0,68338187.19999996
2025-08-01 11:44:53 AM,1727.4,10,17274.0,68355461.19999996
2025-08-01 11:46:19 AM,1727.0,7,12089.0,68367550.19999996
2025-08-01 11:46:25 AM,1726.0,609,1051134.0,69418684.19999996
2025-08-01 11:46:30 AM,1726.5,0,0.0,69418684.19999996
2025-08-01 11:46:30 AM,1726.5,10,17265.0,69435949.19999996
2025-08-01 11:46:47 AM,1726.5,14,24171.0,69460120.19999996
2025-08-01 11:46:49 AM,1727.2,0,0.0,69460120.19999996
2025-08-01 11:46:49 AM,1727.2,1,1727.2,69461847.39999996
2025-08-01 11:46:51 AM,1726.1,0,0.0,69461847.39999996
2025-08-01 11:46:51 AM,1726.1,9,15534.9,69477382.29999997
2025-08-01 11:46:55 AM,1725.3,0,0.0,69477382.29999997
2025-08-01 11:46:55 AM,1725.3,200,345060.0,69822442.29999997
2025-08-01 11:47:02 AM,1725.8,30,51774.0,69874216.29999997
2025-08-01 11:47:04 AM,1726.9,12,20722.800000000003,69894939.09999996
2025-08-01 11:47:07 AM,1725.6,0,0.0,69894939.09999996
2025-08-01 11:47:08 AM,1725.5,272,469336.0,70364275.09999996
2025-08-01 11:47:09 AM,1725.9,2,3451.8,70367726.89999996
2025-08-01 11:47:12 AM,1726.9,1,1726.9,70369453.79999997
2025-08-01 11:47:14 AM,1725.6,50,86280.0,70455733.79999997
2025-08-01 11:47:15 AM,1727.0,0,0.0,70455733.79999997
2025-08-01 11:47:16 AM,1727.0,70,120890.0,70576623.79999997
2025-08-01 11:47:18 AM,1725.9,0,0.0,70576623.79999997
2025-08-01 11:47:18 AM,1725.9,20,34518.0,70611141.79999997
2025-08-01 11:47:22 AM,1725.7,5,8628.5,70619770.29999997
2025-08-01 11:47:23 AM,1726.7,65,112235.5,70732005.79999997
2025-08-01 11:47:23 AM,1725.7,0,0.0,70732005.79999997
2025-08-01 11:47:23 AM,1725.7,54,93187.8,70825193.59999996
2025-08-01 11:47:26 AM,1726.1,0,0.0,70825193.59999996
2025-08-01 11:47:26 AM,1726.1,100,172610.0,70997803.59999996
2025-08-01 11:47:33 AM,1726.0,0,0.0,70997803.59999996
2025-08-01 11:47:33 AM,1726.0,1,1726.0,70999529.59999996
2025-08-01 11:48:07 AM,1725.1,1,1725.1,71001254.69999996
2025-08-01 11:48:11 AM,1725.0,0,0.0,71001254.69999996
2025-08-01 11:48:11 AM,1725.0,100,172500.0,71173754.69999996
2025-08-01 11:48:33 AM,1725.8,0,0.0,71173754.69999996
2025-08-01 11:48:33 AM,1725.8,101,174305.8,71348060.49999996
2025-08-01 11:48:48 AM,1726.6,0,0.0,71348060.49999996
2025-08-01 11:48:48 AM,1726.6,400,690640.0,72038700.49999996
2025-08-01 11:48:59 AM,1726.2,150,258930.0,72297630.49999996
2025-08-01 11:49:10 AM,1726.2,50,86310.0,72383940.49999996
2025-08-01 11:49:17 AM,1726.2,20,34524.0,72418464.49999996
2025-08-01 11:49:19 AM,1726.2,8,13809.6,72432274.09999995
2025-08-01 11:49:20 AM,1726.2,1,1726.2,72434000.29999995
2025-08-01 11:49:37 AM,1726.1,18,31069.8,72465070.09999995
2025-08-01 11:50:00 AM,1726.2,0,0.0,72465070.09999995
2025-08-01 11:50:00 AM,1726.2,1,1726.2,72466796.29999995
2025-08-01 11:50:05 AM,1726.2,13,22440.600000000002,72489236.89999995
2025-08-01 11:50:13 AM,1726.3,0,0.0,72489236.89999995
2025-08-01 11:50:15 AM,1726.3,5,8631.5,72497868.39999995
2025-08-01 11:51:06 AM,1726.8,0,0.0,72497868.39999995
2025-08-01 11:51:10 AM,1726.8,2,3453.6,72501321.99999994
2025-08-01 11:51:17 AM,1727.0,0,0.0,72501321.99999994
2025-08-01 11:51:20 AM,1727.0,162,279774.0,72781095.99999994
2025-08-01 11:51:41 AM,1726.2,0,0.0,72781095.99999994
2025-08-01 11:51:44 AM,1726.2,9,15535.800000000001,72796631.79999994
2025-08-01 11:52:20 AM,1726.2,140,241668.0,73038299.79999994
2025-08-01 11:52:24 AM,1727.0,0,0.0,73038299.79999994
2025-08-01 11:52:25 AM,1727.0,5,8635.0,73046934.79999994
2025-08-01 11:52:32 AM,1727.1,0,0.0,73046934.79999994
2025-08-01 11:52:35 AM,1727.1,1,1727.1,73048661.89999993
2025-08-01 11:52:40 AM,1727.1,22,37996.2,73086658.09999993
2025-08-01 11:53:27 AM,1727.5,0,0.0,73086658.09999993
2025-08-01 11:53:27 AM,1727.5,30,51825.0,73138483.09999993
2025-08-01 11:53:33 AM,1727.6,10,17276.0,73155759.09999993
2025-08-01 11:53:34 AM,1727.6,3,5182.799999999999,73160941.89999993
2025-08-01 11:53:51 AM,1727.4,42,72550.8,73233492.69999993
2025-08-01 11:54:11 AM,1728.0,5,8640.0,73242132.69999993
2025-08-01 11:54:24 AM,1728.0,9,15552.0,73257684.69999993
2025-08-01 11:54:26 AM,1728.6,3,5185.799999999999,73262870.49999993
2025-08-01 11:54:26 AM,1729.4,500,864700.0,74127570.49999993
2025-08-01 11:54:38 AM,1729.6,190,328624.0,74456194.49999993
2025-08-01 11:54:56 AM,1728.3,0,0.0,74456194.49999993
2025-08-01 11:54:56 AM,1728.3,6,10369.8,74466564.29999992
2025-08-01 11:54:58 AM,1729.2,4,6916.8,74473481.09999992
2025-08-01 11:55:15 AM,1728.1,142,245390.19999999998,74718871.29999992
2025-08-01 11:55:24 AM,1729.0,2,3458.0,74722329.29999992
2025-08-01 11:55:33 AM,1728.2,0,0.0,74722329.29999992
2025-08-01 11:55:33 AM,1728.2,10,17282.0,74739611.29999992
2025-08-01 11:55:59 AM,1728.2,2,3456.4,74743067.69999993
2025-08-01 11:56:03 AM,1728.9,0,0.0,74743067.69999993
2025-08-01 11:56:04 AM,1728.9,25,43222.5,74786290.19999993
2025-08-01 11:56:09 AM,1728.2,35,60487.0,74846777.19999993
2025-08-01 11:56:10 AM,1728.2,25,43205.0,74889982.19999993
2025-08-01 11:56:27 AM,1729.6,150,259440.0,75149422.19999993
2025-08-01 11:56:40 AM,1729.1,4,6916.4,75156338.59999993
2025-08-01 11:56:43 AM,1728.2,390,673998.0,75830336.59999993
2025-08-01 11:56:48 AM,1728.0,50,86400.0,75916736.59999993
2025-08-01 11:56:52 AM,1728.0,1,1728.0,75918464.59999993
2025-08-01 11:57:05 AM,1727.4,0,0.0,75918464.59999993
2025-08-01 11:57:05 AM,1727.4,10,17274.0,75935738.59999993
2025-08-01 11:57:23 AM,1728.6,145,250647.0,76186385.59999993
2025-08-01 11:57:28 AM,1727.9,0,0.0,76186385.59999993
2025-08-01 11:57:28 AM,1727.9,1,1727.9,76188113.49999994
2025-08-01 11:57:30 AM,1727.4,0,0.0,76188113.49999994
2025-08-01 11:57:30 AM,1727.4,15,25911.0,76214024.49999994
2025-08-01 11:57:54 AM,1727.6,0,0.0,76214024.49999994
2025-08-01 11:57:54 AM,1727.6,2,3455.2,76217479.69999994
2025-08-01 11:57:55 AM,1727.0,4,6908.0,76224387.69999994
2025-08-01 11:57:56 AM,1727.6,0,0.0,76224387.69999994
2025-08-01 11:57:56 AM,1727.6,64,110566.4,76334954.09999995
2025-08-01 11:58:02 AM,1727.6,1,1727.6,76336681.69999994
2025-08-01 11:58:08 AM,1727.0,0,0.0,76336681.69999994
2025-08-01 11:58:08 AM,1727.0,90,155430.0,76492111.69999994
2025-08-01 11:58:30 AM,1727.6,0,0.0,76492111.69999994
2025-08-01 11:58:31 AM,1727.6,1,1727.6,76493839.29999994
2025-08-01 11:58:31 AM,1727.0,0,0.0,76493839.29999994
2025-08-01 11:58:32 AM,1727.0,163,281501.0,76775340.29999994
2025-08-01 11:58:44 AM,1726.8,0,0.0,76775340.29999994
2025-08-01 11:58:45 AM,1726.8,2,3453.6,76778793.89999993
2025-08-01 11:58:50 AM,1725.7,15,25885.5,76804679.39999993
2025-08-01 11:58:58 AM,1725.6,0,0.0,76804679.39999993
2025-08-01 11:58:58 AM,1725.6,1,1725.6,76806404.99999993
2025-08-01 11:59:06 AM,1726.5,0,0.0,76806404.99999993
2025-08-01 11:59:06 AM,1726.5,1,1726.5,76808131.49999993
2025-08-01 11:59:27 AM,1726.6,2,3453.2,76811584.69999993
2025-08-01 11:59:30 AM,1726.5,0,0.0,76811584.69999993
2025-08-01 11:59:30 AM,1726.5,5,8632.5,76820217.19999993
2025-08-01 11:59:33 AM,1725.3,0,0.0,76820217.19999993
2025-08-01 11:59:33 AM,1725.3,65,112144.5,76932361.69999993
2025-08-01 11:59:36 AM,1726.5,0,0.0,76932361.69999993
2025-08-01 11:59:37 AM,1726.5,6,10359.0,76942720.69999993
2025-08-01 11:59:43 AM,1726.5,5,8632.5,76951353.19999993
2025-08-01 11:59:55 AM,1726.5,1,1726.5,76953079.69999993
2025-08-01 12:00:02 PM,1726.4,3,5179.200000000001,76958258.89999993
2025-08-01 12:00:41 PM,1725.5,5,8627.5,76966886.39999993
2025-08-01 12:00:59 PM,1725.0,0,0.0,76966886.39999993
2025-08-01 12:00:59 PM,1725.0,1,1725.0,76968611.39999993
2025-08-01 12:01:11 PM,1725.5,1,1725.5,76970336.89999993
2025-08-01 12:01:27 PM,1725.7,50,86285.0,77056621.89999993
2025-08-01 12:01:35 PM,1725.7,5,8628.5,77065250.39999993
2025-08-01 12:01:36 PM,1725.7,1,1725.7,77066976.09999993
2025-08-01 12:01:53 PM,1725.7,30,51771.0,77118747.09999993
2025-08-01 12:01:56 PM,1725.7,1,1725.7,77120472.79999994
2025-08-01 12:02:06 PM,1725.7,30,51771.0,77172243.79999994
2025-08-01 12:02:09 PM,1724.6,833,1436591.7999999998,78608835.59999993
2025-08-01 12:02:22 PM,1724.6,10,17246.0,78626081.59999993
2025-08-01 12:02:27 PM,1724.8,5,8624.0,78634705.59999993
2025-08-01 12:02:43 PM,1724.7,0,0.0,78634705.59999993
2025-08-01 12:02:44 PM,1724.7,8,13797.6,78648503.19999993
2025-08-01 12:02:45 PM,1724.8,0,0.0,78648503.19999993
2025-08-01 12:02:47 PM,1724.8,1,1724.8,78650227.99999993
2025-08-01 12:03:38 PM,1723.7,0,0.0,78650227.99999993
2025-08-01 12:03:39 PM,1723.7,355,611913.5,79262141.49999993
2025-08-01 12:03:41 PM,1724.0,0,0.0,79262141.49999993
2025-08-01 12:03:42 PM,1724.0,5,8620.0,79270761.49999993
2025-08-01 12:03:49 PM,1723.9,0,0.0,79270761.49999993
2025-08-01 12:03:49 PM,1723.9,1,1723.9,79272485.39999993
2025-08-01 12:04:08 PM,1723.9,3,5171.700000000001,79277657.09999993
2025-08-01 12:04:33 PM,1723.9,9,15515.1,79293172.19999993
2025-08-01 12:04:42 PM,1723.9,1,1723.9,79294896.09999993
2025-08-01 12:04:48 PM,1724.0,0,0.0,79294896.09999993
2025-08-01 12:04:49 PM,1724.0,118,203432.0,79498328.09999993
2025-08-01 12:04:50 PM,1723.7,0,0.0,79498328.09999993
2025-08-01 12:04:52 PM,1723.7,6,10342.2,79508670.29999994
2025-08-01 12:04:56 PM,1721.7,0,0.0,79508670.29999994
2025-08-01 12:04:57 PM,1721.7,52,89528.40000000001,79598198.69999994
2025-08-01 12:05:00 PM,1722.6,0,0.0,79598198.69999994
2025-08-01 12:05:02 PM,1722.7,0,0.0,79598198.69999994
2025-08-01 12:05:02 PM,1722.7,54,93025.8,79691224.49999994
2025-08-01 12:05:06 PM,1722.1,0,0.0,79691224.49999994
2025-08-01 12:05:08 PM,1722.1,1,1722.1,79692946.59999993
2025-08-01 12:05:12 PM,1721.4,0,0.0,79692946.59999993
2025-08-01 12:05:13 PM,1721.4,580,998412.0,80691358.59999993
2025-08-01 12:05:14 PM,1722.1,0,0.0,80691358.59999993
2025-08-01 12:05:14 PM,1722.1,2,3444.2,80694802.79999994
2025-08-01 12:05:16 PM,1722.8,0,0.0,80694802.79999994
2025-08-01 12:05:18 PM,1722.8,14,24119.2,80718921.99999994
2025-08-01 12:05:38 PM,1722.8,115,198122.0,80917043.99999994
2025-08-01 12:05:48 PM,1724.7,0,0.0,80917043.99999994
2025-08-01 12:05:53 PM,1724.7,500,862350.0,81779393.99999994
2025-08-01 12:05:54 PM,1723.8,0,0.0,81779393.99999994
2025-08-01 12:05:58 PM,1723.8,18,31028.399999999998,81810422.39999995
2025-08-01 12:06:00 PM,1723.7,0,0.0,81810422.39999995
2025-08-01 12:06:03 PM,1723.7,1,1723.7,81812146.09999995
2025-08-01 12:06:23 PM,1723.7,4,6894.8,81819040.89999995
2025-08-01 12:07:07 PM,1723.8,79,136180.19999999998,81955221.09999995
2025-08-01 12:07:32 PM,1724.2,7,12069.4,81967290.49999996
2025-08-01 12:07:58 PM,1724.9,2,3449.8,81970740.29999995
2025-08-01 12:08:08 PM,1724.9,30,51747.0,82022487.29999995
2025-08-01 12:08:33 PM,1723.1,0,0.0,82022487.29999995
2025-08-01 12:08:33 PM,1723.1,300,516930.0,82539417.29999995
2025-08-01 12:09:31 PM,1724.5,0,0.0,82539417.29999995
2025-08-01 12:09:32 PM,1724.5,50,86225.0,82625642.29999995
2025-08-01 12:09:36 PM,1724.4,1,1724.4,82627366.69999996
2025-08-01 12:09:53 PM,1725.0,0,0.0,82627366.69999996
2025-08-01 12:09:53 PM,1725.0,84,144900.0,82772266.69999996
2025-08-01 12:10:13 PM,1724.5,1,1724.5,82773991.19999996
2025-08-01 12:10:17 PM,1724.6,1,1724.6,82775715.79999995
2025-08-01 12:10:20 PM,1724.8,0,0.0,82775715.79999995
2025-08-01 12:10:20 PM,1724.8,100,172480.0,82948195.79999995
2025-08-01 12:10:41 PM,1723.1,0,0.0,82948195.79999995
2025-08-01 12:10:41 PM,1723.1,100,172310.0,83120505.79999995
2025-08-01 12:11:03 PM,1723.4,1,1723.4,83122229.19999996
2025-08-01 12:11:31 PM,1724.5,17,29316.5,83151545.69999996
2025-08-01 12:11:36 PM,1725.9,0,0.0,83151545.69999996
2025-08-01 12:11:36 PM,1725.9,1,1725.9,83153271.59999996
2025-08-01 12:12:28 PM,1725.6,1,1725.6,83154997.19999996
2025-08-01 12:12:40 PM,1724.4,2,3448.8,83158445.99999996
2025-08-01 12:12:45 PM,1724.3,2,3448.6,83161894.59999995
2025-08-01 12:12:45 PM,1725.2,0,0.0,83161894.59999995
2025-08-01 12:12:45 PM,1725.2,1,1725.2,83163619.79999995
2025-08-01 12:12:48 PM,1724.1,0,0.0,83163619.79999995
2025-08-01 12:12:48 PM,1724.1,20,34482.0,83198101.79999995
2025-08-01 12:13:10 PM,1724.5,0,0.0,83198101.79999995
2025-08-01 12:13:11 PM,1724.2,15,25863.0,83223964.79999995
2025-08-01 12:13:22 PM,1724.9,1,1724.9,83225689.69999996
2025-08-01 12:13:22 PM,1724.9,2,3449.8,83229139.49999996
2025-08-01 12:13:23 PM,1724.9,18,31048.2,83260187.69999996
2025-08-01 12:13:30 PM,1725.1,0,0.0,83260187.69999996
2025-08-01 12:13:30 PM,1725.1,1,1725.1,83261912.79999995
2025-08-01 12:13:45 PM,1724.2,0,0.0,83261912.79999995
2025-08-01 12:13:45 PM,1724.2,2,3448.4,83265361.19999996
2025-08-01 12:14:08 PM,1725.2,0,0.0,83265361.19999996
2025-08-01 12:14:09 PM,1725.2,10,17252.0,83282613.19999996
2025-08-01 12:14:16 PM,1726.4,1,1726.4,83284339.59999996
2025-08-01 12:14:29 PM,1725.4,5,8627.0,83292966.59999996
2025-08-01 12:14:39 PM,1725.5,2,3451.0,83296417.59999996
2025-08-01 12:15:15 PM,1725.6,2,3451.2,83299868.79999997
2025-08-01 12:15:30 PM,1726.3,10,17263.0,83317131.79999997
2025-08-01 12:15:39 PM,1726.1,10,17261.0,83334392.79999997
2025-08-01 12:16:11 PM,1726.4,0,0.0,83334392.79999997
2025-08-01 12:16:11 PM,1726.4,10,17264.0,83351656.79999997
2025-08-01 12:16:18 PM,1726.0,2,3452.0,83355108.79999997
2025-08-01 12:16:33 PM,1726.4,0,0.0,83355108.79999997
2025-08-01 12:16:33 PM,1726.4,2,3452.8,83358561.59999996
2025-08-01 12:16:40 PM,1726.4,248,428147.2,83786708.79999997
2025-08-01 12:17:00 PM,1726.5,18,31077.0,83817785.79999997
2025-08-01 12:17:15 PM,1726.1,2,3452.2,83821237.99999997
2025-08-01 12:17:18 PM,1726.5,8,13812.0,83835049.99999997
2025-08-01 12:17:22 PM,1726.5,6,10359.0,83845408.99999997
2025-08-01 12:17:37 PM,1726.1,0,0.0,83845408.99999997
2025-08-01 12:17:37 PM,1726.1,7,12082.699999999999,83857491.69999997
2025-08-01 12:17:38 PM,1726.0,0,0.0,83857491.69999997
2025-08-01 12:17:38 PM,1726.0,2,3452.0,83860943.69999997
2025-08-01 12:17:43 PM,1726.1,13,22439.3,83883382.99999997
2025-08-01 12:17:57 PM,1726.2,2,3452.4,83886835.39999998
2025-08-01 12:17:59 PM,1727.0,0,0.0,83886835.39999998
2025-08-01 12:18:00 PM,1727.0,28,48356.0,83935191.39999998
2025-08-01 12:18:04 PM,1727.1,0,0.0,83935191.39999998
2025-08-01 12:18:04 PM,1727.1,4,6908.4,83942099.79999998
2025-08-01 12:18:28 PM,1727.0,6,10362.0,83952461.79999998
2025-08-01 12:18:45 PM,1726.0,0,0.0,83952461.79999998
2025-08-01 12:18:45 PM,1726.0,2,3452.0,83955913.79999998
2025-08-01 12:19:15 PM,1726.0,109,188134.0,84144047.79999998
2025-08-01 12:19:22 PM,1725.4,0,0.0,84144047.79999998
2025-08-01 12:19:22 PM,1722.8,0,0.0,84144047.79999998
2025-08-01 12:19:23 PM,1722.8,1064,1833059.2,85977106.99999999
2025-08-01 12:19:24 PM,1723.0,0,0.0,85977106.99999999
2025-08-01 12:19:25 PM,1723.0,7,12061.0,85989167.99999999
2025-08-01 12:19:41 PM,1722.9,2,3445.8,85992613.79999998
2025-08-01 12:20:07 PM,1723.2,0,0.0,85992613.79999998
2025-08-01 12:20:07 PM,1723.2,14,24124.8,86016738.59999998
2025-08-01 12:20:13 PM,1723.2,4,6892.8,86023631.39999998
2025-08-01 12:20:14 PM,1723.2,26,44803.200000000004,86068434.59999998
2025-08-01 12:20:21 PM,1723.2,153,263649.60000000003,86332084.19999997
2025-08-01 12:20:24 PM,1724.0,2,3448.0,86335532.19999997
2025-08-01 12:20:42 PM,1723.5,1,1723.5,86337255.69999997
2025-08-01 12:20:44 PM,1723.9,0,0.0,86337255.69999997
2025-08-01 12:20:45 PM,1723.9,2,3447.8,86340703.49999997
2025-08-01 12:21:15 PM,1723.2,0,0.0,86340703.49999997
2025-08-01 12:21:17 PM,1723.2,2,3446.4,86344149.89999998
2025-08-01 12:21:31 PM,1723.2,5,8616.0,86352765.89999998
2025-08-01 12:21:40 PM,1723.9,0,0.0,86352765.89999998
2025-08-01 12:21:40 PM,1723.9,23,39649.700000000004,86392415.59999998
2025-08-01 12:21:44 PM,1724.0,0,0.0,86392415.59999998
2025-08-01 12:21:45 PM,1724.0,1,1724.0,86394139.59999998
2025-08-01 12:21:55 PM,1724.0,1,1724.0,86395863.59999998
2025-08-01 12:21:58 PM,1723.3,0,0.0,86395863.59999998
2025-08-01 12:22:00 PM,1723.3,4,6893.2,86402756.79999998
2025-08-01 12:22:03 PM,1724.0,0,0.0,86402756.79999998
2025-08-01 12:22:05 PM,1724.0,2,3448.0,86406204.79999998
2025-08-01 12:22:15 PM,1723.3,0,0.0,86406204.79999998
2025-08-01 12:22:16 PM,1723.3,2,3446.6,86409651.39999998
2025-08-01 12:22:42 PM,1723.3,28,48252.4,86457903.79999998
2025-08-01 12:22:47 PM,1723.3,2,3446.6,86461350.39999998
2025-08-01 12:23:11 PM,1723.5,0,0.0,86461350.39999998
2025-08-01 12:23:12 PM,1723.5,2,3447.0,86464797.39999998
2025-08-01 12:23:29 PM,1724.0,0,0.0,86464797.39999998
2025-08-01 12:23:31 PM,1724.0,9,15516.0,86480313.39999998
2025-08-01 12:23:36 PM,1723.4,5,8617.0,86488930.39999998
2025-08-01 12:23:45 PM,1723.3,0,0.0,86488930.39999998
2025-08-01 12:23:46 PM,1723.3,2,3446.6,86492376.99999997
2025-08-01 12:23:56 PM,1723.9,3,5171.700000000001,86497548.69999997
2025-08-01 12:23:56 PM,1723.3,139,239538.69999999998,86737087.39999998
2025-08-01 12:24:01 PM,1723.3,7,12063.1,86749150.49999997
2025-08-01 12:24:16 PM,1723.4,0,0.0,86749150.49999997
2025-08-01 12:24:16 PM,1723.4,2,3446.8,86752597.29999997
2025-08-01 12:24:19 PM,1723.3,0,0.0,86752597.29999997
2025-08-01 12:24:20 PM,1723.9,0,0.0,86752597.29999997
2025-08-01 12:24:21 PM,1723.9,11,18962.9,86771560.19999997
2025-08-01 12:24:26 PM,1723.7,1,1723.7,86773283.89999998
2025-08-01 12:24:38 PM,1723.9,0,0.0,86773283.89999998
2025-08-01 12:24:39 PM,1723.8,0,0.0,86773283.89999998
2025-08-01 12:24:40 PM,1723.8,23,39647.4,86812931.29999998
2025-08-01 12:25:02 PM,1723.6,0,0.0,86812931.29999998
2025-08-01 12:25:02 PM,1723.6,25,43090.0,86856021.29999998
2025-08-01 12:25:15 PM,1723.7,0,0.0,86856021.29999998
2025-08-01 12:25:15 PM,1723.7,2,3447.4,86859468.69999999
2025-08-01 12:25:46 PM,1723.8,2,3447.6,86862916.29999998
2025-08-01 12:26:16 PM,1723.9,2,3447.8,86866364.09999998
2025-08-01 12:26:42 PM,1724.0,0,0.0,86866364.09999998
2025-08-01 12:26:43 PM,1723.8,19,32752.2,86899116.29999998
2025-08-01 12:26:45 PM,1723.7,1,1723.7,86900839.99999999
2025-08-01 12:26:54 PM,1724.0,0,0.0,86900839.99999999
2025-08-01 12:26:54 PM,1724.0,1,1724.0,86902563.99999999
2025-08-01 12:27:09 PM,1724.5,10,17245.0,86919808.99999999
2025-08-01 12:27:09 PM,1724.5,1,1724.5,86921533.49999999
2025-08-01 12:27:14 PM,1723.8,2,3447.6,86924981.09999998
2025-08-01 12:27:27 PM,1723.6,4,6894.4,86931875.49999999
2025-08-01 12:27:38 PM,1724.0,2,3448.0,86935323.49999999
2025-08-01 12:27:46 PM,1723.8,1,1723.8,86937047.29999998
2025-08-01 12:27:51 PM,1724.5,4,6898.0,86943945.29999998
2025-08-01 12:28:16 PM,1723.8,2,3447.6,86947392.89999998
2025-08-01 12:28:45 PM,1724.6,0,0.0,86947392.89999998
2025-08-01 12:28:45 PM,1724.6,12,20695.199999999997,86968088.09999998
2025-08-01 12:28:48 PM,1724.5,1,1724.5,86969812.59999998
2025-08-01 12:28:59 PM,1723.8,1,1723.8,86971536.39999998
2025-08-01 12:29:08 PM,1723.6,67,115481.2,87087017.59999998
2025-08-01 12:29:15 PM,1723.6,2,3447.2,87090464.79999998
2025-08-01 12:29:32 PM,1723.6,5,8618.0,87099082.79999998
2025-08-01 12:29:45 PM,1723.6,2,3447.2,87102529.99999999
2025-08-01 12:29:59 PM,1723.6,73,125822.79999999999,87228352.79999998
2025-08-01 12:30:02 PM,1723.8,1,1723.8,87230076.59999998
2025-08-01 12:30:14 PM,1723.3,0,0.0,87230076.59999998
2025-08-01 12:30:15 PM,1722.8,893,1538460.4,88768536.99999999
2025-08-01 12:30:15 PM,1722.0,0,0.0,88768536.99999999
2025-08-01 12:30:17 PM,1722.0,10,17220.0,88785756.99999999
2025-08-01 12:30:27 PM,1722.4,0,0.0,88785756.99999999
2025-08-01 12:30:28 PM,1722.4,2,3444.8,88789201.79999998
2025-08-01 12:30:34 PM,1722.2,0,0.0,88789201.79999998
2025-08-01 12:30:36 PM,1722.2,2,3444.4,88792646.19999999
2025-08-01 12:30:40 PM,1721.1,0,0.0,88792646.19999999
2025-08-01 12:30:41 PM,1721.1,150,258165.0,89050811.19999999
