date,price,qty,trnvr,cum_trnvr
2025-08-01 09:15:01 AM,614.85,2723,1674236.55,1674236.55
2025-08-01 09:15:02 AM,613.0,0,0.0,1674236.55
2025-08-01 09:15:03 AM,614.6,2016,1239033.6,2913270.1500000004
2025-08-01 09:15:11 AM,609.95,0,0.0,2913270.1500000004
2025-08-01 09:15:13 AM,609.75,1273,776211.75,3689481.9000000004
2025-08-01 09:15:22 AM,610.15,0,0.0,3689481.9000000004
2025-08-01 09:15:24 AM,610.15,38,23185.7,3712667.6000000006
2025-08-01 09:15:25 AM,609.7,50,30485.000000000004,3743152.6000000006
2025-08-01 09:15:42 AM,610.0,100,61000.0,3804152.6000000006
2025-08-01 09:15:44 AM,610.8,0,0.0,3804152.6000000006
2025-08-01 09:15:47 AM,610.4,0,0.0,3804152.6000000006
2025-08-01 09:15:49 AM,610.4,2570,1568728.0,5372880.600000001
2025-08-01 09:15:51 AM,609.45,102,62163.9,5435044.500000001
2025-08-01 09:15:53 AM,610.7,0,0.0,5435044.500000001
2025-08-01 09:15:57 AM,610.7,4,2442.8,5437487.300000001
2025-08-01 09:16:02 AM,610.8,0,0.0,5437487.300000001
2025-08-01 09:16:05 AM,610.8,110,67188.0,5504675.300000001
2025-08-01 09:16:10 AM,610.7,0,0.0,5504675.300000001
2025-08-01 09:16:13 AM,610.3,260,158678.0,5663353.300000001
2025-08-01 09:16:15 AM,608.15,10,6081.5,5669434.800000001
2025-08-01 09:16:18 AM,608.8,0,0.0,5669434.800000001
2025-08-01 09:16:22 AM,609.95,1025,625198.75,6294633.550000001
2025-08-01 09:16:23 AM,609.25,473,288175.25,6582808.800000001
2025-08-01 09:16:26 AM,609.15,0,0.0,6582808.800000001
2025-08-01 09:16:28 AM,608.2,0,0.0,6582808.800000001
2025-08-01 09:16:30 AM,608.2,79,48047.8,6630856.600000001
2025-08-01 09:16:31 AM,608.85,7,4261.95,6635118.550000001
2025-08-01 09:16:36 AM,608.95,0,0.0,6635118.550000001
2025-08-01 09:16:38 AM,608.95,3,1826.8500000000001,6636945.4
2025-08-01 09:16:46 AM,609.7,94,57311.8,6694257.2
2025-08-01 09:16:48 AM,609.8,32,19513.6,6713770.8
2025-08-01 09:16:54 AM,609.85,53,32322.050000000003,6746092.85
2025-08-01 09:16:56 AM,610.1,1,610.1,6746702.949999999
2025-08-01 09:17:03 AM,610.4,90,54936.0,6801638.949999999
2025-08-01 09:17:07 AM,610.5,0,0.0,6801638.949999999
2025-08-01 09:17:11 AM,611.25,195,119193.75,6920832.699999999
2025-08-01 09:17:14 AM,610.7,0,0.0,6920832.699999999
2025-08-01 09:17:16 AM,611.0,0,0.0,6920832.699999999
2025-08-01 09:17:19 AM,611.9,754,461372.6,7382205.299999999
2025-08-01 09:17:20 AM,611.65,1,611.65,7382816.949999999
2025-08-01 09:17:23 AM,611.0,0,0.0,7382816.949999999
2025-08-01 09:17:27 AM,611.0,11,6721.0,7389537.949999999
2025-08-01 09:17:33 AM,611.8,0,0.0,7389537.949999999
2025-08-01 09:17:36 AM,611.8,1,611.8,7390149.749999999
2025-08-01 09:17:39 AM,611.6,0,0.0,7390149.749999999
2025-08-01 09:17:41 AM,611.3,0,0.0,7390149.749999999
2025-08-01 09:17:44 AM,611.4,214,130839.59999999999,7520989.349999999
2025-08-01 09:17:45 AM,611.4,2,1222.8,7522212.1499999985
2025-08-01 09:17:48 AM,612.2,0,0.0,7522212.1499999985
2025-08-01 09:17:52 AM,612.0,3772,2308464.0,9830676.149999999
2025-08-01 09:17:53 AM,612.7,1,612.7,9831288.849999998
2025-08-01 09:17:57 AM,612.1,0,0.0,9831288.849999998
2025-08-01 09:17:59 AM,611.7,0,0.0,9831288.849999998
2025-08-01 09:18:01 AM,612.2,1299,795247.8,10626536.649999999
2025-08-01 09:18:05 AM,612.3,0,0.0,10626536.649999999
2025-08-01 09:18:09 AM,613.0,23,14099.0,10640635.649999999
2025-08-01 09:18:13 AM,613.45,0,0.0,10640635.649999999
2025-08-01 09:18:14 AM,613.2,0,0.0,10640635.649999999
2025-08-01 09:18:18 AM,614.4,402,246988.8,10887624.45
2025-08-01 09:18:19 AM,613.75,1,613.75,10888238.2
2025-08-01 09:18:21 AM,614.2,0,0.0,10888238.2
2025-08-01 09:18:26 AM,613.6,317,194511.2,11082749.399999999
2025-08-01 09:18:28 AM,614.35,0,0.0,11082749.399999999
2025-08-01 09:18:34 AM,614.35,4,2457.4,11085206.799999999
2025-08-01 09:18:35 AM,613.0,622,381286.0,11466492.799999999
2025-08-01 09:18:42 AM,613.3,454,278438.19999999995,11744930.999999998
2025-08-01 09:18:43 AM,613.3,3,1839.8999999999999,11746770.899999999
2025-08-01 09:18:44 AM,612.65,0,0.0,11746770.899999999
2025-08-01 09:18:46 AM,612.95,0,0.0,11746770.899999999
2025-08-01 09:18:50 AM,613.3,263,161297.9,11908068.799999999
2025-08-01 09:18:51 AM,613.4,6,3680.3999999999996,11911749.2
2025-08-01 09:18:52 AM,613.25,0,0.0,11911749.2
2025-08-01 09:18:54 AM,613.8,0,0.0,11911749.2
2025-08-01 09:18:58 AM,613.8,11,6751.799999999999,11918501.0
2025-08-01 09:18:59 AM,613.2,1,613.2,11919114.2
2025-08-01 09:19:00 AM,613.7,0,0.0,11919114.2
2025-08-01 09:19:06 AM,613.1,7,4291.7,11923405.899999999
2025-08-01 09:19:07 AM,613.55,1,613.55,11924019.45
2025-08-01 09:19:14 AM,613.45,1,613.45,11924632.899999999
2025-08-01 09:19:16 AM,613.05,0,0.0,11924632.899999999
2025-08-01 09:19:18 AM,613.15,0,0.0,11924632.899999999
2025-08-01 09:19:22 AM,613.0,79,48427.0,11973059.899999999
2025-08-01 09:19:23 AM,612.85,0,0.0,11973059.899999999
2025-08-01 09:19:24 AM,612.85,7,4289.95,11977349.849999998
2025-08-01 09:19:25 AM,612.7,0,0.0,11977349.849999998
2025-08-01 09:19:31 AM,612.7,4,2450.8,11979800.649999999
2025-08-01 09:19:32 AM,613.0,13,7969.0,11987769.649999999
2025-08-01 09:19:46 AM,613.45,0,0.0,11987769.649999999
2025-08-01 09:19:47 AM,613.45,12,7361.400000000001,11995131.049999999
2025-08-01 09:19:48 AM,613.5,0,0.0,11995131.049999999
2025-08-01 09:19:48 AM,613.5,1,613.5,11995744.549999999
2025-08-01 09:19:54 AM,613.4,0,0.0,11995744.549999999
2025-08-01 09:19:55 AM,613.4,6,3680.3999999999996,11999424.95
2025-08-01 09:20:02 AM,612.95,0,0.0,11999424.95
2025-08-01 09:20:02 AM,612.95,30,18388.5,12017813.45
2025-08-01 09:20:04 AM,612.95,108,66198.6,12084012.049999999
2025-08-01 09:20:09 AM,613.1,0,0.0,12084012.049999999
2025-08-01 09:20:11 AM,613.1,252,154501.2,12238513.249999998
2025-08-01 09:20:12 AM,613.35,7,4293.45,12242806.699999997
2025-08-01 09:20:16 AM,613.15,0,0.0,12242806.699999997
2025-08-01 09:20:18 AM,613.0,0,0.0,12242806.699999997
2025-08-01 09:20:18 AM,613.0,8,4904.0,12247710.699999997
2025-08-01 09:20:20 AM,612.35,73,44701.55,12292412.249999998
2025-08-01 09:20:23 AM,613.1,0,0.0,12292412.249999998
2025-08-01 09:20:27 AM,613.3,103,63169.899999999994,12355582.149999999
2025-08-01 09:20:30 AM,612.95,0,0.0,12355582.149999999
2025-08-01 09:20:34 AM,612.75,20,12255.0,12367837.149999999
2025-08-01 09:20:36 AM,613.15,1,613.15,12368450.299999999
2025-08-01 09:20:41 AM,612.65,0,0.0,12368450.299999999
2025-08-01 09:20:42 AM,612.65,10,6126.5,12374576.799999999
2025-08-01 09:20:48 AM,612.55,0,0.0,12374576.799999999
2025-08-01 09:20:50 AM,612.95,14,8581.300000000001,12383158.1
2025-08-01 09:20:51 AM,613.1,2,1226.2,12384384.299999999
2025-08-01 09:20:55 AM,612.75,0,0.0,12384384.299999999
2025-08-01 09:20:58 AM,613.1,4,2452.4,12386836.7
2025-08-01 09:21:04 AM,612.85,0,0.0,12386836.7
2025-08-01 09:21:05 AM,612.85,2,1225.7,12388062.399999999
2025-08-01 09:21:21 AM,612.85,39,23901.15,12411963.549999999
2025-08-01 09:21:29 AM,612.5,1,612.5,12412576.049999999
2025-08-01 09:21:30 AM,612.2,27,16529.4,12429105.45
2025-08-01 09:21:32 AM,611.75,0,0.0,12429105.45
2025-08-01 09:21:36 AM,612.0,0,0.0,12429105.45
2025-08-01 09:21:37 AM,612.0,130,79560.0,12508665.45
2025-08-01 09:21:42 AM,613.45,0,0.0,12508665.45
2025-08-01 09:21:44 AM,613.1,1700,1042270.0,13550935.45
2025-08-01 09:21:51 AM,612.7,0,0.0,13550935.45
2025-08-01 09:21:52 AM,612.7,6,3676.2000000000003,13554611.649999999
2025-08-01 09:22:07 AM,612.7,108,66171.6,13620783.249999998
2025-08-01 09:22:15 AM,612.7,63,38600.100000000006,13659383.349999998
2025-08-01 09:22:16 AM,612.4,0,0.0,13659383.349999998
2025-08-01 09:22:22 AM,612.4,18,11023.199999999999,13670406.549999997
2025-08-01 09:22:30 AM,612.0,15,9180.0,13679586.549999997
2025-08-01 09:22:37 AM,612.4,211,129216.4,13808802.949999997
2025-08-01 09:22:39 AM,611.75,1,611.75,13809414.699999997
2025-08-01 09:22:40 AM,611.4,0,0.0,13809414.699999997
2025-08-01 09:22:45 AM,612.0,107,65484.0,13874898.699999997
2025-08-01 09:22:47 AM,612.0,6,3672.0,13878570.699999997
2025-08-01 09:22:51 AM,611.85,0,0.0,13878570.699999997
2025-08-01 09:22:53 AM,611.85,341,208640.85,14087211.549999997
2025-08-01 09:22:54 AM,611.05,99,60493.95,14147705.499999996
2025-08-01 09:22:57 AM,611.0,0,0.0,14147705.499999996
2025-08-01 09:22:59 AM,611.45,0,0.0,14147705.499999996
2025-08-01 09:23:00 AM,611.45,2,1222.9,14148928.399999997
2025-08-01 09:23:02 AM,611.25,6,3667.5,14152595.899999997
2025-08-01 09:23:04 AM,611.0,0,0.0,14152595.899999997
2025-08-01 09:23:06 AM,610.55,0,0.0,14152595.899999997
2025-08-01 09:23:08 AM,611.15,212,129563.79999999999,14282159.699999997
2025-08-01 09:23:10 AM,611.2,1,611.2,14282770.899999997
2025-08-01 09:23:13 AM,610.9,0,0.0,14282770.899999997
2025-08-01 09:23:16 AM,610.9,31,18937.899999999998,14301708.799999997
2025-08-01 09:23:23 AM,610.95,1,610.95,14302319.749999996
2025-08-01 09:23:25 AM,610.95,175,106916.25000000001,14409235.999999996
2025-08-01 09:23:31 AM,610.95,19,11608.050000000001,14420844.049999997
2025-08-01 09:23:38 AM,610.95,1,610.95,14421454.999999996
2025-08-01 09:23:45 AM,611.2,0,0.0,14421454.999999996
2025-08-01 09:23:46 AM,611.2,6,3667.2000000000003,14425122.199999996
2025-08-01 09:23:48 AM,611.2,15,9168.0,14434290.199999996
2025-08-01 09:23:55 AM,611.35,2,1222.7,14435512.899999995
2025-08-01 09:23:57 AM,611.55,0,0.0,14435512.899999995
2025-08-01 09:24:01 AM,611.55,308,188357.4,14623870.299999995
2025-08-01 09:24:09 AM,611.4,31,18953.399999999998,14642823.699999996
2025-08-01 09:24:17 AM,611.85,94,57513.9,14700337.599999996
2025-08-01 09:24:24 AM,611.85,25,15296.25,14715633.849999996
2025-08-01 09:24:30 AM,611.4,0,0.0,14715633.849999996
2025-08-01 09:24:32 AM,611.4,12,7336.799999999999,14722970.649999997
2025-08-01 09:24:34 AM,611.8,1,611.8,14723582.449999997
2025-08-01 09:24:36 AM,611.85,0,0.0,14723582.449999997
2025-08-01 09:24:39 AM,611.85,257,157245.45,14880827.899999997
2025-08-01 09:24:47 AM,611.35,54,33012.9,14913840.799999997
2025-08-01 09:24:48 AM,611.85,0,0.0,14913840.799999997
2025-08-01 09:24:49 AM,611.85,2,1223.7,14915064.499999996
2025-08-01 09:24:56 AM,611.85,50,30592.5,14945656.999999996
2025-08-01 09:25:01 AM,611.45,0,0.0,14945656.999999996
2025-08-01 09:25:02 AM,611.45,1,611.45,14946268.449999996
2025-08-01 09:25:02 AM,611.8,0,0.0,14946268.449999996
2025-08-01 09:25:04 AM,611.8,1,611.8,14946880.249999996
2025-08-01 09:25:08 AM,611.35,0,0.0,14946880.249999996
2025-08-01 09:25:09 AM,611.35,17,10392.95,14957273.199999996
2025-08-01 09:25:12 AM,611.8,1,611.8,14957884.999999996
2025-08-01 09:25:15 AM,611.45,0,0.0,14957884.999999996
2025-08-01 09:25:16 AM,611.85,0,0.0,14957884.999999996
2025-08-01 09:25:17 AM,611.85,2,1223.7,14959108.699999996
2025-08-01 09:25:19 AM,611.85,10,6118.5,14965227.199999996
2025-08-01 09:25:21 AM,611.55,0,0.0,14965227.199999996
2025-08-01 09:25:24 AM,611.55,20,12231.0,14977458.199999996
2025-08-01 09:25:27 AM,611.4,0,0.0,14977458.199999996
2025-08-01 09:25:32 AM,611.8,9,5506.2,14982964.399999995
2025-08-01 09:25:40 AM,611.85,0,0.0,14982964.399999995
2025-08-01 09:25:41 AM,611.85,6,3671.1000000000004,14986635.499999994
2025-08-01 09:25:49 AM,611.85,1,611.85,14987247.349999994
2025-08-01 09:25:57 AM,611.85,11,6730.35,14993977.699999994
2025-08-01 09:26:02 AM,611.85,10,6118.5,15000096.199999994
2025-08-01 09:26:09 AM,611.55,0,0.0,15000096.199999994
2025-08-01 09:26:10 AM,611.55,3,1834.6499999999999,15001930.849999994
2025-08-01 09:26:12 AM,611.85,1,611.85,15002542.699999994
2025-08-01 09:26:17 AM,611.55,12,7338.599999999999,15009881.299999993
2025-08-01 09:26:19 AM,611.8,1,611.8,15010493.099999994
2025-08-01 09:26:21 AM,611.55,0,0.0,15010493.099999994
2025-08-01 09:26:25 AM,611.55,38,23238.899999999998,15033731.999999994
2025-08-01 09:26:42 AM,612.05,914,559413.7,15593145.699999994
2025-08-01 09:26:45 AM,612.2,0,0.0,15593145.699999994
2025-08-01 09:26:48 AM,612.2,71,43466.200000000004,15636611.899999993
2025-08-01 09:26:52 AM,612.4,0,0.0,15636611.899999993
2025-08-01 09:26:55 AM,612.65,0,0.0,15636611.899999993
2025-08-01 09:26:56 AM,612.65,7,4288.55,15640900.449999994
2025-08-01 09:27:03 AM,612.7,4,2450.8,15643351.249999994
2025-08-01 09:27:06 AM,612.45,0,0.0,15643351.249999994
2025-08-01 09:27:11 AM,612.65,7,4288.55,15647639.799999995
2025-08-01 09:27:16 AM,612.5,0,0.0,15647639.799999995
2025-08-01 09:27:18 AM,612.5,14,8575.0,15656214.799999995
2025-08-01 09:27:27 AM,612.5,10,6125.0,15662339.799999995
2025-08-01 09:27:32 AM,612.5,10,6125.0,15668464.799999995
2025-08-01 09:27:36 AM,612.7,0,0.0,15668464.799999995
2025-08-01 09:27:40 AM,612.7,50,30635.000000000004,15699099.799999995
2025-08-01 09:27:46 AM,612.1,0,0.0,15699099.799999995
2025-08-01 09:27:48 AM,612.1,169,103444.90000000001,15802544.699999996
2025-08-01 09:27:52 AM,611.6,0,0.0,15802544.699999996
2025-08-01 09:27:56 AM,611.6,1,611.6,15803156.299999995
2025-08-01 09:27:57 AM,611.6,4,2446.4,15805602.699999996
2025-08-01 09:28:02 AM,611.55,0,0.0,15805602.699999996
2025-08-01 09:28:03 AM,611.55,36,22015.8,15827618.499999996
2025-08-01 09:28:08 AM,612.2,0,0.0,15827618.499999996
2025-08-01 09:28:11 AM,612.2,52,31834.4,15859452.899999997
2025-08-01 09:28:19 AM,611.85,60,36711.0,15896163.899999997
2025-08-01 09:28:21 AM,612.0,0,0.0,15896163.899999997
2025-08-01 09:28:25 AM,611.65,0,0.0,15896163.899999997
2025-08-01 09:28:26 AM,611.65,2,1223.3,15897387.199999997
2025-08-01 09:28:32 AM,611.5,0,0.0,15897387.199999997
2025-08-01 09:28:34 AM,611.45,1104,675040.8,16572427.999999998
2025-08-01 09:28:38 AM,611.0,0,0.0,16572427.999999998
2025-08-01 09:28:42 AM,611.35,0,0.0,16572427.999999998
2025-08-01 09:28:42 AM,611.35,101,61746.350000000006,16634174.349999998
2025-08-01 09:28:43 AM,611.4,0,0.0,16634174.349999998
2025-08-01 09:28:47 AM,611.0,0,0.0,16634174.349999998
2025-08-01 09:28:49 AM,611.35,74,45239.9,16679414.249999998
2025-08-01 09:29:00 AM,611.4,0,0.0,16679414.249999998
2025-08-01 09:29:04 AM,611.4,16,9782.4,16689196.649999999
2025-08-01 09:29:13 AM,611.35,1,611.35,16689807.999999998
2025-08-01 09:29:16 AM,611.6,0,0.0,16689807.999999998
2025-08-01 09:29:20 AM,611.35,535,327072.25,17016880.25
2025-08-01 09:29:21 AM,611.65,8,4893.2,17021773.45
2025-08-01 09:29:26 AM,611.35,0,0.0,17021773.45
2025-08-01 09:29:27 AM,611.35,23,14061.050000000001,17035834.5
2025-08-01 09:29:35 AM,612.0,500,306000.0,17341834.5
2025-08-01 09:29:41 AM,611.15,0,0.0,17341834.5
2025-08-01 09:29:42 AM,611.1,1599,977148.9,18318983.4
2025-08-01 09:29:43 AM,611.5,1,611.5,18319594.9
2025-08-01 09:29:46 AM,611.75,0,0.0,18319594.9
2025-08-01 09:29:50 AM,611.9,17,10402.3,18329997.2
2025-08-01 09:29:51 AM,611.7,137,83802.90000000001,18413800.099999998
2025-08-01 09:30:03 AM,611.3,0,0.0,18413800.099999998
2025-08-01 09:30:05 AM,611.1,57,34832.700000000004,18448632.799999997
2025-08-01 09:30:06 AM,611.5,1,611.5,18449244.299999997
2025-08-01 09:30:10 AM,611.1,0,0.0,18449244.299999997
2025-08-01 09:30:12 AM,611.35,216,132051.6,18581295.9
2025-08-01 09:30:20 AM,611.35,5,3056.75,18584352.65
2025-08-01 09:30:24 AM,611.0,0,0.0,18584352.65
2025-08-01 09:30:27 AM,611.05,84,51328.2,18635680.849999998
2025-08-01 09:30:42 AM,611.05,359,219366.94999999998,18855047.799999997
2025-08-01 09:30:43 AM,611.35,1,611.35,18855659.15
2025-08-01 09:30:45 AM,611.75,0,0.0,18855659.15
2025-08-01 09:30:49 AM,612.2,531,325078.2,19180737.349999998
2025-08-01 09:30:52 AM,612.05,0,0.0,19180737.349999998
2025-08-01 09:30:55 AM,612.4,0,0.0,19180737.349999998
2025-08-01 09:30:57 AM,612.4,11,6736.4,19187473.749999996
2025-08-01 09:31:00 AM,612.25,0,0.0,19187473.749999996
2025-08-01 09:31:04 AM,612.25,139,85102.75,19272576.499999996
2025-08-01 09:31:09 AM,612.15,0,0.0,19272576.499999996
2025-08-01 09:31:12 AM,612.15,391,239350.65,19511927.149999995
2025-08-01 09:31:12 AM,612.45,1,612.45,19512539.599999994
2025-08-01 09:31:15 AM,612.55,0,0.0,19512539.599999994
2025-08-01 09:31:19 AM,612.6,0,0.0,19512539.599999994
2025-08-01 09:31:19 AM,612.6,4,2450.4,19514989.999999993
2025-08-01 09:31:21 AM,612.25,0,0.0,19514989.999999993
2025-08-01 09:31:25 AM,612.7,0,0.0,19514989.999999993
2025-08-01 09:31:26 AM,612.1,8,4896.8,19519886.799999993
2025-08-01 09:31:31 AM,612.05,0,0.0,19519886.799999993
2025-08-01 09:31:33 AM,612.05,253,154848.65,19674735.44999999
2025-08-01 09:31:38 AM,611.5,0,0.0,19674735.44999999
2025-08-01 09:31:40 AM,611.45,792,484268.4,20159003.84999999
2025-08-01 09:31:47 AM,611.1,56,34221.6,20193225.44999999
2025-08-01 09:31:54 AM,611.05,0,0.0,20193225.44999999
2025-08-01 09:31:54 AM,611.4,4,2445.6,20195671.049999993
2025-08-01 09:31:59 AM,611.8,0,0.0,20195671.049999993
2025-08-01 09:32:01 AM,611.8,500,305900.0,20501571.049999993
2025-08-01 09:32:04 AM,611.7,0,0.0,20501571.049999993
2025-08-01 09:32:05 AM,611.25,0,0.0,20501571.049999993
2025-08-01 09:32:08 AM,611.25,3,1833.75,20503404.799999993
2025-08-01 09:32:15 AM,611.6,1,611.6,20504016.399999995
2025-08-01 09:32:29 AM,611.1,0,0.0,20504016.399999995
2025-08-01 09:32:29 AM,611.7,17,10398.900000000001,20514415.299999993
2025-08-01 09:32:35 AM,611.8,0,0.0,20514415.299999993
2025-08-01 09:32:35 AM,612.0,0,0.0,20514415.299999993
2025-08-01 09:32:36 AM,612.0,1253,766836.0,21281251.299999993
2025-08-01 09:32:41 AM,611.85,0,0.0,21281251.299999993
2025-08-01 09:32:41 AM,612.15,0,0.0,21281251.299999993
2025-08-01 09:32:43 AM,612.15,9,5509.349999999999,21286760.649999995
2025-08-01 09:32:47 AM,611.85,0,0.0,21286760.649999995
2025-08-01 09:32:50 AM,611.85,1,611.85,21287372.499999996
2025-08-01 09:32:57 AM,612.55,1520,931075.9999999999,22218448.499999996
2025-08-01 09:33:04 AM,612.7,2,1225.4,22219673.899999995
2025-08-01 09:33:04 AM,612.6,1,612.6,22220286.499999996
2025-08-01 09:33:15 AM,612.85,0,0.0,22220286.499999996
2025-08-01 09:33:18 AM,612.7,73,44727.100000000006,22265013.599999998
2025-08-01 09:33:25 AM,612.6,0,0.0,22265013.599999998
2025-08-01 09:33:25 AM,612.6,150,91890.0,22356903.599999998
2025-08-01 09:33:41 AM,613.3,0,0.0,22356903.599999998
2025-08-01 09:33:45 AM,613.3,5,3066.5,22359970.099999998
2025-08-01 09:33:50 AM,612.9,0,0.0,22359970.099999998
2025-08-01 09:33:52 AM,612.9,99,60677.1,22420647.2
2025-08-01 09:33:55 AM,613.15,0,0.0,22420647.2
2025-08-01 09:33:55 AM,613.2,0,0.0,22420647.2
2025-08-01 09:33:59 AM,613.2,36,22075.2,22442722.4
2025-08-01 09:34:05 AM,613.4,0,0.0,22442722.4
2025-08-01 09:34:06 AM,613.4,9,5520.599999999999,22448243.0
2025-08-01 09:34:10 AM,612.9,0,0.0,22448243.0
2025-08-01 09:34:14 AM,612.65,15,9189.75,22457432.75
2025-08-01 09:34:15 AM,612.85,0,0.0,22457432.75
2025-08-01 09:34:18 AM,613.15,0,0.0,22457432.75
2025-08-01 09:34:21 AM,613.15,20,12263.0,22469695.75
2025-08-01 09:34:28 AM,612.75,0,0.0,22469695.75
2025-08-01 09:34:28 AM,612.75,2,1225.5,22470921.25
2025-08-01 09:34:30 AM,613.3,0,0.0,22470921.25
2025-08-01 09:34:33 AM,612.95,0,0.0,22470921.25
2025-08-01 09:34:35 AM,612.95,3,1838.8500000000001,22472760.1
2025-08-01 09:34:39 AM,613.5,0,0.0,22472760.1
2025-08-01 09:34:41 AM,613.25,1121,687453.25,23160213.35
2025-08-01 09:34:43 AM,613.45,0,0.0,23160213.35
2025-08-01 09:34:45 AM,613.5,0,0.0,23160213.35
2025-08-01 09:34:48 AM,613.5,29,17791.5,23178004.85
2025-08-01 09:34:49 AM,613.5,44,26994.0,23204998.85
2025-08-01 09:34:50 AM,613.6,0,0.0,23204998.85
2025-08-01 09:34:55 AM,613.5,836,512886.0,23717884.85
2025-08-01 09:34:57 AM,614.0,0,0.0,23717884.85
2025-08-01 09:35:02 AM,614.0,11,6754.0,23724638.85
2025-08-01 09:35:09 AM,614.0,90,55260.0,23779898.85
2025-08-01 09:35:15 AM,613.35,0,0.0,23779898.85
2025-08-01 09:35:16 AM,613.35,487,298701.45,24078600.3
2025-08-01 09:35:20 AM,613.5,0,0.0,24078600.3
2025-08-01 09:35:23 AM,612.8,107,65569.59999999999,24144169.900000002
2025-08-01 09:35:35 AM,612.75,0,0.0,24144169.900000002
2025-08-01 09:35:37 AM,612.75,1,612.75,24144782.650000002
2025-08-01 09:35:40 AM,613.05,0,0.0,24144782.650000002
2025-08-01 09:35:44 AM,613.0,101,61913.0,24206695.650000002
2025-08-01 09:35:50 AM,613.15,0,0.0,24206695.650000002
2025-08-01 09:35:51 AM,613.15,26,15941.9,24222637.55
2025-08-01 09:36:00 AM,613.05,0,0.0,24222637.55
2025-08-01 09:36:04 AM,613.05,70,42913.5,24265551.05
2025-08-01 09:36:16 AM,612.9,0,0.0,24265551.05
2025-08-01 09:36:17 AM,612.9,1,612.9,24266163.95
2025-08-01 09:36:20 AM,613.25,0,0.0,24266163.95
2025-08-01 09:36:24 AM,613.25,36,22077.0,24288240.95
2025-08-01 09:36:32 AM,613.8,0,0.0,24288240.95
2025-08-01 09:36:36 AM,613.45,0,0.0,24288240.95
2025-08-01 09:36:37 AM,613.45,9,5521.05,24293762.0
2025-08-01 09:36:43 AM,614.0,205,125870.0,24419632.0
2025-08-01 09:36:48 AM,613.25,0,0.0,24419632.0
2025-08-01 09:36:50 AM,613.25,53,32502.25,24452134.25
2025-08-01 09:36:52 AM,613.65,0,0.0,24452134.25
2025-08-01 09:36:56 AM,613.3,0,0.0,24452134.25
2025-08-01 09:36:57 AM,613.3,52,31891.6,24484025.85
2025-08-01 09:37:03 AM,613.6,50,30680.0,24514705.85
2025-08-01 09:37:18 AM,613.4,0,0.0,24514705.85
2025-08-01 09:37:18 AM,613.4,5,3067.0,24517772.85
2025-08-01 09:37:23 AM,613.75,0,0.0,24517772.85
2025-08-01 09:37:24 AM,613.75,1,613.75,24518386.6
2025-08-01 09:37:31 AM,613.4,1,613.4,24519000.0
2025-08-01 09:37:38 AM,613.3,0,0.0,24519000.0
2025-08-01 09:37:38 AM,613.0,411,251943.0,24770943.0
2025-08-01 09:37:45 AM,613.0,1,613.0,24771556.0
2025-08-01 09:37:50 AM,613.35,0,0.0,24771556.0
2025-08-01 09:37:51 AM,613.35,22,13493.7,24785049.7
2025-08-01 09:38:00 AM,613.05,0,0.0,24785049.7
2025-08-01 09:38:05 AM,613.25,0,0.0,24785049.7
2025-08-01 09:38:05 AM,613.25,172,105479.0,24890528.7
2025-08-01 09:38:15 AM,613.0,0,0.0,24890528.7
2025-08-01 09:38:19 AM,613.0,27,16551.0,24907079.7
2025-08-01 09:38:20 AM,613.05,0,0.0,24907079.7
2025-08-01 09:38:25 AM,613.35,931,571028.85,25478108.55
2025-08-01 09:38:35 AM,613.8,0,0.0,25478108.55
2025-08-01 09:38:39 AM,613.7,14,8591.800000000001,25486700.35
2025-08-01 09:38:40 AM,613.45,0,0.0,25486700.35
2025-08-01 09:38:44 AM,614.0,0,0.0,25486700.35
2025-08-01 09:38:45 AM,614.0,70,42980.0,25529680.35
2025-08-01 09:38:48 AM,613.95,0,0.0,25529680.35
2025-08-01 09:38:52 AM,613.6,2,1227.2,25530907.55
2025-08-01 09:38:56 AM,613.55,0,0.0,25530907.55
2025-08-01 09:38:58 AM,613.35,113,69308.55,25600216.1
2025-08-01 09:39:05 AM,613.35,260,159471.0,25759687.1
2025-08-01 09:39:06 AM,613.45,0,0.0,25759687.1
2025-08-01 09:39:10 AM,613.15,0,0.0,25759687.1
2025-08-01 09:39:12 AM,612.4,31,18984.399999999998,25778671.5
2025-08-01 09:39:15 AM,612.75,0,0.0,25778671.5
2025-08-01 09:39:19 AM,613.05,201,123223.04999999999,25901894.55
2025-08-01 09:39:25 AM,612.75,0,0.0,25901894.55
2025-08-01 09:39:26 AM,612.75,1,612.75,25902507.3
2025-08-01 09:39:45 AM,613.2,3,1839.6000000000001,25904346.900000002
2025-08-01 09:39:49 AM,613.4,0,0.0,25904346.900000002
2025-08-01 09:39:52 AM,613.05,13,7969.65,25912316.55
2025-08-01 09:39:58 AM,613.05,2,1226.1,25913542.650000002
2025-08-01 09:40:05 AM,613.35,1,613.35,25914156.000000004
2025-08-01 09:40:22 AM,613.1,0,0.0,25914156.000000004
2025-08-01 09:40:25 AM,613.1,1,613.1,25914769.100000005
2025-08-01 09:40:31 AM,613.1,13,7970.3,25922739.400000006
2025-08-01 09:40:38 AM,613.05,6,3678.2999999999997,25926417.700000007
2025-08-01 09:40:44 AM,613.35,1,613.35,25927031.05000001
2025-08-01 09:40:48 AM,613.5,0,0.0,25927031.05000001
2025-08-01 09:40:51 AM,613.5,3,1840.5,25928871.55000001
2025-08-01 09:41:04 AM,613.5,10,6135.0,25935006.55000001
2025-08-01 09:41:11 AM,613.5,250,153375.0,26088381.55000001
2025-08-01 09:41:20 AM,613.9,0,0.0,26088381.55000001
2025-08-01 09:41:24 AM,613.25,363,222609.75,26310991.30000001
2025-08-01 09:41:31 AM,613.4,1,613.4,26311604.700000007
2025-08-01 09:41:36 AM,614.1,0,0.0,26311604.700000007
2025-08-01 09:41:37 AM,614.1,1431,878777.1,27190381.80000001
2025-08-01 09:41:40 AM,613.9,0,0.0,27190381.80000001
2025-08-01 09:41:44 AM,613.9,1,613.9,27190995.700000007
2025-08-01 09:41:48 AM,613.65,0,0.0,27190995.700000007
2025-08-01 09:41:51 AM,613.65,1,613.65,27191609.350000005
2025-08-01 09:42:00 AM,614.0,0,0.0,27191609.350000005
2025-08-01 09:42:03 AM,614.0,131,80434.0,27272043.350000005
2025-08-01 09:42:09 AM,614.4,0,0.0,27272043.350000005
2025-08-01 09:42:10 AM,614.4,41,25190.399999999998,27297233.750000004
2025-08-01 09:42:11 AM,614.2,10,6142.0,27303375.750000004
2025-08-01 09:42:17 AM,614.2,2,1228.4,27304604.150000002
2025-08-01 09:42:24 AM,614.55,46,28269.3,27332873.450000003
2025-08-01 09:42:30 AM,614.4,316,194150.4,27527023.85
2025-08-01 09:42:35 AM,614.65,0,0.0,27527023.85
2025-08-01 09:42:36 AM,614.65,14,8605.1,27535628.950000003
2025-08-01 09:42:39 AM,614.4,0,0.0,27535628.950000003
2025-08-01 09:42:43 AM,614.4,5,3072.0,27538700.950000003
2025-08-01 09:42:49 AM,614.65,1,614.65,27539315.6
2025-08-01 09:42:55 AM,614.4,0,0.0,27539315.6
2025-08-01 09:42:56 AM,614.4,12,7372.799999999999,27546688.400000002
2025-08-01 09:42:59 AM,614.65,0,0.0,27546688.400000002
2025-08-01 09:43:02 AM,614.65,40,24586.0,27571274.400000002
2025-08-01 09:43:07 AM,614.4,0,0.0,27571274.400000002
2025-08-01 09:43:09 AM,614.65,32,19668.8,27590943.200000003
2025-08-01 09:43:15 AM,614.4,0,0.0,27590943.200000003
2025-08-01 09:43:16 AM,614.4,240,147456.0,27738399.200000003
2025-08-01 09:43:19 AM,614.65,0,0.0,27738399.200000003
2025-08-01 09:43:22 AM,614.65,286,175789.9,27914189.1
2025-08-01 09:43:23 AM,614.3,0,0.0,27914189.1
2025-08-01 09:43:23 AM,614.65,407,250162.55,28164351.650000002
2025-08-01 09:43:27 AM,614.1,0,0.0,28164351.650000002
2025-08-01 09:43:29 AM,614.0,98,60172.0,28224523.650000002
2025-08-01 09:43:31 AM,613.65,0,0.0,28224523.650000002
2025-08-01 09:43:35 AM,613.65,1,613.65,28225137.3
2025-08-01 09:43:42 AM,614.0,51,31314.0,28256451.3
2025-08-01 09:43:55 AM,614.35,7,4300.45,28260751.75
2025-08-01 09:43:56 AM,614.0,10,6140.0,28266891.75
2025-08-01 09:44:07 AM,614.65,0,0.0,28266891.75
2025-08-01 09:44:08 AM,614.65,2011,1236061.15,29502952.9
2025-08-01 09:44:15 AM,614.0,129,79206.0,29582158.9
2025-08-01 09:44:22 AM,614.0,2,1228.0,29583386.9
2025-08-01 09:44:27 AM,613.7,0,0.0,29583386.9
2025-08-01 09:44:28 AM,613.7,1,613.7,29584000.599999998
2025-08-01 09:44:29 AM,614.0,0,0.0,29584000.599999998
2025-08-01 09:44:29 AM,614.0,184,112976.0,29696976.599999998
2025-08-01 09:44:31 AM,613.75,0,0.0,29696976.599999998
2025-08-01 09:44:35 AM,613.75,31,19026.25,29716002.849999998
2025-08-01 09:44:35 AM,613.7,0,0.0,29716002.849999998
2025-08-01 09:44:36 AM,613.7,12,7364.400000000001,29723367.249999996
2025-08-01 09:44:41 AM,613.7,309,189633.30000000002,29913000.549999997
2025-08-01 09:44:55 AM,613.7,3,1841.1000000000001,29914841.65
2025-08-01 09:45:00 AM,614.0,1,614.0,29915455.65
2025-08-01 09:45:07 AM,615.6,4326,2663085.6,32578541.25
2025-08-01 09:45:14 AM,616.9,1242,766189.7999999999,33344731.05
2025-08-01 09:45:15 AM,616.9,16,9870.4,33354601.45
2025-08-01 09:45:20 AM,616.9,8,4935.2,33359536.65
2025-08-01 09:45:23 AM,616.15,0,0.0,33359536.65
2025-08-01 09:45:27 AM,614.9,1184,728041.6,34087578.25
2025-08-01 09:45:31 AM,614.75,0,0.0,34087578.25
2025-08-01 09:45:33 AM,614.75,10,6147.5,34093725.75
2025-08-01 09:45:43 AM,614.7,0,0.0,34093725.75
2025-08-01 09:45:46 AM,615.2,7,4306.400000000001,34098032.15
2025-08-01 09:45:47 AM,615.45,0,0.0,34098032.15
2025-08-01 09:45:47 AM,615.45,28,17232.600000000002,34115264.75
2025-08-01 09:45:53 AM,615.35,61,37536.35,34152801.1
2025-08-01 09:45:58 AM,615.0,0,0.0,34152801.1
2025-08-01 09:45:59 AM,615.0,106,65190.0,34217991.1
2025-08-01 09:46:00 AM,615.45,296,182173.2,34400164.300000004
2025-08-01 09:46:10 AM,615.25,0,0.0,34400164.300000004
2025-08-01 09:46:11 AM,615.3,0,0.0,34400164.300000004
2025-08-01 09:46:12 AM,615.6,256,157593.6,34557757.900000006
2025-08-01 09:46:13 AM,615.15,7,4306.05,34562063.95
2025-08-01 09:46:19 AM,615.15,5,3075.75,34565139.7
2025-08-01 09:46:24 AM,615.55,0,0.0,34565139.7
2025-08-01 09:46:25 AM,615.55,5,3077.75,34568217.45
2025-08-01 09:46:31 AM,615.55,45,27699.749999999996,34595917.2
2025-08-01 09:46:32 AM,615.0,0,0.0,34595917.2
2025-08-01 09:46:33 AM,616.0,601,370216.0,34966133.2
2025-08-01 09:46:48 AM,616.6,0,0.0,34966133.2
2025-08-01 09:46:50 AM,616.6,67,41312.200000000004,35007445.400000006
2025-08-01 09:46:52 AM,616.6,5,3083.0,35010528.400000006
2025-08-01 09:46:56 AM,616.6,1,616.6,35011145.00000001
2025-08-01 09:46:58 AM,616.9,50,30845.0,35041990.00000001
2025-08-01 09:47:00 AM,616.6,0,0.0,35041990.00000001
2025-08-01 09:47:03 AM,616.6,116,71525.6,35113515.60000001
2025-08-01 09:47:09 AM,616.8,31,19120.8,35132636.400000006
2025-08-01 09:47:11 AM,617.05,1576,972470.7999999999,36105107.2
2025-08-01 09:47:15 AM,617.8,19,11738.199999999999,36116845.400000006
2025-08-01 09:47:16 AM,617.35,0,0.0,36116845.400000006
2025-08-01 09:47:17 AM,617.35,100,61735.0,36178580.400000006
2025-08-01 09:47:21 AM,617.8,0,0.0,36178580.400000006
2025-08-01 09:47:23 AM,617.5,1593,983677.5,37162257.900000006
2025-08-01 09:47:25 AM,618.3,0,0.0,37162257.900000006
2025-08-01 09:47:27 AM,617.9,9410,5814439.0,42976696.900000006
2025-08-01 09:47:28 AM,619.0,0,0.0,42976696.900000006
2025-08-01 09:47:30 AM,619.0,668,413492.0,43390188.900000006
2025-08-01 09:47:32 AM,618.8,0,0.0,43390188.900000006
2025-08-01 09:47:33 AM,618.4,0,0.0,43390188.900000006
2025-08-01 09:47:34 AM,618.4,73,45143.2,43435332.10000001
2025-08-01 09:47:36 AM,618.35,12,7420.200000000001,43442752.30000001
2025-08-01 09:47:39 AM,617.85,0,0.0,43442752.30000001
2025-08-01 09:47:41 AM,618.4,306,189230.4,43631982.70000001
2025-08-01 09:47:43 AM,618.05,17,10506.849999999999,43642489.55000001
2025-08-01 09:47:47 AM,618.05,121,74784.04999999999,43717273.60000001
2025-08-01 09:47:49 AM,618.0,0,0.0,43717273.60000001
2025-08-01 09:47:50 AM,618.0,125,77250.0,43794523.60000001
2025-08-01 09:47:54 AM,618.0,145,89610.0,43884133.60000001
2025-08-01 09:47:56 AM,618.0,1,618.0,43884751.60000001
2025-08-01 09:48:00 AM,618.0,3,1854.0,43886605.60000001
2025-08-01 09:48:02 AM,618.05,0,0.0,43886605.60000001
2025-08-01 09:48:03 AM,618.05,222,137207.09999999998,44023812.70000001
2025-08-01 09:48:07 AM,617.8,0,0.0,44023812.70000001
2025-08-01 09:48:07 AM,617.8,2,1235.6,44025048.30000001
2025-08-01 09:48:10 AM,618.05,115,71075.75,44096124.05000001
2025-08-01 09:48:11 AM,618.9,0,0.0,44096124.05000001
2025-08-01 09:48:13 AM,618.9,1800,1114020.0,45210144.05000001
2025-08-01 09:48:19 AM,618.0,0,0.0,45210144.05000001
2025-08-01 09:48:20 AM,618.0,250,154500.0,45364644.05000001
2025-08-01 09:48:33 AM,618.5,76,47006.0,45411650.05000001
2025-08-01 09:48:35 AM,618.05,0,0.0,45411650.05000001
2025-08-01 09:48:35 AM,618.05,315,194685.75,45606335.80000001
2025-08-01 09:48:39 AM,618.6,1,618.6,45606954.40000001
2025-08-01 09:48:43 AM,617.8,0,0.0,45606954.40000001
2025-08-01 09:48:43 AM,619.15,0,0.0,45606954.40000001
2025-08-01 09:48:46 AM,619.15,1670,1033980.5,46640934.90000001
2025-08-01 09:48:47 AM,618.2,0,0.0,46640934.90000001
2025-08-01 09:48:47 AM,618.15,0,0.0,46640934.90000001
2025-08-01 09:48:48 AM,618.15,2,1236.3,46642171.20000001
2025-08-01 09:48:51 AM,617.9,0,0.0,46642171.20000001
2025-08-01 09:48:52 AM,617.9,262,161889.8,46804061.00000001
2025-08-01 09:48:55 AM,617.85,8,4942.8,46809003.800000004
2025-08-01 09:48:58 AM,618.2,1,618.2,46809622.00000001
2025-08-01 09:49:01 AM,618.2,15,9273.0,46818895.00000001
2025-08-01 09:49:05 AM,617.8,3,1853.3999999999999,46820748.400000006
2025-08-01 09:49:07 AM,618.25,0,0.0,46820748.400000006
2025-08-01 09:49:11 AM,619.0,0,0.0,46820748.400000006
2025-08-01 09:49:11 AM,619.0,110,68090.0,46888838.400000006
2025-08-01 09:49:13 AM,619.3,600,371580.0,47260418.400000006
2025-08-01 09:49:17 AM,618.85,51,31561.350000000002,47291979.75000001
2025-08-01 09:49:20 AM,618.35,8,4946.8,47296926.550000004
2025-08-01 09:49:23 AM,619.2,210,130032.00000000001,47426958.550000004
2025-08-01 09:49:26 AM,618.6,15,9279.0,47436237.550000004
2025-08-01 09:49:31 AM,618.4,0,0.0,47436237.550000004
2025-08-01 09:49:32 AM,619.25,101,62544.25,47498781.800000004
2025-08-01 09:49:40 AM,618.5,0,0.0,47498781.800000004
2025-08-01 09:49:42 AM,619.2,464,287308.80000000005,47786090.6
2025-08-01 09:49:48 AM,618.5,0,0.0,47786090.6
2025-08-01 09:49:48 AM,618.5,300,185550.0,47971640.6
2025-08-01 09:49:52 AM,619.05,0,0.0,47971640.6
2025-08-01 09:49:55 AM,618.7,64,39596.8,48011237.4
2025-08-01 09:50:04 AM,618.7,2,1237.4,48012474.8
2025-08-01 09:50:06 AM,619.0,0,0.0,48012474.8
2025-08-01 09:50:07 AM,618.6,39,24125.4,48036600.199999996
2025-08-01 09:50:25 AM,619.0,0,0.0,48036600.199999996
2025-08-01 09:50:27 AM,619.0,1000,619000.0,48655600.199999996
2025-08-01 09:50:29 AM,619.0,70,43330.0,48698930.199999996
2025-08-01 09:50:36 AM,619.2,0,0.0,48698930.199999996
2025-08-01 09:50:39 AM,619.5,716,443562.0,49142492.199999996
2025-08-01 09:50:41 AM,619.9,0,0.0,49142492.199999996
2025-08-01 09:50:42 AM,620.0,910,564200.0,49706692.199999996
2025-08-01 09:50:44 AM,620.8,0,0.0,49706692.199999996
2025-08-01 09:50:45 AM,621.9,0,0.0,49706692.199999996
2025-08-01 09:50:45 AM,621.9,1623,1009343.7,50716035.9
2025-08-01 09:50:47 AM,620.9,0,0.0,50716035.9
2025-08-01 09:50:48 AM,621.75,201,124971.75,50841007.65
2025-08-01 09:50:50 AM,620.75,0,0.0,50841007.65
2025-08-01 09:50:51 AM,621.3,0,0.0,50841007.65
2025-08-01 09:50:52 AM,621.3,350,217454.99999999997,51058462.65
2025-08-01 09:50:53 AM,621.55,0,0.0,51058462.65
2025-08-01 09:50:53 AM,621.6,0,0.0,51058462.65
2025-08-01 09:50:54 AM,621.6,410,254856.0,51313318.65
2025-08-01 09:50:57 AM,621.4,0,0.0,51313318.65
2025-08-01 09:50:58 AM,621.4,38,23613.2,51336931.85
2025-08-01 09:50:59 AM,621.05,0,0.0,51336931.85
2025-08-01 09:51:00 AM,621.6,305,189588.0,51526519.85
2025-08-01 09:51:02 AM,621.9,0,0.0,51526519.85
2025-08-01 09:51:02 AM,622.0,0,0.0,51526519.85
2025-08-01 09:51:04 AM,622.0,666,414252.0,51940771.85
2025-08-01 09:51:11 AM,622.0,176,109472.0,52050243.85
2025-08-01 09:51:13 AM,622.0,10,6220.0,52056463.85
2025-08-01 09:51:14 AM,622.05,0,0.0,52056463.85
2025-08-01 09:51:17 AM,622.05,813,505726.64999999997,52562190.5
2025-08-01 09:51:18 AM,621.4,0,0.0,52562190.5
2025-08-01 09:51:19 AM,621.4,200,124280.0,52686470.5
2025-08-01 09:51:21 AM,622.15,0,0.0,52686470.5
2025-08-01 09:51:22 AM,622.0,0,0.0,52686470.5
2025-08-01 09:51:23 AM,622.0,11,6842.0,52693312.5
2025-08-01 09:51:25 AM,622.0,5,3110.0,52696422.5
2025-08-01 09:51:28 AM,621.95,0,0.0,52696422.5
2025-08-01 09:51:29 AM,622.0,0,0.0,52696422.5
2025-08-01 09:51:30 AM,622.0,166,103252.0,52799674.5
2025-08-01 09:51:32 AM,622.0,833,518126.0,53317800.5
2025-08-01 09:51:36 AM,621.55,76,47237.799999999996,53365038.3
2025-08-01 09:51:36 AM,622.05,0,0.0,53365038.3
2025-08-01 09:51:38 AM,622.0,87,54114.0,53419152.3
2025-08-01 09:51:42 AM,622.0,87,54114.0,53473266.3
2025-08-01 09:51:48 AM,622.05,0,0.0,53473266.3
2025-08-01 09:51:48 AM,622.05,245,152402.25,53625668.55
2025-08-01 09:51:57 AM,621.9,1241,771777.9,54397446.449999996
2025-08-01 09:52:00 AM,622.0,1449,901278.0,55298724.449999996
2025-08-01 09:52:04 AM,621.75,0,0.0,55298724.449999996
2025-08-01 09:52:06 AM,621.6,0,0.0,55298724.449999996
2025-08-01 09:52:06 AM,621.6,8,4972.8,55303697.24999999
2025-08-01 09:52:08 AM,622.05,0,0.0,55303697.24999999
2025-08-01 09:52:09 AM,622.05,32,19905.6,55323602.849999994
2025-08-01 09:52:11 AM,622.15,0,0.0,55323602.849999994
2025-08-01 09:52:13 AM,622.3,150,93345.0,55416947.849999994
2025-08-01 09:52:15 AM,622.35,15,9335.25,55426283.099999994
2025-08-01 09:52:17 AM,622.5,0,0.0,55426283.099999994
2025-08-01 09:52:19 AM,622.0,186,115692.0,55541975.099999994
2025-08-01 09:52:20 AM,622.5,0,0.0,55541975.099999994
2025-08-01 09:52:22 AM,622.2,0,0.0,55541975.099999994
2025-08-01 09:52:22 AM,622.2,6,3733.2000000000003,55545708.3
2025-08-01 09:52:23 AM,622.5,0,0.0,55545708.3
2025-08-01 09:52:25 AM,622.5,10,6225.0,55551933.3
2025-08-01 09:52:28 AM,622.2,0,0.0,55551933.3
2025-08-01 09:52:28 AM,622.2,15,9333.0,55561266.3
2025-08-01 09:52:31 AM,622.0,0,0.0,55561266.3
2025-08-01 09:52:31 AM,622.0,957,595254.0,56156520.3
2025-08-01 09:52:34 AM,621.35,0,0.0,56156520.3
2025-08-01 09:52:34 AM,621.35,418,259724.30000000002,56416244.599999994
2025-08-01 09:52:38 AM,621.45,0,0.0,56416244.599999994
2025-08-01 09:52:40 AM,621.5,0,0.0,56416244.599999994
2025-08-01 09:52:40 AM,621.75,307,190877.25,56607121.849999994
2025-08-01 09:52:40 AM,621.7,0,0.0,56607121.849999994
2025-08-01 09:52:43 AM,621.1,0,0.0,56607121.849999994
2025-08-01 09:52:43 AM,621.35,61,37902.35,56645024.199999996
2025-08-01 09:52:49 AM,621.05,0,0.0,56645024.199999996
2025-08-01 09:52:49 AM,621.65,19,11811.35,56656835.55
2025-08-01 09:52:52 AM,621.1,2,1242.2,56658077.75
2025-08-01 09:52:53 AM,621.2,0,0.0,56658077.75
2025-08-01 09:52:55 AM,621.75,0,0.0,56658077.75
2025-08-01 09:52:55 AM,621.75,416,258648.0,56916725.75
2025-08-01 09:52:58 AM,621.7,0,0.0,56916725.75
2025-08-01 09:52:58 AM,621.7,14,8703.800000000001,56925429.55
2025-08-01 09:52:58 AM,621.95,0,0.0,56925429.55
2025-08-01 09:53:01 AM,621.95,980,609511.0,57534940.55
2025-08-01 09:53:02 AM,622.0,0,0.0,57534940.55
2025-08-01 09:53:04 AM,622.0,5,3110.0,57538050.55
2025-08-01 09:53:05 AM,621.75,0,0.0,57538050.55
2025-08-01 09:53:05 AM,622.1,0,0.0,57538050.55
2025-08-01 09:53:07 AM,622.1,600,373260.0,57911310.55
2025-08-01 09:53:10 AM,622.0,110,68420.0,57979730.55
2025-08-01 09:53:11 AM,621.5,0,0.0,57979730.55
2025-08-01 09:53:13 AM,622.0,0,0.0,57979730.55
2025-08-01 09:53:14 AM,622.0,125,77750.0,58057480.55
2025-08-01 09:53:22 AM,621.95,52,32341.4,58089821.949999996
2025-08-01 09:53:26 AM,621.5,4,2486.0,58092307.949999996
2025-08-01 09:53:27 AM,621.45,0,0.0,58092307.949999996
2025-08-01 09:53:28 AM,621.45,3,1864.3500000000001,58094172.3
2025-08-01 09:53:30 AM,621.05,0,0.0,58094172.3
2025-08-01 09:53:32 AM,621.05,1205,748365.25,58842537.55
2025-08-01 09:53:36 AM,621.35,0,0.0,58842537.55
2025-08-01 09:53:39 AM,621.35,232,144153.2,58986690.75
2025-08-01 09:53:40 AM,621.35,1,621.35,58987312.1
2025-08-01 09:53:42 AM,621.05,0,0.0,58987312.1
2025-08-01 09:53:45 AM,621.45,0,0.0,58987312.1
2025-08-01 09:53:45 AM,621.45,280,174006.0,59161318.1
2025-08-01 09:53:47 AM,621.0,914,567594.0,59728912.1
2025-08-01 09:53:54 AM,620.75,0,0.0,59728912.1
2025-08-01 09:53:56 AM,620.5,0,0.0,59728912.1
2025-08-01 09:53:58 AM,620.95,611,379400.45,60108312.550000004
2025-08-01 09:54:04 AM,621.0,90,55890.0,60164202.550000004
2025-08-01 09:54:06 AM,620.55,0,0.0,60164202.550000004
2025-08-01 09:54:08 AM,621.0,0,0.0,60164202.550000004
2025-08-01 09:54:10 AM,621.0,232,144072.0,60308274.550000004
2025-08-01 09:54:11 AM,620.55,0,0.0,60308274.550000004
2025-08-01 09:54:11 AM,620.55,51,31648.05,60339922.6
2025-08-01 09:54:11 AM,620.5,0,0.0,60339922.6
2025-08-01 09:54:14 AM,620.9,0,0.0,60339922.6
2025-08-01 09:54:14 AM,620.85,0,0.0,60339922.6
2025-08-01 09:54:16 AM,620.85,199,123549.15000000001,60463471.75
2025-08-01 09:54:21 AM,620.6,0,0.0,60463471.75
2025-08-01 09:54:23 AM,620.6,1,620.6,60464092.35
2025-08-01 09:54:23 AM,620.6,50,31030.0,60495122.35
2025-08-01 09:54:27 AM,620.95,0,0.0,60495122.35
2025-08-01 09:54:27 AM,621.0,0,0.0,60495122.35
2025-08-01 09:54:29 AM,621.0,116,72036.0,60567158.35
2025-08-01 09:54:34 AM,620.6,0,0.0,60567158.35
2025-08-01 09:54:34 AM,620.5,0,0.0,60567158.35
2025-08-01 09:54:35 AM,620.5,179,111069.5,60678227.85
2025-08-01 09:54:36 AM,620.05,0,0.0,60678227.85
2025-08-01 09:54:41 AM,620.35,914,566999.9,61245227.75
2025-08-01 09:54:51 AM,620.55,0,0.0,61245227.75
2025-08-01 09:54:52 AM,620.55,8,4964.4,61250192.15
2025-08-01 09:54:57 AM,620.25,0,0.0,61250192.15
2025-08-01 09:54:58 AM,620.25,7,4341.75,61254533.9
2025-08-01 09:54:59 AM,620.6,30,18618.0,61273151.9
2025-08-01 09:55:00 AM,620.8,0,0.0,61273151.9
2025-08-01 09:55:00 AM,620.3,0,0.0,61273151.9
2025-08-01 09:55:04 AM,620.3,127,78778.09999999999,61351930.0
2025-08-01 09:55:05 AM,620.35,20,12407.0,61364337.0
2025-08-01 09:55:07 AM,620.25,0,0.0,61364337.0
2025-08-01 09:55:10 AM,620.25,491,304542.75,61668879.75
2025-08-01 09:55:16 AM,620.75,0,0.0,61668879.75
2025-08-01 09:55:16 AM,620.75,50,31037.5,61699917.25
2025-08-01 09:55:23 AM,620.55,0,0.0,61699917.25
2025-08-01 09:55:23 AM,620.55,127,78809.84999999999,61778727.1
2025-08-01 09:55:26 AM,620.6,0,0.0,61778727.1
2025-08-01 09:55:28 AM,620.6,663,411457.8,62190184.9
2025-08-01 09:55:29 AM,620.5,10,6205.0,62196389.9
2025-08-01 09:55:40 AM,620.5,115,71357.5,62267747.4
2025-08-01 09:55:41 AM,620.0,1265,784300.0,63052047.4
2025-08-01 09:55:46 AM,619.6,10,6196.0,63058243.4
2025-08-01 09:55:47 AM,619.1,375,232162.5,63290405.9
2025-08-01 09:55:51 AM,618.55,0,0.0,63290405.9
2025-08-01 09:55:52 AM,618.55,980,606179.0,63896584.9
2025-08-01 09:55:57 AM,619.15,0,0.0,63896584.9
2025-08-01 09:55:58 AM,619.2,77,47678.4,63944263.3
2025-08-01 09:56:08 AM,619.0,0,0.0,63944263.3
2025-08-01 09:56:10 AM,619.0,60,37140.0,63981403.3
2025-08-01 09:56:11 AM,619.2,245,151704.0,64133107.3
2025-08-01 09:56:15 AM,619.4,0,0.0,64133107.3
2025-08-01 09:56:16 AM,619.4,25,15485.0,64148592.3
2025-08-01 09:56:19 AM,619.2,0,0.0,64148592.3
2025-08-01 09:56:22 AM,619.2,2,1238.4,64149830.699999996
2025-08-01 09:56:23 AM,619.85,87,53926.950000000004,64203757.65
2025-08-01 09:56:27 AM,619.25,0,0.0,64203757.65
2025-08-01 09:56:28 AM,619.25,10,6192.5,64209950.15
2025-08-01 09:56:33 AM,619.7,0,0.0,64209950.15
2025-08-01 09:56:34 AM,619.7,22,13633.400000000001,64223583.55
2025-08-01 09:56:41 AM,619.25,1,619.25,64224202.8
2025-08-01 09:56:44 AM,619.55,0,0.0,64224202.8
2025-08-01 09:56:46 AM,619.25,11,6811.75,64231014.55
2025-08-01 09:56:52 AM,619.25,7,4334.75,64235349.3
2025-08-01 09:56:57 AM,619.85,0,0.0,64235349.3
2025-08-01 09:56:58 AM,619.85,250,154962.5,64390311.8
2025-08-01 09:57:01 AM,619.25,0,0.0,64390311.8
2025-08-01 09:57:04 AM,619.5,306,189567.0,64579878.8
2025-08-01 09:57:09 AM,619.7,0,0.0,64579878.8
2025-08-01 09:57:10 AM,619.7,86,53294.200000000004,64633173.0
2025-08-01 09:57:16 AM,619.3,200,123859.99999999999,64757033.0
2025-08-01 09:57:21 AM,619.35,0,0.0,64757033.0
2025-08-01 09:57:22 AM,619.35,389,240927.15000000002,64997960.15
2025-08-01 09:57:23 AM,619.7,409,253457.30000000002,65251417.449999996
2025-08-01 09:57:37 AM,619.9,0,0.0,65251417.449999996
2025-08-01 09:57:39 AM,620.0,53,32860.0,65284277.449999996
2025-08-01 09:57:42 AM,619.55,800,495639.99999999994,65779917.449999996
2025-08-01 09:57:45 AM,621.55,0,0.0,65779917.449999996
2025-08-01 09:57:45 AM,621.55,2631,1635298.0499999998,67415215.5
2025-08-01 09:57:48 AM,621.45,23,14293.35,67429508.85
2025-08-01 09:57:51 AM,621.45,10,6214.5,67435723.35
2025-08-01 09:57:53 AM,620.3,0,0.0,67435723.35
2025-08-01 09:57:54 AM,620.3,103,63890.899999999994,67499614.25
2025-08-01 09:57:57 AM,620.75,0,0.0,67499614.25
2025-08-01 09:57:57 AM,620.75,1,620.75,67500235.0
2025-08-01 09:58:00 AM,620.95,100,62095.00000000001,67562330.0
2025-08-01 09:58:03 AM,621.15,1,621.15,67562951.15
2025-08-01 09:58:10 AM,620.9,0,0.0,67562951.15
2025-08-01 09:58:10 AM,620.9,59,36633.1,67599584.25
2025-08-01 09:58:12 AM,620.9,30,18627.0,67618211.25
2025-08-01 09:58:16 AM,621.35,20,12427.0,67630638.25
2025-08-01 09:58:18 AM,621.0,0,0.0,67630638.25
2025-08-01 09:58:18 AM,621.0,50,31050.0,67661688.25
2025-08-01 09:58:24 AM,621.0,101,62721.0,67724409.25
2025-08-01 09:58:28 AM,621.2,14,8696.800000000001,67733106.05
2025-08-01 09:58:30 AM,621.5,0,0.0,67733106.05
2025-08-01 09:58:30 AM,621.5,150,93225.0,67826331.05
2025-08-01 09:58:34 AM,621.85,0,0.0,67826331.05
2025-08-01 09:58:34 AM,621.85,114,70890.90000000001,67897221.95
2025-08-01 09:58:36 AM,621.85,47,29226.95,67926448.9
2025-08-01 09:58:38 AM,622.0,0,0.0,67926448.9
2025-08-01 09:58:40 AM,622.2,1423,885390.6000000001,68811839.5
2025-08-01 09:58:42 AM,622.1,0,0.0,68811839.5
2025-08-01 09:58:43 AM,622.1,50,31105.0,68842944.5
2025-08-01 09:58:46 AM,622.05,0,0.0,68842944.5
2025-08-01 09:58:46 AM,622.05,599,372607.94999999995,69215552.45
2025-08-01 09:58:49 AM,622.05,85,52874.24999999999,69268426.7
2025-08-01 09:58:50 AM,621.9,0,0.0,69268426.7
2025-08-01 09:58:52 AM,622.05,151,93929.54999999999,69362356.25
2025-08-01 09:58:55 AM,622.05,136,84598.79999999999,69446955.05
2025-08-01 09:58:58 AM,622.0,0,0.0,69446955.05
2025-08-01 09:58:58 AM,622.0,236,146792.0,69593747.05
2025-08-01 09:59:01 AM,621.25,0,0.0,69593747.05
2025-08-01 09:59:01 AM,621.8,119,73994.2,69667741.25
2025-08-01 09:59:02 AM,621.25,0,0.0,69667741.25
2025-08-01 09:59:04 AM,621.4,315,195741.0,69863482.25
2025-08-01 09:59:06 AM,620.9,0,0.0,69863482.25
2025-08-01 09:59:07 AM,620.9,56,34770.4,69898252.65
2025-08-01 09:59:10 AM,620.0,292,181040.0,70079292.65
2025-08-01 09:59:17 AM,620.2,1,620.2,70079912.85000001
2025-08-01 09:59:20 AM,620.25,0,0.0,70079912.85000001
2025-08-01 09:59:20 AM,620.25,30,18607.5,70098520.35000001
2025-08-01 09:59:26 AM,620.85,1,620.85,70099141.2
2025-08-01 09:59:48 AM,620.15,0,0.0,70099141.2
2025-08-01 09:59:48 AM,620.15,362,224494.3,70323635.5
2025-08-01 09:59:51 AM,620.65,0,0.0,70323635.5
2025-08-01 09:59:52 AM,619.85,0,0.0,70323635.5
2025-08-01 09:59:54 AM,619.85,340,210749.0,70534384.5
2025-08-01 09:59:59 AM,619.6,0,0.0,70534384.5
2025-08-01 10:00:00 AM,620.15,0,0.0,70534384.5
2025-08-01 10:00:00 AM,620.15,75,46511.25,70580895.75
2025-08-01 10:00:03 AM,620.1,0,0.0,70580895.75
2025-08-01 10:00:03 AM,620.1,1,620.1,70581515.85
2025-08-01 10:00:06 AM,619.6,1,619.6,70582135.44999999
2025-08-01 10:00:09 AM,620.0,0,0.0,70582135.44999999
2025-08-01 10:00:09 AM,620.0,22,13640.0,70595775.44999999
2025-08-01 10:00:13 AM,620.0,2,1240.0,70597015.44999999
2025-08-01 10:00:16 AM,620.0,52,32240.0,70629255.44999999
2025-08-01 10:00:22 AM,620.0,394,244280.0,70873535.44999999
2025-08-01 10:00:26 AM,620.7,81,50276.700000000004,70923812.14999999
2025-08-01 10:00:33 AM,620.6,0,0.0,70923812.14999999
2025-08-01 10:00:35 AM,620.6,85,52751.0,70976563.14999999
2025-08-01 10:00:38 AM,620.1,2,1240.2,70977803.35
2025-08-01 10:00:41 AM,620.5,33,20476.5,70998279.85
2025-08-01 10:00:44 AM,620.85,380,235923.0,71234202.85
2025-08-01 10:00:48 AM,620.7,16,9931.2,71244134.05
2025-08-01 10:00:54 AM,620.1,22,13642.2,71257776.25
2025-08-01 10:01:01 AM,620.0,3,1860.0,71259636.25
2025-08-01 10:01:10 AM,620.25,1,620.25,71260256.5
2025-08-01 10:01:23 AM,620.6,0,0.0,71260256.5
2025-08-01 10:01:26 AM,621.0,0,0.0,71260256.5
2025-08-01 10:01:26 AM,621.0,1600,993600.0,72253856.5
2025-08-01 10:01:31 AM,622.7,0,0.0,72253856.5
2025-08-01 10:01:32 AM,622.7,700,435890.00000000006,72689746.5
2025-08-01 10:01:38 AM,621.85,0,0.0,72689746.5
2025-08-01 10:01:38 AM,621.85,134,83327.90000000001,72773074.4
2025-08-01 10:01:44 AM,622.2,9,5599.8,72778674.2
2025-08-01 10:01:48 AM,622.5,0,0.0,72778674.2
2025-08-01 10:01:51 AM,622.35,382,237737.7,73016411.9
2025-08-01 10:01:55 AM,622.4,0,0.0,73016411.9
2025-08-01 10:01:57 AM,622.4,5,3112.0,73019523.9
2025-08-01 10:02:07 AM,622.2,0,0.0,73019523.9
2025-08-01 10:02:09 AM,622.4,0,0.0,73019523.9
2025-08-01 10:02:09 AM,622.4,232,144396.8,73163920.7
2025-08-01 10:02:11 AM,622.4,3,1867.1999999999998,73165787.9
2025-08-01 10:02:15 AM,622.4,1,622.4,73166410.30000001
2025-08-01 10:02:30 AM,622.4,300,186720.0,73353130.30000001
2025-08-01 10:02:36 AM,622.4,126,78422.4,73431552.70000002
2025-08-01 10:02:40 AM,622.4,168,104563.2,73536115.90000002
2025-08-01 10:02:45 AM,621.9,0,0.0,73536115.90000002
2025-08-01 10:02:47 AM,622.2,36,22399.2,73558515.10000002
2025-08-01 10:02:49 AM,622.35,50,31117.5,73589632.60000002
2025-08-01 10:02:54 AM,622.0,0,0.0,73589632.60000002
2025-08-01 10:02:54 AM,622.0,225,139950.0,73729582.60000002
2025-08-01 10:02:54 AM,622.4,0,0.0,73729582.60000002
2025-08-01 10:02:55 AM,622.3,610,379603.0,74109185.60000002
2025-08-01 10:03:00 AM,622.6,1992,1240219.2,75349404.80000003
2025-08-01 10:03:01 AM,622.7,6,3736.2000000000003,75353141.00000003
2025-08-01 10:03:06 AM,622.75,0,0.0,75353141.00000003
2025-08-01 10:03:06 AM,622.75,1100,685025.0,76038166.00000003
2025-08-01 10:03:12 AM,622.8,601,374302.8,76412468.80000003
2025-08-01 10:03:14 AM,622.8,339,211129.19999999998,76623598.00000003
2025-08-01 10:03:19 AM,623.2,855,532836.0,77156434.00000003
2025-08-01 10:03:21 AM,623.25,1,623.25,77157057.25000003
2025-08-01 10:03:25 AM,623.0,125,77875.0,77234932.25000003
2025-08-01 10:03:32 AM,623.25,65,40511.25,77275443.50000003
2025-08-01 10:03:34 AM,623.25,1,623.25,77276066.75000003
2025-08-01 10:03:38 AM,622.2,0,0.0,77276066.75000003
2025-08-01 10:03:39 AM,622.2,943,586734.6000000001,77862801.35000002
2025-08-01 10:03:40 AM,622.5,500,311250.0,78174051.35000002
2025-08-01 10:03:42 AM,622.45,0,0.0,78174051.35000002
2025-08-01 10:03:45 AM,622.45,5,3112.25,78177163.60000002
2025-08-01 10:03:50 AM,622.6,0,0.0,78177163.60000002
2025-08-01 10:03:50 AM,622.75,0,0.0,78177163.60000002
2025-08-01 10:03:51 AM,622.75,91,56670.25,78233833.85000002
2025-08-01 10:03:57 AM,622.2,600,373320.0,78607153.85000002
2025-08-01 10:03:59 AM,622.05,9,5598.45,78612752.30000003
2025-08-01 10:04:02 AM,621.7,0,0.0,78612752.30000003
2025-08-01 10:04:03 AM,622.1,19,11819.9,78624572.20000003
2025-08-01 10:04:09 AM,622.0,6,3732.0,78628304.20000003
2025-08-01 10:04:11 AM,621.85,25,15546.25,78643850.45000003
2025-08-01 10:04:14 AM,622.25,0,0.0,78643850.45000003
2025-08-01 10:04:15 AM,621.75,509,316470.75,78960321.20000003
2025-08-01 10:04:18 AM,621.75,200,124350.0,79084671.20000003
2025-08-01 10:04:22 AM,621.25,0,0.0,79084671.20000003
2025-08-01 10:04:22 AM,621.25,27,16773.75,79101444.95000003
2025-08-01 10:04:34 AM,621.1,0,0.0,79101444.95000003
2025-08-01 10:04:35 AM,621.1,10,6211.0,79107655.95000003
2025-08-01 10:04:41 AM,622.0,1172,728984.0,79836639.95000003
2025-08-01 10:04:52 AM,622.75,0,0.0,79836639.95000003
2025-08-01 10:04:53 AM,622.75,185,115208.75,79951848.70000003
2025-08-01 10:04:55 AM,621.7,100,62170.00000000001,80014018.70000003
2025-08-01 10:05:01 AM,622.2,101,62842.200000000004,80076860.90000004
2025-08-01 10:05:05 AM,622.45,0,0.0,80076860.90000004
2025-08-01 10:05:05 AM,622.45,1,622.45,80077483.35000004
2025-08-01 10:05:08 AM,622.75,50,31137.5,80108620.85000004
2025-08-01 10:05:12 AM,622.7,0,0.0,80108620.85000004
2025-08-01 10:05:12 AM,622.7,1,622.7,80109243.55000004
2025-08-01 10:05:18 AM,622.0,186,115692.0,80224935.55000004
2025-08-01 10:05:26 AM,621.2,100,62120.00000000001,80287055.55000004
2025-08-01 10:05:30 AM,622.05,190,118189.49999999999,80405245.05000004
2025-08-01 10:05:32 AM,621.9,60,37314.0,80442559.05000004
2025-08-01 10:05:36 AM,621.2,325,201890.00000000003,80644449.05000004
2025-08-01 10:05:40 AM,621.55,0,0.0,80644449.05000004
2025-08-01 10:05:42 AM,621.75,40,24870.0,80669319.05000004
2025-08-01 10:05:54 AM,621.7,0,0.0,80669319.05000004
2025-08-01 10:05:54 AM,621.7,1,621.7,80669940.75000004
2025-08-01 10:05:58 AM,621.35,0,0.0,80669940.75000004
2025-08-01 10:06:00 AM,621.05,0,0.0,80669940.75000004
2025-08-01 10:06:00 AM,621.05,120,74526.0,80744466.75000004
2025-08-01 10:06:03 AM,621.0,422,262062.0,81006528.75000004
2025-08-01 10:06:04 AM,621.25,0,0.0,81006528.75000004
2025-08-01 10:06:06 AM,621.0,36,22356.0,81028884.75000004
2025-08-01 10:06:08 AM,620.9,0,0.0,81028884.75000004
2025-08-01 10:06:09 AM,620.9,2,1241.8,81030126.55000004
2025-08-01 10:06:14 AM,620.65,0,0.0,81030126.55000004
2025-08-01 10:06:14 AM,620.65,4,2482.6,81032609.15000004
2025-08-01 10:06:24 AM,620.6,155,96193.0,81128802.15000004
2025-08-01 10:06:26 AM,620.7,100,62070.00000000001,81190872.15000004
2025-08-01 10:06:36 AM,621.45,1508,937146.6000000001,82128018.75000003
2025-08-01 10:06:38 AM,621.5,25,15537.5,82143556.25000003
2025-08-01 10:06:42 AM,620.8,70,43456.0,82187012.25000003
2025-08-01 10:06:48 AM,620.7,155,96208.5,82283220.75000003
2025-08-01 10:06:54 AM,620.7,74,45931.8,82329152.55000003
2025-08-01 10:06:56 AM,620.7,100,62070.00000000001,82391222.55000003
2025-08-01 10:07:02 AM,620.1,57,35345.700000000004,82426568.25000003
2025-08-01 10:07:06 AM,620.05,0,0.0,82426568.25000003
2025-08-01 10:07:06 AM,620.05,9,5580.45,82432148.70000003
2025-08-01 10:07:15 AM,620.45,100,62045.00000000001,82494193.70000003
2025-08-01 10:07:19 AM,620.2,3,1860.6000000000001,82496054.30000003
2025-08-01 10:07:21 AM,620.15,0,0.0,82496054.30000003
2025-08-01 10:07:21 AM,620.15,4,2480.6,82498534.90000002
2025-08-01 10:07:25 AM,620.15,320,198448.0,82696982.90000002
2025-08-01 10:07:32 AM,620.15,50,31007.5,82727990.40000002
2025-08-01 10:07:34 AM,620.2,0,0.0,82727990.40000002
2025-08-01 10:07:37 AM,620.2,9,5581.8,82733572.20000002
2025-08-01 10:07:39 AM,620.8,195,121055.99999999999,82854628.20000002
2025-08-01 10:07:43 AM,620.55,0,0.0,82854628.20000002
2025-08-01 10:07:43 AM,620.55,21,13031.55,82867659.75000001
2025-08-01 10:07:52 AM,620.35,217,134615.95,83002275.70000002
2025-08-01 10:07:56 AM,620.15,937,581080.5499999999,83583356.25000001
2025-08-01 10:07:58 AM,620.1,0,0.0,83583356.25000001
2025-08-01 10:07:58 AM,620.1,5,3100.5,83586456.75000001
2025-08-01 10:08:02 AM,619.05,0,0.0,83586456.75000001
2025-08-01 10:08:02 AM,619.05,2574,1593434.7,85179891.45000002
2025-08-01 10:08:07 AM,619.5,0,0.0,85179891.45000002
2025-08-01 10:08:08 AM,619.05,0,0.0,85179891.45000002
2025-08-01 10:08:08 AM,619.05,203,125667.15,85305558.60000002
2025-08-01 10:08:17 AM,619.05,11,6809.549999999999,85312368.15000002
2025-08-01 10:08:21 AM,621.2,0,0.0,85312368.15000002
2025-08-01 10:08:21 AM,621.2,2500,1553000.0,86865368.15000002
2025-08-01 10:08:26 AM,619.8,0,0.0,86865368.15000002
2025-08-01 10:08:27 AM,619.6,0,0.0,86865368.15000002
2025-08-01 10:08:27 AM,619.6,53,32838.8,86898206.95000002
2025-08-01 10:08:38 AM,619.45,0,0.0,86898206.95000002
2025-08-01 10:08:39 AM,619.45,445,275655.25,87173862.20000002
2025-08-01 10:08:44 AM,619.65,0,0.0,87173862.20000002
2025-08-01 10:08:45 AM,619.65,103,63823.95,87237686.15000002
2025-08-01 10:08:48 AM,620.3,0,0.0,87237686.15000002
2025-08-01 10:08:51 AM,620.3,250,155075.0,87392761.15000002
2025-08-01 10:08:54 AM,619.9,0,0.0,87392761.15000002
2025-08-01 10:08:57 AM,619.9,14,8678.6,87401439.75000001
2025-08-01 10:08:58 AM,620.4,25,15510.0,87416949.75000001
2025-08-01 10:08:59 AM,620.5,0,0.0,87416949.75000001
2025-08-01 10:09:03 AM,620.5,1,620.5,87417570.25000001
2025-08-01 10:09:04 AM,620.2,2,1240.4,87418810.65000002
2025-08-01 10:09:08 AM,620.45,0,0.0,87418810.65000002
2025-08-01 10:09:09 AM,620.45,3,1861.3500000000001,87420672.00000001
2025-08-01 10:09:21 AM,620.5,0,0.0,87420672.00000001
2025-08-01 10:09:21 AM,620.5,11,6825.5,87427497.50000001
2025-08-01 10:09:22 AM,620.05,3,1860.1499999999999,87429357.65000002
2025-08-01 10:09:35 AM,619.85,0,0.0,87429357.65000002
2025-08-01 10:09:38 AM,619.85,25,15496.25,87444853.90000002
2025-08-01 10:09:46 AM,619.85,2,1239.7,87446093.60000002
2025-08-01 10:09:51 AM,620.25,1,620.25,87446713.85000002
2025-08-01 10:09:59 AM,620.45,0,0.0,87446713.85000002
2025-08-01 10:10:01 AM,620.45,8,4963.6,87451677.45000002
2025-08-01 10:10:07 AM,620.5,0,0.0,87451677.45000002
2025-08-01 10:10:08 AM,619.9,0,0.0,87451677.45000002
2025-08-01 10:10:08 AM,619.85,91,56406.35,87508083.80000001
2025-08-01 10:10:18 AM,619.85,4,2479.4,87510563.20000002
2025-08-01 10:10:30 AM,619.85,27,16735.95,87527299.15000002
2025-08-01 10:10:36 AM,619.85,2,1239.7,87528538.85000002
2025-08-01 10:10:38 AM,619.85,20,12397.0,87540935.85000002
2025-08-01 10:10:42 AM,619.85,1,619.85,87541555.70000002
2025-08-01 10:10:48 AM,619.85,20,12397.0,87553952.70000002
2025-08-01 10:10:58 AM,620.0,0,0.0,87553952.70000002
2025-08-01 10:11:00 AM,620.0,2,1240.0,87555192.70000002
2025-08-01 10:11:01 AM,620.0,1,620.0,87555812.70000002
2025-08-01 10:11:07 AM,620.1,10,6201.0,87562013.70000002
2025-08-01 10:11:11 AM,620.0,0,0.0,87562013.70000002
2025-08-01 10:11:12 AM,620.0,2,1240.0,87563253.70000002
2025-08-01 10:11:25 AM,620.4,14,8685.6,87571939.30000001
2025-08-01 10:11:33 AM,620.5,0,0.0,87571939.30000001
2025-08-01 10:11:35 AM,620.0,0,0.0,87571939.30000001
2025-08-01 10:11:35 AM,620.0,57,35340.0,87607279.30000001
2025-08-01 10:11:38 AM,620.25,0,0.0,87607279.30000001
2025-08-01 10:11:41 AM,620.25,1,620.25,87607899.55000001
2025-08-01 10:11:47 AM,620.4,4,2481.6,87610381.15
2025-08-01 10:11:48 AM,620.35,0,0.0,87610381.15
2025-08-01 10:11:48 AM,620.35,38,23573.3,87633954.45
2025-08-01 10:12:05 AM,620.1,0,0.0,87633954.45
2025-08-01 10:12:05 AM,620.1,7,4340.7,87638295.15
2025-08-01 10:12:10 AM,620.35,25,15508.75,87653803.9
2025-08-01 10:12:11 AM,619.95,0,0.0,87653803.9
2025-08-01 10:12:11 AM,619.95,4,2479.8,87656283.7
2025-08-01 10:12:28 AM,620.35,4,2481.4,87658765.10000001
2025-08-01 10:12:33 AM,620.35,2,1240.7,87660005.80000001
2025-08-01 10:12:34 AM,620.35,3,1861.0500000000002,87661866.85000001
2025-08-01 10:12:38 AM,620.3,0,0.0,87661866.85000001
2025-08-01 10:12:39 AM,620.7,42,26069.4,87687936.25000001
2025-08-01 10:12:44 AM,620.6,0,0.0,87687936.25000001
2025-08-01 10:12:45 AM,620.6,15,9309.0,87697245.25000001
2025-08-01 10:12:56 AM,620.15,0,0.0,87697245.25000001
2025-08-01 10:12:56 AM,620.15,225,139533.75,87836779.00000001
2025-08-01 10:13:02 AM,620.1,1,620.1,87837399.10000001
2025-08-01 10:13:08 AM,620.1,16,9921.6,87847320.7
2025-08-01 10:13:14 AM,620.1,20,12402.0,87859722.7
2025-08-01 10:13:32 AM,620.4,0,0.0,87859722.7
2025-08-01 10:13:32 AM,620.4,48,29779.199999999997,87889501.9
2025-08-01 10:13:35 AM,620.15,0,0.0,87889501.9
2025-08-01 10:13:38 AM,620.1,10,6201.0,87895702.9
2025-08-01 10:13:42 AM,620.4,0,0.0,87895702.9
2025-08-01 10:13:44 AM,620.4,9,5583.599999999999,87901286.5
2025-08-01 10:13:48 AM,620.15,0,0.0,87901286.5
2025-08-01 10:13:48 AM,620.1,0,0.0,87901286.5
2025-08-01 10:13:50 AM,620.1,832,515923.2,88417209.7
2025-08-01 10:13:50 AM,620.1,100,62010.0,88479219.7
2025-08-01 10:13:56 AM,620.1,1,620.1,88479839.8
2025-08-01 10:14:02 AM,620.1,1,620.1,88480459.89999999
2025-08-01 10:14:03 AM,620.7,0,0.0,88480459.89999999
2025-08-01 10:14:07 AM,620.7,980,608286.0,89088745.89999999
2025-08-01 10:14:17 AM,621.0,0,0.0,89088745.89999999
2025-08-01 10:14:19 AM,621.0,27,16767.0,89105512.89999999
2025-08-01 10:14:19 AM,621.0,8,4968.0,89110480.89999999
2025-08-01 10:14:24 AM,621.0,24,14904.0,89125384.89999999
2025-08-01 10:14:30 AM,621.0,10,6210.0,89131594.89999999
2025-08-01 10:14:42 AM,621.0,86,53406.0,89185000.89999999
2025-08-01 10:14:47 AM,620.75,0,0.0,89185000.89999999
2025-08-01 10:14:47 AM,620.75,6,3724.5,89188725.39999999
2025-08-01 10:14:57 AM,621.0,0,0.0,89188725.39999999
2025-08-01 10:14:59 AM,621.0,71,44091.0,89232816.39999999
2025-08-01 10:15:10 AM,621.0,29,18009.0,89250825.39999999
2025-08-01 10:15:13 AM,620.75,0,0.0,89250825.39999999
2025-08-01 10:15:16 AM,620.75,154,95595.5,89346420.89999999
2025-08-01 10:15:23 AM,620.75,8,4966.0,89351386.89999999
2025-08-01 10:15:29 AM,620.75,16,9932.0,89361318.89999999
2025-08-01 10:15:37 AM,620.45,0,0.0,89361318.89999999
2025-08-01 10:15:38 AM,620.55,0,0.0,89361318.89999999
2025-08-01 10:15:41 AM,620.55,106,65778.29999999999,89427097.19999999
2025-08-01 10:15:41 AM,620.3,380,235713.99999999997,89662811.19999999
2025-08-01 10:15:44 AM,620.35,0,0.0,89662811.19999999
2025-08-01 10:15:47 AM,620.35,30,18610.5,89681421.69999999
2025-08-01 10:15:53 AM,620.35,2,1240.7,89682662.39999999
2025-08-01 10:16:04 AM,620.7,0,0.0,89682662.39999999
2025-08-01 10:16:04 AM,620.7,5,3103.5,89685765.89999999
2025-08-01 10:16:10 AM,620.75,0,0.0,89685765.89999999
2025-08-01 10:16:10 AM,620.75,17,10552.75,89696318.64999999
2025-08-01 10:16:13 AM,620.35,0,0.0,89696318.64999999
2025-08-01 10:16:14 AM,620.8,0,0.0,89696318.64999999
2025-08-01 10:16:16 AM,620.9,30,18627.0,89714945.64999999
2025-08-01 10:16:18 AM,621.0,0,0.0,89714945.64999999
2025-08-01 10:16:22 AM,621.0,40,24840.0,89739785.64999999
2025-08-01 10:16:32 AM,620.7,0,0.0,89739785.64999999
2025-08-01 10:16:34 AM,620.7,11,6827.700000000001,89746613.35
2025-08-01 10:16:39 AM,620.7,13,8069.1,89754682.44999999
2025-08-01 10:16:45 AM,620.25,35,21708.75,89776391.19999999
2025-08-01 10:16:47 AM,620.55,0,0.0,89776391.19999999
2025-08-01 10:16:51 AM,620.55,16,9928.8,89786319.99999999
2025-08-01 10:16:59 AM,620.4,0,0.0,89786319.99999999
2025-08-01 10:17:01 AM,620.4,1,620.4,89786940.39999999
2025-08-01 10:17:07 AM,620.4,53,32881.2,89819821.6
2025-08-01 10:17:23 AM,620.35,0,0.0,89819821.6
2025-08-01 10:17:25 AM,620.4,6,3722.3999999999996,89823544.0
2025-08-01 10:17:30 AM,620.4,57,35362.799999999996,89858906.8
2025-08-01 10:17:41 AM,620.7,0,0.0,89858906.8
2025-08-01 10:17:42 AM,620.7,1,620.7,89859527.5
2025-08-01 10:17:47 AM,620.75,0,0.0,89859527.5
2025-08-01 10:17:48 AM,621.0,344,213624.0,90073151.5
2025-08-01 10:17:59 AM,620.95,0,0.0,90073151.5
2025-08-01 10:17:59 AM,620.95,16,9935.2,90083086.7
2025-08-01 10:18:08 AM,620.4,0,0.0,90083086.7
2025-08-01 10:18:11 AM,620.4,100,62040.0,90145126.7
2025-08-01 10:18:37 AM,620.45,0,0.0,90145126.7
2025-08-01 10:18:40 AM,620.7,9,5586.3,90150713.0
2025-08-01 10:18:56 AM,621.0,0,0.0,90150713.0
2025-08-01 10:18:57 AM,621.0,64,39744.0,90190457.0
2025-08-01 10:19:03 AM,620.55,3,1861.6499999999999,90192318.65
2025-08-01 10:19:07 AM,620.9,0,0.0,90192318.65
2025-08-01 10:19:08 AM,620.9,14,8692.6,90201011.25
2025-08-01 10:19:24 AM,621.1,0,0.0,90201011.25
2025-08-01 10:19:26 AM,621.25,5828,3620645.0,93821656.25
2025-08-01 10:19:32 AM,621.35,5,3106.75,93824763.0
2025-08-01 10:19:38 AM,621.35,1,621.35,93825384.35
2025-08-01 10:19:43 AM,621.25,5,3106.25,93828490.6
2025-08-01 10:19:51 AM,620.9,0,0.0,93828490.6
2025-08-01 10:19:54 AM,621.45,0,0.0,93828490.6
2025-08-01 10:19:54 AM,621.45,307,190785.15000000002,94019275.75
2025-08-01 10:19:57 AM,621.25,0,0.0,94019275.75
2025-08-01 10:20:00 AM,621.25,3,1863.75,94021139.5
2025-08-01 10:20:18 AM,621.25,10,6212.5,94027352.0
2025-08-01 10:20:28 AM,621.25,50,31062.5,94058414.5
2025-08-01 10:20:30 AM,621.25,5,3106.25,94061520.75
2025-08-01 10:20:34 AM,621.2,14,8696.800000000001,94070217.55
2025-08-01 10:20:47 AM,621.2,1,621.2,94070838.75
2025-08-01 10:20:57 AM,620.7,0,0.0,94070838.75
2025-08-01 10:20:58 AM,620.65,22,13654.3,94084493.05
2025-08-01 10:21:09 AM,620.4,0,0.0,94084493.05
2025-08-01 10:21:09 AM,620.4,3,1861.1999999999998,94086354.25
2025-08-01 10:21:16 AM,620.65,10,6206.5,94092560.75
2025-08-01 10:21:17 AM,621.25,0,0.0,94092560.75
2025-08-01 10:21:20 AM,621.25,1101,683996.25,94776557.0
2025-08-01 10:21:28 AM,621.3,4,2485.2,94779042.2
2025-08-01 10:21:32 AM,621.2,0,0.0,94779042.2
2025-08-01 10:21:33 AM,621.2,5,3106.0,94782148.2
2025-08-01 10:21:38 AM,621.5,575,357362.5,95139510.7
2025-08-01 10:21:41 AM,621.6,0,0.0,95139510.7
2025-08-01 10:21:42 AM,621.6,100,62160.0,95201670.7
2025-08-01 10:21:56 AM,621.9,0,0.0,95201670.7
2025-08-01 10:21:56 AM,621.9,6,3731.3999999999996,95205402.10000001
2025-08-01 10:21:59 AM,621.6,0,0.0,95205402.10000001
2025-08-01 10:21:59 AM,621.6,1,621.6,95206023.7
2025-08-01 10:22:01 AM,621.6,1,621.6,95206645.3
2025-08-01 10:22:03 AM,622.7,0,0.0,95206645.3
2025-08-01 10:22:05 AM,622.7,5417,3373165.9000000004,98579811.2
2025-08-01 10:22:16 AM,622.7,1,622.7,98580433.9
2025-08-01 10:22:25 AM,622.75,15,9341.25,98589775.15
2025-08-01 10:22:29 AM,622.75,24,14946.0,98604721.15
2025-08-01 10:22:32 AM,623.0,0,0.0,98604721.15
2025-08-01 10:22:34 AM,623.0,302,188146.0,98792867.15
2025-08-01 10:22:42 AM,623.0,25,15575.0,98808442.15
2025-08-01 10:22:45 AM,623.0,815,507745.0,99316187.15
2025-08-01 10:22:50 AM,623.0,170,105910.0,99422097.15
2025-08-01 10:22:58 AM,623.0,80,49840.0,99471937.15
2025-08-01 10:23:03 AM,622.7,0,0.0,99471937.15
2025-08-01 10:23:04 AM,622.7,50,31135.000000000004,99503072.15
2025-08-01 10:23:08 AM,622.4,0,0.0,99503072.15
2025-08-01 10:23:10 AM,623.0,51,31773.0,99534845.15
2025-08-01 10:23:14 AM,622.5,0,0.0,99534845.15
2025-08-01 10:23:15 AM,622.5,64,39840.0,99574685.15
2025-08-01 10:23:20 AM,623.25,0,0.0,99574685.15
2025-08-01 10:23:21 AM,623.25,77,47990.25,99622675.4
2025-08-01 10:23:22 AM,622.9,0,0.0,99622675.4
2025-08-01 10:23:24 AM,622.9,2,1245.8,99623921.2
2025-08-01 10:23:28 AM,623.0,0,0.0,99623921.2
2025-08-01 10:23:30 AM,623.0,10,6230.0,99630151.2
2025-08-01 10:23:35 AM,623.0,4,2492.0,99632643.2
2025-08-01 10:23:38 AM,622.8,0,0.0,99632643.2
2025-08-01 10:23:38 AM,622.8,1,622.8,99633266.0
2025-08-01 10:23:44 AM,623.15,0,0.0,99633266.0
2025-08-01 10:23:44 AM,623.15,1026,639351.9,100272617.9
2025-08-01 10:23:49 AM,623.3,0,0.0,100272617.9
2025-08-01 10:23:50 AM,623.3,2,1246.6,100273864.5
2025-08-01 10:23:55 AM,623.0,0,0.0,100273864.5
2025-08-01 10:23:55 AM,623.25,14,8725.5,100282590.0
2025-08-01 10:23:56 AM,623.0,0,0.0,100282590.0
2025-08-01 10:23:57 AM,623.0,49,30527.0,100313117.0
2025-08-01 10:24:03 AM,623.05,1,623.05,100313740.05
2025-08-01 10:24:12 AM,623.0,0,0.0,100313740.05
2025-08-01 10:24:12 AM,622.55,149,92759.95,100406500.0
2025-08-01 10:24:17 AM,622.95,0,0.0,100406500.0
2025-08-01 10:24:17 AM,623.0,114,71022.0,100477522.0
2025-08-01 10:24:28 AM,622.55,0,0.0,100477522.0
2025-08-01 10:24:28 AM,622.55,6,3735.2999999999997,100481257.3
2025-08-01 10:24:29 AM,622.95,0,0.0,100481257.3
2025-08-01 10:24:30 AM,622.95,4,2491.8,100483749.1
2025-08-01 10:24:32 AM,622.7,0,0.0,100483749.1
2025-08-01 10:24:34 AM,622.7,1,622.7,100484371.8
2025-08-01 10:24:44 AM,623.0,0,0.0,100484371.8
2025-08-01 10:24:45 AM,623.0,1,623.0,100484994.8
2025-08-01 10:24:50 AM,623.0,26,16198.0,100501192.8
2025-08-01 10:25:02 AM,623.1,0,0.0,100501192.8
2025-08-01 10:25:04 AM,623.1,70,43617.0,100544809.8
2025-08-01 10:25:14 AM,623.2,0,0.0,100544809.8
2025-08-01 10:25:16 AM,623.2,1,623.2,100545433.0
2025-08-01 10:25:19 AM,623.5,15,9352.5,100554785.5
2025-08-01 10:25:22 AM,623.5,1,623.5,100555409.0
2025-08-01 10:25:24 AM,623.7,0,0.0,100555409.0
2025-08-01 10:25:25 AM,623.7,5,3118.5,100558527.5
2025-08-01 10:25:32 AM,623.5,0,0.0,100558527.5
2025-08-01 10:25:32 AM,623.5,6,3741.0,100562268.5
2025-08-01 10:25:36 AM,623.7,0,0.0,100562268.5
2025-08-01 10:25:36 AM,623.7,6,3742.2000000000003,100566010.7
2025-08-01 10:25:41 AM,623.7,5,3118.5,100569129.2
2025-08-01 10:25:42 AM,624.0,0,0.0,100569129.2
2025-08-01 10:25:44 AM,624.0,324,202176.0,100771305.2
2025-08-01 10:25:45 AM,624.05,0,0.0,100771305.2
2025-08-01 10:25:47 AM,624.85,0,0.0,100771305.2
2025-08-01 10:25:47 AM,624.85,311,194328.35,100965633.55
2025-08-01 10:25:48 AM,623.9,0,0.0,100965633.55
2025-08-01 10:25:49 AM,624.5,301,187974.5,101153608.05
2025-08-01 10:25:51 AM,624.7,0,0.0,101153608.05
2025-08-01 10:25:52 AM,624.7,2,1249.4,101154857.45
2025-08-01 10:25:54 AM,624.9,0,0.0,101154857.45
2025-08-01 10:25:55 AM,624.9,207,129354.29999999999,101284211.75
2025-08-01 10:25:58 AM,624.9,1000,624900.0,101909111.75
2025-08-01 10:26:03 AM,625.0,407,254375.0,102163486.75
2025-08-01 10:26:05 AM,624.9,21,13122.9,102176609.65
2025-08-01 10:26:08 AM,625.0,0,0.0,102176609.65
2025-08-01 10:26:09 AM,625.0,1030,643750.0,102820359.65
2025-08-01 10:26:11 AM,624.35,0,0.0,102820359.65
2025-08-01 10:26:11 AM,624.35,8,4994.8,102825354.45
2025-08-01 10:26:15 AM,624.5,0,0.0,102825354.45
2025-08-01 10:26:17 AM,624.95,1042,651197.9,103476552.35000001
2025-08-01 10:26:18 AM,625.1,0,0.0,103476552.35000001
2025-08-01 10:26:20 AM,625.0,0,0.0,103476552.35000001
2025-08-01 10:26:20 AM,625.0,375,234375.0,103710927.35000001
2025-08-01 10:26:32 AM,625.8,2324,1454359.2,105165286.55000001
2025-08-01 10:26:33 AM,625.95,0,0.0,105165286.55000001
2025-08-01 10:26:34 AM,625.95,5,3129.75,105168416.30000001
2025-08-01 10:26:37 AM,626.95,0,0.0,105168416.30000001
2025-08-01 10:26:37 AM,626.8,469,293969.19999999995,105462385.50000001
2025-08-01 10:26:39 AM,627.35,0,0.0,105462385.50000001
2025-08-01 10:26:40 AM,627.35,2000,1254700.0,106717085.50000001
2025-08-01 10:26:43 AM,627.05,0,0.0,106717085.50000001
2025-08-01 10:26:43 AM,627.05,140,87787.0,106804872.50000001
2025-08-01 10:26:45 AM,627.45,0,0.0,106804872.50000001
2025-08-01 10:26:46 AM,627.45,500,313725.0,107118597.50000001
2025-08-01 10:26:48 AM,627.6,0,0.0,107118597.50000001
2025-08-01 10:26:49 AM,626.25,814,509767.5,107628365.00000001
2025-08-01 10:26:51 AM,626.15,0,0.0,107628365.00000001
2025-08-01 10:26:51 AM,626.15,27,16906.05,107645271.05000001
2025-08-01 10:26:53 AM,625.0,0,0.0,107645271.05000001
2025-08-01 10:26:55 AM,625.3,950,594035.0,108239306.05000001
2025-08-01 10:26:56 AM,624.75,0,0.0,108239306.05000001
2025-08-01 10:26:57 AM,624.75,500,312375.0,108551681.05000001
2025-08-01 10:26:59 AM,625.35,0,0.0,108551681.05000001
2025-08-01 10:27:00 AM,625.0,0,0.0,108551681.05000001
2025-08-01 10:27:00 AM,625.0,67,41875.0,108593556.05000001
2025-08-01 10:27:05 AM,624.75,0,0.0,108593556.05000001
2025-08-01 10:27:06 AM,624.15,0,0.0,108593556.05000001
2025-08-01 10:27:06 AM,624.15,120,74898.0,108668454.05000001
2025-08-01 10:27:12 AM,624.6,40,24984.0,108693438.05000001
2025-08-01 10:27:14 AM,625.45,0,0.0,108693438.05000001
2025-08-01 10:27:15 AM,625.45,1554,971949.3,109665387.35000001
2025-08-01 10:27:17 AM,625.7,0,0.0,109665387.35000001
2025-08-01 10:27:17 AM,625.7,113,70704.1,109736091.45
2025-08-01 10:27:23 AM,625.85,40,25034.0,109761125.45
2025-08-01 10:27:26 AM,625.95,0,0.0,109761125.45
2025-08-01 10:27:26 AM,625.95,1138,712331.1000000001,110473456.55
2025-08-01 10:27:29 AM,626.0,0,0.0,110473456.55
2025-08-01 10:27:31 AM,626.0,200,125200.0,110598656.55
2025-08-01 10:27:32 AM,626.05,0,0.0,110598656.55
2025-08-01 10:27:33 AM,626.0,0,0.0,110598656.55
2025-08-01 10:27:33 AM,626.0,450,281700.0,110880356.55
2025-08-01 10:27:38 AM,626.25,0,0.0,110880356.55
2025-08-01 10:27:39 AM,626.25,250,156562.5,111036919.05
2025-08-01 10:27:40 AM,625.7,0,0.0,111036919.05
2025-08-01 10:27:42 AM,625.7,20,12514.0,111049433.05
2025-08-01 10:27:44 AM,625.2,100,62520.00000000001,111111953.05
2025-08-01 10:27:47 AM,625.7,9,5631.3,111117584.35
2025-08-01 10:27:50 AM,625.7,1,625.7,111118210.05
2025-08-01 10:27:52 AM,625.3,0,0.0,111118210.05
2025-08-01 10:27:53 AM,625.3,84,52525.2,111170735.25
2025-08-01 10:27:54 AM,625.7,0,0.0,111170735.25
2025-08-01 10:27:56 AM,625.7,19,11888.300000000001,111182623.55
2025-08-01 10:27:58 AM,625.7,235,147039.5,111329663.05
2025-08-01 10:28:03 AM,625.4,0,0.0,111329663.05
2025-08-01 10:28:04 AM,625.7,213,133274.1,111462937.14999999
2025-08-01 10:28:06 AM,626.3,162,101460.59999999999,111564397.74999999
2025-08-01 10:28:08 AM,626.4,0,0.0,111564397.74999999
2025-08-01 10:28:09 AM,626.4,9,5637.599999999999,111570035.34999998
2025-08-01 10:28:11 AM,626.65,15,9399.75,111579435.09999998
2025-08-01 10:28:13 AM,625.9,0,0.0,111579435.09999998
2025-08-01 10:28:14 AM,625.55,0,0.0,111579435.09999998
2025-08-01 10:28:14 AM,625.55,78,48792.899999999994,111628227.99999999
2025-08-01 10:28:15 AM,626.15,0,0.0,111628227.99999999
2025-08-01 10:28:17 AM,626.15,108,67624.2,111695852.19999999
2025-08-01 10:28:20 AM,626.15,50,31307.5,111727159.69999999
2025-08-01 10:28:22 AM,625.7,0,0.0,111727159.69999999
2025-08-01 10:28:22 AM,626.0,108,67608.0,111794767.69999999
2025-08-01 10:28:27 AM,626.2,0,0.0,111794767.69999999
2025-08-01 10:28:28 AM,625.65,0,0.0,111794767.69999999
2025-08-01 10:28:28 AM,625.65,121,75703.65,111870471.35
2025-08-01 10:28:30 AM,626.15,0,0.0,111870471.35
2025-08-01 10:28:31 AM,625.4,0,0.0,111870471.35
2025-08-01 10:28:31 AM,625.4,93,58162.2,111928633.55
2025-08-01 10:28:34 AM,625.35,50,31267.5,111959901.05
2025-08-01 10:28:39 AM,626.1,0,0.0,111959901.05
2025-08-01 10:28:39 AM,626.1,101,63236.100000000006,112023137.14999999
2025-08-01 10:28:42 AM,625.95,0,0.0,112023137.14999999
2025-08-01 10:28:42 AM,625.95,10,6259.5,112029396.64999999
2025-08-01 10:28:47 AM,625.55,65,40660.75,112070057.39999999
2025-08-01 10:28:51 AM,626.35,3546,2221037.1,114291094.49999999
2025-08-01 10:28:56 AM,625.45,10,6254.5,114297348.99999999
2025-08-01 10:29:04 AM,626.35,0,0.0,114297348.99999999
2025-08-01 10:29:04 AM,626.35,320,200432.0,114497780.99999999
2025-08-01 10:29:07 AM,625.8,1,625.8,114498406.79999998
2025-08-01 10:29:08 AM,626.3,0,0.0,114498406.79999998
2025-08-01 10:29:10 AM,626.3,14,8768.199999999999,114507174.99999999
2025-08-01 10:29:10 AM,626.0,0,0.0,114507174.99999999
2025-08-01 10:29:13 AM,626.0,3,1878.0,114509052.99999999
2025-08-01 10:29:20 AM,626.25,0,0.0,114509052.99999999
2025-08-01 10:29:21 AM,626.25,20,12525.0,114521577.99999999
2025-08-01 10:29:26 AM,626.35,0,0.0,114521577.99999999
2025-08-01 10:29:26 AM,626.35,39,24427.65,114546005.64999999
2025-08-01 10:29:32 AM,626.35,75,46976.25,114592981.89999999
2025-08-01 10:29:34 AM,626.4,0,0.0,114592981.89999999
2025-08-01 10:29:35 AM,627.05,630,395041.5,114988023.39999999
2025-08-01 10:29:37 AM,626.85,289,181159.65,115169183.05
2025-08-01 10:29:40 AM,626.65,0,0.0,115169183.05
2025-08-01 10:29:40 AM,626.65,7,4386.55,115173569.6
2025-08-01 10:29:43 AM,626.95,178,111597.1,115285166.69999999
2025-08-01 10:29:46 AM,626.35,0,0.0,115285166.69999999
2025-08-01 10:29:46 AM,626.35,101,63261.350000000006,115348428.04999998
2025-08-01 10:29:48 AM,626.65,0,0.0,115348428.04999998
2025-08-01 10:29:48 AM,626.95,274,171784.30000000002,115520212.34999998
2025-08-01 10:29:54 AM,626.0,0,0.0,115520212.34999998
2025-08-01 10:29:54 AM,626.0,4383,2743758.0,118263970.34999998
2025-08-01 10:29:56 AM,625.4,0,0.0,118263970.34999998
2025-08-01 10:29:57 AM,625.4,60,37524.0,118301494.34999998
2025-08-01 10:30:00 AM,625.6,0,0.0,118301494.34999998
2025-08-01 10:30:00 AM,625.6,11,6881.6,118308375.94999997
2025-08-01 10:30:03 AM,625.6,101,63185.600000000006,118371561.54999997
2025-08-01 10:30:09 AM,625.6,10,6256.0,118377817.54999997
2025-08-01 10:30:13 AM,626.0,0,0.0,118377817.54999997
2025-08-01 10:30:14 AM,626.0,39,24414.0,118402231.54999997
2025-08-01 10:30:25 AM,626.0,52,32552.0,118434783.54999997
2025-08-01 10:30:28 AM,626.5,120,75180.0,118509963.54999997
2025-08-01 10:30:31 AM,626.0,0,0.0,118509963.54999997
2025-08-01 10:30:31 AM,626.0,268,167768.0,118677731.54999997
2025-08-01 10:30:34 AM,625.45,0,0.0,118677731.54999997
2025-08-01 10:30:34 AM,625.25,390,243847.5,118921579.04999997
2025-08-01 10:30:36 AM,625.4,0,0.0,118921579.04999997
2025-08-01 10:30:37 AM,625.4,12,7504.799999999999,118929083.84999996
2025-08-01 10:30:40 AM,625.65,0,0.0,118929083.84999996
2025-08-01 10:30:40 AM,626.0,82,51332.0,118980415.84999996
2025-08-01 10:30:42 AM,625.5,0,0.0,118980415.84999996
2025-08-01 10:30:42 AM,625.4,274,171359.6,119151775.44999996
2025-08-01 10:30:48 AM,625.95,0,0.0,119151775.44999996
2025-08-01 10:30:48 AM,625.95,6,3755.7000000000003,119155531.14999996
2025-08-01 10:30:50 AM,625.9,0,0.0,119155531.14999996
2025-08-01 10:30:51 AM,625.9,1,625.9,119156157.04999997
2025-08-01 10:30:56 AM,625.4,0,0.0,119156157.04999997
2025-08-01 10:30:57 AM,625.7,255,159553.5,119315710.54999997
2025-08-01 10:31:02 AM,625.3,0,0.0,119315710.54999997
2025-08-01 10:31:03 AM,625.3,39,24386.699999999997,119340097.24999997
2025-08-01 10:31:05 AM,624.95,283,176860.85,119516958.09999996
2025-08-01 10:31:08 AM,624.8,0,0.0,119516958.09999996
2025-08-01 10:31:09 AM,624.8,30,18744.0,119535702.09999996
2025-08-01 10:31:13 AM,625.3,0,0.0,119535702.09999996
2025-08-01 10:31:15 AM,625.3,80,50024.0,119585726.09999996
2025-08-01 10:31:15 AM,625.35,0,0.0,119585726.09999996
2025-08-01 10:31:17 AM,624.9,0,0.0,119585726.09999996
2025-08-01 10:31:17 AM,624.9,417,260583.3,119846309.39999996
2025-08-01 10:31:23 AM,625.1,0,0.0,119846309.39999996
2025-08-01 10:31:23 AM,625.1,4,2500.4,119848809.79999997
2025-08-01 10:31:25 AM,624.8,0,0.0,119848809.79999997
2025-08-01 10:31:26 AM,624.8,35,21868.0,119870677.79999997
2025-08-01 10:31:31 AM,625.3,0,0.0,119870677.79999997
2025-08-01 10:31:31 AM,625.3,1,625.3,119871303.09999996
2025-08-01 10:31:35 AM,624.8,0,0.0,119871303.09999996
2025-08-01 10:31:36 AM,624.65,0,0.0,119871303.09999996
2025-08-01 10:31:37 AM,624.65,442,276095.3,120147398.39999996
2025-08-01 10:32:00 AM,624.35,0,0.0,120147398.39999996
2025-08-01 10:32:00 AM,624.35,27,16857.45,120164255.84999996
2025-08-01 10:32:07 AM,624.05,0,0.0,120164255.84999996
2025-08-01 10:32:07 AM,624.05,25,15601.249999999998,120179857.09999996
2025-08-01 10:32:10 AM,625.4,0,0.0,120179857.09999996
2025-08-01 10:32:10 AM,625.4,1656,1035662.3999999999,121215519.49999997
2025-08-01 10:32:20 AM,625.85,0,0.0,121215519.49999997
2025-08-01 10:32:20 AM,625.4,107,66917.8,121282437.29999997
2025-08-01 10:32:29 AM,624.95,0,0.0,121282437.29999997
2025-08-01 10:32:30 AM,625.35,82,51278.700000000004,121333715.99999997
2025-08-01 10:32:33 AM,624.75,0,0.0,121333715.99999997
2025-08-01 10:32:33 AM,624.75,6,3748.5,121337464.49999997
2025-08-01 10:32:35 AM,625.2,0,0.0,121337464.49999997
2025-08-01 10:32:37 AM,625.2,50,31260.000000000004,121368724.49999997
2025-08-01 10:32:41 AM,625.4,0,0.0,121368724.49999997
2025-08-01 10:32:43 AM,625.4,6,3752.3999999999996,121372476.89999998
2025-08-01 10:32:57 AM,625.0,105,65625.0,121438101.89999998
2025-08-01 10:33:00 AM,624.95,20,12499.0,121450600.89999998
2025-08-01 10:33:05 AM,624.8,0,0.0,121450600.89999998
2025-08-01 10:33:05 AM,624.8,250,156200.0,121606800.89999998
2025-08-01 10:33:08 AM,625.4,2,1250.8,121608051.69999997
2025-08-01 10:33:11 AM,625.4,12,7504.799999999999,121615556.49999997
2025-08-01 10:33:13 AM,626.45,900,563805.0,122179361.49999997
2025-08-01 10:33:16 AM,625.75,25,15643.75,122195005.24999997
2025-08-01 10:33:22 AM,626.85,480,300888.0,122495893.24999997
2025-08-01 10:33:23 AM,625.8,0,0.0,122495893.24999997
2025-08-01 10:33:24 AM,625.8,250,156450.0,122652343.24999997
2025-08-01 10:33:28 AM,625.75,25,15643.75,122667986.99999997
2025-08-01 10:33:35 AM,625.7,0,0.0,122667986.99999997
2025-08-01 10:33:35 AM,625.7,3,1877.1000000000001,122669864.09999996
2025-08-01 10:33:40 AM,625.4,0,0.0,122669864.09999996
2025-08-01 10:33:41 AM,625.5,21,13135.5,122682999.59999996
2025-08-01 10:33:48 AM,625.4,0,0.0,122682999.59999996
2025-08-01 10:33:50 AM,625.4,81,50657.4,122733656.99999997
2025-08-01 10:33:54 AM,625.1,0,0.0,122733656.99999997
2025-08-01 10:33:56 AM,625.95,530,331753.5,123065410.49999997
2025-08-01 10:34:07 AM,625.5,32,20016.0,123085426.49999997
2025-08-01 10:34:10 AM,625.9,0,0.0,123085426.49999997
2025-08-01 10:34:13 AM,625.9,55,34424.5,123119850.99999997
2025-08-01 10:34:15 AM,626.05,0,0.0,123119850.99999997
2025-08-01 10:34:15 AM,626.05,350,219117.49999999997,123338968.49999997
2025-08-01 10:34:20 AM,626.2,135,84537.0,123423505.49999997
2025-08-01 10:34:21 AM,625.95,0,0.0,123423505.49999997
2025-08-01 10:34:24 AM,625.95,33,20656.350000000002,123444161.84999996
2025-08-01 10:34:27 AM,625.75,0,0.0,123444161.84999996
2025-08-01 10:34:29 AM,625.75,18,11263.5,123455425.34999996
2025-08-01 10:34:36 AM,625.35,0,0.0,123455425.34999996
2025-08-01 10:34:37 AM,625.35,35,21887.25,123477312.59999996
2025-08-01 10:34:43 AM,625.55,10,6255.5,123483568.09999996
2025-08-01 10:34:43 AM,626.0,0,0.0,123483568.09999996
2025-08-01 10:34:45 AM,626.4,0,0.0,123483568.09999996
2025-08-01 10:34:46 AM,626.4,481,301298.39999999997,123784866.49999997
2025-08-01 10:34:48 AM,625.65,0,0.0,123784866.49999997
2025-08-01 10:34:49 AM,625.7,95,59441.50000000001,123844307.99999997
2025-08-01 10:34:52 AM,625.35,108,67537.8,123911845.79999997
2025-08-01 10:34:57 AM,625.15,0,0.0,123911845.79999997
2025-08-01 10:34:58 AM,625.15,4,2500.6,123914346.39999996
2025-08-01 10:35:06 AM,625.45,0,0.0,123914346.39999996
2025-08-01 10:35:06 AM,625.45,21,13134.45,123927480.84999996
2025-08-01 10:35:06 AM,625.6,0,0.0,123927480.84999996
2025-08-01 10:35:08 AM,625.15,0,0.0,123927480.84999996
2025-08-01 10:35:09 AM,625.15,242,151286.3,124078767.14999996
2025-08-01 10:35:14 AM,625.5,0,0.0,124078767.14999996
2025-08-01 10:35:15 AM,625.5,25,15637.5,124094404.64999996
2025-08-01 10:35:20 AM,625.2,0,0.0,124094404.64999996
2025-08-01 10:35:21 AM,625.2,1,625.2,124095029.84999996
2025-08-01 10:35:24 AM,625.05,0,0.0,124095029.84999996
2025-08-01 10:35:26 AM,625.05,500,312525.0,124407554.84999996
2025-08-01 10:35:32 AM,626.0,0,0.0,124407554.84999996
2025-08-01 10:35:32 AM,626.0,404,252904.0,124660458.84999996
2025-08-01 10:35:34 AM,625.25,81,50645.25,124711104.09999996
2025-08-01 10:35:36 AM,625.15,0,0.0,124711104.09999996
2025-08-01 10:35:38 AM,625.15,25,15628.75,124726732.84999996
2025-08-01 10:35:51 AM,624.75,0,0.0,124726732.84999996
2025-08-01 10:35:51 AM,624.75,1950,1218262.5,125944995.34999996
2025-08-01 10:35:53 AM,624.85,0,0.0,125944995.34999996
2025-08-01 10:35:54 AM,624.9,109,68114.09999999999,126013109.44999996
2025-08-01 10:35:57 AM,624.45,250,156112.5,126169221.94999996
2025-08-01 10:36:08 AM,624.45,26,16235.7,126185457.64999996
2025-08-01 10:36:16 AM,624.55,0,0.0,126185457.64999996
2025-08-01 10:36:16 AM,624.5,7,4371.5,126189829.14999996
2025-08-01 10:36:26 AM,624.45,0,0.0,126189829.14999996
2025-08-01 10:36:27 AM,624.75,0,0.0,126189829.14999996
2025-08-01 10:36:28 AM,624.45,58,36218.100000000006,126226047.24999996
2025-08-01 10:36:33 AM,624.75,0,0.0,126226047.24999996
2025-08-01 10:36:33 AM,624.75,584,364854.0,126590901.24999996
2025-08-01 10:36:44 AM,624.0,562,350688.0,126941589.24999996
2025-08-01 10:36:52 AM,624.0,136,84864.0,127026453.24999996
2025-08-01 10:36:54 AM,624.5,0,0.0,127026453.24999996
2025-08-01 10:36:55 AM,624.5,25,15612.5,127042065.74999996
2025-08-01 10:37:02 AM,624.35,3,1873.0500000000002,127043938.79999995
2025-08-01 10:37:07 AM,624.3,0,0.0,127043938.79999995
2025-08-01 10:37:08 AM,624.3,3,1872.8999999999999,127045811.69999996
2025-08-01 10:37:12 AM,624.9,53,33119.7,127078931.39999996
2025-08-01 10:37:13 AM,624.8,0,0.0,127078931.39999996
2025-08-01 10:37:14 AM,624.8,1,624.8,127079556.19999996
2025-08-01 10:37:31 AM,624.6,10,6246.0,127085802.19999996
2025-08-01 10:37:39 AM,625.05,0,0.0,127085802.19999996
2025-08-01 10:37:39 AM,625.05,8,5000.4,127090802.59999996
2025-08-01 10:37:42 AM,624.55,0,0.0,127090802.59999996
2025-08-01 10:37:42 AM,624.55,1,624.55,127091427.14999996
2025-08-01 10:37:45 AM,624.55,50,31227.499999999996,127122654.64999996
2025-08-01 10:37:54 AM,624.7,0,0.0,127122654.64999996
2025-08-01 10:37:56 AM,624.7,72,44978.4,127167633.04999997
2025-08-01 10:38:10 AM,624.3,0,0.0,127167633.04999997
2025-08-01 10:38:11 AM,624.3,1013,632415.8999999999,127800048.94999997
2025-08-01 10:38:23 AM,624.3,3,1872.8999999999999,127801921.84999998
2025-08-01 10:38:24 AM,624.6,0,0.0,127801921.84999998
2025-08-01 10:38:27 AM,624.6,4,2498.4,127804420.24999999
2025-08-01 10:38:29 AM,624.3,13,8115.9,127812536.14999999
2025-08-01 10:38:33 AM,624.05,0,0.0,127812536.14999999
2025-08-01 10:38:33 AM,624.05,6,3744.2999999999997,127816280.44999999
2025-08-01 10:38:39 AM,624.35,0,0.0,127816280.44999999
2025-08-01 10:38:41 AM,624.35,10,6243.5,127822523.94999999
2025-08-01 10:38:47 AM,624.0,0,0.0,127822523.94999999
2025-08-01 10:38:47 AM,624.0,25,15600.0,127838123.94999999
2025-08-01 10:38:50 AM,624.0,50,31200.0,127869323.94999999
2025-08-01 10:38:55 AM,624.0,1,624.0,127869947.94999999
2025-08-01 10:38:58 AM,624.0,401,250224.0,128120171.94999999
2025-08-01 10:39:03 AM,624.0,30,18720.0,128138891.94999999
2025-08-01 10:39:08 AM,623.5,0,0.0,128138891.94999999
2025-08-01 10:39:08 AM,623.4,0,0.0,128138891.94999999
2025-08-01 10:39:09 AM,623.4,380,236892.0,128375783.94999999
2025-08-01 10:39:14 AM,624.0,0,0.0,128375783.94999999
2025-08-01 10:39:15 AM,624.0,20,12480.0,128388263.94999999
2025-08-01 10:39:18 AM,624.0,1,624.0,128388887.94999999
2025-08-01 10:39:20 AM,624.0,150,93600.0,128482487.94999999
2025-08-01 10:39:23 AM,624.4,37,23102.8,128505590.74999999
2025-08-01 10:39:35 AM,624.45,80,49956.0,128555546.74999999
2025-08-01 10:39:42 AM,624.5,0,0.0,128555546.74999999
2025-08-01 10:39:43 AM,624.5,2,1249.0,128556795.74999999
2025-08-01 10:39:59 AM,624.25,0,0.0,128556795.74999999
2025-08-01 10:39:59 AM,624.25,471,294021.75,128850817.49999999
2025-08-01 10:40:05 AM,624.3,0,0.0,128850817.49999999
2025-08-01 10:40:07 AM,624.3,2,1248.6,128852066.09999998
2025-08-01 10:40:10 AM,624.55,31,19361.05,128871427.14999998
2025-08-01 10:40:21 AM,624.85,0,0.0,128871427.14999998
2025-08-01 10:40:22 AM,624.85,1,624.85,128872051.99999997
2025-08-01 10:40:35 AM,623.8,338,210844.4,129082896.39999998
2025-08-01 10:40:43 AM,623.15,0,0.0,129082896.39999998
2025-08-01 10:40:44 AM,623.15,100,62315.0,129145211.39999998
2025-08-01 10:40:47 AM,623.55,8,4988.4,129150199.79999998
2025-08-01 10:40:52 AM,623.7,1,623.7,129150823.49999999
2025-08-01 10:40:53 AM,623.65,0,0.0,129150823.49999999
2025-08-01 10:40:54 AM,623.65,6,3741.8999999999996,129154565.39999999
2025-08-01 10:40:58 AM,623.7,5,3118.5,129157683.89999999
2025-08-01 10:41:05 AM,623.8,9,5614.2,129163298.1
2025-08-01 10:41:26 AM,623.8,65,40547.0,129203845.1
2025-08-01 10:41:37 AM,624.65,900,562185.0,129766030.1
2025-08-01 10:41:44 AM,624.2,1,624.2,129766654.3
2025-08-01 10:41:51 AM,623.8,0,0.0,129766654.3
2025-08-01 10:41:53 AM,623.8,4,2495.2,129769149.5
2025-08-01 10:41:55 AM,623.8,2,1247.6,129770397.1
2025-08-01 10:41:57 AM,624.1,0,0.0,129770397.1
2025-08-01 10:41:59 AM,624.1,21,13106.1,129783503.19999999
2025-08-01 10:42:00 AM,624.25,5,3121.25,129786624.44999999
2025-08-01 10:42:04 AM,624.25,1,624.25,129787248.69999999
2025-08-01 10:42:09 AM,624.3,0,0.0,129787248.69999999
2025-08-01 10:42:10 AM,624.3,6,3745.7999999999997,129790994.49999999
2025-08-01 10:42:13 AM,624.25,0,0.0,129790994.49999999
2025-08-01 10:42:16 AM,624.25,325,202881.25,129993875.74999999
2025-08-01 10:42:25 AM,623.9,0,0.0,129993875.74999999
2025-08-01 10:42:27 AM,624.0,37,23088.0,130016963.74999999
2025-08-01 10:42:29 AM,624.0,10,6240.0,130023203.74999999
2025-08-01 10:42:31 AM,623.8,0,0.0,130023203.74999999
2025-08-01 10:42:32 AM,624.1,203,126692.3,130149896.04999998
2025-08-01 10:42:40 AM,624.0,1,624.0,130150520.04999998
2025-08-01 10:42:47 AM,623.8,0,0.0,130150520.04999998
2025-08-01 10:42:49 AM,623.8,60,37428.0,130187948.04999998
2025-08-01 10:42:51 AM,623.8,2,1247.6,130189195.64999998
2025-08-01 10:43:00 AM,623.8,1,623.8,130189819.44999997
2025-08-01 10:43:06 AM,623.8,98,61132.399999999994,130250951.84999998
2025-08-01 10:43:10 AM,623.55,0,0.0,130250951.84999998
2025-08-01 10:43:11 AM,623.55,11,6859.049999999999,130257810.89999998
2025-08-01 10:43:13 AM,623.55,4,2494.2,130260305.09999998
2025-08-01 10:43:16 AM,623.3,0,0.0,130260305.09999998
2025-08-01 10:43:16 AM,623.3,7,4363.099999999999,130264668.19999997
2025-08-01 10:43:27 AM,623.5,107,66714.5,130331382.69999997
2025-08-01 10:43:34 AM,623.6,0,0.0,130331382.69999997
2025-08-01 10:43:35 AM,623.6,10,6236.0,130337618.69999997
2025-08-01 10:43:38 AM,623.25,0,0.0,130337618.69999997
2025-08-01 10:43:38 AM,623.25,13,8102.25,130345720.94999997
2025-08-01 10:43:48 AM,623.25,31,19320.75,130365041.69999997
2025-08-01 10:43:52 AM,623.15,0,0.0,130365041.69999997
2025-08-01 10:43:53 AM,623.15,18,11216.699999999999,130376258.39999998
2025-08-01 10:43:58 AM,622.85,0,0.0,130376258.39999998
2025-08-01 10:43:58 AM,622.85,238,148238.30000000002,130524496.69999997
2025-08-01 10:44:00 AM,622.35,0,0.0,130524496.69999997
2025-08-01 10:44:01 AM,622.35,146,90863.1,130615359.79999997
2025-08-01 10:44:09 AM,622.35,15,9335.25,130624695.04999997
2025-08-01 10:44:11 AM,622.35,60,37341.0,130662036.04999997
2025-08-01 10:44:14 AM,622.35,150,93352.5,130755388.54999997
2025-08-01 10:44:17 AM,622.35,8,4978.8,130760367.34999996
2025-08-01 10:44:18 AM,622.7,0,0.0,130760367.34999996
2025-08-01 10:44:20 AM,622.7,6,3736.2000000000003,130764103.54999997
2025-08-01 10:44:26 AM,622.95,160,99672.0,130863775.54999997
2025-08-01 10:44:28 AM,622.85,0,0.0,130863775.54999997
2025-08-01 10:44:28 AM,622.85,31,19308.350000000002,130883083.89999996
2025-08-01 10:44:33 AM,623.0,22,13706.0,130896789.89999996
2025-08-01 10:44:34 AM,622.85,0,0.0,130896789.89999996
2025-08-01 10:44:36 AM,622.95,0,0.0,130896789.89999996
2025-08-01 10:44:36 AM,622.95,2180,1358031.0,132254820.89999996
2025-08-01 10:44:49 AM,622.6,0,0.0,132254820.89999996
2025-08-01 10:44:50 AM,622.55,101,62877.549999999996,132317698.44999996
2025-08-01 10:45:09 AM,622.7,0,0.0,132317698.44999996
2025-08-01 10:45:09 AM,622.7,1,622.7,132318321.14999996
2025-08-01 10:45:16 AM,623.0,0,0.0,132318321.14999996
2025-08-01 10:45:17 AM,623.0,4,2492.0,132320813.14999996
2025-08-01 10:45:28 AM,623.45,0,0.0,132320813.14999996
2025-08-01 10:45:28 AM,623.45,6,3740.7000000000003,132324553.84999996
2025-08-01 10:45:33 AM,623.6,1,623.6,132325177.44999996
2025-08-01 10:45:40 AM,623.55,0,0.0,132325177.44999996
2025-08-01 10:45:41 AM,623.15,0,0.0,132325177.44999996
2025-08-01 10:45:41 AM,623.15,34,21187.1,132346364.54999995
2025-08-01 10:45:44 AM,623.15,20,12463.0,132358827.54999995
2025-08-01 10:45:48 AM,623.45,0,0.0,132358827.54999995
2025-08-01 10:45:49 AM,623.45,30,18703.5,132377531.04999995
2025-08-01 10:45:53 AM,623.15,0,0.0,132377531.04999995
2025-08-01 10:45:54 AM,623.15,2,1246.3,132378777.34999995
2025-08-01 10:45:57 AM,623.1,0,0.0,132378777.34999995
2025-08-01 10:45:58 AM,623.25,8,4986.0,132383763.34999995
2025-08-01 10:46:01 AM,623.2,0,0.0,132383763.34999995
2025-08-01 10:46:02 AM,623.3,0,0.0,132383763.34999995
2025-08-01 10:46:03 AM,623.3,7,4363.099999999999,132388126.44999994
2025-08-01 10:46:05 AM,622.85,0,0.0,132388126.44999994
2025-08-01 10:46:05 AM,622.85,4,2491.4,132390617.84999995
2025-08-01 10:46:21 AM,622.6,0,0.0,132390617.84999995
2025-08-01 10:46:21 AM,622.6,30,18678.0,132409295.84999995
2025-08-01 10:46:25 AM,623.3,0,0.0,132409295.84999995
2025-08-01 10:46:26 AM,623.3,470,292951.0,132702246.84999995
2025-08-01 10:46:28 AM,623.1,0,0.0,132702246.84999995
2025-08-01 10:46:28 AM,623.1,1,623.1,132702869.94999994
2025-08-01 10:46:38 AM,623.15,1,623.15,132703493.09999995
2025-08-01 10:46:39 AM,623.15,12,7477.799999999999,132710970.89999995
2025-08-01 10:46:44 AM,622.8,31,19306.8,132730277.69999994
2025-08-01 10:46:56 AM,622.7,0,0.0,132730277.69999994
2025-08-01 10:46:59 AM,622.7,8,4981.6,132735259.29999994
2025-08-01 10:47:10 AM,622.6,22,13697.2,132748956.49999994
2025-08-01 10:47:17 AM,622.8,2,1245.6,132750202.09999993
2025-08-01 10:47:23 AM,622.6,9,5603.400000000001,132755805.49999994
2025-08-01 10:47:43 AM,622.6,39,24281.4,132780086.89999995
2025-08-01 10:47:45 AM,622.6,8,4980.8,132785067.69999994
2025-08-01 10:47:56 AM,622.8,53,33008.399999999994,132818076.09999995
2025-08-01 10:48:01 AM,622.85,8,4982.8,132823058.89999995
2025-08-01 10:48:02 AM,623.0,0,0.0,132823058.89999995
2025-08-01 10:48:04 AM,623.0,16,9968.0,132833026.89999995
2025-08-01 10:48:20 AM,623.0,2,1246.0,132834272.89999995
2025-08-01 10:48:42 AM,623.0,10,6230.0,132840502.89999995
2025-08-01 10:48:46 AM,623.25,0,0.0,132840502.89999995
2025-08-01 10:48:48 AM,623.25,112,69804.0,132910306.89999995
2025-08-01 10:49:01 AM,623.35,0,0.0,132910306.89999995
2025-08-01 10:49:04 AM,623.35,1,623.35,132910930.24999994
2025-08-01 10:49:09 AM,622.9,0,0.0,132910930.24999994
2025-08-01 10:49:10 AM,622.9,1,622.9,132911553.14999995
2025-08-01 10:49:13 AM,623.45,0,0.0,132911553.14999995
2025-08-01 10:49:15 AM,623.45,200,124690.00000000001,133036243.14999995
2025-08-01 10:49:22 AM,622.85,0,0.0,133036243.14999995
2025-08-01 10:49:22 AM,622.85,50,31142.5,133067385.64999995
2025-08-01 10:49:25 AM,622.85,4,2491.4,133069877.04999995
2025-08-01 10:49:31 AM,622.85,53,33011.05,133102888.09999995
2025-08-01 10:49:32 AM,623.2,4,2492.8,133105380.89999995
2025-08-01 10:49:33 AM,622.9,0,0.0,133105380.89999995
2025-08-01 10:49:36 AM,622.9,39,24293.1,133129673.99999994
2025-08-01 10:49:39 AM,623.15,0,0.0,133129673.99999994
2025-08-01 10:49:42 AM,623.15,1,623.15,133130297.14999995
2025-08-01 10:49:49 AM,623.3,0,0.0,133130297.14999995
2025-08-01 10:49:52 AM,623.3,50,31164.999999999996,133161462.14999995
2025-08-01 10:50:02 AM,623.35,0,0.0,133161462.14999995
2025-08-01 10:50:03 AM,623.35,1,623.35,133162085.49999994
2025-08-01 10:50:08 AM,622.85,0,0.0,133162085.49999994
2025-08-01 10:50:09 AM,622.85,113,70382.05,133232467.54999994
2025-08-01 10:50:15 AM,622.55,0,0.0,133232467.54999994
2025-08-01 10:50:15 AM,622.55,10,6225.5,133238693.04999994
2025-08-01 10:50:22 AM,622.9,0,0.0,133238693.04999994
2025-08-01 10:50:26 AM,622.9,48,29899.199999999997,133268592.24999994
2025-08-01 10:50:37 AM,622.9,20,12458.0,133281050.24999994
2025-08-01 10:51:00 AM,622.9,2170,1351693.0,134632743.24999994
2025-08-01 10:51:26 AM,622.25,0,0.0,134632743.24999994
2025-08-01 10:51:27 AM,622.25,2,1244.5,134633987.74999994
2025-08-01 10:51:33 AM,622.25,5,3111.25,134637098.99999994
2025-08-01 10:51:34 AM,622.1,0,0.0,134637098.99999994
2025-08-01 10:51:38 AM,622.1,100,62210.0,134699308.99999994
2025-08-01 10:51:50 AM,622.25,0,0.0,134699308.99999994
2025-08-01 10:51:50 AM,622.25,10,6222.5,134705531.49999994
2025-08-01 10:51:52 AM,622.4,0,0.0,134705531.49999994
2025-08-01 10:51:55 AM,622.4,41,25518.399999999998,134731049.89999995
2025-08-01 10:52:00 AM,622.7,0,0.0,134731049.89999995
2025-08-01 10:52:00 AM,622.2,6,3733.2000000000003,134734783.09999993
2025-08-01 10:52:20 AM,622.35,0,0.0,134734783.09999993
2025-08-01 10:52:22 AM,622.35,100,62235.0,134797018.09999993
2025-08-01 10:52:27 AM,622.7,1,622.7,134797640.79999992
2025-08-01 10:52:38 AM,622.2,1,622.2,134798262.9999999
2025-08-01 10:52:42 AM,622.85,0,0.0,134798262.9999999
2025-08-01 10:52:43 AM,622.85,112,69759.2,134868022.1999999
2025-08-01 10:52:52 AM,622.8,0,0.0,134868022.1999999
2025-08-01 10:52:53 AM,622.0,1598,993956.0,135861978.1999999
2025-08-01 10:53:00 AM,622.55,0,0.0,135861978.1999999
2025-08-01 10:53:00 AM,622.55,39,24279.449999999997,135886257.6499999
2025-08-01 10:53:02 AM,622.0,0,0.0,135886257.6499999
2025-08-01 10:53:04 AM,622.55,0,0.0,135886257.6499999
2025-08-01 10:53:04 AM,622.55,15,9338.25,135895595.8999999
2025-08-01 10:53:14 AM,622.35,0,0.0,135895595.8999999
2025-08-01 10:53:14 AM,622.35,468,291259.8,136186855.6999999
2025-08-01 10:53:16 AM,622.8,47,29271.6,136216127.2999999
2025-08-01 10:53:20 AM,622.4,0,0.0,136216127.2999999
2025-08-01 10:53:20 AM,622.4,2,1244.8,136217372.0999999
2025-08-01 10:53:26 AM,622.15,2,1244.3,136218616.39999992
2025-08-01 10:53:31 AM,622.05,1,622.05,136219238.44999993
2025-08-01 10:53:47 AM,622.35,10,6223.5,136225461.94999993
2025-08-01 10:53:52 AM,622.35,2,1244.7,136226706.64999992
2025-08-01 10:53:56 AM,622.0,0,0.0,136226706.64999992
2025-08-01 10:53:57 AM,622.0,15,9330.0,136236036.64999992
2025-08-01 10:54:18 AM,622.2,0,0.0,136236036.64999992
2025-08-01 10:54:19 AM,622.2,1,622.2,136236658.8499999
2025-08-01 10:54:30 AM,622.4,24,14937.599999999999,136251596.4499999
2025-08-01 10:54:40 AM,622.1,0,0.0,136251596.4499999
2025-08-01 10:54:40 AM,622.1,2,1244.2,136252840.6499999
2025-08-01 10:54:41 AM,622.05,1,622.05,136253462.6999999
2025-08-01 10:54:42 AM,622.25,0,0.0,136253462.6999999
2025-08-01 10:54:45 AM,622.25,12,7467.0,136260929.6999999
2025-08-01 10:54:48 AM,621.85,0,0.0,136260929.6999999
2025-08-01 10:54:51 AM,621.85,1602,996203.7000000001,137257133.3999999
2025-08-01 10:54:57 AM,621.85,69,42907.65,137300041.0499999
2025-08-01 10:55:06 AM,621.6,30,18648.0,137318689.0499999
2025-08-01 10:55:22 AM,621.6,3,1864.8000000000002,137320553.8499999
2025-08-01 10:55:36 AM,621.75,0,0.0,137320553.8499999
2025-08-01 10:55:39 AM,621.75,1,621.75,137321175.5999999
2025-08-01 10:55:54 AM,621.4,0,0.0,137321175.5999999
2025-08-01 10:55:55 AM,621.4,8,4971.2,137326146.7999999
2025-08-01 10:55:58 AM,621.6,0,0.0,137326146.7999999
2025-08-01 10:56:00 AM,621.6,325,202020.0,137528166.7999999
2025-08-01 10:56:05 AM,622.25,608,378328.0,137906494.7999999
2025-08-01 10:56:06 AM,621.95,500,310975.0,138217469.7999999
2025-08-01 10:56:11 AM,622.2,4,2488.8,138219958.5999999
2025-08-01 10:56:48 AM,622.25,0,0.0,138219958.5999999
2025-08-01 10:56:48 AM,622.25,42,26134.5,138246093.0999999
2025-08-01 10:56:54 AM,621.9,1,621.9,138246714.9999999
2025-08-01 10:56:56 AM,622.2,0,0.0,138246714.9999999
2025-08-01 10:56:58 AM,621.95,0,0.0,138246714.9999999
2025-08-01 10:56:58 AM,621.95,6,3731.7000000000003,138250446.6999999
2025-08-01 10:57:10 AM,622.25,3,1866.75,138252313.4499999
2025-08-01 10:57:16 AM,621.9,0,0.0,138252313.4499999
2025-08-01 10:57:19 AM,621.9,6,3731.3999999999996,138256044.8499999
2025-08-01 10:57:20 AM,621.9,2,1243.8,138257288.64999992
2025-08-01 10:57:24 AM,621.9,1,621.9,138257910.54999992
2025-08-01 10:57:28 AM,622.5,0,0.0,138257910.54999992
2025-08-01 10:57:30 AM,622.5,849,528502.5,138786413.04999992
2025-08-01 10:57:41 AM,622.5,1,622.5,138787035.54999992
2025-08-01 10:57:42 AM,623.2,0,0.0,138787035.54999992
2025-08-01 10:57:46 AM,623.2,485,302252.0,139089287.54999992
2025-08-01 10:57:47 AM,622.5,200,124500.0,139213787.54999992
2025-08-01 10:58:08 AM,622.55,12,7470.599999999999,139221258.14999992
2025-08-01 10:58:14 AM,622.65,0,0.0,139221258.14999992
2025-08-01 10:58:18 AM,622.65,1,622.65,139221880.79999992
2025-08-01 10:58:23 AM,622.85,1,622.85,139222503.64999992
2025-08-01 10:58:28 AM,622.65,0,0.0,139222503.64999992
2025-08-01 10:58:29 AM,622.65,35,21792.75,139244296.39999992
2025-08-01 10:58:40 AM,622.65,10,6226.5,139250522.89999992
2025-08-01 10:58:48 AM,622.5,0,0.0,139250522.89999992
2025-08-01 10:58:51 AM,622.5,10,6225.0,139256747.89999992
2025-08-01 10:58:56 AM,622.5,2,1245.0,139257992.89999992
2025-08-01 10:59:06 AM,622.5,9,5602.5,139263595.39999992
2025-08-01 10:59:26 AM,622.5,290,180525.0,139444120.39999992
2025-08-01 10:59:31 AM,622.5,109,67852.5,139511972.89999992
2025-08-01 10:59:42 AM,622.65,0,0.0,139511972.89999992
2025-08-01 10:59:42 AM,622.65,1,622.65,139512595.54999992
2025-08-01 10:59:48 AM,622.5,6,3735.0,139516330.54999992
2025-08-01 10:59:50 AM,622.65,0,0.0,139516330.54999992
2025-08-01 10:59:53 AM,622.5,41,25522.5,139541853.04999992
2025-08-01 11:00:03 AM,623.0,0,0.0,139541853.04999992
2025-08-01 11:00:04 AM,623.0,110,68530.0,139610383.04999992
2025-08-01 11:00:11 AM,623.0,1,623.0,139611006.04999992
2025-08-01 11:00:16 AM,623.0,2,1246.0,139612252.04999992
2025-08-01 11:00:25 AM,622.55,0,0.0,139612252.04999992
2025-08-01 11:00:28 AM,622.55,100,62254.99999999999,139674507.04999992
2025-08-01 11:00:31 AM,623.0,0,0.0,139674507.04999992
2025-08-01 11:00:33 AM,623.0,2,1246.0,139675753.04999992
2025-08-01 11:00:37 AM,622.65,0,0.0,139675753.04999992
2025-08-01 11:00:38 AM,622.65,15,9339.75,139685092.79999992
2025-08-01 11:00:39 AM,623.0,0,0.0,139685092.79999992
2025-08-01 11:00:43 AM,623.0,1,623.0,139685715.79999992
2025-08-01 11:00:48 AM,623.0,2,1246.0,139686961.79999992
2025-08-01 11:01:01 AM,622.7,0,0.0,139686961.79999992
2025-08-01 11:01:04 AM,622.7,15,9340.5,139696302.29999992
2025-08-01 11:01:15 AM,622.7,3,1868.1000000000001,139698170.39999992
2025-08-01 11:01:33 AM,622.6,0,0.0,139698170.39999992
2025-08-01 11:01:36 AM,622.6,3,1867.8000000000002,139700038.19999993
2025-08-01 11:01:47 AM,622.6,2,1245.2,139701283.39999992
2025-08-01 11:01:47 AM,622.5,300,186750.0,139888033.39999992
2025-08-01 11:01:49 AM,622.85,0,0.0,139888033.39999992
2025-08-01 11:01:52 AM,622.85,109,67890.65000000001,139955924.04999992
2025-08-01 11:02:11 AM,623.0,0,0.0,139955924.04999992
2025-08-01 11:02:12 AM,623.0,47,29281.0,139985205.04999992
2025-08-01 11:02:18 AM,623.0,1,623.0,139985828.04999992
2025-08-01 11:02:31 AM,622.6,0,0.0,139985828.04999992
2025-08-01 11:02:35 AM,622.6,5,3113.0,139988941.04999992
2025-08-01 11:02:36 AM,622.5,947,589507.5,140578448.54999992
2025-08-01 11:02:37 AM,622.9,0,0.0,140578448.54999992
2025-08-01 11:02:41 AM,622.9,14,8720.6,140587169.14999992
2025-08-01 11:02:42 AM,623.0,6,3738.0,140590907.14999992
2025-08-01 11:02:51 AM,622.55,0,0.0,140590907.14999992
2025-08-01 11:02:51 AM,622.55,3,1867.6499999999999,140592774.79999992
2025-08-01 11:03:06 AM,622.95,2,1245.9,140594020.69999993
2025-08-01 11:03:18 AM,622.7,2,1245.4,140595266.09999993
2025-08-01 11:03:23 AM,622.55,6,3735.2999999999997,140599001.39999995
2025-08-01 11:03:41 AM,622.8,0,0.0,140599001.39999995
2025-08-01 11:03:42 AM,622.8,7,4359.599999999999,140603360.99999994
2025-08-01 11:03:51 AM,622.55,1,622.55,140603983.54999995
2025-08-01 11:04:09 AM,622.85,0,0.0,140603983.54999995
2025-08-01 11:04:09 AM,622.85,1,622.85,140604606.39999995
2025-08-01 11:04:15 AM,622.5,0,0.0,140604606.39999995
2025-08-01 11:04:16 AM,622.5,1,622.5,140605228.89999995
2025-08-01 11:04:19 AM,622.5,5,3112.5,140608341.39999995
2025-08-01 11:04:29 AM,622.5,12,7470.0,140615811.39999995
2025-08-01 11:04:33 AM,622.95,0,0.0,140615811.39999995
2025-08-01 11:04:34 AM,622.9,0,0.0,140615811.39999995
2025-08-01 11:04:34 AM,622.9,35,21801.5,140637612.89999995
2025-08-01 11:04:38 AM,622.5,0,0.0,140637612.89999995
2025-08-01 11:04:40 AM,622.5,4,2490.0,140640102.89999995
2025-08-01 11:04:42 AM,622.85,10,6228.5,140646331.39999995
2025-08-01 11:04:45 AM,622.85,1,622.85,140646954.24999994
2025-08-01 11:04:56 AM,622.5,2,1245.0,140648199.24999994
2025-08-01 11:05:01 AM,622.5,2,1245.0,140649444.24999994
2025-08-01 11:05:07 AM,622.5,1,622.5,140650066.74999994
2025-08-01 11:05:18 AM,623.0,0,0.0,140650066.74999994
2025-08-01 11:05:19 AM,622.7,208,129521.6,140779588.34999993
2025-08-01 11:05:23 AM,622.7,1,622.7,140780211.04999992
2025-08-01 11:05:37 AM,622.55,0,0.0,140780211.04999992
2025-08-01 11:05:39 AM,622.55,1,622.55,140780833.59999993
2025-08-01 11:05:53 AM,622.95,0,0.0,140780833.59999993
2025-08-01 11:05:54 AM,622.5,0,0.0,140780833.59999993
2025-08-01 11:05:55 AM,622.5,8,4980.0,140785813.59999993
2025-08-01 11:06:00 AM,622.5,1,622.5,140786436.09999993
2025-08-01 11:06:03 AM,623.15,0,0.0,140786436.09999993
