date,price,qty,trnvr,cum_trnvr
2025-08-01 09:15:00 AM,40375.0,74,2987750.0,2987750.0
2025-08-01 09:15:08 AM,40345.0,0,0.0,2987750.0
2025-08-01 09:15:08 AM,40300.0,0,0.0,2987750.0
2025-08-01 09:15:09 AM,40360.0,80,3228800.0,6216550.0
2025-08-01 09:15:12 AM,40280.0,21,845880.0,7062430.0
2025-08-01 09:15:17 AM,40295.0,0,0.0,7062430.0
2025-08-01 09:15:18 AM,40270.0,0,0.0,7062430.0
2025-08-01 09:15:20 AM,40270.0,67,2698090.0,9760520.0
2025-08-01 09:15:22 AM,40310.0,47,1894570.0,11655090.0
2025-08-01 09:15:28 AM,40270.0,0,0.0,11655090.0
2025-08-01 09:15:29 AM,40310.0,76,3063560.0,14718650.0
2025-08-01 09:15:31 AM,40340.0,2,80680.0,14799330.0
2025-08-01 09:15:37 AM,40320.0,0,0.0,14799330.0
2025-08-01 09:15:38 AM,40350.0,13,524550.0,15323880.0
2025-08-01 09:15:39 AM,40310.0,9,362790.0,15686670.0
2025-08-01 09:15:41 AM,40325.0,0,0.0,15686670.0
2025-08-01 09:15:45 AM,40310.0,0,0.0,15686670.0
2025-08-01 09:15:46 AM,40310.0,5,201550.0,15888220.0
2025-08-01 09:15:48 AM,40325.0,5,201625.0,16089845.0
2025-08-01 09:15:50 AM,40370.0,0,0.0,16089845.0
2025-08-01 09:15:53 AM,40375.0,0,0.0,16089845.0
2025-08-01 09:15:54 AM,40375.0,79,3189625.0,19279470.0
2025-08-01 09:15:56 AM,40355.0,15,605325.0,19884795.0
2025-08-01 09:15:59 AM,40335.0,0,0.0,19884795.0
2025-08-01 09:16:01 AM,40345.0,0,0.0,19884795.0
2025-08-01 09:16:02 AM,40345.0,27,1089315.0,20974110.0
2025-08-01 09:16:04 AM,40325.0,1,40325.0,21014435.0
2025-08-01 09:16:07 AM,40335.0,0,0.0,21014435.0
2025-08-01 09:16:10 AM,40350.0,62,2501700.0,23516135.0
2025-08-01 09:16:12 AM,40315.0,1,40315.0,23556450.0
2025-08-01 09:16:15 AM,40345.0,0,0.0,23556450.0
2025-08-01 09:16:19 AM,40345.0,5,201725.0,23758175.0
2025-08-01 09:16:20 AM,40340.0,47,1895980.0,25654155.0
2025-08-01 09:16:23 AM,40335.0,0,0.0,25654155.0
2025-08-01 09:16:25 AM,40380.0,0,0.0,25654155.0
2025-08-01 09:16:27 AM,40355.0,33,1331715.0,26985870.0
2025-08-01 09:16:29 AM,40365.0,11,444015.0,27429885.0
2025-08-01 09:16:33 AM,40430.0,0,0.0,27429885.0
2025-08-01 09:16:35 AM,40410.0,46,1858860.0,29288745.0
2025-08-01 09:16:37 AM,40375.0,8,323000.0,29611745.0
2025-08-01 09:16:43 AM,40400.0,0,0.0,29611745.0
2025-08-01 09:16:43 AM,40400.0,16,646400.0,30258145.0
2025-08-01 09:16:45 AM,40395.0,3,121185.0,30379330.0
2025-08-01 09:16:45 AM,40380.0,0,0.0,30379330.0
2025-08-01 09:16:52 AM,40435.0,28,1132180.0,31511510.0
2025-08-01 09:16:55 AM,40400.0,0,0.0,31511510.0
2025-08-01 09:17:00 AM,40420.0,9,363780.0,31875290.0
2025-08-01 09:17:01 AM,40400.0,11,444400.0,32319690.0
2025-08-01 09:17:08 AM,40420.0,22,889240.0,33208930.0
2025-08-01 09:17:11 AM,40460.0,0,0.0,33208930.0
2025-08-01 09:17:13 AM,40480.0,0,0.0,33208930.0
2025-08-01 09:17:16 AM,40510.0,149,6035990.0,39244920.0
2025-08-01 09:17:18 AM,40500.0,20,810000.0,40054920.0
2025-08-01 09:17:20 AM,40535.0,0,0.0,40054920.0
2025-08-01 09:17:22 AM,40510.0,0,0.0,40054920.0
2025-08-01 09:17:25 AM,40520.0,16,648320.0,40703240.0
2025-08-01 09:17:28 AM,40560.0,0,0.0,40703240.0
2025-08-01 09:17:33 AM,40575.0,20,811500.0,41514740.0
2025-08-01 09:17:34 AM,40525.0,34,1377850.0,42892590.0
2025-08-01 09:17:36 AM,40545.0,0,0.0,42892590.0
2025-08-01 09:17:38 AM,40580.0,0,0.0,42892590.0
2025-08-01 09:17:41 AM,40520.0,78,3160560.0,46053150.0
2025-08-01 09:17:42 AM,40510.0,1,40510.0,46093660.0
2025-08-01 09:17:45 AM,40550.0,0,0.0,46093660.0
2025-08-01 09:17:47 AM,40520.0,0,0.0,46093660.0
2025-08-01 09:17:50 AM,40550.0,47,1905850.0,47999510.0
2025-08-01 09:17:54 AM,40485.0,0,0.0,47999510.0
2025-08-01 09:17:56 AM,40490.0,0,0.0,47999510.0
2025-08-01 09:17:58 AM,40445.0,82,3316490.0,51316000.0
2025-08-01 09:17:59 AM,40485.0,3,121455.0,51437455.0
2025-08-01 09:18:00 AM,40450.0,0,0.0,51437455.0
2025-08-01 09:18:01 AM,40450.0,6,242700.0,51680155.0
2025-08-01 09:18:01 AM,40470.0,0,0.0,51680155.0
2025-08-01 09:18:02 AM,40470.0,1,40470.0,51720625.0
2025-08-01 09:18:04 AM,40515.0,0,0.0,51720625.0
2025-08-01 09:18:05 AM,40515.0,1,40515.0,51761140.0
2025-08-01 09:18:07 AM,40530.0,0,0.0,51761140.0
2025-08-01 09:18:08 AM,40530.0,1,40530.0,51801670.0
2025-08-01 09:18:12 AM,40530.0,5,202650.0,52004320.0
2025-08-01 09:18:19 AM,40510.0,0,0.0,52004320.0
2025-08-01 09:18:20 AM,40555.0,55,2230525.0,54234845.0
2025-08-01 09:18:22 AM,40525.0,4,162100.0,54396945.0
2025-08-01 09:18:23 AM,40515.0,0,0.0,54396945.0
2025-08-01 09:18:23 AM,40515.0,1,40515.0,54437460.0
2025-08-01 09:18:32 AM,40500.0,21,850500.0,55287960.0
2025-08-01 09:18:33 AM,40500.0,3,121500.0,55409460.0
2025-08-01 09:18:35 AM,40515.0,1,40515.0,55449975.0
2025-08-01 09:18:37 AM,40525.0,5,202625.0,55652600.0
2025-08-01 09:18:40 AM,40510.0,104,4213040.0,59865640.0
2025-08-01 09:18:43 AM,40545.0,0,0.0,59865640.0
2025-08-01 09:18:43 AM,40545.0,25,1013625.0,60879265.0
2025-08-01 09:18:44 AM,40525.0,20,810500.0,61689765.0
2025-08-01 09:18:47 AM,40500.0,12,486000.0,62175765.0
2025-08-01 09:18:53 AM,40500.0,1,40500.0,62216265.0
2025-08-01 09:18:53 AM,40530.0,0,0.0,62216265.0
2025-08-01 09:18:53 AM,40530.0,2,81060.0,62297325.0
2025-08-01 09:18:55 AM,40490.0,12,485880.0,62783205.0
2025-08-01 09:18:57 AM,40495.0,1,40495.0,62823700.0
2025-08-01 09:18:58 AM,40500.0,1,40500.0,62864200.0
2025-08-01 09:18:58 AM,40500.0,2,81000.0,62945200.0
2025-08-01 09:19:00 AM,40500.0,1,40500.0,62985700.0
2025-08-01 09:19:04 AM,40500.0,9,364500.0,63350200.0
2025-08-01 09:19:12 AM,40480.0,41,1659680.0,65009880.0
2025-08-01 09:19:13 AM,40525.0,1,40525.0,65050405.0
2025-08-01 09:19:14 AM,40500.0,0,0.0,65050405.0
2025-08-01 09:19:16 AM,40565.0,0,0.0,65050405.0
2025-08-01 09:19:20 AM,40540.0,73,2959420.0,68009825.0
2025-08-01 09:19:28 AM,40565.0,16,649040.0,68658865.0
2025-08-01 09:19:29 AM,40535.0,124,5026340.0,73685205.0
2025-08-01 09:19:31 AM,40540.0,0,0.0,73685205.0
2025-08-01 09:19:36 AM,40530.0,118,4782540.0,78467745.0
2025-08-01 09:19:36 AM,40495.0,0,0.0,78467745.0
2025-08-01 09:19:38 AM,40510.0,15,607650.0,79075395.0
2025-08-01 09:19:39 AM,40535.0,0,0.0,79075395.0
2025-08-01 09:19:44 AM,40530.0,103,4174590.0,83249985.0
2025-08-01 09:19:52 AM,40510.0,4,162040.0,83412025.0
2025-08-01 09:19:53 AM,40535.0,0,0.0,83412025.0
2025-08-01 09:19:54 AM,40535.0,1,40535.0,83452560.0
2025-08-01 09:20:00 AM,40480.0,74,2995520.0,86448080.0
2025-08-01 09:20:02 AM,40460.0,3,121380.0,86569460.0
2025-08-01 09:20:07 AM,40505.0,0,0.0,86569460.0
2025-08-01 09:20:08 AM,40505.0,18,729090.0,87298550.0
2025-08-01 09:20:10 AM,40490.0,4,161960.0,87460510.0
2025-08-01 09:20:14 AM,40510.0,0,0.0,87460510.0
2025-08-01 09:20:16 AM,40500.0,15,607500.0,88068010.0
2025-08-01 09:20:21 AM,40510.0,0,0.0,88068010.0
2025-08-01 09:20:24 AM,40510.0,2,81020.0,88149030.0
2025-08-01 09:20:28 AM,40480.0,0,0.0,88149030.0
2025-08-01 09:20:32 AM,40525.0,225,9118125.0,97267155.0
2025-08-01 09:20:32 AM,40530.0,0,0.0,97267155.0
2025-08-01 09:20:33 AM,40510.0,9,364590.0,97631745.0
2025-08-01 09:20:35 AM,40530.0,0,0.0,97631745.0
2025-08-01 09:20:39 AM,40495.0,18,728910.0,98360655.0
2025-08-01 09:20:42 AM,40525.0,0,0.0,98360655.0
2025-08-01 09:20:46 AM,40530.0,0,0.0,98360655.0
2025-08-01 09:20:47 AM,40530.0,25,1013250.0,99373905.0
2025-08-01 09:20:53 AM,40505.0,0,0.0,99373905.0
2025-08-01 09:20:55 AM,40505.0,5,202525.0,99576430.0
2025-08-01 09:21:00 AM,40520.0,0,0.0,99576430.0
2025-08-01 09:21:03 AM,40520.0,3,121560.0,99697990.0
2025-08-01 09:21:09 AM,40505.0,0,0.0,99697990.0
2025-08-01 09:21:11 AM,40505.0,2,81010.0,99779000.0
2025-08-01 09:21:18 AM,40520.0,6,243120.0,100022120.0
2025-08-01 09:21:26 AM,40500.0,31,1255500.0,101277620.0
2025-08-01 09:21:27 AM,40500.0,1,40500.0,101318120.0
2025-08-01 09:21:30 AM,40510.0,0,0.0,101318120.0
2025-08-01 09:21:34 AM,40505.0,6,243030.0,101561150.0
2025-08-01 09:21:35 AM,40500.0,10,405000.0,101966150.0
2025-08-01 09:21:42 AM,40495.0,20,809900.0,102776050.0
2025-08-01 09:21:43 AM,40500.0,2,81000.0,102857050.0
2025-08-01 09:21:49 AM,40500.0,7,283500.0,103140550.0
2025-08-01 09:21:50 AM,40525.0,50,2026250.0,105166800.0
2025-08-01 09:21:56 AM,40520.0,0,0.0,105166800.0
2025-08-01 09:21:57 AM,40485.0,11,445335.0,105612135.0
2025-08-01 09:22:03 AM,40500.0,0,0.0,105612135.0
2025-08-01 09:22:04 AM,40485.0,7,283395.0,105895530.0
2025-08-01 09:22:07 AM,40475.0,0,0.0,105895530.0
2025-08-01 09:22:10 AM,40460.0,0,0.0,105895530.0
2025-08-01 09:22:12 AM,40460.0,36,1456560.0,107352090.0
2025-08-01 09:22:13 AM,40440.0,17,687480.0,108039570.0
2025-08-01 09:22:20 AM,40425.0,30,1212750.0,109252320.0
2025-08-01 09:22:21 AM,40435.0,30,1213050.0,110465370.0
2025-08-01 09:22:24 AM,40440.0,0,0.0,110465370.0
2025-08-01 09:22:27 AM,40445.0,10,404450.0,110869820.0
2025-08-01 09:22:29 AM,40445.0,1,40445.0,110910265.0
2025-08-01 09:22:31 AM,40435.0,0,0.0,110910265.0
2025-08-01 09:22:35 AM,40450.0,26,1051700.0,111961965.0
2025-08-01 09:22:37 AM,40450.0,10,404500.0,112366465.0
2025-08-01 09:22:38 AM,40425.0,0,0.0,112366465.0
2025-08-01 09:22:43 AM,40460.0,4,161840.0,112528305.0
2025-08-01 09:22:44 AM,40460.0,1,40460.0,112568765.0
2025-08-01 09:22:44 AM,40440.0,0,0.0,112568765.0
2025-08-01 09:22:49 AM,40450.0,0,0.0,112568765.0
2025-08-01 09:22:50 AM,40450.0,28,1132600.0,113701365.0
2025-08-01 09:22:55 AM,40440.0,0,0.0,113701365.0
2025-08-01 09:22:58 AM,40440.0,30,1213200.0,114914565.0
2025-08-01 09:22:59 AM,40425.0,2,80850.0,114995415.0
2025-08-01 09:23:02 AM,40450.0,0,0.0,114995415.0
2025-08-01 09:23:04 AM,40410.0,0,0.0,114995415.0
2025-08-01 09:23:05 AM,40410.0,33,1333530.0,116328945.0
2025-08-01 09:23:07 AM,40360.0,74,2986640.0,119315585.0
2025-08-01 09:23:09 AM,40400.0,0,0.0,119315585.0
2025-08-01 09:23:11 AM,40375.0,0,0.0,119315585.0
2025-08-01 09:23:13 AM,40375.0,11,444125.0,119759710.0
2025-08-01 09:23:15 AM,40405.0,2,80810.0,119840520.0
2025-08-01 09:23:22 AM,40385.0,1,40385.0,119880905.0
2025-08-01 09:23:28 AM,40385.0,2,80770.0,119961675.0
2025-08-01 09:23:36 AM,40400.0,2,80800.0,120042475.0
2025-08-01 09:23:53 AM,40385.0,9,363465.0,120405940.0
2025-08-01 09:23:55 AM,40400.0,0,0.0,120405940.0
2025-08-01 09:23:59 AM,40400.0,3,121200.0,120527140.0
2025-08-01 09:24:02 AM,40385.0,0,0.0,120527140.0
2025-08-01 09:24:07 AM,40350.0,87,3510450.0,124037590.0
2025-08-01 09:24:08 AM,40345.0,7,282415.0,124320005.0
2025-08-01 09:24:09 AM,40350.0,0,0.0,124320005.0
2025-08-01 09:24:14 AM,40350.0,3,121050.0,124441055.0
2025-08-01 09:24:28 AM,40355.0,0,0.0,124441055.0
2025-08-01 09:24:29 AM,40350.0,76,3066600.0,127507655.0
2025-08-01 09:24:31 AM,40350.0,1,40350.0,127548005.0
2025-08-01 09:24:34 AM,40325.0,0,0.0,127548005.0
2025-08-01 09:24:37 AM,40355.0,15,605325.0,128153330.0
2025-08-01 09:24:44 AM,40355.0,1,40355.0,128193685.0
2025-08-01 09:24:52 AM,40365.0,1,40365.0,128234050.0
2025-08-01 09:24:59 AM,40330.0,1,40330.0,128274380.0
2025-08-01 09:25:06 AM,40300.0,0,0.0,128274380.0
2025-08-01 09:25:07 AM,40300.0,4,161200.0,128435580.0
2025-08-01 09:25:09 AM,40315.0,40,1612600.0,130048180.0
2025-08-01 09:25:13 AM,40350.0,0,0.0,130048180.0
2025-08-01 09:25:14 AM,40350.0,34,1371900.0,131420080.0
2025-08-01 09:25:22 AM,40350.0,1,40350.0,131460430.0
2025-08-01 09:25:24 AM,40370.0,24,968880.0,132429310.0
2025-08-01 09:25:25 AM,40360.0,0,0.0,132429310.0
2025-08-01 09:25:29 AM,40360.0,4,161440.0,132590750.0
2025-08-01 09:25:31 AM,40370.0,2,80740.0,132671490.0
2025-08-01 09:25:37 AM,40360.0,3,121080.0,132792570.0
2025-08-01 09:25:44 AM,40360.0,1,40360.0,132832930.0
2025-08-01 09:25:52 AM,40380.0,2,80760.0,132913690.0
2025-08-01 09:25:54 AM,40380.0,2,80760.0,132994450.0
2025-08-01 09:25:59 AM,40400.0,30,1212000.0,134206450.0
2025-08-01 09:26:07 AM,40400.0,3,121200.0,134327650.0
2025-08-01 09:26:09 AM,40400.0,5,202000.0,134529650.0
2025-08-01 09:26:14 AM,40405.0,0,0.0,134529650.0
2025-08-01 09:26:15 AM,40405.0,1,40405.0,134570055.0
2025-08-01 09:26:17 AM,40405.0,5,202025.0,134772080.0
2025-08-01 09:26:23 AM,40400.0,1,40400.0,134812480.0
2025-08-01 09:26:30 AM,40400.0,1,40400.0,134852880.0
2025-08-01 09:26:35 AM,40405.0,0,0.0,134852880.0
2025-08-01 09:26:38 AM,40405.0,4,161620.0,135014500.0
2025-08-01 09:26:45 AM,40415.0,4,161660.0,135176160.0
2025-08-01 09:26:53 AM,40425.0,8,323400.0,135499560.0
2025-08-01 09:26:57 AM,40445.0,0,0.0,135499560.0
2025-08-01 09:27:00 AM,40450.0,44,1779800.0,137279360.0
2025-08-01 09:27:04 AM,40455.0,0,0.0,137279360.0
2025-08-01 09:27:08 AM,40435.0,51,2062185.0,139341545.0
2025-08-01 09:27:10 AM,40440.0,0,0.0,139341545.0
2025-08-01 09:27:15 AM,40450.0,4,161800.0,139503345.0
2025-08-01 09:27:30 AM,40430.0,13,525590.0,140028935.0
2025-08-01 09:27:35 AM,40415.0,0,0.0,140028935.0
2025-08-01 09:27:36 AM,40435.0,0,0.0,140028935.0
2025-08-01 09:27:37 AM,40435.0,26,1051310.0,141080245.0
2025-08-01 09:27:45 AM,40415.0,11,444565.0,141524810.0
2025-08-01 09:27:50 AM,40435.0,0,0.0,141524810.0
2025-08-01 09:27:53 AM,40435.0,3,121305.0,141646115.0
2025-08-01 09:27:56 AM,40440.0,0,0.0,141646115.0
2025-08-01 09:28:00 AM,40405.0,0,0.0,141646115.0
2025-08-01 09:28:01 AM,40405.0,8,323240.0,141969355.0
2025-08-01 09:28:06 AM,40430.0,0,0.0,141969355.0
2025-08-01 09:28:08 AM,40430.0,1,40430.0,142009785.0
2025-08-01 09:28:13 AM,40440.0,0,0.0,142009785.0
2025-08-01 09:28:16 AM,40440.0,10,404400.0,142414185.0
2025-08-01 09:28:19 AM,40445.0,0,0.0,142414185.0
2025-08-01 09:28:24 AM,40420.0,7,282940.0,142697125.0
2025-08-01 09:28:30 AM,40435.0,0,0.0,142697125.0
2025-08-01 09:28:31 AM,40435.0,2,80870.0,142777995.0
2025-08-01 09:28:39 AM,40435.0,1,40435.0,142818430.0
2025-08-01 09:28:40 AM,40435.0,7,283045.0,143101475.0
2025-08-01 09:28:46 AM,40405.0,0,0.0,143101475.0
2025-08-01 09:28:47 AM,40420.0,26,1050920.0,144152395.0
2025-08-01 09:28:52 AM,40440.0,0,0.0,144152395.0
2025-08-01 09:28:54 AM,40450.0,12,485400.0,144637795.0
2025-08-01 09:28:58 AM,40475.0,0,0.0,144637795.0
2025-08-01 09:29:02 AM,40480.0,115,4655200.0,149292995.0
2025-08-01 09:29:03 AM,40520.0,0,0.0,149292995.0
2025-08-01 09:29:03 AM,40535.0,117,4742595.0,154035590.0
2025-08-01 09:29:09 AM,40520.0,0,0.0,154035590.0
2025-08-01 09:29:10 AM,40520.0,86,3484720.0,157520310.0
2025-08-01 09:29:15 AM,40530.0,0,0.0,157520310.0
2025-08-01 09:29:17 AM,40530.0,70,2837100.0,160357410.0
2025-08-01 09:29:19 AM,40555.0,4,162220.0,160519630.0
2025-08-01 09:29:20 AM,40550.0,0,0.0,160519630.0
2025-08-01 09:29:25 AM,40530.0,15,607950.0,161127580.0
2025-08-01 09:29:32 AM,40530.0,8,324240.0,161451820.0
2025-08-01 09:29:33 AM,40520.0,2,81040.0,161532860.0
2025-08-01 09:29:35 AM,40500.0,0,0.0,161532860.0
2025-08-01 09:29:40 AM,40530.0,136,5512080.0,167044940.0
2025-08-01 09:29:46 AM,40525.0,0,0.0,167044940.0
2025-08-01 09:29:47 AM,40525.0,1,40525.0,167085465.0
2025-08-01 09:29:50 AM,40530.0,0,0.0,167085465.0
2025-08-01 09:29:54 AM,40535.0,12,486420.0,167571885.0
2025-08-01 09:30:00 AM,40500.0,26,1053000.0,168624885.0
2025-08-01 09:30:02 AM,40510.0,0,0.0,168624885.0
2025-08-01 09:30:02 AM,40510.0,15,607650.0,169232535.0
2025-08-01 09:30:05 AM,40515.0,4,162060.0,169394595.0
2025-08-01 09:30:06 AM,40500.0,0,0.0,169394595.0
2025-08-01 09:30:06 AM,40500.0,1,40500.0,169435095.0
2025-08-01 09:30:08 AM,40520.0,0,0.0,169435095.0
2025-08-01 09:30:09 AM,40520.0,1,40520.0,169475615.0
2025-08-01 09:30:11 AM,40495.0,2,80990.0,169556605.0
2025-08-01 09:30:17 AM,40495.0,1,40495.0,169597100.0
2025-08-01 09:30:18 AM,40515.0,0,0.0,169597100.0
2025-08-01 09:30:19 AM,40470.0,26,1052220.0,170649320.0
2025-08-01 09:30:19 AM,40475.0,0,0.0,170649320.0
2025-08-01 09:30:20 AM,40475.0,5,202375.0,170851695.0
2025-08-01 09:30:22 AM,40475.0,3,121425.0,170973120.0
2025-08-01 09:30:23 AM,40475.0,3,121425.0,171094545.0
2025-08-01 09:30:27 AM,40455.0,0,0.0,171094545.0
2025-08-01 09:30:28 AM,40455.0,12,485460.0,171580005.0
2025-08-01 09:30:30 AM,40480.0,8,323840.0,171903845.0
2025-08-01 09:30:39 AM,40470.0,0,0.0,171903845.0
2025-08-01 09:30:40 AM,40470.0,1,40470.0,171944315.0
2025-08-01 09:30:41 AM,40440.0,0,0.0,171944315.0
2025-08-01 09:30:42 AM,40440.0,20,808800.0,172753115.0
2025-08-01 09:30:44 AM,40490.0,0,0.0,172753115.0
2025-08-01 09:30:45 AM,40505.0,114,4617570.0,177370685.0
2025-08-01 09:30:47 AM,40535.0,11,445885.0,177816570.0
2025-08-01 09:30:52 AM,40515.0,2,81030.0,177897600.0
2025-08-01 09:30:55 AM,40535.0,1,40535.0,177938135.0
2025-08-01 09:30:59 AM,40515.0,9,364635.0,178302770.0
2025-08-01 09:31:09 AM,40475.0,1,40475.0,178343245.0
2025-08-01 09:31:24 AM,40500.0,2,81000.0,178424245.0
2025-08-01 09:31:24 AM,40500.0,1,40500.0,178464745.0
2025-08-01 09:31:31 AM,40505.0,13,526565.0,178991310.0
2025-08-01 09:31:38 AM,40480.0,1,40480.0,179031790.0
2025-08-01 09:31:52 AM,40500.0,1,40500.0,179072290.0
2025-08-01 09:31:58 AM,40490.0,0,0.0,179072290.0
2025-08-01 09:31:58 AM,40470.0,0,0.0,179072290.0
2025-08-01 09:32:03 AM,40475.0,0,0.0,179072290.0
2025-08-01 09:32:06 AM,40475.0,38,1538050.0,180610340.0
2025-08-01 09:32:27 AM,40465.0,0,0.0,180610340.0
2025-08-01 09:32:27 AM,40465.0,72,2913480.0,183523820.0
2025-08-01 09:32:33 AM,40470.0,0,0.0,183523820.0
2025-08-01 09:32:34 AM,40470.0,1,40470.0,183564290.0
2025-08-01 09:32:41 AM,40475.0,1,40475.0,183604765.0
2025-08-01 09:32:48 AM,40475.0,1,40475.0,183645240.0
2025-08-01 09:33:02 AM,40450.0,48,1941600.0,185586840.0
2025-08-01 09:33:09 AM,40465.0,0,0.0,185586840.0
2025-08-01 09:33:09 AM,40465.0,1,40465.0,185627305.0
2025-08-01 09:33:14 AM,40485.0,0,0.0,185627305.0
2025-08-01 09:33:15 AM,40485.0,51,2064735.0,187692040.0
2025-08-01 09:33:36 AM,40500.0,150,6075000.0,193767040.0
2025-08-01 09:33:39 AM,40490.0,0,0.0,193767040.0
2025-08-01 09:33:43 AM,40500.0,11,445500.0,194212540.0
2025-08-01 09:33:53 AM,40490.0,0,0.0,194212540.0
2025-08-01 09:33:57 AM,40490.0,1,40490.0,194253030.0
2025-08-01 09:33:59 AM,40500.0,0,0.0,194253030.0
2025-08-01 09:34:04 AM,40500.0,2,81000.0,194334030.0
2025-08-01 09:34:09 AM,40495.0,0,0.0,194334030.0
2025-08-01 09:34:11 AM,40500.0,0,0.0,194334030.0
2025-08-01 09:34:11 AM,40500.0,2,81000.0,194415030.0
2025-08-01 09:34:29 AM,40490.0,0,0.0,194415030.0
2025-08-01 09:34:32 AM,40450.0,0,0.0,194415030.0
2025-08-01 09:34:32 AM,40450.0,71,2871950.0,197286980.0
2025-08-01 09:34:39 AM,40460.0,1,40460.0,197327440.0
2025-08-01 09:34:42 AM,40400.0,0,0.0,197327440.0
2025-08-01 09:34:44 AM,40450.0,0,0.0,197327440.0
2025-08-01 09:34:46 AM,40405.0,229,9252745.0,206580185.0
2025-08-01 09:34:52 AM,40440.0,0,0.0,206580185.0
2025-08-01 09:34:53 AM,40440.0,2,80880.0,206661065.0
2025-08-01 09:34:54 AM,40405.0,0,0.0,206661065.0
2025-08-01 09:34:56 AM,40410.0,0,0.0,206661065.0
2025-08-01 09:34:59 AM,40405.0,0,0.0,206661065.0
2025-08-01 09:35:00 AM,40405.0,23,929315.0,207590380.0
2025-08-01 09:35:07 AM,40395.0,144,5816880.0,213407260.0
2025-08-01 09:35:09 AM,40400.0,0,0.0,213407260.0
2025-08-01 09:35:14 AM,40395.0,0,0.0,213407260.0
2025-08-01 09:35:14 AM,40395.0,9,363555.0,213770815.0
2025-08-01 09:35:21 AM,40350.0,75,3026250.0,216797065.0
2025-08-01 09:35:24 AM,40355.0,0,0.0,216797065.0
2025-08-01 09:35:28 AM,40350.0,21,847350.0,217644415.0
2025-08-01 09:35:34 AM,40395.0,0,0.0,217644415.0
2025-08-01 09:35:34 AM,40350.0,0,0.0,217644415.0
2025-08-01 09:35:35 AM,40350.0,39,1573650.0,219218065.0
2025-08-01 09:35:39 AM,40360.0,0,0.0,219218065.0
2025-08-01 09:35:42 AM,40360.0,3,121080.0,219339145.0
2025-08-01 09:35:44 AM,40320.0,0,0.0,219339145.0
2025-08-01 09:35:48 AM,40355.0,102,4116210.0,223455355.0
2025-08-01 09:35:49 AM,40325.0,0,0.0,223455355.0
2025-08-01 09:35:49 AM,40325.0,1,40325.0,223495680.0
2025-08-01 09:35:55 AM,40325.0,1,40325.0,223536005.0
2025-08-01 09:35:59 AM,40340.0,0,0.0,223536005.0
2025-08-01 09:36:02 AM,40375.0,33,1332375.0,224868380.0
2025-08-01 09:36:03 AM,40370.0,0,0.0,224868380.0
2025-08-01 09:36:08 AM,40370.0,2,80740.0,224949120.0
2025-08-01 09:36:15 AM,40380.0,0,0.0,224949120.0
2025-08-01 09:36:15 AM,40380.0,7,282660.0,225231780.0
2025-08-01 09:36:22 AM,40375.0,5,201875.0,225433655.0
2025-08-01 09:36:23 AM,40380.0,0,0.0,225433655.0
2025-08-01 09:36:28 AM,40380.0,9,363420.0,225797075.0
2025-08-01 09:36:39 AM,40375.0,0,0.0,225797075.0
2025-08-01 09:36:41 AM,40375.0,9,363375.0,226160450.0
2025-08-01 09:36:41 AM,40380.0,1,40380.0,226200830.0
2025-08-01 09:36:48 AM,40380.0,1,40380.0,226241210.0
2025-08-01 09:36:51 AM,40360.0,0,0.0,226241210.0
2025-08-01 09:36:54 AM,40390.0,15,605850.0,226847060.0
2025-08-01 09:36:59 AM,40400.0,0,0.0,226847060.0
2025-08-01 09:37:01 AM,40400.0,2,80800.0,226927860.0
2025-08-01 09:37:07 AM,40360.0,0,0.0,226927860.0
2025-08-01 09:37:08 AM,40360.0,6,242160.0,227170020.0
2025-08-01 09:37:18 AM,40350.0,0,0.0,227170020.0
2025-08-01 09:37:22 AM,40365.0,44,1776060.0,228946080.0
2025-08-01 09:37:28 AM,40325.0,0,0.0,228946080.0
2025-08-01 09:37:29 AM,40325.0,215,8669875.0,237615955.0
2025-08-01 09:37:33 AM,40340.0,0,0.0,237615955.0
2025-08-01 09:37:36 AM,40360.0,14,565040.0,238180995.0
2025-08-01 09:37:41 AM,40380.0,0,0.0,238180995.0
2025-08-01 09:37:43 AM,40380.0,4,161520.0,238342515.0
2025-08-01 09:37:56 AM,40400.0,4,161600.0,238504115.0
2025-08-01 09:38:02 AM,40410.0,0,0.0,238504115.0
2025-08-01 09:38:02 AM,40410.0,30,1212300.0,239716415.0
2025-08-01 09:38:04 AM,40385.0,0,0.0,239716415.0
2025-08-01 09:38:09 AM,40385.0,7,282695.0,239999110.0
2025-08-01 09:38:29 AM,40395.0,0,0.0,239999110.0
2025-08-01 09:38:30 AM,40395.0,1,40395.0,240039505.0
2025-08-01 09:38:39 AM,40410.0,0,0.0,240039505.0
2025-08-01 09:38:43 AM,40410.0,1,40410.0,240079915.0
2025-08-01 09:38:47 AM,40415.0,0,0.0,240079915.0
2025-08-01 09:38:50 AM,40415.0,3,121245.0,240201160.0
2025-08-01 09:38:55 AM,40410.0,0,0.0,240201160.0
2025-08-01 09:38:56 AM,40410.0,2,80820.0,240281980.0
2025-08-01 09:39:10 AM,40410.0,8,323280.0,240605260.0
2025-08-01 09:39:14 AM,40335.0,0,0.0,240605260.0
2025-08-01 09:39:17 AM,40385.0,83,3351955.0,243957215.0
2025-08-01 09:39:23 AM,40375.0,1,40375.0,243997590.0
2025-08-01 09:39:24 AM,40380.0,0,0.0,243997590.0
2025-08-01 09:39:30 AM,40380.0,1,40380.0,244037970.0
2025-08-01 09:39:40 AM,40350.0,0,0.0,244037970.0
2025-08-01 09:39:43 AM,40350.0,14,564900.0,244602870.0
2025-08-01 09:39:48 AM,40355.0,0,0.0,244602870.0
2025-08-01 09:39:50 AM,40355.0,7,282485.0,244885355.0
2025-08-01 09:40:18 AM,40375.0,0,0.0,244885355.0
2025-08-01 09:40:21 AM,40380.0,0,0.0,244885355.0
2025-08-01 09:40:22 AM,40380.0,7,282660.0,245168015.0
2025-08-01 09:40:23 AM,40400.0,0,0.0,245168015.0
2025-08-01 09:40:23 AM,40400.0,1,40400.0,245208415.0
2025-08-01 09:40:30 AM,40375.0,10,403750.0,245612165.0
2025-08-01 09:40:35 AM,40400.0,0,0.0,245612165.0
2025-08-01 09:40:36 AM,40400.0,11,444400.0,246056565.0
2025-08-01 09:40:47 AM,40410.0,0,0.0,246056565.0
2025-08-01 09:40:49 AM,40410.0,5,202050.0,246258615.0
2025-08-01 09:41:09 AM,40410.0,14,565740.0,246824355.0
2025-08-01 09:41:11 AM,40400.0,0,0.0,246824355.0
2025-08-01 09:41:15 AM,40400.0,3,121200.0,246945555.0
2025-08-01 09:41:19 AM,40375.0,0,0.0,246945555.0
2025-08-01 09:41:22 AM,40375.0,1,40375.0,246985930.0
2025-08-01 09:41:29 AM,40375.0,3,121125.0,247107055.0
2025-08-01 09:41:35 AM,40350.0,60,2421000.0,249528055.0
2025-08-01 09:41:39 AM,40330.0,0,0.0,249528055.0
2025-08-01 09:41:42 AM,40330.0,36,1451880.0,250979935.0
2025-08-01 09:41:43 AM,40320.0,0,0.0,250979935.0
2025-08-01 09:41:49 AM,40265.0,101,4066765.0,255046700.0
2025-08-01 09:41:51 AM,40280.0,0,0.0,255046700.0
2025-08-01 09:41:55 AM,40270.0,3,120810.0,255167510.0
2025-08-01 09:41:59 AM,40285.0,0,0.0,255167510.0
2025-08-01 09:42:01 AM,40285.0,28,1127980.0,256295490.0
2025-08-01 09:42:02 AM,40285.0,6,241710.0,256537200.0
2025-08-01 09:42:03 AM,40305.0,0,0.0,256537200.0
2025-08-01 09:42:08 AM,40285.0,19,765415.0,257302615.0
2025-08-01 09:42:20 AM,40290.0,0,0.0,257302615.0
2025-08-01 09:42:21 AM,40290.0,2,80580.0,257383195.0
2025-08-01 09:42:34 AM,40295.0,0,0.0,257383195.0
2025-08-01 09:42:34 AM,40295.0,1,40295.0,257423490.0
2025-08-01 09:42:38 AM,40290.0,0,0.0,257423490.0
2025-08-01 09:42:41 AM,40290.0,5,201450.0,257624940.0
2025-08-01 09:42:46 AM,40300.0,0,0.0,257624940.0
2025-08-01 09:42:47 AM,40300.0,9,362700.0,257987640.0
2025-08-01 09:42:50 AM,40290.0,0,0.0,257987640.0
2025-08-01 09:42:54 AM,40315.0,0,0.0,257987640.0
2025-08-01 09:42:54 AM,40315.0,14,564410.0,258552050.0
2025-08-01 09:42:54 AM,40300.0,0,0.0,258552050.0
2025-08-01 09:42:55 AM,40300.0,2,80600.0,258632650.0
2025-08-01 09:42:58 AM,40335.0,0,0.0,258632650.0
2025-08-01 09:43:00 AM,40335.0,20,806700.0,259439350.0
2025-08-01 09:43:06 AM,40340.0,0,0.0,259439350.0
2025-08-01 09:43:07 AM,40340.0,1,40340.0,259479690.0
2025-08-01 09:43:13 AM,40335.0,9,363015.0,259842705.0
2025-08-01 09:43:18 AM,40340.0,0,0.0,259842705.0
2025-08-01 09:43:20 AM,40300.0,32,1289600.0,261132305.0
2025-08-01 09:43:26 AM,40315.0,0,0.0,261132305.0
2025-08-01 09:43:27 AM,40315.0,1,40315.0,261172620.0
2025-08-01 09:43:30 AM,40320.0,0,0.0,261172620.0
2025-08-01 09:43:33 AM,40320.0,1,40320.0,261212940.0
2025-08-01 09:43:40 AM,40320.0,2,80640.0,261293580.0
2025-08-01 09:43:42 AM,40340.0,0,0.0,261293580.0
2025-08-01 09:43:46 AM,40340.0,7,282380.0,261575960.0
2025-08-01 09:43:50 AM,40330.0,0,0.0,261575960.0
2025-08-01 09:43:50 AM,40340.0,0,0.0,261575960.0
2025-08-01 09:43:53 AM,40345.0,13,524485.0,262100445.0
2025-08-01 09:44:00 AM,40340.0,50,2017000.0,264117445.0
2025-08-01 09:44:20 AM,40320.0,0,0.0,264117445.0
2025-08-01 09:44:20 AM,40320.0,3,120960.0,264238405.0
2025-08-01 09:44:22 AM,40300.0,0,0.0,264238405.0
2025-08-01 09:44:26 AM,40300.0,58,2337400.0,266575805.0
2025-08-01 09:44:27 AM,40285.0,1,40285.0,266616090.0
2025-08-01 09:44:32 AM,40285.0,11,443135.0,267059225.0
2025-08-01 09:44:34 AM,40255.0,0,0.0,267059225.0
2025-08-01 09:44:38 AM,40220.0,0,0.0,267059225.0
2025-08-01 09:44:39 AM,40220.0,97,3901340.0,270960565.0
2025-08-01 09:44:42 AM,40255.0,0,0.0,270960565.0
2025-08-01 09:44:45 AM,40240.0,5,201200.0,271161765.0
2025-08-01 09:44:46 AM,40230.0,8,321840.0,271483605.0
2025-08-01 09:44:50 AM,40250.0,0,0.0,271483605.0
2025-08-01 09:44:52 AM,40250.0,6,241500.0,271725105.0
2025-08-01 09:44:54 AM,40230.0,0,0.0,271725105.0
2025-08-01 09:44:58 AM,40250.0,60,2415000.0,274140105.0
2025-08-01 09:44:59 AM,40250.0,8,322000.0,274462105.0
2025-08-01 09:45:02 AM,40255.0,0,0.0,274462105.0
2025-08-01 09:45:05 AM,40255.0,11,442805.0,274904910.0
2025-08-01 09:45:12 AM,40285.0,5,201425.0,275106335.0
2025-08-01 09:45:20 AM,40285.0,1,40285.0,275146620.0
2025-08-01 09:45:22 AM,40265.0,0,0.0,275146620.0
2025-08-01 09:45:24 AM,40265.0,7,281855.0,275428475.0
2025-08-01 09:45:26 AM,40265.0,8,322120.0,275750595.0
2025-08-01 09:45:30 AM,40295.0,0,0.0,275750595.0
2025-08-01 09:45:31 AM,40295.0,18,725310.0,276475905.0
2025-08-01 09:45:32 AM,40275.0,2,80550.0,276556455.0
2025-08-01 09:45:45 AM,40290.0,1,40290.0,276596745.0
2025-08-01 09:45:50 AM,40295.0,0,0.0,276596745.0
2025-08-01 09:45:51 AM,40295.0,2,80590.0,276677335.0
2025-08-01 09:45:58 AM,40310.0,2,80620.0,276757955.0
2025-08-01 09:46:00 AM,40300.0,0,0.0,276757955.0
2025-08-01 09:46:03 AM,40310.0,4,161240.0,276919195.0
2025-08-01 09:46:04 AM,40315.0,1,40315.0,276959510.0
2025-08-01 09:46:09 AM,40320.0,0,0.0,276959510.0
2025-08-01 09:46:10 AM,40320.0,2,80640.0,277040150.0
2025-08-01 09:46:15 AM,40325.0,0,0.0,277040150.0
2025-08-01 09:46:16 AM,40325.0,12,483900.0,277524050.0
2025-08-01 09:46:23 AM,40320.0,0,0.0,277524050.0
2025-08-01 09:46:23 AM,40320.0,3,120960.0,277645010.0
2025-08-01 09:46:35 AM,40320.0,2,80640.0,277725650.0
2025-08-01 09:46:56 AM,40320.0,24,967680.0,278693330.0
2025-08-01 09:47:12 AM,40330.0,0,0.0,278693330.0
2025-08-01 09:47:13 AM,40330.0,1,40330.0,278733660.0
2025-08-01 09:47:27 AM,40310.0,0,0.0,278733660.0
2025-08-01 09:47:27 AM,40310.0,15,604650.0,279338310.0
2025-08-01 09:47:28 AM,40315.0,0,0.0,279338310.0
2025-08-01 09:47:31 AM,40315.0,1,40315.0,279378625.0
2025-08-01 09:47:32 AM,40310.0,0,0.0,279378625.0
2025-08-01 09:47:34 AM,40310.0,1,40310.0,279418935.0
2025-08-01 09:47:52 AM,40275.0,50,2013750.0,281432685.0
2025-08-01 09:47:57 AM,40295.0,0,0.0,281432685.0
2025-08-01 09:47:58 AM,40295.0,2,80590.0,281513275.0
2025-08-01 09:48:10 AM,40290.0,0,0.0,281513275.0
2025-08-01 09:48:11 AM,40310.0,11,443410.0,281956685.0
2025-08-01 09:48:17 AM,40300.0,1,40300.0,281996985.0
2025-08-01 09:48:20 AM,40295.0,6,241770.0,282238755.0
2025-08-01 09:48:22 AM,40320.0,0,0.0,282238755.0
2025-08-01 09:48:24 AM,40320.0,5,201600.0,282440355.0
2025-08-01 09:48:26 AM,40300.0,0,0.0,282440355.0
2025-08-01 09:48:27 AM,40300.0,2,80600.0,282520955.0
2025-08-01 09:48:38 AM,40330.0,0,0.0,282520955.0
2025-08-01 09:48:40 AM,40330.0,6,241980.0,282762935.0
2025-08-01 09:48:42 AM,40300.0,0,0.0,282762935.0
2025-08-01 09:48:43 AM,40300.0,5,201500.0,282964435.0
2025-08-01 09:48:46 AM,40320.0,0,0.0,282964435.0
2025-08-01 09:48:46 AM,40320.0,1,40320.0,283004755.0
2025-08-01 09:49:02 AM,40300.0,0,0.0,283004755.0
2025-08-01 09:49:03 AM,40300.0,1,40300.0,283045055.0
2025-08-01 09:49:18 AM,40315.0,0,0.0,283045055.0
2025-08-01 09:49:21 AM,40305.0,0,0.0,283045055.0
2025-08-01 09:49:21 AM,40305.0,4,161220.0,283206275.0
2025-08-01 09:49:42 AM,40310.0,0,0.0,283206275.0
2025-08-01 09:49:43 AM,40310.0,1,40310.0,283246585.0
2025-08-01 09:49:48 AM,40285.0,0,0.0,283246585.0
2025-08-01 09:49:49 AM,40285.0,50,2014250.0,285260835.0
2025-08-01 09:49:51 AM,40310.0,0,0.0,285260835.0
2025-08-01 09:49:52 AM,40310.0,1,40310.0,285301145.0
2025-08-01 09:49:54 AM,40300.0,0,0.0,285301145.0
2025-08-01 09:49:55 AM,40300.0,2,80600.0,285381745.0
2025-08-01 09:50:34 AM,40310.0,0,0.0,285381745.0
2025-08-01 09:50:37 AM,40310.0,1,40310.0,285422055.0
2025-08-01 09:50:49 AM,40315.0,0,0.0,285422055.0
2025-08-01 09:50:50 AM,40315.0,5,201575.0,285623630.0
2025-08-01 09:50:56 AM,40315.0,1,40315.0,285663945.0
2025-08-01 09:51:04 AM,40300.0,3,120900.0,285784845.0
2025-08-01 09:51:12 AM,40320.0,0,0.0,285784845.0
2025-08-01 09:51:13 AM,40325.0,0,0.0,285784845.0
2025-08-01 09:51:15 AM,40325.0,8,322600.0,286107445.0
2025-08-01 09:51:17 AM,40325.0,6,241950.0,286349395.0
2025-08-01 09:51:25 AM,40320.0,0,0.0,286349395.0
2025-08-01 09:51:27 AM,40320.0,82,3306240.0,289655635.0
2025-08-01 09:51:29 AM,40315.0,1,40315.0,289695950.0
2025-08-01 09:51:31 AM,40320.0,0,0.0,289695950.0
2025-08-01 09:51:33 AM,40320.0,168,6773760.0,296469710.0
2025-08-01 09:51:36 AM,40320.0,1,40320.0,296510030.0
2025-08-01 09:51:42 AM,40335.0,1,40335.0,296550365.0
2025-08-01 09:51:46 AM,40300.0,39,1571700.0,298122065.0
2025-08-01 09:51:48 AM,40305.0,0,0.0,298122065.0
2025-08-01 09:51:49 AM,40305.0,27,1088235.0,299210300.0
2025-08-01 09:51:55 AM,40270.0,5,201350.0,299411650.0
2025-08-01 09:51:58 AM,40285.0,2,80570.0,299492220.0
2025-08-01 09:52:03 AM,40280.0,0,0.0,299492220.0
2025-08-01 09:52:04 AM,40280.0,2,80560.0,299572780.0
2025-08-01 09:52:07 AM,40290.0,13,523770.0,300096550.0
2025-08-01 09:52:13 AM,40270.0,1,40270.0,300136820.0
2025-08-01 09:52:16 AM,40265.0,0,0.0,300136820.0
2025-08-01 09:52:17 AM,40265.0,1,40265.0,300177085.0
2025-08-01 09:52:21 AM,40260.0,0,0.0,300177085.0
2025-08-01 09:52:23 AM,40260.0,5,201300.0,300378385.0
2025-08-01 09:52:31 AM,40270.0,0,0.0,300378385.0
2025-08-01 09:52:32 AM,40270.0,5,201350.0,300579735.0
2025-08-01 09:52:37 AM,40250.0,0,0.0,300579735.0
2025-08-01 09:52:38 AM,40250.0,136,5474000.0,306053735.0
2025-08-01 09:52:43 AM,40230.0,0,0.0,306053735.0
2025-08-01 09:52:44 AM,40230.0,73,2936790.0,308990525.0
2025-08-01 09:52:46 AM,40205.0,0,0.0,308990525.0
2025-08-01 09:52:47 AM,40205.0,29,1165945.0,310156470.0
2025-08-01 09:52:50 AM,40205.0,3,120615.0,310277085.0
2025-08-01 09:52:53 AM,40215.0,15,603225.0,310880310.0
2025-08-01 09:52:58 AM,40225.0,0,0.0,310880310.0
2025-08-01 09:53:01 AM,40220.0,0,0.0,310880310.0
2025-08-01 09:53:02 AM,40220.0,7,281540.0,311161850.0
2025-08-01 09:53:04 AM,40235.0,0,0.0,311161850.0
2025-08-01 09:53:05 AM,40235.0,2,80470.0,311242320.0
2025-08-01 09:53:12 AM,40225.0,20,804500.0,312046820.0
2025-08-01 09:53:16 AM,40245.0,0,0.0,312046820.0
2025-08-01 09:53:18 AM,40245.0,11,442695.0,312489515.0
2025-08-01 09:53:23 AM,40205.0,0,0.0,312489515.0
2025-08-01 09:53:24 AM,40205.0,114,4583370.0,317072885.0
2025-08-01 09:53:26 AM,40250.0,0,0.0,317072885.0
2025-08-01 09:53:26 AM,40250.0,1,40250.0,317113135.0
2025-08-01 09:53:30 AM,40250.0,1,40250.0,317153385.0
2025-08-01 09:53:41 AM,40245.0,0,0.0,317153385.0
2025-08-01 09:53:45 AM,40245.0,20,804900.0,317958285.0
2025-08-01 09:53:46 AM,40210.0,0,0.0,317958285.0
2025-08-01 09:53:49 AM,40210.0,14,562940.0,318521225.0
2025-08-01 09:53:53 AM,40215.0,0,0.0,318521225.0
2025-08-01 09:53:53 AM,40225.0,0,0.0,318521225.0
2025-08-01 09:53:55 AM,40225.0,2,80450.0,318601675.0
2025-08-01 09:54:01 AM,40210.0,0,0.0,318601675.0
2025-08-01 09:54:02 AM,40210.0,6,241260.0,318842935.0
2025-08-01 09:54:03 AM,40235.0,10,402350.0,319245285.0
2025-08-01 09:54:08 AM,40235.0,2,80470.0,319325755.0
2025-08-01 09:54:15 AM,40215.0,1,40215.0,319365970.0
2025-08-01 09:54:19 AM,40205.0,19,763895.0,320129865.0
2025-08-01 09:54:22 AM,40205.0,4,160820.0,320290685.0
2025-08-01 09:54:24 AM,40205.0,2,80410.0,320371095.0
2025-08-01 09:54:25 AM,40205.0,5,201025.0,320572120.0
2025-08-01 09:54:27 AM,40215.0,0,0.0,320572120.0
2025-08-01 09:54:27 AM,40215.0,4,160860.0,320732980.0
2025-08-01 09:54:28 AM,40210.0,0,0.0,320732980.0
2025-08-01 09:54:29 AM,40210.0,1,40210.0,320773190.0
2025-08-01 09:54:29 AM,40215.0,10,402150.0,321175340.0
2025-08-01 09:54:44 AM,40205.0,2,80410.0,321255750.0
2025-08-01 09:54:51 AM,40205.0,10,402050.0,321657800.0
2025-08-01 09:54:53 AM,40205.0,5,201025.0,321858825.0
2025-08-01 09:55:06 AM,40215.0,0,0.0,321858825.0
2025-08-01 09:55:08 AM,40215.0,50,2010750.0,323869575.0
2025-08-01 09:55:14 AM,40210.0,1,40210.0,323909785.0
2025-08-01 09:55:20 AM,40210.0,7,281470.0,324191255.0
2025-08-01 09:55:22 AM,40185.0,0,0.0,324191255.0
2025-08-01 09:55:25 AM,40190.0,0,0.0,324191255.0
2025-08-01 09:55:25 AM,40160.0,0,0.0,324191255.0
2025-08-01 09:55:26 AM,40160.0,52,2088320.0,326279575.0
2025-08-01 09:55:29 AM,40165.0,0,0.0,326279575.0
2025-08-01 09:55:32 AM,40165.0,2,80330.0,326359905.0
2025-08-01 09:55:33 AM,40185.0,11,442035.0,326801940.0
2025-08-01 09:55:42 AM,40180.0,0,0.0,326801940.0
2025-08-01 09:55:44 AM,40180.0,118,4741240.0,331543180.0
2025-08-01 09:55:50 AM,40205.0,1,40205.0,331583385.0
2025-08-01 09:55:53 AM,40185.0,0,0.0,331583385.0
2025-08-01 09:55:56 AM,40185.0,2,80370.0,331663755.0
2025-08-01 09:56:14 AM,40195.0,0,0.0,331663755.0
2025-08-01 09:56:14 AM,40195.0,2,80390.0,331744145.0
2025-08-01 09:56:20 AM,40195.0,1,40195.0,331784340.0
2025-08-01 09:56:26 AM,40190.0,0,0.0,331784340.0
2025-08-01 09:56:26 AM,40190.0,1,40190.0,331824530.0
2025-08-01 09:56:27 AM,40185.0,0,0.0,331824530.0
2025-08-01 09:56:27 AM,40185.0,6,241110.0,332065640.0
2025-08-01 09:56:38 AM,40185.0,6,241110.0,332306750.0
2025-08-01 09:56:43 AM,40165.0,0,0.0,332306750.0
2025-08-01 09:56:44 AM,40165.0,3,120495.0,332427245.0
2025-08-01 09:56:50 AM,40180.0,11,441980.0,332869225.0
2025-08-01 09:56:56 AM,40165.0,0,0.0,332869225.0
2025-08-01 09:56:56 AM,40165.0,11,441815.0,333311040.0
2025-08-01 09:56:58 AM,40155.0,1,40155.0,333351195.0
2025-08-01 09:57:00 AM,40115.0,0,0.0,333351195.0
2025-08-01 09:57:02 AM,40115.0,34,1363910.0,334715105.0
2025-08-01 09:57:03 AM,40125.0,4,160500.0,334875605.0
2025-08-01 09:57:04 AM,40150.0,0,0.0,334875605.0
2025-08-01 09:57:08 AM,40150.0,13,521950.0,335397555.0
2025-08-01 09:57:12 AM,40135.0,0,0.0,335397555.0
2025-08-01 09:57:16 AM,40145.0,0,0.0,335397555.0
2025-08-01 09:57:16 AM,40145.0,4,160580.0,335558135.0
2025-08-01 09:57:20 AM,40125.0,0,0.0,335558135.0
2025-08-01 09:57:20 AM,40125.0,50,2006250.0,337564385.0
2025-08-01 09:57:24 AM,40155.0,0,0.0,337564385.0
2025-08-01 09:57:25 AM,40155.0,2,80310.0,337644695.0
2025-08-01 09:57:28 AM,40140.0,0,0.0,337644695.0
2025-08-01 09:57:31 AM,40140.0,2,80280.0,337724975.0
2025-08-01 09:57:43 AM,40145.0,5,200725.0,337925700.0
2025-08-01 09:57:46 AM,40160.0,30,1204800.0,339130500.0
2025-08-01 09:57:48 AM,40140.0,0,0.0,339130500.0
2025-08-01 09:57:49 AM,40160.0,3,120480.0,339250980.0
2025-08-01 09:57:52 AM,40165.0,0,0.0,339250980.0
2025-08-01 09:57:52 AM,40165.0,9,361485.0,339612465.0
2025-08-01 09:58:01 AM,40160.0,3,120480.0,339732945.0
2025-08-01 09:58:08 AM,40155.0,2,80310.0,339813255.0
2025-08-01 09:58:14 AM,40155.0,1,40155.0,339853410.0
2025-08-01 09:58:16 AM,40120.0,13,521560.0,340374970.0
2025-08-01 09:58:32 AM,40125.0,4,160500.0,340535470.0
2025-08-01 09:58:34 AM,40125.0,3,120375.0,340655845.0
2025-08-01 09:58:38 AM,40125.0,11,441375.0,341097220.0
2025-08-01 09:58:41 AM,40125.0,1,40125.0,341137345.0
2025-08-01 09:58:44 AM,40125.0,2,80250.0,341217595.0
2025-08-01 09:58:49 AM,40140.0,0,0.0,341217595.0
2025-08-01 09:58:50 AM,40140.0,1,40140.0,341257735.0
2025-08-01 09:59:02 AM,40120.0,3,120360.0,341378095.0
2025-08-01 09:59:05 AM,40110.0,0,0.0,341378095.0
2025-08-01 09:59:05 AM,40110.0,3,120330.0,341498425.0
2025-08-01 09:59:15 AM,40135.0,0,0.0,341498425.0
2025-08-01 09:59:15 AM,40135.0,34,1364590.0,342863015.0
2025-08-01 09:59:23 AM,40140.0,0,0.0,342863015.0
2025-08-01 09:59:24 AM,40140.0,5,200700.0,343063715.0
2025-08-01 09:59:30 AM,40145.0,15,602175.0,343665890.0
2025-08-01 09:59:33 AM,40140.0,2,80280.0,343746170.0
2025-08-01 09:59:39 AM,40115.0,0,0.0,343746170.0
2025-08-01 09:59:40 AM,40115.0,5,200575.0,343946745.0
2025-08-01 09:59:43 AM,40140.0,7,280980.0,344227725.0
2025-08-01 09:59:53 AM,40145.0,0,0.0,344227725.0
2025-08-01 09:59:55 AM,40145.0,1,40145.0,344267870.0
2025-08-01 09:59:58 AM,40140.0,49,1966860.0,346234730.0
2025-08-01 09:59:59 AM,40130.0,0,0.0,346234730.0
2025-08-01 10:00:01 AM,40130.0,10,401300.0,346636030.0
2025-08-01 10:00:04 AM,40110.0,15,601650.0,347237680.0
2025-08-01 10:00:11 AM,40140.0,52,2087280.0,349324960.0
2025-08-01 10:00:14 AM,40140.0,5,200700.0,349525660.0
2025-08-01 10:00:17 AM,40120.0,2,80240.0,349605900.0
2025-08-01 10:00:27 AM,40140.0,1,40140.0,349646040.0
2025-08-01 10:00:36 AM,40125.0,10,401250.0,350047290.0
2025-08-01 10:00:42 AM,40125.0,5,200625.0,350247915.0
2025-08-01 10:00:46 AM,40120.0,2,80240.0,350328155.0
2025-08-01 10:01:01 AM,40140.0,0,0.0,350328155.0
2025-08-01 10:01:01 AM,40140.0,13,521820.0,350849975.0
2025-08-01 10:01:05 AM,40150.0,3,120450.0,350970425.0
2025-08-01 10:01:06 AM,40155.0,0,0.0,350970425.0
2025-08-01 10:01:08 AM,40155.0,2,80310.0,351050735.0
2025-08-01 10:01:11 AM,40155.0,1,40155.0,351090890.0
2025-08-01 10:01:14 AM,40160.0,1,40160.0,351131050.0
2025-08-01 10:01:17 AM,40160.0,2,80320.0,351211370.0
2025-08-01 10:01:20 AM,40145.0,3,120435.0,351331805.0
2025-08-01 10:01:25 AM,40160.0,0,0.0,351331805.0
2025-08-01 10:01:26 AM,40170.0,4,160680.0,351492485.0
2025-08-01 10:01:32 AM,40185.0,6,241110.0,351733595.0
2025-08-01 10:01:36 AM,40165.0,6,240990.0,351974585.0
2025-08-01 10:01:37 AM,40190.0,0,0.0,351974585.0
2025-08-01 10:01:38 AM,40190.0,13,522470.0,352497055.0
2025-08-01 10:01:44 AM,40190.0,4,160760.0,352657815.0
2025-08-01 10:02:01 AM,40165.0,11,441815.0,353099630.0
2025-08-01 10:02:06 AM,40170.0,0,0.0,353099630.0
2025-08-01 10:02:07 AM,40170.0,5,200850.0,353300480.0
2025-08-01 10:02:09 AM,40190.0,5,200950.0,353501430.0
2025-08-01 10:02:13 AM,40175.0,0,0.0,353501430.0
2025-08-01 10:02:13 AM,40175.0,1,40175.0,353541605.0
2025-08-01 10:02:17 AM,40190.0,0,0.0,353541605.0
2025-08-01 10:02:20 AM,40190.0,11,442090.0,353983695.0
2025-08-01 10:02:22 AM,40195.0,0,0.0,353983695.0
2025-08-01 10:02:26 AM,40185.0,3,120555.0,354104250.0
2025-08-01 10:02:27 AM,40180.0,0,0.0,354104250.0
2025-08-01 10:02:28 AM,40180.0,21,843780.0,354948030.0
2025-08-01 10:02:31 AM,40200.0,0,0.0,354948030.0
2025-08-01 10:02:32 AM,40180.0,41,1647380.0,356595410.0
2025-08-01 10:02:38 AM,40200.0,8,321600.0,356917010.0
2025-08-01 10:02:45 AM,40205.0,13,522665.0,357439675.0
2025-08-01 10:02:49 AM,40185.0,0,0.0,357439675.0
2025-08-01 10:02:51 AM,40200.0,2,80400.0,357520075.0
2025-08-01 10:02:53 AM,40205.0,0,0.0,357520075.0
2025-08-01 10:02:53 AM,40205.0,13,522665.0,358042740.0
2025-08-01 10:02:57 AM,40185.0,0,0.0,358042740.0
2025-08-01 10:02:58 AM,40185.0,22,884070.0,358926810.0
2025-08-01 10:02:59 AM,40185.0,24,964440.0,359891250.0
2025-08-01 10:03:04 AM,40200.0,7,281400.0,360172650.0
2025-08-01 10:03:12 AM,40185.0,1,40185.0,360212835.0
2025-08-01 10:03:19 AM,40190.0,1,40190.0,360253025.0
2025-08-01 10:03:23 AM,40205.0,34,1366970.0,361619995.0
2025-08-01 10:03:30 AM,40205.0,2,80410.0,361700405.0
2025-08-01 10:03:32 AM,40200.0,10,402000.0,362102405.0
2025-08-01 10:03:36 AM,40225.0,1,40225.0,362142630.0
2025-08-01 10:03:41 AM,40220.0,0,0.0,362142630.0
2025-08-01 10:03:43 AM,40230.0,34,1367820.0,363510450.0
2025-08-01 10:03:51 AM,40225.0,2,80450.0,363590900.0
2025-08-01 10:04:01 AM,40215.0,0,0.0,363590900.0
2025-08-01 10:04:01 AM,40215.0,3,120645.0,363711545.0
2025-08-01 10:04:09 AM,40225.0,0,0.0,363711545.0
2025-08-01 10:04:09 AM,40225.0,5,201125.0,363912670.0
2025-08-01 10:04:16 AM,40240.0,4,160960.0,364073630.0
2025-08-01 10:04:17 AM,40210.0,0,0.0,364073630.0
2025-08-01 10:04:20 AM,40210.0,22,884620.0,364958250.0
2025-08-01 10:04:26 AM,40210.0,4,160840.0,365119090.0
2025-08-01 10:04:28 AM,40210.0,1,40210.0,365159300.0
2025-08-01 10:04:32 AM,40200.0,11,442200.0,365601500.0
2025-08-01 10:04:38 AM,40185.0,0,0.0,365601500.0
2025-08-01 10:04:39 AM,40185.0,14,562590.0,366164090.0
2025-08-01 10:04:43 AM,40190.0,0,0.0,366164090.0
2025-08-01 10:04:45 AM,40185.0,2,80370.0,366244460.0
2025-08-01 10:04:47 AM,40195.0,0,0.0,366244460.0
2025-08-01 10:04:47 AM,40195.0,20,803900.0,367048360.0
2025-08-01 10:04:53 AM,40200.0,8,321600.0,367369960.0
2025-08-01 10:05:03 AM,40185.0,42,1687770.0,369057730.0
2025-08-01 10:05:14 AM,40175.0,0,0.0,369057730.0
2025-08-01 10:05:16 AM,40180.0,5,200900.0,369258630.0
2025-08-01 10:05:18 AM,40150.0,0,0.0,369258630.0
2025-08-01 10:05:18 AM,40150.0,5,200750.0,369459380.0
2025-08-01 10:05:26 AM,40130.0,0,0.0,369459380.0
2025-08-01 10:05:28 AM,40125.0,31,1243875.0,370703255.0
2025-08-01 10:05:33 AM,40130.0,0,0.0,370703255.0
2025-08-01 10:05:34 AM,40130.0,11,441430.0,371144685.0
2025-08-01 10:05:36 AM,40130.0,2,80260.0,371224945.0
2025-08-01 10:05:39 AM,40135.0,0,0.0,371224945.0
2025-08-01 10:05:40 AM,40135.0,6,240810.0,371465755.0
2025-08-01 10:05:45 AM,40130.0,0,0.0,371465755.0
2025-08-01 10:05:46 AM,40130.0,12,481560.0,371947315.0
2025-08-01 10:06:04 AM,40130.0,1,40130.0,371987445.0
2025-08-01 10:06:13 AM,40135.0,1,40135.0,372027580.0
2025-08-01 10:06:16 AM,40130.0,1,40130.0,372067710.0
2025-08-01 10:06:22 AM,40130.0,1,40130.0,372107840.0
2025-08-01 10:06:28 AM,40120.0,96,3851520.0,375959360.0
2025-08-01 10:06:29 AM,40115.0,0,0.0,375959360.0
2025-08-01 10:06:30 AM,40115.0,12,481380.0,376440740.0
2025-08-01 10:06:34 AM,40115.0,1,40115.0,376480855.0
2025-08-01 10:06:36 AM,40120.0,3,120360.0,376601215.0
2025-08-01 10:06:40 AM,40120.0,1,40120.0,376641335.0
2025-08-01 10:06:42 AM,40115.0,4,160460.0,376801795.0
2025-08-01 10:06:46 AM,40115.0,3,120345.0,376922140.0
2025-08-01 10:06:52 AM,40115.0,5,200575.0,377122715.0
2025-08-01 10:06:54 AM,40115.0,7,280805.0,377403520.0
2025-08-01 10:06:58 AM,40135.0,1,40135.0,377443655.0
2025-08-01 10:07:15 AM,40120.0,0,0.0,377443655.0
2025-08-01 10:07:17 AM,40115.0,2,80230.0,377523885.0
2025-08-01 10:07:23 AM,40140.0,12,481680.0,378005565.0
2025-08-01 10:07:25 AM,40115.0,0,0.0,378005565.0
2025-08-01 10:07:25 AM,40115.0,1,40115.0,378045680.0
2025-08-01 10:07:29 AM,40115.0,1,40115.0,378085795.0
2025-08-01 10:07:47 AM,40120.0,0,0.0,378085795.0
2025-08-01 10:07:48 AM,40120.0,1,40120.0,378125915.0
2025-08-01 10:07:54 AM,40140.0,19,762660.0,378888575.0
2025-08-01 10:08:02 AM,40125.0,0,0.0,378888575.0
2025-08-01 10:08:02 AM,40125.0,1,40125.0,378928700.0
2025-08-01 10:08:06 AM,40125.0,1,40125.0,378968825.0
2025-08-01 10:08:16 AM,40120.0,0,0.0,378968825.0
2025-08-01 10:08:19 AM,40120.0,2,80240.0,379049065.0
2025-08-01 10:08:23 AM,40140.0,0,0.0,379049065.0
2025-08-01 10:08:25 AM,40140.0,1,40140.0,379089205.0
2025-08-01 10:08:42 AM,40145.0,0,0.0,379089205.0
2025-08-01 10:08:43 AM,40145.0,1,40145.0,379129350.0
2025-08-01 10:08:53 AM,40140.0,0,0.0,379129350.0
2025-08-01 10:08:55 AM,40140.0,1,40140.0,379169490.0
2025-08-01 10:09:07 AM,40125.0,10,401250.0,379570740.0
2025-08-01 10:09:08 AM,40130.0,1,40130.0,379610870.0
2025-08-01 10:09:11 AM,40140.0,0,0.0,379610870.0
2025-08-01 10:09:13 AM,40140.0,1,40140.0,379651010.0
2025-08-01 10:09:14 AM,40135.0,0,0.0,379651010.0
2025-08-01 10:09:14 AM,40130.0,2,80260.0,379731270.0
2025-08-01 10:09:19 AM,40165.0,10,401650.0,380132920.0
2025-08-01 10:09:20 AM,40140.0,0,0.0,380132920.0
2025-08-01 10:09:20 AM,40140.0,2,80280.0,380213200.0
2025-08-01 10:09:36 AM,40165.0,0,0.0,380213200.0
2025-08-01 10:09:36 AM,40165.0,1,40165.0,380253365.0
2025-08-01 10:09:38 AM,40145.0,1,40145.0,380293510.0
2025-08-01 10:09:41 AM,40155.0,0,0.0,380293510.0
2025-08-01 10:09:42 AM,40155.0,2,80310.0,380373820.0
2025-08-01 10:09:44 AM,40140.0,0,0.0,380373820.0
2025-08-01 10:09:48 AM,40140.0,1,40140.0,380413960.0
2025-08-01 10:09:59 AM,40160.0,7,281120.0,380695080.0
2025-08-01 10:10:03 AM,40135.0,0,0.0,380695080.0
2025-08-01 10:10:04 AM,40135.0,2,80270.0,380775350.0
2025-08-01 10:10:08 AM,40160.0,0,0.0,380775350.0
2025-08-01 10:10:10 AM,40160.0,5,200800.0,380976150.0
2025-08-01 10:10:15 AM,40135.0,0,0.0,380976150.0
2025-08-01 10:10:16 AM,40125.0,2,80250.0,381056400.0
2025-08-01 10:10:22 AM,40150.0,0,0.0,381056400.0
2025-08-01 10:10:22 AM,40150.0,7,281050.0,381337450.0
2025-08-01 10:10:34 AM,40140.0,2,80280.0,381417730.0
2025-08-01 10:10:44 AM,40165.0,0,0.0,381417730.0
2025-08-01 10:10:46 AM,40185.0,43,1727955.0,383145685.0
2025-08-01 10:10:47 AM,40180.0,0,0.0,383145685.0
2025-08-01 10:10:48 AM,40180.0,2,80360.0,383226045.0
2025-08-01 10:10:52 AM,40160.0,1,40160.0,383266205.0
2025-08-01 10:10:58 AM,40160.0,2,80320.0,383346525.0
2025-08-01 10:11:16 AM,40170.0,2,80340.0,383426865.0
2025-08-01 10:11:22 AM,40185.0,4,160740.0,383587605.0
2025-08-01 10:11:23 AM,40185.0,1,40185.0,383627790.0
2025-08-01 10:11:29 AM,40185.0,7,281295.0,383909085.0
2025-08-01 10:11:33 AM,40215.0,4,160860.0,384069945.0
2025-08-01 10:11:34 AM,40185.0,6,241110.0,384311055.0
2025-08-01 10:11:45 AM,40185.0,1,40185.0,384351240.0
2025-08-01 10:11:47 AM,40200.0,0,0.0,384351240.0
2025-08-01 10:11:50 AM,40200.0,1,40200.0,384391440.0
2025-08-01 10:11:52 AM,40205.0,6,241230.0,384632670.0
2025-08-01 10:11:53 AM,40185.0,0,0.0,384632670.0
2025-08-01 10:11:56 AM,40185.0,1,40185.0,384672855.0
2025-08-01 10:11:58 AM,40180.0,25,1004500.0,385677355.0
2025-08-01 10:12:14 AM,40180.0,2,80360.0,385757715.0
2025-08-01 10:12:26 AM,40185.0,0,0.0,385757715.0
2025-08-01 10:12:26 AM,40185.0,1,40185.0,385797900.0
2025-08-01 10:12:32 AM,40180.0,1,40180.0,385838080.0
2025-08-01 10:12:37 AM,40185.0,1,40185.0,385878265.0
2025-08-01 10:12:43 AM,40200.0,1,40200.0,385918465.0
2025-08-01 10:12:49 AM,40210.0,7,281470.0,386199935.0
2025-08-01 10:13:02 AM,40190.0,0,0.0,386199935.0
2025-08-01 10:13:05 AM,40200.0,0,0.0,386199935.0
2025-08-01 10:13:06 AM,40200.0,5,201000.0,386400935.0
2025-08-01 10:13:11 AM,40190.0,0,0.0,386400935.0
2025-08-01 10:13:12 AM,40190.0,3,120570.0,386521505.0
2025-08-01 10:13:13 AM,40185.0,2,80370.0,386601875.0
2025-08-01 10:13:14 AM,40180.0,0,0.0,386601875.0
2025-08-01 10:13:18 AM,40180.0,9,361620.0,386963495.0
2025-08-01 10:13:24 AM,40190.0,8,321520.0,387285015.0
2025-08-01 10:13:42 AM,40190.0,1,40190.0,387325205.0
2025-08-01 10:13:44 AM,40180.0,0,0.0,387325205.0
2025-08-01 10:13:47 AM,40185.0,0,0.0,387325205.0
2025-08-01 10:13:48 AM,40185.0,3,120555.0,387445760.0
2025-08-01 10:14:02 AM,40195.0,0,0.0,387445760.0
2025-08-01 10:14:05 AM,40195.0,1,40195.0,387485955.0
2025-08-01 10:14:17 AM,40190.0,0,0.0,387485955.0
2025-08-01 10:14:17 AM,40190.0,2,80380.0,387566335.0
2025-08-01 10:14:38 AM,40205.0,0,0.0,387566335.0
2025-08-01 10:14:40 AM,40205.0,2,80410.0,387646745.0
2025-08-01 10:14:41 AM,40205.0,1,40205.0,387686950.0
2025-08-01 10:14:45 AM,40180.0,1,40180.0,387727130.0
2025-08-01 10:14:51 AM,40180.0,12,482160.0,388209290.0
2025-08-01 10:14:52 AM,40185.0,1,40185.0,388249475.0
2025-08-01 10:15:14 AM,40185.0,1,40185.0,388289660.0
2025-08-01 10:15:15 AM,40180.0,1,40180.0,388329840.0
2025-08-01 10:15:22 AM,40200.0,0,0.0,388329840.0
2025-08-01 10:15:27 AM,40200.0,1,40200.0,388370040.0
2025-08-01 10:15:39 AM,40200.0,4,160800.0,388530840.0
2025-08-01 10:15:45 AM,40180.0,14,562520.0,389093360.0
2025-08-01 10:15:45 AM,40180.0,12,482160.0,389575520.0
2025-08-01 10:15:56 AM,40185.0,0,0.0,389575520.0
2025-08-01 10:15:57 AM,40185.0,2,80370.0,389655890.0
2025-08-01 10:16:02 AM,40185.0,1,40185.0,389696075.0
2025-08-01 10:16:04 AM,40180.0,0,0.0,389696075.0
2025-08-01 10:16:08 AM,40180.0,1,40180.0,389736255.0
2025-08-01 10:16:13 AM,40165.0,0,0.0,389736255.0
2025-08-01 10:16:14 AM,40155.0,26,1044030.0,390780285.0
2025-08-01 10:16:16 AM,40175.0,0,0.0,390780285.0
2025-08-01 10:16:20 AM,40175.0,1,40175.0,390820460.0
2025-08-01 10:16:26 AM,40175.0,1,40175.0,390860635.0
2025-08-01 10:16:31 AM,40155.0,0,0.0,390860635.0
2025-08-01 10:16:32 AM,40155.0,2,80310.0,390940945.0
2025-08-01 10:16:43 AM,40175.0,0,0.0,390940945.0
2025-08-01 10:16:43 AM,40175.0,2,80350.0,391021295.0
2025-08-01 10:16:46 AM,40155.0,0,0.0,391021295.0
2025-08-01 10:16:49 AM,40155.0,2,80310.0,391101605.0
2025-08-01 10:17:11 AM,40155.0,21,843255.0,391944860.0
2025-08-01 10:17:17 AM,40155.0,1,40155.0,391985015.0
2025-08-01 10:17:17 AM,40175.0,0,0.0,391985015.0
2025-08-01 10:17:17 AM,40175.0,1,40175.0,392025190.0
2025-08-01 10:17:19 AM,40155.0,0,0.0,392025190.0
2025-08-01 10:17:22 AM,40155.0,7,281085.0,392306275.0
2025-08-01 10:17:26 AM,40175.0,0,0.0,392306275.0
2025-08-01 10:17:28 AM,40155.0,0,0.0,392306275.0
2025-08-01 10:17:28 AM,40175.0,7,281225.0,392587500.0
2025-08-01 10:17:46 AM,40155.0,0,0.0,392587500.0
2025-08-01 10:17:46 AM,40155.0,2,80310.0,392667810.0
2025-08-01 10:17:50 AM,40160.0,0,0.0,392667810.0
2025-08-01 10:17:52 AM,40160.0,1,40160.0,392707970.0
2025-08-01 10:17:57 AM,40150.0,31,1244650.0,393952620.0
2025-08-01 10:18:05 AM,40165.0,0,0.0,393952620.0
2025-08-01 10:18:09 AM,40165.0,12,481980.0,394434600.0
2025-08-01 10:18:15 AM,40140.0,1,40140.0,394474740.0
2025-08-01 10:18:21 AM,40165.0,2,80330.0,394555070.0
2025-08-01 10:18:25 AM,40140.0,0,0.0,394555070.0
2025-08-01 10:18:26 AM,40140.0,1,40140.0,394595210.0
2025-08-01 10:18:31 AM,40160.0,0,0.0,394595210.0
2025-08-01 10:18:32 AM,40160.0,5,200800.0,394796010.0
2025-08-01 10:18:34 AM,40140.0,0,0.0,394796010.0
2025-08-01 10:18:38 AM,40140.0,2,80280.0,394876290.0
2025-08-01 10:18:44 AM,40155.0,2,80310.0,394956600.0
2025-08-01 10:18:46 AM,40160.0,0,0.0,394956600.0
2025-08-01 10:18:50 AM,40160.0,1,40160.0,394996760.0
2025-08-01 10:19:13 AM,40170.0,1,40170.0,395036930.0
2025-08-01 10:19:30 AM,40170.0,1,40170.0,395077100.0
2025-08-01 10:19:42 AM,40170.0,3,120510.0,395197610.0
2025-08-01 10:19:45 AM,40175.0,0,0.0,395197610.0
2025-08-01 10:19:47 AM,40175.0,1,40175.0,395237785.0
2025-08-01 10:19:58 AM,40175.0,1,40175.0,395277960.0
2025-08-01 10:20:12 AM,40170.0,0,0.0,395277960.0
2025-08-01 10:20:14 AM,40170.0,2,80340.0,395358300.0
2025-08-01 10:20:18 AM,40175.0,0,0.0,395358300.0
2025-08-01 10:20:20 AM,40175.0,2,80350.0,395438650.0
2025-08-01 10:20:24 AM,40185.0,0,0.0,395438650.0
2025-08-01 10:20:26 AM,40185.0,5,200925.0,395639575.0
2025-08-01 10:20:44 AM,40175.0,0,0.0,395639575.0
2025-08-01 10:20:44 AM,40170.0,2,80340.0,395719915.0
2025-08-01 10:20:52 AM,40180.0,1,40180.0,395760095.0
2025-08-01 10:21:13 AM,40185.0,0,0.0,395760095.0
2025-08-01 10:21:13 AM,40185.0,1,40185.0,395800280.0
2025-08-01 10:21:17 AM,40190.0,0,0.0,395800280.0
2025-08-01 10:21:18 AM,40190.0,4,160760.0,395961040.0
2025-08-01 10:21:20 AM,40195.0,2,80390.0,396041430.0
2025-08-01 10:21:25 AM,40200.0,0,0.0,396041430.0
2025-08-01 10:21:29 AM,40200.0,25,1005000.0,397046430.0
2025-08-01 10:21:40 AM,40200.0,5,201000.0,397247430.0
2025-08-01 10:21:42 AM,40195.0,2,80390.0,397327820.0
2025-08-01 10:21:44 AM,40200.0,0,0.0,397327820.0
2025-08-01 10:21:46 AM,40200.0,13,522600.0,397850420.0
2025-08-01 10:21:54 AM,40200.0,5,201000.0,398051420.0
2025-08-01 10:21:58 AM,40200.0,5,201000.0,398252420.0
2025-08-01 10:22:03 AM,40200.0,3,120600.0,398373020.0
2025-08-01 10:22:14 AM,40200.0,1,40200.0,398413220.0
2025-08-01 10:22:16 AM,40205.0,1,40205.0,398453425.0
2025-08-01 10:22:20 AM,40200.0,0,0.0,398453425.0
2025-08-01 10:22:20 AM,40205.0,2,80410.0,398533835.0
2025-08-01 10:22:29 AM,40220.0,0,0.0,398533835.0
2025-08-01 10:22:29 AM,40220.0,5,201100.0,398734935.0
2025-08-01 10:22:43 AM,40215.0,1,40215.0,398775150.0
2025-08-01 10:22:45 AM,40210.0,1,40210.0,398815360.0
2025-08-01 10:22:48 AM,40225.0,2,80450.0,398895810.0
2025-08-01 10:22:56 AM,40200.0,0,0.0,398895810.0
2025-08-01 10:22:59 AM,40195.0,0,0.0,398895810.0
2025-08-01 10:22:59 AM,40195.0,50,2009750.0,400905560.0
2025-08-01 10:23:04 AM,40210.0,0,0.0,400905560.0
2025-08-01 10:23:05 AM,40210.0,4,160840.0,401066400.0
2025-08-01 10:23:16 AM,40195.0,0,0.0,401066400.0
2025-08-01 10:23:16 AM,40195.0,2,80390.0,401146790.0
2025-08-01 10:23:19 AM,40195.0,10,401950.0,401548740.0
2025-08-01 10:23:33 AM,40195.0,1,40195.0,401588935.0
2025-08-01 10:23:44 AM,40175.0,2,80350.0,401669285.0
2025-08-01 10:23:47 AM,40195.0,0,0.0,401669285.0
2025-08-01 10:23:48 AM,40195.0,1,40195.0,401709480.0
2025-08-01 10:23:50 AM,40195.0,1,40195.0,401749675.0
2025-08-01 10:23:58 AM,40175.0,0,0.0,401749675.0
2025-08-01 10:23:59 AM,40175.0,1,40175.0,401789850.0
2025-08-01 10:24:10 AM,40180.0,0,0.0,401789850.0
2025-08-01 10:24:10 AM,40180.0,1,40180.0,401830030.0
2025-08-01 10:24:16 AM,40175.0,1,40175.0,401870205.0
2025-08-01 10:24:45 AM,40185.0,1,40185.0,401910390.0
2025-08-01 10:24:48 AM,40185.0,1,40185.0,401950575.0
2025-08-01 10:25:17 AM,40185.0,1,40185.0,401990760.0
2025-08-01 10:25:45 AM,40185.0,2,80370.0,402071130.0
2025-08-01 10:25:58 AM,40185.0,1,40185.0,402111315.0
2025-08-01 10:26:12 AM,40180.0,0,0.0,402111315.0
2025-08-01 10:26:12 AM,40180.0,1,40180.0,402151495.0
2025-08-01 10:26:24 AM,40185.0,0,0.0,402151495.0
2025-08-01 10:26:24 AM,40185.0,3,120555.0,402272050.0
2025-08-01 10:26:30 AM,40185.0,1,40185.0,402312235.0
2025-08-01 10:26:47 AM,40180.0,0,0.0,402312235.0
2025-08-01 10:26:47 AM,40180.0,2,80360.0,402392595.0
2025-08-01 10:27:07 AM,40180.0,2,80360.0,402472955.0
2025-08-01 10:27:15 AM,40180.0,1,40180.0,402513135.0
2025-08-01 10:27:46 AM,40180.0,2,80360.0,402593495.0
2025-08-01 10:27:53 AM,40185.0,0,0.0,402593495.0
2025-08-01 10:27:54 AM,40185.0,1,40185.0,402633680.0
2025-08-01 10:28:15 AM,40185.0,1,40185.0,402673865.0
2025-08-01 10:28:19 AM,40195.0,0,0.0,402673865.0
2025-08-01 10:28:21 AM,40195.0,2,80390.0,402754255.0
2025-08-01 10:28:33 AM,40175.0,0,0.0,402754255.0
2025-08-01 10:28:34 AM,40170.0,17,682890.0,403437145.0
2025-08-01 10:28:46 AM,40160.0,2,80320.0,403517465.0
2025-08-01 10:28:48 AM,40170.0,0,0.0,403517465.0
2025-08-01 10:28:49 AM,40170.0,1,40170.0,403557635.0
2025-08-01 10:28:57 AM,40150.0,30,1204500.0,404762135.0
2025-08-01 10:29:12 AM,40160.0,0,0.0,404762135.0
2025-08-01 10:29:14 AM,40160.0,1,40160.0,404802295.0
2025-08-01 10:29:16 AM,40155.0,0,0.0,404802295.0
2025-08-01 10:29:17 AM,40155.0,1,40155.0,404842450.0
2025-08-01 10:29:22 AM,40150.0,0,0.0,404842450.0
2025-08-01 10:29:22 AM,40150.0,1,40150.0,404882600.0
2025-08-01 10:29:34 AM,40155.0,0,0.0,404882600.0
2025-08-01 10:29:35 AM,40155.0,3,120465.0,405003065.0
2025-08-01 10:29:42 AM,40175.0,0,0.0,405003065.0
2025-08-01 10:29:44 AM,40185.0,0,0.0,405003065.0
2025-08-01 10:29:44 AM,40185.0,7,281295.0,405284360.0
2025-08-01 10:30:09 AM,40205.0,2,80410.0,405364770.0
2025-08-01 10:30:15 AM,40205.0,1,40205.0,405404975.0
2025-08-01 10:30:18 AM,40210.0,1,40210.0,405445185.0
2025-08-01 10:30:34 AM,40190.0,0,0.0,405445185.0
2025-08-01 10:30:35 AM,40190.0,1,40190.0,405485375.0
2025-08-01 10:30:46 AM,40205.0,0,0.0,405485375.0
2025-08-01 10:30:46 AM,40205.0,2,80410.0,405565785.0
2025-08-01 10:30:57 AM,40190.0,1,40190.0,405605975.0
2025-08-01 10:31:07 AM,40200.0,2,80400.0,405686375.0
2025-08-01 10:31:13 AM,40200.0,2,80400.0,405766775.0
2025-08-01 10:31:21 AM,40200.0,2,80400.0,405847175.0
2025-08-01 10:31:48 AM,40215.0,0,0.0,405847175.0
2025-08-01 10:31:49 AM,40215.0,5,201075.0,406048250.0
2025-08-01 10:31:51 AM,40225.0,0,0.0,406048250.0
2025-08-01 10:31:52 AM,40225.0,4,160900.0,406209150.0
2025-08-01 10:31:54 AM,40235.0,0,0.0,406209150.0
2025-08-01 10:31:57 AM,40245.0,0,0.0,406209150.0
2025-08-01 10:31:58 AM,40245.0,5,201225.0,406410375.0
2025-08-01 10:32:05 AM,40245.0,1,40245.0,406450620.0
2025-08-01 10:32:15 AM,40255.0,0,0.0,406450620.0
2025-08-01 10:32:15 AM,40255.0,7,281785.0,406732405.0
2025-08-01 10:32:18 AM,40270.0,4,161080.0,406893485.0
2025-08-01 10:32:26 AM,40275.0,0,0.0,406893485.0
2025-08-01 10:32:28 AM,40275.0,4,161100.0,407054585.0
2025-08-01 10:32:31 AM,40275.0,100,4027500.0,411082085.0
2025-08-01 10:32:34 AM,40265.0,11,442915.0,411525000.0
2025-08-01 10:32:37 AM,40270.0,5,201350.0,411726350.0
2025-08-01 10:32:41 AM,40270.0,1,40270.0,411766620.0
2025-08-01 10:32:56 AM,40275.0,0,0.0,411766620.0
2025-08-01 10:32:58 AM,40275.0,3,120825.0,411887445.0
2025-08-01 10:33:03 AM,40275.0,1,40275.0,411927720.0
2025-08-01 10:33:06 AM,40275.0,32,1288800.0,413216520.0
2025-08-01 10:33:11 AM,40280.0,0,0.0,413216520.0
2025-08-01 10:33:11 AM,40280.0,20,805600.0,414022120.0
2025-08-01 10:33:20 AM,40300.0,1,40300.0,414062420.0
2025-08-01 10:33:22 AM,40285.0,6,241710.0,414304130.0
2025-08-01 10:33:29 AM,40300.0,0,0.0,414304130.0
2025-08-01 10:33:31 AM,40300.0,24,967200.0,415271330.0
2025-08-01 10:33:33 AM,40330.0,5,201650.0,415472980.0
2025-08-01 10:33:36 AM,40305.0,0,0.0,415472980.0
2025-08-01 10:33:37 AM,40280.0,60,2416800.0,417889780.0
2025-08-01 10:33:42 AM,40275.0,0,0.0,417889780.0
2025-08-01 10:33:42 AM,40260.0,0,0.0,417889780.0
2025-08-01 10:33:42 AM,40275.0,60,2416500.0,420306280.0
2025-08-01 10:33:44 AM,40280.0,10,402800.0,420709080.0
2025-08-01 10:33:46 AM,40275.0,0,0.0,420709080.0
2025-08-01 10:33:48 AM,40275.0,5,201375.0,420910455.0
2025-08-01 10:33:50 AM,40280.0,0,0.0,420910455.0
2025-08-01 10:33:50 AM,40285.0,22,886270.0,421796725.0
2025-08-01 10:33:53 AM,40305.0,1,40305.0,421837030.0
2025-08-01 10:34:05 AM,40305.0,10,403050.0,422240080.0
2025-08-01 10:34:13 AM,40305.0,1,40305.0,422280385.0
2025-08-01 10:34:15 AM,40300.0,0,0.0,422280385.0
2025-08-01 10:34:17 AM,40300.0,10,403000.0,422683385.0
2025-08-01 10:34:18 AM,40305.0,0,0.0,422683385.0
2025-08-01 10:34:18 AM,40305.0,34,1370370.0,424053755.0
2025-08-01 10:34:27 AM,40330.0,0,0.0,424053755.0
2025-08-01 10:34:28 AM,40330.0,1,40330.0,424094085.0
2025-08-01 10:34:33 AM,40335.0,0,0.0,424094085.0
2025-08-01 10:34:33 AM,40335.0,1,40335.0,424134420.0
2025-08-01 10:34:35 AM,40350.0,29,1170150.0,425304570.0
2025-08-01 10:34:41 AM,40350.0,2,80700.0,425385270.0
2025-08-01 10:34:44 AM,40375.0,42,1695750.0,427081020.0
2025-08-01 10:34:50 AM,40355.0,12,484260.0,427565280.0
2025-08-01 10:34:54 AM,40375.0,0,0.0,427565280.0
2025-08-01 10:34:56 AM,40365.0,0,0.0,427565280.0
2025-08-01 10:34:56 AM,40365.0,65,2623725.0,430189005.0
2025-08-01 10:35:02 AM,40335.0,0,0.0,430189005.0
2025-08-01 10:35:02 AM,40335.0,20,806700.0,430995705.0
2025-08-01 10:35:07 AM,40350.0,4,161400.0,431157105.0
2025-08-01 10:35:09 AM,40330.0,0,0.0,431157105.0
2025-08-01 10:35:10 AM,40335.0,0,0.0,431157105.0
2025-08-01 10:35:10 AM,40335.0,3,121005.0,431278110.0
2025-08-01 10:35:13 AM,40335.0,1,40335.0,431318445.0
2025-08-01 10:35:21 AM,40335.0,1,40335.0,431358780.0
2025-08-01 10:35:24 AM,40335.0,1,40335.0,431399115.0
2025-08-01 10:35:26 AM,40330.0,11,443630.0,431842745.0
2025-08-01 10:35:30 AM,40310.0,0,0.0,431842745.0
2025-08-01 10:35:30 AM,40310.0,13,524030.0,432366775.0
2025-08-01 10:35:32 AM,40350.0,0,0.0,432366775.0
2025-08-01 10:35:32 AM,40350.0,245,9885750.0,442252525.0
2025-08-01 10:35:36 AM,40355.0,1,40355.0,442292880.0
2025-08-01 10:35:41 AM,40360.0,0,0.0,442292880.0
2025-08-01 10:35:41 AM,40370.0,6,242220.0,442535100.0
2025-08-01 10:35:44 AM,40360.0,0,0.0,442535100.0
2025-08-01 10:35:44 AM,40360.0,10,403600.0,442938700.0
2025-08-01 10:35:49 AM,40355.0,1,40355.0,442979055.0
2025-08-01 10:35:50 AM,40335.0,0,0.0,442979055.0
2025-08-01 10:35:51 AM,40355.0,0,0.0,442979055.0
2025-08-01 10:35:53 AM,40355.0,20,807100.0,443786155.0
2025-08-01 10:36:00 AM,40355.0,2,80710.0,443866865.0
2025-08-01 10:36:02 AM,40330.0,0,0.0,443866865.0
2025-08-01 10:36:03 AM,40350.0,24,968400.0,444835265.0
2025-08-01 10:36:11 AM,40350.0,4,161400.0,444996665.0
2025-08-01 10:36:13 AM,40355.0,0,0.0,444996665.0
2025-08-01 10:36:15 AM,40355.0,33,1331715.0,446328380.0
2025-08-01 10:36:16 AM,40330.0,0,0.0,446328380.0
2025-08-01 10:36:17 AM,40355.0,3,121065.0,446449445.0
2025-08-01 10:36:20 AM,40360.0,0,0.0,446449445.0
2025-08-01 10:36:20 AM,40360.0,11,443960.0,446893405.0
2025-08-01 10:36:23 AM,40370.0,0,0.0,446893405.0
2025-08-01 10:36:23 AM,40370.0,4,161480.0,447054885.0
2025-08-01 10:36:28 AM,40370.0,52,2099240.0,449154125.0
2025-08-01 10:36:31 AM,40375.0,0,0.0,449154125.0
2025-08-01 10:36:31 AM,40375.0,11,444125.0,449598250.0
2025-08-01 10:36:34 AM,40375.0,1,40375.0,449638625.0
2025-08-01 10:36:35 AM,40370.0,0,0.0,449638625.0
2025-08-01 10:36:37 AM,40370.0,2,80740.0,449719365.0
2025-08-01 10:36:40 AM,40390.0,0,0.0,449719365.0
2025-08-01 10:36:42 AM,40390.0,51,2059890.0,451779255.0
2025-08-01 10:36:46 AM,40350.0,0,0.0,451779255.0
2025-08-01 10:36:48 AM,40375.0,0,0.0,451779255.0
2025-08-01 10:36:48 AM,40375.0,7,282625.0,452061880.0
2025-08-01 10:36:51 AM,40380.0,0,0.0,452061880.0
2025-08-01 10:36:53 AM,40385.0,5,201925.0,452263805.0
2025-08-01 10:36:57 AM,40355.0,0,0.0,452263805.0
2025-08-01 10:36:58 AM,40350.0,0,0.0,452263805.0
2025-08-01 10:36:59 AM,40350.0,51,2057850.0,454321655.0
2025-08-01 10:37:00 AM,40355.0,0,0.0,454321655.0
2025-08-01 10:37:00 AM,40355.0,5,201775.0,454523430.0
2025-08-01 10:37:01 AM,40380.0,0,0.0,454523430.0
2025-08-01 10:37:03 AM,40355.0,0,0.0,454523430.0
2025-08-01 10:37:04 AM,40355.0,14,564970.0,455088400.0
2025-08-01 10:37:10 AM,40380.0,0,0.0,455088400.0
2025-08-01 10:37:10 AM,40380.0,2,80760.0,455169160.0
2025-08-01 10:37:13 AM,40390.0,0,0.0,455169160.0
2025-08-01 10:37:15 AM,40390.0,2,80780.0,455249940.0
2025-08-01 10:37:16 AM,40385.0,0,0.0,455249940.0
2025-08-01 10:37:17 AM,40385.0,1,40385.0,455290325.0
2025-08-01 10:37:21 AM,40435.0,227,9178745.0,464469070.0
2025-08-01 10:37:23 AM,40435.0,7,283045.0,464752115.0
2025-08-01 10:37:24 AM,40440.0,0,0.0,464752115.0
2025-08-01 10:37:25 AM,40425.0,0,0.0,464752115.0
2025-08-01 10:37:26 AM,40425.0,61,2465925.0,467218040.0
2025-08-01 10:37:28 AM,40450.0,0,0.0,467218040.0
2025-08-01 10:37:29 AM,40450.0,5,202250.0,467420290.0
2025-08-01 10:37:32 AM,40450.0,10,404500.0,467824790.0
2025-08-01 10:37:36 AM,40445.0,0,0.0,467824790.0
2025-08-01 10:37:37 AM,40445.0,1,40445.0,467865235.0
2025-08-01 10:37:40 AM,40455.0,0,0.0,467865235.0
2025-08-01 10:37:40 AM,40455.0,1,40455.0,467905690.0
2025-08-01 10:37:43 AM,40455.0,24,970920.0,468876610.0
2025-08-01 10:37:45 AM,40440.0,0,0.0,468876610.0
2025-08-01 10:37:46 AM,40440.0,13,525720.0,469402330.0
2025-08-01 10:37:47 AM,40445.0,0,0.0,469402330.0
2025-08-01 10:37:48 AM,40445.0,5,202225.0,469604555.0
2025-08-01 10:37:51 AM,40415.0,0,0.0,469604555.0
2025-08-01 10:37:51 AM,40415.0,53,2141995.0,471746550.0
2025-08-01 10:37:54 AM,40425.0,0,0.0,471746550.0
2025-08-01 10:37:54 AM,40425.0,2,80850.0,471827400.0
2025-08-01 10:37:57 AM,40425.0,3,121275.0,471948675.0
2025-08-01 10:38:00 AM,40435.0,0,0.0,471948675.0
2025-08-01 10:38:00 AM,40435.0,10,404350.0,472353025.0
2025-08-01 10:38:01 AM,40435.0,3,121305.0,472474330.0
2025-08-01 10:38:02 AM,40430.0,2,80860.0,472555190.0
2025-08-01 10:38:04 AM,40440.0,1,40440.0,472595630.0
2025-08-01 10:38:06 AM,40450.0,2,80900.0,472676530.0
2025-08-01 10:38:07 AM,40440.0,0,0.0,472676530.0
2025-08-01 10:38:07 AM,40440.0,1,40440.0,472716970.0
2025-08-01 10:38:08 AM,40435.0,1,40435.0,472757405.0
2025-08-01 10:38:10 AM,40450.0,0,0.0,472757405.0
2025-08-01 10:38:10 AM,40450.0,1,40450.0,472797855.0
2025-08-01 10:38:11 AM,40450.0,2,80900.0,472878755.0
2025-08-01 10:38:13 AM,40455.0,0,0.0,472878755.0
2025-08-01 10:38:13 AM,40455.0,2,80910.0,472959665.0
2025-08-01 10:38:18 AM,40450.0,0,0.0,472959665.0
2025-08-01 10:38:18 AM,40450.0,1,40450.0,473000115.0
2025-08-01 10:38:20 AM,40445.0,0,0.0,473000115.0
2025-08-01 10:38:20 AM,40445.0,12,485340.0,473485455.0
2025-08-01 10:38:21 AM,40445.0,4,161780.0,473647235.0
2025-08-01 10:38:22 AM,40445.0,1,40445.0,473687680.0
2025-08-01 10:38:23 AM,40445.0,1,40445.0,473728125.0
2025-08-01 10:38:26 AM,40445.0,5,202225.0,473930350.0
2025-08-01 10:38:28 AM,40445.0,1,40445.0,473970795.0
2025-08-01 10:38:29 AM,40445.0,3,121335.0,474092130.0
2025-08-01 10:38:30 AM,40440.0,0,0.0,474092130.0
2025-08-01 10:38:30 AM,40440.0,6,242640.0,474334770.0
2025-08-01 10:38:30 AM,40440.0,2,80880.0,474415650.0
2025-08-01 10:38:33 AM,40440.0,3,121320.0,474536970.0
2025-08-01 10:38:35 AM,40430.0,0,0.0,474536970.0
2025-08-01 10:38:35 AM,40430.0,18,727740.0,475264710.0
2025-08-01 10:38:38 AM,40435.0,0,0.0,475264710.0
2025-08-01 10:38:38 AM,40435.0,1,40435.0,475305145.0
2025-08-01 10:38:39 AM,40425.0,0,0.0,475305145.0
2025-08-01 10:38:39 AM,40425.0,6,242550.0,475547695.0
2025-08-01 10:38:40 AM,40440.0,0,0.0,475547695.0
2025-08-01 10:38:40 AM,40440.0,29,1172760.0,476720455.0
2025-08-01 10:38:41 AM,40440.0,3,121320.0,476841775.0
2025-08-01 10:38:42 AM,40425.0,0,0.0,476841775.0
2025-08-01 10:38:42 AM,40440.0,9,363960.0,477205735.0
2025-08-01 10:38:50 AM,40425.0,31,1253175.0,478458910.0
2025-08-01 10:38:51 AM,40430.0,0,0.0,478458910.0
2025-08-01 10:38:51 AM,40425.0,0,0.0,478458910.0
2025-08-01 10:38:51 AM,40425.0,4,161700.0,478620610.0
2025-08-01 10:38:51 AM,40430.0,1,40430.0,478661040.0
2025-08-01 10:38:52 AM,40430.0,3,121290.0,478782330.0
2025-08-01 10:38:58 AM,40430.0,25,1010750.0,479793080.0
2025-08-01 10:39:02 AM,40440.0,1,40440.0,479833520.0
2025-08-01 10:39:02 AM,40445.0,0,0.0,479833520.0
2025-08-01 10:39:03 AM,40455.0,0,0.0,479833520.0
2025-08-01 10:39:04 AM,40430.0,6,242580.0,480076100.0
2025-08-01 10:39:06 AM,40435.0,0,0.0,480076100.0
2025-08-01 10:39:07 AM,40435.0,1,40435.0,480116535.0
2025-08-01 10:39:10 AM,40450.0,25,1011250.0,481127785.0
2025-08-01 10:39:13 AM,40450.0,4,161800.0,481289585.0
2025-08-01 10:39:16 AM,40455.0,5,202275.0,481491860.0
2025-08-01 10:39:18 AM,40450.0,0,0.0,481491860.0
2025-08-01 10:39:19 AM,40450.0,1,40450.0,481532310.0
2025-08-01 10:39:21 AM,40450.0,5,202250.0,481734560.0
2025-08-01 10:39:23 AM,40455.0,0,0.0,481734560.0
2025-08-01 10:39:24 AM,40455.0,1,40455.0,481775015.0
2025-08-01 10:39:27 AM,40455.0,6,242730.0,482017745.0
2025-08-01 10:39:32 AM,40430.0,0,0.0,482017745.0
2025-08-01 10:39:33 AM,40445.0,0,0.0,482017745.0
2025-08-01 10:39:33 AM,40445.0,24,970680.0,482988425.0
2025-08-01 10:39:35 AM,40430.0,0,0.0,482988425.0
2025-08-01 10:39:35 AM,40430.0,14,566020.0,483554445.0
2025-08-01 10:39:38 AM,40425.0,0,0.0,483554445.0
2025-08-01 10:39:38 AM,40425.0,17,687225.0,484241670.0
2025-08-01 10:39:41 AM,40440.0,3,121320.0,484362990.0
2025-08-01 10:39:44 AM,40440.0,1,40440.0,484403430.0
2025-08-01 10:39:49 AM,40425.0,13,525525.0,484928955.0
2025-08-01 10:39:51 AM,40430.0,0,0.0,484928955.0
2025-08-01 10:39:55 AM,40430.0,6,242580.0,485171535.0
2025-08-01 10:40:03 AM,40430.0,6,242580.0,485414115.0
2025-08-01 10:40:11 AM,40440.0,0,0.0,485414115.0
2025-08-01 10:40:11 AM,40440.0,8,323520.0,485737635.0
2025-08-01 10:40:14 AM,40430.0,3,121290.0,485858925.0
2025-08-01 10:40:17 AM,40425.0,0,0.0,485858925.0
2025-08-01 10:40:17 AM,40425.0,26,1051050.0,486909975.0
2025-08-01 10:40:21 AM,40435.0,0,0.0,486909975.0
2025-08-01 10:40:22 AM,40440.0,5,202200.0,487112175.0
2025-08-01 10:40:30 AM,40440.0,2,80880.0,487193055.0
2025-08-01 10:40:31 AM,40445.0,0,0.0,487193055.0
2025-08-01 10:40:33 AM,40450.0,0,0.0,487193055.0
2025-08-01 10:40:36 AM,40430.0,9,363870.0,487556925.0
2025-08-01 10:40:42 AM,40425.0,10,404250.0,487961175.0
2025-08-01 10:40:45 AM,40425.0,2,80850.0,488042025.0
2025-08-01 10:40:49 AM,40430.0,0,0.0,488042025.0
2025-08-01 10:40:50 AM,40470.0,0,0.0,488042025.0
2025-08-01 10:40:50 AM,40460.0,135,5462100.0,493504125.0
2025-08-01 10:40:51 AM,40475.0,0,0.0,493504125.0
2025-08-01 10:40:53 AM,40475.0,5,202375.0,493706500.0
2025-08-01 10:40:56 AM,40465.0,10,404650.0,494111150.0
2025-08-01 10:40:58 AM,40480.0,0,0.0,494111150.0
2025-08-01 10:40:58 AM,40480.0,3,121440.0,494232590.0
2025-08-01 10:41:01 AM,40475.0,0,0.0,494232590.0
2025-08-01 10:41:01 AM,40475.0,3,121425.0,494354015.0
2025-08-01 10:41:02 AM,40455.0,0,0.0,494354015.0
2025-08-01 10:41:03 AM,40475.0,0,0.0,494354015.0
2025-08-01 10:41:03 AM,40475.0,13,526175.0,494880190.0
2025-08-01 10:41:06 AM,40455.0,0,0.0,494880190.0
2025-08-01 10:41:07 AM,40455.0,10,404550.0,495284740.0
2025-08-01 10:41:09 AM,40455.0,6,242730.0,495527470.0
2025-08-01 10:41:13 AM,40460.0,4,161840.0,495689310.0
2025-08-01 10:41:15 AM,40460.0,1,40460.0,495729770.0
2025-08-01 10:41:24 AM,40460.0,5,202300.0,495932070.0
2025-08-01 10:41:26 AM,40460.0,1,40460.0,495972530.0
2025-08-01 10:41:30 AM,40445.0,3,121335.0,496093865.0
2025-08-01 10:41:31 AM,40460.0,0,0.0,496093865.0
2025-08-01 10:41:31 AM,40460.0,2,80920.0,496174785.0
2025-08-01 10:41:35 AM,40445.0,0,0.0,496174785.0
2025-08-01 10:41:36 AM,40445.0,5,202225.0,496377010.0
2025-08-01 10:41:39 AM,40450.0,0,0.0,496377010.0
2025-08-01 10:41:41 AM,40450.0,30,1213500.0,497590510.0
2025-08-01 10:41:43 AM,40460.0,3,121380.0,497711890.0
2025-08-01 10:41:45 AM,40445.0,0,0.0,497711890.0
2025-08-01 10:41:47 AM,40445.0,5,202225.0,497914115.0
2025-08-01 10:41:47 AM,40450.0,0,0.0,497914115.0
2025-08-01 10:41:48 AM,40450.0,5,202250.0,498116365.0
2025-08-01 10:41:51 AM,40460.0,0,0.0,498116365.0
2025-08-01 10:41:52 AM,40460.0,3,121380.0,498237745.0
2025-08-01 10:41:53 AM,40460.0,2,80920.0,498318665.0
2025-08-01 10:41:57 AM,40460.0,12,485520.0,498804185.0
2025-08-01 10:41:59 AM,40460.0,5,202300.0,499006485.0
2025-08-01 10:42:02 AM,40480.0,7,283360.0,499289845.0
2025-08-01 10:42:08 AM,40480.0,1,40480.0,499330325.0
2025-08-01 10:42:14 AM,40455.0,14,566370.0,499896695.0
2025-08-01 10:42:21 AM,40475.0,0,0.0,499896695.0
2025-08-01 10:42:21 AM,40475.0,5,202375.0,500099070.0
2025-08-01 10:42:23 AM,40460.0,0,0.0,500099070.0
2025-08-01 10:42:25 AM,40460.0,3,121380.0,500220450.0
2025-08-01 10:42:29 AM,40475.0,0,0.0,500220450.0
2025-08-01 10:42:30 AM,40475.0,4,161900.0,500382350.0
2025-08-01 10:42:32 AM,40475.0,5,202375.0,500584725.0
2025-08-01 10:42:36 AM,40475.0,2,80950.0,500665675.0
2025-08-01 10:42:41 AM,40470.0,0,0.0,500665675.0
2025-08-01 10:42:41 AM,40470.0,3,121410.0,500787085.0
2025-08-01 10:42:44 AM,40470.0,1,40470.0,500827555.0
2025-08-01 10:42:47 AM,40475.0,0,0.0,500827555.0
2025-08-01 10:42:47 AM,40475.0,4,161900.0,500989455.0
2025-08-01 10:42:49 AM,40480.0,15,607200.0,501596655.0
2025-08-01 10:42:56 AM,40470.0,0,0.0,501596655.0
2025-08-01 10:42:58 AM,40440.0,99,4003560.0,505600215.0
2025-08-01 10:43:00 AM,40470.0,0,0.0,505600215.0
2025-08-01 10:43:00 AM,40470.0,1,40470.0,505640685.0
2025-08-01 10:43:02 AM,40465.0,0,0.0,505640685.0
2025-08-01 10:43:02 AM,40470.0,0,0.0,505640685.0
2025-08-01 10:43:04 AM,40465.0,8,323720.0,505964405.0
2025-08-01 10:43:11 AM,40465.0,2,80930.0,506045335.0
2025-08-01 10:43:15 AM,40465.0,3,121395.0,506166730.0
2025-08-01 10:43:18 AM,40460.0,0,0.0,506166730.0
2025-08-01 10:43:20 AM,40460.0,1,40460.0,506207190.0
2025-08-01 10:43:22 AM,40460.0,5,202300.0,506409490.0
2025-08-01 10:43:24 AM,40455.0,0,0.0,506409490.0
2025-08-01 10:43:25 AM,40455.0,6,242730.0,506652220.0
2025-08-01 10:43:28 AM,40450.0,1,40450.0,506692670.0
2025-08-01 10:43:30 AM,40445.0,0,0.0,506692670.0
2025-08-01 10:43:31 AM,40450.0,3,121350.0,506814020.0
2025-08-01 10:43:33 AM,40450.0,4,161800.0,506975820.0
2025-08-01 10:43:38 AM,40445.0,0,0.0,506975820.0
2025-08-01 10:43:41 AM,40450.0,5,202250.0,507178070.0
2025-08-01 10:43:44 AM,40455.0,0,0.0,507178070.0
2025-08-01 10:43:44 AM,40455.0,2,80910.0,507258980.0
2025-08-01 10:43:46 AM,40465.0,0,0.0,507258980.0
2025-08-01 10:43:47 AM,40465.0,1,40465.0,507299445.0
2025-08-01 10:43:52 AM,40465.0,3,121395.0,507420840.0
2025-08-01 10:43:52 AM,40470.0,0,0.0,507420840.0
2025-08-01 10:43:54 AM,40470.0,2,80940.0,507501780.0
2025-08-01 10:43:59 AM,40470.0,1,40470.0,507542250.0
2025-08-01 10:44:02 AM,40470.0,3,121410.0,507663660.0
2025-08-01 10:44:04 AM,40470.0,2,80940.0,507744600.0
2025-08-01 10:44:08 AM,40450.0,0,0.0,507744600.0
2025-08-01 10:44:09 AM,40450.0,3,121350.0,507865950.0
2025-08-01 10:44:12 AM,40470.0,0,0.0,507865950.0
2025-08-01 10:44:13 AM,40470.0,4,161880.0,508027830.0
2025-08-01 10:44:15 AM,40470.0,1,40470.0,508068300.0
2025-08-01 10:44:20 AM,40475.0,0,0.0,508068300.0
2025-08-01 10:44:21 AM,40475.0,5,202375.0,508270675.0
2025-08-01 10:44:22 AM,40480.0,0,0.0,508270675.0
2025-08-01 10:44:24 AM,40480.0,5,202400.0,508473075.0
2025-08-01 10:44:31 AM,40480.0,5,202400.0,508675475.0
2025-08-01 10:44:34 AM,40475.0,0,0.0,508675475.0
2025-08-01 10:44:34 AM,40475.0,1,40475.0,508715950.0
2025-08-01 10:44:35 AM,40480.0,0,0.0,508715950.0
2025-08-01 10:44:37 AM,40480.0,3,121440.0,508837390.0
2025-08-01 10:44:40 AM,40480.0,1,40480.0,508877870.0
2025-08-01 10:44:41 AM,40475.0,0,0.0,508877870.0
2025-08-01 10:44:42 AM,40480.0,0,0.0,508877870.0
2025-08-01 10:44:42 AM,40480.0,2,80960.0,508958830.0
2025-08-01 10:44:45 AM,40480.0,3,121440.0,509080270.0
2025-08-01 10:44:46 AM,40465.0,0,0.0,509080270.0
2025-08-01 10:44:48 AM,40465.0,2,80930.0,509161200.0
2025-08-01 10:44:51 AM,40480.0,3,121440.0,509282640.0
2025-08-01 10:44:53 AM,40460.0,0,0.0,509282640.0
2025-08-01 10:44:53 AM,40460.0,16,647360.0,509930000.0
2025-08-01 10:44:56 AM,40480.0,1,40480.0,509970480.0
2025-08-01 10:45:04 AM,40480.0,2,80960.0,510051440.0
2025-08-01 10:45:06 AM,40460.0,0,0.0,510051440.0
2025-08-01 10:45:07 AM,40460.0,3,121380.0,510172820.0
2025-08-01 10:45:10 AM,40475.0,1,40475.0,510213295.0
2025-08-01 10:45:12 AM,40475.0,2,80950.0,510294245.0
2025-08-01 10:45:17 AM,40465.0,0,0.0,510294245.0
2025-08-01 10:45:18 AM,40465.0,1,40465.0,510334710.0
2025-08-01 10:45:19 AM,40510.0,0,0.0,510334710.0
2025-08-01 10:45:21 AM,40520.0,0,0.0,510334710.0
2025-08-01 10:45:21 AM,40520.0,358,14506160.0,524840870.0
2025-08-01 10:45:23 AM,40530.0,0,0.0,524840870.0
2025-08-01 10:45:23 AM,40530.0,43,1742790.0,526583660.0
2025-08-01 10:45:24 AM,40515.0,0,0.0,526583660.0
2025-08-01 10:45:26 AM,40500.0,24,972000.0,527555660.0
2025-08-01 10:45:34 AM,40500.0,3,121500.0,527677160.0
2025-08-01 10:45:37 AM,40505.0,0,0.0,527677160.0
2025-08-01 10:45:37 AM,40500.0,18,729000.0,528406160.0
2025-08-01 10:45:39 AM,40485.0,3,121455.0,528527615.0
2025-08-01 10:45:42 AM,40515.0,0,0.0,528527615.0
2025-08-01 10:45:42 AM,40515.0,1,40515.0,528568130.0
2025-08-01 10:45:45 AM,40495.0,0,0.0,528568130.0
2025-08-01 10:45:45 AM,40495.0,21,850395.0,529418525.0
2025-08-01 10:45:47 AM,40520.0,0,0.0,529418525.0
2025-08-01 10:45:47 AM,40520.0,10,405200.0,529823725.0
2025-08-01 10:45:52 AM,40530.0,0,0.0,529823725.0
2025-08-01 10:45:53 AM,40530.0,2,81060.0,529904785.0
2025-08-01 10:45:56 AM,40510.0,20,810200.0,530714985.0
2025-08-01 10:46:00 AM,40485.0,0,0.0,530714985.0
2025-08-01 10:46:01 AM,40485.0,10,404850.0,531119835.0
2025-08-01 10:46:02 AM,40515.0,0,0.0,531119835.0
2025-08-01 10:46:03 AM,40520.0,0,0.0,531119835.0
2025-08-01 10:46:03 AM,40520.0,9,364680.0,531484515.0
2025-08-01 10:46:07 AM,40520.0,3,121560.0,531606075.0
2025-08-01 10:46:09 AM,40475.0,53,2145175.0,533751250.0
2025-08-01 10:46:13 AM,40495.0,0,0.0,533751250.0
2025-08-01 10:46:13 AM,40495.0,7,283465.0,534034715.0
2025-08-01 10:46:17 AM,40475.0,0,0.0,534034715.0
2025-08-01 10:46:19 AM,40510.0,25,1012750.0,535047465.0
2025-08-01 10:46:20 AM,40505.0,0,0.0,535047465.0
2025-08-01 10:46:21 AM,40505.0,1,40505.0,535087970.0
2025-08-01 10:46:25 AM,40495.0,2,80990.0,535168960.0
2025-08-01 10:46:31 AM,40475.0,0,0.0,535168960.0
2025-08-01 10:46:32 AM,40480.0,0,0.0,535168960.0
2025-08-01 10:46:32 AM,40480.0,7,283360.0,535452320.0
2025-08-01 10:46:34 AM,40460.0,0,0.0,535452320.0
2025-08-01 10:46:36 AM,40460.0,17,687820.0,536140140.0
2025-08-01 10:46:41 AM,40460.0,2,80920.0,536221060.0
2025-08-01 10:46:46 AM,40450.0,0,0.0,536221060.0
2025-08-01 10:46:47 AM,40450.0,9,364050.0,536585110.0
2025-08-01 10:46:48 AM,40460.0,1,40460.0,536625570.0
2025-08-01 10:46:51 AM,40440.0,0,0.0,536625570.0
2025-08-01 10:46:52 AM,40465.0,26,1052090.0,537677660.0
2025-08-01 10:47:03 AM,40465.0,3,121395.0,537799055.0
2025-08-01 10:47:08 AM,40475.0,9,364275.0,538163330.0
2025-08-01 10:47:13 AM,40470.0,0,0.0,538163330.0
2025-08-01 10:47:14 AM,40470.0,2,80940.0,538244270.0
2025-08-01 10:47:15 AM,40475.0,1,40475.0,538284745.0
2025-08-01 10:47:20 AM,40460.0,0,0.0,538284745.0
2025-08-01 10:47:21 AM,40460.0,8,323680.0,538608425.0
2025-08-01 10:47:24 AM,40460.0,1,40460.0,538648885.0
2025-08-01 10:47:26 AM,40450.0,0,0.0,538648885.0
2025-08-01 10:47:26 AM,40450.0,4,161800.0,538810685.0
2025-08-01 10:47:30 AM,40470.0,0,0.0,538810685.0
2025-08-01 10:47:30 AM,40470.0,1,40470.0,538851155.0
2025-08-01 10:47:32 AM,40470.0,4,161880.0,539013035.0
2025-08-01 10:47:33 AM,40495.0,0,0.0,539013035.0
2025-08-01 10:47:35 AM,40495.0,3,121485.0,539134520.0
2025-08-01 10:47:43 AM,40495.0,1,40495.0,539175015.0
2025-08-01 10:47:44 AM,40500.0,0,0.0,539175015.0
2025-08-01 10:47:45 AM,40495.0,0,0.0,539175015.0
2025-08-01 10:47:46 AM,40495.0,7,283465.0,539458480.0
2025-08-01 10:47:48 AM,40490.0,4,161960.0,539620440.0
2025-08-01 10:47:54 AM,40475.0,15,607125.0,540227565.0
2025-08-01 10:48:02 AM,40490.0,0,0.0,540227565.0
2025-08-01 10:48:02 AM,40500.0,3,121500.0,540349065.0
2025-08-01 10:48:13 AM,40500.0,2,81000.0,540430065.0
2025-08-01 10:48:15 AM,40505.0,0,0.0,540430065.0
2025-08-01 10:48:15 AM,40505.0,6,243030.0,540673095.0
2025-08-01 10:48:21 AM,40490.0,3,121470.0,540794565.0
2025-08-01 10:48:23 AM,40505.0,0,0.0,540794565.0
2025-08-01 10:48:24 AM,40505.0,1,40505.0,540835070.0
2025-08-01 10:48:27 AM,40490.0,0,0.0,540835070.0
2025-08-01 10:48:29 AM,40490.0,1,40490.0,540875560.0
2025-08-01 10:48:31 AM,40500.0,0,0.0,540875560.0
2025-08-01 10:48:31 AM,40500.0,31,1255500.0,542131060.0
2025-08-01 10:48:32 AM,40505.0,0,0.0,542131060.0
2025-08-01 10:48:35 AM,40505.0,10,405050.0,542536110.0
2025-08-01 10:48:37 AM,40480.0,17,688160.0,543224270.0
2025-08-01 10:48:41 AM,40505.0,0,0.0,543224270.0
2025-08-01 10:48:46 AM,40480.0,0,0.0,543224270.0
2025-08-01 10:48:46 AM,40480.0,4,161920.0,543386190.0
2025-08-01 10:48:53 AM,40480.0,6,242880.0,543629070.0
2025-08-01 10:48:54 AM,40485.0,0,0.0,543629070.0
2025-08-01 10:48:57 AM,40485.0,3,121455.0,543750525.0
2025-08-01 10:49:04 AM,40485.0,2,80970.0,543831495.0
2025-08-01 10:49:07 AM,40465.0,0,0.0,543831495.0
2025-08-01 10:49:08 AM,40465.0,2,80930.0,543912425.0
2025-08-01 10:49:09 AM,40460.0,0,0.0,543912425.0
2025-08-01 10:49:09 AM,40460.0,12,485520.0,544397945.0
2025-08-01 10:49:13 AM,40475.0,0,0.0,544397945.0
2025-08-01 10:49:13 AM,40475.0,2,80950.0,544478895.0
2025-08-01 10:49:23 AM,40480.0,0,0.0,544478895.0
2025-08-01 10:49:24 AM,40480.0,1,40480.0,544519375.0
2025-08-01 10:49:35 AM,40480.0,3,121440.0,544640815.0
2025-08-01 10:49:40 AM,40460.0,1,40460.0,544681275.0
2025-08-01 10:49:42 AM,40480.0,0,0.0,544681275.0
2025-08-01 10:49:43 AM,40455.0,0,0.0,544681275.0
2025-08-01 10:49:45 AM,40455.0,12,485460.0,545166735.0
2025-08-01 10:49:46 AM,40450.0,0,0.0,545166735.0
2025-08-01 10:49:46 AM,40450.0,4,161800.0,545328535.0
2025-08-01 10:49:49 AM,40475.0,0,0.0,545328535.0
2025-08-01 10:49:51 AM,40475.0,1,40475.0,545369010.0
2025-08-01 10:49:56 AM,40475.0,2,80950.0,545449960.0
2025-08-01 10:49:58 AM,40440.0,0,0.0,545449960.0
2025-08-01 10:50:01 AM,40440.0,10,404400.0,545854360.0
2025-08-01 10:50:02 AM,40460.0,2,80920.0,545935280.0
2025-08-01 10:50:12 AM,40445.0,3,121335.0,546056615.0
2025-08-01 10:50:18 AM,40460.0,0,0.0,546056615.0
2025-08-01 10:50:18 AM,40460.0,1,40460.0,546097075.0
2025-08-01 10:50:23 AM,40455.0,0,0.0,546097075.0
2025-08-01 10:50:24 AM,40455.0,1,40455.0,546137530.0
2025-08-01 10:50:31 AM,40440.0,0,0.0,546137530.0
2025-08-01 10:50:33 AM,40450.0,0,0.0,546137530.0
2025-08-01 10:50:35 AM,40450.0,7,283150.0,546420680.0
2025-08-01 10:50:37 AM,40455.0,0,0.0,546420680.0
2025-08-01 10:50:41 AM,40455.0,1,40455.0,546461135.0
2025-08-01 10:50:43 AM,40460.0,0,0.0,546461135.0
2025-08-01 10:50:46 AM,40460.0,3,121380.0,546582515.0
2025-08-01 10:50:49 AM,40415.0,0,0.0,546582515.0
2025-08-01 10:50:52 AM,40420.0,41,1657220.0,548239735.0
2025-08-01 10:51:00 AM,40425.0,0,0.0,548239735.0
2025-08-01 10:51:02 AM,40405.0,0,0.0,548239735.0
2025-08-01 10:51:02 AM,40425.0,0,0.0,548239735.0
2025-08-01 10:51:04 AM,40425.0,10,404250.0,548643985.0
2025-08-01 10:51:05 AM,40390.0,0,0.0,548643985.0
2025-08-01 10:51:09 AM,40400.0,64,2585600.0,551229585.0
2025-08-01 10:51:12 AM,40420.0,0,0.0,551229585.0
2025-08-01 10:51:14 AM,40400.0,0,0.0,551229585.0
2025-08-01 10:51:15 AM,40400.0,4,161600.0,551391185.0
2025-08-01 10:51:22 AM,40420.0,0,0.0,551391185.0
2025-08-01 10:51:24 AM,40400.0,0,0.0,551391185.0
2025-08-01 10:51:25 AM,40400.0,6,242400.0,551633585.0
2025-08-01 10:51:25 AM,40405.0,1,40405.0,551673990.0
2025-08-01 10:51:31 AM,40405.0,1,40405.0,551714395.0
2025-08-01 10:51:32 AM,40425.0,0,0.0,551714395.0
2025-08-01 10:51:34 AM,40430.0,0,0.0,551714395.0
2025-08-01 10:51:37 AM,40430.0,4,161720.0,551876115.0
2025-08-01 10:51:37 AM,40405.0,1,40405.0,551916520.0
2025-08-01 10:51:42 AM,40415.0,0,0.0,551916520.0
2025-08-01 10:51:42 AM,40430.0,0,0.0,551916520.0
2025-08-01 10:51:42 AM,40430.0,3,121290.0,552037810.0
2025-08-01 10:51:46 AM,40405.0,0,0.0,552037810.0
2025-08-01 10:51:48 AM,40405.0,5,202025.0,552239835.0
2025-08-01 10:51:52 AM,40430.0,0,0.0,552239835.0
2025-08-01 10:51:53 AM,40430.0,3,121290.0,552361125.0
2025-08-01 10:51:54 AM,40440.0,0,0.0,552361125.0
2025-08-01 10:51:58 AM,40440.0,32,1294080.0,553655205.0
2025-08-01 10:52:09 AM,40440.0,2,80880.0,553736085.0
2025-08-01 10:52:12 AM,40450.0,0,0.0,553736085.0
2025-08-01 10:52:14 AM,40450.0,2,80900.0,553816985.0
2025-08-01 10:52:20 AM,40450.0,7,283150.0,554100135.0
2025-08-01 10:52:20 AM,40450.0,5,202250.0,554302385.0
2025-08-01 10:52:22 AM,40445.0,0,0.0,554302385.0
2025-08-01 10:52:25 AM,40445.0,2,80890.0,554383275.0
2025-08-01 10:52:26 AM,40440.0,0,0.0,554383275.0
2025-08-01 10:52:26 AM,40440.0,6,242640.0,554625915.0
2025-08-01 10:52:32 AM,40445.0,0,0.0,554625915.0
2025-08-01 10:52:36 AM,40435.0,0,0.0,554625915.0
2025-08-01 10:52:36 AM,40435.0,7,283045.0,554908960.0
2025-08-01 10:52:41 AM,40435.0,2,80870.0,554989830.0
2025-08-01 10:52:42 AM,40440.0,0,0.0,554989830.0
2025-08-01 10:52:42 AM,40440.0,5,202200.0,555192030.0
2025-08-01 10:52:48 AM,40445.0,0,0.0,555192030.0
2025-08-01 10:52:52 AM,40445.0,1,40445.0,555232475.0
2025-08-01 10:52:52 AM,40455.0,0,0.0,555232475.0
2025-08-01 10:52:53 AM,40455.0,2,80910.0,555313385.0
2025-08-01 10:53:02 AM,40455.0,2,80910.0,555394295.0
2025-08-01 10:53:07 AM,40455.0,1,40455.0,555434750.0
2025-08-01 10:53:09 AM,40455.0,1,40455.0,555475205.0
2025-08-01 10:53:13 AM,40455.0,2,80910.0,555556115.0
2025-08-01 10:53:18 AM,40455.0,3,121365.0,555677480.0
2025-08-01 10:53:24 AM,40455.0,1,40455.0,555717935.0
2025-08-01 10:53:30 AM,40455.0,5,202275.0,555920210.0
2025-08-01 10:53:34 AM,40455.0,4,161820.0,556082030.0
2025-08-01 10:53:35 AM,40455.0,1,40455.0,556122485.0
2025-08-01 10:53:50 AM,40455.0,1,40455.0,556162940.0
2025-08-01 10:53:54 AM,40460.0,0,0.0,556162940.0
2025-08-01 10:53:56 AM,40460.0,29,1173340.0,557336280.0
2025-08-01 10:54:02 AM,40455.0,0,0.0,557336280.0
2025-08-01 10:54:06 AM,40455.0,4,161820.0,557498100.0
2025-08-01 10:54:08 AM,40445.0,0,0.0,557498100.0
2025-08-01 10:54:10 AM,40455.0,0,0.0,557498100.0
2025-08-01 10:54:12 AM,40455.0,10,404550.0,557902650.0
2025-08-01 10:54:12 AM,40450.0,0,0.0,557902650.0
2025-08-01 10:54:13 AM,40450.0,2,80900.0,557983550.0
2025-08-01 10:54:16 AM,40435.0,0,0.0,557983550.0
2025-08-01 10:54:17 AM,40435.0,7,283045.0,558266595.0
2025-08-01 10:54:18 AM,40435.0,2,80870.0,558347465.0
2025-08-01 10:54:22 AM,40435.0,1,40435.0,558387900.0
2025-08-01 10:54:32 AM,40450.0,0,0.0,558387900.0
2025-08-01 10:54:33 AM,40450.0,4,161800.0,558549700.0
2025-08-01 10:54:44 AM,40450.0,3,121350.0,558671050.0
2025-08-01 10:54:49 AM,40450.0,2,80900.0,558751950.0
2025-08-01 10:54:52 AM,40435.0,0,0.0,558751950.0
2025-08-01 10:54:52 AM,40450.0,0,0.0,558751950.0
2025-08-01 10:54:54 AM,40450.0,3,121350.0,558873300.0
2025-08-01 10:55:00 AM,40450.0,3,121350.0,558994650.0
2025-08-01 10:55:10 AM,40450.0,2,80900.0,559075550.0
2025-08-01 10:55:14 AM,40430.0,0,0.0,559075550.0
2025-08-01 10:55:15 AM,40430.0,9,363870.0,559439420.0
2025-08-01 10:55:18 AM,40420.0,0,0.0,559439420.0
2025-08-01 10:55:20 AM,40420.0,2,80840.0,559520260.0
2025-08-01 10:55:24 AM,40415.0,0,0.0,559520260.0
2025-08-01 10:55:26 AM,40395.0,0,0.0,559520260.0
2025-08-01 10:55:26 AM,40400.0,42,1696800.0,561217060.0
2025-08-01 10:55:28 AM,40390.0,0,0.0,561217060.0
2025-08-01 10:55:32 AM,40390.0,26,1050140.0,562267200.0
2025-08-01 10:55:34 AM,40365.0,0,0.0,562267200.0
2025-08-01 10:55:36 AM,40385.0,0,0.0,562267200.0
2025-08-01 10:55:38 AM,40385.0,53,2140405.0,564407605.0
2025-08-01 10:55:43 AM,40365.0,8,322920.0,564730525.0
2025-08-01 10:55:44 AM,40380.0,2,80760.0,564811285.0
2025-08-01 10:55:58 AM,40380.0,20,807600.0,565618885.0
2025-08-01 10:56:05 AM,40380.0,7,282660.0,565901545.0
2025-08-01 10:56:08 AM,40390.0,0,0.0,565901545.0
2025-08-01 10:56:09 AM,40390.0,1,40390.0,565941935.0
2025-08-01 10:56:10 AM,40395.0,2,80790.0,566022725.0
2025-08-01 10:56:14 AM,40385.0,0,0.0,566022725.0
2025-08-01 10:56:14 AM,40385.0,1,40385.0,566063110.0
2025-08-01 10:56:24 AM,40395.0,0,0.0,566063110.0
2025-08-01 10:56:24 AM,40400.0,0,0.0,566063110.0
2025-08-01 10:56:25 AM,40400.0,3,121200.0,566184310.0
2025-08-01 10:56:26 AM,40400.0,5,202000.0,566386310.0
2025-08-01 10:56:31 AM,40400.0,1,40400.0,566426710.0
2025-08-01 10:56:32 AM,40385.0,0,0.0,566426710.0
2025-08-01 10:56:35 AM,40385.0,1,40385.0,566467095.0
2025-08-01 10:56:50 AM,40395.0,0,0.0,566467095.0
2025-08-01 10:56:51 AM,40395.0,1,40395.0,566507490.0
2025-08-01 10:56:56 AM,40375.0,159,6419625.0,572927115.0
2025-08-01 10:57:14 AM,40355.0,0,0.0,572927115.0
2025-08-01 10:57:16 AM,40350.0,0,0.0,572927115.0
2025-08-01 10:57:17 AM,40350.0,21,847350.0,573774465.0
2025-08-01 10:57:18 AM,40370.0,0,0.0,573774465.0
2025-08-01 10:57:18 AM,40370.0,1,40370.0,573814835.0
2025-08-01 10:57:20 AM,40375.0,0,0.0,573814835.0
2025-08-01 10:57:20 AM,40370.0,0,0.0,573814835.0
2025-08-01 10:57:22 AM,40355.0,0,0.0,573814835.0
2025-08-01 10:57:22 AM,40355.0,20,807100.0,574621935.0
2025-08-01 10:57:29 AM,40385.0,12,484620.0,575106555.0
2025-08-01 10:57:38 AM,40380.0,0,0.0,575106555.0
2025-08-01 10:57:38 AM,40400.0,0,0.0,575106555.0
2025-08-01 10:57:39 AM,40400.0,8,323200.0,575429755.0
2025-08-01 10:57:44 AM,40400.0,1,40400.0,575470155.0
2025-08-01 10:57:48 AM,40385.0,0,0.0,575470155.0
2025-08-01 10:57:49 AM,40385.0,3,121155.0,575591310.0
2025-08-01 10:57:55 AM,40400.0,2,80800.0,575672110.0
2025-08-01 10:58:06 AM,40385.0,0,0.0,575672110.0
2025-08-01 10:58:06 AM,40385.0,5,201925.0,575874035.0
2025-08-01 10:58:08 AM,40400.0,0,0.0,575874035.0
2025-08-01 10:58:10 AM,40390.0,0,0.0,575874035.0
2025-08-01 10:58:10 AM,40390.0,8,323120.0,576197155.0
2025-08-01 10:58:16 AM,40400.0,0,0.0,576197155.0
2025-08-01 10:58:16 AM,40400.0,6,242400.0,576439555.0
2025-08-01 10:58:26 AM,40415.0,0,0.0,576439555.0
2025-08-01 10:58:27 AM,40415.0,20,808300.0,577247855.0
2025-08-01 10:58:28 AM,40375.0,0,0.0,577247855.0
2025-08-01 10:58:32 AM,40375.0,31,1251625.0,578499480.0
2025-08-01 10:58:42 AM,40410.0,0,0.0,578499480.0
2025-08-01 10:58:43 AM,40410.0,2,80820.0,578580300.0
2025-08-01 10:58:52 AM,40400.0,0,0.0,578580300.0
2025-08-01 10:58:54 AM,40400.0,2,80800.0,578661100.0
2025-08-01 10:59:00 AM,40400.0,1,40400.0,578701500.0
2025-08-01 10:59:10 AM,40400.0,2,80800.0,578782300.0
2025-08-01 10:59:12 AM,40415.0,0,0.0,578782300.0
2025-08-01 10:59:15 AM,40415.0,12,484980.0,579267280.0
2025-08-01 10:59:20 AM,40395.0,2,80790.0,579348070.0
2025-08-01 10:59:30 AM,40415.0,1,40415.0,579388485.0
2025-08-01 10:59:51 AM,40405.0,2,80810.0,579469295.0
2025-08-01 11:00:00 AM,40420.0,0,0.0,579469295.0
2025-08-01 11:00:02 AM,40420.0,1,40420.0,579509715.0
2025-08-01 11:00:09 AM,40420.0,1,40420.0,579550135.0
2025-08-01 11:00:14 AM,40420.0,6,242520.0,579792655.0
2025-08-01 11:00:31 AM,40410.0,0,0.0,579792655.0
2025-08-01 11:00:31 AM,40410.0,4,161640.0,579954295.0
2025-08-01 11:00:49 AM,40415.0,0,0.0,579954295.0
2025-08-01 11:00:53 AM,40415.0,1,40415.0,579994710.0
2025-08-01 11:01:01 AM,40410.0,0,0.0,579994710.0
2025-08-01 11:01:02 AM,40410.0,2,80820.0,580075530.0
2025-08-01 11:01:11 AM,40415.0,0,0.0,580075530.0
2025-08-01 11:01:13 AM,40415.0,3,121245.0,580196775.0
2025-08-01 11:01:19 AM,40415.0,1,40415.0,580237190.0
2025-08-01 11:01:33 AM,40405.0,0,0.0,580237190.0
2025-08-01 11:01:34 AM,40405.0,15,606075.0,580843265.0
2025-08-01 11:01:41 AM,40420.0,0,0.0,580843265.0
2025-08-01 11:01:45 AM,40400.0,0,0.0,580843265.0
2025-08-01 11:01:45 AM,40400.0,21,848400.0,581691665.0
2025-08-01 11:01:51 AM,40420.0,0,0.0,581691665.0
2025-08-01 11:01:51 AM,40420.0,2,80840.0,581772505.0
2025-08-01 11:02:03 AM,40400.0,0,0.0,581772505.0
2025-08-01 11:02:05 AM,40400.0,4,161600.0,581934105.0
2025-08-01 11:02:06 AM,40420.0,1,40420.0,581974525.0
2025-08-01 11:02:09 AM,40435.0,0,0.0,581974525.0
2025-08-01 11:02:10 AM,40435.0,32,1293920.0,583268445.0
2025-08-01 11:02:34 AM,40450.0,1,40450.0,583308895.0
2025-08-01 11:02:49 AM,40450.0,1,40450.0,583349345.0
2025-08-01 11:02:51 AM,40450.0,1,40450.0,583389795.0
2025-08-01 11:03:00 AM,40450.0,4,161800.0,583551595.0
2025-08-01 11:03:11 AM,40450.0,3,121350.0,583672945.0
2025-08-01 11:03:20 AM,40450.0,1,40450.0,583713395.0
2025-08-01 11:03:29 AM,40440.0,0,0.0,583713395.0
2025-08-01 11:03:30 AM,40440.0,1,40440.0,583753835.0
2025-08-01 11:03:39 AM,40445.0,0,0.0,583753835.0
2025-08-01 11:03:40 AM,40445.0,1,40445.0,583794280.0
2025-08-01 11:03:51 AM,40450.0,0,0.0,583794280.0
2025-08-01 11:03:52 AM,40450.0,23,930350.0,584724630.0
2025-08-01 11:04:11 AM,40460.0,0,0.0,584724630.0
2025-08-01 11:04:12 AM,40440.0,28,1132320.0,585856950.0
2025-08-01 11:04:59 AM,40450.0,0,0.0,585856950.0
2025-08-01 11:04:59 AM,40450.0,1,40450.0,585897400.0
2025-08-01 11:05:05 AM,40450.0,1,40450.0,585937850.0
2025-08-01 11:05:16 AM,40450.0,6,242700.0,586180550.0
2025-08-01 11:05:30 AM,40440.0,0,0.0,586180550.0
2025-08-01 11:05:31 AM,40440.0,30,1213200.0,587393750.0
2025-08-01 11:05:34 AM,40450.0,0,0.0,587393750.0
2025-08-01 11:05:37 AM,40450.0,1,40450.0,587434200.0
2025-08-01 11:05:47 AM,40435.0,0,0.0,587434200.0
2025-08-01 11:05:48 AM,40435.0,2,80870.0,587515070.0
2025-08-01 11:05:49 AM,40435.0,5,202175.0,587717245.0
2025-08-01 11:05:51 AM,40450.0,0,0.0,587717245.0
2025-08-01 11:05:53 AM,40450.0,1,40450.0,587757695.0
2025-08-01 11:06:14 AM,40450.0,1,40450.0,587798145.0
2025-08-01 11:06:19 AM,40440.0,0,0.0,587798145.0
2025-08-01 11:06:21 AM,40440.0,1,40440.0,587838585.0
2025-08-01 11:06:21 AM,40435.0,0,0.0,587838585.0
2025-08-01 11:06:26 AM,40435.0,1,40435.0,587879020.0
2025-08-01 11:06:46 AM,40445.0,0,0.0,587879020.0
2025-08-01 11:06:47 AM,40445.0,3,121335.0,588000355.0
2025-08-01 11:06:51 AM,40445.0,1,40445.0,588040800.0
2025-08-01 11:07:07 AM,40445.0,1,40445.0,588081245.0
2025-08-01 11:07:14 AM,40445.0,1,40445.0,588121690.0
2025-08-01 11:07:23 AM,40445.0,1,40445.0,588162135.0
2025-08-01 11:07:25 AM,40450.0,0,0.0,588162135.0
2025-08-01 11:07:27 AM,40430.0,0,0.0,588162135.0
2025-08-01 11:07:29 AM,40430.0,9,363870.0,588526005.0
2025-08-01 11:07:50 AM,40430.0,2,80860.0,588606865.0
2025-08-01 11:08:08 AM,40430.0,1,40430.0,588647295.0
2025-08-01 11:08:27 AM,40430.0,1,40430.0,588687725.0
2025-08-01 11:08:45 AM,40425.0,0,0.0,588687725.0
2025-08-01 11:08:45 AM,40425.0,3,121275.0,588809000.0
2025-08-01 11:08:49 AM,40420.0,0,0.0,588809000.0
2025-08-01 11:08:50 AM,40420.0,14,565880.0,589374880.0
2025-08-01 11:08:58 AM,40405.0,0,0.0,589374880.0
2025-08-01 11:08:59 AM,40405.0,11,444455.0,589819335.0
2025-08-01 11:09:05 AM,40400.0,1,40400.0,589859735.0
2025-08-01 11:09:14 AM,40415.0,51,2061165.0,591920900.0
2025-08-01 11:09:16 AM,40430.0,0,0.0,591920900.0
2025-08-01 11:09:17 AM,40430.0,3500,141505000.0,733425900.0
2025-08-01 11:09:30 AM,40405.0,1,40405.0,733466305.0
2025-08-01 11:09:38 AM,40400.0,1,40400.0,733506705.0
2025-08-01 11:09:40 AM,40415.0,0,0.0,733506705.0
2025-08-01 11:09:40 AM,40415.0,1,40415.0,733547120.0
2025-08-01 11:09:44 AM,40430.0,150,6064500.0,739611620.0
2025-08-01 11:09:50 AM,40400.0,0,0.0,739611620.0
2025-08-01 11:09:51 AM,40400.0,18,727200.0,740338820.0
2025-08-01 11:10:01 AM,40440.0,377,15245880.0,755584700.0
2025-08-01 11:10:05 AM,40435.0,2,80870.0,755665570.0
2025-08-01 11:10:24 AM,40400.0,0,0.0,755665570.0
2025-08-01 11:10:26 AM,40400.0,162,6544800.0,762210370.0
2025-08-01 11:10:48 AM,40400.0,4,161600.0,762371970.0
2025-08-01 11:11:04 AM,40425.0,0,0.0,762371970.0
2025-08-01 11:11:05 AM,40425.0,3,121275.0,762493245.0
2025-08-01 11:11:06 AM,40425.0,1,40425.0,762533670.0
2025-08-01 11:11:16 AM,40405.0,0,0.0,762533670.0
2025-08-01 11:11:16 AM,40405.0,3,121215.0,762654885.0
2025-08-01 11:11:18 AM,40410.0,0,0.0,762654885.0
2025-08-01 11:11:21 AM,40410.0,1,40410.0,762695295.0
2025-08-01 11:11:33 AM,40405.0,1,40405.0,762735700.0
2025-08-01 11:11:43 AM,40405.0,3,121215.0,762856915.0
2025-08-01 11:12:08 AM,40430.0,0,0.0,762856915.0
2025-08-01 11:12:09 AM,40430.0,2,80860.0,762937775.0
2025-08-01 11:12:10 AM,40430.0,1,40430.0,762978205.0
2025-08-01 11:12:14 AM,40415.0,0,0.0,762978205.0
2025-08-01 11:12:16 AM,40415.0,1,40415.0,763018620.0
2025-08-01 11:12:16 AM,40435.0,0,0.0,763018620.0
2025-08-01 11:12:20 AM,40435.0,1,40435.0,763059055.0
2025-08-01 11:12:22 AM,40430.0,0,0.0,763059055.0
2025-08-01 11:12:26 AM,40430.0,1,40430.0,763099485.0
2025-08-01 11:12:30 AM,40435.0,0,0.0,763099485.0
2025-08-01 11:12:31 AM,40435.0,1,40435.0,763139920.0
2025-08-01 11:12:37 AM,40425.0,5,202125.0,763342045.0
2025-08-01 11:13:13 AM,40430.0,6,242580.0,763584625.0
2025-08-01 11:13:16 AM,40405.0,0,0.0,763584625.0
2025-08-01 11:13:19 AM,40405.0,1,40405.0,763625030.0
2025-08-01 11:13:24 AM,40430.0,3,121290.0,763746320.0
2025-08-01 11:13:34 AM,40405.0,0,0.0,763746320.0
2025-08-01 11:13:35 AM,40405.0,1,40405.0,763786725.0
2025-08-01 11:13:43 AM,40410.0,2,80820.0,763867545.0
2025-08-01 11:13:46 AM,40420.0,1,40420.0,763907965.0
2025-08-01 11:13:57 AM,40380.0,182,7349160.0,771257125.0
2025-08-01 11:13:57 AM,40395.0,0,0.0,771257125.0
2025-08-01 11:13:58 AM,40395.0,1,40395.0,771297520.0
2025-08-01 11:14:01 AM,40380.0,0,0.0,771297520.0
2025-08-01 11:14:02 AM,40380.0,1,40380.0,771337900.0
2025-08-01 11:14:04 AM,40380.0,21,847980.0,772185880.0
2025-08-01 11:14:11 AM,40390.0,0,0.0,772185880.0
2025-08-01 11:14:13 AM,40390.0,10,403900.0,772589780.0
2025-08-01 11:14:17 AM,40370.0,0,0.0,772589780.0
2025-08-01 11:14:19 AM,40370.0,9,363330.0,772953110.0
2025-08-01 11:14:39 AM,40365.0,0,0.0,772953110.0
2025-08-01 11:14:40 AM,40365.0,2,80730.0,773033840.0
2025-08-01 11:14:55 AM,40380.0,0,0.0,773033840.0
2025-08-01 11:14:56 AM,40380.0,1,40380.0,773074220.0
2025-08-01 11:14:59 AM,40370.0,0,0.0,773074220.0
2025-08-01 11:15:02 AM,40365.0,20,807300.0,773881520.0
2025-08-01 11:15:05 AM,40360.0,0,0.0,773881520.0
2025-08-01 11:15:07 AM,40360.0,1,40360.0,773921880.0
2025-08-01 11:15:18 AM,40360.0,3,121080.0,774042960.0
2025-08-01 11:15:27 AM,40350.0,0,0.0,774042960.0
2025-08-01 11:15:28 AM,40350.0,7,282450.0,774325410.0
2025-08-01 11:15:44 AM,40355.0,1,40355.0,774365765.0
2025-08-01 11:15:51 AM,40375.0,0,0.0,774365765.0
2025-08-01 11:15:54 AM,40375.0,2,80750.0,774446515.0
2025-08-01 11:16:00 AM,40350.0,8,322800.0,774769315.0
2025-08-01 11:16:31 AM,40410.0,0,0.0,774769315.0
2025-08-01 11:16:31 AM,40410.0,34,1373940.0,776143255.0
2025-08-01 11:18:02 AM,40395.0,0,0.0,776143255.0
2025-08-01 11:18:03 AM,40395.0,1,40395.0,776183650.0
2025-08-01 11:18:17 AM,40385.0,0,0.0,776183650.0
2025-08-01 11:18:18 AM,40385.0,1,40385.0,776224035.0
2025-08-01 11:19:15 AM,40385.0,1,40385.0,776264420.0
2025-08-01 11:20:29 AM,40380.0,0,0.0,776264420.0
2025-08-01 11:20:30 AM,40380.0,1,40380.0,776304800.0
2025-08-01 11:20:40 AM,40380.0,2,80760.0,776385560.0
2025-08-01 11:20:59 AM,40385.0,0,0.0,776385560.0
2025-08-01 11:21:01 AM,40385.0,5,201925.0,776587485.0
2025-08-01 11:21:12 AM,40395.0,1,40395.0,776627880.0
2025-08-01 11:21:28 AM,40395.0,1,40395.0,776668275.0
2025-08-01 11:21:48 AM,40405.0,0,0.0,776668275.0
2025-08-01 11:21:49 AM,40405.0,1,40405.0,776708680.0
2025-08-01 11:21:59 AM,40405.0,1,40405.0,776749085.0
2025-08-01 11:22:03 AM,40405.0,2,80810.0,776829895.0
2025-08-01 11:22:16 AM,40420.0,0,0.0,776829895.0
2025-08-01 11:22:20 AM,40420.0,5,202100.0,777031995.0
2025-08-01 11:22:26 AM,40405.0,0,0.0,777031995.0
2025-08-01 11:22:30 AM,40405.0,3,121215.0,777153210.0
2025-08-01 11:22:41 AM,40420.0,0,0.0,777153210.0
2025-08-01 11:22:41 AM,40420.0,2,80840.0,777234050.0
2025-08-01 11:23:07 AM,40405.0,0,0.0,777234050.0
2025-08-01 11:23:07 AM,40405.0,2,80810.0,777314860.0
2025-08-01 11:23:53 AM,40400.0,0,0.0,777314860.0
2025-08-01 11:23:53 AM,40400.0,2,80800.0,777395660.0
2025-08-01 11:23:53 AM,40405.0,1,40405.0,777436065.0
2025-08-01 11:24:31 AM,40420.0,0,0.0,777436065.0
2025-08-01 11:24:35 AM,40420.0,1,40420.0,777476485.0
2025-08-01 11:25:04 AM,40400.0,0,0.0,777476485.0
2025-08-01 11:25:07 AM,40400.0,46,1858400.0,779334885.0
2025-08-01 11:25:32 AM,40370.0,0,0.0,779334885.0
2025-08-01 11:25:33 AM,40370.0,117,4723290.0,784058175.0
2025-08-01 11:25:44 AM,40380.0,1,40380.0,784098555.0
2025-08-01 11:26:15 AM,40380.0,1,40380.0,784138935.0
2025-08-01 11:26:18 AM,40390.0,0,0.0,784138935.0
2025-08-01 11:26:19 AM,40390.0,2,80780.0,784219715.0
2025-08-01 11:26:51 AM,40410.0,11,444510.0,784664225.0
2025-08-01 11:27:10 AM,40395.0,0,0.0,784664225.0
2025-08-01 11:27:11 AM,40395.0,3,121185.0,784785410.0
2025-08-01 11:27:34 AM,40400.0,0,0.0,784785410.0
2025-08-01 11:27:36 AM,40400.0,10,404000.0,785189410.0
2025-08-01 11:27:41 AM,40405.0,0,0.0,785189410.0
2025-08-01 11:27:42 AM,40405.0,1,40405.0,785229815.0
2025-08-01 11:27:44 AM,40400.0,0,0.0,785229815.0
2025-08-01 11:27:46 AM,40400.0,6,242400.0,785472215.0
2025-08-01 11:28:09 AM,40405.0,0,0.0,785472215.0
2025-08-01 11:28:12 AM,40405.0,1,40405.0,785512620.0
2025-08-01 11:28:16 AM,40400.0,0,0.0,785512620.0
2025-08-01 11:28:20 AM,40375.0,0,0.0,785512620.0
2025-08-01 11:28:22 AM,40375.0,68,2745500.0,788258120.0
2025-08-01 11:28:28 AM,40370.0,0,0.0,788258120.0
2025-08-01 11:28:29 AM,40370.0,25,1009250.0,789267370.0
2025-08-01 11:28:33 AM,40370.0,8,322960.0,789590330.0
2025-08-01 11:28:40 AM,40365.0,1,40365.0,789630695.0
2025-08-01 11:28:58 AM,40370.0,83,3350710.0,792981405.0
2025-08-01 11:29:08 AM,40390.0,0,0.0,792981405.0
2025-08-01 11:29:10 AM,40390.0,4,161560.0,793142965.0
2025-08-01 11:29:11 AM,40400.0,0,0.0,793142965.0
2025-08-01 11:29:13 AM,40400.0,2,80800.0,793223765.0
2025-08-01 11:29:14 AM,40450.0,0,0.0,793223765.0
2025-08-01 11:29:15 AM,40440.0,0,0.0,793223765.0
2025-08-01 11:29:16 AM,40440.0,144,5823360.0,799047125.0
2025-08-01 11:29:18 AM,40415.0,0,0.0,799047125.0
2025-08-01 11:29:19 AM,40415.0,23,929545.0,799976670.0
2025-08-01 11:29:22 AM,40450.0,12,485400.0,800462070.0
2025-08-01 11:29:26 AM,40425.0,0,0.0,800462070.0
2025-08-01 11:29:32 AM,40425.0,4,161700.0,800623770.0
2025-08-01 11:29:38 AM,40445.0,0,0.0,800623770.0
2025-08-01 11:29:40 AM,40445.0,2,80890.0,800704660.0
2025-08-01 11:29:45 AM,40445.0,2,80890.0,800785550.0
2025-08-01 11:29:51 AM,40450.0,0,0.0,800785550.0
2025-08-01 11:29:52 AM,40450.0,6,242700.0,801028250.0
2025-08-01 11:29:53 AM,40465.0,0,0.0,801028250.0
2025-08-01 11:29:55 AM,40465.0,75,3034875.0,804063125.0
2025-08-01 11:29:59 AM,40470.0,0,0.0,804063125.0
2025-08-01 11:30:00 AM,40470.0,66,2671020.0,806734145.0
2025-08-01 11:30:02 AM,40460.0,0,0.0,806734145.0
2025-08-01 11:30:02 AM,40460.0,3,121380.0,806855525.0
2025-08-01 11:30:04 AM,40475.0,0,0.0,806855525.0
2025-08-01 11:30:06 AM,40475.0,5,202375.0,807057900.0
2025-08-01 11:30:09 AM,40480.0,0,0.0,807057900.0
2025-08-01 11:30:11 AM,40480.0,1,40480.0,807098380.0
2025-08-01 11:30:13 AM,40480.0,8,323840.0,807422220.0
2025-08-01 11:30:23 AM,40510.0,0,0.0,807422220.0
2025-08-01 11:30:23 AM,40500.0,0,0.0,807422220.0
2025-08-01 11:30:23 AM,40500.0,241,9760500.0,817182720.0
2025-08-01 11:30:25 AM,40490.0,0,0.0,817182720.0
2025-08-01 11:30:27 AM,40500.0,19,769500.0,817952220.0
2025-08-01 11:30:32 AM,40490.0,1,40490.0,817992710.0
2025-08-01 11:30:39 AM,40475.0,16,647600.0,818640310.0
2025-08-01 11:30:44 AM,40475.0,2,80950.0,818721260.0
2025-08-01 11:30:50 AM,40475.0,3,121425.0,818842685.0
