date,price,qty,trnvr,cum_trnvr
2025-08-01 09:15:05 AM,327.55,21010,6881825.5,6881825.5
2025-08-01 09:15:05 AM,327.5,0,0.0,6881825.5
2025-08-01 09:15:07 AM,327.35,4262,1395165.7000000002,8276991.2
2025-08-01 09:15:14 AM,326.7,0,0.0,8276991.2
2025-08-01 09:15:15 AM,326.85,0,0.0,8276991.2
2025-08-01 09:15:17 AM,326.95,8040,2628678.0,10905669.2
2025-08-01 09:15:19 AM,326.85,1787,584080.9500000001,11489750.149999999
2025-08-01 09:15:23 AM,327.45,0,0.0,11489750.149999999
2025-08-01 09:15:25 AM,327.0,0,0.0,11489750.149999999
2025-08-01 09:15:27 AM,327.05,8876,2902895.8000000003,14392645.95
2025-08-01 09:15:28 AM,327.2,1323,432885.6,14825531.549999999
2025-08-01 09:15:30 AM,327.1,0,0.0,14825531.549999999
2025-08-01 09:15:34 AM,326.85,0,0.0,14825531.549999999
2025-08-01 09:15:35 AM,326.85,9471,3095596.35,17921127.9
2025-08-01 09:15:37 AM,326.75,891,291134.25,18212262.15
2025-08-01 09:15:38 AM,326.85,0,0.0,18212262.15
2025-08-01 09:15:43 AM,326.7,0,0.0,18212262.15
2025-08-01 09:15:44 AM,326.7,1301,425036.7,18637298.849999998
2025-08-01 09:15:45 AM,326.85,252,82366.20000000001,18719665.049999997
2025-08-01 09:15:47 AM,326.65,0,0.0,18719665.049999997
2025-08-01 09:15:50 AM,326.85,0,0.0,18719665.049999997
2025-08-01 09:15:52 AM,326.85,721,235658.85,18955323.9
2025-08-01 09:15:54 AM,326.85,2005,655334.25,19610658.15
2025-08-01 09:16:00 AM,326.5,628,205042.0,19815700.15
2025-08-01 09:16:02 AM,326.55,1800,587790.0,20403490.15
2025-08-01 09:16:04 AM,326.25,0,0.0,20403490.15
2025-08-01 09:16:08 AM,326.4,1836,599270.3999999999,21002760.549999997
2025-08-01 09:16:08 AM,326.15,0,0.0,21002760.549999997
2025-08-01 09:16:10 AM,326.3,1613,526321.9,21529082.449999996
2025-08-01 09:16:12 AM,326.0,0,0.0,21529082.449999996
2025-08-01 09:16:16 AM,326.0,5239,1707914.0,23236996.449999996
2025-08-01 09:16:18 AM,326.0,1011,329586.0,23566582.449999996
2025-08-01 09:16:22 AM,325.85,0,0.0,23566582.449999996
2025-08-01 09:16:25 AM,325.85,289,94170.65000000001,23660753.099999994
2025-08-01 09:16:26 AM,326.0,127,41402.0,23702155.099999994
2025-08-01 09:16:30 AM,325.95,0,0.0,23702155.099999994
2025-08-01 09:16:31 AM,325.9,0,0.0,23702155.099999994
2025-08-01 09:16:33 AM,325.85,5228,1703543.8,25405698.899999995
2025-08-01 09:16:34 AM,325.95,11,3585.45,25409284.349999994
2025-08-01 09:16:39 AM,325.85,0,0.0,25409284.349999994
2025-08-01 09:16:41 AM,325.85,26,8472.1,25417756.449999996
2025-08-01 09:16:42 AM,325.8,669,217960.2,25635716.649999995
2025-08-01 09:16:49 AM,325.8,346,112726.8,25748443.449999996
2025-08-01 09:16:49 AM,325.85,0,0.0,25748443.449999996
2025-08-01 09:16:51 AM,325.85,70,22809.5,25771252.949999996
2025-08-01 09:16:51 AM,325.8,0,0.0,25771252.949999996
2025-08-01 09:16:58 AM,325.65,918,298946.69999999995,26070199.649999995
2025-08-01 09:16:59 AM,325.5,1125,366187.5,26436387.149999995
2025-08-01 09:16:59 AM,325.65,0,0.0,26436387.149999995
2025-08-01 09:17:01 AM,325.7,0,0.0,26436387.149999995
2025-08-01 09:17:06 AM,325.45,2540,826643.0,27263030.149999995
2025-08-01 09:17:07 AM,325.7,228,74259.59999999999,27337289.749999996
2025-08-01 09:17:10 AM,325.5,0,0.0,27337289.749999996
2025-08-01 09:17:14 AM,325.7,8386,2731320.1999999997,30068609.949999996
2025-08-01 09:17:15 AM,325.9,100,32589.999999999996,30101199.949999996
2025-08-01 09:17:17 AM,325.65,0,0.0,30101199.949999996
2025-08-01 09:17:19 AM,325.95,0,0.0,30101199.949999996
2025-08-01 09:17:22 AM,326.1,6972,2273569.2,32374769.149999995
2025-08-01 09:17:23 AM,326.25,65,21206.25,32395975.399999995
2025-08-01 09:17:25 AM,326.4,0,0.0,32395975.399999995
2025-08-01 09:17:27 AM,326.25,0,0.0,32395975.399999995
2025-08-01 09:17:30 AM,326.4,333,108691.2,32504666.599999994
2025-08-01 09:17:31 AM,326.4,3,979.1999999999999,32505645.799999993
2025-08-01 09:17:39 AM,326.45,515,168121.75,32673767.549999993
2025-08-01 09:17:42 AM,326.3,0,0.0,32673767.549999993
2025-08-01 09:17:44 AM,326.45,0,0.0,32673767.549999993
2025-08-01 09:17:47 AM,326.75,838,273816.5,32947584.049999993
2025-08-01 09:17:48 AM,326.75,10,3267.5,32950851.549999993
2025-08-01 09:17:51 AM,326.85,0,0.0,32950851.549999993
2025-08-01 09:17:53 AM,327.1,0,0.0,32950851.549999993
2025-08-01 09:17:55 AM,326.85,2793,912892.05,33863743.599999994
2025-08-01 09:17:56 AM,327.05,6,1962.3000000000002,33865705.89999999
2025-08-01 09:17:59 AM,326.9,0,0.0,33865705.89999999
2025-08-01 09:18:02 AM,327.1,0,0.0,33865705.89999999
2025-08-01 09:18:04 AM,327.1,3175,1038542.5000000001,34904248.39999999
2025-08-01 09:18:05 AM,327.05,7,2289.35,34906537.74999999
2025-08-01 09:18:07 AM,327.0,0,0.0,34906537.74999999
2025-08-01 09:18:12 AM,327.1,2807,918169.7000000001,35824707.449999996
2025-08-01 09:18:13 AM,327.0,9,2943.0,35827650.449999996
2025-08-01 09:18:15 AM,327.15,0,0.0,35827650.449999996
2025-08-01 09:18:17 AM,327.1,0,0.0,35827650.449999996
2025-08-01 09:18:20 AM,327.4,1222,400082.8,36227733.24999999
2025-08-01 09:18:22 AM,327.35,2,654.7,36228387.949999996
2025-08-01 09:18:23 AM,327.2,0,0.0,36228387.949999996
2025-08-01 09:18:25 AM,327.4,0,0.0,36228387.949999996
2025-08-01 09:18:28 AM,327.15,2131,697156.6499999999,36925544.599999994
2025-08-01 09:18:30 AM,326.95,2936,959925.2,37885469.8
2025-08-01 09:18:33 AM,326.75,0,0.0,37885469.8
2025-08-01 09:18:37 AM,326.9,1035,338341.5,38223811.3
2025-08-01 09:18:38 AM,326.9,33,10787.699999999999,38234599.0
2025-08-01 09:18:39 AM,327.05,0,0.0,38234599.0
2025-08-01 09:18:45 AM,327.0,831,271737.0,38506336.0
2025-08-01 09:18:46 AM,327.05,50,16352.5,38522688.5
2025-08-01 09:18:47 AM,327.0,0,0.0,38522688.5
2025-08-01 09:18:49 AM,327.05,0,0.0,38522688.5
2025-08-01 09:18:53 AM,327.05,4462,1459297.1,39981985.6
2025-08-01 09:18:54 AM,327.1,9,2943.9,39984929.5
2025-08-01 09:18:55 AM,327.05,0,0.0,39984929.5
2025-08-01 09:18:57 AM,326.85,0,0.0,39984929.5
2025-08-01 09:19:01 AM,326.85,3086,1008659.1000000001,40993588.6
2025-08-01 09:19:02 AM,326.9,851,278191.89999999997,41271780.5
2025-08-01 09:19:03 AM,326.8,0,0.0,41271780.5
2025-08-01 09:19:06 AM,326.9,0,0.0,41271780.5
2025-08-01 09:19:09 AM,326.9,4753,1553755.7,42825536.2
2025-08-01 09:19:10 AM,327.2,1112,363846.39999999997,43189382.6
2025-08-01 09:19:11 AM,326.95,0,0.0,43189382.6
2025-08-01 09:19:13 AM,327.15,0,0.0,43189382.6
2025-08-01 09:19:17 AM,327.15,767,250924.05,43440306.65
2025-08-01 09:19:18 AM,327.15,27,8833.05,43449139.699999996
2025-08-01 09:19:25 AM,327.0,416,136032.0,43585171.699999996
2025-08-01 09:19:26 AM,327.15,0,0.0,43585171.699999996
2025-08-01 09:19:27 AM,327.15,202,66084.29999999999,43651255.99999999
2025-08-01 09:19:33 AM,327.1,861,281633.10000000003,43932889.099999994
2025-08-01 09:19:35 AM,327.0,362,118374.0,44051263.099999994
2025-08-01 09:19:36 AM,326.95,0,0.0,44051263.099999994
2025-08-01 09:19:41 AM,327.0,0,0.0,44051263.099999994
2025-08-01 09:19:41 AM,327.0,1756,574212.0,44625475.099999994
2025-08-01 09:19:43 AM,326.95,5,1634.75,44627109.849999994
2025-08-01 09:19:49 AM,327.0,0,0.0,44627109.849999994
2025-08-01 09:19:49 AM,327.1,348,113830.8,44740940.64999999
2025-08-01 09:19:51 AM,327.15,2,654.3,44741594.94999999
2025-08-01 09:19:57 AM,326.9,0,0.0,44741594.94999999
2025-08-01 09:19:57 AM,326.9,37,12095.3,44753690.249999985
2025-08-01 09:19:59 AM,327.0,2082,680814.0,45434504.249999985
2025-08-01 09:20:05 AM,326.5,1155,377107.5,45811611.749999985
2025-08-01 09:20:07 AM,326.7,1526,498544.2,46310155.94999999
2025-08-01 09:20:12 AM,326.35,0,0.0,46310155.94999999
2025-08-01 09:20:13 AM,326.35,2478,808695.3,47118851.249999985
2025-08-01 09:20:15 AM,326.65,103,33644.95,47152496.19999999
2025-08-01 09:20:19 AM,326.45,0,0.0,47152496.19999999
2025-08-01 09:20:21 AM,326.45,164,53537.799999999996,47206033.999999985
2025-08-01 09:20:23 AM,326.5,1,326.5,47206360.499999985
2025-08-01 09:20:29 AM,326.55,220,71841.0,47278201.499999985
2025-08-01 09:20:31 AM,326.6,1,326.6,47278528.09999999
2025-08-01 09:20:38 AM,326.6,3,979.8000000000001,47279507.89999998
2025-08-01 09:20:43 AM,326.65,0,0.0,47279507.89999998
2025-08-01 09:20:45 AM,326.6,2079,679001.4,47958509.29999998
2025-08-01 09:20:50 AM,326.7,0,0.0,47958509.29999998
2025-08-01 09:20:53 AM,326.7,304,99316.8,48057826.09999998
2025-08-01 09:20:54 AM,326.6,10,3266.0,48061092.09999998
2025-08-01 09:20:57 AM,326.65,0,0.0,48061092.09999998
2025-08-01 09:21:00 AM,326.65,807,263606.55,48324698.649999976
2025-08-01 09:21:01 AM,326.65,1,326.65,48325025.299999975
2025-08-01 09:21:04 AM,326.55,0,0.0,48325025.299999975
2025-08-01 09:21:08 AM,326.55,1244,406228.2,48731253.49999998
2025-08-01 09:21:09 AM,326.6,3227,1053938.2000000002,49785191.69999998
2025-08-01 09:21:16 AM,326.6,34,11104.400000000001,49796296.09999998
2025-08-01 09:21:18 AM,326.55,0,0.0,49796296.09999998
2025-08-01 09:21:24 AM,326.55,63,20572.65,49816868.74999998
2025-08-01 09:21:32 AM,326.55,9,2938.9500000000003,49819807.69999998
2025-08-01 09:21:32 AM,326.6,0,0.0,49819807.69999998
2025-08-01 09:21:33 AM,326.6,77,25148.2,49844955.89999998
2025-08-01 09:21:38 AM,326.65,0,0.0,49844955.89999998
2025-08-01 09:21:39 AM,326.55,3304,1078921.2,50923877.09999999
2025-08-01 09:21:40 AM,326.5,45,14692.5,50938569.59999999
2025-08-01 09:21:41 AM,326.55,0,0.0,50938569.59999999
2025-08-01 09:21:44 AM,326.45,0,0.0,50938569.59999999
2025-08-01 09:21:47 AM,326.55,248,80984.40000000001,51019553.999999985
2025-08-01 09:21:47 AM,326.3,0,0.0,51019553.999999985
2025-08-01 09:21:48 AM,326.3,729,237872.7,51257426.69999999
2025-08-01 09:21:55 AM,326.3,17,5547.1,51262973.79999999
2025-08-01 09:21:56 AM,326.3,16,5220.8,51268194.59999999
2025-08-01 09:21:57 AM,326.15,0,0.0,51268194.59999999
2025-08-01 09:22:01 AM,326.3,0,0.0,51268194.59999999
2025-08-01 09:22:02 AM,326.3,439,143245.7,51411440.29999999
2025-08-01 09:22:08 AM,326.1,0,0.0,51411440.29999999
2025-08-01 09:22:10 AM,326.25,409,133436.25,51544876.54999999
2025-08-01 09:22:11 AM,326.25,2,652.5,51545529.04999999
2025-08-01 09:22:17 AM,326.25,1663,542553.75,52088082.79999999
2025-08-01 09:22:19 AM,326.25,103,33603.75,52121686.54999999
2025-08-01 09:22:25 AM,326.15,1820,593593.0,52715279.54999999
2025-08-01 09:22:27 AM,326.15,7,2283.0499999999997,52717562.59999999
2025-08-01 09:22:33 AM,326.05,1622,528853.1,53246415.69999999
2025-08-01 09:22:33 AM,325.9,0,0.0,53246415.69999999
2025-08-01 09:22:34 AM,325.9,2462,802365.7999999999,54048781.499999985
2025-08-01 09:22:40 AM,326.0,1456,474656.0,54523437.499999985
2025-08-01 09:22:42 AM,326.05,36,11737.800000000001,54535175.29999998
2025-08-01 09:22:42 AM,326.15,0,0.0,54535175.29999998
2025-08-01 09:22:47 AM,326.45,0,0.0,54535175.29999998
2025-08-01 09:22:48 AM,326.45,5743,1874802.3499999999,56409977.64999998
2025-08-01 09:22:49 AM,326.45,105,34277.25,56444254.89999998
2025-08-01 09:22:55 AM,326.45,2,652.9,56444907.79999998
2025-08-01 09:23:03 AM,326.45,127,41459.15,56486366.94999998
2025-08-01 09:23:05 AM,326.45,502,163877.9,56650244.84999998
2025-08-01 09:23:11 AM,326.45,119,38847.549999999996,56689092.399999976
2025-08-01 09:23:12 AM,326.35,11,3589.8500000000004,56692682.24999998
2025-08-01 09:23:18 AM,326.35,805,262711.75,56955393.99999998
2025-08-01 09:23:20 AM,326.35,3,979.0500000000001,56956373.049999975
2025-08-01 09:23:21 AM,326.3,0,0.0,56956373.049999975
2025-08-01 09:23:26 AM,326.45,3066,1000895.7,57957268.74999998
2025-08-01 09:23:28 AM,326.65,191,62390.149999999994,58019658.899999976
2025-08-01 09:23:34 AM,326.65,20,6533.0,58026191.899999976
2025-08-01 09:23:35 AM,326.65,1,326.65,58026518.549999975
2025-08-01 09:23:41 AM,326.65,9,2939.85,58029458.399999976
2025-08-01 09:23:43 AM,326.65,2,653.3,58030111.69999997
2025-08-01 09:23:47 AM,326.6,0,0.0,58030111.69999997
2025-08-01 09:23:49 AM,326.6,307,100266.20000000001,58130377.899999976
2025-08-01 09:23:50 AM,326.6,4,1306.4,58131684.299999975
2025-08-01 09:23:56 AM,326.5,124,40486.0,58172170.299999975
2025-08-01 09:23:58 AM,326.6,4,1306.4,58173476.69999997
2025-08-01 09:24:04 AM,326.5,2386,779029.0,58952505.69999997
2025-08-01 09:24:06 AM,326.5,136,44404.0,58996909.69999997
2025-08-01 09:24:12 AM,326.5,1989,649408.5,59646318.19999997
2025-08-01 09:24:13 AM,326.4,0,0.0,59646318.19999997
2025-08-01 09:24:13 AM,326.4,10,3264.0,59649582.19999997
2025-08-01 09:24:19 AM,326.4,175,57119.99999999999,59706702.19999997
2025-08-01 09:24:27 AM,326.4,76,24806.399999999998,59731508.59999997
2025-08-01 09:24:29 AM,326.65,3800,1241270.0,60972778.59999997
2025-08-01 09:24:32 AM,326.55,0,0.0,60972778.59999997
2025-08-01 09:24:35 AM,326.5,252,82278.0,61055056.59999997
2025-08-01 09:24:36 AM,326.5,9,2938.5,61057995.09999997
2025-08-01 09:24:42 AM,326.5,35,11427.5,61069422.59999997
2025-08-01 09:24:43 AM,326.4,0,0.0,61069422.59999997
2025-08-01 09:24:44 AM,326.4,1200,391680.0,61461102.59999997
2025-08-01 09:24:50 AM,326.5,5,1632.5,61462735.09999997
2025-08-01 09:24:50 AM,326.35,0,0.0,61462735.09999997
2025-08-01 09:24:52 AM,326.35,300,97905.0,61560640.09999997
2025-08-01 09:24:56 AM,326.4,0,0.0,61560640.09999997
2025-08-01 09:24:57 AM,326.4,14,4569.599999999999,61565209.69999997
2025-08-01 09:24:59 AM,326.35,3,979.0500000000001,61566188.74999997
2025-08-01 09:25:03 AM,326.3,0,0.0,61566188.74999997
2025-08-01 09:25:04 AM,326.35,0,0.0,61566188.74999997
2025-08-01 09:25:04 AM,326.35,648,211474.80000000002,61777663.54999997
2025-08-01 09:25:07 AM,326.35,252,82240.20000000001,61859903.74999997
2025-08-01 09:25:10 AM,326.3,0,0.0,61859903.74999997
2025-08-01 09:25:12 AM,326.3,16,5220.8,61865124.54999997
2025-08-01 09:25:14 AM,326.2,127,41427.4,61906551.949999966
2025-08-01 09:25:20 AM,326.3,5,1631.5,61908183.449999966
2025-08-01 09:25:22 AM,326.2,19,6197.8,61914381.24999996
2025-08-01 09:25:22 AM,326.15,0,0.0,61914381.24999996
2025-08-01 09:25:27 AM,326.15,15,4892.25,61919273.49999996
2025-08-01 09:25:29 AM,326.3,598,195127.4,62114400.89999996
2025-08-01 09:25:34 AM,326.4,279,91065.59999999999,62205466.49999996
2025-08-01 09:25:35 AM,326.35,0,0.0,62205466.49999996
2025-08-01 09:25:37 AM,326.35,498,162522.30000000002,62367988.79999996
2025-08-01 09:25:41 AM,326.45,0,0.0,62367988.79999996
2025-08-01 09:25:42 AM,326.45,959,313065.55,62681054.34999996
2025-08-01 09:25:44 AM,326.55,3,979.6500000000001,62682033.999999955
2025-08-01 09:25:46 AM,326.4,0,0.0,62682033.999999955
2025-08-01 09:25:50 AM,326.4,148,48307.2,62730341.19999996
2025-08-01 09:25:51 AM,326.5,0,0.0,62730341.19999996
2025-08-01 09:25:52 AM,326.5,100,32650.0,62762991.19999996
2025-08-01 09:25:57 AM,326.5,581,189696.5,62952687.69999996
2025-08-01 09:25:59 AM,326.5,104,33956.0,62986643.69999996
2025-08-01 09:26:04 AM,326.45,0,0.0,62986643.69999996
2025-08-01 09:26:05 AM,326.45,309,100873.05,63087516.749999955
2025-08-01 09:26:07 AM,326.4,1,326.4,63087843.149999954
2025-08-01 09:26:11 AM,326.25,0,0.0,63087843.149999954
2025-08-01 09:26:12 AM,326.2,1798,586507.6,63674350.749999955
2025-08-01 09:26:14 AM,326.3,103,33608.9,63707959.649999954
2025-08-01 09:26:18 AM,326.2,0,0.0,63707959.649999954
2025-08-01 09:26:20 AM,326.2,111,36208.2,63744167.84999996
2025-08-01 09:26:22 AM,326.2,51,16636.2,63760804.04999996
2025-08-01 09:26:23 AM,326.15,0,0.0,63760804.04999996
2025-08-01 09:26:28 AM,326.15,404,131764.59999999998,63892568.64999996
2025-08-01 09:26:28 AM,326.2,0,0.0,63892568.64999996
2025-08-01 09:26:30 AM,326.2,60,19572.0,63912140.64999996
2025-08-01 09:26:36 AM,326.2,177,57737.4,63969878.04999996
2025-08-01 09:26:37 AM,326.15,35,11415.25,63981293.29999996
2025-08-01 09:26:43 AM,326.15,100,32614.999999999996,64013908.29999996
2025-08-01 09:26:45 AM,326.15,267,87082.04999999999,64100990.34999996
2025-08-01 09:26:47 AM,326.2,0,0.0,64100990.34999996
2025-08-01 09:26:51 AM,326.15,13,4239.95,64105230.29999996
2025-08-01 09:26:52 AM,326.15,291,94909.65,64200139.94999996
2025-08-01 09:26:58 AM,326.15,109,35550.35,64235690.29999996
2025-08-01 09:27:00 AM,326.25,590,192487.5,64428177.79999996
2025-08-01 09:27:01 AM,326.15,0,0.0,64428177.79999996
2025-08-01 09:27:06 AM,326.15,616,200908.4,64629086.19999996
2025-08-01 09:27:07 AM,326.15,1,326.15,64629412.34999996
2025-08-01 09:27:13 AM,326.15,87,28375.05,64657787.399999954
2025-08-01 09:27:14 AM,326.1,0,0.0,64657787.399999954
2025-08-01 09:27:14 AM,326.1,5,1630.5,64659417.899999954
2025-08-01 09:27:18 AM,326.0,0,0.0,64659417.899999954
2025-08-01 09:27:19 AM,326.05,0,0.0,64659417.899999954
2025-08-01 09:27:20 AM,326.0,5726,1866676.0,66526093.899999954
2025-08-01 09:27:22 AM,326.15,561,182970.15,66709064.04999995
2025-08-01 09:27:23 AM,326.05,0,0.0,66709064.04999995
2025-08-01 09:27:28 AM,326.05,191,62275.55,66771339.59999995
2025-08-01 09:27:29 AM,326.1,0,0.0,66771339.59999995
2025-08-01 09:27:33 AM,326.05,0,0.0,66771339.59999995
2025-08-01 09:27:35 AM,326.2,1226,399921.2,67171260.79999995
2025-08-01 09:27:37 AM,326.2,3,978.5999999999999,67172239.39999995
2025-08-01 09:27:43 AM,326.05,6,1956.3000000000002,67174195.69999994
2025-08-01 09:27:44 AM,326.0,50,16300.0,67190495.69999994
2025-08-01 09:27:48 AM,326.15,0,0.0,67190495.69999994
2025-08-01 09:27:50 AM,326.15,34,11089.099999999999,67201584.79999994
2025-08-01 09:27:52 AM,326.15,15,4892.25,67206477.04999994
2025-08-01 09:27:58 AM,326.0,626,204076.0,67410553.04999994
2025-08-01 09:28:00 AM,326.15,1,326.15,67410879.19999994
2025-08-01 09:28:06 AM,326.15,6,1956.8999999999999,67412836.09999995
2025-08-01 09:28:11 AM,325.9,0,0.0,67412836.09999995
2025-08-01 09:28:14 AM,325.95,2627,856270.65,68269106.74999996
2025-08-01 09:28:15 AM,325.95,14,4563.3,68273670.04999995
2025-08-01 09:28:18 AM,326.1,0,0.0,68273670.04999995
2025-08-01 09:28:21 AM,326.1,14,4565.400000000001,68278235.44999996
2025-08-01 09:28:22 AM,326.05,0,0.0,68278235.44999996
2025-08-01 09:28:23 AM,326.05,5,1630.25,68279865.69999996
2025-08-01 09:28:28 AM,325.9,0,0.0,68279865.69999996
2025-08-01 09:28:29 AM,325.9,45,14665.499999999998,68294531.19999996
2025-08-01 09:28:37 AM,325.95,49,15971.55,68310502.74999996
2025-08-01 09:28:39 AM,325.9,0,0.0,68310502.74999996
2025-08-01 09:28:44 AM,325.9,859,279948.1,68590450.84999995
2025-08-01 09:28:45 AM,325.8,1045,340461.0,68930911.84999995
2025-08-01 09:28:49 AM,325.55,0,0.0,68930911.84999995
2025-08-01 09:28:50 AM,325.6,0,0.0,68930911.84999995
2025-08-01 09:28:52 AM,325.6,491,159869.6,69090781.44999994
2025-08-01 09:28:53 AM,325.5,716,233058.0,69323839.44999994
2025-08-01 09:28:54 AM,325.45,0,0.0,69323839.44999994
2025-08-01 09:28:55 AM,325.55,0,0.0,69323839.44999994
2025-08-01 09:28:59 AM,325.55,1168,380242.4,69704081.84999995
2025-08-01 09:29:01 AM,325.5,199,64774.5,69768856.34999995
2025-08-01 09:29:07 AM,325.35,0,0.0,69768856.34999995
2025-08-01 09:29:07 AM,325.35,1817,591160.9500000001,70360017.29999995
2025-08-01 09:29:08 AM,325.5,0,0.0,70360017.29999995
2025-08-01 09:29:09 AM,325.5,104,33852.0,70393869.29999995
2025-08-01 09:29:15 AM,325.4,190,61825.99999999999,70455695.29999995
2025-08-01 09:29:16 AM,325.4,15,4881.0,70460576.29999995
2025-08-01 09:29:18 AM,325.5,0,0.0,70460576.29999995
2025-08-01 09:29:18 AM,325.4,0,0.0,70460576.29999995
2025-08-01 09:29:22 AM,325.35,442,143804.7,70604380.99999996
2025-08-01 09:29:23 AM,325.45,0,0.0,70604380.99999996
2025-08-01 09:29:24 AM,325.45,29,9438.05,70613819.04999995
2025-08-01 09:29:30 AM,325.45,11,3579.95,70617398.99999996
2025-08-01 09:29:37 AM,325.45,16,5207.2,70622606.19999996
2025-08-01 09:29:38 AM,325.45,25,8136.25,70630742.44999996
2025-08-01 09:29:43 AM,325.4,0,0.0,70630742.44999996
2025-08-01 09:29:45 AM,325.4,926,301320.39999999997,70932062.84999996
2025-08-01 09:29:46 AM,325.3,6,1951.8000000000002,70934014.64999996
2025-08-01 09:29:48 AM,325.35,0,0.0,70934014.64999996
2025-08-01 09:29:52 AM,325.35,6,1952.1000000000001,70935966.74999996
2025-08-01 09:29:53 AM,325.25,0,0.0,70935966.74999996
2025-08-01 09:29:58 AM,325.35,0,0.0,70935966.74999996
2025-08-01 09:30:00 AM,325.15,2889,939358.35,71875325.09999995
2025-08-01 09:30:01 AM,325.15,260,84539.0,71959864.09999995
2025-08-01 09:30:05 AM,325.3,0,0.0,71959864.09999995
2025-08-01 09:30:07 AM,325.3,134,43590.200000000004,72003454.29999995
2025-08-01 09:30:13 AM,325.25,0,0.0,72003454.29999995
2025-08-01 09:30:15 AM,325.25,178,57894.5,72061348.79999995
2025-08-01 09:30:16 AM,325.25,46,14961.5,72076310.29999995
2025-08-01 09:30:23 AM,325.1,2910,946041.0000000001,73022351.29999995
2025-08-01 09:30:23 AM,325.05,212,68910.6,73091261.89999995
2025-08-01 09:30:26 AM,325.25,0,0.0,73091261.89999995
2025-08-01 09:30:30 AM,325.1,17775,5778652.5,78869914.39999995
2025-08-01 09:30:34 AM,325.05,0,0.0,78869914.39999995
2025-08-01 09:30:37 AM,325.2,2924,950884.7999999999,79820799.19999994
2025-08-01 09:30:38 AM,325.25,1,325.25,79821124.44999994
2025-08-01 09:30:45 AM,325.1,1097,356634.7,80177759.14999995
2025-08-01 09:30:48 AM,325.2,0,0.0,80177759.14999995
2025-08-01 09:30:52 AM,325.1,1431,465218.10000000003,80642977.24999994
2025-08-01 09:30:54 AM,325.25,0,0.0,80642977.24999994
2025-08-01 09:30:59 AM,325.2,329,106990.8,80749968.04999994
2025-08-01 09:31:02 AM,325.15,0,0.0,80749968.04999994
2025-08-01 09:31:05 AM,324.9,0,0.0,80749968.04999994
2025-08-01 09:31:07 AM,324.9,26367,8566638.299999999,89316606.34999993
2025-08-01 09:31:07 AM,324.6,2470,801762.0,90118368.34999993
2025-08-01 09:31:09 AM,324.9,0,0.0,90118368.34999993
2025-08-01 09:31:11 AM,324.8,0,0.0,90118368.34999993
2025-08-01 09:31:14 AM,324.75,0,0.0,90118368.34999993
2025-08-01 09:31:14 AM,324.75,1697,551100.75,90669469.09999993
2025-08-01 09:31:15 AM,324.6,119,38627.4,90708096.49999994
2025-08-01 09:31:16 AM,324.7,0,0.0,90708096.49999994
2025-08-01 09:31:21 AM,324.7,35,11364.5,90719460.99999994
2025-08-01 09:31:28 AM,324.55,0,0.0,90719460.99999994
2025-08-01 09:31:29 AM,324.55,280,90874.0,90810334.99999994
2025-08-01 09:31:29 AM,324.5,5,1622.5,90811957.49999994
2025-08-01 09:31:32 AM,324.6,0,0.0,90811957.49999994
2025-08-01 09:31:34 AM,324.5,0,0.0,90811957.49999994
2025-08-01 09:31:36 AM,324.5,1538,499081.0,91311038.49999994
2025-08-01 09:31:36 AM,324.5,1946,631477.0,91942515.49999994
2025-08-01 09:31:40 AM,324.6,0,0.0,91942515.49999994
2025-08-01 09:31:43 AM,324.5,2481,805084.5,92747599.99999994
2025-08-01 09:31:50 AM,324.6,0,0.0,92747599.99999994
2025-08-01 09:31:50 AM,324.6,2036,660885.6000000001,93408485.59999993
2025-08-01 09:31:57 AM,324.6,372,120751.20000000001,93529236.79999994
2025-08-01 09:32:04 AM,324.65,1694,549957.1,94079193.89999993
2025-08-01 09:32:06 AM,324.6,0,0.0,94079193.89999993
2025-08-01 09:32:11 AM,324.6,421,136656.6,94215850.49999993
2025-08-01 09:32:18 AM,324.6,277,89914.20000000001,94305764.69999993
2025-08-01 09:32:24 AM,324.65,0,0.0,94305764.69999993
2025-08-01 09:32:24 AM,324.7,0,0.0,94305764.69999993
2025-08-01 09:32:25 AM,324.7,2269,736744.2999999999,95042508.99999993
2025-08-01 09:32:31 AM,324.9,0,0.0,95042508.99999993
2025-08-01 09:32:31 AM,324.75,0,0.0,95042508.99999993
2025-08-01 09:32:32 AM,324.75,2355,764786.25,95807295.24999993
2025-08-01 09:32:36 AM,324.9,0,0.0,95807295.24999993
2025-08-01 09:32:38 AM,324.75,431,139967.25,95947262.49999993
2025-08-01 09:32:42 AM,324.85,0,0.0,95947262.49999993
2025-08-01 09:32:43 AM,324.75,0,0.0,95947262.49999993
2025-08-01 09:32:46 AM,324.85,1283,416782.55000000005,96364045.04999992
2025-08-01 09:32:48 AM,324.8,0,0.0,96364045.04999992
2025-08-01 09:32:53 AM,325.15,2632,855794.7999999999,97219839.84999992
2025-08-01 09:33:00 AM,325.15,11,3576.6499999999996,97223416.49999993
2025-08-01 09:33:06 AM,325.05,0,0.0,97223416.49999993
2025-08-01 09:33:06 AM,325.05,387,125794.35,97349210.84999992
2025-08-01 09:33:12 AM,325.15,0,0.0,97349210.84999992
2025-08-01 09:33:12 AM,325.0,0,0.0,97349210.84999992
2025-08-01 09:33:13 AM,325.1,1064,345906.4,97695117.24999993
2025-08-01 09:33:20 AM,325.1,410,133291.0,97828408.24999993
2025-08-01 09:33:27 AM,325.15,0,0.0,97828408.24999993
2025-08-01 09:33:27 AM,325.15,285,92667.75,97921075.99999993
2025-08-01 09:33:34 AM,325.15,246,79986.9,98001062.89999993
2025-08-01 09:33:41 AM,325.3,682,221854.6,98222917.49999993
2025-08-01 09:33:41 AM,325.3,536,174360.80000000002,98397278.29999992
2025-08-01 09:33:42 AM,325.4,0,0.0,98397278.29999992
2025-08-01 09:33:48 AM,325.4,140,45556.0,98442834.29999992
2025-08-01 09:33:51 AM,325.25,0,0.0,98442834.29999992
2025-08-01 09:33:52 AM,325.55,0,0.0,98442834.29999992
2025-08-01 09:33:55 AM,325.5,1547,503548.5,98946382.79999992
2025-08-01 09:33:57 AM,325.55,0,0.0,98946382.79999992
2025-08-01 09:34:02 AM,325.4,0,0.0,98946382.79999992
2025-08-01 09:34:02 AM,325.4,47,15293.8,98961676.59999992
2025-08-01 09:34:07 AM,325.5,0,0.0,98961676.59999992
2025-08-01 09:34:09 AM,325.5,24,7812.0,98969488.59999992
2025-08-01 09:34:12 AM,325.45,0,0.0,98969488.59999992
2025-08-01 09:34:16 AM,325.45,113,36775.85,99006264.44999991
2025-08-01 09:34:16 AM,325.6,1204,392022.4,99398286.84999992
2025-08-01 09:34:20 AM,325.5,0,0.0,99398286.84999992
2025-08-01 09:34:22 AM,325.6,0,0.0,99398286.84999992
2025-08-01 09:34:23 AM,325.45,8033,2614339.85,102012626.69999991
2025-08-01 09:34:25 AM,325.55,0,0.0,102012626.69999991
2025-08-01 09:34:30 AM,325.5,0,0.0,102012626.69999991
2025-08-01 09:34:30 AM,325.5,766,249333.0,102261959.69999991
2025-08-01 09:34:32 AM,325.45,0,0.0,102261959.69999991
2025-08-01 09:34:37 AM,325.5,684,222642.0,102484601.69999991
2025-08-01 09:34:40 AM,325.3,0,0.0,102484601.69999991
2025-08-01 09:34:42 AM,325.4,0,0.0,102484601.69999991
2025-08-01 09:34:44 AM,325.35,10695,3479618.2500000005,105964219.94999991
2025-08-01 09:34:47 AM,325.0,0,0.0,105964219.94999991
2025-08-01 09:34:50 AM,324.85,0,0.0,105964219.94999991
2025-08-01 09:34:51 AM,324.95,7158,2325992.1,108290212.04999991
2025-08-01 09:34:52 AM,325.0,0,0.0,108290212.04999991
2025-08-01 09:34:57 AM,324.8,0,0.0,108290212.04999991
2025-08-01 09:34:58 AM,324.8,2367,768801.6,109059013.6499999
2025-08-01 09:35:02 AM,324.75,0,0.0,109059013.6499999
2025-08-01 09:35:05 AM,324.75,200,64950.0,109123963.6499999
2025-08-01 09:35:12 AM,324.7,0,0.0,109123963.6499999
2025-08-01 09:35:12 AM,324.7,498,161700.6,109285664.2499999
2025-08-01 09:35:12 AM,324.65,0,0.0,109285664.2499999
2025-08-01 09:35:19 AM,324.7,2788,905263.6,110190927.84999989
2025-08-01 09:35:26 AM,324.6,1205,391143.0,110582070.84999989
2025-08-01 09:35:27 AM,324.7,0,0.0,110582070.84999989
2025-08-01 09:35:32 AM,324.65,0,0.0,110582070.84999989
2025-08-01 09:35:33 AM,324.65,5361,1740448.65,112322519.4999999
2025-08-01 09:35:37 AM,324.5,0,0.0,112322519.4999999
2025-08-01 09:35:40 AM,324.65,491,159403.15,112481922.6499999
2025-08-01 09:35:40 AM,324.65,2,649.3,112482571.9499999
2025-08-01 09:35:42 AM,324.55,0,0.0,112482571.9499999
2025-08-01 09:35:46 AM,324.65,547,177583.55,112660155.4999999
2025-08-01 09:35:53 AM,324.55,10,3245.5,112663400.9999999
2025-08-01 09:35:57 AM,324.65,0,0.0,112663400.9999999
2025-08-01 09:35:57 AM,324.55,0,0.0,112663400.9999999
2025-08-01 09:36:00 AM,324.55,312,101259.6,112764660.59999989
2025-08-01 09:36:06 AM,324.65,28,9090.199999999999,112773750.7999999
2025-08-01 09:36:09 AM,324.7,0,0.0,112773750.7999999
2025-08-01 09:36:09 AM,324.6,0,0.0,112773750.7999999
2025-08-01 09:36:13 AM,324.7,0,0.0,112773750.7999999
2025-08-01 09:36:13 AM,324.75,4473,1452606.75,114226357.5499999
2025-08-01 09:36:20 AM,324.75,58,18835.5,114245193.0499999
2025-08-01 09:36:25 AM,324.65,0,0.0,114245193.0499999
2025-08-01 09:36:26 AM,324.75,156,50661.0,114295854.0499999
2025-08-01 09:36:33 AM,324.75,19,6170.25,114302024.2999999
2025-08-01 09:36:37 AM,324.7,0,0.0,114302024.2999999
2025-08-01 09:36:37 AM,324.8,0,0.0,114302024.2999999
2025-08-01 09:36:39 AM,324.8,1185,384888.0,114686912.2999999
2025-08-01 09:36:39 AM,324.9,500,162450.0,114849362.2999999
2025-08-01 09:36:41 AM,324.85,0,0.0,114849362.2999999
2025-08-01 09:36:45 AM,324.9,0,0.0,114849362.2999999
2025-08-01 09:36:45 AM,324.7,0,0.0,114849362.2999999
2025-08-01 09:36:46 AM,324.7,1117,362689.89999999997,115212052.1999999
2025-08-01 09:36:46 AM,324.7,2,649.4,115212701.5999999
2025-08-01 09:36:49 AM,324.65,0,0.0,115212701.5999999
2025-08-01 09:36:52 AM,324.65,1117,362634.05,115575335.6499999
2025-08-01 09:36:53 AM,324.5,0,0.0,115575335.6499999
2025-08-01 09:36:53 AM,324.5,4040,1310980.0,116886315.6499999
2025-08-01 09:36:53 AM,324.6,0,0.0,116886315.6499999
2025-08-01 09:36:57 AM,324.55,0,0.0,116886315.6499999
2025-08-01 09:36:57 AM,324.5,0,0.0,116886315.6499999
2025-08-01 09:36:59 AM,324.5,4373,1419038.5,118305354.1499999
2025-08-01 09:37:01 AM,324.4,0,0.0,118305354.1499999
2025-08-01 09:37:01 AM,324.35,0,0.0,118305354.1499999
2025-08-01 09:37:06 AM,324.3,5587,1811864.1,120117218.2499999
2025-08-01 09:37:06 AM,324.2,250,81050.0,120198268.2499999
2025-08-01 09:37:06 AM,324.3,0,0.0,120198268.2499999
2025-08-01 09:37:11 AM,324.25,0,0.0,120198268.2499999
2025-08-01 09:37:13 AM,324.2,655,212351.0,120410619.2499999
2025-08-01 09:37:13 AM,324.1,26,8426.6,120419045.84999989
2025-08-01 09:37:15 AM,324.2,0,0.0,120419045.84999989
2025-08-01 09:37:20 AM,324.1,648,210016.80000000002,120629062.64999989
2025-08-01 09:37:20 AM,324.0,1964,636336.0,121265398.64999989
2025-08-01 09:37:21 AM,324.15,0,0.0,121265398.64999989
2025-08-01 09:37:25 AM,324.05,0,0.0,121265398.64999989
2025-08-01 09:37:26 AM,324.15,0,0.0,121265398.64999989
2025-08-01 09:37:27 AM,324.15,2527,819127.0499999999,122084525.69999988
2025-08-01 09:37:27 AM,324.0,616,199584.0,122284109.69999988
2025-08-01 09:37:30 AM,324.15,0,0.0,122284109.69999988
2025-08-01 09:37:31 AM,324.0,0,0.0,122284109.69999988
2025-08-01 09:37:34 AM,324.2,5059,1640127.8,123924237.49999988
2025-08-01 09:37:35 AM,324.15,0,0.0,123924237.49999988
2025-08-01 09:37:36 AM,324.2,0,0.0,123924237.49999988
2025-08-01 09:37:41 AM,324.2,4454,1443986.8,125368224.29999988
2025-08-01 09:37:41 AM,324.2,846,274273.2,125642497.49999988
2025-08-01 09:37:43 AM,324.3,0,0.0,125642497.49999988
2025-08-01 09:37:47 AM,324.3,531,172203.30000000002,125814700.79999988
2025-08-01 09:37:51 AM,324.2,0,0.0,125814700.79999988
2025-08-01 09:37:53 AM,324.3,0,0.0,125814700.79999988
2025-08-01 09:37:54 AM,324.2,153,49602.6,125864303.39999987
2025-08-01 09:37:54 AM,324.2,10,3242.0,125867545.39999987
2025-08-01 09:37:55 AM,324.3,0,0.0,125867545.39999987
2025-08-01 09:38:00 AM,324.2,2633,853618.6,126721163.99999987
2025-08-01 09:38:07 AM,324.15,1540,499190.99999999994,127220354.99999987
2025-08-01 09:38:11 AM,324.3,0,0.0,127220354.99999987
2025-08-01 09:38:14 AM,324.3,1017,329813.10000000003,127550168.09999986
2025-08-01 09:38:21 AM,324.3,20,6486.0,127556654.09999986
2025-08-01 09:38:22 AM,324.2,0,0.0,127556654.09999986
2025-08-01 09:38:27 AM,324.15,0,0.0,127556654.09999986
2025-08-01 09:38:28 AM,324.15,324,105024.59999999999,127661678.69999985
2025-08-01 09:38:32 AM,324.3,0,0.0,127661678.69999985
2025-08-01 09:38:34 AM,324.3,136,44104.8,127705783.49999985
2025-08-01 09:38:41 AM,324.15,5304,1719291.5999999999,129425075.09999985
2025-08-01 09:38:45 AM,324.25,0,0.0,129425075.09999985
2025-08-01 09:38:48 AM,324.25,544,176392.0,129601467.09999985
2025-08-01 09:38:53 AM,324.15,0,0.0,129601467.09999985
2025-08-01 09:38:54 AM,324.05,2103,681477.15,130282944.24999985
2025-08-01 09:38:57 AM,324.15,0,0.0,130282944.24999985
2025-08-01 09:39:01 AM,324.05,407,131888.35,130414832.59999985
2025-08-01 09:39:07 AM,324.0,0,0.0,130414832.59999985
2025-08-01 09:39:08 AM,324.0,8789,2847636.0,133262468.59999985
2025-08-01 09:39:15 AM,324.0,1860,602640.0,133865108.59999985
2025-08-01 09:39:17 AM,323.95,0,0.0,133865108.59999985
2025-08-01 09:39:21 AM,323.8,835,270373.0,134135481.59999985
2025-08-01 09:39:22 AM,323.85,0,0.0,134135481.59999985
2025-08-01 09:39:26 AM,323.8,0,0.0,134135481.59999985
2025-08-01 09:39:28 AM,323.85,2220,718947.0,134854428.59999985
2025-08-01 09:39:30 AM,323.8,0,0.0,134854428.59999985
2025-08-01 09:39:34 AM,323.85,0,0.0,134854428.59999985
2025-08-01 09:39:35 AM,323.85,113,36595.05,134891023.64999986
2025-08-01 09:39:35 AM,323.85,50,16192.500000000002,134907216.14999986
2025-08-01 09:39:41 AM,323.85,600,194310.0,135101526.14999986
2025-08-01 09:39:46 AM,323.95,0,0.0,135101526.14999986
2025-08-01 09:39:48 AM,323.95,1399,453206.05,135554732.19999987
2025-08-01 09:39:54 AM,323.85,3207,1038586.9500000001,136593319.14999986
2025-08-01 09:39:58 AM,323.9,0,0.0,136593319.14999986
2025-08-01 09:40:01 AM,323.9,120,38868.0,136632187.14999986
2025-08-01 09:40:02 AM,323.85,0,0.0,136632187.14999986
2025-08-01 09:40:03 AM,323.8,0,0.0,136632187.14999986
2025-08-01 09:40:06 AM,323.6,0,0.0,136632187.14999986
2025-08-01 09:40:07 AM,323.6,3840,1242624.0,137874811.14999986
2025-08-01 09:40:08 AM,323.6,205,66338.0,137941149.14999986
2025-08-01 09:40:14 AM,323.4,5461,1766087.4,139707236.54999986
2025-08-01 09:40:15 AM,323.4,51,16493.399999999998,139723729.94999987
2025-08-01 09:40:19 AM,323.3,0,0.0,139723729.94999987
2025-08-01 09:40:20 AM,323.4,2382,770338.7999999999,140494068.74999988
2025-08-01 09:40:21 AM,323.3,274,88584.2,140582652.94999987
2025-08-01 09:40:24 AM,323.35,0,0.0,140582652.94999987
2025-08-01 09:40:27 AM,323.35,1295,418738.25000000006,141001391.19999987
2025-08-01 09:40:28 AM,323.35,200,64670.00000000001,141066061.19999987
2025-08-01 09:40:33 AM,323.3,0,0.0,141066061.19999987
2025-08-01 09:40:34 AM,323.3,203,65629.90000000001,141131691.09999987
2025-08-01 09:40:38 AM,323.4,0,0.0,141131691.09999987
2025-08-01 09:40:40 AM,323.35,2982,964229.7000000001,142095920.79999986
2025-08-01 09:40:41 AM,323.35,150,48502.5,142144423.29999986
2025-08-01 09:40:41 AM,323.5,0,0.0,142144423.29999986
2025-08-01 09:40:46 AM,323.6,0,0.0,142144423.29999986
2025-08-01 09:40:47 AM,323.8,2955,956829.0,143101252.29999986
2025-08-01 09:40:47 AM,323.8,2,647.6,143101899.89999986
2025-08-01 09:40:50 AM,323.65,0,0.0,143101899.89999986
2025-08-01 09:40:53 AM,323.9,1146,371189.39999999997,143473089.29999986
2025-08-01 09:41:00 AM,323.9,1131,366330.89999999997,143839420.19999987
2025-08-01 09:41:05 AM,323.85,0,0.0,143839420.19999987
2025-08-01 09:41:07 AM,323.95,1219,394895.05,144234315.24999988
2025-08-01 09:41:07 AM,323.9,88,28503.199999999997,144262818.44999987
2025-08-01 09:41:09 AM,323.95,0,0.0,144262818.44999987
2025-08-01 09:41:13 AM,323.95,1308,423726.6,144686545.04999986
2025-08-01 09:41:14 AM,323.95,3,971.8499999999999,144687516.89999986
2025-08-01 09:41:20 AM,323.9,41,13279.9,144700796.79999986
2025-08-01 09:41:21 AM,324.0,703,227772.0,144928568.79999986
2025-08-01 09:41:25 AM,323.95,0,0.0,144928568.79999986
2025-08-01 09:41:27 AM,323.95,822,266286.89999999997,145194855.69999987
2025-08-01 09:41:33 AM,323.95,203,65761.84999999999,145260617.54999986
2025-08-01 09:41:34 AM,323.95,4,1295.8,145261913.34999987
2025-08-01 09:41:40 AM,324.0,2540,822960.0,146084873.34999987
2025-08-01 09:41:47 AM,324.0,1005,325620.0,146410493.34999987
2025-08-01 09:41:53 AM,324.2,2945,954769.0,147365262.34999987
2025-08-01 09:41:59 AM,324.2,257,83319.4,147448581.74999988
2025-08-01 09:42:00 AM,324.2,100,32420.0,147481001.74999988
2025-08-01 09:42:01 AM,324.15,0,0.0,147481001.74999988
2025-08-01 09:42:06 AM,324.0,1261,408564.0,147889565.74999988
2025-08-01 09:42:06 AM,324.05,0,0.0,147889565.74999988
2025-08-01 09:42:07 AM,324.05,332,107584.6,147997150.34999987
2025-08-01 09:42:13 AM,324.05,255,82632.75,148079783.09999987
2025-08-01 09:42:14 AM,324.0,3259,1055916.0,149135699.09999987
2025-08-01 09:42:14 AM,324.05,0,0.0,149135699.09999987
2025-08-01 09:42:19 AM,324.05,236,76475.8,149212174.8999999
2025-08-01 09:42:20 AM,324.05,2462,797811.1,150009985.99999988
2025-08-01 09:42:23 AM,323.95,0,0.0,150009985.99999988
2025-08-01 09:42:26 AM,324.0,236,76464.0,150086449.99999988
2025-08-01 09:42:28 AM,323.95,0,0.0,150086449.99999988
2025-08-01 09:42:32 AM,323.9,0,0.0,150086449.99999988
2025-08-01 09:42:32 AM,323.9,1833,593708.7,150680158.69999987
2025-08-01 09:42:36 AM,323.8,0,0.0,150680158.69999987
2025-08-01 09:42:36 AM,323.9,0,0.0,150680158.69999987
2025-08-01 09:42:39 AM,323.75,2595,840131.25,151520289.94999987
2025-08-01 09:42:40 AM,323.7,0,0.0,151520289.94999987
2025-08-01 09:42:40 AM,323.75,16,5180.0,151525469.94999987
2025-08-01 09:42:40 AM,323.85,0,0.0,151525469.94999987
2025-08-01 09:42:44 AM,323.75,0,0.0,151525469.94999987
2025-08-01 09:42:45 AM,323.75,7171,2321611.25,153847081.19999987
2025-08-01 09:42:46 AM,323.95,6840,2215818.0,156062899.19999987
2025-08-01 09:42:48 AM,323.65,0,0.0,156062899.19999987
2025-08-01 09:42:48 AM,323.8,0,0.0,156062899.19999987
2025-08-01 09:42:52 AM,323.85,0,0.0,156062899.19999987
2025-08-01 09:42:52 AM,323.85,1258,407403.30000000005,156470302.49999988
2025-08-01 09:42:53 AM,323.85,142,45986.700000000004,156516289.19999987
2025-08-01 09:42:56 AM,323.95,0,0.0,156516289.19999987
2025-08-01 09:42:58 AM,323.85,16,5181.6,156521470.79999986
2025-08-01 09:42:59 AM,323.95,1,323.95,156521794.74999985
2025-08-01 09:43:00 AM,323.85,0,0.0,156521794.74999985
2025-08-01 09:43:00 AM,323.95,0,0.0,156521794.74999985
2025-08-01 09:43:04 AM,324.05,0,0.0,156521794.74999985
2025-08-01 09:43:04 AM,324.05,1341,434551.05,156956345.79999986
2025-08-01 09:43:05 AM,324.05,21,6805.05,156963150.84999987
2025-08-01 09:43:11 AM,324.05,20,6481.0,156969631.84999987
2025-08-01 09:43:16 AM,323.85,0,0.0,156969631.84999987
2025-08-01 09:43:16 AM,323.55,0,0.0,156969631.84999987
2025-08-01 09:43:18 AM,323.55,2811,909499.05,157879130.8999999
2025-08-01 09:43:19 AM,323.7,11,3560.7,157882691.59999987
2025-08-01 09:43:24 AM,323.85,0,0.0,157882691.59999987
2025-08-01 09:43:25 AM,324.1,13883,4499480.300000001,162382171.8999999
2025-08-01 09:43:25 AM,323.65,3688,1193621.2,163575793.09999987
2025-08-01 09:43:28 AM,323.8,0,0.0,163575793.09999987
2025-08-01 09:43:31 AM,324.1,621,201266.1,163777059.19999987
2025-08-01 09:43:32 AM,324.2,0,0.0,163777059.19999987
2025-08-01 09:43:36 AM,324.4,0,0.0,163777059.19999987
2025-08-01 09:43:38 AM,324.35,5523,1791385.05,165568444.24999988
2025-08-01 09:43:39 AM,324.45,2,648.9,165569093.1499999
2025-08-01 09:43:40 AM,324.3,0,0.0,165569093.1499999
2025-08-01 09:43:40 AM,324.45,0,0.0,165569093.1499999
2025-08-01 09:43:44 AM,324.4,0,0.0,165569093.1499999
2025-08-01 09:43:44 AM,324.4,3273,1061761.2,166630854.34999987
2025-08-01 09:43:45 AM,324.4,229,74287.59999999999,166705141.94999987
2025-08-01 09:43:48 AM,324.55,0,0.0,166705141.94999987
2025-08-01 09:43:51 AM,324.55,1086,352461.3,167057603.24999988
2025-08-01 09:43:52 AM,324.45,0,0.0,167057603.24999988
2025-08-01 09:43:52 AM,324.45,18,5840.099999999999,167063443.34999987
2025-08-01 09:43:56 AM,324.5,0,0.0,167063443.34999987
2025-08-01 09:43:57 AM,324.5,1333,432558.5,167496001.84999987
2025-08-01 09:43:58 AM,324.45,1,324.45,167496326.29999986
2025-08-01 09:44:01 AM,324.45,541,175527.44999999998,167671853.74999985
2025-08-01 09:44:02 AM,324.5,1,324.5,167672178.24999985
2025-08-01 09:44:04 AM,324.5,5,1622.5,167673800.74999985
2025-08-01 09:44:05 AM,324.35,97,31461.95,167705262.69999984
2025-08-01 09:44:06 AM,324.5,6,1947.0,167707209.69999984
2025-08-01 09:44:07 AM,324.45,20,6489.0,167713698.69999984
2025-08-01 09:44:11 AM,324.35,25,8108.750000000001,167721807.44999984
2025-08-01 09:44:11 AM,324.2,10,3242.0,167725049.44999984
2025-08-01 09:44:12 AM,324.45,601,194994.44999999998,167920043.89999983
2025-08-01 09:44:12 AM,324.5,7,2271.5,167922315.39999983
2025-08-01 09:44:13 AM,324.5,516,167442.0,168089757.39999983
2025-08-01 09:44:14 AM,324.65,686,222709.9,168312467.29999983
2025-08-01 09:44:14 AM,324.7,1,324.7,168312791.99999982
2025-08-01 09:44:14 AM,324.65,0,0.0,168312791.99999982
2025-08-01 09:44:15 AM,324.65,6,1947.8999999999999,168314739.89999983
2025-08-01 09:44:15 AM,324.45,50,16222.5,168330962.39999983
2025-08-01 09:44:16 AM,324.5,2,649.0,168331611.39999983
2025-08-01 09:44:18 AM,324.5,210,68145.0,168399756.39999983
2025-08-01 09:44:20 AM,324.5,1,324.5,168400080.89999983
2025-08-01 09:44:22 AM,324.4,2,648.8,168400729.69999984
2025-08-01 09:44:24 AM,324.4,2159,700379.6,169101109.29999983
2025-08-01 09:44:25 AM,324.35,59,19136.65,169120245.94999984
2025-08-01 09:44:28 AM,324.4,1003,325373.19999999995,169445619.14999983
2025-08-01 09:44:29 AM,324.4,1,324.4,169445943.54999983
2025-08-01 09:44:30 AM,324.4,5,1622.0,169447565.54999983
2025-08-01 09:44:34 AM,324.4,5,1622.0,169449187.54999983
2025-08-01 09:44:35 AM,324.4,3,973.1999999999999,169450160.74999982
2025-08-01 09:44:35 AM,324.3,3,972.9000000000001,169451133.64999983
2025-08-01 09:44:36 AM,324.25,10,3242.5,169454376.14999983
2025-08-01 09:44:39 AM,324.35,1,324.35,169454700.49999982
2025-08-01 09:44:39 AM,324.35,100,32435.000000000004,169487135.49999982
2025-08-01 09:44:41 AM,324.35,3,973.0500000000001,169488108.54999983
2025-08-01 09:44:41 AM,324.35,1,324.35,169488432.89999983
2025-08-01 09:44:42 AM,324.35,186,60329.100000000006,169548761.99999982
2025-08-01 09:44:44 AM,324.35,9,2919.15,169551681.14999983
2025-08-01 09:44:45 AM,324.35,1,324.35,169552005.49999982
2025-08-01 09:44:47 AM,324.3,0,0.0,169552005.49999982
2025-08-01 09:44:47 AM,324.3,1,324.3,169552329.79999983
2025-08-01 09:44:48 AM,324.3,50,16215.0,169568544.79999983
2025-08-01 09:44:49 AM,324.3,2,648.6,169569193.39999983
2025-08-01 09:44:49 AM,324.3,1,324.3,169569517.69999984
2025-08-01 09:44:50 AM,324.3,1,324.3,169569841.99999985
2025-08-01 09:44:52 AM,324.3,1,324.3,169570166.29999986
2025-08-01 09:44:53 AM,324.3,300,97290.0,169667456.29999986
2025-08-01 09:44:54 AM,324.3,1,324.3,169667780.59999987
2025-08-01 09:44:54 AM,324.35,0,0.0,169667780.59999987
2025-08-01 09:44:55 AM,324.35,197,63896.950000000004,169731677.54999986
2025-08-01 09:44:57 AM,324.35,1,324.35,169732001.89999986
2025-08-01 09:44:57 AM,324.35,3,973.0500000000001,169732974.94999987
2025-08-01 09:44:58 AM,324.35,606,196556.1,169929531.04999986
2025-08-01 09:44:59 AM,324.45,112,36338.4,169965869.44999987
2025-08-01 09:45:02 AM,324.3,0,0.0,169965869.44999987
2025-08-01 09:45:03 AM,324.3,2324,753673.2000000001,170719542.64999986
2025-08-01 09:45:05 AM,324.15,0,0.0,170719542.64999986
2025-08-01 09:45:07 AM,324.05,0,0.0,170719542.64999986
2025-08-01 09:45:10 AM,324.15,809,262237.35,170981779.99999985
2025-08-01 09:45:12 AM,324.1,0,0.0,170981779.99999985
2025-08-01 09:45:16 AM,324.05,212,68698.6,171050478.59999985
2025-08-01 09:45:16 AM,324.1,0,0.0,171050478.59999985
2025-08-01 09:45:18 AM,324.1,69,22362.9,171072841.49999985
2025-08-01 09:45:22 AM,324.1,2,648.2,171073489.69999984
2025-08-01 09:45:29 AM,324.1,227,73570.70000000001,171147060.39999983
2025-08-01 09:45:30 AM,324.1,556,180199.6,171327259.99999982
2025-08-01 09:45:32 AM,324.25,0,0.0,171327259.99999982
2025-08-01 09:45:35 AM,324.25,5,1621.25,171328881.24999982
2025-08-01 09:45:37 AM,324.25,153,49610.25,171378491.49999982
2025-08-01 09:45:42 AM,324.25,17,5512.25,171384003.74999982
2025-08-01 09:45:43 AM,324.25,321,104084.25,171488087.99999982
2025-08-01 09:45:48 AM,324.25,6,1945.5,171490033.49999982
2025-08-01 09:45:52 AM,324.2,0,0.0,171490033.49999982
2025-08-01 09:45:55 AM,324.2,290,94018.0,171584051.49999982
2025-08-01 09:45:58 AM,324.25,0,0.0,171584051.49999982
2025-08-01 09:46:01 AM,324.25,210,68092.5,171652143.99999982
2025-08-01 09:46:02 AM,324.2,0,0.0,171652143.99999982
2025-08-01 09:46:02 AM,324.2,244,79104.8,171731248.79999983
2025-08-01 09:46:07 AM,324.05,0,0.0,171731248.79999983
2025-08-01 09:46:08 AM,324.05,1042,337660.10000000003,172068908.89999983
2025-08-01 09:46:08 AM,323.9,0,0.0,172068908.89999983
2025-08-01 09:46:09 AM,323.9,2000,647800.0,172716708.89999983
2025-08-01 09:46:12 AM,324.0,0,0.0,172716708.89999983
2025-08-01 09:46:13 AM,324.15,0,0.0,172716708.89999983
2025-08-01 09:46:14 AM,324.15,224,72609.59999999999,172789318.49999982
2025-08-01 09:46:16 AM,324.0,106,34344.0,172823662.49999982
2025-08-01 09:46:18 AM,324.1,0,0.0,172823662.49999982
2025-08-01 09:46:21 AM,324.1,112,36299.200000000004,172859961.6999998
2025-08-01 09:46:27 AM,324.1,70,22687.0,172882648.6999998
2025-08-01 09:46:29 AM,324.0,20,6480.0,172889128.6999998
2025-08-01 09:46:33 AM,324.1,0,0.0,172889128.6999998
2025-08-01 09:46:34 AM,324.1,10,3241.0,172892369.6999998
2025-08-01 09:46:35 AM,324.1,4,1296.4,172893666.09999982
2025-08-01 09:46:42 AM,324.0,61,19764.0,172913430.09999982
2025-08-01 09:46:42 AM,324.1,0,0.0,172913430.09999982
2025-08-01 09:46:45 AM,323.95,0,0.0,172913430.09999982
2025-08-01 09:46:46 AM,324.1,583,188950.30000000002,173102380.39999983
2025-08-01 09:46:48 AM,324.05,1,324.05,173102704.44999984
2025-08-01 09:46:52 AM,324.05,2,648.1,173103352.54999983
2025-08-01 09:46:54 AM,324.05,20,6481.0,173109833.54999983
2025-08-01 09:46:59 AM,324.1,367,118944.70000000001,173228778.24999982
2025-08-01 09:47:00 AM,324.1,11,3565.1000000000004,173232343.34999982
2025-08-01 09:47:02 AM,324.0,0,0.0,173232343.34999982
2025-08-01 09:47:05 AM,324.05,0,0.0,173232343.34999982
2025-08-01 09:47:05 AM,324.05,3622,1173709.1,174406052.4499998
2025-08-01 09:47:06 AM,324.0,0,0.0,174406052.4499998
2025-08-01 09:47:07 AM,324.05,11,3564.55,174409616.99999982
2025-08-01 09:47:09 AM,323.9,0,0.0,174409616.99999982
2025-08-01 09:47:10 AM,324.0,0,0.0,174409616.99999982
2025-08-01 09:47:11 AM,324.15,55497,17989352.549999997,192398969.54999983
2025-08-01 09:47:13 AM,324.25,0,0.0,192398969.54999983
2025-08-01 09:47:13 AM,324.25,530,171852.5,192570822.04999983
2025-08-01 09:47:14 AM,324.35,0,0.0,192570822.04999983
2025-08-01 09:47:17 AM,324.3,0,0.0,192570822.04999983
2025-08-01 09:47:17 AM,324.3,172,55779.6,192626601.64999983
2025-08-01 09:47:18 AM,324.35,0,0.0,192626601.64999983
2025-08-01 09:47:19 AM,324.35,5905,1915286.7500000002,194541888.39999983
2025-08-01 09:47:21 AM,324.45,0,0.0,194541888.39999983
2025-08-01 09:47:23 AM,324.15,5127,1661917.0499999998,196203805.44999984
2025-08-01 09:47:25 AM,324.35,500,162175.0,196365980.44999984
2025-08-01 09:47:26 AM,324.45,0,0.0,196365980.44999984
2025-08-01 09:47:29 AM,324.4,0,0.0,196365980.44999984
2025-08-01 09:47:29 AM,324.4,2207,715950.7999999999,197081931.24999985
2025-08-01 09:47:32 AM,324.4,198,64231.2,197146162.44999984
2025-08-01 09:47:34 AM,324.35,0,0.0,197146162.44999984
2025-08-01 09:47:35 AM,324.25,0,0.0,197146162.44999984
2025-08-01 09:47:36 AM,324.25,399,129375.75,197275538.19999984
2025-08-01 09:47:39 AM,324.1,0,0.0,197275538.19999984
2025-08-01 09:47:39 AM,324.1,3390,1098699.0,198374237.19999984
2025-08-01 09:47:41 AM,324.3,0,0.0,198374237.19999984
2025-08-01 09:47:43 AM,324.35,0,0.0,198374237.19999984
2025-08-01 09:47:43 AM,324.35,371,120333.85,198494571.04999983
2025-08-01 09:47:45 AM,324.35,1,324.35,198494895.39999983
2025-08-01 09:47:50 AM,324.5,89,28880.5,198523775.89999983
2025-08-01 09:47:52 AM,324.5,12,3894.0,198527669.89999983
2025-08-01 09:47:55 AM,324.6,0,0.0,198527669.89999983
2025-08-01 09:47:56 AM,324.6,3945,1280547.0,199808216.89999983
2025-08-01 09:47:59 AM,325.0,0,0.0,199808216.89999983
2025-08-01 09:47:59 AM,325.0,2083,676975.0,200485191.89999983
2025-08-01 09:48:00 AM,324.9,14,4548.599999999999,200489740.49999982
2025-08-01 09:48:01 AM,324.8,0,0.0,200489740.49999982
2025-08-01 09:48:01 AM,324.8,12,3897.6000000000004,200493638.09999982
2025-08-01 09:48:04 AM,324.85,24,7796.400000000001,200501434.49999982
2025-08-01 09:48:05 AM,324.85,2,649.7,200502084.1999998
2025-08-01 09:48:05 AM,325.0,0,0.0,200502084.1999998
2025-08-01 09:48:06 AM,325.0,50,16250.0,200518334.1999998
2025-08-01 09:48:08 AM,325.0,1,325.0,200518659.1999998
2025-08-01 09:48:08 AM,324.9,0,0.0,200518659.1999998
2025-08-01 09:48:09 AM,324.9,30,9747.0,200528406.1999998
2025-08-01 09:48:11 AM,324.85,0,0.0,200528406.1999998
2025-08-01 09:48:12 AM,324.85,2232,725065.2000000001,201253471.3999998
2025-08-01 09:48:12 AM,325.0,185,60125.0,201313596.3999998
2025-08-01 09:48:13 AM,325.0,4,1300.0,201314896.3999998
2025-08-01 09:48:14 AM,325.15,0,0.0,201314896.3999998
2025-08-01 09:48:14 AM,325.15,2089,679238.35,201994134.7499998
2025-08-01 09:48:15 AM,325.0,0,0.0,201994134.7499998
2025-08-01 09:48:15 AM,325.0,2550,828750.0,202822884.7499998
2025-08-01 09:48:17 AM,325.15,9,2926.35,202825811.0999998
2025-08-01 09:48:17 AM,325.3,0,0.0,202825811.0999998
2025-08-01 09:48:18 AM,325.3,18,5855.400000000001,202831666.4999998
2025-08-01 09:48:18 AM,325.2,0,0.0,202831666.4999998
2025-08-01 09:48:19 AM,325.05,51,16577.55,202848244.0499998
2025-08-01 09:48:20 AM,325.05,20,6501.0,202854745.0499998
2025-08-01 09:48:20 AM,325.2,0,0.0,202854745.0499998
2025-08-01 09:48:21 AM,325.2,201,65365.2,202920110.2499998
2025-08-01 09:48:23 AM,325.25,53,17238.25,202937348.4999998
2025-08-01 09:48:24 AM,325.3,1,325.3,202937673.7999998
2025-08-01 09:48:26 AM,325.25,100,32525.0,202970198.7999998
2025-08-01 09:48:26 AM,325.35,0,0.0,202970198.7999998
2025-08-01 09:48:27 AM,325.35,200,65070.00000000001,203035268.7999998
2025-08-01 09:48:28 AM,325.35,300,97605.0,203132873.7999998
2025-08-01 09:48:29 AM,325.25,0,0.0,203132873.7999998
2025-08-01 09:48:30 AM,325.25,49,15937.25,203148811.0499998
2025-08-01 09:48:31 AM,325.35,0,0.0,203148811.0499998
2025-08-01 09:48:32 AM,325.3,0,0.0,203148811.0499998
2025-08-01 09:48:32 AM,325.3,120,39036.0,203187847.0499998
2025-08-01 09:48:33 AM,325.3,541,175987.30000000002,203363834.34999982
2025-08-01 09:48:33 AM,325.35,0,0.0,203363834.34999982
2025-08-01 09:48:34 AM,325.35,1,325.35,203364159.6999998
2025-08-01 09:48:35 AM,325.35,1,325.35,203364485.0499998
2025-08-01 09:48:36 AM,325.25,0,0.0,203364485.0499998
2025-08-01 09:48:37 AM,325.3,11,3578.3,203368063.34999982
2025-08-01 09:48:37 AM,325.35,0,0.0,203368063.34999982
2025-08-01 09:48:37 AM,325.35,25,8133.750000000001,203376197.09999982
2025-08-01 09:48:39 AM,325.35,70,22774.5,203398971.59999982
2025-08-01 09:48:42 AM,325.25,0,0.0,203398971.59999982
2025-08-01 09:48:43 AM,325.25,1150,374037.5,203773009.09999982
2025-08-01 09:48:44 AM,325.35,0,0.0,203773009.09999982
2025-08-01 09:48:45 AM,325.35,2,650.7,203773659.7999998
2025-08-01 09:48:46 AM,325.2,20,6504.0,203780163.7999998
2025-08-01 09:48:48 AM,325.3,0,0.0,203780163.7999998
2025-08-01 09:48:48 AM,325.3,78,25373.4,203805537.1999998
2025-08-01 09:48:49 AM,325.3,12,3903.6000000000004,203809440.7999998
2025-08-01 09:48:50 AM,325.2,5,1626.0,203811066.7999998
2025-08-01 09:48:50 AM,325.0,100,32500.0,203843566.7999998
2025-08-01 09:48:51 AM,325.0,35,11375.0,203854941.7999998
2025-08-01 09:48:55 AM,325.2,2,650.4,203855592.1999998
2025-08-01 09:48:56 AM,325.15,0,0.0,203855592.1999998
2025-08-01 09:48:56 AM,325.15,20,6503.0,203862095.1999998
2025-08-01 09:48:57 AM,325.0,2,650.0,203862745.1999998
2025-08-01 09:48:58 AM,325.15,0,0.0,203862745.1999998
2025-08-01 09:48:58 AM,325.15,1,325.15,203863070.34999982
2025-08-01 09:48:59 AM,325.0,0,0.0,203863070.34999982
2025-08-01 09:48:59 AM,325.0,100,32500.0,203895570.34999982
2025-08-01 09:49:03 AM,325.0,10,3250.0,203898820.34999982
2025-08-01 09:49:04 AM,325.15,0,0.0,203898820.34999982
2025-08-01 09:49:07 AM,325.0,610,198250.0,204097070.34999982
2025-08-01 09:49:08 AM,325.2,0,0.0,204097070.34999982
2025-08-01 09:49:09 AM,325.2,111,36097.2,204133167.5499998
2025-08-01 09:49:12 AM,325.1,0,0.0,204133167.5499998
2025-08-01 09:49:13 AM,325.1,5,1625.5,204134793.0499998
2025-08-01 09:49:19 AM,325.15,400,130059.99999999999,204264853.0499998
2025-08-01 09:49:22 AM,325.15,15,4877.25,204269730.2999998
2025-08-01 09:49:25 AM,325.2,0,0.0,204269730.2999998
2025-08-01 09:49:25 AM,325.2,11,3577.2,204273307.4999998
2025-08-01 09:49:31 AM,325.1,0,0.0,204273307.4999998
2025-08-01 09:49:32 AM,325.1,130,42263.0,204315570.4999998
2025-08-01 09:49:34 AM,325.05,15,4875.75,204320446.2499998
2025-08-01 09:49:37 AM,325.0,0,0.0,204320446.2499998
2025-08-01 09:49:38 AM,325.0,129,41925.0,204362371.2499998
2025-08-01 09:49:41 AM,325.0,3858,1253850.0,205616221.2499998
2025-08-01 09:49:44 AM,325.0,211,68575.0,205684796.2499998
2025-08-01 09:49:46 AM,324.85,0,0.0,205684796.2499998
2025-08-01 09:49:47 AM,324.85,1568,509364.80000000005,206194161.0499998
2025-08-01 09:49:49 AM,324.9,0,0.0,206194161.0499998
2025-08-01 09:49:50 AM,324.9,1,324.9,206194485.9499998
2025-08-01 09:49:53 AM,324.8,0,0.0,206194485.9499998
2025-08-01 09:49:53 AM,324.8,2004,650899.2000000001,206845385.1499998
2025-08-01 09:49:56 AM,324.55,0,0.0,206845385.1499998
2025-08-01 09:49:57 AM,324.55,232,75295.6,206920680.7499998
2025-08-01 09:49:57 AM,324.7,0,0.0,206920680.7499998
2025-08-01 09:50:00 AM,324.65,0,0.0,206920680.7499998
2025-08-01 09:50:00 AM,324.65,502,162974.3,207083655.0499998
2025-08-01 09:50:01 AM,324.55,0,0.0,207083655.0499998
2025-08-01 09:50:03 AM,324.55,1,324.55,207083979.59999982
2025-08-01 09:50:06 AM,324.6,115,37329.0,207121308.59999982
2025-08-01 09:50:10 AM,324.7,169,54874.299999999996,207176182.89999983
2025-08-01 09:50:13 AM,324.7,395,128256.5,207304439.39999983
2025-08-01 09:50:16 AM,324.5,0,0.0,207304439.39999983
2025-08-01 09:50:16 AM,324.5,9,2920.5,207307359.89999983
2025-08-01 09:50:19 AM,324.6,36,11685.6,207319045.49999982
2025-08-01 09:50:26 AM,324.6,2,649.2,207319694.6999998
2025-08-01 09:50:29 AM,324.6,35,11361.0,207331055.6999998
2025-08-01 09:50:32 AM,324.6,23,7465.8,207338521.49999982
2025-08-01 09:50:35 AM,324.6,100,32460.000000000004,207370981.49999982
2025-08-01 09:50:36 AM,324.65,0,0.0,207370981.49999982
2025-08-01 09:50:37 AM,324.7,0,0.0,207370981.49999982
2025-08-01 09:50:38 AM,324.7,309,100332.3,207471313.79999983
2025-08-01 09:50:42 AM,324.8,0,0.0,207471313.79999983
2025-08-01 09:50:44 AM,324.8,250,81200.0,207552513.79999983
2025-08-01 09:50:48 AM,324.8,1,324.8,207552838.59999985
2025-08-01 09:50:54 AM,324.8,1,324.8,207553163.39999986
2025-08-01 09:50:56 AM,324.8,32,10393.6,207563556.99999985
2025-08-01 09:51:00 AM,324.7,0,0.0,207563556.99999985
2025-08-01 09:51:00 AM,324.7,221,71758.7,207635315.69999984
2025-08-01 09:51:02 AM,324.6,1018,330442.80000000005,207965758.49999985
2025-08-01 09:51:04 AM,324.75,0,0.0,207965758.49999985
2025-08-01 09:51:06 AM,324.8,0,0.0,207965758.49999985
2025-08-01 09:51:07 AM,324.9,338,109816.2,208075574.69999984
2025-08-01 09:51:13 AM,324.9,362,117613.79999999999,208193188.49999985
2025-08-01 09:51:15 AM,324.8,100,32480.0,208225668.49999985
2025-08-01 09:51:18 AM,324.65,0,0.0,208225668.49999985
2025-08-01 09:51:19 AM,324.9,1336,434066.39999999997,208659734.89999986
2025-08-01 09:51:23 AM,324.95,0,0.0,208659734.89999986
2025-08-01 09:51:26 AM,325.0,6,1950.0,208661684.89999986
2025-08-01 09:51:32 AM,324.95,27,8773.65,208670458.54999986
2025-08-01 09:51:37 AM,324.8,0,0.0,208670458.54999986
2025-08-01 09:51:38 AM,324.8,200,64960.0,208735418.54999986
2025-08-01 09:51:39 AM,324.9,0,0.0,208735418.54999986
2025-08-01 09:51:40 AM,324.75,211,68522.25,208803940.79999986
2025-08-01 09:51:43 AM,324.9,0,0.0,208803940.79999986
2025-08-01 09:51:44 AM,324.9,187,60756.299999999996,208864697.09999987
2025-08-01 09:51:47 AM,324.75,3622,1176244.5,210040941.59999987
2025-08-01 09:51:49 AM,324.7,0,0.0,210040941.59999987
2025-08-01 09:51:51 AM,324.7,25,8117.5,210049059.09999987
2025-08-01 09:51:57 AM,324.7,2,649.4,210049708.49999988
2025-08-01 09:51:59 AM,324.6,0,0.0,210049708.49999988
2025-08-01 09:51:59 AM,324.6,250,81150.0,210130858.49999988
2025-08-01 09:52:01 AM,324.65,0,0.0,210130858.49999988
2025-08-01 09:52:03 AM,324.65,20,6493.0,210137351.49999988
2025-08-01 09:52:08 AM,324.7,147,47730.9,210185082.3999999
2025-08-01 09:52:11 AM,324.6,0,0.0,210185082.3999999
2025-08-01 09:52:11 AM,324.6,555,180153.0,210365235.3999999
2025-08-01 09:52:14 AM,324.5,0,0.0,210365235.3999999
2025-08-01 09:52:15 AM,324.5,1300,421850.0,210787085.3999999
2025-08-01 09:52:18 AM,324.55,210,68155.5,210855240.8999999
2025-08-01 09:52:20 AM,324.4,0,0.0,210855240.8999999
2025-08-01 09:52:21 AM,324.4,153,49633.2,210904874.09999987
2025-08-01 09:52:23 AM,324.5,0,0.0,210904874.09999987
2025-08-01 09:52:24 AM,324.5,1,324.5,210905198.59999987
2025-08-01 09:52:26 AM,324.55,0,0.0,210905198.59999987
2025-08-01 09:52:27 AM,324.55,104,33753.200000000004,210938951.79999986
2025-08-01 09:52:29 AM,324.4,0,0.0,210938951.79999986
2025-08-01 09:52:30 AM,324.55,502,162924.1,211101875.89999986
2025-08-01 09:52:33 AM,324.4,9,2919.6,211104795.49999985
2025-08-01 09:52:38 AM,324.55,0,0.0,211104795.49999985
2025-08-01 09:52:39 AM,324.55,15,4868.25,211109663.74999985
2025-08-01 09:52:41 AM,324.6,0,0.0,211109663.74999985
2025-08-01 09:52:42 AM,324.4,900,291960.0,211401623.74999985
2025-08-01 09:52:44 AM,324.55,0,0.0,211401623.74999985
2025-08-01 09:52:45 AM,324.55,187,60690.85,211462314.59999985
2025-08-01 09:52:48 AM,324.55,25,8113.75,211470428.34999985
2025-08-01 09:52:50 AM,324.4,0,0.0,211470428.34999985
2025-08-01 09:52:52 AM,324.4,210,68124.0,211538552.34999985
2025-08-01 09:52:54 AM,324.55,45,14604.75,211553157.09999985
2025-08-01 09:52:58 AM,324.45,4,1297.8,211554454.89999986
2025-08-01 09:53:03 AM,324.55,0,0.0,211554454.89999986
2025-08-01 09:53:03 AM,324.55,3940,1278727.0,212833181.89999986
2025-08-01 09:53:05 AM,324.95,0,0.0,212833181.89999986
2025-08-01 09:53:06 AM,324.95,4500,1462275.0,214295456.89999986
2025-08-01 09:53:08 AM,324.8,0,0.0,214295456.89999986
2025-08-01 09:53:10 AM,324.65,234,75968.09999999999,214371424.99999985
2025-08-01 09:53:11 AM,324.75,0,0.0,214371424.99999985
2025-08-01 09:53:12 AM,324.75,200,64950.0,214436374.99999985
2025-08-01 09:53:14 AM,324.7,0,0.0,214436374.99999985
2025-08-01 09:53:16 AM,324.55,476,154485.80000000002,214590860.79999986
2025-08-01 09:53:18 AM,324.55,3,973.6500000000001,214591834.44999987
2025-08-01 09:53:23 AM,324.55,2064,669871.2000000001,215261705.64999986
2025-08-01 09:53:25 AM,324.4,100,32439.999999999996,215294145.64999986
2025-08-01 09:53:28 AM,324.5,0,0.0,215294145.64999986
2025-08-01 09:53:29 AM,324.5,7,2271.5,215296417.14999986
2025-08-01 09:53:31 AM,324.45,0,0.0,215296417.14999986
2025-08-01 09:53:33 AM,324.4,0,0.0,215296417.14999986
2025-08-01 09:53:34 AM,324.4,200,64879.99999999999,215361297.14999986
2025-08-01 09:53:37 AM,324.45,0,0.0,215361297.14999986
2025-08-01 09:53:40 AM,324.35,0,0.0,215361297.14999986
2025-08-01 09:53:40 AM,324.05,0,0.0,215361297.14999986
2025-08-01 09:53:41 AM,324.05,1892,613102.6,215974399.74999985
2025-08-01 09:53:43 AM,324.3,0,0.0,215974399.74999985
2025-08-01 09:53:43 AM,324.3,229,74264.7,216048664.44999984
2025-08-01 09:53:47 AM,324.3,1009,327218.7,216375883.14999983
2025-08-01 09:53:54 AM,324.3,151,48969.3,216424852.44999984
2025-08-01 09:54:00 AM,324.3,185,59995.5,216484847.94999984
2025-08-01 09:54:03 AM,324.2,0,0.0,216484847.94999984
2025-08-01 09:54:06 AM,324.2,60,19452.0,216504299.94999984
2025-08-01 09:54:07 AM,324.25,0,0.0,216504299.94999984
2025-08-01 09:54:09 AM,324.2,0,0.0,216504299.94999984
2025-08-01 09:54:12 AM,324.2,265,85913.0,216590212.94999984
2025-08-01 09:54:12 AM,324.3,0,0.0,216590212.94999984
2025-08-01 09:54:13 AM,324.3,185,59995.5,216650208.44999984
2025-08-01 09:54:18 AM,324.3,2087,676814.1,217327022.54999983
2025-08-01 09:54:19 AM,324.2,2,648.4,217327670.94999984
2025-08-01 09:54:21 AM,324.3,0,0.0,217327670.94999984
2025-08-01 09:54:25 AM,324.2,0,0.0,217327670.94999984
2025-08-01 09:54:25 AM,324.2,465,150753.0,217478423.94999984
2025-08-01 09:54:26 AM,324.2,100,32420.0,217510843.94999984
2025-08-01 09:54:28 AM,324.15,0,0.0,217510843.94999984
2025-08-01 09:54:31 AM,324.15,1,324.15,217511168.09999985
2025-08-01 09:54:32 AM,324.1,0,0.0,217511168.09999985
2025-08-01 09:54:34 AM,324.15,0,0.0,217511168.09999985
2025-08-01 09:54:37 AM,324.1,0,0.0,217511168.09999985
2025-08-01 09:54:37 AM,324.1,2735,886413.5000000001,218397581.59999985
2025-08-01 09:54:40 AM,324.05,0,0.0,218397581.59999985
2025-08-01 09:54:40 AM,324.15,0,0.0,218397581.59999985
2025-08-01 09:54:43 AM,324.15,351,113776.65,218511358.24999985
2025-08-01 09:54:44 AM,324.0,4264,1381536.0,219892894.24999985
2025-08-01 09:54:46 AM,324.05,0,0.0,219892894.24999985
2025-08-01 09:54:49 AM,323.95,101,32718.949999999997,219925613.19999984
2025-08-01 09:54:49 AM,324.05,0,0.0,219925613.19999984
2025-08-01 09:54:50 AM,324.05,260,84253.0,220009866.19999984
2025-08-01 09:54:52 AM,323.95,0,0.0,220009866.19999984
2025-08-01 09:54:55 AM,324.0,424,137376.0,220147242.19999984
2025-08-01 09:54:58 AM,323.85,0,0.0,220147242.19999984
2025-08-01 09:55:00 AM,323.85,658,213093.30000000002,220360335.49999985
2025-08-01 09:55:04 AM,323.9,0,0.0,220360335.49999985
2025-08-01 09:55:05 AM,323.75,0,0.0,220360335.49999985
2025-08-01 09:55:06 AM,323.75,898,290727.5,220651062.99999985
2025-08-01 09:55:07 AM,324.0,12,3888.0,220654950.99999985
2025-08-01 09:55:10 AM,323.85,0,0.0,220654950.99999985
2025-08-01 09:55:12 AM,323.85,651,210826.35,220865777.34999985
2025-08-01 09:55:13 AM,324.0,0,0.0,220865777.34999985
2025-08-01 09:55:13 AM,324.0,387,125388.0,220991165.34999985
2025-08-01 09:55:17 AM,323.75,0,0.0,220991165.34999985
2025-08-01 09:55:17 AM,323.95,0,0.0,220991165.34999985
2025-08-01 09:55:18 AM,323.95,1589,514756.55,221505921.89999986
2025-08-01 09:55:21 AM,323.9,0,0.0,221505921.89999986
2025-08-01 09:55:24 AM,323.85,0,0.0,221505921.89999986
2025-08-01 09:55:24 AM,323.85,29,9391.650000000001,221515313.54999986
2025-08-01 09:55:25 AM,323.85,2,647.7,221515961.24999985
2025-08-01 09:55:36 AM,323.85,23,7448.55,221523409.79999986
2025-08-01 09:55:37 AM,323.85,3,971.5500000000001,221524381.34999987
2025-08-01 09:55:42 AM,323.85,934,302475.9,221826857.24999988
2025-08-01 09:55:43 AM,323.85,10,3238.5,221830095.74999988
2025-08-01 09:55:48 AM,323.85,131,42424.350000000006,221872520.09999987
2025-08-01 09:55:49 AM,323.8,444,143767.2,222016287.29999986
2025-08-01 09:55:54 AM,323.75,177,57303.75,222073591.04999986
2025-08-01 09:55:55 AM,323.85,25,8096.250000000001,222081687.29999986
2025-08-01 09:55:57 AM,323.75,0,0.0,222081687.29999986
2025-08-01 09:55:59 AM,323.85,0,0.0,222081687.29999986
2025-08-01 09:56:01 AM,323.85,1986,643166.1000000001,222724853.39999986
2025-08-01 09:56:07 AM,323.85,9,2914.65,222727768.04999986
2025-08-01 09:56:09 AM,323.7,0,0.0,222727768.04999986
2025-08-01 09:56:12 AM,323.7,655,212023.5,222939791.54999986
2025-08-01 09:56:19 AM,323.7,2,647.4,222940438.94999987
2025-08-01 09:56:24 AM,323.95,618,200201.1,223140640.04999986
2025-08-01 09:56:25 AM,323.95,186,60254.7,223200894.74999985
2025-08-01 09:56:28 AM,324.0,0,0.0,223200894.74999985
2025-08-01 09:56:30 AM,324.0,1,324.0,223201218.74999985
2025-08-01 09:56:33 AM,323.85,0,0.0,223201218.74999985
2025-08-01 09:56:36 AM,323.85,1046,338747.10000000003,223539965.84999985
2025-08-01 09:56:40 AM,323.9,0,0.0,223539965.84999985
2025-08-01 09:56:42 AM,323.9,26,8421.4,223548387.24999985
2025-08-01 09:56:43 AM,323.75,0,0.0,223548387.24999985
2025-08-01 09:56:43 AM,323.75,398,128852.5,223677239.74999985
2025-08-01 09:56:46 AM,323.85,0,0.0,223677239.74999985
2025-08-01 09:56:46 AM,323.8,0,0.0,223677239.74999985
2025-08-01 09:56:49 AM,323.6,4675,1512830.0,225190069.74999985
2025-08-01 09:56:50 AM,323.75,0,0.0,225190069.74999985
2025-08-01 09:56:50 AM,323.75,1,323.75,225190393.49999985
2025-08-01 09:56:55 AM,323.75,9,2913.75,225193307.24999985
2025-08-01 09:56:58 AM,323.65,0,0.0,225193307.24999985
2025-08-01 09:57:00 AM,323.65,106,34306.899999999994,225227614.14999986
2025-08-01 09:57:02 AM,323.7,0,0.0,225227614.14999986
2025-08-01 09:57:02 AM,323.7,10,3237.0,225230851.14999986
2025-08-01 09:57:06 AM,323.6,0,0.0,225230851.14999986
2025-08-01 09:57:06 AM,323.6,22,7119.200000000001,225237970.34999985
2025-08-01 09:57:08 AM,323.6,25,8090.000000000001,225246060.34999985
2025-08-01 09:57:10 AM,323.7,0,0.0,225246060.34999985
2025-08-01 09:57:12 AM,323.8,573,185537.4,225431597.74999985
2025-08-01 09:57:18 AM,323.65,0,0.0,225431597.74999985
2025-08-01 09:57:18 AM,323.8,0,0.0,225431597.74999985
2025-08-01 09:57:18 AM,323.8,401,129843.8,225561441.54999986
2025-08-01 09:57:24 AM,323.8,16,5180.8,225566622.34999987
2025-08-01 09:57:26 AM,323.8,2,647.6,225567269.94999987
2025-08-01 09:57:29 AM,323.65,203,65700.95,225632970.89999986
2025-08-01 09:57:35 AM,323.65,34,11004.099999999999,225643974.99999985
2025-08-01 09:57:38 AM,323.6,0,0.0,225643974.99999985
2025-08-01 09:57:38 AM,323.6,194,62778.4,225706753.39999986
2025-08-01 09:57:41 AM,323.5,2530,818455.0,226525208.39999986
2025-08-01 09:57:44 AM,323.5,362,117107.0,226642315.39999986
2025-08-01 09:57:46 AM,323.55,0,0.0,226642315.39999986
2025-08-01 09:57:47 AM,323.5,27,8734.5,226651049.89999986
2025-08-01 09:57:53 AM,323.55,20,6471.0,226657520.89999986
2025-08-01 09:57:56 AM,323.45,976,315687.2,226973208.09999985
2025-08-01 09:57:58 AM,323.5,0,0.0,226973208.09999985
2025-08-01 09:57:59 AM,323.4,241,77939.4,227051147.49999985
2025-08-01 09:58:02 AM,323.35,765,247362.75000000003,227298510.24999985
2025-08-01 09:58:06 AM,323.2,3562,1151238.4,228449748.64999986
2025-08-01 09:58:07 AM,323.25,0,0.0,228449748.64999986
2025-08-01 09:58:08 AM,323.2,6,1939.1999999999998,228451687.84999985
2025-08-01 09:58:11 AM,323.1,0,0.0,228451687.84999985
2025-08-01 09:58:12 AM,323.1,876,283035.60000000003,228734723.44999984
2025-08-01 09:58:15 AM,323.0,0,0.0,228734723.44999984
2025-08-01 09:58:15 AM,323.0,4685,1513255.0,230247978.44999984
2025-08-01 09:58:18 AM,323.05,1267,409304.35000000003,230657282.79999983
2025-08-01 09:58:19 AM,323.0,0,0.0,230657282.79999983
2025-08-01 09:58:20 AM,323.1,950,306945.0,230964227.79999983
2025-08-01 09:58:24 AM,323.1,5,1615.5,230965843.29999983
2025-08-01 09:58:26 AM,323.1,1627,525683.7000000001,231491526.99999982
2025-08-01 09:58:30 AM,323.2,380,122816.0,231614342.99999982
2025-08-01 09:58:32 AM,323.2,5,1616.0,231615958.99999982
2025-08-01 09:58:36 AM,323.2,6,1939.1999999999998,231617898.1999998
2025-08-01 09:58:39 AM,323.1,0,0.0,231617898.1999998
2025-08-01 09:58:39 AM,323.1,210,67851.0,231685749.1999998
2025-08-01 09:58:42 AM,323.05,3261,1053466.05,232739215.24999982
2025-08-01 09:58:43 AM,323.2,0,0.0,232739215.24999982
2025-08-01 09:58:45 AM,323.2,185,59792.0,232799007.24999982
2025-08-01 09:58:48 AM,323.2,132,42662.4,232841669.64999983
2025-08-01 09:58:51 AM,323.1,0,0.0,232841669.64999983
2025-08-01 09:58:51 AM,323.1,794,256541.40000000002,233098211.04999983
2025-08-01 09:58:54 AM,323.05,198,63963.9,233162174.94999984
2025-08-01 09:58:57 AM,323.0,2425,783275.0,233945449.94999984
2025-08-01 09:59:00 AM,323.0,365,117895.0,234063344.94999984
2025-08-01 09:59:03 AM,322.95,0,0.0,234063344.94999984
2025-08-01 09:59:03 AM,322.8,10624,3429427.2,237492772.14999983
2025-08-01 09:59:04 AM,322.75,0,0.0,237492772.14999983
2025-08-01 09:59:06 AM,322.7,1006,324636.2,237817408.34999982
2025-08-01 09:59:08 AM,322.85,0,0.0,237817408.34999982
2025-08-01 09:59:09 AM,322.9,0,0.0,237817408.34999982
2025-08-01 09:59:09 AM,322.9,224,72329.59999999999,237889737.9499998
2025-08-01 09:59:13 AM,322.8,0,0.0,237889737.9499998
2025-08-01 09:59:13 AM,322.8,290,93612.0,237983349.9499998
2025-08-01 09:59:14 AM,322.9,0,0.0,237983349.9499998
2025-08-01 09:59:15 AM,322.8,335,108138.0,238091487.9499998
2025-08-01 09:59:17 AM,322.9,0,0.0,238091487.9499998
2025-08-01 09:59:19 AM,322.9,2148,693589.2,238785077.1499998
2025-08-01 09:59:21 AM,323.0,0,0.0,238785077.1499998
2025-08-01 09:59:21 AM,322.95,0,0.0,238785077.1499998
2025-08-01 09:59:22 AM,322.95,99,31972.05,238817049.1999998
2025-08-01 09:59:25 AM,323.0,0,0.0,238817049.1999998
2025-08-01 09:59:25 AM,323.0,6075,1962225.0,240779274.1999998
2025-08-01 09:59:28 AM,323.0,11,3553.0,240782827.1999998
2025-08-01 09:59:29 AM,323.05,0,0.0,240782827.1999998
2025-08-01 09:59:32 AM,323.05,762,246164.1,241028991.2999998
2025-08-01 09:59:33 AM,323.0,0,0.0,241028991.2999998
2025-08-01 09:59:34 AM,323.0,46,14858.0,241043849.2999998
2025-08-01 09:59:35 AM,323.2,0,0.0,241043849.2999998
2025-08-01 09:59:38 AM,323.2,202,65286.399999999994,241109135.6999998
2025-08-01 09:59:41 AM,323.0,0,0.0,241109135.6999998
2025-08-01 09:59:41 AM,323.0,140,45220.0,241154355.6999998
2025-08-01 09:59:44 AM,323.2,643,207817.6,241362173.2999998
2025-08-01 09:59:47 AM,323.05,32,10337.6,241372510.8999998
2025-08-01 09:59:49 AM,323.15,0,0.0,241372510.8999998
2025-08-01 09:59:50 AM,323.15,26,8401.9,241380912.7999998
2025-08-01 09:59:56 AM,323.05,51,16475.55,241397388.34999982
2025-08-01 09:59:59 AM,323.15,0,0.0,241397388.34999982
2025-08-01 09:59:59 AM,323.15,74,23913.1,241421301.4499998
2025-08-01 10:00:00 AM,323.2,0,0.0,241421301.4499998
2025-08-01 10:00:02 AM,323.1,257,83036.70000000001,241504338.1499998
2025-08-01 10:00:03 AM,323.15,0,0.0,241504338.1499998
2025-08-01 10:00:05 AM,323.0,0,0.0,241504338.1499998
2025-08-01 10:00:05 AM,323.0,394,127262.0,241631600.1499998
2025-08-01 10:00:09 AM,323.0,238,76874.0,241708474.1499998
2025-08-01 10:00:12 AM,323.0,624,201552.0,241910026.1499998
2025-08-01 10:00:15 AM,322.85,1962,633431.7000000001,242543457.8499998
2025-08-01 10:00:18 AM,322.8,0,0.0,242543457.8499998
2025-08-01 10:00:18 AM,322.85,128,41324.8,242584782.6499998
2025-08-01 10:00:22 AM,322.8,1689,545209.2000000001,243129991.8499998
2025-08-01 10:00:28 AM,322.85,21,6779.85,243136771.69999978
2025-08-01 10:00:31 AM,322.8,55,17754.0,243154525.69999978
2025-08-01 10:00:34 AM,322.65,476,153581.4,243308107.0999998
2025-08-01 10:00:36 AM,322.55,0,0.0,243308107.0999998
2025-08-01 10:00:37 AM,322.6,143,46131.8,243354238.8999998
2025-08-01 10:00:40 AM,322.4,3831,1235114.4,244589353.2999998
2025-08-01 10:00:44 AM,322.5,489,157702.5,244747055.7999998
2025-08-01 10:00:47 AM,322.35,0,0.0,244747055.7999998
2025-08-01 10:00:47 AM,322.35,22,7091.700000000001,244754147.4999998
2025-08-01 10:00:50 AM,322.5,6,1935.0,244756082.4999998
2025-08-01 10:00:53 AM,322.4,0,0.0,244756082.4999998
2025-08-01 10:00:53 AM,322.4,3554,1145809.5999999999,245901892.0999998
2025-08-01 10:00:56 AM,322.6,3783,1220395.8,247122287.8999998
2025-08-01 10:00:58 AM,322.7,0,0.0,247122287.8999998
2025-08-01 10:00:59 AM,322.7,15,4840.5,247127128.3999998
2025-08-01 10:01:03 AM,322.65,21,6775.65,247133904.0499998
2025-08-01 10:01:05 AM,322.8,0,0.0,247133904.0499998
2025-08-01 10:01:06 AM,322.7,630,203301.0,247337205.0499998
2025-08-01 10:01:09 AM,322.9,897,289641.3,247626846.34999982
2025-08-01 10:01:12 AM,322.9,3,968.6999999999999,247627815.0499998
2025-08-01 10:01:15 AM,322.85,512,165299.2,247793114.2499998
2025-08-01 10:01:18 AM,322.65,1650,532372.5,248325486.7499998
2025-08-01 10:01:22 AM,323.05,3265,1054758.25,249380244.9999998
2025-08-01 10:01:24 AM,323.15,0,0.0,249380244.9999998
2025-08-01 10:01:24 AM,323.15,35,11310.25,249391555.2499998
2025-08-01 10:01:28 AM,323.25,0,0.0,249391555.2499998
2025-08-01 10:01:28 AM,323.25,503,162594.75,249554149.9999998
2025-08-01 10:01:30 AM,323.2,102,32966.4,249587116.3999998
2025-08-01 10:01:34 AM,323.1,120,38772.0,249625888.3999998
2025-08-01 10:01:36 AM,323.2,0,0.0,249625888.3999998
2025-08-01 10:01:36 AM,323.2,71,22947.2,249648835.5999998
2025-08-01 10:01:40 AM,323.1,0,0.0,249648835.5999998
2025-08-01 10:01:40 AM,323.1,62,20032.2,249668867.79999977
2025-08-01 10:01:42 AM,323.2,188,60761.6,249729629.39999977
2025-08-01 10:01:44 AM,323.15,0,0.0,249729629.39999977
2025-08-01 10:01:45 AM,323.25,0,0.0,249729629.39999977
2025-08-01 10:01:47 AM,323.25,660,213345.0,249942974.39999977
2025-08-01 10:01:48 AM,323.3,0,0.0,249942974.39999977
2025-08-01 10:01:49 AM,323.3,3,969.9000000000001,249943944.29999977
2025-08-01 10:01:52 AM,323.15,0,0.0,249943944.29999977
2025-08-01 10:01:53 AM,323.35,0,0.0,249943944.29999977
2025-08-01 10:01:53 AM,323.35,782,252859.7,250196803.99999976
2025-08-01 10:01:55 AM,323.45,402,130026.9,250326830.89999977
2025-08-01 10:01:59 AM,323.5,5,1617.5,250328448.39999977
2025-08-01 10:02:00 AM,323.55,82,26531.100000000002,250354979.49999976
2025-08-01 10:02:05 AM,323.5,272,87992.0,250442971.49999976
2025-08-01 10:02:07 AM,323.5,8,2588.0,250445559.49999976
2025-08-01 10:02:11 AM,323.6,0,0.0,250445559.49999976
2025-08-01 10:02:11 AM,323.6,1076,348193.60000000003,250793753.09999976
2025-08-01 10:02:13 AM,323.55,215,69563.25,250863316.34999976
2025-08-01 10:02:18 AM,323.6,28,9060.800000000001,250872377.14999977
2025-08-01 10:02:19 AM,323.55,0,0.0,250872377.14999977
2025-08-01 10:02:19 AM,323.55,40,12942.0,250885319.14999977
2025-08-01 10:02:20 AM,323.6,0,0.0,250885319.14999977
2025-08-01 10:02:24 AM,323.5,0,0.0,250885319.14999977
2025-08-01 10:02:24 AM,323.5,2131,689378.5,251574697.64999977
2025-08-01 10:02:26 AM,323.6,14,4530.400000000001,251579228.04999977
2025-08-01 10:02:30 AM,323.55,381,123272.55,251702500.5999998
2025-08-01 10:02:32 AM,323.75,1,323.75,251702824.3499998
2025-08-01 10:02:36 AM,323.55,5,1617.75,251704442.0999998
2025-08-01 10:02:37 AM,323.7,0,0.0,251704442.0999998
2025-08-01 10:02:38 AM,323.4,821,265511.39999999997,251969953.4999998
2025-08-01 10:02:43 AM,323.6,386,124909.6,252094863.0999998
2025-08-01 10:02:45 AM,323.6,7,2265.2000000000003,252097128.29999977
2025-08-01 10:02:51 AM,323.6,330,106788.00000000001,252203916.29999977
2025-08-01 10:02:56 AM,323.75,111,35936.25,252239852.54999977
2025-08-01 10:02:58 AM,323.75,6,1942.5,252241795.04999977
2025-08-01 10:03:02 AM,323.85,2310,748093.5,252989888.54999977
2025-08-01 10:03:04 AM,323.75,513,166083.75,253155972.29999977
2025-08-01 10:03:08 AM,323.65,901,291608.64999999997,253447580.94999978
2025-08-01 10:03:10 AM,323.75,5,1618.75,253449199.69999978
2025-08-01 10:03:15 AM,323.75,199,64426.25,253513625.94999978
2025-08-01 10:03:17 AM,323.65,52,16829.8,253530455.7499998
2025-08-01 10:03:19 AM,323.85,0,0.0,253530455.7499998
2025-08-01 10:03:21 AM,323.9,451,146078.9,253676534.6499998
2025-08-01 10:03:23 AM,324.0,0,0.0,253676534.6499998
2025-08-01 10:03:23 AM,323.9,0,0.0,253676534.6499998
2025-08-01 10:03:23 AM,323.9,295,95550.5,253772085.1499998
2025-08-01 10:03:27 AM,323.95,0,0.0,253772085.1499998
2025-08-01 10:03:28 AM,323.95,63,20408.85,253792493.9999998
2025-08-01 10:03:30 AM,324.0,709,229716.0,254022209.9999998
2025-08-01 10:03:34 AM,324.15,155,50243.25,254072453.2499998
2025-08-01 10:03:36 AM,324.2,24,7780.799999999999,254080234.0499998
2025-08-01 10:03:43 AM,324.35,0,0.0,254080234.0499998
2025-08-01 10:03:43 AM,324.35,247,80114.45000000001,254160348.4999998
2025-08-01 10:03:47 AM,324.2,0,0.0,254160348.4999998
2025-08-01 10:03:47 AM,324.1,0,0.0,254160348.4999998
2025-08-01 10:03:47 AM,324.1,1313,425543.30000000005,254585891.7999998
2025-08-01 10:03:49 AM,324.3,3,972.9000000000001,254586864.6999998
2025-08-01 10:03:53 AM,324.15,144,46677.6,254633542.2999998
2025-08-01 10:03:55 AM,324.15,1022,331281.3,254964823.59999982
2025-08-01 10:04:01 AM,324.1,406,131584.6,255096408.1999998
2025-08-01 10:04:03 AM,324.0,0,0.0,255096408.1999998
2025-08-01 10:04:05 AM,323.9,148,47937.2,255144345.3999998
2025-08-01 10:04:07 AM,324.1,0,0.0,255144345.3999998
2025-08-01 10:04:08 AM,324.1,2,648.2,255144993.5999998
2025-08-01 10:04:11 AM,324.05,0,0.0,255144993.5999998
2025-08-01 10:04:11 AM,324.05,476,154247.80000000002,255299241.3999998
2025-08-01 10:04:14 AM,324.1,187,60606.700000000004,255359848.0999998
2025-08-01 10:04:18 AM,324.1,5,1620.5,255361468.5999998
2025-08-01 10:04:20 AM,324.1,21,6806.1,255368274.69999978
2025-08-01 10:04:24 AM,324.1,7,2268.7000000000003,255370543.39999977
2025-08-01 10:04:26 AM,323.9,50,16194.999999999998,255386738.39999977
2025-08-01 10:04:30 AM,324.15,729,236305.34999999998,255623043.74999976
2025-08-01 10:04:33 AM,324.15,501,162399.15,255785442.89999977
2025-08-01 10:04:36 AM,324.1,0,0.0,255785442.89999977
2025-08-01 10:04:37 AM,324.1,120,38892.0,255824334.89999977
2025-08-01 10:04:39 AM,324.15,306,99189.9,255923524.79999977
2025-08-01 10:04:41 AM,324.1,0,0.0,255923524.79999977
2025-08-01 10:04:43 AM,324.3,230,74589.0,255998113.79999977
2025-08-01 10:04:45 AM,324.3,32,10377.6,256008491.39999977
2025-08-01 10:04:49 AM,324.25,0,0.0,256008491.39999977
2025-08-01 10:04:49 AM,324.25,401,130024.25,256138515.64999977
2025-08-01 10:04:51 AM,324.2,58,18803.6,256157319.24999976
2025-08-01 10:04:55 AM,324.2,67,21721.399999999998,256179040.64999977
2025-08-01 10:04:57 AM,324.2,7,2269.4,256181310.04999977
2025-08-01 10:05:01 AM,324.2,38,12319.6,256193629.64999977
2025-08-01 10:05:04 AM,324.0,0,0.0,256193629.64999977
2025-08-01 10:05:04 AM,324.0,32,10368.0,256203997.64999977
2025-08-01 10:05:08 AM,324.0,260,84240.0,256288237.64999977
2025-08-01 10:05:10 AM,324.15,0,0.0,256288237.64999977
2025-08-01 10:05:10 AM,324.15,28,9076.199999999999,256297313.84999976
2025-08-01 10:05:13 AM,324.1,0,0.0,256297313.84999976
2025-08-01 10:05:14 AM,324.1,757,245343.7,256542657.54999974
2025-08-01 10:05:16 AM,324.0,0,0.0,256542657.54999974
2025-08-01 10:05:16 AM,324.0,298,96552.0,256639209.54999974
2025-08-01 10:05:20 AM,324.0,139,45036.0,256684245.54999974
2025-08-01 10:05:22 AM,324.0,25,8100.0,256692345.54999974
2025-08-01 10:05:26 AM,324.0,101,32724.0,256725069.54999974
2025-08-01 10:05:28 AM,324.05,0,0.0,256725069.54999974
2025-08-01 10:05:28 AM,324.05,140,45367.0,256770436.54999974
2025-08-01 10:05:32 AM,323.9,0,0.0,256770436.54999974
2025-08-01 10:05:32 AM,323.75,449,145363.75,256915800.29999974
2025-08-01 10:05:38 AM,323.75,11,3561.25,256919361.54999974
2025-08-01 10:05:40 AM,323.6,56,18121.600000000002,256937483.14999974
2025-08-01 10:05:43 AM,323.75,0,0.0,256937483.14999974
2025-08-01 10:05:44 AM,323.75,579,187451.25,257124934.39999974
2025-08-01 10:05:46 AM,323.7,0,0.0,257124934.39999974
2025-08-01 10:05:46 AM,323.7,2,647.4,257125581.79999974
2025-08-01 10:05:50 AM,323.6,8,2588.8,257128170.59999976
2025-08-01 10:05:52 AM,323.5,0,0.0,257128170.59999976
2025-08-01 10:05:52 AM,323.5,6,1941.0,257130111.59999976
2025-08-01 10:05:56 AM,323.5,203,65670.5,257195782.09999976
2025-08-01 10:05:59 AM,323.6,0,0.0,257195782.09999976
2025-08-01 10:05:59 AM,323.6,2,647.2,257196429.29999974
2025-08-01 10:06:01 AM,323.5,0,0.0,257196429.29999974
2025-08-01 10:06:02 AM,323.5,1,323.5,257196752.79999974
2025-08-01 10:06:05 AM,323.55,0,0.0,257196752.79999974
2025-08-01 10:06:05 AM,323.55,58,18765.9,257215518.69999975
2025-08-01 10:06:08 AM,323.55,149,48208.950000000004,257263727.64999974
2025-08-01 10:06:11 AM,323.55,2,647.1,257264374.74999973
2025-08-01 10:06:14 AM,323.7,255,82543.5,257346918.24999973
2025-08-01 10:06:17 AM,323.6,1,323.6,257347241.84999973
2025-08-01 10:06:20 AM,323.6,25,8090.000000000001,257355331.84999973
2025-08-01 10:06:22 AM,323.6,25,8090.000000000001,257363421.84999973
2025-08-01 10:06:26 AM,323.6,76,24593.600000000002,257388015.44999972
2025-08-01 10:06:28 AM,323.6,11,3559.6000000000004,257391575.0499997
2025-08-01 10:06:31 AM,323.5,0,0.0,257391575.0499997
2025-08-01 10:06:32 AM,323.35,1251,404510.85000000003,257796085.8999997
2025-08-01 10:06:34 AM,323.45,0,0.0,257796085.8999997
2025-08-01 10:06:34 AM,323.45,130,42048.5,257838134.3999997
2025-08-01 10:06:38 AM,323.2,0,0.0,257838134.3999997
2025-08-01 10:06:38 AM,323.2,252,81446.4,257919580.7999997
2025-08-01 10:06:43 AM,323.35,0,0.0,257919580.7999997
2025-08-01 10:06:44 AM,323.35,185,59819.75000000001,257979400.5499997
2025-08-01 10:06:46 AM,323.35,4,1293.4,257980693.94999972
2025-08-01 10:06:50 AM,323.55,608,196718.4,258177412.34999973
2025-08-01 10:06:52 AM,323.55,1,323.55,258177735.89999974
2025-08-01 10:06:53 AM,323.45,0,0.0,258177735.89999974
2025-08-01 10:06:56 AM,323.55,514,166304.7,258344040.59999973
2025-08-01 10:06:58 AM,323.7,0,0.0,258344040.59999973
2025-08-01 10:06:58 AM,323.7,1,323.7,258344364.2999997
2025-08-01 10:07:02 AM,323.75,14,4532.5,258348896.7999997
2025-08-01 10:07:08 AM,323.5,0,0.0,258348896.7999997
2025-08-01 10:07:09 AM,323.35,55,17784.25,258366681.0499997
2025-08-01 10:07:11 AM,323.4,38,12289.199999999999,258378970.2499997
2025-08-01 10:07:15 AM,323.4,186,60152.399999999994,258439122.6499997
2025-08-01 10:07:17 AM,323.6,5,1618.0,258440740.6499997
2025-08-01 10:07:18 AM,323.65,0,0.0,258440740.6499997
2025-08-01 10:07:21 AM,323.65,16,5178.4,258445919.0499997
2025-08-01 10:07:23 AM,323.65,172,55667.799999999996,258501586.84999973
2025-08-01 10:07:27 AM,323.75,0,0.0,258501586.84999973
2025-08-01 10:07:28 AM,323.75,209,67663.75,258569250.59999973
2025-08-01 10:07:29 AM,323.6,210,67956.0,258637206.59999973
2025-08-01 10:07:34 AM,323.6,47,15209.2,258652415.7999997
2025-08-01 10:07:35 AM,323.55,0,0.0,258652415.7999997
2025-08-01 10:07:35 AM,323.55,37,11971.35,258664387.1499997
2025-08-01 10:07:40 AM,323.6,484,156622.40000000002,258821009.5499997
2025-08-01 10:07:41 AM,323.65,1,323.65,258821333.19999972
2025-08-01 10:07:45 AM,323.6,0,0.0,258821333.19999972
2025-08-01 10:07:46 AM,323.7,312,100994.4,258922327.59999973
2025-08-01 10:07:48 AM,323.6,119,38508.4,258960835.99999973
2025-08-01 10:07:50 AM,323.65,0,0.0,258960835.99999973
2025-08-01 10:07:52 AM,323.5,232,75052.0,259035887.99999973
2025-08-01 10:07:54 AM,323.5,1052,340322.0,259376209.99999973
2025-08-01 10:07:58 AM,323.45,151,48840.95,259425050.94999972
2025-08-01 10:08:00 AM,323.4,161,52067.399999999994,259477118.34999973
2025-08-01 10:08:04 AM,323.4,12,3880.7999999999997,259480999.14999974
2025-08-01 10:08:06 AM,323.5,84,27174.0,259508173.14999974
2025-08-01 10:08:11 AM,323.5,339,109666.5,259617839.64999974
2025-08-01 10:08:13 AM,323.45,1236,399784.2,260017623.84999973
2025-08-01 10:08:19 AM,323.5,0,0.0,260017623.84999973
2025-08-01 10:08:19 AM,323.5,2,647.0,260018270.84999973
2025-08-01 10:08:22 AM,323.6,0,0.0,260018270.84999973
2025-08-01 10:08:23 AM,323.35,110,35568.5,260053839.34999973
2025-08-01 10:08:27 AM,323.4,0,0.0,260053839.34999973
2025-08-01 10:08:29 AM,323.4,3,970.1999999999999,260054809.5499997
2025-08-01 10:08:31 AM,323.4,29,9378.599999999999,260064188.1499997
2025-08-01 10:08:36 AM,323.55,0,0.0,260064188.1499997
2025-08-01 10:08:37 AM,323.4,0,0.0,260064188.1499997
2025-08-01 10:08:37 AM,323.4,133,43012.2,260107200.3499997
2025-08-01 10:08:39 AM,323.55,0,0.0,260107200.3499997
2025-08-01 10:08:40 AM,323.4,0,0.0,260107200.3499997
2025-08-01 10:08:41 AM,323.4,75,24255.0,260131455.3499997
2025-08-01 10:08:43 AM,323.55,0,0.0,260131455.3499997
2025-08-01 10:08:43 AM,323.55,186,60180.3,260191635.6499997
2025-08-01 10:08:47 AM,323.4,30,9702.0,260201337.6499997
2025-08-01 10:08:48 AM,323.5,0,0.0,260201337.6499997
2025-08-01 10:08:49 AM,323.5,85,27497.5,260228835.1499997
2025-08-01 10:08:53 AM,323.5,9,2911.5,260231746.6499997
2025-08-01 10:08:54 AM,323.25,0,0.0,260231746.6499997
2025-08-01 10:08:54 AM,323.25,912,294804.0,260526550.6499997
2025-08-01 10:08:57 AM,323.2,0,0.0,260526550.6499997
2025-08-01 10:08:59 AM,323.2,259,83708.8,260610259.44999972
2025-08-01 10:09:00 AM,323.2,10,3232.0,260613491.44999972
2025-08-01 10:09:01 AM,323.25,0,0.0,260613491.44999972
2025-08-01 10:09:05 AM,323.45,561,181455.44999999998,260794946.8999997
2025-08-01 10:09:06 AM,323.5,1,323.5,260795270.3999997
2025-08-01 10:09:12 AM,323.55,0,0.0,260795270.3999997
2025-08-01 10:09:12 AM,323.5,199,64376.5,260859646.8999997
2025-08-01 10:09:15 AM,323.15,0,0.0,260859646.8999997
2025-08-01 10:09:17 AM,323.15,3300,1066395.0,261926041.8999997
2025-08-01 10:09:21 AM,323.55,0,0.0,261926041.8999997
2025-08-01 10:09:23 AM,323.55,12,3882.6000000000004,261929924.4999997
2025-08-01 10:09:24 AM,323.45,0,0.0,261929924.4999997
2025-08-01 10:09:24 AM,323.45,18,5822.099999999999,261935746.5999997
2025-08-01 10:09:27 AM,323.55,0,0.0,261935746.5999997
2025-08-01 10:09:29 AM,323.55,151,48856.05,261984602.6499997
2025-08-01 10:09:37 AM,323.45,0,0.0,261984602.6499997
2025-08-01 10:09:40 AM,323.55,450,145597.5,262130200.1499997
2025-08-01 10:09:42 AM,323.45,0,0.0,262130200.1499997
2025-08-01 10:09:42 AM,323.45,25,8086.25,262138286.3999997
2025-08-01 10:09:43 AM,323.55,0,0.0,262138286.3999997
2025-08-01 10:09:46 AM,323.55,185,59856.75,262198143.1499997
2025-08-01 10:09:48 AM,323.55,1,323.55,262198466.69999972
2025-08-01 10:09:51 AM,323.55,138,44649.9,262243116.59999973
2025-08-01 10:09:57 AM,323.55,30,9706.5,262252823.09999973
2025-08-01 10:10:03 AM,323.55,208,67298.40000000001,262320121.49999973
2025-08-01 10:10:04 AM,323.45,0,0.0,262320121.49999973
2025-08-01 10:10:04 AM,323.55,132,42708.6,262362830.09999973
2025-08-01 10:10:07 AM,323.4,0,0.0,262362830.09999973
2025-08-01 10:10:08 AM,323.55,0,0.0,262362830.09999973
2025-08-01 10:10:08 AM,323.55,62,20060.100000000002,262382890.19999972
2025-08-01 10:10:10 AM,323.5,0,0.0,262382890.19999972
2025-08-01 10:10:10 AM,323.5,11,3558.5,262386448.69999972
2025-08-01 10:10:14 AM,323.45,0,0.0,262386448.69999972
2025-08-01 10:10:14 AM,323.25,887,286722.75,262673171.44999972
2025-08-01 10:10:16 AM,323.35,0,0.0,262673171.44999972
2025-08-01 10:10:16 AM,323.35,10,3233.5,262676404.94999972
2025-08-01 10:10:20 AM,323.35,37,11963.95,262688368.8999997
2025-08-01 10:10:24 AM,323.3,0,0.0,262688368.8999997
2025-08-01 10:10:26 AM,323.3,14,4526.2,262692895.0999997
2025-08-01 10:10:28 AM,323.2,444,143500.8,262836395.8999997
2025-08-01 10:10:30 AM,323.25,0,0.0,262836395.8999997
2025-08-01 10:10:32 AM,323.25,67,21657.75,262858053.6499997
2025-08-01 10:10:34 AM,323.15,164,52996.6,262911050.2499997
2025-08-01 10:10:40 AM,323.15,57,18419.55,262929469.7999997
2025-08-01 10:10:42 AM,323.25,0,0.0,262929469.7999997
2025-08-01 10:10:44 AM,323.2,287,92758.4,263022228.19999972
2025-08-01 10:10:46 AM,323.25,1,323.25,263022551.44999972
2025-08-01 10:10:50 AM,323.25,19,6141.75,263028693.19999972
2025-08-01 10:10:54 AM,323.2,0,0.0,263028693.19999972
2025-08-01 10:10:56 AM,323.2,9,2908.7999999999997,263031601.99999973
2025-08-01 10:10:59 AM,323.25,0,0.0,263031601.99999973
2025-08-01 10:11:02 AM,323.25,200,64650.0,263096251.99999973
2025-08-01 10:11:08 AM,323.2,119,38460.799999999996,263134712.79999974
2025-08-01 10:11:10 AM,323.2,57,18422.399999999998,263153135.19999975
2025-08-01 10:11:12 AM,323.25,0,0.0,263153135.19999975
2025-08-01 10:11:14 AM,323.2,246,79507.2,263232642.39999974
2025-08-01 10:11:20 AM,323.25,6,1939.5,263234581.89999974
2025-08-01 10:11:25 AM,323.25,4,1293.0,263235874.89999974
2025-08-01 10:11:31 AM,323.25,581,187808.25,263423683.14999974
2025-08-01 10:11:32 AM,323.3,1,323.3,263424006.44999975
2025-08-01 10:11:37 AM,323.3,127,41059.1,263465065.54999974
2025-08-01 10:11:38 AM,323.3,1,323.3,263465388.84999976
2025-08-01 10:11:42 AM,323.25,0,0.0,263465388.84999976
2025-08-01 10:11:43 AM,323.3,221,71449.3,263536838.14999977
2025-08-01 10:11:49 AM,323.3,1,323.3,263537161.44999978
2025-08-01 10:11:50 AM,323.3,8,2586.4,263539747.8499998
2025-08-01 10:11:54 AM,323.3,37,11962.1,263551709.94999978
2025-08-01 10:12:00 AM,323.25,491,158715.75,263710425.69999978
2025-08-01 10:12:02 AM,323.35,56,18107.600000000002,263728533.29999977
2025-08-01 10:12:04 AM,323.2,0,0.0,263728533.29999977
2025-08-01 10:12:06 AM,323.15,0,0.0,263728533.29999977
2025-08-01 10:12:06 AM,323.1,1806,583518.6000000001,264312051.89999977
2025-08-01 10:12:08 AM,323.15,9,2908.35,264314960.24999976
2025-08-01 10:12:12 AM,323.1,0,0.0,264314960.24999976
2025-08-01 10:12:12 AM,323.15,553,178701.94999999998,264493662.19999975
2025-08-01 10:12:13 AM,323.2,10,3232.0,264496894.19999975
2025-08-01 10:12:18 AM,323.2,40,12928.0,264509822.19999975
2025-08-01 10:12:21 AM,323.3,0,0.0,264509822.19999975
2025-08-01 10:12:24 AM,323.35,0,0.0,264509822.19999975
2025-08-01 10:12:24 AM,323.3,23,7435.900000000001,264517258.09999976
2025-08-01 10:12:30 AM,323.35,0,0.0,264517258.09999976
2025-08-01 10:12:30 AM,323.35,209,67580.15000000001,264584838.24999976
2025-08-01 10:12:33 AM,323.45,0,0.0,264584838.24999976
2025-08-01 10:12:35 AM,323.7,794,257017.8,264841856.04999977
2025-08-01 10:12:39 AM,323.8,0,0.0,264841856.04999977
2025-08-01 10:12:41 AM,323.7,651,210728.69999999998,265052584.74999976
2025-08-01 10:12:45 AM,323.8,0,0.0,265052584.74999976
2025-08-01 10:12:47 AM,323.7,187,60531.9,265113116.64999977
2025-08-01 10:12:51 AM,323.75,0,0.0,265113116.64999977
2025-08-01 10:12:53 AM,323.75,28,9065.0,265122181.64999977
2025-08-01 10:12:58 AM,323.7,2149,695631.2999999999,265817812.94999978
2025-08-01 10:13:00 AM,323.65,0,0.0,265817812.94999978
2025-08-01 10:13:04 AM,323.55,0,0.0,265817812.94999978
2025-08-01 10:13:04 AM,323.6,370,119732.00000000001,265937544.94999978
2025-08-01 10:13:06 AM,323.55,0,0.0,265937544.94999978
2025-08-01 10:13:09 AM,323.5,0,0.0,265937544.94999978
2025-08-01 10:13:10 AM,323.4,0,0.0,265937544.94999978
2025-08-01 10:13:10 AM,323.4,191,61769.399999999994,265999314.3499998
2025-08-01 10:13:16 AM,323.5,373,120665.5,266119979.8499998
2025-08-01 10:13:17 AM,323.5,28,9058.0,266129037.8499998
2025-08-01 10:13:18 AM,323.4,0,0.0,266129037.8499998
2025-08-01 10:13:21 AM,323.5,0,0.0,266129037.8499998
2025-08-01 10:13:22 AM,323.5,229,74081.5,266203119.3499998
2025-08-01 10:13:23 AM,323.5,5,1617.5,266204736.8499998
2025-08-01 10:13:27 AM,323.4,0,0.0,266204736.8499998
2025-08-01 10:13:28 AM,323.5,91,29438.5,266234175.3499998
2025-08-01 10:13:34 AM,323.5,433,140075.5,266374250.8499998
2025-08-01 10:13:40 AM,323.5,22,7117.0,266381367.8499998
2025-08-01 10:13:42 AM,323.65,0,0.0,266381367.8499998
2025-08-01 10:13:45 AM,323.75,0,0.0,266381367.8499998
2025-08-01 10:13:46 AM,323.75,956,309505.0,266690872.8499998
2025-08-01 10:13:48 AM,323.7,0,0.0,266690872.8499998
2025-08-01 10:13:52 AM,323.7,9,2913.2999999999997,266693786.1499998
2025-08-01 10:13:58 AM,323.7,5,1618.5,266695404.6499998
2025-08-01 10:13:58 AM,323.7,1,323.7,266695728.3499998
2025-08-01 10:14:03 AM,323.6,0,0.0,266695728.3499998
2025-08-01 10:14:03 AM,323.6,6,1941.6000000000001,266697669.94999978
2025-08-01 10:14:04 AM,323.5,133,43025.5,266740695.44999978
2025-08-01 10:14:06 AM,323.65,0,0.0,266740695.44999978
2025-08-01 10:14:09 AM,323.5,0,0.0,266740695.44999978
2025-08-01 10:14:09 AM,323.5,125,40437.5,266781132.94999978
2025-08-01 10:14:15 AM,323.65,0,0.0,266781132.94999978
2025-08-01 10:14:15 AM,323.65,200,64729.99999999999,266845862.94999978
2025-08-01 10:14:16 AM,323.55,25,8088.75,266853951.69999978
2025-08-01 10:14:18 AM,323.65,0,0.0,266853951.69999978
2025-08-01 10:14:21 AM,323.8,0,0.0,266853951.69999978
2025-08-01 10:14:21 AM,323.8,169,54722.200000000004,266908673.89999977
2025-08-01 10:14:24 AM,323.75,0,0.0,266908673.89999977
2025-08-01 10:14:26 AM,323.85,4495,1455705.75,268364379.64999977
2025-08-01 10:14:30 AM,323.8,0,0.0,268364379.64999977
2025-08-01 10:14:32 AM,323.75,290,93887.5,268458267.14999974
2025-08-01 10:14:38 AM,323.6,1062,343663.2,268801930.3499997
2025-08-01 10:14:42 AM,323.5,0,0.0,268801930.3499997
2025-08-01 10:14:44 AM,323.6,623,201602.80000000002,269003533.14999974
2025-08-01 10:14:45 AM,323.6,1,323.6,269003856.74999976
2025-08-01 10:14:51 AM,323.6,8,2588.8,269006445.5499998
2025-08-01 10:14:55 AM,323.6,374,121026.40000000001,269127471.94999975
2025-08-01 10:14:56 AM,323.75,1,323.75,269127795.69999975
2025-08-01 10:15:00 AM,323.8,0,0.0,269127795.69999975
2025-08-01 10:15:01 AM,323.8,52,16837.600000000002,269144633.2999998
2025-08-01 10:15:07 AM,323.8,7,2266.6,269146899.8999998
2025-08-01 10:15:10 AM,323.85,0,0.0,269146899.8999998
2025-08-01 10:15:12 AM,323.85,612,198196.2,269345096.0999998
2025-08-01 10:15:13 AM,323.8,93,30113.4,269375209.49999976
2025-08-01 10:15:15 AM,323.75,0,0.0,269375209.49999976
2025-08-01 10:15:18 AM,323.8,0,0.0,269375209.49999976
2025-08-01 10:15:19 AM,323.8,507,164166.6,269539376.0999998
2025-08-01 10:15:25 AM,323.75,437,141478.75,269680854.8499998
2025-08-01 10:15:27 AM,323.8,0,0.0,269680854.8499998
2025-08-01 10:15:29 AM,323.6,0,0.0,269680854.8499998
2025-08-01 10:15:31 AM,323.6,1813,586686.8,270267541.6499998
2025-08-01 10:15:33 AM,323.65,0,0.0,270267541.6499998
2025-08-01 10:15:35 AM,323.55,0,0.0,270267541.6499998
2025-08-01 10:15:37 AM,323.6,295,95462.0,270363003.6499998
2025-08-01 10:15:38 AM,323.6,298,96432.8,270459436.4499998
2025-08-01 10:15:41 AM,323.55,0,0.0,270459436.4499998
2025-08-01 10:15:42 AM,323.6,0,0.0,270459436.4499998
2025-08-01 10:15:43 AM,323.6,356,115201.6,270574638.04999983
2025-08-01 10:15:43 AM,323.6,18,5824.8,270580462.84999985
2025-08-01 10:15:49 AM,323.6,32,10355.2,270590818.04999983
2025-08-01 10:15:52 AM,323.75,0,0.0,270590818.04999983
2025-08-01 10:15:55 AM,323.75,313,101333.75,270692151.79999983
2025-08-01 10:16:01 AM,323.75,22,7122.5,270699274.29999983
2025-08-01 10:16:06 AM,323.75,10,3237.5,270702511.79999983
2025-08-01 10:16:11 AM,323.6,0,0.0,270702511.79999983
2025-08-01 10:16:12 AM,323.7,0,0.0,270702511.79999983
2025-08-01 10:16:12 AM,323.75,642,207847.5,270910359.29999983
2025-08-01 10:16:12 AM,323.75,186,60217.5,270970576.79999983
2025-08-01 10:16:14 AM,323.7,0,0.0,270970576.79999983
2025-08-01 10:16:15 AM,323.75,0,0.0,270970576.79999983
2025-08-01 10:16:18 AM,323.7,0,0.0,270970576.79999983
2025-08-01 10:16:18 AM,323.7,183,59237.1,271029813.89999986
2025-08-01 10:16:18 AM,323.6,33,10678.800000000001,271040492.69999987
2025-08-01 10:16:21 AM,323.65,0,0.0,271040492.69999987
2025-08-01 10:16:24 AM,323.65,72,23302.8,271063795.4999999
2025-08-01 10:16:26 AM,323.5,0,0.0,271063795.4999999
2025-08-01 10:16:27 AM,323.45,0,0.0,271063795.4999999
2025-08-01 10:16:30 AM,323.45,2080,672776.0,271736571.4999999
2025-08-01 10:16:35 AM,323.4,0,0.0,271736571.4999999
2025-08-01 10:16:36 AM,323.4,65,21021.0,271757592.4999999
2025-08-01 10:16:38 AM,323.45,0,0.0,271757592.4999999
2025-08-01 10:16:41 AM,323.4,0,0.0,271757592.4999999
2025-08-01 10:16:41 AM,323.4,40,12936.0,271770528.4999999
2025-08-01 10:16:44 AM,323.45,0,0.0,271770528.4999999
2025-08-01 10:16:47 AM,323.4,0,0.0,271770528.4999999
2025-08-01 10:16:47 AM,323.4,262,84730.79999999999,271855259.2999999
2025-08-01 10:16:48 AM,323.55,0,0.0,271855259.2999999
2025-08-01 10:16:50 AM,323.4,0,0.0,271855259.2999999
2025-08-01 10:16:51 AM,323.55,0,0.0,271855259.2999999
2025-08-01 10:16:52 AM,323.55,2027,655835.85,272511095.1499999
2025-08-01 10:16:54 AM,323.45,0,0.0,272511095.1499999
2025-08-01 10:16:56 AM,323.55,0,0.0,272511095.1499999
2025-08-01 10:16:58 AM,323.55,344,111301.2,272622396.3499999
2025-08-01 10:17:03 AM,323.55,609,197041.95,272819438.2999999
2025-08-01 10:17:09 AM,323.55,1,323.55,272819761.8499999
2025-08-01 10:17:09 AM,323.4,42,13582.8,272833344.6499999
2025-08-01 10:17:12 AM,323.55,0,0.0,272833344.6499999
2025-08-01 10:17:15 AM,323.4,0,0.0,272833344.6499999
2025-08-01 10:17:15 AM,323.4,247,79879.79999999999,272913224.4499999
2025-08-01 10:17:21 AM,323.55,12,3882.6000000000004,272917107.04999995
2025-08-01 10:17:27 AM,323.5,2,647.0,272917754.04999995
2025-08-01 10:17:27 AM,323.5,5,1617.5,272919371.54999995
2025-08-01 10:17:30 AM,323.4,0,0.0,272919371.54999995
2025-08-01 10:17:32 AM,323.4,87,28135.8,272947507.34999996
2025-08-01 10:17:35 AM,323.5,0,0.0,272947507.34999996
2025-08-01 10:17:38 AM,323.5,128,41408.0,272988915.34999996
2025-08-01 10:17:42 AM,323.4,0,0.0,272988915.34999996
2025-08-01 10:17:44 AM,323.4,307,99283.79999999999,273088199.15
2025-08-01 10:17:44 AM,323.5,45,14557.5,273102756.65
2025-08-01 10:17:48 AM,323.4,0,0.0,273102756.65
2025-08-01 10:17:50 AM,323.4,179,57888.6,273160645.25
2025-08-01 10:17:51 AM,323.5,0,0.0,273160645.25
2025-08-01 10:17:55 AM,323.4,384,124185.59999999999,273284830.85
2025-08-01 10:18:01 AM,323.3,400,129320.0,273414150.85
2025-08-01 10:18:07 AM,323.3,279,90200.7,273504351.55
2025-08-01 10:18:11 AM,323.45,0,0.0,273504351.55
2025-08-01 10:18:13 AM,323.45,194,62749.299999999996,273567100.85
2025-08-01 10:18:19 AM,323.45,35,11320.75,273578421.6
2025-08-01 10:18:25 AM,323.45,10,3234.5,273581656.1
2025-08-01 10:18:27 AM,323.4,0,0.0,273581656.1
2025-08-01 10:18:31 AM,323.4,1001,323723.39999999997,273905379.5
2025-08-01 10:18:32 AM,323.45,0,0.0,273905379.5
2025-08-01 10:18:35 AM,323.25,0,0.0,273905379.5
2025-08-01 10:18:36 AM,323.25,130,42022.5,273947402.0
2025-08-01 10:18:37 AM,323.3,52,16811.600000000002,273964213.6
2025-08-01 10:18:38 AM,323.4,0,0.0,273964213.6
2025-08-01 10:18:42 AM,323.45,236,76334.2,274040547.8
2025-08-01 10:18:42 AM,323.3,50,16165.0,274056712.8
2025-08-01 10:18:51 AM,323.5,0,0.0,274056712.8
2025-08-01 10:18:53 AM,323.5,118,38173.0,274094885.8
2025-08-01 10:18:55 AM,323.4,0,0.0,274094885.8
2025-08-01 10:18:57 AM,323.45,0,0.0,274094885.8
2025-08-01 10:18:59 AM,323.5,0,0.0,274094885.8
2025-08-01 10:18:59 AM,323.5,159,51436.5,274146322.3
2025-08-01 10:19:01 AM,323.4,0,0.0,274146322.3
2025-08-01 10:19:03 AM,323.5,0,0.0,274146322.3
2025-08-01 10:19:04 AM,323.4,0,0.0,274146322.3
2025-08-01 10:19:05 AM,323.4,88,28459.199999999997,274174781.5
2025-08-01 10:19:08 AM,323.5,0,0.0,274174781.5
2025-08-01 10:19:10 AM,323.5,33,10675.5,274185457.0
2025-08-01 10:19:16 AM,323.5,203,65670.5,274251127.5
2025-08-01 10:19:22 AM,323.5,56,18116.0,274269243.5
2025-08-01 10:19:28 AM,323.6,0,0.0,274269243.5
2025-08-01 10:19:28 AM,323.6,2006,649141.6000000001,274918385.1
2025-08-01 10:19:31 AM,323.5,0,0.0,274918385.1
2025-08-01 10:19:34 AM,323.4,0,0.0,274918385.1
2025-08-01 10:19:34 AM,323.4,59,19080.6,274937465.70000005
2025-08-01 10:19:37 AM,323.5,0,0.0,274937465.70000005
2025-08-01 10:19:39 AM,323.5,2,647.0,274938112.70000005
2025-08-01 10:19:40 AM,323.4,0,0.0,274938112.70000005
2025-08-01 10:19:40 AM,323.4,39,12612.599999999999,274950725.3000001
2025-08-01 10:19:45 AM,323.4,357,115453.79999999999,275066179.1000001
2025-08-01 10:19:51 AM,323.5,7,2264.5,275068443.6000001
2025-08-01 10:19:55 AM,323.45,0,0.0,275068443.6000001
2025-08-01 10:19:56 AM,323.4,556,179810.4,275248254.00000006
2025-08-01 10:20:01 AM,323.55,0,0.0,275248254.00000006
2025-08-01 10:20:02 AM,323.55,11,3559.05,275251813.0500001
2025-08-01 10:20:07 AM,323.5,0,0.0,275251813.0500001
2025-08-01 10:20:07 AM,323.6,585,189306.0,275441119.0500001
2025-08-01 10:20:12 AM,323.55,226,73122.3,275514241.3500001
2025-08-01 10:20:19 AM,323.55,6,1941.3000000000002,275516182.6500001
2025-08-01 10:20:20 AM,323.6,6,1941.6000000000001,275518124.2500001
2025-08-01 10:20:22 AM,323.55,0,0.0,275518124.2500001
2025-08-01 10:20:25 AM,323.55,2,647.1,275518771.35000014
2025-08-01 10:20:30 AM,323.55,167,54032.85,275572804.20000017
2025-08-01 10:20:31 AM,323.6,0,0.0,275572804.20000017
2025-08-01 10:20:32 AM,323.6,22,7119.200000000001,275579923.40000015
2025-08-01 10:20:36 AM,323.75,0,0.0,275579923.40000015
2025-08-01 10:20:36 AM,323.8,559,181004.2,275760927.60000014
2025-08-01 10:20:38 AM,323.8,1,323.8,275761251.40000015
2025-08-01 10:20:43 AM,323.8,187,60550.6,275821802.0000002
2025-08-01 10:20:49 AM,323.8,10,3238.0,275825040.0000002
2025-08-01 10:20:51 AM,323.8,8,2590.4,275827630.40000015
2025-08-01 10:20:54 AM,323.8,87,28170.600000000002,275855801.0000002
2025-08-01 10:20:56 AM,323.85,0,0.0,275855801.0000002
2025-08-01 10:20:56 AM,323.85,10,3238.5,275859039.5000002
2025-08-01 10:20:58 AM,323.7,0,0.0,275859039.5000002
2025-08-01 10:21:00 AM,323.85,0,0.0,275859039.5000002
2025-08-01 10:21:00 AM,323.85,401,129863.85,275988903.3500002
2025-08-01 10:21:02 AM,323.7,0,0.0,275988903.3500002
2025-08-01 10:21:02 AM,323.7,51,16508.7,276005412.0500002
2025-08-01 10:21:05 AM,323.7,122,39491.4,276044903.45000017
2025-08-01 10:21:07 AM,323.6,1000,323600.0,276368503.45000017
2025-08-01 10:21:10 AM,323.8,0,0.0,276368503.45000017
2025-08-01 10:21:11 AM,323.75,8,2590.0,276371093.45000017
2025-08-01 10:21:12 AM,323.6,0,0.0,276371093.45000017
2025-08-01 10:21:13 AM,323.75,212,68635.0,276439728.45000017
2025-08-01 10:21:16 AM,323.7,0,0.0,276439728.45000017
2025-08-01 10:21:17 AM,323.7,2986,966568.2,277406296.65000015
2025-08-01 10:21:20 AM,323.75,0,0.0,277406296.65000015
2025-08-01 10:21:22 AM,323.55,0,0.0,277406296.65000015
2025-08-01 10:21:22 AM,323.55,122,39473.1,277445769.7500002
2025-08-01 10:21:24 AM,323.7,219,70890.3,277516660.0500002
2025-08-01 10:21:28 AM,323.55,0,0.0,277516660.0500002
2025-08-01 10:21:28 AM,323.55,110,35590.5,277552250.5500002
2025-08-01 10:21:33 AM,323.7,0,0.0,277552250.5500002
2025-08-01 10:21:33 AM,323.7,1,323.7,277552574.2500002
2025-08-01 10:21:35 AM,323.55,107,34619.85,277587194.1000002
2025-08-01 10:21:38 AM,323.85,281,91001.85,277678195.9500002
2025-08-01 10:21:40 AM,323.85,5,1619.25,277679815.2000002
2025-08-01 10:21:44 AM,323.8,185,59903.0,277739718.2000002
2025-08-01 10:21:45 AM,323.75,0,0.0,277739718.2000002
2025-08-01 10:21:46 AM,323.65,0,0.0,277739718.2000002
2025-08-01 10:21:46 AM,323.65,319,103244.34999999999,277842962.55000025
2025-08-01 10:21:49 AM,323.85,0,0.0,277842962.55000025
2025-08-01 10:21:50 AM,323.85,3,971.5500000000001,277843934.10000026
2025-08-01 10:21:51 AM,323.8,0,0.0,277843934.10000026
2025-08-01 10:21:52 AM,323.8,103,33351.4,277877285.50000024
2025-08-01 10:21:56 AM,323.7,348,112647.59999999999,277989933.10000026
2025-08-01 10:22:01 AM,323.7,30,9711.0,277999644.10000026
2025-08-01 10:22:03 AM,323.7,336,108763.2,278108407.30000025
2025-08-01 10:22:06 AM,323.65,0,0.0,278108407.30000025
2025-08-01 10:22:07 AM,323.65,12,3883.7999999999997,278112291.10000026
2025-08-01 10:22:09 AM,323.65,26,8414.9,278120706.00000024
2025-08-01 10:22:12 AM,323.7,0,0.0,278120706.00000024
2025-08-01 10:22:13 AM,323.7,20,6474.0,278127180.00000024
2025-08-01 10:22:14 AM,323.65,380,122986.99999999999,278250167.00000024
2025-08-01 10:22:18 AM,323.65,347,112306.54999999999,278362473.55000025
2025-08-01 10:22:20 AM,323.75,6,1942.5,278364416.05000025
2025-08-01 10:22:24 AM,323.8,0,0.0,278364416.05000025
