date,price,qty,trnvr,cum_trnvr
2025-08-01 09:15:07 AM,1006.6,1780,1791748.0,1791748.0
2025-08-01 09:15:07 AM,1007.0,0,0.0,1791748.0
2025-08-01 09:15:09 AM,1004.7,391,392837.7,2184585.7
2025-08-01 09:15:15 AM,1004.4,0,0.0,2184585.7
2025-08-01 09:15:18 AM,1004.0,384,385536.0,2570121.7
2025-08-01 09:15:24 AM,1003.6,0,0.0,2570121.7
2025-08-01 09:15:28 AM,1003.6,72,72259.2,2642380.9000000004
2025-08-01 09:15:29 AM,1003.6,5,5018.0,2647398.9000000004
2025-08-01 09:15:35 AM,1002.8,0,0.0,2647398.9000000004
2025-08-01 09:15:36 AM,1002.8,4,4011.2,2651410.1000000006
2025-08-01 09:15:38 AM,1002.8,1,1002.8,2652412.9000000004
2025-08-01 09:15:46 AM,1004.0,5,5020.0,2657432.9000000004
2025-08-01 09:15:48 AM,1002.1,0,0.0,2657432.9000000004
2025-08-01 09:15:51 AM,1001.9,0,0.0,2657432.9000000004
2025-08-01 09:15:53 AM,1002.9,1219,1222535.0999999999,3879968.0
2025-08-01 09:15:55 AM,1001.5,24,24036.0,3904004.0
2025-08-01 09:15:57 AM,1001.1,0,0.0,3904004.0
2025-08-01 09:15:59 AM,1000.1,0,0.0,3904004.0
2025-08-01 09:16:01 AM,1000.1,146,146014.6,4050018.6
2025-08-01 09:16:03 AM,1001.4,1,1001.4,4051020.0
2025-08-01 09:16:09 AM,999.2,163,162869.6,4213889.6
2025-08-01 09:16:12 AM,998.3,0,0.0,4213889.6
2025-08-01 09:16:17 AM,998.3,11,10981.3,4224870.899999999
2025-08-01 09:16:26 AM,998.3,203,202654.9,4427525.8
2025-08-01 09:16:27 AM,997.0,111,110667.0,4538192.8
2025-08-01 09:16:31 AM,997.8,0,0.0,4538192.8
2025-08-01 09:16:33 AM,998.0,0,0.0,4538192.8
2025-08-01 09:16:34 AM,998.0,11,10978.0,4549170.8
2025-08-01 09:16:41 AM,999.3,0,0.0,4549170.8
2025-08-01 09:16:42 AM,999.3,100,99930.0,4649100.8
2025-08-01 09:16:50 AM,997.8,15,14967.0,4664067.8
2025-08-01 09:16:53 AM,999.3,0,0.0,4664067.8
2025-08-01 09:16:58 AM,999.1,150,149865.0,4813932.8
2025-08-01 09:17:00 AM,999.2,0,0.0,4813932.8
2025-08-01 09:17:07 AM,1000.1,208,208020.80000000002,5021953.6
2025-08-01 09:17:16 AM,1001.3,5,5006.5,5026960.1
2025-08-01 09:17:20 AM,1000.5,0,0.0,5026960.1
2025-08-01 09:17:23 AM,1001.0,57,57057.0,5084017.1
2025-08-01 09:17:28 AM,1002.4,0,0.0,5084017.1
2025-08-01 09:17:31 AM,1002.4,500,501200.0,5585217.1
2025-08-01 09:17:32 AM,1001.4,1,1001.4,5586218.5
2025-08-01 09:17:34 AM,1002.4,0,0.0,5586218.5
2025-08-01 09:17:40 AM,1002.2,341,341750.2,5927968.7
2025-08-01 09:17:43 AM,1001.1,0,0.0,5927968.7
2025-08-01 09:17:48 AM,1002.2,2,2004.4,5929973.100000001
2025-08-01 09:17:49 AM,1000.4,206,206082.4,6136055.500000001
2025-08-01 09:17:52 AM,999.6,0,0.0,6136055.500000001
2025-08-01 09:17:56 AM,999.6,82,81967.2,6218022.700000001
2025-08-01 09:18:00 AM,1000.0,0,0.0,6218022.700000001
2025-08-01 09:18:03 AM,998.2,0,0.0,6218022.700000001
2025-08-01 09:18:05 AM,998.2,56,55899.200000000004,6273921.900000001
2025-08-01 09:18:06 AM,999.5,272,271864.0,6545785.900000001
2025-08-01 09:18:08 AM,999.7,0,0.0,6545785.900000001
2025-08-01 09:18:10 AM,999.9,0,0.0,6545785.900000001
2025-08-01 09:18:13 AM,999.9,4,3999.6,6549785.500000001
2025-08-01 09:18:18 AM,999.7,0,0.0,6549785.500000001
2025-08-01 09:18:21 AM,1001.3,525,525682.5,7075468.000000001
2025-08-01 09:18:34 AM,1002.1,0,0.0,7075468.000000001
2025-08-01 09:18:38 AM,1002.1,7,7014.7,7082482.700000001
2025-08-01 09:18:39 AM,1001.7,83,83141.1,7165623.800000001
2025-08-01 09:18:46 AM,1000.8,1,1000.8,7166624.600000001
2025-08-01 09:18:50 AM,1001.6,0,0.0,7166624.600000001
2025-08-01 09:18:54 AM,1000.8,15,15012.0,7181636.600000001
2025-08-01 09:19:02 AM,1000.8,147,147117.6,7328754.2
2025-08-01 09:19:04 AM,999.8,0,0.0,7328754.2
2025-08-01 09:19:10 AM,999.9,148,147985.19999999998,7476739.4
2025-08-01 09:19:11 AM,999.1,1,999.1,7477738.5
2025-08-01 09:19:18 AM,998.9,100,99890.0,7577628.5
2025-08-01 09:19:21 AM,998.6,0,0.0,7577628.5
2025-08-01 09:19:26 AM,1000.8,218,218174.4,7795802.9
2025-08-01 09:19:34 AM,1000.5,4,4002.0,7799804.9
2025-08-01 09:19:36 AM,999.9,54,53994.6,7853799.5
2025-08-01 09:19:42 AM,999.8,0,0.0,7853799.5
2025-08-01 09:19:42 AM,999.8,1,999.8,7854799.3
2025-08-01 09:19:44 AM,1000.5,165,165082.5,8019881.8
2025-08-01 09:19:50 AM,1001.0,0,0.0,8019881.8
2025-08-01 09:19:50 AM,1001.0,2,2002.0,8021883.8
2025-08-01 09:19:58 AM,1001.0,1,1001.0,8022884.8
2025-08-01 09:20:06 AM,1001.0,1,1001.0,8023885.8
2025-08-01 09:20:16 AM,1001.2,13,13015.6,8036901.399999999
2025-08-01 09:20:22 AM,1001.2,242,242290.40000000002,8279191.8
2025-08-01 09:20:33 AM,1000.4,0,0.0,8279191.8
2025-08-01 09:20:37 AM,1000.5,0,0.0,8279191.8
2025-08-01 09:20:38 AM,1000.5,24,24012.0,8303203.8
2025-08-01 09:20:47 AM,1000.6,2,2001.2,8305205.0
2025-08-01 09:20:51 AM,1000.7,0,0.0,8305205.0
2025-08-01 09:20:54 AM,1000.5,22,22011.0,8327216.0
2025-08-01 09:20:54 AM,1000.6,0,0.0,8327216.0
2025-08-01 09:20:55 AM,1000.6,1,1000.6,8328216.6
2025-08-01 09:21:07 AM,1000.5,0,0.0,8328216.6
2025-08-01 09:21:09 AM,1001.2,89,89106.8,8417323.4
2025-08-01 09:21:19 AM,1002.0,0,0.0,8417323.4
2025-08-01 09:21:25 AM,1002.0,47,47094.0,8464417.4
2025-08-01 09:21:28 AM,1001.4,0,0.0,8464417.4
2025-08-01 09:21:33 AM,1001.1,105,105115.5,8569532.9
2025-08-01 09:21:35 AM,1001.5,0,0.0,8569532.9
2025-08-01 09:21:38 AM,1001.8,0,0.0,8569532.9
2025-08-01 09:21:40 AM,1001.8,284,284511.2,8854044.1
2025-08-01 09:21:44 AM,1001.7,0,0.0,8854044.1
2025-08-01 09:21:48 AM,1001.7,11,11018.7,8865062.799999999
2025-08-01 09:21:54 AM,1001.8,0,0.0,8865062.799999999
2025-08-01 09:21:55 AM,1001.8,7,7012.599999999999,8872075.399999999
2025-08-01 09:21:58 AM,1002.3,0,0.0,8872075.399999999
2025-08-01 09:22:03 AM,1002.3,89,89204.7,8961280.099999998
2025-08-01 09:22:05 AM,1003.0,0,0.0,8961280.099999998
2025-08-01 09:22:11 AM,1003.0,3,3009.0,8964289.099999998
2025-08-01 09:22:12 AM,1003.0,1,1003.0,8965292.099999998
2025-08-01 09:22:18 AM,1002.5,16,16040.0,8981332.099999998
2025-08-01 09:22:22 AM,1003.0,0,0.0,8981332.099999998
2025-08-01 09:22:26 AM,1002.4,31,31074.399999999998,9012406.499999998
2025-08-01 09:22:29 AM,1003.2,0,0.0,9012406.499999998
2025-08-01 09:22:34 AM,1002.1,2925,2931142.5,11943548.999999998
2025-08-01 09:22:35 AM,1001.0,130,130130.0,12073678.999999998
2025-08-01 09:22:41 AM,1000.1,71,71007.1,12144686.099999998
2025-08-01 09:22:48 AM,1000.6,0,0.0,12144686.099999998
2025-08-01 09:22:49 AM,1000.6,1,1000.6,12145686.699999997
2025-08-01 09:22:58 AM,1000.4,24,24009.6,12169696.299999997
2025-08-01 09:23:08 AM,1000.1,0,0.0,12169696.299999997
2025-08-01 09:23:12 AM,1000.1,106,106010.6,12275706.899999997
2025-08-01 09:23:19 AM,1001.3,1,1001.3,12276708.199999997
2025-08-01 09:23:27 AM,1000.0,155,155000.0,12431708.199999997
2025-08-01 09:23:34 AM,998.9,0,0.0,12431708.199999997
2025-08-01 09:23:34 AM,998.9,116,115872.4,12547580.599999998
2025-08-01 09:23:41 AM,997.8,0,0.0,12547580.599999998
2025-08-01 09:23:42 AM,997.8,111,110755.79999999999,12658336.399999999
2025-08-01 09:23:47 AM,998.5,0,0.0,12658336.399999999
2025-08-01 09:23:50 AM,997.7,5,4988.5,12663324.899999999
2025-08-01 09:23:57 AM,997.5,15,14962.5,12678287.399999999
2025-08-01 09:23:59 AM,997.6,1,997.6,12679284.999999998
2025-08-01 09:24:00 AM,998.0,0,0.0,12679284.999999998
2025-08-01 09:24:05 AM,997.0,183,182451.0,12861735.999999998
2025-08-01 09:24:13 AM,996.4,34,33877.6,12895613.599999998
2025-08-01 09:24:14 AM,997.0,0,0.0,12895613.599999998
2025-08-01 09:24:20 AM,997.0,25,24925.0,12920538.599999998
2025-08-01 09:24:22 AM,996.8,5,4984.0,12925522.599999998
2025-08-01 09:24:26 AM,997.5,0,0.0,12925522.599999998
2025-08-01 09:24:28 AM,997.5,2,1995.0,12927517.599999998
2025-08-01 09:24:37 AM,997.0,14,13958.0,12941475.599999998
2025-08-01 09:24:44 AM,996.9,0,0.0,12941475.599999998
2025-08-01 09:24:45 AM,996.9,1,996.9,12942472.499999998
2025-08-01 09:24:50 AM,996.0,60,59760.0,13002232.499999998
2025-08-01 09:25:04 AM,996.5,0,0.0,13002232.499999998
2025-08-01 09:25:05 AM,996.5,2,1993.0,13004225.499999998
2025-08-01 09:25:08 AM,996.3,8,7970.4,13012195.899999999
2025-08-01 09:25:11 AM,996.5,0,0.0,13012195.899999999
2025-08-01 09:25:13 AM,996.5,1,996.5,13013192.399999999
2025-08-01 09:25:23 AM,996.1,0,0.0,13013192.399999999
2025-08-01 09:25:28 AM,996.0,12,11952.0,13025144.399999999
2025-08-01 09:25:29 AM,995.5,0,0.0,13025144.399999999
2025-08-01 09:25:30 AM,995.5,100,99550.0,13124694.399999999
2025-08-01 09:25:35 AM,995.7,1,995.7,13125690.099999998
2025-08-01 09:25:42 AM,995.9,0,0.0,13125690.099999998
2025-08-01 09:25:43 AM,995.9,1,995.9,13126685.999999998
2025-08-01 09:25:45 AM,995.5,3032,3018356.0,16145041.999999998
2025-08-01 09:25:47 AM,995.9,0,0.0,16145041.999999998
2025-08-01 09:25:50 AM,995.9,1,995.9,16146037.899999999
2025-08-01 09:25:52 AM,997.1,0,0.0,16146037.899999999
2025-08-01 09:25:53 AM,997.1,180,179478.0,16325515.899999999
2025-08-01 09:25:58 AM,998.3,45,44923.5,16370439.399999999
2025-08-01 09:26:15 AM,1000.0,277,277000.0,16647439.399999999
2025-08-01 09:26:18 AM,1001.0,0,0.0,16647439.399999999
2025-08-01 09:26:21 AM,1001.0,3,3003.0,16650442.399999999
2025-08-01 09:26:23 AM,1001.2,55,55066.0,16705508.399999999
2025-08-01 09:26:24 AM,1001.0,0,0.0,16705508.399999999
2025-08-01 09:26:29 AM,1001.0,55,55055.0,16760563.399999999
2025-08-01 09:26:39 AM,1002.0,0,0.0,16760563.399999999
2025-08-01 09:26:44 AM,1002.3,3,3006.8999999999996,16763570.299999999
2025-08-01 09:26:48 AM,1002.9,0,0.0,16763570.299999999
2025-08-01 09:26:51 AM,1003.4,0,0.0,16763570.299999999
2025-08-01 09:26:52 AM,1003.4,65,65221.0,16828791.299999997
2025-08-01 09:26:53 AM,1002.9,94,94272.59999999999,16923063.9
2025-08-01 09:26:59 AM,1002.9,1,1002.9,16924066.799999997
2025-08-01 09:27:00 AM,1002.9,1,1002.9,16925069.699999996
2025-08-01 09:27:06 AM,1002.8,2,2005.6,16927075.299999997
2025-08-01 09:27:21 AM,1002.8,2,2005.6,16929080.9
2025-08-01 09:27:30 AM,1002.4,44,44105.6,16973186.5
2025-08-01 09:27:48 AM,1001.9,0,0.0,16973186.5
2025-08-01 09:27:51 AM,1001.9,35,35066.5,17008253.0
2025-08-01 09:27:53 AM,1001.9,3,3005.7,17011258.7
2025-08-01 09:27:59 AM,1001.2,12,12014.400000000001,17023273.099999998
2025-08-01 09:28:05 AM,1000.8,0,0.0,17023273.099999998
2025-08-01 09:28:05 AM,999.6,0,0.0,17023273.099999998
2025-08-01 09:28:07 AM,999.6,62,61975.200000000004,17085248.299999997
2025-08-01 09:28:12 AM,999.7,0,0.0,17085248.299999997
2025-08-01 09:28:15 AM,999.7,1,999.7,17086247.999999996
2025-08-01 09:28:18 AM,999.5,0,0.0,17086247.999999996
2025-08-01 09:28:22 AM,1000.4,104,104041.59999999999,17190289.599999998
2025-08-01 09:28:44 AM,999.4,0,0.0,17190289.599999998
2025-08-01 09:28:45 AM,999.4,1,999.4,17191288.999999996
2025-08-01 09:29:08 AM,999.7,52,51984.4,17243273.399999995
2025-08-01 09:29:13 AM,999.5,0,0.0,17243273.399999995
2025-08-01 09:29:16 AM,999.5,1,999.5,17244272.899999995
2025-08-01 09:29:17 AM,999.1,100,99910.0,17344182.899999995
2025-08-01 09:29:24 AM,1000.1,0,0.0,17344182.899999995
2025-08-01 09:29:25 AM,1000.1,50,50005.0,17394187.899999995
2025-08-01 09:29:28 AM,1000.2,0,0.0,17394187.899999995
2025-08-01 09:29:31 AM,1000.2,44,44008.8,17438196.699999996
2025-08-01 09:29:33 AM,999.4,0,0.0,17438196.699999996
2025-08-01 09:29:38 AM,999.4,2,1998.8,17440195.499999996
2025-08-01 09:29:59 AM,1000.4,0,0.0,17440195.499999996
2025-08-01 09:30:01 AM,1000.4,4,4001.6,17444197.099999998
2025-08-01 09:30:08 AM,1000.1,21,21002.100000000002,17465199.2
2025-08-01 09:30:13 AM,999.6,0,0.0,17465199.2
2025-08-01 09:30:16 AM,999.4,2,1998.8,17467198.0
2025-08-01 09:30:23 AM,999.6,5,4998.0,17472196.0
2025-08-01 09:30:31 AM,1000.2,7,7001.400000000001,17479197.4
2025-08-01 09:30:35 AM,1000.3,0,0.0,17479197.4
2025-08-01 09:30:38 AM,1000.8,21,21016.8,17500214.2
2025-08-01 09:30:45 AM,1001.0,10,10010.0,17510224.2
2025-08-01 09:30:51 AM,1001.3,0,0.0,17510224.2
2025-08-01 09:30:53 AM,1001.3,37,37048.1,17547272.3
2025-08-01 09:31:00 AM,1001.3,20,20026.0,17567298.3
2025-08-01 09:31:03 AM,1000.3,0,0.0,17567298.3
2025-08-01 09:31:08 AM,1001.0,21,21021.0,17588319.3
2025-08-01 09:31:10 AM,1000.8,0,0.0,17588319.3
2025-08-01 09:31:15 AM,1000.3,0,0.0,17588319.3
2025-08-01 09:31:15 AM,1000.3,9,9002.699999999999,17597322.0
2025-08-01 09:31:17 AM,1000.1,0,0.0,17597322.0
2025-08-01 09:31:21 AM,1000.2,0,0.0,17597322.0
2025-08-01 09:31:22 AM,1000.2,102,102020.40000000001,17699342.4
2025-08-01 09:31:29 AM,1000.1,0,0.0,17699342.4
2025-08-01 09:31:30 AM,1000.1,25,25002.5,17724344.9
2025-08-01 09:31:44 AM,999.8,26,25994.8,17750339.7
2025-08-01 09:31:45 AM,1000.7,0,0.0,17750339.7
2025-08-01 09:31:47 AM,1000.8,0,0.0,17750339.7
2025-08-01 09:31:50 AM,1000.8,55,55044.0,17805383.7
2025-08-01 09:31:52 AM,1000.5,0,0.0,17805383.7
2025-08-01 09:31:58 AM,1000.5,1,1000.5,17806384.2
2025-08-01 09:32:12 AM,1001.3,7,7009.099999999999,17813393.3
2025-08-01 09:32:19 AM,1001.5,0,0.0,17813393.3
2025-08-01 09:32:19 AM,1001.5,5,5007.5,17818400.8
2025-08-01 09:32:25 AM,1001.9,0,0.0,17818400.8
2025-08-01 09:32:26 AM,1001.9,11,11020.9,17829421.7
2025-08-01 09:32:47 AM,1003.1,52,52161.200000000004,17881582.9
2025-08-01 09:32:54 AM,1002.8,10,10028.0,17891610.9
2025-08-01 09:32:55 AM,1003.8,0,0.0,17891610.9
2025-08-01 09:33:00 AM,1003.4,5,5017.0,17896627.9
2025-08-01 09:33:07 AM,1003.8,0,0.0,17896627.9
2025-08-01 09:33:07 AM,1003.8,3009,3020434.1999999997,20917062.099999998
2025-08-01 09:33:14 AM,1002.8,10,10028.0,20927090.099999998
2025-08-01 09:33:18 AM,1003.4,0,0.0,20927090.099999998
2025-08-01 09:33:21 AM,1002.7,2,2005.4,20929095.499999996
2025-08-01 09:33:33 AM,1003.6,0,0.0,20929095.499999996
2025-08-01 09:33:35 AM,1003.6,1,1003.6,20930099.099999998
2025-08-01 09:33:38 AM,1003.8,0,0.0,20930099.099999998
2025-08-01 09:33:42 AM,1003.2,13,13041.6,20943140.7
2025-08-01 09:33:48 AM,1003.7,0,0.0,20943140.7
2025-08-01 09:33:49 AM,1003.7,1,1003.7,20944144.4
2025-08-01 09:33:53 AM,1003.3,0,0.0,20944144.4
2025-08-01 09:33:56 AM,1003.8,46,46174.799999999996,20990319.2
2025-08-01 09:33:58 AM,1003.0,0,0.0,20990319.2
2025-08-01 09:34:03 AM,1003.0,20,20060.0,21010379.2
2025-08-01 09:34:17 AM,1003.8,15,15057.0,21025436.2
2025-08-01 09:34:17 AM,1003.1,3,3009.3,21028445.5
2025-08-01 09:34:24 AM,1003.0,21,21063.0,21049508.5
2025-08-01 09:35:05 AM,1003.7,3,3011.1000000000004,21052519.6
2025-08-01 09:35:06 AM,1003.2,1,1003.2,21053522.8
2025-08-01 09:35:08 AM,1003.0,0,0.0,21053522.8
2025-08-01 09:35:12 AM,1003.0,2,2006.0,21055528.8
2025-08-01 09:35:17 AM,1004.2,0,0.0,21055528.8
2025-08-01 09:35:20 AM,1004.2,56,56235.200000000004,21111764.0
2025-08-01 09:35:27 AM,1003.8,0,0.0,21111764.0
2025-08-01 09:35:27 AM,1003.8,25,25095.0,21136859.0
2025-08-01 09:35:34 AM,1003.0,3,3009.0,21139868.0
2025-08-01 09:35:47 AM,1002.5,0,0.0,21139868.0
2025-08-01 09:35:47 AM,1002.5,57,57142.5,21197010.5
2025-08-01 09:35:52 AM,1002.4,0,0.0,21197010.5
2025-08-01 09:35:52 AM,1002.5,0,0.0,21197010.5
2025-08-01 09:35:54 AM,1003.4,107,107363.8,21304374.3
2025-08-01 09:36:00 AM,1004.4,459,461019.6,21765393.900000002
2025-08-01 09:36:02 AM,1004.8,0,0.0,21765393.900000002
2025-08-01 09:36:07 AM,1004.8,8,8038.4,21773432.3
2025-08-01 09:36:07 AM,1003.7,26,26096.2,21799528.5
2025-08-01 09:36:10 AM,1003.5,0,0.0,21799528.5
2025-08-01 09:36:14 AM,1003.5,10,10035.0,21809563.5
2025-08-01 09:36:21 AM,1002.1,630,631323.0,22440886.5
2025-08-01 09:36:34 AM,1002.9,1,1002.9,22441889.4
2025-08-01 09:36:46 AM,1002.4,0,0.0,22441889.4
2025-08-01 09:36:46 AM,1002.4,4,4009.6,22445899.0
2025-08-01 09:37:00 AM,1002.1,21,21044.100000000002,22466943.1
2025-08-01 09:37:06 AM,1002.6,0,0.0,22466943.1
2025-08-01 09:37:07 AM,1002.6,3,3007.8,22469950.900000002
2025-08-01 09:37:21 AM,1001.9,82,82155.8,22552106.700000003
2025-08-01 09:37:26 AM,999.4,0,0.0,22552106.700000003
2025-08-01 09:37:28 AM,999.4,250,249850.0,22801956.700000003
2025-08-01 09:37:31 AM,999.9,0,0.0,22801956.700000003
2025-08-01 09:37:31 AM,1000.2,0,0.0,22801956.700000003
2025-08-01 09:37:35 AM,1000.2,271,271054.2,23073010.900000002
2025-08-01 09:37:36 AM,1000.3,0,0.0,23073010.900000002
2025-08-01 09:37:41 AM,1000.3,1,1000.3,23074011.200000003
2025-08-01 09:37:44 AM,1000.2,0,0.0,23074011.200000003
2025-08-01 09:37:48 AM,1000.2,1,1000.2,23075011.400000002
2025-08-01 09:37:54 AM,1000.2,1,1000.2,23076011.6
2025-08-01 09:38:12 AM,999.8,0,0.0,23076011.6
2025-08-01 09:38:15 AM,999.9,5,4999.5,23081011.1
2025-08-01 09:38:22 AM,999.7,1,999.7,23082010.8
2025-08-01 09:38:29 AM,999.7,1,999.7,23083010.5
2025-08-01 09:38:35 AM,999.7,33,32990.1,23116000.6
2025-08-01 09:38:42 AM,999.8,2,1999.6,23118000.200000003
2025-08-01 09:38:55 AM,999.8,1,999.8,23119000.000000004
2025-08-01 09:38:58 AM,1000.3,0,0.0,23119000.000000004
2025-08-01 09:38:59 AM,1000.4,0,0.0,23119000.000000004
2025-08-01 09:39:01 AM,1000.5,8,8004.0,23127004.000000004
2025-08-01 09:39:08 AM,1000.4,0,0.0,23127004.000000004
2025-08-01 09:39:09 AM,1000.4,9,9003.6,23136007.600000005
2025-08-01 09:39:22 AM,999.9,1,999.9,23137007.500000004
2025-08-01 09:39:47 AM,999.6,0,0.0,23137007.500000004
2025-08-01 09:39:48 AM,999.9,38,37996.2,23175003.700000003
2025-08-01 09:40:08 AM,999.1,1,999.1,23176002.800000004
2025-08-01 09:40:11 AM,999.0,0,0.0,23176002.800000004
2025-08-01 09:40:15 AM,999.0,1,999.0,23177001.800000004
2025-08-01 09:40:17 AM,999.4,0,0.0,23177001.800000004
2025-08-01 09:40:21 AM,999.4,4,3997.6,23180999.400000006
2025-08-01 09:40:26 AM,999.5,0,0.0,23180999.400000006
2025-08-01 09:40:28 AM,999.5,1,999.5,23181998.900000006
2025-08-01 09:40:46 AM,1000.0,0,0.0,23181998.900000006
2025-08-01 09:40:48 AM,999.7,54,53983.8,23235982.700000007
2025-08-01 09:40:50 AM,999.6,0,0.0,23235982.700000007
2025-08-01 09:40:54 AM,999.6,1,999.6,23236982.30000001
2025-08-01 09:40:55 AM,1000.0,1,1000.0,23237982.30000001
2025-08-01 09:41:00 AM,1001.1,0,0.0,23237982.30000001
2025-08-01 09:41:01 AM,1001.1,150,150165.0,23388147.30000001
2025-08-01 09:41:06 AM,1001.0,0,0.0,23388147.30000001
2025-08-01 09:41:07 AM,1001.0,4,4004.0,23392151.30000001
2025-08-01 09:41:22 AM,1000.7,0,0.0,23392151.30000001
2025-08-01 09:41:27 AM,1000.7,1,1000.7,23393152.000000007
2025-08-01 09:41:50 AM,1001.0,0,0.0,23393152.000000007
2025-08-01 09:41:54 AM,1001.0,1,1001.0,23394153.000000007
2025-08-01 09:42:07 AM,1001.0,43,43043.0,23437196.000000007
2025-08-01 09:42:13 AM,1001.0,3,3003.0,23440199.000000007
2025-08-01 09:42:14 AM,1001.2,2,2002.4,23442201.400000006
2025-08-01 09:42:24 AM,1001.0,0,0.0,23442201.400000006
2025-08-01 09:42:26 AM,1001.0,1,1001.0,23443202.400000006
2025-08-01 09:42:28 AM,1001.0,3,3003.0,23446205.400000006
2025-08-01 09:42:34 AM,1001.5,1,1001.5,23447206.900000006
2025-08-01 09:42:39 AM,1001.1,1,1001.1,23448208.000000007
2025-08-01 09:42:44 AM,1000.6,0,0.0,23448208.000000007
2025-08-01 09:42:46 AM,1000.6,100,100060.0,23548268.000000007
2025-08-01 09:43:12 AM,1001.6,0,0.0,23548268.000000007
2025-08-01 09:43:12 AM,1001.6,4,4006.4,23552274.400000006
2025-08-01 09:43:13 AM,1000.6,97,97058.2,23649332.600000005
2025-08-01 09:43:26 AM,1000.7,1,1000.7,23650333.300000004
2025-08-01 09:44:01 AM,1001.5,0,0.0,23650333.300000004
2025-08-01 09:44:05 AM,1001.1,12,12013.2,23662346.500000004
2025-08-01 09:44:09 AM,1001.0,0,0.0,23662346.500000004
2025-08-01 09:44:12 AM,1001.0,3,3003.0,23665349.500000004
2025-08-01 09:44:16 AM,1000.0,0,0.0,23665349.500000004
2025-08-01 09:44:18 AM,999.6,24,23990.4,23689339.900000002
2025-08-01 09:44:23 AM,999.0,0,0.0,23689339.900000002
2025-08-01 09:44:25 AM,999.0,2,1998.0,23691337.900000002
2025-08-01 09:44:29 AM,998.3,0,0.0,23691337.900000002
2025-08-01 09:44:31 AM,998.3,32,31945.6,23723283.500000004
2025-08-01 09:44:41 AM,998.1,0,0.0,23723283.500000004
2025-08-01 09:44:44 AM,998.1,1,998.1,23724281.600000005
2025-08-01 09:45:01 AM,998.2,0,0.0,23724281.600000005
2025-08-01 09:45:03 AM,998.2,11,10980.2,23735261.800000004
2025-08-01 09:45:21 AM,998.1,0,0.0,23735261.800000004
2025-08-01 09:45:23 AM,998.1,25,24952.5,23760214.300000004
2025-08-01 09:45:29 AM,998.0,0,0.0,23760214.300000004
2025-08-01 09:45:30 AM,998.0,15,14970.0,23775184.300000004
2025-08-01 09:45:37 AM,998.0,108,107784.0,23882968.300000004
2025-08-01 09:45:41 AM,998.4,0,0.0,23882968.300000004
2025-08-01 09:45:43 AM,998.4,4,3993.6,23886961.900000006
2025-08-01 09:45:50 AM,998.0,1,998.0,23887959.900000006
2025-08-01 09:45:57 AM,998.8,10,9988.0,23897947.900000006
2025-08-01 09:45:58 AM,998.0,0,0.0,23897947.900000006
2025-08-01 09:46:02 AM,998.0,2,1996.0,23899943.900000006
2025-08-01 09:46:03 AM,998.7,0,0.0,23899943.900000006
2025-08-01 09:46:07 AM,998.0,0,0.0,23899943.900000006
2025-08-01 09:46:09 AM,998.0,2,1996.0,23901939.900000006
2025-08-01 09:46:13 AM,998.4,0,0.0,23901939.900000006
2025-08-01 09:46:15 AM,998.4,1,998.4,23902938.300000004
2025-08-01 09:46:34 AM,998.0,0,0.0,23902938.300000004
2025-08-01 09:46:34 AM,998.0,1,998.0,23903936.300000004
2025-08-01 09:46:55 AM,998.0,23,22954.0,23926890.300000004
2025-08-01 09:46:59 AM,998.0,1,998.0,23927888.300000004
2025-08-01 09:47:05 AM,998.0,343,342314.0,24270202.300000004
2025-08-01 09:47:26 AM,997.2,0,0.0,24270202.300000004
2025-08-01 09:47:26 AM,997.2,1,997.2,24271199.500000004
2025-08-01 09:47:27 AM,997.1,0,0.0,24271199.500000004
2025-08-01 09:47:30 AM,997.1,8,7976.8,24279176.300000004
2025-08-01 09:47:37 AM,997.1,1,997.1,24280173.400000006
2025-08-01 09:47:42 AM,996.1,0,0.0,24280173.400000006
2025-08-01 09:47:44 AM,996.7,0,0.0,24280173.400000006
2025-08-01 09:47:44 AM,996.7,114,113623.8,24393797.200000007
2025-08-01 09:47:55 AM,997.2,0,0.0,24393797.200000007
2025-08-01 09:47:57 AM,997.2,2933,2924787.6,27318584.80000001
2025-08-01 09:48:04 AM,997.9,0,0.0,27318584.80000001
2025-08-01 09:48:04 AM,997.9,3,2993.7,27321578.500000007
2025-08-01 09:48:17 AM,998.1,0,0.0,27321578.500000007
2025-08-01 09:48:19 AM,998.1,3,2994.3,27324572.80000001
2025-08-01 09:48:20 AM,997.6,0,0.0,27324572.80000001
2025-08-01 09:48:23 AM,997.6,167,166599.2,27491172.000000007
2025-08-01 09:48:29 AM,997.1,0,0.0,27491172.000000007
2025-08-01 09:48:29 AM,997.1,14,13959.4,27505131.400000006
2025-08-01 09:48:32 AM,997.2,52,51854.4,27556985.800000004
2025-08-01 09:48:37 AM,996.6,0,0.0,27556985.800000004
2025-08-01 09:48:38 AM,996.6,11,10962.6,27567948.400000006
2025-08-01 09:48:42 AM,996.5,10,9965.0,27577913.400000006
2025-08-01 09:48:49 AM,996.5,225,224212.5,27802125.900000006
2025-08-01 09:48:51 AM,997.4,1,997.4,27803123.300000004
2025-08-01 09:48:55 AM,997.4,2,1994.8,27805118.100000005
2025-08-01 09:49:00 AM,997.5,0,0.0,27805118.100000005
2025-08-01 09:49:01 AM,997.5,27,26932.5,27832050.600000005
2025-08-01 09:49:16 AM,997.5,2,1995.0,27834045.600000005
2025-08-01 09:49:20 AM,998.2,0,0.0,27834045.600000005
2025-08-01 09:49:20 AM,998.2,29,28947.800000000003,27862993.400000006
2025-08-01 09:49:22 AM,997.4,223,222420.19999999998,28085413.600000005
2025-08-01 09:49:29 AM,997.4,1,997.4,28086411.000000004
2025-08-01 09:49:32 AM,996.7,0,0.0,28086411.000000004
2025-08-01 09:49:32 AM,996.7,5,4983.5,28091394.500000004
2025-08-01 09:49:38 AM,997.7,0,0.0,28091394.500000004
2025-08-01 09:49:39 AM,997.7,25,24942.5,28116337.000000004
2025-08-01 09:49:47 AM,997.3,0,0.0,28116337.000000004
2025-08-01 09:49:48 AM,997.3,1,997.3,28117334.300000004
2025-08-01 09:49:54 AM,996.6,120,119592.0,28236926.300000004
2025-08-01 09:49:57 AM,997.2,0,0.0,28236926.300000004
2025-08-01 09:49:58 AM,997.2,1,997.2,28237923.500000004
2025-08-01 09:50:07 AM,997.2,36,35899.200000000004,28273822.700000003
2025-08-01 09:50:11 AM,997.2,12,11966.400000000001,28285789.1
2025-08-01 09:50:14 AM,997.2,140,139608.0,28425397.1
2025-08-01 09:50:16 AM,997.6,0,0.0,28425397.1
2025-08-01 09:50:17 AM,997.6,72,71827.2,28497224.3
2025-08-01 09:50:26 AM,998.6,205,204713.0,28701937.3
2025-08-01 09:50:37 AM,998.5,0,0.0,28701937.3
2025-08-01 09:50:39 AM,998.5,1,998.5,28702935.8
2025-08-01 09:50:49 AM,999.2,0,0.0,28702935.8
2025-08-01 09:50:51 AM,999.2,5,4996.0,28707931.8
2025-08-01 09:51:10 AM,998.4,1,998.4,28708930.2
2025-08-01 09:51:11 AM,998.5,0,0.0,28708930.2
2025-08-01 09:51:11 AM,999.2,0,0.0,28708930.2
2025-08-01 09:51:14 AM,999.2,553,552557.6,29261487.8
2025-08-01 09:51:19 AM,1000.0,0,0.0,29261487.8
2025-08-01 09:51:20 AM,1000.0,11,11000.0,29272487.8
2025-08-01 09:51:38 AM,999.4,0,0.0,29272487.8
2025-08-01 09:51:39 AM,999.4,1,999.4,29273487.2
2025-08-01 09:51:50 AM,998.7,0,0.0,29273487.2
2025-08-01 09:51:51 AM,998.7,1,998.7,29274485.9
2025-08-01 09:52:34 AM,998.7,1,998.7,29275484.599999998
2025-08-01 09:52:40 AM,998.7,10,9987.0,29285471.599999998
2025-08-01 09:52:42 AM,998.4,0,0.0,29285471.599999998
2025-08-01 09:52:43 AM,998.4,1,998.4,29286469.999999996
2025-08-01 09:53:06 AM,998.4,19,18969.6,29305439.599999998
2025-08-01 09:53:15 AM,998.3,0,0.0,29305439.599999998
2025-08-01 09:53:17 AM,998.3,4,3993.2,29309432.799999997
2025-08-01 09:53:18 AM,998.0,0,0.0,29309432.799999997
2025-08-01 09:53:19 AM,998.0,1,998.0,29310430.799999997
2025-08-01 09:53:22 AM,998.1,0,0.0,29310430.799999997
2025-08-01 09:53:23 AM,998.1,1,998.1,29311428.9
2025-08-01 09:53:25 AM,997.5,0,0.0,29311428.9
2025-08-01 09:53:25 AM,997.5,92,91770.0,29403198.9
2025-08-01 09:53:28 AM,996.7,0,0.0,29403198.9
2025-08-01 09:53:28 AM,997.1,0,0.0,29403198.9
2025-08-01 09:53:29 AM,997.1,48,47860.8,29451059.7
2025-08-01 09:53:31 AM,997.2,0,0.0,29451059.7
2025-08-01 09:53:31 AM,997.2,1,997.2,29452056.9
2025-08-01 09:53:37 AM,996.6,0,0.0,29452056.9
2025-08-01 09:53:42 AM,996.6,1,996.6,29453053.5
2025-08-01 09:53:50 AM,997.3,10,9973.0,29463026.5
2025-08-01 09:53:52 AM,996.5,0,0.0,29463026.5
2025-08-01 09:53:54 AM,996.5,10,9965.0,29472991.5
2025-08-01 09:53:56 AM,996.5,261,260086.5,29733078.0
2025-08-01 09:53:58 AM,996.0,0,0.0,29733078.0
2025-08-01 09:54:00 AM,996.0,5,4980.0,29738058.0
2025-08-01 09:54:06 AM,996.0,10,9960.0,29748018.0
2025-08-01 09:54:22 AM,996.7,0,0.0,29748018.0
2025-08-01 09:54:25 AM,996.0,0,0.0,29748018.0
2025-08-01 09:54:25 AM,996.0,83,82668.0,29830686.0
2025-08-01 09:54:28 AM,996.1,0,0.0,29830686.0
2025-08-01 09:54:31 AM,996.1,1,996.1,29831682.1
2025-08-01 09:54:35 AM,996.0,0,0.0,29831682.1
2025-08-01 09:54:38 AM,995.9,0,0.0,29831682.1
2025-08-01 09:54:38 AM,995.9,5,4979.5,29836661.6
2025-08-01 09:54:44 AM,995.9,1,995.9,29837657.5
2025-08-01 09:54:55 AM,995.9,1,995.9,29838653.4
2025-08-01 09:55:23 AM,995.6,0,0.0,29838653.4
2025-08-01 09:55:25 AM,995.6,320,318592.0,30157245.4
2025-08-01 09:55:26 AM,995.2,17,16918.4,30174163.799999997
2025-08-01 09:55:47 AM,995.9,0,0.0,30174163.799999997
2025-08-01 09:55:49 AM,995.9,2,1991.8,30176155.599999998
2025-08-01 09:55:55 AM,995.9,2,1991.8,30178147.4
2025-08-01 09:55:56 AM,995.1,0,0.0,30178147.4
2025-08-01 09:55:56 AM,995.1,100,99510.0,30277657.4
2025-08-01 09:56:02 AM,995.3,0,0.0,30277657.4
2025-08-01 09:56:02 AM,995.3,1,995.3,30278652.7
2025-08-01 09:56:08 AM,995.9,1,995.9,30279648.599999998
2025-08-01 09:56:16 AM,995.5,0,0.0,30279648.599999998
2025-08-01 09:56:19 AM,995.3,0,0.0,30279648.599999998
2025-08-01 09:56:19 AM,995.3,12,11943.599999999999,30291592.2
2025-08-01 09:56:23 AM,995.2,0,0.0,30291592.2
2025-08-01 09:56:25 AM,995.2,1,995.2,30292587.4
2025-08-01 09:56:28 AM,995.9,0,0.0,30292587.4
2025-08-01 09:56:31 AM,995.3,0,0.0,30292587.4
2025-08-01 09:56:31 AM,995.3,18,17915.399999999998,30310502.799999997
2025-08-01 09:56:34 AM,995.9,0,0.0,30310502.799999997
2025-08-01 09:56:36 AM,995.6,11,10951.6,30321454.4
2025-08-01 09:57:01 AM,995.2,593,590153.6,30911608.0
2025-08-01 09:57:07 AM,995.9,0,0.0,30911608.0
2025-08-01 09:57:07 AM,995.9,506,503925.39999999997,31415533.4
2025-08-01 09:57:18 AM,995.2,0,0.0,31415533.4
2025-08-01 09:57:19 AM,995.2,10,9952.0,31425485.4
2025-08-01 09:57:30 AM,995.2,7,6966.400000000001,31432451.799999997
2025-08-01 09:57:32 AM,995.2,13,12937.6,31445389.4
2025-08-01 09:57:35 AM,994.5,0,0.0,31445389.4
2025-08-01 09:57:36 AM,994.5,207,205861.5,31651250.9
2025-08-01 09:57:57 AM,993.1,113,112220.3,31763471.2
2025-08-01 09:58:07 AM,993.0,0,0.0,31763471.2
2025-08-01 09:58:09 AM,993.2,518,514477.60000000003,32277948.8
2025-08-01 09:58:12 AM,993.1,0,0.0,32277948.8
2025-08-01 09:58:13 AM,993.1,10,9931.0,32287879.8
2025-08-01 09:58:15 AM,993.0,501,497493.0,32785372.8
2025-08-01 09:58:21 AM,993.2,1,993.2,32786366.0
2025-08-01 09:58:39 AM,994.0,100,99400.0,32885766.0
2025-08-01 09:58:43 AM,993.8,0,0.0,32885766.0
2025-08-01 09:58:43 AM,993.8,11,10931.8,32896697.8
2025-08-01 09:58:48 AM,993.3,0,0.0,32896697.8
2025-08-01 09:58:49 AM,993.3,1,993.3,32897691.1
2025-08-01 09:58:55 AM,993.2,1,993.2,32898684.3
2025-08-01 09:59:04 AM,993.7,0,0.0,32898684.3
2025-08-01 09:59:04 AM,993.7,10,9937.0,32908621.3
2025-08-01 09:59:20 AM,993.7,2,1987.4,32910608.7
2025-08-01 09:59:22 AM,993.8,0,0.0,32910608.7
2025-08-01 09:59:22 AM,993.8,217,215654.59999999998,33126263.3
2025-08-01 09:59:29 AM,994.0,0,0.0,33126263.3
2025-08-01 09:59:29 AM,994.0,10,9940.0,33136203.3
2025-08-01 09:59:32 AM,994.5,3,2983.5,33139186.8
2025-08-01 09:59:39 AM,994.5,1,994.5,33140181.3
2025-08-01 09:59:45 AM,995.1,0,0.0,33140181.3
2025-08-01 09:59:45 AM,995.1,92,91549.2,33231730.5
2025-08-01 10:00:03 AM,995.2,0,0.0,33231730.5
2025-08-01 10:00:03 AM,995.7,34,33853.8,33265584.3
2025-08-01 10:00:06 AM,996.0,8,7968.0,33273552.3
2025-08-01 10:00:10 AM,995.6,0,0.0,33273552.3
2025-08-01 10:00:10 AM,995.6,10,9956.0,33283508.3
2025-08-01 10:00:16 AM,996.1,1,996.1,33284504.400000002
2025-08-01 10:00:32 AM,995.4,23,22894.2,33307398.6
2025-08-01 10:00:35 AM,995.4,1,995.4,33308394.0
2025-08-01 10:00:38 AM,995.0,1,995.0,33309389.0
2025-08-01 10:01:00 AM,995.7,2,1991.4,33311380.4
2025-08-01 10:01:16 AM,995.7,20,19914.0,33331294.4
2025-08-01 10:01:19 AM,995.1,1,995.1,33332289.5
2025-08-01 10:01:41 AM,994.8,0,0.0,33332289.5
2025-08-01 10:01:41 AM,994.8,46,45760.799999999996,33378050.3
2025-08-01 10:01:45 AM,996.1,0,0.0,33378050.3
2025-08-01 10:01:47 AM,996.1,18,17929.8,33395980.1
2025-08-01 10:01:55 AM,996.8,1,996.8,33396976.900000002
2025-08-01 10:02:07 AM,996.9,7,6978.3,33403955.200000003
2025-08-01 10:02:11 AM,996.3,0,0.0,33403955.200000003
2025-08-01 10:02:12 AM,996.3,1,996.3,33404951.500000004
2025-08-01 10:02:20 AM,996.3,1,996.3,33405947.800000004
2025-08-01 10:02:25 AM,996.3,1,996.3,33406944.100000005
2025-08-01 10:02:33 AM,996.5,73,72744.5,33479688.600000005
2025-08-01 10:02:37 AM,997.0,1,997.0,33480685.600000005
2025-08-01 10:02:38 AM,996.7,0,0.0,33480685.600000005
2025-08-01 10:02:39 AM,996.7,1,996.7,33481682.300000004
2025-08-01 10:02:42 AM,996.4,0,0.0,33481682.300000004
2025-08-01 10:02:44 AM,996.4,112,111596.8,33593279.1
2025-08-01 10:02:50 AM,996.5,1,996.5,33594275.6
2025-08-01 10:02:57 AM,996.5,1,996.5,33595272.1
2025-08-01 10:03:16 AM,997.0,0,0.0,33595272.1
2025-08-01 10:03:16 AM,997.0,9,8973.0,33604245.1
2025-08-01 10:03:16 AM,997.7,0,0.0,33604245.1
2025-08-01 10:03:18 AM,997.7,11,10974.7,33615219.800000004
2025-08-01 10:03:24 AM,998.0,0,0.0,33615219.800000004
2025-08-01 10:03:24 AM,998.0,1,998.0,33616217.800000004
2025-08-01 10:03:28 AM,998.0,19,18962.0,33635179.800000004
2025-08-01 10:03:40 AM,998.2,0,0.0,33635179.800000004
2025-08-01 10:03:41 AM,998.2,1,998.2,33636178.00000001
2025-08-01 10:03:44 AM,998.8,0,0.0,33636178.00000001
2025-08-01 10:03:47 AM,997.8,0,0.0,33636178.00000001
2025-08-01 10:03:48 AM,997.8,15,14967.0,33651145.00000001
2025-08-01 10:04:04 AM,997.6,0,0.0,33651145.00000001
2025-08-01 10:04:06 AM,997.6,16,15961.6,33667106.60000001
2025-08-01 10:04:08 AM,997.5,0,0.0,33667106.60000001
2025-08-01 10:04:08 AM,997.5,1,997.5,33668104.10000001
2025-08-01 10:04:12 AM,997.2,0,0.0,33668104.10000001
2025-08-01 10:04:12 AM,997.2,1,997.2,33669101.30000001
2025-08-01 10:04:18 AM,997.0,2,1994.0,33671095.30000001
2025-08-01 10:04:33 AM,996.9,23,22928.7,33694024.000000015
2025-08-01 10:04:40 AM,997.0,1,997.0,33695021.000000015
2025-08-01 10:04:41 AM,997.6,0,0.0,33695021.000000015
2025-08-01 10:04:44 AM,997.6,1,997.6,33696018.60000002
2025-08-01 10:04:56 AM,997.6,1,997.6,33697016.20000002
2025-08-01 10:05:02 AM,997.0,4,3988.0,33701004.20000002
2025-08-01 10:05:07 AM,996.6,0,0.0,33701004.20000002
2025-08-01 10:05:08 AM,996.6,2,1993.2,33702997.40000002
2025-08-01 10:05:20 AM,996.4,0,0.0,33702997.40000002
2025-08-01 10:05:21 AM,996.4,1,996.4,33703993.80000002
2025-08-01 10:05:50 AM,996.3,0,0.0,33703993.80000002
2025-08-01 10:05:51 AM,996.8,103,102670.4,33806664.20000002
2025-08-01 10:05:53 AM,996.8,160,159488.0,33966152.20000002
2025-08-01 10:05:59 AM,997.5,0,0.0,33966152.20000002
2025-08-01 10:05:59 AM,997.5,3,2992.5,33969144.70000002
2025-08-01 10:06:32 AM,997.0,1,997.0,33970141.70000002
2025-08-01 10:06:39 AM,996.6,0,0.0,33970141.70000002
2025-08-01 10:06:39 AM,996.6,51,50826.6,34020968.30000002
2025-08-01 10:06:51 AM,996.6,3,2989.8,34023958.10000002
2025-08-01 10:07:03 AM,996.0,0,0.0,34023958.10000002
2025-08-01 10:07:03 AM,996.0,4,3984.0,34027942.10000002
2025-08-01 10:07:05 AM,996.6,35,34881.0,34062823.10000002
2025-08-01 10:07:09 AM,995.7,0,0.0,34062823.10000002
2025-08-01 10:07:09 AM,995.4,7,6967.8,34069790.90000001
2025-08-01 10:07:13 AM,995.8,0,0.0,34069790.90000001
2025-08-01 10:07:16 AM,995.8,102,101571.59999999999,34171362.500000015
2025-08-01 10:07:22 AM,996.0,2,1992.0,34173354.500000015
2025-08-01 10:07:34 AM,995.3,502,499640.6,34672995.10000002
2025-08-01 10:07:40 AM,996.1,0,0.0,34672995.10000002
2025-08-01 10:07:40 AM,996.1,2,1992.2,34674987.30000002
2025-08-01 10:07:45 AM,996.9,0,0.0,34674987.30000002
2025-08-01 10:07:46 AM,996.9,5,4984.5,34679971.80000002
2025-08-01 10:07:48 AM,996.6,1,996.6,34680968.40000002
2025-08-01 10:07:53 AM,996.5,1,996.5,34681964.90000002
2025-08-01 10:08:05 AM,996.5,1,996.5,34682961.40000002
2025-08-01 10:08:11 AM,996.5,1,996.5,34683957.90000002
2025-08-01 10:08:30 AM,996.5,10,9965.0,34693922.90000002
2025-08-01 10:08:42 AM,997.0,1,997.0,34694919.90000002
2025-08-01 10:08:43 AM,997.0,1,997.0,34695916.90000002
2025-08-01 10:08:53 AM,997.0,2,1994.0,34697910.90000002
2025-08-01 10:09:01 AM,998.0,250,249500.0,34947410.90000002
2025-08-01 10:09:10 AM,998.2,0,0.0,34947410.90000002
2025-08-01 10:09:11 AM,998.2,26,25953.2,34973364.100000024
2025-08-01 10:09:27 AM,997.8,0,0.0,34973364.100000024
2025-08-01 10:09:29 AM,997.8,1,997.8,34974361.90000002
2025-08-01 10:09:31 AM,998.2,10,9982.0,34984343.90000002
2025-08-01 10:09:37 AM,997.6,1,997.6,34985341.50000002
2025-08-01 10:09:47 AM,997.6,1,997.6,34986339.100000024
2025-08-01 10:09:52 AM,997.6,2,1995.2,34988334.30000003
2025-08-01 10:09:54 AM,997.6,2,1995.2,34990329.50000003
2025-08-01 10:09:59 AM,997.1,100,99710.0,35090039.50000003
2025-08-01 10:10:13 AM,997.4,0,0.0,35090039.50000003
2025-08-01 10:10:15 AM,997.4,6,5984.4,35096023.90000003
2025-08-01 10:10:27 AM,998.0,2,1996.0,35098019.90000003
2025-08-01 10:10:52 AM,997.5,0,0.0,35098019.90000003
2025-08-01 10:10:53 AM,997.5,74,73815.0,35171834.90000003
2025-08-01 10:10:57 AM,997.0,0,0.0,35171834.90000003
2025-08-01 10:10:57 AM,997.0,1,997.0,35172831.90000003
2025-08-01 10:11:01 AM,997.5,0,0.0,35172831.90000003
2025-08-01 10:11:03 AM,997.5,1,997.5,35173829.40000003
2025-08-01 10:11:15 AM,997.5,5,4987.5,35178816.90000003
2025-08-01 10:11:21 AM,997.5,34,33915.0,35212731.90000003
2025-08-01 10:11:26 AM,997.5,47,46882.5,35259614.40000003
2025-08-01 10:11:39 AM,998.8,101,100878.79999999999,35360493.200000025
2025-08-01 10:11:45 AM,998.6,264,263630.4,35624123.600000024
2025-08-01 10:12:07 AM,999.2,5,4996.0,35629119.600000024
2025-08-01 10:12:12 AM,999.5,0,0.0,35629119.600000024
2025-08-01 10:12:13 AM,999.5,5,4997.5,35634117.100000024
2025-08-01 10:12:16 AM,999.9,0,0.0,35634117.100000024
2025-08-01 10:12:19 AM,999.9,5,4999.5,35639116.600000024
2025-08-01 10:12:22 AM,1000.0,0,0.0,35639116.600000024
2025-08-01 10:12:25 AM,1000.0,1225,1225000.0,36864116.600000024
2025-08-01 10:12:30 AM,999.8,1,999.8,36865116.40000002
2025-08-01 10:12:40 AM,999.7,0,0.0,36865116.40000002
2025-08-01 10:12:42 AM,999.8,3,2999.3999999999996,36868115.80000002
2025-08-01 10:12:46 AM,1000.0,0,0.0,36868115.80000002
2025-08-01 10:12:48 AM,1000.0,5,5000.0,36873115.80000002
2025-08-01 10:12:51 AM,999.9,0,0.0,36873115.80000002
2025-08-01 10:12:53 AM,999.0,246,245754.0,37118869.80000002
2025-08-01 10:13:00 AM,999.0,3,2997.0,37121866.80000002
2025-08-01 10:13:04 AM,998.3,0,0.0,37121866.80000002
2025-08-01 10:13:05 AM,998.3,24,23959.199999999997,37145826.00000002
2025-08-01 10:13:10 AM,998.8,0,0.0,37145826.00000002
2025-08-01 10:13:11 AM,998.8,30,29964.0,37175790.00000002
2025-08-01 10:13:23 AM,998.8,2,1997.6,37177787.600000024
2025-08-01 10:13:34 AM,998.8,1,998.8,37178786.40000002
2025-08-01 10:13:40 AM,999.0,2,1998.0,37180784.40000002
2025-08-01 10:13:57 AM,998.3,0,0.0,37180784.40000002
2025-08-01 10:13:58 AM,998.3,1,998.3,37181782.70000002
2025-08-01 10:14:16 AM,997.9,87,86817.3,37268600.000000015
2025-08-01 10:14:25 AM,997.5,0,0.0,37268600.000000015
2025-08-01 10:14:27 AM,997.5,1,997.5,37269597.500000015
2025-08-01 10:14:33 AM,997.1,5,4985.5,37274583.000000015
2025-08-01 10:14:39 AM,997.8,25,24945.0,37299528.000000015
2025-08-01 10:14:48 AM,997.3,0,0.0,37299528.000000015
2025-08-01 10:14:50 AM,997.3,2,1994.6,37301522.60000002
2025-08-01 10:14:56 AM,998.1,15,14971.5,37316494.10000002
2025-08-01 10:15:02 AM,998.1,1,998.1,37317492.20000002
2025-08-01 10:15:08 AM,998.0,0,0.0,37317492.20000002
2025-08-01 10:15:08 AM,998.0,1,998.0,37318490.20000002
2025-08-01 10:15:13 AM,997.8,501,499897.8,37818388.000000015
2025-08-01 10:15:16 AM,998.8,0,0.0,37818388.000000015
2025-08-01 10:15:19 AM,998.8,12,11985.599999999999,37830373.60000002
2025-08-01 10:15:26 AM,999.7,100,99970.0,37930343.60000002
2025-08-01 10:15:44 AM,999.7,96,95971.20000000001,38026314.80000002
2025-08-01 10:16:02 AM,999.0,0,0.0,38026314.80000002
2025-08-01 10:16:04 AM,999.9,0,0.0,38026314.80000002
2025-08-01 10:16:07 AM,999.9,101,100989.9,38127304.70000002
2025-08-01 10:16:19 AM,999.7,11,10996.7,38138301.40000002
2025-08-01 10:16:24 AM,1000.2,13,13002.6,38151304.00000002
2025-08-01 10:16:27 AM,1001.1,0,0.0,38151304.00000002
2025-08-01 10:16:30 AM,1001.1,300,300330.0,38451634.00000002
2025-08-01 10:16:31 AM,1000.1,1,1000.1,38452634.100000024
2025-08-01 10:16:36 AM,1000.0,0,0.0,38452634.100000024
2025-08-01 10:16:36 AM,1000.0,88,88000.0,38540634.100000024
2025-08-01 10:16:42 AM,1000.3,2,2000.6,38542634.700000025
2025-08-01 10:17:12 AM,999.7,0,0.0,38542634.700000025
2025-08-01 10:17:15 AM,999.7,52,51984.4,38594619.100000024
2025-08-01 10:17:18 AM,999.3,0,0.0,38594619.100000024
2025-08-01 10:17:21 AM,999.3,16,15988.8,38610607.90000002
2025-08-01 10:17:24 AM,999.1,0,0.0,38610607.90000002
2025-08-01 10:17:27 AM,999.1,1,999.1,38611607.00000002
2025-08-01 10:17:45 AM,999.6,0,0.0,38611607.00000002
2025-08-01 10:17:45 AM,999.6,5,4998.0,38616605.00000002
2025-08-01 10:17:56 AM,999.4,6,5996.4,38622601.40000002
2025-08-01 10:18:37 AM,999.4,1,999.4,38623600.80000002
2025-08-01 10:19:08 AM,999.0,0,0.0,38623600.80000002
2025-08-01 10:19:11 AM,999.0,1,999.0,38624599.80000002
2025-08-01 10:19:34 AM,999.4,0,0.0,38624599.80000002
2025-08-01 10:19:34 AM,999.4,19,18988.6,38643588.40000002
2025-08-01 10:19:40 AM,999.4,2,1998.8,38645587.20000002
2025-08-01 10:19:46 AM,999.4,5,4997.0,38650584.20000002
2025-08-01 10:19:50 AM,999.0,0,0.0,38650584.20000002
2025-08-01 10:19:52 AM,999.0,1,999.0,38651583.20000002
2025-08-01 10:20:19 AM,998.8,0,0.0,38651583.20000002
2025-08-01 10:20:19 AM,998.8,1,998.8,38652582.000000015
2025-08-01 10:20:25 AM,998.9,1,998.9,38653580.90000001
2025-08-01 10:20:29 AM,999.8,0,0.0,38653580.90000001
2025-08-01 10:20:31 AM,999.8,30,29994.0,38683574.90000001
2025-08-01 10:20:39 AM,999.1,0,0.0,38683574.90000001
2025-08-01 10:20:39 AM,999.1,4,3996.4,38687571.30000001
2025-08-01 10:20:43 AM,999.1,1,999.1,38688570.40000001
2025-08-01 10:21:02 AM,999.1,25,24977.5,38713547.90000001
2025-08-01 10:21:12 AM,999.0,0,0.0,38713547.90000001
2025-08-01 10:21:12 AM,999.0,1,999.0,38714546.90000001
2025-08-01 10:21:39 AM,1000.2,100,100020.0,38814566.90000001
2025-08-01 10:21:44 AM,1000.1,3,3000.3,38817567.20000001
2025-08-01 10:21:58 AM,1000.6,1,1000.6,38818567.80000001
2025-08-01 10:22:49 AM,999.4,0,0.0,38818567.80000001
2025-08-01 10:22:50 AM,999.4,1,999.4,38819567.20000001
2025-08-01 10:22:58 AM,999.4,1,999.4,38820566.60000001
2025-08-01 10:23:01 AM,999.4,22,21986.8,38842553.400000006
2025-08-01 10:23:18 AM,999.4,1,999.4,38843552.800000004
2025-08-01 10:23:35 AM,1000.6,240,240144.0,39083696.800000004
2025-08-01 10:23:38 AM,1000.6,6,6003.6,39089700.400000006
2025-08-01 10:23:55 AM,1000.7,1,1000.7,39090701.10000001
2025-08-01 10:23:59 AM,1000.0,0,0.0,39090701.10000001
2025-08-01 10:24:00 AM,1000.0,6,6000.0,39096701.10000001
2025-08-01 10:24:03 AM,999.8,0,0.0,39096701.10000001
2025-08-01 10:24:03 AM,999.8,1,999.8,39097700.900000006
2025-08-01 10:24:05 AM,999.8,14,13997.199999999999,39111698.10000001
2025-08-01 10:24:23 AM,1000.0,0,0.0,39111698.10000001
2025-08-01 10:24:26 AM,1000.0,1,1000.0,39112698.10000001
2025-08-01 10:24:33 AM,1001.0,43,43043.0,39155741.10000001
2025-08-01 10:24:35 AM,1000.9,0,0.0,39155741.10000001
2025-08-01 10:24:36 AM,1000.9,20,20018.0,39175759.10000001
2025-08-01 10:24:43 AM,1000.8,0,0.0,39175759.10000001
2025-08-01 10:24:44 AM,1001.5,101,101151.5,39276910.60000001
2025-08-01 10:24:55 AM,1000.7,0,0.0,39276910.60000001
2025-08-01 10:24:55 AM,1000.7,1,1000.7,39277911.30000001
2025-08-01 10:25:11 AM,1000.3,0,0.0,39277911.30000001
2025-08-01 10:25:13 AM,1000.3,37,37011.1,39314922.40000001
2025-08-01 10:25:19 AM,1000.6,1,1000.6,39315923.000000015
2025-08-01 10:25:32 AM,1000.8,0,0.0,39315923.000000015
2025-08-01 10:25:33 AM,1000.8,2,2001.6,39317924.60000002
2025-08-01 10:25:44 AM,1000.5,0,0.0,39317924.60000002
2025-08-01 10:25:44 AM,1000.5,1,1000.5,39318925.10000002
2025-08-01 10:25:46 AM,1000.4,1,1000.4,39319925.500000015
2025-08-01 10:25:52 AM,1000.4,1,1000.4,39320925.90000001
2025-08-01 10:25:55 AM,1001.3,0,0.0,39320925.90000001
2025-08-01 10:25:55 AM,1001.3,1,1001.3,39321927.20000001
2025-08-01 10:25:59 AM,1000.7,0,0.0,39321927.20000001
2025-08-01 10:26:00 AM,1000.7,1,1000.7,39322927.90000001
2025-08-01 10:26:40 AM,1000.9,0,0.0,39322927.90000001
2025-08-01 10:26:40 AM,1000.9,1,1000.9,39323928.80000001
2025-08-01 10:26:44 AM,1001.0,0,0.0,39323928.80000001
2025-08-01 10:26:46 AM,1001.5,0,0.0,39323928.80000001
2025-08-01 10:26:46 AM,1001.5,2,2003.0,39325931.80000001
2025-08-01 10:26:57 AM,1001.5,93,93139.5,39419071.30000001
2025-08-01 10:26:58 AM,1000.4,0,0.0,39419071.30000001
2025-08-01 10:27:00 AM,1000.4,9,9003.6,39428074.90000001
2025-08-01 10:27:19 AM,1000.2,0,0.0,39428074.90000001
2025-08-01 10:27:20 AM,1000.2,1,1000.2,39429075.10000002
2025-08-01 10:27:23 AM,1000.2,1,1000.2,39430075.30000002
2025-08-01 10:27:55 AM,1001.0,0,0.0,39430075.30000002
2025-08-01 10:27:56 AM,1001.0,115,115115.0,39545190.30000002
2025-08-01 10:28:17 AM,1001.5,0,0.0,39545190.30000002
2025-08-01 10:28:17 AM,1001.5,3,3004.5,39548194.80000002
2025-08-01 10:29:01 AM,1001.5,1,1001.5,39549196.30000002
2025-08-01 10:29:29 AM,1001.0,0,0.0,39549196.30000002
2025-08-01 10:29:29 AM,1001.0,18,18018.0,39567214.30000002
2025-08-01 10:29:32 AM,1000.7,1,1000.7,39568215.00000002
2025-08-01 10:29:34 AM,1000.1,228,228022.80000000002,39796237.80000002
2025-08-01 10:29:40 AM,1000.5,1,1000.5,39797238.30000002
2025-08-01 10:30:05 AM,1000.5,7,7003.5,39804241.80000002
2025-08-01 10:31:06 AM,1000.5,1,1000.5,39805242.30000002
2025-08-01 10:31:12 AM,1000.5,1,1000.5,39806242.80000002
2025-08-01 10:31:14 AM,1000.5,5,5002.5,39811245.30000002
2025-08-01 10:31:23 AM,1000.5,2,2001.0,39813246.30000002
2025-08-01 10:31:24 AM,1000.8,0,0.0,39813246.30000002
2025-08-01 10:31:25 AM,1000.8,71,71056.8,39884303.10000002
2025-08-01 10:31:42 AM,1002.3,0,0.0,39884303.10000002
2025-08-01 10:31:42 AM,1002.3,183,183420.9,40067724.000000015
2025-08-01 10:31:44 AM,1003.2,0,0.0,40067724.000000015
2025-08-01 10:31:45 AM,1003.2,23,23073.600000000002,40090797.60000002
2025-08-01 10:32:01 AM,1003.0,1,1003.0,40091800.60000002
2025-08-01 10:32:07 AM,1003.6,2,2007.2,40093807.80000002
2025-08-01 10:32:14 AM,1003.6,19,19068.4,40112876.20000002
2025-08-01 10:32:17 AM,1003.9,0,0.0,40112876.20000002
2025-08-01 10:32:17 AM,1003.9,21,21081.899999999998,40133958.10000002
2025-08-01 10:32:23 AM,1003.9,82,82319.8,40216277.90000001
2025-08-01 10:32:25 AM,1003.6,0,0.0,40216277.90000001
2025-08-01 10:32:27 AM,1003.6,6,6021.6,40222299.500000015
2025-08-01 10:32:33 AM,1003.2,1,1003.2,40223302.70000002
2025-08-01 10:32:54 AM,1003.4,2,2006.8,40225309.500000015
2025-08-01 10:33:02 AM,1003.2,1,1003.2,40226312.70000002
2025-08-01 10:33:13 AM,1002.5,0,0.0,40226312.70000002
2025-08-01 10:33:13 AM,1002.5,1,1002.5,40227315.20000002
2025-08-01 10:33:25 AM,1002.5,1,1002.5,40228317.70000002
2025-08-01 10:33:30 AM,1003.2,0,0.0,40228317.70000002
2025-08-01 10:33:30 AM,1003.2,2,2006.4,40230324.10000002
2025-08-01 10:33:41 AM,1002.7,0,0.0,40230324.10000002
2025-08-01 10:33:41 AM,1002.7,1,1002.7,40231326.80000002
2025-08-01 10:33:51 AM,1004.2,0,0.0,40231326.80000002
2025-08-01 10:33:52 AM,1004.2,500,502100.0,40733426.80000002
2025-08-01 10:34:04 AM,1002.7,100,100270.0,40833696.80000002
2025-08-01 10:34:16 AM,1002.4,1,1002.4,40834699.20000002
2025-08-01 10:34:26 AM,1003.2,0,0.0,40834699.20000002
2025-08-01 10:34:26 AM,1003.2,10,10032.0,40844731.20000002
2025-08-01 10:34:34 AM,1003.5,0,0.0,40844731.20000002
2025-08-01 10:34:34 AM,1003.5,35,35122.5,40879853.70000002
2025-08-01 10:34:43 AM,1002.8,0,0.0,40879853.70000002
2025-08-01 10:34:43 AM,1002.8,2,2005.6,40881859.30000002
2025-08-01 10:35:03 AM,1002.8,220,220616.0,41102475.30000002
2025-08-01 10:35:06 AM,1003.0,1,1003.0,41103478.30000002
2025-08-01 10:35:11 AM,1002.9,0,0.0,41103478.30000002
2025-08-01 10:35:12 AM,1002.9,1,1002.9,41104481.20000002
2025-08-01 10:35:25 AM,1002.9,1,1002.9,41105484.10000002
2025-08-01 10:35:40 AM,1002.4,1,1002.4,41106486.500000015
2025-08-01 10:35:59 AM,1002.4,1,1002.4,41107488.90000001
2025-08-01 10:36:10 AM,1003.5,187,187654.5,41295143.40000001
2025-08-01 10:36:27 AM,1004.1,1,1004.1,41296147.500000015
2025-08-01 10:36:28 AM,1003.6,0,0.0,41296147.500000015
2025-08-01 10:36:30 AM,1003.6,1,1003.6,41297151.10000002
2025-08-01 10:36:36 AM,1004.9,114,114558.59999999999,41411709.70000002
2025-08-01 10:36:49 AM,1004.9,1,1004.9,41412714.60000002
2025-08-01 10:36:54 AM,1004.3,1,1004.3,41413718.90000001
2025-08-01 10:36:55 AM,1003.6,0,0.0,41413718.90000001
2025-08-01 10:36:58 AM,1004.0,0,0.0,41413718.90000001
2025-08-01 10:36:58 AM,1004.0,101,101404.0,41515122.90000001
2025-08-01 10:37:08 AM,1004.1,0,0.0,41515122.90000001
2025-08-01 10:37:09 AM,1004.1,1,1004.1,41516127.000000015
2025-08-01 10:37:28 AM,1004.9,45,45220.5,41561347.500000015
2025-08-01 10:37:32 AM,1005.0,0,0.0,41561347.500000015
2025-08-01 10:37:33 AM,1005.0,47,47235.0,41608582.500000015
2025-08-01 10:37:48 AM,1005.3,93,93492.9,41702075.40000001
2025-08-01 10:37:53 AM,1005.5,3,3016.5,41705091.90000001
2025-08-01 10:38:00 AM,1004.5,0,0.0,41705091.90000001
2025-08-01 10:38:01 AM,1004.5,99,99445.5,41804537.40000001
2025-08-01 10:38:55 AM,1003.0,0,0.0,41804537.40000001
2025-08-01 10:38:55 AM,1003.0,152,152456.0,41956993.40000001
2025-08-01 10:39:45 AM,1003.0,1,1003.0,41957996.40000001
2025-08-01 10:39:51 AM,1003.0,1,1003.0,41958999.40000001
2025-08-01 10:39:56 AM,1003.0,1,1003.0,41960002.40000001
2025-08-01 10:40:02 AM,1003.0,1,1003.0,41961005.40000001
2025-08-01 10:40:06 AM,1004.3,0,0.0,41961005.40000001
2025-08-01 10:40:07 AM,1004.3,200,200860.0,42161865.40000001
2025-08-01 10:40:11 AM,1004.2,0,0.0,42161865.40000001
2025-08-01 10:40:13 AM,1004.2,11,11046.2,42172911.60000002
2025-08-01 10:40:19 AM,1003.3,1,1003.3,42173914.90000001
2025-08-01 10:40:24 AM,1003.3,1,1003.3,42174918.20000001
2025-08-01 10:40:32 AM,1003.1,0,0.0,42174918.20000001
2025-08-01 10:40:32 AM,1003.1,1,1003.1,42175921.30000001
2025-08-01 10:40:50 AM,1003.9,0,0.0,42175921.30000001
2025-08-01 10:40:52 AM,1003.9,14,14054.6,42189975.90000001
2025-08-01 10:41:22 AM,1003.3,0,0.0,42189975.90000001
2025-08-01 10:41:23 AM,1003.3,1,1003.3,42190979.20000001
2025-08-01 10:41:39 AM,1003.9,0,0.0,42190979.20000001
2025-08-01 10:41:40 AM,1003.9,1,1003.9,42191983.10000001
2025-08-01 10:42:06 AM,1003.3,0,0.0,42191983.10000001
2025-08-01 10:42:07 AM,1003.3,1,1003.3,42192986.400000006
2025-08-01 10:42:22 AM,1003.0,0,0.0,42192986.400000006
2025-08-01 10:42:24 AM,1003.0,1,1003.0,42193989.400000006
2025-08-01 10:42:48 AM,1003.0,5,5015.0,42199004.400000006
2025-08-01 10:43:21 AM,1003.3,0,0.0,42199004.400000006
2025-08-01 10:43:21 AM,1003.3,9,9029.699999999999,42208034.10000001
2025-08-01 10:43:37 AM,1003.0,0,0.0,42208034.10000001
2025-08-01 10:43:37 AM,1003.0,5,5015.0,42213049.10000001
2025-08-01 10:43:43 AM,1003.0,1,1003.0,42214052.10000001
2025-08-01 10:43:51 AM,1003.0,1,1003.0,42215055.10000001
2025-08-01 10:44:06 AM,1003.0,1,1003.0,42216058.10000001
2025-08-01 10:44:08 AM,1003.0,1,1003.0,42217061.10000001
2025-08-01 10:44:23 AM,1003.3,0,0.0,42217061.10000001
2025-08-01 10:44:25 AM,1003.3,1,1003.3,42218064.400000006
2025-08-01 10:44:30 AM,1003.0,1,1003.0,42219067.400000006
2025-08-01 10:44:33 AM,1003.3,0,0.0,42219067.400000006
2025-08-01 10:44:33 AM,1003.3,1,1003.3,42220070.7
2025-08-01 10:44:44 AM,1003.3,2,2006.6,42222077.300000004
2025-08-01 10:44:54 AM,1003.0,0,0.0,42222077.300000004
2025-08-01 10:44:55 AM,1003.0,1,1003.0,42223080.300000004
2025-08-01 10:45:44 AM,1003.0,2,2006.0,42225086.300000004
2025-08-01 10:45:49 AM,1003.0,1,1003.0,42226089.300000004
2025-08-01 10:46:02 AM,1003.0,1,1003.0,42227092.300000004
2025-08-01 10:46:07 AM,1003.3,0,0.0,42227092.300000004
2025-08-01 10:46:08 AM,1003.3,1,1003.3,42228095.6
2025-08-01 10:46:19 AM,1003.0,0,0.0,42228095.6
2025-08-01 10:46:20 AM,1003.0,1,1003.0,42229098.6
2025-08-01 10:46:25 AM,1003.1,0,0.0,42229098.6
2025-08-01 10:46:25 AM,1003.1,593,594838.3,42823936.9
2025-08-01 10:46:33 AM,1002.3,0,0.0,42823936.9
2025-08-01 10:46:35 AM,1002.3,127,127292.09999999999,42951229.0
2025-08-01 10:46:56 AM,1001.8,0,0.0,42951229.0
2025-08-01 10:46:57 AM,1001.8,2,2003.6,42953232.6
2025-08-01 10:46:58 AM,1003.1,200,200620.0,43153852.6
2025-08-01 10:47:33 AM,1003.0,0,0.0,43153852.6
2025-08-01 10:47:34 AM,1003.0,26,26078.0,43179930.6
2025-08-01 10:47:43 AM,1001.8,0,0.0,43179930.6
2025-08-01 10:47:45 AM,1001.7,0,0.0,43179930.6
2025-08-01 10:47:45 AM,1001.7,50,50085.0,43230015.6
2025-08-01 10:47:52 AM,1002.4,0,0.0,43230015.6
2025-08-01 10:47:53 AM,1002.4,2,2004.8,43232020.4
2025-08-01 10:47:56 AM,1001.9,1,1001.9,43233022.3
2025-08-01 10:48:07 AM,1001.9,1,1001.9,43234024.199999996
2025-08-01 10:48:28 AM,1001.9,1,1001.9,43235026.099999994
2025-08-01 10:48:39 AM,1002.6,0,0.0,43235026.099999994
2025-08-01 10:48:39 AM,1002.6,8,8020.8,43243046.89999999
2025-08-01 10:49:18 AM,1002.6,1,1002.6,43244049.49999999
2025-08-01 10:49:32 AM,1001.7,0,0.0,43244049.49999999
2025-08-01 10:49:34 AM,1001.7,25,25042.5,43269091.99999999
2025-08-01 10:50:00 AM,1001.6,0,0.0,43269091.99999999
2025-08-01 10:50:00 AM,1001.6,93,93148.8,43362240.79999999
2025-08-01 10:50:01 AM,1001.6,33,33052.8,43395293.59999999
2025-08-01 10:50:02 AM,1001.8,0,0.0,43395293.59999999
2025-08-01 10:50:06 AM,1001.8,1,1001.8,43396295.39999998
2025-08-01 10:50:08 AM,1002.4,0,0.0,43396295.39999998
2025-08-01 10:50:11 AM,1002.4,3,3007.2,43399302.59999999
2025-08-01 10:50:55 AM,1001.6,0,0.0,43399302.59999999
2025-08-01 10:50:57 AM,1000.4,0,0.0,43399302.59999999
2025-08-01 10:50:57 AM,1000.4,473,473189.2,43872491.79999999
2025-08-01 10:51:01 AM,1001.1,0,0.0,43872491.79999999
2025-08-01 10:51:02 AM,1001.1,10,10011.0,43882502.79999999
2025-08-01 10:51:17 AM,1002.3,0,0.0,43882502.79999999
2025-08-01 10:51:19 AM,1002.3,250,250575.0,44133077.79999999
2025-08-01 10:51:57 AM,1000.9,0,0.0,44133077.79999999
2025-08-01 10:51:57 AM,1000.9,1,1000.9,44134078.69999999
2025-08-01 10:52:07 AM,1001.0,0,0.0,44134078.69999999
2025-08-01 10:52:08 AM,1001.0,1,1001.0,44135079.69999999
2025-08-01 10:52:19 AM,1001.1,0,0.0,44135079.69999999
2025-08-01 10:52:19 AM,1001.1,1,1001.1,44136080.79999999
2025-08-01 10:52:37 AM,1001.8,0,0.0,44136080.79999999
2025-08-01 10:52:40 AM,1001.8,1,1001.8,44137082.59999999
2025-08-01 10:52:51 AM,1001.9,0,0.0,44137082.59999999
2025-08-01 10:52:52 AM,1001.9,20,20038.0,44157120.59999999
2025-08-01 10:53:21 AM,1001.0,0,0.0,44157120.59999999
2025-08-01 10:53:23 AM,1001.0,115,115115.0,44272235.59999999
2025-08-01 10:53:33 AM,1000.9,2,2001.8,44274237.39999998
2025-08-01 10:53:49 AM,1001.3,0,0.0,44274237.39999998
2025-08-01 10:53:49 AM,1001.3,49,49063.7,44323301.09999999
2025-08-01 10:53:55 AM,1001.3,2,2002.6,44325303.69999999
2025-08-01 10:54:27 AM,1001.3,1,1001.3,44326304.999999985
2025-08-01 10:55:42 AM,1001.3,1,1001.3,44327306.29999998
2025-08-01 10:56:20 AM,1001.2,1,1001.2,44328307.499999985
2025-08-01 10:56:23 AM,1001.1,0,0.0,44328307.499999985
2025-08-01 10:56:24 AM,1001.1,2,2002.2,44330309.69999999
2025-08-01 10:56:34 AM,1001.1,1,1001.1,44331310.79999999
2025-08-01 10:56:52 AM,1001.1,1,1001.1,44332311.89999999
2025-08-01 10:57:11 AM,1001.1,1,1001.1,44333312.99999999
2025-08-01 10:58:20 AM,1001.1,1,1001.1,44334314.099999994
2025-08-01 10:58:25 AM,1000.8,0,0.0,44334314.099999994
2025-08-01 10:58:26 AM,1000.8,18,18014.399999999998,44352328.49999999
2025-08-01 10:58:39 AM,1001.1,0,0.0,44352328.49999999
2025-08-01 10:58:42 AM,1001.1,11,11012.1,44363340.599999994
2025-08-01 10:58:53 AM,1001.1,224,224246.4,44587586.99999999
2025-08-01 10:59:19 AM,1002.3,0,0.0,44587586.99999999
2025-08-01 10:59:19 AM,1002.3,50,50115.0,44637701.99999999
2025-08-01 10:59:59 AM,1002.2,0,0.0,44637701.99999999
2025-08-01 11:00:01 AM,1002.2,10,10022.0,44647723.99999999
2025-08-01 11:00:13 AM,1002.2,3,3006.6000000000004,44650730.599999994
2025-08-01 11:00:25 AM,1002.2,1,1002.2,44651732.8
2025-08-01 11:00:41 AM,1001.9,1,1001.9,44652734.699999996
2025-08-01 11:00:50 AM,1001.8,0,0.0,44652734.699999996
2025-08-01 11:00:51 AM,1001.8,1,1001.8,44653736.49999999
2025-08-01 11:00:56 AM,1001.8,1,1001.8,44654738.29999999
2025-08-01 11:00:57 AM,1001.8,1,1001.8,44655740.09999999
2025-08-01 11:01:12 AM,1001.8,1,1001.8,44656741.89999998
2025-08-01 11:01:50 AM,1002.2,0,0.0,44656741.89999998
2025-08-01 11:01:50 AM,1002.2,3,3006.6000000000004,44659748.499999985
2025-08-01 11:01:52 AM,1001.9,0,0.0,44659748.499999985
2025-08-01 11:01:54 AM,1001.9,1,1001.9,44660750.39999998
2025-08-01 11:03:15 AM,1001.5,50,50075.0,44710825.39999998
2025-08-01 11:03:18 AM,1001.4,0,0.0,44710825.39999998
2025-08-01 11:03:19 AM,1001.4,1,1001.4,44711826.79999998
2025-08-01 11:03:53 AM,1002.1,12,12025.2,44723851.999999985
2025-08-01 11:04:14 AM,1002.1,2,2004.2,44725856.19999999
2025-08-01 11:04:24 AM,1001.5,0,0.0,44725856.19999999
2025-08-01 11:04:24 AM,1001.5,2,2003.0,44727859.19999999
2025-08-01 11:04:28 AM,1002.0,0,0.0,44727859.19999999
2025-08-01 11:04:29 AM,1002.0,3,3006.0,44730865.19999999
2025-08-01 11:04:35 AM,1002.1,0,0.0,44730865.19999999
2025-08-01 11:04:37 AM,1002.1,3,3006.3,44733871.499999985
2025-08-01 11:04:42 AM,1001.6,1,1001.6,44734873.09999999
2025-08-01 11:04:44 AM,1001.6,1,1001.6,44735874.69999999
2025-08-01 11:05:04 AM,1002.1,0,0.0,44735874.69999999
2025-08-01 11:05:04 AM,1002.1,1,1002.1,44736876.79999999
2025-08-01 11:05:06 AM,1001.6,0,0.0,44736876.79999999
2025-08-01 11:05:09 AM,1001.6,1,1001.6,44737878.39999999
2025-08-01 11:05:43 AM,1001.8,0,0.0,44737878.39999999
2025-08-01 11:05:47 AM,1001.8,1,1001.8,44738880.19999999
2025-08-01 11:05:50 AM,1001.7,0,0.0,44738880.19999999
2025-08-01 11:05:52 AM,1001.7,1,1001.7,44739881.89999999
2025-08-01 11:06:06 AM,1002.1,0,0.0,44739881.89999999
2025-08-01 11:06:08 AM,1002.1,2,2004.2,44741886.099999994
2025-08-01 11:06:13 AM,1003.0,0,0.0,44741886.099999994
2025-08-01 11:06:13 AM,1003.0,100,100300.0,44842186.099999994
2025-08-01 11:06:21 AM,1002.2,0,0.0,44842186.099999994
2025-08-01 11:06:24 AM,1002.2,36,36079.200000000004,44878265.3
2025-08-01 11:06:30 AM,1003.0,0,0.0,44878265.3
2025-08-01 11:06:32 AM,1003.0,7,7021.0,44885286.3
2025-08-01 11:06:35 AM,1002.3,0,0.0,44885286.3
2025-08-01 11:06:36 AM,1002.8,0,0.0,44885286.3
2025-08-01 11:06:38 AM,1002.8,112,112313.59999999999,44997599.9
2025-08-01 11:06:43 AM,1004.2,0,0.0,44997599.9
2025-08-01 11:06:44 AM,1004.2,69,69289.8,45066889.699999996
2025-08-01 11:06:55 AM,1003.3,0,0.0,45066889.699999996
2025-08-01 11:06:56 AM,1004.7,81,81380.7,45148270.4
2025-08-01 11:07:06 AM,1003.2,0,0.0,45148270.4
2025-08-01 11:07:06 AM,1003.2,16,16051.2,45164321.6
2025-08-01 11:07:17 AM,1003.2,2,2006.4,45166328.0
2025-08-01 11:07:18 AM,1003.3,5,5016.5,45171344.5
2025-08-01 11:07:22 AM,1003.3,3,3009.8999999999996,45174354.4
2025-08-01 11:07:23 AM,1002.9,77,77223.3,45251577.699999996
2025-08-01 11:07:36 AM,1003.2,0,0.0,45251577.699999996
2025-08-01 11:07:39 AM,1003.2,3,3009.6000000000004,45254587.3
2025-08-01 11:07:52 AM,1002.5,0,0.0,45254587.3
2025-08-01 11:07:54 AM,1002.5,10,10025.0,45264612.3
2025-08-01 11:08:05 AM,1001.8,2,2003.6,45266615.9
2025-08-01 11:08:16 AM,1001.8,3,3005.3999999999996,45269621.3
2025-08-01 11:08:22 AM,1002.5,0,0.0,45269621.3
2025-08-01 11:08:23 AM,1002.5,1,1002.5,45270623.8
2025-08-01 11:08:49 AM,1001.8,49,49088.2,45319712.0
2025-08-01 11:08:50 AM,1001.1,0,0.0,45319712.0
2025-08-01 11:08:52 AM,1001.1,2,2002.2,45321714.2
2025-08-01 11:09:03 AM,1001.1,1,1001.1,45322715.300000004
2025-08-01 11:09:37 AM,1001.1,1,1001.1,45323716.400000006
2025-08-01 11:09:59 AM,1001.1,25,25027.5,45348743.900000006
2025-08-01 11:10:03 AM,1001.0,0,0.0,45348743.900000006
2025-08-01 11:10:04 AM,1001.0,85,85085.0,45433828.900000006
2025-08-01 11:10:20 AM,1000.3,2,2000.6,45435829.50000001
2025-08-01 11:10:25 AM,1001.0,0,0.0,45435829.50000001
2025-08-01 11:10:25 AM,1001.0,3,3003.0,45438832.50000001
2025-08-01 11:10:43 AM,1001.0,5,5005.0,45443837.50000001
2025-08-01 11:10:51 AM,1000.1,0,0.0,45443837.50000001
2025-08-01 11:10:53 AM,1000.1,2,2000.2,45445837.70000001
2025-08-01 11:10:58 AM,1000.1,1,1000.1,45446837.80000001
2025-08-01 11:10:59 AM,1000.1,1,1000.1,45447837.90000001
2025-08-01 11:11:04 AM,1000.1,5,5000.5,45452838.40000001
2025-08-01 11:11:05 AM,1000.1,2,2000.2,45454838.60000002
2025-08-01 11:11:06 AM,1000.9,0,0.0,45454838.60000002
2025-08-01 11:11:10 AM,1000.9,1,1000.9,45455839.500000015
2025-08-01 11:11:15 AM,1000.2,0,0.0,45455839.500000015
2025-08-01 11:11:15 AM,1000.2,1,1000.2,45456839.70000002
2025-08-01 11:11:19 AM,1001.4,0,0.0,45456839.70000002
2025-08-01 11:11:20 AM,1001.4,10,10014.0,45466853.70000002
2025-08-01 11:11:51 AM,1000.6,0,0.0,45466853.70000002
2025-08-01 11:11:53 AM,1000.6,2,2001.2,45468854.90000002
2025-08-01 11:12:19 AM,1000.6,1,1000.6,45469855.50000002
2025-08-01 11:12:25 AM,1000.6,10,10006.0,45479861.50000002
2025-08-01 11:12:36 AM,1000.6,2,2001.2,45481862.700000025
2025-08-01 11:12:45 AM,1001.4,0,0.0,45481862.700000025
2025-08-01 11:12:46 AM,1001.4,17,17023.8,45498886.50000002
2025-08-01 11:12:57 AM,1000.7,0,0.0,45498886.50000002
2025-08-01 11:13:01 AM,1000.7,1,1000.7,45499887.200000025
2025-08-01 11:13:21 AM,1000.6,0,0.0,45499887.200000025
2025-08-01 11:13:23 AM,1000.6,2,2001.2,45501888.40000003
2025-08-01 11:14:07 AM,1000.6,1,1000.6,45502889.00000003
2025-08-01 11:14:39 AM,1000.6,1,1000.6,45503889.60000003
2025-08-01 11:14:42 AM,1001.3,0,0.0,45503889.60000003
2025-08-01 11:14:44 AM,1001.3,2,2002.6,45505892.20000003
2025-08-01 11:14:50 AM,1000.6,0,0.0,45505892.20000003
2025-08-01 11:14:51 AM,1000.6,3,3001.8,45508894.00000003
2025-08-01 11:15:30 AM,1000.7,0,0.0,45508894.00000003
2025-08-01 11:15:33 AM,1000.7,55,55038.5,45563932.50000003
2025-08-01 11:15:36 AM,1001.5,0,0.0,45563932.50000003
2025-08-01 11:15:38 AM,1001.5,4,4006.0,45567938.50000003
2025-08-01 11:16:20 AM,1000.9,0,0.0,45567938.50000003
2025-08-01 11:16:20 AM,1000.9,2,2001.8,45569940.30000003
2025-08-01 11:17:07 AM,1000.9,2,2001.8,45571942.100000024
2025-08-01 11:17:23 AM,1000.9,1,1000.9,45572943.00000002
2025-08-01 11:17:30 AM,1001.8,0,0.0,45572943.00000002
2025-08-01 11:17:31 AM,1001.8,8,8014.4,45580957.40000002
2025-08-01 11:17:39 AM,1001.8,2,2003.6,45582961.00000002
2025-08-01 11:17:50 AM,1001.5,2,2003.0,45584964.00000002
2025-08-01 11:18:01 AM,1001.0,0,0.0,45584964.00000002
2025-08-01 11:18:02 AM,1001.0,1,1001.0,45585965.00000002
2025-08-01 11:18:28 AM,1000.9,1,1000.9,45586965.90000002
2025-08-01 11:18:35 AM,1000.9,12,12010.8,45598976.70000002
2025-08-01 11:18:38 AM,1000.6,0,0.0,45598976.70000002
2025-08-01 11:18:39 AM,1000.4,13,13005.199999999999,45611981.90000002
2025-08-01 11:18:40 AM,1000.9,0,0.0,45611981.90000002
2025-08-01 11:18:40 AM,1001.2,1478,1479773.6,47091755.50000002
2025-08-01 11:18:42 AM,1000.6,0,0.0,47091755.50000002
2025-08-01 11:18:45 AM,1000.6,146,146087.6,47237843.100000024
2025-08-01 11:18:50 AM,1001.4,0,0.0,47237843.100000024
2025-08-01 11:18:51 AM,1001.4,67061,67154885.39999999,114392728.50000001
2025-08-01 11:19:04 AM,1002.0,0,0.0,114392728.50000001
2025-08-01 11:19:08 AM,1002.0,141,141282.0,114534010.50000001
2025-08-01 11:19:14 AM,1002.0,58,58116.0,114592126.50000001
2025-08-01 11:19:27 AM,1002.1,0,0.0,114592126.50000001
2025-08-01 11:19:30 AM,1002.1,1,1002.1,114593128.60000001
2025-08-01 11:19:40 AM,1002.0,0,0.0,114593128.60000001
2025-08-01 11:19:41 AM,1002.0,2,2004.0,114595132.60000001
2025-08-01 11:19:52 AM,1002.0,50,50100.0,114645232.60000001
2025-08-01 11:21:02 AM,1003.5,0,0.0,114645232.60000001
2025-08-01 11:21:05 AM,1003.5,141,141493.5,114786726.10000001
2025-08-01 11:21:15 AM,1004.0,0,0.0,114786726.10000001
2025-08-01 11:21:16 AM,1004.9,104,104509.59999999999,114891235.7
2025-08-01 11:21:27 AM,1004.7,1,1004.7,114892240.4
2025-08-01 11:21:35 AM,1005.1,0,0.0,114892240.4
2025-08-01 11:21:36 AM,1005.0,0,0.0,114892240.4
2025-08-01 11:21:37 AM,1005.0,525,527625.0,115419865.4
2025-08-01 11:21:46 AM,1005.5,0,0.0,115419865.4
2025-08-01 11:21:47 AM,1005.5,1,1005.5,115420870.9
2025-08-01 11:21:52 AM,1005.0,0,0.0,115420870.9
2025-08-01 11:21:52 AM,1005.0,5,5025.0,115425895.9
2025-08-01 11:22:02 AM,1005.8,0,0.0,115425895.9
2025-08-01 11:22:02 AM,1005.8,2,2011.6,115427907.5
2025-08-01 11:22:13 AM,1005.8,2,2011.6,115429919.1
2025-08-01 11:22:20 AM,1005.3,0,0.0,115429919.1
2025-08-01 11:22:24 AM,1005.3,1,1005.3,115430924.39999999
2025-08-01 11:22:38 AM,1005.4,0,0.0,115430924.39999999
2025-08-01 11:22:40 AM,1005.4,1,1005.4,115431929.8
2025-08-01 11:22:59 AM,1005.8,0,0.0,115431929.8
2025-08-01 11:23:00 AM,1005.8,2,2011.6,115433941.39999999
2025-08-01 11:23:15 AM,1005.3,0,0.0,115433941.39999999
2025-08-01 11:23:17 AM,1005.3,1,1005.3,115434946.69999999
2025-08-01 11:23:26 AM,1005.8,0,0.0,115434946.69999999
2025-08-01 11:23:27 AM,1005.8,1,1005.8,115435952.49999999
2025-08-01 11:23:43 AM,1005.8,5,5029.0,115440981.49999999
2025-08-01 11:23:46 AM,1005.4,0,0.0,115440981.49999999
2025-08-01 11:23:48 AM,1005.4,1,1005.4,115441986.89999999
2025-08-01 11:23:59 AM,1005.3,0,0.0,115441986.89999999
2025-08-01 11:24:02 AM,1005.3,3,3015.8999999999996,115445002.8
2025-08-01 11:24:15 AM,1006.0,0,0.0,115445002.8
2025-08-01 11:24:18 AM,1006.0,50,50300.0,115495302.8
2025-08-01 11:24:23 AM,1006.0,1,1006.0,115496308.8
2025-08-01 11:24:33 AM,1006.1,0,0.0,115496308.8
2025-08-01 11:24:34 AM,1006.0,15,15090.0,115511398.8
2025-08-01 11:24:47 AM,1005.9,0,0.0,115511398.8
2025-08-01 11:24:50 AM,1005.9,13,13076.699999999999,115524475.5
2025-08-01 11:25:03 AM,1005.2,0,0.0,115524475.5
2025-08-01 11:25:05 AM,1006.9,0,0.0,115524475.5
2025-08-01 11:25:06 AM,1006.9,276,277904.39999999997,115802379.9
2025-08-01 11:25:07 AM,1008.2,0,0.0,115802379.9
2025-08-01 11:25:11 AM,1008.2,1336,1346955.2,117149335.10000001
2025-08-01 11:25:14 AM,1008.1,0,0.0,117149335.10000001
2025-08-01 11:25:16 AM,1008.1,25,25202.5,117174537.60000001
2025-08-01 11:25:26 AM,1007.7,0,0.0,117174537.60000001
2025-08-01 11:25:26 AM,1007.7,1,1007.7,117175545.30000001
2025-08-01 11:25:30 AM,1007.2,0,0.0,117175545.30000001
2025-08-01 11:25:31 AM,1007.8,0,0.0,117175545.30000001
2025-08-01 11:25:32 AM,1007.8,306,308386.8,117483932.10000001
2025-08-01 11:25:47 AM,1007.4,0,0.0,117483932.10000001
2025-08-01 11:25:47 AM,1008.0,0,0.0,117483932.10000001
2025-08-01 11:25:48 AM,1008.0,170,171360.0,117655292.10000001
2025-08-01 11:25:51 AM,1008.4,0,0.0,117655292.10000001
2025-08-01 11:25:53 AM,1008.4,2,2016.8,117657308.9
2025-08-01 11:25:54 AM,1007.1,0,0.0,117657308.9
2025-08-01 11:25:55 AM,1008.1,0,0.0,117657308.9
2025-08-01 11:25:56 AM,1008.0,0,0.0,117657308.9
2025-08-01 11:25:58 AM,1008.0,213,214704.0,117872012.9
2025-08-01 11:26:06 AM,1008.1,0,0.0,117872012.9
2025-08-01 11:26:08 AM,1008.1,270,272187.0,118144199.9
2025-08-01 11:26:11 AM,1008.0,0,0.0,118144199.9
2025-08-01 11:26:13 AM,1008.0,50,50400.0,118194599.9
2025-08-01 11:26:19 AM,1007.6,0,0.0,118194599.9
2025-08-01 11:26:19 AM,1007.6,69,69524.40000000001,118264124.30000001
2025-08-01 11:26:36 AM,1008.1,0,0.0,118264124.30000001
2025-08-01 11:26:39 AM,1008.1,4,4032.4,118268156.70000002
2025-08-01 11:26:49 AM,1008.1,1,1008.1,118269164.80000001
2025-08-01 11:26:54 AM,1008.1,20,20162.0,118289326.80000001
2025-08-01 11:27:11 AM,1008.5,0,0.0,118289326.80000001
2025-08-01 11:27:14 AM,1008.5,1,1008.5,118290335.30000001
2025-08-01 11:27:18 AM,1008.1,0,0.0,118290335.30000001
2025-08-01 11:27:19 AM,1008.1,11,11089.1,118301424.4
2025-08-01 11:27:23 AM,1008.5,0,0.0,118301424.4
2025-08-01 11:27:24 AM,1008.5,100,100850.0,118402274.4
2025-08-01 11:27:29 AM,1007.7,0,0.0,118402274.4
2025-08-01 11:27:29 AM,1007.7,142,143093.4,118545367.80000001
2025-08-01 11:27:31 AM,1008.1,0,0.0,118545367.80000001
2025-08-01 11:27:31 AM,1008.1,1,1008.1,118546375.9
2025-08-01 11:27:33 AM,1008.7,0,0.0,118546375.9
2025-08-01 11:27:35 AM,1008.7,40,40348.0,118586723.9
2025-08-01 11:27:50 AM,1008.7,1,1008.7,118587732.60000001
2025-08-01 11:27:56 AM,1009.6,0,0.0,118587732.60000001
2025-08-01 11:27:57 AM,1009.6,947,956091.2000000001,119543823.80000001
2025-08-01 11:28:00 AM,1009.0,0,0.0,119543823.80000001
2025-08-01 11:28:01 AM,1009.0,123,124107.0,119667930.80000001
2025-08-01 11:28:06 AM,1009.7,300,302910.0,119970840.80000001
2025-08-01 11:28:12 AM,1009.5,0,0.0,119970840.80000001
2025-08-01 11:28:12 AM,1008.7,6,6052.200000000001,119976893.00000001
2025-08-01 11:28:21 AM,1006.8,0,0.0,119976893.00000001
2025-08-01 11:28:21 AM,1007.0,433,436031.0,120412924.00000001
2025-08-01 11:28:22 AM,1007.9,0,0.0,120412924.00000001
2025-08-01 11:28:23 AM,1008.7,0,0.0,120412924.00000001
2025-08-01 11:28:23 AM,1008.7,179,180557.30000000002,120593481.30000001
2025-08-01 11:28:34 AM,1008.7,15,15130.5,120608611.80000001
2025-08-01 11:28:41 AM,1009.3,0,0.0,120608611.80000001
2025-08-01 11:28:42 AM,1009.3,14,14130.199999999999,120622742.00000001
2025-08-01 11:28:49 AM,1009.3,1,1009.3,120623751.30000001
2025-08-01 11:28:49 AM,1010.0,0,0.0,120623751.30000001
2025-08-01 11:28:52 AM,1010.0,140,141400.0,120765151.30000001
2025-08-01 11:29:07 AM,1010.0,100,101000.0,120866151.30000001
2025-08-01 11:29:12 AM,1010.0,1,1010.0,120867161.30000001
2025-08-01 11:29:17 AM,1009.3,0,0.0,120867161.30000001
2025-08-01 11:29:18 AM,1009.3,44,44409.2,120911570.50000001
2025-08-01 11:29:19 AM,1010.0,0,0.0,120911570.50000001
2025-08-01 11:29:21 AM,1010.0,100,101000.0,121012570.50000001
2025-08-01 11:29:23 AM,1010.0,390,393900.0,121406470.50000001
2025-08-01 11:29:26 AM,1009.1,0,0.0,121406470.50000001
2025-08-01 11:29:26 AM,1009.1,168,169528.80000000002,121575999.30000001
2025-08-01 11:29:28 AM,1010.0,0,0.0,121575999.30000001
2025-08-01 11:29:28 AM,1010.0,12,12120.0,121588119.30000001
2025-08-01 11:29:31 AM,1010.0,1,1010.0,121589129.30000001
2025-08-01 11:29:34 AM,1011.4,0,0.0,121589129.30000001
2025-08-01 11:29:36 AM,1011.4,1169,1182326.5999999999,122771455.9
2025-08-01 11:29:41 AM,1010.5,0,0.0,122771455.9
2025-08-01 11:29:41 AM,1010.5,245,247572.5,123019028.4
2025-08-01 11:29:56 AM,1011.2,0,0.0,123019028.4
2025-08-01 11:29:56 AM,1011.2,1001,1012211.2000000001,124031239.60000001
2025-08-01 11:29:59 AM,1011.3,0,0.0,124031239.60000001
2025-08-01 11:29:59 AM,1011.3,1,1011.3,124032250.9
2025-08-01 11:30:01 AM,1012.1,3,3036.3,124035287.2
2025-08-01 11:30:03 AM,1011.7,0,0.0,124035287.2
2025-08-01 11:30:04 AM,1011.4,0,0.0,124035287.2
2025-08-01 11:30:04 AM,1011.4,2,2022.8,124037310.0
2025-08-01 11:30:12 AM,1011.3,0,0.0,124037310.0
2025-08-01 11:30:12 AM,1011.3,6,6067.799999999999,124043377.8
2025-08-01 11:30:14 AM,1011.7,0,0.0,124043377.8
2025-08-01 11:30:16 AM,1011.7,101,102181.70000000001,124145559.5
2025-08-01 11:30:20 AM,1010.9,0,0.0,124145559.5
2025-08-01 11:30:21 AM,1010.9,10,10109.0,124155668.5
2025-08-01 11:30:54 AM,1011.5,1,1011.5,124156680.0
2025-08-01 11:31:00 AM,1011.7,0,0.0,124156680.0
2025-08-01 11:31:03 AM,1011.7,5,5058.5,124161738.5
2025-08-01 11:31:08 AM,1011.6,0,0.0,124161738.5
2025-08-01 11:31:08 AM,1011.6,3,3034.8,124164773.3
2025-08-01 11:31:14 AM,1011.7,0,0.0,124164773.3
2025-08-01 11:31:15 AM,1011.7,5,5058.5,124169831.8
2025-08-01 11:31:24 AM,1011.0,1,1011.0,124170842.8
2025-08-01 11:31:29 AM,1011.1,0,0.0,124170842.8
2025-08-01 11:31:29 AM,1011.1,1,1011.1,124171853.89999999
2025-08-01 11:31:34 AM,1011.1,1,1011.1,124172864.99999999
2025-08-01 11:31:36 AM,1011.9,0,0.0,124172864.99999999
2025-08-01 11:31:39 AM,1011.9,100,101190.0,124274054.99999999
2025-08-01 11:31:42 AM,1011.2,0,0.0,124274054.99999999
2025-08-01 11:31:44 AM,1011.2,1,1011.2,124275066.19999999
2025-08-01 11:31:49 AM,1011.2,3,3033.6000000000004,124278099.79999998
2025-08-01 11:31:54 AM,1010.7,0,0.0,124278099.79999998
2025-08-01 11:31:55 AM,1010.7,7,7074.900000000001,124285174.69999999
2025-08-01 11:31:58 AM,1011.2,0,0.0,124285174.69999999
2025-08-01 11:31:59 AM,1011.2,5,5056.0,124290230.69999999
2025-08-01 11:32:00 AM,1010.7,0,0.0,124290230.69999999
2025-08-01 11:32:00 AM,1010.7,1,1010.7,124291241.39999999
2025-08-01 11:32:03 AM,1011.2,0,0.0,124291241.39999999
2025-08-01 11:32:04 AM,1011.2,5,5056.0,124296297.39999999
2025-08-01 11:32:10 AM,1011.2,2,2022.4,124298319.8
2025-08-01 11:32:20 AM,1010.2,0,0.0,124298319.8
2025-08-01 11:32:21 AM,1010.2,50,50510.0,124348829.8
2025-08-01 11:32:36 AM,1010.7,8,8085.6,124356915.39999999
2025-08-01 11:32:38 AM,1010.7,121,122294.70000000001,124479210.1
2025-08-01 11:32:46 AM,1010.7,1,1010.7,124480220.8
2025-08-01 11:32:51 AM,1010.7,671,678179.7000000001,125158400.5
2025-08-01 11:33:06 AM,1010.0,0,0.0,125158400.5
2025-08-01 11:33:07 AM,1010.0,1,1010.0,125159410.5
2025-08-01 11:33:28 AM,1010.5,0,0.0,125159410.5
2025-08-01 11:33:28 AM,1010.5,9,9094.5,125168505.0
2025-08-01 11:33:42 AM,1010.0,0,0.0,125168505.0
2025-08-01 11:33:43 AM,1010.0,1,1010.0,125169515.0
2025-08-01 11:33:49 AM,1010.5,1,1010.5,125170525.5
2025-08-01 11:34:04 AM,1010.0,0,0.0,125170525.5
2025-08-01 11:34:08 AM,1010.0,2,2020.0,125172545.5
2025-08-01 11:34:22 AM,1010.5,0,0.0,125172545.5
2025-08-01 11:34:24 AM,1010.5,10,10105.0,125182650.5
2025-08-01 11:34:31 AM,1011.2,0,0.0,125182650.5
2025-08-01 11:34:34 AM,1011.2,101,102131.20000000001,125284781.7
2025-08-01 11:34:43 AM,1011.8,0,0.0,125284781.7
2025-08-01 11:34:45 AM,1011.8,220,222596.0,125507377.7
2025-08-01 11:34:55 AM,1011.9,0,0.0,125507377.7
2025-08-01 11:34:55 AM,1011.9,12,12142.8,125519520.5
2025-08-01 11:34:58 AM,1012.0,0,0.0,125519520.5
2025-08-01 11:35:00 AM,1012.0,1,1012.0,125520532.5
2025-08-01 11:35:01 AM,1011.9,0,0.0,125520532.5
2025-08-01 11:35:02 AM,1011.8,0,0.0,125520532.5
2025-08-01 11:35:03 AM,1011.4,0,0.0,125520532.5
2025-08-01 11:35:05 AM,1011.4,2939,2972504.6,128493037.1
2025-08-01 11:35:19 AM,1011.1,0,0.0,128493037.1
2025-08-01 11:35:22 AM,1011.1,2,2022.2,128495059.3
2025-08-01 11:35:22 AM,1011.0,0,0.0,128495059.3
2025-08-01 11:35:27 AM,1011.0,2,2022.0,128497081.3
2025-08-01 11:35:52 AM,1010.5,0,0.0,128497081.3
2025-08-01 11:35:53 AM,1010.5,100,101050.0,128598131.3
2025-08-01 11:35:56 AM,1012.3,0,0.0,128598131.3
2025-08-01 11:35:57 AM,1012.0,0,0.0,128598131.3
2025-08-01 11:35:58 AM,1012.0,403,407836.0,129005967.3
2025-08-01 11:36:00 AM,1012.8,0,0.0,129005967.3
2025-08-01 11:36:03 AM,1012.8,4,4051.2,129010018.5
2025-08-01 11:36:04 AM,1013.6,81,82101.6,129092120.1
2025-08-01 11:36:10 AM,1013.9,0,0.0,129092120.1
2025-08-01 11:36:13 AM,1012.7,0,0.0,129092120.1
2025-08-01 11:36:14 AM,1014.4,197,199836.8,129291956.89999999
2025-08-01 11:36:24 AM,1014.3,8,8114.4,129300071.3
2025-08-01 11:36:29 AM,1014.3,10,10143.0,129310214.3
2025-08-01 11:36:30 AM,1014.0,0,0.0,129310214.3
2025-08-01 11:36:34 AM,1014.0,134,135876.0,129446090.3
2025-08-01 11:36:40 AM,1013.9,0,0.0,129446090.3
2025-08-01 11:36:45 AM,1013.6,385,390236.0,129836326.3
2025-08-01 11:36:53 AM,1013.2,0,0.0,129836326.3
2025-08-01 11:36:55 AM,1013.6,1105,1120028.0,130956354.3
2025-08-01 11:36:56 AM,1012.7,1,1012.7,130957367.0
2025-08-01 11:36:58 AM,1012.8,0,0.0,130957367.0
2025-08-01 11:37:01 AM,1012.8,1,1012.8,130958379.8
2025-08-01 11:37:06 AM,1012.8,1,1012.8,130959392.6
2025-08-01 11:37:11 AM,1012.8,1,1012.8,130960405.39999999
2025-08-01 11:37:22 AM,1011.3,0,0.0,130960405.39999999
2025-08-01 11:37:22 AM,1011.3,350,353955.0,131314360.39999999
2025-08-01 11:37:37 AM,1011.4,100,101140.0,131415500.39999999
2025-08-01 11:37:40 AM,1011.6,0,0.0,131415500.39999999
2025-08-01 11:37:43 AM,1011.6,1,1011.6,131416511.99999999
2025-08-01 11:37:44 AM,1012.1,0,0.0,131416511.99999999
2025-08-01 11:37:48 AM,1012.1,1,1012.1,131417524.09999998
2025-08-01 11:37:53 AM,1012.1,5,5060.5,131422584.59999998
2025-08-01 11:38:03 AM,1012.1,1,1012.1,131423596.69999997
2025-08-01 11:38:20 AM,1011.7,0,0.0,131423596.69999997
2025-08-01 11:38:23 AM,1011.7,1,1011.7,131424608.39999998
2025-08-01 11:38:59 AM,1011.4,0,0.0,131424608.39999998
2025-08-01 11:38:59 AM,1011.4,1,1011.4,131425619.79999998
2025-08-01 11:39:09 AM,1011.4,30,30342.0,131455961.79999998
2025-08-01 11:39:12 AM,1011.5,0,0.0,131455961.79999998
2025-08-01 11:39:13 AM,1011.5,19,19218.5,131475180.29999998
2025-08-01 11:39:16 AM,1011.4,0,0.0,131475180.29999998
2025-08-01 11:39:18 AM,1011.4,100,101140.0,131576320.29999998
2025-08-01 11:39:30 AM,1011.0,414,418554.0,131994874.29999998
2025-08-01 11:39:35 AM,1011.4,0,0.0,131994874.29999998
2025-08-01 11:39:35 AM,1011.4,264,267009.6,132261883.89999998
2025-08-01 11:39:37 AM,1011.0,0,0.0,132261883.89999998
2025-08-01 11:39:39 AM,1011.0,109,110199.0,132372082.89999998
2025-08-01 11:39:50 AM,1010.8,0,0.0,132372082.89999998
2025-08-01 11:39:51 AM,1010.8,1,1010.8,132373093.69999997
2025-08-01 11:40:25 AM,1010.7,0,0.0,132373093.69999997
2025-08-01 11:40:26 AM,1010.7,1,1010.7,132374104.39999998
2025-08-01 11:40:30 AM,1010.0,0,0.0,132374104.39999998
2025-08-01 11:40:31 AM,1009.8,0,0.0,132374104.39999998
2025-08-01 11:40:31 AM,1009.4,113,114062.2,132488166.59999998
2025-08-01 11:40:34 AM,1008.1,0,0.0,132488166.59999998
2025-08-01 11:40:36 AM,1008.1,40,40324.0,132528490.59999998
2025-08-01 11:40:37 AM,1008.2,0,0.0,132528490.59999998
2025-08-01 11:40:38 AM,1008.2,1,1008.2,132529498.79999998
2025-08-01 11:40:40 AM,1007.1,0,0.0,132529498.79999998
2025-08-01 11:40:42 AM,1007.1,91,91646.1,132621144.89999998
2025-08-01 11:40:57 AM,1007.0,2,2014.0,132623158.89999998
2025-08-01 11:40:59 AM,1006.1,0,0.0,132623158.89999998
2025-08-01 11:41:01 AM,1006.5,0,0.0,132623158.89999998
2025-08-01 11:41:02 AM,1006.5,104,104676.0,132727834.89999998
2025-08-01 11:41:03 AM,1006.0,1,1006.0,132728840.89999998
2025-08-01 11:41:12 AM,1006.0,199,200194.0,132929034.89999998
2025-08-01 11:41:13 AM,1006.1,1,1006.1,132930040.99999997
2025-08-01 11:41:27 AM,1006.2,1,1006.2,132931047.19999997
2025-08-01 11:41:48 AM,1006.3,0,0.0,132931047.19999997
2025-08-01 11:41:50 AM,1006.5,0,0.0,132931047.19999997
2025-08-01 11:41:52 AM,1006.5,2,2013.0,132933060.19999997
2025-08-01 11:41:58 AM,1007.1,4,4028.4,132937088.59999998
2025-08-01 11:42:02 AM,1006.3,0,0.0,132937088.59999998
2025-08-01 11:42:03 AM,1006.2,1051,1057516.2,133994604.79999998
2025-08-01 11:42:06 AM,1004.8,0,0.0,133994604.79999998
2025-08-01 11:42:08 AM,1004.8,23,23110.399999999998,134017715.19999999
2025-08-01 11:42:10 AM,1005.4,0,0.0,134017715.19999999
2025-08-01 11:42:13 AM,1005.4,40,40216.0,134057931.19999999
2025-08-01 11:42:20 AM,1004.0,0,0.0,134057931.19999999
2025-08-01 11:42:23 AM,1004.0,105,105420.0,134163351.19999999
2025-08-01 11:42:28 AM,1003.6,10,10036.0,134173387.19999999
2025-08-01 11:42:30 AM,1005.1,0,0.0,134173387.19999999
2025-08-01 11:42:32 AM,1005.3,0,0.0,134173387.19999999
2025-08-01 11:42:33 AM,1005.3,337,338786.1,134512173.29999998
2025-08-01 11:42:41 AM,1006.6,0,0.0,134512173.29999998
2025-08-01 11:42:44 AM,1006.6,350,352310.0,134864483.29999998
2025-08-01 11:42:52 AM,1005.5,0,0.0,134864483.29999998
2025-08-01 11:42:55 AM,1005.5,1,1005.5,134865488.79999998
2025-08-01 11:43:12 AM,1005.3,1,1005.3,134866494.1
2025-08-01 11:43:40 AM,1004.9,0,0.0,134866494.1
2025-08-01 11:43:42 AM,1004.9,16,16078.4,134882572.5
2025-08-01 11:43:46 AM,1005.3,0,0.0,134882572.5
2025-08-01 11:43:47 AM,1005.3,6,6031.799999999999,134888604.3
2025-08-01 11:43:50 AM,1006.4,0,0.0,134888604.3
2025-08-01 11:43:53 AM,1005.3,301,302595.3,135191199.60000002
2025-08-01 11:44:06 AM,1004.2,0,0.0,135191199.60000002
2025-08-01 11:44:09 AM,1004.2,2,2008.4,135193208.00000003
2025-08-01 11:44:21 AM,1004.8,48,48230.399999999994,135241438.40000004
2025-08-01 11:44:38 AM,1004.8,10,10048.0,135251486.40000004
2025-08-01 11:44:44 AM,1003.9,1003,1006911.7,136258398.10000002
2025-08-01 11:44:49 AM,1005.0,10,10050.0,136268448.10000002
2025-08-01 11:44:52 AM,1005.3,0,0.0,136268448.10000002
2025-08-01 11:44:55 AM,1005.3,10,10053.0,136278501.10000002
2025-08-01 11:45:00 AM,1005.2,10,10052.0,136288553.10000002
2025-08-01 11:45:05 AM,1003.8,49,49186.2,136337739.3
2025-08-01 11:45:09 AM,1002.7,0,0.0,136337739.3
2025-08-01 11:45:10 AM,1002.7,572,573544.4,136911283.70000002
2025-08-01 11:45:11 AM,1003.8,0,0.0,136911283.70000002
2025-08-01 11:45:12 AM,1003.3,0,0.0,136911283.70000002
2025-08-01 11:45:16 AM,1003.3,7,7023.099999999999,136918306.8
2025-08-01 11:45:24 AM,1004.0,0,0.0,136918306.8
2025-08-01 11:45:26 AM,1004.0,90,90360.0,137008666.8
2025-08-01 11:46:21 AM,1003.4,0,0.0,137008666.8
2025-08-01 11:46:25 AM,1003.4,1,1003.4,137009670.20000002
2025-08-01 11:46:29 AM,1002.6,0,0.0,137009670.20000002
2025-08-01 11:46:30 AM,1002.6,300,300780.0,137310450.20000002
2025-08-01 11:46:44 AM,1003.1,0,0.0,137310450.20000002
2025-08-01 11:46:46 AM,1003.1,1,1003.1,137311453.3
2025-08-01 11:46:57 AM,1003.1,1,1003.1,137312456.4
2025-08-01 11:47:10 AM,1003.2,0,0.0,137312456.4
2025-08-01 11:47:12 AM,1003.2,21,21067.2,137333523.6
2025-08-01 11:47:14 AM,1004.0,0,0.0,137333523.6
2025-08-01 11:47:16 AM,1003.3,0,0.0,137333523.6
2025-08-01 11:47:17 AM,1003.3,3,3009.8999999999996,137336533.5
2025-08-01 11:47:33 AM,1004.0,1,1004.0,137337537.5
2025-08-01 11:47:59 AM,1003.6,0,0.0,137337537.5
2025-08-01 11:48:04 AM,1003.6,3,3010.8,137340548.3
2025-08-01 11:48:16 AM,1002.2,0,0.0,137340548.3
2025-08-01 11:48:19 AM,1001.0,494,494494.0,137835042.3
2025-08-01 11:48:20 AM,1002.1,0,0.0,137835042.3
2025-08-01 11:48:21 AM,1002.3,0,0.0,137835042.3
2025-08-01 11:48:24 AM,1002.3,186,186427.8,138021470.10000002
2025-08-01 11:48:27 AM,1002.1,0,0.0,138021470.10000002
2025-08-01 11:48:29 AM,1002.1,10,10021.0,138031491.10000002
2025-08-01 11:48:46 AM,1002.7,0,0.0,138031491.10000002
2025-08-01 11:48:49 AM,1002.7,1,1002.7,138032493.8
2025-08-01 11:48:53 AM,1003.2,0,0.0,138032493.8
2025-08-01 11:48:54 AM,1003.2,10,10032.0,138042525.8
2025-08-01 11:49:34 AM,1002.3,0,0.0,138042525.8
2025-08-01 11:49:36 AM,1002.3,25,25057.5,138067583.3
2025-08-01 11:49:38 AM,1003.0,0,0.0,138067583.3
2025-08-01 11:49:41 AM,1003.0,1,1003.0,138068586.3
2025-08-01 11:49:44 AM,1002.4,0,0.0,138068586.3
2025-08-01 11:49:46 AM,1003.0,0,0.0,138068586.3
2025-08-01 11:49:46 AM,1003.0,3,3009.0,138071595.3
2025-08-01 11:49:56 AM,1002.5,0,0.0,138071595.3
2025-08-01 11:49:56 AM,1002.5,1,1002.5,138072597.8
2025-08-01 11:50:31 AM,1003.1,0,0.0,138072597.8
2025-08-01 11:50:33 AM,1003.1,144,144446.4,138217044.20000002
2025-08-01 11:50:37 AM,1002.7,0,0.0,138217044.20000002
2025-08-01 11:50:38 AM,1002.7,1,1002.7,138218046.9
2025-08-01 11:50:45 AM,1002.0,0,0.0,138218046.9
2025-08-01 11:50:47 AM,1002.0,91,91182.0,138309228.9
2025-08-01 11:51:30 AM,1002.1,0,0.0,138309228.9
2025-08-01 11:51:32 AM,1002.1,5,5010.5,138314239.4
2025-08-01 11:51:45 AM,1002.9,0,0.0,138314239.4
2025-08-01 11:51:46 AM,1002.9,29,29084.1,138343323.5
2025-08-01 11:52:06 AM,1002.7,1,1002.7,138344326.2
2025-08-01 11:52:31 AM,1002.8,0,0.0,138344326.2
2025-08-01 11:52:32 AM,1002.8,5,5014.0,138349340.2
2025-08-01 11:52:34 AM,1002.7,0,0.0,138349340.2
2025-08-01 11:52:37 AM,1002.7,1,1002.7,138350342.89999998
2025-08-01 11:52:52 AM,1002.7,1,1002.7,138351345.59999996
2025-08-01 11:53:07 AM,1002.7,1,1002.7,138352348.29999995
2025-08-01 11:53:08 AM,1002.7,1,1002.7,138353350.99999994
2025-08-01 11:53:18 AM,1002.7,23,23062.100000000002,138376413.09999993
2025-08-01 11:53:55 AM,1002.2,0,0.0,138376413.09999993
2025-08-01 11:53:58 AM,1002.2,1,1002.2,138377415.29999992
2025-08-01 11:54:03 AM,1002.1,0,0.0,138377415.29999992
2025-08-01 11:54:03 AM,1002.1,3,3006.3,138380421.59999993
2025-08-01 11:54:12 AM,1002.8,0,0.0,138380421.59999993
2025-08-01 11:54:13 AM,1002.8,52,52145.6,138432567.19999993
2025-08-01 11:54:18 AM,1002.1,0,0.0,138432567.19999993
2025-08-01 11:54:19 AM,1002.1,1,1002.1,138433569.29999992
2025-08-01 11:54:20 AM,1002.1,1,1002.1,138434571.39999992
2025-08-01 11:54:49 AM,1002.1,1,1002.1,138435573.4999999
2025-08-01 11:54:59 AM,1002.1,1,1002.1,138436575.5999999
2025-08-01 11:55:39 AM,1002.1,1,1002.1,138437577.6999999
2025-08-01 11:55:46 AM,1002.7,0,0.0,138437577.6999999
2025-08-01 11:55:49 AM,1002.7,3,3008.1000000000004,138440585.7999999
2025-08-01 11:55:52 AM,1002.1,0,0.0,138440585.7999999
2025-08-01 11:55:54 AM,1002.1,1,1002.1,138441587.8999999
2025-08-01 11:55:59 AM,1002.1,1,1002.1,138442589.99999988
2025-08-01 11:56:09 AM,1002.1,3,3006.3,138445596.2999999
2025-08-01 11:56:15 AM,1002.1,3,3006.3,138448602.5999999
2025-08-01 11:56:25 AM,1002.1,1,1002.1,138449604.6999999
2025-08-01 11:56:30 AM,1002.1,1,1002.1,138450606.7999999
2025-08-01 11:56:37 AM,1002.1,1,1002.1,138451608.8999999
2025-08-01 11:56:45 AM,1002.1,1,1002.1,138452610.99999988
2025-08-01 11:56:50 AM,1002.1,1,1002.1,138453613.09999987
2025-08-01 11:56:54 AM,1002.6,0,0.0,138453613.09999987
2025-08-01 11:56:55 AM,1002.6,900,902340.0,139355953.09999987
2025-08-01 11:57:03 AM,1001.9,0,0.0,139355953.09999987
2025-08-01 11:57:04 AM,1001.0,0,0.0,139355953.09999987
2025-08-01 11:57:05 AM,1001.0,70,70070.0,139426023.09999987
2025-08-01 11:57:18 AM,1001.7,0,0.0,139426023.09999987
2025-08-01 11:57:20 AM,1002.3,2924,2930725.1999999997,142356748.29999986
2025-08-01 11:57:53 AM,1002.6,0,0.0,142356748.29999986
2025-08-01 11:57:55 AM,1002.6,1,1002.6,142357750.89999986
2025-08-01 11:58:53 AM,1003.5,0,0.0,142357750.89999986
2025-08-01 11:58:54 AM,1003.5,398,399393.0,142757143.89999986
2025-08-01 11:59:13 AM,1002.4,0,0.0,142757143.89999986
2025-08-01 11:59:15 AM,1002.4,1,1002.4,142758146.29999986
2025-08-01 11:59:25 AM,1002.4,2,2004.8,142760151.09999987
2025-08-01 11:59:39 AM,1002.6,0,0.0,142760151.09999987
2025-08-01 11:59:40 AM,1002.6,10,10026.0,142770177.09999987
2025-08-01 12:01:17 PM,1002.4,2,2004.8,142772181.8999999
2025-08-01 12:01:28 PM,1002.4,1,1002.4,142773184.2999999
2025-08-01 12:01:31 PM,1002.4,1,1002.4,142774186.6999999
2025-08-01 12:02:16 PM,1002.4,1,1002.4,142775189.0999999
2025-08-01 12:02:20 PM,1002.6,0,0.0,142775189.0999999
2025-08-01 12:02:21 PM,1002.6,1,1002.6,142776191.6999999
2025-08-01 12:02:40 PM,1002.8,0,0.0,142776191.6999999
2025-08-01 12:02:41 PM,1002.8,113,113316.4,142889508.0999999
2025-08-01 12:02:56 PM,1002.8,3,3008.3999999999996,142892516.4999999
2025-08-01 12:03:56 PM,1003.0,0,0.0,142892516.4999999
2025-08-01 12:03:57 PM,1003.0,15,15045.0,142907561.4999999
2025-08-01 12:04:39 PM,1002.4,11,11026.4,142918587.89999992
2025-08-01 12:04:53 PM,1002.4,1,1002.4,142919590.29999992
2025-08-01 12:04:55 PM,1002.4,9,9021.6,142928611.89999992
2025-08-01 12:04:55 PM,1002.1,0,0.0,142928611.89999992
2025-08-01 12:04:58 PM,1002.1,127,127266.7,143055878.5999999
2025-08-01 12:05:13 PM,1002.0,0,0.0,143055878.5999999
2025-08-01 12:05:15 PM,1002.0,151,151302.0,143207180.5999999
2025-08-01 12:06:19 PM,1001.8,0,0.0,143207180.5999999
2025-08-01 12:06:19 PM,1001.8,2,2003.6,143209184.1999999
2025-08-01 12:06:23 PM,1001.2,0,0.0,143209184.1999999
2025-08-01 12:06:24 PM,1001.8,2,2003.6,143211187.7999999
2025-08-01 12:06:25 PM,1001.8,2,2003.6,143213191.3999999
2025-08-01 12:06:37 PM,1001.3,0,0.0,143213191.3999999
2025-08-01 12:06:39 PM,1001.3,10,10013.0,143223204.3999999
2025-08-01 12:06:43 PM,1001.8,0,0.0,143223204.3999999
2025-08-01 12:06:44 PM,1001.8,5,5009.0,143228213.3999999
2025-08-01 12:07:03 PM,1001.7,0,0.0,143228213.3999999
2025-08-01 12:07:04 PM,1001.7,1,1001.7,143229215.09999987
2025-08-01 12:07:09 PM,1001.6,1,1001.6,143230216.69999987
2025-08-01 12:07:53 PM,1001.7,0,0.0,143230216.69999987
2025-08-01 12:07:55 PM,1001.7,1,1001.7,143231218.39999986
2025-08-01 12:09:37 PM,1002.2,0,0.0,143231218.39999986
2025-08-01 12:09:39 PM,1002.2,1,1002.2,143232220.59999985
2025-08-01 12:11:29 PM,1001.7,1,1001.7,143233222.29999983
2025-08-01 12:11:53 PM,1001.7,1,1001.7,143234223.99999982
2025-08-01 12:12:09 PM,1003.2,0,0.0,143234223.99999982
2025-08-01 12:12:09 PM,1003.4,0,0.0,143234223.99999982
2025-08-01 12:12:13 PM,1003.4,284,284965.6,143519189.59999982
2025-08-01 12:12:47 PM,1003.0,0,0.0,143519189.59999982
2025-08-01 12:12:48 PM,1003.0,1,1003.0,143520192.59999982
2025-08-01 12:13:13 PM,1003.1,0,0.0,143520192.59999982
2025-08-01 12:13:14 PM,1003.1,1,1003.1,143521195.6999998
2025-08-01 12:13:19 PM,1003.0,1,1003.0,143522198.6999998
2025-08-01 12:13:45 PM,1003.1,0,0.0,143522198.6999998
2025-08-01 12:13:48 PM,1003.1,1,1003.1,143523201.7999998
2025-08-01 12:13:49 PM,1003.1,1,1003.1,143524204.8999998
2025-08-01 12:13:58 PM,1003.1,1,1003.1,143525207.9999998
2025-08-01 12:14:07 PM,1003.8,0,0.0,143525207.9999998
2025-08-01 12:14:08 PM,1003.8,1,1003.8,143526211.7999998
2025-08-01 12:14:54 PM,1003.0,82,82246.0,143608457.7999998
2025-08-01 12:15:09 PM,1002.9,0,0.0,143608457.7999998
2025-08-01 12:15:09 PM,1002.9,1,1002.9,143609460.6999998
2025-08-01 12:15:31 PM,1003.4,0,0.0,143609460.6999998
2025-08-01 12:15:34 PM,1003.4,50,50170.0,143659630.6999998
2025-08-01 12:15:50 PM,1003.4,1,1003.4,143660634.09999982
2025-08-01 12:16:07 PM,1003.0,0,0.0,143660634.09999982
2025-08-01 12:16:10 PM,1003.0,1,1003.0,143661637.09999982
2025-08-01 12:16:15 PM,1003.0,2,2006.0,143663643.09999982
2025-08-01 12:16:27 PM,1002.9,0,0.0,143663643.09999982
2025-08-01 12:16:29 PM,1002.9,1,1002.9,143664645.99999982
2025-08-01 12:16:43 PM,1003.0,0,0.0,143664645.99999982
2025-08-01 12:16:44 PM,1003.0,1,1003.0,143665648.99999982
2025-08-01 12:17:03 PM,1003.0,4,4012.0,143669660.99999982
2025-08-01 12:17:05 PM,1001.2,0,0.0,143669660.99999982
2025-08-01 12:17:07 PM,1000.9,0,0.0,143669660.99999982
2025-08-01 12:17:07 PM,1001.4,0,0.0,143669660.99999982
2025-08-01 12:17:08 PM,1001.4,170,170238.0,143839898.99999982
2025-08-01 12:17:11 PM,1000.7,0,0.0,143839898.99999982
2025-08-01 12:17:13 PM,1000.7,2,2001.4,143841900.39999983
2025-08-01 12:17:31 PM,1001.5,0,0.0,143841900.39999983
2025-08-01 12:17:32 PM,1001.5,2,2003.0,143843903.39999983
2025-08-01 12:17:42 PM,1001.5,3,3004.5,143846907.89999983
2025-08-01 12:17:47 PM,1001.4,1,1001.4,143847909.29999983
2025-08-01 12:17:52 PM,1001.4,2,2002.8,143849912.09999985
2025-08-01 12:18:15 PM,1000.8,0,0.0,143849912.09999985
2025-08-01 12:18:16 PM,1000.8,1,1000.8,143850912.89999986
2025-08-01 12:18:19 PM,1001.4,0,0.0,143850912.89999986
2025-08-01 12:18:21 PM,1001.4,2,2002.8,143852915.69999987
2025-08-01 12:18:35 PM,1000.7,0,0.0,143852915.69999987
2025-08-01 12:18:35 PM,1000.7,1,1000.7,143853916.39999986
2025-08-01 12:18:46 PM,1000.7,1,1000.7,143854917.09999985
2025-08-01 12:18:56 PM,1000.7,3,3002.1000000000004,143857919.19999984
2025-08-01 12:19:01 PM,1000.1,1,1000.1,143858919.29999983
2025-08-01 12:19:11 PM,1000.1,1,1000.1,143859919.39999983
2025-08-01 12:19:26 PM,1000.1,5,5000.5,143864919.89999983
2025-08-01 12:19:46 PM,1000.1,40,40004.0,143904923.89999983
2025-08-01 12:19:51 PM,1000.1,10,10001.0,143914924.89999983
2025-08-01 12:19:53 PM,999.3,0,0.0,143914924.89999983
2025-08-01 12:19:54 PM,999.0,0,0.0,143914924.89999983
2025-08-01 12:19:56 PM,999.0,269,268731.0,144183655.89999983
2025-08-01 12:20:02 PM,999.0,1,999.0,144184654.89999983
2025-08-01 12:20:56 PM,999.5,0,0.0,144184654.89999983
2025-08-01 12:20:59 PM,999.5,1,999.5,144185654.39999983
2025-08-01 12:22:23 PM,999.5,10,9995.0,144195649.39999983
2025-08-01 12:22:36 PM,999.2,0,0.0,144195649.39999983
2025-08-01 12:22:39 PM,999.2,1,999.2,144196648.59999982
2025-08-01 12:22:57 PM,999.8,0,0.0,144196648.59999982
2025-08-01 12:22:58 PM,1000.1,0,0.0,144196648.59999982
2025-08-01 12:22:59 PM,1000.0,389,389000.0,144585648.59999982
2025-08-01 12:23:04 PM,1000.6,2,2001.2,144587649.7999998
2025-08-01 12:23:12 PM,1000.0,0,0.0,144587649.7999998
2025-08-01 12:23:14 PM,1000.0,1,1000.0,144588649.7999998
2025-08-01 12:23:19 PM,1000.6,10,10006.0,144598655.7999998
2025-08-01 12:23:22 PM,1000.0,0,0.0,144598655.7999998
2025-08-01 12:23:23 PM,1000.0,1,1000.0,144599655.7999998
2025-08-01 12:23:37 PM,1000.6,1,1000.6,144600656.3999998
2025-08-01 12:23:42 PM,1000.2,43,43008.6,144643664.9999998
2025-08-01 12:24:04 PM,1000.7,0,0.0,144643664.9999998
2025-08-01 12:24:08 PM,1000.7,3,3002.1000000000004,144646667.0999998
2025-08-01 12:24:56 PM,1000.2,0,0.0,144646667.0999998
2025-08-01 12:24:57 PM,1000.2,1,1000.2,144647667.29999977
2025-08-01 12:25:00 PM,999.7,0,0.0,144647667.29999977
2025-08-01 12:25:02 PM,999.7,22,21993.4,144669660.69999978
2025-08-01 12:25:32 PM,998.7,0,0.0,144669660.69999978
2025-08-01 12:25:33 PM,998.7,75,74902.5,144744563.19999978
2025-08-01 12:25:34 PM,999.4,0,0.0,144744563.19999978
2025-08-01 12:25:37 PM,999.4,2,1998.8,144746561.9999998
2025-08-01 12:25:58 PM,998.8,2,1997.6,144748559.5999998
2025-08-01 12:26:10 PM,999.2,0,0.0,144748559.5999998
2025-08-01 12:26:13 PM,999.2,1,999.2,144749558.79999977
2025-08-01 12:26:35 PM,998.0,0,0.0,144749558.79999977
2025-08-01 12:26:38 PM,998.0,402,401196.0,145150754.79999977
2025-08-01 12:26:46 PM,998.7,0,0.0,145150754.79999977
2025-08-01 12:26:47 PM,998.7,2,1997.4,145152752.19999978
2025-08-01 12:27:15 PM,998.2,0,0.0,145152752.19999978
2025-08-01 12:27:19 PM,998.2,1,998.2,145153750.39999977
2025-08-01 12:27:21 PM,997.7,0,0.0,145153750.39999977
2025-08-01 12:27:24 PM,997.7,1,997.7,145154748.09999976
2025-08-01 12:27:30 PM,997.3,0,0.0,145154748.09999976
2025-08-01 12:27:33 PM,998.0,233,232534.0,145387282.09999976
2025-08-01 12:29:09 PM,998.0,1,998.0,145388280.09999976
2025-08-01 12:29:12 PM,998.0,49,48902.0,145437182.09999976
2025-08-01 12:29:28 PM,997.9,2,1995.8,145439177.89999977
2025-08-01 12:29:45 PM,997.9,16,15966.4,145455144.29999977
2025-08-01 12:29:59 PM,997.9,1,997.9,145456142.19999978
2025-08-01 12:30:25 PM,997.9,84,83823.59999999999,145539965.79999977
2025-08-01 12:30:37 PM,997.0,0,0.0,145539965.79999977
2025-08-01 12:30:38 PM,997.0,1,997.0,145540962.79999977
2025-08-01 12:30:55 PM,996.5,0,0.0,145540962.79999977
2025-08-01 12:30:56 PM,996.5,100,99650.0,145640612.79999977
2025-08-01 12:30:57 PM,996.9,0,0.0,145640612.79999977
2025-08-01 12:30:59 PM,996.9,1,996.9,145641609.69999978
2025-08-01 12:31:07 PM,996.8,0,0.0,145641609.69999978
2025-08-01 12:31:08 PM,996.8,1,996.8,145642606.4999998
2025-08-01 12:31:15 PM,997.2,0,0.0,145642606.4999998
2025-08-01 12:31:15 PM,997.2,1416,1412035.2,147054641.69999978
2025-08-01 12:31:29 PM,997.6,0,0.0,147054641.69999978
2025-08-01 12:31:30 PM,997.6,11,10973.6,147065615.29999977
2025-08-01 12:31:41 PM,997.4,0,0.0,147065615.29999977
2025-08-01 12:31:45 PM,997.4,101,100737.4,147166352.69999978
2025-08-01 12:31:53 PM,997.7,0,0.0,147166352.69999978
2025-08-01 12:31:57 PM,997.7,11,10974.7,147177327.39999977
2025-08-01 12:32:19 PM,997.9,0,0.0,147177327.39999977
2025-08-01 12:32:19 PM,998.5,0,0.0,147177327.39999977
2025-08-01 12:32:23 PM,998.5,144,143784.0,147321111.39999977
2025-08-01 12:32:25 PM,998.8,0,0.0,147321111.39999977
2025-08-01 12:32:29 PM,998.8,1,998.8,147322110.19999978
2025-08-01 12:32:45 PM,998.5,0,0.0,147322110.19999978
2025-08-01 12:32:47 PM,998.8,0,0.0,147322110.19999978
2025-08-01 12:32:48 PM,998.8,7,6991.599999999999,147329101.79999977
2025-08-01 12:33:37 PM,998.1,0,0.0,147329101.79999977
2025-08-01 12:33:38 PM,998.1,150,149715.0,147478816.79999977
2025-08-01 12:34:15 PM,998.3,0,0.0,147478816.79999977
2025-08-01 12:34:18 PM,998.3,1,998.3,147479815.0999998
2025-08-01 12:34:24 PM,998.3,1,998.3,147480813.3999998
2025-08-01 12:34:44 PM,997.6,270,269352.0,147750165.3999998
2025-08-01 12:35:01 PM,997.8,0,0.0,147750165.3999998
2025-08-01 12:35:04 PM,997.8,50,49890.0,147800055.3999998
2025-08-01 12:35:04 PM,997.6,1,997.6,147801052.9999998
2025-08-01 12:35:41 PM,997.0,0,0.0,147801052.9999998
2025-08-01 12:35:45 PM,997.0,14,13958.0,147815010.9999998
2025-08-01 12:35:46 PM,996.1,1,996.1,147816007.0999998
2025-08-01 12:35:53 PM,995.8,0,0.0,147816007.0999998
2025-08-01 12:35:56 PM,995.8,1,995.8,147817002.8999998
2025-08-01 12:36:23 PM,995.8,12,11949.599999999999,147828952.4999998
2025-08-01 12:36:48 PM,995.8,1,995.8,147829948.2999998
2025-08-01 12:36:49 PM,997.1,0,0.0,147829948.2999998
2025-08-01 12:36:53 PM,997.1,100,99710.0,147929658.2999998
2025-08-01 12:36:54 PM,995.9,1,995.9,147930654.1999998
2025-08-01 12:37:06 PM,995.8,0,0.0,147930654.1999998
2025-08-01 12:37:08 PM,995.8,1,995.8,147931649.99999982
2025-08-01 12:37:19 PM,995.8,12,11949.599999999999,147943599.59999982
2025-08-01 12:37:38 PM,996.9,71,70779.9,148014379.49999982
2025-08-01 12:37:38 PM,996.9,24,23925.6,148038305.09999982
2025-08-01 12:37:42 PM,997.0,0,0.0,148038305.09999982
2025-08-01 12:37:43 PM,997.0,1,997.0,148039302.09999982
2025-08-01 12:37:46 PM,996.9,0,0.0,148039302.09999982
2025-08-01 12:37:48 PM,996.9,129,128600.09999999999,148167902.1999998
2025-08-01 12:37:52 PM,996.0,0,0.0,148167902.1999998
2025-08-01 12:37:53 PM,996.0,1,996.0,148168898.1999998
2025-08-01 12:38:29 PM,995.8,1,995.8,148169893.99999982
2025-08-01 12:38:31 PM,997.3,0,0.0,148169893.99999982
2025-08-01 12:38:33 PM,997.3,100,99730.0,148269623.99999982
2025-08-01 12:38:40 PM,996.4,0,0.0,148269623.99999982
2025-08-01 12:38:42 PM,996.4,1,996.4,148270620.39999983
2025-08-01 12:38:50 PM,995.7,0,0.0,148270620.39999983
2025-08-01 12:38:52 PM,995.7,8,7965.6,148278585.99999982
2025-08-01 12:39:24 PM,996.6,0,0.0,148278585.99999982
2025-08-01 12:39:26 PM,996.6,15,14949.0,148293534.99999982
2025-08-01 12:39:40 PM,994.9,0,0.0,148293534.99999982
2025-08-01 12:39:41 PM,994.9,219,217883.1,148511418.09999982
2025-08-01 12:39:48 PM,994.1,0,0.0,148511418.09999982
2025-08-01 12:39:51 PM,995.0,109,108455.0,148619873.09999982
2025-08-01 12:39:57 PM,994.1,1,994.1,148620867.1999998
2025-08-01 12:40:01 PM,994.5,0,0.0,148620867.1999998
2025-08-01 12:40:02 PM,994.5,1,994.5,148621861.6999998
2025-08-01 12:40:05 PM,994.8,0,0.0,148621861.6999998
2025-08-01 12:40:07 PM,994.8,50,49740.0,148671601.6999998
2025-08-01 12:40:12 PM,994.8,25,24870.0,148696471.6999998
2025-08-01 12:40:37 PM,994.0,0,0.0,148696471.6999998
2025-08-01 12:40:38 PM,994.0,1,994.0,148697465.6999998
2025-08-01 12:40:47 PM,994.5,0,0.0,148697465.6999998
2025-08-01 12:40:48 PM,994.5,2,1989.0,148699454.6999998
2025-08-01 12:40:54 PM,994.5,198,196911.0,148896365.6999998
2025-08-01 12:40:57 PM,994.0,0,0.0,148896365.6999998
2025-08-01 12:40:59 PM,994.0,1,994.0,148897359.6999998
2025-08-01 12:41:35 PM,994.0,3,2982.0,148900341.6999998
2025-08-01 12:41:45 PM,994.0,1,994.0,148901335.6999998
2025-08-01 12:41:50 PM,994.0,1,994.0,148902329.6999998
2025-08-01 12:42:09 PM,993.9,0,0.0,148902329.6999998
2025-08-01 12:42:12 PM,993.9,9,8945.1,148911274.7999998
2025-08-01 12:42:27 PM,993.9,3,2981.7,148914256.4999998
2025-08-01 12:42:29 PM,994.2,0,0.0,148914256.4999998
2025-08-01 12:42:32 PM,994.2,57,56669.4,148970925.8999998
2025-08-01 12:42:37 PM,993.9,15,14908.5,148985834.3999998
2025-08-01 12:42:52 PM,993.5,1,993.5,148986827.8999998
2025-08-01 12:43:01 PM,992.5,0,0.0,148986827.8999998
2025-08-01 12:43:03 PM,992.5,117,116122.5,149102950.3999998
2025-08-01 12:43:14 PM,993.1,210,208551.0,149311501.3999998
2025-08-01 12:43:25 PM,994.3,260,258518.0,149570019.3999998
2025-08-01 12:43:57 PM,993.0,0,0.0,149570019.3999998
2025-08-01 12:43:58 PM,993.0,1,993.0,149571012.3999998
2025-08-01 12:44:09 PM,993.0,3,2979.0,149573991.3999998
2025-08-01 12:44:19 PM,992.8,0,0.0,149573991.3999998
2025-08-01 12:44:20 PM,992.8,30,29784.0,149603775.3999998
2025-08-01 12:44:23 PM,993.7,0,0.0,149603775.3999998
2025-08-01 12:44:25 PM,993.7,50,49685.0,149653460.3999998
2025-08-01 12:44:31 PM,992.4,0,0.0,149653460.3999998
2025-08-01 12:44:36 PM,992.4,1,992.4,149654452.7999998
2025-08-01 12:45:13 PM,992.2,0,0.0,149654452.7999998
2025-08-01 12:45:17 PM,993.0,0,0.0,149654452.7999998
2025-08-01 12:45:17 PM,993.0,11,10923.0,149665375.7999998
2025-08-01 12:45:38 PM,993.0,25,24825.0,149690200.7999998
2025-08-01 12:45:58 PM,993.0,1,993.0,149691193.7999998
2025-08-01 12:45:59 PM,992.5,15,14887.5,149706081.2999998
2025-08-01 12:46:09 PM,993.0,0,0.0,149706081.2999998
2025-08-01 12:46:13 PM,993.0,2,1986.0,149708067.2999998
2025-08-01 12:46:15 PM,993.9,0,0.0,149708067.2999998
2025-08-01 12:46:18 PM,993.9,150,149085.0,149857152.2999998
2025-08-01 12:46:53 PM,993.9,20,19878.0,149877030.2999998
2025-08-01 12:46:57 PM,994.4,0,0.0,149877030.2999998
2025-08-01 12:46:59 PM,994.4,5,4972.0,149882002.2999998
2025-08-01 12:47:13 PM,994.0,0,0.0,149882002.2999998
2025-08-01 12:47:14 PM,994.0,4,3976.0,149885978.2999998
2025-08-01 12:47:43 PM,994.1,0,0.0,149885978.2999998
2025-08-01 12:47:45 PM,994.1,2,1988.2,149887966.4999998
2025-08-01 12:47:49 PM,994.0,0,0.0,149887966.4999998
2025-08-01 12:47:50 PM,994.0,1,994.0,149888960.4999998
2025-08-01 12:47:59 PM,994.6,0,0.0,149888960.4999998
2025-08-01 12:47:59 PM,994.6,1,994.6,149889955.0999998
2025-08-01 12:48:14 PM,994.6,17,16908.2,149906863.29999977
2025-08-01 12:48:31 PM,994.8,0,0.0,149906863.29999977
2025-08-01 12:48:35 PM,994.8,2,1989.6,149908852.89999977
2025-08-01 12:49:07 PM,995.6,0,0.0,149908852.89999977
2025-08-01 12:49:09 PM,995.6,5,4978.0,149913830.89999977
2025-08-01 12:49:23 PM,995.8,0,0.0,149913830.89999977
2025-08-01 12:49:24 PM,995.8,2,1991.6,149915822.49999976
2025-08-01 12:49:29 PM,995.6,13,12942.800000000001,149928765.29999977
2025-08-01 12:49:35 PM,995.5,0,0.0,149928765.29999977
2025-08-01 12:49:37 PM,994.6,0,0.0,149928765.29999977
2025-08-01 12:49:38 PM,994.6,50,49730.0,149978495.29999977
2025-08-01 12:50:07 PM,995.9,0,0.0,149978495.29999977
2025-08-01 12:50:09 PM,995.9,1000,995900.0,150974395.29999977
2025-08-01 12:50:23 PM,994.1,0,0.0,150974395.29999977
2025-08-01 12:50:25 PM,994.1,1,994.1,150975389.39999977
2025-08-01 12:50:30 PM,993.4,73,72518.2,151047907.59999976
2025-08-01 12:50:41 PM,993.0,4,3972.0,151051879.59999976
2025-08-01 12:50:46 PM,993.0,1,993.0,151052872.59999976
2025-08-01 12:51:01 PM,993.0,1,993.0,151053865.59999976
2025-08-01 12:51:03 PM,993.0,2,1986.0,151055851.59999976
2025-08-01 12:51:09 PM,993.5,0,0.0,151055851.59999976
2025-08-01 12:51:12 PM,993.5,4,3974.0,151059825.59999976
2025-08-01 12:51:13 PM,993.1,0,0.0,151059825.59999976
2025-08-01 12:51:17 PM,993.1,304,301902.4,151361727.99999976
2025-08-01 12:51:33 PM,992.6,0,0.0,151361727.99999976
2025-08-01 12:51:33 PM,992.6,1,992.6,151362720.59999976
2025-08-01 12:51:49 PM,992.5,0,0.0,151362720.59999976
2025-08-01 12:51:52 PM,992.5,10,9925.0,151372645.59999976
2025-08-01 12:52:05 PM,993.3,0,0.0,151372645.59999976
2025-08-01 12:52:07 PM,993.3,51,50658.299999999996,151423303.89999977
2025-08-01 12:52:15 PM,992.5,0,0.0,151423303.89999977
2025-08-01 12:52:17 PM,992.5,20,19850.0,151443153.89999977
2025-08-01 12:52:26 PM,992.5,10,9925.0,151453078.89999977
2025-08-01 12:52:51 PM,993.2,172,170830.4,151623909.29999977
2025-08-01 12:52:52 PM,993.1,20,19862.0,151643771.29999977
2025-08-01 12:53:16 PM,993.1,316,313819.60000000003,151957590.89999977
2025-08-01 12:53:17 PM,992.0,0,0.0,151957590.89999977
2025-08-01 12:53:21 PM,992.0,80,79360.0,152036950.89999977
2025-08-01 12:53:31 PM,991.2,0,0.0,152036950.89999977
2025-08-01 12:53:36 PM,991.2,1,991.2,152037942.09999976
2025-08-01 12:53:57 PM,991.2,1,991.2,152038933.29999974
2025-08-01 12:54:26 PM,991.2,1,991.2,152039924.49999973
2025-08-01 12:54:41 PM,991.2,1,991.2,152040915.69999972
2025-08-01 12:55:09 PM,991.2,1,991.2,152041906.8999997
2025-08-01 12:55:11 PM,991.0,0,0.0,152041906.8999997
2025-08-01 12:55:14 PM,991.0,6,5946.0,152047852.8999997
2025-08-01 12:55:25 PM,990.9,105,104044.5,152151897.3999997
2025-08-01 12:55:27 PM,990.6,0,0.0,152151897.3999997
2025-08-01 12:55:30 PM,990.6,10,9906.0,152161803.3999997
2025-08-01 12:55:39 PM,990.9,0,0.0,152161803.3999997
2025-08-01 12:55:39 PM,990.9,1,990.9,152162794.2999997
2025-08-01 12:55:44 PM,991.3,198,196277.4,152359071.69999972
