date,price,qty,trnvr,cum_trnvr
2025-08-01 09:15:03 AM,392.0,6440,2524480.0,2524480.0
2025-08-01 09:15:05 AM,393.0,1031,405183.0,2929663.0
2025-08-01 09:15:12 AM,393.85,0,0.0,2929663.0
2025-08-01 09:15:15 AM,394.65,5366,2117691.9,5047354.9
2025-08-01 09:15:16 AM,394.65,1245,491339.25,5538694.15
2025-08-01 09:15:21 AM,395.2,0,0.0,5538694.15
2025-08-01 09:15:23 AM,396.45,0,0.0,5538694.15
2025-08-01 09:15:25 AM,396.45,11410,4523494.5,10062188.65
2025-08-01 09:15:26 AM,396.7,3073,1219059.0999999999,11281247.75
2025-08-01 09:15:28 AM,397.35,0,0.0,11281247.75
2025-08-01 09:15:32 AM,395.85,0,0.0,11281247.75
2025-08-01 09:15:33 AM,396.3,2637,1045043.1,12326290.85
2025-08-01 09:15:35 AM,395.45,832,329014.39999999997,12655305.25
2025-08-01 09:15:36 AM,396.65,0,0.0,12655305.25
2025-08-01 09:15:41 AM,395.5,0,0.0,12655305.25
2025-08-01 09:15:42 AM,395.5,3140,1241870.0,13897175.25
2025-08-01 09:15:43 AM,395.85,1200,475020.0,14372195.25
2025-08-01 09:15:48 AM,395.9,0,0.0,14372195.25
2025-08-01 09:15:50 AM,396.0,4113,1628748.0,16000943.25
2025-08-01 09:15:52 AM,396.0,573,226908.0,16227851.25
2025-08-01 09:15:58 AM,395.75,1427,564735.25,16792586.5
2025-08-01 09:16:00 AM,396.0,50,19800.0,16812386.5
2025-08-01 09:16:06 AM,395.85,2045,809513.25,17621899.75
2025-08-01 09:16:08 AM,395.4,295,116643.0,17738542.75
2025-08-01 09:16:10 AM,395.6,0,0.0,17738542.75
2025-08-01 09:16:14 AM,395.95,5793,2293738.35,20032281.1
2025-08-01 09:16:16 AM,395.55,442,174833.1,20207114.200000003
2025-08-01 09:16:17 AM,396.0,0,0.0,20207114.200000003
2025-08-01 09:16:19 AM,395.6,0,0.0,20207114.200000003
2025-08-01 09:16:23 AM,395.25,2310,913027.5,21120141.700000003
2025-08-01 09:16:24 AM,395.05,5,1975.25,21122116.950000003
2025-08-01 09:16:27 AM,395.45,0,0.0,21122116.950000003
2025-08-01 09:16:29 AM,395.3,0,0.0,21122116.950000003
2025-08-01 09:16:31 AM,395.65,2179,862121.35,21984238.300000004
2025-08-01 09:16:32 AM,395.4,20,7908.0,21992146.300000004
2025-08-01 09:16:37 AM,396.05,0,0.0,21992146.300000004
2025-08-01 09:16:39 AM,396.65,5449,2161345.85,24153492.150000006
2025-08-01 09:16:40 AM,396.9,25,9922.5,24163414.650000006
2025-08-01 09:16:47 AM,396.9,1333,529067.7,24692482.350000005
2025-08-01 09:16:49 AM,397.0,80,31760.0,24724242.350000005
2025-08-01 09:16:55 AM,397.15,1807,717650.0499999999,25441892.400000006
2025-08-01 09:16:57 AM,396.55,0,0.0,25441892.400000006
2025-08-01 09:16:59 AM,397.0,0,0.0,25441892.400000006
2025-08-01 09:17:04 AM,396.7,4452,1766108.4,27208000.800000004
2025-08-01 09:17:05 AM,396.3,201,79656.3,27287657.100000005
2025-08-01 09:17:06 AM,396.35,0,0.0,27287657.100000005
2025-08-01 09:17:12 AM,396.5,213,84454.5,27372111.600000005
2025-08-01 09:17:13 AM,397.0,2555,1014335.0,28386446.600000005
2025-08-01 09:17:15 AM,396.85,0,0.0,28386446.600000005
2025-08-01 09:17:17 AM,397.0,0,0.0,28386446.600000005
2025-08-01 09:17:20 AM,396.6,1296,513993.60000000003,28900440.200000007
2025-08-01 09:17:21 AM,396.8,731,290060.8,29190501.000000007
2025-08-01 09:17:25 AM,396.7,0,0.0,29190501.000000007
2025-08-01 09:17:28 AM,397.45,3501,1391472.45,30581973.450000007
2025-08-01 09:17:29 AM,397.45,6,2384.7,30584358.150000006
2025-08-01 09:17:32 AM,397.1,0,0.0,30584358.150000006
2025-08-01 09:17:34 AM,397.15,0,0.0,30584358.150000006
2025-08-01 09:17:37 AM,396.95,2189,868923.5499999999,31453281.700000007
2025-08-01 09:17:38 AM,397.3,100,39730.0,31493011.700000007
2025-08-01 09:17:40 AM,396.9,0,0.0,31493011.700000007
2025-08-01 09:17:42 AM,396.3,0,0.0,31493011.700000007
2025-08-01 09:17:45 AM,396.95,4367,1733480.65,33226492.350000005
2025-08-01 09:17:49 AM,397.0,0,0.0,33226492.350000005
2025-08-01 09:17:53 AM,396.75,35,13886.25,33240378.600000005
2025-08-01 09:17:57 AM,397.75,0,0.0,33240378.600000005
2025-08-01 09:18:00 AM,397.25,0,0.0,33240378.600000005
2025-08-01 09:18:01 AM,397.25,14154,5622676.5,38863055.10000001
2025-08-01 09:18:03 AM,397.25,105,41711.25,38904766.35000001
2025-08-01 09:18:05 AM,397.85,0,0.0,38904766.35000001
2025-08-01 09:18:08 AM,397.8,0,0.0,38904766.35000001
2025-08-01 09:18:10 AM,397.8,1671,664723.8,39569490.150000006
2025-08-01 09:18:11 AM,398.35,1000,398350.0,39967840.150000006
2025-08-01 09:18:13 AM,397.9,0,0.0,39967840.150000006
2025-08-01 09:18:18 AM,397.8,4484,1783735.2,41751575.35000001
2025-08-01 09:18:20 AM,397.8,150,59670.0,41811245.35000001
2025-08-01 09:18:22 AM,397.7,0,0.0,41811245.35000001
2025-08-01 09:18:24 AM,398.25,0,0.0,41811245.35000001
2025-08-01 09:18:27 AM,398.0,1332,530136.0,42341381.35000001
2025-08-01 09:18:28 AM,397.95,25,9948.75,42351330.10000001
2025-08-01 09:18:29 AM,398.25,0,0.0,42351330.10000001
2025-08-01 09:18:31 AM,397.9,0,0.0,42351330.10000001
2025-08-01 09:18:35 AM,397.85,2331,927388.3500000001,43278718.45000001
2025-08-01 09:18:37 AM,397.5,0,0.0,43278718.45000001
2025-08-01 09:18:40 AM,397.9,0,0.0,43278718.45000001
2025-08-01 09:18:43 AM,398.45,2357,939146.65,44217865.10000001
2025-08-01 09:18:44 AM,398.5,500,199250.0,44417115.10000001
2025-08-01 09:18:45 AM,398.55,0,0.0,44417115.10000001
2025-08-01 09:18:51 AM,398.3,958,381571.4,44798686.50000001
2025-08-01 09:18:52 AM,398.45,300,119535.0,44918221.50000001
2025-08-01 09:18:53 AM,398.55,0,0.0,44918221.50000001
2025-08-01 09:18:55 AM,398.3,0,0.0,44918221.50000001
2025-08-01 09:18:59 AM,397.85,2734,1087721.9000000001,46005943.400000006
2025-08-01 09:19:01 AM,398.2,0,0.0,46005943.400000006
2025-08-01 09:19:07 AM,397.85,863,343344.55000000005,46349287.95
2025-08-01 09:19:08 AM,398.0,10,3980.0,46353267.95
2025-08-01 09:19:15 AM,398.55,1943,774382.65,47127650.6
2025-08-01 09:19:17 AM,398.55,1768,704636.4,47832287.0
2025-08-01 09:19:17 AM,398.3,0,0.0,47832287.0
2025-08-01 09:19:19 AM,398.55,0,0.0,47832287.0
2025-08-01 09:19:23 AM,399.0,1333,531867.0,48364154.0
2025-08-01 09:19:25 AM,399.0,1106,441294.0,48805448.0
2025-08-01 09:19:26 AM,398.65,0,0.0,48805448.0
2025-08-01 09:19:31 AM,398.9,0,0.0,48805448.0
2025-08-01 09:19:31 AM,398.9,79,31513.1,48836961.1
2025-08-01 09:19:33 AM,398.4,2858,1138627.2,49975588.300000004
2025-08-01 09:19:34 AM,398.25,0,0.0,49975588.300000004
2025-08-01 09:19:39 AM,398.75,0,0.0,49975588.300000004
2025-08-01 09:19:40 AM,398.75,2099,836976.25,50812564.550000004
2025-08-01 09:19:41 AM,398.3,93,37041.9,50849606.45
2025-08-01 09:19:42 AM,398.65,0,0.0,50849606.45
2025-08-01 09:19:47 AM,398.6,0,0.0,50849606.45
2025-08-01 09:19:48 AM,398.6,448,178572.80000000002,51028179.25
2025-08-01 09:19:49 AM,398.95,500,199475.0,51227654.25
2025-08-01 09:19:55 AM,398.8,0,0.0,51227654.25
2025-08-01 09:19:55 AM,398.8,152,60617.6,51288271.85
2025-08-01 09:19:57 AM,398.8,100,39880.0,51328151.85
2025-08-01 09:20:03 AM,399.2,878,350497.6,51678649.45
2025-08-01 09:20:10 AM,399.3,0,0.0,51678649.45
2025-08-01 09:20:11 AM,399.0,0,0.0,51678649.45
2025-08-01 09:20:11 AM,399.0,3319,1324281.0,53002930.45
2025-08-01 09:20:19 AM,399.0,441,175959.0,53178889.45
2025-08-01 09:20:21 AM,399.3,162,64686.6,53243576.050000004
2025-08-01 09:20:27 AM,398.6,4383,1747063.8,54990639.85
2025-08-01 09:20:29 AM,398.95,10,3989.5,54994629.35
2025-08-01 09:20:31 AM,398.5,0,0.0,54994629.35
2025-08-01 09:20:35 AM,398.5,6116,2437226.0,57431855.35
2025-08-01 09:20:37 AM,398.45,1,398.45,57432253.800000004
2025-08-01 09:20:38 AM,398.15,0,0.0,57432253.800000004
2025-08-01 09:20:43 AM,398.25,1691,673440.75,58105694.550000004
2025-08-01 09:20:44 AM,398.7,1001,399098.7,58504793.25000001
2025-08-01 09:20:49 AM,398.15,0,0.0,58504793.25000001
2025-08-01 09:20:51 AM,398.15,1,398.15,58505191.400000006
2025-08-01 09:20:52 AM,398.1,150,59715.0,58564906.400000006
2025-08-01 09:20:56 AM,398.55,0,0.0,58564906.400000006
2025-08-01 09:20:58 AM,398.9,7374,2941488.5999999996,61506395.00000001
2025-08-01 09:21:03 AM,398.95,0,0.0,61506395.00000001
2025-08-01 09:21:05 AM,398.45,0,0.0,61506395.00000001
2025-08-01 09:21:06 AM,398.4,1070,426288.0,61932683.00000001
2025-08-01 09:21:10 AM,398.1,0,0.0,61932683.00000001
2025-08-01 09:21:12 AM,397.9,0,0.0,61932683.00000001
2025-08-01 09:21:14 AM,397.9,226,89925.4,62022608.400000006
2025-08-01 09:21:15 AM,398.0,651,259098.0,62281706.400000006
2025-08-01 09:21:17 AM,397.7,0,0.0,62281706.400000006
2025-08-01 09:21:19 AM,397.85,0,0.0,62281706.400000006
2025-08-01 09:21:22 AM,397.55,3289,1307541.95,63589248.35000001
2025-08-01 09:21:23 AM,397.8,120,47736.0,63636984.35000001
2025-08-01 09:21:26 AM,397.5,0,0.0,63636984.35000001
2025-08-01 09:21:30 AM,397.5,1300,516750.0,64153734.35000001
2025-08-01 09:21:31 AM,397.8,5,1989.0,64155723.35000001
2025-08-01 09:21:36 AM,397.55,0,0.0,64155723.35000001
2025-08-01 09:21:38 AM,397.55,353,140335.15,64296058.50000001
2025-08-01 09:21:38 AM,397.5,200,79500.0,64375558.50000001
2025-08-01 09:21:45 AM,397.5,6106,2427135.0,66802693.50000001
2025-08-01 09:21:46 AM,397.55,35,13914.25,66816607.75000001
2025-08-01 09:21:53 AM,397.55,15,5963.25,66822571.00000001
2025-08-01 09:21:54 AM,397.5,46,18285.0,66840856.00000001
2025-08-01 09:21:56 AM,397.55,0,0.0,66840856.00000001
2025-08-01 09:22:00 AM,397.55,303,120457.65000000001,66961313.650000006
2025-08-01 09:22:03 AM,397.5,0,0.0,66961313.650000006
2025-08-01 09:22:06 AM,397.55,0,0.0,66961313.650000006
2025-08-01 09:22:08 AM,397.55,37,14709.35,66976023.00000001
2025-08-01 09:22:09 AM,397.55,298,118469.90000000001,67094492.900000006
2025-08-01 09:22:13 AM,397.5,0,0.0,67094492.900000006
2025-08-01 09:22:16 AM,397.5,414,164565.0,67259057.9
2025-08-01 09:22:17 AM,397.5,12656,5030760.0,72289817.9
2025-08-01 09:22:23 AM,397.5,1079,428902.5,72718720.4
2025-08-01 09:22:25 AM,397.5,2,795.0,72719515.4
2025-08-01 09:22:27 AM,397.55,0,0.0,72719515.4
2025-08-01 09:22:31 AM,397.55,760,302138.0,73021653.4
2025-08-01 09:22:34 AM,397.5,0,0.0,73021653.4
2025-08-01 09:22:38 AM,399.35,17018,6796138.300000001,79817791.7
2025-08-01 09:22:39 AM,400.1,0,0.0,79817791.7
2025-08-01 09:22:40 AM,400.2,4644,1858528.8,81676320.5
2025-08-01 09:22:45 AM,400.1,0,0.0,81676320.5
2025-08-01 09:22:46 AM,400.1,1644,657764.4,82334084.9
2025-08-01 09:22:46 AM,399.9,0,0.0,82334084.9
2025-08-01 09:22:48 AM,399.85,3,1199.5500000000002,82335284.45
2025-08-01 09:22:51 AM,399.95,0,0.0,82335284.45
2025-08-01 09:22:54 AM,400.1,899,359689.9,82694974.35000001
2025-08-01 09:22:55 AM,400.0,7,2800.0,82697774.35000001
2025-08-01 09:22:58 AM,400.1,0,0.0,82697774.35000001
2025-08-01 09:23:00 AM,399.95,0,0.0,82697774.35000001
2025-08-01 09:23:01 AM,400.1,1042,416904.2,83114678.55000001
2025-08-01 09:23:03 AM,399.85,27,10795.95,83125474.50000001
2025-08-01 09:23:05 AM,400.1,0,0.0,83125474.50000001
2025-08-01 09:23:07 AM,400.05,0,0.0,83125474.50000001
2025-08-01 09:23:09 AM,400.05,594,237629.7,83363104.20000002
2025-08-01 09:23:12 AM,400.2,0,0.0,83363104.20000002
2025-08-01 09:23:14 AM,399.85,0,0.0,83363104.20000002
2025-08-01 09:23:17 AM,399.8,9914,3963617.2,87326721.40000002
2025-08-01 09:23:18 AM,399.8,13,5197.400000000001,87331918.80000003
2025-08-01 09:23:24 AM,399.25,1087,433984.75,87765903.55000003
2025-08-01 09:23:26 AM,399.4,1177,470093.8,88235997.35000002
2025-08-01 09:23:32 AM,399.5,1755,701122.5,88937119.85000002
2025-08-01 09:23:33 AM,399.8,0,0.0,88937119.85000002
2025-08-01 09:23:34 AM,399.5,1100,439450.0,89376569.85000002
2025-08-01 09:23:39 AM,398.6,2021,805570.6000000001,90182140.45000002
2025-08-01 09:23:41 AM,398.85,1858,741063.3,90923203.75000001
2025-08-01 09:23:45 AM,398.65,0,0.0,90923203.75000001
2025-08-01 09:23:47 AM,398.65,72,28702.8,90951906.55000001
2025-08-01 09:23:52 AM,398.2,0,0.0,90951906.55000001
2025-08-01 09:23:52 AM,398.55,0,0.0,90951906.55000001
2025-08-01 09:23:55 AM,398.7,116,46249.2,90998155.75000001
2025-08-01 09:23:56 AM,398.9,301,120068.9,91118224.65000002
2025-08-01 09:23:58 AM,398.85,0,0.0,91118224.65000002
2025-08-01 09:24:02 AM,398.85,278,110880.3,91229104.95000002
2025-08-01 09:24:04 AM,398.5,258,102813.0,91331917.95000002
2025-08-01 09:24:05 AM,398.15,0,0.0,91331917.95000002
2025-08-01 09:24:10 AM,398.5,738,294093.0,91626010.95000002
2025-08-01 09:24:12 AM,398.3,216,86032.8,91712043.75000001
2025-08-01 09:24:12 AM,398.45,0,0.0,91712043.75000001
2025-08-01 09:24:12 AM,398.5,0,0.0,91712043.75000001
2025-08-01 09:24:18 AM,398.45,318,126707.09999999999,91838750.85000001
2025-08-01 09:24:18 AM,398.5,0,0.0,91838750.85000001
2025-08-01 09:24:19 AM,398.5,139,55391.5,91894142.35000001
2025-08-01 09:24:25 AM,398.5,82,32677.0,91926819.35000001
2025-08-01 09:24:27 AM,398.5,222,88467.0,92015286.35000001
2025-08-01 09:24:30 AM,398.45,0,0.0,92015286.35000001
2025-08-01 09:24:33 AM,398.5,508,202438.0,92217724.35000001
2025-08-01 09:24:35 AM,398.3,67,26686.100000000002,92244410.45
2025-08-01 09:24:40 AM,398.3,3,1194.9,92245605.35000001
2025-08-01 09:24:48 AM,398.5,481,191678.5,92437283.85000001
2025-08-01 09:24:50 AM,398.5,1,398.5,92437682.35000001
2025-08-01 09:24:55 AM,398.5,310,123535.0,92561217.35000001
2025-08-01 09:24:57 AM,398.5,107,42639.5,92603856.85000001
2025-08-01 09:25:03 AM,398.5,265,105602.5,92709459.35000001
2025-08-01 09:25:05 AM,398.5,3,1195.5,92710654.85000001
2025-08-01 09:25:10 AM,398.5,466,185701.0,92896355.85000001
2025-08-01 09:25:12 AM,398.35,13,5178.55,92901534.4
2025-08-01 09:25:16 AM,398.5,0,0.0,92901534.4
2025-08-01 09:25:18 AM,398.5,1335,531997.5,93433531.9
2025-08-01 09:25:20 AM,398.5,51,20323.5,93453855.4
2025-08-01 09:25:25 AM,398.5,21,8368.5,93462223.9
2025-08-01 09:25:27 AM,398.3,0,0.0,93462223.9
2025-08-01 09:25:28 AM,398.5,0,0.0,93462223.9
2025-08-01 09:25:33 AM,398.5,40,15940.0,93478163.9
2025-08-01 09:25:35 AM,398.5,719,286521.5,93764685.4
2025-08-01 09:25:39 AM,398.85,0,0.0,93764685.4
2025-08-01 09:25:40 AM,398.85,80,31908.0,93796593.4
2025-08-01 09:25:48 AM,398.85,1,398.85,93796992.25
2025-08-01 09:25:50 AM,398.85,353,140794.05000000002,93937786.3
2025-08-01 09:25:55 AM,398.9,156,62228.399999999994,94000014.7
2025-08-01 09:25:57 AM,398.9,550,219395.0,94219409.7
2025-08-01 09:26:03 AM,398.9,355,141609.5,94361019.2
2025-08-01 09:26:05 AM,398.9,29,11568.099999999999,94372587.3
2025-08-01 09:26:10 AM,399.0,0,0.0,94372587.3
2025-08-01 09:26:10 AM,399.0,319,127281.0,94499868.3
2025-08-01 09:26:12 AM,399.1,601,239859.1,94739727.39999999
2025-08-01 09:26:16 AM,399.3,0,0.0,94739727.39999999
2025-08-01 09:26:18 AM,399.35,152,60701.200000000004,94800428.6
2025-08-01 09:26:20 AM,399.4,111,44333.399999999994,94844762.0
2025-08-01 09:26:26 AM,399.3,1799,718340.7000000001,95563102.7
2025-08-01 09:26:28 AM,399.25,18,7186.5,95570289.2
2025-08-01 09:26:28 AM,399.1,0,0.0,95570289.2
2025-08-01 09:26:32 AM,399.3,0,0.0,95570289.2
2025-08-01 09:26:34 AM,399.3,1167,465983.10000000003,96036272.3
2025-08-01 09:26:35 AM,399.25,2,798.5,96037070.8
2025-08-01 09:26:40 AM,399.3,0,0.0,96037070.8
2025-08-01 09:26:41 AM,399.3,565,225604.5,96262675.3
2025-08-01 09:26:53 AM,399.05,0,0.0,96262675.3
2025-08-01 09:26:56 AM,399.05,1,399.05,96263074.35
2025-08-01 09:27:00 AM,399.2,0,0.0,96263074.35
2025-08-01 09:27:04 AM,399.2,172,68662.4,96331736.75
2025-08-01 09:27:07 AM,399.25,0,0.0,96331736.75
2025-08-01 09:27:11 AM,399.25,303,120972.75,96452709.5
2025-08-01 09:27:12 AM,399.2,0,0.0,96452709.5
2025-08-01 09:27:13 AM,399.0,17,6783.0,96459492.5
2025-08-01 09:27:13 AM,399.15,0,0.0,96459492.5
2025-08-01 09:27:17 AM,398.95,0,0.0,96459492.5
2025-08-01 09:27:18 AM,399.2,0,0.0,96459492.5
2025-08-01 09:27:19 AM,399.2,244,97404.8,96556897.3
2025-08-01 09:27:27 AM,399.2,10,3992.0,96560889.3
2025-08-01 09:27:27 AM,398.9,0,0.0,96560889.3
2025-08-01 09:27:28 AM,398.85,0,0.0,96560889.3
2025-08-01 09:27:32 AM,398.9,0,0.0,96560889.3
2025-08-01 09:27:33 AM,398.9,2306,919863.3999999999,97480752.7
2025-08-01 09:27:35 AM,398.85,1,398.85,97481151.55
2025-08-01 09:27:37 AM,398.9,0,0.0,97481151.55
2025-08-01 09:27:41 AM,398.9,20,7978.0,97489129.55
2025-08-01 09:27:47 AM,398.85,0,0.0,97489129.55
2025-08-01 09:27:48 AM,398.9,0,0.0,97489129.55
2025-08-01 09:27:49 AM,398.9,2,797.8,97489927.35
2025-08-01 09:27:50 AM,398.8,223,88932.40000000001,97578859.75
2025-08-01 09:27:52 AM,398.9,0,0.0,97578859.75
2025-08-01 09:27:56 AM,398.9,27,10770.3,97589630.05
2025-08-01 09:27:58 AM,398.9,4,1595.6,97591225.64999999
2025-08-01 09:28:03 AM,398.75,0,0.0,97591225.64999999
2025-08-01 09:28:03 AM,398.85,0,0.0,97591225.64999999
2025-08-01 09:28:04 AM,398.8,140,55832.0,97647057.64999999
2025-08-01 09:28:05 AM,398.8,1,398.8,97647456.44999999
2025-08-01 09:28:12 AM,398.8,1,398.8,97647855.24999999
2025-08-01 09:28:13 AM,398.8,100,39880.0,97687735.24999999
2025-08-01 09:28:16 AM,398.55,0,0.0,97687735.24999999
2025-08-01 09:28:19 AM,398.55,220,87681.0,97775416.24999999
2025-08-01 09:28:22 AM,398.4,0,0.0,97775416.24999999
2025-08-01 09:28:22 AM,398.35,0,0.0,97775416.24999999
2025-08-01 09:28:27 AM,398.35,524,208735.40000000002,97984151.64999999
2025-08-01 09:28:32 AM,397.95,0,0.0,97984151.64999999
2025-08-01 09:28:32 AM,397.8,0,0.0,97984151.64999999
2025-08-01 09:28:35 AM,397.95,1492,593741.4,98577893.05
2025-08-01 09:28:36 AM,397.95,3,1193.85,98579086.89999999
2025-08-01 09:28:42 AM,397.9,127,50533.299999999996,98629620.19999999
2025-08-01 09:28:44 AM,397.8,2,795.6,98630415.79999998
2025-08-01 09:28:48 AM,397.75,0,0.0,98630415.79999998
2025-08-01 09:28:50 AM,397.75,2365,940678.75,99571094.54999998
2025-08-01 09:28:51 AM,397.85,479,190570.15000000002,99761664.69999999
2025-08-01 09:28:58 AM,398.0,4960,1974080.0,101735744.69999999
2025-08-01 09:28:59 AM,397.95,0,0.0,101735744.69999999
2025-08-01 09:28:59 AM,397.95,876,348604.2,102084348.89999999
2025-08-01 09:29:00 AM,398.0,0,0.0,102084348.89999999
2025-08-01 09:29:05 AM,397.95,0,0.0,102084348.89999999
2025-08-01 09:29:05 AM,397.95,92,36611.4,102120960.3
2025-08-01 09:29:13 AM,397.95,535,212903.25,102333863.55
2025-08-01 09:29:14 AM,398.0,840,334320.0,102668183.55
2025-08-01 09:29:21 AM,398.0,86,34228.0,102702411.55
2025-08-01 09:29:22 AM,398.0,44,17512.0,102719923.55
2025-08-01 09:29:28 AM,398.0,262,104276.0,102824199.55
2025-08-01 09:29:36 AM,398.0,1073,427054.0,103251253.55
2025-08-01 09:29:37 AM,397.95,3,1193.85,103252447.39999999
2025-08-01 09:29:43 AM,397.95,162,64467.9,103316915.3
2025-08-01 09:29:50 AM,397.8,163,64841.4,103381756.7
2025-08-01 09:29:51 AM,397.8,206,81946.8,103463703.5
2025-08-01 09:29:52 AM,397.95,0,0.0,103463703.5
2025-08-01 09:29:58 AM,397.95,24,9550.8,103473254.3
2025-08-01 09:30:04 AM,397.8,0,0.0,103473254.3
2025-08-01 09:30:04 AM,397.75,0,0.0,103473254.3
2025-08-01 09:30:06 AM,397.7,667,265265.89999999997,103738520.2
2025-08-01 09:30:07 AM,397.5,571,226972.5,103965492.7
2025-08-01 09:30:11 AM,397.35,0,0.0,103965492.7
2025-08-01 09:30:13 AM,396.8,26714,10600115.200000001,114565607.9
2025-08-01 09:30:14 AM,396.9,592,234964.8,114800572.7
2025-08-01 09:30:18 AM,396.95,0,0.0,114800572.7
2025-08-01 09:30:21 AM,396.8,268,106342.40000000001,114906915.10000001
2025-08-01 09:30:22 AM,396.75,705,279708.75,115186623.85000001
2025-08-01 09:30:25 AM,396.6,0,0.0,115186623.85000001
2025-08-01 09:30:28 AM,396.65,1960,777434.0,115964057.85000001
2025-08-01 09:30:35 AM,396.05,131,51882.55,116015940.4
2025-08-01 09:30:36 AM,396.4,4,1585.6,116017526.0
2025-08-01 09:30:39 AM,395.9,0,0.0,116017526.0
2025-08-01 09:30:43 AM,396.35,3379,1339266.6500000001,117356792.65
2025-08-01 09:30:44 AM,396.25,59,23378.75,117380171.4
2025-08-01 09:30:46 AM,396.4,0,0.0,117380171.4
2025-08-01 09:30:50 AM,396.4,341,135172.4,117515343.80000001
2025-08-01 09:30:53 AM,396.85,0,0.0,117515343.80000001
2025-08-01 09:30:58 AM,396.6,366,145155.6,117660499.4
2025-08-01 09:30:58 AM,396.85,5,1984.25,117662483.65
2025-08-01 09:31:01 AM,396.9,0,0.0,117662483.65
2025-08-01 09:31:05 AM,396.9,120,47628.0,117710111.65
2025-08-01 09:31:12 AM,396.85,52,20636.2,117730747.85000001
2025-08-01 09:31:13 AM,396.65,0,0.0,117730747.85000001
2025-08-01 09:31:13 AM,396.55,443,175671.65,117906419.50000001
2025-08-01 09:31:15 AM,396.6,0,0.0,117906419.50000001
2025-08-01 09:31:20 AM,396.2,61,24168.2,117930587.70000002
2025-08-01 09:31:20 AM,396.4,2,792.8,117931380.50000001
2025-08-01 09:31:27 AM,395.9,1211,479434.89999999997,118410815.40000002
2025-08-01 09:31:27 AM,395.55,0,0.0,118410815.40000002
2025-08-01 09:31:28 AM,395.55,300,118665.0,118529480.40000002
2025-08-01 09:31:31 AM,395.65,0,0.0,118529480.40000002
2025-08-01 09:31:34 AM,395.65,34,13452.099999999999,118542932.50000001
2025-08-01 09:31:35 AM,395.6,2,791.2,118543723.70000002
2025-08-01 09:31:37 AM,395.55,0,0.0,118543723.70000002
2025-08-01 09:31:41 AM,395.55,363,143584.65,118687308.35000002
2025-08-01 09:31:42 AM,395.55,17,6724.35,118694032.70000002
2025-08-01 09:31:45 AM,395.95,0,0.0,118694032.70000002
2025-08-01 09:31:48 AM,395.55,3078,1217502.9000000001,119911535.60000002
2025-08-01 09:31:55 AM,395.85,0,0.0,119911535.60000002
2025-08-01 09:31:55 AM,395.85,372,147256.2,120058791.80000003
2025-08-01 09:32:00 AM,395.95,0,0.0,120058791.80000003
2025-08-01 09:32:00 AM,395.75,0,0.0,120058791.80000003
2025-08-01 09:32:02 AM,395.75,7,2770.25,120061562.05000003
2025-08-01 09:32:16 AM,396.0,211,83556.0,120145118.05000003
2025-08-01 09:32:23 AM,396.0,1,396.0,120145514.05000003
2025-08-01 09:32:29 AM,396.05,0,0.0,120145514.05000003
2025-08-01 09:32:29 AM,396.0,0,0.0,120145514.05000003
2025-08-01 09:32:30 AM,396.0,217,85932.0,120231446.05000003
2025-08-01 09:32:37 AM,396.0,24,9504.0,120240950.05000003
2025-08-01 09:32:41 AM,396.65,0,0.0,120240950.05000003
2025-08-01 09:32:44 AM,396.6,2363,937165.8,121178115.85000002
2025-08-01 09:32:51 AM,396.7,120,47604.0,121225719.85000002
2025-08-01 09:32:53 AM,396.75,0,0.0,121225719.85000002
2025-08-01 09:32:58 AM,396.85,279,110721.15000000001,121336441.00000003
2025-08-01 09:33:05 AM,396.6,0,0.0,121336441.00000003
2025-08-01 09:33:05 AM,396.6,1,396.6,121336837.60000002
2025-08-01 09:33:11 AM,396.8,0,0.0,121336837.60000002
2025-08-01 09:33:11 AM,396.7,0,0.0,121336837.60000002
2025-08-01 09:33:12 AM,396.55,2939,1165460.45,122502298.05000003
2025-08-01 09:33:16 AM,396.35,0,0.0,122502298.05000003
2025-08-01 09:33:19 AM,396.3,1280,507264.0,123009562.05000003
2025-08-01 09:33:26 AM,396.45,0,0.0,123009562.05000003
2025-08-01 09:33:31 AM,396.85,0,0.0,123009562.05000003
2025-08-01 09:33:31 AM,397.0,0,0.0,123009562.05000003
2025-08-01 09:33:32 AM,397.0,4463,1771811.0,124781373.05000003
2025-08-01 09:33:36 AM,396.9,0,0.0,124781373.05000003
2025-08-01 09:33:39 AM,397.1,846,335946.60000000003,125117319.65000002
2025-08-01 09:33:41 AM,397.5,0,0.0,125117319.65000002
2025-08-01 09:33:46 AM,397.5,332,131970.0,125249289.65000002
2025-08-01 09:33:49 AM,397.65,0,0.0,125249289.65000002
2025-08-01 09:33:53 AM,397.5,862,342645.0,125591934.65000002
2025-08-01 09:34:00 AM,397.35,8716,3463302.6,129055237.25000001
2025-08-01 09:34:01 AM,397.35,1,397.35,129055634.60000001
2025-08-01 09:34:07 AM,397.35,68,27019.800000000003,129082654.4
2025-08-01 09:34:11 AM,397.45,0,0.0,129082654.4
2025-08-01 09:34:13 AM,397.35,0,0.0,129082654.4
2025-08-01 09:34:14 AM,397.35,720,286092.0,129368746.4
2025-08-01 09:34:21 AM,397.15,0,0.0,129368746.4
2025-08-01 09:34:21 AM,397.15,569,225978.34999999998,129594724.75
2025-08-01 09:34:26 AM,397.35,0,0.0,129594724.75
2025-08-01 09:34:29 AM,396.7,0,0.0,129594724.75
2025-08-01 09:34:29 AM,396.7,694,275309.8,129870034.55
2025-08-01 09:34:31 AM,396.75,0,0.0,129870034.55
2025-08-01 09:34:34 AM,396.9,0,0.0,129870034.55
2025-08-01 09:34:35 AM,396.95,535,212368.25,130082402.8
2025-08-01 09:34:41 AM,396.9,0,0.0,130082402.8
2025-08-01 09:34:42 AM,396.9,1450,575505.0,130657907.8
2025-08-01 09:34:49 AM,396.9,1,396.9,130658304.7
2025-08-01 09:34:51 AM,396.25,0,0.0,130658304.7
2025-08-01 09:34:56 AM,396.25,2104,833710.0,131492014.7
2025-08-01 09:35:01 AM,396.2,0,0.0,131492014.7
2025-08-01 09:35:03 AM,396.15,111,43972.649999999994,131535987.35000001
2025-08-01 09:35:03 AM,396.15,3,1188.4499999999998,131537175.80000001
2025-08-01 09:35:10 AM,396.0,101,39996.0,131577171.80000001
2025-08-01 09:35:11 AM,396.1,0,0.0,131577171.80000001
2025-08-01 09:35:16 AM,396.4,0,0.0,131577171.80000001
2025-08-01 09:35:17 AM,396.4,1881,745628.3999999999,132322800.20000002
2025-08-01 09:35:21 AM,396.7,0,0.0,132322800.20000002
2025-08-01 09:35:24 AM,396.55,889,352532.95,132675333.15000002
2025-08-01 09:35:31 AM,396.55,1,396.55,132675729.70000002
2025-08-01 09:35:36 AM,396.7,0,0.0,132675729.70000002
2025-08-01 09:35:36 AM,396.65,0,0.0,132675729.70000002
2025-08-01 09:35:38 AM,396.65,239,94799.34999999999,132770529.05000001
2025-08-01 09:35:38 AM,396.55,12,4758.6,132775287.65
2025-08-01 09:35:41 AM,396.65,0,0.0,132775287.65
2025-08-01 09:35:41 AM,396.5,0,0.0,132775287.65
2025-08-01 09:35:45 AM,396.7,975,386782.5,133162070.15
2025-08-01 09:35:58 AM,396.7,14,5553.8,133167623.95
2025-08-01 09:36:04 AM,396.65,0,0.0,133167623.95
2025-08-01 09:36:05 AM,396.65,1,396.65,133168020.60000001
2025-08-01 09:36:08 AM,397.0,0,0.0,133168020.60000001
2025-08-01 09:36:12 AM,397.0,46,18262.0,133186282.60000001
2025-08-01 09:36:16 AM,396.7,0,0.0,133186282.60000001
2025-08-01 09:36:18 AM,396.7,1033,409791.1,133596073.7
2025-08-01 09:36:18 AM,396.7,50,19835.0,133615908.7
2025-08-01 09:36:25 AM,396.7,3714,1473343.8,135089252.5
2025-08-01 09:36:28 AM,396.95,0,0.0,135089252.5
2025-08-01 09:36:31 AM,396.95,479,190139.05,135279391.55
2025-08-01 09:36:36 AM,397.0,0,0.0,135279391.55
2025-08-01 09:36:38 AM,397.0,3,1191.0,135280582.55
2025-08-01 09:36:44 AM,396.35,0,0.0,135280582.55
2025-08-01 09:36:44 AM,396.35,5671,2247700.85,137528283.4
2025-08-01 09:36:51 AM,396.45,331,131224.94999999998,137659508.35
2025-08-01 09:36:51 AM,396.35,221,87593.35,137747101.7
2025-08-01 09:36:56 AM,396.65,0,0.0,137747101.7
2025-08-01 09:36:56 AM,396.85,0,0.0,137747101.7
2025-08-01 09:36:57 AM,396.85,1193,473442.05000000005,138220543.75
2025-08-01 09:37:04 AM,396.35,6,2378.1000000000004,138222921.85
2025-08-01 09:37:09 AM,396.5,0,0.0,138222921.85
2025-08-01 09:37:10 AM,396.6,0,0.0,138222921.85
2025-08-01 09:37:11 AM,396.6,23,9121.800000000001,138232043.65
2025-08-01 09:37:12 AM,396.6,50,19830.0,138251873.65
2025-08-01 09:37:14 AM,396.65,0,0.0,138251873.65
2025-08-01 09:37:15 AM,396.55,0,0.0,138251873.65
2025-08-01 09:37:19 AM,396.55,64,25379.2,138277252.85
2025-08-01 09:37:25 AM,396.55,5,1982.75,138279235.6
2025-08-01 09:37:29 AM,396.6,0,0.0,138279235.6
2025-08-01 09:37:30 AM,396.7,0,0.0,138279235.6
2025-08-01 09:37:32 AM,396.7,311,123373.7,138402609.29999998
2025-08-01 09:37:38 AM,396.5,0,0.0,138402609.29999998
2025-08-01 09:37:39 AM,396.85,671,266286.35000000003,138668895.64999998
2025-08-01 09:37:42 AM,396.7,0,0.0,138668895.64999998
2025-08-01 09:37:44 AM,396.5,0,0.0,138668895.64999998
2025-08-01 09:37:46 AM,396.7,230,91241.0,138760136.64999998
2025-08-01 09:37:46 AM,396.7,6,2380.2,138762516.84999996
2025-08-01 09:37:52 AM,396.95,0,0.0,138762516.84999996
2025-08-01 09:37:52 AM,396.95,78,30962.1,138793478.94999996
2025-08-01 09:38:01 AM,396.35,0,0.0,138793478.94999996
2025-08-01 09:38:04 AM,396.75,0,0.0,138793478.94999996
2025-08-01 09:38:06 AM,396.75,6824,2707422.0,141500900.94999996
2025-08-01 09:38:10 AM,396.65,0,0.0,141500900.94999996
2025-08-01 09:38:13 AM,396.6,146,57903.600000000006,141558804.54999995
2025-08-01 09:38:16 AM,396.55,0,0.0,141558804.54999995
2025-08-01 09:38:19 AM,396.55,618,245067.9,141803872.44999996
2025-08-01 09:38:26 AM,396.55,21,8327.550000000001,141812199.99999997
2025-08-01 09:38:31 AM,396.6,0,0.0,141812199.99999997
2025-08-01 09:38:33 AM,396.6,1,396.6,141812596.59999996
2025-08-01 09:38:36 AM,396.25,0,0.0,141812596.59999996
2025-08-01 09:38:40 AM,396.25,551,218333.75,142030930.34999996
2025-08-01 09:38:41 AM,396.35,0,0.0,142030930.34999996
2025-08-01 09:38:46 AM,396.35,840,332934.0,142363864.34999996
2025-08-01 09:38:48 AM,396.4,0,0.0,142363864.34999996
2025-08-01 09:38:53 AM,396.4,11,4360.4,142368224.74999997
2025-08-01 09:38:57 AM,396.35,0,0.0,142368224.74999997
2025-08-01 09:38:59 AM,396.35,167,66190.45,142434415.19999996
2025-08-01 09:39:01 AM,396.3,0,0.0,142434415.19999996
2025-08-01 09:39:06 AM,396.5,458,181597.0,142616012.19999996
2025-08-01 09:39:06 AM,396.7,0,0.0,142616012.19999996
2025-08-01 09:39:11 AM,396.65,0,0.0,142616012.19999996
2025-08-01 09:39:13 AM,396.65,90,35698.5,142651710.69999996
2025-08-01 09:39:20 AM,396.7,6051,2400431.6999999997,145052142.39999995
2025-08-01 09:39:27 AM,396.7,22,8727.4,145060869.79999995
2025-08-01 09:39:33 AM,396.7,5590,2217553.0,147278422.79999995
2025-08-01 09:39:33 AM,396.6,0,0.0,147278422.79999995
2025-08-01 09:39:33 AM,396.6,4,1586.4,147280009.19999996
2025-08-01 09:39:39 AM,396.6,48,19036.800000000003,147299045.99999997
2025-08-01 09:39:46 AM,396.6,11,4362.6,147303408.59999996
2025-08-01 09:39:53 AM,396.8,1111,440844.8,147744253.39999998
2025-08-01 09:39:57 AM,396.25,0,0.0,147744253.39999998
2025-08-01 09:39:58 AM,396.0,0,0.0,147744253.39999998
2025-08-01 09:39:59 AM,396.05,1564,619422.2000000001,148363675.59999996
2025-08-01 09:40:00 AM,396.0,1,396.0,148364071.59999996
2025-08-01 09:40:01 AM,395.95,0,0.0,148364071.59999996
2025-08-01 09:40:05 AM,396.0,0,0.0,148364071.59999996
2025-08-01 09:40:06 AM,396.0,2825,1118700.0,149482771.59999996
2025-08-01 09:40:10 AM,396.35,0,0.0,149482771.59999996
2025-08-01 09:40:12 AM,396.35,431,170826.85,149653598.44999996
2025-08-01 09:40:20 AM,396.4,0,0.0,149653598.44999996
2025-08-01 09:40:20 AM,396.4,17,6738.799999999999,149660337.24999997
2025-08-01 09:40:23 AM,396.2,0,0.0,149660337.24999997
2025-08-01 09:40:25 AM,396.45,7,2775.15,149663112.39999998
2025-08-01 09:40:26 AM,396.45,2,792.9,149663905.29999998
2025-08-01 09:40:30 AM,396.4,0,0.0,149663905.29999998
2025-08-01 09:40:32 AM,396.4,16,6342.4,149670247.7
2025-08-01 09:40:33 AM,396.3,0,0.0,149670247.7
2025-08-01 09:40:33 AM,396.3,11,4359.3,149674607.0
2025-08-01 09:40:49 AM,396.95,0,0.0,149674607.0
2025-08-01 09:40:52 AM,396.95,1541,611699.95,150286306.95
2025-08-01 09:40:58 AM,396.95,34,13496.3,150299803.25
2025-08-01 09:40:59 AM,397.15,265,105244.75,150405048.0
2025-08-01 09:41:04 AM,397.35,0,0.0,150405048.0
2025-08-01 09:41:05 AM,398.0,1186,472028.0,150877076.0
2025-08-01 09:41:06 AM,397.95,207,82375.65,150959451.65
2025-08-01 09:41:12 AM,397.5,3678,1462005.0,152421456.65
2025-08-01 09:41:12 AM,397.9,0,0.0,152421456.65
2025-08-01 09:41:13 AM,397.9,130,51727.0,152473183.65
2025-08-01 09:41:16 AM,398.0,0,0.0,152473183.65
2025-08-01 09:41:19 AM,397.95,5312,2113910.4,154587094.05
2025-08-01 09:41:19 AM,397.95,8,3183.6,154590277.65
2025-08-01 09:41:24 AM,398.05,0,0.0,154590277.65
2025-08-01 09:41:25 AM,398.05,1770,704548.5,155294826.15
2025-08-01 09:41:32 AM,397.95,2,795.9,155295622.05
2025-08-01 09:41:33 AM,397.95,11,4377.45,155299999.5
2025-08-01 09:41:36 AM,397.85,0,0.0,155299999.5
2025-08-01 09:41:38 AM,397.8,344,136843.2,155436842.7
2025-08-01 09:41:39 AM,397.75,130,51707.5,155488550.2
2025-08-01 09:41:40 AM,397.8,0,0.0,155488550.2
2025-08-01 09:41:44 AM,397.75,0,0.0,155488550.2
2025-08-01 09:41:45 AM,397.45,34,13513.3,155502063.5
2025-08-01 09:41:48 AM,397.5,0,0.0,155502063.5
2025-08-01 09:41:51 AM,397.5,47,18682.5,155520746.0
2025-08-01 09:41:58 AM,397.5,14,5565.0,155526311.0
2025-08-01 09:42:04 AM,397.5,227,90232.5,155616543.5
2025-08-01 09:42:05 AM,397.45,1,397.45,155616940.95
2025-08-01 09:42:10 AM,397.4,0,0.0,155616940.95
2025-08-01 09:42:11 AM,397.4,64,25433.6,155642374.54999998
2025-08-01 09:42:22 AM,397.2,0,0.0,155642374.54999998
2025-08-01 09:42:24 AM,397.5,89,35377.5,155677752.04999998
2025-08-01 09:42:38 AM,397.5,2,795.0,155678547.04999998
2025-08-01 09:42:50 AM,397.5,634,252015.0,155930562.04999998
2025-08-01 09:42:51 AM,397.5,14,5565.0,155936127.04999998
2025-08-01 09:42:56 AM,397.5,2,795.0,155936922.04999998
2025-08-01 09:42:57 AM,397.5,55,21862.5,155958784.54999998
2025-08-01 09:43:03 AM,397.35,0,0.0,155958784.54999998
2025-08-01 09:43:03 AM,397.35,220,87417.0,156046201.54999998
2025-08-01 09:43:07 AM,397.4,0,0.0,156046201.54999998
2025-08-01 09:43:07 AM,397.5,0,0.0,156046201.54999998
2025-08-01 09:43:10 AM,397.95,814,323931.3,156370132.85
2025-08-01 09:43:10 AM,397.95,1,397.95,156370530.79999998
2025-08-01 09:43:16 AM,397.95,177,70437.15,156440967.95
2025-08-01 09:43:17 AM,397.95,15,5969.25,156446937.2
2025-08-01 09:43:23 AM,398.0,0,0.0,156446937.2
2025-08-01 09:43:23 AM,398.0,1172,466456.0,156913393.2
2025-08-01 09:43:23 AM,398.35,0,0.0,156913393.2
2025-08-01 09:43:24 AM,398.35,16,6373.6,156919766.79999998
2025-08-01 09:43:27 AM,398.3,0,0.0,156919766.79999998
2025-08-01 09:43:30 AM,398.3,7,2788.1,156922554.89999998
2025-08-01 09:43:35 AM,398.4,0,0.0,156922554.89999998
2025-08-01 09:43:36 AM,398.4,494,196809.59999999998,157119364.49999997
2025-08-01 09:43:47 AM,398.3,0,0.0,157119364.49999997
2025-08-01 09:43:49 AM,398.3,7,2788.1,157122152.59999996
2025-08-01 09:43:51 AM,398.4,0,0.0,157122152.59999996
2025-08-01 09:43:56 AM,398.4,73,29083.199999999997,157151235.79999995
2025-08-01 09:43:59 AM,398.5,0,0.0,157151235.79999995
2025-08-01 09:44:02 AM,398.5,911,363033.5,157514269.29999995
2025-08-01 09:44:03 AM,398.5,50,19925.0,157534194.29999995
2025-08-01 09:44:09 AM,398.5,36,14346.0,157548540.29999995
2025-08-01 09:44:11 AM,398.3,0,0.0,157548540.29999995
2025-08-01 09:44:13 AM,398.45,0,0.0,157548540.29999995
2025-08-01 09:44:16 AM,398.45,1419,565400.5499999999,158113940.84999996
2025-08-01 09:44:17 AM,398.35,266,105961.1,158219901.94999996
2025-08-01 09:44:19 AM,398.3,0,0.0,158219901.94999996
2025-08-01 09:44:21 AM,397.95,0,0.0,158219901.94999996
2025-08-01 09:44:23 AM,398.05,1933,769430.65,158989332.59999996
2025-08-01 09:44:23 AM,398.25,0,0.0,158989332.59999996
2025-08-01 09:44:24 AM,398.25,1,398.25,158989730.84999996
2025-08-01 09:44:25 AM,398.3,0,0.0,158989730.84999996
2025-08-01 09:44:27 AM,398.35,0,0.0,158989730.84999996
2025-08-01 09:44:29 AM,398.35,138,54972.3,159044703.14999998
2025-08-01 09:44:30 AM,398.4,7,2788.7999999999997,159047491.95
2025-08-01 09:44:35 AM,398.05,0,0.0,159047491.95
2025-08-01 09:44:36 AM,397.9,255,101464.5,159148956.45
2025-08-01 09:44:42 AM,397.9,4,1591.6,159150548.04999998
2025-08-01 09:44:43 AM,397.9,2,795.8,159151343.85
2025-08-01 09:44:48 AM,397.9,11,4376.9,159155720.75
2025-08-01 09:44:49 AM,397.95,0,0.0,159155720.75
2025-08-01 09:44:49 AM,397.95,246,97895.7,159253616.45
2025-08-01 09:44:51 AM,397.9,0,0.0,159253616.45
2025-08-01 09:44:54 AM,397.9,2,795.8,159254412.25
2025-08-01 09:44:55 AM,397.65,178,70781.7,159325193.95
2025-08-01 09:44:57 AM,397.8,0,0.0,159325193.95
2025-08-01 09:44:59 AM,397.85,0,0.0,159325193.95
2025-08-01 09:45:01 AM,397.85,753,299581.05,159624775.0
2025-08-01 09:45:02 AM,397.85,1,397.85,159625172.85
2025-08-01 09:45:04 AM,397.9,0,0.0,159625172.85
2025-08-01 09:45:08 AM,397.85,233,92699.05,159717871.9
2025-08-01 09:45:09 AM,397.85,5,1989.25,159719861.15
2025-08-01 09:45:15 AM,397.85,317,126118.45000000001,159845979.6
2025-08-01 09:45:16 AM,397.85,23,9150.550000000001,159855130.15
2025-08-01 09:45:20 AM,397.95,0,0.0,159855130.15
2025-08-01 09:45:21 AM,397.95,216,85957.2,159941087.35
2025-08-01 09:45:22 AM,397.95,11,4377.45,159945464.79999998
2025-08-01 09:45:24 AM,398.1,0,0.0,159945464.79999998
2025-08-01 09:45:27 AM,398.0,678,269844.0,160215308.79999998
2025-08-01 09:45:29 AM,397.75,285,113358.75,160328667.54999998
2025-08-01 09:45:31 AM,398.0,0,0.0,160328667.54999998
2025-08-01 09:45:34 AM,398.0,41,16318.0,160344985.54999998
2025-08-01 09:45:40 AM,397.65,335,133212.75,160478198.29999998
2025-08-01 09:45:42 AM,397.9,34,13528.599999999999,160491726.89999998
2025-08-01 09:45:47 AM,397.9,6,2387.3999999999996,160494114.29999998
2025-08-01 09:45:57 AM,397.7,0,0.0,160494114.29999998
2025-08-01 09:46:00 AM,397.9,5,1989.5,160496103.79999998
2025-08-01 09:46:01 AM,397.9,6,2387.3999999999996,160498491.2
2025-08-01 09:46:06 AM,397.9,55,21884.5,160520375.7
2025-08-01 09:46:14 AM,397.85,138,54903.3,160575279.0
2025-08-01 09:46:16 AM,397.75,0,0.0,160575279.0
2025-08-01 09:46:17 AM,397.85,0,0.0,160575279.0
2025-08-01 09:46:19 AM,397.7,420,167034.0,160742313.0
2025-08-01 09:46:21 AM,397.7,75,29827.5,160772140.5
2025-08-01 09:46:24 AM,397.5,0,0.0,160772140.5
2025-08-01 09:46:25 AM,397.65,0,0.0,160772140.5
2025-08-01 09:46:26 AM,397.65,11,4374.15,160776514.65
2025-08-01 09:46:32 AM,397.65,161,64021.649999999994,160840536.3
2025-08-01 09:46:40 AM,397.65,9,3578.85,160844115.15
2025-08-01 09:46:44 AM,397.65,302,120090.29999999999,160964205.45000002
2025-08-01 09:46:46 AM,397.65,22,8748.3,160972953.75000003
2025-08-01 09:46:56 AM,397.55,0,0.0,160972953.75000003
2025-08-01 09:46:57 AM,397.5,250,99375.0,161072328.75000003
2025-08-01 09:46:57 AM,397.15,0,0.0,161072328.75000003
2025-08-01 09:46:59 AM,397.5,593,235717.5,161308046.25000003
2025-08-01 09:47:03 AM,397.5,43,17092.5,161325138.75000003
2025-08-01 09:47:04 AM,397.65,0,0.0,161325138.75000003
2025-08-01 09:47:05 AM,397.65,278,110546.7,161435685.45000002
2025-08-01 09:47:05 AM,397.7,0,0.0,161435685.45000002
2025-08-01 09:47:09 AM,397.7,3,1193.1,161436878.55
2025-08-01 09:47:11 AM,397.7,1055,419573.5,161856452.05
2025-08-01 09:47:14 AM,397.75,0,0.0,161856452.05
2025-08-01 09:47:16 AM,397.9,126,50135.399999999994,161906587.45000002
2025-08-01 09:47:28 AM,397.9,2,795.8,161907383.25000003
2025-08-01 09:47:29 AM,397.7,0,0.0,161907383.25000003
2025-08-01 09:47:30 AM,397.85,1346,535506.1,162442889.35000002
2025-08-01 09:47:34 AM,397.85,119,47344.15,162490233.50000003
2025-08-01 09:47:41 AM,397.85,13,5172.05,162495405.55000004
2025-08-01 09:47:51 AM,397.85,26,10344.1,162505749.65000004
2025-08-01 09:47:54 AM,397.9,0,0.0,162505749.65000004
2025-08-01 09:47:57 AM,397.9,102,40585.799999999996,162546335.45000005
2025-08-01 09:47:58 AM,397.85,0,0.0,162546335.45000005
2025-08-01 09:48:01 AM,397.8,336,133660.80000000002,162679996.25000006
2025-08-01 09:48:03 AM,397.85,0,0.0,162679996.25000006
2025-08-01 09:48:04 AM,397.85,86,34215.1,162714211.35000005
2025-08-01 09:48:15 AM,397.6,0,0.0,162714211.35000005
2025-08-01 09:48:17 AM,397.8,11,4375.8,162718587.15000007
2025-08-01 09:48:20 AM,397.8,79,31426.2,162750013.35000005
2025-08-01 09:48:30 AM,397.8,55,21879.0,162771892.35000005
2025-08-01 09:48:34 AM,397.8,4,1591.2,162773483.55000004
2025-08-01 09:48:36 AM,397.8,1,397.8,162773881.35000005
2025-08-01 09:48:40 AM,397.8,2,795.6,162774676.95000005
2025-08-01 09:48:49 AM,397.8,8,3182.4,162777859.35000005
2025-08-01 09:49:08 AM,397.8,28,11138.4,162788997.75000006
2025-08-01 09:49:11 AM,397.85,0,0.0,162788997.75000006
2025-08-01 09:49:12 AM,397.85,254,101053.90000000001,162890051.65000007
2025-08-01 09:49:14 AM,398.65,3948,1573870.2,164463921.85000005
2025-08-01 09:49:15 AM,398.7,0,0.0,164463921.85000005
2025-08-01 09:49:18 AM,398.8,5589,2228893.2,166692815.05000004
2025-08-01 09:49:19 AM,398.9,0,0.0,166692815.05000004
2025-08-01 09:49:19 AM,398.95,0,0.0,166692815.05000004
2025-08-01 09:49:20 AM,399.0,1203,479997.0,167172812.05000004
2025-08-01 09:49:22 AM,399.3,0,0.0,167172812.05000004
2025-08-01 09:49:22 AM,399.25,0,0.0,167172812.05000004
2025-08-01 09:49:24 AM,399.05,447,178375.35,167351187.40000004
2025-08-01 09:49:25 AM,399.25,0,0.0,167351187.40000004
2025-08-01 09:49:26 AM,399.25,238,95021.5,167446208.90000004
2025-08-01 09:49:30 AM,399.25,2,798.5,167447007.40000004
2025-08-01 09:49:33 AM,399.25,1,399.25,167447406.65000004
2025-08-01 09:49:34 AM,399.3,0,0.0,167447406.65000004
2025-08-01 09:49:36 AM,399.25,415,165688.75,167613095.40000004
2025-08-01 09:49:39 AM,399.05,62,24741.100000000002,167637836.50000003
2025-08-01 09:49:40 AM,399.25,0,0.0,167637836.50000003
2025-08-01 09:49:43 AM,399.3,0,0.0,167637836.50000003
2025-08-01 09:49:43 AM,399.3,5,1996.5,167639833.00000003
2025-08-01 09:49:43 AM,399.45,0,0.0,167639833.00000003
2025-08-01 09:49:45 AM,399.5,606,242097.0,167881930.00000003
2025-08-01 09:49:49 AM,399.5,1,399.5,167882329.50000003
2025-08-01 09:49:49 AM,399.2,0,0.0,167882329.50000003
2025-08-01 09:49:52 AM,399.45,0,0.0,167882329.50000003
2025-08-01 09:49:52 AM,399.45,177,70702.65,167953032.15000004
2025-08-01 09:49:55 AM,399.5,0,0.0,167953032.15000004
2025-08-01 09:49:55 AM,399.15,503,200772.44999999998,168153804.60000002
2025-08-01 09:49:57 AM,399.5,0,0.0,168153804.60000002
2025-08-01 09:49:58 AM,399.5,42,16779.0,168170583.60000002
2025-08-01 09:50:00 AM,399.55,0,0.0,168170583.60000002
2025-08-01 09:50:02 AM,399.4,78,31153.199999999997,168201736.8
2025-08-01 09:50:05 AM,399.4,110,43934.0,168245670.8
2025-08-01 09:50:08 AM,399.4,1,399.4,168246070.20000002
2025-08-01 09:50:09 AM,399.1,0,0.0,168246070.20000002
2025-08-01 09:50:11 AM,399.35,0,0.0,168246070.20000002
2025-08-01 09:50:11 AM,399.4,759,303144.6,168549214.8
2025-08-01 09:50:15 AM,399.4,630,251622.0,168800836.8
2025-08-01 09:50:18 AM,399.4,2,798.8,168801635.60000002
2025-08-01 09:50:21 AM,399.45,997,398251.64999999997,169199887.25000003
2025-08-01 09:50:23 AM,399.0,0,0.0,169199887.25000003
2025-08-01 09:50:24 AM,399.35,297,118606.95000000001,169318494.20000002
2025-08-01 09:50:27 AM,399.0,0,0.0,169318494.20000002
2025-08-01 09:50:28 AM,399.0,645,257355.0,169575849.20000002
2025-08-01 09:50:29 AM,399.3,0,0.0,169575849.20000002
2025-08-01 09:50:30 AM,399.35,55,21964.25,169597813.45000002
2025-08-01 09:50:32 AM,399.15,0,0.0,169597813.45000002
2025-08-01 09:50:34 AM,399.2,2885,1151692.0,170749505.45000002
2025-08-01 09:50:36 AM,399.3,318,126977.40000000001,170876482.85000002
2025-08-01 09:50:39 AM,399.35,0,0.0,170876482.85000002
2025-08-01 09:50:40 AM,399.35,556,222038.6,171098521.45000002
2025-08-01 09:50:41 AM,399.1,0,0.0,171098521.45000002
2025-08-01 09:50:42 AM,399.35,0,0.0,171098521.45000002
2025-08-01 09:50:43 AM,399.35,28,11181.800000000001,171109703.25000003
2025-08-01 09:50:46 AM,399.3,18,7187.400000000001,171116890.65000004
2025-08-01 09:50:48 AM,399.05,0,0.0,171116890.65000004
2025-08-01 09:50:49 AM,399.3,331,132168.30000000002,171249058.95000005
2025-08-01 09:50:53 AM,399.3,106,42325.8,171291384.75000006
2025-08-01 09:50:55 AM,399.3,1,399.3,171291784.05000007
2025-08-01 09:50:59 AM,399.25,0,0.0,171291784.05000007
2025-08-01 09:50:59 AM,399.25,220,87835.0,171379619.05000007
2025-08-01 09:51:00 AM,399.3,0,0.0,171379619.05000007
2025-08-01 09:51:01 AM,399.35,524,209259.40000000002,171588878.45000008
2025-08-01 09:51:02 AM,399.3,0,0.0,171588878.45000008
2025-08-01 09:51:05 AM,399.3,56,22360.8,171611239.2500001
2025-08-01 09:51:06 AM,399.2,0,0.0,171611239.2500001
2025-08-01 09:51:07 AM,399.2,3,1197.6,171612436.85000008
2025-08-01 09:51:10 AM,399.3,0,0.0,171612436.85000008
2025-08-01 09:51:12 AM,399.25,224,89432.0,171701868.85000008
2025-08-01 09:51:13 AM,399.3,0,0.0,171701868.85000008
2025-08-01 09:51:14 AM,399.3,3,1197.9,171703066.7500001
2025-08-01 09:51:17 AM,399.25,0,0.0,171703066.7500001
2025-08-01 09:51:18 AM,399.25,133,53100.25,171756167.0000001
2025-08-01 09:51:20 AM,399.25,11,4391.75,171760558.7500001
2025-08-01 09:51:22 AM,399.2,0,0.0,171760558.7500001
2025-08-01 09:51:24 AM,399.2,11,4391.2,171764949.95000008
2025-08-01 09:51:26 AM,399.2,17,6786.4,171771736.35000008
2025-08-01 09:51:28 AM,399.0,0,0.0,171771736.35000008
2025-08-01 09:51:29 AM,399.05,0,0.0,171771736.35000008
2025-08-01 09:51:30 AM,399.05,22,8779.1,171780515.45000008
2025-08-01 09:51:36 AM,399.1,111,44300.100000000006,171824815.55000007
2025-08-01 09:51:43 AM,399.1,11,4390.1,171829205.65000007
2025-08-01 09:51:46 AM,399.0,0,0.0,171829205.65000007
2025-08-01 09:51:48 AM,399.05,0,0.0,171829205.65000007
2025-08-01 09:51:49 AM,399.05,2107,840798.35,172670004.00000006
2025-08-01 09:51:55 AM,399.0,44,17556.0,172687560.00000006
2025-08-01 09:51:56 AM,399.05,0,0.0,172687560.00000006
2025-08-01 09:51:58 AM,399.0,55,21945.0,172709505.00000006
2025-08-01 09:52:00 AM,398.95,0,0.0,172709505.00000006
2025-08-01 09:52:01 AM,399.0,1185,472815.0,173182320.00000006
2025-08-01 09:52:04 AM,398.95,29,11569.55,173193889.55000007
2025-08-01 09:52:04 AM,398.9,0,0.0,173193889.55000007
2025-08-01 09:52:07 AM,398.9,3,1196.6999999999998,173195086.25000006
2025-08-01 09:52:08 AM,398.85,0,0.0,173195086.25000006
2025-08-01 09:52:10 AM,399.1,0,0.0,173195086.25000006
2025-08-01 09:52:10 AM,399.1,1345,536789.5,173731875.75000006
2025-08-01 09:52:13 AM,399.1,221,88201.1,173820076.85000005
2025-08-01 09:52:16 AM,399.0,16,6384.0,173826460.85000005
2025-08-01 09:52:17 AM,399.2,0,0.0,173826460.85000005
2025-08-01 09:52:20 AM,399.2,351,140119.19999999998,173966580.05000004
2025-08-01 09:52:26 AM,399.2,29,11576.8,173978156.85000005
2025-08-01 09:52:28 AM,399.2,18,7185.599999999999,173985342.45000005
2025-08-01 09:52:35 AM,399.15,35,13970.25,173999312.70000005
2025-08-01 09:52:44 AM,399.1,0,0.0,173999312.70000005
2025-08-01 09:52:47 AM,399.15,0,0.0,173999312.70000005
2025-08-01 09:52:47 AM,399.15,132,52687.799999999996,174052000.50000006
2025-08-01 09:52:50 AM,399.15,50,19957.5,174071958.00000006
2025-08-01 09:52:53 AM,399.15,6,2394.8999999999996,174074352.90000007
2025-08-01 09:53:02 AM,399.5,0,0.0,174074352.90000007
2025-08-01 09:53:02 AM,399.5,2407,961596.5,175035949.40000007
2025-08-01 09:53:04 AM,399.6,245,97902.0,175133851.40000007
2025-08-01 09:53:08 AM,399.8,0,0.0,175133851.40000007
2025-08-01 09:53:08 AM,399.8,826,330234.8,175464086.20000008
2025-08-01 09:53:10 AM,399.8,1,399.8,175464486.0000001
2025-08-01 09:53:14 AM,399.85,0,0.0,175464486.0000001
2025-08-01 09:53:14 AM,399.6,0,0.0,175464486.0000001
2025-08-01 09:53:15 AM,399.55,872,348407.60000000003,175812893.60000008
2025-08-01 09:53:17 AM,399.4,0,0.0,175812893.60000008
2025-08-01 09:53:17 AM,399.4,10,3994.0,175816887.60000008
2025-08-01 09:53:17 AM,399.6,0,0.0,175816887.60000008
2025-08-01 09:53:21 AM,399.35,0,0.0,175816887.60000008
2025-08-01 09:53:21 AM,399.35,1208,482414.80000000005,176299302.4000001
2025-08-01 09:53:23 AM,399.35,1,399.35,176299701.7500001
2025-08-01 09:53:27 AM,398.85,0,0.0,176299701.7500001
2025-08-01 09:53:27 AM,398.85,20067,8003722.95,184303424.70000008
2025-08-01 09:53:27 AM,399.15,0,0.0,184303424.70000008
2025-08-01 09:53:29 AM,399.8,35077,14023784.6,198327209.30000007
2025-08-01 09:53:30 AM,400.15,0,0.0,198327209.30000007
2025-08-01 09:53:33 AM,400.4,0,0.0,198327209.30000007
2025-08-01 09:53:33 AM,400.4,8002,3204000.8,201531210.10000008
2025-08-01 09:53:33 AM,400.8,0,0.0,201531210.10000008
2025-08-01 09:53:35 AM,400.8,9,3607.2000000000003,201534817.30000007
2025-08-01 09:53:36 AM,400.55,0,0.0,201534817.30000007
2025-08-01 09:53:39 AM,400.0,0,0.0,201534817.30000007
2025-08-01 09:53:39 AM,400.5,5520,2210760.0,203745577.30000007
2025-08-01 09:53:41 AM,400.0,406,162400.0,203907977.30000007
2025-08-01 09:53:46 AM,400.3,867,347060.10000000003,204255037.40000007
2025-08-01 09:53:48 AM,400.3,23,9206.9,204264244.30000007
2025-08-01 09:53:48 AM,400.05,0,0.0,204264244.30000007
2025-08-01 09:53:51 AM,400.3,0,0.0,204264244.30000007
2025-08-01 09:53:52 AM,400.3,1601,640880.3,204905124.60000008
2025-08-01 09:53:57 AM,400.0,0,0.0,204905124.60000008
2025-08-01 09:53:58 AM,400.25,528,211332.0,205116456.60000008
2025-08-01 09:54:00 AM,400.25,6,2401.5,205118858.10000008
2025-08-01 09:54:00 AM,399.9,0,0.0,205118858.10000008
2025-08-01 09:54:03 AM,400.2,0,0.0,205118858.10000008
2025-08-01 09:54:04 AM,400.2,92,36818.4,205155676.5000001
2025-08-01 09:54:06 AM,400.2,222,88844.4,205244520.9000001
2025-08-01 09:54:06 AM,399.8,0,0.0,205244520.9000001
2025-08-01 09:54:09 AM,400.2,0,0.0,205244520.9000001
2025-08-01 09:54:09 AM,400.15,0,0.0,205244520.9000001
2025-08-01 09:54:10 AM,400.15,536,214480.4,205459001.3000001
2025-08-01 09:54:12 AM,399.8,76,30384.8,205489386.1000001
2025-08-01 09:54:12 AM,400.0,0,0.0,205489386.1000001
2025-08-01 09:54:17 AM,400.0,252,100800.0,205590186.1000001
2025-08-01 09:54:18 AM,400.0,102,40800.0,205630986.1000001
2025-08-01 09:54:23 AM,400.0,11,4400.0,205635386.1000001
2025-08-01 09:54:31 AM,399.7,0,0.0,205635386.1000001
2025-08-01 09:54:31 AM,399.95,0,0.0,205635386.1000001
2025-08-01 09:54:34 AM,400.0,0,0.0,205635386.1000001
2025-08-01 09:54:36 AM,400.0,225,90000.0,205725386.1000001
2025-08-01 09:54:40 AM,399.95,0,0.0,205725386.1000001
2025-08-01 09:54:42 AM,399.95,177,70791.15,205796177.25000012
2025-08-01 09:54:47 AM,399.85,48,19192.800000000003,205815370.05000013
2025-08-01 09:54:48 AM,399.85,7,2798.9500000000003,205818169.00000012
2025-08-01 09:54:53 AM,399.85,20,7997.0,205826166.00000012
2025-08-01 09:54:58 AM,399.65,0,0.0,205826166.00000012
2025-08-01 09:54:58 AM,399.85,0,0.0,205826166.00000012
2025-08-01 09:54:59 AM,399.85,10,3998.5,205830164.50000012
2025-08-01 09:55:00 AM,399.65,2,799.3,205830963.80000013
2025-08-01 09:55:04 AM,399.85,0,0.0,205830963.80000013
2025-08-01 09:55:04 AM,399.95,0,0.0,205830963.80000013
2025-08-01 09:55:05 AM,399.95,144,57592.799999999996,205888556.60000014
2025-08-01 09:55:06 AM,399.9,2,799.8,205889356.40000015
2025-08-01 09:55:17 AM,399.9,111,44388.899999999994,205933745.30000016
2025-08-01 09:55:18 AM,399.9,99,39590.1,205973335.40000015
2025-08-01 09:55:23 AM,399.9,1,399.9,205973735.30000016
2025-08-01 09:55:28 AM,399.5,2475,988762.5,206962497.80000016
2025-08-01 09:55:30 AM,399.9,0,0.0,206962497.80000016
2025-08-01 09:55:30 AM,399.85,1110,443833.5,207406331.30000016
2025-08-01 09:55:35 AM,399.85,276,110358.6,207516689.90000015
2025-08-01 09:55:36 AM,399.8,3,1199.4,207517889.30000016
2025-08-01 09:55:41 AM,399.8,682,272663.60000000003,207790552.90000015
2025-08-01 09:55:42 AM,399.8,110,43978.0,207834530.90000015
2025-08-01 09:55:47 AM,399.8,2,799.6,207835330.50000015
2025-08-01 09:55:48 AM,399.8,11,4397.8,207839728.30000016
2025-08-01 09:55:53 AM,399.8,301,120339.8,207960068.10000017
2025-08-01 09:55:54 AM,399.8,374,149525.2,208109593.30000016
2025-08-01 09:55:57 AM,399.7,0,0.0,208109593.30000016
2025-08-01 09:55:59 AM,399.7,47,18785.899999999998,208128379.20000017
2025-08-01 09:56:09 AM,399.6,0,0.0,208128379.20000017
2025-08-01 09:56:10 AM,399.8,0,0.0,208128379.20000017
2025-08-01 09:56:11 AM,399.8,932,372613.60000000003,208500992.80000016
2025-08-01 09:56:12 AM,399.8,11,4397.8,208505390.60000017
2025-08-01 09:56:17 AM,399.8,2,799.6,208506190.20000017
2025-08-01 09:56:21 AM,399.7,0,0.0,208506190.20000017
2025-08-01 09:56:23 AM,399.55,30,11986.5,208518176.70000017
2025-08-01 09:56:28 AM,399.7,0,0.0,208518176.70000017
2025-08-01 09:56:29 AM,399.7,34,13589.8,208531766.50000018
2025-08-01 09:56:34 AM,399.7,66,26380.2,208558146.70000017
2025-08-01 09:56:37 AM,399.5,0,0.0,208558146.70000017
2025-08-01 09:56:39 AM,399.8,0,0.0,208558146.70000017
2025-08-01 09:56:41 AM,399.8,1128,450974.4,209009121.10000017
2025-08-01 09:56:42 AM,399.8,26,10394.800000000001,209019515.90000018
2025-08-01 09:56:47 AM,399.8,220,87956.0,209107471.90000018
2025-08-01 09:56:48 AM,399.8,2,799.6,209108271.50000018
2025-08-01 09:56:53 AM,399.5,0,0.0,209108271.50000018
2025-08-01 09:56:53 AM,399.7,657,262602.89999999997,209370874.40000018
2025-08-01 09:56:54 AM,399.7,6,2398.2,209373272.60000017
2025-08-01 09:56:59 AM,399.5,411,164194.5,209537467.10000017
2025-08-01 09:57:00 AM,399.6,1152,460339.2,209997806.30000016
2025-08-01 09:57:05 AM,399.6,124,49550.4,210047356.70000017
2025-08-01 09:57:18 AM,399.6,50,19980.0,210067336.70000017
2025-08-01 09:57:22 AM,399.5,803,320798.5,210388135.20000017
2025-08-01 09:57:24 AM,399.6,58,23176.800000000003,210411312.00000018
2025-08-01 09:57:28 AM,399.6,28,11188.800000000001,210422500.8000002
2025-08-01 09:57:34 AM,399.6,55,21978.0,210444478.8000002
2025-08-01 09:57:40 AM,399.6,2,799.2,210445278.00000018
2025-08-01 09:57:52 AM,399.6,46,18381.600000000002,210463659.60000017
2025-08-01 09:57:53 AM,399.5,0,0.0,210463659.60000017
2025-08-01 09:57:55 AM,399.6,101,40359.600000000006,210504019.20000017
2025-08-01 09:58:01 AM,399.55,0,0.0,210504019.20000017
2025-08-01 09:58:01 AM,399.55,149,59532.950000000004,210563552.15000015
2025-08-01 09:58:04 AM,399.55,1631,651666.05,211215218.20000017
2025-08-01 09:58:10 AM,399.55,17,6792.35,211222010.55000016
2025-08-01 09:58:13 AM,399.55,2,799.1,211222809.65000015
2025-08-01 09:58:22 AM,399.3,0,0.0,211222809.65000015
2025-08-01 09:58:22 AM,399.55,37,14783.35,211237593.00000015
2025-08-01 09:58:25 AM,399.15,597,238292.55,211475885.55000016
2025-08-01 09:58:26 AM,399.55,0,0.0,211475885.55000016
2025-08-01 09:58:28 AM,399.55,28,11187.4,211487072.95000017
2025-08-01 09:58:34 AM,399.55,56,22374.8,211509447.75000018
2025-08-01 09:58:41 AM,399.55,17,6792.35,211516240.10000017
2025-08-01 09:58:54 AM,399.5,0,0.0,211516240.10000017
2025-08-01 09:58:55 AM,399.5,10,3995.0,211520235.10000017
2025-08-01 09:59:01 AM,399.3,304,121387.2,211641622.30000016
2025-08-01 09:59:05 AM,399.5,592,236504.0,211878126.30000016
2025-08-01 09:59:08 AM,399.5,6,2397.0,211880523.30000016
2025-08-01 09:59:11 AM,399.5,26,10387.0,211890910.30000016
2025-08-01 09:59:14 AM,399.5,122,48739.0,211939649.30000016
2025-08-01 09:59:17 AM,399.5,140,55930.0,211995579.30000016
2025-08-01 09:59:33 AM,399.2,50,19960.0,212015539.30000016
2025-08-01 09:59:35 AM,399.5,0,0.0,212015539.30000016
2025-08-01 09:59:36 AM,399.5,11,4394.5,212019933.80000016
2025-08-01 09:59:43 AM,399.2,12,4790.4,212024724.20000017
2025-08-01 09:59:44 AM,399.5,0,0.0,212024724.20000017
2025-08-01 09:59:45 AM,399.5,1,399.5,212025123.70000017
2025-08-01 09:59:59 AM,399.45,0,0.0,212025123.70000017
2025-08-01 10:00:00 AM,399.5,0,0.0,212025123.70000017
2025-08-01 10:00:01 AM,399.5,175,69912.5,212095036.20000017
2025-08-01 10:00:04 AM,399.2,131,52295.2,212147331.40000015
2025-08-01 10:00:07 AM,399.45,27,10785.15,212158116.55000016
2025-08-01 10:00:17 AM,399.2,0,0.0,212158116.55000016
2025-08-01 10:00:17 AM,399.2,87,34730.4,212192846.95000017
2025-08-01 10:00:20 AM,399.4,10,3994.0,212196840.95000017
2025-08-01 10:00:33 AM,399.4,3564,1423461.5999999999,213620302.55000016
2025-08-01 10:00:36 AM,399.45,299,119435.55,213739738.10000017
2025-08-01 10:00:39 AM,399.25,0,0.0,213739738.10000017
2025-08-01 10:00:39 AM,399.45,99,39545.549999999996,213779283.65000018
2025-08-01 10:00:42 AM,399.5,7,2796.5,213782080.15000018
2025-08-01 10:00:45 AM,399.25,0,0.0,213782080.15000018
2025-08-01 10:00:45 AM,399.2,5,1996.0,213784076.15000018
2025-08-01 10:00:48 AM,399.25,327,130554.75,213914630.90000018
2025-08-01 10:00:51 AM,399.25,4,1597.0,213916227.90000018
2025-08-01 10:00:55 AM,399.25,1,399.25,213916627.15000018
2025-08-01 10:00:57 AM,399.0,0,0.0,213916627.15000018
2025-08-01 10:00:57 AM,399.35,0,0.0,213916627.15000018
2025-08-01 10:00:58 AM,399.35,122,48720.700000000004,213965347.85000017
2025-08-01 10:01:04 AM,399.25,1189,474708.25,214440056.10000017
2025-08-01 10:01:07 AM,399.45,742,296391.89999999997,214736448.00000018
2025-08-01 10:01:08 AM,399.5,0,0.0,214736448.00000018
2025-08-01 10:01:10 AM,399.5,118,47141.0,214783589.00000018
2025-08-01 10:01:14 AM,399.5,1,399.5,214783988.50000018
2025-08-01 10:01:17 AM,399.5,555,221722.5,215005711.00000018
2025-08-01 10:01:23 AM,399.5,511,204144.5,215209855.50000018
2025-08-01 10:01:26 AM,399.5,1,399.5,215210255.00000018
2025-08-01 10:01:32 AM,399.45,18,7190.099999999999,215217445.10000017
2025-08-01 10:01:39 AM,399.5,0,0.0,215217445.10000017
2025-08-01 10:01:39 AM,399.5,236,94282.0,215311727.10000017
2025-08-01 10:01:41 AM,399.7,4804,1920158.8,217231885.90000018
2025-08-01 10:01:43 AM,399.8,0,0.0,217231885.90000018
2025-08-01 10:01:45 AM,399.9,1576,630242.3999999999,217862128.3000002
2025-08-01 10:01:47 AM,399.95,0,0.0,217862128.3000002
2025-08-01 10:01:47 AM,399.95,5954,2381302.3,220243430.6000002
2025-08-01 10:01:49 AM,400.3,0,0.0,220243430.6000002
2025-08-01 10:01:51 AM,400.3,878,351463.4,220594894.0000002
2025-08-01 10:01:53 AM,400.3,271,108481.3,220703375.30000022
2025-08-01 10:01:57 AM,400.45,430,172193.5,220875568.80000022
2025-08-01 10:01:59 AM,400.45,363,145363.35,221020932.1500002
2025-08-01 10:02:03 AM,400.45,195,78087.75,221099019.9000002
2025-08-01 10:02:05 AM,400.25,76,30419.0,221129438.9000002
2025-08-01 10:02:07 AM,400.4,0,0.0,221129438.9000002
2025-08-01 10:02:10 AM,400.25,0,0.0,221129438.9000002
2025-08-01 10:02:10 AM,400.25,119,47629.75,221177068.6500002
2025-08-01 10:02:12 AM,400.25,1,400.25,221177468.9000002
2025-08-01 10:02:20 AM,400.35,0,0.0,221177468.9000002
2025-08-01 10:02:22 AM,400.4,555,222222.0,221399690.9000002
2025-08-01 10:02:24 AM,400.15,0,0.0,221399690.9000002
2025-08-01 10:02:24 AM,400.4,96,38438.399999999994,221438129.30000022
2025-08-01 10:02:29 AM,400.4,679,271871.6,221710000.9000002
2025-08-01 10:02:31 AM,400.4,1,400.4,221710401.30000022
2025-08-01 10:02:35 AM,400.4,222,88888.79999999999,221799290.10000023
2025-08-01 10:02:36 AM,400.05,0,0.0,221799290.10000023
2025-08-01 10:02:37 AM,400.35,1066,426773.10000000003,222226063.20000023
2025-08-01 10:02:41 AM,400.05,0,0.0,222226063.20000023
2025-08-01 10:02:41 AM,400.35,74,29625.9,222255689.10000023
2025-08-01 10:02:43 AM,400.4,32,12812.8,222268501.90000024
2025-08-01 10:02:46 AM,400.0,0,0.0,222268501.90000024
2025-08-01 10:02:46 AM,400.2,0,0.0,222268501.90000024
2025-08-01 10:02:48 AM,400.0,405,162000.0,222430501.90000024
2025-08-01 10:02:50 AM,400.2,0,0.0,222430501.90000024
2025-08-01 10:02:50 AM,400.2,12,4802.4,222435304.30000025
2025-08-01 10:02:54 AM,400.2,10,4002.0,222439306.30000025
2025-08-01 10:02:56 AM,400.2,1,400.2,222439706.50000024
2025-08-01 10:03:01 AM,400.2,223,89244.59999999999,222528951.10000023
2025-08-01 10:03:13 AM,400.2,125,50025.0,222578976.10000023
2025-08-01 10:03:15 AM,400.0,220,88000.0,222666976.10000023
2025-08-01 10:03:20 AM,400.0,2,800.0,222667776.10000023
2025-08-01 10:03:26 AM,400.15,0,0.0,222667776.10000023
2025-08-01 10:03:26 AM,400.2,249,99649.8,222767425.90000024
2025-08-01 10:03:28 AM,400.2,1,400.2,222767826.10000023
2025-08-01 10:03:33 AM,400.0,1,400.0,222768226.10000023
2025-08-01 10:03:38 AM,400.2,0,0.0,222768226.10000023
2025-08-01 10:03:39 AM,400.2,51,20410.2,222788636.30000022
2025-08-01 10:03:41 AM,400.2,281,112456.2,222901092.5000002
2025-08-01 10:03:42 AM,400.3,0,0.0,222901092.5000002
2025-08-01 10:03:45 AM,400.35,1153,461603.55000000005,223362696.05000022
2025-08-01 10:03:51 AM,400.3,30,12009.0,223374705.05000022
2025-08-01 10:03:53 AM,400.3,3,1200.9,223375905.95000023
2025-08-01 10:03:57 AM,400.3,129,51638.700000000004,223427544.6500002
2025-08-01 10:04:00 AM,400.2,112,44822.4,223472367.05000022
2025-08-01 10:04:02 AM,400.35,0,0.0,223472367.05000022
2025-08-01 10:04:04 AM,400.3,566,226569.80000000002,223698936.85000023
2025-08-01 10:04:06 AM,400.3,32,12809.6,223711746.45000023
2025-08-01 10:04:10 AM,400.3,17,6805.1,223718551.55000022
2025-08-01 10:04:12 AM,400.3,2409,964322.7000000001,224682874.2500002
2025-08-01 10:04:16 AM,400.3,3,1200.9,224684075.1500002
2025-08-01 10:04:18 AM,400.3,62,24818.600000000002,224708893.7500002
2025-08-01 10:04:23 AM,400.3,29,11608.7,224720502.4500002
2025-08-01 10:04:29 AM,400.3,617,246985.1,224967487.5500002
2025-08-01 10:04:31 AM,400.3,2,800.6,224968288.15000018
2025-08-01 10:04:35 AM,400.3,11,4403.3,224972691.4500002
2025-08-01 10:04:41 AM,400.25,777,310994.25,225283685.7000002
2025-08-01 10:04:43 AM,400.3,51,20415.3,225304101.0000002
2025-08-01 10:04:45 AM,400.35,0,0.0,225304101.0000002
2025-08-01 10:04:45 AM,400.0,0,0.0,225304101.0000002
2025-08-01 10:04:48 AM,400.25,0,0.0,225304101.0000002
2025-08-01 10:04:48 AM,400.25,561,224540.25,225528641.2500002
2025-08-01 10:04:54 AM,400.3,278,111283.40000000001,225639924.6500002
2025-08-01 10:04:56 AM,400.3,3,1200.9,225641125.55000022
2025-08-01 10:05:06 AM,400.0,0,0.0,225641125.55000022
2025-08-01 10:05:06 AM,400.0,1,400.0,225641525.55000022
2025-08-01 10:05:08 AM,400.25,74,29618.5,225671144.05000022
2025-08-01 10:05:12 AM,400.2,0,0.0,225671144.05000022
2025-08-01 10:05:12 AM,400.2,1119,447823.8,226118967.85000023
2025-08-01 10:05:14 AM,399.9,100,39990.0,226158957.85000023
2025-08-01 10:05:15 AM,400.2,0,0.0,226158957.85000023
2025-08-01 10:05:19 AM,400.1,0,0.0,226158957.85000023
2025-08-01 10:05:19 AM,400.1,11,4401.1,226163358.95000023
2025-08-01 10:05:23 AM,399.7,0,0.0,226163358.95000023
2025-08-01 10:05:25 AM,399.7,36,14389.199999999999,226177748.1500002
2025-08-01 10:05:31 AM,399.7,8,3197.6,226180945.7500002
2025-08-01 10:05:33 AM,399.75,155,61961.25,226242907.0000002
2025-08-01 10:05:37 AM,399.75,11,4397.25,226247304.2500002
2025-08-01 10:05:39 AM,399.9,220,87978.0,226335282.2500002
2025-08-01 10:05:40 AM,399.85,0,0.0,226335282.2500002
2025-08-01 10:05:43 AM,399.9,0,0.0,226335282.2500002
2025-08-01 10:05:43 AM,399.9,15,5998.5,226341280.7500002
2025-08-01 10:05:49 AM,399.9,13,5198.7,226346479.4500002
2025-08-01 10:05:55 AM,399.85,0,0.0,226346479.4500002
2025-08-01 10:05:55 AM,399.85,13,5198.05,226351677.5000002
2025-08-01 10:05:57 AM,399.75,17,6795.75,226358473.2500002
2025-08-01 10:06:03 AM,399.75,36,14391.0,226372864.2500002
2025-08-01 10:06:07 AM,399.75,1,399.75,226373264.0000002
2025-08-01 10:06:13 AM,399.75,61,24384.75,226397648.7500002
2025-08-01 10:06:24 AM,399.65,0,0.0,226397648.7500002
2025-08-01 10:06:24 AM,399.6,17,6793.200000000001,226404441.9500002
2025-08-01 10:06:27 AM,399.5,0,0.0,226404441.9500002
2025-08-01 10:06:27 AM,399.5,4,1598.0,226406039.9500002
2025-08-01 10:06:30 AM,399.6,0,0.0,226406039.9500002
2025-08-01 10:06:30 AM,399.6,3,1198.8000000000002,226407238.7500002
2025-08-01 10:06:33 AM,399.5,0,0.0,226407238.7500002
2025-08-01 10:06:33 AM,399.5,2022,807789.0,227215027.7500002
2025-08-01 10:06:36 AM,399.35,239,95444.65000000001,227310472.4000002
2025-08-01 10:06:39 AM,399.35,149,59503.15,227369975.55000022
2025-08-01 10:06:43 AM,399.35,5,1996.75,227371972.30000022
2025-08-01 10:06:45 AM,399.3,18,7187.400000000001,227379159.70000023
2025-08-01 10:06:49 AM,399.3,35,13975.5,227393135.20000023
2025-08-01 10:06:51 AM,399.3,28,11180.4,227404315.60000023
2025-08-01 10:06:55 AM,399.3,3,1197.9,227405513.50000024
2025-08-01 10:06:57 AM,399.2,0,0.0,227405513.50000024
2025-08-01 10:06:57 AM,399.2,1100,439120.0,227844633.50000024
2025-08-01 10:07:01 AM,399.2,18,7185.599999999999,227851819.10000023
2025-08-01 10:07:03 AM,399.2,6,2395.2,227854214.30000022
2025-08-01 10:07:07 AM,399.0,0,0.0,227854214.30000022
2025-08-01 10:07:07 AM,399.0,7,2793.0,227857007.30000022
2025-08-01 10:07:12 AM,399.15,0,0.0,227857007.30000022
2025-08-01 10:07:12 AM,399.1,0,0.0,227857007.30000022
2025-08-01 10:07:13 AM,399.2,2036,812771.2,228669778.5000002
2025-08-01 10:07:15 AM,399.3,2687,1072919.1,229742697.6000002
2025-08-01 10:07:20 AM,399.2,41,16367.199999999999,229759064.8000002
2025-08-01 10:07:22 AM,399.2,2,798.4,229759863.2000002
2025-08-01 10:07:26 AM,399.2,51,20359.2,229780222.40000018
2025-08-01 10:07:27 AM,399.05,0,0.0,229780222.40000018
2025-08-01 10:07:28 AM,399.2,141,56287.2,229836509.60000017
2025-08-01 10:07:30 AM,399.05,0,0.0,229836509.60000017
2025-08-01 10:07:32 AM,399.05,2,798.1,229837307.70000017
2025-08-01 10:07:34 AM,399.0,174,69426.0,229906733.70000017
2025-08-01 10:07:38 AM,399.65,1776,709778.3999999999,230616512.10000017
2025-08-01 10:07:39 AM,399.6,0,0.0,230616512.10000017
2025-08-01 10:07:40 AM,399.8,241,96351.8,230712863.90000018
2025-08-01 10:07:44 AM,399.8,7,2798.6,230715662.50000018
2025-08-01 10:07:52 AM,399.75,22,8794.5,230724457.00000018
2025-08-01 10:07:58 AM,399.75,390,155902.5,230880359.50000018
2025-08-01 10:08:03 AM,399.75,44,17589.0,230897948.50000018
2025-08-01 10:08:11 AM,399.7,14,5595.8,230903544.3000002
2025-08-01 10:08:17 AM,399.7,1,399.7,230903944.00000018
2025-08-01 10:08:21 AM,399.5,0,0.0,230903944.00000018
2025-08-01 10:08:22 AM,399.5,1,399.5,230904343.50000018
2025-08-01 10:08:28 AM,399.7,0,0.0,230904343.50000018
2025-08-01 10:08:28 AM,399.7,25,9992.5,230914336.00000018
2025-08-01 10:08:34 AM,399.7,45,17986.5,230932322.50000018
2025-08-01 10:08:39 AM,399.4,0,0.0,230932322.50000018
2025-08-01 10:08:40 AM,399.7,0,0.0,230932322.50000018
2025-08-01 10:08:40 AM,399.7,22,8793.4,230941115.90000018
2025-08-01 10:08:41 AM,399.7,23,9193.1,230950309.00000018
2025-08-01 10:09:19 AM,399.6,0,0.0,230950309.00000018
2025-08-01 10:09:21 AM,399.6,55,21978.0,230972287.00000018
2025-08-01 10:09:23 AM,399.7,25,9992.5,230982279.50000018
2025-08-01 10:09:27 AM,399.7,3,1199.1,230983478.60000017
2025-08-01 10:09:28 AM,399.8,0,0.0,230983478.60000017
2025-08-01 10:09:29 AM,399.8,121,48375.8,231031854.40000018
2025-08-01 10:09:30 AM,399.7,0,0.0,231031854.40000018
2025-08-01 10:09:33 AM,399.7,7,2797.9,231034652.3000002
2025-08-01 10:09:34 AM,399.8,0,0.0,231034652.3000002
2025-08-01 10:09:34 AM,399.8,71,28385.8,231063038.1000002
2025-08-01 10:09:45 AM,399.8,20,7996.0,231071034.1000002
2025-08-01 10:09:46 AM,399.8,28,11194.4,231082228.5000002
2025-08-01 10:10:16 AM,399.75,0,0.0,231082228.5000002
2025-08-01 10:10:19 AM,399.7,0,0.0,231082228.5000002
2025-08-01 10:10:19 AM,399.7,148,59155.6,231141384.1000002
2025-08-01 10:10:21 AM,399.7,1,399.7,231141783.8000002
2025-08-01 10:10:24 AM,399.45,0,0.0,231141783.8000002
2025-08-01 10:10:25 AM,399.7,111,44366.7,231186150.50000018
2025-08-01 10:10:33 AM,399.45,0,0.0,231186150.50000018
2025-08-01 10:10:33 AM,399.45,5,1997.25,231188147.75000018
2025-08-01 10:10:36 AM,399.7,0,0.0,231188147.75000018
2025-08-01 10:10:37 AM,399.7,25,9992.5,231198140.25000018
2025-08-01 10:10:43 AM,399.7,10,3997.0,231202137.25000018
2025-08-01 10:10:44 AM,399.7,1,399.7,231202536.95000017
2025-08-01 10:10:49 AM,399.7,169,67549.3,231270086.25000018
2025-08-01 10:10:55 AM,399.7,219,87534.3,231357620.5500002
2025-08-01 10:10:56 AM,399.45,2,798.9,231358419.4500002
2025-08-01 10:10:59 AM,399.7,0,0.0,231358419.4500002
2025-08-01 10:11:01 AM,399.7,103,41169.1,231399588.5500002
2025-08-01 10:11:13 AM,399.7,111,44366.7,231443955.25000018
2025-08-01 10:11:18 AM,399.4,0,0.0,231443955.25000018
2025-08-01 10:11:19 AM,399.75,2019,807095.25,232251050.50000018
2025-08-01 10:11:20 AM,399.7,5,1998.5,232253049.00000018
2025-08-01 10:11:21 AM,399.8,0,0.0,232253049.00000018
2025-08-01 10:11:24 AM,399.8,9,3598.2000000000003,232256647.20000017
2025-08-01 10:11:25 AM,399.8,55,21989.0,232278636.20000017
2025-08-01 10:11:30 AM,399.8,3,1199.4,232279835.60000017
2025-08-01 10:11:35 AM,399.7,1588,634723.6,232914559.20000017
2025-08-01 10:11:37 AM,399.65,2,799.3,232915358.50000018
2025-08-01 10:11:39 AM,399.9,0,0.0,232915358.50000018
2025-08-01 10:11:41 AM,399.9,14,5598.599999999999,232920957.10000017
2025-08-01 10:11:47 AM,399.85,5,1999.25,232922956.35000017
2025-08-01 10:12:15 AM,399.55,0,0.0,232922956.35000017
2025-08-01 10:12:17 AM,399.85,61,24390.850000000002,232947347.20000017
2025-08-01 10:12:21 AM,399.8,0,0.0,232947347.20000017
2025-08-01 10:12:23 AM,399.8,114,45577.200000000004,232992924.40000015
2025-08-01 10:12:30 AM,399.75,0,0.0,232992924.40000015
2025-08-01 10:12:34 AM,399.8,40,15992.0,233008916.40000015
2025-08-01 10:12:51 AM,399.75,0,0.0,233008916.40000015
2025-08-01 10:12:51 AM,399.75,555,221861.25,233230777.65000015
2025-08-01 10:12:57 AM,399.75,6,2398.5,233233176.15000015
2025-08-01 10:13:00 AM,399.7,0,0.0,233233176.15000015
2025-08-01 10:13:03 AM,399.75,0,0.0,233233176.15000015
2025-08-01 10:13:03 AM,399.75,72,28782.0,233261958.15000015
2025-08-01 10:13:09 AM,399.7,18,7194.599999999999,233269152.75000015
2025-08-01 10:13:24 AM,399.5,0,0.0,233269152.75000015
2025-08-01 10:13:26 AM,399.7,187,74743.9,233343896.65000015
2025-08-01 10:13:27 AM,399.7,1,399.7,233344296.35000014
2025-08-01 10:13:30 AM,399.75,0,0.0,233344296.35000014
2025-08-01 10:13:32 AM,400.3,2196,879058.8,234223355.15000015
2025-08-01 10:13:33 AM,400.45,0,0.0,234223355.15000015
2025-08-01 10:13:33 AM,400.4,0,0.0,234223355.15000015
2025-08-01 10:13:33 AM,400.2,6277,2512055.4,236735410.55000016
2025-08-01 10:13:36 AM,400.3,0,0.0,236735410.55000016
2025-08-01 10:13:38 AM,400.45,4863,1947388.3499999999,238682798.90000015
2025-08-01 10:13:42 AM,400.65,0,0.0,238682798.90000015
2025-08-01 10:13:42 AM,400.75,0,0.0,238682798.90000015
2025-08-01 10:13:44 AM,400.75,489,195966.75,238878765.65000015
2025-08-01 10:13:45 AM,400.75,1,400.75,238879166.40000015
2025-08-01 10:13:50 AM,400.75,446,178734.5,239057900.90000015
2025-08-01 10:14:02 AM,400.75,285,114213.75,239172114.65000015
2025-08-01 10:14:13 AM,400.7,7,2804.9,239174919.55000016
2025-08-01 10:14:19 AM,400.7,28,11219.6,239186139.15000015
2025-08-01 10:14:24 AM,400.4,0,0.0,239186139.15000015
2025-08-01 10:14:25 AM,400.4,112,44844.799999999996,239230983.95000017
2025-08-01 10:14:30 AM,400.7,0,0.0,239230983.95000017
2025-08-01 10:14:30 AM,400.7,967,387476.89999999997,239618460.85000017
2025-08-01 10:14:32 AM,400.7,24,9616.8,239628077.65000018
2025-08-01 10:14:36 AM,400.7,22,8815.4,239636893.0500002
2025-08-01 10:14:38 AM,400.4,100,40040.0,239676933.0500002
2025-08-01 10:14:39 AM,400.7,0,0.0,239676933.0500002
2025-08-01 10:14:39 AM,400.65,0,0.0,239676933.0500002
2025-08-01 10:14:42 AM,400.7,32,12822.4,239689755.4500002
2025-08-01 10:14:43 AM,400.7,2,801.4,239690556.8500002
2025-08-01 10:14:54 AM,400.7,680,272476.0,239963032.8500002
2025-08-01 10:14:55 AM,400.7,38,15226.6,239978259.4500002
2025-08-01 10:14:59 AM,400.4,0,0.0,239978259.4500002
2025-08-01 10:15:00 AM,400.7,16,6411.2,239984670.65000018
2025-08-01 10:15:09 AM,400.6,0,0.0,239984670.65000018
2025-08-01 10:15:11 AM,400.7,30,12021.0,239996691.65000018
2025-08-01 10:15:12 AM,400.7,40,16028.0,240012719.65000018
2025-08-01 10:15:15 AM,400.75,0,0.0,240012719.65000018
2025-08-01 10:15:17 AM,400.45,711,284719.95,240297439.60000017
2025-08-01 10:15:18 AM,400.75,0,0.0,240297439.60000017
2025-08-01 10:15:18 AM,400.75,10,4007.5,240301447.10000017
2025-08-01 10:15:23 AM,400.75,83,33262.25,240334709.35000017
2025-08-01 10:15:24 AM,400.75,27,10820.25,240345529.60000017
2025-08-01 10:15:26 AM,400.7,0,0.0,240345529.60000017
2025-08-01 10:15:27 AM,400.75,0,0.0,240345529.60000017
2025-08-01 10:15:29 AM,400.75,58,23243.5,240368773.10000017
2025-08-01 10:15:35 AM,400.75,701,280925.75,240649698.85000017
2025-08-01 10:15:42 AM,400.75,211,84558.25,240734257.10000017
2025-08-01 10:15:47 AM,400.75,67,26850.25,240761107.35000017
2025-08-01 10:15:53 AM,400.45,82,32836.9,240793944.25000018
2025-08-01 10:16:02 AM,400.75,0,0.0,240793944.25000018
2025-08-01 10:16:05 AM,400.75,1119,448439.25,241242383.50000018
2025-08-01 10:16:10 AM,400.75,1,400.75,241242784.25000018
2025-08-01 10:16:17 AM,400.75,321,128640.75,241371425.00000018
2025-08-01 10:16:28 AM,400.75,601,240850.75,241612275.75000018
2025-08-01 10:16:32 AM,400.8,0,0.0,241612275.75000018
2025-08-01 10:16:34 AM,400.8,117,46893.6,241659169.35000017
2025-08-01 10:16:36 AM,401.3,0,0.0,241659169.35000017
2025-08-01 10:16:38 AM,401.5,0,0.0,241659169.35000017
2025-08-01 10:16:40 AM,401.55,8645,3471399.75,245130569.10000017
2025-08-01 10:16:40 AM,401.55,38,15258.9,245145828.00000018
2025-08-01 10:16:41 AM,401.75,0,0.0,245145828.00000018
2025-08-01 10:16:42 AM,401.9,0,0.0,245145828.00000018
2025-08-01 10:16:44 AM,402.0,0,0.0,245145828.00000018
2025-08-01 10:16:46 AM,402.0,1159,465918.0,245611746.00000018
2025-08-01 10:16:47 AM,401.95,0,0.0,245611746.00000018
2025-08-01 10:16:48 AM,401.5,0,0.0,245611746.00000018
2025-08-01 10:16:50 AM,402.0,0,0.0,245611746.00000018
2025-08-01 10:16:51 AM,401.95,0,0.0,245611746.00000018
2025-08-01 10:16:51 AM,401.95,2314,930112.2999999999,246541858.3000002
2025-08-01 10:16:54 AM,401.75,0,0.0,246541858.3000002
2025-08-01 10:16:56 AM,401.65,0,0.0,246541858.3000002
2025-08-01 10:16:57 AM,401.8,682,274027.60000000003,246815885.90000018
2025-08-01 10:17:02 AM,401.8,133,53439.4,246869325.3000002
2025-08-01 10:17:02 AM,401.8,400,160720.0,247030045.3000002
2025-08-01 10:17:05 AM,401.85,0,0.0,247030045.3000002
2025-08-01 10:17:06 AM,401.8,0,0.0,247030045.3000002
2025-08-01 10:17:08 AM,401.7,0,0.0,247030045.3000002
2025-08-01 10:17:08 AM,401.7,1666,669232.2,247699277.50000018
2025-08-01 10:17:08 AM,401.5,1,401.5,247699679.00000018
2025-08-01 10:17:11 AM,401.6,0,0.0,247699679.00000018
2025-08-01 10:17:13 AM,401.6,514,206422.40000000002,247906101.40000018
2025-08-01 10:17:14 AM,401.65,0,0.0,247906101.40000018
2025-08-01 10:17:14 AM,401.75,112,44996.0,247951097.40000018
2025-08-01 10:17:15 AM,401.6,0,0.0,247951097.40000018
2025-08-01 10:17:19 AM,401.6,124,49798.4,248000895.8000002
2025-08-01 10:17:24 AM,401.7,0,0.0,248000895.8000002
2025-08-01 10:17:25 AM,401.3,560,224728.0,248225623.8000002
2025-08-01 10:17:27 AM,401.6,0,0.0,248225623.8000002
2025-08-01 10:17:30 AM,401.25,0,0.0,248225623.8000002
2025-08-01 10:17:31 AM,401.2,1809,725770.7999999999,248951394.6000002
2025-08-01 10:17:36 AM,400.9,0,0.0,248951394.6000002
2025-08-01 10:17:37 AM,401.1,1979,793776.9,249745171.5000002
2025-08-01 10:17:38 AM,401.15,0,0.0,249745171.5000002
2025-08-01 10:17:43 AM,400.95,533,213706.35,249958877.8500002
2025-08-01 10:17:47 AM,400.9,0,0.0,249958877.8500002
2025-08-01 10:17:48 AM,400.85,0,0.0,249958877.8500002
2025-08-01 10:17:48 AM,400.8,1134,454507.2,250413385.0500002
2025-08-01 10:17:53 AM,400.45,0,0.0,250413385.0500002
2025-08-01 10:17:54 AM,400.7,0,0.0,250413385.0500002
2025-08-01 10:17:54 AM,400.7,291,116603.7,250529988.75000018
2025-08-01 10:17:57 AM,400.65,0,0.0,250529988.75000018
2025-08-01 10:17:59 AM,400.55,0,0.0,250529988.75000018
2025-08-01 10:18:00 AM,400.5,0,0.0,250529988.75000018
2025-08-01 10:18:00 AM,400.5,826,330813.0,250860801.75000018
2025-08-01 10:18:00 AM,400.5,4,1602.0,250862403.75000018
2025-08-01 10:18:05 AM,400.55,0,0.0,250862403.75000018
2025-08-01 10:18:06 AM,400.55,279,111753.45,250974157.20000017
2025-08-01 10:18:08 AM,400.2,0,0.0,250974157.20000017
2025-08-01 10:18:09 AM,400.6,0,0.0,250974157.20000017
2025-08-01 10:18:11 AM,400.65,0,0.0,250974157.20000017
2025-08-01 10:18:12 AM,400.65,839,336145.35,251310302.55000016
2025-08-01 10:18:20 AM,400.7,0,0.0,251310302.55000016
2025-08-01 10:18:23 AM,400.7,1113,445979.1,251756281.65000015
2025-08-01 10:18:24 AM,400.65,0,0.0,251756281.65000015
2025-08-01 10:18:29 AM,400.65,1,400.65,251756682.30000016
2025-08-01 10:18:30 AM,400.55,0,0.0,251756682.30000016
2025-08-01 10:18:32 AM,400.7,0,0.0,251756682.30000016
2025-08-01 10:18:35 AM,400.5,0,0.0,251756682.30000016
2025-08-01 10:18:35 AM,400.5,845,338422.5,252095104.80000016
2025-08-01 10:18:40 AM,400.15,0,0.0,252095104.80000016
2025-08-01 10:18:41 AM,400.45,467,187010.15,252282114.95000017
2025-08-01 10:18:52 AM,400.4,0,0.0,252282114.95000017
2025-08-01 10:18:52 AM,400.4,1,400.4,252282515.35000017
2025-08-01 10:19:00 AM,400.5,0,0.0,252282515.35000017
2025-08-01 10:19:03 AM,400.5,1124,450162.0,252732677.35000017
2025-08-01 10:19:03 AM,400.5,1,400.5,252733077.85000017
2025-08-01 10:19:07 AM,400.25,0,0.0,252733077.85000017
2025-08-01 10:19:09 AM,400.15,252,100837.79999999999,252833915.65000018
2025-08-01 10:19:10 AM,400.5,0,0.0,252833915.65000018
2025-08-01 10:19:13 AM,400.45,0,0.0,252833915.65000018
2025-08-01 10:19:15 AM,400.5,139,55669.5,252889585.15000018
2025-08-01 10:19:21 AM,400.6,400,160240.0,253049825.15000018
2025-08-01 10:19:27 AM,400.65,800,320520.0,253370345.15000018
2025-08-01 10:19:46 AM,400.35,0,0.0,253370345.15000018
2025-08-01 10:19:46 AM,400.65,0,0.0,253370345.15000018
2025-08-01 10:19:49 AM,400.5,0,0.0,253370345.15000018
2025-08-01 10:19:49 AM,400.5,886,354843.0,253725188.15000018
2025-08-01 10:19:52 AM,400.55,0,0.0,253725188.15000018
2025-08-01 10:19:55 AM,400.35,0,0.0,253725188.15000018
2025-08-01 10:19:55 AM,400.65,698,279653.7,254004841.85000017
2025-08-01 10:19:56 AM,400.65,40,16026.0,254020867.85000017
2025-08-01 10:19:58 AM,400.7,0,0.0,254020867.85000017
2025-08-01 10:20:00 AM,400.7,43,17230.1,254038097.95000017
2025-08-01 10:20:01 AM,400.7,4,1602.8,254039700.75000018
2025-08-01 10:20:05 AM,400.75,1108,444031.0,254483731.75000018
2025-08-01 10:20:07 AM,400.8,0,0.0,254483731.75000018
2025-08-01 10:20:07 AM,400.8,1,400.8,254484132.5500002
2025-08-01 10:20:10 AM,400.65,0,0.0,254484132.5500002
2025-08-01 10:20:11 AM,400.65,538,215549.69999999998,254699682.25000018
2025-08-01 10:20:22 AM,400.7,0,0.0,254699682.25000018
2025-08-01 10:20:23 AM,400.7,262,104983.4,254804665.65000018
2025-08-01 10:20:29 AM,400.7,20,8014.0,254812679.65000018
2025-08-01 10:20:30 AM,400.8,350,140280.0,254952959.65000018
2025-08-01 10:20:33 AM,400.6,0,0.0,254952959.65000018
2025-08-01 10:20:35 AM,400.55,1331,533132.05,255486091.7000002
2025-08-01 10:20:36 AM,400.4,0,0.0,255486091.7000002
2025-08-01 10:20:37 AM,400.4,1,400.4,255486492.1000002
2025-08-01 10:20:41 AM,400.65,55,22035.75,255508527.8500002
2025-08-01 10:20:47 AM,400.65,55,22035.75,255530563.6000002
2025-08-01 10:20:48 AM,400.4,0,0.0,255530563.6000002
2025-08-01 10:20:49 AM,400.4,1,400.4,255530964.0000002
2025-08-01 10:20:51 AM,400.65,0,0.0,255530964.0000002
2025-08-01 10:20:53 AM,400.65,889,356177.85,255887141.8500002
2025-08-01 10:21:03 AM,400.35,0,0.0,255887141.8500002
2025-08-01 10:21:04 AM,400.6,340,136204.0,256023345.8500002
2025-08-01 10:21:06 AM,400.6,15,6009.0,256029354.8500002
2025-08-01 10:21:11 AM,400.35,0,0.0,256029354.8500002
2025-08-01 10:21:12 AM,400.6,5,2003.0,256031357.8500002
2025-08-01 10:21:15 AM,400.65,0,0.0,256031357.8500002
2025-08-01 10:21:15 AM,400.65,111,44472.149999999994,256075830.0000002
2025-08-01 10:21:21 AM,400.5,0,0.0,256075830.0000002
2025-08-01 10:21:21 AM,400.4,37,14814.8,256090644.80000022
2025-08-01 10:21:23 AM,400.5,0,0.0,256090644.80000022
2025-08-01 10:21:23 AM,400.5,1,400.5,256091045.30000022
2025-08-01 10:21:34 AM,400.5,55,22027.5,256113072.80000022
2025-08-01 10:21:37 AM,400.5,17,6808.5,256119881.30000022
2025-08-01 10:21:51 AM,400.35,0,0.0,256119881.30000022
2025-08-01 10:21:54 AM,400.5,0,0.0,256119881.30000022
2025-08-01 10:21:54 AM,400.5,146,58473.0,256178354.30000022
2025-08-01 10:21:56 AM,400.5,1,400.5,256178754.80000022
2025-08-01 10:22:05 AM,400.5,51,20425.5,256199180.30000022
2025-08-01 10:22:07 AM,400.5,7,2803.5,256201983.80000022
2025-08-01 10:22:09 AM,400.35,0,0.0,256201983.80000022
2025-08-01 10:22:11 AM,400.35,18,7206.3,256209190.10000023
2025-08-01 10:22:13 AM,400.2,70,28014.0,256237204.10000023
2025-08-01 10:22:15 AM,400.35,0,0.0,256237204.10000023
2025-08-01 10:22:17 AM,400.3,452,180935.6,256418139.70000023
2025-08-01 10:22:19 AM,400.3,161,64448.3,256482588.00000024
2025-08-01 10:22:23 AM,400.3,1,400.3,256482988.30000025
2025-08-01 10:22:25 AM,400.3,11,4403.3,256487391.60000026
2025-08-01 10:22:45 AM,400.05,30,12001.5,256499393.10000026
2025-08-01 10:22:48 AM,400.3,0,0.0,256499393.10000026
2025-08-01 10:22:48 AM,400.3,3,1200.9,256500594.00000027
2025-08-01 10:22:56 AM,400.3,11,4403.3,256504997.30000028
2025-08-01 10:22:59 AM,400.3,11,4403.3,256509400.6000003
2025-08-01 10:23:07 AM,400.3,307,122892.1,256632292.7000003
2025-08-01 10:23:10 AM,400.3,34,13610.2,256645902.90000027
2025-08-01 10:23:25 AM,400.3,13,5203.900000000001,256651106.80000028
2025-08-01 10:23:27 AM,400.1,0,0.0,256651106.80000028
2025-08-01 10:23:28 AM,400.1,1,400.1,256651506.90000027
2025-08-01 10:23:29 AM,400.2,0,0.0,256651506.90000027
2025-08-01 10:23:30 AM,400.2,1111,444622.2,257096129.10000026
2025-08-01 10:23:32 AM,400.0,0,0.0,257096129.10000026
2025-08-01 10:23:33 AM,400.25,0,0.0,257096129.10000026
2025-08-01 10:23:33 AM,400.25,447,178911.75,257275040.85000026
2025-08-01 10:23:36 AM,400.25,1,400.25,257275441.10000026
2025-08-01 10:23:41 AM,400.25,110,44027.5,257319468.60000026
2025-08-01 10:23:45 AM,400.25,114,45628.5,257365097.10000026
2025-08-01 10:23:47 AM,400.25,8,3202.0,257368299.10000026
2025-08-01 10:23:50 AM,400.25,278,111269.5,257479568.60000026
2025-08-01 10:23:51 AM,400.0,0,0.0,257479568.60000026
2025-08-01 10:23:53 AM,400.25,44,17611.0,257497179.60000026
2025-08-01 10:23:56 AM,400.25,2,800.5,257497980.10000026
2025-08-01 10:24:01 AM,400.2,28,11205.6,257509185.70000026
2025-08-01 10:24:07 AM,400.2,451,180490.19999999998,257689675.90000024
2025-08-01 10:24:09 AM,400.2,3,1200.6,257690876.50000024
2025-08-01 10:24:13 AM,400.0,546,218400.0,257909276.50000024
2025-08-01 10:24:14 AM,400.25,0,0.0,257909276.50000024
2025-08-01 10:24:14 AM,400.3,55,22016.5,257931293.00000024
2025-08-01 10:24:18 AM,400.3,1,400.3,257931693.30000025
2025-08-01 10:24:20 AM,400.3,55,22016.5,257953709.80000025
2025-08-01 10:24:23 AM,399.9,0,0.0,257953709.80000025
2025-08-01 10:24:23 AM,400.25,1546,618786.5,258572496.30000025
2025-08-01 10:24:25 AM,400.4,2358,944143.2,259516639.50000024
2025-08-01 10:24:26 AM,400.65,0,0.0,259516639.50000024
2025-08-01 10:24:27 AM,400.85,0,0.0,259516639.50000024
2025-08-01 10:24:29 AM,400.9,0,0.0,259516639.50000024
2025-08-01 10:24:29 AM,400.9,187,74968.3,259591607.80000025
2025-08-01 10:24:31 AM,400.9,1,400.9,259592008.70000026
2025-08-01 10:24:35 AM,400.55,151,60483.05,259652491.75000027
2025-08-01 10:24:35 AM,400.9,0,0.0,259652491.75000027
2025-08-01 10:24:37 AM,400.9,17,6815.299999999999,259659307.05000028
2025-08-01 10:24:39 AM,400.95,0,0.0,259659307.05000028
2025-08-01 10:24:40 AM,400.9,0,0.0,259659307.05000028
2025-08-01 10:24:40 AM,400.9,110,44099.0,259703406.05000028
2025-08-01 10:24:42 AM,400.9,1,400.9,259703806.9500003
2025-08-01 10:24:45 AM,400.9,1,400.9,259704207.8500003
2025-08-01 10:24:50 AM,400.85,0,0.0,259704207.8500003
2025-08-01 10:24:51 AM,400.85,56,22447.600000000002,259726655.4500003
2025-08-01 10:24:52 AM,400.9,0,0.0,259726655.4500003
2025-08-01 10:24:53 AM,400.9,5,2004.5,259728659.9500003
2025-08-01 10:25:02 AM,400.9,55,22049.5,259750709.4500003
2025-08-01 10:25:04 AM,400.7,5,2003.5,259752712.9500003
2025-08-01 10:25:06 AM,400.9,0,0.0,259752712.9500003
2025-08-01 10:25:08 AM,400.9,2,801.8,259753514.7500003
2025-08-01 10:25:10 AM,400.95,110,44104.5,259797619.2500003
2025-08-01 10:25:14 AM,400.95,1,400.95,259798020.2000003
2025-08-01 10:25:16 AM,400.95,1,400.95,259798421.15000027
2025-08-01 10:25:18 AM,401.0,0,0.0,259798421.15000027
2025-08-01 10:25:20 AM,400.95,2220,890109.0,260688530.15000027
2025-08-01 10:25:22 AM,400.95,3,1202.85,260689733.00000027
2025-08-01 10:25:28 AM,400.7,50,20035.0,260709768.00000027
2025-08-01 10:25:30 AM,400.95,0,0.0,260709768.00000027
2025-08-01 10:25:31 AM,400.95,30,12028.5,260721796.50000027
2025-08-01 10:25:33 AM,400.95,20,8019.0,260729815.50000027
2025-08-01 10:25:36 AM,400.95,30,12028.5,260741844.00000027
2025-08-01 10:25:39 AM,401.0,0,0.0,260741844.00000027
2025-08-01 10:25:39 AM,401.0,17,6817.0,260748661.00000027
2025-08-01 10:25:42 AM,401.0,35,14035.0,260762696.00000027
2025-08-01 10:25:44 AM,400.7,30,12021.0,260774717.00000027
2025-08-01 10:25:45 AM,400.95,0,0.0,260774717.00000027
2025-08-01 10:25:48 AM,400.95,5,2004.75,260776721.75000027
2025-08-01 10:25:50 AM,401.0,64,25664.0,260802385.75000027
2025-08-01 10:25:53 AM,401.0,88,35288.0,260837673.75000027
2025-08-01 10:25:55 AM,401.0,112,44912.0,260882585.75000027
2025-08-01 10:25:58 AM,400.65,0,0.0,260882585.75000027
2025-08-01 10:25:58 AM,400.9,111,44499.899999999994,260927085.65000027
2025-08-01 10:26:00 AM,400.9,1,400.9,260927486.55000028
2025-08-01 10:26:03 AM,400.55,0,0.0,260927486.55000028
2025-08-01 10:26:04 AM,400.55,19,7610.45,260935097.00000027
2025-08-01 10:26:06 AM,400.8,0,0.0,260935097.00000027
2025-08-01 10:26:06 AM,400.8,50,20040.0,260955137.00000027
2025-08-01 10:26:07 AM,400.9,0,0.0,260955137.00000027
2025-08-01 10:26:09 AM,400.9,6,2405.3999999999996,260957542.40000027
2025-08-01 10:26:15 AM,400.9,73,29265.699999999997,260986808.10000026
2025-08-01 10:26:21 AM,400.9,278,111450.2,261098258.30000025
2025-08-01 10:26:27 AM,400.9,20,8018.0,261106276.30000025
2025-08-01 10:26:29 AM,400.9,2,801.8,261107078.10000026
2025-08-01 10:26:32 AM,400.95,66,26462.7,261133540.80000025
2025-08-01 10:26:35 AM,400.95,1,400.95,261133941.75000024
2025-08-01 10:26:58 AM,400.85,0,0.0,261133941.75000024
2025-08-01 10:26:58 AM,400.85,1,400.85,261134342.60000023
2025-08-01 10:27:07 AM,400.85,115,46097.75,261180440.35000023
2025-08-01 10:27:09 AM,400.85,13,5211.05,261185651.40000024
2025-08-01 10:27:15 AM,400.9,0,0.0,261185651.40000024
2025-08-01 10:27:15 AM,400.9,370,148333.0,261333984.40000024
2025-08-01 10:27:26 AM,400.85,20,8017.0,261342001.40000024
2025-08-01 10:27:28 AM,400.85,2,801.7,261342803.10000023
2025-08-01 10:27:32 AM,400.9,10,4009.0,261346812.10000023
2025-08-01 10:27:34 AM,400.9,1,400.9,261347213.00000024
2025-08-01 10:27:36 AM,400.85,0,0.0,261347213.00000024
2025-08-01 10:27:37 AM,400.85,20,8017.0,261355230.00000024
2025-08-01 10:27:40 AM,400.85,1,400.85,261355630.85000023
2025-08-01 10:27:48 AM,400.85,56,22447.600000000002,261378078.45000023
2025-08-01 10:27:51 AM,400.55,13,5207.150000000001,261383285.60000023
2025-08-01 10:27:54 AM,400.85,9,3607.65,261386893.25000024
2025-08-01 10:27:56 AM,400.85,6,2405.1000000000004,261389298.35000023
2025-08-01 10:28:03 AM,400.8,0,0.0,261389298.35000023
2025-08-01 10:28:04 AM,400.85,0,0.0,261389298.35000023
2025-08-01 10:28:04 AM,400.85,123,49304.55,261438602.90000024
2025-08-01 10:28:06 AM,400.8,0,0.0,261438602.90000024
2025-08-01 10:28:07 AM,400.8,45,18036.0,261456638.90000024
2025-08-01 10:28:20 AM,400.75,0,0.0,261456638.90000024
2025-08-01 10:28:20 AM,400.75,88,35266.0,261491904.90000024
2025-08-01 10:28:23 AM,400.75,1,400.75,261492305.65000024
2025-08-01 10:28:34 AM,400.75,6,2404.5,261494710.15000024
2025-08-01 10:28:37 AM,400.2,0,0.0,261494710.15000024
2025-08-01 10:28:37 AM,400.45,2063,826128.35,262320838.50000024
2025-08-01 10:28:40 AM,400.65,0,0.0,262320838.50000024
2025-08-01 10:28:40 AM,400.65,205,82133.25,262402971.75000024
2025-08-01 10:28:40 AM,400.7,0,0.0,262402971.75000024
2025-08-01 10:28:42 AM,400.65,0,0.0,262402971.75000024
2025-08-01 10:28:43 AM,400.65,27,10817.55,262413789.30000025
2025-08-01 10:28:51 AM,400.65,197,78928.04999999999,262492717.35000026
2025-08-01 10:29:05 AM,400.65,3,1201.9499999999998,262493919.30000025
2025-08-01 10:29:08 AM,400.35,0,0.0,262493919.30000025
2025-08-01 10:29:08 AM,400.35,2,800.7,262494720.00000024
2025-08-01 10:29:10 AM,400.6,0,0.0,262494720.00000024
2025-08-01 10:29:10 AM,400.6,1,400.6,262495120.60000023
2025-08-01 10:29:14 AM,400.35,5,2001.75,262497122.35000023
2025-08-01 10:29:46 AM,400.35,25,10008.75,262507131.10000023
2025-08-01 10:29:48 AM,400.5,0,0.0,262507131.10000023
2025-08-01 10:29:49 AM,400.5,3,1201.5,262508332.60000023
2025-08-01 10:29:52 AM,400.35,15,6005.25,262514337.85000023
2025-08-01 10:29:53 AM,400.5,0,0.0,262514337.85000023
2025-08-01 10:29:54 AM,400.1,0,0.0,262514337.85000023
2025-08-01 10:29:55 AM,400.45,1657,663545.65,263177883.50000024
2025-08-01 10:29:58 AM,400.45,11,4404.95,263182288.45000023
2025-08-01 10:30:03 AM,400.35,0,0.0,263182288.45000023
2025-08-01 10:30:03 AM,400.4,143,57257.2,263239545.6500002
2025-08-01 10:30:06 AM,400.35,17,6805.950000000001,263246351.6000002
2025-08-01 10:30:21 AM,400.35,55,22019.25,263268370.8500002
2025-08-01 10:30:23 AM,400.35,1,400.35,263268771.2000002
2025-08-01 10:30:29 AM,400.45,0,0.0,263268771.2000002
2025-08-01 10:30:29 AM,400.45,668,267500.6,263536271.8000002
2025-08-01 10:30:32 AM,400.5,0,0.0,263536271.8000002
2025-08-01 10:30:32 AM,400.5,1,400.5,263536672.3000002
2025-08-01 10:30:35 AM,400.5,12,4806.0,263541478.3000002
2025-08-01 10:30:38 AM,400.5,1,400.5,263541878.8000002
2025-08-01 10:30:41 AM,400.5,1,400.5,263542279.3000002
2025-08-01 10:30:52 AM,400.35,1023,409558.05000000005,263951837.3500002
2025-08-01 10:30:53 AM,400.5,0,0.0,263951837.3500002
2025-08-01 10:30:54 AM,400.5,94,37647.0,263989484.3500002
2025-08-01 10:30:58 AM,400.5,1,400.5,263989884.8500002
2025-08-01 10:31:03 AM,400.4,0,0.0,263989884.8500002
2025-08-01 10:31:04 AM,400.05,629,251631.45,264241516.3000002
2025-08-01 10:31:06 AM,400.5,0,0.0,264241516.3000002
2025-08-01 10:31:06 AM,400.35,817,327085.95,264568602.25000018
2025-08-01 10:31:09 AM,400.5,0,0.0,264568602.25000018
2025-08-01 10:31:10 AM,400.5,84,33642.0,264602244.25000018
2025-08-01 10:31:17 AM,400.2,0,0.0,264602244.25000018
2025-08-01 10:31:18 AM,400.5,62,24831.0,264627075.25000018
2025-08-01 10:31:21 AM,400.5,6,2403.0,264629478.25000018
2025-08-01 10:31:26 AM,400.5,13,5206.5,264634684.75000018
2025-08-01 10:31:32 AM,400.5,10,4005.0,264638689.75000018
2025-08-01 10:31:37 AM,400.5,3,1201.5,264639891.25000018
2025-08-01 10:31:43 AM,400.5,103,41251.5,264681142.75000018
2025-08-01 10:31:48 AM,400.5,1,400.5,264681543.25000018
2025-08-01 10:31:58 AM,400.45,0,0.0,264681543.25000018
2025-08-01 10:31:58 AM,400.45,16,6407.2,264687950.45000017
2025-08-01 10:32:14 AM,400.15,65,26009.75,264713960.20000017
2025-08-01 10:32:16 AM,400.45,0,0.0,264713960.20000017
2025-08-01 10:32:18 AM,400.45,8,3203.6,264717163.80000016
2025-08-01 10:32:24 AM,400.4,0,0.0,264717163.80000016
2025-08-01 10:32:24 AM,400.4,10,4004.0,264721167.80000016
2025-08-01 10:32:31 AM,400.4,6,2402.3999999999996,264723570.20000017
2025-08-01 10:32:34 AM,400.45,10,4004.5,264727574.70000017
2025-08-01 10:32:36 AM,400.2,0,0.0,264727574.70000017
2025-08-01 10:32:37 AM,400.6,992,397395.2,265124969.90000015
2025-08-01 10:32:40 AM,400.6,9,3605.4,265128575.30000016
2025-08-01 10:32:43 AM,400.8,40,16032.0,265144607.30000016
2025-08-01 10:32:49 AM,400.8,25,10020.0,265154627.30000016
2025-08-01 10:32:55 AM,400.8,28,11222.4,265165849.70000017
2025-08-01 10:32:57 AM,400.85,0,0.0,265165849.70000017
2025-08-01 10:32:57 AM,400.85,1110,444943.5,265610793.20000017
2025-08-01 10:33:00 AM,400.85,1,400.85,265611194.05000016
2025-08-01 10:33:18 AM,400.5,0,0.0,265611194.05000016
2025-08-01 10:33:19 AM,400.85,135,54114.75,265665308.80000016
2025-08-01 10:33:25 AM,400.5,10,4005.0,265669313.80000016
2025-08-01 10:33:27 AM,400.85,0,0.0,265669313.80000016
2025-08-01 10:33:28 AM,400.5,50,20025.0,265689338.80000016
2025-08-01 10:33:30 AM,400.85,0,0.0,265689338.80000016
2025-08-01 10:33:30 AM,400.85,4,1603.4,265690942.20000017
2025-08-01 10:33:45 AM,400.85,209,83777.65000000001,265774719.85000017
2025-08-01 10:33:47 AM,400.85,2,801.7,265775521.55000016
2025-08-01 10:33:50 AM,400.85,222,88988.70000000001,265864510.25000015
2025-08-01 10:34:21 AM,400.75,1417,567862.75,266432373.00000015
2025-08-01 10:34:22 AM,400.85,0,0.0,266432373.00000015
2025-08-01 10:34:25 AM,400.85,131,52511.350000000006,266484884.35000014
2025-08-01 10:34:26 AM,400.6,12,4807.200000000001,266489691.55000013
2025-08-01 10:34:27 AM,400.85,0,0.0,266489691.55000013
2025-08-01 10:34:30 AM,400.85,1,400.85,266490092.40000013
2025-08-01 10:34:41 AM,400.9,110,44099.0,266534191.40000013
2025-08-01 10:34:43 AM,400.85,0,0.0,266534191.40000013
2025-08-01 10:34:43 AM,400.85,38,15232.300000000001,266549423.70000014
2025-08-01 10:34:47 AM,400.9,17,6815.299999999999,266556239.00000015
2025-08-01 10:34:49 AM,400.6,0,0.0,266556239.00000015
2025-08-01 10:34:49 AM,400.9,0,0.0,266556239.00000015
2025-08-01 10:34:49 AM,400.9,55,22049.5,266578288.50000015
2025-08-01 10:34:55 AM,400.85,0,0.0,266578288.50000015
2025-08-01 10:34:55 AM,400.85,56,22447.600000000002,266600736.10000014
2025-08-01 10:35:10 AM,400.6,0,0.0,266600736.10000014
2025-08-01 10:35:10 AM,400.6,1,400.6,266601136.70000014
2025-08-01 10:35:16 AM,400.85,0,0.0,266601136.70000014
2025-08-01 10:35:16 AM,400.85,55,22046.75,266623183.45000014
2025-08-01 10:35:33 AM,400.9,0,0.0,266623183.45000014
2025-08-01 10:35:35 AM,400.9,111,44499.899999999994,266667683.35000014
2025-08-01 10:35:38 AM,400.8,317,127053.6,266794736.95000014
2025-08-01 10:35:44 AM,400.8,11,4408.8,266799145.75000015
2025-08-01 10:35:48 AM,400.85,0,0.0,266799145.75000015
2025-08-01 10:35:49 AM,400.85,380,152323.0,266951468.75000015
2025-08-01 10:35:59 AM,400.8,0,0.0,266951468.75000015
2025-08-01 10:36:01 AM,400.8,56,22444.8,266973913.55000016
2025-08-01 10:36:03 AM,400.35,0,0.0,266973913.55000016
2025-08-01 10:36:03 AM,400.35,1265,506442.75,267480356.30000016
2025-08-01 10:36:05 AM,400.4,0,0.0,267480356.30000016
2025-08-01 10:36:06 AM,400.4,35,14014.0,267494370.30000016
2025-08-01 10:36:14 AM,400.0,0,0.0,267494370.30000016
2025-08-01 10:36:14 AM,400.0,1202,480800.0,267975170.30000016
2025-08-01 10:36:17 AM,400.45,0,0.0,267975170.30000016
2025-08-01 10:36:17 AM,400.45,250,100112.5,268075282.80000016
2025-08-01 10:36:18 AM,400.5,0,0.0,268075282.80000016
2025-08-01 10:36:20 AM,400.4,0,0.0,268075282.80000016
2025-08-01 10:36:20 AM,400.4,1656,663062.3999999999,268738345.20000017
2025-08-01 10:36:21 AM,400.3,0,0.0,268738345.20000017
2025-08-01 10:36:23 AM,400.3,83,33224.9,268771570.10000014
2025-08-01 10:36:28 AM,400.0,83,33200.0,268804770.10000014
2025-08-01 10:36:29 AM,400.3,0,0.0,268804770.10000014
2025-08-01 10:36:31 AM,400.3,6,2401.8,268807171.90000015
2025-08-01 10:36:36 AM,400.0,0,0.0,268807171.90000015
2025-08-01 10:36:36 AM,400.0,200,80000.0,268887171.90000015
2025-08-01 10:36:37 AM,400.3,0,0.0,268887171.90000015
2025-08-01 10:36:39 AM,400.3,22,8806.6,268895978.5000002
2025-08-01 10:36:44 AM,400.5,0,0.0,268895978.5000002
2025-08-01 10:36:45 AM,400.5,86,34443.0,268930421.5000002
2025-08-01 10:36:46 AM,400.4,0,0.0,268930421.5000002
2025-08-01 10:36:47 AM,400.4,55,22022.0,268952443.5000002
2025-08-01 10:36:53 AM,399.85,0,0.0,268952443.5000002
2025-08-01 10:36:55 AM,400.45,0,0.0,268952443.5000002
2025-08-01 10:36:56 AM,400.45,2222,889799.9,269842243.40000015
2025-08-01 10:37:01 AM,400.15,1011,404551.64999999997,270246795.05000013
2025-08-01 10:37:03 AM,400.5,111,44455.5,270291250.55000013
2025-08-01 10:37:07 AM,400.5,2,801.0,270292051.55000013
2025-08-01 10:37:09 AM,400.15,150,60022.5,270352074.05000013
2025-08-01 10:37:10 AM,400.5,0,0.0,270352074.05000013
2025-08-01 10:37:12 AM,400.5,16,6408.0,270358482.05000013
2025-08-01 10:37:16 AM,400.4,0,0.0,270358482.05000013
2025-08-01 10:37:18 AM,400.4,1,400.4,270358882.4500001
2025-08-01 10:37:23 AM,400.05,0,0.0,270358882.4500001
2025-08-01 10:37:23 AM,400.4,28,11211.199999999999,270370093.6500001
2025-08-01 10:37:52 AM,400.15,0,0.0,270370093.6500001
2025-08-01 10:37:54 AM,400.15,133,53219.95,270423313.6000001
2025-08-01 10:37:57 AM,400.15,1,400.15,270423713.75000006
2025-08-01 10:38:14 AM,400.1,0,0.0,270423713.75000006
2025-08-01 10:38:15 AM,400.1,5,2000.5,270425714.25000006
2025-08-01 10:38:24 AM,400.1,8,3200.8,270428915.0500001
2025-08-01 10:38:33 AM,400.1,100,40010.0,270468925.0500001
2025-08-01 10:38:36 AM,400.1,146,58414.600000000006,270527339.6500001
2025-08-01 10:38:42 AM,400.1,334,133633.4,270660973.0500001
2025-08-01 10:38:45 AM,400.1,8,3200.8,270664173.8500001
2025-08-01 10:38:48 AM,400.1,1,400.1,270664573.9500001
2025-08-01 10:39:03 AM,400.05,0,0.0,270664573.9500001
2025-08-01 10:39:04 AM,400.05,1,400.05,270664974.0000001
2025-08-01 10:39:13 AM,400.05,1,400.05,270665374.05000013
2025-08-01 10:39:18 AM,400.1,0,0.0,270665374.05000013
2025-08-01 10:39:18 AM,400.1,222,88822.20000000001,270754196.2500001
2025-08-01 10:39:30 AM,400.1,165,66016.5,270820212.7500001
2025-08-01 10:39:31 AM,400.0,0,0.0,270820212.7500001
2025-08-01 10:39:32 AM,400.1,30,12003.0,270832215.7500001
2025-08-01 10:39:38 AM,400.0,2,800.0,270833015.7500001
2025-08-01 10:39:57 AM,400.05,0,0.0,270833015.7500001
2025-08-01 10:39:57 AM,400.05,11,4400.55,270837416.30000013
2025-08-01 10:40:03 AM,400.05,20,8001.0,270845417.30000013
2025-08-01 10:40:25 AM,400.05,12,4800.6,270850217.90000015
2025-08-01 10:40:27 AM,400.0,0,0.0,270850217.90000015
2025-08-01 10:40:28 AM,400.05,165,66008.25,270916226.15000015
2025-08-01 10:40:29 AM,400.0,0,0.0,270916226.15000015
2025-08-01 10:40:29 AM,400.05,0,0.0,270916226.15000015
2025-08-01 10:40:30 AM,400.05,57,22802.850000000002,270939029.0000002
2025-08-01 10:40:31 AM,400.0,0,0.0,270939029.0000002
2025-08-01 10:40:33 AM,400.05,0,0.0,270939029.0000002
2025-08-01 10:40:33 AM,400.05,111,44405.55,270983434.5500002
2025-08-01 10:40:36 AM,400.05,2,800.1,270984234.6500002
2025-08-01 10:40:42 AM,400.05,1,400.05,270984634.7000002
2025-08-01 10:41:06 AM,400.05,11,4400.55,270989035.25000024
2025-08-01 10:41:12 AM,400.05,15,6000.75,270995036.00000024
2025-08-01 10:41:17 AM,400.0,0,0.0,270995036.00000024
2025-08-01 10:41:17 AM,400.05,28,11201.4,271006237.4000002
2025-08-01 10:41:21 AM,400.05,45,18002.25,271024239.6500002
2025-08-01 10:41:24 AM,400.0,0,0.0,271024239.6500002
2025-08-01 10:41:25 AM,400.05,0,0.0,271024239.6500002
2025-08-01 10:41:27 AM,400.05,17,6800.85,271031040.50000024
2025-08-01 10:41:38 AM,400.05,14,5600.7,271036641.2000002
2025-08-01 10:41:44 AM,400.05,699,279634.95,271316276.1500002
2025-08-01 10:41:45 AM,400.05,7,2800.35,271319076.50000024
2025-08-01 10:41:54 AM,400.3,3191,1277357.3,272596433.80000025
2025-08-01 10:41:55 AM,400.35,0,0.0,272596433.80000025
2025-08-01 10:41:55 AM,400.35,24,9608.400000000001,272606042.2000002
2025-08-01 10:42:00 AM,400.35,160,64056.0,272670098.2000002
2025-08-01 10:42:16 AM,400.35,287,114900.45000000001,272784998.6500002
2025-08-01 10:42:23 AM,400.2,0,0.0,272784998.6500002
2025-08-01 10:42:23 AM,400.35,0,0.0,272784998.6500002
2025-08-01 10:42:24 AM,400.35,47,18816.45,272803815.1000002
2025-08-01 10:42:27 AM,400.35,28,11209.800000000001,272815024.9000002
2025-08-01 10:42:31 AM,400.2,0,0.0,272815024.9000002
2025-08-01 10:42:33 AM,400.35,0,0.0,272815024.9000002
2025-08-01 10:42:33 AM,400.35,22,8807.7,272823832.6000002
2025-08-01 10:42:49 AM,400.2,50,20010.0,272843842.6000002
2025-08-01 10:42:51 AM,400.35,0,0.0,272843842.6000002
2025-08-01 10:42:52 AM,400.35,11,4403.85,272848246.4500002
2025-08-01 10:43:01 AM,400.35,294,117702.90000000001,272965949.3500002
2025-08-01 10:43:06 AM,400.35,174,69660.90000000001,273035610.2500002
2025-08-01 10:43:10 AM,400.15,0,0.0,273035610.2500002
2025-08-01 10:43:12 AM,400.05,556,222427.80000000002,273258038.0500002
2025-08-01 10:43:13 AM,400.35,1,400.35,273258438.4000002
2025-08-01 10:43:28 AM,400.05,1,400.05,273258838.4500002
2025-08-01 10:43:32 AM,400.35,0,0.0,273258838.4500002
2025-08-01 10:43:33 AM,400.35,11,4403.85,273263242.30000025
2025-08-01 10:43:35 AM,400.35,1,400.35,273263642.6500003
2025-08-01 10:43:51 AM,400.35,100,40035.0,273303677.6500003
2025-08-01 10:43:54 AM,400.35,11,4403.85,273308081.5000003
2025-08-01 10:43:56 AM,400.35,2,800.7,273308882.2000003
2025-08-01 10:43:59 AM,400.35,1,400.35,273309282.5500003
2025-08-01 10:44:00 AM,400.05,0,0.0,273309282.5500003
2025-08-01 10:44:01 AM,400.35,11,4403.85,273313686.40000033
2025-08-01 10:44:12 AM,400.35,55,22019.25,273335705.65000033
2025-08-01 10:44:21 AM,400.35,2209,884373.15,274220078.8000003
2025-08-01 10:44:22 AM,400.3,0,0.0,274220078.8000003
2025-08-01 10:44:23 AM,400.3,17,6805.1,274226883.90000033
2025-08-01 10:44:30 AM,400.35,0,0.0,274226883.90000033
2025-08-01 10:44:31 AM,400.4,181,72472.4,274299356.3000003
2025-08-01 10:44:34 AM,400.4,20,8008.0,274307364.3000003
2025-08-01 10:44:39 AM,400.05,0,0.0,274307364.3000003
2025-08-01 10:44:39 AM,400.35,330,132115.5,274439479.8000003
2025-08-01 10:44:40 AM,400.4,0,0.0,274439479.8000003
2025-08-01 10:44:42 AM,400.4,3,1201.1999999999998,274440681.0000003
2025-08-01 10:44:44 AM,400.1,0,0.0,274440681.0000003
2025-08-01 10:44:45 AM,400.4,0,0.0,274440681.0000003
2025-08-01 10:44:45 AM,400.4,220,88088.0,274528769.0000003
2025-08-01 10:44:46 AM,400.45,0,0.0,274528769.0000003
2025-08-01 10:44:47 AM,400.2,0,0.0,274528769.0000003
2025-08-01 10:44:48 AM,400.45,57,22825.649999999998,274551594.6500003
2025-08-01 10:44:50 AM,400.2,0,0.0,274551594.6500003
2025-08-01 10:44:50 AM,400.45,199,79689.55,274631284.2000003
2025-08-01 10:44:53 AM,400.45,2,800.9,274632085.10000026
2025-08-01 10:45:01 AM,400.45,100,40045.0,274672130.10000026
2025-08-01 10:45:02 AM,400.5,0,0.0,274672130.10000026
2025-08-01 10:45:04 AM,400.5,11,4405.5,274676535.60000026
2025-08-01 10:45:22 AM,400.4,0,0.0,274676535.60000026
2025-08-01 10:45:23 AM,400.4,366,146546.4,274823082.00000024
2025-08-01 10:45:26 AM,400.4,1,400.4,274823482.4000002
2025-08-01 10:45:27 AM,400.45,0,0.0,274823482.4000002
2025-08-01 10:45:29 AM,400.45,12,4805.4,274828287.8000002
2025-08-01 10:45:31 AM,400.45,56,22425.2,274850713.0000002
2025-08-01 10:45:38 AM,400.4,0,0.0,274850713.0000002
2025-08-01 10:45:39 AM,400.6,0,0.0,274850713.0000002
2025-08-01 10:45:39 AM,400.65,1050,420682.5,275271395.5000002
2025-08-01 10:45:42 AM,400.65,88,35257.2,275306652.70000017
2025-08-01 10:45:53 AM,400.5,0,0.0,275306652.70000017
2025-08-01 10:45:53 AM,400.5,166,66483.0,275373135.70000017
2025-08-01 10:45:54 AM,400.4,0,0.0,275373135.70000017
2025-08-01 10:45:55 AM,400.4,14,5605.599999999999,275378741.3000002
2025-08-01 10:46:02 AM,400.45,0,0.0,275378741.3000002
2025-08-01 10:46:03 AM,400.5,0,0.0,275378741.3000002
2025-08-01 10:46:04 AM,400.5,39,15619.5,275394360.8000002
2025-08-01 10:46:06 AM,400.45,1,400.45,275394761.2500002
2025-08-01 10:46:11 AM,400.5,0,0.0,275394761.2500002
2025-08-01 10:46:12 AM,400.5,4,1602.0,275396363.2500002
2025-08-01 10:46:14 AM,400.1,0,0.0,275396363.2500002
2025-08-01 10:46:15 AM,400.35,0,0.0,275396363.2500002
2025-08-01 10:46:16 AM,400.0,440,176000.0,275572363.2500002
2025-08-01 10:46:17 AM,400.35,0,0.0,275572363.2500002
2025-08-01 10:46:18 AM,400.35,10,4003.5,275576366.7500002
2025-08-01 10:46:20 AM,400.25,0,0.0,275576366.7500002
2025-08-01 10:46:21 AM,400.25,494,197723.5,275774090.2500002
2025-08-01 10:46:30 AM,400.2,0,0.0,275774090.2500002
