date,price,qty,trnvr,cum_trnvr
2025-08-01 09:15:07 AM,267.8,679,181836.2,181836.2
2025-08-01 09:15:09 AM,268.15,55,14748.249999999998,196584.45
2025-08-01 09:15:15 AM,268.25,0,0.0,196584.45
2025-08-01 09:15:18 AM,268.25,30,8047.5,204631.95
2025-08-01 09:15:24 AM,268.4,0,0.0,204631.95
2025-08-01 09:15:28 AM,268.4,55,14761.999999999998,219393.95
2025-08-01 09:15:29 AM,268.4,374,100381.59999999999,319775.55
2025-08-01 09:15:38 AM,268.3,6,1609.8000000000002,321385.35
2025-08-01 09:15:51 AM,267.7,0,0.0,321385.35
2025-08-01 09:15:53 AM,267.7,413,110560.09999999999,431945.44999999995
2025-08-01 09:16:03 AM,267.0,1579,421593.0,853538.45
2025-08-01 09:16:09 AM,267.4,875,233974.99999999997,1087513.45
2025-08-01 09:16:12 AM,267.25,0,0.0,1087513.45
2025-08-01 09:16:17 AM,266.75,415,110701.25,1198214.7
2025-08-01 09:16:23 AM,266.85,0,0.0,1198214.7
2025-08-01 09:16:25 AM,266.85,16,4269.6,1202484.3
2025-08-01 09:16:27 AM,266.95,5,1334.75,1203819.05
2025-08-01 09:16:31 AM,267.0,0,0.0,1203819.05
2025-08-01 09:16:34 AM,267.0,100,26700.0,1230519.05
2025-08-01 09:16:40 AM,266.7,0,0.0,1230519.05
2025-08-01 09:16:42 AM,266.7,20,5334.0,1235853.05
2025-08-01 09:17:18 AM,266.95,0,0.0,1235853.05
2025-08-01 09:17:23 AM,267.0,116,30972.0,1266825.05
2025-08-01 09:18:00 AM,267.65,0,0.0,1266825.05
2025-08-01 09:18:02 AM,267.7,0,0.0,1266825.05
2025-08-01 09:18:04 AM,267.7,285,76294.5,1343119.55
2025-08-01 09:18:21 AM,267.95,190,50910.5,1394030.05
2025-08-01 09:18:26 AM,268.45,0,0.0,1394030.05
2025-08-01 09:18:29 AM,268.45,52,13959.4,1407989.45
2025-08-01 09:18:34 AM,268.2,0,0.0,1407989.45
2025-08-01 09:18:37 AM,268.2,2,536.4,1408525.8499999999
2025-08-01 09:18:42 AM,268.4,0,0.0,1408525.8499999999
2025-08-01 09:18:46 AM,268.4,101,27108.399999999998,1435634.2499999998
2025-08-01 09:19:03 AM,268.1,688,184452.80000000002,1620087.0499999998
2025-08-01 09:19:06 AM,268.6,0,0.0,1620087.0499999998
2025-08-01 09:19:10 AM,268.6,250,67150.0,1687237.0499999998
2025-08-01 09:19:11 AM,268.55,60,16113.0,1703350.0499999998
2025-08-01 09:19:21 AM,268.6,0,0.0,1703350.0499999998
2025-08-01 09:19:26 AM,268.25,224,60088.0,1763438.0499999998
2025-08-01 09:19:42 AM,268.75,1867,501756.25,2265194.3
2025-08-01 09:20:08 AM,269.1,16,4305.6,2269499.9
2025-08-01 09:20:19 AM,268.6,0,0.0,2269499.9
2025-08-01 09:20:22 AM,268.6,170,45662.00000000001,2315161.9
2025-08-01 09:20:24 AM,268.35,63,16906.050000000003,2332067.9499999997
2025-08-01 09:20:30 AM,268.55,200,53710.0,2385777.9499999997
2025-08-01 09:20:31 AM,268.6,50,13430.000000000002,2399207.9499999997
2025-08-01 09:20:38 AM,268.05,500,134025.0,2533232.9499999997
2025-08-01 09:20:47 AM,268.45,1,268.45,2533501.4
2025-08-01 09:21:19 AM,268.5,0,0.0,2533501.4
2025-08-01 09:21:25 AM,268.5,37,9934.5,2543435.9
2025-08-01 09:21:33 AM,268.5,48,12888.0,2556323.9
2025-08-01 09:21:55 AM,268.5,7,1879.5,2558203.4
2025-08-01 09:22:19 AM,268.7,0,0.0,2558203.4
2025-08-01 09:22:20 AM,268.7,5,1343.5,2559546.9
2025-08-01 09:22:33 AM,268.65,70,18805.5,2578352.4
2025-08-01 09:22:47 AM,268.25,0,0.0,2578352.4
2025-08-01 09:22:49 AM,268.25,50,13412.5,2591764.9
2025-08-01 09:23:04 AM,268.65,50,13432.499999999998,2605197.4
2025-08-01 09:23:34 AM,268.65,65,17462.25,2622659.65
2025-08-01 09:23:44 AM,268.65,16,4298.4,2626958.05
2025-08-01 09:23:53 AM,268.8,0,0.0,2626958.05
2025-08-01 09:23:57 AM,268.8,200,53760.0,2680718.05
2025-08-01 09:24:57 AM,268.35,0,0.0,2680718.05
2025-08-01 09:24:58 AM,268.35,86,23078.100000000002,2703796.15
2025-08-01 09:25:04 AM,268.6,0,0.0,2703796.15
2025-08-01 09:25:05 AM,268.6,200,53720.00000000001,2757516.15
2025-08-01 09:25:07 AM,268.0,349,93532.0,2851048.15
2025-08-01 09:25:17 AM,268.2,0,0.0,2851048.15
2025-08-01 09:25:20 AM,268.2,74,19846.8,2870894.9499999997
2025-08-01 09:26:05 AM,268.45,3,805.3499999999999,2871700.3
2025-08-01 09:26:13 AM,268.45,20,5369.0,2877069.3
2025-08-01 09:26:36 AM,268.45,37,9932.65,2887001.9499999997
2025-08-01 09:26:38 AM,268.6,2,537.2,2887539.15
2025-08-01 09:26:45 AM,268.35,0,0.0,2887539.15
2025-08-01 09:26:45 AM,268.35,123,33007.05,2920546.1999999997
2025-08-01 09:27:21 AM,268.35,7,1878.4500000000003,2922424.65
2025-08-01 09:27:51 AM,268.3,50,13415.0,2935839.65
2025-08-01 09:27:59 AM,268.6,4,1074.4,2936914.05
2025-08-01 09:28:05 AM,268.25,0,0.0,2936914.05
2025-08-01 09:28:07 AM,268.25,7,1877.75,2938791.8
2025-08-01 09:28:39 AM,268.6,100,26860.000000000004,2965651.8
2025-08-01 09:28:53 AM,268.75,100,26875.0,2992526.8
2025-08-01 09:29:00 AM,268.75,4,1075.0,2993601.8
2025-08-01 09:29:16 AM,268.75,91,24456.25,3018058.05
2025-08-01 09:29:45 AM,268.75,200,53750.0,3071808.05
2025-08-01 09:29:53 AM,268.6,7,1880.2000000000003,3073688.25
2025-08-01 09:29:54 AM,268.75,130,34937.5,3108625.75
2025-08-01 09:30:16 AM,268.8,1,268.8,3108894.55
2025-08-01 09:30:20 AM,268.65,0,0.0,3108894.55
2025-08-01 09:30:23 AM,268.65,52,13969.8,3122864.3499999996
2025-08-01 09:30:31 AM,268.65,1,268.65,3123132.9999999995
2025-08-01 09:30:38 AM,268.65,2,537.3,3123670.2999999993
2025-08-01 09:30:45 AM,268.65,16,4298.4,3127968.6999999993
2025-08-01 09:31:00 AM,268.65,50,13432.499999999998,3141401.1999999993
2025-08-01 09:31:03 AM,268.6,0,0.0,3141401.1999999993
2025-08-01 09:31:07 AM,268.6,1,268.6,3141669.7999999993
2025-08-01 09:31:33 AM,268.9,0,0.0,3141669.7999999993
2025-08-01 09:31:37 AM,268.9,1,268.9,3141938.6999999993
2025-08-01 09:31:39 AM,268.85,0,0.0,3141938.6999999993
2025-08-01 09:31:43 AM,268.85,1,268.85,3142207.5499999993
2025-08-01 09:31:47 AM,268.6,0,0.0,3142207.5499999993
2025-08-01 09:31:50 AM,268.6,118,31694.800000000003,3173902.349999999
2025-08-01 09:32:32 AM,268.65,321,86236.65,3260138.999999999
2025-08-01 09:32:46 AM,268.7,4,1074.8,3261213.799999999
2025-08-01 09:33:01 AM,268.65,0,0.0,3261213.799999999
2025-08-01 09:33:07 AM,268.95,0,0.0,3261213.799999999
2025-08-01 09:33:07 AM,268.95,101,27163.949999999997,3288377.749999999
2025-08-01 09:33:21 AM,269.0,120,32280.0,3320657.749999999
2025-08-01 09:34:03 AM,269.15,99,26645.85,3347303.599999999
2025-08-01 09:34:38 AM,269.15,50,13457.499999999998,3360761.099999999
2025-08-01 09:35:27 AM,268.95,0,0.0,3360761.099999999
2025-08-01 09:35:27 AM,268.95,5,1344.75,3362105.849999999
2025-08-01 09:35:27 AM,269.15,49,13188.349999999999,3375294.1999999993
2025-08-01 09:35:37 AM,268.95,0,0.0,3375294.1999999993
2025-08-01 09:35:40 AM,268.95,402,108117.9,3483412.099999999
2025-08-01 09:35:52 AM,268.9,0,0.0,3483412.099999999
2025-08-01 09:35:54 AM,268.9,372,100030.79999999999,3583442.899999999
2025-08-01 09:35:57 AM,268.65,0,0.0,3583442.899999999
2025-08-01 09:35:57 AM,269.0,0,0.0,3583442.899999999
2025-08-01 09:36:00 AM,269.0,107,28783.0,3612225.899999999
2025-08-01 09:36:14 AM,269.4,397,106951.79999999999,3719177.699999999
2025-08-01 09:36:38 AM,269.1,0,0.0,3719177.699999999
2025-08-01 09:36:40 AM,269.1,50,13455.000000000002,3732632.699999999
2025-08-01 09:36:53 AM,269.35,1,269.35,3732902.049999999
2025-08-01 09:37:00 AM,269.35,5,1346.75,3734248.799999999
2025-08-01 09:37:02 AM,269.1,0,0.0,3734248.799999999
2025-08-01 09:37:06 AM,269.0,0,0.0,3734248.799999999
2025-08-01 09:37:07 AM,269.0,368,98992.0,3833240.799999999
2025-08-01 09:37:27 AM,269.2,0,0.0,3833240.799999999
2025-08-01 09:37:28 AM,269.2,200,53840.0,3887080.799999999
2025-08-01 09:38:02 AM,269.0,0,0.0,3887080.799999999
2025-08-01 09:38:06 AM,269.05,0,0.0,3887080.799999999
2025-08-01 09:38:08 AM,269.05,11,2959.55,3890040.3499999987
2025-08-01 09:38:22 AM,268.6,0,0.0,3890040.3499999987
2025-08-01 09:38:28 AM,268.6,50,13430.000000000002,3903470.3499999987
2025-08-01 09:39:22 AM,268.2,150,40230.0,3943700.3499999987
2025-08-01 09:39:49 AM,268.3,45,12073.5,3955773.8499999987
2025-08-01 09:39:54 AM,268.45,0,0.0,3955773.8499999987
2025-08-01 09:39:55 AM,268.45,52,13959.4,3969733.2499999986
2025-08-01 09:40:06 AM,268.3,0,0.0,3969733.2499999986
2025-08-01 09:40:08 AM,268.3,20,5366.0,3975099.2499999986
2025-08-01 09:40:46 AM,268.6,0,0.0,3975099.2499999986
2025-08-01 09:40:47 AM,268.6,150,40290.0,4015389.2499999986
2025-08-01 09:40:55 AM,268.8,0,0.0,4015389.2499999986
2025-08-01 09:41:00 AM,269.0,0,0.0,4015389.2499999986
2025-08-01 09:41:01 AM,269.0,13,3497.0,4018886.2499999986
2025-08-01 09:41:06 AM,268.8,0,0.0,4018886.2499999986
2025-08-01 09:41:07 AM,268.8,65,17472.0,4036358.2499999986
2025-08-01 09:41:18 AM,269.0,0,0.0,4036358.2499999986
2025-08-01 09:41:21 AM,269.0,350,94150.0,4130508.2499999986
2025-08-01 09:41:38 AM,268.8,0,0.0,4130508.2499999986
2025-08-01 09:41:41 AM,268.8,1,268.8,4130777.0499999984
2025-08-01 09:42:20 AM,268.8,1,268.8,4131045.849999998
2025-08-01 09:42:23 AM,268.75,0,0.0,4131045.849999998
2025-08-01 09:42:26 AM,268.75,3,806.25,4131852.099999998
2025-08-01 09:43:17 AM,269.0,0,0.0,4131852.099999998
2025-08-01 09:43:19 AM,269.0,50,13450.0,4145302.099999998
2025-08-01 09:43:36 AM,268.6,0,0.0,4145302.099999998
2025-08-01 09:43:38 AM,268.6,110,29546.000000000004,4174848.099999998
2025-08-01 09:43:44 AM,268.9,0,0.0,4174848.099999998
2025-08-01 09:43:45 AM,268.9,3,806.6999999999999,4175654.7999999984
2025-08-01 09:44:06 AM,268.85,3,806.5500000000001,4176461.349999998
2025-08-01 09:44:31 AM,268.75,50,13437.5,4189898.849999998
2025-08-01 09:44:43 AM,268.6,0,0.0,4189898.849999998
2025-08-01 09:44:44 AM,268.6,115,30889.000000000004,4220787.849999999
2025-08-01 09:45:10 AM,268.5,1,268.5,4221056.349999999
2025-08-01 09:45:17 AM,268.55,0,0.0,4221056.349999999
2025-08-01 09:45:17 AM,268.55,79,21215.45,4242271.799999999
2025-08-01 09:45:29 AM,268.55,21,5639.55,4247911.349999999
2025-08-01 09:45:50 AM,268.6,1,268.6,4248179.949999998
2025-08-01 09:45:56 AM,268.6,205,55063.00000000001,4303242.949999998
2025-08-01 09:46:28 AM,268.6,10,2686.0,4305928.949999998
2025-08-01 09:46:34 AM,268.5,0,0.0,4305928.949999998
2025-08-01 09:46:34 AM,268.5,70,18795.0,4324723.949999998
2025-08-01 09:46:42 AM,268.2,1,268.2,4324992.1499999985
2025-08-01 09:46:50 AM,268.6,0,0.0,4324992.1499999985
2025-08-01 09:46:53 AM,268.6,2,537.2,4325529.349999999
2025-08-01 09:47:26 AM,268.25,337,90400.25,4415929.599999999
2025-08-01 09:47:31 AM,268.15,0,0.0,4415929.599999999
2025-08-01 09:47:32 AM,268.15,202,54166.299999999996,4470095.8999999985
2025-08-01 09:47:36 AM,268.05,0,0.0,4470095.8999999985
2025-08-01 09:47:37 AM,268.05,8,2144.4,4472240.299999999
2025-08-01 09:47:56 AM,268.0,0,0.0,4472240.299999999
2025-08-01 09:47:57 AM,268.0,500,134000.0,4606240.299999999
2025-08-01 09:48:10 AM,268.0,154,41272.0,4647512.299999999
2025-08-01 09:48:29 AM,268.4,0,0.0,4647512.299999999
2025-08-01 09:48:29 AM,268.4,145,38918.0,4686430.299999999
2025-08-01 09:48:32 AM,268.05,20,5361.0,4691791.299999999
2025-08-01 09:49:08 AM,268.45,0,0.0,4691791.299999999
2025-08-01 09:49:10 AM,268.45,50,13422.5,4705213.799999999
2025-08-01 09:49:45 AM,268.45,100,26845.0,4732058.799999999
2025-08-01 09:50:04 AM,268.3,0,0.0,4732058.799999999
2025-08-01 09:50:04 AM,268.3,40,10732.0,4742790.799999999
2025-08-01 09:50:04 AM,268.4,0,0.0,4742790.799999999
2025-08-01 09:50:07 AM,268.4,1,268.4,4743059.199999999
2025-08-01 09:50:58 AM,267.9,0,0.0,4743059.199999999
2025-08-01 09:51:01 AM,267.9,1000,267900.0,5010959.199999999
2025-08-01 09:51:54 AM,268.35,10,2683.5,5013642.699999999
2025-08-01 09:52:52 AM,268.2,1,268.2,5013910.899999999
2025-08-01 09:53:00 AM,268.2,1,268.2,5014179.1
2025-08-01 09:53:37 AM,267.95,0,0.0,5014179.1
2025-08-01 09:53:37 AM,267.95,3,803.8499999999999,5014982.949999999
2025-08-01 09:53:40 AM,267.75,0,0.0,5014982.949999999
2025-08-01 09:53:42 AM,267.75,32,8568.0,5023550.949999999
2025-08-01 09:54:25 AM,267.75,25,6693.75,5030244.699999999
2025-08-01 09:54:38 AM,268.1,100,26810.000000000004,5057054.699999999
2025-08-01 09:54:47 AM,268.05,0,0.0,5057054.699999999
2025-08-01 09:54:49 AM,268.05,9,2412.4500000000003,5059467.149999999
2025-08-01 09:55:28 AM,267.95,0,0.0,5059467.149999999
2025-08-01 09:55:30 AM,267.95,1,267.95,5059735.1
2025-08-01 09:55:32 AM,267.95,1,267.95,5060003.05
2025-08-01 09:56:44 AM,268.0,10,2680.0,5062683.05
2025-08-01 09:57:01 AM,267.95,11,2947.45,5065630.5
2025-08-01 09:57:07 AM,267.7,0,0.0,5065630.5
2025-08-01 09:57:07 AM,267.7,21,5621.7,5071252.2
2025-08-01 09:57:24 AM,267.7,10,2677.0,5073929.2
2025-08-01 09:57:32 AM,267.35,200,53470.00000000001,5127399.2
2025-08-01 09:58:15 AM,267.35,3,802.0500000000001,5128201.25
2025-08-01 09:58:24 AM,267.35,26,6951.1,5135152.35
2025-08-01 09:59:07 AM,267.15,202,53964.299999999996,5189116.649999999
2025-08-01 09:59:10 AM,267.3,1,267.3,5189383.949999999
2025-08-01 09:59:16 AM,267.1,39,10416.900000000001,5199800.85
2025-08-01 09:59:22 AM,267.3,0,0.0,5199800.85
2025-08-01 09:59:22 AM,267.3,53,14166.900000000001,5213967.75
2025-08-01 09:59:36 AM,267.15,0,0.0,5213967.75
2025-08-01 09:59:38 AM,267.15,20,5343.0,5219310.75
2025-08-01 10:00:36 AM,267.4,0,0.0,5219310.75
2025-08-01 10:00:38 AM,267.4,50,13369.999999999998,5232680.75
2025-08-01 10:00:51 AM,267.4,23,6150.2,5238830.95
2025-08-01 10:01:10 AM,267.4,29,7754.599999999999,5246585.55
2025-08-01 10:01:34 AM,267.4,1,267.4,5246852.95
2025-08-01 10:02:44 AM,267.5,15,4012.5,5250865.45
2025-08-01 10:02:50 AM,267.2,100,26720.0,5277585.45
2025-08-01 10:02:56 AM,267.15,0,0.0,5277585.45
2025-08-01 10:02:56 AM,267.15,100,26714.999999999996,5304300.45
2025-08-01 10:03:03 AM,267.05,0,0.0,5304300.45
2025-08-01 10:03:03 AM,267.05,250,66762.5,5371062.95
2025-08-01 10:03:12 AM,267.3,0,0.0,5371062.95
2025-08-01 10:03:15 AM,267.3,232,62013.600000000006,5433076.55
2025-08-01 10:03:28 AM,267.5,0,0.0,5433076.55
2025-08-01 10:03:28 AM,267.5,100,26750.0,5459826.55
2025-08-01 10:03:36 AM,267.7,0,0.0,5459826.55
2025-08-01 10:03:37 AM,267.7,100,26770.0,5486596.55
2025-08-01 10:04:02 AM,267.7,100,26770.0,5513366.55
2025-08-01 10:04:16 AM,267.45,0,0.0,5513366.55
2025-08-01 10:04:18 AM,267.45,18,4814.099999999999,5518180.649999999
2025-08-01 10:04:21 AM,267.6,100,26760.000000000004,5544940.649999999
2025-08-01 10:04:25 AM,267.6,1,267.6,5545208.249999999
2025-08-01 10:04:54 AM,267.65,0,0.0,5545208.249999999
2025-08-01 10:04:56 AM,267.65,3,802.9499999999999,5546011.199999999
2025-08-01 10:05:07 AM,267.35,0,0.0,5546011.199999999
2025-08-01 10:05:08 AM,267.35,30,8020.500000000001,5554031.699999999
2025-08-01 10:06:01 AM,267.05,0,0.0,5554031.699999999
2025-08-01 10:06:03 AM,267.05,76,20295.8,5574327.499999999
2025-08-01 10:06:38 AM,267.35,121,32349.350000000002,5606676.849999999
2025-08-01 10:06:51 AM,267.35,1,267.35,5606944.199999998
2025-08-01 10:07:03 AM,267.1,0,0.0,5606944.199999998
2025-08-01 10:07:03 AM,267.1,60,16026.000000000002,5622970.199999998
2025-08-01 10:07:23 AM,267.05,0,0.0,5622970.199999998
2025-08-01 10:07:24 AM,267.05,22,5875.1,5628845.299999998
2025-08-01 10:07:30 AM,267.05,1011,269987.55,5898832.849999998
2025-08-01 10:07:45 AM,267.0,0,0.0,5898832.849999998
2025-08-01 10:07:46 AM,267.0,17,4539.0,5903371.849999998
2025-08-01 10:07:59 AM,267.0,311,83037.0,5986408.849999998
2025-08-01 10:08:04 AM,266.95,0,0.0,5986408.849999998
2025-08-01 10:08:05 AM,266.95,83,22156.85,6008565.699999997
2025-08-01 10:08:06 AM,266.9,0,0.0,6008565.699999997
2025-08-01 10:08:07 AM,266.9,26,6939.4,6015505.099999998
2025-08-01 10:08:22 AM,267.1,0,0.0,6015505.099999998
2025-08-01 10:08:24 AM,267.1,107,28579.7,6044084.799999998
2025-08-01 10:09:20 AM,267.2,0,0.0,6044084.799999998
2025-08-01 10:09:22 AM,267.05,0,0.0,6044084.799999998
2025-08-01 10:09:23 AM,267.05,83,22165.15,6066249.949999998
2025-08-01 10:10:17 AM,267.25,9,2405.25,6068655.199999998
2025-08-01 10:10:29 AM,267.9,1000,267900.0,6336555.199999998
2025-08-01 10:10:43 AM,267.65,0,0.0,6336555.199999998
2025-08-01 10:10:45 AM,267.65,3,802.9499999999999,6337358.1499999985
2025-08-01 10:11:07 AM,267.25,0,0.0,6337358.1499999985
2025-08-01 10:11:09 AM,267.25,50,13362.5,6350720.6499999985
2025-08-01 10:11:15 AM,267.3,10,2673.0,6353393.6499999985
2025-08-01 10:11:21 AM,267.0,0,0.0,6353393.6499999985
2025-08-01 10:11:21 AM,267.0,1690,451230.0,6804623.6499999985
2025-08-01 10:12:15 AM,267.25,0,0.0,6804623.6499999985
2025-08-01 10:12:19 AM,267.25,10,2672.5,6807296.1499999985
2025-08-01 10:12:47 AM,267.4,190,50805.99999999999,6858102.1499999985
2025-08-01 10:13:21 AM,267.3,0,0.0,6858102.1499999985
2025-08-01 10:13:22 AM,267.3,30,8019.0,6866121.1499999985
2025-08-01 10:13:37 AM,267.4,0,0.0,6866121.1499999985
2025-08-01 10:13:40 AM,267.4,70,18718.0,6884839.1499999985
2025-08-01 10:13:41 AM,267.4,36,9626.4,6894465.549999999
2025-08-01 10:13:46 AM,267.3,50,13365.0,6907830.549999999
2025-08-01 10:13:52 AM,267.3,27,7217.1,6915047.6499999985
2025-08-01 10:13:57 AM,267.5,0,0.0,6915047.6499999985
2025-08-01 10:13:58 AM,267.5,150,40125.0,6955172.6499999985
2025-08-01 10:14:27 AM,267.5,75,20062.5,6975235.1499999985
2025-08-01 10:14:50 AM,267.6,0,0.0,6975235.1499999985
2025-08-01 10:14:50 AM,267.6,52,13915.2,6989150.349999999
2025-08-01 10:15:25 AM,267.6,9,2408.4,6991558.749999999
2025-08-01 10:15:43 AM,267.6,1,267.6,6991826.349999999
2025-08-01 10:17:39 AM,267.6,50,13380.000000000002,7005206.349999999
2025-08-01 10:18:02 AM,267.6,1,267.6,7005473.949999998
2025-08-01 10:18:57 AM,267.8,0,0.0,7005473.949999998
2025-08-01 10:18:59 AM,267.8,250,66950.0,7072423.949999998
2025-08-01 10:19:01 AM,267.85,0,0.0,7072423.949999998
2025-08-01 10:19:03 AM,268.25,0,0.0,7072423.949999998
2025-08-01 10:19:05 AM,268.0,0,0.0,7072423.949999998
2025-08-01 10:19:05 AM,268.0,3273,877164.0,7949587.949999998
2025-08-01 10:19:10 AM,268.65,0,0.0,7949587.949999998
2025-08-01 10:19:11 AM,268.65,1,268.65,7949856.599999999
2025-08-01 10:19:25 AM,268.95,0,0.0,7949856.599999999
2025-08-01 10:19:28 AM,268.95,100,26895.0,7976751.599999999
2025-08-01 10:19:34 AM,268.7,0,0.0,7976751.599999999
2025-08-01 10:19:34 AM,268.7,1,268.7,7977020.299999999
2025-08-01 10:20:01 AM,269.5,0,0.0,7977020.299999999
2025-08-01 10:20:02 AM,269.5,3759,1013050.5,8990070.799999999
2025-08-01 10:20:10 AM,269.6,0,0.0,8990070.799999999
2025-08-01 10:20:13 AM,269.6,5,1348.0,8991418.799999999
2025-08-01 10:20:27 AM,269.8,0,0.0,8991418.799999999
2025-08-01 10:20:27 AM,269.8,115,31027.0,9022445.799999999
2025-08-01 10:20:29 AM,269.75,0,0.0,9022445.799999999
2025-08-01 10:20:31 AM,269.75,10,2697.5,9025143.299999999
2025-08-01 10:21:00 AM,269.9,5,1349.5,9026492.799999999
2025-08-01 10:21:08 AM,270.0,233,62910.0,9089402.799999999
2025-08-01 10:21:17 AM,270.1,63,17016.300000000003,9106419.1
2025-08-01 10:21:33 AM,270.4,1,270.4,9106689.5
2025-08-01 10:21:34 AM,270.2,0,0.0,9106689.5
2025-08-01 10:21:35 AM,270.2,10,2702.0,9109391.5
2025-08-01 10:21:44 AM,270.45,100,27045.0,9136436.5
2025-08-01 10:21:46 AM,270.35,0,0.0,9136436.5
2025-08-01 10:21:46 AM,270.35,5,1351.75,9137788.25
2025-08-01 10:22:06 AM,270.3,0,0.0,9137788.25
2025-08-01 10:22:07 AM,270.3,630,170289.0,9308077.25
2025-08-01 10:22:19 AM,269.95,0,0.0,9308077.25
2025-08-01 10:22:19 AM,269.95,200,53990.0,9362067.25
2025-08-01 10:22:25 AM,270.0,3,810.0,9362877.25
2025-08-01 10:22:27 AM,270.3,0,0.0,9362877.25
2025-08-01 10:22:27 AM,270.3,5,1351.5,9364228.75
2025-08-01 10:22:40 AM,270.0,0,0.0,9364228.75
2025-08-01 10:22:42 AM,270.0,37,9990.0,9374218.75
2025-08-01 10:22:50 AM,269.9,13,3508.7,9377727.45
2025-08-01 10:22:55 AM,269.85,0,0.0,9377727.45
2025-08-01 10:22:55 AM,269.85,50,13492.500000000002,9391219.95
2025-08-01 10:22:58 AM,270.0,10,2700.0,9393919.95
2025-08-01 10:23:12 AM,270.15,0,0.0,9393919.95
2025-08-01 10:23:12 AM,270.15,100,27014.999999999996,9420934.95
2025-08-01 10:23:15 AM,269.75,0,0.0,9420934.95
2025-08-01 10:23:15 AM,269.75,5,1348.75,9422283.7
2025-08-01 10:25:03 AM,270.0,0,0.0,9422283.7
2025-08-01 10:25:04 AM,270.0,10,2700.0,9424983.7
2025-08-01 10:25:19 AM,269.8,0,0.0,9424983.7
2025-08-01 10:25:22 AM,269.8,25,6745.0,9431728.7
2025-08-01 10:25:43 AM,270.0,0,0.0,9431728.7
2025-08-01 10:25:44 AM,270.0,15,4050.0,9435778.7
2025-08-01 10:25:55 AM,270.0,10,2700.0,9438478.7
2025-08-01 10:25:57 AM,270.0,2,540.0,9439018.7
2025-08-01 10:26:00 AM,269.95,1,269.95,9439288.649999999
2025-08-01 10:26:05 AM,270.45,0,0.0,9439288.649999999
2025-08-01 10:26:06 AM,270.45,1323,357805.35,9797093.999999998
2025-08-01 10:26:11 AM,271.0,70,18970.0,9816063.999999998
2025-08-01 10:26:14 AM,270.7,65,17595.5,9833659.499999998
2025-08-01 10:26:19 AM,270.5,0,0.0,9833659.499999998
2025-08-01 10:26:19 AM,270.5,68,18394.0,9852053.499999998
2025-08-01 10:26:31 AM,270.5,5,1352.5,9853405.999999998
2025-08-01 10:26:34 AM,270.6,0,0.0,9853405.999999998
2025-08-01 10:26:34 AM,270.6,20,5412.0,9858817.999999998
2025-08-01 10:26:46 AM,270.6,100,27060.000000000004,9885877.999999998
2025-08-01 10:27:09 AM,270.1,0,0.0,9885877.999999998
2025-08-01 10:27:09 AM,270.1,250,67525.0,9953402.999999998
2025-08-01 10:27:20 AM,270.2,25,6755.0,9960157.999999998
2025-08-01 10:27:44 AM,270.5,4,1082.0,9961239.999999998
2025-08-01 10:27:49 AM,270.6,0,0.0,9961239.999999998
2025-08-01 10:27:50 AM,270.15,1404,379290.6,10340530.599999998
2025-08-01 10:27:57 AM,270.25,0,0.0,10340530.599999998
2025-08-01 10:27:58 AM,270.25,50,13512.5,10354043.099999998
2025-08-01 10:28:05 AM,269.8,0,0.0,10354043.099999998
2025-08-01 10:28:06 AM,269.8,461,124377.8,10478420.899999999
2025-08-01 10:28:29 AM,270.25,0,0.0,10478420.899999999
2025-08-01 10:28:31 AM,270.25,10,2702.5,10481123.399999999
2025-08-01 10:28:44 AM,270.4,0,0.0,10481123.399999999
2025-08-01 10:28:45 AM,270.4,80,21632.0,10502755.399999999
2025-08-01 10:28:50 AM,270.0,0,0.0,10502755.399999999
2025-08-01 10:28:50 AM,270.0,10,2700.0,10505455.399999999
2025-08-01 10:28:59 AM,270.25,1,270.25,10505725.649999999
2025-08-01 10:29:37 AM,270.2,0,0.0,10505725.649999999
2025-08-01 10:29:37 AM,270.2,1041,281278.2,10787003.849999998
2025-08-01 10:29:57 AM,270.7,0,0.0,10787003.849999998
2025-08-01 10:30:00 AM,270.7,500,135350.0,10922353.849999998
2025-08-01 10:30:17 AM,270.7,100,27070.0,10949423.849999998
2025-08-01 10:30:51 AM,270.25,0,0.0,10949423.849999998
2025-08-01 10:30:51 AM,270.25,150,40537.5,10989961.349999998
2025-08-01 10:31:08 AM,270.65,60,16238.999999999998,11006200.349999998
2025-08-01 10:31:17 AM,270.65,1,270.65,11006470.999999998
2025-08-01 10:31:24 AM,270.3,0,0.0,11006470.999999998
2025-08-01 10:31:25 AM,270.3,250,67575.0,11074045.999999998
2025-08-01 10:31:31 AM,270.6,36,9741.6,11083787.599999998
2025-08-01 10:31:34 AM,270.55,0,0.0,11083787.599999998
2025-08-01 10:31:34 AM,270.55,4,1082.2,11084869.799999997
2025-08-01 10:31:39 AM,270.55,5,1352.75,11086222.549999997
2025-08-01 10:32:00 AM,270.75,100,27075.0,11113297.549999997
2025-08-01 10:32:17 AM,270.9,230,62306.99999999999,11175604.549999997
2025-08-01 10:32:31 AM,270.65,0,0.0,11175604.549999997
2025-08-01 10:32:33 AM,270.65,68,18404.199999999997,11194008.749999996
2025-08-01 10:32:39 AM,270.9,0,0.0,11194008.749999996
2025-08-01 10:32:40 AM,270.6,205,55473.00000000001,11249481.749999996
2025-08-01 10:32:54 AM,270.85,0,0.0,11249481.749999996
2025-08-01 10:32:56 AM,270.85,1,270.85,11249752.599999996
2025-08-01 10:33:08 AM,270.95,375,101606.25,11351358.849999996
2025-08-01 10:33:16 AM,270.65,0,0.0,11351358.849999996
2025-08-01 10:33:16 AM,270.95,0,0.0,11351358.849999996
2025-08-01 10:33:16 AM,270.95,6,1625.6999999999998,11352984.549999995
2025-08-01 10:33:38 AM,270.55,423,114442.65000000001,11467427.199999996
2025-08-01 10:33:51 AM,270.6,0,0.0,11467427.199999996
2025-08-01 10:33:52 AM,270.6,1,270.6,11467697.799999995
2025-08-01 10:34:23 AM,270.35,0,0.0,11467697.799999995
2025-08-01 10:34:23 AM,270.35,2,540.7,11468238.499999994
2025-08-01 10:35:03 AM,270.35,10,2703.5,11470941.999999994
2025-08-01 10:35:15 AM,270.4,0,0.0,11470941.999999994
2025-08-01 10:35:17 AM,270.3,0,0.0,11470941.999999994
2025-08-01 10:35:18 AM,270.3,51,13785.300000000001,11484727.299999995
2025-08-01 10:35:23 AM,270.15,0,0.0,11484727.299999995
2025-08-01 10:35:23 AM,270.15,200,54029.99999999999,11538757.299999995
2025-08-01 10:35:46 AM,270.45,0,0.0,11538757.299999995
2025-08-01 10:35:46 AM,270.45,1,270.45,11539027.749999994
2025-08-01 10:35:49 AM,270.1,0,0.0,11539027.749999994
2025-08-01 10:35:51 AM,270.1,100,27010.000000000004,11566037.749999994
2025-08-01 10:36:36 AM,270.7,380,102866.0,11668903.749999994
2025-08-01 10:36:44 AM,270.65,50,13532.499999999998,11682436.249999994
2025-08-01 10:36:49 AM,270.25,80,21620.0,11704056.249999994
2025-08-01 10:36:52 AM,270.55,50,13527.5,11717583.749999994
2025-08-01 10:37:52 AM,270.2,0,0.0,11717583.749999994
2025-08-01 10:37:53 AM,270.2,40,10808.0,11728391.749999994
2025-08-01 10:37:55 AM,270.5,0,0.0,11728391.749999994
2025-08-01 10:37:55 AM,270.5,10,2705.0,11731096.749999994
2025-08-01 10:38:17 AM,270.5,50,13525.0,11744621.749999994
2025-08-01 10:38:30 AM,270.5,50,13525.0,11758146.749999994
2025-08-01 10:38:38 AM,270.5,5,1352.5,11759499.249999994
2025-08-01 10:39:16 AM,270.55,0,0.0,11759499.249999994
2025-08-01 10:39:17 AM,270.55,50,13527.5,11773026.749999994
2025-08-01 10:39:20 AM,270.55,200,54110.0,11827136.749999994
2025-08-01 10:39:45 AM,270.2,0,0.0,11827136.749999994
2025-08-01 10:39:45 AM,270.2,12,3242.3999999999996,11830379.149999995
2025-08-01 10:39:50 AM,270.5,0,0.0,11830379.149999995
2025-08-01 10:39:51 AM,270.5,5,1352.5,11831731.649999995
2025-08-01 10:41:03 AM,270.2,0,0.0,11831731.649999995
2025-08-01 10:41:06 AM,270.2,5,1351.0,11833082.649999995
2025-08-01 10:41:34 AM,270.5,0,0.0,11833082.649999995
2025-08-01 10:41:34 AM,270.5,2,541.0,11833623.649999995
2025-08-01 10:41:48 AM,270.2,0,0.0,11833623.649999995
2025-08-01 10:41:51 AM,270.2,1053,284520.6,12118144.249999994
2025-08-01 10:41:52 AM,270.05,50,13502.5,12131646.749999994
2025-08-01 10:42:32 AM,270.0,0,0.0,12131646.749999994
2025-08-01 10:42:35 AM,270.0,1200,324000.0,12455646.749999994
2025-08-01 10:44:03 AM,270.25,0,0.0,12455646.749999994
2025-08-01 10:44:03 AM,270.25,50,13512.5,12469159.249999994
2025-08-01 10:46:29 AM,270.25,3,810.75,12469969.999999994
2025-08-01 10:47:31 AM,270.0,0,0.0,12469969.999999994
2025-08-01 10:47:31 AM,270.0,41,11070.0,12481039.999999994
2025-08-01 10:47:43 AM,270.05,0,0.0,12481039.999999994
2025-08-01 10:47:45 AM,270.05,31,8371.550000000001,12489411.549999995
2025-08-01 10:48:01 AM,270.45,0,0.0,12489411.549999995
2025-08-01 10:48:01 AM,270.45,969,262066.05,12751477.599999996
2025-08-01 10:48:15 AM,270.5,0,0.0,12751477.599999996
2025-08-01 10:48:17 AM,270.5,200,54100.0,12805577.599999996
2025-08-01 10:48:47 AM,270.5,100,27050.0,12832627.599999996
2025-08-01 10:48:57 AM,270.55,216,58438.8,12891066.399999997
2025-08-01 10:49:16 AM,270.65,0,0.0,12891066.399999997
2025-08-01 10:49:17 AM,270.5,0,0.0,12891066.399999997
2025-08-01 10:49:18 AM,270.5,502,135791.0,13026857.399999997
2025-08-01 10:49:24 AM,270.5,131,35435.5,13062292.899999997
2025-08-01 10:50:34 AM,270.5,1000,270500.0,13332792.899999997
2025-08-01 10:50:53 AM,270.3,0,0.0,13332792.899999997
2025-08-01 10:50:57 AM,270.3,25,6757.5,13339550.399999997
2025-08-01 10:52:33 AM,270.7,0,0.0,13339550.399999997
2025-08-01 10:52:35 AM,270.7,100,27070.0,13366620.399999997
2025-08-01 10:53:09 AM,270.4,0,0.0,13366620.399999997
2025-08-01 10:53:11 AM,270.65,0,0.0,13366620.399999997
2025-08-01 10:53:12 AM,270.65,26,7036.9,13373657.299999997
2025-08-01 10:53:22 AM,270.8,1000,270800.0,13644457.299999997
2025-08-01 10:53:49 AM,270.8,1,270.8,13644728.099999998
2025-08-01 10:54:00 AM,270.85,45,12188.250000000002,13656916.349999998
2025-08-01 10:54:15 AM,271.0,0,0.0,13656916.349999998
2025-08-01 10:54:16 AM,270.8,701,189830.80000000002,13846747.149999999
2025-08-01 10:54:32 AM,271.0,40,10840.0,13857587.149999999
2025-08-01 10:54:51 AM,270.8,0,0.0,13857587.149999999
2025-08-01 10:54:53 AM,270.8,5,1354.0,13858941.149999999
2025-08-01 10:55:25 AM,270.8,1,270.8,13859211.95
2025-08-01 10:56:35 AM,271.0,0,0.0,13859211.95
2025-08-01 10:56:35 AM,271.0,1,271.0,13859482.95
2025-08-01 10:56:41 AM,271.0,1,271.0,13859753.95
2025-08-01 10:56:45 AM,270.85,0,0.0,13859753.95
2025-08-01 10:56:45 AM,270.85,10,2708.5,13862462.45
2025-08-01 10:57:48 AM,271.15,259,70227.84999999999,13932690.299999999
2025-08-01 10:57:53 AM,271.2,0,0.0,13932690.299999999
2025-08-01 10:57:53 AM,271.2,25,6780.0,13939470.299999999
2025-08-01 10:58:01 AM,271.35,0,0.0,13939470.299999999
2025-08-01 10:58:03 AM,271.2,0,0.0,13939470.299999999
2025-08-01 10:58:04 AM,271.2,408,110649.59999999999,14050119.899999999
2025-08-01 10:58:19 AM,270.8,0,0.0,14050119.899999999
2025-08-01 10:58:20 AM,270.8,2181,590614.8,14640734.7
2025-08-01 10:58:26 AM,270.8,500,135400.0,14776134.7
2025-08-01 10:58:47 AM,271.0,0,0.0,14776134.7
2025-08-01 10:58:48 AM,271.0,55,14905.0,14791039.7
2025-08-01 10:59:03 AM,270.65,0,0.0,14791039.7
2025-08-01 10:59:03 AM,270.65,4369,1182469.8499999999,15973509.549999999
2025-08-01 10:59:25 AM,270.7,0,0.0,15973509.549999999
2025-08-01 10:59:29 AM,270.7,9,2436.2999999999997,15975945.85
2025-08-01 10:59:45 AM,270.7,9,2436.2999999999997,15978382.15
2025-08-01 10:59:50 AM,270.7,23,6226.099999999999,15984608.25
2025-08-01 11:00:54 AM,270.75,0,0.0,15984608.25
2025-08-01 11:00:56 AM,270.75,100,27075.0,16011683.25
2025-08-01 11:02:08 AM,270.65,0,0.0,16011683.25
2025-08-01 11:02:09 AM,270.65,5,1353.25,16013036.5
2025-08-01 11:03:03 AM,270.3,110,29733.0,16042769.5
2025-08-01 11:03:53 AM,270.3,80,21624.0,16064393.5
2025-08-01 11:06:44 AM,270.55,674,182350.7,16246744.2
2025-08-01 11:06:56 AM,270.6,70,18942.0,16265686.2
2025-08-01 11:07:33 AM,270.55,100,27055.0,16292741.2
2025-08-01 11:07:36 AM,270.85,0,0.0,16292741.2
2025-08-01 11:07:38 AM,270.85,46,12459.1,16305200.299999999
2025-08-01 11:08:36 AM,270.45,0,0.0,16305200.299999999
2025-08-01 11:08:36 AM,270.45,100,27045.0,16332245.299999999
2025-08-01 11:09:01 AM,270.3,515,139204.5,16471449.799999999
2025-08-01 11:09:03 AM,270.2,0,0.0,16471449.799999999
2025-08-01 11:09:03 AM,270.2,719,194273.8,16665723.6
2025-08-01 11:09:30 AM,270.05,0,0.0,16665723.6
2025-08-01 11:09:32 AM,270.05,250,67512.5,16733236.1
2025-08-01 11:09:50 AM,270.15,50,13507.499999999998,16746743.6
2025-08-01 11:10:53 AM,270.0,200,54000.0,16800743.6
2025-08-01 11:11:03 AM,270.15,0,0.0,16800743.6
2025-08-01 11:11:04 AM,270.15,40,10806.0,16811549.6
2025-08-01 11:11:35 AM,270.35,0,0.0,16811549.6
2025-08-01 11:11:37 AM,270.35,7,1892.4500000000003,16813442.05
2025-08-01 11:13:25 AM,270.6,333,90109.8,16903551.85
2025-08-01 11:13:27 AM,270.2,0,0.0,16903551.85
2025-08-01 11:13:29 AM,270.2,50,13510.0,16917061.85
2025-08-01 11:15:01 AM,270.2,36,9727.199999999999,16926789.05
2025-08-01 11:15:12 AM,270.2,100,27020.0,16953809.05
2025-08-01 11:15:17 AM,270.2,3,810.5999999999999,16954619.650000002
2025-08-01 11:15:43 AM,270.2,7,1891.3999999999999,16956511.05
2025-08-01 11:15:48 AM,270.2,5,1351.0,16957862.05
2025-08-01 11:16:12 AM,270.1,0,0.0,16957862.05
2025-08-01 11:16:14 AM,270.1,100,27010.000000000004,16984872.05
2025-08-01 11:16:32 AM,270.4,0,0.0,16984872.05
2025-08-01 11:16:35 AM,270.4,393,106267.2,17091139.25
2025-08-01 11:16:46 AM,270.1,0,0.0,17091139.25
2025-08-01 11:16:47 AM,270.1,475,128297.50000000001,17219436.75
2025-08-01 11:17:28 AM,270.25,0,0.0,17219436.75
2025-08-01 11:17:28 AM,270.25,1,270.25,17219707.0
2025-08-01 11:17:34 AM,270.0,300,81000.0,17300707.0
2025-08-01 11:17:38 AM,270.25,0,0.0,17300707.0
2025-08-01 11:17:39 AM,270.25,1,270.25,17300977.25
2025-08-01 11:17:44 AM,270.05,0,0.0,17300977.25
2025-08-01 11:17:44 AM,270.05,1,270.05,17301247.3
2025-08-01 11:17:54 AM,270.3,0,0.0,17301247.3
2025-08-01 11:17:55 AM,270.3,49,13244.7,17314492.0
2025-08-01 11:18:28 AM,270.0,12,3240.0,17317732.0
2025-08-01 11:19:14 AM,270.0,16,4320.0,17322052.0
2025-08-01 11:20:13 AM,270.0,2,540.0,17322592.0
2025-08-01 11:21:57 AM,270.0,190,51300.0,17373892.0
2025-08-01 11:22:18 AM,270.0,200,54000.0,17427892.0
2025-08-01 11:22:29 AM,270.2,0,0.0,17427892.0
2025-08-01 11:22:29 AM,270.2,1,270.2,17428162.2
2025-08-01 11:22:51 AM,270.0,0,0.0,17428162.2
2025-08-01 11:22:55 AM,270.0,32,8640.0,17436802.2
2025-08-01 11:23:05 AM,270.4,0,0.0,17436802.2
2025-08-01 11:23:06 AM,270.4,371,100318.4,17537120.599999998
2025-08-01 11:23:17 AM,270.0,20,5400.0,17542520.599999998
2025-08-01 11:23:43 AM,270.0,10,2700.0,17545220.599999998
2025-08-01 11:25:53 AM,270.0,100,27000.0,17572220.599999998
2025-08-01 11:25:53 AM,270.0,500,135000.0,17707220.599999998
2025-08-01 11:28:21 AM,270.0,4,1080.0,17708300.599999998
2025-08-01 11:28:33 AM,270.2,0,0.0,17708300.599999998
2025-08-01 11:28:34 AM,270.2,1,270.2,17708570.799999997
2025-08-01 11:29:33 AM,270.0,0,0.0,17708570.799999997
2025-08-01 11:29:33 AM,270.0,364,98280.0,17806850.799999997
2025-08-01 11:32:43 AM,270.0,1,270.0,17807120.799999997
2025-08-01 11:33:53 AM,270.0,50,13500.0,17820620.799999997
2025-08-01 11:35:22 AM,270.0,6,1620.0,17822240.799999997
2025-08-01 11:35:36 AM,270.2,0,0.0,17822240.799999997
2025-08-01 11:35:38 AM,270.2,10,2702.0,17824942.799999997
2025-08-01 11:35:40 AM,270.0,0,0.0,17824942.799999997
2025-08-01 11:35:43 AM,270.0,55,14850.0,17839792.799999997
2025-08-01 11:35:49 AM,270.2,0,0.0,17839792.799999997
2025-08-01 11:35:53 AM,270.2,3,810.5999999999999,17840603.4
2025-08-01 11:37:33 AM,270.0,0,0.0,17840603.4
2025-08-01 11:37:37 AM,270.0,71,19170.0,17859773.4
2025-08-01 11:38:48 AM,270.15,18,4862.7,17864636.099999998
2025-08-01 11:39:06 AM,270.0,0,0.0,17864636.099999998
2025-08-01 11:39:08 AM,270.0,60,16200.0,17880836.099999998
2025-08-01 11:39:22 AM,270.25,0,0.0,17880836.099999998
2025-08-01 11:39:23 AM,270.25,21,5675.25,17886511.349999998
2025-08-01 11:39:39 AM,270.0,0,0.0,17886511.349999998
2025-08-01 11:39:39 AM,270.0,499,134730.0,18021241.349999998
2025-08-01 11:40:11 AM,270.0,112,30240.0,18051481.349999998
2025-08-01 11:40:12 AM,269.85,0,0.0,18051481.349999998
2025-08-01 11:40:12 AM,269.85,1,269.85,18051751.2
2025-08-01 11:40:21 AM,270.0,22,5940.0,18057691.2
2025-08-01 11:40:22 AM,269.95,0,0.0,18057691.2
2025-08-01 11:40:23 AM,269.95,4,1079.8,18058771.0
2025-08-01 11:40:27 AM,270.0,0,0.0,18058771.0
2025-08-01 11:40:27 AM,270.0,1,270.0,18059041.0
2025-08-01 11:40:41 AM,270.0,9,2430.0,18061471.0
2025-08-01 11:40:43 AM,270.0,2,540.0,18062011.0
2025-08-01 11:40:54 AM,269.95,0,0.0,18062011.0
2025-08-01 11:40:56 AM,269.95,1,269.95,18062280.95
2025-08-01 11:40:57 AM,270.0,1,270.0,18062550.95
2025-08-01 11:41:20 AM,269.8,0,0.0,18062550.95
2025-08-01 11:41:22 AM,269.8,10,2698.0,18065248.95
2025-08-01 11:41:22 AM,270.0,0,0.0,18065248.95
2025-08-01 11:41:22 AM,270.0,2,540.0,18065788.95
2025-08-01 11:41:32 AM,270.2,260,70252.0,18136040.95
2025-08-01 11:41:54 AM,269.7,0,0.0,18136040.95
2025-08-01 11:41:58 AM,269.7,150,40455.0,18176495.95
2025-08-01 11:41:58 AM,270.0,0,0.0,18176495.95
2025-08-01 11:42:03 AM,270.0,15,4050.0,18180545.95
2025-08-01 11:42:08 AM,270.0,18,4860.0,18185405.95
2025-08-01 11:42:13 AM,270.0,4,1080.0,18186485.95
2025-08-01 11:42:14 AM,269.95,0,0.0,18186485.95
2025-08-01 11:42:18 AM,269.95,1,269.95,18186755.9
2025-08-01 11:42:44 AM,269.8,0,0.0,18186755.9
2025-08-01 11:42:44 AM,269.8,4,1079.2,18187835.099999998
2025-08-01 11:43:26 AM,269.5,0,0.0,18187835.099999998
2025-08-01 11:43:27 AM,269.5,22,5929.0,18193764.099999998
2025-08-01 11:43:27 AM,269.65,5,1348.25,18195112.349999998
2025-08-01 11:43:32 AM,269.65,1,269.65,18195381.999999996
2025-08-01 11:44:09 AM,269.65,2,539.3,18195921.299999997
2025-08-01 11:45:16 AM,269.6,1,269.6,18196190.9
2025-08-01 11:45:16 AM,269.6,1,269.6,18196460.5
2025-08-01 11:46:19 AM,269.6,2,539.2,18196999.7
2025-08-01 11:46:21 AM,269.4,0,0.0,18196999.7
2025-08-01 11:46:25 AM,269.4,19,5118.599999999999,18202118.3
2025-08-01 11:46:25 AM,269.6,0,0.0,18202118.3
2025-08-01 11:46:25 AM,269.6,4,1078.4,18203196.7
2025-08-01 11:46:30 AM,269.6,16,4313.6,18207510.3
2025-08-01 11:46:31 AM,269.6,4,1078.4,18208588.7
2025-08-01 11:46:33 AM,269.55,0,0.0,18208588.7
2025-08-01 11:46:35 AM,269.55,201,54179.55,18262768.25
2025-08-01 11:46:36 AM,269.6,8,2156.8,18264925.05
2025-08-01 11:46:41 AM,269.65,19,5123.349999999999,18270048.400000002
2025-08-01 11:46:41 AM,269.95,0,0.0,18270048.400000002
2025-08-01 11:46:41 AM,269.95,5,1349.75,18271398.150000002
2025-08-01 11:46:46 AM,269.9,14,3778.5999999999995,18275176.750000004
2025-08-01 11:46:47 AM,269.9,4,1079.6,18276256.350000005
2025-08-01 11:46:52 AM,269.9,1,269.9,18276526.250000004
2025-08-01 11:46:56 AM,269.8,0,0.0,18276526.250000004
2025-08-01 11:46:57 AM,269.8,101,27249.800000000003,18303776.050000004
2025-08-01 11:46:58 AM,269.8,20,5396.0,18309172.050000004
2025-08-01 11:47:02 AM,269.75,0,0.0,18309172.050000004
2025-08-01 11:47:03 AM,269.75,4,1079.0,18310251.050000004
2025-08-01 11:47:08 AM,270.0,21,5670.0,18315921.050000004
2025-08-01 11:47:12 AM,269.7,5,1348.5,18317269.550000004
2025-08-01 11:47:12 AM,269.8,0,0.0,18317269.550000004
2025-08-01 11:47:13 AM,269.8,8,2158.4,18319427.950000003
2025-08-01 11:47:18 AM,269.95,2,539.9,18319967.85
2025-08-01 11:47:22 AM,270.0,7,1890.0,18321857.85
2025-08-01 11:47:23 AM,269.95,0,0.0,18321857.85
2025-08-01 11:47:23 AM,269.95,2,539.9,18322397.75
2025-08-01 11:48:14 AM,269.85,5,1349.25,18323747.0
2025-08-01 11:48:14 AM,269.85,1,269.85,18324016.85
2025-08-01 11:48:28 AM,269.85,20,5397.0,18329413.85
2025-08-01 11:48:29 AM,269.75,0,0.0,18329413.85
2025-08-01 11:48:33 AM,269.75,4,1079.0,18330492.85
2025-08-01 11:48:34 AM,269.8,1,269.8,18330762.650000002
2025-08-01 11:50:37 AM,270.0,0,0.0,18330762.650000002
2025-08-01 11:50:38 AM,270.0,3099,836730.0,19167492.650000002
2025-08-01 11:51:56 AM,270.1,0,0.0,19167492.650000002
2025-08-01 11:51:56 AM,270.1,2,540.2,19168032.85
2025-08-01 11:52:11 AM,270.1,440,118844.00000000001,19286876.85
2025-08-01 11:54:03 AM,270.1,61,16476.100000000002,19303352.950000003
2025-08-01 11:54:14 AM,270.0,14,3780.0,19307132.950000003
2025-08-01 11:54:29 AM,270.0,13,3510.0,19310642.950000003
2025-08-01 11:54:54 AM,270.0,512,138240.0,19448882.950000003
2025-08-01 11:54:56 AM,269.95,0,0.0,19448882.950000003
2025-08-01 11:54:59 AM,269.95,95,25645.25,19474528.200000003
2025-08-01 11:55:00 AM,270.0,0,0.0,19474528.200000003
2025-08-01 11:55:04 AM,270.0,302,81540.0,19556068.200000003
2025-08-01 11:55:09 AM,270.0,17,4590.0,19560658.200000003
2025-08-01 11:55:35 AM,270.0,1,270.0,19560928.200000003
2025-08-01 11:57:08 AM,270.45,0,0.0,19560928.200000003
2025-08-01 11:57:10 AM,270.45,1620,438129.0,19999057.200000003
2025-08-01 11:57:16 AM,270.1,0,0.0,19999057.200000003
2025-08-01 11:57:16 AM,270.1,5,1350.5,20000407.700000003
2025-08-01 11:59:42 AM,270.1,50,13505.000000000002,20013912.700000003
2025-08-01 12:00:06 PM,270.1,23,6212.3,20020125.000000004
2025-08-01 12:00:37 PM,270.0,0,0.0,20020125.000000004
2025-08-01 12:00:37 PM,270.0,17,4590.0,20024715.000000004
2025-08-01 12:00:54 PM,270.0,44,11880.0,20036595.000000004
2025-08-01 12:03:09 PM,270.0,26,7020.0,20043615.000000004
2025-08-01 12:03:11 PM,270.1,180,48618.00000000001,20092233.000000004
2025-08-01 12:03:26 PM,270.0,0,0.0,20092233.000000004
2025-08-01 12:03:29 PM,270.0,182,49140.0,20141373.000000004
2025-08-01 12:03:31 PM,269.85,0,0.0,20141373.000000004
2025-08-01 12:03:33 PM,269.85,16,4317.6,20145690.600000005
2025-08-01 12:03:36 PM,270.0,0,0.0,20145690.600000005
2025-08-01 12:03:38 PM,270.0,24,6480.0,20152170.600000005
2025-08-01 12:03:41 PM,269.95,0,0.0,20152170.600000005
2025-08-01 12:03:44 PM,269.95,4,1079.8,20153250.400000006
2025-08-01 12:03:46 PM,269.9,0,0.0,20153250.400000006
2025-08-01 12:03:49 PM,269.9,1,269.9,20153520.300000004
2025-08-01 12:03:59 PM,269.65,0,0.0,20153520.300000004
2025-08-01 12:03:59 PM,269.65,10,2696.5,20156216.800000004
2025-08-01 12:04:02 PM,269.95,0,0.0,20156216.800000004
2025-08-01 12:04:04 PM,269.95,2,539.9,20156756.700000003
2025-08-01 12:04:07 PM,269.95,50,13497.5,20170254.200000003
2025-08-01 12:04:10 PM,269.95,11,2969.45,20173223.650000002
2025-08-01 12:04:13 PM,269.9,0,0.0,20173223.650000002
2025-08-01 12:04:15 PM,269.9,2,539.8,20173763.450000003
2025-08-01 12:04:53 PM,269.55,0,0.0,20173763.450000003
2025-08-01 12:04:53 PM,269.55,16,4312.8,20178076.250000004
2025-08-01 12:04:53 PM,269.75,0,0.0,20178076.250000004
2025-08-01 12:04:55 PM,269.75,6,1618.5,20179694.750000004
2025-08-01 12:04:59 PM,269.85,0,0.0,20179694.750000004
2025-08-01 12:05:00 PM,269.85,1,269.85,20179964.600000005
2025-08-01 12:05:04 PM,269.85,4,1079.4,20181044.000000004
2025-08-01 12:05:05 PM,269.8,0,0.0,20181044.000000004
2025-08-01 12:05:06 PM,269.8,1,269.8,20181313.800000004
2025-08-01 12:05:49 PM,269.8,3,809.4000000000001,20182123.200000003
2025-08-01 12:05:50 PM,269.8,1,269.8,20182393.000000004
2025-08-01 12:06:24 PM,269.8,10,2698.0,20185091.000000004
2025-08-01 12:06:25 PM,269.8,2,539.6,20185630.600000005
2025-08-01 12:07:01 PM,269.55,0,0.0,20185630.600000005
2025-08-01 12:07:04 PM,269.55,11,2965.05,20188595.650000006
2025-08-01 12:07:04 PM,269.55,26,7008.3,20195603.950000007
2025-08-01 12:07:09 PM,269.8,6,1618.8000000000002,20197222.750000007
2025-08-01 12:07:14 PM,269.8,1,269.8,20197492.55000001
2025-08-01 12:07:29 PM,269.8,110,29678.0,20227170.55000001
2025-08-01 12:07:29 PM,269.85,0,0.0,20227170.55000001
2025-08-01 12:07:30 PM,269.85,12,3238.2000000000003,20230408.750000007
2025-08-01 12:07:35 PM,269.95,12,3239.3999999999996,20233648.150000006
2025-08-01 12:07:40 PM,269.95,3,809.8499999999999,20234458.000000007
2025-08-01 12:08:35 PM,269.8,0,0.0,20234458.000000007
2025-08-01 12:08:35 PM,269.95,0,0.0,20234458.000000007
2025-08-01 12:08:39 PM,269.95,17,4589.15,20239047.150000006
2025-08-01 12:08:40 PM,269.95,4,1079.8,20240126.950000007
2025-08-01 12:10:03 PM,269.8,0,0.0,20240126.950000007
2025-08-01 12:10:04 PM,269.8,26,7014.8,20247141.750000007
2025-08-01 12:10:05 PM,269.95,0,0.0,20247141.750000007
2025-08-01 12:10:09 PM,269.95,6,1619.6999999999998,20248761.450000007
2025-08-01 12:10:14 PM,269.8,118,31836.4,20280597.850000005
2025-08-01 12:10:15 PM,269.95,0,0.0,20280597.850000005
2025-08-01 12:10:20 PM,269.95,23,6208.849999999999,20286806.700000007
2025-08-01 12:10:21 PM,270.0,0,0.0,20286806.700000007
2025-08-01 12:10:25 PM,270.0,5,1350.0,20288156.700000007
2025-08-01 12:10:29 PM,270.0,1,270.0,20288426.700000007
2025-08-01 12:10:49 PM,269.8,8,2158.4,20290585.100000005
2025-08-01 12:10:49 PM,269.95,0,0.0,20290585.100000005
2025-08-01 12:10:54 PM,269.95,2,539.9,20291125.000000004
2025-08-01 12:12:45 PM,269.8,0,0.0,20291125.000000004
2025-08-01 12:12:48 PM,269.8,118,31836.4,20322961.400000002
2025-08-01 12:12:49 PM,269.95,0,0.0,20322961.400000002
2025-08-01 12:12:53 PM,269.95,24,6478.799999999999,20329440.200000003
2025-08-01 12:12:59 PM,269.95,5,1349.75,20330789.950000003
2025-08-01 12:12:59 PM,270.0,0,0.0,20330789.950000003
2025-08-01 12:13:04 PM,270.0,1,270.0,20331059.950000003
2025-08-01 12:13:45 PM,269.85,0,0.0,20331059.950000003
2025-08-01 12:13:48 PM,269.85,25,6746.250000000001,20337806.200000003
2025-08-01 12:13:53 PM,269.85,5,1349.25,20339155.450000003
2025-08-01 12:13:57 PM,269.55,0,0.0,20339155.450000003
2025-08-01 12:13:58 PM,269.55,351,94612.05,20433767.500000004
2025-08-01 12:14:01 PM,269.8,0,0.0,20433767.500000004
2025-08-01 12:14:03 PM,269.8,70,18886.0,20452653.500000004
2025-08-01 12:14:05 PM,269.85,0,0.0,20452653.500000004
2025-08-01 12:14:08 PM,269.85,14,3777.9000000000005,20456431.400000002
2025-08-01 12:14:13 PM,269.85,3,809.5500000000001,20457240.950000003
2025-08-01 12:14:23 PM,269.85,1,269.85,20457510.800000004
2025-08-01 12:14:28 PM,269.85,1,269.85,20457780.650000006
2025-08-01 12:15:19 PM,269.85,1,269.85,20458050.500000007
2025-08-01 12:16:01 PM,269.5,0,0.0,20458050.500000007
2025-08-01 12:16:05 PM,269.5,664,178948.0,20636998.500000007
2025-08-01 12:16:05 PM,269.8,0,0.0,20636998.500000007
2025-08-01 12:16:10 PM,269.8,63,16997.4,20653995.900000006
2025-08-01 12:16:11 PM,270.0,0,0.0,20653995.900000006
2025-08-01 12:16:15 PM,270.0,13,3510.0,20657505.900000006
2025-08-01 12:16:19 PM,270.0,72,19440.0,20676945.900000006
2025-08-01 12:16:24 PM,270.0,16,4320.0,20681265.900000006
2025-08-01 12:16:29 PM,270.0,3,810.0,20682075.900000006
2025-08-01 12:16:33 PM,269.85,0,0.0,20682075.900000006
2025-08-01 12:16:34 PM,269.85,15,4047.7500000000005,20686123.650000006
2025-08-01 12:16:35 PM,270.0,0,0.0,20686123.650000006
2025-08-01 12:16:39 PM,270.0,3,810.0,20686933.650000006
2025-08-01 12:16:44 PM,270.0,1,270.0,20687203.650000006
2025-08-01 12:16:53 PM,269.7,0,0.0,20687203.650000006
2025-08-01 12:16:53 PM,269.95,0,0.0,20687203.650000006
2025-08-01 12:16:53 PM,269.95,543,146582.85,20833786.500000007
2025-08-01 12:16:54 PM,270.0,109,29430.0,20863216.500000007
2025-08-01 12:16:59 PM,269.95,22,5938.9,20869155.400000006
2025-08-01 12:17:03 PM,269.95,4,1079.8,20870235.200000007
2025-08-01 12:17:08 PM,269.95,1,269.95,20870505.150000006
2025-08-01 12:17:43 PM,269.7,0,0.0,20870505.150000006
2025-08-01 12:17:45 PM,269.95,0,0.0,20870505.150000006
2025-08-01 12:17:47 PM,269.95,11,2969.45,20873474.600000005
2025-08-01 12:17:47 PM,270.0,0,0.0,20873474.600000005
2025-08-01 12:17:51 PM,270.0,2,540.0,20874014.600000005
2025-08-01 12:17:51 PM,270.0,1,270.0,20874284.600000005
2025-08-01 12:18:01 PM,270.0,1,270.0,20874554.600000005
2025-08-01 12:18:37 PM,269.7,0,0.0,20874554.600000005
2025-08-01 12:18:40 PM,269.7,2,539.4,20875094.000000004
2025-08-01 12:19:31 PM,269.7,200,53940.0,20929034.000000004
2025-08-01 12:19:33 PM,269.95,0,0.0,20929034.000000004
2025-08-01 12:19:36 PM,269.95,35,9448.25,20938482.250000004
2025-08-01 12:19:37 PM,270.0,0,0.0,20938482.250000004
2025-08-01 12:19:41 PM,270.0,12,3240.0,20941722.250000004
2025-08-01 12:19:46 PM,270.0,3,810.0,20942532.250000004
2025-08-01 12:20:23 PM,270.0,1,270.0,20942802.250000004
2025-08-01 12:20:32 PM,269.75,0,0.0,20942802.250000004
2025-08-01 12:20:33 PM,269.75,27,7283.25,20950085.500000004
2025-08-01 12:20:34 PM,270.0,0,0.0,20950085.500000004
2025-08-01 12:20:39 PM,270.0,6,1620.0,20951705.500000004
2025-08-01 12:20:39 PM,269.8,15,4047.0,20955752.500000004
2025-08-01 12:20:40 PM,270.0,0,0.0,20955752.500000004
2025-08-01 12:20:43 PM,270.0,4,1080.0,20956832.500000004
2025-08-01 12:20:48 PM,270.0,1,270.0,20957102.500000004
2025-08-01 12:21:09 PM,270.0,12,3240.0,20960342.500000004
2025-08-01 12:21:14 PM,270.0,2,540.0,20960882.500000004
2025-08-01 12:21:18 PM,270.0,1,270.0,20961152.500000004
2025-08-01 12:21:28 PM,270.0,11,2970.0,20964122.500000004
2025-08-01 12:21:33 PM,270.0,2,540.0,20964662.500000004
2025-08-01 12:21:37 PM,270.0,1,270.0,20964932.500000004
2025-08-01 12:21:42 PM,270.0,200,54000.0,21018932.500000004
2025-08-01 12:21:46 PM,270.0,40,10800.0,21029732.500000004
2025-08-01 12:21:52 PM,270.0,8,2160.0,21031892.500000004
2025-08-01 12:21:56 PM,270.0,1,270.0,21032162.500000004
2025-08-01 12:22:02 PM,270.0,1,270.0,21032432.500000004
2025-08-01 12:23:58 PM,270.0,100,27000.0,21059432.500000004
2025-08-01 12:24:03 PM,270.0,20,5400.0,21064832.500000004
2025-08-01 12:24:08 PM,270.0,4,1080.0,21065912.500000004
2025-08-01 12:24:13 PM,270.0,1,270.0,21066182.500000004
2025-08-01 12:24:32 PM,269.85,0,0.0,21066182.500000004
2025-08-01 12:24:33 PM,269.85,3,809.5500000000001,21066992.050000004
2025-08-01 12:24:33 PM,270.0,0,0.0,21066992.050000004
2025-08-01 12:24:37 PM,270.0,1,270.0,21067262.050000004
2025-08-01 12:24:57 PM,270.0,10,2700.0,21069962.050000004
2025-08-01 12:25:02 PM,270.0,2,540.0,21070502.050000004
2025-08-01 12:25:07 PM,270.0,1,270.0,21070772.050000004
2025-08-01 12:25:12 PM,270.0,1,270.0,21071042.050000004
2025-08-01 12:25:52 PM,270.0,19,5130.0,21076172.050000004
2025-08-01 12:27:09 PM,270.1,5,1350.5,21077522.550000004
2025-08-01 12:27:32 PM,270.35,0,0.0,21077522.550000004
2025-08-01 12:27:33 PM,270.35,2,540.7,21078063.250000004
2025-08-01 12:27:42 PM,270.05,0,0.0,21078063.250000004
2025-08-01 12:27:43 PM,270.05,200,54010.0,21132073.250000004
2025-08-01 12:28:07 PM,270.05,1,270.05,21132343.300000004
2025-08-01 12:29:50 PM,269.8,0,0.0,21132343.300000004
2025-08-01 12:29:51 PM,269.8,410,110618.0,21242961.300000004
2025-08-01 12:30:37 PM,270.15,0,0.0,21242961.300000004
2025-08-01 12:30:38 PM,270.15,1,270.15,21243231.450000003
2025-08-01 12:32:12 PM,270.15,50,13507.499999999998,21256738.950000003
2025-08-01 12:33:59 PM,269.85,0,0.0,21256738.950000003
2025-08-01 12:34:03 PM,269.85,105,28334.250000000004,21285073.200000003
2025-08-01 12:34:03 PM,269.95,0,0.0,21285073.200000003
2025-08-01 12:34:04 PM,269.95,21,5668.95,21290742.150000002
2025-08-01 12:34:09 PM,270.0,5,1350.0,21292092.150000002
2025-08-01 12:34:13 PM,270.0,4,1080.0,21293172.150000002
2025-08-01 12:34:14 PM,270.0,1,270.0,21293442.150000002
2025-08-01 12:34:19 PM,270.0,1,270.0,21293712.150000002
2025-08-01 12:35:55 PM,270.05,0,0.0,21293712.150000002
2025-08-01 12:35:56 PM,270.05,60,16203.0,21309915.150000002
2025-08-01 12:36:17 PM,269.75,0,0.0,21309915.150000002
2025-08-01 12:36:17 PM,269.75,2,539.5,21310454.650000002
2025-08-01 12:36:40 PM,270.05,0,0.0,21310454.650000002
2025-08-01 12:36:43 PM,270.05,2,540.1,21310994.750000004
2025-08-01 12:37:36 PM,270.0,0,0.0,21310994.750000004
2025-08-01 12:37:38 PM,270.0,1,270.0,21311264.750000004
2025-08-01 12:37:48 PM,269.8,12,3237.6000000000004,21314502.350000005
2025-08-01 12:37:48 PM,270.0,0,0.0,21314502.350000005
2025-08-01 12:37:49 PM,270.0,3,810.0,21315312.350000005
2025-08-01 12:37:53 PM,270.0,3,810.0,21316122.350000005
2025-08-01 12:37:58 PM,270.0,1,270.0,21316392.350000005
2025-08-01 12:38:04 PM,269.75,0,0.0,21316392.350000005
2025-08-01 12:38:08 PM,269.75,5,1348.75,21317741.100000005
2025-08-01 12:38:09 PM,269.95,0,0.0,21317741.100000005
2025-08-01 12:38:13 PM,269.95,1,269.95,21318011.050000004
2025-08-01 12:38:24 PM,269.75,0,0.0,21318011.050000004
2025-08-01 12:38:24 PM,269.75,50,13487.5,21331498.550000004
2025-08-01 12:38:24 PM,269.95,0,0.0,21331498.550000004
2025-08-01 12:38:28 PM,269.95,10,2699.5,21334198.050000004
2025-08-01 12:38:33 PM,269.95,2,539.9,21334737.950000003
2025-08-01 12:38:37 PM,269.95,1,269.95,21335007.900000002
2025-08-01 12:39:41 PM,269.9,10,2699.0,21337706.900000002
2025-08-01 12:39:46 PM,269.9,2,539.8,21338246.700000003
2025-08-01 12:40:25 PM,270.1,0,0.0,21338246.700000003
2025-08-01 12:40:27 PM,270.1,500,135050.0,21473296.700000003
2025-08-01 12:41:11 PM,269.5,0,0.0,21473296.700000003
2025-08-01 12:41:14 PM,269.5,488,131516.0,21604812.700000003
2025-08-01 12:41:15 PM,269.8,0,0.0,21604812.700000003
2025-08-01 12:41:19 PM,269.8,98,26440.4,21631253.1
2025-08-01 12:41:25 PM,269.8,19,5126.2,21636379.3
2025-08-01 12:41:25 PM,269.9,0,0.0,21636379.3
2025-08-01 12:41:30 PM,269.9,4,1079.6,21637458.900000002
2025-08-01 12:41:35 PM,269.9,1,269.9,21637728.8
2025-08-01 12:41:41 PM,269.55,0,0.0,21637728.8
2025-08-01 12:41:45 PM,269.55,1,269.55,21637998.35
2025-08-01 12:42:55 PM,269.4,0,0.0,21637998.35
2025-08-01 12:42:58 PM,269.4,462,124462.79999999999,21762461.150000002
2025-08-01 12:42:59 PM,269.75,0,0.0,21762461.150000002
2025-08-01 12:43:03 PM,269.75,93,25086.75,21787547.900000002
2025-08-01 12:43:08 PM,269.75,18,4855.5,21792403.400000002
2025-08-01 12:43:11 PM,269.7,0,0.0,21792403.400000002
2025-08-01 12:43:14 PM,269.7,4,1078.8,21793482.200000003
2025-08-01 12:43:17 PM,269.75,0,0.0,21793482.200000003
2025-08-01 12:43:20 PM,269.75,1,269.75,21793751.950000003
2025-08-01 12:43:53 PM,269.75,1,269.75,21794021.700000003
2025-08-01 12:44:30 PM,269.85,1211,326788.35000000003,22120810.050000004
2025-08-01 12:44:49 PM,270.0,0,0.0,22120810.050000004
2025-08-01 12:44:51 PM,270.0,25,6750.0,22127560.050000004
2025-08-01 12:45:48 PM,270.0,127,34290.0,22161850.050000004
2025-08-01 12:48:41 PM,270.2,30,8106.0,22169956.050000004
2025-08-01 12:49:13 PM,270.25,0,0.0,22169956.050000004
2025-08-01 12:49:14 PM,270.25,52,14053.0,22184009.050000004
2025-08-01 12:52:29 PM,270.0,0,0.0,22184009.050000004
2025-08-01 12:52:31 PM,270.0,51,13770.0,22197779.050000004
2025-08-01 12:52:49 PM,270.25,0,0.0,22197779.050000004
2025-08-01 12:52:51 PM,270.25,190,51347.5,22249126.550000004
2025-08-01 12:53:31 PM,270.0,9,2430.0,22251556.550000004
2025-08-01 12:53:36 PM,270.0,132,35640.0,22287196.550000004
2025-08-01 12:53:41 PM,270.0,26,7020.0,22294216.550000004
2025-08-01 12:53:47 PM,269.85,10,2698.5,22296915.050000004
2025-08-01 12:53:47 PM,270.0,8,2160.0,22299075.050000004
2025-08-01 12:53:52 PM,270.0,1,270.0,22299345.050000004
2025-08-01 12:54:57 PM,269.75,0,0.0,22299345.050000004
2025-08-01 12:54:58 PM,269.75,70,18882.5,22318227.550000004
2025-08-01 12:54:59 PM,270.0,0,0.0,22318227.550000004
2025-08-01 12:55:03 PM,270.0,15,4050.0,22322277.550000004
2025-08-01 12:55:09 PM,270.0,3,810.0,22323087.550000004
2025-08-01 12:56:49 PM,270.1,0,0.0,22323087.550000004
2025-08-01 12:56:49 PM,270.1,67,18096.7,22341184.250000004
2025-08-01 12:56:59 PM,269.7,36,9709.199999999999,22350893.450000003
2025-08-01 12:56:59 PM,269.95,0,0.0,22350893.450000003
2025-08-01 12:57:00 PM,269.95,8,2159.6,22353053.050000004
2025-08-01 12:57:05 PM,269.95,1,269.95,22353323.000000004
2025-08-01 12:57:39 PM,269.95,22,5938.9,22359261.900000002
2025-08-01 12:57:39 PM,270.0,0,0.0,22359261.900000002
2025-08-01 12:57:40 PM,270.0,4,1080.0,22360341.900000002
2025-08-01 12:57:45 PM,270.0,1,270.0,22360611.900000002
2025-08-01 12:58:50 PM,270.0,1,270.0,22360881.900000002
2025-08-01 12:59:37 PM,269.95,0,0.0,22360881.900000002
2025-08-01 12:59:41 PM,269.95,143,38602.85,22399484.750000004
2025-08-01 12:59:41 PM,269.95,29,7828.549999999999,22407313.300000004
2025-08-01 12:59:46 PM,270.0,5,1350.0,22408663.300000004
2025-08-01 12:59:57 PM,270.0,1,270.0,22408933.300000004
2025-08-01 01:00:02 PM,270.0,1,270.0,22409203.300000004
2025-08-01 01:00:23 PM,270.0,1,270.0,22409473.300000004
2025-08-01 01:01:54 PM,269.6,0,0.0,22409473.300000004
2025-08-01 01:01:54 PM,269.9,0,0.0,22409473.300000004
2025-08-01 01:01:55 PM,269.9,89,24021.1,22433494.400000006
2025-08-01 01:01:58 PM,270.0,0,0.0,22433494.400000006
2025-08-01 01:02:00 PM,270.0,18,4860.0,22438354.400000006
2025-08-01 01:02:05 PM,270.0,3,810.0,22439164.400000006
2025-08-01 01:02:10 PM,270.0,1,270.0,22439434.400000006
2025-08-01 01:03:50 PM,270.0,1,270.0,22439704.400000006
2025-08-01 01:04:24 PM,270.0,7,1890.0,22441594.400000006
2025-08-01 01:04:29 PM,270.0,2,540.0,22442134.400000006
2025-08-01 01:04:59 PM,269.65,1,269.65,22442404.050000004
2025-08-01 01:06:56 PM,269.8,20,5396.0,22447800.050000004
2025-08-01 01:06:57 PM,270.0,0,0.0,22447800.050000004
2025-08-01 01:07:01 PM,270.0,4,1080.0,22448880.050000004
2025-08-01 01:07:06 PM,270.0,1,270.0,22449150.050000004
2025-08-01 01:07:21 PM,270.0,2,540.0,22449690.050000004
2025-08-01 01:07:26 PM,270.0,1,270.0,22449960.050000004
2025-08-01 01:07:37 PM,270.0,100,27000.0,22476960.050000004
2025-08-01 01:07:42 PM,270.0,20,5400.0,22482360.050000004
2025-08-01 01:07:47 PM,270.0,4,1080.0,22483440.050000004
2025-08-01 01:07:52 PM,270.0,1,270.0,22483710.050000004
2025-08-01 01:08:02 PM,270.0,50,13500.0,22497210.050000004
2025-08-01 01:08:07 PM,270.0,10,2700.0,22499910.050000004
2025-08-01 01:08:12 PM,270.0,2,540.0,22500450.050000004
2025-08-01 01:09:45 PM,269.65,152,40986.799999999996,22541436.850000005
2025-08-01 01:09:45 PM,270.0,0,0.0,22541436.850000005
2025-08-01 01:09:47 PM,270.0,31,8370.0,22549806.850000005
2025-08-01 01:09:53 PM,270.0,6,1620.0,22551426.850000005
2025-08-01 01:09:58 PM,270.0,1,270.0,22551696.850000005
2025-08-01 01:10:18 PM,270.0,100,27000.0,22578696.850000005
2025-08-01 01:10:23 PM,270.0,20,5400.0,22584096.850000005
2025-08-01 01:10:28 PM,270.0,4,1080.0,22585176.850000005
2025-08-01 01:10:33 PM,270.0,1,270.0,22585446.850000005
2025-08-01 01:10:41 PM,270.15,0,0.0,22585446.850000005
2025-08-01 01:10:44 PM,270.15,350,94552.49999999999,22679999.350000005
2025-08-01 01:10:45 PM,269.6,0,0.0,22679999.350000005
2025-08-01 01:10:46 PM,269.6,253,68208.8,22748208.150000006
2025-08-01 01:10:47 PM,270.0,0,0.0,22748208.150000006
2025-08-01 01:10:49 PM,270.0,121,32670.0,22780878.150000006
2025-08-01 01:10:54 PM,270.0,24,6480.0,22787358.150000006
2025-08-01 01:10:59 PM,270.0,5,1350.0,22788708.150000006
2025-08-01 01:11:03 PM,270.0,1,270.0,22788978.150000006
2025-08-01 01:11:05 PM,270.0,75,20250.0,22809228.150000006
2025-08-01 01:11:09 PM,270.0,15,4050.0,22813278.150000006
2025-08-01 01:11:14 PM,270.0,3,810.0,22814088.150000006
2025-08-01 01:11:18 PM,270.0,1,270.0,22814358.150000006
2025-08-01 01:12:21 PM,270.2,0,0.0,22814358.150000006
2025-08-01 01:12:23 PM,270.2,333,89976.59999999999,22904334.750000007
2025-08-01 01:12:25 PM,270.15,0,0.0,22904334.750000007
2025-08-01 01:12:28 PM,270.15,15,4052.2499999999995,22908387.000000007
2025-08-01 01:12:44 PM,270.15,10,2701.5,22911088.500000007
2025-08-01 01:12:47 PM,269.9,0,0.0,22911088.500000007
2025-08-01 01:12:49 PM,269.9,15,4048.4999999999995,22915137.000000007
2025-08-01 01:12:59 PM,269.9,10,2699.0,22917836.000000007
2025-08-01 01:13:03 PM,269.8,0,0.0,22917836.000000007
2025-08-01 01:13:04 PM,269.8,273,73655.40000000001,22991491.400000006
2025-08-01 01:13:27 PM,270.2,0,0.0,22991491.400000006
2025-08-01 01:13:29 PM,270.2,3,810.5999999999999,22992302.000000007
2025-08-01 01:13:52 PM,270.2,1,270.2,22992572.200000007
2025-08-01 01:14:33 PM,269.7,0,0.0,22992572.200000007
2025-08-01 01:14:35 PM,270.2,0,0.0,22992572.200000007
2025-08-01 01:14:35 PM,270.2,2000,540400.0,23532972.200000007
2025-08-01 01:15:29 PM,270.15,0,0.0,23532972.200000007
2025-08-01 01:15:29 PM,270.15,20,5403.0,23538375.200000007
2025-08-01 01:15:49 PM,269.85,0,0.0,23538375.200000007
2025-08-01 01:15:50 PM,269.85,9,2428.65,23540803.850000005
2025-08-01 01:15:51 PM,270.0,0,0.0,23540803.850000005
2025-08-01 01:15:52 PM,270.0,2,540.0,23541343.850000005
2025-08-01 01:15:57 PM,270.0,1,270.0,23541613.850000005
2025-08-01 01:17:23 PM,269.95,0,0.0,23541613.850000005
2025-08-01 01:17:24 PM,269.95,10,2699.5,23544313.350000005
2025-08-01 01:17:25 PM,270.0,0,0.0,23544313.350000005
2025-08-01 01:17:26 PM,270.0,2,540.0,23544853.350000005
2025-08-01 01:17:29 PM,269.95,0,0.0,23544853.350000005
2025-08-01 01:17:29 PM,269.95,200,53990.0,23598843.350000005
2025-08-01 01:17:31 PM,270.0,0,0.0,23598843.350000005
2025-08-01 01:17:32 PM,270.0,58,15660.0,23614503.350000005
2025-08-01 01:17:36 PM,270.0,12,3240.0,23617743.350000005
2025-08-01 01:17:42 PM,270.0,2,540.0,23618283.350000005
2025-08-01 01:17:47 PM,270.0,1,270.0,23618553.350000005
2025-08-01 01:17:51 PM,270.05,0,0.0,23618553.350000005
2025-08-01 01:17:52 PM,270.05,50,13502.5,23632055.850000005
2025-08-01 01:17:56 PM,269.65,52,14021.8,23646077.650000006
2025-08-01 01:17:59 PM,270.0,0,0.0,23646077.650000006
2025-08-01 01:18:01 PM,270.0,10,2700.0,23648777.650000006
2025-08-01 01:18:06 PM,270.0,2,540.0,23649317.650000006
2025-08-01 01:18:12 PM,270.0,1,270.0,23649587.650000006
2025-08-01 01:18:15 PM,269.7,0,0.0,23649587.650000006
2025-08-01 01:18:17 PM,269.7,30,8091.0,23657678.650000006
2025-08-01 01:18:19 PM,270.0,0,0.0,23657678.650000006
2025-08-01 01:18:22 PM,270.0,6,1620.0,23659298.650000006
2025-08-01 01:18:27 PM,270.0,1,270.0,23659568.650000006
2025-08-01 01:19:03 PM,269.95,0,0.0,23659568.650000006
2025-08-01 01:19:07 PM,269.95,10,2699.5,23662268.150000006
2025-08-01 01:19:09 PM,270.0,0,0.0,23662268.150000006
2025-08-01 01:19:12 PM,270.0,2,540.0,23662808.150000006
2025-08-01 01:19:17 PM,270.0,1,270.0,23663078.150000006
2025-08-01 01:19:56 PM,270.0,2,540.0,23663618.150000006
2025-08-01 01:20:39 PM,270.05,0,0.0,23663618.150000006
2025-08-01 01:20:41 PM,270.05,10,2700.5,23666318.650000006
2025-08-01 01:22:23 PM,269.75,5,1348.75,23667667.400000006
2025-08-01 01:22:23 PM,269.75,17,4585.75,23672253.150000006
2025-08-01 01:22:28 PM,270.0,0,0.0,23672253.150000006
2025-08-01 01:22:28 PM,270.0,4,1080.0,23673333.150000006
2025-08-01 01:22:33 PM,270.0,1,270.0,23673603.150000006
2025-08-01 01:23:25 PM,269.65,0,0.0,23673603.150000006
2025-08-01 01:23:28 PM,269.65,1,269.65,23673872.800000004
2025-08-01 01:23:49 PM,269.75,0,0.0,23673872.800000004
2025-08-01 01:23:52 PM,269.75,250,67437.5,23741310.300000004
2025-08-01 01:23:52 PM,270.0,50,13500.0,23754810.300000004
2025-08-01 01:23:56 PM,269.75,0,0.0,23754810.300000004
2025-08-01 01:23:57 PM,269.75,8,2158.0,23756968.300000004
2025-08-01 01:23:57 PM,269.75,242,65279.5,23822247.800000004
2025-08-01 01:24:06 PM,269.75,121,32639.75,23854887.550000004
2025-08-01 01:24:11 PM,269.75,24,6474.0,23861361.550000004
2025-08-01 01:24:11 PM,269.75,5,1348.75,23862710.300000004
2025-08-01 01:24:21 PM,269.75,1,269.75,23862980.050000004
2025-08-01 01:27:27 PM,269.75,15,4046.25,23867026.300000004
2025-08-01 01:27:32 PM,269.75,6,1618.5,23868644.800000004
2025-08-01 01:27:37 PM,269.75,2,539.5,23869184.300000004
2025-08-01 01:30:39 PM,269.75,1,269.75,23869454.050000004
2025-08-01 01:31:23 PM,269.7,0,0.0,23869454.050000004
2025-08-01 01:31:24 PM,269.75,0,0.0,23869454.050000004
2025-08-01 01:31:26 PM,269.75,457,123275.75,23992729.800000004
2025-08-01 01:31:30 PM,269.75,55,14836.25,24007566.050000004
2025-08-01 01:31:31 PM,269.9,0,0.0,24007566.050000004
2025-08-01 01:31:35 PM,269.9,47,12685.3,24020251.350000005
2025-08-01 01:31:37 PM,269.85,0,0.0,24020251.350000005
2025-08-01 01:31:40 PM,269.85,10,2698.5,24022949.850000005
2025-08-01 01:31:45 PM,269.85,2,539.7,24023489.550000004
2025-08-01 01:32:09 PM,269.9,0,0.0,24023489.550000004
2025-08-01 01:32:10 PM,269.9,100,26989.999999999996,24050479.550000004
2025-08-01 01:32:15 PM,269.9,20,5398.0,24055877.550000004
2025-08-01 01:32:20 PM,269.9,4,1079.6,24056957.150000006
2025-08-01 01:32:25 PM,269.9,1,269.9,24057227.050000004
2025-08-01 01:32:39 PM,269.5,0,0.0,24057227.050000004
2025-08-01 01:32:40 PM,269.5,200,53900.0,24111127.050000004
2025-08-01 01:32:41 PM,269.85,0,0.0,24111127.050000004
2025-08-01 01:32:44 PM,269.85,41,11063.85,24122190.900000006
2025-08-01 01:32:45 PM,269.9,0,0.0,24122190.900000006
2025-08-01 01:32:49 PM,269.9,9,2429.1,24124620.000000007
2025-08-01 01:32:54 PM,269.9,1,269.9,24124889.900000006
2025-08-01 01:32:58 PM,269.9,1,269.9,24125159.800000004
2025-08-01 01:33:02 PM,269.6,0,0.0,24125159.800000004
2025-08-01 01:33:03 PM,269.6,1,269.6,24125429.400000006
2025-08-01 01:33:16 PM,269.9,0,0.0,24125429.400000006
2025-08-01 01:33:18 PM,269.9,56,15114.399999999998,24140543.800000004
2025-08-01 01:33:23 PM,269.9,11,2968.8999999999996,24143512.700000003
2025-08-01 01:33:28 PM,269.9,2,539.8,24144052.500000004
2025-08-01 01:33:32 PM,269.9,1,269.9,24144322.400000002
2025-08-01 01:35:09 PM,269.55,70,18868.5,24163190.900000002
2025-08-01 01:35:09 PM,269.9,0,0.0,24163190.900000002
2025-08-01 01:35:13 PM,269.9,14,3778.5999999999995,24166969.500000004
2025-08-01 01:35:18 PM,269.9,3,809.6999999999999,24167779.200000003
2025-08-01 01:35:33 PM,269.9,10,2699.0,24170478.200000003
2025-08-01 01:35:37 PM,269.9,2,539.8,24171018.000000004
2025-08-01 01:35:42 PM,269.9,1,269.9,24171287.900000002
2025-08-01 01:36:59 PM,269.85,10,2698.5,24173986.400000002
2025-08-01 01:37:04 PM,269.85,2,539.7,24174526.1
2025-08-01 01:40:36 PM,269.4,1911,514823.39999999997,24689349.5
2025-08-01 01:40:37 PM,269.45,0,0.0,24689349.5
2025-08-01 01:40:41 PM,269.45,15,4041.75,24693391.25
2025-08-01 01:40:43 PM,269.65,0,0.0,24693391.25
2025-08-01 01:40:46 PM,269.7,371,100058.7,24793449.95
2025-08-01 01:40:51 PM,269.7,74,19957.8,24813407.75
2025-08-01 01:40:53 PM,269.75,0,0.0,24813407.75
2025-08-01 01:40:56 PM,269.75,15,4046.25,24817454.0
2025-08-01 01:41:00 PM,269.75,13,3506.75,24820960.75
2025-08-01 01:41:01 PM,269.8,0,0.0,24820960.75
2025-08-01 01:41:06 PM,269.8,3,809.4000000000001,24821770.15
2025-08-01 01:41:11 PM,269.8,1,269.8,24822039.95
2025-08-01 01:42:24 PM,269.8,20,5396.0,24827435.95
2025-08-01 01:42:29 PM,269.8,4,1079.2,24828515.15
2025-08-01 01:42:34 PM,269.8,1,269.8,24828784.95
2025-08-01 01:42:59 PM,269.8,2,539.6,24829324.55
2025-08-01 01:44:24 PM,270.0,370,99900.0,24929224.55
2025-08-01 01:44:29 PM,269.7,0,0.0,24929224.55
2025-08-01 01:44:29 PM,269.95,95,25645.25,24954869.8
2025-08-01 01:44:33 PM,269.6,0,0.0,24954869.8
2025-08-01 01:44:34 PM,269.6,23,6200.8,24961070.6
2025-08-01 01:44:34 PM,269.9,24,6477.599999999999,24967548.200000003
2025-08-01 01:44:39 PM,269.95,0,0.0,24967548.200000003
2025-08-01 01:44:39 PM,269.95,4,1079.8,24968628.000000004
2025-08-01 01:44:44 PM,269.95,1,269.95,24968897.950000003
2025-08-01 01:45:43 PM,269.9,0,0.0,24968897.950000003
2025-08-01 01:45:43 PM,269.9,10,2699.0,24971596.950000003
2025-08-01 01:45:44 PM,269.9,2,539.8,24972136.750000004
2025-08-01 01:45:49 PM,269.9,1,269.9,24972406.650000002
2025-08-01 01:46:07 PM,269.9,5,1349.5,24973756.150000002
2025-08-01 01:46:08 PM,269.9,1,269.9,24974026.05
2025-08-01 01:46:31 PM,269.65,0,0.0,24974026.05
2025-08-01 01:46:31 PM,269.9,0,0.0,24974026.05
2025-08-01 01:46:32 PM,269.9,145,39135.5,25013161.55
2025-08-01 01:46:33 PM,269.9,29,7827.099999999999,25020988.650000002
2025-08-01 01:46:37 PM,269.95,0,0.0,25020988.650000002
2025-08-01 01:46:38 PM,269.95,6,1619.6999999999998,25022608.35
2025-08-01 01:46:43 PM,270.0,0,0.0,25022608.35
2025-08-01 01:46:43 PM,270.0,1,270.0,25022878.35
2025-08-01 01:47:37 PM,269.7,0,0.0,25022878.35
2025-08-01 01:47:37 PM,269.7,57,15372.9,25038251.25
2025-08-01 01:47:38 PM,269.7,11,2966.7,25041217.95
2025-08-01 01:47:43 PM,269.8,0,0.0,25041217.95
2025-08-01 01:47:44 PM,269.8,3,809.4000000000001,25042027.349999998
2025-08-01 01:47:45 PM,269.7,0,0.0,25042027.349999998
2025-08-01 01:47:48 PM,269.7,5,1348.5,25043375.849999998
2025-08-01 01:47:49 PM,269.9,1,269.9,25043645.749999996
2025-08-01 01:48:05 PM,269.7,0,0.0,25043645.749999996
2025-08-01 01:48:07 PM,269.7,1,269.7,25043915.449999996
2025-08-01 01:48:08 PM,269.9,1,269.9,25044185.349999994
2025-08-01 01:48:15 PM,269.7,0,0.0,25044185.349999994
2025-08-01 01:48:17 PM,269.7,1,269.7,25044455.049999993
2025-08-01 01:49:40 PM,269.7,3,809.0999999999999,25045264.149999995
2025-08-01 01:49:41 PM,269.9,0,0.0,25045264.149999995
2025-08-01 01:49:45 PM,269.9,1,269.9,25045534.049999993
2025-08-01 01:50:09 PM,269.9,3,809.6999999999999,25046343.749999993
2025-08-01 01:50:44 PM,269.4,0,0.0,25046343.749999993
2025-08-01 01:50:44 PM,269.4,1295,348872.99999999994,25395216.749999993
2025-08-01 01:50:45 PM,269.6,0,0.0,25395216.749999993
2025-08-01 01:50:48 PM,269.6,33,8896.800000000001,25404113.549999993
2025-08-01 01:50:49 PM,269.8,0,0.0,25404113.549999993
2025-08-01 01:50:51 PM,269.4,0,0.0,25404113.549999993
2025-08-01 01:50:53 PM,269.4,1066,287180.39999999997,25691293.94999999
2025-08-01 01:50:55 PM,269.35,0,0.0,25691293.94999999
2025-08-01 01:50:58 PM,269.35,213,57371.55,25748665.499999993
2025-08-01 01:50:59 PM,269.4,0,0.0,25748665.499999993
2025-08-01 01:51:03 PM,269.4,43,11584.199999999999,25760249.69999999
2025-08-01 01:51:05 PM,269.45,0,0.0,25760249.69999999
2025-08-01 01:51:09 PM,269.45,8,2155.6,25762405.299999993
2025-08-01 01:51:14 PM,269.45,2,538.9,25762944.19999999
2025-08-01 01:51:42 PM,269.45,10,2694.5,25765638.69999999
2025-08-01 01:51:43 PM,268.9,0,0.0,25765638.69999999
2025-08-01 01:51:47 PM,268.9,640,172096.0,25937734.69999999
2025-08-01 01:51:48 PM,269.0,0,0.0,25937734.69999999
2025-08-01 01:51:52 PM,269.0,229,61601.0,25999335.69999999
2025-08-01 01:51:53 PM,269.2,0,0.0,25999335.69999999
2025-08-01 01:51:57 PM,269.2,46,12383.199999999999,26011718.89999999
2025-08-01 01:52:02 PM,269.2,9,2422.7999999999997,26014141.69999999
2025-08-01 01:52:07 PM,269.2,2,538.4,26014680.09999999
2025-08-01 01:52:11 PM,269.2,1,269.2,26014949.29999999
2025-08-01 01:53:19 PM,269.2,10,2692.0,26017641.29999999
2025-08-01 01:53:24 PM,269.2,2,538.4,26018179.699999988
2025-08-01 01:55:54 PM,269.0,500,134500.0,26152679.699999988
2025-08-01 01:55:55 PM,269.2,0,0.0,26152679.699999988
2025-08-01 01:55:59 PM,269.2,5,1346.0,26154025.699999988
2025-08-01 01:56:00 PM,269.3,0,0.0,26154025.699999988
2025-08-01 01:56:04 PM,269.3,96,25852.800000000003,26179878.49999999
2025-08-01 01:56:09 PM,269.3,20,5386.0,26185264.49999999
2025-08-01 01:56:14 PM,269.3,4,1077.2,26186341.699999988
2025-08-01 01:56:31 PM,269.1,0,0.0,26186341.699999988
2025-08-01 01:56:34 PM,269.1,155,41710.5,26228052.199999988
2025-08-01 01:56:34 PM,269.3,31,8348.300000000001,26236400.49999999
2025-08-01 01:56:39 PM,269.3,7,1885.1000000000001,26238285.59999999
2025-08-01 01:56:44 PM,269.3,1,269.3,26238554.89999999
2025-08-01 01:57:13 PM,269.0,0,0.0,26238554.89999999
2025-08-01 01:57:14 PM,269.0,2671,718499.0,26957053.89999999
2025-08-01 01:57:14 PM,269.25,39,10500.75,26967554.64999999
2025-08-01 01:57:19 PM,269.3,69,18581.7,26986136.34999999
2025-08-01 01:57:24 PM,269.65,14,3775.0999999999995,26989911.44999999
2025-08-01 01:57:25 PM,269.7,0,0.0,26989911.44999999
2025-08-01 01:57:28 PM,269.7,434,117049.79999999999,27106961.249999993
2025-08-01 01:57:33 PM,269.7,90,24273.0,27131234.249999993
2025-08-01 01:57:38 PM,269.7,18,4854.599999999999,27136088.849999994
2025-08-01 01:57:39 PM,269.75,0,0.0,27136088.849999994
2025-08-01 01:57:43 PM,269.75,3,809.25,27136898.099999994
2025-08-01 01:57:47 PM,269.75,1,269.75,27137167.849999994
2025-08-01 01:58:08 PM,269.35,48,12928.800000000001,27150096.649999995
2025-08-01 01:58:09 PM,269.65,0,0.0,27150096.649999995
2025-08-01 01:58:12 PM,269.65,10,2696.5,27152793.149999995
2025-08-01 01:58:17 PM,269.65,2,539.3,27153332.449999996
2025-08-01 02:00:28 PM,269.65,5,1348.25,27154680.699999996
2025-08-01 02:00:29 PM,269.7,0,0.0,27154680.699999996
2025-08-01 02:00:33 PM,269.8,101,27249.800000000003,27181930.499999996
2025-08-01 02:00:37 PM,269.8,40,10792.0,27192722.499999996
2025-08-01 02:00:38 PM,269.85,0,0.0,27192722.499999996
2025-08-01 02:00:42 PM,269.85,8,2158.8,27194881.299999997
2025-08-01 02:00:43 PM,269.8,0,0.0,27194881.299999997
2025-08-01 02:00:47 PM,269.8,2,539.6,27195420.9
2025-08-01 02:01:49 PM,269.5,0,0.0,27195420.9
2025-08-01 02:01:50 PM,269.5,50,13475.0,27208895.9
2025-08-01 02:01:51 PM,269.8,0,0.0,27208895.9
2025-08-01 02:01:55 PM,269.8,13,3507.4,27212403.299999997
2025-08-01 02:02:00 PM,269.8,3,809.4000000000001,27213212.699999996
2025-08-01 02:02:39 PM,269.5,40,10780.0,27223992.699999996
2025-08-01 02:02:39 PM,269.75,8,2158.0,27226150.699999996
2025-08-01 02:02:44 PM,269.75,2,539.5,27226690.199999996
2025-08-01 02:02:51 PM,269.4,0,0.0,27226690.199999996
2025-08-01 02:02:54 PM,269.4,14,3771.5999999999995,27230461.799999997
2025-08-01 02:02:54 PM,269.65,3,808.9499999999999,27231270.749999996
2025-08-01 02:02:59 PM,269.65,1,269.65,27231540.399999995
2025-08-01 02:03:31 PM,269.4,0,0.0,27231540.399999995
2025-08-01 02:03:35 PM,269.4,30,8081.999999999999,27239622.399999995
2025-08-01 02:03:35 PM,269.65,6,1617.8999999999999,27241240.299999993
2025-08-01 02:03:40 PM,269.7,1,269.7,27241509.999999993
2025-08-01 02:03:55 PM,269.85,333,89860.05,27331370.049999993
2025-08-01 02:03:55 PM,269.8,67,18076.600000000002,27349446.649999995
2025-08-01 02:04:00 PM,269.85,13,3508.05,27352954.699999996
2025-08-01 02:04:05 PM,269.85,3,809.5500000000001,27353764.249999996
2025-08-01 02:04:10 PM,269.85,1,269.85,27354034.099999998
2025-08-01 02:05:06 PM,269.85,1,269.85,27354303.95
2025-08-01 02:05:23 PM,269.45,0,0.0,27354303.95
2025-08-01 02:05:26 PM,269.45,116,31256.199999999997,27385560.15
2025-08-01 02:05:26 PM,269.75,23,6204.25,27391764.4
2025-08-01 02:05:31 PM,269.75,5,1348.75,27393113.15
2025-08-01 02:05:36 PM,269.75,1,269.75,27393382.9
2025-08-01 02:06:21 PM,269.35,0,0.0,27393382.9
2025-08-01 02:06:21 PM,269.35,273,73532.55,27466915.45
2025-08-01 02:06:26 PM,269.75,55,14836.25,27481751.7
2025-08-01 02:06:31 PM,269.85,0,0.0,27481751.7
2025-08-01 02:06:31 PM,269.85,11,2968.3500000000004,27484720.05
2025-08-01 02:06:36 PM,269.85,2,539.7,27485259.75
2025-08-01 02:06:57 PM,269.85,1,269.85,27485529.6
2025-08-01 02:07:28 PM,269.55,0,0.0,27485529.6
2025-08-01 02:07:32 PM,269.55,19,5121.45,27490651.05
2025-08-01 02:07:32 PM,269.7,0,0.0,27490651.05
2025-08-01 02:07:33 PM,269.7,4,1078.8,27491729.85
2025-08-01 02:07:38 PM,269.7,1,269.7,27491999.55
2025-08-01 02:09:03 PM,269.65,0,0.0,27491999.55
2025-08-01 02:09:05 PM,269.65,2,539.3,27492538.85
2025-08-01 02:09:06 PM,269.7,1,269.7,27492808.55
2025-08-01 02:09:10 PM,269.7,1,269.7,27493078.25
2025-08-01 02:09:14 PM,269.4,0,0.0,27493078.25
2025-08-01 02:09:15 PM,269.4,34,9159.599999999999,27502237.85
2025-08-01 02:09:16 PM,269.7,7,1887.8999999999999,27504125.75
2025-08-01 02:09:21 PM,269.75,0,0.0,27504125.75
2025-08-01 02:09:21 PM,269.75,1,269.75,27504395.5
2025-08-01 02:10:45 PM,269.5,0,0.0,27504395.5
2025-08-01 02:10:45 PM,269.5,6,1617.0,27506012.5
2025-08-01 02:10:46 PM,269.75,0,0.0,27506012.5
2025-08-01 02:10:50 PM,269.75,2,539.5,27506552.0
2025-08-01 02:11:12 PM,269.75,318,85780.5,27592332.5
2025-08-01 02:11:13 PM,269.85,0,0.0,27592332.5
2025-08-01 02:11:17 PM,269.85,64,17270.4,27609602.9
2025-08-01 02:11:19 PM,269.9,0,0.0,27609602.9
2025-08-01 02:11:22 PM,269.9,12,3238.7999999999997,27612841.7
2025-08-01 02:11:27 PM,269.9,3,809.6999999999999,27613651.4
2025-08-01 02:11:51 PM,269.55,0,0.0,27613651.4
2025-08-01 02:11:53 PM,269.55,6,1617.3000000000002,27615268.7
2025-08-01 02:11:54 PM,269.85,0,0.0,27615268.7
2025-08-01 02:11:58 PM,269.85,2,539.7,27615808.4
2025-08-01 02:12:00 PM,269.45,0,0.0,27615808.4
2025-08-01 02:12:03 PM,269.45,73,19669.85,27635478.25
2025-08-01 02:12:05 PM,269.55,0,0.0,27635478.25
2025-08-01 02:12:09 PM,269.55,15,4043.25,27639521.5
2025-08-01 02:12:14 PM,269.55,3,808.6500000000001,27640330.15
2025-08-01 02:12:16 PM,269.05,0,0.0,27640330.15
2025-08-01 02:12:19 PM,269.05,517,139098.85,27779429.0
2025-08-01 02:12:20 PM,269.55,0,0.0,27779429.0
2025-08-01 02:12:24 PM,269.55,46,12399.300000000001,27791828.3
2025-08-01 02:12:26 PM,269.85,0,0.0,27791828.3
2025-08-01 02:12:29 PM,269.85,67,18079.95,27809908.25
2025-08-01 02:12:30 PM,269.8,0,0.0,27809908.25
2025-08-01 02:12:34 PM,269.8,13,3507.4,27813415.65
2025-08-01 02:12:36 PM,269.45,0,0.0,27813415.65
2025-08-01 02:12:39 PM,269.45,4,1077.8,27814493.45
2025-08-01 02:12:41 PM,269.55,0,0.0,27814493.45
2025-08-01 02:12:44 PM,269.55,1,269.55,27814763.0
2025-08-01 02:13:22 PM,269.55,2,539.1,27815302.1
2025-08-01 02:13:41 PM,269.55,8,2156.4,27817458.5
2025-08-01 02:13:46 PM,269.55,2,539.1,27817997.6
2025-08-01 02:13:54 PM,269.55,2,539.1,27818536.700000003
2025-08-01 02:13:57 PM,269.55,1,269.55,27818806.250000004
2025-08-01 02:14:02 PM,269.55,240,64692.0,27883498.250000004
2025-08-01 02:14:08 PM,269.55,48,12938.400000000001,27896436.650000002
2025-08-01 02:14:11 PM,269.6,0,0.0,27896436.650000002
2025-08-01 02:14:13 PM,269.6,9,2426.4,27898863.05
2025-08-01 02:14:18 PM,269.6,2,539.2,27899402.25
2025-08-01 02:14:24 PM,269.6,1,269.6,27899671.85
2025-08-01 02:14:25 PM,269.55,50,13477.5,27913149.35
2025-08-01 02:14:27 PM,269.6,0,0.0,27913149.35
2025-08-01 02:14:29 PM,269.6,10,2696.0,27915845.35
2025-08-01 02:14:34 PM,269.6,2,539.2,27916384.55
2025-08-01 02:14:44 PM,269.3,1,269.3,27916653.85
2025-08-01 02:15:23 PM,269.6,0,0.0,27916653.85
2025-08-01 02:15:23 PM,269.6,190,51224.00000000001,27967877.85
2025-08-01 02:15:25 PM,269.6,38,10244.800000000001,27978122.650000002
2025-08-01 02:15:30 PM,269.6,8,2156.8,27980279.450000003
2025-08-01 02:15:35 PM,269.6,2,539.2,27980818.650000002
2025-08-01 02:15:41 PM,269.6,5,1348.0,27982166.650000002
2025-08-01 02:15:43 PM,269.6,12,3235.2000000000003,27985401.85
2025-08-01 02:15:46 PM,269.6,3,808.8000000000001,27986210.650000002
2025-08-01 02:15:50 PM,269.6,1,269.6,27986480.250000004
2025-08-01 02:16:54 PM,269.6,1,269.6,27986749.850000005
2025-08-01 02:17:06 PM,269.55,7,1886.8500000000001,27988636.700000007
2025-08-01 02:17:11 PM,269.55,2,539.1,27989175.80000001
2025-08-01 02:19:11 PM,269.3,0,0.0,27989175.80000001
2025-08-01 02:19:12 PM,269.3,1,269.3,27989445.10000001
2025-08-01 02:19:13 PM,269.55,0,0.0,27989445.10000001
2025-08-01 02:19:17 PM,269.55,1,269.55,27989714.65000001
2025-08-01 02:19:17 PM,269.55,1,269.55,27989984.20000001
2025-08-01 02:20:37 PM,269.0,0,0.0,27989984.20000001
2025-08-01 02:20:39 PM,269.3,0,0.0,27989984.20000001
2025-08-01 02:20:40 PM,269.3,1513,407450.9,28397435.10000001
2025-08-01 02:20:41 PM,269.4,0,0.0,28397435.10000001
2025-08-01 02:20:45 PM,269.4,73,19666.199999999997,28417101.30000001
2025-08-01 02:20:45 PM,269.55,244,65770.2,28482871.500000007
2025-08-01 02:20:55 PM,269.55,49,13207.95,28496079.450000007
2025-08-01 02:21:00 PM,269.55,9,2425.9500000000003,28498505.400000006
2025-08-01 02:21:05 PM,269.55,2,539.1,28499044.500000007
2025-08-01 02:21:11 PM,269.55,1,269.55,28499314.05000001
2025-08-01 02:21:42 PM,269.55,11,2965.05,28502279.10000001
2025-08-01 02:21:47 PM,269.55,6,1617.3000000000002,28503896.40000001
2025-08-01 02:21:48 PM,269.6,0,0.0,28503896.40000001
2025-08-01 02:21:53 PM,269.6,1,269.6,28504166.00000001
2025-08-01 02:22:20 PM,269.6,4,1078.4,28505244.40000001
2025-08-01 02:22:25 PM,269.6,1,269.6,28505514.00000001
2025-08-01 02:22:56 PM,269.75,0,0.0,28505514.00000001
2025-08-01 02:22:57 PM,269.75,82,22119.5,28527633.50000001
2025-08-01 02:23:02 PM,269.75,17,4585.75,28532219.25000001
2025-08-01 02:23:08 PM,269.75,3,809.25,28533028.50000001
2025-08-01 02:23:14 PM,269.75,1,269.75,28533298.25000001
2025-08-01 02:23:24 PM,269.75,2,539.5,28533837.75000001
2025-08-01 02:23:24 PM,269.4,166,44720.399999999994,28578558.15000001
2025-08-01 02:23:25 PM,269.7,0,0.0,28578558.15000001
2025-08-01 02:23:29 PM,269.7,34,9169.8,28587727.95000001
2025-08-01 02:23:31 PM,269.65,0,0.0,28587727.95000001
2025-08-01 02:23:35 PM,269.65,6,1617.8999999999999,28589345.85000001
2025-08-01 02:23:40 PM,269.65,2,539.3,28589885.15000001
2025-08-01 02:24:07 PM,269.65,10,2696.5,28592581.65000001
2025-08-01 02:24:12 PM,269.65,2,539.3,28593120.95000001
2025-08-01 02:24:16 PM,269.3,0,0.0,28593120.95000001
2025-08-01 02:24:17 PM,269.3,209,56283.700000000004,28649404.65000001
2025-08-01 02:24:18 PM,269.55,0,0.0,28649404.65000001
2025-08-01 02:24:22 PM,269.55,42,11321.1,28660725.75000001
2025-08-01 02:24:24 PM,269.6,0,0.0,28660725.75000001
2025-08-01 02:24:27 PM,269.3,142,38240.6,28698966.350000013
2025-08-01 02:24:30 PM,269.6,0,0.0,28698966.350000013
2025-08-01 02:24:32 PM,269.6,28,7548.800000000001,28706515.150000013
2025-08-01 02:24:38 PM,269.6,6,1617.6000000000001,28708132.750000015
2025-08-01 02:24:43 PM,269.6,1,269.6,28708402.350000016
2025-08-01 02:25:22 PM,269.3,0,0.0,28708402.350000016
2025-08-01 02:25:26 PM,269.3,50,13465.0,28721867.350000016
2025-08-01 02:25:28 PM,269.6,0,0.0,28721867.350000016
2025-08-01 02:25:32 PM,269.6,10,2696.0,28724563.350000016
2025-08-01 02:25:34 PM,269.55,0,0.0,28724563.350000016
2025-08-01 02:25:37 PM,269.55,2,539.1,28725102.450000018
2025-08-01 02:26:10 PM,269.5,0,0.0,28725102.450000018
2025-08-01 02:26:14 PM,269.5,53,14283.5,28739385.950000018
2025-08-01 02:26:19 PM,269.5,10,2695.0,28742080.950000018
2025-08-01 02:26:21 PM,269.55,0,0.0,28742080.950000018
2025-08-01 02:26:24 PM,269.55,2,539.1,28742620.05000002
2025-08-01 02:26:25 PM,269.15,0,0.0,28742620.05000002
2025-08-01 02:26:29 PM,269.15,211,56790.649999999994,28799410.700000018
2025-08-01 02:26:30 PM,269.5,0,0.0,28799410.700000018
2025-08-01 02:26:35 PM,269.5,42,11319.0,28810729.700000018
2025-08-01 02:26:37 PM,269.4,0,0.0,28810729.700000018
2025-08-01 02:26:40 PM,269.4,8,2155.2,28812884.900000017
2025-08-01 02:26:41 PM,269.45,0,0.0,28812884.900000017
2025-08-01 02:26:45 PM,269.45,2,538.9,28813423.800000016
2025-08-01 02:27:01 PM,269.45,28,7544.599999999999,28820968.400000017
2025-08-01 02:27:07 PM,269.45,5,1347.25,28822315.650000017
2025-08-01 02:27:08 PM,269.4,0,0.0,28822315.650000017
2025-08-01 02:27:13 PM,269.4,1,269.4,28822585.050000016
2025-08-01 02:28:00 PM,269.45,0,0.0,28822585.050000016
2025-08-01 02:28:01 PM,269.45,5,1347.25,28823932.300000016
2025-08-01 02:28:01 PM,269.45,1,269.45,28824201.750000015
2025-08-01 02:28:07 PM,269.4,1,269.4,28824471.150000013
2025-08-01 02:28:55 PM,269.4,8,2155.2,28826626.350000013
2025-08-01 02:28:56 PM,269.4,1,269.4,28826895.75000001
2025-08-01 02:29:02 PM,269.45,0,0.0,28826895.75000001
2025-08-01 02:29:02 PM,269.45,1,269.45,28827165.20000001
2025-08-01 02:30:02 PM,269.15,0,0.0,28827165.20000001
2025-08-01 02:30:03 PM,269.15,4,1076.6,28828241.800000012
2025-08-01 02:30:04 PM,269.4,1,269.4,28828511.20000001
2025-08-01 02:30:30 PM,269.45,0,0.0,28828511.20000001
2025-08-01 02:30:30 PM,269.45,110,29639.5,28858150.70000001
2025-08-01 02:30:31 PM,269.45,22,5927.9,28864078.60000001
2025-08-01 02:30:37 PM,269.45,4,1077.8,28865156.40000001
2025-08-01 02:30:39 PM,269.15,0,0.0,28865156.40000001
2025-08-01 02:30:41 PM,269.15,6,1614.8999999999999,28866771.30000001
2025-08-01 02:30:42 PM,269.4,0,0.0,28866771.30000001
2025-08-01 02:30:42 PM,269.4,2,538.8,28867310.10000001
2025-08-01 02:30:47 PM,269.4,1,269.4,28867579.500000007
2025-08-01 02:32:34 PM,269.4,2,538.8,28868118.30000001
2025-08-01 02:34:57 PM,269.45,20,5389.0,28873507.30000001
2025-08-01 02:34:58 PM,269.5,0,0.0,28873507.30000001
2025-08-01 02:35:00 PM,269.5,4,1078.0,28874585.30000001
2025-08-01 02:35:05 PM,269.5,1,269.5,28874854.80000001
2025-08-01 02:35:13 PM,269.5,5,1347.5,28876202.30000001
2025-08-01 02:35:16 PM,269.5,1,269.5,28876471.80000001
2025-08-01 02:35:20 PM,269.25,0,0.0,28876471.80000001
2025-08-01 02:35:21 PM,269.5,25,6737.5,28883209.30000001
2025-08-01 02:35:27 PM,269.5,5,1347.5,28884556.80000001
2025-08-01 02:35:31 PM,269.25,0,0.0,28884556.80000001
2025-08-01 02:35:32 PM,269.25,26,7000.5,28891557.30000001
2025-08-01 02:35:37 PM,269.45,0,0.0,28891557.30000001
2025-08-01 02:35:38 PM,269.45,5,1347.25,28892904.55000001
2025-08-01 02:35:43 PM,269.4,0,0.0,28892904.55000001
2025-08-01 02:35:43 PM,269.4,1,269.4,28893173.950000007
2025-08-01 02:35:53 PM,269.2,0,0.0,28893173.950000007
2025-08-01 02:35:53 PM,269.2,200,53840.0,28947013.950000007
2025-08-01 02:35:55 PM,269.1,0,0.0,28947013.950000007
2025-08-01 02:35:57 PM,269.1,5,1345.5,28948359.450000007
2025-08-01 02:35:58 PM,269.35,0,0.0,28948359.450000007
2025-08-01 02:35:59 PM,269.35,41,11043.35,28959402.80000001
2025-08-01 02:36:04 PM,269.35,8,2154.8,28961557.60000001
2025-08-01 02:36:10 PM,269.35,2,538.7,28962096.30000001
2025-08-01 02:36:40 PM,269.5,0,0.0,28962096.30000001
2025-08-01 02:36:40 PM,269.5,110,29645.0,28991741.30000001
2025-08-01 02:36:41 PM,269.45,0,0.0,28991741.30000001
2025-08-01 02:36:43 PM,269.45,22,5927.9,28997669.200000007
2025-08-01 02:36:47 PM,269.4,0,0.0,28997669.200000007
2025-08-01 02:36:48 PM,269.4,5,1347.0,28999016.200000007
2025-08-01 02:36:53 PM,269.4,1,269.4,28999285.600000005
2025-08-01 02:38:29 PM,269.05,0,0.0,28999285.600000005
2025-08-01 02:38:29 PM,269.05,408,109772.40000000001,29109058.000000004
2025-08-01 02:38:31 PM,269.1,82,22066.2,29131124.200000003
2025-08-01 02:38:36 PM,269.15,16,4306.4,29135430.6
2025-08-01 02:38:42 PM,269.15,3,807.4499999999999,29136238.05
2025-08-01 02:38:48 PM,269.15,1,269.15,29136507.2
2025-08-01 02:38:59 PM,268.65,152,40834.799999999996,29177342.0
2025-08-01 02:39:02 PM,269.1,0,0.0,29177342.0
2025-08-01 02:39:04 PM,269.1,5,1345.5,29178687.5
2025-08-01 02:39:04 PM,269.15,31,8343.65,29187031.15
2025-08-01 02:39:10 PM,269.15,7,1884.0499999999997,29188915.2
2025-08-01 02:39:11 PM,269.15,8,2153.2,29191068.4
2025-08-01 02:39:16 PM,268.85,18,4839.3,29195907.7
2025-08-01 02:39:16 PM,269.1,35,9418.5,29205326.2
2025-08-01 02:39:22 PM,269.1,7,1883.7000000000003,29207209.9
2025-08-01 02:39:28 PM,269.15,2,538.3,29207748.2
2025-08-01 02:39:51 PM,268.85,0,0.0,29207748.2
2025-08-01 02:39:55 PM,268.85,51,13711.35,29221459.55
2025-08-01 02:39:55 PM,269.1,10,2691.0,29224150.55
2025-08-01 02:40:06 PM,269.1,2,538.2,29224688.75
2025-08-01 02:40:06 PM,269.1,1,269.1,29224957.85
2025-08-01 02:40:44 PM,268.85,2,537.7,29225495.55
2025-08-01 02:40:45 PM,269.1,0,0.0,29225495.55
2025-08-01 02:40:45 PM,269.1,1,269.1,29225764.650000002
2025-08-01 02:40:51 PM,268.65,0,0.0,29225764.650000002
2025-08-01 02:40:51 PM,268.65,120,32237.999999999996,29258002.650000002
2025-08-01 02:40:56 PM,269.05,0,0.0,29258002.650000002
2025-08-01 02:40:56 PM,269.05,24,6457.200000000001,29264459.85
2025-08-01 02:41:02 PM,269.0,16,4304.0,29268763.85
2025-08-01 02:41:08 PM,269.2,3,807.5999999999999,29269571.450000003
2025-08-01 02:41:13 PM,269.2,5,1346.0,29270917.450000003
2025-08-01 02:41:14 PM,269.2,2,538.4,29271455.85
2025-08-01 02:41:37 PM,269.0,0,0.0,29271455.85
2025-08-01 02:41:39 PM,269.0,100,26900.0,29298355.85
2025-08-01 02:41:39 PM,269.15,20,5383.0,29303738.85
2025-08-01 02:41:44 PM,269.1,4,1076.4,29304815.25
2025-08-01 02:41:50 PM,269.1,1,269.1,29305084.35
2025-08-01 02:42:23 PM,268.75,0,0.0,29305084.35
2025-08-01 02:42:27 PM,268.75,91,24456.25,29329540.6
2025-08-01 02:42:27 PM,269.05,0,0.0,29329540.6
2025-08-01 02:42:27 PM,269.05,19,5111.95,29334652.55
2025-08-01 02:42:33 PM,269.05,3,807.1500000000001,29335459.7
2025-08-01 02:42:38 PM,269.05,1,269.05,29335728.75
2025-08-01 02:42:42 PM,269.05,15,4035.75,29339764.5
2025-08-01 02:42:43 PM,269.05,3,807.1500000000001,29340571.65
2025-08-01 02:42:48 PM,269.05,1,269.05,29340840.7
2025-08-01 02:42:55 PM,269.0,0,0.0,29340840.7
2025-08-01 02:42:56 PM,268.9,0,0.0,29340840.7
2025-08-01 02:42:58 PM,268.9,779,209473.09999999998,29550313.8
2025-08-01 02:42:59 PM,269.05,0,0.0,29550313.8
2025-08-01 02:42:59 PM,269.05,28,7533.400000000001,29557847.2
2025-08-01 02:43:04 PM,269.05,128,34438.4,29592285.599999998
2025-08-01 02:43:05 PM,269.05,31,8340.550000000001,29600626.15
2025-08-01 02:43:10 PM,269.1,0,0.0,29600626.15
2025-08-01 02:43:10 PM,269.1,6,1614.6000000000001,29602240.75
2025-08-01 02:43:16 PM,269.1,1,269.1,29602509.85
2025-08-01 02:43:21 PM,269.1,1,269.1,29602778.950000003
2025-08-01 02:43:34 PM,268.65,0,0.0,29602778.950000003
2025-08-01 02:43:36 PM,268.65,47,12626.55,29615405.500000004
2025-08-01 02:43:37 PM,268.85,119,31993.15,29647398.650000002
2025-08-01 02:43:42 PM,269.1,24,6458.400000000001,29653857.05
2025-08-01 02:43:47 PM,269.15,9,2422.35,29656279.400000002
2025-08-01 02:43:48 PM,269.15,7,1884.0499999999997,29658163.450000003
2025-08-01 02:43:53 PM,269.15,1,269.15,29658432.6
2025-08-01 02:44:38 PM,268.9,50,13444.999999999998,29671877.6
2025-08-01 02:44:44 PM,269.1,0,0.0,29671877.6
2025-08-01 02:44:44 PM,269.1,10,2691.0,29674568.6
2025-08-01 02:44:49 PM,269.05,2,538.1,29675106.700000003
2025-08-01 02:44:55 PM,269.05,1,269.05,29675375.750000004
2025-08-01 02:44:59 PM,268.8,0,0.0,29675375.750000004
2025-08-01 02:45:00 PM,268.8,30,8064.0,29683439.750000004
2025-08-01 02:45:03 PM,269.05,0,0.0,29683439.750000004
2025-08-01 02:45:06 PM,269.05,6,1614.3000000000002,29685054.050000004
2025-08-01 02:45:12 PM,269.15,0,0.0,29685054.050000004
2025-08-01 02:45:12 PM,269.15,2367,637078.0499999999,30322132.100000005
2025-08-01 02:45:15 PM,269.55,0,0.0,30322132.100000005
2025-08-01 02:45:18 PM,269.55,139,37467.450000000004,30359599.550000004
2025-08-01 02:45:21 PM,269.7,0,0.0,30359599.550000004
2025-08-01 02:45:23 PM,269.75,0,0.0,30359599.550000004
2025-08-01 02:45:23 PM,269.75,362,97649.5,30457249.050000004
2025-08-01 02:45:29 PM,269.75,73,19691.75,30476940.800000004
2025-08-01 02:45:34 PM,269.75,14,3776.5,30480717.300000004
2025-08-01 02:45:35 PM,269.7,0,0.0,30480717.300000004
2025-08-01 02:45:36 PM,269.45,0,0.0,30480717.300000004
2025-08-01 02:45:40 PM,269.45,6,1616.6999999999998,30482334.000000004
2025-08-01 02:45:40 PM,269.7,1,269.7,30482603.700000003
2025-08-01 02:46:17 PM,269.45,0,0.0,30482603.700000003
2025-08-01 02:46:17 PM,269.7,0,0.0,30482603.700000003
2025-08-01 02:46:19 PM,269.7,50,13485.0,30496088.700000003
2025-08-01 02:46:20 PM,269.7,10,2697.0,30498785.700000003
2025-08-01 02:46:25 PM,269.7,2,539.4,30499325.1
2025-08-01 02:46:31 PM,269.7,1,269.7,30499594.8
2025-08-01 02:46:56 PM,269.85,0,0.0,30499594.8
2025-08-01 02:46:57 PM,269.85,2396,646560.6000000001,31146155.400000002
2025-08-01 02:46:58 PM,269.85,106,28604.100000000002,31174759.500000004
2025-08-01 02:47:02 PM,269.9,0,0.0,31174759.500000004
2025-08-01 02:47:03 PM,269.9,20,5398.0,31180157.500000004
2025-08-01 02:47:04 PM,269.9,125,33737.5,31213895.000000004
2025-08-01 02:47:05 PM,269.95,0,0.0,31213895.000000004
2025-08-01 02:47:09 PM,269.95,285,76935.75,31290830.750000004
2025-08-01 02:47:10 PM,269.95,82,22135.899999999998,31312966.650000002
2025-08-01 02:47:15 PM,269.95,17,4589.15,31317555.8
2025-08-01 02:47:21 PM,269.95,3,809.8499999999999,31318365.650000002
2025-08-01 02:47:26 PM,269.95,68,18356.6,31336722.250000004
2025-08-01 02:47:26 PM,269.95,14,3779.2999999999997,31340501.550000004
2025-08-01 02:47:32 PM,269.95,3,809.8499999999999,31341311.400000006
2025-08-01 02:47:37 PM,269.95,1,269.95,31341581.350000005
2025-08-01 02:48:58 PM,269.65,0,0.0,31341581.350000005
2025-08-01 02:49:02 PM,269.95,32,8638.4,31350219.750000004
2025-08-01 02:49:02 PM,269.95,6,1619.6999999999998,31351839.450000003
2025-08-01 02:49:08 PM,269.95,1,269.95,31352109.400000002
2025-08-01 02:49:14 PM,269.95,1,269.95,31352379.35
2025-08-01 02:49:35 PM,269.95,3,809.8499999999999,31353189.200000003
2025-08-01 02:50:03 PM,269.95,3,809.8499999999999,31353999.050000004
2025-08-01 02:50:03 PM,269.95,1,269.95,31354269.000000004
2025-08-01 02:50:47 PM,269.95,3,809.8499999999999,31355078.850000005
2025-08-01 02:50:52 PM,269.95,1,269.95,31355348.800000004
2025-08-01 02:51:40 PM,269.65,0,0.0,31355348.800000004
2025-08-01 02:51:41 PM,269.65,2,539.3,31355888.100000005
2025-08-01 02:51:49 PM,269.6,0,0.0,31355888.100000005
2025-08-01 02:51:51 PM,269.6,31,8357.6,31364245.700000007
2025-08-01 02:51:52 PM,269.9,0,0.0,31364245.700000007
2025-08-01 02:51:56 PM,269.9,7,1889.2999999999997,31366135.000000007
2025-08-01 02:52:02 PM,269.7,11,2966.7,31369101.700000007
2025-08-01 02:52:07 PM,269.7,2,539.4,31369641.100000005
2025-08-01 02:52:13 PM,269.7,1,269.7,31369910.800000004
2025-08-01 02:52:27 PM,269.4,0,0.0,31369910.800000004
2025-08-01 02:52:29 PM,269.4,37,9967.8,31379878.600000005
2025-08-01 02:52:31 PM,269.7,0,0.0,31379878.600000005
2025-08-01 02:52:34 PM,269.7,8,2157.6,31382036.200000007
2025-08-01 02:52:40 PM,269.7,2,539.4,31382575.600000005
2025-08-01 02:52:40 PM,269.9,0,0.0,31382575.600000005
2025-08-01 02:52:41 PM,269.9,180,48581.99999999999,31431157.600000005
2025-08-01 02:52:42 PM,269.8,0,0.0,31431157.600000005
2025-08-01 02:52:45 PM,269.8,36,9712.800000000001,31440870.400000006
2025-08-01 02:52:50 PM,269.8,8,2158.4,31443028.800000004
2025-08-01 02:52:55 PM,269.8,1,269.8,31443298.600000005
2025-08-01 02:53:05 PM,269.6,0,0.0,31443298.600000005
2025-08-01 02:53:06 PM,269.6,196,52841.600000000006,31496140.200000007
2025-08-01 02:53:08 PM,269.65,0,0.0,31496140.200000007
2025-08-01 02:53:12 PM,269.65,27,7280.549999999999,31503420.750000007
2025-08-01 02:53:13 PM,269.7,0,0.0,31503420.750000007
2025-08-01 02:53:14 PM,269.7,12,3236.3999999999996,31506657.150000006
2025-08-01 02:53:17 PM,269.7,8,2157.6,31508814.750000007
2025-08-01 02:53:22 PM,269.7,1,269.7,31509084.450000007
2025-08-01 02:54:53 PM,269.65,10,2696.5,31511780.950000007
2025-08-01 02:54:59 PM,269.65,2,539.3,31512320.250000007
2025-08-01 02:55:07 PM,269.65,6,1617.8999999999999,31513938.150000006
2025-08-01 02:55:10 PM,269.65,2,539.3,31514477.450000007
2025-08-01 02:56:17 PM,269.5,1051,283244.5,31797721.950000007
2025-08-01 02:56:18 PM,269.85,0,0.0,31797721.950000007
2025-08-01 02:56:23 PM,269.85,217,58557.450000000004,31856279.400000006
2025-08-01 02:56:28 PM,269.85,44,11873.400000000001,31868152.800000004
2025-08-01 02:56:34 PM,269.85,9,2428.65,31870581.450000003
2025-08-01 02:56:39 PM,269.85,1,269.85,31870851.300000004
2025-08-01 02:56:40 PM,269.5,0,0.0,31870851.300000004
2025-08-01 02:56:44 PM,269.5,14,3773.0,31874624.300000004
2025-08-01 02:56:48 PM,269.85,0,0.0,31874624.300000004
2025-08-01 02:56:50 PM,269.85,2,539.7,31875164.000000004
2025-08-01 02:56:55 PM,269.85,1,269.85,31875433.850000005
2025-08-01 02:57:09 PM,269.3,0,0.0,31875433.850000005
2025-08-01 02:57:12 PM,269.3,250,67325.0,31942758.850000005
2025-08-01 02:57:13 PM,269.9,0,0.0,31942758.850000005
2025-08-01 02:57:13 PM,269.9,800,215919.99999999997,32158678.850000005
2025-08-01 02:57:16 PM,269.8,0,0.0,32158678.850000005
2025-08-01 02:57:18 PM,269.8,210,56658.0,32215336.850000005
2025-08-01 02:57:23 PM,269.8,42,11331.6,32226668.450000007
2025-08-01 02:57:28 PM,269.8,8,2158.4,32228826.850000005
2025-08-01 02:57:34 PM,269.8,2,539.6,32229366.450000007
2025-08-01 02:57:45 PM,269.8,1,269.8,32229636.250000007
2025-08-01 02:57:50 PM,269.8,1,269.8,32229906.05000001
2025-08-01 02:59:10 PM,269.25,200,53850.0,32283756.05000001
2025-08-01 02:59:12 PM,269.7,0,0.0,32283756.05000001
2025-08-01 02:59:16 PM,269.7,32,8630.4,32292386.450000007
2025-08-01 02:59:17 PM,269.75,8,2158.0,32294544.450000007
2025-08-01 02:59:21 PM,269.75,8,2158.0,32296702.450000007
2025-08-01 02:59:23 PM,269.4,0,0.0,32296702.450000007
2025-08-01 02:59:23 PM,269.4,20,5388.0,32302090.450000007
2025-08-01 02:59:24 PM,269.8,0,0.0,32302090.450000007
2025-08-01 02:59:27 PM,269.8,5,1349.0,32303439.450000007
2025-08-01 02:59:32 PM,269.8,1,269.8,32303709.250000007
2025-08-01 02:59:36 PM,269.75,0,0.0,32303709.250000007
2025-08-01 02:59:38 PM,269.75,1,269.75,32303979.000000007
2025-08-01 02:59:45 PM,269.8,37,9982.6,32313961.60000001
2025-08-01 02:59:46 PM,269.75,0,0.0,32313961.60000001
2025-08-01 02:59:49 PM,269.75,7,1888.25,32315849.85000001
2025-08-01 02:59:55 PM,269.75,2,539.5,32316389.35000001
2025-08-01 03:00:02 PM,269.8,3,809.4000000000001,32317198.750000007
2025-08-01 03:00:03 PM,269.75,0,0.0,32317198.750000007
2025-08-01 03:00:06 PM,269.85,8,2158.8,32319357.55000001
2025-08-01 03:00:12 PM,269.85,1,269.85,32319627.40000001
2025-08-01 03:00:14 PM,269.75,4,1079.0,32320706.40000001
2025-08-01 03:00:18 PM,269.75,1,269.75,32320976.15000001
2025-08-01 03:00:38 PM,269.7,1,269.7,32321245.85000001
2025-08-01 03:00:42 PM,269.7,1,269.7,32321515.55000001
2025-08-01 03:01:02 PM,269.7,3,809.0999999999999,32322324.65000001
2025-08-01 03:01:06 PM,269.65,1,269.65,32322594.30000001
2025-08-01 03:01:07 PM,269.55,0,0.0,32322594.30000001
2025-08-01 03:01:09 PM,269.55,1,269.55,32322863.85000001
2025-08-01 03:01:12 PM,269.65,0,0.0,32322863.85000001
2025-08-01 03:01:12 PM,269.65,4,1078.6,32323942.45000001
2025-08-01 03:01:18 PM,269.7,0,0.0,32323942.45000001
2025-08-01 03:01:18 PM,269.7,1,269.7,32324212.15000001
2025-08-01 03:01:38 PM,269.1,0,0.0,32324212.15000001
2025-08-01 03:01:39 PM,269.1,704,189446.40000000002,32513658.55000001
2025-08-01 03:01:42 PM,269.35,0,0.0,32513658.55000001
2025-08-01 03:01:42 PM,269.35,53,14275.550000000001,32527934.10000001
2025-08-01 03:01:47 PM,269.5,0,0.0,32527934.10000001
2025-08-01 03:01:48 PM,269.5,10,2695.0,32530629.10000001
2025-08-01 03:01:50 PM,269.55,0,0.0,32530629.10000001
2025-08-01 03:01:51 PM,269.55,89,23989.95,32554619.05000001
2025-08-01 03:01:52 PM,269.5,0,0.0,32554619.05000001
2025-08-01 03:01:54 PM,269.5,20,5390.0,32560009.05000001
2025-08-01 03:02:00 PM,269.55,4,1078.2,32561087.250000007
2025-08-01 03:02:04 PM,269.55,1,269.55,32561356.80000001
2025-08-01 03:02:06 PM,269.5,2,539.0,32561895.80000001
2025-08-01 03:02:14 PM,269.55,0,0.0,32561895.80000001
2025-08-01 03:02:16 PM,269.55,4,1078.2,32562974.000000007
2025-08-01 03:02:19 PM,269.6,1,269.6,32563243.60000001
2025-08-01 03:02:28 PM,269.55,26,7008.3,32570251.90000001
2025-08-01 03:02:31 PM,269.5,6,1617.0,32571868.90000001
2025-08-01 03:02:37 PM,269.55,1,269.55,32572138.45000001
2025-08-01 03:02:43 PM,269.55,1,269.55,32572408.00000001
2025-08-01 03:02:49 PM,269.55,5,1347.75,32573755.75000001
2025-08-01 03:02:55 PM,269.2,2,538.4,32574294.15000001
2025-08-01 03:03:01 PM,269.55,3,808.6500000000001,32575102.80000001
2025-08-01 03:03:08 PM,269.65,2,539.3,32575642.10000001
2025-08-01 03:03:14 PM,269.55,0,0.0,32575642.10000001
2025-08-01 03:03:14 PM,269.55,6,1617.3000000000002,32577259.40000001
2025-08-01 03:03:20 PM,269.6,0,0.0,32577259.40000001
2025-08-01 03:03:20 PM,269.6,1,269.6,32577529.00000001
2025-08-01 03:03:38 PM,269.45,0,0.0,32577529.00000001
2025-08-01 03:03:38 PM,269.45,1,269.45,32577798.45000001
2025-08-01 03:03:41 PM,269.6,9,2426.4,32580224.85000001
2025-08-01 03:03:44 PM,269.6,2,539.2,32580764.05000001
2025-08-01 03:03:56 PM,269.6,1,269.6,32581033.65000001
2025-08-01 03:04:02 PM,269.6,2,539.2,32581572.85000001
2025-08-01 03:04:09 PM,269.5,0,0.0,32581572.85000001
2025-08-01 03:04:09 PM,269.5,1,269.5,32581842.35000001
2025-08-01 03:04:12 PM,269.5,4,1078.0,32582920.35000001
2025-08-01 03:04:15 PM,269.45,25,6736.25,32589656.60000001
2025-08-01 03:04:21 PM,269.45,5,1347.25,32591003.85000001
2025-08-01 03:04:24 PM,269.15,10,2691.5,32593695.35000001
2025-08-01 03:04:27 PM,269.35,3,808.0500000000001,32594503.40000001
2025-08-01 03:04:34 PM,269.35,1,269.35,32594772.75000001
2025-08-01 03:04:40 PM,269.3,297,79982.1,32674754.850000013
2025-08-01 03:04:46 PM,269.3,60,16158.0,32690912.850000013
2025-08-01 03:04:52 PM,269.2,12,3230.3999999999996,32694143.25000001
2025-08-01 03:04:58 PM,269.2,3,807.5999999999999,32694950.850000013
2025-08-01 03:05:04 PM,269.3,2,538.6,32695489.450000014
2025-08-01 03:05:10 PM,269.3,1,269.3,32695758.750000015
2025-08-01 03:05:12 PM,269.4,0,0.0,32695758.750000015
2025-08-01 03:05:14 PM,269.4,5,1347.0,32697105.750000015
2025-08-01 03:05:15 PM,269.45,0,0.0,32697105.750000015
2025-08-01 03:05:17 PM,269.45,2,538.9,32697644.650000013
2025-08-01 03:05:48 PM,269.4,1,269.4,32697914.050000012
2025-08-01 03:06:03 PM,269.35,0,0.0,32697914.050000012
2025-08-01 03:06:04 PM,269.35,1,269.35,32698183.400000013
2025-08-01 03:06:05 PM,269.45,0,0.0,32698183.400000013
2025-08-01 03:06:07 PM,269.45,1,269.45,32698452.850000013
2025-08-01 03:06:11 PM,269.45,112,30178.399999999998,32728631.25000001
2025-08-01 03:06:12 PM,269.5,0,0.0,32728631.25000001
2025-08-01 03:06:13 PM,269.5,28,7546.0,32736177.25000001
2025-08-01 03:06:19 PM,269.55,0,0.0,32736177.25000001
2025-08-01 03:06:19 PM,269.55,7,1886.8500000000001,32738064.100000013
2025-08-01 03:06:23 PM,269.5,2,539.0,32738603.100000013
2025-08-01 03:06:25 PM,269.5,2,539.0,32739142.100000013
2025-08-01 03:06:29 PM,269.95,2305,622234.75,33361376.850000013
2025-08-01 03:06:31 PM,269.95,714,192744.3,33554121.150000013
2025-08-01 03:06:33 PM,269.55,0,0.0,33554121.150000013
2025-08-01 03:06:35 PM,269.9,121,32657.899999999998,33586779.05000001
2025-08-01 03:06:40 PM,269.35,0,0.0,33586779.05000001
2025-08-01 03:06:41 PM,269.35,30,8080.500000000001,33594859.55000001
2025-08-01 03:06:45 PM,269.5,0,0.0,33594859.55000001
2025-08-01 03:06:47 PM,269.5,1,269.5,33595129.05000001
2025-08-01 03:07:03 PM,269.4,5,1347.0,33596476.05000001
2025-08-01 03:07:13 PM,269.15,0,0.0,33596476.05000001
2025-08-01 03:07:15 PM,269.3,0,0.0,33596476.05000001
2025-08-01 03:07:15 PM,269.3,167,44973.1,33641449.15000001
2025-08-01 03:07:20 PM,269.45,0,0.0,33641449.15000001
2025-08-01 03:07:21 PM,269.45,1,269.45,33641718.60000002
2025-08-01 03:07:25 PM,269.15,34,9151.099999999999,33650869.70000002
2025-08-01 03:07:27 PM,269.0,0,0.0,33650869.70000002
2025-08-01 03:07:28 PM,269.0,1,269.0,33651138.70000002
2025-08-01 03:07:31 PM,269.05,40,10762.0,33661900.70000002
2025-08-01 03:07:33 PM,269.0,0,0.0,33661900.70000002
2025-08-01 03:07:34 PM,269.0,200,53800.0,33715700.70000002
2025-08-01 03:07:35 PM,268.95,0,0.0,33715700.70000002
2025-08-01 03:07:37 PM,269.0,83,22327.0,33738027.70000002
2025-08-01 03:07:42 PM,268.9,0,0.0,33738027.70000002
2025-08-01 03:07:43 PM,268.9,97,26083.3,33764111.000000015
2025-08-01 03:07:46 PM,269.1,1,269.1,33764380.10000002
2025-08-01 03:07:49 PM,268.95,0,0.0,33764380.10000002
2025-08-01 03:07:49 PM,268.95,20,5379.0,33769759.10000002
2025-08-01 03:07:52 PM,269.3,1,269.3,33770028.40000001
2025-08-01 03:07:54 PM,268.9,0,0.0,33770028.40000001
2025-08-01 03:07:55 PM,268.9,101,27158.899999999998,33797187.30000001
2025-08-01 03:08:01 PM,269.1,0,0.0,33797187.30000001
2025-08-01 03:08:01 PM,269.1,4,1076.4,33798263.70000001
2025-08-01 03:08:14 PM,268.8,200,53760.0,33852023.70000001
2025-08-01 03:08:17 PM,268.8,1,268.8,33852292.50000001
2025-08-01 03:08:33 PM,268.5,3,805.5,33853098.00000001
2025-08-01 03:08:41 PM,268.5,390,104715.0,33957813.00000001
2025-08-01 03:08:48 PM,268.55,1014,272309.7,34230122.70000001
2025-08-01 03:08:50 PM,268.35,0,0.0,34230122.70000001
2025-08-01 03:08:52 PM,268.35,64,17174.4,34247297.10000001
2025-08-01 03:08:53 PM,267.85,0,0.0,34247297.10000001
2025-08-01 03:08:54 PM,267.85,7918,2120836.3000000003,36368133.400000006
2025-08-01 03:08:58 PM,267.45,4,1069.8,36369203.2
2025-08-01 03:09:04 PM,267.4,500,133700.0,36502903.2
2025-08-01 03:09:11 PM,267.75,1,267.75,36503170.95
2025-08-01 03:09:15 PM,267.7,0,0.0,36503170.95
2025-08-01 03:09:17 PM,267.7,5,1338.5,36504509.45
2025-08-01 03:09:19 PM,267.75,1,267.75,36504777.2
2025-08-01 03:09:23 PM,267.7,1,267.7,36505044.900000006
2025-08-01 03:09:32 PM,267.5,299,79982.5,36585027.400000006
2025-08-01 03:09:43 PM,267.7,2,535.4,36585562.800000004
2025-08-01 03:09:57 PM,267.7,4,1070.8,36586633.6
2025-08-01 03:10:04 PM,267.65,0,0.0,36586633.6
2025-08-01 03:10:04 PM,267.65,1136,304050.39999999997,36890684.0
2025-08-01 03:10:07 PM,267.0,1020,272340.0,37163024.0
2025-08-01 03:10:12 PM,267.0,100,26700.0,37189724.0
