date,price,qty,trnvr,cum_trnvr
2025-08-01 09:15:00 AM,3738.0,2140,7999320.0,7999320.0
2025-08-01 09:15:01 AM,3737.1,1082,4043542.1999999997,12042862.2
2025-08-01 09:15:02 AM,3737.0,3,11211.0,12054073.2
2025-08-01 09:15:02 AM,3737.0,756,2825172.0,14879245.2
2025-08-01 09:15:03 AM,3705.0,783,2901015.0,17780260.2
2025-08-01 09:15:04 AM,3705.0,150,555750.0,18336010.2
2025-08-01 09:15:04 AM,3705.0,1130,4186650.0,22522660.2
2025-08-01 09:15:04 AM,3711.5,0,0.0,22522660.2
2025-08-01 09:15:05 AM,3711.5,60,222690.0,22745350.2
2025-08-01 09:15:05 AM,3710.6,258,957334.7999999999,23702685.0
2025-08-01 09:15:06 AM,3710.6,10,37106.0,23739791.0
2025-08-01 09:15:06 AM,3708.6,254,941984.4,24681775.4
2025-08-01 09:15:06 AM,3708.3,0,0.0,24681775.4
2025-08-01 09:15:07 AM,3708.3,20,74166.0,24755941.4
2025-08-01 09:15:07 AM,3706.3,436,1615946.8,26371888.2
2025-08-01 09:15:08 AM,3700.7,26,96218.2,26468106.4
2025-08-01 09:15:08 AM,3698.1,1041,3849722.1,30317828.5
2025-08-01 09:15:09 AM,3697.9,359,1327546.1,31645374.6
2025-08-01 09:15:10 AM,3697.8,2,7395.6,31652770.200000003
2025-08-01 09:15:10 AM,3696.3,120,443556.0,32096326.200000003
2025-08-01 09:15:10 AM,3697.0,0,0.0,32096326.200000003
2025-08-01 09:15:11 AM,3697.0,6,22182.0,32118508.200000003
2025-08-01 09:15:11 AM,3690.3,278,1025903.4,33144411.6
2025-08-01 09:15:12 AM,3695.1,4,14780.4,33159192.0
2025-08-01 09:15:12 AM,3694.6,155,572663.0,33731855.0
2025-08-01 09:15:12 AM,3690.1,0,0.0,33731855.0
2025-08-01 09:15:12 AM,3694.2,0,0.0,33731855.0
2025-08-01 09:15:13 AM,3694.2,70,258594.0,33990449.0
2025-08-01 09:15:13 AM,3695.4,406,1500332.4000000001,35490781.4
2025-08-01 09:15:13 AM,3696.4,0,0.0,35490781.4
2025-08-01 09:15:14 AM,3696.4,16,59142.4,35549923.8
2025-08-01 09:15:14 AM,3692.9,43,158794.7,35708718.5
2025-08-01 09:15:14 AM,3693.9,0,0.0,35708718.5
2025-08-01 09:15:15 AM,3693.9,3,11081.7,35719800.2
2025-08-01 09:15:15 AM,3693.8,2,7387.6,35727187.800000004
2025-08-01 09:15:15 AM,3695.9,0,0.0,35727187.800000004
2025-08-01 09:15:16 AM,3695.9,125,461987.5,36189175.300000004
2025-08-01 09:15:16 AM,3695.3,21,77601.3,36266776.6
2025-08-01 09:15:17 AM,3694.0,253,934582.0,37201358.6
2025-08-01 09:15:18 AM,3694.0,50,184700.0,37386058.6
2025-08-01 09:15:18 AM,3690.0,243,896670.0,38282728.6
2025-08-01 09:15:18 AM,3692.4,0,0.0,38282728.6
2025-08-01 09:15:19 AM,3692.4,5,18462.0,38301190.6
2025-08-01 09:15:19 AM,3692.8,32,118169.6,38419360.2
2025-08-01 09:15:20 AM,3692.8,15,55392.0,38474752.2
2025-08-01 09:15:20 AM,3690.7,30,110721.0,38585473.2
2025-08-01 09:15:20 AM,3692.9,50,184645.0,38770118.2
2025-08-01 09:15:21 AM,3692.7,84,310186.8,39080305.0
2025-08-01 09:15:21 AM,3690.0,0,0.0,39080305.0
2025-08-01 09:15:21 AM,3690.0,65,239850.0,39320155.0
2025-08-01 09:15:22 AM,3690.0,86,317340.0,39637495.0
2025-08-01 09:15:22 AM,3693.6,32,118195.2,39755690.2
2025-08-01 09:15:23 AM,3689.3,53,195532.90000000002,39951223.1
2025-08-01 09:15:23 AM,3695.1,0,0.0,39951223.1
2025-08-01 09:15:23 AM,3695.1,102,376900.2,40328123.300000004
2025-08-01 09:15:24 AM,3693.7,18,66486.59999999999,40394609.900000006
2025-08-01 09:15:25 AM,3694.1,2,7388.2,40401998.10000001
2025-08-01 09:15:25 AM,3698.1,0,0.0,40401998.10000001
2025-08-01 09:15:25 AM,3698.1,1,3698.1,40405696.20000001
2025-08-01 09:15:26 AM,3698.1,28,103546.8,40509243.00000001
2025-08-01 09:15:27 AM,3696.1,0,0.0,40509243.00000001
2025-08-01 09:15:27 AM,3696.1,35,129363.5,40638606.50000001
2025-08-01 09:15:28 AM,3698.0,5,18490.0,40657096.50000001
2025-08-01 09:15:28 AM,3695.2,0,0.0,40657096.50000001
2025-08-01 09:15:29 AM,3695.1,38,140413.8,40797510.300000004
2025-08-01 09:15:29 AM,3699.4,0,0.0,40797510.300000004
2025-08-01 09:15:29 AM,3699.4,100,369940.0,41167450.300000004
2025-08-01 09:15:30 AM,3695.2,33,121941.59999999999,41289391.900000006
2025-08-01 09:15:30 AM,3697.9,110,406769.0,41696160.900000006
2025-08-01 09:15:31 AM,3695.2,115,424948.0,42121108.900000006
2025-08-01 09:15:31 AM,3698.1,0,0.0,42121108.900000006
2025-08-01 09:15:31 AM,3698.1,260,961506.0,43082614.900000006
2025-08-01 09:15:32 AM,3693.3,92,339783.60000000003,43422398.50000001
2025-08-01 09:15:32 AM,3697.7,0,0.0,43422398.50000001
2025-08-01 09:15:32 AM,3694.5,61,225364.5,43647763.00000001
2025-08-01 09:15:33 AM,3694.3,26,96051.8,43743814.800000004
2025-08-01 09:15:33 AM,3697.3,0,0.0,43743814.800000004
2025-08-01 09:15:33 AM,3697.3,36,133102.80000000002,43876917.6
2025-08-01 09:15:34 AM,3694.8,6,22168.800000000003,43899086.4
2025-08-01 09:15:34 AM,3697.2,0,0.0,43899086.4
2025-08-01 09:15:34 AM,3697.2,27,99824.4,43998910.8
2025-08-01 09:15:35 AM,3696.0,0,0.0,43998910.8
2025-08-01 09:15:35 AM,3697.2,4,14788.8,44013699.599999994
2025-08-01 09:15:36 AM,3697.0,0,0.0,44013699.599999994
2025-08-01 09:15:36 AM,3697.0,53,195941.0,44209640.599999994
2025-08-01 09:15:37 AM,3695.1,5,18475.5,44228116.099999994
2025-08-01 09:15:38 AM,3697.2,0,0.0,44228116.099999994
2025-08-01 09:15:39 AM,3697.2,95,351234.0,44579350.099999994
2025-08-01 09:15:39 AM,3695.1,12,44341.2,44623691.3
2025-08-01 09:15:40 AM,3695.0,13,48035.0,44671726.3
2025-08-01 09:15:40 AM,3697.8,0,0.0,44671726.3
2025-08-01 09:15:40 AM,3694.1,172,635385.2,45307111.5
2025-08-01 09:15:41 AM,3693.6,0,0.0,45307111.5
2025-08-01 09:15:41 AM,3693.6,24,88646.4,45395757.9
2025-08-01 09:15:42 AM,3697.0,36,133092.0,45528849.9
2025-08-01 09:15:43 AM,3697.0,21,77637.0,45606486.9
2025-08-01 09:15:44 AM,3699.2,100,369920.0,45976406.9
2025-08-01 09:15:44 AM,3699.6,0,0.0,45976406.9
2025-08-01 09:15:44 AM,3699.6,225,832410.0,46808816.9
2025-08-01 09:15:45 AM,3697.6,0,0.0,46808816.9
2025-08-01 09:15:45 AM,3700.7,43,159130.1,46967947.0
2025-08-01 09:15:46 AM,3696.1,0,0.0,46967947.0
2025-08-01 09:15:46 AM,3697.0,181,669157.0,47637104.0
2025-08-01 09:15:47 AM,3697.5,0,0.0,47637104.0
2025-08-01 09:15:47 AM,3697.5,94,347565.0,47984669.0
2025-08-01 09:15:48 AM,3695.4,925,3418245.0,51402914.0
2025-08-01 09:15:48 AM,3692.9,0,0.0,51402914.0
2025-08-01 09:15:48 AM,3692.9,63,232652.7,51635566.7
2025-08-01 09:15:49 AM,3694.9,50,184745.0,51820311.7
2025-08-01 09:15:49 AM,3693.9,0,0.0,51820311.7
2025-08-01 09:15:50 AM,3690.0,276,1018440.0,52838751.7
2025-08-01 09:15:50 AM,3693.2,0,0.0,52838751.7
2025-08-01 09:15:50 AM,3693.2,1,3693.2,52842444.900000006
2025-08-01 09:15:51 AM,3690.7,28,103339.59999999999,52945784.50000001
2025-08-01 09:15:52 AM,3695.4,47,173683.80000000002,53119468.300000004
2025-08-01 09:15:52 AM,3698.0,0,0.0,53119468.300000004
2025-08-01 09:15:52 AM,3698.0,62,229276.0,53348744.300000004
2025-08-01 09:15:53 AM,3694.2,248,916161.6,54264905.900000006
2025-08-01 09:15:53 AM,3697.7,0,0.0,54264905.900000006
2025-08-01 09:15:53 AM,3697.7,107,395653.89999999997,54660559.800000004
2025-08-01 09:15:54 AM,3694.0,45,166230.0,54826789.800000004
2025-08-01 09:15:54 AM,3696.3,0,0.0,54826789.800000004
2025-08-01 09:15:54 AM,3696.3,1,3696.3,54830486.1
2025-08-01 09:15:55 AM,3696.7,34,125687.79999999999,54956173.9
2025-08-01 09:15:57 AM,3696.3,101,373326.30000000005,55329500.199999996
2025-08-01 09:15:57 AM,3695.2,0,0.0,55329500.199999996
2025-08-01 09:15:57 AM,3695.2,11,40647.2,55370147.4
2025-08-01 09:15:57 AM,3695.5,0,0.0,55370147.4
2025-08-01 09:15:58 AM,3695.4,15,55431.0,55425578.4
2025-08-01 09:15:59 AM,3696.3,0,0.0,55425578.4
2025-08-01 09:15:59 AM,3696.3,2,7392.6,55432971.0
2025-08-01 09:16:00 AM,3695.4,249,920154.6,56353125.6
2025-08-01 09:16:00 AM,3694.9,0,0.0,56353125.6
2025-08-01 09:16:00 AM,3694.9,151,557929.9,56911055.5
2025-08-01 09:16:00 AM,3694.1,0,0.0,56911055.5
2025-08-01 09:16:01 AM,3692.9,31,114479.90000000001,57025535.4
2025-08-01 09:16:01 AM,3694.8,0,0.0,57025535.4
2025-08-01 09:16:01 AM,3694.8,201,742654.8,57768190.199999996
2025-08-01 09:16:02 AM,3690.0,427,1575630.0,59343820.199999996
2025-08-01 09:16:02 AM,3691.3,1,3691.3,59347511.49999999
2025-08-01 09:16:02 AM,3689.2,0,0.0,59347511.49999999
2025-08-01 09:16:03 AM,3687.3,318,1172561.4000000001,60520072.89999999
2025-08-01 09:16:03 AM,3690.1,0,0.0,60520072.89999999
2025-08-01 09:16:03 AM,3690.0,0,0.0,60520072.89999999
2025-08-01 09:16:04 AM,3690.7,154,568367.7999999999,61088440.69999999
2025-08-01 09:16:04 AM,3688.0,11,40568.0,61129008.69999999
2025-08-01 09:16:04 AM,3690.1,0,0.0,61129008.69999999
2025-08-01 09:16:05 AM,3689.7,363,1339361.0999999999,62468369.79999999
2025-08-01 09:16:05 AM,3689.8,0,0.0,62468369.79999999
2025-08-01 09:16:06 AM,3689.7,40,147588.0,62615957.79999999
2025-08-01 09:16:06 AM,3689.8,17,62726.600000000006,62678684.39999999
2025-08-01 09:16:07 AM,3689.8,12,44277.600000000006,62722961.99999999
2025-08-01 09:16:08 AM,3689.3,10,36893.0,62759854.99999999
2025-08-01 09:16:08 AM,3688.9,0,0.0,62759854.99999999
2025-08-01 09:16:09 AM,3685.5,110,405405.0,63165259.99999999
2025-08-01 09:16:09 AM,3685.0,0,0.0,63165259.99999999
2025-08-01 09:16:09 AM,3686.7,0,0.0,63165259.99999999
2025-08-01 09:16:10 AM,3683.2,450,1657440.0,64822699.99999999
2025-08-01 09:16:10 AM,3686.4,119,438681.60000000003,65261381.599999994
2025-08-01 09:16:10 AM,3685.1,0,0.0,65261381.599999994
2025-08-01 09:16:11 AM,3681.5,289,1063953.5,66325335.099999994
2025-08-01 09:16:11 AM,3685.7,21,77399.7,66402734.8
2025-08-01 09:16:11 AM,3685.6,0,0.0,66402734.8
2025-08-01 09:16:12 AM,3684.8,30,110544.0,66513278.8
2025-08-01 09:16:12 AM,3684.8,50,184240.0,66697518.8
2025-08-01 09:16:12 AM,3685.0,0,0.0,66697518.8
2025-08-01 09:16:13 AM,3685.0,158,582230.0,67279748.8
2025-08-01 09:16:13 AM,3681.8,0,0.0,67279748.8
2025-08-01 09:16:14 AM,3683.3,751,2766158.3000000003,70045907.1
2025-08-01 09:16:14 AM,3683.3,30,110499.0,70156406.1
2025-08-01 09:16:15 AM,3683.0,117,430911.0,70587317.1
2025-08-01 09:16:15 AM,3684.4,0,0.0,70587317.1
2025-08-01 09:16:16 AM,3683.2,132,486182.39999999997,71073499.5
2025-08-01 09:16:16 AM,3681.8,5,18409.0,71091908.5
2025-08-01 09:16:17 AM,3683.2,108,397785.6,71489694.1
2025-08-01 09:16:17 AM,3680.0,0,0.0,71489694.1
2025-08-01 09:16:17 AM,3680.0,31,114080.0,71603774.1
2025-08-01 09:16:18 AM,3684.0,33,121572.0,71725346.1
2025-08-01 09:16:18 AM,3683.5,0,0.0,71725346.1
2025-08-01 09:16:18 AM,3683.3,0,0.0,71725346.1
2025-08-01 09:16:18 AM,3683.3,15,55249.5,71780595.6
2025-08-01 09:16:19 AM,3680.0,260,956800.0,72737395.6
2025-08-01 09:16:19 AM,3679.9,0,0.0,72737395.6
2025-08-01 09:16:20 AM,3679.9,5,18399.5,72755795.1
2025-08-01 09:16:20 AM,3679.2,52,191318.4,72947113.5
2025-08-01 09:16:20 AM,3679.4,0,0.0,72947113.5
2025-08-01 09:16:20 AM,3679.4,100,367940.0,73315053.5
2025-08-01 09:16:21 AM,3679.5,87,320116.5,73635170.0
2025-08-01 09:16:21 AM,3682.8,0,0.0,73635170.0
2025-08-01 09:16:21 AM,3683.7,0,0.0,73635170.0
2025-08-01 09:16:22 AM,3683.1,46,169422.6,73804592.6
2025-08-01 09:16:22 AM,3680.9,54,198768.6,74003361.19999999
2025-08-01 09:16:22 AM,3683.7,0,0.0,74003361.19999999
2025-08-01 09:16:23 AM,3680.9,132,485878.8,74489239.99999999
2025-08-01 09:16:23 AM,3685.0,168,619080.0,75108319.99999999
2025-08-01 09:16:23 AM,3686.3,0,0.0,75108319.99999999
2025-08-01 09:16:23 AM,3689.8,0,0.0,75108319.99999999
2025-08-01 09:16:24 AM,3689.8,155,571919.0,75680238.99999999
2025-08-01 09:16:24 AM,3688.4,0,0.0,75680238.99999999
2025-08-01 09:16:24 AM,3691.3,0,0.0,75680238.99999999
2025-08-01 09:16:25 AM,3690.1,266,981566.6,76661805.59999998
2025-08-01 09:16:25 AM,3689.5,0,0.0,76661805.59999998
2025-08-01 09:16:26 AM,3689.2,70,258244.0,76920049.59999998
2025-08-01 09:16:27 AM,3687.5,235,866562.5,77786612.09999998
2025-08-01 09:16:27 AM,3693.6,0,0.0,77786612.09999998
2025-08-01 09:16:28 AM,3693.6,152,561427.2,78348039.29999998
2025-08-01 09:16:28 AM,3697.4,0,0.0,78348039.29999998
2025-08-01 09:16:29 AM,3694.7,339,1252503.3,79600542.59999998
2025-08-01 09:16:30 AM,3697.1,105,388195.5,79988738.09999998
2025-08-01 09:16:30 AM,3693.7,0,0.0,79988738.09999998
2025-08-01 09:16:31 AM,3693.6,261,964029.6,80952767.69999997
2025-08-01 09:16:31 AM,3698.0,40,147920.0,81100687.69999997
2025-08-01 09:16:31 AM,3697.9,0,0.0,81100687.69999997
2025-08-01 09:16:32 AM,3695.3,97,358444.10000000003,81459131.79999997
2025-08-01 09:16:32 AM,3698.5,0,0.0,81459131.79999997
2025-08-01 09:16:32 AM,3698.5,4,14794.0,81473925.79999997
2025-08-01 09:16:33 AM,3693.5,118,435833.0,81909758.79999997
2025-08-01 09:16:33 AM,3697.8,0,0.0,81909758.79999997
2025-08-01 09:16:33 AM,3697.8,6,22186.800000000003,81931945.59999996
2025-08-01 09:16:34 AM,3695.0,113,417535.0,82349480.59999996
2025-08-01 09:16:35 AM,3694.2,12,44330.399999999994,82393810.99999997
2025-08-01 09:16:35 AM,3696.4,30,110892.0,82504702.99999997
2025-08-01 09:16:35 AM,3697.4,0,0.0,82504702.99999997
2025-08-01 09:16:36 AM,3697.4,178,658137.2000000001,83162840.19999997
2025-08-01 09:16:37 AM,3694.0,32,118208.0,83281048.19999997
2025-08-01 09:16:38 AM,3694.2,0,0.0,83281048.19999997
2025-08-01 09:16:39 AM,3696.9,47,173754.30000000002,83454802.49999997
2025-08-01 09:16:40 AM,3696.3,51,188511.30000000002,83643313.79999997
2025-08-01 09:16:41 AM,3696.5,41,151556.5,83794870.29999997
2025-08-01 09:16:41 AM,3696.8,0,0.0,83794870.29999997
2025-08-01 09:16:42 AM,3696.9,6,22181.4,83817051.69999997
2025-08-01 09:16:43 AM,3694.8,70,258636.0,84075687.69999997
2025-08-01 09:16:43 AM,3696.0,60,221760.0,84297447.69999997
2025-08-01 09:16:44 AM,3696.8,100,369680.0,84667127.69999997
2025-08-01 09:16:45 AM,3693.7,300,1108110.0,85775237.69999997
2025-08-01 09:16:45 AM,3694.3,0,0.0,85775237.69999997
2025-08-01 09:16:45 AM,3694.3,2,7388.6,85782626.29999997
2025-08-01 09:16:46 AM,3693.6,306,1130241.5999999999,86912867.89999996
2025-08-01 09:16:47 AM,3692.9,53,195723.7,87108591.59999996
2025-08-01 09:16:48 AM,3692.9,40,147716.0,87256307.59999996
2025-08-01 09:16:48 AM,3690.0,93,343170.0,87599477.59999996
2025-08-01 09:16:48 AM,3693.7,0,0.0,87599477.59999996
2025-08-01 09:16:49 AM,3690.5,205,756552.5,88356030.09999996
2025-08-01 09:16:49 AM,3692.5,0,0.0,88356030.09999996
2025-08-01 09:16:50 AM,3692.5,5,18462.5,88374492.59999996
2025-08-01 09:16:50 AM,3690.5,0,0.0,88374492.59999996
2025-08-01 09:16:51 AM,3690.0,99,365310.0,88739802.59999996
2025-08-01 09:16:52 AM,3690.5,11,40595.5,88780398.09999996
2025-08-01 09:16:52 AM,3690.0,31,114390.0,88894788.09999996
2025-08-01 09:16:53 AM,3691.8,11,40609.8,88935397.89999996
2025-08-01 09:16:54 AM,3691.4,24,88593.6,89023991.49999996
2025-08-01 09:16:55 AM,3691.3,4,14765.2,89038756.69999996
2025-08-01 09:16:55 AM,3691.2,60,221472.0,89260228.69999996
2025-08-01 09:16:56 AM,3691.2,1,3691.2,89263919.89999996
2025-08-01 09:16:56 AM,3690.0,15,55350.0,89319269.89999996
2025-08-01 09:16:57 AM,3689.8,10,36898.0,89356167.89999996
2025-08-01 09:16:57 AM,3691.2,0,0.0,89356167.89999996
2025-08-01 09:16:57 AM,3691.2,2,7382.4,89363550.29999997
2025-08-01 09:16:59 AM,3691.2,1,3691.2,89367241.49999997
2025-08-01 09:17:00 AM,3691.4,117,431893.8,89799135.29999997
2025-08-01 09:17:00 AM,3693.1,0,0.0,89799135.29999997
2025-08-01 09:17:01 AM,3690.8,123,453968.4,90253103.69999997
2025-08-01 09:17:01 AM,3691.4,1,3691.4,90256795.09999998
2025-08-01 09:17:02 AM,3689.2,23,84851.59999999999,90341646.69999997
2025-08-01 09:17:02 AM,3690.4,378,1394971.2,91736617.89999998
2025-08-01 09:17:03 AM,3690.6,3,11071.8,91747689.69999997
2025-08-01 09:17:03 AM,3691.9,1,3691.9,91751381.59999998
2025-08-01 09:17:04 AM,3691.6,101,372851.6,92124233.19999997
2025-08-01 09:17:04 AM,3691.3,0,0.0,92124233.19999997
2025-08-01 09:17:04 AM,3691.3,32,118121.6,92242354.79999997
2025-08-01 09:17:05 AM,3689.2,54,199216.8,92441571.59999996
2025-08-01 09:17:06 AM,3689.2,9,33202.799999999996,92474774.39999996
2025-08-01 09:17:06 AM,3691.1,14,51675.4,92526449.79999997
2025-08-01 09:17:07 AM,3689.2,0,0.0,92526449.79999997
2025-08-01 09:17:07 AM,3689.2,129,475906.8,93002356.59999996
2025-08-01 09:17:08 AM,3690.0,0,0.0,93002356.59999996
2025-08-01 09:17:08 AM,3690.0,51,188190.0,93190546.59999996
2025-08-01 09:17:09 AM,3688.7,16,59019.2,93249565.79999997
2025-08-01 09:17:10 AM,3688.0,129,475752.0,93725317.79999997
2025-08-01 09:17:12 AM,3688.3,13,47947.9,93773265.69999997
2025-08-01 09:17:12 AM,3691.7,0,0.0,93773265.69999997
2025-08-01 09:17:13 AM,3691.7,101,372861.69999999995,94146127.39999998
2025-08-01 09:17:13 AM,3691.5,10,36915.0,94183042.39999998
2025-08-01 09:17:14 AM,3688.9,12,44266.8,94227309.19999997
2025-08-01 09:17:15 AM,3689.0,22,81158.0,94308467.19999997
2025-08-01 09:17:15 AM,3690.4,0,0.0,94308467.19999997
2025-08-01 09:17:16 AM,3691.9,101,372881.9,94681349.09999998
2025-08-01 09:17:17 AM,3691.8,72,265809.60000000003,94947158.69999997
2025-08-01 09:17:17 AM,3690.5,1,3690.5,94950849.19999997
2025-08-01 09:17:18 AM,3691.5,2,7383.0,94958232.19999997
2025-08-01 09:17:19 AM,3691.0,0,0.0,94958232.19999997
2025-08-01 09:17:19 AM,3691.0,18,66438.0,95024670.19999997
2025-08-01 09:17:20 AM,3690.9,0,0.0,95024670.19999997
2025-08-01 09:17:20 AM,3690.9,44,162399.6,95187069.79999997
2025-08-01 09:17:21 AM,3688.8,6,22132.800000000003,95209202.59999996
2025-08-01 09:17:21 AM,3690.8,0,0.0,95209202.59999996
2025-08-01 09:17:22 AM,3690.8,7,25835.600000000002,95235038.19999996
2025-08-01 09:17:22 AM,3692.5,250,923125.0,96158163.19999996
2025-08-01 09:17:24 AM,3691.9,35,129216.5,96287379.69999996
2025-08-01 09:17:24 AM,3694.2,100,369420.0,96656799.69999996
2025-08-01 09:17:25 AM,3692.5,2,7385.0,96664184.69999996
2025-08-01 09:17:25 AM,3694.1,32,118211.2,96782395.89999996
2025-08-01 09:17:26 AM,3692.2,10,36922.0,96819317.89999996
2025-08-01 09:17:27 AM,3694.0,2,7388.0,96826705.89999996
2025-08-01 09:17:29 AM,3692.0,6,22152.0,96848857.89999996
2025-08-01 09:17:29 AM,3693.7,0,0.0,96848857.89999996
2025-08-01 09:17:30 AM,3693.7,8,29549.6,96878407.49999996
2025-08-01 09:17:30 AM,3692.0,80,295360.0,97173767.49999996
2025-08-01 09:17:31 AM,3693.9,2,7387.8,97181155.29999995
2025-08-01 09:17:32 AM,3692.7,7,25848.899999999998,97207004.19999996
2025-08-01 09:17:32 AM,3694.2,0,0.0,97207004.19999996
2025-08-01 09:17:32 AM,3694.2,11,40636.2,97247640.39999996
2025-08-01 09:17:34 AM,3693.9,129,476513.10000000003,97724153.49999996
2025-08-01 09:17:34 AM,3694.0,0,0.0,97724153.49999996
2025-08-01 09:17:34 AM,3694.0,13,48022.0,97772175.49999996
2025-08-01 09:17:35 AM,3694.0,16,59104.0,97831279.49999996
2025-08-01 09:17:35 AM,3695.1,0,0.0,97831279.49999996
2025-08-01 09:17:36 AM,3696.0,7,25872.0,97857151.49999996
2025-08-01 09:17:36 AM,3695.8,0,0.0,97857151.49999996
2025-08-01 09:17:36 AM,3694.2,0,0.0,97857151.49999996
2025-08-01 09:17:37 AM,3694.2,22,81272.4,97938423.89999996
2025-08-01 09:17:37 AM,3695.0,20,73900.0,98012323.89999996
2025-08-01 09:17:38 AM,3695.1,2,7390.2,98019714.09999996
2025-08-01 09:17:38 AM,3695.1,5,18475.5,98038189.59999996
2025-08-01 09:17:39 AM,3694.0,55,203170.0,98241359.59999996
2025-08-01 09:17:39 AM,3691.3,0,0.0,98241359.59999996
2025-08-01 09:17:39 AM,3691.3,1290,4761777.0,103003136.59999996
2025-08-01 09:17:40 AM,3690.4,588,2169955.2,105173091.79999997
2025-08-01 09:17:40 AM,3690.0,0,0.0,105173091.79999997
2025-08-01 09:17:41 AM,3690.0,542,1999980.0,107173071.79999997
2025-08-01 09:17:41 AM,3688.3,224,826179.2000000001,107999250.99999997
2025-08-01 09:17:42 AM,3688.0,126,464688.0,108463938.99999997
2025-08-01 09:17:42 AM,3689.0,983,3626287.0,112090225.99999997
2025-08-01 09:17:43 AM,3686.0,247,910442.0,113000667.99999997
2025-08-01 09:17:43 AM,3688.4,0,0.0,113000667.99999997
2025-08-01 09:17:44 AM,3688.8,105,387324.0,113387991.99999997
2025-08-01 09:17:44 AM,3686.9,25,92172.5,113480164.49999997
2025-08-01 09:17:44 AM,3689.0,0,0.0,113480164.49999997
2025-08-01 09:17:45 AM,3686.5,120,442380.0,113922544.49999997
2025-08-01 09:17:45 AM,3689.2,3,11067.599999999999,113933612.09999996
2025-08-01 09:17:45 AM,3688.3,0,0.0,113933612.09999996
2025-08-01 09:17:46 AM,3687.3,185,682150.5,114615762.59999996
2025-08-01 09:17:47 AM,3686.1,135,497623.5,115113386.09999996
2025-08-01 09:17:47 AM,3685.7,0,0.0,115113386.09999996
2025-08-01 09:17:48 AM,3685.7,1,3685.7,115117071.79999997
2025-08-01 09:17:48 AM,3683.7,68,250491.59999999998,115367563.39999996
2025-08-01 09:17:49 AM,3683.7,22,81041.4,115448604.79999997
2025-08-01 09:17:49 AM,3685.3,15,55279.5,115503884.29999997
2025-08-01 09:17:50 AM,3683.2,114,419884.8,115923769.09999996
2025-08-01 09:17:52 AM,3683.2,16,58931.2,115982700.29999997
2025-08-01 09:17:52 AM,3684.3,5,18421.5,116001121.79999997
2025-08-01 09:17:52 AM,3683.2,0,0.0,116001121.79999997
2025-08-01 09:17:53 AM,3684.1,20,73682.0,116074803.79999997
2025-08-01 09:17:53 AM,3683.0,5,18415.0,116093218.79999997
2025-08-01 09:17:53 AM,3683.9,0,0.0,116093218.79999997
2025-08-01 09:17:54 AM,3684.0,43,158412.0,116251630.79999997
2025-08-01 09:17:54 AM,3682.0,5,18410.0,116270040.79999997
2025-08-01 09:17:55 AM,3682.8,23,84704.40000000001,116354745.19999997
2025-08-01 09:17:56 AM,3682.8,2,7365.6,116362110.79999997
2025-08-01 09:17:57 AM,3682.8,10,36828.0,116398938.79999997
2025-08-01 09:17:58 AM,3682.8,40,147312.0,116546250.79999997
2025-08-01 09:17:58 AM,3683.5,64,235744.0,116781994.79999997
2025-08-01 09:17:58 AM,3680.0,0,0.0,116781994.79999997
2025-08-01 09:17:59 AM,3680.0,355,1306400.0,118088394.79999997
2025-08-01 09:17:59 AM,3680.0,55,202400.0,118290794.79999997
2025-08-01 09:18:00 AM,3680.0,72,264960.0,118555754.79999997
2025-08-01 09:18:01 AM,3681.3,0,0.0,118555754.79999997
2025-08-01 09:18:01 AM,3681.3,29,106757.70000000001,118662512.49999997
2025-08-01 09:18:02 AM,3680.9,51,187725.9,118850238.39999998
2025-08-01 09:18:03 AM,3680.0,28,103040.0,118953278.39999998
2025-08-01 09:18:03 AM,3680.9,0,0.0,118953278.39999998
2025-08-01 09:18:04 AM,3680.7,47,172992.9,119126271.29999998
2025-08-01 09:18:05 AM,3681.5,236,868834.0,119995105.29999998
2025-08-01 09:18:06 AM,3682.5,26,95745.0,120090850.29999998
2025-08-01 09:18:07 AM,3680.9,195,717775.5,120808625.79999998
2025-08-01 09:18:07 AM,3683.4,0,0.0,120808625.79999998
2025-08-01 09:18:08 AM,3684.0,183,674172.0,121482797.79999998
2025-08-01 09:18:08 AM,3681.0,0,0.0,121482797.79999998
2025-08-01 09:18:09 AM,3681.1,32,117795.2,121600592.99999999
2025-08-01 09:18:10 AM,3682.7,23,84702.09999999999,121685295.09999998
2025-08-01 09:18:11 AM,3682.7,101,371952.69999999995,122057247.79999998
2025-08-01 09:18:11 AM,3685.6,201,740805.6,122798053.39999998
2025-08-01 09:18:12 AM,3685.5,24,88452.0,122886505.39999998
2025-08-01 09:18:12 AM,3685.4,1,3685.4,122890190.79999998
2025-08-01 09:18:13 AM,3685.6,76,280105.6,123170296.39999998
2025-08-01 09:18:13 AM,3682.7,0,0.0,123170296.39999998
2025-08-01 09:18:14 AM,3684.8,35,128968.0,123299264.39999998
2025-08-01 09:18:14 AM,3683.1,0,0.0,123299264.39999998
2025-08-01 09:18:14 AM,3683.1,16,58929.6,123358193.99999997
2025-08-01 09:18:14 AM,3682.9,0,0.0,123358193.99999997
2025-08-01 09:18:15 AM,3685.4,76,280090.4,123638284.39999998
2025-08-01 09:18:15 AM,3686.4,0,0.0,123638284.39999998
2025-08-01 09:18:15 AM,3686.4,50,184320.0,123822604.39999998
2025-08-01 09:18:16 AM,3684.9,5,18424.5,123841028.89999998
2025-08-01 09:18:17 AM,3684.7,8,29477.6,123870506.49999997
2025-08-01 09:18:18 AM,3684.7,11,40531.7,123911038.19999997
2025-08-01 09:18:18 AM,3686.2,0,0.0,123911038.19999997
2025-08-01 09:18:19 AM,3687.4,430,1585582.0,125496620.19999997
2025-08-01 09:18:20 AM,3688.2,36,132775.19999999998,125629395.39999998
2025-08-01 09:18:20 AM,3685.9,33,121634.7,125751030.09999998
2025-08-01 09:18:21 AM,3684.2,100,368420.0,126119450.09999998
2025-08-01 09:18:21 AM,3688.2,4,14752.8,126134202.89999998
2025-08-01 09:18:22 AM,3687.8,48,177014.40000000002,126311217.29999998
2025-08-01 09:18:22 AM,3688.2,3,11064.599999999999,126322281.89999998
2025-08-01 09:18:23 AM,3688.2,10,36882.0,126359163.89999998
2025-08-01 09:18:24 AM,3688.2,10,36882.0,126396045.89999998
2025-08-01 09:18:24 AM,3687.0,0,0.0,126396045.89999998
2025-08-01 09:18:25 AM,3687.2,108,398217.6,126794263.49999997
2025-08-01 09:18:25 AM,3688.2,0,0.0,126794263.49999997
2025-08-01 09:18:26 AM,3688.1,15,55321.5,126849584.99999997
2025-08-01 09:18:26 AM,3689.1,0,0.0,126849584.99999997
2025-08-01 09:18:27 AM,3689.1,10,36891.0,126886475.99999997
2025-08-01 09:18:28 AM,3687.4,109,401926.60000000003,127288402.59999996
2025-08-01 09:18:28 AM,3688.2,0,0.0,127288402.59999996
2025-08-01 09:18:29 AM,3687.9,13,47942.700000000004,127336345.29999997
2025-08-01 09:18:29 AM,3687.9,50,184395.0,127520740.29999997
2025-08-01 09:18:30 AM,3686.0,64,235904.0,127756644.29999997
2025-08-01 09:18:30 AM,3688.0,0,0.0,127756644.29999997
2025-08-01 09:18:31 AM,3686.0,196,722456.0,128479100.29999997
2025-08-01 09:18:31 AM,3687.7,1,3687.7,128482787.99999997
2025-08-01 09:18:32 AM,3687.3,53,195426.90000000002,128678214.89999998
2025-08-01 09:18:32 AM,3686.0,2,7372.0,128685586.89999998
2025-08-01 09:18:32 AM,3687.4,0,0.0,128685586.89999998
2025-08-01 09:18:33 AM,3686.0,103,379658.0,129065244.89999998
2025-08-01 09:18:34 AM,3687.9,307,1132185.3,130197430.19999997
2025-08-01 09:18:34 AM,3686.0,0,0.0,130197430.19999997
2025-08-01 09:18:35 AM,3686.0,105,387030.0,130584460.19999997
2025-08-01 09:18:35 AM,3687.1,0,0.0,130584460.19999997
2025-08-01 09:18:36 AM,3687.1,20,73742.0,130658202.19999997
2025-08-01 09:18:36 AM,3686.0,33,121638.0,130779840.19999997
2025-08-01 09:18:36 AM,3687.0,0,0.0,130779840.19999997
2025-08-01 09:18:37 AM,3687.0,15,55305.0,130835145.19999997
2025-08-01 09:18:37 AM,3687.1,50,184355.0,131019500.19999997
2025-08-01 09:18:38 AM,3688.2,290,1069578.0,132089078.19999997
2025-08-01 09:18:38 AM,3688.2,40,147528.0,132236606.19999997
2025-08-01 09:18:39 AM,3688.2,79,291367.8,132527973.99999997
2025-08-01 09:18:40 AM,3688.2,40,147528.0,132675501.99999997
2025-08-01 09:18:40 AM,3689.0,0,0.0,132675501.99999997
2025-08-01 09:18:41 AM,3688.8,227,837357.6000000001,133512859.59999996
2025-08-01 09:18:42 AM,3689.7,26,95932.2,133608791.79999997
2025-08-01 09:18:44 AM,3692.4,150,553860.0,134162651.79999997
2025-08-01 09:18:45 AM,3691.0,5,18455.0,134181106.79999997
2025-08-01 09:18:46 AM,3693.6,9,33242.4,134214349.19999997
2025-08-01 09:18:47 AM,3691.4,13,47988.200000000004,134262337.39999998
2025-08-01 09:18:47 AM,3693.3,2,7386.6,134269723.99999997
2025-08-01 09:18:48 AM,3693.4,2,7386.8,134277110.79999998
2025-08-01 09:18:48 AM,3693.4,1,3693.4,134280804.2
2025-08-01 09:18:49 AM,3693.4,1,3693.4,134284497.6
2025-08-01 09:18:50 AM,3692.5,220,812350.0,135096847.6
2025-08-01 09:18:50 AM,3693.6,0,0.0,135096847.6
2025-08-01 09:18:51 AM,3694.0,103,380482.0,135477329.6
2025-08-01 09:18:51 AM,3692.5,0,0.0,135477329.6
2025-08-01 09:18:52 AM,3694.0,32,118208.0,135595537.6
2025-08-01 09:18:52 AM,3692.6,16,59081.6,135654619.2
2025-08-01 09:18:52 AM,3692.0,0,0.0,135654619.2
2025-08-01 09:18:53 AM,3691.4,5,18457.0,135673076.2
2025-08-01 09:18:53 AM,3692.4,0,0.0,135673076.2
2025-08-01 09:18:54 AM,3692.4,50,184620.0,135857696.2
2025-08-01 09:18:54 AM,3690.8,0,0.0,135857696.2
2025-08-01 09:18:55 AM,3690.0,12,44280.0,135901976.2
2025-08-01 09:18:57 AM,3692.3,0,0.0,135901976.2
2025-08-01 09:18:58 AM,3692.3,155,572306.5,136474282.7
2025-08-01 09:18:59 AM,3691.0,15,55365.0,136529647.7
2025-08-01 09:18:59 AM,3692.3,0,0.0,136529647.7
2025-08-01 09:19:00 AM,3692.3,10,36923.0,136566570.7
2025-08-01 09:19:00 AM,3691.0,0,0.0,136566570.7
2025-08-01 09:19:00 AM,3691.0,69,254679.0,136821249.7
2025-08-01 09:19:01 AM,3691.0,20,73820.0,136895069.7
2025-08-01 09:19:02 AM,3692.0,529,1953068.0,138848137.7
2025-08-01 09:19:03 AM,3690.4,172,634748.8,139482886.5
2025-08-01 09:19:03 AM,3692.3,0,0.0,139482886.5
2025-08-01 09:19:03 AM,3692.3,25,92307.5,139575194.0
2025-08-01 09:19:04 AM,3690.0,44,162360.0,139737554.0
2025-08-01 09:19:05 AM,3691.7,0,0.0,139737554.0
2025-08-01 09:19:05 AM,3691.7,426,1572664.2,141310218.2
2025-08-01 09:19:06 AM,3692.2,0,0.0,141310218.2
2025-08-01 09:19:06 AM,3692.2,48,177225.59999999998,141487443.79999998
2025-08-01 09:19:09 AM,3692.2,3,11076.599999999999,141498520.39999998
2025-08-01 09:19:10 AM,3691.8,0,0.0,141498520.39999998
2025-08-01 09:19:10 AM,3691.8,5,18459.0,141516979.39999998
2025-08-01 09:19:11 AM,3692.2,130,479986.0,141996965.39999998
2025-08-01 09:19:11 AM,3692.6,0,0.0,141996965.39999998
2025-08-01 09:19:11 AM,3692.6,1,3692.6,142000657.99999997
2025-08-01 09:19:12 AM,3691.0,15,55365.0,142056022.99999997
2025-08-01 09:19:13 AM,3692.2,5,18461.0,142074483.99999997
2025-08-01 09:19:13 AM,3692.6,2,7385.2,142081869.19999996
2025-08-01 09:19:14 AM,3692.2,13,47998.6,142129867.79999995
2025-08-01 09:19:15 AM,3695.0,570,2106150.0,144236017.79999995
2025-08-01 09:19:16 AM,3694.0,67,247498.0,144483515.79999995
2025-08-01 09:19:17 AM,3693.1,7,25851.7,144509367.49999994
2025-08-01 09:19:18 AM,3694.8,0,0.0,144509367.49999994
2025-08-01 09:19:19 AM,3694.8,3,11084.400000000001,144520451.89999995
2025-08-01 09:19:19 AM,3696.6,494,1826120.4,146346572.29999995
2025-08-01 09:19:19 AM,3696.7,0,0.0,146346572.29999995
2025-08-01 09:19:20 AM,3696.7,2,7393.4,146353965.69999996
2025-08-01 09:19:20 AM,3698.3,14,51776.200000000004,146405741.89999995
2025-08-01 09:19:21 AM,3696.4,61,225480.4,146631222.29999995
2025-08-01 09:19:21 AM,3698.7,61,225620.69999999998,146856842.99999994
2025-08-01 09:19:22 AM,3698.0,0,0.0,146856842.99999994
2025-08-01 09:19:23 AM,3698.0,20,73960.0,146930802.99999994
2025-08-01 09:19:24 AM,3699.0,171,632529.0,147563331.99999994
2025-08-01 09:19:24 AM,3698.3,0,0.0,147563331.99999994
2025-08-01 09:19:25 AM,3698.0,34,125732.0,147689063.99999994
2025-08-01 09:19:26 AM,3696.8,66,243988.80000000002,147933052.79999995
2025-08-01 09:19:27 AM,3695.3,151,557990.3,148491043.09999996
2025-08-01 09:19:27 AM,3695.3,1,3695.3,148494738.39999998
2025-08-01 09:19:28 AM,3696.5,125,462062.5,148956800.89999998
2025-08-01 09:19:28 AM,3694.0,0,0.0,148956800.89999998
2025-08-01 09:19:28 AM,3694.0,15,55410.0,149012210.89999998
2025-08-01 09:19:29 AM,3694.0,46,169924.0,149182134.89999998
2025-08-01 09:19:29 AM,3694.2,0,0.0,149182134.89999998
2025-08-01 09:19:30 AM,3691.0,484,1786444.0,150968578.89999998
2025-08-01 09:19:30 AM,3690.1,20,73802.0,151042380.89999998
2025-08-01 09:19:30 AM,3691.6,0,0.0,151042380.89999998
2025-08-01 09:19:31 AM,3691.6,1,3691.6,151046072.49999997
2025-08-01 09:19:32 AM,3687.1,825,3041857.5,154087929.99999997
2025-08-01 09:19:33 AM,3689.1,5,18445.5,154106375.49999997
2025-08-01 09:19:34 AM,3686.1,110,405471.0,154511846.49999997
2025-08-01 09:19:35 AM,3686.0,254,936244.0,155448090.49999997
2025-08-01 09:19:36 AM,3686.1,175,645067.5,156093157.99999997
2025-08-01 09:19:36 AM,3684.0,7,25788.0,156118945.99999997
2025-08-01 09:19:37 AM,3686.7,2,7373.4,156126319.39999998
2025-08-01 09:19:38 AM,3686.5,46,169579.0,156295898.39999998
2025-08-01 09:19:38 AM,3685.0,0,0.0,156295898.39999998
2025-08-01 09:19:39 AM,3685.0,71,261635.0,156557533.39999998
2025-08-01 09:19:39 AM,3686.4,0,0.0,156557533.39999998
2025-08-01 09:19:40 AM,3686.9,66,243335.4,156800868.79999998
2025-08-01 09:19:40 AM,3687.1,0,0.0,156800868.79999998
2025-08-01 09:19:40 AM,3687.1,5,18435.5,156819304.29999998
2025-08-01 09:19:41 AM,3686.0,0,0.0,156819304.29999998
2025-08-01 09:19:42 AM,3686.0,6,22116.0,156841420.29999998
2025-08-01 09:19:42 AM,3687.1,0,0.0,156841420.29999998
2025-08-01 09:19:43 AM,3687.5,5,18437.5,156859857.79999998
2025-08-01 09:19:44 AM,3688.2,14,51634.799999999996,156911492.6
2025-08-01 09:19:44 AM,3688.2,1,3688.2,156915180.79999998
2025-08-01 09:19:46 AM,3689.2,155,571826.0,157487006.79999998
2025-08-01 09:19:46 AM,3691.5,0,0.0,157487006.79999998
2025-08-01 09:19:47 AM,3688.7,115,424200.5,157911207.29999998
2025-08-01 09:19:48 AM,3687.5,65,239687.5,158150894.79999998
2025-08-01 09:19:49 AM,3690.9,10,36909.0,158187803.79999998
2025-08-01 09:19:50 AM,3691.6,9,33224.4,158221028.2
2025-08-01 09:19:51 AM,3691.6,1,3691.6,158224719.79999998
2025-08-01 09:19:51 AM,3690.6,0,0.0,158224719.79999998
2025-08-01 09:19:52 AM,3691.6,60,221496.0,158446215.79999998
2025-08-01 09:19:53 AM,3690.7,8,29525.6,158475741.39999998
2025-08-01 09:19:54 AM,3691.6,0,0.0,158475741.39999998
2025-08-01 09:19:55 AM,3691.6,10,36916.0,158512657.39999998
2025-08-01 09:19:57 AM,3691.6,8,29532.8,158542190.2
2025-08-01 09:19:58 AM,3690.3,37,136541.1,158678731.29999998
2025-08-01 09:19:58 AM,3691.6,0,0.0,158678731.29999998
2025-08-01 09:19:59 AM,3691.6,50,184580.0,158863311.29999998
2025-08-01 09:20:00 AM,3691.6,35,129206.0,158992517.29999998
2025-08-01 09:20:00 AM,3691.6,10,36916.0,159029433.29999998
2025-08-01 09:20:01 AM,3690.3,0,0.0,159029433.29999998
2025-08-01 09:20:01 AM,3690.3,9,33212.700000000004,159062645.99999997
2025-08-01 09:20:02 AM,3691.6,0,0.0,159062645.99999997
2025-08-01 09:20:02 AM,3691.6,7,25841.2,159088487.19999996
2025-08-01 09:20:03 AM,3692.1,0,0.0,159088487.19999996
2025-08-01 09:20:03 AM,3692.1,16,59073.6,159147560.79999995
2025-08-01 09:20:04 AM,3692.1,1,3692.1,159151252.89999995
2025-08-01 09:20:05 AM,3692.0,0,0.0,159151252.89999995
2025-08-01 09:20:05 AM,3692.0,29,107068.0,159258320.89999995
2025-08-01 09:20:06 AM,3692.1,10,36921.0,159295241.89999995
2025-08-01 09:20:07 AM,3691.6,0,0.0,159295241.89999995
2025-08-01 09:20:07 AM,3691.6,5,18458.0,159313699.89999995
2025-08-01 09:20:09 AM,3692.9,56,206802.4,159520502.29999995
2025-08-01 09:20:10 AM,3691.6,5,18458.0,159538960.29999995
2025-08-01 09:20:11 AM,3693.2,30,110796.0,159649756.29999995
2025-08-01 09:20:13 AM,3692.2,205,756901.0,160406657.29999995
2025-08-01 09:20:14 AM,3690.3,44,162373.2,160569030.49999994
2025-08-01 09:20:15 AM,3692.2,0,0.0,160569030.49999994
2025-08-01 09:20:16 AM,3692.2,20,73844.0,160642874.49999994
2025-08-01 09:20:17 AM,3692.1,15,55381.5,160698255.99999994
2025-08-01 09:20:17 AM,3690.0,0,0.0,160698255.99999994
2025-08-01 09:20:18 AM,3691.6,12,44299.2,160742555.19999993
2025-08-01 09:20:19 AM,3691.0,53,195623.0,160938178.19999993
2025-08-01 09:20:20 AM,3691.0,55,203005.0,161141183.19999993
2025-08-01 09:20:21 AM,3691.5,7,25840.5,161167023.69999993
2025-08-01 09:20:22 AM,3690.9,66,243599.4,161410623.09999993
2025-08-01 09:20:22 AM,3689.0,0,0.0,161410623.09999993
2025-08-01 09:20:22 AM,3689.0,1,3689.0,161414312.09999993
2025-08-01 09:20:23 AM,3690.3,1,3690.3,161418002.39999995
2025-08-01 09:20:23 AM,3690.2,0,0.0,161418002.39999995
2025-08-01 09:20:24 AM,3690.2,22,81184.4,161499186.79999995
2025-08-01 09:20:24 AM,3690.2,1,3690.2,161502876.99999994
2025-08-01 09:20:25 AM,3690.9,23,84890.7,161587767.69999993
2025-08-01 09:20:26 AM,3691.7,1,3691.7,161591459.39999992
2025-08-01 09:20:26 AM,3690.6,0,0.0,161591459.39999992
2025-08-01 09:20:27 AM,3690.3,18,66425.40000000001,161657884.79999992
2025-08-01 09:20:27 AM,3691.8,14,51685.200000000004,161709569.9999999
2025-08-01 09:20:27 AM,3692.2,0,0.0,161709569.9999999
2025-08-01 09:20:28 AM,3692.2,34,125534.79999999999,161835104.79999992
2025-08-01 09:20:28 AM,3692.0,10,36920.0,161872024.79999992
2025-08-01 09:20:29 AM,3692.0,3,11076.0,161883100.79999992
2025-08-01 09:20:31 AM,3692.0,6,22152.0,161905252.79999992
2025-08-01 09:20:32 AM,3691.7,3,11075.099999999999,161916327.89999992
2025-08-01 09:20:33 AM,3693.2,10,36932.0,161953259.89999992
2025-08-01 09:20:34 AM,3692.1,5,18460.5,161971720.39999992
2025-08-01 09:20:37 AM,3693.0,0,0.0,161971720.39999992
2025-08-01 09:20:38 AM,3693.0,1,3693.0,161975413.39999992
2025-08-01 09:20:39 AM,3692.2,0,0.0,161975413.39999992
2025-08-01 09:20:40 AM,3693.0,6,22158.0,161997571.39999992
2025-08-01 09:20:41 AM,3693.0,23,84939.0,162082510.39999992
2025-08-01 09:20:41 AM,3693.0,5,18465.0,162100975.39999992
2025-08-01 09:20:43 AM,3693.0,7,25851.0,162126826.39999992
2025-08-01 09:20:44 AM,3693.0,4,14772.0,162141598.39999992
2025-08-01 09:20:44 AM,3692.2,0,0.0,162141598.39999992
2025-08-01 09:20:45 AM,3692.2,7,25845.399999999998,162167443.79999992
2025-08-01 09:20:45 AM,3692.9,0,0.0,162167443.79999992
2025-08-01 09:20:46 AM,3692.9,1,3692.9,162171136.69999993
2025-08-01 09:20:46 AM,3693.0,22,81246.0,162252382.69999993
2025-08-01 09:20:47 AM,3693.0,10,36930.0,162289312.69999993
2025-08-01 09:20:47 AM,3693.0,1,3693.0,162293005.69999993
2025-08-01 09:20:47 AM,3692.9,0,0.0,162293005.69999993
2025-08-01 09:20:48 AM,3693.0,53,195729.0,162488734.69999993
2025-08-01 09:20:49 AM,3693.0,7,25851.0,162514585.69999993
2025-08-01 09:20:49 AM,3693.2,0,0.0,162514585.69999993
2025-08-01 09:20:49 AM,3693.6,11,40629.6,162555215.29999992
2025-08-01 09:20:50 AM,3694.3,643,2375434.9,164930650.19999993
2025-08-01 09:20:51 AM,3696.3,5,18481.5,164949131.69999993
2025-08-01 09:20:51 AM,3694.5,67,247531.5,165196663.19999993
2025-08-01 09:20:51 AM,3696.3,0,0.0,165196663.19999993
2025-08-01 09:20:52 AM,3696.3,10,36963.0,165233626.19999993
2025-08-01 09:20:52 AM,3694.2,142,524576.4,165758202.59999993
2025-08-01 09:20:52 AM,3696.1,0,0.0,165758202.59999993
2025-08-01 09:20:53 AM,3694.2,14,51718.799999999996,165809921.39999995
2025-08-01 09:20:53 AM,3696.1,25,92402.5,165902323.89999995
2025-08-01 09:20:54 AM,3694.2,0,0.0,165902323.89999995
2025-08-01 09:20:55 AM,3696.1,27,99794.7,166002118.59999993
2025-08-01 09:20:56 AM,3696.1,52,192197.19999999998,166194315.79999992
2025-08-01 09:20:57 AM,3695.0,29,107155.0,166301470.79999992
2025-08-01 09:20:57 AM,3696.1,2,7392.2,166308862.9999999
2025-08-01 09:20:58 AM,3696.1,20,73922.0,166382784.9999999
2025-08-01 09:20:58 AM,3694.5,20,73890.0,166456674.9999999
2025-08-01 09:20:58 AM,3697.7,0,0.0,166456674.9999999
2025-08-01 09:20:59 AM,3695.0,155,572725.0,167029399.9999999
2025-08-01 09:21:00 AM,3695.8,40,147832.0,167177231.9999999
2025-08-01 09:21:04 AM,3695.2,0,0.0,167177231.9999999
2025-08-01 09:21:04 AM,3695.2,1,3695.2,167180927.1999999
2025-08-01 09:21:05 AM,3696.0,90,332640.0,167513567.1999999
2025-08-01 09:21:05 AM,3696.2,0,0.0,167513567.1999999
2025-08-01 09:21:06 AM,3696.2,14,51746.799999999996,167565313.9999999
2025-08-01 09:21:06 AM,3698.0,25,92450.0,167657763.9999999
2025-08-01 09:21:07 AM,3696.1,16,59137.6,167716901.5999999
2025-08-01 09:21:07 AM,3695.5,0,0.0,167716901.5999999
2025-08-01 09:21:08 AM,3695.5,100,369550.0,168086451.5999999
2025-08-01 09:21:08 AM,3697.9,3,11093.7,168097545.2999999
2025-08-01 09:21:09 AM,3695.9,10,36959.0,168134504.2999999
2025-08-01 09:21:09 AM,3697.1,1,3697.1,168138201.3999999
2025-08-01 09:21:11 AM,3695.8,60,221748.0,168359949.3999999
2025-08-01 09:21:12 AM,3695.7,6,22174.199999999997,168382123.59999987
2025-08-01 09:21:14 AM,3696.8,2,7393.6,168389517.19999987
2025-08-01 09:21:15 AM,3695.1,0,0.0,168389517.19999987
2025-08-01 09:21:15 AM,3695.2,71,262359.2,168651876.39999986
2025-08-01 09:21:16 AM,3695.1,13,48036.299999999996,168699912.69999987
2025-08-01 09:21:16 AM,3696.6,0,0.0,168699912.69999987
2025-08-01 09:21:17 AM,3696.6,92,340087.2,169039999.89999986
2025-08-01 09:21:17 AM,3694.6,0,0.0,169039999.89999986
2025-08-01 09:21:17 AM,3694.4,0,0.0,169039999.89999986
2025-08-01 09:21:18 AM,3694.4,89,328801.60000000003,169368801.49999985
2025-08-01 09:21:18 AM,3694.2,23,84966.59999999999,169453768.09999985
2025-08-01 09:21:18 AM,3696.6,0,0.0,169453768.09999985
2025-08-01 09:21:18 AM,3694.6,0,0.0,169453768.09999985
2025-08-01 09:21:19 AM,3694.6,62,229065.19999999998,169682833.29999983
2025-08-01 09:21:19 AM,3693.7,76,280721.2,169963554.49999982
2025-08-01 09:21:19 AM,3694.2,0,0.0,169963554.49999982
2025-08-01 09:21:20 AM,3694.1,115,424821.5,170388375.99999982
2025-08-01 09:21:20 AM,3696.0,0,0.0,170388375.99999982
2025-08-01 09:21:21 AM,3694.1,113,417433.3,170805809.29999983
2025-08-01 09:21:21 AM,3693.6,116,428457.6,171234266.89999983
2025-08-01 09:21:21 AM,3696.5,0,0.0,171234266.89999983
2025-08-01 09:21:22 AM,3695.7,105,388048.5,171622315.39999983
2025-08-01 09:21:22 AM,3693.7,146,539280.2,172161595.59999982
2025-08-01 09:21:22 AM,3695.7,0,0.0,172161595.59999982
2025-08-01 09:21:23 AM,3696.2,257,949923.3999999999,173111518.99999982
2025-08-01 09:21:23 AM,3694.5,26,96057.0,173207575.99999982
2025-08-01 09:21:23 AM,3696.7,0,0.0,173207575.99999982
2025-08-01 09:21:24 AM,3696.8,198,731966.4,173939542.39999983
2025-08-01 09:21:25 AM,3694.5,61,225364.5,174164906.89999983
2025-08-01 09:21:25 AM,3699.0,0,0.0,174164906.89999983
2025-08-01 09:21:25 AM,3699.0,784,2900016.0,177064922.89999983
2025-08-01 09:21:26 AM,3700.0,11,40700.0,177105622.89999983
2025-08-01 09:21:27 AM,3703.0,491,1818173.0,178923795.89999983
2025-08-01 09:21:27 AM,3704.4,0,0.0,178923795.89999983
2025-08-01 09:21:28 AM,3703.2,193,714717.6,179638513.49999982
2025-08-01 09:21:28 AM,3702.6,23,85159.8,179723673.29999983
2025-08-01 09:21:30 AM,3698.7,245,906181.5,180629854.79999983
2025-08-01 09:21:31 AM,3700.1,316,1169231.5999999999,181799086.39999983
2025-08-01 09:21:32 AM,3697.8,148,547274.4,182346360.79999983
2025-08-01 09:21:32 AM,3699.7,0,0.0,182346360.79999983
2025-08-01 09:21:32 AM,3699.7,18,66594.59999999999,182412955.39999983
2025-08-01 09:21:33 AM,3699.7,1,3699.7,182416655.09999982
2025-08-01 09:21:33 AM,3697.6,0,0.0,182416655.09999982
2025-08-01 09:21:34 AM,3697.6,20,73952.0,182490607.09999982
2025-08-01 09:21:34 AM,3697.5,54,199665.0,182690272.09999982
2025-08-01 09:21:34 AM,3699.3,0,0.0,182690272.09999982
2025-08-01 09:21:35 AM,3699.5,25,92487.5,182782759.59999982
2025-08-01 09:21:35 AM,3696.5,8,29572.0,182812331.59999982
2025-08-01 09:21:35 AM,3699.1,0,0.0,182812331.59999982
2025-08-01 09:21:36 AM,3696.4,12,44356.8,182856688.39999983
2025-08-01 09:21:36 AM,3698.5,0,0.0,182856688.39999983
2025-08-01 09:21:36 AM,3698.5,3,11095.5,182867783.89999983
2025-08-01 09:21:38 AM,3699.3,0,0.0,182867783.89999983
2025-08-01 09:21:39 AM,3699.3,4,14797.2,182882581.09999982
2025-08-01 09:21:39 AM,3699.8,0,0.0,182882581.09999982
2025-08-01 09:21:40 AM,3699.8,25,92495.0,182975076.09999982
2025-08-01 09:21:40 AM,3698.0,100,369800.0,183344876.09999982
2025-08-01 09:21:41 AM,3695.8,18,66524.40000000001,183411400.49999982
2025-08-01 09:21:42 AM,3695.5,19,70214.5,183481614.99999982
2025-08-01 09:21:43 AM,3696.7,1,3696.7,183485311.6999998
2025-08-01 09:21:43 AM,3696.7,2,7393.4,183492705.09999982
2025-08-01 09:21:44 AM,3695.2,4,14780.8,183507485.89999983
2025-08-01 09:21:44 AM,3696.7,5,18483.5,183525969.39999983
2025-08-01 09:21:45 AM,3696.7,1,3696.7,183529666.09999982
2025-08-01 09:21:46 AM,3696.0,12,44352.0,183574018.09999982
2025-08-01 09:21:47 AM,3695.0,43,158885.0,183732903.09999982
2025-08-01 09:21:48 AM,3695.0,53,195835.0,183928738.09999982
2025-08-01 09:21:49 AM,3695.0,14,51730.0,183980468.09999982
2025-08-01 09:21:50 AM,3695.7,0,0.0,183980468.09999982
2025-08-01 09:21:50 AM,3695.0,0,0.0,183980468.09999982
2025-08-01 09:21:51 AM,3695.9,25,92397.5,184072865.59999982
2025-08-01 09:21:51 AM,3695.0,0,0.0,184072865.59999982
2025-08-01 09:21:52 AM,3694.5,124,458118.0,184530983.59999982
2025-08-01 09:21:53 AM,3695.0,27,99765.0,184630748.59999982
2025-08-01 09:21:54 AM,3695.4,0,0.0,184630748.59999982
2025-08-01 09:21:54 AM,3695.4,2,7390.8,184638139.39999983
2025-08-01 09:21:55 AM,3695.4,5,18477.0,184656616.39999983
2025-08-01 09:21:56 AM,3695.4,1,3695.4,184660311.79999983
2025-08-01 09:21:57 AM,3695.4,15,55431.0,184715742.79999983
2025-08-01 09:21:57 AM,3695.4,1,3695.4,184719438.19999984
2025-08-01 09:21:58 AM,3695.4,3,11086.2,184730524.39999983
2025-08-01 09:21:59 AM,3695.4,25,92385.0,184822909.39999983
2025-08-01 09:22:00 AM,3696.7,245,905691.5,185728600.89999983
2025-08-01 09:22:00 AM,3698.1,0,0.0,185728600.89999983
2025-08-01 09:22:01 AM,3699.5,314,1161643.0,186890243.89999983
2025-08-01 09:22:01 AM,3698.6,0,0.0,186890243.89999983
2025-08-01 09:22:02 AM,3696.6,79,292031.39999999997,187182275.29999983
2025-08-01 09:22:03 AM,3694.9,36,133016.4,187315291.69999984
2025-08-01 09:22:04 AM,3693.6,66,243777.6,187559069.29999983
2025-08-01 09:22:05 AM,3695.0,9,33255.0,187592324.29999983
2025-08-01 09:22:06 AM,3696.6,20,73932.0,187666256.29999983
2025-08-01 09:22:08 AM,3696.4,1,3696.4,187669952.69999984
2025-08-01 09:22:09 AM,3696.7,0,0.0,187669952.69999984
2025-08-01 09:22:09 AM,3695.0,0,0.0,187669952.69999984
2025-08-01 09:22:10 AM,3695.0,46,169970.0,187839922.69999984
2025-08-01 09:22:11 AM,3695.0,10,36950.0,187876872.69999984
2025-08-01 09:22:12 AM,3695.0,5,18475.0,187895347.69999984
2025-08-01 09:22:12 AM,3695.5,2,7391.0,187902738.69999984
2025-08-01 09:22:13 AM,3695.5,4,14782.0,187917520.69999984
2025-08-01 09:22:15 AM,3695.5,39,144124.5,188061645.19999984
2025-08-01 09:22:16 AM,3695.5,5,18477.5,188080122.69999984
2025-08-01 09:22:16 AM,3695.0,0,0.0,188080122.69999984
2025-08-01 09:22:17 AM,3695.0,16,59120.0,188139242.69999984
2025-08-01 09:22:17 AM,3695.6,22,81303.2,188220545.89999983
2025-08-01 09:22:18 AM,3695.0,0,0.0,188220545.89999983
2025-08-01 09:22:18 AM,3695.0,14,51730.0,188272275.89999983
2025-08-01 09:22:20 AM,3695.0,31,114545.0,188386820.89999983
2025-08-01 09:22:20 AM,3695.6,0,0.0,188386820.89999983
2025-08-01 09:22:21 AM,3695.6,7,25869.2,188412690.09999982
2025-08-01 09:22:21 AM,3695.0,0,0.0,188412690.09999982
2025-08-01 09:22:22 AM,3695.0,20,73900.0,188486590.09999982
2025-08-01 09:22:22 AM,3695.6,0,0.0,188486590.09999982
2025-08-01 09:22:23 AM,3695.6,1,3695.6,188490285.6999998
2025-08-01 09:22:23 AM,3695.5,0,0.0,188490285.6999998
2025-08-01 09:22:24 AM,3695.5,5,18477.5,188508763.1999998
2025-08-01 09:22:25 AM,3695.5,2,7391.0,188516154.1999998
2025-08-01 09:22:25 AM,3695.0,0,0.0,188516154.1999998
2025-08-01 09:22:26 AM,3694.2,349,1289275.8,189805429.99999982
2025-08-01 09:22:26 AM,3694.0,0,0.0,189805429.99999982
2025-08-01 09:22:27 AM,3693.2,48,177273.59999999998,189982703.59999982
2025-08-01 09:22:28 AM,3693.0,0,0.0,189982703.59999982
2025-08-01 09:22:28 AM,3693.0,472,1743096.0,191725799.59999982
2025-08-01 09:22:29 AM,3692.7,0,0.0,191725799.59999982
2025-08-01 09:22:29 AM,3692.7,14,51697.799999999996,191777497.39999983
2025-08-01 09:22:30 AM,3691.5,0,0.0,191777497.39999983
2025-08-01 09:22:31 AM,3692.5,58,214165.0,191991662.39999983
2025-08-01 09:22:31 AM,3691.5,0,0.0,191991662.39999983
2025-08-01 09:22:31 AM,3690.4,0,0.0,191991662.39999983
2025-08-01 09:22:32 AM,3690.4,67,247256.80000000002,192238919.19999984
2025-08-01 09:22:32 AM,3691.9,0,0.0,192238919.19999984
2025-08-01 09:22:33 AM,3691.5,152,561108.0,192800027.19999984
2025-08-01 09:22:33 AM,3690.0,60,221400.0,193021427.19999984
2025-08-01 09:22:33 AM,3691.1,0,0.0,193021427.19999984
2025-08-01 09:22:34 AM,3690.0,192,708480.0,193729907.19999984
2025-08-01 09:22:35 AM,3690.0,21,77490.0,193807397.19999984
2025-08-01 09:22:35 AM,3689.9,0,0.0,193807397.19999984
2025-08-01 09:22:36 AM,3690.0,91,335790.0,194143187.19999984
2025-08-01 09:22:37 AM,3689.0,12,44268.0,194187455.19999984
2025-08-01 09:22:38 AM,3687.8,0,0.0,194187455.19999984
2025-08-01 09:22:39 AM,3687.8,100,368780.0,194556235.19999984
2025-08-01 09:22:40 AM,3691.1,250,922775.0,195479010.19999984
2025-08-01 09:22:41 AM,3690.9,130,479817.0,195958827.19999984
2025-08-01 09:22:42 AM,3690.9,16,59054.4,196017881.59999985
2025-08-01 09:22:42 AM,3690.9,5,18454.5,196036336.09999985
2025-08-01 09:22:46 AM,3695.2,0,0.0,196036336.09999985
2025-08-01 09:22:47 AM,3695.2,309,1141816.8,197178152.89999986
2025-08-01 09:22:48 AM,3693.2,29,107102.79999999999,197285255.69999987
2025-08-01 09:22:48 AM,3694.3,0,0.0,197285255.69999987
2025-08-01 09:22:49 AM,3692.1,45,166144.5,197451400.19999987
2025-08-01 09:22:50 AM,3691.4,12,44296.8,197495696.99999988
2025-08-01 09:22:50 AM,3692.1,0,0.0,197495696.99999988
2025-08-01 09:22:51 AM,3688.8,57,210261.6,197705958.59999987
2025-08-01 09:22:51 AM,3690.7,10,36907.0,197742865.59999987
2025-08-01 09:22:52 AM,3690.7,1,3690.7,197746556.29999986
2025-08-01 09:22:52 AM,3690.2,0,0.0,197746556.29999986
2025-08-01 09:22:52 AM,3690.2,26,95945.2,197842501.49999985
2025-08-01 09:22:53 AM,3687.5,0,0.0,197842501.49999985
2025-08-01 09:22:53 AM,3687.5,6,22125.0,197864626.49999985
2025-08-01 09:22:54 AM,3689.3,0,0.0,197864626.49999985
2025-08-01 09:22:55 AM,3689.3,1,3689.3,197868315.79999986
2025-08-01 09:22:55 AM,3689.4,0,0.0,197868315.79999986
2025-08-01 09:22:55 AM,3689.1,0,0.0,197868315.79999986
2025-08-01 09:22:56 AM,3689.1,138,509095.8,198377411.59999987
2025-08-01 09:22:56 AM,3686.8,15,55302.0,198432713.59999987
2025-08-01 09:22:56 AM,3688.7,0,0.0,198432713.59999987
2025-08-01 09:22:57 AM,3686.5,25,92162.5,198524876.09999987
2025-08-01 09:22:58 AM,3686.5,22,81103.0,198605979.09999987
2025-08-01 09:22:58 AM,3687.9,1,3687.9,198609666.99999988
2025-08-01 09:22:59 AM,3687.9,3,11063.7,198620730.69999987
2025-08-01 09:22:59 AM,3686.5,0,0.0,198620730.69999987
2025-08-01 09:23:00 AM,3690.1,401,1479730.0999999999,200100460.79999986
2025-08-01 09:23:01 AM,3686.9,44,162223.6,200262684.39999986
2025-08-01 09:23:03 AM,3689.0,0,0.0,200262684.39999986
2025-08-01 09:23:04 AM,3686.6,158,582482.7999999999,200845167.19999987
2025-08-01 09:23:05 AM,3686.5,0,0.0,200845167.19999987
2025-08-01 09:23:06 AM,3686.5,13,47924.5,200893091.69999987
2025-08-01 09:23:07 AM,3688.0,0,0.0,200893091.69999987
2025-08-01 09:23:08 AM,3688.0,2,7376.0,200900467.69999987
2025-08-01 09:23:09 AM,3688.2,1,3688.2,200904155.89999986
2025-08-01 09:23:10 AM,3687.5,3,11062.5,200915218.39999986
2025-08-01 09:23:10 AM,3688.3,0,0.0,200915218.39999986
2025-08-01 09:23:11 AM,3688.3,10,36883.0,200952101.39999986
2025-08-01 09:23:11 AM,3687.4,0,0.0,200952101.39999986
2025-08-01 09:23:12 AM,3688.3,42,154908.6,201107009.99999985
2025-08-01 09:23:15 AM,3688.2,5,18441.0,201125450.99999985
2025-08-01 09:23:16 AM,3688.0,106,390928.0,201516378.99999985
2025-08-01 09:23:17 AM,3687.8,0,0.0,201516378.99999985
2025-08-01 09:23:18 AM,3687.9,14,51630.6,201568009.59999985
2025-08-01 09:23:18 AM,3688.1,0,0.0,201568009.59999985
2025-08-01 09:23:19 AM,3687.8,153,564233.4,202132242.99999985
2025-08-01 09:23:20 AM,3687.0,17,62679.0,202194921.99999985
2025-08-01 09:23:20 AM,3687.8,1,3687.8,202198609.79999986
2025-08-01 09:23:20 AM,3688.0,0,0.0,202198609.79999986
2025-08-01 09:23:21 AM,3687.7,31,114318.7,202312928.49999985
2025-08-01 09:23:21 AM,3687.8,0,0.0,202312928.49999985
2025-08-01 09:23:22 AM,3687.8,5,18439.0,202331367.49999985
2025-08-01 09:23:23 AM,3687.0,29,106923.0,202438290.49999985
2025-08-01 09:23:23 AM,3688.1,100,368810.0,202807100.49999985
2025-08-01 09:23:23 AM,3687.0,0,0.0,202807100.49999985
2025-08-01 09:23:24 AM,3687.9,78,287656.2,203094756.69999984
2025-08-01 09:23:25 AM,3687.7,115,424085.5,203518842.19999984
2025-08-01 09:23:26 AM,3687.8,100,368780.0,203887622.19999984
2025-08-01 09:23:27 AM,3687.0,22,81114.0,203968736.19999984
2025-08-01 09:23:27 AM,3688.0,0,0.0,203968736.19999984
2025-08-01 09:23:28 AM,3687.0,20,73740.0,204042476.19999984
2025-08-01 09:23:29 AM,3688.1,5,18440.5,204060916.69999984
2025-08-01 09:23:29 AM,3687.7,0,0.0,204060916.69999984
2025-08-01 09:23:30 AM,3685.0,1203,4433055.0,208493971.69999984
2025-08-01 09:23:31 AM,3686.3,45,165883.5,208659855.19999984
2025-08-01 09:23:31 AM,3686.4,0,0.0,208659855.19999984
2025-08-01 09:23:32 AM,3686.4,25,92160.0,208752015.19999984
2025-08-01 09:23:32 AM,3685.0,0,0.0,208752015.19999984
2025-08-01 09:23:33 AM,3685.0,122,449570.0,209201585.19999984
2025-08-01 09:23:34 AM,3685.0,6,22110.0,209223695.19999984
2025-08-01 09:23:34 AM,3685.9,0,0.0,209223695.19999984
2025-08-01 09:23:35 AM,3685.0,261,961785.0,210185480.19999984
2025-08-01 09:23:35 AM,3686.1,0,0.0,210185480.19999984
2025-08-01 09:23:36 AM,3685.0,28,103180.0,210288660.19999984
2025-08-01 09:23:37 AM,3685.0,21,77385.0,210366045.19999984
2025-08-01 09:23:37 AM,3685.9,2,7371.8,210373416.99999985
2025-08-01 09:23:37 AM,3686.1,0,0.0,210373416.99999985
2025-08-01 09:23:38 AM,3686.1,3,11058.3,210384475.29999986
2025-08-01 09:23:38 AM,3685.0,0,0.0,210384475.29999986
2025-08-01 09:23:39 AM,3685.9,12,44230.8,210428706.09999987
2025-08-01 09:23:39 AM,3685.0,0,0.0,210428706.09999987
2025-08-01 09:23:40 AM,3685.5,29,106879.5,210535585.59999987
2025-08-01 09:23:40 AM,3685.7,0,0.0,210535585.59999987
2025-08-01 09:23:41 AM,3685.3,11,40538.3,210576123.8999999
2025-08-01 09:23:42 AM,3685.7,0,0.0,210576123.8999999
2025-08-01 09:23:43 AM,3685.7,1,3685.7,210579809.59999987
2025-08-01 09:23:43 AM,3685.0,529,1949365.0,212529174.59999987
2025-08-01 09:23:43 AM,3685.7,0,0.0,212529174.59999987
2025-08-01 09:23:44 AM,3685.0,115,423775.0,212952949.59999987
2025-08-01 09:23:45 AM,3685.7,12,44228.399999999994,212997177.99999988
2025-08-01 09:23:45 AM,3685.0,0,0.0,212997177.99999988
2025-08-01 09:23:46 AM,3685.0,18,66330.0,213063507.99999988
2025-08-01 09:23:46 AM,3685.7,0,0.0,213063507.99999988
2025-08-01 09:23:47 AM,3685.7,3,11057.099999999999,213074565.09999987
2025-08-01 09:23:49 AM,3688.2,753,2777214.6,215851779.69999987
2025-08-01 09:23:50 AM,3685.4,323,1190384.2,217042163.89999986
2025-08-01 09:23:51 AM,3686.3,0,0.0,217042163.89999986
2025-08-01 09:23:52 AM,3685.8,144,530755.2000000001,217572919.09999985
2025-08-01 09:23:53 AM,3686.2,16,58979.2,217631898.29999983
2025-08-01 09:23:53 AM,3687.8,0,0.0,217631898.29999983
2025-08-01 09:23:54 AM,3687.8,16,59004.8,217690903.09999985
2025-08-01 09:23:54 AM,3687.7,0,0.0,217690903.09999985
2025-08-01 09:23:55 AM,3687.7,1,3687.7,217694590.79999983
2025-08-01 09:23:56 AM,3685.0,68,250580.0,217945170.79999983
2025-08-01 09:23:57 AM,3685.5,9,33169.5,217978340.29999983
2025-08-01 09:23:57 AM,3687.7,0,0.0,217978340.29999983
2025-08-01 09:23:58 AM,3687.7,2,7375.4,217985715.69999984
2025-08-01 09:23:58 AM,3687.8,7,25814.600000000002,218011530.29999983
2025-08-01 09:23:59 AM,3687.8,62,228643.6,218240173.89999983
2025-08-01 09:24:00 AM,3686.5,8,29492.0,218269665.89999983
2025-08-01 09:24:01 AM,3687.8,1,3687.8,218273353.69999984
2025-08-01 09:24:02 AM,3686.0,14,51604.0,218324957.69999984
2025-08-01 09:24:03 AM,3687.6,1,3687.6,218328645.29999983
2025-08-01 09:24:04 AM,3687.6,31,114315.59999999999,218442960.89999983
2025-08-01 09:24:05 AM,3687.5,1,3687.5,218446648.39999983
2025-08-01 09:24:05 AM,3687.6,0,0.0,218446648.39999983
2025-08-01 09:24:06 AM,3686.0,9,33174.0,218479822.39999983
2025-08-01 09:24:06 AM,3687.3,1,3687.3,218483509.69999984
2025-08-01 09:24:07 AM,3687.6,1,3687.6,218487197.29999983
2025-08-01 09:24:08 AM,3687.6,2,7375.2,218494572.49999982
2025-08-01 09:24:09 AM,3687.6,2,7375.2,218501947.6999998
2025-08-01 09:24:10 AM,3687.5,55,202812.5,218704760.1999998
2025-08-01 09:24:11 AM,3686.0,8,29488.0,218734248.1999998
2025-08-01 09:24:13 AM,3687.5,0,0.0,218734248.1999998
2025-08-01 09:24:13 AM,3687.5,25,92187.5,218826435.6999998
2025-08-01 09:24:14 AM,3687.5,15,55312.5,218881748.1999998
2025-08-01 09:24:17 AM,3686.0,17,62662.0,218944410.1999998
2025-08-01 09:24:18 AM,3686.0,8,29488.0,218973898.1999998
2025-08-01 09:24:19 AM,3687.4,4,14749.6,218988647.7999998
2025-08-01 09:24:20 AM,3687.4,6,22124.4,219010772.1999998
2025-08-01 09:24:22 AM,3687.4,4,14749.6,219025521.7999998
2025-08-01 09:24:25 AM,3687.3,100,368730.0,219394251.7999998
2025-08-01 09:24:26 AM,3687.7,400,1475080.0,220869331.7999998
2025-08-01 09:24:27 AM,3687.4,2,7374.8,220876706.59999982
2025-08-01 09:24:27 AM,3687.7,0,0.0,220876706.59999982
2025-08-01 09:24:27 AM,3686.5,0,0.0,220876706.59999982
2025-08-01 09:24:28 AM,3686.5,6,22119.0,220898825.59999982
2025-08-01 09:24:29 AM,3686.0,41,151126.0,221049951.59999982
2025-08-01 09:24:29 AM,3686.0,55,202730.0,221252681.59999982
2025-08-01 09:24:30 AM,3686.0,27,99522.0,221352203.59999982
2025-08-01 09:24:31 AM,3684.2,537,1978415.4,223330618.99999982
2025-08-01 09:24:32 AM,3682.7,214,788097.7999999999,224118716.79999983
2025-08-01 09:24:33 AM,3682.0,93,342426.0,224461142.79999983
2025-08-01 09:24:34 AM,3681.3,100,368130.0,224829272.79999983
2025-08-01 09:24:34 AM,3683.3,0,0.0,224829272.79999983
2025-08-01 09:24:34 AM,3683.3,10,36833.0,224866105.79999983
2025-08-01 09:24:35 AM,3684.0,75,276300.0,225142405.79999983
2025-08-01 09:24:35 AM,3683.8,0,0.0,225142405.79999983
2025-08-01 09:24:36 AM,3683.8,61,224711.80000000002,225367117.59999985
2025-08-01 09:24:37 AM,3682.7,45,165721.5,225532839.09999985
2025-08-01 09:24:38 AM,3683.1,0,0.0,225532839.09999985
2025-08-01 09:24:39 AM,3682.2,22,81008.4,225613847.49999985
2025-08-01 09:24:39 AM,3683.8,0,0.0,225613847.49999985
2025-08-01 09:24:40 AM,3684.1,25,92102.5,225705949.99999985
2025-08-01 09:24:43 AM,3684.1,5,18420.5,225724370.49999985
2025-08-01 09:24:44 AM,3684.1,25,92102.5,225816472.99999985
2025-08-01 09:24:48 AM,3683.9,1,3683.9,225820156.89999986
2025-08-01 09:24:48 AM,3683.8,30,110514.0,225930670.89999986
2025-08-01 09:24:49 AM,3683.9,0,0.0,225930670.89999986
2025-08-01 09:24:50 AM,3683.9,5,18419.5,225949090.39999986
2025-08-01 09:24:50 AM,3684.9,0,0.0,225949090.39999986
2025-08-01 09:24:51 AM,3684.9,17,62643.3,226011733.69999987
2025-08-01 09:24:51 AM,3684.9,2,7369.8,226019103.49999988
2025-08-01 09:24:52 AM,3685.0,1,3685.0,226022788.49999988
2025-08-01 09:24:53 AM,3684.0,3,11052.0,226033840.49999988
2025-08-01 09:24:53 AM,3684.9,0,0.0,226033840.49999988
2025-08-01 09:24:53 AM,3683.8,69,254182.2,226288022.69999987
2025-08-01 09:24:55 AM,3682.4,16,58918.4,226346941.09999987
2025-08-01 09:24:55 AM,3681.7,0,0.0,226346941.09999987
2025-08-01 09:24:55 AM,3681.7,24,88360.79999999999,226435301.8999999
2025-08-01 09:24:56 AM,3683.2,5,18416.0,226453717.8999999
2025-08-01 09:24:56 AM,3683.2,1,3683.2,226457401.09999987
2025-08-01 09:24:57 AM,3683.2,1,3683.2,226461084.29999986
2025-08-01 09:24:57 AM,3681.2,0,0.0,226461084.29999986
2025-08-01 09:24:58 AM,3683.2,86,316755.2,226777839.49999985
2025-08-01 09:24:59 AM,3681.1,34,125157.4,226902996.89999986
2025-08-01 09:24:59 AM,3682.5,0,0.0,226902996.89999986
2025-08-01 09:25:00 AM,3683.7,0,0.0,226902996.89999986
2025-08-01 09:25:02 AM,3682.9,0,0.0,226902996.89999986
2025-08-01 09:25:03 AM,3682.9,178,655556.2000000001,227558553.09999985
2025-08-01 09:25:03 AM,3681.1,0,0.0,227558553.09999985
2025-08-01 09:25:05 AM,3681.7,28,103087.59999999999,227661640.69999984
2025-08-01 09:25:09 AM,3683.0,0,0.0,227661640.69999984
2025-08-01 09:25:10 AM,3682.1,100,368210.0,228029850.69999984
2025-08-01 09:25:10 AM,3683.7,0,0.0,228029850.69999984
2025-08-01 09:25:12 AM,3682.3,27,99422.1,228129272.79999983
2025-08-01 09:25:16 AM,3691.1,0,0.0,228129272.79999983
2025-08-01 09:25:18 AM,3691.1,727,2683429.6999999997,230812702.49999982
2025-08-01 09:25:20 AM,3693.6,67,247471.19999999998,231060173.6999998
2025-08-01 09:25:21 AM,3691.6,0,0.0,231060173.6999998
2025-08-01 09:25:25 AM,3691.3,27,99665.1,231159838.7999998
2025-08-01 09:25:27 AM,3692.8,70,258496.0,231418334.7999998
2025-08-01 09:25:28 AM,3691.6,0,0.0,231418334.7999998
2025-08-01 09:25:33 AM,3695.0,403,1489085.0,232907419.7999998
2025-08-01 09:25:33 AM,3693.9,0,0.0,232907419.7999998
2025-08-01 09:25:34 AM,3694.8,0,0.0,232907419.7999998
2025-08-01 09:25:35 AM,3694.8,96,354700.80000000005,233262120.59999982
2025-08-01 09:25:39 AM,3695.0,0,0.0,233262120.59999982
2025-08-01 09:25:40 AM,3694.7,261,964316.7,234226437.2999998
2025-08-01 09:25:40 AM,3695.0,0,0.0,234226437.2999998
2025-08-01 09:25:42 AM,3695.0,574,2120930.0,236347367.2999998
2025-08-01 09:25:48 AM,3694.9,155,572709.5,236920076.7999998
2025-08-01 09:25:50 AM,3695.0,221,816595.0,237736671.7999998
2025-08-01 09:25:55 AM,3695.0,377,1393015.0,239129686.7999998
2025-08-01 09:25:57 AM,3694.8,0,0.0,239129686.7999998
2025-08-01 09:25:57 AM,3694.8,112,413817.60000000003,239543504.3999998
2025-08-01 09:26:00 AM,3693.3,0,0.0,239543504.3999998
2025-08-01 09:26:01 AM,3693.3,1145,4228828.5,243772332.8999998
2025-08-01 09:26:02 AM,3693.6,12,44323.2,243816656.0999998
2025-08-01 09:26:02 AM,3691.6,0,0.0,243816656.0999998
2025-08-01 09:26:03 AM,3691.6,306,1129629.5999999999,244946285.69999978
2025-08-01 09:26:03 AM,3691.6,137,505749.2,245452034.89999977
2025-08-01 09:26:03 AM,3692.8,0,0.0,245452034.89999977
2025-08-01 09:26:04 AM,3691.6,68,251028.8,245703063.69999978
2025-08-01 09:26:04 AM,3692.8,2,7385.6,245710449.29999977
2025-08-01 09:26:06 AM,3692.8,33,121862.40000000001,245832311.69999978
2025-08-01 09:26:06 AM,3691.6,33,121822.8,245954134.4999998
2025-08-01 09:26:07 AM,3691.6,11,40607.6,245994742.0999998
2025-08-01 09:26:07 AM,3692.5,0,0.0,245994742.0999998
2025-08-01 09:26:08 AM,3692.5,1,3692.5,245998434.5999998
2025-08-01 09:26:08 AM,3691.1,18,66439.8,246064874.3999998
2025-08-01 09:26:08 AM,3691.8,0,0.0,246064874.3999998
2025-08-01 09:26:09 AM,3691.8,4,14767.2,246079641.5999998
2025-08-01 09:26:12 AM,3691.8,10,36918.0,246116559.5999998
2025-08-01 09:26:13 AM,3691.1,112,413403.2,246529962.79999977
2025-08-01 09:26:14 AM,3690.2,90,332118.0,246862080.79999977
2025-08-01 09:26:15 AM,3690.2,1,3690.2,246865770.99999976
2025-08-01 09:26:15 AM,3690.7,30,110721.0,246976491.99999976
2025-08-01 09:26:15 AM,3688.7,0,0.0,246976491.99999976
2025-08-01 09:26:16 AM,3688.7,7,25820.899999999998,247002312.89999977
2025-08-01 09:26:16 AM,3691.0,109,402319.0,247404631.89999977
2025-08-01 09:26:17 AM,3690.2,22,81184.4,247485816.29999977
2025-08-01 09:26:18 AM,3690.0,1,3690.0,247489506.29999977
2025-08-01 09:26:18 AM,3687.7,13,47940.1,247537446.39999977
2025-08-01 09:26:21 AM,3688.7,0,0.0,247537446.39999977
2025-08-01 09:26:22 AM,3688.1,60,221286.0,247758732.39999977
2025-08-01 09:26:23 AM,3685.0,82,302170.0,248060902.39999977
2025-08-01 09:26:24 AM,3685.0,20,73700.0,248134602.39999977
2025-08-01 09:26:24 AM,3686.0,0,0.0,248134602.39999977
2025-08-01 09:26:24 AM,3686.0,1,3686.0,248138288.39999977
2025-08-01 09:26:25 AM,3684.2,15,55263.0,248193551.39999977
2025-08-01 09:26:27 AM,3685.0,7,25795.0,248219346.39999977
2025-08-01 09:26:28 AM,3685.5,0,0.0,248219346.39999977
2025-08-01 09:26:28 AM,3685.5,34,125307.0,248344653.39999977
2025-08-01 09:26:29 AM,3685.6,10,36856.0,248381509.39999977
2025-08-01 09:26:31 AM,3684.5,0,0.0,248381509.39999977
2025-08-01 09:26:32 AM,3684.5,17,62636.5,248444145.89999977
2025-08-01 09:26:32 AM,3686.2,5,18431.0,248462576.89999977
2025-08-01 09:26:34 AM,3685.1,91,335344.1,248797920.99999976
2025-08-01 09:26:35 AM,3685.6,13,47912.799999999996,248845833.79999977
2025-08-01 09:26:35 AM,3685.6,3,11056.8,248856890.5999998
2025-08-01 09:26:37 AM,3686.4,30,110592.0,248967482.5999998
2025-08-01 09:26:40 AM,3686.9,10,36869.0,249004351.5999998
2025-08-01 09:26:40 AM,3686.4,0,0.0,249004351.5999998
2025-08-01 09:26:41 AM,3686.4,26,95846.40000000001,249100197.9999998
2025-08-01 09:26:42 AM,3687.3,25,92182.5,249192380.4999998
2025-08-01 09:26:44 AM,3687.5,16,59000.0,249251380.4999998
2025-08-01 09:26:45 AM,3685.5,12,44226.0,249295606.4999998
2025-08-01 09:26:45 AM,3688.6,0,0.0,249295606.4999998
2025-08-01 09:26:46 AM,3688.6,3,11065.8,249306672.2999998
2025-08-01 09:26:47 AM,3689.2,9,33202.799999999996,249339875.09999982
2025-08-01 09:26:48 AM,3690.0,12,44280.0,249384155.09999982
2025-08-01 09:26:50 AM,3688.6,30,110658.0,249494813.09999982
2025-08-01 09:26:51 AM,3689.8,0,0.0,249494813.09999982
2025-08-01 09:26:52 AM,3689.8,1,3689.8,249498502.89999983
2025-08-01 09:26:53 AM,3688.9,17,62711.3,249561214.19999984
2025-08-01 09:26:56 AM,3689.7,1,3689.7,249564903.89999983
2025-08-01 09:26:58 AM,3689.7,20,73794.0,249638697.89999983
2025-08-01 09:26:59 AM,3688.6,9,33197.4,249671895.29999983
2025-08-01 09:27:00 AM,3689.7,1,3689.7,249675584.99999982
2025-08-01 09:27:01 AM,3689.7,18,66414.59999999999,249741999.59999982
2025-08-01 09:27:02 AM,3689.7,5,18448.5,249760448.09999982
2025-08-01 09:27:03 AM,3689.7,59,217692.3,249978140.39999983
2025-08-01 09:27:04 AM,3689.8,13,47967.4,250026107.79999983
2025-08-01 09:27:06 AM,3689.8,1,3689.8,250029797.59999985
2025-08-01 09:27:08 AM,3689.8,11,40587.8,250070385.39999986
2025-08-01 09:27:11 AM,3689.6,330,1217568.0,251287953.39999986
2025-08-01 09:27:12 AM,3686.9,14,51616.6,251339569.99999985
2025-08-01 09:27:13 AM,3687.3,32,117993.6,251457563.59999985
2025-08-01 09:27:15 AM,3691.0,305,1125755.0,252583318.59999985
2025-08-01 09:27:16 AM,3689.5,80,295160.0,252878478.59999985
2025-08-01 09:27:17 AM,3689.6,8,29516.8,252907995.39999986
2025-08-01 09:27:18 AM,3689.4,0,0.0,252907995.39999986
2025-08-01 09:27:19 AM,3689.8,254,937209.2000000001,253845204.59999985
2025-08-01 09:27:20 AM,3688.0,7,25816.0,253871020.59999985
2025-08-01 09:27:21 AM,3689.5,7,25826.5,253896847.09999985
2025-08-01 09:27:21 AM,3689.2,1,3689.2,253900536.29999983
2025-08-01 09:27:21 AM,3690.0,0,0.0,253900536.29999983
2025-08-01 09:27:22 AM,3690.0,420,1549800.0,255450336.29999983
2025-08-01 09:27:23 AM,3688.1,67,247102.69999999998,255697438.99999982
2025-08-01 09:27:25 AM,3688.6,3,11065.8,255708504.79999983
2025-08-01 09:27:26 AM,3688.6,103,379925.8,256088430.59999985
2025-08-01 09:27:26 AM,3686.7,0,0.0,256088430.59999985
2025-08-01 09:27:27 AM,3685.8,14,51601.200000000004,256140031.79999983
2025-08-01 09:27:28 AM,3685.2,101,372205.19999999995,256512236.99999982
2025-08-01 09:27:29 AM,3685.0,7,25795.0,256538031.99999982
2025-08-01 09:27:30 AM,3686.4,12,44236.8,256582268.79999983
2025-08-01 09:27:31 AM,3686.8,58,213834.40000000002,256796103.19999984
2025-08-01 09:27:32 AM,3685.7,5,18428.5,256814531.69999984
2025-08-01 09:27:33 AM,3685.1,0,0.0,256814531.69999984
2025-08-01 09:27:34 AM,3685.1,2,7370.2,256821901.89999983
2025-08-01 09:27:35 AM,3686.3,2,7372.6,256829274.49999982
2025-08-01 09:27:35 AM,3686.3,50,184315.0,257013589.49999982
2025-08-01 09:27:36 AM,3686.3,1,3686.3,257017275.79999983
2025-08-01 09:27:37 AM,3685.2,11,40537.2,257057812.99999982
2025-08-01 09:27:37 AM,3686.3,1,3686.3,257061499.29999983
2025-08-01 09:27:38 AM,3685.2,25,92130.0,257153629.29999983
2025-08-01 09:27:39 AM,3686.3,20,73726.0,257227355.29999983
2025-08-01 09:27:40 AM,3686.1,1,3686.1,257231041.39999983
2025-08-01 09:27:40 AM,3683.0,0,0.0,257231041.39999983
2025-08-01 09:27:41 AM,3682.9,253,931773.7000000001,258162815.09999982
2025-08-01 09:27:41 AM,3684.1,0,0.0,258162815.09999982
2025-08-01 09:27:42 AM,3682.4,100,368240.0,258531055.09999982
2025-08-01 09:27:42 AM,3683.0,0,0.0,258531055.09999982
2025-08-01 09:27:43 AM,3682.9,10,36829.0,258567884.09999982
2025-08-01 09:27:44 AM,3681.1,8,29448.8,258597332.89999983
2025-08-01 09:27:45 AM,3682.6,16,58921.6,258656254.49999982
2025-08-01 09:27:46 AM,3682.6,1,3682.6,258659937.09999982
2025-08-01 09:27:46 AM,3682.7,14,51557.799999999996,258711494.89999983
2025-08-01 09:27:47 AM,3682.5,1,3682.5,258715177.39999983
2025-08-01 09:27:48 AM,3681.4,371,1365799.4000000001,260080976.79999983
2025-08-01 09:27:49 AM,3680.6,1752,6448411.2,266529387.99999982
2025-08-01 09:27:50 AM,3677.5,117,430267.5,266959655.49999982
2025-08-01 09:27:50 AM,3679.6,0,0.0,266959655.49999982
2025-08-01 09:27:51 AM,3677.1,118,433897.8,267393553.29999983
2025-08-01 09:27:51 AM,3677.0,0,0.0,267393553.29999983
2025-08-01 09:27:52 AM,3675.8,427,1569566.6,268963119.89999986
2025-08-01 09:27:52 AM,3675.0,414,1521450.0,270484569.89999986
2025-08-01 09:27:53 AM,3676.6,796,2926573.6,273411143.4999999
2025-08-01 09:27:53 AM,3676.6,2,7353.2,273418496.69999987
2025-08-01 09:27:54 AM,3676.5,56,205884.0,273624380.69999987
2025-08-01 09:27:55 AM,3675.0,680,2499000.0,276123380.69999987
2025-08-01 09:27:55 AM,3676.5,0,0.0,276123380.69999987
2025-08-01 09:27:56 AM,3675.0,102,374850.0,276498230.69999987
2025-08-01 09:27:56 AM,3676.5,0,0.0,276498230.69999987
2025-08-01 09:27:57 AM,3674.1,246,903828.6,277402059.2999999
2025-08-01 09:27:57 AM,3674.0,0,0.0,277402059.2999999
2025-08-01 09:27:58 AM,3673.9,121,444541.9,277846601.19999987
2025-08-01 09:27:58 AM,3675.0,0,0.0,277846601.19999987
2025-08-01 09:27:59 AM,3674.2,237,870785.3999999999,278717386.59999985
2025-08-01 09:28:00 AM,3674.2,1,3674.2,278721060.79999983
2025-08-01 09:28:00 AM,3674.2,10,36742.0,278757802.79999983
2025-08-01 09:28:00 AM,3672.7,0,0.0,278757802.79999983
2025-08-01 09:28:01 AM,3674.2,30,110226.0,278868028.79999983
2025-08-01 09:28:02 AM,3674.2,60,220452.0,279088480.79999983
2025-08-01 09:28:03 AM,3674.1,10,36741.0,279125221.79999983
2025-08-01 09:28:03 AM,3672.7,0,0.0,279125221.79999983
2025-08-01 09:28:04 AM,3674.2,173,635636.6,279760858.39999986
2025-08-01 09:28:04 AM,3674.2,5,18371.0,279779229.39999986
2025-08-01 09:28:05 AM,3672.7,16,58763.2,279837992.59999985
2025-08-01 09:28:05 AM,3674.1,0,0.0,279837992.59999985
2025-08-01 09:28:05 AM,3674.1,1,3674.1,279841666.69999987
2025-08-01 09:28:07 AM,3674.1,1,3674.1,279845340.7999999
2025-08-01 09:28:07 AM,3672.0,203,745416.0,280590756.7999999
2025-08-01 09:28:07 AM,3674.0,0,0.0,280590756.7999999
2025-08-01 09:28:08 AM,3674.0,80,293920.0,280884676.7999999
2025-08-01 09:28:08 AM,3674.0,1,3674.0,280888350.7999999
2025-08-01 09:28:09 AM,3672.1,42,154228.19999999998,281042578.9999999
2025-08-01 09:28:10 AM,3674.0,0,0.0,281042578.9999999
2025-08-01 09:28:11 AM,3674.0,1,3674.0,281046252.9999999
2025-08-01 09:28:12 AM,3674.0,50,183700.0,281229952.9999999
2025-08-01 09:28:13 AM,3675.0,394,1447950.0,282677902.9999999
2025-08-01 09:28:13 AM,3676.8,200,735360.0,283413262.9999999
2025-08-01 09:28:13 AM,3676.5,0,0.0,283413262.9999999
2025-08-01 09:28:14 AM,3674.0,85,312290.0,283725552.9999999
2025-08-01 09:28:14 AM,3674.4,1,3674.4,283729227.39999986
2025-08-01 09:28:15 AM,3674.0,173,635602.0,284364829.39999986
2025-08-01 09:28:16 AM,3673.0,17,62441.0,284427270.39999986
2025-08-01 09:28:17 AM,3672.8,0,0.0,284427270.39999986
2025-08-01 09:28:18 AM,3672.8,50,183640.0,284610910.39999986
2025-08-01 09:28:18 AM,3672.9,31,113859.90000000001,284724770.29999983
2025-08-01 09:28:19 AM,3674.8,41,150666.80000000002,284875437.09999985
2025-08-01 09:28:20 AM,3673.3,18,66119.40000000001,284941556.4999998
2025-08-01 09:28:20 AM,3673.0,0,0.0,284941556.4999998
2025-08-01 09:28:21 AM,3673.0,6,22038.0,284963594.4999998
2025-08-01 09:28:21 AM,3674.0,10,36740.0,285000334.4999998
2025-08-01 09:28:21 AM,3673.9,0,0.0,285000334.4999998
2025-08-01 09:28:22 AM,3673.9,1,3673.9,285004008.3999998
2025-08-01 09:28:22 AM,3674.0,0,0.0,285004008.3999998
2025-08-01 09:28:23 AM,3674.0,10,36740.0,285040748.3999998
2025-08-01 09:28:23 AM,3673.0,20,73460.0,285114208.3999998
2025-08-01 09:28:24 AM,3673.0,100,367300.0,285481508.3999998
2025-08-01 09:28:25 AM,3673.0,18,66114.0,285547622.3999998
2025-08-01 09:28:25 AM,3673.5,0,0.0,285547622.3999998
2025-08-01 09:28:25 AM,3674.0,0,0.0,285547622.3999998
2025-08-01 09:28:26 AM,3674.0,36,132264.0,285679886.3999998
2025-08-01 09:28:27 AM,3674.7,0,0.0,285679886.3999998
2025-08-01 09:28:28 AM,3674.7,10,36747.0,285716633.3999998
2025-08-01 09:28:28 AM,3674.8,0,0.0,285716633.3999998
2025-08-01 09:28:29 AM,3673.2,10,36732.0,285753365.3999998
2025-08-01 09:28:29 AM,3673.0,2,7346.0,285760711.3999998
2025-08-01 09:28:30 AM,3674.8,0,0.0,285760711.3999998
2025-08-01 09:28:30 AM,3674.8,25,91870.0,285852581.3999998
2025-08-01 09:28:30 AM,3674.9,16,58798.4,285911379.7999998
2025-08-01 09:28:31 AM,3674.7,30,110241.0,286021620.7999998
2025-08-01 09:28:31 AM,3674.9,20,73498.0,286095118.7999998
2025-08-01 09:28:32 AM,3673.0,21,77133.0,286172251.7999998
2025-08-01 09:28:33 AM,3673.0,17,62441.0,286234692.7999998
2025-08-01 09:28:33 AM,3674.0,0,0.0,286234692.7999998
2025-08-01 09:28:33 AM,3674.0,7,25718.0,286260410.7999998
2025-08-01 09:28:35 AM,3674.0,6,22044.0,286282454.7999998
2025-08-01 09:28:36 AM,3673.0,0,0.0,286282454.7999998
2025-08-01 09:28:37 AM,3673.0,263,965999.0,287248453.7999998
2025-08-01 09:28:37 AM,3673.9,0,0.0,287248453.7999998
2025-08-01 09:28:38 AM,3673.0,40,146920.0,287395373.7999998
2025-08-01 09:28:39 AM,3673.0,21,77133.0,287472506.7999998
2025-08-01 09:28:39 AM,3674.0,50,183700.0,287656206.7999998
2025-08-01 09:28:40 AM,3674.0,15,55110.0,287711316.7999998
2025-08-01 09:28:40 AM,3672.7,863,3169540.0999999996,290880856.8999998
2025-08-01 09:28:40 AM,3674.0,0,0.0,290880856.8999998
2025-08-01 09:28:41 AM,3673.8,1010,3710538.0,294591394.8999998
2025-08-01 09:28:41 AM,3670.3,16,58724.8,294650119.6999998
2025-08-01 09:28:41 AM,3670.2,0,0.0,294650119.6999998
2025-08-01 09:28:42 AM,3670.1,134,491793.39999999997,295141913.0999998
2025-08-01 09:28:42 AM,3670.0,332,1218440.0,296360353.0999998
2025-08-01 09:28:42 AM,3672.1,0,0.0,296360353.0999998
2025-08-01 09:28:43 AM,3670.0,169,620230.0,296980583.0999998
2025-08-01 09:28:43 AM,3669.8,57,209178.6,297189761.6999998
2025-08-01 09:28:44 AM,3669.6,0,0.0,297189761.6999998
2025-08-01 09:28:45 AM,3671.6,113,414890.8,297604652.4999998
2025-08-01 09:28:45 AM,3671.2,32,117478.4,297722130.8999998
2025-08-01 09:28:46 AM,3670.0,35,128450.0,297850580.8999998
2025-08-01 09:28:46 AM,3671.0,29,106459.0,297957039.8999998
2025-08-01 09:28:46 AM,3669.1,0,0.0,297957039.8999998
2025-08-01 09:28:47 AM,3668.4,0,0.0,297957039.8999998
2025-08-01 09:28:47 AM,3668.1,145,531874.5,298488914.3999998
2025-08-01 09:28:47 AM,3669.5,185,678857.5,299167771.8999998
2025-08-01 09:28:48 AM,3671.9,0,0.0,299167771.8999998
2025-08-01 09:28:48 AM,3671.9,40,146876.0,299314647.8999998
2025-08-01 09:28:49 AM,3670.6,0,0.0,299314647.8999998
2025-08-01 09:28:49 AM,3670.6,24,88094.4,299402742.2999998
2025-08-01 09:28:50 AM,3671.6,0,0.0,299402742.2999998
2025-08-01 09:28:51 AM,3671.6,84,308414.39999999997,299711156.69999975
2025-08-01 09:28:52 AM,3670.5,0,0.0,299711156.69999975
2025-08-01 09:28:52 AM,3670.5,339,1244299.5,300955456.19999975
2025-08-01 09:28:52 AM,3670.3,15,55054.5,301010510.69999975
2025-08-01 09:28:53 AM,3670.5,1,3670.5,301014181.19999975
2025-08-01 09:28:54 AM,3670.5,196,719418.0,301733599.19999975
2025-08-01 09:28:54 AM,3671.6,69,253340.4,301986939.5999997
2025-08-01 09:28:55 AM,3671.6,1,3671.6,301990611.19999975
2025-08-01 09:28:55 AM,3670.2,0,0.0,301990611.19999975
2025-08-01 09:28:55 AM,3670.2,28,102765.59999999999,302093376.7999998
2025-08-01 09:28:56 AM,3671.6,111,407547.6,302500924.3999998
2025-08-01 09:28:57 AM,3676.0,346,1271896.0,303772820.3999998
2025-08-01 09:28:57 AM,3675.7,0,0.0,303772820.3999998
2025-08-01 09:28:57 AM,3675.7,14,51459.799999999996,303824280.1999998
2025-08-01 09:28:58 AM,3676.0,69,253644.0,304077924.1999998
2025-08-01 09:28:59 AM,3675.5,73,268311.5,304346235.6999998
2025-08-01 09:29:00 AM,3673.7,0,0.0,304346235.6999998
2025-08-01 09:29:00 AM,3673.7,65,238790.5,304585026.1999998
2025-08-01 09:29:01 AM,3672.8,0,0.0,304585026.1999998
2025-08-01 09:29:01 AM,3672.8,10,36728.0,304621754.1999998
2025-08-01 09:29:03 AM,3674.5,5,18372.5,304640126.6999998
2025-08-01 09:29:05 AM,3674.3,10,36743.0,304676869.6999998
2025-08-01 09:29:05 AM,3672.2,1,3672.2,304680541.8999998
2025-08-01 09:29:06 AM,3672.3,19,69773.7,304750315.5999998
2025-08-01 09:29:06 AM,3671.2,0,0.0,304750315.5999998
2025-08-01 09:29:07 AM,3671.2,9,33040.799999999996,304783356.3999998
2025-08-01 09:29:07 AM,3673.2,10,36732.0,304820088.3999998
2025-08-01 09:29:07 AM,3672.9,0,0.0,304820088.3999998
2025-08-01 09:29:08 AM,3672.9,103,378308.7,305198397.0999998
2025-08-01 09:29:09 AM,3673.1,0,0.0,305198397.0999998
2025-08-01 09:29:09 AM,3670.5,45,165172.5,305363569.5999998
2025-08-01 09:29:09 AM,3672.9,50,183645.0,305547214.5999998
2025-08-01 09:29:10 AM,3670.5,8,29364.0,305576578.5999998
2025-08-01 09:29:11 AM,3670.1,46,168824.6,305745403.1999998
2025-08-01 09:29:12 AM,3672.3,3,11016.900000000001,305756420.0999998
2025-08-01 09:29:13 AM,3672.2,0,0.0,305756420.0999998
2025-08-01 09:29:14 AM,3672.2,5,18361.0,305774781.0999998
2025-08-01 09:29:14 AM,3672.3,0,0.0,305774781.0999998
2025-08-01 09:29:15 AM,3672.3,1,3672.3,305778453.3999998
2025-08-01 09:29:15 AM,3671.0,0,0.0,305778453.3999998
2025-08-01 09:29:16 AM,3671.0,15,55065.0,305833518.3999998
2025-08-01 09:29:16 AM,3671.6,0,0.0,305833518.3999998
2025-08-01 09:29:17 AM,3670.0,0,0.0,305833518.3999998
2025-08-01 09:29:17 AM,3671.4,24,88113.6,305921631.9999998
2025-08-01 09:29:17 AM,3670.0,12,44040.0,305965671.9999998
2025-08-01 09:29:17 AM,3671.4,0,0.0,305965671.9999998
2025-08-01 09:29:18 AM,3671.4,6,22028.4,305987700.3999998
2025-08-01 09:29:19 AM,3670.7,0,0.0,305987700.3999998
2025-08-01 09:29:20 AM,3670.7,5,18353.5,306006053.8999998
2025-08-01 09:29:21 AM,3671.0,5,18355.0,306024408.8999998
2025-08-01 09:29:21 AM,3671.1,0,0.0,306024408.8999998
2025-08-01 09:29:22 AM,3671.1,4,14684.4,306039093.2999998
2025-08-01 09:29:22 AM,3671.3,0,0.0,306039093.2999998
2025-08-01 09:29:22 AM,3671.3,1,3671.3,306042764.5999998
2025-08-01 09:29:23 AM,3670.0,16,58720.0,306101484.5999998
2025-08-01 09:29:23 AM,3671.3,0,0.0,306101484.5999998
2025-08-01 09:29:24 AM,3671.3,10,36713.0,306138197.5999998
2025-08-01 09:29:24 AM,3671.3,5,18356.5,306156554.0999998
2025-08-01 09:29:25 AM,3671.3,19,69754.7,306226308.7999998
2025-08-01 09:29:26 AM,3671.6,100,367160.0,306593468.7999998
2025-08-01 09:29:27 AM,3672.0,5,18360.0,306611828.7999998
2025-08-01 09:29:27 AM,3671.0,0,0.0,306611828.7999998
2025-08-01 09:29:27 AM,3671.0,8,29368.0,306641196.7999998
2025-08-01 09:29:28 AM,3670.4,17,62396.8,306703593.5999998
2025-08-01 09:29:29 AM,3671.0,71,260641.0,306964234.5999998
2025-08-01 09:29:30 AM,3670.0,12,44040.0,307008274.5999998
2025-08-01 09:29:30 AM,3671.0,0,0.0,307008274.5999998
2025-08-01 09:29:31 AM,3671.0,6,22026.0,307030300.5999998
2025-08-01 09:29:33 AM,3671.0,14,51394.0,307081694.5999998
2025-08-01 09:29:34 AM,3670.3,37,135801.1,307217495.6999998
2025-08-01 09:29:34 AM,3671.0,0,0.0,307217495.6999998
2025-08-01 09:29:35 AM,3672.2,36,132199.19999999998,307349694.8999998
2025-08-01 09:29:36 AM,3672.2,2,7344.4,307357039.2999998
2025-08-01 09:29:36 AM,3672.7,0,0.0,307357039.2999998
2025-08-01 09:29:37 AM,3672.7,41,150580.69999999998,307507619.99999976
2025-08-01 09:29:37 AM,3672.2,13,47738.6,307555358.5999998
2025-08-01 09:29:38 AM,3671.4,1,3671.4,307559029.99999976
2025-08-01 09:29:39 AM,3673.9,0,0.0,307559029.99999976
2025-08-01 09:29:39 AM,3673.0,171,628083.0,308187112.99999976
2025-08-01 09:29:40 AM,3674.5,0,0.0,308187112.99999976
2025-08-01 09:29:40 AM,3675.0,48,176400.0,308363512.99999976
2025-08-01 09:29:41 AM,3673.2,3,11019.599999999999,308374532.5999998
2025-08-01 09:29:45 AM,3674.5,3,11023.5,308385556.0999998
2025-08-01 09:29:46 AM,3674.9,71,260917.9,308646473.99999976
2025-08-01 09:29:46 AM,3675.5,0,0.0,308646473.99999976
2025-08-01 09:29:47 AM,3674.6,66,242523.6,308888997.5999998
2025-08-01 09:29:48 AM,3674.5,32,117584.0,309006581.5999998
2025-08-01 09:29:48 AM,3673.2,20,73464.0,309080045.5999998
2025-08-01 09:29:52 AM,3675.2,46,169059.19999999998,309249104.7999998
2025-08-01 09:29:52 AM,3675.2,2,7350.4,309256455.19999975
2025-08-01 09:29:53 AM,3674.0,43,157982.0,309414437.19999975
2025-08-01 09:29:54 AM,3674.7,21,77168.7,309491605.89999974
2025-08-01 09:29:55 AM,3674.7,14,51445.799999999996,309543051.69999975
2025-08-01 09:29:56 AM,3674.7,5,18373.5,309561425.19999975
2025-08-01 09:29:57 AM,3674.9,0,0.0,309561425.19999975
2025-08-01 09:29:57 AM,3674.9,25,91872.5,309653297.69999975
2025-08-01 09:29:59 AM,3674.8,2,7349.6,309660647.2999998
2025-08-01 09:30:00 AM,3674.7,11,40421.7,309701068.99999976
2025-08-01 09:30:00 AM,3674.6,0,0.0,309701068.99999976
2025-08-01 09:30:01 AM,3674.7,32,117590.4,309818659.39999974
2025-08-01 09:30:02 AM,3674.5,3,11023.5,309829682.89999974
2025-08-01 09:30:03 AM,3673.0,112,411376.0,310241058.89999974
2025-08-01 09:30:04 AM,3673.6,77,282867.2,310523926.0999997
2025-08-01 09:30:05 AM,3672.0,19,69768.0,310593694.0999997
2025-08-01 09:30:06 AM,3673.4,1,3673.4,310597367.4999997
2025-08-01 09:30:07 AM,3673.3,0,0.0,310597367.4999997
2025-08-01 09:30:07 AM,3673.3,50,183665.0,310781032.4999997
2025-08-01 09:30:09 AM,3672.0,0,0.0,310781032.4999997
2025-08-01 09:30:10 AM,3672.0,3,11016.0,310792048.4999997
2025-08-01 09:30:12 AM,3673.1,1,3673.1,310795721.5999997
2025-08-01 09:30:12 AM,3673.1,10,36731.0,310832452.5999997
2025-08-01 09:30:13 AM,3673.1,11,40404.1,310872856.69999975
2025-08-01 09:30:13 AM,3672.0,0,0.0,310872856.69999975
2025-08-01 09:30:14 AM,3671.0,156,572676.0,311445532.69999975
2025-08-01 09:30:15 AM,3672.0,0,0.0,311445532.69999975
2025-08-01 09:30:15 AM,3672.0,11,40392.0,311485924.69999975
2025-08-01 09:30:16 AM,3672.0,5,18360.0,311504284.69999975
2025-08-01 09:30:16 AM,3672.5,0,0.0,311504284.69999975
2025-08-01 09:30:16 AM,3672.5,64,235040.0,311739324.69999975
2025-08-01 09:30:18 AM,3671.0,7,25697.0,311765021.69999975
2025-08-01 09:30:18 AM,3672.0,11,40392.0,311805413.69999975
2025-08-01 09:30:19 AM,3671.0,0,0.0,311805413.69999975
2025-08-01 09:30:19 AM,3671.0,17,62407.0,311867820.69999975
2025-08-01 09:30:21 AM,3671.0,2,7342.0,311875162.69999975
2025-08-01 09:30:23 AM,3671.8,10,36718.0,311911880.69999975
2025-08-01 09:30:25 AM,3671.8,1,3671.8,311915552.49999976
2025-08-01 09:30:26 AM,3671.0,11,40381.0,311955933.49999976
2025-08-01 09:30:29 AM,3671.8,3,11015.400000000001,311966948.89999974
2025-08-01 09:30:30 AM,3671.0,9,33039.0,311999987.89999974
2025-08-01 09:30:30 AM,3671.8,0,0.0,311999987.89999974
2025-08-01 09:30:30 AM,3671.8,26,95466.8,312095454.69999975
2025-08-01 09:30:31 AM,3672.2,0,0.0,312095454.69999975
2025-08-01 09:30:32 AM,3672.2,100,367220.0,312462674.69999975
2025-08-01 09:30:33 AM,3673.6,45,165312.0,312627986.69999975
2025-08-01 09:30:34 AM,3672.5,0,0.0,312627986.69999975
2025-08-01 09:30:34 AM,3672.5,23,84467.5,312712454.19999975
2025-08-01 09:30:35 AM,3674.6,2,7349.2,312719803.39999974
2025-08-01 09:30:35 AM,3674.6,2,7349.2,312727152.5999997
2025-08-01 09:30:35 AM,3675.0,0,0.0,312727152.5999997
2025-08-01 09:30:36 AM,3675.1,47,172729.69999999998,312899882.2999997
2025-08-01 09:30:36 AM,3675.0,0,0.0,312899882.2999997
2025-08-01 09:30:37 AM,3675.7,17,62486.899999999994,312962369.1999997
2025-08-01 09:30:39 AM,3675.7,2,7351.4,312969720.59999967
2025-08-01 09:30:40 AM,3675.7,1,3675.7,312973396.29999965
2025-08-01 09:30:40 AM,3675.7,2,7351.4,312980747.69999963
2025-08-01 09:30:41 AM,3675.7,1,3675.7,312984423.3999996
2025-08-01 09:30:42 AM,3675.7,1,3675.7,312988099.0999996
2025-08-01 09:30:43 AM,3675.7,1,3675.7,312991774.7999996
2025-08-01 09:30:45 AM,3675.7,8,29405.6,313021180.3999996
2025-08-01 09:30:45 AM,3675.7,2,7351.4,313028531.7999996
2025-08-01 09:30:45 AM,3676.2,0,0.0,313028531.7999996
2025-08-01 09:30:46 AM,3675.7,54,198487.8,313227019.5999996
2025-08-01 09:30:47 AM,3675.7,15,55135.5,313282155.0999996
2025-08-01 09:30:48 AM,3675.5,7,25728.5,313307883.5999996
2025-08-01 09:30:49 AM,3675.4,0,0.0,313307883.5999996
2025-08-01 09:30:49 AM,3675.4,3,11026.2,313318909.7999996
2025-08-01 09:30:50 AM,3675.2,0,0.0,313318909.7999996
2025-08-01 09:30:51 AM,3675.7,0,0.0,313318909.7999996
2025-08-01 09:30:51 AM,3675.7,378,1389414.5999999999,314708324.3999996
2025-08-01 09:30:52 AM,3675.7,78,286704.6,314995028.99999964
2025-08-01 09:30:53 AM,3675.7,7,25729.899999999998,315020758.8999996
2025-08-01 09:30:54 AM,3675.7,8,29405.6,315050164.49999964
2025-08-01 09:30:56 AM,3675.7,7,25729.899999999998,315075894.3999996
2025-08-01 09:30:56 AM,3676.0,0,0.0,315075894.3999996
2025-08-01 09:30:57 AM,3676.0,52,191152.0,315267046.3999996
2025-08-01 09:30:58 AM,3676.0,6,22056.0,315289102.3999996
2025-08-01 09:31:00 AM,3676.0,12,44112.0,315333214.3999996
2025-08-01 09:31:00 AM,3675.9,0,0.0,315333214.3999996
2025-08-01 09:31:01 AM,3675.9,689,2532695.1,317865909.49999964
2025-08-01 09:31:02 AM,3676.1,114,419075.39999999997,318284984.8999996
2025-08-01 09:31:02 AM,3674.7,159,584277.2999999999,318869262.19999963
2025-08-01 09:31:03 AM,3674.7,1,3674.7,318872936.8999996
2025-08-01 09:31:04 AM,3674.5,66,242517.0,319115453.8999996
2025-08-01 09:31:05 AM,3674.5,5,18372.5,319133826.3999996
2025-08-01 09:31:05 AM,3674.2,0,0.0,319133826.3999996
2025-08-01 09:31:05 AM,3674.2,1,3674.2,319137500.5999996
2025-08-01 09:31:06 AM,3672.1,7,25704.7,319163205.2999996
2025-08-01 09:31:06 AM,3674.2,0,0.0,319163205.2999996
2025-08-01 09:31:07 AM,3674.2,1,3674.2,319166879.4999996
2025-08-01 09:31:08 AM,3674.2,1,3674.2,319170553.6999996
2025-08-01 09:31:09 AM,3672.5,5,18362.5,319188916.1999996
2025-08-01 09:31:09 AM,3674.1,0,0.0,319188916.1999996
2025-08-01 09:31:09 AM,3674.1,1,3674.1,319192590.2999996
2025-08-01 09:31:10 AM,3674.2,0,0.0,319192590.2999996
2025-08-01 09:31:10 AM,3674.2,2,7348.4,319199938.6999996
2025-08-01 09:31:11 AM,3672.1,0,0.0,319199938.6999996
2025-08-01 09:31:11 AM,3672.1,50,183605.0,319383543.6999996
2025-08-01 09:31:12 AM,3673.0,0,0.0,319383543.6999996
2025-08-01 09:31:12 AM,3672.0,12,44064.0,319427607.6999996
2025-08-01 09:31:13 AM,3673.5,0,0.0,319427607.6999996
2025-08-01 09:31:13 AM,3673.5,1,3673.5,319431281.1999996
2025-08-01 09:31:14 AM,3673.3,2,7346.6,319438627.7999996
2025-08-01 09:31:17 AM,3673.3,5,18366.5,319456994.2999996
2025-08-01 09:31:18 AM,3674.2,0,0.0,319456994.2999996
2025-08-01 09:31:18 AM,3674.2,125,459275.0,319916269.2999996
2025-08-01 09:31:19 AM,3673.4,0,0.0,319916269.2999996
2025-08-01 09:31:19 AM,3673.4,7,25713.8,319941983.0999996
2025-08-01 09:31:20 AM,3672.7,0,0.0,319941983.0999996
2025-08-01 09:31:20 AM,3672.7,39,143235.3,320085218.3999996
2025-08-01 09:31:23 AM,3672.9,75,275467.5,320360685.8999996
2025-08-01 09:31:23 AM,3674.1,0,0.0,320360685.8999996
2025-08-01 09:31:24 AM,3674.1,9,33066.9,320393752.7999996
2025-08-01 09:31:25 AM,3672.9,10,36729.0,320430481.7999996
2025-08-01 09:31:27 AM,3674.1,0,0.0,320430481.7999996
2025-08-01 09:31:27 AM,3674.1,1,3674.1,320434155.8999996
2025-08-01 09:31:28 AM,3674.1,2,7348.2,320441504.0999996
2025-08-01 09:31:29 AM,3674.2,30,110226.0,320551730.0999996
2025-08-01 09:31:30 AM,3674.2,35,128597.0,320680327.0999996
2025-08-01 09:31:31 AM,3674.9,1,3674.9,320684001.9999996
2025-08-01 09:31:32 AM,3674.3,10,36743.0,320720744.9999996
2025-08-01 09:31:35 AM,3674.8,1,3674.8,320724419.7999996
2025-08-01 09:31:35 AM,3674.9,5,18374.5,320742794.2999996
2025-08-01 09:31:36 AM,3676.2,55,202191.0,320944985.2999996
2025-08-01 09:31:36 AM,3675.8,0,0.0,320944985.2999996
2025-08-01 09:31:37 AM,3675.8,5,18379.0,320963364.2999996
2025-08-01 09:31:38 AM,3675.7,55,202163.5,321165527.7999996
2025-08-01 09:31:38 AM,3674.1,11,40415.1,321205942.8999996
2025-08-01 09:31:39 AM,3676.0,0,0.0,321205942.8999996
2025-08-01 09:31:39 AM,3676.8,79,290467.2,321496410.0999996
2025-08-01 09:31:41 AM,3677.0,40,147080.0,321643490.0999996
2025-08-01 09:31:44 AM,3676.9,2,7353.8,321650843.8999996
2025-08-01 09:31:45 AM,3676.8,0,0.0,321650843.8999996
2025-08-01 09:31:45 AM,3676.8,20,73536.0,321724379.8999996
2025-08-01 09:31:45 AM,3677.0,55,202235.0,321926614.8999996
2025-08-01 09:31:46 AM,3677.0,26,95602.0,322022216.8999996
2025-08-01 09:31:47 AM,3674.8,14,51447.200000000004,322073664.0999996
2025-08-01 09:31:48 AM,3677.0,10,36770.0,322110434.0999996
2025-08-01 09:31:49 AM,3677.0,36,132372.0,322242806.0999996
2025-08-01 09:31:51 AM,3677.0,1,3677.0,322246483.0999996
2025-08-01 09:31:53 AM,3677.3,90,330957.0,322577440.0999996
2025-08-01 09:31:57 AM,3677.9,5,18389.5,322595829.5999996
2025-08-01 09:31:57 AM,3677.8,151,555347.8,323151177.3999996
2025-08-01 09:31:59 AM,3675.2,0,0.0,323151177.3999996
2025-08-01 09:31:59 AM,3675.2,14,51452.799999999996,323202630.19999963
2025-08-01 09:31:59 AM,3677.3,25,91932.5,323294562.69999963
2025-08-01 09:32:00 AM,3677.3,1,3677.3,323298239.99999964
2025-08-01 09:32:01 AM,3677.3,1,3677.3,323301917.29999965
2025-08-01 09:32:03 AM,3677.3,1,3677.3,323305594.59999967
2025-08-01 09:32:04 AM,3677.3,2,7354.6,323312949.1999997
2025-08-01 09:32:05 AM,3677.3,1,3677.3,323316626.4999997
2025-08-01 09:32:07 AM,3677.3,11,40450.3,323357076.7999997
2025-08-01 09:32:08 AM,3677.3,6,22063.800000000003,323379140.5999997
2025-08-01 09:32:09 AM,3676.5,0,0.0,323379140.5999997
2025-08-01 09:32:09 AM,3676.5,12,44118.0,323423258.5999997
2025-08-01 09:32:11 AM,3677.3,1,3677.3,323426935.89999974
2025-08-01 09:32:11 AM,3677.3,5,18386.5,323445322.39999974
2025-08-01 09:32:12 AM,3677.9,14,51490.6,323496812.99999976
2025-08-01 09:32:13 AM,3677.1,0,0.0,323496812.99999976
2025-08-01 09:32:14 AM,3677.9,2,7355.8,323504168.7999998
2025-08-01 09:32:15 AM,3678.0,1,3678.0,323507846.7999998
2025-08-01 09:32:18 AM,3677.9,7,25745.3,323533592.0999998
2025-08-01 09:32:18 AM,3678.1,0,0.0,323533592.0999998
2025-08-01 09:32:19 AM,3678.1,9,33102.9,323566694.99999976
2025-08-01 09:32:20 AM,3678.9,3,11036.7,323577731.69999975
2025-08-01 09:32:22 AM,3677.4,0,0.0,323577731.69999975
2025-08-01 09:32:22 AM,3677.4,168,617803.2000000001,324195534.89999974
2025-08-01 09:32:23 AM,3677.5,0,0.0,324195534.89999974
2025-08-01 09:32:23 AM,3677.5,185,680337.5,324875872.39999974
2025-08-01 09:32:23 AM,3678.8,14,51503.200000000004,324927375.5999997
2025-08-01 09:32:23 AM,3683.2,0,0.0,324927375.5999997
2025-08-01 09:32:24 AM,3681.1,213,784074.2999999999,325711449.89999974
2025-08-01 09:32:24 AM,3683.4,0,0.0,325711449.89999974
2025-08-01 09:32:25 AM,3683.3,73,268880.9,325980330.7999997
2025-08-01 09:32:26 AM,3683.2,0,0.0,325980330.7999997
2025-08-01 09:32:27 AM,3683.2,1,3683.2,325984013.9999997
2025-08-01 09:32:28 AM,3681.1,0,0.0,325984013.9999997
2025-08-01 09:32:29 AM,3683.2,102,375686.39999999997,326359700.3999997
2025-08-01 09:32:29 AM,3681.4,14,51539.6,326411239.9999997
2025-08-01 09:32:30 AM,3680.3,0,0.0,326411239.9999997
2025-08-01 09:32:31 AM,3680.3,74,272342.2,326683582.1999997
2025-08-01 09:32:31 AM,3680.2,0,0.0,326683582.1999997
2025-08-01 09:32:32 AM,3682.9,0,0.0,326683582.1999997
2025-08-01 09:32:32 AM,3682.9,35,128901.5,326812483.6999997
2025-08-01 09:32:32 AM,3683.1,22,81028.2,326893511.8999997
2025-08-01 09:32:32 AM,3683.2,0,0.0,326893511.8999997
2025-08-01 09:32:33 AM,3683.2,21,77347.2,326970859.09999967
2025-08-01 09:32:34 AM,3681.1,14,51535.4,327022394.49999964
2025-08-01 09:32:34 AM,3683.0,0,0.0,327022394.49999964
2025-08-01 09:32:35 AM,3683.0,5,18415.0,327040809.49999964
2025-08-01 09:32:36 AM,3682.9,0,0.0,327040809.49999964
2025-08-01 09:32:37 AM,3682.9,20,73658.0,327114467.49999964
2025-08-01 09:32:38 AM,3682.4,7,25776.8,327140244.29999965
2025-08-01 09:32:39 AM,3682.4,30,110472.0,327250716.29999965
2025-08-01 09:32:43 AM,3682.4,20,73648.0,327324364.29999965
2025-08-01 09:32:44 AM,3682.4,1,3682.4,327328046.69999963
2025-08-01 09:32:45 AM,3682.4,56,206214.4,327534261.0999996
2025-08-01 09:32:45 AM,3682.4,7,25776.8,327560037.8999996
2025-08-01 09:32:45 AM,3682.5,0,0.0,327560037.8999996
2025-08-01 09:32:46 AM,3683.0,178,655574.0,328215611.8999996
2025-08-01 09:32:46 AM,3682.8,0,0.0,328215611.8999996
2025-08-01 09:32:47 AM,3682.8,24,88387.20000000001,328303999.0999996
2025-08-01 09:32:47 AM,3682.5,0,0.0,328303999.0999996
2025-08-01 09:32:48 AM,3683.6,32,117875.2,328421874.2999996
2025-08-01 09:32:48 AM,3683.2,0,0.0,328421874.2999996
2025-08-01 09:32:49 AM,3683.2,11,40515.2,328462389.4999996
2025-08-01 09:32:50 AM,3683.2,5,18416.0,328480805.4999996
2025-08-01 09:32:52 AM,3682.6,5,18413.0,328499218.4999996
2025-08-01 09:32:53 AM,3683.2,0,0.0,328499218.4999996
2025-08-01 09:32:53 AM,3683.2,820,3020224.0,331519442.4999996
2025-08-01 09:32:54 AM,3682.4,77,283544.8,331802987.2999996
2025-08-01 09:32:55 AM,3682.9,0,0.0,331802987.2999996
2025-08-01 09:32:55 AM,3682.9,6,22097.4,331825084.6999996
2025-08-01 09:32:56 AM,3682.7,1,3682.7,331828767.39999956
2025-08-01 09:32:57 AM,3682.7,10,36827.0,331865594.39999956
2025-08-01 09:32:58 AM,3682.6,50,184130.0,332049724.39999956
2025-08-01 09:32:58 AM,3682.7,1,3682.7,332053407.09999955
2025-08-01 09:32:59 AM,3682.7,8,29461.6,332082868.6999996
2025-08-01 09:33:01 AM,3682.6,0,0.0,332082868.6999996
2025-08-01 09:33:01 AM,3681.2,45,165654.0,332248522.6999996
2025-08-01 09:33:02 AM,3681.2,82,301858.39999999997,332550381.09999955
2025-08-01 09:33:02 AM,3681.0,5,18405.0,332568786.09999955
2025-08-01 09:33:03 AM,3680.0,1,3680.0,332572466.09999955
2025-08-01 09:33:03 AM,3681.7,35,128859.5,332701325.59999955
2025-08-01 09:33:03 AM,3680.0,0,0.0,332701325.59999955
2025-08-01 09:33:04 AM,3680.0,4,14720.0,332716045.59999955
2025-08-01 09:33:05 AM,3680.0,20,73600.0,332789645.59999955
2025-08-01 09:33:06 AM,3680.7,0,0.0,332789645.59999955
2025-08-01 09:33:06 AM,3680.7,2,7361.4,332797006.9999995
2025-08-01 09:33:06 AM,3682.2,100,368220.0,333165226.9999995
2025-08-01 09:33:07 AM,3680.5,93,342286.5,333507513.4999995
2025-08-01 09:33:08 AM,3679.9,25,91997.5,333599510.9999995
2025-08-01 09:33:08 AM,3680.5,0,0.0,333599510.9999995
2025-08-01 09:33:08 AM,3680.5,2,7361.0,333606871.9999995
2025-08-01 09:33:10 AM,3680.5,1,3680.5,333610552.4999995
2025-08-01 09:33:11 AM,3679.5,0,0.0,333610552.4999995
2025-08-01 09:33:11 AM,3679.5,30,110385.0,333720937.4999995
2025-08-01 09:33:12 AM,3680.4,0,0.0,333720937.4999995
2025-08-01 09:33:13 AM,3680.4,26,95690.40000000001,333816627.8999995
2025-08-01 09:33:14 AM,3680.4,2,7360.8,333823988.6999995
2025-08-01 09:33:16 AM,3680.0,0,0.0,333823988.6999995
2025-08-01 09:33:17 AM,3680.0,26,95680.0,333919668.6999995
2025-08-01 09:33:18 AM,3680.4,0,0.0,333919668.6999995
2025-08-01 09:33:19 AM,3680.4,25,92010.0,334011678.6999995
2025-08-01 09:33:21 AM,3680.4,10,36804.0,334048482.6999995
2025-08-01 09:33:21 AM,3680.0,20,73600.0,334122082.6999995
2025-08-01 09:33:24 AM,3680.4,51,187700.4,334309783.0999995
2025-08-01 09:33:25 AM,3682.7,0,0.0,334309783.0999995
2025-08-01 09:33:25 AM,3682.7,5,18413.5,334328196.5999995
2025-08-01 09:33:26 AM,3685.0,0,0.0,334328196.5999995
2025-08-01 09:33:27 AM,3685.0,346,1275010.0,335603206.5999995
2025-08-01 09:33:27 AM,3685.0,24,88440.0,335691646.5999995
2025-08-01 09:33:28 AM,3683.5,35,128922.5,335820569.0999995
2025-08-01 09:33:28 AM,3685.0,47,173195.0,335993764.0999995
2025-08-01 09:33:30 AM,3685.0,155,571175.0,336564939.0999995
2025-08-01 09:33:31 AM,3683.3,21,77349.3,336642288.3999995
2025-08-01 09:33:32 AM,3684.9,3,11054.7,336653343.0999995
2025-08-01 09:33:32 AM,3684.9,1,3684.9,336657027.99999946
2025-08-01 09:33:33 AM,3682.3,17,62599.100000000006,336719627.0999995
2025-08-01 09:33:35 AM,3684.3,1,3684.3,336723311.3999995
2025-08-01 09:33:37 AM,3684.3,4,14737.2,336738048.5999995
2025-08-01 09:33:38 AM,3684.3,1,3684.3,336741732.8999995
2025-08-01 09:33:38 AM,3683.0,103,379349.0,337121081.8999995
2025-08-01 09:33:39 AM,3685.0,0,0.0,337121081.8999995
2025-08-01 09:33:39 AM,3685.0,303,1116555.0,338237636.8999995
2025-08-01 09:33:40 AM,3683.8,0,0.0,338237636.8999995
2025-08-01 09:33:40 AM,3682.8,35,128898.0,338366534.8999995
2025-08-01 09:33:41 AM,3682.8,14,51559.200000000004,338418094.0999995
2025-08-01 09:33:42 AM,3684.8,0,0.0,338418094.0999995
2025-08-01 09:33:43 AM,3684.8,395,1455496.0,339873590.0999995
2025-08-01 09:33:44 AM,3683.2,42,154694.4,340028284.49999946
2025-08-01 09:33:46 AM,3684.5,82,302129.0,340330413.49999946
2025-08-01 09:33:47 AM,3684.7,5,18423.5,340348836.99999946
2025-08-01 09:33:47 AM,3684.5,0,0.0,340348836.99999946
2025-08-01 09:33:48 AM,3684.5,10,36845.0,340385681.99999946
2025-08-01 09:33:49 AM,3685.5,343,1264126.5,341649808.49999946
2025-08-01 09:33:50 AM,3688.2,0,0.0,341649808.49999946
2025-08-01 09:33:50 AM,3685.0,185,681725.0,342331533.49999946
2025-08-01 09:33:50 AM,3687.1,13,47932.299999999996,342379465.7999995
2025-08-01 09:33:51 AM,3686.5,32,117968.0,342497433.7999995
2025-08-01 09:33:53 AM,3687.9,0,0.0,342497433.7999995
2025-08-01 09:33:54 AM,3687.9,74,272904.60000000003,342770338.3999995
2025-08-01 09:33:54 AM,3689.0,5,18445.0,342788783.3999995
2025-08-01 09:33:54 AM,3689.3,0,0.0,342788783.3999995
2025-08-01 09:33:55 AM,3689.3,159,586598.7000000001,343375382.0999995
2025-08-01 09:33:56 AM,3689.7,100,368970.0,343744352.0999995
2025-08-01 09:33:56 AM,3687.0,0,0.0,343744352.0999995
2025-08-01 09:33:57 AM,3687.0,16,58992.0,343803344.0999995
2025-08-01 09:33:57 AM,3686.0,8,29488.0,343832832.0999995
2025-08-01 09:33:58 AM,3689.2,152,560758.4,344393590.49999946
2025-08-01 09:33:59 AM,3687.5,0,0.0,344393590.49999946
2025-08-01 09:33:59 AM,3687.5,8,29500.0,344423090.49999946
2025-08-01 09:34:00 AM,3689.9,12,44278.8,344467369.2999995
2025-08-01 09:34:01 AM,3687.0,0,0.0,344467369.2999995
2025-08-01 09:34:01 AM,3689.4,23,84856.2,344552225.49999946
2025-08-01 09:34:02 AM,3689.4,5,18447.0,344570672.49999946
2025-08-01 09:34:03 AM,3689.5,0,0.0,344570672.49999946
2025-08-01 09:34:03 AM,3689.5,1,3689.5,344574361.99999946
2025-08-01 09:34:04 AM,3687.3,0,0.0,344574361.99999946
2025-08-01 09:34:04 AM,3687.3,66,243361.80000000002,344817723.7999995
2025-08-01 09:34:05 AM,3688.9,0,0.0,344817723.7999995
2025-08-01 09:34:06 AM,3688.9,20,73778.0,344891501.7999995
2025-08-01 09:34:09 AM,3688.7,0,0.0,344891501.7999995
2025-08-01 09:34:09 AM,3688.7,1,3688.7,344895190.49999946
2025-08-01 09:34:09 AM,3688.6,101,372548.6,345267739.0999995
2025-08-01 09:34:10 AM,3688.7,5,18443.5,345286182.5999995
2025-08-01 09:34:11 AM,3688.6,21,77460.59999999999,345363643.1999995
2025-08-01 09:34:13 AM,3688.6,1,3688.6,345367331.79999954
2025-08-01 09:34:15 AM,3688.5,0,0.0,345367331.79999954
2025-08-01 09:34:15 AM,3688.5,1,3688.5,345371020.29999954
2025-08-01 09:34:16 AM,3688.4,0,0.0,345371020.29999954
2025-08-01 09:34:16 AM,3688.4,2,7376.8,345378397.09999955
2025-08-01 09:34:17 AM,3688.4,15,55326.0,345433723.09999955
2025-08-01 09:34:17 AM,3688.5,1,3688.5,345437411.59999955
2025-08-01 09:34:18 AM,3688.7,53,195501.09999999998,345632912.6999996
2025-08-01 09:34:18 AM,3689.1,0,0.0,345632912.6999996
2025-08-01 09:34:19 AM,3689.1,112,413179.2,346046091.89999956
2025-08-01 09:34:19 AM,3689.3,0,0.0,346046091.89999956
2025-08-01 09:34:20 AM,3689.3,1,3689.3,346049781.1999996
2025-08-01 09:34:20 AM,3688.8,8,29510.4,346079291.59999955
2025-08-01 09:34:23 AM,3688.7,18,66396.59999999999,346145688.1999996
2025-08-01 09:34:24 AM,3689.3,0,0.0,346145688.1999996
2025-08-01 09:34:25 AM,3689.3,4,14757.2,346160445.39999956
2025-08-01 09:34:25 AM,3689.4,10,36894.0,346197339.39999956
2025-08-01 09:34:26 AM,3689.3,16,59028.8,346256368.1999996
2025-08-01 09:34:29 AM,3689.6,0,0.0,346256368.1999996
2025-08-01 09:34:30 AM,3689.6,20,73792.0,346330160.1999996
2025-08-01 09:34:30 AM,3689.6,50,184480.0,346514640.1999996
2025-08-01 09:34:30 AM,3687.8,0,0.0,346514640.1999996
2025-08-01 09:34:31 AM,3690.0,0,0.0,346514640.1999996
2025-08-01 09:34:31 AM,3690.0,252,929880.0,347444520.1999996
2025-08-01 09:34:32 AM,3688.2,32,118022.4,347562542.59999955
2025-08-01 09:34:32 AM,3689.1,0,0.0,347562542.59999955
2025-08-01 09:34:33 AM,3689.1,100,368910.0,347931452.59999955
2025-08-01 09:34:33 AM,3688.6,1,3688.6,347935141.1999996
2025-08-01 09:34:33 AM,3688.8,0,0.0,347935141.1999996
2025-08-01 09:34:34 AM,3688.6,162,597553.2,348532694.39999956
2025-08-01 09:34:35 AM,3688.7,2,7377.4,348540071.79999954
2025-08-01 09:34:36 AM,3688.3,26,95895.8,348635967.59999955
2025-08-01 09:34:36 AM,3688.0,4,14752.0,348650719.59999955
2025-08-01 09:34:37 AM,3688.0,5,18440.0,348669159.59999955
2025-08-01 09:34:40 AM,3688.0,104,383552.0,349052711.59999955
2025-08-01 09:34:41 AM,3687.8,0,0.0,349052711.59999955
2025-08-01 09:34:41 AM,3687.8,12,44253.600000000006,349096965.1999996
2025-08-01 09:34:42 AM,3687.7,15,55315.5,349152280.6999996
2025-08-01 09:34:43 AM,3687.7,7,25813.899999999998,349178094.59999955
2025-08-01 09:34:43 AM,3687.9,1,3687.9,349181782.4999995
2025-08-01 09:34:44 AM,3687.9,1,3687.9,349185470.3999995
2025-08-01 09:34:46 AM,3687.1,0,0.0,349185470.3999995
2025-08-01 09:34:46 AM,3687.1,40,147484.0,349332954.3999995
2025-08-01 09:34:46 AM,3687.8,0,0.0,349332954.3999995
2025-08-01 09:34:47 AM,3687.8,5,18439.0,349351393.3999995
2025-08-01 09:34:48 AM,3686.0,81,298566.0,349649959.3999995
2025-08-01 09:34:48 AM,3686.8,1,3686.8,349653646.1999995
2025-08-01 09:34:49 AM,3686.4,3,11059.2,349664705.3999995
2025-08-01 09:34:50 AM,3685.0,6,22110.0,349686815.3999995
2025-08-01 09:34:51 AM,3686.3,0,0.0,349686815.3999995
2025-08-01 09:34:51 AM,3686.3,84,309649.2,349996464.5999995
2025-08-01 09:34:51 AM,3686.4,0,0.0,349996464.5999995
2025-08-01 09:34:52 AM,3686.4,12,44236.8,350040701.3999995
2025-08-01 09:34:54 AM,3686.4,3,11059.2,350051760.5999995
2025-08-01 09:34:55 AM,3686.3,0,0.0,350051760.5999995
2025-08-01 09:34:55 AM,3686.3,20,73726.0,350125486.5999995
2025-08-01 09:34:56 AM,3686.3,1,3686.3,350129172.8999995
2025-08-01 09:34:56 AM,3686.3,15,55294.5,350184467.3999995
2025-08-01 09:34:57 AM,3686.3,38,140079.4,350324546.7999995
2025-08-01 09:34:58 AM,3686.3,3,11058.900000000001,350335605.69999945
2025-08-01 09:34:58 AM,3685.0,0,0.0,350335605.69999945
2025-08-01 09:34:59 AM,3684.9,190,700131.0,351035736.69999945
2025-08-01 09:35:00 AM,3684.3,36,132634.80000000002,351168371.49999946
2025-08-01 09:35:03 AM,3684.3,13,47895.9,351216267.39999944
2025-08-01 09:35:06 AM,3684.1,0,0.0,351216267.39999944
2025-08-01 09:35:10 AM,3684.0,145,534180.0,351750447.39999944
2025-08-01 09:35:11 AM,3683.1,0,0.0,351750447.39999944
2025-08-01 09:35:16 AM,3680.4,0,0.0,351750447.39999944
2025-08-01 09:35:17 AM,3680.3,402,1479480.6,353229927.99999946
2025-08-01 09:35:21 AM,3679.4,0,0.0,353229927.99999946
2025-08-01 09:35:24 AM,3679.0,286,1052194.0,354282121.99999946
2025-08-01 09:35:24 AM,3679.5,250,919875.0,355201996.99999946
2025-08-01 09:35:26 AM,3679.0,0,0.0,355201996.99999946
2025-08-01 09:35:31 AM,3677.0,0,0.0,355201996.99999946
2025-08-01 09:35:31 AM,3677.0,134,492718.0,355694714.99999946
2025-08-01 09:35:36 AM,3678.0,0,0.0,355694714.99999946
2025-08-01 09:35:38 AM,3678.5,135,496597.5,356191312.49999946
2025-08-01 09:35:41 AM,3677.0,0,0.0,356191312.49999946
2025-08-01 09:35:45 AM,3678.0,29,106662.0,356297974.49999946
2025-08-01 09:35:51 AM,3677.0,0,0.0,356297974.49999946
