date,price,qty,trnvr,cum_trnvr
2025-08-01 09:15:01 AM,107.2,47525,5094680.0,5094680.0
2025-08-01 09:15:02 AM,107.25,0,0.0,5094680.0
2025-08-01 09:15:03 AM,107.25,302,32389.5,5127069.5
2025-08-01 09:15:04 AM,107.25,161,17267.25,5144336.75
2025-08-01 09:15:04 AM,107.23,0,0.0,5144336.75
2025-08-01 09:15:05 AM,107.23,3415,366190.45,5510527.2
2025-08-01 09:15:06 AM,107.25,591,63384.75,5573911.95
2025-08-01 09:15:06 AM,107.13,0,0.0,5573911.95
2025-08-01 09:15:07 AM,107.2,5294,567516.8,6141428.75
2025-08-01 09:15:07 AM,107.24,2525,270781.0,6412209.75
2025-08-01 09:15:08 AM,107.14,1116,119568.24,6531777.99
2025-08-01 09:15:08 AM,107.09,0,0.0,6531777.99
2025-08-01 09:15:09 AM,107.18,31722,3399963.9600000004,9931741.950000001
2025-08-01 09:15:10 AM,107.05,1979,211851.94999999998,10143593.9
2025-08-01 09:15:10 AM,107.19,0,0.0,10143593.9
2025-08-01 09:15:11 AM,107.19,3757,402712.83,10546306.73
2025-08-01 09:15:12 AM,107.1,415,44446.5,10590753.23
2025-08-01 09:15:13 AM,107.01,239,25575.39,10616328.620000001
2025-08-01 09:15:14 AM,107.14,0,0.0,10616328.620000001
2025-08-01 09:15:14 AM,107.14,3015,323027.1,10939355.72
2025-08-01 09:15:15 AM,107.15,0,0.0,10939355.72
2025-08-01 09:15:15 AM,107.15,510,54646.5,10994002.22
2025-08-01 09:15:16 AM,107.16,1,107.16,10994109.38
2025-08-01 09:15:17 AM,107.18,0,0.0,10994109.38
2025-08-01 09:15:17 AM,107.18,3,321.54,10994430.92
2025-08-01 09:15:18 AM,107.14,0,0.0,10994430.92
2025-08-01 09:15:18 AM,107.14,249,26677.86,11021108.78
2025-08-01 09:15:19 AM,107.19,0,0.0,11021108.78
2025-08-01 09:15:19 AM,107.19,53,5681.07,11026789.85
2025-08-01 09:15:20 AM,107.21,0,0.0,11026789.85
2025-08-01 09:15:20 AM,107.21,252,27016.92,11053806.77
2025-08-01 09:15:21 AM,107.2,12849,1377412.8,12431219.57
2025-08-01 09:15:22 AM,107.21,1280,137228.8,12568448.370000001
2025-08-01 09:15:23 AM,107.21,128,13722.88,12582171.250000002
2025-08-01 09:15:24 AM,107.21,832,89198.72,12671369.970000003
2025-08-01 09:15:25 AM,107.23,463,49647.490000000005,12721017.460000003
2025-08-01 09:15:25 AM,107.24,0,0.0,12721017.460000003
2025-08-01 09:15:26 AM,107.21,10702,1147361.42,13868378.880000003
2025-08-01 09:15:26 AM,107.24,0,0.0,13868378.880000003
2025-08-01 09:15:27 AM,107.18,6156,659800.0800000001,14528178.960000003
2025-08-01 09:15:29 AM,107.3,0,0.0,14528178.960000003
2025-08-01 09:15:30 AM,107.29,22658,2430976.8200000003,16959155.78
2025-08-01 09:15:31 AM,107.19,0,0.0,16959155.78
2025-08-01 09:15:32 AM,107.29,900,96561.0,17055716.78
2025-08-01 09:15:32 AM,107.2,0,0.0,17055716.78
2025-08-01 09:15:33 AM,107.29,204,21887.16,17077603.94
2025-08-01 09:15:34 AM,107.32,100,10732.0,17088335.94
2025-08-01 09:15:35 AM,107.22,502,53824.44,17142160.380000003
2025-08-01 09:15:38 AM,107.31,308,33051.48,17175211.860000003
2025-08-01 09:15:39 AM,107.26,0,0.0,17175211.860000003
2025-08-01 09:15:40 AM,107.32,125,13415.0,17188626.860000003
2025-08-01 09:15:40 AM,107.26,0,0.0,17188626.860000003
2025-08-01 09:15:41 AM,107.32,500,53660.0,17242286.860000003
2025-08-01 09:15:41 AM,107.26,0,0.0,17242286.860000003
2025-08-01 09:15:42 AM,107.26,6475,694508.5,17936795.360000003
2025-08-01 09:15:42 AM,107.32,0,0.0,17936795.360000003
2025-08-01 09:15:43 AM,107.34,4305,462098.7,18398894.060000002
2025-08-01 09:15:43 AM,107.31,0,0.0,18398894.060000002
2025-08-01 09:15:44 AM,107.31,1026,110100.06,18508994.12
2025-08-01 09:15:44 AM,107.36,0,0.0,18508994.12
2025-08-01 09:15:45 AM,107.36,10000,1073600.0,19582594.12
2025-08-01 09:15:45 AM,107.32,0,0.0,19582594.12
2025-08-01 09:15:46 AM,107.32,1688,181156.15999999997,19763750.28
2025-08-01 09:15:47 AM,107.3,5185,556350.5,20320100.78
2025-08-01 09:15:48 AM,107.31,0,0.0,20320100.78
2025-08-01 09:15:49 AM,107.31,1150,123406.5,20443507.28
2025-08-01 09:15:49 AM,107.35,0,0.0,20443507.28
2025-08-01 09:15:49 AM,107.35,151,16209.849999999999,20459717.130000003
2025-08-01 09:15:51 AM,107.3,1620,173826.0,20633543.130000003
2025-08-01 09:15:53 AM,107.33,0,0.0,20633543.130000003
2025-08-01 09:15:54 AM,107.33,125,13416.25,20646959.380000003
2025-08-01 09:15:55 AM,107.2,9709,1040804.8,21687764.180000003
2025-08-01 09:15:56 AM,107.23,1454,155912.42,21843676.600000005
2025-08-01 09:15:56 AM,107.27,0,0.0,21843676.600000005
2025-08-01 09:15:57 AM,107.27,658,70583.66,21914260.260000005
2025-08-01 09:15:57 AM,107.16,0,0.0,21914260.260000005
2025-08-01 09:15:58 AM,107.16,6955,745297.7999999999,22659558.060000006
2025-08-01 09:15:59 AM,107.25,0,0.0,22659558.060000006
2025-08-01 09:16:01 AM,107.15,2738,293376.7,22952934.760000005
2025-08-01 09:16:03 AM,107.13,8942,957956.46,23910891.220000006
2025-08-01 09:16:05 AM,107.01,0,0.0,23910891.220000006
2025-08-01 09:16:09 AM,106.9,34002,3634813.8000000003,27545705.020000007
2025-08-01 09:16:10 AM,106.95,0,0.0,27545705.020000007
2025-08-01 09:16:11 AM,106.93,600,64158.00000000001,27609863.020000007
2025-08-01 09:16:13 AM,106.91,0,0.0,27609863.020000007
2025-08-01 09:16:17 AM,106.95,15856,1695799.2,29305662.220000006
2025-08-01 09:16:19 AM,107.09,3102,332193.18,29637855.400000006
2025-08-01 09:16:21 AM,107.05,0,0.0,29637855.400000006
2025-08-01 09:16:23 AM,107.12,0,0.0,29637855.400000006
2025-08-01 09:16:27 AM,107.11,2405,257599.55,29895454.950000007
2025-08-01 09:16:31 AM,107.15,0,0.0,29895454.950000007
2025-08-01 09:16:33 AM,107.12,0,0.0,29895454.950000007
2025-08-01 09:16:35 AM,107.12,11293,1209706.1600000001,31105161.110000007
2025-08-01 09:16:41 AM,107.02,0,0.0,31105161.110000007
2025-08-01 09:16:42 AM,107.0,2501,267607.0,31372768.110000007
2025-08-01 09:16:50 AM,107.1,8773,939588.2999999999,32312356.410000008
2025-08-01 09:16:59 AM,107.12,5207,557773.84,32870130.250000007
2025-08-01 09:17:00 AM,107.1,8843,947085.2999999999,33817215.550000004
2025-08-01 09:17:01 AM,107.12,0,0.0,33817215.550000004
2025-08-01 09:17:03 AM,107.1,0,0.0,33817215.550000004
2025-08-01 09:17:07 AM,107.17,13214,1416144.3800000001,35233359.93000001
2025-08-01 09:17:09 AM,107.14,0,0.0,35233359.93000001
2025-08-01 09:17:15 AM,107.21,4543,487055.02999999997,35720414.96000001
2025-08-01 09:17:16 AM,107.21,400,42884.0,35763298.96000001
2025-08-01 09:17:23 AM,107.2,4321,463211.2,36226510.16000001
2025-08-01 09:17:25 AM,107.19,38,4073.22,36230583.38000001
2025-08-01 09:17:28 AM,107.28,0,0.0,36230583.38000001
2025-08-01 09:17:32 AM,107.21,4712,505173.51999999996,36735756.90000001
2025-08-01 09:17:33 AM,107.21,4863,521362.23,37257119.13000001
2025-08-01 09:17:34 AM,107.24,0,0.0,37257119.13000001
2025-08-01 09:17:36 AM,107.27,0,0.0,37257119.13000001
2025-08-01 09:17:40 AM,107.28,13892,1490333.76,38747452.89000001
2025-08-01 09:17:41 AM,107.27,150,16090.5,38763543.39000001
2025-08-01 09:17:43 AM,107.3,0,0.0,38763543.39000001
2025-08-01 09:17:45 AM,107.32,0,0.0,38763543.39000001
2025-08-01 09:17:48 AM,107.36,6649,713836.64,39477380.03000001
2025-08-01 09:17:49 AM,107.36,6973,748621.28,40226001.31000001
2025-08-01 09:17:52 AM,107.3,0,0.0,40226001.31000001
2025-08-01 09:17:54 AM,107.27,0,0.0,40226001.31000001
2025-08-01 09:17:57 AM,107.28,28527,3060376.56,43286377.87000001
2025-08-01 09:18:01 AM,107.25,0,0.0,43286377.87000001
2025-08-01 09:18:03 AM,107.27,0,0.0,43286377.87000001
2025-08-01 09:18:05 AM,107.22,5366,575342.52,43861720.390000015
2025-08-01 09:18:06 AM,107.32,4040,433572.8,44295293.19000001
2025-08-01 09:18:08 AM,107.35,0,0.0,44295293.19000001
2025-08-01 09:18:10 AM,107.29,0,0.0,44295293.19000001
2025-08-01 09:18:13 AM,107.31,14448,1550414.8800000001,45845708.070000015
2025-08-01 09:18:15 AM,107.37,18418,1977540.6600000001,47823248.73000002
2025-08-01 09:18:18 AM,107.31,0,0.0,47823248.73000002
2025-08-01 09:18:22 AM,107.34,5048,541852.3200000001,48365101.05000002
2025-08-01 09:18:23 AM,107.35,500,53675.0,48418776.05000002
2025-08-01 09:18:24 AM,107.34,0,0.0,48418776.05000002
2025-08-01 09:18:26 AM,107.39,0,0.0,48418776.05000002
2025-08-01 09:18:30 AM,107.39,1806,193946.34,48612722.39000002
2025-08-01 09:18:31 AM,107.35,8,858.8,48613581.19000002
2025-08-01 09:18:34 AM,107.26,0,0.0,48613581.19000002
2025-08-01 09:18:38 AM,107.2,114225,12244920.0,60858501.19000002
2025-08-01 09:18:39 AM,107.28,2407,258222.96,61116724.15000002
2025-08-01 09:18:42 AM,107.22,0,0.0,61116724.15000002
2025-08-01 09:18:46 AM,107.24,15325,1643453.0,62760177.15000002
2025-08-01 09:18:47 AM,107.29,440,47207.600000000006,62807384.75000002
2025-08-01 09:18:50 AM,107.31,0,0.0,62807384.75000002
2025-08-01 09:18:54 AM,107.25,8900,954525.0,63761909.75000002
2025-08-01 09:18:56 AM,107.29,0,0.0,63761909.75000002
2025-08-01 09:19:02 AM,107.2,15680,1680896.0,65442805.75000002
2025-08-01 09:19:04 AM,107.15,0,0.0,65442805.75000002
2025-08-01 09:19:07 AM,107.25,0,0.0,65442805.75000002
2025-08-01 09:19:10 AM,107.26,12935,1387408.1,66830213.850000024
2025-08-01 09:19:12 AM,107.26,1160,124421.6,66954635.450000025
2025-08-01 09:19:12 AM,107.2,0,0.0,66954635.450000025
2025-08-01 09:19:14 AM,107.21,0,0.0,66954635.450000025
2025-08-01 09:19:18 AM,107.24,41723,4474374.52,71429009.97000003
2025-08-01 09:19:20 AM,107.22,76,8148.72,71437158.69000003
2025-08-01 09:19:22 AM,107.28,0,0.0,71437158.69000003
2025-08-01 09:19:27 AM,107.21,11304,1211901.8399999999,72649060.53000003
2025-08-01 09:19:27 AM,107.27,0,0.0,72649060.53000003
2025-08-01 09:19:28 AM,107.29,7374,791156.4600000001,73440216.99000002
2025-08-01 09:19:29 AM,107.23,0,0.0,73440216.99000002
2025-08-01 09:19:35 AM,107.23,6012,644666.76,74084883.75000003
2025-08-01 09:19:36 AM,107.25,100,10725.0,74095608.75000003
2025-08-01 09:19:37 AM,107.23,0,0.0,74095608.75000003
2025-08-01 09:19:42 AM,107.2,0,0.0,74095608.75000003
2025-08-01 09:19:43 AM,107.2,6452,691654.4,74787263.15000004
2025-08-01 09:19:44 AM,107.24,2181,233890.44,75021153.59000003
2025-08-01 09:19:51 AM,107.24,12399,1329668.76,76350822.35000004
2025-08-01 09:19:51 AM,107.28,0,0.0,76350822.35000004
2025-08-01 09:19:53 AM,107.3,178,19099.399999999998,76369921.75000004
2025-08-01 09:19:59 AM,107.3,3062,328552.6,76698474.35000004
2025-08-01 09:20:00 AM,107.32,2698,289549.36,76988023.71000004
2025-08-01 09:20:06 AM,107.27,0,0.0,76988023.71000004
2025-08-01 09:20:07 AM,107.27,26441,2836326.07,79824349.78000003
2025-08-01 09:20:08 AM,107.25,51279,5499672.75,85324022.53000003
2025-08-01 09:20:13 AM,107.2,0,0.0,85324022.53000003
2025-08-01 09:20:14 AM,107.22,0,0.0,85324022.53000003
2025-08-01 09:20:15 AM,107.22,8296,889497.12,86213519.65000004
2025-08-01 09:20:16 AM,107.22,809,86740.98,86300260.63000004
2025-08-01 09:20:20 AM,107.16,0,0.0,86300260.63000004
2025-08-01 09:20:22 AM,107.2,0,0.0,86300260.63000004
2025-08-01 09:20:23 AM,107.2,19331,2072283.2,88372543.83000004
2025-08-01 09:20:24 AM,107.21,452,48458.92,88421002.75000004
2025-08-01 09:20:27 AM,107.19,0,0.0,88421002.75000004
2025-08-01 09:20:30 AM,107.2,3259,349364.8,88770367.55000004
2025-08-01 09:20:32 AM,107.22,222,23802.84,88794170.39000005
2025-08-01 09:20:38 AM,107.22,619,66369.18,88860539.57000005
2025-08-01 09:20:40 AM,107.22,150,16083.0,88876622.57000005
2025-08-01 09:20:44 AM,107.24,0,0.0,88876622.57000005
2025-08-01 09:20:46 AM,107.24,5100,546924.0,89423546.57000005
2025-08-01 09:20:47 AM,107.18,0,0.0,89423546.57000005
2025-08-01 09:20:47 AM,107.18,3638,389920.84,89813467.41000006
2025-08-01 09:20:51 AM,107.15,0,0.0,89813467.41000006
2025-08-01 09:20:54 AM,107.18,9740,1043933.2000000001,90857400.61000006
2025-08-01 09:20:55 AM,107.2,11,1179.2,90858579.81000006
2025-08-01 09:20:58 AM,107.19,0,0.0,90858579.81000006
2025-08-01 09:21:01 AM,107.18,0,0.0,90858579.81000006
2025-08-01 09:21:03 AM,107.16,1117,119697.72,90978277.53000006
2025-08-01 09:21:05 AM,107.17,0,0.0,90978277.53000006
2025-08-01 09:21:07 AM,107.21,0,0.0,90978277.53000006
2025-08-01 09:21:09 AM,107.21,16348,1752669.0799999998,92730946.61000006
2025-08-01 09:21:14 AM,107.24,0,0.0,92730946.61000006
2025-08-01 09:21:17 AM,107.24,204,21876.96,92752823.57000005
2025-08-01 09:21:18 AM,107.24,10668,1144036.3199999998,93896859.89000005
2025-08-01 09:21:25 AM,107.19,6757,724282.83,94621142.72000004
2025-08-01 09:21:26 AM,107.23,2152,230758.96000000002,94851901.68000004
2025-08-01 09:21:28 AM,107.19,0,0.0,94851901.68000004
2025-08-01 09:21:33 AM,107.24,14379,1542003.96,96393905.64000003
2025-08-01 09:21:35 AM,107.17,0,0.0,96393905.64000003
2025-08-01 09:21:38 AM,107.2,0,0.0,96393905.64000003
2025-08-01 09:21:41 AM,107.19,8711,933732.09,97327637.73000003
2025-08-01 09:21:41 AM,107.2,8,857.6,97328495.33000003
2025-08-01 09:21:42 AM,107.19,0,0.0,97328495.33000003
2025-08-01 09:21:45 AM,107.18,0,0.0,97328495.33000003
2025-08-01 09:21:48 AM,107.19,5146,551599.74,97880095.07000002
2025-08-01 09:21:49 AM,107.15,1447,155046.05000000002,98035141.12000002
2025-08-01 09:21:51 AM,107.12,0,0.0,98035141.12000002
2025-08-01 09:21:54 AM,107.14,0,0.0,98035141.12000002
2025-08-01 09:21:56 AM,107.14,2302,246636.28,98281777.40000002
2025-08-01 09:21:58 AM,107.15,0,0.0,98281777.40000002
2025-08-01 09:22:02 AM,107.1,0,0.0,98281777.40000002
2025-08-01 09:22:03 AM,107.1,3285,351823.5,98633600.90000002
2025-08-01 09:22:04 AM,107.16,61,6536.76,98640137.66000003
2025-08-01 09:22:06 AM,107.11,0,0.0,98640137.66000003
2025-08-01 09:22:08 AM,107.16,0,0.0,98640137.66000003
2025-08-01 09:22:11 AM,107.16,8952,959296.32,99599433.98000002
2025-08-01 09:22:12 AM,107.16,35,3750.6,99603184.58000001
2025-08-01 09:22:19 AM,107.15,508,54432.200000000004,99657616.78000002
2025-08-01 09:22:19 AM,107.12,0,0.0,99657616.78000002
2025-08-01 09:22:20 AM,107.12,1000,107120.0,99764736.78000002
2025-08-01 09:22:22 AM,107.16,0,0.0,99764736.78000002
2025-08-01 09:22:26 AM,107.14,5685,609090.9,100373827.68000002
2025-08-01 09:22:30 AM,107.1,0,0.0,100373827.68000002
2025-08-01 09:22:34 AM,107.1,4280,458388.0,100832215.68000002
2025-08-01 09:22:34 AM,107.13,0,0.0,100832215.68000002
2025-08-01 09:22:35 AM,107.14,1001,107247.14,100939462.82000002
2025-08-01 09:22:43 AM,107.1,824,88250.4,101027713.22000003
2025-08-01 09:22:48 AM,107.16,0,0.0,101027713.22000003
2025-08-01 09:22:49 AM,107.1,16903,1810311.2999999998,102838024.52000003
2025-08-01 09:22:51 AM,107.11,14,1499.54,102839524.06000003
2025-08-01 09:22:54 AM,107.1,0,0.0,102839524.06000003
2025-08-01 09:22:57 AM,107.1,8399,899532.8999999999,103739056.96000004
2025-08-01 09:22:58 AM,107.11,801,85795.11,103824852.07000004
2025-08-01 09:23:00 AM,107.12,0,0.0,103824852.07000004
2025-08-01 09:23:03 AM,107.1,0,0.0,103824852.07000004
2025-08-01 09:23:04 AM,107.11,1126,120605.86,103945457.93000004
2025-08-01 09:23:06 AM,107.1,45,4819.5,103950277.43000004
2025-08-01 09:23:12 AM,107.11,2059,220539.49,104170816.92000003
2025-08-01 09:23:14 AM,107.11,1,107.11,104170924.03000003
2025-08-01 09:23:14 AM,107.09,0,0.0,104170924.03000003
2025-08-01 09:23:21 AM,107.1,3065,328261.5,104499185.53000003
2025-08-01 09:23:27 AM,107.09,402,43050.18,104542235.71000004
2025-08-01 09:23:28 AM,107.05,0,0.0,104542235.71000004
2025-08-01 09:23:29 AM,107.05,8138,871172.9,105413408.61000004
2025-08-01 09:23:35 AM,107.05,433,46352.65,105459761.26000005
2025-08-01 09:23:36 AM,107.05,430,46031.5,105505792.76000005
2025-08-01 09:23:36 AM,107.02,0,0.0,105505792.76000005
2025-08-01 09:23:41 AM,106.99,0,0.0,105505792.76000005
2025-08-01 09:23:42 AM,106.98,64212,6869399.760000001,112375192.52000006
2025-08-01 09:23:44 AM,106.98,1700,181866.0,112557058.52000006
2025-08-01 09:23:50 AM,106.98,1072,114682.56,112671741.08000006
2025-08-01 09:23:52 AM,106.98,632,67611.36,112739352.44000006
2025-08-01 09:23:54 AM,107.0,0,0.0,112739352.44000006
2025-08-01 09:23:58 AM,106.96,12253,1310580.88,114049933.32000005
2025-08-01 09:24:05 AM,106.99,2148,229814.52,114279747.84000005
2025-08-01 09:24:13 AM,106.92,4524,483706.08,114763453.92000005
2025-08-01 09:24:15 AM,106.92,700,74844.0,114838297.92000005
2025-08-01 09:24:20 AM,106.9,0,0.0,114838297.92000005
2025-08-01 09:24:21 AM,106.92,1356,144983.52,114983281.44000004
2025-08-01 09:24:22 AM,106.92,502,53673.840000000004,115036955.28000005
2025-08-01 09:24:28 AM,106.92,7008,749295.36,115786250.64000005
2025-08-01 09:24:30 AM,106.91,461,49285.51,115835536.15000005
2025-08-01 09:24:36 AM,106.91,2798,299134.18,116134670.33000006
2025-08-01 09:24:38 AM,106.91,2,213.82,116134884.15000005
2025-08-01 09:24:39 AM,106.9,0,0.0,116134884.15000005
2025-08-01 09:24:43 AM,106.85,7548,806503.7999999999,116941387.95000005
2025-08-01 09:24:44 AM,106.91,0,0.0,116941387.95000005
2025-08-01 09:24:45 AM,106.85,2061,220217.84999999998,117161605.80000004
2025-08-01 09:24:51 AM,106.9,111,11865.900000000001,117173471.70000005
2025-08-01 09:24:51 AM,106.89,0,0.0,117173471.70000005
2025-08-01 09:24:53 AM,106.9,1302,139183.80000000002,117312655.50000004
2025-08-01 09:24:57 AM,106.85,0,0.0,117312655.50000004
2025-08-01 09:24:58 AM,106.85,6880,735128.0,118047783.50000004
2025-08-01 09:25:00 AM,106.85,6,641.0999999999999,118048424.60000004
2025-08-01 09:25:05 AM,106.85,1596,170532.59999999998,118218957.20000003
2025-08-01 09:25:08 AM,106.8,6347,677859.6,118896816.80000003
2025-08-01 09:25:13 AM,106.84,2823,301609.32,119198426.12000002
2025-08-01 09:25:15 AM,106.84,623,66561.32,119264987.44000001
2025-08-01 09:25:21 AM,106.84,345,36859.8,119301847.24000001
2025-08-01 09:25:23 AM,106.8,3562,380421.6,119682268.84
2025-08-01 09:25:24 AM,106.77,0,0.0,119682268.84
2025-08-01 09:25:28 AM,106.81,2171,231884.51,119914153.35000001
2025-08-01 09:25:29 AM,106.79,0,0.0,119914153.35000001
2025-08-01 09:25:30 AM,106.75,1001,106856.75,120021010.10000001
2025-08-01 09:25:35 AM,106.76,0,0.0,120021010.10000001
2025-08-01 09:25:36 AM,106.76,3121,333197.96,120354208.06
2025-08-01 09:25:38 AM,106.79,133,14203.070000000002,120368411.13
2025-08-01 09:25:41 AM,106.76,0,0.0,120368411.13
2025-08-01 09:25:43 AM,106.76,3232,345048.32,120713459.44999999
2025-08-01 09:25:45 AM,106.8,587,62691.6,120776151.04999998
2025-08-01 09:25:51 AM,106.8,1240,132432.0,120908583.04999998
2025-08-01 09:25:53 AM,106.8,401,42826.799999999996,120951409.84999998
2025-08-01 09:25:58 AM,106.8,1267,135315.6,121086725.44999997
2025-08-01 09:25:59 AM,106.79,0,0.0,121086725.44999997
2025-08-01 09:25:59 AM,106.77,0,0.0,121086725.44999997
2025-08-01 09:26:00 AM,106.8,1074,114703.2,121201428.64999998
2025-08-01 09:26:06 AM,106.8,4012,428481.6,121629910.24999997
2025-08-01 09:26:08 AM,106.79,619,66103.01000000001,121696013.25999998
2025-08-01 09:26:12 AM,106.75,0,0.0,121696013.25999998
2025-08-01 09:26:13 AM,106.75,13996,1494073.0,123190086.25999998
2025-08-01 09:26:15 AM,106.75,105,11208.75,123201295.00999998
2025-08-01 09:26:18 AM,106.74,0,0.0,123201295.00999998
2025-08-01 09:26:21 AM,106.68,7068,754014.24,123955309.24999997
2025-08-01 09:26:23 AM,106.73,346,36928.58,123992237.82999997
2025-08-01 09:26:24 AM,106.68,0,0.0,123992237.82999997
2025-08-01 09:26:29 AM,106.67,5437,579964.79,124572202.61999997
2025-08-01 09:26:29 AM,106.65,0,0.0,124572202.61999997
2025-08-01 09:26:30 AM,106.69,0,0.0,124572202.61999997
2025-08-01 09:26:31 AM,106.68,140,14935.2,124587137.81999998
2025-08-01 09:26:34 AM,106.65,0,0.0,124587137.81999998
2025-08-01 09:26:37 AM,106.65,5445,580709.25,125167847.06999998
2025-08-01 09:26:39 AM,106.66,179,19092.14,125186939.20999998
2025-08-01 09:26:39 AM,106.7,0,0.0,125186939.20999998
2025-08-01 09:26:42 AM,106.8,0,0.0,125186939.20999998
2025-08-01 09:26:44 AM,106.75,15425,1646618.75,126833557.95999998
2025-08-01 09:26:48 AM,106.79,0,0.0,126833557.95999998
2025-08-01 09:26:52 AM,106.8,372,39729.6,126873287.55999997
2025-08-01 09:26:53 AM,106.77,55,5872.349999999999,126879159.90999997
2025-08-01 09:26:55 AM,106.8,0,0.0,126879159.90999997
2025-08-01 09:26:58 AM,106.77,0,0.0,126879159.90999997
2025-08-01 09:26:59 AM,106.83,3701,395377.83,127274537.73999996
2025-08-01 09:27:01 AM,106.83,1,106.83,127274644.56999996
2025-08-01 09:27:04 AM,106.8,0,0.0,127274644.56999996
2025-08-01 09:27:07 AM,106.77,162,17296.739999999998,127291941.30999996
2025-08-01 09:27:08 AM,106.8,202,21573.6,127313514.90999995
2025-08-01 09:27:09 AM,106.79,0,0.0,127313514.90999995
2025-08-01 09:27:14 AM,106.79,2660,284061.4,127597576.30999996
2025-08-01 09:27:16 AM,106.79,151,16125.29,127613701.59999996
2025-08-01 09:27:19 AM,106.77,0,0.0,127613701.59999996
2025-08-01 09:27:22 AM,106.83,7320,781995.6,128395697.19999996
2025-08-01 09:27:23 AM,106.83,46,4914.18,128400611.37999997
2025-08-01 09:27:25 AM,106.75,0,0.0,128400611.37999997
2025-08-01 09:27:28 AM,106.7,0,0.0,128400611.37999997
2025-08-01 09:27:29 AM,106.75,8842,943883.5,129344494.87999997
2025-08-01 09:27:30 AM,106.75,160,17080.0,129361574.87999997
2025-08-01 09:27:33 AM,106.7,0,0.0,129361574.87999997
2025-08-01 09:27:34 AM,106.74,0,0.0,129361574.87999997
2025-08-01 09:27:36 AM,106.73,945,100859.85,129462434.72999996
2025-08-01 09:27:38 AM,106.73,1,106.73,129462541.45999996
2025-08-01 09:27:38 AM,106.75,0,0.0,129462541.45999996
2025-08-01 09:27:44 AM,106.74,2299,245395.25999999998,129707936.71999997
2025-08-01 09:27:44 AM,106.75,0,0.0,129707936.71999997
2025-08-01 09:27:45 AM,106.75,100,10675.0,129718611.71999997
2025-08-01 09:27:49 AM,106.76,0,0.0,129718611.71999997
2025-08-01 09:27:52 AM,106.76,1532,163556.32,129882168.03999996
2025-08-01 09:27:53 AM,106.75,81,8646.75,129890814.78999996
2025-08-01 09:27:59 AM,106.72,7530,803601.6,130694416.38999996
2025-08-01 09:28:00 AM,106.73,0,0.0,130694416.38999996
2025-08-01 09:28:01 AM,106.73,101,10779.73,130705196.11999996
2025-08-01 09:28:07 AM,106.7,2355,251278.5,130956474.61999996
2025-08-01 09:28:09 AM,106.73,2,213.46,130956688.07999995
2025-08-01 09:28:12 AM,106.74,0,0.0,130956688.07999995
2025-08-01 09:28:15 AM,106.75,2662,284168.5,131240856.57999995
2025-08-01 09:28:16 AM,106.71,147,15686.369999999999,131256542.94999996
2025-08-01 09:28:19 AM,106.74,0,0.0,131256542.94999996
2025-08-01 09:28:23 AM,106.74,35,3735.8999999999996,131260278.84999996
2025-08-01 09:28:24 AM,106.69,0,0.0,131260278.84999996
2025-08-01 09:28:29 AM,106.68,0,0.0,131260278.84999996
2025-08-01 09:28:30 AM,106.69,9038,964264.22,132224543.06999996
2025-08-01 09:28:31 AM,106.65,1008,107503.20000000001,132332046.26999997
2025-08-01 09:28:34 AM,106.68,0,0.0,132332046.26999997
2025-08-01 09:28:38 AM,106.68,1138,121401.84000000001,132453448.10999997
2025-08-01 09:28:39 AM,106.68,1037,110627.16,132564075.26999997
2025-08-01 09:28:44 AM,106.67,0,0.0,132564075.26999997
2025-08-01 09:28:45 AM,106.66,6275,669291.5,133233366.76999997
2025-08-01 09:28:46 AM,106.67,0,0.0,133233366.76999997
2025-08-01 09:28:47 AM,106.67,32,3413.44,133236780.20999996
2025-08-01 09:28:50 AM,106.65,0,0.0,133236780.20999996
2025-08-01 09:28:53 AM,106.65,1664,177465.6,133414245.80999996
2025-08-01 09:28:54 AM,106.64,12,1279.68,133415525.48999996
2025-08-01 09:28:56 AM,106.65,0,0.0,133415525.48999996
2025-08-01 09:29:01 AM,106.67,1245,132804.15,133548329.63999997
2025-08-01 09:29:02 AM,106.65,0,0.0,133548329.63999997
2025-08-01 09:29:02 AM,106.65,330,35194.5,133583524.13999997
2025-08-01 09:29:08 AM,106.67,0,0.0,133583524.13999997
2025-08-01 09:29:08 AM,106.67,923,98456.41,133681980.54999997
2025-08-01 09:29:10 AM,106.67,1136,121177.12,133803157.66999997
2025-08-01 09:29:16 AM,106.65,697,74335.05,133877492.71999997
2025-08-01 09:29:17 AM,106.55,13118,1397722.9,135275215.61999997
2025-08-01 09:29:19 AM,106.52,0,0.0,135275215.61999997
2025-08-01 09:29:23 AM,106.5,4044,430686.0,135705901.61999997
2025-08-01 09:29:24 AM,106.52,0,0.0,135705901.61999997
2025-08-01 09:29:25 AM,106.61,7133,760449.13,136466350.74999997
2025-08-01 09:29:28 AM,106.56,0,0.0,136466350.74999997
2025-08-01 09:29:31 AM,106.55,2197,234090.35,136700441.09999996
2025-08-01 09:29:32 AM,106.55,2000,213100.0,136913541.09999996
2025-08-01 09:29:38 AM,106.57,0,0.0,136913541.09999996
2025-08-01 09:29:38 AM,106.57,297,31651.289999999997,136945192.38999996
2025-08-01 09:29:40 AM,106.57,2153,229445.21,137174637.59999996
2025-08-01 09:29:46 AM,106.58,11720,1249117.6,138423755.19999996
2025-08-01 09:29:47 AM,106.6,1010,107666.0,138531421.19999996
2025-08-01 09:29:49 AM,106.59,0,0.0,138531421.19999996
2025-08-01 09:29:53 AM,106.59,565,60223.35,138591644.54999995
2025-08-01 09:30:01 AM,106.59,7131,760093.29,139351737.83999994
2025-08-01 09:30:02 AM,106.59,11,1172.49,139352910.32999995
2025-08-01 09:30:06 AM,106.53,0,0.0,139352910.32999995
2025-08-01 09:30:09 AM,106.49,58302,6208579.9799999995,145561490.30999994
2025-08-01 09:30:14 AM,106.5,0,0.0,145561490.30999994
2025-08-01 09:30:16 AM,106.49,4755,506359.94999999995,146067850.25999993
2025-08-01 09:30:17 AM,106.49,8,851.92,146068702.17999992
2025-08-01 09:30:24 AM,106.49,2533,269739.17,146338441.3499999
2025-08-01 09:30:24 AM,106.49,1,106.49,146338547.8399999
2025-08-01 09:30:28 AM,106.47,0,0.0,146338547.8399999
2025-08-01 09:30:31 AM,106.47,2602,277034.94,146615582.7799999
2025-08-01 09:30:32 AM,106.48,2209,235214.32,146850797.0999999
2025-08-01 09:30:35 AM,106.56,0,0.0,146850797.0999999
2025-08-01 09:30:38 AM,106.48,46272,4927042.5600000005,151777839.6599999
2025-08-01 09:30:39 AM,106.54,1,106.54,151777946.1999999
2025-08-01 09:30:46 AM,106.53,2822,300627.66,152078573.8599999
2025-08-01 09:30:46 AM,106.53,52,5539.56,152084113.4199999
2025-08-01 09:30:53 AM,106.53,1009,107488.77,152191602.1899999
2025-08-01 09:31:00 AM,106.58,1741,185555.78,152377157.9699999
2025-08-01 09:31:03 AM,106.46,0,0.0,152377157.9699999
2025-08-01 09:31:06 AM,106.49,0,0.0,152377157.9699999
2025-08-01 09:31:08 AM,106.49,10365,1103768.8499999999,153480926.8199999
2025-08-01 09:31:08 AM,106.49,1071,114050.79,153594977.6099999
2025-08-01 09:31:10 AM,106.45,0,0.0,153594977.6099999
2025-08-01 09:31:15 AM,106.48,0,0.0,153594977.6099999
2025-08-01 09:31:15 AM,106.48,33073,3521613.04,157116590.6499999
2025-08-01 09:31:16 AM,106.48,5,532.4,157117123.0499999
2025-08-01 09:31:23 AM,106.45,4057,431867.65,157548990.6999999
2025-08-01 09:31:23 AM,106.47,0,0.0,157548990.6999999
2025-08-01 09:31:29 AM,106.45,0,0.0,157548990.6999999
2025-08-01 09:31:30 AM,106.47,716,76232.52,157625223.2199999
2025-08-01 09:31:35 AM,106.45,0,0.0,157625223.2199999
2025-08-01 09:31:37 AM,106.45,4014,427290.3,158052513.51999992
2025-08-01 09:31:37 AM,106.45,257,27357.65,158079871.16999993
2025-08-01 09:31:41 AM,106.47,0,0.0,158079871.16999993
2025-08-01 09:31:44 AM,106.47,1661,176846.66999999998,158256717.8399999
2025-08-01 09:31:51 AM,106.47,17048,1815100.56,160071818.39999992
2025-08-01 09:31:52 AM,106.49,0,0.0,160071818.39999992
2025-08-01 09:31:56 AM,106.5,0,0.0,160071818.39999992
2025-08-01 09:31:58 AM,106.5,1663,177109.5,160248927.89999992
2025-08-01 09:31:58 AM,106.5,292,31098.0,160280025.89999992
2025-08-01 09:32:05 AM,106.5,2735,291277.5,160571303.39999992
2025-08-01 09:32:12 AM,106.53,48039,5117594.67,165688898.0699999
2025-08-01 09:32:19 AM,106.6,0,0.0,165688898.0699999
2025-08-01 09:32:19 AM,106.6,910,97006.0,165785904.0699999
2025-08-01 09:32:19 AM,106.6,500,53300.0,165839204.0699999
2025-08-01 09:32:25 AM,106.66,0,0.0,165839204.0699999
2025-08-01 09:32:26 AM,106.66,4872,519647.51999999996,166358851.5899999
2025-08-01 09:32:31 AM,106.69,0,0.0,166358851.5899999
2025-08-01 09:32:33 AM,106.67,9679,1032458.93,167391310.51999992
2025-08-01 09:32:33 AM,106.71,288,30732.48,167422042.9999999
2025-08-01 09:32:37 AM,106.67,0,0.0,167422042.9999999
2025-08-01 09:32:37 AM,106.7,0,0.0,167422042.9999999
2025-08-01 09:32:39 AM,106.74,25933,2768088.42,170190131.4199999
2025-08-01 09:32:40 AM,106.74,883,94251.42,170284382.83999988
2025-08-01 09:32:43 AM,106.77,0,0.0,170284382.83999988
2025-08-01 09:32:43 AM,106.8,0,0.0,170284382.83999988
2025-08-01 09:32:47 AM,106.84,4044,432060.96,170716443.7999999
2025-08-01 09:32:47 AM,106.85,671,71696.34999999999,170788140.1499999
2025-08-01 09:32:49 AM,106.81,0,0.0,170788140.1499999
2025-08-01 09:32:49 AM,106.85,0,0.0,170788140.1499999
2025-08-01 09:32:54 AM,106.89,8482,906640.98,171694781.12999988
2025-08-01 09:33:00 AM,106.89,2804,299719.56,171994500.68999988
2025-08-01 09:33:01 AM,106.9,0,0.0,171994500.68999988
2025-08-01 09:33:01 AM,106.91,2559,273582.69,172268083.37999988
2025-08-01 09:33:01 AM,106.89,0,0.0,172268083.37999988
2025-08-01 09:33:07 AM,106.87,0,0.0,172268083.37999988
2025-08-01 09:33:08 AM,106.87,5940,634807.8,172902891.1799999
2025-08-01 09:33:14 AM,106.87,2538,271236.06,173174127.2399999
2025-08-01 09:33:18 AM,106.9,0,0.0,173174127.2399999
2025-08-01 09:33:18 AM,106.95,0,0.0,173174127.2399999
2025-08-01 09:33:21 AM,106.95,1843,197108.85,173371236.08999988
2025-08-01 09:33:23 AM,106.99,0,0.0,173371236.08999988
2025-08-01 09:33:23 AM,106.97,0,0.0,173371236.08999988
2025-08-01 09:33:28 AM,107.03,0,0.0,173371236.08999988
2025-08-01 09:33:28 AM,107.03,10324,1104977.72,174476213.80999988
2025-08-01 09:33:33 AM,106.98,0,0.0,174476213.80999988
2025-08-01 09:33:33 AM,107.03,0,0.0,174476213.80999988
2025-08-01 09:33:35 AM,107.01,10011,1071277.11,175547490.9199999
2025-08-01 09:33:38 AM,107.0,0,0.0,175547490.9199999
2025-08-01 09:33:42 AM,107.07,6468,692528.76,176240019.6799999
2025-08-01 09:33:43 AM,107.03,0,0.0,176240019.6799999
2025-08-01 09:33:49 AM,107.03,2317,247988.51,176488008.18999988
2025-08-01 09:33:51 AM,107.07,0,0.0,176488008.18999988
2025-08-01 09:33:53 AM,107.04,0,0.0,176488008.18999988
2025-08-01 09:33:56 AM,107.15,2356,252445.40000000002,176740453.58999988
2025-08-01 09:33:58 AM,107.1,0,0.0,176740453.58999988
2025-08-01 09:34:03 AM,107.09,0,0.0,176740453.58999988
2025-08-01 09:34:03 AM,107.09,10644,1139865.96,177880319.5499999
2025-08-01 09:34:08 AM,107.08,0,0.0,177880319.5499999
2025-08-01 09:34:10 AM,107.1,7452,798109.2,178678428.74999988
2025-08-01 09:34:13 AM,107.08,0,0.0,178678428.74999988
2025-08-01 09:34:15 AM,107.07,0,0.0,178678428.74999988
2025-08-01 09:34:17 AM,107.06,1211,129649.66,178808078.40999988
2025-08-01 09:34:17 AM,107.06,100,10706.0,178818784.40999988
2025-08-01 09:34:21 AM,107.05,0,0.0,178818784.40999988
2025-08-01 09:34:23 AM,107.0,0,0.0,178818784.40999988
2025-08-01 09:34:24 AM,107.02,9510,1017760.2,179836544.60999987
2025-08-01 09:34:30 AM,107.03,0,0.0,179836544.60999987
2025-08-01 09:34:31 AM,107.03,197,21084.91,179857629.51999986
2025-08-01 09:34:33 AM,107.0,0,0.0,179857629.51999986
2025-08-01 09:34:38 AM,106.98,7456,797642.88,180655272.39999986
2025-08-01 09:34:43 AM,106.95,0,0.0,180655272.39999986
2025-08-01 09:34:45 AM,106.94,0,0.0,180655272.39999986
2025-08-01 09:34:45 AM,106.94,819,87583.86,180742856.25999987
2025-08-01 09:34:48 AM,106.9,0,0.0,180742856.25999987
2025-08-01 09:34:52 AM,106.94,30257,3235683.58,183978539.83999988
2025-08-01 09:34:57 AM,106.89,0,0.0,183978539.83999988
2025-08-01 09:34:59 AM,106.9,0,0.0,183978539.83999988
2025-08-01 09:34:59 AM,106.9,5497,587629.3,184566169.1399999
2025-08-01 09:34:59 AM,106.9,29,3100.1000000000004,184569269.2399999
2025-08-01 09:35:06 AM,106.9,329,35170.1,184604439.33999988
2025-08-01 09:35:12 AM,106.87,0,0.0,184604439.33999988
2025-08-01 09:35:12 AM,106.85,0,0.0,184604439.33999988
2025-08-01 09:35:13 AM,106.85,4939,527732.15,185132171.4899999
2025-08-01 09:35:17 AM,106.81,0,0.0,185132171.4899999
2025-08-01 09:35:20 AM,106.85,22,2350.7,185134522.18999988
2025-08-01 09:35:20 AM,106.85,100,10685.0,185145207.18999988
2025-08-01 09:35:23 AM,106.82,0,0.0,185145207.18999988
2025-08-01 09:35:27 AM,106.82,7126,761199.32,185906406.50999987
2025-08-01 09:35:27 AM,106.85,111,11860.349999999999,185918266.85999987
2025-08-01 09:35:33 AM,106.84,0,0.0,185918266.85999987
2025-08-01 09:35:34 AM,106.82,1370,146343.4,186064610.25999987
2025-08-01 09:35:37 AM,106.84,0,0.0,186064610.25999987
2025-08-01 09:35:37 AM,106.82,0,0.0,186064610.25999987
2025-08-01 09:35:41 AM,106.85,253,27033.05,186091643.30999988
2025-08-01 09:35:42 AM,106.83,0,0.0,186091643.30999988
2025-08-01 09:35:47 AM,106.83,1823,194751.09,186286394.3999999
2025-08-01 09:35:48 AM,106.85,0,0.0,186286394.3999999
2025-08-01 09:35:54 AM,106.85,2624,280374.39999999997,186566768.7999999
2025-08-01 09:36:01 AM,106.85,1404,150017.4,186716786.1999999
2025-08-01 09:36:07 AM,106.83,3908,417491.64,187134277.83999988
2025-08-01 09:36:10 AM,106.84,0,0.0,187134277.83999988
2025-08-01 09:36:10 AM,106.82,0,0.0,187134277.83999988
2025-08-01 09:36:14 AM,106.8,0,0.0,187134277.83999988
2025-08-01 09:36:14 AM,106.8,19751,2109406.8,189243684.6399999
2025-08-01 09:36:14 AM,106.77,1000,106770.0,189350454.6399999
2025-08-01 09:36:18 AM,106.8,0,0.0,189350454.6399999
2025-08-01 09:36:21 AM,106.8,1416,151228.8,189501683.4399999
2025-08-01 09:36:22 AM,106.79,0,0.0,189501683.4399999
2025-08-01 09:36:26 AM,106.78,0,0.0,189501683.4399999
2025-08-01 09:36:27 AM,106.78,150,16017.0,189517700.4399999
2025-08-01 09:36:28 AM,106.78,531,56700.18,189574400.61999992
2025-08-01 09:36:29 AM,106.8,0,0.0,189574400.61999992
2025-08-01 09:36:34 AM,106.8,915,97722.0,189672122.61999992
2025-08-01 09:36:38 AM,106.78,0,0.0,189672122.61999992
2025-08-01 09:36:38 AM,106.86,0,0.0,189672122.61999992
2025-08-01 09:36:40 AM,106.8,14340,1531512.0,191203634.61999992
2025-08-01 09:36:40 AM,106.85,323,34512.549999999996,191238147.16999993
2025-08-01 09:36:46 AM,106.84,0,0.0,191238147.16999993
2025-08-01 09:36:46 AM,106.8,2631,280990.8,191519137.96999994
2025-08-01 09:36:50 AM,106.83,0,0.0,191519137.96999994
2025-08-01 09:36:53 AM,106.83,469,50103.27,191569241.23999995
2025-08-01 09:36:54 AM,106.84,0,0.0,191569241.23999995
2025-08-01 09:37:00 AM,106.84,1219,130237.96,191699479.19999996
2025-08-01 09:37:00 AM,106.84,10,1068.4,191700547.59999996
2025-08-01 09:37:02 AM,106.83,0,0.0,191700547.59999996
2025-08-01 09:37:02 AM,106.84,0,0.0,191700547.59999996
2025-08-01 09:37:06 AM,106.79,0,0.0,191700547.59999996
2025-08-01 09:37:06 AM,106.78,0,0.0,191700547.59999996
2025-08-01 09:37:07 AM,106.78,17253,1842275.34,193542822.93999997
2025-08-01 09:37:10 AM,106.77,0,0.0,193542822.93999997
2025-08-01 09:37:14 AM,106.77,1203,128444.31,193671267.24999997
2025-08-01 09:37:14 AM,106.75,315,33626.25,193704893.49999997
2025-08-01 09:37:16 AM,106.77,0,0.0,193704893.49999997
2025-08-01 09:37:21 AM,106.81,0,0.0,193704893.49999997
2025-08-01 09:37:21 AM,106.81,2137,228252.97,193933146.46999997
2025-08-01 09:37:22 AM,106.75,0,0.0,193933146.46999997
2025-08-01 09:37:26 AM,106.77,0,0.0,193933146.46999997
2025-08-01 09:37:27 AM,106.78,0,0.0,193933146.46999997
2025-08-01 09:37:28 AM,106.78,232,24772.96,193957919.42999998
2025-08-01 09:37:28 AM,106.79,150,16018.500000000002,193973937.92999998
2025-08-01 09:37:31 AM,106.81,0,0.0,193973937.92999998
2025-08-01 09:37:32 AM,106.77,0,0.0,193973937.92999998
2025-08-01 09:37:35 AM,106.77,473,50502.21,194024440.14
2025-08-01 09:37:35 AM,106.81,246,26275.260000000002,194050715.39999998
2025-08-01 09:37:40 AM,106.8,0,0.0,194050715.39999998
2025-08-01 09:37:40 AM,106.77,0,0.0,194050715.39999998
2025-08-01 09:37:42 AM,106.77,175,18684.75,194069400.14999998
2025-08-01 09:37:42 AM,106.81,9,961.29,194070361.43999997
2025-08-01 09:37:48 AM,106.82,1338,142925.16,194213286.59999996
2025-08-01 09:37:50 AM,106.84,0,0.0,194213286.59999996
2025-08-01 09:37:52 AM,106.82,0,0.0,194213286.59999996
2025-08-01 09:37:55 AM,106.85,2308,246609.8,194459896.39999998
2025-08-01 09:37:58 AM,106.82,0,0.0,194459896.39999998
2025-08-01 09:38:00 AM,106.83,0,0.0,194459896.39999998
2025-08-01 09:38:01 AM,106.8,7957,849807.6,195309703.99999997
2025-08-01 09:38:06 AM,106.79,0,0.0,195309703.99999997
2025-08-01 09:38:08 AM,106.8,0,0.0,195309703.99999997
2025-08-01 09:38:08 AM,106.8,2892,308865.6,195618569.59999996
2025-08-01 09:38:14 AM,106.78,0,0.0,195618569.59999996
2025-08-01 09:38:15 AM,106.78,827,88307.06,195706876.65999997
2025-08-01 09:38:18 AM,106.79,0,0.0,195706876.65999997
2025-08-01 09:38:22 AM,106.78,901,96208.78,195803085.43999997
2025-08-01 09:38:24 AM,106.8,0,0.0,195803085.43999997
2025-08-01 09:38:28 AM,106.78,0,0.0,195803085.43999997
2025-08-01 09:38:29 AM,106.8,0,0.0,195803085.43999997
2025-08-01 09:38:29 AM,106.8,618,66002.4,195869087.83999997
2025-08-01 09:38:32 AM,106.77,0,0.0,195869087.83999997
2025-08-01 09:38:35 AM,106.79,3526,376541.54000000004,196245629.37999997
2025-08-01 09:38:42 AM,106.78,1365,145754.7,196391384.07999995
2025-08-01 09:38:42 AM,106.78,2,213.56,196391597.63999996
2025-08-01 09:38:42 AM,106.79,0,0.0,196391597.63999996
2025-08-01 09:38:49 AM,106.79,691,73791.89,196465389.52999994
2025-08-01 09:38:50 AM,106.78,0,0.0,196465389.52999994
2025-08-01 09:38:55 AM,106.78,4227,451359.06,196916748.58999994
2025-08-01 09:39:02 AM,106.77,8197,875193.69,197791942.27999994
2025-08-01 09:39:02 AM,106.72,2000,213440.0,198005382.27999994
2025-08-01 09:39:08 AM,106.75,0,0.0,198005382.27999994
2025-08-01 09:39:09 AM,106.75,1335,142511.25,198147893.52999994
2025-08-01 09:39:13 AM,106.73,0,0.0,198147893.52999994
2025-08-01 09:39:16 AM,106.75,1910,203892.5,198351786.02999994
2025-08-01 09:39:22 AM,106.75,1846,197060.5,198548846.52999994
2025-08-01 09:39:24 AM,106.73,0,0.0,198548846.52999994
2025-08-01 09:39:27 AM,106.74,0,0.0,198548846.52999994
2025-08-01 09:39:29 AM,106.74,824,87953.76,198636800.28999993
2025-08-01 09:39:29 AM,106.75,500,53375.0,198690175.28999993
2025-08-01 09:39:31 AM,106.74,0,0.0,198690175.28999993
2025-08-01 09:39:36 AM,106.74,726,77493.23999999999,198767668.52999994
2025-08-01 09:39:42 AM,106.74,1579,168542.46,198936210.98999995
2025-08-01 09:39:42 AM,106.74,28,2988.72,198939199.70999995
2025-08-01 09:39:43 AM,106.73,0,0.0,198939199.70999995
2025-08-01 09:39:47 AM,106.74,0,0.0,198939199.70999995
2025-08-01 09:39:49 AM,106.74,10849,1158022.26,200097221.96999994
2025-08-01 09:39:56 AM,106.73,836,89226.28,200186448.24999994
2025-08-01 09:40:02 AM,106.73,25,2668.25,200189116.49999994
2025-08-01 09:40:02 AM,106.73,100,10673.0,200199789.49999994
2025-08-01 09:40:07 AM,106.71,0,0.0,200199789.49999994
2025-08-01 09:40:08 AM,106.71,108,11524.679999999998,200211314.17999995
2025-08-01 09:40:09 AM,106.73,450,48028.5,200259342.67999995
2025-08-01 09:40:15 AM,106.73,215,22946.95,200282289.62999994
2025-08-01 09:40:16 AM,106.73,252,26895.960000000003,200309185.58999994
2025-08-01 09:40:19 AM,106.72,0,0.0,200309185.58999994
2025-08-01 09:40:21 AM,106.73,0,0.0,200309185.58999994
2025-08-01 09:40:21 AM,106.73,608,64891.840000000004,200374077.42999995
2025-08-01 09:40:22 AM,106.74,1000,106740.0,200480817.42999995
2025-08-01 09:40:28 AM,106.74,1041,111116.34,200591933.76999995
2025-08-01 09:40:31 AM,106.75,0,0.0,200591933.76999995
2025-08-01 09:40:34 AM,106.58,0,0.0,200591933.76999995
2025-08-01 09:40:35 AM,106.58,69726,7431397.08,208023330.84999996
2025-08-01 09:40:35 AM,106.55,7124,759062.2,208782393.04999995
2025-08-01 09:40:39 AM,106.61,0,0.0,208782393.04999995
2025-08-01 09:40:41 AM,106.74,4733,505200.42,209287593.46999994
2025-08-01 09:40:42 AM,106.74,5,533.6999999999999,209288127.16999993
2025-08-01 09:40:46 AM,106.7,0,0.0,209288127.16999993
2025-08-01 09:40:48 AM,106.7,100,10670.0,209298797.16999993
2025-08-01 09:40:48 AM,106.71,50,5335.5,209304132.66999993
2025-08-01 09:40:50 AM,106.82,0,0.0,209304132.66999993
2025-08-01 09:40:54 AM,106.85,3807,406777.94999999995,209710910.61999992
2025-08-01 09:41:01 AM,106.85,888,94882.79999999999,209805793.41999993
2025-08-01 09:41:08 AM,106.86,8771,937269.0599999999,210743062.47999993
2025-08-01 09:41:10 AM,106.88,0,0.0,210743062.47999993
2025-08-01 09:41:11 AM,106.9,0,0.0,210743062.47999993
2025-08-01 09:41:14 AM,106.83,33162,3542696.46,214285758.93999994
2025-08-01 09:41:15 AM,106.84,0,0.0,214285758.93999994
2025-08-01 09:41:15 AM,106.87,682,72885.34,214358644.27999994
2025-08-01 09:41:18 AM,106.86,0,0.0,214358644.27999994
2025-08-01 09:41:21 AM,106.86,5157,551077.02,214909721.29999995
2025-08-01 09:41:22 AM,106.89,500,53445.0,214963166.29999995
2025-08-01 09:41:22 AM,106.83,0,0.0,214963166.29999995
2025-08-01 09:41:26 AM,106.87,0,0.0,214963166.29999995
2025-08-01 09:41:28 AM,106.9,13884,1484199.6,216447365.89999995
2025-08-01 09:41:30 AM,106.94,0,0.0,216447365.89999995
2025-08-01 09:41:34 AM,106.93,1017,108747.81000000001,216556113.70999995
2025-08-01 09:41:34 AM,106.9,0,0.0,216556113.70999995
2025-08-01 09:41:35 AM,106.9,150,16035.0,216572148.70999995
2025-08-01 09:41:41 AM,106.95,6135,656138.25,217228286.95999995
2025-08-01 09:41:43 AM,106.93,0,0.0,217228286.95999995
2025-08-01 09:41:46 AM,106.95,0,0.0,217228286.95999995
2025-08-01 09:41:48 AM,106.95,1383,147911.85,217376198.80999994
2025-08-01 09:41:48 AM,106.82,33066,3532110.1199999996,220908308.92999995
2025-08-01 09:41:54 AM,106.88,1865,199331.19999999998,221107640.12999994
2025-08-01 09:41:55 AM,106.88,10,1068.8,221108708.92999995
2025-08-01 09:42:00 AM,106.88,4152,443765.76,221552474.68999994
2025-08-01 09:42:01 AM,106.9,623,66598.7,221619073.38999993
2025-08-01 09:42:02 AM,106.91,0,0.0,221619073.38999993
2025-08-01 09:42:06 AM,106.9,0,0.0,221619073.38999993
2025-08-01 09:42:07 AM,106.9,2860,305734.0,221924807.38999993
2025-08-01 09:42:08 AM,106.88,8,855.04,221925662.42999992
2025-08-01 09:42:11 AM,106.93,0,0.0,221925662.42999992
2025-08-01 09:42:14 AM,106.96,2769,296172.24,222221834.66999993
2025-08-01 09:42:15 AM,106.97,486,51987.42,222273822.0899999
2025-08-01 09:42:19 AM,106.96,0,0.0,222273822.0899999
2025-08-01 09:42:20 AM,106.94,0,0.0,222273822.0899999
2025-08-01 09:42:20 AM,106.94,1402,149929.88,222423751.9699999
2025-08-01 09:42:23 AM,106.95,0,0.0,222423751.9699999
2025-08-01 09:42:27 AM,106.94,648,69297.12,222493049.0899999
2025-08-01 09:42:28 AM,106.92,575,61479.0,222554528.0899999
2025-08-01 09:42:33 AM,106.94,0,0.0,222554528.0899999
2025-08-01 09:42:33 AM,106.95,1098,117431.1,222671959.1899999
2025-08-01 09:42:34 AM,106.95,111,11871.45,222683830.6399999
2025-08-01 09:42:40 AM,106.95,1365,145986.75,222829817.3899999
2025-08-01 09:42:41 AM,106.95,258,27593.100000000002,222857410.4899999
2025-08-01 09:42:44 AM,106.92,0,0.0,222857410.4899999
2025-08-01 09:42:46 AM,106.92,11272,1205202.24,224062612.7299999
2025-08-01 09:42:49 AM,106.93,0,0.0,224062612.7299999
2025-08-01 09:42:52 AM,106.92,0,0.0,224062612.7299999
2025-08-01 09:42:53 AM,106.92,152,16251.84,224078864.5699999
2025-08-01 09:42:54 AM,106.91,1485,158761.35,224237625.9199999
2025-08-01 09:42:56 AM,106.92,0,0.0,224237625.9199999
2025-08-01 09:42:59 AM,106.97,4947,529180.59,224766806.5099999
2025-08-01 09:43:00 AM,106.99,7,748.93,224767555.4399999
2025-08-01 09:43:05 AM,106.99,858,91797.42,224859352.8599999
2025-08-01 09:43:06 AM,106.99,1,106.99,224859459.8499999
2025-08-01 09:43:08 AM,107.0,0,0.0,224859459.8499999
2025-08-01 09:43:12 AM,107.0,10521,1125747.0,225985206.8499999
2025-08-01 09:43:19 AM,107.0,326,34882.0,226020088.8499999
2025-08-01 09:43:20 AM,106.98,5,534.9,226020623.7499999
2025-08-01 09:43:21 AM,107.0,0,0.0,226020623.7499999
2025-08-01 09:43:25 AM,106.97,0,0.0,226020623.7499999
2025-08-01 09:43:26 AM,106.97,10122,1082750.34,227103374.0899999
2025-08-01 09:43:27 AM,106.97,20,2139.4,227105513.48999992
2025-08-01 09:43:32 AM,106.98,1811,193740.78,227299254.26999992
2025-08-01 09:43:36 AM,106.96,0,0.0,227299254.26999992
2025-08-01 09:43:37 AM,107.0,0,0.0,227299254.26999992
2025-08-01 09:43:39 AM,107.0,1322,141454.0,227440708.26999992
2025-08-01 09:43:44 AM,106.98,0,0.0,227440708.26999992
2025-08-01 09:43:45 AM,107.0,8280,885960.0,228326668.26999992
2025-08-01 09:43:46 AM,107.0,5,535.0,228327203.26999992
2025-08-01 09:43:52 AM,107.0,368,39376.0,228366579.26999992
2025-08-01 09:43:53 AM,107.0,6696,716472.0,229083051.26999992
2025-08-01 09:43:57 AM,106.92,0,0.0,229083051.26999992
2025-08-01 09:43:58 AM,106.96,6374,681763.0399999999,229764814.3099999
2025-08-01 09:43:59 AM,106.95,9,962.5500000000001,229765776.85999992
2025-08-01 09:44:05 AM,106.9,0,0.0,229765776.85999992
2025-08-01 09:44:05 AM,106.9,661,70660.90000000001,229836437.75999993
2025-08-01 09:44:06 AM,106.9,263,28114.7,229864552.45999992
2025-08-01 09:44:09 AM,106.93,0,0.0,229864552.45999992
2025-08-01 09:44:12 AM,106.85,4489,479649.64999999997,230344202.10999992
2025-08-01 09:44:17 AM,106.89,0,0.0,230344202.10999992
2025-08-01 09:44:19 AM,106.9,0,0.0,230344202.10999992
2025-08-01 09:44:19 AM,106.9,5002,534713.8,230878915.90999994
2025-08-01 09:44:20 AM,106.9,199,21273.100000000002,230900189.00999993
2025-08-01 09:44:21 AM,106.89,0,0.0,230900189.00999993
2025-08-01 09:44:25 AM,106.89,316,33777.24,230933966.24999994
2025-08-01 09:44:29 AM,106.88,0,0.0,230933966.24999994
2025-08-01 09:44:31 AM,106.88,853,91168.64,231025134.88999993
2025-08-01 09:44:32 AM,106.86,500,53430.0,231078564.88999993
2025-08-01 09:44:33 AM,106.88,0,0.0,231078564.88999993
2025-08-01 09:44:35 AM,106.8,0,0.0,231078564.88999993
2025-08-01 09:44:37 AM,106.86,0,0.0,231078564.88999993
2025-08-01 09:44:38 AM,106.86,6306,673859.16,231752424.04999992
2025-08-01 09:44:39 AM,106.85,20,2137.0,231754561.04999992
2025-08-01 09:44:44 AM,106.83,2073,221458.59,231976019.63999993
2025-08-01 09:44:45 AM,106.83,83,8866.89,231984886.5299999
2025-08-01 09:44:47 AM,106.82,0,0.0,231984886.5299999
2025-08-01 09:44:49 AM,106.81,0,0.0,231984886.5299999
2025-08-01 09:44:50 AM,106.83,0,0.0,231984886.5299999
2025-08-01 09:44:51 AM,106.83,3358,358735.14,232343621.6699999
2025-08-01 09:44:52 AM,106.83,320,34185.6,232377807.2699999
2025-08-01 09:44:52 AM,106.81,0,0.0,232377807.2699999
2025-08-01 09:44:55 AM,106.84,0,0.0,232377807.2699999
2025-08-01 09:44:57 AM,106.85,3507,374722.94999999995,232752530.21999988
2025-08-01 09:45:01 AM,106.88,0,0.0,232752530.21999988
2025-08-01 09:45:03 AM,106.83,0,0.0,232752530.21999988
2025-08-01 09:45:04 AM,106.83,6737,719713.71,233472243.9299999
2025-08-01 09:45:11 AM,106.8,4150,443220.0,233915463.9299999
2025-08-01 09:45:11 AM,106.78,0,0.0,233915463.9299999
2025-08-01 09:45:12 AM,106.81,749,80000.69,233995464.6199999
2025-08-01 09:45:17 AM,106.81,3038,324488.78,234319953.3999999
2025-08-01 09:45:19 AM,106.81,456,48705.36,234368658.7599999
2025-08-01 09:45:21 AM,106.8,0,0.0,234368658.7599999
2025-08-01 09:45:23 AM,106.8,364,38875.2,234407533.9599999
2025-08-01 09:45:25 AM,106.8,716,76468.8,234484002.7599999
2025-08-01 09:45:29 AM,106.79,0,0.0,234484002.7599999
2025-08-01 09:45:30 AM,106.79,5701,608809.79,235092812.5499999
2025-08-01 09:45:33 AM,106.74,0,0.0,235092812.5499999
2025-08-01 09:45:34 AM,106.79,0,0.0,235092812.5499999
2025-08-01 09:45:36 AM,106.78,1976,210997.28,235303809.8299999
2025-08-01 09:45:38 AM,106.78,8,854.24,235304664.0699999
2025-08-01 09:45:43 AM,106.79,1399,149399.21000000002,235454063.2799999
2025-08-01 09:45:44 AM,106.79,2,213.58,235454276.85999992
2025-08-01 09:45:45 AM,106.78,0,0.0,235454276.85999992
2025-08-01 09:45:49 AM,106.76,1127,120318.52,235574595.37999994
2025-08-01 09:45:52 AM,106.78,0,0.0,235574595.37999994
2025-08-01 09:45:55 AM,106.77,0,0.0,235574595.37999994
2025-08-01 09:45:57 AM,106.78,2118,226160.04,235800755.41999993
2025-08-01 09:45:58 AM,106.76,0,0.0,235800755.41999993
2025-08-01 09:46:02 AM,106.78,545,58195.1,235858950.51999992
2025-08-01 09:46:03 AM,106.76,0,0.0,235858950.51999992
2025-08-01 09:46:03 AM,106.76,60,6405.6,235865356.11999992
2025-08-01 09:46:07 AM,106.78,0,0.0,235865356.11999992
2025-08-01 09:46:09 AM,106.78,344,36732.32,235902088.4399999
2025-08-01 09:46:09 AM,106.76,0,0.0,235902088.4399999
2025-08-01 09:46:10 AM,106.76,1,106.76,235902195.1999999
2025-08-01 09:46:13 AM,106.78,0,0.0,235902195.1999999
2025-08-01 09:46:13 AM,106.76,0,0.0,235902195.1999999
2025-08-01 09:46:15 AM,106.78,464,49545.92,235951741.1199999
2025-08-01 09:46:18 AM,106.77,0,0.0,235951741.1199999
2025-08-01 09:46:22 AM,106.77,8715,930500.5499999999,236882241.6699999
2025-08-01 09:46:27 AM,106.75,0,0.0,236882241.6699999
2025-08-01 09:46:28 AM,106.75,5,533.75,236882775.4199999
2025-08-01 09:46:31 AM,106.77,0,0.0,236882775.4199999
2025-08-01 09:46:35 AM,106.77,319,34059.63,236916835.0499999
2025-08-01 09:46:35 AM,106.75,0,0.0,236916835.0499999
2025-08-01 09:46:36 AM,106.71,7664,817825.44,237734660.4899999
2025-08-01 09:46:38 AM,106.73,0,0.0,237734660.4899999
2025-08-01 09:46:41 AM,106.74,4285,457380.89999999997,238192041.3899999
2025-08-01 09:46:42 AM,106.75,0,0.0,238192041.3899999
2025-08-01 09:46:43 AM,106.75,6,640.5,238192681.8899999
2025-08-01 09:46:49 AM,106.73,20,2134.6,238194816.4899999
2025-08-01 09:46:53 AM,106.75,24,2562.0,238197378.4899999
2025-08-01 09:46:54 AM,106.73,0,0.0,238197378.4899999
2025-08-01 09:46:54 AM,106.72,0,0.0,238197378.4899999
2025-08-01 09:46:55 AM,106.72,917,97862.24,238295240.7299999
2025-08-01 09:46:58 AM,106.74,0,0.0,238295240.7299999
2025-08-01 09:46:59 AM,106.73,0,0.0,238295240.7299999
2025-08-01 09:47:00 AM,106.73,2599,277391.27,238572631.9999999
2025-08-01 09:47:01 AM,106.74,14,1494.36,238574126.35999992
2025-08-01 09:47:03 AM,106.75,0,0.0,238574126.35999992
2025-08-01 09:47:06 AM,106.75,2601,277656.75,238851783.10999992
2025-08-01 09:47:10 AM,106.78,0,0.0,238851783.10999992
2025-08-01 09:47:12 AM,106.76,1122,119784.72,238971567.82999992
2025-08-01 09:47:14 AM,106.78,0,0.0,238971567.82999992
2025-08-01 09:47:14 AM,106.78,492,52535.76,239024103.5899999
2025-08-01 09:47:18 AM,106.76,0,0.0,239024103.5899999
2025-08-01 09:47:18 AM,106.76,501,53486.76,239077590.3499999
2025-08-01 09:47:18 AM,106.78,0,0.0,239077590.3499999
2025-08-01 09:47:20 AM,106.78,260,27762.8,239105353.14999992
2025-08-01 09:47:22 AM,106.76,0,0.0,239105353.14999992
2025-08-01 09:47:24 AM,106.76,508,54234.08,239159587.22999993
2025-08-01 09:47:26 AM,106.78,0,0.0,239159587.22999993
2025-08-01 09:47:26 AM,106.75,5948,634949.0,239794536.22999993
2025-08-01 09:47:27 AM,106.76,0,0.0,239794536.22999993
2025-08-01 09:47:31 AM,106.75,0,0.0,239794536.22999993
2025-08-01 09:47:33 AM,106.75,2289,244350.75,240038886.97999993
2025-08-01 09:47:36 AM,106.76,0,0.0,240038886.97999993
2025-08-01 09:47:37 AM,106.75,3925,418993.75,240457880.72999993
2025-08-01 09:47:40 AM,106.75,2300,245525.0,240703405.72999993
2025-08-01 09:47:42 AM,106.77,0,0.0,240703405.72999993
2025-08-01 09:47:44 AM,106.75,0,0.0,240703405.72999993
2025-08-01 09:47:44 AM,106.75,626,66825.5,240770231.22999993
2025-08-01 09:47:46 AM,106.79,1619,172893.01,240943124.23999992
2025-08-01 09:47:51 AM,106.79,50,5339.5,240948463.73999992
2025-08-01 09:47:53 AM,106.79,10,1067.9,240949531.63999993
2025-08-01 09:47:56 AM,106.8,0,0.0,240949531.63999993
2025-08-01 09:47:57 AM,106.8,150,16020.0,240965551.63999993
2025-08-01 09:47:59 AM,106.79,0,0.0,240965551.63999993
2025-08-01 09:48:00 AM,106.79,1285,137225.15,241102776.78999993
2025-08-01 09:48:04 AM,106.82,0,0.0,241102776.78999993
2025-08-01 09:48:04 AM,106.82,208,22218.559999999998,241124995.34999993
2025-08-01 09:48:06 AM,106.79,13,1388.27,241126383.61999995
2025-08-01 09:48:09 AM,106.75,0,0.0,241126383.61999995
2025-08-01 09:48:09 AM,106.8,0,0.0,241126383.61999995
2025-08-01 09:48:10 AM,106.8,6772,723249.6,241849633.21999994
2025-08-01 09:48:12 AM,106.76,0,0.0,241849633.21999994
2025-08-01 09:48:13 AM,106.76,7,747.32,241850380.53999993
2025-08-01 09:48:17 AM,106.8,11,1174.8,241851555.33999994
2025-08-01 09:48:19 AM,106.8,1706,182200.8,242033756.13999996
2025-08-01 09:48:23 AM,106.8,400,42720.0,242076476.13999996
2025-08-01 09:48:29 AM,106.81,0,0.0,242076476.13999996
2025-08-01 09:48:29 AM,106.82,0,0.0,242076476.13999996
2025-08-01 09:48:30 AM,106.82,319,34075.579999999994,242110551.71999997
2025-08-01 09:48:32 AM,106.8,1798,192026.4,242302578.11999997
2025-08-01 09:48:33 AM,106.82,0,0.0,242302578.11999997
2025-08-01 09:48:36 AM,106.83,2021,215903.43,242518481.54999998
2025-08-01 09:48:41 AM,106.87,0,0.0,242518481.54999998
2025-08-01 09:48:42 AM,106.87,1507,161053.09,242679534.64
2025-08-01 09:48:44 AM,106.88,0,0.0,242679534.64
2025-08-01 09:48:45 AM,106.88,336,35911.68,242715446.32
2025-08-01 09:48:49 AM,106.9,0,0.0,242715446.32
2025-08-01 09:48:49 AM,106.9,320,34208.0,242749654.32
2025-08-01 09:48:49 AM,106.92,0,0.0,242749654.32
2025-08-01 09:48:53 AM,106.95,0,0.0,242749654.32
2025-08-01 09:48:55 AM,106.97,759,81190.23,242830844.54999998
2025-08-01 09:48:57 AM,106.98,0,0.0,242830844.54999998
2025-08-01 09:48:58 AM,106.98,2,213.96,242831058.51
2025-08-01 09:49:02 AM,106.98,3853,412193.94,243243252.45
2025-08-01 09:49:04 AM,106.99,428,45791.72,243289044.17
2025-08-01 09:49:10 AM,106.98,25,2674.5,243291718.67
2025-08-01 09:49:14 AM,106.98,687,73495.26000000001,243365213.92999998
2025-08-01 09:49:17 AM,106.98,12,1283.76,243366497.68999997
2025-08-01 09:49:20 AM,107.0,2933,313831.0,243680328.68999997
2025-08-01 09:49:23 AM,107.0,11,1177.0,243681505.68999997
2025-08-01 09:49:23 AM,106.98,0,0.0,243681505.68999997
2025-08-01 09:49:26 AM,106.98,1938,207327.24000000002,243888832.92999998
2025-08-01 09:49:29 AM,106.98,2128,227653.44,244116486.36999997
2025-08-01 09:49:32 AM,106.97,0,0.0,244116486.36999997
2025-08-01 09:49:32 AM,106.96,0,0.0,244116486.36999997
2025-08-01 09:49:33 AM,106.96,15641,1672961.3599999999,245789447.73
2025-08-01 09:49:35 AM,106.95,681,72832.95,245862280.67999998
2025-08-01 09:49:38 AM,106.92,0,0.0,245862280.67999998
2025-08-01 09:49:39 AM,106.92,450,48114.0,245910394.67999998
2025-08-01 09:49:41 AM,106.95,0,0.0,245910394.67999998
2025-08-01 09:49:42 AM,106.95,791,84597.45,245994992.12999997
2025-08-01 09:49:47 AM,106.91,0,0.0,245994992.12999997
2025-08-01 09:49:48 AM,106.91,525,56127.75,246051119.87999997
2025-08-01 09:49:50 AM,106.92,0,0.0,246051119.87999997
2025-08-01 09:49:51 AM,106.91,755,80717.05,246131836.92999998
2025-08-01 09:49:53 AM,106.9,0,0.0,246131836.92999998
2025-08-01 09:49:54 AM,106.88,9137,976562.5599999999,247108399.48999998
2025-08-01 09:49:57 AM,106.89,0,0.0,247108399.48999998
2025-08-01 09:49:58 AM,106.9,1098,117376.20000000001,247225775.68999997
2025-08-01 09:50:00 AM,106.84,0,0.0,247225775.68999997
2025-08-01 09:50:01 AM,106.88,1132,120988.15999999999,247346763.84999996
2025-08-01 09:50:04 AM,106.85,0,0.0,247346763.84999996
2025-08-01 09:50:04 AM,106.83,2550,272416.5,247619180.34999996
2025-08-01 09:50:04 AM,106.85,0,0.0,247619180.34999996
2025-08-01 09:50:07 AM,106.85,1,106.85,247619287.19999996
2025-08-01 09:50:10 AM,106.75,0,0.0,247619287.19999996
2025-08-01 09:50:11 AM,106.82,8870,947493.3999999999,248566780.59999996
2025-08-01 09:50:13 AM,106.76,0,0.0,248566780.59999996
2025-08-01 09:50:14 AM,106.76,103,10996.28,248577776.87999997
2025-08-01 09:50:17 AM,106.76,100,10676.0,248588452.87999997
2025-08-01 09:50:19 AM,106.8,0,0.0,248588452.87999997
2025-08-01 09:50:24 AM,106.8,262,27981.6,248616434.47999996
2025-08-01 09:50:26 AM,106.8,752,80313.59999999999,248696748.07999995
2025-08-01 09:50:30 AM,106.8,669,71449.2,248768197.27999994
2025-08-01 09:50:32 AM,106.79,149,15911.710000000001,248784108.98999995
2025-08-01 09:50:36 AM,106.8,0,0.0,248784108.98999995
2025-08-01 09:50:36 AM,106.8,104,11107.199999999999,248795216.18999994
2025-08-01 09:50:39 AM,106.81,0,0.0,248795216.18999994
2025-08-01 09:50:39 AM,106.81,5414,578269.34,249373485.52999994
2025-08-01 09:50:42 AM,106.83,0,0.0,249373485.52999994
2025-08-01 09:50:42 AM,106.87,1830,195572.1,249569057.62999994
2025-08-01 09:50:45 AM,106.86,0,0.0,249569057.62999994
2025-08-01 09:50:45 AM,106.86,1020,108997.2,249678054.82999992
2025-08-01 09:50:46 AM,106.89,0,0.0,249678054.82999992
2025-08-01 09:50:49 AM,106.89,260,27791.4,249705846.22999993
2025-08-01 09:50:51 AM,106.85,191,20408.35,249726254.57999992
2025-08-01 09:50:52 AM,106.84,0,0.0,249726254.57999992
2025-08-01 09:50:54 AM,106.83,0,0.0,249726254.57999992
2025-08-01 09:50:55 AM,106.83,4074,435225.42,250161479.9999999
2025-08-01 09:50:57 AM,106.86,101,10792.86,250172272.85999992
2025-08-01 09:51:00 AM,106.87,0,0.0,250172272.85999992
2025-08-01 09:51:01 AM,106.86,1096,117118.56,250289391.41999993
2025-08-01 09:51:03 AM,106.89,102,10902.78,250300294.19999993
2025-08-01 09:51:06 AM,106.87,0,0.0,250300294.19999993
2025-08-01 09:51:08 AM,106.87,147,15709.890000000001,250316004.0899999
2025-08-01 09:51:10 AM,106.87,716,76518.92,250392523.0099999
2025-08-01 09:51:11 AM,106.9,0,0.0,250392523.0099999
2025-08-01 09:51:12 AM,106.89,0,0.0,250392523.0099999
2025-08-01 09:51:14 AM,106.89,162,17316.18,250409839.1899999
2025-08-01 09:51:15 AM,106.91,0,0.0,250409839.1899999
2025-08-01 09:51:16 AM,106.87,5237,559678.1900000001,250969517.3799999
2025-08-01 09:51:20 AM,106.91,119,12722.289999999999,250982239.6699999
2025-08-01 09:51:26 AM,106.94,0,0.0,250982239.6699999
2025-08-01 09:51:26 AM,106.96,2139,228787.43999999997,251211027.1099999
2025-08-01 09:51:32 AM,106.91,9296,993835.36,252204862.4699999
2025-08-01 09:51:33 AM,106.85,0,0.0,252204862.4699999
2025-08-01 09:51:35 AM,106.9,0,0.0,252204862.4699999
2025-08-01 09:51:35 AM,106.9,105,11224.5,252216086.9699999
2025-08-01 09:51:38 AM,106.91,0,0.0,252216086.9699999
2025-08-01 09:51:39 AM,106.91,2751,294109.41,252510196.3799999
2025-08-01 09:51:41 AM,106.9,188,20097.2,252530293.5799999
2025-08-01 09:51:45 AM,106.89,438,46817.82,252577111.3999999
2025-08-01 09:51:47 AM,106.84,0,0.0,252577111.3999999
2025-08-01 09:51:48 AM,106.84,5197,555247.48,253132358.87999988
2025-08-01 09:51:52 AM,106.83,10192,1088811.3599999999,254221170.2399999
2025-08-01 09:51:54 AM,106.82,100,10682.0,254231852.2399999
2025-08-01 09:51:58 AM,106.82,1012,108101.84,254339954.0799999
2025-08-01 09:52:00 AM,106.82,3534,377501.88,254717455.9599999
2025-08-01 09:52:03 AM,106.82,369,39416.579999999994,254756872.5399999
2025-08-01 09:52:06 AM,106.81,1,106.81,254756979.3499999
2025-08-01 09:52:09 AM,106.81,140,14953.4,254771932.7499999
2025-08-01 09:52:12 AM,106.81,3759,401498.79000000004,255173431.5399999
2025-08-01 09:52:15 AM,106.72,0,0.0,255173431.5399999
2025-08-01 09:52:16 AM,106.72,18007,1921707.04,257095138.5799999
2025-08-01 09:52:18 AM,106.68,0,0.0,257095138.5799999
2025-08-01 09:52:19 AM,106.68,1,106.68,257095245.2599999
2025-08-01 09:52:21 AM,106.72,0,0.0,257095245.2599999
2025-08-01 09:52:22 AM,106.72,44,4695.68,257099940.9399999
2025-08-01 09:52:24 AM,106.75,0,0.0,257099940.9399999
2025-08-01 09:52:25 AM,106.75,50,5337.5,257105278.4399999
2025-08-01 09:52:27 AM,106.78,0,0.0,257105278.4399999
2025-08-01 09:52:28 AM,106.78,6019,642708.82,257747987.2599999
2025-08-01 09:52:30 AM,106.75,0,0.0,257747987.2599999
2025-08-01 09:52:31 AM,106.75,2,213.5,257748200.7599999
2025-08-01 09:52:33 AM,106.78,0,0.0,257748200.7599999
2025-08-01 09:52:34 AM,106.78,3727,397969.06,258146169.8199999
2025-08-01 09:52:36 AM,106.75,0,0.0,258146169.8199999
2025-08-01 09:52:37 AM,106.75,783,83585.25,258229755.0699999
2025-08-01 09:52:39 AM,106.79,0,0.0,258229755.0699999
2025-08-01 09:52:39 AM,106.78,0,0.0,258229755.0699999
2025-08-01 09:52:40 AM,106.75,1680,179340.0,258409095.0699999
2025-08-01 09:52:45 AM,106.71,0,0.0,258409095.0699999
2025-08-01 09:52:46 AM,106.76,12059,1287418.84,259696513.9099999
2025-08-01 09:52:48 AM,106.71,0,0.0,259696513.9099999
2025-08-01 09:52:49 AM,106.71,739,78858.69,259775372.5999999
2025-08-01 09:52:53 AM,106.71,450,48019.5,259823392.0999999
2025-08-01 09:52:54 AM,106.79,0,0.0,259823392.0999999
2025-08-01 09:52:55 AM,106.79,67,7154.93,259830547.0299999
2025-08-01 09:52:57 AM,106.74,0,0.0,259830547.0299999
2025-08-01 09:52:59 AM,106.74,54,5763.96,259836310.98999992
2025-08-01 09:53:01 AM,106.74,241,25724.34,259862035.32999992
2025-08-01 09:53:03 AM,106.79,0,0.0,259862035.32999992
2025-08-01 09:53:03 AM,106.8,0,0.0,259862035.32999992
2025-08-01 09:53:04 AM,106.8,127,13563.6,259875598.92999992
2025-08-01 09:53:07 AM,106.8,20,2136.0,259877734.92999992
2025-08-01 09:53:09 AM,106.84,0,0.0,259877734.92999992
2025-08-01 09:53:11 AM,106.83,323,34506.09,259912241.01999992
2025-08-01 09:53:12 AM,106.8,0,0.0,259912241.01999992
2025-08-01 09:53:13 AM,106.8,1,106.8,259912347.81999993
2025-08-01 09:53:15 AM,106.78,0,0.0,259912347.81999993
2025-08-01 09:53:15 AM,106.8,0,0.0,259912347.81999993
2025-08-01 09:53:17 AM,106.8,8263,882488.4,260794836.21999994
2025-08-01 09:53:19 AM,106.8,652,69633.59999999999,260864469.81999993
2025-08-01 09:53:22 AM,106.75,0,0.0,260864469.81999993
2025-08-01 09:53:23 AM,106.75,3772,402661.0,261267130.81999993
2025-08-01 09:53:25 AM,106.76,0,0.0,261267130.81999993
2025-08-01 09:53:25 AM,106.77,0,0.0,261267130.81999993
2025-08-01 09:53:25 AM,106.77,2432,259664.63999999998,261526795.45999992
2025-08-01 09:53:29 AM,106.77,500,53385.0,261580180.45999992
2025-08-01 09:53:34 AM,106.74,0,0.0,261580180.45999992
2025-08-01 09:53:35 AM,106.76,553,59038.280000000006,261639218.73999992
2025-08-01 09:53:37 AM,106.76,1,106.76,261639325.4999999
2025-08-01 09:53:40 AM,106.71,0,0.0,261639325.4999999
2025-08-01 09:53:42 AM,106.71,5029,536644.59,262175970.0899999
2025-08-01 09:53:44 AM,106.69,0,0.0,262175970.0899999
2025-08-01 09:53:46 AM,106.68,0,0.0,262175970.0899999
2025-08-01 09:53:48 AM,106.62,3156,336492.72000000003,262512462.8099999
2025-08-01 09:53:49 AM,106.68,0,0.0,262512462.8099999
2025-08-01 09:53:50 AM,106.68,713,76062.84000000001,262588525.64999992
2025-08-01 09:53:55 AM,106.67,254,27094.18,262615619.82999992
2025-08-01 09:53:55 AM,106.66,0,0.0,262615619.82999992
2025-08-01 09:53:56 AM,106.66,50,5333.0,262620952.82999992
2025-08-01 09:54:01 AM,106.68,238,25389.84,262646342.66999993
2025-08-01 09:54:02 AM,106.68,126,13441.68,262659784.34999993
2025-08-01 09:54:07 AM,106.66,5,533.3,262660317.64999995
2025-08-01 09:54:07 AM,106.68,0,0.0,262660317.64999995
2025-08-01 09:54:08 AM,106.68,50,5334.0,262665651.64999995
2025-08-01 09:54:10 AM,106.66,0,0.0,262665651.64999995
2025-08-01 09:54:13 AM,106.66,1684,179615.44,262845267.08999994
2025-08-01 09:54:14 AM,106.65,861,91825.65000000001,262937092.73999995
2025-08-01 09:54:16 AM,106.62,0,0.0,262937092.73999995
2025-08-01 09:54:19 AM,106.67,0,0.0,262937092.73999995
2025-08-01 09:54:20 AM,106.65,1065,113582.25,263050674.98999995
2025-08-01 09:54:22 AM,106.64,0,0.0,263050674.98999995
2025-08-01 09:54:22 AM,106.63,0,0.0,263050674.98999995
2025-08-01 09:54:26 AM,106.63,3253,346867.39,263397542.37999994
2025-08-01 09:54:28 AM,106.64,0,0.0,263397542.37999994
2025-08-01 09:54:32 AM,106.62,14244,1518695.28,264916237.65999994
2025-08-01 09:54:32 AM,106.62,198,21110.760000000002,264937348.41999993
2025-08-01 09:54:38 AM,106.62,515,54909.3,264992257.71999994
2025-08-01 09:54:41 AM,106.61,0,0.0,264992257.71999994
2025-08-01 09:54:44 AM,106.62,0,0.0,264992257.71999994
2025-08-01 09:54:44 AM,106.62,9753,1039864.8600000001,266032122.57999995
2025-08-01 09:54:50 AM,106.62,203,21643.86,266053766.43999997
2025-08-01 09:54:50 AM,106.62,500,53310.0,266107076.43999997
2025-08-01 09:54:55 AM,106.62,105,11195.1,266118271.53999996
2025-08-01 09:54:59 AM,106.61,0,0.0,266118271.53999996
2025-08-01 09:55:01 AM,106.61,397,42324.17,266160595.70999995
2025-08-01 09:55:05 AM,106.62,0,0.0,266160595.70999995
2025-08-01 09:55:07 AM,106.62,8867,945399.54,267105995.24999994
2025-08-01 09:55:08 AM,106.6,3375,359775.0,267465770.24999994
2025-08-01 09:55:11 AM,106.61,0,0.0,267465770.24999994
2025-08-01 09:55:13 AM,106.6,2343,249763.8,267715534.04999995
2025-08-01 09:55:14 AM,106.57,730,77796.09999999999,267793330.14999995
2025-08-01 09:55:15 AM,106.56,0,0.0,267793330.14999995
2025-08-01 09:55:17 AM,106.6,0,0.0,267793330.14999995
2025-08-01 09:55:18 AM,106.62,0,0.0,267793330.14999995
2025-08-01 09:55:19 AM,106.6,1896,202113.59999999998,267995443.74999994
2025-08-01 09:55:23 AM,106.62,0,0.0,267995443.74999994
2025-08-01 09:55:25 AM,106.55,3133,333821.14999999997,268329264.89999995
2025-08-01 09:55:29 AM,106.56,0,0.0,268329264.89999995
2025-08-01 09:55:31 AM,106.56,39,4155.84,268333420.73999995
2025-08-01 09:55:32 AM,106.55,2174,231639.69999999998,268565060.43999994
2025-08-01 09:55:36 AM,106.56,0,0.0,268565060.43999994
2025-08-01 09:55:37 AM,106.56,2413,257129.28,268822189.7199999
2025-08-01 09:55:38 AM,106.6,11,1172.6,268823362.31999993
2025-08-01 09:55:39 AM,106.55,0,0.0,268823362.31999993
2025-08-01 09:55:40 AM,106.6,0,0.0,268823362.31999993
2025-08-01 09:55:43 AM,106.6,4051,431836.6,269255198.91999996
2025-08-01 09:55:44 AM,106.58,1389,148039.62,269403238.53999996
2025-08-01 09:55:47 AM,106.57,0,0.0,269403238.53999996
2025-08-01 09:55:49 AM,106.57,221,23551.969999999998,269426790.51
2025-08-01 09:55:51 AM,106.62,0,0.0,269426790.51
2025-08-01 09:55:55 AM,106.62,18,1919.16,269428709.67
2025-08-01 09:55:56 AM,106.62,13,1386.06,269430095.73
2025-08-01 09:56:01 AM,106.58,2634,280731.72,269710827.45000005
2025-08-01 09:56:02 AM,106.64,765,81579.6,269792407.0500001
2025-08-01 09:56:04 AM,106.61,0,0.0,269792407.0500001
2025-08-01 09:56:07 AM,106.61,91,9701.51,269802108.56000006
2025-08-01 09:56:10 AM,106.6,0,0.0,269802108.56000006
2025-08-01 09:56:11 AM,106.61,0,0.0,269802108.56000006
2025-08-01 09:56:13 AM,106.6,0,0.0,269802108.56000006
2025-08-01 09:56:13 AM,106.6,4463,475755.8,270277864.3600001
2025-08-01 09:56:14 AM,106.6,1315,140179.0,270418043.3600001
2025-08-01 09:56:16 AM,106.61,0,0.0,270418043.3600001
2025-08-01 09:56:19 AM,106.61,777,82835.97,270500879.3300001
2025-08-01 09:56:20 AM,106.6,101,10766.599999999999,270511645.9300001
2025-08-01 09:56:25 AM,106.59,0,0.0,270511645.9300001
2025-08-01 09:56:25 AM,106.59,526,56066.340000000004,270567712.2700001
2025-08-01 09:56:31 AM,106.65,0,0.0,270567712.2700001
2025-08-01 09:56:31 AM,106.65,7777,829417.05,271397129.3200001
2025-08-01 09:56:34 AM,106.68,0,0.0,271397129.3200001
2025-08-01 09:56:37 AM,106.65,0,0.0,271397129.3200001
2025-08-01 09:56:37 AM,106.65,1409,150269.85,271547399.17000014
2025-08-01 09:56:38 AM,106.61,0,0.0,271547399.17000014
2025-08-01 09:56:38 AM,106.61,3845,409915.45,271957314.6200001
2025-08-01 09:56:40 AM,106.62,0,0.0,271957314.6200001
2025-08-01 09:56:43 AM,106.56,0,0.0,271957314.6200001
2025-08-01 09:56:43 AM,106.56,2200,234432.0,272191746.6200001
2025-08-01 09:56:44 AM,106.55,561,59774.549999999996,272251521.17000014
2025-08-01 09:56:46 AM,106.56,0,0.0,272251521.17000014
2025-08-01 09:56:47 AM,106.55,0,0.0,272251521.17000014
2025-08-01 09:56:49 AM,106.5,46838,4988247.0,277239768.17000014
2025-08-01 09:56:50 AM,106.5,2955,314707.5,277554475.67000014
2025-08-01 09:56:54 AM,106.51,0,0.0,277554475.67000014
2025-08-01 09:56:54 AM,106.49,0,0.0,277554475.67000014
2025-08-01 09:56:55 AM,106.49,1629,173472.21,277727947.8800001
2025-08-01 09:56:57 AM,106.49,50,5324.5,277733272.3800001
2025-08-01 09:56:59 AM,106.55,0,0.0,277733272.3800001
2025-08-01 09:57:01 AM,106.55,11676,1244077.8,278977350.1800001
2025-08-01 09:57:07 AM,106.53,0,0.0,278977350.1800001
2025-08-01 09:57:07 AM,106.51,0,0.0,278977350.1800001
2025-08-01 09:57:07 AM,106.5,1420,151230.0,279128580.1800001
2025-08-01 09:57:09 AM,106.51,836,89042.36,279217622.54000014
2025-08-01 09:57:13 AM,106.52,270,28760.399999999998,279246382.9400001
2025-08-01 09:57:15 AM,106.51,0,0.0,279246382.9400001
2025-08-01 09:57:15 AM,106.51,26,2769.26,279249152.2000001
2025-08-01 09:57:19 AM,106.54,0,0.0,279249152.2000001
2025-08-01 09:57:19 AM,106.54,4443,473357.22000000003,279722509.42000014
2025-08-01 09:57:21 AM,106.53,6,639.1800000000001,279723148.60000014
2025-08-01 09:57:24 AM,106.56,200,21312.0,279744460.60000014
2025-08-01 09:57:26 AM,106.53,0,0.0,279744460.60000014
2025-08-01 09:57:26 AM,106.53,120,12783.6,279757244.20000017
2025-08-01 09:57:30 AM,106.55,0,0.0,279757244.20000017
2025-08-01 09:57:30 AM,106.55,550,58602.5,279815846.70000017
2025-08-01 09:57:32 AM,106.55,1001,106656.55,279922503.2500002
2025-08-01 09:57:35 AM,106.56,0,0.0,279922503.2500002
2025-08-01 09:57:36 AM,106.56,2000,213120.0,280135623.2500002
2025-08-01 09:57:39 AM,106.56,300,31968.0,280167591.2500002
2025-08-01 09:57:42 AM,106.56,5,532.8,280168124.0500002
2025-08-01 09:57:45 AM,106.54,1711,182289.94,280350413.9900002
2025-08-01 09:57:47 AM,106.56,0,0.0,280350413.9900002
2025-08-01 09:57:48 AM,106.56,15,1598.4,280352012.39000016
2025-08-01 09:57:51 AM,106.57,0,0.0,280352012.39000016
2025-08-01 09:57:51 AM,106.57,59,6287.629999999999,280358300.02000016
2025-08-01 09:57:57 AM,106.57,80,8525.599999999999,280366825.6200002
2025-08-01 09:58:00 AM,106.53,5419,577286.07,280944111.6900002
2025-08-01 09:58:02 AM,106.51,0,0.0,280944111.6900002
2025-08-01 09:58:03 AM,106.52,0,0.0,280944111.6900002
2025-08-01 09:58:03 AM,106.52,6370,678532.4,281622644.09000015
2025-08-01 09:58:07 AM,106.52,30,3195.6,281625839.6900002
2025-08-01 09:58:09 AM,106.52,15,1597.8,281627437.4900002
2025-08-01 09:58:13 AM,106.52,306,32595.12,281660032.6100002
2025-08-01 09:58:15 AM,106.5,1610,171465.0,281831497.6100002
2025-08-01 09:58:16 AM,106.42,0,0.0,281831497.6100002
2025-08-01 09:58:19 AM,106.48,10087,1074063.76,282905561.3700002
2025-08-01 09:58:21 AM,106.47,1300,138411.0,283043972.3700002
2025-08-01 09:58:25 AM,106.48,95,10115.6,283054087.9700002
2025-08-01 09:58:31 AM,106.47,278,29598.66,283083686.63000023
2025-08-01 09:58:33 AM,106.48,2171,231168.08000000002,283314854.7100002
2025-08-01 09:58:36 AM,106.45,0,0.0,283314854.7100002
2025-08-01 09:58:37 AM,106.45,1239,131891.55000000002,283446746.2600002
2025-08-01 09:58:40 AM,106.45,95,10112.75,283456859.0100002
2025-08-01 09:58:43 AM,106.42,0,0.0,283456859.0100002
2025-08-01 09:58:43 AM,106.43,2582,274802.26,283731661.2700002
2025-08-01 09:58:46 AM,106.44,2410,256520.4,283988181.6700002
2025-08-01 09:58:48 AM,106.45,0,0.0,283988181.6700002
2025-08-01 09:58:49 AM,106.41,1821,193772.61,284181954.2800002
2025-08-01 09:58:52 AM,106.45,0,0.0,284181954.2800002
2025-08-01 09:58:52 AM,106.45,175,18628.75,284200583.0300002
2025-08-01 09:58:55 AM,106.31,43983,4675832.73,288876415.7600002
2025-08-01 09:58:56 AM,106.38,0,0.0,288876415.7600002
2025-08-01 09:58:58 AM,106.4,1944,206841.6,289083257.36000025
2025-08-01 09:59:01 AM,106.39,64,6808.96,289090066.32000023
2025-08-01 09:59:04 AM,106.38,0,0.0,289090066.32000023
2025-08-01 09:59:04 AM,106.38,737,78402.06,289168468.38000023
2025-08-01 09:59:07 AM,106.38,972,103401.36,289271869.74000025
2025-08-01 09:59:09 AM,106.35,0,0.0,289271869.74000025
2025-08-01 09:59:10 AM,106.35,1040,110604.0,289382473.74000025
2025-08-01 09:59:14 AM,106.33,0,0.0,289382473.74000025
2025-08-01 09:59:14 AM,106.3,0,0.0,289382473.74000025
2025-08-01 09:59:14 AM,106.3,5806,617177.7999999999,289999651.54000026
2025-08-01 09:59:16 AM,106.35,41848,4450534.8,294450186.3400003
2025-08-01 09:59:18 AM,106.3,0,0.0,294450186.3400003
2025-08-01 09:59:20 AM,106.3,2327,247360.1,294697546.4400003
2025-08-01 09:59:22 AM,106.35,0,0.0,294697546.4400003
2025-08-01 09:59:23 AM,106.35,3792,403279.19999999995,295100825.6400003
2025-08-01 09:59:26 AM,106.38,0,0.0,295100825.6400003
2025-08-01 09:59:26 AM,106.38,829,88189.01999999999,295189014.66000026
2025-08-01 09:59:29 AM,106.49,0,0.0,295189014.66000026
2025-08-01 09:59:29 AM,106.49,10000,1064900.0,296253914.66000026
2025-08-01 09:59:32 AM,106.43,1010,107494.3,296361408.9600003
2025-08-01 09:59:35 AM,106.43,100,10643.0,296372051.9600003
2025-08-01 09:59:39 AM,106.49,0,0.0,296372051.9600003
2025-08-01 09:59:42 AM,106.49,7400,788026.0,297160077.9600003
2025-08-01 09:59:43 AM,106.45,0,0.0,297160077.9600003
2025-08-01 09:59:45 AM,106.46,0,0.0,297160077.9600003
2025-08-01 09:59:45 AM,106.46,1615,171932.9,297332010.86000025
2025-08-01 09:59:48 AM,106.48,90,9583.2,297341594.06000024
2025-08-01 09:59:49 AM,106.46,0,0.0,297341594.06000024
2025-08-01 09:59:50 AM,106.5,0,0.0,297341594.06000024
2025-08-01 09:59:51 AM,106.5,909,96808.5,297438402.56000024
2025-08-01 09:59:57 AM,106.49,0,0.0,297438402.56000024
2025-08-01 09:59:57 AM,106.45,913,97188.85,297535591.41000026
2025-08-01 10:00:00 AM,106.47,0,0.0,297535591.41000026
2025-08-01 10:00:00 AM,106.47,1261,134258.67,297669850.0800003
2025-08-01 10:00:03 AM,106.45,9335,993710.75,298663560.8300003
2025-08-01 10:00:06 AM,106.46,3335,355044.1,299018604.9300003
2025-08-01 10:00:10 AM,106.43,0,0.0,299018604.9300003
2025-08-01 10:00:10 AM,106.43,617,65667.31,299084272.2400003
2025-08-01 10:00:13 AM,106.39,0,0.0,299084272.2400003
2025-08-01 10:00:13 AM,106.39,500,53195.0,299137467.2400003
2025-08-01 10:00:16 AM,106.4,2334,248337.6,299385804.84000033
2025-08-01 10:00:17 AM,106.39,0,0.0,299385804.84000033
2025-08-01 10:00:19 AM,106.4,0,0.0,299385804.84000033
2025-08-01 10:00:19 AM,106.4,5703,606799.2000000001,299992604.0400003
2025-08-01 10:00:23 AM,106.42,33,3511.86,299996115.90000033
2025-08-01 10:00:26 AM,106.42,3,319.26,299996435.1600003
2025-08-01 10:00:29 AM,106.43,0,0.0,299996435.1600003
2025-08-01 10:00:29 AM,106.43,102,10855.86,300007291.02000034
2025-08-01 10:00:30 AM,106.4,0,0.0,300007291.02000034
2025-08-01 10:00:32 AM,106.38,1779,189250.02,300196541.0400003
2025-08-01 10:00:37 AM,106.37,0,0.0,300196541.0400003
2025-08-01 10:00:38 AM,106.37,1153,122644.61,300319185.65000033
2025-08-01 10:00:41 AM,106.35,0,0.0,300319185.65000033
2025-08-01 10:00:41 AM,106.34,1222,129947.48000000001,300449133.13000035
2025-08-01 10:00:45 AM,106.26,4965,527580.9,300976714.0300003
2025-08-01 10:00:48 AM,106.28,0,0.0,300976714.0300003
2025-08-01 10:00:48 AM,106.28,12,1275.3600000000001,300977989.39000034
2025-08-01 10:00:51 AM,106.32,4121,438144.72,301416134.1100004
2025-08-01 10:00:53 AM,106.33,0,0.0,301416134.1100004
2025-08-01 10:00:54 AM,106.33,77,8187.41,301424321.5200004
2025-08-01 10:00:57 AM,106.37,100,10637.0,301434958.5200004
2025-08-01 10:01:00 AM,106.42,8800,936496.0,302371454.5200004
2025-08-01 10:01:04 AM,106.41,546,58099.86,302429554.3800004
2025-08-01 10:01:07 AM,106.41,11218,1193707.38,303623261.7600004
2025-08-01 10:01:10 AM,106.46,520,55359.2,303678620.9600004
2025-08-01 10:01:12 AM,106.47,0,0.0,303678620.9600004
2025-08-01 10:01:13 AM,106.46,590,62811.399999999994,303741432.3600004
2025-08-01 10:01:16 AM,106.41,0,0.0,303741432.3600004
2025-08-01 10:01:16 AM,106.41,1045,111198.45,303852630.81000036
2025-08-01 10:01:19 AM,106.46,4458,474598.68,304327229.49000037
2025-08-01 10:01:23 AM,106.46,628,66856.87999999999,304394086.37000036
2025-08-01 10:01:25 AM,106.46,5,532.3,304394618.6700004
2025-08-01 10:01:28 AM,106.42,0,0.0,304394618.6700004
2025-08-01 10:01:29 AM,106.48,0,0.0,304394618.6700004
2025-08-01 10:01:29 AM,106.48,3081,328064.88,304722683.55000037
2025-08-01 10:01:31 AM,106.49,0,0.0,304722683.55000037
2025-08-01 10:01:31 AM,106.48,264,28110.72,304750794.2700004
2025-08-01 10:01:35 AM,106.47,471,50147.37,304800941.6400004
2025-08-01 10:01:37 AM,106.43,51,5427.93,304806369.5700004
2025-08-01 10:01:40 AM,106.47,0,0.0,304806369.5700004
2025-08-01 10:01:41 AM,106.46,441,46948.86,304853318.4300004
2025-08-01 10:01:43 AM,106.45,201,21396.45,304874714.8800004
2025-08-01 10:01:45 AM,106.46,0,0.0,304874714.8800004
2025-08-01 10:01:47 AM,106.47,4418,470384.46,305345099.3400004
2025-08-01 10:01:52 AM,106.46,0,0.0,305345099.3400004
2025-08-01 10:01:54 AM,106.46,40,4258.4,305349357.74000037
2025-08-01 10:01:55 AM,106.51,1766,188096.66,305537454.4000004
2025-08-01 10:02:00 AM,106.57,51,5435.07,305542889.4700004
2025-08-01 10:02:01 AM,106.59,0,0.0,305542889.4700004
2025-08-01 10:02:01 AM,106.59,700,74613.0,305617502.4700004
2025-08-01 10:02:05 AM,106.57,0,0.0,305617502.4700004
2025-08-01 10:02:06 AM,106.52,0,0.0,305617502.4700004
2025-08-01 10:02:06 AM,106.52,5342,569029.84,306186532.31000036
2025-08-01 10:02:08 AM,106.52,35,3728.2,306190260.51000035
2025-08-01 10:02:11 AM,106.55,0,0.0,306190260.51000035
2025-08-01 10:02:12 AM,106.54,1307,139247.78,306329508.2900003
2025-08-01 10:02:14 AM,106.51,1411,150285.61000000002,306479793.90000033
2025-08-01 10:02:19 AM,106.51,1040,110770.40000000001,306590564.3000003
2025-08-01 10:02:20 AM,106.55,4000,426200.0,307016764.3000003
2025-08-01 10:02:24 AM,106.53,0,0.0,307016764.3000003
2025-08-01 10:02:25 AM,106.53,18,1917.54,307018681.84000033
2025-08-01 10:02:27 AM,106.53,889,94705.17,307113387.01000035
2025-08-01 10:02:29 AM,106.52,0,0.0,307113387.01000035
2025-08-01 10:02:31 AM,106.53,7575,806964.75,307920351.76000035
2025-08-01 10:02:33 AM,106.54,5,532.7,307920884.46000034
2025-08-01 10:02:37 AM,106.57,535,57014.95,307977899.4100003
2025-08-01 10:02:39 AM,106.56,100,10656.0,307988555.4100003
2025-08-01 10:02:42 AM,106.55,0,0.0,307988555.4100003
2025-08-01 10:02:46 AM,106.58,1909,203461.22,308192016.63000035
2025-08-01 10:02:48 AM,106.57,0,0.0,308192016.63000035
2025-08-01 10:02:50 AM,106.55,276,29407.8,308221424.43000036
2025-08-01 10:02:52 AM,106.55,75,7991.25,308229415.68000036
2025-08-01 10:02:56 AM,106.53,0,0.0,308229415.68000036
2025-08-01 10:02:57 AM,106.53,1120,119313.6,308348729.2800004
2025-08-01 10:02:58 AM,106.55,1284,136810.19999999998,308485539.4800004
2025-08-01 10:03:00 AM,106.51,0,0.0,308485539.4800004
2025-08-01 10:03:03 AM,106.55,0,0.0,308485539.4800004
2025-08-01 10:03:03 AM,106.55,3147,335312.85,308820852.3300004
2025-08-01 10:03:05 AM,106.52,1377,146678.04,308967530.3700004
2025-08-01 10:03:08 AM,106.53,0,0.0,308967530.3700004
2025-08-01 10:03:08 AM,106.54,0,0.0,308967530.3700004
2025-08-01 10:03:09 AM,106.54,16649,1773784.4600000002,310741314.8300004
2025-08-01 10:03:16 AM,106.52,0,0.0,310741314.8300004
2025-08-01 10:03:16 AM,106.52,6055,644978.6,311386293.4300004
2025-08-01 10:03:18 AM,106.57,3,319.71,311386613.1400004
2025-08-01 10:03:20 AM,106.54,0,0.0,311386613.1400004
2025-08-01 10:03:22 AM,106.67,6219,663380.73,312049993.8700004
2025-08-01 10:03:28 AM,106.61,0,0.0,312049993.8700004
2025-08-01 10:03:29 AM,106.61,198,21108.78,312071102.6500004
2025-08-01 10:03:31 AM,106.61,1050,111940.5,312183043.1500004
2025-08-01 10:03:35 AM,106.61,5686,606184.46,312789227.6100004
2025-08-01 10:03:42 AM,106.61,1612,171855.32,312961082.93000036
2025-08-01 10:03:43 AM,106.61,4028,429425.08,313390508.01000035
2025-08-01 10:03:44 AM,106.68,0,0.0,313390508.01000035
2025-08-01 10:03:47 AM,106.66,0,0.0,313390508.01000035
2025-08-01 10:03:48 AM,106.66,6030,643159.7999999999,314033667.81000036
2025-08-01 10:03:50 AM,106.66,21,2239.86,314035907.6700004
2025-08-01 10:03:56 AM,106.55,0,0.0,314035907.6700004
2025-08-01 10:03:56 AM,106.55,9663,1029592.65,315065500.32000035
2025-08-01 10:04:00 AM,106.61,0,0.0,315065500.32000035
2025-08-01 10:04:00 AM,106.6,0,0.0,315065500.32000035
2025-08-01 10:04:00 AM,106.6,518,55218.799999999996,315120719.12000036
2025-08-01 10:04:02 AM,106.6,287,30594.199999999997,315151313.32000035
2025-08-01 10:04:04 AM,106.61,0,0.0,315151313.32000035
2025-08-01 10:04:06 AM,106.61,1,106.61,315151419.93000036
2025-08-01 10:04:08 AM,106.55,0,0.0,315151419.93000036
2025-08-01 10:04:08 AM,106.55,17,1811.35,315153231.2800004
2025-08-01 10:04:12 AM,106.61,0,0.0,315153231.2800004
2025-08-01 10:04:12 AM,106.61,1138,121322.18,315274553.4600004
2025-08-01 10:04:15 AM,106.56,1908,203316.48,315477869.9400004
2025-08-01 10:04:19 AM,106.58,3202,341269.16,315819139.10000044
2025-08-01 10:04:21 AM,106.58,254,27071.32,315846210.42000043
2025-08-01 10:04:25 AM,106.58,104,11084.32,315857294.7400004
2025-08-01 10:04:28 AM,106.56,0,0.0,315857294.7400004
2025-08-01 10:04:31 AM,106.58,893,95175.94,315952470.6800004
2025-08-01 10:04:34 AM,106.58,100,10658.0,315963128.6800004
2025-08-01 10:04:36 AM,106.57,0,0.0,315963128.6800004
2025-08-01 10:04:38 AM,106.57,894,95273.57999999999,316058402.2600004
2025-08-01 10:04:40 AM,106.57,368,39217.759999999995,316097620.0200004
2025-08-01 10:04:44 AM,106.6,8815,939679.0,317037299.0200004
2025-08-01 10:04:46 AM,106.6,6,639.5999999999999,317037938.6200004
2025-08-01 10:04:50 AM,106.58,0,0.0,317037938.6200004
2025-08-01 10:04:50 AM,106.58,111,11830.38,317049769.0000004
2025-08-01 10:04:52 AM,106.6,2,213.2,317049982.2000004
2025-08-01 10:04:56 AM,106.61,526,56076.86,317106059.0600004
2025-08-01 10:04:58 AM,106.59,0,0.0,317106059.0600004
2025-08-01 10:04:58 AM,106.65,0,0.0,317106059.0600004
2025-08-01 10:04:58 AM,106.65,280,29862.0,317135921.0600004
2025-08-01 10:05:02 AM,106.65,300,31995.0,317167916.0600004
2025-08-01 10:05:04 AM,106.66,1699,181215.34,317349131.4000004
2025-08-01 10:05:07 AM,106.63,0,0.0,317349131.4000004
2025-08-01 10:05:09 AM,106.6,11459,1221529.4,318570660.80000037
2025-08-01 10:05:10 AM,106.61,0,0.0,318570660.80000037
2025-08-01 10:05:11 AM,106.61,900,95949.0,318666609.80000037
2025-08-01 10:05:13 AM,106.57,0,0.0,318666609.80000037
2025-08-01 10:05:15 AM,106.56,12605,1343188.8,320009798.6000004
2025-08-01 10:05:16 AM,106.54,0,0.0,320009798.6000004
2025-08-01 10:05:17 AM,106.53,406,43251.18,320053049.7800004
2025-08-01 10:05:21 AM,106.54,0,0.0,320053049.7800004
2025-08-01 10:05:21 AM,106.54,1563,166522.02000000002,320219571.80000037
2025-08-01 10:05:23 AM,106.55,590,62864.5,320282436.30000037
2025-08-01 10:05:25 AM,106.54,0,0.0,320282436.30000037
2025-08-01 10:05:27 AM,106.55,2966,316027.3,320598463.6000004
2025-08-01 10:05:33 AM,106.55,302,32178.1,320630641.7000004
2025-08-01 10:05:35 AM,106.55,3183,339148.64999999997,320969790.3500004
2025-08-01 10:05:39 AM,106.55,6000,639300.0,321609090.3500004
2025-08-01 10:05:41 AM,106.55,854,90993.7,321700084.05000037
2025-08-01 10:05:44 AM,106.6,0,0.0,321700084.05000037
2025-08-01 10:05:45 AM,106.59,2506,267114.54000000004,321967198.5900004
2025-08-01 10:05:47 AM,106.52,0,0.0,321967198.5900004
2025-08-01 10:05:47 AM,106.58,8500,905930.0,322873128.5900004
2025-08-01 10:05:50 AM,106.55,0,0.0,322873128.5900004
2025-08-01 10:05:51 AM,106.59,23,2451.57,322875580.1600004
2025-08-01 10:05:53 AM,106.56,0,0.0,322875580.1600004
2025-08-01 10:05:53 AM,106.56,41,4368.96,322879949.12000036
2025-08-01 10:05:59 AM,106.59,0,0.0,322879949.12000036
2025-08-01 10:06:00 AM,106.59,10,1065.9,322881015.02000034
2025-08-01 10:06:02 AM,106.58,0,0.0,322881015.02000034
2025-08-01 10:06:03 AM,106.58,539,57446.62,322938461.64000034
2025-08-01 10:06:06 AM,106.58,392,41779.36,322980241.00000036
2025-08-01 10:06:09 AM,106.58,57,6075.0599999999995,322986316.06000036
2025-08-01 10:06:10 AM,106.59,0,0.0,322986316.06000036
2025-08-01 10:06:12 AM,106.59,206,21957.54,323008273.6000004
2025-08-01 10:06:15 AM,106.54,5263,560720.02,323568993.62000036
2025-08-01 10:06:16 AM,106.52,0,0.0,323568993.62000036
2025-08-01 10:06:17 AM,106.52,1511,160951.72,323729945.3400004
2025-08-01 10:06:19 AM,106.55,0,0.0,323729945.3400004
2025-08-01 10:06:21 AM,106.55,11,1172.05,323731117.3900004
2025-08-01 10:06:22 AM,106.52,0,0.0,323731117.3900004
2025-08-01 10:06:23 AM,106.52,2929,311997.08,324043114.4700004
2025-08-01 10:06:25 AM,106.5,0,0.0,324043114.4700004
2025-08-01 10:06:27 AM,106.46,8388,892986.48,324936100.9500004
2025-08-01 10:06:28 AM,106.49,0,0.0,324936100.9500004
2025-08-01 10:06:29 AM,106.48,3610,384392.8,325320493.7500004
2025-08-01 10:06:31 AM,106.49,0,0.0,325320493.7500004
2025-08-01 10:06:33 AM,106.49,116,12352.84,325332846.5900004
2025-08-01 10:06:34 AM,106.46,0,0.0,325332846.5900004
2025-08-01 10:06:35 AM,106.48,0,0.0,325332846.5900004
2025-08-01 10:06:35 AM,106.46,4,425.84,325333272.43000036
2025-08-01 10:06:39 AM,106.48,0,0.0,325333272.43000036
2025-08-01 10:06:39 AM,106.48,41,4365.68,325337638.1100004
2025-08-01 10:06:41 AM,106.38,7293,775829.34,326113467.45000035
2025-08-01 10:06:45 AM,106.38,1931,205419.78,326318887.2300003
2025-08-01 10:06:47 AM,106.41,3152,335404.32,326654291.5500003
2025-08-01 10:06:51 AM,106.42,2690,286269.8,326940561.3500003
2025-08-01 10:06:53 AM,106.44,319,33954.36,326974515.71000034
2025-08-01 10:06:57 AM,106.5,6400,681600.0,327656115.71000034
2025-08-01 10:06:59 AM,106.5,501,53356.5,327709472.21000034
2025-08-01 10:07:03 AM,106.45,0,0.0,327709472.21000034
2025-08-01 10:07:05 AM,106.49,949,101059.01,327810531.2200003
2025-08-01 10:07:09 AM,106.44,0,0.0,327810531.2200003
2025-08-01 10:07:10 AM,106.48,1293,137678.64,327948209.8600003
2025-08-01 10:07:12 AM,106.44,390,41511.6,327989721.46000034
2025-08-01 10:07:13 AM,106.45,0,0.0,327989721.46000034
2025-08-01 10:07:16 AM,106.5,4020,428130.0,328417851.46000034
2025-08-01 10:07:18 AM,106.49,1097,116819.53,328534670.9900003
2025-08-01 10:07:22 AM,106.55,12408,1322072.4,329856743.3900003
2025-08-01 10:07:23 AM,106.5,0,0.0,329856743.3900003
2025-08-01 10:07:24 AM,106.5,5024,535056.0,330391799.3900003
2025-08-01 10:07:29 AM,106.53,521,55502.13,330447301.5200003
2025-08-01 10:07:30 AM,106.5,727,77425.5,330524727.0200003
2025-08-01 10:07:35 AM,106.53,94,10013.82,330534740.8400003
2025-08-01 10:07:40 AM,106.53,101,10759.53,330545500.37000024
2025-08-01 10:07:42 AM,106.51,1948,207481.48,330752981.85000026
2025-08-01 10:07:45 AM,106.49,0,0.0,330752981.85000026
2025-08-01 10:07:45 AM,106.52,0,0.0,330752981.85000026
2025-08-01 10:07:47 AM,106.52,2425,258311.0,331011292.85000026
2025-08-01 10:07:49 AM,106.5,34,3621.0,331014913.85000026
2025-08-01 10:07:53 AM,106.49,3483,370904.67,331385818.5200003
2025-08-01 10:07:56 AM,106.48,0,0.0,331385818.5200003
2025-08-01 10:07:59 AM,106.45,1524,162229.80000000002,331548048.3200003
2025-08-01 10:08:01 AM,106.47,19,2022.93,331550071.2500003
2025-08-01 10:08:05 AM,106.47,1275,135749.25,331685820.5000003
2025-08-01 10:08:07 AM,106.47,910,96887.7,331782708.2000003
2025-08-01 10:08:10 AM,106.49,0,0.0,331782708.2000003
2025-08-01 10:08:12 AM,106.49,817,87002.33,331869710.53000027
2025-08-01 10:08:13 AM,106.5,80,8520.0,331878230.53000027
2025-08-01 10:08:15 AM,106.52,0,0.0,331878230.53000027
2025-08-01 10:08:18 AM,106.52,1765,188007.8,332066238.3300003
2025-08-01 10:08:24 AM,106.52,94,10012.88,332076251.2100003
2025-08-01 10:08:26 AM,106.57,909,96872.12999999999,332173123.3400003
2025-08-01 10:08:28 AM,106.51,0,0.0,332173123.3400003
2025-08-01 10:08:30 AM,106.57,700,74599.0,332247722.3400003
2025-08-01 10:08:31 AM,106.56,0,0.0,332247722.3400003
2025-08-01 10:08:36 AM,106.56,801,85354.56,332333076.9000003
2025-08-01 10:08:38 AM,106.56,173,18434.88,332351511.78000027
2025-08-01 10:08:42 AM,106.53,4690,499625.7,332851137.48000026
2025-08-01 10:08:46 AM,106.51,0,0.0,332851137.48000026
2025-08-01 10:08:47 AM,106.5,0,0.0,332851137.48000026
2025-08-01 10:08:48 AM,106.5,1121,119386.5,332970523.98000026
2025-08-01 10:08:49 AM,106.52,0,0.0,332970523.98000026
2025-08-01 10:08:50 AM,106.52,5,532.6,332971056.5800003
2025-08-01 10:08:51 AM,106.53,0,0.0,332971056.5800003
2025-08-01 10:08:54 AM,106.53,17,1811.01,332972867.5900003
2025-08-01 10:09:00 AM,106.53,1170,124640.1,333097507.6900003
2025-08-01 10:09:06 AM,106.53,188,20027.64,333117535.3300003
2025-08-01 10:09:07 AM,106.53,272,28976.16,333146511.4900003
2025-08-01 10:09:12 AM,106.52,1840,195996.8,333342508.2900003
2025-08-01 10:09:16 AM,106.53,0,0.0,333342508.2900003
2025-08-01 10:09:17 AM,106.54,0,0.0,333342508.2900003
2025-08-01 10:09:19 AM,106.56,0,0.0,333342508.2900003
2025-08-01 10:09:19 AM,106.56,1583,168684.48,333511192.77000034
2025-08-01 10:09:28 AM,106.6,0,0.0,333511192.77000034
2025-08-01 10:09:29 AM,106.6,3002,320013.2,333831205.9700003
2025-08-01 10:09:31 AM,106.59,0,0.0,333831205.9700003
2025-08-01 10:09:35 AM,106.59,396,42209.64,333873415.6100003
2025-08-01 10:09:39 AM,106.58,0,0.0,333873415.6100003
2025-08-01 10:09:41 AM,106.58,190,20250.2,333893665.8100003
2025-08-01 10:09:43 AM,106.58,189,20143.62,333913809.4300003
2025-08-01 10:09:46 AM,106.55,0,0.0,333913809.4300003
2025-08-01 10:09:47 AM,106.55,1615,172078.25,334085887.6800003
2025-08-01 10:09:48 AM,106.57,588,62663.159999999996,334148550.84000033
2025-08-01 10:09:50 AM,106.56,0,0.0,334148550.84000033
2025-08-01 10:09:52 AM,106.57,0,0.0,334148550.84000033
2025-08-01 10:09:52 AM,106.57,162,17264.34,334165815.1800003
2025-08-01 10:09:58 AM,106.56,0,0.0,334165815.1800003
2025-08-01 10:09:58 AM,106.56,1013,107945.28,334273760.4600003
2025-08-01 10:10:00 AM,106.57,5,532.8499999999999,334274293.3100003
2025-08-01 10:10:03 AM,106.57,339,36127.229999999996,334310420.5400003
2025-08-01 10:10:05 AM,106.56,0,0.0,334310420.5400003
2025-08-01 10:10:05 AM,106.56,324,34525.44,334344945.9800003
2025-08-01 10:10:07 AM,106.57,0,0.0,334344945.9800003
2025-08-01 10:10:09 AM,106.55,7726,823205.2999999999,335168151.2800003
2025-08-01 10:10:11 AM,106.54,200,21308.0,335189459.2800003
2025-08-01 10:10:13 AM,106.5,0,0.0,335189459.2800003
2025-08-01 10:10:14 AM,106.49,0,0.0,335189459.2800003
2025-08-01 10:10:15 AM,106.47,4403,468787.41,335658246.69000036
2025-08-01 10:10:17 AM,106.45,0,0.0,335658246.69000036
2025-08-01 10:10:17 AM,106.45,2043,217477.35,335875724.0400004
2025-08-01 10:10:21 AM,106.44,0,0.0,335875724.0400004
2025-08-01 10:10:21 AM,106.44,64,6812.16,335882536.2000004
2025-08-01 10:10:23 AM,106.42,157,16707.94,335899244.1400004
2025-08-01 10:10:24 AM,106.44,0,0.0,335899244.1400004
2025-08-01 10:10:27 AM,106.45,6205,660522.25,336559766.3900004
2025-08-01 10:10:31 AM,106.47,0,0.0,336559766.3900004
2025-08-01 10:10:33 AM,106.44,1139,121235.16,336681001.5500004
2025-08-01 10:10:34 AM,106.47,0,0.0,336681001.5500004
2025-08-01 10:10:39 AM,106.47,50,5323.5,336686325.0500004
2025-08-01 10:10:40 AM,106.45,0,0.0,336686325.0500004
2025-08-01 10:10:41 AM,106.49,3132,333526.68,337019851.73000044
2025-08-01 10:10:45 AM,106.46,0,0.0,337019851.73000044
2025-08-01 10:10:45 AM,106.45,1610,171384.5,337191236.23000044
2025-08-01 10:10:55 AM,106.49,0,0.0,337191236.23000044
2025-08-01 10:10:57 AM,106.49,329,35035.21,337226271.4400004
2025-08-01 10:10:59 AM,106.47,220,23423.4,337249694.8400004
2025-08-01 10:11:01 AM,106.51,0,0.0,337249694.8400004
2025-08-01 10:11:03 AM,106.55,0,0.0,337249694.8400004
2025-08-01 10:11:03 AM,106.55,1432,152579.6,337402274.4400004
2025-08-01 10:11:07 AM,106.51,0,0.0,337402274.4400004
2025-08-01 10:11:09 AM,106.54,234,24930.36,337427204.8000004
2025-08-01 10:11:10 AM,106.59,0,0.0,337427204.8000004
2025-08-01 10:11:10 AM,106.59,200,21318.0,337448522.8000004
2025-08-01 10:11:13 AM,106.55,0,0.0,337448522.8000004
2025-08-01 10:11:15 AM,106.59,1839,196019.01,337644541.8100004
2025-08-01 10:11:16 AM,106.59,194,20678.46,337665220.2700004
2025-08-01 10:11:21 AM,106.59,377,40184.43,337705404.7000004
2025-08-01 10:11:22 AM,106.59,132,14069.880000000001,337719474.5800004
2025-08-01 10:11:25 AM,106.55,0,0.0,337719474.5800004
2025-08-01 10:11:26 AM,106.55,4144,441543.2,338161017.7800004
2025-08-01 10:11:33 AM,106.55,180,19179.0,338180196.7800004
2025-08-01 10:11:37 AM,106.56,0,0.0,338180196.7800004
2025-08-01 10:11:38 AM,106.56,2064,219939.84,338400136.62000036
2025-08-01 10:11:39 AM,106.56,281,29943.36,338430079.9800004
2025-08-01 10:11:44 AM,106.56,2111,224948.16,338655028.1400004
2025-08-01 10:11:50 AM,106.58,56,5968.48,338660996.6200004
2025-08-01 10:11:51 AM,106.58,2,213.16,338661209.78000045
2025-08-01 10:11:55 AM,106.59,0,0.0,338661209.78000045
2025-08-01 10:11:55 AM,106.59,391,41676.69,338702886.47000045
2025-08-01 10:12:01 AM,106.59,2844,303141.96,339006028.4300004
2025-08-01 10:12:02 AM,106.59,75,7994.25,339014022.6800004
2025-08-01 10:12:07 AM,106.6,283,30167.8,339044190.48000044
2025-08-01 10:12:08 AM,106.6,1050,111930.0,339156120.48000044
2025-08-01 10:12:12 AM,106.59,0,0.0,339156120.48000044
2025-08-01 10:12:13 AM,106.6,0,0.0,339156120.48000044
2025-08-01 10:12:13 AM,106.6,1621,172798.59999999998,339328919.08000046
2025-08-01 10:12:19 AM,106.59,0,0.0,339328919.08000046
2025-08-01 10:12:19 AM,106.59,1003,106909.77,339435828.85000044
2025-08-01 10:12:24 AM,106.6,0,0.0,339435828.85000044
2025-08-01 10:12:25 AM,106.6,800,85280.0,339521108.85000044
2025-08-01 10:12:28 AM,106.65,0,0.0,339521108.85000044
2025-08-01 10:12:31 AM,106.66,0,0.0,339521108.85000044
2025-08-01 10:12:31 AM,106.66,4355,464504.3,339985613.15000045
2025-08-01 10:12:31 AM,106.66,145,15465.699999999999,340001078.85000044
2025-08-01 10:12:36 AM,106.66,5681,605935.46,340607014.3100004
2025-08-01 10:12:37 AM,106.66,596,63569.36,340670583.67000043
2025-08-01 10:12:42 AM,106.65,1620,172773.0,340843356.67000043
2025-08-01 10:12:42 AM,106.65,1432,152722.80000000002,340996079.47000045
2025-08-01 10:12:48 AM,106.65,1289,137471.85,341133551.32000047
2025-08-01 10:12:54 AM,106.65,6346,676800.9,341810352.22000045
2025-08-01 10:12:54 AM,106.66,1000,106660.0,341917012.22000045
2025-08-01 10:12:58 AM,106.65,0,0.0,341917012.22000045
2025-08-01 10:12:59 AM,106.65,1150,122647.5,342039659.72000045
2025-08-01 10:13:01 AM,106.62,0,0.0,342039659.72000045
2025-08-01 10:13:05 AM,106.62,905,96491.1,342136150.82000047
2025-08-01 10:13:06 AM,106.63,250,26657.5,342162808.32000047
2025-08-01 10:13:07 AM,106.6,0,0.0,342162808.32000047
2025-08-01 10:13:11 AM,106.6,1,106.6,342162914.9200005
2025-08-01 10:13:12 AM,106.63,10,1066.3,342163981.2200005
2025-08-01 10:13:13 AM,106.62,0,0.0,342163981.2200005
2025-08-01 10:13:16 AM,106.6,0,0.0,342163981.2200005
2025-08-01 10:13:17 AM,106.6,1770,188682.0,342352663.2200005
2025-08-01 10:13:19 AM,106.62,0,0.0,342352663.2200005
2025-08-01 10:13:22 AM,106.6,0,0.0,342352663.2200005
2025-08-01 10:13:23 AM,106.6,31,3304.6,342355967.8200005
2025-08-01 10:13:23 AM,106.62,330,35184.6,342391152.42000055
2025-08-01 10:13:29 AM,106.62,101,10768.62,342401921.04000056
2025-08-01 10:13:33 AM,106.6,0,0.0,342401921.04000056
2025-08-01 10:13:35 AM,106.62,5808,619248.9600000001,343021170.00000054
2025-08-01 10:13:40 AM,106.67,0,0.0,343021170.00000054
2025-08-01 10:13:41 AM,106.67,3042,324490.14,343345660.1400005
2025-08-01 10:13:41 AM,106.67,3,320.01,343345980.1500005
2025-08-01 10:13:46 AM,106.62,0,0.0,343345980.1500005
2025-08-01 10:13:46 AM,106.63,0,0.0,343345980.1500005
2025-08-01 10:13:47 AM,106.63,1821,194173.22999999998,343540153.38000053
2025-08-01 10:13:47 AM,106.62,532,56721.840000000004,343596875.2200005
2025-08-01 10:13:49 AM,106.63,0,0.0,343596875.2200005
2025-08-01 10:13:53 AM,106.63,38,4051.9399999999996,343600927.1600005
2025-08-01 10:13:53 AM,106.63,50,5331.5,343606258.6600005
2025-08-01 10:13:57 AM,106.65,0,0.0,343606258.6600005
2025-08-01 10:13:59 AM,106.65,4397,468940.05000000005,344075198.7100005
2025-08-01 10:13:59 AM,106.65,7,746.5500000000001,344075945.2600005
2025-08-01 10:14:01 AM,106.68,0,0.0,344075945.2600005
2025-08-01 10:14:04 AM,106.68,316,33710.880000000005,344109656.1400005
2025-08-01 10:14:10 AM,106.65,0,0.0,344109656.1400005
2025-08-01 10:14:10 AM,106.65,1850,197302.5,344306958.6400005
2025-08-01 10:14:13 AM,106.67,0,0.0,344306958.6400005
2025-08-01 10:14:16 AM,106.65,0,0.0,344306958.6400005
2025-08-01 10:14:16 AM,106.65,1610,171706.5,344478665.1400005
2025-08-01 10:14:19 AM,106.68,0,0.0,344478665.1400005
2025-08-01 10:14:22 AM,106.65,0,0.0,344478665.1400005
2025-08-01 10:14:22 AM,106.65,9042,964329.3,345442994.44000053
2025-08-01 10:14:27 AM,106.65,2142,228444.30000000002,345671438.74000055
2025-08-01 10:14:28 AM,106.65,100,10665.0,345682103.74000055
2025-08-01 10:14:33 AM,106.65,810,86386.5,345768490.24000055
2025-08-01 10:14:34 AM,106.65,45,4799.25,345773289.49000055
2025-08-01 10:14:36 AM,106.63,0,0.0,345773289.49000055
2025-08-01 10:14:39 AM,106.64,3061,326425.04,346099714.53000057
2025-08-01 10:14:43 AM,106.62,0,0.0,346099714.53000057
2025-08-01 10:14:45 AM,106.63,1926,205369.38,346305083.91000056
2025-08-01 10:14:50 AM,106.63,304,32415.519999999997,346337499.43000054
2025-08-01 10:14:51 AM,106.62,200,21324.0,346358823.43000054
2025-08-01 10:14:54 AM,106.63,0,0.0,346358823.43000054
2025-08-01 10:14:56 AM,106.67,0,0.0,346358823.43000054
2025-08-01 10:14:56 AM,106.67,2180,232540.6,346591364.03000057
2025-08-01 10:15:02 AM,106.67,1,106.67,346591470.7000006
2025-08-01 10:15:04 AM,106.68,0,0.0,346591470.7000006
2025-08-01 10:15:04 AM,106.69,0,0.0,346591470.7000006
2025-08-01 10:15:06 AM,106.7,0,0.0,346591470.7000006
2025-08-01 10:15:08 AM,106.73,0,0.0,346591470.7000006
2025-08-01 10:15:08 AM,106.73,4185,446665.05,347038135.7500006
2025-08-01 10:15:13 AM,106.7,12999,1386993.3,348425129.0500006
2025-08-01 10:15:14 AM,106.7,31,3307.7000000000003,348428436.7500006
2025-08-01 10:15:16 AM,106.67,0,0.0,348428436.7500006
2025-08-01 10:15:18 AM,106.65,0,0.0,348428436.7500006
2025-08-01 10:15:19 AM,106.7,0,0.0,348428436.7500006
2025-08-01 10:15:20 AM,106.67,1667,177818.89,348606255.6400006
2025-08-01 10:15:20 AM,106.69,100,10669.0,348616924.6400006
2025-08-01 10:15:22 AM,106.7,0,0.0,348616924.6400006
2025-08-01 10:15:24 AM,106.73,0,0.0,348616924.6400006
2025-08-01 10:15:25 AM,106.74,0,0.0,348616924.6400006
2025-08-01 10:15:26 AM,106.74,12769,1362963.0599999998,349979887.7000006
2025-08-01 10:15:28 AM,106.71,0,0.0,349979887.7000006
2025-08-01 10:15:30 AM,106.67,0,0.0,349979887.7000006
2025-08-01 10:15:32 AM,106.67,6253,667007.51,350646895.2100006
2025-08-01 10:15:32 AM,106.66,1251,133431.66,350780326.8700006
2025-08-01 10:15:34 AM,106.7,0,0.0,350780326.8700006
2025-08-01 10:15:38 AM,106.69,331,35314.39,350815641.2600006
2025-08-01 10:15:44 AM,106.69,1635,174438.15,350990079.41000056
2025-08-01 10:15:44 AM,106.69,34,3627.46,350993706.87000054
2025-08-01 10:15:50 AM,106.69,36,3840.84,350997547.7100005
2025-08-01 10:15:52 AM,106.68,0,0.0,350997547.7100005
2025-08-01 10:15:55 AM,106.69,0,0.0,350997547.7100005
2025-08-01 10:15:56 AM,106.69,562,59959.78,351057507.4900005
2025-08-01 10:16:01 AM,106.69,100,10669.0,351068176.4900005
2025-08-01 10:16:04 AM,106.68,0,0.0,351068176.4900005
2025-08-01 10:16:07 AM,106.68,1190,126949.20000000001,351195125.6900005
2025-08-01 10:16:09 AM,106.69,0,0.0,351195125.6900005
2025-08-01 10:16:12 AM,106.68,0,0.0,351195125.6900005
2025-08-01 10:16:13 AM,106.67,0,0.0,351195125.6900005
2025-08-01 10:16:13 AM,106.67,3387,361291.29,351556416.9800005
2025-08-01 10:16:15 AM,106.66,0,0.0,351556416.9800005
2025-08-01 10:16:16 AM,106.67,0,0.0,351556416.9800005
2025-08-01 10:16:18 AM,106.68,0,0.0,351556416.9800005
2025-08-01 10:16:19 AM,106.66,0,0.0,351556416.9800005
2025-08-01 10:16:19 AM,106.66,515,54929.9,351611346.8800005
2025-08-01 10:16:25 AM,106.66,5,533.3,351611880.1800005
2025-08-01 10:16:27 AM,106.68,0,0.0,351611880.1800005
2025-08-01 10:16:31 AM,106.68,350,37338.0,351649218.1800005
2025-08-01 10:16:34 AM,106.66,0,0.0,351649218.1800005
2025-08-01 10:16:36 AM,106.67,0,0.0,351649218.1800005
2025-08-01 10:16:37 AM,106.67,1138,121390.46,351770608.64000046
2025-08-01 10:16:39 AM,106.64,0,0.0,351770608.64000046
2025-08-01 10:16:42 AM,106.63,0,0.0,351770608.64000046
2025-08-01 10:16:42 AM,106.63,6035,643512.0499999999,352414120.6900005
2025-08-01 10:16:43 AM,106.63,20,2132.6,352416253.2900005
2025-08-01 10:16:45 AM,106.62,0,0.0,352416253.2900005
2025-08-01 10:16:48 AM,106.63,0,0.0,352416253.2900005
2025-08-01 10:16:48 AM,106.63,1756,187242.28,352603495.57000047
2025-08-01 10:16:53 AM,106.63,2099,223816.37,352827311.9400005
2025-08-01 10:16:53 AM,106.65,49,5225.85,352832537.7900005
2025-08-01 10:16:54 AM,106.66,0,0.0,352832537.7900005
2025-08-01 10:16:57 AM,106.74,0,0.0,352832537.7900005
2025-08-01 10:16:59 AM,106.74,2807,299619.18,353132156.9700005
2025-08-01 10:17:00 AM,106.72,0,0.0,353132156.9700005
2025-08-01 10:17:02 AM,106.68,0,0.0,353132156.9700005
2025-08-01 10:17:04 AM,106.68,3727,397596.36000000004,353529753.3300005
2025-08-01 10:17:08 AM,106.72,0,0.0,353529753.3300005
2025-08-01 10:17:10 AM,106.73,0,0.0,353529753.3300005
2025-08-01 10:17:10 AM,106.73,6508,694598.8400000001,354224352.1700005
2025-08-01 10:17:15 AM,106.65,0,0.0,354224352.1700005
2025-08-01 10:17:16 AM,106.65,1317,140458.05000000002,354364810.2200005
2025-08-01 10:17:16 AM,106.64,411,43829.04,354408639.2600005
2025-08-01 10:17:18 AM,106.68,0,0.0,354408639.2600005
2025-08-01 10:17:22 AM,106.68,30,3200.4,354411839.6600005
2025-08-01 10:17:25 AM,106.7,0,0.0,354411839.6600005
2025-08-01 10:17:28 AM,106.69,72,7681.68,354419521.3400005
2025-08-01 10:17:33 AM,106.69,408,43529.52,354463050.8600005
2025-08-01 10:17:36 AM,106.68,0,0.0,354463050.8600005
2025-08-01 10:17:39 AM,106.68,975,104013.0,354567063.8600005
2025-08-01 10:17:42 AM,106.66,0,0.0,354567063.8600005
2025-08-01 10:17:45 AM,106.68,0,0.0,354567063.8600005
2025-08-01 10:17:45 AM,106.68,3522,375726.96,354942790.82000047
2025-08-01 10:17:46 AM,106.66,0,0.0,354942790.82000047
2025-08-01 10:17:48 AM,106.67,0,0.0,354942790.82000047
2025-08-01 10:17:49 AM,106.66,0,0.0,354942790.82000047
2025-08-01 10:17:51 AM,106.66,4370,466104.2,355408895.02000046
2025-08-01 10:17:54 AM,106.63,0,0.0,355408895.02000046
2025-08-01 10:17:55 AM,106.62,0,0.0,355408895.02000046
2025-08-01 10:17:56 AM,106.62,2695,287340.9,355696235.92000043
2025-08-01 10:18:02 AM,106.6,0,0.0,355696235.92000043
2025-08-01 10:18:02 AM,106.6,5014,534492.4,356230728.3200004
2025-08-01 10:18:12 AM,106.62,0,0.0,356230728.3200004
2025-08-01 10:18:14 AM,106.62,500,53310.0,356284038.3200004
2025-08-01 10:18:14 AM,106.6,1610,171626.0,356455664.3200004
2025-08-01 10:18:19 AM,106.62,0,0.0,356455664.3200004
2025-08-01 10:18:20 AM,106.62,2026,216012.12,356671676.4400004
2025-08-01 10:18:25 AM,106.62,1001,106726.62000000001,356778403.0600004
2025-08-01 10:18:27 AM,106.59,0,0.0,356778403.0600004
2025-08-01 10:18:30 AM,106.58,0,0.0,356778403.0600004
2025-08-01 10:18:31 AM,106.58,9032,962630.5599999999,357741033.6200004
2025-08-01 10:18:37 AM,106.6,0,0.0,357741033.6200004
2025-08-01 10:18:37 AM,106.6,3014,321292.39999999997,358062326.0200004
2025-08-01 10:18:43 AM,106.59,0,0.0,358062326.0200004
2025-08-01 10:18:43 AM,106.59,2002,213393.18,358275719.2000004
