date,price,qty,trnvr,cum_trnvr
2025-08-01 09:15:03 AM,754.75,762,575119.5,575119.5
2025-08-01 09:15:05 AM,755.35,10,7553.5,582673.0
2025-08-01 09:15:12 AM,754.65,0,0.0,582673.0
2025-08-01 09:15:15 AM,754.65,5,3773.25,586446.25
2025-08-01 09:15:22 AM,753.95,0,0.0,586446.25
2025-08-01 09:15:25 AM,752.35,1073,807271.55,1393717.8
2025-08-01 09:15:27 AM,752.35,3,2257.05,1395974.85
2025-08-01 09:15:28 AM,754.15,0,0.0,1395974.85
2025-08-01 09:15:32 AM,752.35,0,0.0,1395974.85
2025-08-01 09:15:34 AM,754.15,21,15837.15,1411812.0
2025-08-01 09:15:35 AM,752.35,1,752.35,1412564.35
2025-08-01 09:15:36 AM,754.1,0,0.0,1412564.35
2025-08-01 09:15:41 AM,752.35,0,0.0,1412564.35
2025-08-01 09:15:42 AM,751.8,3008,2261414.4,3673978.75
2025-08-01 09:15:43 AM,751.6,32,24051.2,3698029.95
2025-08-01 09:15:50 AM,752.8,141,106144.79999999999,3804174.75
2025-08-01 09:15:52 AM,751.95,496,372967.2,4177141.95
2025-08-01 09:15:54 AM,752.75,0,0.0,4177141.95
2025-08-01 09:15:58 AM,752.75,5,3763.75,4180905.7
2025-08-01 09:16:00 AM,752.25,129,97040.25,4277945.95
2025-08-01 09:16:03 AM,752.75,0,0.0,4277945.95
2025-08-01 09:16:06 AM,752.75,12,9033.0,4286978.95
2025-08-01 09:16:08 AM,752.1,2,1504.2,4288483.15
2025-08-01 09:16:14 AM,751.05,565,424343.25,4712826.4
2025-08-01 09:16:16 AM,751.0,29,21779.0,4734605.4
2025-08-01 09:16:20 AM,751.95,0,0.0,4734605.4
2025-08-01 09:16:23 AM,751.95,24,18046.800000000003,4752652.2
2025-08-01 09:16:24 AM,751.95,10,7519.5,4760171.7
2025-08-01 09:16:38 AM,752.65,0,0.0,4760171.7
2025-08-01 09:16:40 AM,752.35,0,0.0,4760171.7
2025-08-01 09:16:41 AM,752.35,556,418306.60000000003,5178478.3
2025-08-01 09:16:48 AM,752.45,141,106095.45000000001,5284573.75
2025-08-01 09:16:49 AM,751.1,28,21030.8,5305604.55
2025-08-01 09:16:50 AM,751.4,0,0.0,5305604.55
2025-08-01 09:16:56 AM,751.55,190,142794.5,5448399.05
2025-08-01 09:16:57 AM,751.55,2,1503.1,5449902.149999999
2025-08-01 09:17:05 AM,752.85,28,21079.8,5470981.949999999
2025-08-01 09:17:08 AM,752.4,0,0.0,5470981.949999999
2025-08-01 09:17:12 AM,752.4,2,1504.8,5472486.749999999
2025-08-01 09:17:22 AM,754.0,8,6032.0,5478518.749999999
2025-08-01 09:17:29 AM,754.0,1,754.0,5479272.749999999
2025-08-01 09:17:45 AM,754.0,247,186238.0,5665510.749999999
2025-08-01 09:17:46 AM,754.0,3,2262.0,5667772.749999999
2025-08-01 09:17:49 AM,753.95,0,0.0,5667772.749999999
2025-08-01 09:17:54 AM,753.95,54,40713.3,5708486.049999999
2025-08-01 09:18:02 AM,754.15,5,3770.75,5712256.799999999
2025-08-01 09:18:06 AM,753.75,0,0.0,5712256.799999999
2025-08-01 09:18:08 AM,754.15,0,0.0,5712256.799999999
2025-08-01 09:18:10 AM,754.15,3,2262.45,5714519.249999999
2025-08-01 09:18:14 AM,753.55,0,0.0,5714519.249999999
2025-08-01 09:18:19 AM,753.55,63,47473.649999999994,5761992.899999999
2025-08-01 09:18:20 AM,755.0,103,77765.0,5839757.899999999
2025-08-01 09:18:28 AM,754.6,1,754.6,5840512.499999999
2025-08-01 09:18:31 AM,755.2,0,0.0,5840512.499999999
2025-08-01 09:18:35 AM,755.2,151,114035.20000000001,5954547.699999999
2025-08-01 09:18:43 AM,755.35,60,45321.0,5999868.699999999
2025-08-01 09:18:45 AM,755.75,34,25695.5,6025564.199999999
2025-08-01 09:19:04 AM,755.5,0,0.0,6025564.199999999
2025-08-01 09:19:08 AM,755.8,164,123951.2,6149515.399999999
2025-08-01 09:19:09 AM,755.2,1,755.2,6150270.6
2025-08-01 09:19:10 AM,755.3,0,0.0,6150270.6
2025-08-01 09:19:11 AM,755.9,0,0.0,6150270.6
2025-08-01 09:19:16 AM,755.9,6,4535.4,6154806.0
2025-08-01 09:19:17 AM,756.0,11,8316.0,6163122.0
2025-08-01 09:19:17 AM,755.4,0,0.0,6163122.0
2025-08-01 09:19:24 AM,756.0,163,123228.0,6286350.0
2025-08-01 09:19:24 AM,755.7,0,0.0,6286350.0
2025-08-01 09:19:25 AM,755.7,2,1511.4,6287861.4
2025-08-01 09:19:31 AM,754.9,0,0.0,6287861.4
2025-08-01 09:19:32 AM,754.9,167,126068.3,6413929.7
2025-08-01 09:19:33 AM,755.35,24,18128.4,6432058.100000001
2025-08-01 09:19:35 AM,755.05,0,0.0,6432058.100000001
2025-08-01 09:19:40 AM,754.9,4,3019.6,6435077.7
2025-08-01 09:19:42 AM,754.9,1,754.9,6435832.600000001
2025-08-01 09:19:42 AM,755.0,0,0.0,6435832.600000001
2025-08-01 09:19:48 AM,755.0,64,48320.0,6484152.600000001
2025-08-01 09:19:49 AM,754.9,0,0.0,6484152.600000001
2025-08-01 09:19:50 AM,754.9,1,754.9,6484907.500000001
2025-08-01 09:19:56 AM,754.9,1,754.9,6485662.400000001
2025-08-01 09:20:03 AM,755.5,0,0.0,6485662.400000001
2025-08-01 09:20:04 AM,755.5,2,1511.0,6487173.400000001
2025-08-01 09:20:21 AM,755.5,10,7555.0,6494728.400000001
2025-08-01 09:20:28 AM,755.95,106,80130.70000000001,6574859.1000000015
2025-08-01 09:20:28 AM,755.55,0,0.0,6574859.1000000015
2025-08-01 09:20:29 AM,755.55,1,755.55,6575614.650000001
2025-08-01 09:20:35 AM,755.55,23,17377.649999999998,6592992.300000002
2025-08-01 09:20:42 AM,755.5,0,0.0,6592992.300000002
2025-08-01 09:20:43 AM,755.5,202,152611.0,6745603.300000002
2025-08-01 09:20:45 AM,755.55,2,1511.1,6747114.400000001
2025-08-01 09:20:51 AM,755.55,5,3777.75,6750892.150000001
2025-08-01 09:21:05 AM,756.05,0,0.0,6750892.150000001
2025-08-01 09:21:07 AM,756.05,14,10584.699999999999,6761476.8500000015
2025-08-01 09:21:08 AM,755.6,1,755.6,6762232.450000001
2025-08-01 09:21:14 AM,755.6,10,7556.0,6769788.450000001
2025-08-01 09:21:19 AM,756.0,0,0.0,6769788.450000001
2025-08-01 09:21:22 AM,756.0,57,43092.0,6812880.450000001
2025-08-01 09:21:23 AM,756.0,4,3024.0,6815904.450000001
2025-08-01 09:21:30 AM,756.0,23,17388.0,6833292.450000001
2025-08-01 09:21:33 AM,756.2,0,0.0,6833292.450000001
2025-08-01 09:21:37 AM,756.0,0,0.0,6833292.450000001
2025-08-01 09:21:38 AM,756.0,11,8316.0,6841608.450000001
2025-08-01 09:21:39 AM,756.0,1,756.0,6842364.450000001
2025-08-01 09:21:49 AM,756.45,0,0.0,6842364.450000001
2025-08-01 09:21:53 AM,756.45,2,1512.9,6843877.3500000015
2025-08-01 09:21:59 AM,756.2,0,0.0,6843877.3500000015
2025-08-01 09:22:01 AM,756.0,51,38556.0,6882433.3500000015
2025-08-01 09:22:02 AM,755.55,1,755.55,6883188.900000001
2025-08-01 09:22:03 AM,756.35,0,0.0,6883188.900000001
2025-08-01 09:22:08 AM,756.35,262,198163.7,7081352.6000000015
2025-08-01 09:22:10 AM,755.65,3,2266.95,7083619.550000002
2025-08-01 09:22:10 AM,755.6,0,0.0,7083619.550000002
2025-08-01 09:22:13 AM,755.65,0,0.0,7083619.550000002
2025-08-01 09:22:16 AM,755.65,5,3778.25,7087397.800000002
2025-08-01 09:22:17 AM,755.65,2,1511.3,7088909.1000000015
2025-08-01 09:22:27 AM,755.45,0,0.0,7088909.1000000015
2025-08-01 09:22:31 AM,754.55,218,164491.9,7253401.000000002
2025-08-01 09:22:34 AM,754.25,0,0.0,7253401.000000002
2025-08-01 09:22:39 AM,754.25,8,6034.0,7259435.000000002
2025-08-01 09:22:41 AM,754.0,0,0.0,7259435.000000002
2025-08-01 09:22:46 AM,754.0,5,3770.0,7263205.000000002
2025-08-01 09:22:52 AM,753.5,0,0.0,7263205.000000002
2025-08-01 09:22:54 AM,753.5,280,210980.0,7474185.000000002
2025-08-01 09:22:58 AM,754.0,0,0.0,7474185.000000002
2025-08-01 09:23:01 AM,754.0,239,180206.0,7654391.000000002
2025-08-01 09:23:03 AM,753.0,582,438246.0,8092637.000000002
2025-08-01 09:23:05 AM,753.05,0,0.0,8092637.000000002
2025-08-01 09:23:09 AM,753.05,4,3012.2,8095649.200000002
2025-08-01 09:23:11 AM,753.1,5,3765.5,8099414.700000002
2025-08-01 09:23:17 AM,753.25,11,8285.75,8107700.450000002
2025-08-01 09:23:26 AM,753.0,11,8283.0,8115983.450000002
2025-08-01 09:23:52 AM,753.6,0,0.0,8115983.450000002
2025-08-01 09:23:55 AM,753.6,1,753.6,8116737.050000002
2025-08-01 09:24:10 AM,753.0,100,75300.0,8192037.050000002
2025-08-01 09:24:12 AM,753.0,3,2259.0,8194296.050000002
2025-08-01 09:24:26 AM,753.0,20,15060.0,8209356.050000002
2025-08-01 09:24:41 AM,753.0,5,3765.0,8213121.050000002
2025-08-01 09:24:58 AM,753.75,47,35426.25,8248547.300000002
2025-08-01 09:25:05 AM,753.0,2,1506.0,8250053.300000002
2025-08-01 09:25:20 AM,753.85,41,30907.850000000002,8280961.150000001
2025-08-01 09:25:34 AM,753.8,0,0.0,8280961.150000001
2025-08-01 09:25:35 AM,753.8,5,3769.0,8284730.150000001
2025-08-01 09:25:40 AM,753.85,0,0.0,8284730.150000001
2025-08-01 09:25:40 AM,753.85,5,3769.25,8288499.400000001
2025-08-01 09:25:43 AM,753.25,2,1506.5,8290005.900000001
2025-08-01 09:25:50 AM,754.1,32,24131.2,8314137.1000000015
2025-08-01 09:26:03 AM,754.7,31,23395.7,8337532.800000002
2025-08-01 09:26:27 AM,755.45,0,0.0,8337532.800000002
2025-08-01 09:26:28 AM,755.45,130,98208.5,8435741.3
2025-08-01 09:26:28 AM,754.2,0,0.0,8435741.3
2025-08-01 09:26:34 AM,754.2,499,376345.80000000005,8812087.100000001
2025-08-01 09:26:36 AM,754.4,7,5280.8,8817367.900000002
2025-08-01 09:26:43 AM,754.2,0,0.0,8817367.900000002
2025-08-01 09:26:46 AM,753.9,0,0.0,8817367.900000002
2025-08-01 09:26:49 AM,753.9,103,77651.7,8895019.600000001
2025-08-01 09:26:51 AM,754.55,30,22636.5,8917656.100000001
2025-08-01 09:26:53 AM,754.0,0,0.0,8917656.100000001
2025-08-01 09:26:56 AM,754.25,0,0.0,8917656.100000001
2025-08-01 09:26:57 AM,754.25,21,15839.25,8933495.350000001
2025-08-01 09:27:26 AM,754.1,25,18852.5,8952347.850000001
2025-08-01 09:27:32 AM,754.85,0,0.0,8952347.850000001
2025-08-01 09:27:34 AM,754.85,9,6793.650000000001,8959141.500000002
2025-08-01 09:27:50 AM,754.85,5,3774.25,8962915.750000002
2025-08-01 09:27:57 AM,754.85,3,2264.55,8965180.300000003
2025-08-01 09:28:27 AM,754.35,0,0.0,8965180.300000003
2025-08-01 09:28:28 AM,754.35,22,16595.7,8981776.000000002
2025-08-01 09:28:32 AM,754.55,0,0.0,8981776.000000002
2025-08-01 09:28:35 AM,754.55,1,754.55,8982530.550000003
2025-08-01 09:28:53 AM,754.25,0,0.0,8982530.550000003
2025-08-01 09:28:58 AM,754.25,1,754.25,8983284.800000003
2025-08-01 09:29:52 AM,754.35,6,4526.1,8987810.900000002
2025-08-01 09:29:57 AM,754.25,0,0.0,8987810.900000002
2025-08-01 09:29:58 AM,754.25,5,3771.25,8991582.150000002
2025-08-01 09:30:28 AM,754.5,20,15090.0,9006672.150000002
2025-08-01 09:30:32 AM,754.25,0,0.0,9006672.150000002
2025-08-01 09:30:36 AM,754.25,19,14330.75,9021002.900000002
2025-08-01 09:30:36 AM,754.1,4,3016.4,9024019.300000003
2025-08-01 09:30:43 AM,754.1,125,94262.5,9118281.800000003
2025-08-01 09:30:46 AM,753.45,0,0.0,9118281.800000003
2025-08-01 09:30:50 AM,753.45,4,3013.8,9121295.600000003
2025-08-01 09:30:53 AM,753.35,0,0.0,9121295.600000003
2025-08-01 09:30:58 AM,753.35,3,2260.05,9123555.650000004
2025-08-01 09:32:23 AM,754.1,0,0.0,9123555.650000004
2025-08-01 09:32:30 AM,754.1,100,75410.0,9198965.650000004
2025-08-01 09:32:35 AM,753.5,0,0.0,9198965.650000004
2025-08-01 09:32:37 AM,753.5,3,2260.5,9201226.150000004
2025-08-01 09:32:51 AM,754.0,1,754.0,9201980.150000004
2025-08-01 09:33:11 AM,753.6,0,0.0,9201980.150000004
2025-08-01 09:33:12 AM,753.6,11,8289.6,9210269.750000004
2025-08-01 09:33:19 AM,754.0,1,754.0,9211023.750000004
2025-08-01 09:33:31 AM,753.6,0,0.0,9211023.750000004
2025-08-01 09:33:33 AM,753.6,82,61795.200000000004,9272818.950000003
2025-08-01 09:33:36 AM,754.0,0,0.0,9272818.950000003
2025-08-01 09:33:40 AM,754.0,5,3770.0,9276588.950000003
2025-08-01 09:34:36 AM,753.95,9,6785.55,9283374.500000004
2025-08-01 09:34:41 AM,754.1,0,0.0,9283374.500000004
2025-08-01 09:34:42 AM,754.1,9,6786.900000000001,9290161.400000004
2025-08-01 09:35:10 AM,753.9,60,45234.0,9335395.400000004
2025-08-01 09:35:17 AM,753.9,4,3015.6,9338411.000000004
2025-08-01 09:36:08 AM,754.0,0,0.0,9338411.000000004
2025-08-01 09:36:09 AM,754.55,0,0.0,9338411.000000004
2025-08-01 09:36:12 AM,754.55,45,33954.75,9372365.750000004
2025-08-01 09:37:19 AM,754.35,53,39980.55,9412346.300000004
2025-08-01 09:37:29 AM,754.8,0,0.0,9412346.300000004
2025-08-01 09:37:32 AM,754.8,11,8302.8,9420649.100000005
2025-08-01 09:38:16 AM,754.4,0,0.0,9420649.100000005
2025-08-01 09:38:20 AM,754.4,62,46772.799999999996,9467421.900000006
2025-08-01 09:38:21 AM,754.35,0,0.0,9467421.900000006
2025-08-01 09:38:26 AM,754.35,4,3017.4,9470439.300000006
2025-08-01 09:39:06 AM,754.15,135,101810.25,9572249.550000006
2025-08-01 09:39:11 AM,753.9,0,0.0,9572249.550000006
2025-08-01 09:39:13 AM,753.9,11,8292.9,9580542.450000007
2025-08-01 09:39:53 AM,753.85,10,7538.5,9588080.950000007
2025-08-01 09:39:57 AM,753.9,0,0.0,9588080.950000007
2025-08-01 09:39:59 AM,753.9,9,6785.099999999999,9594866.050000006
2025-08-01 09:40:49 AM,754.0,0,0.0,9594866.050000006
2025-08-01 09:40:52 AM,754.0,29,21866.0,9616732.050000006
2025-08-01 09:41:36 AM,754.65,0,0.0,9616732.050000006
2025-08-01 09:41:38 AM,754.65,9,6791.849999999999,9623523.900000006
2025-08-01 09:41:46 AM,754.65,20,15093.0,9638616.900000006
2025-08-01 09:42:01 AM,754.3,0,0.0,9638616.900000006
2025-08-01 09:42:04 AM,754.3,11,8297.3,9646914.200000007
2025-08-01 09:42:50 AM,754.3,53,39977.899999999994,9686892.100000007
2025-08-01 09:42:55 AM,753.7,0,0.0,9686892.100000007
2025-08-01 09:42:57 AM,753.7,4,3014.8,9689906.900000008
2025-08-01 09:43:07 AM,753.5,0,0.0,9689906.900000008
2025-08-01 09:43:10 AM,753.5,5,3767.5,9693674.400000008
2025-08-01 09:43:55 AM,753.55,0,0.0,9693674.400000008
2025-08-01 09:43:56 AM,753.55,25,18838.75,9712513.150000008
2025-08-01 09:44:09 AM,753.6,10,7536.0,9720049.150000008
2025-08-01 09:44:17 AM,753.45,37,27877.65,9747926.800000008
2025-08-01 09:44:48 AM,753.05,14,10542.699999999999,9758469.500000007
2025-08-01 09:45:04 AM,753.0,0,0.0,9758469.500000007
2025-08-01 09:45:08 AM,753.0,3166,2383998.0,12142467.500000007
2025-08-01 09:45:16 AM,753.0,11,8283.0,12150750.500000007
2025-08-01 09:45:21 AM,753.0,209,157377.0,12308127.500000007
2025-08-01 09:45:23 AM,753.05,134,100908.7,12409036.200000007
2025-08-01 09:45:24 AM,753.0,0,0.0,12409036.200000007
2025-08-01 09:45:29 AM,753.0,305,229665.0,12638701.200000007
2025-08-01 09:45:34 AM,753.0,111,83583.0,12722284.200000007
2025-08-01 09:46:00 AM,753.0,50,37650.0,12759934.200000007
2025-08-01 09:46:06 AM,753.05,211,158893.55,12918827.750000007
2025-08-01 09:46:13 AM,753.05,8,6024.4,12924852.150000008
2025-08-01 09:46:39 AM,753.05,54,40664.7,12965516.850000007
2025-08-01 09:46:44 AM,753.0,0,0.0,12965516.850000007
2025-08-01 09:46:45 AM,753.0,66,49698.0,13015214.850000007
2025-08-01 09:46:47 AM,753.0,127,95631.0,13110845.850000007
2025-08-01 09:46:51 AM,753.0,510,384030.0,13494875.850000007
2025-08-01 09:46:53 AM,753.15,1,753.15,13495629.000000007
2025-08-01 09:46:53 AM,753.0,0,0.0,13495629.000000007
2025-08-01 09:46:56 AM,752.9,0,0.0,13495629.000000007
2025-08-01 09:46:57 AM,753.0,551,414903.0,13910532.000000007
2025-08-01 09:47:02 AM,752.75,0,0.0,13910532.000000007
2025-08-01 09:47:03 AM,752.75,12,9033.0,13919565.000000007
2025-08-01 09:47:20 AM,753.0,0,0.0,13919565.000000007
2025-08-01 09:47:22 AM,753.0,20,15060.0,13934625.000000007
2025-08-01 09:47:33 AM,752.75,0,0.0,13934625.000000007
2025-08-01 09:47:35 AM,752.75,88,66242.0,14000867.000000007
2025-08-01 09:47:37 AM,751.4,4,3005.6,14003872.600000007
2025-08-01 09:47:40 AM,751.1,0,0.0,14003872.600000007
2025-08-01 09:47:42 AM,751.1,448,336492.8,14340365.400000008
2025-08-01 09:47:48 AM,751.1,10,7511.0,14347876.400000008
2025-08-01 09:47:58 AM,751.1,40,30044.0,14377920.400000008
2025-08-01 09:48:02 AM,751.55,1,751.55,14378671.950000009
2025-08-01 09:48:47 AM,751.15,2,1502.3,14380174.25000001
2025-08-01 09:49:24 AM,751.15,1,751.15,14380925.40000001
2025-08-01 09:49:30 AM,751.15,1,751.15,14381676.55000001
2025-08-01 09:50:05 AM,751.2,6,4507.200000000001,14386183.75000001
2025-08-01 09:50:09 AM,751.2,6,4507.200000000001,14390690.950000009
2025-08-01 09:50:15 AM,751.2,25,18780.0,14409470.950000009
2025-08-01 09:50:37 AM,751.2,15,11268.0,14420738.950000009
2025-08-01 09:50:53 AM,751.55,0,0.0,14420738.950000009
2025-08-01 09:50:53 AM,751.55,5,3757.75,14424496.700000009
2025-08-01 09:51:05 AM,751.55,1,751.55,14425248.25000001
2025-08-01 09:51:12 AM,751.2,8,6009.6,14431257.850000009
2025-08-01 09:51:39 AM,751.05,0,0.0,14431257.850000009
2025-08-01 09:51:39 AM,751.05,166,124674.29999999999,14555932.15000001
2025-08-01 09:51:40 AM,750.5,0,0.0,14555932.15000001
2025-08-01 09:51:43 AM,750.5,45,33772.5,14589704.65000001
2025-08-01 09:51:46 AM,749.9,0,0.0,14589704.65000001
2025-08-01 09:51:49 AM,749.9,265,198723.5,14788428.15000001
2025-08-01 09:52:16 AM,749.75,35,26241.25,14814669.40000001
2025-08-01 09:52:17 AM,749.5,0,0.0,14814669.40000001
2025-08-01 09:52:23 AM,749.5,10,7495.0,14822164.40000001
2025-08-01 09:52:26 AM,749.05,0,0.0,14822164.40000001
2025-08-01 09:52:26 AM,749.05,248,185764.4,15007928.80000001
2025-08-01 09:52:41 AM,748.9,50,37445.0,15045373.80000001
2025-08-01 09:52:59 AM,748.95,0,0.0,15045373.80000001
2025-08-01 09:52:59 AM,748.95,10,7489.5,15052863.30000001
2025-08-01 09:53:05 AM,749.6,0,0.0,15052863.30000001
2025-08-01 09:53:08 AM,749.6,82,61467.200000000004,15114330.50000001
2025-08-01 09:53:11 AM,749.35,0,0.0,15114330.50000001
2025-08-01 09:53:15 AM,749.35,10,7493.5,15121824.00000001
2025-08-01 09:53:33 AM,749.35,3,2248.05,15124072.05000001
2025-08-01 09:53:36 AM,749.5,0,0.0,15124072.05000001
2025-08-01 09:53:40 AM,749.5,1000,749500.0,15873572.05000001
2025-08-01 09:53:43 AM,749.7,0,0.0,15873572.05000001
2025-08-01 09:53:45 AM,749.5,0,0.0,15873572.05000001
2025-08-01 09:53:46 AM,749.5,46,34477.0,15908049.05000001
2025-08-01 09:53:51 AM,749.7,0,0.0,15908049.05000001
2025-08-01 09:53:52 AM,749.7,3,2249.1000000000004,15910298.15000001
2025-08-01 09:54:09 AM,749.3,0,0.0,15910298.15000001
2025-08-01 09:54:11 AM,749.3,139,104152.7,16014450.850000009
2025-08-01 09:54:36 AM,749.05,29,21722.449999999997,16036173.300000008
2025-08-01 09:55:00 AM,749.05,8,5992.4,16042165.700000009
2025-08-01 09:55:01 AM,749.0,0,0.0,16042165.700000009
2025-08-01 09:55:05 AM,749.0,10,7490.0,16049655.700000009
2025-08-01 09:55:07 AM,748.75,0,0.0,16049655.700000009
2025-08-01 09:55:11 AM,748.75,1,748.75,16050404.450000009
2025-08-01 09:55:20 AM,748.8,0,0.0,16050404.450000009
2025-08-01 09:55:22 AM,748.25,0,0.0,16050404.450000009
2025-08-01 09:55:23 AM,748.25,51,38160.75,16088565.200000009
2025-08-01 09:55:46 AM,747.7,0,0.0,16088565.200000009
2025-08-01 09:55:47 AM,747.7,150,112155.0,16200720.200000009
2025-08-01 09:55:49 AM,748.35,0,0.0,16200720.200000009
2025-08-01 09:55:53 AM,748.35,13,9728.550000000001,16210448.75000001
2025-08-01 09:56:48 AM,747.65,30,22429.5,16232878.25000001
2025-08-01 09:56:49 AM,747.45,0,0.0,16232878.25000001
2025-08-01 09:56:50 AM,747.35,0,0.0,16232878.25000001
2025-08-01 09:56:53 AM,747.35,2,1494.7,16234372.950000009
2025-08-01 09:57:05 AM,747.15,5,3735.75,16238108.700000009
2025-08-01 09:57:24 AM,746.5,130,97045.0,16335153.700000009
2025-08-01 09:57:38 AM,745.7,0,0.0,16335153.700000009
2025-08-01 09:57:40 AM,745.7,205,152868.5,16488022.200000009
2025-08-01 09:57:49 AM,746.8,0,0.0,16488022.200000009
2025-08-01 09:57:49 AM,746.8,260,194168.0,16682190.200000009
2025-08-01 09:57:52 AM,746.05,7,5222.349999999999,16687412.550000008
2025-08-01 09:58:06 AM,745.8,0,0.0,16687412.550000008
2025-08-01 09:58:07 AM,745.8,15,11187.0,16698599.550000008
2025-08-01 09:58:13 AM,745.3,50,37265.0,16735864.550000008
2025-08-01 09:58:31 AM,745.25,0,0.0,16735864.550000008
2025-08-01 09:58:31 AM,745.25,20,14905.0,16750769.550000008
2025-08-01 09:58:35 AM,745.25,12,8943.0,16759712.550000008
2025-08-01 09:58:50 AM,745.25,5,3726.25,16763438.800000008
2025-08-01 09:58:53 AM,744.5,869,646970.5,17410409.30000001
2025-08-01 09:58:55 AM,743.6,0,0.0,17410409.30000001
2025-08-01 09:58:56 AM,743.3,50,37165.0,17447574.30000001
2025-08-01 09:58:59 AM,743.2,0,0.0,17447574.30000001
2025-08-01 09:58:59 AM,743.2,2,1486.4,17449060.700000007
2025-08-01 09:59:02 AM,743.95,0,0.0,17449060.700000007
2025-08-01 09:59:02 AM,743.95,84,62491.8,17511552.500000007
2025-08-01 09:59:12 AM,745.0,0,0.0,17511552.500000007
2025-08-01 09:59:12 AM,745.0,254,189230.0,17700782.500000007
2025-08-01 09:59:16 AM,744.7,0,0.0,17700782.500000007
2025-08-01 09:59:18 AM,745.7,454,338547.80000000005,18039330.30000001
2025-08-01 09:59:21 AM,745.45,0,0.0,18039330.30000001
2025-08-01 09:59:21 AM,745.45,80,59636.0,18098966.30000001
2025-08-01 09:59:24 AM,745.3,0,0.0,18098966.30000001
2025-08-01 09:59:24 AM,745.3,14,10434.199999999999,18109400.500000007
2025-08-01 09:59:32 AM,745.05,0,0.0,18109400.500000007
2025-08-01 09:59:33 AM,745.05,7,5215.349999999999,18114615.85000001
2025-08-01 09:59:59 AM,744.05,0,0.0,18114615.85000001
2025-08-01 10:00:01 AM,744.05,3652,2717270.5999999996,20831886.45000001
2025-08-01 10:00:07 AM,743.85,279,207534.15,21039420.60000001
2025-08-01 10:00:33 AM,739.65,10198,7542950.7,28582371.30000001
2025-08-01 10:00:39 AM,739.75,0,0.0,28582371.30000001
2025-08-01 10:00:39 AM,739.75,117,86550.75,28668922.05000001
2025-08-01 10:00:42 AM,739.75,56,41426.0,28710348.05000001
2025-08-01 10:00:45 AM,739.65,74,54734.1,28765082.15000001
2025-08-01 10:00:49 AM,739.1,1,739.1,28765821.25000001
2025-08-01 10:00:52 AM,739.1,79,58388.9,28824210.15000001
2025-08-01 10:00:55 AM,739.1,78,57649.8,28881859.95000001
2025-08-01 10:01:04 AM,739.15,0,0.0,28881859.95000001
2025-08-01 10:01:04 AM,739.15,2,1478.3,28883338.25000001
2025-08-01 10:01:09 AM,739.1,0,0.0,28883338.25000001
2025-08-01 10:01:11 AM,739.1,101,74649.1,28957987.350000013
2025-08-01 10:01:14 AM,739.2,0,0.0,28957987.350000013
2025-08-01 10:01:14 AM,739.2,46,34003.200000000004,28991990.550000012
2025-08-01 10:01:17 AM,739.25,104,76882.0,29068872.550000012
2025-08-01 10:01:19 AM,739.15,0,0.0,29068872.550000012
2025-08-01 10:01:20 AM,739.15,1,739.15,29069611.70000001
2025-08-01 10:01:47 AM,739.85,114,84342.90000000001,29153954.60000001
2025-08-01 10:02:05 AM,739.9,0,0.0,29153954.60000001
2025-08-01 10:02:05 AM,739.9,20,14798.0,29168752.60000001
2025-08-01 10:02:15 AM,740.4,0,0.0,29168752.60000001
2025-08-01 10:02:16 AM,740.4,35,25914.0,29194666.60000001
2025-08-01 10:02:42 AM,740.6,65,48139.0,29242805.60000001
2025-08-01 10:03:13 AM,740.75,1,740.75,29243546.35000001
2025-08-01 10:03:15 AM,740.8,0,0.0,29243546.35000001
2025-08-01 10:03:16 AM,740.8,3,2222.3999999999996,29245768.750000007
2025-08-01 10:03:19 AM,741.0,0,0.0,29245768.750000007
2025-08-01 10:03:20 AM,741.0,1,741.0,29246509.750000007
2025-08-01 10:03:22 AM,741.15,103,76338.45,29322848.200000007
2025-08-01 10:04:00 AM,741.2,5,3706.0,29326554.200000007
2025-08-01 10:04:03 AM,741.25,0,0.0,29326554.200000007
2025-08-01 10:04:04 AM,741.25,8,5930.0,29332484.200000007
2025-08-01 10:04:10 AM,740.9,0,0.0,29332484.200000007
2025-08-01 10:04:10 AM,740.9,454,336368.6,29668852.80000001
2025-08-01 10:04:11 AM,740.95,0,0.0,29668852.80000001
2025-08-01 10:04:12 AM,741.7,812,602260.4,30271113.200000007
2025-08-01 10:04:48 AM,742.6,5,3713.0,30274826.200000007
2025-08-01 10:05:02 AM,742.95,1,742.95,30275569.150000006
2025-08-01 10:05:12 AM,742.35,0,0.0,30275569.150000006
2025-08-01 10:05:13 AM,742.35,163,121003.05,30396572.200000007
2025-08-01 10:05:23 AM,741.7,0,0.0,30396572.200000007
2025-08-01 10:05:25 AM,741.65,146,108280.9,30504853.100000005
2025-08-01 10:05:34 AM,742.65,0,0.0,30504853.100000005
2025-08-01 10:05:37 AM,742.65,1692,1256563.8,31761416.900000006
2025-08-01 10:05:43 AM,742.85,0,0.0,31761416.900000006
2025-08-01 10:05:43 AM,742.85,739,548966.15,32310383.050000004
2025-08-01 10:06:01 AM,743.0,0,0.0,32310383.050000004
2025-08-01 10:06:01 AM,743.0,3,2229.0,32312612.050000004
2025-08-01 10:06:24 AM,741.55,0,0.0,32312612.050000004
2025-08-01 10:06:25 AM,741.55,1347,998867.85,33311479.900000006
2025-08-01 10:06:27 AM,741.65,0,0.0,33311479.900000006
2025-08-01 10:06:27 AM,741.65,129,95672.84999999999,33407152.750000007
2025-08-01 10:06:33 AM,741.55,0,0.0,33407152.750000007
2025-08-01 10:06:33 AM,741.5,68,50422.0,33457574.750000007
2025-08-01 10:07:01 AM,741.55,40,29662.0,33487236.750000007
2025-08-01 10:07:03 AM,741.5,20,14830.0,33502066.750000007
2025-08-01 10:07:09 AM,741.55,250,185387.5,33687454.25000001
2025-08-01 10:07:14 AM,741.55,8,5932.4,33693386.650000006
2025-08-01 10:07:16 AM,741.65,446,330775.89999999997,34024162.550000004
2025-08-01 10:07:20 AM,741.55,101,74896.54999999999,34099059.1
2025-08-01 10:07:51 AM,741.8,98,72696.4,34171755.5
2025-08-01 10:07:53 AM,741.8,62,45991.6,34217747.1
2025-08-01 10:08:22 AM,740.95,0,0.0,34217747.1
2025-08-01 10:08:24 AM,740.95,300,222285.0,34440032.1
2025-08-01 10:08:27 AM,741.35,0,0.0,34440032.1
2025-08-01 10:08:28 AM,741.35,2,1482.7,34441514.800000004
2025-08-01 10:08:30 AM,740.85,11,8149.35,34449664.150000006
2025-08-01 10:08:37 AM,741.8,0,0.0,34449664.150000006
2025-08-01 10:08:40 AM,741.8,84,62311.2,34511975.35000001
2025-08-01 10:08:46 AM,742.05,0,0.0,34511975.35000001
2025-08-01 10:08:46 AM,742.05,58,43038.899999999994,34555014.25000001
2025-08-01 10:09:25 AM,743.0,0,0.0,34555014.25000001
2025-08-01 10:09:27 AM,742.6,0,0.0,34555014.25000001
2025-08-01 10:09:27 AM,742.6,65,48269.0,34603283.25000001
2025-08-01 10:09:45 AM,743.1,0,0.0,34603283.25000001
2025-08-01 10:09:45 AM,743.1,5,3715.5,34606998.75000001
2025-08-01 10:10:12 AM,742.65,0,0.0,34606998.75000001
2025-08-01 10:10:13 AM,742.65,241,178978.65,34785977.400000006
2025-08-01 10:10:25 AM,742.65,40,29706.0,34815683.400000006
2025-08-01 10:10:43 AM,742.95,159,118129.05,34933812.45
2025-08-01 10:10:45 AM,743.85,0,0.0,34933812.45
2025-08-01 10:10:45 AM,743.85,142,105626.7,35039439.150000006
2025-08-01 10:12:30 AM,745.1,0,0.0,35039439.150000006
2025-08-01 10:12:33 AM,744.5,0,0.0,35039439.150000006
2025-08-01 10:12:34 AM,744.5,71,52859.5,35092298.650000006
2025-08-01 10:13:15 AM,745.4,0,0.0,35092298.650000006
2025-08-01 10:13:15 AM,745.4,1,745.4,35093044.050000004
2025-08-01 10:13:16 AM,745.5,30,22365.0,35115409.050000004
2025-08-01 10:13:27 AM,745.4,0,0.0,35115409.050000004
2025-08-01 10:13:27 AM,745.4,22,16398.8,35131807.85
2025-08-01 10:13:36 AM,745.05,0,0.0,35131807.85
2025-08-01 10:13:39 AM,745.05,21,15646.05,35147453.9
2025-08-01 10:13:45 AM,745.0,0,0.0,35147453.9
2025-08-01 10:13:45 AM,745.0,52,38740.0,35186193.9
2025-08-01 10:13:48 AM,745.4,0,0.0,35186193.9
2025-08-01 10:13:51 AM,745.4,5,3727.0,35189920.9
2025-08-01 10:14:43 AM,745.3,1,745.3,35190666.199999996
2025-08-01 10:15:17 AM,745.3,1,745.3,35191411.49999999
2025-08-01 10:15:27 AM,745.25,0,0.0,35191411.49999999
2025-08-01 10:15:30 AM,745.25,1,745.25,35192156.74999999
2025-08-01 10:15:51 AM,745.1,0,0.0,35192156.74999999
2025-08-01 10:15:54 AM,745.1,20,14902.0,35207058.74999999
2025-08-01 10:16:14 AM,745.25,0,0.0,35207058.74999999
2025-08-01 10:16:17 AM,745.25,4,2981.0,35210039.74999999
2025-08-01 10:16:29 AM,745.1,2,1490.2,35211529.949999996
2025-08-01 10:16:50 AM,745.25,0,0.0,35211529.949999996
2025-08-01 10:16:51 AM,745.25,9,6707.25,35218237.199999996
2025-08-01 10:17:11 AM,745.1,0,0.0,35218237.199999996
2025-08-01 10:17:14 AM,745.1,20,14902.0,35233139.199999996
2025-08-01 10:17:59 AM,745.3,0,0.0,35233139.199999996
2025-08-01 10:18:00 AM,745.4,0,0.0,35233139.199999996
2025-08-01 10:18:00 AM,745.4,115,85721.0,35318860.199999996
2025-08-01 10:18:14 AM,745.5,0,0.0,35318860.199999996
2025-08-01 10:18:18 AM,745.5,3,2236.5,35321096.699999996
2025-08-01 10:18:23 AM,745.5,32,23856.0,35344952.699999996
2025-08-01 10:18:47 AM,745.5,66,49203.0,35394155.699999996
2025-08-01 10:18:52 AM,745.55,0,0.0,35394155.699999996
2025-08-01 10:18:52 AM,745.55,14,10437.699999999999,35404593.4
2025-08-01 10:19:01 AM,745.5,0,0.0,35404593.4
2025-08-01 10:19:03 AM,745.5,2,1491.0,35406084.4
2025-08-01 10:19:07 AM,745.6,0,0.0,35406084.4
2025-08-01 10:19:09 AM,745.6,1,745.6,35406830.0
2025-08-01 10:19:32 AM,745.6,50,37280.0,35444110.0
2025-08-01 10:19:55 AM,745.5,0,0.0,35444110.0
2025-08-01 10:19:55 AM,745.5,8,5964.0,35450074.0
2025-08-01 10:20:16 AM,746.25,0,0.0,35450074.0
2025-08-01 10:20:17 AM,746.25,150,111937.5,35562011.5
2025-08-01 10:20:29 AM,744.95,31,23093.45,35585104.95
2025-08-01 10:23:24 AM,744.8,0,0.0,35585104.95
2025-08-01 10:23:25 AM,744.8,3,2234.3999999999996,35587339.35
2025-08-01 10:23:36 AM,744.9,0,0.0,35587339.35
2025-08-01 10:23:36 AM,744.9,1,744.9,35588084.25
2025-08-01 10:23:38 AM,744.75,0,0.0,35588084.25
2025-08-01 10:23:39 AM,744.75,107,79688.25,35667772.5
2025-08-01 10:23:44 AM,745.0,0,0.0,35667772.5
2025-08-01 10:23:47 AM,745.0,10,7450.0,35675222.5
2025-08-01 10:23:53 AM,746.05,397,296181.85,35971404.35
2025-08-01 10:24:03 AM,746.5,0,0.0,35971404.35
2025-08-01 10:24:03 AM,746.5,3,2239.5,35973643.85
2025-08-01 10:24:05 AM,745.7,0,0.0,35973643.85
2025-08-01 10:24:06 AM,745.9,0,0.0,35973643.85
2025-08-01 10:24:13 AM,745.9,87,64893.299999999996,36038537.15
2025-08-01 10:24:26 AM,746.05,9,6714.45,36045251.6
2025-08-01 10:25:02 AM,745.75,29,21626.75,36066878.35
2025-08-01 10:25:52 AM,746.4,0,0.0,36066878.35
2025-08-01 10:25:53 AM,746.4,1,746.4,36067624.75
2025-08-01 10:26:01 AM,746.4,1,746.4,36068371.15
2025-08-01 10:26:23 AM,746.4,5,3732.0,36072103.15
2025-08-01 10:26:47 AM,746.4,24,17913.6,36090016.75
2025-08-01 10:27:24 AM,746.1,0,0.0,36090016.75
2025-08-01 10:27:27 AM,746.1,143,106692.3,36196709.05
2025-08-01 10:27:56 AM,745.5,150,111825.0,36308534.05
2025-08-01 10:28:03 AM,746.25,0,0.0,36308534.05
2025-08-01 10:28:04 AM,746.25,80,59700.0,36368234.05
2025-08-01 10:28:40 AM,745.7,0,0.0,36368234.05
2025-08-01 10:28:40 AM,745.7,300,223710.0,36591944.05
2025-08-01 10:29:04 AM,746.2,0,0.0,36591944.05
2025-08-01 10:29:05 AM,746.2,5,3731.0,36595675.05
2025-08-01 10:29:07 AM,746.15,0,0.0,36595675.05
2025-08-01 10:29:08 AM,746.15,3,2238.45,36597913.5
2025-08-01 10:29:41 AM,746.15,15,11192.25,36609105.75
2025-08-01 10:30:06 AM,745.7,1,745.7,36609851.45
2025-08-01 10:30:17 AM,745.2,0,0.0,36609851.45
2025-08-01 10:30:18 AM,745.2,4,2980.8,36612832.25
2025-08-01 10:30:51 AM,745.15,0,0.0,36612832.25
2025-08-01 10:30:52 AM,745.15,50,37257.5,36650089.75
2025-08-01 10:31:29 AM,745.15,10,7451.5,36657541.25
2025-08-01 10:31:40 AM,745.05,0,0.0,36657541.25
2025-08-01 10:31:40 AM,745.05,100,74505.0,36732046.25
2025-08-01 10:31:46 AM,745.05,193,143794.65,36875840.9
2025-08-01 10:32:07 AM,745.7,0,0.0,36875840.9
2025-08-01 10:32:08 AM,745.7,90,67113.0,36942953.9
2025-08-01 10:34:31 AM,746.1,0,0.0,36942953.9
2025-08-01 10:34:32 AM,746.1,1,746.1,36943700.0
2025-08-01 10:34:52 AM,746.2,0,0.0,36943700.0
2025-08-01 10:34:53 AM,746.2,20,14924.0,36958624.0
2025-08-01 10:34:55 AM,746.35,17,12687.95,36971311.95
2025-08-01 10:34:59 AM,746.35,6,4478.1,36975790.050000004
2025-08-01 10:35:01 AM,747.45,0,0.0,36975790.050000004
2025-08-01 10:35:01 AM,747.45,500,373725.0,37349515.050000004
2025-08-01 10:35:28 AM,747.25,0,0.0,37349515.050000004
2025-08-01 10:35:29 AM,747.25,201,150197.25,37499712.300000004
2025-08-01 10:35:46 AM,747.6,0,0.0,37499712.300000004
2025-08-01 10:35:46 AM,747.6,1,747.6,37500459.900000006
2025-08-01 10:36:42 AM,747.35,322,240646.7,37741106.60000001
2025-08-01 10:36:45 AM,746.95,5,3734.75,37744841.35000001
2025-08-01 10:37:16 AM,746.4,0,0.0,37744841.35000001
2025-08-01 10:37:18 AM,746.4,5,3732.0,37748573.35000001
2025-08-01 10:37:22 AM,746.1,0,0.0,37748573.35000001
2025-08-01 10:37:23 AM,746.1,10,7461.0,37756034.35000001
2025-08-01 10:38:09 AM,746.1,25,18652.5,37774686.85000001
2025-08-01 10:39:36 AM,746.55,21,15677.55,37790364.400000006
2025-08-01 10:39:43 AM,748.45,0,0.0,37790364.400000006
2025-08-01 10:39:43 AM,748.45,778,582294.1000000001,38372658.50000001
2025-08-01 10:39:47 AM,748.95,2,1497.9,38374156.400000006
2025-08-01 10:40:08 AM,748.85,2,1497.7,38375654.10000001
2025-08-01 10:40:13 AM,748.95,0,0.0,38375654.10000001
2025-08-01 10:40:14 AM,748.95,5,3744.75,38379398.85000001
2025-08-01 10:40:22 AM,748.5,0,0.0,38379398.85000001
2025-08-01 10:40:22 AM,748.5,3,2245.5,38381644.35000001
2025-08-01 10:40:28 AM,748.85,1,748.85,38382393.20000001
2025-08-01 10:41:50 AM,748.85,13,9735.050000000001,38392128.25000001
2025-08-01 10:42:00 AM,748.85,1,748.85,38392877.10000001
2025-08-01 10:42:22 AM,748.5,0,0.0,38392877.10000001
2025-08-01 10:42:22 AM,748.5,99,74101.5,38466978.60000001
2025-08-01 10:42:23 AM,749.0,0,0.0,38466978.60000001
2025-08-01 10:42:24 AM,749.0,763,571487.0,39038465.60000001
2025-08-01 10:42:35 AM,750.0,0,0.0,39038465.60000001
2025-08-01 10:42:35 AM,750.0,76,57000.0,39095465.60000001
2025-08-01 10:42:52 AM,750.0,10,7500.0,39102965.60000001
2025-08-01 10:42:57 AM,749.95,0,0.0,39102965.60000001
2025-08-01 10:42:58 AM,749.95,4,2999.8,39105965.400000006
2025-08-01 10:43:46 AM,749.95,13,9749.35,39115714.75000001
2025-08-01 10:43:51 AM,749.95,1,749.95,39116464.70000001
2025-08-01 10:43:57 AM,749.95,1,749.95,39117214.65000001
2025-08-01 10:44:22 AM,750.15,0,0.0,39117214.65000001
2025-08-01 10:44:23 AM,749.5,24,17988.0,39135202.65000001
2025-08-01 10:44:27 AM,749.45,0,0.0,39135202.65000001
2025-08-01 10:44:29 AM,749.45,2,1498.9,39136701.55000001
2025-08-01 10:44:33 AM,749.55,0,0.0,39136701.55000001
2025-08-01 10:44:34 AM,749.55,23,17239.649999999998,39153941.20000001
2025-08-01 10:44:37 AM,749.95,0,0.0,39153941.20000001
2025-08-01 10:44:37 AM,749.95,610,457469.5,39611410.70000001
2025-08-01 10:44:40 AM,749.95,64,47996.8,39659407.50000001
2025-08-01 10:44:45 AM,749.95,6,4499.700000000001,39663907.20000001
2025-08-01 10:44:46 AM,749.35,0,0.0,39663907.20000001
2025-08-01 10:44:48 AM,749.35,20,14987.0,39678894.20000001
2025-08-01 10:44:48 AM,749.95,0,0.0,39678894.20000001
2025-08-01 10:44:50 AM,749.95,3,2249.8500000000004,39681144.05000001
2025-08-01 10:45:15 AM,749.95,15,11249.25,39692393.30000001
2025-08-01 10:45:18 AM,750.5,1,750.5,39693143.80000001
2025-08-01 10:46:21 AM,749.95,0,0.0,39693143.80000001
2025-08-01 10:46:22 AM,749.95,103,77244.85,39770388.65000001
2025-08-01 10:46:23 AM,749.65,0,0.0,39770388.65000001
2025-08-01 10:46:24 AM,749.65,11,8246.15,39778634.80000001
2025-08-01 10:46:29 AM,749.6,0,0.0,39778634.80000001
2025-08-01 10:46:29 AM,749.6,1,749.6,39779384.40000001
2025-08-01 10:47:43 AM,748.35,0,0.0,39779384.40000001
2025-08-01 10:47:43 AM,748.35,30,22450.5,39801834.90000001
2025-08-01 10:47:59 AM,748.35,25,18708.75,39820543.65000001
2025-08-01 10:48:15 AM,749.1,0,0.0,39820543.65000001
2025-08-01 10:48:15 AM,749.1,36,26967.600000000002,39847511.250000015
2025-08-01 10:49:34 AM,749.0,0,0.0,39847511.250000015
2025-08-01 10:49:37 AM,749.0,50,37450.0,39884961.250000015
2025-08-01 10:50:46 AM,747.85,0,0.0,39884961.250000015
2025-08-01 10:50:49 AM,747.85,357,266982.45,40151943.70000002
2025-08-01 10:51:03 AM,746.75,0,0.0,40151943.70000002
2025-08-01 10:51:06 AM,746.75,201,150096.75,40302040.45000002
2025-08-01 10:51:14 AM,746.8,0,0.0,40302040.45000002
2025-08-01 10:51:14 AM,746.85,0,0.0,40302040.45000002
2025-08-01 10:51:18 AM,746.85,14,10455.9,40312496.35000002
2025-08-01 10:51:24 AM,746.6,0,0.0,40312496.35000002
2025-08-01 10:51:28 AM,746.6,9,6719.400000000001,40319215.750000015
2025-08-01 10:51:58 AM,746.5,0,0.0,40319215.750000015
2025-08-01 10:52:01 AM,746.5,4,2986.0,40322201.750000015
2025-08-01 10:52:08 AM,745.35,0,0.0,40322201.750000015
2025-08-01 10:52:11 AM,745.35,610,454663.5,40776865.250000015
2025-08-01 10:52:49 AM,745.6,26,19385.600000000002,40796250.85000002
2025-08-01 10:53:48 AM,746.0,10,7460.0,40803710.85000002
2025-08-01 10:54:02 AM,745.45,0,0.0,40803710.85000002
2025-08-01 10:54:03 AM,745.45,76,56654.200000000004,40860365.05000002
2025-08-01 10:56:14 AM,746.0,0,0.0,40860365.05000002
2025-08-01 10:56:17 AM,746.0,114,85044.0,40945409.05000002
2025-08-01 10:56:30 AM,745.8,0,0.0,40945409.05000002
2025-08-01 10:56:33 AM,745.8,15,11187.0,40956596.05000002
2025-08-01 10:56:38 AM,745.6,21,15657.6,40972253.65000002
2025-08-01 10:57:02 AM,745.95,0,0.0,40972253.65000002
2025-08-01 10:57:04 AM,745.95,19,14173.050000000001,40986426.70000002
2025-08-01 10:58:18 AM,746.05,0,0.0,40986426.70000002
2025-08-01 10:58:18 AM,746.05,99,73858.95,41060285.65000002
2025-08-01 10:58:32 AM,746.45,0,0.0,41060285.65000002
2025-08-01 10:58:35 AM,746.45,121,90320.45000000001,41150606.100000024
2025-08-01 11:00:53 AM,746.25,0,0.0,41150606.100000024
2025-08-01 11:00:55 AM,746.45,37,27618.65,41178224.75000002
2025-08-01 11:02:33 AM,746.05,0,0.0,41178224.75000002
2025-08-01 11:02:36 AM,746.05,25,18651.25,41196876.00000002
2025-08-01 11:02:41 AM,746.25,0,0.0,41196876.00000002
2025-08-01 11:02:41 AM,746.25,41,30596.25,41227472.25000002
2025-08-01 11:03:02 AM,746.25,5,3731.25,41231203.50000002
2025-08-01 11:03:29 AM,746.2,0,0.0,41231203.50000002
2025-08-01 11:03:29 AM,746.2,69,51487.8,41282691.30000002
2025-08-01 11:03:32 AM,746.25,5,3731.25,41286422.55000002
2025-08-01 11:03:37 AM,746.45,0,0.0,41286422.55000002
2025-08-01 11:03:38 AM,746.45,52,38815.4,41325237.95000002
2025-08-01 11:04:56 AM,747.1,15,11206.5,41336444.45000002
2025-08-01 11:05:00 AM,746.85,0,0.0,41336444.45000002
2025-08-01 11:05:02 AM,746.85,74,55266.9,41391711.35000002
2025-08-01 11:05:06 AM,747.0,0,0.0,41391711.35000002
2025-08-01 11:05:08 AM,747.0,7,5229.0,41396940.35000002
2025-08-01 11:05:37 AM,746.85,0,0.0,41396940.35000002
2025-08-01 11:05:40 AM,746.85,20,14937.0,41411877.35000002
2025-08-01 11:06:04 AM,746.6,0,0.0,41411877.35000002
2025-08-01 11:06:06 AM,746.6,86,64207.6,41476084.95000002
2025-08-01 11:07:31 AM,746.85,0,0.0,41476084.95000002
2025-08-01 11:07:31 AM,746.85,8,5974.8,41482059.750000015
2025-08-01 11:07:53 AM,746.85,1,746.85,41482806.60000002
2025-08-01 11:07:58 AM,746.6,5,3733.0,41486539.60000002
2025-08-01 11:08:05 AM,746.85,0,0.0,41486539.60000002
2025-08-01 11:08:09 AM,746.85,13,9709.050000000001,41496248.65000001
2025-08-01 11:08:19 AM,746.15,33,24622.95,41520871.60000002
2025-08-01 11:08:58 AM,746.35,0,0.0,41520871.60000002
2025-08-01 11:08:59 AM,746.35,15,11195.25,41532066.85000002
2025-08-01 11:09:08 AM,745.65,1152,858988.7999999999,42391055.65000001
2025-08-01 11:09:12 AM,745.7,0,0.0,42391055.65000001
2025-08-01 11:09:14 AM,745.7,9,6711.3,42397766.95000001
2025-08-01 11:11:35 AM,745.3,26,19377.8,42417144.75000001
2025-08-01 11:11:42 AM,745.7,0,0.0,42417144.75000001
2025-08-01 11:11:46 AM,745.7,100,74570.0,42491714.75000001
2025-08-01 11:11:48 AM,745.65,0,0.0,42491714.75000001
2025-08-01 11:11:51 AM,745.65,3,2236.95,42493951.70000001
2025-08-01 11:12:42 AM,745.75,0,0.0,42493951.70000001
2025-08-01 11:12:44 AM,745.75,180,134235.0,42628186.70000001
2025-08-01 11:13:45 AM,745.75,1,745.75,42628932.45000001
2025-08-01 11:13:59 AM,745.75,100,74575.0,42703507.45000001
2025-08-01 11:14:01 AM,745.8,0,0.0,42703507.45000001
2025-08-01 11:14:05 AM,745.8,33,24611.399999999998,42728118.85000001
2025-08-01 11:14:11 AM,745.8,37,27594.6,42755713.45000001
2025-08-01 11:14:12 AM,745.8,1,745.8,42756459.25000001
2025-08-01 11:15:03 AM,746.0,0,0.0,42756459.25000001
2025-08-01 11:15:05 AM,746.0,50,37300.0,42793759.25000001
2025-08-01 11:16:07 AM,746.4,0,0.0,42793759.25000001
2025-08-01 11:16:07 AM,746.4,9,6717.599999999999,42800476.85000001
2025-08-01 11:16:44 AM,746.4,1,746.4,42801223.25000001
2025-08-01 11:16:51 AM,746.45,0,0.0,42801223.25000001
2025-08-01 11:16:51 AM,746.45,1,746.45,42801969.70000001
2025-08-01 11:16:53 AM,746.5,0,0.0,42801969.70000001
2025-08-01 11:16:55 AM,746.5,1,746.5,42802716.20000001
2025-08-01 11:17:09 AM,746.8,0,0.0,42802716.20000001
2025-08-01 11:17:11 AM,746.8,8,5974.4,42808690.60000001
2025-08-01 11:17:21 AM,746.5,0,0.0,42808690.60000001
2025-08-01 11:17:21 AM,746.5,30,22395.0,42831085.60000001
2025-08-01 11:18:07 AM,746.4,0,0.0,42831085.60000001
2025-08-01 11:18:10 AM,746.4,91,67922.4,42899008.00000001
2025-08-01 11:19:00 AM,746.05,0,0.0,42899008.00000001
2025-08-01 11:19:01 AM,746.05,1,746.05,42899754.050000004
2025-08-01 11:20:08 AM,746.15,0,0.0,42899754.050000004
2025-08-01 11:20:11 AM,746.15,1,746.15,42900500.2
2025-08-01 11:20:13 AM,746.0,0,0.0,42900500.2
2025-08-01 11:20:17 AM,746.0,65,48490.0,42948990.2
2025-08-01 11:20:22 AM,746.0,10,7460.0,42956450.2
2025-08-01 11:20:23 AM,745.95,0,0.0,42956450.2
2025-08-01 11:20:27 AM,745.95,1,745.95,42957196.150000006
2025-08-01 11:20:52 AM,746.2,0,0.0,42957196.150000006
2025-08-01 11:20:53 AM,746.2,9,6715.8,42963911.95
2025-08-01 11:20:54 AM,745.8,0,0.0,42963911.95
2025-08-01 11:20:58 AM,745.8,20,14916.0,42978827.95
2025-08-01 11:21:54 AM,745.55,0,0.0,42978827.95
2025-08-01 11:21:55 AM,745.55,37,27585.35,43006413.300000004
2025-08-01 11:22:05 AM,745.65,0,0.0,43006413.300000004
2025-08-01 11:22:06 AM,745.65,6,4473.9,43010887.2
2025-08-01 11:22:07 AM,745.85,0,0.0,43010887.2
2025-08-01 11:22:11 AM,745.85,145,108148.25,43119035.45
2025-08-01 11:22:17 AM,745.8,0,0.0,43119035.45
2025-08-01 11:22:17 AM,745.8,10,7458.0,43126493.45
2025-08-01 11:22:24 AM,745.6,0,0.0,43126493.45
2025-08-01 11:22:28 AM,745.6,73,54428.8,43180922.25
2025-08-01 11:23:51 AM,746.25,9,6716.25,43187638.5
2025-08-01 11:24:30 AM,745.9,0,0.0,43187638.5
2025-08-01 11:24:33 AM,745.9,25,18647.5,43206286.0
2025-08-01 11:25:32 AM,746.35,0,0.0,43206286.0
2025-08-01 11:25:35 AM,746.35,1,746.35,43207032.35
2025-08-01 11:27:26 AM,746.3,0,0.0,43207032.35
2025-08-01 11:27:28 AM,746.3,1,746.3,43207778.65
2025-08-01 11:27:29 AM,746.25,0,0.0,43207778.65
2025-08-01 11:27:30 AM,746.25,53,39551.25,43247329.9
2025-08-01 11:27:58 AM,746.4,0,0.0,43247329.9
2025-08-01 11:27:59 AM,746.4,9,6717.599999999999,43254047.5
2025-08-01 11:28:50 AM,746.4,10,7464.0,43261511.5
2025-08-01 11:28:52 AM,746.4,1,746.4,43262257.9
2025-08-01 11:30:24 AM,746.4,2,1492.8,43263750.699999996
2025-08-01 11:30:53 AM,746.45,1,746.45,43264497.15
2025-08-01 11:31:12 AM,746.75,1,746.75,43265243.9
2025-08-01 11:31:39 AM,746.7,0,0.0,43265243.9
2025-08-01 11:31:39 AM,746.7,3,2240.1000000000004,43267484.0
2025-08-01 11:32:10 AM,746.45,0,0.0,43267484.0
2025-08-01 11:32:10 AM,746.45,253,188851.85,43456335.85
2025-08-01 11:34:59 AM,746.7,0,0.0,43456335.85
2025-08-01 11:35:04 AM,746.7,10,7467.0,43463802.85
2025-08-01 11:35:14 AM,745.65,0,0.0,43463802.85
2025-08-01 11:35:14 AM,745.95,1437,1071930.1500000001,44535733.0
2025-08-01 11:35:20 AM,745.95,133,99211.35,44634944.35
2025-08-01 11:35:26 AM,745.95,40,29838.0,44664782.35
2025-08-01 11:35:26 AM,746.05,0,0.0,44664782.35
2025-08-01 11:35:31 AM,746.05,1754,1308571.7,45973354.050000004
2025-08-01 11:36:36 AM,746.0,0,0.0,45973354.050000004
2025-08-01 11:36:38 AM,746.0,212,158152.0,46131506.050000004
2025-08-01 11:36:38 AM,746.0,502,374492.0,46505998.050000004
2025-08-01 11:36:43 AM,746.0,14,10444.0,46516442.050000004
2025-08-01 11:36:54 AM,746.0,38,28348.0,46544790.050000004
2025-08-01 11:36:59 AM,746.0,40,29840.0,46574630.050000004
2025-08-01 11:37:04 AM,746.0,42,31332.0,46605962.050000004
2025-08-01 11:37:04 AM,746.35,35,26122.25,46632084.300000004
2025-08-01 11:38:43 AM,746.5,25,18662.5,46650746.800000004
2025-08-01 11:39:11 AM,746.45,0,0.0,46650746.800000004
2025-08-01 11:39:12 AM,746.45,14,10450.300000000001,46661197.1
2025-08-01 11:40:00 AM,746.1,20,14922.0,46676119.1
2025-08-01 11:40:30 AM,746.45,11,8210.95,46684330.050000004
2025-08-01 11:40:49 AM,746.15,0,0.0,46684330.050000004
2025-08-01 11:40:50 AM,746.15,9,6715.349999999999,46691045.400000006
2025-08-01 11:42:05 AM,746.45,0,0.0,46691045.400000006
2025-08-01 11:42:06 AM,746.45,9,6718.05,46697763.45
2025-08-01 11:42:37 AM,746.2,180,134316.0,46832079.45
2025-08-01 11:42:58 AM,746.2,1,746.2,46832825.650000006
2025-08-01 11:43:10 AM,746.2,17,12685.400000000001,46845511.050000004
2025-08-01 11:43:39 AM,746.3,0,0.0,46845511.050000004
2025-08-01 11:43:41 AM,746.3,1,746.3,46846257.35
2025-08-01 11:44:07 AM,746.1,59,44019.9,46890277.25
2025-08-01 11:44:09 AM,746.0,0,0.0,46890277.25
2025-08-01 11:44:13 AM,746.0,22,16412.0,46906689.25
2025-08-01 11:44:14 AM,745.95,0,0.0,46906689.25
2025-08-01 11:44:20 AM,746.0,16,11936.0,46918625.25
2025-08-01 11:45:45 AM,745.75,0,0.0,46918625.25
2025-08-01 11:45:46 AM,745.75,21,15660.75,46934286.0
2025-08-01 11:45:49 AM,745.65,0,0.0,46934286.0
2025-08-01 11:45:51 AM,745.65,13,9693.449999999999,46943979.45
2025-08-01 11:45:52 AM,746.0,55,41030.0,46985009.45
2025-08-01 11:47:08 AM,745.55,0,0.0,46985009.45
2025-08-01 11:47:11 AM,745.55,5,3727.75,46988737.2
2025-08-01 11:47:31 AM,745.55,15,11183.25,46999920.45
2025-08-01 11:48:15 AM,745.5,0,0.0,46999920.45
2025-08-01 11:48:17 AM,745.5,11,8200.5,47008120.95
2025-08-01 11:48:18 AM,746.2,0,0.0,47008120.95
2025-08-01 11:48:22 AM,746.2,100,74620.0,47082740.95
2025-08-01 11:49:38 AM,746.45,0,0.0,47082740.95
2025-08-01 11:49:39 AM,746.45,48,35829.600000000006,47118570.550000004
2025-08-01 11:50:00 AM,745.2,377,280940.4,47399510.95
2025-08-01 11:50:05 AM,746.0,0,0.0,47399510.95
2025-08-01 11:50:05 AM,746.0,1,746.0,47400256.95
2025-08-01 11:50:10 AM,746.0,106,79076.0,47479332.95
2025-08-01 11:51:53 AM,745.8,0,0.0,47479332.95
2025-08-01 11:51:55 AM,745.8,8,5966.4,47485299.35
2025-08-01 11:54:14 AM,746.15,0,0.0,47485299.35
2025-08-01 11:54:17 AM,746.15,1,746.15,47486045.5
2025-08-01 11:54:22 AM,746.1,0,0.0,47486045.5
2025-08-01 11:54:22 AM,746.1,50,37305.0,47523350.5
2025-08-01 11:55:50 AM,746.0,0,0.0,47523350.5
2025-08-01 11:55:53 AM,746.0,50,37300.0,47560650.5
2025-08-01 11:56:15 AM,746.25,0,0.0,47560650.5
2025-08-01 11:56:18 AM,746.25,15,11193.75,47571844.25
2025-08-01 11:56:34 AM,746.25,10,7462.5,47579306.75
2025-08-01 11:56:49 AM,746.8,330,246443.99999999997,47825750.75
2025-08-01 11:58:12 AM,746.85,0,0.0,47825750.75
2025-08-01 11:58:15 AM,746.85,9,6721.650000000001,47832472.4
2025-08-01 11:59:14 AM,746.65,0,0.0,47832472.4
2025-08-01 11:59:15 AM,746.65,51,38079.15,47870551.55
2025-08-01 12:00:03 PM,746.85,0,0.0,47870551.55
2025-08-01 12:00:05 PM,746.85,1,746.85,47871298.4
2025-08-01 12:00:43 PM,746.4,115,85836.0,47957134.4
2025-08-01 12:02:48 PM,746.4,1,746.4,47957880.8
2025-08-01 12:02:52 PM,746.4,5,3732.0,47961612.8
2025-08-01 12:03:08 PM,746.45,10,7464.5,47969077.3
2025-08-01 12:03:12 PM,746.8,0,0.0,47969077.3
2025-08-01 12:03:12 PM,746.8,1,746.8,47969824.099999994
2025-08-01 12:03:13 PM,746.45,0,0.0,47969824.099999994
2025-08-01 12:03:14 PM,746.45,1,746.45,47970570.55
2025-08-01 12:06:38 PM,746.4,1,746.4,47971316.949999996
2025-08-01 12:06:46 PM,746.55,0,0.0,47971316.949999996
2025-08-01 12:06:47 PM,746.55,3,2239.6499999999996,47973556.599999994
2025-08-01 12:07:44 PM,746.7,0,0.0,47973556.599999994
2025-08-01 12:07:48 PM,746.7,72,53762.4,48027318.99999999
2025-08-01 12:08:08 PM,746.85,9,6721.650000000001,48034040.64999999
2025-08-01 12:08:50 PM,746.65,0,0.0,48034040.64999999
2025-08-01 12:08:53 PM,746.65,37,27626.05,48061666.69999999
2025-08-01 12:09:00 PM,746.55,0,0.0,48061666.69999999
2025-08-01 12:09:03 PM,746.55,48,35834.399999999994,48097501.09999999
2025-08-01 12:10:40 PM,746.1,0,0.0,48097501.09999999
2025-08-01 12:10:43 PM,746.1,25,18652.5,48116153.59999999
2025-08-01 12:11:58 PM,746.6,0,0.0,48116153.59999999
2025-08-01 12:12:00 PM,746.1,0,0.0,48116153.59999999
2025-08-01 12:12:01 PM,746.1,37,27605.7,48143759.29999999
2025-08-01 12:12:22 PM,746.45,0,0.0,48143759.29999999
2025-08-01 12:12:26 PM,746.45,9,6718.05,48150477.34999999
2025-08-01 12:12:41 PM,746.45,2,1492.9,48151970.249999985
2025-08-01 12:14:12 PM,746.6,0,0.0,48151970.249999985
2025-08-01 12:14:12 PM,746.6,1,746.6,48152716.84999999
2025-08-01 12:15:24 PM,746.1,0,0.0,48152716.84999999
2025-08-01 12:15:27 PM,746.35,163,121655.05,48274371.89999998
2025-08-01 12:15:36 PM,746.0,0,0.0,48274371.89999998
2025-08-01 12:15:38 PM,746.0,100,74600.0,48348971.89999998
2025-08-01 12:15:50 PM,746.1,0,0.0,48348971.89999998
2025-08-01 12:15:53 PM,746.1,8,5968.8,48354940.69999998
2025-08-01 12:16:23 PM,747.5,2001,1495747.5,49850688.19999998
2025-08-01 12:17:00 PM,747.2,0,0.0,49850688.19999998
2025-08-01 12:17:02 PM,747.2,10,7472.0,49858160.19999998
2025-08-01 12:18:10 PM,747.05,12,8964.599999999999,49867124.79999998
2025-08-01 12:18:24 PM,747.05,1,747.05,49867871.84999998
2025-08-01 12:19:24 PM,746.8,9,6721.2,49874593.04999998
2025-08-01 12:19:42 PM,746.1,0,0.0,49874593.04999998
2025-08-01 12:19:45 PM,746.1,53215,39703711.5,89578304.54999998
2025-08-01 12:19:45 PM,746.0,161,120106.0,89698410.54999998
2025-08-01 12:19:47 PM,745.25,0,0.0,89698410.54999998
2025-08-01 12:19:50 PM,745.25,197,146814.25,89845224.79999998
2025-08-01 12:19:51 PM,745.15,0,0.0,89845224.79999998
2025-08-01 12:19:52 PM,745.0,0,0.0,89845224.79999998
2025-08-01 12:19:55 PM,745.0,1388,1034060.0,90879284.79999998
2025-08-01 12:20:00 PM,745.0,154,114730.0,90994014.79999998
2025-08-01 12:20:01 PM,744.5,0,0.0,90994014.79999998
2025-08-01 12:20:05 PM,744.5,202,150389.0,91144403.79999998
2025-08-01 12:20:07 PM,744.05,0,0.0,91144403.79999998
2025-08-01 12:20:11 PM,744.05,1,744.05,91145147.84999998
2025-08-01 12:20:17 PM,743.1,0,0.0,91145147.84999998
2025-08-01 12:20:21 PM,743.1,19,14118.9,91159266.74999999
2025-08-01 12:20:23 PM,743.05,0,0.0,91159266.74999999
2025-08-01 12:20:26 PM,743.05,2,1486.1,91160752.84999998
2025-08-01 12:20:29 PM,742.5,0,0.0,91160752.84999998
2025-08-01 12:20:32 PM,742.5,18,13365.0,91174117.84999998
2025-08-01 12:20:35 PM,742.75,0,0.0,91174117.84999998
2025-08-01 12:20:37 PM,742.75,557,413711.75,91587829.59999998
2025-08-01 12:20:38 PM,742.35,0,0.0,91587829.59999998
2025-08-01 12:20:42 PM,742.35,9,6681.150000000001,91594510.74999999
2025-08-01 12:20:53 PM,742.7,0,0.0,91594510.74999999
2025-08-01 12:20:57 PM,742.7,50,37135.0,91631645.74999999
2025-08-01 12:21:19 PM,742.1,0,0.0,91631645.74999999
2025-08-01 12:21:22 PM,742.1,45,33394.5,91665040.24999999
2025-08-01 12:22:43 PM,742.7,5,3713.5,91668753.74999999
2025-08-01 12:22:50 PM,742.1,0,0.0,91668753.74999999
2025-08-01 12:22:52 PM,742.1,29,21520.9,91690274.64999999
2025-08-01 12:23:33 PM,742.5,0,0.0,91690274.64999999
2025-08-01 12:23:36 PM,742.5,10,7425.0,91697699.64999999
2025-08-01 12:24:01 PM,742.55,7,5197.849999999999,91702897.49999999
2025-08-01 12:24:39 PM,742.15,0,0.0,91702897.49999999
2025-08-01 12:24:41 PM,742.15,82,60856.299999999996,91763753.79999998
2025-08-01 12:26:06 PM,742.55,0,0.0,91763753.79999998
2025-08-01 12:26:06 PM,742.55,1,742.55,91764496.34999998
2025-08-01 12:27:22 PM,742.55,20,14851.0,91779347.34999998
2025-08-01 12:27:47 PM,742.55,1,742.55,91780089.89999998
2025-08-01 12:27:54 PM,742.15,0,0.0,91780089.89999998
2025-08-01 12:27:56 PM,742.15,301,223387.15,92003477.04999998
2025-08-01 12:28:22 PM,742.0,120,89040.0,92092517.04999998
2025-08-01 12:28:29 PM,741.85,0,0.0,92092517.04999998
2025-08-01 12:28:31 PM,741.85,1,741.85,92093258.89999998
2025-08-01 12:28:49 PM,741.75,0,0.0,92093258.89999998
2025-08-01 12:28:51 PM,741.5,301,223191.5,92316450.39999998
2025-08-01 12:28:56 PM,742.65,0,0.0,92316450.39999998
2025-08-01 12:28:57 PM,742.65,1476,1096151.4,93412601.79999998
2025-08-01 12:30:08 PM,743.25,5,3716.25,93416318.04999998
2025-08-01 12:30:33 PM,743.0,2,1486.0,93417804.04999998
2025-08-01 12:31:00 PM,742.9,0,0.0,93417804.04999998
2025-08-01 12:31:02 PM,742.9,20,14858.0,93432662.04999998
2025-08-01 12:31:58 PM,743.8,0,0.0,93432662.04999998
2025-08-01 12:32:00 PM,743.8,10,7438.0,93440100.04999998
2025-08-01 12:32:30 PM,743.35,0,0.0,93440100.04999998
2025-08-01 12:32:32 PM,743.35,11,8176.85,93448276.89999998
2025-08-01 12:32:46 PM,743.5,0,0.0,93448276.89999998
2025-08-01 12:32:47 PM,743.5,15,11152.5,93459429.39999998
2025-08-01 12:34:34 PM,743.6,0,0.0,93459429.39999998
2025-08-01 12:34:37 PM,743.6,20,14872.0,93474301.39999998
2025-08-01 12:35:30 PM,743.7,0,0.0,93474301.39999998
2025-08-01 12:35:33 PM,743.7,7,5205.900000000001,93479507.29999998
2025-08-01 12:36:53 PM,743.25,0,0.0,93479507.29999998
2025-08-01 12:36:57 PM,743.25,119,88446.75,93567954.04999998
2025-08-01 12:37:19 PM,742.7,0,0.0,93567954.04999998
2025-08-01 12:37:22 PM,742.7,28,20795.600000000002,93588749.64999998
2025-08-01 12:37:43 PM,743.25,0,0.0,93588749.64999998
2025-08-01 12:37:46 PM,743.25,14,10405.5,93599155.14999998
2025-08-01 12:37:56 PM,743.3,20,14866.0,93614021.14999998
2025-08-01 12:39:02 PM,741.0,0,0.0,93614021.14999998
2025-08-01 12:39:05 PM,741.0,975,722475.0,94336496.14999998
2025-08-01 12:39:25 PM,742.05,0,0.0,94336496.14999998
2025-08-01 12:39:26 PM,742.05,1,742.05,94337238.19999997
2025-08-01 12:39:35 PM,741.7,0,0.0,94337238.19999997
2025-08-01 12:39:37 PM,741.95,0,0.0,94337238.19999997
2025-08-01 12:39:39 PM,741.95,289,214423.55000000002,94551661.74999997
2025-08-01 12:39:43 PM,742.05,0,0.0,94551661.74999997
2025-08-01 12:39:44 PM,742.05,1226,909753.2999999999,95461415.04999997
2025-08-01 12:39:45 PM,742.05,89,66042.45,95527457.49999997
2025-08-01 12:40:40 PM,741.9,0,0.0,95527457.49999997
2025-08-01 12:40:42 PM,741.9,4,2967.6,95530425.09999996
2025-08-01 12:41:00 PM,741.45,0,0.0,95530425.09999996
2025-08-01 12:41:02 PM,741.45,100,74145.0,95604570.09999996
2025-08-01 12:41:26 PM,742.0,0,0.0,95604570.09999996
2025-08-01 12:41:28 PM,742.0,30,22260.0,95626830.09999996
2025-08-01 12:41:33 PM,742.2,5,3711.0,95630541.09999996
2025-08-01 12:41:46 PM,742.5,0,0.0,95630541.09999996
2025-08-01 12:41:49 PM,742.5,299,222007.5,95852548.59999996
2025-08-01 12:43:13 PM,743.0,2,1486.0,95854034.59999996
2025-08-01 12:43:18 PM,743.0,114,84702.0,95938736.59999996
2025-08-01 12:43:40 PM,743.0,1,743.0,95939479.59999996
2025-08-01 12:43:43 PM,743.45,0,0.0,95939479.59999996
2025-08-01 12:43:46 PM,743.45,10,7434.5,95946914.09999996
2025-08-01 12:44:04 PM,742.95,0,0.0,95946914.09999996
2025-08-01 12:44:07 PM,742.95,1,742.95,95947657.04999997
2025-08-01 12:44:26 PM,743.6,0,0.0,95947657.04999997
2025-08-01 12:44:29 PM,743.6,161,119719.6,96067376.64999996
2025-08-01 12:44:36 PM,742.75,0,0.0,96067376.64999996
2025-08-01 12:44:39 PM,742.75,8,5942.0,96073318.64999996
2025-08-01 12:44:44 PM,743.25,0,0.0,96073318.64999996
2025-08-01 12:44:44 PM,743.25,5,3716.25,96077034.89999996
2025-08-01 12:45:34 PM,743.05,0,0.0,96077034.89999996
2025-08-01 12:45:36 PM,743.0,0,0.0,96077034.89999996
2025-08-01 12:45:36 PM,743.0,290,215470.0,96292504.89999996
2025-08-01 12:46:08 PM,741.7,0,0.0,96292504.89999996
2025-08-01 12:46:11 PM,741.7,134,99387.8,96391892.69999996
2025-08-01 12:46:26 PM,742.1,0,0.0,96391892.69999996
2025-08-01 12:46:26 PM,742.1,10,7421.0,96399313.69999996
2025-08-01 12:48:50 PM,741.95,0,0.0,96399313.69999996
2025-08-01 12:48:53 PM,741.95,5,3709.75,96403023.44999996
2025-08-01 12:49:04 PM,742.05,0,0.0,96403023.44999996
2025-08-01 12:49:08 PM,742.05,5,3710.25,96406733.69999996
2025-08-01 12:50:02 PM,742.4,25,18560.0,96425293.69999996
2025-08-01 12:50:26 PM,741.7,0,0.0,96425293.69999996
2025-08-01 12:50:28 PM,741.7,82,60819.4,96486113.09999996
2025-08-01 12:50:46 PM,741.8,0,0.0,96486113.09999996
2025-08-01 12:50:49 PM,741.8,120,89016.0,96575129.09999996
2025-08-01 12:51:17 PM,742.35,1,742.35,96575871.44999996
2025-08-01 12:51:18 PM,742.05,0,0.0,96575871.44999996
2025-08-01 12:51:22 PM,742.05,100,74205.0,96650076.44999996
2025-08-01 12:51:56 PM,742.7,0,0.0,96650076.44999996
2025-08-01 12:51:57 PM,742.7,10,7427.0,96657503.44999996
2025-08-01 12:52:10 PM,742.9,18,13372.199999999999,96670875.64999996
2025-08-01 12:52:40 PM,743.0,0,0.0,96670875.64999996
2025-08-01 12:52:41 PM,743.0,1,743.0,96671618.64999996
2025-08-01 12:52:51 PM,743.0,50,37150.0,96708768.64999996
2025-08-01 12:53:40 PM,742.9,0,0.0,96708768.64999996
2025-08-01 12:53:45 PM,742.9,7,5200.3,96713968.94999996
2025-08-01 12:54:05 PM,742.9,25,18572.5,96732541.44999996
2025-08-01 12:56:02 PM,742.3,207,153656.09999999998,96886197.54999995
2025-08-01 12:56:37 PM,741.4,18,13345.199999999999,96899542.74999996
2025-08-01 12:56:42 PM,741.9,0,0.0,96899542.74999996
2025-08-01 12:56:43 PM,741.9,2,1483.8,96901026.54999995
2025-08-01 12:57:58 PM,741.8,10,7418.0,96908444.54999995
2025-08-01 12:58:04 PM,742.0,0,0.0,96908444.54999995
2025-08-01 12:58:07 PM,742.0,10,7420.0,96915864.54999995
2025-08-01 12:58:18 PM,741.5,19,14088.5,96929953.04999995
2025-08-01 12:59:12 PM,742.0,0,0.0,96929953.04999995
2025-08-01 12:59:14 PM,742.0,86,63812.0,96993765.04999995
2025-08-01 12:59:16 PM,741.55,0,0.0,96993765.04999995
2025-08-01 12:59:18 PM,741.55,34,25212.699999999997,97018977.74999996
2025-08-01 12:59:26 PM,741.6,0,0.0,97018977.74999996
2025-08-01 12:59:28 PM,741.6,1,741.6,97019719.34999995
2025-08-01 12:59:50 PM,742.0,0,0.0,97019719.34999995
2025-08-01 12:59:52 PM,741.85,0,0.0,97019719.34999995
2025-08-01 12:59:55 PM,741.85,79,58606.15,97078325.49999996
2025-08-01 01:00:06 PM,741.85,1,741.85,97079067.34999995
2025-08-01 01:00:57 PM,742.2,0,0.0,97079067.34999995
2025-08-01 01:00:57 PM,742.2,1,742.2,97079809.54999995
2025-08-01 01:02:23 PM,742.35,0,0.0,97079809.54999995
2025-08-01 01:02:24 PM,742.35,10,7423.5,97087233.04999995
2025-08-01 01:04:27 PM,742.0,0,0.0,97087233.04999995
2025-08-01 01:04:27 PM,742.0,71,52682.0,97139915.04999995
2025-08-01 01:06:49 PM,742.3,28,20784.399999999998,97160699.44999996
2025-08-01 01:07:22 PM,742.4,0,0.0,97160699.44999996
2025-08-01 01:07:25 PM,742.4,3,2227.2,97162926.64999996
2025-08-01 01:07:40 PM,742.5,0,0.0,97162926.64999996
2025-08-01 01:07:41 PM,742.5,52,38610.0,97201536.64999996
2025-08-01 01:07:46 PM,742.8,0,0.0,97201536.64999996
2025-08-01 01:07:46 PM,742.8,71,52738.799999999996,97254275.44999996
2025-08-01 01:08:51 PM,742.3,0,0.0,97254275.44999996
2025-08-01 01:08:51 PM,742.3,191,141779.3,97396054.74999996
2025-08-01 01:13:27 PM,742.2,0,0.0,97396054.74999996
2025-08-01 01:13:28 PM,742.2,59,43789.8,97439844.54999995
2025-08-01 01:13:34 PM,742.25,1,742.25,97440586.79999995
2025-08-01 01:14:24 PM,742.25,351,260529.75,97701116.54999995
2025-08-01 01:14:32 PM,742.7,0,0.0,97701116.54999995
2025-08-01 01:14:34 PM,742.7,1,742.7,97701859.24999996
2025-08-01 01:15:00 PM,742.2,547,405983.4,98107842.64999996
2025-08-01 01:15:05 PM,742.2,27,20039.4,98127882.04999997
2025-08-01 01:15:11 PM,741.4,0,0.0,98127882.04999997
2025-08-01 01:15:13 PM,741.4,2,1482.8,98129364.84999996
2025-08-01 01:15:22 PM,741.0,0,0.0,98129364.84999996
2025-08-01 01:15:23 PM,741.0,339,251199.0,98380563.84999996
2025-08-01 01:15:54 PM,741.0,25,18525.0,98399088.84999996
2025-08-01 01:17:23 PM,741.65,68,50432.2,98449521.04999997
2025-08-01 01:18:25 PM,741.65,14,10383.1,98459904.14999996
2025-08-01 01:18:30 PM,741.95,0,0.0,98459904.14999996
2025-08-01 01:18:30 PM,741.95,1,741.95,98460646.09999996
2025-08-01 01:19:22 PM,741.3,0,0.0,98460646.09999996
2025-08-01 01:19:25 PM,741.3,75,55597.5,98516243.59999996
2025-08-01 01:19:54 PM,741.8,0,0.0,98516243.59999996
2025-08-01 01:19:54 PM,741.8,150,111270.0,98627513.59999996
2025-08-01 01:20:02 PM,742.0,0,0.0,98627513.59999996
2025-08-01 01:20:04 PM,742.0,434,322028.0,98949541.59999996
2025-08-01 01:20:46 PM,741.95,0,0.0,98949541.59999996
2025-08-01 01:20:50 PM,741.95,27,20032.65,98969574.24999997
2025-08-01 01:20:52 PM,741.9,0,0.0,98969574.24999997
2025-08-01 01:20:54 PM,741.9,16,11870.4,98981444.64999998
2025-08-01 01:20:56 PM,741.85,0,0.0,98981444.64999998
2025-08-01 01:20:59 PM,741.85,1,741.85,98982186.49999997
2025-08-01 01:21:32 PM,741.95,0,0.0,98982186.49999997
2025-08-01 01:21:34 PM,741.85,0,0.0,98982186.49999997
2025-08-01 01:21:34 PM,741.85,469,347927.65,99330114.14999998
2025-08-01 01:22:02 PM,742.45,0,0.0,99330114.14999998
2025-08-01 01:22:03 PM,742.45,1,742.45,99330856.59999998
2025-08-01 01:24:16 PM,742.15,0,0.0,99330856.59999998
2025-08-01 01:24:19 PM,742.15,23,17069.45,99347926.04999998
2025-08-01 01:24:48 PM,741.8,0,0.0,99347926.04999998
2025-08-01 01:24:53 PM,741.8,208,154294.4,99502220.44999999
2025-08-01 01:25:09 PM,742.3,0,0.0,99502220.44999999
2025-08-01 01:25:11 PM,742.4,0,0.0,99502220.44999999
2025-08-01 01:25:13 PM,742.4,36,26726.399999999998,99528946.85
2025-08-01 01:25:17 PM,742.45,0,0.0,99528946.85
2025-08-01 01:25:18 PM,742.45,3,2227.3500000000004,99531174.19999999
2025-08-01 01:25:43 PM,742.5,0,0.0,99531174.19999999
2025-08-01 01:25:47 PM,742.5,160,118800.0,99649974.19999999
2025-08-01 01:26:17 PM,742.75,0,0.0,99649974.19999999
2025-08-01 01:26:17 PM,742.75,10,7427.5,99657401.69999999
2025-08-01 01:29:16 PM,742.95,9,6686.55,99664088.24999999
2025-08-01 01:29:36 PM,742.65,0,0.0,99664088.24999999
2025-08-01 01:29:40 PM,742.65,62,46044.299999999996,99710132.54999998
2025-08-01 01:30:52 PM,742.0,0,0.0,99710132.54999998
2025-08-01 01:30:53 PM,742.0,31,23002.0,99733134.54999998
2025-08-01 01:33:00 PM,742.4,0,0.0,99733134.54999998
2025-08-01 01:33:02 PM,742.4,326,242022.4,99975156.94999999
2025-08-01 01:33:36 PM,742.85,0,0.0,99975156.94999999
2025-08-01 01:33:36 PM,742.85,9,6685.650000000001,99981842.6
2025-08-01 01:33:43 PM,742.5,0,0.0,99981842.6
2025-08-01 01:33:46 PM,742.5,7,5197.5,99987040.1
2025-08-01 01:34:40 PM,742.8,0,0.0,99987040.1
2025-08-01 01:34:43 PM,742.8,124,92107.2,100079147.3
2025-08-01 01:35:23 PM,742.85,0,0.0,100079147.3
2025-08-01 01:35:27 PM,742.85,15,11142.75,100090290.05
2025-08-01 01:37:36 PM,742.35,0,0.0,100090290.05
2025-08-01 01:37:37 PM,742.35,80,59388.0,100149678.05
2025-08-01 01:38:14 PM,742.35,7,5196.45,100154874.5
2025-08-01 01:38:58 PM,742.0,0,0.0,100154874.5
2025-08-01 01:39:02 PM,742.0,1,742.0,100155616.5
2025-08-01 01:39:58 PM,742.3,0,0.0,100155616.5
2025-08-01 01:39:59 PM,742.3,15,11134.5,100166751.0
2025-08-01 01:40:08 PM,742.55,0,0.0,100166751.0
2025-08-01 01:40:09 PM,742.55,238,176726.9,100343477.9
2025-08-01 01:40:38 PM,742.5,0,0.0,100343477.9
2025-08-01 01:40:40 PM,742.5,87,64597.5,100408075.4
2025-08-01 01:43:47 PM,742.5,1,742.5,100408817.9
2025-08-01 01:44:02 PM,743.05,0,0.0,100408817.9
2025-08-01 01:44:04 PM,742.95,0,0.0,100408817.9
2025-08-01 01:44:06 PM,742.95,10,7429.5,100416247.4
2025-08-01 01:44:46 PM,741.05,0,0.0,100416247.4
2025-08-01 01:44:47 PM,741.05,1027,761058.35,101177305.75
2025-08-01 01:45:44 PM,742.35,0,0.0,101177305.75
2025-08-01 01:45:47 PM,742.35,20,14847.0,101192152.75
2025-08-01 01:46:44 PM,742.8,0,0.0,101192152.75
2025-08-01 01:46:46 PM,742.8,23,17084.399999999998,101209237.15
2025-08-01 01:47:52 PM,742.65,0,0.0,101209237.15
2025-08-01 01:47:52 PM,742.65,21,15595.65,101224832.80000001
2025-08-01 01:48:26 PM,742.65,65,48272.25,101273105.05000001
2025-08-01 01:51:20 PM,742.75,0,0.0,101273105.05000001
2025-08-01 01:51:22 PM,742.05,0,0.0,101273105.05000001
2025-08-01 01:51:22 PM,742.05,361,267880.05,101540985.10000001
2025-08-01 01:52:20 PM,741.85,3,2225.55,101543210.65
2025-08-01 01:53:41 PM,742.0,0,0.0,101543210.65
2025-08-01 01:53:41 PM,742.0,52,38584.0,101581794.65
2025-08-01 01:55:31 PM,742.35,0,0.0,101581794.65
2025-08-01 01:55:33 PM,742.35,1,742.35,101582537.0
2025-08-01 01:56:04 PM,742.4,0,0.0,101582537.0
2025-08-01 01:56:07 PM,742.4,2,1484.8,101584021.8
2025-08-01 01:56:32 PM,742.4,92,68300.8,101652322.6
2025-08-01 01:57:12 PM,742.4,5,3712.0,101656034.6
2025-08-01 01:57:38 PM,742.45,0,0.0,101656034.6
2025-08-01 01:57:41 PM,742.45,50,37122.5,101693157.1
2025-08-01 01:58:06 PM,742.45,15,11136.75,101704293.85
2025-08-01 01:58:06 PM,742.4,0,0.0,101704293.85
2025-08-01 01:58:11 PM,742.4,11,8166.4,101712460.25
2025-08-01 01:58:18 PM,742.8,0,0.0,101712460.25
2025-08-01 01:58:20 PM,743.35,0,0.0,101712460.25
2025-08-01 01:58:20 PM,743.35,309,229695.15,101942155.4
2025-08-01 01:58:45 PM,742.05,12,8904.599999999999,101951060.0
2025-08-01 01:58:50 PM,741.5,0,0.0,101951060.0
2025-08-01 01:58:50 PM,741.5,9,6673.5,101957733.5
2025-08-01 01:59:43 PM,742.0,0,0.0,101957733.5
2025-08-01 01:59:47 PM,742.0,9,6678.0,101964411.5
2025-08-01 02:00:08 PM,742.05,0,0.0,101964411.5
2025-08-01 02:00:12 PM,742.0,8,5936.0,101970347.5
2025-08-01 02:01:54 PM,742.0,60,44520.0,102014867.5
2025-08-01 02:03:04 PM,741.95,0,0.0,102014867.5
2025-08-01 02:03:08 PM,742.0,0,0.0,102014867.5
2025-08-01 02:03:13 PM,742.0,42,31164.0,102046031.5
2025-08-01 02:03:14 PM,742.05,100,74205.0,102120236.5
2025-08-01 02:04:50 PM,742.05,2,1484.1,102121720.6
2025-08-01 02:06:13 PM,741.95,0,0.0,102121720.6
2025-08-01 02:06:14 PM,741.95,15,11129.25,102132849.85
2025-08-01 02:06:25 PM,741.5,145,107517.5,102240367.35
2025-08-01 02:06:29 PM,742.0,0,0.0,102240367.35
2025-08-01 02:06:30 PM,742.0,117,86814.0,102327181.35
2025-08-01 02:06:35 PM,741.95,122,90517.90000000001,102417699.25
2025-08-01 02:06:49 PM,742.05,0,0.0,102417699.25
2025-08-01 02:06:50 PM,742.05,23,17067.149999999998,102434766.4
2025-08-01 02:07:01 PM,742.05,2,1484.1,102436250.5
2025-08-01 02:07:15 PM,741.85,0,0.0,102436250.5
2025-08-01 02:07:16 PM,741.85,2,1483.7,102437734.2
2025-08-01 02:07:16 PM,741.8,28,20770.399999999998,102458504.60000001
2025-08-01 02:07:21 PM,741.8,2,1483.6,102459988.2
2025-08-01 02:07:31 PM,742.4,12,8908.8,102468897.0
2025-08-01 02:08:21 PM,742.45,0,0.0,102468897.0
2025-08-01 02:08:22 PM,742.45,4,2969.8,102471866.8
2025-08-01 02:08:25 PM,742.5,0,0.0,102471866.8
2025-08-01 02:08:27 PM,742.5,3,2227.5,102474094.3
2025-08-01 02:08:47 PM,742.0,0,0.0,102474094.3
2025-08-01 02:08:48 PM,742.0,170,126140.0,102600234.3
2025-08-01 02:08:51 PM,741.5,0,0.0,102600234.3
2025-08-01 02:08:54 PM,741.5,25,18537.5,102618771.8
2025-08-01 02:09:06 PM,741.05,0,0.0,102618771.8
2025-08-01 02:09:09 PM,741.05,79,58542.95,102677314.75
2025-08-01 02:09:09 PM,742.0,32,23744.0,102701058.75
2025-08-01 02:09:54 PM,741.75,30,22252.5,102723311.25
2025-08-01 02:09:54 PM,741.75,80,59340.0,102782651.25
2025-08-01 02:10:00 PM,741.9,0,0.0,102782651.25
2025-08-01 02:10:03 PM,741.9,15,11128.5,102793779.75
2025-08-01 02:10:04 PM,741.75,0,0.0,102793779.75
2025-08-01 02:10:09 PM,741.75,1,741.75,102794521.5
2025-08-01 02:10:13 PM,741.65,30,22249.5,102816771.0
2025-08-01 02:10:20 PM,742.05,0,0.0,102816771.0
2025-08-01 02:10:24 PM,742.05,2,1484.1,102818255.1
2025-08-01 02:11:16 PM,741.65,9,6674.849999999999,102824929.94999999
2025-08-01 02:11:31 PM,741.6,15,11124.0,102836053.94999999
2025-08-01 02:11:31 PM,741.6,49,36338.4,102872392.35
2025-08-01 02:11:50 PM,741.55,0,0.0,102872392.35
2025-08-01 02:11:52 PM,741.55,57,42268.35,102914660.69999999
2025-08-01 02:11:53 PM,742.0,0,0.0,102914660.69999999
2025-08-01 02:11:57 PM,742.0,3,2226.0,102916886.69999999
2025-08-01 02:12:17 PM,741.5,0,0.0,102916886.69999999
2025-08-01 02:12:18 PM,741.5,783,580594.5,103497481.19999999
2025-08-01 02:12:19 PM,741.75,0,0.0,103497481.19999999
2025-08-01 02:12:20 PM,741.5,0,0.0,103497481.19999999
2025-08-01 02:12:22 PM,741.5,52,38558.0,103536039.19999999
2025-08-01 02:12:24 PM,741.95,0,0.0,103536039.19999999
2025-08-01 02:12:27 PM,741.95,10,7419.5,103543458.69999999
2025-08-01 02:13:38 PM,742.3,0,0.0,103543458.69999999
2025-08-01 02:13:40 PM,742.3,11,8165.299999999999,103551623.99999999
2025-08-01 02:14:53 PM,741.9,0,0.0,103551623.99999999
2025-08-01 02:14:53 PM,741.9,96,71222.4,103622846.39999999
2025-08-01 02:14:56 PM,741.5,0,0.0,103622846.39999999
2025-08-01 02:14:58 PM,741.5,243,180184.5,103803030.89999999
2025-08-01 02:15:01 PM,741.95,0,0.0,103803030.89999999
2025-08-01 02:15:03 PM,741.95,120,89034.0,103892064.89999999
2025-08-01 02:15:04 PM,741.5,0,0.0,103892064.89999999
2025-08-01 02:15:06 PM,741.15,137,101537.55,103993602.44999999
2025-08-01 02:15:06 PM,741.85,0,0.0,103993602.44999999
2025-08-01 02:15:08 PM,741.5,0,0.0,103993602.44999999
2025-08-01 02:15:08 PM,741.5,19,14088.5,104007690.94999999
2025-08-01 02:15:09 PM,742.0,0,0.0,104007690.94999999
2025-08-01 02:15:11 PM,741.5,1332,987678.0,104995368.94999999
2025-08-01 02:15:12 PM,742.0,0,0.0,104995368.94999999
2025-08-01 02:15:12 PM,741.65,0,0.0,104995368.94999999
2025-08-01 02:15:14 PM,741.65,142,105314.3,105100683.24999999
2025-08-01 02:15:22 PM,741.85,0,0.0,105100683.24999999
2025-08-01 02:15:22 PM,741.6,0,0.0,105100683.24999999
2025-08-01 02:15:24 PM,741.6,485,359676.0,105460359.24999999
2025-08-01 02:15:26 PM,741.5,12,8898.0,105469257.24999999
2025-08-01 02:15:28 PM,741.95,0,0.0,105469257.24999999
2025-08-01 02:15:28 PM,741.65,0,0.0,105469257.24999999
2025-08-01 02:15:29 PM,741.65,30,22249.5,105491506.74999999
2025-08-01 02:15:31 PM,741.65,8,5933.2,105497439.94999999
2025-08-01 02:15:34 PM,742.0,0,0.0,105497439.94999999
2025-08-01 02:15:34 PM,742.0,386,286412.0,105783851.94999999
2025-08-01 02:15:44 PM,742.0,74,54908.0,105838759.94999999
2025-08-01 02:16:00 PM,742.0,36,26712.0,105865471.94999999
2025-08-01 02:16:18 PM,741.45,2,1482.9,105866954.85
2025-08-01 02:16:23 PM,741.0,34,25194.0,105892148.85
2025-08-01 02:16:24 PM,742.0,730,541660.0,106433808.85
2025-08-01 02:16:32 PM,741.35,0,0.0,106433808.85
2025-08-01 02:16:32 PM,741.35,13,9637.550000000001,106443446.39999999
2025-08-01 02:16:34 PM,741.0,0,0.0,106443446.39999999
2025-08-01 02:16:34 PM,740.5,206,152543.0,106595989.39999999
2025-08-01 02:16:35 PM,740.9,2,1481.8,106597471.19999999
2025-08-01 02:16:45 PM,741.0,50,37050.0,106634521.19999999
2025-08-01 02:16:55 PM,740.35,0,0.0,106634521.19999999
2025-08-01 02:16:55 PM,740.35,1,740.35,106635261.54999998
2025-08-01 02:16:57 PM,741.1,10,7411.0,106642672.54999998
2025-08-01 02:16:58 PM,740.3,31,22949.3,106665621.84999998
2025-08-01 02:16:59 PM,740.1,100,74010.0,106739631.84999998
2025-08-01 02:17:09 PM,740.75,20,14815.0,106754446.84999998
2025-08-01 02:17:18 PM,740.75,25,18518.75,106772965.59999998
2025-08-01 02:17:43 PM,740.75,1,740.75,106773706.34999998
2025-08-01 02:17:44 PM,740.7,5,3703.5,106777409.84999998
2025-08-01 02:18:04 PM,740.7,25,18517.5,106795927.34999998
2025-08-01 02:18:40 PM,740.05,0,0.0,106795927.34999998
2025-08-01 02:18:40 PM,740.05,125,92506.25,106888433.59999998
2025-08-01 02:19:18 PM,740.7,0,0.0,106888433.59999998
2025-08-01 02:19:21 PM,740.7,27,19998.9,106908432.49999999
2025-08-01 02:19:32 PM,740.7,10,7407.0,106915839.49999999
2025-08-01 02:19:53 PM,739.95,0,0.0,106915839.49999999
2025-08-01 02:19:53 PM,739.95,1229,909398.55,107825238.04999998
2025-08-01 02:19:56 PM,739.5,0,0.0,107825238.04999998
2025-08-01 02:19:58 PM,739.5,521,385279.5,108210517.54999998
2025-08-01 02:20:19 PM,739.2,1,739.2,108211256.74999999
2025-08-01 02:20:36 PM,739.6,0,0.0,108211256.74999999
2025-08-01 02:20:39 PM,739.6,7,5177.2,108216433.94999999
2025-08-01 02:21:14 PM,739.2,0,0.0,108216433.94999999
2025-08-01 02:21:14 PM,739.2,1,739.2,108217173.14999999
2025-08-01 02:21:30 PM,739.2,25,18480.0,108235653.14999999
2025-08-01 02:21:41 PM,739.2,12,8870.400000000001,108244523.55
2025-08-01 02:22:05 PM,739.0,0,0.0,108244523.55
2025-08-01 02:22:07 PM,739.0,189,139671.0,108384194.55
2025-08-01 02:22:13 PM,739.0,50,36950.0,108421144.55
2025-08-01 02:22:17 PM,738.65,0,0.0,108421144.55
2025-08-01 02:22:18 PM,738.65,9,6647.849999999999,108427792.39999999
2025-08-01 02:22:24 PM,738.7,75,55402.5,108483194.89999999
2025-08-01 02:22:29 PM,738.65,29,21420.85,108504615.74999999
2025-08-01 02:22:40 PM,738.6,0,0.0,108504615.74999999
2025-08-01 02:22:40 PM,738.6,1,738.6,108505354.34999998
2025-08-01 02:22:43 PM,738.55,0,0.0,108505354.34999998
2025-08-01 02:22:45 PM,738.55,20,14771.0,108520125.34999998
2025-08-01 02:22:47 PM,738.1,0,0.0,108520125.34999998
2025-08-01 02:22:50 PM,738.1,60,44286.0,108564411.34999998
2025-08-01 02:23:13 PM,738.5,0,0.0,108564411.34999998
2025-08-01 02:23:17 PM,738.5,20,14770.0,108579181.34999998
2025-08-01 02:24:36 PM,738.5,135,99697.5,108678878.84999998
2025-08-01 02:25:08 PM,738.5,7,5169.5,108684048.34999998
2025-08-01 02:25:27 PM,737.8,0,0.0,108684048.34999998
2025-08-01 02:25:30 PM,737.8,76,56072.799999999996,108740121.14999998
2025-08-01 02:25:33 PM,737.9,0,0.0,108740121.14999998
2025-08-01 02:25:35 PM,737.9,16,11806.4,108751927.54999998
2025-08-01 02:25:39 PM,737.8,0,0.0,108751927.54999998
2025-08-01 02:25:41 PM,737.8,18,13280.4,108765207.94999999
2025-08-01 02:25:49 PM,737.2,0,0.0,108765207.94999999
2025-08-01 02:25:51 PM,737.2,50,36860.0,108802067.94999999
2025-08-01 02:26:09 PM,737.45,0,0.0,108802067.94999999
2025-08-01 02:26:13 PM,737.45,20,14749.0,108816816.94999999
2025-08-01 02:26:18 PM,737.9,0,0.0,108816816.94999999
2025-08-01 02:26:18 PM,737.9,1,737.9,108817554.85
2025-08-01 02:26:54 PM,737.9,1,737.9,108818292.75
2025-08-01 02:27:03 PM,737.5,0,0.0,108818292.75
2025-08-01 02:27:05 PM,737.5,217,160037.5,108978330.25
2025-08-01 02:27:09 PM,738.0,0,0.0,108978330.25
2025-08-01 02:27:11 PM,738.05,88,64948.399999999994,109043278.65
2025-08-01 02:27:13 PM,737.1,0,0.0,109043278.65
2025-08-01 02:27:17 PM,737.1,1409,1038573.9,110081852.55000001
2025-08-01 02:27:53 PM,737.7,0,0.0,110081852.55000001
2025-08-01 02:27:54 PM,737.7,5,3688.5,110085541.05000001
2025-08-01 02:28:16 PM,737.7,15,11065.5,110096606.55000001
2025-08-01 02:28:19 PM,737.95,0,0.0,110096606.55000001
2025-08-01 02:28:21 PM,737.95,34,25090.300000000003,110121696.85000001
2025-08-01 02:28:37 PM,738.05,0,0.0,110121696.85000001
2025-08-01 02:28:37 PM,738.05,3,2214.1499999999996,110123911.00000001
2025-08-01 02:28:40 PM,737.5,0,0.0,110123911.00000001
2025-08-01 02:28:43 PM,737.5,50,36875.0,110160786.00000001
2025-08-01 02:29:50 PM,737.15,145,106886.75,110267672.75000001
2025-08-01 02:30:01 PM,737.15,1,737.15,110268409.90000002
2025-08-01 02:30:35 PM,737.6,0,0.0,110268409.90000002
2025-08-01 02:30:35 PM,737.6,10,7376.0,110275785.90000002
2025-08-01 02:30:51 PM,738.95,288,212817.6,110488603.50000001
2025-08-01 02:31:07 PM,739.3,35,25875.5,110514479.00000001
2025-08-01 02:31:21 PM,739.25,0,0.0,110514479.00000001
2025-08-01 02:31:23 PM,739.25,68,50269.0,110564748.00000001
2025-08-01 02:31:32 PM,739.3,0,0.0,110564748.00000001
2025-08-01 02:31:34 PM,739.3,30,22179.0,110586927.00000001
2025-08-01 02:32:24 PM,738.95,15,11084.25,110598011.25000001
2025-08-01 02:32:26 PM,739.45,0,0.0,110598011.25000001
2025-08-01 02:32:28 PM,739.35,15,11090.25,110609101.50000001
2025-08-01 02:33:00 PM,739.9,20,14798.0,110623899.50000001
2025-08-01 02:33:11 PM,739.1,0,0.0,110623899.50000001
2025-08-01 02:33:12 PM,739.1,108,79822.8,110703722.30000001
2025-08-01 02:33:17 PM,739.15,0,0.0,110703722.30000001
2025-08-01 02:33:17 PM,739.15,10,7391.5,110711113.80000001
2025-08-01 02:33:20 PM,739.35,763,564124.05,111275237.85000001
2025-08-01 02:33:22 PM,739.25,2,1478.5,111276716.35000001
2025-08-01 02:33:32 PM,739.8,0,0.0,111276716.35000001
2025-08-01 02:33:33 PM,739.8,50,36990.0,111313706.35000001
2025-08-01 02:33:41 PM,739.8,3,2219.3999999999996,111315925.75000001
2025-08-01 02:33:59 PM,738.9,0,0.0,111315925.75000001
2025-08-01 02:34:00 PM,738.9,50,36945.0,111352870.75000001
2025-08-01 02:34:07 PM,739.75,0,0.0,111352870.75000001
2025-08-01 02:34:09 PM,739.75,10,7397.5,111360268.25000001
2025-08-01 02:34:26 PM,739.95,0,0.0,111360268.25000001
2025-08-01 02:34:26 PM,739.95,201,148729.95,111508998.20000002
2025-08-01 02:34:37 PM,739.95,49,36257.55,111545255.75000001
2025-08-01 02:34:44 PM,739.75,0,0.0,111545255.75000001
2025-08-01 02:34:45 PM,739.75,1,739.75,111545995.50000001
2025-08-01 02:34:46 PM,739.35,0,0.0,111545995.50000001
2025-08-01 02:34:47 PM,739.35,1,739.35,111546734.85000001
2025-08-01 02:35:20 PM,739.9,15,11098.5,111557833.35000001
2025-08-01 02:36:16 PM,739.5,0,0.0,111557833.35000001
2025-08-01 02:36:17 PM,739.5,40,29580.0,111587413.35000001
2025-08-01 02:36:25 PM,739.7,0,0.0,111587413.35000001
2025-08-01 02:36:25 PM,739.7,17,12574.900000000001,111599988.25000001
2025-08-01 02:36:28 PM,739.7,17,12574.900000000001,111612563.15000002
2025-08-01 02:36:30 PM,739.8,7,5178.599999999999,111617741.75000001
2025-08-01 02:36:39 PM,739.95,20,14799.0,111632540.75000001
2025-08-01 02:37:13 PM,739.85,0,0.0,111632540.75000001
2025-08-01 02:37:13 PM,739.85,56,41431.6,111673972.35000001
2025-08-01 02:37:19 PM,739.8,0,0.0,111673972.35000001
2025-08-01 02:37:22 PM,739.8,16,11836.8,111685809.15
2025-08-01 02:37:28 PM,738.65,0,0.0,111685809.15
2025-08-01 02:37:29 PM,738.65,273,201651.44999999998,111887460.60000001
2025-08-01 02:37:31 PM,739.8,0,0.0,111887460.60000001
2025-08-01 02:37:34 PM,739.8,156,115408.79999999999,112002869.4
2025-08-01 02:37:37 PM,739.9,0,0.0,112002869.4
2025-08-01 02:37:38 PM,739.9,1,739.9,112003609.30000001
2025-08-01 02:38:04 PM,739.9,92,68070.8,112071680.10000001
2025-08-01 02:38:06 PM,739.8,810,599238.0,112670918.10000001
2025-08-01 02:38:11 PM,739.2,17,12566.400000000001,112683484.50000001
2025-08-01 02:38:22 PM,738.15,100,73815.0,112757299.50000001
2025-08-01 02:39:17 PM,738.45,0,0.0,112757299.50000001
2025-08-01 02:39:20 PM,738.45,10,7384.5,112764684.00000001
2025-08-01 02:39:46 PM,738.6,0,0.0,112764684.00000001
2025-08-01 02:39:48 PM,738.6,28,20680.8,112785364.80000001
2025-08-01 02:40:21 PM,738.55,10,7385.5,112792750.30000001
2025-08-01 02:41:02 PM,738.2,0,0.0,112792750.30000001
2025-08-01 02:41:11 PM,738.25,83,61274.75,112854025.05000001
2025-08-01 02:41:59 PM,738.9,50,36945.0,112890970.05000001
2025-08-01 02:43:13 PM,738.95,0,0.0,112890970.05000001
2025-08-01 02:43:13 PM,738.95,68,50248.600000000006,112941218.65
2025-08-01 02:43:25 PM,738.4,110,81224.0,113022442.65
2025-08-01 02:43:51 PM,738.95,0,0.0,113022442.65
2025-08-01 02:43:51 PM,738.95,133,98280.35,113120723.0
2025-08-01 02:44:05 PM,740.0,0,0.0,113120723.0
2025-08-01 02:44:08 PM,740.0,245,181300.0,113302023.0
2025-08-01 02:44:25 PM,740.0,1,740.0,113302763.0
2025-08-01 02:44:47 PM,739.25,0,0.0,113302763.0
2025-08-01 02:44:48 PM,739.25,9,6653.25,113309416.25
2025-08-01 02:44:50 PM,739.9,0,0.0,113309416.25
2025-08-01 02:44:53 PM,739.9,5,3699.5,113313115.75
2025-08-01 02:45:44 PM,739.0,124,91636.0,113404751.75
2025-08-01 02:45:54 PM,738.65,20,14773.0,113419524.75
2025-08-01 02:46:49 PM,738.05,0,0.0,113419524.75
2025-08-01 02:46:50 PM,738.0,483,356454.0,113775978.75
2025-08-01 02:47:24 PM,738.5,0,0.0,113775978.75
2025-08-01 02:47:24 PM,738.5,24,17724.0,113793702.75
2025-08-01 02:47:41 PM,738.45,11,8122.950000000001,113801825.7
2025-08-01 02:47:51 PM,738.55,0,0.0,113801825.7
2025-08-01 02:47:53 PM,738.55,1,738.55,113802564.25
2025-08-01 02:47:57 PM,738.15,0,0.0,113802564.25
2025-08-01 02:47:58 PM,738.15,15,11072.25,113813636.5
2025-08-01 02:49:04 PM,738.55,0,0.0,113813636.5
2025-08-01 02:49:06 PM,738.55,2,1477.1,113815113.6
2025-08-01 02:49:12 PM,738.25,5,3691.25,113818804.85
2025-08-01 02:49:25 PM,739.0,0,0.0,113818804.85
2025-08-01 02:49:28 PM,739.0,72,53208.0,113872012.85
2025-08-01 02:49:32 PM,739.1,0,0.0,113872012.85
2025-08-01 02:49:33 PM,739.1,4,2956.4,113874969.25
2025-08-01 02:49:43 PM,740.1,0,0.0,113874969.25
2025-08-01 02:49:45 PM,740.1,3,2220.3,113877189.55
2025-08-01 02:50:01 PM,740.65,0,0.0,113877189.55
2025-08-01 02:50:01 PM,740.65,4,2962.6,113880152.14999999
2025-08-01 02:50:03 PM,740.7,0,0.0,113880152.14999999
2025-08-01 02:50:05 PM,740.65,0,0.0,113880152.14999999
2025-08-01 02:50:07 PM,740.65,173,128132.45,114008284.6
2025-08-01 02:50:13 PM,740.65,32,23700.8,114031985.39999999
2025-08-01 02:50:21 PM,741.0,0,0.0,114031985.39999999
2025-08-01 02:50:23 PM,741.0,147,108927.0,114140912.39999999
2025-08-01 02:50:31 PM,741.2,0,0.0,114140912.39999999
2025-08-01 02:50:34 PM,741.2,9,6670.8,114147583.19999999
2025-08-01 02:50:37 PM,741.85,0,0.0,114147583.19999999
2025-08-01 02:50:40 PM,741.85,24,17804.4,114165387.6
2025-08-01 02:50:41 PM,741.75,0,0.0,114165387.6
2025-08-01 02:50:45 PM,741.8,7,5192.599999999999,114170580.19999999
2025-08-01 02:50:50 PM,741.8,11,8159.799999999999,114178739.99999999
2025-08-01 02:50:53 PM,741.75,0,0.0,114178739.99999999
2025-08-01 02:50:56 PM,741.75,83,61565.25,114240305.24999999
2025-08-01 02:50:59 PM,740.25,0,0.0,114240305.24999999
2025-08-01 02:51:01 PM,741.0,82,60762.0,114301067.24999999
2025-08-01 02:51:21 PM,740.15,0,0.0,114301067.24999999
2025-08-01 02:51:23 PM,740.15,6,4440.9,114305508.14999999
2025-08-01 02:52:00 PM,740.1,0,0.0,114305508.14999999
2025-08-01 02:52:00 PM,740.1,46,34044.6,114339552.74999999
2025-08-01 02:52:30 PM,739.9,0,0.0,114339552.74999999
2025-08-01 02:52:33 PM,739.9,99,73250.09999999999,114412802.84999998
2025-08-01 02:52:56 PM,739.6,0,0.0,114412802.84999998
2025-08-01 02:52:59 PM,739.6,50,36980.0,114449782.84999998
2025-08-01 02:53:23 PM,739.65,4,2958.6,114452741.44999997
2025-08-01 02:53:26 PM,739.7,132,97640.40000000001,114550381.84999998
2025-08-01 02:53:37 PM,739.65,8,5917.2,114556299.04999998
2025-08-01 02:53:40 PM,739.75,0,0.0,114556299.04999998
2025-08-01 02:53:42 PM,739.7,0,0.0,114556299.04999998
2025-08-01 02:53:42 PM,739.7,49,36245.3,114592544.34999998
2025-08-01 02:53:44 PM,739.7,8,5917.6,114598461.94999997
2025-08-01 02:53:51 PM,740.15,0,0.0,114598461.94999997
2025-08-01 02:53:52 PM,740.15,20,14803.0,114613264.94999997
2025-08-01 02:54:25 PM,740.15,38,28125.7,114641390.64999998
2025-08-01 02:54:27 PM,739.5,0,0.0,114641390.64999998
2025-08-01 02:54:27 PM,739.5,94,69513.0,114710903.64999998
2025-08-01 02:54:30 PM,739.45,19,14049.550000000001,114724953.19999997
2025-08-01 02:54:48 PM,739.1,0,0.0,114724953.19999997
2025-08-01 02:54:48 PM,739.1,32,23651.2,114748604.39999998
2025-08-01 02:54:51 PM,739.45,2,1478.9,114750083.29999998
2025-08-01 02:55:06 PM,739.0,0,0.0,114750083.29999998
2025-08-01 02:55:09 PM,739.0,2,1478.0,114751561.29999998
2025-08-01 02:55:11 PM,739.45,3,2218.3500000000004,114753779.64999998
2025-08-01 02:55:35 PM,739.0,0,0.0,114753779.64999998
2025-08-01 02:55:36 PM,739.0,10,7390.0,114761169.64999998
2025-08-01 02:55:53 PM,743.0,8259,6136437.0,120897606.64999998
2025-08-01 02:55:54 PM,742.8,0,0.0,120897606.64999998
2025-08-01 02:55:55 PM,740.65,0,0.0,120897606.64999998
2025-08-01 02:55:58 PM,740.65,480,355512.0,121253118.64999998
2025-08-01 02:56:03 PM,741.6,19,14090.4,121267209.04999998
2025-08-01 02:56:04 PM,741.0,133,98553.0,121365762.04999998
2025-08-01 02:56:05 PM,741.3,0,0.0,121365762.04999998
2025-08-01 02:56:07 PM,742.75,0,0.0,121365762.04999998
2025-08-01 02:56:08 PM,742.8,0,0.0,121365762.04999998
2025-08-01 02:56:09 PM,743.2,304,225932.80000000002,121591694.84999998
2025-08-01 02:56:10 PM,743.55,2,1487.1,121593181.94999997
2025-08-01 02:56:19 PM,743.95,0,0.0,121593181.94999997
2025-08-01 02:56:21 PM,743.95,171,127215.45000000001,121720397.39999998
2025-08-01 02:56:27 PM,743.95,216,160693.2,121881090.59999998
2025-08-01 02:56:32 PM,743.95,120,89274.0,121970364.59999998
2025-08-01 02:56:33 PM,743.45,34,25277.300000000003,121995641.89999998
2025-08-01 02:56:38 PM,744.0,264,196416.0,122192057.89999998
2025-08-01 02:56:47 PM,743.65,0,0.0,122192057.89999998
2025-08-01 02:56:48 PM,743.65,71,52799.15,122244857.04999998
2025-08-01 02:56:51 PM,744.0,0,0.0,122244857.04999998
2025-08-01 02:56:53 PM,743.7,0,0.0,122244857.04999998
2025-08-01 02:56:54 PM,743.7,130,96681.0,122341538.04999998
2025-08-01 02:56:59 PM,743.75,10,7437.5,122348975.54999998
2025-08-01 02:57:03 PM,743.8,0,0.0,122348975.54999998
2025-08-01 02:57:05 PM,743.8,33,24545.399999999998,122373520.94999999
2025-08-01 02:57:07 PM,743.85,0,0.0,122373520.94999999
2025-08-01 02:57:11 PM,743.85,169,125710.65000000001,122499231.6
2025-08-01 02:57:22 PM,744.0,163,121272.0,122620503.6
2025-08-01 02:57:33 PM,744.05,106,78869.29999999999,122699372.89999999
2025-08-01 02:57:38 PM,744.05,11,8184.549999999999,122707557.44999999
2025-08-01 02:57:42 PM,743.9,0,0.0,122707557.44999999
2025-08-01 02:57:43 PM,743.9,119,88524.09999999999,122796081.54999998
2025-08-01 02:57:54 PM,743.85,121,90005.85,122886087.39999998
2025-08-01 02:57:55 PM,744.0,1,744.0,122886831.39999998
2025-08-01 02:58:05 PM,744.0,1,744.0,122887575.39999998
2025-08-01 02:58:06 PM,743.8,118,87768.4,122975343.79999998
2025-08-01 02:58:18 PM,743.9,122,90755.8,123066099.59999998
2025-08-01 02:58:28 PM,744.05,0,0.0,123066099.59999998
2025-08-01 02:58:29 PM,744.05,39,29017.949999999997,123095117.54999998
2025-08-01 02:58:30 PM,744.05,6,4464.299999999999,123099581.84999998
2025-08-01 02:58:37 PM,744.0,0,0.0,123099581.84999998
2025-08-01 02:58:40 PM,744.0,140,104160.0,123203741.84999998
2025-08-01 02:58:46 PM,744.05,43,31994.149999999998,123235735.99999999
2025-08-01 02:58:49 PM,745.7,0,0.0,123235735.99999999
2025-08-01 02:58:51 PM,745.7,342,255029.40000000002,123490765.39999999
2025-08-01 02:58:52 PM,744.2,29,21581.800000000003,123512347.19999999
2025-08-01 02:58:56 PM,744.05,10,7440.5,123519787.69999999
2025-08-01 02:59:25 PM,744.0,288,214272.0,123734059.69999999
2025-08-01 02:59:38 PM,743.65,5,3718.25,123737777.94999999
2025-08-01 02:59:48 PM,744.0,25,18600.0,123756377.94999999
2025-08-01 02:59:49 PM,744.1,70,52087.0,123808464.94999999
2025-08-01 02:59:52 PM,744.0,0,0.0,123808464.94999999
2025-08-01 02:59:53 PM,743.95,321,238807.95,124047272.89999999
2025-08-01 02:59:56 PM,744.0,0,0.0,124047272.89999999
2025-08-01 02:59:58 PM,743.7,69,51315.3,124098588.19999999
2025-08-01 03:00:00 PM,743.9,8,5951.2,124104539.39999999
2025-08-01 03:00:01 PM,744.1,0,0.0,124104539.39999999
2025-08-01 03:00:04 PM,744.05,6,4464.299999999999,124109003.69999999
2025-08-01 03:00:06 PM,744.05,1,744.05,124109747.74999999
2025-08-01 03:00:07 PM,744.0,0,0.0,124109747.74999999
2025-08-01 03:00:11 PM,744.0,26,19344.0,124129091.74999999
2025-08-01 03:00:13 PM,744.0,10,7440.0,124136531.74999999
2025-08-01 03:00:14 PM,744.05,0,0.0,124136531.74999999
2025-08-01 03:00:17 PM,744.05,89,66220.45,124202752.19999999
2025-08-01 03:00:22 PM,743.85,0,0.0,124202752.19999999
2025-08-01 03:00:22 PM,743.85,1,743.85,124203496.04999998
2025-08-01 03:00:30 PM,744.05,8,5952.4,124209448.44999999
2025-08-01 03:00:34 PM,743.9,0,0.0,124209448.44999999
2025-08-01 03:00:34 PM,743.9,1,743.9,124210192.35
2025-08-01 03:00:39 PM,743.8,0,0.0,124210192.35
2025-08-01 03:00:40 PM,743.8,1,743.8,124210936.14999999
2025-08-01 03:00:45 PM,743.85,0,0.0,124210936.14999999
2025-08-01 03:00:46 PM,743.85,1,743.85,124211679.99999999
2025-08-01 03:00:58 PM,744.0,157,116808.0,124328487.99999999
2025-08-01 03:01:00 PM,744.05,6,4464.299999999999,124332952.29999998
2025-08-01 03:01:04 PM,744.05,8,5952.4,124338904.69999999
2025-08-01 03:01:07 PM,744.0,1,744.0,124339648.69999999
2025-08-01 03:01:10 PM,744.0,133,98952.0,124438600.69999999
2025-08-01 03:01:13 PM,744.0,10,7440.0,124446040.69999999
2025-08-01 03:01:19 PM,744.0,155,115320.0,124561360.69999999
2025-08-01 03:01:23 PM,744.0,35,26040.0,124587400.69999999
2025-08-01 03:01:28 PM,744.0,73,54312.0,124641712.69999999
2025-08-01 03:01:32 PM,744.0,101,75144.0,124716856.69999999
2025-08-01 03:01:37 PM,743.95,0,0.0,124716856.69999999
2025-08-01 03:01:38 PM,743.95,133,98945.35,124815802.04999998
2025-08-01 03:01:52 PM,744.0,158,117552.0,124933354.04999998
2025-08-01 03:01:56 PM,744.0,51,37944.0,124971298.04999998
2025-08-01 03:02:00 PM,744.05,0,0.0,124971298.04999998
2025-08-01 03:02:02 PM,744.05,7,5208.349999999999,124976506.39999998
2025-08-01 03:02:05 PM,744.05,1,744.05,124977250.44999997
2025-08-01 03:02:07 PM,744.0,0,0.0,124977250.44999997
2025-08-01 03:02:08 PM,744.05,298,221726.9,125198977.34999998
2025-08-01 03:02:17 PM,744.05,111,82589.54999999999,125281566.89999998
2025-08-01 03:02:21 PM,744.05,23,17113.149999999998,125298680.04999998
2025-08-01 03:02:23 PM,743.8,146,108594.79999999999,125407274.84999998
2025-08-01 03:02:25 PM,744.0,0,0.0,125407274.84999998
2025-08-01 03:02:26 PM,743.75,61,45368.75,125452643.59999998
2025-08-01 03:02:29 PM,743.7,1,743.7,125453387.29999998
2025-08-01 03:02:31 PM,743.9,0,0.0,125453387.29999998
2025-08-01 03:02:32 PM,743.9,7,5207.3,125458594.59999998
2025-08-01 03:02:37 PM,743.6,0,0.0,125458594.59999998
2025-08-01 03:02:38 PM,743.6,1,743.6,125459338.19999997
2025-08-01 03:02:55 PM,743.05,0,0.0,125459338.19999997
2025-08-01 03:02:57 PM,743.05,1,743.05,125460081.24999997
2025-08-01 03:03:01 PM,743.7,0,0.0,125460081.24999997
2025-08-01 03:03:03 PM,743.7,8,5949.6,125466030.84999996
2025-08-01 03:03:06 PM,743.1,40,29724.0,125495754.84999996
2025-08-01 03:03:07 PM,743.5,0,0.0,125495754.84999996
2025-08-01 03:03:10 PM,743.5,2,1487.0,125497241.84999996
2025-08-01 03:03:30 PM,742.8,27,20055.6,125517297.44999996
2025-08-01 03:03:36 PM,742.1,0,0.0,125517297.44999996
2025-08-01 03:03:36 PM,742.1,3,2226.3,125519523.74999996
2025-08-01 03:03:40 PM,742.4,1,742.4,125520266.14999996
2025-08-01 03:03:43 PM,742.0,14,10388.0,125530654.14999996
2025-08-01 03:03:46 PM,742.0,12,8904.0,125539558.14999996
2025-08-01 03:03:52 PM,742.0,1,742.0,125540300.14999996
2025-08-01 03:03:55 PM,742.1,1,742.1,125541042.24999996
2025-08-01 03:04:00 PM,742.0,59,43778.0,125584820.24999996
2025-08-01 03:04:04 PM,742.0,1,742.0,125585562.24999996
2025-08-01 03:04:07 PM,741.7,0,0.0,125585562.24999996
2025-08-01 03:04:07 PM,741.7,1,741.7,125586303.94999996
2025-08-01 03:04:14 PM,741.0,319,236379.0,125822682.94999996
2025-08-01 03:04:20 PM,740.5,1,740.5,125823423.44999996
2025-08-01 03:04:21 PM,740.95,0,0.0,125823423.44999996
2025-08-01 03:04:22 PM,740.95,2,1481.9,125824905.34999996
2025-08-01 03:04:26 PM,741.3,0,0.0,125824905.34999996
2025-08-01 03:04:29 PM,741.3,289,214235.69999999998,126039141.04999997
2025-08-01 03:04:38 PM,741.55,9,6673.95,126045814.99999997
2025-08-01 03:04:47 PM,741.55,1,741.55,126046556.54999997
2025-08-01 03:04:50 PM,741.5,7,5190.5,126051747.04999997
2025-08-01 03:05:02 PM,741.45,17,12604.650000000001,126064351.69999997
2025-08-01 03:05:09 PM,741.55,131,97143.04999999999,126161494.74999997
2025-08-01 03:05:10 PM,741.5,0,0.0,126161494.74999997
2025-08-01 03:05:12 PM,742.0,31,23002.0,126184496.74999997
2025-08-01 03:05:17 PM,742.2,0,0.0,126184496.74999997
2025-08-01 03:05:19 PM,742.0,34,25228.0,126209724.74999997
2025-08-01 03:05:22 PM,742.0,122,90524.0,126300248.74999997
2025-08-01 03:05:25 PM,742.0,6,4452.0,126304700.74999997
2025-08-01 03:05:31 PM,741.95,0,0.0,126304700.74999997
2025-08-01 03:05:31 PM,741.95,108,80130.6,126384831.34999996
2025-08-01 03:05:37 PM,742.0,0,0.0,126384831.34999996
2025-08-01 03:05:37 PM,742.0,5,3710.0,126388541.34999996
2025-08-01 03:05:47 PM,742.0,1,742.0,126389283.34999996
2025-08-01 03:05:53 PM,741.8,45,33381.0,126422664.34999996
2025-08-01 03:05:54 PM,741.7,0,0.0,126422664.34999996
2025-08-01 03:05:56 PM,741.7,67,49693.9,126472358.24999997
2025-08-01 03:06:01 PM,741.3,0,0.0,126472358.24999997
2025-08-01 03:06:02 PM,741.3,12,8895.599999999999,126481253.84999996
2025-08-01 03:06:15 PM,740.7,0,0.0,126481253.84999996
2025-08-01 03:06:15 PM,740.7,8,5925.6,126487179.44999996
2025-08-01 03:06:23 PM,740.0,105,77700.0,126564879.44999996
2025-08-01 03:06:31 PM,740.4,0,0.0,126564879.44999996
2025-08-01 03:06:33 PM,740.0,8,5920.0,126570799.44999996
2025-08-01 03:06:39 PM,740.15,4,2960.6,126573760.04999995
2025-08-01 03:06:42 PM,740.05,3,2220.1499999999996,126575980.19999996
2025-08-01 03:06:45 PM,740.05,1,740.05,126576720.24999996
2025-08-01 03:06:48 PM,740.0,15,11100.0,126587820.24999996
2025-08-01 03:06:52 PM,740.0,2,1480.0,126589300.24999996
2025-08-01 03:07:01 PM,740.05,11,8140.549999999999,126597440.79999995
2025-08-01 03:07:04 PM,740.05,1,740.05,126598180.84999995
2025-08-01 03:07:20 PM,740.1,1,740.1,126598920.94999994
2025-08-01 03:07:29 PM,740.05,17,12580.849999999999,126611501.79999994
2025-08-01 03:07:31 PM,740.15,0,0.0,126611501.79999994
2025-08-01 03:07:32 PM,740.15,7,5181.05,126616682.84999993
2025-08-01 03:07:41 PM,740.0,10,7400.0,126624082.84999993
2025-08-01 03:07:47 PM,740.1,4,2960.4,126627043.24999994
2025-08-01 03:07:52 PM,740.05,0,0.0,126627043.24999994
2025-08-01 03:07:54 PM,740.05,1,740.05,126627783.29999994
2025-08-01 03:08:01 PM,740.3,0,0.0,126627783.29999994
2025-08-01 03:08:02 PM,740.35,8,5922.8,126633706.09999993
2025-08-01 03:08:06 PM,740.15,4,2960.6,126636666.69999993
2025-08-01 03:08:12 PM,740.0,94,69560.0,126706226.69999993
2025-08-01 03:08:22 PM,740.35,0,0.0,126706226.69999993
2025-08-01 03:08:25 PM,740.35,1,740.35,126706967.04999992
2025-08-01 03:08:31 PM,740.0,36,26640.0,126733607.04999992
2025-08-01 03:08:48 PM,740.65,0,0.0,126733607.04999992
2025-08-01 03:08:50 PM,740.65,134,99247.09999999999,126832854.14999992
2025-08-01 03:08:56 PM,740.35,31,22950.850000000002,126855804.99999991
2025-08-01 03:09:02 PM,740.35,31,22950.850000000002,126878755.8499999
2025-08-01 03:09:05 PM,740.35,51,37757.85,126916513.6999999
2025-08-01 03:09:13 PM,740.15,0,0.0,126916513.6999999
2025-08-01 03:09:15 PM,740.15,20,14803.0,126931316.6999999
2025-08-01 03:09:21 PM,740.35,0,0.0,126931316.6999999
2025-08-01 03:09:22 PM,740.35,1,740.35,126932057.0499999
2025-08-01 03:09:23 PM,740.35,1,740.35,126932797.39999989
2025-08-01 03:09:28 PM,740.35,1,740.35,126933537.74999988
2025-08-01 03:09:34 PM,740.35,7,5182.45,126938720.19999988
2025-08-01 03:09:43 PM,740.15,1,740.15,126939460.34999989
2025-08-01 03:09:45 PM,740.35,0,0.0,126939460.34999989
2025-08-01 03:09:48 PM,740.15,2,1480.3,126940940.64999989
2025-08-01 03:09:50 PM,740.15,35,25905.25,126966845.89999989
2025-08-01 03:09:55 PM,740.15,8,5921.2,126972767.09999989
2025-08-01 03:09:57 PM,740.15,10,7401.5,126980168.59999989
2025-08-01 03:10:02 PM,740.15,51,37747.65,127017916.2499999
2025-08-01 03:10:05 PM,740.15,12,8881.8,127026798.0499999
2025-08-01 03:10:09 PM,740.15,4,2960.6,127029758.64999989
2025-08-01 03:10:12 PM,740.15,5,3700.75,127033459.39999989
2025-08-01 03:10:16 PM,740.15,4,2960.6,127036419.99999988
2025-08-01 03:10:19 PM,740.1,14,10361.4,127046781.39999989
2025-08-01 03:10:21 PM,740.15,0,0.0,127046781.39999989
2025-08-01 03:10:23 PM,740.1,4,2960.4,127049741.7999999
2025-08-01 03:10:30 PM,740.15,8,5921.2,127055662.9999999
2025-08-01 03:10:32 PM,740.1,1,740.1,127056403.09999989
2025-08-01 03:10:37 PM,740.1,11,8141.1,127064544.19999988
2025-08-01 03:10:41 PM,740.05,0,0.0,127064544.19999988
2025-08-01 03:10:45 PM,740.05,69,51063.45,127115607.64999989
2025-08-01 03:10:49 PM,740.15,0,0.0,127115607.64999989
2025-08-01 03:10:49 PM,740.15,1,740.15,127116347.7999999
2025-08-01 03:10:52 PM,740.05,217,160590.84999999998,127276938.64999989
2025-08-01 03:10:56 PM,740.1,4,2960.4,127279899.0499999
2025-08-01 03:11:02 PM,740.1,28,20722.8,127300621.84999989
2025-08-01 03:11:11 PM,740.1,38,28123.8,127328745.64999989
2025-08-01 03:11:15 PM,740.1,52,38485.200000000004,127367230.84999989
2025-08-01 03:11:17 PM,740.1,20,14802.0,127382032.84999989
2025-08-01 03:11:24 PM,740.05,1,740.05,127382772.89999989
2025-08-01 03:11:34 PM,740.0,8,5920.0,127388692.89999989
2025-08-01 03:11:41 PM,740.05,12,8880.599999999999,127397573.49999988
2025-08-01 03:11:41 PM,740.0,0,0.0,127397573.49999988
2025-08-01 03:11:47 PM,740.0,11,8140.0,127405713.49999988
2025-08-01 03:11:54 PM,740.05,2,1480.1,127407193.59999987
2025-08-01 03:11:59 PM,740.0,0,0.0,127407193.59999987
2025-08-01 03:12:00 PM,740.05,5,3700.25,127410893.84999987
2025-08-01 03:12:02 PM,740.05,57,42182.85,127453076.69999987
2025-08-01 03:12:07 PM,740.05,4,2960.2,127456036.89999987
2025-08-01 03:12:09 PM,740.05,19,14060.949999999999,127470097.84999987
2025-08-01 03:12:13 PM,740.05,51,37742.549999999996,127507840.39999987
2025-08-01 03:12:15 PM,740.1,201,148760.1,127656600.49999987
2025-08-01 03:12:20 PM,740.5,15,11107.5,127667707.99999987
2025-08-01 03:12:26 PM,740.4,1,740.4,127668448.39999987
2025-08-01 03:12:31 PM,740.35,0,0.0,127668448.39999987
2025-08-01 03:12:32 PM,740.35,9,6663.150000000001,127675111.54999988
2025-08-01 03:12:40 PM,740.3,0,0.0,127675111.54999988
2025-08-01 03:12:42 PM,740.2,35,25907.0,127701018.54999988
2025-08-01 03:12:45 PM,740.2,5,3701.0,127704719.54999988
2025-08-01 03:12:52 PM,740.1,741,548414.1,128253133.64999987
2025-08-01 03:12:55 PM,740.1,29,21462.9,128274596.54999988
2025-08-01 03:12:56 PM,740.15,0,0.0,128274596.54999988
2025-08-01 03:12:58 PM,740.15,1,740.15,128275336.69999988
2025-08-01 03:13:01 PM,740.15,23,17023.45,128292360.14999989
2025-08-01 03:13:08 PM,740.0,188,139120.0,128431480.14999989
2025-08-01 03:13:12 PM,740.0,26,19240.0,128450720.14999989
2025-08-01 03:13:15 PM,740.0,24,17760.0,128468480.14999989
2025-08-01 03:13:18 PM,740.05,25,18501.25,128486981.39999989
2025-08-01 03:13:20 PM,740.0,0,0.0,128486981.39999989
2025-08-01 03:13:21 PM,740.0,110,81400.0,128568381.39999989
2025-08-01 03:13:27 PM,740.05,26,19241.3,128587622.69999988
2025-08-01 03:13:33 PM,740.05,7,5180.349999999999,128592803.04999988
2025-08-01 03:13:36 PM,740.05,1,740.05,128593543.09999987
2025-08-01 03:13:39 PM,740.05,43,31822.149999999998,128625365.24999988
2025-08-01 03:13:42 PM,739.4,36,26618.399999999998,128651983.64999989
2025-08-01 03:13:45 PM,740.5,407,301383.5,128953367.14999989
2025-08-01 03:13:48 PM,740.2,200,148040.0,129101407.14999989
2025-08-01 03:13:54 PM,740.0,20,14800.0,129116207.14999989
2025-08-01 03:14:01 PM,740.2,0,0.0,129116207.14999989
2025-08-01 03:14:03 PM,740.2,11,8142.200000000001,129124349.34999989
2025-08-01 03:14:16 PM,740.0,17,12580.0,129136929.34999989
2025-08-01 03:14:19 PM,740.25,12,8883.0,129145812.34999989
2025-08-01 03:14:25 PM,739.6,50,36980.0,129182792.34999989
2025-08-01 03:14:31 PM,739.85,7,5178.95,129187971.2999999
2025-08-01 03:14:34 PM,739.85,6,4439.1,129192410.39999989
2025-08-01 03:14:51 PM,739.0,0,0.0,129192410.39999989
2025-08-01 03:14:52 PM,739.0,10,7390.0,129199800.39999989
2025-08-01 03:14:58 PM,738.85,1,738.85,129200539.24999988
2025-08-01 03:15:00 PM,738.9,0,0.0,129200539.24999988
2025-08-01 03:15:01 PM,738.9,78,57634.2,129258173.44999988
2025-08-01 03:15:05 PM,738.9,1,738.9,129258912.34999989
2025-08-01 03:15:13 PM,738.9,5,3694.5,129262606.84999989
2025-08-01 03:15:15 PM,738.9,15,11083.5,129273690.34999989
2025-08-01 03:15:20 PM,738.9,4,2955.6,129276645.94999988
2025-08-01 03:15:23 PM,738.75,259,191336.25,129467982.19999988
2025-08-01 03:15:26 PM,738.7,0,0.0,129467982.19999988
2025-08-01 03:15:28 PM,738.7,54,39889.8,129507871.99999988
2025-08-01 03:15:30 PM,738.55,14,10339.699999999999,129518211.69999988
2025-08-01 03:15:32 PM,738.5,0,0.0,129518211.69999988
2025-08-01 03:15:35 PM,738.45,2,1476.9,129519688.59999989
2025-08-01 03:15:37 PM,738.35,0,0.0,129519688.59999989
2025-08-01 03:15:38 PM,738.35,2,1476.7,129521165.2999999
2025-08-01 03:15:41 PM,740.7,0,0.0,129521165.2999999
2025-08-01 03:15:42 PM,740.7,558,413310.60000000003,129934475.89999989
2025-08-01 03:15:45 PM,739.9,2,1479.8,129935955.69999988
2025-08-01 03:15:52 PM,739.6,100,73960.0,130009915.69999988
2025-08-01 03:16:01 PM,739.35,0,0.0,130009915.69999988
2025-08-01 03:16:04 PM,739.3,267,197393.09999999998,130207308.79999988
2025-08-01 03:16:11 PM,739.1,46,33998.6,130241307.39999987
2025-08-01 03:16:16 PM,739.25,0,0.0,130241307.39999987
2025-08-01 03:16:18 PM,739.25,117,86492.25,130327799.64999987
2025-08-01 03:16:19 PM,739.6,13,9614.800000000001,130337414.44999987
2025-08-01 03:16:25 PM,739.6,1,739.6,130338154.04999986
2025-08-01 03:16:32 PM,739.0,22,16258.0,130354412.04999986
2025-08-01 03:16:33 PM,739.0,10,7390.0,130361802.04999986
2025-08-01 03:16:37 PM,738.9,0,0.0,130361802.04999986
2025-08-01 03:16:39 PM,738.95,6,4433.700000000001,130366235.74999987
2025-08-01 03:16:45 PM,738.85,10,7388.5,130373624.24999987
2025-08-01 03:16:47 PM,739.7,185,136844.5,130510468.74999987
2025-08-01 03:16:52 PM,739.95,7,5179.650000000001,130515648.39999987
2025-08-01 03:16:59 PM,740.35,13,9624.550000000001,130525272.94999987
2025-08-01 03:17:02 PM,740.0,0,0.0,130525272.94999987
2025-08-01 03:17:05 PM,740.1,12,8881.2,130534154.14999987
2025-08-01 03:17:12 PM,739.7,0,0.0,130534154.14999987
2025-08-01 03:17:12 PM,739.7,18,13314.6,130547468.74999987
2025-08-01 03:17:27 PM,740.6,289,214033.4,130761502.14999987
2025-08-01 03:17:30 PM,741.05,0,0.0,130761502.14999987
2025-08-01 03:17:32 PM,741.05,7,5187.349999999999,130766689.49999987
2025-08-01 03:17:39 PM,741.05,14,10374.699999999999,130777064.19999987
2025-08-01 03:17:40 PM,741.05,1,741.05,130777805.24999987
2025-08-01 03:17:44 PM,740.9,0,0.0,130777805.24999987
2025-08-01 03:17:45 PM,740.9,1,740.9,130778546.14999987
2025-08-01 03:17:59 PM,740.9,3,2222.7,130780768.84999987
2025-08-01 03:18:04 PM,740.85,32,23707.2,130804476.04999988
2025-08-01 03:18:06 PM,740.9,1,740.9,130805216.94999988
2025-08-01 03:18:09 PM,740.85,0,0.0,130805216.94999988
2025-08-01 03:18:13 PM,740.85,55,40746.75,130845963.69999988
2025-08-01 03:18:18 PM,740.9,46,34081.4,130880045.09999989
2025-08-01 03:18:20 PM,740.9,13,9631.699999999999,130889676.7999999
2025-08-01 03:18:25 PM,740.35,281,208038.35,131097715.14999989
2025-08-01 03:18:28 PM,740.0,0,0.0,131097715.14999989
2025-08-01 03:18:31 PM,739.95,0,0.0,131097715.14999989
2025-08-01 03:18:31 PM,739.95,554,409932.30000000005,131507647.44999988
2025-08-01 03:18:33 PM,739.05,1967,1453711.3499999999,132961358.79999988
2025-08-01 03:18:37 PM,738.3,0,0.0,132961358.79999988
2025-08-01 03:18:37 PM,738.3,51,37653.299999999996,132999012.09999987
2025-08-01 03:18:39 PM,738.7,1,738.7,132999750.79999988
2025-08-01 03:18:41 PM,738.5,0,0.0,132999750.79999988
2025-08-01 03:18:44 PM,738.5,3,2215.5,133001966.29999988
2025-08-01 03:18:47 PM,738.15,0,0.0,133001966.29999988
2025-08-01 03:18:50 PM,738.15,32,23620.8,133025587.09999987
2025-08-01 03:18:52 PM,738.15,1,738.15,133026325.24999988
2025-08-01 03:18:55 PM,738.2,0,0.0,133026325.24999988
2025-08-01 03:18:57 PM,738.2,2,1476.4,133027801.64999989
2025-08-01 03:18:59 PM,738.45,13,9599.85,133037401.49999988
2025-08-01 03:19:01 PM,738.85,0,0.0,133037401.49999988
2025-08-01 03:19:03 PM,738.85,390,288151.5,133325552.99999988
2025-08-01 03:19:06 PM,739.95,314,232344.30000000002,133557897.29999988
2025-08-01 03:19:10 PM,740.35,0,0.0,133557897.29999988
2025-08-01 03:19:10 PM,740.35,1,740.35,133558637.64999987
2025-08-01 03:19:12 PM,740.2,158,116951.6,133675589.24999987
2025-08-01 03:19:20 PM,740.0,0,0.0,133675589.24999987
2025-08-01 03:19:24 PM,740.0,1,740.0,133676329.24999987
2025-08-01 03:19:30 PM,740.2,0,0.0,133676329.24999987
2025-08-01 03:19:30 PM,740.2,8,5921.6,133682250.84999986
2025-08-01 03:19:39 PM,740.2,12,8882.400000000001,133691133.24999987
2025-08-01 03:19:43 PM,740.2,26,19245.2,133710378.44999987
2025-08-01 03:19:45 PM,740.2,1,740.2,133711118.64999987
