date,price,qty,trnvr,cum_trnvr
2025-08-01 09:15:08 AM,926.0,90,83340.0,83340.0
2025-08-01 09:15:19 AM,929.0,161,149569.0,232909.0
2025-08-01 09:15:24 AM,930.55,0,0.0,232909.0
2025-08-01 09:15:28 AM,930.55,2,1861.1,234770.1
2025-08-01 09:15:36 AM,931.9,0,0.0,234770.1
2025-08-01 09:15:37 AM,935.95,102,95466.90000000001,330237.0
2025-08-01 09:15:39 AM,935.75,21,19650.75,349887.75
2025-08-01 09:15:40 AM,933.7,0,0.0,349887.75
2025-08-01 09:15:44 AM,936.0,0,0.0,349887.75
2025-08-01 09:15:45 AM,936.0,21,19656.0,369543.75
2025-08-01 09:16:01 AM,931.85,150,139777.5,509321.25
2025-08-01 09:16:11 AM,931.5,69,64273.5,573594.75
2025-08-01 09:16:18 AM,933.25,150,139987.5,713582.25
2025-08-01 09:16:21 AM,933.55,0,0.0,713582.25
2025-08-01 09:16:24 AM,931.4,0,0.0,713582.25
2025-08-01 09:16:26 AM,931.4,29,27010.6,740592.85
2025-08-01 09:16:41 AM,934.05,0,0.0,740592.85
2025-08-01 09:16:43 AM,934.05,19,17746.95,758339.7999999999
2025-08-01 09:17:00 AM,934.55,102,95324.09999999999,853663.8999999999
2025-08-01 09:17:07 AM,935.4,14,13095.6,866759.4999999999
2025-08-01 09:18:05 AM,937.95,16,15007.2,881766.6999999998
2025-08-01 09:18:06 AM,938.05,108,101309.4,983076.0999999999
2025-08-01 09:18:09 AM,939.0,0,0.0,983076.0999999999
2025-08-01 09:18:14 AM,939.6,189,177584.4,1160660.4999999998
2025-08-01 09:18:22 AM,940.0,1,940.0,1161600.4999999998
2025-08-01 09:18:30 AM,939.3,58,54479.399999999994,1216079.8999999997
2025-08-01 09:18:31 AM,940.25,1,940.25,1217020.1499999997
2025-08-01 09:18:55 AM,940.0,29,27260.0,1244280.1499999997
2025-08-01 09:19:03 AM,938.5,115,107927.5,1352207.6499999997
2025-08-01 09:19:07 AM,939.5,0,0.0,1352207.6499999997
2025-08-01 09:19:11 AM,939.5,1,939.5,1353147.1499999997
2025-08-01 09:19:28 AM,938.85,1,938.85,1354085.9999999998
2025-08-01 09:19:35 AM,938.85,94,88251.90000000001,1442337.8999999997
2025-08-01 09:20:01 AM,936.1,30,28083.0,1470420.8999999997
2025-08-01 09:20:13 AM,939.0,0,0.0,1470420.8999999997
2025-08-01 09:20:15 AM,939.0,73,68547.0,1538967.8999999997
2025-08-01 09:20:38 AM,939.9,0,0.0,1538967.8999999997
2025-08-01 09:20:39 AM,939.9,40,37596.0,1576563.8999999997
2025-08-01 09:21:17 AM,939.9,5,4699.5,1581263.3999999997
2025-08-01 09:21:19 AM,940.2,36,33847.200000000004,1615110.5999999996
2025-08-01 09:21:25 AM,939.6,1,939.6,1616050.1999999997
2025-08-01 09:21:39 AM,940.0,0,0.0,1616050.1999999997
2025-08-01 09:21:41 AM,940.0,13,12220.0,1628270.1999999997
2025-08-01 09:21:56 AM,940.0,2,1880.0,1630150.1999999997
2025-08-01 09:21:57 AM,940.05,253,237832.65,1867982.8499999996
2025-08-01 09:23:10 AM,939.45,0,0.0,1867982.8499999996
2025-08-01 09:23:12 AM,938.65,46,43177.9,1911160.7499999995
2025-08-01 09:23:14 AM,939.85,25,23496.25,1934656.9999999995
2025-08-01 09:23:14 AM,938.65,0,0.0,1934656.9999999995
2025-08-01 09:23:20 AM,938.65,3,2815.95,1937472.9499999995
2025-08-01 09:24:06 AM,939.15,2,1878.3,1939351.2499999995
2025-08-01 09:25:00 AM,937.15,19,17805.85,1957157.0999999996
2025-08-01 09:25:05 AM,936.95,0,0.0,1957157.0999999996
2025-08-01 09:25:06 AM,936.95,10,9369.5,1966526.5999999996
2025-08-01 09:25:47 AM,938.45,0,0.0,1966526.5999999996
2025-08-01 09:25:51 AM,938.45,105,98537.25,2065063.8499999996
2025-08-01 09:26:00 AM,937.1,15,14056.5,2079120.3499999996
2025-08-01 09:26:05 AM,935.45,0,0.0,2079120.3499999996
2025-08-01 09:26:06 AM,935.45,237,221701.65000000002,2300821.9999999995
2025-08-01 09:26:54 AM,936.95,105,98379.75,2399201.7499999995
2025-08-01 09:27:00 AM,937.2,29,27178.800000000003,2426380.5499999993
2025-08-01 09:27:02 AM,938.15,0,0.0,2426380.5499999993
2025-08-01 09:27:07 AM,938.15,1,938.15,2427318.6999999993
2025-08-01 09:27:10 AM,936.35,0,0.0,2427318.6999999993
2025-08-01 09:27:14 AM,935.45,0,0.0,2427318.6999999993
2025-08-01 09:27:15 AM,935.45,72,67352.40000000001,2494671.099999999
2025-08-01 09:27:29 AM,935.45,14,13096.300000000001,2507767.399999999
2025-08-01 09:27:37 AM,935.45,1,935.45,2508702.849999999
2025-08-01 09:27:39 AM,937.85,0,0.0,2508702.849999999
2025-08-01 09:27:44 AM,937.85,323,302925.55,2811628.399999999
2025-08-01 09:28:05 AM,938.9,0,0.0,2811628.399999999
2025-08-01 09:28:08 AM,938.9,113,106095.7,2917724.099999999
2025-08-01 09:28:55 AM,938.9,35,32861.5,2950585.599999999
2025-08-01 09:29:54 AM,939.75,2,1879.5,2952465.099999999
2025-08-01 09:30:39 AM,939.75,10,9397.5,2961862.599999999
2025-08-01 09:31:00 AM,938.85,0,0.0,2961862.599999999
2025-08-01 09:31:01 AM,938.85,1,938.85,2962801.4499999993
2025-08-01 09:31:15 AM,939.35,0,0.0,2962801.4499999993
2025-08-01 09:31:16 AM,939.35,1,939.35,2963740.7999999993
2025-08-01 09:31:51 AM,940.25,0,0.0,2963740.7999999993
2025-08-01 09:31:51 AM,940.25,94,88383.5,3052124.2999999993
2025-08-01 09:32:12 AM,940.5,50,47025.0,3099149.2999999993
2025-08-01 09:32:25 AM,941.0,0,0.0,3099149.2999999993
2025-08-01 09:32:26 AM,941.0,136,127976.0,3227125.2999999993
2025-08-01 09:32:32 AM,941.8,0,0.0,3227125.2999999993
2025-08-01 09:32:33 AM,941.8,105,98889.0,3326014.2999999993
2025-08-01 09:32:56 AM,942.75,0,0.0,3326014.2999999993
2025-08-01 09:33:01 AM,942.75,2,1885.5,3327899.7999999993
2025-08-01 09:33:15 AM,942.75,14,13198.5,3341098.2999999993
2025-08-01 09:33:18 AM,942.65,0,0.0,3341098.2999999993
2025-08-01 09:33:21 AM,942.65,25,23566.25,3364664.5499999993
2025-08-01 09:33:23 AM,942.5,0,0.0,3364664.5499999993
2025-08-01 09:33:28 AM,942.5,17,16022.5,3380687.0499999993
2025-08-01 09:33:58 AM,943.0,0,0.0,3380687.0499999993
2025-08-01 09:34:03 AM,943.0,20,18860.0,3399547.0499999993
2025-08-01 09:34:23 AM,943.25,0,0.0,3399547.0499999993
2025-08-01 09:34:25 AM,943.25,50,47162.5,3446709.5499999993
2025-08-01 09:34:38 AM,944.0,29,27376.0,3474085.5499999993
2025-08-01 09:34:48 AM,944.65,0,0.0,3474085.5499999993
2025-08-01 09:34:51 AM,944.75,0,0.0,3474085.5499999993
2025-08-01 09:34:52 AM,944.75,26,24563.5,3498649.0499999993
2025-08-01 09:34:58 AM,945.0,0,0.0,3498649.0499999993
2025-08-01 09:34:59 AM,945.0,5,4725.0,3503374.0499999993
2025-08-01 09:35:18 AM,944.2,0,0.0,3503374.0499999993
2025-08-01 09:35:20 AM,944.2,11,10386.2,3513760.2499999995
2025-08-01 09:35:38 AM,945.0,0,0.0,3513760.2499999995
2025-08-01 09:35:41 AM,945.0,10,9450.0,3523210.2499999995
2025-08-01 09:35:48 AM,944.0,0,0.0,3523210.2499999995
2025-08-01 09:35:48 AM,944.0,147,138768.0,3661978.2499999995
2025-08-01 09:35:57 AM,944.05,0,0.0,3661978.2499999995
2025-08-01 09:36:01 AM,941.6,40,37664.0,3699642.2499999995
2025-08-01 09:36:46 AM,943.55,0,0.0,3699642.2499999995
2025-08-01 09:36:47 AM,943.55,50,47177.5,3746819.7499999995
2025-08-01 09:37:06 AM,942.25,0,0.0,3746819.7499999995
2025-08-01 09:37:07 AM,942.25,1,942.25,3747761.9999999995
2025-08-01 09:37:10 AM,943.4,0,0.0,3747761.9999999995
2025-08-01 09:37:14 AM,943.4,20,18868.0,3766629.9999999995
2025-08-01 09:37:31 AM,943.0,0,0.0,3766629.9999999995
2025-08-01 09:37:35 AM,943.0,24,22632.0,3789261.9999999995
2025-08-01 09:37:48 AM,942.2,0,0.0,3789261.9999999995
2025-08-01 09:37:48 AM,942.2,65,61243.0,3850504.9999999995
2025-08-01 09:38:54 AM,942.0,0,0.0,3850504.9999999995
2025-08-01 09:38:56 AM,942.0,2,1884.0,3852388.9999999995
2025-08-01 09:39:13 AM,941.6,0,0.0,3852388.9999999995
2025-08-01 09:39:16 AM,941.6,40,37664.0,3890052.9999999995
2025-08-01 09:39:23 AM,940.45,89,83700.05,3973753.0499999993
2025-08-01 09:40:23 AM,941.6,28,26364.8,4000117.849999999
2025-08-01 09:40:35 AM,941.6,5,4708.0,4004825.849999999
2025-08-01 09:40:42 AM,941.6,3,2824.8,4007650.649999999
2025-08-01 09:41:06 AM,942.15,0,0.0,4007650.649999999
2025-08-01 09:41:08 AM,942.15,107,100810.05,4108460.699999999
2025-08-01 09:41:26 AM,944.25,0,0.0,4108460.699999999
2025-08-01 09:41:28 AM,944.25,1,944.25,4109404.949999999
2025-08-01 09:41:54 AM,944.0,4,3776.0,4113180.949999999
2025-08-01 09:42:15 AM,944.05,16,15104.8,4128285.7499999986
2025-08-01 09:42:19 AM,943.15,0,0.0,4128285.7499999986
2025-08-01 09:42:20 AM,943.15,24,22635.6,4150921.3499999987
2025-08-01 09:42:33 AM,943.15,1,943.15,4151864.4999999986
2025-08-01 09:42:45 AM,944.15,0,0.0,4151864.4999999986
2025-08-01 09:42:46 AM,944.15,1,944.15,4152808.6499999985
2025-08-01 09:42:52 AM,942.85,0,0.0,4152808.6499999985
2025-08-01 09:42:53 AM,942.85,5,4714.25,4157522.8999999985
2025-08-01 09:43:17 AM,943.1,0,0.0,4157522.8999999985
2025-08-01 09:43:19 AM,943.1,1,943.1,4158465.9999999986
2025-08-01 09:44:25 AM,943.1,1,943.1,4159409.0999999987
2025-08-01 09:44:53 AM,942.05,0,0.0,4159409.0999999987
2025-08-01 09:44:57 AM,942.05,92,86668.59999999999,4246077.699999998
2025-08-01 09:45:01 AM,943.3,0,0.0,4246077.699999998
2025-08-01 09:45:04 AM,943.3,10,9433.0,4255510.699999998
2025-08-01 09:45:11 AM,941.6,46,43313.6,4298824.299999998
2025-08-01 09:45:17 AM,942.95,0,0.0,4298824.299999998
2025-08-01 09:45:17 AM,942.95,14,13201.300000000001,4312025.599999998
2025-08-01 09:45:58 AM,943.15,0,0.0,4312025.599999998
2025-08-01 09:46:02 AM,943.15,126,118836.9,4430862.499999998
2025-08-01 09:46:04 AM,943.15,74,69793.09999999999,4500655.599999998
2025-08-01 09:46:09 AM,943.7,17,16042.900000000001,4516698.499999998
2025-08-01 09:46:16 AM,946.0,219,207174.0,4723872.499999998
2025-08-01 09:46:38 AM,945.6,0,0.0,4723872.499999998
2025-08-01 09:46:39 AM,945.0,0,0.0,4723872.499999998
2025-08-01 09:46:41 AM,946.0,514,486244.0,5210116.499999998
2025-08-01 09:46:46 AM,945.05,0,0.0,5210116.499999998
2025-08-01 09:46:47 AM,945.05,1,945.05,5211061.549999998
2025-08-01 09:48:39 AM,947.0,22,20834.0,5231895.549999998
2025-08-01 09:48:49 AM,946.65,35,33132.75,5265028.299999998
2025-08-01 09:49:02 AM,945.55,100,94555.0,5359583.299999998
2025-08-01 09:49:04 AM,946.75,20,18935.0,5378518.299999998
2025-08-01 09:49:14 AM,946.75,25,23668.75,5402187.049999998
2025-08-01 09:49:23 AM,945.55,0,0.0,5402187.049999998
2025-08-01 09:49:23 AM,945.55,50,47277.5,5449464.549999998
2025-08-01 09:49:44 AM,946.55,0,0.0,5449464.549999998
2025-08-01 09:49:45 AM,946.55,110,104120.5,5553585.049999998
2025-08-01 09:50:12 AM,945.25,0,0.0,5553585.049999998
2025-08-01 09:50:14 AM,945.25,6,5671.5,5559256.549999998
2025-08-01 09:50:18 AM,944.75,19,17950.25,5577206.799999998
2025-08-01 09:50:19 AM,944.2,0,0.0,5577206.799999998
2025-08-01 09:50:21 AM,944.2,10,9442.0,5586648.799999998
2025-08-01 09:50:34 AM,943.35,0,0.0,5586648.799999998
2025-08-01 09:50:36 AM,943.35,5,4716.75,5591365.549999998
2025-08-01 09:50:42 AM,942.85,0,0.0,5591365.549999998
2025-08-01 09:50:43 AM,942.85,111,104656.35,5696021.899999998
2025-08-01 09:50:55 AM,942.85,10,9428.5,5705450.399999998
2025-08-01 09:50:58 AM,942.65,0,0.0,5705450.399999998
2025-08-01 09:51:01 AM,943.25,0,0.0,5705450.399999998
2025-08-01 09:51:02 AM,943.25,56,52822.0,5758272.399999998
2025-08-01 09:51:24 AM,943.65,0,0.0,5758272.399999998
2025-08-01 09:51:27 AM,943.65,2,1887.3,5760159.699999997
2025-08-01 09:51:46 AM,943.65,1,943.65,5761103.349999998
2025-08-01 09:52:18 AM,944.55,0,0.0,5761103.349999998
2025-08-01 09:52:19 AM,944.55,22,20780.1,5781883.449999997
2025-08-01 09:52:35 AM,944.55,1,944.55,5782827.999999997
2025-08-01 09:52:41 AM,944.55,1,944.55,5783772.549999997
2025-08-01 09:53:06 AM,943.75,0,0.0,5783772.549999997
2025-08-01 09:53:07 AM,943.75,108,101925.0,5885697.549999997
2025-08-01 09:53:36 AM,943.8,21,19819.8,5905517.349999997
2025-08-01 09:54:19 AM,944.3,0,0.0,5905517.349999997
2025-08-01 09:54:20 AM,944.3,22,20774.6,5926291.949999996
2025-08-01 09:54:22 AM,944.55,0,0.0,5926291.949999996
2025-08-01 09:54:26 AM,944.55,15,14168.25,5940460.199999996
2025-08-01 09:55:36 AM,944.4,0,0.0,5940460.199999996
2025-08-01 09:55:37 AM,944.4,51,48164.4,5988624.599999997
2025-08-01 09:55:38 AM,943.7,8,7549.6,5996174.199999996
2025-08-01 09:56:54 AM,943.2,0,0.0,5996174.199999996
2025-08-01 09:56:56 AM,943.2,9,8488.800000000001,6004662.999999996
2025-08-01 09:57:25 AM,942.05,2,1884.1,6006547.099999996
2025-08-01 09:57:33 AM,941.75,2,1883.5,6008430.599999996
2025-08-01 09:58:16 AM,941.55,0,0.0,6008430.599999996
2025-08-01 09:58:16 AM,941.55,5,4707.75,6013138.349999996
2025-08-01 09:58:21 AM,941.95,4,3767.8,6016906.149999996
2025-08-01 09:59:00 AM,940.75,0,0.0,6016906.149999996
2025-08-01 09:59:01 AM,940.75,5,4703.75,6021609.899999996
2025-08-01 10:00:04 AM,940.3,0,0.0,6021609.899999996
2025-08-01 10:00:04 AM,940.3,308,289612.39999999997,6311222.299999996
2025-08-01 10:00:10 AM,940.3,11,10343.3,6321565.599999996
2025-08-01 10:02:38 AM,940.0,0,0.0,6321565.599999996
2025-08-01 10:02:38 AM,940.0,150,141000.0,6462565.599999996
2025-08-01 10:02:42 AM,940.95,0,0.0,6462565.599999996
2025-08-01 10:02:44 AM,940.95,20,18819.0,6481384.599999996
2025-08-01 10:03:23 AM,940.95,40,37638.0,6519022.599999996
2025-08-01 10:05:05 AM,942.0,3,2826.0,6521848.599999996
2025-08-01 10:05:23 AM,942.25,25,23556.25,6545404.849999996
2025-08-01 10:06:12 AM,941.6,2,1883.2,6547288.049999996
2025-08-01 10:06:31 AM,941.35,0,0.0,6547288.049999996
2025-08-01 10:06:33 AM,941.35,2,1882.7,6549170.749999996
2025-08-01 10:07:03 AM,941.7,0,0.0,6549170.749999996
2025-08-01 10:07:04 AM,941.7,1,941.7,6550112.449999996
2025-08-01 10:07:23 AM,942.15,0,0.0,6550112.449999996
2025-08-01 10:07:23 AM,942.15,10,9421.5,6559533.949999996
2025-08-01 10:07:53 AM,941.05,17,15997.849999999999,6575531.799999996
2025-08-01 10:07:59 AM,940.8,18,16934.399999999998,6592466.199999996
2025-08-01 10:10:17 AM,941.35,0,0.0,6592466.199999996
2025-08-01 10:10:18 AM,941.35,1,941.35,6593407.549999996
2025-08-01 10:10:41 AM,941.35,2,1882.7,6595290.249999996
2025-08-01 10:11:25 AM,941.15,0,0.0,6595290.249999996
2025-08-01 10:11:27 AM,941.15,50,47057.5,6642347.749999996
2025-08-01 10:11:38 AM,942.45,10,9424.5,6651772.249999996
2025-08-01 10:12:01 AM,942.45,5,4712.25,6656484.499999996
2025-08-01 10:12:37 AM,942.45,1,942.45,6657426.949999996
2025-08-01 10:12:48 AM,941.5,33,31069.5,6688496.449999996
2025-08-01 10:12:54 AM,941.5,2,1883.0,6690379.449999996
2025-08-01 10:12:58 AM,941.05,0,0.0,6690379.449999996
2025-08-01 10:13:00 AM,941.05,2,1882.1,6692261.549999996
2025-08-01 10:13:05 AM,941.05,12,11292.599999999999,6703554.149999996
2025-08-01 10:14:10 AM,940.25,0,0.0,6703554.149999996
2025-08-01 10:14:10 AM,940.25,3,2820.75,6706374.899999996
2025-08-01 10:15:37 AM,940.0,0,0.0,6706374.899999996
2025-08-01 10:15:38 AM,940.0,163,153220.0,6859594.899999996
2025-08-01 10:15:41 AM,939.95,0,0.0,6859594.899999996
2025-08-01 10:15:44 AM,939.95,12,11279.400000000001,6870874.299999996
2025-08-01 10:15:48 AM,940.0,0,0.0,6870874.299999996
2025-08-01 10:15:50 AM,940.0,21,19740.0,6890614.299999996
2025-08-01 10:16:00 AM,938.45,0,0.0,6890614.299999996
2025-08-01 10:16:02 AM,938.45,285,267458.25,7158072.549999996
2025-08-01 10:16:19 AM,936.85,0,0.0,7158072.549999996
2025-08-01 10:16:19 AM,936.85,258,241707.30000000002,7399779.849999996
2025-08-01 10:16:33 AM,937.35,0,0.0,7399779.849999996
2025-08-01 10:16:37 AM,937.35,10,9373.5,7409153.349999996
2025-08-01 10:18:06 AM,937.25,0,0.0,7409153.349999996
2025-08-01 10:18:08 AM,937.25,1,937.25,7410090.599999996
2025-08-01 10:18:36 AM,937.15,0,0.0,7410090.599999996
2025-08-01 10:18:37 AM,937.15,4,3748.6,7413839.1999999955
2025-08-01 10:19:35 AM,936.7,0,0.0,7413839.1999999955
2025-08-01 10:19:35 AM,936.7,25,23417.5,7437256.6999999955
2025-08-01 10:21:09 AM,937.4,1,937.4,7438194.099999996
2025-08-01 10:21:18 AM,938.1,0,0.0,7438194.099999996
2025-08-01 10:21:18 AM,938.1,147,137900.7,7576094.799999996
2025-08-01 10:21:22 AM,934.15,0,0.0,7576094.799999996
2025-08-01 10:21:23 AM,933.8,73003,68170201.39999999,75746296.19999999
2025-08-01 10:21:29 AM,933.4,1,933.4,75747229.6
2025-08-01 10:21:30 AM,934.35,0,0.0,75747229.6
2025-08-01 10:21:31 AM,933.45,2,1866.9,75749096.5
2025-08-01 10:21:37 AM,934.4,0,0.0,75749096.5
2025-08-01 10:21:39 AM,933.45,2,1866.9,75750963.4
2025-08-01 10:21:41 AM,934.75,316,295381.0,76046344.4
2025-08-01 10:21:49 AM,934.4,0,0.0,76046344.4
2025-08-01 10:21:51 AM,934.4,1,934.4,76047278.80000001
2025-08-01 10:22:37 AM,935.5,0,0.0,76047278.80000001
2025-08-01 10:22:37 AM,935.5,2,1871.0,76049149.80000001
2025-08-01 10:23:34 AM,935.05,0,0.0,76049149.80000001
2025-08-01 10:23:36 AM,935.05,1,935.05,76050084.85000001
2025-08-01 10:23:45 AM,935.2,0,0.0,76050084.85000001
2025-08-01 10:23:47 AM,935.2,4,3740.8,76053825.65
2025-08-01 10:23:55 AM,935.25,0,0.0,76053825.65
2025-08-01 10:23:55 AM,935.25,3,2805.75,76056631.4
2025-08-01 10:24:50 AM,935.95,12,11231.400000000001,76067862.80000001
2025-08-01 10:25:19 AM,935.95,15,14039.25,76081902.05000001
2025-08-01 10:25:22 AM,935.7,0,0.0,76081902.05000001
2025-08-01 10:25:22 AM,935.7,10,9357.0,76091259.05000001
2025-08-01 10:25:52 AM,935.95,0,0.0,76091259.05000001
2025-08-01 10:25:52 AM,935.95,1,935.95,76092195.00000001
2025-08-01 10:26:08 AM,936.55,16,14984.8,76107179.80000001
2025-08-01 10:27:20 AM,937.25,0,0.0,76107179.80000001
2025-08-01 10:27:20 AM,937.25,54,50611.5,76157791.30000001
2025-08-01 10:27:56 AM,937.25,1,937.25,76158728.55000001
2025-08-01 10:28:01 AM,937.95,0,0.0,76158728.55000001
2025-08-01 10:28:01 AM,937.95,25,23448.75,76182177.30000001
2025-08-01 10:28:07 AM,937.95,1,937.95,76183115.25000001
2025-08-01 10:28:17 AM,937.95,1,937.95,76184053.20000002
2025-08-01 10:28:23 AM,937.95,25,23448.75,76207501.95000002
2025-08-01 10:28:34 AM,937.95,25,23448.75,76230950.70000002
2025-08-01 10:28:45 AM,937.95,21,19696.95,76250647.65000002
2025-08-01 10:28:56 AM,937.95,4,3751.8,76254399.45000002
2025-08-01 10:29:11 AM,937.95,3,2813.8500000000004,76257213.30000001
2025-08-01 10:30:08 AM,938.9,0,0.0,76257213.30000001
2025-08-01 10:30:09 AM,938.9,19,17839.1,76275052.4
2025-08-01 10:30:14 AM,938.55,0,0.0,76275052.4
2025-08-01 10:30:15 AM,938.55,58,54435.899999999994,76329488.30000001
2025-08-01 10:30:18 AM,938.7,2,1877.4,76331365.70000002
2025-08-01 10:30:38 AM,938.75,1,938.75,76332304.45000002
2025-08-01 10:30:49 AM,938.8,0,0.0,76332304.45000002
2025-08-01 10:30:49 AM,938.8,1,938.8,76333243.25000001
2025-08-01 10:31:09 AM,938.95,1,938.95,76334182.20000002
2025-08-01 10:31:23 AM,938.95,1,938.95,76335121.15000002
2025-08-01 10:31:34 AM,938.3,0,0.0,76335121.15000002
2025-08-01 10:31:34 AM,938.3,25,23457.5,76358578.65000002
2025-08-01 10:31:58 AM,937.7,2,1875.4,76360454.05000003
2025-08-01 10:32:27 AM,937.8,2,1875.6,76362329.65000002
2025-08-01 10:35:26 AM,938.8,0,0.0,76362329.65000002
2025-08-01 10:35:26 AM,938.8,6,5632.799999999999,76367962.45000002
2025-08-01 10:35:46 AM,938.85,0,0.0,76367962.45000002
2025-08-01 10:35:46 AM,938.85,1,938.85,76368901.30000001
2025-08-01 10:37:15 AM,938.85,2,1877.7,76370779.00000001
2025-08-01 10:37:23 AM,938.8,0,0.0,76370779.00000001
2025-08-01 10:37:26 AM,938.8,3,2816.3999999999996,76373595.40000002
2025-08-01 10:38:31 AM,938.0,0,0.0,76373595.40000002
2025-08-01 10:38:33 AM,938.0,20,18760.0,76392355.40000002
2025-08-01 10:39:32 AM,938.9,0,0.0,76392355.40000002
2025-08-01 10:39:32 AM,938.9,39,36617.1,76428972.50000001
2025-08-01 10:40:40 AM,938.85,0,0.0,76428972.50000001
2025-08-01 10:40:41 AM,938.85,6,5633.1,76434605.60000001
2025-08-01 10:41:28 AM,937.8,0,0.0,76434605.60000001
2025-08-01 10:41:29 AM,937.8,54,50641.2,76485246.80000001
2025-08-01 10:41:56 AM,937.8,3,2813.3999999999996,76488060.20000002
2025-08-01 10:43:39 AM,938.4,0,0.0,76488060.20000002
2025-08-01 10:43:41 AM,938.4,4,3753.6,76491813.80000001
2025-08-01 10:43:53 AM,938.9,0,0.0,76491813.80000001
2025-08-01 10:43:53 AM,938.9,23,21594.7,76513408.50000001
2025-08-01 10:44:34 AM,938.9,5,4694.5,76518103.00000001
2025-08-01 10:44:50 AM,938.9,39,36617.1,76554720.10000001
2025-08-01 10:44:53 AM,938.9,2,1877.8,76556597.9
2025-08-01 10:45:28 AM,938.3,20,18766.0,76575363.9
2025-08-01 10:46:10 AM,937.8,0,0.0,76575363.9
2025-08-01 10:46:12 AM,937.5,0,0.0,76575363.9
2025-08-01 10:46:12 AM,937.5,7,6562.5,76581926.4
2025-08-01 10:47:41 AM,936.15,0,0.0,76581926.4
2025-08-01 10:47:42 AM,936.15,41,38382.15,76620308.55000001
2025-08-01 10:49:03 AM,937.1,0,0.0,76620308.55000001
2025-08-01 10:49:03 AM,937.1,5,4685.5,76624994.05000001
2025-08-01 10:51:25 AM,937.0,100,93700.0,76718694.05000001
2025-08-01 10:51:25 AM,936.9,14,13116.6,76731810.65
2025-08-01 10:51:30 AM,936.9,3,2810.7,76734621.35000001
2025-08-01 10:51:45 AM,937.1,0,0.0,76734621.35000001
2025-08-01 10:51:47 AM,937.1,40,37484.0,76772105.35000001
2025-08-01 10:51:49 AM,937.5,0,0.0,76772105.35000001
2025-08-01 10:51:52 AM,937.5,3,2812.5,76774917.85000001
2025-08-01 10:52:09 AM,937.5,44,41250.0,76816167.85000001
2025-08-01 10:52:14 AM,937.5,27,25312.5,76841480.35000001
2025-08-01 10:52:41 AM,937.9,0,0.0,76841480.35000001
2025-08-01 10:52:41 AM,937.9,4,3751.6,76845231.95
2025-08-01 10:52:49 AM,938.2,0,0.0,76845231.95
2025-08-01 10:52:51 AM,938.2,6,5629.200000000001,76850861.15
2025-08-01 10:53:01 AM,938.45,0,0.0,76850861.15
2025-08-01 10:53:01 AM,938.45,10,9384.5,76860245.65
2025-08-01 10:54:17 AM,938.2,131,122904.20000000001,76983149.85000001
2025-08-01 10:56:17 AM,938.45,0,0.0,76983149.85000001
2025-08-01 10:56:19 AM,938.45,50,46922.5,77030072.35000001
2025-08-01 10:56:35 AM,938.8,19,17837.2,77047909.55000001
2025-08-01 10:57:51 AM,938.9,0,0.0,77047909.55000001
2025-08-01 10:57:53 AM,938.8,0,0.0,77047909.55000001
2025-08-01 10:57:54 AM,938.8,50,46940.0,77094849.55000001
2025-08-01 10:57:55 AM,938.85,0,0.0,77094849.55000001
2025-08-01 10:57:59 AM,938.85,3,2816.55,77097666.10000001
2025-08-01 10:58:01 AM,939.5,0,0.0,77097666.10000001
2025-08-01 10:58:05 AM,939.5,1,939.5,77098605.60000001
2025-08-01 10:58:07 AM,939.9,0,0.0,77098605.60000001
2025-08-01 10:58:10 AM,939.9,1,939.9,77099545.50000001
2025-08-01 10:58:11 AM,938.85,48,45064.8,77144610.30000001
2025-08-01 10:58:15 AM,938.85,3,2816.55,77147426.85000001
2025-08-01 10:58:17 AM,938.95,0,0.0,77147426.85000001
2025-08-01 10:58:20 AM,938.95,1,938.95,77148365.80000001
2025-08-01 10:58:54 AM,938.95,50,46947.5,77195313.30000001
2025-08-01 10:59:01 AM,939.05,0,0.0,77195313.30000001
2025-08-01 10:59:04 AM,939.05,50,46952.5,77242265.80000001
2025-08-01 10:59:09 AM,938.95,0,0.0,77242265.80000001
2025-08-01 10:59:09 AM,938.95,1,938.95,77243204.75000001
2025-08-01 11:00:33 AM,937.1,0,0.0,77243204.75000001
2025-08-01 11:00:36 AM,937.5,349,327187.5,77570392.25000001
2025-08-01 11:02:20 AM,937.05,0,0.0,77570392.25000001
2025-08-01 11:02:21 AM,937.05,1,937.05,77571329.30000001
2025-08-01 11:02:26 AM,937.05,1,937.05,77572266.35000001
2025-08-01 11:04:17 AM,937.15,25,23428.75,77595695.10000001
2025-08-01 11:04:52 AM,937.05,0,0.0,77595695.10000001
2025-08-01 11:04:53 AM,937.05,2,1874.1,77597569.2
2025-08-01 11:05:35 AM,936.3,0,0.0,77597569.2
2025-08-01 11:05:36 AM,936.3,1,936.3,77598505.5
2025-08-01 11:06:54 AM,937.45,0,0.0,77598505.5
2025-08-01 11:06:56 AM,937.45,200,187490.0,77785995.5
2025-08-01 11:07:32 AM,936.2,0,0.0,77785995.5
2025-08-01 11:07:33 AM,936.2,48,44937.600000000006,77830933.1
2025-08-01 11:07:44 AM,936.9,0,0.0,77830933.1
2025-08-01 11:07:44 AM,936.9,50,46845.0,77877778.1
2025-08-01 11:08:06 AM,936.7,0,0.0,77877778.1
2025-08-01 11:08:06 AM,936.7,1,936.7,77878714.8
2025-08-01 11:09:29 AM,936.7,10,9367.0,77888081.8
2025-08-01 11:10:04 AM,936.85,21,19673.850000000002,77907755.64999999
2025-08-01 11:12:25 AM,936.9,0,0.0,77907755.64999999
2025-08-01 11:12:25 AM,936.9,5,4684.5,77912440.14999999
2025-08-01 11:12:49 AM,937.15,0,0.0,77912440.14999999
2025-08-01 11:12:51 AM,937.15,205,192115.75,78104555.89999999
2025-08-01 11:13:52 AM,937.95,0,0.0,78104555.89999999
2025-08-01 11:13:52 AM,937.95,4,3751.8,78108307.69999999
2025-08-01 11:14:09 AM,936.8,17,15925.599999999999,78124233.29999998
2025-08-01 11:14:34 AM,936.8,8,7494.4,78131727.69999999
2025-08-01 11:15:48 AM,937.5,0,0.0,78131727.69999999
2025-08-01 11:15:49 AM,937.5,16,15000.0,78146727.69999999
2025-08-01 11:16:52 AM,938.55,0,0.0,78146727.69999999
2025-08-01 11:16:53 AM,938.55,14,13139.699999999999,78159867.39999999
2025-08-01 11:17:08 AM,937.55,28,26251.399999999998,78186118.8
2025-08-01 11:17:15 AM,936.0,6,5616.0,78191734.8
2025-08-01 11:17:48 AM,936.65,0,0.0,78191734.8
2025-08-01 11:17:50 AM,936.65,1,936.65,78192671.45
2025-08-01 11:18:14 AM,936.7,17,15923.900000000001,78208595.35000001
2025-08-01 11:18:38 AM,936.65,0,0.0,78208595.35000001
2025-08-01 11:18:40 AM,936.65,2,1873.3,78210468.65
2025-08-01 11:18:54 AM,936.7,0,0.0,78210468.65
2025-08-01 11:18:57 AM,936.7,2,1873.4,78212342.05000001
2025-08-01 11:19:14 AM,937.55,0,0.0,78212342.05000001
2025-08-01 11:19:14 AM,937.55,1,937.55,78213279.60000001
2025-08-01 11:23:34 AM,936.7,0,0.0,78213279.60000001
2025-08-01 11:23:38 AM,936.7,30,28101.0,78241380.60000001
2025-08-01 11:25:19 AM,937.85,0,0.0,78241380.60000001
2025-08-01 11:25:22 AM,937.85,24,22508.4,78263889.00000001
2025-08-01 11:25:35 AM,937.55,0,0.0,78263889.00000001
2025-08-01 11:25:37 AM,937.55,1,937.55,78264826.55000001
2025-08-01 11:26:00 AM,937.8,0,0.0,78264826.55000001
2025-08-01 11:26:03 AM,937.8,1,937.8,78265764.35000001
2025-08-01 11:26:23 AM,937.05,0,0.0,78265764.35000001
2025-08-01 11:26:24 AM,937.05,2,1874.1,78267638.45
2025-08-01 11:27:08 AM,936.0,0,0.0,78267638.45
2025-08-01 11:27:09 AM,936.0,155,145080.0,78412718.45
2025-08-01 11:27:11 AM,936.15,0,0.0,78412718.45
2025-08-01 11:27:14 AM,936.15,4,3744.6,78416463.05
2025-08-01 11:27:45 AM,935.7,0,0.0,78416463.05
2025-08-01 11:27:45 AM,935.7,1681,1572911.7000000002,79989374.75
2025-08-01 11:27:47 AM,936.3,0,0.0,79989374.75
2025-08-01 11:27:51 AM,936.3,3,2808.8999999999996,79992183.65
2025-08-01 11:29:17 AM,936.65,0,0.0,79992183.65
2025-08-01 11:29:18 AM,936.65,3,2809.95,79994993.60000001
2025-08-01 11:30:23 AM,936.1,4,3744.4,79998738.00000001
2025-08-01 11:31:28 AM,936.2,0,0.0,79998738.00000001
2025-08-01 11:31:29 AM,936.2,1,936.2,79999674.20000002
2025-08-01 11:32:14 AM,936.75,0,0.0,79999674.20000002
2025-08-01 11:32:16 AM,936.75,2,1873.5,80001547.70000002
2025-08-01 11:33:54 AM,936.75,3,2810.25,80004357.95000002
2025-08-01 11:35:04 AM,936.2,0,0.0,80004357.95000002
2025-08-01 11:35:06 AM,936.2,31,29022.2,80033380.15000002
2025-08-01 11:35:33 AM,935.95,0,0.0,80033380.15000002
2025-08-01 11:35:33 AM,935.95,10,9359.5,80042739.65000002
2025-08-01 11:35:40 AM,935.0,0,0.0,80042739.65000002
2025-08-01 11:35:43 AM,935.0,47,43945.0,80086684.65000002
2025-08-01 11:37:32 AM,935.5,0,0.0,80086684.65000002
2025-08-01 11:37:33 AM,935.5,20,18710.0,80105394.65000002
2025-08-01 11:38:32 AM,935.55,0,0.0,80105394.65000002
2025-08-01 11:38:33 AM,935.55,26,24324.3,80129718.95000002
2025-08-01 11:39:30 AM,937.2,0,0.0,80129718.95000002
2025-08-01 11:39:30 AM,937.2,1508,1413297.6,81543016.55000001
2025-08-01 11:39:39 AM,936.05,0,0.0,81543016.55000001
2025-08-01 11:39:40 AM,936.05,33,30889.649999999998,81573906.20000002
2025-08-01 11:39:42 AM,935.95,21,19654.95,81593561.15000002
2025-08-01 11:40:06 AM,936.45,0,0.0,81593561.15000002
2025-08-01 11:40:06 AM,936.45,31,29029.95,81622591.10000002
2025-08-01 11:40:23 AM,936.6,5,4683.0,81627274.10000002
2025-08-01 11:41:42 AM,936.6,10,9366.0,81636640.10000002
2025-08-01 11:41:53 AM,936.95,100,93695.0,81730335.10000002
2025-08-01 11:43:22 AM,933.0,0,0.0,81730335.10000002
2025-08-01 11:43:23 AM,932.0,1172,1092304.0,82822639.10000002
2025-08-01 11:43:24 AM,931.3,0,0.0,82822639.10000002
2025-08-01 11:43:24 AM,931.8,0,0.0,82822639.10000002
2025-08-01 11:43:27 AM,931.8,5,4659.0,82827298.10000002
2025-08-01 11:44:09 AM,931.0,235,218785.0,83046083.10000002
2025-08-01 11:44:10 AM,932.0,358,333656.0,83379739.10000002
2025-08-01 11:44:16 AM,934.25,470,439097.5,83818836.60000002
2025-08-01 11:44:33 AM,935.2,1,935.2,83819771.80000003
2025-08-01 11:45:23 AM,935.0,0,0.0,83819771.80000003
2025-08-01 11:45:27 AM,935.0,50,46750.0,83866521.80000003
2025-08-01 11:46:14 AM,935.75,0,0.0,83866521.80000003
2025-08-01 11:46:15 AM,935.75,1,935.75,83867457.55000003
2025-08-01 11:47:33 AM,935.75,36,33687.0,83901144.55000003
2025-08-01 11:47:44 AM,935.75,2,1871.5,83903016.05000003
2025-08-01 11:47:54 AM,932.8,331,308756.8,84211772.85000002
2025-08-01 11:48:03 AM,932.3,0,0.0,84211772.85000002
2025-08-01 11:48:04 AM,932.3,1150,1072145.0,85283917.85000002
2025-08-01 11:48:14 AM,932.45,0,0.0,85283917.85000002
2025-08-01 11:48:14 AM,932.45,1,932.45,85284850.30000003
2025-08-01 11:49:19 AM,932.4,0,0.0,85284850.30000003
2025-08-01 11:49:20 AM,932.4,4,3729.6,85288579.90000002
2025-08-01 11:50:43 AM,932.55,3,2797.6499999999996,85291377.55000003
2025-08-01 11:51:46 AM,933.95,0,0.0,85291377.55000003
2025-08-01 11:51:47 AM,933.95,43,40159.85,85331537.40000002
2025-08-01 11:51:57 AM,933.95,87,81253.65000000001,85412791.05000003
2025-08-01 11:52:06 AM,934.6,0,0.0,85412791.05000003
2025-08-01 11:52:07 AM,934.6,1,934.6,85413725.65000002
2025-08-01 11:52:20 AM,934.55,0,0.0,85413725.65000002
2025-08-01 11:52:22 AM,934.55,188,175695.4,85589421.05000003
2025-08-01 11:53:33 AM,935.75,0,0.0,85589421.05000003
2025-08-01 11:53:33 AM,935.75,21,19650.75,85609071.80000003
2025-08-01 11:54:14 AM,935.75,23,21522.25,85630594.05000003
2025-08-01 11:55:56 AM,936.0,0,0.0,85630594.05000003
2025-08-01 11:56:00 AM,936.0,171,160056.0,85790650.05000003
2025-08-01 11:56:10 AM,936.9,0,0.0,85790650.05000003
2025-08-01 11:56:11 AM,937.3,0,0.0,85790650.05000003
2025-08-01 11:56:11 AM,937.3,36,33742.799999999996,85824392.85000002
2025-08-01 11:56:57 AM,937.0,412,386044.0,86210436.85000002
2025-08-01 11:56:58 AM,936.05,0,0.0,86210436.85000002
2025-08-01 11:57:01 AM,936.05,1,936.05,86211372.90000002
2025-08-01 11:57:20 AM,936.8,0,0.0,86211372.90000002
2025-08-01 11:57:21 AM,936.8,524,490883.19999999995,86702256.10000002
2025-08-01 11:57:22 AM,937.0,5,4685.0,86706941.10000002
2025-08-01 11:57:30 AM,937.05,0,0.0,86706941.10000002
2025-08-01 11:57:31 AM,937.05,14,13118.699999999999,86720059.80000003
2025-08-01 11:57:46 AM,937.05,3,2811.1499999999996,86722870.95000003
2025-08-01 11:57:59 AM,937.5,0,0.0,86722870.95000003
2025-08-01 11:58:01 AM,937.5,2,1875.0,86724745.95000003
2025-08-01 11:58:20 AM,937.05,0,0.0,86724745.95000003
2025-08-01 11:58:23 AM,937.05,1,937.05,86725683.00000003
2025-08-01 11:58:28 AM,940.0,0,0.0,86725683.00000003
2025-08-01 11:58:29 AM,940.0,1235,1160900.0,87886583.00000003
2025-08-01 11:58:33 AM,940.05,0,0.0,87886583.00000003
2025-08-01 11:58:33 AM,940.05,2,1880.1,87888463.10000002
2025-08-01 11:58:45 AM,941.3,0,0.0,87888463.10000002
2025-08-01 11:58:45 AM,941.3,21,19767.3,87908230.40000002
2025-08-01 11:58:54 AM,940.7,2,1881.4,87910111.80000003
2025-08-01 11:59:25 AM,940.7,1,940.7,87911052.50000003
2025-08-01 11:59:32 AM,941.95,26,24490.7,87935543.20000003
2025-08-01 12:00:01 PM,941.9,0,0.0,87935543.20000003
2025-08-01 12:00:01 PM,941.9,1,941.9,87936485.10000004
2025-08-01 12:00:19 PM,942.0,0,0.0,87936485.10000004
2025-08-01 12:00:20 PM,942.0,115,108330.0,88044815.10000004
2025-08-01 12:01:02 PM,942.0,2,1884.0,88046699.10000004
2025-08-01 12:01:55 PM,942.0,2,1884.0,88048583.10000004
2025-08-01 12:02:02 PM,941.1,0,0.0,88048583.10000004
2025-08-01 12:02:04 PM,941.1,100,94110.0,88142693.10000004
2025-08-01 12:02:58 PM,940.7,0,0.0,88142693.10000004
2025-08-01 12:02:59 PM,940.7,51,47975.700000000004,88190668.80000004
2025-08-01 12:05:01 PM,940.7,161,151452.7,88342121.50000004
2025-08-01 12:06:41 PM,941.05,0,0.0,88342121.50000004
2025-08-01 12:06:43 PM,941.1,0,0.0,88342121.50000004
2025-08-01 12:06:44 PM,941.1,416,391497.60000000003,88733619.10000004
2025-08-01 12:07:40 PM,941.45,23,21653.350000000002,88755272.45000003
2025-08-01 12:08:00 PM,941.45,1,941.45,88756213.90000004
2025-08-01 12:08:30 PM,941.45,28,26360.600000000002,88782574.50000003
2025-08-01 12:09:44 PM,941.45,1,941.45,88783515.95000003
2025-08-01 12:10:15 PM,941.45,3,2824.3500000000004,88786340.30000003
2025-08-01 12:10:45 PM,941.45,20,18829.0,88805169.30000003
2025-08-01 12:10:49 PM,941.45,10,9414.5,88814583.80000003
2025-08-01 12:10:59 PM,941.45,10,9414.5,88823998.30000003
2025-08-01 12:12:03 PM,941.45,3,2824.3500000000004,88826822.65000002
2025-08-01 12:13:44 PM,941.45,3,2824.3500000000004,88829647.00000001
2025-08-01 12:14:59 PM,941.45,5,4707.25,88834354.25000001
2025-08-01 12:15:29 PM,941.45,3,2824.3500000000004,88837178.60000001
2025-08-01 12:16:07 PM,941.2,0,0.0,88837178.60000001
2025-08-01 12:16:10 PM,941.2,1,941.2,88838119.80000001
2025-08-01 12:17:07 PM,941.45,0,0.0,88838119.80000001
2025-08-01 12:17:09 PM,941.45,2,1882.9,88840002.70000002
2025-08-01 12:17:52 PM,941.45,5,4707.25,88844709.95000002
2025-08-01 12:17:55 PM,941.1,0,0.0,88844709.95000002
2025-08-01 12:17:57 PM,941.1,32,30115.2,88874825.15000002
2025-08-01 12:19:03 PM,940.1,0,0.0,88874825.15000002
2025-08-01 12:19:07 PM,940.1,100,94010.0,88968835.15000002
2025-08-01 12:19:19 PM,940.9,0,0.0,88968835.15000002
2025-08-01 12:19:21 PM,940.9,31,29167.899999999998,88998003.05000003
2025-08-01 12:19:50 PM,940.5,0,0.0,88998003.05000003
2025-08-01 12:19:52 PM,940.5,10,9405.0,89007408.05000003
2025-08-01 12:20:42 PM,941.2,0,0.0,89007408.05000003
2025-08-01 12:20:44 PM,941.2,10,9412.0,89016820.05000003
2025-08-01 12:22:16 PM,940.05,0,0.0,89016820.05000003
2025-08-01 12:22:18 PM,940.05,151,141947.55,89158767.60000002
2025-08-01 12:24:11 PM,940.6,0,0.0,89158767.60000002
2025-08-01 12:24:14 PM,940.6,1,940.6,89159708.20000002
2025-08-01 12:24:17 PM,941.35,0,0.0,89159708.20000002
2025-08-01 12:24:19 PM,941.35,16,15061.6,89174769.80000001
2025-08-01 12:24:33 PM,941.35,5,4706.75,89179476.55000001
2025-08-01 12:25:12 PM,941.4,0,0.0,89179476.55000001
2025-08-01 12:25:13 PM,941.4,15,14121.0,89193597.55000001
2025-08-01 12:25:33 PM,941.4,10,9414.0,89203011.55000001
2025-08-01 12:26:45 PM,940.95,0,0.0,89203011.55000001
2025-08-01 12:26:46 PM,941.4,0,0.0,89203011.55000001
2025-08-01 12:26:48 PM,941.4,2,1882.8,89204894.35000001
2025-08-01 12:27:29 PM,941.35,1,941.35,89205835.7
2025-08-01 12:31:55 PM,941.4,0,0.0,89205835.7
2025-08-01 12:31:57 PM,941.4,17,16003.8,89221839.5
2025-08-01 12:32:08 PM,941.4,2,1882.8,89223722.3
2025-08-01 12:33:04 PM,941.4,10,9414.0,89233136.3
2025-08-01 12:33:37 PM,941.3,0,0.0,89233136.3
2025-08-01 12:33:38 PM,941.3,10,9413.0,89242549.3
2025-08-01 12:35:57 PM,940.75,15,14111.25,89256660.55
2025-08-01 12:39:35 PM,940.0,0,0.0,89256660.55
2025-08-01 12:39:36 PM,940.0,26,24440.0,89281100.55
2025-08-01 12:40:11 PM,939.35,0,0.0,89281100.55
2025-08-01 12:40:12 PM,939.35,4,3757.4,89284857.95
2025-08-01 12:40:59 PM,938.75,0,0.0,89284857.95
2025-08-01 12:40:59 PM,938.75,22,20652.5,89305510.45
2025-08-01 12:41:13 PM,939.5,0,0.0,89305510.45
2025-08-01 12:41:14 PM,939.5,17,15971.5,89321481.95
2025-08-01 12:41:17 PM,938.35,0,0.0,89321481.95
2025-08-01 12:41:20 PM,938.35,25,23458.75,89344940.7
2025-08-01 12:41:45 PM,938.0,0,0.0,89344940.7
2025-08-01 12:41:46 PM,938.0,161,151018.0,89495958.7
2025-08-01 12:41:57 PM,939.45,0,0.0,89495958.7
2025-08-01 12:41:57 PM,939.45,202,189768.90000000002,89685727.60000001
2025-08-01 12:42:37 PM,940.2,0,0.0,89685727.60000001
2025-08-01 12:42:37 PM,940.2,3,2820.6000000000004,89688548.2
2025-08-01 12:44:21 PM,940.6,0,0.0,89688548.2
2025-08-01 12:44:26 PM,940.6,25,23515.0,89712063.2
2025-08-01 12:44:53 PM,939.8,0,0.0,89712063.2
2025-08-01 12:44:57 PM,939.8,5,4699.0,89716762.2
2025-08-01 12:45:58 PM,940.2,16,15043.2,89731805.4
2025-08-01 12:46:31 PM,940.55,0,0.0,89731805.4
2025-08-01 12:46:33 PM,940.55,17,15989.349999999999,89747794.75
2025-08-01 12:48:31 PM,940.6,21,19752.600000000002,89767547.35
2025-08-01 12:49:53 PM,940.6,13,12227.800000000001,89779775.14999999
2025-08-01 12:50:49 PM,940.1,0,0.0,89779775.14999999
2025-08-01 12:50:51 PM,940.1,26,24442.600000000002,89804217.74999999
2025-08-01 12:51:49 PM,940.6,0,0.0,89804217.74999999
2025-08-01 12:51:52 PM,940.6,10,9406.0,89813623.74999999
2025-08-01 12:54:12 PM,940.6,5,4703.0,89818326.74999999
2025-08-01 12:56:56 PM,940.1,1,940.1,89819266.84999998
2025-08-01 12:57:55 PM,940.1,1,940.1,89820206.94999997
2025-08-01 12:58:37 PM,940.0,0,0.0,89820206.94999997
2025-08-01 12:58:40 PM,940.0,4,3760.0,89823966.94999997
2025-08-01 01:00:56 PM,940.65,0,0.0,89823966.94999997
2025-08-01 01:00:59 PM,940.65,1,940.65,89824907.59999998
2025-08-01 01:02:24 PM,940.0,0,0.0,89824907.59999998
2025-08-01 01:02:26 PM,940.0,1,940.0,89825847.59999998
2025-08-01 01:03:28 PM,940.65,0,0.0,89825847.59999998
2025-08-01 01:03:31 PM,939.95,11,10339.45,89836187.04999998
2025-08-01 01:05:26 PM,939.0,0,0.0,89836187.04999998
2025-08-01 01:05:28 PM,939.0,75,70425.0,89906612.04999998
2025-08-01 01:05:32 PM,939.75,0,0.0,89906612.04999998
2025-08-01 01:05:34 PM,939.75,1,939.75,89907551.79999998
2025-08-01 01:05:39 PM,939.95,16,15039.2,89922590.99999999
2025-08-01 01:06:47 PM,940.5,0,0.0,89922590.99999999
2025-08-01 01:06:51 PM,940.5,6,5643.0,89928233.99999999
2025-08-01 01:07:55 PM,939.65,0,0.0,89928233.99999999
2025-08-01 01:07:58 PM,939.65,1,939.65,89929173.64999999
2025-08-01 01:15:27 PM,940.45,0,0.0,89929173.64999999
2025-08-01 01:15:30 PM,940.45,14,13166.300000000001,89942339.94999999
2025-08-01 01:17:30 PM,940.5,6,5643.0,89947982.94999999
2025-08-01 01:18:21 PM,939.4,0,0.0,89947982.94999999
2025-08-01 01:18:22 PM,939.4,77,72333.8,90020316.74999999
2025-08-01 01:18:27 PM,939.4,1,939.4,90021256.14999999
2025-08-01 01:18:32 PM,939.75,13,12216.75,90033472.89999999
2025-08-01 01:18:43 PM,939.0,0,0.0,90033472.89999999
2025-08-01 01:18:47 PM,939.0,253,237567.0,90271039.89999999
2025-08-01 01:18:52 PM,939.0,7,6573.0,90277612.89999999
2025-08-01 01:18:57 PM,939.0,10,9390.0,90287002.89999999
2025-08-01 01:19:12 PM,939.0,811,761529.0,91048531.89999999
2025-08-01 01:19:36 PM,939.0,86,80754.0,91129285.89999999
2025-08-01 01:19:51 PM,938.4,0,0.0,91129285.89999999
2025-08-01 01:19:51 PM,938.4,30,28152.0,91157437.89999999
2025-08-01 01:20:19 PM,939.0,0,0.0,91157437.89999999
2025-08-01 01:20:22 PM,939.0,48,45072.0,91202509.89999999
2025-08-01 01:21:54 PM,938.95,0,0.0,91202509.89999999
2025-08-01 01:21:55 PM,938.95,2,1877.9,91204387.8
2025-08-01 01:24:47 PM,938.0,0,0.0,91204387.8
2025-08-01 01:24:50 PM,938.0,96,90048.0,91294435.8
2025-08-01 01:25:12 PM,938.9,0,0.0,91294435.8
2025-08-01 01:25:15 PM,938.9,20,18778.0,91313213.8
2025-08-01 01:26:08 PM,938.5,0,0.0,91313213.8
2025-08-01 01:26:09 PM,938.5,3,2815.5,91316029.3
2025-08-01 01:30:29 PM,938.95,0,0.0,91316029.3
2025-08-01 01:30:31 PM,938.95,1,938.95,91316968.25
2025-08-01 01:34:21 PM,938.95,50,46947.5,91363915.75
2025-08-01 01:35:29 PM,938.95,13,12206.35,91376122.1
2025-08-01 01:35:34 PM,938.95,3,2816.8500000000004,91378938.94999999
2025-08-01 01:36:41 PM,938.55,7,6569.849999999999,91385508.79999998
2025-08-01 01:36:47 PM,938.9,0,0.0,91385508.79999998
2025-08-01 01:36:50 PM,938.9,13,12205.699999999999,91397714.49999999
2025-08-01 01:38:47 PM,938.0,0,0.0,91397714.49999999
2025-08-01 01:38:48 PM,938.0,420,393960.0,91791674.49999999
2025-08-01 01:38:59 PM,938.0,138,129444.0,91921118.49999999
2025-08-01 01:39:55 PM,938.6,0,0.0,91921118.49999999
2025-08-01 01:39:56 PM,938.6,19,17833.4,91938951.89999999
2025-08-01 01:40:05 PM,938.95,0,0.0,91938951.89999999
2025-08-01 01:40:06 PM,938.95,50,46947.5,91985899.39999999
2025-08-01 01:40:13 PM,939.0,0,0.0,91985899.39999999
2025-08-01 01:40:17 PM,939.0,15,14085.0,91999984.39999999
2025-08-01 01:40:37 PM,938.95,2,1877.9,92001862.3
2025-08-01 01:40:42 PM,938.95,1,938.95,92002801.25
2025-08-01 01:42:39 PM,938.15,0,0.0,92002801.25
2025-08-01 01:42:39 PM,938.25,3,2814.75,92005616.0
2025-08-01 01:42:54 PM,938.0,9,8442.0,92014058.0
2025-08-01 01:43:49 PM,938.0,13,12194.0,92026252.0
2025-08-01 01:44:39 PM,938.0,9,8442.0,92034694.0
2025-08-01 01:44:44 PM,938.0,10,9380.0,92044074.0
2025-08-01 01:45:11 PM,938.05,0,0.0,92044074.0
2025-08-01 01:45:14 PM,938.05,10,9380.5,92053454.5
2025-08-01 01:45:55 PM,938.1,0,0.0,92053454.5
2025-08-01 01:45:58 PM,938.1,20,18762.0,92072216.5
2025-08-01 01:46:11 PM,938.3,0,0.0,92072216.5
2025-08-01 01:46:12 PM,938.3,20,18766.0,92090982.5
2025-08-01 01:48:09 PM,938.0,131,122878.0,92213860.5
2025-08-01 01:51:03 PM,938.15,0,0.0,92213860.5
2025-08-01 01:51:04 PM,938.15,22,20639.3,92234499.8
2025-08-01 01:56:09 PM,938.25,1,938.25,92235438.05
2025-08-01 01:56:21 PM,938.05,0,0.0,92235438.05
2025-08-01 01:56:24 PM,938.05,1,938.05,92236376.1
2025-08-01 01:59:26 PM,938.25,0,0.0,92236376.1
2025-08-01 01:59:28 PM,938.25,2,1876.5,92238252.6
2025-08-01 02:01:09 PM,938.05,0,0.0,92238252.6
2025-08-01 02:01:12 PM,938.05,5,4690.25,92242942.85
2025-08-01 02:01:15 PM,938.25,0,0.0,92242942.85
2025-08-01 02:01:17 PM,938.25,10,9382.5,92252325.35
2025-08-01 02:02:20 PM,939.4,0,0.0,92252325.35
2025-08-01 02:02:20 PM,939.4,266,249880.4,92502205.75
2025-08-01 02:02:23 PM,938.0,0,0.0,92502205.75
2025-08-01 02:02:25 PM,938.35,308,289011.8,92791217.55
2025-08-01 02:02:27 PM,937.1,0,0.0,92791217.55
2025-08-01 02:02:29 PM,937.7,1034,969581.8,93760799.35
2025-08-01 02:02:32 PM,937.0,0,0.0,93760799.35
2025-08-01 02:02:34 PM,937.0,10,9370.0,93770169.35
2025-08-01 02:02:37 PM,937.05,0,0.0,93770169.35
2025-08-01 02:02:40 PM,937.05,3,2811.1499999999996,93772980.5
2025-08-01 02:03:31 PM,937.0,0,0.0,93772980.5
2025-08-01 02:03:35 PM,937.0,9,8433.0,93781413.5
2025-08-01 02:04:31 PM,937.0,28,26236.0,93807649.5
2025-08-01 02:04:52 PM,937.0,100,93700.0,93901349.5
2025-08-01 02:05:01 PM,937.0,2,1874.0,93903223.5
2025-08-01 02:05:13 PM,935.8,0,0.0,93903223.5
2025-08-01 02:05:17 PM,935.8,1325,1239935.0,95143158.5
2025-08-01 02:05:23 PM,934.65,0,0.0,95143158.5
2025-08-01 02:05:26 PM,934.65,6,5607.9,95148766.4
2025-08-01 02:05:39 PM,934.0,0,0.0,95148766.4
2025-08-01 02:05:41 PM,934.0,178,166252.0,95315018.4
2025-08-01 02:05:56 PM,933.75,1,933.75,95315952.15
2025-08-01 02:06:01 PM,933.65,0,0.0,95315952.15
2025-08-01 02:06:01 PM,933.65,1,933.65,95316885.80000001
2025-08-01 02:06:04 PM,933.7,0,0.0,95316885.80000001
2025-08-01 02:06:06 PM,933.7,1,933.7,95317819.50000001
2025-08-01 02:06:16 PM,933.0,0,0.0,95317819.50000001
2025-08-01 02:06:21 PM,933.0,2,1866.0,95319685.50000001
2025-08-01 02:06:34 PM,933.35,0,0.0,95319685.50000001
2025-08-01 02:06:36 PM,933.35,157,146535.95,95466221.45000002
2025-08-01 02:07:08 PM,934.35,1,934.35,95467155.80000001
2025-08-01 02:07:13 PM,934.35,25,23358.75,95490514.55000001
2025-08-01 02:07:23 PM,934.35,5,4671.75,95495186.30000001
2025-08-01 02:07:33 PM,934.3,5,4671.5,95499857.80000001
2025-08-01 02:07:59 PM,933.5,0,0.0,95499857.80000001
2025-08-01 02:07:59 PM,933.5,11,10268.5,95510126.30000001
2025-08-01 02:11:24 PM,933.7,0,0.0,95510126.30000001
2025-08-01 02:11:28 PM,933.7,40,37348.0,95547474.30000001
2025-08-01 02:12:00 PM,934.55,0,0.0,95547474.30000001
2025-08-01 02:12:04 PM,934.55,17,15887.349999999999,95563361.65
2025-08-01 02:13:36 PM,934.55,16,14952.8,95578314.45
2025-08-01 02:14:23 PM,933.0,0,0.0,95578314.45
2025-08-01 02:14:24 PM,933.0,18,16794.0,95595108.45
2025-08-01 02:14:27 PM,933.15,0,0.0,95595108.45
2025-08-01 02:14:29 PM,933.15,60,55989.0,95651097.45
2025-08-01 02:15:07 PM,932.55,0,0.0,95651097.45
2025-08-01 02:15:08 PM,932.55,902,841160.1,96492257.55
2025-08-01 02:15:54 PM,932.0,10,9320.0,96501577.55
2025-08-01 02:17:53 PM,932.45,0,0.0,96501577.55
2025-08-01 02:17:56 PM,932.45,5,4662.25,96506239.8
2025-08-01 02:18:01 PM,932.55,0,0.0,96506239.8
2025-08-01 02:18:01 PM,932.55,6,5595.299999999999,96511835.1
2025-08-01 02:18:05 PM,932.85,0,0.0,96511835.1
2025-08-01 02:18:06 PM,932.85,14,13059.9,96524895.0
2025-08-01 02:18:12 PM,933.45,18,16802.100000000002,96541697.1
2025-08-01 02:18:22 PM,934.4,83,77555.2,96619252.3
2025-08-01 02:18:27 PM,934.95,0,0.0,96619252.3
2025-08-01 02:18:27 PM,934.95,87,81340.65000000001,96700592.95
2025-08-01 02:18:32 PM,935.4,3,2806.2,96703399.15
2025-08-01 02:18:37 PM,935.4,544,508857.6,97212256.75
2025-08-01 02:18:45 PM,935.85,0,0.0,97212256.75
2025-08-01 02:18:47 PM,935.85,12,11230.2,97223486.95
2025-08-01 02:19:11 PM,936.95,0,0.0,97223486.95
2025-08-01 02:19:13 PM,936.95,32,29982.4,97253469.35000001
2025-08-01 02:19:32 PM,936.3,0,0.0,97253469.35000001
2025-08-01 02:19:34 PM,936.3,112,104865.59999999999,97358334.95
2025-08-01 02:19:37 PM,936.55,0,0.0,97358334.95
2025-08-01 02:19:39 PM,936.55,450,421447.5,97779782.45
2025-08-01 02:19:44 PM,936.55,581,544135.5499999999,98323918.0
2025-08-01 02:19:55 PM,935.15,0,0.0,98323918.0
2025-08-01 02:19:55 PM,935.15,78,72941.7,98396859.7
2025-08-01 02:20:23 PM,934.25,0,0.0,98396859.7
2025-08-01 02:20:26 PM,934.25,1,934.25,98397793.95
2025-08-01 02:21:53 PM,933.0,2,1866.0,98399659.95
2025-08-01 02:22:15 PM,932.55,29,27043.949999999997,98426703.9
2025-08-01 02:22:26 PM,932.0,1,932.0,98427635.9
2025-08-01 02:22:28 PM,932.15,0,0.0,98427635.9
2025-08-01 02:22:31 PM,932.15,6,5592.9,98433228.80000001
2025-08-01 02:22:51 PM,930.8,0,0.0,98433228.80000001
2025-08-01 02:22:52 PM,930.8,246,228976.8,98662205.60000001
2025-08-01 02:22:56 PM,930.4,0,0.0,98662205.60000001
2025-08-01 02:22:58 PM,931.05,12,11172.599999999999,98673378.2
2025-08-01 02:23:50 PM,931.0,0,0.0,98673378.2
2025-08-01 02:23:51 PM,931.0,24,22344.0,98695722.2
2025-08-01 02:24:22 PM,930.05,0,0.0,98695722.2
2025-08-01 02:24:23 PM,930.05,100,93005.0,98788727.2
2025-08-01 02:25:19 PM,931.15,0,0.0,98788727.2
2025-08-01 02:25:21 PM,931.15,29,27003.35,98815730.55
2025-08-01 02:27:00 PM,930.7,0,0.0,98815730.55
2025-08-01 02:27:02 PM,930.7,20,18614.0,98834344.55
2025-08-01 02:27:44 PM,930.25,0,0.0,98834344.55
2025-08-01 02:27:45 PM,930.25,37,34419.25,98868763.8
2025-08-01 02:27:48 PM,930.0,0,0.0,98868763.8
2025-08-01 02:27:51 PM,930.0,10,9300.0,98878063.8
2025-08-01 02:28:13 PM,930.0,32,29760.0,98907823.8
2025-08-01 02:28:34 PM,929.05,5,4645.25,98912469.05
2025-08-01 02:28:56 PM,929.65,0,0.0,98912469.05
2025-08-01 02:28:56 PM,929.65,20,18593.0,98931062.05
2025-08-01 02:30:00 PM,929.95,0,0.0,98931062.05
2025-08-01 02:30:03 PM,929.95,5,4649.75,98935711.8
2025-08-01 02:30:15 PM,929.95,2,1859.9,98937571.7
2025-08-01 02:30:58 PM,929.65,0,0.0,98937571.7
2025-08-01 02:30:58 PM,929.65,3,2788.95,98940360.65
2025-08-01 02:31:12 PM,929.3,0,0.0,98940360.65
2025-08-01 02:31:14 PM,929.3,20,18586.0,98958946.65
2025-08-01 02:32:13 PM,929.0,0,0.0,98958946.65
2025-08-01 02:32:13 PM,929.0,3,2787.0,98961733.65
2025-08-01 02:32:31 PM,928.0,11,10208.0,98971941.65
2025-08-01 02:32:45 PM,928.35,0,0.0,98971941.65
2025-08-01 02:32:46 PM,928.35,69,64056.15,99035997.80000001
2025-08-01 02:33:29 PM,930.0,0,0.0,99035997.80000001
2025-08-01 02:33:30 PM,930.0,1100,1023000.0,100058997.80000001
2025-08-01 02:33:38 PM,931.25,32,29800.0,100088797.80000001
2025-08-01 02:34:14 PM,931.2,44,40972.8,100129770.60000001
2025-08-01 02:34:49 PM,932.35,77,71790.95,100201561.55000001
2025-08-01 02:34:52 PM,931.25,0,0.0,100201561.55000001
2025-08-01 02:34:52 PM,931.25,125,116406.25,100317967.80000001
2025-08-01 02:35:20 PM,931.55,0,0.0,100317967.80000001
2025-08-01 02:35:22 PM,931.55,20,18631.0,100336598.80000001
2025-08-01 02:36:06 PM,930.35,0,0.0,100336598.80000001
2025-08-01 02:36:08 PM,930.35,1,930.35,100337529.15
2025-08-01 02:36:20 PM,930.35,3,2791.05,100340320.2
2025-08-01 02:36:35 PM,931.45,0,0.0,100340320.2
2025-08-01 02:36:36 PM,931.45,60,55887.0,100396207.2
2025-08-01 02:36:38 PM,931.15,1,931.15,100397138.35000001
2025-08-01 02:36:41 PM,930.15,0,0.0,100397138.35000001
2025-08-01 02:36:41 PM,930.15,1,930.15,100398068.50000001
2025-08-01 02:37:05 PM,931.2,0,0.0,100398068.50000001
2025-08-01 02:37:08 PM,931.2,2,1862.4,100399930.90000002
2025-08-01 02:38:21 PM,930.0,0,0.0,100399930.90000002
2025-08-01 02:38:24 PM,930.0,74,68820.0,100468750.90000002
2025-08-01 02:38:26 PM,929.9,0,0.0,100468750.90000002
2025-08-01 02:38:26 PM,929.9,4,3719.6,100472470.50000001
2025-08-01 02:38:48 PM,929.25,0,0.0,100472470.50000001
2025-08-01 02:38:48 PM,929.25,26,24160.5,100496631.00000001
2025-08-01 02:39:04 PM,929.45,10,9294.5,100505925.50000001
2025-08-01 02:40:41 PM,930.7,0,0.0,100505925.50000001
2025-08-01 02:40:42 PM,931.95,0,0.0,100505925.50000001
2025-08-01 02:40:44 PM,930.15,0,0.0,100505925.50000001
2025-08-01 02:40:45 PM,930.75,0,0.0,100505925.50000001
2025-08-01 02:40:45 PM,930.75,237,220587.75,100726513.25000001
2025-08-01 02:40:53 PM,932.9,0,0.0,100726513.25000001
2025-08-01 02:40:56 PM,932.9,400,373160.0,101099673.25000001
2025-08-01 02:41:08 PM,930.7,2,1861.4,101101534.65000002
2025-08-01 02:41:08 PM,930.4,74,68849.59999999999,101170384.25000001
2025-08-01 02:42:12 PM,929.9,12,11158.8,101181543.05000001
2025-08-01 02:42:16 PM,930.25,0,0.0,101181543.05000001
2025-08-01 02:42:17 PM,930.25,10,9302.5,101190845.55000001
2025-08-01 02:43:16 PM,930.85,0,0.0,101190845.55000001
2025-08-01 02:43:17 PM,930.85,10,9308.5,101200154.05000001
2025-08-01 02:44:17 PM,929.85,42,39053.700000000004,101239207.75000001
2025-08-01 02:45:12 PM,930.9,0,0.0,101239207.75000001
2025-08-01 02:45:13 PM,930.9,4,3723.6,101242931.35000001
2025-08-01 02:45:15 PM,929.5,0,0.0,101242931.35000001
2025-08-01 02:45:18 PM,929.5,49,45545.5,101288476.85000001
2025-08-01 02:46:00 PM,930.25,0,0.0,101288476.85000001
2025-08-01 02:46:02 PM,930.25,7,6511.75,101294988.60000001
2025-08-01 02:46:10 PM,930.45,0,0.0,101294988.60000001
2025-08-01 02:46:14 PM,930.45,5,4652.25,101299640.85000001
2025-08-01 02:46:35 PM,930.5,0,0.0,101299640.85000001
2025-08-01 02:46:36 PM,930.5,29,26984.5,101326625.35000001
2025-08-01 02:46:37 PM,930.5,7,6513.5,101333138.85000001
2025-08-01 02:47:20 PM,931.3,0,0.0,101333138.85000001
2025-08-01 02:47:21 PM,931.3,22,20488.6,101353627.45
2025-08-01 02:47:22 PM,931.85,0,0.0,101353627.45
2025-08-01 02:47:26 PM,932.15,0,0.0,101353627.45
2025-08-01 02:47:27 PM,932.15,15,13982.25,101367609.7
2025-08-01 02:47:38 PM,932.15,2,1864.3,101369474.0
2025-08-01 02:47:55 PM,932.35,29,27038.15,101396512.15
2025-08-01 02:47:55 PM,932.9,7,6530.3,101403042.45
2025-08-01 02:48:01 PM,932.9,5,4664.5,101407706.95
2025-08-01 02:48:10 PM,930.85,0,0.0,101407706.95
2025-08-01 02:48:13 PM,930.85,13,12101.050000000001,101419808.0
2025-08-01 02:48:46 PM,930.85,1,930.85,101420738.85
2025-08-01 02:49:01 PM,930.2,0,0.0,101420738.85
2025-08-01 02:49:02 PM,930.8,37,34439.6,101455178.44999999
2025-08-01 02:49:33 PM,931.7,0,0.0,101455178.44999999
2025-08-01 02:49:36 PM,931.7,3,2795.1000000000004,101457973.54999998
2025-08-01 02:49:41 PM,932.25,0,0.0,101457973.54999998
2025-08-01 02:49:41 PM,932.25,10,9322.5,101467296.04999998
2025-08-01 02:49:47 PM,932.25,7,6525.75,101473821.79999998
2025-08-01 02:50:03 PM,932.25,3,2796.75,101476618.54999998
2025-08-01 02:50:09 PM,932.25,10,9322.5,101485941.04999998
2025-08-01 02:50:15 PM,932.25,10,9322.5,101495263.54999998
2025-08-01 02:50:25 PM,932.25,7,6525.75,101501789.29999998
2025-08-01 02:50:36 PM,932.3,25,23307.5,101525096.79999998
2025-08-01 02:50:47 PM,932.3,4,3729.2,101528825.99999999
2025-08-01 02:50:54 PM,932.25,0,0.0,101528825.99999999
2025-08-01 02:50:58 PM,932.25,163,151956.75,101680782.74999999
2025-08-01 02:51:55 PM,932.7,0,0.0,101680782.74999999
2025-08-01 02:51:57 PM,932.7,228,212655.6,101893438.34999998
2025-08-01 02:52:04 PM,931.6,0,0.0,101893438.34999998
2025-08-01 02:52:08 PM,931.6,31,28879.600000000002,101922317.94999997
2025-08-01 02:52:50 PM,932.5,0,0.0,101922317.94999997
2025-08-01 02:52:50 PM,932.5,9,8392.5,101930710.44999997
2025-08-01 02:52:56 PM,932.45,7,6527.150000000001,101937237.59999998
2025-08-01 02:53:01 PM,932.95,0,0.0,101937237.59999998
2025-08-01 02:53:01 PM,932.95,104,97026.8,102034264.39999998
2025-08-01 02:54:00 PM,932.75,36,33579.0,102067843.39999998
2025-08-01 02:54:10 PM,932.1,0,0.0,102067843.39999998
2025-08-01 02:54:11 PM,932.1,12,11185.2,102079028.59999998
2025-08-01 02:54:20 PM,932.0,0,0.0,102079028.59999998
2025-08-01 02:54:22 PM,932.0,8,7456.0,102086484.59999998
2025-08-01 02:55:07 PM,932.5,0,0.0,102086484.59999998
2025-08-01 02:55:07 PM,932.5,2,1865.0,102088349.59999998
2025-08-01 02:55:32 PM,932.0,0,0.0,102088349.59999998
2025-08-01 02:55:33 PM,932.0,50,46600.0,102134949.59999998
2025-08-01 02:56:06 PM,931.85,1,931.85,102135881.44999997
2025-08-01 02:56:12 PM,930.7,7,6514.900000000001,102142396.34999998
2025-08-01 02:56:16 PM,930.9,0,0.0,102142396.34999998
2025-08-01 02:56:17 PM,930.9,10,9309.0,102151705.34999998
2025-08-01 02:56:23 PM,931.65,1,931.65,102152636.99999999
2025-08-01 02:56:48 PM,930.75,0,0.0,102152636.99999999
2025-08-01 02:56:50 PM,930.75,8,7446.0,102160082.99999999
2025-08-01 02:57:02 PM,930.35,5,4651.75,102164734.74999999
2025-08-01 02:57:13 PM,930.55,0,0.0,102164734.74999999
2025-08-01 02:57:13 PM,930.55,14,13027.699999999999,102177762.44999999
2025-08-01 02:57:31 PM,931.3,0,0.0,102177762.44999999
2025-08-01 02:57:34 PM,931.3,1,931.3,102178693.74999999
2025-08-01 02:57:49 PM,930.85,0,0.0,102178693.74999999
2025-08-01 02:57:50 PM,930.85,7,6515.95,102185209.69999999
2025-08-01 02:57:53 PM,930.2,0,0.0,102185209.69999999
2025-08-01 02:57:56 PM,930.2,28,26045.600000000002,102211255.29999998
2025-08-01 02:58:13 PM,930.65,0,0.0,102211255.29999998
2025-08-01 02:58:13 PM,930.65,7,6514.55,102217769.84999998
2025-08-01 02:58:15 PM,930.2,0,0.0,102217769.84999998
2025-08-01 02:58:15 PM,930.2,664,617652.8,102835422.64999998
2025-08-01 02:58:29 PM,930.65,0,0.0,102835422.64999998
2025-08-01 02:58:31 PM,930.65,29,26988.85,102862411.49999997
2025-08-01 02:58:37 PM,930.65,5,4653.25,102867064.74999997
2025-08-01 02:58:49 PM,930.65,7,6514.55,102873579.29999997
2025-08-01 02:59:06 PM,930.1,6,5580.6,102879159.89999996
2025-08-01 02:59:24 PM,930.1,7,6510.7,102885670.59999996
2025-08-01 02:59:38 PM,929.8,5,4649.0,102890319.59999996
2025-08-01 02:59:51 PM,930.3,0,0.0,102890319.59999996
2025-08-01 02:59:51 PM,930.3,1,930.3,102891249.89999996
2025-08-01 03:00:01 PM,930.25,3,2790.75,102894040.64999996
2025-08-01 03:00:03 PM,930.25,14,13023.5,102907064.14999996
2025-08-01 03:00:07 PM,930.85,1,930.85,102907994.99999996
2025-08-01 03:00:10 PM,930.0,0,0.0,102907994.99999996
2025-08-01 03:00:13 PM,930.0,90,83700.0,102991694.99999996
2025-08-01 03:00:24 PM,929.9,0,0.0,102991694.99999996
2025-08-01 03:00:25 PM,929.9,1,929.9,102992624.89999996
2025-08-01 03:00:33 PM,929.4,3,2788.2,102995413.09999996
2025-08-01 03:00:39 PM,929.25,1,929.25,102996342.34999996
2025-08-01 03:00:45 PM,929.0,39,36231.0,103032573.34999996
2025-08-01 03:00:47 PM,929.25,0,0.0,103032573.34999996
2025-08-01 03:00:48 PM,929.25,25,23231.25,103055804.59999996
2025-08-01 03:00:51 PM,929.2,39,36238.8,103092043.39999996
2025-08-01 03:01:03 PM,929.2,2,1858.4,103093901.79999997
2025-08-01 03:01:06 PM,929.3,34,31596.199999999997,103125497.99999997
2025-08-01 03:01:13 PM,930.2,6,5581.200000000001,103131079.19999997
2025-08-01 03:01:16 PM,930.25,1,930.25,103132009.44999997
2025-08-01 03:01:33 PM,929.8,0,0.0,103132009.44999997
2025-08-01 03:01:34 PM,929.8,3,2789.3999999999996,103134798.84999998
2025-08-01 03:01:46 PM,929.8,20,18596.0,103153394.84999998
2025-08-01 03:01:58 PM,929.8,1,929.8,103154324.64999998
2025-08-01 03:02:01 PM,929.5,1,929.5,103155254.14999998
2025-08-01 03:02:02 PM,929.8,0,0.0,103155254.14999998
2025-08-01 03:02:04 PM,929.8,8,7438.4,103162692.54999998
2025-08-01 03:02:09 PM,929.5,0,0.0,103162692.54999998
2025-08-01 03:02:09 PM,929.65,0,0.0,103162692.54999998
2025-08-01 03:02:11 PM,929.8,36,33472.799999999996,103196165.34999998
2025-08-01 03:02:25 PM,929.8,1,929.8,103197095.14999998
2025-08-01 03:02:27 PM,930.65,0,0.0,103197095.14999998
2025-08-01 03:02:29 PM,930.65,35,32572.75,103229667.89999998
2025-08-01 03:02:44 PM,930.3,0,0.0,103229667.89999998
2025-08-01 03:02:44 PM,930.3,1,930.3,103230598.19999997
2025-08-01 03:02:56 PM,929.85,36,33474.6,103264072.79999997
2025-08-01 03:02:59 PM,929.75,1,929.75,103265002.54999997
2025-08-01 03:03:02 PM,929.8,0,0.0,103265002.54999997
2025-08-01 03:03:02 PM,929.8,27,25104.6,103290107.14999996
2025-08-01 03:03:12 PM,929.6,48,44620.8,103334727.94999996
2025-08-01 03:03:33 PM,929.85,0,0.0,103334727.94999996
2025-08-01 03:03:33 PM,929.85,1,929.85,103335657.79999995
2025-08-01 03:03:39 PM,929.35,0,0.0,103335657.79999995
2025-08-01 03:03:39 PM,929.35,31,28809.850000000002,103364467.64999995
2025-08-01 03:03:54 PM,929.65,1,929.65,103365397.29999995
2025-08-01 03:03:57 PM,929.65,1,929.65,103366326.94999996
2025-08-01 03:04:03 PM,929.65,2,1859.3,103368186.24999996
2025-08-01 03:04:06 PM,929.35,6,5576.1,103373762.34999995
2025-08-01 03:04:16 PM,929.1,0,0.0,103373762.34999995
2025-08-01 03:04:16 PM,929.1,4,3716.4,103377478.74999996
2025-08-01 03:04:19 PM,929.1,1,929.1,103378407.84999995
2025-08-01 03:04:25 PM,928.0,7,6496.0,103384903.84999995
2025-08-01 03:04:37 PM,928.35,0,0.0,103384903.84999995
2025-08-01 03:04:37 PM,928.35,151,140180.85,103525084.69999994
2025-08-01 03:04:55 PM,929.2,0,0.0,103525084.69999994
2025-08-01 03:04:56 PM,929.2,1,929.2,103526013.89999995
2025-08-01 03:05:01 PM,929.4,0,0.0,103526013.89999995
2025-08-01 03:05:01 PM,929.4,6,5576.4,103531590.29999995
2025-08-01 03:05:04 PM,930.05,1,930.05,103532520.34999995
2025-08-01 03:05:15 PM,929.75,6,5578.5,103538098.84999995
2025-08-01 03:05:21 PM,930.05,1,930.05,103539028.89999995
2025-08-01 03:05:23 PM,929.75,0,0.0,103539028.89999995
2025-08-01 03:05:24 PM,929.75,1,929.75,103539958.64999995
2025-08-01 03:05:27 PM,929.4,0,0.0,103539958.64999995
2025-08-01 03:05:27 PM,929.7,48,44625.600000000006,103584584.24999994
2025-08-01 03:05:36 PM,928.85,0,0.0,103584584.24999994
2025-08-01 03:05:36 PM,928.85,19,17648.15,103602232.39999995
2025-08-01 03:05:40 PM,928.85,7,6501.95,103608734.34999995
2025-08-01 03:05:52 PM,929.15,2,1858.3,103610592.64999995
2025-08-01 03:05:55 PM,929.15,1,929.15,103611521.79999995
2025-08-01 03:06:01 PM,929.0,2,1858.0,103613379.79999995
2025-08-01 03:06:04 PM,928.8,0,0.0,103613379.79999995
2025-08-01 03:06:05 PM,928.8,36,33436.799999999996,103646816.59999995
2025-08-01 03:06:11 PM,929.0,0,0.0,103646816.59999995
2025-08-01 03:06:11 PM,929.0,32,29728.0,103676544.59999995
2025-08-01 03:06:14 PM,928.65,6,5571.9,103682116.49999996
2025-08-01 03:06:29 PM,928.95,1,928.95,103683045.44999996
2025-08-01 03:06:32 PM,928.65,1,928.65,103683974.09999996
2025-08-01 03:06:45 PM,928.25,3,2784.75,103686758.84999996
2025-08-01 03:06:51 PM,928.5,114,105849.0,103792607.84999996
2025-08-01 03:06:54 PM,928.65,1,928.65,103793536.49999997
2025-08-01 03:07:00 PM,928.65,1,928.65,103794465.14999998
2025-08-01 03:07:19 PM,928.65,1,928.65,103795393.79999998
2025-08-01 03:07:25 PM,928.65,7,6500.55,103801894.34999998
2025-08-01 03:07:40 PM,928.65,10,9286.5,103811180.84999998
2025-08-01 03:07:41 PM,929.25,0,0.0,103811180.84999998
2025-08-01 03:07:44 PM,929.25,6,5575.5,103816756.34999998
2025-08-01 03:07:46 PM,929.6,1,929.6,103817685.94999997
2025-08-01 03:07:54 PM,929.7,0,0.0,103817685.94999997
2025-08-01 03:07:56 PM,929.7,1,929.7,103818615.64999998
2025-08-01 03:08:02 PM,928.9,4,3715.6,103822331.24999997
2025-08-01 03:08:04 PM,929.85,1,929.85,103823261.09999996
2025-08-01 03:08:09 PM,929.35,0,0.0,103823261.09999996
2025-08-01 03:08:11 PM,929.8,0,0.0,103823261.09999996
2025-08-01 03:08:11 PM,929.8,29,26964.199999999997,103850225.29999997
2025-08-01 03:08:28 PM,929.1,1,929.1,103851154.39999996
2025-08-01 03:08:30 PM,928.85,5,4644.25,103855798.64999996
2025-08-01 03:08:37 PM,929.0,0,0.0,103855798.64999996
2025-08-01 03:08:40 PM,929.0,1,929.0,103856727.64999996
2025-08-01 03:08:46 PM,928.55,0,0.0,103856727.64999996
2025-08-01 03:08:46 PM,928.55,23,21356.649999999998,103878084.29999997
2025-08-01 03:08:51 PM,928.65,0,0.0,103878084.29999997
2025-08-01 03:08:52 PM,928.65,6,5571.9,103883656.19999997
2025-08-01 03:08:53 PM,928.6,0,0.0,103883656.19999997
2025-08-01 03:08:55 PM,928.65,2,1857.3,103885513.49999997
2025-08-01 03:09:01 PM,928.65,32,29716.8,103915230.29999997
2025-08-01 03:09:05 PM,928.65,40,37146.0,103952376.29999997
2025-08-01 03:09:07 PM,927.0,506,469062.0,104421438.29999997
2025-08-01 03:09:12 PM,927.6,54,50090.4,104471528.69999997
2025-08-01 03:09:14 PM,927.0,6,5562.0,104477090.69999997
2025-08-01 03:09:16 PM,927.85,0,0.0,104477090.69999997
2025-08-01 03:09:18 PM,927.85,9,8350.65,104485441.34999998
2025-08-01 03:09:24 PM,927.1,0,0.0,104485441.34999998
2025-08-01 03:09:24 PM,927.1,1,927.1,104486368.44999997
2025-08-01 03:09:37 PM,928.0,6,5568.0,104491936.44999997
2025-08-01 03:09:39 PM,927.35,3,2782.05,104494718.49999997
2025-08-01 03:09:46 PM,927.55,1,927.55,104495646.04999997
2025-08-01 03:09:48 PM,927.35,0,0.0,104495646.04999997
2025-08-01 03:09:51 PM,927.35,21,19474.350000000002,104515120.39999996
2025-08-01 03:09:53 PM,927.5,15,13912.5,104529032.89999996
2025-08-01 03:09:56 PM,927.35,0,0.0,104529032.89999996
2025-08-01 03:09:58 PM,927.35,25,23183.75,104552216.64999996
2025-08-01 03:10:00 PM,926.65,53,49112.45,104601329.09999996
2025-08-01 03:10:05 PM,927.35,6,5564.1,104606893.19999996
2025-08-01 03:10:08 PM,926.3,22,20378.6,104627271.79999995
2025-08-01 03:10:14 PM,926.85,0,0.0,104627271.79999995
2025-08-01 03:10:15 PM,926.85,10,9268.5,104636540.29999995
2025-08-01 03:10:19 PM,926.85,39,36147.15,104672687.44999996
2025-08-01 03:10:28 PM,926.85,1,926.85,104673614.29999995
2025-08-01 03:10:33 PM,926.85,10,9268.5,104682882.79999995
2025-08-01 03:10:35 PM,927.45,11,10201.95,104693084.74999996
2025-08-01 03:10:41 PM,927.85,70,64949.5,104758034.24999996
2025-08-01 03:10:46 PM,927.45,2,1854.9,104759889.14999996
2025-08-01 03:10:54 PM,927.45,1,927.45,104760816.59999996
2025-08-01 03:11:00 PM,927.45,17,15766.650000000001,104776583.24999997
2025-08-01 03:11:07 PM,927.05,12,11124.599999999999,104787707.84999996
2025-08-01 03:11:10 PM,926.75,0,0.0,104787707.84999996
2025-08-01 03:11:11 PM,926.75,5,4633.75,104792341.59999996
2025-08-01 03:11:13 PM,927.35,0,0.0,104792341.59999996
2025-08-01 03:11:13 PM,927.05,70,64893.5,104857235.09999996
2025-08-01 03:11:28 PM,927.0,0,0.0,104857235.09999996
2025-08-01 03:11:30 PM,926.4,55,50952.0,104908187.09999996
2025-08-01 03:11:36 PM,926.65,0,0.0,104908187.09999996
2025-08-01 03:11:37 PM,926.65,28,25946.2,104934133.29999997
2025-08-01 03:11:39 PM,926.85,17,15756.45,104949889.74999997
2025-08-01 03:11:43 PM,926.75,1,926.75,104950816.49999997
2025-08-01 03:11:54 PM,926.5,0,0.0,104950816.49999997
2025-08-01 03:11:56 PM,926.5,1,926.5,104951742.99999997
2025-08-01 03:12:01 PM,926.4,0,0.0,104951742.99999997
2025-08-01 03:12:02 PM,926.4,34,31497.6,104983240.59999996
2025-08-01 03:12:07 PM,926.5,0,0.0,104983240.59999996
2025-08-01 03:12:09 PM,926.5,3,2779.5,104986020.09999996
2025-08-01 03:12:18 PM,926.5,1,926.5,104986946.59999996
2025-08-01 03:12:22 PM,926.4,68,62995.2,105049941.79999997
2025-08-01 03:12:41 PM,926.15,6,5556.9,105055498.69999997
2025-08-01 03:12:48 PM,926.15,1,926.15,105056424.84999998
2025-08-01 03:12:51 PM,926.0,0,0.0,105056424.84999998
2025-08-01 03:12:51 PM,926.0,157,145382.0,105201806.84999998
2025-08-01 03:12:54 PM,926.15,1,926.15,105202732.99999999
2025-08-01 03:12:57 PM,926.15,1,926.15,105203659.14999999
2025-08-01 03:13:01 PM,926.15,48,44455.2,105248114.35
2025-08-01 03:13:04 PM,926.15,4,3704.6,105251818.94999999
2025-08-01 03:13:08 PM,926.25,65,60206.25,105312025.19999999
2025-08-01 03:13:20 PM,926.25,92,85215.0,105397240.19999999
2025-08-01 03:13:26 PM,926.55,1,926.55,105398166.74999999
2025-08-01 03:13:41 PM,926.55,28,25943.399999999998,105424110.14999999
2025-08-01 03:13:47 PM,926.55,1,926.55,105425036.69999999
2025-08-01 03:13:49 PM,926.2,0,0.0,105425036.69999999
2025-08-01 03:13:50 PM,926.2,1,926.2,105425962.89999999
2025-08-01 03:13:52 PM,925.0,0,0.0,105425962.89999999
2025-08-01 03:13:53 PM,925.0,253,234025.0,105659987.89999999
2025-08-01 03:13:56 PM,925.1,1,925.1,105660912.99999999
2025-08-01 03:13:59 PM,924.0,36,33264.0,105694176.99999999
2025-08-01 03:14:02 PM,924.6,42,38833.200000000004,105733010.19999999
2025-08-01 03:14:06 PM,924.6,53,49003.8,105782013.99999999
2025-08-01 03:14:09 PM,925.45,11,10179.95,105792193.94999999
2025-08-01 03:14:12 PM,924.85,0,0.0,105792193.94999999
2025-08-01 03:14:12 PM,924.0,2759,2549316.0,108341509.94999999
2025-08-01 03:14:18 PM,925.3,3,2775.8999999999996,108344285.85
2025-08-01 03:14:20 PM,925.35,0,0.0,108344285.85
2025-08-01 03:14:21 PM,925.35,18,16656.3,108360942.14999999
2025-08-01 03:14:27 PM,924.45,148,136818.6,108497760.74999999
2025-08-01 03:14:33 PM,925.9,6,5555.4,108503316.14999999
2025-08-01 03:14:39 PM,925.85,0,0.0,108503316.14999999
2025-08-01 03:14:39 PM,925.85,24,22220.4,108525536.55
2025-08-01 03:14:42 PM,925.95,21,19444.95,108544981.5
2025-08-01 03:14:45 PM,925.95,24,22222.800000000003,108567204.3
2025-08-01 03:14:51 PM,926.0,6,5556.0,108572760.3
2025-08-01 03:14:55 PM,926.5,1,926.5,108573686.8
2025-08-01 03:14:58 PM,926.25,0,0.0,108573686.8
2025-08-01 03:15:01 PM,926.0,47,43522.0,108617208.8
2025-08-01 03:15:05 PM,926.5,0,0.0,108617208.8
2025-08-01 03:15:08 PM,926.5,1,926.5,108618135.3
2025-08-01 03:15:10 PM,926.05,0,0.0,108618135.3
2025-08-01 03:15:11 PM,926.05,64,59267.2,108677402.5
2025-08-01 03:15:16 PM,926.1,1,926.1,108678328.6
2025-08-01 03:15:18 PM,926.5,0,0.0,108678328.6
2025-08-01 03:15:18 PM,926.5,4,3706.0,108682034.6
2025-08-01 03:15:21 PM,926.3,0,0.0,108682034.6
2025-08-01 03:15:23 PM,926.05,3,2778.1499999999996,108684812.75
2025-08-01 03:15:30 PM,925.75,0,0.0,108684812.75
2025-08-01 03:15:30 PM,925.75,84,77763.0,108762575.75
2025-08-01 03:15:40 PM,925.8,17,15738.599999999999,108778314.35
2025-08-01 03:15:50 PM,925.6,0,0.0,108778314.35
2025-08-01 03:15:53 PM,925.6,1,925.6,108779239.94999999
2025-08-01 03:15:54 PM,925.55,0,0.0,108779239.94999999
2025-08-01 03:15:55 PM,925.55,1,925.55,108780165.49999999
2025-08-01 03:15:59 PM,925.5,0,0.0,108780165.49999999
2025-08-01 03:16:00 PM,925.5,22,20361.0,108800526.49999999
2025-08-01 03:16:01 PM,925.55,6,5553.299999999999,108806079.79999998
2025-08-01 03:16:14 PM,925.15,15,13877.25,108819957.04999998
2025-08-01 03:16:15 PM,925.5,10,9255.0,108829212.04999998
2025-08-01 03:16:20 PM,925.35,0,0.0,108829212.04999998
2025-08-01 03:16:21 PM,925.35,17,15730.95,108844942.99999999
2025-08-01 03:16:28 PM,925.0,103,95275.0,108940217.99999999
2025-08-01 03:16:35 PM,925.0,38,35150.0,108975367.99999999
2025-08-01 03:16:41 PM,924.9,0,0.0,108975367.99999999
2025-08-01 03:16:41 PM,924.9,1,924.9,108976292.89999999
2025-08-01 03:16:46 PM,925.25,0,0.0,108976292.89999999
2025-08-01 03:16:48 PM,925.25,42,38860.5,109015153.39999999
2025-08-01 03:16:49 PM,925.55,1,925.55,109016078.94999999
2025-08-01 03:16:55 PM,925.55,152,140683.6,109156762.54999998
2025-08-01 03:17:01 PM,926.05,0,0.0,109156762.54999998
2025-08-01 03:17:01 PM,926.05,19,17594.95,109174357.49999999
2025-08-01 03:17:15 PM,925.8,5,4629.0,109178986.49999999
2025-08-01 03:17:17 PM,925.8,7,6480.599999999999,109185467.09999998
2025-08-01 03:17:28 PM,925.25,10,9252.5,109194719.59999998
2025-08-01 03:17:33 PM,925.5,0,0.0,109194719.59999998
2025-08-01 03:17:35 PM,925.5,1,925.5,109195645.09999998
2025-08-01 03:17:41 PM,925.4,17,15731.8,109211376.89999998
2025-08-01 03:17:42 PM,925.35,6,5552.1,109216928.99999997
2025-08-01 03:17:54 PM,925.4,1,925.4,109217854.39999998
2025-08-01 03:18:00 PM,925.35,21,19432.350000000002,109237286.74999997
2025-08-01 03:18:02 PM,925.35,8,7402.8,109244689.54999997
2025-08-01 03:18:09 PM,925.25,5,4626.25,109249315.79999997
2025-08-01 03:18:21 PM,925.15,38,35155.7,109284471.49999997
2025-08-01 03:18:25 PM,925.5,0,0.0,109284471.49999997
2025-08-01 03:18:27 PM,925.5,115,106432.5,109390903.99999997
2025-08-01 03:18:41 PM,925.05,0,0.0,109390903.99999997
2025-08-01 03:18:42 PM,925.05,1,925.05,109391829.04999997
2025-08-01 03:18:53 PM,926.2,1,926.2,109392755.24999997
2025-08-01 03:18:55 PM,926.2,1,926.2,109393681.44999997
2025-08-01 03:18:59 PM,926.2,18,16671.600000000002,109410353.04999997
2025-08-01 03:19:01 PM,926.0,1,926.0,109411279.04999997
2025-08-01 03:19:13 PM,925.85,0,0.0,109411279.04999997
2025-08-01 03:19:13 PM,925.85,119,110176.15000000001,109521455.19999997
2025-08-01 03:19:22 PM,926.0,1,926.0,109522381.19999997
2025-08-01 03:19:26 PM,925.65,1,925.65,109523306.84999998
2025-08-01 03:19:33 PM,925.65,6,5553.9,109528860.74999999
2025-08-01 03:19:39 PM,925.95,18,16667.100000000002,109545527.84999998
2025-08-01 03:19:41 PM,926.0,40,37040.0,109582567.84999998
2025-08-01 03:19:54 PM,926.0,1,926.0,109583493.84999998
2025-08-01 03:19:58 PM,925.95,25,23148.75,109606642.59999998
2025-08-01 03:20:01 PM,925.95,10,9259.5,109615902.09999998
2025-08-01 03:20:08 PM,925.95,3,2777.8500000000004,109618679.94999997
2025-08-01 03:20:13 PM,925.95,3,2777.8500000000004,109621457.79999997
2025-08-01 03:20:19 PM,926.0,0,0.0,109621457.79999997
2025-08-01 03:20:21 PM,926.0,671,621346.0,110242803.79999997
2025-08-01 03:20:34 PM,925.55,0,0.0,110242803.79999997
2025-08-01 03:20:35 PM,925.55,68,62937.399999999994,110305741.19999997
2025-08-01 03:20:47 PM,926.75,0,0.0,110305741.19999997
2025-08-01 03:20:48 PM,926.15,44,40750.6,110346491.79999997
2025-08-01 03:20:51 PM,927.45,35,32460.75,110378952.54999997
2025-08-01 03:20:55 PM,927.6,1,927.6,110379880.14999996
2025-08-01 03:21:01 PM,927.75,0,0.0,110379880.14999996
2025-08-01 03:21:01 PM,927.75,17,15771.75,110395651.89999996
2025-08-01 03:21:04 PM,926.0,112,103712.0,110499363.89999996
2025-08-01 03:21:11 PM,927.4,1,927.4,110500291.29999997
2025-08-01 03:21:19 PM,927.2,7,6490.400000000001,110506781.69999997
2025-08-01 03:21:29 PM,927.25,0,0.0,110506781.69999997
2025-08-01 03:21:30 PM,927.25,6,5563.5,110512345.19999997
2025-08-01 03:21:32 PM,927.3,1,927.3,110513272.49999997
2025-08-01 03:21:39 PM,927.3,17,15764.099999999999,110529036.59999996
2025-08-01 03:21:57 PM,927.3,2,1854.6,110530891.19999996
2025-08-01 03:22:03 PM,927.3,20,18546.0,110549437.19999996
2025-08-01 03:22:10 PM,927.25,4,3709.0,110553146.19999996
2025-08-01 03:22:12 PM,927.25,84,77889.0,110631035.19999996
2025-08-01 03:22:17 PM,927.3,35,32455.5,110663490.69999996
2025-08-01 03:22:19 PM,928.75,17,15788.75,110679279.44999996
2025-08-01 03:22:22 PM,928.65,0,0.0,110679279.44999996
2025-08-01 03:22:24 PM,927.5,4,3710.0,110682989.44999996
2025-08-01 03:22:31 PM,928.65,14,13001.1,110695990.54999995
2025-08-01 03:22:37 PM,928.15,39,36197.85,110732188.39999995
2025-08-01 03:22:39 PM,927.6,1,927.6,110733115.99999994
2025-08-01 03:22:42 PM,928.65,0,0.0,110733115.99999994
2025-08-01 03:22:44 PM,928.65,15,13929.75,110747045.74999994
2025-08-01 03:22:46 PM,927.75,22,20410.5,110767456.24999994
2025-08-01 03:22:57 PM,927.75,16,14844.0,110782300.24999994
2025-08-01 03:22:59 PM,927.75,17,15771.75,110798071.99999994
2025-08-01 03:23:01 PM,927.85,0,0.0,110798071.99999994
2025-08-01 03:23:03 PM,927.85,65,60310.25,110858382.24999994
2025-08-01 03:23:06 PM,927.5,10,9275.0,110867657.24999994
2025-08-01 03:23:24 PM,927.4,1,927.4,110868584.64999995
2025-08-01 03:23:26 PM,927.1,17,15760.7,110884345.34999995
2025-08-01 03:23:30 PM,926.2,0,0.0,110884345.34999995
2025-08-01 03:23:30 PM,925.95,33,30556.350000000002,110914901.69999994
2025-08-01 03:23:37 PM,925.9,1,925.9,110915827.59999995
2025-08-01 03:23:39 PM,926.55,18,16677.899999999998,110932505.49999996
2025-08-01 03:23:44 PM,926.55,1,926.55,110933432.04999995
2025-08-01 03:23:45 PM,926.25,10,9262.5,110942694.54999995
2025-08-01 03:23:50 PM,926.1,0,0.0,110942694.54999995
2025-08-01 03:23:50 PM,926.1,1,926.1,110943620.64999995
2025-08-01 03:23:52 PM,926.0,3,2778.0,110946398.64999995
2025-08-01 03:23:57 PM,926.05,1,926.05,110947324.69999994
2025-08-01 03:24:03 PM,926.05,18,16668.899999999998,110963993.59999995
2025-08-01 03:24:05 PM,926.05,248,229660.4,111193653.99999996
2025-08-01 03:24:10 PM,925.9,0,0.0,111193653.99999996
2025-08-01 03:24:10 PM,925.9,1,925.9,111194579.89999996
2025-08-01 03:24:12 PM,925.9,1,925.9,111195505.79999997
2025-08-01 03:24:17 PM,925.8,202,187011.59999999998,111382517.39999996
2025-08-01 03:24:19 PM,925.85,0,0.0,111382517.39999996
2025-08-01 03:24:19 PM,925.85,19,17591.15,111400108.54999997
2025-08-01 03:24:30 PM,925.85,3,2777.55,111402886.09999996
2025-08-01 03:24:37 PM,925.9,1,925.9,111403811.99999997
2025-08-01 03:24:38 PM,925.8,0,0.0,111403811.99999997
2025-08-01 03:24:39 PM,925.8,25,23145.0,111426956.99999997
2025-08-01 03:24:41 PM,925.75,0,0.0,111426956.99999997
2025-08-01 03:24:44 PM,925.75,2,1851.5,111428808.49999997
2025-08-01 03:24:51 PM,925.75,80,74060.0,111502868.49999997
2025-08-01 03:24:57 PM,925.65,13,12033.449999999999,111514901.94999997
2025-08-01 03:24:59 PM,925.75,0,0.0,111514901.94999997
2025-08-01 03:25:04 PM,925.75,17,15737.75,111530639.69999997
2025-08-01 03:25:05 PM,925.95,56,51853.200000000004,111582492.89999998
2025-08-01 03:25:11 PM,927.3,8,7418.4,111589911.29999998
2025-08-01 03:25:30 PM,927.3,16,14836.8,111604748.09999998
2025-08-01 03:25:39 PM,927.35,0,0.0,111604748.09999998
2025-08-01 03:25:42 PM,927.3,0,0.0,111604748.09999998
2025-08-01 03:25:43 PM,927.3,18,16691.399999999998,111621439.49999999
2025-08-01 03:25:48 PM,926.8,0,0.0,111621439.49999999
2025-08-01 03:25:49 PM,926.8,10,9268.0,111630707.49999999
2025-08-01 03:25:56 PM,927.35,18,16692.3,111647399.79999998
2025-08-01 03:25:58 PM,927.4,0,0.0,111647399.79999998
2025-08-01 03:26:02 PM,927.4,3,2782.2,111650181.99999999
2025-08-01 03:26:08 PM,926.85,0,0.0,111650181.99999999
2025-08-01 03:26:09 PM,926.85,25,23171.25,111673353.24999999
2025-08-01 03:26:12 PM,926.8,0,0.0,111673353.24999999
2025-08-01 03:26:16 PM,926.6,15,13899.0,111687252.24999999
2025-08-01 03:26:21 PM,926.35,0,0.0,111687252.24999999
2025-08-01 03:26:23 PM,926.35,44,40759.4,111728011.64999999
2025-08-01 03:26:24 PM,926.6,5,4633.0,111732644.64999999
2025-08-01 03:26:29 PM,926.6,1,926.6,111733571.24999999
2025-08-01 03:26:42 PM,926.05,0,0.0,111733571.24999999
2025-08-01 03:26:43 PM,926.05,1,926.05,111734497.29999998
2025-08-01 03:26:44 PM,925.7,10,9257.0,111743754.29999998
2025-08-01 03:26:49 PM,925.7,6,5554.200000000001,111749308.49999999
2025-08-01 03:26:56 PM,925.75,12,11109.0,111760417.49999999
2025-08-01 03:27:08 PM,925.8,0,0.0,111760417.49999999
2025-08-01 03:27:09 PM,925.8,22,20367.6,111780785.09999998
2025-08-01 03:27:11 PM,925.85,23,21294.55,111802079.64999998
2025-08-01 03:27:16 PM,925.9,77,71294.3,111873373.94999997
2025-08-01 03:27:23 PM,926.05,252,233364.59999999998,112106738.54999997
2025-08-01 03:27:24 PM,927.8,0,0.0,112106738.54999997
2025-08-01 03:27:25 PM,927.8,97,89996.59999999999,112196735.14999996
2025-08-01 03:27:30 PM,926.3,0,0.0,112196735.14999996
2025-08-01 03:27:30 PM,926.3,1,926.3,112197661.44999996
2025-08-01 03:27:41 PM,928.2,0,0.0,112197661.44999996
2025-08-01 03:27:45 PM,927.05,2,1854.1,112199515.54999995
2025-08-01 03:27:47 PM,928.1,5,4640.5,112204156.04999995
2025-08-01 03:27:53 PM,928.0,6,5568.0,112209724.04999995
2025-08-01 03:27:58 PM,928.0,2,1856.0,112211580.04999995
2025-08-01 03:28:00 PM,928.0,9,8352.0,112219932.04999995
2025-08-01 03:28:03 PM,927.05,100,92705.0,112312637.04999995
2025-08-01 03:28:04 PM,926.0,0,0.0,112312637.04999995
2025-08-01 03:28:05 PM,926.0,1,926.0,112313563.04999995
2025-08-01 03:28:09 PM,925.1,194,179469.4,112493032.44999996
2025-08-01 03:28:11 PM,925.0,508,469900.0,112962932.44999996
2025-08-01 03:28:14 PM,927.05,0,0.0,112962932.44999996
2025-08-01 03:28:14 PM,927.05,1,927.05,112963859.49999996
2025-08-01 03:28:19 PM,925.05,0,0.0,112963859.49999996
2025-08-01 03:28:19 PM,925.05,6,5550.299999999999,112969409.79999995
2025-08-01 03:28:21 PM,925.0,17,15725.0,112985134.79999995
2025-08-01 03:28:22 PM,926.0,1,926.0,112986060.79999995
2025-08-01 03:28:23 PM,925.0,0,0.0,112986060.79999995
2025-08-01 03:28:23 PM,925.0,6,5550.0,112991610.79999995
2025-08-01 03:28:29 PM,925.0,6,5550.0,112997160.79999995
2025-08-01 03:28:30 PM,925.0,15,13875.0,113011035.79999995
2025-08-01 03:28:34 PM,925.0,1,925.0,113011960.79999995
2025-08-01 03:28:35 PM,925.0,109,100825.0,113112785.79999995
2025-08-01 03:28:38 PM,925.0,23,21275.0,113134060.79999995
2025-08-01 03:28:38 PM,925.0,6,5550.0,113139610.79999995
2025-08-01 03:28:45 PM,925.05,15,13875.75,113153486.54999995
2025-08-01 03:28:47 PM,928.05,0,0.0,113153486.54999995
2025-08-01 03:28:47 PM,928.05,6,5568.299999999999,113159054.84999995
2025-08-01 03:28:51 PM,928.05,50,46402.5,113205457.34999995
2025-08-01 03:28:51 PM,928.05,9,8352.449999999999,113213809.79999995
2025-08-01 03:28:57 PM,928.05,1,928.05,113214737.84999995
2025-08-01 03:29:00 PM,928.05,13,12064.65,113226802.49999996
2025-08-01 03:29:08 PM,928.1,40,37124.0,113263926.49999996
2025-08-01 03:29:16 PM,928.1,1,928.1,113264854.59999995
2025-08-01 03:29:45 PM,927.9,0,0.0,113264854.59999995
2025-08-01 03:29:46 PM,927.9,107,99285.3,113364139.89999995
