date,price,qty,trnvr,cum_trnvr
2025-08-01 09:15:00 AM,218.3,8660,1890478.0,1890478.0
2025-08-01 09:15:01 AM,218.93,60,13135.800000000001,1903613.8
2025-08-01 09:15:02 AM,218.93,27,5911.110000000001,1909524.9100000001
2025-08-01 09:15:03 AM,218.95,500,109475.0,2018999.9100000001
2025-08-01 09:15:03 AM,218.95,1,218.95,2019218.86
2025-08-01 09:15:04 AM,218.6,20,4372.0,2023590.86
2025-08-01 09:15:05 AM,218.6,2,437.2,2024028.06
2025-08-01 09:15:06 AM,218.6,15,3279.0,2027307.06
2025-08-01 09:15:07 AM,218.6,6,1311.6,2028618.6600000001
2025-08-01 09:15:08 AM,218.84,3,656.52,2029275.1800000002
2025-08-01 09:15:08 AM,218.6,0,0.0,2029275.1800000002
2025-08-01 09:15:09 AM,218.56,35,7649.6,2036924.7800000003
2025-08-01 09:15:10 AM,218.47,336,73405.92,2110330.7
2025-08-01 09:15:11 AM,218.47,119,25997.93,2136328.6300000004
2025-08-01 09:15:12 AM,218.39,4,873.56,2137202.1900000004
2025-08-01 09:15:12 AM,218.3,0,0.0,2137202.1900000004
2025-08-01 09:15:13 AM,218.26,4,873.04,2138075.2300000004
2025-08-01 09:15:16 AM,218.49,0,0.0,2138075.2300000004
2025-08-01 09:15:17 AM,218.49,135,29496.15,2167571.3800000004
2025-08-01 09:15:19 AM,218.49,3,655.47,2168226.8500000006
2025-08-01 09:15:22 AM,218.67,0,0.0,2168226.8500000006
2025-08-01 09:15:23 AM,218.7,658,143904.6,2312131.4500000007
2025-08-01 09:15:24 AM,218.84,1348,294996.32,2607127.7700000005
2025-08-01 09:15:25 AM,219.13,0,0.0,2607127.7700000005
2025-08-01 09:15:26 AM,219.13,2288,501369.44,3108497.2100000004
2025-08-01 09:15:26 AM,219.16,0,0.0,3108497.2100000004
2025-08-01 09:15:27 AM,219.16,10,2191.6,3110688.8100000005
2025-08-01 09:15:33 AM,219.16,25,5479.0,3116167.8100000005
2025-08-01 09:15:37 AM,219.08,0,0.0,3116167.8100000005
2025-08-01 09:15:38 AM,219.08,468,102529.44,3218697.2500000005
2025-08-01 09:15:38 AM,219.4,0,0.0,3218697.2500000005
2025-08-01 09:15:39 AM,219.4,74,16235.6,3234932.8500000006
2025-08-01 09:15:40 AM,219.16,0,0.0,3234932.8500000006
2025-08-01 09:15:41 AM,219.16,56,12272.96,3247205.8100000005
2025-08-01 09:15:41 AM,219.29,0,0.0,3247205.8100000005
2025-08-01 09:15:42 AM,219.29,2100,460509.0,3707714.8100000005
2025-08-01 09:15:43 AM,219.48,0,0.0,3707714.8100000005
2025-08-01 09:15:44 AM,219.48,628,137833.44,3845548.2500000005
2025-08-01 09:15:52 AM,219.29,1067,233982.43,4079530.6800000006
2025-08-01 09:16:02 AM,219.21,0,0.0,4079530.6800000006
2025-08-01 09:16:06 AM,219.29,3228,707868.12,4787398.800000001
2025-08-01 09:16:08 AM,219.29,704,154380.16,4941778.960000001
2025-08-01 09:16:10 AM,219.21,0,0.0,4941778.960000001
2025-08-01 09:16:14 AM,219.04,2634,576951.36,5518730.320000001
2025-08-01 09:16:23 AM,218.84,248,54272.32,5573002.6400000015
2025-08-01 09:16:24 AM,218.84,470,102854.8,5675857.440000001
2025-08-01 09:16:28 AM,219.0,0,0.0,5675857.440000001
2025-08-01 09:16:31 AM,219.0,200,43800.0,5719657.440000001
2025-08-01 09:16:32 AM,218.84,60,13130.4,5732787.840000002
2025-08-01 09:16:41 AM,218.81,600,131286.0,5864073.840000002
2025-08-01 09:16:47 AM,218.85,0,0.0,5864073.840000002
2025-08-01 09:16:49 AM,218.85,200,43770.0,5907843.840000002
2025-08-01 09:16:56 AM,218.98,100,21898.0,5929741.840000002
2025-08-01 09:17:04 AM,218.98,100,21898.0,5951639.840000002
2025-08-01 09:17:05 AM,218.89,5,1094.4499999999998,5952734.290000002
2025-08-01 09:17:12 AM,219.01,1396,305737.95999999996,6258472.250000002
2025-08-01 09:17:13 AM,219.04,264,57826.56,6316298.810000001
2025-08-01 09:17:17 AM,219.16,0,0.0,6316298.810000001
2025-08-01 09:17:20 AM,219.46,115,25237.9,6341536.710000002
2025-08-01 09:17:21 AM,219.49,5,1097.45,6342634.160000002
2025-08-01 09:17:24 AM,219.75,0,0.0,6342634.160000002
2025-08-01 09:17:28 AM,219.75,604,132729.0,6475363.160000002
2025-08-01 09:17:29 AM,219.65,50,10982.5,6486345.660000002
2025-08-01 09:17:37 AM,219.65,1350,296527.5,6782873.160000002
2025-08-01 09:17:40 AM,219.59,0,0.0,6782873.160000002
2025-08-01 09:17:45 AM,219.36,590,129422.40000000001,6912295.560000002
2025-08-01 09:17:46 AM,219.36,2,438.72,6912734.280000002
2025-08-01 09:17:49 AM,219.44,0,0.0,6912734.280000002
2025-08-01 09:17:53 AM,219.41,3852,845167.32,7757901.600000002
2025-08-01 09:17:58 AM,219.59,0,0.0,7757901.600000002
2025-08-01 09:18:02 AM,219.42,281,61657.02,7819558.620000002
2025-08-01 09:18:05 AM,219.59,0,0.0,7819558.620000002
2025-08-01 09:18:10 AM,219.37,5156,1131071.72,8950630.340000002
2025-08-01 09:18:14 AM,219.53,0,0.0,8950630.340000002
2025-08-01 09:18:19 AM,219.55,124,27224.2,8977854.540000001
2025-08-01 09:18:20 AM,219.6,5,1098.0,8978952.540000001
2025-08-01 09:18:22 AM,219.62,0,0.0,8978952.540000001
2025-08-01 09:18:27 AM,219.82,4925,1082613.5,10061566.040000001
2025-08-01 09:18:31 AM,219.81,0,0.0,10061566.040000001
2025-08-01 09:18:35 AM,219.84,474,104204.16,10165770.200000001
2025-08-01 09:18:36 AM,219.84,2,439.68,10166209.88
2025-08-01 09:18:44 AM,219.84,4629,1017639.36,11183849.24
2025-08-01 09:18:47 AM,220.11,0,0.0,11183849.24
2025-08-01 09:18:51 AM,220.24,1076,236978.24000000002,11420827.48
2025-08-01 09:18:52 AM,220.27,2017,444284.59,11865112.07
2025-08-01 09:18:53 AM,220.49,0,0.0,11865112.07
2025-08-01 09:18:59 AM,220.35,5345,1177770.75,13042882.82
2025-08-01 09:19:00 AM,220.25,1068,235227.0,13278109.82
2025-08-01 09:19:01 AM,220.14,0,0.0,13278109.82
2025-08-01 09:19:04 AM,220.18,0,0.0,13278109.82
2025-08-01 09:19:07 AM,220.18,254,55925.72,13334035.540000001
2025-08-01 09:19:11 AM,220.15,0,0.0,13334035.540000001
2025-08-01 09:19:15 AM,220.01,346,76123.45999999999,13410159.000000002
2025-08-01 09:19:17 AM,220.01,658,144766.58,13554925.580000002
2025-08-01 09:19:17 AM,220.07,0,0.0,13554925.580000002
2025-08-01 09:19:24 AM,220.22,1575,346846.5,13901772.080000002
2025-08-01 09:19:31 AM,220.09,0,0.0,13901772.080000002
2025-08-01 09:19:32 AM,220.09,100,22009.0,13923781.080000002
2025-08-01 09:19:33 AM,220.17,1300,286221.0,14210002.080000002
2025-08-01 09:19:40 AM,220.17,113,24879.21,14234881.290000003
2025-08-01 09:19:47 AM,220.18,0,0.0,14234881.290000003
2025-08-01 09:19:48 AM,220.18,1651,363517.18,14598398.470000003
2025-08-01 09:19:49 AM,220.2,0,0.0,14598398.470000003
2025-08-01 09:19:50 AM,220.2,49,10789.8,14609188.270000003
2025-08-01 09:19:55 AM,220.11,0,0.0,14609188.270000003
2025-08-01 09:19:56 AM,220.11,205,45122.55,14654310.820000004
2025-08-01 09:19:56 AM,220.31,0,0.0,14654310.820000004
2025-08-01 09:19:57 AM,220.31,5,1101.55,14655412.370000005
2025-08-01 09:20:03 AM,220.29,0,0.0,14655412.370000005
2025-08-01 09:20:03 AM,220.29,256,56394.24,14711806.610000005
2025-08-01 09:20:10 AM,220.19,0,0.0,14711806.610000005
2025-08-01 09:20:12 AM,220.25,310,68277.5,14780084.110000005
2025-08-01 09:20:13 AM,220.19,200,44038.0,14824122.110000005
2025-08-01 09:20:17 AM,220.25,0,0.0,14824122.110000005
2025-08-01 09:20:19 AM,220.26,0,0.0,14824122.110000005
2025-08-01 09:20:20 AM,220.26,125,27532.5,14851654.610000005
2025-08-01 09:20:27 AM,220.4,0,0.0,14851654.610000005
2025-08-01 09:20:28 AM,220.4,746,164418.4,15016073.010000005
2025-08-01 09:20:31 AM,220.47,0,0.0,15016073.010000005
2025-08-01 09:20:35 AM,220.64,2368,522475.51999999996,15538548.530000005
2025-08-01 09:20:37 AM,220.63,700,154441.0,15692989.530000005
2025-08-01 09:20:38 AM,220.8,0,0.0,15692989.530000005
2025-08-01 09:20:42 AM,220.63,0,0.0,15692989.530000005
2025-08-01 09:20:43 AM,220.64,958,211373.12,15904362.650000004
2025-08-01 09:20:49 AM,220.87,0,0.0,15904362.650000004
2025-08-01 09:20:51 AM,220.9,4800,1060320.0,16964682.650000006
2025-08-01 09:21:06 AM,220.9,502,110891.8,17075574.450000007
2025-08-01 09:21:10 AM,220.79,0,0.0,17075574.450000007
2025-08-01 09:21:12 AM,220.9,0,0.0,17075574.450000007
2025-08-01 09:21:14 AM,220.9,363,80186.7,17155761.150000006
2025-08-01 09:21:15 AM,220.9,11,2429.9,17158191.050000004
2025-08-01 09:21:17 AM,220.95,0,0.0,17158191.050000004
2025-08-01 09:21:19 AM,221.07,0,0.0,17158191.050000004
2025-08-01 09:21:22 AM,221.06,5064,1119447.84,18277638.890000004
2025-08-01 09:21:23 AM,221.19,23,5087.37,18282726.260000005
2025-08-01 09:21:24 AM,221.08,0,0.0,18282726.260000005
2025-08-01 09:21:30 AM,221.1,1270,280797.0,18563523.260000005
2025-08-01 09:21:31 AM,221.2,14,3096.7999999999997,18566620.060000006
2025-08-01 09:21:33 AM,221.0,0,0.0,18566620.060000006
2025-08-01 09:21:36 AM,220.76,0,0.0,18566620.060000006
2025-08-01 09:21:38 AM,220.82,1708,377160.56,18943780.620000005
2025-08-01 09:21:42 AM,220.97,0,0.0,18943780.620000005
2025-08-01 09:21:45 AM,220.7,1100,242770.0,19186550.620000005
2025-08-01 09:21:46 AM,220.83,2,441.66,19186992.280000005
2025-08-01 09:21:49 AM,220.84,0,0.0,19186992.280000005
2025-08-01 09:21:52 AM,220.82,0,0.0,19186992.280000005
2025-08-01 09:21:53 AM,220.82,1063,234731.66,19421723.940000005
2025-08-01 09:21:54 AM,220.85,250,55212.5,19476936.440000005
2025-08-01 09:21:59 AM,220.7,0,0.0,19476936.440000005
2025-08-01 09:22:00 AM,220.8,106,23404.800000000003,19500341.240000006
2025-08-01 09:22:02 AM,220.63,2033,448540.79,19948882.030000005
2025-08-01 09:22:03 AM,220.79,0,0.0,19948882.030000005
2025-08-01 09:22:06 AM,220.86,0,0.0,19948882.030000005
2025-08-01 09:22:08 AM,220.86,276,60957.36,20009839.390000004
2025-08-01 09:22:10 AM,220.63,0,0.0,20009839.390000004
2025-08-01 09:22:16 AM,220.6,513,113167.8,20123007.190000005
2025-08-01 09:22:17 AM,220.64,26,5736.639999999999,20128743.830000006
2025-08-01 09:22:25 AM,220.5,100,22050.0,20150793.830000006
2025-08-01 09:22:27 AM,220.3,0,0.0,20150793.830000006
2025-08-01 09:22:31 AM,220.46,196,43210.16,20194003.990000006
2025-08-01 09:22:34 AM,220.5,0,0.0,20194003.990000006
2025-08-01 09:22:39 AM,220.5,119,26239.5,20220243.490000006
2025-08-01 09:22:40 AM,220.5,169,37264.5,20257507.990000006
2025-08-01 09:22:46 AM,220.6,16,3529.6,20261037.590000007
2025-08-01 09:22:48 AM,220.5,168,37044.0,20298081.590000007
2025-08-01 09:22:51 AM,220.45,0,0.0,20298081.590000007
2025-08-01 09:22:53 AM,220.6,0,0.0,20298081.590000007
2025-08-01 09:22:54 AM,220.6,1366,301339.6,20599421.19000001
2025-08-01 09:23:03 AM,220.59,5,1102.95,20600524.140000008
2025-08-01 09:23:05 AM,220.62,0,0.0,20600524.140000008
2025-08-01 09:23:09 AM,220.58,700,154406.0,20754930.140000008
2025-08-01 09:23:11 AM,220.58,10,2205.8,20757135.94000001
2025-08-01 09:23:14 AM,220.5,0,0.0,20757135.94000001
2025-08-01 09:23:17 AM,220.59,2325,512871.75,21270007.69000001
2025-08-01 09:23:18 AM,220.65,20,4413.0,21274420.69000001
2025-08-01 09:23:24 AM,220.63,177,39051.51,21313472.20000001
2025-08-01 09:23:32 AM,220.56,155,34186.8,21347659.00000001
2025-08-01 09:23:33 AM,220.65,0,0.0,21347659.00000001
2025-08-01 09:23:34 AM,220.65,20,4413.0,21352072.00000001
2025-08-01 09:23:45 AM,220.72,0,0.0,21352072.00000001
2025-08-01 09:23:47 AM,220.72,3140,693060.8,22045132.800000012
2025-08-01 09:23:55 AM,220.56,5,1102.8,22046235.600000013
2025-08-01 09:23:56 AM,220.56,150,33084.0,22079319.600000013
2025-08-01 09:23:58 AM,220.44,0,0.0,22079319.600000013
2025-08-01 09:24:02 AM,220.56,53,11689.68,22091009.280000012
2025-08-01 09:24:10 AM,220.43,2171,478553.53,22569562.810000014
2025-08-01 09:24:12 AM,220.5,7,1543.5,22571106.310000014
2025-08-01 09:24:19 AM,220.5,3,661.5,22571767.810000014
2025-08-01 09:24:25 AM,220.5,564,124362.0,22696129.810000014
2025-08-01 09:24:30 AM,220.43,0,0.0,22696129.810000014
2025-08-01 09:24:33 AM,220.43,8,1763.44,22697893.250000015
2025-08-01 09:24:35 AM,220.3,1407,309962.10000000003,23007855.350000016
2025-08-01 09:24:40 AM,220.3,1,220.3,23008075.650000017
2025-08-01 09:24:48 AM,220.3,4,881.2,23008956.850000016
2025-08-01 09:24:50 AM,220.3,8,1762.4,23010719.250000015
2025-08-01 09:24:55 AM,220.3,1,220.3,23010939.550000016
2025-08-01 09:24:57 AM,220.3,10,2203.0,23013142.550000016
2025-08-01 09:25:02 AM,220.2,0,0.0,23013142.550000016
2025-08-01 09:25:03 AM,220.2,1229,270625.8,23283768.350000016
2025-08-01 09:25:09 AM,220.19,0,0.0,23283768.350000016
2025-08-01 09:25:10 AM,220.19,696,153252.24,23437020.590000015
2025-08-01 09:25:13 AM,220.2,2,440.4,23437460.990000013
2025-08-01 09:25:16 AM,220.18,0,0.0,23437460.990000013
2025-08-01 09:25:17 AM,220.19,0,0.0,23437460.990000013
2025-08-01 09:25:18 AM,220.19,236,51964.84,23489425.830000013
2025-08-01 09:25:22 AM,220.33,0,0.0,23489425.830000013
2025-08-01 09:25:25 AM,220.2,1201,264460.2,23753886.030000012
2025-08-01 09:25:27 AM,220.18,753,165795.54,23919681.57000001
2025-08-01 09:25:33 AM,220.33,9,1982.97,23921664.54000001
2025-08-01 09:25:39 AM,220.19,0,0.0,23921664.54000001
2025-08-01 09:25:40 AM,220.33,101,22253.33,23943917.87000001
2025-08-01 09:25:42 AM,220.19,20,4403.8,23948321.67000001
2025-08-01 09:25:48 AM,220.34,180,39661.2,23987982.87000001
2025-08-01 09:25:55 AM,220.33,27,5948.910000000001,23993931.78000001
2025-08-01 09:25:58 AM,220.33,5,1101.65,23995033.430000007
2025-08-01 09:26:05 AM,220.22,50,11011.0,24006044.430000007
2025-08-01 09:26:16 AM,220.3,0,0.0,24006044.430000007
2025-08-01 09:26:18 AM,220.3,100,22030.0,24028074.430000007
2025-08-01 09:26:22 AM,220.33,0,0.0,24028074.430000007
2025-08-01 09:26:26 AM,220.33,40,8813.2,24036887.630000006
2025-08-01 09:26:28 AM,220.39,0,0.0,24036887.630000006
2025-08-01 09:26:32 AM,220.35,0,0.0,24036887.630000006
2025-08-01 09:26:34 AM,220.4,110,24244.0,24061131.630000006
2025-08-01 09:26:42 AM,220.4,36,7934.400000000001,24069066.030000005
2025-08-01 09:26:43 AM,220.45,15,3306.75,24072372.780000005
2025-08-01 09:26:46 AM,220.56,0,0.0,24072372.780000005
2025-08-01 09:26:49 AM,220.65,1462,322590.3,24394963.080000006
2025-08-01 09:26:58 AM,220.65,3,661.95,24395625.030000005
2025-08-01 09:27:02 AM,220.63,0,0.0,24395625.030000005
2025-08-01 09:27:04 AM,220.63,256,56481.28,24452106.310000006
2025-08-01 09:27:12 AM,220.65,0,0.0,24452106.310000006
2025-08-01 09:27:13 AM,220.65,50,11032.5,24463138.810000006
2025-08-01 09:27:13 AM,220.7,0,0.0,24463138.810000006
2025-08-01 09:27:17 AM,220.72,0,0.0,24463138.810000006
2025-08-01 09:27:19 AM,220.72,234,51648.48,24514787.290000007
2025-08-01 09:27:26 AM,220.72,25,5518.0,24520305.290000007
2025-08-01 09:27:27 AM,220.75,1,220.75,24520526.040000007
2025-08-01 09:27:32 AM,220.8,0,0.0,24520526.040000007
2025-08-01 09:27:33 AM,220.8,161,35548.8,24556074.840000007
2025-08-01 09:27:35 AM,220.73,33,7284.089999999999,24563358.930000007
2025-08-01 09:27:41 AM,220.73,419,92485.87,24655844.80000001
2025-08-01 09:27:43 AM,220.79,0,0.0,24655844.80000001
2025-08-01 09:27:47 AM,220.8,0,0.0,24655844.80000001
2025-08-01 09:27:49 AM,220.8,201,44380.8,24700225.60000001
2025-08-01 09:27:57 AM,220.69,1221,269462.49,24969688.090000007
2025-08-01 09:28:03 AM,220.7,0,0.0,24969688.090000007
2025-08-01 09:28:04 AM,220.7,3,662.0999999999999,24970350.19000001
2025-08-01 09:28:10 AM,220.54,0,0.0,24970350.19000001
2025-08-01 09:28:10 AM,220.5,0,0.0,24970350.19000001
2025-08-01 09:28:12 AM,220.59,152,33529.68,25003879.87000001
2025-08-01 09:28:13 AM,220.4,88,19395.2,25023275.070000008
2025-08-01 09:28:21 AM,220.52,4,882.08,25024157.150000006
2025-08-01 09:28:22 AM,220.5,0,0.0,25024157.150000006
2025-08-01 09:28:27 AM,220.27,0,0.0,25024157.150000006
2025-08-01 09:28:27 AM,220.27,2002,440980.54000000004,25465137.690000005
2025-08-01 09:28:29 AM,220.21,265,58355.65,25523493.340000004
2025-08-01 09:28:32 AM,220.22,0,0.0,25523493.340000004
2025-08-01 09:28:35 AM,220.2,698,153699.6,25677192.940000005
2025-08-01 09:28:38 AM,220.27,0,0.0,25677192.940000005
2025-08-01 09:28:43 AM,220.23,0,0.0,25677192.940000005
2025-08-01 09:28:43 AM,220.23,27,5946.21,25683139.150000006
2025-08-01 09:28:44 AM,220.4,100,22040.0,25705179.150000006
2025-08-01 09:28:48 AM,220.29,0,0.0,25705179.150000006
2025-08-01 09:28:50 AM,220.29,15,3304.35,25708483.500000007
2025-08-01 09:28:51 AM,220.43,18,3967.7400000000002,25712451.240000006
2025-08-01 09:28:58 AM,220.42,1,220.42,25712671.660000008
2025-08-01 09:28:59 AM,220.5,302,66591.0,25779262.660000008
2025-08-01 09:29:05 AM,220.5,3,661.5,25779924.160000008
2025-08-01 09:29:06 AM,220.56,0,0.0,25779924.160000008
2025-08-01 09:29:07 AM,220.56,3,661.6800000000001,25780585.840000007
2025-08-01 09:29:11 AM,220.43,0,0.0,25780585.840000007
2025-08-01 09:29:13 AM,220.43,47,10360.210000000001,25790946.05000001
2025-08-01 09:29:21 AM,220.56,35,7719.6,25798665.65000001
2025-08-01 09:29:27 AM,220.61,0,0.0,25798665.65000001
2025-08-01 09:29:28 AM,220.61,13,2867.9300000000003,25801533.58000001
2025-08-01 09:29:32 AM,220.43,0,0.0,25801533.58000001
2025-08-01 09:29:36 AM,220.43,1010,222634.30000000002,26024167.88000001
2025-08-01 09:29:43 AM,220.43,90,19838.7,26044006.58000001
2025-08-01 09:29:50 AM,220.5,300,66150.0,26110156.58000001
2025-08-01 09:29:57 AM,220.43,0,0.0,26110156.58000001
2025-08-01 09:29:58 AM,220.56,411,90650.16,26200806.74000001
2025-08-01 09:30:04 AM,220.5,0,0.0,26200806.74000001
2025-08-01 09:30:06 AM,220.5,2,441.0,26201247.74000001
2025-08-01 09:30:07 AM,220.5,12,2646.0,26203893.74000001
2025-08-01 09:30:13 AM,220.56,1069,235778.64,26439672.38000001
2025-08-01 09:30:18 AM,220.49,0,0.0,26439672.38000001
2025-08-01 09:30:21 AM,220.49,101,22269.49,26461941.87000001
2025-08-01 09:30:22 AM,220.56,8,1764.48,26463706.35000001
2025-08-01 09:30:28 AM,220.56,16,3528.96,26467235.31000001
2025-08-01 09:30:36 AM,220.56,28,6175.68,26473410.99000001
2025-08-01 09:30:43 AM,220.7,170,37519.0,26510929.99000001
2025-08-01 09:30:44 AM,220.7,500,110350.0,26621279.99000001
2025-08-01 09:30:50 AM,220.7,480,105936.0,26727215.99000001
2025-08-01 09:30:53 AM,220.8,0,0.0,26727215.99000001
2025-08-01 09:30:56 AM,220.67,0,0.0,26727215.99000001
2025-08-01 09:30:58 AM,220.67,2384,526077.28,27253293.27000001
2025-08-01 09:31:03 AM,220.32,0,0.0,27253293.27000001
2025-08-01 09:31:05 AM,220.32,12792,2818333.44,30071626.710000012
2025-08-01 09:31:08 AM,220.36,0,0.0,30071626.710000012
2025-08-01 09:31:10 AM,220.2,0,0.0,30071626.710000012
2025-08-01 09:31:12 AM,220.2,600,132120.0,30203746.710000012
2025-08-01 09:31:19 AM,220.18,0,0.0,30203746.710000012
2025-08-01 09:31:20 AM,220.18,578,127264.04000000001,30331010.75000001
2025-08-01 09:31:27 AM,220.18,5,1100.9,30332111.65000001
2025-08-01 09:31:28 AM,220.1,1001,220320.1,30552431.75000001
2025-08-01 09:31:33 AM,220.02,0,0.0,30552431.75000001
2025-08-01 09:31:34 AM,220.02,211,46424.22,30598855.97000001
2025-08-01 09:31:37 AM,220.17,0,0.0,30598855.97000001
2025-08-01 09:31:41 AM,220.03,130,28603.9,30627459.87000001
2025-08-01 09:31:45 AM,220.16,0,0.0,30627459.87000001
2025-08-01 09:31:48 AM,220.16,3,660.48,30628120.35000001
2025-08-01 09:31:50 AM,220.05,0,0.0,30628120.35000001
2025-08-01 09:31:55 AM,220.2,0,0.0,30628120.35000001
2025-08-01 09:31:55 AM,220.2,101,22240.199999999997,30650360.55000001
2025-08-01 09:32:05 AM,220.15,0,0.0,30650360.55000001
2025-08-01 09:32:09 AM,220.15,34,7485.1,30657845.65000001
2025-08-01 09:32:16 AM,220.22,685,150850.7,30808696.35000001
2025-08-01 09:32:23 AM,220.23,0,0.0,30808696.35000001
2025-08-01 09:32:23 AM,220.23,1,220.23,30808916.58000001
2025-08-01 09:32:29 AM,220.25,0,0.0,30808916.58000001
2025-08-01 09:32:30 AM,220.25,89,19602.25,30828518.83000001
2025-08-01 09:32:35 AM,220.23,0,0.0,30828518.83000001
2025-08-01 09:32:37 AM,220.23,106,23344.379999999997,30851863.21000001
2025-08-01 09:32:41 AM,220.34,0,0.0,30851863.21000001
2025-08-01 09:32:44 AM,220.34,10,2203.4,30854066.610000007
2025-08-01 09:32:51 AM,220.34,10,2203.4,30856270.010000005
2025-08-01 09:32:58 AM,220.33,191,42083.03,30898353.040000007
2025-08-01 09:33:05 AM,220.35,0,0.0,30898353.040000007
2025-08-01 09:33:05 AM,220.35,10,2203.5,30900556.540000007
2025-08-01 09:33:11 AM,220.49,0,0.0,30900556.540000007
2025-08-01 09:33:12 AM,220.49,76,16757.24,30917313.780000005
2025-08-01 09:33:16 AM,220.51,0,0.0,30917313.780000005
2025-08-01 09:33:19 AM,220.38,118,26004.84,30943318.620000005
2025-08-01 09:33:25 AM,220.43,3,661.29,30943979.910000004
2025-08-01 09:33:31 AM,220.5,0,0.0,30943979.910000004
2025-08-01 09:33:31 AM,220.51,0,0.0,30943979.910000004
2025-08-01 09:33:32 AM,220.51,62,13671.619999999999,30957651.530000005
2025-08-01 09:33:36 AM,220.56,0,0.0,30957651.530000005
2025-08-01 09:33:39 AM,220.56,5,1102.8,30958754.330000006
2025-08-01 09:33:49 AM,220.7,0,0.0,30958754.330000006
2025-08-01 09:33:51 AM,220.71,0,0.0,30958754.330000006
2025-08-01 09:33:53 AM,220.71,266,58708.86,31017463.190000005
2025-08-01 09:33:55 AM,220.73,0,0.0,31017463.190000005
2025-08-01 09:34:00 AM,220.73,27,5959.71,31023422.900000006
2025-08-01 09:34:06 AM,220.6,0,0.0,31023422.900000006
2025-08-01 09:34:07 AM,220.6,4136,912401.6,31935824.500000007
2025-08-01 09:34:15 AM,220.63,17,3750.71,31939575.21000001
2025-08-01 09:34:26 AM,220.5,0,0.0,31939575.21000001
2025-08-01 09:34:29 AM,220.5,111,24475.5,31964050.71000001
2025-08-01 09:34:36 AM,220.62,1,220.62,31964271.33000001
2025-08-01 09:34:42 AM,220.62,33,7280.46,31971551.79000001
2025-08-01 09:34:49 AM,220.62,5,1103.1,31972654.89000001
2025-08-01 09:35:03 AM,220.62,13,2868.06,31975522.95000001
2025-08-01 09:35:03 AM,220.5,56,12348.0,31987870.95000001
2025-08-01 09:35:06 AM,220.48,0,0.0,31987870.95000001
2025-08-01 09:35:10 AM,220.48,2833,624619.84,32612490.79000001
2025-08-01 09:35:16 AM,220.37,0,0.0,32612490.79000001
2025-08-01 09:35:16 AM,220.5,0,0.0,32612490.79000001
2025-08-01 09:35:17 AM,220.5,7,1543.5,32614034.29000001
2025-08-01 09:35:21 AM,220.51,0,0.0,32614034.29000001
2025-08-01 09:35:24 AM,220.51,35,7717.849999999999,32621752.14000001
2025-08-01 09:35:26 AM,220.43,0,0.0,32621752.14000001
2025-08-01 09:35:31 AM,220.44,0,0.0,32621752.14000001
2025-08-01 09:35:31 AM,220.44,128,28216.32,32649968.460000012
2025-08-01 09:35:38 AM,220.44,14,3086.16,32653054.620000012
2025-08-01 09:35:41 AM,220.34,0,0.0,32653054.620000012
2025-08-01 09:35:45 AM,220.3,167,36790.1,32689844.720000014
2025-08-01 09:35:52 AM,220.3,1,220.3,32690065.020000014
2025-08-01 09:35:56 AM,220.19,0,0.0,32690065.020000014
2025-08-01 09:35:58 AM,220.19,200,44038.0,32734103.020000014
2025-08-01 09:36:04 AM,220.05,0,0.0,32734103.020000014
2025-08-01 09:36:05 AM,220.05,850,187042.5,32921145.520000014
2025-08-01 09:36:12 AM,220.21,0,0.0,32921145.520000014
2025-08-01 09:36:12 AM,220.21,21,4624.41,32925769.930000015
2025-08-01 09:36:17 AM,220.06,0,0.0,32925769.930000015
2025-08-01 09:36:18 AM,220.06,101,22226.06,32947995.990000013
2025-08-01 09:36:25 AM,220.21,153,33692.130000000005,32981688.120000012
2025-08-01 09:36:31 AM,220.09,55,12104.95,32993793.07000001
2025-08-01 09:36:36 AM,220.22,0,0.0,32993793.07000001
2025-08-01 09:36:38 AM,220.22,3,660.66,32994453.73000001
2025-08-01 09:36:44 AM,220.29,0,0.0,32994453.73000001
2025-08-01 09:36:44 AM,220.29,40,8811.6,33003265.330000013
2025-08-01 09:36:44 AM,220.29,1,220.29,33003485.620000012
2025-08-01 09:36:51 AM,220.35,100,22035.0,33025520.620000012
2025-08-01 09:37:01 AM,220.39,0,0.0,33025520.620000012
2025-08-01 09:37:04 AM,220.09,1045,229994.05000000002,33255514.670000013
2025-08-01 09:37:10 AM,220.16,0,0.0,33255514.670000013
2025-08-01 09:37:11 AM,220.17,4,880.68,33256395.350000013
2025-08-01 09:37:15 AM,220.06,0,0.0,33256395.350000013
2025-08-01 09:37:19 AM,220.2,0,0.0,33256395.350000013
2025-08-01 09:37:19 AM,220.2,115,25323.0,33281718.350000013
2025-08-01 09:37:24 AM,220.07,0,0.0,33281718.350000013
2025-08-01 09:37:25 AM,220.07,160,35211.2,33316929.550000012
2025-08-01 09:37:29 AM,220.17,0,0.0,33316929.550000012
2025-08-01 09:37:32 AM,220.17,15,3302.5499999999997,33320232.100000013
2025-08-01 09:37:38 AM,220.07,0,0.0,33320232.100000013
2025-08-01 09:37:39 AM,220.07,500,110035.0,33430267.100000013
2025-08-01 09:37:42 AM,220.2,0,0.0,33430267.100000013
2025-08-01 09:37:46 AM,220.21,91,20039.11,33450306.210000012
2025-08-01 09:37:49 AM,220.07,0,0.0,33450306.210000012
2025-08-01 09:37:52 AM,220.21,0,0.0,33450306.210000012
2025-08-01 09:37:52 AM,220.21,901,198409.21000000002,33648715.42000001
2025-08-01 09:37:56 AM,220.22,0,0.0,33648715.42000001
2025-08-01 09:37:59 AM,220.22,100,22022.0,33670737.42000001
2025-08-01 09:38:01 AM,220.08,0,0.0,33670737.42000001
2025-08-01 09:38:04 AM,220.07,0,0.0,33670737.42000001
2025-08-01 09:38:06 AM,220.07,2015,443441.05,34114178.470000006
2025-08-01 09:38:10 AM,219.9,0,0.0,34114178.470000006
2025-08-01 09:38:13 AM,219.9,3452,759094.8,34873273.27
2025-08-01 09:38:16 AM,219.61,0,0.0,34873273.27
2025-08-01 09:38:20 AM,219.61,221,48533.810000000005,34921807.080000006
2025-08-01 09:38:26 AM,219.75,127,27908.25,34949715.330000006
2025-08-01 09:38:40 AM,219.75,10,2197.5,34951912.830000006
2025-08-01 09:38:44 AM,219.83,0,0.0,34951912.830000006
2025-08-01 09:38:46 AM,219.83,25,5495.75,34957408.580000006
2025-08-01 09:38:57 AM,219.86,0,0.0,34957408.580000006
2025-08-01 09:38:59 AM,219.86,75,16489.5,34973898.080000006
2025-08-01 09:39:01 AM,219.76,0,0.0,34973898.080000006
2025-08-01 09:39:06 AM,219.76,386,84827.36,35058725.440000005
2025-08-01 09:39:11 AM,219.61,0,0.0,35058725.440000005
2025-08-01 09:39:13 AM,219.61,1716,376850.76,35435576.2
2025-08-01 09:39:20 AM,219.72,1,219.72,35435795.92
2025-08-01 09:39:40 AM,219.71,1,219.71,35436015.63
2025-08-01 09:39:46 AM,219.71,28,6151.88,35442167.510000005
2025-08-01 09:39:53 AM,219.7,3,659.0999999999999,35442826.61000001
2025-08-01 09:39:57 AM,219.61,0,0.0,35442826.61000001
2025-08-01 09:39:59 AM,219.7,164,36030.799999999996,35478857.410000004
2025-08-01 09:40:10 AM,219.73,0,0.0,35478857.410000004
2025-08-01 09:40:12 AM,219.73,132,29004.359999999997,35507861.77
2025-08-01 09:40:18 AM,219.77,0,0.0,35507861.77
2025-08-01 09:40:19 AM,219.77,2,439.54,35508301.31
2025-08-01 09:40:20 AM,219.77,19,4175.63,35512476.940000005
2025-08-01 09:40:23 AM,219.85,0,0.0,35512476.940000005
2025-08-01 09:40:26 AM,219.85,13,2858.0499999999997,35515334.99
2025-08-01 09:40:39 AM,219.85,2,439.7,35515774.690000005
2025-08-01 09:40:49 AM,220.05,0,0.0,35515774.690000005
2025-08-01 09:40:52 AM,220.15,674,148381.1,35664155.79000001
2025-08-01 09:41:04 AM,220.2,0,0.0,35664155.79000001
2025-08-01 09:41:05 AM,220.2,249,54829.799999999996,35718985.59
2025-08-01 09:41:12 AM,220.2,2,440.4,35719425.99
2025-08-01 09:41:13 AM,220.27,0,0.0,35719425.99
2025-08-01 09:41:19 AM,220.27,417,91852.59000000001,35811278.580000006
2025-08-01 09:41:25 AM,220.2,1,220.2,35811498.78000001
2025-08-01 09:41:28 AM,220.11,0,0.0,35811498.78000001
2025-08-01 09:41:32 AM,220.11,126,27733.86,35839232.64000001
2025-08-01 09:41:36 AM,220.25,0,0.0,35839232.64000001
2025-08-01 09:41:38 AM,220.25,8,1762.0,35840994.64000001
2025-08-01 09:41:46 AM,220.25,1,220.25,35841214.89000001
2025-08-01 09:41:48 AM,220.05,0,0.0,35841214.89000001
2025-08-01 09:41:52 AM,220.19,965,212483.35,36053698.24000001
2025-08-01 09:41:56 AM,220.18,0,0.0,36053698.24000001
2025-08-01 09:41:58 AM,220.18,1,220.18,36053918.42000001
2025-08-01 09:42:04 AM,220.01,220,48402.2,36102320.62000001
2025-08-01 09:42:05 AM,220.14,100,22014.0,36124334.62000001
2025-08-01 09:42:10 AM,220.12,0,0.0,36124334.62000001
2025-08-01 09:42:11 AM,220.12,60,13207.2,36137541.820000015
2025-08-01 09:42:17 AM,219.98,0,0.0,36137541.820000015
2025-08-01 09:42:17 AM,219.98,964,212060.72,36349602.540000014
2025-08-01 09:42:22 AM,220.07,0,0.0,36349602.540000014
2025-08-01 09:42:24 AM,220.07,105,23107.35,36372709.890000015
2025-08-01 09:42:27 AM,220.08,0,0.0,36372709.890000015
2025-08-01 09:42:31 AM,220.12,0,0.0,36372709.890000015
2025-08-01 09:42:31 AM,220.12,13,2861.56,36375571.45000002
2025-08-01 09:42:40 AM,220.1,0,0.0,36375571.45000002
2025-08-01 09:42:43 AM,220.1,13,2861.2999999999997,36378432.750000015
2025-08-01 09:42:45 AM,220.12,151,33238.12,36411670.87000001
2025-08-01 09:42:47 AM,220.13,0,0.0,36411670.87000001
2025-08-01 09:42:50 AM,220.0,130,28600.0,36440270.87000001
2025-08-01 09:42:56 AM,220.14,100,22014.0,36462284.87000001
2025-08-01 09:43:03 AM,220.14,7,1540.98,36463825.85000001
2025-08-01 09:43:07 AM,220.18,0,0.0,36463825.85000001
2025-08-01 09:43:10 AM,220.18,6,1321.08,36465146.93000001
2025-08-01 09:43:16 AM,220.18,8,1761.44,36466908.370000005
2025-08-01 09:43:19 AM,220.03,0,0.0,36466908.370000005
2025-08-01 09:43:23 AM,220.03,4,880.12,36467788.49
2025-08-01 09:43:30 AM,220.2,200,44040.0,36511828.49
2025-08-01 09:43:36 AM,220.2,19,4183.8,36516012.29
2025-08-01 09:43:43 AM,220.2,9,1981.8,36517994.089999996
2025-08-01 09:43:49 AM,220.2,58,12771.599999999999,36530765.69
2025-08-01 09:43:56 AM,220.2,345,75969.0,36606734.69
2025-08-01 09:44:02 AM,220.28,229,50444.12,36657178.809999995
2025-08-01 09:44:08 AM,220.32,0,0.0,36657178.809999995
2025-08-01 09:44:09 AM,220.32,200,44064.0,36701242.809999995
2025-08-01 09:44:12 AM,220.07,0,0.0,36701242.809999995
2025-08-01 09:44:16 AM,220.07,1440,316900.8,37018143.60999999
2025-08-01 09:44:20 AM,220.09,0,0.0,37018143.60999999
2025-08-01 09:44:23 AM,220.09,2,440.18,37018583.78999999
2025-08-01 09:44:30 AM,220.08,300,66024.0,37084607.78999999
2025-08-01 09:44:33 AM,220.06,0,0.0,37084607.78999999
2025-08-01 09:44:35 AM,220.08,12,2640.96,37087248.74999999
2025-08-01 09:44:36 AM,220.11,500,110055.0,37197303.74999999
2025-08-01 09:44:47 AM,220.07,0,0.0,37197303.74999999
2025-08-01 09:44:48 AM,220.07,170,37411.9,37234715.64999999
2025-08-01 09:44:49 AM,220.06,0,0.0,37234715.64999999
2025-08-01 09:44:49 AM,220.06,2,440.12,37235155.76999999
2025-08-01 09:44:51 AM,220.08,0,0.0,37235155.76999999
2025-08-01 09:44:55 AM,220.05,30,6601.5,37241757.26999999
2025-08-01 09:44:59 AM,220.13,0,0.0,37241757.26999999
2025-08-01 09:45:01 AM,220.13,1147,252489.11,37494246.37999999
2025-08-01 09:45:04 AM,219.92,0,0.0,37494246.37999999
2025-08-01 09:45:08 AM,219.71,423,92937.33,37587183.709999986
2025-08-01 09:45:15 AM,219.83,37,8133.71,37595317.41999999
2025-08-01 09:45:27 AM,219.7,37,8128.9,37603446.319999985
2025-08-01 09:45:32 AM,219.87,0,0.0,37603446.319999985
2025-08-01 09:45:34 AM,219.87,200,43974.0,37647420.319999985
2025-08-01 09:45:39 AM,219.86,0,0.0,37647420.319999985
2025-08-01 09:45:40 AM,219.86,4,879.44,37648299.75999998
2025-08-01 09:45:47 AM,219.72,110,24169.2,37672468.959999986
2025-08-01 09:45:48 AM,219.85,0,0.0,37672468.959999986
2025-08-01 09:45:54 AM,219.85,4,879.4,37673348.359999985
2025-08-01 09:45:54 AM,219.71,0,0.0,37673348.359999985
2025-08-01 09:45:55 AM,219.71,3,659.13,37674007.48999999
2025-08-01 09:45:57 AM,219.87,0,0.0,37674007.48999999
2025-08-01 09:46:00 AM,219.74,10,2197.4,37676204.889999986
2025-08-01 09:46:02 AM,219.7,0,0.0,37676204.889999986
2025-08-01 09:46:06 AM,219.71,0,0.0,37676204.889999986
2025-08-01 09:46:06 AM,219.71,1426,313306.46,37989511.34999999
2025-08-01 09:46:08 AM,219.71,46,10106.66,37999618.00999998
2025-08-01 09:46:19 AM,219.71,200,43942.0,38043560.00999998
2025-08-01 09:46:26 AM,219.71,1,219.71,38043779.719999984
2025-08-01 09:46:29 AM,219.77,0,0.0,38043779.719999984
2025-08-01 09:46:32 AM,219.71,0,0.0,38043779.719999984
2025-08-01 09:46:32 AM,219.84,401,88155.84,38131935.55999999
2025-08-01 09:46:37 AM,219.71,0,0.0,38131935.55999999
2025-08-01 09:46:38 AM,219.71,1,219.71,38132155.26999999
2025-08-01 09:46:51 AM,219.72,42,9228.24,38141383.50999999
2025-08-01 09:46:52 AM,219.81,0,0.0,38141383.50999999
2025-08-01 09:46:53 AM,219.81,13,2857.53,38144241.03999999
2025-08-01 09:46:57 AM,219.81,1,219.81,38144460.849999994
2025-08-01 09:47:01 AM,219.73,0,0.0,38144460.849999994
2025-08-01 09:47:03 AM,219.81,12,2637.7200000000003,38147098.56999999
2025-08-01 09:47:08 AM,219.87,0,0.0,38147098.56999999
2025-08-01 09:47:09 AM,219.72,0,0.0,38147098.56999999
2025-08-01 09:47:10 AM,219.72,260,57127.2,38204225.769999996
2025-08-01 09:47:14 AM,219.71,0,0.0,38204225.769999996
2025-08-01 09:47:16 AM,219.71,1000,219710.0,38423935.769999996
2025-08-01 09:47:17 AM,219.87,0,0.0,38423935.769999996
2025-08-01 09:47:18 AM,219.87,4,879.48,38424815.24999999
2025-08-01 09:47:20 AM,219.73,0,0.0,38424815.24999999
2025-08-01 09:47:22 AM,219.91,102,22430.82,38447246.06999999
2025-08-01 09:47:28 AM,219.87,0,0.0,38447246.06999999
2025-08-01 09:47:28 AM,219.87,35,7695.45,38454941.519999996
2025-08-01 09:47:35 AM,219.87,1,219.87,38455161.38999999
2025-08-01 09:47:37 AM,219.75,6,1318.5,38456479.88999999
2025-08-01 09:47:40 AM,219.72,0,0.0,38456479.88999999
2025-08-01 09:47:42 AM,219.72,54,11864.88,38468344.769999996
2025-08-01 09:47:50 AM,219.87,0,0.0,38468344.769999996
2025-08-01 09:47:51 AM,219.87,50,10993.5,38479338.269999996
2025-08-01 09:47:54 AM,219.74,0,0.0,38479338.269999996
2025-08-01 09:47:55 AM,219.89,29,6376.8099999999995,38485715.08
2025-08-01 09:47:57 AM,219.9,64,14073.6,38499788.68
2025-08-01 09:47:58 AM,219.75,0,0.0,38499788.68
2025-08-01 09:48:01 AM,219.75,97,21315.75,38521104.43
2025-08-01 09:48:04 AM,219.76,50,10988.0,38532092.43
2025-08-01 09:48:08 AM,219.87,0,0.0,38532092.43
2025-08-01 09:48:08 AM,219.87,50,10993.5,38543085.93
2025-08-01 09:48:08 AM,219.9,0,0.0,38543085.93
2025-08-01 09:48:10 AM,219.9,162,35623.8,38578709.73
2025-08-01 09:48:14 AM,219.9,17,3738.3,38582448.029999994
2025-08-01 09:48:15 AM,219.87,0,0.0,38582448.029999994
2025-08-01 09:48:17 AM,219.87,100,21987.0,38604435.029999994
2025-08-01 09:48:19 AM,220.0,0,0.0,38604435.029999994
2025-08-01 09:48:20 AM,220.0,616,135520.0,38739955.029999994
2025-08-01 09:48:27 AM,220.16,0,0.0,38739955.029999994
2025-08-01 09:48:30 AM,220.16,13,2862.08,38742817.10999999
2025-08-01 09:48:34 AM,220.21,400,88084.0,38830901.10999999
2025-08-01 09:48:39 AM,220.2,0,0.0,38830901.10999999
2025-08-01 09:48:40 AM,220.2,21,4624.2,38835525.309999995
2025-08-01 09:48:49 AM,220.25,2,440.5,38835965.809999995
2025-08-01 09:48:51 AM,220.22,0,0.0,38835965.809999995
2025-08-01 09:48:53 AM,220.22,400,88088.0,38924053.809999995
2025-08-01 09:49:02 AM,220.22,42,9249.24,38933303.05
2025-08-01 09:49:06 AM,220.3,375,82612.5,39015915.55
2025-08-01 09:49:07 AM,220.22,0,0.0,39015915.55
2025-08-01 09:49:08 AM,220.21,1001,220430.21000000002,39236345.76
2025-08-01 09:49:11 AM,220.2,0,0.0,39236345.76
2025-08-01 09:49:11 AM,220.05,0,0.0,39236345.76
2025-08-01 09:49:12 AM,220.05,11,2420.55,39238766.309999995
2025-08-01 09:49:18 AM,220.02,200,44004.0,39282770.309999995
2025-08-01 09:49:19 AM,219.99,0,0.0,39282770.309999995
2025-08-01 09:49:20 AM,220.14,6,1320.84,39284091.15
2025-08-01 09:49:52 AM,220.1,0,0.0,39284091.15
2025-08-01 09:49:52 AM,220.1,10,2201.0,39286292.15
2025-08-01 09:49:55 AM,220.1,7,1540.7,39287832.85
2025-08-01 09:49:59 AM,220.02,1,220.02,39288052.870000005
2025-08-01 09:50:00 AM,220.09,0,0.0,39288052.870000005
2025-08-01 09:50:02 AM,220.09,113,24870.170000000002,39312923.04000001
2025-08-01 09:50:05 AM,220.09,225,49520.25,39362443.29000001
2025-08-01 09:50:06 AM,220.1,0,0.0,39362443.29000001
2025-08-01 09:50:08 AM,220.1,10,2201.0,39364644.29000001
2025-08-01 09:50:11 AM,220.09,0,0.0,39364644.29000001
2025-08-01 09:50:11 AM,220.09,43,9463.87,39374108.160000004
2025-08-01 09:50:15 AM,220.1,6,1320.6,39375428.760000005
2025-08-01 09:50:24 AM,220.1,52,11445.199999999999,39386873.96000001
2025-08-01 09:50:24 AM,220.15,0,0.0,39386873.96000001
2025-08-01 09:50:28 AM,220.15,127,27959.05,39414833.010000005
2025-08-01 09:50:29 AM,220.24,0,0.0,39414833.010000005
2025-08-01 09:50:30 AM,220.24,3,660.72,39415493.730000004
2025-08-01 09:50:35 AM,220.12,0,0.0,39415493.730000004
2025-08-01 09:50:36 AM,220.12,1,220.12,39415713.85
2025-08-01 09:50:39 AM,220.24,0,0.0,39415713.85
2025-08-01 09:50:40 AM,220.24,2,440.48,39416154.33
2025-08-01 09:50:44 AM,220.25,0,0.0,39416154.33
2025-08-01 09:50:45 AM,220.23,0,0.0,39416154.33
2025-08-01 09:50:46 AM,220.23,79,17398.17,39433552.5
2025-08-01 09:50:59 AM,220.3,0,0.0,39433552.5
2025-08-01 09:50:59 AM,220.3,25,5507.5,39439060.0
2025-08-01 09:51:00 AM,220.34,0,0.0,39439060.0
2025-08-01 09:51:01 AM,220.34,68,14983.12,39454043.12
2025-08-01 09:51:10 AM,220.45,0,0.0,39454043.12
2025-08-01 09:51:12 AM,220.45,6,1322.6999999999998,39455365.82
2025-08-01 09:51:13 AM,220.35,0,0.0,39455365.82
2025-08-01 09:51:14 AM,220.35,56,12339.6,39467705.42
2025-08-01 09:51:14 AM,220.44,0,0.0,39467705.42
2025-08-01 09:51:18 AM,220.44,10,2204.4,39469909.82
2025-08-01 09:51:21 AM,220.55,0,0.0,39469909.82
2025-08-01 09:51:24 AM,220.55,3542,781188.1000000001,40251097.92
2025-08-01 09:51:26 AM,220.71,5604,1236858.84,41487956.760000005
2025-08-01 09:51:29 AM,220.67,0,0.0,41487956.760000005
2025-08-01 09:51:30 AM,220.67,543,119823.81,41607780.57000001
2025-08-01 09:51:34 AM,220.92,0,0.0,41607780.57000001
2025-08-01 09:51:36 AM,220.89,0,0.0,41607780.57000001
2025-08-01 09:51:37 AM,220.89,2005,442884.44999999995,42050665.02000001
2025-08-01 09:51:38 AM,220.93,0,0.0,42050665.02000001
2025-08-01 09:51:39 AM,220.8,583,128726.40000000001,42179391.42000001
2025-08-01 09:51:43 AM,220.8,1,220.8,42179612.220000006
2025-08-01 09:51:45 AM,220.92,0,0.0,42179612.220000006
2025-08-01 09:51:45 AM,220.92,4,883.68,42180495.900000006
2025-08-01 09:51:52 AM,221.1,0,0.0,42180495.900000006
2025-08-01 09:51:54 AM,221.15,0,0.0,42180495.900000006
2025-08-01 09:51:55 AM,221.15,7418,1640490.7,43820986.60000001
2025-08-01 09:51:56 AM,221.03,0,0.0,43820986.60000001
2025-08-01 09:51:58 AM,221.2,0,0.0,43820986.60000001
2025-08-01 09:51:58 AM,221.06,1050,232113.0,44053099.60000001
2025-08-01 09:52:00 AM,221.1,0,0.0,44053099.60000001
2025-08-01 09:52:01 AM,221.1,141,31175.1,44084274.70000001
2025-08-01 09:52:07 AM,221.1,50,11055.0,44095329.70000001
2025-08-01 09:52:10 AM,221.06,0,0.0,44095329.70000001
2025-08-01 09:52:10 AM,221.06,2251,497606.06,44592935.76000001
2025-08-01 09:52:16 AM,221.06,1165,257534.9,44850470.66000001
2025-08-01 09:52:17 AM,221.1,0,0.0,44850470.66000001
2025-08-01 09:52:20 AM,221.06,33,7294.9800000000005,44857765.64000001
2025-08-01 09:52:26 AM,221.06,500,110530.0,44968295.64000001
2025-08-01 09:52:29 AM,221.1,500,110550.0,45078845.64000001
2025-08-01 09:52:29 AM,221.19,0,0.0,45078845.64000001
2025-08-01 09:52:29 AM,221.12,0,0.0,45078845.64000001
2025-08-01 09:52:32 AM,221.2,0,0.0,45078845.64000001
2025-08-01 09:52:32 AM,221.2,2747,607636.4,45686482.04000001
2025-08-01 09:52:35 AM,221.15,0,0.0,45686482.04000001
2025-08-01 09:52:35 AM,221.15,10,2211.5,45688693.54000001
2025-08-01 09:52:38 AM,221.2,0,0.0,45688693.54000001
2025-08-01 09:52:41 AM,221.2,200,44240.0,45732933.54000001
2025-08-01 09:52:47 AM,221.25,0,0.0,45732933.54000001
2025-08-01 09:52:47 AM,221.25,981,217046.25,45949979.79000001
2025-08-01 09:52:50 AM,221.4,0,0.0,45949979.79000001
2025-08-01 09:52:50 AM,221.4,490,108486.0,46058465.79000001
2025-08-01 09:52:53 AM,221.39,0,0.0,46058465.79000001
2025-08-01 09:52:53 AM,221.39,470,104053.29999999999,46162519.09
2025-08-01 09:52:56 AM,221.5,0,0.0,46162519.09
2025-08-01 09:52:56 AM,221.39,135,29887.649999999998,46192406.74
2025-08-01 09:53:02 AM,221.5,0,0.0,46192406.74
2025-08-01 09:53:02 AM,221.5,44,9746.0,46202152.74
2025-08-01 09:53:04 AM,221.41,200,44282.0,46246434.74
2025-08-01 09:53:17 AM,221.49,0,0.0,46246434.74
2025-08-01 09:53:17 AM,221.5,755,167232.5,46413667.24
2025-08-01 09:53:17 AM,221.41,0,0.0,46413667.24
2025-08-01 09:53:21 AM,221.5,0,0.0,46413667.24
2025-08-01 09:53:21 AM,221.5,316,69994.0,46483661.24
2025-08-01 09:53:23 AM,221.41,196,43396.36,46527057.6
2025-08-01 09:53:27 AM,221.2,0,0.0,46527057.6
2025-08-01 09:53:27 AM,221.2,2761,610733.2,47137790.800000004
2025-08-01 09:53:35 AM,221.36,250,55340.0,47193130.800000004
2025-08-01 09:53:45 AM,221.2,0,0.0,47193130.800000004
2025-08-01 09:53:46 AM,221.2,2300,508760.0,47701890.800000004
2025-08-01 09:53:51 AM,221.33,0,0.0,47701890.800000004
2025-08-01 09:53:52 AM,221.33,110,24346.300000000003,47726237.1
2025-08-01 09:53:54 AM,221.2,100,22120.0,47748357.1
2025-08-01 09:53:57 AM,221.34,0,0.0,47748357.1
2025-08-01 09:53:58 AM,221.34,300,66402.0,47814759.1
2025-08-01 09:54:03 AM,221.2,0,0.0,47814759.1
2025-08-01 09:54:04 AM,221.2,103,22783.6,47837542.7
2025-08-01 09:54:06 AM,221.24,468,103540.32,47941083.02
2025-08-01 09:54:23 AM,221.49,1862,412414.38,48353497.400000006
2025-08-01 09:54:24 AM,221.35,0,0.0,48353497.400000006
2025-08-01 09:54:24 AM,221.35,11,2434.85,48355932.25000001
2025-08-01 09:54:27 AM,221.4,0,0.0,48355932.25000001
2025-08-01 09:54:29 AM,221.4,322,71290.8,48427223.050000004
2025-08-01 09:54:30 AM,221.65,5853,1297317.45,49724540.50000001
2025-08-01 09:54:31 AM,221.55,0,0.0,49724540.50000001
2025-08-01 09:54:34 AM,221.7,0,0.0,49724540.50000001
2025-08-01 09:54:36 AM,221.7,1439,319026.3,50043566.800000004
2025-08-01 09:54:37 AM,221.8,0,0.0,50043566.800000004
2025-08-01 09:54:37 AM,221.71,0,0.0,50043566.800000004
2025-08-01 09:54:42 AM,221.71,951,210846.21000000002,50254413.010000005
2025-08-01 09:54:42 AM,221.72,10,2217.2,50256630.21000001
2025-08-01 09:54:43 AM,221.73,0,0.0,50256630.21000001
2025-08-01 09:54:48 AM,221.73,10,2217.2999999999997,50258847.510000005
2025-08-01 09:54:49 AM,221.71,0,0.0,50258847.510000005
2025-08-01 09:54:53 AM,221.71,200,44342.0,50303189.510000005
2025-08-01 09:54:54 AM,221.7,700,155190.0,50458379.510000005
2025-08-01 09:54:58 AM,221.8,0,0.0,50458379.510000005
2025-08-01 09:54:58 AM,221.7,0,0.0,50458379.510000005
2025-08-01 09:54:59 AM,221.8,343,76077.40000000001,50534456.910000004
2025-08-01 09:55:00 AM,221.73,383,84922.59,50619379.50000001
2025-08-01 09:55:01 AM,221.71,0,0.0,50619379.50000001
2025-08-01 09:55:04 AM,221.75,0,0.0,50619379.50000001
2025-08-01 09:55:04 AM,221.71,0,0.0,50619379.50000001
2025-08-01 09:55:05 AM,221.71,1105,244989.55000000002,50864369.050000004
2025-08-01 09:55:06 AM,221.85,601,133331.85,50997700.900000006
2025-08-01 09:55:07 AM,221.71,0,0.0,50997700.900000006
2025-08-01 09:55:07 AM,221.85,0,0.0,50997700.900000006
2025-08-01 09:55:10 AM,221.7,0,0.0,50997700.900000006
2025-08-01 09:55:11 AM,221.62,0,0.0,50997700.900000006
2025-08-01 09:55:11 AM,221.62,6065,1344125.3,52341826.2
2025-08-01 09:55:13 AM,221.6,0,0.0,52341826.2
2025-08-01 09:55:16 AM,221.44,0,0.0,52341826.2
2025-08-01 09:55:17 AM,221.47,0,0.0,52341826.2
2025-08-01 09:55:17 AM,221.47,2084,461543.48,52803369.68
2025-08-01 09:55:18 AM,221.36,9,1992.2400000000002,52805361.92
2025-08-01 09:55:23 AM,221.36,488,108023.68000000001,52913385.6
2025-08-01 09:55:26 AM,221.42,0,0.0,52913385.6
2025-08-01 09:55:29 AM,221.39,1756,388760.83999999997,53302146.440000005
2025-08-01 09:55:41 AM,221.36,38,8411.68,53310558.120000005
2025-08-01 09:55:53 AM,221.36,158,34974.880000000005,53345533.00000001
2025-08-01 09:55:54 AM,221.36,452,100054.72,53445587.720000006
2025-08-01 09:55:59 AM,221.3,35,7745.5,53453333.220000006
2025-08-01 09:56:04 AM,221.26,0,0.0,53453333.220000006
2025-08-01 09:56:05 AM,221.29,1816,401862.64,53855195.86000001
2025-08-01 09:56:06 AM,221.36,0,0.0,53855195.86000001
2025-08-01 09:56:06 AM,221.36,101,22357.36,53877553.220000006
2025-08-01 09:56:11 AM,221.36,25,5534.0,53883087.220000006
2025-08-01 09:56:13 AM,221.25,0,0.0,53883087.220000006
2025-08-01 09:56:15 AM,221.17,0,0.0,53883087.220000006
2025-08-01 09:56:17 AM,221.25,33,7301.25,53890388.470000006
2025-08-01 09:56:19 AM,221.17,0,0.0,53890388.470000006
2025-08-01 09:56:23 AM,221.17,401,88689.17,53979077.64000001
2025-08-01 09:56:25 AM,221.33,0,0.0,53979077.64000001
2025-08-01 09:56:27 AM,221.18,0,0.0,53979077.64000001
2025-08-01 09:56:29 AM,221.18,473,104618.14,54083695.78000001
2025-08-01 09:56:31 AM,221.36,0,0.0,54083695.78000001
2025-08-01 09:56:34 AM,221.36,295,65301.200000000004,54148996.98000001
2025-08-01 09:56:45 AM,221.3,0,0.0,54148996.98000001
2025-08-01 09:56:47 AM,221.3,913,202046.90000000002,54351043.88000001
2025-08-01 09:56:53 AM,221.26,0,0.0,54351043.88000001
2025-08-01 09:56:53 AM,221.26,4,885.04,54351928.92000001
2025-08-01 09:57:09 AM,221.33,0,0.0,54351928.92000001
2025-08-01 09:57:11 AM,221.26,76,16815.76,54368744.68000001
2025-08-01 09:57:17 AM,221.19,0,0.0,54368744.68000001
2025-08-01 09:57:17 AM,221.19,1670,369387.3,54738131.980000004
2025-08-01 09:57:18 AM,221.34,190,42054.6,54780186.580000006
2025-08-01 09:57:28 AM,221.18,330,72989.40000000001,54853175.980000004
2025-08-01 09:57:34 AM,221.3,26,5753.8,54858929.78
2025-08-01 09:57:38 AM,221.17,0,0.0,54858929.78
2025-08-01 09:57:40 AM,221.17,810,179147.69999999998,55038077.480000004
2025-08-01 09:57:46 AM,221.17,7,1548.1899999999998,55039625.67
2025-08-01 09:57:55 AM,221.29,2,442.58,55040068.25
2025-08-01 09:57:58 AM,221.19,505,111700.95,55151769.2
2025-08-01 09:58:01 AM,221.17,0,0.0,55151769.2
2025-08-01 09:58:01 AM,221.17,100,22117.0,55173886.2
2025-08-01 09:58:13 AM,221.19,119,26321.61,55200207.81
2025-08-01 09:58:16 AM,221.19,499,110373.81,55310581.620000005
2025-08-01 09:58:22 AM,221.19,3,663.5699999999999,55311245.190000005
2025-08-01 09:58:25 AM,221.29,100,22129.0,55333374.190000005
2025-08-01 09:58:28 AM,221.19,253,55961.07,55389335.260000005
2025-08-01 09:58:31 AM,221.33,35,7746.55,55397081.81
2025-08-01 09:58:37 AM,221.19,551,121875.69,55518957.5
2025-08-01 09:58:41 AM,221.33,19,4205.27,55523162.77
2025-08-01 09:58:47 AM,221.33,500,110665.0,55633827.77
2025-08-01 09:58:50 AM,221.25,0,0.0,55633827.77
2025-08-01 09:58:50 AM,221.25,1279,282978.75,55916806.52
2025-08-01 09:58:56 AM,221.25,50,11062.5,55927869.02
2025-08-01 09:59:03 AM,221.35,0,0.0,55927869.02
2025-08-01 09:59:05 AM,221.23,2467,545774.41,56473643.43
2025-08-01 09:59:14 AM,221.06,1577,348611.62,56822255.05
2025-08-01 09:59:17 AM,221.22,0,0.0,56822255.05
2025-08-01 09:59:18 AM,221.22,212,46898.64,56869153.69
2025-08-01 09:59:20 AM,221.22,40,8848.8,56878002.489999995
2025-08-01 09:59:24 AM,221.2,0,0.0,56878002.489999995
2025-08-01 09:59:24 AM,221.2,900,199080.0,57077082.489999995
2025-08-01 09:59:36 AM,221.25,590,130537.5,57207619.989999995
2025-08-01 09:59:38 AM,221.23,0,0.0,57207619.989999995
2025-08-01 09:59:39 AM,221.38,147,32542.86,57240162.849999994
2025-08-01 09:59:43 AM,221.35,4,885.4,57241048.24999999
2025-08-01 09:59:49 AM,221.35,1,221.35,57241269.599999994
2025-08-01 09:59:57 AM,221.24,0,0.0,57241269.599999994
2025-08-01 09:59:58 AM,221.24,106,23451.440000000002,57264721.03999999
2025-08-01 10:00:02 AM,221.21,0,0.0,57264721.03999999
2025-08-01 10:00:04 AM,221.21,30,6636.3,57271357.33999999
2025-08-01 10:00:07 AM,221.05,5638,1246279.9000000001,58517637.23999999
2025-08-01 10:00:10 AM,221.06,0,0.0,58517637.23999999
2025-08-01 10:00:10 AM,221.06,4,884.24,58518521.47999999
2025-08-01 10:00:17 AM,220.91,0,0.0,58518521.47999999
2025-08-01 10:00:17 AM,220.91,25,5522.75,58524044.22999999
2025-08-01 10:00:20 AM,221.07,6,1326.42,58525370.64999999
2025-08-01 10:00:23 AM,220.9,393,86813.7,58612184.349999994
2025-08-01 10:00:33 AM,220.88,0,0.0,58612184.349999994
2025-08-01 10:00:33 AM,220.88,114,25180.32,58637364.669999994
2025-08-01 10:00:36 AM,220.88,100,22088.0,58659452.669999994
2025-08-01 10:00:45 AM,220.86,3702,817623.7200000001,59477076.38999999
2025-08-01 10:00:49 AM,220.9,26,5743.400000000001,59482819.78999999
2025-08-01 10:00:51 AM,220.96,0,0.0,59482819.78999999
2025-08-01 10:00:52 AM,220.96,33,7291.68,59490111.46999999
2025-08-01 10:00:57 AM,221.0,0,0.0,59490111.46999999
2025-08-01 10:00:58 AM,221.0,4,884.0,59490995.46999999
2025-08-01 10:01:03 AM,220.87,0,0.0,59490995.46999999
2025-08-01 10:01:04 AM,220.97,82,18119.54,59509115.00999999
2025-08-01 10:01:08 AM,221.05,0,0.0,59509115.00999999
2025-08-01 10:01:08 AM,221.05,1109,245144.45,59754259.45999999
2025-08-01 10:01:10 AM,221.15,0,0.0,59754259.45999999
2025-08-01 10:01:11 AM,221.06,780,172426.8,59926686.25999999
2025-08-01 10:01:17 AM,221.26,4,885.04,59927571.29999999
2025-08-01 10:01:26 AM,221.12,50,11056.0,59938627.29999999
2025-08-01 10:01:29 AM,221.32,241,53338.119999999995,59991965.41999999
2025-08-01 10:01:44 AM,221.29,0,0.0,59991965.41999999
2025-08-01 10:01:45 AM,221.29,6,1327.74,59993293.15999999
2025-08-01 10:01:47 AM,221.3,5,1106.5,59994399.65999999
2025-08-01 10:01:51 AM,221.17,0,0.0,59994399.65999999
2025-08-01 10:01:51 AM,221.17,100,22117.0,60016516.65999999
2025-08-01 10:01:57 AM,221.4,1091,241547.4,60258064.05999999
2025-08-01 10:01:59 AM,221.5,300,66450.0,60324514.05999999
2025-08-01 10:02:03 AM,221.71,0,0.0,60324514.05999999
2025-08-01 10:02:03 AM,221.71,44,9755.24,60334269.29999999
2025-08-01 10:02:05 AM,221.69,20,4433.8,60338703.09999999
2025-08-01 10:02:10 AM,221.53,0,0.0,60338703.09999999
2025-08-01 10:02:10 AM,221.53,685,151748.05,60490451.14999998
2025-08-01 10:02:15 AM,221.55,0,0.0,60490451.14999998
2025-08-01 10:02:16 AM,221.55,125,27693.75,60518144.89999998
2025-08-01 10:02:20 AM,221.75,0,0.0,60518144.89999998
2025-08-01 10:02:23 AM,221.75,75,16631.25,60534776.14999998
2025-08-01 10:02:28 AM,221.68,0,0.0,60534776.14999998
2025-08-01 10:02:29 AM,221.68,1,221.68,60534997.82999998
2025-08-01 10:02:32 AM,221.75,0,0.0,60534997.82999998
2025-08-01 10:02:35 AM,221.75,2,443.5,60535441.32999998
2025-08-01 10:02:37 AM,221.75,14,3104.5,60538545.82999998
2025-08-01 10:02:41 AM,221.81,185,41034.85,60579580.679999985
2025-08-01 10:02:48 AM,221.75,568,125954.0,60705534.679999985
2025-08-01 10:02:50 AM,221.75,87,19292.25,60724826.929999985
2025-08-01 10:03:07 AM,221.75,200,44350.0,60769176.929999985
2025-08-01 10:03:09 AM,221.75,1,221.75,60769398.679999985
2025-08-01 10:03:13 AM,221.81,5,1109.05,60770507.72999998
2025-08-01 10:03:15 AM,221.75,505,111983.75,60882491.47999998
2025-08-01 10:03:20 AM,221.75,500,110875.0,60993366.47999998
2025-08-01 10:03:22 AM,221.94,4475,993181.5,61986547.97999998
2025-08-01 10:03:23 AM,221.9,0,0.0,61986547.97999998
2025-08-01 10:03:23 AM,221.94,0,0.0,61986547.97999998
2025-08-01 10:03:26 AM,221.89,351,77883.39,62064431.36999998
2025-08-01 10:03:33 AM,221.91,5,1109.55,62065540.91999998
2025-08-01 10:03:38 AM,221.94,0,0.0,62065540.91999998
2025-08-01 10:03:39 AM,221.91,1147,254530.77,62320071.68999998
2025-08-01 10:03:41 AM,221.91,61,13536.51,62333608.19999998
2025-08-01 10:03:51 AM,221.91,642,142466.22,62476074.41999998
2025-08-01 10:03:53 AM,221.94,1062,235700.28,62711774.69999998
2025-08-01 10:03:58 AM,221.8,0,0.0,62711774.69999998
2025-08-01 10:03:58 AM,221.8,2038,452028.4,63163803.09999998
2025-08-01 10:04:00 AM,221.8,100,22180.0,63185983.09999998
2025-08-01 10:04:04 AM,221.8,210,46578.0,63232561.09999998
2025-08-01 10:04:10 AM,221.8,3813,845723.4,64078284.49999998
2025-08-01 10:04:12 AM,221.73,1,221.73,64078506.229999974
2025-08-01 10:04:14 AM,221.7,0,0.0,64078506.229999974
2025-08-01 10:04:16 AM,221.7,106,23500.199999999997,64102006.42999998
2025-08-01 10:04:22 AM,221.69,0,0.0,64102006.42999998
2025-08-01 10:04:22 AM,221.68,0,0.0,64102006.42999998
2025-08-01 10:04:23 AM,221.68,7,1551.76,64103558.189999975
2025-08-01 10:04:25 AM,221.68,3,665.04,64104223.229999974
2025-08-01 10:04:26 AM,221.5,0,0.0,64104223.229999974
2025-08-01 10:04:29 AM,221.25,22088,4886970.0,68991193.22999997
2025-08-01 10:04:35 AM,221.61,4835,1071484.35,70062677.57999997
2025-08-01 10:04:37 AM,221.56,100,22156.0,70084833.57999997
2025-08-01 10:04:40 AM,221.6,0,0.0,70084833.57999997
2025-08-01 10:04:41 AM,221.6,50,11080.0,70095913.57999997
2025-08-01 10:04:48 AM,221.62,0,0.0,70095913.57999997
2025-08-01 10:04:48 AM,221.62,3,664.86,70096578.43999997
2025-08-01 10:04:56 AM,221.6,21,4653.599999999999,70101232.03999996
2025-08-01 10:04:57 AM,221.59,0,0.0,70101232.03999996
2025-08-01 10:05:00 AM,221.63,0,0.0,70101232.03999996
2025-08-01 10:05:00 AM,221.63,39,8643.57,70109875.60999995
2025-08-01 10:05:15 AM,221.51,151,33448.01,70143323.61999996
2025-08-01 10:05:19 AM,221.51,32,7088.32,70150411.93999995
2025-08-01 10:05:33 AM,221.51,2,443.02,70150854.95999995
2025-08-01 10:05:34 AM,221.54,0,0.0,70150854.95999995
2025-08-01 10:05:37 AM,221.54,323,71557.42,70222412.37999995
2025-08-01 10:05:43 AM,221.62,0,0.0,70222412.37999995
2025-08-01 10:05:43 AM,221.62,20,4432.4,70226844.77999996
2025-08-01 10:05:49 AM,221.51,0,0.0,70226844.77999996
2025-08-01 10:05:49 AM,221.51,100,22151.0,70248995.77999996
2025-08-01 10:05:55 AM,221.51,1,221.51,70249217.28999996
2025-08-01 10:05:57 AM,221.6,2,443.2,70249660.48999996
2025-08-01 10:06:01 AM,221.6,32,7091.2,70256751.68999997
2025-08-01 10:06:07 AM,221.6,16,3545.6,70260297.28999996
2025-08-01 10:06:09 AM,221.6,491,108805.59999999999,70369102.88999996
2025-08-01 10:06:15 AM,221.6,2492,552227.2,70921330.08999996
2025-08-01 10:06:21 AM,221.51,0,0.0,70921330.08999996
2025-08-01 10:06:21 AM,221.51,110,24366.1,70945696.18999995
2025-08-01 10:06:30 AM,221.36,0,0.0,70945696.18999995
2025-08-01 10:06:30 AM,221.36,61,13502.960000000001,70959199.14999995
2025-08-01 10:06:37 AM,221.36,274,60652.64000000001,71019851.78999995
2025-08-01 10:06:39 AM,221.35,1501,332246.35,71352098.13999994
2025-08-01 10:06:43 AM,221.35,100,22135.0,71374233.13999994
2025-08-01 10:06:49 AM,221.35,22,4869.7,71379102.83999994
2025-08-01 10:06:51 AM,221.35,9,1992.1499999999999,71381094.98999995
2025-08-01 10:06:52 AM,221.46,0,0.0,71381094.98999995
2025-08-01 10:06:55 AM,221.35,276,61092.6,71442187.58999994
2025-08-01 10:06:57 AM,221.47,0,0.0,71442187.58999994
2025-08-01 10:06:57 AM,221.47,2,442.94,71442630.52999994
2025-08-01 10:07:03 AM,221.46,100,22146.0,71464776.52999994
2025-08-01 10:07:07 AM,221.35,0,0.0,71464776.52999994
2025-08-01 10:07:07 AM,221.35,70,15494.5,71480271.02999994
2025-08-01 10:07:13 AM,221.45,30,6643.5,71486914.52999994
2025-08-01 10:07:15 AM,221.44,654,144821.76,71631736.28999995
2025-08-01 10:07:17 AM,221.35,0,0.0,71631736.28999995
2025-08-01 10:07:20 AM,221.35,166,36744.1,71668480.38999994
2025-08-01 10:07:22 AM,221.34,0,0.0,71668480.38999994
2025-08-01 10:07:22 AM,221.34,614,135902.76,71804383.14999995
2025-08-01 10:07:26 AM,221.35,100,22135.0,71826518.14999995
2025-08-01 10:07:31 AM,221.41,0,0.0,71826518.14999995
2025-08-01 10:07:32 AM,221.41,412,91220.92,71917739.06999995
2025-08-01 10:07:38 AM,221.41,496,109819.36,72027558.42999995
2025-08-01 10:07:40 AM,221.36,1030,228000.80000000002,72255559.22999994
2025-08-01 10:07:44 AM,221.36,202,44714.72,72300273.94999994
2025-08-01 10:07:46 AM,221.36,14,3099.04,72303372.98999995
2025-08-01 10:07:51 AM,221.36,199,44050.64,72347423.62999995
2025-08-01 10:07:52 AM,221.36,17,3763.1200000000003,72351186.74999996
2025-08-01 10:07:59 AM,221.36,1,221.36,72351408.10999995
2025-08-01 10:08:03 AM,221.26,0,0.0,72351408.10999995
2025-08-01 10:08:03 AM,221.26,4059,898094.34,73249502.44999996
2025-08-01 10:08:08 AM,221.2,0,0.0,73249502.44999996
2025-08-01 10:08:09 AM,221.2,283,62599.6,73312102.04999995
2025-08-01 10:08:21 AM,221.24,0,0.0,73312102.04999995
2025-08-01 10:08:22 AM,221.24,405,89602.2,73401704.24999996
2025-08-01 10:08:24 AM,221.2,100,22120.0,73423824.24999996
2025-08-01 10:08:27 AM,221.24,0,0.0,73423824.24999996
2025-08-01 10:08:28 AM,221.24,10,2212.4,73426036.64999996
2025-08-01 10:08:30 AM,221.21,10,2212.1,73428248.74999996
2025-08-01 10:08:34 AM,221.38,0,0.0,73428248.74999996
2025-08-01 10:08:34 AM,221.38,4,885.52,73429134.26999995
2025-08-01 10:08:37 AM,221.25,0,0.0,73429134.26999995
2025-08-01 10:08:39 AM,221.47,0,0.0,73429134.26999995
2025-08-01 10:08:40 AM,221.35,0,0.0,73429134.26999995
2025-08-01 10:08:40 AM,221.35,1229,272039.14999999997,73701173.41999996
2025-08-01 10:08:41 AM,221.46,408,90355.68000000001,73791529.09999996
2025-08-01 10:08:46 AM,221.59,12,2659.08,73794188.17999996
2025-08-01 10:08:51 AM,221.49,0,0.0,73794188.17999996
2025-08-01 10:08:52 AM,221.69,0,0.0,73794188.17999996
2025-08-01 10:08:52 AM,221.69,1587,351822.02999999997,74146010.20999996
2025-08-01 10:08:59 AM,221.72,210,46561.2,74192571.40999997
2025-08-01 10:09:01 AM,221.7,0,0.0,74192571.40999997
2025-08-01 10:09:03 AM,221.7,30,6651.0,74199222.40999997
2025-08-01 10:09:05 AM,221.6,20,4432.0,74203654.40999997
2025-08-01 10:09:09 AM,221.94,0,0.0,74203654.40999997
2025-08-01 10:09:09 AM,221.94,3440,763473.6,74967128.00999996
2025-08-01 10:09:12 AM,221.71,0,0.0,74967128.00999996
2025-08-01 10:09:15 AM,221.96,0,0.0,74967128.00999996
2025-08-01 10:09:15 AM,221.96,2339,519164.44,75486292.44999996
2025-08-01 10:09:17 AM,221.94,15,3329.1,75489621.54999995
2025-08-01 10:09:21 AM,221.96,0,0.0,75489621.54999995
2025-08-01 10:09:21 AM,221.96,85,18866.600000000002,75508488.14999995
2025-08-01 10:09:22 AM,221.94,0,0.0,75508488.14999995
2025-08-01 10:09:23 AM,221.94,1,221.94,75508710.08999994
2025-08-01 10:09:27 AM,221.8,0,0.0,75508710.08999994
2025-08-01 10:09:27 AM,221.95,256,56819.2,75565529.28999995
2025-08-01 10:09:29 AM,221.8,100,22180.0,75587709.28999995
2025-08-01 10:09:31 AM,221.94,0,0.0,75587709.28999995
2025-08-01 10:09:33 AM,222.1,0,0.0,75587709.28999995
2025-08-01 10:09:33 AM,222.1,22668,5034562.8,80622272.08999994
2025-08-01 10:09:35 AM,222.0,2000,444000.0,81066272.08999994
2025-08-01 10:09:37 AM,222.2,0,0.0,81066272.08999994
2025-08-01 10:09:39 AM,222.2,93,20664.6,81086936.68999994
2025-08-01 10:09:40 AM,222.21,1,222.21,81087158.89999993
2025-08-01 10:09:43 AM,222.13,0,0.0,81087158.89999993
2025-08-01 10:09:45 AM,222.22,250,55555.0,81142713.89999993
2025-08-01 10:09:49 AM,222.01,0,0.0,81142713.89999993
2025-08-01 10:09:50 AM,222.19,2035,452156.65,81594870.54999994
2025-08-01 10:09:51 AM,222.2,0,0.0,81594870.54999994
2025-08-01 10:09:52 AM,222.2,5000,1111000.0,82705870.54999994
2025-08-01 10:10:00 AM,222.16,0,0.0,82705870.54999994
2025-08-01 10:10:01 AM,222.16,100,22216.0,82728086.54999994
2025-08-01 10:10:03 AM,222.19,0,0.0,82728086.54999994
2025-08-01 10:10:03 AM,222.01,1185,263081.85,82991168.39999993
2025-08-01 10:10:06 AM,222.15,0,0.0,82991168.39999993
2025-08-01 10:10:07 AM,222.15,869,193048.35,83184216.74999993
2025-08-01 10:10:13 AM,222.15,2404,534048.6,83718265.34999992
2025-08-01 10:10:15 AM,222.2,0,0.0,83718265.34999992
2025-08-01 10:10:15 AM,222.21,278,61774.380000000005,83780039.72999991
2025-08-01 10:10:19 AM,222.21,1047,232653.87,84012693.59999992
2025-08-01 10:10:20 AM,222.16,0,0.0,84012693.59999992
2025-08-01 10:10:21 AM,222.16,3442,764674.72,84777368.31999992
2025-08-01 10:10:25 AM,222.2,1297,288193.39999999997,85065561.71999992
2025-08-01 10:10:31 AM,222.2,1760,391072.0,85456633.71999992
2025-08-01 10:10:36 AM,222.16,0,0.0,85456633.71999992
2025-08-01 10:10:37 AM,222.2,1783,396182.6,85852816.31999992
2025-08-01 10:10:43 AM,222.2,2028,450621.6,86303437.91999991
2025-08-01 10:10:49 AM,222.3,643,142938.9,86446376.81999992
2025-08-01 10:10:51 AM,222.29,0,0.0,86446376.81999992
2025-08-01 10:10:51 AM,222.29,100,22229.0,86468605.81999992
2025-08-01 10:10:57 AM,222.23,0,0.0,86468605.81999992
2025-08-01 10:11:01 AM,222.2,500,111100.0,86579705.81999992
2025-08-01 10:11:02 AM,222.2,1,222.2,86579928.01999992
2025-08-01 10:11:06 AM,222.18,0,0.0,86579928.01999992
2025-08-01 10:11:06 AM,222.18,5725,1271980.5,87851908.51999992
2025-08-01 10:11:09 AM,222.1,0,0.0,87851908.51999992
2025-08-01 10:11:12 AM,222.17,0,0.0,87851908.51999992
2025-08-01 10:11:13 AM,222.17,310,68872.7,87920781.21999992
2025-08-01 10:11:14 AM,222.1,50,11105.0,87931886.21999992
2025-08-01 10:11:18 AM,222.18,0,0.0,87931886.21999992
2025-08-01 10:11:19 AM,222.18,1,222.18,87932108.39999993
2025-08-01 10:11:20 AM,222.21,2542,564857.8200000001,88496966.21999992
2025-08-01 10:11:26 AM,222.1,15,3331.5,88500297.71999992
2025-08-01 10:11:30 AM,222.1,336,74625.59999999999,88574923.31999992
2025-08-01 10:11:36 AM,222.1,1704,378458.39999999997,88953381.71999992
2025-08-01 10:11:37 AM,222.1,200,44420.0,88997801.71999992
2025-08-01 10:11:41 AM,221.95,3301,732656.95,89730458.66999993
2025-08-01 10:11:53 AM,221.81,5,1109.05,89731567.71999992
2025-08-01 10:11:54 AM,221.81,2,443.62,89732011.33999993
2025-08-01 10:11:59 AM,221.81,43,9537.83,89741549.16999993
2025-08-01 10:12:03 AM,221.93,0,0.0,89741549.16999993
2025-08-01 10:12:05 AM,221.93,900,199737.0,89941286.16999993
2025-08-01 10:12:11 AM,221.9,110,24409.0,89965695.16999993
2025-08-01 10:12:21 AM,221.92,0,0.0,89965695.16999993
2025-08-01 10:12:23 AM,221.92,1,221.92,89965917.08999993
2025-08-01 10:12:23 AM,221.92,1180,261865.59999999998,90227782.68999992
2025-08-01 10:12:28 AM,221.92,94,20860.48,90248643.16999993
2025-08-01 10:12:29 AM,221.92,34,7545.28,90256188.44999993
2025-08-01 10:12:30 AM,221.82,0,0.0,90256188.44999993
2025-08-01 10:12:34 AM,221.82,28,6210.96,90262399.40999992
2025-08-01 10:12:39 AM,221.92,0,0.0,90262399.40999992
2025-08-01 10:12:40 AM,221.92,10,2219.2,90264618.60999992
2025-08-01 10:12:51 AM,221.92,92,20416.64,90285035.24999993
2025-08-01 10:12:57 AM,222.0,0,0.0,90285035.24999993
2025-08-01 10:12:57 AM,222.0,2,444.0,90285479.24999993
2025-08-01 10:13:03 AM,221.95,0,0.0,90285479.24999993
2025-08-01 10:13:03 AM,221.95,917,203528.15,90489007.39999993
2025-08-01 10:13:06 AM,222.0,0,0.0,90489007.39999993
2025-08-01 10:13:06 AM,221.92,0,0.0,90489007.39999993
2025-08-01 10:13:09 AM,222.0,0,0.0,90489007.39999993
2025-08-01 10:13:09 AM,222.0,516,114552.0,90603559.39999993
2025-08-01 10:13:09 AM,222.04,121,26866.84,90630426.23999994
2025-08-01 10:13:15 AM,222.2,1500,333300.0,90963726.23999994
2025-08-01 10:13:15 AM,222.2,900,199980.0,91163706.23999994
2025-08-01 10:13:18 AM,222.0,0,0.0,91163706.23999994
2025-08-01 10:13:21 AM,222.17,409,90867.53,91254573.76999994
2025-08-01 10:13:24 AM,222.13,0,0.0,91254573.76999994
2025-08-01 10:13:26 AM,222.13,228,50645.64,91305219.40999994
2025-08-01 10:13:32 AM,222.39,3000,667170.0,91972389.40999994
2025-08-01 10:13:33 AM,222.2,0,0.0,91972389.40999994
2025-08-01 10:13:33 AM,222.2,17,3777.3999999999996,91976166.80999994
2025-08-01 10:13:36 AM,222.23,0,0.0,91976166.80999994
2025-08-01 10:13:38 AM,222.23,5100,1133373.0,93109539.80999994
2025-08-01 10:13:42 AM,222.37,0,0.0,93109539.80999994
2025-08-01 10:13:44 AM,222.35,48,10672.8,93120212.60999994
2025-08-01 10:13:51 AM,222.38,60,13342.8,93133555.40999994
2025-08-01 10:13:56 AM,222.5,33,7342.5,93140897.90999994
2025-08-01 10:13:57 AM,222.38,234,52036.92,93192934.82999994
2025-08-01 10:14:00 AM,222.41,0,0.0,93192934.82999994
2025-08-01 10:14:02 AM,222.43,561,124783.23000000001,93317718.05999994
2025-08-01 10:14:08 AM,222.45,432,96098.4,93413816.45999995
2025-08-01 10:14:09 AM,222.5,0,0.0,93413816.45999995
2025-08-01 10:14:14 AM,222.43,3613,803639.59,94217456.04999995
2025-08-01 10:14:18 AM,222.5,0,0.0,94217456.04999995
2025-08-01 10:14:19 AM,222.5,660,146850.0,94364306.04999995
2025-08-01 10:14:20 AM,222.35,2832,629695.2,94994001.24999996
2025-08-01 10:14:21 AM,222.4,0,0.0,94994001.24999996
2025-08-01 10:14:24 AM,222.33,0,0.0,94994001.24999996
2025-08-01 10:14:25 AM,222.4,691,153678.4,95147679.64999996
2025-08-01 10:14:30 AM,222.17,0,0.0,95147679.64999996
2025-08-01 10:14:31 AM,222.17,3595,798701.1499999999,95946380.79999997
2025-08-01 10:14:33 AM,222.2,0,0.0,95946380.79999997
2025-08-01 10:14:36 AM,222.17,0,0.0,95946380.79999997
2025-08-01 10:14:37 AM,222.17,289,64207.13,96010587.92999996
2025-08-01 10:14:42 AM,222.16,0,0.0,96010587.92999996
2025-08-01 10:14:43 AM,222.16,14,3110.24,96013698.16999996
2025-08-01 10:14:44 AM,222.4,6148,1367315.2,97381013.36999996
2025-08-01 10:14:48 AM,222.4,3,667.2,97381680.56999996
2025-08-01 10:14:54 AM,222.28,200,44456.0,97426136.56999996
2025-08-01 10:14:55 AM,222.28,519,115363.32,97541499.88999996
2025-08-01 10:14:57 AM,222.39,0,0.0,97541499.88999996
2025-08-01 10:15:00 AM,222.4,40,8896.0,97550395.88999996
2025-08-01 10:15:05 AM,222.4,546,121430.40000000001,97671826.28999996
2025-08-01 10:15:11 AM,222.4,1000,222400.0,97894226.28999996
2025-08-01 10:15:17 AM,222.31,0,0.0,97894226.28999996
2025-08-01 10:15:17 AM,222.4,463,102971.2,97997197.48999996
2025-08-01 10:15:21 AM,222.35,0,0.0,97997197.48999996
2025-08-01 10:15:23 AM,222.35,110,24458.5,98021655.98999996
2025-08-01 10:15:36 AM,222.35,500,111175.0,98132830.98999996
2025-08-01 10:15:39 AM,222.28,0,0.0,98132830.98999996
2025-08-01 10:15:41 AM,222.35,0,0.0,98132830.98999996
2025-08-01 10:15:42 AM,222.35,1465,325742.75,98458573.73999996
2025-08-01 10:15:48 AM,222.35,12,2668.2,98461241.93999997
2025-08-01 10:15:54 AM,222.28,1178,261845.84,98723087.77999997
2025-08-01 10:15:59 AM,222.28,4,889.12,98723976.89999998
2025-08-01 10:16:03 AM,222.35,0,0.0,98723976.89999998
2025-08-01 10:16:05 AM,222.35,504,112064.4,98836041.29999998
2025-08-01 10:16:14 AM,222.4,0,0.0,98836041.29999998
2025-08-01 10:16:17 AM,222.4,1359,302241.60000000003,99138282.89999998
2025-08-01 10:16:27 AM,222.5,0,0.0,99138282.89999998
2025-08-01 10:16:28 AM,222.5,998,222055.0,99360337.89999998
2025-08-01 10:16:29 AM,222.51,0,0.0,99360337.89999998
2025-08-01 10:16:29 AM,222.51,50,11125.5,99371463.39999998
2025-08-01 10:16:33 AM,222.6,0,0.0,99371463.39999998
2025-08-01 10:16:34 AM,222.5,1313,292142.5,99663605.89999998
2025-08-01 10:16:40 AM,222.5,510,113475.0,99777080.89999998
2025-08-01 10:16:46 AM,222.5,83,18467.5,99795548.39999998
2025-08-01 10:16:50 AM,222.51,0,0.0,99795548.39999998
2025-08-01 10:16:51 AM,222.5,0,0.0,99795548.39999998
2025-08-01 10:16:51 AM,222.5,176,39160.0,99834708.39999998
2025-08-01 10:16:53 AM,222.56,0,0.0,99834708.39999998
2025-08-01 10:16:57 AM,222.56,46,10237.76,99844946.15999998
2025-08-01 10:16:59 AM,222.59,0,0.0,99844946.15999998
2025-08-01 10:17:00 AM,222.65,0,0.0,99844946.15999998
2025-08-01 10:17:02 AM,222.7,0,0.0,99844946.15999998
2025-08-01 10:17:02 AM,222.7,505,112463.5,99957409.65999998
2025-08-01 10:17:06 AM,222.56,0,0.0,99957409.65999998
2025-08-01 10:17:08 AM,222.6,0,0.0,99957409.65999998
2025-08-01 10:17:08 AM,222.6,332,73903.2,100031312.85999998
2025-08-01 10:17:08 AM,222.6,270,60102.0,100091414.85999998
2025-08-01 10:17:13 AM,222.69,11587,2580309.03,102671723.88999999
2025-08-01 10:17:15 AM,222.68,0,0.0,102671723.88999999
2025-08-01 10:17:17 AM,222.53,0,0.0,102671723.88999999
2025-08-01 10:17:18 AM,222.69,0,0.0,102671723.88999999
2025-08-01 10:17:19 AM,222.69,530,118025.7,102789749.58999999
2025-08-01 10:17:31 AM,222.72,9032,2011607.04,104801356.63
2025-08-01 10:17:35 AM,222.75,0,0.0,104801356.63
2025-08-01 10:17:37 AM,222.75,661,147237.75,104948594.38
2025-08-01 10:17:38 AM,222.74,0,0.0,104948594.38
2025-08-01 10:17:39 AM,222.72,0,0.0,104948594.38
2025-08-01 10:17:41 AM,222.74,0,0.0,104948594.38
2025-08-01 10:17:43 AM,222.74,52,11582.48,104960176.86
2025-08-01 10:17:47 AM,222.76,0,0.0,104960176.86
2025-08-01 10:17:48 AM,222.76,1417,315650.92,105275827.78
2025-08-01 10:17:51 AM,222.95,0,0.0,105275827.78
2025-08-01 10:17:53 AM,222.77,0,0.0,105275827.78
2025-08-01 10:17:54 AM,222.77,3371,750957.67,106026785.45
2025-08-01 10:17:56 AM,222.92,0,0.0,106026785.45
2025-08-01 10:17:57 AM,222.74,0,0.0,106026785.45
2025-08-01 10:17:59 AM,222.91,0,0.0,106026785.45
2025-08-01 10:18:00 AM,222.75,0,0.0,106026785.45
2025-08-01 10:18:00 AM,222.75,901,200697.75,106227483.2
2025-08-01 10:18:02 AM,222.88,0,0.0,106227483.2
2025-08-01 10:18:03 AM,222.93,0,0.0,106227483.2
2025-08-01 10:18:06 AM,222.73,0,0.0,106227483.2
2025-08-01 10:18:06 AM,222.73,3338,743472.74,106970955.94
2025-08-01 10:18:08 AM,222.7,0,0.0,106970955.94
2025-08-01 10:18:12 AM,222.7,501,111572.7,107082528.64
2025-08-01 10:18:14 AM,222.66,0,0.0,107082528.64
2025-08-01 10:18:15 AM,222.62,0,0.0,107082528.64
2025-08-01 10:18:17 AM,222.55,0,0.0,107082528.64
2025-08-01 10:18:18 AM,222.72,272,60579.84,107143108.48
2025-08-01 10:18:20 AM,222.5,0,0.0,107143108.48
2025-08-01 10:18:23 AM,222.36,2693,598815.48,107741923.96000001
2025-08-01 10:18:35 AM,222.36,5,1111.8000000000002,107743035.76
2025-08-01 10:18:38 AM,222.5,0,0.0,107743035.76
2025-08-01 10:18:39 AM,222.37,0,0.0,107743035.76
2025-08-01 10:18:41 AM,222.37,50,11118.5,107754154.26
2025-08-01 10:18:41 AM,222.37,1,222.37,107754376.63000001
2025-08-01 10:18:43 AM,222.5,0,0.0,107754376.63000001
2025-08-01 10:18:46 AM,222.5,4,890.0,107755266.63000001
2025-08-01 10:18:48 AM,222.49,0,0.0,107755266.63000001
2025-08-01 10:18:52 AM,222.49,7,1557.43,107756824.06000002
2025-08-01 10:18:55 AM,222.46,0,0.0,107756824.06000002
2025-08-01 10:18:58 AM,222.36,501,111402.36,107868226.42000002
2025-08-01 10:19:03 AM,222.4,0,0.0,107868226.42000002
2025-08-01 10:19:03 AM,222.45,586,130355.7,107998582.12000002
2025-08-01 10:19:07 AM,222.66,0,0.0,107998582.12000002
2025-08-01 10:19:09 AM,222.66,1580,351802.8,108350384.92000002
2025-08-01 10:19:13 AM,222.64,0,0.0,108350384.92000002
2025-08-01 10:19:15 AM,222.64,713,158742.31999999998,108509127.24000001
2025-08-01 10:19:19 AM,222.66,0,0.0,108509127.24000001
2025-08-01 10:19:21 AM,222.66,100,22266.0,108531393.24000001
2025-08-01 10:19:21 AM,222.66,1,222.66,108531615.9
2025-08-01 10:19:22 AM,222.79,0,0.0,108531615.9
2025-08-01 10:19:25 AM,222.65,0,0.0,108531615.9
2025-08-01 10:19:27 AM,222.78,185,41214.3,108572830.2
2025-08-01 10:19:32 AM,222.65,5323,1185165.95,109757996.15
2025-08-01 10:19:37 AM,222.75,0,0.0,109757996.15
2025-08-01 10:19:38 AM,222.75,1075,239456.25,109997452.4
2025-08-01 10:19:39 AM,222.65,100,22265.0,110019717.4
2025-08-01 10:19:44 AM,222.65,510,113551.5,110133268.9
2025-08-01 10:19:50 AM,222.65,250,55662.5,110188931.4
2025-08-01 10:19:58 AM,222.72,0,0.0,110188931.4
2025-08-01 10:20:00 AM,222.65,19,4230.35,110193161.75
2025-08-01 10:20:04 AM,222.94,0,0.0,110193161.75
2025-08-01 10:20:06 AM,222.87,4784,1066210.08,111259371.83
2025-08-01 10:20:10 AM,222.94,0,0.0,111259371.83
2025-08-01 10:20:11 AM,222.87,466,103857.42,111363229.25
2025-08-01 10:20:16 AM,223.01,0,0.0,111363229.25
2025-08-01 10:20:17 AM,223.0,10108,2254084.0,113617313.25
2025-08-01 10:20:19 AM,223.0,44,9812.0,113627125.25
2025-08-01 10:20:22 AM,223.01,0,0.0,113627125.25
2025-08-01 10:20:23 AM,223.09,143,31901.87,113659027.12
2025-08-01 10:20:25 AM,223.01,0,0.0,113659027.12
2025-08-01 10:20:25 AM,223.01,5,1115.05,113660142.17
2025-08-01 10:20:28 AM,223.0,0,0.0,113660142.17
2025-08-01 10:20:29 AM,223.0,867,193341.0,113853483.17
2025-08-01 10:20:30 AM,223.0,500,111500.0,113964983.17
2025-08-01 10:20:33 AM,222.99,0,0.0,113964983.17
2025-08-01 10:20:35 AM,222.99,411,91648.89,114056632.06
2025-08-01 10:20:41 AM,223.01,3704,826029.0399999999,114882661.10000001
2025-08-01 10:20:43 AM,223.02,10,2230.2000000000003,114884891.30000001
2025-08-01 10:20:45 AM,223.0,0,0.0,114884891.30000001
2025-08-01 10:20:47 AM,223.09,4001,892583.09,115777474.39000002
2025-08-01 10:20:51 AM,223.0,0,0.0,115777474.39000002
2025-08-01 10:20:53 AM,223.15,0,0.0,115777474.39000002
2025-08-01 10:20:53 AM,223.15,2500,557875.0,116335349.39000002
2025-08-01 10:20:55 AM,223.06,0,0.0,116335349.39000002
2025-08-01 10:20:55 AM,223.06,259,57772.54,116393121.93000002
2025-08-01 10:20:59 AM,223.06,2005,447235.3,116840357.23000002
2025-08-01 10:21:01 AM,223.06,50,11153.0,116851510.23000002
2025-08-01 10:21:06 AM,223.0,2,446.0,116851956.23000002
2025-08-01 10:21:07 AM,223.06,0,0.0,116851956.23000002
2025-08-01 10:21:09 AM,223.0,0,0.0,116851956.23000002
2025-08-01 10:21:10 AM,223.0,16,3568.0,116855524.23000002
2025-08-01 10:21:11 AM,223.06,0,0.0,116855524.23000002
2025-08-01 10:21:12 AM,223.06,1000,223060.0,117078584.23000002
2025-08-01 10:21:15 AM,223.06,177,39481.62,117118065.85000002
2025-08-01 10:21:21 AM,223.0,0,0.0,117118065.85000002
2025-08-01 10:21:21 AM,223.0,73,16279.0,117134344.85000002
2025-08-01 10:21:23 AM,223.0,1500,334500.0,117468844.85000002
2025-08-01 10:21:26 AM,223.0,150,33450.0,117502294.85000002
2025-08-01 10:21:28 AM,223.0,1,223.0,117502517.85000002
2025-08-01 10:21:30 AM,223.05,0,0.0,117502517.85000002
2025-08-01 10:21:32 AM,223.05,2,446.1,117502963.95000002
2025-08-01 10:21:34 AM,223.05,4,892.2,117503856.15000002
2025-08-01 10:21:37 AM,223.0,10,2230.0,117506086.15000002
2025-08-01 10:21:39 AM,222.99,0,0.0,117506086.15000002
2025-08-01 10:21:39 AM,222.99,4769,1063439.31,118569525.46000002
2025-08-01 10:21:42 AM,222.92,0,0.0,118569525.46000002
2025-08-01 10:21:42 AM,222.92,2,445.84,118569971.30000003
2025-08-01 10:21:44 AM,222.86,1,222.86,118570194.16000003
2025-08-01 10:21:49 AM,222.86,102,22731.72,118592925.88000003
2025-08-01 10:21:51 AM,222.9,0,0.0,118592925.88000003
2025-08-01 10:21:51 AM,222.9,108,24073.2,118616999.08000003
2025-08-01 10:21:51 AM,222.89,0,0.0,118616999.08000003
2025-08-01 10:21:54 AM,222.75,0,0.0,118616999.08000003
2025-08-01 10:21:55 AM,222.75,1470,327442.5,118944441.58000003
2025-08-01 10:22:00 AM,222.99,0,0.0,118944441.58000003
2025-08-01 10:22:00 AM,222.99,962,214516.38,119158957.96000002
2025-08-01 10:22:02 AM,222.86,72,16045.920000000002,119175003.88000003
2025-08-01 10:22:03 AM,223.0,0,0.0,119175003.88000003
2025-08-01 10:22:06 AM,223.0,1054,235042.0,119410045.88000003
2025-08-01 10:22:07 AM,222.95,6,1337.6999999999998,119411383.58000003
2025-08-01 10:22:11 AM,223.05,51,11375.550000000001,119422759.13000003
2025-08-01 10:22:13 AM,222.99,305,68011.95,119490771.08000003
2025-08-01 10:22:15 AM,223.05,0,0.0,119490771.08000003
2025-08-01 10:22:17 AM,223.05,31,6914.55,119497685.63000003
2025-08-01 10:22:19 AM,223.04,1364,304226.56,119801912.19000003
2025-08-01 10:22:23 AM,223.0,2,446.0,119802358.19000003
2025-08-01 10:22:29 AM,223.0,201,44823.0,119847181.19000003
2025-08-01 10:22:31 AM,223.0,51,11373.0,119858554.19000003
2025-08-01 10:22:35 AM,223.0,5,1115.0,119859669.19000003
2025-08-01 10:22:37 AM,222.95,201,44812.95,119904482.14000003
2025-08-01 10:22:39 AM,223.0,0,0.0,119904482.14000003
2025-08-01 10:22:40 AM,222.95,1421,316811.95,120221294.09000003
2025-08-01 10:22:46 AM,223.0,375,83625.0,120304919.09000003
2025-08-01 10:22:48 AM,222.95,0,0.0,120304919.09000003
2025-08-01 10:22:48 AM,222.95,51,11370.449999999999,120316289.54000004
2025-08-01 10:22:51 AM,222.88,0,0.0,120316289.54000004
2025-08-01 10:22:51 AM,222.88,255,56834.4,120373123.94000004
2025-08-01 10:22:53 AM,222.88,1,222.88,120373346.82000004
2025-08-01 10:22:56 AM,222.94,51,11369.94,120384716.76000004
2025-08-01 10:23:03 AM,222.87,0,0.0,120384716.76000004
2025-08-01 10:23:04 AM,222.87,1520,338762.4,120723479.16000004
2025-08-01 10:23:06 AM,222.95,0,0.0,120723479.16000004
2025-08-01 10:23:07 AM,222.87,65,14486.550000000001,120737965.71000004
2025-08-01 10:23:09 AM,222.95,0,0.0,120737965.71000004
2025-08-01 10:23:10 AM,222.87,92,20504.04,120758469.75000004
2025-08-01 10:23:11 AM,222.98,0,0.0,120758469.75000004
2025-08-01 10:23:13 AM,222.98,700,156086.0,120914555.75000004
2025-08-01 10:23:18 AM,222.95,0,0.0,120914555.75000004
2025-08-01 10:23:19 AM,222.95,21,4681.95,120919237.70000005
2025-08-01 10:23:21 AM,222.98,0,0.0,120919237.70000005
2025-08-01 10:23:22 AM,222.98,100,22298.0,120941535.70000005
2025-08-01 10:23:24 AM,222.87,0,0.0,120941535.70000005
2025-08-01 10:23:25 AM,222.95,400,89180.0,121030715.70000005
2025-08-01 10:23:27 AM,222.87,0,0.0,121030715.70000005
2025-08-01 10:23:28 AM,222.83,2132,475073.56,121505789.26000005
2025-08-01 10:23:30 AM,222.83,15,3342.4500000000003,121509131.71000005
2025-08-01 10:23:34 AM,222.83,1,222.83,121509354.54000005
2025-08-01 10:23:36 AM,222.75,0,0.0,121509354.54000005
2025-08-01 10:23:36 AM,222.75,53,11805.75,121521160.29000005
2025-08-01 10:23:41 AM,222.83,0,0.0,121521160.29000005
2025-08-01 10:23:41 AM,222.83,66,14706.78,121535867.07000005
2025-08-01 10:23:47 AM,222.83,15,3342.4500000000003,121539209.52000006
2025-08-01 10:23:50 AM,222.36,0,0.0,121539209.52000006
2025-08-01 10:23:50 AM,222.45,2965,659564.25,122198773.77000006
2025-08-01 10:23:54 AM,222.43,0,0.0,122198773.77000006
2025-08-01 10:23:56 AM,222.28,0,0.0,122198773.77000006
2025-08-01 10:23:56 AM,222.28,151,33564.28,122232338.05000006
2025-08-01 10:23:58 AM,222.28,228,50679.840000000004,122283017.89000006
2025-08-01 10:23:59 AM,222.21,0,0.0,122283017.89000006
2025-08-01 10:24:00 AM,222.01,0,0.0,122283017.89000006
2025-08-01 10:24:01 AM,222.0,3817,847374.0,123130391.89000006
2025-08-01 10:24:05 AM,221.89,0,0.0,123130391.89000006
2025-08-01 10:24:07 AM,221.71,34108,7562084.680000001,130692476.57000007
2025-08-01 10:24:10 AM,221.67,0,0.0,130692476.57000007
2025-08-01 10:24:11 AM,221.81,0,0.0,130692476.57000007
2025-08-01 10:24:13 AM,221.83,1206,267526.98000000004,130960003.55000007
2025-08-01 10:24:18 AM,221.8,2,443.6,130960447.15000007
2025-08-01 10:24:20 AM,221.68,0,0.0,130960447.15000007
2025-08-01 10:24:20 AM,221.68,38,8423.84,130968870.99000007
2025-08-01 10:24:23 AM,221.61,0,0.0,130968870.99000007
2025-08-01 10:24:24 AM,221.42,3457,765448.94,131734319.93000007
2025-08-01 10:24:25 AM,221.29,283,62625.07,131796945.00000006
2025-08-01 10:24:29 AM,221.22,0,0.0,131796945.00000006
2025-08-01 10:24:29 AM,221.22,610,134944.2,131931889.20000006
2025-08-01 10:24:31 AM,221.42,1000,221420.0,132153309.20000006
2025-08-01 10:24:35 AM,221.33,2,442.66,132153751.86000006
2025-08-01 10:24:42 AM,221.57,0,0.0,132153751.86000006
2025-08-01 10:24:42 AM,221.57,1750,387747.5,132541499.36000006
2025-08-01 10:24:45 AM,221.3,0,0.0,132541499.36000006
2025-08-01 10:24:45 AM,221.3,266,58865.8,132600365.16000006
2025-08-01 10:24:47 AM,221.42,0,0.0,132600365.16000006
2025-08-01 10:24:47 AM,221.42,6,1328.52,132601693.68000005
2025-08-01 10:24:51 AM,221.42,1,221.42,132601915.10000005
2025-08-01 10:24:53 AM,221.42,1,221.42,132602136.52000006
2025-08-01 10:24:56 AM,221.3,6,1327.8000000000002,132603464.32000005
2025-08-01 10:24:59 AM,221.19,3957,875248.83,133478713.15000005
2025-08-01 10:25:00 AM,221.15,0,0.0,133478713.15000005
2025-08-01 10:25:01 AM,221.22,325,71896.5,133550609.65000005
2025-08-01 10:25:02 AM,221.03,0,0.0,133550609.65000005
2025-08-01 10:25:02 AM,221.03,125,27628.75,133578238.40000005
2025-08-01 10:25:04 AM,221.0,1255,277355.0,133855593.40000005
2025-08-01 10:25:04 AM,221.1,25,5527.5,133861120.90000005
2025-08-01 10:25:05 AM,221.18,0,0.0,133861120.90000005
2025-08-01 10:25:05 AM,221.18,300,66354.0,133927474.90000005
2025-08-01 10:25:07 AM,221.0,900,198900.0,134126374.90000005
2025-08-01 10:25:09 AM,221.0,200,44200.0,134170574.90000005
2025-08-01 10:25:12 AM,221.0,130,28730.0,134199304.90000005
2025-08-01 10:25:14 AM,221.0,201,44421.0,134243725.90000004
2025-08-01 10:25:16 AM,221.0,7,1547.0,134245272.90000004
2025-08-01 10:25:21 AM,221.19,3273,723954.87,134969227.77000004
2025-08-01 10:25:21 AM,221.24,0,0.0,134969227.77000004
2025-08-01 10:25:21 AM,221.24,50,11062.0,134980289.77000004
2025-08-01 10:25:26 AM,221.27,0,0.0,134980289.77000004
2025-08-01 10:25:26 AM,221.27,176,38943.520000000004,135019233.29000005
2025-08-01 10:25:29 AM,221.19,0,0.0,135019233.29000005
2025-08-01 10:25:29 AM,221.19,900,199071.0,135218304.29000005
2025-08-01 10:25:32 AM,221.49,53,11738.970000000001,135230043.26000005
2025-08-01 10:25:34 AM,221.5,0,0.0,135230043.26000005
2025-08-01 10:25:35 AM,221.5,2,443.0,135230486.26000005
2025-08-01 10:25:37 AM,221.5,50,11075.0,135241561.26000005
2025-08-01 10:25:38 AM,221.5,1,221.5,135241782.76000005
2025-08-01 10:25:39 AM,221.49,1,221.49,135242004.25000006
2025-08-01 10:25:42 AM,221.39,0,0.0,135242004.25000006
2025-08-01 10:25:42 AM,221.39,369,81692.90999999999,135323697.16000006
2025-08-01 10:25:47 AM,221.42,2,442.84,135324140.00000006
2025-08-01 10:25:57 AM,221.42,60,13285.199999999999,135337425.20000005
2025-08-01 10:26:03 AM,221.41,0,0.0,135337425.20000005
2025-08-01 10:26:04 AM,221.41,714,158086.74,135495511.94000006
2025-08-01 10:26:06 AM,221.39,0,0.0,135495511.94000006
2025-08-01 10:26:06 AM,221.39,2,442.78,135495954.72000006
2025-08-01 10:26:09 AM,221.4,0,0.0,135495954.72000006
2025-08-01 10:26:09 AM,221.4,500,110700.0,135606654.72000006
2025-08-01 10:26:15 AM,221.27,0,0.0,135606654.72000006
2025-08-01 10:26:15 AM,221.27,285,63061.950000000004,135669716.67000005
2025-08-01 10:26:21 AM,221.32,0,0.0,135669716.67000005
2025-08-01 10:26:21 AM,221.32,49,10844.68,135680561.35000005
2025-08-01 10:26:29 AM,221.37,36,7969.32,135688530.67000005
2025-08-01 10:26:31 AM,221.32,0,0.0,135688530.67000005
2025-08-01 10:26:32 AM,221.36,6,1328.16,135689858.83000004
2025-08-01 10:26:34 AM,221.45,0,0.0,135689858.83000004
2025-08-01 10:26:35 AM,221.45,300,66435.0,135756293.83000004
2025-08-01 10:26:37 AM,221.43,0,0.0,135756293.83000004
2025-08-01 10:26:38 AM,221.43,150,33214.5,135789508.33000004
2025-08-01 10:26:40 AM,221.19,0,0.0,135789508.33000004
2025-08-01 10:26:41 AM,221.19,1735,383764.65,136173272.98000005
2025-08-01 10:26:43 AM,221.3,0,0.0,136173272.98000005
2025-08-01 10:26:44 AM,221.3,300,66390.0,136239662.98000005
2025-08-01 10:26:48 AM,221.1,0,0.0,136239662.98000005
2025-08-01 10:26:50 AM,221.1,1329,293841.89999999997,136533504.88000005
2025-08-01 10:26:52 AM,220.97,0,0.0,136533504.88000005
2025-08-01 10:26:52 AM,220.97,14552,3215555.44,139749060.32000005
2025-08-01 10:26:54 AM,220.89,0,0.0,139749060.32000005
2025-08-01 10:26:55 AM,220.89,692,152855.88,139901916.20000005
2025-08-01 10:26:57 AM,220.96,0,0.0,139901916.20000005
2025-08-01 10:26:58 AM,220.71,0,0.0,139901916.20000005
2025-08-01 10:26:58 AM,220.71,1100,242781.0,140144697.20000005
2025-08-01 10:27:04 AM,220.9,1000,220900.0,140365597.20000005
2025-08-01 10:27:06 AM,220.81,0,0.0,140365597.20000005
2025-08-01 10:27:07 AM,220.81,7,1545.67,140367142.87000003
2025-08-01 10:27:10 AM,220.96,500,110480.0,140477622.87000003
2025-08-01 10:27:12 AM,220.83,0,0.0,140477622.87000003
2025-08-01 10:27:12 AM,220.83,101,22303.83,140499926.70000005
2025-08-01 10:27:18 AM,221.0,0,0.0,140499926.70000005
2025-08-01 10:27:18 AM,221.0,550,121550.0,140621476.70000005
2025-08-01 10:27:23 AM,221.0,39,8619.0,140630095.70000005
2025-08-01 10:27:26 AM,221.0,130,28730.0,140658825.70000005
2025-08-01 10:27:32 AM,221.0,5,1105.0,140659930.70000005
2025-08-01 10:27:39 AM,221.12,0,0.0,140659930.70000005
2025-08-01 10:27:40 AM,221.12,100,22112.0,140682042.70000005
2025-08-01 10:27:48 AM,221.06,0,0.0,140682042.70000005
2025-08-01 10:27:48 AM,221.06,10,2210.6,140684253.30000004
2025-08-01 10:27:58 AM,221.08,0,0.0,140684253.30000004
2025-08-01 10:27:59 AM,221.08,5,1105.4,140685358.70000005
2025-08-01 10:28:01 AM,221.09,0,0.0,140685358.70000005
2025-08-01 10:28:01 AM,221.09,100,22109.0,140707467.70000005
2025-08-01 10:28:06 AM,221.01,0,0.0,140707467.70000005
2025-08-01 10:28:07 AM,221.01,3,663.03,140708130.73000005
2025-08-01 10:28:15 AM,221.01,55,12155.55,140720286.28000006
2025-08-01 10:28:20 AM,221.1,0,0.0,140720286.28000006
2025-08-01 10:28:21 AM,221.1,2,442.2,140720728.48000005
2025-08-01 10:28:35 AM,221.14,0,0.0,140720728.48000005
2025-08-01 10:28:37 AM,221.14,160,35382.399999999994,140756110.88000005
2025-08-01 10:28:45 AM,221.05,24,5305.200000000001,140761416.08000004
2025-08-01 10:29:08 AM,221.05,30,6631.5,140768047.58000004
2025-08-01 10:29:10 AM,221.21,0,0.0,140768047.58000004
2025-08-01 10:29:10 AM,221.21,505,111711.05,140879758.63000005
2025-08-01 10:29:12 AM,221.3,0,0.0,140879758.63000005
2025-08-01 10:29:14 AM,221.29,224,49568.96,140929327.59000006
2025-08-01 10:29:19 AM,221.19,130,28754.7,140958082.29000005
2025-08-01 10:29:20 AM,221.38,0,0.0,140958082.29000005
2025-08-01 10:29:21 AM,221.38,900,199242.0,141157324.29000005
2025-08-01 10:29:27 AM,221.29,100,22129.0,141179453.29000005
2025-08-01 10:29:30 AM,221.29,50,11064.5,141190517.79000005
2025-08-01 10:29:36 AM,221.29,1,221.29,141190739.08000004
2025-08-01 10:29:46 AM,221.44,0,0.0,141190739.08000004
2025-08-01 10:29:47 AM,221.44,108,23915.52,141214654.60000005
2025-08-01 10:29:49 AM,221.42,30,6642.599999999999,141221297.20000005
2025-08-01 10:29:55 AM,221.81,2816,624616.96,141845914.16000006
2025-08-01 10:29:58 AM,221.73,0,0.0,141845914.16000006
2025-08-01 10:30:00 AM,221.8,0,0.0,141845914.16000006
2025-08-01 10:30:00 AM,221.8,88,19518.4,141865432.56000006
2025-08-01 10:30:03 AM,221.82,0,0.0,141865432.56000006
2025-08-01 10:30:03 AM,221.82,38,8429.16,141873861.72000006
2025-08-01 10:30:09 AM,221.72,39,8647.08,141882508.80000007
2025-08-01 10:30:11 AM,221.82,0,0.0,141882508.80000007
2025-08-01 10:30:12 AM,221.84,910,201874.4,142084383.20000008
2025-08-01 10:30:14 AM,221.85,0,0.0,142084383.20000008
2025-08-01 10:30:15 AM,221.85,500,110925.0,142195308.20000008
2025-08-01 10:30:20 AM,221.84,0,0.0,142195308.20000008
2025-08-01 10:30:21 AM,221.84,19,4214.96,142199523.1600001
2025-08-01 10:30:26 AM,221.65,0,0.0,142199523.1600001
2025-08-01 10:30:26 AM,221.65,1098,243371.7,142442894.86000007
2025-08-01 10:30:32 AM,221.5,0,0.0,142442894.86000007
2025-08-01 10:30:32 AM,221.5,100,22150.0,142465044.86000007
2025-08-01 10:30:40 AM,221.36,0,0.0,142465044.86000007
2025-08-01 10:30:41 AM,221.5,0,0.0,142465044.86000007
2025-08-01 10:30:41 AM,221.5,664,147076.0,142612120.86000007
2025-08-01 10:30:46 AM,221.67,0,0.0,142612120.86000007
2025-08-01 10:30:46 AM,221.67,72,15960.24,142628081.10000008
2025-08-01 10:30:51 AM,221.52,0,0.0,142628081.10000008
2025-08-01 10:30:52 AM,221.52,2,443.04,142628524.14000008
2025-08-01 10:31:25 AM,221.5,0,0.0,142628524.14000008
2025-08-01 10:31:26 AM,221.5,25,5537.5,142634061.64000008
2025-08-01 10:31:31 AM,221.52,0,0.0,142634061.64000008
2025-08-01 10:31:32 AM,221.52,100,22152.0,142656213.64000008
2025-08-01 10:31:33 AM,221.67,0,0.0,142656213.64000008
2025-08-01 10:31:35 AM,221.67,1,221.67,142656435.31000006
2025-08-01 10:31:45 AM,221.56,35,7754.6,142664189.91000006
2025-08-01 10:31:49 AM,221.57,49,10856.93,142675046.84000006
2025-08-01 10:31:49 AM,221.74,0,0.0,142675046.84000006
2025-08-01 10:31:52 AM,221.6,0,0.0,142675046.84000006
2025-08-01 10:31:52 AM,221.6,102,22603.2,142697650.04000005
2025-08-01 10:31:58 AM,221.75,45,9978.75,142707628.79000005
2025-08-01 10:32:01 AM,221.75,7,1552.25,142709181.04000005
2025-08-01 10:32:25 AM,221.75,1,221.75,142709402.79000005
2025-08-01 10:32:31 AM,221.75,144,31932.0,142741334.79000005
2025-08-01 10:32:34 AM,221.72,56,12416.32,142753751.11000004
2025-08-01 10:32:48 AM,221.75,0,0.0,142753751.11000004
2025-08-01 10:32:49 AM,221.75,459,101783.25,142855534.36000004
2025-08-01 10:32:52 AM,221.75,391,86704.25,142942238.61000004
2025-08-01 10:32:54 AM,221.72,0,0.0,142942238.61000004
2025-08-01 10:32:55 AM,221.72,350,77602.0,143019840.61000004
2025-08-01 10:33:03 AM,221.72,78,17294.16,143037134.77000004
2025-08-01 10:33:06 AM,221.74,0,0.0,143037134.77000004
2025-08-01 10:33:06 AM,221.74,552,122400.48000000001,143159535.25000003
2025-08-01 10:33:17 AM,221.74,200,44348.0,143203883.25000003
2025-08-01 10:33:40 AM,221.72,0,0.0,143203883.25000003
2025-08-01 10:33:41 AM,221.75,254,56324.5,143260207.75000003
2025-08-01 10:33:45 AM,221.75,5,1108.75,143261316.50000003
2025-08-01 10:33:56 AM,221.7,0,0.0,143261316.50000003
2025-08-01 10:33:56 AM,221.7,4,886.8,143262203.30000004
2025-08-01 10:34:04 AM,221.7,4,886.8,143263090.10000005
2025-08-01 10:34:06 AM,221.64,0,0.0,143263090.10000005
2025-08-01 10:34:08 AM,221.64,8,1773.12,143264863.22000006
2025-08-01 10:34:19 AM,221.7,195,43231.5,143308094.72000006
2025-08-01 10:34:25 AM,221.7,200,44340.0,143352434.72000006
2025-08-01 10:34:36 AM,221.64,1,221.64,143352656.36000004
2025-08-01 10:34:41 AM,221.7,1,221.7,143352878.06000003
2025-08-01 10:34:46 AM,221.64,0,0.0,143352878.06000003
2025-08-01 10:34:47 AM,221.64,104,23050.559999999998,143375928.62000003
2025-08-01 10:35:04 AM,221.64,78,17287.92,143393216.54000002
2025-08-01 10:35:16 AM,221.7,0,0.0,143393216.54000002
2025-08-01 10:35:16 AM,221.7,8,1773.6,143394990.14000002
2025-08-01 10:35:28 AM,221.69,0,0.0,143394990.14000002
2025-08-01 10:35:29 AM,221.69,2,443.38,143395433.52
2025-08-01 10:35:33 AM,221.67,29,6428.429999999999,143401861.95000002
2025-08-01 10:35:38 AM,221.7,1,221.7,143402083.65
2025-08-01 10:35:42 AM,221.61,0,0.0,143402083.65
2025-08-01 10:35:44 AM,221.61,1112,246430.32,143648513.97
2025-08-01 10:35:48 AM,221.58,0,0.0,143648513.97
2025-08-01 10:35:50 AM,221.58,2,443.16,143648957.13
2025-08-01 10:35:54 AM,221.5,0,0.0,143648957.13
2025-08-01 10:35:55 AM,221.5,102,22593.0,143671550.13
2025-08-01 10:35:59 AM,221.67,0,0.0,143671550.13
2025-08-01 10:36:00 AM,221.51,0,0.0,143671550.13
2025-08-01 10:36:01 AM,221.51,1008,223282.08,143894832.21
2025-08-01 10:36:09 AM,221.6,161,35677.6,143930509.81
2025-08-01 10:36:11 AM,221.57,0,0.0,143930509.81
2025-08-01 10:36:12 AM,221.57,33,7311.8099999999995,143937821.62
2025-08-01 10:36:23 AM,221.57,5,1107.85,143938929.47
2025-08-01 10:36:29 AM,221.69,2,443.38,143939372.85
2025-08-01 10:36:30 AM,221.57,0,0.0,143939372.85
2025-08-01 10:36:31 AM,221.57,101,22378.57,143961751.42
2025-08-01 10:36:36 AM,221.54,0,0.0,143961751.42
2025-08-01 10:36:36 AM,221.54,45,9969.3,143971720.72
2025-08-01 10:36:45 AM,221.54,51,11298.539999999999,143983019.26
2025-08-01 10:36:49 AM,221.55,0,0.0,143983019.26
2025-08-01 10:36:51 AM,221.55,808,179012.40000000002,144162031.66
2025-08-01 10:37:03 AM,221.55,7,1550.8500000000001,144163582.51
2025-08-01 10:37:11 AM,221.65,0,0.0,144163582.51
2025-08-01 10:37:12 AM,221.55,12,2658.6000000000004,144166241.10999998
2025-08-01 10:37:31 AM,221.69,0,0.0,144166241.10999998
2025-08-01 10:37:31 AM,221.69,200,44338.0,144210579.10999998
2025-08-01 10:37:34 AM,221.58,0,0.0,144210579.10999998
2025-08-01 10:37:34 AM,221.58,55,12186.900000000001,144222766.01
2025-08-01 10:37:37 AM,221.69,0,0.0,144222766.01
2025-08-01 10:37:37 AM,221.69,4,886.76,144223652.76999998
2025-08-01 10:37:40 AM,221.72,0,0.0,144223652.76999998
2025-08-01 10:37:40 AM,221.71,812,180028.52000000002,144403681.29
2025-08-01 10:37:48 AM,221.71,92,20397.32,144424078.60999998
2025-08-01 10:37:51 AM,221.71,200,44342.0,144468420.60999998
2025-08-01 10:37:54 AM,221.75,471,104444.25,144572864.85999998
2025-08-01 10:37:57 AM,221.79,0,0.0,144572864.85999998
2025-08-01 10:37:59 AM,221.79,22,4879.38,144577744.23999998
2025-08-01 10:38:08 AM,221.75,0,0.0,144577744.23999998
2025-08-01 10:38:09 AM,221.85,179,39711.15,144617455.39
2025-08-01 10:38:15 AM,221.79,44,9758.76,144627214.14999998
2025-08-01 10:38:17 AM,221.85,0,0.0,144627214.14999998
2025-08-01 10:38:18 AM,221.85,500,110925.0,144738139.14999998
2025-08-01 10:38:21 AM,221.85,250,55462.5,144793601.64999998
2025-08-01 10:38:28 AM,221.85,3,665.55,144794267.2
2025-08-01 10:38:36 AM,221.69,0,0.0,144794267.2
2025-08-01 10:38:36 AM,221.69,3125,692781.25,145487048.45
2025-08-01 10:38:48 AM,221.64,1200,265968.0,145753016.45
2025-08-01 10:38:49 AM,221.53,0,0.0,145753016.45
2025-08-01 10:38:50 AM,221.53,1003,222194.59,145975211.04
2025-08-01 10:38:53 AM,221.5,105,23257.5,145998468.54
2025-08-01 10:38:59 AM,221.65,30,6649.5,146005118.04
2025-08-01 10:39:08 AM,221.5,0,0.0,146005118.04
2025-08-01 10:39:10 AM,221.5,1,221.5,146005339.54
2025-08-01 10:39:13 AM,221.5,60,13290.0,146018629.54
2025-08-01 10:39:19 AM,221.54,0,0.0,146018629.54
2025-08-01 10:39:21 AM,221.41,0,0.0,146018629.54
2025-08-01 10:39:21 AM,221.41,3204,709397.64,146728027.17999998
2025-08-01 10:39:31 AM,221.51,0,0.0,146728027.17999998
2025-08-01 10:39:32 AM,221.51,50,11075.5,146739102.67999998
2025-08-01 10:39:37 AM,221.54,0,0.0,146739102.67999998
2025-08-01 10:39:38 AM,221.54,6,1329.24,146740431.92
2025-08-01 10:39:46 AM,221.5,1,221.5,146740653.42
2025-08-01 10:39:57 AM,221.5,12,2658.0,146743311.42
2025-08-01 10:40:07 AM,221.43,0,0.0,146743311.42
2025-08-01 10:40:07 AM,221.5,0,0.0,146743311.42
2025-08-01 10:40:08 AM,221.5,27,5980.5,146749291.92
2025-08-01 10:40:11 AM,221.5,10,2215.0,146751506.92
2025-08-01 10:40:29 AM,221.41,0,0.0,146751506.92
2025-08-01 10:40:30 AM,221.41,11,2435.5099999999998,146753942.42999998
2025-08-01 10:40:36 AM,221.41,212,46938.92,146800881.34999996
2025-08-01 10:40:39 AM,221.5,0,0.0,146800881.34999996
2025-08-01 10:40:39 AM,221.5,20,4430.0,146805311.34999996
2025-08-01 10:40:43 AM,221.45,0,0.0,146805311.34999996
2025-08-01 10:40:44 AM,221.45,1,221.45,146805532.79999995
2025-08-01 10:40:47 AM,221.45,6,1328.6999999999998,146806861.49999994
2025-08-01 10:40:53 AM,221.41,5,1107.05,146807968.54999995
2025-08-01 10:40:54 AM,221.45,0,0.0,146807968.54999995
2025-08-01 10:40:55 AM,221.45,20,4429.0,146812397.54999995
2025-08-01 10:41:10 AM,221.45,498,110282.09999999999,146922679.64999995
2025-08-01 10:41:21 AM,221.45,1,221.45,146922901.09999993
2025-08-01 10:41:34 AM,221.45,200,44290.0,146967191.09999993
2025-08-01 10:41:41 AM,221.5,0,0.0,146967191.09999993
2025-08-01 10:41:44 AM,221.5,1011,223936.5,147191127.59999993
2025-08-01 10:41:54 AM,221.45,0,0.0,147191127.59999993
2025-08-01 10:41:54 AM,221.45,5,1107.25,147192234.84999993
2025-08-01 10:42:01 AM,221.5,0,0.0,147192234.84999993
2025-08-01 10:42:01 AM,221.5,2,443.0,147192677.84999993
2025-08-01 10:42:11 AM,221.5,100,22150.0,147214827.84999993
2025-08-01 10:42:22 AM,221.5,5,1107.5,147215935.34999993
2025-08-01 10:42:33 AM,221.45,0,0.0,147215935.34999993
2025-08-01 10:42:33 AM,221.45,5,1107.25,147217042.59999993
2025-08-01 10:42:44 AM,221.5,973,215519.5,147432562.09999993
2025-08-01 10:42:45 AM,221.54,0,0.0,147432562.09999993
2025-08-01 10:42:46 AM,221.54,2,443.08,147433005.17999995
2025-08-01 10:42:57 AM,221.5,0,0.0,147433005.17999995
2025-08-01 10:42:57 AM,221.5,20,4430.0,147437435.17999995
2025-08-01 10:43:03 AM,221.55,0,0.0,147437435.17999995
2025-08-01 10:43:03 AM,221.55,50,11077.5,147448512.67999995
2025-08-01 10:43:06 AM,221.53,0,0.0,147448512.67999995
2025-08-01 10:43:06 AM,221.53,10,2215.3,147450727.97999996
2025-08-01 10:43:14 AM,221.53,200,44306.0,147495033.97999996
2025-08-01 10:43:17 AM,221.49,250,55372.5,147550406.47999996
2025-08-01 10:43:22 AM,221.56,0,0.0,147550406.47999996
2025-08-01 10:43:22 AM,221.56,310,68683.6,147619090.07999995
2025-08-01 10:43:39 AM,221.56,56,12407.36,147631497.43999997
2025-08-01 10:43:48 AM,221.53,0,0.0,147631497.43999997
2025-08-01 10:43:49 AM,221.53,439,97251.67,147728749.10999995
2025-08-01 10:43:51 AM,221.53,5,1107.65,147729856.75999996
2025-08-01 10:43:56 AM,221.49,0,0.0,147729856.75999996
2025-08-01 10:43:56 AM,221.49,68,15061.32,147744918.07999995
2025-08-01 10:44:06 AM,221.5,0,0.0,147744918.07999995
2025-08-01 10:44:07 AM,221.5,546,120939.0,147865857.07999995
2025-08-01 10:44:16 AM,221.43,0,0.0,147865857.07999995
2025-08-01 10:44:18 AM,221.5,148,32782.0,147898639.07999995
2025-08-01 10:44:45 AM,221.5,9,1993.5,147900632.57999995
2025-08-01 10:44:50 AM,221.5,2,443.0,147901075.57999995
2025-08-01 10:44:54 AM,221.36,0,0.0,147901075.57999995
2025-08-01 10:44:56 AM,221.36,918,203208.48,148104284.05999994
2025-08-01 10:45:01 AM,221.5,0,0.0,148104284.05999994
2025-08-01 10:45:01 AM,221.5,51,11296.5,148115580.55999994
2025-08-01 10:45:04 AM,221.4,0,0.0,148115580.55999994
2025-08-01 10:45:04 AM,221.4,3,664.2,148116244.75999993
2025-08-01 10:45:06 AM,221.5,0,0.0,148116244.75999993
2025-08-01 10:45:07 AM,221.5,4,886.0,148117130.75999993
2025-08-01 10:45:12 AM,221.4,0,0.0,148117130.75999993
2025-08-01 10:45:12 AM,221.4,10,2214.0,148119344.75999993
2025-08-01 10:45:45 AM,221.49,5,1107.45,148120452.20999992
2025-08-01 10:45:50 AM,221.49,4,885.96,148121338.16999993
2025-08-01 10:45:58 AM,221.35,1000,221350.0,148342688.16999993
2025-08-01 10:46:01 AM,221.49,0,0.0,148342688.16999993
2025-08-01 10:46:04 AM,221.49,3,664.47,148343352.63999993
2025-08-01 10:46:12 AM,221.2,834,184480.8,148527833.43999994
2025-08-01 10:46:16 AM,221.2,18,3981.6,148531815.03999993
2025-08-01 10:46:17 AM,221.27,0,0.0,148531815.03999993
2025-08-01 10:46:18 AM,221.27,200,44254.0,148576069.03999993
2025-08-01 10:46:23 AM,221.24,0,0.0,148576069.03999993
2025-08-01 10:46:24 AM,221.24,5,1106.2,148577175.23999992
2025-08-01 10:46:26 AM,221.1,0,0.0,148577175.23999992
2025-08-01 10:46:27 AM,221.1,20,4422.0,148581597.23999992
2025-08-01 10:46:33 AM,221.1,128,28300.8,148609898.03999993
2025-08-01 10:46:38 AM,221.24,0,0.0,148609898.03999993
2025-08-01 10:46:38 AM,221.24,1,221.24,148610119.27999994
2025-08-01 10:46:49 AM,221.38,0,0.0,148610119.27999994
2025-08-01 10:46:49 AM,221.38,1000,221380.0,148831499.27999994
2025-08-01 10:47:00 AM,221.3,0,0.0,148831499.27999994
2025-08-01 10:47:00 AM,221.3,40,8852.0,148840351.27999994
2025-08-01 10:47:06 AM,221.29,2,442.58,148840793.85999995
2025-08-01 10:47:11 AM,221.34,0,0.0,148840793.85999995
2025-08-01 10:47:11 AM,221.34,19,4205.46,148844999.31999996
2025-08-01 10:47:16 AM,221.34,1,221.34,148845220.65999997
2025-08-01 10:47:32 AM,221.34,17,3762.78,148848983.43999997
2025-08-01 10:47:43 AM,221.29,0,0.0,148848983.43999997
2025-08-01 10:47:43 AM,221.29,273,60412.17,148909395.60999995
2025-08-01 10:47:51 AM,221.35,300,66405.0,148975800.60999995
2025-08-01 10:47:52 AM,221.29,0,0.0,148975800.60999995
2025-08-01 10:47:53 AM,221.35,0,0.0,148975800.60999995
2025-08-01 10:47:54 AM,221.35,101,22356.35,148998156.95999995
2025-08-01 10:47:56 AM,221.35,1,221.35,148998378.30999994
2025-08-01 10:48:07 AM,221.34,0,0.0,148998378.30999994
2025-08-01 10:48:07 AM,221.34,639,141436.26,149139814.56999993
2025-08-01 10:48:10 AM,221.34,20,4426.8,149144241.36999995
2025-08-01 10:48:21 AM,221.34,380,84109.2,149228350.56999993
2025-08-01 10:48:26 AM,221.25,283,62613.75,149290964.31999993
2025-08-01 10:48:31 AM,221.35,0,0.0,149290964.31999993
2025-08-01 10:48:32 AM,221.35,8,1770.8,149292735.11999995
2025-08-01 10:48:37 AM,221.35,10,2213.5,149294948.61999995
2025-08-01 10:48:38 AM,221.29,0,0.0,149294948.61999995
2025-08-01 10:48:39 AM,221.29,80,17703.2,149312651.81999993
2025-08-01 10:48:57 AM,221.33,0,0.0,149312651.81999993
2025-08-01 10:48:59 AM,221.33,6,1327.98,149313979.79999992
2025-08-01 10:49:04 AM,221.29,0,0.0,149313979.79999992
2025-08-01 10:49:05 AM,221.29,7,1549.03,149315528.82999992
2025-08-01 10:49:06 AM,221.21,500,110605.0,149426133.82999992
2025-08-01 10:49:10 AM,221.2,1,221.2,149426355.0299999
2025-08-01 10:49:12 AM,221.2,2,442.4,149426797.42999992
2025-08-01 10:49:16 AM,221.29,0,0.0,149426797.42999992
2025-08-01 10:49:16 AM,221.29,67,14826.43,149441623.85999992
2025-08-01 10:49:17 AM,221.29,50,11064.5,149452688.35999992
2025-08-01 10:49:21 AM,221.17,266,58831.219999999994,149511519.57999992
2025-08-01 10:49:38 AM,221.29,42,9294.18,149520813.75999993
2025-08-01 10:49:53 AM,221.29,3,663.87,149521477.62999994
2025-08-01 10:50:00 AM,221.35,0,0.0,149521477.62999994
2025-08-01 10:50:04 AM,221.35,250,55337.5,149576815.12999994
2025-08-01 10:50:16 AM,221.35,13,2877.5499999999997,149579692.67999995
2025-08-01 10:50:32 AM,221.35,4,885.4,149580578.07999995
2025-08-01 10:50:43 AM,221.35,30,6640.5,149587218.57999995
2025-08-01 10:50:44 AM,221.35,14,3098.9,149590317.47999996
2025-08-01 10:50:49 AM,221.19,342,75646.98,149665964.45999995
2025-08-01 10:50:50 AM,221.35,0,0.0,149665964.45999995
2025-08-01 10:50:55 AM,221.35,13,2877.5499999999997,149668842.00999996
2025-08-01 10:51:00 AM,221.22,0,0.0,149668842.00999996
2025-08-01 10:51:01 AM,221.22,6,1327.32,149670169.32999995
2025-08-01 10:51:06 AM,221.22,1,221.22,149670390.54999995
2025-08-01 10:51:09 AM,221.3,0,0.0,149670390.54999995
2025-08-01 10:51:12 AM,221.3,4,885.2,149671275.74999994
2025-08-01 10:51:22 AM,221.27,0,0.0,149671275.74999994
2025-08-01 10:51:23 AM,221.27,49,10842.230000000001,149682117.97999993
2025-08-01 10:51:34 AM,221.3,1,221.3,149682339.27999994
2025-08-01 10:51:34 AM,221.32,0,0.0,149682339.27999994
2025-08-01 10:51:38 AM,221.29,0,0.0,149682339.27999994
2025-08-01 10:51:39 AM,221.35,354,78357.9,149760697.17999995
2025-08-01 10:51:48 AM,221.29,0,0.0,149760697.17999995
2025-08-01 10:51:50 AM,221.29,49,10843.21,149771540.38999996
2025-08-01 10:51:55 AM,221.29,200,44258.0,149815798.38999996
2025-08-01 10:52:11 AM,221.29,1,221.29,149816019.67999995
2025-08-01 10:52:16 AM,221.35,0,0.0,149816019.67999995
2025-08-01 10:52:17 AM,221.35,2,442.7,149816462.37999994
2025-08-01 10:52:18 AM,221.35,5,1106.75,149817569.12999994
2025-08-01 10:52:22 AM,221.35,28,6197.8,149823766.92999995
2025-08-01 10:52:26 AM,221.29,0,0.0,149823766.92999995
2025-08-01 10:52:28 AM,221.29,15,3319.35,149827086.27999994
2025-08-01 10:52:32 AM,221.4,0,0.0,149827086.27999994
2025-08-01 10:52:33 AM,221.4,500,110700.0,149937786.27999994
2025-08-01 10:52:49 AM,221.4,14,3099.6,149940885.87999994
2025-08-01 10:53:05 AM,221.4,882,195274.80000000002,150136160.67999995
2025-08-01 10:53:08 AM,221.35,0,0.0,150136160.67999995
2025-08-01 10:53:10 AM,221.35,50,11067.5,150147228.17999995
2025-08-01 10:53:14 AM,221.25,0,0.0,150147228.17999995
2025-08-01 10:53:15 AM,221.25,1506,333202.5,150480430.67999995
2025-08-01 10:53:24 AM,221.31,0,0.0,150480430.67999995
2025-08-01 10:53:26 AM,221.31,118,26114.58,150506545.25999996
2025-08-01 10:53:34 AM,221.15,0,0.0,150506545.25999996
2025-08-01 10:53:37 AM,221.15,92,20345.8,150526891.05999997
2025-08-01 10:54:03 AM,221.15,531,117430.65000000001,150644321.70999998
2025-08-01 10:54:04 AM,221.15,20,4423.0,150648744.70999998
2025-08-01 10:54:14 AM,221.15,20,4423.0,150653167.70999998
2025-08-01 10:54:15 AM,221.25,50,11062.5,150664230.20999998
2025-08-01 10:54:16 AM,221.15,0,0.0,150664230.20999998
2025-08-01 10:54:18 AM,221.25,0,0.0,150664230.20999998
2025-08-01 10:54:20 AM,221.25,254,56197.5,150720427.70999998
2025-08-01 10:54:24 AM,221.3,0,0.0,150720427.70999998
2025-08-01 10:54:25 AM,221.3,344,76127.2,150796554.90999997
2025-08-01 10:54:30 AM,221.3,250,55325.0,150851879.90999997
2025-08-01 10:54:34 AM,221.4,0,0.0,150851879.90999997
2025-08-01 10:54:36 AM,221.4,20,4428.0,150856307.90999997
2025-08-01 10:54:36 AM,221.4,126,27896.4,150884204.30999997
2025-08-01 10:54:43 AM,221.49,0,0.0,150884204.30999997
2025-08-01 10:54:46 AM,221.49,165,36545.85,150920750.15999997
2025-08-01 10:54:57 AM,221.49,605,134001.45,151054751.60999995
