date,price,qty,trnvr,cum_trnvr
2025-08-01 09:15:02 AM,3302.0,308,1017016.0,1017016.0
2025-08-01 09:15:03 AM,3305.0,0,0.0,1017016.0
2025-08-01 09:15:04 AM,3308.9,49,162136.1,1179152.1
2025-08-01 09:15:12 AM,3300.4,0,0.0,1179152.1
2025-08-01 09:15:14 AM,3295.0,673,2217535.0,3396687.1
2025-08-01 09:15:16 AM,3299.2,3,9897.599999999999,3406584.7
2025-08-01 09:15:21 AM,3296.5,0,0.0,3406584.7
2025-08-01 09:15:23 AM,3296.8,0,0.0,3406584.7
2025-08-01 09:15:24 AM,3293.6,205,675188.0,4081772.7
2025-08-01 09:15:26 AM,3292.2,55,181071.0,4262843.7
2025-08-01 09:15:32 AM,3292.7,0,0.0,4262843.7
2025-08-01 09:15:33 AM,3290.4,181,595562.4,4858406.100000001
2025-08-01 09:15:36 AM,3290.2,0,0.0,4858406.100000001
2025-08-01 09:15:41 AM,3287.0,186,611382.0,5469788.100000001
2025-08-01 09:15:43 AM,3287.0,32,105184.0,5574972.100000001
2025-08-01 09:15:48 AM,3290.0,0,0.0,5574972.100000001
2025-08-01 09:15:50 AM,3283.4,257,843833.8,6418805.9
2025-08-01 09:15:51 AM,3290.0,41,134890.0,6553695.9
2025-08-01 09:15:56 AM,3292.7,0,0.0,6553695.9
2025-08-01 09:15:58 AM,3292.7,39,128415.29999999999,6682111.2
2025-08-01 09:16:02 AM,3292.6,0,0.0,6682111.2
2025-08-01 09:16:06 AM,3292.6,1,3292.6,6685403.8
2025-08-01 09:16:14 AM,3292.6,5,16463.0,6701866.8
2025-08-01 09:16:17 AM,3291.7,0,0.0,6701866.8
2025-08-01 09:16:19 AM,3292.0,0,0.0,6701866.8
2025-08-01 09:16:22 AM,3292.0,71,233732.0,6935598.8
2025-08-01 09:16:24 AM,3286.0,177,581622.0,7517220.8
2025-08-01 09:16:29 AM,3291.3,0,0.0,7517220.8
2025-08-01 09:16:31 AM,3291.7,200,658340.0,8175560.8
2025-08-01 09:16:32 AM,3292.8,102,335865.60000000003,8511426.4
2025-08-01 09:16:37 AM,3291.0,0,0.0,8511426.4
2025-08-01 09:16:39 AM,3291.0,2,6582.0,8518008.4
2025-08-01 09:16:49 AM,3294.0,0,0.0,8518008.4
2025-08-01 09:16:55 AM,3294.4,35,115304.0,8633312.4
2025-08-01 09:17:06 AM,3299.5,0,0.0,8633312.4
2025-08-01 09:17:08 AM,3300.0,0,0.0,8633312.4
2025-08-01 09:17:12 AM,3300.0,13,42900.0,8676212.4
2025-08-01 09:17:15 AM,3296.0,0,0.0,8676212.4
2025-08-01 09:17:20 AM,3300.0,2,6600.0,8682812.4
2025-08-01 09:17:28 AM,3304.4,6,19826.4,8702638.8
2025-08-01 09:17:37 AM,3304.4,150,495660.0,9198298.8
2025-08-01 09:17:40 AM,3306.1,0,0.0,9198298.8
2025-08-01 09:17:42 AM,3301.6,0,0.0,9198298.8
2025-08-01 09:17:45 AM,3301.6,2,6603.2,9204902.0
2025-08-01 09:17:49 AM,3303.4,0,0.0,9204902.0
2025-08-01 09:17:51 AM,3303.5,0,0.0,9204902.0
2025-08-01 09:17:53 AM,3300.0,47,155100.0,9360002.0
2025-08-01 09:17:54 AM,3299.0,2,6598.0,9366600.0
2025-08-01 09:17:59 AM,3301.0,0,0.0,9366600.0
2025-08-01 09:18:01 AM,3300.3,361,1191408.3,10558008.3
2025-08-01 09:18:07 AM,3301.8,0,0.0,10558008.3
2025-08-01 09:18:10 AM,3305.7,7,23139.899999999998,10581148.200000001
2025-08-01 09:18:11 AM,3306.6,3,9919.8,10591068.000000002
2025-08-01 09:18:15 AM,3309.0,0,0.0,10591068.000000002
2025-08-01 09:18:18 AM,3309.0,50,165450.0,10756518.000000002
2025-08-01 09:18:21 AM,3310.0,0,0.0,10756518.000000002
2025-08-01 09:18:24 AM,3314.9,0,0.0,10756518.000000002
2025-08-01 09:18:26 AM,3311.2,232,768198.3999999999,11524716.400000002
2025-08-01 09:18:29 AM,3311.1,0,0.0,11524716.400000002
2025-08-01 09:18:31 AM,3313.8,0,0.0,11524716.400000002
2025-08-01 09:18:34 AM,3314.9,56,185634.4,11710350.800000003
2025-08-01 09:18:44 AM,3310.4,52,172140.80000000002,11882491.600000003
2025-08-01 09:18:51 AM,3310.9,10,33109.0,11915600.600000003
2025-08-01 09:18:52 AM,3311.1,2,6622.2,11922222.800000003
2025-08-01 09:18:53 AM,3310.9,0,0.0,11922222.800000003
2025-08-01 09:18:59 AM,3313.0,70,231910.0,12154132.800000003
2025-08-01 09:19:04 AM,3308.0,0,0.0,12154132.800000003
2025-08-01 09:19:07 AM,3308.0,21,69468.0,12223600.800000003
2025-08-01 09:19:08 AM,3308.2,2,6616.4,12230217.200000003
2025-08-01 09:19:17 AM,3311.5,0,0.0,12230217.200000003
2025-08-01 09:19:23 AM,3313.0,7,23191.0,12253408.200000003
2025-08-01 09:19:25 AM,3313.0,2,6626.0,12260034.200000003
2025-08-01 09:19:34 AM,3310.3,0,0.0,12260034.200000003
2025-08-01 09:19:39 AM,3313.0,0,0.0,12260034.200000003
2025-08-01 09:19:39 AM,3313.0,27,89451.0,12349485.200000003
2025-08-01 09:19:47 AM,3310.0,0,0.0,12349485.200000003
2025-08-01 09:19:47 AM,3310.0,5,16550.0,12366035.200000003
2025-08-01 09:19:49 AM,3308.4,10,33084.0,12399119.200000003
2025-08-01 09:19:55 AM,3312.7,1,3312.7,12402431.900000002
2025-08-01 09:19:56 AM,3309.4,0,0.0,12402431.900000002
2025-08-01 09:19:57 AM,3309.4,5,16547.0,12418978.900000002
2025-08-01 09:20:05 AM,3306.1,27,89264.7,12508243.600000001
2025-08-01 09:20:10 AM,3306.5,0,0.0,12508243.600000001
2025-08-01 09:20:11 AM,3306.5,35,115727.5,12623971.100000001
2025-08-01 09:20:13 AM,3300.2,70,231014.0,12854985.100000001
2025-08-01 09:20:17 AM,3300.4,0,0.0,12854985.100000001
2025-08-01 09:20:19 AM,3300.6,65,214539.0,13069524.100000001
2025-08-01 09:20:24 AM,3302.9,0,0.0,13069524.100000001
2025-08-01 09:20:27 AM,3302.9,57,188265.30000000002,13257789.400000002
2025-08-01 09:20:35 AM,3306.9,24,79365.6,13337155.000000002
2025-08-01 09:20:44 AM,3304.4,1,3304.4,13340459.400000002
2025-08-01 09:21:12 AM,3306.8,0,0.0,13340459.400000002
2025-08-01 09:21:14 AM,3306.8,1,3306.8,13343766.200000003
2025-08-01 09:21:17 AM,3304.5,0,0.0,13343766.200000003
2025-08-01 09:21:19 AM,3310.4,0,0.0,13343766.200000003
2025-08-01 09:21:22 AM,3310.4,40,132416.0,13476182.200000003
2025-08-01 09:21:30 AM,3308.1,2,6616.2,13482798.400000002
2025-08-01 09:21:36 AM,3307.7,0,0.0,13482798.400000002
2025-08-01 09:21:38 AM,3307.0,106,350542.0,13833340.400000002
2025-08-01 09:21:42 AM,3310.6,0,0.0,13833340.400000002
2025-08-01 09:21:45 AM,3310.6,1,3310.6,13836651.000000002
2025-08-01 09:21:46 AM,3310.6,1,3310.6,13839961.600000001
2025-08-01 09:21:49 AM,3308.6,0,0.0,13839961.600000001
2025-08-01 09:21:53 AM,3308.6,5,16543.0,13856504.600000001
2025-08-01 09:21:59 AM,3311.8,0,0.0,13856504.600000001
2025-08-01 09:22:00 AM,3311.8,24,79483.20000000001,13935987.8
2025-08-01 09:22:01 AM,3308.4,11,36392.4,13972380.200000001
2025-08-01 09:22:03 AM,3307.7,0,0.0,13972380.200000001
2025-08-01 09:22:06 AM,3307.5,0,0.0,13972380.200000001
2025-08-01 09:22:08 AM,3310.8,74,244999.2,14217379.4
2025-08-01 09:22:09 AM,3310.9,4,13243.6,14230623.0
2025-08-01 09:22:10 AM,3307.9,0,0.0,14230623.0
2025-08-01 09:22:13 AM,3308.0,0,0.0,14230623.0
2025-08-01 09:22:15 AM,3308.2,46,152177.19999999998,14382800.2
2025-08-01 09:22:20 AM,3314.2,0,0.0,14382800.2
2025-08-01 09:22:23 AM,3314.2,409,1355507.7999999998,15738308.0
2025-08-01 09:22:27 AM,3313.7,0,0.0,15738308.0
2025-08-01 09:22:31 AM,3312.9,12,39754.8,15778062.8
2025-08-01 09:22:34 AM,3313.5,0,0.0,15778062.8
2025-08-01 09:22:38 AM,3316.6,26,86231.59999999999,15864294.4
2025-08-01 09:22:45 AM,3317.0,0,0.0,15864294.4
2025-08-01 09:22:46 AM,3317.0,59,195703.0,16059997.4
2025-08-01 09:22:46 AM,3320.4,0,0.0,16059997.4
2025-08-01 09:22:48 AM,3320.0,77,255640.0,16315637.4
2025-08-01 09:22:51 AM,3320.4,0,0.0,16315637.4
2025-08-01 09:22:53 AM,3320.4,4,13281.6,16328919.0
2025-08-01 09:22:58 AM,3320.9,0,0.0,16328919.0
2025-08-01 09:23:00 AM,3324.2,0,0.0,16328919.0
2025-08-01 09:23:01 AM,3320.8,72,239097.6,16568016.6
2025-08-01 09:23:03 AM,3320.8,38,126190.40000000001,16694207.0
2025-08-01 09:23:05 AM,3323.1,0,0.0,16694207.0
2025-08-01 09:23:07 AM,3320.8,0,0.0,16694207.0
2025-08-01 09:23:09 AM,3320.8,50,166040.0,16860247.0
2025-08-01 09:23:17 AM,3322.4,10,33224.0,16893471.0
2025-08-01 09:23:18 AM,3322.3,1,3322.3,16896793.3
2025-08-01 09:23:24 AM,3320.8,15,49812.0,16946605.3
2025-08-01 09:23:32 AM,3320.0,236,783520.0,17730125.3
2025-08-01 09:23:45 AM,3321.2,0,0.0,17730125.3
2025-08-01 09:23:45 AM,3321.1,0,0.0,17730125.3
2025-08-01 09:23:47 AM,3321.6,21,69753.59999999999,17799878.900000002
2025-08-01 09:23:51 AM,3321.7,0,0.0,17799878.900000002
2025-08-01 09:23:54 AM,3321.8,5,16609.0,17816487.900000002
2025-08-01 09:24:02 AM,3322.3,27,89702.1,17906190.000000004
2025-08-01 09:24:04 AM,3322.6,4,13290.4,17919480.400000002
2025-08-01 09:24:10 AM,3322.3,4,13289.2,17932769.6
2025-08-01 09:24:18 AM,3324.9,0,0.0,17932769.6
2025-08-01 09:24:19 AM,3324.9,8,26599.2,17959368.8
2025-08-01 09:24:27 AM,3324.9,3,9974.7,17969343.5
2025-08-01 09:24:30 AM,3325.0,0,0.0,17969343.5
2025-08-01 09:24:33 AM,3324.9,8,26599.2,17995942.7
2025-08-01 09:24:36 AM,3324.8,0,0.0,17995942.7
2025-08-01 09:24:40 AM,3322.4,18,59803.200000000004,18055745.9
2025-08-01 09:24:42 AM,3324.7,66,219430.19999999998,18275176.099999998
2025-08-01 09:24:48 AM,3324.2,23,76456.59999999999,18351632.7
2025-08-01 09:24:54 AM,3322.3,0,0.0,18351632.7
2025-08-01 09:24:55 AM,3322.3,33,109635.90000000001,18461268.599999998
2025-08-01 09:25:02 AM,3323.7,0,0.0,18461268.599999998
2025-08-01 09:25:03 AM,3323.7,10,33237.0,18494505.599999998
2025-08-01 09:25:09 AM,3324.5,0,0.0,18494505.599999998
2025-08-01 09:25:10 AM,3324.5,15,49867.5,18544373.099999998
2025-08-01 09:25:25 AM,3324.9,50,166245.0,18710618.099999998
2025-08-01 09:25:27 AM,3327.0,37,123099.0,18833717.099999998
2025-08-01 09:25:28 AM,3330.0,0,0.0,18833717.099999998
2025-08-01 09:25:33 AM,3327.6,52,173035.19999999998,19006752.299999997
2025-08-01 09:25:33 AM,3331.4,0,0.0,19006752.299999997
2025-08-01 09:25:35 AM,3331.4,30,99942.0,19106694.299999997
2025-08-01 09:25:39 AM,3331.7,0,0.0,19106694.299999997
2025-08-01 09:25:40 AM,3331.7,24,79960.79999999999,19186655.099999998
2025-08-01 09:25:42 AM,3331.7,80,266536.0,19453191.099999998
2025-08-01 09:25:45 AM,3330.9,0,0.0,19453191.099999998
2025-08-01 09:25:48 AM,3330.9,201,669510.9,20122701.999999996
2025-08-01 09:25:50 AM,3334.0,21,70014.0,20192715.999999996
2025-08-01 09:25:55 AM,3330.9,3,9992.7,20202708.699999996
2025-08-01 09:25:56 AM,3334.0,0,0.0,20202708.699999996
2025-08-01 09:25:57 AM,3334.0,1,3334.0,20206042.699999996
2025-08-01 09:26:03 AM,3330.7,61,203172.69999999998,20409215.399999995
2025-08-01 09:26:10 AM,3329.5,26,86567.0,20495782.399999995
2025-08-01 09:26:16 AM,3329.3,0,0.0,20495782.399999995
2025-08-01 09:26:18 AM,3330.0,51,169830.0,20665612.399999995
2025-08-01 09:26:20 AM,3330.0,48,159840.0,20825452.399999995
2025-08-01 09:26:28 AM,3330.0,8,26640.0,20852092.399999995
2025-08-01 09:26:32 AM,3327.6,0,0.0,20852092.399999995
2025-08-01 09:26:34 AM,3327.6,56,186345.6,21038437.999999996
2025-08-01 09:26:40 AM,3327.0,0,0.0,21038437.999999996
2025-08-01 09:26:41 AM,3327.0,1,3327.0,21041764.999999996
2025-08-01 09:26:49 AM,3327.6,10,33276.0,21075040.999999996
2025-08-01 09:26:56 AM,3327.6,2,6655.2,21081696.199999996
2025-08-01 09:27:01 AM,3327.7,0,0.0,21081696.199999996
2025-08-01 09:27:04 AM,3327.7,6,19966.199999999997,21101662.399999995
2025-08-01 09:27:11 AM,3327.6,3,9982.8,21111645.199999996
2025-08-01 09:27:17 AM,3329.8,0,0.0,21111645.199999996
2025-08-01 09:27:19 AM,3329.8,15,49947.0,21161592.199999996
2025-08-01 09:27:26 AM,3327.9,39,129788.1,21291380.299999997
2025-08-01 09:27:37 AM,3329.7,0,0.0,21291380.299999997
2025-08-01 09:27:41 AM,3329.7,14,46615.799999999996,21337996.099999998
2025-08-01 09:27:42 AM,3329.7,4,13318.8,21351314.9
2025-08-01 09:27:47 AM,3329.4,0,0.0,21351314.9
2025-08-01 09:27:48 AM,3329.4,1,3329.4,21354644.299999997
2025-08-01 09:28:12 AM,3327.9,1,3327.9,21357972.199999996
2025-08-01 09:28:28 AM,3327.9,1,3327.9,21361300.099999994
2025-08-01 09:28:32 AM,3329.0,0,0.0,21361300.099999994
2025-08-01 09:28:35 AM,3329.0,4,13316.0,21374616.099999994
2025-08-01 09:28:38 AM,3327.5,0,0.0,21374616.099999994
2025-08-01 09:28:42 AM,3327.5,159,529072.5,21903688.599999994
2025-08-01 09:28:48 AM,3323.6,0,0.0,21903688.599999994
2025-08-01 09:28:50 AM,3323.6,1524,5065166.399999999,26968854.999999993
2025-08-01 09:29:07 AM,3322.3,3,9966.900000000001,26978821.89999999
2025-08-01 09:29:11 AM,3321.7,0,0.0,26978821.89999999
2025-08-01 09:29:13 AM,3321.7,30,99651.0,27078472.89999999
2025-08-01 09:29:22 AM,3324.1,48,159556.8,27238029.69999999
2025-08-01 09:29:27 AM,3325.0,0,0.0,27238029.69999999
2025-08-01 09:29:28 AM,3325.0,10,33250.0,27271279.69999999
2025-08-01 09:29:32 AM,3326.4,0,0.0,27271279.69999999
2025-08-01 09:29:35 AM,3326.9,16,53230.4,27324510.09999999
2025-08-01 09:29:42 AM,3326.0,0,0.0,27324510.09999999
2025-08-01 09:29:43 AM,3326.0,100,332600.0,27657110.09999999
2025-08-01 09:29:47 AM,3328.0,0,0.0,27657110.09999999
2025-08-01 09:29:50 AM,3328.0,11,36608.0,27693718.09999999
2025-08-01 09:29:51 AM,3328.0,1,3328.0,27697046.09999999
2025-08-01 09:29:59 AM,3329.0,72,239688.0,27936734.09999999
2025-08-01 09:30:03 AM,3328.9,0,0.0,27936734.09999999
2025-08-01 09:30:05 AM,3328.9,75,249667.5,28186401.59999999
2025-08-01 09:30:11 AM,3328.8,0,0.0,28186401.59999999
2025-08-01 09:30:13 AM,3328.8,3,9986.400000000001,28196387.99999999
2025-08-01 09:30:18 AM,3326.1,0,0.0,28196387.99999999
2025-08-01 09:30:21 AM,3326.1,8,26608.8,28222996.79999999
2025-08-01 09:30:28 AM,3326.1,1,3326.1,28226322.89999999
2025-08-01 09:30:32 AM,3325.8,0,0.0,28226322.89999999
2025-08-01 09:30:35 AM,3325.8,1,3325.8,28229648.69999999
2025-08-01 09:30:39 AM,3324.9,0,0.0,28229648.69999999
2025-08-01 09:30:43 AM,3325.0,9,29925.0,28259573.69999999
2025-08-01 09:30:50 AM,3325.0,1,3325.0,28262898.69999999
2025-08-01 09:31:03 AM,3324.1,0,0.0,28262898.69999999
2025-08-01 09:31:05 AM,3322.8,69,229273.2,28492171.89999999
2025-08-01 09:31:05 AM,3324.0,10,33240.0,28525411.89999999
2025-08-01 09:31:09 AM,3323.8,0,0.0,28525411.89999999
2025-08-01 09:31:12 AM,3323.8,10,33238.0,28558649.89999999
2025-08-01 09:31:20 AM,3324.9,17,56523.3,28615173.19999999
2025-08-01 09:31:20 AM,3322.1,84,279056.39999999997,28894229.59999999
2025-08-01 09:31:25 AM,3324.7,0,0.0,28894229.59999999
2025-08-01 09:31:27 AM,3324.7,1,3324.7,28897554.29999999
2025-08-01 09:31:41 AM,3323.0,10,33230.0,28930784.29999999
2025-08-01 09:31:45 AM,3322.0,0,0.0,28930784.29999999
2025-08-01 09:31:48 AM,3323.4,17,56497.8,28987282.09999999
2025-08-01 09:31:55 AM,3320.4,0,0.0,28987282.09999999
2025-08-01 09:31:55 AM,3320.4,50,166020.0,29153302.09999999
2025-08-01 09:32:05 AM,3320.2,0,0.0,29153302.09999999
2025-08-01 09:32:09 AM,3320.2,17,56443.399999999994,29209745.49999999
2025-08-01 09:32:16 AM,3320.4,30,99612.0,29309357.49999999
2025-08-01 09:32:29 AM,3324.1,0,0.0,29309357.49999999
2025-08-01 09:32:30 AM,3324.1,1,3324.1,29312681.59999999
2025-08-01 09:32:35 AM,3323.9,0,0.0,29312681.59999999
2025-08-01 09:32:37 AM,3323.9,5,16619.5,29329301.09999999
2025-08-01 09:32:41 AM,3324.4,0,0.0,29329301.09999999
2025-08-01 09:32:44 AM,3324.4,1,3324.4,29332625.49999999
2025-08-01 09:32:53 AM,3322.3,0,0.0,29332625.49999999
2025-08-01 09:32:58 AM,3322.3,56,186048.80000000002,29518674.29999999
2025-08-01 09:33:11 AM,3325.0,0,0.0,29518674.29999999
2025-08-01 09:33:12 AM,3325.0,1,3325.0,29521999.29999999
2025-08-01 09:33:18 AM,3325.0,3,9975.0,29531974.29999999
2025-08-01 09:33:31 AM,3324.5,0,0.0,29531974.29999999
2025-08-01 09:33:32 AM,3324.5,14,46543.0,29578517.29999999
2025-08-01 09:33:46 AM,3321.6,46,152793.6,29731310.89999999
2025-08-01 09:34:06 AM,3324.0,0,0.0,29731310.89999999
2025-08-01 09:34:07 AM,3324.0,18,59832.0,29791142.89999999
2025-08-01 09:34:07 AM,3320.9,50,166045.0,29957187.89999999
2025-08-01 09:34:14 AM,3324.0,17,56508.0,30013695.89999999
2025-08-01 09:34:21 AM,3324.0,3,9972.0,30023667.89999999
2025-08-01 09:34:24 AM,3325.0,0,0.0,30023667.89999999
2025-08-01 09:34:28 AM,3325.0,1,3325.0,30026992.89999999
2025-08-01 09:34:46 AM,3324.4,0,0.0,30026992.89999999
2025-08-01 09:34:49 AM,3325.0,15,49875.0,30076867.89999999
2025-08-01 09:34:56 AM,3325.0,16,53200.0,30130067.89999999
2025-08-01 09:35:03 AM,3324.6,1,3324.6,30133392.499999993
2025-08-01 09:35:21 AM,3324.2,0,0.0,30133392.499999993
2025-08-01 09:35:24 AM,3324.2,7,23269.399999999998,30156661.89999999
2025-08-01 09:35:24 AM,3321.0,2,6642.0,30163303.89999999
2025-08-01 09:35:46 AM,3322.5,0,0.0,30163303.89999999
2025-08-01 09:35:51 AM,3315.4,0,0.0,30163303.89999999
2025-08-01 09:35:51 AM,3315.4,105,348117.0,30511420.89999999
2025-08-01 09:35:56 AM,3317.4,0,0.0,30511420.89999999
2025-08-01 09:35:58 AM,3317.4,30,99522.0,30610942.89999999
2025-08-01 09:36:05 AM,3317.4,1,3317.4,30614260.29999999
2025-08-01 09:36:08 AM,3315.7,0,0.0,30614260.29999999
2025-08-01 09:36:11 AM,3315.7,2,6631.4,30620891.699999988
2025-08-01 09:36:28 AM,3318.5,0,0.0,30620891.699999988
2025-08-01 09:36:31 AM,3318.5,50,165925.0,30786816.699999988
2025-08-01 09:36:36 AM,3315.7,0,0.0,30786816.699999988
2025-08-01 09:36:37 AM,3317.3,107,354951.10000000003,31141767.79999999
2025-08-01 09:36:40 AM,3318.5,0,0.0,31141767.79999999
2025-08-01 09:36:40 AM,3320.0,0,0.0,31141767.79999999
2025-08-01 09:36:44 AM,3320.0,111,368520.0,31510287.79999999
2025-08-01 09:36:48 AM,3316.9,0,0.0,31510287.79999999
2025-08-01 09:36:51 AM,3316.9,15,49753.5,31560041.29999999
2025-08-01 09:37:04 AM,3318.0,0,0.0,31560041.29999999
2025-08-01 09:37:04 AM,3318.0,10,33180.0,31593221.29999999
2025-08-01 09:37:18 AM,3317.8,15,49767.0,31642988.29999999
2025-08-01 09:37:24 AM,3315.7,0,0.0,31642988.29999999
2025-08-01 09:37:25 AM,3315.7,6,19894.199999999997,31662882.49999999
2025-08-01 09:37:29 AM,3314.1,0,0.0,31662882.49999999
2025-08-01 09:37:32 AM,3314.1,8,26512.8,31689395.29999999
2025-08-01 09:37:46 AM,3315.0,2,6630.0,31696025.29999999
2025-08-01 09:37:50 AM,3317.2,0,0.0,31696025.29999999
2025-08-01 09:37:52 AM,3317.2,10,33172.0,31729197.29999999
2025-08-01 09:38:10 AM,3316.8,0,0.0,31729197.29999999
2025-08-01 09:38:12 AM,3316.8,4,13267.2,31742464.49999999
2025-08-01 09:38:26 AM,3316.9,15,49753.5,31792217.99999999
2025-08-01 09:38:44 AM,3315.1,0,0.0,31792217.99999999
2025-08-01 09:38:46 AM,3316.7,3,9950.099999999999,31802168.09999999
2025-08-01 09:38:59 AM,3316.7,6,19900.199999999997,31822068.29999999
2025-08-01 09:39:00 AM,3313.7,0,0.0,31822068.29999999
2025-08-01 09:39:06 AM,3313.0,328,1086664.0,32908732.29999999
2025-08-01 09:39:11 AM,3313.1,0,0.0,32908732.29999999
2025-08-01 09:39:13 AM,3313.1,1,3313.1,32912045.39999999
2025-08-01 09:39:20 AM,3313.1,5,16565.5,32928610.89999999
2025-08-01 09:39:26 AM,3313.1,5,16565.5,32945176.39999999
2025-08-01 09:39:37 AM,3310.1,0,0.0,32945176.39999999
2025-08-01 09:39:39 AM,3310.1,25,82752.5,33027928.89999999
2025-08-01 09:39:41 AM,3311.6,0,0.0,33027928.89999999
2025-08-01 09:39:46 AM,3311.6,5,16558.0,33044486.89999999
2025-08-01 09:39:52 AM,3311.9,14,46366.6,33090853.499999993
2025-08-01 09:39:59 AM,3311.9,1,3311.9,33094165.39999999
2025-08-01 09:40:05 AM,3312.0,0,0.0,33094165.39999999
2025-08-01 09:40:06 AM,3312.0,5,16560.0,33110725.39999999
2025-08-01 09:40:12 AM,3312.0,2,6624.0,33117349.39999999
2025-08-01 09:40:26 AM,3311.8,4,13247.2,33130596.59999999
2025-08-01 09:40:30 AM,3310.2,0,0.0,33130596.59999999
2025-08-01 09:40:32 AM,3310.2,20,66204.0,33196800.59999999
2025-08-01 09:40:44 AM,3310.1,0,0.0,33196800.59999999
2025-08-01 09:40:45 AM,3312.0,0,0.0,33196800.59999999
2025-08-01 09:40:45 AM,3312.0,3,9936.0,33206736.59999999
2025-08-01 09:40:52 AM,3312.0,102,337824.0,33544560.59999999
2025-08-01 09:40:58 AM,3316.9,2,6633.8,33551194.39999999
2025-08-01 09:41:04 AM,3318.0,0,0.0,33551194.39999999
2025-08-01 09:41:05 AM,3318.0,28,92904.0,33644098.39999999
2025-08-01 09:41:16 AM,3316.0,0,0.0,33644098.39999999
2025-08-01 09:41:18 AM,3316.0,22,72952.0,33717050.39999999
2025-08-01 09:41:19 AM,3316.3,5,16581.5,33733631.89999999
2025-08-01 09:41:36 AM,3316.8,0,0.0,33733631.89999999
2025-08-01 09:41:38 AM,3316.8,1,3316.8,33736948.69999999
2025-08-01 09:42:22 AM,3316.3,0,0.0,33736948.69999999
2025-08-01 09:42:24 AM,3316.3,6,19897.800000000003,33756846.499999985
2025-08-01 09:42:27 AM,3315.5,0,0.0,33756846.499999985
2025-08-01 09:42:31 AM,3315.5,2,6631.0,33763477.499999985
2025-08-01 09:42:50 AM,3315.5,1,3315.5,33766792.999999985
2025-08-01 09:42:56 AM,3315.5,1,3315.5,33770108.499999985
2025-08-01 09:43:23 AM,3317.9,0,0.0,33770108.499999985
2025-08-01 09:43:23 AM,3317.9,1,3317.9,33773426.39999998
2025-08-01 09:43:43 AM,3318.4,50,165920.0,33939346.39999998
2025-08-01 09:43:47 AM,3315.4,0,0.0,33939346.39999998
2025-08-01 09:43:49 AM,3315.4,8,26523.2,33965869.59999999
2025-08-01 09:43:55 AM,3315.1,0,0.0,33965869.59999999
2025-08-01 09:43:56 AM,3315.1,1,3315.1,33969184.69999999
2025-08-01 09:44:13 AM,3315.0,0,0.0,33969184.69999999
2025-08-01 09:44:16 AM,3315.0,4,13260.0,33982444.69999999
2025-08-01 09:44:27 AM,3317.7,0,0.0,33982444.69999999
2025-08-01 09:44:29 AM,3317.7,2,6635.4,33989080.09999999
2025-08-01 09:44:33 AM,3315.0,0,0.0,33989080.09999999
2025-08-01 09:44:35 AM,3315.0,6,19890.0,34008970.09999999
2025-08-01 09:44:47 AM,3314.0,0,0.0,34008970.09999999
2025-08-01 09:44:48 AM,3314.0,5,16570.0,34025540.09999999
2025-08-01 09:44:49 AM,3313.0,4,13252.0,34038792.09999999
2025-08-01 09:44:54 AM,3308.8,69,228307.2,34267099.29999999
2025-08-01 09:45:09 AM,3308.8,1,3308.8,34270408.09999999
2025-08-01 09:45:14 AM,3310.8,25,82770.0,34353178.09999999
2025-08-01 09:45:27 AM,3310.0,49,162190.0,34515368.09999999
2025-08-01 09:45:29 AM,3310.1,2,6620.2,34521988.29999999
2025-08-01 09:45:34 AM,3308.2,2,6616.4,34528604.69999999
2025-08-01 09:45:36 AM,3309.9,0,0.0,34528604.69999999
2025-08-01 09:45:39 AM,3307.2,0,0.0,34528604.69999999
2025-08-01 09:45:40 AM,3307.2,41,135595.19999999998,34664199.89999999
2025-08-01 09:45:51 AM,3306.7,0,0.0,34664199.89999999
2025-08-01 09:45:53 AM,3309.4,28,92663.2,34756863.099999994
2025-08-01 09:45:54 AM,3307.4,0,0.0,34756863.099999994
2025-08-01 09:45:55 AM,3307.4,162,535798.8,35292661.89999999
2025-08-01 09:46:06 AM,3307.5,0,0.0,35292661.89999999
2025-08-01 09:46:06 AM,3307.5,80,264600.0,35557261.89999999
2025-08-01 09:46:07 AM,3306.1,0,0.0,35557261.89999999
2025-08-01 09:46:07 AM,3306.1,30,99183.0,35656444.89999999
2025-08-01 09:46:40 AM,3309.0,0,0.0,35656444.89999999
2025-08-01 09:46:40 AM,3309.0,1,3309.0,35659753.89999999
2025-08-01 09:46:44 AM,3306.2,0,0.0,35659753.89999999
2025-08-01 09:46:44 AM,3306.2,9,29755.8,35689509.69999999
2025-08-01 09:46:49 AM,3308.3,0,0.0,35689509.69999999
2025-08-01 09:46:51 AM,3308.3,1,3308.3,35692817.999999985
2025-08-01 09:47:03 AM,3308.0,8,26464.0,35719281.999999985
2025-08-01 09:47:28 AM,3307.8,0,0.0,35719281.999999985
2025-08-01 09:47:28 AM,3307.8,3,9923.400000000001,35729205.39999998
2025-08-01 09:47:50 AM,3307.6,0,0.0,35729205.39999998
2025-08-01 09:47:51 AM,3307.6,1,3307.6,35732512.999999985
2025-08-01 09:48:15 AM,3306.1,0,0.0,35732512.999999985
2025-08-01 09:48:17 AM,3306.1,21,69428.09999999999,35801941.09999999
2025-08-01 09:48:27 AM,3307.4,3,9922.2,35811863.29999999
2025-08-01 09:48:27 AM,3307.8,0,0.0,35811863.29999999
2025-08-01 09:48:30 AM,3307.8,6,19846.800000000003,35831710.09999999
2025-08-01 09:48:39 AM,3305.1,0,0.0,35831710.09999999
2025-08-01 09:48:40 AM,3308.1,70,231567.0,36063277.09999999
2025-08-01 09:48:59 AM,3306.9,1,3306.9,36066583.999999985
2025-08-01 09:49:03 AM,3305.0,0,0.0,36066583.999999985
2025-08-01 09:49:05 AM,3305.0,10,33050.0,36099633.999999985
2025-08-01 09:49:20 AM,3305.0,2,6610.0,36106243.999999985
2025-08-01 09:49:30 AM,3305.0,9,29745.0,36135988.999999985
2025-08-01 09:49:43 AM,3307.4,0,0.0,36135988.999999985
2025-08-01 09:49:43 AM,3307.4,2,6614.8,36142603.79999998
2025-08-01 09:49:55 AM,3307.4,28,92607.2,36235210.999999985
2025-08-01 09:50:18 AM,3303.7,100,330370.0,36565580.999999985
2025-08-01 09:50:26 AM,3303.1,0,0.0,36565580.999999985
2025-08-01 09:50:27 AM,3303.1,20,66062.0,36631642.999999985
2025-08-01 09:50:36 AM,3306.1,3,9918.3,36641561.29999998
2025-08-01 09:50:49 AM,3304.4,10,33044.0,36674605.29999998
2025-08-01 09:50:59 AM,3304.4,1,3304.4,36677909.69999998
2025-08-01 09:51:20 AM,3309.0,106,350754.0,37028663.69999998
2025-08-01 09:51:26 AM,3312.4,0,0.0,37028663.69999998
2025-08-01 09:51:28 AM,3312.3,0,0.0,37028663.69999998
2025-08-01 09:51:30 AM,3312.3,61,202050.30000000002,37230713.99999998
2025-08-01 09:51:32 AM,3309.0,66,218394.0,37449107.99999998
2025-08-01 09:51:55 AM,3308.7,1,3308.7,37452416.69999998
2025-08-01 09:52:00 AM,3305.2,0,0.0,37452416.69999998
2025-08-01 09:52:01 AM,3305.2,23,76019.59999999999,37528436.29999998
2025-08-01 09:52:10 AM,3303.0,0,0.0,37528436.29999998
2025-08-01 09:52:10 AM,3303.0,15,49545.0,37577981.29999998
2025-08-01 09:52:11 AM,3305.1,0,0.0,37577981.29999998
2025-08-01 09:52:13 AM,3305.1,2,6610.2,37584591.499999985
2025-08-01 09:52:16 AM,3302.2,149,492027.8,38076619.29999998
2025-08-01 09:52:26 AM,3303.3,0,0.0,38076619.29999998
2025-08-01 09:52:26 AM,3303.3,1,3303.3,38079922.59999998
2025-08-01 09:52:28 AM,3303.3,1,3303.3,38083225.899999976
2025-08-01 09:52:47 AM,3303.3,2,6606.6,38089832.49999998
2025-08-01 09:52:56 AM,3303.3,7,23123.100000000002,38112955.59999998
2025-08-01 09:53:10 AM,3303.6,1,3303.6,38116259.19999998
2025-08-01 09:53:11 AM,3303.3,0,0.0,38116259.19999998
2025-08-01 09:53:15 AM,3303.3,29,95795.70000000001,38212054.89999998
2025-08-01 09:53:21 AM,3304.3,0,0.0,38212054.89999998
2025-08-01 09:53:21 AM,3304.3,10,33043.0,38245097.89999998
2025-08-01 09:53:23 AM,3302.2,91,300500.2,38545598.09999999
2025-08-01 09:53:24 AM,3303.1,0,0.0,38545598.09999999
2025-08-01 09:53:27 AM,3303.1,5,16515.5,38562113.59999999
2025-08-01 09:53:29 AM,3299.9,221,729277.9,39291391.499999985
2025-08-01 09:53:39 AM,3299.6,0,0.0,39291391.499999985
2025-08-01 09:53:39 AM,3299.6,3,9898.8,39301290.29999998
2025-08-01 09:53:39 AM,3296.7,0,0.0,39301290.29999998
2025-08-01 09:53:41 AM,3296.7,42,138461.4,39439751.69999998
2025-08-01 09:53:47 AM,3299.0,50,164950.0,39604701.69999998
2025-08-01 09:53:51 AM,3297.0,0,0.0,39604701.69999998
2025-08-01 09:53:52 AM,3297.0,5,16485.0,39621186.69999998
2025-08-01 09:53:53 AM,3298.6,2,6597.2,39627783.89999998
2025-08-01 09:53:58 AM,3298.6,5,16493.0,39644276.89999998
2025-08-01 09:54:05 AM,3296.7,40,131868.0,39776144.89999998
2025-08-01 09:54:06 AM,3298.3,0,0.0,39776144.89999998
2025-08-01 09:54:09 AM,3299.9,0,0.0,39776144.89999998
2025-08-01 09:54:10 AM,3299.9,7,23099.3,39799244.19999998
2025-08-01 09:54:12 AM,3298.6,9,29687.399999999998,39828931.59999998
2025-08-01 09:54:18 AM,3298.5,40,131940.0,39960871.59999998
2025-08-01 09:54:23 AM,3298.3,3,9894.900000000001,39970766.49999998
2025-08-01 09:54:24 AM,3296.7,0,0.0,39970766.49999998
2025-08-01 09:54:24 AM,3296.7,1,3296.7,39974063.19999998
2025-08-01 09:54:27 AM,3298.1,0,0.0,39974063.19999998
2025-08-01 09:54:29 AM,3298.1,1,3298.1,39977361.29999998
2025-08-01 09:54:31 AM,3296.6,0,0.0,39977361.29999998
2025-08-01 09:54:31 AM,3297.8,0,0.0,39977361.29999998
2025-08-01 09:54:34 AM,3298.1,0,0.0,39977361.29999998
2025-08-01 09:54:35 AM,3295.2,42,138398.4,40115759.69999998
2025-08-01 09:54:37 AM,3298.1,0,0.0,40115759.69999998
2025-08-01 09:54:42 AM,3298.1,2,6596.2,40122355.89999998
2025-08-01 09:54:43 AM,3297.3,0,0.0,40122355.89999998
2025-08-01 09:54:46 AM,3298.1,0,0.0,40122355.89999998
2025-08-01 09:54:47 AM,3298.1,21,69260.09999999999,40191615.999999985
2025-08-01 09:55:10 AM,3298.1,91,300127.1,40491743.09999999
2025-08-01 09:55:12 AM,3295.9,43,141723.7,40633466.79999999
2025-08-01 09:55:13 AM,3298.9,0,0.0,40633466.79999999
2025-08-01 09:55:16 AM,3295.8,0,0.0,40633466.79999999
2025-08-01 09:55:17 AM,3295.8,2,6591.6,40640058.39999999
2025-08-01 09:55:19 AM,3295.6,0,0.0,40640058.39999999
2025-08-01 09:55:22 AM,3298.3,0,0.0,40640058.39999999
2025-08-01 09:55:22 AM,3298.3,32,105545.6,40745603.99999999
2025-08-01 09:55:31 AM,3297.9,0,0.0,40745603.99999999
2025-08-01 09:55:34 AM,3298.3,0,0.0,40745603.99999999
2025-08-01 09:55:34 AM,3296.6,23,75821.8,40821425.79999999
2025-08-01 09:55:38 AM,3297.9,0,0.0,40821425.79999999
2025-08-01 09:55:40 AM,3297.9,13,42872.700000000004,40864298.49999999
2025-08-01 09:55:42 AM,3295.6,0,0.0,40864298.49999999
2025-08-01 09:55:42 AM,3295.6,2,6591.2,40870889.699999996
2025-08-01 09:55:43 AM,3298.3,0,0.0,40870889.699999996
2025-08-01 09:55:47 AM,3298.3,100,329830.0,41200719.699999996
2025-08-01 09:56:05 AM,3299.9,2,6599.8,41207319.49999999
2025-08-01 09:56:10 AM,3299.5,0,0.0,41207319.49999999
2025-08-01 09:56:11 AM,3299.5,1,3299.5,41210618.99999999
2025-08-01 09:56:17 AM,3299.5,1,3299.5,41213918.49999999
2025-08-01 09:56:22 AM,3299.8,0,0.0,41213918.49999999
2025-08-01 09:56:23 AM,3299.8,1,3299.8,41217218.29999999
2025-08-01 09:56:40 AM,3299.9,18,59398.200000000004,41276616.49999999
2025-08-01 09:56:48 AM,3297.6,1,3297.6,41279914.099999994
2025-08-01 09:56:57 AM,3299.4,0,0.0,41279914.099999994
2025-08-01 09:56:59 AM,3299.4,5,16497.0,41296411.099999994
2025-08-01 09:57:05 AM,3299.5,0,0.0,41296411.099999994
2025-08-01 09:57:05 AM,3299.5,7,23096.5,41319507.599999994
2025-08-01 09:57:06 AM,3299.5,2,6599.0,41326106.599999994
2025-08-01 09:57:17 AM,3299.5,1,3299.5,41329406.099999994
2025-08-01 09:57:22 AM,3299.5,2,6599.0,41336005.099999994
2025-08-01 09:57:34 AM,3299.0,5,16495.0,41352500.099999994
2025-08-01 09:57:36 AM,3299.4,5,16497.0,41368997.099999994
2025-08-01 09:57:57 AM,3299.0,0,0.0,41368997.099999994
2025-08-01 09:57:58 AM,3299.0,9,29691.0,41398688.099999994
2025-08-01 09:58:04 AM,3297.6,3,9892.8,41408580.89999999
2025-08-01 09:58:06 AM,3298.0,0,0.0,41408580.89999999
2025-08-01 09:58:07 AM,3298.0,5,16490.0,41425070.89999999
2025-08-01 09:58:19 AM,3296.1,1,3296.1,41428366.99999999
2025-08-01 09:58:22 AM,3296.1,2,6592.2,41434959.199999996
2025-08-01 09:58:28 AM,3296.1,7,23072.7,41458031.9
2025-08-01 09:58:34 AM,3295.4,0,0.0,41458031.9
2025-08-01 09:58:34 AM,3295.4,1,3295.4,41461327.3
2025-08-01 09:58:37 AM,3295.0,28,92260.0,41553587.3
2025-08-01 09:58:41 AM,3295.0,2,6590.0,41560177.3
2025-08-01 09:58:42 AM,3296.1,0,0.0,41560177.3
2025-08-01 09:58:43 AM,3296.1,1,3296.1,41563473.4
2025-08-01 09:58:47 AM,3296.1,1,3296.1,41566769.5
2025-08-01 09:58:50 AM,3293.2,0,0.0,41566769.5
2025-08-01 09:58:50 AM,3293.2,75,246990.0,41813759.5
2025-08-01 09:58:54 AM,3294.8,0,0.0,41813759.5
2025-08-01 09:58:55 AM,3294.8,1,3294.8,41817054.3
2025-08-01 09:59:20 AM,3294.0,10,32940.0,41849994.3
2025-08-01 09:59:24 AM,3294.8,0,0.0,41849994.3
2025-08-01 09:59:24 AM,3294.8,1,3294.8,41853289.099999994
2025-08-01 09:59:27 AM,3294.9,3,9884.7,41863173.8
2025-08-01 10:00:07 AM,3296.7,1,3296.7,41866470.5
2025-08-01 10:00:10 AM,3296.9,0,0.0,41866470.5
2025-08-01 10:00:10 AM,3296.9,3,9890.7,41876361.2
2025-08-01 10:00:16 AM,3297.1,0,0.0,41876361.2
2025-08-01 10:00:17 AM,3297.1,1,3297.1,41879658.300000004
2025-08-01 10:00:21 AM,3294.8,0,0.0,41879658.300000004
2025-08-01 10:00:23 AM,3294.8,260,856648.0,42736306.300000004
2025-08-01 10:00:26 AM,3295.3,5,16476.5,42752782.800000004
2025-08-01 10:00:45 AM,3295.4,0,0.0,42752782.800000004
2025-08-01 10:00:45 AM,3295.0,25,82375.0,42835157.800000004
2025-08-01 10:00:48 AM,3294.0,21,69174.0,42904331.800000004
2025-08-01 10:01:01 AM,3292.1,72,237031.19999999998,43141363.00000001
2025-08-01 10:01:03 AM,3290.1,0,0.0,43141363.00000001
2025-08-01 10:01:04 AM,3290.1,156,513255.6,43654618.60000001
2025-08-01 10:01:07 AM,3290.0,150,493500.0,44148118.60000001
2025-08-01 10:01:10 AM,3292.3,33,108645.90000000001,44256764.50000001
2025-08-01 10:01:14 AM,3292.2,0,0.0,44256764.50000001
2025-08-01 10:01:14 AM,3292.2,1,3292.2,44260056.70000001
2025-08-01 10:01:15 AM,3295.0,0,0.0,44260056.70000001
2025-08-01 10:01:17 AM,3295.0,11,36245.0,44296301.70000001
2025-08-01 10:01:34 AM,3295.9,0,0.0,44296301.70000001
2025-08-01 10:01:35 AM,3295.9,1505,4960329.5,49256631.20000001
2025-08-01 10:02:18 AM,3296.2,0,0.0,49256631.20000001
2025-08-01 10:02:18 AM,3296.2,1,3296.2,49259927.40000001
2025-08-01 10:02:22 AM,3295.9,0,0.0,49259927.40000001
2025-08-01 10:02:22 AM,3295.9,25,82397.5,49342324.90000001
2025-08-01 10:02:43 AM,3298.1,6,19788.6,49362113.500000015
2025-08-01 10:02:50 AM,3299.2,12,39590.399999999994,49401703.90000001
2025-08-01 10:03:01 AM,3299.0,1,3299.0,49405002.90000001
2025-08-01 10:03:07 AM,3297.7,38,125312.59999999999,49530315.500000015
2025-08-01 10:03:09 AM,3298.0,1,3298.0,49533613.500000015
2025-08-01 10:03:20 AM,3301.6,1,3301.6,49536915.10000002
2025-08-01 10:03:39 AM,3306.7,101,333976.69999999995,49870891.80000002
2025-08-01 10:03:45 AM,3306.0,18,59508.0,49930399.80000002
2025-08-01 10:03:47 AM,3305.5,25,82637.5,50013037.30000002
2025-08-01 10:03:57 AM,3305.5,11,36360.5,50049397.80000002
2025-08-01 10:04:10 AM,3305.5,100,330550.0,50379947.80000002
2025-08-01 10:04:16 AM,3301.6,10,33016.0,50412963.80000002
2025-08-01 10:05:06 AM,3299.1,0,0.0,50412963.80000002
2025-08-01 10:05:06 AM,3299.1,6,19794.6,50432758.40000002
2025-08-01 10:05:08 AM,3301.1,10,33011.0,50465769.40000002
2025-08-01 10:05:14 AM,3299.0,1,3299.0,50469068.40000002
2025-08-01 10:05:21 AM,3298.8,2,6597.6,50475666.00000002
2025-08-01 10:05:31 AM,3299.0,0,0.0,50475666.00000002
2025-08-01 10:05:31 AM,3299.0,138,455262.0,50930928.00000002
2025-08-01 10:05:51 AM,3301.8,5,16509.0,50947437.00000002
2025-08-01 10:06:21 AM,3303.2,0,0.0,50947437.00000002
2025-08-01 10:06:21 AM,3303.2,4,13212.8,50960649.80000002
2025-08-01 10:06:33 AM,3301.5,0,0.0,50960649.80000002
2025-08-01 10:06:33 AM,3301.5,270,891405.0,51852054.80000002
2025-08-01 10:06:45 AM,3301.0,170,561170.0,52413224.80000002
2025-08-01 10:07:01 AM,3300.8,0,0.0,52413224.80000002
2025-08-01 10:07:01 AM,3300.8,1,3300.8,52416525.60000002
2025-08-01 10:07:07 AM,3298.0,0,0.0,52416525.60000002
2025-08-01 10:07:07 AM,3298.0,21,69258.0,52485783.60000002
2025-08-01 10:07:26 AM,3299.7,1,3299.7,52489083.30000002
2025-08-01 10:07:34 AM,3298.0,0,0.0,52489083.30000002
2025-08-01 10:07:34 AM,3298.0,40,131920.0,52621003.30000002
2025-08-01 10:07:38 AM,3296.1,65,214246.5,52835249.80000002
2025-08-01 10:07:50 AM,3298.5,1,3298.5,52838548.30000002
2025-08-01 10:07:54 AM,3296.4,0,0.0,52838548.30000002
2025-08-01 10:07:57 AM,3296.4,1,3296.4,52841844.70000002
2025-08-01 10:07:58 AM,3296.2,6,19777.199999999997,52861621.90000002
2025-08-01 10:08:17 AM,3299.5,0,0.0,52861621.90000002
2025-08-01 10:08:17 AM,3299.5,10,32995.0,52894616.90000002
2025-08-01 10:08:23 AM,3299.3,5,16496.5,52911113.40000002
2025-08-01 10:08:35 AM,3299.7,6,19798.199999999997,52930911.600000024
2025-08-01 10:08:51 AM,3299.7,10,32997.0,52963908.600000024
2025-08-01 10:09:27 AM,3300.0,0,0.0,52963908.600000024
2025-08-01 10:09:27 AM,3300.0,2,6600.0,52970508.600000024
2025-08-01 10:09:29 AM,3298.0,6,19788.0,52990296.600000024
2025-08-01 10:09:42 AM,3300.0,0,0.0,52990296.600000024
2025-08-01 10:09:43 AM,3298.1,0,0.0,52990296.600000024
2025-08-01 10:09:44 AM,3298.1,22,72558.2,53062854.80000003
2025-08-01 10:09:58 AM,3299.9,0,0.0,53062854.80000003
2025-08-01 10:10:01 AM,3299.9,11,36298.9,53099153.700000025
2025-08-01 10:10:10 AM,3299.5,0,0.0,53099153.700000025
2025-08-01 10:10:13 AM,3299.5,1,3299.5,53102453.200000025
2025-08-01 10:10:15 AM,3300.0,0,0.0,53102453.200000025
2025-08-01 10:10:15 AM,3300.0,2,6600.0,53109053.200000025
2025-08-01 10:10:21 AM,3299.0,1,3299.0,53112352.200000025
2025-08-01 10:10:43 AM,3299.0,3,9897.0,53122249.200000025
2025-08-01 10:10:44 AM,3298.0,5,16490.0,53138739.200000025
2025-08-01 10:10:59 AM,3300.0,0,0.0,53138739.200000025
2025-08-01 10:11:01 AM,3300.0,79,260700.0,53399439.200000025
2025-08-01 10:11:02 AM,3305.2,50,165260.0,53564699.200000025
2025-08-01 10:11:12 AM,3304.9,0,0.0,53564699.200000025
2025-08-01 10:11:13 AM,3304.9,2,6609.8,53571309.00000002
2025-08-01 10:11:19 AM,3303.1,30,99093.0,53670402.00000002
2025-08-01 10:11:25 AM,3298.6,100,329860.0,54000262.00000002
2025-08-01 10:11:31 AM,3300.7,3,9902.099999999999,54010164.100000024
2025-08-01 10:11:45 AM,3298.1,0,0.0,54010164.100000024
2025-08-01 10:11:47 AM,3298.1,30,98943.0,54109107.100000024
2025-08-01 10:11:51 AM,3300.9,0,0.0,54109107.100000024
2025-08-01 10:11:53 AM,3300.9,1,3300.9,54112408.00000002
2025-08-01 10:12:30 AM,3303.0,0,0.0,54112408.00000002
2025-08-01 10:12:33 AM,3302.2,0,0.0,54112408.00000002
2025-08-01 10:12:34 AM,3302.2,3,9906.599999999999,54122314.600000024
2025-08-01 10:13:20 AM,3305.5,60,198330.0,54320644.600000024
2025-08-01 10:13:27 AM,3305.0,0,0.0,54320644.600000024
2025-08-01 10:13:27 AM,3305.0,1,3305.0,54323949.600000024
2025-08-01 10:13:32 AM,3304.9,1,3304.9,54327254.50000002
2025-08-01 10:13:42 AM,3306.0,0,0.0,54327254.50000002
2025-08-01 10:13:44 AM,3306.0,100,330600.0,54657854.50000002
2025-08-01 10:13:54 AM,3304.3,0,0.0,54657854.50000002
2025-08-01 10:13:56 AM,3304.3,2,6608.6,54664463.100000024
2025-08-01 10:14:06 AM,3300.9,0,0.0,54664463.100000024
2025-08-01 10:14:08 AM,3300.9,100,330090.0,54994553.100000024
2025-08-01 10:14:24 AM,3304.0,0,0.0,54994553.100000024
2025-08-01 10:14:25 AM,3304.0,2,6608.0,55001161.100000024
2025-08-01 10:15:00 AM,3305.0,2,6610.0,55007771.100000024
2025-08-01 10:15:05 AM,3304.0,0,0.0,55007771.100000024
2025-08-01 10:15:05 AM,3304.0,1,3304.0,55011075.100000024
2025-08-01 10:15:09 AM,3305.0,0,0.0,55011075.100000024
2025-08-01 10:15:11 AM,3305.0,2,6610.0,55017685.100000024
2025-08-01 10:15:23 AM,3306.1,0,0.0,55017685.100000024
2025-08-01 10:15:23 AM,3306.1,283,935626.2999999999,55953311.40000002
2025-08-01 10:15:41 AM,3306.5,0,0.0,55953311.40000002
2025-08-01 10:15:41 AM,3306.5,1,3306.5,55956617.90000002
2025-08-01 10:15:50 AM,3306.6,0,0.0,55956617.90000002
2025-08-01 10:15:51 AM,3304.0,0,0.0,55956617.90000002
2025-08-01 10:15:53 AM,3304.0,7,23128.0,55979745.90000002
2025-08-01 10:16:05 AM,3304.0,3,9912.0,55989657.90000002
2025-08-01 10:16:08 AM,3303.6,0,0.0,55989657.90000002
2025-08-01 10:16:09 AM,3303.5,0,0.0,55989657.90000002
2025-08-01 10:16:10 AM,3303.5,5,16517.5,56006175.40000002
2025-08-01 10:16:14 AM,3303.3,0,0.0,56006175.40000002
2025-08-01 10:16:17 AM,3303.3,5,16516.5,56022691.90000002
2025-08-01 10:16:21 AM,3303.8,0,0.0,56022691.90000002
2025-08-01 10:16:22 AM,3304.0,4,13216.0,56035907.90000002
2025-08-01 10:16:26 AM,3303.8,0,0.0,56035907.90000002
2025-08-01 10:16:28 AM,3303.8,2,6607.6,56042515.50000002
2025-08-01 10:16:30 AM,3303.1,0,0.0,56042515.50000002
2025-08-01 10:16:34 AM,3303.2,4,13212.8,56055728.30000002
2025-08-01 10:16:39 AM,3303.1,0,0.0,56055728.30000002
2025-08-01 10:16:40 AM,3305.3,3,9915.900000000001,56065644.20000002
2025-08-01 10:16:42 AM,3303.5,0,0.0,56065644.20000002
2025-08-01 10:16:46 AM,3302.6,3,9907.8,56075552.000000015
2025-08-01 10:16:47 AM,3302.3,0,0.0,56075552.000000015
2025-08-01 10:16:50 AM,3302.0,0,0.0,56075552.000000015
2025-08-01 10:16:51 AM,3301.9,0,0.0,56075552.000000015
2025-08-01 10:16:51 AM,3301.9,3,9905.7,56085457.70000002
2025-08-01 10:16:56 AM,3302.1,0,0.0,56085457.70000002
2025-08-01 10:16:57 AM,3302.1,2,6604.2,56092061.90000002
2025-08-01 10:16:59 AM,3302.2,0,0.0,56092061.90000002
2025-08-01 10:17:02 AM,3302.5,3,9907.5,56101969.40000002
2025-08-01 10:17:02 AM,3302.5,1,3302.5,56105271.90000002
2025-08-01 10:17:06 AM,3302.3,0,0.0,56105271.90000002
2025-08-01 10:17:07 AM,3302.5,0,0.0,56105271.90000002
2025-08-01 10:17:08 AM,3302.5,2,6605.0,56111876.90000002
2025-08-01 10:17:13 AM,3302.5,2,6605.0,56118481.90000002
2025-08-01 10:17:14 AM,3302.4,1,3302.4,56121784.30000002
2025-08-01 10:17:15 AM,3302.2,0,0.0,56121784.30000002
2025-08-01 10:17:18 AM,3301.9,0,0.0,56121784.30000002
2025-08-01 10:17:19 AM,3301.8,3,9905.400000000001,56131689.70000002
2025-08-01 10:17:23 AM,3302.1,0,0.0,56131689.70000002
2025-08-01 10:17:25 AM,3302.1,2,6604.2,56138293.90000002
2025-08-01 10:17:27 AM,3302.0,0,0.0,56138293.90000002
2025-08-01 10:17:31 AM,3302.5,4,13210.0,56151503.90000002
2025-08-01 10:17:36 AM,3302.4,0,0.0,56151503.90000002
2025-08-01 10:17:37 AM,3302.4,2,6604.8,56158108.70000002
2025-08-01 10:17:43 AM,3302.1,3,9906.3,56168015.000000015
2025-08-01 10:17:44 AM,3301.8,0,0.0,56168015.000000015
2025-08-01 10:17:47 AM,3302.1,0,0.0,56168015.000000015
2025-08-01 10:17:48 AM,3302.2,0,0.0,56168015.000000015
2025-08-01 10:17:48 AM,3302.2,3,9906.599999999999,56177921.60000002
2025-08-01 10:17:54 AM,3302.2,1,3302.2,56181223.80000002
2025-08-01 10:17:56 AM,3304.0,0,0.0,56181223.80000002
2025-08-01 10:18:00 AM,3301.0,0,0.0,56181223.80000002
2025-08-01 10:18:00 AM,3301.0,3,9903.0,56191126.80000002
2025-08-01 10:18:01 AM,3300.9,0,0.0,56191126.80000002
2025-08-01 10:18:05 AM,3301.0,0,0.0,56191126.80000002
2025-08-01 10:18:06 AM,3304.2,0,0.0,56191126.80000002
2025-08-01 10:18:06 AM,3304.2,11,36346.2,56227473.00000002
2025-08-01 10:18:12 AM,3304.0,86,284144.0,56511617.00000002
2025-08-01 10:18:30 AM,3305.0,0,0.0,56511617.00000002
2025-08-01 10:18:35 AM,3305.0,1,3305.0,56514922.00000002
2025-08-01 10:20:23 AM,3306.9,100,330690.0,56845612.00000002
2025-08-01 10:21:28 AM,3305.1,2,6610.2,56852222.200000025
2025-08-01 10:21:33 AM,3306.8,0,0.0,56852222.200000025
2025-08-01 10:21:34 AM,3306.8,1,3306.8,56855529.00000002
2025-08-01 10:21:44 AM,3307.3,10,33073.0,56888602.00000002
2025-08-01 10:21:54 AM,3308.7,0,0.0,56888602.00000002
2025-08-01 10:21:54 AM,3308.7,1,3308.7,56891910.700000025
2025-08-01 10:21:56 AM,3312.0,40,132480.0,57024390.700000025
2025-08-01 10:22:01 AM,3312.3,5,16561.5,57040952.200000025
2025-08-01 10:22:07 AM,3312.0,25,82800.0,57123752.200000025
2025-08-01 10:22:19 AM,3308.4,2,6616.8,57130369.00000002
2025-08-01 10:22:53 AM,3309.6,5,16548.0,57146917.00000002
2025-08-01 10:22:57 AM,3309.2,0,0.0,57146917.00000002
2025-08-01 10:22:59 AM,3309.2,2,6618.4,57153535.40000002
2025-08-01 10:23:07 AM,3306.9,2,6613.8,57160149.20000002
2025-08-01 10:23:28 AM,3306.9,1,3306.9,57163456.10000002
2025-08-01 10:23:47 AM,3306.9,1,3306.9,57166763.000000015
2025-08-01 10:23:50 AM,3306.0,25,82650.0,57249413.000000015
2025-08-01 10:24:07 AM,3306.0,1,3306.0,57252719.000000015
2025-08-01 10:24:09 AM,3306.1,0,0.0,57252719.000000015
2025-08-01 10:24:09 AM,3306.1,1,3306.1,57256025.10000002
2025-08-01 10:24:13 AM,3306.8,1,3306.8,57259331.90000001
2025-08-01 10:24:30 AM,3309.4,0,0.0,57259331.90000001
2025-08-01 10:24:31 AM,3309.4,1,3309.4,57262641.30000001
2025-08-01 10:24:32 AM,3309.1,0,0.0,57262641.30000001
2025-08-01 10:24:34 AM,3309.1,1,3309.1,57265950.40000001
2025-08-01 10:24:38 AM,3307.1,0,0.0,57265950.40000001
2025-08-01 10:24:40 AM,3307.1,3,9921.3,57275871.70000001
2025-08-01 10:24:56 AM,3310.5,0,0.0,57275871.70000001
2025-08-01 10:24:56 AM,3307.6,25,82690.0,57358561.70000001
2025-08-01 10:25:04 AM,3307.6,10,33076.0,57391637.70000001
2025-08-01 10:25:20 AM,3308.0,5,16540.0,57408177.70000001
2025-08-01 10:25:30 AM,3310.4,0,0.0,57408177.70000001
2025-08-01 10:25:31 AM,3310.4,1,3310.4,57411488.10000001
2025-08-01 10:25:33 AM,3309.0,0,0.0,57411488.10000001
2025-08-01 10:25:33 AM,3309.0,36,119124.0,57530612.10000001
2025-08-01 10:25:49 AM,3309.9,0,0.0,57530612.10000001
2025-08-01 10:25:50 AM,3309.9,6,19859.4,57550471.50000001
2025-08-01 10:26:38 AM,3310.2,5,16551.0,57567022.50000001
2025-08-01 10:26:54 AM,3311.7,0,0.0,57567022.50000001
2025-08-01 10:26:55 AM,3311.7,1,3311.7,57570334.20000001
2025-08-01 10:27:00 AM,3312.8,0,0.0,57570334.20000001
2025-08-01 10:27:01 AM,3312.8,7,23189.600000000002,57593523.80000001
2025-08-01 10:27:09 AM,3313.0,0,0.0,57593523.80000001
2025-08-01 10:27:09 AM,3313.0,25,82825.0,57676348.80000001
2025-08-01 10:27:34 AM,3312.1,25,82802.5,57759151.30000001
2025-08-01 10:27:48 AM,3312.2,2,6624.4,57765775.70000001
2025-08-01 10:27:52 AM,3312.8,0,0.0,57765775.70000001
2025-08-01 10:27:54 AM,3312.8,20,66256.0,57832031.70000001
2025-08-01 10:27:56 AM,3312.8,10,33128.0,57865159.70000001
2025-08-01 10:28:01 AM,3312.3,10,33123.0,57898282.70000001
2025-08-01 10:28:10 AM,3312.2,1,3312.2,57901594.90000001
2025-08-01 10:28:18 AM,3311.7,0,0.0,57901594.90000001
2025-08-01 10:28:20 AM,3312.3,4,13249.2,57914844.10000002
2025-08-01 10:28:23 AM,3310.0,1,3310.0,57918154.10000002
2025-08-01 10:28:42 AM,3310.0,25,82750.0,58000904.10000002
2025-08-01 10:28:51 AM,3310.1,2,6620.2,58007524.30000002
2025-08-01 10:29:10 AM,3312.7,0,0.0,58007524.30000002
2025-08-01 10:29:10 AM,3312.7,1,3312.7,58010837.00000002
2025-08-01 10:29:26 AM,3310.4,0,0.0,58010837.00000002
2025-08-01 10:29:27 AM,3310.4,5,16552.0,58027389.00000002
2025-08-01 10:29:34 AM,3312.8,0,0.0,58027389.00000002
2025-08-01 10:29:35 AM,3312.8,5,16564.0,58043953.00000002
2025-08-01 10:29:38 AM,3313.0,0,0.0,58043953.00000002
2025-08-01 10:29:38 AM,3313.0,3,9939.0,58053892.00000002
2025-08-01 10:29:40 AM,3312.9,0,0.0,58053892.00000002
2025-08-01 10:29:41 AM,3312.9,5,16564.5,58070456.50000002
2025-08-01 10:30:03 AM,3313.0,0,0.0,58070456.50000002
2025-08-01 10:30:03 AM,3313.0,2,6626.0,58077082.50000002
2025-08-01 10:30:06 AM,3311.9,4,13247.6,58090330.100000024
2025-08-01 10:30:09 AM,3313.0,5,16565.0,58106895.100000024
2025-08-01 10:30:46 AM,3313.0,2,6626.0,58113521.100000024
2025-08-01 10:30:49 AM,3313.0,1,3313.0,58116834.100000024
2025-08-01 10:31:21 AM,3313.0,3,9939.0,58126773.100000024
2025-08-01 10:31:29 AM,3313.0,20,66260.0,58193033.100000024
2025-08-01 10:31:39 AM,3315.6,0,0.0,58193033.100000024
2025-08-01 10:31:40 AM,3315.6,2,6631.2,58199664.30000003
2025-08-01 10:32:07 AM,3317.0,0,0.0,58199664.30000003
2025-08-01 10:32:08 AM,3314.6,33,109381.8,58309046.100000024
2025-08-01 10:32:37 AM,3314.6,2,6629.2,58315675.30000003
2025-08-01 10:32:45 AM,3314.2,0,0.0,58315675.30000003
2025-08-01 10:32:46 AM,3314.2,9,29827.8,58345503.100000024
2025-08-01 10:32:51 AM,3316.1,0,0.0,58345503.100000024
2025-08-01 10:32:51 AM,3316.1,1,3316.1,58348819.200000025
2025-08-01 10:33:03 AM,3316.9,0,0.0,58348819.200000025
2025-08-01 10:33:03 AM,3316.9,1,3316.9,58352136.100000024
2025-08-01 10:33:41 AM,3316.9,2,6633.8,58358769.90000002
2025-08-01 10:33:48 AM,3314.0,0,0.0,58358769.90000002
2025-08-01 10:33:50 AM,3315.6,0,0.0,58358769.90000002
2025-08-01 10:33:50 AM,3315.6,114,377978.39999999997,58736748.30000002
2025-08-01 10:33:56 AM,3315.8,0,0.0,58736748.30000002
2025-08-01 10:33:56 AM,3315.8,10,33158.0,58769906.30000002
2025-08-01 10:34:03 AM,3316.6,0,0.0,58769906.30000002
2025-08-01 10:34:04 AM,3316.6,1,3316.6,58773222.90000002
2025-08-01 10:34:08 AM,3316.9,0,0.0,58773222.90000002
2025-08-01 10:34:08 AM,3316.9,30,99507.0,58872729.90000002
2025-08-01 10:34:24 AM,3315.0,10,33150.0,58905879.90000002
2025-08-01 10:34:32 AM,3315.0,1,3315.0,58909194.90000002
2025-08-01 10:34:34 AM,3313.3,0,0.0,58909194.90000002
2025-08-01 10:34:36 AM,3313.3,12,39759.600000000006,58948954.50000002
2025-08-01 10:34:54 AM,3313.0,0,0.0,58948954.50000002
2025-08-01 10:34:55 AM,3313.0,10,33130.0,58982084.50000002
2025-08-01 10:35:06 AM,3314.4,0,0.0,58982084.50000002
2025-08-01 10:35:06 AM,3314.4,5,16572.0,58998656.50000002
2025-08-01 10:35:21 AM,3314.9,15,49723.5,59048380.00000002
2025-08-01 10:35:31 AM,3314.6,0,0.0,59048380.00000002
2025-08-01 10:35:32 AM,3314.6,20,66292.0,59114672.00000002
2025-08-01 10:35:38 AM,3311.1,2,6622.2,59121294.200000025
2025-08-01 10:35:45 AM,3313.2,0,0.0,59121294.200000025
2025-08-01 10:35:46 AM,3313.2,5,16566.0,59137860.200000025
2025-08-01 10:35:57 AM,3311.5,0,0.0,59137860.200000025
2025-08-01 10:35:57 AM,3311.5,2,6623.0,59144483.200000025
2025-08-01 10:36:08 AM,3311.4,0,0.0,59144483.200000025
2025-08-01 10:36:08 AM,3311.4,12,39736.8,59184220.00000002
2025-08-01 10:36:14 AM,3313.1,0,0.0,59184220.00000002
2025-08-01 10:36:14 AM,3313.1,2,6626.2,59190846.200000025
2025-08-01 10:36:18 AM,3313.9,0,0.0,59190846.200000025
2025-08-01 10:36:20 AM,3313.9,1,3313.9,59194160.100000024
2025-08-01 10:36:28 AM,3313.4,2,6626.8,59200786.90000002
2025-08-01 10:36:36 AM,3314.2,0,0.0,59200786.90000002
2025-08-01 10:36:36 AM,3314.2,1,3314.2,59204101.100000024
2025-08-01 10:36:56 AM,3314.9,0,0.0,59204101.100000024
2025-08-01 10:36:56 AM,3314.9,43,142540.7,59346641.80000003
2025-08-01 10:37:07 AM,3314.4,1,3314.4,59349956.200000025
2025-08-01 10:37:11 AM,3316.0,0,0.0,59349956.200000025
2025-08-01 10:37:12 AM,3316.6,52,172463.19999999998,59522419.40000003
2025-08-01 10:37:38 AM,3316.9,0,0.0,59522419.40000003
2025-08-01 10:37:40 AM,3316.9,45,149260.5,59671679.90000003
2025-08-01 10:37:45 AM,3316.6,0,0.0,59671679.90000003
2025-08-01 10:37:46 AM,3313.5,3,9940.5,59681620.40000003
2025-08-01 10:37:51 AM,3317.8,119,394818.2,60076438.60000003
2025-08-01 10:37:55 AM,3317.0,0,0.0,60076438.60000003
2025-08-01 10:37:57 AM,3317.0,51,169167.0,60245605.60000003
2025-08-01 10:38:27 AM,3317.1,0,0.0,60245605.60000003
2025-08-01 10:38:27 AM,3317.1,9,29853.899999999998,60275459.50000003
2025-08-01 10:39:01 AM,3316.0,0,0.0,60275459.50000003
2025-08-01 10:39:01 AM,3316.0,317,1051172.0,61326631.50000003
2025-08-01 10:39:03 AM,3314.7,0,0.0,61326631.50000003
2025-08-01 10:39:04 AM,3314.7,2,6629.4,61333260.90000003
2025-08-01 10:39:07 AM,3314.6,1,3314.6,61336575.50000003
2025-08-01 10:39:27 AM,3314.3,1,3314.3,61339889.80000003
2025-08-01 10:39:51 AM,3314.2,0,0.0,61339889.80000003
2025-08-01 10:39:52 AM,3314.2,2,6628.4,61346518.200000025
2025-08-01 10:40:13 AM,3313.8,0,0.0,61346518.200000025
2025-08-01 10:40:14 AM,3313.8,1,3313.8,61349832.00000002
2025-08-01 10:40:22 AM,3315.8,0,0.0,61349832.00000002
2025-08-01 10:40:22 AM,3315.8,2,6631.6,61356463.600000024
2025-08-01 10:40:41 AM,3315.9,0,0.0,61356463.600000024
2025-08-01 10:40:41 AM,3315.9,2,6631.8,61363095.40000002
2025-08-01 10:41:11 AM,3314.9,0,0.0,61363095.40000002
2025-08-01 10:41:12 AM,3314.9,8,26519.2,61389614.600000024
2025-08-01 10:41:14 AM,3316.5,0,0.0,61389614.600000024
2025-08-01 10:41:15 AM,3316.6,0,0.0,61389614.600000024
2025-08-01 10:41:15 AM,3316.6,3,9949.8,61399564.40000002
2025-08-01 10:41:31 AM,3317.0,0,0.0,61399564.40000002
2025-08-01 10:41:32 AM,3317.0,5,16585.0,61416149.40000002
2025-08-01 10:41:37 AM,3318.4,0,0.0,61416149.40000002
2025-08-01 10:41:38 AM,3318.4,28,92915.2,61509064.600000024
2025-08-01 10:41:57 AM,3313.4,0,0.0,61509064.600000024
2025-08-01 10:42:00 AM,3316.3,55,182396.5,61691461.100000024
2025-08-01 10:42:05 AM,3317.2,0,0.0,61691461.100000024
2025-08-01 10:42:05 AM,3317.2,1,3317.2,61694778.30000003
2025-08-01 10:42:15 AM,3318.6,0,0.0,61694778.30000003
2025-08-01 10:42:16 AM,3318.6,50,165930.0,61860708.30000003
2025-08-01 10:42:38 AM,3317.0,5,16585.0,61877293.30000003
2025-08-01 10:42:44 AM,3315.4,5,16577.0,61893870.30000003
2025-08-01 10:43:19 AM,3315.4,9,29838.600000000002,61923708.90000003
2025-08-01 10:43:24 AM,3313.4,107,354533.8,62278242.700000025
2025-08-01 10:43:38 AM,3313.4,1,3313.4,62281556.100000024
2025-08-01 10:44:01 AM,3313.4,5,16567.0,62298123.100000024
2025-08-01 10:44:04 AM,3314.9,1,3314.9,62301438.00000002
2025-08-01 10:44:12 AM,3313.4,0,0.0,62301438.00000002
2025-08-01 10:44:12 AM,3313.4,2,6626.8,62308064.80000002
2025-08-01 10:44:32 AM,3314.9,0,0.0,62308064.80000002
2025-08-01 10:44:34 AM,3314.9,1,3314.9,62311379.70000002
2025-08-01 10:44:42 AM,3313.0,50,165650.0,62477029.70000002
2025-08-01 10:44:47 AM,3314.9,0,0.0,62477029.70000002
2025-08-01 10:44:47 AM,3314.9,1,3314.9,62480344.60000002
2025-08-01 10:45:26 AM,3312.2,1,3312.2,62483656.80000002
2025-08-01 10:45:50 AM,3311.9,3,9935.7,62493592.50000002
2025-08-01 10:46:10 AM,3309.0,142,469878.0,62963470.50000002
2025-08-01 10:46:27 AM,3309.4,0,0.0,62963470.50000002
2025-08-01 10:46:27 AM,3309.4,75,248205.0,63211675.50000002
2025-08-01 10:46:44 AM,3309.4,3,9928.2,63221603.700000025
2025-08-01 10:46:53 AM,3309.5,0,0.0,63221603.700000025
2025-08-01 10:46:55 AM,3309.5,4,13238.0,63234841.700000025
2025-08-01 10:47:00 AM,3311.7,1,3311.7,63238153.40000003
2025-08-01 10:47:01 AM,3309.9,0,0.0,63238153.40000003
2025-08-01 10:47:01 AM,3309.9,4,13239.6,63251393.00000003
2025-08-01 10:47:21 AM,3310.0,0,0.0,63251393.00000003
2025-08-01 10:47:21 AM,3310.0,85,281350.0,63532743.00000003
2025-08-01 10:47:29 AM,3309.9,10,33099.0,63565842.00000003
2025-08-01 10:47:31 AM,3307.1,0,0.0,63565842.00000003
2025-08-01 10:47:32 AM,3307.1,10,33071.0,63598913.00000003
2025-08-01 10:47:40 AM,3307.1,8,26456.8,63625369.80000003
2025-08-01 10:47:43 AM,3306.0,0,0.0,63625369.80000003
2025-08-01 10:47:43 AM,3306.0,50,165300.0,63790669.80000003
2025-08-01 10:47:50 AM,3305.4,0,0.0,63790669.80000003
2025-08-01 10:47:51 AM,3305.4,1,3305.4,63793975.200000025
2025-08-01 10:47:56 AM,3305.6,5,16528.0,63810503.200000025
2025-08-01 10:48:05 AM,3308.4,2,6616.8,63817120.00000002
2025-08-01 10:48:15 AM,3308.9,5,16544.5,63833664.50000002
2025-08-01 10:48:33 AM,3309.1,0,0.0,63833664.50000002
2025-08-01 10:48:34 AM,3309.1,10,33091.0,63866755.50000002
2025-08-01 10:48:59 AM,3308.4,0,0.0,63866755.50000002
2025-08-01 10:48:59 AM,3308.4,2,6616.8,63873372.30000002
2025-08-01 10:49:19 AM,3308.8,0,0.0,63873372.30000002
2025-08-01 10:49:21 AM,3308.7,0,0.0,63873372.30000002
2025-08-01 10:49:21 AM,3308.7,10,33087.0,63906459.30000002
2025-08-01 10:49:40 AM,3309.4,0,0.0,63906459.30000002
2025-08-01 10:49:41 AM,3309.6,0,0.0,63906459.30000002
2025-08-01 10:49:42 AM,3309.6,10,33096.0,63939555.30000002
2025-08-01 10:50:51 AM,3307.2,0,0.0,63939555.30000002
2025-08-01 10:50:55 AM,3307.2,3,9921.599999999999,63949476.90000002
2025-08-01 10:50:58 AM,3305.2,0,0.0,63949476.90000002
2025-08-01 10:51:00 AM,3305.2,3,9915.599999999999,63959392.50000002
2025-08-01 10:51:38 AM,3305.3,0,0.0,63959392.50000002
2025-08-01 10:51:39 AM,3305.3,5,16526.5,63975919.00000002
2025-08-01 10:51:45 AM,3305.3,1,3305.3,63979224.30000002
2025-08-01 10:51:48 AM,3307.4,0,0.0,63979224.30000002
2025-08-01 10:51:50 AM,3307.4,2,6614.8,63985839.10000002
2025-08-01 10:52:12 AM,3305.6,9,29750.399999999998,64015589.500000015
2025-08-01 10:52:32 AM,3308.6,0,0.0,64015589.500000015
2025-08-01 10:52:33 AM,3308.6,1,3308.6,64018898.10000002
2025-08-01 10:52:38 AM,3305.4,0,0.0,64018898.10000002
2025-08-01 10:52:38 AM,3305.4,45,148743.0,64167641.10000002
2025-08-01 10:52:52 AM,3305.1,0,0.0,64167641.10000002
2025-08-01 10:52:54 AM,3305.1,45,148729.5,64316370.60000002
2025-08-01 10:53:02 AM,3307.6,0,0.0,64316370.60000002
2025-08-01 10:53:04 AM,3307.6,1,3307.6,64319678.20000002
2025-08-01 10:53:36 AM,3308.4,0,0.0,64319678.20000002
2025-08-01 10:53:37 AM,3308.4,2,6616.8,64326295.000000015
2025-08-01 10:53:42 AM,3308.7,2,6617.4,64332912.40000001
2025-08-01 10:53:56 AM,3308.4,0,0.0,64332912.40000001
2025-08-01 10:53:58 AM,3308.4,2,6616.8,64339529.20000001
2025-08-01 10:54:12 AM,3308.2,0,0.0,64339529.20000001
2025-08-01 10:54:14 AM,3308.2,10,33082.0,64372611.20000001
2025-08-01 10:54:18 AM,3308.0,0,0.0,64372611.20000001
2025-08-01 10:54:19 AM,3308.0,6,19848.0,64392459.20000001
2025-08-01 10:54:30 AM,3306.0,0,0.0,64392459.20000001
2025-08-01 10:54:30 AM,3306.0,4,13224.0,64405683.20000001
2025-08-01 10:54:35 AM,3307.4,1,3307.4,64408990.60000001
2025-08-01 10:54:54 AM,3306.0,0,0.0,64408990.60000001
2025-08-01 10:54:57 AM,3306.0,2,6612.0,64415602.60000001
2025-08-01 10:55:00 AM,3308.9,0,0.0,64415602.60000001
2025-08-01 10:55:02 AM,3308.9,5,16544.5,64432147.10000001
2025-08-01 10:55:10 AM,3306.0,0,0.0,64432147.10000001
2025-08-01 10:55:12 AM,3306.0,21,69426.0,64501573.10000001
2025-08-01 10:55:14 AM,3305.2,0,0.0,64501573.10000001
2025-08-01 10:55:17 AM,3305.2,50,165260.0,64666833.10000001
2025-08-01 10:55:34 AM,3305.1,0,0.0,64666833.10000001
2025-08-01 10:55:34 AM,3305.1,9,29745.899999999998,64696579.00000001
2025-08-01 10:55:40 AM,3307.8,0,0.0,64696579.00000001
2025-08-01 10:55:40 AM,3307.8,426,1409122.8,66105701.800000004
2025-08-01 10:55:48 AM,3307.0,0,0.0,66105701.800000004
2025-08-01 10:55:50 AM,3307.0,15,49605.0,66155306.800000004
2025-08-01 10:55:54 AM,3306.0,0,0.0,66155306.800000004
2025-08-01 10:55:56 AM,3306.0,25,82650.0,66237956.800000004
2025-08-01 10:56:20 AM,3306.5,0,0.0,66237956.800000004
2025-08-01 10:56:22 AM,3306.5,1,3306.5,66241263.300000004
2025-08-01 10:56:55 AM,3306.3,3,9918.900000000001,66251182.2
2025-08-01 10:57:04 AM,3306.3,5,16531.5,66267713.7
2025-08-01 10:57:56 AM,3308.0,0,0.0,66267713.7
2025-08-01 10:57:57 AM,3308.0,1,3308.0,66271021.7
2025-08-01 10:58:12 AM,3307.9,0,0.0,66271021.7
2025-08-01 10:58:13 AM,3307.9,1,3307.9,66274329.6
2025-08-01 10:58:20 AM,3308.0,0,0.0,66274329.6
2025-08-01 10:58:23 AM,3308.0,7,23156.0,66297485.6
2025-08-01 10:58:29 AM,3308.0,1,3308.0,66300793.6
2025-08-01 10:58:35 AM,3308.0,2,6616.0,66307409.6
2025-08-01 10:58:40 AM,3308.0,8,26464.0,66333873.6
2025-08-01 10:58:46 AM,3308.0,7,23156.0,66357029.6
2025-08-01 10:58:52 AM,3308.0,5,16540.0,66373569.6
2025-08-01 10:59:27 AM,3308.0,1,3308.0,66376877.6
2025-08-01 10:59:43 AM,3304.0,300,991200.0,67368077.6
2025-08-01 11:00:05 AM,3304.9,2,6609.8,67374687.39999999
2025-08-01 11:00:11 AM,3307.4,0,0.0,67374687.39999999
2025-08-01 11:00:11 AM,3307.4,1,3307.4,67377994.8
2025-08-01 11:00:26 AM,3306.5,0,0.0,67377994.8
2025-08-01 11:00:28 AM,3306.5,10,33065.0,67411059.8
2025-08-01 11:01:31 AM,3307.0,0,0.0,67411059.8
2025-08-01 11:01:31 AM,3307.0,1,3307.0,67414366.8
2025-08-01 11:01:49 AM,3305.9,0,0.0,67414366.8
2025-08-01 11:01:52 AM,3305.9,6,19835.4,67434202.2
2025-08-01 11:02:23 AM,3305.4,0,0.0,67434202.2
2025-08-01 11:02:24 AM,3305.4,1,3305.4,67437507.60000001
2025-08-01 11:03:25 AM,3305.9,0,0.0,67437507.60000001
2025-08-01 11:03:27 AM,3305.9,6,19835.4,67457343.00000001
2025-08-01 11:03:31 AM,3305.0,0,0.0,67457343.00000001
2025-08-01 11:03:32 AM,3305.0,25,82625.0,67539968.00000001
2025-08-01 11:03:35 AM,3305.9,0,0.0,67539968.00000001
2025-08-01 11:03:37 AM,3305.9,3,9917.7,67549885.70000002
2025-08-01 11:03:54 AM,3305.9,1,3305.9,67553191.60000002
2025-08-01 11:04:13 AM,3307.0,0,0.0,67553191.60000002
2025-08-01 11:04:15 AM,3307.0,123,406761.0,67959952.60000002
2025-08-01 11:04:32 AM,3306.0,2,6612.0,67966564.60000002
2025-08-01 11:05:02 AM,3305.1,1,3305.1,67969869.70000002
2025-08-01 11:05:24 AM,3305.0,234,773370.0,68743239.70000002
2025-08-01 11:05:34 AM,3305.0,42,138810.0,68882049.70000002
2025-08-01 11:05:41 AM,3305.0,2,6610.0,68888659.70000002
2025-08-01 11:06:06 AM,3304.0,0,0.0,68888659.70000002
2025-08-01 11:06:06 AM,3304.0,15,49560.0,68938219.70000002
2025-08-01 11:06:09 AM,3304.9,0,0.0,68938219.70000002
2025-08-01 11:06:11 AM,3304.9,1,3304.9,68941524.60000002
2025-08-01 11:06:21 AM,3303.3,0,0.0,68941524.60000002
2025-08-01 11:06:22 AM,3303.3,4,13213.2,68954737.80000003
2025-08-01 11:06:32 AM,3305.4,0,0.0,68954737.80000003
2025-08-01 11:06:35 AM,3303.6,0,0.0,68954737.80000003
2025-08-01 11:06:36 AM,3303.6,107,353485.2,69308223.00000003
2025-08-01 11:06:56 AM,3303.9,0,0.0,69308223.00000003
2025-08-01 11:06:59 AM,3303.9,75,247792.5,69556015.50000003
2025-08-01 11:07:05 AM,3302.0,119,392938.0,69948953.50000003
2025-08-01 11:08:19 AM,3302.0,19,62738.0,70011691.50000003
2025-08-01 11:08:47 AM,3300.0,196,646800.0,70658491.50000003
2025-08-01 11:08:55 AM,3296.4,0,0.0,70658491.50000003
2025-08-01 11:08:56 AM,3296.4,4,13185.6,70671677.10000002
2025-08-01 11:09:10 AM,3295.1,0,0.0,70671677.10000002
2025-08-01 11:09:11 AM,3296.5,7,23075.5,70694752.60000002
2025-08-01 11:09:20 AM,3296.4,0,0.0,70694752.60000002
2025-08-01 11:09:22 AM,3296.2,31,102182.2,70796934.80000003
2025-08-01 11:09:32 AM,3296.2,7,23073.399999999998,70820008.20000003
2025-08-01 11:09:46 AM,3296.4,0,0.0,70820008.20000003
2025-08-01 11:09:46 AM,3296.4,2,6592.8,70826601.00000003
2025-08-01 11:10:07 AM,3296.2,3,9888.599999999999,70836489.60000002
2025-08-01 11:10:20 AM,3299.9,0,0.0,70836489.60000002
2025-08-01 11:10:23 AM,3299.9,104,343189.60000000003,71179679.20000002
2025-08-01 11:10:26 AM,3299.3,0,0.0,71179679.20000002
2025-08-01 11:10:28 AM,3299.1,0,0.0,71179679.20000002
2025-08-01 11:10:29 AM,3299.1,2,6598.2,71186277.40000002
2025-08-01 11:10:56 AM,3296.0,0,0.0,71186277.40000002
2025-08-01 11:10:56 AM,3296.0,9,29664.0,71215941.40000002
2025-08-01 11:10:58 AM,3301.2,0,0.0,71215941.40000002
2025-08-01 11:11:02 AM,3301.2,300,990360.0,72206301.40000002
2025-08-01 11:11:18 AM,3298.3,0,0.0,72206301.40000002
2025-08-01 11:11:18 AM,3298.3,8,26386.4,72232687.80000003
2025-08-01 11:11:44 AM,3300.1,0,0.0,72232687.80000003
2025-08-01 11:11:46 AM,3300.1,1,3300.1,72235987.90000002
2025-08-01 11:12:28 AM,3298.4,0,0.0,72235987.90000002
2025-08-01 11:12:28 AM,3298.4,1,3298.4,72239286.30000003
2025-08-01 11:12:34 AM,3298.3,1,3298.3,72242584.60000002
2025-08-01 11:13:10 AM,3297.0,0,0.0,72242584.60000002
2025-08-01 11:13:10 AM,3297.0,1,3297.0,72245881.60000002
2025-08-01 11:13:14 AM,3296.0,0,0.0,72245881.60000002
2025-08-01 11:13:16 AM,3296.0,5,16480.0,72262361.60000002
2025-08-01 11:14:09 AM,3296.3,0,0.0,72262361.60000002
2025-08-01 11:14:10 AM,3296.3,5,16481.5,72278843.10000002
2025-08-01 11:14:37 AM,3296.3,19,62629.700000000004,72341472.80000003
2025-08-01 11:14:41 AM,3297.0,0,0.0,72341472.80000003
2025-08-01 11:14:42 AM,3297.0,50,164850.0,72506322.80000003
2025-08-01 11:15:15 AM,3297.0,62,204414.0,72710736.80000003
2025-08-01 11:15:33 AM,3296.3,0,0.0,72710736.80000003
2025-08-01 11:15:36 AM,3296.3,25,82407.5,72793144.30000003
2025-08-01 11:15:41 AM,3296.0,0,0.0,72793144.30000003
2025-08-01 11:15:41 AM,3296.0,12,39552.0,72832696.30000003
2025-08-01 11:16:18 AM,3296.0,2,6592.0,72839288.30000003
2025-08-01 11:16:43 AM,3295.8,0,0.0,72839288.30000003
2025-08-01 11:16:44 AM,3295.8,8,26366.4,72865654.70000003
2025-08-01 11:17:00 AM,3295.1,1,3295.1,72868949.80000003
2025-08-01 11:17:09 AM,3295.8,0,0.0,72868949.80000003
2025-08-01 11:17:11 AM,3295.8,20,65916.0,72934865.80000003
2025-08-01 11:17:12 AM,3295.8,17,56028.600000000006,72990894.40000002
2025-08-01 11:17:55 AM,3297.6,0,0.0,72990894.40000002
2025-08-01 11:17:55 AM,3297.6,1,3297.6,72994192.00000001
2025-08-01 11:18:01 AM,3299.2,0,0.0,72994192.00000001
2025-08-01 11:18:03 AM,3299.2,7,23094.399999999998,73017286.40000002
2025-08-01 11:18:19 AM,3297.7,0,0.0,73017286.40000002
2025-08-01 11:18:20 AM,3297.7,1,3297.7,73020584.10000002
2025-08-01 11:18:35 AM,3297.6,0,0.0,73020584.10000002
2025-08-01 11:18:37 AM,3297.6,4,13190.4,73033774.50000003
2025-08-01 11:18:55 AM,3297.6,6,19785.6,73053560.10000002
2025-08-01 11:19:12 AM,3297.6,4,13190.4,73066750.50000003
2025-08-01 11:19:20 AM,3298.9,0,0.0,73066750.50000003
2025-08-01 11:19:23 AM,3295.9,0,0.0,73066750.50000003
2025-08-01 11:19:23 AM,3295.9,124,408691.60000000003,73475442.10000002
2025-08-01 11:19:27 AM,3299.8,0,0.0,73475442.10000002
2025-08-01 11:19:28 AM,3299.8,100,329980.0,73805422.10000002
2025-08-01 11:19:30 AM,3299.1,0,0.0,73805422.10000002
2025-08-01 11:19:33 AM,3296.4,0,0.0,73805422.10000002
2025-08-01 11:19:34 AM,3296.4,18,59335.200000000004,73864757.30000003
2025-08-01 11:19:50 AM,3299.2,1,3299.2,73868056.50000003
2025-08-01 11:20:06 AM,3299.0,10,32990.0,73901046.50000003
2025-08-01 11:20:41 AM,3297.4,0,0.0,73901046.50000003
2025-08-01 11:20:43 AM,3297.4,30,98922.0,73999968.50000003
2025-08-01 11:20:46 AM,3295.8,0,0.0,73999968.50000003
2025-08-01 11:20:48 AM,3297.1,55,181340.5,74181309.00000003
2025-08-01 11:21:15 AM,3297.0,0,0.0,74181309.00000003
2025-08-01 11:21:19 AM,3297.0,25,82425.0,74263734.00000003
2025-08-01 11:21:19 AM,3297.0,2,6594.0,74270328.00000003
2025-08-01 11:21:25 AM,3297.0,5,16485.0,74286813.00000003
2025-08-01 11:21:30 AM,3297.0,7,23079.0,74309892.00000003
2025-08-01 11:21:51 AM,3297.0,2,6594.0,74316486.00000003
2025-08-01 11:22:00 AM,3298.4,5,16492.0,74332978.00000003
2025-08-01 11:22:21 AM,3296.3,0,0.0,74332978.00000003
2025-08-01 11:22:22 AM,3296.3,15,49444.5,74382422.50000003
2025-08-01 11:22:27 AM,3296.3,9,29666.7,74412089.20000003
2025-08-01 11:22:33 AM,3296.3,20,65926.0,74478015.20000003
2025-08-01 11:22:34 AM,3296.1,0,0.0,74478015.20000003
2025-08-01 11:22:38 AM,3296.1,5,16480.5,74494495.70000003
2025-08-01 11:23:10 AM,3298.9,45,148450.5,74642946.20000003
2025-08-01 11:23:16 AM,3298.6,0,0.0,74642946.20000003
2025-08-01 11:23:18 AM,3296.0,0,0.0,74642946.20000003
2025-08-01 11:23:20 AM,3296.0,13,42848.0,74685794.20000003
2025-08-01 11:23:25 AM,3296.0,15,49440.0,74735234.20000003
2025-08-01 11:23:31 AM,3296.0,1,3296.0,74738530.20000003
2025-08-01 11:23:58 AM,3295.1,0,0.0,74738530.20000003
2025-08-01 11:24:00 AM,3296.0,0,0.0,74738530.20000003
2025-08-01 11:24:00 AM,3296.0,65,214240.0,74952770.20000003
2025-08-01 11:24:05 AM,3296.0,13,42848.0,74995618.20000003
2025-08-01 11:24:13 AM,3295.1,0,0.0,74995618.20000003
2025-08-01 11:24:16 AM,3295.1,11,36246.1,75031864.30000003
2025-08-01 11:24:31 AM,3296.0,0,0.0,75031864.30000003
2025-08-01 11:24:32 AM,3296.0,2,6592.0,75038456.30000003
2025-08-01 11:24:37 AM,3296.0,1,3296.0,75041752.30000003
2025-08-01 11:24:42 AM,3296.0,3,9888.0,75051640.30000003
2025-08-01 11:24:48 AM,3295.0,112,369040.0,75420680.30000003
2025-08-01 11:24:56 AM,3294.1,0,0.0,75420680.30000003
2025-08-01 11:24:59 AM,3294.1,2,6588.2,75427268.50000003
2025-08-01 11:25:07 AM,3293.4,0,0.0,75427268.50000003
2025-08-01 11:25:09 AM,3293.4,27,88921.8,75516190.30000003
2025-08-01 11:25:15 AM,3293.0,0,0.0,75516190.30000003
2025-08-01 11:25:20 AM,3293.0,129,424797.0,75940987.30000003
2025-08-01 11:25:54 AM,3296.3,0,0.0,75940987.30000003
2025-08-01 11:25:56 AM,3296.3,8,26370.4,75967357.70000003
2025-08-01 11:26:06 AM,3296.2,0,0.0,75967357.70000003
2025-08-01 11:26:06 AM,3296.2,1,3296.2,75970653.90000004
2025-08-01 11:26:07 AM,3296.2,2,6592.4,75977246.30000004
2025-08-01 11:26:32 AM,3296.2,2,6592.4,75983838.70000005
2025-08-01 11:26:37 AM,3296.1,0,0.0,75983838.70000005
2025-08-01 11:26:37 AM,3296.1,1,3296.1,75987134.80000004
2025-08-01 11:27:38 AM,3296.1,1,3296.1,75990430.90000004
2025-08-01 11:28:19 AM,3296.2,1,3296.2,75993727.10000004
2025-08-01 11:28:26 AM,3296.1,0,0.0,75993727.10000004
2025-08-01 11:28:27 AM,3296.1,9,29664.899999999998,76023392.00000004
2025-08-01 11:28:55 AM,3296.1,1,3296.1,76026688.10000004
2025-08-01 11:28:56 AM,3295.0,0,0.0,76026688.10000004
2025-08-01 11:28:57 AM,3295.0,1,3295.0,76029983.10000004
2025-08-01 11:29:09 AM,3295.1,0,0.0,76029983.10000004
2025-08-01 11:29:10 AM,3295.1,1,3295.1,76033278.20000003
2025-08-01 11:29:21 AM,3294.5,18,59301.0,76092579.20000003
2025-08-01 11:29:24 AM,3297.1,0,0.0,76092579.20000003
2025-08-01 11:29:24 AM,3297.1,10,32971.0,76125550.20000003
2025-08-01 11:30:46 AM,3297.1,10,32971.0,76158521.20000003
2025-08-01 11:31:25 AM,3295.4,0,0.0,76158521.20000003
2025-08-01 11:31:27 AM,3295.4,3,9886.2,76168407.40000004
2025-08-01 11:32:21 AM,3295.8,0,0.0,76168407.40000004
2025-08-01 11:32:24 AM,3295.8,3,9887.400000000001,76178294.80000004
2025-08-01 11:33:16 AM,3296.3,3,9888.900000000001,76188183.70000005
2025-08-01 11:33:18 AM,3297.5,0,0.0,76188183.70000005
2025-08-01 11:33:21 AM,3297.5,2,6595.0,76194778.70000005
2025-08-01 11:33:35 AM,3294.0,0,0.0,76194778.70000005
2025-08-01 11:33:36 AM,3294.0,60,197640.0,76392418.70000005
2025-08-01 11:35:19 AM,3295.0,0,0.0,76392418.70000005
2025-08-01 11:35:20 AM,3295.0,15,49425.0,76441843.70000005
2025-08-01 11:36:06 AM,3295.0,2,6590.0,76448433.70000005
2025-08-01 11:36:12 AM,3295.0,10,32950.0,76481383.70000005
2025-08-01 11:36:23 AM,3294.5,0,0.0,76481383.70000005
2025-08-01 11:36:27 AM,3294.5,1,3294.5,76484678.20000005
2025-08-01 11:36:40 AM,3295.7,0,0.0,76484678.20000005
2025-08-01 11:36:43 AM,3295.7,2,6591.4,76491269.60000005
2025-08-01 11:37:19 AM,3293.3,0,0.0,76491269.60000005
2025-08-01 11:37:20 AM,3293.3,1,3293.3,76494562.90000005
2025-08-01 11:37:23 AM,3293.0,0,0.0,76494562.90000005
2025-08-01 11:37:25 AM,3293.0,12,39516.0,76534078.90000005
2025-08-01 11:37:36 AM,3293.0,13,42809.0,76576887.90000005
2025-08-01 11:38:24 AM,3293.7,0,0.0,76576887.90000005
2025-08-01 11:38:26 AM,3293.7,2,6587.4,76583475.30000006
2025-08-01 11:38:37 AM,3293.0,0,0.0,76583475.30000006
2025-08-01 11:38:37 AM,3293.0,24,79032.0,76662507.30000006
2025-08-01 11:39:36 AM,3292.0,0,0.0,76662507.30000006
2025-08-01 11:39:37 AM,3292.0,48,158016.0,76820523.30000006
2025-08-01 11:39:39 AM,3292.2,1,3292.2,76823815.50000006
2025-08-01 11:39:40 AM,3291.0,0,0.0,76823815.50000006
2025-08-01 11:39:43 AM,3291.0,5,16455.0,76840270.50000006
2025-08-01 11:39:49 AM,3291.0,4,13164.0,76853434.50000006
2025-08-01 11:40:04 AM,3291.0,2,6582.0,76860016.50000006
2025-08-01 11:40:19 AM,3291.0,2,6582.0,76866598.50000006
2025-08-01 11:40:30 AM,3291.0,4,13164.0,76879762.50000006
2025-08-01 11:40:40 AM,3291.0,10,32910.0,76912672.50000006
2025-08-01 11:40:41 AM,3291.0,5,16455.0,76929127.50000006
2025-08-01 11:40:42 AM,3290.3,0,0.0,76929127.50000006
2025-08-01 11:40:45 AM,3290.3,33,108579.90000000001,77037707.40000007
2025-08-01 11:41:03 AM,3289.6,0,0.0,77037707.40000007
2025-08-01 11:41:05 AM,3289.6,238,782924.7999999999,77820632.20000006
2025-08-01 11:41:09 AM,3290.9,0,0.0,77820632.20000006
2025-08-01 11:41:10 AM,3290.9,20,65818.0,77886450.20000006
2025-08-01 11:41:11 AM,3288.1,0,0.0,77886450.20000006
2025-08-01 11:41:11 AM,3288.1,58,190709.8,78077160.00000006
2025-08-01 11:41:15 AM,3288.0,5,16440.0,78093600.00000006
2025-08-01 11:41:40 AM,3291.9,100,329190.0,78422790.00000006
2025-08-01 11:41:53 AM,3290.5,0,0.0,78422790.00000006
2025-08-01 11:41:56 AM,3290.5,1,3290.5,78426080.50000006
2025-08-01 11:42:15 AM,3290.0,0,0.0,78426080.50000006
2025-08-01 11:42:16 AM,3290.0,1,3290.0,78429370.50000006
2025-08-01 11:42:21 AM,3290.0,1,3290.0,78432660.50000006
2025-08-01 11:42:25 AM,3288.6,0,0.0,78432660.50000006
2025-08-01 11:42:26 AM,3290.4,60,197424.0,78630084.50000006
2025-08-01 11:42:27 AM,3290.0,0,0.0,78630084.50000006
2025-08-01 11:42:31 AM,3290.0,5,16450.0,78646534.50000006
2025-08-01 11:42:37 AM,3292.7,3,9878.099999999999,78656412.60000005
2025-08-01 11:42:42 AM,3292.7,1,3292.7,78659705.30000006
2025-08-01 11:42:44 AM,3291.8,0,0.0,78659705.30000006
2025-08-01 11:42:47 AM,3289.0,0,0.0,78659705.30000006
2025-08-01 11:42:48 AM,3289.0,12,39468.0,78699173.30000006
2025-08-01 11:42:48 AM,3290.8,20,65816.0,78764989.30000006
2025-08-01 11:42:49 AM,3288.3,0,0.0,78764989.30000006
2025-08-01 11:42:53 AM,3288.3,1,3288.3,78768277.60000005
2025-08-01 11:43:14 AM,3291.7,1,3291.7,78771569.30000006
2025-08-01 11:43:35 AM,3292.4,0,0.0,78771569.30000006
2025-08-01 11:43:35 AM,3292.4,6,19754.4,78791323.70000006
2025-08-01 11:43:43 AM,3292.3,0,0.0,78791323.70000006
2025-08-01 11:43:45 AM,3292.3,1,3292.3,78794616.00000006
2025-08-01 11:43:53 AM,3290.2,0,0.0,78794616.00000006
2025-08-01 11:43:56 AM,3290.2,27,88835.4,78883451.40000007
2025-08-01 11:44:13 AM,3292.9,1,3292.9,78886744.30000007
2025-08-01 11:44:28 AM,3291.4,0,0.0,78886744.30000007
2025-08-01 11:44:31 AM,3291.4,2,6582.8,78893327.10000007
2025-08-01 11:44:46 AM,3290.0,0,0.0,78893327.10000007
2025-08-01 11:44:47 AM,3290.0,7,23030.0,78916357.10000007
2025-08-01 11:45:17 AM,3290.9,0,0.0,78916357.10000007
2025-08-01 11:45:19 AM,3290.9,1,3290.9,78919648.00000007
2025-08-01 11:45:21 AM,3288.3,0,0.0,78919648.00000007
2025-08-01 11:45:25 AM,3288.3,28,92072.40000000001,79011720.40000008
2025-08-01 11:45:37 AM,3288.0,0,0.0,79011720.40000008
2025-08-01 11:45:40 AM,3288.0,15,49320.0,79061040.40000008
2025-08-01 11:45:41 AM,3288.0,10,32880.0,79093920.40000008
2025-08-01 11:45:46 AM,3288.3,5,16441.5,79110361.90000008
2025-08-01 11:45:58 AM,3288.0,0,0.0,79110361.90000008
2025-08-01 11:46:02 AM,3288.0,40,131520.0,79241881.90000008
2025-08-01 11:46:09 AM,3287.9,0,0.0,79241881.90000008
2025-08-01 11:46:13 AM,3287.9,20,65758.0,79307639.90000008
2025-08-01 11:46:28 AM,3288.0,0,0.0,79307639.90000008
2025-08-01 11:46:28 AM,3288.0,3,9864.0,79317503.90000008
2025-08-01 11:46:29 AM,3287.8,0,0.0,79317503.90000008
2025-08-01 11:46:33 AM,3287.8,20,65756.0,79383259.90000008
2025-08-01 11:46:39 AM,3287.8,2,6575.6,79389835.50000007
2025-08-01 11:46:51 AM,3287.9,0,0.0,79389835.50000007
2025-08-01 11:46:55 AM,3287.9,2,6575.8,79396411.30000007
2025-08-01 11:46:56 AM,3286.1,0,0.0,79396411.30000007
2025-08-01 11:46:56 AM,3286.1,170,558637.0,79955048.30000007
2025-08-01 11:47:03 AM,3289.2,0,0.0,79955048.30000007
2025-08-01 11:47:05 AM,3289.2,10,32892.0,79987940.30000007
2025-08-01 11:47:27 AM,3288.8,0,0.0,79987940.30000007
2025-08-01 11:47:31 AM,3288.8,2,6577.6,79994517.90000007
2025-08-01 11:48:08 AM,3289.9,0,0.0,79994517.90000007
2025-08-01 11:48:12 AM,3289.9,1,3289.9,79997807.80000007
2025-08-01 11:48:18 AM,3287.5,0,0.0,79997807.80000007
2025-08-01 11:48:22 AM,3287.5,2,6575.0,80004382.80000007
2025-08-01 11:48:37 AM,3287.8,30,98634.0,80103016.80000007
2025-08-01 11:48:42 AM,3287.8,1,3287.8,80106304.60000007
2025-08-01 11:48:57 AM,3290.0,1,3290.0,80109594.60000007
2025-08-01 11:49:05 AM,3291.8,0,0.0,80109594.60000007
2025-08-01 11:49:06 AM,3288.8,0,0.0,80109594.60000007
2025-08-01 11:49:07 AM,3288.8,252,828777.6000000001,80938372.20000006
2025-08-01 11:49:14 AM,3288.4,0,0.0,80938372.20000006
2025-08-01 11:49:18 AM,3288.4,1,3288.4,80941660.60000007
2025-08-01 11:49:20 AM,3288.5,0,0.0,80941660.60000007
2025-08-01 11:49:23 AM,3288.5,5,16442.5,80958103.10000007
2025-08-01 11:49:43 AM,3290.6,0,0.0,80958103.10000007
2025-08-01 11:49:44 AM,3290.6,3,9871.8,80967974.90000007
2025-08-01 11:49:49 AM,3291.2,0,0.0,80967974.90000007
2025-08-01 11:49:49 AM,3291.2,30,98736.0,81066710.90000007
2025-08-01 11:49:55 AM,3291.5,10,32915.0,81099625.90000007
2025-08-01 11:49:59 AM,3290.7,0,0.0,81099625.90000007
2025-08-01 11:50:00 AM,3290.7,3,9872.099999999999,81109498.00000006
2025-08-01 11:50:11 AM,3291.6,0,0.0,81109498.00000006
2025-08-01 11:50:13 AM,3289.4,0,0.0,81109498.00000006
2025-08-01 11:50:15 AM,3289.4,9,29604.600000000002,81139102.60000005
2025-08-01 11:50:55 AM,3291.8,0,0.0,81139102.60000005
2025-08-01 11:50:55 AM,3291.8,8,26334.4,81165437.00000006
2025-08-01 11:51:23 AM,3292.2,0,0.0,81165437.00000006
2025-08-01 11:51:25 AM,3292.2,5,16461.0,81181898.00000006
2025-08-01 11:51:30 AM,3292.2,1,3292.2,81185190.20000006
2025-08-01 11:51:50 AM,3293.3,3,9879.900000000001,81195070.10000007
2025-08-01 11:52:05 AM,3292.1,0,0.0,81195070.10000007
2025-08-01 11:52:05 AM,3292.1,1,3292.1,81198362.20000006
2025-08-01 11:52:17 AM,3291.9,0,0.0,81198362.20000006
2025-08-01 11:52:20 AM,3291.9,9,29627.100000000002,81227989.30000006
2025-08-01 11:52:28 AM,3295.3,0,0.0,81227989.30000006
2025-08-01 11:52:30 AM,3295.3,21,69201.3,81297190.60000005
2025-08-01 11:52:40 AM,3296.7,0,0.0,81297190.60000005
2025-08-01 11:52:40 AM,3296.7,10,32967.0,81330157.60000005
2025-08-01 11:52:45 AM,3296.7,10,32967.0,81363124.60000005
2025-08-01 11:52:59 AM,3294.7,0,0.0,81363124.60000005
2025-08-01 11:53:00 AM,3294.7,1,3294.7,81366419.30000006
2025-08-01 11:53:01 AM,3294.9,0,0.0,81366419.30000006
2025-08-01 11:53:01 AM,3294.9,1,3294.9,81369714.20000006
2025-08-01 11:53:17 AM,3295.0,5,16475.0,81386189.20000006
2025-08-01 11:53:22 AM,3295.2,1,3295.2,81389484.40000007
2025-08-01 11:54:10 AM,3295.6,0,0.0,81389484.40000007
2025-08-01 11:54:11 AM,3295.6,1,3295.6,81392780.00000006
2025-08-01 11:54:36 AM,3295.5,0,0.0,81392780.00000006
2025-08-01 11:54:37 AM,3295.5,5,16477.5,81409257.50000006
2025-08-01 11:55:13 AM,3292.1,10,32921.0,81442178.50000006
2025-08-01 11:55:27 AM,3292.0,0,0.0,81442178.50000006
2025-08-01 11:55:28 AM,3292.0,5,16460.0,81458638.50000006
2025-08-01 11:55:59 AM,3292.0,1,3292.0,81461930.50000006
2025-08-01 11:56:05 AM,3290.1,0,0.0,81461930.50000006
2025-08-01 11:56:07 AM,3290.1,7,23030.7,81484961.20000006
2025-08-01 11:56:42 AM,3290.0,0,0.0,81484961.20000006
2025-08-01 11:56:43 AM,3290.0,37,121730.0,81606691.20000006
2025-08-01 11:56:48 AM,3289.0,1,3289.0,81609980.20000006
2025-08-01 11:57:10 AM,3289.0,1,3289.0,81613269.20000006
2025-08-01 11:57:19 AM,3291.1,0,0.0,81613269.20000006
2025-08-01 11:57:20 AM,3291.1,4,13164.4,81626433.60000007
2025-08-01 11:57:43 AM,3289.0,0,0.0,81626433.60000007
2025-08-01 11:57:43 AM,3289.0,4,13156.0,81639589.60000007
2025-08-01 11:57:53 AM,3287.6,0,0.0,81639589.60000007
2025-08-01 11:57:53 AM,3287.6,36,118353.59999999999,81757943.20000006
2025-08-01 11:57:59 AM,3284.1,0,0.0,81757943.20000006
2025-08-01 11:58:00 AM,3284.1,260,853866.0,82611809.20000006
2025-08-01 11:58:07 AM,3284.0,0,0.0,82611809.20000006
2025-08-01 11:58:09 AM,3284.0,1,3284.0,82615093.20000006
2025-08-01 11:58:15 AM,3284.0,18,59112.0,82674205.20000006
2025-08-01 11:58:20 AM,3285.6,0,0.0,82674205.20000006
2025-08-01 11:58:21 AM,3285.6,15,49284.0,82723489.20000006
2025-08-01 11:58:23 AM,3283.7,0,0.0,82723489.20000006
2025-08-01 11:58:26 AM,3283.7,1,3283.7,82726772.90000007
2025-08-01 11:58:44 AM,3285.0,0,0.0,82726772.90000007
2025-08-01 11:58:47 AM,3285.0,14,45990.0,82772762.90000007
2025-08-01 11:58:54 AM,3287.4,0,0.0,82772762.90000007
2025-08-01 11:58:57 AM,3287.4,1,3287.4,82776050.30000007
2025-08-01 11:59:14 AM,3286.0,0,0.0,82776050.30000007
2025-08-01 11:59:14 AM,3286.0,1,3286.0,82779336.30000007
2025-08-01 11:59:22 AM,3285.1,0,0.0,82779336.30000007
2025-08-01 11:59:23 AM,3285.1,11,36136.1,82815472.40000007
2025-08-01 11:59:24 AM,3283.2,0,0.0,82815472.40000007
2025-08-01 11:59:24 AM,3283.2,213,699321.6,83514794.00000006
2025-08-01 11:59:26 AM,3283.1,0,0.0,83514794.00000006
2025-08-01 11:59:28 AM,3285.0,12,39420.0,83554214.00000006
2025-08-01 11:59:46 AM,3284.9,1,3284.9,83557498.90000007
2025-08-01 11:59:54 AM,3284.7,0,0.0,83557498.90000007
2025-08-01 11:59:54 AM,3284.7,1,3284.7,83560783.60000007
2025-08-01 12:00:04 PM,3285.8,4,13143.2,83573926.80000007
2025-08-01 12:00:19 PM,3287.7,0,0.0,83573926.80000007
2025-08-01 12:00:21 PM,3287.7,5,16438.5,83590365.30000007
2025-08-01 12:00:25 PM,3288.7,0,0.0,83590365.30000007
2025-08-01 12:00:26 PM,3288.7,33,108527.09999999999,83698892.40000007
2025-08-01 12:00:28 PM,3288.6,20,65772.0,83764664.40000007
2025-08-01 12:00:31 PM,3287.3,30,98619.0,83863283.40000007
2025-08-01 12:01:29 PM,3287.3,10,32873.0,83896156.40000007
2025-08-01 12:02:02 PM,3290.2,1,3290.2,83899446.60000007
2025-08-01 12:02:15 PM,3294.2,0,0.0,83899446.60000007
2025-08-01 12:02:17 PM,3294.2,237,780725.3999999999,84680172.00000007
2025-08-01 12:02:33 PM,3291.8,0,0.0,84680172.00000007
2025-08-01 12:02:34 PM,3291.8,1,3291.8,84683463.80000007
2025-08-01 12:03:11 PM,3289.3,0,0.0,84683463.80000007
2025-08-01 12:03:12 PM,3289.3,3,9867.900000000001,84693331.70000008
2025-08-01 12:04:36 PM,3287.3,0,0.0,84693331.70000008
2025-08-01 12:04:37 PM,3287.3,17,55884.100000000006,84749215.80000007
2025-08-01 12:04:42 PM,3287.3,17,55884.100000000006,84805099.90000007
2025-08-01 12:04:51 PM,3287.3,44,144641.2,84949741.10000007
2025-08-01 12:05:06 PM,3287.1,0,0.0,84949741.10000007
2025-08-01 12:05:08 PM,3287.1,6,19722.6,84969463.70000006
2025-08-01 12:06:56 PM,3289.3,0,0.0,84969463.70000006
2025-08-01 12:06:57 PM,3289.3,6,19735.800000000003,84989199.50000006
2025-08-01 12:07:12 PM,3289.3,10,32893.0,85022092.50000006
2025-08-01 12:07:42 PM,3289.2,0,0.0,85022092.50000006
2025-08-01 12:07:43 PM,3289.2,10,32892.0,85054984.50000006
2025-08-01 12:07:48 PM,3289.2,1,3289.2,85058273.70000006
2025-08-01 12:07:50 PM,3289.6,0,0.0,85058273.70000006
2025-08-01 12:07:53 PM,3289.6,4,13158.4,85071432.10000007
2025-08-01 12:08:06 PM,3290.2,0,0.0,85071432.10000007
2025-08-01 12:08:08 PM,3290.2,2,6580.4,85078012.50000007
2025-08-01 12:08:13 PM,3290.2,2,6580.4,85084592.90000008
2025-08-01 12:08:23 PM,3290.2,9,29611.8,85114204.70000008
2025-08-01 12:08:52 PM,3288.4,0,0.0,85114204.70000008
2025-08-01 12:08:52 PM,3288.4,1,3288.4,85117493.10000008
2025-08-01 12:09:18 PM,3289.3,0,0.0,85117493.10000008
2025-08-01 12:09:22 PM,3289.3,10,32893.0,85150386.10000008
2025-08-01 12:09:30 PM,3289.8,0,0.0,85150386.10000008
2025-08-01 12:09:32 PM,3289.8,1,3289.8,85153675.90000008
2025-08-01 12:10:02 PM,3291.7,0,0.0,85153675.90000008
2025-08-01 12:10:07 PM,3291.7,4,13166.8,85166842.70000008
2025-08-01 12:10:16 PM,3290.0,0,0.0,85166842.70000008
2025-08-01 12:10:18 PM,3290.0,1,3290.0,85170132.70000008
2025-08-01 12:10:32 PM,3289.3,0,0.0,85170132.70000008
2025-08-01 12:10:33 PM,3289.3,2,6578.6,85176711.30000007
2025-08-01 12:11:00 PM,3289.2,0,0.0,85176711.30000007
2025-08-01 12:11:02 PM,3289.2,10,32892.0,85209603.30000007
2025-08-01 12:11:07 PM,3289.2,48,157881.59999999998,85367484.90000007
2025-08-01 12:11:17 PM,3289.2,5,16446.0,85383930.90000007
2025-08-01 12:11:36 PM,3289.0,0,0.0,85383930.90000007
2025-08-01 12:11:37 PM,3289.0,1,3289.0,85387219.90000007
2025-08-01 12:11:52 PM,3289.0,4,13156.0,85400375.90000007
2025-08-01 12:12:14 PM,3288.4,0,0.0,85400375.90000007
2025-08-01 12:12:16 PM,3288.4,9,29595.600000000002,85429971.50000006
2025-08-01 12:12:18 PM,3288.3,0,0.0,85429971.50000006
2025-08-01 12:12:21 PM,3288.3,4,13153.2,85443124.70000006
2025-08-01 12:12:24 PM,3290.6,0,0.0,85443124.70000006
2025-08-01 12:12:26 PM,3290.6,10,32906.0,85476030.70000006
2025-08-01 12:12:30 PM,3288.0,0,0.0,85476030.70000006
2025-08-01 12:12:31 PM,3288.0,2,6576.0,85482606.70000006
2025-08-01 12:12:38 PM,3287.8,0,0.0,85482606.70000006
2025-08-01 12:12:41 PM,3287.8,13,42741.4,85525348.10000007
2025-08-01 12:12:48 PM,3285.3,0,0.0,85525348.10000007
2025-08-01 12:12:52 PM,3285.3,46,151123.80000000002,85676471.90000007
2025-08-01 12:12:54 PM,3287.7,0,0.0,85676471.90000007
2025-08-01 12:12:57 PM,3287.7,10,32877.0,85709348.90000007
2025-08-01 12:13:24 PM,3286.1,0,0.0,85709348.90000007
2025-08-01 12:13:27 PM,3286.1,5,16430.5,85725779.40000007
2025-08-01 12:13:46 PM,3287.7,0,0.0,85725779.40000007
2025-08-01 12:13:46 PM,3287.7,2,6575.4,85732354.80000007
2025-08-01 12:14:21 PM,3287.7,1,3287.7,85735642.50000007
2025-08-01 12:14:40 PM,3285.6,0,0.0,85735642.50000007
2025-08-01 12:14:41 PM,3285.6,1,3285.6,85738928.10000007
2025-08-01 12:14:46 PM,3285.5,0,0.0,85738928.10000007
2025-08-01 12:14:46 PM,3287.0,3,9861.0,85748789.10000007
2025-08-01 12:15:52 PM,3286.9,0,0.0,85748789.10000007
2025-08-01 12:15:53 PM,3286.9,1,3286.9,85752076.00000007
2025-08-01 12:16:08 PM,3286.9,9,29582.100000000002,85781658.10000007
2025-08-01 12:17:26 PM,3286.9,1,3286.9,85784945.00000007
2025-08-01 12:17:31 PM,3286.9,327,1074816.3,86859761.30000007
2025-08-01 12:17:50 PM,3287.0,1,3287.0,86863048.30000007
2025-08-01 12:18:38 PM,3286.9,0,0.0,86863048.30000007
2025-08-01 12:18:38 PM,3286.9,2,6573.8,86869622.10000007
2025-08-01 12:18:50 PM,3287.0,0,0.0,86869622.10000007
2025-08-01 12:18:54 PM,3287.0,9,29583.0,86899205.10000007
2025-08-01 12:19:08 PM,3287.7,0,0.0,86899205.10000007
2025-08-01 12:19:09 PM,3287.7,1,3287.7,86902492.80000007
2025-08-01 12:19:14 PM,3287.7,6,19726.199999999997,86922219.00000007
2025-08-01 12:19:19 PM,3288.0,46,151248.0,87073467.00000007
2025-08-01 12:19:29 PM,3288.0,6,19728.0,87093195.00000007
2025-08-01 12:19:46 PM,3289.6,0,0.0,87093195.00000007
2025-08-01 12:19:49 PM,3289.6,23,75660.8,87168855.80000007
2025-08-01 12:19:51 PM,3288.0,0,0.0,87168855.80000007
2025-08-01 12:19:54 PM,3288.0,31,101928.0,87270783.80000007
2025-08-01 12:19:58 PM,3286.7,0,0.0,87270783.80000007
2025-08-01 12:20:00 PM,3286.7,220,723074.0,87993857.80000007
2025-08-01 12:20:07 PM,3288.1,0,0.0,87993857.80000007
2025-08-01 12:20:09 PM,3286.9,0,0.0,87993857.80000007
2025-08-01 12:20:10 PM,3286.9,21,69024.90000000001,88062882.70000008
2025-08-01 12:20:16 PM,3287.0,1,3287.0,88066169.70000008
2025-08-01 12:20:38 PM,3288.0,0,0.0,88066169.70000008
2025-08-01 12:20:42 PM,3288.0,10,32880.0,88099049.70000008
2025-08-01 12:20:47 PM,3288.0,3,9864.0,88108913.70000008
2025-08-01 12:20:48 PM,3286.3,0,0.0,88108913.70000008
2025-08-01 12:20:52 PM,3286.3,12,39435.600000000006,88148349.30000007
2025-08-01 12:21:09 PM,3288.0,0,0.0,88148349.30000007
2025-08-01 12:21:12 PM,3288.0,1,3288.0,88151637.30000007
2025-08-01 12:21:43 PM,3286.0,0,0.0,88151637.30000007
2025-08-01 12:21:45 PM,3286.0,40,131440.0,88283077.30000007
2025-08-01 12:21:59 PM,3285.6,0,0.0,88283077.30000007
2025-08-01 12:22:00 PM,3285.6,40,131424.0,88414501.30000007
2025-08-01 12:22:05 PM,3285.1,64,210246.4,88624747.70000008
2025-08-01 12:22:33 PM,3285.3,10,32853.0,88657600.70000008
2025-08-01 12:22:42 PM,3285.3,10,32853.0,88690453.70000008
2025-08-01 12:23:07 PM,3288.0,1,3288.0,88693741.70000008
2025-08-01 12:24:31 PM,3288.0,109,358392.0,89052133.70000008
2025-08-01 12:24:45 PM,3290.0,0,0.0,89052133.70000008
2025-08-01 12:24:45 PM,3290.0,1,3290.0,89055423.70000008
2025-08-01 12:24:50 PM,3290.0,1,3290.0,89058713.70000008
2025-08-01 12:25:51 PM,3290.5,14,46067.0,89104780.70000008
2025-08-01 12:26:07 PM,3290.0,0,0.0,89104780.70000008
2025-08-01 12:26:10 PM,3289.6,0,0.0,89104780.70000008
2025-08-01 12:26:11 PM,3289.6,7,23027.2,89127807.90000008
2025-08-01 12:26:25 PM,3288.5,0,0.0,89127807.90000008
2025-08-01 12:26:26 PM,3288.5,25,82212.5,89210020.40000008
2025-08-01 12:27:07 PM,3288.0,611,2008968.0,91218988.40000008
2025-08-01 12:27:13 PM,3286.5,0,0.0,91218988.40000008
2025-08-01 12:27:17 PM,3286.5,1,3286.5,91222274.90000008
2025-08-01 12:27:23 PM,3285.3,0,0.0,91222274.90000008
2025-08-01 12:27:24 PM,3285.0,0,0.0,91222274.90000008
2025-08-01 12:27:27 PM,3286.7,32,105174.4,91327449.30000009
2025-08-01 12:28:05 PM,3284.1,0,0.0,91327449.30000009
2025-08-01 12:28:06 PM,3284.1,20,65682.0,91393131.30000009
2025-08-01 12:28:13 PM,3285.6,0,0.0,91393131.30000009
2025-08-01 12:28:15 PM,3285.6,1,3285.6,91396416.90000008
2025-08-01 12:28:39 PM,3284.0,0,0.0,91396416.90000008
2025-08-01 12:28:40 PM,3284.0,10,32840.0,91429256.90000008
2025-08-01 12:28:47 PM,3284.0,39,128076.0,91557332.90000008
2025-08-01 12:29:15 PM,3283.2,0,0.0,91557332.90000008
2025-08-01 12:29:17 PM,3283.2,4,13132.8,91570465.70000008
2025-08-01 12:29:24 PM,3283.2,1,3283.2,91573748.90000008
2025-08-01 12:29:26 PM,3283.1,4,13132.4,91586881.30000009
2025-08-01 12:29:29 PM,3283.1,3,9849.3,91596730.60000008
2025-08-01 12:29:47 PM,3284.7,0,0.0,91596730.60000008
2025-08-01 12:29:48 PM,3284.7,2,6569.4,91603300.00000009
2025-08-01 12:30:20 PM,3284.7,1,3284.7,91606584.70000009
2025-08-01 12:30:22 PM,3281.0,0,0.0,91606584.70000009
2025-08-01 12:30:23 PM,3281.0,147,482307.0,92088891.70000009
2025-08-01 12:30:26 PM,3282.1,0,0.0,92088891.70000009
2025-08-01 12:30:28 PM,3282.1,5,16410.5,92105302.20000009
2025-08-01 12:30:31 PM,3282.8,9,29545.2,92134847.4000001
2025-08-01 12:30:33 PM,3281.0,25,82025.0,92216872.4000001
2025-08-01 12:30:36 PM,3284.4,75,246330.0,92463202.4000001
2025-08-01 12:30:52 PM,3284.4,40,131376.0,92594578.4000001
2025-08-01 12:31:18 PM,3285.6,0,0.0,92594578.4000001
2025-08-01 12:31:19 PM,3285.6,223,732688.7999999999,93327267.20000009
2025-08-01 12:31:46 PM,3290.0,0,0.0,93327267.20000009
2025-08-01 12:31:49 PM,3290.0,4,13160.0,93340427.20000009
2025-08-01 12:32:38 PM,3289.8,0,0.0,93340427.20000009
2025-08-01 12:32:42 PM,3289.8,1,3289.8,93343717.00000009
2025-08-01 12:32:42 PM,3291.1,0,0.0,93343717.00000009
2025-08-01 12:32:46 PM,3291.1,20,65822.0,93409539.00000009
2025-08-01 12:33:00 PM,3290.1,0,0.0,93409539.00000009
2025-08-01 12:33:00 PM,3290.1,2,6580.2,93416119.20000009
2025-08-01 12:33:04 PM,3287.9,0,0.0,93416119.20000009
2025-08-01 12:33:06 PM,3287.9,5,16439.5,93432558.70000009
2025-08-01 12:33:42 PM,3290.5,0,0.0,93432558.70000009
2025-08-01 12:33:46 PM,3290.5,1,3290.5,93435849.20000009
2025-08-01 12:34:32 PM,3291.9,0,0.0,93435849.20000009
2025-08-01 12:34:36 PM,3290.5,0,0.0,93435849.20000009
2025-08-01 12:34:37 PM,3290.5,151,496865.5,93932714.70000009
2025-08-01 12:34:52 PM,3290.0,0,0.0,93932714.70000009
2025-08-01 12:34:52 PM,3290.0,30,98700.0,94031414.70000009
2025-08-01 12:35:12 PM,3289.8,0,0.0,94031414.70000009
2025-08-01 12:35:13 PM,3289.8,1,3289.8,94034704.50000009
2025-08-01 12:35:18 PM,3291.0,0,0.0,94034704.50000009
2025-08-01 12:35:23 PM,3291.0,2,6582.0,94041286.50000009
2025-08-01 12:35:34 PM,3291.7,0,0.0,94041286.50000009
2025-08-01 12:35:38 PM,3291.7,3,9875.099999999999,94051161.60000008
2025-08-01 12:35:41 PM,3291.0,0,0.0,94051161.60000008
2025-08-01 12:35:43 PM,3291.0,4,13164.0,94064325.60000008
2025-08-01 12:35:52 PM,3290.3,0,0.0,94064325.60000008
2025-08-01 12:35:54 PM,3290.3,4,13161.2,94077486.80000009
2025-08-01 12:36:46 PM,3290.7,0,0.0,94077486.80000009
2025-08-01 12:36:46 PM,3290.7,7,23034.899999999998,94100521.70000009
2025-08-01 12:37:01 PM,3288.1,0,0.0,94100521.70000009
2025-08-01 12:37:01 PM,3288.1,2,6576.2,94107097.9000001
2025-08-01 12:37:39 PM,3290.9,0,0.0,94107097.9000001
2025-08-01 12:37:41 PM,3290.9,1,3290.9,94110388.8000001
2025-08-01 12:37:47 PM,3289.2,10,32892.0,94143280.8000001
2025-08-01 12:38:07 PM,3285.9,309,1015343.1,95158623.9000001
2025-08-01 12:38:22 PM,3285.9,3,9857.7,95168481.6000001
2025-08-01 12:38:51 PM,3285.7,0,0.0,95168481.6000001
2025-08-01 12:38:52 PM,3285.7,1,3285.7,95171767.3000001
2025-08-01 12:39:39 PM,3285.7,1,3285.7,95175053.0000001
2025-08-01 12:40:00 PM,3284.0,2,6568.0,95181621.0000001
2025-08-01 12:40:22 PM,3282.0,0,0.0,95181621.0000001
2025-08-01 12:40:26 PM,3282.0,2,6564.0,95188185.0000001
2025-08-01 12:40:31 PM,3281.0,97,318257.0,95506442.0000001
2025-08-01 12:40:52 PM,3283.7,0,0.0,95506442.0000001
2025-08-01 12:40:57 PM,3283.7,5,16418.5,95522860.5000001
2025-08-01 12:41:00 PM,3284.8,0,0.0,95522860.5000001
2025-08-01 12:41:02 PM,3284.8,4,13139.2,95535999.7000001
2025-08-01 12:41:12 PM,3284.9,2,6569.8,95542569.5000001
2025-08-01 12:41:14 PM,3285.2,0,0.0,95542569.5000001
2025-08-01 12:41:17 PM,3285.2,1,3285.2,95545854.7000001
2025-08-01 12:41:40 PM,3285.7,0,0.0,95545854.7000001
2025-08-01 12:41:44 PM,3285.7,1,3285.7,95549140.40000011
2025-08-01 12:42:16 PM,3287.2,1,3287.2,95552427.60000011
2025-08-01 12:42:25 PM,3287.2,2,6574.4,95559002.00000012
2025-08-01 12:42:34 PM,3287.5,0,0.0,95559002.00000012
2025-08-01 12:42:35 PM,3287.5,1,3287.5,95562289.50000012
2025-08-01 12:42:38 PM,3286.0,0,0.0,95562289.50000012
2025-08-01 12:42:40 PM,3286.0,23,75578.0,95637867.50000012
2025-08-01 12:42:50 PM,3287.7,0,0.0,95637867.50000012
2025-08-01 12:42:51 PM,3287.7,2,6575.4,95644442.90000013
2025-08-01 12:43:04 PM,3285.0,0,0.0,95644442.90000013
2025-08-01 12:43:06 PM,3287.7,30,98631.0,95743073.90000013
2025-08-01 12:43:37 PM,3286.1,0,0.0,95743073.90000013
2025-08-01 12:43:40 PM,3286.1,3,9858.3,95752932.20000012
2025-08-01 12:43:46 PM,3284.8,0,0.0,95752932.20000012
2025-08-01 12:43:51 PM,3284.8,1,3284.8,95756217.00000012
2025-08-01 12:44:13 PM,3284.3,6,19705.800000000003,95775922.80000012
2025-08-01 12:44:32 PM,3284.8,0,0.0,95775922.80000012
2025-08-01 12:44:34 PM,3284.8,10,32848.0,95808770.80000012
2025-08-01 12:44:42 PM,3286.7,0,0.0,95808770.80000012
2025-08-01 12:44:44 PM,3286.7,1,3286.7,95812057.50000012
2025-08-01 12:45:24 PM,3283.8,0,0.0,95812057.50000012
2025-08-01 12:45:26 PM,3283.8,202,663327.6000000001,96475385.10000011
2025-08-01 12:45:46 PM,3285.2,5,16426.0,96491811.10000011
2025-08-01 12:46:28 PM,3282.5,0,0.0,96491811.10000011
2025-08-01 12:46:30 PM,3284.5,0,0.0,96491811.10000011
2025-08-01 12:46:31 PM,3284.5,8,26276.0,96518087.10000011
2025-08-01 12:46:57 PM,3284.5,2,6569.0,96524656.10000011
2025-08-01 12:47:10 PM,3284.9,0,0.0,96524656.10000011
2025-08-01 12:47:12 PM,3284.9,2,6569.8,96531225.90000011
2025-08-01 12:47:36 PM,3285.2,0,0.0,96531225.90000011
2025-08-01 12:47:38 PM,3285.2,1,3285.2,96534511.10000011
2025-08-01 12:47:48 PM,3285.6,0,0.0,96534511.10000011
2025-08-01 12:47:48 PM,3285.6,10,32856.0,96567367.10000011
2025-08-01 12:47:56 PM,3285.9,0,0.0,96567367.10000011
2025-08-01 12:47:57 PM,3285.9,2,6571.8,96573938.90000011
2025-08-01 12:48:54 PM,3284.2,0,0.0,96573938.90000011
2025-08-01 12:48:58 PM,3284.2,1,3284.2,96577223.10000011
2025-08-01 12:49:12 PM,3284.2,10,32842.0,96610065.10000011
2025-08-01 12:49:38 PM,3284.0,0,0.0,96610065.10000011
2025-08-01 12:49:41 PM,3284.0,1,3284.0,96613349.10000011
2025-08-01 12:50:48 PM,3282.0,0,0.0,96613349.10000011
2025-08-01 12:50:49 PM,3282.0,4,13128.0,96626477.10000011
2025-08-01 12:51:04 PM,3283.0,0,0.0,96626477.10000011
2025-08-01 12:51:04 PM,3283.0,2,6566.0,96633043.10000011
2025-08-01 12:51:15 PM,3283.0,6,19698.0,96652741.10000011
2025-08-01 12:51:30 PM,3282.0,10,32820.0,96685561.10000011
2025-08-01 12:51:38 PM,3281.1,0,0.0,96685561.10000011
2025-08-01 12:51:40 PM,3281.1,45,147649.5,96833210.60000011
2025-08-01 12:51:55 PM,3281.5,15,49222.5,96882433.10000011
2025-08-01 12:52:14 PM,3283.0,0,0.0,96882433.10000011
2025-08-01 12:52:15 PM,3283.0,1,3283.0,96885716.10000011
2025-08-01 12:52:16 PM,3281.3,45,147658.5,97033374.60000011
2025-08-01 12:52:21 PM,3283.0,2,6566.0,97039940.60000011
2025-08-01 12:53:04 PM,3281.7,0,0.0,97039940.60000011
2025-08-01 12:53:04 PM,3281.7,4,13126.8,97053067.40000011
2025-08-01 12:53:26 PM,3281.0,0,0.0,97053067.40000011
2025-08-01 12:53:29 PM,3281.0,237,777597.0,97830664.40000011
2025-08-01 12:53:32 PM,3283.0,0,0.0,97830664.40000011
2025-08-01 12:53:34 PM,3283.0,4,13132.0,97843796.40000011
2025-08-01 12:54:04 PM,3284.7,0,0.0,97843796.40000011
2025-08-01 12:54:05 PM,3284.7,1,3284.7,97847081.10000011
2025-08-01 12:54:45 PM,3284.7,5,16423.5,97863504.60000011
2025-08-01 12:54:48 PM,3282.8,0,0.0,97863504.60000011
2025-08-01 12:54:50 PM,3282.8,55,180554.0,98044058.60000011
2025-08-01 12:54:56 PM,3282.8,1,3282.8,98047341.40000011
2025-08-01 12:55:13 PM,3282.1,3,9846.3,98057187.7000001
2025-08-01 12:55:34 PM,3282.8,0,0.0,98057187.7000001
2025-08-01 12:55:37 PM,3282.8,2,6565.6,98063753.3000001
2025-08-01 12:55:56 PM,3284.4,0,0.0,98063753.3000001
2025-08-01 12:55:57 PM,3284.4,22,72256.8,98136010.1000001
2025-08-01 12:56:06 PM,3285.6,0,0.0,98136010.1000001
2025-08-01 12:56:07 PM,3285.6,4,13142.4,98149152.5000001
2025-08-01 12:57:33 PM,3285.6,1,3285.6,98152438.1000001
2025-08-01 12:57:43 PM,3285.4,1,3285.4,98155723.5000001
2025-08-01 12:58:02 PM,3283.9,0,0.0,98155723.5000001
2025-08-01 12:58:02 PM,3283.9,1,3283.9,98159007.40000011
2025-08-01 12:58:12 PM,3283.6,0,0.0,98159007.40000011
2025-08-01 12:58:12 PM,3283.6,10,32836.0,98191843.40000011
2025-08-01 12:58:17 PM,3283.6,12,39403.2,98231246.60000011
2025-08-01 12:59:04 PM,3284.5,5,16422.5,98247669.10000011
2025-08-01 12:59:44 PM,3284.5,1,3284.5,98250953.60000011
2025-08-01 12:59:49 PM,3284.5,1,3284.5,98254238.10000011
2025-08-01 01:00:26 PM,3284.5,6,19707.0,98273945.10000011
2025-08-01 01:00:31 PM,3284.5,9,29560.5,98303505.60000011
2025-08-01 01:01:53 PM,3283.1,0,0.0,98303505.60000011
2025-08-01 01:01:54 PM,3283.1,36,118191.59999999999,98421697.2000001
2025-08-01 01:02:03 PM,3283.1,5,16415.5,98438112.7000001
2025-08-01 01:03:59 PM,3284.7,1,3284.7,98441397.40000011
2025-08-01 01:04:11 PM,3286.0,0,0.0,98441397.40000011
2025-08-01 01:04:13 PM,3286.0,1,3286.0,98444683.40000011
2025-08-01 01:04:27 PM,3285.0,0,0.0,98444683.40000011
2025-08-01 01:04:27 PM,3285.0,1,3285.0,98447968.40000011
2025-08-01 01:04:45 PM,3283.1,0,0.0,98447968.40000011
2025-08-01 01:04:46 PM,3283.4,3,9850.2,98457818.60000011
2025-08-01 01:04:49 PM,3285.0,0,0.0,98457818.60000011
2025-08-01 01:04:51 PM,3285.0,15,49275.0,98507093.60000011
2025-08-01 01:05:22 PM,3283.4,2,6566.8,98513660.40000011
2025-08-01 01:05:25 PM,3285.0,0,0.0,98513660.40000011
2025-08-01 01:05:26 PM,3285.0,1,3285.0,98516945.40000011
2025-08-01 01:05:27 PM,3283.1,8,26264.8,98543210.2000001
2025-08-01 01:06:02 PM,3283.1,49,160871.9,98704082.10000011
2025-08-01 01:06:38 PM,3283.1,7,22981.7,98727063.80000012
2025-08-01 01:07:09 PM,3283.1,33,108342.3,98835406.10000011
2025-08-01 01:07:10 PM,3284.9,0,0.0,98835406.10000011
2025-08-01 01:07:10 PM,3284.9,2,6569.8,98841975.90000011
2025-08-01 01:07:14 PM,3279.0,0,0.0,98841975.90000011
2025-08-01 01:07:14 PM,3279.0,869,2849451.0,101691426.90000011
2025-08-01 01:07:15 PM,3279.8,54,177109.2,101868536.10000011
2025-08-01 01:07:22 PM,3282.0,0,0.0,101868536.10000011
2025-08-01 01:07:25 PM,3282.0,1,3282.0,101871818.10000011
2025-08-01 01:07:31 PM,3279.4,18,59029.200000000004,101930847.30000012
2025-08-01 01:07:40 PM,3282.6,0,0.0,101930847.30000012
2025-08-01 01:07:41 PM,3282.6,1,3282.6,101934129.90000011
2025-08-01 01:07:44 PM,3280.0,0,0.0,101934129.90000011
2025-08-01 01:07:46 PM,3280.0,2,6560.0,101940689.90000011
2025-08-01 01:07:48 PM,3282.2,0,0.0,101940689.90000011
2025-08-01 01:07:51 PM,3282.2,43,141134.6,102081824.5000001
2025-08-01 01:08:04 PM,3284.5,0,0.0,102081824.5000001
2025-08-01 01:08:05 PM,3284.5,5,16422.5,102098247.0000001
2025-08-01 01:08:41 PM,3282.1,0,0.0,102098247.0000001
2025-08-01 01:08:41 PM,3282.1,1,3282.1,102101529.1000001
2025-08-01 01:09:42 PM,3284.2,0,0.0,102101529.1000001
2025-08-01 01:09:43 PM,3284.2,2,6568.4,102108097.5000001
2025-08-01 01:10:04 PM,3282.1,0,0.0,102108097.5000001
2025-08-01 01:10:06 PM,3282.1,2,6564.2,102114661.7000001
2025-08-01 01:10:42 PM,3283.1,1,3283.1,102117944.8000001
2025-08-01 01:11:12 PM,3283.1,1,3283.1,102121227.9000001
2025-08-01 01:11:59 PM,3282.1,0,0.0,102121227.9000001
2025-08-01 01:12:01 PM,3282.1,4,13128.4,102134356.3000001
2025-08-01 01:12:12 PM,3284.1,0,0.0,102134356.3000001
2025-08-01 01:12:12 PM,3284.1,5,16420.5,102150776.8000001
2025-08-01 01:12:30 PM,3283.9,0,0.0,102150776.8000001
2025-08-01 01:12:32 PM,3283.9,1,3283.9,102154060.7000001
2025-08-01 01:12:52 PM,3283.9,6,19703.4,102173764.10000011
2025-08-01 01:13:53 PM,3284.5,1,3284.5,102177048.60000011
2025-08-01 01:14:21 PM,3284.5,10,32845.0,102209893.60000011
2025-08-01 01:14:26 PM,3284.5,2,6569.0,102216462.60000011
2025-08-01 01:14:42 PM,3283.0,17,55811.0,102272273.60000011
2025-08-01 01:15:04 PM,3284.5,0,0.0,102272273.60000011
2025-08-01 01:15:04 PM,3284.5,10,32845.0,102305118.60000011
2025-08-01 01:15:36 PM,3284.1,0,0.0,102305118.60000011
2025-08-01 01:15:38 PM,3284.1,2,6568.2,102311686.80000012
2025-08-01 01:17:32 PM,3284.1,1,3284.1,102314970.90000011
2025-08-01 01:17:50 PM,3285.0,0,0.0,102314970.90000011
2025-08-01 01:17:51 PM,3285.0,2,6570.0,102321540.90000011
2025-08-01 01:18:15 PM,3285.0,1,3285.0,102324825.90000011
2025-08-01 01:18:45 PM,3285.0,1,3285.0,102328110.90000011
2025-08-01 01:18:48 PM,3283.9,0,0.0,102328110.90000011
2025-08-01 01:18:50 PM,3283.9,14,45974.6,102374085.5000001
2025-08-01 01:19:28 PM,3281.5,0,0.0,102374085.5000001
2025-08-01 01:19:30 PM,3281.5,43,141104.5,102515190.0000001
2025-08-01 01:19:53 PM,3279.1,10,32791.0,102547981.0000001
2025-08-01 01:20:10 PM,3280.0,0,0.0,102547981.0000001
2025-08-01 01:20:10 PM,3280.0,36,118080.0,102666061.0000001
2025-08-01 01:20:12 PM,3281.1,0,0.0,102666061.0000001
2025-08-01 01:20:14 PM,3281.1,2,6562.2,102672623.2000001
2025-08-01 01:20:36 PM,3280.3,0,0.0,102672623.2000001
2025-08-01 01:20:38 PM,3283.0,0,0.0,102672623.2000001
2025-08-01 01:20:39 PM,3283.0,13,42679.0,102715302.2000001
2025-08-01 01:20:42 PM,3280.2,0,0.0,102715302.2000001
2025-08-01 01:20:44 PM,3280.2,1,3280.2,102718582.40000011
2025-08-01 01:20:52 PM,3282.3,0,0.0,102718582.40000011
2025-08-01 01:20:54 PM,3282.3,15,49234.5,102767816.90000011
2025-08-01 01:21:28 PM,3281.9,0,0.0,102767816.90000011
2025-08-01 01:21:29 PM,3281.9,1,3281.9,102771098.80000012
2025-08-01 01:21:40 PM,3282.0,0,0.0,102771098.80000012
2025-08-01 01:21:44 PM,3282.0,1,3282.0,102774380.80000012
2025-08-01 01:22:09 PM,3283.5,0,0.0,102774380.80000012
2025-08-01 01:22:12 PM,3283.5,1,3283.5,102777664.30000012
2025-08-01 01:22:25 PM,3285.1,0,0.0,102777664.30000012
2025-08-01 01:22:26 PM,3285.1,49,160969.9,102938634.20000012
2025-08-01 01:22:42 PM,3283.5,0,0.0,102938634.20000012
2025-08-01 01:22:44 PM,3283.5,32,105072.0,103043706.20000012
2025-08-01 01:22:55 PM,3282.0,0,0.0,103043706.20000012
2025-08-01 01:22:58 PM,3282.0,4,13128.0,103056834.20000012
2025-08-01 01:23:17 PM,3280.2,0,0.0,103056834.20000012
2025-08-01 01:23:21 PM,3280.2,2,6560.4,103063394.60000013
2025-08-01 01:24:26 PM,3281.4,0,0.0,103063394.60000013
2025-08-01 01:24:29 PM,3281.4,1,3281.4,103066676.00000013
2025-08-01 01:24:52 PM,3280.1,0,0.0,103066676.00000013
2025-08-01 01:24:52 PM,3280.1,15,49201.5,103115877.50000013
2025-08-01 01:25:13 PM,3280.1,1,3280.1,103119157.60000013
2025-08-01 01:25:42 PM,3280.0,3,9840.0,103128997.60000013
2025-08-01 01:25:45 PM,3279.1,0,0.0,103128997.60000013
2025-08-01 01:25:47 PM,3279.1,1,3279.1,103132276.70000012
2025-08-01 01:26:11 PM,3279.9,0,0.0,103132276.70000012
2025-08-01 01:26:12 PM,3279.9,2,6559.8,103138836.50000012
2025-08-01 01:26:27 PM,3280.2,0,0.0,103138836.50000012
2025-08-01 01:26:32 PM,3280.2,51,167290.19999999998,103306126.70000012
2025-08-01 01:26:51 PM,3280.2,1,3280.2,103309406.90000013
2025-08-01 01:27:35 PM,3280.2,2,6560.4,103315967.30000013
2025-08-01 01:27:40 PM,3280.2,1,3280.2,103319247.50000013
2025-08-01 01:27:47 PM,3281.5,0,0.0,103319247.50000013
2025-08-01 01:27:50 PM,3281.5,2,6563.0,103325810.50000013
2025-08-01 01:27:54 PM,3280.2,3,9840.599999999999,103335651.10000013
2025-08-01 01:28:08 PM,3281.5,0,0.0,103335651.10000013
2025-08-01 01:28:09 PM,3281.5,2,6563.0,103342214.10000013
2025-08-01 01:28:14 PM,3281.5,98,321587.0,103663801.10000013
2025-08-01 01:28:39 PM,3283.4,0,0.0,103663801.10000013
2025-08-01 01:28:43 PM,3283.4,3,9850.2,103673651.30000013
2025-08-01 01:28:56 PM,3282.1,0,0.0,103673651.30000013
2025-08-01 01:28:57 PM,3282.1,1,3282.1,103676933.40000013
2025-08-01 01:30:19 PM,3282.1,10,32821.0,103709754.40000013
2025-08-01 01:30:38 PM,3284.1,0,0.0,103709754.40000013
2025-08-01 01:30:38 PM,3284.1,4,13136.4,103722890.80000013
2025-08-01 01:31:12 PM,3285.0,0,0.0,103722890.80000013
2025-08-01 01:31:13 PM,3285.0,1,3285.0,103726175.80000013
2025-08-01 01:31:16 PM,3284.3,0,0.0,103726175.80000013
2025-08-01 01:31:19 PM,3284.3,2,6568.6,103732744.40000013
2025-08-01 01:31:22 PM,3289.0,0,0.0,103732744.40000013
2025-08-01 01:31:24 PM,3289.0,257,845273.0,104578017.40000013
2025-08-01 01:31:30 PM,3290.0,0,0.0,104578017.40000013
2025-08-01 01:31:34 PM,3290.0,45,148050.0,104726067.40000013
2025-08-01 01:31:53 PM,3290.0,45,148050.0,104874117.40000013
2025-08-01 01:31:58 PM,3290.0,24,78960.0,104953077.40000013
