date,price,qty,trnvr,cum_trnvr
2025-08-01 09:15:04 AM,731.5,88,64372.0,64372.0
2025-08-01 09:15:13 AM,731.35,0,0.0,64372.0
2025-08-01 09:15:16 AM,731.35,1,731.35,65103.35
2025-08-01 09:15:22 AM,734.65,0,0.0,65103.35
2025-08-01 09:15:26 AM,734.65,101,74199.65,139303.0
2025-08-01 09:15:34 AM,734.65,8,5877.2,145180.2
2025-08-01 09:15:46 AM,732.7,0,0.0,145180.2
2025-08-01 09:15:51 AM,732.7,45,32971.5,178151.7
2025-08-01 09:15:52 AM,731.05,30,21931.5,200083.2
2025-08-01 09:16:07 AM,729.05,128,93318.4,293401.6
2025-08-01 09:16:38 AM,729.0,0,0.0,293401.6
2025-08-01 09:16:40 AM,729.0,1,729.0,294130.6
2025-08-01 09:17:32 AM,731.45,0,0.0,294130.6
2025-08-01 09:17:38 AM,729.1,159,115926.90000000001,410057.5
2025-08-01 09:17:46 AM,728.75,416,303160.0,713217.5
2025-08-01 09:17:52 AM,728.85,0,0.0,713217.5
2025-08-01 09:17:54 AM,728.85,7,5101.95,718319.45
2025-08-01 09:18:20 AM,729.8,10,7298.0,725617.45
2025-08-01 09:18:29 AM,729.75,20,14595.0,740212.45
2025-08-01 09:18:40 AM,729.2,0,0.0,740212.45
2025-08-01 09:18:44 AM,729.45,5,3647.25,743859.7
2025-08-01 09:19:00 AM,729.85,4,2919.4,746779.1
2025-08-01 09:19:08 AM,730.15,2,1460.3,748239.4
2025-08-01 09:19:16 AM,730.15,51,37237.65,785477.05
2025-08-01 09:19:20 AM,731.2,0,0.0,785477.05
2025-08-01 09:19:24 AM,731.2,2,1462.4,786939.4500000001
2025-08-01 09:19:32 AM,729.0,86,62694.0,849633.4500000001
2025-08-01 09:19:56 AM,729.0,12,8748.0,858381.4500000001
2025-08-01 09:20:14 AM,729.0,5,3645.0,862026.4500000001
2025-08-01 09:21:19 AM,730.25,0,0.0,862026.4500000001
2025-08-01 09:21:23 AM,730.25,19,13874.75,875901.2000000001
2025-08-01 09:21:43 AM,729.3,0,0.0,875901.2000000001
2025-08-01 09:21:46 AM,729.3,10,7293.0,883194.2000000001
2025-08-01 09:21:56 AM,730.95,0,0.0,883194.2000000001
2025-08-01 09:22:01 AM,730.95,10,7309.5,890503.7000000001
2025-08-01 09:22:28 AM,729.55,0,0.0,890503.7000000001
2025-08-01 09:22:32 AM,729.55,257,187494.34999999998,1077998.05
2025-08-01 09:22:39 AM,730.55,35,25569.25,1103567.3
2025-08-01 09:23:17 AM,729.35,23,16775.05,1120342.35
2025-08-01 09:23:20 AM,729.0,0,0.0,1120342.35
2025-08-01 09:23:25 AM,729.0,1,729.0,1121071.35
2025-08-01 09:24:18 AM,729.85,24,17516.4,1138587.75
2025-08-01 09:24:31 AM,730.9,0,0.0,1138587.75
2025-08-01 09:24:34 AM,730.9,5,3654.5,1142242.25
2025-08-01 09:25:35 AM,730.85,0,0.0,1142242.25
2025-08-01 09:25:36 AM,730.85,1,730.85,1142973.1
2025-08-01 09:26:41 AM,730.65,0,0.0,1142973.1
2025-08-01 09:26:42 AM,730.65,2,1461.3,1144434.4000000001
2025-08-01 09:29:00 AM,730.85,106,77470.1,1221904.5000000002
2025-08-01 09:29:01 AM,730.65,0,0.0,1221904.5000000002
2025-08-01 09:29:06 AM,730.65,1,730.65,1222635.1500000001
2025-08-01 09:31:06 AM,730.65,4,2922.6,1225557.7500000002
2025-08-01 09:31:32 AM,730.5,0,0.0,1225557.7500000002
2025-08-01 09:31:35 AM,730.5,1,730.5,1226288.2500000002
2025-08-01 09:33:21 AM,730.6,0,0.0,1226288.2500000002
2025-08-01 09:33:26 AM,730.6,22,16073.2,1242361.4500000002
2025-08-01 09:34:01 AM,733.3,1,733.3,1243094.7500000002
2025-08-01 09:34:06 AM,734.05,0,0.0,1243094.7500000002
2025-08-01 09:34:08 AM,734.05,13,9542.65,1252637.4000000001
2025-08-01 09:34:11 AM,735.45,0,0.0,1252637.4000000001
2025-08-01 09:34:15 AM,735.45,99,72809.55,1325446.9500000002
2025-08-01 09:35:41 AM,732.9,0,0.0,1325446.9500000002
2025-08-01 09:35:45 AM,732.9,25,18322.5,1343769.4500000002
2025-08-01 09:36:05 AM,733.7,35,25679.5,1369448.9500000002
2025-08-01 09:36:25 AM,734.9,0,0.0,1369448.9500000002
2025-08-01 09:36:25 AM,734.9,200,146980.0,1516428.9500000002
2025-08-01 09:36:37 AM,734.35,0,0.0,1516428.9500000002
2025-08-01 09:36:38 AM,734.35,1,734.35,1517163.3000000003
2025-08-01 09:37:12 AM,734.35,1,734.35,1517897.6500000004
2025-08-01 09:37:26 AM,733.7,1,733.7,1518631.3500000003
2025-08-01 09:37:55 AM,733.4,0,0.0,1518631.3500000003
2025-08-01 09:37:59 AM,733.4,10,7334.0,1525965.3500000003
2025-08-01 09:38:47 AM,733.95,50,36697.5,1562662.8500000003
2025-08-01 09:39:00 AM,734.0,50,36700.0,1599362.8500000003
2025-08-01 09:41:06 AM,734.0,5,3670.0,1603032.8500000003
2025-08-01 09:45:22 AM,734.0,1,734.0,1603766.8500000003
2025-08-01 09:46:12 AM,732.8,0,0.0,1603766.8500000003
2025-08-01 09:46:13 AM,732.8,4,2931.2,1606698.0500000003
2025-08-01 09:46:49 AM,732.7,0,0.0,1606698.0500000003
2025-08-01 09:46:51 AM,732.7,4,2930.8,1609628.8500000003
2025-08-01 09:48:24 AM,732.45,38,27833.100000000002,1637461.9500000004
2025-08-01 09:50:06 AM,739.0,758,560162.0,2197623.95
2025-08-01 09:50:12 AM,738.75,0,0.0,2197623.95
2025-08-01 09:50:12 AM,738.75,100,73875.0,2271498.95
2025-08-01 09:50:32 AM,737.35,0,0.0,2271498.95
2025-08-01 09:50:34 AM,737.35,5,3686.75,2275185.7
2025-08-01 09:56:06 AM,737.4,0,0.0,2275185.7
2025-08-01 09:56:06 AM,737.4,10,7374.0,2282559.7
2025-08-01 09:56:09 AM,736.1,0,0.0,2282559.7
2025-08-01 09:56:12 AM,736.1,23,16930.3,2299490.0
2025-08-01 09:56:36 AM,736.15,0,0.0,2299490.0
2025-08-01 09:56:36 AM,736.15,5,3680.75,2303170.75
2025-08-01 09:56:41 AM,735.55,130,95621.5,2398792.25
2025-08-01 09:56:54 AM,735.15,40,29406.0,2428198.25
2025-08-01 09:57:06 AM,736.3,0,0.0,2428198.25
2025-08-01 09:57:06 AM,736.3,6,4417.799999999999,2432616.05
2025-08-01 09:57:31 AM,737.05,1,737.05,2433353.0999999996
2025-08-01 09:59:18 AM,736.0,200,147200.0,2580553.0999999996
2025-08-01 09:59:43 AM,736.15,1,736.15,2581289.2499999995
2025-08-01 10:00:15 AM,736.1,0,0.0,2581289.2499999995
2025-08-01 10:00:15 AM,736.1,2,1472.2,2582761.4499999997
2025-08-01 10:00:21 AM,736.8,121,89152.79999999999,2671914.2499999995
2025-08-01 10:01:28 AM,736.25,0,0.0,2671914.2499999995
2025-08-01 10:01:30 AM,736.25,1,736.25,2672650.4999999995
2025-08-01 10:02:04 AM,736.1,5,3680.5,2676330.9999999995
2025-08-01 10:02:20 AM,736.9,0,0.0,2676330.9999999995
2025-08-01 10:02:23 AM,736.9,1,736.9,2677067.8999999994
2025-08-01 10:02:28 AM,737.0,0,0.0,2677067.8999999994
2025-08-01 10:02:29 AM,737.0,101,74437.0,2751504.8999999994
2025-08-01 10:02:44 AM,738.1,11,8119.1,2759623.9999999995
2025-08-01 10:02:46 AM,737.4,0,0.0,2759623.9999999995
2025-08-01 10:02:49 AM,737.4,14,10323.6,2769947.5999999996
2025-08-01 10:03:52 AM,736.55,2,1473.1,2771420.6999999997
2025-08-01 10:03:54 AM,737.95,57,42063.15,2813483.8499999996
2025-08-01 10:04:00 AM,738.2,14,10334.800000000001,2823818.6499999994
2025-08-01 10:04:15 AM,738.35,0,0.0,2823818.6499999994
2025-08-01 10:04:17 AM,738.35,40,29534.0,2853352.6499999994
2025-08-01 10:04:35 AM,738.65,0,0.0,2853352.6499999994
2025-08-01 10:04:36 AM,738.65,50,36932.5,2890285.1499999994
2025-08-01 10:04:48 AM,737.5,4,2950.0,2893235.1499999994
2025-08-01 10:04:57 AM,738.55,0,0.0,2893235.1499999994
2025-08-01 10:04:57 AM,738.55,25,18463.75,2911698.8999999994
2025-08-01 10:05:12 AM,737.0,0,0.0,2911698.8999999994
2025-08-01 10:05:13 AM,737.0,43,31691.0,2943389.8999999994
2025-08-01 10:05:31 AM,737.95,0,0.0,2943389.8999999994
2025-08-01 10:05:32 AM,737.95,28,20662.600000000002,2964052.4999999995
2025-08-01 10:05:52 AM,738.0,0,0.0,2964052.4999999995
2025-08-01 10:05:52 AM,738.0,2,1476.0,2965528.4999999995
2025-08-01 10:06:07 AM,737.95,38,28042.100000000002,2993570.5999999996
2025-08-01 10:06:31 AM,737.95,3,2213.8500000000004,2995784.4499999997
2025-08-01 10:07:29 AM,736.4,9,6627.599999999999,3002412.05
2025-08-01 10:08:18 AM,737.0,0,0.0,3002412.05
2025-08-01 10:08:18 AM,737.0,5,3685.0,3006097.05
2025-08-01 10:09:54 AM,736.05,0,0.0,3006097.05
2025-08-01 10:09:56 AM,736.05,100,73605.0,3079702.05
2025-08-01 10:10:33 AM,737.45,0,0.0,3079702.05
2025-08-01 10:10:33 AM,737.45,20,14749.0,3094451.05
2025-08-01 10:15:59 AM,736.35,0,0.0,3094451.05
2025-08-01 10:16:00 AM,736.35,20,14727.0,3109178.05
2025-08-01 10:17:45 AM,736.1,0,0.0,3109178.05
2025-08-01 10:17:49 AM,736.1,401,295176.10000000003,3404354.15
2025-08-01 10:18:05 AM,734.9,0,0.0,3404354.15
2025-08-01 10:18:06 AM,736.8,0,0.0,3404354.15
2025-08-01 10:18:07 AM,736.8,304,223987.19999999998,3628341.35
2025-08-01 10:19:57 AM,736.75,10,7367.5,3635708.85
2025-08-01 10:20:31 AM,736.25,0,0.0,3635708.85
2025-08-01 10:20:31 AM,736.25,35,25768.75,3661477.6
2025-08-01 10:23:09 AM,737.25,0,0.0,3661477.6
2025-08-01 10:23:11 AM,737.25,2,1474.5,3662952.1
2025-08-01 10:24:42 AM,737.2,0,0.0,3662952.1
2025-08-01 10:24:43 AM,737.2,7,5160.400000000001,3668112.5
2025-08-01 10:25:51 AM,737.2,4,2948.8,3671061.3
2025-08-01 10:26:59 AM,736.55,55,40510.25,3711571.55
2025-08-01 10:27:37 AM,737.2,0,0.0,3711571.55
2025-08-01 10:27:38 AM,737.2,5,3686.0,3715257.55
2025-08-01 10:28:29 AM,737.2,6,4423.200000000001,3719680.75
2025-08-01 10:30:04 AM,737.5,54,39825.0,3759505.75
2025-08-01 10:32:20 AM,737.4,0,0.0,3759505.75
2025-08-01 10:32:22 AM,737.4,136,100286.4,3859792.15
2025-08-01 10:32:24 AM,737.65,0,0.0,3859792.15
2025-08-01 10:32:25 AM,737.65,1,737.65,3860529.8
2025-08-01 10:32:35 AM,737.65,1,737.65,3861267.4499999997
2025-08-01 10:32:41 AM,738.0,162,119556.0,3980823.4499999997
2025-08-01 10:32:55 AM,738.3,3,2214.8999999999996,3983038.3499999996
2025-08-01 10:33:06 AM,738.9,0,0.0,3983038.3499999996
2025-08-01 10:33:06 AM,738.9,1,738.9,3983777.2499999995
2025-08-01 10:33:29 AM,739.0,35,25865.0,4009642.2499999995
2025-08-01 10:34:31 AM,740.3,350,259104.99999999997,4268747.249999999
2025-08-01 10:34:38 AM,740.3,28,20728.399999999998,4289475.649999999
2025-08-01 10:34:40 AM,740.5,0,0.0,4289475.649999999
2025-08-01 10:34:42 AM,740.5,59,43689.5,4333165.149999999
2025-08-01 10:34:53 AM,742.0,100,74200.0,4407365.149999999
2025-08-01 10:35:04 AM,740.65,0,0.0,4407365.149999999
2025-08-01 10:35:05 AM,740.65,23,17034.95,4424400.1
2025-08-01 10:35:10 AM,741.0,0,0.0,4424400.1
2025-08-01 10:35:11 AM,741.0,68,50388.0,4474788.1
2025-08-01 10:35:19 AM,740.4,274,202869.6,4677657.699999999
2025-08-01 10:35:48 AM,739.35,0,0.0,4677657.699999999
2025-08-01 10:35:50 AM,739.35,541,399988.35000000003,5077646.049999999
2025-08-01 10:36:09 AM,738.95,0,0.0,5077646.049999999
2025-08-01 10:36:09 AM,738.95,10,7389.5,5085035.549999999
2025-08-01 10:37:59 AM,738.0,0,0.0,5085035.549999999
2025-08-01 10:38:00 AM,738.0,10,7380.0,5092415.549999999
2025-08-01 10:40:47 AM,737.65,0,0.0,5092415.549999999
2025-08-01 10:40:48 AM,737.65,100,73765.0,5166180.549999999
2025-08-01 10:41:18 AM,738.0,0,0.0,5166180.549999999
2025-08-01 10:41:18 AM,738.0,100,73800.0,5239980.549999999
2025-08-01 10:42:19 AM,737.95,0,0.0,5239980.549999999
2025-08-01 10:42:19 AM,737.95,3,2213.8500000000004,5242194.3999999985
2025-08-01 10:42:22 AM,736.95,0,0.0,5242194.3999999985
2025-08-01 10:42:23 AM,736.95,10,7369.5,5249563.8999999985
2025-08-01 10:42:23 AM,738.0,0,0.0,5249563.8999999985
2025-08-01 10:42:24 AM,738.0,10,7380.0,5256943.8999999985
2025-08-01 10:44:03 AM,737.35,0,0.0,5256943.8999999985
2025-08-01 10:44:04 AM,737.35,5,3686.75,5260630.6499999985
2025-08-01 10:45:24 AM,738.0,0,0.0,5260630.6499999985
2025-08-01 10:45:24 AM,738.0,1,738.0,5261368.6499999985
2025-08-01 10:45:54 AM,737.25,0,0.0,5261368.6499999985
2025-08-01 10:45:56 AM,737.25,2,1474.5,5262843.1499999985
2025-08-01 10:47:40 AM,736.35,0,0.0,5262843.1499999985
2025-08-01 10:47:40 AM,736.35,21,15463.35,5278306.499999998
2025-08-01 10:48:11 AM,735.65,0,0.0,5278306.499999998
2025-08-01 10:48:13 AM,735.65,100,73565.0,5351871.499999998
2025-08-01 10:48:27 AM,735.65,70,51495.5,5403366.999999998
2025-08-01 10:49:54 AM,736.5,5,3682.5,5407049.499999998
2025-08-01 10:49:58 AM,735.55,0,0.0,5407049.499999998
2025-08-01 10:49:59 AM,735.55,5,3677.75,5410727.249999998
2025-08-01 10:51:14 AM,735.65,0,0.0,5410727.249999998
2025-08-01 10:51:18 AM,735.65,5,3678.25,5414405.499999998
2025-08-01 10:52:43 AM,736.6,0,0.0,5414405.499999998
2025-08-01 10:52:44 AM,736.6,5,3683.0,5418088.499999998
2025-08-01 10:53:08 AM,735.7,0,0.0,5418088.499999998
2025-08-01 10:53:10 AM,735.7,1,735.7,5418824.199999998
2025-08-01 10:58:24 AM,735.7,1,735.7,5419559.8999999985
2025-08-01 11:00:01 AM,736.55,0,0.0,5419559.8999999985
2025-08-01 11:00:06 AM,736.55,2,1473.1,5421032.999999998
2025-08-01 11:00:32 AM,736.0,0,0.0,5421032.999999998
2025-08-01 11:00:34 AM,736.0,2,1472.0,5422504.999999998
2025-08-01 11:04:36 AM,736.85,1,736.85,5423241.849999998
2025-08-01 11:05:02 AM,736.85,1,736.85,5423978.699999997
2025-08-01 11:05:15 AM,736.05,20,14721.0,5438699.699999997
2025-08-01 11:07:48 AM,736.05,5,3680.25,5442379.949999997
2025-08-01 11:07:53 AM,735.0,10,7350.0,5449729.949999997
2025-08-01 11:08:25 AM,735.0,103,75705.0,5525434.949999997
2025-08-01 11:09:18 AM,734.4,0,0.0,5525434.949999997
2025-08-01 11:09:20 AM,734.4,1,734.4,5526169.349999998
2025-08-01 11:09:22 AM,734.45,1,734.45,5526903.799999998
2025-08-01 11:09:24 AM,734.0,0,0.0,5526903.799999998
2025-08-01 11:09:25 AM,734.0,15,11010.0,5537913.799999998
2025-08-01 11:10:13 AM,732.6,0,0.0,5537913.799999998
2025-08-01 11:10:14 AM,732.6,2,1465.2,5539378.999999998
2025-08-01 11:10:20 AM,731.55,68,49745.399999999994,5589124.3999999985
2025-08-01 11:10:21 AM,729.9,0,0.0,5589124.3999999985
2025-08-01 11:10:24 AM,730.05,436,318301.8,5907426.199999998
2025-08-01 11:10:29 AM,729.0,0,0.0,5907426.199999998
2025-08-01 11:10:29 AM,729.0,406,295974.0,6203400.199999998
2025-08-01 11:11:10 AM,731.45,0,0.0,6203400.199999998
2025-08-01 11:11:12 AM,730.5,0,0.0,6203400.199999998
2025-08-01 11:11:14 AM,730.5,262,191391.0,6394791.199999998
2025-08-01 11:11:19 AM,731.25,0,0.0,6394791.199999998
2025-08-01 11:11:19 AM,731.25,34,24862.5,6419653.699999998
2025-08-01 11:12:29 AM,731.25,13,9506.25,6429159.949999998
2025-08-01 11:14:39 AM,730.95,0,0.0,6429159.949999998
2025-08-01 11:14:39 AM,730.95,1,730.95,6429890.8999999985
2025-08-01 11:14:44 AM,731.75,5,3658.75,6433549.6499999985
2025-08-01 11:15:17 AM,730.55,0,0.0,6433549.6499999985
2025-08-01 11:15:21 AM,730.55,200,146110.0,6579659.6499999985
2025-08-01 11:18:10 AM,730.55,41,29952.55,6609612.199999998
2025-08-01 11:20:24 AM,732.05,0,0.0,6609612.199999998
2025-08-01 11:20:28 AM,732.05,18,13176.9,6622789.099999999
2025-08-01 11:22:49 AM,731.25,403,294693.75,6917482.849999999
2025-08-01 11:25:20 AM,729.35,150,109402.5,7026885.349999999
2025-08-01 11:25:38 AM,731.2,0,0.0,7026885.349999999
2025-08-01 11:25:40 AM,730.95,0,0.0,7026885.349999999
2025-08-01 11:25:41 AM,730.95,50,36547.5,7063432.849999999
2025-08-01 11:26:31 AM,731.4,0,0.0,7063432.849999999
2025-08-01 11:26:32 AM,731.4,1,731.4,7064164.249999999
2025-08-01 11:27:20 AM,730.8,1,730.8,7064895.049999999
2025-08-01 11:28:04 AM,731.65,0,0.0,7064895.049999999
2025-08-01 11:28:04 AM,731.65,5,3658.25,7068553.299999999
2025-08-01 11:29:00 AM,730.6,11,8036.6,7076589.8999999985
2025-08-01 11:30:33 AM,731.05,0,0.0,7076589.8999999985
2025-08-01 11:30:34 AM,731.05,4,2924.2,7079514.099999999
2025-08-01 11:31:12 AM,730.5,0,0.0,7079514.099999999
2025-08-01 11:31:12 AM,730.5,21,15340.5,7094854.599999999
2025-08-01 11:31:58 AM,730.5,3,2191.5,7097046.099999999
2025-08-01 11:32:06 AM,729.7,0,0.0,7097046.099999999
2025-08-01 11:32:08 AM,729.25,0,0.0,7097046.099999999
2025-08-01 11:32:09 AM,729.25,6,4375.5,7101421.599999999
2025-08-01 11:32:16 AM,729.95,0,0.0,7101421.599999999
2025-08-01 11:32:19 AM,729.95,3,2189.8500000000004,7103611.449999998
2025-08-01 11:32:32 AM,730.0,0,0.0,7103611.449999998
2025-08-01 11:32:35 AM,730.0,3,2190.0,7105801.449999998
2025-08-01 11:34:12 AM,730.0,15,10950.0,7116751.449999998
2025-08-01 11:38:58 AM,728.55,123,89611.65,7206363.099999999
2025-08-01 11:39:34 AM,728.4,10,7284.0,7213647.099999999
2025-08-01 11:39:36 AM,728.5,0,0.0,7213647.099999999
2025-08-01 11:39:38 AM,728.5,10,7285.0,7220932.099999999
2025-08-01 11:39:52 AM,730.15,0,0.0,7220932.099999999
2025-08-01 11:39:55 AM,730.15,22,16063.3,7236995.3999999985
2025-08-01 11:40:01 AM,728.5,60,43710.0,7280705.3999999985
2025-08-01 11:40:03 AM,729.9,0,0.0,7280705.3999999985
2025-08-01 11:40:04 AM,729.9,20,14598.0,7295303.3999999985
2025-08-01 11:43:34 AM,729.55,0,0.0,7295303.3999999985
2025-08-01 11:43:36 AM,729.55,100,72955.0,7368258.3999999985
2025-08-01 11:45:52 AM,729.85,5,3649.25,7371907.6499999985
2025-08-01 11:47:12 AM,729.0,0,0.0,7371907.6499999985
2025-08-01 11:47:16 AM,729.0,30,21870.0,7393777.6499999985
2025-08-01 11:47:23 AM,728.55,0,0.0,7393777.6499999985
2025-08-01 11:47:26 AM,728.55,29,21127.949999999997,7414905.599999999
2025-08-01 11:47:46 AM,728.85,0,0.0,7414905.599999999
2025-08-01 11:47:46 AM,728.85,2,1457.7,7416363.299999999
2025-08-01 11:53:25 AM,730.0,0,0.0,7416363.299999999
2025-08-01 11:53:27 AM,730.0,11,8030.0,7424393.299999999
2025-08-01 11:54:27 AM,730.1,0,0.0,7424393.299999999
2025-08-01 11:54:28 AM,730.1,201,146750.1,7571143.3999999985
2025-08-01 11:54:34 AM,729.55,2,1459.1,7572602.499999998
2025-08-01 11:55:35 AM,729.5,10,7295.0,7579897.499999998
2025-08-01 11:55:37 AM,729.6,0,0.0,7579897.499999998
2025-08-01 11:55:38 AM,729.6,16,11673.6,7591571.099999998
2025-08-01 11:56:31 AM,729.8,0,0.0,7591571.099999998
2025-08-01 11:56:34 AM,729.8,20,14596.0,7606167.099999998
2025-08-01 11:57:12 AM,730.05,0,0.0,7606167.099999998
2025-08-01 11:57:14 AM,730.05,2,1460.1,7607627.199999997
2025-08-01 11:57:54 AM,730.4,0,0.0,7607627.199999997
2025-08-01 11:57:54 AM,730.4,7,5112.8,7612739.999999997
2025-08-01 11:58:53 AM,730.15,0,0.0,7612739.999999997
2025-08-01 11:58:54 AM,730.15,1,730.15,7613470.149999998
2025-08-01 12:04:58 PM,729.7,0,0.0,7613470.149999998
2025-08-01 12:04:59 PM,729.7,176,128427.20000000001,7741897.349999998
2025-08-01 12:05:01 PM,729.45,0,0.0,7741897.349999998
2025-08-01 12:05:03 PM,729.45,3,2188.3500000000004,7744085.699999997
2025-08-01 12:05:26 PM,728.7,0,0.0,7744085.699999997
2025-08-01 12:05:28 PM,728.7,9,6558.3,7750643.999999997
2025-08-01 12:05:39 PM,728.5,17,12384.5,7763028.499999997
2025-08-01 12:05:48 PM,728.5,12,8742.0,7771770.499999997
2025-08-01 12:07:28 PM,728.5,43,31325.5,7803095.999999997
2025-08-01 12:09:42 PM,728.75,0,0.0,7803095.999999997
2025-08-01 12:09:43 PM,728.75,1,728.75,7803824.749999997
2025-08-01 12:18:54 PM,728.75,1,728.75,7804553.499999997
2025-08-01 12:19:10 PM,728.75,5,3643.75,7808197.249999997
2025-08-01 12:19:37 PM,728.0,0,0.0,7808197.249999997
2025-08-01 12:19:40 PM,728.0,532,387296.0,8195493.249999997
2025-08-01 12:22:06 PM,728.0,5,3640.0,8199133.249999997
2025-08-01 12:24:35 PM,728.25,0,0.0,8199133.249999997
2025-08-01 12:24:36 PM,728.25,14,10195.5,8209328.749999997
2025-08-01 12:29:21 PM,727.05,0,0.0,8209328.749999997
2025-08-01 12:29:22 PM,727.05,40,29082.0,8238410.749999997
2025-08-01 12:31:24 PM,726.8,0,0.0,8238410.749999997
2025-08-01 12:31:25 PM,726.8,1,726.8,8239137.549999997
2025-08-01 12:31:58 PM,727.55,0,0.0,8239137.549999997
2025-08-01 12:32:01 PM,727.55,9,6547.95,8245685.499999997
2025-08-01 12:33:47 PM,727.55,10,7275.5,8252960.999999997
2025-08-01 12:34:42 PM,725.9,0,0.0,8252960.999999997
2025-08-01 12:34:43 PM,725.9,70,50813.0,8303773.999999997
2025-08-01 12:34:44 PM,725.65,0,0.0,8303773.999999997
2025-08-01 12:34:44 PM,725.25,0,0.0,8303773.999999997
2025-08-01 12:34:48 PM,725.25,56,40614.0,8344387.999999997
2025-08-01 12:34:58 PM,725.2,1,725.2,8345113.199999997
2025-08-01 12:35:02 PM,725.85,0,0.0,8345113.199999997
2025-08-01 12:35:03 PM,725.85,16,11613.6,8356726.799999997
2025-08-01 12:39:01 PM,727.3,0,0.0,8356726.799999997
2025-08-01 12:39:02 PM,727.3,20,14546.0,8371272.799999997
2025-08-01 12:43:22 PM,727.05,0,0.0,8371272.799999997
2025-08-01 12:43:24 PM,727.05,13,9451.65,8380724.449999997
2025-08-01 12:46:08 PM,726.8,0,0.0,8380724.449999997
2025-08-01 12:46:11 PM,726.8,3,2180.3999999999996,8382904.849999998
2025-08-01 12:46:33 PM,725.8,10,7258.0,8390162.849999998
2025-08-01 12:46:34 PM,726.5,0,0.0,8390162.849999998
2025-08-01 12:46:37 PM,726.5,5,3632.5,8393795.349999998
2025-08-01 12:47:13 PM,725.7,3,2177.1000000000004,8395972.449999997
2025-08-01 12:52:14 PM,726.25,0,0.0,8395972.449999997
2025-08-01 12:52:15 PM,726.25,10,7262.5,8403234.949999997
2025-08-01 12:53:10 PM,725.75,0,0.0,8403234.949999997
2025-08-01 12:53:10 PM,725.75,4,2903.0,8406137.949999997
2025-08-01 12:54:24 PM,727.25,0,0.0,8406137.949999997
2025-08-01 12:54:25 PM,727.25,70,50907.5,8457045.449999997
2025-08-01 12:58:15 PM,726.55,0,0.0,8457045.449999997
2025-08-01 12:58:18 PM,726.55,14,10171.699999999999,8467217.149999997
2025-08-01 01:01:11 PM,726.85,0,0.0,8467217.149999997
2025-08-01 01:01:14 PM,726.85,1,726.85,8467943.999999996
2025-08-01 01:04:41 PM,726.0,0,0.0,8467943.999999996
2025-08-01 01:04:42 PM,726.0,203,147378.0,8615321.999999996
2025-08-01 01:06:41 PM,725.8,0,0.0,8615321.999999996
2025-08-01 01:06:44 PM,725.8,2,1451.6,8616773.599999996
2025-08-01 01:07:16 PM,726.35,0,0.0,8616773.599999996
2025-08-01 01:07:16 PM,726.35,34,24695.9,8641469.499999996
2025-08-01 01:09:26 PM,725.45,11,7979.950000000001,8649449.449999996
2025-08-01 01:12:23 PM,726.35,24,17432.4,8666881.849999996
2025-08-01 01:12:42 PM,726.85,10,7268.5,8674150.349999996
2025-08-01 01:12:53 PM,726.85,2,1453.7,8675604.049999995
2025-08-01 01:13:10 PM,726.8,15,10902.0,8686506.049999995
2025-08-01 01:13:20 PM,726.8,3,2180.3999999999996,8688686.449999996
2025-08-01 01:15:28 PM,726.75,0,0.0,8688686.449999996
2025-08-01 01:15:28 PM,726.75,2,1453.5,8690139.949999996
2025-08-01 01:15:44 PM,725.9,2,1451.8,8691591.749999996
2025-08-01 01:17:36 PM,726.55,0,0.0,8691591.749999996
2025-08-01 01:17:38 PM,726.55,20,14531.0,8706122.749999996
2025-08-01 01:20:20 PM,728.3,0,0.0,8706122.749999996
2025-08-01 01:20:20 PM,728.3,863,628522.8999999999,9334645.649999997
2025-08-01 01:20:36 PM,731.0,0,0.0,9334645.649999997
2025-08-01 01:20:40 PM,731.0,201,146931.0,9481576.649999997
2025-08-01 01:20:46 PM,732.25,0,0.0,9481576.649999997
2025-08-01 01:20:50 PM,732.25,50,36612.5,9518189.149999997
2025-08-01 01:22:17 PM,730.85,0,0.0,9518189.149999997
2025-08-01 01:22:18 PM,730.85,15,10962.75,9529151.899999997
2025-08-01 01:23:28 PM,730.55,0,0.0,9529151.899999997
2025-08-01 01:23:32 PM,730.55,50,36527.5,9565679.399999997
2025-08-01 01:31:52 PM,731.4,0,0.0,9565679.399999997
2025-08-01 01:31:54 PM,731.4,15,10971.0,9576650.399999997
2025-08-01 01:31:56 PM,732.55,0,0.0,9576650.399999997
2025-08-01 01:31:59 PM,732.55,10,7325.5,9583975.899999997
2025-08-01 01:32:48 PM,732.8,5,3664.0,9587639.899999997
2025-08-01 01:34:55 PM,730.5,0,0.0,9587639.899999997
2025-08-01 01:34:57 PM,730.5,80,58440.0,9646079.899999997
2025-08-01 01:35:31 PM,731.0,0,0.0,9646079.899999997
2025-08-01 01:35:31 PM,731.0,1,731.0,9646810.899999997
2025-08-01 01:38:14 PM,730.65,0,0.0,9646810.899999997
2025-08-01 01:38:15 PM,730.65,115,84024.75,9730835.649999997
2025-08-01 01:38:45 PM,730.8,0,0.0,9730835.649999997
2025-08-01 01:38:46 PM,730.8,132,96465.59999999999,9827301.249999996
2025-08-01 01:38:53 PM,733.3,0,0.0,9827301.249999996
2025-08-01 01:38:57 PM,735.0,668,490980.0,10318281.249999996
2025-08-01 01:38:58 PM,734.5,0,0.0,10318281.249999996
2025-08-01 01:39:02 PM,734.5,2,1469.0,10319750.249999996
2025-08-01 01:39:14 PM,736.15,1,736.15,10320486.399999997
2025-08-01 01:39:31 PM,736.0,0,0.0,10320486.399999997
2025-08-01 01:39:34 PM,736.0,89,65504.0,10385990.399999997
2025-08-01 01:40:20 PM,736.0,72,52992.0,10438982.399999997
2025-08-01 01:40:24 PM,737.1,0,0.0,10438982.399999997
2025-08-01 01:40:25 PM,737.1,34,25061.4,10464043.799999997
2025-08-01 01:41:04 PM,735.55,0,0.0,10464043.799999997
2025-08-01 01:41:05 PM,735.55,100,73555.0,10537598.799999997
2025-08-01 01:44:27 PM,738.0,200,147600.0,10685198.799999997
2025-08-01 01:44:36 PM,736.85,0,0.0,10685198.799999997
2025-08-01 01:44:37 PM,736.85,12,8842.2,10694040.999999996
2025-08-01 01:44:40 PM,738.0,0,0.0,10694040.999999996
2025-08-01 01:44:40 PM,737.95,0,0.0,10694040.999999996
2025-08-01 01:44:42 PM,737.95,21,15496.95,10709537.949999996
2025-08-01 01:45:38 PM,736.35,0,0.0,10709537.949999996
2025-08-01 01:45:42 PM,736.35,20,14727.0,10724264.949999996
2025-08-01 01:49:01 PM,736.0,0,0.0,10724264.949999996
2025-08-01 01:49:05 PM,736.0,1,736.0,10725000.949999996
2025-08-01 01:50:02 PM,737.5,0,0.0,10725000.949999996
2025-08-01 01:50:03 PM,737.5,143,105462.5,10830463.449999996
2025-08-01 01:50:20 PM,737.25,0,0.0,10830463.449999996
2025-08-01 01:50:23 PM,737.25,10,7372.5,10837835.949999996
2025-08-01 01:51:37 PM,737.0,0,0.0,10837835.949999996
2025-08-01 01:51:41 PM,737.0,1,737.0,10838572.949999996
2025-08-01 01:51:55 PM,737.1,5,3685.5,10842258.449999996
2025-08-01 01:53:30 PM,735.2,0,0.0,10842258.449999996
2025-08-01 01:53:32 PM,735.2,220,161744.0,11004002.449999996
2025-08-01 01:54:48 PM,736.75,0,0.0,11004002.449999996
2025-08-01 01:54:49 PM,736.75,108,79569.0,11083571.449999996
2025-08-01 01:56:03 PM,737.25,20,14745.0,11098316.449999996
2025-08-01 01:58:15 PM,736.15,0,0.0,11098316.449999996
2025-08-01 01:58:16 PM,736.15,10,7361.5,11105677.949999996
2025-08-01 01:58:17 PM,736.15,203,149438.44999999998,11255116.399999995
2025-08-01 02:01:25 PM,735.25,1,735.25,11255851.649999995
2025-08-01 02:01:48 PM,735.1,0,0.0,11255851.649999995
2025-08-01 02:01:49 PM,735.1,15,11026.5,11266878.149999995
2025-08-01 02:01:52 PM,735.0,0,0.0,11266878.149999995
2025-08-01 02:01:54 PM,735.0,76,55860.0,11322738.149999995
2025-08-01 02:02:14 PM,735.6,22,16183.2,11338921.349999994
2025-08-01 02:09:22 PM,734.05,0,0.0,11338921.349999994
2025-08-01 02:09:24 PM,734.05,2,1468.1,11340389.449999994
2025-08-01 02:10:28 PM,734.0,0,0.0,11340389.449999994
2025-08-01 02:10:28 PM,734.2,0,0.0,11340389.449999994
2025-08-01 02:10:29 PM,734.2,114,83698.8,11424088.249999994
2025-08-01 02:11:52 PM,734.2,4,2936.8,11427025.049999995
2025-08-01 02:14:21 PM,733.15,0,0.0,11427025.049999995
2025-08-01 02:14:22 PM,733.15,250,183287.5,11610312.549999995
2025-08-01 02:19:24 PM,734.0,0,0.0,11610312.549999995
2025-08-01 02:19:27 PM,734.0,4,2936.0,11613248.549999995
2025-08-01 02:19:32 PM,734.0,25,18350.0,11631598.549999995
2025-08-01 02:20:14 PM,734.25,1,734.25,11632332.799999995
2025-08-01 02:20:34 PM,734.0,0,0.0,11632332.799999995
2025-08-01 02:20:34 PM,734.0,2,1468.0,11633800.799999995
2025-08-01 02:22:11 PM,734.25,0,0.0,11633800.799999995
2025-08-01 02:22:13 PM,734.0,158,115972.0,11749772.799999995
2025-08-01 02:22:23 PM,734.4,0,0.0,11749772.799999995
2025-08-01 02:22:24 PM,734.4,567,416404.8,12166177.599999996
2025-08-01 02:25:57 PM,734.4,2,1468.8,12167646.399999997
2025-08-01 02:26:00 PM,734.0,0,0.0,12167646.399999997
2025-08-01 02:26:02 PM,734.0,2,1468.0,12169114.399999997
2025-08-01 02:26:27 PM,734.05,0,0.0,12169114.399999997
2025-08-01 02:26:28 PM,734.05,4,2936.2,12172050.599999996
2025-08-01 02:27:27 PM,734.0,0,0.0,12172050.599999996
2025-08-01 02:27:27 PM,734.55,8,5876.4,12177926.999999996
2025-08-01 02:30:07 PM,734.55,5,3672.75,12181599.749999996
2025-08-01 02:30:54 PM,734.0,0,0.0,12181599.749999996
2025-08-01 02:30:55 PM,734.0,301,220934.0,12402533.749999996
2025-08-01 02:31:40 PM,734.0,22,16148.0,12418681.749999996
2025-08-01 02:31:56 PM,734.55,30,22036.5,12440718.249999996
2025-08-01 02:32:33 PM,734.55,14,10283.699999999999,12451001.949999996
2025-08-01 02:32:51 PM,735.25,1,735.25,12451737.199999996
2025-08-01 02:33:08 PM,734.75,0,0.0,12451737.199999996
2025-08-01 02:33:09 PM,734.75,2,1469.5,12453206.699999996
2025-08-01 02:33:11 PM,734.0,0,0.0,12453206.699999996
2025-08-01 02:33:12 PM,734.0,12,8808.0,12462014.699999996
2025-08-01 02:34:34 PM,734.1,1,734.1,12462748.799999995
2025-08-01 02:34:58 PM,734.1,1,734.1,12463482.899999995
2025-08-01 02:35:22 PM,735.1,0,0.0,12463482.899999995
2025-08-01 02:35:23 PM,735.1,11,8086.1,12471568.999999994
2025-08-01 02:36:22 PM,736.3,0,0.0,12471568.999999994
2025-08-01 02:36:23 PM,736.3,99,72893.7,12544462.699999994
2025-08-01 02:38:04 PM,735.3,0,0.0,12544462.699999994
2025-08-01 02:38:05 PM,735.3,1,735.3,12545197.999999994
2025-08-01 02:41:59 PM,734.55,99,72720.45,12617918.449999994
2025-08-01 02:44:14 PM,734.0,0,0.0,12617918.449999994
2025-08-01 02:44:15 PM,734.0,113,82942.0,12700860.449999994
2025-08-01 02:44:17 PM,734.1,0,0.0,12700860.449999994
2025-08-01 02:44:20 PM,734.1,4,2936.4,12703796.849999994
2025-08-01 02:45:08 PM,734.05,0,0.0,12703796.849999994
2025-08-01 02:45:11 PM,734.05,4,2936.2,12706733.049999993
2025-08-01 02:45:53 PM,734.0,0,0.0,12706733.049999993
2025-08-01 02:45:55 PM,734.0,4,2936.0,12709669.049999993
2025-08-01 02:45:59 PM,734.7,0,0.0,12709669.049999993
2025-08-01 02:46:00 PM,735.45,51,37507.950000000004,12747176.999999993
2025-08-01 02:46:09 PM,735.75,0,0.0,12747176.999999993
2025-08-01 02:46:09 PM,735.95,0,0.0,12747176.999999993
2025-08-01 02:46:12 PM,735.95,33,24286.350000000002,12771463.349999992
2025-08-01 02:46:18 PM,735.95,20,14719.0,12786182.349999992
2025-08-01 02:46:29 PM,735.55,5,3677.75,12789860.099999992
2025-08-01 02:47:28 PM,736.0,0,0.0,12789860.099999992
2025-08-01 02:47:30 PM,736.0,13,9568.0,12799428.099999992
2025-08-01 02:47:53 PM,736.1,20,14722.0,12814150.099999992
2025-08-01 02:48:03 PM,736.25,0,0.0,12814150.099999992
2025-08-01 02:48:05 PM,736.25,7,5153.75,12819303.849999992
2025-08-01 02:49:04 PM,735.75,0,0.0,12819303.849999992
2025-08-01 02:49:06 PM,735.75,1,735.75,12820039.599999992
2025-08-01 02:49:32 PM,735.6,0,0.0,12820039.599999992
2025-08-01 02:49:34 PM,735.6,22,16183.2,12836222.799999991
2025-08-01 02:49:36 PM,734.65,0,0.0,12836222.799999991
2025-08-01 02:49:40 PM,734.65,2,1469.3,12837692.099999992
2025-08-01 02:49:43 PM,735.75,0,0.0,12837692.099999992
2025-08-01 02:49:45 PM,735.75,15,11036.25,12848728.349999992
2025-08-01 02:50:01 PM,735.75,28,20601.0,12869329.349999992
2025-08-01 02:50:02 PM,735.75,2,1471.5,12870800.849999992
2025-08-01 02:50:11 PM,736.7,0,0.0,12870800.849999992
2025-08-01 02:50:13 PM,736.7,73,53779.100000000006,12924579.949999992
2025-08-01 02:50:21 PM,737.5,0,0.0,12924579.949999992
2025-08-01 02:50:24 PM,737.5,105,77437.5,13002017.449999992
2025-08-01 02:50:31 PM,738.4,0,0.0,13002017.449999992
2025-08-01 02:50:34 PM,737.2,0,0.0,13002017.449999992
2025-08-01 02:50:35 PM,737.2,31,22853.2,13024870.649999991
2025-08-01 02:50:37 PM,738.7,0,0.0,13024870.649999991
2025-08-01 02:50:40 PM,738.7,12,8864.400000000001,13033735.049999991
2025-08-01 02:50:42 PM,738.6,0,0.0,13033735.049999991
2025-08-01 02:50:46 PM,739.0,9,6651.0,13040386.049999991
2025-08-01 02:50:51 PM,739.0,34,25126.0,13065512.049999991
2025-08-01 02:50:53 PM,739.15,0,0.0,13065512.049999991
2025-08-01 02:50:56 PM,739.15,8,5913.2,13071425.24999999
2025-08-01 02:50:59 PM,739.5,0,0.0,13071425.24999999
2025-08-01 02:51:01 PM,739.5,35,25882.5,13097307.74999999
2025-08-01 02:51:21 PM,737.35,0,0.0,13097307.74999999
2025-08-01 02:51:23 PM,737.35,65,47927.75,13145235.49999999
2025-08-01 02:51:28 PM,736.0,26,19136.0,13164371.49999999
2025-08-01 02:52:38 PM,736.45,0,0.0,13164371.49999999
2025-08-01 02:52:39 PM,736.45,100,73645.0,13238016.49999999
2025-08-01 02:52:52 PM,736.95,0,0.0,13238016.49999999
2025-08-01 02:52:54 PM,736.95,50,36847.5,13274863.99999999
2025-08-01 02:52:55 PM,736.95,12,8843.400000000001,13283707.399999991
2025-08-01 02:55:03 PM,737.0,0,0.0,13283707.399999991
2025-08-01 02:55:03 PM,737.0,10,7370.0,13291077.399999991
2025-08-01 02:55:06 PM,736.95,2,1473.9,13292551.299999991
2025-08-01 02:55:33 PM,736.85,1,736.85,13293288.149999991
2025-08-01 02:56:16 PM,736.8,2,1473.6,13294761.74999999
2025-08-01 02:57:24 PM,735.45,0,0.0,13294761.74999999
2025-08-01 02:57:27 PM,734.1,0,0.0,13294761.74999999
2025-08-01 02:57:27 PM,734.1,169,124062.90000000001,13418824.649999991
2025-08-01 02:59:14 PM,734.15,0,0.0,13418824.649999991
2025-08-01 02:59:15 PM,734.15,8,5873.2,13424697.84999999
2025-08-01 02:59:22 PM,734.0,0,0.0,13424697.84999999
2025-08-01 02:59:22 PM,734.0,4,2936.0,13427633.84999999
2025-08-01 02:59:45 PM,735.05,0,0.0,13427633.84999999
2025-08-01 02:59:48 PM,735.05,2,1470.1,13429103.94999999
2025-08-01 03:00:01 PM,735.45,32,23534.4,13452638.34999999
2025-08-01 03:00:01 PM,735.75,0,0.0,13452638.34999999
2025-08-01 03:00:05 PM,736.35,25,18408.75,13471047.09999999
2025-08-01 03:00:07 PM,737.2,1,737.2,13471784.29999999
2025-08-01 03:00:11 PM,737.2,1,737.2,13472521.499999989
2025-08-01 03:00:22 PM,737.6,0,0.0,13472521.499999989
2025-08-01 03:00:23 PM,737.65,4,2950.6,13475472.099999988
2025-08-01 03:00:26 PM,736.65,0,0.0,13475472.099999988
2025-08-01 03:00:29 PM,736.65,1,736.65,13476208.749999989
2025-08-01 03:00:31 PM,737.2,6,4423.200000000001,13480631.949999988
2025-08-01 03:00:49 PM,737.1,1,737.1,13481369.049999988
2025-08-01 03:01:00 PM,737.3,5,3686.5,13485055.549999988
2025-08-01 03:01:04 PM,737.5,2,1475.0,13486530.549999988
2025-08-01 03:01:23 PM,736.95,2,1473.9,13488004.449999988
2025-08-01 03:01:31 PM,737.15,0,0.0,13488004.449999988
2025-08-01 03:01:32 PM,737.6,7,5163.2,13493167.649999987
2025-08-01 03:02:01 PM,737.95,0,0.0,13493167.649999987
2025-08-01 03:02:02 PM,737.95,11,8117.450000000001,13501285.099999987
2025-08-01 03:02:05 PM,736.55,2,1473.1,13502758.199999986
2025-08-01 03:02:15 PM,737.95,1,737.95,13503496.149999985
2025-08-01 03:02:27 PM,737.9,19,14020.1,13517516.249999985
2025-08-01 03:02:29 PM,736.6,1,736.6,13518252.849999985
2025-08-01 03:02:31 PM,737.85,0,0.0,13518252.849999985
2025-08-01 03:02:33 PM,737.85,6,4427.1,13522679.949999984
2025-08-01 03:02:54 PM,736.6,1,736.6,13523416.549999984
2025-08-01 03:02:57 PM,735.7,1,735.7,13524152.249999983
2025-08-01 03:03:01 PM,736.6,0,0.0,13524152.249999983
2025-08-01 03:03:04 PM,736.75,6,4420.5,13528572.749999983
2025-08-01 03:03:13 PM,736.45,0,0.0,13528572.749999983
2025-08-01 03:03:13 PM,736.45,3,2209.3500000000004,13530782.099999983
2025-08-01 03:03:31 PM,736.5,0,0.0,13530782.099999983
2025-08-01 03:03:31 PM,736.5,6,4419.0,13535201.099999983
2025-08-01 03:03:43 PM,736.55,0,0.0,13535201.099999983
2025-08-01 03:03:43 PM,736.55,1,736.55,13535937.649999984
2025-08-01 03:03:55 PM,736.55,1,736.55,13536674.199999984
2025-08-01 03:04:01 PM,736.55,5,3682.75,13540356.949999984
2025-08-01 03:04:02 PM,736.75,0,0.0,13540356.949999984
2025-08-01 03:04:04 PM,736.75,1,736.75,13541093.699999984
2025-08-01 03:04:14 PM,736.55,0,0.0,13541093.699999984
2025-08-01 03:04:14 PM,736.55,4,2946.2,13544039.899999984
2025-08-01 03:04:26 PM,736.9,0,0.0,13544039.899999984
2025-08-01 03:04:26 PM,736.9,1,736.9,13544776.799999984
2025-08-01 03:04:32 PM,736.85,26,19158.100000000002,13563934.899999984
2025-08-01 03:04:40 PM,736.95,0,0.0,13563934.899999984
2025-08-01 03:04:41 PM,736.95,2,1473.9,13565408.799999984
2025-08-01 03:05:02 PM,736.3,10,7363.0,13572771.799999984
2025-08-01 03:05:09 PM,735.4,10,7354.0,13580125.799999984
2025-08-01 03:05:31 PM,735.95,0,0.0,13580125.799999984
2025-08-01 03:05:32 PM,735.95,15,11039.25,13591165.049999984
2025-08-01 03:05:40 PM,734.8,0,0.0,13591165.049999984
2025-08-01 03:05:41 PM,734.8,28,20574.399999999998,13611739.449999984
2025-08-01 03:05:50 PM,735.65,2,1471.3,13613210.749999985
2025-08-01 03:05:53 PM,734.4,10,7344.0,13620554.749999985
2025-08-01 03:06:02 PM,735.35,0,0.0,13620554.749999985
2025-08-01 03:06:03 PM,735.35,14,10294.9,13630849.649999985
2025-08-01 03:06:21 PM,734.9,8,5879.2,13636728.849999985
2025-08-01 03:06:24 PM,734.9,1,734.9,13637463.749999985
2025-08-01 03:06:27 PM,735.5,15,11032.5,13648496.249999985
2025-08-01 03:06:32 PM,735.95,0,0.0,13648496.249999985
2025-08-01 03:06:34 PM,736.35,5,3681.75,13652177.999999985
2025-08-01 03:06:36 PM,736.65,2,1473.3,13653651.299999986
2025-08-01 03:06:39 PM,736.7,0,0.0,13653651.299999986
2025-08-01 03:06:40 PM,736.7,1,736.7,13654387.999999985
2025-08-01 03:06:55 PM,735.25,15,11028.75,13665416.749999985
2025-08-01 03:07:01 PM,736.4,6,4418.4,13669835.149999985
2025-08-01 03:07:11 PM,736.15,1,736.15,13670571.299999986
2025-08-01 03:07:14 PM,736.15,1,736.15,13671307.449999986
2025-08-01 03:07:17 PM,736.15,2,1472.3,13672779.749999987
2025-08-01 03:07:32 PM,736.15,6,4416.9,13677196.649999987
2025-08-01 03:07:44 PM,736.15,1,736.15,13677932.799999988
2025-08-01 03:08:00 PM,736.1,0,0.0,13677932.799999988
2025-08-01 03:08:00 PM,736.1,6,4416.6,13682349.399999987
2025-08-01 03:08:06 PM,735.55,2,1471.1,13683820.499999987
2025-08-01 03:08:13 PM,735.0,15,11025.0,13694845.499999987
2025-08-01 03:08:32 PM,736.0,6,4416.0,13699261.499999987
2025-08-01 03:08:37 PM,734.75,0,0.0,13699261.499999987
2025-08-01 03:08:38 PM,734.75,10,7347.5,13706608.999999987
2025-08-01 03:08:42 PM,735.95,0,0.0,13706608.999999987
2025-08-01 03:08:44 PM,735.95,1,735.95,13707344.949999986
2025-08-01 03:09:03 PM,735.7,5,3678.5,13711023.449999986
2025-08-01 03:09:05 PM,735.3,0,0.0,13711023.449999986
2025-08-01 03:09:05 PM,735.3,4,2941.2,13713964.649999985
2025-08-01 03:09:10 PM,734.45,15,11016.75,13724981.399999985
2025-08-01 03:09:21 PM,735.0,0,0.0,13724981.399999985
2025-08-01 03:09:22 PM,735.0,1,735.0,13725716.399999985
2025-08-01 03:09:28 PM,734.45,12,8813.400000000001,13734529.799999986
2025-08-01 03:09:30 PM,735.0,7,5145.0,13739674.799999986
2025-08-01 03:09:41 PM,735.0,1,735.0,13740409.799999986
2025-08-01 03:10:02 PM,734.75,0,0.0,13740409.799999986
2025-08-01 03:10:02 PM,734.75,6,4408.5,13744818.299999986
2025-08-01 03:10:05 PM,734.9,24,17637.6,13762455.899999985
2025-08-01 03:10:10 PM,734.45,0,0.0,13762455.899999985
2025-08-01 03:10:10 PM,734.45,50,36722.5,13799178.399999985
2025-08-01 03:10:17 PM,734.45,1,734.45,13799912.849999985
2025-08-01 03:10:20 PM,735.0,9,6615.0,13806527.849999985
2025-08-01 03:10:24 PM,737.85,500,368925.0,14175452.849999985
2025-08-01 03:10:31 PM,737.0,6,4422.0,14179874.849999985
2025-08-01 03:10:41 PM,737.35,0,0.0,14179874.849999985
2025-08-01 03:10:44 PM,737.45,38,28023.100000000002,14207897.949999984
2025-08-01 03:10:46 PM,736.5,1,736.5,14208634.449999984
2025-08-01 03:11:02 PM,736.55,0,0.0,14208634.449999984
2025-08-01 03:11:02 PM,736.55,16,11784.8,14220419.249999985
2025-08-01 03:11:05 PM,737.65,6,4425.9,14224845.149999985
2025-08-01 03:11:09 PM,738.35,355,262114.25,14486959.399999985
2025-08-01 03:11:10 PM,738.9,0,0.0,14486959.399999985
2025-08-01 03:11:11 PM,738.0,12,8856.0,14495815.399999985
2025-08-01 03:11:16 PM,739.0,162,119718.0,14615533.399999985
2025-08-01 03:11:22 PM,738.55,3,2215.6499999999996,14617749.049999986
2025-08-01 03:11:24 PM,739.0,2,1478.0,14619227.049999986
2025-08-01 03:11:30 PM,739.4,1,739.4,14619966.449999986
2025-08-01 03:11:33 PM,738.45,0,0.0,14619966.449999986
2025-08-01 03:11:35 PM,739.5,26,19227.0,14639193.449999986
2025-08-01 03:11:41 PM,739.5,9,6655.5,14645848.949999986
2025-08-01 03:12:00 PM,739.5,6,4437.0,14650285.949999986
2025-08-01 03:12:03 PM,738.45,36,26584.2,14676870.149999985
2025-08-01 03:12:14 PM,738.15,0,0.0,14676870.149999985
2025-08-01 03:12:16 PM,738.15,40,29526.0,14706396.149999985
2025-08-01 03:12:20 PM,739.5,9,6655.5,14713051.649999985
2025-08-01 03:12:27 PM,738.1,5,3690.5,14716742.149999985
2025-08-01 03:12:32 PM,739.45,0,0.0,14716742.149999985
2025-08-01 03:12:33 PM,739.45,6,4436.700000000001,14721178.849999985
2025-08-01 03:12:42 PM,739.45,14,10352.300000000001,14731531.149999985
2025-08-01 03:12:52 PM,738.15,18,13286.699999999999,14744817.849999985
2025-08-01 03:13:02 PM,738.45,33,24368.850000000002,14769186.699999984
2025-08-01 03:13:12 PM,738.0,277,204426.0,14973612.699999984
2025-08-01 03:13:22 PM,738.0,33,24354.0,14997966.699999984
2025-08-01 03:13:28 PM,739.0,6,4434.0,15002400.699999984
2025-08-01 03:13:30 PM,739.0,7,5173.0,15007573.699999984
2025-08-01 03:13:42 PM,738.0,34,25092.0,15032665.699999984
2025-08-01 03:13:48 PM,738.0,7,5166.0,15037831.699999984
2025-08-01 03:13:49 PM,738.1,0,0.0,15037831.699999984
2025-08-01 03:13:51 PM,738.1,50,36905.0,15074736.699999984
2025-08-01 03:13:57 PM,739.5,0,0.0,15074736.699999984
2025-08-01 03:13:57 PM,739.5,90,66555.0,15141291.699999984
2025-08-01 03:14:00 PM,739.5,6,4437.0,15145728.699999984
2025-08-01 03:14:02 PM,738.35,0,0.0,15145728.699999984
2025-08-01 03:14:04 PM,738.35,1,738.35,15146467.049999984
2025-08-01 03:14:10 PM,738.95,1,738.95,15147205.999999983
2025-08-01 03:14:14 PM,739.25,0,0.0,15147205.999999983
2025-08-01 03:14:16 PM,738.95,3,2216.8500000000004,15149422.849999983
2025-08-01 03:14:22 PM,738.2,57,42077.4,15191500.249999983
2025-08-01 03:14:31 PM,739.35,7,5175.45,15196675.699999982
2025-08-01 03:14:34 PM,739.35,3,2218.05,15198893.749999983
2025-08-01 03:15:01 PM,738.75,17,12558.75,15211452.499999983
2025-08-01 03:15:06 PM,738.75,1,738.75,15212191.249999983
2025-08-01 03:15:28 PM,738.75,1,738.75,15212929.999999983
2025-08-01 03:15:31 PM,738.75,6,4432.5,15217362.499999983
2025-08-01 03:15:35 PM,738.0,15,11070.0,15228432.499999983
2025-08-01 03:15:42 PM,738.75,0,0.0,15228432.499999983
2025-08-01 03:15:43 PM,738.75,9,6648.75,15235081.249999983
2025-08-01 03:15:47 PM,738.4,0,0.0,15235081.249999983
2025-08-01 03:15:50 PM,738.4,1,738.4,15235819.649999984
2025-08-01 03:15:57 PM,738.0,35,25830.0,15261649.649999984
2025-08-01 03:16:02 PM,738.4,0,0.0,15261649.649999984
2025-08-01 03:16:04 PM,738.4,9,6645.599999999999,15268295.249999983
2025-08-01 03:16:17 PM,738.0,0,0.0,15268295.249999983
2025-08-01 03:16:18 PM,738.0,168,123984.0,15392279.249999983
2025-08-01 03:16:20 PM,738.75,9,6648.75,15398927.999999983
2025-08-01 03:16:32 PM,738.75,7,5171.25,15404099.249999983
2025-08-01 03:16:39 PM,738.0,460,339480.0,15743579.249999983
2025-08-01 03:16:52 PM,738.0,333,245754.0,15989333.249999983
2025-08-01 03:17:00 PM,738.7,15,11080.5,16000413.749999983
2025-08-01 03:17:12 PM,738.0,0,0.0,16000413.749999983
2025-08-01 03:17:13 PM,738.0,25,18450.0,16018863.749999983
2025-08-01 03:17:19 PM,738.7,2,1477.4,16020341.149999984
2025-08-01 03:17:32 PM,738.7,6,4432.200000000001,16024773.349999983
2025-08-01 03:17:40 PM,738.7,9,6648.3,16031421.649999984
2025-08-01 03:17:45 PM,738.7,4,2954.8,16034376.449999984
2025-08-01 03:18:05 PM,738.55,14,10339.699999999999,16044716.149999984
2025-08-01 03:18:14 PM,737.95,8,5903.6,16050619.749999983
2025-08-01 03:18:18 PM,740.35,1257,930619.9500000001,16981239.699999984
2025-08-01 03:18:20 PM,740.3,0,0.0,16981239.699999984
2025-08-01 03:18:20 PM,741.0,730,540930.0,17522169.699999984
2025-08-01 03:18:31 PM,743.0,925,687275.0,18209444.699999984
2025-08-01 03:18:33 PM,743.0,57,42351.0,18251795.699999984
2025-08-01 03:18:38 PM,744.0,5,3720.0,18255515.699999984
2025-08-01 03:18:39 PM,743.6,75,55770.0,18311285.699999984
2025-08-01 03:18:44 PM,745.0,1,745.0,18312030.699999984
2025-08-01 03:18:51 PM,743.5,106,78811.0,18390841.699999984
2025-08-01 03:19:01 PM,745.0,0,0.0,18390841.699999984
2025-08-01 03:19:04 PM,745.0,15,11175.0,18402016.699999984
2025-08-01 03:19:10 PM,744.3,0,0.0,18402016.699999984
2025-08-01 03:19:11 PM,744.3,9,6698.7,18408715.399999984
2025-08-01 03:19:14 PM,743.9,0,0.0,18408715.399999984
2025-08-01 03:19:18 PM,743.85,126,93725.1,18502440.499999985
2025-08-01 03:19:24 PM,743.75,0,0.0,18502440.499999985
2025-08-01 03:19:24 PM,743.75,27,20081.25,18522521.749999985
2025-08-01 03:19:26 PM,743.0,8,5944.0,18528465.749999985
2025-08-01 03:19:31 PM,743.95,7,5207.650000000001,18533673.399999984
2025-08-01 03:19:37 PM,743.0,701,520843.0,19054516.399999984
2025-08-01 03:19:40 PM,744.0,0,0.0,19054516.399999984
2025-08-01 03:19:43 PM,743.05,349,259324.44999999998,19313840.849999983
2025-08-01 03:19:50 PM,743.0,0,0.0,19313840.849999983
2025-08-01 03:19:50 PM,743.0,400,297200.0,19611040.849999983
2025-08-01 03:20:01 PM,744.05,0,0.0,19611040.849999983
2025-08-01 03:20:03 PM,744.05,454,337798.69999999995,19948839.549999982
2025-08-01 03:20:06 PM,743.55,1,743.55,19949583.099999983
2025-08-01 03:20:14 PM,742.2,51,37852.200000000004,19987435.299999982
2025-08-01 03:20:18 PM,742.2,4,2968.8,19990404.099999983
2025-08-01 03:20:21 PM,742.95,9,6686.55,19997090.649999984
2025-08-01 03:20:28 PM,741.5,42,31143.0,20028233.649999984
2025-08-01 03:20:32 PM,742.95,0,0.0,20028233.649999984
2025-08-01 03:20:33 PM,742.95,31,23031.45,20051265.099999983
2025-08-01 03:20:35 PM,740.4,99,73299.59999999999,20124564.699999984
2025-08-01 03:20:44 PM,739.75,0,0.0,20124564.699999984
2025-08-01 03:20:46 PM,739.75,135,99866.25,20224430.949999984
2025-08-01 03:20:49 PM,742.5,20,14850.0,20239280.949999984
2025-08-01 03:20:53 PM,739.9,39,28856.1,20268137.049999986
2025-08-01 03:21:02 PM,741.05,18,13338.9,20281475.949999984
2025-08-01 03:21:07 PM,739.3,60,44358.0,20325833.949999984
2025-08-01 03:21:09 PM,741.8,1,741.8,20326575.749999985
2025-08-01 03:21:26 PM,738.9,0,0.0,20326575.749999985
2025-08-01 03:21:28 PM,738.9,82,60589.799999999996,20387165.549999986
2025-08-01 03:21:32 PM,739.2,0,0.0,20387165.549999986
2025-08-01 03:21:35 PM,739.2,7,5174.400000000001,20392339.949999984
2025-08-01 03:21:36 PM,737.8,5,3689.0,20396028.949999984
2025-08-01 03:21:41 PM,741.0,0,0.0,20396028.949999984
2025-08-01 03:21:41 PM,741.0,500,370500.0,20766528.949999984
2025-08-01 03:21:51 PM,740.35,0,0.0,20766528.949999984
2025-08-01 03:21:55 PM,740.35,18,13326.300000000001,20779855.249999985
2025-08-01 03:22:00 PM,741.55,0,0.0,20779855.249999985
2025-08-01 03:22:01 PM,740.05,24,17761.199999999997,20797616.449999984
2025-08-01 03:22:03 PM,740.8,1,740.8,20798357.249999985
2025-08-01 03:22:08 PM,741.6,17,12607.2,20810964.449999984
2025-08-01 03:22:15 PM,741.6,5,3708.0,20814672.449999984
2025-08-01 03:22:19 PM,742.0,0,0.0,20814672.449999984
2025-08-01 03:22:22 PM,742.0,21,15582.0,20830254.449999984
2025-08-01 03:22:28 PM,741.05,58,42980.899999999994,20873235.349999983
2025-08-01 03:22:35 PM,741.95,6,4451.700000000001,20877687.049999982
2025-08-01 03:22:37 PM,742.0,28,20776.0,20898463.049999982
2025-08-01 03:22:44 PM,740.2,90,66618.0,20965081.049999982
2025-08-01 03:22:55 PM,741.95,18,13355.1,20978436.149999984
2025-08-01 03:23:01 PM,742.0,15,11130.0,20989566.149999984
2025-08-01 03:23:08 PM,742.0,25,18550.0,21008116.149999984
2025-08-01 03:23:15 PM,742.3,3,2226.8999999999996,21010343.049999982
2025-08-01 03:23:22 PM,740.55,113,83682.15,21094025.19999998
2025-08-01 03:23:28 PM,739.4,20,14788.0,21108813.19999998
2025-08-01 03:23:30 PM,741.55,6,4449.299999999999,21113262.49999998
2025-08-01 03:23:37 PM,741.3,18,13343.4,21126605.89999998
2025-08-01 03:23:41 PM,741.3,10,7413.0,21134018.89999998
2025-08-01 03:23:46 PM,741.25,0,0.0,21134018.89999998
2025-08-01 03:23:48 PM,741.25,2,1482.5,21135501.39999998
2025-08-01 03:23:54 PM,741.25,18,13342.5,21148843.89999998
2025-08-01 03:24:01 PM,741.25,5,3706.25,21152550.14999998
2025-08-01 03:24:05 PM,740.65,0,0.0,21152550.14999998
2025-08-01 03:24:08 PM,741.85,167,123888.95,21276439.09999998
2025-08-01 03:24:15 PM,741.85,1,741.85,21277180.94999998
2025-08-01 03:24:22 PM,741.95,28,20774.600000000002,21297955.549999982
2025-08-01 03:24:28 PM,741.95,1,741.95,21298697.49999998
2025-08-01 03:24:35 PM,741.95,7,5193.650000000001,21303891.14999998
2025-08-01 03:24:37 PM,741.95,8,5935.6,21309826.74999998
2025-08-01 03:24:42 PM,742.0,10,7420.0,21317246.74999998
2025-08-01 03:24:55 PM,742.0,18,13356.0,21330602.74999998
2025-08-01 03:25:01 PM,742.0,10,7420.0,21338022.74999998
2025-08-01 03:25:08 PM,742.0,18,13356.0,21351378.74999998
2025-08-01 03:25:15 PM,741.95,6,4451.700000000001,21355830.44999998
2025-08-01 03:25:21 PM,742.0,19,14098.0,21369928.44999998
2025-08-01 03:25:22 PM,742.0,36,26712.0,21396640.44999998
2025-08-01 03:25:26 PM,741.95,0,0.0,21396640.44999998
2025-08-01 03:25:28 PM,741.95,54,40065.3,21436705.74999998
2025-08-01 03:25:34 PM,742.0,27,20034.0,21456739.74999998
2025-08-01 03:25:35 PM,741.95,0,0.0,21456739.74999998
2025-08-01 03:25:36 PM,741.95,6,4451.700000000001,21461191.44999998
2025-08-01 03:25:38 PM,742.0,0,0.0,21461191.44999998
2025-08-01 03:25:41 PM,741.95,44,32645.800000000003,21493837.24999998
2025-08-01 03:25:42 PM,741.95,40,29678.0,21523515.24999998
2025-08-01 03:25:53 PM,740.85,1,740.85,21524256.099999983
2025-08-01 03:25:58 PM,741.85,0,0.0,21524256.099999983
2025-08-01 03:26:00 PM,741.85,17,12611.45,21536867.549999982
2025-08-01 03:26:07 PM,741.85,21,15578.85,21552446.399999984
2025-08-01 03:26:18 PM,742.0,0,0.0,21552446.399999984
2025-08-01 03:26:20 PM,741.9,302,224053.8,21776500.199999984
2025-08-01 03:26:22 PM,742.0,18,13356.0,21789856.199999984
2025-08-01 03:26:40 PM,742.0,26,19292.0,21809148.199999984
2025-08-01 03:26:53 PM,741.95,7,5193.650000000001,21814341.849999983
2025-08-01 03:26:55 PM,742.0,0,0.0,21814341.849999983
2025-08-01 03:26:55 PM,742.0,1,742.0,21815083.849999983
2025-08-01 03:27:00 PM,742.0,300,222600.0,22037683.849999983
2025-08-01 03:27:05 PM,741.95,0,0.0,22037683.849999983
2025-08-01 03:27:07 PM,741.95,10,7419.5,22045103.349999983
2025-08-01 03:27:15 PM,741.95,10,7419.5,22052522.849999983
2025-08-01 03:27:21 PM,742.0,30,22260.0,22074782.849999983
2025-08-01 03:27:28 PM,741.95,19,14097.050000000001,22088879.899999984
2025-08-01 03:27:51 PM,741.2,0,0.0,22088879.899999984
2025-08-01 03:27:51 PM,741.2,1,741.2,22089621.099999983
2025-08-01 03:27:56 PM,740.7,5,3703.5,22093324.599999983
2025-08-01 03:28:02 PM,741.9,0,0.0,22093324.599999983
2025-08-01 03:28:03 PM,741.9,387,287115.3,22380439.899999984
2025-08-01 03:28:19 PM,738.05,503,371239.14999999997,22751679.049999982
2025-08-01 03:28:26 PM,737.9,35,25826.5,22777505.549999982
2025-08-01 03:28:38 PM,733.0,115,84295.0,22861800.549999982
2025-08-01 03:29:05 PM,731.7,0,0.0,22861800.549999982
2025-08-01 03:29:05 PM,731.7,27,19755.9,22881556.44999998
2025-08-01 03:29:07 PM,731.4,233,170416.19999999998,23051972.64999998
2025-08-01 03:29:13 PM,730.55,15,10958.25,23062930.89999998
2025-08-01 03:29:21 PM,730.55,14,10227.699999999999,23073158.59999998
2025-08-01 03:29:35 PM,734.2,0,0.0,23073158.59999998
2025-08-01 03:29:37 PM,734.2,7,5139.400000000001,23078297.999999978
2025-08-01 03:29:44 PM,730.55,101,73785.54999999999,23152083.54999998
2025-08-01 03:29:51 PM,730.55,19,13880.449999999999,23165963.999999978
2025-08-01 03:29:58 PM,730.55,1,730.55,23166694.54999998
