date,price,qty,trnvr,cum_trnvr
2025-08-01 09:15:08 AM,6500.0,203,1319500.0,1319500.0
2025-08-01 09:15:17 AM,6540.0,0,0.0,1319500.0
2025-08-01 09:15:20 AM,6534.0,99,646866.0,1966366.0
2025-08-01 09:15:27 AM,6544.5,0,0.0,1966366.0
2025-08-01 09:15:29 AM,6544.5,8,52356.0,2018722.0
2025-08-01 09:15:31 AM,6534.0,0,0.0,2018722.0
2025-08-01 09:15:36 AM,6531.5,0,0.0,2018722.0
2025-08-01 09:15:37 AM,6531.5,3,19594.5,2038316.5
2025-08-01 09:15:47 AM,6522.5,2,13045.0,2051361.5
2025-08-01 09:15:52 AM,6523.5,0,0.0,2051361.5
2025-08-01 09:15:54 AM,6523.5,2,13047.0,2064408.5
2025-08-01 09:15:55 AM,6521.0,2,13042.0,2077450.5
2025-08-01 09:16:02 AM,6521.0,2,13042.0,2090492.5
2025-08-01 09:16:14 AM,6520.5,0,0.0,2090492.5
2025-08-01 09:16:18 AM,6520.5,3,19561.5,2110054.0
2025-08-01 09:16:20 AM,6525.0,13,84825.0,2194879.0
2025-08-01 09:18:06 AM,6536.0,11,71896.0,2266775.0
2025-08-01 09:18:07 AM,6545.0,72,471240.0,2738015.0
2025-08-01 09:18:14 AM,6545.0,30,196350.0,2934365.0
2025-08-01 09:18:22 AM,6548.0,1,6548.0,2940913.0
2025-08-01 09:18:30 AM,6565.0,25,164125.0,3105038.0
2025-08-01 09:18:32 AM,6552.5,2,13105.0,3118143.0
2025-08-01 09:18:55 AM,6561.0,1,6561.0,3124704.0
2025-08-01 09:19:34 AM,6569.5,0,0.0,3124704.0
2025-08-01 09:19:35 AM,6569.5,50,328475.0,3453179.0
2025-08-01 09:19:51 AM,6566.0,0,0.0,3453179.0
2025-08-01 09:19:51 AM,6566.0,7,45962.0,3499141.0
2025-08-01 09:19:52 AM,6559.5,0,0.0,3499141.0
2025-08-01 09:19:53 AM,6559.5,12,78714.0,3577855.0
2025-08-01 09:20:01 AM,6553.5,36,235926.0,3813781.0
2025-08-01 09:20:06 AM,6553.0,0,0.0,3813781.0
2025-08-01 09:20:07 AM,6553.0,2,13106.0,3826887.0
2025-08-01 09:20:31 AM,6550.0,8,52400.0,3879287.0
2025-08-01 09:20:38 AM,6548.0,0,0.0,3879287.0
2025-08-01 09:20:39 AM,6548.0,10,65480.0,3944767.0
2025-08-01 09:20:40 AM,6548.0,10,65480.0,4010247.0
2025-08-01 09:20:44 AM,6538.5,0,0.0,4010247.0
2025-08-01 09:20:47 AM,6538.5,25,163462.5,4173709.5
2025-08-01 09:20:52 AM,6537.0,0,0.0,4173709.5
2025-08-01 09:20:54 AM,6537.0,76,496812.0,4670521.5
2025-08-01 09:20:59 AM,6539.0,0,0.0,4670521.5
2025-08-01 09:21:02 AM,6539.0,2,13078.0,4683599.5
2025-08-01 09:21:03 AM,6538.5,17,111154.5,4794754.0
2025-08-01 09:21:10 AM,6532.0,3,19596.0,4814350.0
2025-08-01 09:21:13 AM,6538.5,0,0.0,4814350.0
2025-08-01 09:21:18 AM,6538.0,16,104608.0,4918958.0
2025-08-01 09:21:19 AM,6545.5,2,13091.0,4932049.0
2025-08-01 09:21:42 AM,6545.5,2,13091.0,4945140.0
2025-08-01 09:22:05 AM,6544.5,19,124345.5,5069485.5
2025-08-01 09:22:16 AM,6538.5,0,0.0,5069485.5
2025-08-01 09:22:19 AM,6538.0,4,26152.0,5095637.5
2025-08-01 09:22:30 AM,6535.5,0,0.0,5095637.5
2025-08-01 09:22:34 AM,6535.5,2,13071.0,5108708.5
2025-08-01 09:22:37 AM,6535.0,0,0.0,5108708.5
2025-08-01 09:22:42 AM,6535.0,2,13070.0,5121778.5
2025-08-01 09:22:42 AM,6542.5,0,0.0,5121778.5
2025-08-01 09:22:44 AM,6542.5,10,65425.0,5187203.5
2025-08-01 09:23:01 AM,6535.0,0,0.0,5187203.5
2025-08-01 09:23:05 AM,6535.0,2,13070.0,5200273.5
2025-08-01 09:23:10 AM,6533.5,0,0.0,5200273.5
2025-08-01 09:23:13 AM,6533.5,2,13067.0,5213340.5
2025-08-01 09:23:42 AM,6532.5,0,0.0,5213340.5
2025-08-01 09:23:43 AM,6532.5,1,6532.5,5219873.0
2025-08-01 09:23:45 AM,6525.0,1,6525.0,5226398.0
2025-08-01 09:24:21 AM,6525.0,1,6525.0,5232923.0
2025-08-01 09:24:30 AM,6525.0,25,163125.0,5396048.0
2025-08-01 09:26:37 AM,6527.0,19,124013.0,5520061.0
2025-08-01 09:26:49 AM,6532.5,0,0.0,5520061.0
2025-08-01 09:26:52 AM,6532.5,3,19597.5,5539658.5
2025-08-01 09:28:05 AM,6542.0,0,0.0,5539658.5
2025-08-01 09:28:08 AM,6542.0,5,32710.0,5572368.5
2025-08-01 09:28:46 AM,6534.5,1,6534.5,5578903.0
2025-08-01 09:29:01 AM,6535.0,1,6535.0,5585438.0
2025-08-01 09:30:14 AM,6534.5,0,0.0,5585438.0
2025-08-01 09:30:17 AM,6534.5,79,516225.5,6101663.5
2025-08-01 09:30:32 AM,6534.0,1,6534.0,6108197.5
2025-08-01 09:30:35 AM,6534.5,0,0.0,6108197.5
2025-08-01 09:30:39 AM,6535.0,2,13070.0,6121267.5
2025-08-01 09:30:46 AM,6541.0,2,13082.0,6134349.5
2025-08-01 09:32:26 AM,6546.5,0,0.0,6134349.5
2025-08-01 09:32:27 AM,6546.5,26,170209.0,6304558.5
2025-08-01 09:32:32 AM,6550.0,0,0.0,6304558.5
2025-08-01 09:32:33 AM,6550.0,12,78600.0,6383158.5
2025-08-01 09:33:01 AM,6550.5,1,6550.5,6389709.0
2025-08-01 09:33:28 AM,6560.0,0,0.0,6389709.0
2025-08-01 09:33:29 AM,6560.0,1,6560.0,6396269.0
2025-08-01 09:33:38 AM,6555.5,0,0.0,6396269.0
2025-08-01 09:33:43 AM,6555.5,1,6555.5,6402824.5
2025-08-01 09:33:57 AM,6563.5,3,19690.5,6422515.0
2025-08-01 09:34:03 AM,6574.5,0,0.0,6422515.0
2025-08-01 09:34:04 AM,6574.5,10,65745.0,6488260.0
2025-08-01 09:34:08 AM,6566.5,0,0.0,6488260.0
2025-08-01 09:34:11 AM,6566.5,1,6566.5,6494826.5
2025-08-01 09:34:23 AM,6561.5,0,0.0,6494826.5
2025-08-01 09:34:25 AM,6561.5,1,6561.5,6501388.0
2025-08-01 09:35:20 AM,6559.0,13,85267.0,6586655.0
2025-08-01 09:35:38 AM,6550.0,0,0.0,6586655.0
2025-08-01 09:35:41 AM,6550.0,11,72050.0,6658705.0
2025-08-01 09:36:18 AM,6559.5,0,0.0,6658705.0
2025-08-01 09:36:21 AM,6559.5,50,327975.0,6986680.0
2025-08-01 09:36:30 AM,6556.0,0,0.0,6986680.0
2025-08-01 09:36:34 AM,6556.0,10,65560.0,7052240.0
2025-08-01 09:37:35 AM,6552.0,1,6552.0,7058792.0
2025-08-01 09:38:02 AM,6552.0,1,6552.0,7065344.0
2025-08-01 09:38:16 AM,6555.5,10,65555.0,7130899.0
2025-08-01 09:38:18 AM,6550.0,0,0.0,7130899.0
2025-08-01 09:38:23 AM,6550.0,2,13100.0,7143999.0
2025-08-01 09:38:43 AM,6550.0,1,6550.0,7150549.0
2025-08-01 09:39:09 AM,6550.5,1,6550.5,7157099.5
2025-08-01 09:39:18 AM,6560.0,0,0.0,7157099.5
2025-08-01 09:39:23 AM,6560.0,54,354240.0,7511339.5
2025-08-01 09:39:27 AM,6540.5,0,0.0,7511339.5
2025-08-01 09:39:30 AM,6540.5,47,307403.5,7818743.0
2025-08-01 09:39:31 AM,6541.0,0,0.0,7818743.0
2025-08-01 09:39:35 AM,6549.0,0,0.0,7818743.0
2025-08-01 09:39:36 AM,6549.0,22,144078.0,7962821.0
2025-08-01 09:39:47 AM,6555.0,0,0.0,7962821.0
2025-08-01 09:39:49 AM,6555.0,10,65550.0,8028371.0
2025-08-01 09:40:47 AM,6550.5,0,0.0,8028371.0
2025-08-01 09:40:48 AM,6562.5,44,288750.0,8317121.0
2025-08-01 09:40:55 AM,6566.5,1,6566.5,8323687.5
2025-08-01 09:41:15 AM,6566.5,1,6566.5,8330254.0
2025-08-01 09:41:26 AM,6559.0,0,0.0,8330254.0
2025-08-01 09:41:28 AM,6559.0,1,6559.0,8336813.0
2025-08-01 09:41:38 AM,6566.0,0,0.0,8336813.0
2025-08-01 09:41:41 AM,6566.0,1,6566.0,8343379.0
2025-08-01 09:41:46 AM,6558.0,0,0.0,8343379.0
2025-08-01 09:41:48 AM,6558.0,7,45906.0,8389285.0
2025-08-01 09:41:50 AM,6565.5,0,0.0,8389285.0
2025-08-01 09:41:54 AM,6565.5,1,6565.5,8395850.5
2025-08-01 09:44:39 AM,6558.0,0,0.0,8395850.5
2025-08-01 09:44:39 AM,6558.0,15,98370.0,8494220.5
2025-08-01 09:44:43 AM,6553.0,0,0.0,8494220.5
2025-08-01 09:44:46 AM,6553.0,2,13106.0,8507326.5
2025-08-01 09:45:18 AM,6553.0,7,45871.0,8553197.5
2025-08-01 09:45:25 AM,6553.0,2,13106.0,8566303.5
2025-08-01 09:45:37 AM,6550.0,0,0.0,8566303.5
2025-08-01 09:45:38 AM,6550.0,2,13100.0,8579403.5
2025-08-01 09:45:55 AM,6553.5,0,0.0,8579403.5
2025-08-01 09:45:56 AM,6553.5,2,13107.0,8592510.5
2025-08-01 09:46:19 AM,6546.0,0,0.0,8592510.5
2025-08-01 09:46:22 AM,6546.5,0,0.0,8592510.5
2025-08-01 09:46:22 AM,6546.5,11,72011.5,8664522.0
2025-08-01 09:47:42 AM,6549.5,0,0.0,8664522.0
2025-08-01 09:47:45 AM,6549.5,1,6549.5,8671071.5
2025-08-01 09:48:04 AM,6546.0,2,13092.0,8684163.5
2025-08-01 09:48:33 AM,6546.0,10,65460.0,8749623.5
2025-08-01 09:48:56 AM,6545.5,3,19636.5,8769260.0
2025-08-01 09:49:13 AM,6540.5,0,0.0,8769260.0
2025-08-01 09:49:15 AM,6540.5,4,26162.0,8795422.0
2025-08-01 09:49:20 AM,6540.0,0,0.0,8795422.0
2025-08-01 09:49:21 AM,6540.0,1,6540.0,8801962.0
2025-08-01 09:49:29 AM,6540.0,17,111180.0,8913142.0
2025-08-01 09:49:58 AM,6535.0,0,0.0,8913142.0
2025-08-01 09:49:59 AM,6535.0,1,6535.0,8919677.0
2025-08-01 09:50:10 AM,6544.0,0,0.0,8919677.0
2025-08-01 09:50:11 AM,6544.0,7,45808.0,8965485.0
2025-08-01 09:50:43 AM,6537.5,1,6537.5,8972022.5
2025-08-01 09:52:21 AM,6540.0,0,0.0,8972022.5
2025-08-01 09:52:23 AM,6540.0,9,58860.0,9030882.5
2025-08-01 09:52:42 AM,6541.0,0,0.0,9030882.5
2025-08-01 09:52:43 AM,6541.0,1,6541.0,9037423.5
2025-08-01 09:53:15 AM,6541.5,0,0.0,9037423.5
2025-08-01 09:53:18 AM,6541.5,3,19624.5,9057048.0
2025-08-01 09:53:24 AM,6541.5,13,85039.5,9142087.5
2025-08-01 09:53:55 AM,6542.0,0,0.0,9142087.5
2025-08-01 09:53:55 AM,6542.0,67,438314.0,9580401.5
2025-08-01 09:54:22 AM,6537.5,0,0.0,9580401.5
2025-08-01 09:54:25 AM,6542.0,0,0.0,9580401.5
2025-08-01 09:54:26 AM,6542.0,16,104672.0,9685073.5
2025-08-01 09:55:27 AM,6537.5,11,71912.5,9756986.0
2025-08-01 09:55:37 AM,6537.5,1,6537.5,9763523.5
2025-08-01 09:55:45 AM,6537.5,10,65375.0,9828898.5
2025-08-01 09:57:27 AM,6548.5,0,0.0,9828898.5
2025-08-01 09:57:27 AM,6548.5,33,216100.5,10044999.0
2025-08-01 09:57:30 AM,6538.5,1,6538.5,10051537.5
2025-08-01 09:57:47 AM,6544.0,0,0.0,10051537.5
2025-08-01 09:57:49 AM,6544.0,21,137424.0,10188961.5
2025-08-01 09:58:40 AM,6538.5,0,0.0,10188961.5
2025-08-01 09:58:40 AM,6538.5,5,32692.5,10221654.0
2025-08-01 09:59:14 AM,6538.5,16,104616.0,10326270.0
2025-08-01 10:01:06 AM,6535.0,0,0.0,10326270.0
2025-08-01 10:01:11 AM,6538.0,0,0.0,10326270.0
2025-08-01 10:01:11 AM,6538.0,2,13076.0,10339346.0
2025-08-01 10:01:13 AM,6528.0,113,737664.0,11077010.0
2025-08-01 10:01:20 AM,6525.0,0,0.0,11077010.0
2025-08-01 10:01:20 AM,6525.0,15,97875.0,11174885.0
2025-08-01 10:01:35 AM,6534.0,16,104544.0,11279429.0
2025-08-01 10:02:43 AM,6540.5,0,0.0,11279429.0
2025-08-01 10:02:44 AM,6540.5,1,6540.5,11285969.5
2025-08-01 10:03:18 AM,6547.0,22,144034.0,11430003.5
2025-08-01 10:03:23 AM,6545.0,1,6545.0,11436548.5
2025-08-01 10:04:08 AM,6544.5,0,0.0,11436548.5
2025-08-01 10:04:09 AM,6544.5,8,52356.0,11488904.5
2025-08-01 10:04:32 AM,6553.0,0,0.0,11488904.5
2025-08-01 10:04:32 AM,6553.0,2,13106.0,11502010.5
2025-08-01 10:05:07 AM,6555.0,0,0.0,11502010.5
2025-08-01 10:05:09 AM,6555.0,6,39330.0,11541340.5
2025-08-01 10:05:56 AM,6562.0,0,0.0,11541340.5
2025-08-01 10:05:58 AM,6562.0,1,6562.0,11547902.5
2025-08-01 10:06:06 AM,6559.5,106,695307.0,12243209.5
2025-08-01 10:06:52 AM,6541.5,2,13083.0,12256292.5
2025-08-01 10:07:31 AM,6542.5,19,124307.5,12380600.0
2025-08-01 10:07:35 AM,6542.0,1,6542.0,12387142.0
2025-08-01 10:08:05 AM,6539.5,0,0.0,12387142.0
2025-08-01 10:08:06 AM,6539.5,3,19618.5,12406760.5
2025-08-01 10:10:46 AM,6532.5,0,0.0,12406760.5
2025-08-01 10:10:46 AM,6532.5,56,365820.0,12772580.5
2025-08-01 10:10:53 AM,6536.0,9,58824.0,12831404.5
2025-08-01 10:10:55 AM,6538.5,0,0.0,12831404.5
2025-08-01 10:10:58 AM,6538.5,9,58846.5,12890251.0
2025-08-01 10:11:13 AM,6541.0,0,0.0,12890251.0
2025-08-01 10:11:16 AM,6541.0,1,6541.0,12896792.0
2025-08-01 10:11:21 AM,6540.0,3,19620.0,12916412.0
2025-08-01 10:11:51 AM,6547.5,1,6547.5,12922959.5
2025-08-01 10:12:40 AM,6559.5,0,0.0,12922959.5
2025-08-01 10:12:42 AM,6559.5,24,157428.0,13080387.5
2025-08-01 10:12:48 AM,6565.0,5,32825.0,13113212.5
2025-08-01 10:12:52 AM,6567.0,0,0.0,13113212.5
2025-08-01 10:12:54 AM,6567.0,17,111639.0,13224851.5
2025-08-01 10:13:04 AM,6556.0,0,0.0,13224851.5
2025-08-01 10:13:05 AM,6556.0,1,6556.0,13231407.5
2025-08-01 10:13:53 AM,6557.5,1,6557.5,13237965.0
2025-08-01 10:14:05 AM,6557.5,1,6557.5,13244522.5
2025-08-01 10:14:10 AM,6553.0,10,65530.0,13310052.5
2025-08-01 10:15:00 AM,6563.5,0,0.0,13310052.5
2025-08-01 10:15:02 AM,6563.5,10,65635.0,13375687.5
2025-08-01 10:15:13 AM,6562.5,0,0.0,13375687.5
2025-08-01 10:15:14 AM,6562.5,11,72187.5,13447875.0
2025-08-01 10:16:34 AM,6557.0,0,0.0,13447875.0
2025-08-01 10:16:37 AM,6557.0,1,6557.0,13454432.0
2025-08-01 10:17:51 AM,6555.5,0,0.0,13454432.0
2025-08-01 10:17:51 AM,6555.5,1,6555.5,13460987.5
2025-08-01 10:18:43 AM,6555.0,1,6555.0,13467542.5
2025-08-01 10:19:38 AM,6559.5,0,0.0,13467542.5
2025-08-01 10:19:41 AM,6559.5,1,6559.5,13474102.0
2025-08-01 10:20:14 AM,6555.5,0,0.0,13474102.0
2025-08-01 10:20:14 AM,6555.5,1,6555.5,13480657.5
2025-08-01 10:20:52 AM,6560.0,1,6560.0,13487217.5
2025-08-01 10:21:10 AM,6562.5,0,0.0,13487217.5
2025-08-01 10:21:12 AM,6562.5,1,6562.5,13493780.0
2025-08-01 10:21:20 AM,6557.5,1,6557.5,13500337.5
2025-08-01 10:21:51 AM,6562.0,4,26248.0,13526585.5
2025-08-01 10:22:04 AM,6556.0,0,0.0,13526585.5
2025-08-01 10:22:04 AM,6556.0,3,19668.0,13546253.5
2025-08-01 10:23:03 AM,6560.0,0,0.0,13546253.5
2025-08-01 10:23:04 AM,6560.0,9,59040.0,13605293.5
2025-08-01 10:23:16 AM,6560.0,91,596960.0,14202253.5
2025-08-01 10:23:22 AM,6555.0,0,0.0,14202253.5
2025-08-01 10:23:22 AM,6555.0,28,183540.0,14385793.5
2025-08-01 10:23:38 AM,6556.0,28,183568.0,14569361.5
2025-08-01 10:25:53 AM,6555.0,1,6555.0,14575916.5
2025-08-01 10:26:12 AM,6555.0,1,6555.0,14582471.5
2025-08-01 10:27:23 AM,6555.0,10,65550.0,14648021.5
2025-08-01 10:28:07 AM,6555.0,9,58995.0,14707016.5
2025-08-01 10:29:13 AM,6555.0,15,98325.0,14805341.5
2025-08-01 10:29:15 AM,6549.0,0,0.0,14805341.5
2025-08-01 10:29:16 AM,6549.0,1,6549.0,14811890.5
2025-08-01 10:30:18 AM,6548.5,0,0.0,14811890.5
2025-08-01 10:30:18 AM,6548.5,7,45839.5,14857730.0
2025-08-01 10:30:43 AM,6541.0,0,0.0,14857730.0
2025-08-01 10:30:43 AM,6541.0,1,6541.0,14864271.0
2025-08-01 10:31:01 AM,6545.5,0,0.0,14864271.0
2025-08-01 10:31:03 AM,6545.5,15,98182.5,14962453.5
2025-08-01 10:31:34 AM,6549.0,0,0.0,14962453.5
2025-08-01 10:31:35 AM,6549.0,1,6549.0,14969002.5
2025-08-01 10:32:14 AM,6549.0,18,117882.0,15086884.5
2025-08-01 10:32:37 AM,6557.0,0,0.0,15086884.5
2025-08-01 10:32:37 AM,6557.0,1,6557.0,15093441.5
2025-08-01 10:37:10 AM,6557.0,2,13114.0,15106555.5
2025-08-01 10:38:39 AM,6557.0,8,52456.0,15159011.5
2025-08-01 10:40:11 AM,6551.0,0,0.0,15159011.5
2025-08-01 10:40:11 AM,6551.0,10,65510.0,15224521.5
2025-08-01 10:40:44 AM,6550.5,1,6550.5,15231072.0
2025-08-01 10:41:06 AM,6555.5,0,0.0,15231072.0
2025-08-01 10:41:06 AM,6555.5,5,32777.5,15263849.5
2025-08-01 10:41:32 AM,6550.0,0,0.0,15263849.5
2025-08-01 10:41:35 AM,6550.0,7,45850.0,15309699.5
2025-08-01 10:41:39 AM,6549.5,0,0.0,15309699.5
2025-08-01 10:41:41 AM,6549.5,1,6549.5,15316249.0
2025-08-01 10:42:21 AM,6550.0,1,6550.0,15322799.0
2025-08-01 10:44:49 AM,6549.0,0,0.0,15322799.0
2025-08-01 10:44:50 AM,6549.0,10,65490.0,15388289.0
2025-08-01 10:45:11 AM,6547.0,0,0.0,15388289.0
2025-08-01 10:45:12 AM,6547.0,1,6547.0,15394836.0
2025-08-01 10:47:29 AM,6540.0,0,0.0,15394836.0
2025-08-01 10:47:30 AM,6540.0,21,137340.0,15532176.0
2025-08-01 10:47:35 AM,6540.0,20,130800.0,15662976.0
2025-08-01 10:47:40 AM,6536.5,2,13073.0,15676049.0
2025-08-01 10:47:58 AM,6534.0,0,0.0,15676049.0
2025-08-01 10:47:59 AM,6534.0,5,32670.0,15708719.0
2025-08-01 10:48:14 AM,6540.0,0,0.0,15708719.0
2025-08-01 10:48:15 AM,6540.0,3,19620.0,15728339.0
2025-08-01 10:51:03 AM,6540.0,17,111180.0,15839519.0
2025-08-01 10:51:47 AM,6532.0,0,0.0,15839519.0
2025-08-01 10:51:47 AM,6532.0,17,111044.0,15950563.0
2025-08-01 10:52:03 AM,6532.0,15,97980.0,16048543.0
2025-08-01 10:52:51 AM,6533.0,0,0.0,16048543.0
2025-08-01 10:52:51 AM,6534.0,0,0.0,16048543.0
2025-08-01 10:52:51 AM,6534.0,42,274428.0,16322971.0
2025-08-01 10:53:27 AM,6530.5,0,0.0,16322971.0
2025-08-01 10:53:29 AM,6530.5,2,13061.0,16336032.0
2025-08-01 10:54:27 AM,6531.0,0,0.0,16336032.0
2025-08-01 10:54:27 AM,6531.0,1,6531.0,16342563.0
2025-08-01 10:55:43 AM,6534.5,18,117621.0,16460184.0
2025-08-01 10:55:49 AM,6530.0,2,13060.0,16473244.0
2025-08-01 10:56:35 AM,6539.5,0,0.0,16473244.0
2025-08-01 10:56:35 AM,6539.5,8,52316.0,16525560.0
2025-08-01 10:58:29 AM,6530.0,0,0.0,16525560.0
2025-08-01 10:58:32 AM,6530.0,5,32650.0,16558210.0
2025-08-01 10:58:38 AM,6530.0,1,6530.0,16564740.0
2025-08-01 10:59:09 AM,6537.0,1,6537.0,16571277.0
2025-08-01 11:01:18 AM,6533.5,0,0.0,16571277.0
2025-08-01 11:01:18 AM,6533.5,1,6533.5,16577810.5
2025-08-01 11:02:40 AM,6532.5,0,0.0,16577810.5
2025-08-01 11:02:44 AM,6532.5,1,6532.5,16584343.0
2025-08-01 11:03:56 AM,6540.5,0,0.0,16584343.0
2025-08-01 11:03:56 AM,6540.5,2,13081.0,16597424.0
2025-08-01 11:04:32 AM,6533.0,0,0.0,16597424.0
2025-08-01 11:04:32 AM,6533.0,1,6533.0,16603957.0
2025-08-01 11:05:32 AM,6540.5,0,0.0,16603957.0
2025-08-01 11:05:32 AM,6540.5,1,6540.5,16610497.5
2025-08-01 11:06:36 AM,6538.5,0,0.0,16610497.5
2025-08-01 11:06:39 AM,6538.5,1,6538.5,16617036.0
2025-08-01 11:06:51 AM,6538.5,1,6538.5,16623574.5
2025-08-01 11:08:06 AM,6538.5,5,32692.5,16656267.0
2025-08-01 11:08:47 AM,6530.5,3,19591.5,16675858.5
2025-08-01 11:08:58 AM,6530.0,30,195900.0,16871758.5
2025-08-01 11:09:10 AM,6528.5,1,6528.5,16878287.0
2025-08-01 11:09:27 AM,6524.0,0,0.0,16878287.0
2025-08-01 11:09:27 AM,6524.0,1,6524.0,16884811.0
2025-08-01 11:10:15 AM,6524.0,1,6524.0,16891335.0
2025-08-01 11:10:31 AM,6524.0,1,6524.0,16897859.0
2025-08-01 11:11:16 AM,6526.5,2,13053.0,16910912.0
2025-08-01 11:11:53 AM,6526.5,1,6526.5,16917438.5
2025-08-01 11:11:58 AM,6524.0,1,6524.0,16923962.5
2025-08-01 11:15:10 AM,6527.5,0,0.0,16923962.5
2025-08-01 11:15:12 AM,6527.5,8,52220.0,16976182.5
2025-08-01 11:16:22 AM,6527.5,4,26110.0,17002292.5
2025-08-01 11:19:18 AM,6528.0,0,0.0,17002292.5
2025-08-01 11:19:20 AM,6528.0,2,13056.0,17015348.5
2025-08-01 11:22:19 AM,6528.0,2,13056.0,17028404.5
2025-08-01 11:23:03 AM,6525.0,0,0.0,17028404.5
2025-08-01 11:23:06 AM,6525.0,1,6525.0,17034929.5
2025-08-01 11:24:15 AM,6528.5,0,0.0,17034929.5
2025-08-01 11:24:18 AM,6528.5,1,6528.5,17041458.0
2025-08-01 11:25:17 AM,6528.5,3,19585.5,17061043.5
2025-08-01 11:30:02 AM,6528.5,2,13057.0,17074100.5
2025-08-01 11:30:12 AM,6525.0,0,0.0,17074100.5
2025-08-01 11:30:13 AM,6525.0,7,45675.0,17119775.5
2025-08-01 11:30:58 AM,6520.0,0,0.0,17119775.5
2025-08-01 11:30:58 AM,6520.0,92,599840.0,17719615.5
2025-08-01 11:31:00 AM,6510.5,0,0.0,17719615.5
2025-08-01 11:31:00 AM,6510.5,1,6510.5,17726126.0
2025-08-01 11:31:52 AM,6514.5,0,0.0,17726126.0
2025-08-01 11:31:54 AM,6514.5,2,13029.0,17739155.0
2025-08-01 11:32:46 AM,6515.0,0,0.0,17739155.0
2025-08-01 11:32:47 AM,6515.0,2,13030.0,17752185.0
2025-08-01 11:34:29 AM,6515.0,1,6515.0,17758700.0
2025-08-01 11:35:30 AM,6516.0,0,0.0,17758700.0
2025-08-01 11:35:33 AM,6516.0,1,6516.0,17765216.0
2025-08-01 11:37:03 AM,6521.0,0,0.0,17765216.0
2025-08-01 11:37:06 AM,6521.0,2,13042.0,17778258.0
2025-08-01 11:38:07 AM,6521.5,0,0.0,17778258.0
2025-08-01 11:38:08 AM,6521.5,1,6521.5,17784779.5
2025-08-01 11:39:04 AM,6521.5,1,6521.5,17791301.0
2025-08-01 11:39:40 AM,6521.5,17,110865.5,17902166.5
2025-08-01 11:40:55 AM,6519.5,0,0.0,17902166.5
2025-08-01 11:40:57 AM,6519.5,2,13039.0,17915205.5
2025-08-01 11:42:29 AM,6519.5,1,6519.5,17921725.0
2025-08-01 11:44:10 AM,6513.0,26,169338.0,18091063.0
2025-08-01 11:44:32 AM,6510.0,0,0.0,18091063.0
2025-08-01 11:44:33 AM,6510.0,23,149730.0,18240793.0
2025-08-01 11:45:05 AM,6508.5,0,0.0,18240793.0
2025-08-01 11:45:06 AM,6508.5,1,6508.5,18247301.5
2025-08-01 11:46:18 AM,6508.0,0,0.0,18247301.5
2025-08-01 11:46:20 AM,6508.0,7,45556.0,18292857.5
2025-08-01 11:47:04 AM,6508.0,1,6508.0,18299365.5
2025-08-01 11:47:18 AM,6509.5,21,136699.5,18436065.0
2025-08-01 11:47:57 AM,6512.5,0,0.0,18436065.0
2025-08-01 11:47:59 AM,6512.5,4,26050.0,18462115.0
2025-08-01 11:48:32 AM,6514.0,0,0.0,18462115.0
2025-08-01 11:48:34 AM,6514.0,12,78168.0,18540283.0
2025-08-01 11:49:19 AM,6501.5,0,0.0,18540283.0
2025-08-01 11:49:21 AM,6501.5,100,650150.0,19190433.0
2025-08-01 11:51:26 AM,6503.0,0,0.0,19190433.0
2025-08-01 11:51:27 AM,6503.0,2,13006.0,19203439.0
2025-08-01 11:54:39 AM,6508.0,0,0.0,19203439.0
2025-08-01 11:54:40 AM,6507.5,22,143165.0,19346604.0
2025-08-01 11:56:50 AM,6500.0,0,0.0,19346604.0
2025-08-01 11:56:51 AM,6500.0,85,552500.0,19899104.0
2025-08-01 11:56:52 AM,6511.5,10,65115.0,19964219.0
2025-08-01 11:57:12 AM,6501.5,9,58513.5,20022732.5
2025-08-01 11:59:27 AM,6500.0,5,32500.0,20055232.5
2025-08-01 12:00:34 PM,6505.5,0,0.0,20055232.5
2025-08-01 12:00:35 PM,6505.5,5,32527.5,20087760.0
2025-08-01 12:02:30 PM,6500.0,0,0.0,20087760.0
2025-08-01 12:02:31 PM,6500.0,1,6500.0,20094260.0
2025-08-01 12:02:40 PM,6500.0,1,6500.0,20100760.0
2025-08-01 12:03:13 PM,6498.0,0,0.0,20100760.0
2025-08-01 12:03:14 PM,6498.0,74,480852.0,20581612.0
2025-08-01 12:03:24 PM,6489.5,3,19468.5,20601080.5
2025-08-01 12:03:40 PM,6493.0,0,0.0,20601080.5
2025-08-01 12:03:41 PM,6493.0,6,38958.0,20640038.5
2025-08-01 12:04:06 PM,6494.0,0,0.0,20640038.5
2025-08-01 12:04:08 PM,6494.0,3,19482.0,20659520.5
2025-08-01 12:05:51 PM,6493.0,0,0.0,20659520.5
2025-08-01 12:05:55 PM,6493.0,1,6493.0,20666013.5
2025-08-01 12:06:11 PM,6494.0,0,0.0,20666013.5
2025-08-01 12:06:11 PM,6494.0,1,6494.0,20672507.5
2025-08-01 12:06:13 PM,6487.0,0,0.0,20672507.5
2025-08-01 12:06:15 PM,6487.0,10,64870.0,20737377.5
2025-08-01 12:07:23 PM,6490.0,0,0.0,20737377.5
2025-08-01 12:07:25 PM,6490.0,10,64900.0,20802277.5
2025-08-01 12:07:50 PM,6490.0,20,129800.0,20932077.5
2025-08-01 12:08:00 PM,6490.0,1,6490.0,20938567.5
2025-08-01 12:09:17 PM,6489.5,0,0.0,20938567.5
2025-08-01 12:09:20 PM,6489.5,1,6489.5,20945057.0
2025-08-01 12:09:57 PM,6485.0,0,0.0,20945057.0
2025-08-01 12:09:59 PM,6485.0,1,6485.0,20951542.0
2025-08-01 12:10:05 PM,6489.5,3,19468.5,20971010.5
2025-08-01 12:10:30 PM,6489.5,1,6489.5,20977500.0
2025-08-01 12:14:49 PM,6489.0,1,6489.0,20983989.0
2025-08-01 12:15:45 PM,6489.0,1,6489.0,20990478.0
2025-08-01 12:16:39 PM,6489.0,1,6489.0,20996967.0
2025-08-01 12:17:52 PM,6488.0,2,12976.0,21009943.0
2025-08-01 12:18:29 PM,6490.0,0,0.0,21009943.0
2025-08-01 12:18:31 PM,6490.0,5,32450.0,21042393.0
2025-08-01 12:18:51 PM,6490.0,5,32450.0,21074843.0
2025-08-01 12:18:57 PM,6490.0,2,12980.0,21087823.0
2025-08-01 12:19:05 PM,6488.0,0,0.0,21087823.0
2025-08-01 12:19:07 PM,6488.0,1,6488.0,21094311.0
2025-08-01 12:19:23 PM,6490.0,0,0.0,21094311.0
2025-08-01 12:19:27 PM,6490.0,1,6490.0,21100801.0
2025-08-01 12:19:37 PM,6488.0,2,12976.0,21113777.0
2025-08-01 12:19:44 PM,6490.0,0,0.0,21113777.0
2025-08-01 12:19:47 PM,6490.0,1,6490.0,21120267.0
2025-08-01 12:19:48 PM,6486.0,0,0.0,21120267.0
2025-08-01 12:19:52 PM,6486.0,35,227010.0,21347277.0
2025-08-01 12:21:28 PM,6484.5,0,0.0,21347277.0
2025-08-01 12:21:29 PM,6484.5,1,6484.5,21353761.5
2025-08-01 12:22:13 PM,6484.5,10,64845.0,21418606.5
2025-08-01 12:22:21 PM,6485.5,0,0.0,21418606.5
2025-08-01 12:22:24 PM,6485.5,8,51884.0,21470490.5
2025-08-01 12:27:37 PM,6480.0,0,0.0,21470490.5
2025-08-01 12:27:39 PM,6480.0,42,272160.0,21742650.5
2025-08-01 12:28:00 PM,6477.0,0,0.0,21742650.5
2025-08-01 12:28:02 PM,6480.0,0,0.0,21742650.5
2025-08-01 12:28:03 PM,6480.0,11,71280.0,21813930.5
2025-08-01 12:28:18 PM,6480.0,1,6480.0,21820410.5
2025-08-01 12:29:03 PM,6476.0,0,0.0,21820410.5
2025-08-01 12:29:04 PM,6476.0,2,12952.0,21833362.5
2025-08-01 12:29:08 PM,6475.0,0,0.0,21833362.5
2025-08-01 12:29:09 PM,6475.0,1,6475.0,21839837.5
2025-08-01 12:29:13 PM,6472.0,0,0.0,21839837.5
2025-08-01 12:29:14 PM,6472.0,4,25888.0,21865725.5
2025-08-01 12:30:27 PM,6479.0,0,0.0,21865725.5
2025-08-01 12:30:28 PM,6479.0,1,6479.0,21872204.5
2025-08-01 12:30:41 PM,6472.0,0,0.0,21872204.5
2025-08-01 12:30:44 PM,6472.0,1,6472.0,21878676.5
2025-08-01 12:31:46 PM,6472.0,11,71192.0,21949868.5
2025-08-01 12:31:49 PM,6480.0,0,0.0,21949868.5
2025-08-01 12:31:51 PM,6480.0,37,239760.0,22189628.5
2025-08-01 12:32:13 PM,6484.0,1,6484.0,22196112.5
2025-08-01 12:33:54 PM,6486.0,1,6486.0,22202598.5
2025-08-01 12:35:33 PM,6484.0,0,0.0,22202598.5
2025-08-01 12:35:35 PM,6484.0,36,233424.0,22436022.5
2025-08-01 12:37:12 PM,6479.0,0,0.0,22436022.5
2025-08-01 12:37:14 PM,6479.0,2,12958.0,22448980.5
2025-08-01 12:38:56 PM,6473.0,0,0.0,22448980.5
2025-08-01 12:38:57 PM,6473.0,8,51784.0,22500764.5
2025-08-01 12:39:22 PM,6470.0,31,200570.0,22701334.5
2025-08-01 12:39:44 PM,6464.0,0,0.0,22701334.5
2025-08-01 12:39:46 PM,6464.0,1,6464.0,22707798.5
2025-08-01 12:40:02 PM,6464.0,2,12928.0,22720726.5
2025-08-01 12:40:13 PM,6464.0,1,6464.0,22727190.5
2025-08-01 12:40:24 PM,6469.0,3,19407.0,22746597.5
2025-08-01 12:40:25 PM,6466.5,0,0.0,22746597.5
2025-08-01 12:40:28 PM,6466.5,8,51732.0,22798329.5
2025-08-01 12:41:43 PM,6465.0,0,0.0,22798329.5
2025-08-01 12:41:47 PM,6465.0,10,64650.0,22862979.5
2025-08-01 12:41:51 PM,6466.5,128,827712.0,23690691.5
2025-08-01 12:42:41 PM,6471.5,0,0.0,23690691.5
2025-08-01 12:42:43 PM,6471.5,21,135901.5,23826593.0
2025-08-01 12:42:47 PM,6474.0,0,0.0,23826593.0
2025-08-01 12:42:47 PM,6474.0,1,6474.0,23833067.0
2025-08-01 12:43:09 PM,6474.5,1,6474.5,23839541.5
2025-08-01 12:43:11 PM,6474.0,0,0.0,23839541.5
2025-08-01 12:43:15 PM,6474.0,15,97110.0,23936651.5
2025-08-01 12:43:17 PM,6464.5,0,0.0,23936651.5
2025-08-01 12:43:20 PM,6464.5,5,32322.5,23968974.0
2025-08-01 12:43:43 PM,6466.0,1,6466.0,23975440.0
2025-08-01 12:44:13 PM,6466.5,0,0.0,23975440.0
2025-08-01 12:44:15 PM,6466.5,1,6466.5,23981906.5
2025-08-01 12:45:31 PM,6466.0,0,0.0,23981906.5
2025-08-01 12:45:33 PM,6466.0,3,19398.0,24001304.5
2025-08-01 12:45:57 PM,6473.0,0,0.0,24001304.5
2025-08-01 12:45:59 PM,6473.0,10,64730.0,24066034.5
2025-08-01 12:47:19 PM,6466.0,0,0.0,24066034.5
2025-08-01 12:47:20 PM,6466.0,1,6466.0,24072500.5
2025-08-01 12:49:49 PM,6471.5,2,12943.0,24085443.5
2025-08-01 12:50:22 PM,6471.5,1,6471.5,24091915.0
2025-08-01 12:50:51 PM,6471.5,2,12943.0,24104858.0
2025-08-01 12:51:27 PM,6471.5,20,129430.0,24234288.0
2025-08-01 12:54:42 PM,6471.5,1,6471.5,24240759.5
2025-08-01 12:54:43 PM,6466.5,0,0.0,24240759.5
2025-08-01 12:54:47 PM,6466.5,2,12933.0,24253692.5
2025-08-01 12:55:49 PM,6471.5,0,0.0,24253692.5
2025-08-01 12:55:50 PM,6471.5,1,6471.5,24260164.0
2025-08-01 12:56:17 PM,6472.0,0,0.0,24260164.0
2025-08-01 12:56:20 PM,6472.0,2,12944.0,24273108.0
2025-08-01 12:56:41 PM,6467.5,2,12935.0,24286043.0
2025-08-01 12:58:19 PM,6472.5,0,0.0,24286043.0
2025-08-01 12:58:20 PM,6472.5,2,12945.0,24298988.0
2025-08-01 12:58:23 PM,6466.5,0,0.0,24298988.0
2025-08-01 12:58:25 PM,6466.5,34,219861.0,24518849.0
2025-08-01 12:58:57 PM,6472.0,0,0.0,24518849.0
2025-08-01 12:59:00 PM,6472.0,10,64720.0,24583569.0
2025-08-01 12:59:19 PM,6472.5,0,0.0,24583569.0
2025-08-01 12:59:21 PM,6472.5,4,25890.0,24609459.0
2025-08-01 01:01:38 PM,6470.0,0,0.0,24609459.0
2025-08-01 01:01:41 PM,6470.0,1,6470.0,24615929.0
2025-08-01 01:03:06 PM,6470.0,2,12940.0,24628869.0
2025-08-01 01:05:28 PM,6472.5,0,0.0,24628869.0
2025-08-01 01:05:28 PM,6472.5,4,25890.0,24654759.0
2025-08-01 01:05:56 PM,6475.5,0,0.0,24654759.0
2025-08-01 01:05:56 PM,6475.5,5,32377.5,24687136.5
2025-08-01 01:05:58 PM,6475.0,0,0.0,24687136.5
2025-08-01 01:06:00 PM,6475.0,10,64750.0,24751886.5
2025-08-01 01:06:06 PM,6470.0,0,0.0,24751886.5
2025-08-01 01:06:06 PM,6470.0,1,6470.0,24758356.5
2025-08-01 01:08:29 PM,6479.5,0,0.0,24758356.5
2025-08-01 01:08:30 PM,6479.5,17,110151.5,24868508.0
2025-08-01 01:11:30 PM,6475.0,1,6475.0,24874983.0
2025-08-01 01:13:03 PM,6479.5,0,0.0,24874983.0
2025-08-01 01:13:04 PM,6479.5,6,38877.0,24913860.0
2025-08-01 01:13:42 PM,6480.5,0,0.0,24913860.0
2025-08-01 01:13:42 PM,6481.0,10,64810.0,24978670.0
2025-08-01 01:14:35 PM,6481.5,0,0.0,24978670.0
2025-08-01 01:14:36 PM,6481.5,3,19444.5,24998114.5
2025-08-01 01:17:41 PM,6486.5,0,0.0,24998114.5
2025-08-01 01:17:42 PM,6486.5,1,6486.5,25004601.0
2025-08-01 01:18:49 PM,6486.0,0,0.0,25004601.0
2025-08-01 01:18:52 PM,6486.0,1,6486.0,25011087.0
2025-08-01 01:18:55 PM,6490.0,0,0.0,25011087.0
2025-08-01 01:18:57 PM,6490.0,101,655490.0,25666577.0
2025-08-01 01:19:02 PM,6486.0,1,6486.0,25673063.0
2025-08-01 01:19:25 PM,6482.0,0,0.0,25673063.0
2025-08-01 01:19:27 PM,6482.0,1,6482.0,25679545.0
2025-08-01 01:23:27 PM,6484.5,0,0.0,25679545.0
2025-08-01 01:23:28 PM,6484.5,7,45391.5,25724936.5
2025-08-01 01:24:31 PM,6484.0,2,12968.0,25737904.5
2025-08-01 01:26:39 PM,6484.5,2,12969.0,25750873.5
2025-08-01 01:27:03 PM,6484.5,3,19453.5,25770327.0
2025-08-01 01:27:46 PM,6485.0,0,0.0,25770327.0
2025-08-01 01:27:47 PM,6485.0,4,25940.0,25796267.0
2025-08-01 01:27:52 PM,6484.0,0,0.0,25796267.0
2025-08-01 01:27:52 PM,6484.0,9,58356.0,25854623.0
2025-08-01 01:29:53 PM,6483.0,0,0.0,25854623.0
2025-08-01 01:29:56 PM,6483.0,1,6483.0,25861106.0
2025-08-01 01:32:09 PM,6485.0,0,0.0,25861106.0
2025-08-01 01:32:10 PM,6485.0,6,38910.0,25900016.0
2025-08-01 01:32:39 PM,6485.5,0,0.0,25900016.0
2025-08-01 01:32:39 PM,6485.5,4,25942.0,25925958.0
2025-08-01 01:34:03 PM,6481.5,3,19444.5,25945402.5
2025-08-01 01:34:49 PM,6485.5,2,12971.0,25958373.5
2025-08-01 01:35:15 PM,6485.5,3,19456.5,25977830.0
2025-08-01 01:38:29 PM,6477.5,0,0.0,25977830.0
2025-08-01 01:38:32 PM,6477.5,4,25910.0,26003740.0
2025-08-01 01:39:35 PM,6470.5,0,0.0,26003740.0
2025-08-01 01:39:36 PM,6470.5,8,51764.0,26055504.0
2025-08-01 01:40:02 PM,6471.0,1,6471.0,26061975.0
2025-08-01 01:41:17 PM,6480.0,0,0.0,26061975.0
2025-08-01 01:41:17 PM,6480.0,9,58320.0,26120295.0
2025-08-01 01:41:37 PM,6476.5,0,0.0,26120295.0
2025-08-01 01:41:39 PM,6477.0,0,0.0,26120295.0
2025-08-01 01:41:41 PM,6477.0,10,64770.0,26185065.0
2025-08-01 01:42:15 PM,6477.5,0,0.0,26185065.0
2025-08-01 01:42:20 PM,6477.5,4,25910.0,26210975.0
2025-08-01 01:42:43 PM,6477.0,0,0.0,26210975.0
2025-08-01 01:42:44 PM,6477.0,3,19431.0,26230406.0
2025-08-01 01:45:37 PM,6478.0,0,0.0,26230406.0
2025-08-01 01:45:39 PM,6478.0,21,136038.0,26366444.0
2025-08-01 01:45:58 PM,6474.0,4,25896.0,26392340.0
2025-08-01 01:46:49 PM,6472.5,0,0.0,26392340.0
2025-08-01 01:46:49 PM,6472.5,1,6472.5,26398812.5
2025-08-01 01:49:01 PM,6476.0,0,0.0,26398812.5
2025-08-01 01:49:02 PM,6476.0,3,19428.0,26418240.5
2025-08-01 01:50:09 PM,6478.5,0,0.0,26418240.5
2025-08-01 01:50:10 PM,6478.5,6,38871.0,26457111.5
2025-08-01 01:52:12 PM,6478.5,1,6478.5,26463590.0
2025-08-01 01:53:15 PM,6478.5,1,6478.5,26470068.5
2025-08-01 01:55:41 PM,6478.0,0,0.0,26470068.5
2025-08-01 01:55:45 PM,6478.0,1,6478.0,26476546.5
2025-08-01 01:57:00 PM,6475.0,1,6475.0,26483021.5
2025-08-01 01:59:01 PM,6481.0,0,0.0,26483021.5
2025-08-01 01:59:03 PM,6481.0,5,32405.0,26515426.5
2025-08-01 01:59:11 PM,6483.0,0,0.0,26515426.5
2025-08-01 01:59:13 PM,6483.0,10,64830.0,26580256.5
2025-08-01 02:01:45 PM,6475.0,0,0.0,26580256.5
2025-08-01 02:01:46 PM,6475.0,101,653975.0,27234231.5
2025-08-01 02:01:47 PM,6463.5,0,0.0,27234231.5
2025-08-01 02:01:49 PM,6463.0,0,0.0,27234231.5
2025-08-01 02:01:51 PM,6463.0,71,458873.0,27693104.5
2025-08-01 02:01:57 PM,6461.0,0,0.0,27693104.5
2025-08-01 02:02:01 PM,6461.0,15,96915.0,27790019.5
2025-08-01 02:02:08 PM,6460.0,0,0.0,27790019.5
2025-08-01 02:02:10 PM,6460.0,3,19380.0,27809399.5
2025-08-01 02:02:20 PM,6460.0,2,12920.0,27822319.5
2025-08-01 02:03:25 PM,6460.0,2,12920.0,27835239.5
2025-08-01 02:04:33 PM,6460.5,0,0.0,27835239.5
2025-08-01 02:04:35 PM,6460.0,0,0.0,27835239.5
2025-08-01 02:04:36 PM,6460.0,13,83980.0,27919219.5
2025-08-01 02:05:42 PM,6460.0,2,12920.0,27932139.5
2025-08-01 02:06:02 PM,6459.5,0,0.0,27932139.5
2025-08-01 02:06:06 PM,6459.5,7,45216.5,27977356.0
2025-08-01 02:06:11 PM,6459.0,0,0.0,27977356.0
2025-08-01 02:06:11 PM,6459.0,5,32295.0,28009651.0
2025-08-01 02:06:21 PM,6456.0,5,32280.0,28041931.0
2025-08-01 02:06:26 PM,6456.0,6,38736.0,28080667.0
2025-08-01 02:06:34 PM,6454.0,0,0.0,28080667.0
2025-08-01 02:06:36 PM,6454.0,7,45178.0,28125845.0
2025-08-01 02:06:56 PM,6454.5,0,0.0,28125845.0
2025-08-01 02:06:58 PM,6454.5,1,6454.5,28132299.5
2025-08-01 02:07:18 PM,6454.5,6,38727.0,28171026.5
2025-08-01 02:07:26 PM,6456.0,0,0.0,28171026.5
2025-08-01 02:07:28 PM,6456.0,28,180768.0,28351794.5
2025-08-01 02:07:38 PM,6456.0,3,19368.0,28371162.5
2025-08-01 02:08:03 PM,6456.5,0,0.0,28371162.5
2025-08-01 02:08:04 PM,6456.5,1,6456.5,28377619.0
2025-08-01 02:08:44 PM,6455.5,0,0.0,28377619.0
2025-08-01 02:08:45 PM,6455.5,7,45188.5,28422807.5
2025-08-01 02:10:11 PM,6455.5,5,32277.5,28455085.0
2025-08-01 02:11:40 PM,6456.5,0,0.0,28455085.0
2025-08-01 02:11:44 PM,6456.5,1,6456.5,28461541.5
2025-08-01 02:11:52 PM,6457.0,0,0.0,28461541.5
2025-08-01 02:11:54 PM,6457.0,3,19371.0,28480912.5
2025-08-01 02:13:11 PM,6457.5,0,0.0,28480912.5
2025-08-01 02:13:12 PM,6457.5,2,12915.0,28493827.5
2025-08-01 02:13:25 PM,6459.0,0,0.0,28493827.5
2025-08-01 02:13:28 PM,6459.0,1,6459.0,28500286.5
2025-08-01 02:13:35 PM,6455.5,0,0.0,28500286.5
2025-08-01 02:13:36 PM,6455.5,30,193665.0,28693951.5
2025-08-01 02:14:15 PM,6455.5,1,6455.5,28700407.0
2025-08-01 02:15:00 PM,6454.0,0,0.0,28700407.0
2025-08-01 02:15:00 PM,6454.0,65,419510.0,29119917.0
2025-08-01 02:15:39 PM,6452.5,0,0.0,29119917.0
2025-08-01 02:15:39 PM,6452.5,4,25810.0,29145727.0
2025-08-01 02:15:51 PM,6453.0,0,0.0,29145727.0
2025-08-01 02:15:51 PM,6452.5,0,0.0,29145727.0
2025-08-01 02:15:51 PM,6452.5,3,19357.5,29165084.5
2025-08-01 02:16:05 PM,6452.5,1,6452.5,29171537.0
2025-08-01 02:16:12 PM,6452.5,1,6452.5,29177989.5
2025-08-01 02:16:30 PM,6452.5,3,19357.5,29197347.0
2025-08-01 02:16:33 PM,6452.0,0,0.0,29197347.0
2025-08-01 02:16:35 PM,6452.0,1,6452.0,29203799.0
2025-08-01 02:17:56 PM,6452.0,2,12904.0,29216703.0
2025-08-01 02:18:03 PM,6451.5,0,0.0,29216703.0
2025-08-01 02:18:06 PM,6451.5,1,6451.5,29223154.5
2025-08-01 02:18:25 PM,6452.0,0,0.0,29223154.5
2025-08-01 02:18:27 PM,6452.0,10,64520.0,29287674.5
2025-08-01 02:18:45 PM,6452.5,0,0.0,29287674.5
2025-08-01 02:18:47 PM,6452.5,5,32262.5,29319937.0
2025-08-01 02:19:26 PM,6448.5,0,0.0,29319937.0
2025-08-01 02:19:29 PM,6448.5,51,328873.5,29648810.5
2025-08-01 02:19:57 PM,6448.0,0,0.0,29648810.5
2025-08-01 02:19:57 PM,6448.5,0,0.0,29648810.5
2025-08-01 02:20:00 PM,6448.5,11,70933.5,29719744.0
2025-08-01 02:20:05 PM,6448.5,1,6448.5,29726192.5
2025-08-01 02:20:16 PM,6448.5,1,6448.5,29732641.0
2025-08-01 02:20:43 PM,6440.5,0,0.0,29732641.0
2025-08-01 02:20:46 PM,6440.5,112,721336.0,30453977.0
2025-08-01 02:21:30 PM,6445.5,0,0.0,30453977.0
2025-08-01 02:21:33 PM,6445.5,1,6445.5,30460422.5
2025-08-01 02:21:48 PM,6445.0,0,0.0,30460422.5
2025-08-01 02:21:48 PM,6445.0,1,6445.0,30466867.5
2025-08-01 02:21:53 PM,6442.5,12,77310.0,30544177.5
2025-08-01 02:21:55 PM,6440.0,0,0.0,30544177.5
2025-08-01 02:21:59 PM,6440.0,3,19320.0,30563497.5
2025-08-01 02:22:20 PM,6440.0,10,64400.0,30627897.5
2025-08-01 02:22:26 PM,6434.0,38,244492.0,30872389.5
2025-08-01 02:22:33 PM,6436.0,0,0.0,30872389.5
2025-08-01 02:22:37 PM,6436.0,5,32180.0,30904569.5
2025-08-01 02:23:03 PM,6436.0,9,57924.0,30962493.5
2025-08-01 02:23:05 PM,6432.0,0,0.0,30962493.5
2025-08-01 02:23:09 PM,6432.0,22,141504.0,31103997.5
2025-08-01 02:23:28 PM,6437.0,0,0.0,31103997.5
2025-08-01 02:23:30 PM,6437.0,1,6437.0,31110434.5
2025-08-01 02:23:51 PM,6432.0,10,64320.0,31174754.5
2025-08-01 02:23:55 PM,6435.5,0,0.0,31174754.5
2025-08-01 02:23:57 PM,6435.0,27,173745.0,31348499.5
2025-08-01 02:24:25 PM,6431.0,0,0.0,31348499.5
2025-08-01 02:24:28 PM,6431.0,7,45017.0,31393516.5
2025-08-01 02:24:37 PM,6433.0,0,0.0,31393516.5
2025-08-01 02:24:39 PM,6433.0,39,250887.0,31644403.5
2025-08-01 02:25:00 PM,6443.5,10,64435.0,31708838.5
2025-08-01 02:25:11 PM,6441.0,1,6441.0,31715279.5
2025-08-01 02:25:54 PM,6441.0,1,6441.0,31721720.5
2025-08-01 02:26:20 PM,6441.0,10,64410.0,31786130.5
2025-08-01 02:27:23 PM,6438.0,0,0.0,31786130.5
2025-08-01 02:27:24 PM,6438.0,20,128760.0,31914890.5
2025-08-01 02:28:12 PM,6432.5,0,0.0,31914890.5
2025-08-01 02:28:13 PM,6432.5,6,38595.0,31953485.5
2025-08-01 02:28:42 PM,6431.0,0,0.0,31953485.5
2025-08-01 02:28:46 PM,6431.0,2,12862.0,31966347.5
2025-08-01 02:29:09 PM,6431.0,1,6431.0,31972778.5
2025-08-01 02:29:14 PM,6431.0,8,51448.0,32024226.5
2025-08-01 02:29:37 PM,6431.0,2,12862.0,32037088.5
2025-08-01 02:30:06 PM,6432.0,0,0.0,32037088.5
2025-08-01 02:30:10 PM,6432.0,5,32160.0,32069248.5
2025-08-01 02:31:15 PM,6432.0,1,6432.0,32075680.5
2025-08-01 02:32:06 PM,6435.0,0,0.0,32075680.5
2025-08-01 02:32:08 PM,6435.0,10,64350.0,32140030.5
2025-08-01 02:32:19 PM,6435.0,2,12870.0,32152900.5
2025-08-01 02:32:34 PM,6438.0,0,0.0,32152900.5
2025-08-01 02:32:35 PM,6438.0,10,64380.0,32217280.5
2025-08-01 02:33:16 PM,6438.0,7,45066.0,32262346.5
2025-08-01 02:33:21 PM,6444.0,0,0.0,32262346.5
2025-08-01 02:33:22 PM,6444.0,10,64440.0,32326786.5
2025-08-01 02:33:33 PM,6445.0,5,32225.0,32359011.5
2025-08-01 02:33:48 PM,6440.0,0,0.0,32359011.5
2025-08-01 02:33:49 PM,6440.0,9,57960.0,32416971.5
2025-08-01 02:34:05 PM,6438.0,0,0.0,32416971.5
2025-08-01 02:34:06 PM,6438.0,3,19314.0,32436285.5
2025-08-01 02:34:30 PM,6445.0,0,0.0,32436285.5
2025-08-01 02:34:33 PM,6445.0,50,322250.0,32758535.5
2025-08-01 02:34:36 PM,6445.0,3,19335.0,32777870.5
2025-08-01 02:35:06 PM,6445.0,47,302915.0,33080785.5
2025-08-01 02:35:20 PM,6442.0,0,0.0,33080785.5
2025-08-01 02:35:22 PM,6449.0,43,277307.0,33358092.5
2025-08-01 02:35:49 PM,6449.0,10,64490.0,33422582.5
2025-08-01 02:37:23 PM,6438.0,0,0.0,33422582.5
2025-08-01 02:37:24 PM,6438.0,5,32190.0,33454772.5
2025-08-01 02:37:35 PM,6438.0,2,12876.0,33467648.5
2025-08-01 02:38:20 PM,6438.0,25,160950.0,33628598.5
2025-08-01 02:38:30 PM,6432.5,0,0.0,33628598.5
2025-08-01 02:38:30 PM,6432.5,2,12865.0,33641463.5
2025-08-01 02:38:32 PM,6435.5,1,6435.5,33647899.0
2025-08-01 02:38:53 PM,6435.5,6,38613.0,33686512.0
2025-08-01 02:39:28 PM,6435.5,16,102968.0,33789480.0
2025-08-01 02:40:20 PM,6444.5,0,0.0,33789480.0
2025-08-01 02:40:23 PM,6444.5,10,64445.0,33853925.0
2025-08-01 02:41:19 PM,6440.0,0,0.0,33853925.0
2025-08-01 02:41:19 PM,6440.0,20,128800.0,33982725.0
2025-08-01 02:42:05 PM,6440.5,0,0.0,33982725.0
2025-08-01 02:42:06 PM,6440.5,1,6440.5,33989165.5
2025-08-01 02:42:37 PM,6440.0,0,0.0,33989165.5
2025-08-01 02:42:38 PM,6440.0,2,12880.0,34002045.5
2025-08-01 02:42:50 PM,6440.5,0,0.0,34002045.5
2025-08-01 02:42:52 PM,6440.0,0,0.0,34002045.5
2025-08-01 02:42:54 PM,6440.0,21,135240.0,34137285.5
2025-08-01 02:43:04 PM,6444.5,0,0.0,34137285.5
2025-08-01 02:43:04 PM,6444.5,13,83778.5,34221064.0
2025-08-01 02:44:05 PM,6444.5,1,6444.5,34227508.5
2025-08-01 02:44:11 PM,6445.0,17,109565.0,34337073.5
2025-08-01 02:44:27 PM,6445.0,7,45115.0,34382188.5
2025-08-01 02:44:33 PM,6452.5,0,0.0,34382188.5
2025-08-01 02:44:33 PM,6452.5,10,64525.0,34446713.5
2025-08-01 02:45:03 PM,6446.0,0,0.0,34446713.5
2025-08-01 02:45:07 PM,6446.0,1,6446.0,34453159.5
2025-08-01 02:45:24 PM,6443.0,0,0.0,34453159.5
2025-08-01 02:45:24 PM,6443.0,2,12886.0,34466045.5
2025-08-01 02:46:03 PM,6442.5,2,12885.0,34478930.5
2025-08-01 02:46:06 PM,6443.0,0,0.0,34478930.5
2025-08-01 02:46:08 PM,6443.0,5,32215.0,34511145.5
2025-08-01 02:46:56 PM,6442.5,0,0.0,34511145.5
2025-08-01 02:46:58 PM,6442.5,13,83752.5,34594898.0
2025-08-01 02:47:16 PM,6444.5,17,109556.5,34704454.5
2025-08-01 02:47:26 PM,6446.5,0,0.0,34704454.5
2025-08-01 02:47:27 PM,6446.5,1,6446.5,34710901.0
2025-08-01 02:48:16 PM,6450.0,0,0.0,34710901.0
2025-08-01 02:48:18 PM,6450.0,8,51600.0,34762501.0
2025-08-01 02:49:03 PM,6450.0,1,6450.0,34768951.0
2025-08-01 02:49:14 PM,6445.0,20,128900.0,34897851.0
2025-08-01 02:49:20 PM,6451.5,0,0.0,34897851.0
2025-08-01 02:49:25 PM,6451.5,4,25806.0,34923657.0
2025-08-01 02:50:25 PM,6442.0,0,0.0,34923657.0
2025-08-01 02:50:26 PM,6442.0,15,96630.0,35020287.0
2025-08-01 02:50:34 PM,6446.0,0,0.0,35020287.0
2025-08-01 02:50:37 PM,6446.0,4,25784.0,35046071.0
2025-08-01 02:52:24 PM,6441.0,2,12882.0,35058953.0
2025-08-01 02:52:31 PM,6443.0,2,12886.0,35071839.0
2025-08-01 02:52:40 PM,6444.5,0,0.0,35071839.0
2025-08-01 02:52:40 PM,6444.5,1,6444.5,35078283.5
2025-08-01 02:52:56 PM,6449.0,36,232164.0,35310447.5
2025-08-01 02:53:03 PM,6449.0,64,412736.0,35723183.5
2025-08-01 02:54:14 PM,6441.0,0,0.0,35723183.5
2025-08-01 02:54:14 PM,6441.0,1,6441.0,35729624.5
2025-08-01 02:54:26 PM,6440.0,0,0.0,35729624.5
2025-08-01 02:54:27 PM,6440.0,1,6440.0,35736064.5
2025-08-01 02:54:32 PM,6440.5,1,6440.5,35742505.0
2025-08-01 02:54:46 PM,6436.0,0,0.0,35742505.0
2025-08-01 02:54:48 PM,6436.0,28,180208.0,35922713.0
2025-08-01 02:54:58 PM,6441.0,0,0.0,35922713.0
2025-08-01 02:54:59 PM,6441.0,51,328491.0,36251204.0
2025-08-01 02:55:01 PM,6441.5,0,0.0,36251204.0
2025-08-01 02:55:02 PM,6441.5,4,25766.0,36276970.0
2025-08-01 02:55:44 PM,6445.5,0,0.0,36276970.0
2025-08-01 02:55:44 PM,6445.5,3,19336.5,36296306.5
2025-08-01 02:56:29 PM,6445.5,7,45118.5,36341425.0
2025-08-01 02:56:45 PM,6452.5,0,0.0,36341425.0
2025-08-01 02:56:45 PM,6452.5,1,6452.5,36347877.5
2025-08-01 02:57:01 PM,6445.0,0,0.0,36347877.5
2025-08-01 02:57:01 PM,6445.0,3,19335.0,36367212.5
2025-08-01 02:57:07 PM,6445.0,2,12890.0,36380102.5
2025-08-01 02:57:18 PM,6447.0,2,12894.0,36392996.5
2025-08-01 02:57:19 PM,6445.5,1,6445.5,36399442.0
2025-08-01 02:57:29 PM,6445.5,1,6445.5,36405887.5
2025-08-01 02:58:27 PM,6445.0,0,0.0,36405887.5
2025-08-01 02:58:27 PM,6445.0,2,12890.0,36418777.5
2025-08-01 02:58:53 PM,6445.0,84,541380.0,36960157.5
2025-08-01 02:59:05 PM,6445.0,2,12890.0,36973047.5
2025-08-01 02:59:07 PM,6445.0,1,6445.0,36979492.5
2025-08-01 02:59:15 PM,6446.0,0,0.0,36979492.5
2025-08-01 02:59:17 PM,6446.0,3,19338.0,36998830.5
2025-08-01 02:59:29 PM,6450.5,1,6450.5,37005281.0
2025-08-01 03:00:01 PM,6454.0,1,6454.0,37011735.0
2025-08-01 03:00:03 PM,6450.5,8,51604.0,37063339.0
2025-08-01 03:00:07 PM,6450.5,1,6450.5,37069789.5
2025-08-01 03:00:56 PM,6449.0,0,0.0,37069789.5
2025-08-01 03:00:57 PM,6449.0,16,103184.0,37172973.5
2025-08-01 03:01:03 PM,6450.5,0,0.0,37172973.5
2025-08-01 03:01:03 PM,6450.5,2,12901.0,37185874.5
2025-08-01 03:01:09 PM,6455.0,0,0.0,37185874.5
2025-08-01 03:01:09 PM,6455.0,145,935975.0,38121849.5
2025-08-01 03:01:13 PM,6455.5,0,0.0,38121849.5
2025-08-01 03:01:13 PM,6455.5,58,374419.0,38496268.5
2025-08-01 03:01:19 PM,6445.0,0,0.0,38496268.5
2025-08-01 03:01:19 PM,6445.0,13,83785.0,38580053.5
2025-08-01 03:01:25 PM,6451.0,0,0.0,38580053.5
2025-08-01 03:01:25 PM,6451.0,29,187079.0,38767132.5
2025-08-01 03:01:33 PM,6457.0,0,0.0,38767132.5
2025-08-01 03:01:34 PM,6457.0,2,12914.0,38780046.5
2025-08-01 03:01:42 PM,6449.0,0,0.0,38780046.5
2025-08-01 03:01:43 PM,6449.0,2,12898.0,38792944.5
2025-08-01 03:01:49 PM,6455.5,1,6455.5,38799400.0
2025-08-01 03:02:03 PM,6451.0,0,0.0,38799400.0
2025-08-01 03:02:05 PM,6451.0,1,6451.0,38805851.0
2025-08-01 03:02:11 PM,6451.0,7,45157.0,38851008.0
2025-08-01 03:02:27 PM,6452.5,0,0.0,38851008.0
2025-08-01 03:02:29 PM,6452.5,2,12905.0,38863913.0
2025-08-01 03:02:32 PM,6453.5,2,12907.0,38876820.0
2025-08-01 03:02:41 PM,6459.5,20,129190.0,39006010.0
2025-08-01 03:02:50 PM,6452.5,1,6452.5,39012462.5
2025-08-01 03:02:56 PM,6460.0,2,12920.0,39025382.5
2025-08-01 03:03:21 PM,6452.5,0,0.0,39025382.5
2025-08-01 03:03:21 PM,6452.5,1,6452.5,39031835.0
2025-08-01 03:03:30 PM,6449.0,25,161225.0,39193060.0
2025-08-01 03:03:36 PM,6445.0,1,6445.0,39199505.0
2025-08-01 03:03:45 PM,6446.0,0,0.0,39199505.0
2025-08-01 03:03:45 PM,6446.0,1,6446.0,39205951.0
2025-08-01 03:03:54 PM,6445.5,1,6445.5,39212396.5
2025-08-01 03:04:03 PM,6445.0,0,0.0,39212396.5
2025-08-01 03:04:03 PM,6445.0,3,19335.0,39231731.5
2025-08-01 03:04:22 PM,6445.5,0,0.0,39231731.5
2025-08-01 03:04:22 PM,6445.5,1,6445.5,39238177.0
2025-08-01 03:04:31 PM,6445.0,3,19335.0,39257512.0
2025-08-01 03:04:34 PM,6444.0,116,747504.0,40005016.0
2025-08-01 03:04:49 PM,6440.5,0,0.0,40005016.0
2025-08-01 03:04:50 PM,6440.5,1,6440.5,40011456.5
2025-08-01 03:04:56 PM,6440.5,3,19321.5,40030778.0
2025-08-01 03:05:02 PM,6440.5,6,38643.0,40069421.0
2025-08-01 03:05:08 PM,6440.5,26,167453.0,40236874.0
2025-08-01 03:05:09 PM,6441.0,0,0.0,40236874.0
2025-08-01 03:05:11 PM,6441.0,1,6441.0,40243315.0
2025-08-01 03:05:15 PM,6441.0,1,6441.0,40249756.0
2025-08-01 03:05:18 PM,6441.0,1,6441.0,40256197.0
2025-08-01 03:05:24 PM,6441.0,1,6441.0,40262638.0
2025-08-01 03:05:30 PM,6440.5,0,0.0,40262638.0
2025-08-01 03:05:30 PM,6440.5,1,6440.5,40269078.5
2025-08-01 03:05:36 PM,6436.0,0,0.0,40269078.5
2025-08-01 03:05:37 PM,6436.0,21,135156.0,40404234.5
2025-08-01 03:05:40 PM,6436.0,1,6436.0,40410670.5
2025-08-01 03:05:50 PM,6438.5,0,0.0,40410670.5
2025-08-01 03:05:52 PM,6438.5,2,12877.0,40423547.5
2025-08-01 03:05:55 PM,6440.0,17,109480.0,40533027.5
2025-08-01 03:05:59 PM,6436.0,1,6436.0,40539463.5
2025-08-01 03:06:01 PM,6440.5,3,19321.5,40558785.0
2025-08-01 03:06:04 PM,6436.5,0,0.0,40558785.0
2025-08-01 03:06:05 PM,6436.5,1,6436.5,40565221.5
2025-08-01 03:06:08 PM,6448.0,5,32240.0,40597461.5
2025-08-01 03:06:24 PM,6449.5,2,12899.0,40610360.5
2025-08-01 03:06:38 PM,6439.5,1,6439.5,40616800.0
2025-08-01 03:06:48 PM,6443.5,0,0.0,40616800.0
2025-08-01 03:06:48 PM,6443.5,2,12887.0,40629687.0
2025-08-01 03:06:51 PM,6441.0,3,19323.0,40649010.0
2025-08-01 03:07:03 PM,6438.5,3,19315.5,40668325.5
2025-08-01 03:07:23 PM,6439.0,0,0.0,40668325.5
2025-08-01 03:07:26 PM,6439.0,3,19317.0,40687642.5
2025-08-01 03:07:34 PM,6439.0,1,6439.0,40694081.5
2025-08-01 03:07:41 PM,6441.0,3,19323.0,40713404.5
2025-08-01 03:07:43 PM,6441.5,0,0.0,40713404.5
2025-08-01 03:07:44 PM,6441.0,4,25764.0,40739168.5
2025-08-01 03:08:09 PM,6439.0,5,32195.0,40771363.5
2025-08-01 03:08:15 PM,6441.0,1,6441.0,40777804.5
2025-08-01 03:08:25 PM,6460.0,0,0.0,40777804.5
2025-08-01 03:08:28 PM,6447.5,336,2166360.0,42944164.5
2025-08-01 03:08:30 PM,6447.0,26,167622.0,43111786.5
2025-08-01 03:08:32 PM,6441.5,0,0.0,43111786.5
2025-08-01 03:08:34 PM,6441.5,9,57973.5,43169760.0
2025-08-01 03:08:36 PM,6436.5,17,109420.5,43279180.5
2025-08-01 03:08:40 PM,6440.0,1,6440.0,43285620.5
2025-08-01 03:08:44 PM,6437.5,0,0.0,43285620.5
2025-08-01 03:08:46 PM,6437.5,3,19312.5,43304933.0
2025-08-01 03:08:54 PM,6436.5,0,0.0,43304933.0
2025-08-01 03:08:55 PM,6436.5,17,109420.5,43414353.5
2025-08-01 03:09:01 PM,6436.5,5,32182.5,43446536.0
2025-08-01 03:09:05 PM,6437.0,4,25748.0,43472284.0
2025-08-01 03:09:14 PM,6438.0,40,257520.0,43729804.0
2025-08-01 03:09:37 PM,6438.5,1,6438.5,43736242.5
2025-08-01 03:09:53 PM,6439.0,2,12878.0,43749120.5
2025-08-01 03:10:05 PM,6439.5,0,0.0,43749120.5
2025-08-01 03:10:05 PM,6439.5,2,12879.0,43761999.5
2025-08-01 03:10:08 PM,6441.5,1,6441.5,43768441.0
2025-08-01 03:10:13 PM,6444.0,1,6444.0,43774885.0
2025-08-01 03:10:15 PM,6444.0,1,6444.0,43781329.0
2025-08-01 03:10:21 PM,6441.5,0,0.0,43781329.0
2025-08-01 03:10:22 PM,6441.5,10,64415.0,43845744.0
2025-08-01 03:10:35 PM,6436.0,0,0.0,43845744.0
2025-08-01 03:10:35 PM,6436.0,25,160900.0,44006644.0
2025-08-01 03:10:40 PM,6440.0,2,12880.0,44019524.0
2025-08-01 03:10:42 PM,6440.0,2,12880.0,44032404.0
2025-08-01 03:10:52 PM,6436.0,1,6436.0,44038840.0
2025-08-01 03:11:00 PM,6441.5,9,57973.5,44096813.5
2025-08-01 03:11:05 PM,6440.0,0,0.0,44096813.5
2025-08-01 03:11:05 PM,6440.0,4,25760.0,44122573.5
2025-08-01 03:11:07 PM,6441.5,1,6441.5,44129015.0
2025-08-01 03:11:13 PM,6444.5,0,0.0,44129015.0
2025-08-01 03:11:14 PM,6446.0,4,25784.0,44154799.0
2025-08-01 03:11:20 PM,6438.0,1,6438.0,44161237.0
2025-08-01 03:11:28 PM,6436.0,0,0.0,44161237.0
2025-08-01 03:11:30 PM,6436.0,36,231696.0,44392933.0
2025-08-01 03:11:43 PM,6435.5,148,952454.0,45345387.0
2025-08-01 03:11:45 PM,6436.0,15,96540.0,45441927.0
2025-08-01 03:11:50 PM,6436.5,10,64365.0,45506292.0
2025-08-01 03:11:52 PM,6435.5,8,51484.0,45557776.0
2025-08-01 03:11:54 PM,6436.5,0,0.0,45557776.0
2025-08-01 03:11:56 PM,6436.5,2,12873.0,45570649.0
2025-08-01 03:12:00 PM,6436.0,0,0.0,45570649.0
2025-08-01 03:12:03 PM,6436.0,15,96540.0,45667189.0
2025-08-01 03:12:08 PM,6435.5,0,0.0,45667189.0
2025-08-01 03:12:10 PM,6435.5,105,675727.5,46342916.5
2025-08-01 03:12:12 PM,6435.5,22,141581.0,46484497.5
2025-08-01 03:12:26 PM,6435.0,0,0.0,46484497.5
2025-08-01 03:12:29 PM,6435.0,2,12870.0,46497367.5
2025-08-01 03:12:35 PM,6435.0,31,199485.0,46696852.5
2025-08-01 03:12:38 PM,6430.0,14,90020.0,46786872.5
2025-08-01 03:12:42 PM,6434.5,2,12869.0,46799741.5
2025-08-01 03:12:45 PM,6432.5,10,64325.0,46864066.5
2025-08-01 03:12:48 PM,6430.0,3,19290.0,46883356.5
2025-08-01 03:12:51 PM,6430.0,1,6430.0,46889786.5
2025-08-01 03:13:01 PM,6430.0,1,6430.0,46896216.5
2025-08-01 03:13:04 PM,6430.0,3,19290.0,46915506.5
2025-08-01 03:13:07 PM,6430.5,0,0.0,46915506.5
2025-08-01 03:13:11 PM,6431.0,6,38586.0,46954092.5
2025-08-01 03:13:15 PM,6431.0,1,6431.0,46960523.5
2025-08-01 03:13:18 PM,6431.0,1,6431.0,46966954.5
2025-08-01 03:13:21 PM,6431.0,4,25724.0,46992678.5
2025-08-01 03:13:24 PM,6431.0,1,6431.0,46999109.5
2025-08-01 03:13:27 PM,6431.0,4,25724.0,47024833.5
2025-08-01 03:13:42 PM,6431.0,3,19293.0,47044126.5
2025-08-01 03:13:47 PM,6431.0,1,6431.0,47050557.5
2025-08-01 03:13:50 PM,6425.0,32,205600.0,47256157.5
2025-08-01 03:13:56 PM,6425.0,4,25700.0,47281857.5
2025-08-01 03:14:02 PM,6425.0,1,6425.0,47288282.5
2025-08-01 03:14:06 PM,6424.0,1,6424.0,47294706.5
2025-08-01 03:14:09 PM,6424.0,5,32120.0,47326826.5
2025-08-01 03:14:12 PM,6425.0,0,0.0,47326826.5
2025-08-01 03:14:15 PM,6426.0,7,44982.0,47371808.5
2025-08-01 03:14:18 PM,6425.0,0,0.0,47371808.5
2025-08-01 03:14:19 PM,6425.0,3,19275.0,47391083.5
2025-08-01 03:14:21 PM,6425.5,0,0.0,47391083.5
2025-08-01 03:14:21 PM,6425.5,1,6425.5,47397509.0
2025-08-01 03:14:27 PM,6425.0,0,0.0,47397509.0
2025-08-01 03:14:27 PM,6425.0,1,6425.0,47403934.0
2025-08-01 03:14:30 PM,6425.5,0,0.0,47403934.0
2025-08-01 03:14:31 PM,6425.5,1,6425.5,47410359.5
2025-08-01 03:14:33 PM,6425.0,1,6425.0,47416784.5
2025-08-01 03:14:37 PM,6425.5,1,6425.5,47423210.0
2025-08-01 03:14:45 PM,6425.0,1,6425.0,47429635.0
2025-08-01 03:14:46 PM,6425.5,0,0.0,47429635.0
2025-08-01 03:14:49 PM,6425.5,17,109233.5,47538868.5
2025-08-01 03:14:55 PM,6425.5,1,6425.5,47545294.0
2025-08-01 03:14:57 PM,6425.0,1,6425.0,47551719.0
2025-08-01 03:15:01 PM,6426.0,12,77112.0,47628831.0
2025-08-01 03:15:08 PM,6426.0,1,6426.0,47635257.0
2025-08-01 03:15:21 PM,6425.5,0,0.0,47635257.0
2025-08-01 03:15:23 PM,6425.0,4,25700.0,47660957.0
2025-08-01 03:15:38 PM,6425.0,3,19275.0,47680232.0
2025-08-01 03:15:48 PM,6423.0,1,6423.0,47686655.0
2025-08-01 03:15:50 PM,6420.5,0,0.0,47686655.0
2025-08-01 03:15:53 PM,6420.5,10,64205.0,47750860.0
2025-08-01 03:16:02 PM,6420.5,25,160512.5,47911372.5
2025-08-01 03:16:05 PM,6420.0,0,0.0,47911372.5
2025-08-01 03:16:07 PM,6420.0,1,6420.0,47917792.5
2025-08-01 03:16:14 PM,6420.5,2,12841.0,47930633.5
2025-08-01 03:16:16 PM,6420.0,2,12840.0,47943473.5
2025-08-01 03:16:21 PM,6417.5,1,6417.5,47949891.0
2025-08-01 03:16:28 PM,6417.5,11,70592.5,48020483.5
2025-08-01 03:16:35 PM,6420.0,6,38520.0,48059003.5
2025-08-01 03:16:41 PM,6415.5,0,0.0,48059003.5
2025-08-01 03:16:42 PM,6415.5,11,70570.5,48129574.0
2025-08-01 03:16:46 PM,6419.0,0,0.0,48129574.0
2025-08-01 03:16:48 PM,6419.0,1,6419.0,48135993.0
2025-08-01 03:16:50 PM,6418.0,1,6418.0,48142411.0
2025-08-01 03:16:51 PM,6417.5,0,0.0,48142411.0
2025-08-01 03:16:55 PM,6417.5,1,6417.5,48148828.5
2025-08-01 03:17:15 PM,6416.5,0,0.0,48148828.5
2025-08-01 03:17:15 PM,6416.5,12,76998.0,48225826.5
2025-08-01 03:17:17 PM,6416.5,1,6416.5,48232243.0
2025-08-01 03:17:22 PM,6420.0,1,6420.0,48238663.0
2025-08-01 03:17:29 PM,6416.5,0,0.0,48238663.0
2025-08-01 03:17:30 PM,6416.5,1,6416.5,48245079.5
2025-08-01 03:17:34 PM,6416.0,0,0.0,48245079.5
2025-08-01 03:17:35 PM,6416.0,1,6416.0,48251495.5
2025-08-01 03:17:48 PM,6417.0,0,0.0,48251495.5
2025-08-01 03:17:49 PM,6417.0,3,19251.0,48270746.5
2025-08-01 03:17:54 PM,6415.0,2,12830.0,48283576.5
2025-08-01 03:18:07 PM,6415.0,1,6415.0,48289991.5
2025-08-01 03:18:09 PM,6416.0,1,6416.0,48296407.5
2025-08-01 03:18:13 PM,6415.0,0,0.0,48296407.5
2025-08-01 03:18:14 PM,6415.0,1,6415.0,48302822.5
2025-08-01 03:18:23 PM,6416.0,1,6416.0,48309238.5
2025-08-01 03:18:44 PM,6415.5,0,0.0,48309238.5
2025-08-01 03:18:47 PM,6415.5,5,32077.5,48341316.0
2025-08-01 03:19:00 PM,6415.0,27,173205.0,48514521.0
2025-08-01 03:19:06 PM,6414.5,4,25658.0,48540179.0
2025-08-01 03:19:08 PM,6412.0,0,0.0,48540179.0
2025-08-01 03:19:09 PM,6412.0,2,12824.0,48553003.0
2025-08-01 03:19:13 PM,6410.5,22,141031.0,48694034.0
2025-08-01 03:19:24 PM,6413.0,0,0.0,48694034.0
2025-08-01 03:19:27 PM,6413.0,9,57717.0,48751751.0
2025-08-01 03:19:33 PM,6412.0,1,6412.0,48758163.0
2025-08-01 03:19:41 PM,6412.0,2,12824.0,48770987.0
2025-08-01 03:19:46 PM,6412.0,2,12824.0,48783811.0
2025-08-01 03:19:48 PM,6412.0,2,12824.0,48796635.0
2025-08-01 03:19:52 PM,6412.0,1,6412.0,48803047.0
2025-08-01 03:19:54 PM,6408.0,0,0.0,48803047.0
2025-08-01 03:19:54 PM,6408.0,49,313992.0,49117039.0
2025-08-01 03:20:01 PM,6406.0,4,25624.0,49142663.0
2025-08-01 03:20:15 PM,6406.5,0,0.0,49142663.0
2025-08-01 03:20:16 PM,6408.0,32,205056.0,49347719.0
2025-08-01 03:20:21 PM,6406.5,1,6406.5,49354125.5
2025-08-01 03:20:31 PM,6409.0,6,38454.0,49392579.5
2025-08-01 03:20:38 PM,6408.5,0,0.0,49392579.5
2025-08-01 03:20:42 PM,6412.0,22,141064.0,49533643.5
2025-08-01 03:20:49 PM,6415.0,2,12830.0,49546473.5
2025-08-01 03:20:51 PM,6415.0,2,12830.0,49559303.5
2025-08-01 03:21:04 PM,6413.5,1,6413.5,49565717.0
2025-08-01 03:21:07 PM,6415.0,0,0.0,49565717.0
2025-08-01 03:21:09 PM,6415.0,5,32075.0,49597792.0
2025-08-01 03:21:17 PM,6415.0,1,6415.0,49604207.0
2025-08-01 03:21:23 PM,6415.0,1,6415.0,49610622.0
2025-08-01 03:21:35 PM,6414.0,0,0.0,49610622.0
2025-08-01 03:21:37 PM,6412.5,3,19237.5,49629859.5
2025-08-01 03:21:52 PM,6412.5,2,12825.0,49642684.5
2025-08-01 03:21:57 PM,6412.5,2,12825.0,49655509.5
2025-08-01 03:22:03 PM,6413.0,0,0.0,49655509.5
2025-08-01 03:22:03 PM,6413.0,4,25652.0,49681161.5
2025-08-01 03:22:17 PM,6413.0,3,19239.0,49700400.5
2025-08-01 03:22:38 PM,6413.0,3,19239.0,49719639.5
2025-08-01 03:22:43 PM,6413.5,0,0.0,49719639.5
2025-08-01 03:22:44 PM,6413.0,3,19239.0,49738878.5
2025-08-01 03:22:51 PM,6413.5,3,19240.5,49758119.0
2025-08-01 03:23:04 PM,6413.5,26,166751.0,49924870.0
2025-08-01 03:23:06 PM,6415.0,4,25660.0,49950530.0
2025-08-01 03:23:10 PM,6413.5,0,0.0,49950530.0
2025-08-01 03:23:10 PM,6413.5,1,6413.5,49956943.5
2025-08-01 03:23:17 PM,6414.5,5,32072.5,49989016.0
2025-08-01 03:23:30 PM,6414.0,0,0.0,49989016.0
2025-08-01 03:23:31 PM,6414.0,1,6414.0,49995430.0
2025-08-01 03:23:37 PM,6415.0,12,76980.0,50072410.0
2025-08-01 03:23:50 PM,6414.0,0,0.0,50072410.0
2025-08-01 03:23:52 PM,6414.0,2,12828.0,50085238.0
2025-08-01 03:24:03 PM,6414.5,3,19243.5,50104481.5
2025-08-01 03:24:08 PM,6414.0,0,0.0,50104481.5
2025-08-01 03:24:10 PM,6414.0,8,51312.0,50155793.5
2025-08-01 03:24:19 PM,6415.0,0,0.0,50155793.5
2025-08-01 03:24:19 PM,6415.0,15,96225.0,50252018.5
2025-08-01 03:24:26 PM,6414.5,1,6414.5,50258433.0
2025-08-01 03:24:37 PM,6414.5,2,12829.0,50271262.0
2025-08-01 03:24:39 PM,6413.5,0,0.0,50271262.0
2025-08-01 03:24:39 PM,6413.5,75,481012.5,50752274.5
2025-08-01 03:24:44 PM,6413.0,2,12826.0,50765100.5
2025-08-01 03:24:51 PM,6413.0,4,25652.0,50790752.5
2025-08-01 03:24:57 PM,6413.0,2,12826.0,50803578.5
2025-08-01 03:25:10 PM,6413.0,23,147499.0,50951077.5
2025-08-01 03:25:12 PM,6413.5,1,6413.5,50957491.0
2025-08-01 03:25:24 PM,6413.5,1,6413.5,50963904.5
2025-08-01 03:25:30 PM,6413.0,8,51304.0,51015208.5
2025-08-01 03:25:37 PM,6413.0,1,6413.0,51021621.5
2025-08-01 03:25:38 PM,6413.0,2,12826.0,51034447.5
2025-08-01 03:25:44 PM,6413.0,2,12826.0,51047273.5
2025-08-01 03:25:49 PM,6413.5,0,0.0,51047273.5
2025-08-01 03:25:49 PM,6413.5,2,12827.0,51060100.5
2025-08-01 03:25:51 PM,6413.5,2,12827.0,51072927.5
2025-08-01 03:25:56 PM,6413.0,25,160325.0,51233252.5
2025-08-01 03:25:59 PM,6413.5,0,0.0,51233252.5
2025-08-01 03:26:02 PM,6413.5,4,25654.0,51258906.5
2025-08-01 03:26:09 PM,6413.0,2,12826.0,51271732.5
2025-08-01 03:26:17 PM,6413.0,1,6413.0,51278145.5
2025-08-01 03:26:23 PM,6413.0,3,19239.0,51297384.5
2025-08-01 03:26:29 PM,6413.5,0,0.0,51297384.5
2025-08-01 03:26:30 PM,6413.5,10,64135.0,51361519.5
2025-08-01 03:26:31 PM,6413.0,5,32065.0,51393584.5
2025-08-01 03:26:32 PM,6413.5,0,0.0,51393584.5
2025-08-01 03:26:36 PM,6413.5,11,70548.5,51464133.0
2025-08-01 03:26:44 PM,6413.5,1,6413.5,51470546.5
2025-08-01 03:26:57 PM,6413.0,2,12826.0,51483372.5
2025-08-01 03:27:02 PM,6413.5,5,32067.5,51515440.0
2025-08-01 03:27:16 PM,6413.0,1,6413.0,51521853.0
2025-08-01 03:27:23 PM,6413.0,37,237281.0,51759134.0
2025-08-01 03:27:32 PM,6412.0,2,12824.0,51771958.0
2025-08-01 03:27:38 PM,6412.5,1,6412.5,51778370.5
2025-08-01 03:27:51 PM,6412.0,0,0.0,51778370.5
2025-08-01 03:27:52 PM,6412.0,1,6412.0,51784782.5
2025-08-01 03:27:54 PM,6412.5,1,6412.5,51791195.0
2025-08-01 03:27:59 PM,6412.5,7,44887.5,51836082.5
2025-08-01 03:28:05 PM,6422.0,0,0.0,51836082.5
2025-08-01 03:28:05 PM,6422.0,31,199082.0,52035164.5
2025-08-01 03:28:07 PM,6422.0,1,6422.0,52041586.5
2025-08-01 03:28:12 PM,6412.5,10,64125.0,52105711.5
2025-08-01 03:28:26 PM,6421.5,4,25686.0,52131397.5
2025-08-01 03:28:34 PM,6412.5,8,51300.0,52182697.5
2025-08-01 03:28:36 PM,6412.5,1,6412.5,52189110.0
2025-08-01 03:28:40 PM,6406.0,54,345924.0,52535034.0
2025-08-01 03:28:53 PM,6407.5,0,0.0,52535034.0
2025-08-01 03:28:54 PM,6407.5,3,19222.5,52554256.5
2025-08-01 03:29:08 PM,6406.5,6,38439.0,52592695.5
2025-08-01 03:29:16 PM,6407.0,0,0.0,52592695.5
2025-08-01 03:29:17 PM,6407.0,3,19221.0,52611916.5
2025-08-01 03:29:19 PM,6407.0,1,6407.0,52618323.5
2025-08-01 03:29:23 PM,6407.5,0,0.0,52618323.5
2025-08-01 03:29:24 PM,6407.5,11,70482.5,52688806.0
2025-08-01 03:29:26 PM,6406.0,14,89684.0,52778490.0
2025-08-01 03:29:34 PM,6406.0,1,6406.0,52784896.0
2025-08-01 03:29:40 PM,6406.0,4,25624.0,52810520.0
2025-08-01 03:29:49 PM,6407.0,1,6407.0,52816927.0
