date,price,qty,trnvr,cum_trnvr
2025-08-01 09:15:00 AM,532.5,88846,47310495.0,47310495.0
2025-08-01 09:15:00 AM,530.1,5935,3146143.5,50456638.5
2025-08-01 09:15:00 AM,531.8,0,0.0,50456638.5
2025-08-01 09:15:00 AM,530.0,0,0.0,50456638.5
2025-08-01 09:15:01 AM,532.0,14844,7897008.0,58353646.5
2025-08-01 09:15:01 AM,532.65,0,0.0,58353646.5
2025-08-01 09:15:02 AM,533.0,12821,6833593.0,65187239.5
2025-08-01 09:15:02 AM,533.0,54,28782.0,65216021.5
2025-08-01 09:15:03 AM,532.5,17715,9433237.5,74649259.0
2025-08-01 09:15:03 AM,532.5,340,181050.0,74830309.0
2025-08-01 09:15:03 AM,533.75,0,0.0,74830309.0
2025-08-01 09:15:04 AM,533.75,9151,4884346.25,79714655.25
2025-08-01 09:15:04 AM,533.75,1701,907908.75,80622564.0
2025-08-01 09:15:04 AM,535.0,0,0.0,80622564.0
2025-08-01 09:15:05 AM,535.95,64073,34339924.35,114962488.35
2025-08-01 09:15:05 AM,537.8,1227,659880.6,115622368.94999999
2025-08-01 09:15:05 AM,538.0,0,0.0,115622368.94999999
2025-08-01 09:15:06 AM,537.85,7226,3886504.1,119508873.04999998
2025-08-01 09:15:06 AM,538.75,0,0.0,119508873.04999998
2025-08-01 09:15:07 AM,538.85,8755,4717631.75,124226504.79999998
2025-08-01 09:15:07 AM,537.95,760,408842.00000000006,124635346.79999998
2025-08-01 09:15:07 AM,538.9,0,0.0,124635346.79999998
2025-08-01 09:15:08 AM,538.2,21582,11615432.4,136250779.2
2025-08-01 09:15:08 AM,538.35,173,93134.55,136343913.75
2025-08-01 09:15:08 AM,535.0,0,0.0,136343913.75
2025-08-01 09:15:08 AM,537.05,0,0.0,136343913.75
2025-08-01 09:15:09 AM,537.0,19249,10336713.0,146680626.75
2025-08-01 09:15:09 AM,538.25,98,52748.5,146733375.25
2025-08-01 09:15:10 AM,537.75,5242,2818885.5,149552260.75
2025-08-01 09:15:10 AM,538.0,10,5380.0,149557640.75
2025-08-01 09:15:10 AM,538.9,0,0.0,149557640.75
2025-08-01 09:15:11 AM,537.2,5864,3150140.8000000003,152707781.55
2025-08-01 09:15:11 AM,536.95,100,53695.00000000001,152761476.55
2025-08-01 09:15:12 AM,534.95,13345,7138907.750000001,159900384.3
2025-08-01 09:15:12 AM,535.75,1032,552894.0,160453278.3
2025-08-01 09:15:12 AM,535.95,0,0.0,160453278.3
2025-08-01 09:15:12 AM,536.45,0,0.0,160453278.3
2025-08-01 09:15:13 AM,536.6,2697,1447210.2,161900488.5
2025-08-01 09:15:13 AM,537.0,2049,1100313.0,163000801.5
2025-08-01 09:15:13 AM,536.45,0,0.0,163000801.5
2025-08-01 09:15:14 AM,536.6,6217,3336042.2,166336843.7
2025-08-01 09:15:14 AM,535.5,120,64260.0,166401103.7
2025-08-01 09:15:14 AM,535.75,0,0.0,166401103.7
2025-08-01 09:15:14 AM,534.5,0,0.0,166401103.7
2025-08-01 09:15:15 AM,534.9,13147,7032330.3,173433434.0
2025-08-01 09:15:15 AM,534.85,127,67925.95,173501359.95
2025-08-01 09:15:15 AM,533.9,0,0.0,173501359.95
2025-08-01 09:15:16 AM,533.0,12016,6404528.0,179905887.95
2025-08-01 09:15:16 AM,533.05,2,1066.1,179906954.04999998
2025-08-01 09:15:16 AM,534.4,0,0.0,179906954.04999998
2025-08-01 09:15:16 AM,533.55,0,0.0,179906954.04999998
2025-08-01 09:15:17 AM,533.75,5815,3103756.25,183010710.29999998
2025-08-01 09:15:17 AM,533.8,2346,1252294.7999999998,184263005.1
2025-08-01 09:15:17 AM,534.55,0,0.0,184263005.1
2025-08-01 09:15:18 AM,533.95,4739,2530389.0500000003,186793394.15
2025-08-01 09:15:18 AM,534.5,5,2672.5,186796066.65
2025-08-01 09:15:18 AM,533.9,0,0.0,186796066.65
2025-08-01 09:15:18 AM,534.1,0,0.0,186796066.65
2025-08-01 09:15:19 AM,534.2,3282,1753244.4000000001,188549311.05
2025-08-01 09:15:19 AM,534.2,1,534.2,188549845.25
2025-08-01 09:15:19 AM,534.25,0,0.0,188549845.25
2025-08-01 09:15:19 AM,534.45,0,0.0,188549845.25
2025-08-01 09:15:20 AM,534.65,8129,4346169.85,192896015.1
2025-08-01 09:15:20 AM,534.6,470,251262.0,193147277.1
2025-08-01 09:15:20 AM,536.1,0,0.0,193147277.1
2025-08-01 09:15:21 AM,536.1,1658,888853.8,194036130.9
2025-08-01 09:15:21 AM,535.95,0,0.0,194036130.9
2025-08-01 09:15:21 AM,535.7,0,0.0,194036130.9
2025-08-01 09:15:22 AM,535.45,5655,3027969.7500000005,197064100.65
2025-08-01 09:15:22 AM,536.55,30,16096.499999999998,197080197.15
2025-08-01 09:15:22 AM,535.55,0,0.0,197080197.15
2025-08-01 09:15:23 AM,536.75,6055,3250021.25,200330218.4
2025-08-01 09:15:23 AM,538.0,5931,3190878.0,203521096.4
2025-08-01 09:15:23 AM,537.95,0,0.0,203521096.4
2025-08-01 09:15:24 AM,537.0,837,449469.0,203970565.4
2025-08-01 09:15:24 AM,537.9,220,118338.0,204088903.4
2025-08-01 09:15:24 AM,538.0,0,0.0,204088903.4
2025-08-01 09:15:25 AM,538.0,2473,1330474.0,205419377.4
2025-08-01 09:15:25 AM,538.75,704,379280.0,205798657.4
2025-08-01 09:15:25 AM,538.05,0,0.0,205798657.4
2025-08-01 09:15:25 AM,538.85,0,0.0,205798657.4
2025-08-01 09:15:26 AM,537.85,2012,1082154.2,206880811.6
2025-08-01 09:15:26 AM,538.05,77,41429.85,206922241.45
2025-08-01 09:15:26 AM,537.75,0,0.0,206922241.45
2025-08-01 09:15:27 AM,538.45,5246,2824708.7,209746950.14999998
2025-08-01 09:15:27 AM,538.45,65,34999.25,209781949.39999998
2025-08-01 09:15:27 AM,538.0,0,0.0,209781949.39999998
2025-08-01 09:15:27 AM,538.6,0,0.0,209781949.39999998
2025-08-01 09:15:28 AM,538.15,8862,4769085.3,214551034.7
2025-08-01 09:15:28 AM,538.8,1520,818975.9999999999,215370010.7
2025-08-01 09:15:29 AM,538.8,3415,1840001.9999999998,217210012.7
2025-08-01 09:15:29 AM,538.45,541,291301.45,217501314.14999998
2025-08-01 09:15:29 AM,538.5,0,0.0,217501314.14999998
2025-08-01 09:15:29 AM,539.0,0,0.0,217501314.14999998
2025-08-01 09:15:30 AM,539.0,17183,9261637.0,226762951.14999998
2025-08-01 09:15:30 AM,538.05,565,303998.25,227066949.39999998
2025-08-01 09:15:30 AM,538.7,0,0.0,227066949.39999998
2025-08-01 09:15:31 AM,538.7,960,517152.00000000006,227584101.39999998
2025-08-01 09:15:31 AM,539.0,1938,1044582.0,228628683.39999998
2025-08-01 09:15:31 AM,538.75,0,0.0,228628683.39999998
2025-08-01 09:15:31 AM,538.45,0,0.0,228628683.39999998
2025-08-01 09:15:32 AM,538.9,3987,2148594.3,230777277.7
2025-08-01 09:15:32 AM,539.9,16824,9083277.6,239860555.29999998
2025-08-01 09:15:32 AM,539.85,0,0.0,239860555.29999998
2025-08-01 09:15:32 AM,539.0,0,0.0,239860555.29999998
2025-08-01 09:15:33 AM,539.0,3383,1823437.0,241683992.29999998
2025-08-01 09:15:33 AM,539.45,6115,3298736.7500000005,244982729.04999998
2025-08-01 09:15:33 AM,539.9,0,0.0,244982729.04999998
2025-08-01 09:15:34 AM,539.85,6022,3250976.7,248233705.74999997
2025-08-01 09:15:34 AM,539.75,7231,3902932.25,252136637.99999997
2025-08-01 09:15:35 AM,539.0,974,524986.0,252661623.99999997
2025-08-01 09:15:35 AM,537.8,5422,2915951.5999999996,255577575.59999996
2025-08-01 09:15:35 AM,537.95,0,0.0,255577575.59999996
2025-08-01 09:15:35 AM,538.0,0,0.0,255577575.59999996
2025-08-01 09:15:36 AM,537.1,4162,2235410.2,257812985.79999995
2025-08-01 09:15:36 AM,537.45,1843,990520.3500000001,258803506.14999995
2025-08-01 09:15:36 AM,537.8,0,0.0,258803506.14999995
2025-08-01 09:15:36 AM,537.65,0,0.0,258803506.14999995
2025-08-01 09:15:36 AM,537.65,4567,2455447.55,261258953.69999996
2025-08-01 09:15:37 AM,536.65,1773,951480.45,262210434.14999995
2025-08-01 09:15:37 AM,537.2,0,0.0,262210434.14999995
2025-08-01 09:15:37 AM,537.3,0,0.0,262210434.14999995
2025-08-01 09:15:37 AM,537.3,2206,1185283.7999999998,263395717.94999996
2025-08-01 09:15:38 AM,536.85,750,402637.5,263798355.44999996
2025-08-01 09:15:38 AM,537.45,0,0.0,263798355.44999996
2025-08-01 09:15:38 AM,537.85,0,0.0,263798355.44999996
2025-08-01 09:15:38 AM,537.85,2580,1387653.0,265186008.44999996
2025-08-01 09:15:39 AM,537.9,243,130709.7,265316718.14999995
2025-08-01 09:15:39 AM,537.15,0,0.0,265316718.14999995
2025-08-01 09:15:39 AM,538.0,0,0.0,265316718.14999995
2025-08-01 09:15:40 AM,536.9,7353,3947825.6999999997,269264543.84999996
2025-08-01 09:15:40 AM,535.75,0,0.0,269264543.84999996
2025-08-01 09:15:40 AM,535.75,1143,612362.25,269876906.09999996
2025-08-01 09:15:41 AM,535.95,4709,2523788.5500000003,272400694.65
2025-08-01 09:15:41 AM,536.15,0,0.0,272400694.65
2025-08-01 09:15:41 AM,536.15,703,376913.45,272777608.09999996
2025-08-01 09:15:42 AM,535.85,415,222377.75,272999985.84999996
2025-08-01 09:15:42 AM,536.05,0,0.0,272999985.84999996
2025-08-01 09:15:42 AM,535.35,1583,847459.05,273847444.9
2025-08-01 09:15:43 AM,535.75,4089,2190681.75,276038126.65
2025-08-01 09:15:43 AM,536.2,0,0.0,276038126.65
2025-08-01 09:15:43 AM,536.2,5234,2806470.8000000003,278844597.45
2025-08-01 09:15:43 AM,536.5,0,0.0,278844597.45
2025-08-01 09:15:44 AM,536.0,1525,817400.0,279661997.45
2025-08-01 09:15:44 AM,536.95,5040,2706228.0,282368225.45
2025-08-01 09:15:44 AM,537.2,0,0.0,282368225.45
2025-08-01 09:15:45 AM,538.0,5562,2992356.0,285360581.45
2025-08-01 09:15:45 AM,537.15,1419,762215.85,286122797.3
2025-08-01 09:15:45 AM,537.8,0,0.0,286122797.3
2025-08-01 09:15:45 AM,538.0,0,0.0,286122797.3
2025-08-01 09:15:46 AM,537.2,400,214880.00000000003,286337677.3
2025-08-01 09:15:46 AM,538.0,830,446540.0,286784217.3
2025-08-01 09:15:46 AM,537.3,0,0.0,286784217.3
2025-08-01 09:15:47 AM,538.0,56,30128.0,286814345.3
2025-08-01 09:15:47 AM,538.45,3808,2050417.6,288864762.90000004
2025-08-01 09:15:47 AM,537.9,0,0.0,288864762.90000004
2025-08-01 09:15:47 AM,537.8,0,0.0,288864762.90000004
2025-08-01 09:15:48 AM,538.0,5742,3089196.0,291953958.90000004
2025-08-01 09:15:48 AM,538.0,505,271690.0,292225648.90000004
2025-08-01 09:15:48 AM,537.25,0,0.0,292225648.90000004
2025-08-01 09:15:49 AM,537.05,1637,879150.85,293104799.75000006
2025-08-01 09:15:49 AM,537.85,0,0.0,293104799.75000006
2025-08-01 09:15:50 AM,538.0,3624,1949712.0,295054511.75000006
2025-08-01 09:15:50 AM,538.7,0,0.0,295054511.75000006
2025-08-01 09:15:50 AM,538.05,0,0.0,295054511.75000006
2025-08-01 09:15:51 AM,538.0,1539,827982.0,295882493.75000006
2025-08-01 09:15:51 AM,538.35,220,118437.0,296000930.75000006
2025-08-01 09:15:51 AM,538.9,0,0.0,296000930.75000006
2025-08-01 09:15:51 AM,538.8,0,0.0,296000930.75000006
2025-08-01 09:15:52 AM,538.1,2340,1259154.0,297260084.75000006
2025-08-01 09:15:52 AM,538.1,100,53810.0,297313894.75000006
2025-08-01 09:15:52 AM,538.15,0,0.0,297313894.75000006
2025-08-01 09:15:52 AM,538.75,0,0.0,297313894.75000006
2025-08-01 09:15:53 AM,538.85,1292,696194.2000000001,298010088.95000005
2025-08-01 09:15:53 AM,538.1,0,0.0,298010088.95000005
2025-08-01 09:15:54 AM,538.65,1209,651227.85,298661316.8000001
2025-08-01 09:15:54 AM,538.15,200,107630.0,298768946.8000001
2025-08-01 09:15:54 AM,538.65,0,0.0,298768946.8000001
2025-08-01 09:15:54 AM,537.5,0,0.0,298768946.8000001
2025-08-01 09:15:55 AM,538.05,4857,2613308.8499999996,301382255.6500001
2025-08-01 09:15:55 AM,538.6,0,0.0,301382255.6500001
2025-08-01 09:15:55 AM,538.1,0,0.0,301382255.6500001
2025-08-01 09:15:56 AM,538.95,4487,2418268.6500000004,303800524.3000001
2025-08-01 09:15:56 AM,538.2,20,10764.0,303811288.3000001
2025-08-01 09:15:56 AM,538.95,0,0.0,303811288.3000001
2025-08-01 09:15:56 AM,539.0,0,0.0,303811288.3000001
2025-08-01 09:15:57 AM,539.0,1492,804188.0,304615476.3000001
2025-08-01 09:15:57 AM,538.8,1854,998935.2,305614411.50000006
2025-08-01 09:15:58 AM,538.75,2658,1431997.5,307046409.00000006
2025-08-01 09:15:58 AM,539.0,2698,1454222.0,308500631.00000006
2025-08-01 09:15:58 AM,538.85,0,0.0,308500631.00000006
2025-08-01 09:15:59 AM,538.85,8286,4464911.100000001,312965542.1000001
2025-08-01 09:15:59 AM,538.85,123,66278.55,313031820.6500001
2025-08-01 09:16:00 AM,538.25,25,13456.25,313045276.9000001
2025-08-01 09:16:00 AM,539.0,976,526064.0,313571340.9000001
2025-08-01 09:16:00 AM,538.9,0,0.0,313571340.9000001
2025-08-01 09:16:00 AM,538.25,0,0.0,313571340.9000001
2025-08-01 09:16:01 AM,538.75,1696,913720.0,314485060.9000001
2025-08-01 09:16:01 AM,538.75,20,10775.0,314495835.9000001
2025-08-01 09:16:01 AM,538.95,0,0.0,314495835.9000001
2025-08-01 09:16:01 AM,539.0,0,0.0,314495835.9000001
2025-08-01 09:16:02 AM,539.0,3747,2019633.0,316515468.9000001
2025-08-01 09:16:02 AM,538.6,18,9694.800000000001,316525163.7000001
2025-08-01 09:16:02 AM,539.5,0,0.0,316525163.7000001
2025-08-01 09:16:03 AM,538.9,8221,4430296.899999999,320955460.6000001
2025-08-01 09:16:03 AM,539.65,0,0.0,320955460.6000001
2025-08-01 09:16:03 AM,539.0,0,0.0,320955460.6000001
2025-08-01 09:16:04 AM,539.0,586,315854.0,321271314.6000001
2025-08-01 09:16:04 AM,540.0,22183,11978820.0,333250134.6000001
2025-08-01 09:16:04 AM,540.8,0,0.0,333250134.6000001
2025-08-01 09:16:05 AM,540.0,6249,3374460.0,336624594.6000001
2025-08-01 09:16:05 AM,539.9,320,172768.0,336797362.6000001
2025-08-01 09:16:05 AM,540.4,0,0.0,336797362.6000001
2025-08-01 09:16:06 AM,540.35,376,203171.6,337000534.2000001
2025-08-01 09:16:06 AM,540.15,2457,1327148.55,338327682.7500001
2025-08-01 09:16:07 AM,539.7,1782,961745.4,339289428.1500001
2025-08-01 09:16:07 AM,540.0,745,402300.0,339691728.1500001
2025-08-01 09:16:07 AM,540.4,0,0.0,339691728.1500001
2025-08-01 09:16:08 AM,540.5,1354,731837.0,340423565.1500001
2025-08-01 09:16:08 AM,540.45,806,435602.7,340859167.8500001
2025-08-01 09:16:09 AM,540.0,66,35640.0,340894807.8500001
2025-08-01 09:16:09 AM,539.6,0,0.0,340894807.8500001
2025-08-01 09:16:09 AM,539.9,0,0.0,340894807.8500001
2025-08-01 09:16:09 AM,539.9,1557,840624.2999999999,341735432.1500001
2025-08-01 09:16:10 AM,540.0,1384,747360.0,342482792.1500001
2025-08-01 09:16:10 AM,540.9,0,0.0,342482792.1500001
2025-08-01 09:16:11 AM,539.9,7607,4107019.3,346589811.4500001
2025-08-01 09:16:11 AM,540.55,0,0.0,346589811.4500001
2025-08-01 09:16:11 AM,540.15,0,0.0,346589811.4500001
2025-08-01 09:16:12 AM,540.5,3925,2121462.5,348711273.9500001
2025-08-01 09:16:12 AM,540.75,29,15681.75,348726955.7000001
2025-08-01 09:16:12 AM,541.4,0,0.0,348726955.7000001
2025-08-01 09:16:13 AM,541.75,7289,3948815.75,352675771.4500001
2025-08-01 09:16:13 AM,541.8,1251,677791.7999999999,353353563.2500001
2025-08-01 09:16:13 AM,540.95,0,0.0,353353563.2500001
2025-08-01 09:16:13 AM,540.8,0,0.0,353353563.2500001
2025-08-01 09:16:14 AM,540.75,4667,2523680.25,355877243.5000001
2025-08-01 09:16:14 AM,541.0,1411,763351.0,356640594.5000001
2025-08-01 09:16:14 AM,541.7,0,0.0,356640594.5000001
2025-08-01 09:16:15 AM,542.2,13445,7289879.000000001,363930473.5000001
2025-08-01 09:16:15 AM,542.15,1053,570883.95,364501357.4500001
2025-08-01 09:16:15 AM,541.9,0,0.0,364501357.4500001
2025-08-01 09:16:15 AM,542.0,0,0.0,364501357.4500001
2025-08-01 09:16:16 AM,541.95,1771,959793.4500000001,365461150.9000001
2025-08-01 09:16:16 AM,541.9,1175,636732.5,366097883.4000001
2025-08-01 09:16:16 AM,543.9,0,0.0,366097883.4000001
2025-08-01 09:16:16 AM,544.0,0,0.0,366097883.4000001
2025-08-01 09:16:17 AM,544.0,16666,9066304.0,375164187.4000001
2025-08-01 09:16:17 AM,542.95,7465,4053121.7500000005,379217309.1500001
2025-08-01 09:16:17 AM,543.55,0,0.0,379217309.1500001
2025-08-01 09:16:17 AM,542.45,0,0.0,379217309.1500001
2025-08-01 09:16:18 AM,543.4,1758,955297.2,380172606.3500001
2025-08-01 09:16:18 AM,543.25,5469,2971034.25,383143640.6000001
2025-08-01 09:16:18 AM,542.65,0,0.0,383143640.6000001
2025-08-01 09:16:18 AM,542.65,293,158996.44999999998,383302637.0500001
2025-08-01 09:16:19 AM,542.7,0,0.0,383302637.0500001
2025-08-01 09:16:19 AM,543.55,8859,4815309.449999999,388117946.50000006
2025-08-01 09:16:20 AM,543.7,7259,3946718.3000000003,392064664.8000001
2025-08-01 09:16:20 AM,544.1,0,0.0,392064664.8000001
2025-08-01 09:16:20 AM,543.45,0,0.0,392064664.8000001
2025-08-01 09:16:20 AM,544.3,3302,1797278.5999999999,393861943.4000001
2025-08-01 09:16:21 AM,544.0,0,0.0,393861943.4000001
2025-08-01 09:16:21 AM,544.0,3682,2003008.0,395864951.4000001
2025-08-01 09:16:21 AM,543.25,0,0.0,395864951.4000001
2025-08-01 09:16:21 AM,543.25,350,190137.5,396055088.9000001
2025-08-01 09:16:22 AM,544.3,0,0.0,396055088.9000001
2025-08-01 09:16:22 AM,543.55,0,0.0,396055088.9000001
2025-08-01 09:16:22 AM,543.55,9479,5152310.449999999,401207399.3500001
2025-08-01 09:16:23 AM,543.75,0,0.0,401207399.3500001
2025-08-01 09:16:23 AM,544.5,0,0.0,401207399.3500001
2025-08-01 09:16:23 AM,544.5,5500,2994750.0,404202149.3500001
2025-08-01 09:16:24 AM,544.5,10,5445.0,404207594.3500001
2025-08-01 09:16:24 AM,544.0,0,0.0,404207594.3500001
2025-08-01 09:16:24 AM,544.1,0,0.0,404207594.3500001
2025-08-01 09:16:24 AM,544.1,9550,5196155.0,409403749.3500001
2025-08-01 09:16:25 AM,544.85,227,123680.95000000001,409527430.3000001
2025-08-01 09:16:25 AM,544.9,0,0.0,409527430.3000001
2025-08-01 09:16:25 AM,544.5,0,0.0,409527430.3000001
2025-08-01 09:16:25 AM,544.5,19870,10819215.0,420346645.3000001
2025-08-01 09:16:26 AM,544.5,266,144837.0,420491482.3000001
2025-08-01 09:16:26 AM,545.0,0,0.0,420491482.3000001
2025-08-01 09:16:26 AM,544.95,0,0.0,420491482.3000001
2025-08-01 09:16:26 AM,544.95,7893,4301290.350000001,424792772.6500001
2025-08-01 09:16:27 AM,546.6,16395,8961507.0,433754279.6500001
2025-08-01 09:16:27 AM,545.65,0,0.0,433754279.6500001
2025-08-01 09:16:27 AM,545.8,2448,1336118.4,435090398.0500001
2025-08-01 09:16:27 AM,545.9,0,0.0,435090398.0500001
2025-08-01 09:16:28 AM,545.8,2787,1521144.5999999999,436611542.6500001
2025-08-01 09:16:28 AM,546.15,0,0.0,436611542.6500001
2025-08-01 09:16:28 AM,546.15,4163,2273622.4499999997,438885165.1000001
2025-08-01 09:16:28 AM,545.55,0,0.0,438885165.1000001
2025-08-01 09:16:29 AM,545.6,1755,957528.0,439842693.1000001
2025-08-01 09:16:29 AM,545.95,0,0.0,439842693.1000001
2025-08-01 09:16:29 AM,545.9,7482,4084423.8,443927116.9000001
2025-08-01 09:16:29 AM,545.3,0,0.0,443927116.9000001
2025-08-01 09:16:30 AM,546.2,2990,1633138.0000000002,445560254.9000001
2025-08-01 09:16:30 AM,545.85,0,0.0,445560254.9000001
2025-08-01 09:16:30 AM,545.85,1252,683404.2000000001,446243659.1000001
2025-08-01 09:16:30 AM,546.0,0,0.0,446243659.1000001
2025-08-01 09:16:31 AM,546.0,18837,10285002.0,456528661.1000001
2025-08-01 09:16:31 AM,545.5,0,0.0,456528661.1000001
2025-08-01 09:16:31 AM,545.0,191,104095.0,456632756.1000001
2025-08-01 09:16:31 AM,544.85,0,0.0,456632756.1000001
2025-08-01 09:16:32 AM,545.35,6205,3383896.75,460016652.8500001
2025-08-01 09:16:32 AM,545.05,0,0.0,460016652.8500001
2025-08-01 09:16:33 AM,546.3,19603,10709118.899999999,470725771.75000006
2025-08-01 09:16:33 AM,546.3,23,12564.9,470738336.65000004
2025-08-01 09:16:33 AM,546.8,0,0.0,470738336.65000004
2025-08-01 09:16:34 AM,547.0,0,0.0,470738336.65000004
2025-08-01 09:16:34 AM,546.45,8968,4900563.600000001,475638900.25000006
2025-08-01 09:16:34 AM,546.4,350,191240.0,475830140.25000006
2025-08-01 09:16:35 AM,546.9,0,0.0,475830140.25000006
2025-08-01 09:16:35 AM,546.45,1834,1002189.3,476832329.5500001
2025-08-01 09:16:35 AM,546.9,0,0.0,476832329.5500001
2025-08-01 09:16:35 AM,546.9,300,164070.0,476996399.5500001
2025-08-01 09:16:36 AM,547.15,0,0.0,476996399.5500001
2025-08-01 09:16:36 AM,547.15,7969,4360238.35,481356637.9000001
2025-08-01 09:16:36 AM,546.9,0,0.0,481356637.9000001
2025-08-01 09:16:36 AM,546.8,1413,772628.3999999999,482129266.3000001
2025-08-01 09:16:37 AM,547.45,0,0.0,482129266.3000001
2025-08-01 09:16:37 AM,547.45,4896,2680315.2,484809581.50000006
2025-08-01 09:16:37 AM,546.8,0,0.0,484809581.50000006
2025-08-01 09:16:38 AM,546.7,828,452667.60000000003,485262249.1000001
2025-08-01 09:16:38 AM,547.45,0,0.0,485262249.1000001
2025-08-01 09:16:38 AM,547.15,6595,3608454.25,488870703.3500001
2025-08-01 09:16:38 AM,547.5,0,0.0,488870703.3500001
2025-08-01 09:16:39 AM,547.15,867,474379.05,489345082.4000001
2025-08-01 09:16:39 AM,547.15,12249,6702040.35,496047122.7500001
2025-08-01 09:16:39 AM,547.9,0,0.0,496047122.7500001
2025-08-01 09:16:40 AM,547.5,2650,1450875.0,497497997.7500001
2025-08-01 09:16:40 AM,548.25,0,0.0,497497997.7500001
2025-08-01 09:16:40 AM,548.3,11704,6417303.199999999,503915300.9500001
2025-08-01 09:16:40 AM,548.25,0,0.0,503915300.9500001
2025-08-01 09:16:41 AM,547.7,11558,6330316.600000001,510245617.55000013
2025-08-01 09:16:41 AM,547.2,0,0.0,510245617.55000013
2025-08-01 09:16:41 AM,547.05,3455,1890057.7499999998,512135675.30000013
2025-08-01 09:16:41 AM,547.75,0,0.0,512135675.30000013
2025-08-01 09:16:42 AM,548.3,11965,6560409.499999999,518696084.80000013
2025-08-01 09:16:42 AM,547.15,0,0.0,518696084.80000013
2025-08-01 09:16:42 AM,547.15,10950,5991292.5,524687377.30000013
2025-08-01 09:16:42 AM,547.8,0,0.0,524687377.30000013
2025-08-01 09:16:43 AM,547.3,9777,5350952.1,530038329.40000015
2025-08-01 09:16:43 AM,547.65,754,412928.1,530451257.5000002
2025-08-01 09:16:43 AM,547.75,0,0.0,530451257.5000002
2025-08-01 09:16:44 AM,547.8,7941,4350079.8,534801337.3000002
2025-08-01 09:16:44 AM,548.0,2000,1096000.0,535897337.3000002
2025-08-01 09:16:44 AM,547.15,0,0.0,535897337.3000002
2025-08-01 09:16:44 AM,547.9,0,0.0,535897337.3000002
2025-08-01 09:16:45 AM,546.5,10838,5922967.0,541820304.3000002
2025-08-01 09:16:45 AM,546.6,220,120252.0,541940556.3000002
2025-08-01 09:16:45 AM,546.05,0,0.0,541940556.3000002
2025-08-01 09:16:46 AM,546.55,11589,6333967.949999999,548274524.2500002
2025-08-01 09:16:46 AM,546.35,0,0.0,548274524.2500002
2025-08-01 09:16:47 AM,547.15,6565,3592039.75,551866564.0000002
2025-08-01 09:16:47 AM,547.15,200,109430.0,551975994.0000002
2025-08-01 09:16:48 AM,546.65,2150,1175297.5,553151291.5000002
2025-08-01 09:16:49 AM,546.65,164,89650.59999999999,553240942.1000003
2025-08-01 09:16:49 AM,547.3,3186,1743697.7999999998,554984639.9000002
2025-08-01 09:16:49 AM,546.6,0,0.0,554984639.9000002
2025-08-01 09:16:49 AM,547.25,0,0.0,554984639.9000002
2025-08-01 09:16:50 AM,546.65,1708,933678.2,555918318.1000003
2025-08-01 09:16:50 AM,547.0,1742,952874.0,556871192.1000003
2025-08-01 09:16:51 AM,546.55,1504,822011.2,557693203.3000003
2025-08-01 09:16:51 AM,546.1,3956,2160371.6,559853574.9000003
2025-08-01 09:16:52 AM,546.45,1266,691805.7000000001,560545380.6000004
2025-08-01 09:16:52 AM,547.0,6299,3445553.0,563990933.6000004
2025-08-01 09:16:52 AM,546.2,0,0.0,563990933.6000004
2025-08-01 09:16:52 AM,546.65,0,0.0,563990933.6000004
2025-08-01 09:16:53 AM,545.8,561,306193.8,564297127.4000003
2025-08-01 09:16:53 AM,546.0,953,520338.0,564817465.4000003
2025-08-01 09:16:53 AM,546.2,0,0.0,564817465.4000003
2025-08-01 09:16:54 AM,544.45,28005,15247322.250000002,580064787.6500003
2025-08-01 09:16:54 AM,545.15,125,68143.75,580132931.4000003
2025-08-01 09:16:55 AM,545.15,661,360344.14999999997,580493275.5500003
2025-08-01 09:16:55 AM,544.9,6652,3624674.8,584117950.3500003
2025-08-01 09:16:55 AM,545.5,0,0.0,584117950.3500003
2025-08-01 09:16:56 AM,544.8,2298,1251950.4,585369900.7500002
2025-08-01 09:16:56 AM,545.05,960,523247.99999999994,585893148.7500002
2025-08-01 09:16:56 AM,545.5,0,0.0,585893148.7500002
2025-08-01 09:16:56 AM,545.4,0,0.0,585893148.7500002
2025-08-01 09:16:57 AM,545.6,1786,974441.6000000001,586867590.3500003
2025-08-01 09:16:57 AM,545.05,100,54504.99999999999,586922095.3500003
2025-08-01 09:16:57 AM,545.55,0,0.0,586922095.3500003
2025-08-01 09:16:57 AM,545.0,0,0.0,586922095.3500003
2025-08-01 09:16:58 AM,544.4,4064,2212441.6,589134536.9500003
2025-08-01 09:16:58 AM,545.0,0,0.0,589134536.9500003
2025-08-01 09:16:59 AM,545.8,6780,3700523.9999999995,592835060.9500003
2025-08-01 09:16:59 AM,545.05,315,171690.75,593006751.7000003
2025-08-01 09:17:00 AM,545.55,710,387340.49999999994,593394092.2000003
2025-08-01 09:17:01 AM,544.85,2214,1206297.9000000001,594600390.1000003
2025-08-01 09:17:01 AM,545.15,0,0.0,594600390.1000003
2025-08-01 09:17:01 AM,545.55,0,0.0,594600390.1000003
2025-08-01 09:17:02 AM,545.55,903,492631.64999999997,595093021.7500002
2025-08-01 09:17:02 AM,544.6,515,280469.0,595373490.7500002
2025-08-01 09:17:02 AM,545.0,0,0.0,595373490.7500002
2025-08-01 09:17:03 AM,545.0,1148,625660.0,595999150.7500002
2025-08-01 09:17:03 AM,544.25,1628,886039.0,596885189.7500002
2025-08-01 09:17:03 AM,544.15,0,0.0,596885189.7500002
2025-08-01 09:17:04 AM,544.6,1035,563661.0,597448850.7500002
2025-08-01 09:17:04 AM,544.1,2451,1333589.1,598782439.8500003
2025-08-01 09:17:04 AM,544.55,0,0.0,598782439.8500003
2025-08-01 09:17:05 AM,544.0,1301,707744.0,599490183.8500003
2025-08-01 09:17:05 AM,544.0,312,169728.0,599659911.8500003
2025-08-01 09:17:05 AM,544.6,0,0.0,599659911.8500003
2025-08-01 09:17:06 AM,542.7,21373,11599127.100000001,611259038.9500003
2025-08-01 09:17:06 AM,542.75,1000,542750.0,611801788.9500003
2025-08-01 09:17:07 AM,542.55,826,448146.3,612249935.2500002
2025-08-01 09:17:07 AM,542.6,0,0.0,612249935.2500002
2025-08-01 09:17:07 AM,542.7,152,82490.40000000001,612332425.6500002
2025-08-01 09:17:07 AM,542.65,0,0.0,612332425.6500002
2025-08-01 09:17:08 AM,543.15,9825,5336448.75,617668874.4000002
2025-08-01 09:17:08 AM,544.15,0,0.0,617668874.4000002
2025-08-01 09:17:08 AM,543.2,0,0.0,617668874.4000002
2025-08-01 09:17:09 AM,543.2,2101,1141263.2000000002,618810137.6000003
2025-08-01 09:17:09 AM,543.95,556,302436.2,619112573.8000003
2025-08-01 09:17:09 AM,544.0,0,0.0,619112573.8000003
2025-08-01 09:17:09 AM,543.25,400,217300.0,619329873.8000003
2025-08-01 09:17:10 AM,543.2,4717,2562274.4000000004,621892148.2000003
2025-08-01 09:17:10 AM,543.15,0,0.0,621892148.2000003
2025-08-01 09:17:10 AM,543.1,0,0.0,621892148.2000003
2025-08-01 09:17:11 AM,543.05,701,380678.05,622272826.2500002
2025-08-01 09:17:11 AM,543.15,7679,4170848.8499999996,626443675.1000003
2025-08-01 09:17:11 AM,543.5,0,0.0,626443675.1000003
2025-08-01 09:17:11 AM,543.85,0,0.0,626443675.1000003
2025-08-01 09:17:12 AM,543.85,1841,1001227.8500000001,627444902.9500003
2025-08-01 09:17:12 AM,543.85,1429,777161.65,628222064.6000003
2025-08-01 09:17:12 AM,543.8,0,0.0,628222064.6000003
2025-08-01 09:17:13 AM,543.25,135,73338.75,628295403.3500003
2025-08-01 09:17:13 AM,543.75,0,0.0,628295403.3500003
2025-08-01 09:17:13 AM,543.75,2419,1315331.25,629610734.6000003
2025-08-01 09:17:14 AM,543.2,348,189033.6,629799768.2000003
2025-08-01 09:17:14 AM,543.1,0,0.0,629799768.2000003
2025-08-01 09:17:15 AM,543.85,3238,1760986.3,631560754.5000002
2025-08-01 09:17:15 AM,543.7,450,244665.00000000003,631805419.5000002
2025-08-01 09:17:15 AM,543.2,0,0.0,631805419.5000002
2025-08-01 09:17:15 AM,544.35,0,0.0,631805419.5000002
2025-08-01 09:17:16 AM,543.7,8922,4850891.4,636656310.9000002
2025-08-01 09:17:16 AM,543.7,427,232159.90000000002,636888470.8000002
2025-08-01 09:17:16 AM,543.75,0,0.0,636888470.8000002
2025-08-01 09:17:16 AM,543.2,0,0.0,636888470.8000002
2025-08-01 09:17:17 AM,543.75,486,264262.5,637152733.3000002
2025-08-01 09:17:17 AM,543.7,619,336550.30000000005,637489283.6000001
2025-08-01 09:17:17 AM,543.5,0,0.0,637489283.6000001
2025-08-01 09:17:17 AM,543.0,0,0.0,637489283.6000001
2025-08-01 09:17:18 AM,543.1,3127,1698273.7000000002,639187557.3000002
2025-08-01 09:17:18 AM,543.75,4756,2586075.0,641773632.3000002
2025-08-01 09:17:18 AM,543.15,0,0.0,641773632.3000002
2025-08-01 09:17:18 AM,543.45,0,0.0,641773632.3000002
2025-08-01 09:17:19 AM,543.7,354,192469.80000000002,641966102.1000001
2025-08-01 09:17:19 AM,543.7,206,112002.20000000001,642078104.3000002
2025-08-01 09:17:19 AM,543.75,0,0.0,642078104.3000002
2025-08-01 09:17:20 AM,544.15,10773,5862127.95,647940232.2500002
2025-08-01 09:17:20 AM,544.2,0,0.0,647940232.2500002
2025-08-01 09:17:20 AM,544.3,2798,1522951.4,649463183.6500002
2025-08-01 09:17:21 AM,545.0,3905,2128225.0,651591408.6500002
2025-08-01 09:17:21 AM,544.5,0,0.0,651591408.6500002
2025-08-01 09:17:22 AM,544.5,350,190575.0,651781983.6500002
2025-08-01 09:17:22 AM,545.0,673,366785.0,652148768.6500002
2025-08-01 09:17:22 AM,544.5,0,0.0,652148768.6500002
2025-08-01 09:17:23 AM,544.95,2211,1204884.4500000002,653353653.1000003
2025-08-01 09:17:23 AM,544.35,0,0.0,653353653.1000003
2025-08-01 09:17:23 AM,544.35,81,44092.35,653397745.4500003
2025-08-01 09:17:23 AM,544.9,0,0.0,653397745.4500003
2025-08-01 09:17:24 AM,544.25,450,244912.5,653642657.9500003
2025-08-01 09:17:24 AM,544.95,0,0.0,653642657.9500003
2025-08-01 09:17:24 AM,544.95,17875,9740981.25,663383639.2000003
2025-08-01 09:17:25 AM,545.5,638,348029.0,663731668.2000003
2025-08-01 09:17:25 AM,545.5,683,372576.5,664104244.7000003
2025-08-01 09:17:26 AM,545.55,4346,2370960.3,666475205.0000002
2025-08-01 09:17:26 AM,546.5,0,0.0,666475205.0000002
2025-08-01 09:17:27 AM,546.5,12675,6926887.5,673402092.5000002
2025-08-01 09:17:27 AM,546.5,123,67219.5,673469312.0000002
2025-08-01 09:17:27 AM,547.15,0,0.0,673469312.0000002
2025-08-01 09:17:27 AM,546.5,0,0.0,673469312.0000002
2025-08-01 09:17:28 AM,547.15,2191,1198805.65,674668117.6500002
2025-08-01 09:17:28 AM,546.5,3242,1771753.0,676439870.6500002
2025-08-01 09:17:28 AM,546.95,0,0.0,676439870.6500002
2025-08-01 09:17:29 AM,546.2,926,505781.20000000007,676945651.8500003
2025-08-01 09:17:29 AM,546.5,116,63394.0,677009045.8500003
2025-08-01 09:17:29 AM,546.0,0,0.0,677009045.8500003
2025-08-01 09:17:30 AM,546.5,1344,734496.0,677743541.8500003
2025-08-01 09:17:30 AM,546.5,2231,1219241.5,678962783.3500003
2025-08-01 09:17:30 AM,546.0,0,0.0,678962783.3500003
2025-08-01 09:17:31 AM,546.05,2316,1264651.7999999998,680227435.1500002
2025-08-01 09:17:31 AM,546.45,261,142623.45,680370058.6000003
2025-08-01 09:17:32 AM,546.8,6184,3381411.1999999997,683751469.8000003
2025-08-01 09:17:32 AM,546.5,0,0.0,683751469.8000003
2025-08-01 09:17:32 AM,546.85,376,205615.6,683957085.4000003
2025-08-01 09:17:32 AM,547.4,0,0.0,683957085.4000003
2025-08-01 09:17:33 AM,547.65,18143,9936013.95,693893099.3500004
2025-08-01 09:17:33 AM,547.25,0,0.0,693893099.3500004
2025-08-01 09:17:33 AM,547.5,0,0.0,693893099.3500004
2025-08-01 09:17:34 AM,547.7,2540,1391158.0,695284257.3500004
2025-08-01 09:17:34 AM,547.9,2674,1465084.5999999999,696749341.9500004
2025-08-01 09:17:34 AM,547.35,0,0.0,696749341.9500004
2025-08-01 09:17:34 AM,547.9,0,0.0,696749341.9500004
2025-08-01 09:17:35 AM,547.3,861,471225.3,697220567.2500004
2025-08-01 09:17:35 AM,548.5,18368,10074848.0,707295415.2500004
2025-08-01 09:17:35 AM,548.45,0,0.0,707295415.2500004
2025-08-01 09:17:35 AM,548.0,0,0.0,707295415.2500004
2025-08-01 09:17:36 AM,548.6,8587,4710828.2,712006243.4500004
2025-08-01 09:17:36 AM,548.15,3945,2162451.75,714168695.2000004
2025-08-01 09:17:36 AM,548.05,0,0.0,714168695.2000004
2025-08-01 09:17:36 AM,548.8,0,0.0,714168695.2000004
2025-08-01 09:17:37 AM,548.9,3323,1823994.7,715992689.9000005
2025-08-01 09:17:37 AM,548.6,1150,630890.0,716623579.9000005
2025-08-01 09:17:37 AM,548.5,0,0.0,716623579.9000005
2025-08-01 09:17:38 AM,549.0,956,524844.0,717148423.9000005
2025-08-01 09:17:38 AM,548.45,0,0.0,717148423.9000005
2025-08-01 09:17:38 AM,547.9,5464,2993725.6,720142149.5000005
2025-08-01 09:17:38 AM,548.45,0,0.0,720142149.5000005
2025-08-01 09:17:39 AM,548.85,28368,15569776.8,735711926.3000004
2025-08-01 09:17:39 AM,549.15,0,0.0,735711926.3000004
2025-08-01 09:17:39 AM,549.45,0,0.0,735711926.3000004
2025-08-01 09:17:40 AM,549.45,2500,1373625.0,737085551.3000004
2025-08-01 09:17:40 AM,549.6,1640,901344.0,737986895.3000004
2025-08-01 09:17:41 AM,549.1,1590,873069.0,738859964.3000004
2025-08-01 09:17:41 AM,549.9,803,441569.69999999995,739301534.0000005
2025-08-01 09:17:41 AM,549.25,0,0.0,739301534.0000005
2025-08-01 09:17:41 AM,549.95,0,0.0,739301534.0000005
2025-08-01 09:17:42 AM,549.25,5355,2941233.75,742242767.7500005
2025-08-01 09:17:42 AM,550.1,27125,14921462.5,757164230.2500005
2025-08-01 09:17:42 AM,549.35,0,0.0,757164230.2500005
2025-08-01 09:17:42 AM,549.45,0,0.0,757164230.2500005
2025-08-01 09:17:43 AM,550.0,10035,5519250.0,762683480.2500005
2025-08-01 09:17:43 AM,550.45,5897,3246003.6500000004,765929483.9000005
2025-08-01 09:17:43 AM,550.0,0,0.0,765929483.9000005
2025-08-01 09:17:43 AM,550.45,0,0.0,765929483.9000005
2025-08-01 09:17:44 AM,549.85,1681,924297.8500000001,766853781.7500005
2025-08-01 09:17:44 AM,549.9,3918,2154508.1999999997,769008289.9500005
2025-08-01 09:17:44 AM,549.8,0,0.0,769008289.9500005
2025-08-01 09:17:45 AM,550.0,4136,2274800.0,771283089.9500005
2025-08-01 09:17:45 AM,549.75,0,0.0,771283089.9500005
2025-08-01 09:17:45 AM,549.3,12712,6982701.6,778265791.5500005
2025-08-01 09:17:46 AM,550.45,11496,6327973.2,784593764.7500006
2025-08-01 09:17:46 AM,550.05,0,0.0,784593764.7500006
2025-08-01 09:17:47 AM,550.6,2773,1526813.8,786120578.5500005
2025-08-01 09:17:47 AM,550.45,2821,1552819.4500000002,787673398.0000006
2025-08-01 09:17:47 AM,550.6,0,0.0,787673398.0000006
2025-08-01 09:17:47 AM,550.5,0,0.0,787673398.0000006
2025-08-01 09:17:48 AM,550.5,9942,5473071.0,793146469.0000006
2025-08-01 09:17:48 AM,550.1,5448,2996944.8000000003,796143413.8000005
2025-08-01 09:17:48 AM,549.5,0,0.0,796143413.8000005
2025-08-01 09:17:48 AM,550.2,0,0.0,796143413.8000005
2025-08-01 09:17:49 AM,550.2,5450,2998590.0000000005,799142003.8000005
2025-08-01 09:17:49 AM,549.35,3069,1685955.1500000001,800827958.9500005
2025-08-01 09:17:49 AM,550.4,0,0.0,800827958.9500005
2025-08-01 09:17:50 AM,550.45,4475,2463263.75,803291222.7000005
2025-08-01 09:17:50 AM,550.0,11143,6128650.0,809419872.7000005
2025-08-01 09:17:50 AM,550.25,0,0.0,809419872.7000005
2025-08-01 09:17:50 AM,550.3,0,0.0,809419872.7000005
2025-08-01 09:17:51 AM,550.25,4739,2607634.75,812027507.4500005
2025-08-01 09:17:51 AM,550.45,9107,5012948.15,817040455.6000005
2025-08-01 09:17:51 AM,549.95,0,0.0,817040455.6000005
2025-08-01 09:17:52 AM,550.0,2946,1620300.0,818660755.6000005
2025-08-01 09:17:52 AM,548.75,0,0.0,818660755.6000005
2025-08-01 09:17:52 AM,548.75,15445,8475443.75,827136199.3500005
2025-08-01 09:17:52 AM,549.15,0,0.0,827136199.3500005
2025-08-01 09:17:53 AM,549.15,1520,834708.0,827970907.3500005
2025-08-01 09:17:53 AM,548.9,0,0.0,827970907.3500005
2025-08-01 09:17:53 AM,549.05,0,0.0,827970907.3500005
2025-08-01 09:17:54 AM,549.05,2799,1536790.95,829507698.3000005
2025-08-01 09:17:54 AM,548.5,1851,1015273.5,830522971.8000005
2025-08-01 09:17:54 AM,548.75,0,0.0,830522971.8000005
2025-08-01 09:17:54 AM,548.2,0,0.0,830522971.8000005
2025-08-01 09:17:55 AM,548.6,2227,1221732.2,831744704.0000006
2025-08-01 09:17:55 AM,549.2,2421,1329613.2000000002,833074317.2000006
2025-08-01 09:17:55 AM,549.45,0,0.0,833074317.2000006
2025-08-01 09:17:56 AM,549.6,3287,1806535.2000000002,834880852.4000007
2025-08-01 09:17:56 AM,549.55,500,274775.0,835155627.4000007
2025-08-01 09:17:56 AM,549.25,0,0.0,835155627.4000007
2025-08-01 09:17:56 AM,548.75,0,0.0,835155627.4000007
2025-08-01 09:17:57 AM,549.8,6358,3495628.4,838651255.8000007
2025-08-01 09:17:57 AM,549.6,997,547951.2000000001,839199207.0000007
2025-08-01 09:17:57 AM,548.75,0,0.0,839199207.0000007
2025-08-01 09:17:57 AM,548.55,0,0.0,839199207.0000007
2025-08-01 09:17:58 AM,548.3,1643,900856.8999999999,840100063.9000007
2025-08-01 09:17:58 AM,549.5,1117,613791.5,840713855.4000007
2025-08-01 09:17:58 AM,549.0,0,0.0,840713855.4000007
2025-08-01 09:17:58 AM,548.7,0,0.0,840713855.4000007
2025-08-01 09:17:59 AM,549.0,4853,2664297.0,843378152.4000007
2025-08-01 09:17:59 AM,549.0,140,76860.0,843455012.4000007
2025-08-01 09:17:59 AM,548.65,0,0.0,843455012.4000007
2025-08-01 09:18:00 AM,549.0,4521,2482029.0,845937041.4000007
2025-08-01 09:18:01 AM,549.0,7305,4010445.0,849947486.4000007
2025-08-01 09:18:01 AM,549.3,2061,1132107.2999999998,851079593.7000006
2025-08-01 09:18:01 AM,549.15,0,0.0,851079593.7000006
2025-08-01 09:18:02 AM,549.2,1330,730436.0000000001,851810029.7000006
2025-08-01 09:18:02 AM,549.2,5,2746.0,851812775.7000006
2025-08-01 09:18:02 AM,549.5,0,0.0,851812775.7000006
2025-08-01 09:18:02 AM,548.7,0,0.0,851812775.7000006
2025-08-01 09:18:03 AM,548.5,19409,10645836.5,862458612.2000006
2025-08-01 09:18:03 AM,548.05,328,179760.4,862638372.6000006
2025-08-01 09:18:03 AM,548.55,0,0.0,862638372.6000006
2025-08-01 09:18:04 AM,548.05,5060,2773133.0,865411505.6000006
2025-08-01 09:18:04 AM,548.05,23,12605.15,865424110.7500006
2025-08-01 09:18:04 AM,548.7,0,0.0,865424110.7500006
2025-08-01 09:18:04 AM,548.1,0,0.0,865424110.7500006
2025-08-01 09:18:05 AM,548.05,3631,1989969.5499999998,867414080.3000005
2025-08-01 09:18:05 AM,548.7,300,164610.0,867578690.3000005
2025-08-01 09:18:05 AM,547.8,0,0.0,867578690.3000005
2025-08-01 09:18:06 AM,547.6,8403,4601482.8,872180173.1000005
2025-08-01 09:18:06 AM,548.2,0,0.0,872180173.1000005
2025-08-01 09:18:07 AM,548.25,1953,1070732.25,873250905.3500005
2025-08-01 09:18:07 AM,548.2,225,123345.00000000001,873374250.3500005
2025-08-01 09:18:07 AM,547.0,0,0.0,873374250.3500005
2025-08-01 09:18:07 AM,548.35,0,0.0,873374250.3500005
2025-08-01 09:18:08 AM,547.9,12098,6628494.2,880002744.5500005
2025-08-01 09:18:08 AM,548.0,98,53704.0,880056448.5500005
2025-08-01 09:18:08 AM,548.05,0,0.0,880056448.5500005
2025-08-01 09:18:08 AM,548.6,0,0.0,880056448.5500005
2025-08-01 09:18:09 AM,548.6,1580,866788.0,880923236.5500005
2025-08-01 09:18:09 AM,548.6,20,10972.0,880934208.5500005
2025-08-01 09:18:09 AM,547.7,0,0.0,880934208.5500005
2025-08-01 09:18:10 AM,548.15,1835,1005855.25,881940063.8000005
2025-08-01 09:18:10 AM,547.65,173,94743.45,882034807.2500006
2025-08-01 09:18:10 AM,547.7,0,0.0,882034807.2500006
2025-08-01 09:18:10 AM,547.65,0,0.0,882034807.2500006
2025-08-01 09:18:11 AM,547.7,863,472665.10000000003,882507472.3500006
2025-08-01 09:18:11 AM,547.95,276,151234.2,882658706.5500007
2025-08-01 09:18:11 AM,548.25,0,0.0,882658706.5500007
2025-08-01 09:18:12 AM,546.7,57830,31615661.000000004,914274367.5500007
2025-08-01 09:18:12 AM,546.45,6611,3612580.95,917886948.5000007
2025-08-01 09:18:12 AM,545.45,0,0.0,917886948.5000007
2025-08-01 09:18:12 AM,546.1,0,0.0,917886948.5000007
2025-08-01 09:18:13 AM,546.45,6282,3432798.9000000004,921319747.4000007
2025-08-01 09:18:13 AM,545.55,881,480629.55,921800376.9500006
2025-08-01 09:18:13 AM,546.3,0,0.0,921800376.9500006
2025-08-01 09:18:13 AM,546.25,0,0.0,921800376.9500006
2025-08-01 09:18:14 AM,546.7,3765,2058325.5000000002,923858702.4500006
2025-08-01 09:18:14 AM,546.55,2046,1118241.2999999998,924976943.7500006
2025-08-01 09:18:14 AM,545.9,0,0.0,924976943.7500006
2025-08-01 09:18:14 AM,546.5,0,0.0,924976943.7500006
2025-08-01 09:18:15 AM,545.9,1335,728776.5,925705720.2500006
2025-08-01 09:18:15 AM,545.75,10,5457.5,925711177.7500006
2025-08-01 09:18:15 AM,546.0,0,0.0,925711177.7500006
2025-08-01 09:18:15 AM,546.25,0,0.0,925711177.7500006
2025-08-01 09:18:16 AM,546.1,3480,1900428.0,927611605.7500006
2025-08-01 09:18:16 AM,546.1,24,13106.400000000001,927624712.1500006
2025-08-01 09:18:16 AM,545.6,0,0.0,927624712.1500006
2025-08-01 09:18:16 AM,545.7,0,0.0,927624712.1500006
2025-08-01 09:18:17 AM,545.2,1304,710940.8,928335652.9500005
2025-08-01 09:18:17 AM,545.4,2815,1535301.0,929870953.9500005
2025-08-01 09:18:17 AM,545.55,0,0.0,929870953.9500005
2025-08-01 09:18:18 AM,545.55,746,406980.3,930277934.2500005
2025-08-01 09:18:18 AM,545.55,308,168029.4,930445963.6500005
2025-08-01 09:18:18 AM,545.1,0,0.0,930445963.6500005
2025-08-01 09:18:18 AM,545.15,0,0.0,930445963.6500005
2025-08-01 09:18:19 AM,545.6,1681,917153.6000000001,931363117.2500005
2025-08-01 09:18:19 AM,545.0,2135,1163575.0,932526692.2500005
2025-08-01 09:18:19 AM,545.6,0,0.0,932526692.2500005
2025-08-01 09:18:20 AM,545.55,2155,1175660.25,933702352.5000005
2025-08-01 09:18:20 AM,545.9,2407,1313981.3,935016333.8000004
2025-08-01 09:18:20 AM,545.95,0,0.0,935016333.8000004
2025-08-01 09:18:20 AM,546.25,0,0.0,935016333.8000004
2025-08-01 09:18:21 AM,546.05,12391,6766105.55,941782439.3500004
2025-08-01 09:18:21 AM,545.7,1197,653202.9,942435642.2500004
2025-08-01 09:18:21 AM,546.3,0,0.0,942435642.2500004
2025-08-01 09:18:21 AM,545.9,0,0.0,942435642.2500004
2025-08-01 09:18:22 AM,545.85,695,379365.75,942815008.0000004
2025-08-01 09:18:22 AM,545.8,5280,2881823.9999999995,945696832.0000004
2025-08-01 09:18:22 AM,546.35,0,0.0,945696832.0000004
2025-08-01 09:18:23 AM,546.9,2457,1343733.3,947040565.3000003
2025-08-01 09:18:23 AM,547.15,255,139523.25,947180088.5500003
2025-08-01 09:18:23 AM,546.7,0,0.0,947180088.5500003
2025-08-01 09:18:24 AM,546.7,1989,1087386.3,948267474.8500003
2025-08-01 09:18:24 AM,546.0,1000,546000.0,948813474.8500003
2025-08-01 09:18:24 AM,546.15,0,0.0,948813474.8500003
2025-08-01 09:18:24 AM,546.9,0,0.0,948813474.8500003
2025-08-01 09:18:25 AM,546.2,2602,1421212.4000000001,950234687.2500002
2025-08-01 09:18:25 AM,547.3,191,104534.29999999999,950339221.5500002
2025-08-01 09:18:25 AM,547.55,0,0.0,950339221.5500002
2025-08-01 09:18:25 AM,546.95,0,0.0,950339221.5500002
2025-08-01 09:18:26 AM,546.95,1327,725802.65,951065024.2000002
2025-08-01 09:18:26 AM,547.55,10,5475.5,951070499.7000002
2025-08-01 09:18:26 AM,547.1,0,0.0,951070499.7000002
2025-08-01 09:18:26 AM,547.55,0,0.0,951070499.7000002
2025-08-01 09:18:27 AM,547.0,2442,1335774.0,952406273.7000002
2025-08-01 09:18:27 AM,547.55,99,54207.45,952460481.1500002
2025-08-01 09:18:27 AM,546.5,0,0.0,952460481.1500002
2025-08-01 09:18:28 AM,546.2,6563,3584710.6,956045191.7500002
2025-08-01 09:18:28 AM,546.05,755,412267.74999999994,956457459.5000002
2025-08-01 09:18:28 AM,545.15,0,0.0,956457459.5000002
2025-08-01 09:18:28 AM,545.6,0,0.0,956457459.5000002
2025-08-01 09:18:29 AM,545.75,11425,6235193.75,962692653.2500002
2025-08-01 09:18:29 AM,545.1,500,272550.0,962965203.2500002
2025-08-01 09:18:29 AM,545.7,0,0.0,962965203.2500002
2025-08-01 09:18:29 AM,545.85,0,0.0,962965203.2500002
2025-08-01 09:18:30 AM,545.4,2218,1209697.2,964174900.4500003
2025-08-01 09:18:30 AM,545.9,160,87344.0,964262244.4500003
2025-08-01 09:18:30 AM,546.1,0,0.0,964262244.4500003
2025-08-01 09:18:31 AM,546.15,2136,1166576.4,965428820.8500003
2025-08-01 09:18:31 AM,546.2,30,16386.0,965445206.8500003
2025-08-01 09:18:31 AM,546.05,0,0.0,965445206.8500003
2025-08-01 09:18:32 AM,546.05,747,407899.35,965853106.2000003
2025-08-01 09:18:32 AM,546.3,2,1092.6,965854198.8000003
2025-08-01 09:18:32 AM,546.05,0,0.0,965854198.8000003
2025-08-01 09:18:33 AM,546.65,2598,1420196.7,967274395.5000004
2025-08-01 09:18:33 AM,546.05,125,68256.25,967342651.7500004
2025-08-01 09:18:33 AM,546.75,0,0.0,967342651.7500004
2025-08-01 09:18:34 AM,546.75,1318,720616.5,968063268.2500004
2025-08-01 09:18:34 AM,546.75,792,433026.0,968496294.2500004
2025-08-01 09:18:34 AM,546.8,0,0.0,968496294.2500004
2025-08-01 09:18:34 AM,546.85,0,0.0,968496294.2500004
2025-08-01 09:18:35 AM,546.1,2796,1526895.6,970023189.8500004
2025-08-01 09:18:35 AM,546.5,80,43720.0,970066909.8500004
2025-08-01 09:18:35 AM,546.75,0,0.0,970066909.8500004
2025-08-01 09:18:35 AM,546.15,0,0.0,970066909.8500004
2025-08-01 09:18:36 AM,546.15,497,271436.55,970338346.4000003
2025-08-01 09:18:36 AM,546.7,765,418225.50000000006,970756571.9000003
2025-08-01 09:18:36 AM,546.6,0,0.0,970756571.9000003
2025-08-01 09:18:37 AM,546.7,152,83098.40000000001,970839670.3000003
2025-08-01 09:18:37 AM,546.7,2,1093.4,970840763.7000003
2025-08-01 09:18:37 AM,546.1,0,0.0,970840763.7000003
2025-08-01 09:18:37 AM,546.0,0,0.0,970840763.7000003
2025-08-01 09:18:38 AM,546.05,1940,1059337.0,971900100.7000003
2025-08-01 09:18:38 AM,546.7,46,25148.2,971925248.9000003
2025-08-01 09:18:38 AM,546.2,0,0.0,971925248.9000003
2025-08-01 09:18:38 AM,546.05,0,0.0,971925248.9000003
2025-08-01 09:18:39 AM,546.75,586,320395.5,972245644.4000003
2025-08-01 09:18:39 AM,546.75,50,27337.5,972272981.9000003
2025-08-01 09:18:39 AM,546.75,122,66703.5,972339685.4000003
2025-08-01 09:18:40 AM,546.85,1293,707077.05,973046762.4500003
2025-08-01 09:18:40 AM,546.35,0,0.0,973046762.4500003
2025-08-01 09:18:40 AM,546.35,270,147514.5,973194276.9500003
2025-08-01 09:18:41 AM,546.3,130,71019.0,973265295.9500003
2025-08-01 09:18:41 AM,546.15,0,0.0,973265295.9500003
2025-08-01 09:18:41 AM,546.75,230,125752.5,973391048.4500003
2025-08-01 09:18:41 AM,546.2,0,0.0,973391048.4500003
2025-08-01 09:18:42 AM,546.0,1770,966420.0,974357468.4500003
2025-08-01 09:18:42 AM,546.65,0,0.0,974357468.4500003
2025-08-01 09:18:42 AM,546.65,446,243805.9,974601274.3500003
2025-08-01 09:18:43 AM,547.85,13392,7336807.2,981938081.5500003
2025-08-01 09:18:43 AM,547.9,0,0.0,981938081.5500003
2025-08-01 09:18:43 AM,547.9,1140,624606.0,982562687.5500003
2025-08-01 09:18:44 AM,547.95,150,82192.5,982644880.0500003
2025-08-01 09:18:44 AM,548.25,0,0.0,982644880.0500003
2025-08-01 09:18:44 AM,548.3,7836,4296478.8,986941358.8500003
2025-08-01 09:18:45 AM,548.4,293,160681.19999999998,987102040.0500003
2025-08-01 09:18:45 AM,548.4,1626,891698.3999999999,987993738.4500003
2025-08-01 09:18:46 AM,548.05,279,152905.94999999998,988146644.4000003
2025-08-01 09:18:46 AM,548.3,0,0.0,988146644.4000003
2025-08-01 09:18:46 AM,548.9,6612,3629326.8,991775971.2000003
2025-08-01 09:18:47 AM,548.35,3179,1743204.6500000001,993519175.8500003
2025-08-01 09:18:47 AM,548.3,820,449605.99999999994,993968781.8500003
2025-08-01 09:18:47 AM,548.9,0,0.0,993968781.8500003
2025-08-01 09:18:48 AM,547.85,4200,2300970.0,996269751.8500003
2025-08-01 09:18:48 AM,548.15,2104,1153307.5999999999,997423059.4500003
2025-08-01 09:18:48 AM,548.0,0,0.0,997423059.4500003
2025-08-01 09:18:49 AM,548.25,1755,962178.75,998385238.2000003
2025-08-01 09:18:49 AM,547.25,11119,6084872.75,1004470110.9500003
2025-08-01 09:18:49 AM,548.5,0,0.0,1004470110.9500003
2025-08-01 09:18:50 AM,548.8,1903,1044366.3999999999,1005514477.3500003
2025-08-01 09:18:50 AM,548.25,3307,1813062.75,1007327540.1000003
2025-08-01 09:18:51 AM,548.25,220,120615.0,1007448155.1000003
2025-08-01 09:18:51 AM,548.3,513,281277.89999999997,1007729433.0000002
2025-08-01 09:18:52 AM,548.2,601,329468.2,1008058901.2000003
2025-08-01 09:18:52 AM,547.85,3125,1712031.25,1009770932.4500003
2025-08-01 09:18:52 AM,547.4,0,0.0,1009770932.4500003
2025-08-01 09:18:53 AM,547.75,287,157204.25,1009928136.7000003
2025-08-01 09:18:53 AM,547.35,1318,721407.3,1010649544.0000002
2025-08-01 09:18:54 AM,547.45,220,120439.00000000001,1010769983.0000002
2025-08-01 09:18:54 AM,546.8,10910,5965587.999999999,1016735571.0000002
2025-08-01 09:18:54 AM,546.3,0,0.0,1016735571.0000002
2025-08-01 09:18:55 AM,546.8,3046,1665552.7999999998,1018401123.8000002
2025-08-01 09:18:55 AM,546.7,707,386516.9,1018787640.7000002
2025-08-01 09:18:55 AM,546.05,0,0.0,1018787640.7000002
2025-08-01 09:18:56 AM,546.5,6280,3432020.0,1022219660.7000002
2025-08-01 09:18:56 AM,546.45,1026,560657.7000000001,1022780318.4000002
2025-08-01 09:18:56 AM,546.55,0,0.0,1022780318.4000002
2025-08-01 09:18:56 AM,546.55,976,533432.7999999999,1023313751.2000002
2025-08-01 09:18:57 AM,546.45,2828,1545360.6,1024859111.8000002
2025-08-01 09:18:57 AM,546.85,0,0.0,1024859111.8000002
2025-08-01 09:18:57 AM,547.0,0,0.0,1024859111.8000002
2025-08-01 09:18:57 AM,547.0,202,110494.0,1024969605.8000002
2025-08-01 09:18:58 AM,546.5,2321,1268426.5,1026238032.3000002
2025-08-01 09:18:58 AM,547.0,0,0.0,1026238032.3000002
2025-08-01 09:18:58 AM,546.45,0,0.0,1026238032.3000002
2025-08-01 09:18:58 AM,546.45,398,217487.1,1026455519.4000002
2025-08-01 09:18:59 AM,546.55,2601,1421576.5499999998,1027877095.9500002
2025-08-01 09:18:59 AM,545.3,0,0.0,1027877095.9500002
2025-08-01 09:18:59 AM,545.3,12326,6721367.8,1034598463.7500001
2025-08-01 09:19:00 AM,545.8,1557,849810.6,1035448274.3500001
2025-08-01 09:19:01 AM,545.8,250,136450.0,1035584724.3500001
2025-08-01 09:19:01 AM,545.15,0,0.0,1035584724.3500001
2025-08-01 09:19:01 AM,545.3,0,0.0,1035584724.3500001
2025-08-01 09:19:02 AM,545.6,5355,2921688.0,1038506412.3500001
2025-08-01 09:19:02 AM,545.0,543,295935.0,1038802347.3500001
2025-08-01 09:19:02 AM,545.7,0,0.0,1038802347.3500001
2025-08-01 09:19:02 AM,545.75,0,0.0,1038802347.3500001
2025-08-01 09:19:03 AM,545.7,387,211185.90000000002,1039013533.2500001
2025-08-01 09:19:03 AM,545.2,125,68150.0,1039081683.2500001
2025-08-01 09:19:03 AM,545.7,0,0.0,1039081683.2500001
2025-08-01 09:19:03 AM,545.75,0,0.0,1039081683.2500001
2025-08-01 09:19:04 AM,545.35,1766,963088.1000000001,1040044771.3500001
2025-08-01 09:19:04 AM,545.25,0,0.0,1040044771.3500001
2025-08-01 09:19:05 AM,545.25,731,398577.75,1040443349.1000001
2025-08-01 09:19:05 AM,545.05,0,0.0,1040443349.1000001
2025-08-01 09:19:05 AM,545.25,0,0.0,1040443349.1000001
2025-08-01 09:19:06 AM,545.25,1130,616132.5,1041059481.6000001
2025-08-01 09:19:07 AM,545.05,3041,1657497.0499999998,1042716978.6500001
2025-08-01 09:19:07 AM,545.35,1,545.35,1042717524.0000001
2025-08-01 09:19:07 AM,545.55,0,0.0,1042717524.0000001
2025-08-01 09:19:07 AM,545.2,0,0.0,1042717524.0000001
2025-08-01 09:19:08 AM,545.05,1427,777786.35,1043495310.3500001
2025-08-01 09:19:08 AM,545.55,233,127113.15,1043622423.5000001
2025-08-01 09:19:08 AM,545.65,0,0.0,1043622423.5000001
2025-08-01 09:19:08 AM,545.3,0,0.0,1043622423.5000001
2025-08-01 09:19:09 AM,545.65,141,76936.65,1043699360.1500001
2025-08-01 09:19:09 AM,545.25,12528,6830892.0,1050530252.1500001
2025-08-01 09:19:10 AM,545.85,588,320959.8,1050851211.95
2025-08-01 09:19:10 AM,545.2,2476,1349915.2000000002,1052201127.1500001
2025-08-01 09:19:10 AM,545.7,0,0.0,1052201127.1500001
2025-08-01 09:19:11 AM,545.55,1270,692848.5,1052893975.6500001
2025-08-01 09:19:11 AM,545.7,600,327420.0,1053221395.6500001
2025-08-01 09:19:11 AM,545.85,0,0.0,1053221395.6500001
2025-08-01 09:19:12 AM,546.0,683,372918.0,1053594313.6500001
2025-08-01 09:19:12 AM,545.2,0,0.0,1053594313.6500001
2025-08-01 09:19:12 AM,545.2,4042,2203698.4000000004,1055798012.0500001
2025-08-01 09:19:13 AM,545.45,569,310361.05000000005,1056108373.1
2025-08-01 09:19:13 AM,545.35,0,0.0,1056108373.1
2025-08-01 09:19:13 AM,545.55,1270,692848.5,1056801221.6
2025-08-01 09:19:14 AM,545.05,20,10901.0,1056812122.6
2025-08-01 09:19:14 AM,545.55,0,0.0,1056812122.6
2025-08-01 09:19:14 AM,546.2,0,0.0,1056812122.6
2025-08-01 09:19:15 AM,545.5,2375,1295562.5,1058107685.1
2025-08-01 09:19:15 AM,545.7,9,4911.3,1058112596.4
2025-08-01 09:19:15 AM,545.85,0,0.0,1058112596.4
2025-08-01 09:19:15 AM,545.8,0,0.0,1058112596.4
2025-08-01 09:19:16 AM,546.2,2591,1415204.2000000002,1059527800.6
2025-08-01 09:19:16 AM,546.0,0,0.0,1059527800.6
2025-08-01 09:19:16 AM,546.15,0,0.0,1059527800.6
2025-08-01 09:19:17 AM,545.5,2694,1469577.0,1060997377.6
2025-08-01 09:19:17 AM,545.85,433,236353.05000000002,1061233730.65
2025-08-01 09:19:17 AM,545.4,0,0.0,1061233730.65
2025-08-01 09:19:17 AM,545.7,0,0.0,1061233730.65
2025-08-01 09:19:18 AM,545.65,3536,1929418.4,1063163149.05
2025-08-01 09:19:18 AM,545.7,80,43656.0,1063206805.05
2025-08-01 09:19:18 AM,545.45,0,0.0,1063206805.05
2025-08-01 09:19:19 AM,545.5,288,157104.0,1063363909.05
2025-08-01 09:19:19 AM,545.8,1082,590555.6,1063954464.65
2025-08-01 09:19:19 AM,545.95,0,0.0,1063954464.65
2025-08-01 09:19:20 AM,545.95,811,442765.45,1064397230.1
2025-08-01 09:19:20 AM,545.25,2501,1363670.25,1065760900.35
2025-08-01 09:19:20 AM,545.6,0,0.0,1065760900.35
2025-08-01 09:19:21 AM,545.85,1323,722159.55,1066483059.9
2025-08-01 09:19:21 AM,545.7,561,306137.7,1066789197.6
2025-08-01 09:19:21 AM,545.8,0,0.0,1066789197.6
2025-08-01 09:19:22 AM,545.8,12,6549.599999999999,1066795747.2
2025-08-01 09:19:22 AM,546.0,1461,797706.0,1067593453.2
2025-08-01 09:19:23 AM,545.85,0,0.0,1067593453.2
2025-08-01 09:19:23 AM,545.85,1399,763644.15,1068357097.35
2025-08-01 09:19:23 AM,545.95,0,0.0,1068357097.35
2025-08-01 09:19:24 AM,546.15,2189,1195522.3499999999,1069552619.7
2025-08-01 09:19:24 AM,545.95,0,0.0,1069552619.7
2025-08-01 09:19:24 AM,545.95,1076,587442.2000000001,1070140061.9000001
2025-08-01 09:19:25 AM,546.2,0,0.0,1070140061.9000001
2025-08-01 09:19:25 AM,546.0,0,0.0,1070140061.9000001
2025-08-01 09:19:26 AM,546.0,3540,1932840.0,1072072901.9000001
2025-08-01 09:19:26 AM,546.2,0,0.0,1072072901.9000001
2025-08-01 09:19:27 AM,546.0,2117,1155882.0,1073228783.9000001
2025-08-01 09:19:28 AM,546.0,1264,690144.0,1073918927.9
2025-08-01 09:19:29 AM,546.0,1545,843570.0,1074762497.9
2025-08-01 09:19:29 AM,545.9,0,0.0,1074762497.9
2025-08-01 09:19:29 AM,545.9,1086,592847.4,1075355345.3000002
2025-08-01 09:19:30 AM,546.2,911,497588.20000000007,1075852933.5000002
2025-08-01 09:19:30 AM,546.0,0,0.0,1075852933.5000002
2025-08-01 09:19:30 AM,546.0,730,398580.0,1076251513.5000002
2025-08-01 09:19:31 AM,545.8,2459,1342122.2,1077593635.7000003
2025-08-01 09:19:31 AM,545.4,0,0.0,1077593635.7000003
2025-08-01 09:19:31 AM,545.55,1296,707032.7999999999,1078300668.5000002
2025-08-01 09:19:32 AM,545.4,673,367054.2,1078667722.7000003
2025-08-01 09:19:33 AM,545.3,3283,1790219.9,1080457942.6000004
2025-08-01 09:19:33 AM,545.0,0,0.0,1080457942.6000004
2025-08-01 09:19:33 AM,545.25,0,0.0,1080457942.6000004
2025-08-01 09:19:33 AM,545.25,3,1635.75,1080459578.3500004
2025-08-01 09:19:34 AM,545.0,0,0.0,1080459578.3500004
2025-08-01 09:19:34 AM,545.0,577,314465.0,1080774043.3500004
2025-08-01 09:19:35 AM,545.25,0,0.0,1080774043.3500004
2025-08-01 09:19:35 AM,545.25,86,46891.5,1080820934.8500004
2025-08-01 09:19:35 AM,545.0,30,16350.0,1080837284.8500004
2025-08-01 09:19:36 AM,545.4,0,0.0,1080837284.8500004
2025-08-01 09:19:36 AM,545.4,2048,1116979.2,1081954264.0500004
2025-08-01 09:19:36 AM,545.4,9,4908.599999999999,1081959172.6500003
2025-08-01 09:19:37 AM,545.0,0,0.0,1081959172.6500003
2025-08-01 09:19:37 AM,545.0,1880,1024600.0,1082983772.6500003
2025-08-01 09:19:38 AM,545.95,5590,3051860.5000000005,1086035633.1500003
2025-08-01 09:19:38 AM,545.05,0,0.0,1086035633.1500003
2025-08-01 09:19:38 AM,545.05,38,20711.899999999998,1086056345.0500004
2025-08-01 09:19:39 AM,545.5,220,120010.0,1086176355.0500004
2025-08-01 09:19:39 AM,545.75,0,0.0,1086176355.0500004
2025-08-01 09:19:39 AM,545.75,710,387482.5,1086563837.5500004
2025-08-01 09:19:39 AM,545.5,0,0.0,1086563837.5500004
2025-08-01 09:19:40 AM,545.9,535,292056.5,1086855894.0500004
2025-08-01 09:19:40 AM,545.25,0,0.0,1086855894.0500004
2025-08-01 09:19:40 AM,545.25,21243,11582745.75,1098438639.8000004
2025-08-01 09:19:40 AM,544.5,0,0.0,1098438639.8000004
2025-08-01 09:19:41 AM,544.0,8285,4507040.0,1102945679.8000004
2025-08-01 09:19:41 AM,544.4,0,0.0,1102945679.8000004
2025-08-01 09:19:41 AM,544.15,2213,1204203.95,1104149883.7500005
2025-08-01 09:19:41 AM,544.75,0,0.0,1104149883.7500005
2025-08-01 09:19:42 AM,545.0,1373,748285.0,1104898168.7500005
2025-08-01 09:19:42 AM,544.4,0,0.0,1104898168.7500005
2025-08-01 09:19:42 AM,544.7,366,199360.2,1105097528.9500005
2025-08-01 09:19:43 AM,544.45,282,153534.90000000002,1105251063.8500006
2025-08-01 09:19:44 AM,544.85,222,120956.70000000001,1105372020.5500007
2025-08-01 09:19:44 AM,544.5,0,0.0,1105372020.5500007
2025-08-01 09:19:44 AM,544.9,181,98626.9,1105470647.4500008
2025-08-01 09:19:45 AM,544.35,3683,2004841.05,1107475488.5000007
2025-08-01 09:19:45 AM,544.1,3270,1779207.0,1109254695.5000007
2025-08-01 09:19:45 AM,543.65,0,0.0,1109254695.5000007
2025-08-01 09:19:45 AM,543.7,0,0.0,1109254695.5000007
2025-08-01 09:19:46 AM,543.9,8804,4788495.6,1114043191.1000006
2025-08-01 09:19:46 AM,544.0,170,92480.0,1114135671.1000006
2025-08-01 09:19:47 AM,543.55,927,503870.85,1114639541.9500005
2025-08-01 09:19:48 AM,543.75,2295,1247906.25,1115887448.2000005
2025-08-01 09:19:48 AM,543.2,0,0.0,1115887448.2000005
2025-08-01 09:19:48 AM,543.2,400,217280.00000000003,1116104728.2000005
2025-08-01 09:19:49 AM,544.0,1596,868224.0,1116972952.2000005
2025-08-01 09:19:49 AM,543.45,0,0.0,1116972952.2000005
2025-08-01 09:19:49 AM,543.35,0,0.0,1116972952.2000005
2025-08-01 09:19:49 AM,543.35,350,190172.5,1117163124.7000005
2025-08-01 09:19:50 AM,543.6,805,437598.0,1117600722.7000005
2025-08-01 09:19:50 AM,543.45,0,0.0,1117600722.7000005
2025-08-01 09:19:51 AM,543.55,2277,1237663.3499999999,1118838386.0500004
2025-08-01 09:19:51 AM,543.8,442,240359.59999999998,1119078745.6500003
2025-08-01 09:19:51 AM,543.7,0,0.0,1119078745.6500003
2025-08-01 09:19:52 AM,544.0,22,11968.0,1119090713.6500003
2025-08-01 09:19:52 AM,544.3,1548,842576.3999999999,1119933290.0500004
2025-08-01 09:19:52 AM,543.95,0,0.0,1119933290.0500004
2025-08-01 09:19:53 AM,544.3,952,518173.6,1120451463.6500003
2025-08-01 09:19:53 AM,544.5,1176,640332.0,1121091795.6500003
2025-08-01 09:19:54 AM,544.7,737,401443.9,1121493239.5500004
2025-08-01 09:19:54 AM,544.25,628,341789.0,1121835028.5500004
2025-08-01 09:19:54 AM,544.8,0,0.0,1121835028.5500004
2025-08-01 09:19:55 AM,544.5,4914,2675673.0,1124510701.5500004
2025-08-01 09:19:55 AM,544.8,336,183052.8,1124693754.3500004
2025-08-01 09:19:55 AM,544.3,0,0.0,1124693754.3500004
2025-08-01 09:19:56 AM,544.8,636,346492.8,1125040247.1500003
2025-08-01 09:19:56 AM,544.25,15,8163.75,1125048410.9000003
2025-08-01 09:19:57 AM,544.25,175,95243.75,1125143654.6500003
2025-08-01 09:19:58 AM,544.8,270,147096.0,1125290750.6500003
2025-08-01 09:19:59 AM,544.8,4070,2217336.0,1127508086.6500003
2025-08-01 09:19:59 AM,544.5,0,0.0,1127508086.6500003
2025-08-01 09:20:00 AM,544.65,0,0.0,1127508086.6500003
2025-08-01 09:20:00 AM,544.65,455,247815.75,1127755902.4000003
2025-08-01 09:20:00 AM,544.75,0,0.0,1127755902.4000003
2025-08-01 09:20:01 AM,544.35,160,87096.0,1127842998.4000003
2025-08-01 09:20:01 AM,544.25,0,0.0,1127842998.4000003
2025-08-01 09:20:02 AM,544.3,445,242213.49999999997,1128085211.9000003
2025-08-01 09:20:02 AM,544.3,13,7075.9,1128092287.8000004
2025-08-01 09:20:02 AM,544.2,0,0.0,1128092287.8000004
2025-08-01 09:20:03 AM,544.25,3012,1639281.0,1129731568.8000004
2025-08-01 09:20:03 AM,544.5,0,0.0,1129731568.8000004
2025-08-01 09:20:04 AM,544.75,19,10350.25,1129741919.0500004
2025-08-01 09:20:04 AM,544.75,5,2723.75,1129744642.8000004
2025-08-01 09:20:04 AM,544.8,0,0.0,1129744642.8000004
2025-08-01 09:20:04 AM,544.45,0,0.0,1129744642.8000004
2025-08-01 09:20:05 AM,544.25,852,463701.0,1130208343.8000004
2025-08-01 09:20:05 AM,544.3,231,125733.29999999999,1130334077.1000004
2025-08-01 09:20:05 AM,544.45,0,0.0,1130334077.1000004
2025-08-01 09:20:06 AM,544.6,1074,584900.4,1130918977.5000005
2025-08-01 09:20:06 AM,544.35,0,0.0,1130918977.5000005
2025-08-01 09:20:07 AM,544.3,622,338554.6,1131257532.1000004
2025-08-01 09:20:08 AM,544.3,25,13607.499999999998,1131271139.6000004
2025-08-01 09:20:08 AM,544.9,0,0.0,1131271139.6000004
2025-08-01 09:20:08 AM,544.9,6043,3292830.6999999997,1134563970.3000004
2025-08-01 09:20:09 AM,545.0,300,163500.0,1134727470.3000004
2025-08-01 09:20:09 AM,545.0,55,29975.0,1134757445.3000004
2025-08-01 09:20:10 AM,544.8,81,44128.799999999996,1134801574.1000004
2025-08-01 09:20:10 AM,545.0,0,0.0,1134801574.1000004
2025-08-01 09:20:10 AM,545.35,0,0.0,1134801574.1000004
2025-08-01 09:20:11 AM,545.35,579,315757.65,1135117331.7500005
2025-08-01 09:20:11 AM,545.4,271,147803.4,1135265135.1500006
2025-08-01 09:20:11 AM,545.15,0,0.0,1135265135.1500006
2025-08-01 09:20:12 AM,545.15,7864,4287059.6,1139552194.7500005
2025-08-01 09:20:12 AM,545.55,0,0.0,1139552194.7500005
2025-08-01 09:20:12 AM,545.65,0,0.0,1139552194.7500005
2025-08-01 09:20:13 AM,545.25,410,223552.5,1139775747.2500005
2025-08-01 09:20:13 AM,545.9,904,493493.6,1140269240.8500004
2025-08-01 09:20:13 AM,546.2,0,0.0,1140269240.8500004
2025-08-01 09:20:14 AM,546.2,13311,7270468.2,1147539709.0500004
2025-08-01 09:20:14 AM,546.05,0,0.0,1147539709.0500004
2025-08-01 09:20:15 AM,546.85,2131,1165337.35,1148705046.4000003
2025-08-01 09:20:15 AM,546.8,601,328626.8,1149033673.2000003
2025-08-01 09:20:15 AM,546.7,0,0.0,1149033673.2000003
2025-08-01 09:20:16 AM,547.0,2252,1231844.0,1150265517.2000003
2025-08-01 09:20:16 AM,547.1,0,0.0,1150265517.2000003
2025-08-01 09:20:16 AM,547.5,0,0.0,1150265517.2000003
2025-08-01 09:20:17 AM,547.9,18007,9866035.299999999,1160131552.5000002
2025-08-01 09:20:17 AM,547.9,780,427362.0,1160558914.5000002
2025-08-01 09:20:17 AM,547.45,0,0.0,1160558914.5000002
2025-08-01 09:20:18 AM,548.0,15110,8280280.0,1168839194.5000002
2025-08-01 09:20:18 AM,548.15,1050,575557.5,1169414752.0000002
2025-08-01 09:20:18 AM,547.9,0,0.0,1169414752.0000002
2025-08-01 09:20:18 AM,548.2,0,0.0,1169414752.0000002
2025-08-01 09:20:19 AM,547.9,666,364901.39999999997,1169779653.4000003
2025-08-01 09:20:19 AM,548.25,10,5482.5,1169785135.9000003
2025-08-01 09:20:19 AM,548.4,0,0.0,1169785135.9000003
2025-08-01 09:20:19 AM,548.0,0,0.0,1169785135.9000003
2025-08-01 09:20:20 AM,548.05,11720,6423145.999999999,1176208281.9000003
2025-08-01 09:20:20 AM,547.55,885,484581.74999999994,1176692863.6500003
2025-08-01 09:20:20 AM,547.75,0,0.0,1176692863.6500003
2025-08-01 09:20:21 AM,547.6,3712,2032691.2000000002,1178725554.8500004
2025-08-01 09:20:21 AM,547.95,2884,1580287.8,1180305842.6500003
2025-08-01 09:20:21 AM,547.7,0,0.0,1180305842.6500003
2025-08-01 09:20:22 AM,547.2,1202,657734.4,1180963577.0500004
2025-08-01 09:20:22 AM,548.1,5545,3039214.5,1184002791.5500004
2025-08-01 09:20:22 AM,548.25,0,0.0,1184002791.5500004
2025-08-01 09:20:22 AM,548.0,0,0.0,1184002791.5500004
2025-08-01 09:20:23 AM,546.85,7654,4185589.9000000004,1188188381.4500005
2025-08-01 09:20:23 AM,547.4,4619,2528440.6,1190716822.0500004
2025-08-01 09:20:23 AM,548.05,0,0.0,1190716822.0500004
2025-08-01 09:20:24 AM,548.2,1851,1014718.2000000001,1191731540.2500005
2025-08-01 09:20:24 AM,548.0,3927,2151996.0,1193883536.2500005
2025-08-01 09:20:25 AM,548.55,441,241910.55,1194125446.8000004
2025-08-01 09:20:25 AM,548.75,2050,1124937.5,1195250384.3000004
2025-08-01 09:20:25 AM,548.3,0,0.0,1195250384.3000004
2025-08-01 09:20:26 AM,548.3,1418,777489.3999999999,1196027873.7000005
2025-08-01 09:20:26 AM,548.3,6148,3370948.4,1199398822.1000006
2025-08-01 09:20:26 AM,548.8,0,0.0,1199398822.1000006
2025-08-01 09:20:27 AM,548.4,2242,1229512.8,1200628334.9000006
2025-08-01 09:20:27 AM,548.9,0,0.0,1200628334.9000006
2025-08-01 09:20:27 AM,548.5,18966,10402851.0,1211031185.9000006
2025-08-01 09:20:27 AM,548.95,0,0.0,1211031185.9000006
2025-08-01 09:20:28 AM,548.95,140,76853.0,1211108038.9000006
2025-08-01 09:20:28 AM,548.35,0,0.0,1211108038.9000006
2025-08-01 09:20:28 AM,548.8,0,0.0,1211108038.9000006
2025-08-01 09:20:29 AM,548.8,2432,1334681.5999999999,1212442720.5000005
2025-08-01 09:20:29 AM,548.05,0,0.0,1212442720.5000005
2025-08-01 09:20:29 AM,548.45,0,0.0,1212442720.5000005
2025-08-01 09:20:30 AM,548.5,1016,557276.0,1212999996.5000005
2025-08-01 09:20:30 AM,549.0,0,0.0,1212999996.5000005
2025-08-01 09:20:31 AM,549.0,7621,4183929.0,1217183925.5000005
2025-08-01 09:20:31 AM,548.85,232,127333.20000000001,1217311258.7000005
2025-08-01 09:20:31 AM,549.15,0,0.0,1217311258.7000005
2025-08-01 09:20:31 AM,549.4,0,0.0,1217311258.7000005
2025-08-01 09:20:32 AM,549.45,13155,7228014.750000001,1224539273.4500005
2025-08-01 09:20:32 AM,549.5,238,130781.0,1224670054.4500005
2025-08-01 09:20:32 AM,548.75,0,0.0,1224670054.4500005
2025-08-01 09:20:33 AM,548.75,8911,4889911.25,1229559965.7000005
2025-08-01 09:20:33 AM,548.75,97,53228.75,1229613194.4500005
2025-08-01 09:20:33 AM,549.5,0,0.0,1229613194.4500005
2025-08-01 09:20:34 AM,549.5,5210,2862895.0,1232476089.4500005
2025-08-01 09:20:34 AM,549.0,565,310185.0,1232786274.4500005
2025-08-01 09:20:34 AM,549.55,0,0.0,1232786274.4500005
2025-08-01 09:20:34 AM,549.35,0,0.0,1232786274.4500005
2025-08-01 09:20:35 AM,549.75,1022,561844.5,1233348118.9500005
2025-08-01 09:20:35 AM,549.45,1103,606043.3500000001,1233954162.3000004
2025-08-01 09:20:35 AM,549.55,0,0.0,1233954162.3000004
2025-08-01 09:20:35 AM,549.8,0,0.0,1233954162.3000004
2025-08-01 09:20:36 AM,549.6,3570,1962072.0,1235916234.3000004
2025-08-01 09:20:36 AM,548.7,22364,12271126.8,1248187361.1000004
2025-08-01 09:20:36 AM,549.4,0,0.0,1248187361.1000004
2025-08-01 09:20:36 AM,549.45,0,0.0,1248187361.1000004
2025-08-01 09:20:37 AM,549.45,1618,889010.1000000001,1249076371.2000003
2025-08-01 09:20:37 AM,549.15,5430,2981884.5,1252058255.7000003
2025-08-01 09:20:37 AM,549.05,0,0.0,1252058255.7000003
2025-08-01 09:20:37 AM,549.0,0,0.0,1252058255.7000003
2025-08-01 09:20:38 AM,549.5,1110,609945.0,1252668200.7000003
2025-08-01 09:20:38 AM,548.85,808,443470.80000000005,1253111671.5000002
2025-08-01 09:20:38 AM,549.3,0,0.0,1253111671.5000002
2025-08-01 09:20:38 AM,547.4,0,0.0,1253111671.5000002
2025-08-01 09:20:39 AM,547.0,26935,14733445.0,1267845116.5000002
2025-08-01 09:20:39 AM,547.2,0,0.0,1267845116.5000002
2025-08-01 09:20:39 AM,547.2,4241,2320675.2,1270165791.7000003
2025-08-01 09:20:39 AM,547.25,336,183876.0,1270349667.7000003
2025-08-01 09:20:40 AM,547.4,0,0.0,1270349667.7000003
2025-08-01 09:20:40 AM,547.75,5297,2901431.75,1273251099.4500003
2025-08-01 09:20:40 AM,547.65,0,0.0,1273251099.4500003
2025-08-01 09:20:41 AM,547.15,0,0.0,1273251099.4500003
2025-08-01 09:20:41 AM,547.15,1711,936173.6499999999,1274187273.1000004
2025-08-01 09:20:42 AM,547.15,9,4924.349999999999,1274192197.4500003
2025-08-01 09:20:42 AM,547.5,0,0.0,1274192197.4500003
2025-08-01 09:20:42 AM,547.5,1634,894615.0,1275086812.4500003
2025-08-01 09:20:43 AM,548.0,2825,1548100.0,1276634912.4500003
2025-08-01 09:20:43 AM,548.65,0,0.0,1276634912.4500003
2025-08-01 09:20:43 AM,548.65,8613,4725522.45,1281360434.9000003
2025-08-01 09:20:44 AM,548.75,151,82861.25,1281443296.1500003
2025-08-01 09:20:44 AM,548.55,0,0.0,1281443296.1500003
2025-08-01 09:20:44 AM,548.55,10815,5932568.249999999,1287375864.4000003
2025-08-01 09:20:45 AM,548.8,574,315011.19999999995,1287690875.6000004
2025-08-01 09:20:45 AM,548.95,0,0.0,1287690875.6000004
2025-08-01 09:20:45 AM,548.15,2250,1233337.5,1288924213.1000004
2025-08-01 09:20:46 AM,548.75,1419,778676.25,1289702889.3500004
2025-08-01 09:20:46 AM,548.7,0,0.0,1289702889.3500004
2025-08-01 09:20:46 AM,548.7,48,26337.600000000002,1289729226.9500003
2025-08-01 09:20:47 AM,548.45,3212,1761621.4000000001,1291490848.3500004
2025-08-01 09:20:47 AM,548.6,0,0.0,1291490848.3500004
2025-08-01 09:20:47 AM,547.95,564,309043.80000000005,1291799892.1500003
2025-08-01 09:20:48 AM,547.95,1479,810418.05,1292610310.2000003
2025-08-01 09:20:48 AM,548.55,0,0.0,1292610310.2000003
2025-08-01 09:20:48 AM,548.55,190,104224.49999999999,1292714534.7000003
2025-08-01 09:20:49 AM,548.05,10462,5733699.1,1298448233.8000002
2025-08-01 09:20:49 AM,548.4,0,0.0,1298448233.8000002
2025-08-01 09:20:49 AM,548.0,11,6028.0,1298454261.8000002
2025-08-01 09:20:50 AM,548.0,1743,955164.0,1299409425.8000002
2025-08-01 09:20:50 AM,548.25,243,133224.75,1299542650.5500002
2025-08-01 09:20:51 AM,548.0,5265,2885220.0,1302427870.5500002
2025-08-01 09:20:51 AM,548.3,19,10417.699999999999,1302438288.2500002
2025-08-01 09:20:52 AM,548.45,0,0.0,1302438288.2500002
2025-08-01 09:20:52 AM,548.45,1323,725599.3500000001,1303163887.6000001
2025-08-01 09:20:52 AM,548.5,0,0.0,1303163887.6000001
2025-08-01 09:20:53 AM,548.1,0,0.0,1303163887.6000001
2025-08-01 09:20:53 AM,548.1,1192,653335.2000000001,1303817222.8000002
2025-08-01 09:20:53 AM,548.4,0,0.0,1303817222.8000002
2025-08-01 09:20:54 AM,548.4,100,54840.0,1303872062.8000002
2025-08-01 09:20:54 AM,548.2,0,0.0,1303872062.8000002
2025-08-01 09:20:54 AM,548.25,2493,1366787.25,1305238850.0500002
2025-08-01 09:20:55 AM,548.2,370,202834.00000000003,1305441684.0500002
2025-08-01 09:20:55 AM,548.75,0,0.0,1305441684.0500002
2025-08-01 09:20:55 AM,548.75,302,165722.5,1305607406.5500002
2025-08-01 09:20:55 AM,548.45,0,0.0,1305607406.5500002
2025-08-01 09:20:56 AM,548.55,529,290182.94999999995,1305897589.5000002
2025-08-01 09:20:56 AM,548.25,0,0.0,1305897589.5000002
2025-08-01 09:20:56 AM,548.4,597,327394.8,1306224984.3000002
2025-08-01 09:20:57 AM,548.0,3476,1904848.0,1308129832.3000002
2025-08-01 09:20:57 AM,548.45,0,0.0,1308129832.3000002
2025-08-01 09:20:57 AM,548.45,1700,932365.0000000001,1309062197.3000002
2025-08-01 09:20:57 AM,548.0,0,0.0,1309062197.3000002
2025-08-01 09:20:58 AM,548.0,1173,642804.0,1309705001.3000002
2025-08-01 09:20:58 AM,548.45,0,0.0,1309705001.3000002
2025-08-01 09:20:58 AM,548.5,1359,745411.5,1310450412.8000002
2025-08-01 09:20:59 AM,548.2,762,417728.4,1310868141.2000003
2025-08-01 09:20:59 AM,548.0,0,0.0,1310868141.2000003
2025-08-01 09:20:59 AM,548.5,585,320872.5,1311189013.7000003
2025-08-01 09:21:00 AM,548.1,1407,771176.7000000001,1311960190.4000003
2025-08-01 09:21:00 AM,548.3,0,0.0,1311960190.4000003
2025-08-01 09:21:00 AM,548.3,821,450154.3,1312410344.7000003
2025-08-01 09:21:00 AM,548.75,0,0.0,1312410344.7000003
2025-08-01 09:21:01 AM,548.25,2436,1335537.0,1313745881.7000003
2025-08-01 09:21:01 AM,548.45,0,0.0,1313745881.7000003
2025-08-01 09:21:02 AM,548.3,113,61957.899999999994,1313807839.6000004
2025-08-01 09:21:02 AM,548.7,560,307272.0,1314115111.6000004
2025-08-01 09:21:02 AM,548.3,0,0.0,1314115111.6000004
2025-08-01 09:21:02 AM,548.3,65,35639.5,1314150751.1000004
2025-08-01 09:21:03 AM,547.75,5126,2807766.5,1316958517.6000004
2025-08-01 09:21:03 AM,547.8,0,0.0,1316958517.6000004
2025-08-01 09:21:04 AM,548.4,932,511108.8,1317469626.4000003
2025-08-01 09:21:04 AM,548.5,3485,1911522.5,1319381148.9000003
2025-08-01 09:21:04 AM,548.7,0,0.0,1319381148.9000003
2025-08-01 09:21:05 AM,547.85,2807,1537814.95,1320918963.8500004
2025-08-01 09:21:05 AM,547.45,1587,868803.15,1321787767.0000005
2025-08-01 09:21:06 AM,547.35,250,136837.5,1321924604.5000005
2025-08-01 09:21:06 AM,547.45,1658,907672.1000000001,1322832276.6000004
2025-08-01 09:21:07 AM,547.15,1115,610072.25,1323442348.8500004
2025-08-01 09:21:07 AM,547.5,381,208597.5,1323650946.3500004
2025-08-01 09:21:08 AM,547.4,609,333366.6,1323984312.9500003
2025-08-01 09:21:08 AM,546.85,0,0.0,1323984312.9500003
2025-08-01 09:21:09 AM,547.05,7655,4187667.7499999995,1328171980.7000003
2025-08-01 09:21:09 AM,547.1,485,265343.5,1328437324.2000003
2025-08-01 09:21:09 AM,546.7,0,0.0,1328437324.2000003
2025-08-01 09:21:09 AM,547.05,0,0.0,1328437324.2000003
2025-08-01 09:21:10 AM,546.5,391,213681.5,1328651005.7000003
2025-08-01 09:21:10 AM,547.35,336,183909.6,1328834915.3000002
2025-08-01 09:21:10 AM,547.4,0,0.0,1328834915.3000002
2025-08-01 09:21:11 AM,547.7,605,331358.5,1329166273.8000002
2025-08-01 09:21:11 AM,547.8,522,285951.6,1329452225.4
2025-08-01 09:21:11 AM,547.3,0,0.0,1329452225.4
2025-08-01 09:21:11 AM,547.6,0,0.0,1329452225.4
2025-08-01 09:21:12 AM,548.25,6944,3807048.0,1333259273.4
2025-08-01 09:21:12 AM,548.2,40,21928.0,1333281201.4
2025-08-01 09:21:12 AM,547.9,0,0.0,1333281201.4
2025-08-01 09:21:13 AM,547.45,1275,697998.75,1333979200.15
2025-08-01 09:21:13 AM,548.35,0,0.0,1333979200.15
2025-08-01 09:21:13 AM,548.35,2039,1118085.6500000001,1335097285.8000002
2025-08-01 09:21:14 AM,548.0,700,383600.0,1335480885.8000002
2025-08-01 09:21:14 AM,547.9,0,0.0,1335480885.8000002
2025-08-01 09:21:15 AM,547.9,781,427909.89999999997,1335908795.7000003
2025-08-01 09:21:15 AM,548.35,1562,856522.7000000001,1336765318.4000003
2025-08-01 09:21:16 AM,547.65,842,461121.3,1337226439.7000003
2025-08-01 09:21:16 AM,547.55,257,140720.34999999998,1337367160.0500002
2025-08-01 09:21:16 AM,548.15,0,0.0,1337367160.0500002
2025-08-01 09:21:16 AM,548.3,0,0.0,1337367160.0500002
2025-08-01 09:21:17 AM,547.75,1920,1051680.0,1338418840.0500002
2025-08-01 09:21:17 AM,547.8,27,14790.599999999999,1338433630.65
2025-08-01 09:21:17 AM,548.2,0,0.0,1338433630.65
2025-08-01 09:21:17 AM,547.9,0,0.0,1338433630.65
2025-08-01 09:21:18 AM,548.0,151,82748.0,1338516378.65
2025-08-01 09:21:18 AM,548.0,130,71240.0,1338587618.65
2025-08-01 09:21:19 AM,548.45,1208,662527.6000000001,1339250146.25
2025-08-01 09:21:19 AM,548.0,0,0.0,1339250146.25
2025-08-01 09:21:19 AM,548.0,350,191800.0,1339441946.25
2025-08-01 09:21:19 AM,547.9,0,0.0,1339441946.25
2025-08-01 09:21:20 AM,548.0,29,15892.0,1339457838.25
2025-08-01 09:21:20 AM,547.9,0,0.0,1339457838.25
2025-08-01 09:21:20 AM,547.9,5,2739.5,1339460577.75
2025-08-01 09:21:21 AM,548.0,2774,1520152.0,1340980729.75
2025-08-01 09:21:21 AM,548.05,0,0.0,1340980729.75
2025-08-01 09:21:21 AM,548.5,0,0.0,1340980729.75
2025-08-01 09:21:22 AM,548.5,1145,628032.5,1341608762.25
2025-08-01 09:21:22 AM,548.15,5501,3015373.15,1344624135.4
2025-08-01 09:21:22 AM,548.2,0,0.0,1344624135.4
2025-08-01 09:21:22 AM,548.25,0,0.0,1344624135.4
2025-08-01 09:21:23 AM,548.25,1427,782352.75,1345406488.15
2025-08-01 09:21:23 AM,548.2,550,301510.0,1345707998.15
2025-08-01 09:21:23 AM,548.6,0,0.0,1345707998.15
2025-08-01 09:21:23 AM,548.2,0,0.0,1345707998.15
2025-08-01 09:21:24 AM,548.4,1420,778728.0,1346486726.15
2025-08-01 09:21:24 AM,548.5,13,7130.5,1346493856.65
2025-08-01 09:21:24 AM,548.1,0,0.0,1346493856.65
2025-08-01 09:21:25 AM,547.9,2274,1245924.5999999999,1347739781.25
2025-08-01 09:21:25 AM,547.35,4097,2242492.95,1349982274.2
2025-08-01 09:21:25 AM,547.95,0,0.0,1349982274.2
2025-08-01 09:21:26 AM,548.25,2270,1244527.5,1351226801.7
2025-08-01 09:21:26 AM,547.8,0,0.0,1351226801.7
2025-08-01 09:21:27 AM,547.7,393,215246.1,1351442047.8
2025-08-01 09:21:27 AM,547.6,0,0.0,1351442047.8
2025-08-01 09:21:28 AM,548.0,224,122752.0,1351564799.8
2025-08-01 09:21:28 AM,547.55,0,0.0,1351564799.8
2025-08-01 09:21:29 AM,547.1,2553,1396746.3,1352961546.1
2025-08-01 09:21:29 AM,547.5,0,0.0,1352961546.1
2025-08-01 09:21:29 AM,547.55,0,0.0,1352961546.1
2025-08-01 09:21:30 AM,547.05,1397,764228.85,1353725774.9499998
2025-08-01 09:21:30 AM,547.5,0,0.0,1353725774.9499998
2025-08-01 09:21:31 AM,547.4,0,0.0,1353725774.9499998
2025-08-01 09:21:31 AM,547.85,965,528675.25,1354254450.1999998
2025-08-01 09:21:32 AM,547.05,0,0.0,1354254450.1999998
2025-08-01 09:21:33 AM,547.45,676,370076.2,1354624526.3999999
2025-08-01 09:21:33 AM,548.0,0,0.0,1354624526.3999999
2025-08-01 09:21:34 AM,548.35,3325,1823263.75,1356447790.1499999
2025-08-01 09:21:34 AM,548.0,0,0.0,1356447790.1499999
2025-08-01 09:21:35 AM,547.55,343,187809.65,1356635599.8
2025-08-01 09:21:36 AM,547.55,1620,887030.9999999999,1357522630.8
2025-08-01 09:21:37 AM,547.9,15245,8352735.5,1365875366.3
2025-08-01 09:21:37 AM,548.45,0,0.0,1365875366.3
2025-08-01 09:21:37 AM,548.0,0,0.0,1365875366.3
2025-08-01 09:21:38 AM,548.0,12571,6888908.0,1372764274.3
2025-08-01 09:21:38 AM,547.75,25,13693.75,1372777968.05
2025-08-01 09:21:39 AM,548.0,204,111792.0,1372889760.05
2025-08-01 09:21:40 AM,547.35,1805,987966.75,1373877726.8
2025-08-01 09:21:40 AM,547.6,10,5476.0,1373883202.8
2025-08-01 09:21:40 AM,547.05,0,0.0,1373883202.8
2025-08-01 09:21:40 AM,547.45,0,0.0,1373883202.8
2025-08-01 09:21:41 AM,547.35,753,412154.55,1374295357.35
2025-08-01 09:21:42 AM,547.55,245,134149.75,1374429507.1
2025-08-01 09:21:42 AM,547.45,0,0.0,1374429507.1
2025-08-01 09:21:42 AM,547.45,250,136862.5,1374566369.6
2025-08-01 09:21:43 AM,547.4,0,0.0,1374566369.6
2025-08-01 09:21:43 AM,547.4,3075,1683255.0,1376249624.6
2025-08-01 09:21:44 AM,547.0,0,0.0,1376249624.6
2025-08-01 09:21:44 AM,547.6,0,0.0,1376249624.6
2025-08-01 09:21:44 AM,547.6,1812,992251.2000000001,1377241875.8
2025-08-01 09:21:45 AM,547.35,0,0.0,1377241875.8
2025-08-01 09:21:45 AM,547.3,0,0.0,1377241875.8
2025-08-01 09:21:45 AM,547.3,300,164190.0,1377406065.8
2025-08-01 09:21:46 AM,547.6,3047,1668537.2,1379074603.0
2025-08-01 09:21:46 AM,545.65,0,0.0,1379074603.0
2025-08-01 09:21:47 AM,545.65,25823,14090319.95,1393164922.95
2025-08-01 09:21:47 AM,545.75,0,0.0,1393164922.95
2025-08-01 09:21:47 AM,545.7,0,0.0,1393164922.95
2025-08-01 09:21:48 AM,545.7,1082,590447.4,1393755370.3500001
2025-08-01 09:21:48 AM,545.75,87,47480.25,1393802850.6000001
2025-08-01 09:21:48 AM,545.8,0,0.0,1393802850.6000001
2025-08-01 09:21:49 AM,545.5,1309,714059.5,1394516910.1000001
2025-08-01 09:21:49 AM,545.8,0,0.0,1394516910.1000001
2025-08-01 09:21:50 AM,545.5,318,173469.0,1394690379.1000001
2025-08-01 09:21:50 AM,545.85,0,0.0,1394690379.1000001
2025-08-01 09:21:51 AM,545.5,601,327845.5,1395018224.6000001
2025-08-01 09:21:51 AM,546.05,1811,988896.5499999999,1396007121.15
2025-08-01 09:21:51 AM,546.2,0,0.0,1396007121.15
2025-08-01 09:21:52 AM,546.3,81,44250.299999999996,1396051371.45
2025-08-01 09:21:52 AM,545.9,1097,598852.2999999999,1396650223.75
2025-08-01 09:21:52 AM,546.05,0,0.0,1396650223.75
2025-08-01 09:21:52 AM,546.15,0,0.0,1396650223.75
2025-08-01 09:21:53 AM,546.15,16,8738.4,1396658962.15
2025-08-01 09:21:53 AM,546.55,2000,1093100.0,1397752062.15
2025-08-01 09:21:53 AM,546.0,0,0.0,1397752062.15
2025-08-01 09:21:54 AM,546.0,2,1092.0,1397753154.15
2025-08-01 09:21:54 AM,545.95,177,96633.15000000001,1397849787.3000002
2025-08-01 09:21:54 AM,546.0,0,0.0,1397849787.3000002
2025-08-01 09:21:54 AM,546.45,0,0.0,1397849787.3000002
2025-08-01 09:21:55 AM,546.4,117,63928.799999999996,1397913716.1000001
2025-08-01 09:21:55 AM,546.4,370,202168.0,1398115884.1000001
2025-08-01 09:21:55 AM,546.0,0,0.0,1398115884.1000001
2025-08-01 09:21:56 AM,546.05,45,24572.249999999996,1398140456.3500001
2025-08-01 09:21:56 AM,546.1,0,0.0,1398140456.3500001
2025-08-01 09:21:56 AM,546.1,50,27305.0,1398167761.3500001
2025-08-01 09:21:57 AM,546.55,541,295683.55,1398463444.9
2025-08-01 09:21:57 AM,546.35,0,0.0,1398463444.9
2025-08-01 09:21:58 AM,546.35,2956,1615010.6,1400078455.5
2025-08-01 09:21:58 AM,546.25,2062,1126367.5,1401204823.0
2025-08-01 09:21:58 AM,546.05,0,0.0,1401204823.0
2025-08-01 09:21:59 AM,546.05,514,280669.69999999995,1401485492.7
2025-08-01 09:21:59 AM,546.5,3887,2124245.5,1403609738.2
2025-08-01 09:21:59 AM,546.75,0,0.0,1403609738.2
2025-08-01 09:22:00 AM,546.75,890,486607.5,1404096345.7
2025-08-01 09:22:00 AM,547.05,0,0.0,1404096345.7
2025-08-01 09:22:00 AM,546.55,0,0.0,1404096345.7
2025-08-01 09:22:01 AM,547.2,1545,845424.0000000001,1404941769.7
2025-08-01 09:22:01 AM,546.3,0,0.0,1404941769.7
2025-08-01 09:22:02 AM,546.75,1099,600878.25,1405542647.95
2025-08-01 09:22:02 AM,546.6,1000,546600.0,1406089247.95
2025-08-01 09:22:02 AM,547.0,0,0.0,1406089247.95
2025-08-01 09:22:03 AM,546.4,428,233859.19999999998,1406323107.15
2025-08-01 09:22:03 AM,546.35,5,2731.75,1406325838.9
2025-08-01 09:22:03 AM,546.2,0,0.0,1406325838.9
2025-08-01 09:22:04 AM,546.85,571,312251.35000000003,1406638090.25
2025-08-01 09:22:04 AM,546.9,0,0.0,1406638090.25
2025-08-01 09:22:05 AM,546.2,4088,2232865.6,1408870955.85
2025-08-01 09:22:06 AM,546.5,0,0.0,1408870955.85
2025-08-01 09:22:07 AM,546.5,20,10930.0,1408881885.85
2025-08-01 09:22:07 AM,546.35,721,393918.35000000003,1409275804.1999998
2025-08-01 09:22:08 AM,544.95,26030,14185048.500000002,1423460852.6999998
2025-08-01 09:22:08 AM,544.1,0,0.0,1423460852.6999998
2025-08-01 09:22:08 AM,544.1,5228,2844554.8000000003,1426305407.4999998
2025-08-01 09:22:09 AM,544.65,450,245092.5,1426550499.9999998
2025-08-01 09:22:09 AM,544.05,0,0.0,1426550499.9999998
2025-08-01 09:22:09 AM,544.6,0,0.0,1426550499.9999998
2025-08-01 09:22:10 AM,544.5,1111,604939.5,1427155439.4999998
2025-08-01 09:22:10 AM,544.55,400,217819.99999999997,1427373259.4999998
2025-08-01 09:22:10 AM,544.3,0,0.0,1427373259.4999998
2025-08-01 09:22:11 AM,544.0,3950,2148800.0,1429522059.4999998
2025-08-01 09:22:11 AM,544.0,65,35360.0,1429557419.4999998
2025-08-01 09:22:11 AM,545.65,0,0.0,1429557419.4999998
2025-08-01 09:22:11 AM,545.45,0,0.0,1429557419.4999998
2025-08-01 09:22:12 AM,545.45,6606,3603242.7,1433160662.1999998
2025-08-01 09:22:12 AM,545.2,40,21808.0,1433182470.1999998
2025-08-01 09:22:12 AM,544.9,0,0.0,1433182470.1999998
2025-08-01 09:22:12 AM,545.3,0,0.0,1433182470.1999998
2025-08-01 09:22:13 AM,545.0,1631,888895.0,1434071365.1999998
2025-08-01 09:22:13 AM,545.4,100,54540.0,1434125905.1999998
2025-08-01 09:22:13 AM,544.5,0,0.0,1434125905.1999998
2025-08-01 09:22:13 AM,545.05,0,0.0,1434125905.1999998
2025-08-01 09:22:14 AM,545.0,613,334085.0,1434459990.1999998
2025-08-01 09:22:14 AM,544.45,11,5988.950000000001,1434465979.1499999
2025-08-01 09:22:14 AM,544.35,0,0.0,1434465979.1499999
2025-08-01 09:22:15 AM,544.9,600,326940.0,1434792919.1499999
2025-08-01 09:22:15 AM,544.85,2987,1627466.95,1436420386.1
2025-08-01 09:22:15 AM,544.95,0,0.0,1436420386.1
2025-08-01 09:22:16 AM,544.95,304,165664.80000000002,1436586050.8999999
2025-08-01 09:22:16 AM,545.5,443,241656.5,1436827707.3999999
2025-08-01 09:22:16 AM,544.6,0,0.0,1436827707.3999999
2025-08-01 09:22:17 AM,545.1,504,274730.4,1437102437.8
2025-08-01 09:22:17 AM,544.0,23086,12558784.0,1449661221.8
2025-08-01 09:22:18 AM,544.0,2602,1415488.0,1451076709.8
2025-08-01 09:22:18 AM,544.0,344,187136.0,1451263845.8
2025-08-01 09:22:19 AM,544.0,1389,755616.0,1452019461.8
2025-08-01 09:22:19 AM,544.0,7722,4200768.0,1456220229.8
2025-08-01 09:22:20 AM,543.7,805,437678.50000000006,1456657908.3
2025-08-01 09:22:20 AM,544.0,0,0.0,1456657908.3
2025-08-01 09:22:20 AM,543.55,1081,587577.5499999999,1457245485.85
2025-08-01 09:22:21 AM,544.3,1251,680919.2999999999,1457926405.1499999
2025-08-01 09:22:21 AM,544.2,0,0.0,1457926405.1499999
2025-08-01 09:22:22 AM,544.2,977,531683.4,1458458088.55
2025-08-01 09:22:22 AM,544.1,471,256271.1,1458714359.6499999
2025-08-01 09:22:22 AM,544.6,0,0.0,1458714359.6499999
2025-08-01 09:22:23 AM,544.5,2665,1451092.5,1460165452.1499999
2025-08-01 09:22:23 AM,545.0,0,0.0,1460165452.1499999
2025-08-01 09:22:23 AM,544.95,0,0.0,1460165452.1499999
2025-08-01 09:22:24 AM,544.4,534,290709.6,1460456161.7499998
2025-08-01 09:22:24 AM,544.6,0,0.0,1460456161.7499998
2025-08-01 09:22:24 AM,545.0,0,0.0,1460456161.7499998
2025-08-01 09:22:25 AM,545.0,3234,1762530.0,1462218691.7499998
2025-08-01 09:22:25 AM,544.1,1224,665978.4,1462884670.1499999
2025-08-01 09:22:25 AM,544.8,0,0.0,1462884670.1499999
2025-08-01 09:22:25 AM,544.6,0,0.0,1462884670.1499999
2025-08-01 09:22:26 AM,544.8,2490,1356552.0,1464241222.1499999
2025-08-01 09:22:26 AM,544.8,12,6537.599999999999,1464247759.7499998
2025-08-01 09:22:27 AM,544.25,976,531188.0,1464778947.7499998
2025-08-01 09:22:27 AM,544.75,676,368251.0,1465147198.7499998
2025-08-01 09:22:27 AM,544.2,0,0.0,1465147198.7499998
2025-08-01 09:22:27 AM,544.5,0,0.0,1465147198.7499998
2025-08-01 09:22:28 AM,542.95,28903,15692883.850000001,1480840082.5999997
2025-08-01 09:22:28 AM,542.8,830,450523.99999999994,1481290606.5999997
2025-08-01 09:22:28 AM,543.45,0,0.0,1481290606.5999997
2025-08-01 09:22:28 AM,543.1,0,0.0,1481290606.5999997
2025-08-01 09:22:29 AM,543.45,1058,574970.1000000001,1481865576.6999996
2025-08-01 09:22:29 AM,543.4,10746,5839376.399999999,1487704953.0999997
2025-08-01 09:22:30 AM,543.95,90,48955.50000000001,1487753908.5999997
2025-08-01 09:22:30 AM,543.55,0,0.0,1487753908.5999997
2025-08-01 09:22:30 AM,543.55,6489,3527095.9499999997,1491281004.5499997
2025-08-01 09:22:30 AM,544.0,0,0.0,1491281004.5499997
2025-08-01 09:22:31 AM,544.2,5071,2759638.2,1494040642.7499998
2025-08-01 09:22:31 AM,543.85,0,0.0,1494040642.7499998
2025-08-01 09:22:31 AM,543.85,1087,591164.9500000001,1494631807.6999998
2025-08-01 09:22:32 AM,543.45,413,224444.85,1494856252.5499997
2025-08-01 09:22:32 AM,544.5,0,0.0,1494856252.5499997
2025-08-01 09:22:33 AM,544.1,4968,2703088.8000000003,1497559341.3499997
2025-08-01 09:22:33 AM,544.1,50,27205.0,1497586546.3499997
2025-08-01 09:22:33 AM,544.8,0,0.0,1497586546.3499997
2025-08-01 09:22:34 AM,544.35,1016,553059.6,1498139605.9499996
2025-08-01 09:22:34 AM,544.95,0,0.0,1498139605.9499996
2025-08-01 09:22:35 AM,544.85,1944,1059188.4000000001,1499198794.3499997
2025-08-01 09:22:35 AM,544.55,5,2722.75,1499201517.0999997
2025-08-01 09:22:35 AM,544.95,0,0.0,1499201517.0999997
2025-08-01 09:22:36 AM,544.5,229,124690.5,1499326207.5999997
2025-08-01 09:22:36 AM,544.6,0,0.0,1499326207.5999997
2025-08-01 09:22:37 AM,544.6,975,530985.0,1499857192.5999997
2025-08-01 09:22:37 AM,544.6,227,123624.20000000001,1499980816.7999997
2025-08-01 09:22:37 AM,544.7,0,0.0,1499980816.7999997
2025-08-01 09:22:38 AM,544.4,165,89826.0,1500070642.7999997
2025-08-01 09:22:38 AM,544.4,100,54440.0,1500125082.7999997
2025-08-01 09:22:38 AM,544.35,0,0.0,1500125082.7999997
2025-08-01 09:22:39 AM,544.35,260,141531.0,1500266613.7999997
2025-08-01 09:22:39 AM,544.35,794,432213.9,1500698827.6999998
2025-08-01 09:22:40 AM,544.8,535,291468.0,1500990295.6999998
2025-08-01 09:22:40 AM,544.55,670,364848.49999999994,1501355144.1999998
2025-08-01 09:22:40 AM,543.35,0,0.0,1501355144.1999998
2025-08-01 09:22:40 AM,543.55,0,0.0,1501355144.1999998
2025-08-01 09:22:41 AM,543.55,29449,16007003.95,1517362148.1499999
2025-08-01 09:22:41 AM,543.55,1020,554421.0,1517916569.1499999
2025-08-01 09:22:41 AM,543.5,0,0.0,1517916569.1499999
2025-08-01 09:22:42 AM,543.5,37,20109.5,1517936678.6499999
2025-08-01 09:22:42 AM,544.0,292,158848.0,1518095526.6499999
2025-08-01 09:22:42 AM,544.1,0,0.0,1518095526.6499999
2025-08-01 09:22:43 AM,544.2,200,108840.00000000001,1518204366.6499999
2025-08-01 09:22:43 AM,543.9,0,0.0,1518204366.6499999
2025-08-01 09:22:43 AM,543.9,760,413364.0,1518617730.6499999
2025-08-01 09:22:43 AM,544.0,0,0.0,1518617730.6499999
2025-08-01 09:22:44 AM,544.0,23,12512.0,1518630242.6499999
2025-08-01 09:22:44 AM,543.9,857,466122.3,1519096364.9499998
2025-08-01 09:22:45 AM,544.0,100,54400.0,1519150764.9499998
2025-08-01 09:22:45 AM,543.55,0,0.0,1519150764.9499998
2025-08-01 09:22:46 AM,543.55,1013,550616.1499999999,1519701381.1
2025-08-01 09:22:46 AM,544.65,0,0.0,1519701381.1
2025-08-01 09:22:47 AM,543.7,4712,2561914.4000000004,1522263295.5
2025-08-01 09:22:47 AM,543.55,2000,1087100.0,1523350395.5
2025-08-01 09:22:47 AM,544.15,0,0.0,1523350395.5
2025-08-01 09:22:48 AM,544.15,3796,2065593.4,1525415988.9
2025-08-01 09:22:48 AM,544.05,0,0.0,1525415988.9
2025-08-01 09:22:48 AM,544.3,0,0.0,1525415988.9
2025-08-01 09:22:49 AM,544.3,2211,1203447.2999999998,1526619436.2
2025-08-01 09:22:49 AM,544.4,90,48996.0,1526668432.2
2025-08-01 09:22:49 AM,543.95,0,0.0,1526668432.2
2025-08-01 09:22:49 AM,544.4,0,0.0,1526668432.2
2025-08-01 09:22:50 AM,544.4,1783,970665.2,1527639097.4
2025-08-01 09:22:50 AM,544.55,11724,6384304.199999999,1534023401.6000001
2025-08-01 09:22:50 AM,544.75,0,0.0,1534023401.6000001
2025-08-01 09:22:51 AM,544.75,2016,1098216.0,1535121617.6000001
2025-08-01 09:22:51 AM,545.0,3798,2069910.0,1537191527.6000001
2025-08-01 09:22:51 AM,544.75,0,0.0,1537191527.6000001
2025-08-01 09:22:51 AM,544.4,2110,1148684.0,1538340211.6000001
2025-08-01 09:22:52 AM,544.6,2195,1195397.0,1539535608.6000001
2025-08-01 09:22:52 AM,544.95,100,54495.00000000001,1539590103.6000001
2025-08-01 09:22:53 AM,544.85,3430,1868835.5,1541458939.1000001
2025-08-01 09:22:53 AM,544.9,0,0.0,1541458939.1000001
2025-08-01 09:22:53 AM,545.4,552,301060.8,1541759999.9
2025-08-01 09:22:53 AM,545.6,0,0.0,1541759999.9
2025-08-01 09:22:54 AM,544.25,0,0.0,1541759999.9
2025-08-01 09:22:54 AM,544.25,17822,9699623.5,1551459623.4
2025-08-01 09:22:54 AM,544.35,265,144252.75,1551603876.15
2025-08-01 09:22:55 AM,544.45,0,0.0,1551603876.15
2025-08-01 09:22:55 AM,544.45,104,56622.8,1551660498.95
2025-08-01 09:22:56 AM,544.4,1503,818233.2,1552478732.15
2025-08-01 09:22:57 AM,544.05,100,54404.99999999999,1552533137.15
2025-08-01 09:22:57 AM,543.45,0,0.0,1552533137.15
2025-08-01 09:22:57 AM,543.45,2033,1104833.85,1553637971.0
2025-08-01 09:22:57 AM,544.25,0,0.0,1553637971.0
2025-08-01 09:22:58 AM,544.25,336,182868.0,1553820839.0
2025-08-01 09:22:58 AM,544.1,0,0.0,1553820839.0
2025-08-01 09:22:58 AM,544.1,868,472278.80000000005,1554293117.8
2025-08-01 09:22:59 AM,543.85,39,21210.15,1554314327.95
2025-08-01 09:22:59 AM,544.05,0,0.0,1554314327.95
2025-08-01 09:22:59 AM,544.05,33,17953.649999999998,1554332281.6000001
2025-08-01 09:22:59 AM,544.2,0,0.0,1554332281.6000001
2025-08-01 09:23:00 AM,544.0,231,125664.0,1554457945.6000001
2025-08-01 09:23:00 AM,543.85,0,0.0,1554457945.6000001
2025-08-01 09:23:01 AM,543.6,1488,808876.8,1555266822.4
2025-08-01 09:23:01 AM,542.6,0,0.0,1555266822.4
2025-08-01 09:23:01 AM,542.45,0,0.0,1555266822.4
2025-08-01 09:23:02 AM,542.5,36686,19902155.0,1575168977.4
2025-08-01 09:23:02 AM,542.55,0,0.0,1575168977.4
2025-08-01 09:23:02 AM,542.5,0,0.0,1575168977.4
2025-08-01 09:23:03 AM,541.85,10073,5458055.05,1580627032.45
2025-08-01 09:23:03 AM,542.5,0,0.0,1580627032.45
2025-08-01 09:23:03 AM,541.85,0,0.0,1580627032.45
2025-08-01 09:23:04 AM,541.8,2830,1533293.9999999998,1582160326.45
2025-08-01 09:23:04 AM,541.0,3655,1977355.0,1584137681.45
2025-08-01 09:23:04 AM,542.25,0,0.0,1584137681.45
2025-08-01 09:23:04 AM,542.4,0,0.0,1584137681.45
2025-08-01 09:23:05 AM,542.05,6664,3612221.1999999997,1587749902.65
2025-08-01 09:23:05 AM,542.0,0,0.0,1587749902.65
2025-08-01 09:23:06 AM,541.5,5778,3128787.0,1590878689.65
2025-08-01 09:23:06 AM,541.15,1012,547643.7999999999,1591426333.45
2025-08-01 09:23:06 AM,541.55,0,0.0,1591426333.45
2025-08-01 09:23:06 AM,541.9,0,0.0,1591426333.45
2025-08-01 09:23:07 AM,541.6,5073,2747536.8000000003,1594173870.25
2025-08-01 09:23:07 AM,541.9,0,0.0,1594173870.25
2025-08-01 09:23:07 AM,541.85,0,0.0,1594173870.25
2025-08-01 09:23:08 AM,541.75,3539,1917253.25,1596091123.5
2025-08-01 09:23:08 AM,542.2,100,54220.00000000001,1596145343.5
2025-08-01 09:23:08 AM,542.3,0,0.0,1596145343.5
2025-08-01 09:23:08 AM,542.05,0,0.0,1596145343.5
2025-08-01 09:23:09 AM,542.2,3708,2010477.6,1598155821.1
2025-08-01 09:23:09 AM,542.4,0,0.0,1598155821.1
2025-08-01 09:23:10 AM,542.5,748,405790.0,1598561611.1
2025-08-01 09:23:11 AM,541.85,21711,11764105.35,1610325716.4499998
2025-08-01 09:23:11 AM,542.0,0,0.0,1610325716.4499998
2025-08-01 09:23:12 AM,541.85,3303,1789730.55,1612115446.9999998
2025-08-01 09:23:12 AM,542.35,0,0.0,1612115446.9999998
2025-08-01 09:23:12 AM,541.8,0,0.0,1612115446.9999998
2025-08-01 09:23:13 AM,541.75,1669,904180.75,1613019627.7499998
2025-08-01 09:23:13 AM,542.0,0,0.0,1613019627.7499998
2025-08-01 09:23:13 AM,542.3,0,0.0,1613019627.7499998
2025-08-01 09:23:14 AM,542.25,1103,598101.75,1613617729.4999998
2025-08-01 09:23:14 AM,541.85,0,0.0,1613617729.4999998
2025-08-01 09:23:14 AM,541.95,0,0.0,1613617729.4999998
2025-08-01 09:23:15 AM,542.0,1481,802702.0,1614420431.4999998
2025-08-01 09:23:15 AM,542.35,0,0.0,1614420431.4999998
2025-08-01 09:23:16 AM,542.2,2206,1196093.2000000002,1615616524.6999998
2025-08-01 09:23:16 AM,541.75,945,511953.75,1616128478.4499998
2025-08-01 09:23:16 AM,542.0,0,0.0,1616128478.4499998
2025-08-01 09:23:16 AM,542.25,0,0.0,1616128478.4499998
2025-08-01 09:23:17 AM,542.3,551,298807.3,1616427285.7499998
2025-08-01 09:23:17 AM,542.4,0,0.0,1616427285.7499998
2025-08-01 09:23:17 AM,541.55,0,0.0,1616427285.7499998
2025-08-01 09:23:18 AM,542.25,6682,3623314.5,1620050600.2499998
2025-08-01 09:23:18 AM,541.6,200,108320.0,1620158920.2499998
2025-08-01 09:23:18 AM,541.95,0,0.0,1620158920.2499998
2025-08-01 09:23:19 AM,542.15,778,421792.69999999995,1620580712.9499998
2025-08-01 09:23:19 AM,541.25,59401,32150791.25,1652731504.1999998
2025-08-01 09:23:19 AM,541.15,0,0.0,1652731504.1999998
2025-08-01 09:23:20 AM,541.2,4886,2644303.2,1655375807.3999999
2025-08-01 09:23:20 AM,541.25,111,60078.75,1655435886.1499999
2025-08-01 09:23:21 AM,541.25,2692,1457045.0,1656892931.1499999
2025-08-01 09:23:21 AM,541.2,1,541.2,1656893472.35
2025-08-01 09:23:21 AM,540.75,0,0.0,1656893472.35
2025-08-01 09:23:21 AM,540.85,0,0.0,1656893472.35
2025-08-01 09:23:22 AM,540.95,2486,1344801.7000000002,1658238274.05
2025-08-01 09:23:22 AM,540.85,0,0.0,1658238274.05
2025-08-01 09:23:22 AM,541.1,0,0.0,1658238274.05
2025-08-01 09:23:23 AM,541.1,1901,1028631.1000000001,1659266905.1499999
2025-08-01 09:23:23 AM,541.1,920,497812.0,1659764717.1499999
2025-08-01 09:23:23 AM,540.9,0,0.0,1659764717.1499999
2025-08-01 09:23:23 AM,540.95,0,0.0,1659764717.1499999
2025-08-01 09:23:24 AM,540.95,4158,2249270.1,1662013987.2499998
2025-08-01 09:23:24 AM,540.65,0,0.0,1662013987.2499998
2025-08-01 09:23:25 AM,541.0,1459,789319.0,1662803306.2499998
2025-08-01 09:23:25 AM,540.65,10,5406.5,1662808712.7499998
2025-08-01 09:23:25 AM,540.85,0,0.0,1662808712.7499998
2025-08-01 09:23:26 AM,540.85,5302,2867586.7,1665676299.4499998
2025-08-01 09:23:26 AM,540.25,510,275527.5,1665951826.9499998
2025-08-01 09:23:26 AM,540.8,0,0.0,1665951826.9499998
2025-08-01 09:23:26 AM,540.45,0,0.0,1665951826.9499998
2025-08-01 09:23:27 AM,540.2,16982,9173676.4,1675125503.35
2025-08-01 09:23:27 AM,541.25,0,0.0,1675125503.35
2025-08-01 09:23:28 AM,541.25,1606,869247.5,1675994750.85
2025-08-01 09:23:28 AM,541.65,1819,985261.35,1676980012.1999998
2025-08-01 09:23:28 AM,540.15,0,0.0,1676980012.1999998
2025-08-01 09:23:29 AM,540.15,20629,11142754.35,1688122766.5499997
2025-08-01 09:23:29 AM,540.2,1726,932385.2000000001,1689055151.7499998
2025-08-01 09:23:29 AM,540.5,0,0.0,1689055151.7499998
2025-08-01 09:23:29 AM,540.45,0,0.0,1689055151.7499998
2025-08-01 09:23:30 AM,540.45,3041,1643508.4500000002,1690698660.1999998
2025-08-01 09:23:30 AM,540.8,0,0.0,1690698660.1999998
2025-08-01 09:23:30 AM,540.8,453,244982.39999999997,1690943642.6
2025-08-01 09:23:30 AM,541.0,0,0.0,1690943642.6
2025-08-01 09:23:31 AM,541.0,1800,973800.0,1691917442.6
2025-08-01 09:23:31 AM,540.85,0,0.0,1691917442.6
2025-08-01 09:23:31 AM,540.85,251,135753.35,1692053195.9499998
2025-08-01 09:23:32 AM,540.3,7,3782.0999999999995,1692056978.0499997
2025-08-01 09:23:32 AM,540.75,0,0.0,1692056978.0499997
2025-08-01 09:23:32 AM,540.75,5666,3063889.5,1695120867.5499997
2025-08-01 09:23:33 AM,540.75,1,540.75,1695121408.2999997
2025-08-01 09:23:33 AM,540.75,2593,1402164.75,1696523573.0499997
2025-08-01 09:23:34 AM,540.05,0,0.0,1696523573.0499997
2025-08-01 09:23:34 AM,540.05,6503,3511945.15,1700035518.1999998
2025-08-01 09:23:35 AM,540.0,0,0.0,1700035518.1999998
2025-08-01 09:23:35 AM,540.05,1127,608636.35,1700644154.5499997
2025-08-01 09:23:36 AM,540.05,5,2700.25,1700646854.7999997
2025-08-01 09:23:36 AM,539.65,0,0.0,1700646854.7999997
2025-08-01 09:23:36 AM,539.65,3975,2145108.75,1702791963.5499997
2025-08-01 09:23:36 AM,539.1,0,0.0,1702791963.5499997
2025-08-01 09:23:37 AM,539.05,121,65225.049999999996,1702857188.5999997
2025-08-01 09:23:37 AM,540.0,3049,1646460.0,1704503648.5999997
2025-08-01 09:23:37 AM,540.05,0,0.0,1704503648.5999997
2025-08-01 09:23:38 AM,540.05,403,217640.15,1704721288.7499998
2025-08-01 09:23:38 AM,540.0,3305,1784700.0,1706505988.7499998
2025-08-01 09:23:39 AM,540.0,9,4860.0,1706510848.7499998
2025-08-01 09:23:39 AM,539.65,1363,735542.95,1707246391.6999998
2025-08-01 09:23:40 AM,539.35,100,53935.0,1707300326.6999998
2025-08-01 09:23:40 AM,539.35,136,73351.6,1707373678.2999997
2025-08-01 09:23:40 AM,539.3,0,0.0,1707373678.2999997
2025-08-01 09:23:41 AM,539.3,50,26964.999999999996,1707400643.2999997
2025-08-01 09:23:41 AM,539.6,2119,1143412.4000000001,1708544055.6999998
2025-08-01 09:23:42 AM,539.6,401,216379.6,1708760435.2999997
2025-08-01 09:23:42 AM,539.1,679,366048.9,1709126484.1999998
2025-08-01 09:23:43 AM,539.15,334,180076.1,1709306560.2999997
2025-08-01 09:23:43 AM,539.8,1883,1016443.3999999999,1710323003.6999998
2025-08-01 09:23:43 AM,539.3,8566,4619643.8,1714942647.4999998
2025-08-01 09:23:44 AM,538.05,5496,2957122.8,1717899770.2999997
2025-08-01 09:23:44 AM,538.8,0,0.0,1717899770.2999997
2025-08-01 09:23:45 AM,539.15,64,34505.6,1717934275.8999996
2025-08-01 09:23:45 AM,539.05,2000,1078100.0,1719012375.8999996
2025-08-01 09:23:45 AM,538.55,0,0.0,1719012375.8999996
2025-08-01 09:23:46 AM,538.55,276,148639.8,1719161015.6999996
2025-08-01 09:23:46 AM,539.95,2964,1600411.8,1720761427.4999995
2025-08-01 09:23:46 AM,539.45,0,0.0,1720761427.4999995
2025-08-01 09:23:46 AM,539.35,0,0.0,1720761427.4999995
2025-08-01 09:23:47 AM,539.35,1040,560924.0,1721322351.4999995
2025-08-01 09:23:47 AM,539.45,1123,605802.3500000001,1721928153.8499994
2025-08-01 09:23:47 AM,539.0,0,0.0,1721928153.8499994
2025-08-01 09:23:47 AM,538.95,0,0.0,1721928153.8499994
2025-08-01 09:23:48 AM,538.95,2421,1304797.9500000002,1723232951.7999995
2025-08-01 09:23:48 AM,539.55,2135,1151939.25,1724384891.0499995
2025-08-01 09:23:48 AM,539.0,0,0.0,1724384891.0499995
2025-08-01 09:23:49 AM,539.45,269,145112.05000000002,1724530003.0999994
2025-08-01 09:23:49 AM,539.5,836,451022.0,1724981025.0999994
2025-08-01 09:23:49 AM,539.0,0,0.0,1724981025.0999994
2025-08-01 09:23:49 AM,539.45,0,0.0,1724981025.0999994
2025-08-01 09:23:50 AM,539.0,557,300223.0,1725281248.0999994
2025-08-01 09:23:50 AM,539.4,2554,1377627.5999999999,1726658875.6999993
2025-08-01 09:23:50 AM,539.2,0,0.0,1726658875.6999993
2025-08-01 09:23:51 AM,539.95,1705,920614.7500000001,1727579490.4499993
2025-08-01 09:23:51 AM,539.45,386,208227.7,1727787718.1499994
2025-08-01 09:23:51 AM,539.9,0,0.0,1727787718.1499994
2025-08-01 09:23:51 AM,539.9,600,323940.0,1728111658.1499994
2025-08-01 09:23:51 AM,539.4,0,0.0,1728111658.1499994
2025-08-01 09:23:52 AM,539.15,1533,826516.95,1728938175.0999994
2025-08-01 09:23:52 AM,539.6,0,0.0,1728938175.0999994
2025-08-01 09:23:52 AM,539.45,75,40458.75,1728978633.8499994
2025-08-01 09:23:53 AM,539.55,1062,573002.1,1729551635.9499993
2025-08-01 09:23:53 AM,539.85,0,0.0,1729551635.9499993
2025-08-01 09:23:53 AM,539.85,40,21594.0,1729573229.9499993
2025-08-01 09:23:54 AM,540.0,1545,834300.0,1730407529.9499993
2025-08-01 09:23:54 AM,539.75,3,1619.25,1730409149.1999993
2025-08-01 09:23:54 AM,539.55,0,0.0,1730409149.1999993
2025-08-01 09:23:55 AM,539.6,40,21584.0,1730430733.1999993
2025-08-01 09:23:55 AM,540.0,0,0.0,1730430733.1999993
2025-08-01 09:23:55 AM,540.0,300,162000.0,1730592733.1999993
2025-08-01 09:23:56 AM,540.9,5619,3039317.1,1733632050.2999992
2025-08-01 09:23:56 AM,540.45,0,0.0,1733632050.2999992
2025-08-01 09:23:57 AM,539.9,7145,3857585.5,1737489635.7999992
2025-08-01 09:23:57 AM,540.45,0,0.0,1737489635.7999992
2025-08-01 09:23:58 AM,540.75,350,189262.5,1737678898.2999992
2025-08-01 09:23:58 AM,540.8,0,0.0,1737678898.2999992
2025-08-01 09:23:58 AM,540.8,35,18928.0,1737697826.2999992
2025-08-01 09:23:59 AM,540.85,252,136294.2,1737834120.4999993
2025-08-01 09:23:59 AM,540.5,200,108100.0,1737942220.4999993
2025-08-01 09:24:00 AM,540.9,0,0.0,1737942220.4999993
2025-08-01 09:24:00 AM,540.9,1966,1063409.4,1739005629.8999994
2025-08-01 09:24:01 AM,540.95,57,30834.15,1739036464.0499995
2025-08-01 09:24:01 AM,539.5,0,0.0,1739036464.0499995
2025-08-01 09:24:01 AM,539.75,0,0.0,1739036464.0499995
2025-08-01 09:24:02 AM,539.8,10374,5599885.199999999,1744636349.2499995
2025-08-01 09:24:02 AM,539.45,11,5933.950000000001,1744642283.1999996
2025-08-01 09:24:02 AM,539.25,0,0.0,1744642283.1999996
2025-08-01 09:24:02 AM,539.55,0,0.0,1744642283.1999996
2025-08-01 09:24:03 AM,539.1,1807,974153.7000000001,1745616436.8999996
2025-08-01 09:24:03 AM,539.25,0,0.0,1745616436.8999996
2025-08-01 09:24:04 AM,539.25,1292,696711.0,1746313147.8999996
2025-08-01 09:24:04 AM,539.35,0,0.0,1746313147.8999996
2025-08-01 09:24:05 AM,539.5,10103,5450568.5,1751763716.3999996
2025-08-01 09:24:05 AM,539.45,6,3236.7000000000003,1751766953.0999997
2025-08-01 09:24:05 AM,539.55,0,0.0,1751766953.0999997
2025-08-01 09:24:06 AM,539.0,2059,1109801.0,1752876754.0999997
2025-08-01 09:24:06 AM,539.45,38,20499.100000000002,1752897253.1999996
2025-08-01 09:24:06 AM,539.55,0,0.0,1752897253.1999996
2025-08-01 09:24:06 AM,539.6,0,0.0,1752897253.1999996
2025-08-01 09:24:07 AM,539.6,749,404160.4,1753301413.5999997
2025-08-01 09:24:07 AM,539.45,639,344708.55000000005,1753646122.1499996
2025-08-01 09:24:07 AM,539.9,0,0.0,1753646122.1499996
2025-08-01 09:24:07 AM,539.85,0,0.0,1753646122.1499996
2025-08-01 09:24:08 AM,539.9,265,143073.5,1753789195.6499996
2025-08-01 09:24:08 AM,539.85,56,30231.600000000002,1753819427.2499995
2025-08-01 09:24:08 AM,539.6,0,0.0,1753819427.2499995
2025-08-01 09:24:08 AM,539.85,0,0.0,1753819427.2499995
2025-08-01 09:24:09 AM,539.6,1307,705257.2000000001,1754524684.4499996
2025-08-01 09:24:09 AM,540.0,146,78840.0,1754603524.4499996
2025-08-01 09:24:09 AM,539.65,0,0.0,1754603524.4499996
2025-08-01 09:24:09 AM,540.0,0,0.0,1754603524.4499996
2025-08-01 09:24:10 AM,539.65,594,320552.1,1754924076.5499995
2025-08-01 09:24:10 AM,539.65,1242,670245.2999999999,1755594321.8499994
2025-08-01 09:24:10 AM,540.25,0,0.0,1755594321.8499994
2025-08-01 09:24:10 AM,539.9,0,0.0,1755594321.8499994
2025-08-01 09:24:11 AM,540.0,3222,1739880.0,1757334201.8499994
2025-08-01 09:24:11 AM,540.0,1063,574020.0,1757908221.8499994
2025-08-01 09:24:12 AM,540.3,301,162630.3,1758070852.1499994
2025-08-01 09:24:12 AM,539.2,0,0.0,1758070852.1499994
2025-08-01 09:24:12 AM,538.95,12117,6530457.15,1764601309.2999995
2025-08-01 09:24:13 AM,538.8,537,289335.6,1764890644.8999994
2025-08-01 09:24:13 AM,538.95,0,0.0,1764890644.8999994
2025-08-01 09:24:13 AM,539.0,0,0.0,1764890644.8999994
2025-08-01 09:24:14 AM,538.85,1852,997950.2000000001,1765888595.0999994
2025-08-01 09:24:14 AM,538.65,335,180447.75,1766069042.8499994
2025-08-01 09:24:14 AM,538.7,0,0.0,1766069042.8499994
2025-08-01 09:24:14 AM,538.85,0,0.0,1766069042.8499994
2025-08-01 09:24:15 AM,538.85,2377,1280846.45,1767349889.2999995
2025-08-01 09:24:15 AM,539.3,0,0.0,1767349889.2999995
2025-08-01 09:24:15 AM,538.75,0,0.0,1767349889.2999995
2025-08-01 09:24:16 AM,539.0,3503,1888117.0,1769238006.2999995
2025-08-01 09:24:16 AM,539.35,506,272911.10000000003,1769510917.3999994
2025-08-01 09:24:16 AM,538.95,0,0.0,1769510917.3999994
2025-08-01 09:24:16 AM,539.15,0,0.0,1769510917.3999994
2025-08-01 09:24:17 AM,539.25,4067,2193129.75,1771704047.1499994
2025-08-01 09:24:17 AM,539.25,864,465912.0,1772169959.1499994
2025-08-01 09:24:17 AM,538.85,0,0.0,1772169959.1499994
2025-08-01 09:24:17 AM,538.9,0,0.0,1772169959.1499994
2025-08-01 09:24:18 AM,539.2,7975,4300120.0,1776470079.1499994
2025-08-01 09:24:18 AM,538.65,733,394830.45,1776864909.5999994
2025-08-01 09:24:18 AM,539.0,0,0.0,1776864909.5999994
