date,price,qty,trnvr,cum_trnvr
2025-08-01 09:15:05 AM,419.0,127,53213.0,53213.0
2025-08-01 09:15:13 AM,419.85,0,0.0,53213.0
2025-08-01 09:15:16 AM,419.85,88,36946.8,90159.8
2025-08-01 09:15:53 AM,419.2,50,20960.0,111119.8
2025-08-01 09:16:17 AM,420.2,55,23111.0,134230.8
2025-08-01 09:16:21 AM,419.15,0,0.0,134230.8
2025-08-01 09:16:24 AM,419.15,1,419.15,134649.94999999998
2025-08-01 09:16:59 AM,420.0,0,0.0,134649.94999999998
2025-08-01 09:17:05 AM,420.0,57,23940.0,158589.94999999998
2025-08-01 09:18:01 AM,419.2,0,0.0,158589.94999999998
2025-08-01 09:18:03 AM,419.4,74,31035.6,189625.55
2025-08-01 09:18:15 AM,420.15,0,0.0,189625.55
2025-08-01 09:18:20 AM,420.15,1,420.15,190045.69999999998
2025-08-01 09:18:44 AM,419.55,298,125025.90000000001,315071.6
2025-08-01 09:19:03 AM,418.9,0,0.0,315071.6
2025-08-01 09:19:09 AM,418.9,312,130696.79999999999,445768.39999999997
2025-08-01 09:19:48 AM,418.05,0,0.0,445768.39999999997
2025-08-01 09:19:49 AM,418.05,9,3762.4500000000003,449530.85
2025-08-01 09:20:11 AM,418.65,0,0.0,449530.85
2025-08-01 09:20:12 AM,417.75,0,0.0,449530.85
2025-08-01 09:20:13 AM,417.75,181,75612.75,525143.6
2025-08-01 09:20:52 AM,417.75,1,417.75,525561.35
2025-08-01 09:21:39 AM,418.2,734,306958.8,832520.1499999999
2025-08-01 09:22:01 AM,418.3,91,38065.3,870585.45
2025-08-01 09:22:04 AM,418.9,0,0.0,870585.45
2025-08-01 09:22:09 AM,418.9,1,418.9,871004.35
2025-08-01 09:22:40 AM,419.1,34,14249.400000000001,885253.75
2025-08-01 09:22:40 AM,419.2,0,0.0,885253.75
2025-08-01 09:22:41 AM,419.2,25,10480.0,895733.75
2025-08-01 09:22:59 AM,418.65,0,0.0,895733.75
2025-08-01 09:23:02 AM,418.65,10,4186.5,899920.25
2025-08-01 09:23:10 AM,418.5,25,10462.5,910382.75
2025-08-01 09:23:33 AM,417.75,1355,566051.25,1476434.0
2025-08-01 09:23:52 AM,417.2,0,0.0,1476434.0
2025-08-01 09:23:56 AM,417.2,1,417.2,1476851.2
2025-08-01 09:24:51 AM,417.9,40,16716.0,1493567.2
2025-08-01 09:25:10 AM,418.15,0,0.0,1493567.2
2025-08-01 09:25:11 AM,418.15,12,5017.799999999999,1498585.0
2025-08-01 09:25:26 AM,418.35,20,8367.0,1506952.0
2025-08-01 09:25:40 AM,418.05,0,0.0,1506952.0
2025-08-01 09:25:41 AM,418.05,241,100750.05,1607702.05
2025-08-01 09:26:04 AM,418.2,100,41820.0,1649522.05
2025-08-01 09:26:11 AM,418.0,0,0.0,1649522.05
2025-08-01 09:26:12 AM,418.0,2,836.0,1650358.05
2025-08-01 09:27:23 AM,419.0,0,0.0,1650358.05
2025-08-01 09:27:27 AM,418.3,5,2091.5,1652449.55
2025-08-01 09:28:36 AM,418.35,1,418.35,1652867.9000000001
2025-08-01 09:30:59 AM,418.3,5,2091.5,1654959.4000000001
2025-08-01 09:32:38 AM,417.85,8,3342.8,1658302.2000000002
2025-08-01 09:33:22 AM,418.7,0,0.0,1658302.2000000002
2025-08-01 09:33:27 AM,418.7,100,41870.0,1700172.2000000002
2025-08-01 09:34:43 AM,418.7,5,2093.5,1702265.7000000002
2025-08-01 09:34:56 AM,419.0,0,0.0,1702265.7000000002
2025-08-01 09:34:57 AM,419.0,100,41900.0,1744165.7000000002
2025-08-01 09:35:07 AM,419.35,0,0.0,1744165.7000000002
2025-08-01 09:35:11 AM,419.35,15,6290.25,1750455.9500000002
2025-08-01 09:35:27 AM,419.3,0,0.0,1750455.9500000002
2025-08-01 09:35:32 AM,419.3,3,1257.9,1751713.85
2025-08-01 09:35:41 AM,419.45,0,0.0,1751713.85
2025-08-01 09:35:46 AM,419.45,50,20972.5,1772686.35
2025-08-01 09:37:35 AM,419.15,0,0.0,1772686.35
2025-08-01 09:37:40 AM,419.15,100,41915.0,1814601.35
2025-08-01 09:37:51 AM,419.1,0,0.0,1814601.35
2025-08-01 09:37:53 AM,419.1,4,1676.4,1816277.75
2025-08-01 09:38:05 AM,418.8,0,0.0,1816277.75
2025-08-01 09:38:07 AM,418.8,4,1675.2,1817952.95
2025-08-01 09:38:26 AM,418.3,0,0.0,1817952.95
2025-08-01 09:38:27 AM,418.3,1,418.3,1818371.25
2025-08-01 09:39:16 AM,417.75,0,0.0,1818371.25
2025-08-01 09:39:21 AM,417.75,1,417.75,1818789.0
2025-08-01 09:40:45 AM,417.9,0,0.0,1818789.0
2025-08-01 09:40:46 AM,417.8,0,0.0,1818789.0
2025-08-01 09:40:46 AM,417.8,67,27992.600000000002,1846781.6
2025-08-01 09:40:59 AM,417.75,37,15456.75,1862238.35
2025-08-01 09:43:58 AM,417.8,30,12534.0,1874772.35
2025-08-01 09:44:56 AM,417.8,2,835.6,1875607.9500000002
2025-08-01 09:46:33 AM,418.4,0,0.0,1875607.9500000002
2025-08-01 09:46:33 AM,418.4,50,20920.0,1896527.9500000002
2025-08-01 09:47:02 AM,417.65,0,0.0,1896527.9500000002
2025-08-01 09:47:04 AM,417.65,10,4176.5,1900704.4500000002
2025-08-01 09:47:26 AM,418.05,0,0.0,1900704.4500000002
2025-08-01 09:47:29 AM,418.05,278,116217.90000000001,2016922.35
2025-08-01 09:50:47 AM,418.05,3,1254.15,2018176.5
2025-08-01 09:52:41 AM,418.05,150,62707.5,2080884.0
2025-08-01 09:53:53 AM,418.05,80,33444.0,2114328.0
2025-08-01 09:56:06 AM,418.5,0,0.0,2114328.0
2025-08-01 09:56:06 AM,418.5,2,837.0,2115165.0
2025-08-01 09:58:35 AM,418.6,0,0.0,2115165.0
2025-08-01 09:58:35 AM,418.6,10,4186.0,2119351.0
2025-08-01 10:00:04 AM,418.55,0,0.0,2119351.0
2025-08-01 10:00:05 AM,418.55,4,1674.2,2121025.2
2025-08-01 10:03:39 AM,418.1,0,0.0,2121025.2
2025-08-01 10:03:40 AM,418.1,279,116649.90000000001,2237675.1
2025-08-01 10:04:11 AM,418.05,0,0.0,2237675.1
2025-08-01 10:04:11 AM,418.05,106,44313.3,2281988.4
2025-08-01 10:06:44 AM,418.05,1200,501660.0,2783648.4
2025-08-01 10:07:23 AM,418.1,40,16724.0,2800372.4
2025-08-01 10:07:35 AM,417.3,7,2921.1,2803293.5
2025-08-01 10:07:41 AM,417.05,179,74651.95,2877945.45
2025-08-01 10:08:00 AM,416.9,25,10422.5,2888367.95
2025-08-01 10:08:03 AM,417.95,0,0.0,2888367.95
2025-08-01 10:08:04 AM,417.95,100,41795.0,2930162.95
2025-08-01 10:10:54 AM,417.45,0,0.0,2930162.95
2025-08-01 10:10:56 AM,417.45,1,417.45,2930580.4000000004
2025-08-01 10:13:30 AM,417.55,0,0.0,2930580.4000000004
2025-08-01 10:13:33 AM,417.55,20,8351.0,2938931.4000000004
2025-08-01 10:19:19 AM,418.4,0,0.0,2938931.4000000004
2025-08-01 10:19:22 AM,418.4,100,41840.0,2980771.4000000004
2025-08-01 10:24:33 AM,418.7,0,0.0,2980771.4000000004
2025-08-01 10:24:35 AM,418.7,200,83740.0,3064511.4000000004
2025-08-01 10:27:00 AM,418.8,0,0.0,3064511.4000000004
2025-08-01 10:27:02 AM,418.8,304,127315.2,3191826.6000000006
2025-08-01 10:28:04 AM,420.0,0,0.0,3191826.6000000006
2025-08-01 10:28:05 AM,420.0,500,210000.0,3401826.6000000006
2025-08-01 10:28:46 AM,419.9,0,0.0,3401826.6000000006
2025-08-01 10:28:46 AM,419.9,1,419.9,3402246.5000000005
2025-08-01 10:30:10 AM,419.85,1,419.85,3402666.3500000006
2025-08-01 10:30:35 AM,419.9,0,0.0,3402666.3500000006
2025-08-01 10:30:36 AM,419.9,10,4199.0,3406865.3500000006
2025-08-01 10:31:53 AM,420.2,661,277752.2,3684617.5500000007
2025-08-01 10:31:55 AM,421.1,0,0.0,3684617.5500000007
2025-08-01 10:31:56 AM,421.1,28,11790.800000000001,3696408.3500000006
2025-08-01 10:31:58 AM,420.85,0,0.0,3696408.3500000006
2025-08-01 10:31:59 AM,420.85,52,21884.2,3718292.5500000007
2025-08-01 10:39:58 AM,421.8,0,0.0,3718292.5500000007
2025-08-01 10:39:58 AM,421.8,3,1265.4,3719557.9500000007
2025-08-01 10:41:18 AM,421.85,250,105462.5,3825020.4500000007
2025-08-01 10:47:12 AM,420.65,0,0.0,3825020.4500000007
2025-08-01 10:47:12 AM,420.65,800,336520.0,4161540.4500000007
2025-08-01 10:47:28 AM,421.2,0,0.0,4161540.4500000007
2025-08-01 10:47:28 AM,421.2,200,84240.0,4245780.450000001
2025-08-01 10:47:43 AM,420.3,0,0.0,4245780.450000001
2025-08-01 10:47:44 AM,420.3,25,10507.5,4256287.950000001
2025-08-01 10:49:23 AM,422.65,1253,529580.45,4785868.400000001
2025-08-01 10:49:32 AM,423.55,0,0.0,4785868.400000001
2025-08-01 10:49:32 AM,423.55,36,15247.800000000001,4801116.200000001
2025-08-01 10:50:10 AM,423.2,7,2962.4,4804078.6000000015
2025-08-01 10:53:32 AM,422.45,4,1689.8,4805768.400000001
2025-08-01 10:57:32 AM,423.0,12,5076.0,4810844.400000001
2025-08-01 11:00:11 AM,423.05,0,0.0,4810844.400000001
2025-08-01 11:00:12 AM,423.05,48,20306.4,4831150.800000002
2025-08-01 11:03:08 AM,423.2,11,4655.2,4835806.000000002
2025-08-01 11:03:35 AM,423.2,25,10580.0,4846386.000000002
2025-08-01 11:04:16 AM,423.05,2,846.1,4847232.1000000015
2025-08-01 11:04:23 AM,422.8,17,7187.6,4854419.700000001
2025-08-01 11:04:41 AM,422.8,100,42280.0,4896699.700000001
2025-08-01 11:05:23 AM,423.1,0,0.0,4896699.700000001
2025-08-01 11:05:24 AM,423.1,92,38925.200000000004,4935624.900000001
2025-08-01 11:06:19 AM,423.1,15,6346.5,4941971.400000001
2025-08-01 11:07:32 AM,423.1,99,41886.9,4983858.300000002
2025-08-01 11:08:25 AM,423.0,1,423.0,4984281.300000002
2025-08-01 11:12:42 AM,422.85,0,0.0,4984281.300000002
2025-08-01 11:12:45 AM,422.85,503,212693.55000000002,5196974.8500000015
2025-08-01 11:15:48 AM,422.4,0,0.0,5196974.8500000015
2025-08-01 11:15:48 AM,422.4,5,2112.0,5199086.8500000015
2025-08-01 11:16:22 AM,422.9,0,0.0,5199086.8500000015
2025-08-01 11:16:24 AM,422.9,6,2537.3999999999996,5201624.250000002
2025-08-01 11:16:44 AM,422.45,0,0.0,5201624.250000002
2025-08-01 11:16:45 AM,422.45,8,3379.6,5205003.8500000015
2025-08-01 11:17:58 AM,422.85,0,0.0,5205003.8500000015
2025-08-01 11:17:59 AM,422.85,1,422.85,5205426.700000001
2025-08-01 11:19:05 AM,422.4,0,0.0,5205426.700000001
2025-08-01 11:19:07 AM,422.4,1,422.4,5205849.1000000015
2025-08-01 11:22:11 AM,422.0,0,0.0,5205849.1000000015
2025-08-01 11:22:12 AM,422.0,38,16036.0,5221885.1000000015
2025-08-01 11:22:33 AM,421.9,0,0.0,5221885.1000000015
2025-08-01 11:22:34 AM,421.9,1,421.9,5222307.000000002
2025-08-01 11:25:52 AM,422.0,2,844.0,5223151.000000002
2025-08-01 11:30:44 AM,421.5,1,421.5,5223572.500000002
2025-08-01 11:31:19 AM,421.5,199,83878.5,5307451.000000002
2025-08-01 11:33:16 AM,421.05,0,0.0,5307451.000000002
2025-08-01 11:33:17 AM,421.05,371,156209.55000000002,5463660.550000002
2025-08-01 11:33:45 AM,420.85,0,0.0,5463660.550000002
2025-08-01 11:33:47 AM,420.85,1,420.85,5464081.400000001
2025-08-01 11:34:50 AM,420.6,0,0.0,5464081.400000001
2025-08-01 11:34:54 AM,420.6,25,10515.0,5474596.400000001
2025-08-01 11:35:52 AM,421.1,0,0.0,5474596.400000001
2025-08-01 11:35:52 AM,421.1,10,4211.0,5478807.400000001
2025-08-01 11:35:56 AM,420.8,0,0.0,5478807.400000001
2025-08-01 11:35:57 AM,420.8,2,841.6,5479649.000000001
2025-08-01 11:38:17 AM,421.15,0,0.0,5479649.000000001
2025-08-01 11:38:17 AM,421.15,1,421.15,5480070.150000001
2025-08-01 11:40:45 AM,421.15,2,842.3,5480912.450000001
2025-08-01 11:43:34 AM,421.45,0,0.0,5480912.450000001
2025-08-01 11:43:36 AM,421.45,25,10536.25,5491448.700000001
2025-08-01 11:43:48 AM,421.5,0,0.0,5491448.700000001
2025-08-01 11:43:51 AM,421.5,25,10537.5,5501986.200000001
2025-08-01 11:44:34 AM,421.05,0,0.0,5501986.200000001
2025-08-01 11:44:37 AM,421.05,3,1263.15,5503249.3500000015
2025-08-01 11:44:54 AM,420.6,45,18927.0,5522176.3500000015
2025-08-01 11:45:04 AM,421.4,50,21070.0,5543246.3500000015
2025-08-01 11:46:11 AM,421.0,0,0.0,5543246.3500000015
2025-08-01 11:46:13 AM,421.0,82,34522.0,5577768.3500000015
2025-08-01 11:51:20 AM,420.65,0,0.0,5577768.3500000015
2025-08-01 11:51:21 AM,420.65,14,5889.099999999999,5583657.450000001
2025-08-01 11:53:51 AM,421.45,0,0.0,5583657.450000001
2025-08-01 11:53:52 AM,421.45,52,21915.399999999998,5605572.8500000015
2025-08-01 11:57:39 AM,421.35,0,0.0,5605572.8500000015
2025-08-01 11:57:39 AM,421.35,5,2106.75,5607679.6000000015
2025-08-01 12:03:18 PM,421.35,1,421.35,5608100.950000001
2025-08-01 12:05:03 PM,421.05,76,31999.8,5640100.750000001
2025-08-01 12:07:59 PM,420.55,91,38270.05,5678370.800000001
2025-08-01 12:11:28 PM,420.55,25,10513.75,5688884.550000001
2025-08-01 12:11:37 PM,420.0,0,0.0,5688884.550000001
2025-08-01 12:11:38 PM,420.0,1945,816900.0,6505784.550000001
2025-08-01 12:12:23 PM,419.8,0,0.0,6505784.550000001
2025-08-01 12:12:26 PM,419.85,0,0.0,6505784.550000001
2025-08-01 12:12:27 PM,419.85,2,839.7,6506624.250000001
2025-08-01 12:13:27 PM,419.85,5,2099.25,6508723.500000001
2025-08-01 12:13:54 PM,419.8,0,0.0,6508723.500000001
2025-08-01 12:13:57 PM,419.8,1,419.8,6509143.300000001
2025-08-01 12:14:47 PM,419.75,0,0.0,6509143.300000001
2025-08-01 12:14:47 PM,419.75,3,1259.25,6510402.550000001
2025-08-01 12:15:38 PM,419.75,20,8395.0,6518797.550000001
2025-08-01 12:15:49 PM,419.8,1,419.8,6519217.350000001
2025-08-01 12:16:16 PM,419.85,0,0.0,6519217.350000001
2025-08-01 12:16:19 PM,419.85,3,1259.5500000000002,6520476.9
2025-08-01 12:16:33 PM,419.4,2,838.8,6521315.7
2025-08-01 12:17:07 PM,419.2,1,419.2,6521734.9
2025-08-01 12:22:59 PM,419.85,0,0.0,6521734.9
2025-08-01 12:23:03 PM,419.85,12,5038.200000000001,6526773.100000001
2025-08-01 12:23:47 PM,419.85,10,4198.5,6530971.600000001
2025-08-01 12:25:07 PM,420.15,14,5882.099999999999,6536853.7
2025-08-01 12:31:34 PM,420.65,0,0.0,6536853.7
2025-08-01 12:31:34 PM,420.65,1,420.65,6537274.350000001
2025-08-01 12:31:50 PM,420.65,50,21032.5,6558306.850000001
2025-08-01 12:33:05 PM,420.85,0,0.0,6558306.850000001
2025-08-01 12:33:07 PM,420.85,7,2945.9500000000003,6561252.800000001
2025-08-01 12:39:23 PM,420.75,0,0.0,6561252.800000001
2025-08-01 12:39:25 PM,420.75,20,8415.0,6569667.800000001
2025-08-01 12:39:50 PM,420.45,2,840.9,6570508.700000001
2025-08-01 12:39:51 PM,420.35,4,1681.4,6572190.1000000015
2025-08-01 12:40:03 PM,420.3,0,0.0,6572190.1000000015
2025-08-01 12:40:06 PM,420.3,1,420.3,6572610.400000001
2025-08-01 12:45:42 PM,419.7,4,1678.8,6574289.200000001
2025-08-01 12:45:51 PM,420.4,0,0.0,6574289.200000001
2025-08-01 12:45:52 PM,420.4,393,165217.19999999998,6739506.400000001
2025-08-01 12:46:06 PM,420.7,0,0.0,6739506.400000001
2025-08-01 12:46:07 PM,420.7,3,1262.1,6740768.500000001
2025-08-01 12:46:35 PM,420.4,0,0.0,6740768.500000001
2025-08-01 12:46:37 PM,420.4,4,1681.6,6742450.100000001
2025-08-01 12:49:00 PM,420.05,0,0.0,6742450.100000001
2025-08-01 12:49:03 PM,420.05,6,2520.3,6744970.4
2025-08-01 12:52:46 PM,420.85,366,154031.1,6899001.5
2025-08-01 12:57:51 PM,420.75,0,0.0,6899001.5
2025-08-01 12:57:53 PM,420.75,1,420.75,6899422.25
2025-08-01 12:58:35 PM,420.45,0,0.0,6899422.25
2025-08-01 12:58:39 PM,420.45,15,6306.75,6905729.0
2025-08-01 12:58:42 PM,420.65,0,0.0,6905729.0
2025-08-01 12:58:44 PM,420.65,1,420.65,6906149.65
2025-08-01 01:00:47 PM,420.15,0,0.0,6906149.65
2025-08-01 01:00:48 PM,420.15,25,10503.75,6916653.4
2025-08-01 01:04:37 PM,420.65,100,42065.0,6958718.4
2025-08-01 01:05:12 PM,421.4,53,22334.199999999997,6981052.600000001
2025-08-01 01:07:23 PM,421.7,0,0.0,6981052.600000001
2025-08-01 01:07:25 PM,421.7,10,4217.0,6985269.600000001
2025-08-01 01:07:36 PM,421.15,0,0.0,6985269.600000001
2025-08-01 01:07:36 PM,421.15,250,105287.5,7090557.100000001
2025-08-01 01:11:24 PM,421.05,17,7157.85,7097714.95
2025-08-01 01:12:24 PM,421.95,83,35021.85,7132736.8
2025-08-01 01:12:53 PM,421.95,8,3375.6,7136112.399999999
2025-08-01 01:14:11 PM,422.35,0,0.0,7136112.399999999
2025-08-01 01:14:12 PM,422.35,8,3378.8,7139491.199999999
2025-08-01 01:14:29 PM,422.15,1,422.15,7139913.35
2025-08-01 01:16:55 PM,422.0,0,0.0,7139913.35
2025-08-01 01:16:56 PM,422.0,1,422.0,7140335.35
2025-08-01 01:18:15 PM,421.6,0,0.0,7140335.35
2025-08-01 01:18:16 PM,421.6,19,8010.400000000001,7148345.75
2025-08-01 01:18:46 PM,421.6,3,1264.8000000000002,7149610.55
2025-08-01 01:20:50 PM,421.8,0,0.0,7149610.55
2025-08-01 01:20:50 PM,421.8,2,843.6,7150454.149999999
2025-08-01 01:23:16 PM,421.9,0,0.0,7150454.149999999
2025-08-01 01:23:17 PM,421.9,10,4219.0,7154673.149999999
2025-08-01 01:24:51 PM,421.85,0,0.0,7154673.149999999
2025-08-01 01:24:53 PM,421.85,2,843.7,7155516.85
2025-08-01 01:26:52 PM,421.3,0,0.0,7155516.85
2025-08-01 01:26:52 PM,421.3,120,50556.0,7206072.85
2025-08-01 01:27:39 PM,421.25,0,0.0,7206072.85
2025-08-01 01:27:41 PM,421.25,2,842.5,7206915.35
2025-08-01 01:30:47 PM,421.85,0,0.0,7206915.35
2025-08-01 01:30:49 PM,421.85,101,42606.850000000006,7249522.199999999
2025-08-01 01:31:17 PM,422.2,0,0.0,7249522.199999999
2025-08-01 01:31:20 PM,422.2,14,5910.8,7255432.999999999
2025-08-01 01:38:51 PM,421.8,0,0.0,7255432.999999999
2025-08-01 01:38:52 PM,421.8,259,109246.2,7364679.199999999
2025-08-01 01:38:58 PM,420.95,148,62300.6,7426979.799999999
2025-08-01 01:39:03 PM,420.95,147,61879.65,7488859.449999999
2025-08-01 01:39:03 PM,420.25,0,0.0,7488859.449999999
2025-08-01 01:39:08 PM,420.25,196,82369.0,7571228.449999999
2025-08-01 01:42:26 PM,420.95,0,0.0,7571228.449999999
2025-08-01 01:42:28 PM,420.95,114,47988.299999999996,7619216.749999999
2025-08-01 01:45:15 PM,421.35,0,0.0,7619216.749999999
2025-08-01 01:45:17 PM,421.35,1,421.35,7619638.099999999
2025-08-01 01:46:38 PM,421.3,0,0.0,7619638.099999999
2025-08-01 01:46:41 PM,421.3,16,6740.8,7626378.8999999985
2025-08-01 01:56:24 PM,420.3,0,0.0,7626378.8999999985
2025-08-01 01:56:28 PM,420.3,2,840.6,7627219.499999998
2025-08-01 01:56:32 PM,419.9,0,0.0,7627219.499999998
2025-08-01 01:56:33 PM,419.9,30,12597.0,7639816.499999998
2025-08-01 01:56:34 PM,420.65,0,0.0,7639816.499999998
2025-08-01 01:56:38 PM,420.65,15,6309.75,7646126.249999998
2025-08-01 01:57:24 PM,420.35,0,0.0,7646126.249999998
2025-08-01 01:57:28 PM,420.35,5,2101.75,7648227.999999998
2025-08-01 01:58:02 PM,420.85,0,0.0,7648227.999999998
2025-08-01 01:58:06 PM,420.85,2,841.7,7649069.699999998
2025-08-01 01:59:25 PM,420.35,0,0.0,7649069.699999998
2025-08-01 01:59:27 PM,420.35,4,1681.4,7650751.099999999
2025-08-01 01:59:46 PM,420.65,0,0.0,7650751.099999999
2025-08-01 01:59:47 PM,420.65,4,1682.6,7652433.699999998
2025-08-01 02:00:25 PM,420.45,0,0.0,7652433.699999998
2025-08-01 02:00:27 PM,420.45,5,2102.25,7654535.949999998
2025-08-01 02:01:25 PM,420.85,5,2104.25,7656640.199999998
2025-08-01 02:02:03 PM,420.1,0,0.0,7656640.199999998
2025-08-01 02:02:04 PM,420.1,25,10502.5,7667142.699999998
2025-08-01 02:02:21 PM,421.2,0,0.0,7667142.699999998
2025-08-01 02:02:23 PM,421.2,182,76658.4,7743801.099999999
2025-08-01 02:02:24 PM,421.15,4,1684.6,7745485.699999998
2025-08-01 02:02:49 PM,421.65,0,0.0,7745485.699999998
2025-08-01 02:02:53 PM,421.65,1,421.65,7745907.349999999
2025-08-01 02:02:55 PM,421.25,0,0.0,7745907.349999999
2025-08-01 02:02:58 PM,421.25,1,421.25,7746328.599999999
2025-08-01 02:03:24 PM,421.2,2,842.4,7747170.999999999
2025-08-01 02:03:51 PM,420.9,0,0.0,7747170.999999999
2025-08-01 02:03:54 PM,420.9,1,420.9,7747591.899999999
2025-08-01 02:04:24 PM,420.85,3,1262.5500000000002,7748854.449999999
2025-08-01 02:05:25 PM,420.8,2,841.6,7749696.049999999
2025-08-01 02:06:18 PM,420.9,0,0.0,7749696.049999999
2025-08-01 02:06:20 PM,420.9,11,4629.9,7754325.949999999
2025-08-01 02:06:25 PM,420.85,4,1683.4,7756009.35
2025-08-01 02:07:24 PM,420.8,0,0.0,7756009.35
2025-08-01 02:07:26 PM,420.8,2,841.6,7756850.949999999
2025-08-01 02:08:24 PM,420.75,0,0.0,7756850.949999999
2025-08-01 02:08:28 PM,420.75,1,420.75,7757271.699999999
2025-08-01 02:09:25 PM,420.75,12,5049.0,7762320.699999999
2025-08-01 02:09:39 PM,420.75,1,420.75,7762741.449999999
2025-08-01 02:10:24 PM,420.7,5,2103.5,7764844.949999999
2025-08-01 02:11:24 PM,420.9,0,0.0,7764844.949999999
2025-08-01 02:11:27 PM,420.9,2,841.8,7765686.749999999
2025-08-01 02:12:24 PM,420.9,3,1262.6999999999998,7766949.449999999
2025-08-01 02:12:32 PM,421.25,0,0.0,7766949.449999999
2025-08-01 02:12:33 PM,421.25,65,27381.25,7794330.699999999
2025-08-01 02:12:34 PM,421.85,0,0.0,7794330.699999999
2025-08-01 02:12:34 PM,421.85,227,95759.95000000001,7890090.649999999
2025-08-01 02:12:36 PM,422.5,0,0.0,7890090.649999999
2025-08-01 02:12:38 PM,422.5,31,13097.5,7903188.149999999
2025-08-01 02:12:49 PM,422.4,0,0.0,7903188.149999999
2025-08-01 02:12:50 PM,422.4,25,10560.0,7913748.149999999
2025-08-01 02:13:01 PM,422.5,0,0.0,7913748.149999999
2025-08-01 02:13:04 PM,422.5,25,10562.5,7924310.649999999
2025-08-01 02:13:09 PM,422.35,0,0.0,7924310.649999999
2025-08-01 02:13:09 PM,422.35,2,844.7,7925155.35
2025-08-01 02:13:24 PM,422.35,2,844.7,7926000.05
2025-08-01 02:14:25 PM,422.35,4,1689.4,7927689.45
2025-08-01 02:14:30 PM,422.35,44,18583.4,7946272.850000001
2025-08-01 02:15:24 PM,422.35,2,844.7,7947117.550000001
2025-08-01 02:15:29 PM,422.35,216,91227.6,8038345.15
2025-08-01 02:17:24 PM,421.7,0,0.0,8038345.15
2025-08-01 02:17:24 PM,421.7,9,3795.2999999999997,8042140.45
2025-08-01 02:18:24 PM,421.6,0,0.0,8042140.45
2025-08-01 02:18:25 PM,421.6,6,2529.6000000000004,8044670.05
2025-08-01 02:19:27 PM,421.6,2,843.2,8045513.25
2025-08-01 02:20:09 PM,421.6,7,2951.2000000000003,8048464.45
2025-08-01 02:20:24 PM,421.6,3,1264.8000000000002,8049729.25
2025-08-01 02:20:49 PM,422.0,46,19412.0,8069141.25
2025-08-01 02:21:07 PM,422.3,0,0.0,8069141.25
2025-08-01 02:21:10 PM,422.3,4,1689.2,8070830.45
2025-08-01 02:22:24 PM,421.6,2,843.2,8071673.65
2025-08-01 02:22:30 PM,422.0,19,8018.0,8079691.65
2025-08-01 02:22:53 PM,422.1,0,0.0,8079691.65
2025-08-01 02:22:56 PM,422.1,20,8442.0,8088133.65
2025-08-01 02:23:24 PM,421.65,0,0.0,8088133.65
2025-08-01 02:23:29 PM,421.65,2,843.3,8088976.95
2025-08-01 02:24:24 PM,421.6,0,0.0,8088976.95
2025-08-01 02:24:27 PM,421.6,7,2951.2000000000003,8091928.15
2025-08-01 02:24:36 PM,421.65,0,0.0,8091928.15
2025-08-01 02:24:37 PM,421.65,7,2951.5499999999997,8094879.7
2025-08-01 02:25:04 PM,421.65,3,1264.9499999999998,8096144.65
2025-08-01 02:25:24 PM,421.6,0,0.0,8096144.65
2025-08-01 02:25:25 PM,421.6,2,843.2,8096987.850000001
2025-08-01 02:26:24 PM,421.6,5,2108.0,8099095.850000001
2025-08-01 02:27:28 PM,421.6,3,1264.8000000000002,8100360.65
2025-08-01 02:28:27 PM,421.6,3,1264.8000000000002,8101625.45
2025-08-01 02:29:24 PM,421.6,2,843.2,8102468.65
2025-08-01 02:30:24 PM,421.6,4,1686.4,8104155.050000001
2025-08-01 02:31:24 PM,421.6,2,843.2,8104998.250000001
2025-08-01 02:31:39 PM,421.05,0,0.0,8104998.250000001
2025-08-01 02:31:40 PM,421.05,2505,1054730.25,9159728.5
2025-08-01 02:31:57 PM,420.85,9,3787.65,9163516.15
2025-08-01 02:32:53 PM,420.8,0,0.0,9163516.15
2025-08-01 02:32:55 PM,420.8,6,2524.8,9166040.950000001
2025-08-01 02:33:26 PM,420.45,0,0.0,9166040.950000001
2025-08-01 02:33:26 PM,420.45,2,840.9,9166881.850000001
2025-08-01 02:34:26 PM,420.35,0,0.0,9166881.850000001
2025-08-01 02:34:26 PM,420.35,6,2522.1000000000004,9169403.950000001
2025-08-01 02:35:18 PM,420.6,0,0.0,9169403.950000001
2025-08-01 02:35:18 PM,420.6,2,841.2,9170245.15
2025-08-01 02:35:54 PM,420.7,0,0.0,9170245.15
2025-08-01 02:35:56 PM,420.7,12,5048.4,9175293.55
2025-08-01 02:36:24 PM,420.65,3,1261.9499999999998,9176555.5
2025-08-01 02:37:24 PM,420.6,2,841.2,9177396.7
2025-08-01 02:39:24 PM,420.1,0,0.0,9177396.7
2025-08-01 02:39:26 PM,420.1,4,1680.4,9179077.1
2025-08-01 02:40:25 PM,420.2,0,0.0,9179077.1
2025-08-01 02:40:27 PM,420.2,5,2101.0,9181178.1
2025-08-01 02:41:24 PM,420.15,0,0.0,9181178.1
2025-08-01 02:41:28 PM,420.15,2,840.3,9182018.4
2025-08-01 02:42:21 PM,419.85,13,5458.05,9187476.450000001
2025-08-01 02:42:26 PM,419.85,5,2099.25,9189575.700000001
2025-08-01 02:43:24 PM,419.95,0,0.0,9189575.700000001
2025-08-01 02:43:25 PM,419.95,2,839.9,9190415.600000001
2025-08-01 02:44:26 PM,419.9,0,0.0,9190415.600000001
2025-08-01 02:44:26 PM,419.9,3,1259.6999999999998,9191675.3
2025-08-01 02:45:26 PM,419.85,0,0.0,9191675.3
2025-08-01 02:45:28 PM,419.85,2,839.7,9192515.0
2025-08-01 02:46:24 PM,419.85,29,12175.650000000001,9204690.65
2025-08-01 02:46:28 PM,419.75,0,0.0,9204690.65
2025-08-01 02:46:29 PM,419.75,1,419.75,9205110.4
2025-08-01 02:47:25 PM,419.2,0,0.0,9205110.4
2025-08-01 02:47:25 PM,419.2,4,1676.8,9206787.200000001
2025-08-01 02:48:03 PM,419.8,0,0.0,9206787.200000001
2025-08-01 02:48:05 PM,419.8,83,34843.4,9241630.600000001
2025-08-01 02:48:15 PM,419.95,0,0.0,9241630.600000001
2025-08-01 02:48:17 PM,419.95,270,113386.5,9355017.100000001
2025-08-01 02:48:24 PM,419.9,0,0.0,9355017.100000001
2025-08-01 02:48:28 PM,419.9,3,1259.6999999999998,9356276.8
2025-08-01 02:49:10 PM,420.25,0,0.0,9356276.8
2025-08-01 02:49:12 PM,420.25,25,10506.25,9366783.05
2025-08-01 02:50:24 PM,419.85,2,839.7,9367622.75
2025-08-01 02:50:51 PM,420.15,2,840.3,9368463.05
2025-08-01 02:50:57 PM,420.2,0,0.0,9368463.05
2025-08-01 02:51:02 PM,420.2,6,2521.2,9370984.25
2025-08-01 02:51:24 PM,420.15,2,840.3,9371824.55
2025-08-01 02:51:32 PM,420.65,0,0.0,9371824.55
2025-08-01 02:51:33 PM,420.15,0,0.0,9371824.55
2025-08-01 02:51:34 PM,420.15,2,840.3,9372664.850000001
2025-08-01 02:52:24 PM,420.2,0,0.0,9372664.850000001
2025-08-01 02:52:28 PM,420.2,3,1260.6,9373925.450000001
2025-08-01 02:53:24 PM,420.15,0,0.0,9373925.450000001
2025-08-01 02:53:27 PM,420.15,2,840.3,9374765.750000002
2025-08-01 02:54:25 PM,420.15,4,1680.6,9376446.350000001
2025-08-01 02:54:33 PM,420.15,1,420.15,9376866.500000002
2025-08-01 02:55:15 PM,420.65,0,0.0,9376866.500000002
2025-08-01 02:55:15 PM,420.65,5,2103.25,9378969.750000002
2025-08-01 02:56:24 PM,420.15,0,0.0,9378969.750000002
2025-08-01 02:56:27 PM,420.45,3,1261.35,9380231.100000001
2025-08-01 02:57:24 PM,420.15,0,0.0,9380231.100000001
2025-08-01 02:57:27 PM,420.15,3,1260.4499999999998,9381491.55
2025-08-01 02:58:24 PM,420.15,7,2941.0499999999997,9384432.600000001
2025-08-01 03:00:05 PM,420.15,1,420.15,9384852.750000002
2025-08-01 03:00:43 PM,420.45,150,63067.5,9447920.250000002
2025-08-01 03:01:20 PM,419.3,100,41930.0,9489850.250000002
2025-08-01 03:02:03 PM,419.9,26,10917.4,9500767.650000002
2025-08-01 03:02:15 PM,419.9,3,1259.6999999999998,9502027.350000001
2025-08-01 03:03:43 PM,419.9,3,1259.6999999999998,9503287.05
2025-08-01 03:04:26 PM,419.2,21,8803.199999999999,9512090.25
2025-08-01 03:04:41 PM,419.0,0,0.0,9512090.25
2025-08-01 03:04:42 PM,419.0,12,5028.0,9517118.25
2025-08-01 03:04:51 PM,419.25,3,1257.75,9518376.0
2025-08-01 03:05:58 PM,419.55,0,0.0,9518376.0
2025-08-01 03:05:59 PM,420.05,367,154158.35,9672534.35
2025-08-01 03:06:51 PM,420.0,0,0.0,9672534.35
2025-08-01 03:06:53 PM,420.0,31,13020.0,9685554.35
2025-08-01 03:08:14 PM,419.4,0,0.0,9685554.35
2025-08-01 03:08:16 PM,419.4,1,419.4,9685973.75
2025-08-01 03:08:32 PM,419.6,4,1678.4,9687652.15
2025-08-01 03:08:42 PM,419.65,0,0.0,9687652.15
2025-08-01 03:08:44 PM,419.65,10,4196.5,9691848.65
2025-08-01 03:09:56 PM,420.0,747,313740.0,10005588.65
2025-08-01 03:10:02 PM,419.85,0,0.0,10005588.65
2025-08-01 03:10:03 PM,419.85,21,8816.85,10014405.5
2025-08-01 03:10:44 PM,419.0,400,167600.0,10182005.5
2025-08-01 03:13:13 PM,419.65,1,419.65,10182425.15
2025-08-01 03:14:04 PM,419.55,10,4195.5,10186620.65
2025-08-01 03:14:34 PM,419.65,0,0.0,10186620.65
2025-08-01 03:14:35 PM,419.65,220,92323.0,10278943.65
2025-08-01 03:14:49 PM,419.0,100,41900.0,10320843.65
2025-08-01 03:15:31 PM,419.0,83,34777.0,10355620.65
2025-08-01 03:16:20 PM,418.65,10,4186.5,10359807.15
2025-08-01 03:16:53 PM,418.65,1,418.65,10360225.8
2025-08-01 03:16:58 PM,419.4,0,0.0,10360225.8
2025-08-01 03:16:59 PM,419.4,56,23486.399999999998,10383712.200000001
2025-08-01 03:17:03 PM,418.65,0,0.0,10383712.200000001
2025-08-01 03:17:06 PM,418.65,5,2093.25,10385805.450000001
2025-08-01 03:17:13 PM,418.75,2,837.5,10386642.950000001
2025-08-01 03:17:15 PM,418.65,5,2093.25,10388736.200000001
2025-08-01 03:18:00 PM,418.6,1,418.6,10389154.8
2025-08-01 03:18:05 PM,418.95,0,0.0,10389154.8
2025-08-01 03:18:05 PM,418.95,2,837.9,10389992.700000001
2025-08-01 03:18:57 PM,418.05,0,0.0,10389992.700000001
2025-08-01 03:18:58 PM,418.05,3,1254.15,10391246.850000001
2025-08-01 03:19:13 PM,418.25,2,836.5,10392083.350000001
2025-08-01 03:19:15 PM,419.0,0,0.0,10392083.350000001
2025-08-01 03:19:18 PM,419.0,298,124862.0,10516945.350000001
2025-08-01 03:20:01 PM,417.85,0,0.0,10516945.350000001
2025-08-01 03:20:03 PM,417.85,223,93180.55,10610125.900000002
2025-08-01 03:21:17 PM,417.8,77,32170.600000000002,10642296.500000002
2025-08-01 03:21:23 PM,417.3,201,83877.3,10726173.800000003
2025-08-01 03:21:42 PM,417.45,12,5009.4,10731183.200000003
2025-08-01 03:22:08 PM,417.35,10,4173.5,10735356.700000003
2025-08-01 03:23:02 PM,417.55,2,835.1,10736191.800000003
2025-08-01 03:23:22 PM,417.55,150,62632.5,10798824.300000003
2025-08-01 03:23:27 PM,418.0,0,0.0,10798824.300000003
2025-08-01 03:23:29 PM,418.0,308,128744.0,10927568.300000003
2025-08-01 03:23:47 PM,417.05,0,0.0,10927568.300000003
2025-08-01 03:23:48 PM,417.05,537,223955.85,11151524.150000002
2025-08-01 03:24:08 PM,417.15,0,0.0,11151524.150000002
2025-08-01 03:24:08 PM,417.15,28,11680.199999999999,11163204.350000001
2025-08-01 03:25:26 PM,417.2,0,0.0,11163204.350000001
2025-08-01 03:25:28 PM,417.2,269,112226.8,11275431.150000002
2025-08-01 03:25:35 PM,417.05,173,72149.65000000001,11347580.800000003
2025-08-01 03:25:46 PM,417.5,0,0.0,11347580.800000003
2025-08-01 03:25:47 PM,417.5,569,237557.5,11585138.300000003
2025-08-01 03:26:47 PM,417.75,30,12532.5,11597670.800000003
2025-08-01 03:27:27 PM,417.35,0,0.0,11597670.800000003
2025-08-01 03:27:28 PM,417.35,1,417.35,11598088.150000002
2025-08-01 03:27:57 PM,417.35,307,128126.45000000001,11726214.600000001
2025-08-01 03:28:02 PM,417.05,0,0.0,11726214.600000001
2025-08-01 03:28:03 PM,417.05,65,27108.25,11753322.850000001
2025-08-01 03:28:40 PM,418.9,69,28904.1,11782226.950000001
2025-08-01 03:29:19 PM,417.3,0,0.0,11782226.950000001
2025-08-01 03:29:22 PM,417.3,7,2921.1,11785148.05
2025-08-01 03:29:31 PM,417.35,0,0.0,11785148.05
2025-08-01 03:29:31 PM,417.35,9,3756.15,11788904.200000001
2025-08-01 03:29:59 PM,417.35,1,417.35,11789321.55
