date,price,qty,trnvr,cum_trnvr
2025-08-01 09:15:01 AM,1887.7,60,113262.0,113262.0
2025-08-01 09:15:15 AM,1890.8,4,7563.2,120825.2
2025-08-01 09:15:20 AM,1888.2,0,0.0,120825.2
2025-08-01 09:15:23 AM,1887.8,19,35868.2,156693.4
2025-08-01 09:15:32 AM,1887.8,2,3775.6,160469.0
2025-08-01 09:15:34 AM,1887.8,19,35868.2,196337.2
2025-08-01 09:15:42 AM,1889.9,3,5669.700000000001,202006.90000000002
2025-08-01 09:15:44 AM,1887.8,0,0.0,202006.90000000002
2025-08-01 09:15:51 AM,1887.8,2,3775.6,205782.50000000003
2025-08-01 09:16:02 AM,1881.9,0,0.0,205782.50000000003
2025-08-01 09:16:04 AM,1882.8,0,0.0,205782.50000000003
2025-08-01 09:16:05 AM,1882.8,2235,4208058.0,4413840.5
2025-08-01 09:16:07 AM,1876.1,54,101309.4,4515149.9
2025-08-01 09:16:09 AM,1874.7,0,0.0,4515149.9
2025-08-01 09:16:13 AM,1874.8,11,20622.8,4535772.7
2025-08-01 09:16:15 AM,1874.3,219,410471.7,4946244.4
2025-08-01 09:16:18 AM,1875.1,0,0.0,4946244.4
2025-08-01 09:16:21 AM,1875.1,10,18751.0,4964995.4
2025-08-01 09:16:23 AM,1875.2,112,210022.4,5175017.800000001
2025-08-01 09:16:28 AM,1880.3,0,0.0,5175017.800000001
2025-08-01 09:16:30 AM,1880.3,5,9401.5,5184419.300000001
2025-08-01 09:16:36 AM,1875.4,0,0.0,5184419.300000001
2025-08-01 09:16:38 AM,1875.4,70,131278.0,5315697.300000001
2025-08-01 09:16:46 AM,1876.4,7,13134.800000000001,5328832.100000001
2025-08-01 09:16:54 AM,1876.4,10,18764.0,5347596.100000001
2025-08-01 09:17:03 AM,1878.4,93,174691.2,5522287.300000001
2025-08-01 09:17:07 AM,1882.7,0,0.0,5522287.300000001
2025-08-01 09:17:11 AM,1882.8,130,244764.0,5767051.300000001
2025-08-01 09:17:12 AM,1885.8,43,81089.4,5848140.700000001
2025-08-01 09:17:14 AM,1882.8,0,0.0,5848140.700000001
2025-08-01 09:17:16 AM,1882.7,0,0.0,5848140.700000001
2025-08-01 09:17:19 AM,1882.7,41,77190.7,5925331.400000001
2025-08-01 09:17:20 AM,1884.9,7,13194.300000000001,5938525.700000001
2025-08-01 09:17:23 AM,1880.2,0,0.0,5938525.700000001
2025-08-01 09:17:24 AM,1882.2,0,0.0,5938525.700000001
2025-08-01 09:17:27 AM,1880.0,142,266960.0,6205485.700000001
2025-08-01 09:17:28 AM,1879.7,2,3759.4,6209245.1000000015
2025-08-01 09:17:31 AM,1879.8,0,0.0,6209245.1000000015
2025-08-01 09:17:33 AM,1879.7,0,0.0,6209245.1000000015
2025-08-01 09:17:36 AM,1878.7,23,43210.1,6252455.200000001
2025-08-01 09:17:39 AM,1878.6,0,0.0,6252455.200000001
2025-08-01 09:17:44 AM,1879.3,23,43223.9,6295679.1000000015
2025-08-01 09:17:48 AM,1878.0,0,0.0,6295679.1000000015
2025-08-01 09:17:50 AM,1878.1,0,0.0,6295679.1000000015
2025-08-01 09:17:52 AM,1878.1,7,13146.699999999999,6308825.800000002
2025-08-01 09:17:53 AM,1878.1,1,1878.1,6310703.900000001
2025-08-01 09:17:57 AM,1880.5,0,0.0,6310703.900000001
2025-08-01 09:17:59 AM,1882.6,0,0.0,6310703.900000001
2025-08-01 09:18:00 AM,1880.0,78,146640.0,6457343.900000001
2025-08-01 09:18:04 AM,1883.4,0,0.0,6457343.900000001
2025-08-01 09:18:07 AM,1885.3,0,0.0,6457343.900000001
2025-08-01 09:18:09 AM,1885.3,152,286565.6,6743909.500000001
2025-08-01 09:18:12 AM,1886.6,0,0.0,6743909.500000001
2025-08-01 09:18:17 AM,1888.5,27,50989.5,6794899.000000001
2025-08-01 09:18:21 AM,1890.1,0,0.0,6794899.000000001
2025-08-01 09:18:25 AM,1890.1,54,102065.4,6896964.400000001
2025-08-01 09:18:28 AM,1890.7,0,0.0,6896964.400000001
2025-08-01 09:18:30 AM,1891.0,0,0.0,6896964.400000001
2025-08-01 09:18:34 AM,1891.0,49,92659.0,6989623.400000001
2025-08-01 09:18:35 AM,1890.9,44,83199.6,7072823.000000001
2025-08-01 09:18:38 AM,1889.8,0,0.0,7072823.000000001
2025-08-01 09:18:42 AM,1889.6,37,69915.2,7142738.200000001
2025-08-01 09:18:44 AM,1888.7,0,0.0,7142738.200000001
2025-08-01 09:18:50 AM,1888.7,17,32107.9,7174846.1000000015
2025-08-01 09:18:54 AM,1886.8,0,0.0,7174846.1000000015
2025-08-01 09:18:58 AM,1886.8,1,1886.8,7176732.900000001
2025-08-01 09:19:02 AM,1888.3,0,0.0,7176732.900000001
2025-08-01 09:19:06 AM,1888.3,4,7553.2,7184286.1000000015
2025-08-01 09:20:02 AM,1889.2,1,1889.2,7186175.300000002
2025-08-01 09:20:09 AM,1888.2,0,0.0,7186175.300000002
2025-08-01 09:20:10 AM,1888.0,0,0.0,7186175.300000002
2025-08-01 09:20:10 AM,1888.0,101,190688.0,7376863.300000002
2025-08-01 09:20:18 AM,1885.8,4,7543.2,7384406.500000002
2025-08-01 09:20:20 AM,1884.8,3,5654.4,7390060.900000002
2025-08-01 09:20:23 AM,1884.4,0,0.0,7390060.900000002
2025-08-01 09:20:26 AM,1886.0,34,64124.0,7454184.900000002
2025-08-01 09:20:28 AM,1888.4,41,77424.40000000001,7531609.300000003
2025-08-01 09:20:34 AM,1891.8,8,15134.4,7546743.700000003
2025-08-01 09:20:41 AM,1891.4,0,0.0,7546743.700000003
2025-08-01 09:20:42 AM,1891.4,1,1891.4,7548635.100000003
2025-08-01 09:20:48 AM,1887.7,0,0.0,7548635.100000003
2025-08-01 09:20:50 AM,1889.6,668,1262252.8,8810887.900000004
2025-08-01 09:20:51 AM,1889.7,31,58580.700000000004,8869468.600000003
2025-08-01 09:20:57 AM,1890.1,55,103955.5,8973424.100000003
2025-08-01 09:21:02 AM,1890.6,0,0.0,8973424.100000003
2025-08-01 09:21:05 AM,1890.6,5,9453.0,8982877.100000003
2025-08-01 09:21:09 AM,1890.5,0,0.0,8982877.100000003
2025-08-01 09:21:11 AM,1890.8,0,0.0,8982877.100000003
2025-08-01 09:21:13 AM,1890.8,26,49160.799999999996,9032037.900000004
2025-08-01 09:21:16 AM,1892.5,0,0.0,9032037.900000004
2025-08-01 09:21:21 AM,1892.1,46,87036.59999999999,9119074.500000004
2025-08-01 09:21:25 AM,1896.0,0,0.0,9119074.500000004
2025-08-01 09:21:29 AM,1896.0,414,784944.0,9904018.500000004
2025-08-01 09:21:30 AM,1900.0,0,0.0,9904018.500000004
2025-08-01 09:21:32 AM,1899.0,0,0.0,9904018.500000004
2025-08-01 09:21:37 AM,1899.0,2148,4079052.0,13983070.500000004
2025-08-01 09:21:39 AM,1899.8,0,0.0,13983070.500000004
2025-08-01 09:21:42 AM,1900.5,0,0.0,13983070.500000004
2025-08-01 09:21:44 AM,1900.5,403,765901.5,14748972.000000004
2025-08-01 09:21:45 AM,1899.5,4,7598.0,14756570.000000004
2025-08-01 09:21:45 AM,1902.8,0,0.0,14756570.000000004
2025-08-01 09:21:48 AM,1901.2,0,0.0,14756570.000000004
2025-08-01 09:21:51 AM,1901.4,0,0.0,14756570.000000004
2025-08-01 09:21:52 AM,1901.4,185,351759.0,15108329.000000004
2025-08-01 09:21:55 AM,1904.9,0,0.0,15108329.000000004
2025-08-01 09:21:59 AM,1902.8,159,302545.2,15410874.200000003
2025-08-01 09:22:02 AM,1903.0,0,0.0,15410874.200000003
2025-08-01 09:22:05 AM,1899.7,0,0.0,15410874.200000003
2025-08-01 09:22:07 AM,1899.7,107,203267.9,15614142.100000003
2025-08-01 09:22:09 AM,1900.1,0,0.0,15614142.100000003
2025-08-01 09:22:12 AM,1900.0,0,0.0,15614142.100000003
2025-08-01 09:22:15 AM,1900.0,13,24700.0,15638842.100000003
2025-08-01 09:22:16 AM,1899.9,0,0.0,15638842.100000003
2025-08-01 09:22:19 AM,1899.8,0,0.0,15638842.100000003
2025-08-01 09:22:22 AM,1899.8,13,24697.399999999998,15663539.500000004
2025-08-01 09:22:30 AM,1899.9,3,5699.700000000001,15669239.200000003
2025-08-01 09:22:33 AM,1901.7,0,0.0,15669239.200000003
2025-08-01 09:22:37 AM,1901.7,2,3803.4,15673042.600000003
2025-08-01 09:22:45 AM,1899.8,54,102589.2,15775631.800000003
2025-08-01 09:22:47 AM,1901.5,5,9507.5,15785139.300000003
2025-08-01 09:22:54 AM,1900.5,15,28507.5,15813646.800000003
2025-08-01 09:22:57 AM,1901.4,0,0.0,15813646.800000003
2025-08-01 09:23:00 AM,1901.4,69,131196.6,15944843.400000002
2025-08-01 09:23:08 AM,1901.1,425,807967.5,16752810.900000002
2025-08-01 09:23:10 AM,1901.5,20,38030.0,16790840.900000002
2025-08-01 09:23:17 AM,1901.9,242,460259.80000000005,17251100.700000003
2025-08-01 09:23:18 AM,1902.5,0,0.0,17251100.700000003
2025-08-01 09:23:23 AM,1902.6,14,26636.399999999998,17277737.1
2025-08-01 09:23:25 AM,1902.2,73,138860.6,17416597.700000003
2025-08-01 09:23:31 AM,1902.0,0,0.0,17416597.700000003
2025-08-01 09:23:32 AM,1901.9,0,0.0,17416597.700000003
2025-08-01 09:23:33 AM,1901.9,15,28528.5,17445126.200000003
2025-08-01 09:23:38 AM,1900.3,8,15202.4,17460328.6
2025-08-01 09:23:45 AM,1900.1,0,0.0,17460328.6
2025-08-01 09:23:46 AM,1900.1,1,1900.1,17462228.700000003
2025-08-01 09:23:48 AM,1901.9,31,58958.9,17521187.6
2025-08-01 09:23:57 AM,1900.0,0,0.0,17521187.6
2025-08-01 09:24:01 AM,1900.0,53,100700.0,17621887.6
2025-08-01 09:24:04 AM,1901.4,0,0.0,17621887.6
2025-08-01 09:24:09 AM,1899.6,235,446406.0,18068293.6
2025-08-01 09:24:17 AM,1895.0,256,485120.0,18553413.6
2025-08-01 09:24:18 AM,1895.1,35,66328.5,18619742.1
2025-08-01 09:24:23 AM,1896.7,0,0.0,18619742.1
2025-08-01 09:24:24 AM,1896.7,1,1896.7,18621638.8
2025-08-01 09:24:26 AM,1895.7,6,11374.2,18633013.0
2025-08-01 09:24:30 AM,1895.3,0,0.0,18633013.0
2025-08-01 09:24:32 AM,1895.3,4,7581.2,18640594.2
2025-08-01 09:24:39 AM,1894.7,7,13262.9,18653857.099999998
2025-08-01 09:24:47 AM,1895.7,215,407575.5,19061432.599999998
2025-08-01 09:24:54 AM,1894.5,0,0.0,19061432.599999998
2025-08-01 09:24:56 AM,1894.5,4,7578.0,19069010.599999998
2025-08-01 09:25:01 AM,1892.1,0,0.0,19069010.599999998
2025-08-01 09:25:02 AM,1892.1,53,100281.29999999999,19169291.9
2025-08-01 09:25:08 AM,1891.7,0,0.0,19169291.9
2025-08-01 09:25:09 AM,1891.7,18,34050.6,19203342.5
2025-08-01 09:25:11 AM,1891.9,11,20810.9,19224153.4
2025-08-01 09:25:16 AM,1892.3,0,0.0,19224153.4
2025-08-01 09:25:17 AM,1892.3,1,1892.3,19226045.7
2025-08-01 09:25:21 AM,1893.1,0,0.0,19226045.7
2025-08-01 09:25:24 AM,1893.1,2,3786.2,19229831.9
2025-08-01 09:25:28 AM,1893.5,0,0.0,19229831.9
2025-08-01 09:25:32 AM,1894.8,4,7579.2,19237411.099999998
2025-08-01 09:25:39 AM,1893.4,10,18934.0,19256345.099999998
2025-08-01 09:25:44 AM,1895.8,0,0.0,19256345.099999998
2025-08-01 09:25:47 AM,1893.4,113,213954.2,19470299.299999997
2025-08-01 09:25:54 AM,1893.7,11,20830.7,19491129.999999996
2025-08-01 09:26:02 AM,1892.5,1,1892.5,19493022.499999996
2025-08-01 09:26:09 AM,1892.2,0,0.0,19493022.499999996
2025-08-01 09:26:09 AM,1892.2,1,1892.2,19494914.699999996
2025-08-01 09:26:15 AM,1892.3,0,0.0,19494914.699999996
2025-08-01 09:26:17 AM,1892.3,3,5676.9,19500591.599999994
2025-08-01 09:26:36 AM,1891.0,0,0.0,19500591.599999994
2025-08-01 09:26:40 AM,1891.0,250,472750.0,19973341.599999994
2025-08-01 09:26:45 AM,1891.4,0,0.0,19973341.599999994
2025-08-01 09:26:48 AM,1891.4,27,51067.8,20024409.399999995
2025-08-01 09:26:57 AM,1893.1,1,1893.1,20026302.499999996
2025-08-01 09:27:16 AM,1892.9,0,0.0,20026302.499999996
2025-08-01 09:27:18 AM,1892.9,4,7571.6,20033874.099999998
2025-08-01 09:27:31 AM,1895.4,0,0.0,20033874.099999998
2025-08-01 09:27:32 AM,1895.4,10,18954.0,20052828.099999998
2025-08-01 09:27:40 AM,1894.8,1,1894.8,20054722.9
2025-08-01 09:28:37 AM,1895.1,0,0.0,20054722.9
2025-08-01 09:28:41 AM,1895.1,27,51167.7,20105890.599999998
2025-08-01 09:28:47 AM,1895.0,0,0.0,20105890.599999998
2025-08-01 09:28:49 AM,1895.0,3,5685.0,20111575.599999998
2025-08-01 09:29:04 AM,1896.7,0,0.0,20111575.599999998
2025-08-01 09:29:04 AM,1896.7,53,100525.1,20212100.7
2025-08-01 09:29:06 AM,1895.0,0,0.0,20212100.7
2025-08-01 09:29:10 AM,1894.9,0,0.0,20212100.7
2025-08-01 09:29:11 AM,1893.0,0,0.0,20212100.7
2025-08-01 09:29:12 AM,1893.0,35,66255.0,20278355.7
2025-08-01 09:29:20 AM,1893.0,3,5679.0,20284034.7
2025-08-01 09:29:21 AM,1891.9,57,107838.3,20391873.0
2025-08-01 09:29:26 AM,1892.6,0,0.0,20391873.0
2025-08-01 09:29:27 AM,1892.6,2,3785.2,20395658.2
2025-08-01 09:29:31 AM,1891.9,0,0.0,20395658.2
2025-08-01 09:29:35 AM,1891.9,7,13243.300000000001,20408901.5
2025-08-01 09:29:41 AM,1890.6,0,0.0,20408901.5
2025-08-01 09:29:42 AM,1890.6,1500,2835900.0,23244801.5
2025-08-01 09:29:46 AM,1890.8,0,0.0,23244801.5
2025-08-01 09:29:49 AM,1889.3,165,311734.5,23556536.0
2025-08-01 09:29:50 AM,1890.6,22,41593.2,23598129.2
2025-08-01 09:29:56 AM,1890.3,0,0.0,23598129.2
2025-08-01 09:29:57 AM,1890.3,30,56709.0,23654838.2
2025-08-01 09:30:03 AM,1891.2,0,0.0,23654838.2
2025-08-01 09:30:05 AM,1890.2,11,20792.2,23675630.4
2025-08-01 09:30:12 AM,1890.2,1,1890.2,23677520.599999998
2025-08-01 09:30:13 AM,1890.2,1,1890.2,23679410.799999997
2025-08-01 09:30:17 AM,1889.9,0,0.0,23679410.799999997
2025-08-01 09:30:20 AM,1889.9,5,9449.5,23688860.299999997
2025-08-01 09:30:24 AM,1889.1,0,0.0,23688860.299999997
2025-08-01 09:30:27 AM,1889.1,28,52894.799999999996,23741755.099999998
2025-08-01 09:30:28 AM,1886.0,1,1886.0,23743641.099999998
2025-08-01 09:30:31 AM,1887.3,0,0.0,23743641.099999998
2025-08-01 09:30:34 AM,1887.2,5,9436.0,23753077.099999998
2025-08-01 09:30:45 AM,1886.0,0,0.0,23753077.099999998
2025-08-01 09:30:49 AM,1886.0,1,1886.0,23754963.099999998
2025-08-01 09:30:57 AM,1885.1,1,1885.1,23756848.2
2025-08-01 09:31:03 AM,1885.0,0,0.0,23756848.2
2025-08-01 09:31:04 AM,1885.0,21,39585.0,23796433.2
2025-08-01 09:31:09 AM,1882.6,0,0.0,23796433.2
2025-08-01 09:31:11 AM,1882.6,9,16943.399999999998,23813376.599999998
2025-08-01 09:31:19 AM,1883.4,7,13183.800000000001,23826560.4
2025-08-01 09:31:31 AM,1882.8,0,0.0,23826560.4
2025-08-01 09:31:32 AM,1883.4,0,0.0,23826560.4
2025-08-01 09:31:33 AM,1883.4,2,3766.8,23830327.2
2025-08-01 09:31:40 AM,1882.8,25,47070.0,23877397.2
2025-08-01 09:31:49 AM,1880.1,0,0.0,23877397.2
2025-08-01 09:31:54 AM,1880.1,6,11280.599999999999,23888677.8
2025-08-01 09:31:59 AM,1880.0,0,0.0,23888677.8
2025-08-01 09:32:01 AM,1880.0,21,39480.0,23928157.8
2025-08-01 09:32:08 AM,1880.0,3,5640.0,23933797.8
2025-08-01 09:32:29 AM,1881.2,0,0.0,23933797.8
2025-08-01 09:32:29 AM,1881.2,1,1881.2,23935679.0
2025-08-01 09:32:34 AM,1878.6,0,0.0,23935679.0
2025-08-01 09:32:36 AM,1881.5,511,961446.5,24897125.5
2025-08-01 09:32:43 AM,1881.5,63,118534.5,25015660.0
2025-08-01 09:32:50 AM,1881.8,6,11290.8,25026950.8
2025-08-01 09:32:58 AM,1882.8,0,0.0,25026950.8
2025-08-01 09:33:04 AM,1882.8,2,3765.6,25030716.400000002
2025-08-01 09:33:15 AM,1883.7,0,0.0,25030716.400000002
2025-08-01 09:33:18 AM,1883.7,13,24488.100000000002,25055204.500000004
2025-08-01 09:33:24 AM,1884.5,14,26383.0,25081587.500000004
2025-08-01 09:33:31 AM,1884.5,11,20729.5,25102317.000000004
2025-08-01 09:33:35 AM,1887.6,0,0.0,25102317.000000004
2025-08-01 09:33:38 AM,1887.6,2,3775.2,25106092.200000003
2025-08-01 09:33:59 AM,1890.0,12,22680.0,25128772.200000003
2025-08-01 09:34:05 AM,1889.7,0,0.0,25128772.200000003
2025-08-01 09:34:06 AM,1889.7,5,9448.5,25138220.700000003
2025-08-01 09:34:07 AM,1889.7,1,1889.7,25140110.400000002
2025-08-01 09:34:12 AM,1889.8,0,0.0,25140110.400000002
2025-08-01 09:34:13 AM,1889.8,1,1889.8,25142000.200000003
2025-08-01 09:34:18 AM,1890.0,0,0.0,25142000.200000003
2025-08-01 09:34:20 AM,1889.9,0,0.0,25142000.200000003
2025-08-01 09:34:21 AM,1889.9,12,22678.800000000003,25164679.000000004
2025-08-01 09:34:23 AM,1888.6,0,0.0,25164679.000000004
2025-08-01 09:34:25 AM,1888.2,0,0.0,25164679.000000004
2025-08-01 09:34:28 AM,1888.2,148,279453.60000000003,25444132.600000005
2025-08-01 09:34:30 AM,1886.7,0,0.0,25444132.600000005
2025-08-01 09:34:33 AM,1886.8,0,0.0,25444132.600000005
2025-08-01 09:34:34 AM,1886.8,16,30188.8,25474321.400000006
2025-08-01 09:34:35 AM,1886.9,0,0.0,25474321.400000006
2025-08-01 09:34:41 AM,1886.9,1,1886.9,25476208.300000004
2025-08-01 09:34:48 AM,1886.9,2,3773.8,25479982.100000005
2025-08-01 09:35:37 AM,1886.9,1,1886.9,25481869.000000004
2025-08-01 09:39:00 AM,1887.1,0,0.0,25481869.000000004
2025-08-01 09:39:05 AM,1887.1,5,9435.5,25491304.500000004
2025-08-01 09:39:10 AM,1886.0,0,0.0,25491304.500000004
2025-08-01 09:39:12 AM,1886.0,111,209346.0,25700650.500000004
2025-08-01 09:39:19 AM,1885.0,23,43355.0,25744005.500000004
2025-08-01 09:39:20 AM,1884.5,0,0.0,25744005.500000004
2025-08-01 09:39:25 AM,1884.6,0,0.0,25744005.500000004
2025-08-01 09:39:26 AM,1884.6,3,5653.799999999999,25749659.300000004
2025-08-01 09:39:30 AM,1884.1,0,0.0,25749659.300000004
2025-08-01 09:39:32 AM,1884.1,2,3768.2,25753427.500000004
2025-08-01 09:39:52 AM,1884.1,25,47102.5,25800530.000000004
2025-08-01 09:39:57 AM,1884.2,0,0.0,25800530.000000004
2025-08-01 09:39:58 AM,1884.2,3,5652.6,25806182.600000005
2025-08-01 09:40:32 AM,1885.7,11,20742.7,25826925.300000004
2025-08-01 09:40:41 AM,1884.5,0,0.0,25826925.300000004
2025-08-01 09:40:44 AM,1884.5,1,1884.5,25828809.800000004
2025-08-01 09:40:48 AM,1886.6,0,0.0,25828809.800000004
2025-08-01 09:40:51 AM,1886.6,1,1886.6,25830696.400000006
2025-08-01 09:40:57 AM,1886.0,3,5658.0,25836354.400000006
2025-08-01 09:41:08 AM,1886.3,0,0.0,25836354.400000006
2025-08-01 09:41:11 AM,1886.3,1,1886.3,25838240.700000007
2025-08-01 09:42:03 AM,1886.3,4,7545.2,25845785.900000006
2025-08-01 09:42:17 AM,1886.0,15,28290.0,25874075.900000006
2025-08-01 09:42:30 AM,1886.0,2,3772.0,25877847.900000006
2025-08-01 09:43:55 AM,1884.1,0,0.0,25877847.900000006
2025-08-01 09:43:55 AM,1884.1,314,591607.4,26469455.300000004
2025-08-01 09:43:59 AM,1887.1,0,0.0,26469455.300000004
2025-08-01 09:44:01 AM,1887.1,69,130209.9,26599665.200000003
2025-08-01 09:44:03 AM,1889.3,0,0.0,26599665.200000003
2025-08-01 09:44:08 AM,1889.3,21,39675.299999999996,26639340.500000004
2025-08-01 09:44:15 AM,1889.7,3,5669.1,26645009.600000005
2025-08-01 09:44:22 AM,1891.1,1,1891.1,26646900.700000007
2025-08-01 09:44:27 AM,1890.2,0,0.0,26646900.700000007
2025-08-01 09:44:29 AM,1890.2,249,470659.8,27117560.500000007
2025-08-01 09:44:37 AM,1888.0,0,0.0,27117560.500000007
2025-08-01 09:44:41 AM,1888.0,25,47200.0,27164760.500000007
2025-08-01 09:44:47 AM,1887.9,3,5663.700000000001,27170424.200000007
2025-08-01 09:44:51 AM,1888.8,0,0.0,27170424.200000007
2025-08-01 09:44:54 AM,1888.8,2,3777.6,27174201.80000001
2025-08-01 09:45:35 AM,1888.7,0,0.0,27174201.80000001
2025-08-01 09:45:39 AM,1888.7,19,35885.3,27210087.10000001
2025-08-01 09:45:46 AM,1887.3,2,3774.6,27213861.70000001
2025-08-01 09:47:13 AM,1887.2,0,0.0,27213861.70000001
2025-08-01 09:47:15 AM,1887.2,2,3774.4,27217636.10000001
2025-08-01 09:47:43 AM,1886.8,1,1886.8,27219522.90000001
2025-08-01 09:47:54 AM,1886.0,0,0.0,27219522.90000001
2025-08-01 09:47:54 AM,1886.0,1,1886.0,27221408.90000001
2025-08-01 09:48:31 AM,1885.9,0,0.0,27221408.90000001
2025-08-01 09:48:33 AM,1885.9,6,11315.400000000001,27232724.30000001
2025-08-01 09:49:11 AM,1886.8,0,0.0,27232724.30000001
2025-08-01 09:49:11 AM,1886.8,1,1886.8,27234611.10000001
2025-08-01 09:49:15 AM,1886.0,0,0.0,27234611.10000001
2025-08-01 09:49:17 AM,1886.0,7,13202.0,27247813.10000001
2025-08-01 09:49:19 AM,1886.0,2,3772.0,27251585.10000001
2025-08-01 09:49:38 AM,1887.0,6,11322.0,27262907.10000001
2025-08-01 09:49:51 AM,1886.0,0,0.0,27262907.10000001
2025-08-01 09:49:51 AM,1886.0,1,1886.0,27264793.10000001
2025-08-01 09:50:11 AM,1886.0,3,5658.0,27270451.10000001
2025-08-01 09:50:23 AM,1887.1,11,20758.1,27291209.20000001
2025-08-01 09:50:34 AM,1886.3,0,0.0,27291209.20000001
2025-08-01 09:50:35 AM,1886.3,1,1886.3,27293095.50000001
2025-08-01 09:51:17 AM,1887.1,0,0.0,27293095.50000001
2025-08-01 09:51:17 AM,1887.1,34,64161.399999999994,27357256.90000001
2025-08-01 09:51:28 AM,1886.5,0,0.0,27357256.90000001
2025-08-01 09:51:29 AM,1886.5,4,7546.0,27364802.90000001
2025-08-01 09:51:51 AM,1886.7,0,0.0,27364802.90000001
2025-08-01 09:51:51 AM,1886.7,9,16980.3,27381783.20000001
2025-08-01 09:52:00 AM,1886.7,2,3773.4,27385556.60000001
2025-08-01 09:52:58 AM,1885.7,0,0.0,27385556.60000001
2025-08-01 09:52:58 AM,1885.7,145,273426.5,27658983.10000001
2025-08-01 09:53:10 AM,1886.1,15,28291.5,27687274.60000001
2025-08-01 09:53:11 AM,1886.2,0,0.0,27687274.60000001
2025-08-01 09:53:14 AM,1886.2,7,13203.4,27700478.000000007
2025-08-01 09:53:20 AM,1886.7,1,1886.7,27702364.700000007
2025-08-01 09:53:22 AM,1886.7,1,1886.7,27704251.400000006
2025-08-01 09:53:28 AM,1887.1,4,7548.4,27711799.800000004
2025-08-01 09:53:32 AM,1887.1,3,5661.299999999999,27717461.100000005
2025-08-01 09:53:38 AM,1887.1,1,1887.1,27719348.200000007
2025-08-01 09:53:45 AM,1887.1,21,39629.1,27758977.30000001
2025-08-01 09:53:51 AM,1887.8,1,1887.8,27760865.10000001
2025-08-01 09:53:56 AM,1887.1,0,0.0,27760865.10000001
2025-08-01 09:53:57 AM,1887.1,2,3774.2,27764639.30000001
2025-08-01 09:54:03 AM,1887.1,8,15096.8,27779736.10000001
2025-08-01 09:54:14 AM,1886.7,0,0.0,27779736.10000001
2025-08-01 09:54:16 AM,1886.7,1,1886.7,27781622.80000001
2025-08-01 09:54:27 AM,1885.7,0,0.0,27781622.80000001
2025-08-01 09:54:28 AM,1885.8,32,60345.6,27841968.40000001
2025-08-01 09:54:35 AM,1885.0,1,1885.0,27843853.40000001
2025-08-01 09:54:41 AM,1885.0,4,7540.0,27851393.40000001
2025-08-01 09:55:05 AM,1884.7,6,11308.2,27862701.60000001
2025-08-01 09:55:16 AM,1883.4,0,0.0,27862701.60000001
2025-08-01 09:55:16 AM,1883.4,1,1883.4,27864585.000000007
2025-08-01 09:55:17 AM,1885.6,81,152733.6,28017318.60000001
2025-08-01 09:55:22 AM,1885.0,0,0.0,28017318.60000001
2025-08-01 09:55:22 AM,1885.0,21,39585.0,28056903.60000001
2025-08-01 09:55:28 AM,1885.0,8,15080.0,28071983.60000001
2025-08-01 09:55:34 AM,1885.0,2,3770.0,28075753.60000001
2025-08-01 09:55:40 AM,1885.0,1,1885.0,28077638.60000001
2025-08-01 09:55:58 AM,1885.0,9,16965.0,28094603.60000001
2025-08-01 09:56:05 AM,1885.0,1,1885.0,28096488.60000001
2025-08-01 09:56:42 AM,1883.6,0,0.0,28096488.60000001
2025-08-01 09:56:45 AM,1883.2,0,0.0,28096488.60000001
2025-08-01 09:56:46 AM,1883.2,113,212801.6,28309290.20000001
2025-08-01 09:56:52 AM,1881.3,16,30100.8,28339391.00000001
2025-08-01 09:56:58 AM,1880.6,27,50776.2,28390167.20000001
2025-08-01 09:57:04 AM,1880.7,1,1880.7,28392047.90000001
2025-08-01 09:57:09 AM,1880.5,0,0.0,28392047.90000001
2025-08-01 09:57:10 AM,1880.5,3,5641.5,28397689.40000001
2025-08-01 09:57:17 AM,1880.4,0,0.0,28397689.40000001
2025-08-01 09:57:18 AM,1880.4,9,16923.600000000002,28414613.00000001
2025-08-01 09:57:27 AM,1880.4,1,1880.4,28416493.40000001
2025-08-01 09:58:36 AM,1880.0,13,24440.0,28440933.40000001
2025-08-01 09:58:42 AM,1881.5,0,0.0,28440933.40000001
2025-08-01 09:58:43 AM,1881.5,40,75260.0,28516193.40000001
2025-08-01 09:58:52 AM,1880.6,4,7522.4,28523715.80000001
2025-08-01 09:59:23 AM,1878.8,1470,2761836.0,31285551.80000001
2025-08-01 09:59:26 AM,1878.0,4,7512.0,31293063.80000001
2025-08-01 09:59:28 AM,1879.0,0,0.0,31293063.80000001
2025-08-01 09:59:29 AM,1879.0,20,37580.0,31330643.80000001
2025-08-01 09:59:32 AM,1878.4,0,0.0,31330643.80000001
2025-08-01 09:59:32 AM,1878.4,35,65744.0,31396387.80000001
2025-08-01 09:59:35 AM,1878.7,136,255503.2,31651891.000000007
2025-08-01 09:59:45 AM,1878.6,0,0.0,31651891.000000007
2025-08-01 09:59:48 AM,1878.6,14,26300.399999999998,31678191.400000006
2025-08-01 09:59:51 AM,1878.5,14,26299.0,31704490.400000006
2025-08-01 09:59:57 AM,1877.0,82,153914.0,31858404.400000006
2025-08-01 10:00:00 AM,1877.1,0,0.0,31858404.400000006
2025-08-01 10:00:00 AM,1877.1,2,3754.2,31862158.600000005
2025-08-01 10:00:03 AM,1875.3,0,0.0,31862158.600000005
2025-08-01 10:00:03 AM,1875.3,2,3750.6,31865909.200000007
2025-08-01 10:00:06 AM,1875.1,13,24376.3,31890285.500000007
2025-08-01 10:00:09 AM,1874.7,0,0.0,31890285.500000007
2025-08-01 10:00:09 AM,1874.7,483,905480.1,32795765.60000001
2025-08-01 10:00:16 AM,1872.3,0,0.0,32795765.60000001
2025-08-01 10:00:16 AM,1872.3,2,3744.6,32799510.20000001
2025-08-01 10:00:19 AM,1872.3,48,89870.4,32889380.60000001
2025-08-01 10:00:21 AM,1873.0,0,0.0,32889380.60000001
2025-08-01 10:00:22 AM,1873.0,1,1873.0,32891253.60000001
2025-08-01 10:00:29 AM,1872.0,5,9360.0,32900613.60000001
2025-08-01 10:00:38 AM,1872.0,1,1872.0,32902485.60000001
2025-08-01 10:01:00 AM,1872.0,8,14976.0,32917461.60000001
2025-08-01 10:01:18 AM,1873.6,0,0.0,32917461.60000001
2025-08-01 10:01:19 AM,1873.6,1,1873.6,32919335.20000001
2025-08-01 10:01:28 AM,1872.3,1,1872.3,32921207.50000001
2025-08-01 10:01:55 AM,1873.0,0,0.0,32921207.50000001
2025-08-01 10:01:57 AM,1873.0,2,3746.0,32924953.50000001
2025-08-01 10:01:58 AM,1872.2,11,20594.2,32945547.70000001
2025-08-01 10:02:07 AM,1873.0,0,0.0,32945547.70000001
2025-08-01 10:02:09 AM,1869.9,0,0.0,32945547.70000001
2025-08-01 10:02:09 AM,1869.9,236,441296.4,33386844.10000001
2025-08-01 10:02:14 AM,1870.0,0,0.0,33386844.10000001
2025-08-01 10:02:15 AM,1870.1,55,102855.5,33489699.60000001
2025-08-01 10:02:23 AM,1870.0,2,3740.0,33493439.60000001
2025-08-01 10:02:34 AM,1869.6,5,9348.0,33502787.60000001
2025-08-01 10:02:42 AM,1871.0,17,31807.0,33534594.60000001
2025-08-01 10:02:47 AM,1871.6,30,56148.0,33590742.60000001
2025-08-01 10:02:50 AM,1871.8,0,0.0,33590742.60000001
2025-08-01 10:02:53 AM,1871.8,14,26205.2,33616947.80000001
2025-08-01 10:02:58 AM,1871.9,0,0.0,33616947.80000001
2025-08-01 10:03:00 AM,1874.1,130,243633.0,33860580.80000001
2025-08-01 10:03:06 AM,1873.3,0,0.0,33860580.80000001
2025-08-01 10:03:06 AM,1873.3,4,7493.2,33868074.000000015
2025-08-01 10:03:08 AM,1872.9,7,13110.300000000001,33881184.30000001
2025-08-01 10:03:12 AM,1872.9,16,29966.4,33911150.70000001
2025-08-01 10:03:22 AM,1873.3,0,0.0,33911150.70000001
2025-08-01 10:03:25 AM,1873.3,15,28099.5,33939250.20000001
2025-08-01 10:03:32 AM,1873.8,1,1873.8,33941124.00000001
2025-08-01 10:03:38 AM,1873.2,0,0.0,33941124.00000001
2025-08-01 10:03:38 AM,1873.2,84,157348.80000000002,34098472.800000004
2025-08-01 10:03:46 AM,1873.1,0,0.0,34098472.800000004
2025-08-01 10:03:46 AM,1873.1,9,16857.899999999998,34115330.7
2025-08-01 10:03:51 AM,1873.0,15,28095.0,34143425.7
2025-08-01 10:04:03 AM,1873.0,2,3746.0,34147171.7
2025-08-01 10:04:05 AM,1873.0,14,26222.0,34173393.7
2025-08-01 10:04:15 AM,1873.0,12,22476.0,34195869.7
2025-08-01 10:04:22 AM,1870.4,0,0.0,34195869.7
2025-08-01 10:04:22 AM,1870.0,126,235620.0,34431489.7
2025-08-01 10:04:24 AM,1870.0,1,1870.0,34433359.7
2025-08-01 10:04:30 AM,1870.0,8,14960.0,34448319.7
2025-08-01 10:04:41 AM,1869.0,6,11214.0,34459533.7
2025-08-01 10:04:44 AM,1870.4,0,0.0,34459533.7
2025-08-01 10:04:47 AM,1870.7,13,24319.100000000002,34483852.800000004
2025-08-01 10:04:59 AM,1869.5,2,3739.0,34487591.800000004
2025-08-01 10:05:01 AM,1870.9,33,61739.700000000004,34549331.50000001
2025-08-01 10:05:12 AM,1872.2,0,0.0,34549331.50000001
2025-08-01 10:05:12 AM,1872.2,380,711436.0,35260767.50000001
2025-08-01 10:05:23 AM,1872.5,0,0.0,35260767.50000001
2025-08-01 10:05:24 AM,1872.5,22,41195.0,35301962.50000001
2025-08-01 10:05:26 AM,1872.3,23,43062.9,35345025.400000006
2025-08-01 10:05:30 AM,1872.2,1,1872.2,35346897.60000001
2025-08-01 10:05:32 AM,1873.7,140,262318.0,35609215.60000001
2025-08-01 10:05:36 AM,1872.2,14,26210.8,35635426.400000006
2025-08-01 10:05:42 AM,1872.2,14,26210.8,35661637.2
2025-08-01 10:05:50 AM,1872.2,15,28083.0,35689720.2
2025-08-01 10:05:54 AM,1872.2,1,1872.2,35691592.400000006
2025-08-01 10:06:00 AM,1872.2,2,3744.4,35695336.800000004
2025-08-01 10:06:06 AM,1871.6,27,50533.2,35745870.00000001
2025-08-01 10:06:11 AM,1871.3,0,0.0,35745870.00000001
2025-08-01 10:06:12 AM,1871.3,2,3742.6,35749612.60000001
2025-08-01 10:06:18 AM,1870.4,0,0.0,35749612.60000001
2025-08-01 10:06:18 AM,1870.4,3,5611.200000000001,35755223.80000001
2025-08-01 10:06:56 AM,1870.0,0,0.0,35755223.80000001
2025-08-01 10:07:00 AM,1869.0,28,52332.0,35807555.80000001
2025-08-01 10:07:13 AM,1869.0,3,5607.0,35813162.80000001
2025-08-01 10:07:37 AM,1868.2,21,39232.200000000004,35852395.000000015
2025-08-01 10:07:43 AM,1869.3,0,0.0,35852395.000000015
2025-08-01 10:07:43 AM,1869.3,13,24300.899999999998,35876695.90000001
2025-08-01 10:07:53 AM,1867.0,0,0.0,35876695.90000001
2025-08-01 10:07:56 AM,1868.0,3,5604.0,35882299.90000001
2025-08-01 10:07:58 AM,1867.0,0,0.0,35882299.90000001
2025-08-01 10:07:58 AM,1867.0,6,11202.0,35893501.90000001
2025-08-01 10:08:02 AM,1868.0,0,0.0,35893501.90000001
2025-08-01 10:08:02 AM,1868.0,5,9340.0,35902841.90000001
2025-08-01 10:08:12 AM,1867.0,0,0.0,35902841.90000001
2025-08-01 10:08:15 AM,1867.0,1,1867.0,35904708.90000001
2025-08-01 10:08:41 AM,1868.0,1,1868.0,35906576.90000001
2025-08-01 10:08:56 AM,1867.2,0,0.0,35906576.90000001
2025-08-01 10:08:56 AM,1867.2,1,1867.2,35908444.10000002
2025-08-01 10:09:34 AM,1868.6,21,39240.6,35947684.70000002
2025-08-01 10:09:36 AM,1870.3,0,0.0,35947684.70000002
2025-08-01 10:09:38 AM,1870.3,3,5610.9,35953295.60000002
2025-08-01 10:09:48 AM,1870.4,0,0.0,35953295.60000002
2025-08-01 10:09:49 AM,1870.4,101,188910.40000000002,36142206.000000015
2025-08-01 10:09:57 AM,1870.4,14,26185.600000000002,36168391.60000002
2025-08-01 10:10:06 AM,1871.0,0,0.0,36168391.60000002
2025-08-01 10:10:06 AM,1871.0,45,84195.0,36252586.60000002
2025-08-01 10:10:18 AM,1870.4,5,9352.0,36261938.60000002
2025-08-01 10:10:20 AM,1871.0,4,7484.0,36269422.60000002
2025-08-01 10:10:24 AM,1871.0,5,9355.0,36278777.60000002
2025-08-01 10:10:32 AM,1870.4,0,0.0,36278777.60000002
2025-08-01 10:10:32 AM,1870.4,1,1870.4,36280648.000000015
2025-08-01 10:10:35 AM,1871.7,0,0.0,36280648.000000015
2025-08-01 10:10:36 AM,1871.7,30,56151.0,36336799.000000015
2025-08-01 10:10:38 AM,1871.0,0,0.0,36336799.000000015
2025-08-01 10:10:38 AM,1871.0,14,26194.0,36362993.000000015
2025-08-01 10:10:48 AM,1871.0,5,9355.0,36372348.000000015
2025-08-01 10:10:50 AM,1872.2,0,0.0,36372348.000000015
2025-08-01 10:10:50 AM,1872.1,0,0.0,36372348.000000015
2025-08-01 10:10:50 AM,1872.1,14,26209.399999999998,36398557.40000001
2025-08-01 10:10:58 AM,1873.0,0,0.0,36398557.40000001
2025-08-01 10:11:00 AM,1873.0,7,13111.0,36411668.40000001
2025-08-01 10:11:01 AM,1872.4,1,1872.4,36413540.80000001
2025-08-01 10:11:06 AM,1872.4,9,16851.600000000002,36430392.40000001
2025-08-01 10:11:07 AM,1872.3,6,11233.8,36441626.20000001
2025-08-01 10:11:17 AM,1872.4,0,0.0,36441626.20000001
2025-08-01 10:11:18 AM,1872.4,2,3744.8,36445371.00000001
2025-08-01 10:11:23 AM,1873.0,0,0.0,36445371.00000001
2025-08-01 10:11:23 AM,1873.0,14,26222.0,36471593.00000001
2025-08-01 10:11:29 AM,1873.0,15,28095.0,36499688.00000001
2025-08-01 10:11:35 AM,1873.3,16,29972.8,36529660.800000004
2025-08-01 10:11:36 AM,1873.3,2,3746.6,36533407.400000006
2025-08-01 10:11:38 AM,1874.4,0,0.0,36533407.400000006
2025-08-01 10:11:40 AM,1874.4,1,1874.4,36535281.800000004
2025-08-01 10:11:46 AM,1873.4,2,3746.8,36539028.6
2025-08-01 10:11:48 AM,1874.4,1,1874.4,36540903.0
2025-08-01 10:11:52 AM,1874.5,13,24368.5,36565271.5
2025-08-01 10:12:04 AM,1874.5,1,1874.5,36567146.0
2025-08-01 10:12:05 AM,1874.5,14,26243.0,36593389.0
2025-08-01 10:12:16 AM,1874.5,2,3749.0,36597138.0
2025-08-01 10:12:22 AM,1874.5,13,24368.5,36621506.5
2025-08-01 10:12:26 AM,1875.0,0,0.0,36621506.5
2025-08-01 10:12:27 AM,1875.0,1,1875.0,36623381.5
2025-08-01 10:12:32 AM,1874.5,0,0.0,36623381.5
2025-08-01 10:12:33 AM,1874.5,1,1874.5,36625256.0
2025-08-01 10:12:38 AM,1874.2,0,0.0,36625256.0
2025-08-01 10:12:39 AM,1874.2,173,324236.60000000003,36949492.6
2025-08-01 10:12:41 AM,1873.1,0,0.0,36949492.6
2025-08-01 10:12:45 AM,1873.1,2,3746.2,36953238.800000004
2025-08-01 10:12:48 AM,1874.4,0,0.0,36953238.800000004
2025-08-01 10:12:51 AM,1873.2,19,35590.8,36988829.6
2025-08-01 10:12:59 AM,1873.1,0,0.0,36988829.6
2025-08-01 10:13:02 AM,1873.1,2,3746.2,36992575.800000004
2025-08-01 10:13:08 AM,1873.1,13,24350.3,37016926.1
2025-08-01 10:13:20 AM,1873.1,1,1873.1,37018799.2
2025-08-01 10:13:20 AM,1873.1,14,26223.399999999998,37045022.6
2025-08-01 10:13:26 AM,1874.4,0,0.0,37045022.6
2025-08-01 10:13:26 AM,1874.4,8,14995.2,37060017.800000004
2025-08-01 10:13:29 AM,1874.5,0,0.0,37060017.800000004
2025-08-01 10:13:32 AM,1874.5,3,5623.5,37065641.300000004
2025-08-01 10:13:38 AM,1873.1,7,13111.699999999999,37078753.00000001
2025-08-01 10:13:44 AM,1873.1,9,16857.899999999998,37095610.900000006
2025-08-01 10:13:44 AM,1874.1,3,5622.299999999999,37101233.2
2025-08-01 10:13:50 AM,1873.2,0,0.0,37101233.2
2025-08-01 10:13:50 AM,1873.2,4,7492.8,37108726.0
2025-08-01 10:13:53 AM,1873.1,0,0.0,37108726.0
2025-08-01 10:13:56 AM,1873.1,10,18731.0,37127457.0
2025-08-01 10:14:07 AM,1873.1,14,26223.399999999998,37153680.4
2025-08-01 10:14:07 AM,1873.1,2,3746.2,37157426.6
2025-08-01 10:14:19 AM,1873.1,11,20604.1,37178030.7
2025-08-01 10:14:24 AM,1873.1,14,26223.399999999998,37204254.1
2025-08-01 10:14:29 AM,1873.0,0,0.0,37204254.1
2025-08-01 10:14:30 AM,1873.0,1,1873.0,37206127.1
2025-08-01 10:14:31 AM,1873.0,1,1873.0,37208000.1
2025-08-01 10:14:36 AM,1873.0,13,24349.0,37232349.1
2025-08-01 10:14:41 AM,1872.9,0,0.0,37232349.1
2025-08-01 10:14:42 AM,1872.9,28,52441.200000000004,37284790.300000004
2025-08-01 10:14:47 AM,1872.1,0,0.0,37284790.300000004
2025-08-01 10:14:47 AM,1872.1,1,1872.1,37286662.400000006
2025-08-01 10:14:53 AM,1872.1,19,35569.9,37322232.300000004
2025-08-01 10:14:59 AM,1872.1,43,80500.3,37402732.6
2025-08-01 10:15:01 AM,1872.2,0,0.0,37402732.6
2025-08-01 10:15:05 AM,1872.2,6,11233.2,37413965.800000004
2025-08-01 10:15:05 AM,1873.3,14,26226.2,37440192.00000001
2025-08-01 10:15:16 AM,1874.2,0,0.0,37440192.00000001
2025-08-01 10:15:16 AM,1874.2,16,29987.2,37470179.20000001
2025-08-01 10:15:20 AM,1872.5,0,0.0,37470179.20000001
2025-08-01 10:15:22 AM,1872.4,0,0.0,37470179.20000001
2025-08-01 10:15:23 AM,1872.4,18,33703.200000000004,37503882.40000001
2025-08-01 10:15:29 AM,1872.4,2,3744.8,37507627.20000001
2025-08-01 10:15:35 AM,1872.4,1,1872.4,37509499.60000001
2025-08-01 10:15:35 AM,1872.4,15,28086.0,37537585.60000001
2025-08-01 10:15:41 AM,1872.4,1,1872.4,37539458.00000001
2025-08-01 10:15:47 AM,1872.4,1,1872.4,37541330.400000006
2025-08-01 10:15:53 AM,1872.3,13,24339.899999999998,37565670.300000004
2025-08-01 10:16:04 AM,1872.3,2,3744.6,37569414.900000006
2025-08-01 10:16:10 AM,1872.3,14,26212.2,37595627.10000001
2025-08-01 10:16:16 AM,1872.2,0,0.0,37595627.10000001
2025-08-01 10:16:16 AM,1872.2,1,1872.2,37597499.30000001
2025-08-01 10:16:25 AM,1872.0,0,0.0,37597499.30000001
2025-08-01 10:16:26 AM,1872.2,0,0.0,37597499.30000001
2025-08-01 10:16:27 AM,1872.2,16,29955.2,37627454.500000015
2025-08-01 10:16:34 AM,1873.4,0,0.0,37627454.500000015
2025-08-01 10:16:34 AM,1873.4,7,13113.800000000001,37640568.30000001
2025-08-01 10:16:37 AM,1872.2,0,0.0,37640568.30000001
2025-08-01 10:16:39 AM,1872.2,14,26210.8,37666779.10000001
2025-08-01 10:16:41 AM,1872.4,0,0.0,37666779.10000001
2025-08-01 10:16:45 AM,1872.4,3,5617.200000000001,37672396.30000001
2025-08-01 10:16:50 AM,1872.4,13,24341.2,37696737.500000015
2025-08-01 10:16:53 AM,1872.1,0,0.0,37696737.500000015
2025-08-01 10:16:56 AM,1872.1,1,1872.1,37698609.60000002
2025-08-01 10:16:59 AM,1872.0,0,0.0,37698609.60000002
2025-08-01 10:17:01 AM,1872.0,2,3744.0,37702353.60000002
2025-08-01 10:17:07 AM,1872.0,14,26208.0,37728561.60000002
2025-08-01 10:17:18 AM,1872.0,1,1872.0,37730433.60000002
2025-08-01 10:17:23 AM,1873.6,0,0.0,37730433.60000002
2025-08-01 10:17:24 AM,1873.6,33,61828.799999999996,37792262.40000001
2025-08-01 10:17:34 AM,1872.0,0,0.0,37792262.40000001
2025-08-01 10:17:36 AM,1872.0,36,67392.0,37859654.40000001
2025-08-01 10:17:42 AM,1872.0,1,1872.0,37861526.40000001
2025-08-01 10:17:48 AM,1872.0,5,9360.0,37870886.40000001
2025-08-01 10:17:53 AM,1872.0,507,949104.0,38819990.40000001
2025-08-01 10:17:59 AM,1871.8,0,0.0,38819990.40000001
2025-08-01 10:17:59 AM,1871.8,1,1871.8,38821862.20000001
2025-08-01 10:18:01 AM,1871.0,0,0.0,38821862.20000001
2025-08-01 10:18:02 AM,1870.5,0,0.0,38821862.20000001
2025-08-01 10:18:05 AM,1870.5,50,93525.0,38915387.20000001
2025-08-01 10:18:11 AM,1870.5,6,11223.0,38926610.20000001
2025-08-01 10:18:17 AM,1870.5,1,1870.5,38928480.70000001
2025-08-01 10:18:22 AM,1870.5,1,1870.5,38930351.20000001
2025-08-01 10:18:25 AM,1871.0,0,0.0,38930351.20000001
2025-08-01 10:18:28 AM,1871.0,2,3742.0,38934093.20000001
2025-08-01 10:18:40 AM,1869.4,0,0.0,38934093.20000001
2025-08-01 10:18:40 AM,1869.4,71,132727.4,39066820.60000001
2025-08-01 10:18:50 AM,1868.8,0,0.0,39066820.60000001
2025-08-01 10:18:51 AM,1868.8,7,13081.6,39079902.20000001
2025-08-01 10:19:00 AM,1869.0,0,0.0,39079902.20000001
2025-08-01 10:19:02 AM,1869.0,1,1869.0,39081771.20000001
2025-08-01 10:19:30 AM,1869.3,0,0.0,39081771.20000001
2025-08-01 10:19:31 AM,1869.3,2,3738.6,39085509.80000001
2025-08-01 10:19:42 AM,1869.7,0,0.0,39085509.80000001
2025-08-01 10:19:43 AM,1869.7,2,3739.4,39089249.20000001
2025-08-01 10:20:15 AM,1870.9,0,0.0,39089249.20000001
2025-08-01 10:20:16 AM,1870.9,1,1870.9,39091120.10000001
2025-08-01 10:20:24 AM,1869.8,0,0.0,39091120.10000001
2025-08-01 10:20:24 AM,1869.8,1,1869.8,39092989.900000006
2025-08-01 10:20:28 AM,1871.0,0,0.0,39092989.900000006
2025-08-01 10:20:28 AM,1871.0,71,132841.0,39225830.900000006
2025-08-01 10:20:30 AM,1871.0,1,1871.0,39227701.900000006
2025-08-01 10:20:36 AM,1871.2,0,0.0,39227701.900000006
2025-08-01 10:20:36 AM,1871.2,14,26196.8,39253898.7
2025-08-01 10:20:40 AM,1871.1,8,14968.8,39268867.5
2025-08-01 10:20:46 AM,1871.1,1,1871.1,39270738.6
2025-08-01 10:20:52 AM,1871.1,14,26195.399999999998,39296934.0
2025-08-01 10:20:58 AM,1871.1,20,37422.0,39334356.0
2025-08-01 10:20:59 AM,1871.0,0,0.0,39334356.0
2025-08-01 10:21:00 AM,1871.0,17,31807.0,39366163.0
2025-08-01 10:21:01 AM,1871.1,0,0.0,39366163.0
2025-08-01 10:21:03 AM,1871.1,1,1871.1,39368034.1
2025-08-01 10:21:05 AM,1871.0,14,26194.0,39394228.1
2025-08-01 10:21:09 AM,1871.0,2,3742.0,39397970.1
2025-08-01 10:21:11 AM,1871.0,2,3742.0,39401712.1
2025-08-01 10:21:16 AM,1871.0,2,3742.0,39405454.1
2025-08-01 10:21:20 AM,1871.0,14,26194.0,39431648.1
2025-08-01 10:21:31 AM,1871.0,2,3742.0,39435390.1
2025-08-01 10:21:32 AM,1872.1,0,0.0,39435390.1
2025-08-01 10:21:33 AM,1872.1,1,1872.1,39437262.2
2025-08-01 10:21:38 AM,1871.0,8,14968.0,39452230.2
2025-08-01 10:21:48 AM,1869.7,0,0.0,39452230.2
2025-08-01 10:21:50 AM,1869.7,1,1869.7,39454099.900000006
2025-08-01 10:21:53 AM,1869.6,0,0.0,39454099.900000006
2025-08-01 10:21:54 AM,1869.6,1,1869.6,39455969.50000001
2025-08-01 10:22:14 AM,1871.1,0,0.0,39455969.50000001
2025-08-01 10:22:16 AM,1871.1,22,41164.2,39497133.70000001
2025-08-01 10:22:24 AM,1870.0,2,3740.0,39500873.70000001
2025-08-01 10:22:38 AM,1871.0,0,0.0,39500873.70000001
2025-08-01 10:22:39 AM,1871.0,22,41162.0,39542035.70000001
2025-08-01 10:22:47 AM,1870.0,0,0.0,39542035.70000001
2025-08-01 10:22:47 AM,1870.0,2,3740.0,39545775.70000001
2025-08-01 10:22:50 AM,1870.2,0,0.0,39545775.70000001
2025-08-01 10:22:50 AM,1870.2,148,276789.60000000003,39822565.30000001
2025-08-01 10:23:01 AM,1870.1,15,28051.5,39850616.80000001
2025-08-01 10:23:09 AM,1870.0,32,59840.0,39910456.80000001
2025-08-01 10:23:12 AM,1870.0,1,1870.0,39912326.80000001
2025-08-01 10:23:18 AM,1870.6,0,0.0,39912326.80000001
2025-08-01 10:23:18 AM,1870.0,4,7480.0,39919806.80000001
2025-08-01 10:23:27 AM,1870.0,1,1870.0,39921676.80000001
2025-08-01 10:23:41 AM,1870.0,1,1870.0,39923546.80000001
2025-08-01 10:23:43 AM,1871.0,0,0.0,39923546.80000001
2025-08-01 10:23:44 AM,1871.0,3,5613.0,39929159.80000001
2025-08-01 10:24:22 AM,1870.0,0,0.0,39929159.80000001
2025-08-01 10:24:23 AM,1870.0,1,1870.0,39931029.80000001
2025-08-01 10:24:25 AM,1870.0,27,50490.0,39981519.80000001
2025-08-01 10:24:28 AM,1870.0,311,581570.0,40563089.80000001
2025-08-01 10:24:34 AM,1868.5,1,1868.5,40564958.30000001
2025-08-01 10:24:36 AM,1868.5,2,3737.0,40568695.30000001
2025-08-01 10:24:38 AM,1868.6,0,0.0,40568695.30000001
2025-08-01 10:24:39 AM,1868.8,31,57932.799999999996,40626628.10000001
2025-08-01 10:24:41 AM,1868.9,0,0.0,40626628.10000001
2025-08-01 10:24:41 AM,1868.9,1,1868.9,40628497.00000001
2025-08-01 10:24:45 AM,1869.4,1,1869.4,40630366.400000006
2025-08-01 10:24:48 AM,1870.9,0,0.0,40630366.400000006
2025-08-01 10:24:50 AM,1870.9,23,43030.700000000004,40673397.10000001
2025-08-01 10:24:58 AM,1870.6,0,0.0,40673397.10000001
2025-08-01 10:24:58 AM,1870.6,5,9353.0,40682750.10000001
2025-08-01 10:25:00 AM,1870.3,0,0.0,40682750.10000001
2025-08-01 10:25:01 AM,1870.3,39,72941.7,40755691.80000001
2025-08-01 10:25:04 AM,1870.9,8,14967.2,40770659.000000015
2025-08-01 10:25:08 AM,1871.0,0,0.0,40770659.000000015
2025-08-01 10:25:10 AM,1871.0,10,18710.0,40789369.000000015
2025-08-01 10:25:18 AM,1870.3,0,0.0,40789369.000000015
2025-08-01 10:25:19 AM,1870.3,1,1870.3,40791239.30000001
2025-08-01 10:25:41 AM,1870.3,2,3740.6,40794979.90000001
2025-08-01 10:25:52 AM,1870.3,1,1870.3,40796850.20000001
2025-08-01 10:25:58 AM,1870.3,4,7481.2,40804331.40000001
2025-08-01 10:26:02 AM,1870.9,0,0.0,40804331.40000001
2025-08-01 10:26:03 AM,1870.9,1,1870.9,40806202.30000001
2025-08-01 10:26:22 AM,1871.3,0,0.0,40806202.30000001
2025-08-01 10:26:22 AM,1871.3,69,129119.7,40935322.000000015
2025-08-01 10:26:32 AM,1871.4,7,13099.800000000001,40948421.80000001
2025-08-01 10:26:35 AM,1871.0,0,0.0,40948421.80000001
2025-08-01 10:26:37 AM,1870.9,0,0.0,40948421.80000001
2025-08-01 10:26:37 AM,1870.9,68,127221.20000000001,41075643.000000015
2025-08-01 10:26:40 AM,1870.9,6,11225.400000000001,41086868.40000001
2025-08-01 10:26:43 AM,1869.4,0,0.0,41086868.40000001
2025-08-01 10:26:43 AM,1869.4,1,1869.4,41088737.80000001
2025-08-01 10:26:46 AM,1869.1,3,5607.299999999999,41094345.10000001
2025-08-01 10:26:51 AM,1868.9,0,0.0,41094345.10000001
2025-08-01 10:26:51 AM,1868.9,1,1868.9,41096214.00000001
2025-08-01 10:26:56 AM,1868.6,0,0.0,41096214.00000001
2025-08-01 10:26:57 AM,1870.7,0,0.0,41096214.00000001
2025-08-01 10:26:57 AM,1870.7,91,170233.7,41266447.70000001
2025-08-01 10:27:09 AM,1869.2,0,0.0,41266447.70000001
2025-08-01 10:27:09 AM,1869.2,9,16822.8,41283270.50000001
2025-08-01 10:27:13 AM,1870.8,0,0.0,41283270.50000001
2025-08-01 10:27:14 AM,1870.8,23,43028.4,41326298.900000006
2025-08-01 10:27:24 AM,1870.0,0,0.0,41326298.900000006
2025-08-01 10:27:26 AM,1870.0,2,3740.0,41330038.900000006
2025-08-01 10:27:41 AM,1870.1,0,0.0,41330038.900000006
2025-08-01 10:27:42 AM,1870.1,1,1870.1,41331909.00000001
2025-08-01 10:28:41 AM,1871.0,0,0.0,41331909.00000001
2025-08-01 10:28:45 AM,1871.0,3,5613.0,41337522.00000001
2025-08-01 10:28:50 AM,1870.3,1,1870.3,41339392.300000004
2025-08-01 10:28:53 AM,1870.3,3,5610.9,41345003.2
2025-08-01 10:29:40 AM,1870.3,27,50498.1,41395501.300000004
2025-08-01 10:29:46 AM,1871.0,1,1871.0,41397372.300000004
2025-08-01 10:29:50 AM,1870.3,0,0.0,41397372.300000004
2025-08-01 10:29:51 AM,1870.3,3,5610.9,41402983.2
2025-08-01 10:30:28 AM,1871.0,0,0.0,41402983.2
2025-08-01 10:30:31 AM,1871.0,9,16839.0,41419822.2
2025-08-01 10:30:34 AM,1871.0,7,13097.0,41432919.2
2025-08-01 10:30:46 AM,1870.4,0,0.0,41432919.2
2025-08-01 10:30:46 AM,1870.4,1,1870.4,41434789.6
2025-08-01 10:30:51 AM,1870.4,1,1870.4,41436660.0
2025-08-01 10:31:17 AM,1871.0,0,0.0,41436660.0
2025-08-01 10:31:17 AM,1871.0,2,3742.0,41440402.0
2025-08-01 10:31:26 AM,1871.0,1,1871.0,41442273.0
2025-08-01 10:31:37 AM,1871.0,1,1871.0,41444144.0
2025-08-01 10:31:51 AM,1870.4,0,0.0,41444144.0
2025-08-01 10:31:51 AM,1870.4,2,3740.8,41447884.8
2025-08-01 10:32:00 AM,1870.4,14,26185.600000000002,41474070.4
2025-08-01 10:32:04 AM,1870.4,1,1870.4,41475940.8
2025-08-01 10:32:07 AM,1869.5,0,0.0,41475940.8
2025-08-01 10:32:07 AM,1868.7,0,0.0,41475940.8
2025-08-01 10:32:07 AM,1868.7,333,622277.1,42098217.9
2025-08-01 10:32:10 AM,1869.7,0,0.0,42098217.9
2025-08-01 10:32:10 AM,1869.7,14,26175.8,42124393.699999996
2025-08-01 10:32:16 AM,1868.1,0,0.0,42124393.699999996
2025-08-01 10:32:17 AM,1868.1,35,65383.5,42189777.199999996
2025-08-01 10:32:20 AM,1867.0,0,0.0,42189777.199999996
2025-08-01 10:32:24 AM,1867.2,0,0.0,42189777.199999996
2025-08-01 10:32:24 AM,1867.2,174,324892.8,42514669.99999999
2025-08-01 10:32:29 AM,1867.0,0,0.0,42514669.99999999
2025-08-01 10:32:30 AM,1867.0,36,67212.0,42581881.99999999
2025-08-01 10:32:33 AM,1867.0,18,33606.0,42615487.99999999
2025-08-01 10:32:35 AM,1865.6,0,0.0,42615487.99999999
2025-08-01 10:32:36 AM,1865.5,7,13058.5,42628546.49999999
2025-08-01 10:32:40 AM,1865.3,11,20518.3,42649064.79999999
2025-08-01 10:32:41 AM,1864.6,0,0.0,42649064.79999999
2025-08-01 10:32:43 AM,1865.3,19,35440.7,42684505.49999999
2025-08-01 10:32:47 AM,1864.2,0,0.0,42684505.49999999
2025-08-01 10:32:48 AM,1864.2,2,3728.4,42688233.89999999
2025-08-01 10:32:51 AM,1864.2,5,9321.0,42697554.89999999
2025-08-01 10:32:53 AM,1864.0,0,0.0,42697554.89999999
2025-08-01 10:32:54 AM,1864.0,10,18640.0,42716194.89999999
2025-08-01 10:32:56 AM,1864.2,0,0.0,42716194.89999999
2025-08-01 10:32:57 AM,1864.2,1,1864.2,42718059.099999994
2025-08-01 10:33:02 AM,1863.4,1,1863.4,42719922.49999999
2025-08-01 10:33:05 AM,1863.3,0,0.0,42719922.49999999
2025-08-01 10:33:05 AM,1864.7,0,0.0,42719922.49999999
2025-08-01 10:33:05 AM,1864.7,15,27970.5,42747892.99999999
2025-08-01 10:33:08 AM,1862.9,0,0.0,42747892.99999999
2025-08-01 10:33:08 AM,1862.9,52,96870.8,42844763.79999999
2025-08-01 10:33:11 AM,1864.5,0,0.0,42844763.79999999
2025-08-01 10:33:11 AM,1864.5,2,3729.0,42848492.79999999
2025-08-01 10:33:16 AM,1863.1,1,1863.1,42850355.89999999
2025-08-01 10:33:19 AM,1863.1,3,5589.299999999999,42855945.19999999
2025-08-01 10:33:20 AM,1864.5,0,0.0,42855945.19999999
2025-08-01 10:33:22 AM,1863.4,15,27951.0,42883896.19999999
2025-08-01 10:33:32 AM,1863.2,0,0.0,42883896.19999999
2025-08-01 10:33:33 AM,1863.2,1,1863.2,42885759.39999999
2025-08-01 10:33:35 AM,1863.3,0,0.0,42885759.39999999
2025-08-01 10:33:35 AM,1863.3,14,26086.2,42911845.599999994
2025-08-01 10:33:40 AM,1864.0,0,0.0,42911845.599999994
2025-08-01 10:33:41 AM,1864.0,3,5592.0,42917437.599999994
2025-08-01 10:33:46 AM,1864.0,2,3728.0,42921165.599999994
2025-08-01 10:33:50 AM,1864.0,14,26096.0,42947261.599999994
2025-08-01 10:34:00 AM,1864.1,0,0.0,42947261.599999994
2025-08-01 10:34:01 AM,1864.1,2,3728.2,42950989.8
2025-08-01 10:34:06 AM,1864.2,0,0.0,42950989.8
2025-08-01 10:34:07 AM,1864.2,14,26098.8,42977088.599999994
2025-08-01 10:34:09 AM,1865.0,3,5595.0,42982683.599999994
2025-08-01 10:34:13 AM,1865.0,1,1865.0,42984548.599999994
2025-08-01 10:34:15 AM,1865.0,1,1865.0,42986413.599999994
2025-08-01 10:34:18 AM,1864.2,0,0.0,42986413.599999994
2025-08-01 10:34:18 AM,1864.2,1,1864.2,42988277.8
2025-08-01 10:34:20 AM,1864.2,15,27963.0,43016240.8
2025-08-01 10:34:31 AM,1864.2,1,1864.2,43018105.0
2025-08-01 10:34:35 AM,1864.2,14,26098.8,43044203.8
2025-08-01 10:34:39 AM,1865.0,0,0.0,43044203.8
2025-08-01 10:34:41 AM,1864.2,3,5592.6,43049796.4
2025-08-01 10:34:46 AM,1864.2,1,1864.2,43051660.6
2025-08-01 10:34:52 AM,1864.1,14,26097.399999999998,43077758.0
2025-08-01 10:34:54 AM,1864.2,0,0.0,43077758.0
2025-08-01 10:34:54 AM,1864.2,4,7456.8,43085214.8
2025-08-01 10:34:58 AM,1864.2,1,1864.2,43087079.0
2025-08-01 10:35:02 AM,1865.0,0,0.0,43087079.0
2025-08-01 10:35:04 AM,1865.0,3,5595.0,43092674.0
2025-08-01 10:35:06 AM,1864.4,1,1864.4,43094538.4
2025-08-01 10:35:08 AM,1864.2,0,0.0,43094538.4
2025-08-01 10:35:09 AM,1864.2,2,3728.4,43098266.8
2025-08-01 10:35:12 AM,1863.3,0,0.0,43098266.8
2025-08-01 10:35:14 AM,1864.8,0,0.0,43098266.8
2025-08-01 10:35:15 AM,1864.8,13,24242.399999999998,43122509.199999996
2025-08-01 10:35:20 AM,1863.4,0,0.0,43122509.199999996
2025-08-01 10:35:20 AM,1863.4,14,26087.600000000002,43148596.8
2025-08-01 10:35:23 AM,1863.3,1,1863.3,43150460.099999994
2025-08-01 10:35:24 AM,1864.8,0,0.0,43150460.099999994
2025-08-01 10:35:26 AM,1864.8,1,1864.8,43152324.89999999
2025-08-01 10:35:32 AM,1864.8,3,5594.4,43157919.29999999
2025-08-01 10:35:36 AM,1864.5,0,0.0,43157919.29999999
2025-08-01 10:35:37 AM,1864.5,16,29832.0,43187751.29999999
2025-08-01 10:35:43 AM,1864.5,26,48477.0,43236228.29999999
2025-08-01 10:35:45 AM,1865.0,63,117495.0,43353723.29999999
2025-08-01 10:35:48 AM,1865.9,0,0.0,43353723.29999999
2025-08-01 10:35:49 AM,1865.9,3,5597.700000000001,43359320.99999999
2025-08-01 10:35:51 AM,1865.9,16,29854.4,43389175.39999999
2025-08-01 10:35:56 AM,1865.0,0,0.0,43389175.39999999
2025-08-01 10:35:56 AM,1866.0,9,16794.0,43405969.39999999
2025-08-01 10:36:01 AM,1865.9,0,0.0,43405969.39999999
2025-08-01 10:36:05 AM,1865.0,0,0.0,43405969.39999999
2025-08-01 10:36:05 AM,1865.0,15,27975.0,43433944.39999999
2025-08-01 10:36:08 AM,1866.0,0,0.0,43433944.39999999
2025-08-01 10:36:08 AM,1866.0,2,3732.0,43437676.39999999
2025-08-01 10:36:11 AM,1866.0,1,1866.0,43439542.39999999
2025-08-01 10:36:16 AM,1865.0,0,0.0,43439542.39999999
2025-08-01 10:36:16 AM,1865.0,2,3730.0,43443272.39999999
2025-08-01 10:36:19 AM,1866.3,0,0.0,43443272.39999999
2025-08-01 10:36:19 AM,1866.3,1,1866.3,43445138.69999999
2025-08-01 10:36:22 AM,1865.0,0,0.0,43445138.69999999
2025-08-01 10:36:22 AM,1865.0,13,24245.0,43469383.69999999
2025-08-01 10:36:25 AM,1864.5,1,1864.5,43471248.19999999
2025-08-01 10:36:29 AM,1865.0,0,0.0,43471248.19999999
2025-08-01 10:36:30 AM,1866.5,3,5599.5,43476847.69999999
2025-08-01 10:36:31 AM,1866.6,0,0.0,43476847.69999999
2025-08-01 10:36:33 AM,1866.6,1,1866.6,43478714.29999999
2025-08-01 10:36:35 AM,1864.9,0,0.0,43478714.29999999
2025-08-01 10:36:35 AM,1864.9,14,26108.600000000002,43504822.89999999
2025-08-01 10:36:41 AM,1866.3,3,5598.9,43510421.79999999
2025-08-01 10:36:46 AM,1865.0,0,0.0,43510421.79999999
2025-08-01 10:36:46 AM,1865.0,2,3730.0,43514151.79999999
2025-08-01 10:36:48 AM,1866.6,0,0.0,43514151.79999999
2025-08-01 10:36:50 AM,1865.1,15,27976.5,43542128.29999999
2025-08-01 10:36:51 AM,1867.1,0,0.0,43542128.29999999
2025-08-01 10:36:52 AM,1867.1,3,5601.299999999999,43547729.59999999
2025-08-01 10:37:00 AM,1865.1,0,0.0,43547729.59999999
2025-08-01 10:37:01 AM,1866.8,4,7467.2,43555196.79999999
2025-08-01 10:37:03 AM,1867.1,0,0.0,43555196.79999999
2025-08-01 10:37:06 AM,1865.3,0,0.0,43555196.79999999
2025-08-01 10:37:06 AM,1865.3,16,29844.8,43585041.59999999
2025-08-01 10:37:12 AM,1867.1,77,143766.69999999998,43728808.29999999
2025-08-01 10:37:14 AM,1867.1,1,1867.1,43730675.39999999
2025-08-01 10:37:17 AM,1867.1,1,1867.1,43732542.49999999
2025-08-01 10:37:21 AM,1866.9,0,0.0,43732542.49999999
2025-08-01 10:37:22 AM,1865.5,0,0.0,43732542.49999999
2025-08-01 10:37:22 AM,1865.5,23,42906.5,43775448.99999999
2025-08-01 10:37:27 AM,1866.9,0,0.0,43775448.99999999
2025-08-01 10:37:28 AM,1866.9,1,1866.9,43777315.89999999
2025-08-01 10:37:30 AM,1866.8,1,1866.8,43779182.69999999
2025-08-01 10:37:33 AM,1865.6,0,0.0,43779182.69999999
2025-08-01 10:37:33 AM,1865.6,1,1865.6,43781048.29999999
2025-08-01 10:37:36 AM,1865.6,14,26118.399999999998,43807166.69999999
2025-08-01 10:37:37 AM,1865.5,0,0.0,43807166.69999999
2025-08-01 10:37:39 AM,1865.6,2,3731.2,43810897.89999999
2025-08-01 10:37:42 AM,1865.6,4,7462.4,43818360.29999999
2025-08-01 10:37:47 AM,1867.0,0,0.0,43818360.29999999
2025-08-01 10:37:48 AM,1867.0,1,1867.0,43820227.29999999
2025-08-01 10:37:50 AM,1865.6,14,26118.399999999998,43846345.69999999
2025-08-01 10:37:51 AM,1867.1,0,0.0,43846345.69999999
2025-08-01 10:37:53 AM,1867.1,2,3734.2,43850079.89999999
2025-08-01 10:37:58 AM,1867.0,0,0.0,43850079.89999999
2025-08-01 10:37:59 AM,1865.7,11,20522.7,43870602.599999994
2025-08-01 10:38:01 AM,1867.1,0,0.0,43870602.599999994
2025-08-01 10:38:02 AM,1867.1,2,3734.2,43874336.8
2025-08-01 10:38:08 AM,1867.1,15,28006.5,43902343.3
2025-08-01 10:38:11 AM,1867.1,2,3734.2,43906077.5
2025-08-01 10:38:16 AM,1865.8,0,0.0,43906077.5
2025-08-01 10:38:17 AM,1865.8,2,3731.6,43909809.1
2025-08-01 10:38:20 AM,1865.8,7,13060.6,43922869.7
2025-08-01 10:38:22 AM,1865.7,0,0.0,43922869.7
2025-08-01 10:38:23 AM,1865.7,8,14925.6,43937795.300000004
2025-08-01 10:38:26 AM,1866.9,0,0.0,43937795.300000004
2025-08-01 10:38:27 AM,1866.9,9,16802.100000000002,43954597.400000006
2025-08-01 10:38:32 AM,1867.9,0,0.0,43954597.400000006
2025-08-01 10:38:33 AM,1867.9,143,267109.7,44221707.10000001
2025-08-01 10:38:35 AM,1866.1,16,29857.6,44251564.70000001
2025-08-01 10:38:41 AM,1867.1,0,0.0,44251564.70000001
2025-08-01 10:38:41 AM,1867.0,4,7468.0,44259032.70000001
2025-08-01 10:38:44 AM,1866.1,0,0.0,44259032.70000001
2025-08-01 10:38:44 AM,1866.1,11,20527.1,44279559.80000001
2025-08-01 10:38:47 AM,1865.9,0,0.0,44279559.80000001
2025-08-01 10:38:47 AM,1865.9,2,3731.8,44283291.60000001
2025-08-01 10:38:50 AM,1865.9,1,1865.9,44285157.50000001
2025-08-01 10:38:51 AM,1866.1,0,0.0,44285157.50000001
2025-08-01 10:38:52 AM,1866.1,18,33589.799999999996,44318747.300000004
2025-08-01 10:38:58 AM,1866.1,1,1866.1,44320613.400000006
2025-08-01 10:39:01 AM,1867.4,2,3734.8,44324348.2
2025-08-01 10:39:03 AM,1867.0,1,1867.0,44326215.2
2025-08-01 10:39:05 AM,1865.9,0,0.0,44326215.2
2025-08-01 10:39:06 AM,1865.9,14,26122.600000000002,44352337.800000004
2025-08-01 10:39:12 AM,1865.9,2,3731.8,44356069.6
2025-08-01 10:39:17 AM,1866.9,0,0.0,44356069.6
2025-08-01 10:39:21 AM,1866.8,0,0.0,44356069.6
2025-08-01 10:39:23 AM,1866.8,25,46670.0,44402739.6
2025-08-01 10:39:27 AM,1866.0,0,0.0,44402739.6
2025-08-01 10:39:29 AM,1866.9,2,3733.8,44406473.4
2025-08-01 10:39:31 AM,1867.0,1,1867.0,44408340.4
2025-08-01 10:39:36 AM,1865.9,0,0.0,44408340.4
2025-08-01 10:39:37 AM,1865.9,20,37318.0,44445658.4
2025-08-01 10:39:39 AM,1866.0,0,0.0,44445658.4
2025-08-01 10:39:40 AM,1866.0,2,3732.0,44449390.4
2025-08-01 10:39:42 AM,1867.0,0,0.0,44449390.4
2025-08-01 10:39:42 AM,1866.0,3,5598.0,44454988.4
2025-08-01 10:39:51 AM,1864.9,0,0.0,44454988.4
2025-08-01 10:39:53 AM,1865.7,0,0.0,44454988.4
2025-08-01 10:39:54 AM,1865.9,259,483268.10000000003,44938256.5
2025-08-01 10:40:01 AM,1865.8,0,0.0,44938256.5
2025-08-01 10:40:02 AM,1864.6,15,27969.0,44966225.5
2025-08-01 10:40:04 AM,1864.8,0,0.0,44966225.5
2025-08-01 10:40:04 AM,1864.8,1,1864.8,44968090.3
2025-08-01 10:40:05 AM,1864.2,0,0.0,44968090.3
2025-08-01 10:40:07 AM,1863.3,0,0.0,44968090.3
2025-08-01 10:40:07 AM,1863.3,100,186330.0,45154420.3
2025-08-01 10:40:09 AM,1864.0,0,0.0,45154420.3
2025-08-01 10:40:10 AM,1864.0,3,5592.0,45160012.3
2025-08-01 10:40:11 AM,1864.2,0,0.0,45160012.3
2025-08-01 10:40:12 AM,1864.1,0,0.0,45160012.3
2025-08-01 10:40:13 AM,1863.1,0,0.0,45160012.3
2025-08-01 10:40:13 AM,1863.1,4,7452.4,45167464.699999996
2025-08-01 10:40:16 AM,1863.0,4,7452.0,45174916.699999996
2025-08-01 10:40:19 AM,1863.0,7,13041.0,45187957.699999996
2025-08-01 10:40:21 AM,1864.1,0,0.0,45187957.699999996
2025-08-01 10:40:21 AM,1864.1,18,33553.799999999996,45221511.49999999
2025-08-01 10:40:24 AM,1864.0,0,0.0,45221511.49999999
2025-08-01 10:40:24 AM,1864.0,1,1864.0,45223375.49999999
2025-08-01 10:40:32 AM,1864.0,3,5592.0,45228967.49999999
2025-08-01 10:40:35 AM,1864.1,0,0.0,45228967.49999999
2025-08-01 10:40:35 AM,1863.0,0,0.0,45228967.49999999
2025-08-01 10:40:35 AM,1863.0,15,27945.0,45256912.49999999
2025-08-01 10:40:41 AM,1864.1,0,0.0,45256912.49999999
2025-08-01 10:40:41 AM,1864.1,3,5592.299999999999,45262504.79999999
2025-08-01 10:40:43 AM,1864.0,0,0.0,45262504.79999999
2025-08-01 10:40:44 AM,1864.6,55,102553.0,45365057.79999999
2025-08-01 10:40:45 AM,1864.5,0,0.0,45365057.79999999
2025-08-01 10:40:46 AM,1864.5,1,1864.5,45366922.29999999
2025-08-01 10:40:50 AM,1863.1,0,0.0,45366922.29999999
2025-08-01 10:40:52 AM,1863.0,14,26082.0,45393004.29999999
2025-08-01 10:40:54 AM,1863.0,6,11178.0,45404182.29999999
2025-08-01 10:40:56 AM,1863.9,0,0.0,45404182.29999999
2025-08-01 10:40:57 AM,1863.9,1,1863.9,45406046.19999999
2025-08-01 10:41:03 AM,1863.0,0,0.0,45406046.19999999
2025-08-01 10:41:03 AM,1863.0,2,3726.0,45409772.19999999
2025-08-01 10:41:05 AM,1863.0,14,26082.0,45435854.19999999
2025-08-01 10:41:07 AM,1863.9,0,0.0,45435854.19999999
2025-08-01 10:41:09 AM,1863.9,2,3727.8,45439581.999999985
2025-08-01 10:41:11 AM,1863.9,1,1863.9,45441445.89999998
2025-08-01 10:41:18 AM,1864.0,0,0.0,45441445.89999998
2025-08-01 10:41:20 AM,1863.2,0,0.0,45441445.89999998
2025-08-01 10:41:20 AM,1863.2,15,27948.0,45469393.89999998
2025-08-01 10:41:21 AM,1864.5,0,0.0,45469393.89999998
2025-08-01 10:41:22 AM,1864.5,2,3729.0,45473122.89999998
2025-08-01 10:41:29 AM,1864.4,0,0.0,45473122.89999998
2025-08-01 10:41:31 AM,1863.2,0,0.0,45473122.89999998
2025-08-01 10:41:32 AM,1863.2,4,7452.8,45480575.69999998
2025-08-01 10:41:33 AM,1863.2,3,5589.6,45486165.29999998
2025-08-01 10:41:36 AM,1863.1,0,0.0,45486165.29999998
2025-08-01 10:41:37 AM,1863.1,14,26083.399999999998,45512248.69999998
2025-08-01 10:41:40 AM,1864.1,0,0.0,45512248.69999998
2025-08-01 10:41:43 AM,1864.1,2,3728.2,45515976.89999998
2025-08-01 10:41:46 AM,1863.1,0,0.0,45515976.89999998
2025-08-01 10:41:48 AM,1864.1,4,7456.4,45523433.29999998
2025-08-01 10:41:51 AM,1864.8,0,0.0,45523433.29999998
2025-08-01 10:41:53 AM,1864.8,17,31701.6,45555134.89999998
2025-08-01 10:42:00 AM,1864.4,1,1864.4,45556999.29999998
2025-08-01 10:42:04 AM,1864.4,4,7457.6,45564456.89999998
2025-08-01 10:42:06 AM,1863.0,14,26082.0,45590538.89999998
2025-08-01 10:42:11 AM,1864.3,0,0.0,45590538.89999998
2025-08-01 10:42:11 AM,1864.3,1,1864.3,45592403.19999998
2025-08-01 10:42:13 AM,1864.4,0,0.0,45592403.19999998
2025-08-01 10:42:16 AM,1864.4,2,3728.8,45596131.99999998
2025-08-01 10:42:17 AM,1864.3,0,0.0,45596131.99999998
2025-08-01 10:42:17 AM,1864.3,1,1864.3,45597996.299999975
2025-08-01 10:42:21 AM,1865.4,0,0.0,45597996.299999975
2025-08-01 10:42:21 AM,1865.4,16,29846.4,45627842.69999997
2025-08-01 10:42:23 AM,1865.4,1,1865.4,45629708.09999997
2025-08-01 10:42:27 AM,1864.1,3,5592.299999999999,45635300.39999997
2025-08-01 10:42:29 AM,1865.5,2,3731.0,45639031.39999997
2025-08-01 10:42:31 AM,1865.4,0,0.0,45639031.39999997
2025-08-01 10:42:34 AM,1865.5,3,5596.5,45644627.89999997
2025-08-01 10:42:35 AM,1864.1,0,0.0,45644627.89999997
2025-08-01 10:42:38 AM,1864.1,14,26097.399999999998,45670725.29999997
2025-08-01 10:42:41 AM,1864.4,0,0.0,45670725.29999997
2025-08-01 10:42:43 AM,1864.4,13,24237.2,45694962.49999997
2025-08-01 10:42:45 AM,1865.4,1,1865.4,45696827.89999997
2025-08-01 10:42:47 AM,1865.6,0,0.0,45696827.89999997
2025-08-01 10:42:49 AM,1865.6,3,5596.799999999999,45702424.699999966
2025-08-01 10:42:51 AM,1865.6,15,27984.0,45730408.699999966
2025-08-01 10:42:57 AM,1865.6,1,1865.6,45732274.29999997
2025-08-01 10:43:02 AM,1864.5,0,0.0,45732274.29999997
2025-08-01 10:43:02 AM,1864.5,2,3729.0,45736003.29999997
2025-08-01 10:43:05 AM,1865.6,0,0.0,45736003.29999997
2025-08-01 10:43:06 AM,1865.6,47,87683.2,45823686.49999997
2025-08-01 10:43:08 AM,1867.1,6,11202.599999999999,45834889.09999997
2025-08-01 10:43:11 AM,1867.1,5,9335.5,45844224.59999997
2025-08-01 10:43:16 AM,1866.0,0,0.0,45844224.59999997
2025-08-01 10:43:18 AM,1867.1,0,0.0,45844224.59999997
2025-08-01 10:43:18 AM,1867.4,3,5602.200000000001,45849826.799999975
2025-08-01 10:43:20 AM,1866.0,0,0.0,45849826.799999975
2025-08-01 10:43:21 AM,1867.5,16,29880.0,45879706.799999975
2025-08-01 10:43:29 AM,1866.2,3,5598.6,45885305.399999976
2025-08-01 10:43:32 AM,1867.5,0,0.0,45885305.399999976
2025-08-01 10:43:32 AM,1867.5,1,1867.5,45887172.899999976
2025-08-01 10:43:36 AM,1866.3,0,0.0,45887172.899999976
2025-08-01 10:43:38 AM,1867.8,0,0.0,45887172.899999976
2025-08-01 10:43:38 AM,1867.8,24,44827.2,45932000.09999998
2025-08-01 10:43:40 AM,1868.2,1,1868.2,45933868.29999998
2025-08-01 10:43:42 AM,1867.8,0,0.0,45933868.29999998
2025-08-01 10:43:43 AM,1867.8,2,3735.6,45937603.89999998
2025-08-01 10:43:48 AM,1868.3,0,0.0,45937603.89999998
2025-08-01 10:43:48 AM,1868.3,1,1868.3,45939472.19999998
2025-08-01 10:43:50 AM,1868.0,0,0.0,45939472.19999998
2025-08-01 10:43:50 AM,1868.0,14,26152.0,45965624.19999998
2025-08-01 10:43:52 AM,1869.3,0,0.0,45965624.19999998
2025-08-01 10:43:53 AM,1869.3,3,5607.9,45971232.09999998
2025-08-01 10:43:58 AM,1869.0,0,0.0,45971232.09999998
2025-08-01 10:43:58 AM,1869.0,6,11214.0,45982446.09999998
2025-08-01 10:44:00 AM,1868.3,0,0.0,45982446.09999998
2025-08-01 10:44:00 AM,1869.2,5,9346.0,45991792.09999998
2025-08-01 10:44:03 AM,1869.6,1,1869.6,45993661.69999998
2025-08-01 10:44:04 AM,1868.3,0,0.0,45993661.69999998
2025-08-01 10:44:04 AM,1870.2,0,0.0,45993661.69999998
2025-08-01 10:44:06 AM,1868.3,0,0.0,45993661.69999998
2025-08-01 10:44:06 AM,1868.3,134,250352.19999999998,46244013.89999998
2025-08-01 10:44:10 AM,1869.3,0,0.0,46244013.89999998
2025-08-01 10:44:11 AM,1869.3,2,3738.6,46247752.499999985
2025-08-01 10:44:14 AM,1869.9,0,0.0,46247752.499999985
2025-08-01 10:44:14 AM,1869.9,1,1869.9,46249622.39999998
2025-08-01 10:44:16 AM,1868.8,0,0.0,46249622.39999998
2025-08-01 10:44:17 AM,1868.8,11,20556.8,46270179.19999998
2025-08-01 10:44:22 AM,1870.2,0,0.0,46270179.19999998
2025-08-01 10:44:22 AM,1870.2,16,29923.2,46300102.39999998
2025-08-01 10:44:24 AM,1869.3,0,0.0,46300102.39999998
2025-08-01 10:44:25 AM,1870.2,3,5610.6,46305712.999999985
2025-08-01 10:44:31 AM,1870.2,1,1870.2,46307583.19999999
2025-08-01 10:44:36 AM,1870.3,0,0.0,46307583.19999999
2025-08-01 10:44:36 AM,1870.3,16,29924.8,46337507.999999985
2025-08-01 10:44:42 AM,1870.3,1,1870.3,46339378.29999998
2025-08-01 10:44:44 AM,1870.3,99,185159.69999999998,46524537.999999985
2025-08-01 10:44:47 AM,1870.3,3,5610.9,46530148.89999998
2025-08-01 10:44:50 AM,1870.0,0,0.0,46530148.89999998
2025-08-01 10:44:52 AM,1869.9,15,28048.5,46558197.39999998
2025-08-01 10:44:55 AM,1869.9,10,18699.0,46576896.39999998
2025-08-01 10:44:57 AM,1870.3,1,1870.3,46578766.69999998
2025-08-01 10:44:58 AM,1869.9,0,0.0,46578766.69999998
2025-08-01 10:45:00 AM,1869.9,1,1869.9,46580636.59999998
2025-08-01 10:45:02 AM,1870.3,0,0.0,46580636.59999998
2025-08-01 10:45:03 AM,1869.9,0,0.0,46580636.59999998
2025-08-01 10:45:03 AM,1869.9,2,3739.8,46584376.399999976
2025-08-01 10:45:06 AM,1869.9,15,28048.5,46612424.899999976
2025-08-01 10:45:09 AM,1870.3,1,1870.3,46614295.19999997
2025-08-01 10:45:14 AM,1869.9,0,0.0,46614295.19999997
2025-08-01 10:45:14 AM,1869.9,12,22438.800000000003,46636733.99999997
2025-08-01 10:45:17 AM,1869.9,2,3739.8,46640473.79999997
2025-08-01 10:45:20 AM,1870.2,1,1870.2,46642343.99999997
2025-08-01 10:45:20 AM,1869.9,0,0.0,46642343.99999997
2025-08-01 10:45:22 AM,1869.9,12,22438.800000000003,46664782.79999997
2025-08-01 10:45:24 AM,1869.5,0,0.0,46664782.79999997
2025-08-01 10:45:25 AM,1869.5,3,5608.5,46670391.29999997
2025-08-01 10:45:28 AM,1869.8,1,1869.8,46672261.099999964
2025-08-01 10:45:30 AM,1869.4,0,0.0,46672261.099999964
2025-08-01 10:45:30 AM,1869.9,13,24308.7,46696569.79999997
2025-08-01 10:45:35 AM,1869.4,0,0.0,46696569.79999997
2025-08-01 10:45:36 AM,1869.4,2,3738.8,46700308.599999964
2025-08-01 10:45:41 AM,1867.8,0,0.0,46700308.599999964
2025-08-01 10:45:41 AM,1868.5,13,24290.5,46724599.099999964
2025-08-01 10:45:44 AM,1867.6,1,1867.6,46726466.699999966
2025-08-01 10:45:51 AM,1867.0,0,0.0,46726466.699999966
2025-08-01 10:45:53 AM,1867.5,0,0.0,46726466.699999966
2025-08-01 10:45:54 AM,1867.5,5,9337.5,46735804.199999966
2025-08-01 10:45:57 AM,1866.2,0,0.0,46735804.199999966
2025-08-01 10:45:58 AM,1866.2,13,24260.600000000002,46760064.79999997
2025-08-01 10:46:03 AM,1866.1,0,0.0,46760064.79999997
2025-08-01 10:46:03 AM,1867.0,2,3734.0,46763798.79999997
2025-08-01 10:46:05 AM,1865.8,14,26121.2,46789919.99999997
2025-08-01 10:46:07 AM,1865.7,0,0.0,46789919.99999997
2025-08-01 10:46:09 AM,1867.1,0,0.0,46789919.99999997
2025-08-01 10:46:09 AM,1867.1,4,7468.4,46797388.39999997
2025-08-01 10:46:15 AM,1867.0,0,0.0,46797388.39999997
2025-08-01 10:46:15 AM,1866.0,2,3732.0,46801120.39999997
2025-08-01 10:46:21 AM,1865.9,15,27988.5,46829108.89999997
2025-08-01 10:46:26 AM,1866.7,0,0.0,46829108.89999997
2025-08-01 10:46:26 AM,1866.7,1,1866.7,46830975.59999997
2025-08-01 10:46:31 AM,1865.9,0,0.0,46830975.59999997
2025-08-01 10:46:32 AM,1865.9,2,3731.8,46834707.39999997
2025-08-01 10:46:37 AM,1866.7,0,0.0,46834707.39999997
2025-08-01 10:46:38 AM,1866.7,15,28000.5,46862707.89999997
2025-08-01 10:46:49 AM,1866.7,1,1866.7,46864574.59999997
2025-08-01 10:46:50 AM,1866.7,1,1866.7,46866441.299999975
2025-08-01 10:46:51 AM,1865.7,0,0.0,46866441.299999975
2025-08-01 10:46:54 AM,1865.7,6,11194.2,46877635.49999998
2025-08-01 10:46:55 AM,1865.2,1,1865.2,46879500.69999998
2025-08-01 10:46:57 AM,1866.3,0,0.0,46879500.69999998
2025-08-01 10:46:59 AM,1866.9,0,0.0,46879500.69999998
2025-08-01 10:46:59 AM,1866.9,19,35471.1,46914971.79999998
2025-08-01 10:47:05 AM,1865.6,0,0.0,46914971.79999998
2025-08-01 10:47:05 AM,1865.6,6,11193.599999999999,46926165.39999998
2025-08-01 10:47:07 AM,1865.4,0,0.0,46926165.39999998
2025-08-01 10:47:10 AM,1865.6,10,18656.0,46944821.39999998
2025-08-01 10:47:12 AM,1865.6,1,1865.6,46946686.999999985
2025-08-01 10:47:21 AM,1865.5,16,29848.0,46976534.999999985
2025-08-01 10:47:32 AM,1867.1,3,5601.299999999999,46982136.29999998
2025-08-01 10:47:33 AM,1865.1,0,0.0,46982136.29999998
2025-08-01 10:47:34 AM,1865.1,75,139882.5,47122018.79999998
2025-08-01 10:47:37 AM,1866.7,25,46667.5,47168686.29999998
2025-08-01 10:47:39 AM,1866.7,36,67201.2,47235887.499999985
2025-08-01 10:47:42 AM,1866.8,0,0.0,47235887.499999985
2025-08-01 10:47:42 AM,1867.6,3,5602.799999999999,47241490.29999998
2025-08-01 10:47:48 AM,1866.7,0,0.0,47241490.29999998
2025-08-01 10:47:50 AM,1866.7,17,31733.9,47273224.19999998
2025-08-01 10:47:53 AM,1867.6,2,3735.2,47276959.39999998
2025-08-01 10:48:01 AM,1866.7,1,1866.7,47278826.09999999
2025-08-01 10:48:06 AM,1866.7,15,28000.5,47306826.59999999
2025-08-01 10:48:13 AM,1868.8,0,0.0,47306826.59999999
2025-08-01 10:48:14 AM,1868.8,95,177536.0,47484362.59999999
2025-08-01 10:48:16 AM,1870.0,0,0.0,47484362.59999999
2025-08-01 10:48:17 AM,1870.0,1,1870.0,47486232.59999999
2025-08-01 10:48:20 AM,1869.2,5,9346.0,47495578.59999999
2025-08-01 10:48:22 AM,1869.1,9,16821.899999999998,47512400.499999985
2025-08-01 10:48:24 AM,1869.2,0,0.0,47512400.499999985
2025-08-01 10:48:25 AM,1870.0,0,0.0,47512400.499999985
2025-08-01 10:48:25 AM,1870.0,12,22440.0,47534840.499999985
2025-08-01 10:48:27 AM,1870.9,0,0.0,47534840.499999985
2025-08-01 10:48:28 AM,1870.9,1,1870.9,47536711.39999998
2025-08-01 10:48:35 AM,1870.0,0,0.0,47536711.39999998
2025-08-01 10:48:36 AM,1869.4,1129,2110552.6,49647263.999999985
2025-08-01 10:48:38 AM,1866.9,0,0.0,49647263.999999985
2025-08-01 10:48:38 AM,1866.9,2,3733.8,49650997.79999998
2025-08-01 10:48:42 AM,1865.6,0,0.0,49650997.79999998
2025-08-01 10:48:42 AM,1865.6,9,16790.399999999998,49667788.19999998
2025-08-01 10:48:47 AM,1865.9,0,0.0,49667788.19999998
2025-08-01 10:48:48 AM,1865.5,132,246246.0,49914034.19999998
2025-08-01 10:48:49 AM,1866.9,0,0.0,49914034.19999998
2025-08-01 10:48:49 AM,1866.9,1,1866.9,49915901.09999998
2025-08-01 10:48:50 AM,1865.6,0,0.0,49915901.09999998
2025-08-01 10:48:53 AM,1865.7,0,0.0,49915901.09999998
2025-08-01 10:48:53 AM,1865.7,15,27985.5,49943886.59999998
2025-08-01 10:48:57 AM,1865.6,0,0.0,49943886.59999998
2025-08-01 10:48:58 AM,1865.5,0,0.0,49943886.59999998
2025-08-01 10:48:59 AM,1865.5,13,24251.5,49968138.09999998
2025-08-01 10:49:00 AM,1866.8,0,0.0,49968138.09999998
2025-08-01 10:49:00 AM,1866.8,1,1866.8,49970004.899999976
2025-08-01 10:49:01 AM,1866.0,0,0.0,49970004.899999976
2025-08-01 10:49:04 AM,1866.0,1,1866.0,49971870.899999976
2025-08-01 10:49:06 AM,1866.0,24,44784.0,50016654.899999976
2025-08-01 10:49:10 AM,1866.0,2,3732.0,50020386.899999976
2025-08-01 10:49:11 AM,1866.8,0,0.0,50020386.899999976
2025-08-01 10:49:11 AM,1866.8,1,1866.8,50022253.69999997
2025-08-01 10:49:16 AM,1866.1,0,0.0,50022253.69999997
2025-08-01 10:49:17 AM,1866.1,1,1866.1,50024119.799999975
2025-08-01 10:49:22 AM,1866.9,0,0.0,50024119.799999975
2025-08-01 10:49:22 AM,1866.9,16,29870.4,50053990.19999997
2025-08-01 10:49:32 AM,1866.1,0,0.0,50053990.19999997
2025-08-01 10:49:33 AM,1866.9,0,0.0,50053990.19999997
2025-08-01 10:49:35 AM,1866.1,0,0.0,50053990.19999997
2025-08-01 10:49:36 AM,1866.1,9,16794.899999999998,50070785.09999997
2025-08-01 10:49:37 AM,1866.0,0,0.0,50070785.09999997
2025-08-01 10:49:38 AM,1866.0,7,13062.0,50083847.09999997
2025-08-01 10:49:42 AM,1866.0,2,3732.0,50087579.09999997
2025-08-01 10:49:44 AM,1866.1,0,0.0,50087579.09999997
2025-08-01 10:49:47 AM,1866.0,2,3732.0,50091311.09999997
2025-08-01 10:49:52 AM,1866.0,19,35454.0,50126765.09999997
2025-08-01 10:49:55 AM,1866.9,0,0.0,50126765.09999997
2025-08-01 10:49:57 AM,1866.9,2,3733.8,50130498.89999997
2025-08-01 10:50:01 AM,1866.0,0,0.0,50130498.89999997
2025-08-01 10:50:03 AM,1866.0,2,3732.0,50134230.89999997
2025-08-01 10:50:06 AM,1866.9,0,0.0,50134230.89999997
2025-08-01 10:50:09 AM,1866.9,15,28003.5,50162234.39999997
2025-08-01 10:50:12 AM,1866.0,0,0.0,50162234.39999997
2025-08-01 10:50:14 AM,1866.0,1,1866.0,50164100.39999997
2025-08-01 10:50:15 AM,1866.0,1,1866.0,50165966.39999997
2025-08-01 10:50:17 AM,1866.9,0,0.0,50165966.39999997
2025-08-01 10:50:20 AM,1866.0,0,0.0,50165966.39999997
2025-08-01 10:50:20 AM,1866.0,15,27990.0,50193956.39999997
2025-08-01 10:50:28 AM,1866.9,0,0.0,50193956.39999997
2025-08-01 10:50:30 AM,1866.0,0,0.0,50193956.39999997
2025-08-01 10:50:31 AM,1866.0,3,5598.0,50199554.39999997
2025-08-01 10:50:37 AM,1866.0,14,26124.0,50225678.39999997
2025-08-01 10:50:39 AM,1866.9,0,0.0,50225678.39999997
2025-08-01 10:50:42 AM,1866.9,1,1866.9,50227545.29999997
2025-08-01 10:50:46 AM,1866.0,0,0.0,50227545.29999997
2025-08-01 10:50:48 AM,1866.0,1,1866.0,50229411.29999997
2025-08-01 10:50:48 AM,1866.0,64,119424.0,50348835.29999997
2025-08-01 10:50:50 AM,1865.9,0,0.0,50348835.29999997
2025-08-01 10:50:51 AM,1865.2,0,0.0,50348835.29999997
2025-08-01 10:50:54 AM,1865.2,11,20517.2,50369352.49999997
2025-08-01 10:50:57 AM,1865.0,0,0.0,50369352.49999997
2025-08-01 10:51:00 AM,1864.3,0,0.0,50369352.49999997
2025-08-01 10:51:00 AM,1864.3,11,20507.3,50389859.79999997
2025-08-01 10:51:02 AM,1864.0,0,0.0,50389859.79999997
2025-08-01 10:51:05 AM,1864.0,25,46600.0,50436459.79999997
2025-08-01 10:51:11 AM,1864.3,5,9321.5,50445781.29999997
2025-08-01 10:51:16 AM,1864.0,0,0.0,50445781.29999997
2025-08-01 10:51:17 AM,1864.0,1,1864.0,50447645.29999997
2025-08-01 10:51:22 AM,1864.0,14,26096.0,50473741.29999997
2025-08-01 10:51:24 AM,1864.8,0,0.0,50473741.29999997
2025-08-01 10:51:27 AM,1864.8,1,1864.8,50475606.099999964
2025-08-01 10:51:30 AM,1864.1,0,0.0,50475606.099999964
2025-08-01 10:51:33 AM,1864.1,2,3728.2,50479334.29999997
2025-08-01 10:51:34 AM,1864.9,0,0.0,50479334.29999997
2025-08-01 10:51:36 AM,1864.0,0,0.0,50479334.29999997
2025-08-01 10:51:38 AM,1864.0,15,27960.0,50507294.29999997
2025-08-01 10:51:44 AM,1864.9,2,3729.8,50511024.099999964
2025-08-01 10:51:46 AM,1864.0,0,0.0,50511024.099999964
2025-08-01 10:51:49 AM,1864.0,1,1864.0,50512888.099999964
2025-08-01 10:51:55 AM,1864.0,14,26096.0,50538984.099999964
2025-08-01 10:51:55 AM,1864.8,1,1864.8,50540848.89999996
2025-08-01 10:52:00 AM,1864.0,1,1864.0,50542712.89999996
2025-08-01 10:52:05 AM,1864.0,4,7456.0,50550168.89999996
2025-08-01 10:52:07 AM,1863.5,0,0.0,50550168.89999996
2025-08-01 10:52:10 AM,1863.5,2,3727.0,50553895.89999996
2025-08-01 10:52:12 AM,1863.0,0,0.0,50553895.89999996
2025-08-01 10:52:16 AM,1863.0,9,16767.0,50570662.89999996
2025-08-01 10:52:18 AM,1864.0,0,0.0,50570662.89999996
2025-08-01 10:52:20 AM,1863.0,0,0.0,50570662.89999996
2025-08-01 10:52:21 AM,1863.0,15,27945.0,50598607.89999996
2025-08-01 10:52:30 AM,1863.8,0,0.0,50598607.89999996
2025-08-01 10:52:30 AM,1863.1,0,0.0,50598607.89999996
2025-08-01 10:52:32 AM,1863.1,3,5589.299999999999,50604197.19999996
2025-08-01 10:52:36 AM,1863.0,0,0.0,50604197.19999996
2025-08-01 10:52:37 AM,1863.0,13,24219.0,50628416.19999996
2025-08-01 10:52:38 AM,1862.5,1,1862.5,50630278.69999996
2025-08-01 10:52:40 AM,1863.0,0,0.0,50630278.69999996
2025-08-01 10:52:43 AM,1863.0,4,7452.0,50637730.69999996
2025-08-01 10:52:48 AM,1862.8,12,22353.6,50660084.29999996
2025-08-01 10:52:52 AM,1862.9,0,0.0,50660084.29999996
2025-08-01 10:52:53 AM,1862.9,16,29806.4,50689890.69999996
2025-08-01 10:53:00 AM,1862.8,0,0.0,50689890.69999996
2025-08-01 10:53:00 AM,1862.8,1,1862.8,50691753.499999955
2025-08-01 10:53:02 AM,1863.9,0,0.0,50691753.499999955
2025-08-01 10:53:04 AM,1863.9,3,5591.700000000001,50697345.19999996
2025-08-01 10:53:05 AM,1862.8,14,26079.2,50723424.39999996
2025-08-01 10:53:12 AM,1862.9,0,0.0,50723424.39999996
2025-08-01 10:53:14 AM,1863.9,0,0.0,50723424.39999996
2025-08-01 10:53:14 AM,1863.9,2,3727.8,50727152.19999996
2025-08-01 10:53:21 AM,1863.0,14,26082.0,50753234.19999996
2025-08-01 10:53:24 AM,1864.5,0,0.0,50753234.19999996
2025-08-01 10:53:25 AM,1864.5,1,1864.5,50755098.69999996
2025-08-01 10:53:31 AM,1863.9,1,1863.9,50756962.59999996
2025-08-01 10:53:36 AM,1863.5,0,0.0,50756962.59999996
2025-08-01 10:53:36 AM,1863.5,12,22362.0,50779324.59999996
2025-08-01 10:53:38 AM,1862.9,0,0.0,50779324.59999996
2025-08-01 10:53:41 AM,1863.0,4,7452.0,50786776.59999996
2025-08-01 10:53:44 AM,1863.5,0,0.0,50786776.59999996
2025-08-01 10:53:46 AM,1864.9,0,0.0,50786776.59999996
2025-08-01 10:53:47 AM,1864.9,3,5594.700000000001,50792371.29999996
2025-08-01 10:53:50 AM,1863.5,0,0.0,50792371.29999996
2025-08-01 10:53:52 AM,1863.5,14,26089.0,50818460.29999996
2025-08-01 10:53:57 AM,1864.5,1,1864.5,50820324.79999996
2025-08-01 10:54:02 AM,1863.6,0,0.0,50820324.79999996
2025-08-01 10:54:02 AM,1863.6,1,1863.6,50822188.39999996
2025-08-01 10:54:08 AM,1863.5,0,0.0,50822188.39999996
2025-08-01 10:54:08 AM,1863.5,13,24225.5,50846413.89999996
2025-08-01 10:54:09 AM,1863.3,1,1863.3,50848277.19999996
2025-08-01 10:54:18 AM,1863.5,0,0.0,50848277.19999996
2025-08-01 10:54:19 AM,1864.8,103,192074.4,51040351.59999996
2025-08-01 10:54:20 AM,1863.4,0,0.0,51040351.59999996
2025-08-01 10:54:24 AM,1863.4,14,26087.600000000002,51066439.19999996
2025-08-01 10:54:29 AM,1864.4,11,20508.4,51086947.59999996
2025-08-01 10:54:32 AM,1863.4,0,0.0,51086947.59999996
2025-08-01 10:54:35 AM,1863.4,2,3726.8,51090674.399999954
2025-08-01 10:54:38 AM,1863.3,0,0.0,51090674.399999954
2025-08-01 10:54:40 AM,1863.3,15,27949.5,51118623.899999954
2025-08-01 10:54:41 AM,1863.3,2,3726.6,51122350.499999955
2025-08-01 10:54:50 AM,1863.3,16,29812.8,51152163.29999995
2025-08-01 10:54:51 AM,1864.0,2,3728.0,51155891.29999995
2025-08-01 10:54:56 AM,1863.8,6,11182.8,51167074.09999995
2025-08-01 10:55:06 AM,1862.3,0,0.0,51167074.09999995
2025-08-01 10:55:06 AM,1862.3,11,20485.3,51187559.39999995
2025-08-01 10:55:08 AM,1862.2,0,0.0,51187559.39999995
2025-08-01 10:55:11 AM,1862.2,3,5586.6,51193145.99999995
2025-08-01 10:55:14 AM,1862.1,0,0.0,51193145.99999995
2025-08-01 10:55:16 AM,1862.9,3,5588.700000000001,51198734.69999995
2025-08-01 10:55:20 AM,1862.2,0,0.0,51198734.69999995
2025-08-01 10:55:22 AM,1862.9,16,29806.4,51228541.09999995
2025-08-01 10:55:30 AM,1862.1,0,0.0,51228541.09999995
2025-08-01 10:55:34 AM,1862.1,1,1862.1,51230403.19999995
2025-08-01 10:55:36 AM,1862.2,0,0.0,51230403.19999995
2025-08-01 10:55:38 AM,1862.1,0,0.0,51230403.19999995
2025-08-01 10:55:39 AM,1862.1,7,13034.699999999999,51243437.899999954
2025-08-01 10:55:42 AM,1862.0,0,0.0,51243437.899999954
2025-08-01 10:55:45 AM,1862.0,7,13034.0,51256471.899999954
2025-08-01 10:55:50 AM,1862.0,1,1862.0,51258333.899999954
2025-08-01 10:55:51 AM,1862.0,9,16758.0,51275091.899999954
2025-08-01 10:55:52 AM,1861.7,0,0.0,51275091.899999954
2025-08-01 10:55:55 AM,1861.7,5,9308.5,51284400.399999954
2025-08-01 10:55:58 AM,1861.0,0,0.0,51284400.399999954
2025-08-01 10:56:00 AM,1861.0,100,186100.0,51470500.399999954
2025-08-01 10:56:01 AM,1860.8,4,7443.2,51477943.59999996
2025-08-01 10:56:10 AM,1860.8,10,18608.0,51496551.59999996
2025-08-01 10:56:11 AM,1861.6,59,109834.4,51606385.999999955
2025-08-01 10:56:20 AM,1863.0,0,0.0,51606385.999999955
2025-08-01 10:56:21 AM,1863.1,16,29809.6,51636195.59999996
2025-08-01 10:56:28 AM,1863.1,6,11178.599999999999,51647374.19999996
2025-08-01 10:56:30 AM,1863.0,0,0.0,51647374.19999996
2025-08-01 10:56:32 AM,1863.0,1,1863.0,51649237.19999996
2025-08-01 10:56:36 AM,1863.4,0,0.0,51649237.19999996
2025-08-01 10:56:37 AM,1863.4,15,27951.0,51677188.19999996
2025-08-01 10:56:38 AM,1861.2,0,0.0,51677188.19999996
2025-08-01 10:56:38 AM,1861.2,272,506246.4,52183434.59999996
2025-08-01 10:56:42 AM,1863.3,0,0.0,52183434.59999996
2025-08-01 10:56:42 AM,1863.3,300,558990.0,52742424.59999996
2025-08-01 10:56:46 AM,1863.4,0,0.0,52742424.59999996
2025-08-01 10:56:48 AM,1863.4,16,29814.4,52772238.999999955
2025-08-01 10:56:50 AM,1862.8,0,0.0,52772238.999999955
2025-08-01 10:56:52 AM,1863.1,0,0.0,52772238.999999955
2025-08-01 10:56:53 AM,1862.1,57,106139.7,52878378.69999996
2025-08-01 10:56:56 AM,1861.6,0,0.0,52878378.69999996
2025-08-01 10:56:58 AM,1861.6,1,1861.6,52880240.29999996
2025-08-01 10:57:03 AM,1861.2,24,44668.8,52924909.09999996
2025-08-01 10:57:06 AM,1861.6,0,0.0,52924909.09999996
2025-08-01 10:57:08 AM,1861.6,15,27924.0,52952833.09999996
2025-08-01 10:57:12 AM,1862.1,0,0.0,52952833.09999996
2025-08-01 10:57:14 AM,1861.6,2,3723.2,52956556.29999996
2025-08-01 10:57:16 AM,1862.1,0,0.0,52956556.29999996
2025-08-01 10:57:19 AM,1862.1,1,1862.1,52958418.39999996
2025-08-01 10:57:20 AM,1862.4,0,0.0,52958418.39999996
2025-08-01 10:57:20 AM,1862.4,6,11174.400000000001,52969592.79999996
2025-08-01 10:57:22 AM,1862.2,0,0.0,52969592.79999996
2025-08-01 10:57:24 AM,1862.2,8,14897.6,52984490.39999996
2025-08-01 10:57:30 AM,1861.5,0,0.0,52984490.39999996
2025-08-01 10:57:31 AM,1861.5,5,9307.5,52993797.89999996
2025-08-01 10:57:34 AM,1861.4,0,0.0,52993797.89999996
2025-08-01 10:57:35 AM,1861.6,15,27924.0,53021721.89999996
2025-08-01 10:57:40 AM,1861.6,1,1861.6,53023583.49999996
2025-08-01 10:57:44 AM,1863.0,0,0.0,53023583.49999996
2025-08-01 10:57:46 AM,1861.6,0,0.0,53023583.49999996
2025-08-01 10:57:46 AM,1861.6,2,3723.2,53027306.699999966
2025-08-01 10:57:50 AM,1861.7,0,0.0,53027306.699999966
2025-08-01 10:57:51 AM,1861.7,14,26063.8,53053370.49999996
2025-08-01 10:58:00 AM,1859.1,0,0.0,53053370.49999996
2025-08-01 10:58:00 AM,1861.5,0,0.0,53053370.49999996
2025-08-01 10:58:02 AM,1861.5,1011,1881976.5,54935346.99999996
2025-08-01 10:58:04 AM,1862.1,0,0.0,54935346.99999996
2025-08-01 10:58:07 AM,1862.1,91,169451.1,55104798.099999964
2025-08-01 10:58:10 AM,1862.4,0,0.0,55104798.099999964
2025-08-01 10:58:12 AM,1862.4,66,122918.40000000001,55227716.49999996
2025-08-01 10:58:16 AM,1862.5,0,0.0,55227716.49999996
2025-08-01 10:58:17 AM,1862.5,9,16762.5,55244478.99999996
2025-08-01 10:58:20 AM,1862.6,0,0.0,55244478.99999996
2025-08-01 10:58:23 AM,1862.6,23,42839.799999999996,55287318.79999996
2025-08-01 10:58:26 AM,1863.0,0,0.0,55287318.79999996
2025-08-01 10:58:29 AM,1863.0,2,3726.0,55291044.79999996
2025-08-01 10:58:34 AM,1863.0,1,1863.0,55292907.79999996
2025-08-01 10:58:40 AM,1863.0,14,26082.0,55318989.79999996
2025-08-01 10:58:45 AM,1863.0,3,5589.0,55324578.79999996
2025-08-01 10:58:50 AM,1863.0,15,27945.0,55352523.79999996
2025-08-01 10:59:01 AM,1863.0,2,3726.0,55356249.79999996
2025-08-01 10:59:06 AM,1863.0,14,26082.0,55382331.79999996
2025-08-01 10:59:16 AM,1863.5,0,0.0,55382331.79999996
2025-08-01 10:59:16 AM,1863.5,1,1863.5,55384195.29999996
2025-08-01 10:59:24 AM,1863.0,0,0.0,55384195.29999996
2025-08-01 10:59:26 AM,1863.0,14,26082.0,55410277.29999996
2025-08-01 10:59:34 AM,1863.1,0,0.0,55410277.29999996
2025-08-01 10:59:37 AM,1863.1,2,3726.2,55414003.49999996
2025-08-01 10:59:37 AM,1863.0,14,26082.0,55440085.49999996
2025-08-01 10:59:42 AM,1863.0,1,1863.0,55441948.49999996
2025-08-01 10:59:48 AM,1863.0,1,1863.0,55443811.49999996
2025-08-01 10:59:53 AM,1863.0,15,27945.0,55471756.49999996
2025-08-01 10:59:58 AM,1863.9,0,0.0,55471756.49999996
2025-08-01 10:59:59 AM,1863.9,3,5591.700000000001,55477348.199999966
2025-08-01 11:00:00 AM,1863.0,0,0.0,55477348.199999966
2025-08-01 11:00:03 AM,1863.9,0,0.0,55477348.199999966
2025-08-01 11:00:04 AM,1863.9,88,164023.2,55641371.39999997
2025-08-01 11:00:07 AM,1863.1,0,0.0,55641371.39999997
2025-08-01 11:00:11 AM,1866.0,165,307890.0,55949261.39999997
2025-08-01 11:00:21 AM,1867.4,0,0.0,55949261.39999997
2025-08-01 11:00:22 AM,1867.4,26,48552.4,55997813.79999997
2025-08-01 11:00:31 AM,1867.5,0,0.0,55997813.79999997
2025-08-01 11:00:33 AM,1867.9,7,13075.300000000001,56010889.099999964
2025-08-01 11:00:35 AM,1867.5,0,0.0,56010889.099999964
2025-08-01 11:00:38 AM,1867.5,14,26145.0,56037034.099999964
2025-08-01 11:00:43 AM,1867.5,2,3735.0,56040769.099999964
2025-08-01 11:00:48 AM,1867.5,1,1867.5,56042636.599999964
2025-08-01 11:00:54 AM,1867.5,15,28012.5,56070649.099999964
2025-08-01 11:01:04 AM,1867.5,1,1867.5,56072516.599999964
2025-08-01 11:01:10 AM,1867.5,14,26145.0,56098661.599999964
2025-08-01 11:01:15 AM,1867.6,2,3735.2,56102396.79999997
2025-08-01 11:01:21 AM,1867.6,14,26146.399999999998,56128543.199999966
2025-08-01 11:01:31 AM,1867.6,1,1867.6,56130410.79999997
2025-08-01 11:01:36 AM,1867.6,18,33616.799999999996,56164027.599999964
2025-08-01 11:01:41 AM,1867.6,2,3735.2,56167762.79999997
2025-08-01 11:01:47 AM,1867.6,2,3735.2,56171497.99999997
2025-08-01 11:01:51 AM,1867.6,14,26146.399999999998,56197644.39999997
2025-08-01 11:01:55 AM,1867.7,0,0.0,56197644.39999997
2025-08-01 11:01:58 AM,1867.7,1,1867.7,56199512.09999997
2025-08-01 11:02:02 AM,1867.7,1,1867.7,56201379.799999975
2025-08-01 11:02:07 AM,1867.7,45,84046.5,56285426.299999975
2025-08-01 11:02:18 AM,1867.7,3,5603.1,56291029.399999976
2025-08-01 11:02:23 AM,1868.3,0,0.0,56291029.399999976
2025-08-01 11:02:23 AM,1868.3,15,28024.5,56319053.899999976
2025-08-01 11:02:33 AM,1867.7,0,0.0,56319053.899999976
2025-08-01 11:02:35 AM,1867.7,15,28015.5,56347069.399999976
2025-08-01 11:02:36 AM,1868.4,5,9342.0,56356411.399999976
2025-08-01 11:02:46 AM,1868.4,1,1868.4,56358279.799999975
2025-08-01 11:02:47 AM,1867.7,0,0.0,56358279.799999975
2025-08-01 11:02:47 AM,1867.7,1,1867.7,56360147.49999998
2025-08-01 11:02:51 AM,1867.7,15,28015.5,56388162.99999998
2025-08-01 11:03:01 AM,1867.7,1,1867.7,56390030.69999998
2025-08-01 11:03:03 AM,1868.4,1,1868.4,56391899.09999998
2025-08-01 11:03:05 AM,1867.7,0,0.0,56391899.09999998
2025-08-01 11:03:06 AM,1867.7,15,28015.5,56419914.59999998
2025-08-01 11:03:17 AM,1867.8,0,0.0,56419914.59999998
2025-08-01 11:03:18 AM,1867.8,1,1867.8,56421782.399999976
2025-08-01 11:03:21 AM,1868.0,0,0.0,56421782.399999976
2025-08-01 11:03:22 AM,1868.0,7,13076.0,56434858.399999976
2025-08-01 11:03:23 AM,1867.8,0,0.0,56434858.399999976
2025-08-01 11:03:23 AM,1867.8,7,13074.6,56447932.99999998
2025-08-01 11:03:25 AM,1869.0,0,0.0,56447932.99999998
2025-08-01 11:03:27 AM,1869.0,23,42987.0,56490919.99999998
2025-08-01 11:03:34 AM,1868.9,3,5606.700000000001,56496526.69999998
2025-08-01 11:03:35 AM,1868.6,0,0.0,56496526.69999998
2025-08-01 11:03:37 AM,1868.6,2,3737.2,56500263.89999998
2025-08-01 11:03:39 AM,1868.5,0,0.0,56500263.89999998
2025-08-01 11:03:39 AM,1868.5,12,22422.0,56522685.89999998
2025-08-01 11:03:41 AM,1868.6,0,0.0,56522685.89999998
2025-08-01 11:03:42 AM,1868.6,1,1868.6,56524554.499999985
2025-08-01 11:03:49 AM,1868.7,0,0.0,56524554.499999985
2025-08-01 11:03:53 AM,1868.4,20,37368.0,56561922.499999985
2025-08-01 11:03:55 AM,1868.3,0,0.0,56561922.499999985
2025-08-01 11:03:56 AM,1868.7,14,26161.8,56588084.29999998
2025-08-01 11:03:58 AM,1868.7,4,7474.8,56595559.09999998
2025-08-01 11:04:06 AM,1868.7,14,26161.8,56621720.899999976
2025-08-01 11:04:14 AM,1868.7,10,18687.0,56640407.899999976
2025-08-01 11:04:16 AM,1868.7,2,3737.4,56644145.299999975
2025-08-01 11:04:19 AM,1869.4,0,0.0,56644145.299999975
2025-08-01 11:04:19 AM,1869.3,32,59817.6,56703962.899999976
2025-08-01 11:04:21 AM,1868.7,0,0.0,56703962.899999976
2025-08-01 11:04:21 AM,1868.7,14,26161.8,56730124.69999997
2025-08-01 11:04:31 AM,1868.4,6,11210.400000000001,56741335.09999997
2025-08-01 11:04:36 AM,1868.4,14,26157.600000000002,56767492.69999997
2025-08-01 11:04:40 AM,1868.4,1,1868.4,56769361.09999997
2025-08-01 11:04:42 AM,1868.4,2,3736.8,56773097.89999997
2025-08-01 11:04:47 AM,1868.4,2,3736.8,56776834.699999966
2025-08-01 11:04:50 AM,1868.4,3,5605.200000000001,56782439.89999997
2025-08-01 11:04:52 AM,1868.0,10,18680.0,56801119.89999997
2025-08-01 11:04:54 AM,1868.5,0,0.0,56801119.89999997
2025-08-01 11:04:56 AM,1868.5,14,26159.0,56827278.89999997
2025-08-01 11:05:05 AM,1868.2,0,0.0,56827278.89999997
2025-08-01 11:05:08 AM,1868.2,4,7472.8,56834751.699999966
2025-08-01 11:05:09 AM,1867.4,0,0.0,56834751.699999966
2025-08-01 11:05:12 AM,1867.4,4,7469.6,56842221.29999997
2025-08-01 11:05:13 AM,1867.9,0,0.0,56842221.29999997
2025-08-01 11:05:13 AM,1867.9,37,69112.3,56911333.599999964
2025-08-01 11:05:17 AM,1868.5,0,0.0,56911333.599999964
2025-08-01 11:05:17 AM,1868.5,1,1868.5,56913202.099999964
2025-08-01 11:05:22 AM,1867.7,9,16809.3,56930011.39999996
2025-08-01 11:05:24 AM,1867.4,8,14939.2,56944950.599999964
2025-08-01 11:05:30 AM,1868.5,0,0.0,56944950.599999964
2025-08-01 11:05:33 AM,1867.4,0,0.0,56944950.599999964
2025-08-01 11:05:33 AM,1867.4,3,5602.200000000001,56950552.79999997
2025-08-01 11:05:35 AM,1867.4,1,1867.4,56952420.199999966
2025-08-01 11:05:39 AM,1867.4,11,20541.4,56972961.599999964
2025-08-01 11:05:40 AM,1867.5,4,7470.0,56980431.599999964
2025-08-01 11:05:42 AM,1867.4,0,0.0,56980431.599999964
2025-08-01 11:05:45 AM,1867.6,0,0.0,56980431.599999964
2025-08-01 11:05:46 AM,1867.6,7,13073.199999999999,56993504.79999997
2025-08-01 11:05:51 AM,1867.3,0,0.0,56993504.79999997
2025-08-01 11:05:51 AM,1867.3,14,26142.2,57019646.99999997
2025-08-01 11:05:55 AM,1868.5,0,0.0,57019646.99999997
2025-08-01 11:05:55 AM,1868.5,2,3737.0,57023383.99999997
2025-08-01 11:05:58 AM,1867.3,0,0.0,57023383.99999997
2025-08-01 11:06:00 AM,1867.3,5,9336.5,57032720.49999997
2025-08-01 11:06:07 AM,1866.2,0,0.0,57032720.49999997
2025-08-01 11:06:07 AM,1866.2,14,26126.8,57058847.29999997
2025-08-01 11:06:10 AM,1867.3,0,0.0,57058847.29999997
2025-08-01 11:06:11 AM,1867.3,6,11203.8,57070051.099999964
2025-08-01 11:06:17 AM,1867.3,3,5601.9,57075652.99999996
2025-08-01 11:06:21 AM,1867.3,15,28009.5,57103662.49999996
2025-08-01 11:06:30 AM,1867.3,1,1867.3,57105529.79999996
2025-08-01 11:06:35 AM,1867.3,1,1867.3,57107397.09999996
2025-08-01 11:06:37 AM,1867.3,14,26142.2,57133539.29999996
2025-08-01 11:06:41 AM,1867.3,1,1867.3,57135406.59999996
2025-08-01 11:06:47 AM,1867.3,1,1867.3,57137273.899999954
2025-08-01 11:06:53 AM,1867.3,15,28009.5,57165283.399999954
2025-08-01 11:07:00 AM,1867.3,1,1867.3,57167150.69999995
2025-08-01 11:07:05 AM,1867.3,14,26142.2,57193292.899999954
2025-08-01 11:07:14 AM,1868.4,1,1868.4,57195161.29999995
2025-08-01 11:07:15 AM,1867.3,0,0.0,57195161.29999995
2025-08-01 11:07:15 AM,1867.3,1,1867.3,57197028.59999995
2025-08-01 11:07:21 AM,1867.3,14,26142.2,57223170.79999995
2025-08-01 11:07:27 AM,1868.5,0,0.0,57223170.79999995
2025-08-01 11:07:31 AM,1867.6,0,0.0,57223170.79999995
2025-08-01 11:07:32 AM,1867.6,3,5602.799999999999,57228773.59999995
2025-08-01 11:07:35 AM,1867.5,0,0.0,57228773.59999995
2025-08-01 11:07:36 AM,1867.5,14,26145.0,57254918.59999995
2025-08-01 11:07:41 AM,1867.5,3,5602.5,57260521.09999995
2025-08-01 11:07:47 AM,1867.5,1,1867.5,57262388.59999995
2025-08-01 11:07:52 AM,1867.5,14,26145.0,57288533.59999995
2025-08-01 11:08:01 AM,1868.0,0,0.0,57288533.59999995
2025-08-01 11:08:03 AM,1868.0,2,3736.0,57292269.59999995
2025-08-01 11:08:08 AM,1868.0,14,26152.0,57318421.59999995
2025-08-01 11:08:15 AM,1868.0,1,1868.0,57320289.59999995
2025-08-01 11:08:20 AM,1868.0,14,26152.0,57346441.59999995
2025-08-01 11:08:31 AM,1868.1,0,0.0,57346441.59999995
2025-08-01 11:08:31 AM,1868.1,2,3736.2,57350177.79999995
2025-08-01 11:08:34 AM,1868.9,50,93445.0,57443622.79999995
2025-08-01 11:08:35 AM,1868.3,0,0.0,57443622.79999995
2025-08-01 11:08:36 AM,1868.3,3,5604.9,57449227.69999995
2025-08-01 11:08:37 AM,1868.1,0,0.0,57449227.69999995
2025-08-01 11:08:39 AM,1868.1,11,20549.1,57469776.79999995
2025-08-01 11:08:41 AM,1868.1,1,1868.1,57471644.899999954
2025-08-01 11:08:44 AM,1868.1,5,9340.5,57480985.399999954
2025-08-01 11:08:50 AM,1868.1,1,1868.1,57482853.499999955
2025-08-01 11:08:52 AM,1868.1,15,28021.5,57510874.999999955
2025-08-01 11:08:57 AM,1867.0,0,0.0,57510874.999999955
2025-08-01 11:08:58 AM,1865.0,191,356215.0,57867089.999999955
2025-08-01 11:09:01 AM,1864.0,0,0.0,57867089.999999955
2025-08-01 11:09:04 AM,1864.0,2,3728.0,57870817.999999955
2025-08-01 11:09:07 AM,1863.3,33,61488.9,57932306.899999954
2025-08-01 11:09:10 AM,1863.3,3,5589.9,57937896.79999995
2025-08-01 11:09:18 AM,1863.0,0,0.0,57937896.79999995
2025-08-01 11:09:18 AM,1863.0,4,7452.0,57945348.79999995
2025-08-01 11:09:21 AM,1863.0,14,26082.0,57971430.79999995
2025-08-01 11:09:30 AM,1862.5,0,0.0,57971430.79999995
2025-08-01 11:09:32 AM,1862.5,2,3725.0,57975155.79999995
2025-08-01 11:09:35 AM,1862.2,14,26070.8,58001226.59999995
2025-08-01 11:09:40 AM,1862.2,1,1862.2,58003088.79999995
2025-08-01 11:09:42 AM,1863.0,0,0.0,58003088.79999995
2025-08-01 11:09:42 AM,1863.0,1,1863.0,58004951.79999995
2025-08-01 11:09:45 AM,1862.1,1,1862.1,58006813.899999954
2025-08-01 11:09:50 AM,1861.8,0,0.0,58006813.899999954
2025-08-01 11:09:51 AM,1861.7,15,27925.5,58034739.399999954
2025-08-01 11:10:01 AM,1861.3,1,1861.3,58036600.69999995
2025-08-01 11:10:06 AM,1864.2,0,0.0,58036600.69999995
2025-08-01 11:10:07 AM,1864.2,246,458593.2,58495193.899999954
2025-08-01 11:10:17 AM,1864.2,27,50333.4,58545527.29999995
2025-08-01 11:10:23 AM,1864.2,14,26098.8,58571626.09999995
2025-08-01 11:10:26 AM,1864.1,0,0.0,58571626.09999995
2025-08-01 11:10:28 AM,1864.1,3,5592.299999999999,58577218.39999995
2025-08-01 11:10:32 AM,1864.0,0,0.0,58577218.39999995
2025-08-01 11:10:34 AM,1864.0,1,1864.0,58579082.39999995
2025-08-01 11:10:36 AM,1864.1,0,0.0,58579082.39999995
2025-08-01 11:10:39 AM,1864.1,15,27961.5,58607043.89999995
2025-08-01 11:10:40 AM,1864.1,2,3728.2,58610772.09999995
2025-08-01 11:10:46 AM,1864.1,2,3728.2,58614500.29999995
2025-08-01 11:10:50 AM,1864.0,0,0.0,58614500.29999995
2025-08-01 11:10:50 AM,1864.0,81,150984.0,58765484.29999995
2025-08-01 11:11:00 AM,1864.1,0,0.0,58765484.29999995
2025-08-01 11:11:01 AM,1864.2,8,14913.6,58780397.899999954
2025-08-01 11:11:07 AM,1864.2,14,26098.8,58806496.69999995
2025-08-01 11:11:12 AM,1864.2,1,1864.2,58808360.899999954
2025-08-01 11:11:18 AM,1864.2,2,3728.4,58812089.29999995
2025-08-01 11:11:20 AM,1864.3,0,0.0,58812089.29999995
2025-08-01 11:11:23 AM,1864.3,14,26100.2,58838189.499999955
2025-08-01 11:11:32 AM,1864.6,0,0.0,58838189.499999955
2025-08-01 11:11:34 AM,1864.6,1,1864.6,58840054.09999996
2025-08-01 11:11:35 AM,1865.1,14,26111.399999999998,58866165.499999955
2025-08-01 11:11:40 AM,1865.7,0,0.0,58866165.499999955
2025-08-01 11:11:40 AM,1865.7,1,1865.7,58868031.19999996
2025-08-01 11:11:45 AM,1865.6,2,3731.2,58871762.39999996
2025-08-01 11:11:50 AM,1865.6,14,26118.399999999998,58897880.79999996
2025-08-01 11:12:00 AM,1865.8,0,0.0,58897880.79999996
2025-08-01 11:12:00 AM,1865.8,1,1865.8,58899746.59999996
2025-08-01 11:12:06 AM,1865.7,14,26119.8,58925866.399999954
2025-08-01 11:12:11 AM,1865.4,1,1865.4,58927731.79999995
2025-08-01 11:12:12 AM,1866.9,0,0.0,58927731.79999995
2025-08-01 11:12:12 AM,1866.9,8,14935.2,58942666.999999955
2025-08-01 11:12:16 AM,1865.5,0,0.0,58942666.999999955
2025-08-01 11:12:17 AM,1865.5,1,1865.5,58944532.499999955
2025-08-01 11:12:22 AM,1867.4,0,0.0,58944532.499999955
2025-08-01 11:12:22 AM,1867.4,115,214751.0,59159283.499999955
2025-08-01 11:12:33 AM,1866.0,10,18660.0,59177943.499999955
2025-08-01 11:12:38 AM,1866.0,14,26124.0,59204067.499999955
2025-08-01 11:12:40 AM,1866.1,0,0.0,59204067.499999955
2025-08-01 11:12:42 AM,1867.6,0,0.0,59204067.499999955
2025-08-01 11:12:44 AM,1867.6,16,29881.6,59233949.09999996
2025-08-01 11:12:50 AM,1866.4,0,0.0,59233949.09999996
2025-08-01 11:12:53 AM,1866.4,15,27996.0,59261945.09999996
2025-08-01 11:13:00 AM,1867.9,24,44829.600000000006,59306774.69999996
2025-08-01 11:13:05 AM,1866.5,14,26131.0,59332905.69999996
2025-08-01 11:13:08 AM,1867.8,0,0.0,59332905.69999996
2025-08-01 11:13:09 AM,1867.8,9,16810.2,59349715.89999996
2025-08-01 11:13:10 AM,1866.8,0,0.0,59349715.89999996
2025-08-01 11:13:11 AM,1866.8,2,3733.6,59353449.49999996
2025-08-01 11:13:15 AM,1866.8,2,3733.6,59357183.099999964
2025-08-01 11:13:21 AM,1866.8,15,28002.0,59385185.099999964
2025-08-01 11:13:31 AM,1866.8,2,3733.6,59388918.699999966
2025-08-01 11:13:37 AM,1866.7,0,0.0,59388918.699999966
2025-08-01 11:13:37 AM,1866.7,14,26133.8,59415052.49999996
2025-08-01 11:13:43 AM,1866.7,2,3733.4,59418785.89999996
2025-08-01 11:13:48 AM,1866.6,1,1866.6,59420652.49999996
2025-08-01 11:13:53 AM,1866.3,0,0.0,59420652.49999996
2025-08-01 11:13:53 AM,1866.3,136,253816.8,59674469.29999996
2025-08-01 11:13:55 AM,1865.0,1,1865.0,59676334.29999996
2025-08-01 11:13:58 AM,1865.3,11,20518.3,59696852.59999996
2025-08-01 11:14:01 AM,1865.1,0,0.0,59696852.59999996
2025-08-01 11:14:03 AM,1865.2,0,0.0,59696852.59999996
2025-08-01 11:14:04 AM,1865.2,9,16786.8,59713639.399999954
2025-08-01 11:14:06 AM,1865.2,14,26112.8,59739752.19999995
2025-08-01 11:14:09 AM,1865.3,0,0.0,59739752.19999995
2025-08-01 11:14:10 AM,1865.3,1,1865.3,59741617.49999995
2025-08-01 11:14:13 AM,1865.2,0,0.0,59741617.49999995
2025-08-01 11:14:15 AM,1865.2,3,5595.6,59747213.09999995
2025-08-01 11:14:20 AM,1865.2,14,26112.8,59773325.89999995
2025-08-01 11:14:31 AM,1865.3,0,0.0,59773325.89999995
2025-08-01 11:14:31 AM,1865.3,1,1865.3,59775191.19999994
2025-08-01 11:14:35 AM,1865.0,0,0.0,59775191.19999994
2025-08-01 11:14:36 AM,1865.0,14,26110.0,59801301.19999994
2025-08-01 11:14:41 AM,1865.0,1,1865.0,59803166.19999994
2025-08-01 11:14:47 AM,1864.7,2,3729.4,59806895.59999994
2025-08-01 11:14:51 AM,1865.0,0,0.0,59806895.59999994
2025-08-01 11:14:52 AM,1865.0,14,26110.0,59833005.59999994
2025-08-01 11:14:59 AM,1864.8,0,0.0,59833005.59999994
2025-08-01 11:14:59 AM,1864.9,0,0.0,59833005.59999994
2025-08-01 11:14:59 AM,1864.9,3,5594.700000000001,59838600.299999945
2025-08-01 11:15:04 AM,1864.9,2,3729.8,59842330.09999994
2025-08-01 11:15:05 AM,1864.8,0,0.0,59842330.09999994
2025-08-01 11:15:09 AM,1866.2,0,0.0,59842330.09999994
2025-08-01 11:15:09 AM,1866.2,19,35457.8,59877787.89999994
2025-08-01 11:15:19 AM,1864.7,0,0.0,59877787.89999994
2025-08-01 11:15:19 AM,1864.7,1,1864.7,59879652.59999994
2025-08-01 11:15:20 AM,1864.1,14,26097.399999999998,59905749.99999994
2025-08-01 11:15:25 AM,1866.1,1,1866.1,59907616.09999994
2025-08-01 11:15:30 AM,1864.2,1,1864.2,59909480.299999945
2025-08-01 11:15:35 AM,1864.3,0,0.0,59909480.299999945
2025-08-01 11:15:35 AM,1864.3,14,26100.2,59935580.49999995
2025-08-01 11:15:41 AM,1864.3,2,3728.6,59939309.09999995
2025-08-01 11:15:46 AM,1864.2,1,1864.2,59941173.29999995
2025-08-01 11:15:51 AM,1864.2,14,26098.8,59967272.09999995
2025-08-01 11:15:59 AM,1865.4,0,0.0,59967272.09999995
2025-08-01 11:16:01 AM,1864.2,20,37284.0,60004556.09999995
2025-08-01 11:16:05 AM,1864.3,0,0.0,60004556.09999995
2025-08-01 11:16:06 AM,1865.4,19,35442.6,60039998.69999995
2025-08-01 11:16:09 AM,1864.1,0,0.0,60039998.69999995
2025-08-01 11:16:12 AM,1864.1,9,16776.899999999998,60056775.59999995
2025-08-01 11:16:17 AM,1865.8,0,0.0,60056775.59999995
2025-08-01 11:16:17 AM,1865.8,166,309722.8,60366498.39999995
2025-08-01 11:16:19 AM,1864.9,1,1864.9,60368363.299999945
2025-08-01 11:16:21 AM,1864.8,0,0.0,60368363.299999945
2025-08-01 11:16:23 AM,1864.9,15,27973.5,60396336.799999945
2025-08-01 11:16:28 AM,1864.7,16,29835.2,60426171.99999995
2025-08-01 11:16:33 AM,1864.7,3,5594.1,60431766.09999995
2025-08-01 11:16:35 AM,1864.6,0,0.0,60431766.09999995
2025-08-01 11:16:39 AM,1864.3,0,0.0,60431766.09999995
2025-08-01 11:16:39 AM,1864.3,7,13050.1,60444816.19999995
2025-08-01 11:16:41 AM,1864.2,0,0.0,60444816.19999995
2025-08-01 11:16:43 AM,1864.2,12,22370.4,60467186.59999995
2025-08-01 11:16:50 AM,1864.3,14,26100.2,60493286.79999995
2025-08-01 11:16:53 AM,1864.2,0,0.0,60493286.79999995
2025-08-01 11:16:54 AM,1864.2,1,1864.2,60495150.999999955
2025-08-01 11:17:01 AM,1864.2,1,1864.2,60497015.19999996
2025-08-01 11:17:06 AM,1864.2,14,26098.8,60523113.999999955
2025-08-01 11:17:17 AM,1864.1,0,0.0,60523113.999999955
2025-08-01 11:17:17 AM,1864.1,2,3728.2,60526842.19999996
2025-08-01 11:17:20 AM,1864.1,14,26097.399999999998,60552939.59999996
2025-08-01 11:17:22 AM,1865.1,5,9325.5,60562265.09999996
2025-08-01 11:17:26 AM,1865.1,1,1865.1,60564130.19999996
2025-08-01 11:17:33 AM,1864.1,0,0.0,60564130.19999996
2025-08-01 11:17:33 AM,1864.1,1,1864.1,60565994.29999996
2025-08-01 11:17:36 AM,1864.1,14,26097.399999999998,60592091.69999996
2025-08-01 11:17:44 AM,1864.1,1,1864.1,60593955.79999996
2025-08-01 11:17:45 AM,1864.3,0,0.0,60593955.79999996
2025-08-01 11:17:47 AM,1864.3,1,1864.3,60595820.09999996
2025-08-01 11:17:51 AM,1864.2,0,0.0,60595820.09999996
2025-08-01 11:17:52 AM,1864.2,14,26098.8,60621918.899999954
2025-08-01 11:18:01 AM,1864.1,0,0.0,60621918.899999954
2025-08-01 11:18:03 AM,1864.1,2,3728.2,60625647.09999996
2025-08-01 11:18:09 AM,1864.1,14,26097.399999999998,60651744.499999955
2025-08-01 11:18:16 AM,1864.1,1,1864.1,60653608.59999996
2025-08-01 11:18:17 AM,1865.3,0,0.0,60653608.59999996
2025-08-01 11:18:19 AM,1865.3,1,1865.3,60655473.899999954
2025-08-01 11:18:21 AM,1864.1,0,0.0,60655473.899999954
2025-08-01 11:18:21 AM,1864.1,14,26097.399999999998,60681571.29999995
2025-08-01 11:18:25 AM,1864.0,1,1864.0,60683435.29999995
2025-08-01 11:18:31 AM,1864.0,1,1864.0,60685299.29999995
2025-08-01 11:18:36 AM,1864.0,16,29824.0,60715123.29999995
2025-08-01 11:18:42 AM,1864.0,1,1864.0,60716987.29999995
2025-08-01 11:18:47 AM,1863.8,0,0.0,60716987.29999995
2025-08-01 11:18:48 AM,1863.8,2,3727.6,60720714.899999954
2025-08-01 11:18:51 AM,1863.9,0,0.0,60720714.899999954
2025-08-01 11:18:54 AM,1863.9,14,26094.600000000002,60746809.499999955
2025-08-01 11:18:57 AM,1863.4,0,0.0,60746809.499999955
2025-08-01 11:19:00 AM,1863.4,46,85716.40000000001,60832525.899999954
2025-08-01 11:19:00 AM,1862.9,2,3725.8,60836251.69999995
2025-08-01 11:19:05 AM,1863.0,0,0.0,60836251.69999995
2025-08-01 11:19:05 AM,1863.0,14,26082.0,60862333.69999995
2025-08-01 11:19:07 AM,1863.2,0,0.0,60862333.69999995
2025-08-01 11:19:11 AM,1863.2,4,7452.8,60869786.49999995
2025-08-01 11:19:15 AM,1863.3,0,0.0,60869786.49999995
2025-08-01 11:19:17 AM,1863.3,2,3726.6,60873513.09999995
2025-08-01 11:19:22 AM,1863.3,14,26086.2,60899599.29999995
2025-08-01 11:19:31 AM,1863.2,0,0.0,60899599.29999995
2025-08-01 11:19:33 AM,1863.2,4,7452.8,60907052.09999995
2025-08-01 11:19:38 AM,1863.2,14,26084.8,60933136.89999995
2025-08-01 11:19:44 AM,1863.2,2,3726.4,60936863.299999945
2025-08-01 11:19:49 AM,1863.2,2,3726.4,60940589.69999994
2025-08-01 11:19:54 AM,1863.2,14,26084.8,60966674.49999994
2025-08-01 11:20:00 AM,1863.1,0,0.0,60966674.49999994
2025-08-01 11:20:00 AM,1863.1,1,1863.1,60968537.59999994
2025-08-01 11:20:05 AM,1863.2,0,0.0,60968537.59999994
2025-08-01 11:20:05 AM,1863.2,14,26084.8,60994622.39999994
2025-08-01 11:20:10 AM,1865.3,0,0.0,60994622.39999994
2025-08-01 11:20:10 AM,1865.3,25,46632.5,61041254.89999994
2025-08-01 11:20:20 AM,1863.6,0,0.0,61041254.89999994
2025-08-01 11:20:21 AM,1863.6,2,3727.2,61044982.09999994
2025-08-01 11:20:22 AM,1863.9,0,0.0,61044982.09999994
2025-08-01 11:20:26 AM,1863.9,14,26094.600000000002,61071076.69999994
2025-08-01 11:20:32 AM,1863.9,1,1863.9,61072940.59999994
2025-08-01 11:20:33 AM,1863.8,0,0.0,61072940.59999994
2025-08-01 11:20:37 AM,1863.8,35,65233.0,61138173.59999994
2025-08-01 11:20:42 AM,1863.8,1,1863.8,61140037.39999994
2025-08-01 11:20:47 AM,1863.8,4,7455.2,61147492.59999994
2025-08-01 11:20:52 AM,1863.8,14,26093.2,61173585.799999945
2025-08-01 11:21:00 AM,1864.1,0,0.0,61173585.799999945
2025-08-01 11:21:02 AM,1863.7,0,0.0,61173585.799999945
2025-08-01 11:21:06 AM,1863.8,0,0.0,61173585.799999945
2025-08-01 11:21:08 AM,1863.8,75,139785.0,61313370.799999945
2025-08-01 11:21:13 AM,1863.8,7,13046.6,61326417.39999995
2025-08-01 11:21:19 AM,1863.8,1,1863.8,61328281.19999994
2025-08-01 11:21:23 AM,1863.7,0,0.0,61328281.19999994
2025-08-01 11:21:24 AM,1863.7,15,27955.5,61356236.69999994
2025-08-01 11:21:29 AM,1863.7,1,1863.7,61358100.39999995
2025-08-01 11:21:34 AM,1863.7,1,1863.7,61359964.09999995
2025-08-01 11:21:35 AM,1863.7,14,26091.8,61386055.89999995
2025-08-01 11:21:40 AM,1863.7,1,1863.7,61387919.59999995
2025-08-01 11:21:45 AM,1863.7,2,3727.4,61391646.99999995
2025-08-01 11:21:50 AM,1863.7,14,26091.8,61417738.799999945
2025-08-01 11:22:00 AM,1864.0,2,3728.0,61421466.799999945
2025-08-01 11:22:05 AM,1863.8,0,0.0,61421466.799999945
2025-08-01 11:22:06 AM,1863.8,14,26093.2,61447559.99999995
2025-08-01 11:22:16 AM,1863.8,1,1863.8,61449423.799999945
2025-08-01 11:22:21 AM,1863.8,14,26093.2,61475516.99999995
2025-08-01 11:22:30 AM,1863.7,0,0.0,61475516.99999995
2025-08-01 11:22:32 AM,1863.7,12,22364.4,61497881.39999995
2025-08-01 11:22:37 AM,1863.7,14,26091.8,61523973.19999994
2025-08-01 11:22:43 AM,1863.7,3,5591.1,61529564.299999945
2025-08-01 11:22:48 AM,1863.7,1,1863.7,61531427.99999995
2025-08-01 11:22:53 AM,1863.7,15,27955.5,61559383.49999995
2025-08-01 11:23:03 AM,1863.7,1,1863.7,61561247.19999995
2025-08-01 11:23:09 AM,1863.7,14,26091.8,61587338.99999995
2025-08-01 11:23:20 AM,1863.7,8,14909.6,61602248.59999995
2025-08-01 11:23:25 AM,1863.7,8,14909.6,61617158.19999995
2025-08-01 11:23:30 AM,1863.6,0,0.0,61617158.19999995
2025-08-01 11:23:30 AM,1863.6,1,1863.6,61619021.79999995
2025-08-01 11:23:35 AM,1863.6,14,26090.399999999998,61645112.19999995
2025-08-01 11:23:40 AM,1863.6,1,1863.6,61646975.79999995
2025-08-01 11:23:46 AM,1863.5,0,0.0,61646975.79999995
2025-08-01 11:23:50 AM,1863.5,16,29816.0,61676791.79999995
