date,price,qty,trnvr,cum_trnvr
2025-08-01 09:15:02 AM,1656.7,162,268385.4,268385.4
2025-08-01 09:15:11 AM,1654.2,0,0.0,268385.4
2025-08-01 09:15:14 AM,1654.2,61,100906.2,369291.60000000003
2025-08-01 09:15:21 AM,1653.4,0,0.0,369291.60000000003
2025-08-01 09:15:24 AM,1653.4,115,190141.0,559432.6000000001
2025-08-01 09:16:08 AM,1644.7,15,24670.5,584103.1000000001
2025-08-01 09:16:29 AM,1646.7,0,0.0,584103.1000000001
2025-08-01 09:16:30 AM,1646.7,24,39520.8,623623.9000000001
2025-08-01 09:16:37 AM,1645.6,0,0.0,623623.9000000001
2025-08-01 09:16:39 AM,1645.6,10,16456.0,640079.9000000001
2025-08-01 09:16:49 AM,1647.0,0,0.0,640079.9000000001
2025-08-01 09:16:55 AM,1647.0,100,164700.0,804779.9000000001
2025-08-01 09:17:20 AM,1645.3,63,103653.9,908433.8000000002
2025-08-01 09:17:49 AM,1646.0,0,0.0,908433.8000000002
2025-08-01 09:17:53 AM,1646.0,3,4938.0,913371.8000000002
2025-08-01 09:18:53 AM,1647.9,0,0.0,913371.8000000002
2025-08-01 09:18:59 AM,1647.7,96,158179.2,1071551.0000000002
2025-08-01 09:19:15 AM,1648.0,500,824000.0,1895551.0000000002
2025-08-01 09:19:23 AM,1649.4,25,41235.0,1936786.0000000002
2025-08-01 09:19:33 AM,1649.4,5,8247.0,1945033.0000000002
2025-08-01 09:19:47 AM,1647.4,6,9884.400000000001,1954917.4000000001
2025-08-01 09:20:13 AM,1647.4,11,18121.4,1973038.8
2025-08-01 09:20:50 AM,1645.8,6,9874.8,1982913.6
2025-08-01 09:21:06 AM,1645.5,6,9873.0,1992786.6
2025-08-01 09:21:23 AM,1644.5,6,9867.0,2002653.6
2025-08-01 09:21:30 AM,1643.2,6,9859.2,2012512.8
2025-08-01 09:22:46 AM,1645.7,0,0.0,2012512.8
2025-08-01 09:22:47 AM,1645.7,24,39496.8,2052009.6
2025-08-01 09:22:51 AM,1645.1,0,0.0,2052009.6
2025-08-01 09:22:53 AM,1645.1,10,16451.0,2068460.6
2025-08-01 09:23:16 AM,1645.1,1,1645.1,2070105.7000000002
2025-08-01 09:23:41 AM,1645.1,14,23031.399999999998,2093137.1
2025-08-01 09:23:47 AM,1643.2,33,54225.6,2147362.7
2025-08-01 09:24:24 AM,1642.0,0,0.0,2147362.7
2025-08-01 09:24:25 AM,1642.0,341,559922.0,2707284.7
2025-08-01 09:24:40 AM,1642.0,27,44334.0,2751618.7
2025-08-01 09:24:42 AM,1640.6,0,0.0,2751618.7
2025-08-01 09:24:47 AM,1637.8,49,80252.2,2831870.9000000004
2025-08-01 09:24:54 AM,1639.6,0,0.0,2831870.9000000004
2025-08-01 09:24:55 AM,1639.6,20,32792.0,2864662.9000000004
2025-08-01 09:25:09 AM,1637.9,0,0.0,2864662.9000000004
2025-08-01 09:25:10 AM,1637.9,4,6551.6,2871214.5000000005
2025-08-01 09:25:39 AM,1639.1,0,0.0,2871214.5000000005
2025-08-01 09:25:40 AM,1639.1,33,54090.299999999996,2925304.8000000003
2025-08-01 09:27:41 AM,1639.1,60,98346.0,3023650.8000000003
2025-08-01 09:28:28 AM,1638.1,1,1638.1,3025288.9000000004
2025-08-01 09:28:57 AM,1638.3,10,16383.0,3041671.9000000004
2025-08-01 09:29:57 AM,1635.6,0,0.0,3041671.9000000004
2025-08-01 09:29:58 AM,1635.6,50,81780.0,3123451.9000000004
2025-08-01 09:30:18 AM,1637.7,0,0.0,3123451.9000000004
2025-08-01 09:30:20 AM,1636.0,32,52352.0,3175803.9000000004
2025-08-01 09:30:32 AM,1635.1,0,0.0,3175803.9000000004
2025-08-01 09:30:35 AM,1635.1,2,3270.2,3179074.1000000006
2025-08-01 09:30:50 AM,1635.1,50,81755.0,3260829.1000000006
2025-08-01 09:31:09 AM,1635.0,0,0.0,3260829.1000000006
2025-08-01 09:31:12 AM,1635.0,11,17985.0,3278814.1000000006
2025-08-01 09:31:55 AM,1635.0,14,22890.0,3301704.1000000006
2025-08-01 09:32:11 AM,1633.0,0,0.0,3301704.1000000006
2025-08-01 09:32:16 AM,1633.0,1,1633.0,3303337.1000000006
2025-08-01 09:33:04 AM,1633.0,49,80017.0,3383354.1000000006
2025-08-01 09:33:16 AM,1634.6,0,0.0,3383354.1000000006
2025-08-01 09:33:18 AM,1634.6,1,1634.6,3384988.7000000007
2025-08-01 09:33:49 AM,1633.2,0,0.0,3384988.7000000007
2025-08-01 09:33:53 AM,1633.2,5,8166.0,3393154.7000000007
2025-08-01 09:34:11 AM,1634.7,0,0.0,3393154.7000000007
2025-08-01 09:34:14 AM,1634.7,11,17981.7,3411136.400000001
2025-08-01 09:34:44 AM,1633.0,0,0.0,3411136.400000001
2025-08-01 09:34:49 AM,1633.0,100,163300.0,3574436.400000001
2025-08-01 09:34:51 AM,1634.1,0,0.0,3574436.400000001
2025-08-01 09:34:56 AM,1634.1,1,1634.1,3576070.500000001
2025-08-01 09:35:16 AM,1635.9,0,0.0,3576070.500000001
2025-08-01 09:35:17 AM,1635.9,8,13087.2,3589157.700000001
2025-08-01 09:37:04 AM,1635.8,0,0.0,3589157.700000001
2025-08-01 09:37:04 AM,1635.8,1,1635.8,3590793.500000001
2025-08-01 09:37:08 AM,1633.5,0,0.0,3590793.500000001
2025-08-01 09:37:11 AM,1633.5,126,205821.0,3796614.500000001
2025-08-01 09:37:25 AM,1633.5,97,158449.5,3955064.000000001
2025-08-01 09:37:29 AM,1632.2,0,0.0,3955064.000000001
2025-08-01 09:37:32 AM,1632.2,1,1632.2,3956696.200000001
2025-08-01 09:37:34 AM,1632.3,0,0.0,3956696.200000001
2025-08-01 09:37:39 AM,1632.3,75,122422.5,4079118.700000001
2025-08-01 09:38:39 AM,1630.0,72,117360.0,4196478.700000001
2025-08-01 09:38:46 AM,1630.0,9,14670.0,4211148.700000001
2025-08-01 09:38:52 AM,1627.2,9,14644.800000000001,4225793.500000001
2025-08-01 09:39:33 AM,1627.2,1,1627.2,4227420.700000001
2025-08-01 09:39:53 AM,1626.3,10,16263.0,4243683.700000001
2025-08-01 09:40:12 AM,1627.7,2,3255.4,4246939.1000000015
2025-08-01 09:40:18 AM,1628.2,6,9769.2,4256708.300000002
2025-08-01 09:40:36 AM,1629.1,0,0.0,4256708.300000002
2025-08-01 09:40:38 AM,1629.1,1,1629.1,4258337.400000001
2025-08-01 09:40:52 AM,1630.0,25,40750.0,4299087.400000001
2025-08-01 09:41:04 AM,1631.3,0,0.0,4299087.400000001
2025-08-01 09:41:05 AM,1631.3,31,50570.299999999996,4349657.700000001
2025-08-01 09:41:44 AM,1632.6,0,0.0,4349657.700000001
2025-08-01 09:41:45 AM,1632.6,25,40815.0,4390472.700000001
2025-08-01 09:42:04 AM,1632.5,1,1632.5,4392105.200000001
2025-08-01 09:43:19 AM,1633.9,0,0.0,4392105.200000001
2025-08-01 09:43:23 AM,1631.4,0,0.0,4392105.200000001
2025-08-01 09:43:23 AM,1631.4,65,106041.0,4498146.200000001
2025-08-01 09:44:03 AM,1631.6,0,0.0,4498146.200000001
2025-08-01 09:44:09 AM,1631.6,1,1631.6,4499777.800000001
2025-08-01 09:44:39 AM,1633.1,0,0.0,4499777.800000001
2025-08-01 09:44:41 AM,1633.1,11,17964.1,4517741.9
2025-08-01 09:45:14 AM,1630.6,100,163060.0,4680801.9
2025-08-01 09:46:50 AM,1632.4,6,9794.400000000001,4690596.300000001
2025-08-01 09:46:57 AM,1632.4,1,1632.4,4692228.700000001
2025-08-01 09:47:24 AM,1633.4,0,0.0,4692228.700000001
2025-08-01 09:47:24 AM,1633.4,1,1633.4,4693862.1000000015
2025-08-01 09:47:34 AM,1631.7,13,21212.100000000002,4715074.200000001
2025-08-01 09:47:44 AM,1632.0,2,3264.0,4718338.200000001
2025-08-01 09:48:39 AM,1632.3,0,0.0,4718338.200000001
2025-08-01 09:48:40 AM,1632.3,3,4896.9,4723235.1000000015
2025-08-01 09:50:05 AM,1636.1,1070,1750627.0,6473862.1000000015
2025-08-01 09:50:06 AM,1636.7,0,0.0,6473862.1000000015
2025-08-01 09:50:08 AM,1636.0,588,961968.0,7435830.1000000015
2025-08-01 09:50:32 AM,1635.0,0,0.0,7435830.1000000015
2025-08-01 09:50:33 AM,1635.0,4,6540.0,7442370.1000000015
2025-08-01 09:50:35 AM,1636.8,0,0.0,7442370.1000000015
2025-08-01 09:50:36 AM,1638.8,443,725988.4,8168358.500000002
2025-08-01 09:50:36 AM,1638.2,0,0.0,8168358.500000002
2025-08-01 09:50:40 AM,1638.2,118,193307.6,8361666.1000000015
2025-08-01 09:50:51 AM,1638.1,0,0.0,8361666.1000000015
2025-08-01 09:50:52 AM,1638.1,112,183467.19999999998,8545133.3
2025-08-01 09:51:00 AM,1633.9,0,0.0,8545133.3
2025-08-01 09:51:01 AM,1633.9,518,846360.2000000001,9391493.5
2025-08-01 09:51:03 AM,1636.7,0,0.0,9391493.5
2025-08-01 09:51:05 AM,1636.7,159,260235.30000000002,9651728.8
2025-08-01 09:51:06 AM,1637.4,0,0.0,9651728.8
2025-08-01 09:51:07 AM,1637.4,90,147366.0,9799094.8
2025-08-01 09:51:18 AM,1636.4,185,302734.0,10101828.8
2025-08-01 09:51:36 AM,1638.5,90,147465.0,10249293.8
2025-08-01 09:51:39 AM,1636.2,375,613575.0,10862868.8
2025-08-01 09:51:55 AM,1635.8,5,8179.0,10871047.8
2025-08-01 09:51:56 AM,1635.7,0,0.0,10871047.8
2025-08-01 09:51:58 AM,1635.7,260,425282.0,11296329.8
2025-08-01 09:52:01 AM,1635.7,12,19628.4,11315958.200000001
2025-08-01 09:52:06 AM,1635.9,0,0.0,11315958.200000001
2025-08-01 09:52:07 AM,1636.3,90,147267.0,11463225.200000001
2025-08-01 09:52:32 AM,1635.8,0,0.0,11463225.200000001
2025-08-01 09:52:34 AM,1635.8,34,55617.2,11518842.4
2025-08-01 09:52:38 AM,1639.0,478,783442.0,12302284.4
2025-08-01 09:52:53 AM,1638.7,0,0.0,12302284.4
2025-08-01 09:52:56 AM,1638.7,86,140928.2,12443212.6
2025-08-01 09:53:04 AM,1638.7,20,32774.0,12475986.6
2025-08-01 09:53:05 AM,1638.6,0,0.0,12475986.6
2025-08-01 09:53:08 AM,1638.6,90,147474.0,12623460.6
2025-08-01 09:53:14 AM,1638.2,246,402997.2,13026457.799999999
2025-08-01 09:53:16 AM,1637.9,1,1637.9,13028095.7
2025-08-01 09:53:21 AM,1637.3,0,0.0,13028095.7
2025-08-01 09:53:21 AM,1637.3,1,1637.3,13029733.0
2025-08-01 09:53:29 AM,1637.2,129,211198.80000000002,13240931.8
2025-08-01 09:53:36 AM,1638.4,0,0.0,13240931.8
2025-08-01 09:53:39 AM,1638.4,90,147456.0,13388387.8
2025-08-01 09:54:05 AM,1637.8,18,29480.399999999998,13417868.200000001
2025-08-01 09:54:06 AM,1637.9,0,0.0,13417868.200000001
2025-08-01 09:54:10 AM,1637.9,72,117928.8,13535797.000000002
2025-08-01 09:54:23 AM,1636.0,300,490800.0,14026597.000000002
2025-08-01 09:54:34 AM,1635.9,0,0.0,14026597.000000002
2025-08-01 09:54:35 AM,1635.9,90,147231.0,14173828.000000002
2025-08-01 09:54:40 AM,1635.8,0,0.0,14173828.000000002
2025-08-01 09:54:41 AM,1635.8,152,248641.6,14422469.600000001
2025-08-01 09:54:48 AM,1636.4,4,6545.6,14429015.200000001
2025-08-01 09:55:04 AM,1635.7,84,137398.80000000002,14566414.000000002
2025-08-01 09:55:05 AM,1635.8,6,9814.8,14576228.800000003
2025-08-01 09:55:11 AM,1636.4,0,0.0,14576228.800000003
2025-08-01 09:55:11 AM,1636.4,6,9818.400000000001,14586047.200000003
2025-08-01 09:55:16 AM,1633.9,0,0.0,14586047.200000003
2025-08-01 09:55:16 AM,1633.9,416,679702.4,15265749.600000003
2025-08-01 09:55:18 AM,1633.0,10,16330.0,15282079.600000003
2025-08-01 09:55:36 AM,1634.9,31,50681.9,15332761.500000004
2025-08-01 09:55:38 AM,1635.3,0,0.0,15332761.500000004
2025-08-01 09:55:40 AM,1635.3,59,96482.7,15429244.200000003
2025-08-01 09:55:57 AM,1633.5,0,0.0,15429244.200000003
2025-08-01 09:55:59 AM,1633.5,4,6534.0,15435778.200000003
2025-08-01 09:56:05 AM,1635.1,21,34337.1,15470115.300000003
2025-08-01 09:56:06 AM,1635.2,0,0.0,15470115.300000003
2025-08-01 09:56:06 AM,1635.2,69,112828.8,15582944.100000003
2025-08-01 09:56:11 AM,1635.9,69,112877.1,15695821.200000003
2025-08-01 09:56:21 AM,1635.2,0,0.0,15695821.200000003
2025-08-01 09:56:23 AM,1635.2,21,34339.200000000004,15730160.400000002
2025-08-01 09:56:29 AM,1635.8,9,14722.199999999999,15744882.600000001
2025-08-01 09:56:37 AM,1635.9,0,0.0,15744882.600000001
2025-08-01 09:56:40 AM,1635.9,145,237205.5,15982088.100000001
2025-08-01 09:56:54 AM,1635.8,25,40895.0,16022983.100000001
2025-08-01 09:57:05 AM,1636.6,0,0.0,16022983.100000001
2025-08-01 09:57:05 AM,1636.6,478,782294.7999999999,16805277.900000002
2025-08-01 09:57:06 AM,1636.5,90,147285.0,16952562.900000002
2025-08-01 09:57:18 AM,1635.8,183,299351.39999999997,17251914.3
2025-08-01 09:57:24 AM,1635.8,15,24537.0,17276451.3
2025-08-01 09:57:36 AM,1636.4,90,147276.0,17423727.3
2025-08-01 09:57:57 AM,1635.8,0,0.0,17423727.3
2025-08-01 09:57:58 AM,1635.8,1,1635.8,17425363.1
2025-08-01 09:58:04 AM,1635.8,190,310802.0,17736165.1
2025-08-01 09:58:19 AM,1635.8,53,86697.4,17822862.5
2025-08-01 09:58:34 AM,1634.2,0,0.0,17822862.5
2025-08-01 09:58:34 AM,1634.2,154,251666.80000000002,18074529.3
2025-08-01 09:58:37 AM,1634.4,354,578577.6,18653106.900000002
2025-08-01 09:58:40 AM,1634.8,367,599971.6,19253078.500000004
2025-08-01 09:58:46 AM,1635.9,0,0.0,19253078.500000004
2025-08-01 09:58:46 AM,1635.9,339,554570.1,19807648.600000005
2025-08-01 09:58:55 AM,1635.9,10,16359.0,19824007.600000005
2025-08-01 09:59:05 AM,1636.6,90,147294.0,19971301.600000005
2025-08-01 09:59:20 AM,1635.9,0,0.0,19971301.600000005
2025-08-01 09:59:20 AM,1635.9,249,407339.10000000003,20378640.700000007
2025-08-01 09:59:28 AM,1636.7,0,0.0,20378640.700000007
2025-08-01 09:59:30 AM,1635.9,496,811406.4,21190047.100000005
2025-08-01 09:59:35 AM,1636.5,0,0.0,21190047.100000005
2025-08-01 09:59:36 AM,1636.6,0,0.0,21190047.100000005
2025-08-01 09:59:36 AM,1636.6,90,147294.0,21337341.100000005
2025-08-01 09:59:45 AM,1634.8,0,0.0,21337341.100000005
2025-08-01 09:59:45 AM,1634.8,219,358021.2,21695362.300000004
2025-08-01 09:59:48 AM,1637.7,0,0.0,21695362.300000004
2025-08-01 09:59:49 AM,1637.7,82,134291.4,21829653.700000003
2025-08-01 10:00:00 AM,1633.0,0,0.0,21829653.700000003
2025-08-01 10:00:00 AM,1633.0,457,746281.0,22575934.700000003
2025-08-01 10:00:06 AM,1634.3,0,0.0,22575934.700000003
2025-08-01 10:00:06 AM,1634.3,14,22880.2,22598814.900000002
2025-08-01 10:00:07 AM,1634.5,0,0.0,22598814.900000002
2025-08-01 10:00:07 AM,1634.5,19,31055.5,22629870.400000002
2025-08-01 10:00:07 AM,1635.0,57,93195.0,22723065.400000002
2025-08-01 10:00:29 AM,1633.0,0,0.0,22723065.400000002
2025-08-01 10:00:29 AM,1633.0,127,207391.0,22930456.400000002
2025-08-01 10:00:33 AM,1633.4,90,147006.0,23077462.400000002
2025-08-01 10:00:42 AM,1632.2,0,0.0,23077462.400000002
2025-08-01 10:00:42 AM,1632.2,3,4896.6,23082359.000000004
2025-08-01 10:00:45 AM,1631.4,0,0.0,23082359.000000004
2025-08-01 10:00:45 AM,1631.4,77,125617.8,23207976.800000004
2025-08-01 10:01:04 AM,1631.8,25,40795.0,23248771.800000004
2025-08-01 10:01:07 AM,1634.9,90,147141.0,23395912.800000004
2025-08-01 10:01:35 AM,1634.1,9,14706.9,23410619.700000003
2025-08-01 10:01:38 AM,1634.9,0,0.0,23410619.700000003
2025-08-01 10:01:38 AM,1634.9,81,132426.9,23543046.6
2025-08-01 10:02:05 AM,1634.8,11,17982.8,23561029.400000002
2025-08-01 10:02:07 AM,1634.9,0,0.0,23561029.400000002
2025-08-01 10:02:09 AM,1634.9,126,205997.40000000002,23767026.8
2025-08-01 10:02:34 AM,1634.8,8,13078.4,23780105.2
2025-08-01 10:02:36 AM,1635.6,0,0.0,23780105.2
2025-08-01 10:02:36 AM,1636.1,166,271592.6,24051697.8
2025-08-01 10:03:06 AM,1636.9,0,0.0,24051697.8
2025-08-01 10:03:06 AM,1637.2,8,13097.6,24064795.400000002
2025-08-01 10:03:08 AM,1638.2,21,34402.200000000004,24099197.6
2025-08-01 10:03:10 AM,1638.6,0,0.0,24099197.6
2025-08-01 10:03:13 AM,1638.6,62,101593.2,24200790.8
2025-08-01 10:03:22 AM,1637.4,0,0.0,24200790.8
2025-08-01 10:03:22 AM,1637.4,148,242335.2,24443126.0
2025-08-01 10:03:26 AM,1637.4,262,428998.80000000005,24872124.8
2025-08-01 10:03:34 AM,1640.0,0,0.0,24872124.8
2025-08-01 10:03:35 AM,1640.5,96,157488.0,25029612.8
2025-08-01 10:03:38 AM,1638.1,0,0.0,25029612.8
2025-08-01 10:03:39 AM,1638.1,42,68800.2,25098413.0
2025-08-01 10:03:50 AM,1638.8,0,0.0,25098413.0
2025-08-01 10:03:51 AM,1638.8,3,4916.4,25103329.4
2025-08-01 10:04:06 AM,1640.6,0,0.0,25103329.4
2025-08-01 10:04:06 AM,1640.6,9,14765.4,25118094.799999997
2025-08-01 10:04:10 AM,1641.6,0,0.0,25118094.799999997
2025-08-01 10:04:10 AM,1641.6,81,132969.6,25251064.4
2025-08-01 10:04:34 AM,1641.5,0,0.0,25251064.4
2025-08-01 10:04:35 AM,1641.5,474,778071.0,26029135.4
2025-08-01 10:04:37 AM,1641.6,55,90288.0,26119423.4
2025-08-01 10:04:43 AM,1642.8,79,129781.2,26249204.599999998
2025-08-01 10:04:47 AM,1641.6,100,164160.0,26413364.599999998
2025-08-01 10:05:00 AM,1643.2,0,0.0,26413364.599999998
2025-08-01 10:05:00 AM,1643.2,100,164320.0,26577684.599999998
2025-08-01 10:05:06 AM,1642.7,0,0.0,26577684.599999998
2025-08-01 10:05:06 AM,1642.7,90,147843.0,26725527.599999998
2025-08-01 10:05:20 AM,1642.7,90,147843.0,26873370.599999998
2025-08-01 10:05:34 AM,1642.3,0,0.0,26873370.599999998
2025-08-01 10:05:37 AM,1642.2,0,0.0,26873370.599999998
2025-08-01 10:05:37 AM,1642.2,91,149440.2,27022810.799999997
2025-08-01 10:05:46 AM,1642.7,0,0.0,27022810.799999997
2025-08-01 10:05:49 AM,1642.7,81,133058.7,27155869.499999996
2025-08-01 10:06:07 AM,1641.9,90,147771.0,27303640.499999996
2025-08-01 10:06:15 AM,1642.7,0,0.0,27303640.499999996
2025-08-01 10:06:15 AM,1642.7,90,147843.0,27451483.499999996
2025-08-01 10:06:36 AM,1642.1,153,251241.3,27702724.799999997
2025-08-01 10:06:42 AM,1639.5,5,8197.5,27710922.299999997
2025-08-01 10:06:57 AM,1638.0,112,183456.0,27894378.299999997
2025-08-01 10:07:07 AM,1640.0,0,0.0,27894378.299999997
2025-08-01 10:07:07 AM,1640.0,90,147600.0,28041978.299999997
2025-08-01 10:07:22 AM,1639.4,52,85248.8,28127227.099999998
2025-08-01 10:07:38 AM,1639.4,90,147546.0,28274773.099999998
2025-08-01 10:07:56 AM,1638.3,103,168744.9,28443517.999999996
2025-08-01 10:08:04 AM,1640.0,3,4920.0,28448437.999999996
2025-08-01 10:08:08 AM,1640.4,0,0.0,28448437.999999996
2025-08-01 10:08:09 AM,1640.4,87,142714.80000000002,28591152.799999997
2025-08-01 10:08:17 AM,1641.9,0,0.0,28591152.799999997
2025-08-01 10:08:17 AM,1641.3,85,139510.5,28730663.299999997
2025-08-01 10:08:18 AM,1639.8,0,0.0,28730663.299999997
2025-08-01 10:08:21 AM,1639.8,2,3279.6,28733942.9
2025-08-01 10:08:33 AM,1639.9,0,0.0,28733942.9
2025-08-01 10:08:33 AM,1639.9,2,3279.8,28737222.7
2025-08-01 10:08:36 AM,1641.8,0,0.0,28737222.7
2025-08-01 10:08:39 AM,1641.8,89,146120.19999999998,28883342.9
2025-08-01 10:08:47 AM,1642.1,105,172420.5,29055763.4
2025-08-01 10:08:51 AM,1641.6,0,0.0,29055763.4
2025-08-01 10:08:51 AM,1641.6,31,50889.6,29106653.0
2025-08-01 10:09:01 AM,1643.2,0,0.0,29106653.0
2025-08-01 10:09:01 AM,1641.9,31,50898.9,29157551.9
2025-08-01 10:09:04 AM,1641.6,9,14774.4,29172326.299999997
2025-08-01 10:09:05 AM,1641.7,81,132977.7,29305303.999999996
2025-08-01 10:09:06 AM,1641.7,166,272522.2,29577826.199999996
2025-08-01 10:09:21 AM,1641.5,0,0.0,29577826.199999996
2025-08-01 10:09:21 AM,1641.5,150,246225.0,29824051.199999996
2025-08-01 10:09:34 AM,1641.2,0,0.0,29824051.199999996
2025-08-01 10:09:34 AM,1641.2,10,16412.0,29840463.199999996
2025-08-01 10:09:36 AM,1641.4,0,0.0,29840463.199999996
2025-08-01 10:09:36 AM,1641.4,81,132953.4,29973416.599999994
2025-08-01 10:09:51 AM,1640.9,81,132912.9,30106329.499999993
2025-08-01 10:10:04 AM,1640.6,0,0.0,30106329.499999993
2025-08-01 10:10:06 AM,1640.9,0,0.0,30106329.499999993
2025-08-01 10:10:07 AM,1640.9,90,147681.0,30254010.499999993
2025-08-01 10:10:37 AM,1640.9,90,147681.0,30401691.499999993
2025-08-01 10:10:56 AM,1640.8,5,8204.0,30409895.499999993
2025-08-01 10:11:06 AM,1640.9,0,0.0,30409895.499999993
2025-08-01 10:11:06 AM,1640.9,90,147681.0,30557576.499999993
2025-08-01 10:11:35 AM,1640.9,285,467656.5,31025232.999999993
2025-08-01 10:11:41 AM,1641.6,1,1641.6,31026874.599999994
2025-08-01 10:11:54 AM,1641.7,4,6566.8,31033441.399999995
2025-08-01 10:11:59 AM,1641.1,4,6564.4,31040005.799999993
2025-08-01 10:12:05 AM,1642.4,90,147816.0,31187821.799999993
2025-08-01 10:12:12 AM,1640.1,0,0.0,31187821.799999993
2025-08-01 10:12:12 AM,1640.1,6,9840.599999999999,31197662.399999995
2025-08-01 10:12:34 AM,1642.2,90,147798.0,31345460.399999995
2025-08-01 10:13:02 AM,1641.8,2,3283.6,31348743.999999996
2025-08-01 10:13:06 AM,1642.4,0,0.0,31348743.999999996
2025-08-01 10:13:08 AM,1642.4,90,147816.0,31496559.999999996
2025-08-01 10:13:36 AM,1642.9,0,0.0,31496559.999999996
2025-08-01 10:13:38 AM,1642.9,90,147861.0,31644420.999999996
2025-08-01 10:14:06 AM,1643.3,0,0.0,31644420.999999996
2025-08-01 10:14:07 AM,1643.3,90,147897.0,31792317.999999996
2025-08-01 10:14:18 AM,1642.5,0,0.0,31792317.999999996
2025-08-01 10:14:19 AM,1642.5,87,142897.5,31935215.499999996
2025-08-01 10:14:36 AM,1642.5,9,14782.5,31949997.999999996
2025-08-01 10:14:37 AM,1643.5,81,133123.5,32083121.499999996
2025-08-01 10:14:48 AM,1644.3,81,133188.3,32216309.799999997
2025-08-01 10:14:49 AM,1642.6,0,0.0,32216309.799999997
2025-08-01 10:14:49 AM,1642.6,10,16426.0,32232735.799999997
2025-08-01 10:15:05 AM,1643.5,0,0.0,32232735.799999997
2025-08-01 10:15:05 AM,1643.5,19,31226.5,32263962.299999997
2025-08-01 10:15:07 AM,1644.4,0,0.0,32263962.299999997
2025-08-01 10:15:11 AM,1644.4,2,3288.8,32267251.099999998
2025-08-01 10:15:20 AM,1642.8,0,0.0,32267251.099999998
2025-08-01 10:15:23 AM,1642.8,102,167565.6,32434816.7
2025-08-01 10:15:29 AM,1645.6,0,0.0,32434816.7
2025-08-01 10:15:29 AM,1642.9,137,225077.30000000002,32659894.0
2025-08-01 10:15:35 AM,1643.0,20,32860.0,32692754.0
2025-08-01 10:15:36 AM,1643.3,0,0.0,32692754.0
2025-08-01 10:15:36 AM,1643.3,70,115031.0,32807785.0
2025-08-01 10:15:39 AM,1645.4,0,0.0,32807785.0
2025-08-01 10:15:41 AM,1645.4,105,172767.0,32980552.0
2025-08-01 10:16:06 AM,1643.0,0,0.0,32980552.0
2025-08-01 10:16:06 AM,1643.0,1,1643.0,32982195.0
2025-08-01 10:16:16 AM,1643.5,1,1643.5,32983838.5
2025-08-01 10:16:39 AM,1643.8,0,0.0,32983838.5
2025-08-01 10:16:39 AM,1643.8,2,3287.6,32987126.1
2025-08-01 10:16:46 AM,1644.3,1,1644.3,32988770.400000002
2025-08-01 10:16:49 AM,1643.9,0,0.0,32988770.400000002
2025-08-01 10:16:49 AM,1643.9,34,55892.600000000006,33044663.000000004
2025-08-01 10:16:54 AM,1643.5,2,3287.0,33047950.000000004
2025-08-01 10:16:58 AM,1643.2,0,0.0,33047950.000000004
2025-08-01 10:16:58 AM,1643.2,183,300705.60000000003,33348655.600000005
2025-08-01 10:16:59 AM,1641.7,0,0.0,33348655.600000005
2025-08-01 10:16:59 AM,1641.7,185,303714.5,33652370.10000001
2025-08-01 10:17:42 AM,1643.5,0,0.0,33652370.10000001
2025-08-01 10:17:42 AM,1643.5,180,295830.0,33948200.10000001
2025-08-01 10:17:56 AM,1640.5,0,0.0,33948200.10000001
2025-08-01 10:18:00 AM,1640.5,195,319897.5,34268097.60000001
2025-08-01 10:18:05 AM,1643.3,0,0.0,34268097.60000001
2025-08-01 10:18:05 AM,1643.3,90,147897.0,34415994.60000001
2025-08-01 10:18:35 AM,1643.0,9,14787.0,34430781.60000001
2025-08-01 10:20:04 AM,1643.5,0,0.0,34430781.60000001
2025-08-01 10:20:05 AM,1643.5,10,16435.0,34447216.60000001
2025-08-01 10:20:36 AM,1643.5,15,24652.5,34471869.10000001
2025-08-01 10:20:53 AM,1643.5,1,1643.5,34473512.60000001
2025-08-01 10:21:42 AM,1644.9,0,0.0,34473512.60000001
2025-08-01 10:21:42 AM,1644.9,134,220416.6,34693929.20000001
2025-08-01 10:22:51 AM,1645.1,10,16451.0,34710380.20000001
2025-08-01 10:23:36 AM,1646.7,0,0.0,34710380.20000001
2025-08-01 10:23:39 AM,1646.7,5,8233.5,34718613.70000001
2025-08-01 10:24:18 AM,1646.7,1,1646.7,34720260.40000001
2025-08-01 10:24:56 AM,1647.2,0,0.0,34720260.40000001
2025-08-01 10:24:56 AM,1647.2,5,8236.0,34728496.40000001
2025-08-01 10:25:33 AM,1645.8,0,0.0,34728496.40000001
2025-08-01 10:25:33 AM,1645.8,1,1645.8,34730142.20000001
2025-08-01 10:26:15 AM,1645.8,2,3291.6,34733433.80000001
2025-08-01 10:28:49 AM,1647.1,0,0.0,34733433.80000001
2025-08-01 10:28:51 AM,1647.1,10,16471.0,34749904.80000001
2025-08-01 10:29:43 AM,1647.3,5,8236.5,34758141.30000001
2025-08-01 10:30:03 AM,1647.4,0,0.0,34758141.30000001
2025-08-01 10:30:03 AM,1647.4,53,87312.20000000001,34845453.500000015
2025-08-01 10:30:06 AM,1647.4,1,1647.4,34847100.90000001
2025-08-01 10:30:12 AM,1647.4,18,29653.2,34876754.10000002
2025-08-01 10:30:52 AM,1647.4,28,46127.200000000004,34922881.30000002
2025-08-01 10:31:31 AM,1647.9,0,0.0,34922881.30000002
2025-08-01 10:31:32 AM,1647.9,2,3295.8,34926177.10000002
2025-08-01 10:32:51 AM,1647.9,5,8239.5,34934416.60000002
2025-08-01 10:34:02 AM,1648.5,0,0.0,34934416.60000002
2025-08-01 10:34:04 AM,1648.5,153,252220.5,35186637.10000002
2025-08-01 10:34:13 AM,1649.5,0,0.0,35186637.10000002
2025-08-01 10:34:13 AM,1649.5,1,1649.5,35188286.60000002
2025-08-01 10:34:26 AM,1649.5,1,1649.5,35189936.10000002
2025-08-01 10:34:40 AM,1649.7,0,0.0,35189936.10000002
2025-08-01 10:34:41 AM,1649.7,2,3299.4,35193235.500000015
2025-08-01 10:34:46 AM,1650.0,0,0.0,35193235.500000015
2025-08-01 10:34:47 AM,1650.0,1,1650.0,35194885.500000015
2025-08-01 10:34:53 AM,1650.0,2,3300.0,35198185.500000015
2025-08-01 10:34:58 AM,1650.0,1,1650.0,35199835.500000015
2025-08-01 10:35:00 AM,1650.7,0,0.0,35199835.500000015
2025-08-01 10:35:01 AM,1650.7,32,52822.4,35252657.90000001
2025-08-01 10:35:10 AM,1651.8,0,0.0,35252657.90000001
2025-08-01 10:35:10 AM,1651.8,2,3303.6,35255961.500000015
2025-08-01 10:35:12 AM,1651.8,1,1651.8,35257613.30000001
2025-08-01 10:35:21 AM,1651.9,0,0.0,35257613.30000001
2025-08-01 10:35:21 AM,1651.9,2,3303.8,35260917.10000001
2025-08-01 10:35:26 AM,1651.9,1,1651.9,35262569.00000001
2025-08-01 10:35:32 AM,1651.9,4,6607.6,35269176.60000001
2025-08-01 10:35:40 AM,1651.5,2,3303.0,35272479.60000001
2025-08-01 10:35:44 AM,1651.5,22,36333.0,35308812.60000001
2025-08-01 10:35:49 AM,1651.0,0,0.0,35308812.60000001
2025-08-01 10:35:49 AM,1651.0,102,168402.0,35477214.60000001
2025-08-01 10:35:51 AM,1651.0,5,8255.0,35485469.60000001
2025-08-01 10:35:57 AM,1651.0,1,1651.0,35487120.60000001
2025-08-01 10:36:00 AM,1651.0,2,3302.0,35490422.60000001
2025-08-01 10:36:02 AM,1651.0,3,4953.0,35495375.60000001
2025-08-01 10:36:11 AM,1651.0,5,8255.0,35503630.60000001
2025-08-01 10:36:20 AM,1651.0,2,3302.0,35506932.60000001
2025-08-01 10:36:23 AM,1651.0,4,6604.0,35513536.60000001
2025-08-01 10:36:28 AM,1651.0,1,1651.0,35515187.60000001
2025-08-01 10:36:31 AM,1651.0,4,6604.0,35521791.60000001
2025-08-01 10:36:41 AM,1651.0,6,9906.0,35531697.60000001
2025-08-01 10:36:50 AM,1651.0,2,3302.0,35534999.60000001
2025-08-01 10:36:52 AM,1651.0,4,6604.0,35541603.60000001
2025-08-01 10:36:57 AM,1651.0,1,1651.0,35543254.60000001
2025-08-01 10:37:01 AM,1651.0,5,8255.0,35551509.60000001
2025-08-01 10:37:12 AM,1651.0,5,8255.0,35559764.60000001
2025-08-01 10:37:20 AM,1651.0,2,3302.0,35563066.60000001
2025-08-01 10:37:23 AM,1651.0,4,6604.0,35569670.60000001
2025-08-01 10:37:28 AM,1651.0,1,1651.0,35571321.60000001
2025-08-01 10:37:31 AM,1651.0,4,6604.0,35577925.60000001
2025-08-01 10:37:40 AM,1651.0,2,3302.0,35581227.60000001
2025-08-01 10:37:43 AM,1651.0,4,6604.0,35587831.60000001
2025-08-01 10:37:51 AM,1651.0,3,4953.0,35592784.60000001
2025-08-01 10:37:53 AM,1651.0,2,3302.0,35596086.60000001
2025-08-01 10:37:56 AM,1651.0,1,1651.0,35597737.60000001
2025-08-01 10:38:02 AM,1651.0,6,9906.0,35607643.60000001
2025-08-01 10:38:11 AM,1651.0,7,11557.0,35619200.60000001
2025-08-01 10:38:15 AM,1651.0,2,3302.0,35622502.60000001
2025-08-01 10:38:21 AM,1651.0,5,8255.0,35630757.60000001
2025-08-01 10:38:24 AM,1651.0,2,3302.0,35634059.60000001
2025-08-01 10:38:27 AM,1651.0,1,1651.0,35635710.60000001
2025-08-01 10:38:33 AM,1651.0,4,6604.0,35642314.60000001
2025-08-01 10:38:39 AM,1649.6,0,0.0,35642314.60000001
2025-08-01 10:38:39 AM,1649.6,7,11547.199999999999,35653861.80000001
2025-08-01 10:38:42 AM,1649.8,0,0.0,35653861.80000001
2025-08-01 10:38:42 AM,1649.8,3,4949.4,35658811.20000001
2025-08-01 10:38:43 AM,1650.5,0,0.0,35658811.20000001
2025-08-01 10:38:45 AM,1650.5,3,4951.5,35663762.70000001
2025-08-01 10:38:51 AM,1650.0,0,0.0,35663762.70000001
2025-08-01 10:38:53 AM,1649.9,5,8249.5,35672012.20000001
2025-08-01 10:38:57 AM,1650.0,0,0.0,35672012.20000001
2025-08-01 10:38:58 AM,1650.0,1,1650.0,35673662.20000001
2025-08-01 10:39:01 AM,1650.0,3,4950.0,35678612.20000001
2025-08-01 10:39:04 AM,1650.0,2,3300.0,35681912.20000001
2025-08-01 10:39:12 AM,1650.0,5,8250.0,35690162.20000001
2025-08-01 10:39:21 AM,1649.8,5,8249.0,35698411.20000001
2025-08-01 10:39:24 AM,1650.0,2,3300.0,35701711.20000001
2025-08-01 10:39:26 AM,1650.0,1,1650.0,35703361.20000001
2025-08-01 10:39:32 AM,1650.0,4,6600.0,35709961.20000001
2025-08-01 10:39:41 AM,1650.0,3,4950.0,35714911.20000001
2025-08-01 10:39:43 AM,1650.0,3,4950.0,35719861.20000001
2025-08-01 10:39:51 AM,1650.0,4,6600.0,35726461.20000001
2025-08-01 10:39:54 AM,1650.0,2,3300.0,35729761.20000001
2025-08-01 10:39:57 AM,1650.0,1,1650.0,35731411.20000001
2025-08-01 10:40:02 AM,1650.0,5,8250.0,35739661.20000001
2025-08-01 10:40:05 AM,1650.0,3,4950.0,35744611.20000001
2025-08-01 10:40:11 AM,1650.0,6,9900.0,35754511.20000001
2025-08-01 10:40:14 AM,1650.0,3,4950.0,35759461.20000001
2025-08-01 10:40:21 AM,1649.9,0,0.0,35759461.20000001
2025-08-01 10:40:22 AM,1648.5,0,0.0,35759461.20000001
2025-08-01 10:40:22 AM,1648.5,40,65940.0,35825401.20000001
2025-08-01 10:40:25 AM,1649.1,3,4947.299999999999,35830348.50000001
2025-08-01 10:40:27 AM,1649.8,0,0.0,35830348.50000001
2025-08-01 10:40:27 AM,1649.8,1,1649.8,35831998.300000004
2025-08-01 10:40:31 AM,1649.6,0,0.0,35831998.300000004
2025-08-01 10:40:33 AM,1650.0,0,0.0,35831998.300000004
2025-08-01 10:40:33 AM,1650.0,4,6600.0,35838598.300000004
2025-08-01 10:40:36 AM,1650.0,7,11550.0,35850148.300000004
2025-08-01 10:40:41 AM,1649.9,0,0.0,35850148.300000004
2025-08-01 10:40:41 AM,1649.9,4,6599.6,35856747.900000006
2025-08-01 10:40:44 AM,1649.9,2,3299.8,35860047.7
2025-08-01 10:40:51 AM,1649.8,0,0.0,35860047.7
2025-08-01 10:40:53 AM,1649.8,5,8249.0,35868296.7
2025-08-01 10:40:57 AM,1650.0,0,0.0,35868296.7
2025-08-01 10:40:58 AM,1650.0,2,3300.0,35871596.7
2025-08-01 10:41:01 AM,1649.8,0,0.0,35871596.7
2025-08-01 10:41:03 AM,1650.0,0,0.0,35871596.7
2025-08-01 10:41:03 AM,1650.0,5,8250.0,35879846.7
2025-08-01 10:41:06 AM,1650.0,8,13200.0,35893046.7
2025-08-01 10:41:07 AM,1648.7,0,0.0,35893046.7
2025-08-01 10:41:09 AM,1648.7,2,3297.4,35896344.1
2025-08-01 10:41:11 AM,1649.7,0,0.0,35896344.1
2025-08-01 10:41:12 AM,1649.7,3,4949.1,35901293.2
2025-08-01 10:41:15 AM,1649.7,2,3299.4,35904592.6
2025-08-01 10:41:21 AM,1649.5,0,0.0,35904592.6
2025-08-01 10:41:22 AM,1650.0,0,0.0,35904592.6
2025-08-01 10:41:22 AM,1650.0,7,11550.0,35916142.6
2025-08-01 10:41:26 AM,1649.4,11,18143.4,35934286.0
2025-08-01 10:41:32 AM,1649.4,5,8247.0,35942533.0
2025-08-01 10:41:40 AM,1648.5,0,0.0,35942533.0
2025-08-01 10:41:41 AM,1649.9,0,0.0,35942533.0
2025-08-01 10:41:43 AM,1649.9,256,422374.4,36364907.4
2025-08-01 10:41:51 AM,1650.0,0,0.0,36364907.4
2025-08-01 10:41:54 AM,1650.0,5,8250.0,36373157.4
2025-08-01 10:41:59 AM,1650.0,1,1650.0,36374807.4
2025-08-01 10:42:01 AM,1649.8,0,0.0,36374807.4
2025-08-01 10:42:01 AM,1649.8,3,4949.4,36379756.8
2025-08-01 10:42:03 AM,1652.0,0,0.0,36379756.8
2025-08-01 10:42:05 AM,1652.0,1488,2458176.0,38837932.8
2025-08-01 10:42:11 AM,1651.2,0,0.0,38837932.8
2025-08-01 10:42:12 AM,1651.2,5,8256.0,38846188.8
2025-08-01 10:42:21 AM,1651.9,0,0.0,38846188.8
2025-08-01 10:42:22 AM,1651.9,14,23126.600000000002,38869315.4
2025-08-01 10:42:23 AM,1652.3,0,0.0,38869315.4
2025-08-01 10:42:24 AM,1652.3,2,3304.6,38872620.0
2025-08-01 10:42:27 AM,1652.3,1,1652.3,38874272.3
2025-08-01 10:42:31 AM,1652.7,0,0.0,38874272.3
2025-08-01 10:42:33 AM,1652.7,4,6610.8,38880883.099999994
2025-08-01 10:42:37 AM,1649.8,0,0.0,38880883.099999994
2025-08-01 10:42:38 AM,1649.8,213,351407.39999999997,39232290.49999999
2025-08-01 10:42:41 AM,1650.0,0,0.0,39232290.49999999
2025-08-01 10:42:44 AM,1650.0,6,9900.0,39242190.49999999
2025-08-01 10:42:51 AM,1649.9,0,0.0,39242190.49999999
2025-08-01 10:42:52 AM,1649.9,4,6599.6,39248790.099999994
2025-08-01 10:42:54 AM,1650.0,0,0.0,39248790.099999994
2025-08-01 10:42:55 AM,1650.0,2,3300.0,39252090.099999994
2025-08-01 10:42:57 AM,1649.9,1,1649.9,39253739.99999999
2025-08-01 10:43:02 AM,1649.9,5,8249.5,39261989.49999999
2025-08-01 10:43:08 AM,1650.0,0,0.0,39261989.49999999
2025-08-01 10:43:08 AM,1650.0,12,19800.0,39281789.49999999
2025-08-01 10:43:11 AM,1649.9,3,4949.700000000001,39286739.199999996
2025-08-01 10:43:12 AM,1649.8,0,0.0,39286739.199999996
2025-08-01 10:43:13 AM,1649.8,2,3299.6,39290038.8
2025-08-01 10:43:22 AM,1649.9,0,0.0,39290038.8
2025-08-01 10:43:22 AM,1649.9,4,6599.6,39296638.4
2025-08-01 10:43:22 AM,1650.0,0,0.0,39296638.4
2025-08-01 10:43:24 AM,1650.0,2,3300.0,39299938.4
2025-08-01 10:43:27 AM,1649.9,1,1649.9,39301588.3
2025-08-01 10:43:32 AM,1650.0,0,0.0,39301588.3
2025-08-01 10:43:32 AM,1649.8,0,0.0,39301588.3
2025-08-01 10:43:33 AM,1649.8,4,6599.2,39308187.5
2025-08-01 10:43:41 AM,1649.9,3,4949.700000000001,39313137.2
2025-08-01 10:43:44 AM,1649.9,3,4949.700000000001,39318086.900000006
2025-08-01 10:43:51 AM,1649.9,3,4949.700000000001,39323036.60000001
2025-08-01 10:43:54 AM,1649.9,2,3299.8,39326336.400000006
2025-08-01 10:43:56 AM,1649.9,1,1649.9,39327986.300000004
2025-08-01 10:43:58 AM,1648.9,0,0.0,39327986.300000004
2025-08-01 10:43:59 AM,1648.9,1,1648.9,39329635.2
2025-08-01 10:44:01 AM,1649.9,3,4949.700000000001,39334584.900000006
2025-08-01 10:44:04 AM,1650.0,0,0.0,39334584.900000006
2025-08-01 10:44:04 AM,1650.0,2,3300.0,39337884.900000006
2025-08-01 10:44:09 AM,1648.9,8,13191.2,39351076.10000001
2025-08-01 10:44:12 AM,1648.9,3,4946.700000000001,39356022.80000001
2025-08-01 10:44:15 AM,1648.9,2,3297.8,39359320.60000001
2025-08-01 10:44:23 AM,1648.9,7,11542.300000000001,39370862.900000006
2025-08-01 10:44:28 AM,1648.9,1,1648.9,39372511.800000004
2025-08-01 10:44:31 AM,1648.9,2,3297.8,39375809.6
2025-08-01 10:44:37 AM,1648.9,2,3297.8,39379107.4
2025-08-01 10:44:42 AM,1648.9,6,9893.400000000001,39389000.8
2025-08-01 10:44:53 AM,1648.9,6,9893.400000000001,39398894.199999996
2025-08-01 10:44:58 AM,1648.9,1,1648.9,39400543.099999994
2025-08-01 10:45:01 AM,1647.9,221,364185.9,39764728.99999999
2025-08-01 10:45:04 AM,1647.9,3,4943.700000000001,39769672.699999996
2025-08-01 10:45:12 AM,1647.9,3,4943.700000000001,39774616.4
2025-08-01 10:45:23 AM,1647.9,2,3295.8,39777912.199999996
2025-08-01 10:45:28 AM,1647.9,1,1647.9,39779560.099999994
2025-08-01 10:45:34 AM,1647.9,2,3295.8,39782855.89999999
2025-08-01 10:45:42 AM,1647.9,11,18126.9,39800982.79999999
2025-08-01 10:45:44 AM,1647.9,2,3295.8,39804278.59999999
2025-08-01 10:45:53 AM,1647.9,2,3295.8,39807574.39999998
2025-08-01 10:45:58 AM,1647.9,1,1647.9,39809222.29999998
2025-08-01 10:46:04 AM,1647.9,2,3295.8,39812518.09999998
2025-08-01 10:46:09 AM,1647.9,5,8239.5,39820757.59999998
2025-08-01 10:46:12 AM,1647.9,1,1647.9,39822405.49999998
2025-08-01 10:46:16 AM,1647.9,2,3295.8,39825701.299999975
2025-08-01 10:46:18 AM,1646.9,32,52700.8,39878402.09999997
2025-08-01 10:46:23 AM,1646.4,0,0.0,39878402.09999997
2025-08-01 10:46:23 AM,1646.4,2,3292.8,39881694.89999997
2025-08-01 10:46:27 AM,1646.4,1,1646.4,39883341.29999997
2025-08-01 10:46:32 AM,1646.6,2,3293.2,39886634.49999997
2025-08-01 10:46:42 AM,1646.7,0,0.0,39886634.49999997
2025-08-01 10:46:44 AM,1646.8,3,4940.4,39891574.89999997
2025-08-01 10:46:53 AM,1647.2,0,0.0,39891574.89999997
2025-08-01 10:46:54 AM,1647.2,2,3294.4,39894869.29999997
2025-08-01 10:47:00 AM,1647.2,1,1647.2,39896516.49999997
2025-08-01 10:47:05 AM,1647.2,2,3294.4,39899810.89999997
2025-08-01 10:47:11 AM,1645.5,43,70756.5,39970567.39999997
2025-08-01 10:47:12 AM,1645.2,0,0.0,39970567.39999997
2025-08-01 10:47:12 AM,1645.3,3,4935.9,39975503.29999997
2025-08-01 10:47:23 AM,1645.6,2,3291.2,39978794.49999997
2025-08-01 10:47:27 AM,1645.6,1,1645.6,39980440.09999997
2025-08-01 10:47:32 AM,1645.0,2,3290.0,39983730.09999997
2025-08-01 10:47:36 AM,1643.9,0,0.0,39983730.09999997
2025-08-01 10:47:37 AM,1643.9,10,16439.0,40000169.09999997
2025-08-01 10:47:43 AM,1643.9,3,4931.700000000001,40005100.799999975
2025-08-01 10:47:54 AM,1643.9,2,3287.8,40008388.59999997
2025-08-01 10:48:04 AM,1643.9,2,3287.8,40011676.39999997
2025-08-01 10:48:12 AM,1643.9,2,3287.8,40014964.199999966
2025-08-01 10:48:17 AM,1643.9,4,6575.6,40021539.79999997
2025-08-01 10:48:23 AM,1643.9,2,3287.8,40024827.599999964
2025-08-01 10:48:33 AM,1642.7,0,0.0,40024827.599999964
2025-08-01 10:48:34 AM,1642.7,4,6570.8,40031398.39999996
2025-08-01 10:48:36 AM,1642.6,0,0.0,40031398.39999996
2025-08-01 10:48:37 AM,1642.6,7,11498.199999999999,40042896.599999964
2025-08-01 10:48:43 AM,1643.8,2,3287.6,40046184.199999966
2025-08-01 10:48:54 AM,1643.8,2,3287.6,40049471.79999997
2025-08-01 10:49:05 AM,1643.8,2,3287.6,40052759.39999997
2025-08-01 10:49:08 AM,1645.9,0,0.0,40052759.39999997
2025-08-01 10:49:10 AM,1645.9,251,413120.9,40465880.29999997
2025-08-01 10:49:13 AM,1647.3,0,0.0,40465880.29999997
2025-08-01 10:49:16 AM,1647.3,2,3294.6,40469174.89999997
2025-08-01 10:49:22 AM,1647.3,2,3294.6,40472469.49999997
2025-08-01 10:49:23 AM,1644.8,0,0.0,40472469.49999997
2025-08-01 10:49:26 AM,1644.8,104,171059.19999999998,40643528.69999997
2025-08-01 10:49:33 AM,1646.7,2,3293.4,40646822.09999997
2025-08-01 10:49:42 AM,1646.7,2,3293.4,40650115.49999997
2025-08-01 10:49:53 AM,1646.6,2,3293.2,40653408.69999997
2025-08-01 10:50:03 AM,1646.8,0,0.0,40653408.69999997
2025-08-01 10:50:04 AM,1646.8,2,3293.6,40656702.299999975
2025-08-01 10:50:13 AM,1646.9,0,0.0,40656702.299999975
2025-08-01 10:50:15 AM,1646.9,2,3293.8,40659996.09999997
2025-08-01 10:50:26 AM,1646.9,2,3293.8,40663289.89999997
2025-08-01 10:50:32 AM,1646.5,2,3293.0,40666582.89999997
2025-08-01 10:50:43 AM,1646.5,2,3293.0,40669875.89999997
2025-08-01 10:50:54 AM,1646.5,2,3293.0,40673168.89999997
2025-08-01 10:51:06 AM,1646.5,2,3293.0,40676461.89999997
2025-08-01 10:51:12 AM,1646.6,0,0.0,40676461.89999997
2025-08-01 10:51:17 AM,1646.6,2,3293.2,40679755.09999997
2025-08-01 10:51:22 AM,1646.6,2,3293.2,40683048.299999975
2025-08-01 10:51:33 AM,1646.6,2,3293.2,40686341.49999998
2025-08-01 10:51:44 AM,1646.6,2,3293.2,40689634.69999998
2025-08-01 10:51:50 AM,1644.8,18,29606.399999999998,40719241.09999998
2025-08-01 10:51:52 AM,1646.3,0,0.0,40719241.09999998
2025-08-01 10:51:55 AM,1646.3,2,3292.6,40722533.69999998
2025-08-01 10:52:06 AM,1646.3,3,4938.9,40727472.59999998
2025-08-01 10:52:17 AM,1646.3,2,3292.6,40730765.19999998
2025-08-01 10:52:22 AM,1646.6,0,0.0,40730765.19999998
2025-08-01 10:52:23 AM,1646.6,2,3293.2,40734058.39999998
2025-08-01 10:52:33 AM,1646.6,2,3293.2,40737351.59999999
2025-08-01 10:52:33 AM,1644.8,17,27961.6,40765313.19999999
2025-08-01 10:52:42 AM,1644.7,0,0.0,40765313.19999999
2025-08-01 10:52:43 AM,1644.7,2,3289.4,40768602.59999999
2025-08-01 10:52:50 AM,1644.8,1,1644.8,40770247.39999998
2025-08-01 10:52:54 AM,1644.8,2,3289.6,40773536.999999985
2025-08-01 10:53:04 AM,1644.8,2,3289.6,40776826.59999999
2025-08-01 10:53:10 AM,1644.8,3,4934.4,40781760.999999985
2025-08-01 10:53:15 AM,1644.8,2,3289.6,40785050.59999999
2025-08-01 10:53:26 AM,1644.8,4,6579.2,40791629.79999999
2025-08-01 10:53:32 AM,1644.8,2,3289.6,40794919.39999999
2025-08-01 10:53:42 AM,1644.8,2,3289.6,40798208.99999999
2025-08-01 10:53:52 AM,1644.8,4,6579.2,40804788.199999996
2025-08-01 10:54:03 AM,1644.8,2,3289.6,40808077.8
2025-08-01 10:54:08 AM,1644.8,2,3289.6,40811367.4
2025-08-01 10:54:14 AM,1644.8,2,3289.6,40814657.0
2025-08-01 10:54:25 AM,1644.8,2,3289.6,40817946.6
2025-08-01 10:54:26 AM,1644.8,1,1644.8,40819591.4
2025-08-01 10:54:35 AM,1644.8,2,3289.6,40822881.0
2025-08-01 10:54:46 AM,1644.8,4,6579.2,40829460.2
2025-08-01 10:54:56 AM,1644.8,2,3289.6,40832749.800000004
2025-08-01 10:55:02 AM,1644.8,2,3289.6,40836039.400000006
2025-08-01 10:55:07 AM,1644.8,1,1644.8,40837684.2
2025-08-01 10:55:23 AM,1644.8,2,3289.6,40840973.800000004
2025-08-01 10:55:40 AM,1644.8,2,3289.6,40844263.400000006
2025-08-01 10:56:06 AM,1644.8,1,1644.8,40845908.2
2025-08-01 10:56:17 AM,1645.2,60,98712.0,40944620.2
2025-08-01 10:56:22 AM,1645.2,2,3290.4,40947910.6
2025-08-01 10:56:36 AM,1645.0,0,0.0,40947910.6
2025-08-01 10:56:37 AM,1645.0,2,3290.0,40951200.6
2025-08-01 10:56:54 AM,1645.0,2,3290.0,40954490.6
2025-08-01 10:57:16 AM,1645.2,0,0.0,40954490.6
2025-08-01 10:57:19 AM,1645.2,2,3290.4,40957781.0
2025-08-01 10:57:31 AM,1645.0,2,3290.0,40961071.0
2025-08-01 10:57:46 AM,1643.5,0,0.0,40961071.0
2025-08-01 10:57:46 AM,1643.5,1,1643.5,40962714.5
2025-08-01 10:57:54 AM,1644.9,0,0.0,40962714.5
2025-08-01 10:57:57 AM,1644.9,1,1644.9,40964359.4
2025-08-01 10:58:10 AM,1645.0,0,0.0,40964359.4
2025-08-01 10:58:13 AM,1645.0,2,3290.0,40967649.4
2025-08-01 10:58:35 AM,1645.0,2,3290.0,40970939.4
2025-08-01 10:58:50 AM,1644.9,0,0.0,40970939.4
2025-08-01 10:58:51 AM,1644.9,2,3289.8,40974229.199999996
2025-08-01 10:59:20 AM,1645.9,0,0.0,40974229.199999996
2025-08-01 10:59:22 AM,1645.9,1,1645.9,40975875.099999994
2025-08-01 11:01:04 AM,1646.7,2,3293.4,40979168.49999999
2025-08-01 11:01:10 AM,1646.7,1,1646.7,40980815.199999996
2025-08-01 11:01:25 AM,1646.6,0,0.0,40980815.199999996
2025-08-01 11:01:26 AM,1646.6,1,1646.6,40982461.8
2025-08-01 11:01:36 AM,1646.6,2,3293.2,40985755.0
2025-08-01 11:01:47 AM,1646.6,2,3293.2,40989048.2
2025-08-01 11:01:51 AM,1645.6,0,0.0,40989048.2
2025-08-01 11:01:52 AM,1645.6,3,4936.799999999999,40993985.0
2025-08-01 11:02:01 AM,1646.7,0,0.0,40993985.0
2025-08-01 11:02:02 AM,1646.7,2,3293.4,40997278.4
2025-08-01 11:02:08 AM,1646.7,2,3293.4,41000571.8
2025-08-01 11:02:24 AM,1646.7,3,4940.1,41005511.9
2025-08-01 11:02:31 AM,1646.7,2,3293.4,41008805.3
2025-08-01 11:02:51 AM,1647.5,0,0.0,41008805.3
2025-08-01 11:02:52 AM,1647.5,239,393752.5,41402557.8
2025-08-01 11:03:05 AM,1647.9,0,0.0,41402557.8
2025-08-01 11:03:07 AM,1647.9,10,16479.0,41419036.8
2025-08-01 11:03:37 AM,1647.2,0,0.0,41419036.8
2025-08-01 11:03:37 AM,1647.2,2,3294.4,41422331.199999996
2025-08-01 11:04:27 AM,1646.0,0,0.0,41422331.199999996
2025-08-01 11:04:27 AM,1646.0,100,164600.0,41586931.199999996
2025-08-01 11:04:54 AM,1648.3,0,0.0,41586931.199999996
2025-08-01 11:04:56 AM,1648.3,2,3296.6,41590227.8
2025-08-01 11:06:19 AM,1648.5,0,0.0,41590227.8
2025-08-01 11:06:22 AM,1648.5,200,329700.0,41919927.8
2025-08-01 11:06:29 AM,1648.5,1,1648.5,41921576.3
2025-08-01 11:06:57 AM,1647.1,0,0.0,41921576.3
2025-08-01 11:06:59 AM,1647.1,1,1647.1,41923223.4
2025-08-01 11:08:05 AM,1646.8,0,0.0,41923223.4
2025-08-01 11:08:05 AM,1646.8,12,19761.6,41942985.0
2025-08-01 11:08:31 AM,1645.0,0,0.0,41942985.0
2025-08-01 11:08:32 AM,1645.0,39,64155.0,42007140.0
2025-08-01 11:09:26 AM,1644.1,0,0.0,42007140.0
2025-08-01 11:09:27 AM,1644.1,1,1644.1,42008784.1
2025-08-01 11:09:48 AM,1643.2,41,67371.2,42076155.300000004
2025-08-01 11:10:18 AM,1643.3,0,0.0,42076155.300000004
2025-08-01 11:10:18 AM,1643.3,57,93668.09999999999,42169823.400000006
2025-08-01 11:11:34 AM,1641.7,0,0.0,42169823.400000006
2025-08-01 11:11:35 AM,1641.7,3,4925.1,42174748.50000001
2025-08-01 11:13:21 AM,1641.7,10,16417.0,42191165.50000001
2025-08-01 11:14:19 AM,1641.2,0,0.0,42191165.50000001
2025-08-01 11:14:21 AM,1641.2,50,82060.0,42273225.50000001
2025-08-01 11:16:07 AM,1641.2,1,1641.2,42274866.70000001
2025-08-01 11:17:07 AM,1644.0,0,0.0,42274866.70000001
2025-08-01 11:17:07 AM,1644.0,1,1644.0,42276510.70000001
2025-08-01 11:17:53 AM,1644.0,10,16440.0,42292950.70000001
2025-08-01 11:20:37 AM,1642.4,0,0.0,42292950.70000001
2025-08-01 11:20:37 AM,1642.4,1,1642.4,42294593.10000001
2025-08-01 11:20:45 AM,1641.2,0,0.0,42294593.10000001
2025-08-01 11:20:48 AM,1641.2,1,1641.2,42296234.30000001
2025-08-01 11:21:10 AM,1641.0,0,0.0,42296234.30000001
2025-08-01 11:21:14 AM,1641.0,7,11487.0,42307721.30000001
2025-08-01 11:22:40 AM,1640.8,0,0.0,42307721.30000001
2025-08-01 11:22:43 AM,1640.8,11,18048.8,42325770.10000001
2025-08-01 11:25:19 AM,1640.8,1,1640.8,42327410.900000006
2025-08-01 11:26:28 AM,1640.8,15,24612.0,42352022.900000006
2025-08-01 11:29:52 AM,1640.8,1,1640.8,42353663.7
2025-08-01 11:30:33 AM,1640.0,0,0.0,42353663.7
2025-08-01 11:30:34 AM,1640.0,9,14760.0,42368423.7
2025-08-01 11:30:36 AM,1638.5,1,1638.5,42370062.2
2025-08-01 11:32:27 AM,1636.0,0,0.0,42370062.2
2025-08-01 11:32:28 AM,1632.8,0,0.0,42370062.2
2025-08-01 11:32:29 AM,1632.8,447,729861.6,43099923.800000004
2025-08-01 11:32:29 AM,1631.4,0,0.0,43099923.800000004
2025-08-01 11:32:31 AM,1631.9,36,58748.4,43158672.2
2025-08-01 11:32:33 AM,1632.3,0,0.0,43158672.2
2025-08-01 11:32:34 AM,1632.3,1,1632.3,43160304.5
2025-08-01 11:32:35 AM,1631.4,0,0.0,43160304.5
2025-08-01 11:32:36 AM,1631.4,5,8157.0,43168461.5
2025-08-01 11:32:39 AM,1631.3,2,3262.6,43171724.1
2025-08-01 11:33:34 AM,1632.4,0,0.0,43171724.1
2025-08-01 11:33:36 AM,1632.4,10,16324.0,43188048.1
2025-08-01 11:33:37 AM,1631.6,0,0.0,43188048.1
2025-08-01 11:33:41 AM,1631.6,1,1631.6,43189679.7
2025-08-01 11:34:23 AM,1633.0,0,0.0,43189679.7
2025-08-01 11:34:26 AM,1631.3,0,0.0,43189679.7
2025-08-01 11:34:27 AM,1631.3,21,34257.299999999996,43223937.0
2025-08-01 11:34:28 AM,1631.4,0,0.0,43223937.0
2025-08-01 11:34:32 AM,1631.4,1,1631.4,43225568.4
2025-08-01 11:36:43 AM,1631.0,60,97860.0,43323428.4
2025-08-01 11:36:47 AM,1631.4,0,0.0,43323428.4
2025-08-01 11:36:48 AM,1631.4,2,3262.8,43326691.199999996
2025-08-01 11:38:00 AM,1632.7,0,0.0,43326691.199999996
2025-08-01 11:38:01 AM,1632.7,22,35919.4,43362610.599999994
2025-08-01 11:38:03 AM,1632.4,0,0.0,43362610.599999994
2025-08-01 11:38:06 AM,1632.4,1,1632.4,43364242.99999999
2025-08-01 11:38:34 AM,1631.8,0,0.0,43364242.99999999
2025-08-01 11:38:36 AM,1631.8,2,3263.6,43367506.599999994
2025-08-01 11:39:06 AM,1631.8,1,1631.8,43369138.39999999
2025-08-01 11:40:55 AM,1633.1,1,1633.1,43370771.49999999
2025-08-01 11:42:09 AM,1633.5,0,0.0,43370771.49999999
2025-08-01 11:42:11 AM,1633.6,4,6534.4,43377305.89999999
2025-08-01 11:42:52 AM,1631.9,5,8159.5,43385465.39999999
2025-08-01 11:42:57 AM,1631.5,0,0.0,43385465.39999999
2025-08-01 11:42:58 AM,1631.5,1,1631.5,43387096.89999999
2025-08-01 11:43:40 AM,1631.7,1,1631.7,43388728.599999994
2025-08-01 11:44:08 AM,1630.9,0,0.0,43388728.599999994
2025-08-01 11:44:08 AM,1630.5,0,0.0,43388728.599999994
2025-08-01 11:44:13 AM,1630.3,211,343993.3,43732721.89999999
2025-08-01 11:44:13 AM,1630.2,2,3260.4,43735982.29999999
2025-08-01 11:44:25 AM,1630.3,1,1630.3,43737612.59999999
2025-08-01 11:44:49 AM,1630.2,0,0.0,43737612.59999999
2025-08-01 11:44:51 AM,1630.6,0,0.0,43737612.59999999
2025-08-01 11:44:52 AM,1630.6,52,84791.2,43822403.79999999
2025-08-01 11:44:55 AM,1630.2,0,0.0,43822403.79999999
2025-08-01 11:44:58 AM,1630.2,2,3260.4,43825664.19999999
2025-08-01 11:45:35 AM,1630.6,0,0.0,43825664.19999999
2025-08-01 11:45:35 AM,1630.6,41,66854.59999999999,43892518.79999999
2025-08-01 11:46:09 AM,1630.3,0,0.0,43892518.79999999
2025-08-01 11:46:12 AM,1630.3,1,1630.3,43894149.09999999
2025-08-01 11:46:21 AM,1630.6,0,0.0,43894149.09999999
2025-08-01 11:46:23 AM,1630.6,1,1630.6,43895779.69999999
2025-08-01 11:46:23 AM,1630.2,21,34234.200000000004,43930013.89999999
2025-08-01 11:46:27 AM,1630.8,0,0.0,43930013.89999999
2025-08-01 11:46:28 AM,1630.8,3,4892.4,43934906.29999999
2025-08-01 11:47:46 AM,1632.0,7,11424.0,43946330.29999999
2025-08-01 11:47:51 AM,1631.5,0,0.0,43946330.29999999
2025-08-01 11:47:51 AM,1631.5,1,1631.5,43947961.79999999
2025-08-01 11:48:17 AM,1631.5,1,1631.5,43949593.29999999
2025-08-01 11:48:20 AM,1632.5,0,0.0,43949593.29999999
2025-08-01 11:48:22 AM,1632.5,10,16325.0,43965918.29999999
2025-08-01 11:49:06 AM,1633.7,0,0.0,43965918.29999999
2025-08-01 11:49:07 AM,1633.7,1,1633.7,43967551.99999999
2025-08-01 11:49:33 AM,1633.9,0,0.0,43967551.99999999
2025-08-01 11:49:34 AM,1633.9,23,37579.700000000004,44005131.699999996
2025-08-01 11:49:37 AM,1634.1,0,0.0,44005131.699999996
2025-08-01 11:49:39 AM,1634.1,1,1634.1,44006765.8
2025-08-01 11:49:52 AM,1635.6,0,0.0,44006765.8
2025-08-01 11:49:54 AM,1635.6,19,31076.399999999998,44037842.199999996
2025-08-01 11:49:57 AM,1636.1,0,0.0,44037842.199999996
2025-08-01 11:49:59 AM,1638.1,0,0.0,44037842.199999996
2025-08-01 11:49:59 AM,1638.1,159,260457.9,44298300.099999994
2025-08-01 11:50:03 AM,1636.0,0,0.0,44298300.099999994
2025-08-01 11:50:05 AM,1636.0,6,9816.0,44308116.099999994
2025-08-01 11:50:09 AM,1635.3,0,0.0,44308116.099999994
2025-08-01 11:50:10 AM,1635.3,1,1635.3,44309751.39999999
2025-08-01 11:51:04 AM,1637.0,0,0.0,44309751.39999999
2025-08-01 11:51:05 AM,1637.0,15,24555.0,44334306.39999999
2025-08-01 11:51:29 AM,1634.6,0,0.0,44334306.39999999
2025-08-01 11:51:29 AM,1634.6,30,49038.0,44383344.39999999
2025-08-01 11:51:33 AM,1634.4,0,0.0,44383344.39999999
2025-08-01 11:51:35 AM,1634.4,2,3268.8,44386613.19999999
2025-08-01 11:52:52 AM,1635.0,0,0.0,44386613.19999999
2025-08-01 11:52:55 AM,1635.0,1,1635.0,44388248.19999999
2025-08-01 11:53:12 AM,1634.4,0,0.0,44388248.19999999
2025-08-01 11:53:16 AM,1634.4,8,13075.2,44401323.39999999
2025-08-01 11:56:12 AM,1635.2,0,0.0,44401323.39999999
2025-08-01 11:56:13 AM,1635.2,3,4905.6,44406228.99999999
2025-08-01 11:56:56 AM,1635.0,0,0.0,44406228.99999999
2025-08-01 11:56:58 AM,1635.0,10,16350.0,44422578.99999999
2025-08-01 11:57:33 AM,1634.1,0,0.0,44422578.99999999
2025-08-01 11:57:33 AM,1634.1,1,1634.1,44424213.099999994
2025-08-01 11:57:37 AM,1633.4,0,0.0,44424213.099999994
2025-08-01 11:57:38 AM,1633.4,1,1633.4,44425846.49999999
2025-08-01 12:02:04 PM,1633.5,1,1633.5,44427479.99999999
2025-08-01 12:02:17 PM,1633.2,0,0.0,44427479.99999999
2025-08-01 12:02:19 PM,1633.2,3,4899.6,44432379.599999994
2025-08-01 12:03:23 PM,1633.1,0,0.0,44432379.599999994
2025-08-01 12:03:24 PM,1633.1,1,1633.1,44434012.699999996
2025-08-01 12:03:28 PM,1633.1,19,31028.899999999998,44465041.599999994
2025-08-01 12:03:31 PM,1631.4,0,0.0,44465041.599999994
2025-08-01 12:03:32 PM,1631.4,1,1631.4,44466672.99999999
2025-08-01 12:04:34 PM,1633.1,0,0.0,44466672.99999999
2025-08-01 12:04:37 PM,1633.1,3,4899.299999999999,44471572.29999999
2025-08-01 12:06:46 PM,1631.7,0,0.0,44471572.29999999
2025-08-01 12:06:47 PM,1631.7,1,1631.7,44473203.99999999
2025-08-01 12:06:47 PM,1632.1,2,3264.2,44476468.199999996
2025-08-01 12:07:10 PM,1631.0,0,0.0,44476468.199999996
2025-08-01 12:07:12 PM,1631.0,100,163100.0,44639568.199999996
2025-08-01 12:07:12 PM,1632.2,0,0.0,44639568.199999996
2025-08-01 12:07:12 PM,1632.2,4,6528.8,44646096.99999999
2025-08-01 12:09:00 PM,1633.9,0,0.0,44646096.99999999
2025-08-01 12:09:02 PM,1634.3,0,0.0,44646096.99999999
2025-08-01 12:09:02 PM,1633.6,0,0.0,44646096.99999999
2025-08-01 12:09:02 PM,1633.6,855,1396728.0,46042824.99999999
2025-08-01 12:10:10 PM,1635.0,0,0.0,46042824.99999999
2025-08-01 12:10:12 PM,1635.0,3,4905.0,46047729.99999999
2025-08-01 12:11:17 PM,1635.0,5,8175.0,46055904.99999999
2025-08-01 12:11:22 PM,1633.7,1,1633.7,46057538.699999996
2025-08-01 12:13:06 PM,1634.5,0,0.0,46057538.699999996
2025-08-01 12:13:07 PM,1635.9,399,652724.1000000001,46710262.8
2025-08-01 12:14:57 PM,1635.5,1,1635.5,46711898.3
2025-08-01 12:14:58 PM,1636.0,0,0.0,46711898.3
2025-08-01 12:15:01 PM,1636.0,53,86708.0,46798606.3
2025-08-01 12:15:08 PM,1636.9,0,0.0,46798606.3
2025-08-01 12:15:12 PM,1636.9,2,3273.8,46801880.099999994
2025-08-01 12:15:53 PM,1636.9,1,1636.9,46803516.99999999
2025-08-01 12:18:39 PM,1636.7,2,3273.4,46806790.39999999
2025-08-01 12:20:31 PM,1636.7,1,1636.7,46808427.099999994
2025-08-01 12:22:11 PM,1637.7,10,16377.0,46824804.099999994
2025-08-01 12:22:26 PM,1636.2,0,0.0,46824804.099999994
2025-08-01 12:22:26 PM,1636.2,5,8181.0,46832985.099999994
2025-08-01 12:22:41 PM,1636.1,0,0.0,46832985.099999994
2025-08-01 12:22:42 PM,1636.1,829,1356326.9,48189311.99999999
2025-08-01 12:23:22 PM,1638.1,51,83543.09999999999,48272855.099999994
2025-08-01 12:23:23 PM,1636.5,0,0.0,48272855.099999994
2025-08-01 12:23:26 PM,1636.5,30,49095.0,48321950.099999994
2025-08-01 12:23:43 PM,1636.4,0,0.0,48321950.099999994
2025-08-01 12:23:45 PM,1636.4,1,1636.4,48323586.49999999
2025-08-01 12:25:05 PM,1636.4,1,1636.4,48325222.89999999
2025-08-01 12:29:34 PM,1636.5,0,0.0,48325222.89999999
2025-08-01 12:29:36 PM,1636.5,1,1636.5,48326859.39999999
2025-08-01 12:29:45 PM,1635.2,1,1635.2,48328494.599999994
2025-08-01 12:30:17 PM,1635.5,106,173363.0,48501857.599999994
2025-08-01 12:34:16 PM,1636.2,0,0.0,48501857.599999994
2025-08-01 12:34:16 PM,1636.2,1,1636.2,48503493.8
2025-08-01 12:38:57 PM,1634.8,0,0.0,48503493.8
2025-08-01 12:39:00 PM,1634.8,1,1634.8,48505128.599999994
2025-08-01 12:39:37 PM,1636.0,0,0.0,48505128.599999994
2025-08-01 12:39:39 PM,1636.0,2,3272.0,48508400.599999994
2025-08-01 12:39:44 PM,1636.2,223,364872.60000000003,48873273.199999996
2025-08-01 12:39:54 PM,1636.2,152,248702.4,49121975.599999994
2025-08-01 12:42:30 PM,1634.6,5,8173.0,49130148.599999994
2025-08-01 12:43:22 PM,1634.7,0,0.0,49130148.599999994
2025-08-01 12:43:23 PM,1634.7,11,17981.7,49148130.3
2025-08-01 12:43:34 PM,1632.8,1,1632.8,49149763.099999994
2025-08-01 12:44:18 PM,1632.8,30,48984.0,49198747.099999994
2025-08-01 12:47:08 PM,1633.9,0,0.0,49198747.099999994
2025-08-01 12:47:12 PM,1633.9,1,1633.9,49200380.99999999
2025-08-01 12:48:10 PM,1632.7,0,0.0,49200380.99999999
2025-08-01 12:48:12 PM,1632.7,1,1632.7,49202013.699999996
2025-08-01 12:48:26 PM,1632.5,0,0.0,49202013.699999996
2025-08-01 12:48:28 PM,1632.5,10,16325.0,49218338.699999996
2025-08-01 12:50:18 PM,1632.4,0,0.0,49218338.699999996
2025-08-01 12:50:18 PM,1633.1,0,0.0,49218338.699999996
2025-08-01 12:50:19 PM,1633.1,33,53892.299999999996,49272230.99999999
2025-08-01 12:51:40 PM,1633.5,1,1633.5,49273864.49999999
2025-08-01 12:52:26 PM,1635.0,0,0.0,49273864.49999999
2025-08-01 12:52:26 PM,1635.0,6,9810.0,49283674.49999999
2025-08-01 12:52:45 PM,1634.2,1,1634.2,49285308.699999996
2025-08-01 12:55:33 PM,1636.2,1,1636.2,49286944.9
2025-08-01 12:56:24 PM,1636.0,14,22904.0,49309848.9
2025-08-01 12:56:28 PM,1637.0,2,3274.0,49313122.9
2025-08-01 12:57:22 PM,1635.5,1,1635.5,49314758.4
2025-08-01 12:58:50 PM,1635.2,0,0.0,49314758.4
2025-08-01 12:58:53 PM,1635.2,1,1635.2,49316393.6
2025-08-01 12:59:18 PM,1635.0,11,17985.0,49334378.6
2025-08-01 01:01:45 PM,1636.0,5,8180.0,49342558.6
2025-08-01 01:01:57 PM,1634.7,0,0.0,49342558.6
2025-08-01 01:01:58 PM,1634.7,1,1634.7,49344193.300000004
2025-08-01 01:02:17 PM,1635.6,0,0.0,49344193.300000004
2025-08-01 01:02:18 PM,1635.6,5,8178.0,49352371.300000004
2025-08-01 01:05:43 PM,1636.0,0,0.0,49352371.300000004
2025-08-01 01:05:43 PM,1636.0,5,8180.0,49360551.300000004
2025-08-01 01:06:28 PM,1636.0,1,1636.0,49362187.300000004
2025-08-01 01:08:16 PM,1637.2,0,0.0,49362187.300000004
2025-08-01 01:08:17 PM,1637.2,5,8186.0,49370373.300000004
2025-08-01 01:11:10 PM,1636.0,0,0.0,49370373.300000004
2025-08-01 01:11:12 PM,1636.0,1,1636.0,49372009.300000004
2025-08-01 01:12:41 PM,1636.1,6,9816.599999999999,49381825.900000006
2025-08-01 01:15:40 PM,1636.3,0,0.0,49381825.900000006
2025-08-01 01:15:43 PM,1636.3,1,1636.3,49383462.2
2025-08-01 01:15:50 PM,1636.0,0,0.0,49383462.2
2025-08-01 01:15:50 PM,1636.0,10,16360.0,49399822.2
2025-08-01 01:16:36 PM,1637.4,0,0.0,49399822.2
2025-08-01 01:16:38 PM,1637.4,6,9824.400000000001,49409646.6
2025-08-01 01:17:09 PM,1637.4,15,24561.0,49434207.6
2025-08-01 01:19:42 PM,1636.5,0,0.0,49434207.6
2025-08-01 01:19:44 PM,1636.5,3,4909.5,49439117.1
2025-08-01 01:20:19 PM,1636.5,1,1636.5,49440753.6
2025-08-01 01:23:06 PM,1638.0,0,0.0,49440753.6
2025-08-01 01:23:07 PM,1638.0,32,52416.0,49493169.6
2025-08-01 01:24:00 PM,1639.0,10,16390.0,49509559.6
2025-08-01 01:24:05 PM,1639.0,47,77033.0,49586592.6
2025-08-01 01:24:30 PM,1639.9,0,0.0,49586592.6
2025-08-01 01:24:33 PM,1639.9,3,4919.700000000001,49591512.300000004
2025-08-01 01:24:57 PM,1639.0,1,1639.0,49593151.300000004
2025-08-01 01:25:07 PM,1639.0,9,14751.0,49607902.300000004
2025-08-01 01:25:41 PM,1638.5,0,0.0,49607902.300000004
2025-08-01 01:25:42 PM,1638.5,2,3277.0,49611179.300000004
2025-08-01 01:25:51 PM,1639.7,0,0.0,49611179.300000004
2025-08-01 01:25:52 PM,1639.7,5,8198.5,49619377.800000004
2025-08-01 01:28:06 PM,1640.0,0,0.0,49619377.800000004
2025-08-01 01:28:09 PM,1640.0,1,1640.0,49621017.800000004
2025-08-01 01:28:10 PM,1639.7,0,0.0,49621017.800000004
2025-08-01 01:28:14 PM,1639.7,2,3279.4,49624297.2
2025-08-01 01:29:34 PM,1638.1,0,0.0,49624297.2
2025-08-01 01:29:35 PM,1638.1,1,1638.1,49625935.300000004
2025-08-01 01:30:03 PM,1638.1,1,1638.1,49627573.400000006
2025-08-01 01:34:04 PM,1638.8,0,0.0,49627573.400000006
2025-08-01 01:34:05 PM,1638.8,1,1638.8,49629212.2
2025-08-01 01:36:20 PM,1640.0,105,172200.0,49801412.2
2025-08-01 01:36:57 PM,1639.3,14,22950.2,49824362.400000006
2025-08-01 01:38:14 PM,1638.0,15,24570.0,49848932.400000006
2025-08-01 01:38:41 PM,1637.0,1,1637.0,49850569.400000006
2025-08-01 01:38:45 PM,1636.3,1,1636.3,49852205.7
2025-08-01 01:40:38 PM,1636.0,0,0.0,49852205.7
2025-08-01 01:40:39 PM,1636.0,3,4908.0,49857113.7
2025-08-01 01:41:56 PM,1634.8,0,0.0,49857113.7
2025-08-01 01:41:57 PM,1634.8,4,6539.2,49863652.900000006
2025-08-01 01:42:00 PM,1634.6,0,0.0,49863652.900000006
2025-08-01 01:42:02 PM,1634.6,310,506726.0,50370378.900000006
2025-08-01 01:42:17 PM,1634.6,67,109518.2,50479897.10000001
2025-08-01 01:43:16 PM,1635.0,0,0.0,50479897.10000001
2025-08-01 01:43:17 PM,1635.0,1,1635.0,50481532.10000001
2025-08-01 01:43:32 PM,1634.8,1,1634.8,50483166.900000006
2025-08-01 01:43:47 PM,1636.0,50,81800.0,50564966.900000006
2025-08-01 01:46:10 PM,1638.2,0,0.0,50564966.900000006
2025-08-01 01:46:10 PM,1638.2,10,16382.0,50581348.900000006
2025-08-01 01:46:20 PM,1637.0,0,0.0,50581348.900000006
2025-08-01 01:46:20 PM,1637.0,1,1637.0,50582985.900000006
2025-08-01 01:46:20 PM,1636.7,0,0.0,50582985.900000006
2025-08-01 01:46:21 PM,1636.7,1,1636.7,50584622.60000001
2025-08-01 01:47:58 PM,1635.5,0,0.0,50584622.60000001
2025-08-01 01:48:01 PM,1635.5,1,1635.5,50586258.10000001
2025-08-01 01:48:22 PM,1635.0,0,0.0,50586258.10000001
2025-08-01 01:48:26 PM,1635.0,15,24525.0,50610783.10000001
2025-08-01 01:50:54 PM,1636.9,0,0.0,50610783.10000001
2025-08-01 01:50:56 PM,1636.9,1,1636.9,50612420.00000001
2025-08-01 01:52:34 PM,1635.5,1,1635.5,50614055.50000001
2025-08-01 01:53:17 PM,1637.1,3,4911.299999999999,50618966.800000004
2025-08-01 01:53:56 PM,1637.1,2,3274.2,50622241.00000001
2025-08-01 01:54:00 PM,1635.6,0,0.0,50622241.00000001
2025-08-01 01:54:01 PM,1635.6,5,8178.0,50630419.00000001
2025-08-01 01:56:14 PM,1636.1,0,0.0,50630419.00000001
2025-08-01 01:56:17 PM,1636.1,13,21269.3,50651688.300000004
2025-08-01 01:57:10 PM,1635.3,0,0.0,50651688.300000004
2025-08-01 01:57:12 PM,1635.3,1,1635.3,50653323.6
2025-08-01 01:57:14 PM,1634.8,0,0.0,50653323.6
2025-08-01 01:57:17 PM,1634.8,1,1634.8,50654958.4
2025-08-01 01:57:36 PM,1635.5,0,0.0,50654958.4
2025-08-01 01:57:36 PM,1635.5,3,4906.5,50659864.9
2025-08-01 01:58:14 PM,1634.8,0,0.0,50659864.9
2025-08-01 01:58:15 PM,1634.8,15,24522.0,50684386.9
2025-08-01 01:59:51 PM,1634.8,1,1634.8,50686021.699999996
2025-08-01 02:01:40 PM,1634.9,0,0.0,50686021.699999996
2025-08-01 02:01:43 PM,1634.9,1,1634.9,50687656.599999994
2025-08-01 02:02:10 PM,1635.0,0,0.0,50687656.599999994
2025-08-01 02:02:13 PM,1635.0,2,3270.0,50690926.599999994
2025-08-01 02:02:44 PM,1634.5,0,0.0,50690926.599999994
2025-08-01 02:02:47 PM,1634.5,149,243540.5,50934467.099999994
2025-08-01 02:04:24 PM,1634.0,395,645430.0,51579897.099999994
2025-08-01 02:04:32 PM,1633.1,0,0.0,51579897.099999994
2025-08-01 02:04:34 PM,1633.1,1,1633.1,51581530.199999996
2025-08-01 02:04:45 PM,1631.8,0,0.0,51581530.199999996
2025-08-01 02:04:49 PM,1631.8,3,4895.4,51586425.599999994
2025-08-01 02:05:47 PM,1631.3,0,0.0,51586425.599999994
2025-08-01 02:05:49 PM,1631.3,2,3262.6,51589688.199999996
2025-08-01 02:06:19 PM,1631.3,1,1631.3,51591319.49999999
2025-08-01 02:08:12 PM,1632.4,0,0.0,51591319.49999999
2025-08-01 02:08:12 PM,1632.4,1,1632.4,51592951.89999999
2025-08-01 02:09:09 PM,1628.6,145,236147.0,51829098.89999999
2025-08-01 02:09:13 PM,1628.1,0,0.0,51829098.89999999
2025-08-01 02:09:13 PM,1628.1,1,1628.1,51830726.99999999
2025-08-01 02:09:19 PM,1628.1,1,1628.1,51832355.099999994
2025-08-01 02:10:02 PM,1628.8,0,0.0,51832355.099999994
2025-08-01 02:10:03 PM,1628.8,2,3257.6,51835612.699999996
2025-08-01 02:10:26 PM,1629.0,0,0.0,51835612.699999996
2025-08-01 02:10:28 PM,1629.0,5,8145.0,51843757.699999996
2025-08-01 02:10:38 PM,1629.2,0,0.0,51843757.699999996
2025-08-01 02:10:38 PM,1629.2,1,1629.2,51845386.9
2025-08-01 02:10:54 PM,1629.4,0,0.0,51845386.9
2025-08-01 02:10:54 PM,1629.4,2,3258.8,51848645.699999996
2025-08-01 02:10:59 PM,1629.4,3,4888.200000000001,51853533.9
2025-08-01 02:11:02 PM,1630.4,0,0.0,51853533.9
2025-08-01 02:11:04 PM,1630.4,6,9782.400000000001,51863316.3
2025-08-01 02:11:09 PM,1630.6,0,0.0,51863316.3
2025-08-01 02:11:10 PM,1630.6,1,1630.6,51864946.9
2025-08-01 02:11:20 PM,1631.5,6,9789.0,51874735.9
2025-08-01 02:11:33 PM,1630.1,0,0.0,51874735.9
2025-08-01 02:11:34 PM,1630.6,0,0.0,51874735.9
2025-08-01 02:11:36 PM,1630.6,159,259265.4,52134001.3
2025-08-01 02:11:38 PM,1631.5,0,0.0,52134001.3
2025-08-01 02:11:41 PM,1631.5,33,53839.5,52187840.8
2025-08-01 02:11:51 PM,1631.5,26,42419.0,52230259.8
2025-08-01 02:12:06 PM,1631.8,0,0.0,52230259.8
2025-08-01 02:12:07 PM,1631.8,1,1631.8,52231891.599999994
2025-08-01 02:12:54 PM,1632.7,0,0.0,52231891.599999994
2025-08-01 02:12:54 PM,1632.7,6,9796.2,52241687.8
2025-08-01 02:15:09 PM,1631.5,0,0.0,52241687.8
2025-08-01 02:15:11 PM,1631.5,41,66891.5,52308579.3
2025-08-01 02:15:33 PM,1629.1,1,1629.1,52310208.4
2025-08-01 02:17:23 PM,1629.1,15,24436.5,52334644.9
2025-08-01 02:18:09 PM,1629.1,6,9774.599999999999,52344419.5
2025-08-01 02:19:24 PM,1628.6,0,0.0,52344419.5
2025-08-01 02:19:26 PM,1628.6,13,21171.8,52365591.3
2025-08-01 02:19:53 PM,1627.6,140,227864.0,52593455.3
2025-08-01 02:20:10 PM,1627.0,0,0.0,52593455.3
2025-08-01 02:20:13 PM,1627.0,1,1627.0,52595082.3
2025-08-01 02:20:58 PM,1627.0,11,17897.0,52612979.3
2025-08-01 02:21:03 PM,1626.6,52,84583.2,52697562.5
2025-08-01 02:21:39 PM,1626.0,0,0.0,52697562.5
2025-08-01 02:21:40 PM,1626.0,35,56910.0,52754472.5
2025-08-01 02:21:50 PM,1625.0,0,0.0,52754472.5
2025-08-01 02:21:51 PM,1625.0,51,82875.0,52837347.5
2025-08-01 02:22:14 PM,1624.1,0,0.0,52837347.5
2025-08-01 02:22:18 PM,1624.1,10,16241.0,52853588.5
2025-08-01 02:23:54 PM,1623.0,3,4869.0,52858457.5
2025-08-01 02:24:00 PM,1622.3,2,3244.6,52861702.1
2025-08-01 02:24:10 PM,1623.2,0,0.0,52861702.1
2025-08-01 02:24:10 PM,1623.2,111,180175.2,53041877.300000004
2025-08-01 02:24:20 PM,1623.3,180,292194.0,53334071.300000004
2025-08-01 02:24:21 PM,1624.1,7,11368.699999999999,53345440.00000001
2025-08-01 02:24:33 PM,1624.3,0,0.0,53345440.00000001
2025-08-01 02:24:36 PM,1624.3,44,71469.2,53416909.20000001
2025-08-01 02:24:46 PM,1623.1,1,1623.1,53418532.30000001
2025-08-01 02:25:51 PM,1622.7,0,0.0,53418532.30000001
2025-08-01 02:25:51 PM,1622.7,40,64908.0,53483440.30000001
2025-08-01 02:27:05 PM,1625.9,200,325180.0,53808620.30000001
2025-08-01 02:29:22 PM,1623.0,0,0.0,53808620.30000001
2025-08-01 02:29:22 PM,1623.0,1,1623.0,53810243.30000001
2025-08-01 02:29:32 PM,1622.8,0,0.0,53810243.30000001
2025-08-01 02:29:34 PM,1622.8,11,17850.8,53828094.10000001
2025-08-01 02:30:01 PM,1622.7,0,0.0,53828094.10000001
2025-08-01 02:30:01 PM,1622.7,2,3245.4,53831339.50000001
2025-08-01 02:30:19 PM,1622.7,9,14604.300000000001,53845943.800000004
2025-08-01 02:30:51 PM,1622.7,1,1622.7,53847566.50000001
2025-08-01 02:32:38 PM,1623.3,0,0.0,53847566.50000001
2025-08-01 02:32:38 PM,1623.3,3,4869.9,53852436.400000006
2025-08-01 02:33:14 PM,1622.1,30,48663.0,53901099.400000006
2025-08-01 02:33:38 PM,1621.1,0,0.0,53901099.400000006
2025-08-01 02:33:38 PM,1621.1,325,526857.5,54427956.900000006
2025-08-01 02:33:40 PM,1622.5,42,68145.0,54496101.900000006
2025-08-01 02:35:15 PM,1622.0,0,0.0,54496101.900000006
2025-08-01 02:35:17 PM,1622.0,375,608250.0,55104351.900000006
2025-08-01 02:36:28 PM,1622.4,0,0.0,55104351.900000006
2025-08-01 02:36:28 PM,1622.4,1,1622.4,55105974.300000004
2025-08-01 02:37:04 PM,1623.4,0,0.0,55105974.300000004
2025-08-01 02:37:05 PM,1623.4,1,1623.4,55107597.7
2025-08-01 02:38:05 PM,1621.5,15,24322.5,55131920.2
2025-08-01 02:38:36 PM,1622.3,0,0.0,55131920.2
2025-08-01 02:38:39 PM,1622.3,2,3244.6,55135164.800000004
2025-08-01 02:39:08 PM,1622.3,25,40557.5,55175722.300000004
2025-08-01 02:39:25 PM,1622.4,0,0.0,55175722.300000004
2025-08-01 02:39:25 PM,1622.4,3,4867.200000000001,55180589.50000001
2025-08-01 02:42:15 PM,1620.4,82,132872.80000000002,55313462.300000004
2025-08-01 02:42:25 PM,1620.0,299,484380.0,55797842.300000004
2025-08-01 02:42:30 PM,1620.8,0,0.0,55797842.300000004
2025-08-01 02:42:30 PM,1620.8,420,680736.0,56478578.300000004
2025-08-01 02:42:35 PM,1621.6,1,1621.6,56480199.900000006
2025-08-01 02:42:39 PM,1620.0,0,0.0,56480199.900000006
2025-08-01 02:42:40 PM,1620.1,0,0.0,56480199.900000006
2025-08-01 02:42:41 PM,1620.1,956,1548815.5999999999,58029015.50000001
2025-08-01 02:42:51 PM,1621.4,148,239967.2,58268982.70000001
2025-08-01 02:42:54 PM,1620.1,0,0.0,58268982.70000001
2025-08-01 02:42:56 PM,1620.1,11,17821.1,58286803.80000001
2025-08-01 02:43:39 PM,1620.0,0,0.0,58286803.80000001
2025-08-01 02:43:40 PM,1620.0,14,22680.0,58309483.80000001
2025-08-01 02:44:41 PM,1621.9,0,0.0,58309483.80000001
2025-08-01 02:44:41 PM,1621.9,363,588749.7000000001,58898233.500000015
2025-08-01 02:44:58 PM,1618.4,14,22657.600000000002,58920891.10000002
2025-08-01 02:45:56 PM,1618.3,0,0.0,58920891.10000002
2025-08-01 02:45:59 PM,1618.3,418,676449.4,59597340.500000015
2025-08-01 02:46:17 PM,1616.9,1,1616.9,59598957.40000001
2025-08-01 02:46:28 PM,1617.4,0,0.0,59598957.40000001
2025-08-01 02:46:28 PM,1617.4,7,11321.800000000001,59610279.20000001
2025-08-01 02:46:37 PM,1616.1,0,0.0,59610279.20000001
2025-08-01 02:46:39 PM,1616.1,1,1616.1,59611895.30000001
2025-08-01 02:46:43 PM,1617.5,0,0.0,59611895.30000001
2025-08-01 02:46:44 PM,1617.5,25,40437.5,59652332.80000001
2025-08-01 02:46:58 PM,1618.1,0,0.0,59652332.80000001
2025-08-01 02:47:01 PM,1618.1,6,9708.599999999999,59662041.40000001
2025-08-01 02:47:10 PM,1618.2,0,0.0,59662041.40000001
2025-08-01 02:47:13 PM,1618.1,163,263750.3,59925791.70000001
2025-08-01 02:47:18 PM,1618.1,3,4854.299999999999,59930646.00000001
2025-08-01 02:47:28 PM,1618.6,0,0.0,59930646.00000001
2025-08-01 02:47:29 PM,1618.6,139,224985.4,60155631.400000006
2025-08-01 02:47:31 PM,1618.9,0,0.0,60155631.400000006
2025-08-01 02:47:35 PM,1618.9,10,16189.0,60171820.400000006
2025-08-01 02:47:37 PM,1615.1,0,0.0,60171820.400000006
2025-08-01 02:47:39 PM,1618.6,0,0.0,60171820.400000006
2025-08-01 02:47:41 PM,1618.6,286,462919.6,60634740.00000001
2025-08-01 02:47:48 PM,1616.8,0,0.0,60634740.00000001
2025-08-01 02:47:51 PM,1618.7,0,0.0,60634740.00000001
2025-08-01 02:47:52 PM,1618.7,190,307553.0,60942293.00000001
2025-08-01 02:47:59 PM,1618.6,34,55032.399999999994,60997325.400000006
2025-08-01 02:48:04 PM,1618.6,175,283255.0,61280580.400000006
2025-08-01 02:48:04 PM,1618.6,15,24279.0,61304859.400000006
2025-08-01 02:48:09 PM,1619.1,0,0.0,61304859.400000006
2025-08-01 02:48:10 PM,1619.1,394,637925.3999999999,61942784.800000004
2025-08-01 02:48:18 PM,1618.9,0,0.0,61942784.800000004
2025-08-01 02:48:21 PM,1618.9,7,11332.300000000001,61954117.1
2025-08-01 02:48:24 PM,1619.9,0,0.0,61954117.1
2025-08-01 02:48:27 PM,1619.9,86,139311.4,62093428.5
2025-08-01 02:49:03 PM,1619.8,0,0.0,62093428.5
2025-08-01 02:49:05 PM,1620.1,476,771167.6,62864596.1
2025-08-01 02:49:52 PM,1619.4,0,0.0,62864596.1
2025-08-01 02:49:53 PM,1619.6,0,0.0,62864596.1
2025-08-01 02:49:55 PM,1619.6,54,87458.4,62952054.5
2025-08-01 02:49:59 PM,1620.0,0,0.0,62952054.5
2025-08-01 02:50:01 PM,1620.0,130,210600.0,63162654.5
2025-08-01 02:50:07 PM,1618.3,15,24274.5,63186929.0
2025-08-01 02:50:23 PM,1620.0,255,413100.0,63600029.0
2025-08-01 02:50:27 PM,1619.6,0,0.0,63600029.0
2025-08-01 02:50:28 PM,1619.6,2,3239.2,63603268.2
2025-08-01 02:50:30 PM,1621.0,0,0.0,63603268.2
2025-08-01 02:50:34 PM,1621.0,2,3242.0,63606510.2
2025-08-01 02:50:39 PM,1621.0,100,162100.0,63768610.2
2025-08-01 02:50:45 PM,1620.4,200,324080.0,64092690.2
2025-08-01 02:50:49 PM,1620.2,0,0.0,64092690.2
2025-08-01 02:50:50 PM,1620.2,957,1550531.4000000001,65643221.6
2025-08-01 02:50:50 PM,1620.1,27,43742.7,65686964.300000004
2025-08-01 02:50:55 PM,1619.4,731,1183781.4000000001,66870745.7
2025-08-01 02:50:55 PM,1619.4,351,568409.4,67439155.10000001
2025-08-01 02:51:24 PM,1616.9,0,0.0,67439155.10000001
2025-08-01 02:51:26 PM,1616.0,0,0.0,67439155.10000001
2025-08-01 02:51:28 PM,1616.0,2109,3408144.0,70847299.10000001
2025-08-01 02:51:28 PM,1616.3,235,379830.5,71227129.60000001
2025-08-01 02:51:39 PM,1615.6,61,98551.59999999999,71325681.2
2025-08-01 02:51:47 PM,1616.4,0,0.0,71325681.2
2025-08-01 02:51:49 PM,1616.4,6,9698.400000000001,71335379.60000001
2025-08-01 02:51:57 PM,1616.5,0,0.0,71335379.60000001
2025-08-01 02:52:00 PM,1616.5,29,46878.5,71382258.10000001
2025-08-01 02:52:01 PM,1616.7,6,9700.2,71391958.30000001
2025-08-01 02:52:07 PM,1615.6,0,0.0,71391958.30000001
2025-08-01 02:52:07 PM,1615.6,9,14540.4,71406498.70000002
2025-08-01 02:52:21 PM,1618.6,0,0.0,71406498.70000002
2025-08-01 02:52:21 PM,1618.6,354,572984.4,71979483.10000002
2025-08-01 02:52:25 PM,1619.4,2,3238.8,71982721.90000002
2025-08-01 02:52:32 PM,1619.4,23,37246.200000000004,72019968.10000002
2025-08-01 02:52:58 PM,1619.4,5,8097.0,72028065.10000002
2025-08-01 02:54:00 PM,1619.4,18,29149.2,72057214.30000003
2025-08-01 02:57:04 PM,1619.3,2,3238.6,72060452.90000002
2025-08-01 02:57:18 PM,1618.6,0,0.0,72060452.90000002
2025-08-01 02:57:21 PM,1618.6,5,8093.0,72068545.90000002
2025-08-01 02:57:48 PM,1617.9,5,8089.5,72076635.40000002
2025-08-01 02:58:17 PM,1617.9,1,1617.9,72078253.30000003
2025-08-01 03:00:16 PM,1617.0,5,8085.0,72086338.30000003
2025-08-01 03:01:22 PM,1616.0,0,0.0,72086338.30000003
2025-08-01 03:01:22 PM,1616.0,27,43632.0,72129970.30000003
2025-08-01 03:01:30 PM,1615.9,0,0.0,72129970.30000003
2025-08-01 03:01:31 PM,1615.9,2,3231.8,72133202.10000002
2025-08-01 03:01:55 PM,1615.9,4,6463.6,72139665.70000002
2025-08-01 03:02:20 PM,1615.6,6,9693.599999999999,72149359.30000001
2025-08-01 03:02:23 PM,1615.6,5,8078.0,72157437.30000001
2025-08-01 03:02:35 PM,1616.0,58,93728.0,72251165.30000001
2025-08-01 03:03:36 PM,1617.0,0,0.0,72251165.30000001
2025-08-01 03:03:36 PM,1617.0,11,17787.0,72268952.30000001
2025-08-01 03:04:03 PM,1617.0,42,67914.0,72336866.30000001
2025-08-01 03:04:08 PM,1616.9,0,0.0,72336866.30000001
2025-08-01 03:04:10 PM,1616.9,35,56591.5,72393457.80000001
2025-08-01 03:05:10 PM,1615.0,0,0.0,72393457.80000001
2025-08-01 03:05:12 PM,1615.0,254,410210.0,72803667.80000001
2025-08-01 03:05:43 PM,1614.2,4,6456.8,72810124.60000001
2025-08-01 03:06:11 PM,1613.1,12,19357.199999999997,72829481.80000001
2025-08-01 03:06:35 PM,1613.2,92,148414.4,72977896.20000002
2025-08-01 03:07:31 PM,1613.5,45,72607.5,73050503.70000002
2025-08-01 03:08:08 PM,1613.5,6,9681.0,73060184.70000002
2025-08-01 03:08:14 PM,1613.5,4,6454.0,73066638.70000002
2025-08-01 03:08:25 PM,1613.5,8,12908.0,73079546.70000002
2025-08-01 03:08:31 PM,1613.5,120,193620.0,73273166.70000002
2025-08-01 03:08:37 PM,1613.5,5,8067.5,73281234.20000002
2025-08-01 03:08:45 PM,1613.5,4,6454.0,73287688.20000002
2025-08-01 03:08:58 PM,1613.5,64,103264.0,73390952.20000002
2025-08-01 03:09:02 PM,1613.4,19,30654.600000000002,73421606.80000001
2025-08-01 03:09:04 PM,1613.4,49,79056.6,73500663.4
2025-08-01 03:09:09 PM,1613.4,5,8067.0,73508730.4
2025-08-01 03:09:11 PM,1613.5,2,3227.0,73511957.4
2025-08-01 03:09:15 PM,1613.0,43,69359.0,73581316.4
2025-08-01 03:09:29 PM,1613.0,41,66133.0,73647449.4
2025-08-01 03:09:47 PM,1612.3,2,3224.6,73650674.0
2025-08-01 03:09:54 PM,1612.3,2,3224.6,73653898.6
2025-08-01 03:09:57 PM,1612.3,2,3224.6,73657123.19999999
2025-08-01 03:10:01 PM,1612.3,7,11286.1,73668409.29999998
2025-08-01 03:10:09 PM,1612.2,0,0.0,73668409.29999998
2025-08-01 03:10:09 PM,1612.2,2,3224.4,73671633.69999999
2025-08-01 03:10:12 PM,1612.2,1,1612.2,73673245.89999999
2025-08-01 03:10:16 PM,1612.2,1,1612.2,73674858.1
2025-08-01 03:10:19 PM,1612.2,1,1612.2,73676470.3
2025-08-01 03:10:23 PM,1612.2,1,1612.2,73678082.5
2025-08-01 03:10:25 PM,1612.2,19,30631.8,73708714.3
2025-08-01 03:10:30 PM,1612.2,3,4836.6,73713550.89999999
2025-08-01 03:10:32 PM,1612.2,1,1612.2,73715163.1
2025-08-01 03:10:36 PM,1612.2,9,14509.800000000001,73729672.89999999
2025-08-01 03:10:38 PM,1612.2,9,14509.800000000001,73744182.69999999
2025-08-01 03:10:43 PM,1612.2,1,1612.2,73745794.89999999
2025-08-01 03:10:53 PM,1611.0,0,0.0,73745794.89999999
2025-08-01 03:10:55 PM,1612.0,76,122512.0,73868306.89999999
2025-08-01 03:11:17 PM,1611.1,1,1611.1,73869917.99999999
2025-08-01 03:12:45 PM,1612.0,4,6448.0,73876365.99999999
2025-08-01 03:13:01 PM,1612.0,1,1612.0,73877977.99999999
2025-08-01 03:13:08 PM,1612.0,2,3224.0,73881201.99999999
2025-08-01 03:13:30 PM,1611.1,0,0.0,73881201.99999999
2025-08-01 03:13:33 PM,1611.1,10,16111.0,73897312.99999999
2025-08-01 03:13:56 PM,1611.1,1,1611.1,73898924.09999998
2025-08-01 03:14:09 PM,1610.9,2,3221.8,73902145.89999998
2025-08-01 03:14:12 PM,1611.8,9,14506.199999999999,73916652.09999998
2025-08-01 03:15:05 PM,1611.7,1,1611.7,73918263.79999998
2025-08-01 03:15:07 PM,1610.6,0,0.0,73918263.79999998
2025-08-01 03:15:07 PM,1610.6,1,1610.6,73919874.39999998
2025-08-01 03:15:09 PM,1610.3,0,0.0,73919874.39999998
2025-08-01 03:15:12 PM,1610.3,45,72463.5,73992337.89999998
2025-08-01 03:15:52 PM,1611.1,7,11277.699999999999,74003615.59999998
2025-08-01 03:15:55 PM,1611.0,0,0.0,74003615.59999998
2025-08-01 03:15:56 PM,1611.0,106,170766.0,74174381.59999998
2025-08-01 03:16:00 PM,1610.5,0,0.0,74174381.59999998
2025-08-01 03:16:03 PM,1610.5,5,8052.5,74182434.09999998
2025-08-01 03:16:05 PM,1610.3,0,0.0,74182434.09999998
2025-08-01 03:16:05 PM,1610.3,6,9661.8,74192095.89999998
2025-08-01 03:16:10 PM,1610.0,0,0.0,74192095.89999998
2025-08-01 03:16:10 PM,1610.0,32,51520.0,74243615.89999998
2025-08-01 03:16:17 PM,1609.0,94,151246.0,74394861.89999998
2025-08-01 03:16:21 PM,1607.9,0,0.0,74394861.89999998
2025-08-01 03:16:24 PM,1609.2,267,429656.4,74824518.29999998
2025-08-01 03:16:26 PM,1606.7,109,175130.30000000002,74999648.59999998
2025-08-01 03:16:26 PM,1608.6,0,0.0,74999648.59999998
2025-08-01 03:16:31 PM,1609.3,0,0.0,74999648.59999998
2025-08-01 03:16:31 PM,1609.3,48,77246.4,75076894.99999999
2025-08-01 03:16:33 PM,1609.5,102,164169.0,75241063.99999999
2025-08-01 03:16:36 PM,1609.6,0,0.0,75241063.99999999
2025-08-01 03:16:38 PM,1609.6,111,178665.59999999998,75419729.59999998
2025-08-01 03:16:45 PM,1610.0,35,56350.0,75476079.59999998
2025-08-01 03:16:51 PM,1608.4,0,0.0,75476079.59999998
2025-08-01 03:16:51 PM,1608.4,162,260560.80000000002,75736640.39999998
2025-08-01 03:16:53 PM,1610.2,108,173901.6,75910541.99999997
2025-08-01 03:16:58 PM,1611.0,1,1611.0,75912152.99999997
2025-08-01 03:17:06 PM,1610.9,12,19330.800000000003,75931483.79999997
2025-08-01 03:17:11 PM,1610.1,0,0.0,75931483.79999997
2025-08-01 03:17:12 PM,1610.1,239,384813.89999999997,76316297.69999997
2025-08-01 03:17:25 PM,1610.1,112,180331.19999999998,76496628.89999998
2025-08-01 03:17:38 PM,1610.0,190,305900.0,76802528.89999998
2025-08-01 03:17:49 PM,1611.1,0,0.0,76802528.89999998
2025-08-01 03:17:51 PM,1610.0,115,185150.0,76987678.89999998
2025-08-01 03:18:06 PM,1610.0,266,428260.0,77415938.89999998
2025-08-01 03:18:11 PM,1610.0,136,218960.0,77634898.89999998
2025-08-01 03:18:21 PM,1608.5,0,0.0,77634898.89999998
2025-08-01 03:18:24 PM,1608.5,112,180152.0,77815050.89999998
2025-08-01 03:18:31 PM,1607.1,112,179995.19999999998,77995046.09999998
2025-08-01 03:18:37 PM,1607.1,223,358383.3,78353429.39999998
2025-08-01 03:18:39 PM,1607.2,88,141433.6,78494862.99999997
2025-08-01 03:18:43 PM,1607.2,23,36965.6,78531828.59999996
2025-08-01 03:18:46 PM,1607.4,0,0.0,78531828.59999996
2025-08-01 03:18:50 PM,1607.4,206,331124.4,78862952.99999997
2025-08-01 03:18:55 PM,1605.5,0,0.0,78862952.99999997
2025-08-01 03:18:56 PM,1605.5,60,96330.0,78959282.99999997
2025-08-01 03:19:03 PM,1608.1,106,170458.59999999998,79129741.59999996
2025-08-01 03:19:09 PM,1605.6,0,0.0,79129741.59999996
2025-08-01 03:19:10 PM,1605.6,112,179827.19999999998,79309568.79999997
2025-08-01 03:19:23 PM,1605.8,0,0.0,79309568.79999997
2025-08-01 03:19:23 PM,1605.8,111,178243.8,79487812.59999996
2025-08-01 03:19:36 PM,1606.1,112,179883.19999999998,79667695.79999997
2025-08-01 03:19:42 PM,1606.1,123,197550.3,79865246.09999996
2025-08-01 03:19:51 PM,1606.1,76,122063.59999999999,79987309.69999996
2025-08-01 03:19:53 PM,1605.2,0,0.0,79987309.69999996
2025-08-01 03:19:55 PM,1605.2,35,56182.0,80043491.69999996
2025-08-01 03:19:58 PM,1606.9,5,8034.5,80051526.19999996
2025-08-01 03:20:09 PM,1605.3,0,0.0,80051526.19999996
2025-08-01 03:20:10 PM,1605.3,114,183004.19999999998,80234530.39999996
2025-08-01 03:20:14 PM,1607.1,0,0.0,80234530.39999996
2025-08-01 03:20:17 PM,1607.1,10,16071.0,80250601.39999996
2025-08-01 03:20:21 PM,1606.1,0,0.0,80250601.39999996
2025-08-01 03:20:24 PM,1606.1,111,178277.09999999998,80428878.49999996
2025-08-01 03:20:38 PM,1606.1,114,183095.4,80611973.89999996
2025-08-01 03:20:41 PM,1607.1,8,12856.8,80624830.69999996
2025-08-01 03:20:45 PM,1607.1,5,8035.5,80632866.19999996
2025-08-01 03:20:52 PM,1607.1,27,43391.7,80676257.89999996
2025-08-01 03:20:57 PM,1606.1,0,0.0,80676257.89999996
2025-08-01 03:20:58 PM,1606.1,84,134912.4,80811170.29999997
2025-08-01 03:21:05 PM,1610.3,405,652171.5,81463341.79999997
2025-08-01 03:21:06 PM,1607.4,0,0.0,81463341.79999997
2025-08-01 03:21:08 PM,1607.4,5,8037.0,81471378.79999997
2025-08-01 03:21:22 PM,1611.4,0,0.0,81471378.79999997
2025-08-01 03:21:22 PM,1611.4,387,623611.8,82094990.59999996
2025-08-01 03:21:35 PM,1607.8,9,14470.199999999999,82109460.79999997
2025-08-01 03:21:40 PM,1606.3,0,0.0,82109460.79999997
2025-08-01 03:21:40 PM,1606.3,103,165448.9,82274909.69999997
2025-08-01 03:21:52 PM,1606.4,0,0.0,82274909.69999997
2025-08-01 03:21:54 PM,1606.4,111,178310.40000000002,82453220.09999998
2025-08-01 03:22:07 PM,1606.5,111,178321.5,82631541.59999998
2025-08-01 03:22:21 PM,1607.1,112,179995.19999999998,82811536.79999998
2025-08-01 03:22:36 PM,1607.3,111,178410.3,82989947.09999998
2025-08-01 03:22:54 PM,1607.3,112,180017.6,83169964.69999997
2025-08-01 03:23:07 PM,1607.3,111,178410.3,83348374.99999997
2025-08-01 03:23:21 PM,1607.3,76,122154.8,83470529.79999997
2025-08-01 03:23:25 PM,1607.1,0,0.0,83470529.79999997
2025-08-01 03:23:27 PM,1607.1,36,57855.6,83528385.39999996
2025-08-01 03:23:36 PM,1607.2,111,178399.2,83706784.59999996
2025-08-01 03:23:41 PM,1607.2,1,1607.2,83708391.79999997
2025-08-01 03:23:53 PM,1607.2,112,180006.4,83888398.19999997
2025-08-01 03:24:00 PM,1608.8,5,8044.0,83896442.19999997
2025-08-01 03:24:04 PM,1607.2,0,0.0,83896442.19999997
2025-08-01 03:24:07 PM,1607.2,115,184828.0,84081270.19999997
2025-08-01 03:24:21 PM,1607.2,80,128576.0,84209846.19999997
2025-08-01 03:24:25 PM,1607.1,0,0.0,84209846.19999997
2025-08-01 03:24:27 PM,1607.2,0,0.0,84209846.19999997
2025-08-01 03:24:27 PM,1607.2,80,128576.0,84338422.19999997
2025-08-01 03:24:36 PM,1607.2,111,178399.2,84516821.39999998
2025-08-01 03:24:47 PM,1608.8,1,1608.8,84518430.19999997
2025-08-01 03:24:54 PM,1608.8,143,230058.4,84748488.59999998
2025-08-01 03:25:07 PM,1607.7,28,45015.6,84793504.19999997
2025-08-01 03:25:08 PM,1607.7,84,135046.80000000002,84928550.99999997
2025-08-01 03:25:20 PM,1608.2,6,9649.2,84938200.19999997
2025-08-01 03:25:24 PM,1608.0,0,0.0,84938200.19999997
2025-08-01 03:25:27 PM,1610.4,114,183585.6,85121785.79999997
2025-08-01 03:25:33 PM,1610.4,5,8052.0,85129837.79999997
2025-08-01 03:25:37 PM,1608.7,0,0.0,85129837.79999997
2025-08-01 03:25:40 PM,1608.7,1,1608.7,85131446.49999997
2025-08-01 03:25:44 PM,1608.3,0,0.0,85131446.49999997
2025-08-01 03:25:46 PM,1608.3,111,178521.3,85309967.79999997
2025-08-01 03:25:52 PM,1608.4,42,67552.8,85377520.59999996
2025-08-01 03:25:57 PM,1608.3,0,0.0,85377520.59999996
2025-08-01 03:25:59 PM,1608.3,69,110972.7,85488493.29999997
2025-08-01 03:26:06 PM,1608.6,112,180163.19999999998,85668656.49999997
2025-08-01 03:26:21 PM,1608.6,101,162468.59999999998,85831125.09999996
2025-08-01 03:26:26 PM,1608.6,100,160860.0,85991985.09999996
2025-08-01 03:26:33 PM,1608.3,6,9649.8,86001634.89999996
2025-08-01 03:26:39 PM,1608.3,112,180129.6,86181764.49999996
2025-08-01 03:26:52 PM,1608.3,111,178521.3,86360285.79999995
2025-08-01 03:26:58 PM,1608.6,0,0.0,86360285.79999995
2025-08-01 03:26:59 PM,1608.6,1,1608.6,86361894.39999995
2025-08-01 03:27:06 PM,1608.6,112,180163.19999999998,86542057.59999995
2025-08-01 03:27:22 PM,1608.6,79,127079.4,86669136.99999996
2025-08-01 03:27:25 PM,1608.3,0,0.0,86669136.99999996
2025-08-01 03:27:27 PM,1608.3,32,51465.6,86720602.59999995
2025-08-01 03:27:42 PM,1608.3,112,180129.6,86900732.19999994
2025-08-01 03:27:50 PM,1608.4,66,106154.40000000001,87006886.59999995
2025-08-01 03:28:02 PM,1608.4,102,164056.80000000002,87170943.39999995
2025-08-01 03:28:09 PM,1608.4,24,38601.600000000006,87209544.99999994
2025-08-01 03:28:18 PM,1608.4,15,24126.0,87233670.99999994
2025-08-01 03:28:22 PM,1608.4,34,54685.600000000006,87288356.59999993
2025-08-01 03:28:29 PM,1609.9,0,0.0,87288356.59999993
2025-08-01 03:28:30 PM,1609.9,23,37027.700000000004,87325384.29999994
2025-08-01 03:28:36 PM,1608.5,0,0.0,87325384.29999994
2025-08-01 03:28:37 PM,1608.5,48,77208.0,87402592.29999994
2025-08-01 03:28:39 PM,1610.0,15,24150.0,87426742.29999994
2025-08-01 03:29:06 PM,1608.8,3,4826.4,87431568.69999994
2025-08-01 03:29:28 PM,1610.0,98,157780.0,87589348.69999994
2025-08-01 03:29:36 PM,1610.0,65,104650.0,87693998.69999994
2025-08-01 03:29:38 PM,1610.0,6,9660.0,87703658.69999994
2025-08-01 03:29:50 PM,1612.9,34,54838.600000000006,87758497.29999994
2025-08-01 03:29:52 PM,1612.9,1,1612.9,87760110.19999994
2025-08-01 03:29:55 PM,1613.0,0,0.0,87760110.19999994
2025-08-01 03:29:57 PM,1613.0,111,179043.0,87939153.19999994
