date,price,qty,trnvr,cum_trnvr
2025-08-01 09:15:04 AM,6660.0,200,1332000.0,1332000.0
2025-08-01 09:15:04 AM,6655.0,0,0.0,1332000.0
2025-08-01 09:15:06 AM,6655.0,40,266200.0,1598200.0
2025-08-01 09:15:13 AM,6649.5,0,0.0,1598200.0
2025-08-01 09:15:14 AM,6634.0,0,0.0,1598200.0
2025-08-01 09:15:16 AM,6634.0,130,862420.0,2460620.0
2025-08-01 09:15:18 AM,6654.5,44,292798.0,2753418.0
2025-08-01 09:15:22 AM,6652.0,0,0.0,2753418.0
2025-08-01 09:15:26 AM,6652.0,451,3000052.0,5753470.0
2025-08-01 09:15:27 AM,6634.0,13,86242.0,5839712.0
2025-08-01 09:15:33 AM,6627.0,0,0.0,5839712.0
2025-08-01 09:15:34 AM,6627.0,6,39762.0,5879474.0
2025-08-01 09:15:42 AM,6612.5,0,0.0,5879474.0
2025-08-01 09:15:43 AM,6612.5,17,112412.5,5991886.5
2025-08-01 09:15:44 AM,6612.5,9,59512.5,6051399.0
2025-08-01 09:15:49 AM,6590.0,0,0.0,6051399.0
2025-08-01 09:15:51 AM,6590.0,123,810570.0,6861969.0
2025-08-01 09:15:53 AM,6614.5,261,1726384.5,8588353.5
2025-08-01 09:15:57 AM,6610.0,0,0.0,8588353.5
2025-08-01 09:15:59 AM,6610.0,206,1361660.0,9950013.5
2025-08-01 09:16:01 AM,6595.5,5,32977.5,9982991.0
2025-08-01 09:16:04 AM,6590.0,0,0.0,9982991.0
2025-08-01 09:16:07 AM,6592.5,36,237330.0,10220321.0
2025-08-01 09:16:11 AM,6598.0,0,0.0,10220321.0
2025-08-01 09:16:15 AM,6598.5,95,626857.5,10847178.5
2025-08-01 09:16:21 AM,6588.5,0,0.0,10847178.5
2025-08-01 09:16:24 AM,6588.5,1,6588.5,10853767.0
2025-08-01 09:16:29 AM,6572.5,0,0.0,10853767.0
2025-08-01 09:16:32 AM,6564.0,250,1641000.0,12494767.0
2025-08-01 09:16:33 AM,6558.0,12,78696.0,12573463.0
2025-08-01 09:16:39 AM,6565.0,0,0.0,12573463.0
2025-08-01 09:16:40 AM,6565.0,1,6565.0,12580028.0
2025-08-01 09:16:42 AM,6561.5,1,6561.5,12586589.5
2025-08-01 09:16:48 AM,6570.0,51,335070.0,12921659.5
2025-08-01 09:16:57 AM,6571.5,211,1386586.5,14308246.0
2025-08-01 09:17:05 AM,6578.5,8,52628.0,14360874.0
2025-08-01 09:17:13 AM,6584.5,5,32922.5,14393796.5
2025-08-01 09:17:14 AM,6599.0,100,659900.0,15053696.5
2025-08-01 09:17:25 AM,6587.0,0,0.0,15053696.5
2025-08-01 09:17:26 AM,6592.0,0,0.0,15053696.5
2025-08-01 09:17:29 AM,6584.5,213,1402498.5,16456195.0
2025-08-01 09:17:38 AM,6580.0,2,13160.0,16469355.0
2025-08-01 09:17:39 AM,6577.0,16,105232.0,16574587.0
2025-08-01 09:17:46 AM,6576.5,23,151259.5,16725846.5
2025-08-01 09:17:50 AM,6576.0,0,0.0,16725846.5
2025-08-01 09:17:54 AM,6575.5,6,39453.0,16765299.5
2025-08-01 09:17:58 AM,6563.5,0,0.0,16765299.5
2025-08-01 09:18:01 AM,6559.5,0,0.0,16765299.5
2025-08-01 09:18:03 AM,6570.0,153,1005210.0,17770509.5
2025-08-01 09:18:06 AM,6568.0,0,0.0,17770509.5
2025-08-01 09:18:08 AM,6570.0,0,0.0,17770509.5
2025-08-01 09:18:11 AM,6570.0,33,216810.0,17987319.5
2025-08-01 09:18:16 AM,6580.0,0,0.0,17987319.5
2025-08-01 09:18:19 AM,6580.0,10,65800.0,18053119.5
2025-08-01 09:18:23 AM,6583.5,0,0.0,18053119.5
2025-08-01 09:18:28 AM,6583.5,28,184338.0,18237457.5
2025-08-01 09:18:29 AM,6570.5,152,998716.0,19236173.5
2025-08-01 09:18:36 AM,6574.5,1,6574.5,19242748.0
2025-08-01 09:18:38 AM,6575.0,0,0.0,19242748.0
2025-08-01 09:18:40 AM,6580.5,0,0.0,19242748.0
2025-08-01 09:18:44 AM,6574.0,18,118332.0,19361080.0
2025-08-01 09:18:46 AM,6575.0,0,0.0,19361080.0
2025-08-01 09:18:48 AM,6580.5,0,0.0,19361080.0
2025-08-01 09:18:52 AM,6591.0,52,342732.0,19703812.0
2025-08-01 09:19:00 AM,6586.5,24,158076.0,19861888.0
2025-08-01 09:19:05 AM,6583.5,0,0.0,19861888.0
2025-08-01 09:19:08 AM,6585.0,8,52680.0,19914568.0
2025-08-01 09:19:10 AM,6590.5,0,0.0,19914568.0
2025-08-01 09:19:16 AM,6587.0,25,164675.0,20079243.0
2025-08-01 09:19:18 AM,6586.5,0,0.0,20079243.0
2025-08-01 09:19:20 AM,6599.0,0,0.0,20079243.0
2025-08-01 09:19:25 AM,6599.0,225,1484775.0,21564018.0
2025-08-01 09:19:25 AM,6604.5,0,0.0,21564018.0
2025-08-01 09:19:26 AM,6604.5,1,6604.5,21570622.5
2025-08-01 09:19:27 AM,6586.0,0,0.0,21570622.5
2025-08-01 09:19:32 AM,6591.0,0,0.0,21570622.5
2025-08-01 09:19:32 AM,6591.0,443,2919813.0,24490435.5
2025-08-01 09:19:34 AM,6586.5,85,559852.5,25050288.0
2025-08-01 09:19:35 AM,6583.5,0,0.0,25050288.0
2025-08-01 09:19:41 AM,6583.5,3,19750.5,25070038.5
2025-08-01 09:19:42 AM,6579.0,4,26316.0,25096354.5
2025-08-01 09:19:43 AM,6584.5,0,0.0,25096354.5
2025-08-01 09:19:48 AM,6583.0,0,0.0,25096354.5
2025-08-01 09:19:49 AM,6580.0,46,302680.0,25399034.5
2025-08-01 09:19:50 AM,6574.5,0,0.0,25399034.5
2025-08-01 09:19:50 AM,6574.5,4,26298.0,25425332.5
2025-08-01 09:19:56 AM,6579.0,0,0.0,25425332.5
2025-08-01 09:19:57 AM,6579.0,28,184212.0,25609544.5
2025-08-01 09:19:58 AM,6579.0,1,6579.0,25616123.5
2025-08-01 09:20:04 AM,6576.5,0,0.0,25616123.5
2025-08-01 09:20:04 AM,6576.5,64,420896.0,26037019.5
2025-08-01 09:20:06 AM,6566.5,75,492487.5,26529507.0
2025-08-01 09:20:11 AM,6570.5,0,0.0,26529507.0
2025-08-01 09:20:12 AM,6575.0,0,0.0,26529507.0
2025-08-01 09:20:13 AM,6575.0,24,157800.0,26687307.0
2025-08-01 09:20:14 AM,6570.5,4,26282.0,26713589.0
2025-08-01 09:20:18 AM,6569.0,0,0.0,26713589.0
2025-08-01 09:20:20 AM,6569.0,1,6569.0,26720158.0
2025-08-01 09:20:32 AM,6567.0,0,0.0,26720158.0
2025-08-01 09:20:36 AM,6564.0,57,374148.0,27094306.0
2025-08-01 09:20:38 AM,6568.0,1,6568.0,27100874.0
2025-08-01 09:20:42 AM,6569.0,0,0.0,27100874.0
2025-08-01 09:20:44 AM,6569.0,22,144518.0,27245392.0
2025-08-01 09:20:45 AM,6573.5,0,0.0,27245392.0
2025-08-01 09:20:45 AM,6573.5,115,755952.5,28001344.5
2025-08-01 09:20:49 AM,6571.5,0,0.0,28001344.5
2025-08-01 09:20:52 AM,6574.5,46,302427.0,28303771.5
2025-08-01 09:20:53 AM,6571.5,1,6571.5,28310343.0
2025-08-01 09:20:57 AM,6570.5,0,0.0,28310343.0
2025-08-01 09:20:59 AM,6570.5,1,6570.5,28316913.5
2025-08-01 09:21:01 AM,6575.0,1,6575.0,28323488.5
2025-08-01 09:21:04 AM,6572.5,0,0.0,28323488.5
2025-08-01 09:21:07 AM,6572.5,1,6572.5,28330061.0
2025-08-01 09:21:19 AM,6575.0,0,0.0,28330061.0
2025-08-01 09:21:23 AM,6572.5,7,46007.5,28376068.5
2025-08-01 09:21:37 AM,6577.5,0,0.0,28376068.5
2025-08-01 09:21:39 AM,6577.0,13,85501.0,28461569.5
2025-08-01 09:21:40 AM,6572.0,0,0.0,28461569.5
2025-08-01 09:21:43 AM,6573.5,0,0.0,28461569.5
2025-08-01 09:21:46 AM,6573.5,102,670497.0,29132066.5
2025-08-01 09:21:46 AM,6568.0,0,0.0,29132066.5
2025-08-01 09:21:47 AM,6568.0,2,13136.0,29145202.5
2025-08-01 09:21:52 AM,6573.5,0,0.0,29145202.5
2025-08-01 09:21:54 AM,6573.0,5,32865.0,29178067.5
2025-08-01 09:21:57 AM,6566.0,0,0.0,29178067.5
2025-08-01 09:22:01 AM,6566.0,1,6566.0,29184633.5
2025-08-01 09:22:04 AM,6565.5,0,0.0,29184633.5
2025-08-01 09:22:07 AM,6570.5,0,0.0,29184633.5
2025-08-01 09:22:09 AM,6570.5,3,19711.5,29204345.0
2025-08-01 09:22:11 AM,6568.0,0,0.0,29204345.0
2025-08-01 09:22:17 AM,6568.0,3,19704.0,29224049.0
2025-08-01 09:22:21 AM,6570.5,0,0.0,29224049.0
2025-08-01 09:22:24 AM,6570.5,1,6570.5,29230619.5
2025-08-01 09:22:26 AM,6570.5,2,13141.0,29243760.5
2025-08-01 09:22:32 AM,6568.0,0,0.0,29243760.5
2025-08-01 09:22:33 AM,6568.0,15,98520.0,29342280.5
2025-08-01 09:22:39 AM,6564.0,12,78768.0,29421048.5
2025-08-01 09:22:41 AM,6571.0,30,197130.0,29618178.5
2025-08-01 09:22:46 AM,6570.0,0,0.0,29618178.5
2025-08-01 09:22:47 AM,6570.0,8,52560.0,29670738.5
2025-08-01 09:22:49 AM,6564.0,1,6564.0,29677302.5
2025-08-01 09:22:55 AM,6566.5,1,6566.5,29683869.0
2025-08-01 09:23:01 AM,6562.0,0,0.0,29683869.0
2025-08-01 09:23:02 AM,6562.0,3,19686.0,29703555.0
2025-08-01 09:23:04 AM,6568.0,5,32840.0,29736395.0
2025-08-01 09:23:26 AM,6562.0,0,0.0,29736395.0
2025-08-01 09:23:27 AM,6562.0,2,13124.0,29749519.0
2025-08-01 09:23:33 AM,6560.5,10,65605.0,29815124.0
2025-08-01 09:23:39 AM,6560.0,0,0.0,29815124.0
2025-08-01 09:23:40 AM,6560.0,53,347680.0,30162804.0
2025-08-01 09:23:46 AM,6557.0,0,0.0,30162804.0
2025-08-01 09:23:48 AM,6553.0,4,26212.0,30189016.0
2025-08-01 09:23:50 AM,6553.0,1,6553.0,30195569.0
2025-08-01 09:23:56 AM,6553.0,2,13106.0,30208675.0
2025-08-01 09:24:03 AM,6555.0,1,6555.0,30215230.0
2025-08-01 09:24:05 AM,6551.0,22,144122.0,30359352.0
2025-08-01 09:24:11 AM,6554.0,2,13108.0,30372460.0
2025-08-01 09:24:13 AM,6553.0,2,13106.0,30385566.0
2025-08-01 09:24:19 AM,6554.0,51,334254.0,30719820.0
2025-08-01 09:24:20 AM,6556.5,100,655650.0,31375470.0
2025-08-01 09:24:31 AM,6559.5,0,0.0,31375470.0
2025-08-01 09:24:34 AM,6559.5,6,39357.0,31414827.0
2025-08-01 09:24:37 AM,6557.5,0,0.0,31414827.0
2025-08-01 09:24:37 AM,6553.5,0,0.0,31414827.0
2025-08-01 09:24:41 AM,6553.0,7,45871.0,31460698.0
2025-08-01 09:24:49 AM,6556.5,1,6556.5,31467254.5
2025-08-01 09:24:55 AM,6560.0,0,0.0,31467254.5
2025-08-01 09:24:56 AM,6554.0,55,360470.0,31827724.5
2025-08-01 09:24:58 AM,6554.0,1,6554.0,31834278.5
2025-08-01 09:25:03 AM,6556.5,0,0.0,31834278.5
2025-08-01 09:25:04 AM,6556.5,55,360607.5,32194886.0
2025-08-01 09:25:10 AM,6551.0,0,0.0,32194886.0
2025-08-01 09:25:11 AM,6551.0,8,52408.0,32247294.0
2025-08-01 09:25:34 AM,6551.5,2,13103.0,32260397.0
2025-08-01 09:25:45 AM,6557.5,0,0.0,32260397.0
2025-08-01 09:25:49 AM,6557.5,42,275415.0,32535812.0
2025-08-01 09:25:57 AM,6551.0,0,0.0,32535812.0
2025-08-01 09:25:58 AM,6551.0,2,13102.0,32548914.0
2025-08-01 09:26:03 AM,6552.0,0,0.0,32548914.0
2025-08-01 09:26:04 AM,6552.0,1,6552.0,32555466.0
2025-08-01 09:26:10 AM,6559.0,0,0.0,32555466.0
2025-08-01 09:26:11 AM,6561.5,71,465866.5,33021332.5
2025-08-01 09:26:13 AM,6553.0,1,6553.0,33027885.5
2025-08-01 09:26:21 AM,6551.5,4,26206.0,33054091.5
2025-08-01 09:26:27 AM,6556.0,18,118008.0,33172099.5
2025-08-01 09:26:32 AM,6557.0,0,0.0,33172099.5
2025-08-01 09:26:35 AM,6557.0,1,6557.0,33178656.5
2025-08-01 09:26:38 AM,6565.0,0,0.0,33178656.5
2025-08-01 09:26:42 AM,6565.0,14,91910.0,33270566.5
2025-08-01 09:26:44 AM,6562.5,3,19687.5,33290254.0
2025-08-01 09:26:47 AM,6561.0,0,0.0,33290254.0
2025-08-01 09:26:50 AM,6561.0,2,13122.0,33303376.0
2025-08-01 09:26:56 AM,6568.5,0,0.0,33303376.0
2025-08-01 09:26:57 AM,6568.5,1,6568.5,33309944.5
2025-08-01 09:27:05 AM,6568.0,7,45976.0,33355920.5
2025-08-01 09:27:12 AM,6561.5,2,13123.0,33369043.5
2025-08-01 09:27:13 AM,6562.5,0,0.0,33369043.5
2025-08-01 09:27:14 AM,6562.5,1,6562.5,33375606.0
2025-08-01 09:27:17 AM,6568.0,0,0.0,33375606.0
2025-08-01 09:27:20 AM,6568.0,25,164200.0,33539806.0
2025-08-01 09:27:21 AM,6556.5,70,458955.0,33998761.0
2025-08-01 09:27:23 AM,6566.5,0,0.0,33998761.0
2025-08-01 09:27:27 AM,6566.5,1,6566.5,34005327.5
2025-08-01 09:27:28 AM,6560.5,0,0.0,34005327.5
2025-08-01 09:27:28 AM,6560.5,1,6560.5,34011888.0
2025-08-01 09:27:42 AM,6567.0,33,216711.0,34228599.0
2025-08-01 09:27:43 AM,6560.0,1,6560.0,34235159.0
2025-08-01 09:27:48 AM,6564.0,0,0.0,34235159.0
2025-08-01 09:27:50 AM,6564.0,5,32820.0,34267979.0
2025-08-01 09:28:03 AM,6560.5,0,0.0,34267979.0
2025-08-01 09:28:05 AM,6560.5,2,13121.0,34281100.0
2025-08-01 09:28:06 AM,6560.0,1,6560.0,34287660.0
2025-08-01 09:28:11 AM,6566.0,0,0.0,34287660.0
2025-08-01 09:28:13 AM,6566.0,80,525280.0,34812940.0
2025-08-01 09:28:20 AM,6564.0,1,6564.0,34819504.0
2025-08-01 09:28:27 AM,6561.0,0,0.0,34819504.0
2025-08-01 09:28:28 AM,6560.0,32,209920.0,35029424.0
2025-08-01 09:28:33 AM,6563.5,0,0.0,35029424.0
2025-08-01 09:28:36 AM,6563.5,11,72198.5,35101622.5
2025-08-01 09:28:37 AM,6560.0,1,6560.0,35108182.5
2025-08-01 09:28:45 AM,6560.0,5,32800.0,35140982.5
2025-08-01 09:28:52 AM,6560.0,2,13120.0,35154102.5
2025-08-01 09:28:59 AM,6563.5,1,6563.5,35160666.0
2025-08-01 09:29:14 AM,6563.5,5,32817.5,35193483.5
2025-08-01 09:29:22 AM,6563.5,2,13127.0,35206610.5
2025-08-01 09:29:29 AM,6568.0,25,164200.0,35370810.5
2025-08-01 09:29:42 AM,6560.5,0,0.0,35370810.5
2025-08-01 09:29:44 AM,6560.5,9,59044.5,35429855.0
2025-08-01 09:29:47 AM,6560.0,0,0.0,35429855.0
2025-08-01 09:29:51 AM,6560.0,3,19680.0,35449535.0
2025-08-01 09:30:07 AM,6565.0,12,78780.0,35528315.0
2025-08-01 09:30:33 AM,6563.5,0,0.0,35528315.0
2025-08-01 09:30:36 AM,6567.0,3,19701.0,35548016.0
2025-08-01 09:30:44 AM,6563.5,1,6563.5,35554579.5
2025-08-01 09:30:58 AM,6563.5,2,13127.0,35567706.5
2025-08-01 09:31:13 AM,6563.5,25,164087.5,35731794.0
2025-08-01 09:31:22 AM,6560.0,0,0.0,35731794.0
2025-08-01 09:31:28 AM,6564.5,14,91903.0,35823697.0
2025-08-01 09:31:44 AM,6565.5,0,0.0,35823697.0
2025-08-01 09:31:49 AM,6565.5,5,32827.5,35856524.5
2025-08-01 09:32:10 AM,6565.0,3,19695.0,35876219.5
2025-08-01 09:32:12 AM,6560.0,0,0.0,35876219.5
2025-08-01 09:32:17 AM,6560.0,1,6560.0,35882779.5
2025-08-01 09:32:30 AM,6560.5,0,0.0,35882779.5
2025-08-01 09:32:31 AM,6560.5,5,32802.5,35915582.0
2025-08-01 09:32:36 AM,6560.0,0,0.0,35915582.0
2025-08-01 09:32:38 AM,6560.0,12,78720.0,35994302.0
2025-08-01 09:33:06 AM,6560.0,214,1403840.0,37398142.0
2025-08-01 09:33:12 AM,6555.0,0,0.0,37398142.0
2025-08-01 09:33:13 AM,6555.0,1,6555.0,37404697.0
2025-08-01 09:33:17 AM,6552.0,0,0.0,37404697.0
2025-08-01 09:33:19 AM,6552.0,16,104832.0,37509529.0
2025-08-01 09:33:26 AM,6556.5,0,0.0,37509529.0
2025-08-01 09:33:26 AM,6556.5,2,13113.0,37522642.0
2025-08-01 09:33:27 AM,6551.5,0,0.0,37522642.0
2025-08-01 09:33:33 AM,6551.5,2,13103.0,37535745.0
2025-08-01 09:33:46 AM,6557.0,0,0.0,37535745.0
2025-08-01 09:33:47 AM,6557.0,1,6557.0,37542302.0
2025-08-01 09:33:52 AM,6551.0,0,0.0,37542302.0
2025-08-01 09:33:54 AM,6551.0,2,13102.0,37555404.0
2025-08-01 09:33:57 AM,6570.0,0,0.0,37555404.0
2025-08-01 09:34:01 AM,6573.5,171,1124068.5,38679472.5
2025-08-01 09:34:07 AM,6568.0,0,0.0,38679472.5
2025-08-01 09:34:08 AM,6568.0,1,6568.0,38686040.5
2025-08-01 09:34:12 AM,6567.0,0,0.0,38686040.5
2025-08-01 09:34:15 AM,6567.0,1,6567.0,38692607.5
2025-08-01 09:34:17 AM,6564.5,0,0.0,38692607.5
2025-08-01 09:34:21 AM,6566.5,0,0.0,38692607.5
2025-08-01 09:34:22 AM,6566.5,4,26266.0,38718873.5
2025-08-01 09:34:37 AM,6571.5,0,0.0,38718873.5
2025-08-01 09:34:41 AM,6566.0,0,0.0,38718873.5
2025-08-01 09:34:43 AM,6566.0,4,26264.0,38745137.5
2025-08-01 09:35:01 AM,6572.0,0,0.0,38745137.5
2025-08-01 09:35:04 AM,6572.5,4,26290.0,38771427.5
2025-08-01 09:35:21 AM,6570.0,0,0.0,38771427.5
2025-08-01 09:35:25 AM,6572.0,54,354888.0,39126315.5
2025-08-01 09:35:26 AM,6566.0,0,0.0,39126315.5
2025-08-01 09:35:31 AM,6572.0,0,0.0,39126315.5
2025-08-01 09:35:32 AM,6572.0,22,144584.0,39270899.5
2025-08-01 09:35:56 AM,6573.0,0,0.0,39270899.5
2025-08-01 09:35:56 AM,6570.0,0,0.0,39270899.5
2025-08-01 09:35:59 AM,6570.0,5,32850.0,39303749.5
2025-08-01 09:36:01 AM,6568.0,0,0.0,39303749.5
2025-08-01 09:36:05 AM,6579.0,0,0.0,39303749.5
2025-08-01 09:36:06 AM,6579.0,39,256581.0,39560330.5
2025-08-01 09:36:09 AM,6571.5,0,0.0,39560330.5
2025-08-01 09:36:09 AM,6585.0,0,0.0,39560330.5
2025-08-01 09:36:12 AM,6572.5,121,795272.5,40355603.0
2025-08-01 09:36:17 AM,6571.5,0,0.0,40355603.0
2025-08-01 09:36:17 AM,6577.0,0,0.0,40355603.0
2025-08-01 09:36:19 AM,6577.0,38,249926.0,40605529.0
2025-08-01 09:36:21 AM,6571.5,0,0.0,40605529.0
2025-08-01 09:36:21 AM,6571.0,0,0.0,40605529.0
2025-08-01 09:36:26 AM,6571.0,4,26284.0,40631813.0
2025-08-01 09:36:49 AM,6575.0,0,0.0,40631813.0
2025-08-01 09:36:52 AM,6575.0,2,13150.0,40644963.0
2025-08-01 09:36:52 AM,6575.0,2,13150.0,40658113.0
2025-08-01 09:36:53 AM,6578.5,0,0.0,40658113.0
2025-08-01 09:36:57 AM,6582.0,0,0.0,40658113.0
2025-08-01 09:36:58 AM,6582.0,4,26328.0,40684441.0
2025-08-01 09:37:10 AM,6581.0,0,0.0,40684441.0
2025-08-01 09:37:12 AM,6581.5,4,26326.0,40710767.0
2025-08-01 09:37:19 AM,6583.0,0,0.0,40710767.0
2025-08-01 09:37:19 AM,6583.0,3,19749.0,40730516.0
2025-08-01 09:37:39 AM,6582.0,0,0.0,40730516.0
2025-08-01 09:37:40 AM,6582.0,76,500232.0,41230748.0
2025-08-01 09:37:43 AM,6578.0,0,0.0,41230748.0
2025-08-01 09:37:47 AM,6578.0,11,72358.0,41303106.0
2025-08-01 09:37:53 AM,6578.0,1,6578.0,41309684.0
2025-08-01 09:38:00 AM,6578.0,37,243386.0,41553070.0
2025-08-01 09:38:01 AM,6576.0,0,0.0,41553070.0
2025-08-01 09:38:05 AM,6571.0,0,0.0,41553070.0
2025-08-01 09:38:07 AM,6571.0,7,45997.0,41599067.0
2025-08-01 09:38:27 AM,6571.0,2,13142.0,41612209.0
2025-08-01 09:38:31 AM,6578.5,0,0.0,41612209.0
2025-08-01 09:38:32 AM,6571.0,0,0.0,41612209.0
2025-08-01 09:38:34 AM,6571.0,13,85423.0,41697632.0
2025-08-01 09:38:54 AM,6571.0,2,13142.0,41710774.0
2025-08-01 09:39:00 AM,6571.0,7,45997.0,41756771.0
2025-08-01 09:39:14 AM,6571.0,1,6571.0,41763342.0
2025-08-01 09:39:16 AM,6570.0,0,0.0,41763342.0
2025-08-01 09:39:21 AM,6570.0,35,229950.0,41993292.0
2025-08-01 09:39:22 AM,6566.0,0,0.0,41993292.0
2025-08-01 09:39:27 AM,6566.0,3,19698.0,42012990.0
2025-08-01 09:39:47 AM,6566.0,3,19698.0,42032688.0
2025-08-01 09:39:47 AM,6578.5,100,657850.0,42690538.0
2025-08-01 09:39:50 AM,6569.5,0,0.0,42690538.0
2025-08-01 09:39:53 AM,6569.5,4,26278.0,42716816.0
2025-08-01 09:40:00 AM,6569.5,1,6569.5,42723385.5
2025-08-01 09:40:06 AM,6566.5,0,0.0,42723385.5
2025-08-01 09:40:07 AM,6566.5,3,19699.5,42743085.0
2025-08-01 09:40:11 AM,6569.5,0,0.0,42743085.0
2025-08-01 09:40:13 AM,6569.5,2,13139.0,42756224.0
2025-08-01 09:40:16 AM,6566.5,0,0.0,42756224.0
2025-08-01 09:40:20 AM,6566.5,1,6566.5,42762790.5
2025-08-01 09:40:33 AM,6566.5,2,13133.0,42775923.5
2025-08-01 09:40:40 AM,6572.5,6,39435.0,42815358.5
2025-08-01 09:40:45 AM,6575.0,0,0.0,42815358.5
2025-08-01 09:40:46 AM,6578.5,3,19735.5,42835094.0
2025-08-01 09:40:59 AM,6585.0,73,480705.0,43315799.0
2025-08-01 09:41:05 AM,6586.5,0,0.0,43315799.0
2025-08-01 09:41:06 AM,6586.5,1,6586.5,43322385.5
2025-08-01 09:41:09 AM,6599.0,0,0.0,43322385.5
2025-08-01 09:41:13 AM,6599.0,80,527920.0,43850305.5
2025-08-01 09:41:17 AM,6590.5,0,0.0,43850305.5
2025-08-01 09:41:19 AM,6593.0,96,632928.0,44483233.5
2025-08-01 09:41:21 AM,6582.0,0,0.0,44483233.5
2025-08-01 09:41:26 AM,6582.0,4,26328.0,44509561.5
2025-08-01 09:41:32 AM,6582.0,3,19746.0,44529307.5
2025-08-01 09:41:39 AM,6589.5,10,65895.0,44595202.5
2025-08-01 09:41:40 AM,6589.0,1,6589.0,44601791.5
2025-08-01 09:41:47 AM,6583.5,2,13167.0,44614958.5
2025-08-01 09:41:58 AM,6589.0,1,6589.0,44621547.5
2025-08-01 09:42:10 AM,6582.5,0,0.0,44621547.5
2025-08-01 09:42:12 AM,6582.5,22,144815.0,44766362.5
2025-08-01 09:42:13 AM,6589.0,5,32945.0,44799307.5
2025-08-01 09:42:14 AM,6583.0,0,0.0,44799307.5
2025-08-01 09:42:18 AM,6580.0,113,743540.0,45542847.5
2025-08-01 09:42:22 AM,6579.5,0,0.0,45542847.5
2025-08-01 09:42:25 AM,6584.5,11,72429.5,45615277.0
2025-08-01 09:42:26 AM,6579.0,1,6579.0,45621856.0
2025-08-01 09:42:28 AM,6577.5,0,0.0,45621856.0
2025-08-01 09:42:31 AM,6577.5,1,6577.5,45628433.5
2025-08-01 09:42:36 AM,6577.0,0,0.0,45628433.5
2025-08-01 09:42:36 AM,6576.0,0,0.0,45628433.5
2025-08-01 09:42:38 AM,6576.0,8,52608.0,45681041.5
2025-08-01 09:43:00 AM,6577.5,0,0.0,45681041.5
2025-08-01 09:43:04 AM,6578.0,0,0.0,45681041.5
2025-08-01 09:43:04 AM,6578.0,4,26312.0,45707353.5
2025-08-01 09:43:16 AM,6575.0,0,0.0,45707353.5
2025-08-01 09:43:17 AM,6575.0,100,657500.0,46364853.5
2025-08-01 09:43:20 AM,6578.5,0,0.0,46364853.5
2025-08-01 09:43:24 AM,6578.5,1,6578.5,46371432.0
2025-08-01 09:43:28 AM,6576.0,0,0.0,46371432.0
2025-08-01 09:43:30 AM,6576.0,3,19728.0,46391160.0
2025-08-01 09:43:36 AM,6582.5,0,0.0,46391160.0
2025-08-01 09:43:37 AM,6582.5,26,171145.0,46562305.0
2025-08-01 09:43:44 AM,6577.5,0,0.0,46562305.0
2025-08-01 09:43:45 AM,6577.5,56,368340.0,46930645.0
2025-08-01 09:43:52 AM,6576.5,0,0.0,46930645.0
2025-08-01 09:43:56 AM,6576.5,2,13153.0,46943798.0
2025-08-01 09:44:11 AM,6577.5,28,184170.0,47127968.0
2025-08-01 09:44:16 AM,6570.5,0,0.0,47127968.0
2025-08-01 09:44:17 AM,6570.5,6,39423.0,47167391.0
2025-08-01 09:44:20 AM,6569.0,0,0.0,47167391.0
2025-08-01 09:44:22 AM,6568.0,0,0.0,47167391.0
2025-08-01 09:44:24 AM,6568.0,2,13136.0,47180527.0
2025-08-01 09:44:26 AM,6566.0,0,0.0,47180527.0
2025-08-01 09:44:30 AM,6572.5,0,0.0,47180527.0
2025-08-01 09:44:30 AM,6572.5,148,972730.0,48153257.0
2025-08-01 09:44:36 AM,6578.5,5,32892.5,48186149.5
2025-08-01 09:44:42 AM,6579.5,0,0.0,48186149.5
2025-08-01 09:44:43 AM,6579.5,37,243441.5,48429591.0
2025-08-01 09:45:00 AM,6589.5,0,0.0,48429591.0
2025-08-01 09:45:02 AM,6589.5,16,105432.0,48535023.0
2025-08-01 09:45:09 AM,6589.0,3,19767.0,48554790.0
2025-08-01 09:45:12 AM,6585.0,0,0.0,48554790.0
2025-08-01 09:45:15 AM,6588.5,3,19765.5,48574555.5
2025-08-01 09:45:28 AM,6583.0,101,664883.0,49239438.5
2025-08-01 09:45:32 AM,6589.5,0,0.0,49239438.5
2025-08-01 09:45:34 AM,6589.5,39,256990.5,49496429.0
2025-08-01 09:45:36 AM,6590.5,1,6590.5,49503019.5
2025-08-01 09:45:36 AM,6590.0,0,0.0,49503019.5
2025-08-01 09:45:41 AM,6590.0,1,6590.0,49509609.5
2025-08-01 09:45:44 AM,6590.5,0,0.0,49509609.5
2025-08-01 09:45:48 AM,6590.5,1,6590.5,49516200.0
2025-08-01 09:45:48 AM,6592.0,0,0.0,49516200.0
2025-08-01 09:45:49 AM,6592.0,9,59328.0,49575528.0
2025-08-01 09:45:51 AM,6586.5,0,0.0,49575528.0
2025-08-01 09:45:54 AM,6586.5,6,39519.0,49615047.0
2025-08-01 09:45:57 AM,6587.0,0,0.0,49615047.0
2025-08-01 09:46:00 AM,6587.0,2,13174.0,49628221.0
2025-08-01 09:46:07 AM,6583.0,8,52664.0,49680885.0
2025-08-01 09:46:12 AM,6582.0,0,0.0,49680885.0
2025-08-01 09:46:14 AM,6582.0,33,217206.0,49898091.0
2025-08-01 09:46:16 AM,6576.5,0,0.0,49898091.0
2025-08-01 09:46:20 AM,6576.5,2,13153.0,49911244.0
2025-08-01 09:46:22 AM,6574.0,3,19722.0,49930966.0
2025-08-01 09:46:45 AM,6580.0,0,0.0,49930966.0
2025-08-01 09:46:45 AM,6580.0,2,13160.0,49944126.0
2025-08-01 09:46:46 AM,6578.0,0,0.0,49944126.0
2025-08-01 09:46:47 AM,6578.0,1,6578.0,49950704.0
2025-08-01 09:46:52 AM,6574.5,1,6574.5,49957278.5
2025-08-01 09:46:58 AM,6577.0,0,0.0,49957278.5
2025-08-01 09:47:00 AM,6577.0,3,19731.0,49977009.5
2025-08-01 09:47:04 AM,6571.5,27,177430.5,50154440.0
2025-08-01 09:47:12 AM,6575.5,1,6575.5,50161015.5
2025-08-01 09:47:14 AM,6573.0,0,0.0,50161015.5
2025-08-01 09:47:16 AM,6573.0,1,6573.0,50167588.5
2025-08-01 09:47:18 AM,6573.0,1,6573.0,50174161.5
2025-08-01 09:47:31 AM,6579.0,5,32895.0,50207056.5
2025-08-01 09:47:38 AM,6574.0,2,13148.0,50220204.5
2025-08-01 09:47:39 AM,6576.5,0,0.0,50220204.5
2025-08-01 09:47:42 AM,6576.5,1,6576.5,50226781.0
2025-08-01 09:47:45 AM,6579.0,2,13158.0,50239939.0
2025-08-01 09:47:55 AM,6573.5,0,0.0,50239939.0
2025-08-01 09:47:56 AM,6573.5,3,19720.5,50259659.5
2025-08-01 09:48:02 AM,6573.0,3,19719.0,50279378.5
2025-08-01 09:48:21 AM,6573.0,53,348369.0,50627747.5
2025-08-01 09:48:28 AM,6573.0,4,26292.0,50654039.5
2025-08-01 09:48:44 AM,6577.5,0,0.0,50654039.5
2025-08-01 09:48:47 AM,6577.5,1,6577.5,50660617.0
2025-08-01 09:48:52 AM,6573.0,0,0.0,50660617.0
2025-08-01 09:48:54 AM,6573.0,3,19719.0,50680336.0
2025-08-01 09:49:00 AM,6577.5,0,0.0,50680336.0
2025-08-01 09:49:00 AM,6577.5,1,6577.5,50686913.5
2025-08-01 09:49:15 AM,6578.0,2,13156.0,50700069.5
2025-08-01 09:49:16 AM,6573.0,0,0.0,50700069.5
2025-08-01 09:49:19 AM,6573.0,1,6573.0,50706642.5
2025-08-01 09:49:21 AM,6581.0,58,381698.0,51088340.5
2025-08-01 09:49:22 AM,6575.0,0,0.0,51088340.5
2025-08-01 09:49:25 AM,6573.0,0,0.0,51088340.5
2025-08-01 09:49:25 AM,6573.0,76,499548.0,51587888.5
2025-08-01 09:49:31 AM,6573.0,2,13146.0,51601034.5
2025-08-01 09:49:34 AM,6577.5,10,65775.0,51666809.5
2025-08-01 09:49:37 AM,6580.0,0,0.0,51666809.5
2025-08-01 09:49:37 AM,6580.0,9,59220.0,51726029.5
2025-08-01 09:49:44 AM,6578.5,2,13157.0,51739186.5
2025-08-01 09:49:49 AM,6573.0,0,0.0,51739186.5
2025-08-01 09:49:50 AM,6573.0,1,6573.0,51745759.5
2025-08-01 09:50:09 AM,6573.0,2,13146.0,51758905.5
2025-08-01 09:50:12 AM,6574.5,0,0.0,51758905.5
2025-08-01 09:50:15 AM,6576.5,0,0.0,51758905.5
2025-08-01 09:50:16 AM,6576.5,2,13153.0,51772058.5
2025-08-01 09:50:28 AM,6576.5,1,6576.5,51778635.0
2025-08-01 09:50:30 AM,6573.0,0,0.0,51778635.0
2025-08-01 09:50:31 AM,6573.0,1,6573.0,51785208.0
2025-08-01 09:50:34 AM,6573.0,2,13146.0,51798354.0
2025-08-01 09:50:42 AM,6576.5,0,0.0,51798354.0
2025-08-01 09:50:43 AM,6576.5,1,6576.5,51804930.5
2025-08-01 09:50:44 AM,6577.5,0,0.0,51804930.5
2025-08-01 09:50:47 AM,6577.5,2,13155.0,51818085.5
2025-08-01 09:50:51 AM,6576.5,0,0.0,51818085.5
2025-08-01 09:50:53 AM,6576.5,9,59188.5,51877274.0
2025-08-01 09:50:57 AM,6573.0,0,0.0,51877274.0
2025-08-01 09:51:00 AM,6576.5,3,19729.5,51897003.5
2025-08-01 09:51:13 AM,6577.0,0,0.0,51897003.5
2025-08-01 09:51:14 AM,6577.0,1,6577.0,51903580.5
2025-08-01 09:51:21 AM,6577.0,2,13154.0,51916734.5
2025-08-01 09:51:22 AM,6573.0,0,0.0,51916734.5
2025-08-01 09:51:25 AM,6573.0,3,19719.0,51936453.5
2025-08-01 09:51:28 AM,6570.5,0,0.0,51936453.5
2025-08-01 09:51:31 AM,6570.5,1,6570.5,51943024.0
2025-08-01 09:51:40 AM,6566.0,0,0.0,51943024.0
2025-08-01 09:51:42 AM,6568.0,0,0.0,51943024.0
2025-08-01 09:51:43 AM,6569.0,0,0.0,51943024.0
2025-08-01 09:51:44 AM,6569.0,281,1845889.0,53788913.0
2025-08-01 09:51:46 AM,6570.5,10,65705.0,53854618.0
2025-08-01 09:51:46 AM,6564.5,0,0.0,53854618.0
2025-08-01 09:51:49 AM,6564.0,0,0.0,53854618.0
2025-08-01 09:51:50 AM,6564.0,3,19692.0,53874310.0
2025-08-01 09:51:52 AM,6564.0,3,19692.0,53894002.0
2025-08-01 09:51:55 AM,6560.5,0,0.0,53894002.0
2025-08-01 09:51:56 AM,6565.5,23,151006.5,54045008.5
2025-08-01 09:52:11 AM,6562.5,0,0.0,54045008.5
2025-08-01 09:52:14 AM,6562.5,2,13125.0,54058133.5
2025-08-01 09:52:17 AM,6565.0,0,0.0,54058133.5
2025-08-01 09:52:20 AM,6565.0,1,6565.0,54064698.5
2025-08-01 09:52:26 AM,6559.0,0,0.0,54064698.5
2025-08-01 09:52:27 AM,6559.0,2,13118.0,54077816.5
2025-08-01 09:52:38 AM,6558.0,0,0.0,54077816.5
2025-08-01 09:52:39 AM,6558.0,2,13116.0,54090932.5
2025-08-01 09:52:44 AM,6555.0,0,0.0,54090932.5
2025-08-01 09:52:45 AM,6555.0,58,380190.0,54471122.5
2025-08-01 09:52:59 AM,6565.5,0,0.0,54471122.5
2025-08-01 09:52:59 AM,6565.5,15,98482.5,54569605.0
2025-08-01 09:53:02 AM,6559.5,0,0.0,54569605.0
2025-08-01 09:53:03 AM,6559.5,1,6559.5,54576164.5
2025-08-01 09:53:05 AM,6565.5,10,65655.0,54641819.5
2025-08-01 09:53:14 AM,6560.5,0,0.0,54641819.5
2025-08-01 09:53:14 AM,6565.5,0,0.0,54641819.5
2025-08-01 09:53:15 AM,6565.5,9,59089.5,54700909.0
2025-08-01 09:53:27 AM,6559.0,0,0.0,54700909.0
2025-08-01 09:53:28 AM,6559.0,2,13118.0,54714027.0
2025-08-01 09:53:33 AM,6563.0,0,0.0,54714027.0
2025-08-01 09:53:34 AM,6563.0,1,6563.0,54720590.0
2025-08-01 09:53:36 AM,6565.5,0,0.0,54720590.0
2025-08-01 09:53:40 AM,6565.5,5,32827.5,54753417.5
2025-08-01 09:53:44 AM,6565.0,0,0.0,54753417.5
2025-08-01 09:53:47 AM,6565.0,2,13130.0,54766547.5
2025-08-01 09:53:51 AM,6557.5,0,0.0,54766547.5
2025-08-01 09:53:53 AM,6557.5,2,13115.0,54779662.5
2025-08-01 09:53:57 AM,6557.0,0,0.0,54779662.5
2025-08-01 09:53:59 AM,6557.0,1,6557.0,54786219.5
2025-08-01 09:54:03 AM,6563.5,0,0.0,54786219.5
2025-08-01 09:54:03 AM,6564.5,0,0.0,54786219.5
2025-08-01 09:54:05 AM,6557.5,15,98362.5,54884582.0
2025-08-01 09:54:15 AM,6563.0,0,0.0,54884582.0
2025-08-01 09:54:18 AM,6556.0,0,0.0,54884582.0
2025-08-01 09:54:18 AM,6556.0,3,19668.0,54904250.0
2025-08-01 09:54:27 AM,6554.5,0,0.0,54904250.0
2025-08-01 09:54:30 AM,6561.5,23,150914.5,55055164.5
2025-08-01 09:54:31 AM,6555.5,0,0.0,55055164.5
2025-08-01 09:54:36 AM,6555.5,1,6555.5,55061720.0
2025-08-01 09:54:42 AM,6557.5,2,13115.0,55074835.0
2025-08-01 09:54:46 AM,6552.0,0,0.0,55074835.0
2025-08-01 09:54:48 AM,6559.0,5,32795.0,55107630.0
2025-08-01 09:55:07 AM,6557.5,0,0.0,55107630.0
2025-08-01 09:55:11 AM,6557.5,2,13115.0,55120745.0
2025-08-01 09:55:16 AM,6560.5,0,0.0,55120745.0
2025-08-01 09:55:18 AM,6560.5,2,13121.0,55133866.0
2025-08-01 09:55:32 AM,6557.5,0,0.0,55133866.0
2025-08-01 09:55:35 AM,6557.5,2,13115.0,55146981.0
2025-08-01 09:55:46 AM,6560.5,0,0.0,55146981.0
2025-08-01 09:55:48 AM,6560.5,1,6560.5,55153541.5
2025-08-01 09:55:57 AM,6560.0,0,0.0,55153541.5
2025-08-01 09:56:00 AM,6561.5,0,0.0,55153541.5
2025-08-01 09:56:00 AM,6561.5,3,19684.5,55173226.0
2025-08-01 09:56:03 AM,6560.0,0,0.0,55173226.0
2025-08-01 09:56:06 AM,6560.0,1,6560.0,55179786.0
2025-08-01 09:56:15 AM,6561.5,0,0.0,55179786.0
2025-08-01 09:56:18 AM,6561.5,2,13123.0,55192909.0
2025-08-01 09:56:21 AM,6557.0,0,0.0,55192909.0
2025-08-01 09:56:22 AM,6554.5,0,0.0,55192909.0
2025-08-01 09:56:24 AM,6554.5,9,58990.5,55251899.5
2025-08-01 09:56:27 AM,6553.5,0,0.0,55251899.5
2025-08-01 09:56:30 AM,6553.5,4,26214.0,55278113.5
2025-08-01 09:56:48 AM,6555.0,56,367080.0,55645193.5
2025-08-01 09:56:55 AM,6555.0,3,19665.0,55664858.5
2025-08-01 09:57:06 AM,6555.5,0,0.0,55664858.5
2025-08-01 09:57:06 AM,6555.5,2,13111.0,55677969.5
2025-08-01 09:57:12 AM,6553.0,3,19659.0,55697628.5
2025-08-01 09:57:34 AM,6555.0,0,0.0,55697628.5
2025-08-01 09:57:34 AM,6555.0,1,6555.0,55704183.5
2025-08-01 09:57:37 AM,6551.0,6,39306.0,55743489.5
2025-08-01 09:57:46 AM,6555.5,0,0.0,55743489.5
2025-08-01 09:57:47 AM,6555.5,1,6555.5,55750045.0
2025-08-01 09:57:49 AM,6555.5,1,6555.5,55756600.5
2025-08-01 09:57:53 AM,6557.5,1,6557.5,55763158.0
2025-08-01 09:58:02 AM,6555.0,0,0.0,55763158.0
2025-08-01 09:58:05 AM,6555.0,3,19665.0,55782823.0
2025-08-01 09:58:08 AM,6555.0,4,26220.0,55809043.0
2025-08-01 09:58:14 AM,6557.5,4,26230.0,55835273.0
2025-08-01 09:58:17 AM,6557.5,1,6557.5,55841830.5
2025-08-01 09:58:22 AM,6559.0,0,0.0,55841830.5
2025-08-01 09:58:23 AM,6559.0,2,13118.0,55854948.5
2025-08-01 09:58:26 AM,6560.0,1,6560.0,55861508.5
2025-08-01 09:58:27 AM,6557.5,0,0.0,55861508.5
2025-08-01 09:58:29 AM,6555.0,19,124545.0,55986053.5
2025-08-01 09:58:44 AM,6556.5,2,13113.0,55999166.5
2025-08-01 09:58:54 AM,6553.0,2,13106.0,56012272.5
2025-08-01 09:58:55 AM,6556.5,0,0.0,56012272.5
2025-08-01 09:58:56 AM,6556.5,1,6556.5,56018829.0
2025-08-01 09:58:59 AM,6553.0,0,0.0,56018829.0
2025-08-01 09:59:00 AM,6553.0,2,13106.0,56031935.0
2025-08-01 09:59:02 AM,6557.0,1,6557.0,56038492.0
2025-08-01 09:59:09 AM,6555.0,0,0.0,56038492.0
2025-08-01 09:59:12 AM,6555.0,2,13110.0,56051602.0
2025-08-01 09:59:17 AM,6553.0,0,0.0,56051602.0
2025-08-01 09:59:18 AM,6550.5,22,144111.0,56195713.0
2025-08-01 09:59:27 AM,6550.0,25,163750.0,56359463.0
2025-08-01 09:59:42 AM,6552.5,0,0.0,56359463.0
2025-08-01 09:59:43 AM,6552.5,3,19657.5,56379120.5
2025-08-01 09:59:49 AM,6553.0,0,0.0,56379120.5
2025-08-01 09:59:50 AM,6553.0,1,6553.0,56385673.5
2025-08-01 09:59:56 AM,6553.0,12,78636.0,56464309.5
2025-08-01 09:59:58 AM,6553.0,187,1225411.0,57689720.5
2025-08-01 10:00:02 AM,6550.0,0,0.0,57689720.5
2025-08-01 10:00:02 AM,6550.0,1,6550.0,57696270.5
2025-08-01 10:00:08 AM,6550.0,4,26200.0,57722470.5
2025-08-01 10:00:11 AM,6552.0,0,0.0,57722470.5
2025-08-01 10:00:11 AM,6552.0,1,6552.0,57729022.5
2025-08-01 10:00:15 AM,6553.5,1,6553.5,57735576.0
2025-08-01 10:00:18 AM,6553.5,1,6553.5,57742129.5
2025-08-01 10:00:30 AM,6550.0,50,327500.0,58069629.5
2025-08-01 10:00:33 AM,6550.0,4,26200.0,58095829.5
2025-08-01 10:00:40 AM,6550.0,15,98250.0,58194079.5
2025-08-01 10:00:46 AM,6550.0,1,6550.0,58200629.5
2025-08-01 10:00:56 AM,6548.5,285,1866322.5,60066952.0
2025-08-01 10:00:58 AM,6545.0,0,0.0,60066952.0
2025-08-01 10:00:59 AM,6545.0,5,32725.0,60099677.0
2025-08-01 10:01:02 AM,6540.0,49,320460.0,60420137.0
2025-08-01 10:01:04 AM,6541.5,0,0.0,60420137.0
2025-08-01 10:01:05 AM,6542.0,3,19626.0,60439763.0
2025-08-01 10:01:10 AM,6543.0,0,0.0,60439763.0
2025-08-01 10:01:11 AM,6543.0,1,6543.0,60446306.0
2025-08-01 10:01:15 AM,6541.5,0,0.0,60446306.0
2025-08-01 10:01:15 AM,6541.5,1,6541.5,60452847.5
2025-08-01 10:01:18 AM,6541.5,1,6541.5,60459389.0
2025-08-01 10:01:23 AM,6547.0,0,0.0,60459389.0
2025-08-01 10:01:24 AM,6547.0,6,39282.0,60498671.0
2025-08-01 10:01:32 AM,6552.0,0,0.0,60498671.0
2025-08-01 10:01:33 AM,6561.5,162,1062963.0,61561634.0
2025-08-01 10:01:35 AM,6557.0,0,0.0,61561634.0
2025-08-01 10:01:36 AM,6557.0,2,13114.0,61574748.0
2025-08-01 10:01:48 AM,6554.5,0,0.0,61574748.0
2025-08-01 10:01:48 AM,6554.5,1,6554.5,61581302.5
2025-08-01 10:01:52 AM,6550.0,0,0.0,61581302.5
2025-08-01 10:01:52 AM,6550.0,1,6550.0,61587852.5
2025-08-01 10:01:53 AM,6556.0,0,0.0,61587852.5
2025-08-01 10:01:54 AM,6556.0,3,19668.0,61607520.5
2025-08-01 10:02:12 AM,6558.5,0,0.0,61607520.5
2025-08-01 10:02:12 AM,6558.5,1,6558.5,61614079.0
2025-08-01 10:02:17 AM,6555.0,1,6555.0,61620634.0
2025-08-01 10:02:37 AM,6555.5,0,0.0,61620634.0
2025-08-01 10:02:37 AM,6555.5,2,13111.0,61633745.0
2025-08-01 10:02:42 AM,6562.0,2,13124.0,61646869.0
2025-08-01 10:02:44 AM,6562.5,2,13125.0,61659994.0
2025-08-01 10:03:03 AM,6556.0,0,0.0,61659994.0
2025-08-01 10:03:03 AM,6556.0,3,19668.0,61679662.0
2025-08-01 10:03:14 AM,6555.0,15,98325.0,61777987.0
2025-08-01 10:03:21 AM,6562.5,1,6562.5,61784549.5
2025-08-01 10:03:27 AM,6560.0,0,0.0,61784549.5
2025-08-01 10:03:27 AM,6560.0,2,13120.0,61797669.5
2025-08-01 10:03:46 AM,6565.5,1,6565.5,61804235.0
2025-08-01 10:03:52 AM,6561.0,2,13122.0,61817357.0
2025-08-01 10:04:15 AM,6568.5,0,0.0,61817357.0
2025-08-01 10:04:17 AM,6561.5,3,19684.5,61837041.5
2025-08-01 10:04:38 AM,6562.0,1,6562.0,61843603.5
2025-08-01 10:04:42 AM,6564.5,1,6564.5,61850168.0
2025-08-01 10:04:44 AM,6559.0,2,13118.0,61863286.0
2025-08-01 10:04:48 AM,6556.5,2,13113.0,61876399.0
2025-08-01 10:05:07 AM,6557.5,2,13115.0,61889514.0
2025-08-01 10:05:15 AM,6565.0,0,0.0,61889514.0
2025-08-01 10:05:15 AM,6565.0,1,6565.0,61896079.0
2025-08-01 10:05:32 AM,6558.5,2,13117.0,61909196.0
2025-08-01 10:05:44 AM,6566.0,2,13132.0,61922328.0
2025-08-01 10:05:55 AM,6565.5,0,0.0,61922328.0
2025-08-01 10:05:56 AM,6559.0,8,52472.0,61974800.0
2025-08-01 10:05:58 AM,6560.0,0,0.0,61974800.0
2025-08-01 10:05:58 AM,6560.0,2,13120.0,61987920.0
2025-08-01 10:06:15 AM,6567.0,0,0.0,61987920.0
2025-08-01 10:06:16 AM,6567.0,1,6567.0,61994487.0
2025-08-01 10:06:22 AM,6560.0,3,19680.0,62014167.0
2025-08-01 10:06:40 AM,6562.0,1,6562.0,62020729.0
2025-08-01 10:06:48 AM,6560.0,0,0.0,62020729.0
2025-08-01 10:06:50 AM,6560.0,2,13120.0,62033849.0
2025-08-01 10:06:56 AM,6560.0,1,6560.0,62040409.0
2025-08-01 10:07:10 AM,6562.0,1,6562.0,62046971.0
2025-08-01 10:07:12 AM,6560.0,0,0.0,62046971.0
2025-08-01 10:07:14 AM,6560.0,2,13120.0,62060091.0
2025-08-01 10:07:21 AM,6564.0,1,6564.0,62066655.0
2025-08-01 10:07:23 AM,6564.5,5,32822.5,62099477.5
2025-08-01 10:07:39 AM,6560.0,0,0.0,62099477.5
2025-08-01 10:07:39 AM,6560.0,2,13120.0,62112597.5
2025-08-01 10:07:44 AM,6566.0,0,0.0,62112597.5
2025-08-01 10:07:45 AM,6566.0,2,13132.0,62125729.5
2025-08-01 10:07:49 AM,6564.0,0,0.0,62125729.5
2025-08-01 10:07:51 AM,6564.0,1,6564.0,62132293.5
2025-08-01 10:08:03 AM,6560.0,0,0.0,62132293.5
2025-08-01 10:08:04 AM,6560.0,3,19680.0,62151973.5
2025-08-01 10:08:16 AM,6563.5,1,6563.5,62158537.0
2025-08-01 10:08:27 AM,6560.5,0,0.0,62158537.0
2025-08-01 10:08:28 AM,6560.5,2,13121.0,62171658.0
2025-08-01 10:08:45 AM,6565.5,0,0.0,62171658.0
2025-08-01 10:08:47 AM,6565.5,1,6565.5,62178223.5
2025-08-01 10:08:52 AM,6560.5,2,13121.0,62191344.5
2025-08-01 10:09:15 AM,6565.0,0,0.0,62191344.5
2025-08-01 10:09:16 AM,6561.5,3,19684.5,62211029.0
2025-08-01 10:09:18 AM,6560.5,1,6560.5,62217589.5
2025-08-01 10:09:42 AM,6562.5,0,0.0,62217589.5
2025-08-01 10:09:45 AM,6562.5,1,6562.5,62224152.0
2025-08-01 10:09:47 AM,6560.5,2,13121.0,62237273.0
2025-08-01 10:10:02 AM,6560.5,10,65605.0,62302878.0
2025-08-01 10:10:08 AM,6561.0,2,13122.0,62316000.0
2025-08-01 10:10:20 AM,6565.0,1,6565.0,62322565.0
2025-08-01 10:10:33 AM,6565.0,42,275730.0,62598295.0
2025-08-01 10:10:48 AM,6565.5,0,0.0,62598295.0
2025-08-01 10:10:50 AM,6565.5,5,32827.5,62631122.5
2025-08-01 10:10:57 AM,6571.5,0,0.0,62631122.5
2025-08-01 10:10:57 AM,6571.5,52,341718.0,62972840.5
2025-08-01 10:11:03 AM,6570.5,0,0.0,62972840.5
2025-08-01 10:11:03 AM,6570.5,17,111698.5,63084539.0
2025-08-01 10:11:15 AM,6572.0,0,0.0,63084539.0
2025-08-01 10:11:15 AM,6572.0,1,6572.0,63091111.0
2025-08-01 10:11:19 AM,6564.5,2,13129.0,63104240.0
2025-08-01 10:11:24 AM,6568.0,0,0.0,63104240.0
2025-08-01 10:11:25 AM,6568.0,4,26272.0,63130512.0
2025-08-01 10:11:30 AM,6563.5,0,0.0,63130512.0
2025-08-01 10:11:31 AM,6570.5,10,65705.0,63196217.0
2025-08-01 10:11:39 AM,6569.5,0,0.0,63196217.0
2025-08-01 10:11:42 AM,6569.5,1,6569.5,63202786.5
2025-08-01 10:11:48 AM,6564.5,0,0.0,63202786.5
2025-08-01 10:11:48 AM,6564.5,2,13129.0,63215915.5
2025-08-01 10:12:12 AM,6569.0,1,6569.0,63222484.5
2025-08-01 10:12:18 AM,6565.5,0,0.0,63222484.5
2025-08-01 10:12:18 AM,6565.5,1,6565.5,63229050.0
2025-08-01 10:12:39 AM,6566.0,0,0.0,63229050.0
2025-08-01 10:12:40 AM,6566.0,2,13132.0,63242182.0
2025-08-01 10:12:45 AM,6569.0,0,0.0,63242182.0
2025-08-01 10:12:46 AM,6569.0,2,13138.0,63255320.0
2025-08-01 10:12:51 AM,6567.5,0,0.0,63255320.0
2025-08-01 10:12:52 AM,6567.5,2,13135.0,63268455.0
2025-08-01 10:13:03 AM,6568.5,0,0.0,63268455.0
2025-08-01 10:13:04 AM,6568.5,3,19705.5,63288160.5
2025-08-01 10:13:09 AM,6570.5,0,0.0,63288160.5
2025-08-01 10:13:09 AM,6570.5,1,6570.5,63294731.0
2025-08-01 10:13:15 AM,6570.5,1,6570.5,63301301.5
2025-08-01 10:13:22 AM,6571.0,1,6571.0,63307872.5
2025-08-01 10:13:27 AM,6568.0,0,0.0,63307872.5
2025-08-01 10:13:27 AM,6568.0,2,13136.0,63321008.5
2025-08-01 10:13:33 AM,6568.0,10,65680.0,63386688.5
2025-08-01 10:13:42 AM,6569.5,0,0.0,63386688.5
2025-08-01 10:13:45 AM,6569.5,3,19708.5,63406397.0
2025-08-01 10:13:52 AM,6568.0,2,13136.0,63419533.0
2025-08-01 10:14:00 AM,6572.5,0,0.0,63419533.0
2025-08-01 10:14:03 AM,6572.5,1,6572.5,63426105.5
2025-08-01 10:14:14 AM,6572.5,2,13145.0,63439250.5
2025-08-01 10:14:18 AM,6568.5,0,0.0,63439250.5
2025-08-01 10:14:20 AM,6568.5,1,6568.5,63445819.0
2025-08-01 10:14:27 AM,6568.5,2,13137.0,63458956.0
2025-08-01 10:14:31 AM,6573.0,10,65730.0,63524686.0
2025-08-01 10:14:42 AM,6570.0,0,0.0,63524686.0
2025-08-01 10:14:43 AM,6568.0,3,19704.0,63544390.0
2025-08-01 10:14:49 AM,6568.0,2,13136.0,63557526.0
2025-08-01 10:15:06 AM,6576.5,0,0.0,63557526.0
2025-08-01 10:15:06 AM,6576.5,55,361707.5,63919233.5
2025-08-01 10:15:07 AM,6570.0,2,13140.0,63932373.5
2025-08-01 10:15:08 AM,6574.5,0,0.0,63932373.5
2025-08-01 10:15:12 AM,6574.5,4,26298.0,63958671.5
2025-08-01 10:15:14 AM,6575.5,0,0.0,63958671.5
2025-08-01 10:15:18 AM,6575.5,1,6575.5,63965247.0
2025-08-01 10:15:19 AM,6575.0,1,6575.0,63971822.0
2025-08-01 10:15:29 AM,6576.5,0,0.0,63971822.0
2025-08-01 10:15:30 AM,6576.5,23,151259.5,64123081.5
2025-08-01 10:15:42 AM,6570.5,0,0.0,64123081.5
2025-08-01 10:15:42 AM,6570.5,10,65705.0,64188786.5
2025-08-01 10:15:57 AM,6569.0,0,0.0,64188786.5
2025-08-01 10:16:00 AM,6569.0,2,13138.0,64201924.5
2025-08-01 10:16:15 AM,6575.0,0,0.0,64201924.5
2025-08-01 10:16:17 AM,6575.0,1,6575.0,64208499.5
2025-08-01 10:16:23 AM,6569.5,0,0.0,64208499.5
2025-08-01 10:16:23 AM,6569.5,3,19708.5,64228208.0
2025-08-01 10:16:32 AM,6570.0,0,0.0,64228208.0
2025-08-01 10:16:35 AM,6570.0,4,26280.0,64254488.0
2025-08-01 10:16:38 AM,6575.0,0,0.0,64254488.0
2025-08-01 10:16:41 AM,6579.0,0,0.0,64254488.0
2025-08-01 10:16:41 AM,6579.0,17,111843.0,64366331.0
2025-08-01 10:16:48 AM,6572.5,0,0.0,64366331.0
2025-08-01 10:16:52 AM,6572.5,2,13145.0,64379476.0
2025-08-01 10:17:12 AM,6574.5,0,0.0,64379476.0
2025-08-01 10:17:14 AM,6574.5,2,13149.0,64392625.0
2025-08-01 10:17:18 AM,6570.0,0,0.0,64392625.0
2025-08-01 10:17:20 AM,6574.5,0,0.0,64392625.0
2025-08-01 10:17:20 AM,6574.5,2,13149.0,64405774.0
2025-08-01 10:17:29 AM,6576.5,0,0.0,64405774.0
2025-08-01 10:17:32 AM,6576.5,8,52612.0,64458386.0
2025-08-01 10:17:37 AM,6575.0,1,6575.0,64464961.0
2025-08-01 10:17:42 AM,6574.5,0,0.0,64464961.0
2025-08-01 10:17:43 AM,6574.5,1,6574.5,64471535.5
2025-08-01 10:17:44 AM,6577.0,0,0.0,64471535.5
2025-08-01 10:17:44 AM,6577.0,1,6577.0,64478112.5
2025-08-01 10:18:00 AM,6573.5,0,0.0,64478112.5
2025-08-01 10:18:01 AM,6573.5,116,762526.0,65240638.5
2025-08-01 10:18:02 AM,6570.0,0,0.0,65240638.5
2025-08-01 10:18:07 AM,6570.0,2,13140.0,65253778.5
2025-08-01 10:18:15 AM,6573.0,0,0.0,65253778.5
2025-08-01 10:18:18 AM,6573.0,6,39438.0,65293216.5
2025-08-01 10:18:27 AM,6570.0,0,0.0,65293216.5
2025-08-01 10:18:30 AM,6570.0,2,13140.0,65306356.5
2025-08-01 10:18:41 AM,6574.5,0,0.0,65306356.5
2025-08-01 10:18:42 AM,6574.5,2,13149.0,65319505.5
2025-08-01 10:18:47 AM,6574.5,1,6574.5,65326080.0
2025-08-01 10:18:52 AM,6570.0,0,0.0,65326080.0
2025-08-01 10:18:53 AM,6570.0,2,13140.0,65339220.0
2025-08-01 10:18:55 AM,6576.5,0,0.0,65339220.0
2025-08-01 10:18:58 AM,6576.5,12,78918.0,65418138.0
2025-08-01 10:19:16 AM,6578.5,0,0.0,65418138.0
2025-08-01 10:19:16 AM,6578.5,1,6578.5,65424716.5
2025-08-01 10:19:19 AM,6571.5,0,0.0,65424716.5
2025-08-01 10:19:22 AM,6571.5,2,13143.0,65437859.5
2025-08-01 10:19:31 AM,6577.0,0,0.0,65437859.5
2025-08-01 10:19:33 AM,6577.0,5,32885.0,65470744.5
2025-08-01 10:19:43 AM,6574.0,0,0.0,65470744.5
2025-08-01 10:19:44 AM,6574.0,3,19722.0,65490466.5
2025-08-01 10:19:49 AM,6570.5,0,0.0,65490466.5
2025-08-01 10:19:49 AM,6576.5,0,0.0,65490466.5
2025-08-01 10:19:50 AM,6576.5,9,59188.5,65549655.0
2025-08-01 10:20:07 AM,6570.5,0,0.0,65549655.0
2025-08-01 10:20:08 AM,6570.5,2,13141.0,65562796.0
2025-08-01 10:20:33 AM,6571.0,0,0.0,65562796.0
2025-08-01 10:20:35 AM,6571.0,2,13142.0,65575938.0
2025-08-01 10:20:44 AM,6573.5,1,6573.5,65582511.5
2025-08-01 10:20:58 AM,6571.0,0,0.0,65582511.5
2025-08-01 10:20:59 AM,6571.0,2,13142.0,65595653.5
2025-08-01 10:21:14 AM,6573.5,0,0.0,65595653.5
2025-08-01 10:21:16 AM,6573.5,1,6573.5,65602227.0
2025-08-01 10:21:22 AM,6572.0,0,0.0,65602227.0
2025-08-01 10:21:24 AM,6577.0,7,46039.0,65648266.0
2025-08-01 10:21:29 AM,6577.0,17,111809.0,65760075.0
2025-08-01 10:21:45 AM,6576.5,0,0.0,65760075.0
2025-08-01 10:21:45 AM,6576.5,2,13153.0,65773228.0
2025-08-01 10:21:48 AM,6572.0,0,0.0,65773228.0
2025-08-01 10:21:49 AM,6572.0,2,13144.0,65786372.0
2025-08-01 10:22:12 AM,6574.5,0,0.0,65786372.0
2025-08-01 10:22:12 AM,6574.5,1,6574.5,65792946.5
2025-08-01 10:22:18 AM,6572.0,0,0.0,65792946.5
2025-08-01 10:22:18 AM,6572.0,1,6572.0,65799518.5
2025-08-01 10:22:37 AM,6572.0,2,13144.0,65812662.5
2025-08-01 10:22:45 AM,6576.5,0,0.0,65812662.5
2025-08-01 10:22:46 AM,6576.5,1,6576.5,65819239.0
2025-08-01 10:23:02 AM,6572.5,0,0.0,65819239.0
2025-08-01 10:23:02 AM,6572.5,1,6572.5,65825811.5
2025-08-01 10:23:08 AM,6572.0,0,0.0,65825811.5
2025-08-01 10:23:08 AM,6572.0,2,13144.0,65838955.5
2025-08-01 10:23:14 AM,6577.0,0,0.0,65838955.5
2025-08-01 10:23:14 AM,6577.0,1,6577.0,65845532.5
2025-08-01 10:23:20 AM,6572.0,4,26288.0,65871820.5
2025-08-01 10:23:29 AM,6572.0,2,13144.0,65884964.5
2025-08-01 10:23:44 AM,6576.5,0,0.0,65884964.5
2025-08-01 10:23:45 AM,6576.5,1,6576.5,65891541.0
2025-08-01 10:23:50 AM,6573.0,0,0.0,65891541.0
2025-08-01 10:23:51 AM,6573.0,3,19719.0,65911260.0
2025-08-01 10:23:53 AM,6573.0,2,13146.0,65924406.0
2025-08-01 10:24:02 AM,6573.0,5,32865.0,65957271.0
2025-08-01 10:24:14 AM,6577.0,0,0.0,65957271.0
2025-08-01 10:24:15 AM,6577.0,1,6577.0,65963848.0
2025-08-01 10:24:17 AM,6573.0,0,0.0,65963848.0
2025-08-01 10:24:19 AM,6573.0,2,13146.0,65976994.0
2025-08-01 10:24:42 AM,6575.0,0,0.0,65976994.0
2025-08-01 10:24:43 AM,6575.0,1,6575.0,65983569.0
2025-08-01 10:24:47 AM,6573.0,0,0.0,65983569.0
2025-08-01 10:24:48 AM,6573.0,2,13146.0,65996715.0
2025-08-01 10:24:59 AM,6573.0,4,26292.0,66023007.0
2025-08-01 10:25:09 AM,6573.0,2,13146.0,66036153.0
2025-08-01 10:25:15 AM,6577.0,1,6577.0,66042730.0
2025-08-01 10:25:32 AM,6573.0,2,13146.0,66055876.0
2025-08-01 10:25:43 AM,6577.0,0,0.0,66055876.0
2025-08-01 10:25:45 AM,6577.0,1,6577.0,66062453.0
2025-08-01 10:25:49 AM,6579.0,0,0.0,66062453.0
2025-08-01 10:25:51 AM,6577.0,0,0.0,66062453.0
2025-08-01 10:25:51 AM,6577.0,2,13154.0,66075607.0
2025-08-01 10:25:54 AM,6578.0,0,0.0,66075607.0
2025-08-01 10:25:54 AM,6578.0,1,6578.0,66082185.0
2025-08-01 10:25:56 AM,6578.0,21,138138.0,66220323.0
2025-08-01 10:25:59 AM,6581.0,22,144782.0,66365105.0
2025-08-01 10:26:01 AM,6600.0,0,0.0,66365105.0
2025-08-01 10:26:01 AM,6600.0,248,1636800.0,68001905.0
2025-08-01 10:26:03 AM,6609.0,0,0.0,68001905.0
2025-08-01 10:26:04 AM,6609.0,1,6609.0,68008514.0
2025-08-01 10:26:06 AM,6597.5,0,0.0,68008514.0
2025-08-01 10:26:07 AM,6599.5,79,521360.5,68529874.5
2025-08-01 10:26:10 AM,6603.5,1,6603.5,68536478.0
2025-08-01 10:26:16 AM,6603.5,1,6603.5,68543081.5
2025-08-01 10:26:21 AM,6605.0,0,0.0,68543081.5
2025-08-01 10:26:21 AM,6605.0,4,26420.0,68569501.5
2025-08-01 10:26:22 AM,6597.5,0,0.0,68569501.5
2025-08-01 10:26:24 AM,6597.5,1,6597.5,68576099.0
2025-08-01 10:26:27 AM,6593.5,2,13187.0,68589286.0
2025-08-01 10:26:40 AM,6601.0,0,0.0,68589286.0
2025-08-01 10:26:41 AM,6607.0,2,13214.0,68602500.0
2025-08-01 10:26:43 AM,6602.0,0,0.0,68602500.0
2025-08-01 10:26:45 AM,6591.5,156,1028274.0,69630774.0
2025-08-01 10:26:47 AM,6595.5,1,6595.5,69637369.5
2025-08-01 10:27:13 AM,6598.5,0,0.0,69637369.5
2025-08-01 10:27:13 AM,6598.5,1,6598.5,69643968.0
2025-08-01 10:27:18 AM,6594.0,0,0.0,69643968.0
2025-08-01 10:27:18 AM,6594.0,1,6594.0,69650562.0
2025-08-01 10:27:22 AM,6587.5,26,171275.0,69821837.0
2025-08-01 10:27:25 AM,6583.0,0,0.0,69821837.0
2025-08-01 10:27:27 AM,6583.0,3,19749.0,69841586.0
2025-08-01 10:27:37 AM,6583.5,0,0.0,69841586.0
2025-08-01 10:27:38 AM,6583.5,2,13167.0,69854753.0
2025-08-01 10:27:48 AM,6588.0,0,0.0,69854753.0
2025-08-01 10:27:49 AM,6587.5,0,0.0,69854753.0
2025-08-01 10:27:49 AM,6587.5,8,52700.0,69907453.0
2025-08-01 10:28:02 AM,6581.0,3,19743.0,69927196.0
2025-08-01 10:28:07 AM,6586.0,2,13172.0,69940368.0
2025-08-01 10:28:16 AM,6590.0,0,0.0,69940368.0
2025-08-01 10:28:16 AM,6590.0,1,6590.0,69946958.0
2025-08-01 10:28:17 AM,6586.0,0,0.0,69946958.0
2025-08-01 10:28:18 AM,6586.0,1,6586.0,69953544.0
2025-08-01 10:28:27 AM,6585.5,2,13171.0,69966715.0
2025-08-01 10:28:46 AM,6585.0,0,0.0,69966715.0
2025-08-01 10:28:46 AM,6585.0,11,72435.0,70039150.0
2025-08-01 10:28:52 AM,6581.5,0,0.0,70039150.0
2025-08-01 10:28:52 AM,6581.5,2,13163.0,70052313.0
2025-08-01 10:29:03 AM,6585.0,0,0.0,70052313.0
2025-08-01 10:29:03 AM,6585.0,1,6585.0,70058898.0
2025-08-01 10:29:11 AM,6585.0,1,6585.0,70065483.0
2025-08-01 10:29:15 AM,6585.0,2,13170.0,70078653.0
2025-08-01 10:29:17 AM,6585.0,2,13170.0,70091823.0
2025-08-01 10:29:42 AM,6585.5,1,6585.5,70098408.5
2025-08-01 10:29:47 AM,6585.0,0,0.0,70098408.5
2025-08-01 10:29:47 AM,6585.0,2,13170.0,70111578.5
2025-08-01 10:29:54 AM,6586.5,0,0.0,70111578.5
2025-08-01 10:29:55 AM,6586.5,1,6586.5,70118165.0
2025-08-01 10:29:58 AM,6586.5,1,6586.5,70124751.5
2025-08-01 10:29:59 AM,6589.5,0,0.0,70124751.5
2025-08-01 10:30:01 AM,6586.5,9,59278.5,70184030.0
2025-08-01 10:30:07 AM,6586.5,2,13173.0,70197203.0
2025-08-01 10:30:26 AM,6593.5,0,0.0,70197203.0
2025-08-01 10:30:27 AM,6593.5,8,52748.0,70249951.0
2025-08-01 10:30:32 AM,6587.0,0,0.0,70249951.0
2025-08-01 10:30:33 AM,6587.0,1,6587.0,70256538.0
2025-08-01 10:30:38 AM,6594.5,0,0.0,70256538.0
2025-08-01 10:30:38 AM,6594.5,51,336319.5,70592857.5
2025-08-01 10:30:41 AM,6587.0,0,0.0,70592857.5
2025-08-01 10:30:41 AM,6587.0,14,92218.0,70685075.5
2025-08-01 10:30:57 AM,6586.5,0,0.0,70685075.5
2025-08-01 10:30:58 AM,6586.5,9,59278.5,70744354.0
2025-08-01 10:31:14 AM,6590.5,0,0.0,70744354.0
2025-08-01 10:31:16 AM,6590.5,1,6590.5,70750944.5
2025-08-01 10:31:22 AM,6586.5,0,0.0,70750944.5
2025-08-01 10:31:24 AM,6586.5,3,19759.5,70770704.0
2025-08-01 10:31:44 AM,6590.5,0,0.0,70770704.0
2025-08-01 10:31:46 AM,6590.5,1,6590.5,70777294.5
2025-08-01 10:31:49 AM,6587.0,0,0.0,70777294.5
2025-08-01 10:31:49 AM,6587.0,2,13174.0,70790468.5
2025-08-01 10:31:58 AM,6590.5,0,0.0,70790468.5
2025-08-01 10:31:59 AM,6590.5,2,13181.0,70803649.5
2025-08-01 10:32:04 AM,6595.5,0,0.0,70803649.5
2025-08-01 10:32:05 AM,6595.5,1,6595.5,70810245.0
2025-08-01 10:32:09 AM,6590.5,1,6590.5,70816835.5
2025-08-01 10:32:12 AM,6593.0,2,13186.0,70830021.5
2025-08-01 10:32:19 AM,6594.0,10,65940.0,70895961.5
2025-08-01 10:32:24 AM,6593.5,0,0.0,70895961.5
2025-08-01 10:32:25 AM,6593.5,3,19780.5,70915742.0
2025-08-01 10:32:33 AM,6588.0,0,0.0,70915742.0
2025-08-01 10:32:35 AM,6588.0,1,6588.0,70922330.0
2025-08-01 10:32:38 AM,6592.5,12,79110.0,71001440.0
2025-08-01 10:32:41 AM,6587.5,2,13175.0,71014615.0
2025-08-01 10:33:01 AM,6591.5,9,59323.5,71073938.5
2025-08-01 10:33:06 AM,6588.0,0,0.0,71073938.5
2025-08-01 10:33:07 AM,6588.0,5,32940.0,71106878.5
2025-08-01 10:33:15 AM,6593.5,0,0.0,71106878.5
2025-08-01 10:33:15 AM,6593.5,1,6593.5,71113472.0
2025-08-01 10:33:27 AM,6588.0,0,0.0,71113472.0
2025-08-01 10:33:29 AM,6588.0,2,13176.0,71126648.0
2025-08-01 10:33:34 AM,6588.0,2,13176.0,71139824.0
2025-08-01 10:33:36 AM,6593.5,0,0.0,71139824.0
2025-08-01 10:33:36 AM,6593.5,47,309894.5,71449718.5
2025-08-01 10:33:45 AM,6593.0,0,0.0,71449718.5
2025-08-01 10:33:45 AM,6593.0,1,6593.0,71456311.5
2025-08-01 10:33:53 AM,6588.0,0,0.0,71456311.5
2025-08-01 10:33:53 AM,6588.0,1,6588.0,71462899.5
2025-08-01 10:33:57 AM,6586.5,0,0.0,71462899.5
2025-08-01 10:33:57 AM,6586.5,1,6586.5,71469486.0
2025-08-01 10:34:07 AM,6587.0,0,0.0,71469486.0
2025-08-01 10:34:09 AM,6587.0,7,46109.0,71515595.0
2025-08-01 10:34:14 AM,6593.0,1,6593.0,71522188.0
2025-08-01 10:34:19 AM,6587.0,0,0.0,71522188.0
2025-08-01 10:34:20 AM,6587.0,2,13174.0,71535362.0
2025-08-01 10:34:25 AM,6587.0,6,39522.0,71574884.0
2025-08-01 10:34:42 AM,6590.5,2,13181.0,71588065.0
2025-08-01 10:34:48 AM,6587.0,1,6587.0,71594652.0
2025-08-01 10:35:07 AM,6590.5,0,0.0,71594652.0
2025-08-01 10:35:07 AM,6587.0,0,0.0,71594652.0
2025-08-01 10:35:07 AM,6587.0,3,19761.0,71614413.0
2025-08-01 10:35:11 AM,6587.0,2,13174.0,71627587.0
2025-08-01 10:35:19 AM,6587.5,0,0.0,71627587.0
2025-08-01 10:35:19 AM,6587.5,1,6587.5,71634174.5
2025-08-01 10:35:33 AM,6586.5,0,0.0,71634174.5
2025-08-01 10:35:33 AM,6586.5,2,13173.0,71647347.5
2025-08-01 10:35:45 AM,6592.0,0,0.0,71647347.5
2025-08-01 10:35:45 AM,6592.0,1,6592.0,71653939.5
2025-08-01 10:35:58 AM,6587.0,0,0.0,71653939.5
2025-08-01 10:35:58 AM,6587.0,1,6587.0,71660526.5
2025-08-01 10:36:02 AM,6586.5,0,0.0,71660526.5
2025-08-01 10:36:03 AM,6586.5,1,6586.5,71667113.0
2025-08-01 10:36:14 AM,6590.0,0,0.0,71667113.0
2025-08-01 10:36:15 AM,6590.0,1,6590.0,71673703.0
2025-08-01 10:36:20 AM,6586.5,0,0.0,71673703.0
2025-08-01 10:36:21 AM,6586.5,30,197595.0,71871298.0
2025-08-01 10:36:23 AM,6585.0,0,0.0,71871298.0
2025-08-01 10:36:24 AM,6585.0,3,19755.0,71891053.0
2025-08-01 10:36:29 AM,6585.0,1,6585.0,71897638.0
2025-08-01 10:36:42 AM,6585.0,7,46095.0,71943733.0
2025-08-01 10:36:48 AM,6581.0,2,13162.0,71956895.0
2025-08-01 10:36:57 AM,6580.0,3,19740.0,71976635.0
2025-08-01 10:37:13 AM,6580.5,0,0.0,71976635.0
2025-08-01 10:37:13 AM,6580.0,7,46060.0,72022695.0
2025-08-01 10:37:17 AM,6583.0,0,0.0,72022695.0
2025-08-01 10:37:18 AM,6583.0,54,355482.0,72378177.0
2025-08-01 10:37:21 AM,6590.0,24,158160.0,72536337.0
2025-08-01 10:37:32 AM,6590.0,5,32950.0,72569287.0
2025-08-01 10:37:37 AM,6584.5,0,0.0,72569287.0
2025-08-01 10:37:38 AM,6584.5,1,6584.5,72575871.5
2025-08-01 10:37:43 AM,6596.0,0,0.0,72575871.5
2025-08-01 10:37:44 AM,6596.0,87,573852.0,73149723.5
2025-08-01 10:37:53 AM,6596.5,0,0.0,73149723.5
2025-08-01 10:37:54 AM,6596.5,1,6596.5,73156320.0
2025-08-01 10:38:02 AM,6591.0,0,0.0,73156320.0
2025-08-01 10:38:03 AM,6591.0,4,26364.0,73182684.0
2025-08-01 10:38:16 AM,6590.5,3,19771.5,73202455.5
2025-08-01 10:38:27 AM,6591.0,0,0.0,73202455.5
2025-08-01 10:38:28 AM,6591.0,1,6591.0,73209046.5
2025-08-01 10:38:33 AM,6587.5,0,0.0,73209046.5
2025-08-01 10:38:34 AM,6587.5,1,6587.5,73215634.0
2025-08-01 10:38:45 AM,6594.0,0,0.0,73215634.0
2025-08-01 10:38:46 AM,6594.0,1,6594.0,73222228.0
2025-08-01 10:38:54 AM,6591.5,0,0.0,73222228.0
2025-08-01 10:38:54 AM,6591.5,2,13183.0,73235411.0
2025-08-01 10:38:58 AM,6586.5,0,0.0,73235411.0
2025-08-01 10:38:59 AM,6586.5,10,65865.0,73301276.0
2025-08-01 10:39:15 AM,6593.5,0,0.0,73301276.0
2025-08-01 10:39:16 AM,6593.5,2,13187.0,73314463.0
2025-08-01 10:39:18 AM,6588.0,0,0.0,73314463.0
2025-08-01 10:39:19 AM,6588.0,1,6588.0,73321051.0
2025-08-01 10:39:24 AM,6585.0,0,0.0,73321051.0
2025-08-01 10:39:25 AM,6585.0,1,6585.0,73327636.0
2025-08-01 10:39:41 AM,6592.0,1,6592.0,73334228.0
2025-08-01 10:39:42 AM,6590.0,0,0.0,73334228.0
2025-08-01 10:39:44 AM,6592.0,6,39552.0,73373780.0
2025-08-01 10:40:03 AM,6589.5,10,65895.0,73439675.0
2025-08-01 10:40:22 AM,6591.5,0,0.0,73439675.0
2025-08-01 10:40:23 AM,6591.5,2,13183.0,73452858.0
2025-08-01 10:40:32 AM,6585.5,0,0.0,73452858.0
2025-08-01 10:40:34 AM,6585.5,2,13171.0,73466029.0
2025-08-01 10:40:45 AM,6591.0,0,0.0,73466029.0
2025-08-01 10:40:45 AM,6591.0,1,6591.0,73472620.0
2025-08-01 10:40:48 AM,6591.0,1,6591.0,73479211.0
2025-08-01 10:40:57 AM,6586.5,0,0.0,73479211.0
2025-08-01 10:40:59 AM,6586.5,1,6586.5,73485797.5
2025-08-01 10:41:03 AM,6592.5,0,0.0,73485797.5
2025-08-01 10:41:04 AM,6592.5,16,105480.0,73591277.5
2025-08-01 10:41:13 AM,6593.0,0,0.0,73591277.5
2025-08-01 10:41:16 AM,6593.0,1,6593.0,73597870.5
2025-08-01 10:41:20 AM,6585.5,0,0.0,73597870.5
2025-08-01 10:41:21 AM,6585.5,4,26342.0,73624212.5
2025-08-01 10:41:23 AM,6585.5,3,19756.5,73643969.0
2025-08-01 10:41:44 AM,6592.5,0,0.0,73643969.0
2025-08-01 10:41:44 AM,6592.5,2,13185.0,73657154.0
2025-08-01 10:41:47 AM,6586.5,0,0.0,73657154.0
2025-08-01 10:41:49 AM,6586.5,2,13173.0,73670327.0
2025-08-01 10:42:02 AM,6592.5,1,6592.5,73676919.5
2025-08-01 10:42:12 AM,6589.5,0,0.0,73676919.5
2025-08-01 10:42:13 AM,6589.5,1,6589.5,73683509.0
2025-08-01 10:42:17 AM,6583.5,1,6583.5,73690092.5
2025-08-01 10:42:37 AM,6584.5,0,0.0,73690092.5
2025-08-01 10:42:39 AM,6584.5,2,13169.0,73703261.5
2025-08-01 10:42:42 AM,6587.0,0,0.0,73703261.5
2025-08-01 10:42:45 AM,6587.0,1,6587.0,73709848.5
2025-08-01 10:43:03 AM,6589.5,0,0.0,73709848.5
2025-08-01 10:43:03 AM,6589.5,4,26358.0,73736206.5
2025-08-01 10:43:14 AM,6590.0,1,6590.0,73742796.5
2025-08-01 10:43:28 AM,6583.5,2,13167.0,73755963.5
2025-08-01 10:43:35 AM,6589.5,0,0.0,73755963.5
2025-08-01 10:43:36 AM,6589.5,1,6589.5,73762553.0
2025-08-01 10:43:45 AM,6589.5,2,13179.0,73775732.0
2025-08-01 10:43:52 AM,6584.5,2,13169.0,73788901.0
2025-08-01 10:44:13 AM,6591.0,0,0.0,73788901.0
2025-08-01 10:44:16 AM,6591.0,1,6591.0,73795492.0
2025-08-01 10:44:18 AM,6585.0,2,13170.0,73808662.0
2025-08-01 10:44:28 AM,6594.0,0,0.0,73808662.0
2025-08-01 10:44:29 AM,6594.0,50,329700.0,74138362.0
2025-08-01 10:44:43 AM,6590.0,0,0.0,74138362.0
2025-08-01 10:44:43 AM,6590.0,1,6590.0,74144952.0
2025-08-01 10:44:47 AM,6584.0,0,0.0,74144952.0
2025-08-01 10:44:48 AM,6584.0,2,13168.0,74158120.0
2025-08-01 10:44:59 AM,6591.0,0,0.0,74158120.0
2025-08-01 10:44:59 AM,6591.0,1,6591.0,74164711.0
2025-08-01 10:45:07 AM,6585.5,2,13171.0,74177882.0
2025-08-01 10:45:14 AM,6591.0,0,0.0,74177882.0
2025-08-01 10:45:16 AM,6591.0,1,6591.0,74184473.0
2025-08-01 10:45:21 AM,6591.0,1,6591.0,74191064.0
2025-08-01 10:45:32 AM,6593.0,0,0.0,74191064.0
2025-08-01 10:45:32 AM,6586.5,3,19759.5,74210823.5
2025-08-01 10:45:43 AM,6591.5,1,6591.5,74217415.0
2025-08-01 10:45:57 AM,6586.0,0,0.0,74217415.0
2025-08-01 10:45:59 AM,6591.0,0,0.0,74217415.0
2025-08-01 10:45:59 AM,6591.0,3,19773.0,74237188.0
2025-08-01 10:46:14 AM,6589.0,0,0.0,74237188.0
2025-08-01 10:46:17 AM,6589.0,2,13178.0,74250366.0
2025-08-01 10:46:22 AM,6584.0,3,19752.0,74270118.0
2025-08-01 10:46:44 AM,6588.5,0,0.0,74270118.0
2025-08-01 10:46:45 AM,6588.5,2,13177.0,74283295.0
2025-08-01 10:46:47 AM,6584.0,0,0.0,74283295.0
2025-08-01 10:46:50 AM,6584.0,1,6584.0,74289879.0
2025-08-01 10:46:51 AM,6588.5,0,0.0,74289879.0
2025-08-01 10:46:51 AM,6588.5,5,32942.5,74322821.5
2025-08-01 10:47:06 AM,6591.0,0,0.0,74322821.5
2025-08-01 10:47:06 AM,6591.0,60,395460.0,74718281.5
2025-08-01 10:47:12 AM,6587.0,0,0.0,74718281.5
2025-08-01 10:47:13 AM,6587.0,2,13174.0,74731455.5
2025-08-01 10:47:21 AM,6584.0,0,0.0,74731455.5
2025-08-01 10:47:22 AM,6584.0,6,39504.0,74770959.5
2025-08-01 10:47:34 AM,6584.5,0,0.0,74770959.5
2025-08-01 10:47:35 AM,6584.5,5,32922.5,74803882.0
2025-08-01 10:47:37 AM,6584.0,0,0.0,74803882.0
2025-08-01 10:47:39 AM,6584.0,2,13168.0,74817050.0
2025-08-01 10:47:44 AM,6590.5,0,0.0,74817050.0
2025-08-01 10:47:44 AM,6590.5,1,6590.5,74823640.5
2025-08-01 10:47:56 AM,6584.5,0,0.0,74823640.5
2025-08-01 10:47:57 AM,6584.5,2,13169.0,74836809.5
2025-08-01 10:48:02 AM,6584.0,3,19752.0,74856561.5
2025-08-01 10:48:14 AM,6590.5,0,0.0,74856561.5
2025-08-01 10:48:16 AM,6590.5,2,13181.0,74869742.5
2025-08-01 10:48:27 AM,6584.0,2,13168.0,74882910.5
2025-08-01 10:48:44 AM,6590.0,2,13180.0,74896090.5
2025-08-01 10:48:53 AM,6584.0,0,0.0,74896090.5
2025-08-01 10:48:55 AM,6584.0,2,13168.0,74909258.5
2025-08-01 10:49:13 AM,6589.0,0,0.0,74909258.5
2025-08-01 10:49:15 AM,6584.0,0,0.0,74909258.5
2025-08-01 10:49:16 AM,6584.0,5,32920.0,74942178.5
2025-08-01 10:49:18 AM,6584.0,2,13168.0,74955346.5
2025-08-01 10:49:43 AM,6586.5,2,13173.0,74968519.5
2025-08-01 10:49:47 AM,6584.0,0,0.0,74968519.5
2025-08-01 10:49:48 AM,6584.0,1,6584.0,74975103.5
2025-08-01 10:50:10 AM,6584.0,2,13168.0,74988271.5
2025-08-01 10:50:14 AM,6588.0,0,0.0,74988271.5
2025-08-01 10:50:16 AM,6588.0,2,13176.0,75001447.5
2025-08-01 10:50:33 AM,6584.0,2,13168.0,75014615.5
2025-08-01 10:50:44 AM,6588.0,2,13176.0,75027791.5
2025-08-01 10:50:58 AM,6584.0,0,0.0,75027791.5
2025-08-01 10:51:01 AM,6584.0,2,13168.0,75040959.5
2025-08-01 10:51:13 AM,6588.0,1,6588.0,75047547.5
2025-08-01 10:51:17 AM,6583.0,0,0.0,75047547.5
2025-08-01 10:51:18 AM,6583.0,2,13166.0,75060713.5
2025-08-01 10:51:23 AM,6583.0,3,19749.0,75080462.5
2025-08-01 10:51:45 AM,6583.0,138,908454.0,75988916.5
2025-08-01 10:51:47 AM,6583.5,0,0.0,75988916.5
2025-08-01 10:51:51 AM,6583.5,2,13167.0,76002083.5
2025-08-01 10:52:12 AM,6580.5,8,52644.0,76054727.5
2025-08-01 10:52:28 AM,6587.0,0,0.0,76054727.5
2025-08-01 10:52:28 AM,6587.0,21,138327.0,76193054.5
2025-08-01 10:52:38 AM,6582.0,0,0.0,76193054.5
2025-08-01 10:52:39 AM,6582.0,2,13164.0,76206218.5
2025-08-01 10:52:44 AM,6587.5,0,0.0,76206218.5
2025-08-01 10:52:44 AM,6587.5,1,6587.5,76212806.0
2025-08-01 10:53:03 AM,6585.0,0,0.0,76212806.0
2025-08-01 10:53:05 AM,6585.0,8,52680.0,76265486.0
2025-08-01 10:53:14 AM,6587.5,0,0.0,76265486.0
2025-08-01 10:53:16 AM,6587.5,1,6587.5,76272073.5
2025-08-01 10:53:21 AM,6588.0,1,6588.0,76278661.5
2025-08-01 10:53:27 AM,6585.0,2,13170.0,76291831.5
2025-08-01 10:53:42 AM,6593.5,0,0.0,76291831.5
2025-08-01 10:53:43 AM,6593.5,104,685724.0,76977555.5
2025-08-01 10:53:43 AM,6596.0,2,13192.0,76990747.5
2025-08-01 10:53:53 AM,6592.5,0,0.0,76990747.5
2025-08-01 10:53:53 AM,6592.5,1,6592.5,76997340.0
2025-08-01 10:53:58 AM,6588.0,0,0.0,76997340.0
2025-08-01 10:53:58 AM,6588.0,1,6588.0,77003928.0
2025-08-01 10:54:03 AM,6592.5,0,0.0,77003928.0
2025-08-01 10:54:04 AM,6592.5,1,6592.5,77010520.5
2025-08-01 10:54:09 AM,6588.5,10,65885.0,77076405.5
2025-08-01 10:54:10 AM,6587.5,4,26350.0,77102755.5
2025-08-01 10:54:17 AM,6588.0,0,0.0,77102755.5
2025-08-01 10:54:20 AM,6588.0,2,13176.0,77115931.5
2025-08-01 10:54:27 AM,6587.0,0,0.0,77115931.5
2025-08-01 10:54:29 AM,6588.5,0,0.0,77115931.5
2025-08-01 10:54:31 AM,6588.5,13,85650.5,77201582.0
2025-08-01 10:54:42 AM,6590.5,1,6590.5,77208172.5
2025-08-01 10:54:47 AM,6585.0,1,6585.0,77214757.5
2025-08-01 10:54:47 AM,6585.5,2,13171.0,77227928.5
2025-08-01 10:55:08 AM,6587.5,2,13175.0,77241103.5
2025-08-01 10:55:13 AM,6592.5,0,0.0,77241103.5
2025-08-01 10:55:13 AM,6592.5,2,13185.0,77254288.5
2025-08-01 10:55:32 AM,6588.5,0,0.0,77254288.5
2025-08-01 10:55:35 AM,6588.5,1,6588.5,77260877.0
2025-08-01 10:55:37 AM,6588.0,0,0.0,77260877.0
2025-08-01 10:55:41 AM,6588.0,1,6588.0,77267465.0
2025-08-01 10:55:44 AM,6592.5,0,0.0,77267465.0
2025-08-01 10:55:46 AM,6592.5,1,6592.5,77274057.5
2025-08-01 10:55:51 AM,6586.5,3,19759.5,77293817.0
2025-08-01 10:55:57 AM,6586.5,2,13173.0,77306990.0
2025-08-01 10:56:14 AM,6592.5,0,0.0,77306990.0
2025-08-01 10:56:17 AM,6592.5,1,6592.5,77313582.5
2025-08-01 10:56:22 AM,6586.0,0,0.0,77313582.5
2025-08-01 10:56:23 AM,6586.0,3,19758.0,77333340.5
2025-08-01 10:56:36 AM,6586.5,0,0.0,77333340.5
2025-08-01 10:56:38 AM,6586.5,2,13173.0,77346513.5
2025-08-01 10:56:44 AM,6592.5,0,0.0,77346513.5
2025-08-01 10:56:44 AM,6592.5,2,13185.0,77359698.5
2025-08-01 10:56:49 AM,6585.5,0,0.0,77359698.5
2025-08-01 10:56:49 AM,6585.5,2,13171.0,77372869.5
2025-08-01 10:57:05 AM,6585.5,43,283176.5,77656046.0
2025-08-01 10:57:12 AM,6588.0,0,0.0,77656046.0
2025-08-01 10:57:15 AM,6588.0,2,13176.0,77669222.0
2025-08-01 10:57:24 AM,6590.0,0,0.0,77669222.0
2025-08-01 10:57:26 AM,6590.0,1,6590.0,77675812.0
2025-08-01 10:57:37 AM,6586.5,2,13173.0,77688985.0
2025-08-01 10:57:44 AM,6590.0,0,0.0,77688985.0
2025-08-01 10:57:47 AM,6590.0,2,13180.0,77702165.0
2025-08-01 10:57:52 AM,6590.0,2,13180.0,77715345.0
2025-08-01 10:57:53 AM,6590.0,12,79080.0,77794425.0
2025-08-01 10:58:03 AM,6590.0,4,26360.0,77820785.0
2025-08-01 10:58:10 AM,6593.5,0,0.0,77820785.0
2025-08-01 10:58:14 AM,6593.5,16,105496.0,77926281.0
2025-08-01 10:58:21 AM,6596.5,0,0.0,77926281.0
2025-08-01 10:58:24 AM,6596.5,1,6596.5,77932877.5
2025-08-01 10:58:28 AM,6591.0,0,0.0,77932877.5
2025-08-01 10:58:30 AM,6591.0,2,13182.0,77946059.5
2025-08-01 10:58:36 AM,6591.0,2,13182.0,77959241.5
2025-08-01 10:58:52 AM,6590.5,1,6590.5,77965832.0
2025-08-01 10:58:57 AM,6590.0,2,13180.0,77979012.0
2025-08-01 10:59:13 AM,6595.5,2,13191.0,77992203.0
2025-08-01 10:59:17 AM,6591.0,0,0.0,77992203.0
2025-08-01 10:59:18 AM,6591.0,2,13182.0,78005385.0
2025-08-01 10:59:30 AM,6589.0,0,0.0,78005385.0
2025-08-01 10:59:33 AM,6589.0,1,6589.0,78011974.0
2025-08-01 10:59:42 AM,6591.5,0,0.0,78011974.0
2025-08-01 10:59:44 AM,6591.5,1,6591.5,78018565.5
2025-08-01 10:59:47 AM,6590.0,0,0.0,78018565.5
2025-08-01 10:59:49 AM,6590.0,1,6590.0,78025155.5
2025-08-01 10:59:52 AM,6586.0,0,0.0,78025155.5
2025-08-01 10:59:55 AM,6586.0,1,6586.0,78031741.5
2025-08-01 11:00:08 AM,6589.5,0,0.0,78031741.5
2025-08-01 11:00:12 AM,6589.5,2,13179.0,78044920.5
2025-08-01 11:00:14 AM,6593.0,0,0.0,78044920.5
2025-08-01 11:00:18 AM,6593.0,1,6593.0,78051513.5
2025-08-01 11:00:32 AM,6589.0,0,0.0,78051513.5
2025-08-01 11:00:34 AM,6589.0,2,13178.0,78064691.5
2025-08-01 11:00:44 AM,6595.0,0,0.0,78064691.5
2025-08-01 11:00:44 AM,6595.0,2,13190.0,78077881.5
2025-08-01 11:00:57 AM,6588.5,0,0.0,78077881.5
2025-08-01 11:01:00 AM,6588.5,2,13177.0,78091058.5
2025-08-01 11:01:09 AM,6592.5,0,0.0,78091058.5
2025-08-01 11:01:11 AM,6592.5,2,13185.0,78104243.5
2025-08-01 11:01:22 AM,6590.0,3,19770.0,78124013.5
2025-08-01 11:01:37 AM,6590.0,6,39540.0,78163553.5
2025-08-01 11:01:47 AM,6589.5,0,0.0,78163553.5
2025-08-01 11:01:48 AM,6589.5,2,13179.0,78176732.5
2025-08-01 11:01:54 AM,6599.5,45,296977.5,78473710.0
2025-08-01 11:02:12 AM,6589.5,0,0.0,78473710.0
2025-08-01 11:02:12 AM,6589.0,0,0.0,78473710.0
2025-08-01 11:02:13 AM,6589.0,22,144958.0,78618668.0
2025-08-01 11:02:14 AM,6597.0,20,131940.0,78750608.0
2025-08-01 11:02:37 AM,6592.0,0,0.0,78750608.0
2025-08-01 11:02:38 AM,6592.0,2,13184.0,78763792.0
2025-08-01 11:03:02 AM,6589.5,0,0.0,78763792.0
2025-08-01 11:03:02 AM,6589.5,3,19768.5,78783560.5
2025-08-01 11:03:13 AM,6596.0,0,0.0,78783560.5
2025-08-01 11:03:14 AM,6596.0,1,6596.0,78790156.5
2025-08-01 11:03:27 AM,6590.0,0,0.0,78790156.5
2025-08-01 11:03:28 AM,6590.0,2,13180.0,78803336.5
2025-08-01 11:03:44 AM,6595.5,2,13191.0,78816527.5
2025-08-01 11:03:52 AM,6589.5,2,13179.0,78829706.5
2025-08-01 11:03:59 AM,6597.0,0,0.0,78829706.5
2025-08-01 11:04:00 AM,6597.0,15,98955.0,78928661.5
2025-08-01 11:04:13 AM,6589.5,13,85663.5,79014325.0
2025-08-01 11:04:18 AM,6589.5,3,19768.5,79034093.5
2025-08-01 11:04:42 AM,6593.0,0,0.0,79034093.5
2025-08-01 11:04:43 AM,6593.0,1,6593.0,79040686.5
2025-08-01 11:04:48 AM,6588.0,0,0.0,79040686.5
2025-08-01 11:04:48 AM,6588.0,2,13176.0,79053862.5
2025-08-01 11:05:07 AM,6589.5,0,0.0,79053862.5
2025-08-01 11:05:08 AM,6589.5,2,13179.0,79067041.5
2025-08-01 11:05:14 AM,6595.0,0,0.0,79067041.5
2025-08-01 11:05:15 AM,6595.0,1,6595.0,79073636.5
2025-08-01 11:05:28 AM,6595.5,0,0.0,79073636.5
2025-08-01 11:05:29 AM,6595.5,1,6595.5,79080232.0
2025-08-01 11:05:34 AM,6590.0,0,0.0,79080232.0
2025-08-01 11:05:35 AM,6590.0,2,13180.0,79093412.0
2025-08-01 11:05:43 AM,6596.5,0,0.0,79093412.0
2025-08-01 11:05:46 AM,6596.5,15,98947.5,79192359.5
2025-08-01 11:05:58 AM,6592.5,1,6592.5,79198952.0
2025-08-01 11:06:02 AM,6588.0,0,0.0,79198952.0
2025-08-01 11:06:03 AM,6588.0,1,6588.0,79205540.0
2025-08-01 11:06:23 AM,6595.0,8,52760.0,79258300.0
2025-08-01 11:06:39 AM,6594.0,0,0.0,79258300.0
2025-08-01 11:06:43 AM,6594.0,1,6594.0,79264894.0
2025-08-01 11:06:47 AM,6589.0,0,0.0,79264894.0
2025-08-01 11:06:49 AM,6589.0,2,13178.0,79278072.0
2025-08-01 11:07:01 AM,6588.5,0,0.0,79278072.0
2025-08-01 11:07:01 AM,6588.5,2,13177.0,79291249.0
2025-08-01 11:07:12 AM,6588.0,0,0.0,79291249.0
2025-08-01 11:07:16 AM,6588.0,2,13176.0,79304425.0
2025-08-01 11:07:37 AM,6587.5,0,0.0,79304425.0
2025-08-01 11:07:37 AM,6587.5,2,13175.0,79317600.0
2025-08-01 11:07:39 AM,6587.0,0,0.0,79317600.0
2025-08-01 11:07:43 AM,6587.0,5,32935.0,79350535.0
2025-08-01 11:07:57 AM,6586.0,0,0.0,79350535.0
2025-08-01 11:07:59 AM,6586.0,176,1159136.0,80509671.0
2025-08-01 11:08:04 AM,6582.0,0,0.0,80509671.0
2025-08-01 11:08:04 AM,6582.0,3,19746.0,80529417.0
2025-08-01 11:08:14 AM,6587.5,0,0.0,80529417.0
2025-08-01 11:08:15 AM,6587.5,4,26350.0,80555767.0
2025-08-01 11:08:27 AM,6582.0,2,13164.0,80568931.0
2025-08-01 11:08:46 AM,6585.5,1,6585.5,80575516.5
2025-08-01 11:08:48 AM,6585.5,1,6585.5,80582102.0
2025-08-01 11:08:53 AM,6582.0,0,0.0,80582102.0
2025-08-01 11:08:54 AM,6582.0,2,13164.0,80595266.0
2025-08-01 11:09:06 AM,6582.0,2,13164.0,80608430.0
2025-08-01 11:09:14 AM,6585.0,0,0.0,80608430.0
2025-08-01 11:09:14 AM,6585.0,1,6585.0,80615015.0
2025-08-01 11:09:17 AM,6582.0,0,0.0,80615015.0
2025-08-01 11:09:17 AM,6582.0,2,13164.0,80628179.0
2025-08-01 11:09:31 AM,6582.0,5,32910.0,80661089.0
2025-08-01 11:09:33 AM,6585.0,0,0.0,80661089.0
2025-08-01 11:09:33 AM,6585.0,2,13170.0,80674259.0
2025-08-01 11:09:43 AM,6583.5,0,0.0,80674259.0
2025-08-01 11:09:44 AM,6583.5,2,13167.0,80687426.0
2025-08-01 11:09:47 AM,6582.0,0,0.0,80687426.0
2025-08-01 11:09:49 AM,6582.0,1,6582.0,80694008.0
2025-08-01 11:09:59 AM,6583.0,8,52664.0,80746672.0
2025-08-01 11:10:01 AM,6580.0,0,0.0,80746672.0
2025-08-01 11:10:03 AM,6582.5,17,111902.5,80858574.5
2025-08-01 11:10:04 AM,6583.0,10,65830.0,80924404.5
2025-08-01 11:10:08 AM,6580.0,2,13160.0,80937564.5
2025-08-01 11:10:14 AM,6583.0,1,6583.0,80944147.5
2025-08-01 11:10:32 AM,6580.0,0,0.0,80944147.5
2025-08-01 11:10:35 AM,6580.0,2,13160.0,80957307.5
2025-08-01 11:10:45 AM,6583.0,0,0.0,80957307.5
2025-08-01 11:10:46 AM,6583.0,2,13166.0,80970473.5
2025-08-01 11:10:57 AM,6580.0,2,13160.0,80983633.5
2025-08-01 11:11:14 AM,6583.0,0,0.0,80983633.5
2025-08-01 11:11:14 AM,6583.0,2,13166.0,80996799.5
2025-08-01 11:11:22 AM,6580.0,0,0.0,80996799.5
2025-08-01 11:11:24 AM,6580.0,3,19740.0,81016539.5
2025-08-01 11:11:25 AM,6583.0,0,0.0,81016539.5
2025-08-01 11:11:25 AM,6583.0,21,138243.0,81154782.5
2025-08-01 11:11:47 AM,6583.0,1,6583.0,81161365.5
2025-08-01 11:11:47 AM,6580.0,2,13160.0,81174525.5
2025-08-01 11:11:49 AM,6583.0,0,0.0,81174525.5
2025-08-01 11:11:52 AM,6583.0,1,6583.0,81181108.5
2025-08-01 11:12:12 AM,6580.0,0,0.0,81181108.5
2025-08-01 11:12:12 AM,6580.0,2,13160.0,81194268.5
2025-08-01 11:12:40 AM,6583.0,3,19749.0,81214017.5
2025-08-01 11:13:00 AM,6580.0,5,32900.0,81246917.5
2025-08-01 11:13:06 AM,6580.0,3,19740.0,81266657.5
2025-08-01 11:13:15 AM,6583.0,0,0.0,81266657.5
2025-08-01 11:13:17 AM,6583.0,1,6583.0,81273240.5
2025-08-01 11:13:28 AM,6580.0,2,13160.0,81286400.5
2025-08-01 11:13:38 AM,6580.0,2,13160.0,81299560.5
2025-08-01 11:13:54 AM,6580.0,232,1526560.0,82826120.5
2025-08-01 11:14:08 AM,6579.0,0,0.0,82826120.5
2025-08-01 11:14:11 AM,6579.0,1,6579.0,82832699.5
2025-08-01 11:14:17 AM,6579.0,2,13158.0,82845857.5
2025-08-01 11:14:17 AM,6576.0,0,0.0,82845857.5
2025-08-01 11:14:18 AM,6576.0,2,13152.0,82859009.5
2025-08-01 11:14:32 AM,6576.0,1,6576.0,82865585.5
2025-08-01 11:14:43 AM,6577.5,2,13155.0,82878740.5
2025-08-01 11:14:47 AM,6576.0,0,0.0,82878740.5
2025-08-01 11:14:48 AM,6576.0,1,6576.0,82885316.5
2025-08-01 11:14:54 AM,6576.0,1,6576.0,82891892.5
2025-08-01 11:15:11 AM,6576.0,2,13152.0,82905044.5
2025-08-01 11:15:15 AM,6578.5,0,0.0,82905044.5
2025-08-01 11:15:16 AM,6578.5,1,6578.5,82911623.0
2025-08-01 11:15:32 AM,6576.0,2,13152.0,82924775.0
2025-08-01 11:15:41 AM,6573.0,0,0.0,82924775.0
2025-08-01 11:15:42 AM,6573.0,53,348369.0,83273144.0
2025-08-01 11:15:58 AM,6573.0,2,13146.0,83286290.0
2025-08-01 11:16:14 AM,6576.0,1,6576.0,83292866.0
2025-08-01 11:16:23 AM,6573.0,0,0.0,83292866.0
2025-08-01 11:16:24 AM,6573.0,3,19719.0,83312585.0
2025-08-01 11:16:25 AM,6577.0,0,0.0,83312585.0
2025-08-01 11:16:25 AM,6585.0,0,0.0,83312585.0
2025-08-01 11:16:25 AM,6585.0,39,256815.0,83569400.0
2025-08-01 11:16:29 AM,6579.5,0,0.0,83569400.0
2025-08-01 11:16:29 AM,6579.5,1,6579.5,83575979.5
2025-08-01 11:16:44 AM,6584.5,0,0.0,83575979.5
2025-08-01 11:16:45 AM,6584.5,1,6584.5,83582564.0
2025-08-01 11:16:48 AM,6581.0,0,0.0,83582564.0
2025-08-01 11:16:50 AM,6581.0,1,6581.0,83589145.0
2025-08-01 11:16:53 AM,6576.5,0,0.0,83589145.0
2025-08-01 11:16:55 AM,6576.5,1,6576.5,83595721.5
2025-08-01 11:17:13 AM,6580.5,0,0.0,83595721.5
2025-08-01 11:17:13 AM,6580.5,1,6580.5,83602302.0
2025-08-01 11:17:17 AM,6575.5,0,0.0,83602302.0
2025-08-01 11:17:18 AM,6575.5,1,6575.5,83608877.5
2025-08-01 11:17:35 AM,6579.0,1,6579.0,83615456.5
2025-08-01 11:17:37 AM,6580.0,0,0.0,83615456.5
2025-08-01 11:17:38 AM,6580.0,2,13160.0,83628616.5
2025-08-01 11:17:45 AM,6583.0,0,0.0,83628616.5
2025-08-01 11:17:45 AM,6583.0,1,6583.0,83635199.5
2025-08-01 11:18:01 AM,6579.0,0,0.0,83635199.5
2025-08-01 11:18:04 AM,6576.5,0,0.0,83635199.5
2025-08-01 11:18:04 AM,6576.5,13,85494.5,83720694.0
2025-08-01 11:18:28 AM,6576.0,0,0.0,83720694.0
2025-08-01 11:18:28 AM,6576.0,2,13152.0,83733846.0
2025-08-01 11:18:44 AM,6582.5,1,6582.5,83740428.5
2025-08-01 11:18:52 AM,6577.5,0,0.0,83740428.5
2025-08-01 11:18:56 AM,6577.5,2,13155.0,83753583.5
2025-08-01 11:19:13 AM,6582.5,0,0.0,83753583.5
2025-08-01 11:19:13 AM,6582.5,1,6582.5,83760166.0
2025-08-01 11:19:17 AM,6576.0,0,0.0,83760166.0
2025-08-01 11:19:18 AM,6576.0,2,13152.0,83773318.0
2025-08-01 11:19:43 AM,6579.0,0,0.0,83773318.0
2025-08-01 11:19:45 AM,6579.0,1,6579.0,83779897.0
2025-08-01 11:19:49 AM,6575.0,0,0.0,83779897.0
2025-08-01 11:19:51 AM,6571.0,57,374547.0,84154444.0
2025-08-01 11:20:08 AM,6575.0,0,0.0,84154444.0
2025-08-01 11:20:12 AM,6575.0,2,13150.0,84167594.0
2025-08-01 11:20:14 AM,6580.5,0,0.0,84167594.0
2025-08-01 11:20:17 AM,6580.5,6,39483.0,84207077.0
2025-08-01 11:20:32 AM,6576.5,0,0.0,84207077.0
2025-08-01 11:20:33 AM,6576.5,2,13153.0,84220230.0
2025-08-01 11:20:44 AM,6583.0,1,6583.0,84226813.0
2025-08-01 11:20:57 AM,6575.0,0,0.0,84226813.0
2025-08-01 11:20:58 AM,6575.0,7,46025.0,84272838.0
2025-08-01 11:21:04 AM,6575.0,3,19725.0,84292563.0
2025-08-01 11:21:14 AM,6583.0,0,0.0,84292563.0
2025-08-01 11:21:15 AM,6583.0,1,6583.0,84299146.0
2025-08-01 11:21:22 AM,6577.0,0,0.0,84299146.0
2025-08-01 11:21:25 AM,6577.0,3,19731.0,84318877.0
2025-08-01 11:21:47 AM,6576.0,0,0.0,84318877.0
2025-08-01 11:21:51 AM,6576.0,1,6576.0,84325453.0
2025-08-01 11:21:52 AM,6571.0,0,0.0,84325453.0
2025-08-01 11:21:54 AM,6576.0,0,0.0,84325453.0
2025-08-01 11:21:56 AM,6576.0,3,19728.0,84345181.0
2025-08-01 11:22:05 AM,6577.5,0,0.0,84345181.0
2025-08-01 11:22:06 AM,6577.5,1,6577.5,84351758.5
2025-08-01 11:22:12 AM,6574.5,0,0.0,84351758.5
2025-08-01 11:22:13 AM,6574.5,1,6574.5,84358333.0
2025-08-01 11:22:17 AM,6570.0,0,0.0,84358333.0
2025-08-01 11:22:17 AM,6570.0,1,6570.0,84364903.0
2025-08-01 11:22:29 AM,6571.5,0,0.0,84364903.0
2025-08-01 11:22:34 AM,6571.5,2,13143.0,84378046.0
2025-08-01 11:22:38 AM,6572.0,0,0.0,84378046.0
2025-08-01 11:22:39 AM,6572.0,2,13144.0,84391190.0
2025-08-01 11:23:02 AM,6571.0,0,0.0,84391190.0
2025-08-01 11:23:05 AM,6571.0,3,19713.0,84410903.0
2025-08-01 11:23:26 AM,6570.0,0,0.0,84410903.0
2025-08-01 11:23:26 AM,6570.0,7,45990.0,84456893.0
2025-08-01 11:23:31 AM,6570.0,2,13140.0,84470033.0
2025-08-01 11:23:41 AM,6577.0,0,0.0,84470033.0
2025-08-01 11:23:42 AM,6577.0,1,6577.0,84476610.0
2025-08-01 11:23:44 AM,6578.0,0,0.0,84476610.0
2025-08-01 11:23:47 AM,6578.0,1,6578.0,84483188.0
2025-08-01 11:23:52 AM,6570.0,0,0.0,84483188.0
2025-08-01 11:23:56 AM,6570.0,2,13140.0,84496328.0
2025-08-01 11:24:09 AM,6580.0,0,0.0,84496328.0
2025-08-01 11:24:11 AM,6580.0,15,98700.0,84595028.0
2025-08-01 11:24:16 AM,6580.0,1,6580.0,84601608.0
2025-08-01 11:24:17 AM,6574.0,2,13148.0,84614756.0
2025-08-01 11:24:42 AM,6575.5,0,0.0,84614756.0
2025-08-01 11:24:43 AM,6575.5,1,6575.5,84621331.5
2025-08-01 11:24:48 AM,6570.5,0,0.0,84621331.5
2025-08-01 11:24:49 AM,6570.5,2,13141.0,84634472.5
2025-08-01 11:25:07 AM,6571.5,0,0.0,84634472.5
2025-08-01 11:25:08 AM,6571.0,0,0.0,84634472.5
2025-08-01 11:25:10 AM,6571.0,4,26284.0,84660756.5
2025-08-01 11:25:32 AM,6571.5,0,0.0,84660756.5
2025-08-01 11:25:36 AM,6571.5,2,13143.0,84673899.5
2025-08-01 11:25:57 AM,6572.0,2,13144.0,84687043.5
2025-08-01 11:26:14 AM,6577.5,0,0.0,84687043.5
2025-08-01 11:26:17 AM,6577.5,1,6577.5,84693621.0
2025-08-01 11:26:22 AM,6571.0,0,0.0,84693621.0
2025-08-01 11:26:22 AM,6571.0,3,19713.0,84713334.0
2025-08-01 11:26:37 AM,6573.0,0,0.0,84713334.0
2025-08-01 11:26:38 AM,6573.0,2,13146.0,84726480.0
2025-08-01 11:26:48 AM,6570.5,2,13141.0,84739621.0
2025-08-01 11:27:04 AM,6580.5,0,0.0,84739621.0
2025-08-01 11:27:04 AM,6580.5,12,78966.0,84818587.0
2025-08-01 11:27:12 AM,6571.5,2,13143.0,84831730.0
2025-08-01 11:27:25 AM,6572.5,0,0.0,84831730.0
2025-08-01 11:27:25 AM,6572.5,1,6572.5,84838302.5
2025-08-01 11:27:28 AM,6571.0,0,0.0,84838302.5
2025-08-01 11:27:28 AM,6571.0,5,32855.0,84871157.5
2025-08-01 11:27:33 AM,6568.5,75,492637.5,85363795.0
2025-08-01 11:27:39 AM,6569.0,2,13138.0,85376933.0
2025-08-01 11:27:47 AM,6576.0,0,0.0,85376933.0
2025-08-01 11:27:49 AM,6576.0,1,6576.0,85383509.0
2025-08-01 11:28:02 AM,6569.5,0,0.0,85383509.0
2025-08-01 11:28:05 AM,6569.5,3,19708.5,85403217.5
2025-08-01 11:28:27 AM,6570.0,2,13140.0,85416357.5
2025-08-01 11:28:44 AM,6576.5,0,0.0,85416357.5
2025-08-01 11:28:46 AM,6576.5,1,6576.5,85422934.0
2025-08-01 11:28:52 AM,6569.0,0,0.0,85422934.0
2025-08-01 11:28:52 AM,6569.0,2,13138.0,85436072.0
2025-08-01 11:29:15 AM,6579.5,0,0.0,85436072.0
2025-08-01 11:29:16 AM,6580.0,0,0.0,85436072.0
2025-08-01 11:29:16 AM,6580.0,221,1454180.0,86890252.0
2025-08-01 11:29:42 AM,6577.5,0,0.0,86890252.0
2025-08-01 11:29:43 AM,6577.5,1,6577.5,86896829.5
2025-08-01 11:29:47 AM,6571.5,0,0.0,86896829.5
2025-08-01 11:29:48 AM,6571.5,2,13143.0,86909972.5
2025-08-01 11:30:07 AM,6572.5,0,0.0,86909972.5
2025-08-01 11:30:09 AM,6572.5,2,13145.0,86923117.5
2025-08-01 11:30:33 AM,6571.5,0,0.0,86923117.5
2025-08-01 11:30:35 AM,6571.5,2,13143.0,86936260.5
2025-08-01 11:30:49 AM,6566.5,0,0.0,86936260.5
2025-08-01 11:30:51 AM,6565.0,46,301990.0,87238250.5
2025-08-01 11:30:56 AM,6570.0,0,0.0,87238250.5
2025-08-01 11:30:56 AM,6570.0,2,13140.0,87251390.5
2025-08-01 11:30:58 AM,6565.0,0,0.0,87251390.5
2025-08-01 11:30:59 AM,6565.0,2,13130.0,87264520.5
2025-08-01 11:31:14 AM,6570.0,1,6570.0,87271090.5
2025-08-01 11:31:19 AM,6570.0,5,32850.0,87303940.5
2025-08-01 11:31:22 AM,6565.0,1,6565.0,87310505.5
2025-08-01 11:31:27 AM,6570.0,0,0.0,87310505.5
2025-08-01 11:31:28 AM,6570.0,2,13140.0,87323645.5
2025-08-01 11:31:39 AM,6572.5,0,0.0,87323645.5
2025-08-01 11:31:40 AM,6572.5,13,85442.5,87409088.0
2025-08-01 11:31:43 AM,6588.5,68,448018.0,87857106.0
2025-08-01 11:31:44 AM,6600.0,0,0.0,87857106.0
2025-08-01 11:31:45 AM,6600.0,172,1135200.0,88992306.0
2025-08-01 11:31:47 AM,6604.5,0,0.0,88992306.0
2025-08-01 11:31:47 AM,6597.5,0,0.0,88992306.0
2025-08-01 11:31:48 AM,6597.5,33,217717.5,89210023.5
2025-08-01 11:31:54 AM,6588.0,32,210816.0,89420839.5
2025-08-01 11:32:03 AM,6585.5,47,309518.5,89730358.0
2025-08-01 11:32:12 AM,6582.0,0,0.0,89730358.0
2025-08-01 11:32:14 AM,6582.0,2,13164.0,89743522.0
2025-08-01 11:32:37 AM,6580.0,0,0.0,89743522.0
2025-08-01 11:32:40 AM,6583.0,3,19749.0,89763271.0
2025-08-01 11:33:02 AM,6575.0,0,0.0,89763271.0
2025-08-01 11:33:02 AM,6575.0,3,19725.0,89782996.0
2025-08-01 11:33:27 AM,6577.0,2,13154.0,89796150.0
2025-08-01 11:33:44 AM,6583.0,0,0.0,89796150.0
2025-08-01 11:33:47 AM,6583.0,1,6583.0,89802733.0
2025-08-01 11:33:52 AM,6576.0,0,0.0,89802733.0
2025-08-01 11:33:52 AM,6576.0,2,13152.0,89815885.0
2025-08-01 11:34:14 AM,6583.0,0,0.0,89815885.0
2025-08-01 11:34:17 AM,6576.0,0,0.0,89815885.0
2025-08-01 11:34:18 AM,6576.0,3,19728.0,89835613.0
2025-08-01 11:34:43 AM,6581.5,0,0.0,89835613.0
2025-08-01 11:34:43 AM,6581.5,1,6581.5,89842194.5
2025-08-01 11:34:47 AM,6576.5,0,0.0,89842194.5
2025-08-01 11:34:49 AM,6576.5,2,13153.0,89855347.5
2025-08-01 11:35:03 AM,6576.0,0,0.0,89855347.5
2025-08-01 11:35:04 AM,6576.0,39,256464.0,90111811.5
2025-08-01 11:35:08 AM,6579.5,0,0.0,90111811.5
2025-08-01 11:35:10 AM,6579.5,2,13159.0,90124970.5
2025-08-01 11:35:24 AM,6578.0,0,0.0,90124970.5
2025-08-01 11:35:26 AM,6578.0,10,65780.0,90190750.5
2025-08-01 11:35:33 AM,6577.5,0,0.0,90190750.5
2025-08-01 11:35:37 AM,6577.5,2,13155.0,90203905.5
2025-08-01 11:35:43 AM,6576.0,0,0.0,90203905.5
2025-08-01 11:35:47 AM,6576.0,100,657600.0,90861505.5
2025-08-01 11:35:48 AM,6586.0,0,0.0,90861505.5
2025-08-01 11:35:52 AM,6586.0,50,329300.0,91190805.5
2025-08-01 11:35:57 AM,6581.0,0,0.0,91190805.5
2025-08-01 11:35:57 AM,6581.0,1,6581.0,91197386.5
2025-08-01 11:36:02 AM,6578.0,0,0.0,91197386.5
2025-08-01 11:36:02 AM,6578.0,20,131560.0,91328946.5
2025-08-01 11:36:02 AM,6576.0,1,6576.0,91335522.5
2025-08-01 11:36:15 AM,6580.0,0,0.0,91335522.5
2025-08-01 11:36:18 AM,6580.0,1,6580.0,91342102.5
2025-08-01 11:36:22 AM,6576.0,0,0.0,91342102.5
2025-08-01 11:36:23 AM,6576.0,3,19728.0,91361830.5
2025-08-01 11:36:44 AM,6580.0,1,6580.0,91368410.5
2025-08-01 11:36:47 AM,6576.0,0,0.0,91368410.5
2025-08-01 11:36:49 AM,6576.0,2,13152.0,91381562.5
2025-08-01 11:37:09 AM,6578.5,0,0.0,91381562.5
2025-08-01 11:37:10 AM,6578.5,1,6578.5,91388141.0
2025-08-01 11:37:12 AM,6576.0,0,0.0,91388141.0
2025-08-01 11:37:15 AM,6576.0,2,13152.0,91401293.0
2025-08-01 11:37:41 AM,6576.0,2,13152.0,91414445.0
2025-08-01 11:37:45 AM,6580.0,0,0.0,91414445.0
2025-08-01 11:37:47 AM,6580.0,20,131600.0,91546045.0
2025-08-01 11:38:02 AM,6576.0,3,19728.0,91565773.0
2025-08-01 11:38:28 AM,6576.0,2,13152.0,91578925.0
2025-08-01 11:38:38 AM,6578.0,0,0.0,91578925.0
2025-08-01 11:38:38 AM,6578.0,8,52624.0,91631549.0
2025-08-01 11:38:39 AM,6575.5,0,0.0,91631549.0
2025-08-01 11:38:42 AM,6575.5,1,6575.5,91638124.5
2025-08-01 11:38:52 AM,6570.5,1,6570.5,91644695.0
2025-08-01 11:38:57 AM,6566.5,0,0.0,91644695.0
2025-08-01 11:38:57 AM,6566.5,1,6566.5,91651261.5
2025-08-01 11:39:14 AM,6575.0,0,0.0,91651261.5
2025-08-01 11:39:17 AM,6575.0,1,6575.0,91657836.5
2025-08-01 11:39:17 AM,6569.0,0,0.0,91657836.5
2025-08-01 11:39:18 AM,6569.0,2,13138.0,91670974.5
2025-08-01 11:39:44 AM,6570.5,0,0.0,91670974.5
2025-08-01 11:39:44 AM,6570.5,1,6570.5,91677545.0
2025-08-01 11:39:47 AM,6567.0,0,0.0,91677545.0
2025-08-01 11:39:49 AM,6567.0,2,13134.0,91690679.0
2025-08-01 11:40:10 AM,6567.0,9,59103.0,91749782.0
2025-08-01 11:40:35 AM,6567.0,1,6567.0,91756349.0
2025-08-01 11:40:38 AM,6565.0,0,0.0,91756349.0
2025-08-01 11:40:40 AM,6565.0,2,13130.0,91769479.0
2025-08-01 11:40:44 AM,6567.0,0,0.0,91769479.0
2025-08-01 11:40:45 AM,6567.0,1,6567.0,91776046.0
2025-08-01 11:40:55 AM,6570.5,1,6570.5,91782616.5
2025-08-01 11:40:58 AM,6566.5,0,0.0,91782616.5
2025-08-01 11:41:01 AM,6566.5,2,13133.0,91795749.5
2025-08-01 11:41:01 AM,6565.0,0,0.0,91795749.5
2025-08-01 11:41:01 AM,6565.0,4,26260.0,91822009.5
2025-08-01 11:41:06 AM,6570.5,1,6570.5,91828580.0
2025-08-01 11:41:07 AM,6571.0,1,6571.0,91835151.0
2025-08-01 11:41:09 AM,6566.0,0,0.0,91835151.0
2025-08-01 11:41:11 AM,6570.5,9,59134.5,91894285.5
2025-08-01 11:41:15 AM,6565.0,0,0.0,91894285.5
2025-08-01 11:41:16 AM,6565.0,1,6565.0,91900850.5
2025-08-01 11:41:26 AM,6565.0,2,13130.0,91913980.5
2025-08-01 11:41:27 AM,6561.5,0,0.0,91913980.5
2025-08-01 11:41:31 AM,6561.5,1,6561.5,91920542.0
2025-08-01 11:41:38 AM,6562.0,0,0.0,91920542.0
2025-08-01 11:41:41 AM,6562.0,60,393720.0,92314262.0
2025-08-01 11:41:44 AM,6569.0,0,0.0,92314262.0
2025-08-01 11:41:46 AM,6569.0,1,6569.0,92320831.0
2025-08-01 11:41:48 AM,6565.0,0,0.0,92320831.0
2025-08-01 11:41:51 AM,6565.0,2,13130.0,92333961.0
2025-08-01 11:42:14 AM,6563.0,0,0.0,92333961.0
2025-08-01 11:42:17 AM,6563.0,2,13126.0,92347087.0
2025-08-01 11:42:27 AM,6561.0,59,387099.0,92734186.0
2025-08-01 11:42:38 AM,6561.0,36,236196.0,92970382.0
2025-08-01 11:42:59 AM,6570.0,514,3376980.0,96347362.0
2025-08-01 11:43:00 AM,6567.5,25,164187.5,96511549.5
2025-08-01 11:43:00 AM,6570.5,0,0.0,96511549.5
2025-08-01 11:43:03 AM,6570.5,1,6570.5,96518120.0
2025-08-01 11:43:21 AM,6562.0,0,0.0,96518120.0
2025-08-01 11:43:26 AM,6562.0,1,6562.0,96524682.0
2025-08-01 11:43:28 AM,6561.0,0,0.0,96524682.0
2025-08-01 11:43:31 AM,6561.0,9,59049.0,96583731.0
2025-08-01 11:43:46 AM,6563.5,0,0.0,96583731.0
2025-08-01 11:43:46 AM,6563.5,1,6563.5,96590294.5
2025-08-01 11:43:52 AM,6561.0,0,0.0,96590294.5
2025-08-01 11:43:56 AM,6561.0,2,13122.0,96603416.5
2025-08-01 11:44:14 AM,6564.0,1,6564.0,96609980.5
2025-08-01 11:44:19 AM,6561.0,0,0.0,96609980.5
2025-08-01 11:44:20 AM,6561.0,2,13122.0,96623102.5
2025-08-01 11:44:37 AM,6561.0,10,65610.0,96688712.5
2025-08-01 11:44:43 AM,6561.0,3,19683.0,96708395.5
2025-08-01 11:44:48 AM,6561.0,1,6561.0,96714956.5
2025-08-01 11:45:09 AM,6561.0,2,13122.0,96728078.5
2025-08-01 11:45:32 AM,6560.5,0,0.0,96728078.5
2025-08-01 11:45:36 AM,6560.5,2,13121.0,96741199.5
2025-08-01 11:45:40 AM,6563.5,0,0.0,96741199.5
2025-08-01 11:45:41 AM,6563.5,1,6563.5,96747763.0
2025-08-01 11:45:44 AM,6564.0,0,0.0,96747763.0
2025-08-01 11:45:46 AM,6566.5,20,131330.0,96879093.0
2025-08-01 11:45:58 AM,6560.5,2,13121.0,96892214.0
2025-08-01 11:46:14 AM,6564.0,1,6564.0,96898778.0
2025-08-01 11:46:22 AM,6560.5,0,0.0,96898778.0
2025-08-01 11:46:24 AM,6560.5,3,19681.5,96918459.5
2025-08-01 11:46:28 AM,6561.0,0,0.0,96918459.5
2025-08-01 11:46:29 AM,6561.0,5,32805.0,96951264.5
2025-08-01 11:46:48 AM,6562.0,0,0.0,96951264.5
2025-08-01 11:46:50 AM,6562.0,2,13124.0,96964388.5
2025-08-01 11:47:04 AM,6566.5,0,0.0,96964388.5
2025-08-01 11:47:06 AM,6566.5,3,19699.5,96984088.0
2025-08-01 11:47:12 AM,6564.0,0,0.0,96984088.0
2025-08-01 11:47:16 AM,6564.0,1,6564.0,96990652.0
2025-08-01 11:47:18 AM,6562.0,0,0.0,96990652.0
2025-08-01 11:47:21 AM,6562.0,1,6562.0,96997214.0
2025-08-01 11:47:36 AM,6561.0,0,0.0,96997214.0
2025-08-01 11:47:36 AM,6561.0,3,19683.0,97016897.0
2025-08-01 11:47:37 AM,6560.5,0,0.0,97016897.0
2025-08-01 11:47:37 AM,6560.5,2,13121.0,97030018.0
2025-08-01 11:48:02 AM,6560.5,2,13121.0,97043139.0
2025-08-01 11:48:08 AM,6560.0,2,13120.0,97056259.0
2025-08-01 11:48:13 AM,6560.0,2,13120.0,97069379.0
2025-08-01 11:48:17 AM,6563.5,0,0.0,97069379.0
2025-08-01 11:48:18 AM,6563.5,2,13127.0,97082506.0
2025-08-01 11:48:27 AM,6560.0,0,0.0,97082506.0
2025-08-01 11:48:27 AM,6560.0,4,26240.0,97108746.0
2025-08-01 11:48:32 AM,6563.5,0,0.0,97108746.0
2025-08-01 11:48:32 AM,6563.5,1,6563.5,97115309.5
2025-08-01 11:48:43 AM,6564.0,0,0.0,97115309.5
2025-08-01 11:48:43 AM,6564.0,1,6564.0,97121873.5
2025-08-01 11:48:48 AM,6563.5,1,6563.5,97128437.0
2025-08-01 11:48:52 AM,6558.0,0,0.0,97128437.0
2025-08-01 11:48:53 AM,6558.0,2,13116.0,97141553.0
2025-08-01 11:49:18 AM,6559.0,0,0.0,97141553.0
2025-08-01 11:49:19 AM,6559.0,2,13118.0,97154671.0
2025-08-01 11:49:40 AM,6559.0,15,98385.0,97253056.0
2025-08-01 11:49:43 AM,6556.0,0,0.0,97253056.0
2025-08-01 11:49:45 AM,6556.0,3,19668.0,97272724.0
2025-08-01 11:49:58 AM,6558.0,0,0.0,97272724.0
2025-08-01 11:50:00 AM,6558.0,116,760728.0,98033452.0
2025-08-01 11:50:02 AM,6560.0,0,0.0,98033452.0
2025-08-01 11:50:03 AM,6559.0,0,0.0,98033452.0
2025-08-01 11:50:05 AM,6559.0,12,78708.0,98112160.0
2025-08-01 11:50:08 AM,6560.0,0,0.0,98112160.0
2025-08-01 11:50:11 AM,6560.0,2,13120.0,98125280.0
2025-08-01 11:50:32 AM,6560.5,0,0.0,98125280.0
2025-08-01 11:50:36 AM,6560.5,2,13121.0,98138401.0
2025-08-01 11:51:01 AM,6560.5,2,13121.0,98151522.0
2025-08-01 11:51:20 AM,6560.0,0,0.0,98151522.0
2025-08-01 11:51:20 AM,6560.0,29,190240.0,98341762.0
2025-08-01 11:51:21 AM,6562.5,1,6562.5,98348324.5
2025-08-01 11:51:23 AM,6561.0,0,0.0,98348324.5
2025-08-01 11:51:25 AM,6561.0,4,26244.0,98374568.5
2025-08-01 11:51:45 AM,6561.0,1,6561.0,98381129.5
2025-08-01 11:51:47 AM,6556.0,0,0.0,98381129.5
2025-08-01 11:51:50 AM,6556.0,2,13112.0,98394241.5
2025-08-01 11:52:12 AM,6558.5,0,0.0,98394241.5
2025-08-01 11:52:16 AM,6558.5,1,6558.5,98400800.0
2025-08-01 11:52:18 AM,6556.0,0,0.0,98400800.0
2025-08-01 11:52:21 AM,6556.0,1,6556.0,98407356.0
2025-08-01 11:52:36 AM,6556.0,2,13112.0,98420468.0
2025-08-01 11:52:41 AM,6556.0,2,13112.0,98433580.0
2025-08-01 11:53:03 AM,6558.0,0,0.0,98433580.0
2025-08-01 11:53:06 AM,6558.0,3,19674.0,98453254.0
2025-08-01 11:53:14 AM,6561.0,0,0.0,98453254.0
2025-08-01 11:53:17 AM,6561.0,1,6561.0,98459815.0
2025-08-01 11:53:22 AM,6561.0,1,6561.0,98466376.0
2025-08-01 11:53:28 AM,6558.0,2,13116.0,98479492.0
2025-08-01 11:53:53 AM,6558.0,2,13116.0,98492608.0
2025-08-01 11:54:11 AM,6556.0,0,0.0,98492608.0
2025-08-01 11:54:12 AM,6556.0,58,380248.0,98872856.0
2025-08-01 11:54:18 AM,6556.0,2,13112.0,98885968.0
2025-08-01 11:54:43 AM,6557.0,1,6557.0,98892525.0
2025-08-01 11:54:47 AM,6556.0,0,0.0,98892525.0
2025-08-01 11:54:48 AM,6556.0,2,13112.0,98905637.0
2025-08-01 11:55:01 AM,6555.0,0,0.0,98905637.0
2025-08-01 11:55:03 AM,6555.0,45,294975.0,99200612.0
2025-08-01 11:55:08 AM,6555.0,2,13110.0,99213722.0
2025-08-01 11:55:34 AM,6555.0,2,13110.0,99226832.0
2025-08-01 11:55:45 AM,6558.0,1,6558.0,99233390.0
2025-08-01 11:55:57 AM,6555.0,0,0.0,99233390.0
2025-08-01 11:55:58 AM,6555.0,2,13110.0,99246500.0
2025-08-01 11:56:24 AM,6555.0,3,19665.0,99266165.0
2025-08-01 11:56:44 AM,6558.0,1,6558.0,99272723.0
2025-08-01 11:56:47 AM,6555.0,0,0.0,99272723.0
2025-08-01 11:56:49 AM,6555.0,2,13110.0,99285833.0
2025-08-01 11:57:14 AM,6555.0,2,13110.0,99298943.0
2025-08-01 11:57:39 AM,6555.0,2,13110.0,99312053.0
2025-08-01 11:57:44 AM,6558.0,0,0.0,99312053.0
2025-08-01 11:57:44 AM,6558.0,1,6558.0,99318611.0
2025-08-01 11:58:04 AM,6558.0,3,19674.0,99338285.0
2025-08-01 11:58:14 AM,6561.0,0,0.0,99338285.0
2025-08-01 11:58:16 AM,6561.0,1,6561.0,99344846.0
2025-08-01 11:58:27 AM,6558.0,0,0.0,99344846.0
2025-08-01 11:58:28 AM,6558.0,2,13116.0,99357962.0
2025-08-01 11:58:53 AM,6558.0,2,13116.0,99371078.0
2025-08-01 11:59:14 AM,6561.0,1,6561.0,99377639.0
2025-08-01 11:59:18 AM,6558.0,0,0.0,99377639.0
2025-08-01 11:59:19 AM,6558.0,2,13116.0,99390755.0
2025-08-01 11:59:45 AM,6558.0,3,19674.0,99410429.0
2025-08-01 12:00:13 PM,6561.0,0,0.0,99410429.0
2025-08-01 12:00:16 PM,6561.0,1,6561.0,99416990.0
2025-08-01 12:00:43 PM,6564.0,0,0.0,99416990.0
2025-08-01 12:00:43 PM,6564.0,2,13128.0,99430118.0
2025-08-01 12:00:44 PM,6569.5,0,0.0,99430118.0
2025-08-01 12:00:46 PM,6587.5,26,171275.0,99601393.0
2025-08-01 12:00:58 PM,6583.0,0,0.0,99601393.0
2025-08-01 12:00:58 PM,6583.0,2,13166.0,99614559.0
2025-08-01 12:01:09 PM,6584.0,0,0.0,99614559.0
2025-08-01 12:01:11 PM,6584.0,1,6584.0,99621143.0
2025-08-01 12:01:39 PM,6584.0,8,52672.0,99673815.0
2025-08-01 12:01:44 PM,6586.0,1,6586.0,99680401.0
2025-08-01 12:01:52 PM,6584.0,0,0.0,99680401.0
2025-08-01 12:01:53 PM,6584.0,4,26336.0,99706737.0
2025-08-01 12:02:12 PM,6586.5,0,0.0,99706737.0
2025-08-01 12:02:12 PM,6586.5,1,6586.5,99713323.5
2025-08-01 12:02:41 PM,6590.5,0,0.0,99713323.5
2025-08-01 12:02:43 PM,6590.5,126,830403.0,100543726.5
2025-08-01 12:02:43 PM,6599.0,0,0.0,100543726.5
2025-08-01 12:02:45 PM,6599.0,1,6599.0,100550325.5
2025-08-01 12:02:46 PM,6602.5,0,0.0,100550325.5
2025-08-01 12:02:48 PM,6602.5,5,33012.5,100583338.0
2025-08-01 12:02:51 PM,6591.0,0,0.0,100583338.0
2025-08-01 12:02:53 PM,6591.0,50,329550.0,100912888.0
2025-08-01 12:02:58 PM,6591.0,8,52728.0,100965616.0
2025-08-01 12:03:07 PM,6591.5,0,0.0,100965616.0
2025-08-01 12:03:08 PM,6590.5,0,0.0,100965616.0
2025-08-01 12:03:08 PM,6590.5,4,26362.0,100991978.0
2025-08-01 12:03:39 PM,6588.5,0,0.0,100991978.0
2025-08-01 12:03:39 PM,6588.5,1,6588.5,100998566.5
2025-08-01 12:04:02 PM,6587.0,0,0.0,100998566.5
2025-08-01 12:04:03 PM,6587.0,8,52696.0,101051262.5
2025-08-01 12:04:22 PM,6580.0,0,0.0,101051262.5
2025-08-01 12:04:22 PM,6580.0,9,59220.0,101110482.5
2025-08-01 12:04:44 PM,6588.5,0,0.0,101110482.5
2025-08-01 12:04:44 PM,6588.5,1,6588.5,101117071.0
2025-08-01 12:05:08 PM,6582.0,0,0.0,101117071.0
2025-08-01 12:05:08 PM,6582.0,12,78984.0,101196055.0
2025-08-01 12:05:44 PM,6587.5,1,6587.5,101202642.5
2025-08-01 12:06:14 PM,6588.5,1,6588.5,101209231.0
2025-08-01 12:06:43 PM,6588.5,1,6588.5,101215819.5
2025-08-01 12:06:46 PM,6583.5,0,0.0,101215819.5
2025-08-01 12:06:48 PM,6583.5,1,6583.5,101222403.0
2025-08-01 12:07:13 PM,6588.0,1,6588.0,101228991.0
2025-08-01 12:07:17 PM,6588.5,0,0.0,101228991.0
2025-08-01 12:07:18 PM,6588.5,1,6588.5,101235579.5
2025-08-01 12:07:44 PM,6588.5,1,6588.5,101242168.0
2025-08-01 12:08:03 PM,6588.0,0,0.0,101242168.0
2025-08-01 12:08:03 PM,6588.0,23,151524.0,101393692.0
2025-08-01 12:08:14 PM,6588.0,1,6588.0,101400280.0
2025-08-01 12:08:24 PM,6588.0,36,237168.0,101637448.0
2025-08-01 12:08:26 PM,6586.0,0,0.0,101637448.0
2025-08-01 12:08:29 PM,6586.0,2,13172.0,101650620.0
2025-08-01 12:08:34 PM,6588.5,0,0.0,101650620.0
2025-08-01 12:08:38 PM,6588.5,4,26354.0,101676974.0
2025-08-01 12:08:41 PM,6595.5,0,0.0,101676974.0
2025-08-01 12:08:43 PM,6595.5,54,356157.0,102033131.0
2025-08-01 12:08:44 PM,6593.0,1,6593.0,102039724.0
2025-08-01 12:09:06 PM,6598.0,0,0.0,102039724.0
2025-08-01 12:09:08 PM,6598.0,54,356292.0,102396016.0
2025-08-01 12:09:33 PM,6584.5,6,39507.0,102435523.0
2025-08-01 12:09:39 PM,6590.0,0,0.0,102435523.0
2025-08-01 12:09:43 PM,6590.0,10,65900.0,102501423.0
2025-08-01 12:09:52 PM,6580.5,0,0.0,102501423.0
2025-08-01 12:09:53 PM,6580.5,6,39483.0,102540906.0
2025-08-01 12:10:04 PM,6586.0,0,0.0,102540906.0
2025-08-01 12:10:08 PM,6586.0,1,6586.0,102547492.0
2025-08-01 12:10:14 PM,6586.5,1,6586.5,102554078.5
2025-08-01 12:10:43 PM,6587.0,1,6587.0,102560665.5
2025-08-01 12:10:47 PM,6580.5,0,0.0,102560665.5
2025-08-01 12:10:48 PM,6580.5,54,355347.0,102916012.5
2025-08-01 12:10:52 PM,6575.5,0,0.0,102916012.5
2025-08-01 12:10:53 PM,6575.5,100,657550.0,103573562.5
2025-08-01 12:11:13 PM,6586.0,1,6586.0,103580148.5
2025-08-01 12:11:43 PM,6587.0,1,6587.0,103586735.5
2025-08-01 12:12:16 PM,6587.0,1,6587.0,103593322.5
2025-08-01 12:12:44 PM,6587.5,0,0.0,103593322.5
2025-08-01 12:12:47 PM,6587.5,1,6587.5,103599910.0
2025-08-01 12:13:04 PM,6574.5,0,0.0,103599910.0
2025-08-01 12:13:08 PM,6574.5,100,657450.0,104257360.0
2025-08-01 12:13:40 PM,6584.0,0,0.0,104257360.0
2025-08-01 12:13:42 PM,6584.0,2,13168.0,104270528.0
2025-08-01 12:13:47 PM,6584.0,1,6584.0,104277112.0
2025-08-01 12:14:14 PM,6585.5,0,0.0,104277112.0
2025-08-01 12:14:17 PM,6585.5,1,6585.5,104283697.5
2025-08-01 12:14:44 PM,6585.0,0,0.0,104283697.5
2025-08-01 12:14:47 PM,6585.0,1,6585.0,104290282.5
2025-08-01 12:15:14 PM,6585.5,1,6585.5,104296868.0
2025-08-01 12:15:18 PM,6581.0,2,13162.0,104310030.0
2025-08-01 12:16:14 PM,6583.5,1,6583.5,104316613.5
2025-08-01 12:16:23 PM,6583.5,4,26334.0,104342947.5
2025-08-01 12:16:47 PM,6583.5,6,39501.0,104382448.5
2025-08-01 12:17:14 PM,6583.0,0,0.0,104382448.5
2025-08-01 12:17:17 PM,6583.0,1,6583.0,104389031.5
2025-08-01 12:17:30 PM,6577.0,0,0.0,104389031.5
2025-08-01 12:17:31 PM,6577.0,17,111809.0,104500840.5
2025-08-01 12:18:14 PM,6581.5,0,0.0,104500840.5
2025-08-01 12:18:15 PM,6581.5,1,6581.5,104507422.0
2025-08-01 12:18:44 PM,6581.0,0,0.0,104507422.0
2025-08-01 12:18:44 PM,6581.0,1,6581.0,104514003.0
2025-08-01 12:19:15 PM,6581.0,1,6581.0,104520584.0
2025-08-01 12:19:37 PM,6568.5,0,0.0,104520584.0
2025-08-01 12:19:40 PM,6568.5,37,243034.5,104763618.5
2025-08-01 12:20:14 PM,6570.0,0,0.0,104763618.5
2025-08-01 12:20:16 PM,6570.0,1,6570.0,104770188.5
2025-08-01 12:20:24 PM,6571.5,0,0.0,104770188.5
2025-08-01 12:20:27 PM,6571.5,15,98572.5,104868761.0
2025-08-01 12:20:33 PM,6566.5,17,111630.5,104980391.5
2025-08-01 12:21:02 PM,6577.5,0,0.0,104980391.5
2025-08-01 12:21:03 PM,6577.5,25,164437.5,105144829.0
2025-08-01 12:21:13 PM,6574.0,0,0.0,105144829.0
2025-08-01 12:21:13 PM,6574.0,1,6574.0,105151403.0
2025-08-01 12:21:41 PM,6575.0,8,52600.0,105204003.0
2025-08-01 12:21:44 PM,6572.0,0,0.0,105204003.0
2025-08-01 12:21:45 PM,6572.0,1,6572.0,105210575.0
2025-08-01 12:22:15 PM,6576.5,0,0.0,105210575.0
2025-08-01 12:22:16 PM,6576.5,1,6576.5,105217151.5
2025-08-01 12:22:43 PM,6577.0,0,0.0,105217151.5
2025-08-01 12:22:43 PM,6577.0,1,6577.0,105223728.5
2025-08-01 12:22:53 PM,6574.0,1,6574.0,105230302.5
2025-08-01 12:23:13 PM,6577.5,1,6577.5,105236880.0
2025-08-01 12:24:14 PM,6578.0,0,0.0,105236880.0
2025-08-01 12:24:17 PM,6578.0,1,6578.0,105243458.0
2025-08-01 12:24:44 PM,6582.5,0,0.0,105243458.0
2025-08-01 12:24:46 PM,6582.5,1,6582.5,105250040.5
2025-08-01 12:25:14 PM,6582.0,0,0.0,105250040.5
2025-08-01 12:25:16 PM,6582.0,5,32910.0,105282950.5
2025-08-01 12:26:14 PM,6579.0,0,0.0,105282950.5
2025-08-01 12:26:17 PM,6579.0,1,6579.0,105289529.5
2025-08-01 12:26:30 PM,6581.0,0,0.0,105289529.5
2025-08-01 12:26:32 PM,6581.0,10,65810.0,105355339.5
2025-08-01 12:26:36 PM,6581.5,0,0.0,105355339.5
2025-08-01 12:26:37 PM,6581.5,3,19744.5,105375084.0
2025-08-01 12:26:46 PM,6581.5,1,6581.5,105381665.5
2025-08-01 12:27:08 PM,6579.5,5,32897.5,105414563.0
2025-08-01 12:27:27 PM,6572.5,2,13145.0,105427708.0
2025-08-01 12:27:49 PM,6574.5,0,0.0,105427708.0
2025-08-01 12:27:52 PM,6574.5,1,6574.5,105434282.5
2025-08-01 12:28:07 PM,6572.5,19,124877.5,105559160.0
2025-08-01 12:28:14 PM,6573.0,0,0.0,105559160.0
2025-08-01 12:28:16 PM,6573.0,1,6573.0,105565733.0
2025-08-01 12:28:46 PM,6573.0,1,6573.0,105572306.0
2025-08-01 12:28:53 PM,6570.0,5,32850.0,105605156.0
2025-08-01 12:29:21 PM,6573.0,0,0.0,105605156.0
2025-08-01 12:29:22 PM,6573.0,15,98595.0,105703751.0
2025-08-01 12:29:44 PM,6575.0,1,6575.0,105710326.0
2025-08-01 12:30:15 PM,6575.0,1,6575.0,105716901.0
2025-08-01 12:30:44 PM,6578.0,0,0.0,105716901.0
2025-08-01 12:30:44 PM,6578.0,1,6578.0,105723479.0
2025-08-01 12:31:06 PM,6580.0,0,0.0,105723479.0
2025-08-01 12:31:07 PM,6580.0,1,6580.0,105730059.0
2025-08-01 12:31:14 PM,6581.0,0,0.0,105730059.0
2025-08-01 12:31:14 PM,6581.0,1,6581.0,105736640.0
2025-08-01 12:31:18 PM,6581.0,3,19743.0,105756383.0
2025-08-01 12:31:40 PM,6574.0,5,32870.0,105789253.0
2025-08-01 12:32:14 PM,6580.5,0,0.0,105789253.0
2025-08-01 12:32:16 PM,6580.5,1,6580.5,105795833.5
2025-08-01 12:32:47 PM,6580.5,1,6580.5,105802414.0
2025-08-01 12:33:14 PM,6580.0,0,0.0,105802414.0
2025-08-01 12:33:17 PM,6580.0,1,6580.0,105808994.0
2025-08-01 12:33:31 PM,6580.0,12,78960.0,105887954.0
2025-08-01 12:33:44 PM,6579.5,0,0.0,105887954.0
2025-08-01 12:33:47 PM,6579.5,1,6579.5,105894533.5
2025-08-01 12:34:17 PM,6579.5,1,6579.5,105901113.0
2025-08-01 12:34:48 PM,6579.5,1,6579.5,105907692.5
2025-08-01 12:35:13 PM,6579.0,0,0.0,105907692.5
2025-08-01 12:35:14 PM,6579.0,1,6579.0,105914271.5
2025-08-01 12:35:30 PM,6575.0,0,0.0,105914271.5
2025-08-01 12:35:33 PM,6575.0,7,46025.0,105960296.5
2025-08-01 12:36:04 PM,6570.0,0,0.0,105960296.5
2025-08-01 12:36:06 PM,6570.0,1,6570.0,105966866.5
2025-08-01 12:36:14 PM,6576.5,0,0.0,105966866.5
2025-08-01 12:36:16 PM,6576.5,1,6576.5,105973443.0
2025-08-01 12:36:44 PM,6577.5,0,0.0,105973443.0
2025-08-01 12:36:47 PM,6577.5,1,6577.5,105980020.5
2025-08-01 12:37:17 PM,6577.5,1,6577.5,105986598.0
2025-08-01 12:37:19 PM,6578.0,0,0.0,105986598.0
2025-08-01 12:37:22 PM,6578.0,1,6578.0,105993176.0
2025-08-01 12:37:47 PM,6578.0,1,6578.0,105999754.0
2025-08-01 12:38:02 PM,6578.5,0,0.0,105999754.0
2025-08-01 12:38:03 PM,6578.5,2,13157.0,106012911.0
2025-08-01 12:38:09 PM,6576.0,0,0.0,106012911.0
2025-08-01 12:38:12 PM,6576.0,1,6576.0,106019487.0
2025-08-01 12:38:41 PM,6576.0,1,6576.0,106026063.0
2025-08-01 12:38:50 PM,6578.5,0,0.0,106026063.0
2025-08-01 12:38:51 PM,6578.5,1,6578.5,106032641.5
2025-08-01 12:39:09 PM,6575.5,0,0.0,106032641.5
2025-08-01 12:39:10 PM,6575.5,1,6575.5,106039217.0
2025-08-01 12:39:40 PM,6575.5,1,6575.5,106045792.5
2025-08-01 12:39:51 PM,6573.5,0,0.0,106045792.5
2025-08-01 12:39:55 PM,6573.5,1,6573.5,106052366.0
2025-08-01 12:40:14 PM,6576.5,0,0.0,106052366.0
2025-08-01 12:40:16 PM,6576.5,1,6576.5,106058942.5
2025-08-01 12:40:40 PM,6570.0,0,0.0,106058942.5
2025-08-01 12:40:42 PM,6570.0,18,118260.0,106177202.5
2025-08-01 12:41:13 PM,6577.0,1,6577.0,106183779.5
2025-08-01 12:41:44 PM,6577.0,1,6577.0,106190356.5
2025-08-01 12:42:14 PM,6577.5,0,0.0,106190356.5
2025-08-01 12:42:15 PM,6577.5,1,6577.5,106196934.0
2025-08-01 12:42:36 PM,6571.0,2,13142.0,106210076.0
2025-08-01 12:42:41 PM,6570.5,4,26282.0,106236358.0
2025-08-01 12:43:13 PM,6576.5,0,0.0,106236358.0
2025-08-01 12:43:14 PM,6576.5,1,6576.5,106242934.5
2025-08-01 12:43:18 PM,6570.0,35,229950.0,106472884.5
2025-08-01 12:43:40 PM,6571.0,0,0.0,106472884.5
2025-08-01 12:43:41 PM,6571.0,2,13142.0,106486026.5
2025-08-01 12:44:14 PM,6575.0,1,6575.0,106492601.5
2025-08-01 12:44:44 PM,6574.5,0,0.0,106492601.5
2025-08-01 12:44:45 PM,6574.5,1,6574.5,106499176.0
2025-08-01 12:45:32 PM,6574.0,1,6574.0,106505750.0
2025-08-01 12:45:39 PM,6572.0,0,0.0,106505750.0
2025-08-01 12:45:42 PM,6572.0,1,6572.0,106512322.0
2025-08-01 12:46:15 PM,6572.5,0,0.0,106512322.0
2025-08-01 12:46:17 PM,6572.5,1,6572.5,106518894.5
2025-08-01 12:47:14 PM,6572.5,1,6572.5,106525467.0
2025-08-01 12:47:16 PM,6569.0,0,0.0,106525467.0
2025-08-01 12:47:18 PM,6569.0,2,13138.0,106538605.0
2025-08-01 12:47:34 PM,6569.0,2,13138.0,106551743.0
2025-08-01 12:47:44 PM,6572.5,0,0.0,106551743.0
2025-08-01 12:47:44 PM,6572.5,1,6572.5,106558315.5
2025-08-01 12:47:54 PM,6564.0,28,183792.0,106742107.5
2025-08-01 12:48:44 PM,6572.5,1,6572.5,106748680.0
2025-08-01 12:49:14 PM,6572.5,1,6572.5,106755252.5
2025-08-01 12:50:02 PM,6562.0,0,0.0,106755252.5
2025-08-01 12:50:03 PM,6562.0,104,682448.0,107437700.5
2025-08-01 12:51:15 PM,6563.5,0,0.0,107437700.5
2025-08-01 12:51:16 PM,6563.5,1,6563.5,107444264.0
2025-08-01 12:51:24 PM,6556.0,0,0.0,107444264.0
2025-08-01 12:51:26 PM,6556.0,10,65560.0,107509824.0
2025-08-01 12:51:45 PM,6563.5,0,0.0,107509824.0
2025-08-01 12:51:45 PM,6563.5,1,6563.5,107516387.5
2025-08-01 12:51:48 PM,6564.5,0,0.0,107516387.5
2025-08-01 12:51:50 PM,6564.5,5,32822.5,107549210.0
2025-08-01 12:52:44 PM,6564.0,0,0.0,107549210.0
2025-08-01 12:52:45 PM,6564.0,1,6564.0,107555774.0
2025-08-01 12:52:49 PM,6564.5,0,0.0,107555774.0
2025-08-01 12:52:50 PM,6564.5,25,164112.5,107719886.5
2025-08-01 12:53:14 PM,6564.0,0,0.0,107719886.5
2025-08-01 12:53:15 PM,6564.0,1,6564.0,107726450.5
2025-08-01 12:54:14 PM,6561.5,0,0.0,107726450.5
2025-08-01 12:54:15 PM,6561.5,1,6561.5,107733012.0
2025-08-01 12:54:46 PM,6561.5,1,6561.5,107739573.5
2025-08-01 12:54:56 PM,6556.5,0,0.0,107739573.5
2025-08-01 12:54:57 PM,6556.5,3,19669.5,107759243.0
2025-08-01 12:55:44 PM,6562.0,0,0.0,107759243.0
2025-08-01 12:55:48 PM,6562.0,1,6562.0,107765805.0
2025-08-01 12:56:06 PM,6556.0,0,0.0,107765805.0
2025-08-01 12:56:08 PM,6556.0,6,39336.0,107805141.0
2025-08-01 12:56:12 PM,6564.0,0,0.0,107805141.0
2025-08-01 12:56:13 PM,6564.0,15,98460.0,107903601.0
2025-08-01 12:56:38 PM,6557.5,2,13115.0,107916716.0
2025-08-01 12:57:14 PM,6563.5,0,0.0,107916716.0
2025-08-01 12:57:18 PM,6563.5,1,6563.5,107923279.5
2025-08-01 12:58:03 PM,6555.5,15,98332.5,108021612.0
2025-08-01 12:58:44 PM,6563.5,1,6563.5,108028175.5
2025-08-01 12:59:44 PM,6564.0,0,0.0,108028175.5
2025-08-01 12:59:45 PM,6564.0,1,6564.0,108034739.5
2025-08-01 01:00:16 PM,6564.0,1,6564.0,108041303.5
2025-08-01 01:01:14 PM,6564.5,1,6564.5,108047868.0
2025-08-01 01:01:35 PM,6559.5,0,0.0,108047868.0
2025-08-01 01:01:36 PM,6559.5,1,6559.5,108054427.5
2025-08-01 01:01:45 PM,6565.0,0,0.0,108054427.5
2025-08-01 01:01:45 PM,6565.0,1,6565.0,108060992.5
2025-08-01 01:02:45 PM,6561.0,0,0.0,108060992.5
2025-08-01 01:02:45 PM,6561.0,1,6561.0,108067553.5
2025-08-01 01:03:14 PM,6561.0,1,6561.0,108074114.5
2025-08-01 01:04:14 PM,6561.0,1,6561.0,108080675.5
2025-08-01 01:04:43 PM,6557.0,0,0.0,108080675.5
2025-08-01 01:04:44 PM,6557.0,28,183596.0,108264271.5
2025-08-01 01:05:09 PM,6560.5,0,0.0,108264271.5
2025-08-01 01:05:12 PM,6560.5,1,6560.5,108270832.0
2025-08-01 01:05:44 PM,6561.0,1,6561.0,108277393.0
2025-08-01 01:06:02 PM,6563.5,0,0.0,108277393.0
2025-08-01 01:06:03 PM,6563.5,8,52508.0,108329901.0
2025-08-01 01:06:14 PM,6563.5,1,6563.5,108336464.5
2025-08-01 01:06:25 PM,6557.0,0,0.0,108336464.5
2025-08-01 01:06:25 PM,6557.0,16,104912.0,108441376.5
2025-08-01 01:07:15 PM,6565.0,0,0.0,108441376.5
2025-08-01 01:07:15 PM,6565.0,1,6565.0,108447941.5
2025-08-01 01:07:46 PM,6565.0,1,6565.0,108454506.5
2025-08-01 01:07:56 PM,6566.0,0,0.0,108454506.5
2025-08-01 01:07:56 PM,6566.0,2,13132.0,108467638.5
2025-08-01 01:07:58 PM,6568.5,0,0.0,108467638.5
2025-08-01 01:07:58 PM,6568.5,2,13137.0,108480775.5
