date,price,qty,trnvr,cum_trnvr
2025-08-01 09:15:00 AM,1248.3,153,190989.9,190989.9
2025-08-01 09:15:00 AM,1251.3,0,0.0,190989.9
2025-08-01 09:15:08 AM,1248.3,0,0.0,190989.9
2025-08-01 09:15:09 AM,1250.4,1728,2160691.2,2351681.1
2025-08-01 09:15:12 AM,1256.4,1937,2433646.8000000003,4785327.9
2025-08-01 09:15:17 AM,1260.2,0,0.0,4785327.9
2025-08-01 09:15:20 AM,1260.2,791,996818.2000000001,5782146.100000001
2025-08-01 09:15:22 AM,1262.1,536,676485.6,6458631.7
2025-08-01 09:15:25 AM,1267.2,0,0.0,6458631.7
2025-08-01 09:15:28 AM,1260.9,0,0.0,6458631.7
2025-08-01 09:15:29 AM,1260.3,1953,2461365.9,8919997.6
2025-08-01 09:15:31 AM,1264.6,297,375586.19999999995,9295583.799999999
2025-08-01 09:15:32 AM,1263.1,0,0.0,9295583.799999999
2025-08-01 09:15:37 AM,1262.1,0,0.0,9295583.799999999
2025-08-01 09:15:38 AM,1262.1,2041,2575946.0999999996,11871529.899999999
2025-08-01 09:15:41 AM,1262.7,0,0.0,11871529.899999999
2025-08-01 09:15:45 AM,1264.9,0,0.0,11871529.899999999
2025-08-01 09:15:46 AM,1264.4,427,539898.8,12411428.7
2025-08-01 09:15:48 AM,1264.9,260,328874.0,12740302.7
2025-08-01 09:15:53 AM,1264.1,0,0.0,12740302.7
2025-08-01 09:15:54 AM,1264.0,210,265440.0,13005742.7
2025-08-01 09:15:59 AM,1263.9,0,0.0,13005742.7
2025-08-01 09:16:01 AM,1258.3,0,0.0,13005742.7
2025-08-01 09:16:02 AM,1256.4,902,1133272.8,14139015.5
2025-08-01 09:16:04 AM,1260.1,480,604848.0,14743863.5
2025-08-01 09:16:10 AM,1254.4,22,27596.800000000003,14771460.3
2025-08-01 09:16:12 AM,1257.2,854,1073648.8,15845109.100000001
2025-08-01 09:16:15 AM,1257.4,0,0.0,15845109.100000001
2025-08-01 09:16:19 AM,1257.9,160,201264.0,16046373.100000001
2025-08-01 09:16:20 AM,1258.2,167,210119.4,16256492.500000002
2025-08-01 09:16:25 AM,1258.7,0,0.0,16256492.500000002
2025-08-01 09:16:27 AM,1258.7,228,286983.60000000003,16543476.100000001
2025-08-01 09:16:35 AM,1260.0,50,63000.0,16606476.100000001
2025-08-01 09:16:43 AM,1259.9,0,0.0,16606476.100000001
2025-08-01 09:16:44 AM,1259.9,216,272138.4,16878614.5
2025-08-01 09:16:45 AM,1259.7,84,105814.8,16984429.3
2025-08-01 09:17:04 AM,1261.8,0,0.0,16984429.3
2025-08-01 09:17:08 AM,1263.8,723,913727.4,17898156.7
2025-08-01 09:17:10 AM,1264.2,475,600495.0,18498651.7
2025-08-01 09:17:11 AM,1265.8,0,0.0,18498651.7
2025-08-01 09:17:13 AM,1263.7,0,0.0,18498651.7
2025-08-01 09:17:17 AM,1262.4,381,480974.4,18979626.099999998
2025-08-01 09:17:18 AM,1263.7,107,135215.9,19114841.999999996
2025-08-01 09:17:20 AM,1262.2,0,0.0,19114841.999999996
2025-08-01 09:17:25 AM,1259.9,179,225522.1,19340364.099999998
2025-08-01 09:17:26 AM,1261.4,120,151368.0,19491732.099999998
2025-08-01 09:17:30 AM,1261.8,0,0.0,19491732.099999998
2025-08-01 09:17:33 AM,1260.4,53,66801.20000000001,19558533.299999997
2025-08-01 09:17:36 AM,1264.0,0,0.0,19558533.299999997
2025-08-01 09:17:38 AM,1262.1,0,0.0,19558533.299999997
2025-08-01 09:17:41 AM,1260.9,359,452663.10000000003,20011196.4
2025-08-01 09:17:45 AM,1261.2,0,0.0,20011196.4
2025-08-01 09:17:50 AM,1261.3,100,126130.0,20137326.4
2025-08-01 09:17:54 AM,1259.4,0,0.0,20137326.4
2025-08-01 09:17:58 AM,1259.2,388,488569.60000000003,20625896.0
2025-08-01 09:17:59 AM,1260.8,68,85734.4,20711630.4
2025-08-01 09:18:02 AM,1262.2,0,0.0,20711630.4
2025-08-01 09:18:04 AM,1263.4,0,0.0,20711630.4
2025-08-01 09:18:06 AM,1264.2,340,429828.0,21141458.4
2025-08-01 09:18:12 AM,1263.7,0,0.0,21141458.4
2025-08-01 09:18:15 AM,1263.7,58,73294.6,21214753.0
2025-08-01 09:18:16 AM,1263.9,5,6319.5,21221072.5
2025-08-01 09:18:18 AM,1263.2,0,0.0,21221072.5
2025-08-01 09:18:20 AM,1262.5,0,0.0,21221072.5
2025-08-01 09:18:23 AM,1262.5,109,137612.5,21358685.0
2025-08-01 09:18:34 AM,1264.0,0,0.0,21358685.0
2025-08-01 09:18:39 AM,1264.1,669,845682.8999999999,22204367.9
2025-08-01 09:18:42 AM,1265.0,0,0.0,22204367.9
2025-08-01 09:18:44 AM,1263.7,0,0.0,22204367.9
2025-08-01 09:18:47 AM,1263.9,246,310919.4,22515287.299999997
2025-08-01 09:18:50 AM,1265.6,0,0.0,22515287.299999997
2025-08-01 09:18:56 AM,1265.6,1018,1288380.7999999998,23803668.099999998
2025-08-01 09:18:58 AM,1265.4,0,0.0,23803668.099999998
2025-08-01 09:19:00 AM,1264.4,0,0.0,23803668.099999998
2025-08-01 09:19:04 AM,1263.7,545,688716.5,24492384.599999998
2025-08-01 09:19:06 AM,1264.4,0,0.0,24492384.599999998
2025-08-01 09:19:12 AM,1264.4,59,74599.6,24566984.2
2025-08-01 09:19:14 AM,1265.2,0,0.0,24566984.2
2025-08-01 09:19:20 AM,1265.2,17,21508.4,24588492.599999998
2025-08-01 09:19:28 AM,1265.2,36,45547.200000000004,24634039.799999997
2025-08-01 09:19:29 AM,1263.0,350,442050.0,25076089.799999997
2025-08-01 09:19:36 AM,1263.4,50,63170.00000000001,25139259.799999997
2025-08-01 09:19:38 AM,1263.5,68,85918.0,25225177.799999997
2025-08-01 09:19:44 AM,1262.0,13,16406.0,25241583.799999997
2025-08-01 09:20:07 AM,1263.9,0,0.0,25241583.799999997
2025-08-01 09:20:08 AM,1263.9,64,80889.6,25322473.4
2025-08-01 09:20:14 AM,1263.1,0,0.0,25322473.4
2025-08-01 09:20:16 AM,1263.1,20,25262.0,25347735.4
2025-08-01 09:20:21 AM,1263.3,0,0.0,25347735.4
2025-08-01 09:20:24 AM,1263.3,13,16422.899999999998,25364158.299999997
2025-08-01 09:20:35 AM,1263.8,0,0.0,25364158.299999997
2025-08-01 09:20:40 AM,1263.8,10,12638.0,25376796.299999997
2025-08-01 09:20:46 AM,1262.3,0,0.0,25376796.299999997
2025-08-01 09:20:47 AM,1262.0,86,108532.0,25485328.299999997
2025-08-01 09:20:49 AM,1261.0,0,0.0,25485328.299999997
2025-08-01 09:20:53 AM,1265.4,0,0.0,25485328.299999997
2025-08-01 09:20:55 AM,1265.4,2364,2991405.6,28476733.9
2025-08-01 09:20:56 AM,1266.8,1,1266.8,28478000.7
2025-08-01 09:21:00 AM,1269.9,0,0.0,28478000.7
2025-08-01 09:21:02 AM,1271.9,0,0.0,28478000.7
2025-08-01 09:21:03 AM,1271.9,748,951381.2000000001,29429381.9
2025-08-01 09:21:04 AM,1271.9,115,146268.5,29575650.4
2025-08-01 09:21:11 AM,1271.9,1,1271.9,29576922.299999997
2025-08-01 09:21:12 AM,1271.9,7,8903.300000000001,29585825.599999998
2025-08-01 09:21:14 AM,1270.3,0,0.0,29585825.599999998
2025-08-01 09:21:16 AM,1272.5,0,0.0,29585825.599999998
2025-08-01 09:21:18 AM,1272.5,1521,1935472.5,31521298.099999998
2025-08-01 09:21:19 AM,1274.0,61,77714.0,31599012.099999998
2025-08-01 09:21:21 AM,1274.9,0,0.0,31599012.099999998
2025-08-01 09:21:23 AM,1274.5,0,0.0,31599012.099999998
2025-08-01 09:21:26 AM,1271.5,987,1254970.5,32853982.599999998
2025-08-01 09:21:27 AM,1270.9,236,299932.4,33153914.999999996
2025-08-01 09:21:28 AM,1271.5,0,0.0,33153914.999999996
2025-08-01 09:21:30 AM,1273.6,0,0.0,33153914.999999996
2025-08-01 09:21:34 AM,1271.3,409,519961.69999999995,33673876.699999996
2025-08-01 09:21:37 AM,1270.0,0,0.0,33673876.699999996
2025-08-01 09:21:40 AM,1269.8,0,0.0,33673876.699999996
2025-08-01 09:21:42 AM,1269.8,205,260309.0,33934185.699999996
2025-08-01 09:21:43 AM,1269.6,5,6348.0,33940533.699999996
2025-08-01 09:21:46 AM,1270.5,0,0.0,33940533.699999996
2025-08-01 09:21:49 AM,1269.3,31,39348.299999999996,33979881.99999999
2025-08-01 09:21:53 AM,1268.9,0,0.0,33979881.99999999
2025-08-01 09:21:56 AM,1270.3,0,0.0,33979881.99999999
2025-08-01 09:21:57 AM,1270.7,139,176627.30000000002,34156509.29999999
2025-08-01 09:22:04 AM,1270.7,11,13977.7,34170486.99999999
2025-08-01 09:22:07 AM,1272.0,0,0.0,34170486.99999999
2025-08-01 09:22:10 AM,1272.1,0,0.0,34170486.99999999
2025-08-01 09:22:12 AM,1271.5,211,268286.5,34438773.49999999
2025-08-01 09:22:13 AM,1272.2,57,72515.40000000001,34511288.89999999
2025-08-01 09:22:14 AM,1270.6,0,0.0,34511288.89999999
2025-08-01 09:22:20 AM,1270.6,363,461227.8,34972516.69999999
2025-08-01 09:22:21 AM,1271.6,1058,1345352.7999999998,36317869.499999985
2025-08-01 09:22:31 AM,1271.8,0,0.0,36317869.499999985
2025-08-01 09:22:35 AM,1270.6,167,212190.19999999998,36530059.69999999
2025-08-01 09:22:43 AM,1272.4,143,181953.2,36712012.89999999
2025-08-01 09:22:49 AM,1271.3,0,0.0,36712012.89999999
2025-08-01 09:22:50 AM,1271.3,40,50852.0,36762864.89999999
2025-08-01 09:22:55 AM,1270.1,0,0.0,36762864.89999999
2025-08-01 09:22:57 AM,1271.8,0,0.0,36762864.89999999
2025-08-01 09:22:58 AM,1271.8,401,509991.8,37272856.69999999
2025-08-01 09:23:00 AM,1271.7,97,123354.90000000001,37396211.59999999
2025-08-01 09:23:02 AM,1271.8,0,0.0,37396211.59999999
2025-08-01 09:23:05 AM,1272.0,150,190800.0,37587011.59999999
2025-08-01 09:23:09 AM,1270.3,0,0.0,37587011.59999999
2025-08-01 09:23:13 AM,1270.0,200,254000.0,37841011.59999999
2025-08-01 09:23:15 AM,1271.1,65,82621.5,37923633.09999999
2025-08-01 09:23:16 AM,1271.8,0,0.0,37923633.09999999
2025-08-01 09:23:21 AM,1270.2,240,304848.0,38228481.09999999
2025-08-01 09:23:28 AM,1271.1,377,479204.69999999995,38707685.79999999
2025-08-01 09:23:29 AM,1271.0,0,0.0,38707685.79999999
2025-08-01 09:23:30 AM,1271.0,100,127100.0,38834785.79999999
2025-08-01 09:23:36 AM,1271.0,188,238948.0,39073733.79999999
2025-08-01 09:23:43 AM,1272.7,0,0.0,39073733.79999999
2025-08-01 09:23:44 AM,1272.7,26,33090.200000000004,39106823.99999999
2025-08-01 09:23:49 AM,1271.8,0,0.0,39106823.99999999
2025-08-01 09:23:51 AM,1271.8,1,1271.8,39108095.79999999
2025-08-01 09:23:55 AM,1271.9,0,0.0,39108095.79999999
2025-08-01 09:23:59 AM,1271.2,98,124577.6,39232673.39999999
2025-08-01 09:24:00 AM,1271.2,1011,1285183.2,40517856.599999994
2025-08-01 09:24:02 AM,1271.9,0,0.0,40517856.599999994
2025-08-01 09:24:07 AM,1272.1,94,119577.4,40637433.99999999
2025-08-01 09:24:09 AM,1271.9,0,0.0,40637433.99999999
2025-08-01 09:24:14 AM,1271.4,200,254280.00000000003,40891713.99999999
2025-08-01 09:24:28 AM,1271.7,0,0.0,40891713.99999999
2025-08-01 09:24:29 AM,1271.7,31,39422.700000000004,40931136.699999996
2025-08-01 09:24:54 AM,1271.4,382,485674.80000000005,41416811.49999999
2025-08-01 09:24:59 AM,1271.4,25,31785.000000000004,41448596.49999999
2025-08-01 09:25:01 AM,1271.6,10,12716.0,41461312.49999999
2025-08-01 09:25:06 AM,1272.1,0,0.0,41461312.49999999
2025-08-01 09:25:07 AM,1272.1,305,387990.5,41849302.99999999
2025-08-01 09:25:13 AM,1272.5,0,0.0,41849302.99999999
2025-08-01 09:25:14 AM,1272.5,26,33085.0,41882387.99999999
2025-08-01 09:25:16 AM,1272.3,314,399502.2,42281890.199999996
2025-08-01 09:25:24 AM,1273.9,198,252232.2,42534122.4
2025-08-01 09:25:26 AM,1273.0,0,0.0,42534122.4
2025-08-01 09:25:29 AM,1273.1,57,72566.7,42606689.1
2025-08-01 09:25:48 AM,1272.9,0,0.0,42606689.1
2025-08-01 09:25:52 AM,1272.9,15,19093.5,42625782.6
2025-08-01 09:25:54 AM,1271.7,0,0.0,42625782.6
2025-08-01 09:25:59 AM,1271.4,160,203424.0,42829206.6
2025-08-01 09:26:00 AM,1271.7,0,0.0,42829206.6
2025-08-01 09:26:01 AM,1272.0,192,244224.0,43073430.6
2025-08-01 09:26:07 AM,1270.0,1008,1280160.0,44353590.6
2025-08-01 09:26:09 AM,1270.5,291,369715.5,44723306.1
2025-08-01 09:26:14 AM,1272.9,0,0.0,44723306.1
2025-08-01 09:26:15 AM,1272.9,189,240578.1,44963884.2
2025-08-01 09:26:17 AM,1272.7,6,7636.200000000001,44971520.400000006
2025-08-01 09:26:20 AM,1271.4,0,0.0,44971520.400000006
2025-08-01 09:26:23 AM,1272.5,65,82712.5,45054232.900000006
2025-08-01 09:26:32 AM,1271.5,501,637021.5,45691254.400000006
2025-08-01 09:26:40 AM,1272.1,22,27986.199999999997,45719240.60000001
2025-08-01 09:26:41 AM,1272.5,0,0.0,45719240.60000001
2025-08-01 09:26:45 AM,1272.5,63,80167.5,45799408.10000001
2025-08-01 09:26:47 AM,1272.4,1,1272.4,45800680.50000001
2025-08-01 09:26:50 AM,1273.0,0,0.0,45800680.50000001
2025-08-01 09:26:53 AM,1273.0,2607,3318711.0,49119391.50000001
2025-08-01 09:26:53 AM,1272.0,0,0.0,49119391.50000001
2025-08-01 09:26:54 AM,1272.0,175,222600.0,49341991.50000001
2025-08-01 09:26:57 AM,1272.9,0,0.0,49341991.50000001
2025-08-01 09:27:00 AM,1272.9,1261,1605126.9000000001,50947118.400000006
2025-08-01 09:27:02 AM,1273.3,54,68758.2,51015876.60000001
2025-08-01 09:27:23 AM,1273.3,5,6366.5,51022243.10000001
2025-08-01 09:27:24 AM,1272.5,10,12725.0,51034968.10000001
2025-08-01 09:27:25 AM,1272.2,0,0.0,51034968.10000001
2025-08-01 09:27:30 AM,1272.2,30,38166.0,51073134.10000001
2025-08-01 09:27:35 AM,1271.6,0,0.0,51073134.10000001
2025-08-01 09:27:37 AM,1271.2,35,44492.0,51117626.10000001
2025-08-01 09:27:39 AM,1272.2,8,10177.6,51127803.70000001
2025-08-01 09:27:41 AM,1271.5,0,0.0,51127803.70000001
2025-08-01 09:27:45 AM,1272.2,50,63610.0,51191413.70000001
2025-08-01 09:27:53 AM,1272.2,4,5088.8,51196502.50000001
2025-08-01 09:28:01 AM,1271.9,0,0.0,51196502.50000001
2025-08-01 09:28:02 AM,1271.5,12,15258.0,51211760.50000001
2025-08-01 09:28:07 AM,1271.9,0,0.0,51211760.50000001
2025-08-01 09:28:08 AM,1271.9,41,52147.9,51263908.400000006
2025-08-01 09:28:13 AM,1271.0,0,0.0,51263908.400000006
2025-08-01 09:28:16 AM,1271.0,118,149978.0,51413886.400000006
2025-08-01 09:28:24 AM,1271.9,1,1271.9,51415158.300000004
2025-08-01 09:28:30 AM,1272.0,0,0.0,51415158.300000004
2025-08-01 09:28:31 AM,1272.0,52,66144.0,51481302.300000004
2025-08-01 09:28:33 AM,1270.6,25,31764.999999999996,51513067.300000004
2025-08-01 09:28:36 AM,1271.5,0,0.0,51513067.300000004
2025-08-01 09:28:39 AM,1271.5,10,12715.0,51525782.300000004
2025-08-01 09:28:42 AM,1270.3,0,0.0,51525782.300000004
2025-08-01 09:28:46 AM,1270.2,0,0.0,51525782.300000004
2025-08-01 09:28:47 AM,1270.2,24,30484.800000000003,51556267.1
2025-08-01 09:28:51 AM,1270.1,0,0.0,51556267.1
2025-08-01 09:28:54 AM,1271.0,211,268181.0,51824448.1
2025-08-01 09:29:03 AM,1271.2,26,33051.200000000004,51857499.300000004
2025-08-01 09:29:09 AM,1270.8,0,0.0,51857499.300000004
2025-08-01 09:29:10 AM,1270.8,32,40665.6,51898164.900000006
2025-08-01 09:29:11 AM,1270.3,289,367116.7,52265281.60000001
2025-08-01 09:29:15 AM,1269.0,0,0.0,52265281.60000001
2025-08-01 09:29:17 AM,1269.0,105,133245.0,52398526.60000001
2025-08-01 09:29:20 AM,1268.1,0,0.0,52398526.60000001
2025-08-01 09:29:25 AM,1266.4,220,278608.0,52677134.60000001
2025-08-01 09:29:32 AM,1267.7,30,38031.0,52715165.60000001
2025-08-01 09:30:08 AM,1266.4,0,0.0,52715165.60000001
2025-08-01 09:30:10 AM,1266.0,133,168378.0,52883543.60000001
2025-08-01 09:30:15 AM,1266.9,0,0.0,52883543.60000001
2025-08-01 09:30:18 AM,1266.9,390,494091.00000000006,53377634.60000001
2025-08-01 09:30:25 AM,1266.9,48,60811.200000000004,53438445.80000001
2025-08-01 09:30:32 AM,1267.0,4,5068.0,53443513.80000001
2025-08-01 09:30:36 AM,1266.9,0,0.0,53443513.80000001
2025-08-01 09:30:40 AM,1266.9,4,5067.6,53448581.40000001
2025-08-01 09:30:43 AM,1265.9,0,0.0,53448581.40000001
2025-08-01 09:30:47 AM,1266.0,150,189900.0,53638481.40000001
2025-08-01 09:30:50 AM,1266.9,0,0.0,53638481.40000001
2025-08-01 09:30:53 AM,1266.1,0,0.0,53638481.40000001
2025-08-01 09:30:54 AM,1266.1,315,398821.5,54037302.90000001
2025-08-01 09:30:56 AM,1267.0,0,0.0,54037302.90000001
2025-08-01 09:30:59 AM,1268.0,0,0.0,54037302.90000001
2025-08-01 09:31:01 AM,1268.0,292,370256.0,54407558.90000001
2025-08-01 09:31:07 AM,1268.6,0,0.0,54407558.90000001
2025-08-01 09:31:09 AM,1268.6,50,63429.99999999999,54470988.90000001
2025-08-01 09:31:13 AM,1268.7,0,0.0,54470988.90000001
2025-08-01 09:31:16 AM,1268.7,30,38061.0,54509049.90000001
2025-08-01 09:31:19 AM,1268.6,0,0.0,54509049.90000001
2025-08-01 09:31:24 AM,1268.3,52,65951.59999999999,54575001.500000015
2025-08-01 09:31:32 AM,1267.3,250,316825.0,54891826.500000015
2025-08-01 09:31:41 AM,1268.9,0,0.0,54891826.500000015
2025-08-01 09:31:45 AM,1268.9,50,63445.00000000001,54955271.500000015
2025-08-01 09:31:52 AM,1268.9,47,59638.3,55014909.80000001
2025-08-01 09:32:06 AM,1268.9,2,2537.8,55017447.60000001
2025-08-01 09:32:27 AM,1267.8,0,0.0,55017447.60000001
2025-08-01 09:32:27 AM,1267.8,100,126780.0,55144227.60000001
2025-08-01 09:32:33 AM,1268.9,0,0.0,55144227.60000001
2025-08-01 09:32:34 AM,1268.9,1,1268.9,55145496.50000001
2025-08-01 09:33:09 AM,1269.1,0,0.0,55145496.50000001
2025-08-01 09:33:09 AM,1269.1,50,63454.99999999999,55208951.50000001
2025-08-01 09:33:09 AM,1268.9,0,0.0,55208951.50000001
2025-08-01 09:33:16 AM,1268.9,2,2537.8,55211489.300000004
2025-08-01 09:33:29 AM,1269.9,0,0.0,55211489.300000004
2025-08-01 09:33:29 AM,1269.9,47,59685.3,55271174.6
2025-08-01 09:33:41 AM,1269.0,0,0.0,55271174.6
2025-08-01 09:33:43 AM,1269.8,6,7618.799999999999,55278793.4
2025-08-01 09:33:47 AM,1268.9,0,0.0,55278793.4
2025-08-01 09:33:50 AM,1268.9,8,10151.2,55288944.6
2025-08-01 09:33:59 AM,1269.0,0,0.0,55288944.6
2025-08-01 09:34:04 AM,1270.0,122,154940.0,55443884.6
2025-08-01 09:34:11 AM,1270.0,63,80010.0,55523894.6
2025-08-01 09:34:25 AM,1270.0,5,6350.0,55530244.6
2025-08-01 09:34:32 AM,1269.7,0,0.0,55530244.6
2025-08-01 09:34:32 AM,1269.7,11,13966.7,55544211.300000004
2025-08-01 09:34:34 AM,1269.8,0,0.0,55544211.300000004
2025-08-01 09:34:39 AM,1269.8,25,31745.0,55575956.300000004
2025-08-01 09:34:42 AM,1268.9,0,0.0,55575956.300000004
2025-08-01 09:34:46 AM,1268.9,2,2537.8,55578494.1
2025-08-01 09:34:59 AM,1268.0,0,0.0,55578494.1
2025-08-01 09:35:00 AM,1268.0,256,324608.0,55903102.1
2025-08-01 09:35:07 AM,1268.0,253,320804.0,56223906.1
2025-08-01 09:35:14 AM,1268.0,66,83688.0,56307594.1
2025-08-01 09:35:21 AM,1268.8,15,19032.0,56326626.1
2025-08-01 09:35:48 AM,1267.8,16,20284.8,56346910.9
2025-08-01 09:35:54 AM,1268.8,0,0.0,56346910.9
2025-08-01 09:35:54 AM,1269.2,0,0.0,56346910.9
2025-08-01 09:35:55 AM,1269.2,41,52037.200000000004,56398948.1
2025-08-01 09:36:02 AM,1269.2,21,26653.2,56425601.300000004
2025-08-01 09:36:07 AM,1270.0,0,0.0,56425601.300000004
2025-08-01 09:36:09 AM,1270.0,50,63500.0,56489101.300000004
2025-08-01 09:36:15 AM,1270.0,10,12700.0,56501801.300000004
2025-08-01 09:36:39 AM,1269.2,0,0.0,56501801.300000004
2025-08-01 09:36:41 AM,1269.2,1,1269.2,56503070.50000001
2025-08-01 09:36:43 AM,1269.8,0,0.0,56503070.50000001
2025-08-01 09:36:47 AM,1269.2,0,0.0,56503070.50000001
2025-08-01 09:36:48 AM,1269.2,10,12692.0,56515762.50000001
2025-08-01 09:36:54 AM,1269.9,10,12699.0,56528461.50000001
2025-08-01 09:36:59 AM,1270.0,0,0.0,56528461.50000001
2025-08-01 09:37:01 AM,1270.0,10,12700.0,56541161.50000001
2025-08-01 09:37:01 AM,1270.0,35,44450.0,56585611.50000001
2025-08-01 09:37:22 AM,1270.0,23,29210.0,56614821.50000001
2025-08-01 09:37:32 AM,1269.8,0,0.0,56614821.50000001
2025-08-01 09:37:36 AM,1269.8,16,20316.8,56635138.300000004
2025-08-01 09:38:29 AM,1270.0,0,0.0,56635138.300000004
2025-08-01 09:38:30 AM,1270.0,25,31750.0,56666888.300000004
2025-08-01 09:38:43 AM,1268.8,50,63440.0,56730328.300000004
2025-08-01 09:38:50 AM,1269.5,1,1269.5,56731597.800000004
2025-08-01 09:39:03 AM,1269.7,5,6348.5,56737946.300000004
2025-08-01 09:39:09 AM,1268.8,0,0.0,56737946.300000004
2025-08-01 09:39:10 AM,1268.8,10,12688.0,56750634.300000004
2025-08-01 09:39:30 AM,1269.5,28,35546.0,56786180.300000004
2025-08-01 09:39:36 AM,1268.4,0,0.0,56786180.300000004
2025-08-01 09:39:37 AM,1268.4,192,243532.80000000002,57029713.1
2025-08-01 09:39:37 AM,1269.3,20,25386.0,57055099.1
2025-08-01 09:40:04 AM,1268.4,0,0.0,57055099.1
2025-08-01 09:40:08 AM,1267.8,0,0.0,57055099.1
2025-08-01 09:40:09 AM,1267.8,25,31695.0,57086794.1
2025-08-01 09:40:16 AM,1267.2,0,0.0,57086794.1
2025-08-01 09:40:17 AM,1267.2,100,126720.0,57213514.1
2025-08-01 09:40:21 AM,1268.3,0,0.0,57213514.1
2025-08-01 09:40:23 AM,1267.6,0,0.0,57213514.1
2025-08-01 09:40:23 AM,1267.6,67,84929.2,57298443.300000004
2025-08-01 09:40:26 AM,1267.5,0,0.0,57298443.300000004
2025-08-01 09:40:29 AM,1267.5,1,1267.5,57299710.800000004
2025-08-01 09:40:35 AM,1267.6,0,0.0,57299710.800000004
2025-08-01 09:40:36 AM,1267.6,10,12676.0,57312386.800000004
2025-08-01 09:40:37 AM,1268.9,112,142116.80000000002,57454503.6
2025-08-01 09:41:02 AM,1269.4,55,69817.0,57524320.6
2025-08-01 09:41:11 AM,1270.2,0,0.0,57524320.6
2025-08-01 09:41:12 AM,1270.8,0,0.0,57524320.6
2025-08-01 09:41:15 AM,1270.1,1052,1336145.2,58860465.800000004
2025-08-01 09:41:19 AM,1271.0,0,0.0,58860465.800000004
2025-08-01 09:41:22 AM,1271.8,207,263262.6,59123728.400000006
2025-08-01 09:41:47 AM,1271.9,0,0.0,59123728.400000006
2025-08-01 09:41:49 AM,1271.9,15,19078.5,59142806.900000006
2025-08-01 09:42:03 AM,1271.8,0,0.0,59142806.900000006
2025-08-01 09:42:08 AM,1271.8,197,250544.59999999998,59393351.50000001
2025-08-01 09:42:09 AM,1272.0,1,1272.0,59394623.50000001
2025-08-01 09:42:22 AM,1270.3,225,285817.5,59680441.00000001
2025-08-01 09:42:25 AM,1271.5,0,0.0,59680441.00000001
2025-08-01 09:42:28 AM,1271.9,45,57235.50000000001,59737676.50000001
2025-08-01 09:42:34 AM,1271.9,29,36885.100000000006,59774561.60000001
2025-08-01 09:42:35 AM,1271.4,15,19071.0,59793632.60000001
2025-08-01 09:42:48 AM,1270.5,20,25410.0,59819042.60000001
2025-08-01 09:42:54 AM,1271.0,0,0.0,59819042.60000001
2025-08-01 09:42:54 AM,1271.0,50,63550.0,59882592.60000001
2025-08-01 09:43:22 AM,1270.0,0,0.0,59882592.60000001
2025-08-01 09:43:27 AM,1270.0,22,27940.0,59910532.60000001
2025-08-01 09:43:28 AM,1269.9,100,126990.00000000001,60037522.60000001
2025-08-01 09:43:38 AM,1269.4,0,0.0,60037522.60000001
2025-08-01 09:43:40 AM,1269.4,2,2538.8,60040061.400000006
2025-08-01 09:43:47 AM,1269.1,6,7614.599999999999,60047676.00000001
2025-08-01 09:43:50 AM,1269.4,0,0.0,60047676.00000001
2025-08-01 09:43:50 AM,1270.6,0,0.0,60047676.00000001
2025-08-01 09:43:53 AM,1271.8,960,1220928.0,61268604.00000001
2025-08-01 09:43:59 AM,1271.8,223,283611.39999999997,61552215.400000006
2025-08-01 09:44:02 AM,1270.6,0,0.0,61552215.400000006
2025-08-01 09:44:06 AM,1270.6,20,25412.0,61577627.400000006
2025-08-01 09:44:20 AM,1270.0,0,0.0,61577627.400000006
2025-08-01 09:44:20 AM,1270.0,50,63500.0,61641127.400000006
2025-08-01 09:44:58 AM,1270.1,23,29212.3,61670339.7
2025-08-01 09:45:02 AM,1270.0,0,0.0,61670339.7
2025-08-01 09:45:05 AM,1270.0,14,17780.0,61688119.7
2025-08-01 09:45:06 AM,1271.1,50,63554.99999999999,61751674.7
2025-08-01 09:45:34 AM,1270.8,0,0.0,61751674.7
2025-08-01 09:45:37 AM,1270.8,3,3812.3999999999996,61755487.1
2025-08-01 09:45:38 AM,1270.0,0,0.0,61755487.1
2025-08-01 09:45:39 AM,1270.0,4,5080.0,61760567.1
2025-08-01 09:45:42 AM,1270.8,0,0.0,61760567.1
2025-08-01 09:45:44 AM,1270.8,13,16520.399999999998,61777087.5
2025-08-01 09:46:09 AM,1269.8,0,0.0,61777087.5
2025-08-01 09:46:10 AM,1269.8,7,8888.6,61785976.1
2025-08-01 09:46:23 AM,1269.6,0,0.0,61785976.1
2025-08-01 09:46:23 AM,1269.6,10,12696.0,61798672.1
2025-08-01 09:46:27 AM,1269.7,0,0.0,61798672.1
2025-08-01 09:46:28 AM,1269.9,0,0.0,61798672.1
2025-08-01 09:46:29 AM,1269.9,51,64764.9,61863437.0
2025-08-01 09:46:42 AM,1268.8,60,76128.0,61939565.0
2025-08-01 09:46:48 AM,1269.5,3,3808.5,61943373.5
2025-08-01 09:47:00 AM,1268.8,2,2537.6,61945911.1
2025-08-01 09:47:02 AM,1269.5,1,1269.5,61947180.6
2025-08-01 09:47:07 AM,1269.6,7,8887.199999999999,61956067.800000004
2025-08-01 09:48:18 AM,1268.8,0,0.0,61956067.800000004
2025-08-01 09:48:20 AM,1268.8,1,1268.8,61957336.6
2025-08-01 09:48:31 AM,1268.8,9,11419.199999999999,61968755.800000004
2025-08-01 09:48:40 AM,1268.9,79,100243.1,62068998.900000006
2025-08-01 09:48:46 AM,1269.9,0,0.0,62068998.900000006
2025-08-01 09:48:46 AM,1269.9,150,190485.0,62259483.900000006
2025-08-01 09:48:50 AM,1269.8,0,0.0,62259483.900000006
2025-08-01 09:48:50 AM,1269.8,2,2539.6,62262023.50000001
2025-08-01 09:48:52 AM,1269.8,91,115551.8,62377575.300000004
2025-08-01 09:49:51 AM,1268.2,0,0.0,62377575.300000004
2025-08-01 09:49:52 AM,1268.2,111,140770.2,62518345.50000001
2025-08-01 09:50:08 AM,1268.2,1,1268.2,62519613.70000001
2025-08-01 09:50:18 AM,1269.1,0,0.0,62519613.70000001
2025-08-01 09:50:18 AM,1269.1,10,12691.0,62532304.70000001
2025-08-01 09:50:27 AM,1269.2,30,38076.0,62570380.70000001
2025-08-01 09:50:31 AM,1269.2,20,25384.0,62595764.70000001
2025-08-01 09:50:49 AM,1269.1,0,0.0,62595764.70000001
2025-08-01 09:50:50 AM,1269.1,3,3807.2999999999997,62599572.00000001
2025-08-01 09:50:53 AM,1268.8,0,0.0,62599572.00000001
2025-08-01 09:50:56 AM,1268.8,2,2537.6,62602109.60000001
2025-08-01 09:50:56 AM,1269.6,0,0.0,62602109.60000001
2025-08-01 09:50:58 AM,1269.6,1,1269.6,62603379.20000001
2025-08-01 09:51:13 AM,1269.0,0,0.0,62603379.20000001
2025-08-01 09:51:15 AM,1269.0,2,2538.0,62605917.20000001
2025-08-01 09:51:17 AM,1270.0,573,727710.0,63333627.20000001
2025-08-01 09:51:21 AM,1270.0,221,280670.0,63614297.20000001
2025-08-01 09:51:36 AM,1270.0,1,1270.0,63615567.20000001
2025-08-01 09:51:45 AM,1269.0,0,0.0,63615567.20000001
2025-08-01 09:51:46 AM,1268.8,13,16494.399999999998,63632061.60000001
2025-08-01 09:51:51 AM,1269.0,0,0.0,63632061.60000001
2025-08-01 09:51:52 AM,1268.8,19,24107.2,63656168.80000001
2025-08-01 09:52:34 AM,1268.9,0,0.0,63656168.80000001
2025-08-01 09:52:35 AM,1268.9,50,63445.00000000001,63719613.80000001
2025-08-01 09:52:41 AM,1268.0,50,63400.0,63783013.80000001
2025-08-01 09:52:43 AM,1268.9,0,0.0,63783013.80000001
2025-08-01 09:52:44 AM,1268.9,8,10151.2,63793165.000000015
2025-08-01 09:53:07 AM,1268.8,0,0.0,63793165.000000015
2025-08-01 09:53:08 AM,1268.8,25,31720.0,63824885.000000015
2025-08-01 09:53:30 AM,1268.8,1,1268.8,63826153.80000001
2025-08-01 09:53:43 AM,1268.8,13,16494.399999999998,63842648.20000001
2025-08-01 09:54:05 AM,1268.5,0,0.0,63842648.20000001
2025-08-01 09:54:08 AM,1268.5,5,6342.5,63848990.70000001
2025-08-01 09:54:17 AM,1267.9,0,0.0,63848990.70000001
2025-08-01 09:54:20 AM,1267.8,0,0.0,63848990.70000001
2025-08-01 09:54:21 AM,1267.8,246,311878.8,64160869.50000001
2025-08-01 09:54:30 AM,1268.5,0,0.0,64160869.50000001
2025-08-01 09:54:33 AM,1268.5,9,11416.5,64172286.00000001
2025-08-01 09:54:48 AM,1267.8,0,0.0,64172286.00000001
2025-08-01 09:54:51 AM,1267.8,142,180027.6,64352313.60000001
2025-08-01 09:55:25 AM,1267.2,0,0.0,64352313.60000001
2025-08-01 09:55:26 AM,1267.2,64,81100.8,64433414.400000006
2025-08-01 09:55:37 AM,1266.6,0,0.0,64433414.400000006
2025-08-01 09:55:38 AM,1266.6,51,64596.6,64498011.00000001
2025-08-01 09:55:39 AM,1267.5,46,58305.0,64556316.00000001
2025-08-01 09:55:54 AM,1266.2,0,0.0,64556316.00000001
2025-08-01 09:55:56 AM,1266.2,17,21525.4,64577841.400000006
2025-08-01 09:55:57 AM,1266.2,1,1266.2,64579107.60000001
2025-08-01 09:56:08 AM,1266.3,3,3798.8999999999996,64582906.50000001
2025-08-01 09:56:23 AM,1266.2,0,0.0,64582906.50000001
2025-08-01 09:56:26 AM,1266.2,11,13928.2,64596834.70000001
2025-08-01 09:56:32 AM,1266.2,18,22791.600000000002,64619626.30000001
2025-08-01 09:56:33 AM,1265.9,25,31647.500000000004,64651273.80000001
2025-08-01 09:56:50 AM,1268.0,1595,2022460.0,66673733.80000001
2025-08-01 09:56:56 AM,1267.8,0,0.0,66673733.80000001
2025-08-01 09:56:56 AM,1267.8,287,363858.6,67037592.40000001
2025-08-01 09:57:08 AM,1266.2,1,1266.2,67038858.60000002
2025-08-01 09:57:24 AM,1267.6,0,0.0,67038858.60000002
2025-08-01 09:57:25 AM,1267.6,200,253519.99999999997,67292378.60000001
2025-08-01 09:57:27 AM,1266.4,10,12664.0,67305042.60000001
2025-08-01 09:57:33 AM,1266.3,2,2532.6,67307575.2
2025-08-01 09:57:39 AM,1267.2,15,19008.0,67326583.2
2025-08-01 09:57:46 AM,1266.4,50,63320.00000000001,67389903.2
2025-08-01 09:58:04 AM,1267.2,5,6336.0,67396239.2
2025-08-01 09:58:08 AM,1266.5,3,3799.5,67400038.7
2025-08-01 09:58:50 AM,1266.5,50,63325.0,67463363.7
2025-08-01 09:58:56 AM,1266.3,55,69646.5,67533010.2
2025-08-01 09:59:17 AM,1266.1,100,126609.99999999999,67659620.2
2025-08-01 09:59:27 AM,1266.1,5,6330.5,67665950.7
2025-08-01 09:59:44 AM,1266.2,0,0.0,67665950.7
2025-08-01 09:59:46 AM,1265.9,102,129121.8,67795072.5
2025-08-01 10:00:01 AM,1267.0,3,3801.0,67798873.5
2025-08-01 10:00:07 AM,1267.1,0,0.0,67798873.5
2025-08-01 10:00:07 AM,1267.1,1,1267.1,67800140.6
2025-08-01 10:00:39 AM,1267.0,1,1267.0,67801407.6
2025-08-01 10:00:46 AM,1266.1,20,25322.0,67826729.6
2025-08-01 10:01:07 AM,1267.0,0,0.0,67826729.6
2025-08-01 10:01:08 AM,1267.0,100,126700.0,67953429.6
2025-08-01 10:01:11 AM,1267.1,3,3801.2999999999997,67957230.89999999
2025-08-01 10:01:12 AM,1266.2,0,0.0,67957230.89999999
2025-08-01 10:01:14 AM,1266.2,50,63310.0,68020540.89999999
2025-08-01 10:01:20 AM,1267.7,110,139447.0,68159987.89999999
2025-08-01 10:01:22 AM,1266.5,0,0.0,68159987.89999999
2025-08-01 10:01:24 AM,1266.5,88,111452.0,68271439.89999999
2025-08-01 10:01:29 AM,1267.9,0,0.0,68271439.89999999
2025-08-01 10:01:30 AM,1267.9,10,12679.0,68284118.89999999
2025-08-01 10:01:42 AM,1267.9,74,93824.6,68377943.49999999
2025-08-01 10:01:44 AM,1267.9,25,31697.500000000004,68409640.99999999
2025-08-01 10:01:48 AM,1267.2,55,69696.0,68479336.99999999
2025-08-01 10:01:50 AM,1266.9,0,0.0,68479336.99999999
2025-08-01 10:01:50 AM,1266.9,110,139359.0,68618695.99999999
2025-08-01 10:02:08 AM,1266.3,0,0.0,68618695.99999999
2025-08-01 10:02:09 AM,1266.3,2,2532.6,68621228.59999998
2025-08-01 10:02:26 AM,1266.3,19,24059.7,68645288.29999998
2025-08-01 10:02:38 AM,1266.9,1,1266.9,68646555.19999999
2025-08-01 10:02:45 AM,1266.9,10,12669.0,68659224.19999999
2025-08-01 10:02:49 AM,1266.3,0,0.0,68659224.19999999
2025-08-01 10:02:51 AM,1266.3,2,2532.6,68661756.79999998
2025-08-01 10:02:58 AM,1266.3,10,12663.0,68674419.79999998
2025-08-01 10:03:10 AM,1266.3,125,158287.5,68832707.29999998
2025-08-01 10:04:01 AM,1266.4,0,0.0,68832707.29999998
2025-08-01 10:04:01 AM,1266.4,6,7598.400000000001,68840305.69999999
2025-08-01 10:04:38 AM,1266.9,0,0.0,68840305.69999999
2025-08-01 10:04:38 AM,1267.3,0,0.0,68840305.69999999
2025-08-01 10:04:39 AM,1267.3,1048,1328130.4,70168436.1
2025-08-01 10:04:41 AM,1268.4,260,329784.0,70498220.1
2025-08-01 10:05:05 AM,1268.3,0,0.0,70498220.1
2025-08-01 10:05:05 AM,1268.3,1,1268.3,70499488.39999999
2025-08-01 10:05:52 AM,1267.6,5,6338.0,70505826.39999999
2025-08-01 10:05:58 AM,1267.3,1,1267.3,70507093.69999999
2025-08-01 10:06:04 AM,1267.3,19,24078.7,70531172.39999999
2025-08-01 10:06:16 AM,1267.5,68,86190.0,70617362.39999999
2025-08-01 10:06:20 AM,1266.3,0,0.0,70617362.39999999
2025-08-01 10:06:22 AM,1266.3,73,92439.9,70709802.3
2025-08-01 10:06:46 AM,1266.3,7,8864.1,70718666.39999999
2025-08-01 10:07:17 AM,1266.3,26,32923.799999999996,70751590.19999999
2025-08-01 10:07:29 AM,1266.3,51,64581.299999999996,70816171.49999999
2025-08-01 10:07:56 AM,1267.2,20,25344.0,70841515.49999999
2025-08-01 10:08:06 AM,1266.3,0,0.0,70841515.49999999
2025-08-01 10:08:06 AM,1266.3,37,46853.1,70888368.59999998
2025-08-01 10:08:29 AM,1266.4,0,0.0,70888368.59999998
2025-08-01 10:08:31 AM,1266.4,20,25328.0,70913696.59999998
2025-08-01 10:08:37 AM,1266.6,1,1266.6,70914963.19999997
2025-08-01 10:09:08 AM,1266.2,0,0.0,70914963.19999997
2025-08-01 10:09:08 AM,1266.2,10,12662.0,70927625.19999997
2025-08-01 10:09:19 AM,1266.6,27,34198.2,70961823.39999998
2025-08-01 10:10:02 AM,1267.3,0,0.0,70961823.39999998
2025-08-01 10:10:04 AM,1267.3,91,115324.3,71077147.69999997
2025-08-01 10:10:32 AM,1266.6,0,0.0,71077147.69999997
2025-08-01 10:10:34 AM,1266.6,1,1266.6,71078414.29999997
2025-08-01 10:10:36 AM,1267.3,7,8871.1,71087285.39999996
2025-08-01 10:10:40 AM,1266.6,75,94995.0,71182280.39999996
2025-08-01 10:11:08 AM,1266.4,0,0.0,71182280.39999996
2025-08-01 10:11:10 AM,1266.4,7,8864.800000000001,71191145.19999996
2025-08-01 10:13:41 AM,1266.3,0,0.0,71191145.19999996
2025-08-01 10:13:42 AM,1266.3,33,41787.9,71232933.09999996
2025-08-01 10:13:53 AM,1267.3,0,0.0,71232933.09999996
2025-08-01 10:13:54 AM,1267.3,130,164749.0,71397682.09999996
2025-08-01 10:14:11 AM,1267.3,150,190095.0,71587777.09999996
2025-08-01 10:14:17 AM,1267.3,100,126730.0,71714507.09999996
2025-08-01 10:14:46 AM,1267.3,8,10138.4,71724645.49999997
2025-08-01 10:15:20 AM,1266.0,0,0.0,71724645.49999997
2025-08-01 10:15:21 AM,1266.0,264,334224.0,72058869.49999997
2025-08-01 10:15:41 AM,1266.1,0,0.0,72058869.49999997
2025-08-01 10:15:45 AM,1266.1,19,24055.899999999998,72082925.39999998
2025-08-01 10:16:07 AM,1266.4,0,0.0,72082925.39999998
2025-08-01 10:16:08 AM,1266.4,10,12664.0,72095589.39999998
2025-08-01 10:16:34 AM,1267.2,0,0.0,72095589.39999998
2025-08-01 10:16:37 AM,1267.2,8,10137.6,72105726.99999997
2025-08-01 10:16:43 AM,1266.2,0,0.0,72105726.99999997
2025-08-01 10:16:43 AM,1266.2,50,63310.0,72169036.99999997
2025-08-01 10:17:20 AM,1266.1,0,0.0,72169036.99999997
2025-08-01 10:17:22 AM,1266.1,30,37983.0,72207019.99999997
2025-08-01 10:17:28 AM,1267.2,0,0.0,72207019.99999997
2025-08-01 10:17:28 AM,1267.2,1,1267.2,72208287.19999997
2025-08-01 10:18:03 AM,1265.1,1000,1265100.0,73473387.19999997
2025-08-01 10:18:07 AM,1266.9,0,0.0,73473387.19999997
2025-08-01 10:18:09 AM,1266.9,130,164697.0,73638084.19999997
2025-08-01 10:18:20 AM,1266.8,0,0.0,73638084.19999997
2025-08-01 10:18:21 AM,1266.8,61,77274.8,73715358.99999997
2025-08-01 10:18:31 AM,1266.0,0,0.0,73715358.99999997
2025-08-01 10:18:32 AM,1266.0,100,126600.0,73841958.99999997
2025-08-01 10:18:37 AM,1266.6,0,0.0,73841958.99999997
2025-08-01 10:18:38 AM,1266.6,15,18999.0,73860957.99999997
2025-08-01 10:18:55 AM,1265.5,571,722600.5,74583558.49999997
2025-08-01 10:18:58 AM,1266.7,0,0.0,74583558.49999997
2025-08-01 10:19:00 AM,1266.8,0,0.0,74583558.49999997
2025-08-01 10:19:01 AM,1266.8,59,74741.2,74658299.69999997
2025-08-01 10:19:06 AM,1266.1,0,0.0,74658299.69999997
2025-08-01 10:19:06 AM,1266.1,300,379830.0,75038129.69999997
2025-08-01 10:19:24 AM,1266.8,0,0.0,75038129.69999997
2025-08-01 10:19:24 AM,1266.8,2,2533.6,75040663.29999997
2025-08-01 10:19:53 AM,1266.9,5,6334.5,75046997.79999997
2025-08-01 10:20:16 AM,1266.9,8,10135.2,75057132.99999997
2025-08-01 10:21:29 AM,1267.5,0,0.0,75057132.99999997
2025-08-01 10:21:29 AM,1267.5,10,12675.0,75069807.99999997
2025-08-01 10:21:35 AM,1267.5,10,12675.0,75082482.99999997
2025-08-01 10:21:41 AM,1266.4,0,0.0,75082482.99999997
2025-08-01 10:21:42 AM,1266.4,100,126640.00000000001,75209122.99999997
2025-08-01 10:21:48 AM,1266.5,8,10132.0,75219254.99999997
2025-08-01 10:22:40 AM,1266.4,15,18996.0,75238250.99999997
2025-08-01 10:22:59 AM,1266.6,0,0.0,75238250.99999997
2025-08-01 10:22:59 AM,1266.6,2,2533.2,75240784.19999997
2025-08-01 10:23:07 AM,1267.5,0,0.0,75240784.19999997
2025-08-01 10:23:08 AM,1267.5,21,26617.5,75267401.69999997
2025-08-01 10:25:05 AM,1267.4,0,0.0,75267401.69999997
2025-08-01 10:25:05 AM,1267.4,50,63370.00000000001,75330771.69999997
2025-08-01 10:25:20 AM,1267.4,3,3802.2000000000003,75334573.89999998
2025-08-01 10:28:12 AM,1267.0,0,0.0,75334573.89999998
2025-08-01 10:28:13 AM,1267.0,8,10136.0,75344709.89999998
2025-08-01 10:28:40 AM,1267.0,8,10136.0,75354845.89999998
2025-08-01 10:29:30 AM,1267.4,0,0.0,75354845.89999998
2025-08-01 10:29:30 AM,1267.4,1,1267.4,75356113.29999998
2025-08-01 10:29:55 AM,1267.4,25,31685.000000000004,75387798.29999998
2025-08-01 10:29:56 AM,1266.3,0,0.0,75387798.29999998
2025-08-01 10:29:58 AM,1266.3,100,126630.0,75514428.29999998
2025-08-01 10:30:35 AM,1267.4,488,618491.2000000001,76132919.49999999
2025-08-01 10:30:37 AM,1266.9,0,0.0,76132919.49999999
2025-08-01 10:30:38 AM,1266.5,654,828291.0,76961210.49999999
2025-08-01 10:31:01 AM,1266.5,1,1266.5,76962476.99999999
2025-08-01 10:31:07 AM,1266.5,84,106386.0,77068862.99999999
2025-08-01 10:31:42 AM,1266.9,0,0.0,77068862.99999999
2025-08-01 10:31:43 AM,1266.9,80,101352.0,77170214.99999999
2025-08-01 10:31:55 AM,1265.2,372,470654.4,77640869.39999999
2025-08-01 10:32:18 AM,1266.9,70,88683.0,77729552.39999999
2025-08-01 10:32:34 AM,1265.9,2,2531.8,77732084.19999999
2025-08-01 10:32:44 AM,1266.9,1,1266.9,77733351.1
2025-08-01 10:32:49 AM,1266.8,114,144415.19999999998,77877766.3
2025-08-01 10:33:03 AM,1266.8,50,63340.0,77941106.3
2025-08-01 10:33:06 AM,1266.8,35,44338.0,77985444.3
2025-08-01 10:33:50 AM,1267.5,0,0.0,77985444.3
2025-08-01 10:33:50 AM,1267.5,100,126750.0,78112194.3
2025-08-01 10:34:36 AM,1266.3,0,0.0,78112194.3
2025-08-01 10:34:39 AM,1267.8,0,0.0,78112194.3
2025-08-01 10:34:39 AM,1267.8,327,414570.6,78526764.89999999
2025-08-01 10:36:53 AM,1267.8,21,26623.8,78553388.69999999
2025-08-01 10:37:04 AM,1267.8,15,19017.0,78572405.69999999
2025-08-01 10:37:21 AM,1268.1,0,0.0,78572405.69999999
2025-08-01 10:37:22 AM,1267.1,0,0.0,78572405.69999999
2025-08-01 10:37:23 AM,1267.1,54,68423.4,78640829.1
2025-08-01 10:37:52 AM,1268.3,0,0.0,78640829.1
2025-08-01 10:37:54 AM,1268.3,63,79902.9,78720732.0
2025-08-01 10:38:59 AM,1268.3,103,130634.9,78851366.9
2025-08-01 10:39:02 AM,1268.3,135,171220.5,79022587.4
2025-08-01 10:39:19 AM,1268.3,200,253660.0,79276247.4
2025-08-01 10:39:21 AM,1268.3,100,126830.0,79403077.4
2025-08-01 10:40:25 AM,1268.3,11,13951.3,79417028.7
2025-08-01 10:41:03 AM,1267.8,0,0.0,79417028.7
2025-08-01 10:41:03 AM,1267.8,3,3803.3999999999996,79420832.10000001
2025-08-01 10:41:15 AM,1267.8,2,2535.6,79423367.7
2025-08-01 10:41:36 AM,1267.8,50,63390.0,79486757.7
2025-08-01 10:42:13 AM,1268.3,0,0.0,79486757.7
2025-08-01 10:42:14 AM,1268.3,3,3804.8999999999996,79490562.60000001
2025-08-01 10:42:15 AM,1268.3,10,12683.0,79503245.60000001
2025-08-01 10:42:31 AM,1267.8,0,0.0,79503245.60000001
2025-08-01 10:42:32 AM,1267.8,3,3803.3999999999996,79507049.00000001
2025-08-01 10:43:06 AM,1267.8,4,5071.2,79512120.20000002
2025-08-01 10:43:09 AM,1268.3,5,6341.5,79518461.70000002
2025-08-01 10:43:20 AM,1268.3,7,8878.1,79527339.80000001
2025-08-01 10:43:42 AM,1267.8,50,63390.0,79590729.80000001
2025-08-01 10:44:34 AM,1268.3,0,0.0,79590729.80000001
2025-08-01 10:44:34 AM,1268.3,3,3804.8999999999996,79594534.70000002
2025-08-01 10:44:50 AM,1267.8,0,0.0,79594534.70000002
2025-08-01 10:44:51 AM,1267.8,20,25356.0,79619890.70000002
2025-08-01 10:45:15 AM,1267.8,23,29159.399999999998,79649050.10000002
2025-08-01 10:46:07 AM,1267.3,16,20276.8,79669326.90000002
2025-08-01 10:46:25 AM,1268.1,10,12681.0,79682007.90000002
2025-08-01 10:46:34 AM,1267.1,0,0.0,79682007.90000002
2025-08-01 10:46:36 AM,1267.1,73,92498.29999999999,79774506.20000002
2025-08-01 10:46:50 AM,1268.0,0,0.0,79774506.20000002
2025-08-01 10:46:52 AM,1268.0,2,2536.0,79777042.20000002
2025-08-01 10:47:34 AM,1267.1,0,0.0,79777042.20000002
2025-08-01 10:47:35 AM,1267.1,20,25342.0,79802384.20000002
2025-08-01 10:48:27 AM,1267.2,0,0.0,79802384.20000002
2025-08-01 10:48:29 AM,1267.2,1,1267.2,79803651.40000002
2025-08-01 10:48:57 AM,1267.2,5,6336.0,79809987.40000002
2025-08-01 10:49:51 AM,1267.2,1,1267.2,79811254.60000002
2025-08-01 10:50:34 AM,1268.0,0,0.0,79811254.60000002
2025-08-01 10:50:35 AM,1268.0,8,10144.0,79821398.60000002
2025-08-01 10:51:04 AM,1267.9,1,1267.9,79822666.50000003
2025-08-01 10:51:12 AM,1266.0,0,0.0,79822666.50000003
2025-08-01 10:51:14 AM,1265.5,0,0.0,79822666.50000003
2025-08-01 10:51:15 AM,1265.5,1812,2293086.0,82115752.50000003
2025-08-01 10:51:18 AM,1265.7,0,0.0,82115752.50000003
2025-08-01 10:51:20 AM,1265.7,411,520202.7,82635955.20000003
2025-08-01 10:51:22 AM,1265.0,0,0.0,82635955.20000003
2025-08-01 10:51:25 AM,1265.0,956,1209340.0,83845295.20000003
2025-08-01 10:51:31 AM,1264.1,824,1041618.3999999999,84886913.60000004
2025-08-01 10:51:38 AM,1263.7,0,0.0,84886913.60000004
2025-08-01 10:51:42 AM,1264.1,0,0.0,84886913.60000004
2025-08-01 10:51:42 AM,1264.1,214,270517.39999999997,85157431.00000004
2025-08-01 10:51:46 AM,1263.0,0,0.0,85157431.00000004
2025-08-01 10:51:48 AM,1263.0,49,61887.0,85219318.00000004
2025-08-01 10:51:50 AM,1262.0,0,0.0,85219318.00000004
2025-08-01 10:51:52 AM,1261.6,0,0.0,85219318.00000004
2025-08-01 10:51:53 AM,1261.6,266,335585.6,85554903.60000004
2025-08-01 10:52:31 AM,1261.8,30,37854.0,85592757.60000004
2025-08-01 10:52:46 AM,1261.9,0,0.0,85592757.60000004
2025-08-01 10:52:46 AM,1261.9,1,1261.9,85594019.50000004
2025-08-01 10:52:57 AM,1261.9,178,224618.2,85818637.70000005
2025-08-01 10:53:14 AM,1260.9,0,0.0,85818637.70000005
2025-08-01 10:53:14 AM,1260.9,476,600188.4,86418826.10000005
2025-08-01 10:53:24 AM,1261.0,118,148798.0,86567624.10000005
2025-08-01 10:53:29 AM,1261.0,78,98358.0,86665982.10000005
2025-08-01 10:53:42 AM,1260.1,0,0.0,86665982.10000005
2025-08-01 10:53:45 AM,1260.1,12,15121.199999999999,86681103.30000006
2025-08-01 10:53:52 AM,1260.0,0,0.0,86681103.30000006
2025-08-01 10:53:56 AM,1260.0,699,880740.0,87561843.30000006
2025-08-01 10:54:17 AM,1260.0,25,31500.0,87593343.30000006
2025-08-01 10:54:56 AM,1260.1,0,0.0,87593343.30000006
2025-08-01 10:55:00 AM,1260.1,3,3780.2999999999997,87597123.60000005
2025-08-01 10:55:26 AM,1260.8,0,0.0,87597123.60000005
2025-08-01 10:55:26 AM,1260.8,2,2521.6,87599645.20000005
2025-08-01 10:55:32 AM,1263.4,0,0.0,87599645.20000005
2025-08-01 10:55:32 AM,1263.4,804,1015773.6000000001,88615418.80000004
2025-08-01 10:55:34 AM,1261.5,0,0.0,88615418.80000004
2025-08-01 10:55:38 AM,1261.7,62,78225.40000000001,88693644.20000005
2025-08-01 10:55:38 AM,1261.8,6,7570.799999999999,88701215.00000004
2025-08-01 10:55:43 AM,1261.8,192,242265.59999999998,88943480.60000004
2025-08-01 10:55:44 AM,1262.1,0,0.0,88943480.60000004
2025-08-01 10:55:48 AM,1262.1,25,31552.499999999996,88975033.10000004
2025-08-01 10:55:50 AM,1261.4,0,0.0,88975033.10000004
2025-08-01 10:55:53 AM,1261.4,25,31535.000000000004,89006568.10000004
2025-08-01 10:56:20 AM,1260.7,0,0.0,89006568.10000004
2025-08-01 10:56:21 AM,1260.7,3,3782.1000000000004,89010350.20000003
2025-08-01 10:56:41 AM,1260.7,1,1260.7,89011610.90000004
2025-08-01 10:57:03 AM,1260.1,10,12601.0,89024211.90000004
2025-08-01 10:57:08 AM,1260.7,0,0.0,89024211.90000004
2025-08-01 10:57:08 AM,1260.7,1,1260.7,89025472.60000004
2025-08-01 10:57:17 AM,1260.7,21,26474.7,89051947.30000004
2025-08-01 10:57:26 AM,1260.1,0,0.0,89051947.30000004
2025-08-01 10:57:28 AM,1260.1,5,6300.5,89058247.80000004
2025-08-01 10:57:38 AM,1261.0,0,0.0,89058247.80000004
2025-08-01 10:57:39 AM,1261.0,100,126100.0,89184347.80000004
2025-08-01 10:57:42 AM,1260.3,0,0.0,89184347.80000004
2025-08-01 10:57:44 AM,1260.3,1,1260.3,89185608.10000004
2025-08-01 10:57:48 AM,1260.9,0,0.0,89185608.10000004
2025-08-01 10:57:49 AM,1260.9,100,126090.00000000001,89311698.10000004
2025-08-01 10:58:10 AM,1261.2,0,0.0,89311698.10000004
2025-08-01 10:58:11 AM,1261.2,78,98373.6,89410071.70000003
2025-08-01 10:58:42 AM,1262.6,0,0.0,89410071.70000003
2025-08-01 10:58:43 AM,1262.6,10,12626.0,89422697.70000003
2025-08-01 10:59:00 AM,1262.6,10,12626.0,89435323.70000003
2025-08-01 10:59:02 AM,1261.7,0,0.0,89435323.70000003
2025-08-01 10:59:04 AM,1261.7,3450,4352865.0,93788188.70000003
2025-08-01 10:59:06 AM,1260.9,0,0.0,93788188.70000003
2025-08-01 10:59:08 AM,1260.8,0,0.0,93788188.70000003
2025-08-01 10:59:10 AM,1260.8,174,219379.19999999998,94007567.90000004
2025-08-01 10:59:12 AM,1260.0,0,0.0,94007567.90000004
2025-08-01 10:59:14 AM,1259.9,0,0.0,94007567.90000004
2025-08-01 10:59:15 AM,1259.9,404,508999.60000000003,94516567.50000003
2025-08-01 10:59:18 AM,1259.1,0,0.0,94516567.50000003
2025-08-01 10:59:20 AM,1259.1,1,1259.1,94517826.60000002
2025-08-01 10:59:22 AM,1259.0,0,0.0,94517826.60000002
2025-08-01 10:59:25 AM,1259.0,882,1110438.0,95628264.60000002
2025-08-01 10:59:28 AM,1258.2,0,0.0,95628264.60000002
2025-08-01 10:59:30 AM,1258.2,192,241574.40000000002,95869839.00000003
2025-08-01 10:59:32 AM,1259.4,0,0.0,95869839.00000003
2025-08-01 10:59:35 AM,1259.4,836,1052858.4000000001,96922697.40000004
2025-08-01 11:00:00 AM,1261.3,0,0.0,96922697.40000004
2025-08-01 11:00:02 AM,1261.3,50,63065.0,96985762.40000004
2025-08-01 11:00:03 AM,1261.7,1,1261.7,96987024.10000004
2025-08-01 11:00:09 AM,1262.2,2,2524.4,96989548.50000004
2025-08-01 11:00:15 AM,1262.1,0,0.0,96989548.50000004
2025-08-01 11:00:15 AM,1262.1,2,2524.2,96992072.70000005
2025-08-01 11:00:45 AM,1263.1,0,0.0,96992072.70000005
2025-08-01 11:00:45 AM,1263.1,2,2526.2,96994598.90000005
2025-08-01 11:00:59 AM,1263.0,4,5052.0,96999650.90000005
2025-08-01 11:01:02 AM,1263.0,296,373848.0,97373498.90000005
2025-08-01 11:01:19 AM,1263.0,68,85884.0,97459382.90000005
2025-08-01 11:01:25 AM,1262.5,109,137612.5,97596995.40000005
2025-08-01 11:01:34 AM,1262.1,12,15145.199999999999,97612140.60000005
2025-08-01 11:01:39 AM,1262.4,0,0.0,97612140.60000005
2025-08-01 11:01:39 AM,1262.4,10,12624.0,97624764.60000005
2025-08-01 11:02:05 AM,1262.3,0,0.0,97624764.60000005
2025-08-01 11:02:05 AM,1262.3,2,2524.6,97627289.20000005
2025-08-01 11:02:10 AM,1262.3,10,12623.0,97639912.20000005
2025-08-01 11:02:21 AM,1262.3,1,1262.3,97641174.50000004
2025-08-01 11:03:01 AM,1263.7,0,0.0,97641174.50000004
2025-08-01 11:03:01 AM,1263.7,50,63185.0,97704359.50000004
2025-08-01 11:03:09 AM,1263.5,0,0.0,97704359.50000004
2025-08-01 11:03:10 AM,1263.5,3,3790.5,97708150.00000004
2025-08-01 11:03:31 AM,1263.3,0,0.0,97708150.00000004
2025-08-01 11:03:32 AM,1263.3,20,25266.0,97733416.00000004
2025-08-01 11:03:49 AM,1263.7,0,0.0,97733416.00000004
2025-08-01 11:03:49 AM,1263.7,80,101096.0,97834512.00000004
2025-08-01 11:04:10 AM,1263.4,5,6317.0,97840829.00000004
2025-08-01 11:04:23 AM,1262.4,0,0.0,97840829.00000004
2025-08-01 11:04:23 AM,1262.4,2,2524.8,97843353.80000004
2025-08-01 11:04:25 AM,1263.1,0,0.0,97843353.80000004
2025-08-01 11:04:25 AM,1263.1,12,15157.199999999999,97858511.00000004
2025-08-01 11:04:42 AM,1263.8,0,0.0,97858511.00000004
2025-08-01 11:04:43 AM,1263.8,100,126380.0,97984891.00000004
2025-08-01 11:05:05 AM,1263.3,25,31582.5,98016473.50000004
2025-08-01 11:05:48 AM,1262.4,0,0.0,98016473.50000004
2025-08-01 11:05:49 AM,1262.4,25,31560.000000000004,98048033.50000004
2025-08-01 11:06:05 AM,1262.4,2,2524.8,98050558.30000004
2025-08-01 11:06:12 AM,1263.4,0,0.0,98050558.30000004
2025-08-01 11:06:14 AM,1263.4,20,25268.0,98075826.30000004
2025-08-01 11:06:29 AM,1263.2,0,0.0,98075826.30000004
2025-08-01 11:06:33 AM,1263.2,5,6316.0,98082142.30000004
2025-08-01 11:06:45 AM,1263.2,1,1263.2,98083405.50000004
2025-08-01 11:07:11 AM,1262.5,0,0.0,98083405.50000004
2025-08-01 11:07:12 AM,1262.5,11,13887.5,98097293.00000004
2025-08-01 11:07:27 AM,1262.4,0,0.0,98097293.00000004
2025-08-01 11:07:29 AM,1262.4,2,2524.8,98099817.80000004
2025-08-01 11:07:37 AM,1262.0,0,0.0,98099817.80000004
2025-08-01 11:07:40 AM,1262.0,150,189300.0,98289117.80000004
2025-08-01 11:08:38 AM,1262.0,80,100960.0,98390077.80000004
2025-08-01 11:08:48 AM,1260.7,85,107159.5,98497237.30000004
2025-08-01 11:08:49 AM,1261.0,0,0.0,98497237.30000004
2025-08-01 11:08:50 AM,1261.0,10,12610.0,98509847.30000004
2025-08-01 11:08:59 AM,1261.2,7,8828.4,98518675.70000005
2025-08-01 11:09:05 AM,1261.0,25,31525.0,98550200.70000005
2025-08-01 11:09:54 AM,1261.2,68,85761.6,98635962.30000004
2025-08-01 11:09:56 AM,1261.0,0,0.0,98635962.30000004
2025-08-01 11:09:56 AM,1261.0,1,1261.0,98637223.30000004
2025-08-01 11:10:30 AM,1261.1,0,0.0,98637223.30000004
2025-08-01 11:10:32 AM,1261.1,5,6305.5,98643528.80000004
2025-08-01 11:11:10 AM,1260.4,0,0.0,98643528.80000004
2025-08-01 11:11:11 AM,1260.4,2,2520.8,98646049.60000004
2025-08-01 11:11:14 AM,1261.0,0,0.0,98646049.60000004
2025-08-01 11:11:16 AM,1261.0,10,12610.0,98658659.60000004
2025-08-01 11:12:06 AM,1260.1,0,0.0,98658659.60000004
2025-08-01 11:12:09 AM,1260.1,87,109628.7,98768288.30000004
2025-08-01 11:12:56 AM,1261.0,0,0.0,98768288.30000004
2025-08-01 11:12:57 AM,1261.0,10,12610.0,98780898.30000004
2025-08-01 11:13:08 AM,1261.4,0,0.0,98780898.30000004
2025-08-01 11:13:08 AM,1261.4,39,49194.600000000006,98830092.90000004
2025-08-01 11:13:12 AM,1261.8,0,0.0,98830092.90000004
2025-08-01 11:13:13 AM,1261.8,140,176652.0,99006744.90000004
2025-08-01 11:13:22 AM,1260.0,0,0.0,99006744.90000004
2025-08-01 11:13:24 AM,1260.0,427,538020.0,99544764.90000004
2025-08-01 11:13:35 AM,1260.0,7,8820.0,99553584.90000004
2025-08-01 11:13:51 AM,1260.0,78,98280.0,99651864.90000004
2025-08-01 11:14:02 AM,1260.0,36,45360.0,99697224.90000004
2025-08-01 11:14:08 AM,1260.0,12,15120.0,99712344.90000004
2025-08-01 11:14:55 AM,1260.1,0,0.0,99712344.90000004
2025-08-01 11:14:56 AM,1260.1,25,31502.499999999996,99743847.40000004
2025-08-01 11:15:05 AM,1260.0,0,0.0,99743847.40000004
2025-08-01 11:15:07 AM,1260.0,5,6300.0,99750147.40000004
2025-08-01 11:15:33 AM,1260.1,0,0.0,99750147.40000004
2025-08-01 11:15:34 AM,1260.1,6,7560.599999999999,99757708.00000003
2025-08-01 11:15:49 AM,1260.0,0,0.0,99757708.00000003
2025-08-01 11:15:49 AM,1260.0,76,95760.0,99853468.00000003
2025-08-01 11:16:15 AM,1260.0,16,20160.0,99873628.00000003
2025-08-01 11:16:17 AM,1260.1,12,15121.199999999999,99888749.20000003
2025-08-01 11:16:31 AM,1260.1,1,1260.1,99890009.30000003
2025-08-01 11:16:38 AM,1260.1,1,1260.1,99891269.40000002
2025-08-01 11:17:01 AM,1259.4,0,0.0,99891269.40000002
2025-08-01 11:17:03 AM,1259.4,112,141052.80000000002,100032322.20000002
2025-08-01 11:17:08 AM,1259.3,2,2518.6,100034840.80000001
2025-08-01 11:17:13 AM,1259.0,0,0.0,100034840.80000001
2025-08-01 11:17:13 AM,1259.0,8,10072.0,100044912.80000001
2025-08-01 11:17:21 AM,1259.0,5,6295.0,100051207.80000001
2025-08-01 11:17:31 AM,1259.8,0,0.0,100051207.80000001
2025-08-01 11:17:32 AM,1259.8,4,5039.2,100056247.00000001
2025-08-01 11:18:27 AM,1259.9,0,0.0,100056247.00000001
2025-08-01 11:18:29 AM,1259.9,42,52915.8,100109162.80000001
2025-08-01 11:19:02 AM,1258.7,0,0.0,100109162.80000001
2025-08-01 11:19:04 AM,1258.7,983,1237302.1,101346464.9
2025-08-01 11:19:06 AM,1259.4,0,0.0,101346464.9
2025-08-01 11:19:09 AM,1259.4,100,125940.00000000001,101472404.9
2025-08-01 11:19:33 AM,1258.1,0,0.0,101472404.9
2025-08-01 11:19:37 AM,1258.1,11,13839.099999999999,101486244.0
2025-08-01 11:19:48 AM,1257.1,200,251419.99999999997,101737664.0
2025-08-01 11:19:58 AM,1257.1,6,7542.599999999999,101745206.6
2025-08-01 11:20:11 AM,1256.7,0,0.0,101745206.6
2025-08-01 11:20:14 AM,1256.7,50,62835.0,101808041.6
2025-08-01 11:20:21 AM,1256.0,0,0.0,101808041.6
2025-08-01 11:20:25 AM,1256.0,7,8792.0,101816833.6
2025-08-01 11:20:36 AM,1257.2,0,0.0,101816833.6
2025-08-01 11:20:40 AM,1257.2,40,50288.0,101867121.6
2025-08-01 11:20:54 AM,1257.6,0,0.0,101867121.6
2025-08-01 11:20:55 AM,1257.6,1,1257.6,101868379.19999999
2025-08-01 11:20:59 AM,1256.6,0,0.0,101868379.19999999
2025-08-01 11:21:01 AM,1256.6,10,12566.0,101880945.19999999
2025-08-01 11:21:13 AM,1257.0,0,0.0,101880945.19999999
2025-08-01 11:21:15 AM,1256.4,0,0.0,101880945.19999999
2025-08-01 11:21:17 AM,1256.4,80,100512.0,101981457.19999999
2025-08-01 11:21:21 AM,1256.3,0,0.0,101981457.19999999
2025-08-01 11:21:22 AM,1256.3,25,31407.5,102012864.69999999
2025-08-01 11:22:24 AM,1258.2,0,0.0,102012864.69999999
2025-08-01 11:22:25 AM,1258.2,112,140918.4,102153783.1
2025-08-01 11:22:44 AM,1257.8,0,0.0,102153783.1
2025-08-01 11:22:46 AM,1257.8,9,11320.199999999999,102165103.3
2025-08-01 11:23:04 AM,1259.1,0,0.0,102165103.3
2025-08-01 11:23:07 AM,1259.1,20,25182.0,102190285.3
2025-08-01 11:24:10 AM,1258.3,0,0.0,102190285.3
2025-08-01 11:24:13 AM,1258.3,5,6291.5,102196576.8
2025-08-01 11:24:30 AM,1258.3,2,2516.6,102199093.39999999
2025-08-01 11:24:46 AM,1259.1,1,1259.1,102200352.49999999
2025-08-01 11:25:54 AM,1259.1,10,12591.0,102212943.49999999
2025-08-01 11:26:20 AM,1259.1,4,5036.4,102217979.89999999
2025-08-01 11:26:27 AM,1258.4,0,0.0,102217979.89999999
2025-08-01 11:26:30 AM,1258.4,25,31460.000000000004,102249439.89999999
2025-08-01 11:26:35 AM,1258.4,7,8808.800000000001,102258248.69999999
2025-08-01 11:26:39 AM,1258.5,0,0.0,102258248.69999999
2025-08-01 11:26:40 AM,1258.5,5,6292.5,102264541.19999999
2025-08-01 11:26:43 AM,1259.3,0,0.0,102264541.19999999
2025-08-01 11:26:45 AM,1259.3,2,2518.6,102267059.79999998
2025-08-01 11:28:22 AM,1259.9,0,0.0,102267059.79999998
2025-08-01 11:28:22 AM,1259.9,10,12599.0,102279658.79999998
2025-08-01 11:28:40 AM,1259.9,16,20158.4,102299817.19999999
2025-08-01 11:29:15 AM,1259.8,0,0.0,102299817.19999999
2025-08-01 11:29:16 AM,1259.8,2,2519.6,102302336.79999998
2025-08-01 11:29:40 AM,1259.8,1,1259.8,102303596.59999998
2025-08-01 11:30:09 AM,1259.0,0,0.0,102303596.59999998
2025-08-01 11:30:11 AM,1259.0,20,25180.0,102328776.59999998
2025-08-01 11:30:46 AM,1259.0,483,608097.0,102936873.59999998
2025-08-01 11:32:21 AM,1257.5,0,0.0,102936873.59999998
2025-08-01 11:32:22 AM,1257.5,25,31437.5,102968311.09999998
2025-08-01 11:32:45 AM,1258.3,0,0.0,102968311.09999998
2025-08-01 11:32:47 AM,1258.3,100,125830.0,103094141.09999998
2025-08-01 11:32:55 AM,1257.6,0,0.0,103094141.09999998
2025-08-01 11:32:58 AM,1257.6,75,94320.0,103188461.09999998
2025-08-01 11:33:14 AM,1257.6,2,2515.2,103190976.29999998
2025-08-01 11:33:19 AM,1257.6,65,81744.0,103272720.29999998
2025-08-01 11:33:23 AM,1258.2,0,0.0,103272720.29999998
2025-08-01 11:33:24 AM,1258.2,4,5032.8,103277753.09999998
2025-08-01 11:33:39 AM,1257.0,0,0.0,103277753.09999998
2025-08-01 11:33:39 AM,1257.0,245,307965.0,103585718.09999998
2025-08-01 11:33:59 AM,1257.0,2,2514.0,103588232.09999998
2025-08-01 11:34:12 AM,1257.8,0,0.0,103588232.09999998
2025-08-01 11:34:14 AM,1257.0,0,0.0,103588232.09999998
2025-08-01 11:34:15 AM,1257.0,56,70392.0,103658624.09999998
2025-08-01 11:34:20 AM,1257.0,12,15084.0,103673708.09999998
2025-08-01 11:34:46 AM,1256.8,25,31420.0,103705128.09999998
2025-08-01 11:35:06 AM,1257.0,0,0.0,103705128.09999998
2025-08-01 11:35:06 AM,1257.0,15,18855.0,103723983.09999998
2025-08-01 11:35:12 AM,1257.0,25,31425.0,103755408.09999998
2025-08-01 11:35:22 AM,1256.0,0,0.0,103755408.09999998
2025-08-01 11:35:23 AM,1256.0,130,163280.0,103918688.09999998
2025-08-01 11:35:28 AM,1256.0,80,100480.0,104019168.09999998
2025-08-01 11:35:35 AM,1256.3,0,0.0,104019168.09999998
2025-08-01 11:35:39 AM,1256.3,95,119348.5,104138516.59999998
2025-08-01 11:35:48 AM,1256.1,0,0.0,104138516.59999998
2025-08-01 11:35:49 AM,1256.1,100,125609.99999999999,104264126.59999998
2025-08-01 11:36:04 AM,1255.2,0,0.0,104264126.59999998
2025-08-01 11:36:04 AM,1255.2,500,627600.0,104891726.59999998
2025-08-01 11:36:16 AM,1255.9,0,0.0,104891726.59999998
2025-08-01 11:36:20 AM,1255.9,1,1255.9,104892982.49999999
2025-08-01 11:36:25 AM,1255.9,26,32653.4,104925635.89999999
2025-08-01 11:36:54 AM,1258.3,0,0.0,104925635.89999999
2025-08-01 11:36:56 AM,1258.3,800,1006640.0,105932275.89999999
2025-08-01 11:37:15 AM,1256.5,0,0.0,105932275.89999999
2025-08-01 11:37:18 AM,1256.5,4,5026.0,105937301.89999999
2025-08-01 11:37:19 AM,1256.0,0,0.0,105937301.89999999
2025-08-01 11:37:21 AM,1256.7,0,0.0,105937301.89999999
2025-08-01 11:37:23 AM,1256.7,82,103049.40000000001,106040351.3
2025-08-01 11:37:33 AM,1256.0,0,0.0,106040351.3
2025-08-01 11:37:33 AM,1256.0,15,18840.0,106059191.3
2025-08-01 11:37:45 AM,1256.7,0,0.0,106059191.3
2025-08-01 11:37:49 AM,1256.7,25,31417.5,106090608.8
2025-08-01 11:38:09 AM,1256.7,37,46497.9,106137106.7
2025-08-01 11:38:14 AM,1256.7,138,173424.6,106310531.3
2025-08-01 11:38:25 AM,1257.0,56,70392.0,106380923.3
2025-08-01 11:39:05 AM,1256.0,0,0.0,106380923.3
2025-08-01 11:39:05 AM,1256.0,125,157000.0,106537923.3
2025-08-01 11:39:07 AM,1256.9,0,0.0,106537923.3
2025-08-01 11:39:09 AM,1256.9,25,31422.500000000004,106569345.8
2025-08-01 11:39:32 AM,1255.7,0,0.0,106569345.8
2025-08-01 11:39:34 AM,1255.7,225,282532.5,106851878.3
2025-08-01 11:39:36 AM,1254.6,0,0.0,106851878.3
2025-08-01 11:39:36 AM,1254.6,153,191953.8,107043832.1
2025-08-01 11:39:39 AM,1254.0,0,0.0,107043832.1
2025-08-01 11:39:41 AM,1254.0,1,1254.0,107045086.1
2025-08-01 11:39:53 AM,1255.1,0,0.0,107045086.1
2025-08-01 11:39:53 AM,1255.1,125,156887.5,107201973.6
2025-08-01 11:40:05 AM,1254.1,0,0.0,107201973.6
2025-08-01 11:40:07 AM,1254.1,15,18811.5,107220785.1
2025-08-01 11:40:27 AM,1254.2,0,0.0,107220785.1
2025-08-01 11:40:27 AM,1254.2,53,66472.6,107287257.69999999
2025-08-01 11:40:28 AM,1254.9,0,0.0,107287257.69999999
2025-08-01 11:40:28 AM,1254.9,1,1254.9,107288512.6
2025-08-01 11:40:42 AM,1254.9,75,94117.5,107382630.1
2025-08-01 11:40:50 AM,1254.1,0,0.0,107382630.1
2025-08-01 11:40:51 AM,1254.0,0,0.0,107382630.1
2025-08-01 11:40:52 AM,1254.0,13,16302.0,107398932.1
2025-08-01 11:40:56 AM,1254.1,0,0.0,107398932.1
2025-08-01 11:40:58 AM,1254.1,12,15049.199999999999,107413981.3
2025-08-01 11:41:18 AM,1254.0,18,22572.0,107436553.3
2025-08-01 11:41:43 AM,1254.0,8,10032.0,107446585.3
2025-08-01 11:41:49 AM,1254.3,0,0.0,107446585.3
2025-08-01 11:41:53 AM,1254.3,590,740037.0,108186622.3
2025-08-01 11:42:21 AM,1255.4,0,0.0,108186622.3
2025-08-01 11:42:24 AM,1255.4,26,32640.4,108219262.7
2025-08-01 11:42:25 AM,1255.3,0,0.0,108219262.7
2025-08-01 11:42:29 AM,1255.3,100,125530.0,108344792.7
2025-08-01 11:42:43 AM,1255.9,0,0.0,108344792.7
2025-08-01 11:42:45 AM,1255.9,5,6279.5,108351072.2
2025-08-01 11:42:49 AM,1256.1,0,0.0,108351072.2
2025-08-01 11:42:50 AM,1256.1,10,12561.0,108363633.2
2025-08-01 11:42:53 AM,1255.9,0,0.0,108363633.2
2025-08-01 11:42:56 AM,1255.9,20,25118.0,108388751.2
2025-08-01 11:43:27 AM,1255.4,0,0.0,108388751.2
2025-08-01 11:43:28 AM,1255.4,3,3766.2000000000003,108392517.4
2025-08-01 11:43:30 AM,1256.0,0,0.0,108392517.4
2025-08-01 11:43:33 AM,1256.0,3,3768.0,108396285.4
2025-08-01 11:44:10 AM,1254.5,3,3763.5,108400048.9
2025-08-01 11:44:16 AM,1254.5,7,8781.5,108408830.4
2025-08-01 11:44:17 AM,1254.6,0,0.0,108408830.4
2025-08-01 11:44:22 AM,1254.6,10,12546.0,108421376.4
2025-08-01 11:46:22 AM,1254.5,0,0.0,108421376.4
2025-08-01 11:46:26 AM,1254.2,25,31355.0,108452731.4
2025-08-01 11:46:53 AM,1254.2,18,22575.600000000002,108475307.0
2025-08-01 11:46:53 AM,1254.2,12,15050.400000000001,108490357.4
2025-08-01 11:47:03 AM,1255.8,0,0.0,108490357.4
2025-08-01 11:47:03 AM,1255.8,300,376740.0,108867097.4
2025-08-01 11:47:12 AM,1254.6,0,0.0,108867097.4
2025-08-01 11:47:13 AM,1254.6,1,1254.6,108868352.0
2025-08-01 11:47:23 AM,1255.7,0,0.0,108868352.0
2025-08-01 11:47:23 AM,1255.7,99,124314.3,108992666.3
2025-08-01 11:47:49 AM,1255.7,5,6278.5,108998944.8
2025-08-01 11:48:15 AM,1255.0,19,23845.0,109022789.8
2025-08-01 11:49:03 AM,1255.8,0,0.0,109022789.8
2025-08-01 11:49:05 AM,1255.8,40,50232.0,109073021.8
2025-08-01 11:49:30 AM,1256.0,0,0.0,109073021.8
2025-08-01 11:49:32 AM,1256.0,42,52752.0,109125773.8
2025-08-01 11:49:42 AM,1256.0,11,13816.0,109139589.8
2025-08-01 11:50:48 AM,1255.9,5,6279.5,109145869.3
2025-08-01 11:51:41 AM,1256.0,0,0.0,109145869.3
2025-08-01 11:51:42 AM,1256.0,48,60288.0,109206157.3
2025-08-01 11:51:53 AM,1256.3,2,2512.6,109208669.89999999
2025-08-01 11:52:10 AM,1257.0,0,0.0,109208669.89999999
2025-08-01 11:52:13 AM,1257.0,69,86733.0,109295402.89999999
2025-08-01 11:52:23 AM,1257.0,2,2514.0,109297916.89999999
2025-08-01 11:52:33 AM,1257.0,3,3771.0,109301687.89999999
2025-08-01 11:53:24 AM,1257.0,9,11313.0,109313000.89999999
2025-08-01 11:53:30 AM,1257.0,782,982974.0,110295974.89999999
2025-08-01 11:53:32 AM,1258.3,0,0.0,110295974.89999999
2025-08-01 11:53:34 AM,1258.3,1157,1455853.0999999999,111751827.99999999
2025-08-01 11:53:39 AM,1258.3,179,225235.69999999998,111977063.69999999
2025-08-01 11:53:41 AM,1258.5,0,0.0,111977063.69999999
2025-08-01 11:53:44 AM,1258.5,89,112006.5,112089070.19999999
2025-08-01 11:53:54 AM,1258.1,0,0.0,112089070.19999999
2025-08-01 11:53:54 AM,1258.1,2,2516.2,112091586.39999999
2025-08-01 11:55:05 AM,1258.1,1,1258.1,112092844.49999999
2025-08-01 11:55:23 AM,1258.2,0,0.0,112092844.49999999
2025-08-01 11:55:26 AM,1258.2,32,40262.4,112133106.89999999
2025-08-01 11:56:41 AM,1257.9,235,295606.5,112428713.39999999
2025-08-01 11:58:17 AM,1257.2,0,0.0,112428713.39999999
2025-08-01 11:58:18 AM,1256.6,13,16335.8,112445049.19999999
2025-08-01 11:59:06 AM,1256.6,1,1256.6,112446305.79999998
2025-08-01 11:59:16 AM,1257.2,30,37716.0,112484021.79999998
2025-08-01 11:59:36 AM,1257.3,0,0.0,112484021.79999998
2025-08-01 11:59:36 AM,1256.6,5,6283.0,112490304.79999998
2025-08-01 11:59:47 AM,1256.6,20,25132.0,112515436.79999998
2025-08-01 12:00:10 PM,1256.6,55,69113.0,112584549.79999998
2025-08-01 12:01:22 PM,1256.2,187,234909.4,112819459.19999999
2025-08-01 12:01:26 PM,1256.1,0,0.0,112819459.19999999
2025-08-01 12:01:27 PM,1256.1,10,12561.0,112832020.19999999
2025-08-01 12:02:07 PM,1256.1,21,26378.1,112858398.29999998
2025-08-01 12:02:30 PM,1256.1,6,7536.599999999999,112865934.89999998
2025-08-01 12:02:45 PM,1256.6,10,12566.0,112878500.89999998
2025-08-01 12:03:05 PM,1256.6,1,1256.6,112879757.49999997
2025-08-01 12:03:10 PM,1256.1,0,0.0,112879757.49999997
2025-08-01 12:03:10 PM,1256.1,1,1256.1,112881013.59999996
2025-08-01 12:03:28 PM,1256.6,0,0.0,112881013.59999996
2025-08-01 12:03:30 PM,1256.6,7,8796.199999999999,112889809.79999997
2025-08-01 12:03:51 PM,1256.0,0,0.0,112889809.79999997
2025-08-01 12:03:52 PM,1256.0,92,115552.0,113005361.79999997
2025-08-01 12:03:57 PM,1255.0,0,0.0,113005361.79999997
2025-08-01 12:03:58 PM,1255.0,93,116715.0,113122076.79999997
2025-08-01 12:04:04 PM,1255.4,0,0.0,113122076.79999997
2025-08-01 12:04:05 PM,1255.4,30,37662.0,113159738.79999997
2025-08-01 12:04:13 PM,1255.2,0,0.0,113159738.79999997
2025-08-01 12:04:14 PM,1255.2,1,1255.2,113160993.99999997
2025-08-01 12:04:35 PM,1255.2,1,1255.2,113162249.19999997
2025-08-01 12:04:40 PM,1254.7,0,0.0,113162249.19999997
2025-08-01 12:04:41 PM,1254.7,1,1254.7,113163503.89999998
2025-08-01 12:05:26 PM,1254.6,20,25092.0,113188595.89999998
2025-08-01 12:06:20 PM,1255.2,0,0.0,113188595.89999998
2025-08-01 12:06:20 PM,1255.2,5,6276.0,113194871.89999998
2025-08-01 12:07:15 PM,1255.2,5,6276.0,113201147.89999998
2025-08-01 12:07:56 PM,1256.5,0,0.0,113201147.89999998
2025-08-01 12:08:00 PM,1256.5,300,376950.0,113578097.89999998
2025-08-01 12:08:48 PM,1255.4,0,0.0,113578097.89999998
2025-08-01 12:08:50 PM,1255.4,113,141860.2,113719958.09999998
2025-08-01 12:09:50 PM,1255.3,5,6276.5,113726234.59999998
2025-08-01 12:10:40 PM,1255.0,0,0.0,113726234.59999998
2025-08-01 12:10:40 PM,1255.0,25,31375.0,113757609.59999998
2025-08-01 12:11:32 PM,1255.4,0,0.0,113757609.59999998
2025-08-01 12:11:35 PM,1255.4,25,31385.000000000004,113788994.59999998
2025-08-01 12:11:49 PM,1255.4,8,10043.2,113799037.79999998
2025-08-01 12:11:52 PM,1253.7,0,0.0,113799037.79999998
2025-08-01 12:11:54 PM,1253.7,784,982900.8,114781938.59999998
2025-08-01 12:11:59 PM,1255.2,78,97905.6,114879844.19999997
2025-08-01 12:12:18 PM,1255.1,0,0.0,114879844.19999997
2025-08-01 12:12:18 PM,1255.1,2,2510.2,114882354.39999998
2025-08-01 12:12:32 PM,1254.1,0,0.0,114882354.39999998
2025-08-01 12:12:34 PM,1254.1,161,201910.09999999998,115084264.49999997
2025-08-01 12:12:48 PM,1253.6,0,0.0,115084264.49999997
2025-08-01 12:12:49 PM,1253.6,25,31339.999999999996,115115604.49999997
2025-08-01 12:13:02 PM,1254.4,0,0.0,115115604.49999997
2025-08-01 12:13:05 PM,1254.4,51,63974.4,115179578.89999998
2025-08-01 12:13:08 PM,1255.7,0,0.0,115179578.89999998
2025-08-01 12:13:10 PM,1255.7,15,18835.5,115198414.39999998
2025-08-01 12:13:19 PM,1254.8,5,6274.0,115204688.39999998
2025-08-01 12:13:28 PM,1255.8,0,0.0,115204688.39999998
2025-08-01 12:13:29 PM,1255.8,3,3767.3999999999996,115208455.79999998
2025-08-01 12:13:58 PM,1256.0,0,0.0,115208455.79999998
2025-08-01 12:13:59 PM,1256.0,72,90432.0,115298887.79999998
2025-08-01 12:14:52 PM,1255.0,0,0.0,115298887.79999998
2025-08-01 12:14:55 PM,1255.0,264,331320.0,115630207.79999998
2025-08-01 12:15:08 PM,1254.5,0,0.0,115630207.79999998
2025-08-01 12:15:09 PM,1254.5,68,85306.0,115715513.79999998
2025-08-01 12:15:14 PM,1253.8,0,0.0,115715513.79999998
2025-08-01 12:15:15 PM,1253.8,6,7522.799999999999,115723036.59999998
2025-08-01 12:15:30 PM,1253.4,0,0.0,115723036.59999998
2025-08-01 12:15:30 PM,1253.4,18,22561.2,115745597.79999998
2025-08-01 12:15:58 PM,1254.0,0,0.0,115745597.79999998
2025-08-01 12:16:00 PM,1253.6,0,0.0,115745597.79999998
2025-08-01 12:16:01 PM,1253.6,366,458817.6,116204415.39999998
2025-08-01 12:17:04 PM,1254.1,0,0.0,116204415.39999998
2025-08-01 12:17:04 PM,1254.1,20,25082.0,116229497.39999998
2025-08-01 12:17:10 PM,1254.0,0,0.0,116229497.39999998
2025-08-01 12:17:14 PM,1254.0,7,8778.0,116238275.39999998
2025-08-01 12:18:22 PM,1253.6,76,95273.59999999999,116333548.99999997
2025-08-01 12:18:50 PM,1254.0,0,0.0,116333548.99999997
2025-08-01 12:18:52 PM,1254.0,38,47652.0,116381200.99999997
2025-08-01 12:19:14 PM,1255.2,0,0.0,116381200.99999997
2025-08-01 12:19:17 PM,1255.2,1,1255.2,116382456.19999997
2025-08-01 12:19:54 PM,1254.3,0,0.0,116382456.19999997
2025-08-01 12:19:57 PM,1254.2,198,248331.6,116630787.79999997
2025-08-01 12:20:09 PM,1253.0,0,0.0,116630787.79999997
2025-08-01 12:20:13 PM,1253.0,267,334551.0,116965338.79999997
2025-08-01 12:20:14 PM,1253.2,50,62660.0,117027998.79999997
2025-08-01 12:20:18 PM,1252.1,0,0.0,117027998.79999997
2025-08-01 12:20:19 PM,1252.1,1,1252.1,117029250.89999996
2025-08-01 12:20:19 PM,1252.0,9,11268.0,117040518.89999996
2025-08-01 12:20:29 PM,1252.5,1,1252.5,117041771.39999996
2025-08-01 12:20:42 PM,1252.0,0,0.0,117041771.39999996
2025-08-01 12:20:44 PM,1252.0,1,1252.0,117043023.39999996
2025-08-01 12:20:46 PM,1252.5,0,0.0,117043023.39999996
2025-08-01 12:20:50 PM,1252.5,1,1252.5,117044275.89999996
2025-08-01 12:21:28 PM,1252.0,0,0.0,117044275.89999996
2025-08-01 12:21:29 PM,1252.0,77,96404.0,117140679.89999996
2025-08-01 12:21:36 PM,1251.3,0,0.0,117140679.89999996
2025-08-01 12:21:38 PM,1251.3,92,115119.59999999999,117255799.49999996
2025-08-01 12:21:45 PM,1251.2,0,0.0,117255799.49999996
2025-08-01 12:21:48 PM,1251.2,328,410393.60000000003,117666193.09999995
2025-08-01 12:21:49 PM,1251.3,0,0.0,117666193.09999995
2025-08-01 12:21:53 PM,1251.3,2,2502.6,117668695.69999994
2025-08-01 12:21:57 PM,1251.7,0,0.0,117668695.69999994
2025-08-01 12:21:57 PM,1251.7,190,237823.0,117906518.69999994
2025-08-01 12:22:01 PM,1253.4,0,0.0,117906518.69999994
2025-08-01 12:22:03 PM,1253.4,301,377273.4,118283792.09999995
2025-08-01 12:22:16 PM,1253.7,0,0.0,118283792.09999995
2025-08-01 12:22:19 PM,1253.7,5,6268.5,118290060.59999995
2025-08-01 12:23:15 PM,1253.7,50,62685.0,118352745.59999995
2025-08-01 12:23:42 PM,1253.2,0,0.0,118352745.59999995
2025-08-01 12:23:43 PM,1253.2,8,10025.6,118362771.19999994
2025-08-01 12:23:48 PM,1253.9,0,0.0,118362771.19999994
2025-08-01 12:23:48 PM,1253.9,8,10031.2,118372802.39999995
2025-08-01 12:24:05 PM,1253.5,0,0.0,118372802.39999995
2025-08-01 12:24:09 PM,1253.5,20,25070.0,118397872.39999995
2025-08-01 12:24:43 PM,1254.9,25,31372.500000000004,118429244.89999995
2025-08-01 12:25:13 PM,1254.6,4588,5756104.8,124185349.69999994
2025-08-01 12:25:15 PM,1256.5,0,0.0,124185349.69999994
2025-08-01 12:25:18 PM,1256.5,1551,1948831.5,126134181.19999994
2025-08-01 12:25:20 PM,1257.1,0,0.0,126134181.19999994
2025-08-01 12:25:22 PM,1258.0,0,0.0,126134181.19999994
2025-08-01 12:25:23 PM,1257.6,0,0.0,126134181.19999994
2025-08-01 12:25:24 PM,1257.6,743,934396.7999999999,127068577.99999994
2025-08-01 12:25:40 PM,1256.8,0,0.0,127068577.99999994
2025-08-01 12:25:43 PM,1256.8,28,35190.4,127103768.39999995
2025-08-01 12:25:48 PM,1256.9,10,12569.0,127116337.39999995
2025-08-01 12:25:53 PM,1256.9,2,2513.8,127118851.19999994
2025-08-01 12:26:30 PM,1256.8,0,0.0,127118851.19999994
2025-08-01 12:26:34 PM,1256.8,31,38960.799999999996,127157811.99999994
2025-08-01 12:26:36 PM,1256.7,0,0.0,127157811.99999994
2025-08-01 12:26:39 PM,1256.7,53,66605.1,127224417.09999993
2025-08-01 12:26:49 PM,1256.2,0,0.0,127224417.09999993
2025-08-01 12:26:54 PM,1256.2,5,6281.0,127230698.09999993
2025-08-01 12:27:27 PM,1256.1,0,0.0,127230698.09999993
2025-08-01 12:27:29 PM,1256.1,1,1256.1,127231954.19999993
2025-08-01 12:27:36 PM,1254.8,0,0.0,127231954.19999993
2025-08-01 12:27:38 PM,1254.9,0,0.0,127231954.19999993
2025-08-01 12:27:39 PM,1254.9,64,80313.6,127312267.79999992
2025-08-01 12:27:47 PM,1255.9,0,0.0,127312267.79999992
2025-08-01 12:27:49 PM,1255.9,2,2511.8,127314779.59999992
2025-08-01 12:28:11 PM,1256.0,0,0.0,127314779.59999992
2025-08-01 12:28:13 PM,1256.0,11,13816.0,127328595.59999992
2025-08-01 12:28:18 PM,1256.2,0,0.0,127328595.59999992
2025-08-01 12:28:18 PM,1256.2,10,12562.0,127341157.59999992
2025-08-01 12:29:22 PM,1255.9,10,12559.0,127353716.59999992
2025-08-01 12:29:52 PM,1254.9,0,0.0,127353716.59999992
2025-08-01 12:29:52 PM,1254.9,1,1254.9,127354971.49999993
2025-08-01 12:30:46 PM,1256.0,0,0.0,127354971.49999993
2025-08-01 12:30:46 PM,1256.0,8,10048.0,127365019.49999993
2025-08-01 12:31:11 PM,1255.2,2,2510.4,127367529.89999993
2025-08-01 12:31:12 PM,1256.0,0,0.0,127367529.89999993
2025-08-01 12:31:15 PM,1256.0,10,12560.0,127380089.89999993
2025-08-01 12:32:44 PM,1256.0,32,40192.0,127420281.89999993
2025-08-01 12:33:52 PM,1256.4,0,0.0,127420281.89999993
2025-08-01 12:33:54 PM,1256.4,20,25128.0,127445409.89999993
2025-08-01 12:34:14 PM,1257.5,0,0.0,127445409.89999993
2025-08-01 12:34:14 PM,1257.5,1,1257.5,127446667.39999993
2025-08-01 12:34:16 PM,1256.6,0,0.0,127446667.39999993
2025-08-01 12:34:19 PM,1256.6,1,1256.6,127447923.99999993
2025-08-01 12:34:22 PM,1257.9,0,0.0,127447923.99999993
2025-08-01 12:34:24 PM,1256.6,0,0.0,127447923.99999993
2025-08-01 12:34:24 PM,1256.6,105,131943.0,127579866.99999993
2025-08-01 12:34:30 PM,1257.9,0,0.0,127579866.99999993
2025-08-01 12:34:35 PM,1257.9,58,72958.20000000001,127652825.19999993
2025-08-01 12:34:35 PM,1258.8,190,239172.0,127891997.19999993
2025-08-01 12:34:44 PM,1257.9,0,0.0,127891997.19999993
2025-08-01 12:34:45 PM,1257.9,6,7547.400000000001,127899544.59999993
2025-08-01 12:34:50 PM,1256.5,190,238735.0,128138279.59999993
2025-08-01 12:35:04 PM,1256.4,0,0.0,128138279.59999993
2025-08-01 12:35:05 PM,1256.4,9,11307.6,128149587.19999993
2025-08-01 12:35:06 PM,1256.5,0,0.0,128149587.19999993
2025-08-01 12:35:10 PM,1255.6,0,0.0,128149587.19999993
2025-08-01 12:35:10 PM,1255.6,302,379191.19999999995,128528778.39999993
2025-08-01 12:35:20 PM,1256.2,0,0.0,128528778.39999993
2025-08-01 12:35:21 PM,1256.2,5,6281.0,128535059.39999993
2025-08-01 12:35:34 PM,1256.1,0,0.0,128535059.39999993
2025-08-01 12:35:36 PM,1256.1,30,37683.0,128572742.39999993
2025-08-01 12:35:40 PM,1255.5,0,0.0,128572742.39999993
2025-08-01 12:35:41 PM,1255.5,82,102951.0,128675693.39999993
2025-08-01 12:35:54 PM,1255.0,0,0.0,128675693.39999993
2025-08-01 12:35:58 PM,1255.0,386,484430.0,129160123.39999993
2025-08-01 12:36:08 PM,1255.0,122,153110.0,129313233.39999993
2025-08-01 12:36:14 PM,1253.7,0,0.0,129313233.39999993
2025-08-01 12:36:18 PM,1253.7,129,161727.30000000002,129474960.69999993
2025-08-01 12:36:24 PM,1254.3,50,62715.0,129537675.69999993
2025-08-01 12:36:34 PM,1254.3,20,25086.0,129562761.69999993
2025-08-01 12:37:04 PM,1254.3,1,1254.3,129564015.99999993
2025-08-01 12:37:14 PM,1254.3,1,1254.3,129565270.29999992
2025-08-01 12:37:53 PM,1253.1,0,0.0,129565270.29999992
2025-08-01 12:37:54 PM,1253.1,53,66414.29999999999,129631684.59999992
2025-08-01 12:38:34 PM,1254.3,0,0.0,129631684.59999992
2025-08-01 12:38:35 PM,1254.3,8,10034.4,129641718.99999993
2025-08-01 12:38:44 PM,1253.5,0,0.0,129641718.99999993
2025-08-01 12:38:45 PM,1253.5,5,6267.5,129647986.49999993
2025-08-01 12:40:29 PM,1253.5,13,16295.5,129664281.99999993
2025-08-01 12:40:39 PM,1253.5,1,1253.5,129665535.49999993
2025-08-01 12:40:49 PM,1253.5,10,12535.0,129678070.49999993
2025-08-01 12:41:00 PM,1253.5,15,18802.5,129696872.99999993
2025-08-01 12:41:40 PM,1252.5,0,0.0,129696872.99999993
2025-08-01 12:41:41 PM,1252.5,300,375750.0,130072622.99999993
2025-08-01 12:42:16 PM,1253.1,0,0.0,130072622.99999993
2025-08-01 12:42:18 PM,1253.1,53,66414.29999999999,130139037.29999992
2025-08-01 12:43:24 PM,1252.1,0,0.0,130139037.29999992
2025-08-01 12:43:26 PM,1252.1,3,3756.2999999999997,130142793.59999992
2025-08-01 12:43:54 PM,1250.6,12,15007.199999999999,130157800.79999992
2025-08-01 12:44:02 PM,1251.0,0,0.0,130157800.79999992
2025-08-01 12:44:05 PM,1251.0,10,12510.0,130170310.79999992
2025-08-01 12:45:10 PM,1250.3,0,0.0,130170310.79999992
2025-08-01 12:45:12 PM,1251.0,0,0.0,130170310.79999992
2025-08-01 12:45:13 PM,1251.0,60,75060.0,130245370.79999992
2025-08-01 12:45:28 PM,1250.3,0,0.0,130245370.79999992
2025-08-01 12:45:29 PM,1250.3,5,6251.5,130251622.29999992
2025-08-01 12:46:54 PM,1251.0,0,0.0,130251622.29999992
2025-08-01 12:46:55 PM,1251.0,2,2502.0,130254124.29999992
2025-08-01 12:47:05 PM,1250.5,1,1250.5,130255374.79999992
2025-08-01 12:47:46 PM,1250.5,3,3751.5,130259126.29999992
2025-08-01 12:47:50 PM,1250.5,5,6252.5,130265378.79999992
2025-08-01 12:47:56 PM,1251.0,19,23769.0,130289147.79999992
2025-08-01 12:50:12 PM,1250.4,55,68772.0,130357919.79999992
2025-08-01 12:51:14 PM,1251.2,10,12512.0,130370431.79999992
2025-08-01 12:51:17 PM,1250.6,0,0.0,130370431.79999992
2025-08-01 12:51:18 PM,1250.6,1,1250.6,130371682.39999992
2025-08-01 12:52:23 PM,1250.6,6,7503.599999999999,130379185.99999991
2025-08-01 12:53:17 PM,1250.6,15,18759.0,130397944.99999991
2025-08-01 12:55:15 PM,1250.6,10,12506.0,130410450.99999991
2025-08-01 12:56:12 PM,1251.2,0,0.0,130410450.99999991
2025-08-01 12:56:16 PM,1251.2,2,2502.4,130412953.39999992
2025-08-01 12:56:18 PM,1247.0,0,0.0,130412953.39999992
2025-08-01 12:56:21 PM,1247.0,4281,5338407.0,135751360.39999992
2025-08-01 12:56:22 PM,1244.0,0,0.0,135751360.39999992
2025-08-01 12:56:22 PM,1245.5,0,0.0,135751360.39999992
2025-08-01 12:56:25 PM,1245.5,1490,1855795.0,137607155.39999992
2025-08-01 12:56:28 PM,1244.0,0,0.0,137607155.39999992
2025-08-01 12:56:30 PM,1244.0,420,522480.0,138129635.39999992
2025-08-01 12:56:31 PM,1243.8,2,2487.6,138132122.9999999
2025-08-01 12:56:32 PM,1244.5,0,0.0,138132122.9999999
2025-08-01 12:56:34 PM,1244.1,0,0.0,138132122.9999999
2025-08-01 12:56:35 PM,1244.1,352,437923.19999999995,138570046.1999999
2025-08-01 12:56:40 PM,1244.2,1,1244.2,138571290.3999999
2025-08-01 12:56:42 PM,1245.1,0,0.0,138571290.3999999
2025-08-01 12:56:45 PM,1245.1,192,239059.19999999998,138810349.59999987
2025-08-01 12:56:50 PM,1246.4,0,0.0,138810349.59999987
2025-08-01 12:56:50 PM,1246.4,328,408819.2,139219168.79999986
2025-08-01 12:56:52 PM,1245.2,0,0.0,139219168.79999986
2025-08-01 12:56:55 PM,1245.2,15,18678.0,139237846.79999986
2025-08-01 12:57:16 PM,1246.0,0,0.0,139237846.79999986
2025-08-01 12:57:17 PM,1246.0,1,1246.0,139239092.79999986
2025-08-01 12:57:50 PM,1246.7,0,0.0,139239092.79999986
2025-08-01 12:57:50 PM,1246.7,10,12467.0,139251559.79999986
2025-08-01 12:57:53 PM,1246.7,1,1246.7,139252806.49999985
2025-08-01 12:58:28 PM,1247.9,0,0.0,139252806.49999985
2025-08-01 12:58:31 PM,1247.9,500,623950.0,139876756.49999985
2025-08-01 12:59:06 PM,1246.8,18,22442.399999999998,139899198.89999986
2025-08-01 12:59:11 PM,1246.8,18,22442.399999999998,139921641.29999986
2025-08-01 01:00:29 PM,1246.8,6,7480.799999999999,139929122.09999987
2025-08-01 01:01:18 PM,1245.0,1179,1467855.0,141396977.09999987
2025-08-01 01:01:25 PM,1246.2,0,0.0,141396977.09999987
2025-08-01 01:01:27 PM,1246.3,0,0.0,141396977.09999987
2025-08-01 01:01:27 PM,1246.3,153,190683.9,141587660.99999988
2025-08-01 01:01:51 PM,1246.3,4,4985.2,141592646.19999987
2025-08-01 01:02:17 PM,1246.2,0,0.0,141592646.19999987
2025-08-01 01:02:17 PM,1246.2,10,12462.0,141605108.19999987
2025-08-01 01:02:47 PM,1246.2,5,6231.0,141611339.19999987
2025-08-01 01:02:52 PM,1246.2,33,41124.6,141652463.79999986
2025-08-01 01:03:07 PM,1246.2,15,18693.0,141671156.79999986
2025-08-01 01:03:32 PM,1246.2,40,49848.0,141721004.79999986
2025-08-01 01:04:01 PM,1246.2,5,6231.0,141727235.79999986
2025-08-01 01:04:05 PM,1246.4,0,0.0,141727235.79999986
2025-08-01 01:04:05 PM,1246.4,15,18696.0,141745931.79999986
2025-08-01 01:04:25 PM,1246.4,1,1246.4,141747178.19999987
2025-08-01 01:04:34 PM,1246.4,11,13710.400000000001,141760888.59999987
2025-08-01 01:04:44 PM,1246.4,1,1246.4,141762134.99999988
2025-08-01 01:05:19 PM,1246.2,100,124620.0,141886754.99999988
2025-08-01 01:05:25 PM,1246.2,67,83495.40000000001,141970250.3999999
2025-08-01 01:05:25 PM,1246.4,0,0.0,141970250.3999999
2025-08-01 01:05:29 PM,1246.4,4,4985.6,141975235.99999988
2025-08-01 01:06:49 PM,1247.7,0,0.0,141975235.99999988
2025-08-01 01:06:52 PM,1247.7,25,31192.5,142006428.49999988
2025-08-01 01:07:00 PM,1247.9,0,0.0,142006428.49999988
2025-08-01 01:07:02 PM,1248.4,0,0.0,142006428.49999988
2025-08-01 01:07:02 PM,1248.4,11,13732.400000000001,142020160.8999999
2025-08-01 01:07:07 PM,1247.7,195,243301.5,142263462.3999999
2025-08-01 01:07:17 PM,1248.1,10,12481.0,142275943.3999999
2025-08-01 01:07:24 PM,1249.1,0,0.0,142275943.3999999
2025-08-01 01:07:27 PM,1249.1,51,63704.1,142339647.49999988
2025-08-01 01:09:02 PM,1249.0,0,0.0,142339647.49999988
2025-08-01 01:09:02 PM,1249.0,9,11241.0,142350888.49999988
2025-08-01 01:09:35 PM,1248.2,0,0.0,142350888.49999988
2025-08-01 01:09:36 PM,1248.2,100,124820.0,142475708.49999988
2025-08-01 01:10:08 PM,1248.0,0,0.0,142475708.49999988
2025-08-01 01:10:09 PM,1248.0,69,86112.0,142561820.49999988
2025-08-01 01:10:36 PM,1248.7,0,0.0,142561820.49999988
2025-08-01 01:10:36 PM,1248.7,5,6243.5,142568063.99999988
2025-08-01 01:10:50 PM,1248.0,100,124800.0,142692863.99999988
2025-08-01 01:10:55 PM,1248.0,10,12480.0,142705343.99999988
2025-08-01 01:11:03 PM,1248.8,0,0.0,142705343.99999988
2025-08-01 01:11:04 PM,1248.2,0,0.0,142705343.99999988
2025-08-01 01:11:04 PM,1248.2,2,2496.4,142707840.3999999
2025-08-01 01:11:15 PM,1248.8,0,0.0,142707840.3999999
2025-08-01 01:11:15 PM,1248.8,2,2497.6,142710337.99999988
2025-08-01 01:11:30 PM,1248.2,0,0.0,142710337.99999988
2025-08-01 01:11:31 PM,1248.2,10,12482.0,142722819.99999988
2025-08-01 01:12:02 PM,1248.7,0,0.0,142722819.99999988
2025-08-01 01:12:04 PM,1248.7,2,2497.4,142725317.3999999
2025-08-01 01:12:09 PM,1248.7,1,1248.7,142726566.09999987
2025-08-01 01:12:36 PM,1248.2,5,6241.0,142732807.09999987
2025-08-01 01:13:32 PM,1248.7,2,2497.4,142735304.49999988
2025-08-01 01:13:35 PM,1248.7,1,1248.7,142736553.19999987
2025-08-01 01:15:10 PM,1248.7,16,19979.2,142756532.39999986
2025-08-01 01:15:15 PM,1248.7,4,4994.8,142761527.19999987
2025-08-01 01:15:38 PM,1248.2,0,0.0,142761527.19999987
2025-08-01 01:15:41 PM,1248.2,7,8737.4,142770264.59999987
2025-08-01 01:15:48 PM,1248.2,2,2496.4,142772760.99999988
2025-08-01 01:15:50 PM,1249.0,0,0.0,142772760.99999988
2025-08-01 01:15:51 PM,1249.0,19,23731.0,142796491.99999988
2025-08-01 01:15:58 PM,1248.2,0,0.0,142796491.99999988
2025-08-01 01:15:58 PM,1248.2,25,31205.0,142827696.99999988
2025-08-01 01:16:04 PM,1248.1,0,0.0,142827696.99999988
2025-08-01 01:16:06 PM,1248.1,25,31202.499999999996,142858899.49999988
2025-08-01 01:16:08 PM,1249.0,10,12490.0,142871389.49999988
2025-08-01 01:16:33 PM,1248.2,6,7489.200000000001,142878878.69999987
2025-08-01 01:16:44 PM,1248.3,0,0.0,142878878.69999987
2025-08-01 01:16:46 PM,1248.3,4,4993.2,142883871.89999986
2025-08-01 01:17:06 PM,1249.0,0,0.0,142883871.89999986
2025-08-01 01:17:06 PM,1249.0,1,1249.0,142885120.89999986
2025-08-01 01:17:20 PM,1248.2,0,0.0,142885120.89999986
2025-08-01 01:17:21 PM,1248.2,5,6241.0,142891361.89999986
2025-08-01 01:18:28 PM,1249.1,0,0.0,142891361.89999986
2025-08-01 01:18:29 PM,1249.1,4,4996.4,142896358.29999986
2025-08-01 01:18:44 PM,1249.0,0,0.0,142896358.29999986
2025-08-01 01:18:48 PM,1249.0,49,61201.0,142957559.29999986
2025-08-01 01:19:02 PM,1248.3,0,0.0,142957559.29999986
2025-08-01 01:19:03 PM,1248.3,10,12483.0,142970042.29999986
2025-08-01 01:19:06 PM,1249.0,0,0.0,142970042.29999986
2025-08-01 01:19:08 PM,1249.0,44,54956.0,143024998.29999986
2025-08-01 01:19:23 PM,1249.0,5,6245.0,143031243.29999986
2025-08-01 01:19:54 PM,1248.2,0,0.0,143031243.29999986
2025-08-01 01:19:56 PM,1248.2,51,63658.200000000004,143094901.49999985
2025-08-01 01:20:08 PM,1249.1,0,0.0,143094901.49999985
2025-08-01 01:20:09 PM,1249.1,12,14989.199999999999,143109890.69999984
2025-08-01 01:20:09 PM,1249.2,0,0.0,143109890.69999984
2025-08-01 01:20:10 PM,1249.2,4,4996.8,143114887.49999985
2025-08-01 01:21:26 PM,1247.9,0,0.0,143114887.49999985
2025-08-01 01:21:27 PM,1247.9,502,626445.8,143741333.29999986
2025-08-01 01:21:34 PM,1247.4,0,0.0,143741333.29999986
2025-08-01 01:21:37 PM,1247.4,10,12474.0,143753807.29999986
2025-08-01 01:21:44 PM,1246.1,0,0.0,143753807.29999986
2025-08-01 01:21:46 PM,1246.1,165,205606.49999999997,143959413.79999986
2025-08-01 01:22:01 PM,1246.4,71,88494.40000000001,144047908.19999987
2025-08-01 01:22:10 PM,1246.4,30,37392.0,144085300.19999987
2025-08-01 01:22:15 PM,1246.4,8,9971.2,144095271.39999986
2025-08-01 01:23:34 PM,1245.2,61,75957.2,144171228.59999985
2025-08-01 01:24:24 PM,1246.4,0,0.0,144171228.59999985
2025-08-01 01:24:26 PM,1245.6,0,0.0,144171228.59999985
2025-08-01 01:24:27 PM,1245.6,36,44841.6,144216070.19999984
2025-08-01 01:24:30 PM,1246.8,0,0.0,144216070.19999984
2025-08-01 01:24:31 PM,1246.8,269,335389.2,144551459.39999983
2025-08-01 01:24:42 PM,1247.9,0,0.0,144551459.39999983
2025-08-01 01:24:45 PM,1247.9,5,6239.5,144557698.89999983
2025-08-01 01:24:54 PM,1250.1,0,0.0,144557698.89999983
2025-08-01 01:24:55 PM,1250.1,3091,3864059.0999999996,148421757.99999982
2025-08-01 01:24:57 PM,1251.9,0,0.0,148421757.99999982
2025-08-01 01:24:58 PM,1253.9,0,0.0,148421757.99999982
2025-08-01 01:25:00 PM,1254.5,224,281008.0,148702765.99999982
2025-08-01 01:25:02 PM,1253.4,0,0.0,148702765.99999982
2025-08-01 01:25:05 PM,1253.4,1269,1590564.6,150293330.59999982
2025-08-01 01:25:09 PM,1252.4,0,0.0,150293330.59999982
2025-08-01 01:25:10 PM,1252.4,91,113968.40000000001,150407298.99999982
2025-08-01 01:25:19 PM,1254.0,0,0.0,150407298.99999982
2025-08-01 01:25:21 PM,1254.0,800,1003200.0,151410498.99999982
2025-08-01 01:25:23 PM,1252.6,0,0.0,151410498.99999982
2025-08-01 01:25:25 PM,1252.6,845,1058447.0,152468945.99999982
2025-08-01 01:25:27 PM,1253.4,0,0.0,152468945.99999982
2025-08-01 01:25:30 PM,1253.4,194,243159.6,152712105.59999982
2025-08-01 01:25:43 PM,1253.1,0,0.0,152712105.59999982
2025-08-01 01:25:43 PM,1253.0,0,0.0,152712105.59999982
2025-08-01 01:25:45 PM,1253.0,30,37590.0,152749695.59999982
2025-08-01 01:27:07 PM,1254.7,0,0.0,152749695.59999982
2025-08-01 01:27:09 PM,1254.7,301,377664.7,153127360.2999998
2025-08-01 01:27:41 PM,1254.8,0,0.0,153127360.2999998
2025-08-01 01:27:43 PM,1254.8,19,23841.2,153151201.4999998
2025-08-01 01:27:51 PM,1256.2,0,0.0,153151201.4999998
2025-08-01 01:27:53 PM,1256.2,360,452232.0,153603433.4999998
2025-08-01 01:28:28 PM,1254.9,0,0.0,153603433.4999998
2025-08-01 01:28:31 PM,1254.9,223,279842.7,153883276.19999978
2025-08-01 01:28:44 PM,1254.8,0,0.0,153883276.19999978
2025-08-01 01:28:46 PM,1254.8,1,1254.8,153884530.9999998
2025-08-01 01:29:24 PM,1253.3,300,375990.0,154260520.9999998
2025-08-01 01:29:46 PM,1255.1,0,0.0,154260520.9999998
2025-08-01 01:29:47 PM,1255.1,15,18826.5,154279347.4999998
2025-08-01 01:31:40 PM,1254.8,0,0.0,154279347.4999998
2025-08-01 01:31:41 PM,1254.8,5,6274.0,154285621.4999998
2025-08-01 01:32:11 PM,1254.8,13,16312.4,154301933.8999998
2025-08-01 01:33:19 PM,1254.8,1,1254.8,154303188.6999998
2025-08-01 01:34:08 PM,1256.4,0,0.0,154303188.6999998
2025-08-01 01:34:09 PM,1256.4,300,376920.0,154680108.6999998
2025-08-01 01:34:26 PM,1255.0,0,0.0,154680108.6999998
2025-08-01 01:34:27 PM,1255.0,22,27610.0,154707718.6999998
2025-08-01 01:34:32 PM,1255.3,11,13808.3,154721526.99999982
2025-08-01 01:35:04 PM,1255.3,15,18829.5,154740356.49999982
2025-08-01 01:35:28 PM,1255.0,107,134285.0,154874641.49999982
2025-08-01 01:35:49 PM,1255.0,104,130520.0,155005161.49999982
2025-08-01 01:36:06 PM,1253.4,0,0.0,155005161.49999982
2025-08-01 01:36:07 PM,1253.4,50,62670.00000000001,155067831.49999982
2025-08-01 01:37:21 PM,1254.2,0,0.0,155067831.49999982
2025-08-01 01:37:25 PM,1254.2,10,12542.0,155080373.49999982
2025-08-01 01:37:46 PM,1253.5,2,2507.0,155082880.49999982
2025-08-01 01:37:49 PM,1253.5,20,25070.0,155107950.49999982
2025-08-01 01:37:50 PM,1254.7,22,27603.4,155135553.89999983
2025-08-01 01:38:16 PM,1253.6,20,25072.0,155160625.89999983
2025-08-01 01:38:24 PM,1253.0,0,0.0,155160625.89999983
2025-08-01 01:38:27 PM,1253.0,50,62650.0,155223275.89999983
2025-08-01 01:38:38 PM,1253.0,3,3759.0,155227034.89999983
2025-08-01 01:38:49 PM,1253.0,1,1253.0,155228287.89999983
2025-08-01 01:38:56 PM,1251.3,0,0.0,155228287.89999983
2025-08-01 01:38:59 PM,1251.3,155,193951.5,155422239.39999983
2025-08-01 01:39:27 PM,1253.7,329,412467.3,155834706.69999984
2025-08-01 01:40:12 PM,1253.7,150,188055.0,156022761.69999984
2025-08-01 01:40:28 PM,1255.4,0,0.0,156022761.69999984
2025-08-01 01:40:32 PM,1255.4,20,25108.0,156047869.69999984
2025-08-01 01:40:36 PM,1254.3,0,0.0,156047869.69999984
2025-08-01 01:40:37 PM,1254.3,236,296014.8,156343884.49999985
2025-08-01 01:40:42 PM,1252.9,0,0.0,156343884.49999985
2025-08-01 01:40:42 PM,1252.9,12,15034.800000000001,156358919.29999986
2025-08-01 01:40:54 PM,1254.4,0,0.0,156358919.29999986
2025-08-01 01:40:57 PM,1254.4,31,38886.4,156397805.69999987
2025-08-01 01:41:02 PM,1254.1,1,1254.1,156399059.79999986
2025-08-01 01:41:06 PM,1252.9,0,0.0,156399059.79999986
2025-08-01 01:41:07 PM,1252.9,50,62645.00000000001,156461704.79999986
2025-08-01 01:41:30 PM,1253.1,0,0.0,156461704.79999986
2025-08-01 01:41:31 PM,1253.1,36,45111.6,156506816.39999986
2025-08-01 01:42:35 PM,1253.1,8,10024.8,156516841.19999987
2025-08-01 01:43:00 PM,1253.6,0,0.0,156516841.19999987
2025-08-01 01:43:00 PM,1253.6,5,6268.0,156523109.19999987
2025-08-01 01:43:08 PM,1253.3,0,0.0,156523109.19999987
2025-08-01 01:43:10 PM,1253.3,2,2506.6,156525615.79999986
2025-08-01 01:46:38 PM,1253.3,4,5013.2,156530628.99999985
2025-08-01 01:47:04 PM,1254.0,0,0.0,156530628.99999985
2025-08-01 01:47:05 PM,1254.0,100,125400.0,156656028.99999985
2025-08-01 01:47:38 PM,1253.8,0,0.0,156656028.99999985
2025-08-01 01:47:39 PM,1253.8,1,1253.8,156657282.79999986
2025-08-01 01:48:34 PM,1252.8,34,42595.2,156699877.99999985
2025-08-01 01:51:10 PM,1253.0,0,0.0,156699877.99999985
2025-08-01 01:51:10 PM,1253.0,1,1253.0,156701130.99999985
2025-08-01 01:51:29 PM,1253.0,2,2506.0,156703636.99999985
2025-08-01 01:51:48 PM,1252.8,0,0.0,156703636.99999985
2025-08-01 01:51:48 PM,1253.0,90,112770.0,156816406.99999985
2025-08-01 01:55:55 PM,1252.4,0,0.0,156816406.99999985
2025-08-01 01:55:55 PM,1252.4,7,8766.800000000001,156825173.79999986
2025-08-01 01:56:58 PM,1252.6,0,0.0,156825173.79999986
2025-08-01 01:57:00 PM,1252.6,8,10020.8,156835194.59999987
2025-08-01 01:57:18 PM,1253.2,0,0.0,156835194.59999987
2025-08-01 01:57:20 PM,1253.2,1,1253.2,156836447.79999986
2025-08-01 01:57:22 PM,1252.6,0,0.0,156836447.79999986
2025-08-01 01:57:25 PM,1252.6,1,1252.6,156837700.39999986
2025-08-01 01:57:38 PM,1253.0,0,0.0,156837700.39999986
2025-08-01 01:57:39 PM,1253.0,10,12530.0,156850230.39999986
2025-08-01 01:57:42 PM,1253.4,0,0.0,156850230.39999986
2025-08-01 01:57:44 PM,1253.4,2,2506.8,156852737.19999987
2025-08-01 01:58:13 PM,1253.4,15,18801.0,156871538.19999987
2025-08-01 01:58:36 PM,1254.9,0,0.0,156871538.19999987
2025-08-01 01:58:38 PM,1254.9,500,627450.0,157498988.19999987
2025-08-01 01:58:44 PM,1253.6,0,0.0,157498988.19999987
2025-08-01 01:58:44 PM,1253.6,4,5014.4,157504002.59999987
2025-08-01 01:59:24 PM,1253.0,39,48867.0,157552869.59999987
2025-08-01 01:59:24 PM,1253.6,0,0.0,157552869.59999987
2025-08-01 01:59:24 PM,1253.6,66,82737.59999999999,157635607.19999987
2025-08-01 02:00:58 PM,1253.6,10,12536.0,157648143.19999987
2025-08-01 02:02:20 PM,1253.0,3,3759.0,157651902.19999987
2025-08-01 02:02:21 PM,1253.0,7,8771.0,157660673.19999987
2025-08-01 02:02:45 PM,1253.0,2,2506.0,157663179.19999987
2025-08-01 02:02:55 PM,1253.6,1,1253.6,157664432.79999986
2025-08-01 02:03:10 PM,1253.0,0,0.0,157664432.79999986
2025-08-01 02:03:11 PM,1253.0,5,6265.0,157670697.79999986
2025-08-01 02:03:16 PM,1253.0,10,12530.0,157683227.79999986
2025-08-01 02:03:18 PM,1252.1,0,0.0,157683227.79999986
2025-08-01 02:03:21 PM,1252.1,49,61352.899999999994,157744580.69999987
2025-08-01 02:05:13 PM,1251.0,0,0.0,157744580.69999987
2025-08-01 02:05:17 PM,1251.0,9,11259.0,157755839.69999987
2025-08-01 02:05:22 PM,1251.0,18,22518.0,157778357.69999987
2025-08-01 02:05:42 PM,1250.1,15,18751.5,157797109.19999987
2025-08-01 02:05:44 PM,1250.0,0,0.0,157797109.19999987
2025-08-01 02:05:47 PM,1250.1,93,116259.29999999999,157913368.49999988
2025-08-01 02:06:01 PM,1250.1,1,1250.1,157914618.59999987
2025-08-01 02:06:14 PM,1248.9,0,0.0,157914618.59999987
2025-08-01 02:06:16 PM,1248.9,500,624450.0,158539068.59999987
2025-08-01 02:06:41 PM,1250.1,0,0.0,158539068.59999987
2025-08-01 02:06:42 PM,1250.1,26,32502.6,158571571.19999987
2025-08-01 02:07:03 PM,1250.2,14,17502.8,158589073.99999988
2025-08-01 02:07:19 PM,1250.3,0,0.0,158589073.99999988
2025-08-01 02:07:23 PM,1250.3,8,10002.4,158599076.3999999
2025-08-01 02:07:55 PM,1250.3,3,3750.8999999999996,158602827.2999999
2025-08-01 02:07:56 PM,1251.0,0,0.0,158602827.2999999
2025-08-01 02:07:56 PM,1250.3,0,0.0,158602827.2999999
2025-08-01 02:08:00 PM,1250.3,166,207549.8,158810377.0999999
2025-08-01 02:08:38 PM,1251.6,0,0.0,158810377.0999999
2025-08-01 02:08:40 PM,1251.6,3,3754.7999999999997,158814131.89999992
2025-08-01 02:09:18 PM,1250.7,0,0.0,158814131.89999992
2025-08-01 02:09:22 PM,1250.7,3,3752.1000000000004,158817883.9999999
2025-08-01 02:09:27 PM,1249.8,280,349944.0,159167827.9999999
2025-08-01 02:11:16 PM,1251.6,0,0.0,159167827.9999999
2025-08-01 02:11:18 PM,1251.6,5,6258.0,159174085.9999999
2025-08-01 02:11:27 PM,1251.1,0,0.0,159174085.9999999
2025-08-01 02:11:29 PM,1251.1,10,12511.0,159186596.9999999
2025-08-01 02:11:59 PM,1251.2,2,2502.4,159189099.39999992
2025-08-01 02:12:30 PM,1251.2,1,1251.2,159190350.5999999
2025-08-01 02:12:39 PM,1252.0,0,0.0,159190350.5999999
2025-08-01 02:12:40 PM,1252.0,5,6260.0,159196610.5999999
2025-08-01 02:12:48 PM,1251.1,0,0.0,159196610.5999999
2025-08-01 02:12:50 PM,1251.1,93,116352.29999999999,159312962.89999992
2025-08-01 02:12:56 PM,1250.0,0,0.0,159312962.89999992
2025-08-01 02:12:56 PM,1250.0,286,357500.0,159670462.89999992
2025-08-01 02:13:26 PM,1250.8,25,31270.0,159701732.89999992
2025-08-01 02:13:53 PM,1250.0,116,145000.0,159846732.89999992
2025-08-01 02:15:06 PM,1248.0,0,0.0,159846732.89999992
2025-08-01 02:15:08 PM,1248.0,31,38688.0,159885420.89999992
2025-08-01 02:15:52 PM,1248.0,2,2496.0,159887916.89999992
2025-08-01 02:16:18 PM,1246.1,0,0.0,159887916.89999992
2025-08-01 02:16:21 PM,1246.1,1500,1869149.9999999998,161757066.89999992
2025-08-01 02:16:27 PM,1247.5,53,66117.5,161823184.39999992
2025-08-01 02:16:32 PM,1247.5,110,137225.0,161960409.39999992
2025-08-01 02:20:17 PM,1247.6,10,12476.0,161972885.39999992
2025-08-01 02:20:36 PM,1247.6,163,203358.8,162176244.19999993
2025-08-01 02:21:31 PM,1248.0,0,0.0,162176244.19999993
2025-08-01 02:21:33 PM,1248.0,1,1248.0,162177492.19999993
2025-08-01 02:21:41 PM,1247.5,0,0.0,162177492.19999993
2025-08-01 02:21:43 PM,1247.5,111,138472.5,162315964.69999993
2025-08-01 02:21:59 PM,1244.4,0,0.0,162315964.69999993
2025-08-01 02:21:59 PM,1244.4,200,248880.00000000003,162564844.69999993
2025-08-01 02:22:04 PM,1245.6,0,0.0,162564844.69999993
2025-08-01 02:22:05 PM,1245.6,46,57297.6,162622142.29999992
2025-08-01 02:22:15 PM,1245.4,20,24908.0,162647050.29999992
2025-08-01 02:22:20 PM,1244.6,0,0.0,162647050.29999992
2025-08-01 02:22:21 PM,1244.6,10,12446.0,162659496.29999992
2025-08-01 02:22:24 PM,1246.0,0,0.0,162659496.29999992
2025-08-01 02:22:26 PM,1246.0,61,76006.0,162735502.29999992
2025-08-01 02:22:42 PM,1244.6,0,0.0,162735502.29999992
2025-08-01 02:22:42 PM,1244.6,20,24892.0,162760394.29999992
2025-08-01 02:23:07 PM,1244.9,0,0.0,162760394.29999992
2025-08-01 02:23:09 PM,1244.9,197,245245.30000000002,163005639.59999993
2025-08-01 02:23:31 PM,1246.0,65,80990.0,163086629.59999993
2025-08-01 02:23:56 PM,1244.9,0,0.0,163086629.59999993
2025-08-01 02:23:57 PM,1244.9,2,2489.8,163089119.39999995
2025-08-01 02:24:44 PM,1245.0,0,0.0,163089119.39999995
2025-08-01 02:24:44 PM,1245.0,9,11205.0,163100324.39999995
2025-08-01 02:24:47 PM,1245.1,0,0.0,163100324.39999995
2025-08-01 02:24:49 PM,1245.1,4,4980.4,163105304.79999995
2025-08-01 02:25:26 PM,1245.2,0,0.0,163105304.79999995
2025-08-01 02:25:27 PM,1245.2,10,12452.0,163117756.79999995
2025-08-01 02:25:59 PM,1246.1,5,6230.5,163123987.29999995
2025-08-01 02:26:46 PM,1246.1,1,1246.1,163125233.39999995
2025-08-01 02:26:53 PM,1246.2,0,0.0,163125233.39999995
2025-08-01 02:26:57 PM,1246.2,3,3738.6000000000004,163128971.99999994
2025-08-01 02:27:29 PM,1246.3,0,0.0,163128971.99999994
2025-08-01 02:27:30 PM,1246.3,3,3738.8999999999996,163132710.89999995
2025-08-01 02:27:39 PM,1245.0,0,0.0,163132710.89999995
2025-08-01 02:27:41 PM,1245.0,111,138195.0,163270905.89999995
2025-08-01 02:27:51 PM,1244.0,75,93300.0,163364205.89999995
2025-08-01 02:28:02 PM,1244.0,1,1244.0,163365449.89999995
2025-08-01 02:29:15 PM,1244.0,10,12440.0,163377889.89999995
2025-08-01 02:29:26 PM,1244.9,5,6224.5,163384114.39999995
2025-08-01 02:30:01 PM,1243.9,0,0.0,163384114.39999995
2025-08-01 02:30:04 PM,1243.9,2,2487.8,163386602.19999996
2025-08-01 02:30:05 PM,1243.8,1,1243.8,163387845.99999997
2025-08-01 02:30:19 PM,1244.7,0,0.0,163387845.99999997
2025-08-01 02:30:21 PM,1244.7,70,87129.0,163474974.99999997
2025-08-01 02:30:34 PM,1243.8,0,0.0,163474974.99999997
2025-08-01 02:30:37 PM,1243.8,2,2487.6,163477462.59999996
2025-08-01 02:31:10 PM,1244.8,4,4979.2,163482441.79999995
2025-08-01 02:31:46 PM,1245.3,0,0.0,163482441.79999995
2025-08-01 02:31:47 PM,1245.3,31,38604.299999999996,163521046.09999996
2025-08-01 02:31:58 PM,1245.3,50,62265.0,163583311.09999996
2025-08-01 02:32:04 PM,1245.3,2,2490.6,163585801.69999996
2025-08-01 02:32:57 PM,1246.4,1,1246.4,163587048.09999996
2025-08-01 02:33:38 PM,1245.8,10,12458.0,163599506.09999996
2025-08-01 02:33:51 PM,1245.9,0,0.0,163599506.09999996
2025-08-01 02:33:53 PM,1245.9,10,12459.0,163611965.09999996
2025-08-01 02:33:58 PM,1245.8,0,0.0,163611965.09999996
2025-08-01 02:33:58 PM,1245.8,23,28653.399999999998,163640618.49999997
2025-08-01 02:34:12 PM,1245.8,1,1245.8,163641864.29999998
2025-08-01 02:34:45 PM,1245.0,0,0.0,163641864.29999998
2025-08-01 02:34:45 PM,1245.0,100,124500.0,163766364.29999998
2025-08-01 02:34:49 PM,1244.9,0,0.0,163766364.29999998
2025-08-01 02:34:50 PM,1244.9,1,1244.9,163767609.2
2025-08-01 02:35:13 PM,1244.7,0,0.0,163767609.2
2025-08-01 02:35:14 PM,1244.7,25,31117.5,163798726.7
2025-08-01 02:35:21 PM,1245.7,0,0.0,163798726.7
2025-08-01 02:35:23 PM,1245.7,15,18685.5,163817412.2
2025-08-01 02:35:49 PM,1245.7,108,134535.6,163951947.79999998
2025-08-01 02:35:52 PM,1245.7,35,43599.5,163995547.29999998
2025-08-01 02:36:06 PM,1246.0,75,93450.0,164088997.29999998
2025-08-01 02:36:26 PM,1245.9,1,1245.9,164090243.2
2025-08-01 02:36:36 PM,1245.9,2,2491.8,164092735.0
2025-08-01 02:37:20 PM,1247.7,35,43669.5,164136404.5
2025-08-01 02:38:14 PM,1246.5,0,0.0,164136404.5
2025-08-01 02:38:15 PM,1246.5,77,95980.5,164232385.0
2025-08-01 02:38:26 PM,1245.0,611,760695.0,164993080.0
2025-08-01 02:38:53 PM,1244.8,0,0.0,164993080.0
2025-08-01 02:38:53 PM,1244.8,10,12448.0,165005528.0
2025-08-01 02:39:30 PM,1245.6,0,0.0,165005528.0
2025-08-01 02:39:34 PM,1245.6,54,67262.4,165072790.4
2025-08-01 02:40:04 PM,1246.9,0,0.0,165072790.4
2025-08-01 02:40:07 PM,1246.9,34,42394.600000000006,165115185.0
2025-08-01 02:40:27 PM,1246.8,0,0.0,165115185.0
2025-08-01 02:40:29 PM,1246.8,81,100990.8,165216175.8
2025-08-01 02:40:39 PM,1247.6,0,0.0,165216175.8
2025-08-01 02:40:40 PM,1247.6,1,1247.6,165217423.4
2025-08-01 02:42:07 PM,1247.6,3,3742.7999999999997,165221166.20000002
2025-08-01 02:42:59 PM,1250.1,0,0.0,165221166.20000002
2025-08-01 02:42:59 PM,1250.1,4317,5396681.699999999,170617847.9
2025-08-01 02:43:00 PM,1251.2,1284,1606540.8,172224388.70000002
2025-08-01 02:43:02 PM,1250.8,0,0.0,172224388.70000002
2025-08-01 02:43:05 PM,1250.8,759,949357.2,173173745.9
2025-08-01 02:43:16 PM,1248.8,10,12488.0,173186233.9
2025-08-01 02:43:29 PM,1249.7,0,0.0,173186233.9
2025-08-01 02:43:32 PM,1249.7,100,124970.0,173311203.9
2025-08-01 02:43:41 PM,1250.2,0,0.0,173311203.9
2025-08-01 02:43:43 PM,1250.2,70,87514.0,173398717.9
2025-08-01 02:44:00 PM,1248.5,327,408259.5,173806977.4
2025-08-01 02:44:01 PM,1249.1,0,0.0,173806977.4
2025-08-01 02:44:05 PM,1249.1,91,113668.09999999999,173920645.5
2025-08-01 02:44:43 PM,1250.4,0,0.0,173920645.5
2025-08-01 02:44:45 PM,1250.4,409,511413.60000000003,174432059.1
2025-08-01 02:44:52 PM,1251.6,0,0.0,174432059.1
2025-08-01 02:44:56 PM,1251.6,3,3754.7999999999997,174435813.9
2025-08-01 02:45:04 PM,1250.5,0,0.0,174435813.9
2025-08-01 02:45:08 PM,1250.5,20,25010.0,174460823.9
2025-08-01 02:45:46 PM,1250.6,0,0.0,174460823.9
2025-08-01 02:45:46 PM,1250.6,16,20009.6,174480833.5
2025-08-01 02:45:49 PM,1249.5,0,0.0,174480833.5
2025-08-01 02:45:52 PM,1249.5,20,24990.0,174505823.5
2025-08-01 02:46:26 PM,1249.5,1,1249.5,174507073.0
2025-08-01 02:46:57 PM,1248.6,0,0.0,174507073.0
2025-08-01 02:46:58 PM,1248.6,5,6243.0,174513316.0
2025-08-01 02:47:30 PM,1248.9,0,0.0,174513316.0
2025-08-01 02:47:33 PM,1248.9,5,6244.5,174519560.5
2025-08-01 02:47:59 PM,1249.0,0,0.0,174519560.5
2025-08-01 02:48:01 PM,1249.0,47,58703.0,174578263.5
2025-08-01 02:48:05 PM,1250.9,0,0.0,174578263.5
2025-08-01 02:48:07 PM,1250.9,308,385277.2,174963540.7
2025-08-01 02:48:24 PM,1251.2,25,31280.0,174994820.7
2025-08-01 02:48:32 PM,1253.4,0,0.0,174994820.7
2025-08-01 02:48:35 PM,1253.4,313,392314.2,175387134.89999998
2025-08-01 02:48:47 PM,1253.9,0,0.0,175387134.89999998
2025-08-01 02:48:47 PM,1254.4,0,0.0,175387134.89999998
2025-08-01 02:48:47 PM,1254.4,106,132966.40000000002,175520101.29999998
2025-08-01 02:48:50 PM,1253.7,0,0.0,175520101.29999998
2025-08-01 02:48:52 PM,1254.2,72,90302.40000000001,175610403.7
2025-08-01 02:49:02 PM,1255.2,0,0.0,175610403.7
2025-08-01 02:49:03 PM,1255.2,10,12552.0,175622955.7
2025-08-01 02:49:06 PM,1254.8,0,0.0,175622955.7
2025-08-01 02:49:09 PM,1254.8,10,12548.0,175635503.7
2025-08-01 02:49:18 PM,1255.0,0,0.0,175635503.7
2025-08-01 02:49:20 PM,1255.0,250,313750.0,175949253.7
2025-08-01 02:49:31 PM,1256.2,36,45223.200000000004,175994476.89999998
2025-08-01 02:49:42 PM,1254.9,0,0.0,175994476.89999998
2025-08-01 02:49:42 PM,1254.9,20,25098.0,176019574.89999998
2025-08-01 02:49:47 PM,1255.8,2,2511.6,176022086.49999997
2025-08-01 02:50:00 PM,1254.7,0,0.0,176022086.49999997
2025-08-01 02:50:01 PM,1255.6,0,0.0,176022086.49999997
2025-08-01 02:50:04 PM,1255.6,36,45201.6,176067288.09999996
2025-08-01 02:50:05 PM,1257.8,499,627642.2,176694930.29999995
2025-08-01 02:50:10 PM,1258.0,1,1258.0,176696188.29999995
2025-08-01 02:50:10 PM,1258.0,26,32708.0,176728896.29999995
2025-08-01 02:50:19 PM,1256.3,0,0.0,176728896.29999995
2025-08-01 02:50:21 PM,1256.6,222,278965.19999999995,177007861.49999994
2025-08-01 02:50:27 PM,1255.4,0,0.0,177007861.49999994
2025-08-01 02:50:29 PM,1255.8,0,0.0,177007861.49999994
2025-08-01 02:50:32 PM,1256.2,126,158281.2,177166142.69999993
2025-08-01 02:50:41 PM,1256.5,0,0.0,177166142.69999993
2025-08-01 02:50:42 PM,1256.5,301,378206.5,177544349.19999993
2025-08-01 02:50:51 PM,1258.0,0,0.0,177544349.19999993
2025-08-01 02:50:52 PM,1258.5,0,0.0,177544349.19999993
2025-08-01 02:50:53 PM,1258.5,4,5034.0,177549383.19999993
2025-08-01 02:50:55 PM,1258.4,0,0.0,177549383.19999993
2025-08-01 02:50:58 PM,1258.4,34,42785.600000000006,177592168.79999992
2025-08-01 02:51:01 PM,1258.5,0,0.0,177592168.79999992
2025-08-01 02:51:04 PM,1258.5,12,15102.0,177607270.79999992
2025-08-01 02:51:07 PM,1258.1,0,0.0,177607270.79999992
2025-08-01 02:51:10 PM,1258.1,36,45291.6,177652562.39999992
2025-08-01 02:51:15 PM,1257.4,339,426258.60000000003,178078820.9999999
2025-08-01 02:51:23 PM,1255.3,0,0.0,178078820.9999999
2025-08-01 02:51:25 PM,1255.3,163,204613.9,178283434.89999992
2025-08-01 02:51:31 PM,1255.5,0,0.0,178283434.89999992
2025-08-01 02:51:31 PM,1255.5,1,1255.5,178284690.39999992
2025-08-01 02:52:02 PM,1255.1,0,0.0,178284690.39999992
2025-08-01 02:52:03 PM,1255.1,4,5020.4,178289710.79999992
2025-08-01 02:52:51 PM,1255.1,50,62754.99999999999,178352465.79999992
2025-08-01 02:52:52 PM,1253.3,18,22559.399999999998,178375025.19999993
2025-08-01 02:52:57 PM,1254.7,0,0.0,178375025.19999993
2025-08-01 02:52:58 PM,1254.7,50,62735.0,178437760.19999993
2025-08-01 02:53:03 PM,1253.6,0,0.0,178437760.19999993
2025-08-01 02:53:03 PM,1253.6,3,3760.7999999999997,178441520.99999994
2025-08-01 02:53:17 PM,1253.2,0,0.0,178441520.99999994
2025-08-01 02:53:18 PM,1253.2,50,62660.0,178504180.99999994
2025-08-01 02:53:54 PM,1251.3,0,0.0,178504180.99999994
2025-08-01 02:53:55 PM,1251.3,65,81334.5,178585515.49999994
2025-08-01 02:54:35 PM,1252.9,0,0.0,178585515.49999994
2025-08-01 02:54:35 PM,1252.9,80,100232.0,178685747.49999994
2025-08-01 02:54:38 PM,1251.6,0,0.0,178685747.49999994
2025-08-01 02:54:38 PM,1251.6,10,12516.0,178698263.49999994
2025-08-01 02:54:53 PM,1253.9,0,0.0,178698263.49999994
2025-08-01 02:54:54 PM,1253.9,200,250780.00000000003,178949043.49999994
2025-08-01 02:54:59 PM,1253.0,0,0.0,178949043.49999994
2025-08-01 02:55:00 PM,1253.0,7,8771.0,178957814.49999994
2025-08-01 02:55:08 PM,1251.9,402,503263.80000000005,179461078.29999995
2025-08-01 02:55:18 PM,1250.8,0,0.0,179461078.29999995
2025-08-01 02:55:19 PM,1250.8,6,7504.799999999999,179468583.09999996
2025-08-01 02:56:24 PM,1250.8,2,2501.6,179471084.69999996
2025-08-01 02:56:31 PM,1250.9,0,0.0,179471084.69999996
2025-08-01 02:56:35 PM,1250.9,1,1250.9,179472335.59999996
2025-08-01 02:56:56 PM,1250.9,1,1250.9,179473586.49999997
2025-08-01 02:57:02 PM,1250.8,7,8755.6,179482342.09999996
2025-08-01 02:57:22 PM,1250.9,0,0.0,179482342.09999996
