date,price,qty,trnvr,cum_trnvr
2025-08-01 09:15:00 AM,217.0,34737,7537929.0,7537929.0
2025-08-01 09:15:01 AM,218.25,0,0.0,7537929.0
2025-08-01 09:15:01 AM,218.25,6207,1354677.75,8892606.75
2025-08-01 09:15:01 AM,218.06,0,0.0,8892606.75
2025-08-01 09:15:10 AM,217.78,0,0.0,8892606.75
2025-08-01 09:15:10 AM,218.0,0,0.0,8892606.75
2025-08-01 09:15:11 AM,218.0,22378,4878404.0,13771010.75
2025-08-01 09:15:13 AM,218.0,2182,475676.0,14246686.75
2025-08-01 09:15:22 AM,218.16,36304,7920080.64,22166767.39
2025-08-01 09:15:24 AM,218.2,6274,1368986.7999999998,23535754.19
2025-08-01 09:15:26 AM,218.0,0,0.0,23535754.19
2025-08-01 09:15:30 AM,218.46,0,0.0,23535754.19
2025-08-01 09:15:31 AM,218.46,12252,2676571.92,26212326.11
2025-08-01 09:15:32 AM,218.5,1117,244064.5,26456390.61
2025-08-01 09:15:34 AM,218.55,0,0.0,26456390.61
2025-08-01 09:15:38 AM,219.28,0,0.0,26456390.61
2025-08-01 09:15:39 AM,219.0,9126,1998594.0,28454984.61
2025-08-01 09:15:41 AM,219.24,933,204550.92,28659535.53
2025-08-01 09:15:43 AM,219.36,0,0.0,28659535.53
2025-08-01 09:15:46 AM,219.88,0,0.0,28659535.53
2025-08-01 09:15:48 AM,220.63,25887,5711448.81,34370984.34
2025-08-01 09:15:49 AM,220.1,4302,946870.2,35317854.54000001
2025-08-01 09:15:51 AM,219.88,0,0.0,35317854.54000001
2025-08-01 09:15:54 AM,219.55,0,0.0,35317854.54000001
2025-08-01 09:15:56 AM,219.76,61314,13474364.639999999,48792219.18000001
2025-08-01 09:15:57 AM,219.46,3684,808490.64,49600709.82000001
2025-08-01 09:16:00 AM,219.0,0,0.0,49600709.82000001
2025-08-01 09:16:01 AM,219.0,8989,1968591.0,51569300.82000001
2025-08-01 09:16:01 AM,219.14,0,0.0,51569300.82000001
2025-08-01 09:16:02 AM,219.14,6721,1472839.94,53042140.760000005
2025-08-01 09:16:02 AM,219.14,739,161944.46,53204085.220000006
2025-08-01 09:16:02 AM,219.0,0,0.0,53204085.220000006
2025-08-01 09:16:03 AM,219.0,555,121545.0,53325630.220000006
2025-08-01 09:16:03 AM,219.0,600,131400.0,53457030.220000006
2025-08-01 09:16:03 AM,219.0,3048,667512.0,54124542.220000006
2025-08-01 09:16:04 AM,219.11,126,27607.86,54152150.080000006
2025-08-01 09:16:04 AM,219.0,0,0.0,54152150.080000006
2025-08-01 09:16:04 AM,219.0,1618,354342.0,54506492.080000006
2025-08-01 09:16:05 AM,219.0,6052,1325388.0,55831880.080000006
2025-08-01 09:16:05 AM,219.0,1390,304410.0,56136290.080000006
2025-08-01 09:16:06 AM,219.0,1102,241338.0,56377628.080000006
2025-08-01 09:16:07 AM,219.0,789,172791.0,56550419.080000006
2025-08-01 09:16:08 AM,219.0,799,174981.0,56725400.080000006
2025-08-01 09:16:09 AM,219.0,1000,219000.0,56944400.080000006
2025-08-01 09:16:10 AM,219.0,2519,551661.0,57496061.080000006
2025-08-01 09:16:11 AM,219.0,155,33945.0,57530006.080000006
2025-08-01 09:16:12 AM,219.18,15945,3494825.1,61024831.18000001
2025-08-01 09:16:13 AM,219.11,0,0.0,61024831.18000001
2025-08-01 09:16:13 AM,219.11,600,131466.0,61156297.18000001
2025-08-01 09:16:15 AM,219.1,5,1095.5,61157392.68000001
2025-08-01 09:16:15 AM,219.11,0,0.0,61157392.68000001
2025-08-01 09:16:15 AM,219.11,700,153377.0,61310769.68000001
2025-08-01 09:16:16 AM,219.12,116,25417.920000000002,61336187.60000001
2025-08-01 09:16:16 AM,219.33,0,0.0,61336187.60000001
2025-08-01 09:16:16 AM,219.33,100,21933.0,61358120.60000001
2025-08-01 09:16:17 AM,219.11,134,29360.74,61387481.34000001
2025-08-01 09:16:17 AM,218.98,0,0.0,61387481.34000001
2025-08-01 09:16:17 AM,218.98,9225,2020090.5,63407571.84000001
2025-08-01 09:16:19 AM,218.51,1814,396377.13999999996,63803948.98000001
2025-08-01 09:16:20 AM,218.84,4150,908186.0,64712134.98000001
2025-08-01 09:16:21 AM,219.04,10976,2404183.04,67116318.02000001
2025-08-01 09:16:22 AM,218.78,1991,435590.98,67551909.00000001
2025-08-01 09:16:22 AM,219.0,187,40953.0,67592862.00000001
2025-08-01 09:16:22 AM,218.79,0,0.0,67592862.00000001
2025-08-01 09:16:23 AM,218.79,37,8095.23,67600957.23000002
2025-08-01 09:16:23 AM,218.97,200,43794.0,67644751.23000002
2025-08-01 09:16:23 AM,218.75,0,0.0,67644751.23000002
2025-08-01 09:16:24 AM,218.79,2014,440643.06,68085394.29000002
2025-08-01 09:16:24 AM,218.97,0,0.0,68085394.29000002
2025-08-01 09:16:25 AM,218.79,1567,342843.93,68428238.22000003
2025-08-01 09:16:26 AM,218.79,255,55791.45,68484029.67000003
2025-08-01 09:16:27 AM,218.56,115,25134.4,68509164.07000004
2025-08-01 09:16:28 AM,218.56,242,52891.520000000004,68562055.59000003
2025-08-01 09:16:28 AM,218.71,40,8748.4,68570803.99000004
2025-08-01 09:16:29 AM,218.71,10,2187.1,68572991.09000003
2025-08-01 09:16:29 AM,218.55,43,9397.65,68582388.74000004
2025-08-01 09:16:30 AM,218.71,304,66487.84,68648876.58000004
2025-08-01 09:16:31 AM,218.71,298,65175.58,68714052.16000004
2025-08-01 09:16:31 AM,218.78,150,32817.0,68746869.16000004
2025-08-01 09:16:32 AM,218.54,2241,489748.13999999996,69236617.30000004
2025-08-01 09:16:32 AM,218.76,0,0.0,69236617.30000004
2025-08-01 09:16:32 AM,218.79,450,98455.5,69335072.80000004
2025-08-01 09:16:33 AM,218.52,450,98334.0,69433406.80000004
2025-08-01 09:16:34 AM,218.52,50,10926.0,69444332.80000004
2025-08-01 09:16:34 AM,218.74,2500,546850.0,69991182.80000004
2025-08-01 09:16:35 AM,218.55,1412,308592.60000000003,70299775.40000004
2025-08-01 09:16:36 AM,218.64,0,0.0,70299775.40000004
2025-08-01 09:16:37 AM,218.64,185,40448.399999999994,70340223.80000004
2025-08-01 09:16:37 AM,219.0,5000,1095000.0,71435223.80000004
2025-08-01 09:16:37 AM,218.51,0,0.0,71435223.80000004
2025-08-01 09:16:38 AM,218.66,4232,925369.12,72360592.92000005
2025-08-01 09:16:38 AM,218.46,272,59421.12,72420014.04000005
2025-08-01 09:16:39 AM,218.54,51,11145.539999999999,72431159.58000006
2025-08-01 09:16:39 AM,218.46,0,0.0,72431159.58000006
2025-08-01 09:16:40 AM,218.49,911,199044.39,72630203.97000006
2025-08-01 09:16:40 AM,218.46,0,0.0,72630203.97000006
2025-08-01 09:16:41 AM,218.48,569,124315.12,72754519.09000006
2025-08-01 09:16:41 AM,218.49,200,43698.0,72798217.09000006
2025-08-01 09:16:41 AM,218.31,0,0.0,72798217.09000006
2025-08-01 09:16:42 AM,218.36,711,155253.96000000002,72953471.05000006
2025-08-01 09:16:42 AM,218.36,100,21836.0,72975307.05000006
2025-08-01 09:16:44 AM,218.21,3,654.63,72975961.68000005
2025-08-01 09:16:45 AM,218.32,1245,271808.39999999997,73247770.08000006
2025-08-01 09:16:46 AM,218.32,300,65496.0,73313266.08000006
2025-08-01 09:16:46 AM,218.33,125,27291.25,73340557.33000006
2025-08-01 09:16:46 AM,218.48,0,0.0,73340557.33000006
2025-08-01 09:16:47 AM,218.33,114,24889.620000000003,73365446.95000006
2025-08-01 09:16:48 AM,218.32,982,214390.24,73579837.19000006
2025-08-01 09:16:50 AM,218.53,1500,327795.0,73907632.19000006
2025-08-01 09:16:51 AM,218.53,3077,672416.81,74580049.00000006
2025-08-01 09:16:51 AM,218.2,1832,399742.39999999997,74979791.40000007
2025-08-01 09:16:51 AM,218.49,0,0.0,74979791.40000007
2025-08-01 09:16:52 AM,218.49,1932,422122.68,75401914.08000007
2025-08-01 09:16:52 AM,218.53,0,0.0,75401914.08000007
2025-08-01 09:16:53 AM,218.39,1300,283907.0,75685821.08000007
2025-08-01 09:16:53 AM,218.32,0,0.0,75685821.08000007
2025-08-01 09:16:54 AM,218.3,2243,489646.9,76175467.98000008
2025-08-01 09:16:54 AM,218.13,2010,438441.3,76613909.28000008
2025-08-01 09:16:55 AM,218.1,969,211338.9,76825248.18000008
2025-08-01 09:16:56 AM,218.31,1,218.31,76825466.49000008
2025-08-01 09:16:56 AM,218.31,257,56105.67,76881572.16000009
2025-08-01 09:16:57 AM,218.31,600,130986.0,77012558.16000009
2025-08-01 09:16:57 AM,218.34,0,0.0,77012558.16000009
2025-08-01 09:16:57 AM,218.11,0,0.0,77012558.16000009
2025-08-01 09:16:58 AM,218.11,970,211566.7,77224124.86000009
2025-08-01 09:16:58 AM,218.3,2685,586135.5,77810260.36000009
2025-08-01 09:16:58 AM,218.71,0,0.0,77810260.36000009
2025-08-01 09:16:59 AM,218.71,412,90108.52,77900368.88000008
2025-08-01 09:17:00 AM,218.5,0,0.0,77900368.88000008
2025-08-01 09:17:01 AM,218.77,6640,1452632.8,79353001.68000008
2025-08-01 09:17:03 AM,219.0,0,0.0,79353001.68000008
2025-08-01 09:17:05 AM,218.75,0,0.0,79353001.68000008
2025-08-01 09:17:10 AM,219.33,5336,1170344.8800000001,80523346.56000008
2025-08-01 09:17:11 AM,219.29,1361,298453.69,80821800.25000007
2025-08-01 09:17:13 AM,219.47,0,0.0,80821800.25000007
2025-08-01 09:17:15 AM,219.25,0,0.0,80821800.25000007
2025-08-01 09:17:18 AM,219.33,1455,319125.15,81140925.40000008
2025-08-01 09:17:19 AM,219.33,797,174806.01,81315731.41000009
2025-08-01 09:17:26 AM,219.43,3257,714683.51,82030414.92000009
2025-08-01 09:17:27 AM,219.33,147,32241.510000000002,82062656.4300001
2025-08-01 09:17:29 AM,219.25,0,0.0,82062656.4300001
2025-08-01 09:17:31 AM,219.11,0,0.0,82062656.4300001
2025-08-01 09:17:34 AM,219.12,5920,1297190.4000000001,83359846.8300001
2025-08-01 09:17:35 AM,219.33,330,72378.90000000001,83432225.73000011
2025-08-01 09:17:37 AM,219.17,0,0.0,83432225.73000011
2025-08-01 09:17:39 AM,219.18,0,0.0,83432225.73000011
2025-08-01 09:17:43 AM,218.82,8368,1831085.76,85263311.49000011
2025-08-01 09:17:44 AM,218.52,593,129582.36,85392893.85000011
2025-08-01 09:17:47 AM,218.53,0,0.0,85392893.85000011
2025-08-01 09:17:49 AM,218.52,0,0.0,85392893.85000011
2025-08-01 09:17:51 AM,218.51,3403,743589.5299999999,86136483.38000011
2025-08-01 09:17:52 AM,218.69,5929,1296613.01,87433096.39000012
2025-08-01 09:17:55 AM,218.54,0,0.0,87433096.39000012
2025-08-01 09:17:57 AM,218.5,0,0.0,87433096.39000012
2025-08-01 09:17:59 AM,218.68,5064,1107395.52,88540491.91000012
2025-08-01 09:18:00 AM,218.69,308,67356.52,88607848.43000011
2025-08-01 09:18:03 AM,218.83,0,0.0,88607848.43000011
2025-08-01 09:18:05 AM,218.8,0,0.0,88607848.43000011
2025-08-01 09:18:08 AM,219.03,7690,1684340.7,90292189.13000011
2025-08-01 09:18:09 AM,218.89,109,23859.01,90316048.14000012
2025-08-01 09:18:11 AM,219.07,0,0.0,90316048.14000012
2025-08-01 09:18:13 AM,219.18,0,0.0,90316048.14000012
2025-08-01 09:18:16 AM,219.0,3963,867897.0,91183945.14000012
2025-08-01 09:18:17 AM,219.12,5,1095.6,91185040.74000011
2025-08-01 09:18:19 AM,219.2,0,0.0,91185040.74000011
2025-08-01 09:18:21 AM,219.18,0,0.0,91185040.74000011
2025-08-01 09:18:24 AM,219.12,7587,1662463.44,92847504.18000011
2025-08-01 09:18:26 AM,219.09,1296,283940.64,93131444.82000011
2025-08-01 09:18:29 AM,219.17,0,0.0,93131444.82000011
2025-08-01 09:18:32 AM,219.18,5792,1269490.56,94400935.38000011
2025-08-01 09:18:34 AM,219.0,1132,247908.0,94648843.38000011
2025-08-01 09:18:35 AM,219.06,0,0.0,94648843.38000011
2025-08-01 09:18:37 AM,219.0,0,0.0,94648843.38000011
2025-08-01 09:18:41 AM,219.0,2193,480267.0,95129110.38000011
2025-08-01 09:18:42 AM,219.01,2326,509417.25999999995,95638527.64000012
2025-08-01 09:18:43 AM,218.95,0,0.0,95638527.64000012
2025-08-01 09:18:45 AM,219.0,0,0.0,95638527.64000012
2025-08-01 09:18:49 AM,219.0,2213,484647.0,96123174.64000012
2025-08-01 09:18:50 AM,219.0,4315,944985.0,97068159.64000012
2025-08-01 09:18:51 AM,219.06,0,0.0,97068159.64000012
2025-08-01 09:18:53 AM,219.01,0,0.0,97068159.64000012
2025-08-01 09:18:57 AM,219.1,887,194341.69999999998,97262501.34000012
2025-08-01 09:18:58 AM,219.1,783,171555.3,97434056.64000012
2025-08-01 09:18:59 AM,219.0,0,0.0,97434056.64000012
2025-08-01 09:19:01 AM,219.21,0,0.0,97434056.64000012
2025-08-01 09:19:05 AM,219.02,24266,5314739.32,102748795.96000013
2025-08-01 09:19:06 AM,219.16,3365,737473.4,103486269.36000013
2025-08-01 09:19:07 AM,219.0,0,0.0,103486269.36000013
2025-08-01 09:19:09 AM,219.18,0,0.0,103486269.36000013
2025-08-01 09:19:13 AM,219.0,7392,1618848.0,105105117.36000013
2025-08-01 09:19:14 AM,219.0,1759,385221.0,105490338.36000013
2025-08-01 09:19:21 AM,219.01,3115,682216.15,106172554.51000014
2025-08-01 09:19:22 AM,219.02,0,0.0,106172554.51000014
2025-08-01 09:19:22 AM,219.02,768,168207.36000000002,106340761.87000014
2025-08-01 09:19:24 AM,218.99,0,0.0,106340761.87000014
2025-08-01 09:19:29 AM,219.0,11985,2624715.0,108965476.87000014
2025-08-01 09:19:31 AM,219.0,3007,658533.0,109624009.87000014
2025-08-01 09:19:32 AM,218.9,0,0.0,109624009.87000014
2025-08-01 09:19:37 AM,219.48,20315,4458736.2,114082746.07000014
2025-08-01 09:19:37 AM,219.14,0,0.0,114082746.07000014
2025-08-01 09:19:39 AM,219.25,2733,599210.25,114681956.32000014
2025-08-01 09:19:40 AM,219.02,0,0.0,114681956.32000014
2025-08-01 09:19:45 AM,219.22,3782,829090.04,115511046.36000015
2025-08-01 09:19:45 AM,219.01,0,0.0,115511046.36000015
2025-08-01 09:19:47 AM,219.21,946,207372.66,115718419.02000014
2025-08-01 09:19:47 AM,219.01,0,0.0,115718419.02000014
2025-08-01 09:19:53 AM,219.16,3169,694518.04,116412937.06000015
2025-08-01 09:19:53 AM,219.15,0,0.0,116412937.06000015
2025-08-01 09:19:54 AM,219.17,0,0.0,116412937.06000015
2025-08-01 09:19:55 AM,219.13,1895,415251.35,116828188.41000015
2025-08-01 09:20:00 AM,219.0,0,0.0,116828188.41000015
2025-08-01 09:20:01 AM,219.0,5468,1197492.0,118025680.41000015
2025-08-01 09:20:01 AM,219.13,0,0.0,118025680.41000015
2025-08-01 09:20:01 AM,219.24,0,0.0,118025680.41000015
2025-08-01 09:20:02 AM,219.24,770,168814.80000000002,118194495.21000014
2025-08-01 09:20:02 AM,219.0,635,139065.0,118333560.21000014
2025-08-01 09:20:02 AM,219.17,0,0.0,118333560.21000014
2025-08-01 09:20:02 AM,219.02,0,0.0,118333560.21000014
2025-08-01 09:20:03 AM,219.02,234,51250.68,118384810.89000015
2025-08-01 09:20:03 AM,219.0,112,24528.0,118409338.89000015
2025-08-01 09:20:03 AM,219.15,0,0.0,118409338.89000015
2025-08-01 09:20:04 AM,219.15,665,145734.75,118555073.64000015
2025-08-01 09:20:04 AM,219.0,101,22119.0,118577192.64000015
2025-08-01 09:20:04 AM,219.07,0,0.0,118577192.64000015
2025-08-01 09:20:05 AM,219.0,102,22338.0,118599530.64000015
2025-08-01 09:20:05 AM,219.77,0,0.0,118599530.64000015
2025-08-01 09:20:06 AM,219.77,43370,9531424.9,128130955.54000016
2025-08-01 09:20:06 AM,219.75,5641,1239609.75,129370565.29000016
2025-08-01 09:20:06 AM,219.88,0,0.0,129370565.29000016
2025-08-01 09:20:06 AM,219.75,0,0.0,129370565.29000016
2025-08-01 09:20:07 AM,219.75,103,22634.25,129393199.54000016
2025-08-01 09:20:07 AM,219.68,967,212430.56,129605630.10000016
2025-08-01 09:20:07 AM,219.91,0,0.0,129605630.10000016
2025-08-01 09:20:08 AM,219.7,4052,890224.3999999999,130495854.50000016
2025-08-01 09:20:09 AM,219.56,1190,261276.4,130757130.90000017
2025-08-01 09:20:10 AM,220.0,0,0.0,130757130.90000017
2025-08-01 09:20:10 AM,220.0,8678,1909160.0,132666290.90000017
2025-08-01 09:20:10 AM,220.2,0,0.0,132666290.90000017
2025-08-01 09:20:10 AM,220.2,3153,694290.6,133360581.50000016
2025-08-01 09:20:11 AM,220.33,0,0.0,133360581.50000016
2025-08-01 09:20:11 AM,220.33,1454,320359.82,133680941.32000016
2025-08-01 09:20:12 AM,220.33,120,26439.600000000002,133707380.92000015
2025-08-01 09:20:12 AM,220.4,0,0.0,133707380.92000015
2025-08-01 09:20:12 AM,220.4,915,201666.0,133909046.92000015
2025-08-01 09:20:13 AM,220.19,135,29725.65,133938772.57000016
2025-08-01 09:20:13 AM,220.41,0,0.0,133938772.57000016
2025-08-01 09:20:13 AM,220.41,155,34163.55,133972936.12000015
2025-08-01 09:20:14 AM,220.42,222,48933.24,134021869.36000015
2025-08-01 09:20:14 AM,220.12,0,0.0,134021869.36000015
2025-08-01 09:20:14 AM,220.3,818,180205.40000000002,134202074.76000015
2025-08-01 09:20:15 AM,220.26,200,44052.0,134246126.76000017
2025-08-01 09:20:15 AM,220.25,0,0.0,134246126.76000017
2025-08-01 09:20:15 AM,220.24,142,31274.08,134277400.84000018
2025-08-01 09:20:16 AM,220.18,1324,291518.32,134568919.16000018
2025-08-01 09:20:16 AM,220.01,0,0.0,134568919.16000018
2025-08-01 09:20:17 AM,220.18,228,50201.04,134619120.20000017
2025-08-01 09:20:17 AM,220.18,116,25540.88,134644661.08000016
2025-08-01 09:20:18 AM,220.2,2027,446345.39999999997,135091006.48000017
2025-08-01 09:20:18 AM,220.01,0,0.0,135091006.48000017
2025-08-01 09:20:19 AM,220.02,1428,314188.56,135405195.04000017
2025-08-01 09:20:19 AM,220.15,0,0.0,135405195.04000017
2025-08-01 09:20:19 AM,220.15,2150,473322.5,135878517.54000017
2025-08-01 09:20:19 AM,220.13,0,0.0,135878517.54000017
2025-08-01 09:20:20 AM,220.13,986,217048.18,136095565.72000018
2025-08-01 09:20:20 AM,220.18,402,88512.36,136184078.0800002
2025-08-01 09:20:20 AM,220.2,0,0.0,136184078.0800002
2025-08-01 09:20:21 AM,220.18,3054,672429.72,136856507.8000002
2025-08-01 09:20:21 AM,220.13,0,0.0,136856507.8000002
2025-08-01 09:20:21 AM,220.2,224,49324.799999999996,136905832.6000002
2025-08-01 09:20:22 AM,220.18,453,99741.54000000001,137005574.1400002
2025-08-01 09:20:22 AM,220.18,100,22018.0,137027592.1400002
2025-08-01 09:20:22 AM,220.02,0,0.0,137027592.1400002
2025-08-01 09:20:23 AM,220.18,171,37650.78,137065242.9200002
2025-08-01 09:20:24 AM,220.18,5,1100.9,137066343.8200002
2025-08-01 09:20:24 AM,220.01,0,0.0,137066343.8200002
2025-08-01 09:20:24 AM,220.17,0,0.0,137066343.8200002
2025-08-01 09:20:25 AM,220.2,1592,350558.39999999997,137416902.2200002
2025-08-01 09:20:25 AM,220.2,50,11010.0,137427912.2200002
2025-08-01 09:20:26 AM,220.0,2100,462000.0,137889912.2200002
2025-08-01 09:20:26 AM,220.17,0,0.0,137889912.2200002
2025-08-01 09:20:27 AM,220.19,677,149068.63,138038980.8500002
2025-08-01 09:20:27 AM,220.16,98,21575.68,138060556.5300002
2025-08-01 09:20:27 AM,220.05,0,0.0,138060556.5300002
2025-08-01 09:20:28 AM,220.18,506,111411.08,138171967.61000022
2025-08-01 09:20:28 AM,220.05,0,0.0,138171967.61000022
2025-08-01 09:20:28 AM,220.05,93,20464.65,138192432.26000023
2025-08-01 09:20:28 AM,220.18,0,0.0,138192432.26000023
2025-08-01 09:20:29 AM,220.02,147,32342.940000000002,138224775.20000023
2025-08-01 09:20:29 AM,220.19,0,0.0,138224775.20000023
2025-08-01 09:20:30 AM,220.19,22,4844.18,138229619.38000023
2025-08-01 09:20:30 AM,220.23,1157,254806.11,138484425.49000025
2025-08-01 09:20:30 AM,220.05,0,0.0,138484425.49000025
2025-08-01 09:20:30 AM,220.35,0,0.0,138484425.49000025
2025-08-01 09:20:31 AM,220.35,534,117666.9,138602092.39000025
2025-08-01 09:20:31 AM,220.41,744,163985.04,138766077.43000025
2025-08-01 09:20:31 AM,220.34,0,0.0,138766077.43000025
2025-08-01 09:20:31 AM,220.16,0,0.0,138766077.43000025
2025-08-01 09:20:32 AM,220.16,1271,279823.36,139045900.79000026
2025-08-01 09:20:32 AM,220.39,215,47383.85,139093284.64000025
2025-08-01 09:20:32 AM,220.17,0,0.0,139093284.64000025
2025-08-01 09:20:33 AM,220.17,228,50198.759999999995,139143483.40000024
2025-08-01 09:20:33 AM,220.39,1214,267553.45999999996,139411036.86000025
2025-08-01 09:20:33 AM,220.18,0,0.0,139411036.86000025
2025-08-01 09:20:33 AM,220.23,0,0.0,139411036.86000025
2025-08-01 09:20:34 AM,220.17,1284,282698.27999999997,139693735.14000025
2025-08-01 09:20:34 AM,220.36,225,49581.0,139743316.14000025
2025-08-01 09:20:34 AM,220.04,0,0.0,139743316.14000025
2025-08-01 09:20:34 AM,220.21,0,0.0,139743316.14000025
2025-08-01 09:20:35 AM,220.2,267,58793.399999999994,139802109.54000026
2025-08-01 09:20:35 AM,220.2,3,660.5999999999999,139802770.14000025
2025-08-01 09:20:35 AM,220.11,0,0.0,139802770.14000025
2025-08-01 09:20:36 AM,220.3,378,83273.40000000001,139886043.54000026
2025-08-01 09:20:36 AM,220.01,0,0.0,139886043.54000026
2025-08-01 09:20:37 AM,220.27,508,111897.16,139997940.70000026
2025-08-01 09:20:37 AM,220.01,0,0.0,139997940.70000026
2025-08-01 09:20:37 AM,220.22,0,0.0,139997940.70000026
2025-08-01 09:20:38 AM,220.22,192,42282.24,140040222.94000027
2025-08-01 09:20:38 AM,220.01,1,220.01,140040442.95000026
2025-08-01 09:20:38 AM,220.22,0,0.0,140040442.95000026
2025-08-01 09:20:39 AM,220.21,936,206116.56,140246559.51000026
2025-08-01 09:20:39 AM,220.0,173,38060.0,140284619.51000026
2025-08-01 09:20:39 AM,220.17,0,0.0,140284619.51000026
2025-08-01 09:20:40 AM,220.04,811,178452.44,140463071.95000026
2025-08-01 09:20:40 AM,220.07,297,65360.79,140528432.74000025
2025-08-01 09:20:41 AM,220.01,913,200869.13,140729301.87000024
2025-08-01 09:20:42 AM,220.07,7,1540.49,140730842.36000025
2025-08-01 09:20:42 AM,220.0,0,0.0,140730842.36000025
2025-08-01 09:20:42 AM,220.0,732,161040.0,140891882.36000025
2025-08-01 09:20:43 AM,220.07,170,37411.9,140929294.26000026
2025-08-01 09:20:44 AM,220.07,50,11003.5,140940297.76000026
2025-08-01 09:20:44 AM,220.0,10677,2348940.0,143289237.76000026
2025-08-01 09:20:44 AM,219.51,0,0.0,143289237.76000026
2025-08-01 09:20:44 AM,219.78,0,0.0,143289237.76000026
2025-08-01 09:20:45 AM,220.01,4596,1011165.96,144300403.72000027
2025-08-01 09:20:45 AM,220.07,106,23327.42,144323731.14000025
2025-08-01 09:20:46 AM,220.07,1456,320421.92,144644153.06000024
2025-08-01 09:20:46 AM,220.07,512,112675.84,144756828.90000024
2025-08-01 09:20:46 AM,220.1,0,0.0,144756828.90000024
2025-08-01 09:20:47 AM,220.1,888,195448.8,144952277.70000026
2025-08-01 09:20:47 AM,220.0,218,47960.0,145000237.70000026
2025-08-01 09:20:47 AM,220.14,0,0.0,145000237.70000026
2025-08-01 09:20:48 AM,220.0,244,53680.0,145053917.70000026
2025-08-01 09:20:48 AM,220.0,1455,320100.0,145374017.70000026
2025-08-01 09:20:48 AM,220.11,0,0.0,145374017.70000026
2025-08-01 09:20:49 AM,220.11,2460,541470.6,145915488.30000025
2025-08-01 09:20:49 AM,220.15,0,0.0,145915488.30000025
2025-08-01 09:20:50 AM,220.14,700,154098.0,146069586.30000025
2025-08-01 09:20:50 AM,220.17,49,10788.33,146080374.63000026
2025-08-01 09:20:51 AM,220.07,19,4181.33,146084555.96000028
2025-08-01 09:20:52 AM,221.0,34312,7582952.0,153667507.96000028
2025-08-01 09:20:52 AM,220.78,1712,377975.36,154045483.3200003
2025-08-01 09:20:52 AM,222.0,0,0.0,154045483.3200003
2025-08-01 09:20:53 AM,221.63,39189,8685458.07,162730941.39000028
2025-08-01 09:20:53 AM,221.61,2130,472029.30000000005,163202970.6900003
2025-08-01 09:20:54 AM,221.8,989,219360.2,163422330.89000028
2025-08-01 09:20:54 AM,221.8,28,6210.400000000001,163428541.2900003
2025-08-01 09:20:55 AM,221.89,244,54141.159999999996,163482682.4500003
2025-08-01 09:20:55 AM,221.64,0,0.0,163482682.4500003
2025-08-01 09:20:56 AM,221.64,73,16179.72,163498862.17000028
2025-08-01 09:20:56 AM,221.95,0,0.0,163498862.17000028
2025-08-01 09:20:56 AM,222.0,0,0.0,163498862.17000028
2025-08-01 09:20:57 AM,222.0,3588,796536.0,164295398.17000028
2025-08-01 09:20:57 AM,221.87,3114,690903.18,164986301.3500003
2025-08-01 09:20:57 AM,221.88,0,0.0,164986301.3500003
2025-08-01 09:20:58 AM,221.61,2103,466045.83,165452347.1800003
2025-08-01 09:20:58 AM,221.52,51,11297.52,165463644.70000032
2025-08-01 09:20:58 AM,221.74,0,0.0,165463644.70000032
2025-08-01 09:20:59 AM,221.44,673,149029.12,165612673.82000032
2025-08-01 09:20:59 AM,221.62,151,33464.62,165646138.44000033
2025-08-01 09:20:59 AM,221.66,0,0.0,165646138.44000033
2025-08-01 09:21:00 AM,221.68,943,209044.24000000002,165855182.68000033
2025-08-01 09:21:00 AM,221.7,0,0.0,165855182.68000033
2025-08-01 09:21:01 AM,221.5,2316,512994.0,166368176.68000033
2025-08-01 09:21:01 AM,221.66,0,0.0,166368176.68000033
2025-08-01 09:21:02 AM,221.58,1027,227562.66,166595739.34000033
2025-08-01 09:21:02 AM,221.67,1873,415187.91,167010927.25000033
2025-08-01 09:21:03 AM,221.6,1404,311126.39999999997,167322053.65000033
2025-08-01 09:21:03 AM,221.57,0,0.0,167322053.65000033
2025-08-01 09:21:04 AM,221.36,1347,298171.92000000004,167620225.57000032
2025-08-01 09:21:04 AM,221.41,2077,459868.57,168080094.1400003
2025-08-01 09:21:04 AM,221.37,0,0.0,168080094.1400003
2025-08-01 09:21:05 AM,221.65,1576,349320.4,168429414.54000032
2025-08-01 09:21:05 AM,221.58,350,77553.0,168506967.54000032
2025-08-01 09:21:05 AM,221.28,0,0.0,168506967.54000032
2025-08-01 09:21:06 AM,221.23,700,154861.0,168661828.54000032
2025-08-01 09:21:06 AM,221.39,0,0.0,168661828.54000032
2025-08-01 09:21:06 AM,221.39,227,50255.53,168712084.07000032
2025-08-01 09:21:07 AM,221.11,187,41347.57,168753431.6400003
2025-08-01 09:21:07 AM,221.24,0,0.0,168753431.6400003
2025-08-01 09:21:07 AM,221.32,0,0.0,168753431.6400003
2025-08-01 09:21:08 AM,221.32,1046,231500.72,168984932.3600003
2025-08-01 09:21:08 AM,221.0,948,209508.0,169194440.3600003
2025-08-01 09:21:08 AM,220.91,0,0.0,169194440.3600003
2025-08-01 09:21:08 AM,221.01,0,0.0,169194440.3600003
2025-08-01 09:21:09 AM,220.76,1713,378161.88,169572602.2400003
2025-08-01 09:21:09 AM,220.71,274,60474.54,169633076.7800003
2025-08-01 09:21:09 AM,220.86,0,0.0,169633076.7800003
2025-08-01 09:21:10 AM,220.62,785,173186.7,169806263.4800003
2025-08-01 09:21:10 AM,220.77,107,23622.39,169829885.87000027
2025-08-01 09:21:10 AM,220.85,0,0.0,169829885.87000027
2025-08-01 09:21:10 AM,220.61,0,0.0,169829885.87000027
2025-08-01 09:21:11 AM,220.75,945,208608.75,170038494.62000027
2025-08-01 09:21:11 AM,220.85,201,44390.85,170082885.47000027
2025-08-01 09:21:12 AM,220.85,51,11263.35,170094148.82000026
2025-08-01 09:21:12 AM,220.64,0,0.0,170094148.82000026
2025-08-01 09:21:12 AM,220.64,1441,317942.24,170412091.06000027
2025-08-01 09:21:13 AM,220.69,293,64662.17,170476753.23000026
2025-08-01 09:21:13 AM,221.12,0,0.0,170476753.23000026
2025-08-01 09:21:13 AM,220.89,0,0.0,170476753.23000026
2025-08-01 09:21:14 AM,220.97,11302,2497402.94,172974156.17000026
2025-08-01 09:21:14 AM,220.98,3,662.9399999999999,172974819.11000025
2025-08-01 09:21:14 AM,220.97,0,0.0,172974819.11000025
2025-08-01 09:21:14 AM,221.09,0,0.0,172974819.11000025
2025-08-01 09:21:15 AM,221.09,272,60136.48,173034955.59000024
2025-08-01 09:21:15 AM,221.25,461,101996.25,173136951.84000024
2025-08-01 09:21:16 AM,221.25,136,30090.0,173167041.84000024
2025-08-01 09:21:16 AM,221.36,714,158051.04,173325092.88000023
2025-08-01 09:21:16 AM,221.25,0,0.0,173325092.88000023
2025-08-01 09:21:17 AM,221.4,1134,251067.6,173576160.48000023
2025-08-01 09:21:17 AM,221.68,3104,688094.72,174264255.20000023
2025-08-01 09:21:17 AM,221.74,0,0.0,174264255.20000023
2025-08-01 09:21:18 AM,222.1,15064,3345714.4,177609969.60000023
2025-08-01 09:21:18 AM,222.32,1770,393506.39999999997,178003476.00000024
2025-08-01 09:21:18 AM,222.29,0,0.0,178003476.00000024
2025-08-01 09:21:19 AM,222.3,1882,418368.60000000003,178421844.60000023
2025-08-01 09:21:19 AM,222.5,0,0.0,178421844.60000023
2025-08-01 09:21:19 AM,222.5,2041,454122.5,178875967.10000023
2025-08-01 09:21:20 AM,222.39,3404,757015.5599999999,179632982.66000023
2025-08-01 09:21:20 AM,222.34,0,0.0,179632982.66000023
2025-08-01 09:21:20 AM,222.49,0,0.0,179632982.66000023
2025-08-01 09:21:21 AM,222.45,784,174400.8,179807383.46000025
2025-08-01 09:21:21 AM,222.33,10856,2413614.48,182220997.94000024
2025-08-01 09:21:22 AM,222.49,363,80763.87000000001,182301761.81000024
2025-08-01 09:21:22 AM,222.5,25,5562.5,182307324.31000024
2025-08-01 09:21:23 AM,222.5,1156,257210.0,182564534.31000024
2025-08-01 09:21:23 AM,222.5,971,216047.5,182780581.81000024
2025-08-01 09:21:23 AM,222.19,0,0.0,182780581.81000024
2025-08-01 09:21:23 AM,222.38,0,0.0,182780581.81000024
2025-08-01 09:21:24 AM,221.98,5519,1225107.6199999999,184005689.43000025
2025-08-01 09:21:24 AM,222.26,100,22226.0,184027915.43000025
2025-08-01 09:21:24 AM,222.28,0,0.0,184027915.43000025
2025-08-01 09:21:25 AM,222.28,29,6446.12,184034361.55000025
2025-08-01 09:21:25 AM,222.43,0,0.0,184034361.55000025
2025-08-01 09:21:25 AM,222.5,0,0.0,184034361.55000025
2025-08-01 09:21:26 AM,222.3,1444,321001.2,184355362.75000024
2025-08-01 09:21:26 AM,222.33,0,0.0,184355362.75000024
2025-08-01 09:21:27 AM,222.29,1354,300980.66,184656343.41000023
2025-08-01 09:21:27 AM,222.37,0,0.0,184656343.41000023
2025-08-01 09:21:28 AM,222.48,1345,299235.6,184955579.01000023
2025-08-01 09:21:29 AM,222.18,1641,364597.38,185320176.39000022
2025-08-01 09:21:30 AM,222.34,0,0.0,185320176.39000022
2025-08-01 09:21:30 AM,222.34,9755,2168926.7,187489103.0900002
2025-08-01 09:21:31 AM,222.74,0,0.0,187489103.0900002
2025-08-01 09:21:32 AM,222.74,2872,639709.28,188128812.3700002
2025-08-01 09:21:32 AM,222.33,504,112054.32,188240866.6900002
2025-08-01 09:21:33 AM,222.49,1656,368443.44,188609310.1300002
2025-08-01 09:21:33 AM,222.57,0,0.0,188609310.1300002
2025-08-01 09:21:34 AM,222.6,10505,2338413.0,190947723.1300002
2025-08-01 09:21:34 AM,221.79,0,0.0,190947723.1300002
2025-08-01 09:21:34 AM,221.73,0,0.0,190947723.1300002
2025-08-01 09:21:35 AM,221.41,9111,2017266.51,192964989.6400002
2025-08-01 09:21:36 AM,221.39,2486,550375.5399999999,193515365.1800002
2025-08-01 09:21:37 AM,221.25,515,113943.75,193629308.9300002
2025-08-01 09:21:37 AM,220.99,0,0.0,193629308.9300002
2025-08-01 09:21:38 AM,221.17,11056,2445255.52,196074564.4500002
2025-08-01 09:21:39 AM,221.17,1703,376652.50999999995,196451216.9600002
2025-08-01 09:21:40 AM,221.41,2150,476031.5,196927248.4600002
2025-08-01 09:21:41 AM,221.13,0,0.0,196927248.4600002
2025-08-01 09:21:41 AM,221.13,1380,305159.39999999997,197232407.8600002
2025-08-01 09:21:42 AM,221.24,0,0.0,197232407.8600002
2025-08-01 09:21:42 AM,221.24,3792,838942.0800000001,198071349.9400002
2025-08-01 09:21:43 AM,221.33,370,81892.1,198153242.0400002
2025-08-01 09:21:43 AM,221.06,0,0.0,198153242.0400002
2025-08-01 09:21:43 AM,221.06,2015,445435.9,198598677.9400002
2025-08-01 09:21:44 AM,221.14,0,0.0,198598677.9400002
2025-08-01 09:21:44 AM,221.0,0,0.0,198598677.9400002
2025-08-01 09:21:45 AM,221.0,716,158236.0,198756913.9400002
2025-08-01 09:21:45 AM,221.24,0,0.0,198756913.9400002
2025-08-01 09:21:46 AM,221.24,949,209956.76,198966870.7000002
2025-08-01 09:21:46 AM,221.08,0,0.0,198966870.7000002
2025-08-01 09:21:47 AM,221.08,2953,652849.24,199619719.9400002
2025-08-01 09:21:47 AM,221.22,50,11061.0,199630780.9400002
2025-08-01 09:21:47 AM,221.33,0,0.0,199630780.9400002
2025-08-01 09:21:48 AM,221.32,379,83880.28,199714661.2200002
2025-08-01 09:21:48 AM,221.04,698,154285.91999999998,199868947.1400002
2025-08-01 09:21:48 AM,221.01,0,0.0,199868947.1400002
2025-08-01 09:21:49 AM,221.0,4006,885326.0,200754273.1400002
2025-08-01 09:21:49 AM,221.03,0,0.0,200754273.1400002
2025-08-01 09:21:50 AM,221.27,7729,1710195.83,202464468.9700002
2025-08-01 09:21:50 AM,221.28,4,885.12,202465354.0900002
2025-08-01 09:21:51 AM,221.02,150,33153.0,202498507.0900002
2025-08-01 09:21:51 AM,221.0,0,0.0,202498507.0900002
2025-08-01 09:21:52 AM,221.2,83,18359.6,202516866.6900002
2025-08-01 09:21:53 AM,221.1,10,2211.0,202519077.6900002
2025-08-01 09:21:53 AM,221.01,5,1105.05,202520182.74000022
2025-08-01 09:21:53 AM,221.0,0,0.0,202520182.74000022
2025-08-01 09:21:54 AM,221.04,2333,515686.32,203035869.0600002
2025-08-01 09:21:54 AM,220.98,1590,351358.2,203387227.2600002
2025-08-01 09:21:54 AM,221.25,0,0.0,203387227.2600002
2025-08-01 09:21:55 AM,221.25,200,44250.0,203431477.2600002
2025-08-01 09:21:55 AM,221.03,0,0.0,203431477.2600002
2025-08-01 09:21:55 AM,221.03,193,42658.79,203474136.0500002
2025-08-01 09:21:56 AM,221.27,701,155110.27000000002,203629246.3200002
2025-08-01 09:21:56 AM,221.04,0,0.0,203629246.3200002
2025-08-01 09:21:56 AM,221.13,0,0.0,203629246.3200002
2025-08-01 09:21:57 AM,221.13,1105,244348.65,203873594.9700002
2025-08-01 09:21:57 AM,221.0,1137,251277.0,204124871.9700002
2025-08-01 09:21:58 AM,221.0,503,111163.0,204236034.9700002
2025-08-01 09:21:58 AM,221.11,0,0.0,204236034.9700002
2025-08-01 09:21:59 AM,221.13,151,33390.63,204269425.6000002
2025-08-01 09:21:59 AM,221.0,186,41106.0,204310531.6000002
2025-08-01 09:21:59 AM,221.12,0,0.0,204310531.6000002
2025-08-01 09:22:00 AM,221.13,75,16584.75,204327116.3500002
2025-08-01 09:22:00 AM,221.2,0,0.0,204327116.3500002
2025-08-01 09:22:01 AM,221.14,2280,504199.19999999995,204831315.5500002
2025-08-01 09:22:01 AM,221.28,0,0.0,204831315.5500002
2025-08-01 09:22:01 AM,220.99,0,0.0,204831315.5500002
2025-08-01 09:22:02 AM,220.99,5842,1291023.58,206122339.1300002
2025-08-01 09:22:02 AM,221.18,0,0.0,206122339.1300002
2025-08-01 09:22:03 AM,221.25,13480,2982450.0,209104789.1300002
2025-08-01 09:22:03 AM,221.0,1223,270283.0,209375072.1300002
2025-08-01 09:22:05 AM,221.0,820,181220.0,209556292.1300002
2025-08-01 09:22:05 AM,221.0,61,13481.0,209569773.1300002
2025-08-01 09:22:05 AM,221.03,0,0.0,209569773.1300002
2025-08-01 09:22:06 AM,221.03,100,22103.0,209591876.1300002
2025-08-01 09:22:07 AM,221.0,897,198237.0,209790113.1300002
2025-08-01 09:22:07 AM,221.0,100,22100.0,209812213.1300002
2025-08-01 09:22:09 AM,221.03,1050,232081.5,210044294.6300002
2025-08-01 09:22:09 AM,221.04,0,0.0,210044294.6300002
2025-08-01 09:22:10 AM,221.04,2,442.08,210044736.71000022
2025-08-01 09:22:10 AM,221.01,0,0.0,210044736.71000022
2025-08-01 09:22:11 AM,221.01,50,11050.5,210055787.21000022
2025-08-01 09:22:11 AM,221.0,0,0.0,210055787.21000022
2025-08-01 09:22:12 AM,221.0,2048,452608.0,210508395.21000022
2025-08-01 09:22:14 AM,221.0,434,95914.0,210604309.21000022
2025-08-01 09:22:14 AM,221.23,0,0.0,210604309.21000022
2025-08-01 09:22:15 AM,221.11,1575,348248.25,210952557.46000022
2025-08-01 09:22:15 AM,221.23,0,0.0,210952557.46000022
2025-08-01 09:22:16 AM,221.23,277,61280.71,211013838.17000023
2025-08-01 09:22:16 AM,221.23,106,23450.379999999997,211037288.55000022
2025-08-01 09:22:16 AM,221.39,0,0.0,211037288.55000022
2025-08-01 09:22:17 AM,221.39,43,9519.769999999999,211046808.32000023
2025-08-01 09:22:17 AM,221.39,5,1106.9499999999998,211047915.27000022
2025-08-01 09:22:18 AM,221.23,200,44246.0,211092161.27000022
2025-08-01 09:22:19 AM,221.39,57,12619.23,211104780.5000002
2025-08-01 09:22:20 AM,221.39,451,99846.89,211204627.3900002
2025-08-01 09:22:21 AM,221.14,2000,442280.0,211646907.3900002
2025-08-01 09:22:21 AM,221.11,0,0.0,211646907.3900002
2025-08-01 09:22:22 AM,221.11,31,6854.410000000001,211653761.8000002
2025-08-01 09:22:23 AM,221.28,0,0.0,211653761.8000002
2025-08-01 09:22:24 AM,221.08,373,82462.84000000001,211736224.6400002
2025-08-01 09:22:24 AM,221.12,0,0.0,211736224.6400002
2025-08-01 09:22:25 AM,221.12,101,22333.12,211758557.7600002
2025-08-01 09:22:25 AM,221.25,0,0.0,211758557.7600002
2025-08-01 09:22:26 AM,221.25,610,134962.5,211893520.2600002
2025-08-01 09:22:26 AM,221.24,3000,663720.0,212557240.2600002
2025-08-01 09:22:26 AM,221.0,0,0.0,212557240.2600002
2025-08-01 09:22:27 AM,221.0,500,110500.0,212667740.2600002
2025-08-01 09:22:27 AM,221.19,226,49988.94,212717729.2000002
2025-08-01 09:22:27 AM,221.23,0,0.0,212717729.2000002
2025-08-01 09:22:27 AM,221.04,0,0.0,212717729.2000002
2025-08-01 09:22:28 AM,221.23,983,217469.09,212935198.2900002
2025-08-01 09:22:28 AM,221.06,145,32053.7,212967251.9900002
2025-08-01 09:22:29 AM,221.01,1,221.01,212967473.00000018
2025-08-01 09:22:30 AM,221.23,900,199107.0,213166580.00000018
2025-08-01 09:22:30 AM,221.1,0,0.0,213166580.00000018
2025-08-01 09:22:30 AM,221.1,621,137303.1,213303883.10000017
2025-08-01 09:22:32 AM,221.01,0,0.0,213303883.10000017
2025-08-01 09:22:33 AM,221.01,50,11050.5,213314933.60000017
2025-08-01 09:22:33 AM,221.0,0,0.0,213314933.60000017
2025-08-01 09:22:33 AM,221.04,0,0.0,213314933.60000017
2025-08-01 09:22:34 AM,221.04,1740,384609.6,213699543.20000017
2025-08-01 09:22:35 AM,221.04,157,34703.28,213734246.48000017
2025-08-01 09:22:35 AM,221.0,0,0.0,213734246.48000017
2025-08-01 09:22:35 AM,221.02,0,0.0,213734246.48000017
2025-08-01 09:22:36 AM,221.02,399,88186.98000000001,213822433.46000016
2025-08-01 09:22:37 AM,221.11,1479,327021.69,214149455.15000015
2025-08-01 09:22:37 AM,221.02,0,0.0,214149455.15000015
2025-08-01 09:22:38 AM,221.02,1343,296829.86,214446285.01000017
2025-08-01 09:22:38 AM,221.0,1000,221000.0,214667285.01000017
2025-08-01 09:22:39 AM,221.04,50,11052.0,214678337.01000017
2025-08-01 09:22:39 AM,221.04,99,21882.96,214700219.97000018
2025-08-01 09:22:39 AM,221.09,0,0.0,214700219.97000018
2025-08-01 09:22:40 AM,221.09,105,23214.45,214723434.42000017
2025-08-01 09:22:41 AM,221.04,0,0.0,214723434.42000017
2025-08-01 09:22:42 AM,221.04,1,221.04,214723655.46000016
2025-08-01 09:22:42 AM,221.04,286,63217.439999999995,214786872.90000015
2025-08-01 09:22:43 AM,221.04,6,1326.24,214788199.14000016
2025-08-01 09:22:43 AM,221.01,0,0.0,214788199.14000016
2025-08-01 09:22:44 AM,221.01,219,48401.189999999995,214836600.33000016
2025-08-01 09:22:45 AM,221.0,39,8619.0,214845219.33000016
2025-08-01 09:22:45 AM,221.01,0,0.0,214845219.33000016
2025-08-01 09:22:46 AM,221.01,600,132606.0,214977825.33000016
2025-08-01 09:22:46 AM,221.0,0,0.0,214977825.33000016
2025-08-01 09:22:47 AM,221.0,472,104312.0,215082137.33000016
2025-08-01 09:22:48 AM,221.0,1180,260780.0,215342917.33000016
2025-08-01 09:22:49 AM,221.0,920,203320.0,215546237.33000016
2025-08-01 09:22:49 AM,221.0,1,221.0,215546458.33000016
2025-08-01 09:22:49 AM,221.01,0,0.0,215546458.33000016
2025-08-01 09:22:49 AM,221.0,0,0.0,215546458.33000016
2025-08-01 09:22:50 AM,221.0,751,165971.0,215712429.33000016
2025-08-01 09:22:50 AM,221.01,261,57683.61,215770112.94000018
2025-08-01 09:22:50 AM,221.1,0,0.0,215770112.94000018
2025-08-01 09:22:51 AM,221.1,1760,389136.0,216159248.94000018
2025-08-01 09:22:51 AM,221.0,0,0.0,216159248.94000018
2025-08-01 09:22:51 AM,221.0,7871,1739491.0,217898739.94000018
2025-08-01 09:22:52 AM,221.0,123,27183.0,217925922.94000018
2025-08-01 09:22:52 AM,221.0,8042,1777282.0,219703204.94000018
2025-08-01 09:22:53 AM,221.0,1720,380120.0,220083324.94000018
2025-08-01 09:22:53 AM,221.0,5626,1243346.0,221326670.94000018
2025-08-01 09:22:54 AM,221.0,1806,399126.0,221725796.94000018
2025-08-01 09:22:54 AM,221.07,7571,1673720.97,223399517.91000018
2025-08-01 09:22:54 AM,221.05,0,0.0,223399517.91000018
2025-08-01 09:22:55 AM,221.0,0,0.0,223399517.91000018
2025-08-01 09:22:55 AM,221.0,676,149396.0,223548913.91000018
2025-08-01 09:22:56 AM,221.0,5842,1291082.0,224839995.91000018
2025-08-01 09:22:57 AM,221.0,3234,714714.0,225554709.91000018
2025-08-01 09:22:57 AM,221.06,0,0.0,225554709.91000018
2025-08-01 09:22:57 AM,221.06,6136,1356424.16,226911134.07000017
2025-08-01 09:22:58 AM,221.0,0,0.0,226911134.07000017
2025-08-01 09:22:58 AM,221.0,6906,1526226.0,228437360.07000017
2025-08-01 09:22:59 AM,221.0,829,183209.0,228620569.07000017
2025-08-01 09:22:59 AM,221.03,0,0.0,228620569.07000017
2025-08-01 09:22:59 AM,221.03,3595,794602.85,229415171.92000017
2025-08-01 09:23:00 AM,221.0,963,212823.0,229627994.92000017
2025-08-01 09:23:01 AM,221.0,4786,1057706.0,230685700.92000017
2025-08-01 09:23:01 AM,221.03,0,0.0,230685700.92000017
2025-08-01 09:23:02 AM,221.22,8350,1847187.0,232532887.92000017
2025-08-01 09:23:02 AM,221.0,1194,263874.0,232796761.92000017
2025-08-01 09:23:02 AM,221.23,0,0.0,232796761.92000017
2025-08-01 09:23:03 AM,221.01,2032,449092.32,233245854.24000016
2025-08-01 09:23:03 AM,221.0,2647,584987.0,233830841.24000016
2025-08-01 09:23:04 AM,221.0,1774,392054.0,234222895.24000016
2025-08-01 09:23:04 AM,221.0,689,152269.0,234375164.24000016
2025-08-01 09:23:04 AM,221.03,0,0.0,234375164.24000016
2025-08-01 09:23:05 AM,221.05,962,212650.1,234587814.34000015
2025-08-01 09:23:06 AM,221.03,1021,225671.63,234813485.97000015
2025-08-01 09:23:06 AM,221.01,0,0.0,234813485.97000015
2025-08-01 09:23:07 AM,221.12,51,11277.12,234824763.09000015
2025-08-01 09:23:07 AM,221.0,0,0.0,234824763.09000015
2025-08-01 09:23:08 AM,221.0,3483,769743.0,235594506.09000015
2025-08-01 09:23:09 AM,221.05,109,24094.45,235618600.54000014
2025-08-01 09:23:10 AM,221.0,20,4420.0,235623020.54000014
2025-08-01 09:23:11 AM,221.03,50,11051.5,235634072.04000014
2025-08-01 09:23:11 AM,221.0,0,0.0,235634072.04000014
2025-08-01 09:23:12 AM,221.0,3362,743002.0,236377074.04000014
2025-08-01 09:23:13 AM,221.01,51,11271.51,236388345.55000013
2025-08-01 09:23:14 AM,221.01,1569,346764.69,236735110.24000013
2025-08-01 09:23:15 AM,221.01,10,2210.1,236737320.34000012
2025-08-01 09:23:16 AM,221.0,2241,495261.0,237232581.34000012
2025-08-01 09:23:17 AM,221.0,220,48620.0,237281201.34000012
2025-08-01 09:23:18 AM,221.0,705,155805.0,237437006.34000012
2025-08-01 09:23:18 AM,221.01,0,0.0,237437006.34000012
2025-08-01 09:23:19 AM,221.0,603,133263.0,237570269.34000012
2025-08-01 09:23:20 AM,221.0,100,22100.0,237592369.34000012
2025-08-01 09:23:20 AM,221.02,0,0.0,237592369.34000012
2025-08-01 09:23:21 AM,221.1,2325,514057.5,238106426.84000012
2025-08-01 09:23:22 AM,221.1,200,44220.0,238150646.84000012
2025-08-01 09:23:22 AM,221.25,320,70800.0,238221446.84000012
2025-08-01 09:23:23 AM,221.12,50,11056.0,238232502.84000012
2025-08-01 09:23:26 AM,221.15,0,0.0,238232502.84000012
2025-08-01 09:23:27 AM,221.15,200,44230.0,238276732.84000012
2025-08-01 09:23:27 AM,221.22,0,0.0,238276732.84000012
2025-08-01 09:23:28 AM,221.22,11,2433.42,238279166.2600001
2025-08-01 09:23:28 AM,221.19,20,4423.8,238283590.06000012
2025-08-01 09:23:29 AM,221.1,2245,496369.5,238779959.56000012
2025-08-01 09:23:29 AM,221.0,0,0.0,238779959.56000012
2025-08-01 09:23:30 AM,221.18,2041,451428.38,239231387.94000012
2025-08-01 09:23:30 AM,221.01,0,0.0,239231387.94000012
2025-08-01 09:23:31 AM,221.01,553,122218.53,239353606.47000012
2025-08-01 09:23:31 AM,221.15,500,110575.0,239464181.47000012
2025-08-01 09:23:31 AM,221.13,0,0.0,239464181.47000012
2025-08-01 09:23:32 AM,221.13,100,22113.0,239486294.47000012
2025-08-01 09:23:33 AM,221.01,210,46412.1,239532706.5700001
2025-08-01 09:23:33 AM,221.09,0,0.0,239532706.5700001
2025-08-01 09:23:34 AM,221.0,5392,1191632.0,240724338.5700001
2025-08-01 09:23:34 AM,221.01,0,0.0,240724338.5700001
2025-08-01 09:23:35 AM,221.01,1799,397596.99,241121935.56000012
2025-08-01 09:23:36 AM,221.0,0,0.0,241121935.56000012
2025-08-01 09:23:37 AM,221.01,639,141225.38999999998,241263160.9500001
2025-08-01 09:23:38 AM,221.0,350,77350.0,241340510.9500001
2025-08-01 09:23:38 AM,221.11,0,0.0,241340510.9500001
2025-08-01 09:23:38 AM,221.05,0,0.0,241340510.9500001
2025-08-01 09:23:39 AM,221.05,10665,2357498.25,243698009.2000001
2025-08-01 09:23:41 AM,221.0,887,196027.0,243894036.2000001
2025-08-01 09:23:42 AM,221.01,92,20332.92,243914369.1200001
2025-08-01 09:23:42 AM,221.0,0,0.0,243914369.1200001
2025-08-01 09:23:43 AM,221.0,906,200226.0,244114595.1200001
2025-08-01 09:23:45 AM,221.0,50,11050.0,244125645.1200001
2025-08-01 09:23:46 AM,221.0,700,154700.0,244280345.1200001
2025-08-01 09:23:47 AM,221.01,0,0.0,244280345.1200001
2025-08-01 09:23:48 AM,221.01,530,117135.29999999999,244397480.4200001
2025-08-01 09:23:48 AM,221.04,855,188989.19999999998,244586469.6200001
2025-08-01 09:23:48 AM,221.15,0,0.0,244586469.6200001
2025-08-01 09:23:49 AM,221.15,494,109248.1,244695717.7200001
2025-08-01 09:23:50 AM,221.25,100,22125.0,244717842.7200001
2025-08-01 09:23:51 AM,221.1,1102,243652.19999999998,244961494.92000008
2025-08-01 09:23:52 AM,221.24,11,2433.6400000000003,244963928.56000006
2025-08-01 09:23:52 AM,221.16,0,0.0,244963928.56000006
2025-08-01 09:23:52 AM,221.25,0,0.0,244963928.56000006
2025-08-01 09:23:53 AM,221.25,189,41816.25,245005744.81000006
2025-08-01 09:23:55 AM,221.25,279,61728.75,245067473.56000006
2025-08-01 09:23:55 AM,221.42,0,0.0,245067473.56000006
2025-08-01 09:23:56 AM,221.42,40,8856.8,245076330.36000007
2025-08-01 09:23:56 AM,221.26,0,0.0,245076330.36000007
2025-08-01 09:23:57 AM,221.5,784,173656.0,245249986.36000007
2025-08-01 09:23:57 AM,221.5,181,40091.5,245290077.86000007
2025-08-01 09:23:57 AM,221.51,0,0.0,245290077.86000007
2025-08-01 09:23:58 AM,221.51,116,25695.16,245315773.02000007
2025-08-01 09:23:58 AM,221.55,0,0.0,245315773.02000007
2025-08-01 09:23:59 AM,221.41,3096,685485.36,246001258.38000008
2025-08-01 09:24:00 AM,221.25,1,221.25,246001479.63000008
2025-08-01 09:24:02 AM,221.25,137,30311.25,246031790.88000008
2025-08-01 09:24:08 AM,221.0,2628,580788.0,246612578.88000008
2025-08-01 09:24:10 AM,221.05,0,0.0,246612578.88000008
2025-08-01 09:24:10 AM,221.0,0,0.0,246612578.88000008
2025-08-01 09:24:16 AM,221.0,6633,1465893.0,248078471.88000008
2025-08-01 09:24:17 AM,221.06,574,126888.44,248205360.32000008
2025-08-01 09:24:23 AM,221.12,2238,494866.56,248700226.88000008
2025-08-01 09:24:25 AM,221.12,1510,333891.2,249034118.08000007
2025-08-01 09:24:29 AM,221.06,0,0.0,249034118.08000007
2025-08-01 09:24:31 AM,221.06,1567,346401.02,249380519.10000008
2025-08-01 09:24:32 AM,221.17,20,4423.4,249384942.5000001
2025-08-01 09:24:35 AM,221.23,0,0.0,249384942.5000001
2025-08-01 09:24:38 AM,221.47,6920,1532572.4,250917514.9000001
2025-08-01 09:24:40 AM,221.37,3050,675178.5,251592693.4000001
2025-08-01 09:24:41 AM,221.53,0,0.0,251592693.4000001
2025-08-01 09:24:41 AM,221.7,0,0.0,251592693.4000001
2025-08-01 09:24:46 AM,221.75,1872,415116.0,252007809.4000001
2025-08-01 09:24:47 AM,221.58,0,0.0,252007809.4000001
2025-08-01 09:24:48 AM,221.41,340,75279.4,252083088.8000001
2025-08-01 09:24:53 AM,221.55,4197,929845.3500000001,253012934.1500001
2025-08-01 09:24:54 AM,221.49,0,0.0,253012934.1500001
2025-08-01 09:24:55 AM,221.4,400,88560.0,253101494.1500001
2025-08-01 09:25:00 AM,221.32,0,0.0,253101494.1500001
2025-08-01 09:25:01 AM,221.32,2710,599777.2,253701271.35000008
2025-08-01 09:25:01 AM,221.38,0,0.0,253701271.35000008
2025-08-01 09:25:03 AM,221.48,2323,514498.04,254215769.39000008
2025-08-01 09:25:07 AM,221.15,0,0.0,254215769.39000008
2025-08-01 09:25:08 AM,221.15,1578,348974.7,254564744.09000006
2025-08-01 09:25:10 AM,221.25,116,25665.0,254590409.09000006
2025-08-01 09:25:14 AM,222.82,0,0.0,254590409.09000006
2025-08-01 09:25:16 AM,222.82,46743,10415275.26,265005684.35000005
2025-08-01 09:25:18 AM,222.71,3875,863001.25,265868685.60000005
2025-08-01 09:25:20 AM,223.06,0,0.0,265868685.60000005
2025-08-01 09:25:21 AM,223.08,0,0.0,265868685.60000005
2025-08-01 09:25:23 AM,222.75,29321,6531252.75,272399938.35
2025-08-01 09:25:25 AM,222.43,4325,962009.75,273361948.1
2025-08-01 09:25:26 AM,222.49,0,0.0,273361948.1
2025-08-01 09:25:27 AM,222.67,0,0.0,273361948.1
2025-08-01 09:25:31 AM,222.67,15009,3342054.03,276704002.13
2025-08-01 09:25:32 AM,222.38,0,0.0,276704002.13
2025-08-01 09:25:33 AM,222.5,2460,547350.0,277251352.13
2025-08-01 09:25:33 AM,222.75,0,0.0,277251352.13
2025-08-01 09:25:38 AM,222.53,18136,4035804.08,281287156.21
2025-08-01 09:25:38 AM,222.5,0,0.0,281287156.21
2025-08-01 09:25:39 AM,222.58,0,0.0,281287156.21
2025-08-01 09:25:40 AM,222.53,1056,234991.68,281522147.89
2025-08-01 09:25:44 AM,222.71,0,0.0,281522147.89
2025-08-01 09:25:45 AM,222.71,9957,2217523.47,283739671.36
2025-08-01 09:25:48 AM,222.51,6848,1523748.48,285263419.84000003
2025-08-01 09:25:53 AM,222.75,3234,720373.5,285983793.34000003
2025-08-01 09:25:55 AM,222.64,828,184345.91999999998,286168139.26000005
2025-08-01 09:25:55 AM,222.5,0,0.0,286168139.26000005
2025-08-01 09:26:00 AM,222.67,1698,378093.66,286546232.9200001
2025-08-01 09:26:00 AM,222.65,0,0.0,286546232.9200001
2025-08-01 09:26:01 AM,222.65,280,62342.0,286608574.9200001
2025-08-01 09:26:01 AM,222.51,300,66753.0,286675327.9200001
2025-08-01 09:26:01 AM,222.71,0,0.0,286675327.9200001
2025-08-01 09:26:02 AM,222.7,200,44540.0,286719867.9200001
2025-08-01 09:26:02 AM,222.65,100,22265.0,286742132.9200001
2025-08-01 09:26:02 AM,222.51,0,0.0,286742132.9200001
2025-08-01 09:26:03 AM,222.51,950,211384.5,286953517.4200001
2025-08-01 09:26:03 AM,222.5,111,24697.5,286978214.9200001
2025-08-01 09:26:04 AM,222.61,50,11130.5,286989345.4200001
2025-08-01 09:26:04 AM,222.66,21,4675.86,286994021.2800001
2025-08-01 09:26:04 AM,222.5,0,0.0,286994021.2800001
2025-08-01 09:26:05 AM,222.5,1939,431427.5,287425448.7800001
2025-08-01 09:26:05 AM,222.6,50,11130.0,287436578.7800001
2025-08-01 09:26:05 AM,222.53,0,0.0,287436578.7800001
2025-08-01 09:26:06 AM,222.51,9159,2037969.0899999999,289474547.87000006
2025-08-01 09:26:06 AM,222.26,6036,1341561.3599999999,290816109.2300001
2025-08-01 09:26:06 AM,222.46,0,0.0,290816109.2300001
2025-08-01 09:26:07 AM,222.46,601,133698.46,290949807.69000006
2025-08-01 09:26:07 AM,222.43,371,82521.53,291032329.22
2025-08-01 09:26:07 AM,222.42,0,0.0,291032329.22
2025-08-01 09:26:08 AM,222.42,1727,384119.33999999997,291416448.56
2025-08-01 09:26:08 AM,222.39,100,22239.0,291438687.56
2025-08-01 09:26:08 AM,222.53,0,0.0,291438687.56
2025-08-01 09:26:09 AM,222.09,7626,1693658.34,293132345.9
2025-08-01 09:26:09 AM,222.26,300,66678.0,293199023.9
2025-08-01 09:26:09 AM,222.05,0,0.0,293199023.9
2025-08-01 09:26:10 AM,222.05,2581,573111.05,293772134.95
2025-08-01 09:26:10 AM,222.18,900,199962.0,293972096.95
2025-08-01 09:26:10 AM,222.2,0,0.0,293972096.95
2025-08-01 09:26:11 AM,222.2,339,75325.8,294047422.75
2025-08-01 09:26:11 AM,222.05,52,11546.6,294058969.35
2025-08-01 09:26:12 AM,222.17,1278,283933.26,294342902.61
2025-08-01 09:26:12 AM,222.21,112,24887.52,294367790.13
2025-08-01 09:26:12 AM,222.05,0,0.0,294367790.13
2025-08-01 09:26:12 AM,222.26,0,0.0,294367790.13
2025-08-01 09:26:13 AM,222.26,360,80013.59999999999,294447803.73
2025-08-01 09:26:13 AM,222.0,0,0.0,294447803.73
2025-08-01 09:26:14 AM,222.24,4831,1073641.44,295521445.17
2025-08-01 09:26:14 AM,222.0,0,0.0,295521445.17
2025-08-01 09:26:14 AM,222.36,0,0.0,295521445.17
2025-08-01 09:26:15 AM,222.36,7020,1560967.2000000002,297082412.37
2025-08-01 09:26:15 AM,222.45,100,22245.0,297104657.37
2025-08-01 09:26:15 AM,222.5,0,0.0,297104657.37
2025-08-01 09:26:16 AM,222.5,575,127937.5,297232594.87
2025-08-01 09:26:16 AM,222.8,4327,964055.6000000001,298196650.47
2025-08-01 09:26:17 AM,222.65,5,1113.25,298197763.72
2025-08-01 09:26:17 AM,222.8,1739,387449.2,298585212.92
2025-08-01 09:26:17 AM,222.9,0,0.0,298585212.92
2025-08-01 09:26:18 AM,222.95,645,143802.75,298729015.67
2025-08-01 09:26:18 AM,222.95,155,34557.25,298763572.92
2025-08-01 09:26:18 AM,222.76,0,0.0,298763572.92
2025-08-01 09:26:19 AM,222.99,31509,7026191.91,305789764.83000004
2025-08-01 09:26:19 AM,223.29,272,60734.88,305850499.71000004
2025-08-01 09:26:20 AM,223.12,10,2231.2,305852730.91
2025-08-01 09:26:20 AM,223.29,0,0.0,305852730.91
2025-08-01 09:26:21 AM,223.23,708,158046.84,306010777.75
2025-08-01 09:26:21 AM,223.24,4,892.96,306011670.71
2025-08-01 09:26:21 AM,223.4,0,0.0,306011670.71
2025-08-01 09:26:21 AM,223.27,0,0.0,306011670.71
2025-08-01 09:26:22 AM,223.27,80,17861.600000000002,306029532.31
2025-08-01 09:26:22 AM,223.37,5175,1155939.75,307185472.06
2025-08-01 09:26:22 AM,223.36,0,0.0,307185472.06
2025-08-01 09:26:23 AM,223.42,29,6479.179999999999,307191951.24
2025-08-01 09:26:23 AM,223.45,155,34634.75,307226585.99
2025-08-01 09:26:23 AM,223.44,0,0.0,307226585.99
2025-08-01 09:26:24 AM,223.44,100,22344.0,307248929.99
2025-08-01 09:26:24 AM,223.45,400,89380.0,307338309.99
2025-08-01 09:26:25 AM,223.39,281,62772.59,307401082.58
2025-08-01 09:26:25 AM,223.42,0,0.0,307401082.58
2025-08-01 09:26:25 AM,223.5,0,0.0,307401082.58
2025-08-01 09:26:26 AM,223.26,3040,678710.4,308079792.97999996
2025-08-01 09:26:26 AM,223.49,10,2234.9,308082027.87999994
2025-08-01 09:26:26 AM,223.29,0,0.0,308082027.87999994
2025-08-01 09:26:27 AM,223.5,1180,263730.0,308345757.87999994
2025-08-01 09:26:27 AM,223.5,2305,515167.5,308860925.37999994
2025-08-01 09:26:28 AM,223.5,400,89400.0,308950325.37999994
2025-08-01 09:26:28 AM,223.42,175,39098.5,308989423.87999994
2025-08-01 09:26:28 AM,223.34,0,0.0,308989423.87999994
2025-08-01 09:26:29 AM,223.34,1301,290565.34,309279989.2199999
2025-08-01 09:26:29 AM,223.5,0,0.0,309279989.2199999
2025-08-01 09:26:30 AM,223.5,813,181705.5,309461694.7199999
2025-08-01 09:26:30 AM,223.56,1223,273413.88,309735108.5999999
2025-08-01 09:26:30 AM,223.56,260,58125.6,309793234.1999999
2025-08-01 09:26:30 AM,223.42,0,0.0,309793234.1999999
2025-08-01 09:26:31 AM,223.6,248,55452.799999999996,309848686.99999994
2025-08-01 09:26:31 AM,223.6,100,22360.0,309871046.99999994
2025-08-01 09:26:31 AM,223.43,0,0.0,309871046.99999994
2025-08-01 09:26:32 AM,223.6,545,121862.0,309992908.99999994
2025-08-01 09:26:32 AM,223.6,100,22360.0,310015268.99999994
2025-08-01 09:26:33 AM,223.42,5,1117.1,310016386.09999996
2025-08-01 09:26:33 AM,223.6,0,0.0,310016386.09999996
2025-08-01 09:26:34 AM,223.9,5428,1215329.2,311231715.29999995
2025-08-01 09:26:34 AM,223.67,1001,223893.66999999998,311455608.96999997
2025-08-01 09:26:34 AM,223.68,0,0.0,311455608.96999997
2025-08-01 09:26:35 AM,223.93,556,124505.08,311580114.04999995
2025-08-01 09:26:35 AM,223.71,2400,536904.0,312117018.04999995
2025-08-01 09:26:36 AM,223.71,75,16778.25,312133796.29999995
2025-08-01 09:26:36 AM,223.72,610,136469.2,312270265.49999994
2025-08-01 09:26:37 AM,223.95,831,186102.44999999998,312456367.9499999
2025-08-01 09:26:37 AM,223.77,1125,251741.25,312708109.1999999
2025-08-01 09:26:38 AM,223.7,650,145405.0,312853514.1999999
2025-08-01 09:26:38 AM,223.86,0,0.0,312853514.1999999
2025-08-01 09:26:39 AM,223.7,77,17224.899999999998,312870739.0999999
2025-08-01 09:26:39 AM,223.89,2002,448227.77999999997,313318966.8799999
2025-08-01 09:26:40 AM,223.77,1,223.77,313319190.64999986
2025-08-01 09:26:40 AM,223.72,1131,253027.32,313572217.96999985
2025-08-01 09:26:40 AM,223.95,0,0.0,313572217.96999985
2025-08-01 09:26:41 AM,223.66,2301,514641.66,314086859.6299999
2025-08-01 09:26:41 AM,223.66,1091,244013.06,314330872.6899999
2025-08-01 09:26:41 AM,223.89,0,0.0,314330872.6899999
2025-08-01 09:26:42 AM,223.68,793,177378.24000000002,314508250.9299999
2025-08-01 09:26:42 AM,223.91,40,8956.4,314517207.32999986
2025-08-01 09:26:42 AM,223.9,0,0.0,314517207.32999986
2025-08-01 09:26:42 AM,223.74,0,0.0,314517207.32999986
2025-08-01 09:26:43 AM,223.76,1474,329822.24,314847029.5699999
2025-08-01 09:26:43 AM,223.73,206,46088.38,314893117.94999987
2025-08-01 09:26:43 AM,223.72,0,0.0,314893117.94999987
2025-08-01 09:26:44 AM,223.86,640,143270.40000000002,315036388.34999985
2025-08-01 09:26:44 AM,223.97,463,103698.11,315140086.45999986
2025-08-01 09:26:44 AM,223.96,0,0.0,315140086.45999986
2025-08-01 09:26:45 AM,223.9,265,59333.5,315199419.95999986
2025-08-01 09:26:45 AM,223.89,204,45673.56,315245093.51999986
2025-08-01 09:26:46 AM,223.77,2965,663478.05,315908571.5699999
2025-08-01 09:26:46 AM,223.77,6,1342.6200000000001,315909914.1899999
2025-08-01 09:26:47 AM,223.95,1100,246345.0,316156259.1899999
2025-08-01 09:26:47 AM,223.7,1251,279848.7,316436107.88999987
2025-08-01 09:26:47 AM,223.85,0,0.0,316436107.88999987
2025-08-01 09:26:47 AM,223.66,0,0.0,316436107.88999987
2025-08-01 09:26:48 AM,223.66,205,45850.3,316481958.1899999
2025-08-01 09:26:48 AM,223.89,480,107467.2,316589425.38999987
2025-08-01 09:26:48 AM,223.67,0,0.0,316589425.38999987
2025-08-01 09:26:49 AM,223.67,247,55246.49,316644671.8799999
2025-08-01 09:26:49 AM,223.66,0,0.0,316644671.8799999
2025-08-01 09:26:50 AM,223.67,19,4249.73,316648921.6099999
2025-08-01 09:26:50 AM,223.79,0,0.0,316648921.6099999
2025-08-01 09:26:51 AM,223.83,856,191598.48,316840520.0899999
2025-08-01 09:26:51 AM,223.88,550,123134.0,316963654.0899999
2025-08-01 09:26:51 AM,223.89,0,0.0,316963654.0899999
2025-08-01 09:26:52 AM,223.89,50,11194.5,316974848.5899999
2025-08-01 09:26:52 AM,223.78,2401,537295.78,317512144.3699999
2025-08-01 09:26:52 AM,223.66,0,0.0,317512144.3699999
2025-08-01 09:26:52 AM,223.79,0,0.0,317512144.3699999
2025-08-01 09:26:53 AM,224.0,30762,6890688.0,324402832.3699999
2025-08-01 09:26:53 AM,223.79,500,111895.0,324514727.3699999
2025-08-01 09:26:53 AM,224.0,0,0.0,324514727.3699999
2025-08-01 09:26:54 AM,224.0,7332,1642368.0,326157095.3699999
2025-08-01 09:26:55 AM,224.0,250,56000.0,326213095.3699999
2025-08-01 09:26:55 AM,223.9,516,115532.40000000001,326328627.76999986
2025-08-01 09:26:55 AM,224.1,0,0.0,326328627.76999986
2025-08-01 09:26:56 AM,223.95,2259,505903.05,326834530.8199999
2025-08-01 09:26:56 AM,223.94,50,11197.0,326845727.8199999
2025-08-01 09:26:56 AM,224.2,0,0.0,326845727.8199999
2025-08-01 09:26:57 AM,223.95,6263,1402598.8499999999,328248326.6699999
2025-08-01 09:26:57 AM,224.18,5,1120.9,328249447.5699999
2025-08-01 09:26:57 AM,224.0,0,0.0,328249447.5699999
2025-08-01 09:26:58 AM,224.0,84,18816.0,328268263.5699999
2025-08-01 09:26:58 AM,224.3,7000,1570100.0,329838363.5699999
2025-08-01 09:26:58 AM,224.1,0,0.0,329838363.5699999
2025-08-01 09:26:59 AM,224.33,2229,500031.57,330338395.13999987
2025-08-01 09:26:59 AM,224.33,20,4486.6,330342881.7399999
2025-08-01 09:26:59 AM,224.1,0,0.0,330342881.7399999
2025-08-01 09:26:59 AM,224.27,0,0.0,330342881.7399999
2025-08-01 09:27:00 AM,224.27,983,220457.41,330563339.1499999
2025-08-01 09:27:00 AM,224.21,0,0.0,330563339.1499999
2025-08-01 09:27:01 AM,224.27,3503,785617.81,331348956.9599999
2025-08-01 09:27:01 AM,224.4,0,0.0,331348956.9599999
2025-08-01 09:27:01 AM,224.27,0,0.0,331348956.9599999
2025-08-01 09:27:02 AM,224.27,364,81634.28,331430591.2399999
2025-08-01 09:27:02 AM,224.25,0,0.0,331430591.2399999
2025-08-01 09:27:02 AM,224.23,0,0.0,331430591.2399999
2025-08-01 09:27:03 AM,224.4,424,95145.6,331525736.8399999
2025-08-01 09:27:04 AM,224.22,400,89688.0,331615424.8399999
2025-08-01 09:27:04 AM,224.4,0,0.0,331615424.8399999
2025-08-01 09:27:05 AM,224.5,1949,437550.5,332052975.3399999
2025-08-01 09:27:05 AM,224.27,0,0.0,332052975.3399999
2025-08-01 09:27:05 AM,224.46,0,0.0,332052975.3399999
2025-08-01 09:27:06 AM,224.46,1450,325467.0,332378442.3399999
2025-08-01 09:27:07 AM,224.26,2001,448744.26,332827186.5999999
2025-08-01 09:27:07 AM,224.0,0,0.0,332827186.5999999
2025-08-01 09:27:07 AM,224.14,0,0.0,332827186.5999999
2025-08-01 09:27:08 AM,224.14,14076,3154994.6399999997,335982181.2399999
2025-08-01 09:27:09 AM,224.14,898,201277.72,336183458.9599999
2025-08-01 09:27:09 AM,224.5,0,0.0,336183458.9599999
2025-08-01 09:27:10 AM,224.39,12370,2775704.3,338959163.25999993
2025-08-01 09:27:10 AM,224.05,0,0.0,338959163.25999993
2025-08-01 09:27:10 AM,224.25,0,0.0,338959163.25999993
2025-08-01 09:27:11 AM,224.0,2173,486752.0,339445915.25999993
2025-08-01 09:27:11 AM,224.19,0,0.0,339445915.25999993
2025-08-01 09:27:12 AM,224.01,1240,277772.39999999997,339723687.6599999
2025-08-01 09:27:12 AM,223.9,0,0.0,339723687.6599999
2025-08-01 09:27:13 AM,224.02,15040,3369260.8000000003,343092948.4599999
2025-08-01 09:27:13 AM,223.5,0,0.0,343092948.4599999
2025-08-01 09:27:14 AM,223.62,5510,1232146.2,344325094.6599999
2025-08-01 09:27:14 AM,223.5,0,0.0,344325094.6599999
2025-08-01 09:27:15 AM,223.62,2730,610482.6,344935577.25999993
2025-08-01 09:27:15 AM,223.49,0,0.0,344935577.25999993
2025-08-01 09:27:15 AM,223.3,0,0.0,344935577.25999993
2025-08-01 09:27:16 AM,223.5,1782,398277.0,345333854.25999993
2025-08-01 09:27:16 AM,223.2,0,0.0,345333854.25999993
2025-08-01 09:27:17 AM,223.2,1163,259581.59999999998,345593435.85999995
2025-08-01 09:27:17 AM,223.14,0,0.0,345593435.85999995
2025-08-01 09:27:18 AM,223.16,627,139921.32,345733357.17999995
2025-08-01 09:27:18 AM,223.08,0,0.0,345733357.17999995
2025-08-01 09:27:18 AM,222.81,0,0.0,345733357.17999995
2025-08-01 09:27:19 AM,222.7,12794,2849223.8,348582580.97999996
2025-08-01 09:27:19 AM,222.89,0,0.0,348582580.97999996
2025-08-01 09:27:20 AM,222.95,2316,516352.19999999995,349098933.17999995
2025-08-01 09:27:20 AM,222.41,0,0.0,349098933.17999995
2025-08-01 09:27:21 AM,222.41,4648,1033761.6799999999,350132694.85999995
2025-08-01 09:27:21 AM,222.29,0,0.0,350132694.85999995
2025-08-01 09:27:22 AM,222.42,3157,702179.94,350834874.79999995
2025-08-01 09:27:22 AM,222.55,0,0.0,350834874.79999995
2025-08-01 09:27:23 AM,222.34,5958,1324701.72,352159576.52
2025-08-01 09:27:23 AM,222.43,0,0.0,352159576.52
2025-08-01 09:27:23 AM,222.87,0,0.0,352159576.52
2025-08-01 09:27:24 AM,222.52,21030,4679595.600000001,356839172.12
2025-08-01 09:27:24 AM,222.51,0,0.0,356839172.12
2025-08-01 09:27:24 AM,222.52,0,0.0,356839172.12
2025-08-01 09:27:25 AM,222.24,2124,472037.76,357311209.88
2025-08-01 09:27:25 AM,222.04,0,0.0,357311209.88
2025-08-01 09:27:26 AM,222.23,8540,1897844.2,359209054.08
2025-08-01 09:27:26 AM,222.26,0,0.0,359209054.08
2025-08-01 09:27:26 AM,222.35,0,0.0,359209054.08
2025-08-01 09:27:27 AM,222.29,21539,4787904.31,363996958.39
2025-08-01 09:27:27 AM,222.25,0,0.0,363996958.39
2025-08-01 09:27:28 AM,222.43,2985,663953.55,364660911.94
2025-08-01 09:27:28 AM,222.33,0,0.0,364660911.94
2025-08-01 09:27:29 AM,222.33,271,60251.43,364721163.37
2025-08-01 09:27:29 AM,222.3,0,0.0,364721163.37
2025-08-01 09:27:29 AM,222.33,0,0.0,364721163.37
2025-08-01 09:27:30 AM,222.33,4828,1073409.24,365794572.61
2025-08-01 09:27:30 AM,222.79,0,0.0,365794572.61
2025-08-01 09:27:30 AM,222.6,0,0.0,365794572.61
2025-08-01 09:27:31 AM,222.6,5266,1172211.5999999999,366966784.21000004
2025-08-01 09:27:31 AM,222.43,0,0.0,366966784.21000004
2025-08-01 09:27:31 AM,222.42,0,0.0,366966784.21000004
2025-08-01 09:27:32 AM,222.42,986,219306.12,367186090.33000004
2025-08-01 09:27:32 AM,222.24,0,0.0,367186090.33000004
2025-08-01 09:27:33 AM,222.24,4265,947853.6000000001,368133943.93000007
2025-08-01 09:27:33 AM,222.2,0,0.0,368133943.93000007
2025-08-01 09:27:34 AM,222.24,1412,313802.88,368447746.81000006
2025-08-01 09:27:34 AM,222.28,0,0.0,368447746.81000006
2025-08-01 09:27:35 AM,222.28,601,133590.28,368581337.09000003
2025-08-01 09:27:35 AM,222.09,0,0.0,368581337.09000003
2025-08-01 09:27:35 AM,222.24,0,0.0,368581337.09000003
2025-08-01 09:27:36 AM,222.24,188,41781.12,368623118.21000004
2025-08-01 09:27:36 AM,222.1,0,0.0,368623118.21000004
2025-08-01 09:27:37 AM,222.06,1526,338863.56,368961981.77000004
2025-08-01 09:27:37 AM,222.25,0,0.0,368961981.77000004
2025-08-01 09:27:38 AM,222.25,753,167354.25,369129336.02000004
2025-08-01 09:27:38 AM,222.28,0,0.0,369129336.02000004
2025-08-01 09:27:39 AM,222.2,857,190425.4,369319761.42
2025-08-01 09:27:39 AM,222.19,0,0.0,369319761.42
2025-08-01 09:27:39 AM,222.2,0,0.0,369319761.42
2025-08-01 09:27:40 AM,222.2,2308,512837.6,369832599.02000004
2025-08-01 09:27:40 AM,222.02,0,0.0,369832599.02000004
2025-08-01 09:27:41 AM,222.2,1354,300858.8,370133457.82000005
2025-08-01 09:27:41 AM,222.25,0,0.0,370133457.82000005
2025-08-01 09:27:42 AM,222.26,824,183142.24,370316600.06000006
2025-08-01 09:27:42 AM,222.19,0,0.0,370316600.06000006
2025-08-01 09:27:42 AM,222.1,0,0.0,370316600.06000006
2025-08-01 09:27:43 AM,222.0,181,40182.0,370356782.06000006
2025-08-01 09:27:43 AM,222.09,0,0.0,370356782.06000006
2025-08-01 09:27:44 AM,222.09,383,85060.47,370441842.5300001
2025-08-01 09:27:45 AM,222.09,730,162125.7,370603968.2300001
2025-08-01 09:27:45 AM,222.0,0,0.0,370603968.2300001
2025-08-01 09:27:46 AM,222.0,4000,888000.0,371491968.2300001
2025-08-01 09:27:46 AM,222.09,0,0.0,371491968.2300001
2025-08-01 09:27:46 AM,222.0,0,0.0,371491968.2300001
2025-08-01 09:27:47 AM,222.0,821,182262.0,371674230.2300001
2025-08-01 09:27:47 AM,222.14,0,0.0,371674230.2300001
2025-08-01 09:27:48 AM,222.14,423,93965.22,371768195.4500001
2025-08-01 09:27:48 AM,222.07,0,0.0,371768195.4500001
2025-08-01 09:27:49 AM,222.01,24571,5455007.71,377223203.1600001
2025-08-01 09:27:49 AM,222.07,4299,954678.9299999999,378177882.0900001
2025-08-01 09:27:49 AM,222.04,0,0.0,378177882.0900001
2025-08-01 09:27:49 AM,222.01,0,0.0,378177882.0900001
2025-08-01 09:27:50 AM,222.01,3655,811446.5499999999,378989328.6400001
2025-08-01 09:27:51 AM,222.01,372,82587.72,379071916.36000013
2025-08-01 09:27:51 AM,222.2,0,0.0,379071916.36000013
2025-08-01 09:27:52 AM,222.2,1244,276416.8,379348333.16000015
2025-08-01 09:27:52 AM,222.07,0,0.0,379348333.16000015
2025-08-01 09:27:53 AM,222.07,38,8438.66,379356771.8200002
2025-08-01 09:27:53 AM,222.2,0,0.0,379356771.8200002
2025-08-01 09:27:54 AM,222.2,916,203535.19999999998,379560307.02000016
2025-08-01 09:27:54 AM,222.05,0,0.0,379560307.02000016
2025-08-01 09:27:55 AM,222.05,35,7771.75,379568078.77000016
2025-08-01 09:27:55 AM,222.2,0,0.0,379568078.77000016
2025-08-01 09:27:56 AM,222.2,2038,452843.6,380020922.3700002
2025-08-01 09:27:57 AM,222.2,275,61105.0,380082027.3700002
2025-08-01 09:27:57 AM,222.06,0,0.0,380082027.3700002
2025-08-01 09:27:58 AM,222.06,100,22206.0,380104233.3700002
2025-08-01 09:27:59 AM,222.06,9,1998.54,380106231.9100002
2025-08-01 09:27:59 AM,222.19,0,0.0,380106231.9100002
2025-08-01 09:28:00 AM,222.19,623,138424.37,380244656.2800002
2025-08-01 09:28:00 AM,222.1,175,38867.5,380283523.7800002
2025-08-01 09:28:01 AM,222.1,183,40644.299999999996,380324168.0800002
2025-08-01 09:28:01 AM,222.19,465,103318.35,380427486.43000025
2025-08-01 09:28:02 AM,222.19,224,49770.56,380477256.99000025
2025-08-01 09:28:02 AM,222.04,0,0.0,380477256.99000025
2025-08-01 09:28:02 AM,222.18,0,0.0,380477256.99000025
2025-08-01 09:28:03 AM,222.17,1452,322590.83999999997,380799847.8300002
2025-08-01 09:28:03 AM,222.04,0,0.0,380799847.8300002
2025-08-01 09:28:03 AM,222.01,0,0.0,380799847.8300002
2025-08-01 09:28:04 AM,222.06,1243,276020.58,381075868.4100002
2025-08-01 09:28:04 AM,222.06,36,7994.16,381083862.57000023
2025-08-01 09:28:04 AM,222.17,0,0.0,381083862.57000023
2025-08-01 09:28:05 AM,222.04,175,38857.0,381122719.57000023
2025-08-01 09:28:05 AM,222.04,18,3996.72,381126716.29000026
2025-08-01 09:28:06 AM,222.17,7,1555.1899999999998,381128271.48000026
2025-08-01 09:28:06 AM,222.05,0,0.0,381128271.48000026
2025-08-01 09:28:06 AM,222.05,367,81492.35,381209763.8300003
2025-08-01 09:28:07 AM,222.15,50,11107.5,381220871.3300003
2025-08-01 09:28:07 AM,222.02,0,0.0,381220871.3300003
2025-08-01 09:28:08 AM,222.02,20,4440.400000000001,381225311.73000026
2025-08-01 09:28:08 AM,222.04,39,8659.56,381233971.29000026
2025-08-01 09:28:08 AM,222.11,0,0.0,381233971.29000026
2025-08-01 09:28:09 AM,222.11,90,19989.9,381253961.19000024
2025-08-01 09:28:09 AM,222.11,1,222.11,381254183.30000025
2025-08-01 09:28:09 AM,222.0,0,0.0,381254183.30000025
2025-08-01 09:28:10 AM,222.0,890,197580.0,381451763.30000025
2025-08-01 09:28:10 AM,222.1,0,0.0,381451763.30000025
2025-08-01 09:28:10 AM,222.13,0,0.0,381451763.30000025
2025-08-01 09:28:11 AM,222.19,1250,277737.5,381729500.80000025
2025-08-01 09:28:11 AM,222.1,0,0.0,381729500.80000025
2025-08-01 09:28:11 AM,222.24,0,0.0,381729500.80000025
2025-08-01 09:28:12 AM,222.12,3336,740992.3200000001,382470493.12000024
2025-08-01 09:28:12 AM,222.1,0,0.0,382470493.12000024
2025-08-01 09:28:13 AM,222.1,100,22210.0,382492703.12000024
2025-08-01 09:28:14 AM,222.27,110,24449.7,382517152.82000023
2025-08-01 09:28:14 AM,222.11,0,0.0,382517152.82000023
2025-08-01 09:28:15 AM,222.11,200,44422.0,382561574.82000023
2025-08-01 09:28:15 AM,222.1,915,203221.5,382764796.32000023
2025-08-01 09:28:16 AM,222.1,145,32204.5,382797000.82000023
2025-08-01 09:28:16 AM,222.1,8,1776.8,382798777.62000024
2025-08-01 09:28:16 AM,222.23,0,0.0,382798777.62000024
2025-08-01 09:28:17 AM,222.27,1621,360299.67000000004,383159077.29000026
2025-08-01 09:28:17 AM,222.26,0,0.0,383159077.29000026
2025-08-01 09:28:18 AM,222.26,401,89126.26,383248203.55000025
2025-08-01 09:28:18 AM,222.1,1348,299390.8,383547594.35000026
2025-08-01 09:28:18 AM,222.05,0,0.0,383547594.35000026
2025-08-01 09:28:18 AM,222.1,0,0.0,383547594.35000026
2025-08-01 09:28:19 AM,222.1,235,52193.5,383599787.85000026
2025-08-01 09:28:19 AM,222.2,43,9554.6,383609342.4500003
2025-08-01 09:28:19 AM,222.25,0,0.0,383609342.4500003
2025-08-01 09:28:20 AM,222.24,120,26668.800000000003,383636011.2500003
2025-08-01 09:28:20 AM,222.15,0,0.0,383636011.2500003
2025-08-01 09:28:20 AM,222.15,30,6664.5,383642675.7500003
2025-08-01 09:28:21 AM,222.39,1503,334252.17,383976927.9200003
2025-08-01 09:28:21 AM,222.15,0,0.0,383976927.9200003
2025-08-01 09:28:21 AM,222.15,1967,436969.05,384413896.9700003
2025-08-01 09:28:21 AM,222.34,0,0.0,384413896.9700003
2025-08-01 09:28:22 AM,222.16,286,63537.76,384477434.7300003
2025-08-01 09:28:22 AM,222.15,0,0.0,384477434.7300003
2025-08-01 09:28:22 AM,222.15,79,17549.850000000002,384494984.58000034
2025-08-01 09:28:22 AM,222.16,0,0.0,384494984.58000034
2025-08-01 09:28:23 AM,222.15,508,112852.2,384607836.7800003
2025-08-01 09:28:23 AM,222.15,51,11329.65,384619166.4300003
2025-08-01 09:28:24 AM,222.15,5,1110.75,384620277.1800003
2025-08-01 09:28:25 AM,222.15,1784,396315.60000000003,385016592.7800003
2025-08-01 09:28:25 AM,222.1,0,0.0,385016592.7800003
2025-08-01 09:28:26 AM,222.05,3385,751639.25,385768232.0300003
2025-08-01 09:28:26 AM,222.04,470,104358.8,385872590.83000034
2025-08-01 09:28:26 AM,222.01,0,0.0,385872590.83000034
2025-08-01 09:28:27 AM,222.01,14640,3250226.4,389122817.2300003
2025-08-01 09:28:28 AM,222.01,1687,374530.87,389497348.1000003
2025-08-01 09:28:28 AM,222.0,0,0.0,389497348.1000003
2025-08-01 09:28:29 AM,222.0,3239,719058.0,390216406.1000003
2025-08-01 09:28:29 AM,222.01,634,140754.34,390357160.4400003
2025-08-01 09:28:29 AM,222.0,0,0.0,390357160.4400003
2025-08-01 09:28:30 AM,222.0,279,61938.0,390419098.4400003
2025-08-01 09:28:30 AM,222.0,128,28416.0,390447514.4400003
2025-08-01 09:28:31 AM,222.0,213,47286.0,390494800.4400003
2025-08-01 09:28:31 AM,222.0,115,25530.0,390520330.4400003
2025-08-01 09:28:32 AM,222.01,523,116111.23,390636441.6700003
2025-08-01 09:28:32 AM,222.0,767,170274.0,390806715.6700003
2025-08-01 09:28:33 AM,222.0,1057,234654.0,391041369.6700003
2025-08-01 09:28:33 AM,222.0,1929,428238.0,391469607.6700003
2025-08-01 09:28:34 AM,222.09,0,0.0,391469607.6700003
2025-08-01 09:28:34 AM,222.09,395,87725.55,391557333.2200003
2025-08-01 09:28:34 AM,222.0,0,0.0,391557333.2200003
2025-08-01 09:28:34 AM,222.0,1000,222000.0,391779333.2200003
2025-08-01 09:28:35 AM,222.0,100,22200.0,391801533.2200003
2025-08-01 09:28:35 AM,222.11,0,0.0,391801533.2200003
2025-08-01 09:28:36 AM,222.11,1318,292740.98000000004,392094274.20000035
2025-08-01 09:28:36 AM,222.08,16,3553.28,392097827.4800003
2025-08-01 09:28:37 AM,222.08,50,11104.0,392108931.4800003
2025-08-01 09:28:37 AM,222.08,5,1110.4,392110041.8800003
2025-08-01 09:28:37 AM,222.0,0,0.0,392110041.8800003
2025-08-01 09:28:38 AM,222.0,1001,222222.0,392332263.8800003
2025-08-01 09:28:38 AM,222.0,100,22200.0,392354463.8800003
2025-08-01 09:28:38 AM,222.05,0,0.0,392354463.8800003
2025-08-01 09:28:39 AM,222.05,11,2442.55,392356906.4300003
2025-08-01 09:28:39 AM,222.0,0,0.0,392356906.4300003
2025-08-01 09:28:40 AM,222.0,26,5772.0,392362678.4300003
2025-08-01 09:28:40 AM,222.0,3,666.0,392363344.4300003
2025-08-01 09:28:41 AM,222.0,187,41514.0,392404858.4300003
2025-08-01 09:28:41 AM,222.0,68,15096.0,392419954.4300003
2025-08-01 09:28:42 AM,222.0,7,1554.0,392421508.4300003
2025-08-01 09:28:42 AM,222.08,101,22430.08,392443938.5100003
2025-08-01 09:28:43 AM,222.1,51,11327.1,392455265.6100003
2025-08-01 09:28:43 AM,222.01,0,0.0,392455265.6100003
2025-08-01 09:28:44 AM,222.01,95,21090.95,392476356.5600003
2025-08-01 09:28:44 AM,222.01,10,2220.1,392478576.6600003
2025-08-01 09:28:45 AM,222.01,51,11322.51,392489899.1700003
2025-08-01 09:28:45 AM,222.01,5,1110.05,392491009.2200003
2025-08-01 09:28:46 AM,222.01,25,5550.25,392496559.4700003
2025-08-01 09:28:46 AM,222.01,3,666.03,392497225.5000003
2025-08-01 09:28:47 AM,222.01,50,11100.5,392508326.0000003
2025-08-01 09:28:47 AM,222.01,5,1110.05,392509436.0500003
2025-08-01 09:28:48 AM,222.01,7,1554.07,392510990.1200003
2025-08-01 09:28:50 AM,222.09,0,0.0,392510990.1200003
2025-08-01 09:28:50 AM,222.09,100,22209.0,392533199.1200003
2025-08-01 09:28:52 AM,222.08,0,0.0,392533199.1200003
2025-08-01 09:28:52 AM,222.08,10,2220.8,392535419.9200003
2025-08-01 09:28:54 AM,222.06,0,0.0,392535419.9200003
2025-08-01 09:28:54 AM,222.06,1,222.06,392535641.9800003
2025-08-01 09:28:54 AM,222.2,0,0.0,392535641.9800003
2025-08-01 09:28:54 AM,222.2,6000,1333200.0,393868841.9800003
2025-08-01 09:28:55 AM,222.13,0,0.0,393868841.9800003
2025-08-01 09:28:56 AM,222.13,52,11550.76,393880392.7400003
2025-08-01 09:28:56 AM,222.13,6,1332.78,393881725.5200003
2025-08-01 09:28:57 AM,222.2,590,131098.0,394012823.5200003
2025-08-01 09:28:58 AM,222.13,59,13105.67,394025929.1900003
2025-08-01 09:28:58 AM,222.13,7,1554.9099999999999,394027484.1000003
2025-08-01 09:28:59 AM,222.14,31,6886.339999999999,394034370.4400003
2025-08-01 09:28:59 AM,222.13,211,46869.43,394081239.8700003
2025-08-01 09:29:00 AM,222.01,0,0.0,394081239.8700003
2025-08-01 09:29:00 AM,222.0,952,211344.0,394292583.8700003
2025-08-01 09:29:01 AM,222.01,0,0.0,394292583.8700003
2025-08-01 09:29:01 AM,222.0,1556,345432.0,394638015.8700003
2025-08-01 09:29:01 AM,222.0,27753,6161166.0,400799181.8700003
2025-08-01 09:29:02 AM,222.01,8375,1859333.75,402658515.6200003
2025-08-01 09:29:02 AM,222.0,0,0.0,402658515.6200003
2025-08-01 09:29:03 AM,222.0,4151,921522.0,403580037.6200003
2025-08-01 09:29:03 AM,222.0,581,128982.0,403709019.6200003
2025-08-01 09:29:03 AM,221.88,0,0.0,403709019.6200003
2025-08-01 09:29:04 AM,221.93,16460,3652967.8000000003,407361987.4200003
2025-08-01 09:29:04 AM,221.9,500,110950.0,407472937.4200003
2025-08-01 09:29:04 AM,221.68,0,0.0,407472937.4200003
2025-08-01 09:29:05 AM,221.68,1226,271779.68,407744717.1000003
2025-08-01 09:29:05 AM,221.68,35,7758.8,407752475.90000033
2025-08-01 09:29:06 AM,221.62,0,0.0,407752475.90000033
2025-08-01 09:29:06 AM,221.55,2162,478991.10000000003,408231467.00000036
2025-08-01 09:29:06 AM,221.59,1287,285186.33,408516653.33000034
2025-08-01 09:29:07 AM,221.46,722,159894.12,408676547.45000035
2025-08-01 09:29:07 AM,221.16,7000,1548120.0,410224667.45000035
2025-08-01 09:29:07 AM,221.15,0,0.0,410224667.45000035
2025-08-01 09:29:08 AM,221.18,7433,1644030.94,411868698.39000034
2025-08-01 09:29:08 AM,221.18,743,164336.74,412033035.13000035
2025-08-01 09:29:09 AM,221.15,3070,678930.5,412711965.63000035
2025-08-01 09:29:09 AM,221.15,341,75412.15000000001,412787377.7800003
2025-08-01 09:29:10 AM,221.15,1890,417973.5,413205351.2800003
2025-08-01 09:29:11 AM,221.15,221,48874.15,413254225.4300003
2025-08-01 09:29:12 AM,221.29,1018,225273.22,413479498.65000033
2025-08-01 09:29:12 AM,221.3,0,0.0,413479498.65000033
2025-08-01 09:29:13 AM,221.3,4139,915960.7000000001,414395459.3500003
2025-08-01 09:29:13 AM,221.28,0,0.0,414395459.3500003
2025-08-01 09:29:14 AM,221.28,67,14825.76,414410285.1100003
2025-08-01 09:29:15 AM,221.3,0,0.0,414410285.1100003
2025-08-01 09:29:15 AM,221.3,303,67053.90000000001,414477339.0100003
2025-08-01 09:29:15 AM,221.29,343,75902.47,414553241.4800003
2025-08-01 09:29:15 AM,221.2,0,0.0,414553241.4800003
2025-08-01 09:29:16 AM,221.2,346,76535.2,414629776.6800003
2025-08-01 09:29:16 AM,221.2,35,7742.0,414637518.6800003
2025-08-01 09:29:17 AM,221.2,33,7299.599999999999,414644818.2800003
2025-08-01 09:29:17 AM,221.17,0,0.0,414644818.2800003
2025-08-01 09:29:18 AM,221.17,1100,243287.0,414888105.2800003
2025-08-01 09:29:18 AM,221.17,500,110585.0,414998690.2800003
2025-08-01 09:29:19 AM,221.17,9,1990.53,415000680.8100003
2025-08-01 09:29:20 AM,221.15,3321,734439.15,415735119.9600003
2025-08-01 09:29:20 AM,221.15,332,73421.8,415808541.7600003
2025-08-01 09:29:21 AM,221.15,5383,1190450.45,416998992.2100003
2025-08-01 09:29:21 AM,221.15,538,118978.7,417117970.91000026
2025-08-01 09:29:22 AM,221.17,550,121643.5,417239614.41000026
2025-08-01 09:29:23 AM,221.15,250,55287.5,417294901.91000026
2025-08-01 09:29:24 AM,221.15,24,5307.6,417300209.5100003
2025-08-01 09:29:24 AM,221.2,0,0.0,417300209.5100003
2025-08-01 09:29:24 AM,221.2,2003,443063.6,417743273.1100003
2025-08-01 09:29:25 AM,221.23,0,0.0,417743273.1100003
2025-08-01 09:29:26 AM,221.29,0,0.0,417743273.1100003
2025-08-01 09:29:26 AM,221.29,3065,678253.85,418421526.96000034
2025-08-01 09:29:27 AM,221.15,501,110796.15000000001,418532323.1100003
2025-08-01 09:29:27 AM,221.17,110,24328.699999999997,418556651.8100003
2025-08-01 09:29:27 AM,221.29,0,0.0,418556651.8100003
2025-08-01 09:29:28 AM,221.29,111,24563.19,418581215.0000003
2025-08-01 09:29:29 AM,221.16,300,66348.0,418647563.0000003
2025-08-01 09:29:29 AM,221.16,36,7961.76,418655524.7600003
2025-08-01 09:29:30 AM,221.16,3,663.48,418656188.2400003
2025-08-01 09:29:30 AM,221.15,855,189083.25,418845271.4900003
2025-08-01 09:29:31 AM,221.16,393,86915.88,418932187.3700003
2025-08-01 09:29:31 AM,221.16,68,15038.88,418947226.2500003
2025-08-01 09:29:31 AM,221.23,0,0.0,418947226.2500003
2025-08-01 09:29:32 AM,221.15,625,138218.75,419085445.0000003
2025-08-01 09:29:32 AM,221.15,64,14153.6,419099598.6000003
2025-08-01 09:29:33 AM,221.15,34,7519.1,419107117.70000035
2025-08-01 09:29:33 AM,221.16,9,1990.44,419109108.14000034
2025-08-01 09:29:33 AM,221.2,0,0.0,419109108.14000034
2025-08-01 09:29:34 AM,221.2,1100,243320.0,419352428.14000034
2025-08-01 09:29:34 AM,221.2,20,4424.0,419356852.14000034
2025-08-01 09:29:34 AM,221.15,0,0.0,419356852.14000034
2025-08-01 09:29:35 AM,221.15,300,66345.0,419423197.14000034
2025-08-01 09:29:35 AM,221.15,30,6634.5,419429831.64000034
2025-08-01 09:29:35 AM,221.2,0,0.0,419429831.64000034
2025-08-01 09:29:36 AM,221.15,0,0.0,419429831.64000034
2025-08-01 09:29:36 AM,221.2,767,169660.4,419599492.0400003
2025-08-01 09:29:38 AM,221.15,160,35384.0,419634876.0400003
2025-08-01 09:29:38 AM,221.17,41,9067.97,419643944.01000035
2025-08-01 09:29:39 AM,221.28,1000,221280.0,419865224.01000035
2025-08-01 09:29:40 AM,221.28,70,15489.6,419880713.6100004
2025-08-01 09:29:41 AM,221.15,0,0.0,419880713.6100004
2025-08-01 09:29:41 AM,221.15,3205,708785.75,420589499.3600004
2025-08-01 09:29:42 AM,221.15,320,70768.0,420660267.3600004
2025-08-01 09:29:42 AM,221.2,0,0.0,420660267.3600004
2025-08-01 09:29:43 AM,221.27,42,9293.34,420669560.70000035
2025-08-01 09:29:43 AM,221.28,264,58417.92,420727978.62000036
2025-08-01 09:29:44 AM,221.15,0,0.0,420727978.62000036
2025-08-01 09:29:45 AM,221.15,5300,1172095.0,421900073.62000036
2025-08-01 09:29:45 AM,221.15,631,139545.65,422039619.27000034
2025-08-01 09:29:46 AM,221.15,67,14817.050000000001,422054436.32000035
2025-08-01 09:29:46 AM,221.15,7,1548.05,422055984.37000036
2025-08-01 09:29:48 AM,221.15,626,138439.9,422194424.27000034
2025-08-01 09:29:48 AM,221.15,63,13932.45,422208356.7200003
2025-08-01 09:29:48 AM,221.2,0,0.0,422208356.7200003
2025-08-01 09:29:49 AM,221.2,6,1327.1999999999998,422209683.9200003
2025-08-01 09:29:49 AM,221.2,1,221.2,422209905.1200003
2025-08-01 09:29:49 AM,221.15,0,0.0,422209905.1200003
2025-08-01 09:29:50 AM,221.15,2500,552875.0,422762780.1200003
2025-08-01 09:29:50 AM,221.15,1305,288600.75,423051380.8700003
2025-08-01 09:29:51 AM,221.24,201,44469.240000000005,423095850.1100003
2025-08-01 09:29:51 AM,221.15,0,0.0,423095850.1100003
2025-08-01 09:29:52 AM,221.15,398,88017.7,423183867.8100003
2025-08-01 09:29:52 AM,221.5,15993,3542449.5,426726317.3100003
2025-08-01 09:29:52 AM,221.41,0,0.0,426726317.3100003
2025-08-01 09:29:53 AM,221.56,2806,621697.36,427348014.6700003
2025-08-01 09:29:53 AM,221.26,140,30976.399999999998,427378991.0700003
2025-08-01 09:29:54 AM,221.26,4,885.04,427379876.1100003
2025-08-01 09:29:55 AM,221.26,10,2212.6,427382088.71000034
2025-08-01 09:29:55 AM,221.27,0,0.0,427382088.71000034
2025-08-01 09:29:56 AM,221.46,9,1993.14,427384081.8500003
2025-08-01 09:29:56 AM,221.29,0,0.0,427384081.8500003
2025-08-01 09:29:56 AM,221.29,1,221.29,427384303.14000034
2025-08-01 09:29:57 AM,221.29,6,1327.74,427385630.88000035
2025-08-01 09:29:58 AM,221.29,87,19252.23,427404883.1100004
2025-08-01 09:29:58 AM,221.29,89,19694.809999999998,427424577.9200004
2025-08-01 09:29:59 AM,221.28,4,885.12,427425463.0400004
2025-08-01 09:30:00 AM,221.41,255,56459.549999999996,427481922.5900004
2025-08-01 09:30:01 AM,221.41,25,5535.25,427487457.8400004
2025-08-01 09:30:01 AM,221.51,39,8638.89,427496096.7300004
2025-08-01 09:30:02 AM,221.5,0,0.0,427496096.7300004
2025-08-01 09:30:02 AM,221.5,111,24586.5,427520683.2300004
2025-08-01 09:30:03 AM,221.44,5002,1107642.88,428628326.1100004
2025-08-01 09:30:04 AM,221.37,0,0.0,428628326.1100004
2025-08-01 09:30:04 AM,221.37,1454,321871.98,428950198.0900004
2025-08-01 09:30:06 AM,221.32,0,0.0,428950198.0900004
2025-08-01 09:30:07 AM,221.36,0,0.0,428950198.0900004
2025-08-01 09:30:07 AM,221.36,175,38738.0,428988936.0900004
2025-08-01 09:30:07 AM,221.36,60,13281.6,429002217.6900004
2025-08-01 09:30:07 AM,221.32,0,0.0,429002217.6900004
2025-08-01 09:30:08 AM,221.32,361,79896.52,429082114.2100004
2025-08-01 09:30:08 AM,221.39,537,118886.43,429201000.6400004
2025-08-01 09:30:08 AM,221.25,0,0.0,429201000.6400004
2025-08-01 09:30:09 AM,221.2,1666,368519.19999999995,429569519.8400004
2025-08-01 09:30:09 AM,221.26,1088,240730.88,429810250.7200004
2025-08-01 09:30:09 AM,221.15,0,0.0,429810250.7200004
2025-08-01 09:30:10 AM,221.2,1823,403247.6,430213498.3200004
2025-08-01 09:30:10 AM,221.15,950,210092.5,430423590.8200004
2025-08-01 09:30:11 AM,221.15,94,20788.100000000002,430444378.92000043
2025-08-01 09:30:11 AM,221.15,867,191737.05000000002,430636115.97000045
2025-08-01 09:30:12 AM,221.15,87,19240.05,430655356.02000046
2025-08-01 09:30:12 AM,221.15,228,50422.200000000004,430705778.22000045
2025-08-01 09:30:13 AM,221.15,86,19018.9,430724797.1200004
2025-08-01 09:30:13 AM,221.15,242,53518.3,430778315.42000043
2025-08-01 09:30:14 AM,221.15,1154,255207.1,431033522.52000046
2025-08-01 09:30:14 AM,221.15,115,25432.25,431058954.77000046
2025-08-01 09:30:15 AM,221.18,199,44014.82,431102969.59000045
2025-08-01 09:30:15 AM,221.15,0,0.0,431102969.59000045
2025-08-01 09:30:16 AM,221.2,1305,288666.0,431391635.59000045
2025-08-01 09:30:16 AM,221.15,950,210092.5,431601728.09000045
2025-08-01 09:30:17 AM,221.19,170,37602.3,431639330.39000046
2025-08-01 09:30:17 AM,221.15,0,0.0,431639330.39000046
2025-08-01 09:30:17 AM,221.15,1,221.15,431639551.54000044
2025-08-01 09:30:18 AM,221.16,0,0.0,431639551.54000044
2025-08-01 09:30:19 AM,221.16,23,5086.68,431644638.22000045
2025-08-01 09:30:19 AM,221.15,0,0.0,431644638.22000045
2025-08-01 09:30:20 AM,221.15,350,77402.5,431722040.72000045
2025-08-01 09:30:20 AM,221.15,35,7740.25,431729780.97000045
2025-08-01 09:30:20 AM,221.19,0,0.0,431729780.97000045
2025-08-01 09:30:21 AM,221.15,253,55950.950000000004,431785731.92000043
2025-08-01 09:30:21 AM,221.15,26,5749.900000000001,431791481.8200004
2025-08-01 09:30:22 AM,221.15,1024,226457.6,432017939.42000043
2025-08-01 09:30:22 AM,221.18,112,24772.16,432042711.58000046
2025-08-01 09:30:23 AM,221.18,15,3317.7000000000003,432046029.28000045
2025-08-01 09:30:25 AM,221.15,3455,764073.25,432810102.53000045
2025-08-01 09:30:25 AM,221.15,346,76517.90000000001,432886620.4300004
2025-08-01 09:30:26 AM,221.18,94,20790.920000000002,432907411.35000044
2025-08-01 09:30:27 AM,221.15,1044,230880.6,433138291.95000046
2025-08-01 09:30:28 AM,221.15,1104,244149.6,433382441.5500005
2025-08-01 09:30:28 AM,221.15,113,24989.95,433407431.5000005
2025-08-01 09:30:29 AM,221.15,10,2211.5,433409643.0000005
2025-08-01 09:30:29 AM,221.18,0,0.0,433409643.0000005
2025-08-01 09:30:30 AM,221.18,117,25878.06,433435521.0600005
2025-08-01 09:30:30 AM,221.2,0,0.0,433435521.0600005
2025-08-01 09:30:31 AM,221.18,5444,1204103.92,434639624.9800005
2025-08-01 09:30:31 AM,221.18,104,23002.72,434662627.7000005
2025-08-01 09:30:31 AM,221.2,0,0.0,434662627.7000005
2025-08-01 09:30:32 AM,221.2,1000,221200.0,434883827.7000005
2025-08-01 09:30:32 AM,221.16,75,16587.0,434900414.7000005
2025-08-01 09:30:33 AM,221.16,8,1769.28,434902183.9800005
2025-08-01 09:30:33 AM,221.2,100,22120.0,434924303.9800005
2025-08-01 09:30:34 AM,221.16,0,0.0,434924303.9800005
2025-08-01 09:30:35 AM,221.16,35,7740.599999999999,434932044.5800005
2025-08-01 09:30:35 AM,221.16,7,1548.12,434933592.7000005
2025-08-01 09:30:36 AM,221.16,1,221.16,434933813.86000055
2025-08-01 09:30:36 AM,221.2,0,0.0,434933813.86000055
2025-08-01 09:30:36 AM,221.2,12,2654.3999999999996,434936468.2600005
2025-08-01 09:30:37 AM,221.16,99,21894.84,434958363.1000005
2025-08-01 09:30:38 AM,221.16,10,2211.6,434960574.7000005
2025-08-01 09:30:38 AM,221.26,1449,320605.74,435281180.44000053
2025-08-01 09:30:39 AM,221.2,8,1769.6,435282950.04000056
2025-08-01 09:30:40 AM,221.2,1,221.2,435283171.24000055
2025-08-01 09:30:40 AM,221.2,100,22120.0,435305291.24000055
2025-08-01 09:30:41 AM,221.2,10,2212.0,435307503.24000055
2025-08-01 09:30:41 AM,221.2,261,57733.2,435365236.44000053
2025-08-01 09:30:42 AM,221.06,16826,3719555.56,439084792.00000054
2025-08-01 09:30:42 AM,221.25,0,0.0,439084792.00000054
2025-08-01 09:30:43 AM,221.25,1733,383426.25,439468218.25000054
2025-08-01 09:30:43 AM,221.16,0,0.0,439468218.25000054
2025-08-01 09:30:44 AM,221.23,205,45352.15,439513570.4000005
2025-08-01 09:30:44 AM,221.16,0,0.0,439513570.4000005
2025-08-01 09:30:45 AM,221.18,450,99531.0,439613101.4000005
2025-08-01 09:30:45 AM,221.16,1993,440771.88,440053873.2800005
2025-08-01 09:30:46 AM,221.16,275,60819.0,440114692.2800005
2025-08-01 09:30:46 AM,221.16,27,5971.32,440120663.6000005
2025-08-01 09:30:47 AM,221.15,980,216727.0,440337390.6000005
2025-08-01 09:30:48 AM,221.18,0,0.0,440337390.6000005
2025-08-01 09:30:48 AM,221.15,566,125170.90000000001,440462561.5000005
2025-08-01 09:30:48 AM,221.15,56,12384.4,440474945.90000045
2025-08-01 09:30:49 AM,221.15,5027,1111721.05,441586666.95000046
2025-08-01 09:30:49 AM,221.15,503,111238.45,441697905.40000045
2025-08-01 09:30:50 AM,221.15,670,148170.5,441846075.90000045
2025-08-01 09:30:50 AM,221.15,67,14817.050000000001,441860892.95000046
2025-08-01 09:30:51 AM,221.15,948,209650.2,442070543.15000045
2025-08-01 09:30:52 AM,221.15,94,20788.100000000002,442091331.2500005
2025-08-01 09:30:52 AM,221.17,0,0.0,442091331.2500005
2025-08-01 09:30:52 AM,221.17,11,2432.87,442093764.1200005
2025-08-01 09:30:53 AM,221.15,0,0.0,442093764.1200005
2025-08-01 09:30:53 AM,221.15,2000,442300.0,442536064.1200005
2025-08-01 09:30:53 AM,221.18,0,0.0,442536064.1200005
2025-08-01 09:30:54 AM,221.15,1531,338580.65,442874644.77000046
2025-08-01 09:30:54 AM,221.15,154,34057.1,442908701.8700005
2025-08-01 09:30:55 AM,221.15,2730,603739.5,443512441.3700005
2025-08-01 09:30:55 AM,221.15,273,60373.950000000004,443572815.32000047
2025-08-01 09:30:56 AM,221.15,27,5971.05,443578786.3700005
2025-08-01 09:30:56 AM,221.15,2,442.3,443579228.6700005
2025-08-01 09:30:57 AM,221.25,2223,491838.75,444071067.4200005
2025-08-01 09:30:57 AM,221.15,0,0.0,444071067.4200005
2025-08-01 09:30:58 AM,221.15,1501,331946.15,444403013.57000047
2025-08-01 09:30:58 AM,221.15,150,33172.5,444436186.07000047
2025-08-01 09:30:58 AM,221.2,0,0.0,444436186.07000047
2025-08-01 09:30:59 AM,221.15,260,57499.0,444493685.07000047
2025-08-01 09:30:59 AM,221.15,26,5749.900000000001,444499434.97000045
2025-08-01 09:31:00 AM,221.15,2179,481885.85000000003,444981320.82000047
2025-08-01 09:31:01 AM,221.15,221,48874.15,445030194.97000045
2025-08-01 09:31:01 AM,221.2,0,0.0,445030194.97000045
2025-08-01 09:31:02 AM,221.15,372,82267.8,445112462.77000046
2025-08-01 09:31:02 AM,221.15,237,52412.55,445164875.32000047
2025-08-01 09:31:03 AM,221.19,246,54412.74,445219288.0600005
2025-08-01 09:31:03 AM,221.15,0,0.0,445219288.0600005
2025-08-01 09:31:04 AM,221.17,187,41358.79,445260646.8500005
2025-08-01 09:31:05 AM,221.15,0,0.0,445260646.8500005
2025-08-01 09:31:06 AM,221.15,535,118315.25,445378962.1000005
2025-08-01 09:31:06 AM,221.16,0,0.0,445378962.1000005
2025-08-01 09:31:07 AM,221.16,53,11721.48,445390683.5800005
2025-08-01 09:31:07 AM,221.16,46,10173.36,445400856.94000053
2025-08-01 09:31:08 AM,221.16,72,15923.52,445416780.4600005
2025-08-01 09:31:09 AM,221.16,7,1548.12,445418328.5800005
2025-08-01 09:31:09 AM,221.27,0,0.0,445418328.5800005
2025-08-01 09:31:10 AM,221.27,1002,221712.54,445640041.12000054
2025-08-01 09:31:10 AM,221.25,0,0.0,445640041.12000054
2025-08-01 09:31:11 AM,221.25,154,34072.5,445674113.62000054
2025-08-01 09:31:11 AM,221.25,146,32302.5,445706416.12000054
2025-08-01 09:31:12 AM,221.2,1,221.2,445706637.3200005
2025-08-01 09:31:13 AM,221.2,18,3981.6,445710618.92000055
2025-08-01 09:31:14 AM,221.2,2,442.4,445711061.3200005
2025-08-01 09:31:15 AM,221.2,137,30304.399999999998,445741365.7200005
2025-08-01 09:31:16 AM,221.2,14,3096.7999999999997,445744462.5200005
2025-08-01 09:31:16 AM,221.2,30,6636.0,445751098.5200005
2025-08-01 09:31:17 AM,221.22,0,0.0,445751098.5200005
2025-08-01 09:31:18 AM,221.22,9,1990.98,445753089.50000054
2025-08-01 09:31:18 AM,221.2,0,0.0,445753089.50000054
2025-08-01 09:31:19 AM,221.2,804,177844.8,445930934.30000055
2025-08-01 09:31:20 AM,221.2,755,167006.0,446097940.30000055
2025-08-01 09:31:20 AM,221.2,148,32737.6,446130677.9000006
2025-08-01 09:31:20 AM,221.25,0,0.0,446130677.9000006
2025-08-01 09:31:21 AM,221.25,343,75888.75,446206566.6500006
2025-08-01 09:31:23 AM,221.2,0,0.0,446206566.6500006
2025-08-01 09:31:24 AM,221.2,120,26544.0,446233110.6500006
2025-08-01 09:31:24 AM,221.22,32,7079.04,446240189.6900006
2025-08-01 09:31:25 AM,221.2,17,3760.3999999999996,446243950.09000057
2025-08-01 09:31:25 AM,221.2,2,442.4,446244392.49000055
2025-08-01 09:31:26 AM,221.2,34,7520.799999999999,446251913.29000056
2025-08-01 09:31:27 AM,221.2,3,663.5999999999999,446252576.8900006
2025-08-01 09:31:28 AM,221.21,0,0.0,446252576.8900006
2025-08-01 09:31:28 AM,221.2,0,0.0,446252576.8900006
2025-08-01 09:31:29 AM,221.2,203,44903.6,446297480.4900006
2025-08-01 09:31:29 AM,221.2,29,6414.799999999999,446303895.2900006
2025-08-01 09:31:30 AM,221.16,0,0.0,446303895.2900006
2025-08-01 09:31:30 AM,221.14,8571,1895390.94,448199286.2300006
2025-08-01 09:31:30 AM,221.15,0,0.0,448199286.2300006
2025-08-01 09:31:30 AM,221.15,1198,264937.7,448464223.9300006
2025-08-01 09:31:31 AM,221.18,0,0.0,448464223.9300006
2025-08-01 09:31:31 AM,221.18,120,26541.600000000002,448490765.5300006
2025-08-01 09:31:31 AM,221.15,0,0.0,448490765.5300006
2025-08-01 09:31:32 AM,221.15,801,177141.15,448667906.6800006
2025-08-01 09:31:32 AM,221.18,0,0.0,448667906.6800006
2025-08-01 09:31:32 AM,221.18,95,21012.100000000002,448688918.7800006
2025-08-01 09:31:33 AM,221.15,0,0.0,448688918.7800006
2025-08-01 09:31:33 AM,221.15,100,22115.0,448711033.7800006
2025-08-01 09:31:34 AM,221.15,10,2211.5,448713245.2800006
2025-08-01 09:31:35 AM,221.07,0,0.0,448713245.2800006
2025-08-01 09:31:36 AM,221.0,7961,1759381.0,450472626.2800006
2025-08-01 09:31:36 AM,221.0,955,211055.0,450683681.2800006
2025-08-01 09:31:37 AM,221.0,3540,782340.0,451466021.2800006
2025-08-01 09:31:37 AM,221.0,1304,288184.0,451754205.2800006
2025-08-01 09:31:38 AM,221.01,286,63208.86,451817414.14000064
2025-08-01 09:31:38 AM,221.04,0,0.0,451817414.14000064
2025-08-01 09:31:38 AM,221.04,2666,589292.64,452406706.7800006
2025-08-01 09:31:39 AM,221.0,0,0.0,452406706.7800006
2025-08-01 09:31:39 AM,221.0,268,59228.0,452465934.7800006
2025-08-01 09:31:39 AM,221.0,1053,232713.0,452698647.7800006
2025-08-01 09:31:40 AM,221.0,7229,1597609.0,454296256.7800006
2025-08-01 09:31:41 AM,221.0,1455,321555.0,454617811.7800006
2025-08-01 09:31:41 AM,221.0,291,64311.0,454682122.7800006
2025-08-01 09:31:42 AM,221.0,899,198679.0,454880801.7800006
2025-08-01 09:31:43 AM,221.0,179,39559.0,454920360.7800006
2025-08-01 09:31:44 AM,221.0,303,66963.0,454987323.7800006
2025-08-01 09:31:44 AM,220.75,0,0.0,454987323.7800006
2025-08-01 09:31:44 AM,220.75,7324,1616773.0,456604096.7800006
2025-08-01 09:31:45 AM,220.75,733,161809.75,456765906.5300006
2025-08-01 09:31:45 AM,220.81,128,28263.68,456794170.21000063
2025-08-01 09:31:45 AM,220.79,0,0.0,456794170.21000063
2025-08-01 09:31:46 AM,220.79,277,61158.829999999994,456855329.0400006
2025-08-01 09:31:47 AM,220.79,85,18767.149999999998,456874096.1900006
2025-08-01 09:31:48 AM,220.75,0,0.0,456874096.1900006
2025-08-01 09:31:48 AM,220.8,550,121440.0,456995536.1900006
2025-08-01 09:31:48 AM,220.75,0,0.0,456995536.1900006
2025-08-01 09:31:49 AM,220.75,1180,260485.0,457256021.1900006
2025-08-01 09:31:50 AM,220.75,153,33774.75,457289795.9400006
2025-08-01 09:31:50 AM,220.75,15,3311.25,457293107.1900006
2025-08-01 09:31:51 AM,220.75,1072,236644.0,457529751.1900006
2025-08-01 09:31:51 AM,220.75,107,23620.25,457553371.4400006
2025-08-01 09:31:52 AM,220.78,210,46363.8,457599735.2400006
2025-08-01 09:31:53 AM,220.75,0,0.0,457599735.2400006
2025-08-01 09:31:53 AM,220.75,1756,387637.0,457987372.2400006
2025-08-01 09:31:53 AM,220.75,176,38852.0,458026224.2400006
2025-08-01 09:31:54 AM,220.75,68,15011.0,458041235.2400006
2025-08-01 09:31:55 AM,220.75,7,1545.25,458042780.4900006
2025-08-01 09:31:56 AM,220.75,490,108167.5,458150947.9900006
2025-08-01 09:31:57 AM,220.75,1203,265562.25,458416510.2400006
2025-08-01 09:31:57 AM,220.78,571,126065.38,458542575.6200006
2025-08-01 09:31:57 AM,220.75,0,0.0,458542575.6200006
2025-08-01 09:31:58 AM,220.75,9,1986.75,458544562.3700006
2025-08-01 09:31:58 AM,220.78,27,5961.06,458550523.4300006
2025-08-01 09:31:59 AM,220.71,104,22953.84,458573477.2700006
2025-08-01 09:31:59 AM,220.78,135,29805.3,458603282.5700006
2025-08-01 09:32:00 AM,220.78,15,3311.7,458606594.2700006
2025-08-01 09:32:00 AM,220.78,1,220.78,458606815.05000055
2025-08-01 09:32:04 AM,220.8,0,0.0,458606815.05000055
2025-08-01 09:32:07 AM,221.1,4097,905846.7,459512661.75000054
2025-08-01 09:32:07 AM,221.01,82,18122.82,459530784.5700005
2025-08-01 09:32:10 AM,220.9,0,0.0,459530784.5700005
2025-08-01 09:32:10 AM,220.91,0,0.0,459530784.5700005
2025-08-01 09:32:14 AM,220.9,5367,1185570.3,460716354.87000054
2025-08-01 09:32:14 AM,220.9,537,118623.3,460834978.17000055
2025-08-01 09:32:21 AM,220.91,494,109129.54,460944107.7100006
2025-08-01 09:32:28 AM,220.87,0,0.0,460944107.7100006
2025-08-01 09:32:28 AM,220.76,802,177049.52,461121157.23000056
2025-08-01 09:32:34 AM,220.89,0,0.0,461121157.23000056
2025-08-01 09:32:34 AM,220.81,0,0.0,461121157.23000056
2025-08-01 09:32:35 AM,220.81,8305,1833827.05,462954984.28000057
2025-08-01 09:32:35 AM,220.79,1331,293871.49,463248855.7700006
2025-08-01 09:32:40 AM,221.0,0,0.0,463248855.7700006
2025-08-01 09:32:42 AM,221.0,351,77571.0,463326426.7700006
2025-08-01 09:32:46 AM,220.87,0,0.0,463326426.7700006
2025-08-01 09:32:49 AM,220.8,4211,929788.8,464256215.5700006
2025-08-01 09:32:52 AM,220.79,0,0.0,464256215.5700006
2025-08-01 09:32:56 AM,220.75,1541,340175.75,464596391.3200006
2025-08-01 09:32:56 AM,220.75,154,33995.5,464630386.8200006
2025-08-01 09:32:58 AM,220.78,0,0.0,464630386.8200006
2025-08-01 09:33:03 AM,220.79,3355,740750.45,465371137.2700006
2025-08-01 09:33:04 AM,220.8,0,0.0,465371137.2700006
2025-08-01 09:33:10 AM,220.8,11743,2592854.4,467963991.67000055
2025-08-01 09:33:10 AM,220.89,1334,294667.26,468258658.93000054
2025-08-01 09:33:10 AM,220.99,0,0.0,468258658.93000054
2025-08-01 09:33:15 AM,220.75,0,0.0,468258658.93000054
2025-08-01 09:33:17 AM,220.89,1622,358283.57999999996,468616942.5100005
2025-08-01 09:33:20 AM,220.75,0,0.0,468616942.5100005
2025-08-01 09:33:20 AM,220.88,0,0.0,468616942.5100005
2025-08-01 09:33:23 AM,220.8,1207,266505.60000000003,468883448.11000055
2025-08-01 09:33:24 AM,220.8,121,26716.800000000003,468910164.91000056
2025-08-01 09:33:25 AM,220.79,0,0.0,468910164.91000056
2025-08-01 09:33:30 AM,220.78,0,0.0,468910164.91000056
2025-08-01 09:33:30 AM,220.78,1172,258754.16,469168919.0700006
2025-08-01 09:33:30 AM,220.78,133,29363.74,469198282.8100006
2025-08-01 09:33:37 AM,220.8,467,103113.6,469301396.4100006
2025-08-01 09:33:37 AM,220.8,47,10377.6,469311774.01000065
2025-08-01 09:33:44 AM,220.83,1600,353328.0,469665102.01000065
2025-08-01 09:33:44 AM,220.8,469,103555.20000000001,469768657.21000063
2025-08-01 09:33:50 AM,220.81,0,0.0,469768657.21000063
2025-08-01 09:33:51 AM,220.8,2198,485318.4,470253975.6100006
2025-08-01 09:33:52 AM,220.8,220,48576.0,470302551.6100006
2025-08-01 09:33:58 AM,220.77,21602,4769073.54,475071625.15000063
2025-08-01 09:33:59 AM,220.82,2168,478737.76,475550362.9100006
2025-08-01 09:34:00 AM,220.81,0,0.0,475550362.9100006
2025-08-01 09:34:05 AM,220.75,9425,2080568.75,477630931.6600006
2025-08-01 09:34:06 AM,220.75,943,208167.25,477839098.9100006
2025-08-01 09:34:12 AM,220.78,0,0.0,477839098.9100006
2025-08-01 09:34:12 AM,220.78,1252,276416.56,478115515.4700006
2025-08-01 09:34:15 AM,220.75,0,0.0,478115515.4700006
2025-08-01 09:34:19 AM,220.81,0,0.0,478115515.4700006
2025-08-01 09:34:19 AM,220.81,1262,278662.22000000003,478394177.69000065
2025-08-01 09:34:23 AM,220.8,0,0.0,478394177.69000065
2025-08-01 09:34:26 AM,220.8,307,67785.6,478461963.2900007
2025-08-01 09:34:28 AM,220.76,0,0.0,478461963.2900007
2025-08-01 09:34:33 AM,220.6,9624,2123054.4,480585017.69000065
2025-08-01 09:34:34 AM,220.46,2532,558204.72,481143222.4100007
2025-08-01 09:34:38 AM,220.44,0,0.0,481143222.4100007
2025-08-01 09:34:40 AM,220.11,4587,1009644.5700000001,482152866.9800007
2025-08-01 09:34:40 AM,220.27,1377,303311.79000000004,482456178.7700007
2025-08-01 09:34:43 AM,220.11,0,0.0,482456178.7700007
2025-08-01 09:34:45 AM,220.49,0,0.0,482456178.7700007
2025-08-01 09:34:47 AM,220.59,11188,2467960.92,484924139.6900007
2025-08-01 09:34:48 AM,220.44,0,0.0,484924139.6900007
2025-08-01 09:34:48 AM,220.44,1657,365269.08,485289408.7700007
2025-08-01 09:34:50 AM,220.61,0,0.0,485289408.7700007
2025-08-01 09:34:52 AM,220.6,0,0.0,485289408.7700007
2025-08-01 09:34:54 AM,220.46,2976,656088.9600000001,485945497.7300007
2025-08-01 09:34:56 AM,220.44,0,0.0,485945497.7300007
2025-08-01 09:34:59 AM,220.46,0,0.0,485945497.7300007
2025-08-01 09:35:01 AM,220.35,4433,976811.5499999999,486922309.2800007
2025-08-01 09:35:01 AM,220.35,40,8814.0,486931123.2800007
2025-08-01 09:35:04 AM,220.41,0,0.0,486931123.2800007
2025-08-01 09:35:05 AM,220.3,0,0.0,486931123.2800007
2025-08-01 09:35:08 AM,220.32,4779,1052909.28,487984032.56000066
2025-08-01 09:35:10 AM,220.15,0,0.0,487984032.56000066
2025-08-01 09:35:10 AM,220.21,0,0.0,487984032.56000066
2025-08-01 09:35:15 AM,220.34,0,0.0,487984032.56000066
2025-08-01 09:35:15 AM,220.34,3547,781545.98,488765578.5400007
2025-08-01 09:35:15 AM,220.34,285,62796.9,488828375.44000065
2025-08-01 09:35:20 AM,220.22,0,0.0,488828375.44000065
2025-08-01 09:35:22 AM,220.31,1333,293673.23,489122048.6700007
2025-08-01 09:35:25 AM,220.2,0,0.0,489122048.6700007
2025-08-01 09:35:29 AM,220.21,2198,484021.58,489606070.25000066
2025-08-01 09:35:29 AM,220.21,220,48446.200000000004,489654516.45000064
2025-08-01 09:35:30 AM,220.2,0,0.0,489654516.45000064
2025-08-01 09:35:30 AM,220.18,0,0.0,489654516.45000064
2025-08-01 09:35:34 AM,220.2,0,0.0,489654516.45000064
2025-08-01 09:35:34 AM,220.15,0,0.0,489654516.45000064
2025-08-01 09:35:36 AM,220.16,1880,413900.8,490068417.25000066
2025-08-01 09:35:36 AM,220.2,188,41397.6,490109814.8500007
2025-08-01 09:35:39 AM,220.16,0,0.0,490109814.8500007
2025-08-01 09:35:40 AM,220.14,0,0.0,490109814.8500007
2025-08-01 09:35:43 AM,220.21,9996,2201219.16,492311034.0100007
2025-08-01 09:35:43 AM,220.21,978,215365.38,492526399.3900007
2025-08-01 09:35:45 AM,220.28,0,0.0,492526399.3900007
2025-08-01 09:35:50 AM,220.29,0,0.0,492526399.3900007
2025-08-01 09:35:50 AM,220.28,918,202217.04,492728616.4300007
2025-08-01 09:35:50 AM,220.21,12,2642.52,492731258.9500007
2025-08-01 09:35:50 AM,220.16,0,0.0,492731258.9500007
2025-08-01 09:35:54 AM,220.15,0,0.0,492731258.9500007
2025-08-01 09:35:54 AM,220.16,0,0.0,492731258.9500007
2025-08-01 09:35:56 AM,220.16,1393,306682.88,493037941.8300007
2025-08-01 09:35:56 AM,220.16,142,31262.72,493069204.5500007
2025-08-01 09:36:03 AM,220.15,0,0.0,493069204.5500007
2025-08-01 09:36:03 AM,220.15,2001,440520.15,493509724.7000007
2025-08-01 09:36:03 AM,220.14,200,44028.0,493553752.7000007
2025-08-01 09:36:07 AM,220.15,0,0.0,493553752.7000007
2025-08-01 09:36:10 AM,220.11,1695,373086.45,493926839.1500007
2025-08-01 09:36:10 AM,220.14,5,1100.6999999999998,493927939.8500007
2025-08-01 09:36:11 AM,220.1,0,0.0,493927939.8500007
2025-08-01 09:36:16 AM,220.1,6180,1360218.0,495288157.8500007
2025-08-01 09:36:17 AM,220.1,225,49522.5,495337680.3500007
2025-08-01 09:36:23 AM,220.17,0,0.0,495337680.3500007
2025-08-01 09:36:23 AM,220.17,18596,4094281.32,499431961.6700007
2025-08-01 09:36:23 AM,220.17,1859,409296.02999999997,499841257.70000064
2025-08-01 09:36:27 AM,220.25,0,0.0,499841257.70000064
2025-08-01 09:36:27 AM,220.16,0,0.0,499841257.70000064
2025-08-01 09:36:29 AM,220.11,1481,325982.91000000003,500167240.61000067
2025-08-01 09:36:30 AM,220.17,211,46455.869999999995,500213696.4800007
2025-08-01 09:36:36 AM,220.17,1330,292826.1,500506522.5800007
2025-08-01 09:36:36 AM,220.1,1045,230004.5,500736527.0800007
2025-08-01 09:36:39 AM,220.17,0,0.0,500736527.0800007
2025-08-01 09:36:39 AM,220.1,0,0.0,500736527.0800007
2025-08-01 09:36:42 AM,220.1,1254,276005.39999999997,501012532.4800007
2025-08-01 09:36:42 AM,220.1,125,27512.5,501040044.9800007
2025-08-01 09:36:49 AM,220.1,2750,605275.0,501645319.9800007
2025-08-01 09:36:49 AM,220.1,1497,329489.7,501974809.68000066
2025-08-01 09:36:51 AM,220.13,0,0.0,501974809.68000066
2025-08-01 09:36:55 AM,220.11,0,0.0,501974809.68000066
2025-08-01 09:36:56 AM,220.11,930,204702.30000000002,502179511.9800007
2025-08-01 09:36:56 AM,220.1,95,20909.5,502200421.4800007
2025-08-01 09:37:02 AM,220.1,935,205793.5,502406214.9800007
2025-08-01 09:37:02 AM,220.1,134,29493.399999999998,502435708.38000065
2025-08-01 09:37:09 AM,220.1,6244,1374304.4,503810012.7800006
2025-08-01 09:37:10 AM,220.1,736,161993.6,503972006.38000065
2025-08-01 09:37:16 AM,220.11,14451,3180809.6100000003,507152815.99000067
2025-08-01 09:37:17 AM,220.1,0,0.0,507152815.99000067
2025-08-01 09:37:17 AM,220.1,1550,341155.0,507493970.99000067
2025-08-01 09:37:23 AM,220.11,5983,1316918.1300000001,508810889.12000066
2025-08-01 09:37:24 AM,220.1,871,191707.1,509002596.2200007
2025-08-01 09:37:24 AM,220.11,0,0.0,509002596.2200007
2025-08-01 09:37:28 AM,220.1,0,0.0,509002596.2200007
2025-08-01 09:37:30 AM,220.11,12745,2805301.95,511807898.1700007
2025-08-01 09:37:30 AM,220.11,2518,554236.98,512362135.1500007
