date,price,qty,trnvr,cum_trnvr
2025-08-01 09:15:00 AM,450.5,140,63070.0,63070.0
2025-08-01 09:15:01 AM,451.5,315,142222.5,205292.5
2025-08-01 09:15:09 AM,450.2,0,0.0,205292.5
2025-08-01 09:15:11 AM,450.2,772,347554.39999999997,552846.8999999999
2025-08-01 09:15:38 AM,452.0,0,0.0,552846.8999999999
2025-08-01 09:15:39 AM,452.0,10,4520.0,557366.8999999999
2025-08-01 09:15:40 AM,451.7,10,4517.0,561883.8999999999
2025-08-01 09:16:04 AM,449.85,455,204681.75,766565.6499999999
2025-08-01 09:16:21 AM,450.2,3,1350.6,767916.2499999999
2025-08-01 09:16:25 AM,451.1,0,0.0,767916.2499999999
2025-08-01 09:16:28 AM,451.55,56,25286.8,793203.0499999999
2025-08-01 09:16:38 AM,451.95,107,48358.65,841561.7
2025-08-01 09:16:56 AM,452.0,0,0.0,841561.7
2025-08-01 09:17:01 AM,453.15,127,57550.049999999996,899111.75
2025-08-01 09:17:05 AM,453.35,0,0.0,899111.75
2025-08-01 09:17:09 AM,452.65,30,13579.5,912691.25
2025-08-01 09:17:26 AM,453.8,92,41749.6,954440.85
2025-08-01 09:17:29 AM,453.75,0,0.0,954440.85
2025-08-01 09:17:34 AM,453.75,1,453.75,954894.6
2025-08-01 09:17:59 AM,453.85,9,4084.65,958979.25
2025-08-01 09:18:00 AM,453.25,1,453.25,959432.5
2025-08-01 09:18:11 AM,452.4,0,0.0,959432.5
2025-08-01 09:18:16 AM,452.4,800,361920.0,1321352.5
2025-08-01 09:18:29 AM,453.8,0,0.0,1321352.5
2025-08-01 09:18:32 AM,453.8,82,37211.6,1358564.1
2025-08-01 09:18:33 AM,453.4,2,906.8,1359470.9000000001
2025-08-01 09:18:49 AM,454.2,60,27252.0,1386722.9000000001
2025-08-01 09:18:53 AM,454.6,0,0.0,1386722.9000000001
2025-08-01 09:18:57 AM,454.6,50,22730.0,1409452.9000000001
2025-08-01 09:19:06 AM,454.05,22,9989.1,1419442.0000000002
2025-08-01 09:19:21 AM,454.05,1,454.05,1419896.0500000003
2025-08-01 09:19:29 AM,454.05,81,36778.05,1456674.1000000003
2025-08-01 09:19:37 AM,454.05,10,4540.5,1461214.6000000003
2025-08-01 09:19:45 AM,454.05,1,454.05,1461668.6500000004
2025-08-01 09:19:53 AM,454.05,27,12259.35,1473928.0000000005
2025-08-01 09:20:08 AM,454.1,0,0.0,1473928.0000000005
2025-08-01 09:20:09 AM,454.1,60,27246.0,1501174.0000000005
2025-08-01 09:20:22 AM,454.15,0,0.0,1501174.0000000005
2025-08-01 09:20:25 AM,454.15,1,454.15,1501628.1500000004
2025-08-01 09:20:29 AM,454.2,0,0.0,1501628.1500000004
2025-08-01 09:20:33 AM,454.55,2,909.1,1502537.2500000005
2025-08-01 09:20:48 AM,454.2,1,454.2,1502991.4500000004
2025-08-01 09:20:50 AM,455.1,0,0.0,1502991.4500000004
2025-08-01 09:20:56 AM,455.1,628,285802.8,1788794.2500000005
2025-08-01 09:21:01 AM,456.3,0,0.0,1788794.2500000005
2025-08-01 09:21:04 AM,456.3,149,67988.7,1856782.9500000004
2025-08-01 09:21:10 AM,456.45,0,0.0,1856782.9500000004
2025-08-01 09:21:12 AM,456.45,54,24648.3,1881431.2500000005
2025-08-01 09:21:15 AM,455.9,0,0.0,1881431.2500000005
2025-08-01 09:21:19 AM,456.25,155,70718.75,1952150.0000000005
2025-08-01 09:21:28 AM,455.45,1,455.45,1952605.4500000004
2025-08-01 09:21:44 AM,455.5,1,455.5,1953060.9500000004
2025-08-01 09:21:50 AM,455.0,254,115570.0,2068630.9500000004
2025-08-01 09:22:04 AM,454.4,0,0.0,2068630.9500000004
2025-08-01 09:22:05 AM,454.4,5,2272.0,2070902.9500000004
2025-08-01 09:22:36 AM,454.4,100,45440.0,2116342.95
2025-08-01 09:22:53 AM,454.5,1,454.5,2116797.45
2025-08-01 09:22:59 AM,454.5,22,9999.0,2126796.45
2025-08-01 09:23:03 AM,454.4,0,0.0,2126796.45
2025-08-01 09:23:06 AM,454.4,200,90880.0,2217676.45
2025-08-01 09:23:14 AM,454.4,16,7270.4,2224946.85
2025-08-01 09:23:30 AM,453.45,0,0.0,2224946.85
2025-08-01 09:23:31 AM,453.45,220,99759.0,2324705.85
2025-08-01 09:23:44 AM,453.45,5,2267.25,2326973.1
2025-08-01 09:24:22 AM,453.1,0,0.0,2326973.1
2025-08-01 09:24:23 AM,453.1,34,15405.400000000001,2342378.5
2025-08-01 09:24:35 AM,453.4,0,0.0,2342378.5
2025-08-01 09:24:38 AM,453.4,1,453.4,2342831.9
2025-08-01 09:24:40 AM,453.1,0,0.0,2342831.9
2025-08-01 09:24:45 AM,453.1,25,11327.5,2354159.4
2025-08-01 09:25:14 AM,453.15,0,0.0,2354159.4
2025-08-01 09:25:15 AM,453.15,110,49846.5,2404005.9
2025-08-01 09:25:20 AM,453.0,0,0.0,2404005.9
2025-08-01 09:25:23 AM,453.0,175,79275.0,2483280.9
2025-08-01 09:25:38 AM,453.6,22,9979.2,2493260.1
2025-08-01 09:25:45 AM,454.4,1,454.4,2493714.5
2025-08-01 09:25:49 AM,454.75,0,0.0,2493714.5
2025-08-01 09:25:53 AM,454.75,58,26375.5,2520090.0
2025-08-01 09:26:02 AM,454.85,41,18648.850000000002,2538738.85
2025-08-01 09:26:46 AM,454.85,1,454.85,2539193.7
2025-08-01 09:26:51 AM,454.45,0,0.0,2539193.7
2025-08-01 09:26:54 AM,454.45,50,22722.5,2561916.2
2025-08-01 09:27:25 AM,454.85,14,6367.900000000001,2568284.1
2025-08-01 09:27:40 AM,454.7,0,0.0,2568284.1
2025-08-01 09:27:46 AM,454.7,133,60475.1,2628759.2
2025-08-01 09:27:48 AM,454.7,12,5456.4,2634215.6
2025-08-01 09:27:54 AM,454.6,10,4546.0,2638761.6
2025-08-01 09:28:17 AM,454.6,58,26366.800000000003,2665128.4
2025-08-01 09:28:25 AM,454.6,4,1818.4,2666946.8
2025-08-01 09:28:41 AM,454.55,52,23636.600000000002,2690583.4
2025-08-01 09:28:58 AM,454.6,0,0.0,2690583.4
2025-08-01 09:29:03 AM,454.6,706,320947.60000000003,3011531.0
2025-08-01 09:29:09 AM,454.9,0,0.0,3011531.0
2025-08-01 09:29:11 AM,454.9,12,5458.799999999999,3016989.8
2025-08-01 09:29:18 AM,454.9,20,9098.0,3026087.8
2025-08-01 09:29:33 AM,454.9,17,7733.299999999999,3033821.0999999996
2025-08-01 09:29:34 AM,454.9,30,13647.0,3047468.0999999996
2025-08-01 09:29:41 AM,454.9,9,4094.1,3051562.1999999997
2025-08-01 09:29:55 AM,454.9,9,4094.1,3055656.3
2025-08-01 09:30:02 AM,455.0,0,0.0,3055656.3
2025-08-01 09:30:03 AM,455.0,955,434525.0,3490181.3
2025-08-01 09:30:09 AM,455.6,0,0.0,3490181.3
2025-08-01 09:30:11 AM,455.6,88,40092.8,3530274.0999999996
2025-08-01 09:30:19 AM,455.6,60,27336.0,3557610.0999999996
2025-08-01 09:30:26 AM,455.6,10,4556.0,3562166.0999999996
2025-08-01 09:30:48 AM,455.95,2,911.9,3563077.9999999995
2025-08-01 09:30:57 AM,456.0,0,0.0,3563077.9999999995
2025-08-01 09:31:02 AM,456.0,10,4560.0,3567637.9999999995
2025-08-01 09:31:10 AM,456.0,400,182400.0,3750037.9999999995
2025-08-01 09:31:20 AM,455.4,0,0.0,3750037.9999999995
2025-08-01 09:31:25 AM,455.4,100,45540.0,3795577.9999999995
2025-08-01 09:31:49 AM,455.65,0,0.0,3795577.9999999995
2025-08-01 09:31:53 AM,455.35,208,94712.8,3890290.7999999993
2025-08-01 09:32:07 AM,455.35,48,21856.800000000003,3912147.599999999
2025-08-01 09:32:14 AM,455.8,10,4558.0,3916705.599999999
2025-08-01 09:32:16 AM,455.85,0,0.0,3916705.599999999
2025-08-01 09:32:21 AM,455.85,15,6837.75,3923543.349999999
2025-08-01 09:32:52 AM,456.05,0,0.0,3923543.349999999
2025-08-01 09:32:56 AM,456.05,10,4560.5,3928103.849999999
2025-08-01 09:33:14 AM,456.0,0,0.0,3928103.849999999
2025-08-01 09:33:16 AM,456.0,200,91200.0,4019303.849999999
2025-08-01 09:33:34 AM,456.25,0,0.0,4019303.849999999
2025-08-01 09:33:37 AM,456.25,10,4562.5,4023866.349999999
2025-08-01 09:33:44 AM,456.25,5,2281.25,4026147.599999999
2025-08-01 09:34:26 AM,456.45,1,456.45,4026604.0499999993
2025-08-01 09:34:32 AM,456.6,0,0.0,4026604.0499999993
2025-08-01 09:34:33 AM,456.6,40,18264.0,4044868.0499999993
2025-08-01 09:35:01 AM,456.6,14,6392.400000000001,4051260.4499999993
2025-08-01 09:35:14 AM,456.7,0,0.0,4051260.4499999993
2025-08-01 09:35:15 AM,456.7,61,27858.7,4079119.1499999994
2025-08-01 09:35:22 AM,456.7,30,13701.0,4092820.1499999994
2025-08-01 09:35:43 AM,456.25,27,12318.75,4105138.8999999994
2025-08-01 09:35:44 AM,456.2,0,0.0,4105138.8999999994
2025-08-01 09:35:49 AM,456.75,0,0.0,4105138.8999999994
2025-08-01 09:35:49 AM,456.75,200,91350.0,4196488.899999999
2025-08-01 09:36:02 AM,456.5,2,913.0,4197401.899999999
2025-08-01 09:36:16 AM,456.5,75,34237.5,4231639.399999999
2025-08-01 09:36:27 AM,456.05,0,0.0,4231639.399999999
2025-08-01 09:36:29 AM,456.05,100,45605.0,4277244.399999999
2025-08-01 09:36:35 AM,456.5,0,0.0,4277244.399999999
2025-08-01 09:36:35 AM,456.5,10,4565.0,4281809.399999999
2025-08-01 09:38:02 AM,456.35,0,0.0,4281809.399999999
2025-08-01 09:38:03 AM,456.35,1,456.35,4282265.749999999
2025-08-01 09:38:09 AM,456.5,0,0.0,4282265.749999999
2025-08-01 09:38:10 AM,456.5,224,102256.0,4384521.749999999
2025-08-01 09:38:29 AM,456.35,0,0.0,4384521.749999999
2025-08-01 09:38:31 AM,456.35,25,11408.75,4395930.499999999
2025-08-01 09:38:39 AM,456.5,0,0.0,4395930.499999999
2025-08-01 09:38:44 AM,456.5,3,1369.5,4397299.999999999
2025-08-01 09:38:51 AM,456.5,51,23281.5,4420581.499999999
2025-08-01 09:38:55 AM,456.2,0,0.0,4420581.499999999
2025-08-01 09:38:57 AM,456.2,153,69798.59999999999,4490380.099999999
2025-08-01 09:39:18 AM,456.2,5,2281.0,4492661.099999999
2025-08-01 09:39:31 AM,456.0,261,119016.0,4611677.099999999
2025-08-01 09:40:21 AM,455.75,0,0.0,4611677.099999999
2025-08-01 09:40:23 AM,455.75,8,3646.0,4615323.099999999
2025-08-01 09:40:31 AM,456.15,67,30562.05,4645885.1499999985
2025-08-01 09:40:43 AM,456.15,2,912.3,4646797.449999998
2025-08-01 09:40:50 AM,456.2,434,197990.8,4844788.249999998
2025-08-01 09:40:56 AM,456.45,144,65728.8,4910517.049999998
2025-08-01 09:41:02 AM,456.15,0,0.0,4910517.049999998
2025-08-01 09:41:03 AM,456.15,7,3193.0499999999997,4913710.099999998
2025-08-01 09:41:35 AM,456.2,0,0.0,4913710.099999998
2025-08-01 09:41:36 AM,456.2,127,57937.4,4971647.499999998
2025-08-01 09:41:49 AM,455.6,5,2278.0,4973925.499999998
2025-08-01 09:42:15 AM,456.15,20,9123.0,4983048.499999998
2025-08-01 09:42:48 AM,456.15,10,4561.5,4987609.999999998
2025-08-01 09:42:54 AM,456.0,0,0.0,4987609.999999998
2025-08-01 09:42:54 AM,456.0,40,18240.0,5005849.999999998
2025-08-01 09:43:18 AM,455.95,0,0.0,5005849.999999998
2025-08-01 09:43:21 AM,455.95,6,2735.7,5008585.699999998
2025-08-01 09:43:50 AM,456.0,0,0.0,5008585.699999998
2025-08-01 09:43:54 AM,456.0,46,20976.0,5029561.699999998
2025-08-01 09:44:08 AM,456.0,19,8664.0,5038225.699999998
2025-08-01 09:44:28 AM,456.0,178,81168.0,5119393.699999998
2025-08-01 09:44:30 AM,455.4,0,0.0,5119393.699999998
2025-08-01 09:44:32 AM,455.5,0,0.0,5119393.699999998
2025-08-01 09:44:33 AM,455.5,217,98843.5,5218237.199999998
2025-08-01 09:44:40 AM,455.65,0,0.0,5218237.199999998
2025-08-01 09:44:40 AM,455.65,2,911.3,5219148.499999998
2025-08-01 09:45:12 AM,455.6,20,9112.0,5228260.499999998
2025-08-01 09:45:26 AM,455.4,0,0.0,5228260.499999998
2025-08-01 09:45:27 AM,455.4,101,45995.399999999994,5274255.8999999985
2025-08-01 09:45:30 AM,455.45,0,0.0,5274255.8999999985
2025-08-01 09:45:32 AM,455.45,156,71050.2,5345306.099999999
2025-08-01 09:45:34 AM,455.25,0,0.0,5345306.099999999
2025-08-01 09:45:38 AM,456.0,0,0.0,5345306.099999999
2025-08-01 09:45:40 AM,456.0,356,162336.0,5507642.099999999
2025-08-01 09:45:42 AM,456.5,0,0.0,5507642.099999999
2025-08-01 09:45:45 AM,456.5,97,44280.5,5551922.599999999
2025-08-01 09:45:58 AM,456.5,25,11412.5,5563335.099999999
2025-08-01 09:46:35 AM,456.1,0,0.0,5563335.099999999
2025-08-01 09:46:36 AM,456.1,2,912.2,5564247.299999999
2025-08-01 09:46:51 AM,456.5,0,0.0,5564247.299999999
2025-08-01 09:46:51 AM,456.5,2,913.0,5565160.299999999
2025-08-01 09:47:07 AM,456.5,16,7304.0,5572464.299999999
2025-08-01 09:47:09 AM,456.15,35,15965.25,5588429.549999999
2025-08-01 09:47:38 AM,455.25,0,0.0,5588429.549999999
2025-08-01 09:47:39 AM,456.15,1030,469834.5,6058264.049999999
2025-08-01 09:47:48 AM,455.65,100,45565.0,6103829.049999999
2025-08-01 09:48:06 AM,455.7,0,0.0,6103829.049999999
2025-08-01 09:48:06 AM,455.7,2,911.4,6104740.449999999
2025-08-01 09:48:28 AM,456.1,30,13683.0,6118423.449999999
2025-08-01 09:48:38 AM,456.3,0,0.0,6118423.449999999
2025-08-01 09:48:38 AM,456.3,11,5019.3,6123442.749999999
2025-08-01 09:48:51 AM,456.3,22,10038.6,6133481.349999999
2025-08-01 09:48:53 AM,456.3,1,456.3,6133937.6499999985
2025-08-01 09:49:03 AM,456.3,11,5019.3,6138956.949999998
2025-08-01 09:49:16 AM,456.3,54,24640.2,6163597.1499999985
2025-08-01 09:49:27 AM,455.6,0,0.0,6163597.1499999985
2025-08-01 09:49:28 AM,455.6,50,22780.0,6186377.1499999985
2025-08-01 09:49:55 AM,456.0,0,0.0,6186377.1499999985
2025-08-01 09:49:56 AM,456.0,231,105336.0,6291713.1499999985
2025-08-01 09:49:59 AM,455.95,0,0.0,6291713.1499999985
2025-08-01 09:50:00 AM,455.95,10,4559.5,6296272.6499999985
2025-08-01 09:50:47 AM,455.95,1,455.95,6296728.599999999
2025-08-01 09:50:51 AM,455.95,1,455.95,6297184.549999999
2025-08-01 09:50:55 AM,456.25,0,0.0,6297184.549999999
2025-08-01 09:50:57 AM,456.25,3,1368.75,6298553.299999999
2025-08-01 09:51:16 AM,456.0,0,0.0,6298553.299999999
2025-08-01 09:51:16 AM,456.0,14,6384.0,6304937.299999999
2025-08-01 09:51:20 AM,455.55,0,0.0,6304937.299999999
2025-08-01 09:51:22 AM,455.55,86,39177.3,6344114.599999999
2025-08-01 09:51:53 AM,456.1,0,0.0,6344114.599999999
2025-08-01 09:51:53 AM,456.1,68,31014.800000000003,6375129.3999999985
2025-08-01 09:51:55 AM,456.05,0,0.0,6375129.3999999985
2025-08-01 09:51:56 AM,456.05,68,31011.4,6406140.799999999
2025-08-01 09:52:10 AM,456.0,0,0.0,6406140.799999999
2025-08-01 09:52:11 AM,456.0,1,456.0,6406596.799999999
2025-08-01 09:52:54 AM,456.0,25,11400.0,6417996.799999999
2025-08-01 09:53:01 AM,455.55,0,0.0,6417996.799999999
2025-08-01 09:53:02 AM,455.55,5,2277.75,6420274.549999999
2025-08-01 09:53:13 AM,456.8,0,0.0,6420274.549999999
2025-08-01 09:53:19 AM,456.8,495,226116.0,6646390.549999999
2025-08-01 09:53:25 AM,456.4,10,4564.0,6650954.549999999
2025-08-01 09:53:37 AM,457.45,568,259831.6,6910786.1499999985
2025-08-01 09:53:53 AM,457.5,0,0.0,6910786.1499999985
2025-08-01 09:53:56 AM,457.5,61,27907.5,6938693.6499999985
2025-08-01 09:54:10 AM,457.5,200,91500.0,7030193.6499999985
2025-08-01 09:54:48 AM,457.6,0,0.0,7030193.6499999985
2025-08-01 09:54:51 AM,458.0,0,0.0,7030193.6499999985
2025-08-01 09:54:51 AM,458.0,602,275716.0,7305909.6499999985
2025-08-01 09:55:03 AM,458.5,0,0.0,7305909.6499999985
2025-08-01 09:55:04 AM,458.55,111,50899.05,7356808.699999998
2025-08-01 09:55:09 AM,459.0,135,61965.0,7418773.699999998
2025-08-01 09:55:09 AM,459.1,0,0.0,7418773.699999998
2025-08-01 09:55:10 AM,459.1,25,11477.5,7430251.199999998
2025-08-01 09:55:18 AM,459.75,0,0.0,7430251.199999998
2025-08-01 09:55:19 AM,459.85,0,0.0,7430251.199999998
2025-08-01 09:55:21 AM,459.25,0,0.0,7430251.199999998
2025-08-01 09:55:21 AM,459.25,134,61539.5,7491790.699999998
2025-08-01 09:55:27 AM,458.15,1530,700969.5,8192760.199999998
2025-08-01 09:55:28 AM,458.3,20,9166.0,8201926.199999998
2025-08-01 09:55:29 AM,458.15,0,0.0,8201926.199999998
2025-08-01 09:55:33 AM,458.15,20,9163.0,8211089.199999998
2025-08-01 09:55:37 AM,458.1,0,0.0,8211089.199999998
2025-08-01 09:55:39 AM,458.1,1,458.1,8211547.299999998
2025-08-01 09:55:40 AM,457.7,12,5492.4,8217039.699999998
2025-08-01 09:55:42 AM,458.15,0,0.0,8217039.699999998
2025-08-01 09:55:45 AM,458.15,38,17409.7,8234449.3999999985
2025-08-01 09:56:04 AM,458.05,177,81074.85,8315524.249999998
2025-08-01 09:56:09 AM,458.2,5,2291.0,8317815.249999998
2025-08-01 09:56:10 AM,458.2,71,32532.2,8350347.449999998
2025-08-01 09:56:24 AM,457.6,0,0.0,8350347.449999998
2025-08-01 09:56:27 AM,457.6,50,22880.0,8373227.449999998
2025-08-01 09:56:56 AM,457.55,0,0.0,8373227.449999998
2025-08-01 09:56:57 AM,457.55,42,19217.100000000002,8392444.549999999
2025-08-01 09:57:00 AM,457.0,0,0.0,8392444.549999999
2025-08-01 09:57:03 AM,457.0,58,26506.0,8418950.549999999
2025-08-01 09:57:15 AM,457.0,100,45700.0,8464650.549999999
2025-08-01 09:57:26 AM,456.75,123,56180.25,8520830.799999999
2025-08-01 09:57:32 AM,456.65,0,0.0,8520830.799999999
2025-08-01 09:57:32 AM,456.65,5,2283.25,8523114.049999999
2025-08-01 09:57:56 AM,456.3,10,4563.0,8527677.049999999
2025-08-01 09:58:11 AM,456.6,18,8218.800000000001,8535895.85
2025-08-01 09:58:45 AM,456.55,0,0.0,8535895.85
2025-08-01 09:58:45 AM,456.55,1,456.55,8536352.4
2025-08-01 09:59:06 AM,456.55,10,4565.5,8540917.9
2025-08-01 09:59:09 AM,456.0,135,61560.0,8602477.9
2025-08-01 10:00:43 AM,455.2,200,91040.0,8693517.9
2025-08-01 10:01:02 AM,455.5,0,0.0,8693517.9
2025-08-01 10:01:02 AM,455.5,8,3644.0,8697161.9
2025-08-01 10:01:07 AM,455.45,0,0.0,8697161.9
2025-08-01 10:01:08 AM,455.9,0,0.0,8697161.9
2025-08-01 10:01:08 AM,455.9,53,24162.699999999997,8721324.6
2025-08-01 10:01:12 AM,455.4,10,4554.0,8725878.6
2025-08-01 10:01:27 AM,455.4,1,455.4,8726334.0
2025-08-01 10:01:47 AM,455.8,0,0.0,8726334.0
2025-08-01 10:01:49 AM,455.8,14,6381.2,8732715.2
2025-08-01 10:02:08 AM,456.5,0,0.0,8732715.2
2025-08-01 10:02:08 AM,456.5,175,79887.5,8812602.7
2025-08-01 10:02:27 AM,456.5,1,456.5,8813059.2
2025-08-01 10:02:31 AM,456.0,0,0.0,8813059.2
2025-08-01 10:02:33 AM,456.0,2,912.0,8813971.2
2025-08-01 10:02:39 AM,456.05,0,0.0,8813971.2
2025-08-01 10:02:39 AM,456.05,1,456.05,8814427.25
2025-08-01 10:02:46 AM,456.5,10,4565.0,8818992.25
2025-08-01 10:03:05 AM,456.7,0,0.0,8818992.25
2025-08-01 10:03:05 AM,456.7,1,456.7,8819448.95
2025-08-01 10:03:24 AM,456.75,10,4567.5,8824016.45
2025-08-01 10:03:26 AM,457.5,524,239730.0,9063746.45
2025-08-01 10:03:37 AM,458.0,0,0.0,9063746.45
2025-08-01 10:03:37 AM,457.65,131,59952.149999999994,9123698.6
2025-08-01 10:03:39 AM,458.15,2,916.3,9124614.9
2025-08-01 10:03:43 AM,458.1,1,458.1,9125073.0
2025-08-01 10:04:04 AM,457.9,101,46247.899999999994,9171320.9
2025-08-01 10:04:16 AM,457.9,2,915.8,9172236.700000001
2025-08-01 10:04:33 AM,457.9,10,4579.0,9176815.700000001
2025-08-01 10:04:48 AM,457.9,1,457.9,9177273.600000001
2025-08-01 10:05:04 AM,457.8,122,55851.6,9233125.200000001
2025-08-01 10:05:06 AM,457.9,60,27474.0,9260599.200000001
2025-08-01 10:05:31 AM,457.6,57,26083.2,9286682.4
2025-08-01 10:06:03 AM,457.4,0,0.0,9286682.4
2025-08-01 10:06:05 AM,457.4,8,3659.2,9290341.6
2025-08-01 10:06:13 AM,457.4,3,1372.1999999999998,9291713.799999999
2025-08-01 10:06:23 AM,457.1,0,0.0,9291713.799999999
2025-08-01 10:06:23 AM,457.1,97,44338.700000000004,9336052.499999998
2025-08-01 10:06:43 AM,456.75,15,6851.25,9342903.749999998
2025-08-01 10:06:47 AM,457.15,25,11428.75,9354332.499999998
2025-08-01 10:07:05 AM,457.1,0,0.0,9354332.499999998
2025-08-01 10:07:05 AM,457.1,21,9599.1,9363931.599999998
2025-08-01 10:07:12 AM,457.15,50,22857.5,9386789.099999998
2025-08-01 10:07:42 AM,456.5,60,27390.0,9414179.099999998
2025-08-01 10:08:29 AM,457.35,0,0.0,9414179.099999998
2025-08-01 10:08:32 AM,457.35,68,31099.800000000003,9445278.899999999
2025-08-01 10:09:03 AM,457.65,0,0.0,9445278.899999999
2025-08-01 10:09:03 AM,457.65,68,31120.199999999997,9476399.099999998
2025-08-01 10:09:23 AM,457.4,0,0.0,9476399.099999998
2025-08-01 10:09:25 AM,457.4,2,914.8,9477313.899999999
2025-08-01 10:09:53 AM,457.6,0,0.0,9477313.899999999
2025-08-01 10:09:54 AM,457.6,2,915.2,9478229.099999998
2025-08-01 10:09:59 AM,457.65,0,0.0,9478229.099999998
2025-08-01 10:09:59 AM,457.65,1,457.65,9478686.749999998
2025-08-01 10:10:07 AM,457.65,461,210976.65,9689663.399999999
2025-08-01 10:10:08 AM,458.0,0,0.0,9689663.399999999
2025-08-01 10:10:11 AM,458.0,17,7786.0,9697449.399999999
2025-08-01 10:10:13 AM,457.75,69,31584.75,9729034.149999999
2025-08-01 10:10:15 AM,457.9,0,0.0,9729034.149999999
2025-08-01 10:10:17 AM,457.9,60,27474.0,9756508.149999999
2025-08-01 10:10:49 AM,457.9,25,11447.5,9767955.649999999
2025-08-01 10:10:55 AM,457.9,10,4579.0,9772534.649999999
2025-08-01 10:11:14 AM,457.85,0,0.0,9772534.649999999
2025-08-01 10:11:17 AM,457.85,1,457.85,9772992.499999998
2025-08-01 10:11:22 AM,457.85,6,2747.1000000000004,9775739.599999998
2025-08-01 10:13:25 AM,457.15,58,26514.699999999997,9802254.299999997
2025-08-01 10:13:38 AM,457.95,0,0.0,9802254.299999997
2025-08-01 10:13:42 AM,457.95,1023,468482.85,10270737.149999997
2025-08-01 10:14:05 AM,458.0,0,0.0,10270737.149999997
2025-08-01 10:14:06 AM,458.0,771,353118.0,10623855.149999997
2025-08-01 10:16:09 AM,457.9,76,34800.4,10658655.549999997
2025-08-01 10:16:55 AM,457.9,20,9158.0,10667813.549999997
2025-08-01 10:18:21 AM,457.9,10,4579.0,10672392.549999997
2025-08-01 10:18:33 AM,457.9,20,9158.0,10681550.549999997
2025-08-01 10:18:39 AM,457.9,50,22895.0,10704445.549999997
2025-08-01 10:19:27 AM,458.0,0,0.0,10704445.549999997
2025-08-01 10:19:30 AM,458.0,50,22900.0,10727345.549999997
2025-08-01 10:19:57 AM,458.45,0,0.0,10727345.549999997
2025-08-01 10:19:59 AM,458.45,235,107735.75,10835081.299999997
2025-08-01 10:20:15 AM,458.45,12,5501.4,10840582.699999997
2025-08-01 10:20:23 AM,458.45,2,916.9,10841499.599999998
2025-08-01 10:20:26 AM,458.5,0,0.0,10841499.599999998
2025-08-01 10:20:27 AM,458.5,51,23383.5,10864883.099999998
2025-08-01 10:20:53 AM,458.5,49,22466.5,10887349.599999998
2025-08-01 10:21:01 AM,458.55,0,0.0,10887349.599999998
2025-08-01 10:21:02 AM,458.55,25,11463.75,10898813.349999998
2025-08-01 10:21:13 AM,458.9,2,917.8,10899731.149999999
2025-08-01 10:21:30 AM,458.5,92,42182.0,10941913.149999999
2025-08-01 10:21:32 AM,458.6,0,0.0,10941913.149999999
2025-08-01 10:21:32 AM,458.6,31,14216.6,10956129.749999998
2025-08-01 10:22:17 AM,458.6,3,1375.8000000000002,10957505.549999999
2025-08-01 10:22:56 AM,458.85,0,0.0,10957505.549999999
2025-08-01 10:22:57 AM,458.85,5,2294.25,10959799.799999999
2025-08-01 10:23:11 AM,458.25,100,45825.0,11005624.799999999
2025-08-01 10:23:31 AM,458.2,0,0.0,11005624.799999999
2025-08-01 10:23:32 AM,458.2,150,68730.0,11074354.799999999
2025-08-01 10:23:37 AM,458.25,0,0.0,11074354.799999999
2025-08-01 10:23:37 AM,458.25,1,458.25,11074813.049999999
2025-08-01 10:23:46 AM,458.35,0,0.0,11074813.049999999
2025-08-01 10:23:48 AM,458.35,1,458.35,11075271.399999999
2025-08-01 10:24:02 AM,458.35,10,4583.5,11079854.899999999
2025-08-01 10:26:02 AM,458.35,26,11917.1,11091771.999999998
2025-08-01 10:26:27 AM,458.85,0,0.0,11091771.999999998
2025-08-01 10:26:27 AM,458.85,10,4588.5,11096360.499999998
2025-08-01 10:26:57 AM,459.0,0,0.0,11096360.499999998
2025-08-01 10:26:59 AM,459.0,24,11016.0,11107376.499999998
2025-08-01 10:27:12 AM,459.2,0,0.0,11107376.499999998
2025-08-01 10:27:13 AM,459.2,2,918.4,11108294.899999999
2025-08-01 10:27:19 AM,459.2,1,459.2,11108754.099999998
2025-08-01 10:27:23 AM,458.8,0,0.0,11108754.099999998
2025-08-01 10:27:24 AM,458.6,0,0.0,11108754.099999998
2025-08-01 10:27:25 AM,458.6,40,18344.0,11127098.099999998
2025-08-01 10:27:42 AM,458.45,0,0.0,11127098.099999998
2025-08-01 10:27:43 AM,458.45,364,166875.8,11293973.899999999
2025-08-01 10:28:16 AM,458.7,30,13761.0,11307734.899999999
2025-08-01 10:28:51 AM,458.4,0,0.0,11307734.899999999
2025-08-01 10:28:52 AM,458.4,100,45840.0,11353574.899999999
2025-08-01 10:29:14 AM,458.7,0,0.0,11353574.899999999
2025-08-01 10:29:14 AM,458.7,1,458.7,11354033.599999998
2025-08-01 10:29:34 AM,458.7,7,3210.9,11357244.499999998
2025-08-01 10:30:19 AM,458.4,0,0.0,11357244.499999998
2025-08-01 10:30:19 AM,458.4,30,13752.0,11370996.499999998
2025-08-01 10:30:22 AM,458.4,1,458.4,11371454.899999999
2025-08-01 10:30:25 AM,458.85,0,0.0,11371454.899999999
2025-08-01 10:30:27 AM,458.85,3,1376.5500000000002,11372831.45
2025-08-01 10:30:50 AM,458.85,33,15142.050000000001,11387973.5
2025-08-01 10:31:17 AM,458.95,0,0.0,11387973.5
2025-08-01 10:31:19 AM,458.95,30,13768.5,11401742.0
2025-08-01 10:31:30 AM,458.9,11,5047.9,11406789.9
2025-08-01 10:32:06 AM,459.0,0,0.0,11406789.9
2025-08-01 10:32:06 AM,459.0,1,459.0,11407248.9
2025-08-01 10:32:22 AM,458.85,315,144537.75,11551786.65
2025-08-01 10:32:38 AM,458.9,0,0.0,11551786.65
2025-08-01 10:32:38 AM,458.9,2,917.8,11552704.450000001
2025-08-01 10:32:44 AM,458.9,5,2294.5,11554998.950000001
2025-08-01 10:33:12 AM,458.9,21,9636.9,11564635.850000001
2025-08-01 10:33:40 AM,458.65,59,27060.35,11591696.200000001
2025-08-01 10:33:48 AM,458.9,0,0.0,11591696.200000001
2025-08-01 10:33:49 AM,458.9,600,275340.0,11867036.200000001
2025-08-01 10:33:54 AM,459.0,0,0.0,11867036.200000001
2025-08-01 10:33:54 AM,459.0,68,31212.0,11898248.200000001
2025-08-01 10:34:21 AM,457.7,0,0.0,11898248.200000001
2025-08-01 10:34:23 AM,457.8,573,262319.4,12160567.600000001
2025-08-01 10:34:39 AM,457.25,0,0.0,12160567.600000001
2025-08-01 10:34:39 AM,457.25,316,144491.0,12305058.600000001
2025-08-01 10:35:55 AM,457.45,5,2287.25,12307345.850000001
2025-08-01 10:36:10 AM,457.45,4,1829.8,12309175.650000002
2025-08-01 10:36:21 AM,457.0,25,11425.0,12320600.650000002
2025-08-01 10:36:34 AM,457.0,2,914.0,12321514.650000002
2025-08-01 10:38:06 AM,457.05,0,0.0,12321514.650000002
2025-08-01 10:38:07 AM,457.05,6,2742.3,12324256.950000003
2025-08-01 10:39:18 AM,457.0,0,0.0,12324256.950000003
2025-08-01 10:39:19 AM,457.0,125,57125.0,12381381.950000003
2025-08-01 10:39:55 AM,456.8,14,6395.2,12387777.150000002
2025-08-01 10:41:26 AM,456.7,0,0.0,12387777.150000002
2025-08-01 10:41:26 AM,456.55,48,21914.4,12409691.550000003
2025-08-01 10:41:58 AM,455.9,75,34192.5,12443884.050000003
2025-08-01 10:42:09 AM,455.8,0,0.0,12443884.050000003
2025-08-01 10:42:09 AM,455.8,2,911.6,12444795.650000002
2025-08-01 10:42:13 AM,456.1,0,0.0,12444795.650000002
2025-08-01 10:42:15 AM,456.1,3,1368.3000000000002,12446163.950000003
2025-08-01 10:42:53 AM,455.55,46,20955.3,12467119.250000004
2025-08-01 10:43:07 AM,455.15,61,27764.149999999998,12494883.400000004
2025-08-01 10:43:18 AM,455.05,0,0.0,12494883.400000004
2025-08-01 10:43:20 AM,455.05,45,20477.25,12515360.650000004
2025-08-01 10:43:28 AM,455.0,0,0.0,12515360.650000004
2025-08-01 10:43:28 AM,455.0,50,22750.0,12538110.650000004
2025-08-01 10:43:42 AM,454.8,0,0.0,12538110.650000004
2025-08-01 10:43:42 AM,454.5,609,276790.5,12814901.150000004
2025-08-01 10:43:47 AM,454.25,1,454.25,12815355.400000004
2025-08-01 10:44:04 AM,454.3,0,0.0,12815355.400000004
2025-08-01 10:44:05 AM,454.3,2,908.6,12816264.000000004
2025-08-01 10:44:41 AM,454.65,38,17276.7,12833540.700000003
2025-08-01 10:44:49 AM,454.65,18,8183.7,12841724.400000002
2025-08-01 10:44:51 AM,454.65,100,45465.0,12887189.400000002
2025-08-01 10:44:56 AM,454.35,0,0.0,12887189.400000002
2025-08-01 10:44:56 AM,454.35,1,454.35,12887643.750000002
2025-08-01 10:45:29 AM,454.7,0,0.0,12887643.750000002
2025-08-01 10:45:30 AM,454.7,59,26827.3,12914471.050000003
2025-08-01 10:46:02 AM,454.7,10,4547.0,12919018.050000003
2025-08-01 10:46:08 AM,454.7,10,4547.0,12923565.050000003
2025-08-01 10:46:20 AM,454.7,42,19097.399999999998,12942662.450000003
2025-08-01 10:46:22 AM,454.7,12,5456.4,12948118.850000003
2025-08-01 10:46:31 AM,454.45,56,25449.2,12973568.050000003
2025-08-01 10:47:04 AM,454.0,529,240166.0,13213734.050000003
2025-08-01 10:47:05 AM,453.95,0,0.0,13213734.050000003
2025-08-01 10:47:05 AM,453.95,40,18158.0,13231892.050000003
2025-08-01 10:47:09 AM,453.9,1,453.9,13232345.950000003
2025-08-01 10:47:18 AM,453.75,0,0.0,13232345.950000003
2025-08-01 10:47:20 AM,453.75,103,46736.25,13279082.200000003
2025-08-01 10:47:45 AM,453.7,0,0.0,13279082.200000003
2025-08-01 10:47:49 AM,453.7,10,4537.0,13283619.200000003
2025-08-01 10:48:03 AM,453.7,205,93008.5,13376627.700000003
2025-08-01 10:48:06 AM,453.9,0,0.0,13376627.700000003
2025-08-01 10:48:08 AM,453.9,6,2723.3999999999996,13379351.100000003
2025-08-01 10:48:34 AM,454.05,0,0.0,13379351.100000003
2025-08-01 10:48:35 AM,454.05,869,394569.45,13773920.550000003
2025-08-01 10:48:58 AM,453.85,0,0.0,13773920.550000003
2025-08-01 10:48:59 AM,453.85,1,453.85,13774374.400000002
2025-08-01 10:49:01 AM,453.6,0,0.0,13774374.400000002
2025-08-01 10:49:03 AM,453.6,20,9072.0,13783446.400000002
2025-08-01 10:49:35 AM,453.6,9,4082.4,13787528.800000003
2025-08-01 10:49:45 AM,453.5,0,0.0,13787528.800000003
2025-08-01 10:49:46 AM,453.5,200,90700.0,13878228.800000003
2025-08-01 10:49:51 AM,453.5,200,90700.0,13968928.800000003
2025-08-01 10:50:42 AM,453.65,0,0.0,13968928.800000003
2025-08-01 10:50:42 AM,453.65,10,4536.5,13973465.300000003
2025-08-01 10:51:08 AM,453.5,0,0.0,13973465.300000003
2025-08-01 10:51:10 AM,453.5,5,2267.5,13975732.800000003
2025-08-01 10:51:26 AM,453.8,0,0.0,13975732.800000003
2025-08-01 10:51:26 AM,453.8,20,9076.0,13984808.800000003
2025-08-01 10:52:06 AM,453.7,0,0.0,13984808.800000003
2025-08-01 10:52:09 AM,453.7,11,4990.7,13989799.500000002
2025-08-01 10:52:21 AM,454.1,1,454.1,13990253.600000001
2025-08-01 10:53:46 AM,454.1,100,45410.0,14035663.600000001
2025-08-01 10:54:28 AM,453.65,0,0.0,14035663.600000001
2025-08-01 10:54:29 AM,453.65,41,18599.649999999998,14054263.250000002
2025-08-01 10:54:35 AM,453.7,107,48545.9,14102809.150000002
2025-08-01 10:55:49 AM,453.85,54,24507.9,14127317.050000003
2025-08-01 10:56:09 AM,453.85,30,13615.5,14140932.550000003
2025-08-01 10:56:31 AM,453.85,10,4538.5,14145471.050000003
2025-08-01 10:56:52 AM,453.7,0,0.0,14145471.050000003
2025-08-01 10:56:52 AM,453.7,180,81666.0,14227137.050000003
2025-08-01 10:57:18 AM,453.35,49,22214.15,14249351.200000003
2025-08-01 10:57:40 AM,453.65,0,0.0,14249351.200000003
2025-08-01 10:57:40 AM,453.5,0,0.0,14249351.200000003
2025-08-01 10:57:40 AM,453.5,2,907.0,14250258.200000003
2025-08-01 10:57:48 AM,453.65,0,0.0,14250258.200000003
2025-08-01 10:57:50 AM,453.65,50,22682.5,14272940.700000003
2025-08-01 10:58:22 AM,453.6,0,0.0,14272940.700000003
2025-08-01 10:58:22 AM,453.6,287,130183.20000000001,14403123.900000002
2025-08-01 10:58:28 AM,453.4,0,0.0,14403123.900000002
2025-08-01 10:58:28 AM,453.4,6,2720.3999999999996,14405844.300000003
2025-08-01 10:59:00 AM,452.8,0,0.0,14405844.300000003
2025-08-01 10:59:00 AM,452.8,152,68825.6,14474669.900000002
2025-08-01 10:59:11 AM,452.8,100,45280.0,14519949.900000002
2025-08-01 10:59:25 AM,452.8,142,64297.6,14584247.500000002
2025-08-01 11:00:10 AM,452.7,116,52513.2,14636760.700000001
2025-08-01 11:00:13 AM,453.55,0,0.0,14636760.700000001
2025-08-01 11:00:15 AM,453.55,228,103409.40000000001,14740170.100000001
2025-08-01 11:00:55 AM,454.05,0,0.0,14740170.100000001
2025-08-01 11:00:58 AM,454.05,22,9989.1,14750159.200000001
2025-08-01 11:01:39 AM,453.55,0,0.0,14750159.200000001
2025-08-01 11:01:40 AM,453.55,75,34016.25,14784175.450000001
2025-08-01 11:01:56 AM,453.55,1,453.55,14784629.000000002
2025-08-01 11:02:19 AM,453.1,0,0.0,14784629.000000002
2025-08-01 11:02:22 AM,453.1,38,17217.8,14801846.800000003
2025-08-01 11:02:31 AM,453.3,0,0.0,14801846.800000003
2025-08-01 11:02:34 AM,453.3,23,10425.9,14812272.700000003
2025-08-01 11:02:41 AM,452.8,102,46185.6,14858458.300000003
2025-08-01 11:02:50 AM,452.25,59,26682.75,14885141.050000003
2025-08-01 11:03:05 AM,452.0,20,9040.0,14894181.050000003
2025-08-01 11:03:21 AM,452.05,1,452.05,14894633.100000003
2025-08-01 11:03:31 AM,452.0,0,0.0,14894633.100000003
2025-08-01 11:03:33 AM,452.0,45,20340.0,14914973.100000003
2025-08-01 11:03:51 AM,452.05,0,0.0,14914973.100000003
2025-08-01 11:03:52 AM,452.05,11,4972.55,14919945.650000004
2025-08-01 11:04:05 AM,452.0,0,0.0,14919945.650000004
2025-08-01 11:04:05 AM,452.0,65,29380.0,14949325.650000004
2025-08-01 11:04:20 AM,452.0,15,6780.0,14956105.650000004
2025-08-01 11:04:35 AM,452.4,0,0.0,14956105.650000004
2025-08-01 11:04:36 AM,452.4,193,87313.2,15043418.850000003
2025-08-01 11:04:39 AM,452.85,0,0.0,15043418.850000003
2025-08-01 11:04:39 AM,452.85,120,54342.0,15097760.850000003
2025-08-01 11:05:11 AM,452.8,328,148518.4,15246279.250000004
2025-08-01 11:06:04 AM,452.8,60,27168.0,15273447.250000004
2025-08-01 11:06:20 AM,452.5,76,34390.0,15307837.250000004
2025-08-01 11:06:37 AM,452.1,0,0.0,15307837.250000004
2025-08-01 11:06:40 AM,452.1,2,904.2,15308741.450000003
2025-08-01 11:06:46 AM,452.45,0,0.0,15308741.450000003
2025-08-01 11:06:46 AM,452.45,1,452.45,15309193.900000002
2025-08-01 11:07:39 AM,452.1,0,0.0,15309193.900000002
2025-08-01 11:07:40 AM,452.1,63,28482.300000000003,15337676.200000003
2025-08-01 11:07:53 AM,451.4,0,0.0,15337676.200000003
2025-08-01 11:07:56 AM,451.4,186,83960.4,15421636.600000003
2025-08-01 11:08:14 AM,451.6,205,92578.0,15514214.600000003
2025-08-01 11:08:21 AM,451.55,0,0.0,15514214.600000003
2025-08-01 11:08:23 AM,451.55,38,17158.9,15531373.500000004
2025-08-01 11:08:58 AM,451.95,0,0.0,15531373.500000004
2025-08-01 11:08:59 AM,451.95,167,75475.65,15606849.150000004
2025-08-01 11:09:22 AM,452.4,0,0.0,15606849.150000004
2025-08-01 11:09:23 AM,452.4,39,17643.6,15624492.750000004
2025-08-01 11:10:02 AM,452.0,0,0.0,15624492.750000004
2025-08-01 11:10:02 AM,452.0,97,43844.0,15668336.750000004
2025-08-01 11:10:06 AM,452.0,20,9040.0,15677376.750000004
2025-08-01 11:10:11 AM,451.95,5,2259.75,15679636.500000004
2025-08-01 11:10:22 AM,451.85,90,40666.5,15720303.000000004
2025-08-01 11:10:26 AM,452.0,0,0.0,15720303.000000004
2025-08-01 11:10:27 AM,452.0,358,161816.0,15882119.000000004
2025-08-01 11:10:52 AM,452.5,0,0.0,15882119.000000004
2025-08-01 11:10:55 AM,452.5,81,36652.5,15918771.500000004
2025-08-01 11:11:44 AM,452.25,0,0.0,15918771.500000004
2025-08-01 11:11:44 AM,452.25,19,8592.75,15927364.250000004
2025-08-01 11:12:22 AM,451.95,10,4519.5,15931883.750000004
2025-08-01 11:12:47 AM,452.25,1,452.25,15932336.000000004
2025-08-01 11:13:24 AM,451.35,0,0.0,15932336.000000004
2025-08-01 11:13:25 AM,451.35,45,20310.75,15952646.750000004
2025-08-01 11:13:59 AM,451.25,0,0.0,15952646.750000004
2025-08-01 11:13:59 AM,451.25,74,33392.5,15986039.250000004
2025-08-01 11:14:05 AM,451.55,0,0.0,15986039.250000004
2025-08-01 11:14:09 AM,451.55,32,14449.6,16000488.850000003
2025-08-01 11:14:29 AM,451.6,0,0.0,16000488.850000003
2025-08-01 11:14:30 AM,451.6,100,45160.0,16045648.850000003
2025-08-01 11:16:07 AM,451.35,0,0.0,16045648.850000003
2025-08-01 11:16:09 AM,451.6,0,0.0,16045648.850000003
2025-08-01 11:16:10 AM,451.6,104,46966.4,16092615.250000004
2025-08-01 11:16:16 AM,451.6,188,84900.8,16177516.050000004
2025-08-01 11:16:57 AM,451.85,0,0.0,16177516.050000004
2025-08-01 11:16:58 AM,451.85,20,9037.0,16186553.050000004
2025-08-01 11:17:05 AM,452.0,0,0.0,16186553.050000004
2025-08-01 11:17:05 AM,452.0,57,25764.0,16212317.050000004
2025-08-01 11:17:17 AM,451.85,0,0.0,16212317.050000004
2025-08-01 11:17:19 AM,451.85,98,44281.3,16256598.350000005
2025-08-01 11:18:02 AM,451.65,12,5419.799999999999,16262018.150000006
2025-08-01 11:18:26 AM,451.45,1,451.45,16262469.600000005
2025-08-01 11:19:07 AM,451.25,0,0.0,16262469.600000005
2025-08-01 11:19:10 AM,451.25,61,27526.25,16289995.850000005
2025-08-01 11:19:54 AM,451.0,0,0.0,16289995.850000005
2025-08-01 11:19:59 AM,451.0,78,35178.0,16325173.850000005
2025-08-01 11:20:51 AM,451.0,70,31570.0,16356743.850000005
2025-08-01 11:21:00 AM,451.25,0,0.0,16356743.850000005
2025-08-01 11:21:02 AM,451.25,2,902.5,16357646.350000005
2025-08-01 11:21:44 AM,450.7,0,0.0,16357646.350000005
2025-08-01 11:21:44 AM,450.7,78,35154.6,16392800.950000005
2025-08-01 11:21:46 AM,450.85,0,0.0,16392800.950000005
2025-08-01 11:21:49 AM,450.85,1,450.85,16393251.800000004
2025-08-01 11:21:58 AM,451.1,0,0.0,16393251.800000004
2025-08-01 11:21:59 AM,451.1,2,902.2,16394154.000000004
2025-08-01 11:22:48 AM,450.6,0,0.0,16394154.000000004
2025-08-01 11:22:52 AM,450.6,56,25233.600000000002,16419387.600000003
2025-08-01 11:23:07 AM,451.05,0,0.0,16419387.600000003
2025-08-01 11:23:08 AM,451.05,20,9021.0,16428408.600000003
2025-08-01 11:23:24 AM,450.6,0,0.0,16428408.600000003
2025-08-01 11:23:28 AM,451.25,0,0.0,16428408.600000003
2025-08-01 11:23:29 AM,451.25,173,78066.25,16506474.850000003
2025-08-01 11:24:05 AM,451.3,0,0.0,16506474.850000003
2025-08-01 11:24:09 AM,451.3,65,29334.5,16535809.350000003
2025-08-01 11:24:46 AM,451.3,49,22113.7,16557923.050000003
2025-08-01 11:25:04 AM,451.55,0,0.0,16557923.050000003
2025-08-01 11:25:08 AM,451.55,68,30705.4,16588628.450000003
2025-08-01 11:25:27 AM,451.9,0,0.0,16588628.450000003
2025-08-01 11:25:28 AM,451.9,82,37055.799999999996,16625684.250000004
2025-08-01 11:25:31 AM,452.25,0,0.0,16625684.250000004
2025-08-01 11:25:33 AM,452.25,22,9949.5,16635633.750000004
2025-08-01 11:25:43 AM,452.3,0,0.0,16635633.750000004
2025-08-01 11:25:44 AM,452.3,5,2261.5,16637895.250000004
2025-08-01 11:25:52 AM,452.4,0,0.0,16637895.250000004
2025-08-01 11:25:54 AM,452.4,34,15381.599999999999,16653276.850000003
2025-08-01 11:26:01 AM,452.15,0,0.0,16653276.850000003
2025-08-01 11:26:04 AM,452.15,120,54258.0,16707534.850000003
2025-08-01 11:26:29 AM,451.35,0,0.0,16707534.850000003
2025-08-01 11:26:30 AM,451.35,50,22567.5,16730102.350000003
2025-08-01 11:26:55 AM,451.3,79,35652.700000000004,16765755.050000003
2025-08-01 11:27:49 AM,451.45,0,0.0,16765755.050000003
2025-08-01 11:27:50 AM,451.05,0,0.0,16765755.050000003
2025-08-01 11:27:52 AM,451.05,56,25258.8,16791013.85
2025-08-01 11:28:06 AM,451.45,0,0.0,16791013.85
2025-08-01 11:28:07 AM,451.45,35,15800.75,16806814.6
2025-08-01 11:28:09 AM,451.45,3,1354.35,16808168.950000003
2025-08-01 11:28:54 AM,451.55,0,0.0,16808168.950000003
2025-08-01 11:28:55 AM,451.55,5,2257.75,16810426.700000003
2025-08-01 11:29:10 AM,452.45,0,0.0,16810426.700000003
2025-08-01 11:29:11 AM,452.45,286,129400.7,16939827.400000002
2025-08-01 11:29:15 AM,453.6,0,0.0,16939827.400000002
2025-08-01 11:29:16 AM,452.95,0,0.0,16939827.400000002
2025-08-01 11:29:17 AM,452.95,78,35330.1,16975157.500000004
2025-08-01 11:29:36 AM,452.5,0,0.0,16975157.500000004
2025-08-01 11:29:37 AM,452.4,0,0.0,16975157.500000004
2025-08-01 11:29:40 AM,452.4,102,46144.799999999996,17021302.300000004
2025-08-01 11:30:29 AM,451.95,0,0.0,17021302.300000004
2025-08-01 11:30:29 AM,451.95,64,28924.8,17050227.100000005
2025-08-01 11:30:37 AM,451.9,0,0.0,17050227.100000005
2025-08-01 11:30:37 AM,451.9,56,25306.399999999998,17075533.500000004
2025-08-01 11:31:07 AM,451.9,97,43834.299999999996,17119367.800000004
2025-08-01 11:32:55 AM,451.65,0,0.0,17119367.800000004
2025-08-01 11:32:59 AM,451.65,76,34325.4,17153693.200000003
2025-08-01 11:33:29 AM,451.6,0,0.0,17153693.200000003
2025-08-01 11:33:29 AM,451.6,1,451.6,17154144.800000004
2025-08-01 11:33:55 AM,451.6,38,17160.8,17171305.600000005
2025-08-01 11:34:15 AM,451.6,1,451.6,17171757.200000007
2025-08-01 11:35:12 AM,452.1,0,0.0,17171757.200000007
2025-08-01 11:35:13 AM,452.1,5,2260.5,17174017.700000007
2025-08-01 11:37:12 AM,452.0,0,0.0,17174017.700000007
2025-08-01 11:37:13 AM,452.0,10,4520.0,17178537.700000007
2025-08-01 11:37:25 AM,451.6,0,0.0,17178537.700000007
2025-08-01 11:37:29 AM,451.6,2,903.2,17179440.900000006
2025-08-01 11:39:57 AM,452.2,0,0.0,17179440.900000006
2025-08-01 11:39:58 AM,452.2,55,24871.0,17204311.900000006
2025-08-01 11:40:28 AM,452.2,10,4522.0,17208833.900000006
2025-08-01 11:40:36 AM,451.8,0,0.0,17208833.900000006
2025-08-01 11:40:38 AM,451.8,20,9036.0,17217869.900000006
2025-08-01 11:40:47 AM,452.05,0,0.0,17217869.900000006
2025-08-01 11:40:48 AM,452.05,20,9041.0,17226910.900000006
2025-08-01 11:40:54 AM,452.15,0,0.0,17226910.900000006
2025-08-01 11:40:54 AM,452.15,1,452.15,17227363.050000004
2025-08-01 11:41:11 AM,451.7,0,0.0,17227363.050000004
2025-08-01 11:41:14 AM,451.7,2,903.4,17228266.450000003
2025-08-01 11:41:39 AM,452.0,0,0.0,17228266.450000003
2025-08-01 11:41:44 AM,452.0,58,26216.0,17254482.450000003
2025-08-01 11:42:01 AM,452.05,0,0.0,17254482.450000003
2025-08-01 11:42:04 AM,452.05,15,6780.75,17261263.200000003
2025-08-01 11:42:13 AM,451.5,0,0.0,17261263.200000003
2025-08-01 11:42:14 AM,451.5,223,100684.5,17361947.700000003
2025-08-01 11:42:35 AM,451.7,100,45170.0,17407117.700000003
2025-08-01 11:42:49 AM,451.4,0,0.0,17407117.700000003
2025-08-01 11:42:51 AM,451.4,2,902.8,17408020.500000004
2025-08-01 11:42:57 AM,451.3,0,0.0,17408020.500000004
2025-08-01 11:42:57 AM,451.3,76,34298.8,17442319.300000004
2025-08-01 11:43:15 AM,451.05,0,0.0,17442319.300000004
2025-08-01 11:43:18 AM,451.05,100,45105.0,17487424.300000004
2025-08-01 11:43:33 AM,451.0,0,0.0,17487424.300000004
2025-08-01 11:43:34 AM,451.0,54,24354.0,17511778.300000004
2025-08-01 11:44:03 AM,450.55,0,0.0,17511778.300000004
2025-08-01 11:44:05 AM,450.55,50,22527.5,17534305.800000004
2025-08-01 11:44:13 AM,450.4,0,0.0,17534305.800000004
2025-08-01 11:44:17 AM,450.5,0,0.0,17534305.800000004
2025-08-01 11:44:17 AM,450.5,54,24327.0,17558632.800000004
2025-08-01 11:44:33 AM,450.1,0,0.0,17558632.800000004
2025-08-01 11:44:34 AM,450.1,203,91370.3,17650003.100000005
2025-08-01 11:44:40 AM,450.1,41,18454.100000000002,17668457.200000007
2025-08-01 11:44:54 AM,450.05,0,0.0,17668457.200000007
2025-08-01 11:44:56 AM,450.1,89,40058.9,17708516.100000005
2025-08-01 11:44:57 AM,450.05,0,0.0,17708516.100000005
2025-08-01 11:45:01 AM,450.1,12,5401.200000000001,17713917.300000004
2025-08-01 11:46:00 AM,451.7,0,0.0,17713917.300000004
2025-08-01 11:46:00 AM,451.7,796,359553.2,18073470.500000004
2025-08-01 11:47:12 AM,451.5,0,0.0,18073470.500000004
2025-08-01 11:47:14 AM,451.5,35,15802.5,18089273.000000004
2025-08-01 11:48:15 AM,451.0,0,0.0,18089273.000000004
2025-08-01 11:48:15 AM,451.0,431,194381.0,18283654.000000004
2025-08-01 11:48:17 AM,451.2,0,0.0,18283654.000000004
2025-08-01 11:48:20 AM,451.2,80,36096.0,18319750.000000004
2025-08-01 11:48:28 AM,451.3,0,0.0,18319750.000000004
2025-08-01 11:48:30 AM,451.3,99,44678.700000000004,18364428.700000003
2025-08-01 11:48:46 AM,451.7,1,451.7,18364880.400000002
2025-08-01 11:49:23 AM,451.8,0,0.0,18364880.400000002
2025-08-01 11:49:27 AM,451.8,68,30722.4,18395602.8
2025-08-01 11:49:42 AM,451.85,0,0.0,18395602.8
2025-08-01 11:49:43 AM,451.85,16,7229.6,18402832.400000002
2025-08-01 11:50:31 AM,451.9,0,0.0,18402832.400000002
2025-08-01 11:50:34 AM,451.9,150,67785.0,18470617.400000002
2025-08-01 11:51:03 AM,451.9,20,9038.0,18479655.400000002
2025-08-01 11:51:28 AM,451.9,101,45641.899999999994,18525297.3
2025-08-01 11:52:18 AM,451.9,2,903.8,18526201.1
2025-08-01 11:52:48 AM,451.9,15,6778.5,18532979.6
2025-08-01 11:53:29 AM,451.35,0,0.0,18532979.6
2025-08-01 11:53:30 AM,451.35,50,22567.5,18555547.1
2025-08-01 11:53:50 AM,451.35,69,31143.15,18586690.25
2025-08-01 11:54:37 AM,451.05,0,0.0,18586690.25
2025-08-01 11:54:41 AM,451.05,61,27514.05,18614204.3
2025-08-01 11:54:45 AM,451.45,0,0.0,18614204.3
2025-08-01 11:54:46 AM,451.45,37,16703.649999999998,18630907.95
2025-08-01 11:55:21 AM,451.45,25,11286.25,18642194.2
2025-08-01 11:55:45 AM,451.4,0,0.0,18642194.2
2025-08-01 11:55:46 AM,451.4,5,2257.0,18644451.2
2025-08-01 11:56:02 AM,451.0,0,0.0,18644451.2
2025-08-01 11:56:02 AM,451.0,73,32923.0,18677374.2
2025-08-01 11:56:48 AM,451.0,191,86141.0,18763515.2
2025-08-01 11:57:33 AM,450.35,0,0.0,18763515.2
2025-08-01 11:57:33 AM,450.35,68,30623.800000000003,18794139.0
2025-08-01 11:57:47 AM,450.35,18,8106.3,18802245.3
2025-08-01 11:58:17 AM,450.25,0,0.0,18802245.3
2025-08-01 11:58:19 AM,450.25,49,22062.25,18824307.55
2025-08-01 11:58:54 AM,450.35,0,0.0,18824307.55
2025-08-01 11:58:56 AM,450.35,1,450.35,18824757.900000002
2025-08-01 11:59:04 AM,450.0,0,0.0,18824757.900000002
2025-08-01 11:59:06 AM,450.0,223,100350.0,18925107.900000002
2025-08-01 11:59:12 AM,450.05,1,450.05,18925557.950000003
2025-08-01 11:59:22 AM,450.1,50,22505.0,18948062.950000003
2025-08-01 11:59:30 AM,450.65,0,0.0,18948062.950000003
2025-08-01 11:59:31 AM,450.65,115,51824.75,18999887.700000003
2025-08-01 12:00:26 PM,450.6,1,450.6,19000338.300000004
2025-08-01 12:00:57 PM,451.05,0,0.0,19000338.300000004
2025-08-01 12:00:59 PM,451.05,44,19846.2,19020184.500000004
2025-08-01 12:02:18 PM,450.6,2,901.2,19021085.700000003
2025-08-01 12:03:32 PM,450.6,40,18024.0,19039109.700000003
2025-08-01 12:05:32 PM,450.95,0,0.0,19039109.700000003
2025-08-01 12:05:32 PM,450.95,5,2254.75,19041364.450000003
2025-08-01 12:06:07 PM,450.95,1,450.95,19041815.400000002
2025-08-01 12:06:28 PM,451.5,0,0.0,19041815.400000002
2025-08-01 12:06:31 PM,451.5,344,155316.0,19197131.400000002
2025-08-01 12:06:45 PM,451.45,40,18058.0,19215189.400000002
2025-08-01 12:07:00 PM,450.95,0,0.0,19215189.400000002
2025-08-01 12:07:00 PM,450.95,720,324684.0,19539873.400000002
2025-08-01 12:08:34 PM,451.35,0,0.0,19539873.400000002
2025-08-01 12:08:36 PM,451.35,68,30691.800000000003,19570565.200000003
2025-08-01 12:08:50 PM,451.4,0,0.0,19570565.200000003
2025-08-01 12:08:51 PM,451.4,1,451.4,19571016.6
2025-08-01 12:08:52 PM,451.0,0,0.0,19571016.6
2025-08-01 12:08:56 PM,451.0,1,451.0,19571467.6
2025-08-01 12:09:20 PM,451.5,0,0.0,19571467.6
2025-08-01 12:09:21 PM,451.5,15,6772.5,19578240.1
2025-08-01 12:09:55 PM,451.6,35,15806.0,19594046.1
2025-08-01 12:10:02 PM,451.2,0,0.0,19594046.1
2025-08-01 12:10:06 PM,451.2,50,22560.0,19616606.1
2025-08-01 12:10:16 PM,451.2,9,4060.7999999999997,19620666.900000002
2025-08-01 12:12:19 PM,451.2,43,19401.6,19640068.500000004
2025-08-01 12:13:28 PM,451.0,0,0.0,19640068.500000004
2025-08-01 12:13:30 PM,451.0,1,451.0,19640519.500000004
2025-08-01 12:14:10 PM,451.55,0,0.0,19640519.500000004
2025-08-01 12:14:10 PM,451.55,3,1354.65,19641874.150000002
2025-08-01 12:14:24 PM,451.7,0,0.0,19641874.150000002
2025-08-01 12:14:25 PM,451.7,50,22585.0,19664459.150000002
2025-08-01 12:14:30 PM,451.1,49,22103.9,19686563.05
2025-08-01 12:14:35 PM,451.55,30,13546.5,19700109.55
2025-08-01 12:15:04 PM,451.6,0,0.0,19700109.55
2025-08-01 12:15:05 PM,451.6,25,11290.0,19711399.55
2025-08-01 12:18:27 PM,451.2,10,4512.0,19715911.55
2025-08-01 12:18:56 PM,451.25,0,0.0,19715911.55
2025-08-01 12:18:57 PM,451.25,1,451.25,19716362.8
2025-08-01 12:20:11 PM,451.5,0,0.0,19716362.8
2025-08-01 12:20:14 PM,451.5,1,451.5,19716814.3
2025-08-01 12:20:35 PM,451.5,300,135450.0,19852264.3
2025-08-01 12:20:42 PM,451.75,0,0.0,19852264.3
2025-08-01 12:20:43 PM,452.45,0,0.0,19852264.3
2025-08-01 12:20:44 PM,452.6,0,0.0,19852264.3
2025-08-01 12:20:45 PM,452.6,738,334018.8,20186283.1
2025-08-01 12:20:49 PM,452.45,0,0.0,20186283.1
2025-08-01 12:20:51 PM,452.45,60,27147.0,20213430.1
2025-08-01 12:21:06 PM,451.65,69,31163.85,20244593.950000003
2025-08-01 12:21:07 PM,451.9,0,0.0,20244593.950000003
2025-08-01 12:21:10 PM,451.9,20,9038.0,20253631.950000003
2025-08-01 12:21:36 PM,451.35,0,0.0,20253631.950000003
2025-08-01 12:21:39 PM,451.35,20,9027.0,20262658.950000003
2025-08-01 12:21:57 PM,451.2,0,0.0,20262658.950000003
2025-08-01 12:21:58 PM,451.2,77,34742.4,20297401.35
2025-08-01 12:22:40 PM,450.7,0,0.0,20297401.35
2025-08-01 12:22:41 PM,450.7,432,194702.4,20492103.75
2025-08-01 12:22:50 PM,450.7,50,22535.0,20514638.75
2025-08-01 12:23:27 PM,450.1,0,0.0,20514638.75
2025-08-01 12:23:29 PM,450.1,58,26105.800000000003,20540744.55
2025-08-01 12:23:58 PM,450.55,0,0.0,20540744.55
2025-08-01 12:24:00 PM,450.55,20,9011.0,20549755.55
2025-08-01 12:24:04 PM,451.0,0,0.0,20549755.55
2025-08-01 12:24:05 PM,451.0,163,73513.0,20623268.55
2025-08-01 12:25:24 PM,451.0,146,65846.0,20689114.55
2025-08-01 12:26:16 PM,450.7,0,0.0,20689114.55
2025-08-01 12:26:20 PM,450.7,60,27042.0,20716156.55
2025-08-01 12:26:51 PM,450.3,0,0.0,20716156.55
2025-08-01 12:26:54 PM,450.3,93,41877.9,20758034.45
2025-08-01 12:26:59 PM,450.2,0,0.0,20758034.45
2025-08-01 12:27:00 PM,450.15,63,28359.449999999997,20786393.9
2025-08-01 12:27:31 PM,450.0,0,0.0,20786393.9
2025-08-01 12:27:32 PM,450.15,0,0.0,20786393.9
2025-08-01 12:27:33 PM,450.05,0,0.0,20786393.9
2025-08-01 12:27:35 PM,450.05,936,421246.8,21207640.7
2025-08-01 12:27:40 PM,450.0,1500,675000.0,21882640.7
2025-08-01 12:28:06 PM,450.9,0,0.0,21882640.7
2025-08-01 12:28:09 PM,450.9,190,85671.0,21968311.7
2025-08-01 12:29:26 PM,451.1,0,0.0,21968311.7
2025-08-01 12:29:28 PM,451.1,25,11277.5,21979589.2
2025-08-01 12:29:38 PM,450.8,0,0.0,21979589.2
2025-08-01 12:29:39 PM,450.75,335,151001.25,22130590.45
2025-08-01 12:29:58 PM,450.35,0,0.0,22130590.45
2025-08-01 12:30:01 PM,450.35,11,4953.85,22135544.3
2025-08-01 12:30:44 PM,450.05,0,0.0,22135544.3
2025-08-01 12:30:45 PM,450.05,68,30603.4,22166147.7
2025-08-01 12:31:32 PM,450.0,157,70650.0,22236797.7
2025-08-01 12:31:36 PM,450.65,0,0.0,22236797.7
2025-08-01 12:31:37 PM,450.65,189,85172.84999999999,22321970.55
2025-08-01 12:31:50 PM,451.2,0,0.0,22321970.55
2025-08-01 12:31:53 PM,451.2,36,16243.199999999999,22338213.75
2025-08-01 12:32:06 PM,450.95,0,0.0,22338213.75
2025-08-01 12:32:09 PM,450.95,1,450.95,22338664.7
2025-08-01 12:33:04 PM,450.95,50,22547.5,22361212.2
2025-08-01 12:33:32 PM,450.85,0,0.0,22361212.2
2025-08-01 12:33:34 PM,450.85,109,49142.65,22410354.849999998
2025-08-01 12:33:52 PM,450.2,0,0.0,22410354.849999998
2025-08-01 12:33:55 PM,450.2,5,2251.0,22412605.849999998
2025-08-01 12:34:20 PM,450.05,0,0.0,22412605.849999998
2025-08-01 12:34:20 PM,450.05,67,30153.350000000002,22442759.2
2025-08-01 12:34:26 PM,450.5,0,0.0,22442759.2
2025-08-01 12:34:30 PM,451.05,0,0.0,22442759.2
2025-08-01 12:34:30 PM,451.05,190,85699.5,22528458.7
2025-08-01 12:35:16 PM,450.9,0,0.0,22528458.7
2025-08-01 12:35:16 PM,450.9,43,19388.7,22547847.4
2025-08-01 12:35:24 PM,450.75,0,0.0,22547847.4
2025-08-01 12:35:26 PM,450.75,2,901.5,22548748.9
2025-08-01 12:35:32 PM,451.2,11,4963.2,22553712.099999998
2025-08-01 12:36:50 PM,450.75,61,27495.75,22581207.849999998
2025-08-01 12:37:40 PM,450.1,77,34657.700000000004,22615865.549999997
2025-08-01 12:37:43 PM,450.45,0,0.0,22615865.549999997
2025-08-01 12:37:44 PM,450.45,168,75675.59999999999,22691541.15
2025-08-01 12:38:16 PM,450.45,40,18018.0,22709559.15
2025-08-01 12:39:00 PM,450.85,0,0.0,22709559.15
2025-08-01 12:39:00 PM,450.85,51,22993.350000000002,22732552.5
2025-08-01 12:39:21 PM,450.75,0,0.0,22732552.5
2025-08-01 12:39:23 PM,450.75,1,450.75,22733003.25
2025-08-01 12:39:35 PM,450.5,0,0.0,22733003.25
2025-08-01 12:39:37 PM,450.5,1,450.5,22733453.75
2025-08-01 12:39:52 PM,450.85,0,0.0,22733453.75
2025-08-01 12:39:53 PM,450.85,133,59963.05,22793416.8
2025-08-01 12:39:54 PM,450.9,0,0.0,22793416.8
2025-08-01 12:39:58 PM,450.9,20,9018.0,22802434.8
2025-08-01 12:40:26 PM,450.55,0,0.0,22802434.8
2025-08-01 12:40:29 PM,450.55,1,450.55,22802885.35
2025-08-01 12:40:34 PM,450.9,0,0.0,22802885.35
2025-08-01 12:40:34 PM,450.9,1,450.9,22803336.25
2025-08-01 12:40:45 PM,450.9,6,2705.3999999999996,22806041.65
2025-08-01 12:41:05 PM,450.95,36,16234.199999999999,22822275.849999998
2025-08-01 12:42:58 PM,450.45,0,0.0,22822275.849999998
2025-08-01 12:42:59 PM,450.45,66,29729.7,22852005.549999997
2025-08-01 12:43:21 PM,450.45,4,1801.8,22853807.349999998
2025-08-01 12:43:24 PM,450.0,0,0.0,22853807.349999998
2025-08-01 12:43:27 PM,450.0,500,225000.0,23078807.349999998
2025-08-01 12:43:36 PM,450.35,0,0.0,23078807.349999998
2025-08-01 12:43:38 PM,450.35,343,154470.05000000002,23233277.4
2025-08-01 12:43:44 PM,451.0,33,14883.0,23248160.4
2025-08-01 12:44:10 PM,450.6,0,0.0,23248160.4
2025-08-01 12:44:11 PM,450.6,50,22530.0,23270690.4
2025-08-01 12:44:16 PM,451.0,0,0.0,23270690.4
2025-08-01 12:44:17 PM,451.0,54,24354.0,23295044.4
2025-08-01 12:44:32 PM,451.3,0,0.0,23295044.4
2025-08-01 12:44:32 PM,451.3,35,15795.5,23310839.9
2025-08-01 12:44:46 PM,451.05,0,0.0,23310839.9
2025-08-01 12:44:48 PM,451.05,50,22552.5,23333392.4
2025-08-01 12:46:04 PM,451.35,0,0.0,23333392.4
2025-08-01 12:46:04 PM,451.35,29,13089.150000000001,23346481.549999997
2025-08-01 12:46:20 PM,450.9,153,68987.7,23415469.249999996
2025-08-01 12:47:02 PM,450.3,0,0.0,23415469.249999996
2025-08-01 12:47:06 PM,450.3,76,34222.8,23449692.049999997
2025-08-01 12:47:58 PM,450.65,0,0.0,23449692.049999997
2025-08-01 12:48:01 PM,450.65,287,129336.54999999999,23579028.599999998
2025-08-01 12:48:46 PM,450.85,0,0.0,23579028.599999998
2025-08-01 12:48:47 PM,450.85,1,450.85,23579479.45
2025-08-01 12:49:01 PM,450.85,10,4508.5,23583987.95
2025-08-01 12:49:40 PM,450.85,13,5861.05,23589849.0
2025-08-01 12:50:08 PM,450.7,0,0.0,23589849.0
2025-08-01 12:50:11 PM,450.7,87,39210.9,23629059.9
2025-08-01 12:51:03 PM,450.7,485,218589.5,23847649.4
2025-08-01 12:52:00 PM,450.8,0,0.0,23847649.4
2025-08-01 12:52:05 PM,450.8,10,4508.0,23852157.4
2025-08-01 12:52:29 PM,450.5,3,1351.5,23853508.9
2025-08-01 12:53:18 PM,450.5,100,45050.0,23898558.9
2025-08-01 12:53:28 PM,450.35,74,33325.9,23931884.799999997
2025-08-01 12:53:46 PM,450.65,0,0.0,23931884.799999997
2025-08-01 12:53:49 PM,450.65,43,19377.95,23951262.749999996
2025-08-01 12:53:53 PM,450.65,1,450.65,23951713.399999995
2025-08-01 12:54:46 PM,450.15,0,0.0,23951713.399999995
2025-08-01 12:54:49 PM,450.15,50,22507.5,23974220.899999995
2025-08-01 12:55:22 PM,450.0,0,0.0,23974220.899999995
2025-08-01 12:55:26 PM,450.0,43,19350.0,23993570.899999995
2025-08-01 12:55:56 PM,450.0,55,24750.0,24018320.899999995
2025-08-01 12:56:04 PM,450.45,0,0.0,24018320.899999995
2025-08-01 12:56:05 PM,450.45,33,14864.85,24033185.749999996
2025-08-01 12:56:50 PM,450.05,0,0.0,24033185.749999996
2025-08-01 12:56:51 PM,450.05,45,20252.25,24053437.999999996
2025-08-01 12:57:06 PM,450.05,2,900.1,24054338.099999998
2025-08-01 12:57:22 PM,450.0,0,0.0,24054338.099999998
2025-08-01 12:57:26 PM,450.0,61,27450.0,24081788.099999998
2025-08-01 12:58:16 PM,450.0,62,27900.0,24109688.099999998
2025-08-01 12:59:02 PM,450.0,70,31500.0,24141188.099999998
2025-08-01 12:59:04 PM,450.35,0,0.0,24141188.099999998
2025-08-01 12:59:07 PM,450.35,1,450.35,24141638.45
2025-08-01 12:59:37 PM,450.35,40,18014.0,24159652.45
2025-08-01 01:00:25 PM,450.35,104,46836.4,24206488.849999998
2025-08-01 01:00:28 PM,450.5,0,0.0,24206488.849999998
2025-08-01 01:00:30 PM,450.5,76,34238.0,24240726.849999998
2025-08-01 01:01:01 PM,450.8,0,0.0,24240726.849999998
2025-08-01 01:01:02 PM,450.8,25,11270.0,24251996.849999998
2025-08-01 01:01:09 PM,450.35,0,0.0,24251996.849999998
2025-08-01 01:01:12 PM,450.35,50,22517.5,24274514.349999998
2025-08-01 01:01:25 PM,450.45,0,0.0,24274514.349999998
2025-08-01 01:01:27 PM,450.45,2,900.9,24275415.249999996
2025-08-01 01:01:39 PM,450.2,0,0.0,24275415.249999996
2025-08-01 01:01:39 PM,450.2,67,30163.399999999998,24305578.649999995
2025-08-01 01:01:53 PM,450.05,0,0.0,24305578.649999995
2025-08-01 01:01:53 PM,450.05,75,33753.75,24339332.399999995
2025-08-01 01:01:59 PM,450.35,0,0.0,24339332.399999995
2025-08-01 01:02:01 PM,450.35,5,2251.75,24341584.149999995
2025-08-01 01:02:03 PM,450.35,1,450.35,24342034.499999996
2025-08-01 01:02:47 PM,450.0,45,20250.0,24362284.499999996
2025-08-01 01:03:28 PM,450.0,45,20250.0,24382534.499999996
2025-08-01 01:03:55 PM,450.35,0,0.0,24382534.499999996
2025-08-01 01:03:57 PM,450.35,10,4503.5,24387037.999999996
2025-08-01 01:04:51 PM,450.5,0,0.0,24387037.999999996
2025-08-01 01:04:55 PM,450.5,35,15767.5,24402805.499999996
2025-08-01 01:05:24 PM,450.8,167,75283.6,24478089.099999998
2025-08-01 01:05:25 PM,450.85,0,0.0,24478089.099999998
2025-08-01 01:05:27 PM,451.25,0,0.0,24478089.099999998
2025-08-01 01:05:29 PM,451.25,115,51893.75,24529982.849999998
2025-08-01 01:05:59 PM,451.5,0,0.0,24529982.849999998
2025-08-01 01:06:01 PM,451.5,30,13545.0,24543527.849999998
2025-08-01 01:06:17 PM,451.5,2,903.0,24544430.849999998
2025-08-01 01:06:37 PM,451.5,10,4515.0,24548945.849999998
2025-08-01 01:06:58 PM,451.5,20,9030.0,24557975.849999998
2025-08-01 01:07:13 PM,451.5,1,451.5,24558427.349999998
2025-08-01 01:07:38 PM,451.05,0,0.0,24558427.349999998
2025-08-01 01:07:38 PM,451.3,0,0.0,24558427.349999998
2025-08-01 01:07:39 PM,451.3,89,40165.700000000004,24598593.049999997
2025-08-01 01:07:46 PM,450.5,0,0.0,24598593.049999997
2025-08-01 01:07:49 PM,450.5,125,56312.5,24654905.549999997
2025-08-01 01:07:55 PM,451.1,38,17141.8,24672047.349999998
2025-08-01 01:08:32 PM,451.2,0,0.0,24672047.349999998
2025-08-01 01:08:35 PM,451.2,10,4512.0,24676559.349999998
2025-08-01 01:08:54 PM,451.2,10,4512.0,24681071.349999998
2025-08-01 01:09:09 PM,451.2,4,1804.8,24682876.15
2025-08-01 01:09:44 PM,451.5,4,1806.0,24684682.15
2025-08-01 01:10:00 PM,451.5,2,903.0,24685585.15
2025-08-01 01:10:54 PM,451.0,0,0.0,24685585.15
2025-08-01 01:10:55 PM,451.0,516,232716.0,24918301.15
2025-08-01 01:11:45 PM,450.85,0,0.0,24918301.15
2025-08-01 01:11:45 PM,450.85,100,45085.0,24963386.15
2025-08-01 01:11:56 PM,450.9,54,24348.6,24987734.75
2025-08-01 01:12:06 PM,450.6,2,901.2,24988635.95
2025-08-01 01:12:56 PM,450.9,0,0.0,24988635.95
2025-08-01 01:12:57 PM,450.3,0,0.0,24988635.95
2025-08-01 01:12:58 PM,450.3,72,32421.600000000002,25021057.55
2025-08-01 01:13:03 PM,450.3,1,450.3,25021507.85
2025-08-01 01:14:00 PM,450.55,0,0.0,25021507.85
2025-08-01 01:14:01 PM,450.55,86,38747.3,25060255.150000002
2025-08-01 01:14:16 PM,450.3,0,0.0,25060255.150000002
2025-08-01 01:14:17 PM,450.3,25,11257.5,25071512.650000002
2025-08-01 01:14:22 PM,450.15,0,0.0,25071512.650000002
2025-08-01 01:14:22 PM,450.15,4,1800.6,25073313.250000004
2025-08-01 01:14:26 PM,450.05,0,0.0,25073313.250000004
2025-08-01 01:14:27 PM,450.05,25,11251.25,25084564.500000004
2025-08-01 01:15:10 PM,450.0,0,0.0,25084564.500000004
2025-08-01 01:15:11 PM,450.0,66,29700.0,25114264.500000004
2025-08-01 01:15:24 PM,450.6,0,0.0,25114264.500000004
2025-08-01 01:15:26 PM,450.3,0,0.0,25114264.500000004
2025-08-01 01:15:26 PM,450.3,152,68445.6,25182710.100000005
2025-08-01 01:17:48 PM,450.65,48,21631.199999999997,25204341.300000004
2025-08-01 01:18:22 PM,451.15,0,0.0,25204341.300000004
2025-08-01 01:18:23 PM,451.15,29,13083.349999999999,25217424.650000006
2025-08-01 01:18:33 PM,450.8,13,5860.400000000001,25223285.050000004
2025-08-01 01:18:49 PM,450.85,4,1803.4,25225088.450000003
2025-08-01 01:20:04 PM,450.8,0,0.0,25225088.450000003
2025-08-01 01:20:07 PM,450.8,50,22540.0,25247628.450000003
2025-08-01 01:21:02 PM,450.9,0,0.0,25247628.450000003
2025-08-01 01:21:02 PM,450.9,1,450.9,25248079.35
2025-08-01 01:21:12 PM,450.7,0,0.0,25248079.35
2025-08-01 01:21:12 PM,450.7,55,24788.5,25272867.85
2025-08-01 01:21:35 PM,450.15,0,0.0,25272867.85
2025-08-01 01:21:38 PM,450.15,20,9003.0,25281870.85
2025-08-01 01:24:08 PM,450.15,50,22507.5,25304378.35
2025-08-01 01:24:13 PM,450.55,39,17571.45,25321949.8
2025-08-01 01:24:26 PM,451.0,0,0.0,25321949.8
2025-08-01 01:24:27 PM,451.0,75,33825.0,25355774.8
2025-08-01 01:25:49 PM,450.3,0,0.0,25355774.8
2025-08-01 01:25:50 PM,450.3,50,22515.0,25378289.8
2025-08-01 01:26:05 PM,450.3,55,24766.5,25403056.3
2025-08-01 01:26:49 PM,450.85,0,0.0,25403056.3
2025-08-01 01:26:50 PM,450.85,50,22542.5,25425598.8
2025-08-01 01:26:55 PM,451.1,0,0.0,25425598.8
2025-08-01 01:26:55 PM,451.1,150,67665.0,25493263.8
2025-08-01 01:27:11 PM,450.55,0,0.0,25493263.8
2025-08-01 01:27:14 PM,450.55,20,9011.0,25502274.8
2025-08-01 01:27:57 PM,450.85,0,0.0,25502274.8
2025-08-01 01:27:58 PM,450.85,23,10369.550000000001,25512644.35
2025-08-01 01:28:55 PM,450.85,11,4959.35,25517603.700000003
2025-08-01 01:29:00 PM,451.05,54,24356.7,25541960.400000002
2025-08-01 01:29:00 PM,451.05,8,3608.4,25545568.8
2025-08-01 01:29:40 PM,450.65,0,0.0,25545568.8
2025-08-01 01:29:43 PM,450.65,50,22532.5,25568101.3
2025-08-01 01:29:54 PM,450.6,0,0.0,25568101.3
2025-08-01 01:29:57 PM,450.6,1,450.6,25568551.900000002
2025-08-01 01:31:08 PM,450.45,0,0.0,25568551.900000002
2025-08-01 01:31:12 PM,450.45,55,24774.75,25593326.650000002
2025-08-01 01:31:24 PM,450.6,0,0.0,25593326.650000002
2025-08-01 01:31:27 PM,450.6,12,5407.200000000001,25598733.85
2025-08-01 01:32:15 PM,450.8,0,0.0,25598733.85
2025-08-01 01:32:17 PM,450.8,70,31556.0,25630289.85
2025-08-01 01:33:42 PM,450.85,0,0.0,25630289.85
2025-08-01 01:33:44 PM,450.85,40,18034.0,25648323.85
2025-08-01 01:35:06 PM,450.95,0,0.0,25648323.85
2025-08-01 01:35:09 PM,450.95,23,10371.85,25658695.700000003
2025-08-01 01:35:19 PM,451.45,300,135435.0,25794130.700000003
2025-08-01 01:35:56 PM,450.9,0,0.0,25794130.700000003
2025-08-01 01:35:58 PM,450.9,60,27054.0,25821184.700000003
2025-08-01 01:37:16 PM,450.9,108,48697.2,25869881.900000002
2025-08-01 01:39:12 PM,450.3,0,0.0,25869881.900000002
2025-08-01 01:39:12 PM,450.3,1,450.3,25870332.200000003
2025-08-01 01:39:38 PM,450.0,70,31500.0,25901832.200000003
2025-08-01 01:40:04 PM,450.3,0,0.0,25901832.200000003
2025-08-01 01:40:07 PM,450.3,4,1801.2,25903633.400000002
2025-08-01 01:41:56 PM,450.3,5,2251.5,25905884.900000002
2025-08-01 01:42:21 PM,450.3,2,900.6,25906785.500000004
2025-08-01 01:43:25 PM,450.3,1,450.3,25907235.800000004
2025-08-01 01:43:32 PM,450.5,0,0.0,25907235.800000004
2025-08-01 01:43:35 PM,450.5,12,5406.0,25912641.800000004
2025-08-01 01:44:05 PM,450.5,49,22074.5,25934716.300000004
2025-08-01 01:44:21 PM,450.5,53,23876.5,25958592.800000004
2025-08-01 01:44:38 PM,450.8,0,0.0,25958592.800000004
2025-08-01 01:44:40 PM,450.55,37,16670.350000000002,25975263.150000006
2025-08-01 01:45:24 PM,450.85,0,0.0,25975263.150000006
2025-08-01 01:45:25 PM,450.85,1,450.85,25975714.000000007
2025-08-01 01:45:28 PM,450.55,0,0.0,25975714.000000007
2025-08-01 01:45:30 PM,450.55,3,1351.65,25977065.650000006
2025-08-01 01:45:54 PM,450.55,43,19373.65,25996439.300000004
2025-08-01 01:46:38 PM,450.9,0,0.0,25996439.300000004
2025-08-01 01:46:39 PM,450.9,10,4509.0,26000948.300000004
2025-08-01 01:46:58 PM,450.85,0,0.0,26000948.300000004
2025-08-01 01:46:59 PM,450.85,1,450.85,26001399.150000006
2025-08-01 01:47:00 PM,450.5,0,0.0,26001399.150000006
2025-08-01 01:47:00 PM,450.5,1,450.5,26001849.650000006
2025-08-01 01:47:39 PM,450.5,44,19822.0,26021671.650000006
2025-08-01 01:48:09 PM,450.5,43,19371.5,26041043.150000006
2025-08-01 01:48:58 PM,450.9,0,0.0,26041043.150000006
2025-08-01 01:48:59 PM,450.9,20,9018.0,26050061.150000006
2025-08-01 01:49:24 PM,450.5,0,0.0,26050061.150000006
2025-08-01 01:49:27 PM,450.5,45,20272.5,26070333.650000006
2025-08-01 01:50:14 PM,450.9,0,0.0,26070333.650000006
2025-08-01 01:50:16 PM,450.9,21,9468.9,26079802.550000004
2025-08-01 01:52:10 PM,450.5,0,0.0,26079802.550000004
2025-08-01 01:52:13 PM,450.5,71,31985.5,26111788.050000004
2025-08-01 01:52:54 PM,450.75,0,0.0,26111788.050000004
2025-08-01 01:52:57 PM,450.75,10,4507.5,26116295.550000004
2025-08-01 01:53:00 PM,450.5,0,0.0,26116295.550000004
2025-08-01 01:53:02 PM,450.5,46,20723.0,26137018.550000004
2025-08-01 01:53:47 PM,450.15,0,0.0,26137018.550000004
2025-08-01 01:53:48 PM,450.5,0,0.0,26137018.550000004
2025-08-01 01:53:48 PM,450.5,161,72530.5,26209549.050000004
2025-08-01 01:54:26 PM,450.3,0,0.0,26209549.050000004
2025-08-01 01:54:27 PM,450.3,53,23865.9,26233414.950000003
2025-08-01 01:55:14 PM,450.15,0,0.0,26233414.950000003
2025-08-01 01:55:16 PM,450.15,7,3151.0499999999997,26236566.000000004
2025-08-01 01:55:29 PM,449.45,0,0.0,26236566.000000004
2025-08-01 01:55:30 PM,449.0,0,0.0,26236566.000000004
2025-08-01 01:55:31 PM,449.0,5735,2575015.0,28811581.000000004
2025-08-01 01:55:32 PM,449.1,0,0.0,28811581.000000004
2025-08-01 01:55:34 PM,449.55,0,0.0,28811581.000000004
2025-08-01 01:55:36 PM,449.55,43,19330.65,28830911.650000002
2025-08-01 01:55:38 PM,449.8,0,0.0,28830911.650000002
2025-08-01 01:55:41 PM,449.8,76,34184.8,28865096.450000003
2025-08-01 01:55:42 PM,449.9,0,0.0,28865096.450000003
2025-08-01 01:55:46 PM,449.9,32,14396.8,28879493.250000004
2025-08-01 01:56:06 PM,450.0,2,900.0,28880393.250000004
2025-08-01 01:56:46 PM,450.0,180,81000.0,28961393.250000004
2025-08-01 01:58:19 PM,450.0,50,22500.0,28983893.250000004
2025-08-01 01:58:49 PM,450.0,64,28800.0,29012693.250000004
2025-08-01 01:59:15 PM,450.0,235,105750.0,29118443.250000004
2025-08-01 01:59:18 PM,450.15,0,0.0,29118443.250000004
2025-08-01 01:59:19 PM,450.15,42,18906.3,29137349.550000004
2025-08-01 02:00:04 PM,450.0,0,0.0,29137349.550000004
2025-08-01 02:00:05 PM,450.0,269,121050.0,29258399.550000004
2025-08-01 02:00:16 PM,449.75,0,0.0,29258399.550000004
2025-08-01 02:00:18 PM,449.6,0,0.0,29258399.550000004
2025-08-01 02:00:21 PM,449.6,801,360129.60000000003,29618529.150000006
2025-08-01 02:00:25 PM,449.8,3,1349.4,29619878.550000004
2025-08-01 02:00:26 PM,449.5,0,0.0,29619878.550000004
2025-08-01 02:00:30 PM,449.5,47,21126.5,29641005.050000004
2025-08-01 02:00:32 PM,449.85,0,0.0,29641005.050000004
2025-08-01 02:00:35 PM,449.85,9,4048.65,29645053.700000003
2025-08-01 02:00:35 PM,449.95,0,0.0,29645053.700000003
2025-08-01 02:00:36 PM,449.9,0,0.0,29645053.700000003
2025-08-01 02:00:39 PM,449.9,14,6298.599999999999,29651352.300000004
2025-08-01 02:00:40 PM,449.95,0,0.0,29651352.300000004
2025-08-01 02:00:44 PM,449.95,107,48144.65,29699496.950000003
2025-08-01 02:00:48 PM,450.05,0,0.0,29699496.950000003
2025-08-01 02:00:49 PM,450.05,298,134114.9,29833611.85
2025-08-01 02:01:47 PM,449.95,2,899.9,29834511.75
2025-08-01 02:02:34 PM,449.75,0,0.0,29834511.75
2025-08-01 02:02:36 PM,449.75,167,75108.25,29909620.0
2025-08-01 02:02:56 PM,449.35,25,11233.75,29920853.75
2025-08-01 02:02:56 PM,449.35,4,1797.4,29922651.15
2025-08-01 02:03:01 PM,449.35,16,7189.6,29929840.75
2025-08-01 02:03:01 PM,449.35,3,1348.0500000000002,29931188.8
2025-08-01 02:03:22 PM,449.35,1,449.35,29931638.150000002
2025-08-01 02:03:38 PM,449.1,0,0.0,29931638.150000002
2025-08-01 02:03:42 PM,449.1,47,21107.7,29952745.85
2025-08-01 02:03:52 PM,449.35,8,3594.8,29956340.650000002
2025-08-01 02:03:54 PM,449.1,0,0.0,29956340.650000002
2025-08-01 02:03:56 PM,448.7,0,0.0,29956340.650000002
2025-08-01 02:03:57 PM,448.7,82,36793.4,29993134.05
2025-08-01 02:04:00 PM,448.8,0,0.0,29993134.05
2025-08-01 02:04:02 PM,448.8,1,448.8,29993582.85
2025-08-01 02:04:07 PM,448.8,45,20196.0,30013778.85
2025-08-01 02:04:27 PM,449.0,6,2694.0,30016472.85
2025-08-01 02:04:27 PM,449.0,1,449.0,30016921.85
2025-08-01 02:04:38 PM,448.4,78,34975.2,30051897.05
2025-08-01 02:04:38 PM,448.85,0,0.0,30051897.05
2025-08-01 02:04:43 PM,448.85,56,25135.600000000002,30077032.650000002
2025-08-01 02:05:02 PM,448.15,0,0.0,30077032.650000002
2025-08-01 02:05:03 PM,448.15,59,26440.85,30103473.500000004
2025-08-01 02:05:04 PM,449.15,0,0.0,30103473.500000004
2025-08-01 02:05:08 PM,449.15,626,281167.89999999997,30384641.400000002
2025-08-01 02:05:13 PM,449.4,0,0.0,30384641.400000002
2025-08-01 02:05:13 PM,449.4,153,68758.2,30453399.6
2025-08-01 02:05:33 PM,449.3,23,10333.9,30463733.5
2025-08-01 02:05:43 PM,449.25,0,0.0,30463733.5
2025-08-01 02:05:43 PM,449.25,4,1797.0,30465530.5
2025-08-01 02:05:48 PM,449.25,2,898.5,30466429.0
2025-08-01 02:05:57 PM,449.25,54,24259.5,30490688.5
2025-08-01 02:05:58 PM,449.25,49,22013.25,30512701.75
2025-08-01 02:06:03 PM,449.2,0,0.0,30512701.75
2025-08-01 02:06:07 PM,449.2,7,3144.4,30515846.15
2025-08-01 02:06:07 PM,449.2,1,449.2,30516295.349999998
2025-08-01 02:07:19 PM,449.05,0,0.0,30516295.349999998
2025-08-01 02:07:20 PM,449.05,68,30535.4,30546830.749999996
2025-08-01 02:07:29 PM,448.95,10,4489.5,30551320.249999996
2025-08-01 02:07:40 PM,448.85,0,0.0,30551320.249999996
2025-08-01 02:07:45 PM,448.85,1,448.85,30551769.099999998
2025-08-01 02:07:50 PM,448.85,103,46231.55,30598000.65
2025-08-01 02:08:00 PM,448.9,15,6733.5,30604734.15
2025-08-01 02:08:11 PM,448.9,3,1346.6999999999998,30606080.849999998
2025-08-01 02:08:35 PM,448.5,0,0.0,30606080.849999998
2025-08-01 02:08:36 PM,448.5,76,34086.0,30640166.849999998
2025-08-01 02:08:56 PM,448.65,0,0.0,30640166.849999998
2025-08-01 02:08:57 PM,448.65,4,1794.6,30641961.45
2025-08-01 02:08:59 PM,448.2,0,0.0,30641961.45
2025-08-01 02:09:02 PM,448.2,12,5378.4,30647339.849999998
2025-08-01 02:09:11 PM,448.3,0,0.0,30647339.849999998
2025-08-01 02:09:12 PM,448.1,56,25093.600000000002,30672433.45
2025-08-01 02:09:13 PM,448.4,38,17039.2,30689472.65
2025-08-01 02:09:32 PM,448.5,14,6279.0,30695751.65
2025-08-01 02:09:37 PM,448.05,74,33155.700000000004,30728907.349999998
2025-08-01 02:09:38 PM,447.95,0,0.0,30728907.349999998
2025-08-01 02:09:42 PM,447.95,36,16126.199999999999,30745033.549999997
2025-08-01 02:09:54 PM,448.05,0,0.0,30745033.549999997
2025-08-01 02:09:57 PM,448.05,17,7616.85,30752650.4
2025-08-01 02:10:12 PM,447.5,68,30430.0,30783080.4
2025-08-01 02:10:12 PM,447.9,0,0.0,30783080.4
2025-08-01 02:10:17 PM,447.9,28,12541.199999999999,30795621.599999998
2025-08-01 02:10:22 PM,448.15,306,137133.9,30932755.499999996
2025-08-01 02:10:22 PM,448.3,0,0.0,30932755.499999996
2025-08-01 02:10:27 PM,448.3,70,31381.0,30964136.499999996
2025-08-01 02:10:32 PM,448.45,0,0.0,30964136.499999996
2025-08-01 02:10:32 PM,448.45,1,448.45,30964584.949999996
2025-08-01 02:10:40 PM,448.55,0,0.0,30964584.949999996
2025-08-01 02:10:42 PM,448.6,59,26467.4,30991052.349999994
2025-08-01 02:10:47 PM,448.6,9,4037.4,30995089.749999993
2025-08-01 02:11:02 PM,449.0,1,449.0,30995538.749999993
2025-08-01 02:11:19 PM,448.95,0,0.0,30995538.749999993
2025-08-01 02:11:19 PM,448.95,280,125706.0,31121244.749999993
2025-08-01 02:11:20 PM,448.9,0,0.0,31121244.749999993
2025-08-01 02:11:24 PM,448.9,8,3591.2,31124835.94999999
2025-08-01 02:11:30 PM,448.75,0,0.0,31124835.94999999
2025-08-01 02:11:34 PM,448.75,80,35900.0,31160735.94999999
2025-08-01 02:11:36 PM,448.65,0,0.0,31160735.94999999
2025-08-01 02:11:40 PM,448.65,2,897.3,31161633.249999993
2025-08-01 02:11:45 PM,448.45,1,448.45,31162081.69999999
2025-08-01 02:12:00 PM,448.65,1,448.65,31162530.34999999
2025-08-01 02:12:05 PM,448.75,68,30515.0,31193045.34999999
2025-08-01 02:12:10 PM,448.75,23,10321.25,31203366.59999999
2025-08-01 02:12:12 PM,448.9,0,0.0,31203366.59999999
2025-08-01 02:12:16 PM,448.9,74,33218.6,31236585.19999999
2025-08-01 02:12:41 PM,448.9,11,4937.9,31241523.09999999
2025-08-01 02:12:44 PM,448.85,0,0.0,31241523.09999999
2025-08-01 02:12:46 PM,448.85,30,13465.5,31254988.59999999
2025-08-01 02:12:51 PM,448.85,4,1795.4,31256783.99999999
2025-08-01 02:12:56 PM,448.85,1,448.85,31257232.84999999
2025-08-01 02:12:58 PM,448.85,2,897.7,31258130.54999999
2025-08-01 02:13:01 PM,448.85,10,4488.5,31262619.04999999
2025-08-01 02:13:06 PM,448.85,2,897.7,31263516.74999999
2025-08-01 02:14:36 PM,448.75,0,0.0,31263516.74999999
2025-08-01 02:14:36 PM,448.7,92,41280.4,31304797.149999987
2025-08-01 02:14:58 PM,448.6,14,6280.400000000001,31311077.549999986
2025-08-01 02:15:04 PM,448.0,0,0.0,31311077.549999986
2025-08-01 02:15:09 PM,448.0,66,29568.0,31340645.549999986
2025-08-01 02:15:14 PM,448.0,10,4480.0,31345125.549999986
2025-08-01 02:15:27 PM,447.9,44,19707.6,31364833.149999987
2025-08-01 02:15:30 PM,447.9,115,51508.5,31416341.649999987
2025-08-01 02:15:35 PM,448.25,68,30481.0,31446822.649999987
2025-08-01 02:15:47 PM,448.25,1,448.25,31447270.899999987
2025-08-01 02:15:50 PM,448.25,34,15240.5,31462511.399999987
2025-08-01 02:16:06 PM,448.25,6,2689.5,31465200.899999987
2025-08-01 02:16:21 PM,448.2,1,448.2,31465649.099999987
2025-08-01 02:16:43 PM,447.55,60,26853.0,31492502.099999987
2025-08-01 02:16:48 PM,447.95,260,116467.0,31608969.099999987
2025-08-01 02:17:02 PM,448.4,0,0.0,31608969.099999987
2025-08-01 02:17:02 PM,448.4,48,21523.199999999997,31630492.299999986
2025-08-01 02:17:20 PM,448.2,0,0.0,31630492.299999986
2025-08-01 02:17:22 PM,448.2,8,3585.6,31634077.899999987
2025-08-01 02:17:22 PM,447.75,0,0.0,31634077.899999987
2025-08-01 02:17:23 PM,448.05,119,53317.950000000004,31687395.849999987
2025-08-01 02:17:52 PM,448.1,0,0.0,31687395.849999987
2025-08-01 02:17:52 PM,448.1,18,8065.8,31695461.649999987
2025-08-01 02:17:53 PM,448.1,3,1344.3000000000002,31696805.949999988
2025-08-01 02:18:08 PM,448.15,1,448.15,31697254.099999987
2025-08-01 02:18:10 PM,447.75,0,0.0,31697254.099999987
2025-08-01 02:18:13 PM,447.75,1,447.75,31697701.849999987
2025-08-01 02:18:44 PM,448.15,0,0.0,31697701.849999987
2025-08-01 02:18:44 PM,448.15,4,1792.6,31699494.449999988
2025-08-01 02:19:08 PM,447.7,0,0.0,31699494.449999988
2025-08-01 02:19:08 PM,447.7,66,29548.2,31729042.649999987
2025-08-01 02:19:09 PM,447.6,1,447.6,31729490.24999999
2025-08-01 02:19:19 PM,447.8,1,447.8,31729938.04999999
2025-08-01 02:19:24 PM,447.85,8,3582.8,31733520.84999999
2025-08-01 02:19:35 PM,447.45,59,26399.55,31759920.39999999
2025-08-01 02:19:35 PM,447.55,1,447.55,31760367.94999999
2025-08-01 02:19:41 PM,447.55,1,447.55,31760815.499999993
2025-08-01 02:19:46 PM,447.7,0,0.0,31760815.499999993
2025-08-01 02:19:46 PM,447.7,1,447.7,31761263.19999999
2025-08-01 02:19:51 PM,447.7,7,3133.9,31764397.09999999
2025-08-01 02:19:52 PM,447.7,1,447.7,31764844.79999999
2025-08-01 02:19:54 PM,447.65,0,0.0,31764844.79999999
2025-08-01 02:19:56 PM,447.1,0,0.0,31764844.79999999
2025-08-01 02:19:56 PM,447.35,0,0.0,31764844.79999999
2025-08-01 02:19:56 PM,447.55,462,206768.1,31971612.89999999
2025-08-01 02:20:02 PM,447.55,170,76083.5,32047696.39999999
2025-08-01 02:20:07 PM,447.55,48,21482.4,32069178.79999999
2025-08-01 02:20:27 PM,447.75,102,45670.5,32114849.29999999
2025-08-01 02:20:27 PM,447.75,15,6716.25,32121565.54999999
2025-08-01 02:20:37 PM,447.75,2,895.5,32122461.04999999
2025-08-01 02:20:42 PM,447.75,1,447.75,32122908.79999999
2025-08-01 02:20:56 PM,447.85,0,0.0,32122908.79999999
2025-08-01 02:20:57 PM,447.85,200,89570.0,32212478.79999999
2025-08-01 02:21:02 PM,448.15,0,0.0,32212478.79999999
2025-08-01 02:21:02 PM,448.15,39,17477.85,32229956.64999999
2025-08-01 02:21:04 PM,448.2,0,0.0,32229956.64999999
2025-08-01 02:21:07 PM,448.2,50,22410.0,32252366.64999999
2025-08-01 02:21:08 PM,448.15,0,0.0,32252366.64999999
2025-08-01 02:21:13 PM,448.15,7,3137.0499999999997,32255503.69999999
2025-08-01 02:21:18 PM,448.15,1,448.15,32255951.84999999
2025-08-01 02:21:22 PM,447.95,0,0.0,32255951.84999999
2025-08-01 02:21:23 PM,447.9,0,0.0,32255951.84999999
2025-08-01 02:21:23 PM,447.9,93,41654.7,32297606.54999999
2025-08-01 02:21:49 PM,447.9,14,6270.599999999999,32303877.14999999
2025-08-01 02:21:52 PM,448.0,0,0.0,32303877.14999999
2025-08-01 02:21:55 PM,447.9,92,41206.799999999996,32345083.94999999
2025-08-01 02:21:55 PM,447.9,25,11197.5,32356281.44999999
2025-08-01 02:22:07 PM,447.85,0,0.0,32356281.44999999
2025-08-01 02:22:10 PM,447.55,0,0.0,32356281.44999999
2025-08-01 02:22:11 PM,447.55,1004,449340.2,32805621.64999999
2025-08-01 02:22:13 PM,447.3,0,0.0,32805621.64999999
2025-08-01 02:22:16 PM,447.65,0,0.0,32805621.64999999
2025-08-01 02:22:16 PM,447.65,217,97140.04999999999,32902761.69999999
2025-08-01 02:22:20 PM,447.95,0,0.0,32902761.69999999
2025-08-01 02:22:22 PM,447.95,100,44795.0,32947556.69999999
2025-08-01 02:22:32 PM,447.75,408,182682.0,33130238.69999999
2025-08-01 02:22:34 PM,447.65,0,0.0,33130238.69999999
2025-08-01 02:22:38 PM,447.65,95,42526.75,33172765.44999999
2025-08-01 02:22:54 PM,447.8,0,0.0,33172765.44999999
2025-08-01 02:22:54 PM,447.8,15,6717.0,33179482.44999999
2025-08-01 02:22:57 PM,447.7,0,0.0,33179482.44999999
2025-08-01 02:22:58 PM,447.6,0,0.0,33179482.44999999
2025-08-01 02:22:59 PM,447.6,140,62664.0,33242146.44999999
2025-08-01 02:23:00 PM,447.7,0,0.0,33242146.44999999
2025-08-01 02:23:04 PM,447.7,21,9401.699999999999,33251548.14999999
2025-08-01 02:23:07 PM,447.25,0,0.0,33251548.14999999
2025-08-01 02:23:10 PM,447.25,20,8945.0,33260493.14999999
2025-08-01 02:23:15 PM,447.4,1,447.4,33260940.54999999
2025-08-01 02:23:24 PM,446.95,0,0.0,33260940.54999999
2025-08-01 02:23:26 PM,446.95,82,36649.9,33297590.449999988
2025-08-01 02:23:29 PM,446.9,0,0.0,33297590.449999988
2025-08-01 02:23:31 PM,446.9,2,893.8,33298484.24999999
2025-08-01 02:23:47 PM,447.35,0,0.0,33298484.24999999
2025-08-01 02:23:47 PM,447.35,12,5368.200000000001,33303852.449999988
2025-08-01 02:23:52 PM,447.35,2,894.7,33304747.149999987
2025-08-01 02:24:00 PM,447.2,0,0.0,33304747.149999987
2025-08-01 02:24:02 PM,447.15,0,0.0,33304747.149999987
2025-08-01 02:24:03 PM,447.15,70,31300.5,33336047.649999987
2025-08-01 02:24:05 PM,447.2,0,0.0,33336047.649999987
2025-08-01 02:24:08 PM,447.2,10,4472.0,33340519.649999987
2025-08-01 02:24:14 PM,447.2,182,81390.4,33421910.049999986
2025-08-01 02:24:26 PM,447.45,0,0.0,33421910.049999986
2025-08-01 02:24:29 PM,447.45,1,447.45,33422357.499999985
2025-08-01 02:24:39 PM,447.85,27,12091.95,33434449.449999984
2025-08-01 02:24:41 PM,447.8,0,0.0,33434449.449999984
2025-08-01 02:24:45 PM,447.8,4,1791.2,33436240.649999984
2025-08-01 02:24:51 PM,447.85,0,0.0,33436240.649999984
2025-08-01 02:24:55 PM,447.85,1,447.85,33436688.499999985
2025-08-01 02:25:38 PM,447.55,0,0.0,33436688.499999985
2025-08-01 02:25:39 PM,447.55,77,34461.35,33471149.849999987
2025-08-01 02:25:55 PM,447.7,12,5372.4,33476522.249999985
2025-08-01 02:26:00 PM,447.7,1,447.7,33476969.949999984
2025-08-01 02:26:05 PM,447.7,1,447.7,33477417.649999984
2025-08-01 02:26:20 PM,447.5,0,0.0,33477417.649999984
2025-08-01 02:26:21 PM,447.5,101,45197.5,33522615.149999984
2025-08-01 02:26:23 PM,447.6,0,0.0,33522615.149999984
2025-08-01 02:26:26 PM,447.65,0,0.0,33522615.149999984
2025-08-01 02:26:26 PM,447.65,13,5819.45,33528434.599999983
2025-08-01 02:26:31 PM,447.65,2,895.3,33529329.899999984
2025-08-01 02:26:32 PM,447.65,12,5371.799999999999,33534701.699999984
2025-08-01 02:26:32 PM,447.6,0,0.0,33534701.699999984
2025-08-01 02:26:36 PM,447.6,1,447.6,33535149.299999986
2025-08-01 02:26:47 PM,447.65,0,0.0,33535149.299999986
2025-08-01 02:26:47 PM,447.65,1,447.65,33535596.949999984
2025-08-01 02:26:50 PM,447.5,0,0.0,33535596.949999984
2025-08-01 02:26:52 PM,447.5,51,22822.5,33558419.44999999
2025-08-01 02:26:56 PM,447.6,0,0.0,33558419.44999999
2025-08-01 02:26:58 PM,447.6,2,895.2,33559314.64999999
2025-08-01 02:27:03 PM,447.65,0,0.0,33559314.64999999
2025-08-01 02:27:03 PM,447.65,6,2685.8999999999996,33562000.54999999
2025-08-01 02:27:05 PM,447.6,0,0.0,33562000.54999999
2025-08-01 02:27:09 PM,447.6,6,2685.6000000000004,33564686.14999999
2025-08-01 02:27:14 PM,447.5,0,0.0,33564686.14999999
2025-08-01 02:27:15 PM,447.5,72,32220.0,33596906.14999999
2025-08-01 02:27:20 PM,447.5,12,5370.0,33602276.14999999
2025-08-01 02:27:25 PM,447.5,2,895.0,33603171.14999999
2025-08-01 02:27:41 PM,447.35,56,25051.600000000002,33628222.74999999
2025-08-01 02:27:52 PM,447.5,0,0.0,33628222.74999999
2025-08-01 02:27:52 PM,447.5,8,3580.0,33631802.74999999
2025-08-01 02:27:52 PM,447.5,2,895.0,33632697.74999999
2025-08-01 02:28:07 PM,446.9,0,0.0,33632697.74999999
2025-08-01 02:28:09 PM,446.9,215,96083.5,33728781.24999999
2025-08-01 02:28:28 PM,447.1,0,0.0,33728781.24999999
2025-08-01 02:28:30 PM,447.1,1,447.1,33729228.349999994
2025-08-01 02:28:35 PM,447.2,447,199898.4,33929126.74999999
2025-08-01 02:28:58 PM,447.4,286,127956.4,34057083.14999999
2025-08-01 02:29:03 PM,447.5,0,0.0,34057083.14999999
2025-08-01 02:29:03 PM,447.5,18,8055.0,34065138.14999999
2025-08-01 02:29:07 PM,447.3,0,0.0,34065138.14999999
2025-08-01 02:29:09 PM,447.3,62,27732.600000000002,34092870.74999999
2025-08-01 02:29:10 PM,447.4,0,0.0,34092870.74999999
2025-08-01 02:29:10 PM,447.4,9,4026.6,34096897.349999994
2025-08-01 02:29:16 PM,447.4,2,894.8,34097792.14999999
2025-08-01 02:29:21 PM,447.4,18,8053.2,34105845.349999994
2025-08-01 02:29:22 PM,447.4,3,1342.1999999999998,34107187.55
2025-08-01 02:29:33 PM,447.3,0,0.0,34107187.55
2025-08-01 02:29:33 PM,447.3,74,33100.200000000004,34140287.75
2025-08-01 02:29:36 PM,447.25,0,0.0,34140287.75
2025-08-01 02:29:37 PM,447.25,1,447.25,34140735.0
2025-08-01 02:29:48 PM,447.4,0,0.0,34140735.0
2025-08-01 02:29:48 PM,447.4,11,4921.4,34145656.4
2025-08-01 02:29:49 PM,447.4,2,894.8,34146551.199999996
2025-08-01 02:29:51 PM,447.25,0,0.0,34146551.199999996
2025-08-01 02:29:52 PM,447.55,0,0.0,34146551.199999996
2025-08-01 02:29:53 PM,447.55,263,117705.65000000001,34264256.849999994
2025-08-01 02:29:59 PM,447.55,16,7160.8,34271417.64999999
2025-08-01 02:30:00 PM,447.7,0,0.0,34271417.64999999
2025-08-01 02:30:00 PM,447.7,2,895.4,34272313.04999999
2025-08-01 02:30:11 PM,447.7,30,13431.0,34285744.04999999
2025-08-01 02:30:23 PM,448.15,0,0.0,34285744.04999999
2025-08-01 02:30:27 PM,448.15,251,112485.65,34398229.69999999
2025-08-01 02:30:32 PM,447.9,42,18811.8,34417041.499999985
2025-08-01 02:30:33 PM,447.9,7,3135.2999999999997,34420176.79999998
2025-08-01 02:30:38 PM,447.85,0,0.0,34420176.79999998
2025-08-01 02:30:39 PM,447.8,2,895.6,34421072.39999998
2025-08-01 02:31:40 PM,447.95,0,0.0,34421072.39999998
2025-08-01 02:31:43 PM,447.95,100,44795.0,34465867.39999998
2025-08-01 02:31:43 PM,447.85,15,6717.75,34472585.14999998
2025-08-01 02:32:04 PM,448.05,2,896.1,34473481.249999985
2025-08-01 02:32:05 PM,448.05,1,448.05,34473929.29999998
2025-08-01 02:32:35 PM,447.7,0,0.0,34473929.29999998
2025-08-01 02:32:36 PM,447.85,89,39858.65,34513787.94999998
2025-08-01 02:33:00 PM,447.65,74,33126.1,34546914.04999998
2025-08-01 02:33:19 PM,447.85,0,0.0,34546914.04999998
2025-08-01 02:33:20 PM,447.85,11,4926.35,34551840.39999998
2025-08-01 02:33:28 PM,447.85,5,2239.25,34554079.64999998
2025-08-01 02:33:34 PM,447.85,1,447.85,34554527.499999985
2025-08-01 02:33:36 PM,447.85,7,3134.9500000000003,34557662.44999999
2025-08-01 02:33:39 PM,447.9,263,117797.7,34675460.14999999
2025-08-01 02:33:58 PM,448.25,0,0.0,34675460.14999999
2025-08-01 02:33:58 PM,448.25,39,17481.75,34692941.89999999
2025-08-01 02:34:00 PM,448.2,0,0.0,34692941.89999999
2025-08-01 02:34:01 PM,448.2,6,2689.2,34695631.099999994
2025-08-01 02:34:07 PM,448.2,1,448.2,34696079.3
2025-08-01 02:34:15 PM,448.25,1,448.25,34696527.55
2025-08-01 02:34:24 PM,448.25,50,22412.5,34718940.05
2025-08-01 02:34:28 PM,448.1,0,0.0,34718940.05
2025-08-01 02:34:29 PM,448.1,10,4481.0,34723421.05
2025-08-01 02:34:34 PM,448.2,0,0.0,34723421.05
2025-08-01 02:34:35 PM,448.2,1,448.2,34723869.25
2025-08-01 02:34:40 PM,448.2,1,448.2,34724317.45
2025-08-01 02:34:45 PM,447.65,0,0.0,34724317.45
2025-08-01 02:34:46 PM,447.65,50,22382.5,34746699.95
2025-08-01 02:34:59 PM,448.0,7,3136.0,34749835.95
2025-08-01 02:35:09 PM,447.85,0,0.0,34749835.95
2025-08-01 02:35:10 PM,447.85,1,447.85,34750283.800000004
2025-08-01 02:35:26 PM,447.8,0,0.0,34750283.800000004
2025-08-01 02:35:26 PM,447.8,1,447.8,34750731.6
2025-08-01 02:35:33 PM,447.3,0,0.0,34750731.6
2025-08-01 02:35:34 PM,447.3,61,27285.3,34778016.9
2025-08-01 02:35:53 PM,447.65,0,0.0,34778016.9
2025-08-01 02:35:53 PM,447.65,2,895.3,34778912.199999996
2025-08-01 02:35:59 PM,447.25,91,40699.75,34819611.949999996
2025-08-01 02:35:59 PM,447.45,0,0.0,34819611.949999996
2025-08-01 02:36:01 PM,447.45,268,119916.59999999999,34939528.55
2025-08-01 02:36:15 PM,447.2,0,0.0,34939528.55
2025-08-01 02:36:15 PM,447.6,0,0.0,34939528.55
2025-08-01 02:36:15 PM,447.6,176,78777.6,35018306.15
2025-08-01 02:36:26 PM,447.55,26,11636.300000000001,35029942.449999996
2025-08-01 02:36:37 PM,447.45,1,447.45,35030389.9
2025-08-01 02:36:42 PM,447.5,0,0.0,35030389.9
2025-08-01 02:36:42 PM,447.5,3,1342.5,35031732.4
2025-08-01 02:36:44 PM,447.5,1,447.5,35032179.9
2025-08-01 02:36:48 PM,447.45,20,8949.0,35041128.9
2025-08-01 02:37:03 PM,447.35,0,0.0,35041128.9
2025-08-01 02:37:04 PM,447.35,3,1342.0500000000002,35042470.949999996
2025-08-01 02:37:39 PM,446.75,0,0.0,35042470.949999996
2025-08-01 02:37:41 PM,446.75,54,24124.5,35066595.449999996
2025-08-01 02:37:51 PM,446.6,0,0.0,35066595.449999996
2025-08-01 02:37:52 PM,446.6,1,446.6,35067042.05
2025-08-01 02:37:53 PM,446.8,1,446.8,35067488.849999994
2025-08-01 02:38:02 PM,446.5,72,32148.0,35099636.849999994
2025-08-01 02:38:13 PM,446.75,0,0.0,35099636.849999994
2025-08-01 02:38:14 PM,446.75,1,446.75,35100083.599999994
2025-08-01 02:38:19 PM,446.5,0,0.0,35100083.599999994
2025-08-01 02:38:20 PM,446.5,68,30362.0,35130445.599999994
2025-08-01 02:38:21 PM,446.6,0,0.0,35130445.599999994
2025-08-01 02:38:21 PM,446.6,1,446.6,35130892.199999996
2025-08-01 02:38:26 PM,446.6,1,446.6,35131338.8
2025-08-01 02:38:31 PM,446.65,0,0.0,35131338.8
2025-08-01 02:38:31 PM,446.65,8,3573.2,35134912.0
2025-08-01 02:38:35 PM,446.05,0,0.0,35134912.0
2025-08-01 02:38:37 PM,446.05,51,22748.55,35157660.55
2025-08-01 02:38:41 PM,446.3,0,0.0,35157660.55
2025-08-01 02:38:43 PM,446.3,7,3124.1,35160784.65
2025-08-01 02:38:44 PM,446.4,199,88833.59999999999,35249618.25
2025-08-01 02:38:54 PM,446.8,44,19659.2,35269277.45
2025-08-01 02:39:04 PM,446.85,0,0.0,35269277.45
2025-08-01 02:39:06 PM,446.8,50,22340.0,35291617.45
2025-08-01 02:39:08 PM,446.65,0,0.0,35291617.45
2025-08-01 02:39:12 PM,446.65,27,12059.55,35303677.0
2025-08-01 02:39:18 PM,446.55,0,0.0,35303677.0
2025-08-01 02:39:18 PM,446.55,69,30811.95,35334488.95
2025-08-01 02:39:26 PM,446.8,0,0.0,35334488.95
2025-08-01 02:39:29 PM,446.8,553,247080.4,35581569.35
2025-08-01 02:39:30 PM,446.95,0,0.0,35581569.35
2025-08-01 02:39:35 PM,446.95,3,1340.85,35582910.2
2025-08-01 02:39:35 PM,447.0,1,447.0,35583357.2
2025-08-01 02:39:51 PM,447.1,0,0.0,35583357.2
2025-08-01 02:39:51 PM,447.1,90,40239.0,35623596.2
2025-08-01 02:39:52 PM,447.0,14,6258.0,35629854.2
2025-08-01 02:39:57 PM,447.1,3,1341.3000000000002,35631195.5
2025-08-01 02:41:00 PM,446.6,0,0.0,35631195.5
2025-08-01 02:41:01 PM,446.9,0,0.0,35631195.5
2025-08-01 02:41:03 PM,446.9,105,46924.5,35678120.0
2025-08-01 02:41:14 PM,446.8,0,0.0,35678120.0
2025-08-01 02:41:15 PM,446.8,2,893.6,35679013.6
2025-08-01 02:41:20 PM,446.85,0,0.0,35679013.6
2025-08-01 02:41:20 PM,446.85,14,6255.900000000001,35685269.5
2025-08-01 02:41:21 PM,446.85,10,4468.5,35689738.0
2025-08-01 02:41:35 PM,446.7,0,0.0,35689738.0
2025-08-01 02:41:36 PM,446.7,102,45563.4,35735301.4
2025-08-01 02:41:41 PM,446.45,0,0.0,35735301.4
2025-08-01 02:41:41 PM,446.45,2,892.9,35736194.3
2025-08-01 02:41:46 PM,446.65,1,446.65,35736640.949999996
2025-08-01 02:41:51 PM,446.7,13,5807.099999999999,35742448.05
2025-08-01 02:42:00 PM,446.15,0,0.0,35742448.05
2025-08-01 02:42:02 PM,446.5,0,0.0,35742448.05
2025-08-01 02:42:02 PM,446.5,68,30362.0,35772810.05
2025-08-01 02:42:21 PM,446.65,0,0.0,35772810.05
2025-08-01 02:42:23 PM,446.7,0,0.0,35772810.05
2025-08-01 02:42:24 PM,446.7,53,23675.1,35796485.15
2025-08-01 02:42:27 PM,446.6,0,0.0,35796485.15
2025-08-01 02:42:29 PM,446.6,101,45106.600000000006,35841591.75
2025-08-01 02:42:29 PM,446.7,0,0.0,35841591.75
2025-08-01 02:42:29 PM,446.7,15,6700.5,35848292.25
2025-08-01 02:42:35 PM,446.7,2,893.4,35849185.65
2025-08-01 02:42:39 PM,446.7,80,35736.0,35884921.65
2025-08-01 02:42:53 PM,447.25,0,0.0,35884921.65
2025-08-01 02:42:55 PM,447.25,80,35780.0,35920701.65
2025-08-01 02:43:11 PM,447.25,24,10734.0,35931435.65
2025-08-01 02:43:18 PM,447.35,1,447.35,35931883.0
2025-08-01 02:43:28 PM,447.35,4,1789.4,35933672.4
2025-08-01 02:43:29 PM,447.35,1,447.35,35934119.75
2025-08-01 02:43:53 PM,447.25,0,0.0,35934119.75
2025-08-01 02:43:55 PM,447.25,70,31307.5,35965427.25
2025-08-01 02:44:06 PM,447.2,10,4472.0,35969899.25
2025-08-01 02:44:07 PM,447.2,2,894.4,35970793.65
2025-08-01 02:44:10 PM,447.0,0,0.0,35970793.65
2025-08-01 02:44:12 PM,447.0,69,30843.0,36001636.65
2025-08-01 02:44:13 PM,447.1,10,4471.0,36006107.65
2025-08-01 02:44:23 PM,447.1,2,894.2,36007001.85
2025-08-01 02:44:25 PM,447.0,0,0.0,36007001.85
2025-08-01 02:44:29 PM,447.0,57,25479.0,36032480.85
2025-08-01 02:44:29 PM,447.1,9,4023.9,36036504.75
2025-08-01 02:44:34 PM,447.1,1,447.1,36036951.85
2025-08-01 02:44:46 PM,446.6,79,35281.4,36072233.25
2025-08-01 02:44:57 PM,446.85,2,893.7,36073126.95
2025-08-01 02:45:01 PM,446.9,0,0.0,36073126.95
2025-08-01 02:45:02 PM,446.9,10,4469.0,36077595.95
2025-08-01 02:45:13 PM,446.85,0,0.0,36077595.95
2025-08-01 02:45:14 PM,446.85,4,1787.4,36079383.35
2025-08-01 02:45:19 PM,446.6,0,0.0,36079383.35
2025-08-01 02:45:20 PM,446.6,55,24563.0,36103946.35
2025-08-01 02:45:20 PM,446.9,3,1340.6999999999998,36105287.050000004
2025-08-01 02:45:25 PM,446.75,20,8935.0,36114222.050000004
2025-08-01 02:45:28 PM,446.85,0,0.0,36114222.050000004
2025-08-01 02:45:31 PM,446.85,3,1340.5500000000002,36115562.6
2025-08-01 02:45:36 PM,446.85,9,4021.65,36119584.25
2025-08-01 02:45:36 PM,446.9,1,446.9,36120031.15
2025-08-01 02:45:46 PM,446.6,0,0.0,36120031.15
2025-08-01 02:45:47 PM,446.6,73,32601.800000000003,36152632.949999996
2025-08-01 02:45:49 PM,446.85,0,0.0,36152632.949999996
2025-08-01 02:45:52 PM,446.85,20,8937.0,36161569.949999996
2025-08-01 02:45:53 PM,446.85,3,1340.5500000000002,36162910.49999999
2025-08-01 02:45:58 PM,446.8,0,0.0,36162910.49999999
2025-08-01 02:45:58 PM,446.8,3,1340.4,36164250.89999999
2025-08-01 02:46:03 PM,446.85,9,4021.65,36168272.54999999
2025-08-01 02:46:04 PM,446.85,1,446.85,36168719.39999999
2025-08-01 02:46:15 PM,446.85,10,4468.5,36173187.89999999
2025-08-01 02:46:19 PM,446.6,0,0.0,36173187.89999999
2025-08-01 02:46:21 PM,446.6,73,32601.800000000003,36205789.69999999
2025-08-01 02:46:27 PM,446.75,1,446.75,36206236.44999999
2025-08-01 02:46:36 PM,446.85,0,0.0,36206236.44999999
2025-08-01 02:46:37 PM,446.85,10,4468.5,36210704.94999999
2025-08-01 02:46:38 PM,446.85,2,893.7,36211598.64999999
2025-08-01 02:46:39 PM,446.75,0,0.0,36211598.64999999
2025-08-01 02:46:43 PM,446.75,21,9381.75,36220980.39999999
2025-08-01 02:46:44 PM,446.85,3,1340.5500000000002,36222320.94999999
2025-08-01 02:46:48 PM,446.75,0,0.0,36222320.94999999
2025-08-01 02:46:48 PM,446.75,19,8488.25,36230809.19999999
2025-08-01 02:46:59 PM,446.5,163,72779.5,36303588.69999999
2025-08-01 02:47:00 PM,446.6,0,0.0,36303588.69999999
2025-08-01 02:47:00 PM,446.6,16,7145.6,36310734.29999999
2025-08-01 02:47:15 PM,446.7,0,0.0,36310734.29999999
2025-08-01 02:47:17 PM,446.7,11,4913.7,36315647.99999999
2025-08-01 02:47:31 PM,446.6,0,0.0,36315647.99999999
2025-08-01 02:47:33 PM,446.6,45,20097.0,36335744.99999999
2025-08-01 02:47:45 PM,446.5,61,27236.5,36362981.49999999
2025-08-01 02:47:53 PM,446.75,0,0.0,36362981.49999999
2025-08-01 02:47:56 PM,446.75,323,144300.25,36507281.74999999
2025-08-01 02:48:14 PM,447.05,0,0.0,36507281.74999999
2025-08-01 02:48:14 PM,447.05,48,21458.4,36528740.14999999
2025-08-01 02:48:15 PM,447.05,7,3129.35,36531869.49999999
2025-08-01 02:48:20 PM,447.45,76,34006.2,36565875.699999996
2025-08-01 02:48:42 PM,447.45,13,5816.849999999999,36571692.55
2025-08-01 02:48:42 PM,447.45,2,894.9,36572587.449999996
2025-08-01 02:48:54 PM,447.45,68,30426.6,36603014.05
2025-08-01 02:48:58 PM,447.45,69,30874.05,36633888.099999994
2025-08-01 02:48:59 PM,447.55,0,0.0,36633888.099999994
2025-08-01 02:48:59 PM,447.35,168,75154.8,36709042.89999999
2025-08-01 02:49:02 PM,447.5,0,0.0,36709042.89999999
2025-08-01 02:49:04 PM,447.5,44,19690.0,36728732.89999999
2025-08-01 02:49:14 PM,447.2,0,0.0,36728732.89999999
2025-08-01 02:49:15 PM,447.25,0,0.0,36728732.89999999
2025-08-01 02:49:15 PM,447.25,164,73349.0,36802081.89999999
2025-08-01 02:49:37 PM,447.25,25,11181.25,36813263.14999999
2025-08-01 02:49:54 PM,447.35,0,0.0,36813263.14999999
2025-08-01 02:49:54 PM,447.35,4,1789.4,36815052.54999999
2025-08-01 02:49:55 PM,446.85,0,0.0,36815052.54999999
2025-08-01 02:49:59 PM,446.85,17,7596.450000000001,36822648.99999999
2025-08-01 02:50:13 PM,446.75,0,0.0,36822648.99999999
2025-08-01 02:50:16 PM,446.75,61,27251.75,36849900.74999999
2025-08-01 02:50:32 PM,446.6,50,22330.0,36872230.74999999
2025-08-01 02:50:45 PM,446.8,0,0.0,36872230.74999999
2025-08-01 02:50:48 PM,446.85,0,0.0,36872230.74999999
2025-08-01 02:50:49 PM,446.85,9,4021.65,36876252.39999999
2025-08-01 02:50:49 PM,446.6,1,446.6,36876698.99999999
2025-08-01 02:50:51 PM,447.35,0,0.0,36876698.99999999
2025-08-01 02:50:59 PM,447.35,241,107811.35,36984510.349999994
2025-08-01 02:51:11 PM,447.25,36,16101.0,37000611.349999994
2025-08-01 02:51:26 PM,447.2,0,0.0,37000611.349999994
2025-08-01 02:51:26 PM,447.2,6,2683.2,37003294.55
2025-08-01 02:51:32 PM,446.95,21,9385.949999999999,37012680.5
2025-08-01 02:51:32 PM,446.6,0,0.0,37012680.5
2025-08-01 02:51:32 PM,446.6,1,446.6,37013127.1
2025-08-01 02:51:37 PM,446.85,0,0.0,37013127.1
2025-08-01 02:51:37 PM,446.85,100,44685.0,37057812.1
2025-08-01 02:51:53 PM,446.9,0,0.0,37057812.1
2025-08-01 02:51:53 PM,446.9,17,7597.299999999999,37065409.4
2025-08-01 02:51:55 PM,446.85,0,0.0,37065409.4
2025-08-01 02:51:58 PM,446.85,43,19214.55,37084623.949999996
2025-08-01 02:52:04 PM,446.85,7,3127.9500000000003,37087751.9
2025-08-01 02:52:10 PM,446.85,16,7149.6,37094901.5
2025-08-01 02:52:11 PM,446.9,0,0.0,37094901.5
2025-08-01 02:52:15 PM,446.9,2,893.8,37095795.3
2025-08-01 02:52:20 PM,446.9,1,446.9,37096242.199999996
2025-08-01 02:52:23 PM,446.65,0,0.0,37096242.199999996
2025-08-01 02:52:26 PM,446.65,51,22779.149999999998,37119021.349999994
2025-08-01 02:52:36 PM,446.75,53,23677.75,37142699.099999994
2025-08-01 02:52:44 PM,447.05,0,0.0,37142699.099999994
2025-08-01 02:52:47 PM,447.05,8,3576.4,37146275.49999999
2025-08-01 02:52:48 PM,447.15,0,0.0,37146275.49999999
2025-08-01 02:52:52 PM,447.15,2,894.3,37147169.79999999
2025-08-01 02:53:06 PM,447.5,0,0.0,37147169.79999999
2025-08-01 02:53:08 PM,447.5,92,41170.0,37188339.79999999
2025-08-01 02:53:30 PM,447.6,0,0.0,37188339.79999999
2025-08-01 02:53:32 PM,447.6,14,6266.400000000001,37194606.19999999
2025-08-01 02:53:53 PM,447.65,0,0.0,37194606.19999999
2025-08-01 02:53:53 PM,447.65,2,895.3,37195501.499999985
2025-08-01 02:54:06 PM,447.8,0,0.0,37195501.499999985
2025-08-01 02:54:07 PM,447.8,40,17912.0,37213413.499999985
2025-08-01 02:54:30 PM,447.75,0,0.0,37213413.499999985
2025-08-01 02:54:30 PM,447.75,6,2686.5,37216099.999999985
2025-08-01 02:54:42 PM,447.05,0,0.0,37216099.999999985
2025-08-01 02:54:44 PM,447.05,50,22352.5,37238452.499999985
2025-08-01 02:54:57 PM,447.3,0,0.0,37238452.499999985
2025-08-01 02:54:57 PM,447.3,7,3131.1,37241583.59999999
2025-08-01 02:54:59 PM,446.75,0,0.0,37241583.59999999
2025-08-01 02:55:01 PM,446.75,42,18763.5,37260347.09999999
2025-08-01 02:55:03 PM,447.0,0,0.0,37260347.09999999
2025-08-01 02:55:06 PM,447.0,16,7152.0,37267499.09999999
2025-08-01 02:55:34 PM,447.45,0,0.0,37267499.09999999
2025-08-01 02:55:35 PM,447.45,7,3132.15,37270631.249999985
2025-08-01 02:55:38 PM,447.5,0,0.0,37270631.249999985
2025-08-01 02:55:40 PM,447.5,13,5817.5,37276448.749999985
2025-08-01 02:55:52 PM,447.35,2,894.7,37277343.44999999
2025-08-01 02:56:18 PM,446.5,0,0.0,37277343.44999999
2025-08-01 02:56:19 PM,446.5,56,25004.0,37302347.44999999
2025-08-01 02:56:40 PM,447.15,0,0.0,37302347.44999999
2025-08-01 02:56:41 PM,447.15,1,447.15,37302794.59999999
2025-08-01 02:56:43 PM,447.4,0,0.0,37302794.59999999
2025-08-01 02:56:46 PM,447.4,46,20580.399999999998,37323374.999999985
2025-08-01 02:57:02 PM,447.5,0,0.0,37323374.999999985
2025-08-01 02:57:03 PM,447.5,7,3132.5,37326507.499999985
2025-08-01 02:57:03 PM,447.45,42,18792.899999999998,37345300.39999998
2025-08-01 02:57:09 PM,447.35,7,3131.4500000000003,37348431.84999999
2025-08-01 02:57:10 PM,447.3,0,0.0,37348431.84999999
2025-08-01 02:57:14 PM,446.65,0,0.0,37348431.84999999
2025-08-01 02:57:14 PM,446.65,66,29478.899999999998,37377910.749999985
2025-08-01 02:57:15 PM,446.55,1,446.55,37378357.29999998
2025-08-01 02:57:26 PM,446.9,0,0.0,37378357.29999998
2025-08-01 02:57:26 PM,446.9,1,446.9,37378804.19999998
2025-08-01 02:57:26 PM,447.0,0,0.0,37378804.19999998
2025-08-01 02:57:30 PM,447.0,11,4917.0,37383721.19999998
2025-08-01 02:57:36 PM,447.0,1,447.0,37384168.19999998
2025-08-01 02:57:37 PM,447.0,7,3129.0,37387297.19999998
2025-08-01 02:57:38 PM,447.4,0,0.0,37387297.19999998
2025-08-01 02:57:41 PM,447.4,2,894.8,37388191.99999998
2025-08-01 02:57:48 PM,447.15,0,0.0,37388191.99999998
2025-08-01 02:57:52 PM,447.15,29,12967.349999999999,37401159.34999998
2025-08-01 02:58:04 PM,446.7,0,0.0,37401159.34999998
2025-08-01 02:58:04 PM,446.7,25,11167.5,37412326.84999998
2025-08-01 02:58:30 PM,447.45,0,0.0,37412326.84999998
2025-08-01 02:58:33 PM,447.45,4,1789.8,37414116.649999976
2025-08-01 02:58:44 PM,446.8,3,1340.4,37415457.049999975
2025-08-01 02:59:01 PM,447.2,0,0.0,37415457.049999975
2025-08-01 02:59:02 PM,447.2,1,447.2,37415904.24999998
2025-08-01 02:59:24 PM,447.25,0,0.0,37415904.24999998
2025-08-01 02:59:25 PM,447.25,68,30413.0,37446317.24999998
2025-08-01 02:59:28 PM,446.95,0,0.0,37446317.24999998
2025-08-01 02:59:29 PM,446.95,48,21453.6,37467770.84999998
2025-08-01 02:59:36 PM,446.8,0,0.0,37467770.84999998
2025-08-01 02:59:36 PM,446.8,7,3127.6,37470898.44999998
2025-08-01 02:59:42 PM,446.65,1,446.65,37471345.09999998
2025-08-01 02:59:43 PM,446.7,0,0.0,37471345.09999998
2025-08-01 02:59:46 PM,446.7,1,446.7,37471791.79999998
2025-08-01 02:59:52 PM,446.5,0,0.0,37471791.79999998
2025-08-01 02:59:53 PM,446.5,2,893.0,37472684.79999998
2025-08-01 02:59:59 PM,446.7,0,0.0,37472684.79999998
2025-08-01 03:00:02 PM,446.5,73,32594.5,37505279.29999998
2025-08-01 03:00:15 PM,446.25,31,13833.75,37519113.04999998
2025-08-01 03:00:17 PM,446.35,18,8034.3,37527147.34999998
2025-08-01 03:00:28 PM,446.35,7,3124.4500000000003,37530271.79999998
2025-08-01 03:00:44 PM,446.4,0,0.0,37530271.79999998
2025-08-01 03:00:44 PM,446.4,1,446.4,37530718.19999998
2025-08-01 03:00:57 PM,445.85,0,0.0,37530718.19999998
2025-08-01 03:00:58 PM,445.9,614,273782.6,37804500.79999998
2025-08-01 03:01:02 PM,445.9,127,56629.299999999996,37861130.09999998
2025-08-01 03:01:03 PM,446.15,0,0.0,37861130.09999998
2025-08-01 03:01:04 PM,446.15,30,13384.5,37874514.59999998
2025-08-01 03:01:17 PM,446.15,3,1338.4499999999998,37875853.04999998
2025-08-01 03:01:21 PM,446.3,58,25885.4,37901738.44999998
2025-08-01 03:01:26 PM,446.35,9,4017.15,37905755.59999998
2025-08-01 03:01:35 PM,446.45,25,11161.25,37916916.84999998
2025-08-01 03:01:38 PM,446.45,3,1339.35,37918256.19999998
2025-08-01 03:01:44 PM,446.45,1,446.45,37918702.64999998
2025-08-01 03:01:47 PM,446.35,0,0.0,37918702.64999998
2025-08-01 03:01:48 PM,446.35,95,42403.25,37961105.89999998
2025-08-01 03:01:50 PM,446.35,14,6248.900000000001,37967354.79999998
2025-08-01 03:01:53 PM,446.25,0,0.0,37967354.79999998
2025-08-01 03:01:54 PM,446.25,2,892.5,37968247.29999998
2025-08-01 03:01:54 PM,446.35,0,0.0,37968247.29999998
2025-08-01 03:01:56 PM,446.35,1,446.35,37968693.64999998
2025-08-01 03:01:59 PM,446.4,0,0.0,37968693.64999998
2025-08-01 03:02:00 PM,446.35,15,6695.25,37975388.89999998
2025-08-01 03:02:02 PM,446.45,2,892.9,37976281.79999998
2025-08-01 03:02:23 PM,446.55,0,0.0,37976281.79999998
2025-08-01 03:02:24 PM,446.55,16,7144.8,37983426.59999998
2025-08-01 03:02:27 PM,446.45,3,1339.35,37984765.94999998
2025-08-01 03:02:53 PM,446.55,0,0.0,37984765.94999998
2025-08-01 03:02:55 PM,446.55,1,446.55,37985212.49999998
2025-08-01 03:02:57 PM,446.35,41,18300.350000000002,38003512.84999998
2025-08-01 03:03:16 PM,446.45,7,3125.15,38006637.99999998
2025-08-01 03:03:26 PM,446.35,7,3124.4500000000003,38009762.44999998
2025-08-01 03:03:28 PM,446.45,2,892.9,38010655.34999998
2025-08-01 03:03:32 PM,446.4,1,446.4,38011101.74999998
2025-08-01 03:03:38 PM,446.0,22,9812.0,38020913.74999998
2025-08-01 03:03:44 PM,445.45,58,25836.1,38046749.84999998
2025-08-01 03:03:52 PM,446.0,0,0.0,38046749.84999998
2025-08-01 03:03:52 PM,446.0,2,892.0,38047641.84999998
2025-08-01 03:03:55 PM,446.0,25,11150.0,38058791.84999998
2025-08-01 03:03:58 PM,446.0,4,1784.0,38060575.84999998
2025-08-01 03:04:05 PM,446.0,10,4460.0,38065035.84999998
2025-08-01 03:04:11 PM,446.0,1,446.0,38065481.84999998
2025-08-01 03:04:14 PM,445.9,21,9363.9,38074845.74999998
2025-08-01 03:04:20 PM,445.9,4,1783.6,38076629.34999998
2025-08-01 03:04:23 PM,445.15,32,14244.8,38090874.149999976
2025-08-01 03:04:31 PM,445.2,0,0.0,38090874.149999976
2025-08-01 03:04:33 PM,445.2,53,23595.6,38114469.74999998
2025-08-01 03:04:48 PM,445.2,100,44520.0,38158989.74999998
2025-08-01 03:05:10 PM,445.15,44,19586.6,38178576.34999998
2025-08-01 03:05:15 PM,445.25,0,0.0,38178576.34999998
2025-08-01 03:05:16 PM,445.0,96,42720.0,38221296.34999998
2025-08-01 03:05:19 PM,445.4,20,8908.0,38230204.34999998
2025-08-01 03:05:29 PM,445.0,0,0.0,38230204.34999998
2025-08-01 03:05:29 PM,445.0,358,159310.0,38389514.34999998
2025-08-01 03:05:32 PM,445.4,241,107341.4,38496855.74999998
2025-08-01 03:05:35 PM,445.3,100,44530.0,38541385.74999998
2025-08-01 03:05:54 PM,445.55,168,74852.40000000001,38616238.149999976
2025-08-01 03:05:55 PM,445.6,0,0.0,38616238.149999976
2025-08-01 03:05:57 PM,445.6,39,17378.4,38633616.549999975
2025-08-01 03:06:01 PM,445.7,0,0.0,38633616.549999975
2025-08-01 03:06:03 PM,445.7,6,2674.2,38636290.74999998
2025-08-01 03:06:06 PM,445.6,0,0.0,38636290.74999998
2025-08-01 03:06:07 PM,445.6,36,16041.6,38652332.34999998
2025-08-01 03:06:09 PM,445.55,50,22277.5,38674609.84999998
2025-08-01 03:06:19 PM,445.75,3,1337.25,38675947.09999998
2025-08-01 03:06:25 PM,445.8,5,2229.0,38678176.09999998
2025-08-01 03:06:27 PM,445.8,1,445.8,38678621.899999976
2025-08-01 03:06:34 PM,445.8,7,3120.6,38681742.49999998
2025-08-01 03:06:40 PM,445.8,1,445.8,38682188.299999975
2025-08-01 03:06:43 PM,445.75,0,0.0,38682188.299999975
2025-08-01 03:06:43 PM,445.75,5,2228.75,38684417.049999975
2025-08-01 03:06:46 PM,445.75,21,9360.75,38693777.799999975
2025-08-01 03:06:48 PM,445.8,0,0.0,38693777.799999975
2025-08-01 03:06:50 PM,445.8,5,2229.0,38696006.799999975
2025-08-01 03:06:52 PM,445.8,4,1783.2,38697789.99999998
2025-08-01 03:06:59 PM,445.9,22,9809.8,38707599.799999975
2025-08-01 03:07:02 PM,445.85,0,0.0,38707599.799999975
2025-08-01 03:07:05 PM,445.85,1,445.85,38708045.649999976
2025-08-01 03:07:15 PM,445.9,3,1337.6999999999998,38709383.34999998
2025-08-01 03:07:17 PM,445.9,10,4459.0,38713842.34999998
2025-08-01 03:07:21 PM,445.85,161,71781.85,38785624.19999998
2025-08-01 03:07:24 PM,445.7,26,11588.199999999999,38797212.39999998
2025-08-01 03:07:29 PM,445.6,0,0.0,38797212.39999998
2025-08-01 03:07:31 PM,445.8,0,0.0,38797212.39999998
2025-08-01 03:07:33 PM,445.8,31,13819.800000000001,38811032.19999998
2025-08-01 03:07:36 PM,445.7,4,1782.8,38812814.99999998
2025-08-01 03:07:57 PM,445.85,0,0.0,38812814.99999998
2025-08-01 03:07:57 PM,445.85,1,445.85,38813260.84999998
2025-08-01 03:08:00 PM,445.65,20,8913.0,38822173.84999998
2025-08-01 03:08:04 PM,445.75,0,0.0,38822173.84999998
2025-08-01 03:08:06 PM,445.75,1,445.75,38822619.59999998
