date,price,qty,trnvr,cum_trnvr
2025-08-01 09:15:05 AM,2237.7,158,353556.6,353556.6
2025-08-01 09:15:05 AM,2229.2,0,0.0,353556.6
2025-08-01 09:15:05 AM,2227.5,0,0.0,353556.6
2025-08-01 09:15:07 AM,2227.3,812,1808567.6,2162124.2
2025-08-01 09:15:14 AM,2235.2,0,0.0,2162124.2
2025-08-01 09:15:17 AM,2235.2,4,8940.8,2171065.0
2025-08-01 09:15:22 AM,2234.1,0,0.0,2171065.0
2025-08-01 09:15:24 AM,2233.9,0,0.0,2171065.0
2025-08-01 09:15:26 AM,2234.8,57,127383.6,2298448.6
2025-08-01 09:15:38 AM,2234.0,0,0.0,2298448.6
2025-08-01 09:15:42 AM,2233.1,0,0.0,2298448.6
2025-08-01 09:15:43 AM,2233.1,111,247874.09999999998,2546322.7
2025-08-01 09:15:47 AM,2234.0,0,0.0,2546322.7
2025-08-01 09:15:51 AM,2234.0,23,51382.0,2597704.7
2025-08-01 09:15:58 AM,2234.4,0,0.0,2597704.7
2025-08-01 09:16:00 AM,2234.4,3,6703.200000000001,2604407.9000000004
2025-08-01 09:16:08 AM,2234.1,0,0.0,2604407.9000000004
2025-08-01 09:16:09 AM,2234.1,5,11170.5,2615578.4000000004
2025-08-01 09:16:16 AM,2232.5,1,2232.5,2617810.9000000004
2025-08-01 09:16:24 AM,2234.6,36,80445.59999999999,2698256.5000000005
2025-08-01 09:16:39 AM,2234.8,0,0.0,2698256.5000000005
2025-08-01 09:16:41 AM,2234.8,7,15643.600000000002,2713900.1000000006
2025-08-01 09:16:57 AM,2234.6,50,111730.0,2825630.1000000006
2025-08-01 09:17:08 AM,2234.2,0,0.0,2825630.1000000006
2025-08-01 09:17:09 AM,2231.7,0,0.0,2825630.1000000006
2025-08-01 09:17:14 AM,2231.7,9,20085.3,2845715.4000000004
2025-08-01 09:17:30 AM,2232.1,21,46874.1,2892589.5000000005
2025-08-01 09:17:38 AM,2233.2,6,13399.199999999999,2905988.7000000007
2025-08-01 09:17:51 AM,2230.6,0,0.0,2905988.7000000007
2025-08-01 09:17:55 AM,2229.8,84,187303.2,3093291.900000001
2025-08-01 09:17:59 AM,2232.2,0,0.0,3093291.900000001
2025-08-01 09:18:01 AM,2233.2,0,0.0,3093291.900000001
2025-08-01 09:18:02 AM,2233.2,188,419841.6,3513133.500000001
2025-08-01 09:18:05 AM,2233.7,0,0.0,3513133.500000001
2025-08-01 09:18:05 AM,2230.8,0,0.0,3513133.500000001
2025-08-01 09:18:06 AM,2230.8,690,1539252.0000000002,5052385.500000001
2025-08-01 09:18:08 AM,2235.1,0,0.0,5052385.500000001
2025-08-01 09:18:08 AM,2235.1,6,13410.599999999999,5065796.100000001
2025-08-01 09:18:23 AM,2235.7,244,545510.7999999999,5611306.9
2025-08-01 09:18:38 AM,2238.3,0,0.0,5611306.9
2025-08-01 09:18:38 AM,2238.3,22,49242.600000000006,5660549.5
2025-08-01 09:18:41 AM,2239.0,5,11195.0,5671744.5
2025-08-01 09:18:43 AM,2240.0,0,0.0,5671744.5
2025-08-01 09:18:43 AM,2240.0,1,2240.0,5673984.5
2025-08-01 09:18:57 AM,2240.0,300,672000.0,6345984.5
2025-08-01 09:19:08 AM,2239.2,0,0.0,6345984.5
2025-08-01 09:19:08 AM,2239.2,2,4478.4,6350462.9
2025-08-01 09:19:10 AM,2239.2,1,2239.2,6352702.100000001
2025-08-01 09:19:13 AM,2240.2,2,4480.4,6357182.500000001
2025-08-01 09:19:17 AM,2240.0,1,2240.0,6359422.500000001
2025-08-01 09:19:26 AM,2240.2,0,0.0,6359422.500000001
2025-08-01 09:19:27 AM,2240.2,33,73926.59999999999,6433349.100000001
2025-08-01 09:19:38 AM,2237.8,0,0.0,6433349.100000001
2025-08-01 09:19:39 AM,2237.8,12,26853.600000000002,6460202.7
2025-08-01 09:20:06 AM,2236.5,41,91696.5,6551899.2
2025-08-01 09:20:06 AM,2235.2,22,49174.399999999994,6601073.600000001
2025-08-01 09:20:08 AM,2237.2,0,0.0,6601073.600000001
2025-08-01 09:20:09 AM,2237.2,5,11186.0,6612259.600000001
2025-08-01 09:20:20 AM,2237.2,23,51455.6,6663715.2
2025-08-01 09:20:20 AM,2239.3,0,0.0,6663715.2
2025-08-01 09:20:21 AM,2239.3,22,49264.600000000006,6712979.8
2025-08-01 09:20:29 AM,2236.9,58,129740.20000000001,6842720.0
2025-08-01 09:20:38 AM,2238.1,0,0.0,6842720.0
2025-08-01 09:20:39 AM,2238.1,12,26857.199999999997,6869577.2
2025-08-01 09:20:51 AM,2239.1,0,0.0,6869577.2
2025-08-01 09:20:52 AM,2239.1,5,11195.5,6880772.7
2025-08-01 09:21:02 AM,2239.3,4,8957.2,6889729.9
2025-08-01 09:21:05 AM,2237.5,11,24612.5,6914342.4
2025-08-01 09:21:08 AM,2239.0,0,0.0,6914342.4
2025-08-01 09:21:09 AM,2239.0,5,11195.0,6925537.4
2025-08-01 09:21:12 AM,2239.5,0,0.0,6925537.4
2025-08-01 09:21:13 AM,2239.5,200,447900.0,7373437.4
2025-08-01 09:21:28 AM,2240.0,0,0.0,7373437.4
2025-08-01 09:21:29 AM,2240.0,31,69440.0,7442877.4
2025-08-01 09:21:34 AM,2238.4,3,6715.200000000001,7449592.600000001
2025-08-01 09:21:38 AM,2240.0,0,0.0,7449592.600000001
2025-08-01 09:21:38 AM,2240.0,6,13440.0,7463032.600000001
2025-08-01 09:21:41 AM,2240.0,80,179200.0,7642232.600000001
2025-08-01 09:21:42 AM,2238.7,1,2238.7,7644471.300000001
2025-08-01 09:22:09 AM,2240.0,105,235200.0,7879671.300000001
2025-08-01 09:22:11 AM,2238.7,1,2238.7,7881910.000000001
2025-08-01 09:22:21 AM,2239.9,0,0.0,7881910.000000001
2025-08-01 09:22:25 AM,2239.9,16,35838.4,7917748.400000001
2025-08-01 09:22:40 AM,2239.3,131,293348.30000000005,8211096.700000001
2025-08-01 09:22:40 AM,2238.1,0,0.0,8211096.700000001
2025-08-01 09:22:42 AM,2238.1,5,11190.5,8222287.200000001
2025-08-01 09:22:42 AM,2235.2,0,0.0,8222287.200000001
2025-08-01 09:22:47 AM,2235.0,0,0.0,8222287.200000001
2025-08-01 09:22:48 AM,2235.0,42,93870.0,8316157.200000001
2025-08-01 09:22:53 AM,2234.9,0,0.0,8316157.200000001
2025-08-01 09:22:55 AM,2234.9,1,2234.9,8318392.1000000015
2025-08-01 09:23:08 AM,2234.3,0,0.0,8318392.1000000015
2025-08-01 09:23:09 AM,2234.3,3,6702.900000000001,8325095.000000002
2025-08-01 09:23:11 AM,2234.3,2,4468.6,8329563.6000000015
2025-08-01 09:23:14 AM,2232.6,10,22326.0,8351889.6000000015
2025-08-01 09:23:17 AM,2232.1,0,0.0,8351889.6000000015
2025-08-01 09:23:18 AM,2232.1,80,178568.0,8530457.600000001
2025-08-01 09:23:19 AM,2232.0,1000,2232000.0,10762457.600000001
2025-08-01 09:23:21 AM,2232.0,2,4464.0,10766921.600000001
2025-08-01 09:23:23 AM,2232.9,10,22329.0,10789250.600000001
2025-08-01 09:23:24 AM,2231.0,22,49082.0,10838332.600000001
2025-08-01 09:23:24 AM,2231.1,0,0.0,10838332.600000001
2025-08-01 09:23:25 AM,2231.1,2,4462.2,10842794.8
2025-08-01 09:23:26 AM,2231.1,1,2231.1,10845025.9
2025-08-01 09:23:28 AM,2231.0,1,2231.0,10847256.9
2025-08-01 09:23:30 AM,2231.0,1,2231.0,10849487.9
2025-08-01 09:23:32 AM,2231.0,1,2231.0,10851718.9
2025-08-01 09:23:38 AM,2232.3,0,0.0,10851718.9
2025-08-01 09:23:39 AM,2232.3,7,15626.100000000002,10867345.0
2025-08-01 09:23:40 AM,2229.8,90,200682.00000000003,11068027.0
2025-08-01 09:23:43 AM,2229.8,1,2229.8,11070256.8
2025-08-01 09:23:43 AM,2231.4,0,0.0,11070256.8
2025-08-01 09:23:44 AM,2231.4,31,69173.40000000001,11139430.200000001
2025-08-01 09:23:45 AM,2229.9,0,0.0,11139430.200000001
2025-08-01 09:23:46 AM,2229.9,20,44598.0,11184028.200000001
2025-08-01 09:23:55 AM,2229.5,22,49049.0,11233077.200000001
2025-08-01 09:24:00 AM,2228.7,0,0.0,11233077.200000001
2025-08-01 09:24:01 AM,2228.7,80,178296.0,11411373.200000001
2025-08-01 09:24:05 AM,2228.1,0,0.0,11411373.200000001
2025-08-01 09:24:06 AM,2228.1,1,2228.1,11413601.3
2025-08-01 09:24:08 AM,2229.8,0,0.0,11413601.3
2025-08-01 09:24:09 AM,2229.8,1,2229.8,11415831.100000001
2025-08-01 09:24:13 AM,2231.6,0,0.0,11415831.100000001
2025-08-01 09:24:14 AM,2231.6,5,11158.0,11426989.100000001
2025-08-01 09:24:24 AM,2231.6,1,2231.6,11429220.700000001
2025-08-01 09:24:24 AM,2232.0,0,0.0,11429220.700000001
2025-08-01 09:24:25 AM,2232.0,10,22320.0,11451540.700000001
2025-08-01 09:24:38 AM,2232.6,0,0.0,11451540.700000001
2025-08-01 09:24:38 AM,2232.6,3,6697.799999999999,11458238.500000002
2025-08-01 09:24:39 AM,2232.6,4,8930.4,11467168.900000002
2025-08-01 09:24:50 AM,2232.0,90,200880.0,11668048.900000002
2025-08-01 09:24:50 AM,2230.0,0,0.0,11668048.900000002
2025-08-01 09:24:51 AM,2230.0,1,2230.0,11670278.900000002
2025-08-01 09:25:05 AM,2228.7,0,0.0,11670278.900000002
2025-08-01 09:25:05 AM,2228.7,2,4457.4,11674736.300000003
2025-08-01 09:25:13 AM,2230.0,0,0.0,11674736.300000003
2025-08-01 09:25:14 AM,2230.0,5,11150.0,11685886.300000003
2025-08-01 09:25:16 AM,2230.0,50,111500.0,11797386.300000003
2025-08-01 09:25:38 AM,2231.4,0,0.0,11797386.300000003
2025-08-01 09:25:39 AM,2231.4,6,13388.400000000001,11810774.700000003
2025-08-01 09:25:40 AM,2229.9,0,0.0,11810774.700000003
2025-08-01 09:25:41 AM,2229.9,1,2229.9,11813004.600000003
2025-08-01 09:25:49 AM,2228.0,3,6684.0,11819688.600000003
2025-08-01 09:26:05 AM,2229.8,31,69123.8,11888812.400000004
2025-08-01 09:26:09 AM,2229.8,1,2229.8,11891042.200000005
2025-08-01 09:26:13 AM,2230.3,0,0.0,11891042.200000005
2025-08-01 09:26:14 AM,2230.3,4,8921.2,11899963.400000004
2025-08-01 09:26:38 AM,2229.3,0,0.0,11899963.400000004
2025-08-01 09:26:39 AM,2229.3,7,15605.100000000002,11915568.500000004
2025-08-01 09:27:08 AM,2229.6,0,0.0,11915568.500000004
2025-08-01 09:27:09 AM,2229.6,5,11148.0,11926716.500000004
2025-08-01 09:27:11 AM,2229.7,0,0.0,11926716.500000004
2025-08-01 09:27:12 AM,2229.7,50,111484.99999999999,12038201.500000004
2025-08-01 09:27:16 AM,2229.5,0,0.0,12038201.500000004
2025-08-01 09:27:17 AM,2229.5,29,64655.5,12102857.000000004
2025-08-01 09:27:30 AM,2229.5,1,2229.5,12105086.500000004
2025-08-01 09:27:36 AM,2229.9,0,0.0,12105086.500000004
2025-08-01 09:27:37 AM,2229.9,45,100345.5,12205432.000000004
2025-08-01 09:27:38 AM,2231.6,0,0.0,12205432.000000004
2025-08-01 09:27:39 AM,2231.6,6,13389.599999999999,12218821.600000003
2025-08-01 09:28:02 AM,2230.0,7,15610.0,12234431.600000003
2025-08-01 09:28:08 AM,2229.4,0,0.0,12234431.600000003
2025-08-01 09:28:09 AM,2229.4,5,11147.0,12245578.600000003
2025-08-01 09:28:17 AM,2229.5,0,0.0,12245578.600000003
2025-08-01 09:28:18 AM,2229.5,37,82491.5,12328070.100000003
2025-08-01 09:28:19 AM,2228.5,0,0.0,12328070.100000003
2025-08-01 09:28:20 AM,2228.5,1,2228.5,12330298.600000003
2025-08-01 09:28:28 AM,2229.5,31,69114.5,12399413.100000003
2025-08-01 09:28:32 AM,2228.5,1,2228.5,12401641.600000003
2025-08-01 09:28:38 AM,2229.5,0,0.0,12401641.600000003
2025-08-01 09:28:39 AM,2229.5,7,15606.5,12417248.100000003
2025-08-01 09:28:57 AM,2229.6,2,4459.2,12421707.300000003
2025-08-01 09:29:08 AM,2231.0,0,0.0,12421707.300000003
2025-08-01 09:29:09 AM,2231.0,5,11155.0,12432862.300000003
2025-08-01 09:29:27 AM,2230.0,0,0.0,12432862.300000003
2025-08-01 09:29:27 AM,2230.0,1,2230.0,12435092.300000003
2025-08-01 09:29:38 AM,2230.6,5,11153.0,12446245.300000003
2025-08-01 09:29:43 AM,2231.4,0,0.0,12446245.300000003
2025-08-01 09:29:44 AM,2231.4,1,2231.4,12448476.700000003
2025-08-01 09:30:08 AM,2230.1,0,0.0,12448476.700000003
2025-08-01 09:30:08 AM,2230.1,5,11150.5,12459627.200000003
2025-08-01 09:30:11 AM,2228.6,61,135944.6,12595571.800000003
2025-08-01 09:30:13 AM,2228.6,1,2228.6,12597800.400000002
2025-08-01 09:30:38 AM,2229.9,7,15609.300000000001,12613409.700000003
2025-08-01 09:31:07 AM,2227.6,22,49007.2,12662416.900000002
2025-08-01 09:31:08 AM,2229.0,0,0.0,12662416.900000002
2025-08-01 09:31:09 AM,2229.0,5,11145.0,12673561.900000002
2025-08-01 09:31:34 AM,2229.5,0,0.0,12673561.900000002
2025-08-01 09:31:35 AM,2229.5,39,86950.5,12760512.400000002
2025-08-01 09:31:35 AM,2229.2,0,0.0,12760512.400000002
2025-08-01 09:31:36 AM,2229.2,23,51271.6,12811784.000000002
2025-08-01 09:31:43 AM,2232.5,0,0.0,12811784.000000002
2025-08-01 09:31:44 AM,2232.5,6,13395.0,12825179.000000002
2025-08-01 09:31:54 AM,2230.1,0,0.0,12825179.000000002
2025-08-01 09:31:55 AM,2230.1,45,100354.5,12925533.500000002
2025-08-01 09:31:55 AM,2230.9,31,69157.90000000001,12994691.400000002
2025-08-01 09:31:57 AM,2229.9,0,0.0,12994691.400000002
2025-08-01 09:31:57 AM,2229.9,1,2229.9,12996921.300000003
2025-08-01 09:32:00 AM,2229.6,10,22296.0,13019217.300000003
2025-08-01 09:32:08 AM,2230.9,0,0.0,13019217.300000003
2025-08-01 09:32:09 AM,2230.9,5,11154.5,13030371.800000003
2025-08-01 09:32:11 AM,2229.2,20,44584.0,13074955.800000003
2025-08-01 09:32:45 AM,2231.5,0,0.0,13074955.800000003
2025-08-01 09:32:46 AM,2231.5,50,111575.0,13186530.800000003
2025-08-01 09:33:08 AM,2231.5,2,4463.0,13190993.800000003
2025-08-01 09:33:13 AM,2231.9,0,0.0,13190993.800000003
2025-08-01 09:33:14 AM,2231.9,3,6695.700000000001,13197689.500000002
2025-08-01 09:33:25 AM,2233.2,0,0.0,13197689.500000002
2025-08-01 09:33:26 AM,2233.2,138,308181.6,13505871.100000001
2025-08-01 09:33:26 AM,2233.5,0,0.0,13505871.100000001
2025-08-01 09:33:27 AM,2233.5,1,2233.5,13508104.600000001
2025-08-01 09:33:38 AM,2234.9,0,0.0,13508104.600000001
2025-08-01 09:33:39 AM,2234.9,6,13409.400000000001,13521514.000000002
2025-08-01 09:33:45 AM,2235.0,0,0.0,13521514.000000002
2025-08-01 09:33:46 AM,2235.0,29,64815.0,13586329.000000002
2025-08-01 09:34:08 AM,2238.4,27,60436.8,13646765.800000003
2025-08-01 09:34:30 AM,2238.4,12,26860.800000000003,13673626.600000003
2025-08-01 09:34:38 AM,2236.3,0,0.0,13673626.600000003
2025-08-01 09:34:39 AM,2236.3,7,15654.100000000002,13689280.700000003
2025-08-01 09:35:08 AM,2233.5,0,0.0,13689280.700000003
2025-08-01 09:35:09 AM,2233.6,30,67008.0,13756288.700000003
2025-08-01 09:35:38 AM,2232.6,0,0.0,13756288.700000003
2025-08-01 09:35:38 AM,2232.6,31,69210.59999999999,13825499.300000003
2025-08-01 09:35:43 AM,2233.0,0,0.0,13825499.300000003
2025-08-01 09:35:44 AM,2233.0,5,11165.0,13836664.300000003
2025-08-01 09:36:07 AM,2233.5,0,0.0,13836664.300000003
2025-08-01 09:36:08 AM,2233.5,5,11167.5,13847831.800000003
2025-08-01 09:36:09 AM,2233.5,1,2233.5,13850065.300000003
2025-08-01 09:36:09 AM,2234.2,0,0.0,13850065.300000003
2025-08-01 09:36:10 AM,2234.2,2,4468.4,13854533.700000003
2025-08-01 09:36:13 AM,2234.7,4,8938.8,13863472.500000004
2025-08-01 09:36:14 AM,2234.7,1,2234.7,13865707.200000003
2025-08-01 09:36:14 AM,2233.2,0,0.0,13865707.200000003
2025-08-01 09:36:14 AM,2233.2,1,2233.2,13867940.400000002
2025-08-01 09:36:43 AM,2235.8,0,0.0,13867940.400000002
2025-08-01 09:36:43 AM,2235.8,7,15650.600000000002,13883591.000000002
2025-08-01 09:37:08 AM,2232.7,0,0.0,13883591.000000002
2025-08-01 09:37:09 AM,2232.7,8,17861.6,13901452.600000001
2025-08-01 09:37:09 AM,2234.3,0,0.0,13901452.600000001
2025-08-01 09:37:10 AM,2234.3,4,8937.2,13910389.8
2025-08-01 09:37:26 AM,2232.3,180,401814.00000000006,14312203.8
2025-08-01 09:37:29 AM,2230.5,1,2230.5,14314434.3
2025-08-01 09:37:38 AM,2231.8,21,46867.8,14361302.100000001
2025-08-01 09:37:38 AM,2231.8,6,13390.800000000001,14374692.900000002
2025-08-01 09:37:46 AM,2230.3,5,11151.5,14385844.400000002
2025-08-01 09:37:47 AM,2230.1,3,6690.299999999999,14392534.700000003
2025-08-01 09:38:06 AM,2229.2,0,0.0,14392534.700000003
2025-08-01 09:38:06 AM,2229.2,93,207315.59999999998,14599850.300000003
2025-08-01 09:38:07 AM,2228.1,1,2228.1,14602078.400000002
2025-08-01 09:38:08 AM,2229.5,5,11147.5,14613225.900000002
2025-08-01 09:38:36 AM,2228.8,25,55720.00000000001,14668945.900000002
2025-08-01 09:38:39 AM,2228.8,5,11144.0,14680089.900000002
2025-08-01 09:38:43 AM,2229.1,0,0.0,14680089.900000002
2025-08-01 09:38:44 AM,2229.1,2,4458.2,14684548.100000001
2025-08-01 09:39:07 AM,2227.0,0,0.0,14684548.100000001
2025-08-01 09:39:08 AM,2227.0,2,4454.0,14689002.100000001
2025-08-01 09:39:12 AM,2228.5,0,0.0,14689002.100000001
2025-08-01 09:39:14 AM,2228.5,125,278562.5,14967564.600000001
2025-08-01 09:39:16 AM,2227.0,0,0.0,14967564.600000001
2025-08-01 09:39:21 AM,2227.0,1,2227.0,14969791.600000001
2025-08-01 09:39:38 AM,2229.5,0,0.0,14969791.600000001
2025-08-01 09:39:41 AM,2229.1,8,17832.8,14987624.400000002
2025-08-01 09:39:46 AM,2230.0,0,0.0,14987624.400000002
2025-08-01 09:39:47 AM,2230.0,6,13380.0,15001004.400000002
2025-08-01 09:40:00 AM,2230.0,4,8920.0,15009924.400000002
2025-08-01 09:40:08 AM,2231.2,0,0.0,15009924.400000002
2025-08-01 09:40:09 AM,2231.2,5,11156.0,15021080.400000002
2025-08-01 09:40:17 AM,2231.1,11,24542.1,15045622.500000002
2025-08-01 09:40:38 AM,2231.9,7,15623.300000000001,15061245.800000003
2025-08-01 09:41:08 AM,2234.7,0,0.0,15061245.800000003
2025-08-01 09:41:09 AM,2234.7,5,11173.5,15072419.300000003
2025-08-01 09:41:24 AM,2234.5,20,44690.0,15117109.300000003
2025-08-01 09:41:33 AM,2234.5,50,111725.0,15228834.300000003
2025-08-01 09:41:37 AM,2232.3,1,2232.3,15231066.600000003
2025-08-01 09:41:38 AM,2233.8,0,0.0,15231066.600000003
2025-08-01 09:41:39 AM,2233.8,7,15636.600000000002,15246703.200000003
2025-08-01 09:42:03 AM,2232.6,9,20093.399999999998,15266796.600000003
2025-08-01 09:42:03 AM,2232.9,0,0.0,15266796.600000003
2025-08-01 09:42:04 AM,2232.9,50,111645.0,15378441.600000003
2025-08-01 09:42:08 AM,2233.0,0,0.0,15378441.600000003
2025-08-01 09:42:09 AM,2233.0,5,11165.0,15389606.600000003
2025-08-01 09:42:38 AM,2232.2,0,0.0,15389606.600000003
2025-08-01 09:42:38 AM,2232.2,7,15625.399999999998,15405232.000000004
2025-08-01 09:43:08 AM,2233.3,0,0.0,15405232.000000004
2025-08-01 09:43:08 AM,2233.3,5,11166.5,15416398.500000004
2025-08-01 09:43:09 AM,2233.5,0,0.0,15416398.500000004
2025-08-01 09:43:10 AM,2233.5,15,33502.5,15449901.000000004
2025-08-01 09:43:11 AM,2233.6,0,0.0,15449901.000000004
2025-08-01 09:43:12 AM,2233.6,6,13401.599999999999,15463302.600000003
2025-08-01 09:43:14 AM,2232.0,1,2232.0,15465534.600000003
2025-08-01 09:43:20 AM,2232.2,0,0.0,15465534.600000003
2025-08-01 09:43:20 AM,2232.2,18,40179.6,15505714.200000003
2025-08-01 09:43:38 AM,2231.7,0,0.0,15505714.200000003
2025-08-01 09:43:39 AM,2231.7,6,13390.199999999999,15519104.400000002
2025-08-01 09:43:42 AM,2231.6,0,0.0,15519104.400000002
2025-08-01 09:43:43 AM,2231.6,22,49095.2,15568199.600000001
2025-08-01 09:44:03 AM,2230.3,0,0.0,15568199.600000001
2025-08-01 09:44:03 AM,2230.3,16,35684.8,15603884.400000002
2025-08-01 09:44:08 AM,2231.2,0,0.0,15603884.400000002
2025-08-01 09:44:09 AM,2231.2,5,11156.0,15615040.400000002
2025-08-01 09:44:11 AM,2230.0,0,0.0,15615040.400000002
2025-08-01 09:44:12 AM,2230.0,12,26760.0,15641800.400000002
2025-08-01 09:44:38 AM,2229.6,8,17836.8,15659637.200000003
2025-08-01 09:44:59 AM,2230.0,17,37910.0,15697547.200000003
2025-08-01 09:45:00 AM,2225.6,0,0.0,15697547.200000003
2025-08-01 09:45:01 AM,2225.6,600,1335360.0,17032907.200000003
2025-08-01 09:45:01 AM,2225.0,0,0.0,17032907.200000003
2025-08-01 09:45:02 AM,2225.0,72,160200.0,17193107.200000003
2025-08-01 09:45:02 AM,2224.2,0,0.0,17193107.200000003
2025-08-01 09:45:03 AM,2224.2,25,55604.99999999999,17248712.200000003
2025-08-01 09:45:03 AM,2224.5,183,407083.5,17655795.700000003
2025-08-01 09:45:03 AM,2222.8,0,0.0,17655795.700000003
2025-08-01 09:45:04 AM,2222.8,16,35564.8,17691360.500000004
2025-08-01 09:45:05 AM,2222.4,34,75561.6,17766922.100000005
2025-08-01 09:45:06 AM,2222.4,2,4444.8,17771366.900000006
2025-08-01 09:45:07 AM,2222.4,5,11112.0,17782478.900000006
2025-08-01 09:45:08 AM,2222.4,2,4444.8,17786923.700000007
2025-08-01 09:45:08 AM,2222.2,0,0.0,17786923.700000007
2025-08-01 09:45:08 AM,2222.2,54,119998.79999999999,17906922.500000007
2025-08-01 09:45:09 AM,2221.9,0,0.0,17906922.500000007
2025-08-01 09:45:10 AM,2221.9,3,6665.700000000001,17913588.200000007
2025-08-01 09:45:11 AM,2221.9,1,2221.9,17915810.100000005
2025-08-01 09:45:12 AM,2221.9,6,13331.400000000001,17929141.500000004
2025-08-01 09:45:13 AM,2221.9,1,2221.9,17931363.400000002
2025-08-01 09:45:14 AM,2221.9,1,2221.9,17933585.3
2025-08-01 09:45:15 AM,2221.9,1,2221.9,17935807.2
2025-08-01 09:45:31 AM,2222.1,39,86661.9,18022469.099999998
2025-08-01 09:45:32 AM,2221.0,0,0.0,18022469.099999998
2025-08-01 09:45:33 AM,2221.0,7,15547.0,18038016.099999998
2025-08-01 09:45:34 AM,2221.4,0,0.0,18038016.099999998
2025-08-01 09:45:34 AM,2220.0,45,99900.0,18137916.099999998
2025-08-01 09:45:35 AM,2220.0,7,15540.0,18153456.099999998
2025-08-01 09:45:36 AM,2220.7,0,0.0,18153456.099999998
2025-08-01 09:45:36 AM,2220.7,2,4441.4,18157897.499999996
2025-08-01 09:45:37 AM,2220.0,1,2220.0,18160117.499999996
2025-08-01 09:45:38 AM,2220.0,48,106560.0,18266677.499999996
2025-08-01 09:45:38 AM,2220.9,0,0.0,18266677.499999996
2025-08-01 09:45:39 AM,2220.9,2,4441.8,18271119.299999997
2025-08-01 09:45:40 AM,2220.9,4,8883.6,18280002.9
2025-08-01 09:46:01 AM,2220.9,25,55522.5,18335525.4
2025-08-01 09:46:02 AM,2220.0,5,11100.0,18346625.4
2025-08-01 09:46:04 AM,2220.0,1,2220.0,18348845.4
2025-08-01 09:46:06 AM,2220.0,1,2220.0,18351065.4
2025-08-01 09:46:08 AM,2220.4,0,0.0,18351065.4
2025-08-01 09:46:09 AM,2220.4,5,11102.0,18362167.4
2025-08-01 09:46:34 AM,2219.1,96,213033.59999999998,18575201.0
2025-08-01 09:46:34 AM,2217.7,0,0.0,18575201.0
2025-08-01 09:46:35 AM,2217.7,4,8870.8,18584071.8
2025-08-01 09:46:36 AM,2217.7,19,42136.299999999996,18626208.1
2025-08-01 09:46:37 AM,2217.6,3,6652.799999999999,18632860.900000002
2025-08-01 09:46:38 AM,2219.1,7,15533.699999999999,18648394.6
2025-08-01 09:46:38 AM,2217.9,0,0.0,18648394.6
2025-08-01 09:46:39 AM,2217.9,1,2217.9,18650612.5
2025-08-01 09:46:40 AM,2219.6,0,0.0,18650612.5
2025-08-01 09:46:41 AM,2219.6,25,55490.0,18706102.5
2025-08-01 09:46:43 AM,2219.6,2,4439.2,18710541.7
2025-08-01 09:46:43 AM,2221.4,0,0.0,18710541.7
2025-08-01 09:46:44 AM,2221.4,100,222140.0,18932681.7
2025-08-01 09:46:44 AM,2220.0,0,0.0,18932681.7
2025-08-01 09:46:45 AM,2220.0,15,33300.0,18965981.7
2025-08-01 09:46:46 AM,2220.0,1,2220.0,18968201.7
2025-08-01 09:46:47 AM,2220.0,2,4440.0,18972641.7
2025-08-01 09:46:49 AM,2220.0,1,2220.0,18974861.7
2025-08-01 09:47:08 AM,2220.9,5,11104.5,18985966.2
2025-08-01 09:47:11 AM,2220.9,43,95498.7,19081464.9
2025-08-01 09:47:11 AM,2220.1,0,0.0,19081464.9
2025-08-01 09:47:12 AM,2220.1,7,15540.699999999999,19097005.599999998
2025-08-01 09:47:13 AM,2220.2,0,0.0,19097005.599999998
2025-08-01 09:47:14 AM,2220.2,1,2220.2,19099225.799999997
2025-08-01 09:47:30 AM,2221.3,100,222130.00000000003,19321355.799999997
2025-08-01 09:47:32 AM,2220.4,0,0.0,19321355.799999997
2025-08-01 09:47:32 AM,2220.4,20,44408.0,19365763.799999997
2025-08-01 09:47:34 AM,2220.4,6,13322.400000000001,19379086.199999996
2025-08-01 09:47:35 AM,2220.4,10,22204.0,19401290.199999996
2025-08-01 09:47:36 AM,2220.6,61,135456.6,19536746.799999997
2025-08-01 09:47:37 AM,2219.7,0,0.0,19536746.799999997
2025-08-01 09:47:37 AM,2219.7,9,19977.3,19556724.099999998
2025-08-01 09:47:38 AM,2220.5,1,2220.5,19558944.599999998
2025-08-01 09:47:43 AM,2221.4,0,0.0,19558944.599999998
2025-08-01 09:47:44 AM,2221.4,5,11107.0,19570051.599999998
2025-08-01 09:47:45 AM,2220.0,1,2220.0,19572271.599999998
2025-08-01 09:48:04 AM,2219.8,0,0.0,19572271.599999998
2025-08-01 09:48:04 AM,2220.0,0,0.0,19572271.599999998
2025-08-01 09:48:05 AM,2220.0,35,77700.0,19649971.599999998
2025-08-01 09:48:09 AM,2220.0,2,4440.0,19654411.599999998
2025-08-01 09:48:15 AM,2221.1,5,11105.5,19665517.099999998
2025-08-01 09:48:32 AM,2221.6,0,0.0,19665517.099999998
2025-08-01 09:48:35 AM,2222.0,9,19998.0,19685515.099999998
2025-08-01 09:48:40 AM,2221.7,0,0.0,19685515.099999998
2025-08-01 09:48:41 AM,2221.7,9,19995.3,19705510.4
2025-08-01 09:48:44 AM,2221.1,0,0.0,19705510.4
2025-08-01 09:48:44 AM,2221.1,10,22211.0,19727721.4
2025-08-01 09:48:48 AM,2221.1,1,2221.1,19729942.5
2025-08-01 09:48:50 AM,2220.2,333,739326.6,20469269.1
2025-08-01 09:48:52 AM,2222.0,0,0.0,20469269.1
2025-08-01 09:48:54 AM,2220.5,69,153214.5,20622483.6
2025-08-01 09:48:56 AM,2220.9,0,0.0,20622483.6
2025-08-01 09:48:57 AM,2220.9,5,11104.5,20633588.1
2025-08-01 09:49:00 AM,2221.1,0,0.0,20633588.1
2025-08-01 09:49:00 AM,2221.1,1,2221.1,20635809.200000003
2025-08-01 09:49:08 AM,2222.4,0,0.0,20635809.200000003
2025-08-01 09:49:09 AM,2222.4,1,2222.4,20638031.6
2025-08-01 09:49:13 AM,2222.5,0,0.0,20638031.6
2025-08-01 09:49:14 AM,2222.5,4,8890.0,20646921.6
2025-08-01 09:49:15 AM,2222.4,9,20001.600000000002,20666923.200000003
2025-08-01 09:49:15 AM,2222.4,1,2222.4,20669145.6
2025-08-01 09:49:16 AM,2222.5,4,8890.0,20678035.6
2025-08-01 09:49:18 AM,2223.0,1,2223.0,20680258.6
2025-08-01 09:49:36 AM,2224.5,0,0.0,20680258.6
2025-08-01 09:49:37 AM,2224.5,15,33367.5,20713626.1
2025-08-01 09:49:38 AM,2223.6,0,0.0,20713626.1
2025-08-01 09:49:38 AM,2223.6,2,4447.2,20718073.3
2025-08-01 09:49:41 AM,2223.6,60,133416.0,20851489.3
2025-08-01 09:49:45 AM,2224.5,1,2224.5,20853713.8
2025-08-01 09:49:47 AM,2223.3,0,0.0,20853713.8
2025-08-01 09:49:47 AM,2223.3,1,2223.3,20855937.1
2025-08-01 09:49:53 AM,2222.9,9,20006.100000000002,20875943.200000003
2025-08-01 09:49:54 AM,2222.4,55,122232.0,20998175.200000003
2025-08-01 09:49:54 AM,2221.7,0,0.0,20998175.200000003
2025-08-01 09:49:55 AM,2221.1,9,19989.899999999998,21018165.1
2025-08-01 09:49:56 AM,2221.0,0,0.0,21018165.1
2025-08-01 09:49:57 AM,2221.0,1,2221.0,21020386.1
2025-08-01 09:49:58 AM,2221.3,0,0.0,21020386.1
2025-08-01 09:49:58 AM,2221.3,1,2221.3,21022607.400000002
2025-08-01 09:50:08 AM,2223.4,0,0.0,21022607.400000002
2025-08-01 09:50:09 AM,2223.4,4,8893.6,21031501.000000004
2025-08-01 09:50:10 AM,2223.4,1,2223.4,21033724.400000002
2025-08-01 09:50:30 AM,2222.1,0,0.0,21033724.400000002
2025-08-01 09:50:31 AM,2222.1,2,4444.2,21038168.6
2025-08-01 09:50:35 AM,2222.5,0,0.0,21038168.6
2025-08-01 09:50:35 AM,2222.5,3,6667.5,21044836.1
2025-08-01 09:50:36 AM,2223.1,1,2223.1,21047059.200000003
2025-08-01 09:50:43 AM,2225.4,0,0.0,21047059.200000003
2025-08-01 09:50:44 AM,2225.4,8,17803.2,21064862.400000002
2025-08-01 09:50:45 AM,2223.1,40,88924.0,21153786.400000002
2025-08-01 09:50:45 AM,2223.2,0,0.0,21153786.400000002
2025-08-01 09:50:46 AM,2223.2,1,2223.2,21156009.6
2025-08-01 09:50:46 AM,2223.6,6,13341.599999999999,21169351.200000003
2025-08-01 09:50:48 AM,2223.9,1,2223.9,21171575.1
2025-08-01 09:50:49 AM,2223.9,1,2223.9,21173799.0
2025-08-01 09:51:08 AM,2227.1,5,11135.5,21184934.5
2025-08-01 09:51:09 AM,2227.2,0,0.0,21184934.5
2025-08-01 09:51:09 AM,2227.2,14,31180.799999999996,21216115.3
2025-08-01 09:51:10 AM,2226.0,0,0.0,21216115.3
2025-08-01 09:51:11 AM,2226.0,1,2226.0,21218341.3
2025-08-01 09:51:12 AM,2226.0,2,4452.0,21222793.3
2025-08-01 09:51:13 AM,2226.4,11,24490.4,21247283.7
2025-08-01 09:51:15 AM,2226.0,2,4452.0,21251735.7
2025-08-01 09:51:17 AM,2226.0,1,2226.0,21253961.7
2025-08-01 09:51:32 AM,2226.0,36,80136.0,21334097.7
2025-08-01 09:51:33 AM,2225.0,5,11125.0,21345222.7
2025-08-01 09:51:38 AM,2226.8,0,0.0,21345222.7
2025-08-01 09:51:39 AM,2226.8,6,13360.800000000001,21358583.5
2025-08-01 09:52:10 AM,2226.5,0,0.0,21358583.5
2025-08-01 09:52:11 AM,2226.5,2,4453.0,21363036.5
2025-08-01 09:52:15 AM,2227.6,0,0.0,21363036.5
2025-08-01 09:52:16 AM,2227.6,26,57917.6,21420954.1
2025-08-01 09:52:16 AM,2227.4,0,0.0,21420954.1
2025-08-01 09:52:17 AM,2226.2,51,113536.2,21534490.3
2025-08-01 09:52:18 AM,2226.2,8,17809.6,21552299.900000002
2025-08-01 09:52:20 AM,2226.2,1,2226.2,21554526.1
2025-08-01 09:52:20 AM,2226.9,40,89076.0,21643602.1
2025-08-01 09:52:21 AM,2226.2,0,0.0,21643602.1
2025-08-01 09:52:22 AM,2226.2,5,11131.0,21654733.1
2025-08-01 09:52:22 AM,2226.7,25,55667.49999999999,21710400.6
2025-08-01 09:52:23 AM,2225.2,5,11126.0,21721526.6
2025-08-01 09:52:24 AM,2226.0,1,2226.0,21723752.6
2025-08-01 09:52:38 AM,2227.9,0,0.0,21723752.6
2025-08-01 09:52:39 AM,2227.9,7,15595.300000000001,21739347.900000002
2025-08-01 09:52:39 AM,2226.5,0,0.0,21739347.900000002
2025-08-01 09:52:40 AM,2226.5,1,2226.5,21741574.400000002
2025-08-01 09:52:43 AM,2227.9,14,31190.600000000002,21772765.000000004
2025-08-01 09:52:45 AM,2226.7,3,6680.099999999999,21779445.100000005
2025-08-01 09:53:08 AM,2227.8,0,0.0,21779445.100000005
2025-08-01 09:53:09 AM,2227.8,5,11139.0,21790584.100000005
2025-08-01 09:53:10 AM,2226.8,0,0.0,21790584.100000005
2025-08-01 09:53:11 AM,2226.8,13,28948.4,21819532.500000004
2025-08-01 09:53:12 AM,2226.8,1,2226.8,21821759.300000004
2025-08-01 09:53:12 AM,2226.7,3,6680.099999999999,21828439.400000006
2025-08-01 09:53:13 AM,2226.7,26,57894.2,21886333.600000005
2025-08-01 09:53:13 AM,2227.2,0,0.0,21886333.600000005
2025-08-01 09:53:14 AM,2227.2,17,37862.399999999994,21924196.000000004
2025-08-01 09:53:14 AM,2226.5,4,8906.0,21933102.000000004
2025-08-01 09:53:15 AM,2226.1,1,2226.1,21935328.100000005
2025-08-01 09:53:16 AM,2227.1,14,31179.399999999998,21966507.500000004
2025-08-01 09:53:17 AM,2226.1,1,2226.1,21968733.600000005
2025-08-01 09:53:18 AM,2226.3,1,2226.3,21970959.900000006
2025-08-01 09:53:19 AM,2227.8,12,26733.600000000002,21997693.500000007
2025-08-01 09:53:21 AM,2226.3,2,4452.6,22002146.10000001
2025-08-01 09:53:25 AM,2226.1,0,0.0,22002146.10000001
2025-08-01 09:53:26 AM,2226.1,1,2226.1,22004372.20000001
2025-08-01 09:53:38 AM,2226.1,12,26713.199999999997,22031085.40000001
2025-08-01 09:53:40 AM,2224.4,0,0.0,22031085.40000001
2025-08-01 09:53:41 AM,2224.4,2,4448.8,22035534.20000001
2025-08-01 09:53:51 AM,2226.2,0,0.0,22035534.20000001
2025-08-01 09:53:52 AM,2226.2,18,40071.6,22075605.800000012
2025-08-01 09:53:53 AM,2224.9,0,0.0,22075605.800000012
2025-08-01 09:53:54 AM,2224.9,3,6674.700000000001,22082280.50000001
2025-08-01 09:54:08 AM,2226.7,5,11133.5,22093414.00000001
2025-08-01 09:54:09 AM,2225.1,0,0.0,22093414.00000001
2025-08-01 09:54:10 AM,2225.1,1,2225.1,22095639.100000013
2025-08-01 09:54:24 AM,2225.1,1,2225.1,22097864.200000014
2025-08-01 09:54:26 AM,2226.0,13,28938.0,22126802.200000014
2025-08-01 09:54:27 AM,2225.1,1,2225.1,22129027.300000016
2025-08-01 09:54:27 AM,2225.1,2,4450.2,22133477.500000015
2025-08-01 09:54:28 AM,2225.1,1,2225.1,22135702.600000016
2025-08-01 09:54:34 AM,2225.1,9,20025.899999999998,22155728.500000015
2025-08-01 09:54:36 AM,2225.1,1,2225.1,22157953.600000016
2025-08-01 09:54:38 AM,2226.1,0,0.0,22157953.600000016
2025-08-01 09:54:39 AM,2226.1,7,15582.699999999999,22173536.300000016
2025-08-01 09:54:40 AM,2225.5,2,4451.0,22177987.300000016
2025-08-01 09:55:08 AM,2226.7,0,0.0,22177987.300000016
2025-08-01 09:55:11 AM,2225.9,0,0.0,22177987.300000016
2025-08-01 09:55:12 AM,2225.9,6,13355.400000000001,22191342.700000014
2025-08-01 09:55:23 AM,2226.0,0,0.0,22191342.700000014
2025-08-01 09:55:24 AM,2226.0,3,6678.0,22198020.700000014
2025-08-01 09:55:37 AM,2226.0,11,24486.0,22222506.700000014
2025-08-01 09:55:42 AM,2225.9,8,17807.2,22240313.900000013
2025-08-01 09:55:57 AM,2226.0,0,0.0,22240313.900000013
2025-08-01 09:56:00 AM,2225.5,0,0.0,22240313.900000013
2025-08-01 09:56:00 AM,2225.3,53,117940.90000000001,22358254.800000012
2025-08-01 09:56:09 AM,2226.0,0,0.0,22358254.800000012
2025-08-01 09:56:10 AM,2225.2,0,0.0,22358254.800000012
2025-08-01 09:56:12 AM,2225.2,6,13351.199999999999,22371606.00000001
2025-08-01 09:56:40 AM,2225.1,0,0.0,22371606.00000001
2025-08-01 09:56:42 AM,2225.1,8,17800.8,22389406.800000012
2025-08-01 09:57:10 AM,2226.0,0,0.0,22389406.800000012
2025-08-01 09:57:10 AM,2225.1,0,0.0,22389406.800000012
2025-08-01 09:57:12 AM,2225.1,6,13350.599999999999,22402757.400000013
2025-08-01 09:57:35 AM,2225.1,13,28926.3,22431683.700000014
2025-08-01 09:57:41 AM,2226.0,6,13356.0,22445039.700000014
2025-08-01 09:57:46 AM,2225.1,0,0.0,22445039.700000014
2025-08-01 09:57:47 AM,2225.1,2,4450.2,22449489.900000013
2025-08-01 09:58:05 AM,2224.2,78,173487.59999999998,22622977.500000015
2025-08-01 09:58:08 AM,2223.9,1,2223.9,22625201.400000013
2025-08-01 09:58:11 AM,2224.7,0,0.0,22625201.400000013
2025-08-01 09:58:12 AM,2224.7,4,8898.8,22634100.200000014
2025-08-01 09:58:19 AM,2225.0,0,0.0,22634100.200000014
2025-08-01 09:58:20 AM,2224.0,26,57824.0,22691924.200000014
2025-08-01 09:58:23 AM,2221.8,0,0.0,22691924.200000014
2025-08-01 09:58:24 AM,2221.8,25,55545.00000000001,22747469.200000014
2025-08-01 09:58:26 AM,2222.4,29,64449.600000000006,22811918.800000016
2025-08-01 09:58:30 AM,2222.2,2,4444.4,22816363.200000014
2025-08-01 09:58:39 AM,2223.4,0,0.0,22816363.200000014
2025-08-01 09:58:39 AM,2223.4,7,15563.800000000001,22831927.000000015
2025-08-01 09:58:42 AM,2222.0,1,2222.0,22834149.000000015
2025-08-01 09:59:04 AM,2222.8,0,0.0,22834149.000000015
2025-08-01 09:59:04 AM,2222.8,11,24450.800000000003,22858599.800000016
2025-08-01 09:59:06 AM,2221.9,0,0.0,22858599.800000016
2025-08-01 09:59:06 AM,2221.9,2,4443.8,22863043.600000016
2025-08-01 09:59:08 AM,2222.7,2,4445.4,22867489.000000015
2025-08-01 09:59:10 AM,2222.7,1,2222.7,22869711.700000014
2025-08-01 09:59:13 AM,2223.0,2,4446.0,22874157.700000014
2025-08-01 09:59:39 AM,2223.2,0,0.0,22874157.700000014
2025-08-01 09:59:39 AM,2223.2,6,13339.199999999999,22887496.900000013
2025-08-01 09:59:40 AM,2223.2,1,2223.2,22889720.100000013
2025-08-01 09:59:43 AM,2223.9,5,11119.5,22900839.600000013
2025-08-01 09:59:45 AM,2222.5,0,0.0,22900839.600000013
2025-08-01 09:59:45 AM,2222.5,1,2222.5,22903062.100000013
2025-08-01 09:59:59 AM,2223.5,70,155645.0,23058707.100000013
2025-08-01 10:00:00 AM,2222.4,10,22224.0,23080931.100000013
2025-08-01 10:00:02 AM,2221.9,3,6665.700000000001,23087596.800000012
2025-08-01 10:00:05 AM,2221.9,1,2221.9,23089818.70000001
2025-08-01 10:00:08 AM,2221.0,44,97724.0,23187542.70000001
2025-08-01 10:00:11 AM,2220.5,0,0.0,23187542.70000001
2025-08-01 10:00:12 AM,2220.1,32,71043.2,23258585.90000001
2025-08-01 10:00:15 AM,2220.2,2,4440.4,23263026.30000001
2025-08-01 10:00:34 AM,2220.4,0,0.0,23263026.30000001
2025-08-01 10:00:34 AM,2220.4,12,26644.800000000003,23289671.10000001
2025-08-01 10:00:37 AM,2220.4,22,48848.8,23338519.90000001
2025-08-01 10:00:40 AM,2222.2,0,0.0,23338519.90000001
2025-08-01 10:00:40 AM,2221.6,8,17772.8,23356292.70000001
2025-08-01 10:00:43 AM,2221.9,1,2221.9,23358514.60000001
2025-08-01 10:00:52 AM,2222.8,0,0.0,23358514.60000001
2025-08-01 10:00:53 AM,2221.9,63,139979.7,23498494.30000001
2025-08-01 10:00:56 AM,2221.9,2,4443.8,23502938.10000001
2025-08-01 10:00:59 AM,2222.0,49,108878.0,23611816.10000001
2025-08-01 10:01:02 AM,2222.2,9,19999.8,23631815.90000001
2025-08-01 10:01:09 AM,2223.7,5,11118.5,23642934.40000001
2025-08-01 10:01:11 AM,2224.3,0,0.0,23642934.40000001
2025-08-01 10:01:12 AM,2223.7,11,24460.699999999997,23667395.10000001
2025-08-01 10:01:15 AM,2223.7,1,2223.7,23669618.80000001
2025-08-01 10:01:19 AM,2225.0,0,0.0,23669618.80000001
2025-08-01 10:01:21 AM,2225.0,1,2225.0,23671843.80000001
2025-08-01 10:01:40 AM,2224.5,0,0.0,23671843.80000001
2025-08-01 10:01:40 AM,2224.5,7,15571.5,23687415.30000001
2025-08-01 10:01:46 AM,2224.3,2,4448.6,23691863.90000001
2025-08-01 10:01:59 AM,2224.4,2,4448.8,23696312.70000001
2025-08-01 10:02:08 AM,2225.0,4,8900.0,23705212.70000001
2025-08-01 10:02:09 AM,2225.0,1,2225.0,23707437.70000001
2025-08-01 10:02:11 AM,2224.7,1,2224.7,23709662.40000001
2025-08-01 10:02:21 AM,2224.7,11,24471.699999999997,23734134.10000001
2025-08-01 10:02:22 AM,2223.5,1,2223.5,23736357.60000001
2025-08-01 10:02:23 AM,2224.7,2,4449.4,23740807.000000007
2025-08-01 10:02:24 AM,2223.7,0,0.0,23740807.000000007
2025-08-01 10:02:24 AM,2223.7,1,2223.7,23743030.700000007
2025-08-01 10:02:24 AM,2224.8,9,20023.2,23763053.900000006
2025-08-01 10:02:26 AM,2224.9,0,0.0,23763053.900000006
2025-08-01 10:02:26 AM,2224.9,2,4449.8,23767503.700000007
2025-08-01 10:02:27 AM,2224.9,1,2224.9,23769728.600000005
2025-08-01 10:02:39 AM,2225.7,0,0.0,23769728.600000005
2025-08-01 10:02:39 AM,2225.7,7,15579.899999999998,23785308.500000004
2025-08-01 10:02:40 AM,2224.7,1,2224.7,23787533.200000003
2025-08-01 10:02:47 AM,2224.7,13,28921.1,23816454.300000004
2025-08-01 10:02:48 AM,2224.7,2,4449.4,23820903.700000003
2025-08-01 10:02:49 AM,2225.9,0,0.0,23820903.700000003
2025-08-01 10:02:49 AM,2225.9,10,22259.0,23843162.700000003
2025-08-01 10:02:51 AM,2224.9,0,0.0,23843162.700000003
2025-08-01 10:02:51 AM,2224.9,2,4449.8,23847612.500000004
2025-08-01 10:03:09 AM,2225.9,0,0.0,23847612.500000004
2025-08-01 10:03:09 AM,2225.9,5,11129.5,23858742.000000004
2025-08-01 10:03:11 AM,2225.1,0,0.0,23858742.000000004
2025-08-01 10:03:11 AM,2225.1,4,8900.4,23867642.400000002
2025-08-01 10:03:13 AM,2225.1,2,4450.2,23872092.6
2025-08-01 10:03:38 AM,2226.0,6,13356.0,23885448.6
2025-08-01 10:03:41 AM,2225.2,0,0.0,23885448.6
2025-08-01 10:03:41 AM,2225.2,1,2225.2,23887673.8
2025-08-01 10:04:24 AM,2226.0,0,0.0,23887673.8
2025-08-01 10:04:24 AM,2226.0,11,24486.0,23912159.8
2025-08-01 10:04:25 AM,2225.1,0,0.0,23912159.8
2025-08-01 10:04:25 AM,2225.1,3,6675.299999999999,23918835.1
2025-08-01 10:04:33 AM,2225.9,0,0.0,23918835.1
2025-08-01 10:04:33 AM,2225.1,23,51177.299999999996,23970012.400000002
2025-08-01 10:04:34 AM,2225.1,16,35601.6,24005614.000000004
2025-08-01 10:04:36 AM,2224.9,47,104570.3,24110184.300000004
2025-08-01 10:04:37 AM,2223.7,1,2223.7,24112408.000000004
2025-08-01 10:04:38 AM,2225.9,0,0.0,24112408.000000004
2025-08-01 10:04:38 AM,2225.9,382,850293.8,24962701.800000004
2025-08-01 10:04:39 AM,2225.6,0,0.0,24962701.800000004
2025-08-01 10:04:39 AM,2227.0,206,458762.0,25421463.800000004
2025-08-01 10:04:41 AM,2225.4,0,0.0,25421463.800000004
2025-08-01 10:04:41 AM,2225.6,0,0.0,25421463.800000004
2025-08-01 10:04:41 AM,2225.6,32,71219.2,25492683.000000004
2025-08-01 10:04:43 AM,2225.9,0,0.0,25492683.000000004
2025-08-01 10:04:43 AM,2225.9,85,189201.5,25681884.500000004
2025-08-01 10:04:43 AM,2225.9,28,62325.200000000004,25744209.700000003
2025-08-01 10:04:44 AM,2225.9,67,149135.30000000002,25893345.000000004
2025-08-01 10:04:45 AM,2225.6,0,0.0,25893345.000000004
2025-08-01 10:04:45 AM,2225.6,1,2225.6,25895570.600000005
2025-08-01 10:04:46 AM,2225.0,4,8900.0,25904470.600000005
2025-08-01 10:04:48 AM,2224.6,0,0.0,25904470.600000005
2025-08-01 10:04:48 AM,2224.6,2,4449.2,25908919.800000004
2025-08-01 10:04:49 AM,2224.6,1,2224.6,25911144.400000006
2025-08-01 10:04:52 AM,2224.7,0,0.0,25911144.400000006
2025-08-01 10:04:52 AM,2224.7,100,222469.99999999997,26133614.400000006
2025-08-01 10:04:52 AM,2224.7,53,117909.09999999999,26251523.500000007
2025-08-01 10:04:53 AM,2224.4,55,122342.0,26373865.500000007
2025-08-01 10:04:55 AM,2224.2,0,0.0,26373865.500000007
2025-08-01 10:04:55 AM,2224.5,10,22245.0,26396110.500000007
2025-08-01 10:04:56 AM,2224.2,100,222419.99999999997,26618530.500000007
2025-08-01 10:04:57 AM,2224.3,1,2224.3,26620754.80000001
2025-08-01 10:04:57 AM,2224.4,36,80078.40000000001,26700833.200000007
2025-08-01 10:04:58 AM,2224.2,0,0.0,26700833.200000007
2025-08-01 10:04:58 AM,2224.2,15,33363.0,26734196.200000007
2025-08-01 10:04:59 AM,2224.2,44,97864.79999999999,26832061.000000007
2025-08-01 10:05:00 AM,2223.7,0,0.0,26832061.000000007
2025-08-01 10:05:00 AM,2223.7,8,17789.6,26849850.60000001
2025-08-01 10:05:01 AM,2223.7,1,2223.7,26852074.30000001
2025-08-01 10:05:01 AM,2223.9,1,2223.9,26854298.200000007
2025-08-01 10:05:03 AM,2225.8,0,0.0,26854298.200000007
2025-08-01 10:05:03 AM,2225.8,29,64548.200000000004,26918846.400000006
2025-08-01 10:05:04 AM,2224.2,0,0.0,26918846.400000006
2025-08-01 10:05:04 AM,2224.2,6,13345.199999999999,26932191.600000005
2025-08-01 10:05:05 AM,2224.0,1,2224.0,26934415.600000005
2025-08-01 10:05:06 AM,2224.0,101,224624.0,27159039.600000005
2025-08-01 10:05:07 AM,2224.1,100,222410.0,27381449.600000005
2025-08-01 10:05:08 AM,2224.3,0,0.0,27381449.600000005
2025-08-01 10:05:08 AM,2224.6,30,66738.0,27448187.600000005
2025-08-01 10:05:09 AM,2224.3,0,0.0,27448187.600000005
2025-08-01 10:05:09 AM,2224.3,78,173495.40000000002,27621683.000000004
2025-08-01 10:05:09 AM,2224.2,5,11121.0,27632804.000000004
2025-08-01 10:05:10 AM,2224.2,5,11121.0,27643925.000000004
2025-08-01 10:05:11 AM,2224.2,6,13345.199999999999,27657270.200000003
2025-08-01 10:05:12 AM,2223.6,1,2223.6,27659493.800000004
2025-08-01 10:05:15 AM,2223.5,0,0.0,27659493.800000004
2025-08-01 10:05:15 AM,2223.5,22,48917.0,27708410.800000004
2025-08-01 10:05:16 AM,2222.0,0,0.0,27708410.800000004
2025-08-01 10:05:16 AM,2222.0,4,8888.0,27717298.800000004
2025-08-01 10:05:16 AM,2222.5,8,17780.0,27735078.800000004
2025-08-01 10:05:18 AM,2222.0,0,0.0,27735078.800000004
2025-08-01 10:05:18 AM,2222.0,1,2222.0,27737300.800000004
2025-08-01 10:05:20 AM,2222.0,1,2222.0,27739522.800000004
2025-08-01 10:05:26 AM,2222.0,50,111100.0,27850622.800000004
2025-08-01 10:05:28 AM,2222.1,50,111105.0,27961727.800000004
2025-08-01 10:05:28 AM,2222.1,2,4444.2,27966172.000000004
2025-08-01 10:05:29 AM,2222.4,0,0.0,27966172.000000004
2025-08-01 10:05:29 AM,2222.4,57,126676.8,28092848.800000004
2025-08-01 10:05:30 AM,2222.4,34,75561.6,28168410.400000006
2025-08-01 10:05:31 AM,2222.0,0,0.0,28168410.400000006
2025-08-01 10:05:31 AM,2222.0,9,19998.0,28188408.400000006
2025-08-01 10:05:31 AM,2222.0,1,2222.0,28190630.400000006
2025-08-01 10:05:32 AM,2222.4,0,0.0,28190630.400000006
2025-08-01 10:05:32 AM,2222.4,90,200016.0,28390646.400000006
2025-08-01 10:05:33 AM,2221.3,13,28876.9,28419523.300000004
2025-08-01 10:05:35 AM,2221.3,3,6663.900000000001,28426187.200000003
2025-08-01 10:05:39 AM,2222.4,0,0.0,28426187.200000003
2025-08-01 10:05:39 AM,2222.4,6,13334.400000000001,28439521.6
2025-08-01 10:05:39 AM,2221.9,1,2221.9,28441743.5
2025-08-01 10:05:42 AM,2221.3,50,111065.00000000001,28552808.5
2025-08-01 10:05:43 AM,2221.3,50,111065.00000000001,28663873.5
2025-08-01 10:05:43 AM,2221.6,8,17772.8,28681646.3
2025-08-01 10:05:44 AM,2221.3,0,0.0,28681646.3
2025-08-01 10:05:44 AM,2221.3,59,131056.70000000001,28812703.0
2025-08-01 10:05:45 AM,2221.9,50,111095.0,28923798.0
2025-08-01 10:05:46 AM,2221.2,0,0.0,28923798.0
2025-08-01 10:05:46 AM,2221.2,67,148820.4,29072618.4
2025-08-01 10:05:47 AM,2222.4,0,0.0,29072618.4
2025-08-01 10:05:47 AM,2222.4,43,95563.2,29168181.599999998
2025-08-01 10:05:48 AM,2222.5,8,17780.0,29185961.599999998
2025-08-01 10:05:50 AM,2222.5,1,2222.5,29188184.099999998
2025-08-01 10:06:00 AM,2223.2,1,2223.2,29190407.299999997
2025-08-01 10:06:04 AM,2223.7,0,0.0,29190407.299999997
2025-08-01 10:06:04 AM,2223.7,40,88948.0,29279355.299999997
2025-08-01 10:06:04 AM,2223.6,14,31130.399999999998,29310485.699999996
2025-08-01 10:06:06 AM,2223.5,1,2223.5,29312709.199999996
2025-08-01 10:06:08 AM,2223.5,1,2223.5,29314932.699999996
2025-08-01 10:06:09 AM,2223.5,6,13341.0,29328273.699999996
2025-08-01 10:06:09 AM,2223.5,43,95610.5,29423884.199999996
2025-08-01 10:06:11 AM,2221.2,0,0.0,29423884.199999996
2025-08-01 10:06:11 AM,2221.2,7,15548.399999999998,29439432.599999994
2025-08-01 10:06:12 AM,2221.8,0,0.0,29439432.599999994
2025-08-01 10:06:12 AM,2221.8,1,2221.8,29441654.399999995
2025-08-01 10:06:16 AM,2222.4,0,0.0,29441654.399999995
2025-08-01 10:06:16 AM,2222.4,100,222240.0,29663894.399999995
2025-08-01 10:06:17 AM,2222.2,0,0.0,29663894.399999995
2025-08-01 10:06:17 AM,2222.0,15,33330.0,29697224.399999995
2025-08-01 10:06:18 AM,2222.0,2,4444.0,29701668.399999995
2025-08-01 10:06:19 AM,2222.0,1,2222.0,29703890.399999995
2025-08-01 10:06:21 AM,2222.4,0,0.0,29703890.399999995
2025-08-01 10:06:21 AM,2222.4,5,11112.0,29715002.399999995
2025-08-01 10:06:22 AM,2221.7,0,0.0,29715002.399999995
2025-08-01 10:06:22 AM,2221.7,1,2221.7,29717224.099999994
2025-08-01 10:06:23 AM,2222.3,0,0.0,29717224.099999994
2025-08-01 10:06:23 AM,2222.3,60,133338.0,29850562.099999994
2025-08-01 10:06:23 AM,2221.5,9,19993.5,29870555.599999994
2025-08-01 10:06:24 AM,2222.0,2,4444.0,29874999.599999994
2025-08-01 10:06:33 AM,2223.1,100,222310.0,30097309.599999994
2025-08-01 10:06:34 AM,2221.7,15,33325.5,30130635.099999994
2025-08-01 10:06:35 AM,2221.9,0,0.0,30130635.099999994
2025-08-01 10:06:36 AM,2221.9,2,4443.8,30135078.899999995
2025-08-01 10:06:36 AM,2221.9,2,4443.8,30139522.699999996
2025-08-01 10:06:39 AM,2221.9,9,19997.100000000002,30159519.799999997
2025-08-01 10:06:40 AM,2221.9,2,4443.8,30163963.599999998
2025-08-01 10:06:49 AM,2221.9,1,2221.9,30166185.499999996
2025-08-01 10:07:02 AM,2221.4,46,102184.40000000001,30268369.899999995
2025-08-01 10:07:04 AM,2221.3,60,133278.0,30401647.899999995
2025-08-01 10:07:08 AM,2219.5,0,0.0,30401647.899999995
2025-08-01 10:07:08 AM,2219.1,36,79887.59999999999,30481535.499999996
2025-08-01 10:07:11 AM,2220.9,100,222090.0,30703625.499999996
2025-08-01 10:07:13 AM,2219.5,0,0.0,30703625.499999996
2025-08-01 10:07:15 AM,2219.4,17,37729.8,30741355.299999997
2025-08-01 10:07:17 AM,2220.4,53,117681.20000000001,30859036.499999996
2025-08-01 10:07:18 AM,2220.7,0,0.0,30859036.499999996
2025-08-01 10:07:21 AM,2220.8,9,19987.2,30879023.699999996
2025-08-01 10:07:23 AM,2221.4,0,0.0,30879023.699999996
2025-08-01 10:07:23 AM,2221.4,3,6664.200000000001,30885687.899999995
2025-08-01 10:07:27 AM,2221.3,0,0.0,30885687.899999995
2025-08-01 10:07:27 AM,2221.3,18,39983.4,30925671.299999993
2025-08-01 10:07:29 AM,2220.9,66,146579.4,31072250.69999999
2025-08-01 10:07:34 AM,2220.9,1,2220.9,31074471.59999999
2025-08-01 10:07:35 AM,2221.1,0,0.0,31074471.59999999
2025-08-01 10:07:35 AM,2221.1,133,295406.3,31369877.89999999
2025-08-01 10:07:39 AM,2221.0,0,0.0,31369877.89999999
2025-08-01 10:07:39 AM,2221.1,24,53306.399999999994,31423184.29999999
2025-08-01 10:07:41 AM,2221.1,102,226552.19999999998,31649736.49999999
2025-08-01 10:07:45 AM,2220.9,0,0.0,31649736.49999999
2025-08-01 10:07:45 AM,2221.3,0,0.0,31649736.49999999
2025-08-01 10:07:45 AM,2221.7,238,528764.6,32178501.09999999
2025-08-01 10:07:47 AM,2221.4,60,133284.0,32311785.09999999
2025-08-01 10:07:49 AM,2221.7,0,0.0,32311785.09999999
2025-08-01 10:07:52 AM,2221.7,1,2221.7,32314006.79999999
2025-08-01 10:07:54 AM,2222.8,72,160041.6,32474048.39999999
2025-08-01 10:07:55 AM,2222.9,0,0.0,32474048.39999999
2025-08-01 10:07:58 AM,2223.1,136,302341.6,32776389.999999993
2025-08-01 10:07:59 AM,2222.9,0,0.0,32776389.999999993
2025-08-01 10:08:00 AM,2223.5,0,0.0,32776389.999999993
2025-08-01 10:08:00 AM,2223.5,179,398006.5,33174396.499999993
2025-08-01 10:08:01 AM,2222.9,0,0.0,33174396.499999993
2025-08-01 10:08:01 AM,2222.9,87,193392.30000000002,33367788.799999993
2025-08-01 10:08:02 AM,2223.0,63,140049.0,33507837.799999993
2025-08-01 10:08:04 AM,2222.0,0,0.0,33507837.799999993
2025-08-01 10:08:04 AM,2222.0,33,73326.0,33581163.8
2025-08-01 10:08:06 AM,2222.4,7,15556.800000000001,33596720.599999994
2025-08-01 10:08:06 AM,2222.7,2,4445.4,33601165.99999999
2025-08-01 10:08:07 AM,2222.4,12,26668.800000000003,33627834.79999999
2025-08-01 10:08:08 AM,2222.4,1,2222.4,33630057.19999999
2025-08-01 10:08:14 AM,2223.3,0,0.0,33630057.19999999
2025-08-01 10:08:14 AM,2223.3,5,11116.5,33641173.69999999
2025-08-01 10:08:15 AM,2222.4,1,2222.4,33643396.09999999
2025-08-01 10:08:24 AM,2224.0,100,222400.0,33865796.09999999
2025-08-01 10:08:25 AM,2224.2,17,37811.399999999994,33903607.499999985
2025-08-01 10:08:26 AM,2224.0,0,0.0,33903607.499999985
2025-08-01 10:08:26 AM,2224.0,20,44480.0,33948087.499999985
2025-08-01 10:08:27 AM,2224.0,6,13344.0,33961431.499999985
2025-08-01 10:08:29 AM,2224.6,0,0.0,33961431.499999985
2025-08-01 10:08:29 AM,2224.6,23,51165.799999999996,34012597.29999998
2025-08-01 10:08:31 AM,2224.3,0,0.0,34012597.29999998
2025-08-01 10:08:31 AM,2224.3,4,8897.2,34021494.499999985
2025-08-01 10:08:32 AM,2224.3,36,80074.8,34101569.29999998
2025-08-01 10:08:32 AM,2223.3,24,53359.200000000004,34154928.499999985
2025-08-01 10:08:33 AM,2222.7,7,15558.899999999998,34170487.39999998
2025-08-01 10:08:35 AM,2222.9,1,2222.9,34172710.29999998
2025-08-01 10:08:37 AM,2222.7,0,0.0,34172710.29999998
2025-08-01 10:08:37 AM,2222.7,1,2222.7,34174932.999999985
2025-08-01 10:08:40 AM,2223.2,1,2223.2,34177156.19999999
2025-08-01 10:09:08 AM,2224.5,5,11122.5,34188278.69999999
2025-08-01 10:09:23 AM,2226.0,10,22260.0,34210538.69999999
2025-08-01 10:09:26 AM,2225.5,0,0.0,34210538.69999999
2025-08-01 10:09:26 AM,2225.5,1,2225.5,34212764.19999999
2025-08-01 10:09:28 AM,2225.2,0,0.0,34212764.19999999
2025-08-01 10:09:28 AM,2225.2,2,4450.4,34217214.59999999
2025-08-01 10:09:30 AM,2226.0,0,0.0,34217214.59999999
2025-08-01 10:09:30 AM,2226.0,8,17808.0,34235022.59999999
2025-08-01 10:09:31 AM,2225.4,1,2225.4,34237247.999999985
2025-08-01 10:09:39 AM,2226.0,0,0.0,34237247.999999985
2025-08-01 10:09:39 AM,2226.0,6,13356.0,34250603.999999985
2025-08-01 10:10:01 AM,2225.7,0,0.0,34250603.999999985
2025-08-01 10:10:01 AM,2225.7,42,93479.4,34344083.39999998
2025-08-01 10:10:02 AM,2224.8,0,0.0,34344083.39999998
2025-08-01 10:10:02 AM,2224.8,25,55620.00000000001,34399703.39999998
2025-08-01 10:10:03 AM,2224.5,0,0.0,34399703.39999998
2025-08-01 10:10:03 AM,2224.5,9,20020.5,34419723.89999998
2025-08-01 10:10:04 AM,2224.6,1,2224.6,34421948.499999985
2025-08-01 10:10:08 AM,2225.9,4,8903.6,34430852.09999999
2025-08-01 10:10:09 AM,2225.9,1,2225.9,34433077.999999985
2025-08-01 10:10:10 AM,2224.2,0,0.0,34433077.999999985
2025-08-01 10:10:10 AM,2224.2,1,2224.2,34435302.19999999
2025-08-01 10:10:18 AM,2224.2,353,785142.6,35220444.79999999
2025-08-01 10:10:19 AM,2224.2,47,104537.4,35324982.19999999
2025-08-01 10:10:19 AM,2224.4,3,6673.200000000001,35331655.39999999
2025-08-01 10:10:20 AM,2226.0,72,160272.0,35491927.39999999
2025-08-01 10:10:21 AM,2225.1,2,4450.2,35496377.599999994
2025-08-01 10:10:21 AM,2225.8,33,73451.40000000001,35569828.99999999
2025-08-01 10:10:22 AM,2224.7,16,35595.2,35605424.199999996
2025-08-01 10:10:24 AM,2224.7,2,4449.4,35609873.599999994
2025-08-01 10:10:26 AM,2224.7,1,2224.7,35612098.3
2025-08-01 10:10:27 AM,2223.6,0,0.0,35612098.3
2025-08-01 10:10:27 AM,2223.6,150,333540.0,35945638.3
2025-08-01 10:10:28 AM,2224.4,22,48936.8,35994575.099999994
2025-08-01 10:10:31 AM,2224.3,3,6672.900000000001,36001247.99999999
2025-08-01 10:10:35 AM,2225.5,24,53412.0,36054659.99999999
2025-08-01 10:10:37 AM,2224.9,0,0.0,36054659.99999999
2025-08-01 10:10:37 AM,2224.9,4,8899.6,36063559.599999994
2025-08-01 10:10:38 AM,2227.4,7,15591.800000000001,36079151.39999999
2025-08-01 10:10:41 AM,2226.2,2,4452.4,36083603.79999999
2025-08-01 10:11:08 AM,2225.7,0,0.0,36083603.79999999
2025-08-01 10:11:08 AM,2225.7,11,24482.699999999997,36108086.49999999
2025-08-01 10:11:09 AM,2226.3,0,0.0,36108086.49999999
2025-08-01 10:11:09 AM,2226.3,2,4452.6,36112539.099999994
2025-08-01 10:11:13 AM,2226.3,3,6678.900000000001,36119217.99999999
2025-08-01 10:11:18 AM,2227.1,0,0.0,36119217.99999999
2025-08-01 10:11:18 AM,2227.1,4,8908.4,36128126.39999999
2025-08-01 10:11:19 AM,2226.0,2,4452.0,36132578.39999999
2025-08-01 10:11:39 AM,2227.2,0,0.0,36132578.39999999
2025-08-01 10:11:39 AM,2227.2,7,15590.399999999998,36148168.79999999
2025-08-01 10:11:51 AM,2228.0,0,0.0,36148168.79999999
2025-08-01 10:11:51 AM,2228.0,8,17824.0,36165992.79999999
2025-08-01 10:11:53 AM,2228.0,13,28964.0,36194956.79999999
2025-08-01 10:12:09 AM,2228.5,0,0.0,36194956.79999999
2025-08-01 10:12:09 AM,2228.5,1,2228.5,36197185.29999999
2025-08-01 10:12:09 AM,2228.5,23,51255.5,36248440.79999999
2025-08-01 10:12:11 AM,2228.5,2,4457.0,36252897.79999999
2025-08-01 10:12:29 AM,2230.0,0,0.0,36252897.79999999
2025-08-01 10:12:29 AM,2230.0,23,51290.0,36304187.79999999
2025-08-01 10:12:32 AM,2231.0,2,4462.0,36308649.79999999
2025-08-01 10:12:33 AM,2231.0,1,2231.0,36310880.79999999
2025-08-01 10:12:37 AM,2231.0,121,269951.0,36580831.79999999
2025-08-01 10:12:38 AM,2230.8,6,13384.800000000001,36594216.59999999
2025-08-01 10:12:39 AM,2230.8,7,15615.600000000002,36609832.19999999
2025-08-01 10:12:40 AM,2230.4,3,6691.200000000001,36616523.39999999
2025-08-01 10:12:41 AM,2230.6,3,6691.799999999999,36623215.19999999
2025-08-01 10:12:51 AM,2230.3,0,0.0,36623215.19999999
2025-08-01 10:12:51 AM,2230.3,29,64678.700000000004,36687893.89999999
2025-08-01 10:12:53 AM,2228.8,0,0.0,36687893.89999999
2025-08-01 10:12:53 AM,2228.8,5,11144.0,36699037.89999999
2025-08-01 10:13:08 AM,2230.3,5,11151.5,36710189.39999999
2025-08-01 10:13:10 AM,2230.4,4,8921.6,36719110.99999999
2025-08-01 10:13:34 AM,2230.5,9,20074.5,36739185.49999999
2025-08-01 10:13:35 AM,2229.8,1,2229.8,36741415.29999999
2025-08-01 10:13:39 AM,2230.9,0,0.0,36741415.29999999
2025-08-01 10:13:39 AM,2230.9,6,13385.400000000001,36754800.69999999
2025-08-01 10:13:40 AM,2229.8,1,2229.8,36757030.499999985
2025-08-01 10:13:46 AM,2229.7,27,60201.899999999994,36817232.39999998
2025-08-01 10:13:48 AM,2228.0,4,8912.0,36826144.39999998
2025-08-01 10:13:50 AM,2228.0,2,4456.0,36830600.39999998
2025-08-01 10:13:51 AM,2229.4,2,4458.8,36835059.19999998
2025-08-01 10:13:55 AM,2229.7,1,2229.7,36837288.89999998
2025-08-01 10:13:58 AM,2228.4,1,2228.4,36839517.29999998
2025-08-01 10:14:09 AM,2229.6,0,0.0,36839517.29999998
2025-08-01 10:14:09 AM,2229.6,5,11148.0,36850665.29999998
2025-08-01 10:14:12 AM,2228.3,0,0.0,36850665.29999998
2025-08-01 10:14:15 AM,2228.3,1,2228.3,36852893.59999998
2025-08-01 10:14:39 AM,2229.3,0,0.0,36852893.59999998
2025-08-01 10:14:39 AM,2229.3,7,15605.100000000002,36868498.69999998
2025-08-01 10:14:42 AM,2228.3,0,0.0,36868498.69999998
2025-08-01 10:14:44 AM,2228.3,1,2228.3,36870726.99999998
2025-08-01 10:14:56 AM,2229.6,0,0.0,36870726.99999998
2025-08-01 10:14:56 AM,2229.6,8,17836.8,36888563.799999975
2025-08-01 10:14:58 AM,2228.8,0,0.0,36888563.799999975
2025-08-01 10:15:01 AM,2228.8,2,4457.6,36893021.399999976
2025-08-01 10:15:10 AM,2229.9,0,0.0,36893021.399999976
2025-08-01 10:15:12 AM,2228.8,0,0.0,36893021.399999976
2025-08-01 10:15:12 AM,2228.8,7,15601.600000000002,36908622.99999998
2025-08-01 10:15:18 AM,2227.6,0,0.0,36908622.99999998
2025-08-01 10:15:18 AM,2227.6,332,739563.2,37648186.19999998
2025-08-01 10:15:20 AM,2228.9,0,0.0,37648186.19999998
2025-08-01 10:15:21 AM,2227.8,0,0.0,37648186.19999998
2025-08-01 10:15:25 AM,2227.8,85,189363.00000000003,37837549.19999998
2025-08-01 10:15:31 AM,2228.3,39,86903.70000000001,37924452.89999998
2025-08-01 10:15:33 AM,2227.8,0,0.0,37924452.89999998
2025-08-01 10:15:37 AM,2227.8,7,15594.600000000002,37940047.499999985
2025-08-01 10:15:39 AM,2228.6,0,0.0,37940047.499999985
2025-08-01 10:15:43 AM,2228.6,4,8914.4,37948961.89999998
2025-08-01 10:15:43 AM,2229.5,2,4459.0,37953420.89999998
2025-08-01 10:15:44 AM,2228.0,0,0.0,37953420.89999998
2025-08-01 10:15:48 AM,2227.9,0,0.0,37953420.89999998
2025-08-01 10:15:49 AM,2227.9,60,133674.0,38087094.89999998
2025-08-01 10:15:55 AM,2228.0,88,196064.0,38283158.89999998
2025-08-01 10:15:57 AM,2228.3,0,0.0,38283158.89999998
2025-08-01 10:16:00 AM,2228.3,1,2228.3,38285387.19999998
2025-08-01 10:16:09 AM,2229.4,0,0.0,38285387.19999998
2025-08-01 10:16:11 AM,2229.2,0,0.0,38285387.19999998
2025-08-01 10:16:12 AM,2229.2,7,15604.399999999998,38300991.59999998
2025-08-01 10:16:12 AM,2229.5,10,22295.0,38323286.59999998
2025-08-01 10:16:14 AM,2228.8,0,0.0,38323286.59999998
2025-08-01 10:16:17 AM,2227.8,0,0.0,38323286.59999998
2025-08-01 10:16:18 AM,2227.8,74,164857.2,38488143.79999998
2025-08-01 10:16:23 AM,2228.6,0,0.0,38488143.79999998
2025-08-01 10:16:24 AM,2228.6,1,2228.6,38490372.39999998
2025-08-01 10:16:29 AM,2228.0,0,0.0,38490372.39999998
2025-08-01 10:16:29 AM,2227.9,35,77976.5,38568348.89999998
2025-08-01 10:16:32 AM,2227.8,0,0.0,38568348.89999998
2025-08-01 10:16:35 AM,2227.8,2,4455.6,38572804.499999985
2025-08-01 10:16:39 AM,2228.0,0,0.0,38572804.499999985
2025-08-01 10:16:41 AM,2227.8,0,0.0,38572804.499999985
2025-08-01 10:16:41 AM,2227.8,8,17822.4,38590626.89999998
2025-08-01 10:17:03 AM,2227.8,10,22278.0,38612904.89999998
2025-08-01 10:17:09 AM,2228.0,0,0.0,38612904.89999998
2025-08-01 10:17:09 AM,2228.0,7,15596.0,38628500.89999998
2025-08-01 10:17:11 AM,2227.8,0,0.0,38628500.89999998
2025-08-01 10:17:14 AM,2227.8,2,4455.6,38632956.499999985
2025-08-01 10:17:16 AM,2227.6,0,0.0,38632956.499999985
2025-08-01 10:17:21 AM,2227.6,131,291815.6,38924772.09999999
2025-08-01 10:17:23 AM,2228.0,0,0.0,38924772.09999999
2025-08-01 10:17:26 AM,2228.0,18,40104.0,38964876.09999999
2025-08-01 10:17:38 AM,2228.8,0,0.0,38964876.09999999
2025-08-01 10:17:38 AM,2228.8,125,278600.0,39243476.09999999
2025-08-01 10:17:41 AM,2229.1,0,0.0,39243476.09999999
2025-08-01 10:17:44 AM,2228.8,0,0.0,39243476.09999999
2025-08-01 10:17:44 AM,2228.8,48,106982.40000000001,39350458.499999985
2025-08-01 10:18:01 AM,2229.5,1,2229.5,39352687.999999985
2025-08-01 10:18:11 AM,2229.7,0,0.0,39352687.999999985
2025-08-01 10:18:13 AM,2229.7,14,31215.799999999996,39383903.79999998
2025-08-01 10:18:14 AM,2230.1,0,0.0,39383903.79999998
2025-08-01 10:18:19 AM,2230.1,1,2230.1,39386133.89999998
2025-08-01 10:18:30 AM,2230.1,1,2230.1,39388363.999999985
2025-08-01 10:18:39 AM,2230.2,0,0.0,39388363.999999985
2025-08-01 10:18:42 AM,2230.2,6,13381.199999999999,39401745.19999999
2025-08-01 10:18:45 AM,2230.8,0,0.0,39401745.19999999
2025-08-01 10:18:48 AM,2230.8,1,2230.8,39403975.999999985
2025-08-01 10:19:01 AM,2231.0,0,0.0,39403975.999999985
2025-08-01 10:19:04 AM,2231.0,40,89240.0,39493215.999999985
2025-08-01 10:19:10 AM,2232.0,0,0.0,39493215.999999985
2025-08-01 10:19:10 AM,2232.0,25,55800.0,39549015.999999985
2025-08-01 10:19:13 AM,2231.9,0,0.0,39549015.999999985
2025-08-01 10:19:16 AM,2231.4,0,0.0,39549015.999999985
2025-08-01 10:19:16 AM,2231.4,6,13388.400000000001,39562404.39999998
2025-08-01 10:19:39 AM,2232.0,6,13392.0,39575796.39999998
2025-08-01 10:19:40 AM,2232.0,10,22320.0,39598116.39999998
2025-08-01 10:19:45 AM,2230.6,42,93685.2,39691801.59999999
2025-08-01 10:19:49 AM,2230.8,0,0.0,39691801.59999999
2025-08-01 10:19:51 AM,2230.8,3,6692.400000000001,39698493.999999985
2025-08-01 10:20:10 AM,2231.8,0,0.0,39698493.999999985
2025-08-01 10:20:12 AM,2231.7,9,20085.3,39718579.29999998
2025-08-01 10:20:36 AM,2232.3,0,0.0,39718579.29999998
2025-08-01 10:20:36 AM,2232.3,40,89292.0,39807871.29999998
2025-08-01 10:20:38 AM,2232.4,3,6697.200000000001,39814568.499999985
2025-08-01 10:20:39 AM,2234.1,0,0.0,39814568.499999985
2025-08-01 10:20:42 AM,2232.5,0,0.0,39814568.499999985
2025-08-01 10:20:42 AM,2232.5,8,17860.0,39832428.499999985
2025-08-01 10:20:52 AM,2233.6,0,0.0,39832428.499999985
2025-08-01 10:20:54 AM,2233.8,0,0.0,39832428.499999985
2025-08-01 10:20:54 AM,2233.8,27,60312.600000000006,39892741.09999999
2025-08-01 10:20:56 AM,2233.8,22,49143.600000000006,39941884.69999999
2025-08-01 10:20:58 AM,2233.3,0,0.0,39941884.69999999
2025-08-01 10:21:00 AM,2232.8,0,0.0,39941884.69999999
2025-08-01 10:21:00 AM,2232.8,55,122804.00000000001,40064688.69999999
2025-08-01 10:21:02 AM,2232.7,1,2232.7,40066921.39999999
2025-08-01 10:21:14 AM,2234.2,0,0.0,40066921.39999999
2025-08-01 10:21:16 AM,2233.3,0,0.0,40066921.39999999
2025-08-01 10:21:16 AM,2233.3,17,37966.100000000006,40104887.49999999
2025-08-01 10:21:39 AM,2234.2,0,0.0,40104887.49999999
2025-08-01 10:21:40 AM,2234.2,6,13405.199999999999,40118292.699999996
2025-08-01 10:21:44 AM,2233.5,40,89340.0,40207632.699999996
2025-08-01 10:21:45 AM,2231.4,0,0.0,40207632.699999996
2025-08-01 10:21:46 AM,2231.4,8,17851.2,40225483.9
2025-08-01 10:21:48 AM,2232.3,0,0.0,40225483.9
2025-08-01 10:21:50 AM,2232.3,2,4464.6,40229948.5
2025-08-01 10:21:51 AM,2233.7,0,0.0,40229948.5
2025-08-01 10:21:52 AM,2232.4,3,6697.200000000001,40236645.7
2025-08-01 10:22:07 AM,2234.3,181,404408.30000000005,40641054.0
2025-08-01 10:22:08 AM,2233.6,5,11168.0,40652222.0
2025-08-01 10:22:14 AM,2234.8,4,8939.2,40661161.2
2025-08-01 10:22:38 AM,2234.0,23,51382.0,40712543.2
2025-08-01 10:22:41 AM,2234.1,1,2234.1,40714777.300000004
2025-08-01 10:22:43 AM,2235.3,1,2235.3,40717012.6
2025-08-01 10:22:49 AM,2235.4,6,13412.400000000001,40730425.0
2025-08-01 10:22:51 AM,2234.2,0,0.0,40730425.0
2025-08-01 10:22:52 AM,2234.2,1,2234.2,40732659.2
2025-08-01 10:23:08 AM,2233.4,0,0.0,40732659.2
2025-08-01 10:23:08 AM,2233.5,150,335025.0,41067684.2
2025-08-01 10:23:09 AM,2232.8,0,0.0,41067684.2
2025-08-01 10:23:11 AM,2232.7,0,0.0,41067684.2
2025-08-01 10:23:11 AM,2232.7,12,26792.399999999998,41094476.6
2025-08-01 10:23:14 AM,2232.4,0,0.0,41094476.6
2025-08-01 10:23:14 AM,2232.4,124,276817.60000000003,41371294.2
2025-08-01 10:23:17 AM,2232.4,1,2232.4,41373526.6
2025-08-01 10:23:29 AM,2231.8,0,0.0,41373526.6
2025-08-01 10:23:29 AM,2231.8,10,22318.0,41395844.6
2025-08-01 10:23:30 AM,2231.9,0,0.0,41395844.6
2025-08-01 10:23:31 AM,2231.9,1,2231.9,41398076.5
2025-08-01 10:23:37 AM,2233.4,18,40201.200000000004,41438277.7
2025-08-01 10:23:39 AM,2233.3,0,0.0,41438277.7
2025-08-01 10:23:40 AM,2232.2,10,22322.0,41460599.7
2025-08-01 10:24:01 AM,2232.4,0,0.0,41460599.7
2025-08-01 10:24:02 AM,2232.5,0,0.0,41460599.7
2025-08-01 10:24:03 AM,2232.5,115,256737.5,41717337.2
2025-08-01 10:24:04 AM,2232.5,3,6697.5,41724034.7
2025-08-01 10:24:08 AM,2233.8,0,0.0,41724034.7
2025-08-01 10:24:08 AM,2233.2,6,13399.199999999999,41737433.900000006
2025-08-01 10:24:14 AM,2234.5,0,0.0,41737433.900000006
2025-08-01 10:24:14 AM,2234.5,4,8938.0,41746371.900000006
2025-08-01 10:24:19 AM,2233.6,48,107212.79999999999,41853584.7
2025-08-01 10:24:21 AM,2232.0,0,0.0,41853584.7
2025-08-01 10:24:21 AM,2232.0,11,24552.0,41878136.7
2025-08-01 10:24:25 AM,2232.0,2,4464.0,41882600.7
2025-08-01 10:24:39 AM,2233.1,0,0.0,41882600.7
2025-08-01 10:24:41 AM,2231.8,0,0.0,41882600.7
2025-08-01 10:24:41 AM,2231.8,8,17854.4,41900455.1
2025-08-01 10:24:52 AM,2231.8,1,2231.8,41902686.9
2025-08-01 10:24:57 AM,2229.6,0,0.0,41902686.9
2025-08-01 10:24:57 AM,2228.6,0,0.0,41902686.9
2025-08-01 10:24:57 AM,2228.6,32,71315.2,41974002.1
2025-08-01 10:24:59 AM,2228.0,0,0.0,41974002.1
2025-08-01 10:25:00 AM,2228.0,1,2228.0,41976230.1
2025-08-01 10:25:09 AM,2229.7,0,0.0,41976230.1
2025-08-01 10:25:09 AM,2229.7,5,11148.5,41987378.6
2025-08-01 10:25:10 AM,2228.2,2,4456.4,41991835.0
2025-08-01 10:25:29 AM,2229.8,13,28987.4,42020822.4
2025-08-01 10:25:31 AM,2228.6,0,0.0,42020822.4
2025-08-01 10:25:31 AM,2228.6,2,4457.2,42025279.6
2025-08-01 10:25:35 AM,2228.6,10,22286.0,42047565.6
2025-08-01 10:25:37 AM,2228.4,2,4456.8,42052022.4
2025-08-01 10:25:39 AM,2229.8,0,0.0,42052022.4
2025-08-01 10:25:39 AM,2229.8,6,13378.800000000001,42065401.199999996
2025-08-01 10:25:40 AM,2228.7,1,2228.7,42067629.9
2025-08-01 10:25:44 AM,2230.3,7,15612.100000000002,42083242.0
2025-08-01 10:25:46 AM,2228.8,1,2228.8,42085470.8
2025-08-01 10:26:08 AM,2229.8,5,11149.0,42096619.8
2025-08-01 10:26:33 AM,2230.2,0,0.0,42096619.8
2025-08-01 10:26:33 AM,2230.2,2,4460.4,42101080.199999996
2025-08-01 10:26:34 AM,2228.6,0,0.0,42101080.199999996
2025-08-01 10:26:34 AM,2228.6,1,2228.6,42103308.8
2025-08-01 10:26:36 AM,2228.6,1,2228.6,42105537.4
2025-08-01 10:26:37 AM,2229.6,0,0.0,42105537.4
2025-08-01 10:26:37 AM,2229.6,7,15607.199999999999,42121144.6
2025-08-01 10:26:38 AM,2228.6,1,2228.6,42123373.2
2025-08-01 10:26:43 AM,2229.4,8,17835.2,42141208.400000006
2025-08-01 10:26:45 AM,2228.6,1,2228.6,42143437.00000001
2025-08-01 10:26:53 AM,2229.0,12,26748.0,42170185.00000001
2025-08-01 10:26:55 AM,2228.6,0,0.0,42170185.00000001
2025-08-01 10:26:55 AM,2228.6,2,4457.2,42174642.20000001
2025-08-01 10:27:11 AM,2229.3,1,2229.3,42176871.50000001
2025-08-01 10:27:14 AM,2229.4,0,0.0,42176871.50000001
2025-08-01 10:27:14 AM,2229.4,4,8917.6,42185789.10000001
2025-08-01 10:27:15 AM,2228.6,1,2228.6,42188017.70000001
2025-08-01 10:27:25 AM,2228.6,1,2228.6,42190246.30000001
2025-08-01 10:27:39 AM,2229.3,0,0.0,42190246.30000001
2025-08-01 10:27:39 AM,2229.3,5,11146.5,42201392.80000001
2025-08-01 10:27:40 AM,2229.3,1,2229.3,42203622.10000001
2025-08-01 10:28:09 AM,2229.0,0,0.0,42203622.10000001
2025-08-01 10:28:09 AM,2229.0,5,11145.0,42214767.10000001
2025-08-01 10:28:13 AM,2229.0,1,2229.0,42216996.10000001
2025-08-01 10:28:27 AM,2228.0,0,0.0,42216996.10000001
2025-08-01 10:28:27 AM,2228.0,127,282956.0,42499952.10000001
2025-08-01 10:28:28 AM,2228.4,24,53481.600000000006,42553433.70000001
2025-08-01 10:28:30 AM,2227.9,3,6683.700000000001,42560117.40000001
2025-08-01 10:28:32 AM,2227.9,1,2227.9,42562345.30000001
2025-08-01 10:28:39 AM,2228.9,0,0.0,42562345.30000001
2025-08-01 10:28:39 AM,2228.9,7,15602.300000000001,42577947.60000001
2025-08-01 10:28:40 AM,2227.9,0,0.0,42577947.60000001
2025-08-01 10:28:40 AM,2227.9,1,2227.9,42580175.50000001
2025-08-01 10:28:40 AM,2228.9,11,24517.9,42604693.400000006
2025-08-01 10:28:42 AM,2228.0,0,0.0,42604693.400000006
2025-08-01 10:28:42 AM,2228.0,2,4456.0,42609149.400000006
2025-08-01 10:29:08 AM,2229.0,5,11145.0,42620294.400000006
2025-08-01 10:29:10 AM,2228.4,1,2228.4,42622522.800000004
2025-08-01 10:29:34 AM,2228.0,0,0.0,42622522.800000004
2025-08-01 10:29:34 AM,2228.0,389,866692.0,43489214.800000004
2025-08-01 10:29:35 AM,2228.9,0,0.0,43489214.800000004
2025-08-01 10:29:35 AM,2228.7,0,0.0,43489214.800000004
2025-08-01 10:29:35 AM,2229.4,163,363392.2,43852607.00000001
2025-08-01 10:29:36 AM,2228.6,75,167145.0,44019752.00000001
2025-08-01 10:29:37 AM,2228.7,0,0.0,44019752.00000001
2025-08-01 10:29:37 AM,2228.7,24,53488.799999999996,44073240.800000004
2025-08-01 10:29:37 AM,2228.7,12,26744.399999999998,44099985.2
2025-08-01 10:29:39 AM,2228.7,8,17829.6,44117814.800000004
2025-08-01 10:29:40 AM,2228.7,2,4457.4,44122272.2
2025-08-01 10:29:43 AM,2229.4,1,2229.4,44124501.6
2025-08-01 10:30:00 AM,2230.9,0,0.0,44124501.6
2025-08-01 10:30:00 AM,2230.9,2,4461.8,44128963.4
2025-08-01 10:30:09 AM,2231.2,0,0.0,44128963.4
2025-08-01 10:30:09 AM,2231.2,4,8924.8,44137888.199999996
2025-08-01 10:30:10 AM,2231.2,1,2231.2,44140119.4
2025-08-01 10:30:28 AM,2229.5,4,8918.0,44149037.4
2025-08-01 10:30:29 AM,2229.5,1,2229.5,44151266.9
2025-08-01 10:30:36 AM,2229.5,3,6688.5,44157955.4
2025-08-01 10:30:38 AM,2230.9,0,0.0,44157955.4
2025-08-01 10:30:38 AM,2230.9,11,24539.9,44182495.3
2025-08-01 10:30:39 AM,2230.3,0,0.0,44182495.3
2025-08-01 10:30:39 AM,2230.3,2,4460.6,44186955.9
2025-08-01 10:30:43 AM,2230.7,116,258761.19999999998,44445717.1
2025-08-01 10:30:45 AM,2229.5,17,37901.5,44483618.6
2025-08-01 10:30:47 AM,2229.5,3,6688.5,44490307.1
2025-08-01 10:30:56 AM,2229.5,19,42360.5,44532667.6
2025-08-01 10:30:58 AM,2228.4,3,6685.200000000001,44539352.800000004
2025-08-01 10:31:00 AM,2228.4,1,2228.4,44541581.2
2025-08-01 10:31:09 AM,2230.1,0,0.0,44541581.2
2025-08-01 10:31:09 AM,2230.1,5,11150.5,44552731.7
2025-08-01 10:31:09 AM,2230.4,13,28995.2,44581726.900000006
2025-08-01 10:31:11 AM,2228.6,0,0.0,44581726.900000006
2025-08-01 10:31:11 AM,2228.6,3,6685.799999999999,44588412.7
2025-08-01 10:31:38 AM,2230.8,6,13384.800000000001,44601797.5
2025-08-01 10:31:41 AM,2230.0,1,2230.0,44604027.5
2025-08-01 10:31:46 AM,2230.8,0,0.0,44604027.5
2025-08-01 10:31:46 AM,2230.8,12,26769.600000000002,44630797.1
2025-08-01 10:31:46 AM,2230.8,9,20077.2,44650874.300000004
2025-08-01 10:31:47 AM,2230.2,2,4460.4,44655334.7
2025-08-01 10:31:48 AM,2230.2,1,2230.2,44657564.900000006
2025-08-01 10:32:08 AM,2230.8,5,11154.0,44668718.900000006
2025-08-01 10:32:09 AM,2230.8,81,180694.80000000002,44849413.7
2025-08-01 10:32:10 AM,2230.7,12,26768.399999999998,44876182.1
2025-08-01 10:32:11 AM,2230.7,3,6692.099999999999,44882874.2
2025-08-01 10:32:39 AM,2230.9,0,0.0,44882874.2
2025-08-01 10:32:39 AM,2230.9,2,4461.8,44887336.0
2025-08-01 10:32:43 AM,2231.2,5,11156.0,44898492.0
2025-08-01 10:32:46 AM,2230.7,1,2230.7,44900722.7
2025-08-01 10:33:08 AM,2231.2,9,20080.8,44920803.5
2025-08-01 10:33:09 AM,2231.1,0,0.0,44920803.5
2025-08-01 10:33:09 AM,2231.1,5,11155.5,44931959.0
2025-08-01 10:33:10 AM,2229.2,0,0.0,44931959.0
2025-08-01 10:33:10 AM,2229.2,2,4458.4,44936417.4
2025-08-01 10:33:12 AM,2229.3,0,0.0,44936417.4
2025-08-01 10:33:12 AM,2229.3,1,2229.3,44938646.699999996
2025-08-01 10:33:39 AM,2230.0,0,0.0,44938646.699999996
2025-08-01 10:33:39 AM,2230.0,6,13380.0,44952026.699999996
2025-08-01 10:33:57 AM,2230.8,9,20077.2,44972103.9
2025-08-01 10:33:58 AM,2229.7,1,2229.7,44974333.6
2025-08-01 10:34:00 AM,2229.9,1,2229.9,44976563.5
2025-08-01 10:34:09 AM,2231.1,0,0.0,44976563.5
2025-08-01 10:34:09 AM,2231.1,5,11155.5,44987719.0
2025-08-01 10:34:10 AM,2229.5,0,0.0,44987719.0
2025-08-01 10:34:10 AM,2229.5,1,2229.5,44989948.5
2025-08-01 10:34:28 AM,2232.6,0,0.0,44989948.5
2025-08-01 10:34:28 AM,2232.6,1250,2790750.0,47780698.5
2025-08-01 10:34:29 AM,2229.5,0,0.0,47780698.5
2025-08-01 10:34:29 AM,2229.5,51,113704.5,47894403.0
2025-08-01 10:34:29 AM,2231.1,279,622476.9,48516879.9
2025-08-01 10:34:30 AM,2232.2,0,0.0,48516879.9
2025-08-01 10:34:30 AM,2232.2,324,723232.7999999999,49240112.699999996
2025-08-01 10:34:31 AM,2232.3,28,62504.40000000001,49302617.099999994
2025-08-01 10:34:31 AM,2232.3,5,11161.5,49313778.599999994
2025-08-01 10:34:32 AM,2232.3,53,118311.90000000001,49432090.49999999
2025-08-01 10:34:32 AM,2233.6,56,125081.59999999999,49557172.099999994
2025-08-01 10:34:33 AM,2232.5,17,37952.5,49595124.599999994
2025-08-01 10:34:35 AM,2233.1,3,6699.299999999999,49601823.89999999
2025-08-01 10:34:39 AM,2234.9,407,909604.3,50511428.19999999
2025-08-01 10:34:40 AM,2234.2,216,482587.19999999995,50994015.39999999
2025-08-01 10:34:42 AM,2232.6,32,71443.2,51065458.599999994
2025-08-01 10:34:44 AM,2233.1,116,259039.59999999998,51324498.199999996
2025-08-01 10:34:46 AM,2233.2,0,0.0,51324498.199999996
2025-08-01 10:34:47 AM,2233.2,12,26798.399999999998,51351296.599999994
2025-08-01 10:34:48 AM,2232.9,0,0.0,51351296.599999994
2025-08-01 10:34:48 AM,2232.9,1,2232.9,51353529.49999999
2025-08-01 10:35:09 AM,2234.2,5,11171.0,51364700.49999999
2025-08-01 10:35:10 AM,2232.9,1,2232.9,51366933.39999999
2025-08-01 10:35:11 AM,2233.3,0,0.0,51366933.39999999
2025-08-01 10:35:11 AM,2233.3,43,96031.90000000001,51462965.29999999
2025-08-01 10:35:24 AM,2232.9,11,24561.9,51487527.19999999
2025-08-01 10:35:25 AM,2232.9,1,2232.9,51489760.09999999
2025-08-01 10:35:29 AM,2233.3,9,20099.7,51509859.79999999
2025-08-01 10:35:31 AM,2233.1,0,0.0,51509859.79999999
2025-08-01 10:35:31 AM,2233.1,2,4466.2,51514325.99999999
2025-08-01 10:35:34 AM,2233.9,2,4467.8,51518793.79999999
2025-08-01 10:35:35 AM,2233.4,1,2233.4,51521027.19999999
2025-08-01 10:35:38 AM,2233.9,2,4467.8,51525494.999999985
2025-08-01 10:35:43 AM,2234.2,2,4468.4,51529963.39999998
2025-08-01 10:35:49 AM,2234.9,0,0.0,51529963.39999998
2025-08-01 10:35:49 AM,2234.9,3,6704.700000000001,51536668.09999999
2025-08-01 10:35:50 AM,2234.2,0,0.0,51536668.09999999
2025-08-01 10:35:50 AM,2234.5,5,11172.5,51547840.59999999
2025-08-01 10:36:05 AM,2234.2,10,22342.0,51570182.59999999
2025-08-01 10:36:07 AM,2234.2,2,4468.4,51574650.999999985
2025-08-01 10:36:09 AM,2235.2,1,2235.2,51576886.19999999
2025-08-01 10:36:09 AM,2235.2,2,4470.4,51581356.59999999
2025-08-01 10:36:10 AM,2235.2,1,2235.2,51583591.79999999
2025-08-01 10:36:12 AM,2235.2,1,2235.2,51585826.99999999
2025-08-01 10:36:24 AM,2234.6,0,0.0,51585826.99999999
2025-08-01 10:36:24 AM,2234.6,1,2234.6,51588061.599999994
2025-08-01 10:36:26 AM,2234.5,45,100552.5,51688614.099999994
2025-08-01 10:36:28 AM,2234.0,0,0.0,51688614.099999994
2025-08-01 10:36:28 AM,2234.0,7,15638.0,51704252.099999994
2025-08-01 10:36:29 AM,2233.1,4,8932.4,51713184.49999999
2025-08-01 10:36:39 AM,2233.0,0,0.0,51713184.49999999
2025-08-01 10:36:39 AM,2233.0,710,1585430.0,53298614.49999999
2025-08-01 10:36:40 AM,2232.5,99,221017.5,53519631.99999999
2025-08-01 10:36:41 AM,2232.4,9,20091.600000000002,53539723.599999994
2025-08-01 10:36:42 AM,2232.4,7,15626.800000000001,53555350.39999999
2025-08-01 10:36:58 AM,2234.6,0,0.0,53555350.39999999
2025-08-01 10:36:58 AM,2234.6,41,91618.59999999999,53646968.99999999
2025-08-01 10:36:59 AM,2233.7,7,15635.899999999998,53662604.89999999
2025-08-01 10:37:01 AM,2233.7,1,2233.7,53664838.599999994
2025-08-01 10:37:09 AM,2234.8,5,11174.0,53676012.599999994
2025-08-01 10:37:10 AM,2234.9,2,4469.8,53680482.39999999
2025-08-01 10:37:11 AM,2234.6,0,0.0,53680482.39999999
2025-08-01 10:37:11 AM,2234.6,1,2234.6,53682716.99999999
2025-08-01 10:37:13 AM,2234.9,0,0.0,53682716.99999999
2025-08-01 10:37:13 AM,2234.9,4,8939.6,53691656.599999994
2025-08-01 10:37:14 AM,2234.9,36,80456.40000000001,53772112.99999999
2025-08-01 10:37:39 AM,2234.6,0,0.0,53772112.99999999
2025-08-01 10:37:39 AM,2234.6,6,13407.599999999999,53785520.599999994
2025-08-01 10:37:39 AM,2234.5,5,11172.5,53796693.099999994
2025-08-01 10:37:40 AM,2234.7,0,0.0,53796693.099999994
2025-08-01 10:37:40 AM,2234.7,59,131847.3,53928540.39999999
2025-08-01 10:37:41 AM,2233.7,0,0.0,53928540.39999999
2025-08-01 10:37:41 AM,2233.7,9,20103.3,53948643.69999999
2025-08-01 10:37:43 AM,2233.7,2,4467.4,53953111.09999999
2025-08-01 10:38:06 AM,2234.1,0,0.0,53953111.09999999
2025-08-01 10:38:06 AM,2234.1,65,145216.5,54098327.59999999
2025-08-01 10:38:07 AM,2233.9,0,0.0,54098327.59999999
2025-08-01 10:38:07 AM,2233.9,6,13403.400000000001,54111730.999999985
2025-08-01 10:38:08 AM,2234.1,5,11170.5,54122901.499999985
2025-08-01 10:38:10 AM,2233.9,0,0.0,54122901.499999985
2025-08-01 10:38:10 AM,2233.9,32,71484.8,54194386.29999998
2025-08-01 10:38:11 AM,2233.7,4,8934.8,54203321.09999998
2025-08-01 10:38:13 AM,2233.7,1,2233.7,54205554.79999998
2025-08-01 10:38:14 AM,2233.7,10,22337.0,54227891.79999998
2025-08-01 10:38:17 AM,2233.7,1,2233.7,54230125.499999985
2025-08-01 10:38:18 AM,2233.7,1,2233.7,54232359.19999999
2025-08-01 10:38:25 AM,2233.6,0,0.0,54232359.19999999
2025-08-01 10:38:25 AM,2233.6,41,91577.59999999999,54323936.79999999
2025-08-01 10:38:26 AM,2231.4,6,13388.400000000001,54337325.19999999
2025-08-01 10:38:31 AM,2232.9,0,0.0,54337325.19999999
2025-08-01 10:38:31 AM,2232.9,1,2232.9,54339558.09999999
2025-08-01 10:38:33 AM,2231.8,0,0.0,54339558.09999999
2025-08-01 10:38:33 AM,2231.8,1,2231.8,54341789.89999998
2025-08-01 10:38:38 AM,2232.1,7,15624.699999999999,54357414.59999999
2025-08-01 10:38:40 AM,2231.1,1,2231.1,54359645.69999999
2025-08-01 10:38:42 AM,2232.7,10,22327.0,54381972.69999999
2025-08-01 10:38:44 AM,2231.3,0,0.0,54381972.69999999
2025-08-01 10:38:44 AM,2231.3,1,2231.3,54384203.999999985
2025-08-01 10:39:08 AM,2231.7,5,11158.5,54395362.499999985
2025-08-01 10:39:15 AM,2229.7,0,0.0,54395362.499999985
2025-08-01 10:39:15 AM,2229.7,400,891879.9999999999,55287242.499999985
2025-08-01 10:39:17 AM,2230.0,0,0.0,55287242.499999985
2025-08-01 10:39:17 AM,2230.0,61,136030.0,55423272.499999985
2025-08-01 10:39:18 AM,2230.0,9,20070.0,55443342.499999985
2025-08-01 10:39:20 AM,2230.0,1,2230.0,55445572.499999985
2025-08-01 10:39:20 AM,2231.0,9,20079.0,55465651.499999985
2025-08-01 10:39:21 AM,2230.2,2,4460.4,55470111.89999998
2025-08-01 10:39:39 AM,2231.3,0,0.0,55470111.89999998
2025-08-01 10:39:39 AM,2231.3,6,13387.800000000001,55483499.69999998
2025-08-01 10:39:40 AM,2230.6,0,0.0,55483499.69999998
2025-08-01 10:39:40 AM,2230.6,1,2230.6,55485730.29999998
2025-08-01 10:40:09 AM,2231.3,5,11156.5,55496886.79999998
2025-08-01 10:40:09 AM,2231.0,2,4462.0,55501348.79999998
2025-08-01 10:40:21 AM,2231.3,12,26775.600000000002,55528124.39999998
2025-08-01 10:40:22 AM,2231.3,2,4462.6,55532586.999999985
2025-08-01 10:40:23 AM,2232.1,22,49106.2,55581693.19999999
2025-08-01 10:40:25 AM,2231.3,4,8925.2,55590618.39999999
2025-08-01 10:40:30 AM,2232.1,52,116069.2,55706687.599999994
2025-08-01 10:40:32 AM,2231.3,8,17850.4,55724537.99999999
2025-08-01 10:40:34 AM,2231.3,1,2231.3,55726769.29999999
2025-08-01 10:40:39 AM,2231.9,3,6695.700000000001,55733464.99999999
2025-08-01 10:40:44 AM,2232.4,0,0.0,55733464.99999999
2025-08-01 10:40:44 AM,2232.4,4,8929.6,55742394.599999994
2025-08-01 10:40:45 AM,2231.3,0,0.0,55742394.599999994
2025-08-01 10:40:45 AM,2231.3,2,4462.6,55746857.199999996
2025-08-01 10:40:48 AM,2231.3,17,37932.100000000006,55784789.3
2025-08-01 10:40:49 AM,2231.8,26,58026.8,55842816.099999994
2025-08-01 10:40:51 AM,2231.3,4,8925.2,55851741.3
2025-08-01 10:41:01 AM,2232.6,0,0.0,55851741.3
2025-08-01 10:41:02 AM,2232.6,30,66978.0,55918719.3
2025-08-01 10:41:03 AM,2231.8,0,0.0,55918719.3
2025-08-01 10:41:05 AM,2231.8,6,13390.800000000001,55932110.099999994
2025-08-01 10:41:14 AM,2233.0,0,0.0,55932110.099999994
2025-08-01 10:41:15 AM,2232.5,0,0.0,55932110.099999994
2025-08-01 10:41:16 AM,2232.2,0,0.0,55932110.099999994
2025-08-01 10:41:16 AM,2232.2,11,24554.199999999997,55956664.3
2025-08-01 10:41:24 AM,2232.2,9,20089.8,55976754.099999994
2025-08-01 10:41:28 AM,2232.2,3,6696.599999999999,55983450.699999996
2025-08-01 10:41:29 AM,2232.2,87,194201.4,56177652.099999994
2025-08-01 10:41:31 AM,2231.5,0,0.0,56177652.099999994
2025-08-01 10:41:33 AM,2232.5,0,0.0,56177652.099999994
2025-08-01 10:41:34 AM,2232.5,11,24557.5,56202209.599999994
2025-08-01 10:41:35 AM,2231.3,1,2231.3,56204440.89999999
2025-08-01 10:41:39 AM,2231.3,1,2231.3,56206672.19999999
2025-08-01 10:41:44 AM,2232.4,0,0.0,56206672.19999999
2025-08-01 10:41:45 AM,2232.4,1,2232.4,56208904.59999999
2025-08-01 10:41:50 AM,2232.7,0,0.0,56208904.59999999
2025-08-01 10:41:50 AM,2232.7,1,2232.7,56211137.29999999
2025-08-01 10:41:54 AM,2233.0,0,0.0,56211137.29999999
2025-08-01 10:41:55 AM,2232.2,5,11161.0,56222298.29999999
2025-08-01 10:42:10 AM,2233.0,0,0.0,56222298.29999999
2025-08-01 10:42:12 AM,2233.0,5,11165.0,56233463.29999999
2025-08-01 10:42:32 AM,2234.4,0,0.0,56233463.29999999
2025-08-01 10:42:34 AM,2233.3,0,0.0,56233463.29999999
2025-08-01 10:42:34 AM,2231.9,173,386118.7,56619581.99999999
2025-08-01 10:42:36 AM,2231.7,0,0.0,56619581.99999999
2025-08-01 10:42:36 AM,2231.8,0,0.0,56619581.99999999
2025-08-01 10:42:36 AM,2231.8,4,8927.2,56628509.199999996
2025-08-01 10:42:39 AM,2232.6,1,2232.6,56630741.8
2025-08-01 10:42:45 AM,2232.2,0,0.0,56630741.8
2025-08-01 10:42:45 AM,2232.2,7,15625.399999999998,56646367.199999996
2025-08-01 10:42:47 AM,2232.2,45,100448.99999999999,56746816.199999996
2025-08-01 10:42:51 AM,2231.8,1,2231.8,56749047.99999999
2025-08-01 10:43:09 AM,2232.9,0,0.0,56749047.99999999
2025-08-01 10:43:09 AM,2232.9,4,8931.6,56757979.599999994
2025-08-01 10:43:13 AM,2232.9,1,2232.9,56760212.49999999
2025-08-01 10:43:29 AM,2233.0,0,0.0,56760212.49999999
2025-08-01 10:43:31 AM,2232.5,0,0.0,56760212.49999999
2025-08-01 10:43:31 AM,2232.5,12,26790.0,56787002.49999999
2025-08-01 10:43:34 AM,2232.9,61,136206.9,56923209.39999999
2025-08-01 10:43:35 AM,2231.7,0,0.0,56923209.39999999
2025-08-01 10:43:37 AM,2231.7,10,22317.0,56945526.39999999
2025-08-01 10:43:39 AM,2232.4,0,0.0,56945526.39999999
2025-08-01 10:43:40 AM,2232.4,1,2232.4,56947758.79999999
2025-08-01 10:43:45 AM,2231.6,0,0.0,56947758.79999999
2025-08-01 10:43:45 AM,2231.6,6,13389.599999999999,56961148.39999999
2025-08-01 10:43:47 AM,2231.6,1,2231.6,56963379.99999999
2025-08-01 10:44:08 AM,2232.7,1,2232.7,56965612.699999996
2025-08-01 10:44:14 AM,2233.6,0,0.0,56965612.699999996
2025-08-01 10:44:14 AM,2233.6,4,8934.4,56974547.099999994
2025-08-01 10:44:39 AM,2232.8,8,17862.4,56992409.49999999
2025-08-01 10:44:40 AM,2231.6,0,0.0,56992409.49999999
2025-08-01 10:44:40 AM,2231.6,1,2231.6,56994641.099999994
2025-08-01 10:44:48 AM,2232.8,1,2232.8,56996873.89999999
2025-08-01 10:44:50 AM,2231.8,1,2231.8,56999105.69999999
2025-08-01 10:44:52 AM,2232.9,0,0.0,56999105.69999999
2025-08-01 10:44:52 AM,2232.9,10,22329.0,57021434.69999999
2025-08-01 10:44:53 AM,2231.8,2,4463.6,57025898.29999999
2025-08-01 10:45:03 AM,2231.9,0,0.0,57025898.29999999
2025-08-01 10:45:03 AM,2232.8,12,26793.600000000002,57052691.89999999
2025-08-01 10:45:05 AM,2232.1,0,0.0,57052691.89999999
2025-08-01 10:45:05 AM,2232.1,2,4464.2,57057156.099999994
2025-08-01 10:45:07 AM,2232.2,1,2232.2,57059388.3
2025-08-01 10:45:08 AM,2232.9,5,11164.5,57070552.8
2025-08-01 10:45:39 AM,2233.0,0,0.0,57070552.8
2025-08-01 10:45:39 AM,2233.0,6,13398.0,57083950.8
2025-08-01 10:45:40 AM,2231.8,0,0.0,57083950.8
2025-08-01 10:45:40 AM,2231.8,1,2231.8,57086182.599999994
2025-08-01 10:46:00 AM,2232.2,38,84823.59999999999,57171006.199999996
2025-08-01 10:46:01 AM,2230.7,0,0.0,57171006.199999996
2025-08-01 10:46:01 AM,2230.7,6,13384.199999999999,57184390.4
2025-08-01 10:46:03 AM,2230.8,0,0.0,57184390.4
2025-08-01 10:46:05 AM,2230.8,1,2230.8,57186621.199999996
2025-08-01 10:46:09 AM,2231.5,0,0.0,57186621.199999996
2025-08-01 10:46:11 AM,2231.5,2,4463.0,57191084.199999996
2025-08-01 10:46:15 AM,2230.7,0,0.0,57191084.199999996
2025-08-01 10:46:17 AM,2230.1,0,0.0,57191084.199999996
2025-08-01 10:46:17 AM,2230.1,163,363506.3,57554590.49999999
2025-08-01 10:46:28 AM,2232.2,1,2232.2,57556822.699999996
2025-08-01 10:46:30 AM,2232.2,10,22322.0,57579144.699999996
2025-08-01 10:46:32 AM,2231.1,0,0.0,57579144.699999996
2025-08-01 10:46:33 AM,2230.2,0,0.0,57579144.699999996
2025-08-01 10:46:34 AM,2230.1,85,189558.5,57768703.199999996
2025-08-01 10:46:35 AM,2230.0,0,0.0,57768703.199999996
2025-08-01 10:46:35 AM,2230.0,1,2230.0,57770933.199999996
2025-08-01 10:46:38 AM,2231.4,0,0.0,57770933.199999996
2025-08-01 10:46:39 AM,2230.0,0,0.0,57770933.199999996
2025-08-01 10:46:40 AM,2230.0,51,113730.0,57884663.199999996
2025-08-01 10:46:41 AM,2229.0,1,2229.0,57886892.199999996
2025-08-01 10:46:44 AM,2229.1,0,0.0,57886892.199999996
2025-08-01 10:46:45 AM,2229.1,6,13374.599999999999,57900266.8
2025-08-01 10:46:56 AM,2229.5,35,78032.5,57978299.3
2025-08-01 10:46:57 AM,2229.1,0,0.0,57978299.3
2025-08-01 10:46:57 AM,2229.1,13,28978.3,58007277.599999994
2025-08-01 10:47:00 AM,2228.4,0,0.0,58007277.599999994
2025-08-01 10:47:00 AM,2228.4,2,4456.8,58011734.39999999
2025-08-01 10:47:09 AM,2229.6,4,8918.4,58020652.79999999
2025-08-01 10:47:11 AM,2229.6,1,2229.6,58022882.39999999
2025-08-01 10:47:12 AM,2228.1,0,0.0,58022882.39999999
2025-08-01 10:47:12 AM,2229.1,0,0.0,58022882.39999999
2025-08-01 10:47:12 AM,2229.1,41,91393.09999999999,58114275.49999999
2025-08-01 10:47:23 AM,2230.0,4,8920.0,58123195.49999999
2025-08-01 10:47:25 AM,2229.7,0,0.0,58123195.49999999
2025-08-01 10:47:25 AM,2229.7,1,2229.7,58125425.199999996
2025-08-01 10:47:27 AM,2230.8,0,0.0,58125425.199999996
2025-08-01 10:47:27 AM,2230.8,4,8923.2,58134348.4
2025-08-01 10:47:28 AM,2230.7,1,2230.7,58136579.1
2025-08-01 10:47:32 AM,2230.5,0,0.0,58136579.1
2025-08-01 10:47:32 AM,2230.5,28,62454.0,58199033.1
2025-08-01 10:47:34 AM,2230.7,0,0.0,58199033.1
2025-08-01 10:47:34 AM,2230.7,4,8922.8,58207955.9
2025-08-01 10:47:36 AM,2230.6,0,0.0,58207955.9
2025-08-01 10:47:36 AM,2230.6,1,2230.6,58210186.5
2025-08-01 10:47:39 AM,2231.9,0,0.0,58210186.5
2025-08-01 10:47:39 AM,2231.9,6,13391.400000000001,58223577.9
2025-08-01 10:47:41 AM,2230.7,0,0.0,58223577.9
2025-08-01 10:47:41 AM,2230.7,1,2230.7,58225808.6
2025-08-01 10:47:51 AM,2232.7,0,0.0,58225808.6
2025-08-01 10:47:51 AM,2232.7,10,22327.0,58248135.6
2025-08-01 10:47:52 AM,2231.4,1,2231.4,58250367.0
2025-08-01 10:48:07 AM,2231.3,0,0.0,58250367.0
2025-08-01 10:48:08 AM,2231.3,18,40163.4,58290530.4
2025-08-01 10:48:09 AM,2232.5,0,0.0,58290530.4
2025-08-01 10:48:11 AM,2231.3,0,0.0,58290530.4
2025-08-01 10:48:11 AM,2231.3,6,13387.800000000001,58303918.199999996
2025-08-01 10:48:38 AM,2231.7,7,15621.899999999998,58319540.099999994
2025-08-01 10:48:40 AM,2231.3,5,11156.5,58330696.599999994
2025-08-01 10:48:44 AM,2231.3,6,13387.800000000001,58344084.39999999
2025-08-01 10:48:51 AM,2231.3,9,20081.7,58364166.099999994
2025-08-01 10:48:52 AM,2229.6,0,0.0,58364166.099999994
2025-08-01 10:48:55 AM,2229.6,1,2229.6,58366395.699999996
2025-08-01 10:49:01 AM,2229.6,12,26755.199999999997,58393150.9
2025-08-01 10:49:02 AM,2229.4,25,55735.0,58448885.9
2025-08-01 10:49:02 AM,2229.4,109,243004.6,58691890.5
2025-08-01 10:49:04 AM,2229.7,17,37904.899999999994,58729795.4
2025-08-01 10:49:06 AM,2230.1,0,0.0,58729795.4
2025-08-01 10:49:06 AM,2230.1,2,4460.2,58734255.6
2025-08-01 10:49:08 AM,2230.4,0,0.0,58734255.6
2025-08-01 10:49:08 AM,2230.4,1,2230.4,58736486.0
2025-08-01 10:49:09 AM,2231.2,5,11156.0,58747642.0
2025-08-01 10:49:12 AM,2230.0,0,0.0,58747642.0
2025-08-01 10:49:12 AM,2230.0,150,334500.0,59082142.0
2025-08-01 10:49:13 AM,2230.0,23,51290.0,59133432.0
2025-08-01 10:49:15 AM,2230.0,3,6690.0,59140122.0
2025-08-01 10:49:17 AM,2230.0,25,55750.0,59195872.0
2025-08-01 10:49:17 AM,2230.0,1,2230.0,59198102.0
2025-08-01 10:49:18 AM,2230.0,4,8920.0,59207022.0
2025-08-01 10:49:22 AM,2229.1,198,441361.8,59648383.8
2025-08-01 10:49:24 AM,2228.6,74,164916.4,59813300.199999996
2025-08-01 10:49:25 AM,2228.8,0,0.0,59813300.199999996
2025-08-01 10:49:25 AM,2228.8,5,11144.0,59824444.199999996
2025-08-01 10:49:26 AM,2228.6,0,0.0,59824444.199999996
2025-08-01 10:49:26 AM,2228.6,12,26743.199999999997,59851187.4
2025-08-01 10:49:28 AM,2228.6,3,6685.799999999999,59857873.199999996
2025-08-01 10:49:38 AM,2229.6,6,13377.599999999999,59871250.8
2025-08-01 10:49:40 AM,2228.6,1,2228.6,59873479.4
2025-08-01 10:50:09 AM,2229.5,5,11147.5,59884626.9
2025-08-01 10:50:13 AM,2229.0,39,86931.0,59971557.9
2025-08-01 10:50:15 AM,2227.0,5,11135.0,59982692.9
2025-08-01 10:50:16 AM,2227.6,14,31186.399999999998,60013879.3
2025-08-01 10:50:17 AM,2229.0,6,13374.0,60027253.3
2025-08-01 10:50:18 AM,2227.9,1,2227.9,60029481.199999996
2025-08-01 10:50:39 AM,2228.5,0,0.0,60029481.199999996
2025-08-01 10:50:39 AM,2228.5,7,15599.5,60045080.699999996
2025-08-01 10:50:40 AM,2227.6,1,2227.6,60047308.3
2025-08-01 10:50:47 AM,2227.4,10,22274.0,60069582.3
2025-08-01 10:50:49 AM,2227.4,2,4454.8,60074037.099999994
2025-08-01 10:51:06 AM,2227.0,34,75718.0,60149755.099999994
2025-08-01 10:51:06 AM,2227.9,2,4455.8,60154210.89999999
2025-08-01 10:51:07 AM,2227.2,3,6681.599999999999,60160892.49999999
2025-08-01 10:51:09 AM,2228.5,0,0.0,60160892.49999999
2025-08-01 10:51:09 AM,2228.5,5,11142.5,60172034.99999999
2025-08-01 10:51:11 AM,2227.0,0,0.0,60172034.99999999
2025-08-01 10:51:11 AM,2227.0,1,2227.0,60174261.99999999
2025-08-01 10:51:12 AM,2227.1,1,2227.1,60176489.099999994
2025-08-01 10:51:38 AM,2227.6,3,6682.799999999999,60183171.89999999
2025-08-01 10:51:44 AM,2228.0,5,11140.0,60194311.89999999
2025-08-01 10:51:45 AM,2227.4,0,0.0,60194311.89999999
2025-08-01 10:51:45 AM,2227.4,1,2227.4,60196539.29999999
2025-08-01 10:52:09 AM,2227.9,0,0.0,60196539.29999999
2025-08-01 10:52:10 AM,2227.4,0,0.0,60196539.29999999
2025-08-01 10:52:12 AM,2227.4,6,13364.400000000001,60209903.69999999
2025-08-01 10:52:15 AM,2227.0,0,0.0,60209903.69999999
2025-08-01 10:52:16 AM,2227.1,0,0.0,60209903.69999999
2025-08-01 10:52:17 AM,2227.0,0,0.0,60209903.69999999
2025-08-01 10:52:18 AM,2227.0,108,240516.0,60450419.69999999
2025-08-01 10:52:23 AM,2227.4,0,0.0,60450419.69999999
2025-08-01 10:52:23 AM,2227.4,47,104687.8,60555107.499999985
2025-08-01 10:52:25 AM,2227.9,0,0.0,60555107.499999985
2025-08-01 10:52:27 AM,2227.1,0,0.0,60555107.499999985
2025-08-01 10:52:29 AM,2227.1,16,35633.6,60590741.09999999
2025-08-01 10:52:39 AM,2227.8,0,0.0,60590741.09999999
2025-08-01 10:52:39 AM,2227.8,7,15594.600000000002,60606335.69999999
2025-08-01 10:52:41 AM,2227.1,0,0.0,60606335.69999999
2025-08-01 10:52:44 AM,2227.1,2,4454.2,60610789.89999999
2025-08-01 10:53:01 AM,2227.1,8,17816.8,60628606.69999999
2025-08-01 10:53:06 AM,2227.1,1,2227.1,60630833.79999999
2025-08-01 10:53:09 AM,2227.8,0,0.0,60630833.79999999
2025-08-01 10:53:11 AM,2227.8,1,2227.8,60633061.59999999
2025-08-01 10:53:15 AM,2228.5,0,0.0,60633061.59999999
2025-08-01 10:53:15 AM,2227.2,0,0.0,60633061.59999999
2025-08-01 10:53:16 AM,2227.2,5,11136.0,60644197.59999999
2025-08-01 10:53:38 AM,2228.5,7,15599.5,60659797.09999999
2025-08-01 10:53:41 AM,2227.1,0,0.0,60659797.09999999
2025-08-01 10:53:43 AM,2227.1,2,4454.2,60664251.29999999
2025-08-01 10:54:09 AM,2228.1,0,0.0,60664251.29999999
2025-08-01 10:54:10 AM,2228.1,5,11140.5,60675391.79999999
2025-08-01 10:54:41 AM,2228.0,0,0.0,60675391.79999999
2025-08-01 10:54:42 AM,2228.0,6,13368.0,60688759.79999999
2025-08-01 10:54:45 AM,2228.1,0,0.0,60688759.79999999
2025-08-01 10:54:47 AM,2228.1,1,2228.1,60690987.89999999
2025-08-01 10:55:08 AM,2227.4,11,24501.4,60715489.29999999
2025-08-01 10:55:09 AM,2228.1,5,11140.5,60726629.79999999
2025-08-01 10:55:10 AM,2227.4,0,0.0,60726629.79999999
2025-08-01 10:55:13 AM,2227.4,1,2227.4,60728857.19999999
2025-08-01 10:55:32 AM,2228.8,0,0.0,60728857.19999999
2025-08-01 10:55:35 AM,2227.4,0,0.0,60728857.19999999
2025-08-01 10:55:36 AM,2227.4,83,184874.2,60913731.39999999
2025-08-01 10:55:40 AM,2228.3,0,0.0,60913731.39999999
2025-08-01 10:55:41 AM,2228.3,6,13369.800000000001,60927101.19999999
2025-08-01 10:55:51 AM,2229.0,0,0.0,60927101.19999999
2025-08-01 10:55:52 AM,2227.9,283,630495.7000000001,61557596.89999999
2025-08-01 10:55:55 AM,2229.1,0,0.0,61557596.89999999
2025-08-01 10:55:55 AM,2228.4,0,0.0,61557596.89999999
2025-08-01 10:55:57 AM,2228.6,110,245146.0,61802742.89999999
2025-08-01 10:56:01 AM,2228.7,0,0.0,61802742.89999999
2025-08-01 10:56:02 AM,2228.7,7,15600.899999999998,61818343.79999999
2025-08-01 10:56:07 AM,2229.3,0,0.0,61818343.79999999
2025-08-01 10:56:07 AM,2229.3,1,2229.3,61820573.09999999
2025-08-01 10:56:09 AM,2229.7,0,0.0,61820573.09999999
2025-08-01 10:56:11 AM,2229.0,0,0.0,61820573.09999999
2025-08-01 10:56:12 AM,2229.0,6,13374.0,61833947.09999999
2025-08-01 10:56:21 AM,2229.5,0,0.0,61833947.09999999
2025-08-01 10:56:23 AM,2229.5,3,6688.5,61840635.59999999
2025-08-01 10:56:44 AM,2230.0,30,66900.0,61907535.59999999
2025-08-01 10:56:46 AM,2229.0,4,8916.0,61916451.59999999
2025-08-01 10:56:49 AM,2230.0,0,0.0,61916451.59999999
2025-08-01 10:56:49 AM,2229.0,58,129282.0,62045733.59999999
2025-08-01 10:56:54 AM,2229.0,2,4458.0,62050191.59999999
2025-08-01 10:57:01 AM,2229.9,0,0.0,62050191.59999999
2025-08-01 10:57:01 AM,2229.9,15,33448.5,62083640.09999999
2025-08-01 10:57:03 AM,2229.0,0,0.0,62083640.09999999
2025-08-01 10:57:05 AM,2229.0,1,2229.0,62085869.09999999
2025-08-01 10:57:09 AM,2230.4,0,0.0,62085869.09999999
2025-08-01 10:57:10 AM,2229.5,0,0.0,62085869.09999999
2025-08-01 10:57:10 AM,2229.5,7,15606.5,62101475.59999999
2025-08-01 10:57:16 AM,2229.5,10,22295.0,62123770.59999999
2025-08-01 10:57:21 AM,2229.5,1,2229.5,62126000.09999999
2025-08-01 10:57:39 AM,2230.6,0,0.0,62126000.09999999
2025-08-01 10:57:40 AM,2229.5,0,0.0,62126000.09999999
2025-08-01 10:57:42 AM,2230.8,0,0.0,62126000.09999999
2025-08-01 10:57:42 AM,2229.6,19,42362.4,62168362.499999985
2025-08-01 10:57:45 AM,2230.5,0,0.0,62168362.499999985
2025-08-01 10:57:45 AM,2230.0,0,0.0,62168362.499999985
2025-08-01 10:57:48 AM,2230.0,11,24530.0,62192892.499999985
2025-08-01 10:58:19 AM,2231.1,5,11155.5,62204047.999999985
2025-08-01 10:58:21 AM,2231.2,0,0.0,62204047.999999985
2025-08-01 10:58:23 AM,2231.3,0,0.0,62204047.999999985
2025-08-01 10:58:25 AM,2231.3,41,91483.3,62295531.29999998
2025-08-01 10:58:26 AM,2230.0,0,0.0,62295531.29999998
2025-08-01 10:58:28 AM,2229.6,0,0.0,62295531.29999998
2025-08-01 10:58:28 AM,2229.3,0,0.0,62295531.29999998
2025-08-01 10:58:31 AM,2229.3,29,64649.700000000004,62360180.999999985
2025-08-01 10:58:39 AM,2230.8,0,0.0,62360180.999999985
2025-08-01 10:58:41 AM,2229.5,0,0.0,62360180.999999985
2025-08-01 10:58:42 AM,2229.5,9,20065.5,62380246.499999985
2025-08-01 10:59:09 AM,2231.8,0,0.0,62380246.499999985
2025-08-01 10:59:09 AM,2231.8,5,11159.0,62391405.499999985
2025-08-01 10:59:15 AM,2232.5,0,0.0,62391405.499999985
2025-08-01 10:59:15 AM,2232.5,2,4465.0,62395870.499999985
2025-08-01 10:59:17 AM,2231.5,1,2231.5,62398101.999999985
2025-08-01 10:59:39 AM,2231.8,0,0.0,62398101.999999985
2025-08-01 10:59:39 AM,2231.8,6,13390.800000000001,62411492.79999998
2025-08-01 10:59:40 AM,2232.2,0,0.0,62411492.79999998
2025-08-01 10:59:40 AM,2232.2,9,20089.8,62431582.59999998
2025-08-01 10:59:41 AM,2231.1,0,0.0,62431582.59999998
2025-08-01 10:59:41 AM,2231.1,1,2231.1,62433813.69999998
2025-08-01 10:59:43 AM,2230.8,0,0.0,62433813.69999998
2025-08-01 10:59:43 AM,2230.8,1,2230.8,62436044.49999998
2025-08-01 10:59:45 AM,2230.9,1,2230.9,62438275.399999976
2025-08-01 11:00:08 AM,2231.6,1,2231.6,62440506.99999998
2025-08-01 11:00:14 AM,2232.4,4,8929.6,62449436.59999998
2025-08-01 11:00:15 AM,2231.3,0,0.0,62449436.59999998
2025-08-01 11:00:15 AM,2231.3,1,2231.3,62451667.899999976
2025-08-01 11:00:38 AM,2232.3,7,15626.100000000002,62467293.99999998
2025-08-01 11:00:42 AM,2232.3,8,17858.4,62485152.399999976
2025-08-01 11:00:44 AM,2230.7,2,4461.4,62489613.799999975
2025-08-01 11:00:45 AM,2231.1,1,2231.1,62491844.899999976
2025-08-01 11:00:48 AM,2230.5,40,89220.0,62581064.899999976
2025-08-01 11:00:49 AM,2230.6,1,2230.6,62583295.49999998
2025-08-01 11:01:06 AM,2230.9,0,0.0,62583295.49999998
2025-08-01 11:01:06 AM,2230.9,8,17847.2,62601142.69999998
2025-08-01 11:01:08 AM,2230.1,0,0.0,62601142.69999998
2025-08-01 11:01:09 AM,2230.9,0,0.0,62601142.69999998
2025-08-01 11:01:10 AM,2230.2,0,0.0,62601142.69999998
2025-08-01 11:01:11 AM,2230.2,8,17841.6,62618984.29999998
2025-08-01 11:01:38 AM,2230.9,6,13385.400000000001,62632369.69999998
2025-08-01 11:01:41 AM,2229.9,0,0.0,62632369.69999998
2025-08-01 11:01:43 AM,2229.9,1,2229.9,62634599.59999998
2025-08-01 11:01:54 AM,2230.9,8,17847.2,62652446.79999998
2025-08-01 11:01:56 AM,2230.0,0,0.0,62652446.79999998
2025-08-01 11:01:58 AM,2230.0,1,2230.0,62654676.79999998
2025-08-01 11:02:09 AM,2231.1,5,11155.5,62665832.29999998
2025-08-01 11:02:12 AM,2230.0,0,0.0,62665832.29999998
2025-08-01 11:02:14 AM,2230.0,1,2230.0,62668062.29999998
2025-08-01 11:02:40 AM,2231.5,0,0.0,62668062.29999998
2025-08-01 11:02:42 AM,2230.5,0,0.0,62668062.29999998
2025-08-01 11:02:42 AM,2230.5,9,20074.5,62688136.79999998
2025-08-01 11:02:50 AM,2231.3,0,0.0,62688136.79999998
2025-08-01 11:02:50 AM,2229.8,0,0.0,62688136.79999998
2025-08-01 11:02:52 AM,2229.5,0,0.0,62688136.79999998
2025-08-01 11:02:53 AM,2229.5,20,44590.0,62732726.79999998
2025-08-01 11:02:54 AM,2229.5,1,2229.5,62734956.29999998
2025-08-01 11:03:09 AM,2230.7,5,11153.5,62746109.79999998
2025-08-01 11:03:14 AM,2230.7,7,15614.899999999998,62761724.69999998
2025-08-01 11:03:15 AM,2230.9,0,0.0,62761724.69999998
2025-08-01 11:03:15 AM,2230.9,5,11154.5,62772879.19999998
2025-08-01 11:03:16 AM,2229.5,2,4459.0,62777338.19999998
2025-08-01 11:03:18 AM,2229.5,1,2229.5,62779567.69999998
2025-08-01 11:03:39 AM,2230.7,6,13384.199999999999,62792951.89999998
2025-08-01 11:03:40 AM,2229.5,1,2229.5,62795181.39999998
2025-08-01 11:03:54 AM,2230.8,0,0.0,62795181.39999998
2025-08-01 11:03:54 AM,2230.8,2,4461.6,62799642.999999985
2025-08-01 11:03:56 AM,2230.8,1,2230.8,62801873.79999998
2025-08-01 11:03:57 AM,2230.8,1,2230.8,62804104.59999998
2025-08-01 11:03:57 AM,2230.8,1,2230.8,62806335.399999976
2025-08-01 11:03:58 AM,2230.8,1,2230.8,62808566.19999997
2025-08-01 11:03:58 AM,2230.2,0,0.0,62808566.19999997
2025-08-01 11:03:58 AM,2230.2,1,2230.2,62810796.399999976
2025-08-01 11:03:59 AM,2230.8,10,22308.0,62833104.399999976
2025-08-01 11:04:00 AM,2229.6,1,2229.6,62835333.99999998
2025-08-01 11:04:00 AM,2229.6,1,2229.6,62837563.59999998
2025-08-01 11:04:03 AM,2229.6,3,6688.799999999999,62844252.399999976
2025-08-01 11:04:05 AM,2229.6,1,2229.6,62846481.99999998
2025-08-01 11:04:09 AM,2230.8,0,0.0,62846481.99999998
2025-08-01 11:04:11 AM,2230.8,4,8923.2,62855405.19999998
2025-08-01 11:04:14 AM,2231.6,0,0.0,62855405.19999998
2025-08-01 11:04:16 AM,2231.6,2,4463.2,62859868.39999998
2025-08-01 11:04:41 AM,2231.6,5,11158.0,62871026.39999998
2025-08-01 11:04:43 AM,2231.7,1,2231.7,62873258.09999999
2025-08-01 11:04:49 AM,2232.3,0,0.0,62873258.09999999
2025-08-01 11:04:49 AM,2232.3,1,2232.3,62875490.39999998
2025-08-01 11:05:09 AM,2231.8,0,0.0,62875490.39999998
2025-08-01 11:05:09 AM,2231.8,5,11159.0,62886649.39999998
2025-08-01 11:05:14 AM,2231.4,0,0.0,62886649.39999998
2025-08-01 11:05:14 AM,2231.4,8,17851.2,62904500.59999999
2025-08-01 11:05:15 AM,2230.5,1,2230.5,62906731.09999999
2025-08-01 11:05:17 AM,2230.5,5,11152.5,62917883.59999999
2025-08-01 11:05:24 AM,2230.4,53,118211.20000000001,63036094.79999999
2025-08-01 11:05:25 AM,2230.2,7,15611.399999999998,63051706.19999999
2025-08-01 11:05:25 AM,2230.0,0,0.0,63051706.19999999
2025-08-01 11:05:25 AM,2230.4,0,0.0,63051706.19999999
2025-08-01 11:05:25 AM,2230.4,68,151667.2,63203373.39999999
2025-08-01 11:05:27 AM,2229.5,4,8918.0,63212291.39999999
2025-08-01 11:05:29 AM,2229.2,1,2229.2,63214520.599999994
2025-08-01 11:05:35 AM,2230.3,0,0.0,63214520.599999994
2025-08-01 11:05:35 AM,2230.3,1,2230.3,63216750.89999999
2025-08-01 11:05:38 AM,2230.0,6,13380.0,63230130.89999999
2025-08-01 11:05:40 AM,2229.0,1,2229.0,63232359.89999999
2025-08-01 11:05:42 AM,2229.0,125,278625.0,63510984.89999999
2025-08-01 11:05:43 AM,2229.0,19,42351.0,63553335.89999999
2025-08-01 11:05:44 AM,2229.5,0,0.0,63553335.89999999
2025-08-01 11:05:45 AM,2229.5,3,6688.5,63560024.39999999
2025-08-01 11:05:56 AM,2230.3,1,2230.3,63562254.69999999
2025-08-01 11:05:58 AM,2230.0,4,8920.0,63571174.69999999
2025-08-01 11:05:59 AM,2229.5,1,2229.5,63573404.19999999
2025-08-01 11:06:06 AM,2230.4,0,0.0,63573404.19999999
2025-08-01 11:06:07 AM,2230.4,7,15612.800000000001,63589016.999999985
2025-08-01 11:06:08 AM,2230.0,0,0.0,63589016.999999985
2025-08-01 11:06:09 AM,2230.0,2,4460.0,63593476.999999985
2025-08-01 11:06:10 AM,2231.0,0,0.0,63593476.999999985
2025-08-01 11:06:12 AM,2231.0,1,2231.0,63595707.999999985
2025-08-01 11:06:14 AM,2231.1,5,11155.5,63606863.499999985
2025-08-01 11:06:15 AM,2229.8,0,0.0,63606863.499999985
2025-08-01 11:06:17 AM,2229.8,1,2229.8,63609093.29999998
2025-08-01 11:06:35 AM,2229.5,0,0.0,63609093.29999998
2025-08-01 11:06:37 AM,2229.5,3,6688.5,63615781.79999998
2025-08-01 11:06:39 AM,2230.8,7,15615.600000000002,63631397.39999998
2025-08-01 11:06:41 AM,2229.5,0,0.0,63631397.39999998
2025-08-01 11:06:43 AM,2229.5,1,2229.5,63633626.89999998
2025-08-01 11:06:48 AM,2231.0,0,0.0,63633626.89999998
2025-08-01 11:06:49 AM,2230.0,6,13380.0,63647006.89999998
2025-08-01 11:06:51 AM,2230.0,1,2230.0,63649236.89999998
2025-08-01 11:07:10 AM,2230.9,0,0.0,63649236.89999998
2025-08-01 11:07:10 AM,2230.9,5,11154.5,63660391.39999998
2025-08-01 11:07:14 AM,2230.0,0,0.0,63660391.39999998
2025-08-01 11:07:16 AM,2229.5,0,0.0,63660391.39999998
2025-08-01 11:07:16 AM,2229.5,42,93639.0,63754030.39999998
2025-08-01 11:07:17 AM,2229.5,1,2229.5,63756259.89999998
2025-08-01 11:07:21 AM,2229.5,11,24524.5,63780784.39999998
2025-08-01 11:07:32 AM,2228.6,0,0.0,63780784.39999998
2025-08-01 11:07:32 AM,2228.0,103,229484.0,64010268.39999998
2025-08-01 11:07:33 AM,2229.3,0,0.0,64010268.39999998
2025-08-01 11:07:33 AM,2229.3,2,4458.6,64014726.999999985
2025-08-01 11:07:34 AM,2228.1,0,0.0,64014726.999999985
2025-08-01 11:07:38 AM,2228.1,1,2228.1,64016955.09999999
2025-08-01 11:07:39 AM,2228.8,1,2228.8,64019183.89999998
2025-08-01 11:07:44 AM,2229.4,0,0.0,64019183.89999998
2025-08-01 11:07:45 AM,2229.4,5,11147.0,64030330.89999998
2025-08-01 11:07:46 AM,2229.5,0,0.0,64030330.89999998
2025-08-01 11:07:48 AM,2228.5,0,0.0,64030330.89999998
2025-08-01 11:07:48 AM,2228.5,8,17828.0,64048158.89999998
2025-08-01 11:07:52 AM,2228.4,0,0.0,64048158.89999998
2025-08-01 11:07:54 AM,2228.2,47,104725.4,64152884.29999998
2025-08-01 11:08:10 AM,2229.0,0,0.0,64152884.29999998
2025-08-01 11:08:10 AM,2229.0,5,11145.0,64164029.29999998
2025-08-01 11:08:39 AM,2228.9,0,0.0,64164029.29999998
2025-08-01 11:08:40 AM,2227.5,0,0.0,64164029.29999998
2025-08-01 11:08:41 AM,2227.5,9,20047.5,64184076.79999998
2025-08-01 11:09:01 AM,2228.1,0,0.0,64184076.79999998
2025-08-01 11:09:03 AM,2226.7,10,22267.0,64206343.79999998
2025-08-01 11:09:05 AM,2226.5,0,0.0,64206343.79999998
2025-08-01 11:09:06 AM,2226.5,1,2226.5,64208570.29999998
2025-08-01 11:09:09 AM,2228.0,5,11140.0,64219710.29999998
2025-08-01 11:09:39 AM,2227.9,6,13367.400000000001,64233077.69999998
2025-08-01 11:09:41 AM,2226.5,0,0.0,64233077.69999998
2025-08-01 11:09:42 AM,2226.5,125,278312.5,64511390.19999998
2025-08-01 11:09:43 AM,2225.0,0,0.0,64511390.19999998
2025-08-01 11:09:44 AM,2225.0,28,62300.0,64573690.19999998
2025-08-01 11:09:45 AM,2225.6,0,0.0,64573690.19999998
2025-08-01 11:09:47 AM,2225.0,0,0.0,64573690.19999998
2025-08-01 11:09:47 AM,2225.0,24,53400.0,64627090.19999998
2025-08-01 11:09:53 AM,2225.5,10,22255.0,64649345.19999998
2025-08-01 11:09:54 AM,2225.0,1,2225.0,64651570.19999998
2025-08-01 11:09:55 AM,2225.8,0,0.0,64651570.19999998
2025-08-01 11:09:58 AM,2226.3,756,1683082.8,66334652.99999998
2025-08-01 11:09:59 AM,2226.5,0,0.0,66334652.99999998
2025-08-01 11:10:00 AM,2226.5,1,2226.5,66336879.49999998
2025-08-01 11:10:01 AM,2227.5,0,0.0,66336879.49999998
2025-08-01 11:10:01 AM,2225.4,342,761086.8,67097966.299999975
2025-08-01 11:10:03 AM,2225.9,6,13355.400000000001,67111321.69999997
2025-08-01 11:10:05 AM,2225.8,2,4451.6,67115773.29999997
2025-08-01 11:10:08 AM,2227.1,5,11135.5,67126908.79999997
2025-08-01 11:10:10 AM,2225.9,1,2225.9,67129134.69999997
2025-08-01 11:10:26 AM,2226.1,0,0.0,67129134.69999997
2025-08-01 11:10:26 AM,2226.1,39,86817.9,67215952.59999998
2025-08-01 11:10:28 AM,2225.0,0,0.0,67215952.59999998
2025-08-01 11:10:28 AM,2225.0,5,11125.0,67227077.59999998
2025-08-01 11:10:29 AM,2225.0,2,4450.0,67231527.59999998
2025-08-01 11:10:39 AM,2226.2,1,2226.2,67233753.79999998
2025-08-01 11:10:44 AM,2226.7,6,13360.199999999999,67247113.99999999
2025-08-01 11:10:46 AM,2225.4,1,2225.4,67249339.39999999
2025-08-01 11:11:09 AM,2226.9,5,11134.5,67260473.89999999
2025-08-01 11:11:10 AM,2225.5,1,2225.5,67262699.39999999
2025-08-01 11:11:31 AM,2226.0,0,0.0,67262699.39999999
2025-08-01 11:11:31 AM,2226.0,1,2226.0,67264925.39999999
2025-08-01 11:11:38 AM,2227.2,7,15590.399999999998,67280515.8
2025-08-01 11:11:40 AM,2226.0,2,4452.0,67284967.8
2025-08-01 11:12:07 AM,2227.3,0,0.0,67284967.8
2025-08-01 11:12:07 AM,2227.3,17,37864.100000000006,67322831.89999999
2025-08-01 11:12:08 AM,2226.2,2,4452.4,67327284.3
2025-08-01 11:12:08 AM,2227.1,5,11135.5,67338419.8
2025-08-01 11:12:10 AM,2225.7,0,0.0,67338419.8
2025-08-01 11:12:10 AM,2225.7,2,4451.4,67342871.2
