date,price,qty,trnvr,cum_trnvr
2025-08-01 09:15:02 AM,187.5,5050,946875.0,946875.0
2025-08-01 09:15:04 AM,187.5,2324,435750.0,1382625.0
2025-08-01 09:15:11 AM,187.02,0,0.0,1382625.0
2025-08-01 09:15:14 AM,187.0,9852,1842324.0,3224949.0
2025-08-01 09:15:16 AM,186.84,1078,201413.52,3426362.52
2025-08-01 09:15:20 AM,187.89,0,0.0,3426362.52
2025-08-01 09:15:22 AM,187.88,0,0.0,3426362.52
2025-08-01 09:15:24 AM,187.88,1257,236165.16,3662527.68
2025-08-01 09:15:33 AM,187.88,1491,280129.08,3942656.7600000002
2025-08-01 09:15:34 AM,187.79,20,3755.7999999999997,3946412.56
2025-08-01 09:15:42 AM,187.8,250,46950.0,3993362.56
2025-08-01 09:15:44 AM,187.89,0,0.0,3993362.56
2025-08-01 09:15:48 AM,186.92,0,0.0,3993362.56
2025-08-01 09:15:49 AM,186.92,4250,794410.0,4787772.5600000005
2025-08-01 09:15:56 AM,187.5,0,0.0,4787772.5600000005
2025-08-01 09:15:57 AM,187.49,261,48934.89,4836707.45
2025-08-01 09:16:02 AM,186.66,0,0.0,4836707.45
2025-08-01 09:16:05 AM,187.41,0,0.0,4836707.45
2025-08-01 09:16:06 AM,187.41,1440,269870.4,5106577.850000001
2025-08-01 09:16:07 AM,186.11,1747,325134.17000000004,5431712.0200000005
2025-08-01 09:16:10 AM,186.99,0,0.0,5431712.0200000005
2025-08-01 09:16:13 AM,186.01,713,132625.13,5564337.15
2025-08-01 09:16:15 AM,185.94,1098,204162.12,5768499.2700000005
2025-08-01 09:16:23 AM,186.77,125,23346.25,5791845.5200000005
2025-08-01 09:16:27 AM,185.85,0,0.0,5791845.5200000005
2025-08-01 09:16:30 AM,185.85,59,10965.15,5802810.670000001
2025-08-01 09:16:37 AM,185.93,0,0.0,5802810.670000001
2025-08-01 09:16:38 AM,185.93,76,14130.68,5816941.350000001
2025-08-01 09:16:39 AM,185.9,0,0.0,5816941.350000001
2025-08-01 09:16:40 AM,185.9,300,55770.0,5872711.350000001
2025-08-01 09:16:47 AM,185.94,100,18594.0,5891305.350000001
2025-08-01 09:16:55 AM,185.51,1,185.51,5891490.86
2025-08-01 09:17:03 AM,185.96,509,94653.64,5986144.5
2025-08-01 09:17:11 AM,185.97,1032,191921.04,6178065.54
2025-08-01 09:17:23 AM,185.95,0,0.0,6178065.54
2025-08-01 09:17:28 AM,185.95,31,5764.45,6183829.99
2025-08-01 09:17:36 AM,185.97,600,111582.0,6295411.99
2025-08-01 09:17:39 AM,186.02,0,0.0,6295411.99
2025-08-01 09:17:44 AM,186.02,4338,806954.76,7102366.75
2025-08-01 09:17:50 AM,186.84,0,0.0,7102366.75
2025-08-01 09:17:53 AM,186.87,520,97172.40000000001,7199539.15
2025-08-01 09:17:57 AM,186.2,0,0.0,7199539.15
2025-08-01 09:18:01 AM,186.2,500,93100.0,7292639.15
2025-08-01 09:18:07 AM,186.79,0,0.0,7292639.15
2025-08-01 09:18:09 AM,186.43,180,33557.4,7326196.550000001
2025-08-01 09:18:26 AM,186.8,500,93400.0,7419596.550000001
2025-08-01 09:18:29 AM,187.0,0,0.0,7419596.550000001
2025-08-01 09:18:34 AM,186.55,8596,1603583.8,9023180.350000001
2025-08-01 09:18:44 AM,187.0,500,93500.0,9116680.350000001
2025-08-01 09:18:45 AM,187.02,0,0.0,9116680.350000001
2025-08-01 09:18:50 AM,187.4,3011,564261.4,9680941.750000002
2025-08-01 09:19:07 AM,187.45,500,93725.0,9774666.750000002
2025-08-01 09:19:09 AM,187.4,0,0.0,9774666.750000002
2025-08-01 09:19:15 AM,187.4,1,187.4,9774854.150000002
2025-08-01 09:19:23 AM,187.38,0,0.0,9774854.150000002
2025-08-01 09:19:24 AM,187.38,1000,187380.0,9962234.150000002
2025-08-01 09:19:31 AM,187.3,500,93650.0,10055884.150000002
2025-08-01 09:19:39 AM,187.0,62,11594.0,10067478.150000002
2025-08-01 09:19:42 AM,186.8,0,0.0,10067478.150000002
2025-08-01 09:19:47 AM,186.51,2063,384770.13,10452248.280000003
2025-08-01 09:19:55 AM,186.41,213,39705.33,10491953.610000003
2025-08-01 09:20:03 AM,187.25,3443,644701.75,11136655.360000003
2025-08-01 09:20:11 AM,187.25,1603,300161.75,11436817.110000003
2025-08-01 09:20:17 AM,187.29,0,0.0,11436817.110000003
2025-08-01 09:20:19 AM,187.29,1,187.29,11437004.400000002
2025-08-01 09:20:20 AM,186.84,2001,373866.84,11810871.240000002
2025-08-01 09:21:02 AM,187.45,0,0.0,11810871.240000002
2025-08-01 09:21:04 AM,187.41,0,0.0,11810871.240000002
2025-08-01 09:21:06 AM,187.41,3076,576473.16,12387344.400000002
2025-08-01 09:21:09 AM,187.99,0,0.0,12387344.400000002
2025-08-01 09:21:13 AM,187.99,5200,977548.0,13364892.400000002
2025-08-01 09:21:15 AM,188.29,1500,282435.0,13647327.400000002
2025-08-01 09:21:21 AM,188.0,108,20304.0,13667631.400000002
2025-08-01 09:21:29 AM,188.0,1000,188000.0,13855631.400000002
2025-08-01 09:21:48 AM,187.81,0,0.0,13855631.400000002
2025-08-01 09:21:51 AM,187.8,0,0.0,13855631.400000002
2025-08-01 09:21:52 AM,187.8,166,31174.800000000003,13886806.200000003
2025-08-01 09:21:53 AM,187.5,507,95062.5,13981868.700000003
2025-08-01 09:21:55 AM,188.1,0,0.0,13981868.700000003
2025-08-01 09:22:00 AM,188.1,500,94050.0,14075918.700000003
2025-08-01 09:22:15 AM,187.66,885,166079.1,14241997.800000003
2025-08-01 09:22:34 AM,187.7,0,0.0,14241997.800000003
2025-08-01 09:22:38 AM,187.7,3115,584685.5,14826683.300000003
2025-08-01 09:22:40 AM,187.67,0,0.0,14826683.300000003
2025-08-01 09:22:45 AM,187.67,250,46917.5,14873600.800000003
2025-08-01 09:22:53 AM,187.67,5,938.3499999999999,14874539.150000002
2025-08-01 09:22:57 AM,187.7,0,0.0,14874539.150000002
2025-08-01 09:23:01 AM,187.7,501,94037.7,14968576.850000001
2025-08-01 09:23:24 AM,187.4,1,187.4,14968764.250000002
2025-08-01 09:23:25 AM,187.7,2500,469250.0,15438014.250000002
2025-08-01 09:23:33 AM,187.3,33,6180.900000000001,15444195.150000002
2025-08-01 09:23:38 AM,187.25,0,0.0,15444195.150000002
2025-08-01 09:23:39 AM,187.25,101,18912.25,15463107.400000002
2025-08-01 09:23:45 AM,187.2,0,0.0,15463107.400000002
2025-08-01 09:23:46 AM,187.2,126,23587.199999999997,15486694.600000001
2025-08-01 09:23:54 AM,187.15,101,18902.15,15505596.750000002
2025-08-01 09:24:04 AM,187.2,0,0.0,15505596.750000002
2025-08-01 09:24:10 AM,187.2,14,2620.7999999999997,15508217.550000003
2025-08-01 09:24:11 AM,187.25,0,0.0,15508217.550000003
2025-08-01 09:24:17 AM,187.25,1000,187250.0,15695467.550000003
2025-08-01 09:24:26 AM,187.02,501,93697.02,15789164.570000002
2025-08-01 09:24:30 AM,187.01,0,0.0,15789164.570000002
2025-08-01 09:24:32 AM,187.25,60,11235.0,15800399.570000002
2025-08-01 09:24:47 AM,187.25,25,4681.25,15805080.820000002
2025-08-01 09:24:49 AM,187.25,100,18725.0,15823805.820000002
2025-08-01 09:24:55 AM,187.25,200,37450.0,15861255.820000002
2025-08-01 09:24:55 AM,187.24,0,0.0,15861255.820000002
2025-08-01 09:24:57 AM,187.24,1,187.24,15861443.060000002
2025-08-01 09:25:09 AM,187.5,0,0.0,15861443.060000002
2025-08-01 09:25:10 AM,187.5,16000,3000000.0,18861443.060000002
2025-08-01 09:25:21 AM,187.02,0,0.0,18861443.060000002
2025-08-01 09:25:25 AM,187.02,430,80418.6,18941861.660000004
2025-08-01 09:25:33 AM,187.05,0,0.0,18941861.660000004
2025-08-01 09:25:34 AM,187.05,1,187.05,18942048.710000005
2025-08-01 09:25:45 AM,187.0,0,0.0,18942048.710000005
2025-08-01 09:25:47 AM,187.0,293,54791.0,18996839.710000005
2025-08-01 09:25:49 AM,187.0,672,125664.0,19122503.710000005
2025-08-01 09:25:55 AM,187.05,15,2805.75,19125309.460000005
2025-08-01 09:25:57 AM,187.05,147,27496.350000000002,19152805.810000006
2025-08-01 09:26:02 AM,187.05,1,187.05,19152992.860000007
2025-08-01 09:26:09 AM,187.5,0,0.0,19152992.860000007
2025-08-01 09:26:10 AM,187.5,9,1687.5,19154680.360000007
2025-08-01 09:26:40 AM,187.39,0,0.0,19154680.360000007
2025-08-01 09:26:41 AM,187.39,21,3935.1899999999996,19158615.55000001
2025-08-01 09:26:46 AM,187.35,0,0.0,19158615.55000001
2025-08-01 09:26:48 AM,187.35,55,10304.25,19168919.80000001
2025-08-01 09:26:56 AM,187.35,58,10866.3,19179786.10000001
2025-08-01 09:27:12 AM,187.36,744,139395.84,19319181.94000001
2025-08-01 09:27:18 AM,187.67,134,25147.78,19344329.72000001
2025-08-01 09:27:18 AM,187.69,0,0.0,19344329.72000001
2025-08-01 09:27:19 AM,187.69,50,9384.5,19353714.22000001
2025-08-01 09:27:22 AM,187.25,0,0.0,19353714.22000001
2025-08-01 09:27:25 AM,187.25,1,187.25,19353901.47000001
2025-08-01 09:27:37 AM,187.39,0,0.0,19353901.47000001
2025-08-01 09:27:40 AM,187.39,100,18739.0,19372640.47000001
2025-08-01 09:27:48 AM,187.69,1,187.69,19372828.16000001
2025-08-01 09:28:03 AM,187.35,0,0.0,19372828.16000001
2025-08-01 09:28:04 AM,187.35,7,1311.45,19374139.61000001
2025-08-01 09:28:38 AM,187.09,0,0.0,19374139.61000001
2025-08-01 09:28:42 AM,187.09,120,22450.8,19396590.41000001
2025-08-01 09:28:53 AM,187.35,0,0.0,19396590.41000001
2025-08-01 09:28:57 AM,187.35,75,14051.25,19410641.66000001
2025-08-01 09:29:05 AM,187.35,150,28102.5,19438744.16000001
2025-08-01 09:29:26 AM,187.5,0,0.0,19438744.16000001
2025-08-01 09:29:28 AM,187.5,25,4687.5,19443431.66000001
2025-08-01 09:29:29 AM,187.0,1500,280500.0,19723931.66000001
2025-08-01 09:29:35 AM,187.01,1,187.01,19724118.670000013
2025-08-01 09:29:46 AM,187.5,0,0.0,19724118.670000013
2025-08-01 09:29:50 AM,187.0,700,130900.0,19855018.670000013
2025-08-01 09:30:06 AM,187.49,10,1874.9,19856893.57000001
2025-08-01 09:30:10 AM,187.08,0,0.0,19856893.57000001
2025-08-01 09:30:13 AM,187.08,150,28062.000000000004,19884955.57000001
2025-08-01 09:30:20 AM,187.06,154,28807.24,19913762.81000001
2025-08-01 09:30:36 AM,187.46,5,937.3000000000001,19914700.11000001
2025-08-01 09:30:38 AM,187.06,0,0.0,19914700.11000001
2025-08-01 09:30:42 AM,187.45,250,46862.5,19961562.61000001
2025-08-01 09:30:43 AM,187.46,53,9935.380000000001,19971497.99000001
2025-08-01 09:30:49 AM,187.45,9,1687.05,19973185.04000001
2025-08-01 09:30:55 AM,187.5,0,0.0,19973185.04000001
2025-08-01 09:30:57 AM,187.5,1000,187500.0,20160685.04000001
2025-08-01 09:30:58 AM,187.06,51,9540.06,20170225.10000001
2025-08-01 09:31:01 AM,186.84,0,0.0,20170225.10000001
2025-08-01 09:31:04 AM,186.84,457,85385.88,20255610.980000008
2025-08-01 09:31:13 AM,186.7,0,0.0,20255610.980000008
2025-08-01 09:31:19 AM,186.7,332,61984.399999999994,20317595.380000006
2025-08-01 09:31:21 AM,186.5,0,0.0,20317595.380000006
2025-08-01 09:31:26 AM,186.5,4,746.0,20318341.380000006
2025-08-01 09:31:37 AM,186.7,0,0.0,20318341.380000006
2025-08-01 09:31:41 AM,186.7,25,4667.5,20323008.880000006
2025-08-01 09:32:01 AM,186.7,100,18670.0,20341678.880000006
2025-08-01 09:32:16 AM,186.7,135,25204.5,20366883.380000006
2025-08-01 09:32:23 AM,186.51,0,0.0,20366883.380000006
2025-08-01 09:32:23 AM,186.51,53,9885.029999999999,20376768.410000008
2025-08-01 09:32:47 AM,186.55,0,0.0,20376768.410000008
2025-08-01 09:32:51 AM,186.55,1,186.55,20376954.96000001
2025-08-01 09:32:57 AM,186.7,100,18670.0,20395624.96000001
2025-08-01 09:33:11 AM,186.55,0,0.0,20395624.96000001
2025-08-01 09:33:11 AM,186.55,100,18655.0,20414279.96000001
2025-08-01 09:33:49 AM,186.78,0,0.0,20414279.96000001
2025-08-01 09:33:53 AM,186.78,457,85358.46,20499638.42000001
2025-08-01 09:34:06 AM,186.58,0,0.0,20499638.42000001
2025-08-01 09:34:07 AM,186.58,2,373.16,20500011.58000001
2025-08-01 09:34:11 AM,187.3,0,0.0,20500011.58000001
2025-08-01 09:34:14 AM,187.3,350,65555.0,20565566.58000001
2025-08-01 09:34:35 AM,186.87,12,2242.44,20567809.02000001
2025-08-01 09:34:46 AM,187.44,0,0.0,20567809.02000001
2025-08-01 09:34:49 AM,187.44,5,937.2,20568746.22000001
2025-08-01 09:35:20 AM,187.42,0,0.0,20568746.22000001
2025-08-01 09:35:24 AM,187.42,200,37484.0,20606230.22000001
2025-08-01 09:35:40 AM,187.5,0,0.0,20606230.22000001
2025-08-01 09:35:44 AM,187.5,250,46875.0,20653105.22000001
2025-08-01 09:36:04 AM,187.5,50,9375.0,20662480.22000001
2025-08-01 09:36:24 AM,187.5,100,18750.0,20681230.22000001
2025-08-01 09:36:31 AM,187.5,5,937.5,20682167.72000001
2025-08-01 09:37:04 AM,187.05,100,18705.0,20700872.72000001
2025-08-01 09:37:04 AM,187.5,0,0.0,20700872.72000001
2025-08-01 09:37:11 AM,187.5,1,187.5,20701060.22000001
2025-08-01 09:37:18 AM,187.5,1000,187500.0,20888560.22000001
2025-08-01 09:37:25 AM,187.5,10,1875.0,20890435.22000001
2025-08-01 09:37:38 AM,187.5,2000,375000.0,21265435.22000001
2025-08-01 09:37:45 AM,187.5,19,3562.5,21268997.72000001
2025-08-01 09:37:58 AM,187.5,80,15000.0,21283997.72000001
2025-08-01 09:38:19 AM,187.06,1544,288820.64,21572818.36000001
2025-08-01 09:38:46 AM,187.06,200,37412.0,21610230.36000001
2025-08-01 09:39:00 AM,186.95,0,0.0,21610230.36000001
2025-08-01 09:39:06 AM,186.9,1095,204655.5,21814885.86000001
2025-08-01 09:39:19 AM,186.63,121,22582.23,21837468.09000001
2025-08-01 09:39:29 AM,187.05,0,0.0,21837468.09000001
2025-08-01 09:39:33 AM,187.05,25,4676.25,21842144.34000001
2025-08-01 09:39:52 AM,187.06,500,93530.0,21935674.34000001
2025-08-01 09:40:12 AM,186.99,10,1869.9,21937544.24000001
2025-08-01 09:40:29 AM,186.55,0,0.0,21937544.24000001
2025-08-01 09:40:32 AM,186.55,500,93275.0,22030819.24000001
2025-08-01 09:40:38 AM,186.98,1,186.98,22031006.22000001
2025-08-01 09:41:08 AM,186.97,0,0.0,22031006.22000001
2025-08-01 09:41:11 AM,186.97,600,112182.0,22143188.22000001
2025-08-01 09:41:12 AM,186.57,1,186.57,22143374.79000001
2025-08-01 09:41:32 AM,186.94,1,186.94,22143561.73000001
2025-08-01 09:41:51 AM,186.94,25,4673.5,22148235.23000001
2025-08-01 09:42:03 AM,186.96,3812,712691.52,22860926.75000001
2025-08-01 09:42:25 AM,186.6,500,93300.0,22954226.75000001
2025-08-01 09:42:35 AM,186.94,0,0.0,22954226.75000001
2025-08-01 09:42:37 AM,186.94,100,18694.0,22972920.75000001
2025-08-01 09:42:39 AM,186.62,0,0.0,22972920.75000001
2025-08-01 09:42:43 AM,186.62,200,37324.0,23010244.75000001
2025-08-01 09:43:29 AM,186.94,50,9347.0,23019591.75000001
2025-08-01 09:43:30 AM,186.6,92,17167.2,23036758.95000001
2025-08-01 09:43:31 AM,186.94,0,0.0,23036758.95000001
2025-08-01 09:43:36 AM,186.94,12,2243.2799999999997,23039002.23000001
2025-08-01 09:43:39 AM,186.63,0,0.0,23039002.23000001
2025-08-01 09:43:42 AM,186.63,25,4665.75,23043667.98000001
2025-08-01 09:43:55 AM,186.94,0,0.0,23043667.98000001
2025-08-01 09:43:55 AM,186.94,10,1869.4,23045537.38000001
2025-08-01 09:44:22 AM,186.94,2,373.88,23045911.26000001
2025-08-01 09:44:41 AM,186.63,0,0.0,23045911.26000001
2025-08-01 09:44:41 AM,186.63,5,933.15,23046844.410000008
2025-08-01 09:44:51 AM,186.85,0,0.0,23046844.410000008
2025-08-01 09:44:54 AM,186.85,1,186.85,23047031.26000001
2025-08-01 09:45:07 AM,186.94,37,6916.78,23053948.04000001
2025-08-01 09:45:21 AM,186.94,1,186.94,23054134.98000001
2025-08-01 09:45:22 AM,186.62,293,54679.66,23108814.64000001
2025-08-01 09:45:39 AM,186.6,0,0.0,23108814.64000001
2025-08-01 09:45:40 AM,186.6,15,2799.0,23111613.64000001
2025-08-01 09:46:05 AM,186.57,0,0.0,23111613.64000001
2025-08-01 09:46:06 AM,186.57,804,150002.28,23261615.920000013
2025-08-01 09:46:12 AM,186.57,566,105598.62,23367214.540000014
2025-08-01 09:46:27 AM,186.9,1,186.9,23367401.440000013
2025-08-01 09:46:33 AM,186.58,10,1865.8000000000002,23369267.240000013
2025-08-01 09:47:12 AM,186.57,0,0.0,23369267.240000013
2025-08-01 09:47:15 AM,186.57,191,35634.869999999995,23404902.110000014
2025-08-01 09:47:21 AM,186.57,1721,321086.97,23725989.080000013
2025-08-01 09:47:48 AM,186.51,4285,799195.35,24525184.430000015
2025-08-01 09:47:54 AM,186.5,0,0.0,24525184.430000015
2025-08-01 09:47:54 AM,186.5,826,154049.0,24679233.430000015
2025-08-01 09:48:10 AM,186.0,954,177444.0,24856677.430000015
2025-08-01 09:48:31 AM,186.01,0,0.0,24856677.430000015
2025-08-01 09:48:33 AM,186.01,37,6882.37,24863559.800000016
2025-08-01 09:49:46 AM,186.0,0,0.0,24863559.800000016
2025-08-01 09:49:48 AM,186.0,883,164238.0,25027797.800000016
2025-08-01 09:49:51 AM,186.07,100,18607.0,25046404.800000016
2025-08-01 09:50:14 AM,186.19,545,101473.55,25147878.350000016
2025-08-01 09:50:24 AM,186.6,0,0.0,25147878.350000016
2025-08-01 09:50:27 AM,186.6,1,186.6,25148064.950000018
2025-08-01 09:51:00 AM,186.26,0,0.0,25148064.950000018
2025-08-01 09:51:00 AM,186.26,111,20674.86,25168739.810000017
2025-08-01 09:51:17 AM,186.26,5,931.3,25169671.110000018
2025-08-01 09:51:45 AM,186.31,0,0.0,25169671.110000018
2025-08-01 09:51:45 AM,186.31,16,2980.96,25172652.07000002
2025-08-01 09:52:09 AM,186.16,614,114302.23999999999,25286954.310000017
2025-08-01 09:54:02 AM,186.0,0,0.0,25286954.310000017
2025-08-01 09:54:04 AM,186.0,650,120900.0,25407854.310000017
2025-08-01 09:54:12 AM,186.05,0,0.0,25407854.310000017
2025-08-01 09:54:16 AM,186.05,140,26047.0,25433901.310000017
2025-08-01 09:54:41 AM,186.06,555,103263.3,25537164.610000018
2025-08-01 09:54:42 AM,186.5,4,746.0,25537910.610000018
2025-08-01 09:54:43 AM,186.05,0,0.0,25537910.610000018
2025-08-01 09:54:46 AM,186.0,0,0.0,25537910.610000018
2025-08-01 09:54:47 AM,186.0,253,47058.0,25584968.610000018
2025-08-01 09:55:07 AM,186.02,0,0.0,25584968.610000018
2025-08-01 09:55:10 AM,186.02,400,74408.0,25659376.610000018
2025-08-01 09:55:16 AM,186.03,15,2790.45,25662167.060000017
2025-08-01 09:55:59 AM,186.03,45,8371.35,25670538.41000002
2025-08-01 09:56:05 AM,186.03,137,25486.11,25696024.52000002
2025-08-01 09:56:11 AM,186.03,54,10045.62,25706070.14000002
2025-08-01 09:56:12 AM,186.0,0,0.0,25706070.14000002
2025-08-01 09:56:17 AM,186.0,1311,243846.0,25949916.14000002
2025-08-01 09:56:23 AM,186.0,111,20646.0,25970562.14000002
2025-08-01 09:56:58 AM,186.0,179,33294.0,26003856.14000002
2025-08-01 09:57:00 AM,186.0,67,12462.0,26016318.14000002
2025-08-01 09:57:17 AM,185.9,0,0.0,26016318.14000002
2025-08-01 09:57:18 AM,185.9,307,57071.3,26073389.44000002
2025-08-01 09:57:24 AM,185.9,222,41269.8,26114659.24000002
2025-08-01 09:57:27 AM,185.9,1,185.9,26114845.14000002
2025-08-01 09:57:36 AM,185.59,500,92795.0,26207640.14000002
2025-08-01 09:57:37 AM,185.55,0,0.0,26207640.14000002
2025-08-01 09:57:39 AM,185.53,67,12430.51,26220070.65000002
2025-08-01 09:57:45 AM,185.25,343,63540.75,26283611.40000002
2025-08-01 09:58:00 AM,185.2,250,46300.0,26329911.40000002
2025-08-01 09:58:34 AM,185.05,0,0.0,26329911.40000002
2025-08-01 09:58:34 AM,185.11,333,61641.630000000005,26391553.03000002
2025-08-01 09:58:58 AM,185.49,2,370.98,26391924.01000002
2025-08-01 09:59:12 AM,185.11,0,0.0,26391924.01000002
2025-08-01 09:59:13 AM,185.11,155,28692.050000000003,26420616.06000002
2025-08-01 09:59:20 AM,185.12,0,0.0,26420616.06000002
2025-08-01 09:59:20 AM,185.12,20,3702.4,26424318.46000002
2025-08-01 10:00:00 AM,185.11,219,40539.090000000004,26464857.55000002
2025-08-01 10:00:16 AM,185.48,3,556.4399999999999,26465413.99000002
2025-08-01 10:00:48 AM,185.33,150,27799.500000000004,26493213.49000002
2025-08-01 10:01:26 AM,185.05,0,0.0,26493213.49000002
2025-08-01 10:01:26 AM,185.05,28,5181.400000000001,26498394.89000002
2025-08-01 10:01:45 AM,185.33,838,155306.54,26653701.43000002
2025-08-01 10:02:09 AM,185.27,0,0.0,26653701.43000002
2025-08-01 10:02:09 AM,185.27,294,54469.380000000005,26708170.810000017
2025-08-01 10:02:14 AM,185.0,0,0.0,26708170.810000017
2025-08-01 10:02:16 AM,185.0,746,138010.0,26846180.810000017
2025-08-01 10:02:22 AM,185.53,0,0.0,26846180.810000017
2025-08-01 10:02:22 AM,185.53,1,185.53,26846366.34000002
2025-08-01 10:02:24 AM,185.53,50,9276.5,26855642.84000002
2025-08-01 10:02:40 AM,185.12,0,0.0,26855642.84000002
2025-08-01 10:02:41 AM,185.12,1,185.12,26855827.96000002
2025-08-01 10:02:43 AM,185.4,43,7972.2,26863800.16000002
2025-08-01 10:03:39 AM,185.4,500,92700.0,26956500.16000002
2025-08-01 10:03:57 AM,185.51,2098,389199.98,27345700.14000002
2025-08-01 10:04:09 AM,185.55,137,25420.350000000002,27371120.49000002
2025-08-01 10:04:18 AM,186.03,0,0.0,27371120.49000002
2025-08-01 10:04:18 AM,186.03,782,145475.46,27516595.95000002
2025-08-01 10:04:28 AM,186.1,27,5024.7,27521620.65000002
2025-08-01 10:04:34 AM,186.72,0,0.0,27521620.65000002
2025-08-01 10:04:35 AM,186.72,2000,373440.0,27895060.65000002
2025-08-01 10:04:37 AM,186.72,200,37344.0,27932404.65000002
2025-08-01 10:04:53 AM,186.1,10,1861.0,27934265.65000002
2025-08-01 10:05:00 AM,186.5,655,122157.5,28056423.15000002
2025-08-01 10:05:02 AM,186.5,20,3730.0,28060153.15000002
2025-08-01 10:05:14 AM,186.5,3,559.5,28060712.65000002
2025-08-01 10:05:18 AM,186.5,322,60053.0,28120765.65000002
2025-08-01 10:05:23 AM,186.82,0,0.0,28120765.65000002
2025-08-01 10:05:24 AM,186.52,624,116388.48000000001,28237154.13000002
2025-08-01 10:05:26 AM,186.1,2,372.2,28237526.33000002
2025-08-01 10:05:44 AM,186.86,50,9343.0,28246869.33000002
2025-08-01 10:06:00 AM,186.86,1,186.86,28247056.19000002
2025-08-01 10:06:18 AM,186.36,0,0.0,28247056.19000002
2025-08-01 10:06:18 AM,186.36,5010,933663.6000000001,29180719.79000002
2025-08-01 10:06:41 AM,186.39,0,0.0,29180719.79000002
2025-08-01 10:06:42 AM,186.39,662,123390.18,29304109.97000002
2025-08-01 10:06:46 AM,185.9,0,0.0,29304109.97000002
2025-08-01 10:06:48 AM,185.9,484,89975.6,29394085.570000023
2025-08-01 10:06:54 AM,185.51,400,74204.0,29468289.570000023
2025-08-01 10:07:13 AM,185.98,5,929.9,29469219.47000002
2025-08-01 10:07:26 AM,185.98,105,19527.899999999998,29488747.37000002
2025-08-01 10:07:40 AM,185.75,2,371.5,29489118.87000002
2025-08-01 10:08:15 AM,185.34,9568,1773333.12,31262451.99000002
2025-08-01 10:08:17 AM,185.13,0,0.0,31262451.99000002
2025-08-01 10:08:17 AM,185.13,46,8515.98,31270967.97000002
2025-08-01 10:08:21 AM,185.57,0,0.0,31270967.97000002
2025-08-01 10:08:21 AM,185.57,5,927.8499999999999,31271895.820000023
2025-08-01 10:08:42 AM,185.13,0,0.0,31271895.820000023
2025-08-01 10:08:45 AM,185.13,10,1851.3,31273747.120000023
2025-08-01 10:09:02 AM,185.09,0,0.0,31273747.120000023
2025-08-01 10:09:03 AM,185.09,256,47383.04,31321130.160000023
2025-08-01 10:09:12 AM,184.7,0,0.0,31321130.160000023
2025-08-01 10:09:13 AM,185.01,0,0.0,31321130.160000023
2025-08-01 10:09:15 AM,185.01,3522,651605.22,31972735.38000002
2025-08-01 10:09:27 AM,183.0,10501,1921683.0,33894418.380000025
2025-08-01 10:09:32 AM,184.36,0,0.0,33894418.380000025
2025-08-01 10:09:32 AM,184.36,898,165555.28,34059973.660000026
2025-08-01 10:10:03 AM,184.56,103,19009.68,34078983.340000026
2025-08-01 10:10:07 AM,184.81,0,0.0,34078983.340000026
2025-08-01 10:10:07 AM,184.81,1100,203291.0,34282274.340000026
2025-08-01 10:10:15 AM,184.37,125,23046.25,34305320.590000026
2025-08-01 10:10:54 AM,184.89,0,0.0,34305320.590000026
2025-08-01 10:10:54 AM,184.89,1300,240356.99999999997,34545677.590000026
2025-08-01 10:11:39 AM,184.74,0,0.0,34545677.590000026
2025-08-01 10:11:41 AM,184.74,10,1847.4,34547524.990000024
2025-08-01 10:11:59 AM,184.41,100,18441.0,34565965.990000024
2025-08-01 10:12:22 AM,184.41,105,19363.05,34585329.04000002
2025-08-01 10:12:24 AM,184.84,0,0.0,34585329.04000002
2025-08-01 10:12:28 AM,184.84,1,184.84,34585513.880000025
2025-08-01 10:12:44 AM,185.0,0,0.0,34585513.880000025
2025-08-01 10:12:45 AM,185.0,25,4625.0,34590138.880000025
2025-08-01 10:13:06 AM,185.49,0,0.0,34590138.880000025
2025-08-01 10:13:08 AM,185.49,501,92930.49,34683069.37000003
2025-08-01 10:13:14 AM,185.75,1,185.75,34683255.12000003
2025-08-01 10:13:20 AM,185.5,0,0.0,34683255.12000003
2025-08-01 10:13:20 AM,185.5,1,185.5,34683440.62000003
2025-08-01 10:14:12 AM,185.74,0,0.0,34683440.62000003
2025-08-01 10:14:13 AM,185.74,2,371.48,34683812.100000024
2025-08-01 10:14:18 AM,185.31,0,0.0,34683812.100000024
2025-08-01 10:14:19 AM,185.31,5,926.55,34684738.65000002
2025-08-01 10:14:45 AM,185.49,0,0.0,34684738.65000002
2025-08-01 10:14:48 AM,185.49,125,23186.25,34707924.90000002
2025-08-01 10:15:15 AM,185.31,0,0.0,34707924.90000002
2025-08-01 10:15:17 AM,185.31,60,11118.6,34719043.50000002
2025-08-01 10:16:00 AM,185.75,0,0.0,34719043.50000002
2025-08-01 10:16:04 AM,185.75,4,743.0,34719786.50000002
2025-08-01 10:16:10 AM,185.75,5,928.75,34720715.25000002
2025-08-01 10:17:02 AM,185.75,60,11145.0,34731860.25000002
2025-08-01 10:17:19 AM,185.75,100,18575.0,34750435.25000002
2025-08-01 10:17:31 AM,185.4,1,185.4,34750620.65000002
2025-08-01 10:17:36 AM,185.75,0,0.0,34750620.65000002
2025-08-01 10:17:36 AM,185.75,100,18575.0,34769195.65000002
2025-08-01 10:17:56 AM,185.5,0,0.0,34769195.65000002
2025-08-01 10:17:59 AM,185.5,200,37100.0,34806295.65000002
2025-08-01 10:18:11 AM,185.5,50,9275.0,34815570.65000002
2025-08-01 10:18:21 AM,185.3,0,0.0,34815570.65000002
2025-08-01 10:18:23 AM,185.3,113,20938.9,34836509.55000002
2025-08-01 10:18:27 AM,185.4,0,0.0,34836509.55000002
2025-08-01 10:18:29 AM,185.4,199,36894.6,34873404.15000002
2025-08-01 10:18:52 AM,185.49,0,0.0,34873404.15000002
2025-08-01 10:18:52 AM,185.49,1,185.49,34873589.64000002
2025-08-01 10:19:03 AM,185.5,271,50270.5,34923860.14000002
2025-08-01 10:19:32 AM,185.04,1000,185040.0,35108900.14000002
2025-08-01 10:21:35 AM,185.1,0,0.0,35108900.14000002
2025-08-01 10:21:36 AM,185.1,65,12031.5,35120931.64000002
2025-08-01 10:21:45 AM,185.5,0,0.0,35120931.64000002
2025-08-01 10:21:48 AM,185.5,5,927.5,35121859.14000002
2025-08-01 10:22:17 AM,183.0,10554,1931382.0,37053241.14000002
2025-08-01 10:22:29 AM,183.98,0,0.0,37053241.14000002
2025-08-01 10:22:29 AM,183.98,3047,560587.0599999999,37613828.200000025
2025-08-01 10:22:32 AM,184.14,0,0.0,37613828.200000025
2025-08-01 10:22:34 AM,184.14,24,4419.36,37618247.560000025
2025-08-01 10:22:36 AM,184.2,1190,219198.0,37837445.560000025
2025-08-01 10:22:38 AM,184.25,0,0.0,37837445.560000025
2025-08-01 10:22:40 AM,184.25,1,184.25,37837629.810000025
2025-08-01 10:23:04 AM,184.45,1404,258967.8,38096597.61000002
2025-08-01 10:23:11 AM,185.0,0,0.0,38096597.61000002
2025-08-01 10:23:13 AM,185.34,277,51339.18,38147936.79000002
2025-08-01 10:23:22 AM,185.3,1,185.3,38148122.09000002
2025-08-01 10:23:24 AM,185.2,1,185.2,38148307.29000002
2025-08-01 10:23:25 AM,185.25,0,0.0,38148307.29000002
2025-08-01 10:23:28 AM,185.25,1,185.25,38148492.54000002
2025-08-01 10:23:44 AM,185.01,50,9250.5,38157743.04000002
2025-08-01 10:24:50 AM,184.79,4,739.16,38158482.20000002
2025-08-01 10:25:47 AM,184.7,0,0.0,38158482.20000002
2025-08-01 10:25:47 AM,184.7,11,2031.6999999999998,38160513.90000002
2025-08-01 10:26:12 AM,184.75,0,0.0,38160513.90000002
2025-08-01 10:26:15 AM,184.75,20,3695.0,38164208.90000002
2025-08-01 10:26:21 AM,184.7,0,0.0,38164208.90000002
2025-08-01 10:26:22 AM,184.7,170,31398.999999999996,38195607.90000002
2025-08-01 10:27:48 AM,184.98,1,184.98,38195792.88000002
2025-08-01 10:27:56 AM,184.5,1000,184500.0,38380292.88000002
2025-08-01 10:28:20 AM,184.96,0,0.0,38380292.88000002
2025-08-01 10:28:20 AM,184.96,100,18496.0,38398788.88000002
2025-08-01 10:28:22 AM,184.51,0,0.0,38398788.88000002
2025-08-01 10:28:23 AM,184.51,15,2767.6499999999996,38401556.530000016
2025-08-01 10:28:28 AM,184.51,400,73804.0,38475360.530000016
2025-08-01 10:28:56 AM,184.96,1,184.96,38475545.49000002
2025-08-01 10:28:59 AM,184.52,45,8303.4,38483848.890000015
2025-08-01 10:29:34 AM,184.96,0,0.0,38483848.890000015
2025-08-01 10:29:35 AM,184.96,100,18496.0,38502344.890000015
2025-08-01 10:29:41 AM,184.51,1000,184510.0,38686854.890000015
2025-08-01 10:29:46 AM,184.91,0,0.0,38686854.890000015
2025-08-01 10:29:46 AM,184.91,100,18491.0,38705345.890000015
2025-08-01 10:31:31 AM,184.51,0,0.0,38705345.890000015
2025-08-01 10:31:32 AM,184.51,74,13653.74,38718999.63000002
2025-08-01 10:32:27 AM,184.89,0,0.0,38718999.63000002
2025-08-01 10:32:27 AM,184.89,5,924.4499999999999,38719924.08000002
2025-08-01 10:32:57 AM,184.51,0,0.0,38719924.08000002
2025-08-01 10:32:57 AM,184.51,20,3690.2,38723614.28000002
2025-08-01 10:33:02 AM,184.5,31,5719.5,38729333.78000002
2025-08-01 10:33:05 AM,184.99,25,4624.75,38733958.53000002
2025-08-01 10:33:15 AM,184.51,0,0.0,38733958.53000002
2025-08-01 10:33:17 AM,184.51,15,2767.6499999999996,38736726.18000002
2025-08-01 10:33:40 AM,184.91,0,0.0,38736726.18000002
2025-08-01 10:33:41 AM,184.91,16,2958.56,38739684.740000024
2025-08-01 10:34:03 AM,184.89,920,170098.8,38909783.54000002
2025-08-01 10:34:40 AM,185.09,0,0.0,38909783.54000002
2025-08-01 10:34:41 AM,185.09,2984,552308.56,39462092.100000024
2025-08-01 10:34:45 AM,185.2,0,0.0,39462092.100000024
2025-08-01 10:34:47 AM,185.2,1,185.2,39462277.30000003
2025-08-01 10:35:10 AM,185.2,100,18520.0,39480797.30000003
2025-08-01 10:35:59 AM,185.25,0,0.0,39480797.30000003
2025-08-01 10:36:00 AM,185.25,200,37050.0,39517847.30000003
2025-08-01 10:36:11 AM,185.01,0,0.0,39517847.30000003
2025-08-01 10:36:11 AM,185.01,200,37002.0,39554849.30000003
2025-08-01 10:36:19 AM,184.79,0,0.0,39554849.30000003
2025-08-01 10:36:20 AM,184.79,1000,184790.0,39739639.30000003
2025-08-01 10:36:27 AM,185.0,0,0.0,39739639.30000003
2025-08-01 10:36:28 AM,185.0,100,18500.0,39758139.30000003
2025-08-01 10:36:35 AM,185.22,0,0.0,39758139.30000003
2025-08-01 10:36:36 AM,185.22,10,1852.2,39759991.50000003
2025-08-01 10:36:44 AM,185.22,200,37044.0,39797035.50000003
2025-08-01 10:37:34 AM,185.25,0,0.0,39797035.50000003
2025-08-01 10:37:34 AM,185.25,177,32789.25,39829824.75000003
2025-08-01 10:38:44 AM,185.48,0,0.0,39829824.75000003
2025-08-01 10:38:44 AM,185.48,1,185.48,39830010.23000003
2025-08-01 10:39:06 AM,185.48,200,37096.0,39867106.23000003
2025-08-01 10:40:44 AM,185.24,210,38900.4,39906006.630000025
2025-08-01 10:41:51 AM,185.12,0,0.0,39906006.630000025
2025-08-01 10:41:54 AM,185.12,2,370.24,39906376.87000003
2025-08-01 10:42:54 AM,185.45,6,1112.6999999999998,39907489.57000003
2025-08-01 10:43:05 AM,185.49,0,0.0,39907489.57000003
2025-08-01 10:43:06 AM,185.49,21,3895.29,39911384.86000003
2025-08-01 10:43:10 AM,185.12,0,0.0,39911384.86000003
2025-08-01 10:43:11 AM,185.12,1358,251392.96,40162777.82000003
2025-08-01 10:43:38 AM,185.12,75,13884.0,40176661.82000003
2025-08-01 10:43:43 AM,185.12,1,185.12,40176846.94000003
2025-08-01 10:43:51 AM,185.39,1,185.39,40177032.33000003
2025-08-01 10:43:53 AM,185.09,357,66077.13,40243109.46000003
2025-08-01 10:44:09 AM,185.0,307,56795.0,40299904.46000003
2025-08-01 10:46:00 AM,184.65,100,18465.0,40318369.46000003
2025-08-01 10:46:05 AM,184.99,0,0.0,40318369.46000003
2025-08-01 10:46:05 AM,184.99,150,27748.5,40346117.96000003
2025-08-01 10:46:51 AM,184.58,0,0.0,40346117.96000003
2025-08-01 10:46:54 AM,184.58,55,10151.900000000001,40356269.86000003
2025-08-01 10:46:57 AM,184.5,0,0.0,40356269.86000003
2025-08-01 10:47:00 AM,184.5,147,27121.5,40383391.36000003
2025-08-01 10:47:53 AM,184.99,1,184.99,40383576.35000003
2025-08-01 10:47:56 AM,184.99,1,184.99,40383761.34000003
2025-08-01 10:47:59 AM,184.99,1,184.99,40383946.330000035
2025-08-01 10:48:00 AM,184.5,0,0.0,40383946.330000035
2025-08-01 10:48:01 AM,184.5,1,184.5,40384130.830000035
2025-08-01 10:48:13 AM,185.0,0,0.0,40384130.830000035
2025-08-01 10:48:15 AM,185.0,1,185.0,40384315.830000035
2025-08-01 10:48:28 AM,185.0,3,555.0,40384870.830000035
2025-08-01 10:48:44 AM,184.4,0,0.0,40384870.830000035
2025-08-01 10:48:44 AM,184.4,470,86668.0,40471538.830000035
2025-08-01 10:49:00 AM,184.95,2,369.9,40471908.730000034
2025-08-01 10:49:55 AM,184.86,0,0.0,40471908.730000034
2025-08-01 10:49:58 AM,184.86,483,89287.38,40561196.11000004
2025-08-01 10:50:18 AM,184.83,0,0.0,40561196.11000004
2025-08-01 10:50:20 AM,184.83,75,13862.250000000002,40575058.36000004
2025-08-01 10:50:44 AM,184.35,0,0.0,40575058.36000004
2025-08-01 10:50:45 AM,184.28,0,0.0,40575058.36000004
2025-08-01 10:50:48 AM,184.28,157,28931.96,40603990.32000004
2025-08-01 10:50:50 AM,184.94,0,0.0,40603990.32000004
2025-08-01 10:50:52 AM,184.99,0,0.0,40603990.32000004
2025-08-01 10:50:54 AM,184.99,2000,369980.0,40973970.32000004
2025-08-01 10:51:17 AM,184.85,1000,184850.0,41158820.32000004
2025-08-01 10:51:22 AM,184.84,0,0.0,41158820.32000004
2025-08-01 10:51:22 AM,184.84,1000,184840.0,41343660.32000004
2025-08-01 10:51:30 AM,185.09,0,0.0,41343660.32000004
2025-08-01 10:51:33 AM,185.09,3569,660586.21,42004246.53000004
2025-08-01 10:51:39 AM,185.09,58,10735.22,42014981.75000004
2025-08-01 10:51:40 AM,185.68,0,0.0,42014981.75000004
2025-08-01 10:51:44 AM,185.76,0,0.0,42014981.75000004
2025-08-01 10:51:44 AM,185.76,1678,311705.27999999997,42326687.03000004
2025-08-01 10:52:09 AM,185.2,0,0.0,42326687.03000004
2025-08-01 10:52:11 AM,185.2,100,18520.0,42345207.03000004
2025-08-01 10:53:09 AM,185.2,446,82599.2,42427806.23000004
2025-08-01 10:54:08 AM,185.19,0,0.0,42427806.23000004
2025-08-01 10:54:08 AM,185.19,155,28704.45,42456510.680000044
2025-08-01 10:54:48 AM,185.76,0,0.0,42456510.680000044
2025-08-01 10:54:51 AM,185.76,1000,185760.0,42642270.680000044
2025-08-01 10:55:46 AM,185.33,12,2223.96,42644494.640000045
2025-08-01 10:56:17 AM,185.35,1,185.35,42644679.99000005
2025-08-01 10:56:32 AM,185.37,0,0.0,42644679.99000005
2025-08-01 10:56:32 AM,185.37,51,9453.87,42654133.860000044
2025-08-01 10:56:40 AM,185.36,0,0.0,42654133.860000044
2025-08-01 10:56:43 AM,185.36,88,16311.68,42670445.540000044
2025-08-01 10:56:48 AM,185.37,0,0.0,42670445.540000044
2025-08-01 10:56:48 AM,185.37,87,16127.19,42686572.73000004
2025-08-01 10:57:28 AM,185.31,0,0.0,42686572.73000004
2025-08-01 10:57:30 AM,185.31,299,55407.69,42741980.42000004
2025-08-01 10:57:38 AM,184.93,0,0.0,42741980.42000004
2025-08-01 10:57:41 AM,184.93,331,61211.83,42803192.25000004
2025-08-01 10:58:02 AM,184.93,19,3513.67,42806705.92000004
2025-08-01 10:59:27 AM,184.93,438,80999.34,42887705.26000004
2025-08-01 11:02:43 AM,184.71,0,0.0,42887705.26000004
2025-08-01 11:02:46 AM,184.71,13,2401.23,42890106.49000004
2025-08-01 11:02:47 AM,184.93,0,0.0,42890106.49000004
2025-08-01 11:02:47 AM,184.93,1017,188073.81,43078180.30000004
2025-08-01 11:02:51 AM,185.68,0,0.0,43078180.30000004
2025-08-01 11:02:51 AM,185.68,1,185.68,43078365.98000004
2025-08-01 11:04:42 AM,185.68,100,18568.0,43096933.98000004
2025-08-01 11:04:45 AM,185.89,0,0.0,43096933.98000004
2025-08-01 11:04:45 AM,185.89,1,185.89,43097119.87000004
2025-08-01 11:04:47 AM,185.6,505,93728.0,43190847.87000004
2025-08-01 11:04:52 AM,183.0,10000,1830000.0,45020847.87000004
2025-08-01 11:05:16 AM,185.57,0,0.0,45020847.87000004
2025-08-01 11:05:17 AM,185.57,1,185.57,45021033.44000004
2025-08-01 11:05:27 AM,183.0,0,0.0,45021033.44000004
2025-08-01 11:05:28 AM,183.0,10000,1830000.0,46851033.44000004
2025-08-01 11:05:34 AM,183.71,0,0.0,46851033.44000004
2025-08-01 11:05:35 AM,184.14,13112,2414443.6799999997,49265477.12000004
2025-08-01 11:05:37 AM,184.13,0,0.0,49265477.12000004
2025-08-01 11:05:39 AM,184.13,256,47137.28,49312614.40000004
2025-08-01 11:05:40 AM,184.33,1,184.33,49312798.73000004
2025-08-01 11:05:54 AM,184.2,0,0.0,49312798.73000004
2025-08-01 11:05:55 AM,184.2,200,36840.0,49349638.73000004
2025-08-01 11:05:58 AM,184.08,0,0.0,49349638.73000004
2025-08-01 11:06:00 AM,184.08,50,9204.0,49358842.73000004
2025-08-01 11:06:03 AM,184.14,0,0.0,49358842.73000004
2025-08-01 11:06:06 AM,184.14,25,4603.5,49363446.23000004
2025-08-01 11:06:07 AM,184.25,0,0.0,49363446.23000004
2025-08-01 11:06:07 AM,184.25,1,184.25,49363630.48000004
2025-08-01 11:06:37 AM,183.8,200,36760.0,49400390.48000004
2025-08-01 11:06:43 AM,183.92,2025,372438.0,49772828.48000004
2025-08-01 11:06:45 AM,183.81,0,0.0,49772828.48000004
2025-08-01 11:06:48 AM,183.81,10,1838.1,49774666.58000004
2025-08-01 11:07:03 AM,184.75,0,0.0,49774666.58000004
2025-08-01 11:07:04 AM,184.75,1,184.75,49774851.33000004
2025-08-01 11:07:14 AM,184.75,20,3695.0,49778546.33000004
2025-08-01 11:08:05 AM,184.7,90,16623.0,49795169.33000004
2025-08-01 11:08:29 AM,184.11,0,0.0,49795169.33000004
2025-08-01 11:08:29 AM,184.11,200,36822.0,49831991.33000004
2025-08-01 11:08:41 AM,184.7,0,0.0,49831991.33000004
2025-08-01 11:08:42 AM,184.7,100,18470.0,49850461.33000004
2025-08-01 11:08:49 AM,184.1,0,0.0,49850461.33000004
2025-08-01 11:08:50 AM,184.1,500,92050.0,49942511.33000004
2025-08-01 11:08:51 AM,184.63,0,0.0,49942511.33000004
2025-08-01 11:08:53 AM,184.63,2,369.26,49942880.59000004
2025-08-01 11:09:48 AM,184.5,5,922.5,49943803.09000004
2025-08-01 11:10:06 AM,184.13,0,0.0,49943803.09000004
2025-08-01 11:10:07 AM,184.13,582,107163.66,50050966.75000004
2025-08-01 11:10:16 AM,184.1,0,0.0,50050966.75000004
2025-08-01 11:10:18 AM,184.1,11,2025.1,50052991.85000004
2025-08-01 11:10:36 AM,184.5,0,0.0,50052991.85000004
2025-08-01 11:10:40 AM,184.5,1,184.5,50053176.35000004
2025-08-01 11:11:01 AM,184.5,11,2029.5,50055205.85000004
2025-08-01 11:11:07 AM,184.5,1,184.5,50055390.35000004
2025-08-01 11:11:23 AM,184.5,1,184.5,50055574.85000004
2025-08-01 11:11:29 AM,184.5,1,184.5,50055759.35000004
2025-08-01 11:12:28 AM,184.2,1000,184200.0,50239959.35000004
2025-08-01 11:12:32 AM,184.5,0,0.0,50239959.35000004
2025-08-01 11:12:33 AM,184.5,309,57010.5,50296969.85000004
2025-08-01 11:12:36 AM,185.0,0,0.0,50296969.85000004
2025-08-01 11:12:38 AM,184.79,0,0.0,50296969.85000004
2025-08-01 11:12:39 AM,184.79,241,44534.39,50341504.24000004
2025-08-01 11:12:39 AM,185.0,291,53835.0,50395339.24000004
2025-08-01 11:13:20 AM,184.75,0,0.0,50395339.24000004
2025-08-01 11:13:21 AM,184.75,916,169231.0,50564570.24000004
2025-08-01 11:13:33 AM,184.44,39,7193.16,50571763.400000036
2025-08-01 11:15:10 AM,183.8,1000,183800.0,50755563.400000036
2025-08-01 11:15:13 AM,183.81,0,0.0,50755563.400000036
2025-08-01 11:15:15 AM,183.81,292,53672.520000000004,50809235.92000004
2025-08-01 11:15:59 AM,184.37,0,0.0,50809235.92000004
2025-08-01 11:16:01 AM,184.37,1,184.37,50809420.29000004
2025-08-01 11:17:59 AM,184.21,0,0.0,50809420.29000004
2025-08-01 11:18:00 AM,184.21,100,18421.0,50827841.29000004
2025-08-01 11:18:03 AM,184.21,1,184.21,50828025.50000004
2025-08-01 11:18:25 AM,184.21,10,1842.1000000000001,50829867.60000004
2025-08-01 11:18:59 AM,183.97,0,0.0,50829867.60000004
2025-08-01 11:19:00 AM,183.97,10159,1868951.23,52698818.830000035
2025-08-01 11:19:10 AM,181.2,0,0.0,52698818.830000035
2025-08-01 11:19:12 AM,181.2,11000,1993199.9999999998,54692018.830000035
2025-08-01 11:19:28 AM,182.41,100,18241.0,54710259.830000035
2025-08-01 11:19:58 AM,182.88,0,0.0,54710259.830000035
2025-08-01 11:20:00 AM,182.56,201,36694.56,54746954.39000004
2025-08-01 11:20:03 AM,182.88,0,0.0,54746954.39000004
2025-08-01 11:20:06 AM,182.88,27,4937.76,54751892.150000036
2025-08-01 11:20:17 AM,182.5,0,0.0,54751892.150000036
2025-08-01 11:20:21 AM,182.5,1565,285612.5,55037504.650000036
2025-08-01 11:20:28 AM,182.44,0,0.0,55037504.650000036
2025-08-01 11:20:32 AM,182.44,100,18244.0,55055748.650000036
2025-08-01 11:21:00 AM,182.88,0,0.0,55055748.650000036
2025-08-01 11:21:03 AM,182.88,100,18288.0,55074036.650000036
2025-08-01 11:21:06 AM,183.0,0,0.0,55074036.650000036
2025-08-01 11:21:08 AM,183.0,1000,183000.0,55257036.650000036
2025-08-01 11:21:22 AM,183.06,0,0.0,55257036.650000036
2025-08-01 11:21:24 AM,183.06,4,732.24,55257768.89000004
2025-08-01 11:21:29 AM,182.43,1001,182612.43,55440381.32000004
2025-08-01 11:21:38 AM,183.05,0,0.0,55440381.32000004
2025-08-01 11:21:40 AM,183.05,1,183.05,55440564.370000035
2025-08-01 11:21:59 AM,182.51,0,0.0,55440564.370000035
2025-08-01 11:22:00 AM,182.51,50,9125.5,55449689.870000035
2025-08-01 11:22:03 AM,182.99,0,0.0,55449689.870000035
2025-08-01 11:22:05 AM,182.99,200,36598.0,55486287.870000035
2025-08-01 11:22:07 AM,183.6,0,0.0,55486287.870000035
2025-08-01 11:22:08 AM,183.54,0,0.0,55486287.870000035
2025-08-01 11:22:11 AM,183.54,2545,467109.3,55953397.17000003
2025-08-01 11:22:43 AM,183.54,420,77086.8,56030483.97000003
2025-08-01 11:22:45 AM,183.46,0,0.0,56030483.97000003
2025-08-01 11:22:48 AM,183.46,100,18346.0,56048829.97000003
2025-08-01 11:22:54 AM,183.54,0,0.0,56048829.97000003
2025-08-01 11:22:56 AM,183.75,0,0.0,56048829.97000003
2025-08-01 11:22:58 AM,183.75,83,15251.25,56064081.22000003
2025-08-01 11:23:08 AM,183.6,0,0.0,56064081.22000003
2025-08-01 11:23:09 AM,183.6,88,16156.8,56080238.020000026
2025-08-01 11:23:18 AM,183.75,0,0.0,56080238.020000026
2025-08-01 11:23:20 AM,183.75,15,2756.25,56082994.270000026
2025-08-01 11:23:34 AM,184.0,0,0.0,56082994.270000026
2025-08-01 11:23:36 AM,184.0,500,92000.0,56174994.270000026
2025-08-01 11:24:15 AM,184.0,250,46000.0,56220994.270000026
2025-08-01 11:24:21 AM,183.6,608,111628.8,56332623.07000002
2025-08-01 11:25:40 AM,183.6,210,38556.0,56371179.07000002
2025-08-01 11:26:10 AM,183.81,0,0.0,56371179.07000002
2025-08-01 11:26:11 AM,183.81,40,7352.4,56378531.47000002
2025-08-01 11:26:47 AM,183.81,50,9190.5,56387721.97000002
2025-08-01 11:26:53 AM,183.81,105,19300.05,56407022.02000002
2025-08-01 11:27:14 AM,183.6,0,0.0,56407022.02000002
2025-08-01 11:27:17 AM,183.6,50,9180.0,56416202.02000002
2025-08-01 11:28:12 AM,183.81,0,0.0,56416202.02000002
2025-08-01 11:28:13 AM,183.81,35,6433.35,56422635.37000002
2025-08-01 11:29:29 AM,184.0,0,0.0,56422635.37000002
2025-08-01 11:29:29 AM,184.0,177,32568.0,56455203.37000002
2025-08-01 11:29:52 AM,183.81,0,0.0,56455203.37000002
2025-08-01 11:29:52 AM,183.81,118,21689.58,56476892.95000002
2025-08-01 11:30:11 AM,183.2,0,0.0,56476892.95000002
2025-08-01 11:30:13 AM,183.2,3177,582026.3999999999,57058919.35000002
2025-08-01 11:31:06 AM,183.78,10,1837.8,57060757.15000001
2025-08-01 11:31:58 AM,182.82,0,0.0,57060757.15000001
2025-08-01 11:31:58 AM,182.82,460,84097.2,57144854.35000002
2025-08-01 11:32:16 AM,183.78,0,0.0,57144854.35000002
2025-08-01 11:32:19 AM,183.78,1,183.78,57145038.13000002
2025-08-01 11:32:35 AM,182.83,0,0.0,57145038.13000002
2025-08-01 11:32:35 AM,182.83,50,9141.5,57154179.63000002
2025-08-01 11:32:56 AM,182.9,300,54870.0,57209049.63000002
2025-08-01 11:32:57 AM,183.77,0,0.0,57209049.63000002
2025-08-01 11:33:00 AM,183.77,1,183.77,57209233.40000002
2025-08-01 11:33:53 AM,183.0,0,0.0,57209233.40000002
2025-08-01 11:33:55 AM,183.01,0,0.0,57209233.40000002
2025-08-01 11:33:56 AM,183.01,258,47216.579999999994,57256449.98000002
2025-08-01 11:34:40 AM,183.59,0,0.0,57256449.98000002
2025-08-01 11:34:42 AM,183.59,50,9179.5,57265629.48000002
2025-08-01 11:35:46 AM,183.59,2,367.18,57265996.66000002
2025-08-01 11:36:22 AM,183.59,200,36718.0,57302714.66000002
2025-08-01 11:36:40 AM,183.26,0,0.0,57302714.66000002
2025-08-01 11:36:42 AM,183.26,200,36652.0,57339366.66000002
2025-08-01 11:37:29 AM,183.5,0,0.0,57339366.66000002
2025-08-01 11:37:30 AM,183.5,2,367.0,57339733.66000002
2025-08-01 11:37:33 AM,183.13,0,0.0,57339733.66000002
2025-08-01 11:37:35 AM,183.13,1000,183130.0,57522863.66000002
2025-08-01 11:37:55 AM,183.01,0,0.0,57522863.66000002
2025-08-01 11:37:56 AM,183.01,6,1098.06,57523961.72000002
2025-08-01 11:39:57 AM,183.1,0,0.0,57523961.72000002
2025-08-01 11:39:59 AM,183.1,7,1281.7,57525243.420000024
2025-08-01 11:40:01 AM,183.68,0,0.0,57525243.420000024
2025-08-01 11:40:03 AM,183.68,75,13776.0,57539019.420000024
2025-08-01 11:41:27 AM,183.1,0,0.0,57539019.420000024
2025-08-01 11:41:30 AM,183.1,75,13732.5,57552751.920000024
2025-08-01 11:41:40 AM,183.1,75,13732.5,57566484.420000024
2025-08-01 11:42:07 AM,183.6,0,0.0,57566484.420000024
2025-08-01 11:42:11 AM,183.6,10,1836.0,57568320.420000024
2025-08-01 11:42:15 AM,183.1,0,0.0,57568320.420000024
2025-08-01 11:42:16 AM,183.1,145,26549.5,57594869.920000024
2025-08-01 11:42:52 AM,183.1,100,18310.0,57613179.920000024
2025-08-01 11:44:25 AM,183.1,1000,183100.0,57796279.920000024
2025-08-01 11:44:51 AM,183.59,0,0.0,57796279.920000024
2025-08-01 11:44:52 AM,183.59,1,183.59,57796463.51000003
2025-08-01 11:45:38 AM,183.25,0,0.0,57796463.51000003
2025-08-01 11:45:40 AM,183.25,90,16492.5,57812956.01000003
2025-08-01 11:45:44 AM,183.31,0,0.0,57812956.01000003
2025-08-01 11:45:45 AM,183.31,159,29146.29,57842102.30000003
2025-08-01 11:46:09 AM,183.6,0,0.0,57842102.30000003
2025-08-01 11:46:12 AM,183.6,5,918.0,57843020.30000003
2025-08-01 11:46:33 AM,183.6,9,1652.3999999999999,57844672.700000025
2025-08-01 11:47:15 AM,183.6,100,18360.0,57863032.700000025
2025-08-01 11:47:30 AM,183.6,5,918.0,57863950.700000025
2025-08-01 11:47:56 AM,183.6,50,9180.0,57873130.700000025
2025-08-01 11:48:47 AM,183.17,220,40297.399999999994,57913428.100000024
2025-08-01 11:49:13 AM,183.25,200,36650.0,57950078.100000024
2025-08-01 11:50:11 AM,183.58,0,0.0,57950078.100000024
2025-08-01 11:50:15 AM,183.58,50,9179.0,57959257.100000024
2025-08-01 11:50:55 AM,183.58,5,917.9000000000001,57960175.00000002
2025-08-01 11:51:39 AM,183.36,0,0.0,57960175.00000002
2025-08-01 11:51:39 AM,183.36,50,9168.0,57969343.00000002
2025-08-01 11:51:59 AM,183.36,14,2567.04,57971910.04000002
2025-08-01 11:52:04 AM,183.36,7,1283.52,57973193.560000025
2025-08-01 11:52:59 AM,183.23,0,0.0,57973193.560000025
2025-08-01 11:53:00 AM,183.23,25,4580.75,57977774.310000025
2025-08-01 11:53:15 AM,183.23,1,183.23,57977957.54000002
2025-08-01 11:54:31 AM,183.27,0,0.0,57977957.54000002
2025-08-01 11:54:32 AM,183.27,14,2565.78,57980523.32000002
2025-08-01 11:55:12 AM,183.27,29,5314.83,57985838.15000002
2025-08-01 11:56:29 AM,183.52,0,0.0,57985838.15000002
2025-08-01 11:56:29 AM,183.52,115,21104.800000000003,58006942.95000002
2025-08-01 11:56:43 AM,183.27,0,0.0,58006942.95000002
2025-08-01 11:56:44 AM,183.27,40,7330.8,58014273.750000015
2025-08-01 12:00:48 PM,184.25,0,0.0,58014273.750000015
2025-08-01 12:00:50 PM,184.25,4653,857315.25,58871589.000000015
2025-08-01 12:01:45 PM,184.25,5,921.25,58872510.250000015
2025-08-01 12:02:04 PM,184.25,1,184.25,58872694.500000015
2025-08-01 12:02:26 PM,184.0,126,23184.0,58895878.500000015
2025-08-01 12:02:50 PM,184.25,0,0.0,58895878.500000015
2025-08-01 12:02:52 PM,184.25,2,368.5,58896247.000000015
2025-08-01 12:03:22 PM,184.25,1,184.25,58896431.250000015
2025-08-01 12:03:31 PM,184.25,50,9212.5,58905643.750000015
2025-08-01 12:04:34 PM,184.01,0,0.0,58905643.750000015
2025-08-01 12:04:36 PM,184.01,45,8280.449999999999,58913924.20000002
2025-08-01 12:05:32 PM,184.0,0,0.0,58913924.20000002
2025-08-01 12:05:32 PM,184.0,200,36800.0,58950724.20000002
2025-08-01 12:06:12 PM,183.98,0,0.0,58950724.20000002
2025-08-01 12:06:13 PM,183.98,126,23181.48,58973905.680000015
2025-08-01 12:06:28 PM,183.88,0,0.0,58973905.680000015
2025-08-01 12:06:32 PM,183.88,8570,1575851.5999999999,60549757.280000016
2025-08-01 12:06:50 PM,183.13,0,0.0,60549757.280000016
2025-08-01 12:06:52 PM,183.13,500,91565.0,60641322.280000016
2025-08-01 12:07:06 PM,183.13,1,183.13,60641505.41000002
2025-08-01 12:07:50 PM,183.79,0,0.0,60641505.41000002
2025-08-01 12:07:52 PM,183.79,1,183.79,60641689.20000002
2025-08-01 12:08:50 PM,183.88,0,0.0,60641689.20000002
2025-08-01 12:08:52 PM,183.88,500,91940.0,60733629.20000002
2025-08-01 12:10:06 PM,183.76,0,0.0,60733629.20000002
2025-08-01 12:10:07 PM,183.76,280,51452.799999999996,60785082.000000015
2025-08-01 12:10:42 PM,183.76,44,8085.44,60793167.44000001
2025-08-01 12:10:52 PM,183.21,10,1832.1000000000001,60794999.540000014
2025-08-01 12:11:02 PM,183.76,0,0.0,60794999.540000014
2025-08-01 12:11:07 PM,183.76,12,2205.12,60797204.66000001
2025-08-01 12:11:12 PM,183.76,10,1837.6,60799042.26000001
2025-08-01 12:12:10 PM,183.21,0,0.0,60799042.26000001
2025-08-01 12:12:10 PM,183.21,4,732.84,60799775.10000002
2025-08-01 12:12:20 PM,183.32,0,0.0,60799775.10000002
2025-08-01 12:12:20 PM,183.32,200,36664.0,60836439.10000002
2025-08-01 12:13:30 PM,183.5,0,0.0,60836439.10000002
2025-08-01 12:13:31 PM,183.5,30,5505.0,60841944.10000002
2025-08-01 12:14:32 PM,183.25,0,0.0,60841944.10000002
2025-08-01 12:14:36 PM,183.25,15,2748.75,60844692.85000002
2025-08-01 12:16:00 PM,183.82,0,0.0,60844692.85000002
2025-08-01 12:16:02 PM,183.82,1,183.82,60844876.67000002
2025-08-01 12:16:17 PM,183.82,3,551.46,60845428.13000002
2025-08-01 12:16:20 PM,183.25,0,0.0,60845428.13000002
2025-08-01 12:16:22 PM,183.25,1000,183250.0,61028678.13000002
2025-08-01 12:16:32 PM,183.25,300,54975.0,61083653.13000002
2025-08-01 12:16:42 PM,183.82,61,11213.02,61094866.15000002
2025-08-01 12:16:51 PM,183.82,200,36764.0,61131630.15000002
2025-08-01 12:17:08 PM,183.8,0,0.0,61131630.15000002
2025-08-01 12:17:11 PM,183.8,100,18380.0,61150010.15000002
2025-08-01 12:17:12 PM,184.0,0,0.0,61150010.15000002
2025-08-01 12:17:14 PM,183.9,0,0.0,61150010.15000002
2025-08-01 12:17:16 PM,183.8,3,551.4000000000001,61150561.55000002
2025-08-01 12:17:18 PM,184.12,0,0.0,61150561.55000002
2025-08-01 12:17:21 PM,184.12,1961,361059.32,61511620.87000002
2025-08-01 12:17:24 PM,184.14,0,0.0,61511620.87000002
2025-08-01 12:17:26 PM,184.14,1,184.14,61511805.01000002
2025-08-01 12:17:54 PM,183.93,55,10116.15,61521921.16000002
2025-08-01 12:18:24 PM,184.0,0,0.0,61521921.16000002
2025-08-01 12:18:28 PM,184.0,555,102120.0,61624041.16000002
2025-08-01 12:18:54 PM,184.24,5,921.2,61624962.36000002
2025-08-01 12:19:34 PM,183.89,0,0.0,61624962.36000002
2025-08-01 12:19:34 PM,183.89,534,98197.26,61723159.62000002
2025-08-01 12:19:36 PM,184.0,0,0.0,61723159.62000002
2025-08-01 12:19:39 PM,184.0,1,184.0,61723343.62000002
2025-08-01 12:20:02 PM,183.8,0,0.0,61723343.62000002
2025-08-01 12:20:03 PM,184.0,0,0.0,61723343.62000002
2025-08-01 12:20:05 PM,183.95,5,919.75,61724263.37000002
2025-08-01 12:20:10 PM,183.6,0,0.0,61724263.37000002
2025-08-01 12:20:10 PM,183.6,501,91983.59999999999,61816246.97000002
2025-08-01 12:20:18 PM,184.05,0,0.0,61816246.97000002
2025-08-01 12:20:20 PM,184.05,1,184.05,61816431.02000002
2025-08-01 12:20:29 PM,184.0,0,0.0,61816431.02000002
2025-08-01 12:20:31 PM,184.0,1,184.0,61816615.02000002
2025-08-01 12:20:51 PM,184.0,1,184.0,61816799.02000002
2025-08-01 12:20:57 PM,183.37,0,0.0,61816799.02000002
2025-08-01 12:21:01 PM,183.37,138,25305.06,61842104.08000002
2025-08-01 12:21:03 PM,184.23,0,0.0,61842104.08000002
2025-08-01 12:21:05 PM,183.55,0,0.0,61842104.08000002
2025-08-01 12:21:06 PM,183.55,6,1101.3000000000002,61843205.38000002
2025-08-01 12:21:15 PM,183.25,0,0.0,61843205.38000002
2025-08-01 12:21:16 PM,183.25,500,91625.0,61934830.38000002
2025-08-01 12:21:21 PM,183.25,262,48011.5,61982841.88000002
2025-08-01 12:21:26 PM,183.25,6,1099.5,61983941.38000002
2025-08-01 12:22:09 PM,183.52,0,0.0,61983941.38000002
2025-08-01 12:22:10 PM,183.52,1,183.52,61984124.90000002
2025-08-01 12:22:14 PM,183.87,0,0.0,61984124.90000002
2025-08-01 12:22:15 PM,183.87,3,551.61,61984676.51000002
2025-08-01 12:22:17 PM,183.5,0,0.0,61984676.51000002
2025-08-01 12:22:21 PM,183.5,30,5505.0,61990181.51000002
2025-08-01 12:22:22 PM,183.87,11,2022.5700000000002,61992204.08000002
2025-08-01 12:22:24 PM,184.14,0,0.0,61992204.08000002
2025-08-01 12:22:26 PM,184.14,4,736.56,61992940.64000002
2025-08-01 12:22:29 PM,183.82,0,0.0,61992940.64000002
2025-08-01 12:22:31 PM,183.82,5,919.0999999999999,61993859.740000024
2025-08-01 12:22:39 PM,183.73,0,0.0,61993859.740000024
2025-08-01 12:22:42 PM,183.73,4,734.92,61994594.660000026
2025-08-01 12:22:49 PM,183.75,0,0.0,61994594.660000026
2025-08-01 12:22:51 PM,183.5,0,0.0,61994594.660000026
2025-08-01 12:22:52 PM,183.5,204,37434.0,62032028.660000026
2025-08-01 12:22:55 PM,183.0,0,0.0,62032028.660000026
2025-08-01 12:22:56 PM,183.0,2000,366000.0,62398028.660000026
2025-08-01 12:23:04 PM,183.78,0,0.0,62398028.660000026
2025-08-01 12:23:07 PM,183.78,7,1286.46,62399315.12000003
2025-08-01 12:23:09 PM,183.59,0,0.0,62399315.12000003
2025-08-01 12:23:12 PM,183.59,4,734.36,62400049.48000003
2025-08-01 12:23:24 PM,183.78,0,0.0,62400049.48000003
2025-08-01 12:23:26 PM,183.78,4,735.12,62400784.600000024
2025-08-01 12:23:29 PM,183.58,0,0.0,62400784.600000024
2025-08-01 12:23:30 PM,183.58,5,917.9000000000001,62401702.50000002
2025-08-01 12:23:44 PM,183.78,0,0.0,62401702.50000002
2025-08-01 12:23:45 PM,183.78,4,735.12,62402437.62000002
2025-08-01 12:23:49 PM,183.58,0,0.0,62402437.62000002
2025-08-01 12:23:50 PM,183.58,4,734.32,62403171.94000002
2025-08-01 12:24:11 PM,183.77,5,918.85,62404090.79000002
2025-08-01 12:25:15 PM,183.77,26,4778.02,62408868.810000025
2025-08-01 12:25:33 PM,183.75,0,0.0,62408868.810000025
2025-08-01 12:25:35 PM,183.75,5,918.75,62409787.560000025
2025-08-01 12:25:40 PM,183.75,11,2021.25,62411808.810000025
2025-08-01 12:26:08 PM,183.01,0,0.0,62411808.810000025
2025-08-01 12:26:11 PM,183.01,33,6039.33,62417848.14000002
2025-08-01 12:27:06 PM,183.01,19,3477.1899999999996,62421325.33000002
2025-08-01 12:27:11 PM,183.73,0,0.0,62421325.33000002
2025-08-01 12:27:11 PM,183.73,10,1837.3,62423162.63000002
2025-08-01 12:27:33 PM,183.0,0,0.0,62423162.63000002
2025-08-01 12:27:36 PM,183.0,228,41724.0,62464886.63000002
2025-08-01 12:27:46 PM,183.0,652,119316.0,62584202.63000002
2025-08-01 12:27:56 PM,183.0,100,18300.0,62602502.63000002
2025-08-01 12:28:15 PM,183.0,321,58743.0,62661245.63000002
2025-08-01 12:28:17 PM,182.91,0,0.0,62661245.63000002
2025-08-01 12:28:20 PM,182.91,500,91455.0,62752700.63000002
2025-08-01 12:28:41 PM,183.58,0,0.0,62752700.63000002
2025-08-01 12:28:42 PM,183.58,100,18358.0,62771058.63000002
2025-08-01 12:28:47 PM,183.58,268,49199.44,62820258.070000015
2025-08-01 12:28:49 PM,182.75,0,0.0,62820258.070000015
2025-08-01 12:28:50 PM,182.75,16,2924.0,62823182.070000015
2025-08-01 12:29:44 PM,183.56,0,0.0,62823182.070000015
2025-08-01 12:29:45 PM,183.56,150,27534.0,62850716.070000015
2025-08-01 12:29:51 PM,183.42,0,0.0,62850716.070000015
2025-08-01 12:29:52 PM,183.42,10,1834.1999999999998,62852550.27000002
2025-08-01 12:30:12 PM,183.42,540,99046.79999999999,62951597.070000015
2025-08-01 12:30:26 PM,183.41,0,0.0,62951597.070000015
2025-08-01 12:30:27 PM,183.41,39,7152.99,62958750.06000002
2025-08-01 12:31:06 PM,183.0,86,15738.0,62974488.06000002
2025-08-01 12:31:12 PM,183.37,0,0.0,62974488.06000002
2025-08-01 12:31:13 PM,183.37,1,183.37,62974671.430000015
2025-08-01 12:31:54 PM,183.37,350,64179.5,63038850.930000015
2025-08-01 12:32:00 PM,183.3,100,18330.0,63057180.930000015
2025-08-01 12:32:04 PM,183.43,0,0.0,63057180.930000015
2025-08-01 12:32:05 PM,183.43,1,183.43,63057364.360000014
2025-08-01 12:32:32 PM,182.5,0,0.0,63057364.360000014
2025-08-01 12:32:36 PM,182.5,2500,456250.0,63513614.360000014
2025-08-01 12:33:24 PM,182.51,0,0.0,63513614.360000014
2025-08-01 12:33:25 PM,182.51,50,9125.5,63522739.860000014
2025-08-01 12:33:58 PM,183.42,0,0.0,63522739.860000014
2025-08-01 12:34:01 PM,183.42,3,550.26,63523290.12000001
2025-08-01 12:34:11 PM,183.42,6,1100.52,63524390.640000015
2025-08-01 12:34:50 PM,182.57,0,0.0,63524390.640000015
2025-08-01 12:34:52 PM,182.57,5,912.8499999999999,63525303.49000002
2025-08-01 12:35:16 PM,183.41,0,0.0,63525303.49000002
2025-08-01 12:35:17 PM,183.41,5,917.05,63526220.540000014
2025-08-01 12:36:16 PM,182.57,15,2738.5499999999997,63528959.09000001
2025-08-01 12:36:51 PM,182.57,1,182.57,63529141.66000001
2025-08-01 12:36:59 PM,183.41,0,0.0,63529141.66000001
2025-08-01 12:37:01 PM,183.41,26,4768.66,63533910.32000001
2025-08-01 12:37:49 PM,183.4,0,0.0,63533910.32000001
2025-08-01 12:37:51 PM,183.4,23,4218.2,63538128.52000001
2025-08-01 12:38:11 PM,183.39,0,0.0,63538128.52000001
2025-08-01 12:38:11 PM,183.39,11,2017.29,63540145.81000001
2025-08-01 12:38:45 PM,183.38,0,0.0,63540145.81000001
2025-08-01 12:38:47 PM,183.38,21,3850.98,63543996.79000001
2025-08-01 12:39:00 PM,183.38,150,27507.0,63571503.79000001
2025-08-01 12:39:29 PM,183.38,32,5868.16,63577371.95
2025-08-01 12:40:35 PM,183.38,30,5501.4,63582873.35
2025-08-01 12:41:28 PM,183.44,700,128408.0,63711281.35
2025-08-01 12:41:53 PM,183.01,200,36602.0,63747883.35
2025-08-01 12:43:54 PM,182.72,0,0.0,63747883.35
2025-08-01 12:43:56 PM,182.72,73,13338.56,63761221.910000004
2025-08-01 12:45:10 PM,183.38,9,1650.42,63762872.330000006
2025-08-01 12:45:12 PM,182.98,0,0.0,63762872.330000006
2025-08-01 12:45:15 PM,182.98,397,72643.06,63835515.39000001
2025-08-01 12:45:38 PM,183.0,0,0.0,63835515.39000001
2025-08-01 12:45:41 PM,183.0,1,183.0,63835698.39000001
2025-08-01 12:46:04 PM,183.3,0,0.0,63835698.39000001
2025-08-01 12:46:05 PM,183.3,3,549.9000000000001,63836248.29000001
2025-08-01 12:46:10 PM,183.0,0,0.0,63836248.29000001
2025-08-01 12:46:10 PM,183.0,151,27633.0,63863881.29000001
2025-08-01 12:47:10 PM,182.51,0,0.0,63863881.29000001
2025-08-01 12:47:12 PM,182.51,1088,198570.88,64062452.17000001
2025-08-01 12:47:40 PM,183.24,0,0.0,64062452.17000001
2025-08-01 12:47:42 PM,183.24,1,183.24,64062635.41000001
2025-08-01 12:48:44 PM,183.33,0,0.0,64062635.41000001
2025-08-01 12:48:48 PM,183.33,2200,403326.0,64465961.41000001
2025-08-01 12:50:38 PM,184.25,0,0.0,64465961.41000001
2025-08-01 12:50:38 PM,184.25,21992,4052026.0,68517987.41000001
2025-08-01 12:50:46 PM,184.02,0,0.0,68517987.41000001
2025-08-01 12:50:49 PM,184.02,1062,195429.24000000002,68713416.65
2025-08-01 12:51:06 PM,183.65,0,0.0,68713416.65
2025-08-01 12:51:09 PM,183.65,48,8815.2,68722231.85000001
2025-08-01 12:51:17 PM,183.57,0,0.0,68722231.85000001
2025-08-01 12:51:20 PM,183.6,342,62791.2,68785023.05000001
2025-08-01 12:51:25 PM,183.6,90,16524.0,68801547.05000001
2025-08-01 12:51:34 PM,185.0,0,0.0,68801547.05000001
2025-08-01 12:51:36 PM,185.0,3842,710770.0,69512317.05000001
2025-08-01 12:51:56 PM,184.0,2864,526976.0,70039293.05000001
2025-08-01 12:52:00 PM,183.8,97,17828.600000000002,70057121.65
2025-08-01 12:52:02 PM,183.21,0,0.0,70057121.65
2025-08-01 12:52:05 PM,183.21,2187,400680.27,70457801.92
2025-08-01 12:52:14 PM,183.13,0,0.0,70457801.92
2025-08-01 12:52:14 PM,183.13,500,91565.0,70549366.92
2025-08-01 12:52:24 PM,183.65,0,0.0,70549366.92
2025-08-01 12:52:24 PM,183.65,1,183.65,70549550.57000001
2025-08-01 12:52:44 PM,183.77,0,0.0,70549550.57000001
2025-08-01 12:52:45 PM,183.77,200,36754.0,70586304.57000001
2025-08-01 12:53:12 PM,183.95,0,0.0,70586304.57000001
2025-08-01 12:53:14 PM,183.95,50,9197.5,70595502.07000001
2025-08-01 12:53:24 PM,184.04,850,156434.0,70751936.07000001
2025-08-01 12:54:24 PM,184.03,0,0.0,70751936.07000001
2025-08-01 12:54:24 PM,184.03,50,9201.5,70761137.57000001
2025-08-01 12:54:39 PM,184.03,30,5520.9,70766658.47000001
2025-08-01 12:57:12 PM,184.03,10,1840.3,70768498.77000001
2025-08-01 12:57:12 PM,184.03,1,184.03,70768682.80000001
2025-08-01 12:58:46 PM,183.99,0,0.0,70768682.80000001
2025-08-01 12:58:47 PM,183.99,25,4599.75,70773282.55000001
2025-08-01 12:59:06 PM,183.54,0,0.0,70773282.55000001
2025-08-01 12:59:08 PM,183.54,76,13949.039999999999,70787231.59000002
2025-08-01 12:59:18 PM,183.2,100,18320.0,70805551.59000002
2025-08-01 12:59:36 PM,183.11,0,0.0,70805551.59000002
2025-08-01 12:59:38 PM,183.11,49,8972.390000000001,70814523.98000002
2025-08-01 12:59:46 PM,183.3,0,0.0,70814523.98000002
2025-08-01 12:59:48 PM,184.0,0,0.0,70814523.98000002
2025-08-01 12:59:49 PM,184.0,1562,287408.0,71101931.98000002
2025-08-01 01:03:23 PM,183.31,0,0.0,71101931.98000002
2025-08-01 01:03:24 PM,183.31,1814,332524.34,71434456.32000002
2025-08-01 01:03:59 PM,183.49,0,0.0,71434456.32000002
2025-08-01 01:04:02 PM,183.49,405,74313.45,71508769.77000003
2025-08-01 01:05:13 PM,183.0,0,0.0,71508769.77000003
2025-08-01 01:05:16 PM,183.0,50,9150.0,71517919.77000003
2025-08-01 01:05:48 PM,183.55,15,2753.25,71520673.02000003
2025-08-01 01:06:02 PM,183.55,32,5873.6,71526546.62000002
2025-08-01 01:06:08 PM,183.55,100,18355.0,71544901.62000002
2025-08-01 01:06:21 PM,183.0,0,0.0,71544901.62000002
2025-08-01 01:06:23 PM,183.0,10,1830.0,71546731.62000002
2025-08-01 01:06:48 PM,183.55,0,0.0,71546731.62000002
2025-08-01 01:06:49 PM,183.55,10,1835.5,71548567.12000002
2025-08-01 01:10:20 PM,183.0,0,0.0,71548567.12000002
2025-08-01 01:10:21 PM,183.0,150,27450.0,71576017.12000002
2025-08-01 01:13:12 PM,183.0,50,9150.0,71585167.12000002
2025-08-01 01:13:44 PM,183.5,0,0.0,71585167.12000002
2025-08-01 01:13:45 PM,183.5,501,91933.5,71677100.62000002
2025-08-01 01:14:14 PM,183.96,0,0.0,71677100.62000002
2025-08-01 01:14:16 PM,183.96,2,367.92,71677468.54000002
2025-08-01 01:15:17 PM,183.96,20,3679.2000000000003,71681147.74000002
2025-08-01 01:16:28 PM,183.96,1,183.96,71681331.70000002
2025-08-01 01:17:13 PM,183.96,10,1839.6000000000001,71683171.30000001
2025-08-01 01:17:27 PM,183.96,4,735.84,71683907.14000002
2025-08-01 01:18:22 PM,183.51,0,0.0,71683907.14000002
2025-08-01 01:18:25 PM,183.51,800,146808.0,71830715.14000002
2025-08-01 01:19:54 PM,183.78,0,0.0,71830715.14000002
2025-08-01 01:19:54 PM,183.78,10,1837.8,71832552.94000001
2025-08-01 01:20:12 PM,183.43,0,0.0,71832552.94000001
2025-08-01 01:20:14 PM,183.43,20,3668.6000000000004,71836221.54
2025-08-01 01:20:39 PM,183.78,50,9189.0,71845410.54
2025-08-01 01:22:22 PM,183.7,1,183.7,71845594.24000001
2025-08-01 01:25:43 PM,183.37,0,0.0,71845594.24000001
2025-08-01 01:25:46 PM,183.37,1,183.37,71845777.61000001
2025-08-01 01:26:19 PM,183.89,0,0.0,71845777.61000001
2025-08-01 01:26:21 PM,183.89,3,551.67,71846329.28000002
2025-08-01 01:27:11 PM,183.39,0,0.0,71846329.28000002
2025-08-01 01:27:16 PM,183.39,1,183.39,71846512.67000002
2025-08-01 01:28:20 PM,183.7,0,0.0,71846512.67000002
2025-08-01 01:28:23 PM,183.7,393,72194.09999999999,71918706.77000001
2025-08-01 01:30:46 PM,184.0,0,0.0,71918706.77000001
2025-08-01 01:30:47 PM,184.0,107,19688.0,71938394.77000001
2025-08-01 01:30:57 PM,184.0,277,50968.0,71989362.77000001
2025-08-01 01:30:58 PM,184.0,500,92000.0,72081362.77000001
2025-08-01 01:31:07 PM,184.0,180,33120.0,72114482.77000001
2025-08-01 01:32:46 PM,184.0,43,7912.0,72122394.77000001
2025-08-01 01:32:48 PM,183.37,0,0.0,72122394.77000001
2025-08-01 01:32:51 PM,183.37,1425,261302.25,72383697.02000001
2025-08-01 01:33:18 PM,183.62,0,0.0,72383697.02000001
2025-08-01 01:33:21 PM,183.62,175,32133.5,72415830.52000001
2025-08-01 01:35:19 PM,183.59,0,0.0,72415830.52000001
2025-08-01 01:35:20 PM,183.59,22,4038.98,72419869.50000001
2025-08-01 01:36:54 PM,183.89,0,0.0,72419869.50000001
2025-08-01 01:36:57 PM,183.89,27,4965.03,72424834.53000002
2025-08-01 01:37:34 PM,183.85,0,0.0,72424834.53000002
2025-08-01 01:37:36 PM,183.85,1269,233305.65,72658140.18000002
2025-08-01 01:37:40 PM,183.9,0,0.0,72658140.18000002
2025-08-01 01:37:41 PM,183.9,42,7723.8,72665863.98000002
2025-08-01 01:38:34 PM,183.9,500,91950.0,72757813.98000002
2025-08-01 01:38:50 PM,183.89,0,0.0,72757813.98000002
2025-08-01 01:38:51 PM,183.89,39,7171.709999999999,72764985.69000001
2025-08-01 01:39:06 PM,183.45,0,0.0,72764985.69000001
2025-08-01 01:39:07 PM,183.45,411,75397.95,72840383.64000002
2025-08-01 01:39:10 PM,183.37,0,0.0,72840383.64000002
2025-08-01 01:39:13 PM,183.37,46,8435.02,72848818.66000001
2025-08-01 01:39:18 PM,183.37,233,42725.21,72891543.87
2025-08-01 01:39:30 PM,183.07,0,0.0,72891543.87
2025-08-01 01:39:33 PM,183.07,9845,1802324.15,74693868.02000001
2025-08-01 01:39:42 PM,182.66,0,0.0,74693868.02000001
2025-08-01 01:39:43 PM,182.66,152,27764.32,74721632.34
2025-08-01 01:40:18 PM,183.75,0,0.0,74721632.34
2025-08-01 01:40:18 PM,183.74,0,0.0,74721632.34
2025-08-01 01:40:19 PM,183.74,343,63022.82,74784655.16
2025-08-01 01:41:32 PM,183.67,0,0.0,74784655.16
2025-08-01 01:41:33 PM,183.67,10,1836.6999999999998,74786491.86
2025-08-01 01:42:12 PM,182.76,2,365.52,74786857.38
2025-08-01 01:42:37 PM,182.51,2000,365020.0,75151877.38
2025-08-01 01:42:54 PM,182.59,0,0.0,75151877.38
2025-08-01 01:42:57 PM,182.59,227,41447.93,75193325.31
2025-08-01 01:43:24 PM,182.61,0,0.0,75193325.31
2025-08-01 01:43:26 PM,182.61,500,91305.0,75284630.31
2025-08-01 01:43:54 PM,183.41,0,0.0,75284630.31
2025-08-01 01:43:56 PM,183.41,10,1834.1,75286464.41
2025-08-01 01:44:01 PM,183.41,2,366.82,75286831.22999999
2025-08-01 01:44:52 PM,183.49,0,0.0,75286831.22999999
2025-08-01 01:44:56 PM,183.49,75,13761.75,75300592.97999999
2025-08-01 01:45:46 PM,183.49,18,3302.82,75303895.79999998
2025-08-01 01:46:15 PM,183.49,26,4770.74,75308666.53999998
2025-08-01 01:47:14 PM,183.4,0,0.0,75308666.53999998
2025-08-01 01:47:16 PM,183.4,22,4034.8,75312701.33999997
2025-08-01 01:47:24 PM,182.63,0,0.0,75312701.33999997
2025-08-01 01:47:26 PM,182.63,114,20819.82,75333521.15999997
2025-08-01 01:47:56 PM,183.4,0,0.0,75333521.15999997
2025-08-01 01:48:00 PM,183.4,51,9353.4,75342874.55999997
2025-08-01 01:49:24 PM,182.76,500,91380.0,75434254.55999997
2025-08-01 01:49:32 PM,182.64,0,0.0,75434254.55999997
2025-08-01 01:49:33 PM,182.64,250,45660.0,75479914.55999997
2025-08-01 01:53:08 PM,183.49,1000,183490.0,75663404.55999997
2025-08-01 01:54:58 PM,183.4,1445,265013.0,75928417.55999997
2025-08-01 01:58:40 PM,183.4,100,18340.0,75946757.55999997
2025-08-01 01:59:26 PM,183.4,500,91700.0,76038457.55999997
2025-08-01 02:00:48 PM,183.46,0,0.0,76038457.55999997
2025-08-01 02:00:50 PM,183.46,90,16511.4,76054968.95999998
2025-08-01 02:01:29 PM,183.46,500,91730.0,76146698.95999998
2025-08-01 02:02:22 PM,183.46,5,917.3000000000001,76147616.25999998
2025-08-01 02:02:52 PM,183.46,378,69347.88,76216964.13999997
2025-08-01 02:02:59 PM,183.49,0,0.0,76216964.13999997
2025-08-01 02:03:02 PM,183.49,1,183.49,76217147.62999997
2025-08-01 02:03:10 PM,183.02,0,0.0,76217147.62999997
2025-08-01 02:03:13 PM,183.02,100,18302.0,76235449.62999997
2025-08-01 02:03:56 PM,182.76,0,0.0,76235449.62999997
2025-08-01 02:03:58 PM,182.76,400,73104.0,76308553.62999997
2025-08-01 02:05:38 PM,183.29,0,0.0,76308553.62999997
2025-08-01 02:05:39 PM,183.29,200,36658.0,76345211.62999997
2025-08-01 02:05:57 PM,182.65,0,0.0,76345211.62999997
2025-08-01 02:05:58 PM,182.65,500,91325.0,76436536.62999997
2025-08-01 02:06:03 PM,182.64,60,10958.4,76447495.02999997
2025-08-01 02:06:23 PM,182.64,500,91320.0,76538815.02999997
2025-08-01 02:06:27 PM,183.01,0,0.0,76538815.02999997
2025-08-01 02:06:28 PM,183.01,10,1830.1,76540645.12999997
2025-08-01 02:06:29 PM,183.01,114,20863.14,76561508.26999997
2025-08-01 02:07:40 PM,183.0,0,0.0,76561508.26999997
2025-08-01 02:07:41 PM,183.0,20,3660.0,76565168.26999997
2025-08-01 02:08:17 PM,182.64,0,0.0,76565168.26999997
2025-08-01 02:08:22 PM,182.64,400,73056.0,76638224.26999997
2025-08-01 02:08:33 PM,183.0,0,0.0,76638224.26999997
2025-08-01 02:08:37 PM,183.0,20,3660.0,76641884.26999997
2025-08-01 02:10:23 PM,182.99,75,13724.25,76655608.51999997
2025-08-01 02:10:38 PM,182.9,0,0.0,76655608.51999997
2025-08-01 02:10:38 PM,182.9,340,62186.0,76717794.51999997
2025-08-01 02:10:43 PM,182.9,1,182.9,76717977.41999997
2025-08-01 02:10:50 PM,182.64,0,0.0,76717977.41999997
2025-08-01 02:10:53 PM,182.64,99,18081.359999999997,76736058.77999997
2025-08-01 02:11:41 PM,182.9,32,5852.8,76741911.57999997
2025-08-01 02:11:43 PM,182.75,0,0.0,76741911.57999997
2025-08-01 02:11:46 PM,182.75,100,18275.0,76760186.57999997
2025-08-01 02:12:12 PM,182.76,0,0.0,76760186.57999997
2025-08-01 02:12:12 PM,182.76,51,9320.76,76769507.33999997
2025-08-01 02:12:32 PM,183.0,250,45750.0,76815257.33999997
2025-08-01 02:13:02 PM,182.75,0,0.0,76815257.33999997
2025-08-01 02:13:02 PM,182.75,120,21930.0,76837187.33999997
2025-08-01 02:14:28 PM,183.0,0,0.0,76837187.33999997
2025-08-01 02:14:29 PM,183.0,2,366.0,76837553.33999997
2025-08-01 02:17:36 PM,182.99,0,0.0,76837553.33999997
2025-08-01 02:17:38 PM,182.99,4,731.96,76838285.29999997
2025-08-01 02:17:54 PM,182.99,1,182.99,76838468.28999996
2025-08-01 02:18:34 PM,182.75,0,0.0,76838468.28999996
2025-08-01 02:18:35 PM,182.75,7,1279.25,76839747.53999996
2025-08-01 02:19:04 PM,182.39,6127,1117503.53,77957251.06999996
2025-08-01 02:20:23 PM,182.07,500,91035.0,78048286.06999996
2025-08-01 02:20:24 PM,182.05,0,0.0,78048286.06999996
2025-08-01 02:20:28 PM,182.05,353,64263.65,78112549.71999997
2025-08-01 02:20:33 PM,182.05,128,23302.4,78135852.11999997
2025-08-01 02:20:42 PM,182.41,0,0.0,78135852.11999997
2025-08-01 02:20:43 PM,182.41,264,48156.24,78184008.35999997
2025-08-01 02:21:09 PM,182.4,2,364.8,78184373.15999997
2025-08-01 02:21:40 PM,182.4,2,364.8,78184737.95999996
2025-08-01 02:23:46 PM,182.0,0,0.0,78184737.95999996
2025-08-01 02:23:48 PM,182.0,1349,245518.0,78430255.95999996
2025-08-01 02:24:12 PM,181.75,0,0.0,78430255.95999996
2025-08-01 02:24:15 PM,181.75,253,45982.75,78476238.70999996
2025-08-01 02:24:23 PM,181.81,0,0.0,78476238.70999996
2025-08-01 02:24:25 PM,181.81,30,5454.3,78481693.00999996
2025-08-01 02:24:46 PM,181.81,5,909.05,78482602.05999996
2025-08-01 02:24:57 PM,181.81,5,909.05,78483511.10999995
2025-08-01 02:25:02 PM,181.61,0,0.0,78483511.10999995
2025-08-01 02:25:02 PM,181.61,27,4903.47,78488414.57999995
2025-08-01 02:25:11 PM,181.81,0,0.0,78488414.57999995
2025-08-01 02:25:13 PM,181.81,1,181.81,78488596.38999996
2025-08-01 02:25:18 PM,181.81,1,181.81,78488778.19999996
2025-08-01 02:25:27 PM,181.72,0,0.0,78488778.19999996
2025-08-01 02:25:29 PM,181.72,1,181.72,78488959.91999996
2025-08-01 02:25:36 PM,181.61,0,0.0,78488959.91999996
2025-08-01 02:25:40 PM,181.61,59,10714.990000000002,78499674.90999995
2025-08-01 02:25:54 PM,181.11,0,0.0,78499674.90999995
2025-08-01 02:25:56 PM,181.11,2000,362220.0,78861894.90999995
2025-08-01 02:25:58 PM,181.61,0,0.0,78861894.90999995
2025-08-01 02:26:00 PM,181.14,0,0.0,78861894.90999995
2025-08-01 02:26:01 PM,181.14,10874,1969716.3599999999,80831611.26999995
2025-08-01 02:26:09 PM,181.0,0,0.0,80831611.26999995
2025-08-01 02:26:12 PM,181.0,1000,181000.0,81012611.26999995
2025-08-01 02:26:26 PM,181.01,0,0.0,81012611.26999995
2025-08-01 02:26:27 PM,181.01,1,181.01,81012792.27999996
2025-08-01 02:26:53 PM,181.01,1010,182820.09999999998,81195612.37999995
2025-08-01 02:27:11 PM,181.01,183,33124.83,81228737.20999995
2025-08-01 02:27:21 PM,181.01,75,13575.75,81242312.95999995
2025-08-01 02:27:43 PM,181.01,50,9050.5,81251363.45999995
2025-08-01 02:27:52 PM,181.0,0,0.0,81251363.45999995
2025-08-01 02:27:53 PM,181.0,1500,271500.0,81522863.45999995
2025-08-01 02:27:58 PM,181.44,0,0.0,81522863.45999995
2025-08-01 02:27:59 PM,181.44,257,46630.08,81569493.53999995
2025-08-01 02:28:04 PM,181.0,0,0.0,81569493.53999995
2025-08-01 02:28:04 PM,181.0,1017,184077.0,81753570.53999995
2025-08-01 02:28:19 PM,181.5,0,0.0,81753570.53999995
2025-08-01 02:28:21 PM,181.5,5,907.5,81754478.03999995
2025-08-01 02:28:42 PM,181.49,11,1996.39,81756474.42999995
2025-08-01 02:28:50 PM,181.0,0,0.0,81756474.42999995
2025-08-01 02:28:52 PM,181.5,0,0.0,81756474.42999995
2025-08-01 02:28:53 PM,181.5,750,136125.0,81892599.42999995
2025-08-01 02:29:05 PM,181.5,35,6352.5,81898951.92999995
2025-08-01 02:29:38 PM,181.05,0,0.0,81898951.92999995
2025-08-01 02:29:39 PM,181.05,500,90525.0,81989476.92999995
2025-08-01 02:29:40 PM,181.0,0,0.0,81989476.92999995
2025-08-01 02:29:40 PM,181.0,800,144800.0,82134276.92999995
2025-08-01 02:29:50 PM,181.49,0,0.0,82134276.92999995
2025-08-01 02:29:50 PM,181.49,20,3629.8,82137906.72999994
2025-08-01 02:29:55 PM,181.11,0,0.0,82137906.72999994
2025-08-01 02:29:55 PM,181.11,3,543.33,82138450.05999994
2025-08-01 02:30:01 PM,181.48,1,181.48,82138631.53999995
2025-08-01 02:30:03 PM,181.04,0,0.0,82138631.53999995
2025-08-01 02:30:06 PM,181.04,810,146642.4,82285273.93999995
2025-08-01 02:30:45 PM,181.25,85,15406.25,82300680.18999995
2025-08-01 02:30:47 PM,181.4,0,0.0,82300680.18999995
2025-08-01 02:30:49 PM,181.4,1,181.4,82300861.58999996
2025-08-01 02:31:07 PM,181.49,279,50635.71,82351497.29999995
2025-08-01 02:31:17 PM,181.5,0,0.0,82351497.29999995
2025-08-01 02:31:17 PM,181.5,250,45375.0,82396872.29999995
2025-08-01 02:32:07 PM,181.75,0,0.0,82396872.29999995
2025-08-01 02:32:08 PM,181.0,0,0.0,82396872.29999995
2025-08-01 02:32:11 PM,181.0,1100,199100.0,82595972.29999995
2025-08-01 02:32:16 PM,181.63,501,90996.63,82686968.92999995
2025-08-01 02:32:21 PM,181.5,0,0.0,82686968.92999995
2025-08-01 02:32:22 PM,181.41,523,94877.43,82781846.35999995
2025-08-01 02:32:28 PM,181.61,2000,363220.0,83145066.35999995
2025-08-01 02:32:47 PM,181.7,0,0.0,83145066.35999995
2025-08-01 02:32:48 PM,182.0,500,91000.0,83236066.35999995
2025-08-01 02:33:51 PM,181.82,2,363.64,83236429.99999996
2025-08-01 02:34:11 PM,181.79,0,0.0,83236429.99999996
2025-08-01 02:34:11 PM,181.79,10,1817.8999999999999,83238247.89999996
2025-08-01 02:34:14 PM,181.36,0,0.0,83238247.89999996
2025-08-01 02:34:14 PM,181.36,75,13602.000000000002,83251849.89999996
2025-08-01 02:35:19 PM,181.37,0,0.0,83251849.89999996
2025-08-01 02:35:19 PM,181.37,4,725.48,83252575.37999997
2025-08-01 02:35:22 PM,181.69,0,0.0,83252575.37999997
2025-08-01 02:35:22 PM,181.69,43,7812.67,83260388.04999997
2025-08-01 02:35:27 PM,181.69,35,6359.15,83266747.19999997
2025-08-01 02:35:54 PM,181.37,0,0.0,83266747.19999997
2025-08-01 02:35:54 PM,181.37,300,54411.0,83321158.19999997
2025-08-01 02:35:59 PM,181.69,0,0.0,83321158.19999997
2025-08-01 02:36:00 PM,181.69,60,10901.4,83332059.59999998
2025-08-01 02:36:04 PM,181.4,0,0.0,83332059.59999998
2025-08-01 02:36:06 PM,181.4,68,12335.2,83344394.79999998
2025-08-01 02:36:37 PM,181.37,0,0.0,83344394.79999998
2025-08-01 02:36:38 PM,181.37,1,181.37,83344576.16999999
2025-08-01 02:37:32 PM,181.69,257,46694.33,83391270.49999999
2025-08-01 02:37:33 PM,181.69,243,44150.67,83435421.16999999
2025-08-01 02:37:38 PM,181.69,1000,181690.0,83617111.16999999
2025-08-01 02:37:40 PM,181.98,0,0.0,83617111.16999999
2025-08-01 02:37:42 PM,181.98,522,94993.56,83712104.72999999
2025-08-01 02:37:46 PM,181.01,0,0.0,83712104.72999999
2025-08-01 02:37:48 PM,181.01,2000,362020.0,84074124.72999999
2025-08-01 02:37:53 PM,181.01,7,1267.07,84075391.79999998
2025-08-01 02:38:04 PM,181.91,0,0.0,84075391.79999998
2025-08-01 02:38:04 PM,181.91,50,9095.5,84084487.29999998
2025-08-01 02:39:07 PM,181.26,892,161683.91999999998,84246171.21999998
2025-08-01 02:39:28 PM,181.01,0,0.0,84246171.21999998
2025-08-01 02:39:31 PM,181.01,500,90505.0,84336676.21999998
2025-08-01 02:39:34 PM,181.61,0,0.0,84336676.21999998
2025-08-01 02:39:36 PM,181.61,55,9988.550000000001,84346664.76999998
2025-08-01 02:39:58 PM,181.58,5,907.9000000000001,84347572.66999999
2025-08-01 02:40:15 PM,181.58,20,3631.6000000000004,84351204.26999998
2025-08-01 02:41:18 PM,181.91,0,0.0,84351204.26999998
2025-08-01 02:41:21 PM,181.91,25,4547.75,84355752.01999998
2025-08-01 02:42:29 PM,181.2,0,0.0,84355752.01999998
2025-08-01 02:42:30 PM,181.2,5000,906000.0,85261752.01999998
2025-08-01 02:42:42 PM,181.21,0,0.0,85261752.01999998
2025-08-01 02:42:45 PM,181.21,50,9060.5,85270812.51999998
2025-08-01 02:43:02 PM,181.2,400,72480.0,85343292.51999998
2025-08-01 02:43:50 PM,181.2,2118,383781.6,85727074.11999997
2025-08-01 02:43:56 PM,181.2,234,42400.799999999996,85769474.91999997
2025-08-01 02:44:08 PM,181.01,0,0.0,85769474.91999997
2025-08-01 02:44:08 PM,181.01,250,45252.5,85814727.41999997
2025-08-01 02:44:14 PM,181.01,1000,181010.0,85995737.41999997
2025-08-01 02:44:32 PM,181.6,0,0.0,85995737.41999997
2025-08-01 02:44:36 PM,181.6,1,181.6,85995919.01999997
2025-08-01 02:44:50 PM,181.2,0,0.0,85995919.01999997
2025-08-01 02:44:52 PM,181.2,327,59252.399999999994,86055171.41999997
2025-08-01 02:44:58 PM,181.2,200,36240.0,86091411.41999997
2025-08-01 02:45:08 PM,181.01,0,0.0,86091411.41999997
2025-08-01 02:45:10 PM,181.01,3230,584662.2999999999,86676073.71999997
2025-08-01 02:45:16 PM,181.44,25,4536.0,86680609.71999997
2025-08-01 02:45:41 PM,181.6,0,0.0,86680609.71999997
2025-08-01 02:45:43 PM,181.6,80,14528.0,86695137.71999997
2025-08-01 02:45:43 PM,181.59,1,181.59,86695319.30999997
2025-08-01 02:46:04 PM,181.01,353,63896.53,86759215.83999997
2025-08-01 02:46:58 PM,181.2,0,0.0,86759215.83999997
2025-08-01 02:47:00 PM,181.2,15,2718.0,86761933.83999997
2025-08-01 02:47:18 PM,181.52,20,3630.4,86765564.23999998
2025-08-01 02:48:10 PM,181.52,30,5445.6,86771009.83999997
2025-08-01 02:48:14 PM,181.59,0,0.0,86771009.83999997
2025-08-01 02:48:15 PM,181.59,2,363.18,86771373.01999998
2025-08-01 02:48:18 PM,181.97,0,0.0,86771373.01999998
2025-08-01 02:48:21 PM,181.97,128,23292.16,86794665.17999998
2025-08-01 02:48:26 PM,181.53,3,544.59,86795209.76999998
2025-08-01 02:49:05 PM,181.75,7,1272.25,86796482.01999998
2025-08-01 02:49:22 PM,182.06,470,85568.2,86882050.21999998
2025-08-01 02:49:33 PM,181.93,0,0.0,86882050.21999998
2025-08-01 02:49:33 PM,181.93,8,1455.44,86883505.65999998
2025-08-01 02:49:35 PM,181.6,0,0.0,86883505.65999998
2025-08-01 02:49:39 PM,181.6,131,23789.6,86907295.25999998
2025-08-01 02:50:02 PM,181.97,0,0.0,86907295.25999998
2025-08-01 02:50:06 PM,181.97,7,1273.79,86908569.04999998
2025-08-01 02:50:12 PM,181.53,20,3630.6,86912199.64999998
2025-08-01 02:50:45 PM,181.97,0,0.0,86912199.64999998
2025-08-01 02:50:49 PM,181.54,0,0.0,86912199.64999998
2025-08-01 02:50:50 PM,181.54,108,19606.32,86931805.96999997
2025-08-01 02:52:14 PM,181.63,0,0.0,86931805.96999997
2025-08-01 02:52:16 PM,181.63,1,181.63,86931987.59999996
2025-08-01 02:52:35 PM,182.0,0,0.0,86931987.59999996
2025-08-01 02:52:38 PM,182.0,11,2002.0,86933989.59999996
2025-08-01 02:52:54 PM,182.0,10,1820.0,86935809.59999996
2025-08-01 02:54:34 PM,181.7,0,0.0,86935809.59999996
2025-08-01 02:54:34 PM,181.7,29,5269.299999999999,86941078.89999996
2025-08-01 02:55:23 PM,181.63,0,0.0,86941078.89999996
2025-08-01 02:55:25 PM,181.63,1013,183991.19,87125070.08999996
2025-08-01 02:55:35 PM,181.54,0,0.0,87125070.08999996
2025-08-01 02:55:36 PM,181.54,75,13615.5,87138685.58999996
2025-08-01 02:55:41 PM,181.64,1,181.64,87138867.22999996
2025-08-01 02:55:52 PM,181.54,134,24326.36,87163193.58999996
2025-08-01 02:56:26 PM,181.6,0,0.0,87163193.58999996
2025-08-01 02:56:26 PM,181.6,100,18160.0,87181353.58999996
2025-08-01 02:56:51 PM,181.5,0,0.0,87181353.58999996
2025-08-01 02:56:53 PM,181.5,5,907.5,87182261.08999996
2025-08-01 02:57:15 PM,181.5,100,18150.0,87200411.08999996
2025-08-01 02:57:42 PM,181.5,423,76774.5,87277185.58999996
2025-08-01 02:57:53 PM,181.5,2000,363000.0,87640185.58999996
2025-08-01 02:57:59 PM,181.49,0,0.0,87640185.58999996
2025-08-01 02:58:00 PM,181.49,485,88022.65000000001,87728208.23999996
2025-08-01 02:58:19 PM,181.24,0,0.0,87728208.23999996
2025-08-01 02:58:22 PM,181.24,1000,181240.0,87909448.23999996
2025-08-01 02:59:01 PM,181.25,0,0.0,87909448.23999996
2025-08-01 02:59:01 PM,181.25,200,36250.0,87945698.23999996
2025-08-01 02:59:25 PM,181.5,158,28677.0,87974375.23999996
2025-08-01 02:59:35 PM,181.41,0,0.0,87974375.23999996
2025-08-01 02:59:36 PM,181.41,41,7437.8099999999995,87981813.04999997
2025-08-01 02:59:52 PM,181.54,200,36308.0,88018121.04999997
2025-08-01 03:00:01 PM,181.47,0,0.0,88018121.04999997
2025-08-01 03:00:04 PM,181.54,15,2723.1,88020844.14999996
2025-08-01 03:00:06 PM,181.48,0,0.0,88020844.14999996
2025-08-01 03:00:10 PM,181.48,9,1633.32,88022477.46999995
2025-08-01 03:00:12 PM,181.52,1,181.52,88022658.98999995
2025-08-01 03:00:24 PM,181.53,1,181.53,88022840.51999995
2025-08-01 03:00:34 PM,181.54,1,181.54,88023022.05999996
2025-08-01 03:00:42 PM,181.5,1300,235950.0,88258972.05999996
2025-08-01 03:00:45 PM,181.5,485,88027.5,88346999.55999996
2025-08-01 03:01:03 PM,181.6,19,3450.4,88350449.95999996
2025-08-01 03:01:06 PM,181.5,0,0.0,88350449.95999996
2025-08-01 03:01:06 PM,181.5,481,87301.5,88437751.45999996
2025-08-01 03:01:10 PM,181.52,214,38845.28,88476596.73999996
2025-08-01 03:01:12 PM,181.6,0,0.0,88476596.73999996
2025-08-01 03:01:12 PM,181.6,1,181.6,88476778.33999996
2025-08-01 03:01:18 PM,181.52,0,0.0,88476778.33999996
2025-08-01 03:01:19 PM,181.52,786,142674.72,88619453.05999996
2025-08-01 03:01:24 PM,181.51,0,0.0,88619453.05999996
2025-08-01 03:01:25 PM,181.51,1,181.51,88619634.56999996
2025-08-01 03:01:34 PM,181.51,4,726.04,88620360.60999997
2025-08-01 03:01:43 PM,181.51,10,1815.1,88622175.70999996
2025-08-01 03:01:46 PM,181.51,1,181.51,88622357.21999997
2025-08-01 03:01:58 PM,181.58,1,181.58,88622538.79999997
2025-08-01 03:02:01 PM,181.58,1,181.58,88622720.37999997
2025-08-01 03:02:04 PM,181.58,5,907.9000000000001,88623628.27999997
2025-08-01 03:02:08 PM,181.58,1,181.58,88623809.85999997
2025-08-01 03:02:14 PM,181.52,1,181.52,88623991.37999997
2025-08-01 03:02:24 PM,181.58,0,0.0,88623991.37999997
2025-08-01 03:02:26 PM,181.58,13,2360.54,88626351.91999997
2025-08-01 03:02:28 PM,181.58,77,13981.660000000002,88640333.57999997
2025-08-01 03:02:41 PM,181.58,1,181.58,88640515.15999997
2025-08-01 03:02:53 PM,181.56,1,181.56,88640696.71999997
2025-08-01 03:02:56 PM,181.29,1,181.29,88640878.00999998
2025-08-01 03:03:00 PM,181.54,0,0.0,88640878.00999998
2025-08-01 03:03:02 PM,181.55,8,1452.4,88642330.40999998
2025-08-01 03:03:09 PM,181.51,1,181.51,88642511.91999999
2025-08-01 03:03:15 PM,181.3,111,20124.300000000003,88662636.21999998
2025-08-01 03:03:24 PM,181.5,0,0.0,88662636.21999998
2025-08-01 03:03:24 PM,181.5,1,181.5,88662817.71999998
2025-08-01 03:03:36 PM,181.53,1,181.53,88662999.24999999
2025-08-01 03:03:48 PM,181.5,0,0.0,88662999.24999999
2025-08-01 03:03:48 PM,181.5,1,181.5,88663180.74999999
2025-08-01 03:03:57 PM,181.5,2,363.0,88663543.74999999
2025-08-01 03:04:00 PM,182.05,4437,807755.8500000001,89471299.59999998
2025-08-01 03:04:00 PM,182.28,0,0.0,89471299.59999998
2025-08-01 03:04:03 PM,182.33,140,25526.2,89496825.79999998
2025-08-01 03:04:09 PM,182.16,78,14208.48,89511034.27999999
2025-08-01 03:04:16 PM,182.16,62,11293.92,89522328.19999999
2025-08-01 03:04:22 PM,182.0,1747,317954.0,89840282.19999999
2025-08-01 03:04:25 PM,182.02,0,0.0,89840282.19999999
2025-08-01 03:04:25 PM,182.02,23,4186.46,89844468.65999998
2025-08-01 03:04:37 PM,181.73,1,181.73,89844650.38999999
2025-08-01 03:04:49 PM,181.52,289,52459.280000000006,89897109.66999999
2025-08-01 03:04:55 PM,181.44,1,181.44,89897291.10999998
2025-08-01 03:04:58 PM,181.44,119,21591.36,89918882.46999998
2025-08-01 03:05:01 PM,181.23,468,84815.64,90003698.10999998
2025-08-01 03:05:03 PM,181.44,0,0.0,90003698.10999998
2025-08-01 03:05:05 PM,181.44,44,7983.36,90011681.46999998
2025-08-01 03:05:09 PM,181.43,0,0.0,90011681.46999998
2025-08-01 03:05:11 PM,181.43,1,181.43,90011862.89999999
2025-08-01 03:05:24 PM,181.52,1,181.52,90012044.41999999
2025-08-01 03:05:27 PM,181.52,1,181.52,90012225.93999998
2025-08-01 03:05:36 PM,181.51,0,0.0,90012225.93999998
2025-08-01 03:05:37 PM,181.51,1,181.51,90012407.44999999
2025-08-01 03:05:49 PM,181.51,1,181.51,90012588.96
2025-08-01 03:05:52 PM,181.52,464,84225.28,90096814.24
2025-08-01 03:05:55 PM,181.52,1,181.52,90096995.75999999
2025-08-01 03:05:58 PM,181.52,1,181.52,90097177.27999999
2025-08-01 03:06:01 PM,181.52,2,363.04,90097540.32
2025-08-01 03:06:04 PM,181.35,35,6347.25,90103887.57
2025-08-01 03:06:17 PM,181.02,1000,181020.0,90284907.57
2025-08-01 03:06:26 PM,181.51,1,181.51,90285089.08
2025-08-01 03:06:30 PM,181.01,0,0.0,90285089.08
2025-08-01 03:06:32 PM,181.01,341,61724.409999999996,90346813.49
2025-08-01 03:06:37 PM,181.25,0,0.0,90346813.49
2025-08-01 03:06:39 PM,181.25,1,181.25,90346994.74
2025-08-01 03:06:48 PM,181.25,1,181.25,90347175.99
2025-08-01 03:06:54 PM,181.25,24,4350.0,90351525.99
2025-08-01 03:07:00 PM,181.25,2,362.5,90351888.49
2025-08-01 03:07:03 PM,181.01,90,16290.9,90368179.39
2025-08-01 03:07:13 PM,181.01,1000,181010.0,90549189.39
2025-08-01 03:07:16 PM,181.25,2,362.5,90549551.89
2025-08-01 03:07:19 PM,181.0,2819,510239.0,91059790.89
2025-08-01 03:07:22 PM,181.01,400,72404.0,91132194.89
2025-08-01 03:07:24 PM,181.24,0,0.0,91132194.89
2025-08-01 03:07:25 PM,181.24,1,181.24,91132376.13
2025-08-01 03:07:28 PM,181.01,10,1810.1,91134186.22999999
2025-08-01 03:07:37 PM,181.25,0,0.0,91134186.22999999
2025-08-01 03:07:37 PM,181.25,23,4168.75,91138354.97999999
2025-08-01 03:07:39 PM,180.9,0,0.0,91138354.97999999
2025-08-01 03:07:41 PM,180.9,33561,6071184.9,97209539.88
2025-08-01 03:07:43 PM,181.04,1,181.04,97209720.92
2025-08-01 03:07:47 PM,180.85,71,12840.35,97222561.27
2025-08-01 03:07:53 PM,180.61,0,0.0,97222561.27
2025-08-01 03:07:53 PM,180.61,1000,180610.0,97403171.27
2025-08-01 03:07:55 PM,181.24,2,362.48,97403533.75
2025-08-01 03:08:00 PM,180.5,0,0.0,97403533.75
2025-08-01 03:08:01 PM,180.76,125,22595.0,97426128.75
2025-08-01 03:08:07 PM,180.5,0,0.0,97426128.75
2025-08-01 03:08:08 PM,180.5,25,4512.5,97430641.25
2025-08-01 03:08:18 PM,180.02,4101,738262.02,98168903.27
2025-08-01 03:08:24 PM,180.59,2,361.18,98169264.45
2025-08-01 03:08:27 PM,180.01,5000,900050.0,99069314.45
2025-08-01 03:08:30 PM,180.16,2,360.32,99069674.77
2025-08-01 03:08:43 PM,180.51,1,180.51,99069855.28
2025-08-01 03:08:55 PM,180.49,27,4873.2300000000005,99074728.51
2025-08-01 03:09:00 PM,180.17,51,9188.67,99083917.18
2025-08-01 03:09:09 PM,180.01,0,0.0,99083917.18
2025-08-01 03:09:09 PM,180.01,500,90005.0,99173922.18
2025-08-01 03:09:15 PM,180.5,1,180.5,99174102.68
2025-08-01 03:09:16 PM,180.01,0,0.0,99174102.68
2025-08-01 03:09:16 PM,180.01,250,45002.5,99219105.18
2025-08-01 03:09:19 PM,180.57,823,148609.11,99367714.29
2025-08-01 03:09:20 PM,180.8,2,361.6,99368075.89
2025-08-01 03:09:21 PM,180.62,1,180.62,99368256.51
2025-08-01 03:09:24 PM,180.8,0,0.0,99368256.51
2025-08-01 03:09:24 PM,180.8,1,180.8,99368437.31
2025-08-01 03:09:26 PM,180.86,10,1808.6000000000001,99370245.91
2025-08-01 03:09:27 PM,180.35,100102,18053395.7,117423641.61
2025-08-01 03:09:38 PM,180.86,0,0.0,117423641.61
2025-08-01 03:09:38 PM,180.86,1,180.86,117423822.47
2025-08-01 03:09:39 PM,180.86,27,4883.22,117428705.69
2025-08-01 03:09:43 PM,180.58,8,1444.64,117430150.33
2025-08-01 03:09:48 PM,180.58,1,180.58,117430330.91
2025-08-01 03:09:53 PM,180.01,0,0.0,117430330.91
2025-08-01 03:09:53 PM,180.01,1000,180010.0,117610340.91
2025-08-01 03:09:54 PM,180.57,0,0.0,117610340.91
2025-08-01 03:09:54 PM,180.57,1,180.57,117610521.47999999
2025-08-01 03:09:55 PM,180.4,1,180.4,117610701.88
2025-08-01 03:09:56 PM,181.39,14204,2576463.5599999996,120187165.44
2025-08-01 03:09:56 PM,181.35,0,0.0,120187165.44
2025-08-01 03:09:56 PM,181.35,228,41347.799999999996,120228513.24
2025-08-01 03:10:00 PM,181.0,2012,364172.0,120592685.24
2025-08-01 03:10:00 PM,181.39,1,181.39,120592866.63
2025-08-01 03:10:08 PM,180.97,1011,182960.67,120775827.3
2025-08-01 03:10:16 PM,180.94,167,30216.98,120806044.28
2025-08-01 03:10:19 PM,180.72,0,0.0,120806044.28
2025-08-01 03:10:22 PM,180.72,37,6686.64,120812730.92
2025-08-01 03:10:25 PM,180.61,0,0.0,120812730.92
2025-08-01 03:10:25 PM,180.61,1,180.61,120812911.53
2025-08-01 03:10:34 PM,180.56,0,0.0,120812911.53
2025-08-01 03:10:36 PM,180.56,1,180.56,120813092.09
2025-08-01 03:10:38 PM,180.44,2,360.88,120813452.97
2025-08-01 03:10:40 PM,180.49,0,0.0,120813452.97
2025-08-01 03:10:42 PM,180.49,215,38805.35,120852258.32
2025-08-01 03:10:45 PM,180.0,5004,900720.0,121752978.32
2025-08-01 03:10:49 PM,180.49,545,98367.05,121851345.36999999
2025-08-01 03:10:51 PM,180.38,1,180.38,121851525.74999999
2025-08-01 03:10:55 PM,180.47,7886,1423186.42,123274712.16999999
2025-08-01 03:10:57 PM,180.47,119,21475.93,123296188.1
2025-08-01 03:11:01 PM,180.5,0,0.0,123296188.1
2025-08-01 03:11:01 PM,180.5,912,164616.0,123460804.1
2025-08-01 03:11:06 PM,180.47,0,0.0,123460804.1
2025-08-01 03:11:08 PM,180.47,9849,1777449.03,125238253.13
2025-08-01 03:11:14 PM,180.49,1098,198178.02000000002,125436431.14999999
2025-08-01 03:11:23 PM,180.3,3523,635196.9,126071628.05
2025-08-01 03:11:24 PM,180.52,0,0.0,126071628.05
2025-08-01 03:11:27 PM,180.52,1,180.52,126071808.57
2025-08-01 03:11:33 PM,180.3,50,9015.0,126080823.57
2025-08-01 03:11:36 PM,180.6,50,9030.0,126089853.57
2025-08-01 03:11:40 PM,180.62,188,33956.56,126123810.13
2025-08-01 03:11:50 PM,180.75,0,0.0,126123810.13
2025-08-01 03:11:53 PM,180.75,1,180.75,126123990.88
2025-08-01 03:11:55 PM,180.62,181,32692.22,126156683.1
2025-08-01 03:11:56 PM,180.75,0,0.0,126156683.1
2025-08-01 03:11:58 PM,180.49,0,0.0,126156683.1
2025-08-01 03:11:59 PM,180.49,122,22019.780000000002,126178702.88
2025-08-01 03:12:01 PM,180.83,12,2169.96,126180872.83999999
2025-08-01 03:12:06 PM,180.83,50,9041.5,126189914.33999999
2025-08-01 03:12:12 PM,181.02,0,0.0,126189914.33999999
2025-08-01 03:12:13 PM,181.02,2914,527492.28,126717406.61999999
2025-08-01 03:12:19 PM,181.24,253,45853.72,126763260.33999999
2025-08-01 03:12:21 PM,181.24,12,2174.88,126765435.21999998
2025-08-01 03:12:25 PM,180.8,3,542.4000000000001,126765977.61999999
2025-08-01 03:12:34 PM,180.8,2,361.6,126766339.21999998
2025-08-01 03:12:38 PM,180.65,25,4516.25,126770855.46999998
2025-08-01 03:12:44 PM,180.8,1,180.8,126771036.26999998
2025-08-01 03:12:51 PM,180.51,70,12635.699999999999,126783671.96999998
2025-08-01 03:12:54 PM,180.8,1,180.8,126783852.76999998
2025-08-01 03:12:57 PM,180.8,1,180.8,126784033.56999998
2025-08-01 03:13:01 PM,180.88,37,6692.5599999999995,126790726.12999998
2025-08-01 03:13:03 PM,180.7,0,0.0,126790726.12999998
2025-08-01 03:13:04 PM,180.7,64,11564.8,126802290.92999998
2025-08-01 03:13:08 PM,181.24,1,181.24,126802472.16999997
2025-08-01 03:13:13 PM,180.87,0,0.0,126802472.16999997
2025-08-01 03:13:14 PM,180.87,1,180.87,126802653.03999998
2025-08-01 03:13:19 PM,180.49,0,0.0,126802653.03999998
2025-08-01 03:13:21 PM,180.49,54,9746.460000000001,126812399.49999997
2025-08-01 03:13:26 PM,181.18,1,181.18,126812580.67999998
2025-08-01 03:13:29 PM,181.09,1,181.09,126812761.76999998
2025-08-01 03:13:39 PM,180.99,0,0.0,126812761.76999998
2025-08-01 03:13:41 PM,180.99,39,7058.610000000001,126819820.37999998
2025-08-01 03:13:44 PM,180.99,20,3619.8,126823440.17999998
2025-08-01 03:13:45 PM,180.49,0,0.0,126823440.17999998
2025-08-01 03:13:47 PM,180.49,500,90245.0,126913685.17999998
2025-08-01 03:13:48 PM,181.0,0,0.0,126913685.17999998
2025-08-01 03:13:50 PM,181.0,125,22625.0,126936310.17999998
2025-08-01 03:13:53 PM,180.44,0,0.0,126936310.17999998
2025-08-01 03:13:53 PM,180.44,1260,227354.4,127163664.57999998
2025-08-01 03:13:56 PM,181.06,0,0.0,127163664.57999998
2025-08-01 03:13:56 PM,181.06,1,181.06,127163845.63999999
2025-08-01 03:13:59 PM,181.07,52,9415.64,127173261.27999999
2025-08-01 03:14:01 PM,180.81,0,0.0,127173261.27999999
2025-08-01 03:14:02 PM,181.24,4,724.96,127173986.23999998
2025-08-01 03:14:08 PM,181.13,0,0.0,127173986.23999998
2025-08-01 03:14:09 PM,181.13,1,181.13,127174167.36999997
2025-08-01 03:14:12 PM,181.13,50,9056.5,127183223.86999997
2025-08-01 03:14:15 PM,181.19,2,362.38,127183586.24999997
2025-08-01 03:14:21 PM,181.24,429,77751.96,127261338.20999996
2025-08-01 03:14:24 PM,181.24,12,2174.88,127263513.08999996
2025-08-01 03:14:27 PM,181.24,1,181.24,127263694.32999995
2025-08-01 03:14:30 PM,181.03,58,10499.74,127274194.06999995
2025-08-01 03:14:35 PM,181.24,0,0.0,127274194.06999995
2025-08-01 03:14:36 PM,181.24,14,2537.36,127276731.42999995
2025-08-01 03:14:39 PM,180.82,1,180.82,127276912.24999994
2025-08-01 03:14:42 PM,180.82,35,6328.7,127283240.94999994
2025-08-01 03:14:44 PM,180.3,0,0.0,127283240.94999994
2025-08-01 03:14:45 PM,180.3,420,75726.0,127358966.94999994
2025-08-01 03:14:54 PM,180.81,1,180.81,127359147.75999995
2025-08-01 03:14:58 PM,180.26,604,108877.04,127468024.79999995
2025-08-01 03:14:59 PM,180.84,0,0.0,127468024.79999995
2025-08-01 03:15:00 PM,180.84,37,6691.08,127474715.87999995
2025-08-01 03:15:02 PM,180.76,0,0.0,127474715.87999995
2025-08-01 03:15:04 PM,180.63,2,361.26,127475077.13999996
2025-08-01 03:15:15 PM,181.2,0,0.0,127475077.13999996
2025-08-01 03:15:19 PM,181.2,2001,362581.19999999995,127837658.33999996
2025-08-01 03:15:27 PM,181.2,17,3080.3999999999996,127840738.73999996
2025-08-01 03:15:41 PM,181.2,39,7066.799999999999,127847805.53999996
2025-08-01 03:15:51 PM,181.2,1,181.2,127847986.73999996
2025-08-01 03:15:56 PM,181.2,4,724.8,127848711.53999996
2025-08-01 03:16:00 PM,180.92,0,0.0,127848711.53999996
2025-08-01 03:16:03 PM,181.0,24,4344.0,127853055.53999996
2025-08-01 03:16:10 PM,180.01,0,0.0,127853055.53999996
2025-08-01 03:16:10 PM,180.01,3001,540210.01,128393265.54999997
2025-08-01 03:16:12 PM,181.0,10,1810.0,128395075.54999997
2025-08-01 03:16:17 PM,181.0,25,4525.0,128399600.54999997
2025-08-01 03:16:19 PM,181.0,37,6697.0,128406297.54999997
2025-08-01 03:16:21 PM,180.75,0,0.0,128406297.54999997
2025-08-01 03:16:24 PM,180.87,395,71443.65000000001,128477741.19999997
2025-08-01 03:16:25 PM,180.87,2,361.74,128478102.93999997
2025-08-01 03:16:38 PM,180.87,1,180.87,128478283.80999997
2025-08-01 03:16:45 PM,180.87,2,361.74,128478645.54999997
2025-08-01 03:16:56 PM,180.86,0,0.0,128478645.54999997
2025-08-01 03:16:58 PM,180.87,13347,2414071.89,130892717.43999997
2025-08-01 03:16:59 PM,180.87,36,6511.32,130899228.75999996
2025-08-01 03:17:01 PM,180.44,0,0.0,130899228.75999996
2025-08-01 03:17:04 PM,180.44,16,2887.04,130902115.79999997
2025-08-01 03:17:18 PM,180.44,2,360.88,130902476.67999996
2025-08-01 03:17:25 PM,180.7,2,361.4,130902838.07999997
2025-08-01 03:17:26 PM,180.35,1,180.35,130903018.42999996
2025-08-01 03:17:38 PM,180.37,1,180.37,130903198.79999997
2025-08-01 03:17:38 PM,180.44,0,0.0,130903198.79999997
2025-08-01 03:17:39 PM,180.7,108,19515.6,130922714.39999996
2025-08-01 03:17:48 PM,180.37,0,0.0,130922714.39999996
2025-08-01 03:17:50 PM,180.37,21,3787.77,130926502.16999996
2025-08-01 03:17:54 PM,180.7,0,0.0,130926502.16999996
2025-08-01 03:17:57 PM,180.7,3,542.0999999999999,130927044.26999995
2025-08-01 03:17:59 PM,180.5,1,180.5,130927224.76999995
2025-08-01 03:18:03 PM,180.7,0,0.0,130927224.76999995
2025-08-01 03:18:03 PM,180.7,103,18612.1,130945836.86999995
2025-08-01 03:18:09 PM,180.4,0,0.0,130945836.86999995
2025-08-01 03:18:10 PM,180.4,1512,272764.8,131218601.66999994
2025-08-01 03:18:12 PM,180.7,600,108420.0,131327021.66999994
2025-08-01 03:18:17 PM,180.7,1,180.7,131327202.36999995
2025-08-01 03:18:19 PM,180.7,140,25298.0,131352500.36999995
2025-08-01 03:18:21 PM,180.52,0,0.0,131352500.36999995
2025-08-01 03:18:24 PM,180.7,127,22948.899999999998,131375449.26999995
2025-08-01 03:18:26 PM,180.7,1,180.7,131375629.96999995
2025-08-01 03:18:30 PM,180.35,0,0.0,131375629.96999995
2025-08-01 03:18:30 PM,180.35,12,2164.2,131377794.16999996
2025-08-01 03:18:36 PM,180.0,0,0.0,131377794.16999996
2025-08-01 03:18:37 PM,180.0,1659,298620.0,131676414.16999996
2025-08-01 03:18:43 PM,180.35,10,1803.5,131678217.66999996
2025-08-01 03:18:45 PM,180.35,7965,1436487.75,133114705.41999996
2025-08-01 03:18:54 PM,179.8,0,0.0,133114705.41999996
2025-08-01 03:18:56 PM,180.35,4416,796425.6,133911131.01999995
2025-08-01 03:19:03 PM,180.43,5000,902150.0,134813281.01999995
2025-08-01 03:19:05 PM,180.2,500,90100.0,134903381.01999995
2025-08-01 03:19:11 PM,180.2,60,10812.0,134914193.01999995
2025-08-01 03:19:23 PM,180.43,1,180.43,134914373.44999996
2025-08-01 03:19:25 PM,180.43,3,541.29,134914914.73999995
2025-08-01 03:19:31 PM,180.43,1,180.43,134915095.16999996
2025-08-01 03:19:38 PM,180.41,150,27061.5,134942156.66999996
2025-08-01 03:19:39 PM,180.43,0,0.0,134942156.66999996
2025-08-01 03:19:42 PM,180.42,125,22552.5,134964709.16999996
2025-08-01 03:19:44 PM,180.42,25,4510.5,134969219.66999996
2025-08-01 03:19:49 PM,180.42,70,12629.4,134981849.06999996
2025-08-01 03:19:55 PM,180.45,28,5052.599999999999,134986901.66999996
2025-08-01 03:20:02 PM,180.45,16,2887.2,134989788.86999995
2025-08-01 03:20:04 PM,180.45,1,180.45,134989969.31999993
2025-08-01 03:20:09 PM,180.43,0,0.0,134989969.31999993
2025-08-01 03:20:09 PM,180.43,16,2886.88,134992856.19999993
2025-08-01 03:20:17 PM,180.45,100,18045.0,135010901.19999993
2025-08-01 03:20:20 PM,180.45,2142,386523.89999999997,135397425.09999993
2025-08-01 03:20:24 PM,180.45,1,180.45,135397605.54999992
2025-08-01 03:20:27 PM,180.45,2,360.9,135397966.44999993
2025-08-01 03:20:30 PM,180.48,0,0.0,135397966.44999993
2025-08-01 03:20:31 PM,180.48,50,9024.0,135406990.44999993
2025-08-01 03:20:34 PM,180.21,100,18021.0,135425011.44999993
2025-08-01 03:20:45 PM,180.21,1,180.21,135425191.65999994
2025-08-01 03:20:47 PM,180.35,0,0.0,135425191.65999994
2025-08-01 03:20:47 PM,180.35,1,180.35,135425372.00999993
2025-08-01 03:20:52 PM,180.49,152,27434.480000000003,135452806.48999992
2025-08-01 03:20:54 PM,180.5,1,180.5,135452986.98999992
2025-08-01 03:20:58 PM,180.5,2,361.0,135453347.98999992
2025-08-01 03:21:01 PM,180.5,38,6859.0,135460206.98999992
2025-08-01 03:21:05 PM,180.2,0,0.0,135460206.98999992
2025-08-01 03:21:05 PM,180.2,127,22885.399999999998,135483092.38999993
2025-08-01 03:21:12 PM,180.5,0,0.0,135483092.38999993
2025-08-01 03:21:13 PM,180.5,1,180.5,135483272.88999993
2025-08-01 03:21:20 PM,180.5,9,1624.5,135484897.38999993
2025-08-01 03:21:22 PM,180.5,1,180.5,135485077.88999993
2025-08-01 03:21:27 PM,180.5,3,541.5,135485619.38999993
2025-08-01 03:21:29 PM,180.4,4,721.6,135486340.98999992
2025-08-01 03:21:40 PM,180.5,39,7039.5,135493380.48999992
2025-08-01 03:21:47 PM,180.5,2,361.0,135493741.48999992
2025-08-01 03:21:55 PM,180.5,3,541.5,135494282.98999992
2025-08-01 03:22:01 PM,180.5,1,180.5,135494463.48999992
2025-08-01 03:22:06 PM,180.5,44,7942.0,135502405.48999992
2025-08-01 03:22:20 PM,180.5,37,6678.5,135509083.98999992
2025-08-01 03:22:27 PM,180.5,18,3249.0,135512332.98999992
2025-08-01 03:22:29 PM,180.5,1,180.5,135512513.48999992
2025-08-01 03:22:34 PM,180.4,2,360.8,135512874.28999993
2025-08-01 03:22:41 PM,180.4,439,79195.6,135592069.88999993
2025-08-01 03:22:47 PM,180.4,5,902.0,135592971.88999993
2025-08-01 03:22:54 PM,180.4,1,180.4,135593152.28999993
2025-08-01 03:22:56 PM,180.4,2,360.8,135593513.08999994
2025-08-01 03:23:00 PM,180.4,38,6855.2,135600368.28999993
2025-08-01 03:23:02 PM,180.4,8,1443.2,135601811.48999992
2025-08-01 03:23:14 PM,180.4,1,180.4,135601991.88999993
2025-08-01 03:23:15 PM,180.3,0,0.0,135601991.88999993
2025-08-01 03:23:16 PM,180.3,200,36060.0,135638051.88999993
2025-08-01 03:23:20 PM,180.3,2,360.6,135638412.48999992
2025-08-01 03:23:22 PM,180.4,100,18040.0,135656452.48999992
2025-08-01 03:23:25 PM,180.75,0,0.0,135656452.48999992
2025-08-01 03:23:27 PM,180.75,1530,276547.5,135932999.98999992
2025-08-01 03:23:34 PM,180.75,1,180.75,135933180.73999992
2025-08-01 03:23:40 PM,180.99,37,6696.63,135939877.36999992
2025-08-01 03:23:47 PM,180.99,1,180.99,135940058.35999992
2025-08-01 03:23:48 PM,180.99,2,361.98,135940420.3399999
2025-08-01 03:23:55 PM,180.99,3,542.97,135940963.3099999
2025-08-01 03:24:00 PM,180.99,1,180.99,135941144.29999992
2025-08-01 03:24:01 PM,180.99,1,180.99,135941325.28999993
2025-08-01 03:24:06 PM,180.99,101,18279.99,135959605.27999994
2025-08-01 03:24:14 PM,180.99,2,361.98,135959967.25999993
2025-08-01 03:24:16 PM,180.75,0,0.0,135959967.25999993
2025-08-01 03:24:20 PM,180.99,55,9954.45,135969921.70999992
2025-08-01 03:24:22 PM,180.3,1900,342570.0,136312491.70999992
2025-08-01 03:24:24 PM,180.99,0,0.0,136312491.70999992
2025-08-01 03:24:27 PM,180.99,2,361.98,136312853.6899999
2025-08-01 03:24:29 PM,180.99,1,180.99,136313034.67999992
2025-08-01 03:24:40 PM,180.99,1,180.99,136313215.66999993
2025-08-01 03:24:42 PM,180.9,2,361.8,136313577.46999994
2025-08-01 03:24:49 PM,180.9,2,361.8,136313939.26999995
2025-08-01 03:24:54 PM,180.8,8,1446.4,136315385.66999996
2025-08-01 03:24:55 PM,180.8,1,180.8,136315566.46999997
2025-08-01 03:25:00 PM,180.8,61,11028.800000000001,136326595.26999998
2025-08-01 03:25:07 PM,180.8,1,180.8,136326776.07
2025-08-01 03:25:13 PM,180.8,2,361.6,136327137.67
2025-08-01 03:25:20 PM,180.8,4,723.2,136327860.86999997
2025-08-01 03:25:24 PM,180.0,0,0.0,136327860.86999997
2025-08-01 03:25:27 PM,180.0,2993,538740.0,136866600.86999997
2025-08-01 03:25:39 PM,180.0,38,6840.0,136873440.86999997
2025-08-01 03:25:41 PM,180.0,2,360.0,136873800.86999997
2025-08-01 03:25:46 PM,180.0,1,180.0,136873980.86999997
2025-08-01 03:25:52 PM,180.0,2,360.0,136874340.86999997
2025-08-01 03:25:59 PM,180.0,2,360.0,136874700.86999997
2025-08-01 03:26:00 PM,180.0,1,180.0,136874880.86999997
2025-08-01 03:26:07 PM,180.0,1,180.0,136875060.86999997
2025-08-01 03:26:12 PM,179.4,204,36597.6,136911658.46999997
2025-08-01 03:26:14 PM,180.0,100,18000.0,136929658.46999997
2025-08-01 03:26:17 PM,179.4,0,0.0,136929658.46999997
2025-08-01 03:26:19 PM,180.0,89,16020.0,136945678.46999997
2025-08-01 03:26:26 PM,179.4,171,30677.4,136976355.86999997
2025-08-01 03:26:33 PM,180.0,30,5400.0,136981755.86999997
2025-08-01 03:26:39 PM,180.0,13505,2430900.0,139412655.86999997
2025-08-01 03:26:41 PM,180.0,2,360.0,139413015.86999997
2025-08-01 03:26:54 PM,180.0,1,180.0,139413195.86999997
2025-08-01 03:26:57 PM,179.88,0,0.0,139413195.86999997
2025-08-01 03:26:59 PM,179.88,335,60259.799999999996,139473455.67
2025-08-01 03:27:00 PM,180.0,1,180.0,139473635.67
2025-08-01 03:27:12 PM,180.0,2,360.0,139473995.67
2025-08-01 03:27:19 PM,180.0,8384,1509120.0,140983115.67
2025-08-01 03:27:26 PM,180.0,103,18540.0,141001655.67
2025-08-01 03:27:28 PM,179.98,20,3599.6,141005255.26999998
2025-08-01 03:27:29 PM,179.99,0,0.0,141005255.26999998
2025-08-01 03:27:34 PM,179.99,60,10799.400000000001,141016054.67
2025-08-01 03:27:35 PM,179.2,0,0.0,141016054.67
2025-08-01 03:27:36 PM,179.2,111,19891.199999999997,141035945.86999997
2025-08-01 03:27:41 PM,180.0,2,360.0,141036305.86999997
2025-08-01 03:27:55 PM,179.98,2,359.96,141036665.82999998
2025-08-01 03:28:00 PM,179.2,0,0.0,141036665.82999998
2025-08-01 03:28:02 PM,179.2,38,6809.599999999999,141043475.42999998
2025-08-01 03:28:15 PM,179.98,2,359.96,141043835.39
2025-08-01 03:28:17 PM,179.2,2000,358400.0,141402235.39
2025-08-01 03:28:22 PM,179.2,15,2688.0,141404923.39
2025-08-01 03:28:24 PM,179.98,3,539.9399999999999,141405463.32999998
2025-08-01 03:28:28 PM,179.2,0,0.0,141405463.32999998
2025-08-01 03:28:30 PM,179.75,603,108389.25,141513852.57999998
2025-08-01 03:28:32 PM,179.75,750,134812.5,141648665.07999998
2025-08-01 03:28:39 PM,179.75,31,5572.25,141654237.32999998
2025-08-01 03:28:45 PM,179.91,0,0.0,141654237.32999998
2025-08-01 03:28:45 PM,179.91,31,5577.21,141659814.54
2025-08-01 03:28:48 PM,179.9,0,0.0,141659814.54
2025-08-01 03:28:50 PM,179.91,48,8635.68,141668450.22
2025-08-01 03:28:52 PM,179.7,178,31986.6,141700436.82
2025-08-01 03:28:57 PM,179.7,1,179.7,141700616.51999998
2025-08-01 03:28:59 PM,179.7,31,5570.7,141706187.21999997
2025-08-01 03:29:03 PM,179.5,0,0.0,141706187.21999997
