date,price,qty,trnvr,cum_trnvr
2025-08-01 09:15:01 AM,1275.0,19,24225.0,24225.0
2025-08-01 09:15:09 AM,1279.0,0,0.0,24225.0
2025-08-01 09:15:11 AM,1290.4,91,117426.40000000001,141651.40000000002
2025-08-01 09:15:13 AM,1282.6,20,25652.0,167303.40000000002
2025-08-01 09:15:19 AM,1275.0,0,0.0,167303.40000000002
2025-08-01 09:15:20 AM,1277.5,0,0.0,167303.40000000002
2025-08-01 09:15:22 AM,1286.2,233,299684.60000000003,466988.00000000006
2025-08-01 09:15:26 AM,1275.7,0,0.0,466988.00000000006
2025-08-01 09:15:29 AM,1280.6,0,0.0,466988.00000000006
2025-08-01 09:15:30 AM,1282.7,40,51308.0,518296.00000000006
2025-08-01 09:15:38 AM,1281.5,0,0.0,518296.00000000006
2025-08-01 09:15:39 AM,1281.5,5,6407.5,524703.5
2025-08-01 09:15:47 AM,1280.9,6,7685.400000000001,532388.9
2025-08-01 09:15:57 AM,1281.9,6,7691.400000000001,540080.3
2025-08-01 09:16:05 AM,1280.9,6,7685.400000000001,547765.7000000001
2025-08-01 09:16:14 AM,1280.1,0,0.0,547765.7000000001
2025-08-01 09:16:20 AM,1280.1,5,6400.5,554166.2000000001
2025-08-01 09:16:21 AM,1277.7,44,56218.8,610385.0000000001
2025-08-01 09:16:34 AM,1278.2,0,0.0,610385.0000000001
2025-08-01 09:16:36 AM,1278.2,6,7669.200000000001,618054.2000000001
2025-08-01 09:16:44 AM,1277.0,0,0.0,618054.2000000001
2025-08-01 09:16:45 AM,1277.0,6,7662.0,625716.2000000001
2025-08-01 09:16:53 AM,1277.8,10,12778.0,638494.2000000001
2025-08-01 09:16:54 AM,1277.9,0,0.0,638494.2000000001
2025-08-01 09:17:01 AM,1279.0,18,23022.0,661516.2000000001
2025-08-01 09:17:09 AM,1281.1,7,8967.699999999999,670483.9
2025-08-01 09:17:12 AM,1282.7,0,0.0,670483.9
2025-08-01 09:17:18 AM,1286.9,1108,1425885.2000000002,2096369.1
2025-08-01 09:17:19 AM,1287.9,3,3863.7000000000003,2100232.8000000003
2025-08-01 09:17:27 AM,1288.7,5,6443.5,2106676.3000000003
2025-08-01 09:17:31 AM,1289.0,0,0.0,2106676.3000000003
2025-08-01 09:17:34 AM,1287.8,26,33482.799999999996,2140159.1
2025-08-01 09:17:35 AM,1289.1,5,6445.5,2146604.6
2025-08-01 09:17:37 AM,1287.9,0,0.0,2146604.6
2025-08-01 09:17:42 AM,1287.9,1,1287.9,2147892.5
2025-08-01 09:17:46 AM,1291.6,0,0.0,2147892.5
2025-08-01 09:17:51 AM,1291.6,102,131743.19999999998,2279635.7
2025-08-01 09:17:55 AM,1294.5,0,0.0,2279635.7
2025-08-01 09:17:59 AM,1292.0,38,49096.0,2328731.7
2025-08-01 09:18:03 AM,1295.5,0,0.0,2328731.7
2025-08-01 09:18:07 AM,1295.5,5,6477.5,2335209.2
2025-08-01 09:18:11 AM,1293.8,0,0.0,2335209.2
2025-08-01 09:18:13 AM,1297.2,0,0.0,2335209.2
2025-08-01 09:18:16 AM,1297.1,7,9079.699999999999,2344288.9000000004
2025-08-01 09:18:21 AM,1298.0,0,0.0,2344288.9000000004
2025-08-01 09:18:24 AM,1299.9,6,7799.400000000001,2352088.3000000003
2025-08-01 09:18:27 AM,1299.0,0,0.0,2352088.3000000003
2025-08-01 09:18:29 AM,1298.9,0,0.0,2352088.3000000003
2025-08-01 09:18:32 AM,1297.9,191,247898.90000000002,2599987.2
2025-08-01 09:18:37 AM,1303.9,0,0.0,2599987.2
2025-08-01 09:18:40 AM,1303.9,505,658469.5,3258456.7
2025-08-01 09:18:48 AM,1298.2,20,25964.0,3284420.7
2025-08-01 09:18:53 AM,1302.8,0,0.0,3284420.7
2025-08-01 09:18:57 AM,1302.6,57,74248.2,3358668.9000000004
2025-08-01 09:18:59 AM,1303.8,0,0.0,3358668.9000000004
2025-08-01 09:19:05 AM,1303.8,2,2607.6,3361276.5000000005
2025-08-01 09:19:06 AM,1304.3,5,6521.5,3367798.0000000005
2025-08-01 09:19:09 AM,1302.6,0,0.0,3367798.0000000005
2025-08-01 09:19:13 AM,1306.1,52,67917.2,3435715.2000000007
2025-08-01 09:19:15 AM,1308.9,0,0.0,3435715.2000000007
2025-08-01 09:19:21 AM,1308.9,6,7853.400000000001,3443568.6000000006
2025-08-01 09:19:22 AM,1309.9,150,196485.0,3640053.6000000006
2025-08-01 09:19:22 AM,1307.0,0,0.0,3640053.6000000006
2025-08-01 09:19:24 AM,1309.6,0,0.0,3640053.6000000006
2025-08-01 09:19:29 AM,1309.6,7,9167.199999999999,3649220.8000000007
2025-08-01 09:19:37 AM,1309.6,273,357520.8,4006741.6000000006
2025-08-01 09:19:37 AM,1311.0,0,0.0,4006741.6000000006
2025-08-01 09:19:39 AM,1311.0,127,166497.0,4173238.6000000006
2025-08-01 09:19:40 AM,1307.9,0,0.0,4173238.6000000006
2025-08-01 09:19:45 AM,1307.9,50,65395.00000000001,4238633.600000001
2025-08-01 09:19:53 AM,1308.6,28,36640.799999999996,4275274.4
2025-08-01 09:20:01 AM,1311.4,6,7868.400000000001,4283142.800000001
2025-08-01 09:20:08 AM,1308.0,0,0.0,4283142.800000001
2025-08-01 09:20:09 AM,1308.0,188,245904.0,4529046.800000001
2025-08-01 09:20:15 AM,1304.1,0,0.0,4529046.800000001
2025-08-01 09:20:17 AM,1304.1,73,95199.29999999999,4624246.100000001
2025-08-01 09:20:26 AM,1306.6,6,7839.599999999999,4632085.7
2025-08-01 09:20:33 AM,1305.8,1,1305.8,4633391.5
2025-08-01 09:20:36 AM,1306.9,0,0.0,4633391.5
2025-08-01 09:20:41 AM,1306.9,6,7841.400000000001,4641232.9
2025-08-01 09:20:47 AM,1306.2,0,0.0,4641232.9
2025-08-01 09:20:48 AM,1306.2,5,6531.0,4647763.9
2025-08-01 09:20:54 AM,1305.8,0,0.0,4647763.9
2025-08-01 09:20:56 AM,1306.1,27,35264.7,4683028.600000001
2025-08-01 09:21:01 AM,1304.3,0,0.0,4683028.600000001
2025-08-01 09:21:04 AM,1304.3,19,24781.7,4707810.300000001
2025-08-01 09:21:10 AM,1303.8,0,0.0,4707810.300000001
2025-08-01 09:21:12 AM,1303.8,6,7822.799999999999,4715633.100000001
2025-08-01 09:21:19 AM,1303.2,5,6516.0,4722149.100000001
2025-08-01 09:21:28 AM,1302.7,6,7816.200000000001,4729965.300000001
2025-08-01 09:21:31 AM,1303.9,0,0.0,4729965.300000001
2025-08-01 09:21:35 AM,1304.3,77,100431.09999999999,4830396.4
2025-08-01 09:21:38 AM,1303.6,0,0.0,4830396.4
2025-08-01 09:21:43 AM,1303.6,58,75608.79999999999,4906005.2
2025-08-01 09:21:47 AM,1305.7,0,0.0,4906005.2
2025-08-01 09:21:50 AM,1305.7,6,7834.200000000001,4913839.4
2025-08-01 09:21:57 AM,1303.2,0,0.0,4913839.4
2025-08-01 09:21:58 AM,1303.2,19,24760.8,4938600.2
2025-08-01 09:22:05 AM,1305.7,6,7834.200000000001,4946434.4
2025-08-01 09:22:14 AM,1305.7,6,7834.200000000001,4954268.600000001
2025-08-01 09:22:25 AM,1305.8,0,0.0,4954268.600000001
2025-08-01 09:22:28 AM,1305.8,5,6529.0,4960797.600000001
2025-08-01 09:22:32 AM,1305.9,0,0.0,4960797.600000001
2025-08-01 09:22:36 AM,1305.9,7,9141.300000000001,4969938.9
2025-08-01 09:22:44 AM,1306.0,6,7836.0,4977774.9
2025-08-01 09:22:51 AM,1306.0,6,7836.0,4985610.9
2025-08-01 09:22:59 AM,1306.0,12,15672.0,5001282.9
2025-08-01 09:23:14 AM,1306.0,6,7836.0,5009118.9
2025-08-01 09:23:17 AM,1306.9,0,0.0,5009118.9
2025-08-01 09:23:22 AM,1306.9,158,206490.2,5215609.100000001
2025-08-01 09:23:29 AM,1307.2,11,14379.2,5229988.300000001
2025-08-01 09:23:30 AM,1305.2,0,0.0,5229988.300000001
2025-08-01 09:23:31 AM,1305.2,2,2610.4,5232598.700000001
2025-08-01 09:23:37 AM,1306.9,5,6534.5,5239133.200000001
2025-08-01 09:23:44 AM,1307.4,0,0.0,5239133.200000001
2025-08-01 09:23:44 AM,1307.4,6,7844.400000000001,5246977.6000000015
2025-08-01 09:23:54 AM,1307.9,1,1307.9,5248285.500000002
2025-08-01 09:23:56 AM,1306.7,0,0.0,5248285.500000002
2025-08-01 09:24:00 AM,1307.9,8,10463.2,5258748.700000002
2025-08-01 09:24:03 AM,1308.0,0,0.0,5258748.700000002
2025-08-01 09:24:08 AM,1308.0,5,6540.0,5265288.700000002
2025-08-01 09:24:15 AM,1307.9,7,9155.300000000001,5274444.000000002
2025-08-01 09:24:22 AM,1308.0,0,0.0,5274444.000000002
2025-08-01 09:24:23 AM,1308.0,8,10464.0,5284908.000000002
2025-08-01 09:24:29 AM,1307.4,0,0.0,5284908.000000002
2025-08-01 09:24:30 AM,1307.8,6,7846.799999999999,5292754.800000002
2025-08-01 09:24:32 AM,1307.8,8,10462.4,5303217.200000002
2025-08-01 09:24:40 AM,1307.8,5,6539.0,5309756.200000002
2025-08-01 09:24:45 AM,1307.1,4,5228.4,5314984.600000002
2025-08-01 09:24:47 AM,1307.6,6,7845.599999999999,5322830.200000002
2025-08-01 09:25:00 AM,1307.5,11,14382.5,5337212.700000002
2025-08-01 09:25:01 AM,1305.1,0,0.0,5337212.700000002
2025-08-01 09:25:02 AM,1305.1,55,71780.5,5408993.200000002
2025-08-01 09:25:07 AM,1306.8,0,0.0,5408993.200000002
2025-08-01 09:25:08 AM,1306.8,6,7840.799999999999,5416834.000000002
2025-08-01 09:25:14 AM,1306.2,0,0.0,5416834.000000002
2025-08-01 09:25:15 AM,1306.2,15,19593.0,5436427.000000002
2025-08-01 09:25:25 AM,1305.9,6,7835.400000000001,5444262.400000002
2025-08-01 09:25:32 AM,1305.9,6,7835.400000000001,5452097.800000003
2025-08-01 09:25:38 AM,1305.8,2,2611.6,5454709.400000002
2025-08-01 09:25:38 AM,1304.0,0,0.0,5454709.400000002
2025-08-01 09:25:40 AM,1304.0,16,20864.0,5475573.400000002
2025-08-01 09:25:43 AM,1305.9,0,0.0,5475573.400000002
2025-08-01 09:25:45 AM,1304.1,17,22169.699999999997,5497743.100000002
2025-08-01 09:25:53 AM,1305.4,6,7832.400000000001,5505575.500000003
2025-08-01 09:26:00 AM,1305.3,6,7831.799999999999,5513407.300000003
2025-08-01 09:26:08 AM,1305.7,0,0.0,5513407.300000003
2025-08-01 09:26:10 AM,1305.7,6,7834.200000000001,5521241.500000003
2025-08-01 09:26:24 AM,1305.7,5,6528.5,5527770.000000003
2025-08-01 09:26:26 AM,1305.9,0,0.0,5527770.000000003
2025-08-01 09:26:31 AM,1305.9,6,7835.400000000001,5535605.400000003
2025-08-01 09:26:33 AM,1305.4,1,1305.4,5536910.800000004
2025-08-01 09:26:39 AM,1304.3,10,13043.0,5549953.800000004
2025-08-01 09:26:41 AM,1305.3,0,0.0,5549953.800000004
2025-08-01 09:26:44 AM,1309.9,0,0.0,5549953.800000004
2025-08-01 09:26:46 AM,1308.5,340,444890.0,5994843.800000004
2025-08-01 09:26:54 AM,1309.9,1,1309.9,5996153.700000004
2025-08-01 09:26:54 AM,1310.0,0,0.0,5996153.700000004
2025-08-01 09:26:55 AM,1310.0,4,5240.0,6001393.700000004
2025-08-01 09:27:00 AM,1308.7,0,0.0,6001393.700000004
2025-08-01 09:27:01 AM,1308.5,24,31404.0,6032797.700000004
2025-08-01 09:27:11 AM,1309.9,0,0.0,6032797.700000004
2025-08-01 09:27:16 AM,1309.9,6,7859.400000000001,6040657.100000004
2025-08-01 09:27:18 AM,1309.9,7,9169.300000000001,6049826.400000004
2025-08-01 09:27:22 AM,1304.3,0,0.0,6049826.400000004
2025-08-01 09:27:24 AM,1304.3,1190,1552117.0,7601943.400000004
2025-08-01 09:27:30 AM,1307.5,0,0.0,7601943.400000004
2025-08-01 09:27:31 AM,1307.5,29,37917.5,7639860.900000004
2025-08-01 09:27:38 AM,1308.5,6,7851.0,7647711.900000004
2025-08-01 09:27:46 AM,1307.8,0,0.0,7647711.900000004
2025-08-01 09:27:48 AM,1307.8,6,7846.799999999999,7655558.700000004
2025-08-01 09:27:56 AM,1308.5,0,0.0,7655558.700000004
2025-08-01 09:28:02 AM,1308.5,5,6542.5,7662101.200000004
2025-08-01 09:28:07 AM,1307.6,0,0.0,7662101.200000004
2025-08-01 09:28:09 AM,1307.6,6,7845.599999999999,7669946.800000004
2025-08-01 09:28:14 AM,1307.4,0,0.0,7669946.800000004
2025-08-01 09:28:17 AM,1307.8,46,60158.799999999996,7730105.600000003
2025-08-01 09:28:25 AM,1308.5,0,0.0,7730105.600000003
2025-08-01 09:28:25 AM,1308.5,6,7851.0,7737956.600000003
2025-08-01 09:28:30 AM,1307.9,0,0.0,7737956.600000003
2025-08-01 09:28:32 AM,1307.9,105,137329.5,7875286.100000003
2025-08-01 09:28:41 AM,1307.8,6,7846.799999999999,7883132.900000003
2025-08-01 09:28:46 AM,1305.9,0,0.0,7883132.900000003
2025-08-01 09:28:48 AM,1305.9,5,6529.5,7889662.400000003
2025-08-01 09:28:51 AM,1307.9,0,0.0,7889662.400000003
2025-08-01 09:28:55 AM,1304.1,206,268644.6,8158307.000000003
2025-08-01 09:28:59 AM,1307.9,0,0.0,8158307.000000003
2025-08-01 09:29:03 AM,1308.0,50,65400.0,8223707.000000003
2025-08-01 09:29:11 AM,1308.0,31,40548.0,8264255.000000003
2025-08-01 09:29:18 AM,1307.9,1,1307.9,8265562.900000003
2025-08-01 09:29:20 AM,1308.0,5,6540.0,8272102.900000003
2025-08-01 09:29:25 AM,1306.1,0,0.0,8272102.900000003
2025-08-01 09:29:26 AM,1306.1,110,143671.0,8415773.900000002
2025-08-01 09:29:27 AM,1307.0,6,7842.0,8423615.900000002
2025-08-01 09:29:30 AM,1305.9,0,0.0,8423615.900000002
2025-08-01 09:29:33 AM,1305.9,1,1305.9,8424921.800000003
2025-08-01 09:29:40 AM,1306.0,0,0.0,8424921.800000003
2025-08-01 09:29:41 AM,1306.0,5,6530.0,8431451.800000003
2025-08-01 09:29:48 AM,1306.0,6,7836.0,8439287.800000003
2025-08-01 09:29:55 AM,1306.0,6,7836.0,8447123.800000003
2025-08-01 09:30:02 AM,1305.9,0,0.0,8447123.800000003
2025-08-01 09:30:03 AM,1303.1,92,119885.2,8567009.000000002
2025-08-01 09:30:09 AM,1302.7,0,0.0,8567009.000000002
2025-08-01 09:30:11 AM,1302.4,28,36467.200000000004,8603476.200000001
2025-08-01 09:30:23 AM,1303.6,0,0.0,8603476.200000001
2025-08-01 09:30:26 AM,1303.6,6,7821.599999999999,8611297.8
2025-08-01 09:30:30 AM,1302.7,0,0.0,8611297.8
2025-08-01 09:30:33 AM,1302.7,36,46897.200000000004,8658195.0
2025-08-01 09:30:40 AM,1304.0,6,7824.0,8666019.0
2025-08-01 09:30:41 AM,1304.5,2,2609.0,8668628.0
2025-08-01 09:30:48 AM,1303.1,50,65154.99999999999,8733783.0
2025-08-01 09:30:51 AM,1304.3,0,0.0,8733783.0
2025-08-01 09:30:55 AM,1304.3,31,40433.299999999996,8774216.3
2025-08-01 09:30:57 AM,1304.9,0,0.0,8774216.3
2025-08-01 09:31:02 AM,1302.3,26,33859.799999999996,8808076.100000001
2025-08-01 09:31:06 AM,1302.0,0,0.0,8808076.100000001
2025-08-01 09:31:10 AM,1302.0,52,67704.0,8875780.100000001
2025-08-01 09:31:14 AM,1302.2,0,0.0,8875780.100000001
2025-08-01 09:31:17 AM,1302.2,5,6511.0,8882291.100000001
2025-08-01 09:31:24 AM,1302.4,0,0.0,8882291.100000001
2025-08-01 09:31:25 AM,1303.0,6,7818.0,8890109.100000001
2025-08-01 09:31:32 AM,1303.1,6,7818.599999999999,8897927.700000001
2025-08-01 09:31:37 AM,1302.9,0,0.0,8897927.700000001
2025-08-01 09:31:39 AM,1302.9,60,78174.0,8976101.700000001
2025-08-01 09:31:42 AM,1303.5,0,0.0,8976101.700000001
2025-08-01 09:31:46 AM,1303.5,6,7821.0,8983922.700000001
2025-08-01 09:31:53 AM,1303.7,0,0.0,8983922.700000001
2025-08-01 09:31:53 AM,1303.7,5,6518.5,8990441.200000001
2025-08-01 09:32:00 AM,1303.7,6,7822.200000000001,8998263.4
2025-08-01 09:32:09 AM,1303.5,0,0.0,8998263.4
2025-08-01 09:32:14 AM,1302.7,1030,1341781.0,10340044.4
2025-08-01 09:32:16 AM,1300.7,0,0.0,10340044.4
2025-08-01 09:32:21 AM,1299.0,114,148086.0,10488130.4
2025-08-01 09:32:28 AM,1300.3,0,0.0,10488130.4
2025-08-01 09:32:28 AM,1300.3,2,2600.6,10490731.0
2025-08-01 09:32:33 AM,1301.4,0,0.0,10490731.0
2025-08-01 09:32:35 AM,1301.4,8,10411.2,10501142.2
2025-08-01 09:32:40 AM,1303.9,0,0.0,10501142.2
2025-08-01 09:32:42 AM,1303.9,56,73018.40000000001,10574160.6
2025-08-01 09:32:46 AM,1304.0,0,0.0,10574160.6
2025-08-01 09:32:49 AM,1304.0,6,7824.0,10581984.6
2025-08-01 09:32:56 AM,1303.8,6,7822.799999999999,10589807.4
2025-08-01 09:33:02 AM,1303.5,6,7821.0,10597628.4
2025-08-01 09:33:10 AM,1302.0,0,0.0,10597628.4
2025-08-01 09:33:16 AM,1302.0,7,9114.0,10606742.4
2025-08-01 09:33:19 AM,1299.1,0,0.0,10606742.4
2025-08-01 09:33:23 AM,1301.6,106,137969.59999999998,10744712.0
2025-08-01 09:33:30 AM,1301.8,2,2603.6,10747315.6
2025-08-01 09:33:30 AM,1302.2,3,3906.6000000000004,10751222.2
2025-08-01 09:33:39 AM,1302.6,0,0.0,10751222.2
2025-08-01 09:33:44 AM,1302.6,6,7815.599999999999,10759037.799999999
2025-08-01 09:33:48 AM,1302.5,0,0.0,10759037.799999999
2025-08-01 09:33:49 AM,1303.2,0,0.0,10759037.799999999
2025-08-01 09:33:51 AM,1303.2,7,9122.4,10768160.2
2025-08-01 09:33:58 AM,1304.2,5,6521.0,10774681.2
2025-08-01 09:34:04 AM,1303.8,0,0.0,10774681.2
2025-08-01 09:34:05 AM,1303.8,1,1303.8,10775985.0
2025-08-01 09:34:05 AM,1304.4,6,7826.400000000001,10783811.4
2025-08-01 09:34:15 AM,1304.5,0,0.0,10783811.4
2025-08-01 09:34:19 AM,1304.5,6,7827.0,10791638.4
2025-08-01 09:34:24 AM,1301.4,0,0.0,10791638.4
2025-08-01 09:34:26 AM,1301.4,82,106714.8,10898353.200000001
2025-08-01 09:34:33 AM,1302.1,5,6510.5,10904863.700000001
2025-08-01 09:34:44 AM,1302.9,0,0.0,10904863.700000001
2025-08-01 09:34:47 AM,1302.9,6,7817.400000000001,10912681.100000001
2025-08-01 09:34:52 AM,1303.4,0,0.0,10912681.100000001
2025-08-01 09:34:54 AM,1303.4,6,7820.400000000001,10920501.500000002
2025-08-01 09:34:59 AM,1302.6,0,0.0,10920501.500000002
2025-08-01 09:35:01 AM,1303.1,6,7818.599999999999,10928320.100000001
2025-08-01 09:35:08 AM,1303.0,4,5212.0,10933532.100000001
2025-08-01 09:35:09 AM,1303.7,0,0.0,10933532.100000001
2025-08-01 09:35:15 AM,1303.7,1,1303.7,10934835.8
2025-08-01 09:35:19 AM,1303.1,0,0.0,10934835.8
2025-08-01 09:35:22 AM,1303.1,76,99035.59999999999,11033871.4
2025-08-01 09:35:29 AM,1302.8,0,0.0,11033871.4
2025-08-01 09:35:29 AM,1302.8,6,7816.799999999999,11041688.200000001
2025-08-01 09:35:36 AM,1302.5,5,6512.5,11048200.700000001
2025-08-01 09:35:44 AM,1301.9,0,0.0,11048200.700000001
2025-08-01 09:35:44 AM,1302.1,0,0.0,11048200.700000001
2025-08-01 09:35:49 AM,1302.1,9,11718.9,11059919.600000001
2025-08-01 09:35:54 AM,1302.4,0,0.0,11059919.600000001
2025-08-01 09:35:56 AM,1302.4,7,9116.800000000001,11069036.400000002
2025-08-01 09:35:59 AM,1300.1,0,0.0,11069036.400000002
2025-08-01 09:36:02 AM,1302.1,8,10416.8,11079453.200000003
2025-08-01 09:36:07 AM,1300.5,0,0.0,11079453.200000003
2025-08-01 09:36:09 AM,1300.5,10,13005.0,11092458.200000003
2025-08-01 09:36:11 AM,1301.6,0,0.0,11092458.200000003
2025-08-01 09:36:15 AM,1299.1,0,0.0,11092458.200000003
2025-08-01 09:36:16 AM,1299.1,55,71450.5,11163908.700000003
2025-08-01 09:36:23 AM,1301.0,0,0.0,11163908.700000003
2025-08-01 09:36:23 AM,1301.0,6,7806.0,11171714.700000003
2025-08-01 09:36:29 AM,1300.7,6,7804.200000000001,11179518.900000002
2025-08-01 09:36:35 AM,1300.3,0,0.0,11179518.900000002
2025-08-01 09:36:35 AM,1300.3,2,2600.6,11182119.500000002
2025-08-01 09:36:39 AM,1300.6,0,0.0,11182119.500000002
2025-08-01 09:36:42 AM,1300.6,6,7803.599999999999,11189923.100000001
2025-08-01 09:36:47 AM,1300.1,0,0.0,11189923.100000001
2025-08-01 09:36:48 AM,1300.2,5,6501.0,11196424.100000001
2025-08-01 09:36:59 AM,1299.8,0,0.0,11196424.100000001
2025-08-01 09:37:02 AM,1299.8,6,7798.799999999999,11204222.900000002
2025-08-01 09:37:07 AM,1299.3,0,0.0,11204222.900000002
2025-08-01 09:37:09 AM,1298.0,56,72688.0,11276910.900000002
2025-08-01 09:37:13 AM,1298.1,0,0.0,11276910.900000002
2025-08-01 09:37:16 AM,1298.8,5,6494.0,11283404.900000002
2025-08-01 09:37:18 AM,1296.6,0,0.0,11283404.900000002
2025-08-01 09:37:23 AM,1296.6,100,129659.99999999999,11413064.900000002
2025-08-01 09:37:23 AM,1297.7,0,0.0,11413064.900000002
2025-08-01 09:37:23 AM,1297.7,6,7786.200000000001,11420851.100000001
2025-08-01 09:37:28 AM,1295.3,0,0.0,11420851.100000001
2025-08-01 09:37:30 AM,1295.3,139,180046.69999999998,11600897.8
2025-08-01 09:37:33 AM,1296.4,0,0.0,11600897.8
2025-08-01 09:37:37 AM,1296.4,6,7778.400000000001,11608676.200000001
2025-08-01 09:37:43 AM,1296.2,2,2592.4,11611268.600000001
2025-08-01 09:37:45 AM,1296.6,0,0.0,11611268.600000001
2025-08-01 09:37:50 AM,1296.6,4,5186.4,11616455.000000002
2025-08-01 09:37:50 AM,1296.3,5,6481.5,11622936.500000002
2025-08-01 09:37:53 AM,1294.4,0,0.0,11622936.500000002
2025-08-01 09:37:57 AM,1294.4,3,3883.2000000000003,11626819.700000001
2025-08-01 09:38:02 AM,1296.0,0,0.0,11626819.700000001
2025-08-01 09:38:03 AM,1296.0,6,7776.0,11634595.700000001
2025-08-01 09:38:08 AM,1294.8,0,0.0,11634595.700000001
2025-08-01 09:38:10 AM,1294.8,14,18127.2,11652722.9
2025-08-01 09:38:17 AM,1296.1,6,7776.599999999999,11660499.5
2025-08-01 09:38:29 AM,1295.5,0,0.0,11660499.5
2025-08-01 09:38:31 AM,1295.5,5,6477.5,11666977.0
2025-08-01 09:38:34 AM,1295.1,0,0.0,11666977.0
2025-08-01 09:38:37 AM,1295.8,8,10366.4,11677343.4
2025-08-01 09:38:47 AM,1295.4,0,0.0,11677343.4
2025-08-01 09:38:51 AM,1295.4,6,7772.400000000001,11685115.8
2025-08-01 09:38:52 AM,1294.1,0,0.0,11685115.8
2025-08-01 09:38:57 AM,1294.1,15,19411.5,11704527.3
2025-08-01 09:38:59 AM,1295.4,0,0.0,11704527.3
2025-08-01 09:39:04 AM,1295.2,24,31084.800000000003,11735612.100000001
2025-08-01 09:39:09 AM,1295.9,0,0.0,11735612.100000001
2025-08-01 09:39:11 AM,1295.9,50,64795.00000000001,11800407.100000001
2025-08-01 09:39:14 AM,1294.0,0,0.0,11800407.100000001
2025-08-01 09:39:18 AM,1294.4,12,15532.800000000001,11815939.900000002
2025-08-01 09:39:19 AM,1292.7,0,0.0,11815939.900000002
2025-08-01 09:39:24 AM,1292.7,100,129270.0,11945209.900000002
2025-08-01 09:39:31 AM,1294.5,5,6472.5,11951682.400000002
2025-08-01 09:39:40 AM,1295.2,0,0.0,11951682.400000002
2025-08-01 09:39:44 AM,1295.2,4,5180.8,11956863.200000003
2025-08-01 09:39:48 AM,1295.6,0,0.0,11956863.200000003
2025-08-01 09:39:50 AM,1295.6,5,6478.0,11963341.200000003
2025-08-01 09:39:51 AM,1295.3,10,12953.0,11976294.200000003
2025-08-01 09:39:56 AM,1295.4,0,0.0,11976294.200000003
2025-08-01 09:39:57 AM,1295.4,4,5181.6,11981475.800000003
2025-08-01 09:40:08 AM,1295.6,0,0.0,11981475.800000003
2025-08-01 09:40:10 AM,1295.6,25,32389.999999999996,12013865.800000003
2025-08-01 09:40:16 AM,1296.5,0,0.0,12013865.800000003
2025-08-01 09:40:17 AM,1296.5,3,3889.5,12017755.300000003
2025-08-01 09:40:23 AM,1296.4,3,3889.2000000000003,12021644.500000002
2025-08-01 09:40:26 AM,1296.5,0,0.0,12021644.500000002
2025-08-01 09:40:30 AM,1296.5,14,18151.0,12039795.500000002
2025-08-01 09:40:37 AM,1296.5,4,5186.0,12044981.500000002
2025-08-01 09:40:43 AM,1296.4,4,5185.6,12050167.100000001
2025-08-01 09:40:50 AM,1296.6,47,60940.2,12111107.3
2025-08-01 09:40:50 AM,1298.2,2,2596.4,12113703.700000001
2025-08-01 09:40:52 AM,1299.8,0,0.0,12113703.700000001
2025-08-01 09:40:56 AM,1299.8,2,2599.6,12116303.3
2025-08-01 09:41:02 AM,1299.6,0,0.0,12116303.3
2025-08-01 09:41:03 AM,1299.6,5,6498.0,12122801.3
2025-08-01 09:41:10 AM,1299.8,4,5199.2,12128000.5
2025-08-01 09:41:16 AM,1299.3,1,1299.3,12129299.8
2025-08-01 09:41:19 AM,1299.7,0,0.0,12129299.8
2025-08-01 09:41:23 AM,1299.7,4,5198.8,12134498.600000001
2025-08-01 09:41:27 AM,1299.1,0,0.0,12134498.600000001
2025-08-01 09:41:30 AM,1297.1,16,20753.6,12155252.200000001
2025-08-01 09:41:35 AM,1298.6,0,0.0,12155252.200000001
2025-08-01 09:41:36 AM,1298.6,4,5194.4,12160446.600000001
2025-08-01 09:41:39 AM,1298.9,0,0.0,12160446.600000001
2025-08-01 09:41:43 AM,1298.9,116,150672.40000000002,12311119.000000002
2025-08-01 09:41:47 AM,1299.5,0,0.0,12311119.000000002
2025-08-01 09:41:49 AM,1299.1,7,9093.699999999999,12320212.700000001
2025-08-01 09:41:56 AM,1299.1,4,5196.4,12325409.100000001
2025-08-01 09:41:59 AM,1300.2,0,0.0,12325409.100000001
2025-08-01 09:42:02 AM,1300.2,351,456370.2,12781779.3
2025-08-01 09:42:03 AM,1300.7,4,5202.8,12786982.100000001
2025-08-01 09:42:12 AM,1301.4,0,0.0,12786982.100000001
2025-08-01 09:42:15 AM,1301.4,5,6507.0,12793489.100000001
2025-08-01 09:42:20 AM,1301.8,0,0.0,12793489.100000001
2025-08-01 09:42:22 AM,1301.8,5,6509.0,12799998.100000001
2025-08-01 09:42:28 AM,1301.0,4,5204.0,12805202.100000001
2025-08-01 09:42:38 AM,1300.9,0,0.0,12805202.100000001
2025-08-01 09:42:38 AM,1301.4,0,0.0,12805202.100000001
2025-08-01 09:42:41 AM,1301.9,3,3905.7000000000003,12809107.8
2025-08-01 09:42:42 AM,1300.9,0,0.0,12809107.8
2025-08-01 09:42:43 AM,1300.9,10,13009.0,12822116.8
2025-08-01 09:42:48 AM,1301.8,4,5207.2,12827324.0
2025-08-01 09:43:01 AM,1301.8,4,5207.2,12832531.2
2025-08-01 09:43:08 AM,1302.5,4,5210.0,12837741.2
2025-08-01 09:43:14 AM,1302.7,0,0.0,12837741.2
2025-08-01 09:43:15 AM,1302.7,4,5210.8,12842952.0
2025-08-01 09:43:18 AM,1302.6,0,0.0,12842952.0
2025-08-01 09:43:21 AM,1302.6,40,52104.0,12895056.0
2025-08-01 09:43:22 AM,1302.1,0,0.0,12895056.0
2025-08-01 09:43:27 AM,1302.1,4,5208.4,12900264.4
2025-08-01 09:43:30 AM,1300.4,0,0.0,12900264.4
2025-08-01 09:43:34 AM,1299.6,0,0.0,12900264.4
2025-08-01 09:43:34 AM,1299.6,49,63680.399999999994,12963944.8
2025-08-01 09:43:42 AM,1299.7,0,0.0,12963944.8
2025-08-01 09:43:46 AM,1300.4,0,0.0,12963944.8
2025-08-01 09:43:47 AM,1300.4,4,5201.6,12969146.4
2025-08-01 09:43:50 AM,1301.0,0,0.0,12969146.4
2025-08-01 09:43:54 AM,1301.0,4,5204.0,12974350.4
2025-08-01 09:44:00 AM,1300.8,24,31219.199999999997,13005569.6
2025-08-01 09:44:08 AM,1300.3,1,1300.3,13006869.9
2025-08-01 09:44:10 AM,1300.4,0,0.0,13006869.9
2025-08-01 09:44:14 AM,1299.8,14,18197.2,13025067.1
2025-08-01 09:44:18 AM,1300.8,0,0.0,13025067.1
2025-08-01 09:44:21 AM,1300.8,5,6504.0,13031571.1
2025-08-01 09:44:22 AM,1297.1,0,0.0,13031571.1
2025-08-01 09:44:26 AM,1299.4,0,0.0,13031571.1
2025-08-01 09:44:27 AM,1299.4,105,136437.0,13168008.1
2025-08-01 09:44:34 AM,1298.4,0,0.0,13168008.1
2025-08-01 09:44:36 AM,1299.2,0,0.0,13168008.1
2025-08-01 09:44:40 AM,1299.2,5,6496.0,13174504.1
2025-08-01 09:44:41 AM,1298.7,6,7792.200000000001,13182296.299999999
2025-08-01 09:44:46 AM,1299.3,4,5197.2,13187493.499999998
2025-08-01 09:44:52 AM,1298.9,1,1298.9,13188792.399999999
2025-08-01 09:44:53 AM,1299.4,4,5197.6,13193989.999999998
2025-08-01 09:44:56 AM,1299.0,0,0.0,13193989.999999998
2025-08-01 09:44:59 AM,1299.0,1,1299.0,13195288.999999998
2025-08-01 09:45:00 AM,1299.5,0,0.0,13195288.999999998
2025-08-01 09:45:00 AM,1299.5,1,1299.5,13196588.499999998
2025-08-01 09:45:06 AM,1299.5,1,1299.5,13197887.999999998
2025-08-01 09:45:07 AM,1299.0,1,1299.0,13199186.999999998
2025-08-01 09:45:08 AM,1299.9,0,0.0,13199186.999999998
2025-08-01 09:45:12 AM,1299.9,36,46796.4,13245983.399999999
2025-08-01 09:45:19 AM,1297.2,0,0.0,13245983.399999999
2025-08-01 09:45:19 AM,1296.6,99,128363.4,13374346.799999999
2025-08-01 09:45:25 AM,1294.2,69,89299.8,13463646.6
2025-08-01 09:45:30 AM,1293.7,0,0.0,13463646.6
2025-08-01 09:45:32 AM,1293.7,3,3881.1000000000004,13467527.7
2025-08-01 09:45:45 AM,1296.3,32,41481.6,13509009.299999999
2025-08-01 09:46:04 AM,1295.9,0,0.0,13509009.299999999
2025-08-01 09:46:04 AM,1295.9,2,2591.8,13511601.1
2025-08-01 09:46:09 AM,1296.4,0,0.0,13511601.1
2025-08-01 09:46:11 AM,1296.4,1,1296.4,13512897.5
2025-08-01 09:46:19 AM,1296.8,20,25936.0,13538833.5
2025-08-01 09:46:38 AM,1294.4,60,77664.0,13616497.5
2025-08-01 09:46:55 AM,1294.3,2,2588.6,13619086.1
2025-08-01 09:47:09 AM,1294.3,1,1294.3,13620380.4
2025-08-01 09:47:14 AM,1295.2,2,2590.4,13622970.8
2025-08-01 09:47:19 AM,1295.4,0,0.0,13622970.8
2025-08-01 09:47:20 AM,1295.4,10,12954.0,13635924.8
2025-08-01 09:47:32 AM,1293.9,0,0.0,13635924.8
2025-08-01 09:47:35 AM,1293.9,1,1293.9,13637218.700000001
2025-08-01 09:47:43 AM,1294.4,0,0.0,13637218.700000001
2025-08-01 09:47:46 AM,1294.4,1,1294.4,13638513.100000001
2025-08-01 09:49:21 AM,1294.0,0,0.0,13638513.100000001
2025-08-01 09:49:22 AM,1294.0,1,1294.0,13639807.100000001
2025-08-01 09:49:41 AM,1295.9,9,11663.1,13651470.200000001
2025-08-01 09:49:51 AM,1294.4,0,0.0,13651470.200000001
2025-08-01 09:49:53 AM,1294.4,82,106140.8,13757611.000000002
2025-08-01 09:49:55 AM,1294.5,0,0.0,13757611.000000002
2025-08-01 09:49:56 AM,1294.5,2,2589.0,13760200.000000002
2025-08-01 09:49:58 AM,1295.2,0,0.0,13760200.000000002
2025-08-01 09:50:00 AM,1295.2,1,1295.2,13761495.200000001
2025-08-01 09:50:02 AM,1296.7,0,0.0,13761495.200000001
2025-08-01 09:50:03 AM,1296.7,50,64835.0,13826330.200000001
2025-08-01 09:50:08 AM,1295.9,0,0.0,13826330.200000001
2025-08-01 09:50:09 AM,1295.9,5,6479.5,13832809.700000001
2025-08-01 09:50:17 AM,1295.2,0,0.0,13832809.700000001
2025-08-01 09:50:19 AM,1295.2,4,5180.8,13837990.500000002
2025-08-01 09:50:28 AM,1295.2,10,12952.0,13850942.500000002
2025-08-01 09:50:40 AM,1295.1,0,0.0,13850942.500000002
2025-08-01 09:50:41 AM,1295.1,13,16836.3,13867778.800000003
2025-08-01 09:50:55 AM,1295.2,0,0.0,13867778.800000003
2025-08-01 09:50:57 AM,1295.2,1,1295.2,13869074.000000002
2025-08-01 09:51:09 AM,1295.6,0,0.0,13869074.000000002
2025-08-01 09:51:10 AM,1295.6,20,25912.0,13894986.000000002
2025-08-01 09:51:24 AM,1296.8,0,0.0,13894986.000000002
2025-08-01 09:51:24 AM,1296.8,1,1296.8,13896282.800000003
2025-08-01 09:52:16 AM,1295.5,0,0.0,13896282.800000003
2025-08-01 09:52:18 AM,1295.5,2,2591.0,13898873.800000003
2025-08-01 09:53:21 AM,1294.5,114,147573.0,14046446.800000003
2025-08-01 09:53:23 AM,1294.6,0,0.0,14046446.800000003
2025-08-01 09:53:25 AM,1294.6,13,16829.8,14063276.600000003
2025-08-01 09:53:35 AM,1295.5,0,0.0,14063276.600000003
2025-08-01 09:53:37 AM,1295.5,26,33683.0,14096959.600000003
2025-08-01 09:53:42 AM,1296.7,0,0.0,14096959.600000003
2025-08-01 09:53:44 AM,1296.7,6,7780.200000000001,14104739.800000003
2025-08-01 09:53:46 AM,1296.7,1,1296.7,14106036.500000002
2025-08-01 09:53:53 AM,1295.6,0,0.0,14106036.500000002
2025-08-01 09:53:56 AM,1295.6,20,25912.0,14131948.500000002
2025-08-01 09:54:02 AM,1295.8,0,0.0,14131948.500000002
2025-08-01 09:54:02 AM,1295.8,1,1295.8,14133244.300000003
2025-08-01 09:54:08 AM,1295.8,1,1295.8,14134540.100000003
2025-08-01 09:54:15 AM,1295.8,2,2591.6,14137131.700000003
2025-08-01 09:54:51 AM,1295.0,0,0.0,14137131.700000003
2025-08-01 09:54:52 AM,1295.0,21,27195.0,14164326.700000003
2025-08-01 09:55:03 AM,1294.9,0,0.0,14164326.700000003
2025-08-01 09:55:04 AM,1294.9,1,1294.9,14165621.600000003
2025-08-01 09:55:45 AM,1294.1,0,0.0,14165621.600000003
2025-08-01 09:55:45 AM,1294.1,27,34940.7,14200562.300000003
2025-08-01 09:55:59 AM,1295.5,0,0.0,14200562.300000003
2025-08-01 09:56:03 AM,1295.5,2,2591.0,14203153.300000003
2025-08-01 09:56:04 AM,1294.2,3,3882.6000000000004,14207035.900000002
2025-08-01 09:56:29 AM,1295.7,0,0.0,14207035.900000002
2025-08-01 09:56:30 AM,1294.1,0,0.0,14207035.900000002
2025-08-01 09:56:33 AM,1294.1,28,36234.799999999996,14243270.700000003
2025-08-01 09:56:41 AM,1294.0,0,0.0,14243270.700000003
2025-08-01 09:56:45 AM,1294.0,28,36232.0,14279502.700000003
2025-08-01 09:57:03 AM,1294.1,20,25882.0,14305384.700000003
2025-08-01 09:57:15 AM,1293.4,43,55616.200000000004,14361000.900000002
2025-08-01 09:57:40 AM,1293.0,0,0.0,14361000.900000002
2025-08-01 09:57:40 AM,1293.0,3,3879.0,14364879.900000002
2025-08-01 09:58:00 AM,1293.7,0,0.0,14364879.900000002
2025-08-01 09:58:02 AM,1293.7,1,1293.7,14366173.600000001
2025-08-01 09:58:08 AM,1291.4,59,76192.6,14442366.200000001
2025-08-01 09:58:23 AM,1291.8,3,3875.3999999999996,14446241.600000001
2025-08-01 09:58:32 AM,1290.9,2,2581.8,14448823.400000002
2025-08-01 09:58:39 AM,1292.9,174,224964.6,14673788.000000002
2025-08-01 09:58:53 AM,1293.3,0,0.0,14673788.000000002
2025-08-01 09:58:54 AM,1293.3,9,11639.699999999999,14685427.700000001
2025-08-01 09:59:01 AM,1291.8,0,0.0,14685427.700000001
2025-08-01 09:59:03 AM,1291.8,17,21960.6,14707388.3
2025-08-01 09:59:12 AM,1291.3,1,1291.3,14708679.600000001
2025-08-01 09:59:34 AM,1292.6,0,0.0,14708679.600000001
2025-08-01 09:59:34 AM,1292.6,20,25852.0,14734531.600000001
2025-08-01 09:59:43 AM,1292.0,1,1292.0,14735823.600000001
2025-08-01 10:00:05 AM,1291.3,9,11621.699999999999,14747445.3
2025-08-01 10:00:21 AM,1291.3,1,1291.3,14748736.600000001
2025-08-01 10:00:27 AM,1291.3,2,2582.6,14751319.200000001
2025-08-01 10:01:02 AM,1291.3,1,1291.3,14752610.500000002
2025-08-01 10:01:07 AM,1290.3,0,0.0,14752610.500000002
2025-08-01 10:01:08 AM,1290.3,95,122578.5,14875189.000000002
2025-08-01 10:01:22 AM,1291.8,0,0.0,14875189.000000002
2025-08-01 10:01:24 AM,1291.8,8,10334.4,14885523.400000002
2025-08-01 10:01:34 AM,1292.2,0,0.0,14885523.400000002
2025-08-01 10:01:36 AM,1292.2,1,1292.2,14886815.600000001
2025-08-01 10:01:55 AM,1292.1,0,0.0,14886815.600000001
2025-08-01 10:01:55 AM,1292.1,1,1292.1,14888107.700000001
2025-08-01 10:02:14 AM,1291.9,0,0.0,14888107.700000001
2025-08-01 10:02:14 AM,1291.9,10,12919.0,14901026.700000001
2025-08-01 10:02:26 AM,1293.7,0,0.0,14901026.700000001
2025-08-01 10:02:27 AM,1293.7,25,32342.5,14933369.200000001
2025-08-01 10:02:29 AM,1294.4,1,1294.4,14934663.600000001
2025-08-01 10:02:39 AM,1294.2,0,0.0,14934663.600000001
2025-08-01 10:02:39 AM,1294.2,1,1294.2,14935957.8
2025-08-01 10:02:44 AM,1293.5,0,0.0,14935957.8
2025-08-01 10:02:46 AM,1293.5,11,14228.5,14950186.3
2025-08-01 10:02:59 AM,1293.5,31,40098.5,14990284.8
2025-08-01 10:03:18 AM,1293.5,2,2587.0,14992871.8
2025-08-01 10:03:29 AM,1299.5,0,0.0,14992871.8
2025-08-01 10:03:31 AM,1297.2,1131,1467133.2,16460005.0
2025-08-01 10:03:39 AM,1296.7,49,63538.3,16523543.3
2025-08-01 10:03:49 AM,1296.8,0,0.0,16523543.3
2025-08-01 10:03:49 AM,1296.8,1,1296.8,16524840.100000001
2025-08-01 10:04:14 AM,1297.9,19,24660.100000000002,16549500.200000001
2025-08-01 10:04:27 AM,1297.6,4,5190.4,16554690.600000001
2025-08-01 10:04:46 AM,1299.4,18,23389.2,16578079.8
2025-08-01 10:05:14 AM,1299.8,0,0.0,16578079.8
2025-08-01 10:05:17 AM,1299.8,4,5199.2,16583279.0
2025-08-01 10:05:41 AM,1298.3,10,12983.0,16596262.0
2025-08-01 10:06:05 AM,1297.6,74,96022.4,16692284.4
2025-08-01 10:06:19 AM,1297.5,4,5190.0,16697474.4
2025-08-01 10:06:47 AM,1297.5,1,1297.5,16698771.9
2025-08-01 10:06:49 AM,1295.4,8,10363.2,16709135.1
2025-08-01 10:07:26 AM,1295.4,1,1295.4,16710430.5
2025-08-01 10:07:42 AM,1295.4,1,1295.4,16711725.9
2025-08-01 10:08:01 AM,1293.8,0,0.0,16711725.9
2025-08-01 10:08:01 AM,1293.8,12,15525.599999999999,16727251.5
2025-08-01 10:08:15 AM,1295.5,23,29796.5,16757048.0
2025-08-01 10:08:29 AM,1296.4,0,0.0,16757048.0
2025-08-01 10:08:32 AM,1296.4,1,1296.4,16758344.4
2025-08-01 10:08:33 AM,1297.1,0,0.0,16758344.4
2025-08-01 10:08:33 AM,1297.1,10,12971.0,16771315.4
2025-08-01 10:08:47 AM,1298.4,0,0.0,16771315.4
2025-08-01 10:08:50 AM,1298.4,1,1298.4,16772613.8
2025-08-01 10:10:13 AM,1296.1,84,108872.4,16881486.2
2025-08-01 10:10:17 AM,1291.2,190,245328.0,17126814.2
2025-08-01 10:10:35 AM,1297.9,1000,1297900.0,18424714.2
2025-08-01 10:10:36 AM,1293.2,17,21984.4,18446698.599999998
2025-08-01 10:10:44 AM,1295.9,0,0.0,18446698.599999998
2025-08-01 10:10:47 AM,1295.9,2,2591.8,18449290.4
2025-08-01 10:10:53 AM,1297.3,0,0.0,18449290.4
2025-08-01 10:10:53 AM,1297.3,8,10378.4,18459668.799999997
2025-08-01 10:11:08 AM,1295.7,0,0.0,18459668.799999997
2025-08-01 10:11:11 AM,1296.7,0,0.0,18459668.799999997
2025-08-01 10:11:11 AM,1296.7,34,44087.8,18503756.599999998
2025-08-01 10:11:22 AM,1295.0,1,1295.0,18505051.599999998
2025-08-01 10:11:44 AM,1296.5,0,0.0,18505051.599999998
2025-08-01 10:11:45 AM,1296.5,3,3889.5,18508941.099999998
2025-08-01 10:11:51 AM,1297.2,59,76534.8,18585475.9
2025-08-01 10:12:14 AM,1299.0,0,0.0,18585475.9
2025-08-01 10:12:15 AM,1299.0,17,22083.0,18607558.9
2025-08-01 10:12:32 AM,1293.2,0,0.0,18607558.9
2025-08-01 10:12:32 AM,1293.2,1183,1529855.6,20137414.5
2025-08-01 10:12:41 AM,1295.2,0,0.0,20137414.5
2025-08-01 10:12:43 AM,1295.2,21,27199.2,20164613.7
2025-08-01 10:12:47 AM,1295.8,0,0.0,20164613.7
2025-08-01 10:12:49 AM,1295.8,21,27211.8,20191825.5
2025-08-01 10:13:18 AM,1295.8,6,7774.799999999999,20199600.3
2025-08-01 10:13:23 AM,1296.1,0,0.0,20199600.3
2025-08-01 10:13:25 AM,1296.1,1,1296.1,20200896.400000002
2025-08-01 10:13:25 AM,1297.1,3,3891.2999999999997,20204787.700000003
2025-08-01 10:13:26 AM,1297.9,0,0.0,20204787.700000003
2025-08-01 10:13:30 AM,1297.9,15,19468.5,20224256.200000003
2025-08-01 10:13:44 AM,1298.7,0,0.0,20224256.200000003
2025-08-01 10:13:48 AM,1298.7,5,6493.5,20230749.700000003
2025-08-01 10:13:53 AM,1299.0,0,0.0,20230749.700000003
2025-08-01 10:13:55 AM,1299.0,14,18186.0,20248935.700000003
2025-08-01 10:14:17 AM,1299.0,1,1299.0,20250234.700000003
2025-08-01 10:14:40 AM,1299.0,8,10392.0,20260626.700000003
2025-08-01 10:14:58 AM,1299.0,1,1299.0,20261925.700000003
2025-08-01 10:15:03 AM,1299.0,2,2598.0,20264523.700000003
2025-08-01 10:15:33 AM,1299.0,10,12990.0,20277513.700000003
2025-08-01 10:16:15 AM,1298.4,2,2596.8,20280110.500000004
2025-08-01 10:16:47 AM,1299.6,0,0.0,20280110.500000004
2025-08-01 10:16:49 AM,1299.6,50,64979.99999999999,20345090.500000004
2025-08-01 10:16:53 AM,1299.9,0,0.0,20345090.500000004
2025-08-01 10:16:55 AM,1299.9,2,2599.8,20347690.300000004
2025-08-01 10:17:02 AM,1299.4,0,0.0,20347690.300000004
2025-08-01 10:17:04 AM,1300.6,0,0.0,20347690.300000004
2025-08-01 10:17:06 AM,1300.6,24,31214.399999999998,20378904.700000003
2025-08-01 10:17:16 AM,1300.1,0,0.0,20378904.700000003
2025-08-01 10:17:17 AM,1300.1,1,1300.1,20380204.800000004
2025-08-01 10:18:07 AM,1300.5,0,0.0,20380204.800000004
2025-08-01 10:18:10 AM,1300.5,6,7803.0,20388007.800000004
2025-08-01 10:18:21 AM,1299.5,10,12995.0,20401002.800000004
2025-08-01 10:18:35 AM,1300.8,0,0.0,20401002.800000004
2025-08-01 10:18:39 AM,1300.8,1,1300.8,20402303.600000005
2025-08-01 10:18:54 AM,1300.1,0,0.0,20402303.600000005
2025-08-01 10:18:56 AM,1300.1,10,13001.0,20415304.600000005
2025-08-01 10:20:15 AM,1300.8,0,0.0,20415304.600000005
2025-08-01 10:20:15 AM,1300.8,3,3902.3999999999996,20419207.000000004
2025-08-01 10:20:21 AM,1300.9,0,0.0,20419207.000000004
2025-08-01 10:20:21 AM,1300.9,7,9106.300000000001,20428313.300000004
2025-08-01 10:20:27 AM,1300.5,10,13005.0,20441318.300000004
2025-08-01 10:20:57 AM,1300.1,0,0.0,20441318.300000004
2025-08-01 10:20:57 AM,1300.1,10,13001.0,20454319.300000004
2025-08-01 10:21:11 AM,1301.0,0,0.0,20454319.300000004
2025-08-01 10:21:13 AM,1301.0,1,1301.0,20455620.300000004
2025-08-01 10:21:21 AM,1301.0,8,10408.0,20466028.300000004
2025-08-01 10:21:56 AM,1299.5,0,0.0,20466028.300000004
2025-08-01 10:21:58 AM,1299.5,10,12995.0,20479023.300000004
2025-08-01 10:22:14 AM,1301.0,0,0.0,20479023.300000004
2025-08-01 10:22:15 AM,1301.0,2,2602.0,20481625.300000004
2025-08-01 10:22:35 AM,1301.0,11,14311.0,20495936.300000004
2025-08-01 10:22:46 AM,1302.1,39,50781.899999999994,20546718.200000003
2025-08-01 10:22:59 AM,1301.6,0,0.0,20546718.200000003
2025-08-01 10:23:00 AM,1302.4,3,3907.2000000000003,20550625.400000002
2025-08-01 10:23:01 AM,1301.6,0,0.0,20550625.400000002
2025-08-01 10:23:02 AM,1303.1,0,0.0,20550625.400000002
2025-08-01 10:23:02 AM,1303.1,32,41699.2,20592324.6
2025-08-01 10:23:11 AM,1302.1,0,0.0,20592324.6
2025-08-01 10:23:11 AM,1302.1,1,1302.1,20593626.700000003
2025-08-01 10:23:17 AM,1298.6,0,0.0,20593626.700000003
2025-08-01 10:23:17 AM,1298.6,500,649300.0,21242926.700000003
2025-08-01 10:23:43 AM,1300.8,0,0.0,21242926.700000003
2025-08-01 10:23:43 AM,1300.8,82,106665.59999999999,21349592.300000004
2025-08-01 10:23:44 AM,1301.6,0,0.0,21349592.300000004
2025-08-01 10:23:45 AM,1301.6,25,32539.999999999996,21382132.300000004
2025-08-01 10:24:07 AM,1301.7,0,0.0,21382132.300000004
2025-08-01 10:24:07 AM,1301.7,36,46861.200000000004,21428993.500000004
2025-08-01 10:24:13 AM,1303.1,0,0.0,21428993.500000004
2025-08-01 10:24:16 AM,1303.1,6,7818.599999999999,21436812.100000005
2025-08-01 10:24:24 AM,1301.3,10,13013.0,21449825.100000005
2025-08-01 10:24:44 AM,1302.4,0,0.0,21449825.100000005
2025-08-01 10:24:46 AM,1302.4,2,2604.8,21452429.900000006
2025-08-01 10:24:59 AM,1300.7,0,0.0,21452429.900000006
2025-08-01 10:25:00 AM,1300.7,10,13007.0,21465436.900000006
2025-08-01 10:25:14 AM,1302.3,0,0.0,21465436.900000006
2025-08-01 10:25:14 AM,1302.3,1,1302.3,21466739.200000007
2025-08-01 10:25:26 AM,1302.3,10,13023.0,21479762.200000007
2025-08-01 10:25:33 AM,1300.7,0,0.0,21479762.200000007
2025-08-01 10:25:35 AM,1300.7,8,10405.6,21490167.80000001
2025-08-01 10:25:50 AM,1302.1,0,0.0,21490167.80000001
2025-08-01 10:25:51 AM,1302.1,1,1302.1,21491469.90000001
2025-08-01 10:25:59 AM,1300.3,0,0.0,21491469.90000001
2025-08-01 10:25:59 AM,1300.3,10,13003.0,21504472.90000001
2025-08-01 10:26:21 AM,1302.0,0,0.0,21504472.90000001
2025-08-01 10:26:21 AM,1302.0,124,161448.0,21665920.90000001
2025-08-01 10:26:35 AM,1303.0,0,0.0,21665920.90000001
2025-08-01 10:26:36 AM,1303.0,34,44302.0,21710222.90000001
2025-08-01 10:26:42 AM,1304.5,0,0.0,21710222.90000001
2025-08-01 10:26:42 AM,1304.5,2,2609.0,21712831.90000001
2025-08-01 10:26:44 AM,1305.0,0,0.0,21712831.90000001
2025-08-01 10:26:44 AM,1305.0,4,5220.0,21718051.90000001
2025-08-01 10:26:50 AM,1304.9,0,0.0,21718051.90000001
2025-08-01 10:26:50 AM,1304.9,2,2609.8,21720661.70000001
2025-08-01 10:27:06 AM,1304.3,0,0.0,21720661.70000001
2025-08-01 10:27:08 AM,1304.3,5,6521.5,21727183.20000001
2025-08-01 10:27:13 AM,1305.0,259,337995.0,22065178.20000001
2025-08-01 10:27:21 AM,1304.6,0,0.0,22065178.20000001
2025-08-01 10:27:21 AM,1304.6,5,6523.0,22071701.20000001
2025-08-01 10:27:27 AM,1305.9,14,18282.600000000002,22089983.800000012
2025-08-01 10:27:32 AM,1305.0,0,0.0,22089983.800000012
2025-08-01 10:27:32 AM,1305.0,1,1305.0,22091288.800000012
2025-08-01 10:27:35 AM,1304.8,0,0.0,22091288.800000012
2025-08-01 10:27:35 AM,1304.8,5,6524.0,22097812.800000012
2025-08-01 10:27:57 AM,1305.7,0,0.0,22097812.800000012
2025-08-01 10:27:57 AM,1305.7,5,6528.5,22104341.300000012
2025-08-01 10:27:59 AM,1304.2,0,0.0,22104341.300000012
2025-08-01 10:28:00 AM,1304.2,5,6521.0,22110862.300000012
2025-08-01 10:28:05 AM,1305.7,50,65285.0,22176147.300000012
2025-08-01 10:28:14 AM,1306.3,0,0.0,22176147.300000012
2025-08-01 10:28:16 AM,1306.3,1,1306.3,22177453.600000013
2025-08-01 10:28:35 AM,1304.9,5,6524.5,22183978.100000013
2025-08-01 10:28:39 AM,1305.8,0,0.0,22183978.100000013
2025-08-01 10:28:41 AM,1305.8,1,1305.8,22185283.900000013
2025-08-01 10:29:00 AM,1304.5,0,0.0,22185283.900000013
2025-08-01 10:29:01 AM,1304.5,5,6522.5,22191806.400000013
2025-08-01 10:29:12 AM,1304.6,0,0.0,22191806.400000013
2025-08-01 10:29:12 AM,1304.6,5,6523.0,22198329.400000013
2025-08-01 10:29:22 AM,1306.1,0,0.0,22198329.400000013
2025-08-01 10:29:23 AM,1306.1,2,2612.2,22200941.600000013
2025-08-01 10:29:40 AM,1306.3,0,0.0,22200941.600000013
2025-08-01 10:29:42 AM,1306.3,5,6531.5,22207473.100000013
2025-08-01 10:29:59 AM,1306.3,13,16981.899999999998,22224455.00000001
2025-08-01 10:30:13 AM,1307.2,0,0.0,22224455.00000001
2025-08-01 10:30:13 AM,1307.2,2,2614.4,22227069.40000001
2025-08-01 10:30:16 AM,1305.7,0,0.0,22227069.40000001
2025-08-01 10:30:16 AM,1305.7,5,6528.5,22233597.90000001
2025-08-01 10:30:30 AM,1305.3,1,1305.3,22234903.20000001
2025-08-01 10:30:39 AM,1305.3,5,6526.5,22241429.70000001
2025-08-01 10:30:58 AM,1304.5,5,6522.5,22247952.20000001
2025-08-01 10:31:51 AM,1304.4,0,0.0,22247952.20000001
2025-08-01 10:31:53 AM,1304.4,5,6522.0,22254474.20000001
2025-08-01 10:31:56 AM,1304.2,26,33909.200000000004,22288383.40000001
2025-08-01 10:32:09 AM,1303.8,0,0.0,22288383.40000001
2025-08-01 10:32:09 AM,1303.8,5,6519.0,22294902.40000001
2025-08-01 10:32:15 AM,1304.0,0,0.0,22294902.40000001
2025-08-01 10:32:16 AM,1304.0,47,61288.0,22356190.40000001
2025-08-01 10:32:19 AM,1303.9,0,0.0,22356190.40000001
2025-08-01 10:32:19 AM,1303.9,12,15646.800000000001,22371837.20000001
2025-08-01 10:32:22 AM,1305.5,1,1305.5,22373142.70000001
2025-08-01 10:32:26 AM,1303.8,5,6519.0,22379661.70000001
2025-08-01 10:32:32 AM,1305.8,0,0.0,22379661.70000001
2025-08-01 10:32:32 AM,1305.8,1,1305.8,22380967.50000001
2025-08-01 10:32:38 AM,1306.1,0,0.0,22380967.50000001
2025-08-01 10:32:38 AM,1305.4,0,0.0,22380967.50000001
2025-08-01 10:32:38 AM,1305.4,2,2610.8,22383578.300000012
2025-08-01 10:32:44 AM,1304.7,0,0.0,22383578.300000012
2025-08-01 10:32:44 AM,1304.7,5,6523.5,22390101.800000012
2025-08-01 10:33:04 AM,1304.7,5,6523.5,22396625.300000012
2025-08-01 10:33:15 AM,1306.4,1,1306.4,22397931.70000001
2025-08-01 10:33:18 AM,1306.4,1,1306.4,22399238.10000001
2025-08-01 10:34:53 AM,1307.3,44,57521.2,22456759.30000001
2025-08-01 10:35:02 AM,1304.5,0,0.0,22456759.30000001
2025-08-01 10:35:02 AM,1304.5,45,58702.5,22515461.80000001
2025-08-01 10:35:16 AM,1305.1,0,0.0,22515461.80000001
2025-08-01 10:35:16 AM,1305.1,2,2610.2,22518072.000000007
2025-08-01 10:36:14 AM,1305.8,0,0.0,22518072.000000007
2025-08-01 10:36:15 AM,1305.8,5,6529.0,22524601.000000007
2025-08-01 10:36:24 AM,1306.1,1,1306.1,22525907.10000001
2025-08-01 10:36:26 AM,1304.8,0,0.0,22525907.10000001
2025-08-01 10:36:27 AM,1304.8,16,20876.8,22546783.90000001
2025-08-01 10:36:37 AM,1304.8,1,1304.8,22548088.70000001
2025-08-01 10:37:11 AM,1305.9,100,130590.00000000001,22678678.70000001
2025-08-01 10:37:21 AM,1306.0,0,0.0,22678678.70000001
2025-08-01 10:37:21 AM,1306.0,6,7836.0,22686514.70000001
2025-08-01 10:37:35 AM,1304.8,10,13048.0,22699562.70000001
2025-08-01 10:38:03 AM,1304.8,2,2609.6,22702172.300000012
2025-08-01 10:38:13 AM,1305.2,0,0.0,22702172.300000012
2025-08-01 10:38:13 AM,1305.2,7,9136.4,22711308.70000001
2025-08-01 10:38:27 AM,1306.9,0,0.0,22711308.70000001
2025-08-01 10:38:28 AM,1306.9,1,1306.9,22712615.60000001
2025-08-01 10:38:46 AM,1306.0,6,7836.0,22720451.60000001
2025-08-01 10:38:47 AM,1305.8,0,0.0,22720451.60000001
2025-08-01 10:38:49 AM,1305.8,4,5223.2,22725674.80000001
2025-08-01 10:39:38 AM,1306.7,0,0.0,22725674.80000001
2025-08-01 10:39:39 AM,1306.7,32,41814.4,22767489.200000007
2025-08-01 10:39:48 AM,1306.1,0,0.0,22767489.200000007
2025-08-01 10:39:50 AM,1306.1,2,2612.2,22770101.400000006
2025-08-01 10:40:03 AM,1305.1,0,0.0,22770101.400000006
2025-08-01 10:40:04 AM,1305.1,8,10440.8,22780542.200000007
2025-08-01 10:42:07 AM,1305.9,0,0.0,22780542.200000007
2025-08-01 10:42:09 AM,1305.9,90,117531.00000000001,22898073.200000007
2025-08-01 10:42:23 AM,1306.5,0,0.0,22898073.200000007
2025-08-01 10:42:26 AM,1306.5,5,6532.5,22904605.700000007
2025-08-01 10:42:39 AM,1304.9,0,0.0,22904605.700000007
2025-08-01 10:42:39 AM,1304.9,30,39147.0,22943752.700000007
2025-08-01 10:42:41 AM,1306.1,0,0.0,22943752.700000007
2025-08-01 10:42:42 AM,1306.1,1,1306.1,22945058.80000001
2025-08-01 10:42:44 AM,1306.2,0,0.0,22945058.80000001
2025-08-01 10:42:44 AM,1306.2,10,13062.0,22958120.80000001
2025-08-01 10:42:53 AM,1306.3,0,0.0,22958120.80000001
2025-08-01 10:42:53 AM,1306.3,24,31351.199999999997,22989472.000000007
2025-08-01 10:43:10 AM,1304.4,0,0.0,22989472.000000007
2025-08-01 10:43:10 AM,1304.4,16,20870.4,23010342.400000006
2025-08-01 10:43:12 AM,1302.7,0,0.0,23010342.400000006
2025-08-01 10:43:12 AM,1302.7,120,156324.0,23166666.400000006
2025-08-01 10:43:44 AM,1305.6,0,0.0,23166666.400000006
2025-08-01 10:43:44 AM,1305.6,37,48307.2,23214973.600000005
2025-08-01 10:43:52 AM,1303.7,0,0.0,23214973.600000005
2025-08-01 10:43:52 AM,1303.7,50,65185.0,23280158.600000005
2025-08-01 10:44:14 AM,1305.6,0,0.0,23280158.600000005
2025-08-01 10:44:16 AM,1305.6,5,6528.0,23286686.600000005
2025-08-01 10:44:30 AM,1305.8,20,26116.0,23312802.600000005
2025-08-01 10:44:44 AM,1306.3,0,0.0,23312802.600000005
2025-08-01 10:44:46 AM,1306.3,1,1306.3,23314108.900000006
2025-08-01 10:45:09 AM,1304.9,0,0.0,23314108.900000006
2025-08-01 10:45:10 AM,1304.9,15,19573.5,23333682.400000006
2025-08-01 10:45:13 AM,1306.3,0,0.0,23333682.400000006
2025-08-01 10:45:13 AM,1306.3,3,3918.8999999999996,23337601.300000004
2025-08-01 10:45:24 AM,1306.5,0,0.0,23337601.300000004
2025-08-01 10:45:24 AM,1306.5,1,1306.5,23338907.800000004
2025-08-01 10:45:32 AM,1305.0,2,2610.0,23341517.800000004
2025-08-01 10:45:58 AM,1306.5,0,0.0,23341517.800000004
2025-08-01 10:45:59 AM,1306.5,2,2613.0,23344130.800000004
2025-08-01 10:46:04 AM,1306.5,27,35275.5,23379406.300000004
2025-08-01 10:46:13 AM,1305.7,0,0.0,23379406.300000004
2025-08-01 10:46:14 AM,1305.7,1,1305.7,23380712.000000004
2025-08-01 10:46:31 AM,1306.5,8,10452.0,23391164.000000004
2025-08-01 10:46:40 AM,1305.8,0,0.0,23391164.000000004
2025-08-01 10:46:42 AM,1305.8,1,1305.8,23392469.800000004
2025-08-01 10:47:11 AM,1304.5,0,0.0,23392469.800000004
2025-08-01 10:47:15 AM,1304.5,35,45657.5,23438127.300000004
2025-08-01 10:47:16 AM,1305.0,10,13050.0,23451177.300000004
2025-08-01 10:47:30 AM,1305.1,0,0.0,23451177.300000004
2025-08-01 10:47:31 AM,1305.1,2,2610.2,23453787.500000004
2025-08-01 10:47:39 AM,1305.6,0,0.0,23453787.500000004
2025-08-01 10:47:41 AM,1305.6,19,24806.399999999998,23478593.900000002
2025-08-01 10:47:55 AM,1306.3,1,1306.3,23479900.200000003
2025-08-01 10:48:37 AM,1304.0,0,0.0,23479900.200000003
2025-08-01 10:48:37 AM,1304.0,61,79544.0,23559444.200000003
2025-08-01 10:48:46 AM,1303.3,0,0.0,23559444.200000003
2025-08-01 10:48:47 AM,1303.3,1,1303.3,23560747.500000004
2025-08-01 10:48:51 AM,1303.9,0,0.0,23560747.500000004
2025-08-01 10:48:52 AM,1303.9,2,2607.8,23563355.300000004
2025-08-01 10:49:02 AM,1304.0,0,0.0,23563355.300000004
2025-08-01 10:49:03 AM,1304.0,15,19560.0,23582915.300000004
2025-08-01 10:49:08 AM,1302.6,0,0.0,23582915.300000004
2025-08-01 10:49:09 AM,1302.6,1,1302.6,23584217.900000006
2025-08-01 10:49:17 AM,1304.0,0,0.0,23584217.900000006
2025-08-01 10:49:19 AM,1304.0,1,1304.0,23585521.900000006
2025-08-01 10:49:24 AM,1304.0,15,19560.0,23605081.900000006
2025-08-01 10:49:46 AM,1304.0,1,1304.0,23606385.900000006
2025-08-01 10:50:33 AM,1301.7,0,0.0,23606385.900000006
2025-08-01 10:50:36 AM,1301.7,45,58576.5,23664962.400000006
2025-08-01 10:50:50 AM,1302.9,0,0.0,23664962.400000006
2025-08-01 10:50:53 AM,1302.9,2,2605.8,23667568.200000007
2025-08-01 10:53:09 AM,1303.9,112,146036.80000000002,23813605.000000007
2025-08-01 10:53:24 AM,1304.0,0,0.0,23813605.000000007
2025-08-01 10:53:24 AM,1304.0,6,7824.0,23821429.000000007
2025-08-01 10:53:30 AM,1304.9,0,0.0,23821429.000000007
2025-08-01 10:53:30 AM,1304.9,108,140929.2,23962358.200000007
2025-08-01 10:53:30 AM,1307.0,0,0.0,23962358.200000007
2025-08-01 10:53:31 AM,1307.0,57,74499.0,24036857.200000007
2025-08-01 10:53:34 AM,1308.3,0,0.0,24036857.200000007
2025-08-01 10:53:35 AM,1308.3,160,209328.0,24246185.200000007
2025-08-01 10:53:41 AM,1308.1,6,7848.599999999999,24254033.80000001
2025-08-01 10:53:51 AM,1308.1,9,11772.9,24265806.700000007
2025-08-01 10:54:13 AM,1308.1,5,6540.5,24272347.200000007
2025-08-01 10:54:22 AM,1309.0,0,0.0,24272347.200000007
2025-08-01 10:54:23 AM,1309.0,1,1309.0,24273656.200000007
2025-08-01 10:54:24 AM,1309.9,0,0.0,24273656.200000007
2025-08-01 10:54:24 AM,1309.9,6,7859.400000000001,24281515.600000005
2025-08-01 10:54:29 AM,1310.0,13,17030.0,24298545.600000005
2025-08-01 10:54:44 AM,1308.4,0,0.0,24298545.600000005
2025-08-01 10:54:44 AM,1308.4,48,62803.200000000004,24361348.800000004
2025-08-01 10:54:52 AM,1306.0,0,0.0,24361348.800000004
2025-08-01 10:54:54 AM,1307.9,0,0.0,24361348.800000004
2025-08-01 10:54:55 AM,1307.9,90,117711.00000000001,24479059.800000004
2025-08-01 10:55:10 AM,1307.3,5,6536.5,24485596.300000004
2025-08-01 10:55:11 AM,1305.3,15,19579.5,24505175.800000004
2025-08-01 10:55:16 AM,1304.9,0,0.0,24505175.800000004
2025-08-01 10:55:16 AM,1304.9,40,52196.0,24557371.800000004
2025-08-01 10:55:21 AM,1305.7,4,5222.8,24562594.600000005
2025-08-01 10:55:26 AM,1303.9,0,0.0,24562594.600000005
2025-08-01 10:55:27 AM,1303.9,1,1303.9,24563898.500000004
2025-08-01 10:55:44 AM,1304.8,0,0.0,24563898.500000004
2025-08-01 10:55:44 AM,1304.8,3,3914.3999999999996,24567812.900000002
2025-08-01 10:57:24 AM,1305.1,0,0.0,24567812.900000002
2025-08-01 10:57:24 AM,1305.1,8,10440.8,24578253.700000003
2025-08-01 10:58:28 AM,1305.6,1,1305.6,24579559.300000004
2025-08-01 10:58:40 AM,1305.5,0,0.0,24579559.300000004
2025-08-01 10:58:44 AM,1305.5,1,1305.5,24580864.800000004
2025-08-01 10:59:15 AM,1305.5,5,6527.5,24587392.300000004
2025-08-01 10:59:20 AM,1304.9,0,0.0,24587392.300000004
2025-08-01 10:59:20 AM,1304.9,64,83513.6,24670905.900000006
2025-08-01 10:59:24 AM,1305.1,0,0.0,24670905.900000006
2025-08-01 10:59:25 AM,1303.7,4,5214.8,24676120.700000007
2025-08-01 10:59:44 AM,1305.4,0,0.0,24676120.700000007
2025-08-01 10:59:47 AM,1305.4,3,3916.2000000000003,24680036.900000006
2025-08-01 11:01:37 AM,1305.8,0,0.0,24680036.900000006
2025-08-01 11:01:40 AM,1305.8,3,3917.3999999999996,24683954.300000004
2025-08-01 11:02:16 AM,1304.3,50,65215.0,24749169.300000004
2025-08-01 11:02:19 AM,1306.4,0,0.0,24749169.300000004
2025-08-01 11:02:22 AM,1306.4,100,130640.00000000001,24879809.300000004
2025-08-01 11:02:31 AM,1307.4,0,0.0,24879809.300000004
2025-08-01 11:02:34 AM,1307.4,3,3922.2000000000003,24883731.500000004
2025-08-01 11:02:45 AM,1307.8,5,6539.0,24890270.500000004
2025-08-01 11:03:36 AM,1307.8,12,15693.599999999999,24905964.100000005
2025-08-01 11:03:45 AM,1307.4,0,0.0,24905964.100000005
2025-08-01 11:03:47 AM,1307.4,1,1307.4,24907271.500000004
2025-08-01 11:03:52 AM,1306.8,8,10454.4,24917725.900000002
2025-08-01 11:03:59 AM,1307.1,0,0.0,24917725.900000002
2025-08-01 11:04:00 AM,1307.1,27,35291.7,24953017.6
2025-08-01 11:04:15 AM,1307.0,0,0.0,24953017.6
2025-08-01 11:04:15 AM,1307.0,2,2614.0,24955631.6
2025-08-01 11:04:51 AM,1307.0,4,5228.0,24960859.6
2025-08-01 11:05:28 AM,1305.9,18,23506.2,24984365.8
2025-08-01 11:05:37 AM,1306.1,0,0.0,24984365.8
2025-08-01 11:05:38 AM,1306.1,1,1306.1,24985671.900000002
2025-08-01 11:05:45 AM,1306.5,1,1306.5,24986978.400000002
2025-08-01 11:07:08 AM,1306.5,1,1306.5,24988284.900000002
2025-08-01 11:07:13 AM,1306.5,1,1306.5,24989591.400000002
2025-08-01 11:07:35 AM,1306.5,13,16984.5,25006575.900000002
2025-08-01 11:07:46 AM,1306.5,11,14371.5,25020947.400000002
2025-08-01 11:08:58 AM,1305.4,0,0.0,25020947.400000002
2025-08-01 11:08:59 AM,1305.4,9,11748.6,25032696.000000004
2025-08-01 11:09:09 AM,1305.4,1,1305.4,25034001.400000002
2025-08-01 11:09:13 AM,1306.6,0,0.0,25034001.400000002
2025-08-01 11:09:15 AM,1306.6,1,1306.6,25035308.000000004
2025-08-01 11:09:17 AM,1304.2,30,39126.0,25074434.000000004
2025-08-01 11:09:31 AM,1305.5,1,1305.5,25075739.500000004
2025-08-01 11:10:26 AM,1305.1,0,0.0,25075739.500000004
2025-08-01 11:10:27 AM,1305.1,11,14356.099999999999,25090095.600000005
2025-08-01 11:10:36 AM,1304.0,0,0.0,25090095.600000005
2025-08-01 11:10:38 AM,1304.0,27,35208.0,25125303.600000005
2025-08-01 11:10:49 AM,1303.9,60,78234.0,25203537.600000005
2025-08-01 11:10:52 AM,1304.1,0,0.0,25203537.600000005
2025-08-01 11:10:55 AM,1304.1,1,1304.1,25204841.700000007
2025-08-01 11:11:17 AM,1304.1,3,3912.2999999999997,25208754.000000007
2025-08-01 11:11:27 AM,1303.2,1,1303.2,25210057.200000007
2025-08-01 11:11:38 AM,1303.8,0,0.0,25210057.200000007
2025-08-01 11:11:39 AM,1303.8,10,13038.0,25223095.200000007
2025-08-01 11:11:54 AM,1303.9,0,0.0,25223095.200000007
2025-08-01 11:11:54 AM,1303.9,1,1303.9,25224399.100000005
2025-08-01 11:13:22 AM,1303.0,0,0.0,25224399.100000005
2025-08-01 11:13:25 AM,1303.0,90,117270.0,25341669.100000005
2025-08-01 11:13:32 AM,1303.0,23,29969.0,25371638.100000005
2025-08-01 11:13:39 AM,1304.1,0,0.0,25371638.100000005
2025-08-01 11:13:42 AM,1304.1,5,6520.5,25378158.600000005
2025-08-01 11:13:43 AM,1303.8,1,1303.8,25379462.400000006
2025-08-01 11:13:57 AM,1303.8,1,1303.8,25380766.200000007
2025-08-01 11:14:30 AM,1303.8,11,14341.8,25395108.000000007
2025-08-01 11:16:37 AM,1303.8,10,13038.0,25408146.000000007
2025-08-01 11:16:51 AM,1304.1,0,0.0,25408146.000000007
2025-08-01 11:16:53 AM,1304.1,1,1304.1,25409450.10000001
2025-08-01 11:17:00 AM,1304.1,5,6520.5,25415970.60000001
2025-08-01 11:17:23 AM,1305.1,0,0.0,25415970.60000001
2025-08-01 11:17:25 AM,1305.1,2,2610.2,25418580.80000001
2025-08-01 11:17:43 AM,1303.7,0,0.0,25418580.80000001
2025-08-01 11:17:43 AM,1303.7,5,6518.5,25425099.30000001
2025-08-01 11:17:51 AM,1305.1,0,0.0,25425099.30000001
2025-08-01 11:17:51 AM,1305.1,8,10440.8,25435540.10000001
2025-08-01 11:17:57 AM,1305.1,2,2610.2,25438150.30000001
2025-08-01 11:17:58 AM,1303.9,0,0.0,25438150.30000001
2025-08-01 11:17:58 AM,1303.9,13,16950.7,25455101.000000007
2025-08-01 11:18:09 AM,1303.9,14,18254.600000000002,25473355.60000001
2025-08-01 11:18:11 AM,1305.5,0,0.0,25473355.60000001
2025-08-01 11:18:13 AM,1305.5,379,494784.5,25968140.10000001
2025-08-01 11:18:15 AM,1305.5,1,1305.5,25969445.60000001
2025-08-01 11:18:23 AM,1305.7,0,0.0,25969445.60000001
2025-08-01 11:18:24 AM,1305.7,195,254611.5,26224057.10000001
2025-08-01 11:18:26 AM,1305.7,26,33948.200000000004,26258005.30000001
2025-08-01 11:18:41 AM,1306.3,0,0.0,26258005.30000001
2025-08-01 11:18:41 AM,1305.4,0,0.0,26258005.30000001
2025-08-01 11:18:41 AM,1305.4,249,325044.60000000003,26583049.90000001
2025-08-01 11:19:14 AM,1305.3,0,0.0,26583049.90000001
2025-08-01 11:19:15 AM,1304.5,0,0.0,26583049.90000001
2025-08-01 11:19:16 AM,1304.5,17,22176.5,26605226.40000001
2025-08-01 11:19:27 AM,1303.8,0,0.0,26605226.40000001
2025-08-01 11:19:27 AM,1303.8,9,11734.199999999999,26616960.60000001
2025-08-01 11:19:29 AM,1302.3,0,0.0,26616960.60000001
2025-08-01 11:19:32 AM,1302.3,1,1302.3,26618262.90000001
2025-08-01 11:19:43 AM,1303.8,11,14341.8,26632604.70000001
2025-08-01 11:19:45 AM,1303.9,0,0.0,26632604.70000001
2025-08-01 11:19:48 AM,1303.9,10,13039.0,26645643.70000001
2025-08-01 11:21:26 AM,1302.2,0,0.0,26645643.70000001
2025-08-01 11:21:28 AM,1302.2,12,15626.400000000001,26661270.10000001
2025-08-01 11:21:44 AM,1302.2,1,1302.2,26662572.30000001
2025-08-01 11:21:52 AM,1300.0,0,0.0,26662572.30000001
2025-08-01 11:21:54 AM,1300.0,139,180700.0,26843272.30000001
2025-08-01 11:22:02 AM,1298.3,0,0.0,26843272.30000001
2025-08-01 11:22:03 AM,1298.2,0,0.0,26843272.30000001
2025-08-01 11:22:04 AM,1298.2,27,35051.4,26878323.700000007
2025-08-01 11:22:18 AM,1299.1,0,0.0,26878323.700000007
2025-08-01 11:22:20 AM,1299.1,2,2598.2,26880921.900000006
2025-08-01 11:23:24 AM,1299.2,7,9094.4,26890016.300000004
2025-08-01 11:23:38 AM,1299.0,0,0.0,26890016.300000004
2025-08-01 11:23:39 AM,1299.0,1,1299.0,26891315.300000004
2025-08-01 11:23:44 AM,1304.1,0,0.0,26891315.300000004
2025-08-01 11:23:44 AM,1304.1,1000,1304100.0,28195415.300000004
2025-08-01 11:23:45 AM,1299.2,0,0.0,28195415.300000004
2025-08-01 11:23:49 AM,1299.2,25,32480.0,28227895.300000004
2025-08-01 11:23:58 AM,1301.1,0,0.0,28227895.300000004
2025-08-01 11:23:59 AM,1301.1,15,19516.5,28247411.800000004
2025-08-01 11:24:10 AM,1300.8,0,0.0,28247411.800000004
2025-08-01 11:24:13 AM,1299.6,0,0.0,28247411.800000004
2025-08-01 11:24:14 AM,1299.6,42,54583.2,28301995.000000004
2025-08-01 11:24:25 AM,1300.7,0,0.0,28301995.000000004
2025-08-01 11:24:25 AM,1300.7,6,7804.200000000001,28309799.200000003
2025-08-01 11:24:44 AM,1300.8,0,0.0,28309799.200000003
2025-08-01 11:24:46 AM,1300.8,6,7804.799999999999,28317604.000000004
2025-08-01 11:24:51 AM,1301.9,0,0.0,28317604.000000004
2025-08-01 11:24:52 AM,1301.9,9,11717.1,28329321.100000005
2025-08-01 11:25:13 AM,1301.9,9,11717.1,28341038.200000007
2025-08-01 11:25:39 AM,1301.9,1,1301.9,28342340.100000005
2025-08-01 11:25:39 AM,1301.9,2,2603.8,28344943.900000006
2025-08-01 11:25:53 AM,1302.8,0,0.0,28344943.900000006
2025-08-01 11:25:54 AM,1302.8,1,1302.8,28346246.700000007
2025-08-01 11:26:19 AM,1301.6,0,0.0,28346246.700000007
2025-08-01 11:26:20 AM,1301.6,10,13016.0,28359262.700000007
2025-08-01 11:26:46 AM,1302.5,10,13025.0,28372287.700000007
2025-08-01 11:26:55 AM,1301.4,0,0.0,28372287.700000007
2025-08-01 11:26:55 AM,1301.4,1,1301.4,28373589.100000005
2025-08-01 11:27:00 AM,1300.3,0,0.0,28373589.100000005
2025-08-01 11:27:00 AM,1300.3,16,20804.8,28394393.900000006
2025-08-01 11:27:08 AM,1300.8,0,0.0,28394393.900000006
2025-08-01 11:27:10 AM,1300.8,10,13008.0,28407401.900000006
2025-08-01 11:27:26 AM,1300.8,1,1300.8,28408702.700000007
2025-08-01 11:27:28 AM,1301.4,8,10411.2,28419113.900000006
2025-08-01 11:27:44 AM,1299.8,0,0.0,28419113.900000006
2025-08-01 11:27:47 AM,1299.8,39,50692.2,28469806.100000005
2025-08-01 11:28:01 AM,1300.7,0,0.0,28469806.100000005
2025-08-01 11:28:02 AM,1300.7,2,2601.4,28472407.500000004
2025-08-01 11:28:39 AM,1301.9,0,0.0,28472407.500000004
2025-08-01 11:28:41 AM,1301.9,100,130190.00000000001,28602597.500000004
2025-08-01 11:28:50 AM,1300.2,0,0.0,28602597.500000004
2025-08-01 11:28:50 AM,1300.2,6,7801.200000000001,28610398.700000003
2025-08-01 11:29:08 AM,1300.6,0,0.0,28610398.700000003
2025-08-01 11:29:08 AM,1300.6,5,6503.0,28616901.700000003
2025-08-01 11:30:19 AM,1299.5,0,0.0,28616901.700000003
2025-08-01 11:30:19 AM,1299.5,24,31188.0,28648089.700000003
2025-08-01 11:30:34 AM,1298.5,6,7791.0,28655880.700000003
2025-08-01 11:30:49 AM,1299.0,0,0.0,28655880.700000003
2025-08-01 11:30:49 AM,1299.0,1,1299.0,28657179.700000003
2025-08-01 11:30:51 AM,1297.8,0,0.0,28657179.700000003
2025-08-01 11:30:51 AM,1297.8,18,23360.399999999998,28680540.1
2025-08-01 11:30:53 AM,1299.6,0,0.0,28680540.1
2025-08-01 11:30:54 AM,1299.6,15,19494.0,28700034.1
2025-08-01 11:31:09 AM,1300.0,0,0.0,28700034.1
2025-08-01 11:31:10 AM,1300.0,1,1300.0,28701334.1
2025-08-01 11:32:09 AM,1299.3,0,0.0,28701334.1
2025-08-01 11:32:12 AM,1299.3,8,10394.4,28711728.5
2025-08-01 11:32:27 AM,1299.3,1,1299.3,28713027.8
2025-08-01 11:32:31 AM,1297.8,0,0.0,28713027.8
2025-08-01 11:32:32 AM,1297.8,1,1297.8,28714325.6
2025-08-01 11:32:49 AM,1297.6,0,0.0,28714325.6
2025-08-01 11:32:49 AM,1297.6,20,25952.0,28740277.6
2025-08-01 11:32:53 AM,1295.0,0,0.0,28740277.6
2025-08-01 11:32:53 AM,1295.0,100,129500.0,28869777.6
2025-08-01 11:32:54 AM,1294.1,0,0.0,28869777.6
2025-08-01 11:32:54 AM,1294.1,1,1294.1,28871071.700000003
2025-08-01 11:32:59 AM,1294.1,2,2588.2,28873659.900000002
2025-08-01 11:33:00 AM,1294.1,13,16823.3,28890483.200000003
2025-08-01 11:33:09 AM,1295.0,0,0.0,28890483.200000003
2025-08-01 11:33:09 AM,1295.0,4,5180.0,28895663.200000003
2025-08-01 11:33:14 AM,1294.5,0,0.0,28895663.200000003
2025-08-01 11:33:14 AM,1294.5,2,2589.0,28898252.200000003
2025-08-01 11:33:39 AM,1294.9,0,0.0,28898252.200000003
2025-08-01 11:33:39 AM,1294.9,1,1294.9,28899547.1
2025-08-01 11:33:55 AM,1294.5,1,1294.5,28900841.6
2025-08-01 11:34:03 AM,1294.1,0,0.0,28900841.6
2025-08-01 11:34:05 AM,1294.1,10,12941.0,28913782.6
2025-08-01 11:34:05 AM,1294.6,0,0.0,28913782.6
2025-08-01 11:34:05 AM,1294.6,1,1294.6,28915077.200000003
2025-08-01 11:34:19 AM,1295.6,0,0.0,28915077.200000003
2025-08-01 11:34:20 AM,1295.6,1,1295.6,28916372.800000004
2025-08-01 11:35:12 AM,1296.0,0,0.0,28916372.800000004
2025-08-01 11:35:13 AM,1296.0,10,12960.0,28929332.800000004
2025-08-01 11:35:13 AM,1294.1,98,126821.79999999999,29056154.600000005
2025-08-01 11:35:13 AM,1291.0,0,0.0,29056154.600000005
2025-08-01 11:35:16 AM,1292.4,0,0.0,29056154.600000005
2025-08-01 11:35:17 AM,1292.3,0,0.0,29056154.600000005
2025-08-01 11:35:18 AM,1292.3,87,112430.09999999999,29168584.700000007
2025-08-01 11:35:34 AM,1295.3,0,0.0,29168584.700000007
2025-08-01 11:35:34 AM,1295.3,5,6476.5,29175061.200000007
2025-08-01 11:35:39 AM,1294.8,0,0.0,29175061.200000007
2025-08-01 11:35:39 AM,1294.8,6,7768.799999999999,29182830.000000007
2025-08-01 11:35:57 AM,1293.0,0,0.0,29182830.000000007
2025-08-01 11:35:59 AM,1294.6,0,0.0,29182830.000000007
2025-08-01 11:36:00 AM,1294.6,50,64729.99999999999,29247560.000000007
2025-08-01 11:36:04 AM,1293.2,0,0.0,29247560.000000007
2025-08-01 11:36:05 AM,1293.2,3,3879.6000000000004,29251439.60000001
2025-08-01 11:36:08 AM,1293.3,0,0.0,29251439.60000001
2025-08-01 11:36:10 AM,1293.3,1,1293.3,29252732.90000001
2025-08-01 11:36:14 AM,1295.2,0,0.0,29252732.90000001
2025-08-01 11:36:15 AM,1295.2,2,2590.4,29255323.30000001
2025-08-01 11:36:39 AM,1294.9,0,0.0,29255323.30000001
2025-08-01 11:36:41 AM,1294.9,1,1294.9,29256618.200000007
2025-08-01 11:37:05 AM,1295.1,0,0.0,29256618.200000007
2025-08-01 11:37:07 AM,1295.1,1,1295.1,29257913.30000001
2025-08-01 11:37:11 AM,1295.2,0,0.0,29257913.30000001
2025-08-01 11:37:13 AM,1295.2,1,1295.2,29259208.500000007
2025-08-01 11:37:27 AM,1295.1,0,0.0,29259208.500000007
2025-08-01 11:37:29 AM,1295.1,6,7770.599999999999,29266979.10000001
2025-08-01 11:37:37 AM,1301.8,0,0.0,29266979.10000001
2025-08-01 11:37:39 AM,1295.6,0,0.0,29266979.10000001
2025-08-01 11:37:39 AM,1295.6,1106,1432933.5999999999,30699912.70000001
2025-08-01 11:37:41 AM,1294.9,0,0.0,30699912.70000001
2025-08-01 11:37:42 AM,1294.8,0,0.0,30699912.70000001
2025-08-01 11:37:43 AM,1293.9,0,0.0,30699912.70000001
2025-08-01 11:37:44 AM,1293.9,84,108687.6,30808600.300000012
2025-08-01 11:37:46 AM,1294.1,0,0.0,30808600.300000012
2025-08-01 11:37:47 AM,1294.3,0,0.0,30808600.300000012
2025-08-01 11:37:49 AM,1293.8,0,0.0,30808600.300000012
2025-08-01 11:37:50 AM,1293.8,12,15525.599999999999,30824125.900000013
2025-08-01 11:37:53 AM,1294.2,0,0.0,30824125.900000013
2025-08-01 11:37:55 AM,1294.2,1,1294.2,30825420.100000013
2025-08-01 11:38:14 AM,1296.1,0,0.0,30825420.100000013
2025-08-01 11:38:15 AM,1296.1,24,31106.399999999998,30856526.50000001
2025-08-01 11:38:24 AM,1293.3,0,0.0,30856526.50000001
2025-08-01 11:38:24 AM,1293.3,151,195288.3,31051814.800000012
2025-08-01 11:38:28 AM,1293.4,0,0.0,31051814.800000012
2025-08-01 11:38:29 AM,1292.7,0,0.0,31051814.800000012
2025-08-01 11:38:30 AM,1292.7,2,2585.4,31054400.20000001
2025-08-01 11:38:30 AM,1293.7,0,0.0,31054400.20000001
2025-08-01 11:38:31 AM,1293.7,21,27167.7,31081567.90000001
2025-08-01 11:38:34 AM,1292.6,0,0.0,31081567.90000001
2025-08-01 11:38:35 AM,1292.6,2,2585.2,31084153.10000001
2025-08-01 11:38:52 AM,1292.8,0,0.0,31084153.10000001
2025-08-01 11:38:55 AM,1292.8,1,1292.8,31085445.90000001
2025-08-01 11:39:14 AM,1294.4,0,0.0,31085445.90000001
2025-08-01 11:39:15 AM,1294.4,6,7766.400000000001,31093212.30000001
2025-08-01 11:39:34 AM,1291.8,0,0.0,31093212.30000001
2025-08-01 11:39:35 AM,1291.8,127,164058.6,31257270.90000001
2025-08-01 11:39:39 AM,1290.8,0,0.0,31257270.90000001
2025-08-01 11:39:41 AM,1290.0,11,14190.0,31271460.90000001
2025-08-01 11:40:14 AM,1291.5,1,1291.5,31272752.40000001
2025-08-01 11:40:25 AM,1291.2,0,0.0,31272752.40000001
2025-08-01 11:40:28 AM,1291.2,1,1291.2,31274043.60000001
2025-08-01 11:41:04 AM,1292.1,8,10336.8,31284380.40000001
2025-08-01 11:42:27 AM,1290.8,0,0.0,31284380.40000001
2025-08-01 11:42:30 AM,1290.8,1,1290.8,31285671.20000001
2025-08-01 11:42:43 AM,1290.0,0,0.0,31285671.20000001
2025-08-01 11:42:46 AM,1290.0,2,2580.0,31288251.20000001
2025-08-01 11:43:23 AM,1289.1,0,0.0,31288251.20000001
2025-08-01 11:43:23 AM,1289.1,120,154692.0,31442943.20000001
2025-08-01 11:43:27 AM,1290.6,0,0.0,31442943.20000001
2025-08-01 11:43:28 AM,1290.6,6,7743.599999999999,31450686.800000012
2025-08-01 11:43:29 AM,1290.0,1,1290.0,31451976.800000012
2025-08-01 11:43:37 AM,1291.1,0,0.0,31451976.800000012
2025-08-01 11:43:39 AM,1291.1,2,2582.2,31454559.00000001
2025-08-01 11:43:44 AM,1290.5,24,30972.0,31485531.00000001
2025-08-01 11:43:49 AM,1289.1,0,0.0,31485531.00000001
2025-08-01 11:43:49 AM,1289.1,1,1289.1,31486820.100000013
2025-08-01 11:43:53 AM,1290.9,0,0.0,31486820.100000013
2025-08-01 11:43:54 AM,1290.9,10,12909.0,31499729.100000013
2025-08-01 11:44:01 AM,1291.1,0,0.0,31499729.100000013
2025-08-01 11:44:05 AM,1291.1,10,12911.0,31512640.100000013
2025-08-01 11:44:11 AM,1290.4,1,1290.4,31513930.50000001
2025-08-01 11:44:17 AM,1289.0,0,0.0,31513930.50000001
2025-08-01 11:44:17 AM,1289.0,1,1289.0,31515219.50000001
2025-08-01 11:44:33 AM,1288.3,0,0.0,31515219.50000001
2025-08-01 11:44:34 AM,1288.3,32,41225.6,31556445.100000013
2025-08-01 11:44:36 AM,1286.9,0,0.0,31556445.100000013
2025-08-01 11:44:40 AM,1286.9,1,1286.9,31557732.00000001
2025-08-01 11:44:48 AM,1287.4,0,0.0,31557732.00000001
2025-08-01 11:44:51 AM,1287.4,1,1287.4,31559019.40000001
2025-08-01 11:45:13 AM,1288.3,0,0.0,31559019.40000001
2025-08-01 11:45:14 AM,1289.3,0,0.0,31559019.40000001
2025-08-01 11:45:17 AM,1287.4,0,0.0,31559019.40000001
2025-08-01 11:45:18 AM,1287.4,48,61795.200000000004,31620814.60000001
2025-08-01 11:45:19 AM,1287.6,0,0.0,31620814.60000001
2025-08-01 11:45:21 AM,1288.6,0,0.0,31620814.60000001
2025-08-01 11:45:23 AM,1288.6,2,2577.2,31623391.80000001
2025-08-01 11:45:44 AM,1290.8,0,0.0,31623391.80000001
2025-08-01 11:45:44 AM,1290.8,2,2581.6,31625973.40000001
2025-08-01 11:46:41 AM,1289.5,0,0.0,31625973.40000001
2025-08-01 11:46:43 AM,1289.5,1,1289.5,31627262.90000001
2025-08-01 11:46:48 AM,1288.0,9,11592.0,31638854.90000001
2025-08-01 11:47:02 AM,1289.5,0,0.0,31638854.90000001
2025-08-01 11:47:04 AM,1289.5,1,1289.5,31640144.40000001
2025-08-01 11:47:53 AM,1288.4,0,0.0,31640144.40000001
2025-08-01 11:47:54 AM,1289.6,0,0.0,31640144.40000001
2025-08-01 11:47:55 AM,1289.6,29,37398.399999999994,31677542.80000001
2025-08-01 11:47:59 AM,1287.9,0,0.0,31677542.80000001
2025-08-01 11:48:00 AM,1287.9,1,1287.9,31678830.700000007
2025-08-01 11:48:09 AM,1288.7,0,0.0,31678830.700000007
2025-08-01 11:48:10 AM,1288.7,12,15464.400000000001,31694295.100000005
2025-08-01 11:48:25 AM,1288.7,1,1288.7,31695583.800000004
2025-08-01 11:49:00 AM,1287.4,0,0.0,31695583.800000004
2025-08-01 11:49:01 AM,1287.4,16,20598.4,31716182.200000003
2025-08-01 11:49:03 AM,1286.9,0,0.0,31716182.200000003
2025-08-01 11:49:06 AM,1286.9,1,1286.9,31717469.1
2025-08-01 11:49:23 AM,1290.1,0,0.0,31717469.1
2025-08-01 11:49:27 AM,1290.9,181,233652.90000000002,31951122.0
2025-08-01 11:49:32 AM,1290.9,1,1290.9,31952412.9
2025-08-01 11:49:36 AM,1291.0,0,0.0,31952412.9
2025-08-01 11:49:37 AM,1291.0,20,25820.0,31978232.9
2025-08-01 11:49:51 AM,1290.2,0,0.0,31978232.9
2025-08-01 11:49:52 AM,1291.0,0,0.0,31978232.9
2025-08-01 11:49:53 AM,1291.0,156,201396.0,32179628.9
2025-08-01 11:49:55 AM,1290.7,0,0.0,32179628.9
2025-08-01 11:49:58 AM,1290.7,4,5162.8,32184791.7
2025-08-01 11:50:07 AM,1291.8,0,0.0,32184791.7
2025-08-01 11:50:08 AM,1291.8,5,6459.0,32191250.7
2025-08-01 11:50:09 AM,1290.5,0,0.0,32191250.7
2025-08-01 11:50:14 AM,1290.5,7,9033.5,32200284.2
2025-08-01 11:52:08 AM,1290.5,3,3871.5,32204155.7
2025-08-01 11:54:19 AM,1290.0,0,0.0,32204155.7
2025-08-01 11:54:20 AM,1290.0,5,6450.0,32210605.7
2025-08-01 11:54:25 AM,1290.0,1,1290.0,32211895.7
2025-08-01 11:54:37 AM,1290.0,52,67080.0,32278975.7
2025-08-01 11:54:46 AM,1290.0,2,2580.0,32281555.7
2025-08-01 11:54:50 AM,1291.4,0,0.0,32281555.7
2025-08-01 11:54:51 AM,1291.4,10,12914.0,32294469.7
2025-08-01 11:54:53 AM,1291.7,0,0.0,32294469.7
2025-08-01 11:54:56 AM,1291.7,100,129170.0,32423639.7
2025-08-01 11:54:57 AM,1290.2,4,5160.8,32428800.5
2025-08-01 11:54:58 AM,1292.3,0,0.0,32428800.5
2025-08-01 11:55:01 AM,1292.3,61,78830.3,32507630.8
2025-08-01 11:55:03 AM,1291.6,0,0.0,32507630.8
2025-08-01 11:55:06 AM,1291.6,3,3874.7999999999997,32511505.6
2025-08-01 11:55:08 AM,1292.2,0,0.0,32511505.6
2025-08-01 11:55:11 AM,1292.2,18,23259.600000000002,32534765.200000003
2025-08-01 11:55:15 AM,1291.8,0,0.0,32534765.200000003
2025-08-01 11:55:16 AM,1291.8,1,1291.8,32536057.000000004
2025-08-01 11:55:29 AM,1294.4,0,0.0,32536057.000000004
2025-08-01 11:55:31 AM,1294.4,100,129440.00000000001,32665497.000000004
2025-08-01 11:55:32 AM,1292.2,4,5168.8,32670665.800000004
2025-08-01 11:55:50 AM,1292.4,0,0.0,32670665.800000004
2025-08-01 11:55:51 AM,1292.4,14,18093.600000000002,32688759.400000006
2025-08-01 11:55:56 AM,1292.4,5,6462.0,32695221.400000006
2025-08-01 11:56:01 AM,1291.4,1,1291.4,32696512.800000004
2025-08-01 11:56:47 AM,1291.9,13,16794.7,32713307.500000004
2025-08-01 11:57:35 AM,1291.7,0,0.0,32713307.500000004
2025-08-01 11:57:37 AM,1291.7,16,20667.2,32733974.700000003
2025-08-01 11:57:39 AM,1290.9,0,0.0,32733974.700000003
2025-08-01 11:57:42 AM,1290.9,3,3872.7000000000003,32737847.400000002
2025-08-01 11:57:51 AM,1291.7,0,0.0,32737847.400000002
2025-08-01 11:57:52 AM,1291.7,1,1291.7,32739139.1
2025-08-01 11:58:22 AM,1292.1,0,0.0,32739139.1
2025-08-01 11:58:24 AM,1292.1,3,3876.2999999999997,32743015.400000002
2025-08-01 11:58:25 AM,1292.1,8,10336.8,32753352.200000003
2025-08-01 11:58:29 AM,1291.5,0,0.0,32753352.200000003
2025-08-01 11:58:29 AM,1291.5,1,1291.5,32754643.700000003
2025-08-01 11:58:39 AM,1292.1,0,0.0,32754643.700000003
2025-08-01 11:58:40 AM,1292.1,1,1292.1,32755935.800000004
2025-08-01 11:59:44 AM,1292.1,10,12921.0,32768856.800000004
2025-08-01 11:59:58 AM,1291.5,1,1291.5,32770148.300000004
2025-08-01 12:00:00 PM,1291.5,9,11623.5,32781771.800000004
2025-08-01 12:00:14 PM,1291.5,1,1291.5,32783063.300000004
2025-08-01 12:00:39 PM,1291.5,13,16789.5,32799852.800000004
2025-08-01 12:00:43 PM,1291.7,0,0.0,32799852.800000004
2025-08-01 12:00:44 PM,1291.7,1,1291.7,32801144.500000004
2025-08-01 12:00:53 PM,1292.4,0,0.0,32801144.500000004
2025-08-01 12:00:54 PM,1292.4,1,1292.4,32802436.900000002
2025-08-01 12:00:57 PM,1292.0,0,0.0,32802436.900000002
2025-08-01 12:00:58 PM,1292.0,14,18088.0,32820524.900000002
2025-08-01 12:01:01 PM,1290.8,0,0.0,32820524.900000002
2025-08-01 12:01:03 PM,1290.8,1,1290.8,32821815.700000003
2025-08-01 12:01:25 PM,1290.8,190,245252.0,33067067.700000003
2025-08-01 12:01:30 PM,1290.8,7,9035.6,33076103.300000004
2025-08-01 12:01:34 PM,1291.2,1,1291.2,33077394.500000004
2025-08-01 12:01:39 PM,1292.7,9,11634.300000000001,33089028.800000004
2025-08-01 12:01:46 PM,1292.7,1,1292.7,33090321.500000004
2025-08-01 12:01:49 PM,1291.4,0,0.0,33090321.500000004
2025-08-01 12:01:51 PM,1291.4,10,12914.0,33103235.500000004
2025-08-01 12:01:56 PM,1291.4,14,18079.600000000002,33121315.100000005
2025-08-01 12:02:00 PM,1291.4,1,1291.4,33122606.500000004
2025-08-01 12:02:09 PM,1292.1,0,0.0,33122606.500000004
2025-08-01 12:02:10 PM,1292.1,1,1292.1,33123898.600000005
2025-08-01 12:02:14 PM,1291.4,0,0.0,33123898.600000005
2025-08-01 12:02:15 PM,1291.4,20,25828.0,33149726.600000005
2025-08-01 12:02:20 PM,1291.4,1,1291.4,33151018.000000004
2025-08-01 12:02:43 PM,1292.1,0,0.0,33151018.000000004
2025-08-01 12:02:46 PM,1292.1,1,1292.1,33152310.100000005
2025-08-01 12:03:26 PM,1290.6,0,0.0,33152310.100000005
2025-08-01 12:03:27 PM,1290.6,106,136803.59999999998,33289113.700000007
2025-08-01 12:03:31 PM,1290.0,0,0.0,33289113.700000007
2025-08-01 12:03:32 PM,1290.0,4,5160.0,33294273.700000007
2025-08-01 12:03:39 PM,1290.9,0,0.0,33294273.700000007
2025-08-01 12:03:40 PM,1290.9,1,1290.9,33295564.600000005
2025-08-01 12:03:41 PM,1291.4,0,0.0,33295564.600000005
2025-08-01 12:03:42 PM,1291.4,6,7748.400000000001,33303313.000000004
2025-08-01 12:03:44 PM,1291.3,0,0.0,33303313.000000004
2025-08-01 12:03:45 PM,1291.3,5,6456.5,33309769.500000004
2025-08-01 12:03:49 PM,1290.2,0,0.0,33309769.500000004
2025-08-01 12:03:51 PM,1290.2,9,11611.800000000001,33321381.300000004
2025-08-01 12:04:11 PM,1292.3,0,0.0,33321381.300000004
2025-08-01 12:04:11 PM,1292.3,100,129230.0,33450611.300000004
2025-08-01 12:04:15 PM,1290.4,3,3871.2000000000003,33454482.500000004
2025-08-01 12:04:15 PM,1290.1,0,0.0,33454482.500000004
2025-08-01 12:04:17 PM,1290.1,1,1290.1,33455772.600000005
2025-08-01 12:04:17 PM,1291.9,0,0.0,33455772.600000005
2025-08-01 12:04:20 PM,1291.9,2,2583.8,33458356.400000006
2025-08-01 12:04:24 PM,1291.3,0,0.0,33458356.400000006
2025-08-01 12:04:25 PM,1291.3,21,27117.3,33485473.700000007
2025-08-01 12:04:29 PM,1291.2,0,0.0,33485473.700000007
2025-08-01 12:04:30 PM,1291.2,1,1291.2,33486764.900000006
2025-08-01 12:04:34 PM,1292.2,0,0.0,33486764.900000006
2025-08-01 12:04:35 PM,1292.2,1,1292.2,33488057.100000005
2025-08-01 12:04:42 PM,1290.7,18,23232.600000000002,33511289.700000007
2025-08-01 12:04:48 PM,1290.1,0,0.0,33511289.700000007
2025-08-01 12:04:50 PM,1290.1,1,1290.1,33512579.80000001
2025-08-01 12:04:56 PM,1290.7,0,0.0,33512579.80000001
2025-08-01 12:04:57 PM,1290.7,1,1290.7,33513870.500000007
2025-08-01 12:05:06 PM,1292.3,0,0.0,33513870.500000007
2025-08-01 12:05:08 PM,1292.3,100,129230.0,33643100.50000001
2025-08-01 12:05:11 PM,1290.8,4,5163.2,33648263.70000001
2025-08-01 12:05:22 PM,1292.3,0,0.0,33648263.70000001
2025-08-01 12:05:23 PM,1292.3,1,1292.3,33649556.00000001
2025-08-01 12:05:26 PM,1291.4,0,0.0,33649556.00000001
2025-08-01 12:05:26 PM,1291.4,23,29702.2,33679258.20000001
2025-08-01 12:05:30 PM,1292.0,0,0.0,33679258.20000001
2025-08-01 12:05:31 PM,1292.0,1,1292.0,33680550.20000001
2025-08-01 12:05:40 PM,1292.6,0,0.0,33680550.20000001
2025-08-01 12:05:41 PM,1292.6,1,1292.6,33681842.80000001
2025-08-01 12:05:48 PM,1291.2,0,0.0,33681842.80000001
2025-08-01 12:05:51 PM,1291.2,15,19368.0,33701210.80000001
2025-08-01 12:05:52 PM,1290.2,0,0.0,33701210.80000001
2025-08-01 12:05:56 PM,1290.2,1,1290.2,33702501.000000015
2025-08-01 12:06:02 PM,1291.2,0,0.0,33702501.000000015
2025-08-01 12:06:07 PM,1291.2,1,1291.2,33703792.20000002
2025-08-01 12:06:16 PM,1291.2,1,1291.2,33705083.40000002
2025-08-01 12:06:38 PM,1291.6,0,0.0,33705083.40000002
2025-08-01 12:06:40 PM,1291.6,17,21957.199999999997,33727040.600000024
2025-08-01 12:06:42 PM,1290.8,0,0.0,33727040.600000024
2025-08-01 12:06:45 PM,1290.8,1,1290.8,33728331.40000002
2025-08-01 12:07:00 PM,1291.6,0,0.0,33728331.40000002
2025-08-01 12:07:00 PM,1291.6,1,1291.6,33729623.00000002
2025-08-01 12:07:30 PM,1291.7,0,0.0,33729623.00000002
2025-08-01 12:07:31 PM,1291.7,13,16792.100000000002,33746415.100000024
2025-08-01 12:09:41 PM,1291.7,10,12917.0,33759332.100000024
2025-08-01 12:09:42 PM,1292.0,0,0.0,33759332.100000024
2025-08-01 12:09:45 PM,1292.0,1,1292.0,33760624.100000024
2025-08-01 12:09:55 PM,1293.5,1,1293.5,33761917.600000024
2025-08-01 12:09:56 PM,1292.5,0,0.0,33761917.600000024
2025-08-01 12:10:00 PM,1292.5,16,20680.0,33782597.600000024
2025-08-01 12:10:10 PM,1292.0,0,0.0,33782597.600000024
2025-08-01 12:10:11 PM,1292.0,1,1292.0,33783889.600000024
2025-08-01 12:10:44 PM,1291.7,0,0.0,33783889.600000024
2025-08-01 12:10:46 PM,1291.7,7,9041.9,33792931.50000002
2025-08-01 12:10:48 PM,1290.2,0,0.0,33792931.50000002
2025-08-01 12:10:51 PM,1290.2,11,14192.2,33807123.700000025
2025-08-01 12:11:00 PM,1292.0,0,0.0,33807123.700000025
2025-08-01 12:11:00 PM,1292.0,30,38760.0,33845883.700000025
2025-08-01 12:11:06 PM,1292.0,1,1292.0,33847175.700000025
2025-08-01 12:11:14 PM,1292.7,0,0.0,33847175.700000025
2025-08-01 12:11:16 PM,1292.7,1,1292.7,33848468.40000003
2025-08-01 12:11:18 PM,1292.0,0,0.0,33848468.40000003
2025-08-01 12:11:21 PM,1292.0,3,3876.0,33852344.40000003
2025-08-01 12:11:22 PM,1290.9,0,0.0,33852344.40000003
2025-08-01 12:11:25 PM,1290.9,1,1290.9,33853635.30000003
2025-08-01 12:11:44 PM,1292.0,0,0.0,33853635.30000003
2025-08-01 12:11:45 PM,1292.0,6,7752.0,33861387.30000003
2025-08-01 12:11:59 PM,1293.2,93,120267.6,33981654.90000003
2025-08-01 12:12:00 PM,1295.5,195,252622.5,34234277.40000003
2025-08-01 12:12:04 PM,1295.0,0,0.0,34234277.40000003
2025-08-01 12:12:04 PM,1295.0,11,14245.0,34248522.40000003
2025-08-01 12:12:08 PM,1295.1,0,0.0,34248522.40000003
2025-08-01 12:12:09 PM,1295.1,1,1295.1,34249817.50000003
2025-08-01 12:12:12 PM,1295.7,0,0.0,34249817.50000003
2025-08-01 12:12:14 PM,1296.7,0,0.0,34249817.50000003
2025-08-01 12:12:14 PM,1296.7,27,35010.9,34284828.40000003
2025-08-01 12:12:16 PM,1296.9,0,0.0,34284828.40000003
2025-08-01 12:12:18 PM,1295.3,0,0.0,34284828.40000003
2025-08-01 12:12:19 PM,1295.3,6,7771.799999999999,34292600.200000025
2025-08-01 12:12:28 PM,1295.6,0,0.0,34292600.200000025
2025-08-01 12:12:29 PM,1295.6,6,7773.599999999999,34300373.80000003
2025-08-01 12:12:32 PM,1295.0,0,0.0,34300373.80000003
2025-08-01 12:12:34 PM,1295.0,1,1295.0,34301668.80000003
2025-08-01 12:12:44 PM,1295.6,0,0.0,34301668.80000003
2025-08-01 12:12:45 PM,1295.6,12,15547.199999999999,34317216.00000003
2025-08-01 12:12:48 PM,1296.5,0,0.0,34317216.00000003
2025-08-01 12:12:50 PM,1296.5,9,11668.5,34328884.50000003
2025-08-01 12:13:02 PM,1295.2,0,0.0,34328884.50000003
2025-08-01 12:13:06 PM,1295.2,8,10361.6,34339246.10000003
2025-08-01 12:13:06 PM,1294.6,0,0.0,34339246.10000003
2025-08-01 12:13:10 PM,1294.6,1,1294.6,34340540.70000003
2025-08-01 12:14:24 PM,1295.2,0,0.0,34340540.70000003
2025-08-01 12:14:25 PM,1295.2,5,6476.0,34347016.70000003
2025-08-01 12:15:04 PM,1296.6,0,0.0,34347016.70000003
2025-08-01 12:15:05 PM,1296.6,3,3889.7999999999997,34350906.50000003
2025-08-01 12:15:16 PM,1295.8,6,7774.799999999999,34358681.30000003
2025-08-01 12:15:46 PM,1295.8,6,7774.799999999999,34366456.100000024
2025-08-01 12:15:48 PM,1295.5,0,0.0,34366456.100000024
2025-08-01 12:15:52 PM,1295.5,1,1295.5,34367751.600000024
2025-08-01 12:16:04 PM,1296.3,0,0.0,34367751.600000024
2025-08-01 12:16:06 PM,1296.3,10,12963.0,34380714.600000024
2025-08-01 12:16:21 PM,1296.3,1,1296.3,34382010.90000002
2025-08-01 12:16:50 PM,1296.3,8,10370.4,34392381.30000002
2025-08-01 12:16:54 PM,1295.3,0,0.0,34392381.30000002
2025-08-01 12:16:55 PM,1295.3,1,1295.3,34393676.60000002
2025-08-01 12:17:08 PM,1295.5,0,0.0,34393676.60000002
2025-08-01 12:17:10 PM,1295.5,9,11659.5,34405336.10000002
2025-08-01 12:17:25 PM,1295.5,1,1295.5,34406631.60000002
2025-08-01 12:17:48 PM,1295.5,8,10364.0,34416995.60000002
2025-08-01 12:18:06 PM,1295.2,0,0.0,34416995.60000002
2025-08-01 12:18:08 PM,1295.2,20,25904.0,34442899.60000002
2025-08-01 12:18:08 PM,1294.9,0,0.0,34442899.60000002
2025-08-01 12:18:10 PM,1294.7,0,0.0,34442899.60000002
2025-08-01 12:18:13 PM,1294.7,32,41430.4,34484330.000000015
2025-08-01 12:18:14 PM,1294.1,0,0.0,34484330.000000015
2025-08-01 12:18:18 PM,1294.1,1,1294.1,34485624.10000002
2025-08-01 12:18:44 PM,1295.8,0,0.0,34485624.10000002
2025-08-01 12:18:47 PM,1295.8,2,2591.6,34488215.70000002
2025-08-01 12:19:03 PM,1294.6,2,2589.2,34490804.90000002
2025-08-01 12:19:08 PM,1294.6,1,1294.6,34492099.50000002
2025-08-01 12:20:30 PM,1294.7,6,7768.200000000001,34499867.700000025
2025-08-01 12:20:50 PM,1294.7,24,31072.800000000003,34530940.50000002
2025-08-01 12:20:51 PM,1294.9,1,1294.9,34532235.40000002
2025-08-01 12:20:59 PM,1295.6,0,0.0,34532235.40000002
2025-08-01 12:21:00 PM,1295.6,1,1295.6,34533531.00000002
2025-08-01 12:21:06 PM,1294.5,14,18123.0,34551654.00000002
2025-08-01 12:21:20 PM,1294.5,1,1294.5,34552948.50000002
2025-08-01 12:23:07 PM,1295.7,0,0.0,34552948.50000002
2025-08-01 12:23:11 PM,1295.7,51,66080.7,34619029.200000025
2025-08-01 12:23:11 PM,1294.5,0,0.0,34619029.200000025
2025-08-01 12:23:15 PM,1294.5,3,3883.5,34622912.700000025
2025-08-01 12:23:23 PM,1295.2,0,0.0,34622912.700000025
2025-08-01 12:23:25 PM,1295.2,1,1295.2,34624207.90000003
2025-08-01 12:23:39 PM,1295.2,9,11656.800000000001,34635864.700000025
2025-08-01 12:27:00 PM,1295.2,6,7771.200000000001,34643635.90000003
2025-08-01 12:27:14 PM,1294.7,0,0.0,34643635.90000003
2025-08-01 12:27:15 PM,1294.7,9,11652.300000000001,34655288.200000025
2025-08-01 12:27:20 PM,1294.0,0,0.0,34655288.200000025
2025-08-01 12:27:20 PM,1294.0,1,1294.0,34656582.200000025
2025-08-01 12:27:29 PM,1294.7,0,0.0,34656582.200000025
2025-08-01 12:27:30 PM,1294.7,1,1294.7,34657876.90000003
2025-08-01 12:28:49 PM,1294.7,5,6473.5,34664350.40000003
2025-08-01 12:32:02 PM,1296.0,0,0.0,34664350.40000003
2025-08-01 12:32:04 PM,1296.0,34,44064.0,34708414.40000003
2025-08-01 12:32:06 PM,1294.8,0,0.0,34708414.40000003
2025-08-01 12:32:09 PM,1294.8,1,1294.8,34709709.200000025
2025-08-01 12:32:12 PM,1295.3,0,0.0,34709709.200000025
2025-08-01 12:32:14 PM,1295.3,68,88080.4,34797789.600000024
2025-08-01 12:32:16 PM,1294.1,0,0.0,34797789.600000024
2025-08-01 12:32:18 PM,1294.0,0,0.0,34797789.600000024
2025-08-01 12:32:19 PM,1294.0,3,3882.0,34801671.600000024
2025-08-01 12:32:44 PM,1295.2,0,0.0,34801671.600000024
2025-08-01 12:32:45 PM,1295.2,4,5180.8,34806852.40000002
2025-08-01 12:33:10 PM,1294.1,11,14235.099999999999,34821087.50000002
2025-08-01 12:33:10 PM,1294.0,1,1294.0,34822381.50000002
2025-08-01 12:34:12 PM,1295.5,0,0.0,34822381.50000002
2025-08-01 12:34:12 PM,1295.8,0,0.0,34822381.50000002
2025-08-01 12:34:15 PM,1295.8,16,20732.8,34843114.30000002
2025-08-01 12:34:30 PM,1294.6,0,0.0,34843114.30000002
2025-08-01 12:34:30 PM,1294.6,13,16829.8,34859944.10000002
2025-08-01 12:34:31 PM,1294.6,1,1294.6,34861238.70000002
2025-08-01 12:34:36 PM,1294.0,1,1294.0,34862532.70000002
2025-08-01 12:34:44 PM,1294.6,0,0.0,34862532.70000002
2025-08-01 12:34:46 PM,1294.6,1,1294.6,34863827.30000002
2025-08-01 12:37:25 PM,1294.0,1,1294.0,34865121.30000002
2025-08-01 12:37:43 PM,1294.5,0,0.0,34865121.30000002
2025-08-01 12:37:44 PM,1294.5,24,31068.0,34896189.30000002
2025-08-01 12:37:49 PM,1293.4,0,0.0,34896189.30000002
2025-08-01 12:37:50 PM,1293.4,1,1293.4,34897482.70000002
2025-08-01 12:37:54 PM,1293.3,0,0.0,34897482.70000002
2025-08-01 12:37:55 PM,1293.3,2,2586.6,34900069.30000002
2025-08-01 12:37:56 PM,1293.3,13,16812.899999999998,34916882.20000002
2025-08-01 12:38:00 PM,1293.0,1,1293.0,34918175.20000002
2025-08-01 12:38:03 PM,1293.3,0,0.0,34918175.20000002
2025-08-01 12:38:04 PM,1293.3,2,2586.6,34920761.80000002
2025-08-01 12:38:15 PM,1293.3,1,1293.3,34922055.10000002
2025-08-01 12:43:50 PM,1294.2,0,0.0,34922055.10000002
2025-08-01 12:43:55 PM,1294.2,40,51768.0,34973823.10000002
2025-08-01 12:43:56 PM,1293.0,0,0.0,34973823.10000002
2025-08-01 12:43:56 PM,1294.1,0,0.0,34973823.10000002
2025-08-01 12:44:00 PM,1294.1,31,40117.1,35013940.20000002
2025-08-01 12:44:02 PM,1293.0,0,0.0,35013940.20000002
2025-08-01 12:44:05 PM,1293.0,2,2586.0,35016526.20000002
2025-08-01 12:44:10 PM,1293.1,0,0.0,35016526.20000002
2025-08-01 12:44:11 PM,1293.1,16,20689.6,35037215.80000002
2025-08-01 12:44:48 PM,1293.1,1,1293.1,35038508.90000002
2025-08-01 12:45:32 PM,1292.2,0,0.0,35038508.90000002
2025-08-01 12:45:35 PM,1292.2,404,522048.80000000005,35560557.70000002
2025-08-01 12:45:38 PM,1292.8,0,0.0,35560557.70000002
2025-08-01 12:45:40 PM,1292.8,10,12928.0,35573485.70000002
2025-08-01 12:45:45 PM,1292.0,13,16796.0,35590281.70000002
2025-08-01 12:46:14 PM,1292.4,0,0.0,35590281.70000002
2025-08-01 12:46:14 PM,1292.4,16,20678.4,35610960.10000002
2025-08-01 12:46:40 PM,1292.5,22,28435.0,35639395.10000002
2025-08-01 12:46:42 PM,1291.7,0,0.0,35639395.10000002
2025-08-01 12:46:45 PM,1291.7,37,47792.9,35687188.000000015
2025-08-01 12:46:54 PM,1291.9,0,0.0,35687188.000000015
2025-08-01 12:46:55 PM,1291.9,11,14210.900000000001,35701398.90000001
2025-08-01 12:47:21 PM,1293.5,3,3880.5,35705279.40000001
2025-08-01 12:48:20 PM,1292.0,0,0.0,35705279.40000001
2025-08-01 12:48:21 PM,1292.0,8,10336.0,35715615.40000001
2025-08-01 12:48:46 PM,1292.0,1,1292.0,35716907.40000001
2025-08-01 12:50:21 PM,1290.9,19,24527.100000000002,35741434.500000015
2025-08-01 12:50:42 PM,1291.9,0,0.0,35741434.500000015
2025-08-01 12:50:44 PM,1291.9,11,14210.900000000001,35755645.40000001
2025-08-01 12:50:52 PM,1294.0,0,0.0,35755645.40000001
2025-08-01 12:50:53 PM,1294.0,1,1294.0,35756939.40000001
2025-08-01 12:51:22 PM,1293.8,0,0.0,35756939.40000001
2025-08-01 12:51:24 PM,1293.8,1,1293.8,35758233.20000001
2025-08-01 12:51:30 PM,1292.7,7,9048.9,35767282.10000001
2025-08-01 12:52:02 PM,1294.0,0,0.0,35767282.10000001
2025-08-01 12:52:03 PM,1293.7,223,288495.10000000003,36055777.20000001
2025-08-01 12:52:16 PM,1292.3,0,0.0,36055777.20000001
2025-08-01 12:52:18 PM,1292.3,8,10338.4,36066115.60000001
2025-08-01 12:52:44 PM,1292.3,12,15507.599999999999,36081623.20000001
2025-08-01 12:53:10 PM,1292.4,0,0.0,36081623.20000001
2025-08-01 12:53:13 PM,1292.4,13,16801.2,36098424.40000001
2025-08-01 12:53:32 PM,1292.4,4,5169.6,36103594.000000015
2025-08-01 12:53:38 PM,1292.4,21,27140.4,36130734.40000001
2025-08-01 12:53:48 PM,1293.8,0,0.0,36130734.40000001
2025-08-01 12:53:48 PM,1293.8,2,2587.6,36133322.000000015
2025-08-01 12:53:52 PM,1294.3,0,0.0,36133322.000000015
2025-08-01 12:53:53 PM,1294.3,1,1294.3,36134616.30000001
2025-08-01 12:54:03 PM,1294.9,24,31077.600000000002,36165693.90000001
2025-08-01 12:54:44 PM,1294.5,0,0.0,36165693.90000001
2025-08-01 12:54:48 PM,1294.5,1,1294.5,36166988.40000001
2025-08-01 12:54:54 PM,1293.3,24,31039.199999999997,36198027.60000002
2025-08-01 12:54:56 PM,1294.5,0,0.0,36198027.60000002
2025-08-01 12:55:00 PM,1293.5,3,3880.5,36201908.10000002
2025-08-01 12:55:12 PM,1294.6,0,0.0,36201908.10000002
2025-08-01 12:55:16 PM,1294.6,27,34954.2,36236862.30000002
2025-08-01 12:55:44 PM,1294.2,0,0.0,36236862.30000002
2025-08-01 12:55:46 PM,1294.2,1,1294.2,36238156.50000002
2025-08-01 12:55:51 PM,1293.5,10,12935.0,36251091.50000002
2025-08-01 12:56:16 PM,1293.5,1,1293.5,36252385.00000002
2025-08-01 12:57:10 PM,1293.5,1,1293.5,36253678.50000002
2025-08-01 12:57:54 PM,1293.8,0,0.0,36253678.50000002
2025-08-01 12:57:56 PM,1293.8,15,19407.0,36273085.50000002
2025-08-01 12:58:10 PM,1293.4,0,0.0,36273085.50000002
2025-08-01 12:58:11 PM,1293.4,12,15520.800000000001,36288606.30000002
2025-08-01 12:58:26 PM,1293.4,1,1293.4,36289899.70000002
2025-08-01 01:00:55 PM,1293.4,1,1293.4,36291193.10000002
2025-08-01 01:01:22 PM,1292.5,9,11632.5,36302825.60000002
2025-08-01 01:01:37 PM,1292.5,1,1292.5,36304118.10000002
2025-08-01 01:02:38 PM,1292.5,6,7755.0,36311873.10000002
2025-08-01 01:02:53 PM,1293.6,0,0.0,36311873.10000002
2025-08-01 01:02:53 PM,1293.6,20,25872.0,36337745.10000002
2025-08-01 01:03:07 PM,1292.5,11,14217.5,36351962.60000002
2025-08-01 01:03:19 PM,1292.2,0,0.0,36351962.60000002
2025-08-01 01:03:22 PM,1292.2,2,2584.4,36354547.000000015
2025-08-01 01:03:27 PM,1292.2,8,10337.6,36364884.60000002
2025-08-01 01:03:45 PM,1292.4,0,0.0,36364884.60000002
2025-08-01 01:03:47 PM,1292.4,1,1292.4,36366177.000000015
2025-08-01 01:04:02 PM,1292.1,11,14213.099999999999,36380390.10000002
2025-08-01 01:04:06 PM,1292.1,1,1292.1,36381682.20000002
2025-08-01 01:04:25 PM,1292.1,1,1292.1,36382974.30000002
2025-08-01 01:04:45 PM,1292.1,1,1292.1,36384266.40000002
2025-08-01 01:05:03 PM,1291.4,0,0.0,36384266.40000002
2025-08-01 01:05:05 PM,1291.4,1,1291.4,36385557.80000002
2025-08-01 01:06:09 PM,1294.2,0,0.0,36385557.80000002
2025-08-01 01:06:11 PM,1294.1,0,0.0,36385557.80000002
2025-08-01 01:06:11 PM,1294.1,104,134586.4,36520144.20000002
2025-08-01 01:06:22 PM,1294.2,17,22001.4,36542145.60000002
2025-08-01 01:06:27 PM,1293.3,0,0.0,36542145.60000002
2025-08-01 01:06:27 PM,1293.3,19,24572.7,36566718.30000002
2025-08-01 01:06:39 PM,1293.9,0,0.0,36566718.30000002
2025-08-01 01:06:42 PM,1293.9,28,36229.200000000004,36602947.50000002
2025-08-01 01:06:45 PM,1294.3,0,0.0,36602947.50000002
2025-08-01 01:06:47 PM,1294.3,23,29768.899999999998,36632716.40000002
2025-08-01 01:07:00 PM,1293.5,0,0.0,36632716.40000002
2025-08-01 01:07:02 PM,1293.5,15,19402.5,36652118.90000002
2025-08-01 01:07:32 PM,1295.0,0,0.0,36652118.90000002
2025-08-01 01:07:33 PM,1295.0,22,28490.0,36680608.90000002
2025-08-01 01:07:44 PM,1294.9,1,1294.9,36681903.80000002
2025-08-01 01:08:00 PM,1297.5,0,0.0,36681903.80000002
2025-08-01 01:08:00 PM,1297.5,219,284152.5,36966056.30000002
2025-08-01 01:08:04 PM,1297.5,1,1297.5,36967353.80000002
2025-08-01 01:08:09 PM,1296.1,19,24625.899999999998,36991979.70000002
2025-08-01 01:08:44 PM,1297.6,0,0.0,36991979.70000002
2025-08-01 01:08:44 PM,1297.6,24,31142.399999999998,37023122.10000002
2025-08-01 01:09:49 PM,1296.0,0,0.0,37023122.10000002
2025-08-01 01:09:49 PM,1296.0,62,80352.0,37103474.10000002
2025-08-01 01:10:04 PM,1296.2,0,0.0,37103474.10000002
2025-08-01 01:10:05 PM,1296.2,4,5184.8,37108658.90000001
2025-08-01 01:11:25 PM,1294.6,22,28481.199999999997,37137140.10000002
2025-08-01 01:11:26 PM,1296.3,0,0.0,37137140.10000002
2025-08-01 01:11:27 PM,1296.3,1,1296.3,37138436.40000001
2025-08-01 01:11:40 PM,1296.8,1,1296.8,37139733.20000001
2025-08-01 01:11:41 PM,1296.0,3,3888.0,37143621.20000001
2025-08-01 01:11:46 PM,1295.8,0,0.0,37143621.20000001
2025-08-01 01:11:46 PM,1295.8,16,20732.8,37164354.00000001
2025-08-01 01:12:01 PM,1295.9,1,1295.9,37165649.900000006
2025-08-01 01:12:34 PM,1296.5,0,0.0,37165649.900000006
2025-08-01 01:12:35 PM,1296.1,12,15553.199999999999,37181203.10000001
2025-08-01 01:12:38 PM,1294.5,0,0.0,37181203.10000001
2025-08-01 01:12:40 PM,1294.5,25,32362.5,37213565.60000001
2025-08-01 01:12:46 PM,1294.4,0,0.0,37213565.60000001
2025-08-01 01:12:47 PM,1294.5,0,0.0,37213565.60000001
2025-08-01 01:12:47 PM,1294.5,10,12945.0,37226510.60000001
2025-08-01 01:12:56 PM,1294.5,2,2589.0,37229099.60000001
2025-08-01 01:13:16 PM,1294.4,1,1294.4,37230394.00000001
2025-08-01 01:14:16 PM,1294.8,0,0.0,37230394.00000001
2025-08-01 01:14:17 PM,1294.8,1,1294.8,37231688.800000004
2025-08-01 01:16:44 PM,1297.5,17,22057.5,37253746.300000004
2025-08-01 01:16:46 PM,1296.2,21,27220.2,37280966.50000001
2025-08-01 01:17:03 PM,1297.7,22,28549.4,37309515.900000006
2025-08-01 01:17:14 PM,1298.0,0,0.0,37309515.900000006
2025-08-01 01:17:16 PM,1298.0,1,1298.0,37310813.900000006
2025-08-01 01:17:44 PM,1297.9,0,0.0,37310813.900000006
2025-08-01 01:17:45 PM,1297.9,1,1297.9,37312111.800000004
2025-08-01 01:17:50 PM,1297.0,0,0.0,37312111.800000004
2025-08-01 01:17:50 PM,1297.0,18,23346.0,37335457.800000004
2025-08-01 01:17:58 PM,1297.0,20,25940.0,37361397.800000004
2025-08-01 01:18:09 PM,1296.5,20,25930.0,37387327.800000004
2025-08-01 01:18:10 PM,1297.6,0,0.0,37387327.800000004
2025-08-01 01:18:13 PM,1297.6,1,1297.6,37388625.400000006
2025-08-01 01:18:40 PM,1296.9,0,0.0,37388625.400000006
2025-08-01 01:18:43 PM,1296.9,2,2593.8,37391219.2
2025-08-01 01:19:52 PM,1296.9,1,1296.9,37392516.1
2025-08-01 01:19:57 PM,1296.9,14,18156.600000000002,37410672.7
2025-08-01 01:20:10 PM,1297.1,0,0.0,37410672.7
2025-08-01 01:20:12 PM,1297.1,14,18159.399999999998,37428832.1
2025-08-01 01:20:28 PM,1297.1,1,1297.1,37430129.2
2025-08-01 01:20:48 PM,1298.0,0,0.0,37430129.2
2025-08-01 01:20:48 PM,1298.0,10,12980.0,37443109.2
2025-08-01 01:20:56 PM,1297.0,0,0.0,37443109.2
2025-08-01 01:20:58 PM,1297.0,2,2594.0,37445703.2
2025-08-01 01:21:23 PM,1297.0,2,2594.0,37448297.2
2025-08-01 01:24:14 PM,1299.7,0,0.0,37448297.2
2025-08-01 01:24:18 PM,1299.7,45,58486.5,37506783.7
2025-08-01 01:24:22 PM,1299.8,0,0.0,37506783.7
2025-08-01 01:24:22 PM,1299.8,8,10398.4,37517182.1
2025-08-01 01:24:23 PM,1300.0,0,0.0,37517182.1
2025-08-01 01:24:23 PM,1300.0,1,1300.0,37518482.1
2025-08-01 01:24:24 PM,1299.1,0,0.0,37518482.1
2025-08-01 01:24:25 PM,1300.8,0,0.0,37518482.1
2025-08-01 01:24:27 PM,1300.6,0,0.0,37518482.1
2025-08-01 01:24:27 PM,1300.6,26,33815.6,37552297.7
2025-08-01 01:24:36 PM,1300.0,0,0.0,37552297.7
2025-08-01 01:24:37 PM,1300.0,51,66300.0,37618597.7
2025-08-01 01:24:44 PM,1298.8,0,0.0,37618597.7
2025-08-01 01:24:46 PM,1298.8,3,3896.3999999999996,37622494.1
2025-08-01 01:24:56 PM,1298.8,12,15585.599999999999,37638079.7
2025-08-01 01:25:16 PM,1298.8,5,6494.0,37644573.7
2025-08-01 01:25:30 PM,1299.2,8,10393.6,37654967.300000004
2025-08-01 01:25:45 PM,1299.2,1,1299.2,37656266.50000001
2025-08-01 01:26:13 PM,1298.8,0,0.0,37656266.50000001
2025-08-01 01:26:15 PM,1298.8,53,68836.4,37725102.900000006
2025-08-01 01:26:19 PM,1298.1,0,0.0,37725102.900000006
2025-08-01 01:26:20 PM,1298.1,4,5192.4,37730295.300000004
2025-08-01 01:27:39 PM,1297.0,0,0.0,37730295.300000004
2025-08-01 01:27:43 PM,1297.0,6,7782.0,37738077.300000004
2025-08-01 01:27:55 PM,1298.9,0,0.0,37738077.300000004
2025-08-01 01:27:58 PM,1298.9,16,20782.4,37758859.7
2025-08-01 01:28:07 PM,1298.6,0,0.0,37758859.7
2025-08-01 01:28:08 PM,1298.6,1,1298.6,37760158.300000004
2025-08-01 01:28:08 PM,1298.7,1,1298.7,37761457.00000001
2025-08-01 01:28:12 PM,1298.3,0,0.0,37761457.00000001
2025-08-01 01:28:12 PM,1298.3,7,9088.1,37770545.10000001
2025-08-01 01:29:15 PM,1297.2,2,2594.4,37773139.50000001
2025-08-01 01:29:24 PM,1297.1,30,38913.0,37812052.50000001
2025-08-01 01:29:26 PM,1299.4,0,0.0,37812052.50000001
2025-08-01 01:29:29 PM,1299.4,1,1299.4,37813351.900000006
2025-08-01 01:29:31 PM,1298.8,0,0.0,37813351.900000006
2025-08-01 01:29:34 PM,1298.8,1,1298.8,37814650.7
2025-08-01 01:29:38 PM,1299.7,0,0.0,37814650.7
2025-08-01 01:29:38 PM,1299.7,1,1299.7,37815950.400000006
2025-08-01 01:29:46 PM,1298.3,0,0.0,37815950.400000006
2025-08-01 01:29:48 PM,1298.3,4,5193.2,37821143.60000001
2025-08-01 01:30:18 PM,1298.3,1,1298.3,37822441.900000006
2025-08-01 01:30:23 PM,1299.7,50,64985.0,37887426.900000006
2025-08-01 01:30:24 PM,1299.9,0,0.0,37887426.900000006
2025-08-01 01:30:27 PM,1299.9,2,2599.8,37890026.7
2025-08-01 01:30:37 PM,1299.4,12,15592.800000000001,37905619.5
2025-08-01 01:30:38 PM,1299.3,0,0.0,37905619.5
2025-08-01 01:30:41 PM,1299.3,1,1299.3,37906918.8
2025-08-01 01:31:11 PM,1299.3,18,23387.399999999998,37930306.199999996
2025-08-01 01:31:27 PM,1299.3,1,1299.3,37931605.49999999
2025-08-01 01:31:32 PM,1299.3,24,31183.199999999997,37962788.699999996
2025-08-01 01:31:47 PM,1299.3,2,2598.6,37965387.3
2025-08-01 01:31:50 PM,1300.0,0,0.0,37965387.3
2025-08-01 01:31:51 PM,1300.0,3,3900.0,37969287.3
2025-08-01 01:31:52 PM,1298.7,0,0.0,37969287.3
2025-08-01 01:31:57 PM,1298.7,18,23376.600000000002,37992663.9
2025-08-01 01:32:12 PM,1298.7,32,41558.4,38034222.3
2025-08-01 01:32:51 PM,1299.9,0,0.0,38034222.3
2025-08-01 01:32:51 PM,1299.9,1,1299.9,38035522.199999996
2025-08-01 01:32:58 PM,1298.5,0,0.0,38035522.199999996
2025-08-01 01:33:00 PM,1298.5,7,9089.5,38044611.699999996
2025-08-01 01:33:15 PM,1298.5,1,1298.5,38045910.199999996
2025-08-01 01:35:06 PM,1299.9,0,0.0,38045910.199999996
2025-08-01 01:35:09 PM,1299.9,8,10399.2,38056309.4
2025-08-01 01:35:24 PM,1298.6,14,18180.399999999998,38074489.8
2025-08-01 01:35:25 PM,1298.5,0,0.0,38074489.8
2025-08-01 01:35:25 PM,1298.5,1,1298.5,38075788.3
2025-08-01 01:35:27 PM,1297.0,0,0.0,38075788.3
2025-08-01 01:35:29 PM,1297.0,1,1297.0,38077085.3
2025-08-01 01:35:38 PM,1298.6,0,0.0,38077085.3
2025-08-01 01:35:39 PM,1298.6,1,1298.6,38078383.9
2025-08-01 01:36:34 PM,1297.0,0,0.0,38078383.9
2025-08-01 01:36:36 PM,1298.9,0,0.0,38078383.9
2025-08-01 01:36:37 PM,1298.9,33,42863.700000000004,38121247.6
2025-08-01 01:36:48 PM,1297.9,0,0.0,38121247.6
2025-08-01 01:36:51 PM,1297.9,4,5191.6,38126439.2
2025-08-01 01:37:45 PM,1297.9,4,5191.6,38131630.800000004
2025-08-01 01:37:55 PM,1297.9,1,1297.9,38132928.7
2025-08-01 01:38:04 PM,1298.4,0,0.0,38132928.7
2025-08-01 01:38:05 PM,1298.4,1,1298.4,38134227.1
2025-08-01 01:38:10 PM,1297.0,0,0.0,38134227.1
2025-08-01 01:38:11 PM,1297.0,9,11673.0,38145900.1
2025-08-01 01:38:17 PM,1297.0,1,1297.0,38147197.1
2025-08-01 01:38:28 PM,1297.0,3,3891.0,38151088.1
2025-08-01 01:38:46 PM,1298.8,0,0.0,38151088.1
2025-08-01 01:38:49 PM,1298.8,9,11689.199999999999,38162777.300000004
2025-08-01 01:39:00 PM,1297.0,0,0.0,38162777.300000004
2025-08-01 01:39:00 PM,1297.0,11,14267.0,38177044.300000004
2025-08-01 01:39:10 PM,1296.5,0,0.0,38177044.300000004
2025-08-01 01:39:11 PM,1296.5,1,1296.5,38178340.800000004
2025-08-01 01:39:54 PM,1295.3,0,0.0,38178340.800000004
2025-08-01 01:39:57 PM,1295.3,15,19429.5,38197770.300000004
2025-08-01 01:40:13 PM,1295.3,1,1295.3,38199065.6
2025-08-01 01:40:43 PM,1295.3,8,10362.4,38209428.0
2025-08-01 01:40:54 PM,1296.5,0,0.0,38209428.0
2025-08-01 01:40:57 PM,1296.5,9,11668.5,38221096.5
2025-08-01 01:41:12 PM,1296.8,0,0.0,38221096.5
2025-08-01 01:41:13 PM,1296.8,1,1296.8,38222393.3
2025-08-01 01:41:48 PM,1295.2,0,0.0,38222393.3
2025-08-01 01:41:50 PM,1296.9,0,0.0,38222393.3
2025-08-01 01:41:51 PM,1296.9,27,35016.3,38257409.599999994
2025-08-01 01:42:01 PM,1296.2,1,1296.2,38258705.8
2025-08-01 01:42:06 PM,1296.2,1,1296.2,38260002.0
2025-08-01 01:43:50 PM,1299.2,106,137715.2,38397717.2
2025-08-01 01:43:50 PM,1298.3,0,0.0,38397717.2
2025-08-01 01:43:51 PM,1299.2,13,16889.600000000002,38414606.800000004
2025-08-01 01:44:00 PM,1299.2,7,9094.4,38423701.2
2025-08-01 01:44:05 PM,1297.7,6,7786.200000000001,38431487.400000006
2025-08-01 01:44:20 PM,1297.7,1,1297.7,38432785.10000001
2025-08-01 01:44:54 PM,1297.8,0,0.0,38432785.10000001
2025-08-01 01:44:55 PM,1297.8,101,131077.8,38563862.900000006
2025-08-01 01:44:55 PM,1299.4,3,3898.2000000000003,38567761.10000001
2025-08-01 01:45:10 PM,1299.6,0,0.0,38567761.10000001
2025-08-01 01:45:10 PM,1299.6,5,6498.0,38574259.10000001
2025-08-01 01:45:45 PM,1299.6,10,12996.0,38587255.10000001
2025-08-01 01:45:59 PM,1299.6,1,1299.6,38588554.70000001
2025-08-01 01:46:14 PM,1298.8,13,16884.399999999998,38605439.10000001
2025-08-01 01:46:38 PM,1300.7,0,0.0,38605439.10000001
2025-08-01 01:46:38 PM,1301.7,0,0.0,38605439.10000001
2025-08-01 01:46:39 PM,1301.7,118,153600.6,38759039.70000001
2025-08-01 01:46:48 PM,1301.0,0,0.0,38759039.70000001
2025-08-01 01:46:49 PM,1301.0,7,9107.0,38768146.70000001
2025-08-01 01:46:54 PM,1299.9,13,16898.7,38785045.40000001
2025-08-01 01:47:16 PM,1300.6,0,0.0,38785045.40000001
2025-08-01 01:47:16 PM,1300.6,87,113152.2,38898197.60000002
2025-08-01 01:47:30 PM,1301.4,0,0.0,38898197.60000002
2025-08-01 01:47:30 PM,1301.4,5,6507.0,38904704.60000002
2025-08-01 01:47:32 PM,1299.6,0,0.0,38904704.60000002
2025-08-01 01:47:34 PM,1299.6,14,18194.399999999998,38922899.000000015
2025-08-01 01:47:49 PM,1299.6,1,1299.6,38924198.60000002
2025-08-01 01:48:18 PM,1298.5,0,0.0,38924198.60000002
2025-08-01 01:48:19 PM,1298.5,5,6492.5,38930691.10000002
2025-08-01 01:48:59 PM,1298.5,11,14283.5,38944974.60000002
2025-08-01 01:49:16 PM,1300.1,0,0.0,38944974.60000002
2025-08-01 01:49:17 PM,1298.8,0,0.0,38944974.60000002
2025-08-01 01:49:18 PM,1298.8,35,45458.0,38990432.60000002
2025-08-01 01:49:32 PM,1300.6,3,3901.7999999999997,38994334.40000001
2025-08-01 01:49:34 PM,1299.0,0,0.0,38994334.40000001
2025-08-01 01:49:37 PM,1299.0,41,53259.0,39047593.40000001
2025-08-01 01:49:40 PM,1298.1,0,0.0,39047593.40000001
2025-08-01 01:49:42 PM,1298.1,3,3894.2999999999997,39051487.70000001
2025-08-01 01:49:44 PM,1297.7,0,0.0,39051487.70000001
2025-08-01 01:49:47 PM,1297.7,12,15572.400000000001,39067060.10000001
2025-08-01 01:50:14 PM,1298.1,0,0.0,39067060.10000001
2025-08-01 01:50:16 PM,1298.1,1,1298.1,39068358.20000001
2025-08-01 01:51:34 PM,1296.2,0,0.0,39068358.20000001
2025-08-01 01:51:34 PM,1296.2,17,22035.4,39090393.60000001
2025-08-01 01:51:49 PM,1296.2,1,1296.2,39091689.80000001
2025-08-01 01:52:19 PM,1297.8,22,28551.6,39120241.40000001
2025-08-01 01:52:33 PM,1299.0,1,1299.0,39121540.40000001
2025-08-01 01:52:37 PM,1297.3,10,12973.0,39134513.40000001
2025-08-01 01:52:52 PM,1297.3,2,2594.6,39137108.000000015
2025-08-01 01:53:35 PM,1297.3,8,10378.4,39147486.40000001
2025-08-01 01:53:48 PM,1297.5,18,23355.0,39170841.40000001
2025-08-01 01:54:02 PM,1297.6,0,0.0,39170841.40000001
2025-08-01 01:54:03 PM,1297.6,1,1297.6,39172139.000000015
2025-08-01 01:54:38 PM,1297.2,12,15566.400000000001,39187705.40000001
2025-08-01 01:54:46 PM,1297.0,0,0.0,39187705.40000001
2025-08-01 01:54:47 PM,1297.0,1,1297.0,39189002.40000001
2025-08-01 01:54:52 PM,1297.2,1,1297.2,39190299.60000002
2025-08-01 01:55:50 PM,1295.7,0,0.0,39190299.60000002
2025-08-01 01:55:51 PM,1295.7,15,19435.5,39209735.10000002
2025-08-01 01:56:06 PM,1295.7,1,1295.7,39211030.80000002
2025-08-01 01:57:14 PM,1295.0,0,0.0,39211030.80000002
