date,price,qty,trnvr,cum_trnvr
2025-08-01 09:15:05 AM,2324.7,65,151105.5,151105.5
2025-08-01 09:15:13 AM,2332.3,0,0.0,151105.5
2025-08-01 09:15:17 AM,2331.8,6,13990.800000000001,165096.3
2025-08-01 09:15:18 AM,2331.8,1,2331.8,167428.09999999998
2025-08-01 09:15:22 AM,2332.9,0,0.0,167428.09999999998
2025-08-01 09:15:26 AM,2332.9,2,4665.8,172093.89999999997
2025-08-01 09:15:50 AM,2333.0,0,0.0,172093.89999999997
2025-08-01 09:15:51 AM,2333.0,18,41994.0,214087.89999999997
2025-08-01 09:15:58 AM,2332.7,0,0.0,214087.89999999997
2025-08-01 09:15:59 AM,2332.7,3,6998.099999999999,221085.99999999997
2025-08-01 09:16:01 AM,2332.7,5,11663.5,232749.49999999997
2025-08-01 09:16:04 AM,2331.1,0,0.0,232749.49999999997
2025-08-01 09:16:08 AM,2331.1,171,398618.1,631367.6
2025-08-01 09:16:21 AM,2329.8,0,0.0,631367.6
2025-08-01 09:16:24 AM,2329.8,6,13978.800000000001,645346.4
2025-08-01 09:17:13 AM,2332.2,50,116609.99999999999,761956.4
2025-08-01 09:17:22 AM,2336.7,87,203292.9,965249.3
2025-08-01 09:17:25 AM,2333.3,0,0.0,965249.3
2025-08-01 09:17:31 AM,2333.3,18,41999.4,1007248.7000000001
2025-08-01 09:17:59 AM,2334.3,0,0.0,1007248.7000000001
2025-08-01 09:18:01 AM,2337.7,0,0.0,1007248.7000000001
2025-08-01 09:18:03 AM,2337.7,60,140262.0,1147510.7000000002
2025-08-01 09:18:07 AM,2340.0,0,0.0,1147510.7000000002
2025-08-01 09:18:12 AM,2340.0,74,173160.0,1320670.7000000002
2025-08-01 09:18:17 AM,2340.4,0,0.0,1320670.7000000002
2025-08-01 09:18:20 AM,2340.4,1,2340.4,1323011.1
2025-08-01 09:18:28 AM,2342.5,1,2342.5,1325353.6
2025-08-01 09:18:39 AM,2342.8,0,0.0,1325353.6
2025-08-01 09:18:44 AM,2342.8,13,30456.4,1355810.0
2025-08-01 09:18:47 AM,2345.0,0,0.0,1355810.0
2025-08-01 09:18:53 AM,2345.0,25,58625.0,1414435.0
2025-08-01 09:18:56 AM,2346.9,0,0.0,1414435.0
2025-08-01 09:19:01 AM,2346.9,1,2346.9,1416781.9
2025-08-01 09:19:05 AM,2345.0,0,0.0,1416781.9
2025-08-01 09:19:09 AM,2348.9,156,366428.4,1783210.2999999998
2025-08-01 09:19:32 AM,2349.4,0,0.0,1783210.2999999998
2025-08-01 09:19:33 AM,2349.4,50,117470.0,1900680.2999999998
2025-08-01 09:19:43 AM,2349.4,1,2349.4,1903029.6999999997
2025-08-01 09:20:11 AM,2348.0,0,0.0,1903029.6999999997
2025-08-01 09:20:13 AM,2348.0,2,4696.0,1907725.6999999997
2025-08-01 09:20:18 AM,2345.3,0,0.0,1907725.6999999997
2025-08-01 09:20:21 AM,2345.3,10,23453.0,1931178.6999999997
2025-08-01 09:20:28 AM,2343.1,0,0.0,1931178.6999999997
2025-08-01 09:20:29 AM,2343.1,199,466276.89999999997,2397455.5999999996
2025-08-01 09:20:36 AM,2340.0,0,0.0,2397455.5999999996
2025-08-01 09:20:37 AM,2340.0,350,819000.0,3216455.5999999996
2025-08-01 09:20:57 AM,2338.6,0,0.0,3216455.5999999996
2025-08-01 09:21:00 AM,2338.6,2,4677.2,3221132.8
2025-08-01 09:21:11 AM,2339.9,0,0.0,3221132.8
2025-08-01 09:21:16 AM,2339.8,5,11699.0,3232831.8
2025-08-01 09:21:18 AM,2341.4,0,0.0,3232831.8
2025-08-01 09:21:20 AM,2345.6,0,0.0,3232831.8
2025-08-01 09:21:23 AM,2345.6,172,403443.2,3636275.0
2025-08-01 09:21:34 AM,2348.8,0,0.0,3636275.0
2025-08-01 09:21:39 AM,2348.8,1,2348.8,3638623.8
2025-08-01 09:21:43 AM,2346.5,0,0.0,3638623.8
2025-08-01 09:21:47 AM,2346.5,35,82127.5,3720751.3
2025-08-01 09:21:50 AM,2347.8,0,0.0,3720751.3
2025-08-01 09:21:54 AM,2347.8,8,18782.4,3739533.6999999997
2025-08-01 09:22:17 AM,2346.5,15,35197.5,3774731.1999999997
2025-08-01 09:22:32 AM,2344.1,5,11720.5,3786451.6999999997
2025-08-01 09:22:40 AM,2343.2,5,11716.0,3798167.6999999997
2025-08-01 09:22:46 AM,2347.2,0,0.0,3798167.6999999997
2025-08-01 09:22:47 AM,2347.2,30,70416.0,3868583.6999999997
2025-08-01 09:22:52 AM,2349.9,0,0.0,3868583.6999999997
2025-08-01 09:22:55 AM,2349.9,100,234990.0,4103573.6999999997
2025-08-01 09:23:01 AM,2346.0,0,0.0,4103573.6999999997
2025-08-01 09:23:02 AM,2346.0,5,11730.0,4115303.6999999997
2025-08-01 09:23:08 AM,2345.0,0,0.0,4115303.6999999997
2025-08-01 09:23:10 AM,2345.0,5,11725.0,4127028.6999999997
2025-08-01 09:23:33 AM,2344.1,8,18752.8,4145781.4999999995
2025-08-01 09:23:53 AM,2344.8,0,0.0,4145781.4999999995
2025-08-01 09:23:56 AM,2344.8,50,117240.00000000001,4263021.5
2025-08-01 09:24:06 AM,2341.5,0,0.0,4263021.5
2025-08-01 09:24:12 AM,2341.5,2,4683.0,4267704.5
2025-08-01 09:24:25 AM,2339.2,0,0.0,4267704.5
2025-08-01 09:24:27 AM,2339.2,71,166083.19999999998,4433787.7
2025-08-01 09:24:28 AM,2340.3,2,4680.6,4438468.3
2025-08-01 09:24:31 AM,2338.2,0,0.0,4438468.3
2025-08-01 09:24:34 AM,2339.8,2,4679.6,4443147.899999999
2025-08-01 09:25:19 AM,2339.8,5,11699.0,4454846.899999999
2025-08-01 09:26:11 AM,2338.1,0,0.0,4454846.899999999
2025-08-01 09:26:12 AM,2338.1,13,30395.3,4485242.199999999
2025-08-01 09:26:50 AM,2340.5,0,0.0,4485242.199999999
2025-08-01 09:26:52 AM,2340.5,25,58512.5,4543754.699999999
2025-08-01 09:27:08 AM,2342.3,0,0.0,4543754.699999999
2025-08-01 09:27:13 AM,2342.3,1,2342.3,4546096.999999999
2025-08-01 09:27:50 AM,2342.3,1,2342.3,4548439.299999999
2025-08-01 09:28:06 AM,2342.3,2,4684.6,4553123.8999999985
2025-08-01 09:28:30 AM,2338.2,29,67807.79999999999,4620931.699999998
2025-08-01 09:29:38 AM,2341.1,2,4682.2,4625613.8999999985
2025-08-01 09:29:47 AM,2341.6,0,0.0,4625613.8999999985
2025-08-01 09:29:52 AM,2341.6,3,7024.799999999999,4632638.699999998
2025-08-01 09:30:08 AM,2342.6,15,35139.0,4667777.699999998
2025-08-01 09:30:20 AM,2339.9,0,0.0,4667777.699999998
2025-08-01 09:30:22 AM,2339.9,1,2339.9,4670117.599999999
2025-08-01 09:30:37 AM,2342.1,1,2342.1,4672459.699999998
2025-08-01 09:30:45 AM,2340.1,111,259751.09999999998,4932210.799999998
2025-08-01 09:30:59 AM,2335.4,3,7006.200000000001,4939216.999999998
2025-08-01 09:31:02 AM,2335.1,0,0.0,4939216.999999998
2025-08-01 09:31:06 AM,2335.1,422,985412.2,5924629.199999998
2025-08-01 09:31:20 AM,2332.0,0,0.0,5924629.199999998
2025-08-01 09:31:21 AM,2332.0,1,2332.0,5926961.199999998
2025-08-01 09:31:28 AM,2333.8,5,11669.0,5938630.199999998
2025-08-01 09:31:36 AM,2332.0,2,4664.0,5943294.199999998
2025-08-01 09:31:49 AM,2333.0,3,6999.0,5950293.199999998
2025-08-01 09:31:56 AM,2333.0,1,2333.0,5952626.199999998
2025-08-01 09:32:17 AM,2333.8,2,4667.6,5957293.799999998
2025-08-01 09:32:36 AM,2337.5,0,0.0,5957293.799999998
2025-08-01 09:32:38 AM,2337.5,45,105187.5,6062481.299999998
2025-08-01 09:32:52 AM,2341.1,2,4682.2,6067163.499999998
2025-08-01 09:33:12 AM,2338.8,0,0.0,6067163.499999998
2025-08-01 09:33:13 AM,2338.8,2,4677.6,6071841.099999998
2025-08-01 09:33:17 AM,2340.2,0,0.0,6071841.099999998
2025-08-01 09:33:20 AM,2340.2,1,2340.2,6074181.299999998
2025-08-01 09:33:32 AM,2340.5,0,0.0,6074181.299999998
2025-08-01 09:33:34 AM,2340.5,1,2340.5,6076521.799999998
2025-08-01 09:33:37 AM,2340.1,0,0.0,6076521.799999998
2025-08-01 09:33:41 AM,2340.1,8,18720.8,6095242.599999998
2025-08-01 09:33:50 AM,2340.4,0,0.0,6095242.599999998
2025-08-01 09:33:55 AM,2340.4,2,4680.8,6099923.399999998
2025-08-01 09:34:01 AM,2344.1,10,23441.0,6123364.399999998
2025-08-01 09:34:08 AM,2342.4,0,0.0,6123364.399999998
2025-08-01 09:34:09 AM,2342.7,41,96050.7,6219415.099999998
2025-08-01 09:34:27 AM,2341.0,0,0.0,6219415.099999998
2025-08-01 09:34:30 AM,2341.0,2,4682.0,6224097.099999998
2025-08-01 09:34:51 AM,2341.0,1,2341.0,6226438.099999998
2025-08-01 09:34:56 AM,2342.2,0,0.0,6226438.099999998
2025-08-01 09:34:57 AM,2342.2,2,4684.4,6231122.499999998
2025-08-01 09:35:04 AM,2342.7,10,23427.0,6254549.499999998
2025-08-01 09:35:05 AM,2341.0,1,2341.0,6256890.499999998
2025-08-01 09:35:25 AM,2341.0,2,4682.0,6261572.499999998
2025-08-01 09:35:32 AM,2341.0,1,2341.0,6263913.499999998
2025-08-01 09:35:46 AM,2341.0,1,2341.0,6266254.499999998
2025-08-01 09:36:06 AM,2341.0,2,4682.0,6270936.499999998
2025-08-01 09:36:13 AM,2343.2,0,0.0,6270936.499999998
2025-08-01 09:36:13 AM,2343.2,3,7029.599999999999,6277966.099999998
2025-08-01 09:36:21 AM,2341.0,0,0.0,6277966.099999998
2025-08-01 09:36:26 AM,2341.0,1,2341.0,6280307.099999998
2025-08-01 09:36:41 AM,2341.2,0,0.0,6280307.099999998
2025-08-01 09:36:45 AM,2341.2,2,4682.4,6284989.499999998
2025-08-01 09:36:59 AM,2341.9,1,2341.9,6287331.3999999985
2025-08-01 09:37:20 AM,2341.7,0,0.0,6287331.3999999985
2025-08-01 09:37:20 AM,2341.7,4,9366.8,6296698.199999998
2025-08-01 09:37:39 AM,2341.5,0,0.0,6296698.199999998
2025-08-01 09:37:40 AM,2341.5,1,2341.5,6299039.699999998
2025-08-01 09:37:57 AM,2342.0,0,0.0,6299039.699999998
2025-08-01 09:38:00 AM,2342.0,1,2342.0,6301381.699999998
2025-08-01 09:38:11 AM,2341.8,0,0.0,6301381.699999998
2025-08-01 09:38:14 AM,2341.8,1,2341.8,6303723.499999998
2025-08-01 09:38:17 AM,2341.5,0,0.0,6303723.499999998
2025-08-01 09:38:21 AM,2341.5,2,4683.0,6308406.499999998
2025-08-01 09:38:34 AM,2341.5,1,2341.5,6310747.999999998
2025-08-01 09:38:54 AM,2341.5,4,9366.0,6320113.999999998
2025-08-01 09:39:07 AM,2341.1,219,512700.89999999997,6832814.8999999985
2025-08-01 09:39:12 AM,2339.3,0,0.0,6832814.8999999985
2025-08-01 09:39:14 AM,2339.3,1,2339.3,6835154.199999998
2025-08-01 09:39:31 AM,2338.0,0,0.0,6835154.199999998
2025-08-01 09:39:34 AM,2338.0,2,4676.0,6839830.199999998
2025-08-01 09:39:46 AM,2340.8,0,0.0,6839830.199999998
2025-08-01 09:39:47 AM,2340.8,15,35112.0,6874942.199999998
2025-08-01 09:39:50 AM,2339.4,0,0.0,6874942.199999998
2025-08-01 09:39:54 AM,2339.4,1,2339.4,6877281.599999999
2025-08-01 09:40:08 AM,2341.6,1,2341.6,6879623.199999998
2025-08-01 09:40:10 AM,2339.3,0,0.0,6879623.199999998
2025-08-01 09:40:14 AM,2339.3,1,2339.3,6881962.499999998
2025-08-01 09:40:28 AM,2339.7,0,0.0,6881962.499999998
2025-08-01 09:40:33 AM,2339.7,2,4679.4,6886641.8999999985
2025-08-01 09:40:47 AM,2341.1,1,2341.1,6888982.999999998
2025-08-01 09:40:53 AM,2339.8,80,187184.0,7076166.999999998
2025-08-01 09:41:06 AM,2341.2,0,0.0,7076166.999999998
2025-08-01 09:41:06 AM,2341.2,2,4682.4,7080849.3999999985
2025-08-01 09:41:25 AM,2342.2,0,0.0,7080849.3999999985
2025-08-01 09:41:26 AM,2342.2,1,2342.2,7083191.599999999
2025-08-01 09:41:45 AM,2341.4,0,0.0,7083191.599999999
2025-08-01 09:41:46 AM,2341.4,2,4682.8,7087874.3999999985
2025-08-01 09:42:05 AM,2341.5,1,2341.5,7090215.8999999985
2025-08-01 09:42:22 AM,2341.4,0,0.0,7090215.8999999985
2025-08-01 09:42:25 AM,2341.4,1,2341.4,7092557.299999999
2025-08-01 09:42:44 AM,2340.8,0,0.0,7092557.299999999
2025-08-01 09:42:44 AM,2340.8,2,4681.6,7097238.8999999985
2025-08-01 09:43:00 AM,2341.4,0,0.0,7097238.8999999985
2025-08-01 09:43:04 AM,2341.4,1,2341.4,7099580.299999999
2025-08-01 09:43:24 AM,2341.4,2,4682.8,7104263.099999999
2025-08-01 09:43:38 AM,2341.2,1,2341.2,7106604.299999999
2025-08-01 09:43:57 AM,2340.6,2,4681.2,7111285.499999999
2025-08-01 09:43:58 AM,2340.9,2,4681.8,7115967.299999999
2025-08-01 09:44:16 AM,2340.1,0,0.0,7115967.299999999
2025-08-01 09:44:17 AM,2340.1,1,2340.1,7118307.3999999985
2025-08-01 09:44:36 AM,2339.4,1,2339.4,7120646.799999999
2025-08-01 09:44:48 AM,2341.1,0,0.0,7120646.799999999
2025-08-01 09:44:49 AM,2341.1,1,2341.1,7122987.8999999985
2025-08-01 09:44:54 AM,2339.1,0,0.0,7122987.8999999985
2025-08-01 09:44:56 AM,2339.1,2,4678.2,7127666.099999999
2025-08-01 09:45:16 AM,2338.6,1,2338.6,7130004.699999998
2025-08-01 09:45:17 AM,2340.0,1,2340.0,7132344.699999998
2025-08-01 09:45:32 AM,2338.0,0,0.0,7132344.699999998
2025-08-01 09:45:35 AM,2338.0,2,4676.0,7137020.699999998
2025-08-01 09:45:52 AM,2338.3,0,0.0,7137020.699999998
2025-08-01 09:45:55 AM,2338.3,1,2338.3,7139358.999999998
2025-08-01 09:46:08 AM,2338.0,0,0.0,7139358.999999998
2025-08-01 09:46:09 AM,2338.0,175,409150.0,7548508.999999998
2025-08-01 09:46:12 AM,2337.0,0,0.0,7548508.999999998
2025-08-01 09:46:14 AM,2337.0,2,4674.0,7553182.999999998
2025-08-01 09:46:20 AM,2341.8,121,283357.80000000005,7836540.799999998
2025-08-01 09:46:22 AM,2345.0,0,0.0,7836540.799999998
2025-08-01 09:46:26 AM,2346.8,0,0.0,7836540.799999998
2025-08-01 09:46:27 AM,2346.8,525,1232070.0,9068610.799999997
2025-08-01 09:46:29 AM,2346.6,0,0.0,9068610.799999997
2025-08-01 09:46:30 AM,2349.1,0,0.0,9068610.799999997
2025-08-01 09:46:33 AM,2349.1,3,7047.299999999999,9075658.099999998
2025-08-01 09:46:37 AM,2346.7,0,0.0,9075658.099999998
2025-08-01 09:46:39 AM,2347.9,14,32870.6,9108528.699999997
2025-08-01 09:46:48 AM,2345.3,1,2345.3,9110873.999999998
2025-08-01 09:46:57 AM,2342.8,0,0.0,9110873.999999998
2025-08-01 09:46:58 AM,2342.8,83,194452.40000000002,9305326.399999999
2025-08-01 09:47:09 AM,2342.0,0,0.0,9305326.399999999
2025-08-01 09:47:11 AM,2342.0,4,9368.0,9314694.399999999
2025-08-01 09:47:14 AM,2343.8,0,0.0,9314694.399999999
2025-08-01 09:47:17 AM,2343.8,3,7031.400000000001,9321725.799999999
2025-08-01 09:47:26 AM,2342.0,0,0.0,9321725.799999999
2025-08-01 09:47:29 AM,2342.0,4,9368.0,9331093.799999999
2025-08-01 09:47:45 AM,2342.1,9,21078.899999999998,9352172.7
2025-08-01 09:48:05 AM,2342.4,1,2342.4,9354515.1
2025-08-01 09:48:16 AM,2345.6,0,0.0,9354515.1
2025-08-01 09:48:18 AM,2345.6,6,14073.599999999999,9368588.7
2025-08-01 09:48:22 AM,2342.2,35,81977.0,9450565.7
2025-08-01 09:48:28 AM,2343.2,0,0.0,9450565.7
2025-08-01 09:48:28 AM,2343.2,3,7029.599999999999,9457595.299999999
2025-08-01 09:48:44 AM,2343.9,7,16407.3,9474002.6
2025-08-01 09:49:00 AM,2343.4,0,0.0,9474002.6
2025-08-01 09:49:03 AM,2343.4,42,98422.8,9572425.4
2025-08-01 09:49:07 AM,2343.5,10,23435.0,9595860.4
2025-08-01 09:49:15 AM,2344.5,5,11722.5,9607582.9
2025-08-01 09:49:21 AM,2342.0,2,4684.0,9612266.9
2025-08-01 09:49:40 AM,2344.5,0,0.0,9612266.9
2025-08-01 09:49:40 AM,2344.5,1,2344.5,9614611.4
2025-08-01 09:49:43 AM,2343.5,0,0.0,9614611.4
2025-08-01 09:49:44 AM,2343.5,20,46870.0,9661481.4
2025-08-01 09:50:00 AM,2343.5,2,4687.0,9666168.4
2025-08-01 09:50:15 AM,2344.8,0,0.0,9666168.4
2025-08-01 09:50:16 AM,2344.8,2,4689.6,9670858.0
2025-08-01 09:50:22 AM,2343.5,1,2343.5,9673201.5
2025-08-01 09:50:37 AM,2341.5,2,4683.0,9677884.5
2025-08-01 09:50:54 AM,2340.0,0,0.0,9677884.5
2025-08-01 09:50:56 AM,2340.0,157,367380.0,10045264.5
2025-08-01 09:50:59 AM,2338.1,0,0.0,10045264.5
2025-08-01 09:51:00 AM,2338.1,1,2338.1,10047602.6
2025-08-01 09:51:06 AM,2339.5,0,0.0,10047602.6
2025-08-01 09:51:06 AM,2339.5,3,7018.5,10054621.1
2025-08-01 09:51:10 AM,2341.8,0,0.0,10054621.1
2025-08-01 09:51:13 AM,2341.8,6,14050.800000000001,10068671.9
2025-08-01 09:51:14 AM,2340.3,0,0.0,10068671.9
2025-08-01 09:51:15 AM,2340.3,8,18722.4,10087394.3
2025-08-01 09:51:25 AM,2342.4,1,2342.4,10089736.700000001
2025-08-01 09:51:35 AM,2338.7,0,0.0,10089736.700000001
2025-08-01 09:51:38 AM,2338.7,1,2338.7,10092075.4
2025-08-01 09:51:55 AM,2337.5,0,0.0,10092075.4
2025-08-01 09:51:56 AM,2337.5,1,2337.5,10094412.9
2025-08-01 09:52:11 AM,2337.2,0,0.0,10094412.9
2025-08-01 09:52:11 AM,2337.2,2,4674.4,10099087.3
2025-08-01 09:52:23 AM,2339.8,10,23398.0,10122485.3
2025-08-01 09:52:32 AM,2339.7,0,0.0,10122485.3
2025-08-01 09:52:33 AM,2337.9,3,7013.700000000001,10129499.0
2025-08-01 09:52:47 AM,2339.5,0,0.0,10129499.0
2025-08-01 09:52:48 AM,2339.5,1,2339.5,10131838.5
2025-08-01 09:52:50 AM,2337.7,0,0.0,10131838.5
2025-08-01 09:52:51 AM,2337.7,2,4675.4,10136513.9
2025-08-01 09:53:08 AM,2337.1,0,0.0,10136513.9
2025-08-01 09:53:09 AM,2337.1,1,2337.1,10138851.0
2025-08-01 09:53:27 AM,2337.0,0,0.0,10138851.0
2025-08-01 09:53:28 AM,2337.0,2,4674.0,10143525.0
2025-08-01 09:53:34 AM,2337.0,2,4674.0,10148199.0
2025-08-01 09:53:47 AM,2336.1,1,2336.1,10150535.1
2025-08-01 09:54:03 AM,2336.8,0,0.0,10150535.1
2025-08-01 09:54:05 AM,2334.3,11,25677.300000000003,10176212.4
2025-08-01 09:54:09 AM,2336.0,0,0.0,10176212.4
2025-08-01 09:54:12 AM,2336.0,10,23360.0,10199572.4
2025-08-01 09:54:24 AM,2333.1,0,0.0,10199572.4
2025-08-01 09:54:24 AM,2333.1,2,4666.2,10204238.6
2025-08-01 09:54:43 AM,2334.0,1,2334.0,10206572.6
2025-08-01 09:55:04 AM,2333.3,0,0.0,10206572.6
2025-08-01 09:55:06 AM,2333.3,2,4666.6,10211239.2
2025-08-01 09:55:24 AM,2333.3,3,6999.900000000001,10218239.1
2025-08-01 09:55:42 AM,2333.3,2,4666.6,10222905.7
2025-08-01 09:56:00 AM,2333.3,1,2333.3,10225239.0
2025-08-01 09:56:12 AM,2335.0,0,0.0,10225239.0
2025-08-01 09:56:12 AM,2335.0,11,25685.0,10250924.0
2025-08-01 09:56:18 AM,2333.3,0,0.0,10250924.0
2025-08-01 09:56:18 AM,2333.3,1,2333.3,10253257.3
2025-08-01 09:56:24 AM,2334.4,2,4668.8,10257926.100000001
2025-08-01 09:56:40 AM,2334.1,0,0.0,10257926.100000001
2025-08-01 09:56:42 AM,2334.1,2,4668.2,10262594.3
2025-08-01 09:56:58 AM,2333.4,0,0.0,10262594.3
2025-08-01 09:57:00 AM,2333.4,1,2333.4,10264927.700000001
2025-08-01 09:57:18 AM,2333.4,7,16333.800000000001,10281261.500000002
2025-08-01 09:57:34 AM,2333.5,0,0.0,10281261.500000002
2025-08-01 09:57:35 AM,2333.5,1,2333.5,10283595.000000002
2025-08-01 09:57:41 AM,2333.5,7,16334.5,10299929.500000002
2025-08-01 09:57:50 AM,2333.5,1,2333.5,10302263.000000002
2025-08-01 09:57:53 AM,2333.5,2,4667.0,10306930.000000002
2025-08-01 09:58:14 AM,2333.4,1,2333.4,10309263.400000002
2025-08-01 09:58:32 AM,2333.4,1,2333.4,10311596.800000003
2025-08-01 09:58:42 AM,2333.4,3,7000.200000000001,10318597.000000002
2025-08-01 09:58:51 AM,2333.4,2,4666.8,10323263.800000003
2025-08-01 09:59:09 AM,2333.4,1,2333.4,10325597.200000003
2025-08-01 09:59:25 AM,2335.1,0,0.0,10325597.200000003
2025-08-01 09:59:25 AM,2335.1,2,4670.2,10330267.400000002
2025-08-01 09:59:28 AM,2333.4,2,4666.8,10334934.200000003
2025-08-01 09:59:48 AM,2333.3,0,0.0,10334934.200000003
2025-08-01 09:59:50 AM,2333.3,1,2333.3,10337267.500000004
2025-08-01 10:00:08 AM,2333.3,1,2333.3,10339600.800000004
2025-08-01 10:00:15 AM,2333.0,1,2333.0,10341933.800000004
2025-08-01 10:00:28 AM,2333.0,1,2333.0,10344266.800000004
2025-08-01 10:00:30 AM,2333.3,2,4666.6,10348933.400000004
2025-08-01 10:00:46 AM,2335.4,0,0.0,10348933.400000004
2025-08-01 10:00:50 AM,2335.4,1,2335.4,10351268.800000004
2025-08-01 10:00:52 AM,2333.3,0,0.0,10351268.800000004
2025-08-01 10:00:53 AM,2333.3,1,2333.3,10353602.100000005
2025-08-01 10:01:04 AM,2333.0,0,0.0,10353602.100000005
2025-08-01 10:01:05 AM,2333.0,2,4666.0,10358268.100000005
2025-08-01 10:01:21 AM,2333.0,43,100319.0,10458587.100000005
2025-08-01 10:01:24 AM,2334.7,0,0.0,10458587.100000005
2025-08-01 10:01:24 AM,2334.7,4,9338.8,10467925.900000006
2025-08-01 10:01:36 AM,2336.4,0,0.0,10467925.900000006
2025-08-01 10:01:36 AM,2336.4,2,4672.8,10472598.700000007
2025-08-01 10:01:42 AM,2333.9,2,4667.8,10477266.500000007
2025-08-01 10:02:00 AM,2333.6,0,0.0,10477266.500000007
2025-08-01 10:02:00 AM,2333.6,1,2333.6,10479600.100000007
2025-08-01 10:02:04 AM,2333.1,0,0.0,10479600.100000007
2025-08-01 10:02:04 AM,2333.1,3,6999.299999999999,10486599.400000008
2025-08-01 10:02:11 AM,2333.1,2,4666.2,10491265.600000007
2025-08-01 10:02:19 AM,2333.2,2,4666.4,10495932.000000007
2025-08-01 10:02:25 AM,2334.8,1,2334.8,10498266.800000008
2025-08-01 10:02:42 AM,2334.7,3,7004.099999999999,10505270.900000008
2025-08-01 10:02:57 AM,2333.1,2,4666.2,10509937.100000007
2025-08-01 10:03:16 AM,2333.3,1,2333.3,10512270.400000008
2025-08-01 10:03:29 AM,2335.0,1,2335.0,10514605.400000008
2025-08-01 10:03:36 AM,2335.0,1,2335.0,10516940.400000008
2025-08-01 10:03:48 AM,2335.0,1,2335.0,10519275.400000008
2025-08-01 10:03:55 AM,2334.1,0,0.0,10519275.400000008
2025-08-01 10:03:55 AM,2334.1,2,4668.2,10523943.600000007
2025-08-01 10:04:13 AM,2335.1,1,2335.1,10526278.700000007
2025-08-01 10:04:32 AM,2336.0,2,4672.0,10530950.700000007
2025-08-01 10:04:43 AM,2337.8,5,11689.0,10542639.700000007
2025-08-01 10:04:51 AM,2337.1,1,2337.1,10544976.800000006
2025-08-01 10:04:55 AM,2338.0,148,346024.0,10891000.800000006
2025-08-01 10:05:13 AM,2335.7,0,0.0,10891000.800000006
2025-08-01 10:05:13 AM,2336.4,6,14018.400000000001,10905019.200000007
2025-08-01 10:05:32 AM,2335.2,0,0.0,10905019.200000007
2025-08-01 10:05:32 AM,2335.2,1,2335.2,10907354.400000006
2025-08-01 10:05:44 AM,2336.3,1,2336.3,10909690.700000007
2025-08-01 10:05:49 AM,2335.3,0,0.0,10909690.700000007
2025-08-01 10:05:50 AM,2335.3,1,2335.3,10912026.000000007
2025-08-01 10:06:08 AM,2335.2,2,4670.4,10916696.400000008
2025-08-01 10:06:14 AM,2336.3,1,2336.3,10919032.700000009
2025-08-01 10:06:27 AM,2335.1,0,0.0,10919032.700000009
2025-08-01 10:06:28 AM,2335.1,1,2335.1,10921367.800000008
2025-08-01 10:06:40 AM,2335.1,3,7005.299999999999,10928373.100000009
2025-08-01 10:06:46 AM,2335.1,2,4670.2,10933043.300000008
2025-08-01 10:06:50 AM,2334.0,180,420120.0,11353163.300000008
2025-08-01 10:07:02 AM,2332.6,0,0.0,11353163.300000008
2025-08-01 10:07:02 AM,2332.6,5,11663.0,11364826.300000008
2025-08-01 10:07:04 AM,2332.2,3,6996.599999999999,11371822.900000008
2025-08-01 10:07:08 AM,2332.2,7,16325.399999999998,11388148.300000008
2025-08-01 10:07:17 AM,2332.2,9,20989.8,11409138.100000009
2025-08-01 10:07:23 AM,2332.2,2,4664.4,11413802.50000001
2025-08-01 10:07:27 AM,2332.2,1,2332.2,11416134.700000009
2025-08-01 10:07:39 AM,2332.2,5,11661.0,11427795.700000009
2025-08-01 10:07:44 AM,2332.9,0,0.0,11427795.700000009
2025-08-01 10:07:45 AM,2332.9,7,16330.300000000001,11444126.00000001
2025-08-01 10:08:03 AM,2332.3,0,0.0,11444126.00000001
2025-08-01 10:08:04 AM,2332.3,1,2332.3,11446458.30000001
2025-08-01 10:08:09 AM,2332.4,0,0.0,11446458.30000001
2025-08-01 10:08:10 AM,2332.4,3,6997.200000000001,11453455.50000001
2025-08-01 10:08:12 AM,2333.2,17,39664.399999999994,11493119.90000001
2025-08-01 10:08:17 AM,2334.6,1,2334.6,11495454.50000001
2025-08-01 10:08:22 AM,2333.2,0,0.0,11495454.50000001
2025-08-01 10:08:23 AM,2333.2,2,4666.4,11500120.90000001
2025-08-01 10:08:39 AM,2333.9,0,0.0,11500120.90000001
2025-08-01 10:08:41 AM,2333.9,1,2333.9,11502454.80000001
2025-08-01 10:08:58 AM,2332.4,2,4664.8,11507119.60000001
2025-08-01 10:09:10 AM,2333.0,90,209970.0,11717089.60000001
2025-08-01 10:09:16 AM,2333.0,1,2333.0,11719422.60000001
2025-08-01 10:09:18 AM,2332.5,0,0.0,11719422.60000001
2025-08-01 10:09:18 AM,2332.5,1,2332.5,11721755.10000001
2025-08-01 10:09:22 AM,2332.7,2,4665.4,11726420.500000011
2025-08-01 10:09:24 AM,2333.0,0,0.0,11726420.500000011
2025-08-01 10:09:24 AM,2333.0,6,13998.0,11740418.500000011
2025-08-01 10:09:33 AM,2334.5,0,0.0,11740418.500000011
2025-08-01 10:09:34 AM,2334.9,533,1244501.7,12984920.20000001
2025-08-01 10:09:36 AM,2333.1,0,0.0,12984920.20000001
2025-08-01 10:09:40 AM,2333.1,2,4666.2,12989586.40000001
2025-08-01 10:09:48 AM,2335.0,0,0.0,12989586.40000001
2025-08-01 10:09:51 AM,2335.0,5,11675.0,13001261.40000001
2025-08-01 10:09:53 AM,2334.9,1,2334.9,13003596.30000001
2025-08-01 10:09:58 AM,2332.9,1,2332.9,13005929.20000001
2025-08-01 10:10:12 AM,2335.2,0,0.0,13005929.20000001
2025-08-01 10:10:14 AM,2335.2,6,14011.199999999999,13019940.40000001
2025-08-01 10:10:16 AM,2332.6,0,0.0,13019940.40000001
2025-08-01 10:10:16 AM,2332.6,1,2332.6,13022273.00000001
2025-08-01 10:10:27 AM,2332.4,0,0.0,13022273.00000001
2025-08-01 10:10:28 AM,2332.4,35,81634.0,13103907.00000001
2025-08-01 10:10:33 AM,2332.5,0,0.0,13103907.00000001
2025-08-01 10:10:34 AM,2332.5,2,4665.0,13108572.00000001
2025-08-01 10:10:44 AM,2334.0,6,14004.0,13122576.00000001
2025-08-01 10:10:50 AM,2333.7,1,2333.7,13124909.700000009
2025-08-01 10:10:52 AM,2332.5,1,2332.5,13127242.200000009
2025-08-01 10:11:03 AM,2333.8,0,0.0,13127242.200000009
2025-08-01 10:11:03 AM,2333.8,1,2333.8,13129576.00000001
2025-08-01 10:11:06 AM,2335.1,0,0.0,13129576.00000001
2025-08-01 10:11:08 AM,2335.1,1,2335.1,13131911.100000009
2025-08-01 10:11:09 AM,2335.1,1,2335.1,13134246.200000009
2025-08-01 10:11:12 AM,2336.4,0,0.0,13134246.200000009
2025-08-01 10:11:14 AM,2336.4,46,107474.40000000001,13241720.600000009
2025-08-01 10:11:21 AM,2340.2,0,0.0,13241720.600000009
2025-08-01 10:11:21 AM,2340.2,1,2340.2,13244060.800000008
2025-08-01 10:11:24 AM,2342.4,0,0.0,13244060.800000008
2025-08-01 10:11:25 AM,2342.4,3,7027.200000000001,13251088.000000007
2025-08-01 10:11:30 AM,2342.3,0,0.0,13251088.000000007
2025-08-01 10:11:30 AM,2340.7,0,0.0,13251088.000000007
2025-08-01 10:11:31 AM,2340.7,2,4681.4,13255769.400000008
2025-08-01 10:11:42 AM,2340.7,6,14044.199999999999,13269813.600000007
2025-08-01 10:11:48 AM,2341.1,0,0.0,13269813.600000007
2025-08-01 10:11:48 AM,2341.1,1,2341.1,13272154.700000007
2025-08-01 10:11:50 AM,2338.7,2,4677.4,13276832.100000007
2025-08-01 10:12:06 AM,2341.2,0,0.0,13276832.100000007
2025-08-01 10:12:06 AM,2341.2,1,2341.2,13279173.300000006
2025-08-01 10:12:09 AM,2340.1,0,0.0,13279173.300000006
2025-08-01 10:12:12 AM,2340.1,2,4680.2,13283853.500000006
2025-08-01 10:12:15 AM,2341.4,0,0.0,13283853.500000006
2025-08-01 10:12:18 AM,2341.4,3,7024.200000000001,13290877.700000005
2025-08-01 10:12:27 AM,2342.1,0,0.0,13290877.700000005
2025-08-01 10:12:27 AM,2340.2,0,0.0,13290877.700000005
2025-08-01 10:12:29 AM,2340.2,2,4680.4,13295558.100000005
2025-08-01 10:12:45 AM,2342.4,0,0.0,13295558.100000005
2025-08-01 10:12:47 AM,2342.4,3,7027.200000000001,13302585.300000004
2025-08-01 10:12:51 AM,2340.1,0,0.0,13302585.300000004
2025-08-01 10:12:52 AM,2340.1,2,4680.2,13307265.500000004
2025-08-01 10:13:04 AM,2342.1,0,0.0,13307265.500000004
2025-08-01 10:13:04 AM,2342.1,1,2342.1,13309607.600000003
2025-08-01 10:13:06 AM,2340.2,0,0.0,13309607.600000003
2025-08-01 10:13:10 AM,2340.2,1,2340.2,13311947.800000003
2025-08-01 10:13:22 AM,2341.8,1,2341.8,13314289.600000003
2025-08-01 10:13:24 AM,2340.2,0,0.0,13314289.600000003
2025-08-01 10:13:27 AM,2340.2,2,4680.4,13318970.000000004
2025-08-01 10:13:42 AM,2341.7,0,0.0,13318970.000000004
2025-08-01 10:13:45 AM,2340.2,0,0.0,13318970.000000004
2025-08-01 10:13:45 AM,2340.2,2,4680.4,13323650.400000004
2025-08-01 10:14:00 AM,2341.7,0,0.0,13323650.400000004
2025-08-01 10:14:03 AM,2340.1,0,0.0,13323650.400000004
2025-08-01 10:14:03 AM,2340.1,3,7020.299999999999,13330670.700000005
2025-08-01 10:14:09 AM,2341.8,1,2341.8,13333012.500000006
2025-08-01 10:14:20 AM,2341.8,1,2341.8,13335354.300000006
2025-08-01 10:14:21 AM,2340.2,0,0.0,13335354.300000006
2025-08-01 10:14:21 AM,2340.2,1,2340.2,13337694.500000006
2025-08-01 10:14:36 AM,2342.4,0,0.0,13337694.500000006
2025-08-01 10:14:38 AM,2342.4,1,2342.4,13340036.900000006
2025-08-01 10:14:39 AM,2341.8,0,0.0,13340036.900000006
2025-08-01 10:14:39 AM,2341.8,1,2341.8,13342378.700000007
2025-08-01 10:14:48 AM,2340.1,0,0.0,13342378.700000007
2025-08-01 10:14:49 AM,2340.1,1,2340.1,13344718.800000006
2025-08-01 10:14:58 AM,2342.2,0,0.0,13344718.800000006
2025-08-01 10:15:00 AM,2340.3,0,0.0,13344718.800000006
2025-08-01 10:15:01 AM,2340.3,3,7020.900000000001,13351739.700000007
2025-08-01 10:15:17 AM,2341.7,0,0.0,13351739.700000007
2025-08-01 10:15:18 AM,2340.2,0,0.0,13351739.700000007
2025-08-01 10:15:18 AM,2340.2,2,4680.4,13356420.100000007
2025-08-01 10:15:36 AM,2341.8,0,0.0,13356420.100000007
2025-08-01 10:15:37 AM,2341.8,1,2341.8,13358761.900000008
2025-08-01 10:15:37 AM,2340.2,2,4680.4,13363442.300000008
2025-08-01 10:15:54 AM,2341.7,0,0.0,13363442.300000008
2025-08-01 10:15:55 AM,2341.7,1,2341.7,13365784.000000007
2025-08-01 10:15:57 AM,2340.3,0,0.0,13365784.000000007
2025-08-01 10:15:59 AM,2342.9,0,0.0,13365784.000000007
2025-08-01 10:16:00 AM,2342.9,19,44515.1,13410299.100000007
2025-08-01 10:16:03 AM,2343.0,0,0.0,13410299.100000007
2025-08-01 10:16:06 AM,2343.5,0,0.0,13410299.100000007
2025-08-01 10:16:06 AM,2343.5,8,18748.0,13429047.100000007
2025-08-01 10:16:18 AM,2343.5,2,4687.0,13433734.100000007
2025-08-01 10:16:20 AM,2341.0,0,0.0,13433734.100000007
2025-08-01 10:16:23 AM,2341.0,2,4682.0,13438416.100000007
2025-08-01 10:16:29 AM,2343.3,0,0.0,13438416.100000007
2025-08-01 10:16:29 AM,2343.3,1,2343.3,13440759.400000008
2025-08-01 10:16:33 AM,2343.4,0,0.0,13440759.400000008
2025-08-01 10:16:35 AM,2342.0,0,0.0,13440759.400000008
2025-08-01 10:16:35 AM,2342.0,2,4684.0,13445443.400000008
2025-08-01 10:16:44 AM,2343.4,0,0.0,13445443.400000008
2025-08-01 10:16:47 AM,2343.4,1,2343.4,13447786.800000008
2025-08-01 10:16:54 AM,2343.1,0,0.0,13447786.800000008
2025-08-01 10:16:58 AM,2343.1,1,2343.1,13450129.900000008
2025-08-01 10:17:05 AM,2342.6,0,0.0,13450129.900000008
2025-08-01 10:17:08 AM,2341.7,0,0.0,13450129.900000008
2025-08-01 10:17:09 AM,2341.7,11,25758.699999999997,13475888.600000007
2025-08-01 10:17:12 AM,2341.4,0,0.0,13475888.600000007
2025-08-01 10:17:14 AM,2345.2,0,0.0,13475888.600000007
2025-08-01 10:17:14 AM,2345.2,101,236865.19999999998,13712753.800000006
2025-08-01 10:17:23 AM,2342.2,0,0.0,13712753.800000006
2025-08-01 10:17:26 AM,2342.2,1,2342.2,13715096.000000006
2025-08-01 10:17:29 AM,2343.0,0,0.0,13715096.000000006
2025-08-01 10:17:30 AM,2343.7,0,0.0,13715096.000000006
2025-08-01 10:17:32 AM,2343.0,0,0.0,13715096.000000006
2025-08-01 10:17:32 AM,2343.0,3,7029.0,13722125.000000006
2025-08-01 10:17:35 AM,2342.8,0,0.0,13722125.000000006
2025-08-01 10:17:38 AM,2342.8,4,9371.2,13731496.200000005
2025-08-01 10:17:38 AM,2343.6,1,2343.6,13733839.800000004
2025-08-01 10:17:44 AM,2343.7,2,4687.4,13738527.200000005
2025-08-01 10:17:48 AM,2344.7,0,0.0,13738527.200000005
2025-08-01 10:17:49 AM,2344.7,1,2344.7,13740871.900000004
2025-08-01 10:17:51 AM,2342.8,0,0.0,13740871.900000004
2025-08-01 10:17:55 AM,2342.8,2,4685.6,13745557.500000004
2025-08-01 10:18:07 AM,2343.9,1,2343.9,13747901.400000004
2025-08-01 10:18:09 AM,2343.0,0,0.0,13747901.400000004
2025-08-01 10:18:13 AM,2343.0,1,2343.0,13750244.400000004
2025-08-01 10:18:26 AM,2343.9,0,0.0,13750244.400000004
2025-08-01 10:18:29 AM,2342.5,0,0.0,13750244.400000004
2025-08-01 10:18:30 AM,2342.5,3,7027.5,13757271.900000004
2025-08-01 10:18:45 AM,2344.1,0,0.0,13757271.900000004
2025-08-01 10:18:47 AM,2342.4,2,4684.8,13761956.700000005
2025-08-01 10:19:01 AM,2345.2,0,0.0,13761956.700000005
2025-08-01 10:19:04 AM,2345.5,0,0.0,13761956.700000005
2025-08-01 10:19:04 AM,2345.5,2,4691.0,13766647.700000005
2025-08-01 10:19:07 AM,2345.4,0,0.0,13766647.700000005
2025-08-01 10:19:10 AM,2345.4,2,4690.8,13771338.500000006
2025-08-01 10:19:25 AM,2346.5,0,0.0,13771338.500000006
2025-08-01 10:19:25 AM,2345.1,0,0.0,13771338.500000006
2025-08-01 10:19:28 AM,2345.1,2,4690.2,13776028.700000005
2025-08-01 10:19:43 AM,2346.1,0,0.0,13776028.700000005
2025-08-01 10:19:43 AM,2345.0,0,0.0,13776028.700000005
2025-08-01 10:19:45 AM,2345.0,3,7035.0,13783063.700000005
2025-08-01 10:19:49 AM,2343.4,0,0.0,13783063.700000005
2025-08-01 10:19:50 AM,2343.4,1,2343.4,13785407.100000005
2025-08-01 10:20:01 AM,2345.0,0,0.0,13785407.100000005
2025-08-01 10:20:01 AM,2345.0,2,4690.0,13790097.100000005
2025-08-01 10:20:03 AM,2343.4,0,0.0,13790097.100000005
2025-08-01 10:20:06 AM,2343.4,1,2343.4,13792440.500000006
2025-08-01 10:20:10 AM,2342.1,0,0.0,13792440.500000006
2025-08-01 10:20:12 AM,2342.1,1,2342.1,13794782.600000005
2025-08-01 10:20:20 AM,2345.1,1,2345.1,13797127.700000005
2025-08-01 10:20:22 AM,2343.6,0,0.0,13797127.700000005
2025-08-01 10:20:24 AM,2345.0,2,4690.0,13801817.700000005
2025-08-01 10:20:42 AM,2343.6,0,0.0,13801817.700000005
2025-08-01 10:20:42 AM,2343.6,3,7030.799999999999,13808848.500000006
2025-08-01 10:20:56 AM,2345.1,0,0.0,13808848.500000006
2025-08-01 10:20:56 AM,2345.1,1,2345.1,13811193.600000005
2025-08-01 10:21:00 AM,2345.1,1,2345.1,13813538.700000005
2025-08-01 10:21:04 AM,2343.5,0,0.0,13813538.700000005
2025-08-01 10:21:05 AM,2343.5,1,2343.5,13815882.200000005
2025-08-01 10:21:18 AM,2345.0,0,0.0,13815882.200000005
2025-08-01 10:21:18 AM,2345.0,1,2345.0,13818227.200000005
2025-08-01 10:21:20 AM,2343.4,0,0.0,13818227.200000005
2025-08-01 10:21:22 AM,2343.4,2,4686.8,13822914.000000006
2025-08-01 10:21:36 AM,2344.0,0,0.0,13822914.000000006
2025-08-01 10:21:38 AM,2343.8,2,4687.6,13827601.600000005
2025-08-01 10:21:56 AM,2344.0,1,2344.0,13829945.600000005
2025-08-01 10:21:57 AM,2343.8,0,0.0,13829945.600000005
2025-08-01 10:21:57 AM,2343.8,1,2343.8,13832289.400000006
2025-08-01 10:22:14 AM,2345.1,1,2345.1,13834634.500000006
2025-08-01 10:22:18 AM,2343.8,0,0.0,13834634.500000006
2025-08-01 10:22:18 AM,2343.8,1,2343.8,13836978.300000006
2025-08-01 10:22:24 AM,2343.4,0,0.0,13836978.300000006
2025-08-01 10:22:24 AM,2343.4,1,2343.4,13839321.700000007
2025-08-01 10:22:30 AM,2343.4,1,2343.4,13841665.100000007
2025-08-01 10:22:33 AM,2344.8,0,0.0,13841665.100000007
2025-08-01 10:22:36 AM,2343.4,2,4686.8,13846351.900000008
2025-08-01 10:22:52 AM,2345.1,1,2345.1,13848697.000000007
2025-08-01 10:22:54 AM,2343.4,0,0.0,13848697.000000007
2025-08-01 10:22:54 AM,2343.4,29,67958.6,13916655.600000007
2025-08-01 10:23:00 AM,2343.4,2,4686.8,13921342.400000008
2025-08-01 10:23:08 AM,2345.1,0,0.0,13921342.400000008
2025-08-01 10:23:08 AM,2345.1,2,4690.2,13926032.600000007
2025-08-01 10:23:11 AM,2345.1,1,2345.1,13928377.700000007
2025-08-01 10:23:14 AM,2343.4,0,0.0,13928377.700000007
2025-08-01 10:23:14 AM,2343.4,1,2343.4,13930721.100000007
2025-08-01 10:23:30 AM,2344.9,0,0.0,13930721.100000007
2025-08-01 10:23:31 AM,2344.9,1,2344.9,13933066.000000007
2025-08-01 10:23:32 AM,2343.4,0,0.0,13933066.000000007
2025-08-01 10:23:34 AM,2343.4,2,4686.8,13937752.800000008
2025-08-01 10:23:48 AM,2343.4,63,147634.2,14085387.000000007
2025-08-01 10:23:53 AM,2342.0,0,0.0,14085387.000000007
2025-08-01 10:23:54 AM,2342.0,1,2342.0,14087729.000000007
2025-08-01 10:24:02 AM,2343.9,0,0.0,14087729.000000007
2025-08-01 10:24:02 AM,2343.9,4,9375.6,14097104.600000007
2025-08-01 10:24:08 AM,2343.8,0,0.0,14097104.600000007
2025-08-01 10:24:08 AM,2343.8,1,2343.8,14099448.400000008
2025-08-01 10:24:10 AM,2342.4,1,2342.4,14101790.800000008
2025-08-01 10:24:27 AM,2343.6,0,0.0,14101790.800000008
2025-08-01 10:24:29 AM,2342.1,0,0.0,14101790.800000008
2025-08-01 10:24:30 AM,2342.1,2,4684.2,14106475.000000007
2025-08-01 10:24:32 AM,2342.0,0,0.0,14106475.000000007
2025-08-01 10:24:32 AM,2342.0,1,2342.0,14108817.000000007
2025-08-01 10:24:43 AM,2343.5,1,2343.5,14111160.500000007
2025-08-01 10:24:46 AM,2343.6,1,2343.6,14113504.100000007
2025-08-01 10:24:48 AM,2342.1,1,2342.1,14115846.200000007
2025-08-01 10:25:05 AM,2343.6,0,0.0,14115846.200000007
2025-08-01 10:25:05 AM,2343.6,1,2343.6,14118189.800000006
2025-08-01 10:25:07 AM,2342.0,0,0.0,14118189.800000006
2025-08-01 10:25:09 AM,2342.0,2,4684.0,14122873.800000006
2025-08-01 10:25:24 AM,2344.0,0,0.0,14122873.800000006
2025-08-01 10:25:25 AM,2342.5,0,0.0,14122873.800000006
2025-08-01 10:25:26 AM,2342.8,4,9371.2,14132245.000000006
2025-08-01 10:25:43 AM,2345.1,0,0.0,14132245.000000006
2025-08-01 10:25:43 AM,2345.1,1,2345.1,14134590.100000005
2025-08-01 10:25:45 AM,2342.7,2,4685.4,14139275.500000006
2025-08-01 10:25:54 AM,2345.1,0,0.0,14139275.500000006
2025-08-01 10:25:54 AM,2345.1,1,2345.1,14141620.600000005
2025-08-01 10:25:59 AM,2345.1,1,2345.1,14143965.700000005
2025-08-01 10:26:04 AM,2343.8,0,0.0,14143965.700000005
2025-08-01 10:26:05 AM,2343.8,2,4687.6,14148653.300000004
2025-08-01 10:26:21 AM,2344.8,0,0.0,14148653.300000004
2025-08-01 10:26:22 AM,2344.8,1,2344.8,14150998.100000005
2025-08-01 10:26:24 AM,2342.7,0,0.0,14150998.100000005
2025-08-01 10:26:24 AM,2342.7,1,2342.7,14153340.800000004
2025-08-01 10:26:40 AM,2344.8,0,0.0,14153340.800000004
2025-08-01 10:26:42 AM,2344.8,1,2344.8,14155685.600000005
2025-08-01 10:26:43 AM,2342.8,0,0.0,14155685.600000005
2025-08-01 10:26:45 AM,2342.8,2,4685.6,14160371.200000005
2025-08-01 10:26:49 AM,2344.6,0,0.0,14160371.200000005
2025-08-01 10:26:51 AM,2344.6,1,2344.6,14162715.800000004
2025-08-01 10:26:59 AM,2344.7,2,4689.4,14167405.200000005
2025-08-01 10:27:04 AM,2342.8,0,0.0,14167405.200000005
2025-08-01 10:27:05 AM,2342.8,1,2342.8,14169748.000000006
2025-08-01 10:27:16 AM,2344.4,1,2344.4,14172092.400000006
2025-08-01 10:27:19 AM,2344.4,1,2344.4,14174436.800000006
2025-08-01 10:27:21 AM,2342.7,0,0.0,14174436.800000006
2025-08-01 10:27:22 AM,2342.7,9,21084.3,14195521.100000007
2025-08-01 10:27:36 AM,2344.7,0,0.0,14195521.100000007
2025-08-01 10:27:37 AM,2344.1,0,0.0,14195521.100000007
2025-08-01 10:27:38 AM,2344.1,2,4688.2,14200209.300000006
2025-08-01 10:27:44 AM,2342.7,1,2342.7,14202552.000000006
2025-08-01 10:27:56 AM,2344.3,0,0.0,14202552.000000006
2025-08-01 10:27:57 AM,2344.3,1,2344.3,14204896.300000006
2025-08-01 10:27:59 AM,2342.7,0,0.0,14204896.300000006
2025-08-01 10:28:00 AM,2342.7,2,4685.4,14209581.700000007
2025-08-01 10:28:15 AM,2344.3,0,0.0,14209581.700000007
2025-08-01 10:28:16 AM,2344.3,1,2344.3,14211926.000000007
2025-08-01 10:28:17 AM,2342.7,0,0.0,14211926.000000007
2025-08-01 10:28:18 AM,2342.7,1,2342.7,14214268.700000007
2025-08-01 10:28:34 AM,2344.2,0,0.0,14214268.700000007
2025-08-01 10:28:35 AM,2344.2,1,2344.2,14216612.900000006
2025-08-01 10:28:37 AM,2342.7,0,0.0,14216612.900000006
2025-08-01 10:28:38 AM,2342.7,2,4685.4,14221298.300000006
2025-08-01 10:28:55 AM,2344.5,0,0.0,14221298.300000006
2025-08-01 10:28:55 AM,2342.8,0,0.0,14221298.300000006
2025-08-01 10:28:55 AM,2342.8,2,4685.6,14225983.900000006
2025-08-01 10:28:58 AM,2344.3,0,0.0,14225983.900000006
2025-08-01 10:28:58 AM,2344.3,2,4688.6,14230672.500000006
2025-08-01 10:29:11 AM,2345.0,0,0.0,14230672.500000006
2025-08-01 10:29:11 AM,2345.0,1,2345.0,14233017.500000006
2025-08-01 10:29:13 AM,2345.1,0,0.0,14233017.500000006
2025-08-01 10:29:13 AM,2345.0,0,0.0,14233017.500000006
2025-08-01 10:29:15 AM,2343.5,0,0.0,14233017.500000006
2025-08-01 10:29:15 AM,2343.5,4,9374.0,14242391.500000006
2025-08-01 10:29:31 AM,2344.0,0,0.0,14242391.500000006
2025-08-01 10:29:31 AM,2344.0,1,2344.0,14244735.500000006
2025-08-01 10:29:33 AM,2342.8,0,0.0,14244735.500000006
2025-08-01 10:29:33 AM,2342.8,2,4685.6,14249421.100000005
2025-08-01 10:29:50 AM,2344.3,1,2344.3,14251765.400000006
2025-08-01 10:29:56 AM,2342.7,1,2342.7,14254108.100000005
2025-08-01 10:30:04 AM,2342.7,33,77309.09999999999,14331417.200000005
2025-08-01 10:30:10 AM,2343.4,1,2343.4,14333760.600000005
2025-08-01 10:30:11 AM,2342.0,0,0.0,14333760.600000005
2025-08-01 10:30:13 AM,2342.0,2,4684.0,14338444.600000005
2025-08-01 10:30:19 AM,2343.8,1,2343.8,14340788.400000006
2025-08-01 10:30:22 AM,2342.0,4,9368.0,14350156.400000006
2025-08-01 10:30:29 AM,2343.1,0,0.0,14350156.400000006
2025-08-01 10:30:30 AM,2342.0,2,4684.0,14354840.400000006
2025-08-01 10:30:38 AM,2342.0,10,23420.0,14378260.400000006
2025-08-01 10:30:47 AM,2343.4,0,0.0,14378260.400000006
2025-08-01 10:30:47 AM,2343.4,1,2343.4,14380603.800000006
2025-08-01 10:30:49 AM,2342.0,0,0.0,14380603.800000006
2025-08-01 10:30:50 AM,2342.0,2,4684.0,14385287.800000006
2025-08-01 10:31:06 AM,2343.2,0,0.0,14385287.800000006
2025-08-01 10:31:07 AM,2343.2,2,4686.4,14389974.200000007
2025-08-01 10:31:09 AM,2342.0,0,0.0,14389974.200000007
2025-08-01 10:31:11 AM,2342.0,1,2342.0,14392316.200000007
2025-08-01 10:31:26 AM,2344.2,0,0.0,14392316.200000007
2025-08-01 10:31:27 AM,2342.8,2,4685.6,14397001.800000006
2025-08-01 10:31:44 AM,2344.2,0,0.0,14397001.800000006
2025-08-01 10:31:44 AM,2344.2,1,2344.2,14399346.000000006
2025-08-01 10:31:46 AM,2342.8,0,0.0,14399346.000000006
2025-08-01 10:31:46 AM,2342.8,2,4685.6,14404031.600000005
2025-08-01 10:32:04 AM,2343.9,0,0.0,14404031.600000005
2025-08-01 10:32:07 AM,2342.8,0,0.0,14404031.600000005
2025-08-01 10:32:09 AM,2342.8,2,4685.6,14408717.200000005
2025-08-01 10:32:12 AM,2342.8,1,2342.8,14411060.000000006
2025-08-01 10:32:22 AM,2344.1,1,2344.1,14413404.100000005
2025-08-01 10:32:24 AM,2342.5,0,0.0,14413404.100000005
2025-08-01 10:32:26 AM,2342.5,2,4685.0,14418089.100000005
2025-08-01 10:32:41 AM,2344.3,2,4688.6,14422777.700000005
2025-08-01 10:32:47 AM,2342.0,1,2342.0,14425119.700000005
2025-08-01 10:33:00 AM,2343.5,0,0.0,14425119.700000005
2025-08-01 10:33:01 AM,2343.5,1,2343.5,14427463.200000005
2025-08-01 10:33:03 AM,2342.0,0,0.0,14427463.200000005
2025-08-01 10:33:04 AM,2342.0,2,4684.0,14432147.200000005
2025-08-01 10:33:20 AM,2343.4,1,2343.4,14434490.600000005
2025-08-01 10:33:21 AM,2342.0,0,0.0,14434490.600000005
2025-08-01 10:33:24 AM,2342.0,1,2342.0,14436832.600000005
2025-08-01 10:33:38 AM,2343.4,0,0.0,14436832.600000005
2025-08-01 10:33:40 AM,2342.0,2,4684.0,14441516.600000005
2025-08-01 10:33:57 AM,2343.7,0,0.0,14441516.600000005
2025-08-01 10:33:57 AM,2342.0,0,0.0,14441516.600000005
2025-08-01 10:33:57 AM,2342.0,3,7026.0,14448542.600000005
2025-08-01 10:33:59 AM,2342.0,2,4684.0,14453226.600000005
2025-08-01 10:34:16 AM,2343.5,0,0.0,14453226.600000005
2025-08-01 10:34:16 AM,2343.5,1,2343.5,14455570.100000005
2025-08-01 10:34:19 AM,2342.0,0,0.0,14455570.100000005
2025-08-01 10:34:20 AM,2342.0,1,2342.0,14457912.100000005
2025-08-01 10:34:37 AM,2343.4,0,0.0,14457912.100000005
2025-08-01 10:34:37 AM,2342.0,3,7026.0,14464938.100000005
2025-08-01 10:34:52 AM,2343.9,0,0.0,14464938.100000005
2025-08-01 10:34:54 AM,2344.2,2,4688.4,14469626.500000006
2025-08-01 10:34:56 AM,2342.0,1,2342.0,14471968.500000006
2025-08-01 10:35:13 AM,2343.4,0,0.0,14471968.500000006
2025-08-01 10:35:13 AM,2343.4,1,2343.4,14474311.900000006
2025-08-01 10:35:16 AM,2342.0,0,0.0,14474311.900000006
2025-08-01 10:35:17 AM,2342.0,2,4684.0,14478995.900000006
2025-08-01 10:35:33 AM,2344.2,0,0.0,14478995.900000006
2025-08-01 10:35:34 AM,2344.2,1,2344.2,14481340.100000005
2025-08-01 10:35:34 AM,2342.0,0,0.0,14481340.100000005
2025-08-01 10:35:39 AM,2342.0,1,2342.0,14483682.100000005
2025-08-01 10:35:51 AM,2343.4,0,0.0,14483682.100000005
2025-08-01 10:35:54 AM,2342.0,0,0.0,14483682.100000005
2025-08-01 10:35:56 AM,2342.0,2,4684.0,14488366.100000005
2025-08-01 10:36:11 AM,2343.5,0,0.0,14488366.100000005
2025-08-01 10:36:12 AM,2342.0,0,0.0,14488366.100000005
2025-08-01 10:36:12 AM,2342.0,3,7026.0,14495392.100000005
2025-08-01 10:36:29 AM,2343.6,1,2343.6,14497735.700000005
2025-08-01 10:36:32 AM,2342.0,1,2342.0,14500077.700000005
2025-08-01 10:36:34 AM,2339.4,0,0.0,14500077.700000005
2025-08-01 10:36:35 AM,2339.4,117,273709.8,14773787.500000006
2025-08-01 10:36:43 AM,2342.8,17,39827.600000000006,14813615.100000005
2025-08-01 10:36:48 AM,2344.3,1,2344.3,14815959.400000006
2025-08-01 10:36:51 AM,2344.3,3,7032.900000000001,14822992.300000006
2025-08-01 10:36:53 AM,2342.9,0,0.0,14822992.300000006
2025-08-01 10:36:53 AM,2342.9,2,4685.8,14827678.100000007
2025-08-01 10:36:55 AM,2344.3,0,0.0,14827678.100000007
2025-08-01 10:36:57 AM,2344.3,5,11721.5,14839399.600000007
2025-08-01 10:37:08 AM,2344.3,1,2344.3,14841743.900000008
2025-08-01 10:37:10 AM,2343.6,1,2343.6,14844087.500000007
2025-08-01 10:37:14 AM,2344.3,0,0.0,14844087.500000007
2025-08-01 10:37:15 AM,2344.3,3,7032.900000000001,14851120.400000008
2025-08-01 10:37:27 AM,2344.3,1,2344.3,14853464.700000009
2025-08-01 10:37:28 AM,2343.2,0,0.0,14853464.700000009
2025-08-01 10:37:30 AM,2343.0,2,4686.0,14858150.700000009
2025-08-01 10:37:46 AM,2343.7,0,0.0,14858150.700000009
2025-08-01 10:37:47 AM,2343.7,1,2343.7,14860494.400000008
2025-08-01 10:37:48 AM,2341.7,0,0.0,14860494.400000008
2025-08-01 10:37:49 AM,2341.7,1,2341.7,14862836.100000007
2025-08-01 10:38:04 AM,2343.4,1,2343.4,14865179.500000007
2025-08-01 10:38:06 AM,2341.8,1,2341.8,14867521.300000008
2025-08-01 10:38:23 AM,2342.5,0,0.0,14867521.300000008
2025-08-01 10:38:25 AM,2340.9,0,0.0,14867521.300000008
2025-08-01 10:38:29 AM,2340.9,3,7022.700000000001,14874544.000000007
2025-08-01 10:38:42 AM,2342.4,0,0.0,14874544.000000007
2025-08-01 10:38:43 AM,2342.4,1,2342.4,14876886.400000008
2025-08-01 10:38:45 AM,2340.6,0,0.0,14876886.400000008
2025-08-01 10:38:46 AM,2340.6,1,2340.6,14879227.000000007
2025-08-01 10:39:01 AM,2342.3,0,0.0,14879227.000000007
2025-08-01 10:39:02 AM,2342.3,1,2342.3,14881569.300000008
2025-08-01 10:39:03 AM,2340.8,0,0.0,14881569.300000008
2025-08-01 10:39:05 AM,2340.8,2,4681.6,14886250.900000008
2025-08-01 10:39:19 AM,2341.0,0,0.0,14886250.900000008
2025-08-01 10:39:19 AM,2341.0,3,7023.0,14893273.900000008
2025-08-01 10:39:22 AM,2342.4,0,0.0,14893273.900000008
2025-08-01 10:39:22 AM,2342.4,1,2342.4,14895616.300000008
2025-08-01 10:39:30 AM,2339.7,0,0.0,14895616.300000008
2025-08-01 10:39:31 AM,2339.7,1,2339.7,14897956.000000007
2025-08-01 10:39:36 AM,2342.0,5,11710.0,14909666.000000007
2025-08-01 10:39:39 AM,2342.1,1,2342.1,14912008.100000007
2025-08-01 10:39:42 AM,2340.5,2,4681.0,14916689.100000007
2025-08-01 10:39:58 AM,2341.0,0,0.0,14916689.100000007
2025-08-01 10:39:58 AM,2341.0,1,2341.0,14919030.100000007
2025-08-01 10:40:00 AM,2339.4,0,0.0,14919030.100000007
2025-08-01 10:40:01 AM,2339.4,1,2339.4,14921369.500000007
2025-08-01 10:40:18 AM,2341.1,1,2341.1,14923710.600000007
2025-08-01 10:40:20 AM,2339.9,0,0.0,14923710.600000007
2025-08-01 10:40:20 AM,2339.9,1,2339.9,14926050.500000007
2025-08-01 10:40:36 AM,2341.7,0,0.0,14926050.500000007
2025-08-01 10:40:37 AM,2341.7,1,2341.7,14928392.200000007
2025-08-01 10:40:38 AM,2339.8,0,0.0,14928392.200000007
2025-08-01 10:40:40 AM,2339.8,2,4679.6,14933071.800000006
2025-08-01 10:40:48 AM,2341.6,0,0.0,14933071.800000006
2025-08-01 10:40:48 AM,2341.6,10,23416.0,14956487.800000006
2025-08-01 10:40:55 AM,2342.7,0,0.0,14956487.800000006
2025-08-01 10:40:56 AM,2342.7,1,2342.7,14958830.500000006
2025-08-01 10:40:57 AM,2341.6,0,0.0,14958830.500000006
2025-08-01 10:40:59 AM,2341.6,1,2341.6,14961172.100000005
2025-08-01 10:41:14 AM,2341.9,0,0.0,14961172.100000005
2025-08-01 10:41:16 AM,2340.5,0,0.0,14961172.100000005
2025-08-01 10:41:16 AM,2340.5,3,7021.5,14968193.600000005
2025-08-01 10:41:33 AM,2341.6,0,0.0,14968193.600000005
2025-08-01 10:41:33 AM,2341.6,1,2341.6,14970535.200000005
2025-08-01 10:41:35 AM,2339.7,1,2339.7,14972874.900000004
2025-08-01 10:41:52 AM,2341.2,0,0.0,14972874.900000004
2025-08-01 10:41:54 AM,2339.5,0,0.0,14972874.900000004
2025-08-01 10:41:55 AM,2339.5,3,7018.5,14979893.400000004
2025-08-01 10:42:10 AM,2341.8,0,0.0,14979893.400000004
2025-08-01 10:42:12 AM,2341.6,0,0.0,14979893.400000004
2025-08-01 10:42:12 AM,2341.6,3,7024.799999999999,14986918.200000005
2025-08-01 10:42:13 AM,2340.0,1,2340.0,14989258.200000005
2025-08-01 10:42:30 AM,2341.0,0,0.0,14989258.200000005
2025-08-01 10:42:30 AM,2341.0,1,2341.0,14991599.200000005
2025-08-01 10:42:32 AM,2339.5,0,0.0,14991599.200000005
2025-08-01 10:42:34 AM,2339.5,2,4679.0,14996278.200000005
2025-08-01 10:42:50 AM,2339.8,1,2339.8,14998618.000000006
2025-08-01 10:42:51 AM,2338.4,0,0.0,14998618.000000006
2025-08-01 10:42:53 AM,2338.4,1,2338.4,15000956.400000006
2025-08-01 10:43:09 AM,2338.4,1,2338.4,15003294.800000006
2025-08-01 10:43:11 AM,2337.1,0,0.0,15003294.800000006
2025-08-01 10:43:13 AM,2337.1,1,2337.1,15005631.900000006
2025-08-01 10:43:27 AM,2339.1,0,0.0,15005631.900000006
2025-08-01 10:43:29 AM,2339.1,1,2339.1,15007971.000000006
2025-08-01 10:43:29 AM,2336.9,0,0.0,15007971.000000006
2025-08-01 10:43:31 AM,2336.9,2,4673.8,15012644.800000006
2025-08-01 10:43:39 AM,2338.9,3,7016.700000000001,15019661.500000006
2025-08-01 10:43:47 AM,2339.9,0,0.0,15019661.500000006
2025-08-01 10:43:47 AM,2339.9,1,2339.9,15022001.400000006
2025-08-01 10:43:49 AM,2338.3,0,0.0,15022001.400000006
2025-08-01 10:43:50 AM,2338.3,1,2338.3,15024339.700000007
2025-08-01 10:44:05 AM,2340.5,0,0.0,15024339.700000007
2025-08-01 10:44:05 AM,2340.5,2,4681.0,15029020.700000007
2025-08-01 10:44:07 AM,2339.4,0,0.0,15029020.700000007
2025-08-01 10:44:07 AM,2339.4,2,4678.8,15033699.500000007
2025-08-01 10:44:24 AM,2340.9,0,0.0,15033699.500000007
2025-08-01 10:44:24 AM,2340.9,1,2340.9,15036040.400000008
2025-08-01 10:44:27 AM,2339.5,0,0.0,15036040.400000008
2025-08-01 10:44:27 AM,2339.5,1,2339.5,15038379.900000008
2025-08-01 10:44:35 AM,2340.9,1,2340.9,15040720.800000008
2025-08-01 10:44:43 AM,2341.3,0,0.0,15040720.800000008
2025-08-01 10:44:46 AM,2339.6,0,0.0,15040720.800000008
2025-08-01 10:44:46 AM,2339.6,3,7018.799999999999,15047739.600000009
2025-08-01 10:45:02 AM,2341.3,0,0.0,15047739.600000009
2025-08-01 10:45:02 AM,2341.3,1,2341.3,15050080.90000001
2025-08-01 10:45:05 AM,2339.8,0,0.0,15050080.90000001
2025-08-01 10:45:08 AM,2339.8,1,2339.8,15052420.70000001
2025-08-01 10:45:21 AM,2341.0,0,0.0,15052420.70000001
2025-08-01 10:45:21 AM,2341.0,1,2341.0,15054761.70000001
2025-08-01 10:45:23 AM,2339.9,0,0.0,15054761.70000001
2025-08-01 10:45:24 AM,2339.9,1,2339.9,15057101.60000001
2025-08-01 10:45:40 AM,2338.7,3,7016.099999999999,15064117.70000001
2025-08-01 10:45:43 AM,2338.6,2,4677.2,15068794.90000001
2025-08-01 10:45:59 AM,2339.5,0,0.0,15068794.90000001
2025-08-01 10:45:59 AM,2339.5,1,2339.5,15071134.40000001
2025-08-01 10:46:01 AM,2338.1,0,0.0,15071134.40000001
2025-08-01 10:46:01 AM,2338.1,1,2338.1,15073472.50000001
2025-08-01 10:46:13 AM,2339.4,1,2339.4,15075811.90000001
2025-08-01 10:46:14 AM,2341.2,0,0.0,15075811.90000001
2025-08-01 10:46:17 AM,2341.2,137,320744.39999999997,15396556.30000001
2025-08-01 10:46:18 AM,2342.5,0,0.0,15396556.30000001
2025-08-01 10:46:19 AM,2342.5,1,2342.5,15398898.80000001
2025-08-01 10:46:20 AM,2340.5,0,0.0,15398898.80000001
2025-08-01 10:46:23 AM,2340.5,2,4681.0,15403579.80000001
2025-08-01 10:46:38 AM,2341.9,0,0.0,15403579.80000001
2025-08-01 10:46:39 AM,2341.2,0,0.0,15403579.80000001
2025-08-01 10:46:39 AM,2341.2,2,4682.4,15408262.20000001
2025-08-01 10:46:44 AM,2342.7,0,0.0,15408262.20000001
2025-08-01 10:46:45 AM,2342.7,4,9370.8,15417633.000000011
2025-08-01 10:46:56 AM,2342.7,1,2342.7,15419975.70000001
2025-08-01 10:47:00 AM,2340.8,0,0.0,15419975.70000001
2025-08-01 10:47:01 AM,2340.8,2,4681.6,15424657.30000001
2025-08-01 10:47:14 AM,2342.9,0,0.0,15424657.30000001
2025-08-01 10:47:17 AM,2342.9,3,7028.700000000001,15431686.00000001
2025-08-01 10:47:21 AM,2340.3,0,0.0,15431686.00000001
2025-08-01 10:47:23 AM,2340.3,1,2340.3,15434026.30000001
2025-08-01 10:47:30 AM,2340.8,6,14044.800000000001,15448071.10000001
2025-08-01 10:47:34 AM,2342.9,0,0.0,15448071.10000001
2025-08-01 10:47:35 AM,2342.9,1,2342.9,15450414.000000011
2025-08-01 10:47:37 AM,2340.9,0,0.0,15450414.000000011
2025-08-01 10:47:39 AM,2340.9,1,2340.9,15452754.900000012
2025-08-01 10:47:44 AM,2342.7,1,2342.7,15455097.60000001
2025-08-01 10:47:53 AM,2342.9,0,0.0,15455097.60000001
2025-08-01 10:47:55 AM,2342.9,1,2342.9,15457440.500000011
2025-08-01 10:47:55 AM,2341.0,0,0.0,15457440.500000011
2025-08-01 10:47:57 AM,2341.0,2,4682.0,15462122.500000011
2025-08-01 10:48:12 AM,2342.7,0,0.0,15462122.500000011
2025-08-01 10:48:13 AM,2342.7,1,2342.7,15464465.20000001
2025-08-01 10:48:14 AM,2341.1,0,0.0,15464465.20000001
2025-08-01 10:48:16 AM,2341.1,1,2341.1,15466806.30000001
2025-08-01 10:48:31 AM,2342.6,0,0.0,15466806.30000001
2025-08-01 10:48:33 AM,2342.6,1,2342.6,15469148.90000001
2025-08-01 10:48:34 AM,2341.1,0,0.0,15469148.90000001
2025-08-01 10:48:35 AM,2341.1,2,4682.2,15473831.100000009
2025-08-01 10:48:51 AM,2343.0,0,0.0,15473831.100000009
2025-08-01 10:48:51 AM,2343.0,1,2343.0,15476174.100000009
2025-08-01 10:48:52 AM,2341.3,0,0.0,15476174.100000009
2025-08-01 10:48:55 AM,2341.3,1,2341.3,15478515.40000001
2025-08-01 10:49:10 AM,2342.6,0,0.0,15478515.40000001
2025-08-01 10:49:11 AM,2341.4,0,0.0,15478515.40000001
2025-08-01 10:49:11 AM,2341.4,3,7024.200000000001,15485539.600000009
2025-08-01 10:49:28 AM,2342.9,0,0.0,15485539.600000009
2025-08-01 10:49:28 AM,2342.9,1,2342.9,15487882.50000001
2025-08-01 10:49:30 AM,2341.8,0,0.0,15487882.50000001
2025-08-01 10:49:33 AM,2341.8,1,2341.8,15490224.30000001
2025-08-01 10:49:47 AM,2343.0,0,0.0,15490224.30000001
2025-08-01 10:49:49 AM,2343.0,1,2343.0,15492567.30000001
2025-08-01 10:49:49 AM,2342.0,0,0.0,15492567.30000001
2025-08-01 10:49:49 AM,2342.0,1,2342.0,15494909.30000001
2025-08-01 10:50:03 AM,2343.0,0,0.0,15494909.30000001
2025-08-01 10:50:05 AM,2343.0,1,2343.0,15497252.30000001
2025-08-01 10:50:06 AM,2343.0,1,2343.0,15499595.30000001
2025-08-01 10:50:14 AM,2340.9,0,0.0,15499595.30000001
2025-08-01 10:50:16 AM,2340.9,159,372203.10000000003,15871798.40000001
2025-08-01 10:50:21 AM,2340.3,0,0.0,15871798.40000001
2025-08-01 10:50:22 AM,2340.3,2,4680.6,15876479.00000001
2025-08-01 10:50:25 AM,2342.4,0,0.0,15876479.00000001
2025-08-01 10:50:27 AM,2341.4,0,0.0,15876479.00000001
2025-08-01 10:50:27 AM,2341.4,2,4682.8,15881161.80000001
2025-08-01 10:50:30 AM,2342.8,0,0.0,15881161.80000001
2025-08-01 10:50:33 AM,2342.8,3,7028.400000000001,15888190.20000001
2025-08-01 10:50:44 AM,2342.9,0,0.0,15888190.20000001
2025-08-01 10:50:44 AM,2342.9,1,2342.9,15890533.10000001
2025-08-01 10:50:45 AM,2343.0,4,9372.0,15899905.10000001
2025-08-01 10:50:53 AM,2340.3,0,0.0,15899905.10000001
2025-08-01 10:50:56 AM,2340.3,2,4680.6,15904585.70000001
2025-08-01 10:51:01 AM,2342.5,4,9370.0,15913955.70000001
2025-08-01 10:51:03 AM,2342.6,0,0.0,15913955.70000001
2025-08-01 10:51:06 AM,2340.7,0,0.0,15913955.70000001
2025-08-01 10:51:07 AM,2340.7,2,4681.4,15918637.10000001
2025-08-01 10:51:15 AM,2342.6,0,0.0,15918637.10000001
2025-08-01 10:51:18 AM,2342.6,1,2342.6,15920979.70000001
2025-08-01 10:51:23 AM,2342.5,0,0.0,15920979.70000001
2025-08-01 10:51:23 AM,2342.5,1,2342.5,15923322.20000001
2025-08-01 10:51:25 AM,2342.4,0,0.0,15923322.20000001
2025-08-01 10:51:29 AM,2342.4,3,7027.200000000001,15930349.40000001
2025-08-01 10:51:41 AM,2342.6,0,0.0,15930349.40000001
2025-08-01 10:51:44 AM,2341.2,0,0.0,15930349.40000001
2025-08-01 10:51:46 AM,2341.2,2,4682.4,15935031.80000001
2025-08-01 10:52:00 AM,2342.8,0,0.0,15935031.80000001
2025-08-01 10:52:01 AM,2342.8,1,2342.8,15937374.60000001
2025-08-01 10:52:02 AM,2340.8,1,2340.8,15939715.400000012
2025-08-01 10:52:19 AM,2342.9,0,0.0,15939715.400000012
2025-08-01 10:52:23 AM,2342.9,1,2342.9,15942058.300000012
2025-08-01 10:52:25 AM,2341.6,0,0.0,15942058.300000012
2025-08-01 10:52:29 AM,2341.6,3,7024.799999999999,15949083.100000013
2025-08-01 10:52:38 AM,2342.6,0,0.0,15949083.100000013
2025-08-01 10:52:39 AM,2342.6,1,2342.6,15951425.700000012
2025-08-01 10:52:40 AM,2340.8,1,2340.8,15953766.500000013
2025-08-01 10:52:58 AM,2342.3,0,0.0,15953766.500000013
2025-08-01 10:53:00 AM,2340.6,3,7021.799999999999,15960788.300000014
2025-08-01 10:53:15 AM,2343.0,0,0.0,15960788.300000014
2025-08-01 10:53:16 AM,2343.0,3,7029.0,15967817.300000014
2025-08-01 10:53:19 AM,2341.3,0,0.0,15967817.300000014
2025-08-01 10:53:21 AM,2341.3,1,2341.3,15970158.600000015
2025-08-01 10:53:35 AM,2342.9,0,0.0,15970158.600000015
2025-08-01 10:53:37 AM,2340.7,0,0.0,15970158.600000015
2025-08-01 10:53:38 AM,2340.7,3,7022.099999999999,15977180.700000014
2025-08-01 10:53:54 AM,2342.8,1,2342.8,15979523.500000015
2025-08-01 10:53:57 AM,2340.7,0,0.0,15979523.500000015
2025-08-01 10:53:59 AM,2340.7,1,2340.7,15981864.200000014
2025-08-01 10:54:04 AM,2342.6,10,23426.0,16005290.200000014
2025-08-01 10:54:13 AM,2342.9,0,0.0,16005290.200000014
2025-08-01 10:54:15 AM,2342.9,1,2342.9,16007633.100000015
2025-08-01 10:54:20 AM,2340.1,2,4680.2,16012313.300000014
2025-08-01 10:54:29 AM,2342.6,0,0.0,16012313.300000014
2025-08-01 10:54:31 AM,2342.6,1,2342.6,16014655.900000013
2025-08-01 10:54:32 AM,2342.6,1,2342.6,16016998.500000013
2025-08-01 10:54:41 AM,2339.6,0,0.0,16016998.500000013
2025-08-01 10:54:42 AM,2339.6,1,2339.6,16019338.100000013
2025-08-01 10:54:51 AM,2341.8,0,0.0,16019338.100000013
2025-08-01 10:54:52 AM,2341.8,1,2341.8,16021679.900000013
2025-08-01 10:54:53 AM,2340.2,1,2340.2,16024020.100000013
2025-08-01 10:55:00 AM,2342.5,0,0.0,16024020.100000013
2025-08-01 10:55:03 AM,2342.5,3,7027.5,16031047.600000013
2025-08-01 10:55:10 AM,2342.9,0,0.0,16031047.600000013
2025-08-01 10:55:13 AM,2342.9,5,11714.5,16042762.100000013
2025-08-01 10:55:18 AM,2339.7,2,4679.4,16047441.500000013
2025-08-01 10:55:30 AM,2342.7,1,2342.7,16049784.200000012
2025-08-01 10:55:30 AM,2340.5,2,4681.0,16054465.200000012
2025-08-01 10:55:35 AM,2340.5,1,2340.5,16056805.700000012
2025-08-01 10:55:45 AM,2342.7,0,0.0,16056805.700000012
2025-08-01 10:55:46 AM,2342.7,1,2342.7,16059148.400000012
2025-08-01 10:55:48 AM,2342.3,0,0.0,16059148.400000012
2025-08-01 10:55:51 AM,2342.3,1,2342.3,16061490.700000012
2025-08-01 10:55:56 AM,2339.8,0,0.0,16061490.700000012
2025-08-01 10:55:57 AM,2339.8,2,4679.6,16066170.300000012
2025-08-01 10:56:07 AM,2342.4,0,0.0,16066170.300000012
2025-08-01 10:56:07 AM,2342.4,1,2342.4,16068512.700000012
2025-08-01 10:56:09 AM,2340.3,0,0.0,16068512.700000012
2025-08-01 10:56:12 AM,2340.3,1,2340.3,16070853.000000013
2025-08-01 10:56:27 AM,2342.4,0,0.0,16070853.000000013
2025-08-01 10:56:28 AM,2340.6,2,4681.2,16075534.200000012
2025-08-01 10:56:32 AM,2339.2,0,0.0,16075534.200000012
2025-08-01 10:56:33 AM,2339.2,1,2339.2,16077873.400000012
2025-08-01 10:56:45 AM,2342.0,1,2342.0,16080215.400000012
2025-08-01 10:56:47 AM,2340.3,0,0.0,16080215.400000012
2025-08-01 10:56:49 AM,2340.3,1,2340.3,16082555.700000012
2025-08-01 10:57:04 AM,2342.3,0,0.0,16082555.700000012
2025-08-01 10:57:05 AM,2342.3,1,2342.3,16084898.000000013
2025-08-01 10:57:09 AM,2339.5,0,0.0,16084898.000000013
2025-08-01 10:57:10 AM,2339.5,1,2339.5,16087237.500000013
2025-08-01 10:57:23 AM,2342.2,0,0.0,16087237.500000013
2025-08-01 10:57:26 AM,2340.5,3,7021.5,16094259.000000013
2025-08-01 10:57:42 AM,2341.9,0,0.0,16094259.000000013
2025-08-01 10:57:42 AM,2341.9,1,2341.9,16096600.900000013
2025-08-01 10:57:45 AM,2340.0,0,0.0,16096600.900000013
2025-08-01 10:57:48 AM,2340.0,1,2340.0,16098940.900000013
2025-08-01 10:58:01 AM,2341.9,0,0.0,16098940.900000013
2025-08-01 10:58:03 AM,2340.3,0,0.0,16098940.900000013
2025-08-01 10:58:03 AM,2340.3,3,7020.900000000001,16105961.800000014
2025-08-01 10:58:07 AM,2342.0,0,0.0,16105961.800000014
2025-08-01 10:58:09 AM,2342.0,3,7026.0,16112987.800000014
2025-08-01 10:58:17 AM,2341.9,0,0.0,16112987.800000014
2025-08-01 10:58:19 AM,2341.9,1,2341.9,16115329.700000014
2025-08-01 10:58:21 AM,2342.0,0,0.0,16115329.700000014
2025-08-01 10:58:25 AM,2342.0,1,2342.0,16117671.700000014
2025-08-01 10:58:26 AM,2340.0,0,0.0,16117671.700000014
2025-08-01 10:58:30 AM,2340.0,1,2340.0,16120011.700000014
2025-08-01 10:58:39 AM,2342.0,0,0.0,16120011.700000014
2025-08-01 10:58:41 AM,2340.4,0,0.0,16120011.700000014
2025-08-01 10:58:41 AM,2340.4,2,4680.8,16124692.500000015
2025-08-01 10:58:44 AM,2339.3,0,0.0,16124692.500000015
2025-08-01 10:58:47 AM,2339.3,1,2339.3,16127031.800000016
2025-08-01 10:58:58 AM,2341.7,1,2341.7,16129373.500000015
2025-08-01 10:59:01 AM,2340.1,0,0.0,16129373.500000015
2025-08-01 10:59:03 AM,2340.1,1,2340.1,16131713.600000015
2025-08-01 10:59:17 AM,2341.9,0,0.0,16131713.600000015
2025-08-01 10:59:18 AM,2341.9,1,2341.9,16134055.500000015
2025-08-01 10:59:20 AM,2340.3,0,0.0,16134055.500000015
2025-08-01 10:59:23 AM,2340.3,1,2340.3,16136395.800000016
2025-08-01 10:59:37 AM,2341.9,0,0.0,16136395.800000016
2025-08-01 10:59:38 AM,2341.9,1,2341.9,16138737.700000016
2025-08-01 10:59:43 AM,2339.3,0,0.0,16138737.700000016
2025-08-01 10:59:44 AM,2339.3,2,4678.6,16143416.300000016
2025-08-01 10:59:47 AM,2341.5,0,0.0,16143416.300000016
2025-08-01 10:59:49 AM,2341.5,1,2341.5,16145757.800000016
2025-08-01 10:59:55 AM,2341.8,1,2341.8,16148099.600000016
2025-08-01 10:59:59 AM,2340.4,0,0.0,16148099.600000016
2025-08-01 11:00:00 AM,2340.4,1,2340.4,16150440.000000017
2025-08-01 11:00:11 AM,2342.0,0,0.0,16150440.000000017
2025-08-01 11:00:12 AM,2342.0,1,2342.0,16152782.000000017
2025-08-01 11:00:18 AM,2342.0,1,2342.0,16155124.000000017
2025-08-01 11:00:20 AM,2339.9,0,0.0,16155124.000000017
2025-08-01 11:00:24 AM,2339.9,2,4679.8,16159803.800000018
2025-08-01 11:00:33 AM,2342.0,0,0.0,16159803.800000018
2025-08-01 11:00:34 AM,2342.0,1,2342.0,16162145.800000018
2025-08-01 11:00:35 AM,2340.3,0,0.0,16162145.800000018
2025-08-01 11:00:39 AM,2340.3,1,2340.3,16164486.100000018
2025-08-01 11:00:54 AM,2340.1,0,0.0,16164486.100000018
2025-08-01 11:00:55 AM,2340.1,3,7020.299999999999,16171506.400000019
2025-08-01 11:00:59 AM,2339.4,0,0.0,16171506.400000019
2025-08-01 11:01:00 AM,2339.4,7,16375.800000000001,16187882.20000002
2025-08-01 11:01:11 AM,2341.9,1,2341.9,16190224.10000002
2025-08-01 11:01:14 AM,2340.1,0,0.0,16190224.10000002
2025-08-01 11:01:14 AM,2339.1,0,0.0,16190224.10000002
2025-08-01 11:01:17 AM,2339.1,82,191806.19999999998,16382030.30000002
2025-08-01 11:01:30 AM,2341.6,0,0.0,16382030.30000002
2025-08-01 11:01:32 AM,2340.6,0,0.0,16382030.30000002
2025-08-01 11:01:32 AM,2340.6,5,11703.0,16393733.30000002
2025-08-01 11:01:44 AM,2341.9,0,0.0,16393733.30000002
2025-08-01 11:01:44 AM,2341.9,1,2341.9,16396075.20000002
2025-08-01 11:01:49 AM,2341.7,1,2341.7,16398416.900000019
2025-08-01 11:01:52 AM,2340.0,0,0.0,16398416.900000019
2025-08-01 11:01:53 AM,2340.0,2,4680.0,16403096.900000019
2025-08-01 11:01:56 AM,2338.6,0,0.0,16403096.900000019
2025-08-01 11:01:58 AM,2338.6,30,70158.0,16473254.900000019
2025-08-01 11:02:08 AM,2340.8,0,0.0,16473254.900000019
2025-08-01 11:02:08 AM,2340.8,1,2340.8,16475595.70000002
2025-08-01 11:02:12 AM,2339.8,0,0.0,16475595.70000002
2025-08-01 11:02:14 AM,2340.7,2,4681.4,16480277.10000002
2025-08-01 11:02:27 AM,2340.8,0,0.0,16480277.10000002
2025-08-01 11:02:29 AM,2339.4,0,0.0,16480277.10000002
2025-08-01 11:02:31 AM,2339.4,3,7018.200000000001,16487295.30000002
2025-08-01 11:02:40 AM,2341.3,0,0.0,16487295.30000002
2025-08-01 11:02:42 AM,2341.3,1,2341.3,16489636.60000002
2025-08-01 11:02:47 AM,2341.3,1,2341.3,16491977.90000002
2025-08-01 11:02:48 AM,2339.8,0,0.0,16491977.90000002
2025-08-01 11:02:49 AM,2339.8,1,2339.8,16494317.700000022
2025-08-01 11:03:05 AM,2341.4,0,0.0,16494317.700000022
2025-08-01 11:03:08 AM,2339.8,0,0.0,16494317.700000022
2025-08-01 11:03:08 AM,2339.8,3,7019.400000000001,16501337.100000022
2025-08-01 11:03:14 AM,2341.6,1,2341.6,16503678.700000022
2025-08-01 11:03:25 AM,2341.8,1,2341.8,16506020.500000022
2025-08-01 11:03:26 AM,2340.2,0,0.0,16506020.500000022
2025-08-01 11:03:28 AM,2340.2,1,2340.2,16508360.700000022
2025-08-01 11:03:43 AM,2341.7,0,0.0,16508360.700000022
2025-08-01 11:03:44 AM,2341.7,1,2341.7,16510702.40000002
2025-08-01 11:03:46 AM,2340.2,0,0.0,16510702.40000002
2025-08-01 11:03:47 AM,2340.2,1,2340.2,16513042.60000002
2025-08-01 11:03:51 AM,2341.7,0,0.0,16513042.60000002
2025-08-01 11:03:52 AM,2341.7,3,7025.099999999999,16520067.70000002
2025-08-01 11:04:03 AM,2342.0,1,2342.0,16522409.70000002
2025-08-01 11:04:04 AM,2340.5,0,0.0,16522409.70000002
2025-08-01 11:04:05 AM,2340.5,2,4681.0,16527090.70000002
2025-08-01 11:04:21 AM,2342.0,2,4684.0,16531774.70000002
2025-08-01 11:04:23 AM,2340.3,1,2340.3,16534115.00000002
2025-08-01 11:04:40 AM,2342.0,0,0.0,16534115.00000002
2025-08-01 11:04:41 AM,2342.0,1,2342.0,16536457.00000002
2025-08-01 11:04:42 AM,2340.9,0,0.0,16536457.00000002
2025-08-01 11:04:43 AM,2340.9,2,4681.8,16541138.800000021
2025-08-01 11:04:59 AM,2342.6,1,2342.6,16543481.40000002
2025-08-01 11:05:01 AM,2340.4,0,0.0,16543481.40000002
2025-08-01 11:05:03 AM,2340.4,1,2340.4,16545821.800000021
2025-08-01 11:05:18 AM,2342.6,0,0.0,16545821.800000021
2025-08-01 11:05:19 AM,2342.6,1,2342.6,16548164.40000002
2025-08-01 11:05:20 AM,2340.6,0,0.0,16548164.40000002
2025-08-01 11:05:20 AM,2340.6,2,4681.2,16552845.60000002
2025-08-01 11:05:37 AM,2342.8,0,0.0,16552845.60000002
2025-08-01 11:05:40 AM,2340.9,0,0.0,16552845.60000002
2025-08-01 11:05:40 AM,2340.9,2,4681.8,16557527.40000002
2025-08-01 11:05:56 AM,2342.8,0,0.0,16557527.40000002
2025-08-01 11:05:56 AM,2342.8,1,2342.8,16559870.200000022
2025-08-01 11:05:58 AM,2340.5,0,0.0,16559870.200000022
2025-08-01 11:05:58 AM,2340.5,2,4681.0,16564551.200000022
2025-08-01 11:06:15 AM,2342.2,0,0.0,16564551.200000022
2025-08-01 11:06:17 AM,2340.6,0,0.0,16564551.200000022
2025-08-01 11:06:17 AM,2340.6,2,4681.2,16569232.40000002
2025-08-01 11:06:32 AM,2342.5,0,0.0,16569232.40000002
2025-08-01 11:06:32 AM,2342.5,1,2342.5,16571574.90000002
2025-08-01 11:06:35 AM,2342.8,0,0.0,16571574.90000002
2025-08-01 11:06:37 AM,2342.8,1,2342.8,16573917.700000022
2025-08-01 11:06:41 AM,2339.9,0,0.0,16573917.700000022
2025-08-01 11:06:43 AM,2339.9,1,2339.9,16576257.600000022
2025-08-01 11:06:53 AM,2341.7,0,0.0,16576257.600000022
2025-08-01 11:06:55 AM,2340.5,3,7021.5,16583279.100000022
2025-08-01 11:07:12 AM,2341.7,0,0.0,16583279.100000022
2025-08-01 11:07:16 AM,2341.7,1,2341.7,16585620.800000021
2025-08-01 11:07:20 AM,2339.0,0,0.0,16585620.800000021
2025-08-01 11:07:21 AM,2339.0,1,2339.0,16587959.800000021
2025-08-01 11:07:32 AM,2341.2,0,0.0,16587959.800000021
2025-08-01 11:07:32 AM,2341.2,1,2341.2,16590301.00000002
2025-08-01 11:07:33 AM,2339.6,0,0.0,16590301.00000002
2025-08-01 11:07:33 AM,2339.6,2,4679.2,16594980.20000002
2025-08-01 11:07:50 AM,2340.8,1,2340.8,16597321.00000002
2025-08-01 11:07:52 AM,2339.3,0,0.0,16597321.00000002
2025-08-01 11:07:53 AM,2339.3,1,2339.3,16599660.300000021
2025-08-01 11:08:10 AM,2340.6,0,0.0,16599660.300000021
2025-08-01 11:08:10 AM,2340.6,1,2340.6,16602000.90000002
2025-08-01 11:08:11 AM,2339.1,0,0.0,16602000.90000002
2025-08-01 11:08:12 AM,2339.1,2,4678.2,16606679.10000002
2025-08-01 11:08:28 AM,2340.3,0,0.0,16606679.10000002
2025-08-01 11:08:30 AM,2338.7,0,0.0,16606679.10000002
2025-08-01 11:08:30 AM,2338.7,2,4677.4,16611356.50000002
2025-08-01 11:08:48 AM,2340.1,0,0.0,16611356.50000002
2025-08-01 11:08:48 AM,2340.1,1,2340.1,16613696.60000002
2025-08-01 11:08:50 AM,2338.7,0,0.0,16613696.60000002
2025-08-01 11:08:51 AM,2338.7,1,2338.7,16616035.30000002
2025-08-01 11:09:05 AM,2340.1,0,0.0,16616035.30000002
2025-08-01 11:09:06 AM,2340.1,2,4680.2,16620715.500000019
2025-08-01 11:09:08 AM,2338.6,0,0.0,16620715.500000019
2025-08-01 11:09:09 AM,2338.6,2,4677.2,16625392.700000018
2025-08-01 11:09:25 AM,2339.9,1,2339.9,16627732.600000018
2025-08-01 11:09:27 AM,2338.6,0,0.0,16627732.600000018
2025-08-01 11:09:28 AM,2338.6,1,2338.6,16630071.200000018
2025-08-01 11:09:44 AM,2339.9,1,2339.9,16632411.100000018
2025-08-01 11:09:47 AM,2338.7,0,0.0,16632411.100000018
2025-08-01 11:09:47 AM,2338.7,2,4677.4,16637088.500000019
2025-08-01 11:09:59 AM,2339.9,0,0.0,16637088.500000019
2025-08-01 11:09:59 AM,2339.9,1,2339.9,16639428.400000019
2025-08-01 11:10:03 AM,2339.9,1,2339.9,16641768.30000002
2025-08-01 11:10:05 AM,2338.6,0,0.0,16641768.30000002
2025-08-01 11:10:08 AM,2338.6,1,2338.6,16644106.900000019
2025-08-01 11:10:23 AM,2339.9,0,0.0,16644106.900000019
2025-08-01 11:10:24 AM,2338.6,3,7015.799999999999,16651122.70000002
2025-08-01 11:10:41 AM,2339.9,0,0.0,16651122.70000002
2025-08-01 11:10:41 AM,2339.9,1,2339.9,16653462.60000002
2025-08-01 11:10:43 AM,2337.5,0,0.0,16653462.60000002
2025-08-01 11:10:47 AM,2337.5,41,95837.5,16749300.10000002
2025-08-01 11:10:51 AM,2336.0,0,0.0,16749300.10000002
2025-08-01 11:10:52 AM,2336.0,1,2336.0,16751636.10000002
2025-08-01 11:11:01 AM,2335.7,0,0.0,16751636.10000002
2025-08-01 11:11:03 AM,2336.4,0,0.0,16751636.10000002
2025-08-01 11:11:03 AM,2336.4,9,21027.600000000002,16772663.70000002
2025-08-01 11:11:19 AM,2336.4,1,2336.4,16775000.10000002
2025-08-01 11:11:23 AM,2334.7,0,0.0,16775000.10000002
2025-08-01 11:11:25 AM,2334.7,4,9338.8,16784338.90000002
2025-08-01 11:11:39 AM,2336.6,0,0.0,16784338.90000002
2025-08-01 11:11:41 AM,2335.0,0,0.0,16784338.90000002
2025-08-01 11:11:41 AM,2335.0,2,4670.0,16789008.90000002
2025-08-01 11:11:57 AM,2336.6,0,0.0,16789008.90000002
2025-08-01 11:11:57 AM,2336.6,1,2336.6,16791345.500000022
2025-08-01 11:11:59 AM,2334.7,0,0.0,16791345.500000022
2025-08-01 11:12:02 AM,2334.7,2,4669.4,16796014.90000002
2025-08-01 11:12:12 AM,2336.9,0,0.0,16796014.90000002
2025-08-01 11:12:13 AM,2336.9,3,7010.700000000001,16803025.60000002
2025-08-01 11:12:16 AM,2337.3,0,0.0,16803025.60000002
2025-08-01 11:12:18 AM,2335.0,2,4670.0,16807695.60000002
2025-08-01 11:12:29 AM,2335.0,3,7005.0,16814700.60000002
2025-08-01 11:12:35 AM,2336.5,1,2336.5,16817037.10000002
2025-08-01 11:12:37 AM,2334.5,0,0.0,16817037.10000002
2025-08-01 11:12:40 AM,2334.5,2,4669.0,16821706.10000002
2025-08-01 11:12:54 AM,2336.3,0,0.0,16821706.10000002
2025-08-01 11:12:55 AM,2336.3,1,2336.3,16824042.40000002
2025-08-01 11:12:56 AM,2334.0,1,2334.0,16826376.40000002
2025-08-01 11:13:11 AM,2332.8,0,0.0,16826376.40000002
2025-08-01 11:13:11 AM,2332.8,50,116640.00000000001,16943016.40000002
2025-08-01 11:13:15 AM,2333.0,0,0.0,16943016.40000002
2025-08-01 11:13:17 AM,2333.0,1,2333.0,16945349.40000002
2025-08-01 11:13:25 AM,2334.5,0,0.0,16945349.40000002
2025-08-01 11:13:28 AM,2334.5,2,4669.0,16950018.40000002
2025-08-01 11:13:33 AM,2334.4,0,0.0,16950018.40000002
2025-08-01 11:13:33 AM,2334.4,1,2334.4,16952352.80000002
2025-08-01 11:13:35 AM,2333.2,0,0.0,16952352.80000002
2025-08-01 11:13:35 AM,2333.2,2,4666.4,16957019.200000018
2025-08-01 11:13:51 AM,2334.5,1,2334.5,16959353.700000018
2025-08-01 11:13:53 AM,2333.6,0,0.0,16959353.700000018
2025-08-01 11:13:55 AM,2333.6,1,2333.6,16961687.30000002
2025-08-01 11:14:10 AM,2334.8,0,0.0,16961687.30000002
2025-08-01 11:14:11 AM,2334.8,1,2334.8,16964022.10000002
2025-08-01 11:14:12 AM,2333.5,0,0.0,16964022.10000002
2025-08-01 11:14:13 AM,2333.5,2,4667.0,16968689.10000002
2025-08-01 11:14:29 AM,2334.6,1,2334.6,16971023.70000002
2025-08-01 11:14:32 AM,2332.9,0,0.0,16971023.70000002
2025-08-01 11:14:33 AM,2332.9,1,2332.9,16973356.60000002
2025-08-01 11:14:48 AM,2334.7,1,2334.7,16975691.30000002
2025-08-01 11:14:50 AM,2332.8,58,135302.40000000002,17110993.700000018
2025-08-01 11:14:52 AM,2332.4,0,0.0,17110993.700000018
2025-08-01 11:14:54 AM,2332.4,3,6997.200000000001,17117990.900000017
2025-08-01 11:15:05 AM,2334.1,0,0.0,17117990.900000017
2025-08-01 11:15:05 AM,2334.1,3,7002.299999999999,17124993.200000018
2025-08-01 11:15:08 AM,2333.9,0,0.0,17124993.200000018
2025-08-01 11:15:10 AM,2332.7,0,0.0,17124993.200000018
2025-08-01 11:15:11 AM,2332.7,2,4665.4,17129658.600000016
2025-08-01 11:15:26 AM,2334.4,0,0.0,17129658.600000016
2025-08-01 11:15:26 AM,2334.4,3,7003.200000000001,17136661.800000016
2025-08-01 11:15:29 AM,2332.7,0,0.0,17136661.800000016
2025-08-01 11:15:32 AM,2332.7,1,2332.7,17138994.500000015
2025-08-01 11:15:46 AM,2334.3,0,0.0,17138994.500000015
2025-08-01 11:15:47 AM,2332.5,3,6997.5,17145992.000000015
2025-08-01 11:16:05 AM,2333.8,0,0.0,17145992.000000015
2025-08-01 11:16:08 AM,2332.5,4,9330.0,17155322.000000015
2025-08-01 11:16:23 AM,2334.6,0,0.0,17155322.000000015
2025-08-01 11:16:24 AM,2334.6,1,2334.6,17157656.600000016
2025-08-01 11:16:25 AM,2332.7,2,4665.4,17162322.000000015
2025-08-01 11:16:42 AM,2334.9,0,0.0,17162322.000000015
2025-08-01 11:16:44 AM,2333.2,0,0.0,17162322.000000015
2025-08-01 11:16:45 AM,2333.2,2,4666.4,17166988.400000013
2025-08-01 11:17:01 AM,2334.5,1,2334.5,17169322.900000013
2025-08-01 11:17:04 AM,2332.8,0,0.0,17169322.900000013
2025-08-01 11:17:06 AM,2332.8,2,4665.6,17173988.500000015
2025-08-01 11:17:22 AM,2333.1,0,0.0,17173988.500000015
2025-08-01 11:17:22 AM,2333.1,2,4666.2,17178654.700000014
2025-08-01 11:17:37 AM,2335.5,0,0.0,17178654.700000014
2025-08-01 11:17:38 AM,2335.5,1,2335.5,17180990.200000014
2025-08-01 11:17:40 AM,2335.4,0,0.0,17180990.200000014
2025-08-01 11:17:40 AM,2335.4,1,2335.4,17183325.600000013
2025-08-01 11:17:42 AM,2333.7,0,0.0,17183325.600000013
2025-08-01 11:17:43 AM,2333.7,1,2333.7,17185659.300000012
2025-08-01 11:17:58 AM,2335.1,0,0.0,17185659.300000012
2025-08-01 11:17:59 AM,2335.1,1,2335.1,17187994.400000013
2025-08-01 11:18:00 AM,2333.7,0,0.0,17187994.400000013
2025-08-01 11:18:01 AM,2333.7,2,4667.4,17192661.800000012
2025-08-01 11:18:18 AM,2334.6,1,2334.6,17194996.400000013
2025-08-01 11:18:19 AM,2333.3,0,0.0,17194996.400000013
2025-08-01 11:18:21 AM,2333.3,1,2333.3,17197329.700000014
2025-08-01 11:18:36 AM,2334.6,0,0.0,17197329.700000014
2025-08-01 11:18:38 AM,2333.2,0,0.0,17197329.700000014
2025-08-01 11:18:38 AM,2333.2,3,6999.599999999999,17204329.300000016
2025-08-01 11:18:56 AM,2334.7,1,2334.7,17206664.000000015
2025-08-01 11:18:58 AM,2333.2,0,0.0,17206664.000000015
2025-08-01 11:19:01 AM,2333.2,1,2333.2,17208997.200000014
2025-08-01 11:19:14 AM,2334.6,0,0.0,17208997.200000014
2025-08-01 11:19:16 AM,2333.2,0,0.0,17208997.200000014
2025-08-01 11:19:19 AM,2333.2,3,6999.599999999999,17215996.800000016
2025-08-01 11:19:33 AM,2334.7,0,0.0,17215996.800000016
2025-08-01 11:19:35 AM,2334.7,1,2334.7,17218331.500000015
2025-08-01 11:19:35 AM,2333.2,0,0.0,17218331.500000015
2025-08-01 11:19:35 AM,2333.2,1,2333.2,17220664.700000014
2025-08-01 11:19:53 AM,2334.9,0,0.0,17220664.700000014
2025-08-01 11:19:54 AM,2333.3,0,0.0,17220664.700000014
2025-08-01 11:19:56 AM,2333.3,3,6999.900000000001,17227664.600000013
2025-08-01 11:20:10 AM,2335.1,0,0.0,17227664.600000013
2025-08-01 11:20:12 AM,2335.3,0,0.0,17227664.600000013
2025-08-01 11:20:12 AM,2335.3,2,4670.6,17232335.200000014
2025-08-01 11:20:14 AM,2333.4,0,0.0,17232335.200000014
2025-08-01 11:20:17 AM,2333.4,1,2333.4,17234668.600000013
2025-08-01 11:20:30 AM,2334.8,0,0.0,17234668.600000013
2025-08-01 11:20:33 AM,2333.4,0,0.0,17234668.600000013
2025-08-01 11:20:33 AM,2333.4,2,4666.8,17239335.400000013
2025-08-01 11:20:49 AM,2334.8,1,2334.8,17241670.200000014
2025-08-01 11:20:51 AM,2333.4,0,0.0,17241670.200000014
2025-08-01 11:20:54 AM,2333.4,1,2333.4,17244003.600000013
2025-08-01 11:20:55 AM,2332.8,0,0.0,17244003.600000013
2025-08-01 11:20:59 AM,2332.8,15,34992.0,17278995.600000013
2025-08-01 11:21:04 AM,2332.8,1,2332.8,17281328.400000013
2025-08-01 11:21:08 AM,2334.4,0,0.0,17281328.400000013
2025-08-01 11:21:10 AM,2334.7,3,7004.099999999999,17288332.500000015
2025-08-01 11:21:11 AM,2333.3,0,0.0,17288332.500000015
2025-08-01 11:21:14 AM,2334.4,0,0.0,17288332.500000015
2025-08-01 11:21:15 AM,2334.4,2,4668.8,17293001.300000016
2025-08-01 11:21:27 AM,2334.3,0,0.0,17293001.300000016
2025-08-01 11:21:31 AM,2334.3,1,2334.3,17295335.600000016
2025-08-01 11:21:31 AM,2332.8,2,4665.6,17300001.200000018
2025-08-01 11:21:46 AM,2333.9,1,2333.9,17302335.100000016
2025-08-01 11:21:48 AM,2332.8,0,0.0,17302335.100000016
2025-08-01 11:21:51 AM,2332.8,1,2332.8,17304667.900000017
2025-08-01 11:22:05 AM,2334.2,0,0.0,17304667.900000017
2025-08-01 11:22:06 AM,2334.2,1,2334.2,17307002.100000016
2025-08-01 11:22:07 AM,2332.8,0,0.0,17307002.100000016
2025-08-01 11:22:07 AM,2332.8,2,4665.6,17311667.700000018
2025-08-01 11:22:24 AM,2334.4,0,0.0,17311667.700000018
2025-08-01 11:22:26 AM,2332.8,0,0.0,17311667.700000018
2025-08-01 11:22:28 AM,2332.8,2,4665.6,17316333.30000002
2025-08-01 11:22:43 AM,2334.3,0,0.0,17316333.30000002
2025-08-01 11:22:44 AM,2334.3,1,2334.3,17318667.60000002
2025-08-01 11:22:46 AM,2332.9,0,0.0,17318667.60000002
2025-08-01 11:22:50 AM,2332.9,1,2332.9,17321000.50000002
2025-08-01 11:23:03 AM,2334.0,0,0.0,17321000.50000002
2025-08-01 11:23:04 AM,2332.9,0,0.0,17321000.50000002
2025-08-01 11:23:05 AM,2332.9,3,6998.700000000001,17327999.200000018
2025-08-01 11:23:21 AM,2334.2,0,0.0,17327999.200000018
2025-08-01 11:23:21 AM,2334.2,1,2334.2,17330333.400000017
2025-08-01 11:23:24 AM,2332.9,0,0.0,17330333.400000017
2025-08-01 11:23:26 AM,2332.9,1,2332.9,17332666.300000016
2025-08-01 11:23:41 AM,2333.8,0,0.0,17332666.300000016
2025-08-01 11:23:42 AM,2332.9,0,0.0,17332666.300000016
2025-08-01 11:23:42 AM,2332.9,3,6998.700000000001,17339665.000000015
2025-08-01 11:23:59 AM,2333.8,0,0.0,17339665.000000015
2025-08-01 11:24:01 AM,2332.9,0,0.0,17339665.000000015
2025-08-01 11:24:01 AM,2332.9,2,4665.8,17344330.800000016
2025-08-01 11:24:18 AM,2334.2,0,0.0,17344330.800000016
2025-08-01 11:24:21 AM,2332.9,0,0.0,17344330.800000016
2025-08-01 11:24:22 AM,2332.9,3,6998.700000000001,17351329.500000015
2025-08-01 11:24:38 AM,2334.3,0,0.0,17351329.500000015
2025-08-01 11:24:38 AM,2334.3,1,2334.3,17353663.800000016
2025-08-01 11:24:39 AM,2333.0,0,0.0,17353663.800000016
2025-08-01 11:24:44 AM,2333.0,1,2333.0,17355996.800000016
2025-08-01 11:24:56 AM,2334.1,0,0.0,17355996.800000016
2025-08-01 11:24:59 AM,2332.9,0,0.0,17355996.800000016
2025-08-01 11:25:00 AM,2332.9,2,4665.8,17360662.600000016
2025-08-01 11:25:16 AM,2334.2,1,2334.2,17362996.800000016
2025-08-01 11:25:17 AM,2332.9,0,0.0,17362996.800000016
2025-08-01 11:25:20 AM,2332.9,2,4665.8,17367662.600000016
2025-08-01 11:25:34 AM,2334.3,0,0.0,17367662.600000016
2025-08-01 11:25:36 AM,2332.8,0,0.0,17367662.600000016
2025-08-01 11:25:36 AM,2332.8,2,4665.6,17372328.200000018
2025-08-01 11:25:50 AM,2334.2,0,0.0,17372328.200000018
2025-08-01 11:25:51 AM,2332.3,0,0.0,17372328.200000018
2025-08-01 11:25:52 AM,2332.3,15,34984.5,17407312.700000018
2025-08-01 11:25:55 AM,2332.4,0,0.0,17407312.700000018
2025-08-01 11:25:57 AM,2332.4,2,4664.8,17411977.50000002
2025-08-01 11:26:11 AM,2333.4,0,0.0,17411977.50000002
2025-08-01 11:26:12 AM,2333.6,0,0.0,17411977.50000002
2025-08-01 11:26:12 AM,2333.6,2,4667.2,17416644.700000018
2025-08-01 11:26:14 AM,2331.7,0,0.0,17416644.700000018
2025-08-01 11:26:17 AM,2331.7,1,2331.7,17418976.400000017
2025-08-01 11:26:31 AM,2333.4,0,0.0,17418976.400000017
2025-08-01 11:26:33 AM,2333.4,2,4666.8,17423643.200000018
2025-08-01 11:26:33 AM,2332.0,0,0.0,17423643.200000018
2025-08-01 11:26:34 AM,2332.0,2,4664.0,17428307.200000018
2025-08-01 11:26:50 AM,2333.7,0,0.0,17428307.200000018
2025-08-01 11:26:52 AM,2332.3,0,0.0,17428307.200000018
2025-08-01 11:26:53 AM,2332.3,2,4664.6,17432971.80000002
2025-08-01 11:27:09 AM,2333.7,0,0.0,17432971.80000002
2025-08-01 11:27:09 AM,2333.7,1,2333.7,17435305.50000002
2025-08-01 11:27:12 AM,2332.3,0,0.0,17435305.50000002
2025-08-01 11:27:13 AM,2332.3,1,2332.3,17437637.80000002
2025-08-01 11:27:28 AM,2333.3,0,0.0,17437637.80000002
2025-08-01 11:27:29 AM,2333.3,1,2333.3,17439971.10000002
2025-08-01 11:27:30 AM,2332.0,2,4664.0,17444635.10000002
2025-08-01 11:27:47 AM,2333.1,0,0.0,17444635.10000002
2025-08-01 11:27:49 AM,2331.8,0,0.0,17444635.10000002
2025-08-01 11:27:49 AM,2331.8,2,4663.6,17449298.70000002
2025-08-01 11:28:06 AM,2333.0,0,0.0,17449298.70000002
2025-08-01 11:28:06 AM,2333.0,1,2333.0,17451631.70000002
2025-08-01 11:28:08 AM,2332.0,0,0.0,17451631.70000002
2025-08-01 11:28:10 AM,2332.0,2,4664.0,17456295.70000002
2025-08-01 11:28:24 AM,2333.2,0,0.0,17456295.70000002
2025-08-01 11:28:25 AM,2333.3,0,0.0,17456295.70000002
2025-08-01 11:28:26 AM,2333.3,2,4666.6,17460962.300000023
2025-08-01 11:28:29 AM,2331.2,0,0.0,17460962.300000023
2025-08-01 11:28:31 AM,2331.2,1,2331.2,17463293.500000022
2025-08-01 11:28:44 AM,2332.3,0,0.0,17463293.500000022
2025-08-01 11:28:46 AM,2330.7,3,6992.099999999999,17470285.600000024
2025-08-01 11:29:03 AM,2332.7,0,0.0,17470285.600000024
2025-08-01 11:29:03 AM,2332.7,1,2332.7,17472618.300000023
2025-08-01 11:29:05 AM,2331.3,0,0.0,17472618.300000023
2025-08-01 11:29:06 AM,2331.3,1,2331.3,17474949.600000024
2025-08-01 11:29:22 AM,2333.4,0,0.0,17474949.600000024
2025-08-01 11:29:22 AM,2333.4,1,2333.4,17477283.000000022
2025-08-01 11:29:24 AM,2331.6,0,0.0,17477283.000000022
2025-08-01 11:29:25 AM,2331.6,1,2331.6,17479614.600000024
2025-08-01 11:29:41 AM,2333.1,0,0.0,17479614.600000024
2025-08-01 11:29:43 AM,2331.5,0,0.0,17479614.600000024
2025-08-01 11:29:43 AM,2331.5,3,6994.5,17486609.100000024
2025-08-01 11:30:01 AM,2333.1,1,2333.1,17488942.200000025
2025-08-01 11:30:02 AM,2331.5,0,0.0,17488942.200000025
2025-08-01 11:30:04 AM,2331.5,1,2331.5,17491273.700000025
2025-08-01 11:30:19 AM,2332.8,0,0.0,17491273.700000025
2025-08-01 11:30:20 AM,2332.8,1,2332.8,17493606.500000026
2025-08-01 11:30:22 AM,2331.7,2,4663.4,17498269.900000025
2025-08-01 11:30:39 AM,2333.1,0,0.0,17498269.900000025
2025-08-01 11:30:39 AM,2333.1,1,2333.1,17500603.000000026
2025-08-01 11:30:42 AM,2331.7,1,2331.7,17502934.700000025
2025-08-01 11:30:56 AM,2333.1,0,0.0,17502934.700000025
2025-08-01 11:30:57 AM,2333.1,1,2333.1,17505267.800000027
2025-08-01 11:30:59 AM,2333.1,1,2333.1,17507600.90000003
2025-08-01 11:31:06 AM,2331.6,0,0.0,17507600.90000003
2025-08-01 11:31:07 AM,2331.6,2,4663.2,17512264.100000028
2025-08-01 11:31:16 AM,2332.8,0,0.0,17512264.100000028
2025-08-01 11:31:17 AM,2332.8,1,2332.8,17514596.90000003
2025-08-01 11:31:18 AM,2331.6,0,0.0,17514596.90000003
2025-08-01 11:31:19 AM,2331.6,1,2331.6,17516928.50000003
2025-08-01 11:31:35 AM,2332.8,1,2332.8,17519261.30000003
2025-08-01 11:31:38 AM,2331.5,0,0.0,17519261.30000003
2025-08-01 11:31:38 AM,2331.5,2,4663.0,17523924.30000003
2025-08-01 11:31:54 AM,2332.8,0,0.0,17523924.30000003
2025-08-01 11:31:56 AM,2331.6,0,0.0,17523924.30000003
2025-08-01 11:31:58 AM,2331.6,4,9326.4,17533250.70000003
2025-08-01 11:32:09 AM,2333.1,4,9332.4,17542583.100000028
2025-08-01 11:32:13 AM,2333.4,0,0.0,17542583.100000028
2025-08-01 11:32:15 AM,2333.4,1,2333.4,17544916.500000026
2025-08-01 11:32:22 AM,2333.3,0,0.0,17544916.500000026
2025-08-01 11:32:25 AM,2333.3,2,4666.6,17549583.100000028
2025-08-01 11:32:32 AM,2333.1,1,2333.1,17551916.20000003
2025-08-01 11:32:34 AM,2332.3,0,0.0,17551916.20000003
2025-08-01 11:32:35 AM,2332.3,1,2332.3,17554248.50000003
2025-08-01 11:32:45 AM,2331.7,0,0.0,17554248.50000003
2025-08-01 11:32:45 AM,2331.7,2,4663.4,17558911.90000003
2025-08-01 11:32:49 AM,2331.6,0,0.0,17558911.90000003
2025-08-01 11:32:50 AM,2331.6,2,4663.2,17563575.100000028
2025-08-01 11:32:55 AM,2331.5,0,0.0,17563575.100000028
2025-08-01 11:32:56 AM,2331.5,8,18652.0,17582227.100000028
2025-08-01 11:33:00 AM,2331.2,0,0.0,17582227.100000028
2025-08-01 11:33:01 AM,2331.2,5,11656.0,17593883.100000028
2025-08-01 11:33:05 AM,2330.3,0,0.0,17593883.100000028
2025-08-01 11:33:06 AM,2330.3,2,4660.6,17598543.70000003
2025-08-01 11:33:10 AM,2331.9,0,0.0,17598543.70000003
2025-08-01 11:33:12 AM,2330.1,3,6990.299999999999,17605534.00000003
2025-08-01 11:33:21 AM,2332.3,0,0.0,17605534.00000003
2025-08-01 11:33:22 AM,2332.3,1,2332.3,17607866.30000003
2025-08-01 11:33:29 AM,2332.0,0,0.0,17607866.30000003
2025-08-01 11:33:32 AM,2332.0,1,2332.0,17610198.30000003
2025-08-01 11:33:49 AM,2332.1,0,0.0,17610198.30000003
2025-08-01 11:33:53 AM,2332.1,1,2332.1,17612530.400000032
2025-08-01 11:34:07 AM,2332.5,0,0.0,17612530.400000032
2025-08-01 11:34:07 AM,2332.5,1,2332.5,17614862.900000032
2025-08-01 11:34:27 AM,2336.0,0,0.0,17614862.900000032
2025-08-01 11:34:28 AM,2336.0,33,77088.0,17691950.900000032
2025-08-01 11:34:41 AM,2337.9,0,0.0,17691950.900000032
2025-08-01 11:34:41 AM,2339.0,0,0.0,17691950.900000032
2025-08-01 11:34:44 AM,2339.0,2,4678.0,17696628.900000032
2025-08-01 11:34:45 AM,2339.5,0,0.0,17696628.900000032
2025-08-01 11:34:49 AM,2339.5,1,2339.5,17698968.400000032
2025-08-01 11:34:54 AM,2336.6,10,23366.0,17722334.400000032
2025-08-01 11:35:04 AM,2336.1,0,0.0,17722334.400000032
2025-08-01 11:35:05 AM,2336.1,1,2336.1,17724670.500000034
2025-08-01 11:35:06 AM,2334.2,0,0.0,17724670.500000034
2025-08-01 11:35:10 AM,2334.2,1,2334.2,17727004.700000033
2025-08-01 11:35:23 AM,2336.0,0,0.0,17727004.700000033
2025-08-01 11:35:26 AM,2336.0,1,2336.0,17729340.700000033
2025-08-01 11:35:42 AM,2336.3,0,0.0,17729340.700000033
2025-08-01 11:35:42 AM,2336.3,1,2336.3,17731677.000000034
2025-08-01 11:35:52 AM,2334.3,0,0.0,17731677.000000034
2025-08-01 11:35:52 AM,2334.3,74,172738.2,17904415.200000033
2025-08-01 11:36:01 AM,2334.7,0,0.0,17904415.200000033
2025-08-01 11:36:02 AM,2334.7,1,2334.7,17906749.900000032
2025-08-01 11:36:03 AM,2333.6,0,0.0,17906749.900000032
2025-08-01 11:36:07 AM,2333.6,4,9334.4,17916084.30000003
2025-08-01 11:36:10 AM,2334.5,0,0.0,17916084.30000003
2025-08-01 11:36:13 AM,2333.1,2,4666.2,17920750.50000003
2025-08-01 11:36:20 AM,2334.6,0,0.0,17920750.50000003
2025-08-01 11:36:22 AM,2333.1,0,0.0,17920750.50000003
2025-08-01 11:36:23 AM,2333.1,3,6999.299999999999,17927749.80000003
2025-08-01 11:36:37 AM,2335.7,0,0.0,17927749.80000003
2025-08-01 11:36:38 AM,2335.7,1,2335.7,17930085.50000003
2025-08-01 11:36:39 AM,2335.9,0,0.0,17930085.50000003
2025-08-01 11:36:44 AM,2335.9,1,2335.9,17932421.40000003
2025-08-01 11:36:47 AM,2332.9,0,0.0,17932421.40000003
2025-08-01 11:36:49 AM,2335.4,23,53714.200000000004,17986135.600000028
2025-08-01 11:36:58 AM,2335.1,0,0.0,17986135.600000028
2025-08-01 11:37:00 AM,2335.1,2,4670.2,17990805.800000027
2025-08-01 11:37:02 AM,2332.7,0,0.0,17990805.800000027
2025-08-01 11:37:05 AM,2332.7,2,4665.4,17995471.200000025
2025-08-01 11:37:17 AM,2335.1,0,0.0,17995471.200000025
2025-08-01 11:37:19 AM,2333.4,0,0.0,17995471.200000025
2025-08-01 11:37:21 AM,2333.4,2,4666.8,18000138.000000026
2025-08-01 11:37:36 AM,2335.0,0,0.0,18000138.000000026
2025-08-01 11:37:37 AM,2335.0,2,4670.0,18004808.000000026
2025-08-01 11:37:38 AM,2333.2,0,0.0,18004808.000000026
2025-08-01 11:37:42 AM,2333.2,2,4666.4,18009474.400000025
2025-08-01 11:37:55 AM,2334.8,0,0.0,18009474.400000025
2025-08-01 11:37:57 AM,2334.8,1,2334.8,18011809.200000025
2025-08-01 11:38:14 AM,2334.9,0,0.0,18011809.200000025
2025-08-01 11:38:17 AM,2334.9,1,2334.9,18014144.100000024
2025-08-01 11:38:33 AM,2335.8,1,2335.8,18016479.900000025
2025-08-01 11:38:35 AM,2334.4,0,0.0,18016479.900000025
2025-08-01 11:38:37 AM,2334.4,1,2334.4,18018814.300000023
2025-08-01 11:38:47 AM,2335.8,0,0.0,18018814.300000023
2025-08-01 11:38:47 AM,2335.8,1,2335.8,18021150.100000024
2025-08-01 11:38:52 AM,2336.4,0,0.0,18021150.100000024
2025-08-01 11:38:52 AM,2336.4,1,2336.4,18023486.500000022
2025-08-01 11:38:56 AM,2336.5,0,0.0,18023486.500000022
2025-08-01 11:38:58 AM,2336.5,2,4673.0,18028159.500000022
2025-08-01 11:39:02 AM,2334.7,0,0.0,18028159.500000022
2025-08-01 11:39:02 AM,2334.7,1,2334.7,18030494.20000002
2025-08-01 11:39:11 AM,2335.8,0,0.0,18030494.20000002
2025-08-01 11:39:12 AM,2335.8,1,2335.8,18032830.000000022
2025-08-01 11:39:19 AM,2335.8,2,4671.6,18037501.600000024
2025-08-01 11:39:30 AM,2336.0,0,0.0,18037501.600000024
2025-08-01 11:39:32 AM,2333.9,0,0.0,18037501.600000024
2025-08-01 11:39:32 AM,2333.9,2,4667.8,18042169.400000025
2025-08-01 11:39:50 AM,2336.2,1,2336.2,18044505.600000024
2025-08-01 11:40:08 AM,2335.9,0,0.0,18044505.600000024
2025-08-01 11:40:08 AM,2336.4,0,0.0,18044505.600000024
2025-08-01 11:40:10 AM,2336.4,4,9345.6,18053851.200000025
2025-08-01 11:40:27 AM,2337.1,0,0.0,18053851.200000025
2025-08-01 11:40:30 AM,2337.1,1,2337.1,18056188.300000027
2025-08-01 11:40:47 AM,2336.8,1,2336.8,18058525.100000028
2025-08-01 11:40:56 AM,2336.8,1,2336.8,18060861.90000003
2025-08-01 11:41:06 AM,2336.8,1,2336.8,18063198.70000003
2025-08-01 11:41:07 AM,2335.0,1,2335.0,18065533.70000003
2025-08-01 11:41:16 AM,2335.7,0,0.0,18065533.70000003
2025-08-01 11:41:16 AM,2335.7,1,2335.7,18067869.40000003
2025-08-01 11:41:26 AM,2335.5,0,0.0,18067869.40000003
2025-08-01 11:41:26 AM,2335.5,1,2335.5,18070204.90000003
2025-08-01 11:41:44 AM,2336.2,0,0.0,18070204.90000003
2025-08-01 11:41:46 AM,2336.2,1,2336.2,18072541.100000028
2025-08-01 11:42:02 AM,2336.2,1,2336.2,18074877.300000027
2025-08-01 11:42:22 AM,2336.3,1,2336.3,18077213.600000028
2025-08-01 11:42:41 AM,2336.5,0,0.0,18077213.600000028
2025-08-01 11:42:43 AM,2336.5,1,2336.5,18079550.100000028
2025-08-01 11:42:59 AM,2336.1,1,2336.1,18081886.20000003
2025-08-01 11:43:20 AM,2336.4,0,0.0,18081886.20000003
2025-08-01 11:43:21 AM,2336.4,1,2336.4,18084222.600000028
2025-08-01 11:43:38 AM,2336.5,0,0.0,18084222.600000028
2025-08-01 11:43:40 AM,2334.7,0,0.0,18084222.600000028
2025-08-01 11:43:41 AM,2334.7,2,4669.4,18088892.000000026
2025-08-01 11:43:57 AM,2336.9,1,2336.9,18091228.900000025
2025-08-01 11:44:10 AM,2334.8,0,0.0,18091228.900000025
2025-08-01 11:44:14 AM,2334.8,3,7004.400000000001,18098233.300000023
2025-08-01 11:44:34 AM,2334.6,0,0.0,18098233.300000023
2025-08-01 11:44:37 AM,2334.6,1,2334.6,18100567.900000025
2025-08-01 11:44:54 AM,2335.1,1,2335.1,18102903.000000026
2025-08-01 11:45:12 AM,2335.3,0,0.0,18102903.000000026
2025-08-01 11:45:15 AM,2335.3,1,2335.3,18105238.300000027
2025-08-01 11:45:31 AM,2336.1,0,0.0,18105238.300000027
2025-08-01 11:45:31 AM,2336.1,1,2336.1,18107574.40000003
2025-08-01 11:45:33 AM,2334.2,0,0.0,18107574.40000003
2025-08-01 11:45:36 AM,2334.2,1,2334.2,18109908.600000028
2025-08-01 11:45:49 AM,2335.1,0,0.0,18109908.600000028
2025-08-01 11:45:52 AM,2335.1,2,4670.2,18114578.800000027
2025-08-01 11:46:02 AM,2335.0,0,0.0,18114578.800000027
2025-08-01 11:46:03 AM,2335.0,11,25685.0,18140263.800000027
2025-08-01 11:46:09 AM,2335.1,1,2335.1,18142598.90000003
2025-08-01 11:46:11 AM,2333.5,0,0.0,18142598.90000003
2025-08-01 11:46:14 AM,2333.5,1,2333.5,18144932.40000003
2025-08-01 11:46:28 AM,2335.0,0,0.0,18144932.40000003
2025-08-01 11:46:29 AM,2335.0,1,2335.0,18147267.40000003
2025-08-01 11:46:51 AM,2335.0,1,2335.0,18149602.40000003
2025-08-01 11:47:06 AM,2335.0,1,2335.0,18151937.40000003
2025-08-01 11:47:26 AM,2336.5,0,0.0,18151937.40000003
2025-08-01 11:47:27 AM,2336.5,1,2336.5,18154273.90000003
2025-08-01 11:47:27 AM,2334.3,0,0.0,18154273.90000003
2025-08-01 11:47:28 AM,2334.3,1,2334.3,18156608.20000003
2025-08-01 11:47:37 AM,2334.8,0,0.0,18156608.20000003
2025-08-01 11:47:38 AM,2334.8,6,14008.800000000001,18170617.00000003
2025-08-01 11:47:44 AM,2336.3,0,0.0,18170617.00000003
2025-08-01 11:47:46 AM,2335.9,0,0.0,18170617.00000003
2025-08-01 11:47:47 AM,2335.9,12,28030.800000000003,18198647.80000003
2025-08-01 11:47:58 AM,2333.9,2,4667.8,18203315.60000003
2025-08-01 11:48:03 AM,2335.1,1,2335.1,18205650.700000033
2025-08-01 11:48:05 AM,2333.3,0,0.0,18205650.700000033
2025-08-01 11:48:08 AM,2333.3,2,4666.6,18210317.300000034
2025-08-01 11:48:23 AM,2333.3,2,4666.6,18214983.900000036
2025-08-01 11:48:41 AM,2334.7,0,0.0,18214983.900000036
2025-08-01 11:48:43 AM,2334.7,2,4669.4,18219653.300000034
2025-08-01 11:49:00 AM,2334.9,0,0.0,18219653.300000034
2025-08-01 11:49:03 AM,2334.9,1,2334.9,18221988.200000033
2025-08-01 11:49:14 AM,2334.9,2,4669.8,18226658.000000034
2025-08-01 11:49:19 AM,2335.3,0,0.0,18226658.000000034
2025-08-01 11:49:19 AM,2335.3,1,2335.3,18228993.300000034
2025-08-01 11:49:21 AM,2333.3,0,0.0,18228993.300000034
2025-08-01 11:49:24 AM,2335.3,0,0.0,18228993.300000034
2025-08-01 11:49:24 AM,2335.3,7,16347.100000000002,18245340.400000036
2025-08-01 11:49:38 AM,2335.4,0,0.0,18245340.400000036
2025-08-01 11:49:40 AM,2335.4,1,2335.4,18247675.800000034
2025-08-01 11:49:50 AM,2336.1,0,0.0,18247675.800000034
2025-08-01 11:49:50 AM,2336.1,1,2336.1,18250011.900000036
2025-08-01 11:49:57 AM,2337.4,0,0.0,18250011.900000036
2025-08-01 11:49:59 AM,2336.5,0,0.0,18250011.900000036
2025-08-01 11:50:01 AM,2336.5,2,4673.0,18254684.900000036
2025-08-01 11:50:16 AM,2338.3,1,2338.3,18257023.200000037
2025-08-01 11:50:23 AM,2336.2,0,0.0,18257023.200000037
2025-08-01 11:50:27 AM,2336.2,2,4672.4,18261695.600000035
2025-08-01 11:50:35 AM,2336.1,0,0.0,18261695.600000035
2025-08-01 11:50:37 AM,2336.1,1,2336.1,18264031.700000037
2025-08-01 11:50:54 AM,2334.6,0,0.0,18264031.700000037
2025-08-01 11:50:56 AM,2334.6,1,2334.6,18266366.300000038
2025-08-01 11:51:16 AM,2334.6,1,2334.6,18268700.90000004
2025-08-01 11:51:20 AM,2335.9,0,0.0,18268700.90000004
2025-08-01 11:51:21 AM,2335.9,20,46718.0,18315418.90000004
2025-08-01 11:51:32 AM,2337.2,0,0.0,18315418.90000004
2025-08-01 11:51:34 AM,2335.4,0,0.0,18315418.90000004
2025-08-01 11:51:36 AM,2336.6,4,9346.4,18324765.300000038
2025-08-01 11:51:46 AM,2335.9,2,4671.8,18329437.10000004
2025-08-01 11:51:51 AM,2337.5,1,2337.5,18331774.60000004
2025-08-01 11:51:54 AM,2336.1,0,0.0,18331774.60000004
2025-08-01 11:51:56 AM,2336.1,1,2336.1,18334110.70000004
2025-08-01 11:52:10 AM,2337.8,0,0.0,18334110.70000004
2025-08-01 11:52:11 AM,2337.8,1,2337.8,18336448.50000004
2025-08-01 11:52:29 AM,2338.3,0,0.0,18336448.50000004
2025-08-01 11:52:31 AM,2338.3,1,2338.3,18338786.80000004
2025-08-01 11:52:48 AM,2338.4,0,0.0,18338786.80000004
2025-08-01 11:52:51 AM,2338.4,1,2338.4,18341125.20000004
2025-08-01 11:53:08 AM,2338.4,1,2338.4,18343463.60000004
2025-08-01 11:53:09 AM,2337.1,0,0.0,18343463.60000004
2025-08-01 11:53:11 AM,2337.1,1,2337.1,18345800.70000004
2025-08-01 11:53:17 AM,2337.0,5,11685.0,18357485.70000004
2025-08-01 11:53:27 AM,2337.0,2,4674.0,18362159.70000004
2025-08-01 11:53:45 AM,2337.5,0,0.0,18362159.70000004
2025-08-01 11:53:47 AM,2337.5,1,2337.5,18364497.20000004
2025-08-01 11:54:07 AM,2337.5,1,2337.5,18366834.70000004
2025-08-01 11:54:09 AM,2339.2,0,0.0,18366834.70000004
2025-08-01 11:54:12 AM,2339.2,111,259651.19999999998,18626485.90000004
2025-08-01 11:54:23 AM,2340.0,1,2340.0,18628825.90000004
2025-08-01 11:54:26 AM,2339.3,0,0.0,18628825.90000004
2025-08-01 11:54:28 AM,2339.3,4,9357.2,18638183.10000004
2025-08-01 11:54:33 AM,2337.8,0,0.0,18638183.10000004
2025-08-01 11:54:33 AM,2337.8,6,14026.800000000001,18652209.90000004
2025-08-01 11:54:42 AM,2339.7,0,0.0,18652209.90000004
2025-08-01 11:54:43 AM,2339.7,1,2339.7,18654549.60000004
2025-08-01 11:54:47 AM,2337.7,0,0.0,18654549.60000004
2025-08-01 11:54:48 AM,2337.7,1,2337.7,18656887.300000038
2025-08-01 11:55:02 AM,2338.8,0,0.0,18656887.300000038
2025-08-01 11:55:03 AM,2337.9,0,0.0,18656887.300000038
2025-08-01 11:55:03 AM,2337.9,2,4675.8,18661563.10000004
2025-08-01 11:55:11 AM,2337.4,0,0.0,18661563.10000004
2025-08-01 11:55:13 AM,2337.4,76,177642.4,18839205.500000037
2025-08-01 11:55:15 AM,2334.8,458,1069338.4000000001,19908543.900000036
2025-08-01 11:55:20 AM,2334.5,0,0.0,19908543.900000036
2025-08-01 11:55:20 AM,2334.5,1,2334.5,19910878.400000036
2025-08-01 11:55:23 AM,2333.2,0,0.0,19910878.400000036
2025-08-01 11:55:24 AM,2333.2,2,4666.4,19915544.800000034
2025-08-01 11:55:39 AM,2334.5,0,0.0,19915544.800000034
2025-08-01 11:55:40 AM,2334.5,1,2334.5,19917879.300000034
2025-08-01 11:55:41 AM,2333.8,0,0.0,19917879.300000034
2025-08-01 11:55:44 AM,2335.0,3,7005.0,19924884.300000034
2025-08-01 11:55:58 AM,2334.5,0,0.0,19924884.300000034
2025-08-01 11:55:58 AM,2334.5,1,2334.5,19927218.800000034
2025-08-01 11:56:00 AM,2333.2,0,0.0,19927218.800000034
2025-08-01 11:56:03 AM,2333.2,1,2333.2,19929552.000000034
2025-08-01 11:56:04 AM,2333.2,6,13999.199999999999,19943551.200000033
2025-08-01 11:56:14 AM,2333.4,2,4666.8,19948218.000000034
2025-08-01 11:56:19 AM,2333.0,0,0.0,19948218.000000034
2025-08-01 11:56:19 AM,2333.0,2,4666.0,19952884.000000034
2025-08-01 11:56:36 AM,2333.7,1,2333.7,19955217.700000033
2025-08-01 11:56:38 AM,2333.0,0,0.0,19955217.700000033
2025-08-01 11:56:39 AM,2333.0,1,2333.0,19957550.700000033
2025-08-01 11:56:44 AM,2333.7,4,9334.8,19966885.500000034
2025-08-01 11:56:55 AM,2333.8,0,0.0,19966885.500000034
2025-08-01 11:56:56 AM,2333.8,1,2333.8,19969219.300000034
2025-08-01 11:56:57 AM,2333.0,0,0.0,19969219.300000034
2025-08-01 11:56:59 AM,2333.0,2,4666.0,19973885.300000034
2025-08-01 11:57:14 AM,2333.8,0,0.0,19973885.300000034
2025-08-01 11:57:14 AM,2333.8,2,4667.6,19978552.900000036
2025-08-01 11:57:16 AM,2333.9,0,0.0,19978552.900000036
2025-08-01 11:57:19 AM,2333.9,1,2333.9,19980886.800000034
2025-08-01 11:57:21 AM,2334.3,1,2334.3,19983221.100000035
2025-08-01 11:57:33 AM,2335.2,0,0.0,19983221.100000035
2025-08-01 11:57:34 AM,2335.2,1,2335.2,19985556.300000034
2025-08-01 11:57:35 AM,2333.6,0,0.0,19985556.300000034
2025-08-01 11:57:36 AM,2333.6,2,4667.2,19990223.500000034
2025-08-01 11:57:44 AM,2335.1,0,0.0,19990223.500000034
2025-08-01 11:57:44 AM,2335.1,3,7005.299999999999,19997228.800000034
2025-08-01 11:57:52 AM,2335.2,0,0.0,19997228.800000034
2025-08-01 11:57:54 AM,2333.6,0,0.0,19997228.800000034
2025-08-01 11:57:54 AM,2333.6,2,4667.2,20001896.000000034
2025-08-01 11:58:00 AM,2333.0,0,0.0,20001896.000000034
2025-08-01 11:58:01 AM,2333.0,6,13998.0,20015894.000000034
2025-08-01 11:58:11 AM,2335.4,0,0.0,20015894.000000034
2025-08-01 11:58:12 AM,2335.4,1,2335.4,20018229.400000032
2025-08-01 11:58:13 AM,2334.1,0,0.0,20018229.400000032
2025-08-01 11:58:14 AM,2335.5,0,0.0,20018229.400000032
2025-08-01 11:58:16 AM,2335.5,4,9342.0,20027571.400000032
2025-08-01 11:58:30 AM,2335.3,0,0.0,20027571.400000032
2025-08-01 11:58:32 AM,2335.3,1,2335.3,20029906.700000033
2025-08-01 11:58:32 AM,2333.7,0,0.0,20029906.700000033
2025-08-01 11:58:33 AM,2333.7,2,4667.4,20034574.10000003
2025-08-01 11:58:44 AM,2335.6,3,7006.799999999999,20041580.900000032
2025-08-01 11:58:49 AM,2335.5,0,0.0,20041580.900000032
2025-08-01 11:58:49 AM,2335.5,1,2335.5,20043916.400000032
2025-08-01 11:58:56 AM,2333.0,0,0.0,20043916.400000032
2025-08-01 11:58:58 AM,2333.0,1,2333.0,20046249.400000032
2025-08-01 11:59:08 AM,2334.5,0,0.0,20046249.400000032
2025-08-01 11:59:09 AM,2334.5,1,2334.5,20048583.900000032
2025-08-01 11:59:10 AM,2333.7,2,4667.4,20053251.30000003
2025-08-01 11:59:14 AM,2335.0,1,2335.0,20055586.30000003
2025-08-01 11:59:29 AM,2333.5,2,4667.0,20060253.30000003
2025-08-01 11:59:45 AM,2334.7,2,4669.4,20064922.70000003
2025-08-01 11:59:47 AM,2335.1,2,4670.2,20069592.90000003
2025-08-01 11:59:49 AM,2334.7,0,0.0,20069592.90000003
2025-08-01 11:59:50 AM,2334.7,1,2334.7,20071927.600000028
2025-08-01 12:00:00 PM,2333.6,1,2333.6,20074261.20000003
2025-08-01 12:00:06 PM,2334.8,1,2334.8,20076596.00000003
2025-08-01 12:00:07 PM,2333.8,0,0.0,20076596.00000003
2025-08-01 12:00:08 PM,2333.8,1,2333.8,20078929.80000003
2025-08-01 12:00:14 PM,2335.4,0,0.0,20078929.80000003
2025-08-01 12:00:16 PM,2335.4,2,4670.8,20083600.60000003
2025-08-01 12:00:21 PM,2336.1,0,0.0,20083600.60000003
2025-08-01 12:00:22 PM,2336.1,1,2336.1,20085936.700000033
2025-08-01 12:00:27 PM,2336.1,1,2336.1,20088272.800000034
2025-08-01 12:00:32 PM,2333.9,1,2333.9,20090606.700000033
2025-08-01 12:00:43 PM,2335.6,0,0.0,20090606.700000033
2025-08-01 12:00:43 PM,2335.6,1,2335.6,20092942.300000034
2025-08-01 12:00:45 PM,2333.9,0,0.0,20092942.300000034
2025-08-01 12:00:46 PM,2333.9,2,4667.8,20097610.100000035
2025-08-01 12:00:49 PM,2333.8,8,18670.4,20116280.500000034
2025-08-01 12:01:03 PM,2334.7,0,0.0,20116280.500000034
2025-08-01 12:01:03 PM,2334.7,1,2334.7,20118615.200000033
2025-08-01 12:01:04 PM,2333.9,0,0.0,20118615.200000033
2025-08-01 12:01:06 PM,2333.9,1,2333.9,20120949.10000003
2025-08-01 12:01:20 PM,2334.7,0,0.0,20120949.10000003
2025-08-01 12:01:21 PM,2335.9,2,4671.8,20125620.900000032
2025-08-01 12:01:23 PM,2334.2,0,0.0,20125620.900000032
2025-08-01 12:01:25 PM,2334.2,1,2334.2,20127955.10000003
2025-08-01 12:01:29 PM,2333.8,0,0.0,20127955.10000003
2025-08-01 12:01:32 PM,2333.8,1,2333.8,20130288.900000032
2025-08-01 12:01:41 PM,2335.7,0,0.0,20130288.900000032
2025-08-01 12:01:41 PM,2335.7,1,2335.7,20132624.60000003
2025-08-01 12:01:42 PM,2333.8,0,0.0,20132624.60000003
2025-08-01 12:01:43 PM,2333.5,0,0.0,20132624.60000003
2025-08-01 12:01:44 PM,2333.5,3,7000.5,20139625.10000003
2025-08-01 12:01:59 PM,2335.0,0,0.0,20139625.10000003
2025-08-01 12:02:00 PM,2335.0,1,2335.0,20141960.10000003
2025-08-01 12:02:02 PM,2333.5,0,0.0,20141960.10000003
2025-08-01 12:02:03 PM,2333.5,2,4667.0,20146627.10000003
2025-08-01 12:02:18 PM,2334.9,0,0.0,20146627.10000003
2025-08-01 12:02:20 PM,2333.5,2,4667.0,20151294.10000003
2025-08-01 12:02:37 PM,2335.4,0,0.0,20151294.10000003
2025-08-01 12:02:38 PM,2335.4,1,2335.4,20153629.50000003
2025-08-01 12:02:39 PM,2333.6,0,0.0,20153629.50000003
2025-08-01 12:02:40 PM,2333.6,1,2333.6,20155963.10000003
2025-08-01 12:02:56 PM,2335.0,0,0.0,20155963.10000003
2025-08-01 12:02:58 PM,2333.5,3,7000.5,20162963.60000003
2025-08-01 12:03:15 PM,2335.1,1,2335.1,20165298.700000033
2025-08-01 12:03:17 PM,2333.5,0,0.0,20165298.700000033
2025-08-01 12:03:18 PM,2333.5,1,2333.5,20167632.200000033
2025-08-01 12:03:27 PM,2334.4,0,0.0,20167632.200000033
2025-08-01 12:03:28 PM,2334.4,1,2334.4,20169966.60000003
2025-08-01 12:03:34 PM,2335.2,0,0.0,20169966.60000003
2025-08-01 12:03:35 PM,2335.2,1,2335.2,20172301.80000003
2025-08-01 12:03:36 PM,2333.5,0,0.0,20172301.80000003
2025-08-01 12:03:38 PM,2333.5,2,4667.0,20176968.80000003
2025-08-01 12:03:53 PM,2335.1,1,2335.1,20179303.900000032
2025-08-01 12:03:56 PM,2333.5,1,2333.5,20181637.400000032
2025-08-01 12:04:12 PM,2335.3,1,2335.3,20183972.700000033
2025-08-01 12:04:14 PM,2333.6,1,2333.6,20186306.300000034
2025-08-01 12:04:17 PM,2333.5,1,2333.5,20188639.800000034
2025-08-01 12:04:25 PM,2335.2,0,0.0,20188639.800000034
2025-08-01 12:04:28 PM,2335.2,2,4670.4,20193310.200000033
2025-08-01 12:04:31 PM,2335.5,0,0.0,20193310.200000033
2025-08-01 12:04:33 PM,2333.6,0,0.0,20193310.200000033
2025-08-01 12:04:34 PM,2335.0,3,7005.0,20200315.200000033
2025-08-01 12:04:37 PM,2333.5,0,0.0,20200315.200000033
2025-08-01 12:04:38 PM,2333.5,2,4667.0,20204982.200000033
2025-08-01 12:04:51 PM,2335.0,0,0.0,20204982.200000033
2025-08-01 12:04:52 PM,2333.5,2,4667.0,20209649.200000033
2025-08-01 12:05:09 PM,2335.1,0,0.0,20209649.200000033
2025-08-01 12:05:10 PM,2335.1,1,2335.1,20211984.300000034
2025-08-01 12:05:14 PM,2333.5,2,4667.0,20216651.300000034
2025-08-01 12:05:29 PM,2335.7,2,4671.4,20221322.700000033
2025-08-01 12:05:30 PM,2333.8,1,2333.8,20223656.500000034
2025-08-01 12:05:47 PM,2335.4,0,0.0,20223656.500000034
2025-08-01 12:05:49 PM,2335.4,1,2335.4,20225991.900000032
2025-08-01 12:05:49 PM,2333.6,0,0.0,20225991.900000032
2025-08-01 12:05:49 PM,2333.6,2,4667.2,20230659.10000003
2025-08-01 12:06:06 PM,2335.5,0,0.0,20230659.10000003
2025-08-01 12:06:09 PM,2333.8,0,0.0,20230659.10000003
2025-08-01 12:06:09 PM,2333.8,2,4667.6,20235326.700000033
2025-08-01 12:06:25 PM,2335.7,0,0.0,20235326.700000033
2025-08-01 12:06:28 PM,2335.7,1,2335.7,20237662.400000032
2025-08-01 12:06:29 PM,2333.5,2,4667.0,20242329.400000032
2025-08-01 12:06:38 PM,2333.5,3,7000.5,20249329.900000032
