date,price,qty,trnvr,cum_trnvr
2025-08-01 09:15:04 AM,6694.5,23,153973.5,153973.5
2025-08-01 09:15:07 AM,6684.0,1,6684.0,160657.5
2025-08-01 09:21:46 AM,6679.5,2,13359.0,174016.5
2025-08-01 09:22:10 AM,6659.5,1,6659.5,180676.0
2025-08-01 09:23:13 AM,6660.5,0,0.0,180676.0
2025-08-01 09:23:18 AM,6660.5,1,6660.5,187336.5
2025-08-01 09:23:33 AM,6655.0,9,59895.0,247231.5
2025-08-01 09:24:19 AM,6656.0,1,6656.0,253887.5
2025-08-01 09:25:26 AM,6656.0,1,6656.0,260543.5
2025-08-01 09:28:33 AM,6656.5,0,0.0,260543.5
2025-08-01 09:28:36 AM,6656.5,1,6656.5,267200.0
2025-08-01 09:29:12 AM,6655.0,0,0.0,267200.0
2025-08-01 09:29:14 AM,6655.0,10,66550.0,333750.0
2025-08-01 09:29:27 AM,6650.5,0,0.0,333750.0
2025-08-01 09:29:29 AM,6650.5,10,66505.0,400255.0
2025-08-01 09:30:37 AM,6651.0,5,33255.0,433510.0
2025-08-01 09:30:44 AM,6650.0,9,59850.0,493360.0
2025-08-01 09:31:55 AM,6658.5,0,0.0,493360.0
2025-08-01 09:31:56 AM,6658.5,2,13317.0,506677.0
2025-08-01 09:32:30 AM,6657.0,0,0.0,506677.0
2025-08-01 09:32:31 AM,6657.0,2,13314.0,519991.0
2025-08-01 09:33:32 AM,6660.5,0,0.0,519991.0
2025-08-01 09:33:33 AM,6660.5,1,6660.5,526651.5
2025-08-01 09:33:40 AM,6668.5,1,6668.5,533320.0
2025-08-01 09:35:16 AM,6661.0,0,0.0,533320.0
2025-08-01 09:35:18 AM,6661.0,10,66610.0,599930.0
2025-08-01 09:36:21 AM,6653.0,0,0.0,599930.0
2025-08-01 09:36:26 AM,6653.0,2,13306.0,613236.0
2025-08-01 09:36:29 AM,6673.5,0,0.0,613236.0
2025-08-01 09:36:32 AM,6673.5,1,6673.5,619909.5
2025-08-01 09:38:17 AM,6652.0,0,0.0,619909.5
2025-08-01 09:38:21 AM,6652.0,6,39912.0,659821.5
2025-08-01 09:38:41 AM,6635.5,1,6635.5,666457.0
2025-08-01 09:39:34 AM,6635.0,1,6635.0,673092.0
2025-08-01 09:43:12 AM,6636.0,0,0.0,673092.0
2025-08-01 09:43:17 AM,6636.0,1,6636.0,679728.0
2025-08-01 09:44:24 AM,6632.0,27,179064.0,858792.0
2025-08-01 09:44:52 AM,6628.0,0,0.0,858792.0
2025-08-01 09:44:56 AM,6628.0,6,39768.0,898560.0
2025-08-01 09:45:09 AM,6615.0,5,33075.0,931635.0
2025-08-01 09:48:36 AM,6637.0,0,0.0,931635.0
2025-08-01 09:48:37 AM,6637.0,5,33185.0,964820.0
2025-08-01 09:48:52 AM,6616.5,0,0.0,964820.0
2025-08-01 09:48:54 AM,6616.5,5,33082.5,997902.5
2025-08-01 09:49:00 AM,6619.0,0,0.0,997902.5
2025-08-01 09:49:00 AM,6619.0,5,33095.0,1030997.5
2025-08-01 09:49:13 AM,6619.0,1,6619.0,1037616.5
2025-08-01 09:51:53 AM,6643.0,7,46501.0,1084117.5
2025-08-01 09:51:55 AM,6646.5,0,0.0,1084117.5
2025-08-01 09:51:56 AM,6646.5,7,46525.5,1130643.0
2025-08-01 09:53:03 AM,6624.0,10,66240.0,1196883.0
2025-08-01 09:53:30 AM,6623.0,0,0.0,1196883.0
2025-08-01 09:53:30 AM,6623.0,9,59607.0,1256490.0
2025-08-01 09:54:58 AM,6622.0,0,0.0,1256490.0
2025-08-01 09:55:00 AM,6622.0,9,59598.0,1316088.0
2025-08-01 09:55:18 AM,6643.0,7,46501.0,1362589.0
2025-08-01 09:55:46 AM,6620.0,0,0.0,1362589.0
2025-08-01 09:55:48 AM,6620.0,8,52960.0,1415549.0
2025-08-01 09:57:12 AM,6620.5,7,46343.5,1461892.5
2025-08-01 09:58:05 AM,6620.5,3,19861.5,1481754.0
2025-08-01 09:58:35 AM,6619.0,0,0.0,1481754.0
2025-08-01 09:58:35 AM,6619.0,9,59571.0,1541325.0
2025-08-01 10:00:08 AM,6620.0,1,6620.0,1547945.0
2025-08-01 10:00:27 AM,6615.0,4,26460.0,1574405.0
2025-08-01 10:00:43 AM,6615.0,6,39690.0,1614095.0
2025-08-01 10:01:08 AM,6611.0,12,79332.0,1693427.0
2025-08-01 10:01:58 AM,6606.0,4,26424.0,1719851.0
2025-08-01 10:03:19 AM,6604.5,0,0.0,1719851.0
2025-08-01 10:03:21 AM,6604.5,1,6604.5,1726455.5
2025-08-01 10:04:42 AM,6604.5,4,26418.0,1752873.5
2025-08-01 10:06:24 AM,6623.0,0,0.0,1752873.5
2025-08-01 10:06:25 AM,6623.0,8,52984.0,1805857.5
2025-08-01 10:06:31 AM,6624.0,1,6624.0,1812481.5
2025-08-01 10:06:48 AM,6612.0,0,0.0,1812481.5
2025-08-01 10:06:50 AM,6612.0,7,46284.0,1858765.5
2025-08-01 10:07:41 AM,6604.0,5,33020.0,1891785.5
2025-08-01 10:07:59 AM,6602.5,0,0.0,1891785.5
2025-08-01 10:07:59 AM,6602.5,1,6602.5,1898388.0
2025-08-01 10:08:29 AM,6621.5,7,46350.5,1944738.5
2025-08-01 10:09:03 AM,6623.0,0,0.0,1944738.5
2025-08-01 10:09:04 AM,6623.0,7,46361.0,1991099.5
2025-08-01 10:10:09 AM,6610.5,0,0.0,1991099.5
2025-08-01 10:10:10 AM,6610.5,8,52884.0,2043983.5
2025-08-01 10:10:54 AM,6619.0,0,0.0,2043983.5
2025-08-01 10:10:56 AM,6619.0,3,19857.0,2063840.5
2025-08-01 10:11:42 AM,6622.0,0,0.0,2063840.5
2025-08-01 10:11:42 AM,6622.0,5,33110.0,2096950.5
2025-08-01 10:12:33 AM,6630.0,0,0.0,2096950.5
2025-08-01 10:12:35 AM,6630.0,151,1001130.0,3098080.5
2025-08-01 10:14:12 AM,6619.5,0,0.0,3098080.5
2025-08-01 10:14:14 AM,6619.5,2,13239.0,3111319.5
2025-08-01 10:14:42 AM,6629.5,0,0.0,3111319.5
2025-08-01 10:14:43 AM,6615.5,10,66155.0,3177474.5
2025-08-01 10:16:11 AM,6606.0,0,0.0,3177474.5
2025-08-01 10:16:11 AM,6606.0,3,19818.0,3197292.5
2025-08-01 10:16:41 AM,6606.0,1,6606.0,3203898.5
2025-08-01 10:18:21 AM,6615.0,0,0.0,3203898.5
2025-08-01 10:18:24 AM,6615.0,11,72765.0,3276663.5
2025-08-01 10:19:28 AM,6606.0,5,33030.0,3309693.5
2025-08-01 10:19:49 AM,6625.0,0,0.0,3309693.5
2025-08-01 10:19:50 AM,6625.0,27,178875.0,3488568.5
2025-08-01 10:23:26 AM,6610.5,3,19831.5,3508400.0
2025-08-01 10:28:41 AM,6610.5,6,39663.0,3548063.0
2025-08-01 10:28:49 AM,6611.5,0,0.0,3548063.0
2025-08-01 10:28:49 AM,6611.5,1,6611.5,3554674.5
2025-08-01 10:32:01 AM,6620.0,0,0.0,3554674.5
2025-08-01 10:32:02 AM,6620.0,10,66200.0,3620874.5
2025-08-01 10:33:48 AM,6619.0,0,0.0,3620874.5
2025-08-01 10:33:48 AM,6619.0,1,6619.0,3627493.5
2025-08-01 10:33:53 AM,6620.0,0,0.0,3627493.5
2025-08-01 10:33:54 AM,6620.0,7,46340.0,3673833.5
2025-08-01 10:34:37 AM,6620.0,86,569320.0,4243153.5
2025-08-01 10:34:42 AM,6629.5,1,6629.5,4249783.0
2025-08-01 10:35:10 AM,6613.0,0,0.0,4249783.0
2025-08-01 10:35:11 AM,6613.0,2,13226.0,4263009.0
2025-08-01 10:36:23 AM,6630.0,0,0.0,4263009.0
2025-08-01 10:36:24 AM,6630.0,1,6630.0,4269639.0
2025-08-01 10:36:26 AM,6615.0,0,0.0,4269639.0
2025-08-01 10:36:26 AM,6615.0,6,39690.0,4309329.0
2025-08-01 10:36:37 AM,6614.5,0,0.0,4309329.0
2025-08-01 10:36:37 AM,6614.5,11,72759.5,4382088.5
2025-08-01 10:37:05 AM,6624.0,0,0.0,4382088.5
2025-08-01 10:37:08 AM,6624.0,1,6624.0,4388712.5
2025-08-01 10:37:46 AM,6628.0,0,0.0,4388712.5
2025-08-01 10:37:46 AM,6628.0,2,13256.0,4401968.5
2025-08-01 10:38:25 AM,6628.0,1,6628.0,4408596.5
2025-08-01 10:40:40 AM,6617.5,9,59557.5,4468154.0
2025-08-01 10:41:35 AM,6615.5,1,6615.5,4474769.5
2025-08-01 10:42:58 AM,6615.5,4,26462.0,4501231.5
2025-08-01 10:45:51 AM,6614.5,8,52916.0,4554147.5
2025-08-01 10:47:06 AM,6614.5,7,46301.5,4600449.0
2025-08-01 10:49:03 AM,6611.5,0,0.0,4600449.0
2025-08-01 10:49:06 AM,6611.5,1,6611.5,4607060.5
2025-08-01 10:49:35 AM,6610.5,0,0.0,4607060.5
2025-08-01 10:49:38 AM,6610.5,20,132210.0,4739270.5
2025-08-01 10:49:43 AM,6610.0,30,198300.0,4937570.5
2025-08-01 10:49:49 AM,6611.5,5,33057.5,4970628.0
2025-08-01 10:49:56 AM,6619.5,0,0.0,4970628.0
2025-08-01 10:49:59 AM,6619.5,1,6619.5,4977247.5
2025-08-01 10:50:32 AM,6620.0,0,0.0,4977247.5
2025-08-01 10:50:33 AM,6620.0,1,6620.0,4983867.5
2025-08-01 10:50:38 AM,6620.0,2,13240.0,4997107.5
2025-08-01 10:53:10 AM,6607.5,0,0.0,4997107.5
2025-08-01 10:53:11 AM,6607.5,1,6607.5,5003715.0
2025-08-01 10:53:19 AM,6608.0,0,0.0,5003715.0
2025-08-01 10:53:21 AM,6620.0,12,79440.0,5083155.0
2025-08-01 10:56:12 AM,6620.0,1,6620.0,5089775.0
2025-08-01 10:56:19 AM,6606.5,0,0.0,5089775.0
2025-08-01 10:56:23 AM,6606.5,8,52852.0,5142627.0
2025-08-01 10:56:29 AM,6615.0,1,6615.0,5149242.0
2025-08-01 10:58:07 AM,6620.0,0,0.0,5149242.0
2025-08-01 10:58:08 AM,6620.0,2,13240.0,5162482.0
2025-08-01 10:59:20 AM,6606.5,0,0.0,5162482.0
2025-08-01 10:59:23 AM,6606.5,7,46245.5,5208727.5
2025-08-01 10:59:40 AM,6619.0,0,0.0,5208727.5
2025-08-01 10:59:44 AM,6619.0,1,6619.0,5215346.5
2025-08-01 11:03:28 AM,6619.0,25,165475.0,5380821.5
2025-08-01 11:04:07 AM,6618.5,0,0.0,5380821.5
2025-08-01 11:04:08 AM,6618.5,1,6618.5,5387440.0
2025-08-01 11:04:28 AM,6605.0,0,0.0,5387440.0
2025-08-01 11:04:28 AM,6605.0,92,607660.0,5995100.0
2025-08-01 11:06:23 AM,6605.5,0,0.0,5995100.0
2025-08-01 11:06:23 AM,6605.5,10,66055.0,6061155.0
2025-08-01 11:06:37 AM,6605.5,2,13211.0,6074366.0
2025-08-01 11:08:15 AM,6606.5,8,52852.0,6127218.0
2025-08-01 11:09:29 AM,6607.0,0,0.0,6127218.0
2025-08-01 11:09:31 AM,6607.0,8,52856.0,6180074.0
2025-08-01 11:10:57 AM,6608.0,0,0.0,6180074.0
2025-08-01 11:10:57 AM,6608.0,7,46256.0,6226330.0
2025-08-01 11:11:06 AM,6607.0,0,0.0,6226330.0
2025-08-01 11:11:09 AM,6607.0,7,46249.0,6272579.0
2025-08-01 11:13:39 AM,6607.0,8,52856.0,6325435.0
2025-08-01 11:15:36 AM,6608.0,0,0.0,6325435.0
2025-08-01 11:15:37 AM,6608.0,19,125552.0,6450987.0
2025-08-01 11:16:05 AM,6618.5,0,0.0,6450987.0
2025-08-01 11:16:08 AM,6618.5,1,6618.5,6457605.5
2025-08-01 11:17:11 AM,6618.5,1,6618.5,6464224.0
2025-08-01 11:17:38 AM,6618.5,5,33092.5,6497316.5
2025-08-01 11:18:04 AM,6618.5,1,6618.5,6503935.0
2025-08-01 11:18:27 AM,6618.5,1,6618.5,6510553.5
2025-08-01 11:18:52 AM,6619.5,0,0.0,6510553.5
2025-08-01 11:18:56 AM,6619.5,1,6619.5,6517173.0
2025-08-01 11:19:05 AM,6609.5,0,0.0,6517173.0
2025-08-01 11:19:07 AM,6609.5,7,46266.5,6563439.5
2025-08-01 11:21:26 AM,6609.5,14,92533.0,6655972.5
2025-08-01 11:23:32 AM,6608.5,2,13217.0,6669189.5
2025-08-01 11:24:54 AM,6608.5,1,6608.5,6675798.0
2025-08-01 11:26:30 AM,6608.0,0,0.0,6675798.0
2025-08-01 11:26:33 AM,6608.0,1,6608.0,6682406.0
2025-08-01 11:26:48 AM,6608.0,1,6608.0,6689014.0
2025-08-01 11:26:54 AM,6608.0,6,39648.0,6728662.0
2025-08-01 11:27:20 AM,6608.0,13,85904.0,6814566.0
2025-08-01 11:27:57 AM,6616.5,0,0.0,6814566.0
2025-08-01 11:28:00 AM,6616.5,1,6616.5,6821182.5
2025-08-01 11:28:06 AM,6603.0,0,0.0,6821182.5
2025-08-01 11:28:06 AM,6603.0,12,79236.0,6900418.5
2025-08-01 11:30:11 AM,6603.0,1,6603.0,6907021.5
2025-08-01 11:30:13 AM,6602.0,0,0.0,6907021.5
2025-08-01 11:30:15 AM,6602.0,10,66020.0,6973041.5
2025-08-01 11:31:12 AM,6599.0,0,0.0,6973041.5
2025-08-01 11:31:12 AM,6599.0,104,686296.0,7659337.5
2025-08-01 11:31:19 AM,6596.0,1,6596.0,7665933.5
2025-08-01 11:31:20 AM,6599.5,0,0.0,7665933.5
2025-08-01 11:31:23 AM,6599.5,1,6599.5,7672533.0
2025-08-01 11:31:28 AM,6599.5,1,6599.5,7679132.5
2025-08-01 11:31:38 AM,6600.0,0,0.0,7679132.5
2025-08-01 11:31:38 AM,6600.0,1,6600.0,7685732.5
2025-08-01 11:31:50 AM,6599.5,0,0.0,7685732.5
2025-08-01 11:31:53 AM,6599.5,1,6599.5,7692332.0
2025-08-01 11:32:10 AM,6600.5,0,0.0,7692332.0
2025-08-01 11:32:11 AM,6600.5,15,99007.5,7791339.5
2025-08-01 11:32:26 AM,6595.0,0,0.0,7791339.5
2025-08-01 11:32:27 AM,6595.0,11,72545.0,7863884.5
2025-08-01 11:33:25 AM,6593.0,0,0.0,7863884.5
2025-08-01 11:33:27 AM,6593.0,4,26372.0,7890256.5
2025-08-01 11:34:33 AM,6590.0,9,59310.0,7949566.5
2025-08-01 11:34:59 AM,6590.0,36,237240.0,8186806.5
2025-08-01 11:35:02 AM,6578.0,0,0.0,8186806.5
2025-08-01 11:35:04 AM,6578.0,62,407836.0,8594642.5
2025-08-01 11:35:06 AM,6575.0,0,0.0,8594642.5
2025-08-01 11:35:10 AM,6575.0,1,6575.0,8601217.5
2025-08-01 11:35:15 AM,6570.0,0,0.0,8601217.5
2025-08-01 11:35:15 AM,6570.0,3,19710.0,8620927.5
2025-08-01 11:35:18 AM,6571.5,0,0.0,8620927.5
2025-08-01 11:35:21 AM,6571.5,64,420576.0,9041503.5
2025-08-01 11:36:52 AM,6576.0,0,0.0,9041503.5
2025-08-01 11:36:54 AM,6576.0,9,59184.0,9100687.5
2025-08-01 11:37:06 AM,6580.0,0,0.0,9100687.5
2025-08-01 11:37:10 AM,6580.0,18,118440.0,9219127.5
2025-08-01 11:38:29 AM,6567.0,0,0.0,9219127.5
2025-08-01 11:38:32 AM,6567.0,7,45969.0,9265096.5
2025-08-01 11:38:52 AM,6578.0,0,0.0,9265096.5
2025-08-01 11:38:52 AM,6578.0,1,6578.0,9271674.5
2025-08-01 11:39:08 AM,6578.0,10,65780.0,9337454.5
2025-08-01 11:40:08 AM,6574.0,0,0.0,9337454.5
2025-08-01 11:40:10 AM,6574.0,1,6574.0,9344028.5
2025-08-01 11:40:40 AM,6567.0,0,0.0,9344028.5
2025-08-01 11:40:41 AM,6567.0,3,19701.0,9363729.5
2025-08-01 11:40:56 AM,6567.0,1,6567.0,9370296.5
2025-08-01 11:41:01 AM,6567.0,2,13134.0,9383430.5
2025-08-01 11:41:57 AM,6567.0,3,19701.0,9403131.5
2025-08-01 11:43:00 AM,6560.0,2,13120.0,9416251.5
2025-08-01 11:43:36 AM,6560.0,1,6560.0,9422811.5
2025-08-01 11:43:44 AM,6570.5,0,0.0,9422811.5
2025-08-01 11:43:46 AM,6570.5,1,6570.5,9429382.0
2025-08-01 11:43:48 AM,6560.5,0,0.0,9429382.0
2025-08-01 11:43:51 AM,6560.5,1,6560.5,9435942.5
2025-08-01 11:44:25 AM,6560.0,0,0.0,9435942.5
2025-08-01 11:44:26 AM,6560.0,3,19680.0,9455622.5
2025-08-01 11:45:31 AM,6560.0,5,32800.0,9488422.5
2025-08-01 11:46:29 AM,6560.0,10,65600.0,9554022.5
2025-08-01 11:46:57 AM,6557.0,2,13114.0,9567136.5
2025-08-01 11:47:56 AM,6557.5,0,0.0,9567136.5
2025-08-01 11:47:57 AM,6557.5,6,39345.0,9606481.5
2025-08-01 11:48:18 AM,6557.5,1,6557.5,9613039.0
2025-08-01 11:48:26 AM,6560.0,0,0.0,9613039.0
2025-08-01 11:48:28 AM,6560.0,5,32800.0,9645839.0
2025-08-01 11:48:43 AM,6560.0,1,6560.0,9652399.0
2025-08-01 11:48:48 AM,6560.0,5,32800.0,9685199.0
2025-08-01 11:48:55 AM,6557.0,0,0.0,9685199.0
2025-08-01 11:48:58 AM,6557.0,2,13114.0,9698313.0
2025-08-01 11:49:08 AM,6555.0,12,78660.0,9776973.0
2025-08-01 11:49:14 AM,6555.0,2,13110.0,9790083.0
2025-08-01 11:49:23 AM,6571.5,0,0.0,9790083.0
2025-08-01 11:49:24 AM,6571.5,7,46000.5,9836083.5
2025-08-01 11:50:50 AM,6555.5,0,0.0,9836083.5
2025-08-01 11:50:51 AM,6555.5,8,52444.0,9888527.5
2025-08-01 11:50:53 AM,6568.0,0,0.0,9888527.5
2025-08-01 11:50:56 AM,6568.0,1,6568.0,9895095.5
2025-08-01 11:51:01 AM,6575.0,2,13150.0,9908245.5
2025-08-01 11:51:06 AM,6575.0,1,6575.0,9914820.5
2025-08-01 11:51:28 AM,6558.5,0,0.0,9914820.5
2025-08-01 11:51:30 AM,6558.5,336,2203656.0,12118476.5
2025-08-01 11:51:34 AM,6568.5,0,0.0,12118476.5
2025-08-01 11:51:36 AM,6568.5,10,65685.0,12184161.5
2025-08-01 11:52:12 AM,6567.5,0,0.0,12184161.5
2025-08-01 11:52:16 AM,6567.5,1,6567.5,12190729.0
2025-08-01 11:53:24 AM,6558.0,0,0.0,12190729.0
2025-08-01 11:53:27 AM,6558.0,10,65580.0,12256309.0
2025-08-01 11:53:57 AM,6558.0,1,6558.0,12262867.0
2025-08-01 11:55:43 AM,6567.5,0,0.0,12262867.0
2025-08-01 11:55:43 AM,6567.5,11,72242.5,12335109.5
2025-08-01 11:55:45 AM,6561.0,0,0.0,12335109.5
2025-08-01 11:55:48 AM,6561.0,11,72171.0,12407280.5
2025-08-01 11:56:39 AM,6561.0,1,6561.0,12413841.5
2025-08-01 11:57:04 AM,6555.0,0,0.0,12413841.5
2025-08-01 11:57:04 AM,6555.0,5,32775.0,12446616.5
2025-08-01 11:59:20 AM,6555.0,4,26220.0,12472836.5
2025-08-01 11:59:30 AM,6552.0,0,0.0,12472836.5
2025-08-01 11:59:30 AM,6552.0,1,6552.0,12479388.5
2025-08-01 12:01:48 PM,6552.0,16,104832.0,12584220.5
2025-08-01 12:01:55 PM,6559.0,0,0.0,12584220.5
2025-08-01 12:01:56 PM,6559.0,2,13118.0,12597338.5
2025-08-01 12:02:33 PM,6559.0,1,6559.0,12603897.5
2025-08-01 12:03:33 PM,6559.0,1,6559.0,12610456.5
2025-08-01 12:03:37 PM,6550.0,17,111350.0,12721806.5
2025-08-01 12:06:03 PM,6554.5,0,0.0,12721806.5
2025-08-01 12:06:04 PM,6554.5,1,6554.5,12728361.0
2025-08-01 12:06:42 PM,6555.5,0,0.0,12728361.0
2025-08-01 12:06:43 PM,6555.5,1,6555.5,12734916.5
2025-08-01 12:07:22 PM,6556.5,0,0.0,12734916.5
2025-08-01 12:07:23 PM,6556.5,1,6556.5,12741473.0
2025-08-01 12:08:03 PM,6556.0,0,0.0,12741473.0
2025-08-01 12:08:03 PM,6556.0,1,6556.0,12748029.0
2025-08-01 12:08:33 PM,6561.0,7,45927.0,12793956.0
2025-08-01 12:09:13 PM,6546.0,8,52368.0,12846324.0
2025-08-01 12:09:19 PM,6556.0,0,0.0,12846324.0
2025-08-01 12:09:23 PM,6556.0,1,6556.0,12852880.0
2025-08-01 12:10:19 PM,6556.0,5,32780.0,12885660.0
2025-08-01 12:10:22 PM,6555.5,0,0.0,12885660.0
2025-08-01 12:10:24 PM,6555.5,1,6555.5,12892215.5
2025-08-01 12:12:33 PM,6549.5,0,0.0,12892215.5
2025-08-01 12:12:37 PM,6549.5,8,52396.0,12944611.5
2025-08-01 12:12:48 PM,6549.0,0,0.0,12944611.5
2025-08-01 12:12:53 PM,6549.0,1,6549.0,12951160.5
2025-08-01 12:13:02 PM,6548.5,0,0.0,12951160.5
2025-08-01 12:13:03 PM,6548.5,1,6548.5,12957709.0
2025-08-01 12:13:54 PM,6542.0,0,0.0,12957709.0
2025-08-01 12:13:57 PM,6540.0,96,627840.0,13585549.0
2025-08-01 12:14:02 PM,6540.0,34,222360.0,13807909.0
2025-08-01 12:14:07 PM,6535.0,8,52280.0,13860189.0
2025-08-01 12:15:23 PM,6535.0,1,6535.0,13866724.0
2025-08-01 12:15:56 PM,6551.5,0,0.0,13866724.0
2025-08-01 12:15:59 PM,6551.5,1,6551.5,13873275.5
2025-08-01 12:16:16 PM,6544.5,0,0.0,13873275.5
2025-08-01 12:16:18 PM,6538.5,0,0.0,13873275.5
2025-08-01 12:16:19 PM,6538.5,11,71923.5,13945199.0
2025-08-01 12:16:20 PM,6535.5,0,0.0,13945199.0
2025-08-01 12:16:23 PM,6535.5,3,19606.5,13964805.5
2025-08-01 12:16:32 PM,6524.0,0,0.0,13964805.5
2025-08-01 12:16:33 PM,6524.0,61,397964.0,14362769.5
2025-08-01 12:16:40 PM,6520.0,0,0.0,14362769.5
2025-08-01 12:16:43 PM,6520.0,10,65200.0,14427969.5
2025-08-01 12:16:48 PM,6520.0,10,65200.0,14493169.5
2025-08-01 12:18:26 PM,6539.0,0,0.0,14493169.5
2025-08-01 12:18:29 PM,6539.0,7,45773.0,14538942.5
2025-08-01 12:19:50 PM,6539.0,5,32695.0,14571637.5
2025-08-01 12:20:29 PM,6528.5,0,0.0,14571637.5
2025-08-01 12:20:32 PM,6528.5,1,6528.5,14578166.0
2025-08-01 12:20:43 PM,6528.5,1,6528.5,14584694.5
2025-08-01 12:21:04 PM,6536.5,0,0.0,14584694.5
2025-08-01 12:21:08 PM,6536.5,1,6536.5,14591231.0
2025-08-01 12:21:26 PM,6535.0,0,0.0,14591231.0
2025-08-01 12:21:27 PM,6535.0,1,6535.0,14597766.0
2025-08-01 12:21:30 PM,6523.5,0,0.0,14597766.0
2025-08-01 12:21:32 PM,6523.5,1,6523.5,14604289.5
2025-08-01 12:27:18 PM,6525.0,0,0.0,14604289.5
2025-08-01 12:27:18 PM,6525.0,7,45675.0,14649964.5
2025-08-01 12:27:21 PM,6534.0,0,0.0,14649964.5
2025-08-01 12:27:23 PM,6534.0,1,6534.0,14656498.5
2025-08-01 12:27:28 PM,6534.0,1,6534.0,14663032.5
2025-08-01 12:28:27 PM,6533.5,0,0.0,14663032.5
2025-08-01 12:28:28 PM,6533.5,3,19600.5,14682633.0
2025-08-01 12:28:48 PM,6520.0,35,228200.0,14910833.0
2025-08-01 12:28:52 PM,6533.0,0,0.0,14910833.0
2025-08-01 12:28:53 PM,6533.0,4,26132.0,14936965.0
2025-08-01 12:29:00 PM,6533.5,0,0.0,14936965.0
2025-08-01 12:29:01 PM,6533.5,1,6533.5,14943498.5
2025-08-01 12:29:30 PM,6536.5,13,84974.5,15028473.0
2025-08-01 12:30:00 PM,6521.5,0,0.0,15028473.0
2025-08-01 12:30:00 PM,6521.5,27,176080.5,15204553.5
2025-08-01 12:31:50 PM,6542.5,2,13085.0,15217638.5
2025-08-01 12:35:30 PM,6522.0,0,0.0,15217638.5
2025-08-01 12:35:34 PM,6522.0,4,26088.0,15243726.5
2025-08-01 12:36:21 PM,6524.0,0,0.0,15243726.5
2025-08-01 12:36:21 PM,6524.0,1,6524.0,15250250.5
2025-08-01 12:37:27 PM,6536.0,1,6536.0,15256786.5
2025-08-01 12:38:02 PM,6535.5,0,0.0,15256786.5
2025-08-01 12:38:03 PM,6535.5,1,6535.5,15263322.0
2025-08-01 12:39:35 PM,6535.5,5,32677.5,15295999.5
2025-08-01 12:40:34 PM,6533.0,0,0.0,15295999.5
2025-08-01 12:40:37 PM,6533.0,6,39198.0,15335197.5
2025-08-01 12:41:52 PM,6527.0,0,0.0,15335197.5
2025-08-01 12:41:55 PM,6527.0,6,39162.0,15374359.5
2025-08-01 12:43:30 PM,6527.5,3,19582.5,15393942.0
2025-08-01 12:43:41 PM,6527.5,1,6527.5,15400469.5
2025-08-01 12:44:24 PM,6527.5,1,6527.5,15406997.0
2025-08-01 12:44:56 PM,6535.5,0,0.0,15406997.0
2025-08-01 12:45:00 PM,6535.5,26,169923.0,15576920.0
2025-08-01 12:45:07 PM,6544.0,0,0.0,15576920.0
2025-08-01 12:45:11 PM,6544.0,1,6544.0,15583464.0
2025-08-01 12:45:54 PM,6543.5,0,0.0,15583464.0
2025-08-01 12:45:57 PM,6543.5,1,6543.5,15590007.5
2025-08-01 12:46:29 PM,6544.0,0,0.0,15590007.5
2025-08-01 12:46:32 PM,6544.0,1,6544.0,15596551.5
2025-08-01 12:46:51 PM,6531.0,0,0.0,15596551.5
2025-08-01 12:46:53 PM,6531.0,12,78372.0,15674923.5
2025-08-01 12:47:18 PM,6539.5,1,6539.5,15681463.0
2025-08-01 12:47:34 PM,6532.5,7,45727.5,15727190.5
2025-08-01 12:47:36 PM,6538.5,0,0.0,15727190.5
2025-08-01 12:47:38 PM,6538.5,1,6538.5,15733729.0
2025-08-01 12:47:48 PM,6540.0,0,0.0,15733729.0
2025-08-01 12:47:49 PM,6540.0,2,13080.0,15746809.0
2025-08-01 12:47:54 PM,6551.5,1,6551.5,15753360.5
2025-08-01 12:48:00 PM,6554.0,0,0.0,15753360.5
2025-08-01 12:48:03 PM,6554.0,1,6554.0,15759914.5
2025-08-01 12:48:40 PM,6553.5,1,6553.5,15766468.0
2025-08-01 12:49:08 PM,6554.0,1,6554.0,15773022.0
2025-08-01 12:49:44 PM,6554.5,0,0.0,15773022.0
2025-08-01 12:49:47 PM,6554.5,1,6554.5,15779576.5
2025-08-01 12:50:30 PM,6555.0,1,6555.0,15786131.5
2025-08-01 12:50:45 PM,6550.0,1,6550.0,15792681.5
2025-08-01 12:50:58 PM,6547.0,0,0.0,15792681.5
2025-08-01 12:51:00 PM,6547.0,6,39282.0,15831963.5
2025-08-01 12:53:10 PM,6547.0,3,19641.0,15851604.5
2025-08-01 12:54:51 PM,6545.5,0,0.0,15851604.5
2025-08-01 12:54:51 PM,6545.5,1,6545.5,15858150.0
2025-08-01 12:54:53 PM,6555.0,0,0.0,15858150.0
2025-08-01 12:54:57 PM,6555.0,1,6555.0,15864705.0
2025-08-01 12:56:13 PM,6558.5,2,13117.0,15877822.0
2025-08-01 12:57:38 PM,6546.0,0,0.0,15877822.0
2025-08-01 12:57:39 PM,6546.0,7,45822.0,15923644.0
2025-08-01 12:58:59 PM,6557.5,1,6557.5,15930201.5
2025-08-01 12:59:24 PM,6558.5,1,6558.5,15936760.0
2025-08-01 12:59:29 PM,6550.5,3,19651.5,15956411.5
2025-08-01 01:00:37 PM,6550.0,0,0.0,15956411.5
2025-08-01 01:00:37 PM,6550.0,1,6550.0,15962961.5
2025-08-01 01:02:29 PM,6545.0,0,0.0,15962961.5
2025-08-01 01:02:29 PM,6545.0,3,19635.0,15982596.5
2025-08-01 01:04:29 PM,6540.5,0,0.0,15982596.5
2025-08-01 01:04:32 PM,6540.5,1,6540.5,15989137.0
2025-08-01 01:04:40 PM,6549.0,0,0.0,15989137.0
2025-08-01 01:04:42 PM,6549.0,1,6549.0,15995686.0
2025-08-01 01:06:55 PM,6570.5,0,0.0,15995686.0
2025-08-01 01:06:55 PM,6570.5,50,328525.0,16324211.0
2025-08-01 01:08:09 PM,6565.0,0,0.0,16324211.0
2025-08-01 01:08:11 PM,6565.0,8,52520.0,16376731.0
2025-08-01 01:08:56 PM,6570.0,0,0.0,16376731.0
2025-08-01 01:08:58 PM,6570.0,1,6570.0,16383301.0
2025-08-01 01:09:36 PM,6569.5,1,6569.5,16389870.5
2025-08-01 01:09:59 PM,6565.0,0,0.0,16389870.5
2025-08-01 01:09:59 PM,6565.0,16,105040.0,16494910.5
2025-08-01 01:11:50 PM,6560.0,0,0.0,16494910.5
2025-08-01 01:11:52 PM,6560.0,2,13120.0,16508030.5
2025-08-01 01:14:01 PM,6551.5,1,6551.5,16514582.0
2025-08-01 01:14:23 PM,6565.5,0,0.0,16514582.0
2025-08-01 01:14:24 PM,6565.5,1,6565.5,16521147.5
2025-08-01 01:14:40 PM,6573.5,0,0.0,16521147.5
2025-08-01 01:14:43 PM,6573.5,1,6573.5,16527721.0
2025-08-01 01:17:12 PM,6557.0,0,0.0,16527721.0
2025-08-01 01:17:14 PM,6557.0,6,39342.0,16567063.0
2025-08-01 01:18:21 PM,6560.5,4,26242.0,16593305.0
2025-08-01 01:20:53 PM,6572.5,0,0.0,16593305.0
2025-08-01 01:20:55 PM,6572.5,1,6572.5,16599877.5
2025-08-01 01:20:58 PM,6573.5,0,0.0,16599877.5
2025-08-01 01:21:00 PM,6573.5,1,6573.5,16606451.0
2025-08-01 01:21:06 PM,6561.0,0,0.0,16606451.0
2025-08-01 01:21:10 PM,6561.0,4,26244.0,16632695.0
2025-08-01 01:21:25 PM,6561.0,1,6561.0,16639256.0
2025-08-01 01:24:02 PM,6574.0,0,0.0,16639256.0
2025-08-01 01:24:06 PM,6574.0,1,6574.0,16645830.0
2025-08-01 01:24:51 PM,6577.0,0,0.0,16645830.0
2025-08-01 01:24:53 PM,6577.0,1,6577.0,16652407.0
2025-08-01 01:25:11 PM,6563.0,0,0.0,16652407.0
2025-08-01 01:25:14 PM,6563.0,6,39378.0,16691785.0
2025-08-01 01:29:26 PM,6576.0,0,0.0,16691785.0
2025-08-01 01:29:26 PM,6576.0,2,13152.0,16704937.0
2025-08-01 01:30:50 PM,6564.0,0,0.0,16704937.0
2025-08-01 01:30:53 PM,6564.0,5,32820.0,16737757.0
2025-08-01 01:33:41 PM,6564.0,1,6564.0,16744321.0
2025-08-01 01:34:06 PM,6564.0,1,6564.0,16750885.0
2025-08-01 01:37:03 PM,6563.5,1,6563.5,16757448.5
2025-08-01 01:37:07 PM,6560.0,0,0.0,16757448.5
2025-08-01 01:37:09 PM,6560.0,2,13120.0,16770568.5
2025-08-01 01:38:52 PM,6560.0,1,6560.0,16777128.5
2025-08-01 01:39:11 PM,6556.5,0,0.0,16777128.5
2025-08-01 01:39:14 PM,6556.5,6,39339.0,16816467.5
2025-08-01 01:40:20 PM,6556.5,3,19669.5,16836137.0
2025-08-01 01:40:59 PM,6563.5,0,0.0,16836137.0
2025-08-01 01:41:00 PM,6563.5,1,6563.5,16842700.5
2025-08-01 01:42:26 PM,6556.0,0,0.0,16842700.5
2025-08-01 01:42:28 PM,6556.0,10,65560.0,16908260.5
2025-08-01 01:42:48 PM,6556.0,1,6556.0,16914816.5
2025-08-01 01:45:22 PM,6564.0,1,6564.0,16921380.5
2025-08-01 01:46:28 PM,6555.5,0,0.0,16921380.5
2025-08-01 01:46:31 PM,6555.5,3,19666.5,16941047.0
2025-08-01 01:47:07 PM,6555.5,1,6555.5,16947602.5
2025-08-01 01:48:51 PM,6555.5,5,32777.5,16980380.0
2025-08-01 01:49:06 PM,6555.5,1,6555.5,16986935.5
2025-08-01 01:49:46 PM,6555.0,0,0.0,16986935.5
2025-08-01 01:49:49 PM,6555.0,26,170430.0,17157365.5
2025-08-01 01:50:26 PM,6562.0,0,0.0,17157365.5
2025-08-01 01:50:28 PM,6562.0,1,6562.0,17163927.5
2025-08-01 01:51:41 PM,6552.5,2,13105.0,17177032.5
2025-08-01 01:51:57 PM,6552.0,0,0.0,17177032.5
2025-08-01 01:52:01 PM,6552.0,1,6552.0,17183584.5
2025-08-01 01:55:01 PM,6552.5,0,0.0,17183584.5
2025-08-01 01:55:03 PM,6552.5,1,6552.5,17190137.0
2025-08-01 01:55:08 PM,6552.5,2,13105.0,17203242.0
2025-08-01 01:55:53 PM,6561.0,0,0.0,17203242.0
2025-08-01 01:55:53 PM,6561.0,3,19683.0,17222925.0
2025-08-01 01:56:51 PM,6550.5,0,0.0,17222925.0
2025-08-01 01:56:53 PM,6550.5,5,32752.5,17255677.5
2025-08-01 01:59:34 PM,6550.0,0,0.0,17255677.5
2025-08-01 01:59:37 PM,6550.0,8,52400.0,17308077.5
2025-08-01 02:01:01 PM,6561.5,1,6561.5,17314639.0
2025-08-01 02:03:56 PM,6555.0,0,0.0,17314639.0
2025-08-01 02:03:59 PM,6555.0,1,6555.0,17321194.0
2025-08-01 02:06:06 PM,6550.5,0,0.0,17321194.0
2025-08-01 02:06:09 PM,6550.5,1,6550.5,17327744.5
2025-08-01 02:06:17 PM,6550.0,0,0.0,17327744.5
2025-08-01 02:06:20 PM,6550.0,1,6550.0,17334294.5
2025-08-01 02:07:20 PM,6560.0,0,0.0,17334294.5
2025-08-01 02:07:21 PM,6560.0,7,45920.0,17380214.5
2025-08-01 02:08:28 PM,6539.5,50,326975.0,17707189.5
2025-08-01 02:08:44 PM,6540.0,78,510120.0,18217309.5
2025-08-01 02:08:49 PM,6540.0,1,6540.0,18223849.5
2025-08-01 02:10:22 PM,6541.5,0,0.0,18223849.5
2025-08-01 02:10:24 PM,6541.5,1,6541.5,18230391.0
2025-08-01 02:10:52 PM,6553.5,0,0.0,18230391.0
2025-08-01 02:10:55 PM,6553.5,20,131070.0,18361461.0
2025-08-01 02:13:16 PM,6549.0,2,13098.0,18374559.0
2025-08-01 02:13:57 PM,6531.5,0,0.0,18374559.0
2025-08-01 02:13:58 PM,6531.5,8,52252.0,18426811.0
2025-08-01 02:14:11 PM,6550.5,0,0.0,18426811.0
2025-08-01 02:14:12 PM,6550.5,1,6550.5,18433361.5
2025-08-01 02:14:30 PM,6555.0,0,0.0,18433361.5
2025-08-01 02:14:30 PM,6555.0,1,6555.0,18439916.5
2025-08-01 02:15:24 PM,6553.0,0,0.0,18439916.5
2025-08-01 02:15:24 PM,6553.0,1,6553.0,18446469.5
2025-08-01 02:15:29 PM,6561.0,7,45927.0,18492396.5
2025-08-01 02:15:34 PM,6564.0,7,45948.0,18538344.5
2025-08-01 02:16:07 PM,6563.5,0,0.0,18538344.5
2025-08-01 02:16:09 PM,6563.5,1,6563.5,18544908.0
2025-08-01 02:16:23 PM,6561.5,0,0.0,18544908.0
2025-08-01 02:16:24 PM,6561.5,11,72176.5,18617084.5
2025-08-01 02:16:53 PM,6562.0,1,6562.0,18623646.5
2025-08-01 02:17:18 PM,6542.5,0,0.0,18623646.5
2025-08-01 02:17:19 PM,6542.5,1,6542.5,18630189.0
2025-08-01 02:17:22 PM,6562.5,0,0.0,18630189.0
2025-08-01 02:17:24 PM,6562.5,1,6562.5,18636751.5
2025-08-01 02:18:13 PM,6563.5,0,0.0,18636751.5
2025-08-01 02:18:15 PM,6563.5,1,6563.5,18643315.0
2025-08-01 02:18:41 PM,6563.5,1,6563.5,18649878.5
2025-08-01 02:18:47 PM,6544.0,0,0.0,18649878.5
2025-08-01 02:18:51 PM,6544.0,6,39264.0,18689142.5
2025-08-01 02:22:05 PM,6564.0,0,0.0,18689142.5
2025-08-01 02:22:08 PM,6564.0,10,65640.0,18754782.5
2025-08-01 02:22:46 PM,6561.0,1,6561.0,18761343.5
2025-08-01 02:24:00 PM,6561.0,10,65610.0,18826953.5
2025-08-01 02:24:11 PM,6560.5,1,6560.5,18833514.0
2025-08-01 02:24:15 PM,6546.0,0,0.0,18833514.0
2025-08-01 02:24:16 PM,6546.0,12,78552.0,18912066.0
2025-08-01 02:25:06 PM,6535.5,0,0.0,18912066.0
2025-08-01 02:25:09 PM,6535.5,1,6535.5,18918601.5
2025-08-01 02:26:15 PM,6548.0,0,0.0,18918601.5
2025-08-01 02:26:19 PM,6548.0,1,6548.0,18925149.5
2025-08-01 02:27:00 PM,6548.0,3,19644.0,18944793.5
2025-08-01 02:27:25 PM,6558.5,0,0.0,18944793.5
2025-08-01 02:27:28 PM,6558.5,1,6558.5,18951352.0
2025-08-01 02:27:39 PM,6480.5,780,5054790.0,24006142.0
2025-08-01 02:27:41 PM,6456.0,0,0.0,24006142.0
2025-08-01 02:27:43 PM,6493.5,0,0.0,24006142.0
2025-08-01 02:27:44 PM,6493.5,29,188311.5,24194453.5
2025-08-01 02:28:11 PM,6493.5,1,6493.5,24200947.0
2025-08-01 02:28:14 PM,6482.0,0,0.0,24200947.0
2025-08-01 02:28:17 PM,6482.0,10,64820.0,24265767.0
2025-08-01 02:28:23 PM,6486.5,0,0.0,24265767.0
2025-08-01 02:28:27 PM,6486.5,1,6486.5,24272253.5
2025-08-01 02:28:44 PM,6482.0,1,6482.0,24278735.5
2025-08-01 02:29:23 PM,6482.0,12,77784.0,24356519.5
2025-08-01 02:29:34 PM,6480.5,0,0.0,24356519.5
2025-08-01 02:29:35 PM,6480.5,1,6480.5,24363000.0
2025-08-01 02:29:44 PM,6494.0,0,0.0,24363000.0
2025-08-01 02:29:45 PM,6494.0,25,162350.0,24525350.0
2025-08-01 02:29:49 PM,6470.0,0,0.0,24525350.0
2025-08-01 02:29:50 PM,6470.0,7,45290.0,24570640.0
2025-08-01 02:29:52 PM,6461.0,23,148603.0,24719243.0
2025-08-01 02:29:53 PM,6471.0,0,0.0,24719243.0
2025-08-01 02:29:53 PM,6461.0,0,0.0,24719243.0
2025-08-01 02:29:56 PM,6461.0,4,25844.0,24745087.0
2025-08-01 02:29:58 PM,6469.0,0,0.0,24745087.0
2025-08-01 02:30:01 PM,6461.0,18,116298.0,24861385.0
2025-08-01 02:30:18 PM,6478.5,0,0.0,24861385.0
2025-08-01 02:30:19 PM,6478.5,3,19435.5,24880820.5
2025-08-01 02:31:00 PM,6481.0,0,0.0,24880820.5
2025-08-01 02:31:01 PM,6481.0,8,51848.0,24932668.5
2025-08-01 02:32:12 PM,6492.0,1,6492.0,24939160.5
2025-08-01 02:32:39 PM,6476.0,1,6476.0,24945636.5
2025-08-01 02:33:39 PM,6496.0,2,12992.0,24958628.5
2025-08-01 02:33:59 PM,6499.5,0,0.0,24958628.5
2025-08-01 02:34:01 PM,6499.5,3,19498.5,24978127.0
2025-08-01 02:34:12 PM,6497.5,1,6497.5,24984624.5
2025-08-01 02:34:26 PM,6497.5,1,6497.5,24991122.0
2025-08-01 02:34:34 PM,6497.5,2,12995.0,25004117.0
2025-08-01 02:38:13 PM,6497.5,1,6497.5,25010614.5
2025-08-01 02:38:34 PM,6497.5,1,6497.5,25017112.0
2025-08-01 02:38:43 PM,6479.5,0,0.0,25017112.0
2025-08-01 02:38:45 PM,6479.5,4,25918.0,25043030.0
2025-08-01 02:39:47 PM,6497.5,0,0.0,25043030.0
2025-08-01 02:39:48 PM,6482.0,5,32410.0,25075440.0
2025-08-01 02:40:07 PM,6497.0,0,0.0,25075440.0
2025-08-01 02:40:11 PM,6497.0,1,6497.0,25081937.0
2025-08-01 02:40:31 PM,6493.5,0,0.0,25081937.0
2025-08-01 02:40:33 PM,6493.5,1,6493.5,25088430.5
2025-08-01 02:40:38 PM,6495.0,1,6495.0,25094925.5
2025-08-01 02:42:16 PM,6490.0,1,6490.0,25101415.5
2025-08-01 02:42:52 PM,6482.5,0,0.0,25101415.5
2025-08-01 02:42:52 PM,6482.5,1,6482.5,25107898.0
2025-08-01 02:42:57 PM,6475.0,0,0.0,25107898.0
2025-08-01 02:42:57 PM,6475.0,5,32375.0,25140273.0
2025-08-01 02:43:25 PM,6475.0,7,45325.0,25185598.0
2025-08-01 02:44:02 PM,6483.5,0,0.0,25185598.0
2025-08-01 02:44:03 PM,6483.5,1,6483.5,25192081.5
2025-08-01 02:44:05 PM,6485.0,0,0.0,25192081.5
2025-08-01 02:44:09 PM,6485.0,2,12970.0,25205051.5
2025-08-01 02:44:29 PM,6484.5,0,0.0,25205051.5
2025-08-01 02:44:31 PM,6484.5,1,6484.5,25211536.0
2025-08-01 02:44:44 PM,6474.5,0,0.0,25211536.0
2025-08-01 02:44:48 PM,6474.5,2,12949.0,25224485.0
2025-08-01 02:44:56 PM,6480.5,0,0.0,25224485.0
2025-08-01 02:44:59 PM,6480.5,2,12961.0,25237446.0
2025-08-01 02:45:08 PM,6472.5,0,0.0,25237446.0
2025-08-01 02:45:11 PM,6472.5,1,6472.5,25243918.5
2025-08-01 02:45:55 PM,6489.0,10,64890.0,25308808.5
2025-08-01 02:45:59 PM,6491.0,0,0.0,25308808.5
2025-08-01 02:46:00 PM,6491.0,8,51928.0,25360736.5
2025-08-01 02:46:09 PM,6497.0,0,0.0,25360736.5
2025-08-01 02:46:12 PM,6497.0,1,6497.0,25367233.5
2025-08-01 02:46:18 PM,6497.0,2,12994.0,25380227.5
2025-08-01 02:46:30 PM,6485.0,7,45395.0,25425622.5
2025-08-01 02:46:40 PM,6498.0,0,0.0,25425622.5
2025-08-01 02:46:40 PM,6498.0,4,25992.0,25451614.5
2025-08-01 02:47:10 PM,6497.0,0,0.0,25451614.5
2025-08-01 02:47:14 PM,6497.0,1,6497.0,25458111.5
2025-08-01 02:47:25 PM,6496.5,1,6496.5,25464608.0
2025-08-01 02:47:41 PM,6496.0,0,0.0,25464608.0
2025-08-01 02:47:42 PM,6496.0,1,6496.0,25471104.0
2025-08-01 02:47:47 PM,6495.5,1,6495.5,25477599.5
2025-08-01 02:47:53 PM,6495.5,2,12991.0,25490590.5
2025-08-01 02:48:03 PM,6494.5,0,0.0,25490590.5
2025-08-01 02:48:05 PM,6494.5,1,6494.5,25497085.0
2025-08-01 02:48:17 PM,6494.5,2,12989.0,25510074.0
2025-08-01 02:48:27 PM,6494.0,0,0.0,25510074.0
2025-08-01 02:48:28 PM,6494.0,11,71434.0,25581508.0
2025-08-01 02:48:54 PM,6496.0,0,0.0,25581508.0
2025-08-01 02:48:55 PM,6496.0,8,51968.0,25633476.0
2025-08-01 02:48:57 PM,6497.5,0,0.0,25633476.0
2025-08-01 02:49:01 PM,6495.5,61,396225.5,26029701.5
2025-08-01 02:49:07 PM,6497.5,2,12995.0,26042696.5
2025-08-01 02:49:18 PM,6497.5,4,25990.0,26068686.5
2025-08-01 02:49:44 PM,6498.0,0,0.0,26068686.5
2025-08-01 02:49:45 PM,6498.0,2,12996.0,26081682.5
2025-08-01 02:50:02 PM,6498.0,2,12996.0,26094678.5
2025-08-01 02:50:51 PM,6498.0,2,12996.0,26107674.5
2025-08-01 02:51:34 PM,6498.0,3,19494.0,26127168.5
2025-08-01 02:51:39 PM,6500.0,0,0.0,26127168.5
2025-08-01 02:51:40 PM,6500.0,1,6500.0,26133668.5
2025-08-01 02:54:33 PM,6477.5,0,0.0,26133668.5
2025-08-01 02:54:33 PM,6477.5,10,64775.0,26198443.5
2025-08-01 02:54:41 PM,6498.5,2,12997.0,26211440.5
2025-08-01 02:54:46 PM,6498.5,3,19495.5,26230936.0
2025-08-01 02:55:12 PM,6474.5,6,38847.0,26269783.0
2025-08-01 02:55:15 PM,6498.5,0,0.0,26269783.0
2025-08-01 02:55:15 PM,6498.5,2,12997.0,26282780.0
2025-08-01 02:55:58 PM,6497.5,5,32487.5,26315267.5
2025-08-01 02:59:20 PM,6497.5,1,6497.5,26321765.0
2025-08-01 02:59:26 PM,6498.5,0,0.0,26321765.0
2025-08-01 02:59:26 PM,6498.5,7,45489.5,26367254.5
2025-08-01 03:00:01 PM,6500.0,0,0.0,26367254.5
2025-08-01 03:00:05 PM,6500.0,2,13000.0,26380254.5
2025-08-01 03:00:29 PM,6471.0,17,110007.0,26490261.5
2025-08-01 03:02:24 PM,6485.0,1,6485.0,26496746.5
2025-08-01 03:02:36 PM,6475.0,6,38850.0,26535596.5
2025-08-01 03:02:45 PM,6475.0,3,19425.0,26555021.5
2025-08-01 03:03:01 PM,6489.5,0,0.0,26555021.5
2025-08-01 03:03:04 PM,6489.5,1,6489.5,26561511.0
2025-08-01 03:05:37 PM,6471.0,0,0.0,26561511.0
2025-08-01 03:05:38 PM,6471.0,9,58239.0,26619750.0
2025-08-01 03:05:41 PM,6467.0,9,58203.0,26677953.0
2025-08-01 03:05:44 PM,6471.0,0,0.0,26677953.0
2025-08-01 03:05:45 PM,6471.0,5,32355.0,26710308.0
2025-08-01 03:06:23 PM,6465.0,0,0.0,26710308.0
2025-08-01 03:06:24 PM,6465.0,1,6465.0,26716773.0
2025-08-01 03:06:30 PM,6482.5,0,0.0,26716773.0
2025-08-01 03:06:30 PM,6482.5,1,6482.5,26723255.5
2025-08-01 03:06:58 PM,6483.0,0,0.0,26723255.5
2025-08-01 03:06:59 PM,6483.0,2,12966.0,26736221.5
2025-08-01 03:07:32 PM,6483.5,0,0.0,26736221.5
2025-08-01 03:07:33 PM,6483.5,4,25934.0,26762155.5
2025-08-01 03:07:51 PM,6486.0,1,6486.0,26768641.5
2025-08-01 03:08:42 PM,6485.0,0,0.0,26768641.5
2025-08-01 03:08:44 PM,6485.0,3,19455.0,26788096.5
2025-08-01 03:09:12 PM,6486.0,1,6486.0,26794582.5
2025-08-01 03:09:28 PM,6467.5,21,135817.5,26930400.0
2025-08-01 03:09:37 PM,6482.0,4,25928.0,26956328.0
2025-08-01 03:10:22 PM,6473.5,0,0.0,26956328.0
2025-08-01 03:10:24 PM,6473.5,5,32367.5,26988695.5
2025-08-01 03:10:31 PM,6473.5,1,6473.5,26995169.0
2025-08-01 03:10:57 PM,6473.5,3,19420.5,27014589.5
2025-08-01 03:11:02 PM,6470.0,0,0.0,27014589.5
2025-08-01 03:11:03 PM,6470.0,1,6470.0,27021059.5
2025-08-01 03:11:35 PM,6470.0,5,32350.0,27053409.5
2025-08-01 03:11:50 PM,6465.0,10,64650.0,27118059.5
2025-08-01 03:11:52 PM,6460.0,0,0.0,27118059.5
2025-08-01 03:11:54 PM,6460.0,52,335920.0,27453979.5
2025-08-01 03:12:00 PM,6469.5,0,0.0,27453979.5
2025-08-01 03:12:01 PM,6469.5,5,32347.5,27486327.0
2025-08-01 03:12:49 PM,6469.0,0,0.0,27486327.0
2025-08-01 03:12:49 PM,6469.0,1,6469.0,27492796.0
2025-08-01 03:12:56 PM,6469.5,2,12939.0,27505735.0
2025-08-01 03:13:13 PM,6470.0,1,6470.0,27512205.0
2025-08-01 03:13:28 PM,6470.0,7,45290.0,27557495.0
2025-08-01 03:13:46 PM,6470.0,3,19410.0,27576905.0
2025-08-01 03:14:03 PM,6459.5,0,0.0,27576905.0
2025-08-01 03:14:04 PM,6459.5,2,12919.0,27589824.0
2025-08-01 03:14:18 PM,6470.0,0,0.0,27589824.0
2025-08-01 03:14:19 PM,6470.0,1,6470.0,27596294.0
2025-08-01 03:14:29 PM,6469.5,3,19408.5,27615702.5
2025-08-01 03:14:34 PM,6460.5,0,0.0,27615702.5
2025-08-01 03:14:35 PM,6460.5,8,51684.0,27667386.5
2025-08-01 03:14:43 PM,6470.0,0,0.0,27667386.5
2025-08-01 03:14:43 PM,6470.0,2,12940.0,27680326.5
2025-08-01 03:15:14 PM,6470.0,3,19410.0,27699736.5
2025-08-01 03:15:28 PM,6461.5,0,0.0,27699736.5
2025-08-01 03:15:28 PM,6461.5,3,19384.5,27719121.0
2025-08-01 03:15:46 PM,6443.0,252,1623636.0,29342757.0
2025-08-01 03:15:48 PM,6425.5,0,0.0,29342757.0
2025-08-01 03:15:51 PM,6436.0,63,405468.0,29748225.0
2025-08-01 03:15:53 PM,6437.0,1,6437.0,29754662.0
2025-08-01 03:15:57 PM,6430.5,0,0.0,29754662.0
2025-08-01 03:15:58 PM,6430.5,16,102888.0,29857550.0
2025-08-01 03:16:12 PM,6440.5,2,12881.0,29870431.0
2025-08-01 03:16:46 PM,6440.5,1,6440.5,29876871.5
2025-08-01 03:16:53 PM,6441.0,1,6441.0,29883312.5
2025-08-01 03:16:58 PM,6442.5,0,0.0,29883312.5
2025-08-01 03:16:59 PM,6442.5,1,6442.5,29889755.0
2025-08-01 03:17:01 PM,6433.0,10,64330.0,29954085.0
2025-08-01 03:17:03 PM,6432.5,1,6432.5,29960517.5
2025-08-01 03:17:14 PM,6440.5,0,0.0,29960517.5
2025-08-01 03:17:14 PM,6440.5,1,6440.5,29966958.0
2025-08-01 03:17:22 PM,6434.0,5,32170.0,29999128.0
2025-08-01 03:17:31 PM,6440.5,4,25762.0,30024890.0
2025-08-01 03:17:37 PM,6443.0,0,0.0,30024890.0
2025-08-01 03:17:38 PM,6443.0,9,57987.0,30082877.0
2025-08-01 03:17:48 PM,6442.5,2,12885.0,30095762.0
2025-08-01 03:18:05 PM,6445.5,0,0.0,30095762.0
2025-08-01 03:18:05 PM,6445.5,6,38673.0,30134435.0
2025-08-01 03:18:07 PM,6445.5,54,348057.0,30482492.0
2025-08-01 03:18:30 PM,6448.0,0,0.0,30482492.0
2025-08-01 03:18:32 PM,6448.0,5,32240.0,30514732.0
2025-08-01 03:18:38 PM,6449.0,0,0.0,30514732.0
2025-08-01 03:18:38 PM,6449.0,1,6449.0,30521181.0
2025-08-01 03:18:45 PM,6449.0,7,45143.0,30566324.0
2025-08-01 03:18:46 PM,6448.0,5,32240.0,30598564.0
2025-08-01 03:18:48 PM,6449.5,0,0.0,30598564.0
2025-08-01 03:18:51 PM,6450.0,14,90300.0,30688864.0
2025-08-01 03:18:53 PM,6450.0,7,45150.0,30734014.0
2025-08-01 03:19:04 PM,6440.0,49,315560.0,31049574.0
2025-08-01 03:19:18 PM,6399.5,971,6213914.5,37263488.5
2025-08-01 03:19:21 PM,6383.0,0,0.0,37263488.5
2025-08-01 03:19:25 PM,6410.0,135,865350.0,38128838.5
2025-08-01 03:19:31 PM,6415.0,0,0.0,38128838.5
2025-08-01 03:19:31 PM,6415.0,2,12830.0,38141668.5
2025-08-01 03:19:50 PM,6415.0,2,12830.0,38154498.5
2025-08-01 03:19:55 PM,6428.0,0,0.0,38154498.5
2025-08-01 03:19:57 PM,6428.0,2,12856.0,38167354.5
2025-08-01 03:19:59 PM,6428.0,1,6428.0,38173782.5
2025-08-01 03:20:28 PM,6397.5,52,332670.0,38506452.5
2025-08-01 03:20:32 PM,6403.0,0,0.0,38506452.5
2025-08-01 03:20:33 PM,6403.0,3,19209.0,38525661.5
2025-08-01 03:20:40 PM,6402.5,10,64025.0,38589686.5
2025-08-01 03:20:44 PM,6400.0,0,0.0,38589686.5
2025-08-01 03:20:47 PM,6399.5,23,147188.5,38736875.0
2025-08-01 03:20:49 PM,6399.5,8,51196.0,38788071.0
2025-08-01 03:20:53 PM,6400.0,26,166400.0,38954471.0
2025-08-01 03:20:56 PM,6404.0,34,217736.0,39172207.0
2025-08-01 03:21:04 PM,6408.0,0,0.0,39172207.0
2025-08-01 03:21:07 PM,6399.5,12,76794.0,39249001.0
2025-08-01 03:21:17 PM,6402.0,9,57618.0,39306619.0
2025-08-01 03:21:21 PM,6399.5,3,19198.5,39325817.5
2025-08-01 03:21:35 PM,6406.0,2,12812.0,39338629.5
2025-08-01 03:21:42 PM,6407.0,0,0.0,39338629.5
2025-08-01 03:21:43 PM,6407.0,2,12814.0,39351443.5
2025-08-01 03:22:00 PM,6402.5,0,0.0,39351443.5
2025-08-01 03:22:01 PM,6402.5,4,25610.0,39377053.5
2025-08-01 03:22:08 PM,6415.0,10,64150.0,39441203.5
2025-08-01 03:22:15 PM,6415.0,10,64150.0,39505353.5
2025-08-01 03:22:17 PM,6415.0,10,64150.0,39569503.5
2025-08-01 03:22:37 PM,6415.5,7,44908.5,39614412.0
2025-08-01 03:22:40 PM,6412.5,0,0.0,39614412.0
2025-08-01 03:22:42 PM,6412.5,6,38475.0,39652887.0
2025-08-01 03:22:49 PM,6412.5,1,6412.5,39659299.5
2025-08-01 03:22:55 PM,6414.0,2,12828.0,39672127.5
2025-08-01 03:23:02 PM,6412.0,9,57708.0,39729835.5
2025-08-01 03:23:08 PM,6419.5,0,0.0,39729835.5
2025-08-01 03:23:08 PM,6419.5,3,19258.5,39749094.0
2025-08-01 03:23:22 PM,6428.0,21,134988.0,39884082.0
2025-08-01 03:23:24 PM,6428.0,2,12856.0,39896938.0
2025-08-01 03:23:35 PM,6413.0,1,6413.0,39903351.0
2025-08-01 03:23:42 PM,6427.5,2,12855.0,39916206.0
2025-08-01 03:23:47 PM,6413.5,0,0.0,39916206.0
2025-08-01 03:23:48 PM,6413.5,6,38481.0,39954687.0
2025-08-01 03:23:57 PM,6427.0,0,0.0,39954687.0
2025-08-01 03:24:01 PM,6427.0,1,6427.0,39961114.0
2025-08-01 03:24:08 PM,6413.0,0,0.0,39961114.0
2025-08-01 03:24:08 PM,6413.0,1,6413.0,39967527.0
2025-08-01 03:24:15 PM,6414.5,2,12829.0,39980356.0
2025-08-01 03:24:19 PM,6414.0,0,0.0,39980356.0
2025-08-01 03:24:22 PM,6414.0,1,6414.0,39986770.0
2025-08-01 03:24:29 PM,6401.0,110,704110.0,40690880.0
2025-08-01 03:24:35 PM,6399.5,12,76794.0,40767674.0
2025-08-01 03:25:19 PM,6407.0,0,0.0,40767674.0
2025-08-01 03:25:22 PM,6407.0,15,96105.0,40863779.0
2025-08-01 03:25:35 PM,6424.0,1,6424.0,40870203.0
2025-08-01 03:25:43 PM,6424.5,2,12849.0,40883052.0
2025-08-01 03:26:07 PM,6424.5,52,334074.0,41217126.0
2025-08-01 03:26:09 PM,6432.0,0,0.0,41217126.0
2025-08-01 03:26:14 PM,6434.5,3,19303.5,41236429.5
2025-08-01 03:26:16 PM,6422.0,0,0.0,41236429.5
2025-08-01 03:26:21 PM,6423.5,5,32117.5,41268547.0
2025-08-01 03:26:26 PM,6421.5,0,0.0,41268547.0
2025-08-01 03:26:28 PM,6405.5,68,435574.0,41704121.0
2025-08-01 03:26:29 PM,6405.0,0,0.0,41704121.0
2025-08-01 03:26:29 PM,6405.0,8,51240.0,41755361.0
2025-08-01 03:26:34 PM,6405.5,80,512440.0,42267801.0
2025-08-01 03:26:39 PM,6420.0,0,0.0,42267801.0
2025-08-01 03:26:41 PM,6420.0,54,346680.0,42614481.0
2025-08-01 03:26:46 PM,6436.0,0,0.0,42614481.0
2025-08-01 03:26:47 PM,6436.0,2,12872.0,42627353.0
2025-08-01 03:26:50 PM,6402.0,0,0.0,42627353.0
2025-08-01 03:26:54 PM,6436.0,227,1460972.0,44088325.0
2025-08-01 03:27:06 PM,6402.5,0,0.0,44088325.0
2025-08-01 03:27:07 PM,6402.5,2,12805.0,44101130.0
2025-08-01 03:27:31 PM,6407.0,0,0.0,44101130.0
2025-08-01 03:27:36 PM,6407.0,3,19221.0,44120351.0
2025-08-01 03:27:42 PM,6415.0,0,0.0,44120351.0
2025-08-01 03:27:43 PM,6415.0,3,19245.0,44139596.0
2025-08-01 03:27:52 PM,6408.5,15,96127.5,44235723.5
2025-08-01 03:28:00 PM,6408.0,0,0.0,44235723.5
2025-08-01 03:28:00 PM,6408.0,3,19224.0,44254947.5
2025-08-01 03:28:20 PM,6410.0,14,89740.0,44344687.5
2025-08-01 03:28:27 PM,6411.0,26,166686.0,44511373.5
2025-08-01 03:28:39 PM,6409.0,0,0.0,44511373.5
2025-08-01 03:28:39 PM,6409.0,5,32045.0,44543418.5
2025-08-01 03:28:52 PM,6415.0,0,0.0,44543418.5
2025-08-01 03:28:52 PM,6415.0,4,25660.0,44569078.5
2025-08-01 03:28:53 PM,6415.0,1,6415.0,44575493.5
2025-08-01 03:28:57 PM,6423.5,12,77082.0,44652575.5
2025-08-01 03:28:58 PM,6430.5,40,257220.0,44909795.5
2025-08-01 03:29:06 PM,6399.5,218,1395091.0,46304886.5
2025-08-01 03:29:06 PM,6395.5,0,0.0,46304886.5
2025-08-01 03:29:08 PM,6395.5,11,70350.5,46375237.0
2025-08-01 03:29:22 PM,6396.0,1,6396.0,46381633.0
2025-08-01 03:29:31 PM,6395.0,1,6395.0,46388028.0
2025-08-01 03:29:39 PM,6427.5,2,12855.0,46400883.0
2025-08-01 03:29:44 PM,6395.0,2,12790.0,46413673.0
2025-08-01 03:29:59 PM,6422.0,1,6422.0,46420095.0
