date,price,qty,trnvr,cum_trnvr
2025-08-01 09:15:01 AM,1236.8,482,596137.6,596137.6
2025-08-01 09:15:07 AM,1234.2,55,67881.0,664018.6
2025-08-01 09:15:10 AM,1235.8,2,2471.6,666490.2
2025-08-01 09:15:14 AM,1233.4,69,85104.6,751594.7999999999
2025-08-01 09:15:15 AM,1233.5,364,448994.0,1200588.7999999998
2025-08-01 09:15:17 AM,1232.9,82,101097.8,1301686.5999999999
2025-08-01 09:15:18 AM,1235.4,7,8647.800000000001,1310334.4
2025-08-01 09:15:23 AM,1235.2,2,2470.4,1312804.7999999998
2025-08-01 09:15:24 AM,1234.3,37,45669.1,1358473.9
2025-08-01 09:15:29 AM,1232.5,16,19720.0,1378193.9
2025-08-01 09:15:31 AM,1233.5,46,56741.0,1434934.9
2025-08-01 09:15:41 AM,1233.5,260,320710.0,1755644.9
2025-08-01 09:15:57 AM,1231.1,8,9848.8,1765493.7
2025-08-01 09:16:04 AM,1232.7,0,0.0,1765493.7
2025-08-01 09:16:09 AM,1231.0,102,125562.0,1891055.7
2025-08-01 09:16:12 AM,1229.7,0,0.0,1891055.7
2025-08-01 09:16:17 AM,1229.8,258,317288.39999999997,2208344.1
2025-08-01 09:16:22 AM,1229.6,0,0.0,2208344.1
2025-08-01 09:16:25 AM,1229.6,24,29510.399999999998,2237854.5
2025-08-01 09:16:40 AM,1230.4,0,0.0,2237854.5
2025-08-01 09:16:41 AM,1230.4,164,201785.6,2439640.1
2025-08-01 09:16:58 AM,1231.8,5,6159.0,2445799.1
2025-08-01 09:17:10 AM,1231.9,0,0.0,2445799.1
2025-08-01 09:17:14 AM,1230.6,14,17228.399999999998,2463027.5
2025-08-01 09:17:26 AM,1233.4,0,0.0,2463027.5
2025-08-01 09:17:28 AM,1234.4,0,0.0,2463027.5
2025-08-01 09:17:31 AM,1234.9,155,191409.5,2654437.0
2025-08-01 09:17:34 AM,1233.8,0,0.0,2654437.0
2025-08-01 09:17:40 AM,1233.8,9,11104.199999999999,2665541.2
2025-08-01 09:17:44 AM,1233.4,0,0.0,2665541.2
2025-08-01 09:17:48 AM,1232.3,125,154037.5,2819578.7
2025-08-01 09:17:53 AM,1233.0,0,0.0,2819578.7
2025-08-01 09:17:56 AM,1234.1,11,13575.099999999999,2833153.8000000003
2025-08-01 09:18:02 AM,1232.7,0,0.0,2833153.8000000003
2025-08-01 09:18:04 AM,1232.7,13,16025.1,2849178.9000000004
2025-08-01 09:18:08 AM,1233.2,0,0.0,2849178.9000000004
2025-08-01 09:18:10 AM,1233.7,0,0.0,2849178.9000000004
2025-08-01 09:18:13 AM,1233.7,21,25907.7,2875086.6000000006
2025-08-01 09:18:14 AM,1233.1,100,123309.99999999999,2998396.6000000006
2025-08-01 09:18:16 AM,1233.7,0,0.0,2998396.6000000006
2025-08-01 09:18:21 AM,1233.7,2,2467.4,3000864.0000000005
2025-08-01 09:18:29 AM,1234.0,319,393646.0,3394510.0000000005
2025-08-01 09:18:33 AM,1233.6,0,0.0,3394510.0000000005
2025-08-01 09:18:37 AM,1232.8,101,124512.79999999999,3519022.8000000003
2025-08-01 09:18:57 AM,1234.8,0,0.0,3519022.8000000003
2025-08-01 09:19:02 AM,1234.8,2,2469.6,3521492.4000000004
2025-08-01 09:19:03 AM,1233.1,8,9864.8,3531357.2
2025-08-01 09:19:19 AM,1233.0,0,0.0,3531357.2
2025-08-01 09:19:26 AM,1233.0,5,6165.0,3537522.2
2025-08-01 09:19:33 AM,1234.2,0,0.0,3537522.2
2025-08-01 09:19:34 AM,1234.2,18,22215.600000000002,3559737.8000000003
2025-08-01 09:19:35 AM,1234.3,482,594932.6,4154670.4000000004
2025-08-01 09:19:37 AM,1234.2,0,0.0,4154670.4000000004
2025-08-01 09:19:42 AM,1234.2,6,7405.200000000001,4162075.6000000006
2025-08-01 09:19:49 AM,1234.8,0,0.0,4162075.6000000006
2025-08-01 09:19:50 AM,1234.8,42,51861.6,4213937.2
2025-08-01 09:19:51 AM,1233.2,0,0.0,4213937.2
2025-08-01 09:19:57 AM,1234.6,0,0.0,4213937.2
2025-08-01 09:20:00 AM,1234.6,367,453098.19999999995,4667035.4
2025-08-01 09:20:05 AM,1232.0,0,0.0,4667035.4
2025-08-01 09:20:06 AM,1232.0,420,517440.0,5184475.4
2025-08-01 09:20:12 AM,1231.8,0,0.0,5184475.4
2025-08-01 09:20:14 AM,1231.8,4,4927.2,5189402.600000001
2025-08-01 09:20:19 AM,1230.9,0,0.0,5189402.600000001
2025-08-01 09:20:21 AM,1231.0,0,0.0,5189402.600000001
2025-08-01 09:20:22 AM,1231.0,132,162492.0,5351894.600000001
2025-08-01 09:20:45 AM,1231.0,50,61550.0,5413444.600000001
2025-08-01 09:20:50 AM,1229.6,0,0.0,5413444.600000001
2025-08-01 09:20:53 AM,1229.6,37,45495.2,5458939.800000001
2025-08-01 09:21:05 AM,1230.5,0,0.0,5458939.800000001
2025-08-01 09:21:09 AM,1230.5,70,86135.0,5545074.800000001
2025-08-01 09:21:16 AM,1230.5,10,12305.0,5557379.800000001
2025-08-01 09:21:21 AM,1230.7,0,0.0,5557379.800000001
2025-08-01 09:21:24 AM,1230.7,37,45535.9,5602915.700000001
2025-08-01 09:21:25 AM,1231.0,116,142796.0,5745711.700000001
2025-08-01 09:21:38 AM,1230.0,0,0.0,5745711.700000001
2025-08-01 09:21:40 AM,1230.0,92,113160.0,5858871.700000001
2025-08-01 09:21:44 AM,1231.0,0,0.0,5858871.700000001
2025-08-01 09:21:47 AM,1231.0,1,1231.0,5860102.700000001
2025-08-01 09:21:53 AM,1232.9,0,0.0,5860102.700000001
2025-08-01 09:21:55 AM,1232.9,1044,1287147.6,7147250.300000001
2025-08-01 09:22:04 AM,1232.3,20,24646.0,7171896.300000001
2025-08-01 09:22:18 AM,1232.1,17,20945.699999999997,7192842.000000001
2025-08-01 09:22:22 AM,1233.1,0,0.0,7192842.000000001
2025-08-01 09:22:26 AM,1233.1,114,140573.4,7333415.400000001
2025-08-01 09:22:26 AM,1231.8,0,0.0,7333415.400000001
2025-08-01 09:22:27 AM,1231.8,36,44344.799999999996,7377760.200000001
2025-08-01 09:22:29 AM,1232.4,0,0.0,7377760.200000001
2025-08-01 09:22:33 AM,1231.8,0,0.0,7377760.200000001
2025-08-01 09:22:35 AM,1231.8,6,7390.799999999999,7385151.000000001
2025-08-01 09:22:50 AM,1232.1,10,12321.0,7397472.000000001
2025-08-01 09:22:58 AM,1230.6,21,25842.6,7423314.600000001
2025-08-01 09:23:02 AM,1231.3,0,0.0,7423314.600000001
2025-08-01 09:23:03 AM,1231.3,10,12313.0,7435627.600000001
2025-08-01 09:23:09 AM,1229.6,0,0.0,7435627.600000001
2025-08-01 09:23:11 AM,1229.6,62,76235.2,7511862.800000001
2025-08-01 09:23:21 AM,1231.0,0,0.0,7511862.800000001
2025-08-01 09:23:27 AM,1229.0,1093,1343297.0,8855159.8
2025-08-01 09:23:34 AM,1226.6,1612,1977279.2,10832439.0
2025-08-01 09:23:40 AM,1226.2,0,0.0,10832439.0
2025-08-01 09:23:42 AM,1226.2,1015,1244593.0,12077032.0
2025-08-01 09:23:47 AM,1225.7,0,0.0,12077032.0
2025-08-01 09:23:49 AM,1225.7,1087,1332335.9000000001,13409367.9
2025-08-01 09:23:57 AM,1223.9,1010,1236139.0,14645506.9
2025-08-01 09:23:59 AM,1224.9,0,0.0,14645506.9
2025-08-01 09:24:05 AM,1223.9,1127,1379335.3,16024842.200000001
2025-08-01 09:24:07 AM,1225.6,0,0.0,16024842.200000001
2025-08-01 09:24:12 AM,1222.8,1131,1382986.8,17407829.0
2025-08-01 09:24:20 AM,1223.5,0,0.0,17407829.0
2025-08-01 09:24:21 AM,1223.5,82,100327.0,17508156.0
2025-08-01 09:24:26 AM,1223.6,0,0.0,17508156.0
2025-08-01 09:24:28 AM,1223.6,30,36708.0,17544864.0
2025-08-01 09:24:32 AM,1225.5,0,0.0,17544864.0
2025-08-01 09:24:35 AM,1225.5,155,189952.5,17734816.5
2025-08-01 09:25:11 AM,1225.7,0,0.0,17734816.5
2025-08-01 09:25:12 AM,1225.7,1,1225.7,17736042.2
2025-08-01 09:25:35 AM,1225.0,1,1225.0,17737267.2
2025-08-01 09:25:42 AM,1225.0,1,1225.0,17738492.2
2025-08-01 09:25:50 AM,1224.1,23,28154.3,17766646.5
2025-08-01 09:25:58 AM,1223.6,55,67298.0,17833944.5
2025-08-01 09:26:13 AM,1224.6,5,6123.0,17840067.5
2025-08-01 09:26:15 AM,1223.3,36,44038.799999999996,17884106.3
2025-08-01 09:26:21 AM,1223.1,60,73386.0,17957492.3
2025-08-01 09:26:30 AM,1223.4,3,3670.2000000000003,17961162.5
2025-08-01 09:26:33 AM,1224.1,0,0.0,17961162.5
2025-08-01 09:26:36 AM,1224.1,81,99152.09999999999,18060314.6
2025-08-01 09:26:48 AM,1225.3,0,0.0,18060314.6
2025-08-01 09:26:51 AM,1225.0,48,58800.0,18119114.6
2025-08-01 09:26:57 AM,1224.4,0,0.0,18119114.6
2025-08-01 09:26:59 AM,1224.4,48,58771.200000000004,18177885.8
2025-08-01 09:27:07 AM,1224.1,100,122409.99999999999,18300295.8
2025-08-01 09:27:29 AM,1225.8,0,0.0,18300295.8
2025-08-01 09:27:30 AM,1225.8,4,4903.2,18305199.0
2025-08-01 09:27:36 AM,1225.8,6,7354.799999999999,18312553.8
2025-08-01 09:27:48 AM,1226.6,0,0.0,18312553.8
2025-08-01 09:27:51 AM,1226.6,172,210975.19999999998,18523529.0
2025-08-01 09:27:59 AM,1227.0,0,0.0,18523529.0
2025-08-01 09:27:59 AM,1227.0,233,285891.0,18809420.0
2025-08-01 09:28:00 AM,1226.3,156,191302.8,19000722.8
2025-08-01 09:28:07 AM,1226.3,4,4905.2,19005628.0
2025-08-01 09:28:14 AM,1226.3,1,1226.3,19006854.3
2025-08-01 09:28:15 AM,1226.5,73,89534.5,19096388.8
2025-08-01 09:28:18 AM,1226.3,0,0.0,19096388.8
2025-08-01 09:28:22 AM,1226.3,4,4905.2,19101294.0
2025-08-01 09:28:28 AM,1226.2,0,0.0,19101294.0
2025-08-01 09:28:30 AM,1226.2,1,1226.2,19102520.2
2025-08-01 09:28:38 AM,1226.3,45,55183.5,19157703.7
2025-08-01 09:28:44 AM,1225.4,0,0.0,19157703.7
2025-08-01 09:28:45 AM,1225.4,5,6127.0,19163830.7
2025-08-01 09:28:50 AM,1226.3,0,0.0,19163830.7
2025-08-01 09:28:52 AM,1226.3,7,8584.1,19172414.8
2025-08-01 09:28:55 AM,1226.7,0,0.0,19172414.8
2025-08-01 09:29:00 AM,1226.7,1,1226.7,19173641.5
2025-08-01 09:29:08 AM,1226.7,3,3680.1000000000004,19177321.6
2025-08-01 09:29:13 AM,1225.6,0,0.0,19177321.6
2025-08-01 09:29:15 AM,1225.6,5,6128.0,19183449.6
2025-08-01 09:29:30 AM,1225.6,10,12256.0,19195705.6
2025-08-01 09:29:38 AM,1226.4,211,258770.40000000002,19454476.0
2025-08-01 09:29:54 AM,1226.5,354,434181.0,19888657.0
2025-08-01 09:29:59 AM,1225.0,0,0.0,19888657.0
2025-08-01 09:30:00 AM,1225.0,580,710500.0,20599157.0
2025-08-01 09:30:01 AM,1226.3,10,12263.0,20611420.0
2025-08-01 09:30:16 AM,1226.3,20,24526.0,20635946.0
2025-08-01 09:30:24 AM,1227.0,1000,1227000.0,21862946.0
2025-08-01 09:30:27 AM,1226.1,0,0.0,21862946.0
2025-08-01 09:30:30 AM,1225.0,13,15925.0,21878871.0
2025-08-01 09:30:41 AM,1226.1,0,0.0,21878871.0
2025-08-01 09:30:45 AM,1226.1,80,98088.0,21976959.0
2025-08-01 09:30:46 AM,1226.1,46,56400.6,22033359.6
2025-08-01 09:31:03 AM,1226.0,0,0.0,22033359.6
2025-08-01 09:31:05 AM,1226.1,0,0.0,22033359.6
2025-08-01 09:31:07 AM,1226.1,134,164297.4,22197657.0
2025-08-01 09:31:21 AM,1225.6,0,0.0,22197657.0
2025-08-01 09:31:22 AM,1225.6,16,19609.6,22217266.6
2025-08-01 09:32:04 AM,1225.6,4,4902.4,22222169.0
2025-08-01 09:32:18 AM,1225.5,7,8578.5,22230747.5
2025-08-01 09:32:31 AM,1226.1,0,0.0,22230747.5
2025-08-01 09:32:32 AM,1226.1,744,912218.3999999999,23142965.9
2025-08-01 09:32:39 AM,1228.3,9,11054.699999999999,23154020.599999998
2025-08-01 09:32:43 AM,1227.0,0,0.0,23154020.599999998
2025-08-01 09:32:46 AM,1227.0,53,65031.0,23219051.599999998
2025-08-01 09:32:49 AM,1226.8,0,0.0,23219051.599999998
2025-08-01 09:32:53 AM,1226.8,5,6134.0,23225185.599999998
2025-08-01 09:33:00 AM,1226.8,1,1226.8,23226412.4
2025-08-01 09:33:17 AM,1226.2,0,0.0,23226412.4
2025-08-01 09:33:17 AM,1226.8,0,0.0,23226412.4
2025-08-01 09:33:21 AM,1226.9,47,57664.3,23284076.7
2025-08-01 09:33:37 AM,1227.5,0,0.0,23284076.7
2025-08-01 09:33:41 AM,1227.5,8,9820.0,23293896.7
2025-08-01 09:33:47 AM,1227.4,0,0.0,23293896.7
2025-08-01 09:33:48 AM,1227.4,1,1227.4,23295124.099999998
2025-08-01 09:33:53 AM,1226.4,0,0.0,23295124.099999998
2025-08-01 09:33:55 AM,1227.5,536,657940.0,23953064.099999998
2025-08-01 09:33:58 AM,1228.7,0,0.0,23953064.099999998
2025-08-01 09:34:02 AM,1229.2,60,73752.0,24026816.099999998
2025-08-01 09:34:17 AM,1228.7,50,61435.0,24088251.099999998
2025-08-01 09:34:24 AM,1229.5,120,147540.0,24235791.099999998
2025-08-01 09:34:31 AM,1229.5,2,2459.0,24238250.099999998
2025-08-01 09:34:44 AM,1228.5,81,99508.5,24337758.599999998
2025-08-01 09:34:51 AM,1228.5,1,1228.5,24338987.099999998
2025-08-01 09:34:52 AM,1228.3,0,0.0,24338987.099999998
2025-08-01 09:34:58 AM,1228.3,2,2456.6,24341443.7
2025-08-01 09:34:59 AM,1226.5,0,0.0,24341443.7
2025-08-01 09:34:59 AM,1226.5,1038,1273107.0,25614550.7
2025-08-01 09:35:05 AM,1225.5,200,245100.0,25859650.7
2025-08-01 09:35:19 AM,1224.9,8,9799.2,25869449.9
2025-08-01 09:35:40 AM,1224.6,25,30614.999999999996,25900064.9
2025-08-01 09:35:47 AM,1223.7,0,0.0,25900064.9
2025-08-01 09:35:47 AM,1223.7,58,70974.6,25971039.5
2025-08-01 09:36:00 AM,1222.8,136,166300.8,26137340.3
2025-08-01 09:36:18 AM,1223.2,0,0.0,26137340.3
2025-08-01 09:36:20 AM,1223.2,71,86847.2,26224187.5
2025-08-01 09:36:27 AM,1223.2,1,1223.2,26225410.7
2025-08-01 09:36:27 AM,1223.2,44,53820.8,26279231.5
2025-08-01 09:36:46 AM,1223.1,5,6115.5,26285347.0
2025-08-01 09:37:14 AM,1222.7,126,154060.2,26439407.2
2025-08-01 09:37:15 AM,1222.9,0,0.0,26439407.2
2025-08-01 09:37:21 AM,1222.9,1,1222.9,26440630.099999998
2025-08-01 09:37:27 AM,1222.2,508,620877.6,27061507.7
2025-08-01 09:37:28 AM,1222.5,5,6112.5,27067620.2
2025-08-01 09:37:31 AM,1222.9,0,0.0,27067620.2
2025-08-01 09:37:34 AM,1222.9,227,277598.30000000005,27345218.5
2025-08-01 09:37:34 AM,1224.2,100,122420.0,27467638.5
2025-08-01 09:37:47 AM,1222.7,0,0.0,27467638.5
2025-08-01 09:37:48 AM,1222.7,100,122270.0,27589908.5
2025-08-01 09:38:02 AM,1222.2,0,0.0,27589908.5
2025-08-01 09:38:06 AM,1223.1,0,0.0,27589908.5
2025-08-01 09:38:08 AM,1223.1,30,36693.0,27626601.5
2025-08-01 09:38:22 AM,1221.6,1038,1268020.7999999998,28894622.3
2025-08-01 09:38:28 AM,1219.8,2282,2783583.6,31678205.900000002
2025-08-01 09:38:32 AM,1219.7,0,0.0,31678205.900000002
2025-08-01 09:38:35 AM,1219.7,48,58545.600000000006,31736751.500000004
2025-08-01 09:38:37 AM,1219.9,0,0.0,31736751.500000004
2025-08-01 09:38:38 AM,1219.7,0,0.0,31736751.500000004
2025-08-01 09:38:42 AM,1219.9,38,46356.200000000004,31783107.700000003
2025-08-01 09:38:48 AM,1219.7,22,26833.4,31809941.1
2025-08-01 09:38:51 AM,1218.8,0,0.0,31809941.1
2025-08-01 09:38:53 AM,1219.9,0,0.0,31809941.1
2025-08-01 09:38:55 AM,1219.9,1130,1378487.0,33188428.1
2025-08-01 09:38:58 AM,1218.0,0,0.0,33188428.1
2025-08-01 09:39:01 AM,1218.7,1006,1226012.2,34414440.300000004
2025-08-01 09:39:07 AM,1217.8,0,0.0,34414440.300000004
2025-08-01 09:39:08 AM,1217.8,1670,2033726.0,36448166.300000004
2025-08-01 09:39:12 AM,1218.0,0,0.0,36448166.300000004
2025-08-01 09:39:14 AM,1217.9,0,0.0,36448166.300000004
2025-08-01 09:39:15 AM,1217.9,50,60895.00000000001,36509061.300000004
2025-08-01 09:39:17 AM,1216.9,0,0.0,36509061.300000004
2025-08-01 09:39:22 AM,1217.3,1087,1323205.0999999999,37832266.400000006
2025-08-01 09:39:27 AM,1216.9,0,0.0,37832266.400000006
2025-08-01 09:39:29 AM,1216.9,1093,1330071.7000000002,39162338.10000001
2025-08-01 09:39:30 AM,1216.8,0,0.0,39162338.10000001
2025-08-01 09:39:35 AM,1217.2,0,0.0,39162338.10000001
2025-08-01 09:39:35 AM,1217.2,210,255612.0,39417950.10000001
2025-08-01 09:39:38 AM,1218.9,0,0.0,39417950.10000001
2025-08-01 09:39:41 AM,1216.6,1379,1677691.4,41095641.50000001
2025-08-01 09:39:46 AM,1218.9,0,0.0,41095641.50000001
2025-08-01 09:39:48 AM,1218.9,25,30472.500000000004,41126114.00000001
2025-08-01 09:39:50 AM,1218.2,0,0.0,41126114.00000001
2025-08-01 09:39:55 AM,1218.2,10,12182.0,41138296.00000001
2025-08-01 09:40:06 AM,1216.7,0,0.0,41138296.00000001
2025-08-01 09:40:08 AM,1218.1,902,1098726.2,42237022.20000001
2025-08-01 09:40:11 AM,1216.7,0,0.0,42237022.20000001
2025-08-01 09:40:14 AM,1217.2,1321,1607921.2,43844943.40000001
2025-08-01 09:40:19 AM,1217.1,0,0.0,43844943.40000001
2025-08-01 09:40:21 AM,1217.1,39,47466.899999999994,43892410.30000001
2025-08-01 09:40:24 AM,1218.1,0,0.0,43892410.30000001
2025-08-01 09:40:26 AM,1217.5,0,0.0,43892410.30000001
2025-08-01 09:40:27 AM,1217.6,36,43833.6,43936243.90000001
2025-08-01 09:40:37 AM,1219.0,0,0.0,43936243.90000001
2025-08-01 09:40:41 AM,1219.0,206,251114.0,44187357.90000001
2025-08-01 09:40:50 AM,1220.4,0,0.0,44187357.90000001
2025-08-01 09:40:54 AM,1221.0,90,109890.0,44297247.90000001
2025-08-01 09:40:55 AM,1220.4,0,0.0,44297247.90000001
2025-08-01 09:41:00 AM,1220.4,24,29289.600000000002,44326537.500000015
2025-08-01 09:41:05 AM,1221.0,0,0.0,44326537.500000015
2025-08-01 09:41:07 AM,1221.0,27,32967.0,44359504.500000015
2025-08-01 09:41:17 AM,1221.6,0,0.0,44359504.500000015
2025-08-01 09:41:21 AM,1221.6,6,7329.599999999999,44366834.10000002
2025-08-01 09:41:33 AM,1221.5,0,0.0,44366834.10000002
2025-08-01 09:41:34 AM,1221.5,6,7329.0,44374163.10000002
2025-08-01 09:41:37 AM,1221.9,0,0.0,44374163.10000002
2025-08-01 09:41:40 AM,1220.4,248,302659.2,44676822.30000002
2025-08-01 09:41:45 AM,1220.8,0,0.0,44676822.30000002
2025-08-01 09:41:47 AM,1220.8,1,1220.8,44678043.10000002
2025-08-01 09:41:53 AM,1220.8,2,2441.6,44680484.70000002
2025-08-01 09:42:06 AM,1220.0,4,4880.0,44685364.70000002
2025-08-01 09:42:26 AM,1220.6,13,15867.8,44701232.500000015
2025-08-01 09:42:32 AM,1219.5,0,0.0,44701232.500000015
2025-08-01 09:42:33 AM,1219.5,2,2439.0,44703671.500000015
2025-08-01 09:42:33 AM,1220.6,0,0.0,44703671.500000015
2025-08-01 09:42:34 AM,1220.6,8,9764.8,44713436.30000001
2025-08-01 09:42:48 AM,1220.9,0,0.0,44713436.30000001
2025-08-01 09:42:49 AM,1220.4,0,0.0,44713436.30000001
2025-08-01 09:42:52 AM,1220.4,18,21967.2,44735403.500000015
2025-08-01 09:43:08 AM,1220.0,0,0.0,44735403.500000015
2025-08-01 09:43:12 AM,1220.0,20,24400.0,44759803.500000015
2025-08-01 09:43:21 AM,1221.1,0,0.0,44759803.500000015
2025-08-01 09:43:25 AM,1221.1,349,426163.89999999997,45185967.40000001
2025-08-01 09:43:28 AM,1220.7,0,0.0,45185967.40000001
2025-08-01 09:43:32 AM,1220.7,5,6103.5,45192070.90000001
2025-08-01 09:43:56 AM,1221.4,0,0.0,45192070.90000001
2025-08-01 09:43:57 AM,1221.4,516,630242.4,45822313.30000001
2025-08-01 09:44:04 AM,1220.9,0,0.0,45822313.30000001
2025-08-01 09:44:04 AM,1220.9,12,14650.800000000001,45836964.10000001
2025-08-01 09:44:28 AM,1220.1,0,0.0,45836964.10000001
2025-08-01 09:44:31 AM,1220.1,2,2440.2,45839404.30000001
2025-08-01 09:44:37 AM,1220.1,102,124450.2,45963854.500000015
2025-08-01 09:44:42 AM,1220.0,0,0.0,45963854.500000015
2025-08-01 09:44:44 AM,1219.6,85,103665.99999999999,46067520.500000015
2025-08-01 09:44:45 AM,1219.6,2,2439.2,46069959.70000002
2025-08-01 09:45:10 AM,1217.8,210,255738.0,46325697.70000002
2025-08-01 09:45:16 AM,1217.1,0,0.0,46325697.70000002
2025-08-01 09:45:17 AM,1217.1,100,121709.99999999999,46447407.70000002
2025-08-01 09:45:21 AM,1218.1,0,0.0,46447407.70000002
2025-08-01 09:45:23 AM,1218.1,3,3654.2999999999997,46451062.000000015
2025-08-01 09:45:29 AM,1217.5,7,8522.5,46459584.500000015
2025-08-01 09:45:31 AM,1218.1,95,115719.49999999999,46575304.000000015
2025-08-01 09:45:32 AM,1218.3,0,0.0,46575304.000000015
2025-08-01 09:45:36 AM,1218.3,2,2436.6,46577740.60000002
2025-08-01 09:45:42 AM,1218.5,152,185212.0,46762952.60000002
2025-08-01 09:45:44 AM,1219.0,86,104834.0,46867786.60000002
2025-08-01 09:46:12 AM,1219.1,0,0.0,46867786.60000002
2025-08-01 09:46:15 AM,1219.1,3,3657.2999999999997,46871443.90000001
2025-08-01 09:46:21 AM,1219.7,1,1219.7,46872663.60000002
2025-08-01 09:46:23 AM,1219.0,1,1219.0,46873882.60000002
2025-08-01 09:46:40 AM,1219.0,5,6095.0,46879977.60000002
2025-08-01 09:46:57 AM,1219.1,0,0.0,46879977.60000002
2025-08-01 09:46:58 AM,1219.0,0,0.0,46879977.60000002
2025-08-01 09:46:59 AM,1219.0,82,99958.0,46979935.60000002
2025-08-01 09:47:01 AM,1219.1,0,0.0,46979935.60000002
2025-08-01 09:47:01 AM,1219.1,1,1219.1,46981154.70000002
2025-08-01 09:47:24 AM,1219.1,101,123129.09999999999,47104283.80000002
2025-08-01 09:47:32 AM,1218.6,126,153543.59999999998,47257827.40000002
2025-08-01 09:47:34 AM,1218.7,0,0.0,47257827.40000002
2025-08-01 09:47:36 AM,1218.7,6,7312.200000000001,47265139.600000024
2025-08-01 09:47:43 AM,1218.7,1,1218.7,47266358.30000003
2025-08-01 09:48:03 AM,1218.7,2,2437.4,47268795.700000025
2025-08-01 09:48:09 AM,1218.1,0,0.0,47268795.700000025
2025-08-01 09:48:09 AM,1217.6,0,0.0,47268795.700000025
2025-08-01 09:48:10 AM,1217.6,628,764652.7999999999,48033448.50000002
2025-08-01 09:48:16 AM,1217.1,0,0.0,48033448.50000002
2025-08-01 09:48:16 AM,1217.1,51,62072.1,48095520.600000024
2025-08-01 09:48:19 AM,1216.8,6,7300.799999999999,48102821.40000002
2025-08-01 09:48:20 AM,1217.6,0,0.0,48102821.40000002
2025-08-01 09:48:22 AM,1217.6,229,278830.39999999997,48381651.80000002
2025-08-01 09:48:38 AM,1218.6,11,13404.599999999999,48395056.40000002
2025-08-01 09:48:48 AM,1218.7,0,0.0,48395056.40000002
2025-08-01 09:48:48 AM,1218.7,3,3656.1000000000004,48398712.50000002
2025-08-01 09:49:01 AM,1218.0,20,24360.0,48423072.50000002
2025-08-01 09:49:07 AM,1218.7,1,1218.7,48424291.200000025
2025-08-01 09:49:20 AM,1218.0,0,0.0,48424291.200000025
2025-08-01 09:49:20 AM,1218.0,2,2436.0,48426727.200000025
2025-08-01 09:49:35 AM,1218.0,8,9744.0,48436471.200000025
2025-08-01 09:49:41 AM,1218.0,4,4872.0,48441343.200000025
2025-08-01 09:49:45 AM,1218.0,3,3654.0,48444997.200000025
2025-08-01 09:50:01 AM,1218.7,0,0.0,48444997.200000025
2025-08-01 09:50:04 AM,1217.6,0,0.0,48444997.200000025
2025-08-01 09:50:04 AM,1217.6,34,41398.399999999994,48486395.600000024
2025-08-01 09:50:07 AM,1217.7,0,0.0,48486395.600000024
2025-08-01 09:50:10 AM,1217.7,438,533352.6,49019748.200000025
2025-08-01 09:50:12 AM,1217.5,0,0.0,49019748.200000025
2025-08-01 09:50:13 AM,1217.5,1,1217.5,49020965.700000025
2025-08-01 09:50:23 AM,1217.1,166,202038.59999999998,49223004.30000003
2025-08-01 09:50:28 AM,1217.6,0,0.0,49223004.30000003
2025-08-01 09:50:29 AM,1217.0,306,372402.0,49595406.30000003
2025-08-01 09:50:35 AM,1218.7,2197,2677483.9,52272890.200000025
2025-08-01 09:50:49 AM,1219.2,0,0.0,52272890.200000025
2025-08-01 09:50:51 AM,1219.2,18,21945.600000000002,52294835.80000003
2025-08-01 09:51:19 AM,1219.8,0,0.0,52294835.80000003
2025-08-01 09:51:20 AM,1219.8,50,60990.0,52355825.80000003
2025-08-01 09:51:26 AM,1221.8,0,0.0,52355825.80000003
2025-08-01 09:51:26 AM,1221.8,617,753850.6,53109676.40000003
2025-08-01 09:51:28 AM,1221.4,4,4885.6,53114562.00000003
2025-08-01 09:51:30 AM,1221.9,0,0.0,53114562.00000003
2025-08-01 09:51:34 AM,1221.9,1,1221.9,53115783.90000003
2025-08-01 09:51:38 AM,1221.9,4,4887.6,53120671.50000003
2025-08-01 09:51:41 AM,1221.5,4,4886.0,53125557.50000003
2025-08-01 09:51:47 AM,1221.6,7,8551.199999999999,53134108.70000003
2025-08-01 09:51:53 AM,1221.9,20,24438.0,53158546.70000003
2025-08-01 09:51:57 AM,1222.3,100,122230.0,53280776.70000003
2025-08-01 09:52:03 AM,1222.6,0,0.0,53280776.70000003
2025-08-01 09:52:03 AM,1222.1,44,53772.399999999994,53334549.10000003
2025-08-01 09:52:09 AM,1223.0,11,13453.0,53348002.10000003
2025-08-01 09:52:11 AM,1226.1,0,0.0,53348002.10000003
2025-08-01 09:52:12 AM,1226.1,587,719720.7,54067722.800000034
2025-08-01 09:52:24 AM,1226.1,215,263611.5,54331334.300000034
2025-08-01 09:52:32 AM,1227.6,0,0.0,54331334.300000034
2025-08-01 09:52:33 AM,1227.0,0,0.0,54331334.300000034
2025-08-01 09:52:34 AM,1229.0,341,419089.0,54750423.300000034
2025-08-01 09:52:35 AM,1229.8,0,0.0,54750423.300000034
2025-08-01 09:52:36 AM,1229.3,99,121700.7,54872124.00000004
2025-08-01 09:52:39 AM,1229.7,0,0.0,54872124.00000004
2025-08-01 09:52:40 AM,1230.4,491,604126.4,55476250.400000036
2025-08-01 09:52:51 AM,1232.9,0,0.0,55476250.400000036
2025-08-01 09:52:52 AM,1232.9,100,123290.00000000001,55599540.400000036
2025-08-01 09:53:06 AM,1232.8,0,0.0,55599540.400000036
2025-08-01 09:53:06 AM,1232.8,10,12328.0,55611868.400000036
2025-08-01 09:53:15 AM,1231.5,0,0.0,55611868.400000036
2025-08-01 09:53:16 AM,1231.5,508,625602.0,56237470.400000036
2025-08-01 09:53:28 AM,1230.1,0,0.0,56237470.400000036
2025-08-01 09:53:29 AM,1230.1,250,307525.0,56544995.400000036
2025-08-01 09:53:35 AM,1230.9,10,12309.0,56557304.400000036
2025-08-01 09:53:40 AM,1231.0,0,0.0,56557304.400000036
2025-08-01 09:53:41 AM,1231.0,21,25851.0,56583155.400000036
2025-08-01 09:53:44 AM,1230.9,0,0.0,56583155.400000036
2025-08-01 09:53:48 AM,1230.9,44,54159.600000000006,56637315.00000004
2025-08-01 09:53:52 AM,1231.0,0,0.0,56637315.00000004
2025-08-01 09:53:54 AM,1231.0,7,8617.0,56645932.00000004
2025-08-01 09:53:58 AM,1231.1,0,0.0,56645932.00000004
2025-08-01 09:54:00 AM,1231.1,8,9848.8,56655780.800000034
2025-08-01 09:54:04 AM,1231.2,0,0.0,56655780.800000034
2025-08-01 09:54:06 AM,1231.2,61,75103.2,56730884.00000004
2025-08-01 09:54:16 AM,1230.4,0,0.0,56730884.00000004
2025-08-01 09:54:19 AM,1230.4,22,27068.800000000003,56757952.800000034
2025-08-01 09:54:31 AM,1230.4,4,4921.6,56762874.400000036
2025-08-01 09:54:44 AM,1231.3,0,0.0,56762874.400000036
2025-08-01 09:54:47 AM,1230.6,0,0.0,56762874.400000036
2025-08-01 09:54:49 AM,1230.6,13,15997.8,56778872.20000003
2025-08-01 09:55:26 AM,1230.8,247,304007.6,57082879.800000034
2025-08-01 09:55:30 AM,1230.8,3,3692.3999999999996,57086572.20000003
2025-08-01 09:55:46 AM,1230.4,0,0.0,57086572.20000003
2025-08-01 09:55:49 AM,1230.4,529,650881.6000000001,57737453.800000034
2025-08-01 09:55:53 AM,1230.6,0,0.0,57737453.800000034
2025-08-01 09:55:55 AM,1230.6,3,3691.7999999999997,57741145.60000003
2025-08-01 09:55:59 AM,1230.1,0,0.0,57741145.60000003
2025-08-01 09:56:01 AM,1230.1,175,215267.49999999997,57956413.10000003
2025-08-01 09:56:04 AM,1230.3,0,0.0,57956413.10000003
2025-08-01 09:56:07 AM,1230.3,223,274356.89999999997,58230770.00000003
2025-08-01 09:56:19 AM,1230.4,133,163643.2,58394413.20000003
2025-08-01 09:56:25 AM,1230.4,5,6152.0,58400565.20000003
2025-08-01 09:56:34 AM,1230.0,0,0.0,58400565.20000003
2025-08-01 09:56:36 AM,1230.0,2,2460.0,58403025.20000003
2025-08-01 09:56:42 AM,1229.4,134,164739.6,58567764.800000034
2025-08-01 09:56:51 AM,1228.3,0,0.0,58567764.800000034
2025-08-01 09:56:55 AM,1228.3,34,41762.2,58609527.00000004
2025-08-01 09:57:06 AM,1228.7,0,0.0,58609527.00000004
2025-08-01 09:57:07 AM,1228.7,148,181847.6,58791374.60000004
2025-08-01 09:57:13 AM,1229.0,6,7374.0,58798748.60000004
2025-08-01 09:57:18 AM,1229.0,20,24580.0,58823328.60000004
2025-08-01 09:57:22 AM,1228.5,0,0.0,58823328.60000004
2025-08-01 09:57:24 AM,1228.5,10,12285.0,58835613.60000004
2025-08-01 09:57:32 AM,1228.5,5,6142.5,58841756.10000004
2025-08-01 09:57:35 AM,1228.5,60,73710.0,58915466.10000004
2025-08-01 09:57:54 AM,1229.1,0,0.0,58915466.10000004
2025-08-01 09:57:54 AM,1229.1,1,1229.1,58916695.20000004
2025-08-01 09:58:15 AM,1229.1,4,4916.4,58921611.60000004
2025-08-01 09:58:33 AM,1229.1,4,4916.4,58926528.00000004
2025-08-01 09:58:39 AM,1228.5,0,0.0,58926528.00000004
2025-08-01 09:58:39 AM,1228.5,28,34398.0,58960926.00000004
2025-08-01 09:58:59 AM,1228.9,0,0.0,58960926.00000004
2025-08-01 09:59:01 AM,1228.9,124,152383.6,59113309.60000004
2025-08-01 09:59:16 AM,1228.0,795,976260.0,60089569.60000004
2025-08-01 09:59:29 AM,1228.3,1,1228.3,60090797.900000036
2025-08-01 10:00:01 AM,1228.0,0,0.0,60090797.900000036
2025-08-01 10:00:03 AM,1227.6,0,0.0,60090797.900000036
2025-08-01 10:00:03 AM,1227.6,519,637124.3999999999,60727922.300000034
2025-08-01 10:00:06 AM,1227.8,16,19644.8,60747567.10000003
2025-08-01 10:00:09 AM,1227.8,2,2455.6,60750022.70000003
2025-08-01 10:00:22 AM,1227.8,1,1227.8,60751250.50000003
2025-08-01 10:00:25 AM,1227.8,4,4911.2,60756161.70000003
2025-08-01 10:00:28 AM,1227.8,10,12278.0,60768439.70000003
2025-08-01 10:00:34 AM,1227.8,1,1227.8,60769667.50000003
2025-08-01 10:00:47 AM,1227.1,0,0.0,60769667.50000003
2025-08-01 10:00:47 AM,1227.1,6,7362.599999999999,60777030.10000003
2025-08-01 10:00:59 AM,1227.8,0,0.0,60777030.10000003
2025-08-01 10:01:00 AM,1227.8,15,18417.0,60795447.10000003
2025-08-01 10:01:16 AM,1227.8,97,119096.59999999999,60914543.70000003
2025-08-01 10:01:22 AM,1228.1,157,192811.69999999998,61107355.400000036
2025-08-01 10:01:25 AM,1228.3,112,137569.6,61244925.00000004
2025-08-01 10:01:40 AM,1228.3,2,2456.6,61247381.60000004
2025-08-01 10:01:47 AM,1228.4,10,12284.0,61259665.60000004
2025-08-01 10:02:05 AM,1228.6,0,0.0,61259665.60000004
2025-08-01 10:02:05 AM,1228.6,6,7371.599999999999,61267037.20000004
2025-08-01 10:02:18 AM,1228.2,1,1228.2,61268265.40000004
2025-08-01 10:02:42 AM,1228.6,0,0.0,61268265.40000004
2025-08-01 10:02:43 AM,1228.6,18,22114.8,61290380.20000004
2025-08-01 10:02:50 AM,1228.2,1093,1342422.6,62632802.80000004
2025-08-01 10:02:55 AM,1227.9,0,0.0,62632802.80000004
2025-08-01 10:02:56 AM,1227.9,55,67534.5,62700337.30000004
2025-08-01 10:03:07 AM,1227.6,0,0.0,62700337.30000004
2025-08-01 10:03:09 AM,1227.6,272,333907.19999999995,63034244.500000045
2025-08-01 10:03:24 AM,1226.9,0,0.0,63034244.500000045
2025-08-01 10:03:24 AM,1226.9,5,6134.5,63040379.000000045
2025-08-01 10:03:53 AM,1227.6,33,40510.799999999996,63080889.80000004
2025-08-01 10:04:06 AM,1226.9,6,7361.400000000001,63088251.20000004
2025-08-01 10:04:08 AM,1227.5,5,6137.5,63094388.70000004
2025-08-01 10:04:11 AM,1226.9,0,0.0,63094388.70000004
2025-08-01 10:04:12 AM,1226.9,211,258875.90000000002,63353264.60000004
2025-08-01 10:04:14 AM,1227.6,291,357231.6,63710496.20000004
2025-08-01 10:04:20 AM,1227.7,9,11049.300000000001,63721545.50000004
2025-08-01 10:04:23 AM,1227.2,0,0.0,63721545.50000004
2025-08-01 10:04:24 AM,1227.2,3,3681.6000000000004,63725227.10000004
2025-08-01 10:04:49 AM,1227.6,0,0.0,63725227.10000004
2025-08-01 10:04:49 AM,1227.6,7,8593.199999999999,63733820.30000004
2025-08-01 10:04:56 AM,1227.6,7,8593.199999999999,63742413.500000045
2025-08-01 10:05:10 AM,1227.5,0,0.0,63742413.500000045
2025-08-01 10:05:10 AM,1227.5,4,4910.0,63747323.500000045
2025-08-01 10:05:22 AM,1227.0,58,71166.0,63818489.500000045
2025-08-01 10:05:28 AM,1227.4,0,0.0,63818489.500000045
2025-08-01 10:05:29 AM,1227.4,1,1227.4,63819716.90000004
2025-08-01 10:05:57 AM,1227.0,8,9816.0,63829532.90000004
2025-08-01 10:06:03 AM,1227.5,1,1227.5,63830760.40000004
2025-08-01 10:06:25 AM,1227.1,0,0.0,63830760.40000004
2025-08-01 10:06:26 AM,1227.1,4,4908.4,63835668.80000004
2025-08-01 10:06:28 AM,1227.4,0,0.0,63835668.80000004
2025-08-01 10:06:29 AM,1227.4,6,7364.400000000001,63843033.20000004
2025-08-01 10:06:43 AM,1227.5,0,0.0,63843033.20000004
2025-08-01 10:06:44 AM,1227.5,10,12275.0,63855308.20000004
2025-08-01 10:06:48 AM,1226.9,0,0.0,63855308.20000004
2025-08-01 10:06:51 AM,1226.9,210,257649.00000000003,64112957.20000004
2025-08-01 10:06:59 AM,1227.1,1,1227.1,64114184.30000004
2025-08-01 10:07:08 AM,1226.7,0,0.0,64114184.30000004
2025-08-01 10:07:08 AM,1226.8,0,0.0,64114184.30000004
2025-08-01 10:07:09 AM,1226.8,624,765523.2,64879707.500000045
2025-08-01 10:07:11 AM,1226.7,11,13493.7,64893201.20000005
2025-08-01 10:07:13 AM,1227.1,0,0.0,64893201.20000005
2025-08-01 10:07:15 AM,1227.1,131,160750.09999999998,65053951.30000005
2025-08-01 10:07:18 AM,1227.2,0,0.0,65053951.30000005
2025-08-01 10:07:22 AM,1227.2,2,2454.4,65056405.70000005
2025-08-01 10:07:32 AM,1226.7,0,0.0,65056405.70000005
2025-08-01 10:07:34 AM,1226.7,2,2453.4,65058859.100000046
2025-08-01 10:08:00 AM,1227.2,0,0.0,65058859.100000046
2025-08-01 10:08:00 AM,1227.2,10,12272.0,65071131.100000046
2025-08-01 10:08:23 AM,1227.2,371,455291.2,65526422.30000005
2025-08-01 10:08:35 AM,1227.2,13,15953.6,65542375.90000005
2025-08-01 10:08:41 AM,1227.2,1,1227.2,65543603.10000005
2025-08-01 10:08:53 AM,1227.2,7,8590.4,65552193.50000005
2025-08-01 10:09:03 AM,1226.7,0,0.0,65552193.50000005
2025-08-01 10:09:05 AM,1226.7,33,40481.1,65592674.60000005
2025-08-01 10:09:11 AM,1226.6,0,0.0,65592674.60000005
2025-08-01 10:09:11 AM,1226.6,100,122659.99999999999,65715334.60000005
2025-08-01 10:09:13 AM,1228.0,0,0.0,65715334.60000005
2025-08-01 10:09:13 AM,1228.0,518,636104.0,66351438.60000005
2025-08-01 10:09:33 AM,1228.6,0,0.0,66351438.60000005
2025-08-01 10:09:36 AM,1228.6,53,65115.799999999996,66416554.40000005
2025-08-01 10:09:48 AM,1228.6,10,12286.0,66428840.40000005
2025-08-01 10:10:03 AM,1228.0,0,0.0,66428840.40000005
2025-08-01 10:10:03 AM,1228.0,128,157184.0,66586024.40000005
2025-08-01 10:10:09 AM,1228.0,4,4912.0,66590936.40000005
2025-08-01 10:10:23 AM,1226.9,50,61345.00000000001,66652281.40000005
2025-08-01 10:11:18 AM,1227.1,0,0.0,66652281.40000005
2025-08-01 10:11:20 AM,1227.1,10,12271.0,66664552.40000005
2025-08-01 10:11:26 AM,1227.9,26,31925.4,66696477.80000005
2025-08-01 10:11:55 AM,1227.2,9,11044.800000000001,66707522.600000046
2025-08-01 10:11:56 AM,1227.2,50,61360.0,66768882.600000046
2025-08-01 10:12:24 AM,1227.2,15,18408.0,66787290.600000046
2025-08-01 10:13:04 AM,1228.1,0,0.0,66787290.600000046
2025-08-01 10:13:04 AM,1228.1,16,19649.6,66806940.20000005
2025-08-01 10:13:16 AM,1228.3,0,0.0,66806940.20000005
2025-08-01 10:13:16 AM,1228.3,2,2456.6,66809396.80000005
2025-08-01 10:14:27 AM,1228.3,1,1228.3,66810625.100000046
2025-08-01 10:14:28 AM,1228.3,5,6141.5,66816766.600000046
2025-08-01 10:14:32 AM,1228.3,17,20881.1,66837647.70000005
2025-08-01 10:14:50 AM,1228.5,0,0.0,66837647.70000005
2025-08-01 10:14:50 AM,1228.5,9,11056.5,66848704.20000005
2025-08-01 10:14:56 AM,1228.5,82,100737.0,66949441.20000005
2025-08-01 10:15:01 AM,1228.5,2,2457.0,66951898.20000005
2025-08-01 10:15:12 AM,1228.6,0,0.0,66951898.20000005
2025-08-01 10:15:13 AM,1228.6,4,4914.4,66956812.600000046
2025-08-01 10:15:19 AM,1228.5,341,418918.5,67375731.10000005
2025-08-01 10:15:22 AM,1228.8,0,0.0,67375731.10000005
2025-08-01 10:15:26 AM,1228.8,246,302284.8,67678015.90000005
2025-08-01 10:15:37 AM,1228.8,3,3686.3999999999996,67681702.30000006
2025-08-01 10:15:50 AM,1228.8,50,61440.0,67743142.30000006
2025-08-01 10:16:05 AM,1228.9,0,0.0,67743142.30000006
2025-08-01 10:16:06 AM,1228.9,1,1228.9,67744371.20000006
2025-08-01 10:16:12 AM,1229.0,0,0.0,67744371.20000006
2025-08-01 10:16:12 AM,1229.0,121,148709.0,67893080.20000006
2025-08-01 10:16:30 AM,1229.0,4,4916.0,67897996.20000006
2025-08-01 10:16:36 AM,1229.0,3,3687.0,67901683.20000006
2025-08-01 10:16:42 AM,1228.3,0,0.0,67901683.20000006
2025-08-01 10:16:42 AM,1228.3,290,356207.0,68257890.20000006
2025-08-01 10:16:57 AM,1228.8,0,0.0,68257890.20000006
2025-08-01 10:16:58 AM,1228.8,32,39321.6,68297211.80000006
2025-08-01 10:17:29 AM,1228.7,0,0.0,68297211.80000006
2025-08-01 10:17:33 AM,1228.7,10,12287.0,68309498.80000006
2025-08-01 10:17:52 AM,1228.5,0,0.0,68309498.80000006
2025-08-01 10:17:56 AM,1228.5,2,2457.0,68311955.80000006
2025-08-01 10:18:44 AM,1227.8,0,0.0,68311955.80000006
2025-08-01 10:18:48 AM,1227.8,50,61390.0,68373345.80000006
2025-08-01 10:19:31 AM,1227.9,0,0.0,68373345.80000006
2025-08-01 10:19:34 AM,1227.9,44,54027.600000000006,68427373.40000005
2025-08-01 10:19:37 AM,1228.4,0,0.0,68427373.40000005
2025-08-01 10:19:40 AM,1228.4,42,51592.8,68478966.20000005
2025-08-01 10:19:55 AM,1228.7,0,0.0,68478966.20000005
2025-08-01 10:19:57 AM,1228.7,1,1228.7,68480194.90000005
2025-08-01 10:20:07 AM,1228.7,10,12287.0,68492481.90000005
2025-08-01 10:20:13 AM,1228.1,0,0.0,68492481.90000005
2025-08-01 10:20:13 AM,1228.1,16,19649.6,68512131.50000004
2025-08-01 10:20:17 AM,1228.7,0,0.0,68512131.50000004
2025-08-01 10:20:19 AM,1228.7,1,1228.7,68513360.20000005
2025-08-01 10:20:57 AM,1228.1,37,45439.7,68558799.90000005
2025-08-01 10:21:35 AM,1228.7,100,122870.0,68681669.90000005
2025-08-01 10:21:56 AM,1229.0,213,261777.0,68943446.90000005
2025-08-01 10:22:00 AM,1229.1,0,0.0,68943446.90000005
2025-08-01 10:22:01 AM,1229.1,5,6145.5,68949592.40000005
2025-08-01 10:22:12 AM,1231.0,0,0.0,68949592.40000005
2025-08-01 10:22:13 AM,1231.0,787,968797.0,69918389.40000005
2025-08-01 10:22:24 AM,1234.7,0,0.0,69918389.40000005
2025-08-01 10:22:25 AM,1233.7,956,1179417.2,71097806.60000005
2025-08-01 10:22:31 AM,1233.8,56,69092.8,71166899.40000005
2025-08-01 10:22:36 AM,1233.5,1,1233.5,71168132.90000005
2025-08-01 10:22:42 AM,1233.2,59,72758.8,71240891.70000005
2025-08-01 10:22:43 AM,1232.9,0,0.0,71240891.70000005
2025-08-01 10:22:44 AM,1232.9,100,123290.00000000001,71364181.70000005
2025-08-01 10:22:47 AM,1233.2,9,11098.800000000001,71375280.50000004
2025-08-01 10:22:52 AM,1234.2,16,19747.2,71395027.70000005
2025-08-01 10:22:55 AM,1234.4,22,27156.800000000003,71422184.50000004
2025-08-01 10:23:06 AM,1234.0,1792,2211328.0,73633512.50000004
2025-08-01 10:23:07 AM,1233.2,0,0.0,73633512.50000004
2025-08-01 10:23:09 AM,1233.8,0,0.0,73633512.50000004
2025-08-01 10:23:09 AM,1233.8,539,665018.2,74298530.70000005
2025-08-01 10:23:12 AM,1233.7,0,0.0,74298530.70000005
2025-08-01 10:23:12 AM,1233.7,1,1233.7,74299764.40000005
2025-08-01 10:23:15 AM,1233.3,51,62898.299999999996,74362662.70000005
2025-08-01 10:23:21 AM,1233.2,10,12332.0,74374994.70000005
2025-08-01 10:23:26 AM,1233.7,0,0.0,74374994.70000005
2025-08-01 10:23:26 AM,1233.7,10,12337.0,74387331.70000005
2025-08-01 10:23:52 AM,1233.7,25,30842.5,74418174.20000005
2025-08-01 10:24:08 AM,1234.7,0,0.0,74418174.20000005
2025-08-01 10:24:09 AM,1234.7,2,2469.4,74420643.60000005
2025-08-01 10:24:16 AM,1234.7,1,1234.7,74421878.30000006
2025-08-01 10:24:17 AM,1234.0,0,0.0,74421878.30000006
2025-08-01 10:24:18 AM,1234.7,0,0.0,74421878.30000006
2025-08-01 10:24:20 AM,1234.7,109,134582.30000000002,74556460.60000005
2025-08-01 10:24:21 AM,1234.9,3,3704.7000000000003,74560165.30000006
2025-08-01 10:24:31 AM,1234.9,22,27167.800000000003,74587333.10000005
2025-08-01 10:24:33 AM,1233.6,638,787036.7999999999,75374369.90000005
2025-08-01 10:24:36 AM,1233.6,6,7401.599999999999,75381771.50000004
2025-08-01 10:24:44 AM,1233.6,5,6168.0,75387939.50000004
2025-08-01 10:24:47 AM,1233.6,2,2467.2,75390406.70000005
2025-08-01 10:24:49 AM,1234.1,4,4936.4,75395343.10000005
2025-08-01 10:24:52 AM,1234.1,4,4936.4,75400279.50000006
2025-08-01 10:24:55 AM,1234.1,100,123409.99999999999,75523689.50000006
2025-08-01 10:24:57 AM,1233.6,0,0.0,75523689.50000006
2025-08-01 10:24:58 AM,1233.6,26,32073.6,75555763.10000005
2025-08-01 10:25:00 AM,1233.0,0,0.0,75555763.10000005
2025-08-01 10:25:00 AM,1233.0,275,339075.0,75894838.10000005
2025-08-01 10:25:03 AM,1233.3,0,0.0,75894838.10000005
2025-08-01 10:25:06 AM,1233.3,10,12333.0,75907171.10000005
2025-08-01 10:26:04 AM,1233.8,0,0.0,75907171.10000005
2025-08-01 10:26:05 AM,1233.8,100,123380.0,76030551.10000005
2025-08-01 10:26:19 AM,1233.4,0,0.0,76030551.10000005
2025-08-01 10:26:19 AM,1233.4,90,111006.00000000001,76141557.10000005
2025-08-01 10:26:22 AM,1232.9,0,0.0,76141557.10000005
2025-08-01 10:26:22 AM,1232.7,235,289684.5,76431241.60000005
2025-08-01 10:26:31 AM,1232.8,7,8629.6,76439871.20000005
2025-08-01 10:26:42 AM,1232.8,15,18492.0,76458363.20000005
2025-08-01 10:26:50 AM,1232.9,0,0.0,76458363.20000005
2025-08-01 10:26:51 AM,1232.9,5,6164.5,76464527.70000005
2025-08-01 10:27:11 AM,1232.9,20,24658.0,76489185.70000005
2025-08-01 10:27:17 AM,1232.0,3,3696.0,76492881.70000005
2025-08-01 10:27:51 AM,1231.4,0,0.0,76492881.70000005
2025-08-01 10:27:52 AM,1231.4,200,246280.00000000003,76739161.70000005
2025-08-01 10:27:58 AM,1231.4,258,317701.2,77056862.90000005
2025-08-01 10:28:20 AM,1231.6,0,0.0,77056862.90000005
2025-08-01 10:28:22 AM,1231.6,200,246319.99999999997,77303182.90000005
2025-08-01 10:28:35 AM,1230.6,0,0.0,77303182.90000005
2025-08-01 10:28:36 AM,1230.6,25,30764.999999999996,77333947.90000005
2025-08-01 10:28:46 AM,1231.2,0,0.0,77333947.90000005
2025-08-01 10:28:47 AM,1231.2,3,3693.6000000000004,77337641.50000004
2025-08-01 10:28:55 AM,1230.4,0,0.0,77337641.50000004
2025-08-01 10:28:56 AM,1230.4,173,212859.2,77550500.70000005
2025-08-01 10:28:58 AM,1230.5,0,0.0,77550500.70000005
2025-08-01 10:28:58 AM,1230.5,2,2461.0,77552961.70000005
2025-08-01 10:29:01 AM,1231.1,642,790366.2,78343327.90000005
2025-08-01 10:29:04 AM,1231.8,4,4927.2,78348255.10000005
2025-08-01 10:29:12 AM,1232.8,30,36984.0,78385239.10000005
2025-08-01 10:29:17 AM,1233.2,0,0.0,78385239.10000005
2025-08-01 10:29:18 AM,1233.2,3,3699.6000000000004,78388938.70000005
2025-08-01 10:29:34 AM,1233.2,64,78924.8,78467863.50000004
2025-08-01 10:29:48 AM,1234.1,50,61704.99999999999,78529568.50000004
2025-08-01 10:30:08 AM,1234.0,0,0.0,78529568.50000004
2025-08-01 10:30:08 AM,1234.0,1,1234.0,78530802.50000004
2025-08-01 10:30:11 AM,1234.1,16,19745.6,78550548.10000004
2025-08-01 10:30:17 AM,1236.5,0,0.0,78550548.10000004
2025-08-01 10:30:17 AM,1236.5,426,526749.0,79077297.10000004
2025-08-01 10:30:56 AM,1237.0,50,61850.0,79139147.10000004
2025-08-01 10:30:59 AM,1237.0,7,8659.0,79147806.10000004
2025-08-01 10:31:01 AM,1236.4,0,0.0,79147806.10000004
2025-08-01 10:31:02 AM,1236.4,2,2472.8,79150278.90000004
2025-08-01 10:31:05 AM,1237.8,1075,1330635.0,80480913.90000004
2025-08-01 10:31:08 AM,1239.0,4,4956.0,80485869.90000004
2025-08-01 10:31:11 AM,1238.6,1,1238.6,80487108.50000003
2025-08-01 10:31:16 AM,1239.2,0,0.0,80487108.50000003
2025-08-01 10:31:17 AM,1239.2,309,382912.8,80870021.30000003
2025-08-01 10:31:24 AM,1240.0,0,0.0,80870021.30000003
2025-08-01 10:31:25 AM,1240.0,325,403000.0,81273021.30000003
2025-08-01 10:31:34 AM,1240.0,130,161200.0,81434221.30000003
2025-08-01 10:31:50 AM,1241.3,82,101786.59999999999,81536007.90000002
2025-08-01 10:31:57 AM,1241.3,5,6206.5,81542214.40000002
2025-08-01 10:32:03 AM,1241.6,91,112985.59999999999,81655200.00000001
2025-08-01 10:32:07 AM,1241.6,58,72012.79999999999,81727212.80000001
2025-08-01 10:32:08 AM,1241.2,0,0.0,81727212.80000001
2025-08-01 10:32:10 AM,1241.3,199,247018.69999999998,81974231.50000001
2025-08-01 10:32:34 AM,1241.9,0,0.0,81974231.50000001
2025-08-01 10:32:36 AM,1241.9,1,1241.9,81975473.40000002
2025-08-01 10:32:42 AM,1241.9,1,1241.9,81976715.30000003
2025-08-01 10:32:45 AM,1241.3,51,63306.299999999996,82040021.60000002
2025-08-01 10:32:51 AM,1242.0,4,4968.0,82044989.60000002
2025-08-01 10:33:00 AM,1241.2,0,0.0,82044989.60000002
2025-08-01 10:33:02 AM,1241.2,58,71989.6,82116979.20000002
2025-08-01 10:33:05 AM,1241.9,2,2483.8,82119463.00000001
2025-08-01 10:33:07 AM,1242.0,2,2484.0,82121947.00000001
2025-08-01 10:33:16 AM,1242.0,2,2484.0,82124431.00000001
2025-08-01 10:33:19 AM,1241.3,10,12413.0,82136844.00000001
2025-08-01 10:33:27 AM,1241.3,1,1241.3,82138085.30000001
2025-08-01 10:33:35 AM,1241.3,1,1241.3,82139326.60000001
2025-08-01 10:33:41 AM,1241.2,608,754649.6,82893976.2
2025-08-01 10:34:05 AM,1240.9,0,0.0,82893976.2
2025-08-01 10:34:06 AM,1240.9,1,1240.9,82895217.10000001
2025-08-01 10:34:11 AM,1240.0,0,0.0,82895217.10000001
2025-08-01 10:34:15 AM,1240.0,75,93000.0,82988217.10000001
2025-08-01 10:34:22 AM,1240.1,5,6200.5,82994417.60000001
2025-08-01 10:34:34 AM,1241.3,50,62065.0,83056482.60000001
2025-08-01 10:34:45 AM,1240.3,1,1240.3,83057722.9
2025-08-01 10:34:49 AM,1240.3,2,2480.6,83060203.5
2025-08-01 10:35:04 AM,1241.3,0,0.0,83060203.5
2025-08-01 10:35:06 AM,1241.3,10,12413.0,83072616.5
2025-08-01 10:35:13 AM,1240.3,0,0.0,83072616.5
2025-08-01 10:35:14 AM,1240.3,2,2480.6,83075097.1
2025-08-01 10:35:33 AM,1241.2,0,0.0,83075097.1
2025-08-01 10:35:34 AM,1241.2,2,2482.4,83077579.5
2025-08-01 10:36:18 AM,1240.3,0,0.0,83077579.5
2025-08-01 10:36:19 AM,1241.1,6,7446.599999999999,83085026.1
2025-08-01 10:36:26 AM,1240.3,0,0.0,83085026.1
2025-08-01 10:36:27 AM,1240.3,50,62015.0,83147041.1
2025-08-01 10:36:41 AM,1239.8,447,554190.6,83701231.69999999
2025-08-01 10:36:49 AM,1239.0,94,116466.0,83817697.69999999
2025-08-01 10:36:56 AM,1239.7,0,0.0,83817697.69999999
2025-08-01 10:36:58 AM,1239.7,140,173558.0,83991255.69999999
2025-08-01 10:37:38 AM,1239.0,0,0.0,83991255.69999999
2025-08-01 10:37:39 AM,1239.0,15,18585.0,84009840.69999999
2025-08-01 10:37:46 AM,1239.8,0,0.0,84009840.69999999
2025-08-01 10:37:47 AM,1239.8,4,4959.2,84014799.89999999
2025-08-01 10:37:48 AM,1239.9,0,0.0,84014799.89999999
2025-08-01 10:37:50 AM,1239.9,15,18598.5,84033398.39999999
2025-08-01 10:38:00 AM,1238.9,0,0.0,84033398.39999999
2025-08-01 10:38:01 AM,1238.9,43,53272.700000000004,84086671.1
2025-08-01 10:38:13 AM,1238.9,132,163534.80000000002,84250205.89999999
2025-08-01 10:38:27 AM,1239.2,0,0.0,84250205.89999999
2025-08-01 10:38:29 AM,1239.2,36,44611.200000000004,84294817.1
2025-08-01 10:38:45 AM,1238.9,0,0.0,84294817.1
2025-08-01 10:38:47 AM,1238.9,50,61945.00000000001,84356762.1
2025-08-01 10:38:58 AM,1238.9,74,91678.6,84448440.69999999
2025-08-01 10:39:17 AM,1238.4,0,0.0,84448440.69999999
2025-08-01 10:39:17 AM,1238.4,40,49536.0,84497976.69999999
2025-08-01 10:39:53 AM,1238.9,0,0.0,84497976.69999999
2025-08-01 10:39:53 AM,1238.9,40,49556.0,84547532.69999999
2025-08-01 10:40:04 AM,1238.9,15,18583.5,84566116.19999999
2025-08-01 10:40:10 AM,1238.5,0,0.0,84566116.19999999
2025-08-01 10:40:10 AM,1238.5,56,69356.0,84635472.19999999
2025-08-01 10:40:32 AM,1238.5,131,162243.5,84797715.69999999
2025-08-01 10:40:40 AM,1238.6,0,0.0,84797715.69999999
2025-08-01 10:40:40 AM,1238.6,60,74316.0,84872031.69999999
2025-08-01 10:40:43 AM,1238.6,10,12386.0,84884417.69999999
2025-08-01 10:41:20 AM,1238.7,0,0.0,84884417.69999999
2025-08-01 10:41:22 AM,1238.7,12,14864.400000000001,84899282.1
2025-08-01 10:41:46 AM,1238.1,0,0.0,84899282.1
2025-08-01 10:41:47 AM,1238.1,3,3714.2999999999997,84902996.39999999
2025-08-01 10:42:00 AM,1238.0,0,0.0,84902996.39999999
2025-08-01 10:42:01 AM,1238.0,240,297120.0,85200116.39999999
2025-08-01 10:42:06 AM,1237.7,0,0.0,85200116.39999999
2025-08-01 10:42:07 AM,1237.7,367,454235.9,85654352.3
2025-08-01 10:42:40 AM,1237.9,0,0.0,85654352.3
2025-08-01 10:42:40 AM,1237.9,44,54467.600000000006,85708819.89999999
2025-08-01 10:42:48 AM,1237.8,0,0.0,85708819.89999999
2025-08-01 10:42:48 AM,1237.8,9,11140.199999999999,85719960.1
2025-08-01 10:43:08 AM,1237.9,460,569434.0,86289394.1
2025-08-01 10:43:09 AM,1238.0,0,0.0,86289394.1
2025-08-01 10:43:10 AM,1238.0,153,189414.0,86478808.1
2025-08-01 10:43:15 AM,1237.6,0,0.0,86478808.1
2025-08-01 10:43:15 AM,1237.6,10,12376.0,86491184.1
2025-08-01 10:43:24 AM,1238.0,2,2476.0,86493660.1
2025-08-01 10:43:29 AM,1237.6,4,4950.4,86498610.5
2025-08-01 10:43:39 AM,1237.4,0,0.0,86498610.5
2025-08-01 10:43:40 AM,1237.4,50,61870.00000000001,86560480.5
2025-08-01 10:44:00 AM,1237.4,37,45783.8,86606264.3
2025-08-01 10:44:11 AM,1237.4,2655,3285297.0000000005,89891561.3
2025-08-01 10:44:17 AM,1237.6,0,0.0,89891561.3
2025-08-01 10:44:17 AM,1237.6,6,7425.599999999999,89898986.89999999
2025-08-01 10:44:19 AM,1236.6,44,54410.399999999994,89953397.3
2025-08-01 10:44:21 AM,1236.0,0,0.0,89953397.3
2025-08-01 10:44:22 AM,1236.0,161,198996.0,90152393.3
2025-08-01 10:44:25 AM,1235.7,0,0.0,90152393.3
2025-08-01 10:44:25 AM,1235.7,1,1235.7,90153629.0
2025-08-01 10:44:27 AM,1235.0,0,0.0,90153629.0
2025-08-01 10:44:28 AM,1235.0,314,387790.0,90541419.0
2025-08-01 10:44:30 AM,1235.0,452,558220.0,91099639.0
2025-08-01 10:44:58 AM,1235.5,0,0.0,91099639.0
2025-08-01 10:45:00 AM,1235.5,5,6177.5,91105816.5
2025-08-01 10:45:38 AM,1235.5,6,7413.0,91113229.5
2025-08-01 10:46:10 AM,1235.4,0,0.0,91113229.5
2025-08-01 10:46:12 AM,1235.4,20,24708.0,91137937.5
2025-08-01 10:46:15 AM,1235.0,0,0.0,91137937.5
2025-08-01 10:46:17 AM,1235.0,221,272935.0,91410872.5
2025-08-01 10:46:19 AM,1235.9,313,386836.7,91797709.2
2025-08-01 10:46:21 AM,1236.8,0,0.0,91797709.2
2025-08-01 10:46:23 AM,1236.8,26,32156.8,91829866.0
2025-08-01 10:46:32 AM,1236.9,0,0.0,91829866.0
2025-08-01 10:46:34 AM,1236.9,10,12369.0,91842235.0
2025-08-01 10:47:16 AM,1236.2,0,0.0,91842235.0
2025-08-01 10:47:18 AM,1236.2,144,178012.80000000002,92020247.8
2025-08-01 10:47:29 AM,1234.9,0,0.0,92020247.8
2025-08-01 10:47:29 AM,1234.9,37,45691.3,92065939.1
2025-08-01 10:47:55 AM,1235.0,0,0.0,92065939.1
2025-08-01 10:47:55 AM,1235.0,10,12350.0,92078289.1
2025-08-01 10:48:01 AM,1236.0,0,0.0,92078289.1
2025-08-01 10:48:01 AM,1236.0,4,4944.0,92083233.1
2025-08-01 10:48:46 AM,1235.2,45,55584.0,92138817.1
2025-08-01 10:48:56 AM,1235.0,0,0.0,92138817.1
2025-08-01 10:48:57 AM,1235.0,50,61750.0,92200567.1
2025-08-01 10:49:12 AM,1235.9,0,0.0,92200567.1
2025-08-01 10:49:12 AM,1235.9,2,2471.8,92203038.89999999
2025-08-01 10:49:28 AM,1235.9,1,1235.9,92204274.8
2025-08-01 10:49:29 AM,1236.0,0,0.0,92204274.8
2025-08-01 10:49:29 AM,1236.0,35,43260.0,92247534.8
2025-08-01 10:49:54 AM,1236.3,0,0.0,92247534.8
2025-08-01 10:49:54 AM,1236.4,21,25964.4,92273499.2
2025-08-01 10:49:58 AM,1235.5,0,0.0,92273499.2
2025-08-01 10:50:00 AM,1235.5,50,61775.0,92335274.2
2025-08-01 10:50:58 AM,1235.3,0,0.0,92335274.2
2025-08-01 10:51:02 AM,1235.3,1,1235.3,92336509.5
2025-08-01 10:51:13 AM,1235.3,3,3705.8999999999996,92340215.4
2025-08-01 10:51:19 AM,1236.0,0,0.0,92340215.4
2025-08-01 10:51:19 AM,1236.0,13,16068.0,92356283.4
2025-08-01 10:52:07 AM,1235.3,0,0.0,92356283.4
2025-08-01 10:52:07 AM,1235.3,35,43235.5,92399518.9
2025-08-01 10:53:02 AM,1235.2,10,12352.0,92411870.9
2025-08-01 10:53:15 AM,1235.0,0,0.0,92411870.9
2025-08-01 10:53:16 AM,1235.0,45,55575.0,92467445.9
2025-08-01 10:53:21 AM,1235.2,0,0.0,92467445.9
2025-08-01 10:53:22 AM,1235.2,54,66700.8,92534146.7
2025-08-01 10:53:33 AM,1235.0,0,0.0,92534146.7
2025-08-01 10:53:33 AM,1235.0,500,617500.0,93151646.7
2025-08-01 10:53:49 AM,1235.0,105,129675.0,93281321.7
2025-08-01 10:54:21 AM,1234.7,0,0.0,93281321.7
2025-08-01 10:54:21 AM,1234.7,41,50622.700000000004,93331944.4
2025-08-01 10:54:27 AM,1234.7,18,22224.600000000002,93354169.0
2025-08-01 10:54:37 AM,1234.7,18,22224.600000000002,93376393.6
2025-08-01 10:54:38 AM,1235.1,263,324831.3,93701224.89999999
2025-08-01 10:55:01 AM,1235.0,0,0.0,93701224.89999999
2025-08-01 10:55:03 AM,1235.0,5,6175.0,93707399.89999999
2025-08-01 10:55:19 AM,1235.1,0,0.0,93707399.89999999
2025-08-01 10:55:19 AM,1235.1,1,1235.1,93708634.99999999
2025-08-01 10:55:25 AM,1235.0,0,0.0,93708634.99999999
2025-08-01 10:55:25 AM,1235.0,10,12350.0,93720984.99999999
2025-08-01 10:55:30 AM,1235.0,2,2470.0,93723454.99999999
2025-08-01 10:55:41 AM,1235.1,0,0.0,93723454.99999999
2025-08-01 10:55:42 AM,1235.1,2,2470.2,93725925.19999999
2025-08-01 10:55:47 AM,1235.1,10,12351.0,93738276.19999999
2025-08-01 10:55:51 AM,1235.0,0,0.0,93738276.19999999
2025-08-01 10:55:52 AM,1235.0,10,12350.0,93750626.19999999
2025-08-01 10:55:58 AM,1235.1,2,2470.2,93753096.39999999
2025-08-01 10:56:17 AM,1235.0,0,0.0,93753096.39999999
2025-08-01 10:56:18 AM,1235.0,2,2470.0,93755566.39999999
2025-08-01 10:56:19 AM,1235.0,1,1235.0,93756801.39999999
2025-08-01 10:56:23 AM,1234.4,0,0.0,93756801.39999999
2025-08-01 10:56:24 AM,1234.4,73,90111.20000000001,93846912.6
2025-08-01 10:56:29 AM,1235.0,1,1235.0,93848147.6
2025-08-01 10:56:45 AM,1234.3,0,0.0,93848147.6
2025-08-01 10:56:45 AM,1234.3,49,60480.7,93908628.3
2025-08-01 10:56:49 AM,1235.0,0,0.0,93908628.3
2025-08-01 10:56:50 AM,1235.0,19,23465.0,93932093.3
2025-08-01 10:56:53 AM,1234.6,0,0.0,93932093.3
2025-08-01 10:56:55 AM,1234.6,2,2469.2,93934562.5
2025-08-01 10:57:12 AM,1235.3,4,4941.2,93939503.7
2025-08-01 10:57:21 AM,1235.0,0,0.0,93939503.7
2025-08-01 10:57:21 AM,1235.0,2,2470.0,93941973.7
2025-08-01 10:57:27 AM,1235.0,5,6175.0,93948148.7
2025-08-01 10:57:31 AM,1235.4,0,0.0,93948148.7
2025-08-01 10:57:32 AM,1235.4,60,74124.0,94022272.7
2025-08-01 10:57:43 AM,1235.4,12,14824.800000000001,94037097.5
2025-08-01 10:58:04 AM,1235.4,12,14824.800000000001,94051922.3
2025-08-01 10:58:17 AM,1235.6,0,0.0,94051922.3
2025-08-01 10:58:20 AM,1235.6,8,9884.8,94061807.1
2025-08-01 10:58:31 AM,1235.1,0,0.0,94061807.1
2025-08-01 10:58:31 AM,1235.6,7,8649.199999999999,94070456.3
2025-08-01 10:58:57 AM,1235.0,0,0.0,94070456.3
2025-08-01 10:58:58 AM,1235.0,36,44460.0,94114916.3
2025-08-01 10:59:09 AM,1235.0,20,24700.0,94139616.3
2025-08-01 10:59:33 AM,1235.0,15,18525.0,94158141.3
2025-08-01 10:59:47 AM,1234.9,0,0.0,94158141.3
2025-08-01 10:59:49 AM,1235.2,0,0.0,94158141.3
2025-08-01 10:59:50 AM,1235.2,129,159340.80000000002,94317482.1
2025-08-01 11:00:14 AM,1235.0,0,0.0,94317482.1
2025-08-01 11:00:19 AM,1234.9,54,66684.6,94384166.69999999
2025-08-01 11:00:22 AM,1235.2,0,0.0,94384166.69999999
2025-08-01 11:00:24 AM,1234.4,0,0.0,94384166.69999999
2025-08-01 11:00:24 AM,1234.4,110,135784.0,94519950.69999999
2025-08-01 11:00:28 AM,1234.9,0,0.0,94519950.69999999
2025-08-01 11:00:30 AM,1234.9,2,2469.8,94522420.49999999
2025-08-01 11:01:01 AM,1235.0,9,11115.0,94533535.49999999
2025-08-01 11:01:17 AM,1234.4,50,61720.00000000001,94595255.49999999
2025-08-01 11:01:28 AM,1235.0,2,2470.0,94597725.49999999
2025-08-01 11:01:40 AM,1233.9,0,0.0,94597725.49999999
2025-08-01 11:01:43 AM,1233.9,1201,1481913.9000000001,96079639.39999999
2025-08-01 11:01:44 AM,1235.1,0,0.0,96079639.39999999
2025-08-01 11:01:44 AM,1235.1,29,35817.899999999994,96115457.3
2025-08-01 11:01:50 AM,1235.1,17,20996.699999999997,96136454.0
2025-08-01 11:01:53 AM,1235.4,0,0.0,96136454.0
2025-08-01 11:01:54 AM,1235.4,63,77830.20000000001,96214284.2
2025-08-01 11:01:56 AM,1235.5,0,0.0,96214284.2
2025-08-01 11:01:59 AM,1235.5,100,123550.0,96337834.2
2025-08-01 11:02:00 AM,1235.7,0,0.0,96337834.2
2025-08-01 11:02:00 AM,1235.7,189,233547.30000000002,96571381.5
2025-08-01 11:02:04 AM,1236.0,0,0.0,96571381.5
2025-08-01 11:02:04 AM,1236.0,89,110004.0,96681385.5
2025-08-01 11:02:12 AM,1237.0,0,0.0,96681385.5
2025-08-01 11:02:14 AM,1237.0,258,319146.0,97000531.5
2025-08-01 11:02:20 AM,1237.0,50,61850.0,97062381.5
2025-08-01 11:02:32 AM,1237.0,20,24740.0,97087121.5
2025-08-01 11:02:44 AM,1236.0,4,4944.0,97092065.5
2025-08-01 11:02:53 AM,1236.0,10,12360.0,97104425.5
2025-08-01 11:03:26 AM,1237.3,150,185595.0,97290020.5
2025-08-01 11:03:39 AM,1237.0,38,47006.0,97337026.5
2025-08-01 11:03:52 AM,1237.1,0,0.0,97337026.5
2025-08-01 11:03:53 AM,1237.1,3,3711.2999999999997,97340737.8
2025-08-01 11:04:16 AM,1236.1,0,0.0,97340737.8
2025-08-01 11:04:16 AM,1236.1,17,21013.699999999997,97361751.5
2025-08-01 11:04:26 AM,1236.9,0,0.0,97361751.5
2025-08-01 11:04:27 AM,1236.9,42,51949.8,97413701.3
2025-08-01 11:04:47 AM,1237.0,0,0.0,97413701.3
2025-08-01 11:04:47 AM,1237.0,1,1237.0,97414938.3
2025-08-01 11:04:54 AM,1237.0,160,197920.0,97612858.3
2025-08-01 11:05:03 AM,1235.6,0,0.0,97612858.3
2025-08-01 11:05:03 AM,1235.6,100,123559.99999999999,97736418.3
2025-08-01 11:05:21 AM,1236.5,3,3709.5,97740127.8
2025-08-01 11:06:02 AM,1235.6,2,2471.2,97742599.0
2025-08-01 11:06:15 AM,1236.4,0,0.0,97742599.0
2025-08-01 11:06:18 AM,1236.4,1,1236.4,97743835.4
2025-08-01 11:06:50 AM,1235.6,25,30889.999999999996,97774725.4
2025-08-01 11:06:55 AM,1235.8,50,61790.0,97836515.4
2025-08-01 11:06:59 AM,1235.9,0,0.0,97836515.4
2025-08-01 11:07:01 AM,1235.9,16,19774.4,97856289.80000001
2025-08-01 11:07:40 AM,1236.0,9,11124.0,97867413.80000001
2025-08-01 11:07:54 AM,1235.4,0,0.0,97867413.80000001
2025-08-01 11:07:54 AM,1235.4,10,12354.0,97879767.80000001
2025-08-01 11:08:50 AM,1235.0,0,0.0,97879767.80000001
2025-08-01 11:08:52 AM,1233.8,0,0.0,97879767.80000001
2025-08-01 11:08:52 AM,1233.8,96,118444.79999999999,97998212.60000001
2025-08-01 11:08:59 AM,1234.6,0,0.0,97998212.60000001
2025-08-01 11:09:00 AM,1234.6,91,112348.59999999999,98110561.2
2025-08-01 11:09:06 AM,1234.6,19,23457.399999999998,98134018.60000001
2025-08-01 11:09:18 AM,1234.6,19,23457.399999999998,98157476.00000001
2025-08-01 11:09:26 AM,1234.6,35,43211.0,98200687.00000001
2025-08-01 11:09:29 AM,1234.9,9,11114.1,98211801.10000001
2025-08-01 11:09:37 AM,1234.9,21,25932.9,98237734.00000001
2025-08-01 11:10:05 AM,1235.5,0,0.0,98237734.00000001
2025-08-01 11:10:05 AM,1235.5,40,49420.0,98287154.00000001
2025-08-01 11:11:05 AM,1235.8,0,0.0,98287154.00000001
2025-08-01 11:11:09 AM,1235.8,1,1235.8,98288389.80000001
2025-08-01 11:11:25 AM,1235.8,10,12358.0,98300747.80000001
2025-08-01 11:11:47 AM,1235.5,0,0.0,98300747.80000001
2025-08-01 11:11:47 AM,1235.5,185,228567.5,98529315.30000001
2025-08-01 11:12:05 AM,1235.4,0,0.0,98529315.30000001
2025-08-01 11:12:08 AM,1235.4,15,18531.0,98547846.30000001
2025-08-01 11:12:30 AM,1235.4,10,12354.0,98560200.30000001
2025-08-01 11:12:33 AM,1235.0,0,0.0,98560200.30000001
2025-08-01 11:12:35 AM,1235.0,1,1235.0,98561435.30000001
2025-08-01 11:12:49 AM,1234.4,0,0.0,98561435.30000001
2025-08-01 11:12:50 AM,1234.4,100,123440.00000000001,98684875.30000001
2025-08-01 11:13:18 AM,1235.3,2,2470.6,98687345.9
2025-08-01 11:13:23 AM,1235.3,5,6176.5,98693522.4
2025-08-01 11:13:25 AM,1235.0,0,0.0,98693522.4
2025-08-01 11:13:28 AM,1235.0,45,55575.0,98749097.4
2025-08-01 11:14:30 AM,1235.3,0,0.0,98749097.4
2025-08-01 11:14:33 AM,1235.3,4,4941.2,98754038.60000001
2025-08-01 11:14:45 AM,1235.3,5,6176.5,98760215.10000001
2025-08-01 11:15:06 AM,1235.0,0,0.0,98760215.10000001
2025-08-01 11:15:06 AM,1235.0,40,49400.0,98809615.10000001
2025-08-01 11:15:10 AM,1235.3,0,0.0,98809615.10000001
2025-08-01 11:15:12 AM,1235.3,53,65470.899999999994,98875086.00000001
2025-08-01 11:15:17 AM,1235.5,10,12355.0,98887441.00000001
2025-08-01 11:15:22 AM,1235.5,1,1235.5,98888676.50000001
2025-08-01 11:15:26 AM,1233.8,0,0.0,98888676.50000001
2025-08-01 11:15:27 AM,1233.8,500,616900.0,99505576.50000001
2025-08-01 11:15:28 AM,1234.5,0,0.0,99505576.50000001
2025-08-01 11:15:30 AM,1234.6,0,0.0,99505576.50000001
2025-08-01 11:15:32 AM,1234.6,19,23457.399999999998,99529033.90000002
2025-08-01 11:15:38 AM,1234.6,6,7407.599999999999,99536441.50000001
2025-08-01 11:15:38 AM,1234.8,0,0.0,99536441.50000001
2025-08-01 11:15:38 AM,1234.8,13,16052.4,99552493.90000002
2025-08-01 11:15:46 AM,1234.7,0,0.0,99552493.90000002
2025-08-01 11:15:48 AM,1234.7,20,24694.0,99577187.90000002
2025-08-01 11:15:52 AM,1233.9,0,0.0,99577187.90000002
2025-08-01 11:15:53 AM,1233.9,1,1233.9,99578421.80000003
2025-08-01 11:15:54 AM,1234.4,40,49376.0,99627797.80000003
2025-08-01 11:15:58 AM,1234.4,6,7406.400000000001,99635204.20000003
2025-08-01 11:15:58 AM,1234.7,0,0.0,99635204.20000003
2025-08-01 11:15:59 AM,1234.7,13,16051.1,99651255.30000003
2025-08-01 11:16:08 AM,1234.7,19,23459.3,99674714.60000002
2025-08-01 11:16:09 AM,1233.8,38,46884.4,99721599.00000003
2025-08-01 11:16:15 AM,1234.0,10,12340.0,99733939.00000003
2025-08-01 11:16:18 AM,1234.6,0,0.0,99733939.00000003
2025-08-01 11:16:20 AM,1235.0,51,62985.0,99796924.00000003
2025-08-01 11:16:21 AM,1235.0,19,23465.0,99820389.00000003
2025-08-01 11:16:26 AM,1235.0,19,23465.0,99843854.00000003
2025-08-01 11:16:36 AM,1235.0,19,23465.0,99867319.00000003
2025-08-01 11:16:47 AM,1235.0,20,24700.0,99892019.00000003
2025-08-01 11:16:56 AM,1235.0,19,23465.0,99915484.00000003
2025-08-01 11:17:07 AM,1235.0,19,23465.0,99938949.00000003
2025-08-01 11:17:17 AM,1235.0,20,24700.0,99963649.00000003
2025-08-01 11:17:28 AM,1235.0,19,23465.0,99987114.00000003
2025-08-01 11:17:33 AM,1235.0,4,4940.0,99992054.00000003
2025-08-01 11:17:39 AM,1235.0,20,24700.0,100016754.00000003
2025-08-01 11:17:46 AM,1235.0,20,24700.0,100041454.00000003
2025-08-01 11:17:56 AM,1235.0,19,23465.0,100064919.00000003
2025-08-01 11:18:16 AM,1235.2,0,0.0,100064919.00000003
2025-08-01 11:18:16 AM,1235.2,12,14822.400000000001,100079741.40000004
2025-08-01 11:18:22 AM,1235.2,54,66700.8,100146442.20000003
2025-08-01 11:18:38 AM,1235.5,0,0.0,100146442.20000003
2025-08-01 11:18:39 AM,1235.5,118,145789.0,100292231.20000003
2025-08-01 11:18:44 AM,1235.9,0,0.0,100292231.20000003
2025-08-01 11:18:45 AM,1235.9,5,6179.5,100298410.70000003
2025-08-01 11:19:06 AM,1236.0,0,0.0,100298410.70000003
2025-08-01 11:19:08 AM,1236.0,29,35844.0,100334254.70000003
2025-08-01 11:19:23 AM,1236.1,0,0.0,100334254.70000003
2025-08-01 11:19:25 AM,1236.1,117,144623.69999999998,100478878.40000004
2025-08-01 11:19:26 AM,1236.0,0,0.0,100478878.40000004
2025-08-01 11:19:30 AM,1236.0,2,2472.0,100481350.40000004
2025-08-01 11:20:37 AM,1235.3,0,0.0,100481350.40000004
2025-08-01 11:20:39 AM,1235.3,3,3705.8999999999996,100485056.30000004
2025-08-01 11:20:59 AM,1235.7,1,1235.7,100486292.00000004
2025-08-01 11:21:17 AM,1235.3,0,0.0,100486292.00000004
2025-08-01 11:21:20 AM,1234.3,0,0.0,100486292.00000004
2025-08-01 11:21:21 AM,1234.3,183,225876.9,100712168.90000005
2025-08-01 11:21:26 AM,1234.7,0,0.0,100712168.90000005
2025-08-01 11:21:26 AM,1234.7,5,6173.5,100718342.40000005
2025-08-01 11:21:34 AM,1235.1,0,0.0,100718342.40000005
2025-08-01 11:21:37 AM,1235.6,94,116146.4,100834488.80000006
2025-08-01 11:21:59 AM,1235.0,0,0.0,100834488.80000006
2025-08-01 11:22:02 AM,1235.0,15,18525.0,100853013.80000006
2025-08-01 11:22:31 AM,1235.6,0,0.0,100853013.80000006
2025-08-01 11:22:35 AM,1235.6,5,6178.0,100859191.80000006
2025-08-01 11:22:50 AM,1235.9,8,9887.2,100869079.00000006
2025-08-01 11:22:52 AM,1235.8,0,0.0,100869079.00000006
2025-08-01 11:22:55 AM,1235.8,19,23480.2,100892559.20000006
2025-08-01 11:23:21 AM,1236.2,0,0.0,100892559.20000006
2025-08-01 11:23:22 AM,1236.2,150,185430.0,101077989.20000006
2025-08-01 11:23:26 AM,1236.1,0,0.0,101077989.20000006
2025-08-01 11:23:27 AM,1236.1,5,6180.5,101084169.70000006
2025-08-01 11:24:03 AM,1235.1,0,0.0,101084169.70000006
2025-08-01 11:24:07 AM,1235.1,20,24702.0,101108871.70000006
2025-08-01 11:25:26 AM,1235.8,313,386805.39999999997,101495677.10000007
2025-08-01 11:25:29 AM,1236.0,0,0.0,101495677.10000007
2025-08-01 11:25:31 AM,1236.0,36,44496.0,101540173.10000007
2025-08-01 11:25:36 AM,1238.0,1288,1594544.0,103134717.10000007
2025-08-01 11:25:37 AM,1238.0,4693,5809934.0,108944651.10000007
2025-08-01 11:25:41 AM,1240.0,0,0.0,108944651.10000007
2025-08-01 11:25:42 AM,1240.0,13,16120.0,108960771.10000007
2025-08-01 11:25:47 AM,1240.0,136,168640.0,109129411.10000007
2025-08-01 11:25:49 AM,1238.6,0,0.0,109129411.10000007
2025-08-01 11:25:52 AM,1238.6,150,185790.0,109315201.10000007
2025-08-01 11:26:02 AM,1239.4,22,27266.800000000003,109342467.90000007
2025-08-01 11:26:31 AM,1238.4,0,0.0,109342467.90000007
2025-08-01 11:26:33 AM,1238.4,5,6192.0,109348659.90000007
2025-08-01 11:26:39 AM,1237.5,0,0.0,109348659.90000007
2025-08-01 11:26:44 AM,1237.5,127,157162.5,109505822.40000007
2025-08-01 11:26:57 AM,1237.3,0,0.0,109505822.40000007
2025-08-01 11:26:58 AM,1237.3,1,1237.3,109507059.70000006
2025-08-01 11:26:59 AM,1236.1,0,0.0,109507059.70000006
2025-08-01 11:27:00 AM,1236.1,50,61804.99999999999,109568864.70000006
2025-08-01 11:28:15 AM,1237.1,0,0.0,109568864.70000006
2025-08-01 11:28:15 AM,1237.1,7,8659.699999999999,109577524.40000007
2025-08-01 11:28:29 AM,1235.0,0,0.0,109577524.40000007
2025-08-01 11:28:31 AM,1235.0,272,335920.0,109913444.40000007
2025-08-01 11:28:32 AM,1234.9,0,0.0,109913444.40000007
2025-08-01 11:28:33 AM,1234.9,40,49396.0,109962840.40000007
2025-08-01 11:28:37 AM,1234.9,20,24698.0,109987538.40000007
2025-08-01 11:28:46 AM,1234.6,0,0.0,109987538.40000007
2025-08-01 11:28:47 AM,1234.6,20,24692.0,110012230.40000007
2025-08-01 11:28:56 AM,1234.6,20,24692.0,110036922.40000007
2025-08-01 11:29:06 AM,1234.5,0,0.0,110036922.40000007
2025-08-01 11:29:06 AM,1234.5,20,24690.0,110061612.40000007
2025-08-01 11:29:11 AM,1233.5,0,0.0,110061612.40000007
2025-08-01 11:29:12 AM,1233.5,19,23436.5,110085048.90000007
2025-08-01 11:29:19 AM,1234.3,0,0.0,110085048.90000007
2025-08-01 11:29:20 AM,1234.3,21,25920.3,110110969.20000006
2025-08-01 11:29:28 AM,1234.3,20,24686.0,110135655.20000006
2025-08-01 11:29:36 AM,1234.2,0,0.0,110135655.20000006
2025-08-01 11:29:37 AM,1233.4,0,0.0,110135655.20000006
2025-08-01 11:29:38 AM,1232.5,0,0.0,110135655.20000006
2025-08-01 11:29:38 AM,1232.5,112,138040.0,110273695.20000006
2025-08-01 11:29:45 AM,1232.0,0,0.0,110273695.20000006
2025-08-01 11:29:46 AM,1232.0,28,34496.0,110308191.20000006
2025-08-01 11:29:49 AM,1232.7,20,24654.0,110332845.20000006
2025-08-01 11:29:56 AM,1232.5,0,0.0,110332845.20000006
2025-08-01 11:29:56 AM,1232.5,20,24650.0,110357495.20000006
2025-08-01 11:29:59 AM,1231.3,0,0.0,110357495.20000006
2025-08-01 11:29:59 AM,1231.3,27,33245.1,110390740.30000006
2025-08-01 11:30:08 AM,1230.7,0,0.0,110390740.30000006
2025-08-01 11:30:10 AM,1230.7,39,47997.3,110438737.60000005
2025-08-01 11:30:12 AM,1230.0,43,52890.0,110491627.60000005
2025-08-01 11:30:13 AM,1229.7,0,0.0,110491627.60000005
2025-08-01 11:30:14 AM,1230.0,0,0.0,110491627.60000005
2025-08-01 11:30:15 AM,1229.9,300,368970.0,110860597.60000005
2025-08-01 11:30:17 AM,1229.9,15,18448.5,110879046.10000005
2025-08-01 11:30:18 AM,1230.0,0,0.0,110879046.10000005
2025-08-01 11:30:20 AM,1230.0,16,19680.0,110898726.10000005
2025-08-01 11:30:26 AM,1229.9,0,0.0,110898726.10000005
2025-08-01 11:30:27 AM,1229.9,20,24598.0,110923324.10000005
2025-08-01 11:30:32 AM,1230.0,0,0.0,110923324.10000005
2025-08-01 11:30:32 AM,1230.0,250,307500.0,111230824.10000005
2025-08-01 11:30:37 AM,1230.0,4,4920.0,111235744.10000005
2025-08-01 11:30:38 AM,1230.2,0,0.0,111235744.10000005
2025-08-01 11:30:40 AM,1230.2,16,19683.2,111255427.30000006
2025-08-01 11:30:47 AM,1229.2,26,31959.2,111287386.50000006
2025-08-01 11:30:58 AM,1230.1,0,0.0,111287386.50000006
2025-08-01 11:30:59 AM,1230.1,21,25832.1,111313218.60000005
2025-08-01 11:31:08 AM,1230.1,20,24602.0,111337820.60000005
2025-08-01 11:31:18 AM,1230.1,20,24602.0,111362422.60000005
2025-08-01 11:31:29 AM,1230.1,20,24602.0,111387024.60000005
2025-08-01 11:31:39 AM,1230.1,20,24602.0,111411626.60000005
2025-08-01 11:31:49 AM,1230.1,21,25832.1,111437458.70000005
2025-08-01 11:31:55 AM,1229.0,42,51618.0,111489076.70000005
2025-08-01 11:31:58 AM,1229.6,0,0.0,111489076.70000005
2025-08-01 11:31:59 AM,1229.6,20,24592.0,111513668.70000005
2025-08-01 11:32:10 AM,1229.6,20,24592.0,111538260.70000005
2025-08-01 11:32:16 AM,1229.5,0,0.0,111538260.70000005
2025-08-01 11:32:17 AM,1229.5,20,24590.0,111562850.70000005
2025-08-01 11:32:22 AM,1228.9,228,280189.2,111843039.90000005
2025-08-01 11:32:24 AM,1228.4,0,0.0,111843039.90000005
2025-08-01 11:32:25 AM,1228.4,11,13512.400000000001,111856552.30000006
2025-08-01 11:32:27 AM,1228.4,2,2456.8,111859009.10000005
2025-08-01 11:32:28 AM,1228.6,0,0.0,111859009.10000005
2025-08-01 11:32:30 AM,1227.1,0,0.0,111859009.10000005
2025-08-01 11:32:30 AM,1227.1,26,31904.6,111890913.70000005
2025-08-01 11:32:38 AM,1227.9,0,0.0,111890913.70000005
2025-08-01 11:32:41 AM,1227.9,21,25785.9,111916699.60000005
2025-08-01 11:32:46 AM,1227.9,20,24558.0,111941257.60000005
2025-08-01 11:32:52 AM,1226.6,0,0.0,111941257.60000005
2025-08-01 11:32:52 AM,1226.6,28,34344.799999999996,111975602.40000005
2025-08-01 11:32:59 AM,1227.3,0,0.0,111975602.40000005
2025-08-01 11:33:02 AM,1227.3,20,24546.0,112000148.40000005
2025-08-01 11:33:07 AM,1226.6,54,66236.4,112066384.80000006
2025-08-01 11:33:11 AM,1226.5,0,0.0,112066384.80000006
2025-08-01 11:33:12 AM,1226.5,41,50286.5,112116671.30000006
2025-08-01 11:33:17 AM,1226.5,105,128782.5,112245453.80000006
2025-08-01 11:33:18 AM,1226.9,0,0.0,112245453.80000006
2025-08-01 11:33:18 AM,1226.9,18,22084.2,112267538.00000006
2025-08-01 11:33:28 AM,1227.0,21,25767.0,112293305.00000006
2025-08-01 11:33:37 AM,1227.0,20,24540.0,112317845.00000006
2025-08-01 11:33:48 AM,1227.0,2,2454.0,112320299.00000006
2025-08-01 11:33:48 AM,1227.1,0,0.0,112320299.00000006
2025-08-01 11:33:48 AM,1227.1,18,22087.8,112342386.80000006
2025-08-01 11:33:58 AM,1227.2,0,0.0,112342386.80000006
2025-08-01 11:33:58 AM,1227.2,104,127628.8,112470015.60000005
2025-08-01 11:34:06 AM,1227.3,0,0.0,112470015.60000005
2025-08-01 11:34:07 AM,1227.7,0,0.0,112470015.60000005
2025-08-01 11:34:08 AM,1227.7,353,433378.10000000003,112903393.70000005
2025-08-01 11:34:08 AM,1229.0,0,0.0,112903393.70000005
2025-08-01 11:34:08 AM,1229.0,18,22122.0,112925515.70000005
2025-08-01 11:34:10 AM,1229.6,0,0.0,112925515.70000005
2025-08-01 11:34:13 AM,1229.6,2,2459.2,112927974.90000005
2025-08-01 11:34:16 AM,1229.5,0,0.0,112927974.90000005
2025-08-01 11:34:19 AM,1229.5,21,25819.5,112953794.40000005
2025-08-01 11:34:28 AM,1229.9,0,0.0,112953794.40000005
2025-08-01 11:34:28 AM,1229.9,3,3689.7000000000003,112957484.10000005
2025-08-01 11:34:30 AM,1230.7,0,0.0,112957484.10000005
2025-08-01 11:34:34 AM,1230.7,17,20921.9,112978406.00000006
2025-08-01 11:34:38 AM,1231.4,0,0.0,112978406.00000006
2025-08-01 11:34:39 AM,1231.4,20,24628.0,113003034.00000006
2025-08-01 11:34:44 AM,1231.4,11,13545.400000000001,113016579.40000007
2025-08-01 11:34:48 AM,1232.1,0,0.0,113016579.40000007
2025-08-01 11:34:50 AM,1232.1,50,61604.99999999999,113078184.40000007
2025-08-01 11:34:52 AM,1231.9,0,0.0,113078184.40000007
2025-08-01 11:34:54 AM,1232.0,0,0.0,113078184.40000007
2025-08-01 11:34:55 AM,1232.0,31,38192.0,113116376.40000007
2025-08-01 11:35:00 AM,1232.0,20,24640.0,113141016.40000007
2025-08-01 11:35:04 AM,1232.1,0,0.0,113141016.40000007
2025-08-01 11:35:05 AM,1232.1,1,1232.1,113142248.50000006
2025-08-01 11:35:11 AM,1232.1,21,25874.1,113168122.60000005
2025-08-01 11:35:16 AM,1232.1,20,24642.0,113192764.60000005
2025-08-01 11:35:26 AM,1231.0,0,0.0,113192764.60000005
2025-08-01 11:35:27 AM,1231.0,25,30775.0,113223539.60000005
2025-08-01 11:35:28 AM,1232.1,0,0.0,113223539.60000005
2025-08-01 11:35:32 AM,1232.1,20,24642.0,113248181.60000005
2025-08-01 11:35:36 AM,1232.2,0,0.0,113248181.60000005
2025-08-01 11:35:38 AM,1232.2,32,39430.4,113287612.00000006
2025-08-01 11:35:48 AM,1232.2,20,24644.0,113312256.00000006
2025-08-01 11:35:58 AM,1232.2,21,25876.2,113338132.20000006
2025-08-01 11:36:04 AM,1231.8,0,0.0,113338132.20000006
2025-08-01 11:36:06 AM,1231.2,0,0.0,113338132.20000006
2025-08-01 11:36:07 AM,1231.1,0,0.0,113338132.20000006
2025-08-01 11:36:08 AM,1230.9,64,78777.6,113416909.80000006
2025-08-01 11:36:10 AM,1230.7,0,0.0,113416909.80000006
2025-08-01 11:36:13 AM,1230.7,22,27075.4,113443985.20000006
2025-08-01 11:36:19 AM,1230.7,20,24614.0,113468599.20000006
2025-08-01 11:36:29 AM,1230.7,20,24614.0,113493213.20000006
2025-08-01 11:36:39 AM,1230.7,20,24614.0,113517827.20000006
2025-08-01 11:36:50 AM,1230.7,21,25844.7,113543671.90000007
2025-08-01 11:36:56 AM,1230.1,0,0.0,113543671.90000007
2025-08-01 11:37:00 AM,1230.1,21,25832.1,113569504.00000006
2025-08-01 11:37:11 AM,1230.1,20,24602.0,113594106.00000006
2025-08-01 11:37:16 AM,1230.1,20,24602.0,113618708.00000006
2025-08-01 11:37:27 AM,1230.1,20,24602.0,113643310.00000006
2025-08-01 11:37:37 AM,1230.1,7,8610.699999999999,113651920.70000006
2025-08-01 11:37:38 AM,1230.3,0,0.0,113651920.70000006
2025-08-01 11:37:42 AM,1230.3,15,18454.5,113670375.20000006
2025-08-01 11:37:48 AM,1230.3,20,24606.0,113694981.20000006
2025-08-01 11:37:56 AM,1231.2,0,0.0,113694981.20000006
2025-08-01 11:37:58 AM,1231.2,644,792892.8,114487874.00000006
2025-08-01 11:38:07 AM,1231.2,20,24624.0,114512498.00000006
2025-08-01 11:38:18 AM,1231.2,20,24624.0,114537122.00000006
2025-08-01 11:38:28 AM,1231.2,21,25855.2,114562977.20000006
2025-08-01 11:38:36 AM,1230.2,0,0.0,114562977.20000006
2025-08-01 11:38:38 AM,1230.2,9,11071.800000000001,114574049.00000006
2025-08-01 11:38:38 AM,1231.4,0,0.0,114574049.00000006
2025-08-01 11:38:39 AM,1231.4,20,24628.0,114598677.00000006
2025-08-01 11:38:48 AM,1231.4,20,24628.0,114623305.00000006
2025-08-01 11:38:53 AM,1231.3,0,0.0,114623305.00000006
2025-08-01 11:38:53 AM,1231.3,5,6156.5,114629461.50000006
2025-08-01 11:38:58 AM,1231.3,20,24626.0,114654087.50000006
2025-08-01 11:39:06 AM,1231.1,0,0.0,114654087.50000006
2025-08-01 11:39:08 AM,1231.1,20,24622.0,114678709.50000006
2025-08-01 11:39:18 AM,1231.1,21,25853.1,114704562.60000005
2025-08-01 11:39:28 AM,1231.1,20,24622.0,114729184.60000005
2025-08-01 11:39:37 AM,1230.0,0,0.0,114729184.60000005
2025-08-01 11:39:39 AM,1230.0,27,33210.0,114762394.60000005
2025-08-01 11:39:47 AM,1230.0,20,24600.0,114786994.60000005
2025-08-01 11:39:47 AM,1228.9,0,0.0,114786994.60000005
2025-08-01 11:39:50 AM,1228.9,6,7373.400000000001,114794368.00000006
2025-08-01 11:39:58 AM,1230.3,0,0.0,114794368.00000006
2025-08-01 11:40:00 AM,1229.6,0,0.0,114794368.00000006
2025-08-01 11:40:01 AM,1229.6,22,27051.199999999997,114821419.20000006
2025-08-01 11:40:08 AM,1230.4,0,0.0,114821419.20000006
2025-08-01 11:40:10 AM,1230.4,21,25838.4,114847257.60000007
2025-08-01 11:40:18 AM,1231.0,0,0.0,114847257.60000007
2025-08-01 11:40:22 AM,1231.0,20,24620.0,114871877.60000007
2025-08-01 11:40:26 AM,1231.0,20,24620.0,114896497.60000007
2025-08-01 11:40:36 AM,1230.8,0,0.0,114896497.60000007
2025-08-01 11:40:36 AM,1230.8,20,24616.0,114921113.60000007
2025-08-01 11:40:40 AM,1230.9,0,0.0,114921113.60000007
2025-08-01 11:40:41 AM,1229.6,0,0.0,114921113.60000007
2025-08-01 11:40:41 AM,1229.6,48,59020.799999999996,114980134.40000007
2025-08-01 11:40:48 AM,1230.9,0,0.0,114980134.40000007
2025-08-01 11:40:51 AM,1230.9,20,24618.0,115004752.40000007
2025-08-01 11:40:54 AM,1230.4,0,0.0,115004752.40000007
2025-08-01 11:40:56 AM,1230.5,11,13535.5,115018287.90000007
2025-08-01 11:40:58 AM,1231.3,0,0.0,115018287.90000007
2025-08-01 11:41:01 AM,1231.3,21,25857.3,115044145.20000006
2025-08-01 11:41:07 AM,1231.3,21,25857.3,115070002.50000006
2025-08-01 11:41:14 AM,1230.4,0,0.0,115070002.50000006
2025-08-01 11:41:17 AM,1230.4,2,2460.8,115072463.30000006
2025-08-01 11:41:18 AM,1231.3,0,0.0,115072463.30000006
2025-08-01 11:41:22 AM,1231.3,20,24626.0,115097089.30000006
2025-08-01 11:41:27 AM,1231.3,20,24626.0,115121715.30000006
2025-08-01 11:41:37 AM,1231.3,20,24626.0,115146341.30000006
2025-08-01 11:41:46 AM,1230.2,0,0.0,115146341.30000006
2025-08-01 11:41:47 AM,1230.2,5,6151.0,115152492.30000006
2025-08-01 11:41:48 AM,1231.4,0,0.0,115152492.30000006
2025-08-01 11:41:52 AM,1231.4,21,25859.4,115178351.70000006
2025-08-01 11:41:57 AM,1231.4,20,24628.0,115202979.70000006
2025-08-01 11:42:06 AM,1230.9,0,0.0,115202979.70000006
2025-08-01 11:42:07 AM,1230.9,20,24618.0,115227597.70000006
2025-08-01 11:42:18 AM,1230.9,20,24618.0,115252215.70000006
2025-08-01 11:42:18 AM,1230.4,1,1230.4,115253446.10000007
2025-08-01 11:42:28 AM,1230.9,0,0.0,115253446.10000007
2025-08-01 11:42:33 AM,1230.9,20,24618.0,115278064.10000007
2025-08-01 11:42:35 AM,1230.2,0,0.0,115278064.10000007
2025-08-01 11:42:38 AM,1230.1,0,0.0,115278064.10000007
2025-08-01 11:42:39 AM,1230.1,50,61504.99999999999,115339569.10000007
2025-08-01 11:42:49 AM,1230.1,20,24602.0,115364171.10000007
2025-08-01 11:42:56 AM,1229.2,0,0.0,115364171.10000007
2025-08-01 11:42:59 AM,1229.2,20,24584.0,115388755.10000007
2025-08-01 11:43:10 AM,1229.2,20,24584.0,115413339.10000007
2025-08-01 11:43:16 AM,1229.2,20,24584.0,115437923.10000007
2025-08-01 11:43:20 AM,1228.2,0,0.0,115437923.10000007
2025-08-01 11:43:21 AM,1228.2,42,51584.4,115489507.50000007
2025-08-01 11:43:28 AM,1228.6,0,0.0,115489507.50000007
2025-08-01 11:43:32 AM,1228.6,21,25800.6,115515308.10000007
2025-08-01 11:43:37 AM,1228.6,20,24572.0,115539880.10000007
2025-08-01 11:43:47 AM,1228.6,20,24572.0,115564452.10000007
2025-08-01 11:43:57 AM,1228.6,20,24572.0,115589024.10000007
2025-08-01 11:44:08 AM,1229.5,33,40573.5,115629597.60000007
2025-08-01 11:44:19 AM,1228.2,0,0.0,115629597.60000007
2025-08-01 11:44:21 AM,1228.2,65,79833.0,115709430.60000007
2025-08-01 11:44:28 AM,1229.0,0,0.0,115709430.60000007
2025-08-01 11:44:31 AM,1229.6,0,0.0,115709430.60000007
2025-08-01 11:44:32 AM,1229.6,20,24592.0,115734022.60000007
2025-08-01 11:44:37 AM,1229.5,0,0.0,115734022.60000007
2025-08-01 11:44:38 AM,1229.5,20,24590.0,115758612.60000007
2025-08-01 11:44:49 AM,1229.5,20,24590.0,115783202.60000007
2025-08-01 11:44:59 AM,1229.5,20,24590.0,115807792.60000007
2025-08-01 11:45:09 AM,1230.4,0,0.0,115807792.60000007
2025-08-01 11:45:10 AM,1230.4,21,25838.4,115833631.00000007
2025-08-01 11:45:21 AM,1230.4,20,24608.0,115858239.00000007
2025-08-01 11:45:28 AM,1231.3,0,0.0,115858239.00000007
2025-08-01 11:45:32 AM,1231.3,20,24626.0,115882865.00000007
2025-08-01 11:45:37 AM,1231.3,20,24626.0,115907491.00000007
2025-08-01 11:45:47 AM,1231.3,20,24626.0,115932117.00000007
2025-08-01 11:45:56 AM,1230.5,0,0.0,115932117.00000007
2025-08-01 11:45:58 AM,1230.4,0,0.0,115932117.00000007
2025-08-01 11:45:58 AM,1230.1,76,93487.59999999999,116025604.60000007
2025-08-01 11:46:06 AM,1230.0,0,0.0,116025604.60000007
2025-08-01 11:46:09 AM,1230.0,20,24600.0,116050204.60000007
2025-08-01 11:46:19 AM,1230.0,27,33210.0,116083414.60000007
2025-08-01 11:46:28 AM,1230.1,0,0.0,116083414.60000007
2025-08-01 11:46:30 AM,1230.1,5,6150.5,116089565.10000007
2025-08-01 11:46:30 AM,1230.9,0,0.0,116089565.10000007
2025-08-01 11:46:30 AM,1230.9,15,18463.5,116108028.60000007
2025-08-01 11:46:35 AM,1230.9,1,1230.9,116109259.50000007
2025-08-01 11:46:41 AM,1230.9,20,24618.0,116133877.50000007
2025-08-01 11:46:46 AM,1230.9,21,25848.9,116159726.40000008
2025-08-01 11:46:56 AM,1229.7,0,0.0,116159726.40000008
2025-08-01 11:46:57 AM,1229.7,1,1229.7,116160956.10000008
2025-08-01 11:46:58 AM,1230.6,0,0.0,116160956.10000008
2025-08-01 11:47:02 AM,1230.6,20,24612.0,116185568.10000008
2025-08-01 11:47:07 AM,1230.6,20,24612.0,116210180.10000008
2025-08-01 11:47:10 AM,1228.9,0,0.0,116210180.10000008
2025-08-01 11:47:12 AM,1228.9,397,487873.30000000005,116698053.40000008
2025-08-01 11:47:16 AM,1228.7,0,0.0,116698053.40000008
2025-08-01 11:47:17 AM,1228.7,20,24574.0,116722627.40000008
2025-08-01 11:47:18 AM,1228.6,0,0.0,116722627.40000008
2025-08-01 11:47:22 AM,1228.6,8,9828.8,116732456.20000008
2025-08-01 11:47:27 AM,1228.1,0,0.0,116732456.20000008
2025-08-01 11:47:27 AM,1228.1,21,25790.1,116758246.30000007
2025-08-01 11:47:37 AM,1228.1,21,25790.1,116784036.40000007
2025-08-01 11:47:46 AM,1227.9,0,0.0,116784036.40000007
2025-08-01 11:47:47 AM,1227.9,20,24558.0,116808594.40000007
2025-08-01 11:47:58 AM,1227.9,20,24558.0,116833152.40000007
2025-08-01 11:48:06 AM,1227.5,0,0.0,116833152.40000007
2025-08-01 11:48:08 AM,1227.5,20,24550.0,116857702.40000007
2025-08-01 11:48:18 AM,1227.5,20,24550.0,116882252.40000007
2025-08-01 11:48:28 AM,1227.5,21,25777.5,116908029.90000007
2025-08-01 11:48:37 AM,1227.9,0,0.0,116908029.90000007
2025-08-01 11:48:38 AM,1228.1,45,55264.49999999999,116963294.40000007
2025-08-01 11:48:46 AM,1227.8,0,0.0,116963294.40000007
2025-08-01 11:48:49 AM,1227.8,20,24556.0,116987850.40000007
2025-08-01 11:48:59 AM,1227.8,20,24556.0,117012406.40000007
2025-08-01 11:49:09 AM,1227.8,20,24556.0,117036962.40000007
2025-08-01 11:49:10 AM,1227.2,0,0.0,117036962.40000007
2025-08-01 11:49:14 AM,1227.2,2,2454.4,117039416.80000007
2025-08-01 11:49:18 AM,1227.8,0,0.0,117039416.80000007
2025-08-01 11:49:20 AM,1227.8,21,25783.8,117065200.60000007
2025-08-01 11:49:25 AM,1228.1,0,0.0,117065200.60000007
2025-08-01 11:49:25 AM,1228.1,22,27018.199999999997,117092218.80000007
2025-08-01 11:49:28 AM,1228.2,0,0.0,117092218.80000007
2025-08-01 11:49:30 AM,1228.2,41,50356.200000000004,117142575.00000007
2025-08-01 11:49:34 AM,1228.7,0,0.0,117142575.00000007
2025-08-01 11:49:35 AM,1228.7,38,46690.6,117189265.60000007
2025-08-01 11:49:38 AM,1229.0,0,0.0,117189265.60000007
2025-08-01 11:49:41 AM,1229.0,30,36870.0,117226135.60000007
2025-08-01 11:49:46 AM,1229.0,36,44244.0,117270379.60000007
2025-08-01 11:49:56 AM,1229.0,40,49160.0,117319539.60000007
2025-08-01 11:50:06 AM,1229.0,207,254403.0,117573942.60000007
2025-08-01 11:50:09 AM,1228.6,0,0.0,117573942.60000007
2025-08-01 11:50:12 AM,1228.6,17,20886.199999999997,117594828.80000007
2025-08-01 11:50:18 AM,1229.0,0,0.0,117594828.80000007
2025-08-01 11:50:22 AM,1229.0,20,24580.0,117619408.80000007
2025-08-01 11:50:28 AM,1229.0,20,24580.0,117643988.80000007
2025-08-01 11:50:36 AM,1228.9,0,0.0,117643988.80000007
2025-08-01 11:50:37 AM,1228.9,20,24578.0,117668566.80000007
2025-08-01 11:50:48 AM,1229.0,0,0.0,117668566.80000007
2025-08-01 11:50:52 AM,1229.0,20,24580.0,117693146.80000007
2025-08-01 11:50:57 AM,1229.0,21,25809.0,117718955.80000007
2025-08-01 11:50:58 AM,1228.9,0,0.0,117718955.80000007
2025-08-01 11:51:02 AM,1228.9,2,2457.8,117721413.60000007
2025-08-01 11:51:08 AM,1229.0,0,0.0,117721413.60000007
2025-08-01 11:51:12 AM,1229.0,20,24580.0,117745993.60000007
2025-08-01 11:51:17 AM,1229.0,20,24580.0,117770573.60000007
2025-08-01 11:51:26 AM,1229.0,23,28267.0,117798840.60000007
2025-08-01 11:51:36 AM,1229.0,20,24580.0,117823420.60000007
2025-08-01 11:51:46 AM,1229.0,21,25809.0,117849229.60000007
2025-08-01 11:51:49 AM,1228.6,0,0.0,117849229.60000007
2025-08-01 11:51:51 AM,1228.6,85,104430.99999999999,117953660.60000007
2025-08-01 11:51:58 AM,1229.0,0,0.0,117953660.60000007
2025-08-01 11:52:01 AM,1229.0,20,24580.0,117978240.60000007
2025-08-01 11:52:06 AM,1229.0,20,24580.0,118002820.60000007
2025-08-01 11:52:16 AM,1229.0,20,24580.0,118027400.60000007
2025-08-01 11:52:26 AM,1228.8,0,0.0,118027400.60000007
2025-08-01 11:52:26 AM,1228.8,20,24576.0,118051976.60000007
2025-08-01 11:52:36 AM,1228.7,0,0.0,118051976.60000007
2025-08-01 11:52:36 AM,1228.7,21,25802.7,118077779.30000007
2025-08-01 11:52:47 AM,1228.7,1,1228.7,118079008.00000007
2025-08-01 11:52:48 AM,1228.9,20,24578.0,118103586.00000007
2025-08-01 11:52:58 AM,1229.0,20,24580.0,118128166.00000007
2025-08-01 11:53:07 AM,1229.0,20,24580.0,118152746.00000007
2025-08-01 11:53:17 AM,1229.0,7,8603.0,118161349.00000007
2025-08-01 11:53:18 AM,1229.5,0,0.0,118161349.00000007
2025-08-01 11:53:19 AM,1229.5,8,9836.0,118171185.00000007
2025-08-01 11:53:20 AM,1229.6,0,0.0,118171185.00000007
2025-08-01 11:53:21 AM,1229.5,0,0.0,118171185.00000007
2025-08-01 11:53:23 AM,1229.5,31,38114.5,118209299.50000007
2025-08-01 11:53:28 AM,1229.5,21,25819.5,118235119.00000007
2025-08-01 11:53:38 AM,1229.5,2,2459.0,118237578.00000007
2025-08-01 11:53:38 AM,1229.8,0,0.0,118237578.00000007
2025-08-01 11:53:39 AM,1229.8,18,22136.399999999998,118259714.40000008
2025-08-01 11:53:48 AM,1229.8,20,24596.0,118284310.40000008
2025-08-01 11:53:58 AM,1229.8,20,24596.0,118308906.40000008
2025-08-01 11:54:06 AM,1229.5,0,0.0,118308906.40000008
2025-08-01 11:54:08 AM,1229.5,20,24590.0,118333496.40000008
2025-08-01 11:54:18 AM,1229.5,21,25819.5,118359315.90000008
2025-08-01 11:54:29 AM,1229.5,20,24590.0,118383905.90000008
2025-08-01 11:54:39 AM,1229.5,20,24590.0,118408495.90000008
2025-08-01 11:54:49 AM,1229.5,20,24590.0,118433085.90000008
2025-08-01 11:54:57 AM,1228.9,0,0.0,118433085.90000008
2025-08-01 11:54:59 AM,1228.9,41,50384.9,118483470.80000009
2025-08-01 11:55:09 AM,1228.9,21,25806.9,118509277.70000009
2025-08-01 11:55:16 AM,1228.8,0,0.0,118509277.70000009
2025-08-01 11:55:19 AM,1228.8,20,24576.0,118533853.70000009
2025-08-01 11:55:28 AM,1228.9,0,0.0,118533853.70000009
2025-08-01 11:55:29 AM,1228.9,20,24578.0,118558431.70000009
2025-08-01 11:55:34 AM,1228.0,0,0.0,118558431.70000009
2025-08-01 11:55:34 AM,1228.0,34,41752.0,118600183.70000009
2025-08-01 11:55:35 AM,1227.0,0,0.0,118600183.70000009
2025-08-01 11:55:35 AM,1227.0,50,61350.0,118661533.70000009
2025-08-01 11:55:38 AM,1227.8,0,0.0,118661533.70000009
2025-08-01 11:55:39 AM,1227.8,20,24556.0,118686089.70000009
2025-08-01 11:55:44 AM,1227.0,100,122700.0,118808789.70000009
2025-08-01 11:55:49 AM,1227.8,0,0.0,118808789.70000009
2025-08-01 11:55:49 AM,1227.8,20,24556.0,118833345.70000009
2025-08-01 11:55:58 AM,1228.2,0,0.0,118833345.70000009
2025-08-01 11:55:59 AM,1228.2,6,7369.200000000001,118840714.9000001
2025-08-01 11:56:00 AM,1228.3,0,0.0,118840714.9000001
2025-08-01 11:56:00 AM,1228.3,15,18424.5,118859139.4000001
2025-08-01 11:56:09 AM,1228.3,20,24566.0,118883705.4000001
2025-08-01 11:56:18 AM,1228.9,0,0.0,118883705.4000001
2025-08-01 11:56:20 AM,1228.9,20,24578.0,118908283.4000001
2025-08-01 11:56:26 AM,1228.3,20,24566.0,118932849.4000001
2025-08-01 11:56:36 AM,1228.3,14,17196.2,118950045.6000001
2025-08-01 11:56:38 AM,1228.7,0,0.0,118950045.6000001
2025-08-01 11:56:40 AM,1228.7,6,7372.200000000001,118957417.8000001
2025-08-01 11:56:41 AM,1228.9,0,0.0,118957417.8000001
2025-08-01 11:56:41 AM,1228.9,40,49156.0,119006573.8000001
2025-08-01 11:56:46 AM,1228.9,21,25806.9,119032380.7000001
2025-08-01 11:56:56 AM,1228.9,20,24578.0,119056958.7000001
2025-08-01 11:56:58 AM,1228.3,0,0.0,119056958.7000001
2025-08-01 11:57:00 AM,1228.3,10,12283.0,119069241.7000001
2025-08-01 11:57:03 AM,1227.5,0,0.0,119069241.7000001
2025-08-01 11:57:05 AM,1227.5,12,14730.0,119083971.7000001
2025-08-01 11:57:08 AM,1228.6,0,0.0,119083971.7000001
2025-08-01 11:57:10 AM,1228.6,20,24572.0,119108543.7000001
2025-08-01 11:57:16 AM,1228.6,20,24572.0,119133115.7000001
2025-08-01 11:57:26 AM,1228.6,20,24572.0,119157687.7000001
2025-08-01 11:57:30 AM,1227.7,3,3683.1000000000004,119161370.8000001
2025-08-01 11:57:38 AM,1227.8,0,0.0,119161370.8000001
2025-08-01 11:57:40 AM,1227.8,23,28239.399999999998,119189610.2000001
2025-08-01 11:57:48 AM,1228.6,0,0.0,119189610.2000001
2025-08-01 11:57:50 AM,1228.6,20,24572.0,119214182.2000001
2025-08-01 11:57:53 AM,1227.8,0,0.0,119214182.2000001
2025-08-01 11:57:55 AM,1227.8,20,24556.0,119238738.2000001
2025-08-01 11:57:56 AM,1227.7,0,0.0,119238738.2000001
2025-08-01 11:57:57 AM,1227.7,9,11049.300000000001,119249787.5000001
2025-08-01 11:57:58 AM,1227.9,0,0.0,119249787.5000001
2025-08-01 11:58:00 AM,1227.9,20,24558.0,119274345.5000001
2025-08-01 11:58:04 AM,1227.0,0,0.0,119274345.5000001
2025-08-01 11:58:05 AM,1227.0,44,53988.0,119328333.5000001
2025-08-01 11:58:08 AM,1227.9,0,0.0,119328333.5000001
2025-08-01 11:58:10 AM,1228.2,0,0.0,119328333.5000001
2025-08-01 11:58:11 AM,1228.2,7,8597.4,119336930.90000011
2025-08-01 11:58:18 AM,1228.3,0,0.0,119336930.90000011
2025-08-01 11:58:18 AM,1228.3,20,24566.0,119361496.90000011
2025-08-01 11:58:27 AM,1228.3,2,2456.6,119363953.5000001
2025-08-01 11:58:28 AM,1228.7,0,0.0,119363953.5000001
2025-08-01 11:58:29 AM,1228.7,18,22116.600000000002,119386070.1000001
2025-08-01 11:58:36 AM,1228.6,0,0.0,119386070.1000001
2025-08-01 11:58:38 AM,1228.6,23,28257.8,119414327.9000001
2025-08-01 11:58:48 AM,1228.9,20,24578.0,119438905.9000001
2025-08-01 11:58:59 AM,1228.9,21,25806.9,119464712.8000001
2025-08-01 11:59:07 AM,1228.8,0,0.0,119464712.8000001
2025-08-01 11:59:10 AM,1228.8,20,24576.0,119489288.8000001
2025-08-01 11:59:19 AM,1228.9,0,0.0,119489288.8000001
2025-08-01 11:59:20 AM,1228.9,20,24578.0,119513866.8000001
2025-08-01 11:59:26 AM,1228.8,20,24576.0,119538442.8000001
2025-08-01 11:59:27 AM,1228.9,0,0.0,119538442.8000001
2025-08-01 11:59:29 AM,1228.2,0,0.0,119538442.8000001
2025-08-01 11:59:29 AM,1228.2,7,8597.4,119547040.2000001
2025-08-01 11:59:31 AM,1228.2,69,84745.8,119631786.0000001
2025-08-01 11:59:39 AM,1228.8,0,0.0,119631786.0000001
2025-08-01 11:59:40 AM,1228.8,20,24576.0,119656362.0000001
2025-08-01 11:59:47 AM,1228.7,0,0.0,119656362.0000001
2025-08-01 11:59:47 AM,1228.7,21,25802.7,119682164.7000001
2025-08-01 11:59:57 AM,1227.9,0,0.0,119682164.7000001
2025-08-01 11:59:58 AM,1227.9,65,79813.5,119761978.2000001
2025-08-01 11:59:59 AM,1227.7,0,0.0,119761978.2000001
2025-08-01 12:00:01 PM,1227.7,21,25781.7,119787759.90000011
2025-08-01 12:00:01 PM,1227.6,0,0.0,119787759.90000011
2025-08-01 12:00:03 PM,1227.6,25,30689.999999999996,119818449.90000011
2025-08-01 12:00:06 PM,1227.6,20,24552.0,119843001.90000011
2025-08-01 12:00:14 PM,1227.9,1,1227.9,119844229.80000012
2025-08-01 12:00:17 PM,1227.9,20,24558.0,119868787.80000012
2025-08-01 12:00:18 PM,1227.1,0,0.0,119868787.80000012
2025-08-01 12:00:19 PM,1227.1,3,3681.2999999999997,119872469.10000011
2025-08-01 12:00:28 PM,1227.9,0,0.0,119872469.10000011
2025-08-01 12:00:29 PM,1227.9,20,24558.0,119897027.10000011
2025-08-01 12:00:37 PM,1227.9,21,25785.9,119922813.00000012
2025-08-01 12:00:47 PM,1227.9,20,24558.0,119947371.00000012
2025-08-01 12:00:57 PM,1227.9,20,24558.0,119971929.00000012
2025-08-01 12:01:06 PM,1227.9,20,24558.0,119996487.00000012
2025-08-01 12:01:16 PM,1227.9,20,24558.0,120021045.00000012
2025-08-01 12:01:28 PM,1227.9,21,25785.9,120046830.90000013
2025-08-01 12:01:36 PM,1227.3,0,0.0,120046830.90000013
2025-08-01 12:01:37 PM,1227.3,20,24546.0,120071376.90000013
2025-08-01 12:01:48 PM,1227.4,0,0.0,120071376.90000013
2025-08-01 12:01:49 PM,1227.4,20,24548.0,120095924.90000013
2025-08-01 12:01:53 PM,1227.1,0,0.0,120095924.90000013
2025-08-01 12:01:53 PM,1227.0,0,0.0,120095924.90000013
2025-08-01 12:01:54 PM,1227.0,9,11043.0,120106967.90000013
2025-08-01 12:01:56 PM,1226.8,66,80968.8,120187936.70000012
2025-08-01 12:01:58 PM,1227.3,0,0.0,120187936.70000012
2025-08-01 12:02:01 PM,1227.3,20,24546.0,120212482.70000012
2025-08-01 12:02:08 PM,1227.3,20,24546.0,120237028.70000012
2025-08-01 12:02:18 PM,1227.3,21,25773.3,120262802.00000012
2025-08-01 12:02:23 PM,1227.3,1,1227.3,120264029.30000012
2025-08-01 12:02:28 PM,1227.4,0,0.0,120264029.30000012
2025-08-01 12:02:28 PM,1227.4,20,24548.0,120288577.30000012
2025-08-01 12:02:39 PM,1227.4,20,24548.0,120313125.30000012
2025-08-01 12:02:49 PM,1227.4,20,24548.0,120337673.30000012
2025-08-01 12:02:59 PM,1227.4,20,24548.0,120362221.30000012
2025-08-01 12:03:01 PM,1227.0,2,2454.0,120364675.30000012
2025-08-01 12:03:04 PM,1227.2,14,17180.8,120381856.10000011
2025-08-01 12:03:06 PM,1226.8,1,1226.8,120383082.90000011
2025-08-01 12:03:08 PM,1227.2,0,0.0,120383082.90000011
2025-08-01 12:03:09 PM,1227.2,21,25771.2,120408854.10000011
2025-08-01 12:03:19 PM,1227.2,20,24544.0,120433398.10000011
2025-08-01 12:03:29 PM,1227.2,20,24544.0,120457942.10000011
2025-08-01 12:03:36 PM,1226.8,0,0.0,120457942.10000011
2025-08-01 12:03:38 PM,1226.8,35,42938.0,120500880.10000011
2025-08-01 12:03:48 PM,1227.3,0,0.0,120500880.10000011
2025-08-01 12:03:49 PM,1227.3,20,24546.0,120525426.10000011
2025-08-01 12:03:56 PM,1227.2,0,0.0,120525426.10000011
2025-08-01 12:03:56 PM,1227.2,21,25771.2,120551197.30000012
2025-08-01 12:04:01 PM,1226.8,0,0.0,120551197.30000012
2025-08-01 12:04:01 PM,1226.8,11,13494.8,120564692.10000011
2025-08-01 12:04:04 PM,1227.4,2,2454.8,120567146.90000011
2025-08-01 12:04:07 PM,1227.4,20,24548.0,120591694.90000011
2025-08-01 12:04:09 PM,1226.8,0,0.0,120591694.90000011
2025-08-01 12:04:09 PM,1226.8,20,24536.0,120616230.90000011
2025-08-01 12:04:18 PM,1227.1,0,0.0,120616230.90000011
2025-08-01 12:04:20 PM,1227.1,20,24542.0,120640772.90000011
2025-08-01 12:04:21 PM,1226.8,0,0.0,120640772.90000011
2025-08-01 12:04:23 PM,1226.8,35,42938.0,120683710.90000011
2025-08-01 12:04:28 PM,1226.9,0,0.0,120683710.90000011
2025-08-01 12:04:28 PM,1226.9,23,28218.7,120711929.60000011
2025-08-01 12:04:38 PM,1226.9,20,24538.0,120736467.60000011
2025-08-01 12:04:48 PM,1227.1,21,25769.1,120762236.7000001
2025-08-01 12:04:58 PM,1227.2,10,12272.0,120774508.7000001
2025-08-01 12:04:59 PM,1227.4,0,0.0,120774508.7000001
2025-08-01 12:05:00 PM,1227.4,9,11046.6,120785555.3000001
2025-08-01 12:05:09 PM,1227.6,0,0.0,120785555.3000001
2025-08-01 12:05:09 PM,1227.6,20,24552.0,120810107.3000001
2025-08-01 12:05:17 PM,1227.1,0,0.0,120810107.3000001
2025-08-01 12:05:19 PM,1227.1,20,24542.0,120834649.3000001
2025-08-01 12:05:29 PM,1227.2,0,0.0,120834649.3000001
2025-08-01 12:05:29 PM,1227.2,8,9817.6,120844466.9000001
2025-08-01 12:05:30 PM,1227.6,5,6138.0,120850604.9000001
2025-08-01 12:05:39 PM,1227.9,0,0.0,120850604.9000001
2025-08-01 12:05:39 PM,1227.9,20,24558.0,120875162.9000001
2025-08-01 12:05:40 PM,1228.0,30,36840.0,120912002.9000001
2025-08-01 12:05:41 PM,1226.7,0,0.0,120912002.9000001
2025-08-01 12:05:43 PM,1227.5,0,0.0,120912002.9000001
2025-08-01 12:05:44 PM,1227.5,1167,1432492.5,122344495.4000001
2025-08-01 12:05:47 PM,1227.4,0,0.0,122344495.4000001
2025-08-01 12:05:49 PM,1226.4,0,0.0,122344495.4000001
2025-08-01 12:05:49 PM,1226.4,61,74810.40000000001,122419305.8000001
2025-08-01 12:05:51 PM,1227.4,0,0.0,122419305.8000001
2025-08-01 12:05:53 PM,1226.3,0,0.0,122419305.8000001
2025-08-01 12:05:54 PM,1226.3,50,61315.0,122480620.8000001
2025-08-01 12:05:55 PM,1227.2,12,14726.400000000001,122495347.2000001
2025-08-01 12:05:57 PM,1226.3,0,0.0,122495347.2000001
2025-08-01 12:06:00 PM,1226.3,30,36789.0,122532136.2000001
2025-08-01 12:06:09 PM,1226.7,0,0.0,122532136.2000001
2025-08-01 12:06:10 PM,1226.0,170,208420.0,122740556.2000001
2025-08-01 12:06:19 PM,1226.7,6,7360.200000000001,122747916.40000011
2025-08-01 12:06:20 PM,1226.8,0,0.0,122747916.40000011
2025-08-01 12:06:24 PM,1226.8,17,20855.6,122768772.0000001
2025-08-01 12:06:29 PM,1227.0,20,24540.0,122793312.0000001
2025-08-01 12:06:38 PM,1227.0,20,24540.0,122817852.0000001
2025-08-01 12:06:45 PM,1226.3,0,0.0,122817852.0000001
2025-08-01 12:06:49 PM,1226.9,102,125143.8,122942995.8000001
2025-08-01 12:06:58 PM,1226.9,20,24538.0,122967533.8000001
2025-08-01 12:07:01 PM,1226.0,0,0.0,122967533.8000001
2025-08-01 12:07:03 PM,1226.0,15,18390.0,122985923.8000001
2025-08-01 12:07:08 PM,1226.5,21,25756.5,123011680.3000001
2025-08-01 12:07:19 PM,1226.5,20,24530.0,123036210.3000001
2025-08-01 12:07:24 PM,1226.5,10,12265.0,123048475.3000001
2025-08-01 12:07:29 PM,1226.5,30,36795.0,123085270.3000001
2025-08-01 12:07:37 PM,1226.4,0,0.0,123085270.3000001
2025-08-01 12:07:39 PM,1226.4,20,24528.0,123109798.3000001
2025-08-01 12:07:47 PM,1226.3,0,0.0,123109798.3000001
2025-08-01 12:07:49 PM,1226.3,20,24526.0,123134324.3000001
2025-08-01 12:07:59 PM,1226.3,26,31883.8,123166208.1000001
2025-08-01 12:08:09 PM,1226.3,20,24526.0,123190734.1000001
2025-08-01 12:08:11 PM,1227.7,0,0.0,123190734.1000001
2025-08-01 12:08:14 PM,1227.7,463,568425.1,123759159.20000009
2025-08-01 12:08:19 PM,1228.1,0,0.0,123759159.20000009
2025-08-01 12:08:19 PM,1228.1,22,27018.199999999997,123786177.4000001
2025-08-01 12:08:21 PM,1227.7,0,0.0,123786177.4000001
2025-08-01 12:08:24 PM,1227.7,10,12277.0,123798454.4000001
2025-08-01 12:08:29 PM,1227.1,0,0.0,123798454.4000001
2025-08-01 12:08:29 PM,1227.1,100,122709.99999999999,123921164.4000001
2025-08-01 12:08:31 PM,1227.0,0,0.0,123921164.4000001
2025-08-01 12:08:33 PM,1226.9,0,0.0,123921164.4000001
2025-08-01 12:08:34 PM,1226.9,250,306725.0,124227889.4000001
2025-08-01 12:08:39 PM,1227.0,0,0.0,124227889.4000001
2025-08-01 12:08:39 PM,1227.0,38,46626.0,124274515.4000001
2025-08-01 12:08:43 PM,1226.9,0,0.0,124274515.4000001
2025-08-01 12:08:44 PM,1226.9,221,271144.9,124545660.3000001
2025-08-01 12:08:49 PM,1227.9,0,0.0,124545660.3000001
2025-08-01 12:08:49 PM,1227.9,9,11051.1,124556711.4000001
2025-08-01 12:08:51 PM,1228.0,0,0.0,124556711.4000001
2025-08-01 12:08:53 PM,1228.1,0,0.0,124556711.4000001
2025-08-01 12:08:54 PM,1228.1,40,49124.0,124605835.4000001
2025-08-01 12:08:59 PM,1228.3,0,0.0,124605835.4000001
2025-08-01 12:08:59 PM,1228.3,20,24566.0,124630401.4000001
2025-08-01 12:09:09 PM,1228.3,20,24566.0,124654967.4000001
2025-08-01 12:09:13 PM,1228.2,0,0.0,124654967.4000001
2025-08-01 12:09:14 PM,1228.2,208,255465.6,124910433.00000009
2025-08-01 12:09:17 PM,1228.1,0,0.0,124910433.00000009
2025-08-01 12:09:19 PM,1228.1,20,24562.0,124934995.00000009
2025-08-01 12:09:25 PM,1227.2,0,0.0,124934995.00000009
2025-08-01 12:09:27 PM,1227.0,0,0.0,124934995.00000009
2025-08-01 12:09:29 PM,1227.0,69,84663.0,125019658.00000009
2025-08-01 12:09:39 PM,1227.0,21,25767.0,125045425.00000009
2025-08-01 12:09:49 PM,1227.0,20,24540.0,125069965.00000009
2025-08-01 12:09:53 PM,1226.8,0,0.0,125069965.00000009
2025-08-01 12:09:54 PM,1226.8,91,111638.8,125181603.80000009
2025-08-01 12:09:59 PM,1227.4,20,24548.0,125206151.80000009
2025-08-01 12:10:09 PM,1227.6,2,2455.2,125208607.00000009
2025-08-01 12:10:11 PM,1227.7,0,0.0,125208607.00000009
2025-08-01 12:10:14 PM,1227.7,18,22098.600000000002,125230705.60000008
2025-08-01 12:10:17 PM,1227.8,0,0.0,125230705.60000008
2025-08-01 12:10:19 PM,1227.8,12,14733.599999999999,125245439.20000008
2025-08-01 12:10:21 PM,1228.0,0,0.0,125245439.20000008
2025-08-01 12:10:23 PM,1227.0,0,0.0,125245439.20000008
2025-08-01 12:10:24 PM,1227.0,77,94479.0,125339918.20000008
2025-08-01 12:10:29 PM,1227.0,21,25767.0,125365685.20000008
2025-08-01 12:10:39 PM,1227.0,20,24540.0,125390225.20000008
2025-08-01 12:10:41 PM,1226.8,0,0.0,125390225.20000008
2025-08-01 12:10:44 PM,1226.8,15,18402.0,125408627.20000008
2025-08-01 12:10:48 PM,1227.0,0,0.0,125408627.20000008
2025-08-01 12:10:49 PM,1227.0,20,24540.0,125433167.20000008
2025-08-01 12:10:53 PM,1227.2,0,0.0,125433167.20000008
2025-08-01 12:10:54 PM,1227.2,178,218441.6,125651608.80000007
2025-08-01 12:10:59 PM,1227.2,20,24544.0,125676152.80000007
2025-08-01 12:11:05 PM,1227.0,0,0.0,125676152.80000007
2025-08-01 12:11:09 PM,1227.2,26,31907.2,125708060.00000007
2025-08-01 12:11:19 PM,1227.4,21,25775.4,125733835.40000008
2025-08-01 12:11:29 PM,1227.6,20,24552.0,125758387.40000008
2025-08-01 12:11:38 PM,1228.1,0,0.0,125758387.40000008
2025-08-01 12:11:39 PM,1228.1,20,24562.0,125782949.40000008
2025-08-01 12:11:47 PM,1228.0,0,0.0,125782949.40000008
2025-08-01 12:11:48 PM,1228.0,20,24560.0,125807509.40000008
2025-08-01 12:11:58 PM,1228.0,5,6140.0,125813649.40000008
2025-08-01 12:11:59 PM,1228.1,0,0.0,125813649.40000008
2025-08-01 12:12:01 PM,1228.3,0,0.0,125813649.40000008
2025-08-01 12:12:03 PM,1228.3,16,19652.8,125833302.20000008
2025-08-01 12:12:08 PM,1228.3,10,12283.0,125845585.20000008
2025-08-01 12:12:09 PM,1228.4,0,0.0,125845585.20000008
2025-08-01 12:12:11 PM,1228.3,0,0.0,125845585.20000008
2025-08-01 12:12:12 PM,1228.3,12,14739.599999999999,125860324.80000007
2025-08-01 12:12:19 PM,1228.7,0,0.0,125860324.80000007
2025-08-01 12:12:22 PM,1228.7,20,24574.0,125884898.80000007
2025-08-01 12:12:32 PM,1228.7,51,62663.700000000004,125947562.50000007
2025-08-01 12:12:38 PM,1228.7,20,24574.0,125972136.50000007
2025-08-01 12:12:47 PM,1228.3,0,0.0,125972136.50000007
2025-08-01 12:12:48 PM,1228.3,40,49132.0,126021268.50000007
2025-08-01 12:12:59 PM,1228.7,21,25802.7,126047071.20000008
2025-08-01 12:13:09 PM,1228.7,20,24574.0,126071645.20000008
2025-08-01 12:13:18 PM,1228.8,0,0.0,126071645.20000008
2025-08-01 12:13:18 PM,1228.8,11,13516.8,126085162.00000007
2025-08-01 12:13:20 PM,1228.9,0,0.0,126085162.00000007
2025-08-01 12:13:23 PM,1228.3,14,17196.2,126102358.20000008
2025-08-01 12:13:28 PM,1228.3,14,17196.2,126119554.40000008
2025-08-01 12:13:28 PM,1228.4,2,2456.8,126122011.20000008
2025-08-01 12:13:31 PM,1228.9,0,0.0,126122011.20000008
2025-08-01 12:13:33 PM,1228.9,4,4915.6,126126926.80000007
2025-08-01 12:13:37 PM,1228.7,0,0.0,126126926.80000007
2025-08-01 12:13:38 PM,1228.7,20,24574.0,126151500.80000007
2025-08-01 12:13:48 PM,1228.7,21,25802.7,126177303.50000007
2025-08-01 12:13:57 PM,1228.1,0,0.0,126177303.50000007
2025-08-01 12:13:58 PM,1228.1,22,27018.199999999997,126204321.70000008
2025-08-01 12:14:07 PM,1228.4,0,0.0,126204321.70000008
2025-08-01 12:14:08 PM,1228.4,1,1228.4,126205550.10000008
2025-08-01 12:14:09 PM,1229.2,20,24584.0,126230134.10000008
2025-08-01 12:14:18 PM,1229.2,20,24584.0,126254718.10000008
2025-08-01 12:14:28 PM,1229.2,20,24584.0,126279302.10000008
2025-08-01 12:14:38 PM,1229.2,21,25813.2,126305115.30000009
2025-08-01 12:14:48 PM,1229.2,20,24584.0,126329699.30000009
2025-08-01 12:14:58 PM,1229.2,20,24584.0,126354283.30000009
2025-08-01 12:15:03 PM,1228.8,0,0.0,126354283.30000009
2025-08-01 12:15:03 PM,1228.8,40,49152.0,126403435.30000009
2025-08-01 12:15:07 PM,1228.5,0,0.0,126403435.30000009
2025-08-01 12:15:08 PM,1228.5,52,63882.0,126467317.30000009
2025-08-01 12:15:17 PM,1228.3,0,0.0,126467317.30000009
2025-08-01 12:15:19 PM,1226.8,934,1145831.2,127613148.50000009
2025-08-01 12:15:23 PM,1227.6,0,0.0,127613148.50000009
2025-08-01 12:15:24 PM,1227.6,42,51559.2,127664707.70000009
2025-08-01 12:15:29 PM,1227.9,1,1227.9,127665935.6000001
2025-08-01 12:15:31 PM,1228.0,0,0.0,127665935.6000001
2025-08-01 12:15:34 PM,1228.0,20,24560.0,127690495.6000001
2025-08-01 12:15:39 PM,1227.5,0,0.0,127690495.6000001
2025-08-01 12:15:39 PM,1227.5,27,33142.5,127723638.1000001
2025-08-01 12:15:41 PM,1227.1,0,0.0,127723638.1000001
2025-08-01 12:15:45 PM,1227.1,4,4908.4,127728546.5000001
2025-08-01 12:15:49 PM,1228.1,0,0.0,127728546.5000001
2025-08-01 12:15:50 PM,1228.1,20,24562.0,127753108.5000001
2025-08-01 12:15:59 PM,1228.2,0,0.0,127753108.5000001
2025-08-01 12:16:00 PM,1228.2,1,1228.2,127754336.7000001
2025-08-01 12:16:01 PM,1228.4,0,0.0,127754336.7000001
2025-08-01 12:16:05 PM,1228.4,19,23339.600000000002,127777676.3000001
2025-08-01 12:16:10 PM,1228.4,20,24568.0,127802244.3000001
2025-08-01 12:16:17 PM,1227.5,0,0.0,127802244.3000001
2025-08-01 12:16:19 PM,1227.5,23,28232.5,127830476.8000001
2025-08-01 12:16:29 PM,1227.9,3,3683.7000000000003,127834160.5000001
2025-08-01 12:16:31 PM,1228.7,0,0.0,127834160.5000001
2025-08-01 12:16:34 PM,1228.7,17,20887.9,127855048.40000011
2025-08-01 12:16:37 PM,1228.6,0,0.0,127855048.40000011
2025-08-01 12:16:39 PM,1228.6,20,24572.0,127879620.40000011
2025-08-01 12:16:48 PM,1228.7,20,24574.0,127904194.40000011
2025-08-01 12:16:58 PM,1228.7,20,24574.0,127928768.40000011
2025-08-01 12:17:08 PM,1228.7,21,25802.7,127954571.10000011
2025-08-01 12:17:18 PM,1228.7,20,24574.0,127979145.10000011
2025-08-01 12:17:23 PM,1228.7,7,8600.9,127987746.00000012
2025-08-01 12:17:27 PM,1228.7,4,4914.8,127992660.80000012
2025-08-01 12:17:28 PM,1228.8,0,0.0,127992660.80000012
2025-08-01 12:17:32 PM,1228.8,16,19660.8,128012321.60000011
2025-08-01 12:17:37 PM,1228.7,20,24574.0,128036895.60000011
2025-08-01 12:17:46 PM,1228.7,20,24574.0,128061469.60000011
2025-08-01 12:17:51 PM,1228.7,1,1228.7,128062698.30000012
2025-08-01 12:17:57 PM,1228.6,0,0.0,128062698.30000012
2025-08-01 12:18:01 PM,1228.6,21,25800.6,128088498.90000011
2025-08-01 12:18:06 PM,1228.1,20,24562.0,128113060.90000011
2025-08-01 12:18:13 PM,1227.4,0,0.0,128113060.90000011
2025-08-01 12:18:16 PM,1227.4,177,217249.80000000002,128330310.7000001
2025-08-01 12:18:19 PM,1228.1,0,0.0,128330310.7000001
2025-08-01 12:18:20 PM,1228.1,20,24562.0,128354872.7000001
2025-08-01 12:18:25 PM,1228.1,20,24562.0,128379434.7000001
2025-08-01 12:18:30 PM,1228.1,21,25790.1,128405224.8000001
2025-08-01 12:18:39 PM,1228.3,0,0.0,128405224.8000001
2025-08-01 12:18:40 PM,1228.3,20,24566.0,128429790.8000001
2025-08-01 12:18:47 PM,1228.5,0,0.0,128429790.8000001
2025-08-01 12:18:50 PM,1228.6,124,152346.4,128582137.2000001
2025-08-01 12:18:51 PM,1228.7,20,24574.0,128606711.2000001
2025-08-01 12:18:53 PM,1229.0,0,0.0,128606711.2000001
2025-08-01 12:18:55 PM,1229.4,0,0.0,128606711.2000001
2025-08-01 12:18:55 PM,1229.4,63,77452.20000000001,128684163.40000011
2025-08-01 12:18:56 PM,1229.4,13,15982.2,128700145.60000011
