date,price,qty,trnvr,cum_trnvr
2025-08-01 09:15:00 AM,111.05,2439,270850.95,270850.95
2025-08-01 09:15:06 AM,111.34,1500,167010.0,437860.95
2025-08-01 09:15:16 AM,111.08,69,7664.5199999999995,445525.47000000003
2025-08-01 09:15:19 AM,111.33,730,81270.9,526796.37
2025-08-01 09:15:23 AM,111.33,100,11133.0,537929.37
2025-08-01 09:15:27 AM,111.3,400,44520.0,582449.37
2025-08-01 09:15:27 AM,111.13,0,0.0,582449.37
2025-08-01 09:15:28 AM,111.13,6563,729346.19,1311795.56
2025-08-01 09:15:32 AM,111.29,0,0.0,1311795.56
2025-08-01 09:15:33 AM,111.29,1,111.29,1311906.85
2025-08-01 09:15:37 AM,111.29,20,2225.8,1314132.6500000001
2025-08-01 09:15:47 AM,111.29,50,5564.5,1319697.1500000001
2025-08-01 09:15:49 AM,111.29,247,27488.63,1347185.78
2025-08-01 09:15:49 AM,111.31,0,0.0,1347185.78
2025-08-01 09:15:50 AM,111.31,2000,222620.0,1569805.78
2025-08-01 09:15:58 AM,111.47,7300,813731.0,2383536.7800000003
2025-08-01 09:16:00 AM,111.3,0,0.0,2383536.7800000003
2025-08-01 09:16:03 AM,110.86,0,0.0,2383536.7800000003
2025-08-01 09:16:04 AM,110.86,5324,590218.64,2973755.4200000004
2025-08-01 09:16:08 AM,110.85,0,0.0,2973755.4200000004
2025-08-01 09:16:12 AM,110.85,68,7537.799999999999,2981293.22
2025-08-01 09:16:13 AM,110.52,3005,332112.6,3313405.8200000003
2025-08-01 09:16:14 AM,110.5,0,0.0,3313405.8200000003
2025-08-01 09:16:20 AM,110.25,256,28224.0,3341629.8200000003
2025-08-01 09:16:22 AM,110.63,119,13164.97,3354794.7900000005
2025-08-01 09:16:25 AM,110.72,0,0.0,3354794.7900000005
2025-08-01 09:16:28 AM,110.55,241,26642.55,3381437.3400000003
2025-08-01 09:16:30 AM,110.88,1000,110880.0,3492317.3400000003
2025-08-01 09:16:35 AM,110.81,0,0.0,3492317.3400000003
2025-08-01 09:16:37 AM,110.81,1648,182614.88,3674932.22
2025-08-01 09:16:45 AM,110.8,483,53516.4,3728448.62
2025-08-01 09:16:45 AM,110.61,0,0.0,3728448.62
2025-08-01 09:16:46 AM,110.61,973,107623.53,3836072.15
2025-08-01 09:16:53 AM,110.89,159,17631.51,3853703.6599999997
2025-08-01 09:16:55 AM,111.03,1,111.03,3853814.6899999995
2025-08-01 09:17:05 AM,111.22,0,0.0,3853814.6899999995
2025-08-01 09:17:10 AM,111.26,520,57855.200000000004,3911669.8899999997
2025-08-01 09:17:18 AM,111.26,1,111.26,3911781.1499999994
2025-08-01 09:17:27 AM,111.31,500,55655.0,3967436.1499999994
2025-08-01 09:17:37 AM,111.2,0,0.0,3967436.1499999994
2025-08-01 09:17:43 AM,111.26,2114,235203.64,4202639.789999999
2025-08-01 09:17:44 AM,111.2,537,59714.4,4262354.1899999995
2025-08-01 09:17:46 AM,111.3,0,0.0,4262354.1899999995
2025-08-01 09:17:51 AM,111.3,5750,639975.0,4902329.1899999995
2025-08-01 09:17:55 AM,111.26,0,0.0,4902329.1899999995
2025-08-01 09:17:57 AM,111.24,0,0.0,4902329.1899999995
2025-08-01 09:17:59 AM,111.42,2451,273090.42,5175419.609999999
2025-08-01 09:18:00 AM,111.17,6362,707263.54,5882683.149999999
2025-08-01 09:18:03 AM,111.23,0,0.0,5882683.149999999
2025-08-01 09:18:08 AM,111.23,341,37929.43,5920612.579999999
2025-08-01 09:18:09 AM,111.44,100,11144.0,5931756.579999999
2025-08-01 09:18:16 AM,111.64,1777,198384.28,6130140.859999999
2025-08-01 09:18:19 AM,111.73,0,0.0,6130140.859999999
2025-08-01 09:18:24 AM,111.73,500,55865.0,6186005.859999999
2025-08-01 09:18:27 AM,111.75,0,0.0,6186005.859999999
2025-08-01 09:18:29 AM,111.76,0,0.0,6186005.859999999
2025-08-01 09:18:32 AM,111.76,1442,161157.92,6347163.779999999
2025-08-01 09:18:34 AM,111.85,325,36351.25,6383515.029999999
2025-08-01 09:18:41 AM,111.85,25,2796.25,6386311.279999999
2025-08-01 09:18:51 AM,111.8,0,0.0,6386311.279999999
2025-08-01 09:18:57 AM,111.99,5243,587163.57,6973474.85
2025-08-01 09:19:01 AM,112.08,0,0.0,6973474.85
2025-08-01 09:19:05 AM,111.91,703,78672.73,7052147.58
2025-08-01 09:19:09 AM,112.0,0,0.0,7052147.58
2025-08-01 09:19:13 AM,112.09,998,111865.82,7164013.4
2025-08-01 09:19:21 AM,112.13,335,37563.549999999996,7201576.95
2025-08-01 09:19:32 AM,112.01,0,0.0,7201576.95
2025-08-01 09:19:37 AM,112.01,3582,401219.82,7602796.7700000005
2025-08-01 09:19:53 AM,112.0,200,22400.0,7625196.7700000005
2025-08-01 09:20:01 AM,111.95,650,72767.5,7697964.2700000005
2025-08-01 09:20:03 AM,111.95,250,27987.5,7725951.7700000005
2025-08-01 09:20:08 AM,111.98,0,0.0,7725951.7700000005
2025-08-01 09:20:09 AM,111.98,1010,113099.8,7839051.57
2025-08-01 09:20:17 AM,111.88,88,9845.439999999999,7848897.010000001
2025-08-01 09:20:19 AM,111.87,90,10068.300000000001,7858965.3100000005
2025-08-01 09:20:22 AM,111.75,0,0.0,7858965.3100000005
2025-08-01 09:20:25 AM,111.75,95,10616.25,7869581.5600000005
2025-08-01 09:20:29 AM,111.65,0,0.0,7869581.5600000005
2025-08-01 09:20:33 AM,111.7,440,49148.0,7918729.5600000005
2025-08-01 09:20:34 AM,111.84,3,335.52,7919065.08
2025-08-01 09:20:56 AM,111.86,1144,127967.84,8047032.92
2025-08-01 09:21:08 AM,111.82,0,0.0,8047032.92
2025-08-01 09:21:12 AM,111.82,406,45398.92,8092431.84
2025-08-01 09:21:20 AM,111.72,295,32957.4,8125389.24
2025-08-01 09:21:47 AM,111.83,0,0.0,8125389.24
2025-08-01 09:21:51 AM,111.83,5,559.15,8125948.390000001
2025-08-01 09:21:59 AM,111.84,1000,111840.0,8237788.390000001
2025-08-01 09:22:29 AM,111.73,270,30167.100000000002,8267955.49
2025-08-01 09:22:36 AM,111.78,100,11178.0,8279133.49
2025-08-01 09:22:50 AM,111.7,0,0.0,8279133.49
2025-08-01 09:22:51 AM,111.7,100,11170.0,8290303.49
2025-08-01 09:22:53 AM,111.7,445,49706.5,8340009.99
2025-08-01 09:23:01 AM,111.64,606,67653.84,8407663.83
2025-08-01 09:23:07 AM,111.51,161,17953.11,8425616.94
2025-08-01 09:23:08 AM,111.65,830,92669.5,8518286.44
2025-08-01 09:23:16 AM,111.5,1000,111500.0,8629786.44
2025-08-01 09:23:22 AM,111.5,161,17951.5,8647737.94
2025-08-01 09:23:30 AM,111.5,11,1226.5,8648964.44
2025-08-01 09:23:30 AM,111.46,0,0.0,8648964.44
2025-08-01 09:23:31 AM,111.46,161,17945.059999999998,8666909.5
2025-08-01 09:23:37 AM,111.45,414,46140.3,8713049.8
2025-08-01 09:23:44 AM,111.25,0,0.0,8713049.8
2025-08-01 09:23:45 AM,111.25,161,17911.25,8730961.05
2025-08-01 09:23:54 AM,111.18,186,20679.48,8751640.530000001
2025-08-01 09:23:56 AM,111.15,0,0.0,8751640.530000001
2025-08-01 09:24:00 AM,111.15,2,222.3,8751862.830000002
2025-08-01 09:24:02 AM,111.24,1,111.24,8751974.070000002
2025-08-01 09:24:03 AM,111.34,0,0.0,8751974.070000002
2025-08-01 09:24:08 AM,111.17,1262,140296.54,8892270.610000001
2025-08-01 09:24:17 AM,111.29,350,38951.5,8931222.110000001
2025-08-01 09:24:23 AM,111.16,395,43908.2,8975130.31
2025-08-01 09:24:25 AM,111.28,2,222.56,8975352.870000001
2025-08-01 09:24:31 AM,111.18,166,18455.88,8993808.750000002
2025-08-01 09:24:46 AM,111.16,161,17896.76,9011705.510000002
2025-08-01 09:24:53 AM,111.37,2000,222740.0,9234445.510000002
2025-08-01 09:24:54 AM,111.19,0,0.0,9234445.510000002
2025-08-01 09:24:55 AM,111.19,161,17901.59,9252347.100000001
2025-08-01 09:25:08 AM,111.19,7,778.3299999999999,9253125.430000002
2025-08-01 09:25:25 AM,111.42,1025,114205.5,9367330.930000002
2025-08-01 09:25:31 AM,111.45,50,5572.5,9372903.430000002
2025-08-01 09:25:38 AM,111.55,3299,368003.45,9740906.88
2025-08-01 09:25:43 AM,111.56,0,0.0,9740906.88
2025-08-01 09:25:45 AM,111.56,100,11156.0,9752062.88
2025-08-01 09:25:53 AM,111.69,22,2457.18,9754520.06
2025-08-01 09:26:01 AM,111.69,156,17423.64,9771943.700000001
2025-08-01 09:26:08 AM,111.6,2,223.2,9772166.9
2025-08-01 09:26:18 AM,111.69,100,11169.0,9783335.9
2025-08-01 09:26:24 AM,111.69,100,11169.0,9794504.9
2025-08-01 09:26:26 AM,111.6,170,18972.0,9813476.9
2025-08-01 09:26:31 AM,111.6,1,111.6,9813588.5
2025-08-01 09:26:36 AM,111.64,0,0.0,9813588.5
2025-08-01 09:26:39 AM,111.64,2145,239467.8,10053056.3
2025-08-01 09:26:45 AM,111.7,0,0.0,10053056.3
2025-08-01 09:26:47 AM,111.7,100,11170.0,10064226.3
2025-08-01 09:26:54 AM,111.75,589,65820.75,10130047.05
2025-08-01 09:26:56 AM,111.81,738,82515.78,10212562.83
2025-08-01 09:26:58 AM,111.85,0,0.0,10212562.83
2025-08-01 09:27:02 AM,111.85,151,16889.35,10229452.18
2025-08-01 09:27:03 AM,111.85,2004,224147.4,10453599.58
2025-08-01 09:27:09 AM,111.77,877,98022.29,10551621.87
2025-08-01 09:27:11 AM,111.66,150,16749.0,10568370.87
2025-08-01 09:27:16 AM,111.75,0,0.0,10568370.87
2025-08-01 09:27:17 AM,111.75,100,11175.0,10579545.87
2025-08-01 09:27:18 AM,111.75,10,1117.5,10580663.37
2025-08-01 09:27:25 AM,111.75,50,5587.5,10586250.87
2025-08-01 09:27:33 AM,111.76,250,27940.0,10614190.87
2025-08-01 09:27:56 AM,111.75,50,5587.5,10619778.37
2025-08-01 09:28:01 AM,111.74,0,0.0,10619778.37
2025-08-01 09:28:02 AM,111.74,212,23688.879999999997,10643467.25
2025-08-01 09:28:07 AM,111.58,0,0.0,10643467.25
2025-08-01 09:28:10 AM,111.58,382,42623.56,10686090.81
2025-08-01 09:28:11 AM,111.59,1,111.59,10686202.4
2025-08-01 09:28:25 AM,111.63,205,22884.149999999998,10709086.55
2025-08-01 09:28:31 AM,111.48,0,0.0,10709086.55
2025-08-01 09:28:33 AM,111.48,152,16944.96,10726031.510000002
2025-08-01 09:28:37 AM,111.46,0,0.0,10726031.510000002
2025-08-01 09:28:40 AM,111.46,125,13932.5,10739964.010000002
2025-08-01 09:28:48 AM,111.46,714,79582.44,10819546.450000001
2025-08-01 09:28:55 AM,111.46,330,36781.799999999996,10856328.250000002
2025-08-01 09:28:57 AM,111.67,3123,348745.41000000003,11205073.660000002
2025-08-01 09:29:18 AM,111.64,111,12392.04,11217465.700000001
2025-08-01 09:29:21 AM,111.66,0,0.0,11217465.700000001
2025-08-01 09:29:26 AM,111.66,1,111.66,11217577.360000001
2025-08-01 09:29:36 AM,111.69,0,0.0,11217577.360000001
2025-08-01 09:29:41 AM,111.69,300,33507.0,11251084.360000001
2025-08-01 09:29:48 AM,111.56,30,3346.8,11254431.160000002
2025-08-01 09:29:56 AM,111.68,151,16863.68,11271294.840000002
2025-08-01 09:30:02 AM,111.51,0,0.0,11271294.840000002
2025-08-01 09:30:03 AM,111.51,517,57650.670000000006,11328945.510000002
2025-08-01 09:30:09 AM,111.64,0,0.0,11328945.510000002
2025-08-01 09:30:11 AM,111.64,30,3349.2,11332294.71
2025-08-01 09:30:19 AM,111.62,15,1674.3000000000002,11333969.010000002
2025-08-01 09:30:30 AM,111.53,0,0.0,11333969.010000002
2025-08-01 09:30:33 AM,111.53,1,111.53,11334080.540000001
2025-08-01 09:30:37 AM,111.58,0,0.0,11334080.540000001
2025-08-01 09:30:41 AM,111.58,300,33474.0,11367554.540000001
2025-08-01 09:30:55 AM,111.52,1,111.52,11367666.06
2025-08-01 09:31:00 AM,111.47,0,0.0,11367666.06
2025-08-01 09:31:03 AM,111.47,370,41243.9,11408909.96
2025-08-01 09:31:08 AM,111.46,0,0.0,11408909.96
2025-08-01 09:31:10 AM,111.4,360,40104.0,11449013.96
2025-08-01 09:31:11 AM,111.4,50,5570.0,11454583.96
2025-08-01 09:31:25 AM,111.4,58,6461.200000000001,11461045.16
2025-08-01 09:32:04 AM,111.49,0,0.0,11461045.16
2025-08-01 09:32:07 AM,111.49,562,62657.38,11523702.540000001
2025-08-01 09:32:42 AM,111.57,16,1785.12,11525487.66
2025-08-01 09:33:15 AM,111.62,0,0.0,11525487.66
2025-08-01 09:33:17 AM,111.62,2,223.24,11525710.9
2025-08-01 09:33:30 AM,111.7,0,0.0,11525710.9
2025-08-01 09:33:30 AM,111.7,583,65121.1,11590832.0
2025-08-01 09:33:35 AM,111.71,0,0.0,11590832.0
2025-08-01 09:33:37 AM,111.71,1,111.71,11590943.71
2025-08-01 09:33:37 AM,111.75,2,223.5,11591167.21
2025-08-01 09:33:40 AM,111.67,0,0.0,11591167.21
2025-08-01 09:33:44 AM,111.67,150,16750.5,11607917.71
2025-08-01 09:33:54 AM,111.77,0,0.0,11607917.71
2025-08-01 09:33:55 AM,111.69,0,0.0,11607917.71
2025-08-01 09:33:58 AM,111.69,111,12397.59,11620315.3
2025-08-01 09:34:10 AM,111.82,0,0.0,11620315.3
2025-08-01 09:34:12 AM,111.83,252,28181.16,11648496.46
2025-08-01 09:34:19 AM,111.73,0,0.0,11648496.46
2025-08-01 09:34:19 AM,111.73,2020,225694.6,11874191.06
2025-08-01 09:34:25 AM,111.71,0,0.0,11874191.06
2025-08-01 09:34:26 AM,111.83,489,54684.87,11928875.93
2025-08-01 09:35:15 AM,111.72,0,0.0,11928875.93
2025-08-01 09:35:15 AM,111.72,622,69489.84,11998365.77
2025-08-01 09:35:29 AM,111.72,304,33962.88,12032328.65
2025-08-01 09:35:43 AM,111.65,122,13621.300000000001,12045949.950000001
2025-08-01 09:35:49 AM,111.77,1000,111770.0,12157719.950000001
2025-08-01 09:35:54 AM,111.65,0,0.0,12157719.950000001
2025-08-01 09:35:56 AM,111.65,400,44660.0,12202379.950000001
2025-08-01 09:35:59 AM,111.75,0,0.0,12202379.950000001
2025-08-01 09:36:03 AM,111.75,3,335.25,12202715.200000001
2025-08-01 09:36:10 AM,111.7,50,5585.0,12208300.200000001
2025-08-01 09:36:11 AM,111.65,0,0.0,12208300.200000001
2025-08-01 09:36:16 AM,111.65,106,11834.900000000001,12220135.100000001
2025-08-01 09:36:23 AM,111.7,0,0.0,12220135.100000001
2025-08-01 09:36:23 AM,111.7,200,22340.0,12242475.100000001
2025-08-01 09:36:31 AM,111.65,0,0.0,12242475.100000001
2025-08-01 09:36:35 AM,111.7,0,0.0,12242475.100000001
2025-08-01 09:36:36 AM,111.7,109,12175.300000000001,12254650.400000002
2025-08-01 09:36:56 AM,111.7,1,111.7,12254762.100000001
2025-08-01 09:37:02 AM,111.7,200,22340.0,12277102.100000001
2025-08-01 09:37:07 AM,111.65,0,0.0,12277102.100000001
2025-08-01 09:37:09 AM,111.65,35,3907.75,12281009.850000001
2025-08-01 09:37:23 AM,111.63,2041,227836.83,12508846.680000002
2025-08-01 09:37:59 AM,111.7,0,0.0,12508846.680000002
2025-08-01 09:38:04 AM,111.7,10000,1117000.0,13625846.680000002
2025-08-01 09:38:44 AM,111.7,300,33510.0,13659356.680000002
2025-08-01 09:39:04 AM,111.6,489,54572.399999999994,13713929.080000002
2025-08-01 09:39:18 AM,111.48,186,20735.280000000002,13734664.360000001
2025-08-01 09:39:18 AM,111.4,1,111.4,13734775.760000002
2025-08-01 09:39:25 AM,111.48,503,56074.44,13790850.200000001
2025-08-01 09:39:28 AM,111.31,0,0.0,13790850.200000001
2025-08-01 09:39:31 AM,111.31,2000,222620.0,14013470.200000001
2025-08-01 09:39:44 AM,111.31,500,55655.0,14069125.200000001
2025-08-01 09:39:45 AM,111.31,37,4118.47,14073243.670000002
2025-08-01 09:39:51 AM,111.31,2000,222620.0,14295863.670000002
2025-08-01 09:40:12 AM,111.33,0,0.0,14295863.670000002
2025-08-01 09:40:17 AM,111.33,500,55665.0,14351528.670000002
2025-08-01 09:40:50 AM,111.35,1300,144755.0,14496283.670000002
2025-08-01 09:41:03 AM,111.44,147,16381.68,14512665.350000001
2025-08-01 09:41:07 AM,111.51,0,0.0,14512665.350000001
2025-08-01 09:41:10 AM,111.51,699,77945.49,14590610.840000002
2025-08-01 09:41:15 AM,111.65,0,0.0,14590610.840000002
2025-08-01 09:41:17 AM,111.65,150,16747.5,14607358.340000002
2025-08-01 09:41:47 AM,111.57,0,0.0,14607358.340000002
2025-08-01 09:41:50 AM,111.57,880,98181.59999999999,14705539.940000001
2025-08-01 09:42:08 AM,111.51,0,0.0,14705539.940000001
2025-08-01 09:42:09 AM,111.51,25,2787.75,14708327.690000001
2025-08-01 09:42:10 AM,111.59,1,111.59,14708439.280000001
2025-08-01 09:42:20 AM,111.5,0,0.0,14708439.280000001
2025-08-01 09:42:22 AM,111.5,400,44600.0,14753039.280000001
2025-08-01 09:42:34 AM,111.45,0,0.0,14753039.280000001
2025-08-01 09:42:35 AM,111.45,68,7578.6,14760617.88
2025-08-01 09:42:46 AM,111.6,0,0.0,14760617.88
2025-08-01 09:42:48 AM,111.6,1000,111600.0,14872217.88
2025-08-01 09:42:49 AM,111.44,1000,111440.0,14983657.88
2025-08-01 09:43:06 AM,111.54,0,0.0,14983657.88
2025-08-01 09:43:08 AM,111.54,1,111.54,14983769.42
2025-08-01 09:43:46 AM,111.53,0,0.0,14983769.42
2025-08-01 09:43:47 AM,111.53,50,5576.5,14989345.92
2025-08-01 09:44:02 AM,111.59,0,0.0,14989345.92
2025-08-01 09:44:06 AM,111.5,0,0.0,14989345.92
2025-08-01 09:44:07 AM,111.5,367,40920.5,15030266.42
2025-08-01 09:44:44 AM,111.45,0,0.0,15030266.42
2025-08-01 09:44:46 AM,111.45,1,111.45,15030377.87
2025-08-01 09:44:54 AM,111.45,30,3343.5,15033721.37
2025-08-01 09:44:59 AM,111.45,2,222.9,15033944.27
2025-08-01 09:45:06 AM,111.45,1,111.45,15034055.719999999
2025-08-01 09:45:18 AM,111.48,0,0.0,15034055.719999999
2025-08-01 09:45:19 AM,111.48,200,22296.0,15056351.719999999
2025-08-01 09:45:25 AM,111.3,527,58655.1,15115006.819999998
2025-08-01 09:45:32 AM,111.24,5,556.1999999999999,15115563.019999998
2025-08-01 09:45:52 AM,111.3,100,11130.0,15126693.019999998
2025-08-01 09:45:53 AM,111.19,0,0.0,15126693.019999998
2025-08-01 09:45:58 AM,111.19,310,34468.9,15161161.919999998
2025-08-01 09:46:17 AM,111.2,225,25020.0,15186181.919999998
2025-08-01 09:46:26 AM,111.2,50,5560.0,15191741.919999998
2025-08-01 09:46:38 AM,111.21,20,2224.2,15193966.119999997
2025-08-01 09:46:45 AM,111.21,4,444.84,15194410.959999997
2025-08-01 09:46:48 AM,111.22,0,0.0,15194410.959999997
2025-08-01 09:46:49 AM,111.22,200,22244.0,15216654.959999997
2025-08-01 09:47:01 AM,111.22,9,1000.98,15217655.939999998
2025-08-01 09:47:03 AM,111.12,40,4444.8,15222100.739999998
2025-08-01 09:47:08 AM,111.1,450,49995.0,15272095.739999998
2025-08-01 09:47:22 AM,111.23,785,87315.55,15359411.29
2025-08-01 09:47:28 AM,111.23,4,444.92,15359856.209999999
2025-08-01 09:48:06 AM,111.03,0,0.0,15359856.209999999
2025-08-01 09:48:06 AM,111.03,1836,203851.08000000002,15563707.29
2025-08-01 09:48:18 AM,111.17,0,0.0,15563707.29
2025-08-01 09:48:19 AM,111.17,100,11117.0,15574824.29
2025-08-01 09:48:28 AM,111.11,100,11111.0,15585935.29
2025-08-01 09:48:46 AM,111.28,0,0.0,15585935.29
2025-08-01 09:48:47 AM,111.28,1000,111280.0,15697215.29
2025-08-01 09:49:10 AM,111.3,0,0.0,15697215.29
2025-08-01 09:49:10 AM,111.3,500,55650.0,15752865.29
2025-08-01 09:49:47 AM,111.3,108,12020.4,15764885.69
2025-08-01 09:49:53 AM,111.3,327,36395.1,15801280.79
2025-08-01 09:49:55 AM,111.33,0,0.0,15801280.79
2025-08-01 09:49:57 AM,111.33,94,10465.02,15811745.809999999
2025-08-01 09:50:02 AM,111.3,0,0.0,15811745.809999999
2025-08-01 09:50:03 AM,111.3,50,5565.0,15817310.809999999
2025-08-01 09:50:47 AM,111.3,500,55650.0,15872960.809999999
2025-08-01 09:50:52 AM,111.4,0,0.0,15872960.809999999
2025-08-01 09:50:53 AM,111.4,200,22280.0,15895240.809999999
2025-08-01 09:50:55 AM,111.5,0,0.0,15895240.809999999
2025-08-01 09:50:57 AM,111.5,4618,514907.0,16410147.809999999
2025-08-01 09:51:05 AM,111.62,100,11162.0,16421309.809999999
2025-08-01 09:51:12 AM,111.64,0,0.0,16421309.809999999
2025-08-01 09:51:12 AM,111.64,18,2009.52,16423319.329999998
2025-08-01 09:51:13 AM,111.67,0,0.0,16423319.329999998
2025-08-01 09:51:16 AM,111.67,382,42657.94,16465977.269999998
2025-08-01 09:51:25 AM,111.7,0,0.0,16465977.269999998
2025-08-01 09:51:29 AM,111.7,4,446.8,16466424.069999998
2025-08-01 09:51:35 AM,111.69,15,1675.35,16468099.419999998
2025-08-01 09:51:45 AM,111.66,0,0.0,16468099.419999998
2025-08-01 09:51:47 AM,111.66,150,16749.0,16484848.419999998
2025-08-01 09:52:21 AM,111.56,0,0.0,16484848.419999998
2025-08-01 09:52:21 AM,111.56,222,24766.32,16509614.739999998
2025-08-01 09:52:24 AM,111.51,66,7359.660000000001,16516974.399999999
2025-08-01 09:52:40 AM,111.58,0,0.0,16516974.399999999
2025-08-01 09:52:42 AM,111.58,3,334.74,16517309.139999999
2025-08-01 09:52:45 AM,111.62,500,55810.0,16573119.139999999
2025-08-01 09:52:54 AM,111.62,255,28463.100000000002,16601582.239999998
2025-08-01 09:53:16 AM,111.64,0,0.0,16601582.239999998
2025-08-01 09:53:16 AM,111.6,0,0.0,16601582.239999998
2025-08-01 09:53:19 AM,111.6,181,20199.6,16621781.839999998
2025-08-01 09:53:42 AM,111.46,0,0.0,16621781.839999998
2025-08-01 09:53:44 AM,111.46,1088,121268.48,16743050.319999998
2025-08-01 09:54:05 AM,111.4,0,0.0,16743050.319999998
2025-08-01 09:54:08 AM,111.4,120,13368.0,16756418.319999998
2025-08-01 09:54:46 AM,111.5,2,223.0,16756641.319999998
2025-08-01 09:54:57 AM,111.49,0,0.0,16756641.319999998
2025-08-01 09:54:57 AM,111.49,200,22298.0,16778939.32
2025-08-01 09:55:03 AM,111.62,0,0.0,16778939.32
2025-08-01 09:55:03 AM,111.62,4000,446480.0,17225419.32
2025-08-01 09:55:06 AM,111.57,0,0.0,17225419.32
2025-08-01 09:55:09 AM,111.57,50,5578.5,17230997.82
2025-08-01 09:55:21 AM,111.47,0,0.0,17230997.82
2025-08-01 09:55:21 AM,111.47,174,19395.78,17250393.6
2025-08-01 09:55:33 AM,111.4,0,0.0,17250393.6
2025-08-01 09:55:33 AM,111.4,1,111.4,17250505.0
2025-08-01 09:55:49 AM,111.37,0,0.0,17250505.0
2025-08-01 09:55:51 AM,111.37,111,12362.07,17262867.07
2025-08-01 09:55:56 AM,111.45,0,0.0,17262867.07
2025-08-01 09:55:57 AM,111.45,100,11145.0,17274012.07
2025-08-01 09:56:38 AM,111.39,0,0.0,17274012.07
2025-08-01 09:56:39 AM,111.39,120,13366.8,17287378.87
2025-08-01 09:56:45 AM,111.39,100,11139.0,17298517.87
2025-08-01 09:56:46 AM,111.39,300,33417.0,17331934.87
2025-08-01 09:56:56 AM,111.36,0,0.0,17331934.87
2025-08-01 09:56:57 AM,111.36,300,33408.0,17365342.87
2025-08-01 09:57:38 AM,111.38,429,47782.02,17413124.89
2025-08-01 09:57:59 AM,111.36,10,1113.6,17414238.490000002
2025-08-01 09:58:45 AM,111.36,184,20490.24,17434728.73
2025-08-01 09:59:03 AM,111.3,21,2337.2999999999997,17437066.03
2025-08-01 09:59:06 AM,111.17,103,11450.51,17448516.540000003
2025-08-01 09:59:28 AM,111.18,305,33909.9,17482426.44
2025-08-01 09:59:37 AM,111.17,0,0.0,17482426.44
2025-08-01 09:59:37 AM,111.17,40,4446.8,17486873.240000002
2025-08-01 09:59:47 AM,111.18,0,0.0,17486873.240000002
2025-08-01 09:59:47 AM,111.18,200,22236.0,17509109.240000002
2025-08-01 10:00:18 AM,111.35,400,44540.0,17553649.240000002
2025-08-01 10:00:31 AM,111.32,5,556.5999999999999,17554205.840000004
2025-08-01 10:00:37 AM,111.2,100,11120.0,17565325.840000004
2025-08-01 10:00:43 AM,111.24,1002,111462.48,17676788.320000004
2025-08-01 10:00:53 AM,111.24,1000,111240.0,17788028.320000004
2025-08-01 10:01:07 AM,111.16,0,0.0,17788028.320000004
2025-08-01 10:01:09 AM,111.16,914,101600.23999999999,17889628.560000002
2025-08-01 10:01:25 AM,111.16,450,50022.0,17939650.560000002
2025-08-01 10:01:26 AM,111.02,0,0.0,17939650.560000002
2025-08-01 10:01:27 AM,111.02,163,18096.26,17957746.820000004
2025-08-01 10:01:42 AM,111.15,0,0.0,17957746.820000004
2025-08-01 10:01:43 AM,111.15,202,22452.300000000003,17980199.120000005
2025-08-01 10:02:02 AM,111.2,7,778.4,17980977.520000003
2025-08-01 10:02:08 AM,111.23,0,0.0,17980977.520000003
2025-08-01 10:02:08 AM,111.23,120,13347.6,17994325.120000005
2025-08-01 10:02:10 AM,111.25,0,0.0,17994325.120000005
2025-08-01 10:02:10 AM,111.25,5,556.25,17994881.370000005
2025-08-01 10:02:14 AM,111.25,5,556.25,17995437.620000005
2025-08-01 10:02:16 AM,111.18,1000,111180.0,18106617.620000005
2025-08-01 10:02:33 AM,111.3,100,11130.0,18117747.620000005
2025-08-01 10:02:39 AM,111.31,0,0.0,18117747.620000005
2025-08-01 10:02:39 AM,111.31,139,15472.09,18133219.710000005
2025-08-01 10:02:46 AM,111.39,2,222.78,18133442.490000006
2025-08-01 10:02:57 AM,111.4,0,0.0,18133442.490000006
2025-08-01 10:02:59 AM,111.4,550,61270.0,18194712.490000006
2025-08-01 10:03:02 AM,111.48,0,0.0,18194712.490000006
2025-08-01 10:03:05 AM,111.48,42,4682.16,18199394.650000006
2025-08-01 10:03:24 AM,111.55,150,16732.5,18216127.150000006
2025-08-01 10:03:26 AM,111.55,65,7250.75,18223377.900000006
2025-08-01 10:03:49 AM,111.56,0,0.0,18223377.900000006
2025-08-01 10:03:50 AM,111.56,135,15060.6,18238438.500000007
2025-08-01 10:04:13 AM,111.48,0,0.0,18238438.500000007
2025-08-01 10:04:14 AM,111.48,862,96095.76000000001,18334534.26000001
2025-08-01 10:04:17 AM,111.48,5,557.4,18335091.660000008
2025-08-01 10:04:27 AM,111.48,10,1114.8,18336206.46000001
2025-08-01 10:05:02 AM,111.54,0,0.0,18336206.46000001
2025-08-01 10:05:04 AM,111.54,400,44616.0,18380822.46000001
2025-08-01 10:05:11 AM,111.53,0,0.0,18380822.46000001
2025-08-01 10:05:11 AM,111.53,20,2230.6,18383053.06000001
2025-08-01 10:05:31 AM,111.44,20,2228.8,18385281.86000001
2025-08-01 10:05:55 AM,111.46,1,111.46,18385393.32000001
2025-08-01 10:06:05 AM,111.34,18,2004.1200000000001,18387397.440000013
2025-08-01 10:06:35 AM,111.41,400,44564.0,18431961.440000013
2025-08-01 10:06:43 AM,111.32,88,9796.16,18441757.600000013
2025-08-01 10:06:53 AM,111.22,66,7340.5199999999995,18449098.120000012
2025-08-01 10:06:55 AM,111.2,0,0.0,18449098.120000012
2025-08-01 10:06:55 AM,111.2,153,17013.600000000002,18466111.720000014
2025-08-01 10:07:18 AM,111.2,9,1000.8000000000001,18467112.520000014
2025-08-01 10:07:24 AM,111.16,940,104490.4,18571602.920000013
2025-08-01 10:07:26 AM,111.15,27,3001.05,18574603.970000014
2025-08-01 10:07:30 AM,111.14,382,42455.48,18617059.450000014
2025-08-01 10:07:36 AM,111.16,11,1222.76,18618282.210000016
2025-08-01 10:07:42 AM,111.13,98,10890.74,18629172.950000014
2025-08-01 10:07:55 AM,111.1,27,2999.7,18632172.650000013
2025-08-01 10:08:01 AM,111.05,113,12548.65,18644721.300000012
2025-08-01 10:08:07 AM,111.07,0,0.0,18644721.300000012
2025-08-01 10:08:07 AM,111.07,330,36653.1,18681374.400000013
2025-08-01 10:08:21 AM,111.2,0,0.0,18681374.400000013
2025-08-01 10:08:22 AM,111.2,146,16235.2,18697609.600000013
2025-08-01 10:08:51 AM,111.2,1500,166800.0,18864409.600000013
2025-08-01 10:09:41 AM,111.35,0,0.0,18864409.600000013
2025-08-01 10:09:43 AM,111.35,5,556.75,18864966.350000013
2025-08-01 10:10:05 AM,111.32,0,0.0,18864966.350000013
2025-08-01 10:10:05 AM,111.32,40,4452.799999999999,18869419.150000013
2025-08-01 10:10:11 AM,111.32,40,4452.799999999999,18873871.950000014
2025-08-01 10:10:13 AM,111.17,184,20455.28,18894327.230000015
2025-08-01 10:10:19 AM,111.24,100,11124.0,18905451.230000015
2025-08-01 10:10:58 AM,111.21,0,0.0,18905451.230000015
2025-08-01 10:10:59 AM,111.21,53,5894.13,18911345.360000014
2025-08-01 10:11:05 AM,111.21,5,556.05,18911901.410000015
2025-08-01 10:11:17 AM,111.21,50,5560.5,18917461.910000015
2025-08-01 10:11:56 AM,111.25,0,0.0,18917461.910000015
2025-08-01 10:11:57 AM,111.25,1,111.25,18917573.160000015
2025-08-01 10:12:02 AM,111.34,0,0.0,18917573.160000015
2025-08-01 10:12:03 AM,111.34,5,556.7,18918129.860000014
2025-08-01 10:12:23 AM,111.25,0,0.0,18918129.860000014
2025-08-01 10:12:27 AM,111.25,48,5340.0,18923469.860000014
2025-08-01 10:12:44 AM,111.34,0,0.0,18923469.860000014
2025-08-01 10:12:44 AM,111.34,10,1113.4,18924583.260000013
2025-08-01 10:12:44 AM,111.37,0,0.0,18924583.260000013
2025-08-01 10:12:44 AM,111.37,100,11137.0,18935720.260000013
2025-08-01 10:12:59 AM,111.25,0,0.0,18935720.260000013
2025-08-01 10:13:01 AM,111.25,4612,513085.0,19448805.260000013
2025-08-01 10:13:37 AM,111.35,1,111.35,19448916.610000014
2025-08-01 10:13:43 AM,111.35,1,111.35,19449027.960000016
2025-08-01 10:13:49 AM,111.25,830,92337.5,19541365.460000016
2025-08-01 10:14:35 AM,111.34,0,0.0,19541365.460000016
2025-08-01 10:14:35 AM,111.34,100,11134.0,19552499.460000016
2025-08-01 10:15:04 AM,111.34,50,5567.0,19558066.460000016
2025-08-01 10:15:25 AM,111.42,0,0.0,19558066.460000016
2025-08-01 10:15:28 AM,111.42,820,91364.4,19649430.860000014
2025-08-01 10:15:49 AM,111.43,0,0.0,19649430.860000014
2025-08-01 10:15:52 AM,111.43,5,557.1500000000001,19649988.010000013
2025-08-01 10:15:59 AM,111.5,0,0.0,19649988.010000013
2025-08-01 10:16:02 AM,111.43,0,0.0,19649988.010000013
2025-08-01 10:16:03 AM,111.43,33,3677.19,19653665.200000014
2025-08-01 10:16:13 AM,111.45,0,0.0,19653665.200000014
2025-08-01 10:16:15 AM,111.45,25,2786.25,19656451.450000014
2025-08-01 10:16:17 AM,111.54,0,0.0,19656451.450000014
2025-08-01 10:16:21 AM,111.54,11,1226.94,19657678.390000015
2025-08-01 10:16:26 AM,111.45,0,0.0,19657678.390000015
2025-08-01 10:16:27 AM,111.54,42,4684.68,19662363.070000015
2025-08-01 10:17:12 AM,111.62,204,22770.48,19685133.550000016
2025-08-01 10:17:23 AM,111.6,0,0.0,19685133.550000016
2025-08-01 10:17:23 AM,111.6,100,11160.0,19696293.550000016
2025-08-01 10:17:35 AM,111.61,0,0.0,19696293.550000016
2025-08-01 10:17:35 AM,111.61,30,3348.3,19699641.850000016
2025-08-01 10:17:35 AM,111.6,50,5580.0,19705221.850000016
2025-08-01 10:17:50 AM,111.49,0,0.0,19705221.850000016
2025-08-01 10:17:52 AM,111.49,350,39021.5,19744243.350000016
2025-08-01 10:17:56 AM,111.59,0,0.0,19744243.350000016
2025-08-01 10:17:58 AM,111.59,50,5579.5,19749822.850000016
2025-08-01 10:18:10 AM,111.58,0,0.0,19749822.850000016
2025-08-01 10:18:10 AM,111.58,1,111.58,19749934.430000015
2025-08-01 10:18:37 AM,111.6,0,0.0,19749934.430000015
2025-08-01 10:18:39 AM,111.6,100,11160.0,19761094.430000015
2025-08-01 10:18:45 AM,111.6,100,11160.0,19772254.430000015
2025-08-01 10:18:50 AM,111.49,0,0.0,19772254.430000015
2025-08-01 10:18:50 AM,111.49,1164,129774.36,19902028.790000014
2025-08-01 10:19:15 AM,111.55,0,0.0,19902028.790000014
2025-08-01 10:19:19 AM,111.55,1,111.55,19902140.340000015
2025-08-01 10:19:26 AM,111.55,1972,219976.6,20122116.940000016
2025-08-01 10:19:31 AM,111.56,104,11602.24,20133719.180000015
2025-08-01 10:19:36 AM,111.57,0,0.0,20133719.180000015
2025-08-01 10:19:36 AM,111.57,100,11157.0,20144876.180000015
2025-08-01 10:20:04 AM,111.55,0,0.0,20144876.180000015
2025-08-01 10:20:04 AM,111.55,126,14055.3,20158931.480000015
2025-08-01 10:20:24 AM,111.56,0,0.0,20158931.480000015
2025-08-01 10:20:26 AM,111.5,0,0.0,20158931.480000015
2025-08-01 10:20:27 AM,111.56,102,11379.12,20170310.600000016
2025-08-01 10:21:02 AM,111.56,61,6805.16,20177115.760000017
2025-08-01 10:21:08 AM,111.56,5,557.8,20177673.560000017
2025-08-01 10:21:15 AM,111.5,23,2564.5,20180238.060000017
2025-08-01 10:22:49 AM,111.56,520,58011.200000000004,20238249.260000017
2025-08-01 10:23:03 AM,111.5,1,111.5,20238360.760000017
2025-08-01 10:23:16 AM,111.56,0,0.0,20238360.760000017
2025-08-01 10:23:17 AM,111.56,11,1227.16,20239587.920000017
2025-08-01 10:23:23 AM,111.5,25,2787.5,20242375.420000017
2025-08-01 10:23:28 AM,111.46,0,0.0,20242375.420000017
2025-08-01 10:23:29 AM,111.46,1000,111460.0,20353835.420000017
2025-08-01 10:23:37 AM,111.65,3000,334950.0,20688785.420000017
2025-08-01 10:23:54 AM,111.69,3000,335070.0,21023855.420000017
2025-08-01 10:24:07 AM,111.63,0,0.0,21023855.420000017
2025-08-01 10:24:07 AM,111.63,89,9935.07,21033790.490000017
2025-08-01 10:24:27 AM,111.62,100,11162.0,21044952.490000017
2025-08-01 10:24:33 AM,111.62,15,1674.3000000000002,21046626.790000018
2025-08-01 10:24:46 AM,111.62,13,1451.06,21048077.850000016
2025-08-01 10:24:57 AM,111.63,230,25674.899999999998,21073752.750000015
2025-08-01 10:25:11 AM,111.62,0,0.0,21073752.750000015
2025-08-01 10:25:12 AM,111.62,3,334.86,21074087.610000014
2025-08-01 10:25:26 AM,111.56,0,0.0,21074087.610000014
2025-08-01 10:25:26 AM,111.56,19,2119.64,21076207.250000015
2025-08-01 10:25:33 AM,111.7,0,0.0,21076207.250000015
2025-08-01 10:25:35 AM,111.7,1785,199384.5,21275591.750000015
2025-08-01 10:25:36 AM,111.62,0,0.0,21275591.750000015
2025-08-01 10:25:37 AM,111.62,1000,111620.0,21387211.750000015
2025-08-01 10:25:48 AM,111.75,475,53081.25,21440293.000000015
2025-08-01 10:27:30 AM,111.75,24,2682.0,21442975.000000015
2025-08-01 10:27:38 AM,111.8,0,0.0,21442975.000000015
2025-08-01 10:27:38 AM,111.8,200,22360.0,21465335.000000015
2025-08-01 10:27:47 AM,111.8,80,8944.0,21474279.000000015
2025-08-01 10:27:49 AM,111.8,3,335.4,21474614.400000013
2025-08-01 10:27:55 AM,111.8,1,111.8,21474726.200000014
2025-08-01 10:27:59 AM,111.76,0,0.0,21474726.200000014
2025-08-01 10:28:00 AM,111.76,250,27940.0,21502666.200000014
2025-08-01 10:28:09 AM,111.75,0,0.0,21502666.200000014
2025-08-01 10:28:11 AM,111.75,19,2123.25,21504789.450000014
2025-08-01 10:28:16 AM,111.75,101,11286.75,21516076.200000014
2025-08-01 10:28:21 AM,111.83,50,5591.5,21521667.700000014
2025-08-01 10:28:45 AM,111.8,0,0.0,21521667.700000014
2025-08-01 10:28:47 AM,111.8,200,22360.0,21544027.700000014
2025-08-01 10:28:50 AM,111.8,1525,170495.0,21714522.700000014
2025-08-01 10:28:55 AM,111.8,150,16770.0,21731292.700000014
2025-08-01 10:28:58 AM,111.75,90,10057.5,21741350.200000014
2025-08-01 10:29:00 AM,111.79,0,0.0,21741350.200000014
2025-08-01 10:29:01 AM,111.79,780,87196.20000000001,21828546.400000013
2025-08-01 10:29:14 AM,111.68,0,0.0,21828546.400000013
2025-08-01 10:29:14 AM,111.68,1000,111680.0,21940226.400000013
2025-08-01 10:29:45 AM,111.68,1991,222354.88,22162581.280000012
2025-08-01 10:30:27 AM,111.68,200,22336.0,22184917.280000012
2025-08-01 10:30:33 AM,111.68,32,3573.76,22188491.040000014
2025-08-01 10:30:36 AM,111.68,1,111.68,22188602.720000014
2025-08-01 10:30:59 AM,111.67,0,0.0,22188602.720000014
2025-08-01 10:31:02 AM,111.67,13,1451.71,22190054.430000015
2025-08-01 10:31:45 AM,111.68,0,0.0,22190054.430000015
2025-08-01 10:31:47 AM,111.68,6,670.08,22190724.510000013
2025-08-01 10:32:06 AM,111.59,0,0.0,22190724.510000013
2025-08-01 10:32:06 AM,111.59,1,111.59,22190836.100000013
2025-08-01 10:32:12 AM,111.68,0,0.0,22190836.100000013
2025-08-01 10:32:13 AM,111.68,25,2792.0,22193628.100000013
2025-08-01 10:32:23 AM,111.68,25,2792.0,22196420.100000013
2025-08-01 10:33:12 AM,111.68,8808,983677.4400000001,23180097.540000014
2025-08-01 10:33:14 AM,111.8,0,0.0,23180097.540000014
2025-08-01 10:33:15 AM,111.8,1,111.8,23180209.340000015
2025-08-01 10:33:51 AM,111.81,1219,136296.39,23316505.730000015
2025-08-01 10:33:56 AM,111.8,0,0.0,23316505.730000015
2025-08-01 10:33:57 AM,111.8,78,8720.4,23325226.130000014
2025-08-01 10:34:00 AM,111.83,0,0.0,23325226.130000014
2025-08-01 10:34:01 AM,111.83,1,111.83,23325337.960000012
2025-08-01 10:34:06 AM,111.83,100,11183.0,23336520.960000012
2025-08-01 10:34:30 AM,111.86,998,111636.28,23448157.240000013
2025-08-01 10:34:33 AM,111.89,0,0.0,23448157.240000013
2025-08-01 10:34:34 AM,111.89,75,8391.75,23456548.990000013
2025-08-01 10:34:48 AM,111.9,0,0.0,23456548.990000013
2025-08-01 10:34:51 AM,111.9,69,7721.1,23464270.090000015
2025-08-01 10:34:54 AM,111.9,50,5595.0,23469865.090000015
2025-08-01 10:35:08 AM,111.9,70,7833.0,23477698.090000015
2025-08-01 10:35:11 AM,111.9,50,5595.0,23483293.090000015
2025-08-01 10:35:14 AM,111.9,1,111.9,23483404.990000013
2025-08-01 10:35:27 AM,111.9,1,111.9,23483516.89000001
2025-08-01 10:35:31 AM,111.9,200,22380.0,23505896.89000001
2025-08-01 10:35:36 AM,111.87,0,0.0,23505896.89000001
2025-08-01 10:35:37 AM,111.87,1,111.87,23506008.760000013
2025-08-01 10:35:56 AM,111.87,27,3020.4900000000002,23509029.25000001
2025-08-01 10:36:16 AM,111.9,11,1230.9,23510260.15000001
2025-08-01 10:36:54 AM,111.87,0,0.0,23510260.15000001
2025-08-01 10:36:54 AM,111.87,840,93970.8,23604230.95000001
2025-08-01 10:37:05 AM,111.86,1,111.86,23604342.81000001
2025-08-01 10:37:09 AM,111.8,0,0.0,23604342.81000001
2025-08-01 10:37:11 AM,111.8,599,66968.2,23671311.01000001
2025-08-01 10:37:45 AM,111.89,0,0.0,23671311.01000001
2025-08-01 10:37:47 AM,111.89,25,2797.25,23674108.26000001
2025-08-01 10:38:03 AM,111.88,100,11188.0,23685296.26000001
2025-08-01 10:38:16 AM,111.87,0,0.0,23685296.26000001
2025-08-01 10:38:16 AM,111.87,50,5593.5,23690889.76000001
2025-08-01 10:38:26 AM,111.91,578,64683.979999999996,23755573.74000001
2025-08-01 10:39:02 AM,111.89,487,54490.43,23810064.17000001
2025-08-01 10:39:05 AM,111.9,0,0.0,23810064.17000001
2025-08-01 10:39:05 AM,111.9,85,9511.5,23819575.67000001
2025-08-01 10:39:17 AM,111.9,5,559.5,23820135.17000001
2025-08-01 10:40:40 AM,111.9,100,11190.0,23831325.17000001
2025-08-01 10:40:51 AM,111.8,0,0.0,23831325.17000001
2025-08-01 10:40:51 AM,111.8,54,6037.2,23837362.37000001
2025-08-01 10:40:53 AM,111.9,0,0.0,23837362.37000001
2025-08-01 10:40:54 AM,111.9,5,559.5,23837921.87000001
2025-08-01 10:41:09 AM,111.8,0,0.0,23837921.87000001
2025-08-01 10:41:10 AM,111.8,1,111.8,23838033.67000001
2025-08-01 10:42:05 AM,111.94,0,0.0,23838033.67000001
2025-08-01 10:42:05 AM,111.94,500,55970.0,23894003.67000001
2025-08-01 10:42:21 AM,111.93,0,0.0,23894003.67000001
2025-08-01 10:42:22 AM,111.93,50,5596.5,23899600.17000001
2025-08-01 10:42:33 AM,111.93,5,559.6500000000001,23900159.820000008
2025-08-01 10:42:37 AM,111.93,5,559.6500000000001,23900719.470000006
2025-08-01 10:43:42 AM,111.94,0,0.0,23900719.470000006
2025-08-01 10:43:42 AM,111.94,27,3022.38,23903741.850000005
2025-08-01 10:43:46 AM,111.93,0,0.0,23903741.850000005
2025-08-01 10:43:47 AM,111.93,180,20147.4,23923889.250000004
2025-08-01 10:44:04 AM,111.83,0,0.0,23923889.250000004
2025-08-01 10:44:05 AM,111.83,123,13755.09,23937644.340000004
2025-08-01 10:44:10 AM,111.8,0,0.0,23937644.340000004
2025-08-01 10:44:10 AM,111.8,69,7714.2,23945358.540000003
2025-08-01 10:44:25 AM,111.75,100,11175.0,23956533.540000003
2025-08-01 10:44:58 AM,111.77,0,0.0,23956533.540000003
2025-08-01 10:44:59 AM,111.77,58,6482.66,23963016.200000003
2025-08-01 10:45:54 AM,111.88,370,41395.6,24004411.800000004
2025-08-01 10:45:59 AM,111.77,0,0.0,24004411.800000004
2025-08-01 10:45:59 AM,111.77,300,33531.0,24037942.800000004
2025-08-01 10:46:05 AM,111.87,0,0.0,24037942.800000004
2025-08-01 10:46:08 AM,111.87,10,1118.7,24039061.500000004
2025-08-01 10:46:19 AM,111.83,0,0.0,24039061.500000004
2025-08-01 10:46:20 AM,111.83,40,4473.2,24043534.700000003
2025-08-01 10:46:27 AM,111.85,5,559.25,24044093.950000003
2025-08-01 10:46:53 AM,111.85,250,27962.5,24072056.450000003
2025-08-01 10:46:54 AM,111.75,40,4470.0,24076526.450000003
2025-08-01 10:46:58 AM,111.63,280,31256.399999999998,24107782.85
2025-08-01 10:47:03 AM,111.64,0,0.0,24107782.85
2025-08-01 10:47:04 AM,111.64,48,5358.72,24113141.57
2025-08-01 10:47:34 AM,111.75,0,0.0,24113141.57
2025-08-01 10:47:36 AM,111.75,10,1117.5,24114259.07
2025-08-01 10:48:03 AM,111.79,0,0.0,24114259.07
2025-08-01 10:48:03 AM,111.79,300,33537.0,24147796.07
2025-08-01 10:48:05 AM,111.67,151,16862.170000000002,24164658.240000002
2025-08-01 10:48:22 AM,111.66,2851,318342.66,24483000.900000002
2025-08-01 10:48:41 AM,111.77,10,1117.7,24484118.6
2025-08-01 10:48:48 AM,111.77,50,5588.5,24489707.1
2025-08-01 10:48:55 AM,111.67,0,0.0,24489707.1
2025-08-01 10:48:58 AM,111.67,17,1898.39,24491605.490000002
2025-08-01 10:49:37 AM,111.66,198,22108.68,24513714.17
2025-08-01 10:49:59 AM,111.65,0,0.0,24513714.17
2025-08-01 10:50:02 AM,111.65,433,48344.450000000004,24562058.62
2025-08-01 10:50:21 AM,111.73,0,0.0,24562058.62
2025-08-01 10:50:25 AM,111.73,5,558.65,24562617.27
2025-08-01 10:50:30 AM,111.73,50,5586.5,24568203.77
2025-08-01 10:51:14 AM,111.67,0,0.0,24568203.77
2025-08-01 10:51:16 AM,111.67,5,558.35,24568762.12
2025-08-01 10:51:50 AM,111.66,0,0.0,24568762.12
2025-08-01 10:51:54 AM,111.66,5,558.3,24569320.42
2025-08-01 10:52:02 AM,111.72,0,0.0,24569320.42
2025-08-01 10:52:04 AM,111.72,464,51838.08,24621158.5
2025-08-01 10:52:30 AM,111.8,0,0.0,24621158.5
2025-08-01 10:52:31 AM,111.8,1,111.8,24621270.3
2025-08-01 10:52:47 AM,111.8,5,559.0,24621829.3
2025-08-01 10:53:56 AM,111.8,50,5590.0,24627419.3
2025-08-01 10:54:12 AM,111.75,0,0.0,24627419.3
2025-08-01 10:54:13 AM,111.75,100,11175.0,24638594.3
2025-08-01 10:54:44 AM,111.79,0,0.0,24638594.3
2025-08-01 10:54:44 AM,111.79,20,2235.8,24640830.1
2025-08-01 10:56:05 AM,111.75,1,111.75,24640941.85
2025-08-01 10:56:16 AM,111.79,0,0.0,24640941.85
2025-08-01 10:56:16 AM,111.79,2927,327209.33,24968151.18
2025-08-01 10:56:20 AM,111.8,0,0.0,24968151.18
2025-08-01 10:56:20 AM,111.8,2029,226842.19999999998,25194993.38
2025-08-01 10:56:24 AM,111.82,0,0.0,25194993.38
2025-08-01 10:56:26 AM,111.82,1,111.82,25195105.2
2025-08-01 10:56:27 AM,111.81,90,10062.9,25205168.099999998
2025-08-01 10:56:41 AM,111.79,432,48293.280000000006,25253461.38
2025-08-01 10:57:00 AM,111.84,0,0.0,25253461.38
2025-08-01 10:57:03 AM,111.84,1,111.84,25253573.22
2025-08-01 10:57:50 AM,111.75,0,0.0,25253573.22
2025-08-01 10:57:50 AM,111.75,1345,150303.75,25403876.97
2025-08-01 10:57:51 AM,111.7,5200,580840.0,25984716.97
2025-08-01 10:58:04 AM,111.85,0,0.0,25984716.97
2025-08-01 10:58:06 AM,111.85,5,559.25,25985276.22
2025-08-01 10:58:39 AM,111.85,10,1118.5,25986394.72
2025-08-01 10:58:55 AM,111.85,40,4474.0,25990868.72
2025-08-01 10:59:08 AM,111.86,0,0.0,25990868.72
2025-08-01 10:59:11 AM,111.86,30,3355.8,25994224.52
2025-08-01 10:59:40 AM,111.7,0,0.0,25994224.52
2025-08-01 10:59:41 AM,111.7,6750,753975.0,26748199.52
2025-08-01 10:59:54 AM,111.68,0,0.0,26748199.52
2025-08-01 10:59:58 AM,111.68,37,4132.16,26752331.68
2025-08-01 11:00:03 AM,111.68,10,1116.8000000000002,26753448.48
2025-08-01 11:00:10 AM,111.68,1,111.68,26753560.16
2025-08-01 11:00:15 AM,111.68,8,893.44,26754453.6
2025-08-01 11:00:25 AM,111.62,0,0.0,26754453.6
2025-08-01 11:00:27 AM,111.62,1,111.62,26754565.220000003
2025-08-01 11:00:41 AM,111.67,0,0.0,26754565.220000003
2025-08-01 11:00:42 AM,111.55,478,53320.9,26807886.12
2025-08-01 11:00:47 AM,111.51,0,0.0,26807886.12
2025-08-01 11:00:48 AM,111.51,5,557.5500000000001,26808443.67
2025-08-01 11:00:58 AM,111.74,1116,124701.84,26933145.51
2025-08-01 11:01:33 AM,111.85,0,0.0,26933145.51
2025-08-01 11:01:35 AM,111.85,20,2237.0,26935382.51
2025-08-01 11:02:33 AM,111.86,0,0.0,26935382.51
2025-08-01 11:02:34 AM,111.86,100,11186.0,26946568.51
2025-08-01 11:02:57 AM,111.84,40,4473.6,26951042.110000003
2025-08-01 11:02:59 AM,111.76,0,0.0,26951042.110000003
2025-08-01 11:03:00 AM,111.76,100,11176.0,26962218.110000003
2025-08-01 11:03:10 AM,111.73,195,21787.350000000002,26984005.460000005
2025-08-01 11:03:12 AM,111.74,1,111.74,26984117.200000003
2025-08-01 11:04:56 AM,111.86,0,0.0,26984117.200000003
2025-08-01 11:04:56 AM,111.86,1,111.86,26984229.060000002
2025-08-01 11:05:13 AM,111.87,5151,576242.37,27560471.430000003
2025-08-01 11:05:37 AM,111.96,0,0.0,27560471.430000003
2025-08-01 11:05:38 AM,111.96,25,2799.0,27563270.430000003
2025-08-01 11:05:42 AM,112.0,0,0.0,27563270.430000003
2025-08-01 11:05:43 AM,112.0,475,53200.0,27616470.430000003
2025-08-01 11:05:49 AM,112.0,1,112.0,27616582.430000003
2025-08-01 11:05:59 AM,112.0,1100,123200.0,27739782.430000003
2025-08-01 11:06:19 AM,111.87,0,0.0,27739782.430000003
2025-08-01 11:06:20 AM,111.87,953,106612.11,27846394.540000003
2025-08-01 11:06:27 AM,111.87,200,22374.0,27868768.540000003
2025-08-01 11:07:19 AM,111.75,0,0.0,27868768.540000003
2025-08-01 11:07:19 AM,111.75,499,55763.25,27924531.790000003
2025-08-01 11:08:03 AM,111.84,0,0.0,27924531.790000003
2025-08-01 11:08:03 AM,111.84,201,22479.84,27947011.630000003
2025-08-01 11:08:13 AM,111.75,100,11175.0,27958186.630000003
2025-08-01 11:08:23 AM,111.83,0,0.0,27958186.630000003
2025-08-01 11:08:23 AM,111.83,1,111.83,27958298.46
2025-08-01 11:08:33 AM,111.74,0,0.0,27958298.46
2025-08-01 11:08:33 AM,111.74,135,15084.9,27973383.36
2025-08-01 11:08:53 AM,111.56,0,0.0,27973383.36
2025-08-01 11:08:54 AM,111.56,828,92371.68000000001,28065755.04
2025-08-01 11:09:09 AM,111.6,200,22320.0,28088075.04
2025-08-01 11:09:28 AM,111.62,0,0.0,28088075.04
2025-08-01 11:09:28 AM,111.62,2,223.24,28088298.279999997
2025-08-01 11:10:07 AM,111.6,960,107136.0,28195434.279999997
2025-08-01 11:10:20 AM,111.59,0,0.0,28195434.279999997
2025-08-01 11:10:22 AM,111.59,20,2231.8,28197666.08
2025-08-01 11:10:27 AM,111.59,20,2231.8,28199897.88
2025-08-01 11:10:33 AM,111.59,2,223.18,28200121.06
2025-08-01 11:10:39 AM,111.5,100,11150.0,28211271.06
2025-08-01 11:11:22 AM,111.5,319,35568.5,28246839.56
2025-08-01 11:11:33 AM,111.5,556,61994.0,28308833.56
2025-08-01 11:11:42 AM,111.42,0,0.0,28308833.56
2025-08-01 11:11:44 AM,111.42,237,26406.54,28335240.099999998
2025-08-01 11:11:54 AM,111.47,0,0.0,28335240.099999998
2025-08-01 11:11:55 AM,111.47,10,1114.7,28336354.799999997
2025-08-01 11:12:48 AM,111.47,25,2786.75,28339141.549999997
2025-08-01 11:13:08 AM,111.42,0,0.0,28339141.549999997
2025-08-01 11:13:09 AM,111.42,365,40668.3,28379809.849999998
2025-08-01 11:13:36 AM,111.47,120,13376.4,28393186.249999996
2025-08-01 11:13:43 AM,111.4,550,61270.0,28454456.249999996
2025-08-01 11:14:31 AM,111.32,0,0.0,28454456.249999996
2025-08-01 11:14:32 AM,111.39,365,40657.35,28495113.599999998
2025-08-01 11:14:35 AM,111.47,0,0.0,28495113.599999998
2025-08-01 11:14:35 AM,111.47,1165,129862.55,28624976.15
2025-08-01 11:14:57 AM,111.65,0,0.0,28624976.15
2025-08-01 11:14:57 AM,111.65,1500,167475.0,28792451.15
2025-08-01 11:15:07 AM,111.48,0,0.0,28792451.15
2025-08-01 11:15:08 AM,111.48,1500,167220.0,28959671.15
2025-08-01 11:15:15 AM,111.57,0,0.0,28959671.15
2025-08-01 11:15:19 AM,111.57,1,111.57,28959782.72
2025-08-01 11:16:09 AM,111.49,0,0.0,28959782.72
2025-08-01 11:16:11 AM,111.49,2,222.98,28960005.7
2025-08-01 11:16:58 AM,111.49,1220,136017.8,29096023.5
2025-08-01 11:17:11 AM,111.49,95,10591.55,29106615.05
2025-08-01 11:17:16 AM,111.49,20,2229.7999999999997,29108844.85
2025-08-01 11:17:36 AM,111.49,19,2118.31,29110963.16
2025-08-01 11:17:38 AM,111.42,50,5571.0,29116534.16
2025-08-01 11:18:23 AM,111.49,0,0.0,29116534.16
2025-08-01 11:18:24 AM,111.49,1,111.49,29116645.65
2025-08-01 11:18:48 AM,111.41,319,35539.79,29152185.439999998
2025-08-01 11:18:59 AM,111.4,0,0.0,29152185.439999998
2025-08-01 11:18:59 AM,111.4,682,75974.8,29228160.24
2025-08-01 11:19:15 AM,111.27,0,0.0,29228160.24
2025-08-01 11:19:16 AM,111.27,355,39500.85,29267661.09
2025-08-01 11:19:17 AM,111.35,0,0.0,29267661.09
2025-08-01 11:19:21 AM,111.25,0,0.0,29267661.09
2025-08-01 11:19:21 AM,111.25,505,56181.25,29323842.34
2025-08-01 11:19:25 AM,111.35,0,0.0,29323842.34
2025-08-01 11:19:27 AM,111.35,16,1781.6,29325623.94
2025-08-01 11:19:49 AM,111.26,0,0.0,29325623.94
2025-08-01 11:19:52 AM,111.33,0,0.0,29325623.94
2025-08-01 11:19:54 AM,111.33,437,48651.21,29374275.150000002
2025-08-01 11:19:59 AM,111.33,50,5566.5,29379841.650000002
2025-08-01 11:20:06 AM,111.36,0,0.0,29379841.650000002
2025-08-01 11:20:10 AM,111.36,240,26726.4,29406568.05
2025-08-01 11:20:14 AM,111.37,0,0.0,29406568.05
2025-08-01 11:20:15 AM,111.37,256,28510.72,29435078.77
2025-08-01 11:20:46 AM,111.37,244,27174.280000000002,29462253.05
2025-08-01 11:20:54 AM,111.36,0,0.0,29462253.05
2025-08-01 11:20:56 AM,111.36,700,77952.0,29540205.05
2025-08-01 11:21:08 AM,111.28,0,0.0,29540205.05
2025-08-01 11:21:12 AM,111.36,0,0.0,29540205.05
2025-08-01 11:21:12 AM,111.36,546,60802.56,29601007.61
2025-08-01 11:21:54 AM,111.36,25,2784.0,29603791.61
2025-08-01 11:22:04 AM,111.36,161,17928.96,29621720.57
2025-08-01 11:22:10 AM,111.39,0,0.0,29621720.57
2025-08-01 11:22:10 AM,111.39,1585,176553.15,29798273.72
2025-08-01 11:22:18 AM,111.44,0,0.0,29798273.72
2025-08-01 11:22:20 AM,111.44,2,222.88,29798496.599999998
2025-08-01 11:22:37 AM,111.44,43,4791.92,29803288.52
2025-08-01 11:22:42 AM,111.44,5,557.2,29803845.72
2025-08-01 11:23:02 AM,111.52,5,557.6,29804403.32
2025-08-01 11:23:15 AM,111.42,0,0.0,29804403.32
2025-08-01 11:23:19 AM,111.42,748,83342.16,29887745.48
2025-08-01 11:23:20 AM,111.52,0,0.0,29887745.48
2025-08-01 11:23:24 AM,111.52,3,334.56,29888080.04
2025-08-01 11:23:27 AM,111.37,0,0.0,29888080.04
2025-08-01 11:23:29 AM,111.37,50,5568.5,29893648.54
2025-08-01 11:23:35 AM,111.38,100,11138.0,29904786.54
2025-08-01 11:24:25 AM,111.39,30,3341.7,29908128.24
2025-08-01 11:24:32 AM,111.48,0,0.0,29908128.24
2025-08-01 11:24:36 AM,111.48,20,2229.6,29910357.84
2025-08-01 11:24:58 AM,111.39,0,0.0,29910357.84
2025-08-01 11:25:03 AM,111.39,72,8020.08,29918377.919999998
2025-08-01 11:25:08 AM,111.39,1099,122417.61,30040795.529999997
2025-08-01 11:25:26 AM,111.31,0,0.0,30040795.529999997
2025-08-01 11:25:28 AM,111.31,347,38624.57,30079420.099999998
2025-08-01 11:25:50 AM,111.5,0,0.0,30079420.099999998
2025-08-01 11:25:50 AM,111.5,5000,557500.0,30636920.099999998
2025-08-01 11:26:52 AM,111.5,100,11150.0,30648070.099999998
2025-08-01 11:27:01 AM,111.42,0,0.0,30648070.099999998
2025-08-01 11:27:02 AM,111.42,300,33426.0,30681496.099999998
2025-08-01 11:27:19 AM,111.48,0,0.0,30681496.099999998
2025-08-01 11:27:21 AM,111.48,2,222.96,30681719.06
2025-08-01 11:27:36 AM,111.48,1,111.48,30681830.54
2025-08-01 11:27:48 AM,111.55,0,0.0,30681830.54
2025-08-01 11:27:49 AM,111.55,2000,223100.0,30904930.54
2025-08-01 11:28:07 AM,111.55,450,50197.5,30955128.04
2025-08-01 11:28:30 AM,111.48,0,0.0,30955128.04
2025-08-01 11:28:30 AM,111.48,500,55740.0,31010868.04
2025-08-01 11:28:37 AM,111.54,0,0.0,31010868.04
2025-08-01 11:28:39 AM,111.54,20,2230.8,31013098.84
2025-08-01 11:28:53 AM,111.45,0,0.0,31013098.84
2025-08-01 11:28:53 AM,111.45,60,6687.0,31019785.84
2025-08-01 11:29:10 AM,111.59,0,0.0,31019785.84
2025-08-01 11:29:11 AM,111.59,775,86482.25,31106268.09
2025-08-01 11:29:23 AM,111.59,630,70301.7,31176569.79
2025-08-01 11:29:42 AM,111.5,0,0.0,31176569.79
2025-08-01 11:29:43 AM,111.5,7,780.5,31177350.29
2025-08-01 11:30:05 AM,111.59,0,0.0,31177350.29
2025-08-01 11:30:07 AM,111.59,35,3905.65,31181255.939999998
2025-08-01 11:30:27 AM,111.59,100,11159.0,31192414.939999998
2025-08-01 11:30:32 AM,111.59,44,4909.96,31197324.9
2025-08-01 11:30:39 AM,111.64,0,0.0,31197324.9
2025-08-01 11:30:40 AM,111.64,950,106058.0,31303382.9
2025-08-01 11:30:44 AM,111.64,200,22328.0,31325710.9
2025-08-01 11:30:57 AM,111.52,0,0.0,31325710.9
2025-08-01 11:31:00 AM,111.52,241,26876.32,31352587.22
2025-08-01 11:31:01 AM,111.52,1150,128248.0,31480835.22
2025-08-01 11:31:54 AM,111.57,0,0.0,31480835.22
2025-08-01 11:31:55 AM,111.53,0,0.0,31480835.22
2025-08-01 11:31:56 AM,111.53,671,74836.63,31555671.849999998
2025-08-01 11:32:21 AM,111.6,0,0.0,31555671.849999998
2025-08-01 11:32:22 AM,111.6,100,11160.0,31566831.849999998
2025-08-01 11:32:52 AM,111.53,0,0.0,31566831.849999998
2025-08-01 11:32:53 AM,111.53,3698,412437.94,31979269.79
2025-08-01 11:33:15 AM,111.47,20,2229.4,31981499.189999998
2025-08-01 11:34:25 AM,111.49,0,0.0,31981499.189999998
2025-08-01 11:34:25 AM,111.49,335,37349.15,32018848.339999996
2025-08-01 11:34:43 AM,111.53,0,0.0,32018848.339999996
2025-08-01 11:34:46 AM,111.53,29,3234.37,32022082.709999997
2025-08-01 11:35:05 AM,111.54,0,0.0,32022082.709999997
2025-08-01 11:35:07 AM,111.54,9,1003.86,32023086.569999997
2025-08-01 11:35:36 AM,111.52,0,0.0,32023086.569999997
2025-08-01 11:35:40 AM,111.52,450,50184.0,32073270.569999997
2025-08-01 11:35:44 AM,111.54,0,0.0,32073270.569999997
2025-08-01 11:35:45 AM,111.54,350,39039.0,32112309.569999997
2025-08-01 11:35:55 AM,111.54,13,1450.02,32113759.589999996
2025-08-01 11:36:12 AM,111.43,0,0.0,32113759.589999996
2025-08-01 11:36:15 AM,111.43,40,4457.200000000001,32118216.789999995
2025-08-01 11:36:50 AM,111.53,0,0.0,32118216.789999995
2025-08-01 11:36:52 AM,111.53,5,557.65,32118774.439999994
2025-08-01 11:36:56 AM,111.45,0,0.0,32118774.439999994
2025-08-01 11:36:57 AM,111.45,10,1114.5,32119888.939999994
2025-08-01 11:37:03 AM,111.53,0,0.0,32119888.939999994
2025-08-01 11:37:08 AM,111.53,50,5576.5,32125465.439999994
2025-08-01 11:37:13 AM,111.53,10,1115.3,32126580.739999995
2025-08-01 11:38:03 AM,111.41,0,0.0,32126580.739999995
2025-08-01 11:38:05 AM,111.41,247,27518.27,32154099.009999994
2025-08-01 11:38:21 AM,111.3,0,0.0,32154099.009999994
2025-08-01 11:38:22 AM,111.39,0,0.0,32154099.009999994
2025-08-01 11:38:25 AM,111.39,5219,581344.41,32735443.419999994
2025-08-01 11:39:31 AM,111.39,316,35199.24,32770642.659999993
2025-08-01 11:39:35 AM,111.4,30,3342.0,32773984.659999993
2025-08-01 11:39:37 AM,111.25,239,26588.75,32800573.409999993
2025-08-01 11:39:47 AM,111.32,300,33396.0,32833969.409999993
2025-08-01 11:40:07 AM,111.4,0,0.0,32833969.409999993
2025-08-01 11:40:08 AM,111.4,500,55700.0,32889669.409999993
2025-08-01 11:40:31 AM,111.35,0,0.0,32889669.409999993
2025-08-01 11:40:33 AM,111.35,3,334.04999999999995,32890003.459999993
2025-08-01 11:41:19 AM,111.28,0,0.0,32890003.459999993
2025-08-01 11:41:19 AM,111.28,120,13353.6,32903357.059999995
2025-08-01 11:41:45 AM,111.29,0,0.0,32903357.059999995
2025-08-01 11:41:49 AM,111.29,368,40954.72,32944311.779999994
2025-08-01 11:42:25 AM,111.28,0,0.0,32944311.779999994
2025-08-01 11:42:30 AM,111.28,17,1891.76,32946203.539999995
2025-08-01 11:42:52 AM,111.26,91,10124.66,32956328.199999996
2025-08-01 11:43:01 AM,111.25,0,0.0,32956328.199999996
2025-08-01 11:43:01 AM,111.25,4792,533110.0,33489438.199999996
2025-08-01 11:43:07 AM,111.25,20,2225.0,33491663.199999996
2025-08-01 11:43:11 AM,111.15,0,0.0,33491663.199999996
2025-08-01 11:43:13 AM,111.15,950,105592.5,33597255.699999996
2025-08-01 11:43:25 AM,111.25,0,0.0,33597255.699999996
2025-08-01 11:43:29 AM,111.25,948,105465.0,33702720.699999996
2025-08-01 11:43:35 AM,111.28,0,0.0,33702720.699999996
2025-08-01 11:43:39 AM,111.28,52,5786.56,33708507.26
2025-08-01 11:44:03 AM,111.25,0,0.0,33708507.26
2025-08-01 11:44:05 AM,111.25,45,5006.25,33713513.51
2025-08-01 11:44:27 AM,111.15,0,0.0,33713513.51
2025-08-01 11:44:29 AM,111.15,300,33345.0,33746858.51
2025-08-01 11:44:39 AM,111.25,0,0.0,33746858.51
2025-08-01 11:44:40 AM,111.25,30,3337.5,33750196.01
2025-08-01 11:45:00 AM,111.27,0,0.0,33750196.01
2025-08-01 11:45:02 AM,111.27,30,3338.1,33753534.11
2025-08-01 11:45:07 AM,111.27,15,1669.05,33755203.16
2025-08-01 11:45:27 AM,111.17,0,0.0,33755203.16
2025-08-01 11:45:28 AM,111.17,2,222.34,33755425.5
2025-08-01 11:45:49 AM,111.17,100,11117.0,33766542.5
2025-08-01 11:45:54 AM,111.15,0,0.0,33766542.5
2025-08-01 11:45:55 AM,111.15,1000,111150.0,33877692.5
2025-08-01 11:46:05 AM,111.24,0,0.0,33877692.5
2025-08-01 11:46:06 AM,111.24,40,4449.599999999999,33882142.1
2025-08-01 11:47:20 AM,111.24,1500,166860.0,34049002.1
2025-08-01 11:47:55 AM,111.24,250,27810.0,34076812.1
2025-08-01 11:48:40 AM,111.24,10,1112.3999999999999,34077924.5
2025-08-01 11:49:01 AM,111.24,42,4672.08,34082596.58
2025-08-01 11:49:38 AM,111.24,15,1668.6,34084265.18
2025-08-01 11:49:39 AM,111.28,0,0.0,34084265.18
2025-08-01 11:49:43 AM,111.28,31,3449.68,34087714.86
2025-08-01 11:50:28 AM,111.25,0,0.0,34087714.86
2025-08-01 11:50:30 AM,111.25,46,5117.5,34092832.36
2025-08-01 11:51:04 AM,111.25,1,111.25,34092943.61
2025-08-01 11:51:05 AM,111.31,0,0.0,34092943.61
2025-08-01 11:51:09 AM,111.31,2,222.62,34093166.23
2025-08-01 11:51:27 AM,111.26,0,0.0,34093166.23
2025-08-01 11:51:28 AM,111.26,378,42056.28,34135222.51
2025-08-01 11:52:23 AM,111.26,25,2781.5,34138004.01
2025-08-01 11:52:37 AM,111.32,0,0.0,34138004.01
2025-08-01 11:52:39 AM,111.32,619,68907.08,34206911.089999996
2025-08-01 11:53:34 AM,111.46,0,0.0,34206911.089999996
2025-08-01 11:53:35 AM,111.46,500,55730.0,34262641.089999996
2025-08-01 11:53:39 AM,111.44,0,0.0,34262641.089999996
2025-08-01 11:53:40 AM,111.44,2,222.88,34262863.97
2025-08-01 11:54:17 AM,111.35,0,0.0,34262863.97
2025-08-01 11:54:20 AM,111.35,48,5344.799999999999,34268208.769999996
2025-08-01 11:54:36 AM,111.35,505,56231.75,34324440.519999996
2025-08-01 11:54:42 AM,111.35,385,42869.75,34367310.269999996
2025-08-01 11:54:51 AM,111.35,75,8351.25,34375661.519999996
2025-08-01 11:55:01 AM,111.42,1,111.42,34375772.94
2025-08-01 11:55:10 AM,111.29,0,0.0,34375772.94
2025-08-01 11:55:11 AM,111.29,392,43625.68,34419398.62
2025-08-01 11:55:35 AM,111.34,0,0.0,34419398.62
2025-08-01 11:55:36 AM,111.34,243,27055.620000000003,34446454.239999995
2025-08-01 11:55:57 AM,111.29,50,5564.5,34452018.739999995
2025-08-01 11:56:05 AM,111.26,0,0.0,34452018.739999995
2025-08-01 11:56:06 AM,111.26,100,11126.0,34463144.739999995
2025-08-01 11:56:11 AM,111.26,500,55630.0,34518774.739999995
2025-08-01 11:56:16 AM,111.29,0,0.0,34518774.739999995
2025-08-01 11:56:16 AM,111.29,1,111.29,34518886.029999994
2025-08-01 11:58:05 AM,111.26,0,0.0,34518886.029999994
2025-08-01 11:58:08 AM,111.26,265,29483.9,34548369.92999999
2025-08-01 11:58:16 AM,111.29,0,0.0,34548369.92999999
2025-08-01 11:58:19 AM,111.29,10,1112.9,34549482.82999999
2025-08-01 11:58:36 AM,111.29,100,11129.0,34560611.82999999
2025-08-01 11:58:54 AM,111.26,0,0.0,34560611.82999999
2025-08-01 11:58:56 AM,111.26,5,556.3000000000001,34561168.12999999
2025-08-01 12:00:08 PM,111.29,0,0.0,34561168.12999999
2025-08-01 12:00:09 PM,111.29,200,22258.0,34583426.12999999
2025-08-01 12:00:21 PM,111.26,3,333.78000000000003,34583759.90999999
2025-08-01 12:00:39 PM,111.26,55,6119.3,34589879.209999986
2025-08-01 12:00:56 PM,111.26,25,2781.5,34592660.709999986
2025-08-01 12:01:06 PM,111.34,200,22268.0,34614928.709999986
2025-08-01 12:01:39 PM,111.34,1,111.34,34615040.04999999
2025-08-01 12:02:31 PM,111.27,0,0.0,34615040.04999999
2025-08-01 12:02:33 PM,111.27,81,9012.869999999999,34624052.91999999
2025-08-01 12:02:43 PM,111.26,170,18914.2,34642967.11999999
2025-08-01 12:02:59 PM,111.35,0,0.0,34642967.11999999
2025-08-01 12:03:01 PM,111.35,20,2227.0,34645194.11999999
2025-08-01 12:03:03 PM,111.25,0,0.0,34645194.11999999
2025-08-01 12:03:06 PM,111.25,751,83548.75,34728742.86999999
2025-08-01 12:03:57 PM,111.26,0,0.0,34728742.86999999
2025-08-01 12:03:58 PM,111.26,45,5006.7,34733749.56999999
2025-08-01 12:04:13 PM,111.2,0,0.0,34733749.56999999
2025-08-01 12:04:15 PM,111.2,2000,222400.0,34956149.56999999
2025-08-01 12:04:34 PM,111.3,0,0.0,34956149.56999999
2025-08-01 12:04:35 PM,111.3,2078,231281.4,35187430.96999999
2025-08-01 12:07:08 PM,111.27,0,0.0,35187430.96999999
2025-08-01 12:07:10 PM,111.27,261,29041.469999999998,35216472.43999999
2025-08-01 12:08:04 PM,111.21,0,0.0,35216472.43999999
2025-08-01 12:08:06 PM,111.21,394,43816.74,35260289.17999999
2025-08-01 12:08:10 PM,111.28,0,0.0,35260289.17999999
2025-08-01 12:08:11 PM,111.28,150,16692.0,35276981.17999999
2025-08-01 12:08:16 PM,111.18,0,0.0,35276981.17999999
2025-08-01 12:08:16 PM,111.18,81,9005.58,35285986.75999999
2025-08-01 12:08:34 PM,111.28,0,0.0,35285986.75999999
2025-08-01 12:08:36 PM,111.28,9,1001.52,35286988.279999994
2025-08-01 12:09:30 PM,111.24,0,0.0,35286988.279999994
2025-08-01 12:09:31 PM,111.24,269,29923.559999999998,35316911.839999996
2025-08-01 12:11:21 PM,111.19,20,2223.8,35319135.63999999
2025-08-01 12:11:26 PM,111.28,0,0.0,35319135.63999999
2025-08-01 12:11:31 PM,111.28,1,111.28,35319246.919999994
2025-08-01 12:11:40 PM,111.15,0,0.0,35319246.919999994
2025-08-01 12:11:40 PM,111.15,3000,333450.0,35652696.919999994
2025-08-01 12:11:50 PM,111.16,0,0.0,35652696.919999994
2025-08-01 12:11:50 PM,111.16,2,222.32,35652919.239999995
2025-08-01 12:11:52 PM,111.26,0,0.0,35652919.239999995
2025-08-01 12:11:55 PM,111.26,12,1335.1200000000001,35654254.35999999
2025-08-01 12:11:58 PM,111.16,0,0.0,35654254.35999999
2025-08-01 12:12:00 PM,111.16,55,6113.8,35660368.15999999
2025-08-01 12:12:14 PM,111.15,0,0.0,35660368.15999999
2025-08-01 12:12:14 PM,111.15,312,34678.8,35695046.959999986
2025-08-01 12:13:06 PM,111.2,100,11120.0,35706166.959999986
2025-08-01 12:13:25 PM,111.2,10,1112.0,35707278.959999986
2025-08-01 12:13:30 PM,111.15,0,0.0,35707278.959999986
2025-08-01 12:13:30 PM,111.15,500,55575.0,35762853.959999986
2025-08-01 12:13:40 PM,111.2,0,0.0,35762853.959999986
2025-08-01 12:13:40 PM,111.2,10,1112.0,35763965.959999986
2025-08-01 12:13:55 PM,111.15,686,76248.90000000001,35840214.859999985
2025-08-01 12:14:06 PM,111.17,0,0.0,35840214.859999985
2025-08-01 12:14:10 PM,111.17,4,444.68,35840659.539999984
2025-08-01 12:14:35 PM,111.17,200,22234.0,35862893.539999984
2025-08-01 12:15:18 PM,111.06,0,0.0,35862893.539999984
2025-08-01 12:15:21 PM,111.06,550,61083.0,35923976.539999984
2025-08-01 12:15:37 PM,111.07,241,26767.87,35950744.40999998
2025-08-01 12:16:01 PM,111.05,50,5552.5,35956296.90999998
2025-08-01 12:16:24 PM,111.11,0,0.0,35956296.90999998
2025-08-01 12:16:26 PM,111.11,6325,702770.75,36659067.65999998
2025-08-01 12:17:14 PM,111.1,0,0.0,36659067.65999998
2025-08-01 12:17:15 PM,111.1,459,50994.899999999994,36710062.55999998
2025-08-01 12:17:24 PM,111.02,0,0.0,36710062.55999998
2025-08-01 12:17:25 PM,111.02,380,42187.6,36752250.15999998
2025-08-01 12:17:34 PM,111.02,31,3441.62,36755691.77999998
2025-08-01 12:17:53 PM,111.02,376,41743.52,36797435.29999998
2025-08-01 12:18:18 PM,111.09,0,0.0,36797435.29999998
2025-08-01 12:18:18 PM,111.09,10,1110.9,36798546.19999998
2025-08-01 12:18:20 PM,111.02,0,0.0,36798546.19999998
2025-08-01 12:18:22 PM,111.02,100,11102.0,36809648.19999998
2025-08-01 12:19:06 PM,111.01,0,0.0,36809648.19999998
2025-08-01 12:19:08 PM,111.01,734,81481.34,36891129.539999984
2025-08-01 12:19:13 PM,111.01,81,8991.810000000001,36900121.34999999
2025-08-01 12:20:03 PM,111.0,0,0.0,36900121.34999999
2025-08-01 12:20:04 PM,111.0,8776,974136.0,37874257.34999999
2025-08-01 12:20:06 PM,110.9,0,0.0,37874257.34999999
2025-08-01 12:20:09 PM,110.9,31,3437.9,37877695.249999985
2025-08-01 12:20:15 PM,110.94,50,5547.0,37883242.249999985
2025-08-01 12:20:26 PM,110.9,0,0.0,37883242.249999985
2025-08-01 12:20:30 PM,110.9,403,44692.700000000004,37927934.94999999
2025-08-01 12:20:40 PM,110.9,549,60884.100000000006,37988819.04999999
2025-08-01 12:20:42 PM,110.85,0,0.0,37988819.04999999
2025-08-01 12:20:43 PM,110.92,0,0.0,37988819.04999999
2025-08-01 12:20:45 PM,110.92,620,68770.4,38057589.44999999
2025-08-01 12:20:55 PM,110.93,0,0.0,38057589.44999999
2025-08-01 12:20:55 PM,110.93,57,6323.01,38063912.459999986
2025-08-01 12:21:00 PM,110.93,100,11093.0,38075005.459999986
2025-08-01 12:21:34 PM,110.93,193,21409.49,38096414.94999999
2025-08-01 12:21:39 PM,110.93,10,1109.3000000000002,38097524.249999985
2025-08-01 12:21:51 PM,110.96,0,0.0,38097524.249999985
2025-08-01 12:21:52 PM,111.07,0,0.0,38097524.249999985
2025-08-01 12:21:53 PM,111.07,2430,269900.1,38367424.34999999
2025-08-01 12:22:20 PM,111.08,0,0.0,38367424.34999999
2025-08-01 12:22:21 PM,111.08,71,7886.68,38375311.02999999
2025-08-01 12:22:25 PM,111.08,2,222.16,38375533.18999998
2025-08-01 12:22:31 PM,111.07,0,0.0,38375533.18999998
2025-08-01 12:22:31 PM,111.07,80,8885.599999999999,38384418.789999984
2025-08-01 12:22:46 PM,111.07,650,72195.5,38456614.289999984
2025-08-01 12:22:46 PM,110.99,20,2219.7999999999997,38458834.08999998
2025-08-01 12:22:52 PM,111.07,0,0.0,38458834.08999998
2025-08-01 12:22:55 PM,111.07,50,5553.5,38464387.58999998
2025-08-01 12:23:00 PM,111.07,150,16660.5,38481048.08999998
2025-08-01 12:23:18 PM,111.01,0,0.0,38481048.08999998
2025-08-01 12:23:20 PM,111.01,45,4995.45,38486043.539999984
2025-08-01 12:23:23 PM,111.11,0,0.0,38486043.539999984
2025-08-01 12:23:25 PM,111.11,485,53888.35,38539931.889999986
2025-08-01 12:24:05 PM,111.11,1,111.11,38540042.999999985
2025-08-01 12:24:13 PM,111.0,0,0.0,38540042.999999985
2025-08-01 12:24:15 PM,111.0,50,5550.0,38545592.999999985
2025-08-01 12:24:38 PM,111.11,0,0.0,38545592.999999985
2025-08-01 12:24:39 PM,111.11,300,33333.0,38578925.999999985
2025-08-01 12:25:29 PM,111.1,0,0.0,38578925.999999985
2025-08-01 12:25:30 PM,111.1,100,11110.0,38590035.999999985
2025-08-01 12:25:39 PM,111.1,58,6443.799999999999,38596479.79999998
2025-08-01 12:25:59 PM,111.1,205,22775.5,38619255.29999998
2025-08-01 12:26:39 PM,111.16,0,0.0,38619255.29999998
2025-08-01 12:26:40 PM,111.16,5,555.8,38619811.09999998
2025-08-01 12:26:50 PM,111.11,0,0.0,38619811.09999998
2025-08-01 12:26:55 PM,111.11,45,4999.95,38624811.04999998
2025-08-01 12:27:02 PM,111.1,0,0.0,38624811.04999998
2025-08-01 12:27:05 PM,111.1,366,40662.6,38665473.64999998
2025-08-01 12:27:10 PM,111.1,15,1666.5,38667140.14999998
2025-08-01 12:27:15 PM,111.08,0,0.0,38667140.14999998
2025-08-01 12:27:16 PM,111.08,100,11108.0,38678248.14999998
2025-08-01 12:27:24 PM,111.12,0,0.0,38678248.14999998
2025-08-01 12:27:25 PM,111.12,4661,517930.32,39196178.469999984
2025-08-01 12:27:36 PM,111.08,0,0.0,39196178.469999984
2025-08-01 12:27:40 PM,111.08,490,54429.2,39250607.66999999
2025-08-01 12:28:02 PM,111.1,0,0.0,39250607.66999999
2025-08-01 12:28:04 PM,111.1,8,888.8,39251496.469999984
2025-08-01 12:28:29 PM,110.98,345,38288.1,39289784.569999985
2025-08-01 12:29:23 PM,110.88,40,4435.2,39294219.76999999
2025-08-01 12:29:28 PM,110.98,200,22196.0,39316415.76999999
2025-08-01 12:29:29 PM,110.89,0,0.0,39316415.76999999
2025-08-01 12:29:30 PM,110.89,20,2217.8,39318633.569999985
2025-08-01 12:30:20 PM,111.01,0,0.0,39318633.569999985
2025-08-01 12:30:21 PM,111.01,52,5772.52,39324406.08999999
2025-08-01 12:30:23 PM,111.05,0,0.0,39324406.08999999
2025-08-01 12:30:24 PM,111.05,100,11105.0,39335511.08999999
2025-08-01 12:30:30 PM,111.24,5000,556200.0,39891711.08999999
2025-08-01 12:31:15 PM,111.24,3000,333720.0,40225431.08999999
2025-08-01 12:31:22 PM,111.19,0,0.0,40225431.08999999
2025-08-01 12:31:23 PM,111.19,60,6671.4,40232102.48999999
2025-08-01 12:31:46 PM,111.25,0,0.0,40232102.48999999
2025-08-01 12:31:47 PM,111.25,147,16353.75,40248456.23999999
2025-08-01 12:32:04 PM,111.19,14,1556.6599999999999,40250012.89999998
2025-08-01 12:32:06 PM,111.1,0,0.0,40250012.89999998
2025-08-01 12:32:09 PM,111.1,67,7443.7,40257456.59999999
2025-08-01 12:32:18 PM,111.18,0,0.0,40257456.59999999
2025-08-01 12:32:18 PM,111.17,0,0.0,40257456.59999999
2025-08-01 12:32:20 PM,111.07,240,26656.8,40284113.39999998
2025-08-01 12:32:38 PM,111.12,0,0.0,40284113.39999998
2025-08-01 12:32:40 PM,111.12,50,5556.0,40289669.39999998
2025-08-01 12:32:45 PM,111.12,1,111.12,40289780.51999998
2025-08-01 12:32:52 PM,111.11,0,0.0,40289780.51999998
2025-08-01 12:32:55 PM,111.11,1,111.11,40289891.62999998
2025-08-01 12:32:55 PM,111.12,0,0.0,40289891.62999998
2025-08-01 12:32:55 PM,111.12,25,2778.0,40292669.62999998
2025-08-01 12:32:59 PM,111.13,75,8334.75,40301004.37999998
2025-08-01 12:33:16 PM,111.12,200,22224.0,40323228.37999998
2025-08-01 12:33:25 PM,111.14,44,4890.16,40328118.53999998
2025-08-01 12:34:02 PM,111.15,0,0.0,40328118.53999998
2025-08-01 12:34:05 PM,111.15,1,111.15,40328229.689999975
2025-08-01 12:34:40 PM,111.29,0,0.0,40328229.689999975
2025-08-01 12:34:41 PM,111.29,2500,278225.0,40606454.689999975
2025-08-01 12:34:54 PM,111.26,0,0.0,40606454.689999975
2025-08-01 12:34:56 PM,111.14,161,17893.54,40624348.229999974
2025-08-01 12:36:04 PM,111.24,2,222.48,40624570.70999997
2025-08-01 12:36:24 PM,111.24,100,11124.0,40635694.70999997
2025-08-01 12:36:28 PM,111.12,0,0.0,40635694.70999997
2025-08-01 12:36:29 PM,111.12,20,2222.4,40637917.10999997
2025-08-01 12:37:15 PM,111.2,550,61160.0,40699077.10999997
2025-08-01 12:37:21 PM,111.12,0,0.0,40699077.10999997
2025-08-01 12:37:25 PM,111.12,77,8556.24,40707633.34999997
2025-08-01 12:37:33 PM,111.11,0,0.0,40707633.34999997
2025-08-01 12:37:35 PM,111.11,48,5333.28,40712966.62999997
2025-08-01 12:38:46 PM,111.12,30,3333.6000000000004,40716300.229999974
2025-08-01 12:38:50 PM,111.1,0,0.0,40716300.229999974
2025-08-01 12:38:50 PM,111.1,101,11221.099999999999,40727521.329999976
2025-08-01 12:38:53 PM,111.12,0,0.0,40727521.329999976
2025-08-01 12:38:54 PM,111.12,50,5556.0,40733077.329999976
2025-08-01 12:39:12 PM,111.1,0,0.0,40733077.329999976
2025-08-01 12:39:13 PM,111.1,268,29774.8,40762852.12999997
2025-08-01 12:39:16 PM,111.11,0,0.0,40762852.12999997
2025-08-01 12:39:18 PM,111.11,30,3333.3,40766185.42999997
2025-08-01 12:39:21 PM,111.0,0,0.0,40766185.42999997
2025-08-01 12:39:23 PM,111.0,252,27972.0,40794157.42999997
2025-08-01 12:39:42 PM,111.02,0,0.0,40794157.42999997
2025-08-01 12:39:43 PM,111.02,300,33306.0,40827463.42999997
2025-08-01 12:39:48 PM,110.94,55,6101.7,40833565.12999997
2025-08-01 12:39:50 PM,110.98,0,0.0,40833565.12999997
2025-08-01 12:39:53 PM,110.98,1,110.98,40833676.10999997
2025-08-01 12:39:58 PM,110.98,2,221.96,40833898.06999997
2025-08-01 12:40:06 PM,110.93,0,0.0,40833898.06999997
2025-08-01 12:40:08 PM,110.9,0,0.0,40833898.06999997
2025-08-01 12:40:09 PM,110.9,786,87167.40000000001,40921065.46999997
2025-08-01 12:40:54 PM,110.98,0,0.0,40921065.46999997
2025-08-01 12:40:55 PM,110.98,50,5549.0,40926614.46999997
2025-08-01 12:40:58 PM,111.0,0,0.0,40926614.46999997
2025-08-01 12:41:00 PM,111.0,397,44067.0,40970681.46999997
2025-08-01 12:41:27 PM,111.04,140,15545.6,40986227.06999997
2025-08-01 12:41:36 PM,111.05,0,0.0,40986227.06999997
2025-08-01 12:41:37 PM,111.05,300,33315.0,41019542.06999997
2025-08-01 12:42:09 PM,110.95,10,1109.5,41020651.56999997
2025-08-01 12:42:13 PM,110.95,100,11095.0,41031746.56999997
2025-08-01 12:42:30 PM,111.03,0,0.0,41031746.56999997
2025-08-01 12:42:34 PM,111.03,185,20540.55,41052287.11999997
2025-08-01 12:43:12 PM,110.92,431,47806.520000000004,41100093.63999997
2025-08-01 12:43:15 PM,110.9,0,0.0,41100093.63999997
2025-08-01 12:43:16 PM,110.9,50,5545.0,41105638.63999997
2025-08-01 12:44:14 PM,110.96,0,0.0,41105638.63999997
2025-08-01 12:44:17 PM,110.96,221,24522.16,41130160.79999997
2025-08-01 12:44:20 PM,110.91,0,0.0,41130160.79999997
2025-08-01 12:44:22 PM,110.91,80,8872.8,41139033.599999964
2025-08-01 12:44:48 PM,110.97,2,221.94,41139255.53999996
2025-08-01 12:44:56 PM,110.91,0,0.0,41139255.53999996
2025-08-01 12:44:58 PM,110.91,65,7209.15,41146464.68999996
2025-08-01 12:45:30 PM,110.91,422,46804.02,41193268.70999996
2025-08-01 12:45:36 PM,110.97,0,0.0,41193268.70999996
2025-08-01 12:45:40 PM,110.97,27,2996.19,41196264.89999996
2025-08-01 12:46:12 PM,110.0,0,0.0,41196264.89999996
2025-08-01 12:46:14 PM,110.05,0,0.0,41196264.89999996
2025-08-01 12:46:14 PM,110.05,67156,7390517.8,48586782.69999996
2025-08-01 12:46:16 PM,110.07,0,0.0,48586782.69999996
2025-08-01 12:46:20 PM,110.07,132,14529.24,48601311.93999996
2025-08-01 12:46:35 PM,110.07,150,16510.5,48617822.43999996
2025-08-01 12:46:45 PM,110.08,124,13649.92,48631472.35999996
2025-08-01 12:46:46 PM,110.08,559,61534.72,48693007.07999996
2025-08-01 12:46:55 PM,110.1,400,44040.0,48737047.07999996
2025-08-01 12:47:04 PM,110.08,0,0.0,48737047.07999996
2025-08-01 12:47:06 PM,110.08,15,1651.2,48738698.279999964
2025-08-01 12:47:24 PM,110.02,0,0.0,48738698.279999964
2025-08-01 12:47:26 PM,110.02,6134,674862.6799999999,49413560.95999996
2025-08-01 12:47:27 PM,110.0,7,770.0,49414330.95999996
2025-08-01 12:47:28 PM,110.02,0,0.0,49414330.95999996
2025-08-01 12:47:31 PM,110.0,5379,591690.0,50006020.95999996
2025-08-01 12:47:36 PM,110.0,2,220.0,50006240.95999996
2025-08-01 12:47:46 PM,110.06,0,0.0,50006240.95999996
2025-08-01 12:47:46 PM,110.06,95,10455.7,50016696.65999997
2025-08-01 12:47:52 PM,110.08,100,11008.0,50027704.65999997
2025-08-01 12:48:02 PM,110.09,1,110.09,50027814.74999997
2025-08-01 12:48:07 PM,110.08,1000,110080.0,50137894.74999997
2025-08-01 12:48:26 PM,110.08,50,5504.0,50143398.74999997
2025-08-01 12:48:31 PM,110.08,354,38968.32,50182367.06999997
2025-08-01 12:48:32 PM,110.08,500,55040.0,50237407.06999997
2025-08-01 12:48:42 PM,110.08,1111,122298.88,50359705.94999997
2025-08-01 12:48:42 PM,110.1,0,0.0,50359705.94999997
2025-08-01 12:48:43 PM,110.1,5379,592227.9,50951933.84999997
2025-08-01 12:48:58 PM,110.15,0,0.0,50951933.84999997
2025-08-01 12:49:01 PM,110.15,61,6719.150000000001,50958652.99999997
2025-08-01 12:49:02 PM,110.15,51,5617.650000000001,50964270.64999997
2025-08-01 12:49:16 PM,110.15,1000,110150.0,51074420.64999997
2025-08-01 12:49:32 PM,110.22,0,0.0,51074420.64999997
2025-08-01 12:49:35 PM,110.22,200,22044.0,51096464.64999997
2025-08-01 12:49:55 PM,110.22,100,11022.0,51107486.64999997
2025-08-01 12:49:56 PM,110.22,1153,127083.66,51234570.309999965
2025-08-01 12:50:14 PM,110.24,0,0.0,51234570.309999965
2025-08-01 12:50:16 PM,110.24,78,8598.72,51243169.029999964
2025-08-01 12:50:28 PM,110.2,0,0.0,51243169.029999964
2025-08-01 12:50:32 PM,110.2,3366,370933.2,51614102.22999997
2025-08-01 12:50:36 PM,110.19,0,0.0,51614102.22999997
2025-08-01 12:50:37 PM,110.19,5,550.95,51614653.17999997
2025-08-01 12:51:03 PM,110.19,25,2754.75,51617407.92999997
2025-08-01 12:51:08 PM,110.19,330,36362.7,51653770.62999997
2025-08-01 12:51:08 PM,110.2,0,0.0,51653770.62999997
2025-08-01 12:51:10 PM,110.2,3,330.6,51654101.229999974
2025-08-01 12:51:19 PM,110.2,10,1102.0,51655203.229999974
2025-08-01 12:51:49 PM,110.2,1072,118134.40000000001,51773337.62999997
2025-08-01 12:51:56 PM,110.01,0,0.0,51773337.62999997
2025-08-01 12:51:58 PM,110.19,0,0.0,51773337.62999997
2025-08-01 12:51:59 PM,110.19,25600,2820864.0,54594201.62999997
2025-08-01 12:52:06 PM,110.11,0,0.0,54594201.62999997
2025-08-01 12:52:08 PM,110.11,121,13323.31,54607524.939999975
2025-08-01 12:52:13 PM,110.11,3,330.33,54607855.26999997
2025-08-01 12:52:29 PM,110.03,3000,330090.0,54937945.26999997
2025-08-01 12:52:53 PM,110.03,4,440.12,54938385.38999997
2025-08-01 12:52:54 PM,110.03,4066,447381.98,55385767.36999997
2025-08-01 12:53:18 PM,110.01,31,3410.31,55389177.67999997
2025-08-01 12:53:28 PM,110.01,90,9900.9,55399078.57999997
2025-08-01 12:53:33 PM,110.01,11,1210.1100000000001,55400288.68999997
2025-08-01 12:53:44 PM,110.02,255,28055.1,55428343.78999997
2025-08-01 12:53:49 PM,110.02,65,7151.3,55435495.08999997
2025-08-01 12:53:58 PM,110.04,0,0.0,55435495.08999997
2025-08-01 12:53:59 PM,110.04,8,880.32,55436375.40999997
2025-08-01 12:54:04 PM,110.04,316,34772.64,55471148.04999997
2025-08-01 12:54:18 PM,110.04,50,5502.0,55476650.04999997
2025-08-01 12:54:33 PM,110.04,450,49518.0,55526168.04999997
2025-08-01 12:54:38 PM,110.04,17,1870.68,55528038.72999997
2025-08-01 12:54:38 PM,110.02,0,0.0,55528038.72999997
2025-08-01 12:54:43 PM,110.02,2,220.04,55528258.769999966
2025-08-01 12:54:49 PM,110.02,500,55010.0,55583268.769999966
2025-08-01 12:55:08 PM,110.04,0,0.0,55583268.769999966
2025-08-01 12:55:11 PM,110.04,2,220.08,55583488.849999964
2025-08-01 12:55:14 PM,110.02,0,0.0,55583488.849999964
2025-08-01 12:55:16 PM,110.02,1000,110020.0,55693508.849999964
2025-08-01 12:55:20 PM,109.99,0,0.0,55693508.849999964
2025-08-01 12:55:20 PM,109.83,0,0.0,55693508.849999964
2025-08-01 12:55:21 PM,109.83,18313,2011316.79,57704825.63999996
2025-08-01 12:55:22 PM,109.8,0,0.0,57704825.63999996
2025-08-01 12:55:26 PM,109.8,167,18336.6,57723162.239999965
2025-08-01 12:55:30 PM,109.87,0,0.0,57723162.239999965
2025-08-01 12:55:31 PM,109.87,292,32082.04,57755244.279999964
2025-08-01 12:55:44 PM,109.9,0,0.0,57755244.279999964
2025-08-01 12:55:46 PM,109.9,100,10990.0,57766234.279999964
2025-08-01 12:55:51 PM,109.9,21,2307.9,57768542.17999996
2025-08-01 12:55:56 PM,109.9,85,9341.5,57777883.67999996
2025-08-01 12:56:06 PM,109.9,647,71105.3,57848988.97999996
2025-08-01 12:56:10 PM,109.81,0,0.0,57848988.97999996
2025-08-01 12:56:11 PM,109.88,240,26371.199999999997,57875360.17999996
2025-08-01 12:56:14 PM,109.9,0,0.0,57875360.17999996
2025-08-01 12:56:16 PM,109.9,818,89898.20000000001,57965258.379999965
2025-08-01 12:56:21 PM,109.9,50,5495.0,57970753.379999965
2025-08-01 12:56:26 PM,109.8,1300,142740.0,58113493.379999965
2025-08-01 12:56:26 PM,109.9,0,0.0,58113493.379999965
2025-08-01 12:56:27 PM,109.9,500,54950.0,58168443.379999965
2025-08-01 12:56:28 PM,109.8,0,0.0,58168443.379999965
2025-08-01 12:56:31 PM,109.8,100,10980.0,58179423.379999965
2025-08-01 12:56:36 PM,109.9,20,2198.0,58181621.379999965
2025-08-01 12:56:41 PM,109.9,20,2198.0,58183819.379999965
2025-08-01 12:56:51 PM,109.92,253,27809.760000000002,58211629.13999996
2025-08-01 12:57:34 PM,109.95,0,0.0,58211629.13999996
2025-08-01 12:57:36 PM,109.95,5,549.75,58212178.88999996
2025-08-01 12:57:42 PM,109.95,1,109.95,58212288.83999997
2025-08-01 12:57:44 PM,109.92,0,0.0,58212288.83999997
2025-08-01 12:57:46 PM,109.95,111,12204.45,58224493.28999997
2025-08-01 12:57:51 PM,109.95,72,7916.400000000001,58232409.68999997
2025-08-01 12:57:56 PM,109.95,120,13194.0,58245603.68999997
2025-08-01 12:58:01 PM,109.95,1,109.95,58245713.63999997
2025-08-01 12:58:21 PM,109.95,200,21990.0,58267703.63999997
2025-08-01 12:58:42 PM,109.95,2551,280482.45,58548186.089999974
2025-08-01 12:59:28 PM,109.99,0,0.0,58548186.089999974
2025-08-01 12:59:32 PM,109.99,5,549.9499999999999,58548736.03999998
2025-08-01 12:59:37 PM,109.99,50,5499.5,58554235.53999998
2025-08-01 01:00:04 PM,109.95,1,109.95,58554345.48999998
2025-08-01 01:00:13 PM,110.01,0,0.0,58554345.48999998
2025-08-01 01:00:14 PM,110.01,89,9790.890000000001,58564136.37999998
2025-08-01 01:00:35 PM,109.95,0,0.0,58564136.37999998
2025-08-01 01:00:35 PM,109.95,500,54975.0,58619111.37999998
2025-08-01 01:00:41 PM,110.01,0,0.0,58619111.37999998
2025-08-01 01:00:41 PM,110.01,50,5500.5,58624611.87999998
2025-08-01 01:00:49 PM,109.95,0,0.0,58624611.87999998
2025-08-01 01:00:50 PM,109.95,10,1099.5,58625711.37999998
2025-08-01 01:01:15 PM,110.01,0,0.0,58625711.37999998
2025-08-01 01:01:18 PM,110.01,3,330.03000000000003,58626041.40999998
2025-08-01 01:01:27 PM,109.95,0,0.0,58626041.40999998
2025-08-01 01:01:27 PM,109.95,1,109.95,58626151.359999985
2025-08-01 01:01:29 PM,110.01,0,0.0,58626151.359999985
2025-08-01 01:01:29 PM,110.01,1000,110010.0,58736161.359999985
2025-08-01 01:01:37 PM,109.99,0,0.0,58736161.359999985
2025-08-01 01:01:38 PM,109.99,3,329.96999999999997,58736491.32999998
2025-08-01 01:01:47 PM,109.95,0,0.0,58736491.32999998
2025-08-01 01:01:48 PM,109.95,25,2748.75,58739240.07999998
2025-08-01 01:01:49 PM,109.95,909,99944.55,58839184.62999998
2025-08-01 01:02:03 PM,109.92,0,0.0,58839184.62999998
2025-08-01 01:02:03 PM,109.92,120,13190.4,58852375.02999998
2025-08-01 01:02:11 PM,109.91,0,0.0,58852375.02999998
2025-08-01 01:02:12 PM,109.91,1100,120901.0,58973276.02999998
2025-08-01 01:02:19 PM,109.9,0,0.0,58973276.02999998
2025-08-01 01:02:22 PM,109.9,360,39564.0,59012840.02999998
2025-08-01 01:02:43 PM,109.82,0,0.0,59012840.02999998
2025-08-01 01:02:43 PM,109.82,3000,329460.0,59342300.02999998
2025-08-01 01:02:51 PM,109.8,0,0.0,59342300.02999998
2025-08-01 01:02:53 PM,109.8,3500,384300.0,59726600.02999998
2025-08-01 01:03:02 PM,109.8,1640,180072.0,59906672.02999998
2025-08-01 01:03:15 PM,109.82,0,0.0,59906672.02999998
2025-08-01 01:03:17 PM,109.82,5,549.0999999999999,59907221.12999998
2025-08-01 01:03:25 PM,109.8,0,0.0,59907221.12999998
2025-08-01 01:03:27 PM,109.75,0,0.0,59907221.12999998
2025-08-01 01:03:27 PM,109.75,898,98555.5,60005776.62999998
2025-08-01 01:03:42 PM,109.66,250,27415.0,60033191.62999998
2025-08-01 01:04:16 PM,109.66,10,1096.6,60034288.22999998
2025-08-01 01:04:46 PM,109.73,10,1097.3,60035385.52999998
2025-08-01 01:05:45 PM,109.75,0,0.0,60035385.52999998
2025-08-01 01:05:46 PM,109.75,3,329.25,60035714.77999998
2025-08-01 01:06:05 PM,109.79,0,0.0,60035714.77999998
2025-08-01 01:06:06 PM,109.79,877,96285.83,60132000.60999998
2025-08-01 01:06:09 PM,109.75,0,0.0,60132000.60999998
2025-08-01 01:06:11 PM,109.75,64,7024.0,60139024.60999998
2025-08-01 01:06:23 PM,109.81,0,0.0,60139024.60999998
2025-08-01 01:06:27 PM,109.81,200,21962.0,60160986.60999998
2025-08-01 01:06:31 PM,109.82,0,0.0,60160986.60999998
2025-08-01 01:06:32 PM,109.82,500,54910.0,60215896.60999998
2025-08-01 01:06:37 PM,109.82,1155,126842.09999999999,60342738.70999998
2025-08-01 01:06:42 PM,109.82,3,329.46,60343068.16999998
2025-08-01 01:06:53 PM,109.82,200,21964.0,60365032.16999998
2025-08-01 01:06:58 PM,109.82,66,7248.12,60372280.28999998
2025-08-01 01:07:04 PM,109.9,0,0.0,60372280.28999998
2025-08-01 01:07:07 PM,110.0,9205,1012550.0,61384830.28999998
2025-08-01 01:07:10 PM,110.04,0,0.0,61384830.28999998
2025-08-01 01:07:13 PM,110.04,49,5391.96,61390222.24999998
2025-08-01 01:07:18 PM,110.04,4951,544808.04,61935030.28999998
2025-08-01 01:07:54 PM,110.04,175,19257.0,61954287.28999998
2025-08-01 01:08:14 PM,110.04,500,55020.0,62009307.28999998
2025-08-01 01:08:31 PM,110.04,77,8473.08,62017780.369999975
2025-08-01 01:08:34 PM,110.0,0,0.0,62017780.369999975
2025-08-01 01:08:35 PM,110.0,1000,110000.0,62127780.369999975
2025-08-01 01:09:18 PM,110.08,0,0.0,62127780.369999975
2025-08-01 01:09:19 PM,110.03,159,17494.77,62145275.13999998
2025-08-01 01:09:34 PM,110.08,10,1100.8,62146375.939999975
2025-08-01 01:09:57 PM,110.08,300,33024.0,62179399.939999975
2025-08-01 01:10:10 PM,110.08,500,55040.0,62234439.939999975
2025-08-01 01:10:15 PM,110.08,50,5504.0,62239943.939999975
2025-08-01 01:10:22 PM,110.08,28,3082.24,62243026.17999998
2025-08-01 01:11:05 PM,110.03,62,6821.86,62249848.03999998
2025-08-01 01:11:17 PM,110.03,40,4401.2,62254249.23999998
2025-08-01 01:11:30 PM,110.08,40,4403.2,62258652.43999998
2025-08-01 01:11:32 PM,110.08,1,110.08,62258762.51999998
2025-08-01 01:11:40 PM,110.03,50,5501.5,62264264.01999998
2025-08-01 01:12:10 PM,110.03,550,60516.5,62324780.51999998
2025-08-01 01:12:25 PM,110.03,44,4841.32,62329621.83999998
2025-08-01 01:12:51 PM,110.03,225,24756.75,62354378.58999998
2025-08-01 01:12:56 PM,110.08,27,2972.16,62357350.74999998
2025-08-01 01:13:41 PM,110.08,400,44032.0,62401382.74999998
2025-08-01 01:13:44 PM,110.08,3643,401021.44,62802404.189999975
2025-08-01 01:14:26 PM,110.18,0,0.0,62802404.189999975
2025-08-01 01:14:27 PM,110.18,41,4517.38,62806921.56999998
2025-08-01 01:14:51 PM,110.18,50,5509.0,62812430.56999998
2025-08-01 01:15:18 PM,110.14,0,0.0,62812430.56999998
2025-08-01 01:15:18 PM,110.14,1,110.14,62812540.70999998
2025-08-01 01:15:31 PM,110.14,1000,110140.0,62922680.70999998
2025-08-01 01:15:33 PM,110.14,230,25332.2,62948012.90999998
2025-08-01 01:15:41 PM,110.18,57,6280.26,62954293.16999998
2025-08-01 01:16:22 PM,110.18,25,2754.5,62957047.66999998
2025-08-01 01:16:44 PM,110.18,50,5509.0,62962556.66999998
2025-08-01 01:17:11 PM,110.18,752,82855.36,63045412.02999998
2025-08-01 01:17:19 PM,110.18,500,55090.0,63100502.02999998
2025-08-01 01:17:21 PM,110.14,220,24230.8,63124732.829999976
2025-08-01 01:17:34 PM,110.18,0,0.0,63124732.829999976
2025-08-01 01:17:36 PM,110.18,59,6500.620000000001,63131233.44999997
2025-08-01 01:17:38 PM,110.18,500,55090.0,63186323.44999997
2025-08-01 01:17:40 PM,110.14,0,0.0,63186323.44999997
2025-08-01 01:17:41 PM,110.14,2,220.28,63186543.729999974
2025-08-01 01:17:44 PM,110.18,0,0.0,63186543.729999974
2025-08-01 01:17:45 PM,110.18,1,110.18,63186653.909999974
2025-08-01 01:18:49 PM,110.18,60,6610.8,63193264.70999997
2025-08-01 01:19:09 PM,110.18,54,5949.72,63199214.42999997
2025-08-01 01:19:19 PM,110.18,2,220.36,63199434.78999997
2025-08-01 01:19:28 PM,110.16,0,0.0,63199434.78999997
2025-08-01 01:19:28 PM,110.16,145,15973.199999999999,63215407.98999997
2025-08-01 01:19:30 PM,110.18,0,0.0,63215407.98999997
2025-08-01 01:19:33 PM,110.18,71,7822.780000000001,63223230.76999997
2025-08-01 01:19:52 PM,110.18,2,220.36,63223451.12999997
2025-08-01 01:20:00 PM,110.16,0,0.0,63223451.12999997
2025-08-01 01:20:02 PM,110.18,682,75142.76000000001,63298593.88999997
2025-08-01 01:20:23 PM,110.18,1,110.18,63298704.06999997
2025-08-01 01:20:28 PM,110.12,0,0.0,63298704.06999997
2025-08-01 01:20:28 PM,110.12,14046,1546745.52,64845449.589999974
2025-08-01 01:20:33 PM,110.01,100,11001.0,64856450.589999974
2025-08-01 01:21:44 PM,110.02,0,0.0,64856450.589999974
2025-08-01 01:21:47 PM,110.02,1,110.02,64856560.60999998
2025-08-01 01:22:21 PM,110.02,30,3300.6,64859861.20999998
2025-08-01 01:22:36 PM,110.04,0,0.0,64859861.20999998
2025-08-01 01:22:38 PM,110.04,30,3301.2000000000003,64863162.40999998
2025-08-01 01:22:46 PM,110.05,0,0.0,64863162.40999998
2025-08-01 01:22:47 PM,110.05,600,66030.0,64929192.40999998
2025-08-01 01:22:57 PM,110.05,100,11005.0,64940197.40999998
2025-08-01 01:23:01 PM,110.05,220,24211.0,64964408.40999998
2025-08-01 01:23:06 PM,110.05,40,4402.0,64968810.40999998
2025-08-01 01:23:08 PM,110.02,0,0.0,64968810.40999998
2025-08-01 01:23:10 PM,110.02,800,88016.0,65056826.40999998
2025-08-01 01:23:15 PM,110.02,4,440.08,65057266.48999998
2025-08-01 01:23:26 PM,110.05,0,0.0,65057266.48999998
2025-08-01 01:23:30 PM,110.05,1002,110270.09999999999,65167536.58999998
2025-08-01 01:23:54 PM,110.05,1,110.05,65167646.63999998
2025-08-01 01:23:59 PM,110.05,10,1100.5,65168747.13999998
2025-08-01 01:24:24 PM,110.02,0,0.0,65168747.13999998
2025-08-01 01:24:27 PM,110.02,536,58970.72,65227717.85999998
2025-08-01 01:25:16 PM,110.05,36,3961.7999999999997,65231679.659999974
2025-08-01 01:25:26 PM,110.05,100,11005.0,65242684.659999974
2025-08-01 01:25:40 PM,110.05,36,3961.7999999999997,65246646.45999997
2025-08-01 01:26:20 PM,110.05,36,3961.7999999999997,65250608.25999997
2025-08-01 01:26:57 PM,110.02,0,0.0,65250608.25999997
2025-08-01 01:27:00 PM,110.02,168,18483.36,65269091.61999997
2025-08-01 01:27:01 PM,110.05,0,0.0,65269091.61999997
2025-08-01 01:27:05 PM,110.05,20,2201.0,65271292.61999997
2025-08-01 01:27:14 PM,110.05,36,3961.7999999999997,65275254.419999965
2025-08-01 01:27:19 PM,110.05,10,1100.5,65276354.919999965
2025-08-01 01:27:27 PM,109.99,0,0.0,65276354.919999965
2025-08-01 01:27:29 PM,109.99,8079,888609.21,66164964.129999965
2025-08-01 01:27:47 PM,109.95,0,0.0,66164964.129999965
2025-08-01 01:27:49 PM,109.95,5000,549750.0,66714714.129999965
2025-08-01 01:28:00 PM,109.96,0,0.0,66714714.129999965
2025-08-01 01:28:03 PM,109.96,60,6597.599999999999,66721311.72999997
2025-08-01 01:28:16 PM,109.95,0,0.0,66721311.72999997
2025-08-01 01:28:18 PM,109.95,100,10995.0,66732306.72999997
2025-08-01 01:28:26 PM,109.96,0,0.0,66732306.72999997
2025-08-01 01:28:27 PM,109.96,750,82470.0,66814776.72999997
2025-08-01 01:28:30 PM,109.95,0,0.0,66814776.72999997
2025-08-01 01:28:32 PM,109.95,400,43980.0,66858756.72999997
2025-08-01 01:28:57 PM,109.96,0,0.0,66858756.72999997
2025-08-01 01:29:00 PM,109.96,2,219.92,66858976.64999997
2025-08-01 01:29:02 PM,109.92,0,0.0,66858976.64999997
2025-08-01 01:29:05 PM,109.92,200,21984.0,66880960.64999997
2025-08-01 01:29:34 PM,109.92,1112,122231.04000000001,67003191.68999997
2025-08-01 01:29:58 PM,109.95,0,0.0,67003191.68999997
2025-08-01 01:30:02 PM,109.95,4,439.8,67003631.489999965
2025-08-01 01:30:42 PM,109.96,196,21552.16,67025183.64999996
2025-08-01 01:31:15 PM,109.95,0,0.0,67025183.64999996
2025-08-01 01:31:17 PM,109.95,9,989.5500000000001,67026173.19999996
2025-08-01 01:31:18 PM,109.96,18,1979.28,67028152.47999996
2025-08-01 01:31:42 PM,109.96,27,2968.9199999999996,67031121.39999996
2025-08-01 01:32:12 PM,109.96,1015,111609.4,67142730.79999997
2025-08-01 01:32:17 PM,109.96,2,219.92,67142950.71999997
2025-08-01 01:32:45 PM,109.96,1,109.96,67143060.67999996
2025-08-01 01:33:20 PM,109.95,114,12534.300000000001,67155594.97999996
2025-08-01 01:33:26 PM,109.96,0,0.0,67155594.97999996
2025-08-01 01:33:29 PM,109.96,3068,337357.27999999997,67492952.25999996
2025-08-01 01:34:02 PM,110.04,0,0.0,67492952.25999996
2025-08-01 01:34:04 PM,110.04,20,2200.8,67495153.05999996
2025-08-01 01:34:23 PM,110.04,65,7152.6,67502305.65999995
2025-08-01 01:34:48 PM,109.98,0,0.0,67502305.65999995
2025-08-01 01:34:50 PM,109.98,100,10998.0,67513303.65999995
2025-08-01 01:34:58 PM,110.03,0,0.0,67513303.65999995
2025-08-01 01:35:00 PM,109.97,51,5608.47,67518912.12999995
2025-08-01 01:35:38 PM,110.0,0,0.0,67518912.12999995
2025-08-01 01:35:39 PM,110.0,4601,506110.0,68025022.12999995
2025-08-01 01:35:40 PM,109.96,42,4618.32,68029640.44999994
2025-08-01 01:35:49 PM,109.95,2436,267838.2,68297478.64999995
2025-08-01 01:35:53 PM,109.95,1,109.95,68297588.59999995
2025-08-01 01:36:48 PM,109.82,0,0.0,68297588.59999995
2025-08-01 01:36:50 PM,109.93,0,0.0,68297588.59999995
2025-08-01 01:36:51 PM,109.93,5500,604615.0,68902203.59999995
2025-08-01 01:37:26 PM,109.93,4132,454230.76,69356434.35999995
2025-08-01 01:37:40 PM,109.9,320,35168.0,69391602.35999995
2025-08-01 01:37:55 PM,109.9,1,109.9,69391712.25999996
2025-08-01 01:38:21 PM,109.85,0,0.0,69391712.25999996
2025-08-01 01:38:22 PM,109.85,42,4613.7,69396325.95999996
2025-08-01 01:39:48 PM,109.85,20,2197.0,69398522.95999996
2025-08-01 01:40:20 PM,109.89,0,0.0,69398522.95999996
2025-08-01 01:40:23 PM,109.89,80,8791.2,69407314.15999997
2025-08-01 01:40:53 PM,109.9,50,5495.0,69412809.15999997
2025-08-01 01:41:08 PM,109.9,5,549.5,69413358.65999997
2025-08-01 01:41:09 PM,109.9,10,1099.0,69414457.65999997
2025-08-01 01:41:23 PM,109.9,1614,177378.6,69591836.25999996
2025-08-01 01:41:36 PM,109.89,0,0.0,69591836.25999996
2025-08-01 01:41:37 PM,109.89,2906,319340.34,69911176.59999996
2025-08-01 01:41:42 PM,109.85,0,0.0,69911176.59999996
2025-08-01 01:41:42 PM,109.85,191,20981.35,69932157.94999996
2025-08-01 01:41:42 PM,109.91,0,0.0,69932157.94999996
2025-08-01 01:41:43 PM,109.91,5,549.55,69932707.49999996
2025-08-01 01:41:57 PM,109.9,500,54950.0,69987657.49999996
2025-08-01 01:42:21 PM,109.9,40,4396.0,69992053.49999996
2025-08-01 01:42:34 PM,109.84,0,0.0,69992053.49999996
2025-08-01 01:42:36 PM,109.84,58,6370.72,69998424.21999995
2025-08-01 01:42:36 PM,109.89,5,549.45,69998973.66999996
2025-08-01 01:43:11 PM,109.89,500,54945.0,70053918.66999996
2025-08-01 01:43:30 PM,109.85,0,0.0,70053918.66999996
2025-08-01 01:43:30 PM,109.85,42,4613.7,70058532.36999996
2025-08-01 01:43:36 PM,109.84,455,49977.200000000004,70108509.56999996
2025-08-01 01:43:36 PM,109.89,6,659.34,70109168.90999997
2025-08-01 01:43:46 PM,109.89,10,1098.9,70110267.80999997
2025-08-01 01:43:54 PM,109.97,0,0.0,70110267.80999997
2025-08-01 01:43:55 PM,109.97,3412,375217.64,70485485.44999997
2025-08-01 01:44:45 PM,109.95,132,14513.4,70499998.84999998
2025-08-01 01:45:35 PM,109.95,20,2199.0,70502197.84999998
2025-08-01 01:45:46 PM,109.9,0,0.0,70502197.84999998
2025-08-01 01:45:50 PM,109.9,354,38904.6,70541102.44999997
2025-08-01 01:46:04 PM,109.95,0,0.0,70541102.44999997
2025-08-01 01:46:04 PM,109.95,9,989.5500000000001,70542091.99999997
2025-08-01 01:46:09 PM,109.95,50,5497.5,70547589.49999997
2025-08-01 01:46:34 PM,109.95,400,43980.0,70591569.49999997
2025-08-01 01:47:10 PM,109.95,260,28587.0,70620156.49999997
2025-08-01 01:47:11 PM,109.9,42,4615.8,70624772.29999997
2025-08-01 01:47:18 PM,109.95,0,0.0,70624772.29999997
2025-08-01 01:47:20 PM,109.95,898,98735.1,70723507.39999996
2025-08-01 01:48:02 PM,109.9,0,0.0,70723507.39999996
2025-08-01 01:48:04 PM,109.9,320,35168.0,70758675.39999996
2025-08-01 01:48:14 PM,109.9,2413,265188.7,71023864.09999996
2025-08-01 01:48:19 PM,109.9,5,549.5,71024413.59999996
2025-08-01 01:48:25 PM,109.84,0,0.0,71024413.59999996
2025-08-01 01:48:25 PM,109.84,150,16476.0,71040889.59999996
2025-08-01 01:49:16 PM,109.91,0,0.0,71040889.59999996
2025-08-01 01:49:18 PM,109.91,10,1099.1,71041988.69999996
2025-08-01 01:49:42 PM,109.85,323,35481.549999999996,71077470.24999996
2025-08-01 01:50:18 PM,109.84,0,0.0,71077470.24999996
2025-08-01 01:50:21 PM,109.84,341,37455.44,71114925.68999995
2025-08-01 01:50:24 PM,109.85,0,0.0,71114925.68999995
2025-08-01 01:50:26 PM,109.85,11,1208.35,71116134.03999995
2025-08-01 01:50:48 PM,109.88,0,0.0,71116134.03999995
2025-08-01 01:50:50 PM,109.88,1,109.88,71116243.91999994
2025-08-01 01:50:54 PM,109.86,0,0.0,71116243.91999994
2025-08-01 01:50:55 PM,109.86,275,30211.5,71146455.41999994
2025-08-01 01:50:58 PM,109.84,0,0.0,71146455.41999994
2025-08-01 01:51:00 PM,109.84,3781,415305.04000000004,71561760.45999995
2025-08-01 01:51:05 PM,109.84,22,2416.48,71564176.93999995
2025-08-01 01:51:40 PM,109.8,0,0.0,71564176.93999995
2025-08-01 01:51:40 PM,109.8,1830,200934.0,71765110.93999995
2025-08-01 01:51:42 PM,109.72,0,0.0,71765110.93999995
2025-08-01 01:51:44 PM,109.72,1365,149767.8,71914878.73999995
2025-08-01 01:52:04 PM,109.72,394,43229.68,71958108.41999996
2025-08-01 01:52:08 PM,109.72,100,10972.0,71969080.41999996
2025-08-01 01:52:19 PM,109.75,291,31937.25,72001017.66999996
2025-08-01 01:52:22 PM,109.8,0,0.0,72001017.66999996
2025-08-01 01:52:23 PM,109.8,165,18117.0,72019134.66999996
2025-08-01 01:52:52 PM,109.75,10,1097.5,72020232.16999996
2025-08-01 01:53:28 PM,109.77,0,0.0,72020232.16999996
2025-08-01 01:53:30 PM,109.77,40,4390.8,72024622.96999995
2025-08-01 01:53:34 PM,109.8,0,0.0,72024622.96999995
2025-08-01 01:53:35 PM,109.8,50,5490.0,72030112.96999995
2025-08-01 01:53:39 PM,109.8,1,109.8,72030222.76999995
2025-08-01 01:54:13 PM,109.8,327,35904.6,72066127.36999995
2025-08-01 01:54:26 PM,109.83,0,0.0,72066127.36999995
2025-08-01 01:54:27 PM,109.83,26,2855.58,72068982.94999994
2025-08-01 01:54:48 PM,109.8,0,0.0,72068982.94999994
2025-08-01 01:54:51 PM,109.8,30,3294.0,72072276.94999994
2025-08-01 01:55:17 PM,109.84,0,0.0,72072276.94999994
2025-08-01 01:55:17 PM,109.84,5,549.2,72072826.14999995
2025-08-01 01:55:41 PM,109.84,55,6041.2,72078867.34999995
2025-08-01 01:56:06 PM,109.8,65,7137.0,72086004.34999995
2025-08-01 01:56:30 PM,109.84,0,0.0,72086004.34999995
2025-08-01 01:56:31 PM,109.84,29,3185.36,72089189.70999995
2025-08-01 01:56:48 PM,109.8,0,0.0,72089189.70999995
2025-08-01 01:56:51 PM,109.8,862,94647.59999999999,72183837.30999994
2025-08-01 01:56:56 PM,109.8,5,549.0,72184386.30999994
2025-08-01 01:57:12 PM,109.79,0,0.0,72184386.30999994
2025-08-01 01:57:16 PM,109.79,50,5489.5,72189875.80999994
2025-08-01 01:57:21 PM,109.79,133,14602.070000000002,72204477.87999994
2025-08-01 01:57:30 PM,109.79,1,109.79,72204587.66999994
2025-08-01 01:57:46 PM,109.75,0,0.0,72204587.66999994
2025-08-01 01:57:49 PM,109.75,274,30071.5,72234659.16999994
2025-08-01 01:58:08 PM,109.76,0,0.0,72234659.16999994
2025-08-01 01:58:09 PM,109.76,31,3402.56,72238061.72999994
2025-08-01 01:58:36 PM,109.75,0,0.0,72238061.72999994
2025-08-01 01:58:39 PM,109.75,250,27437.5,72265499.22999994
2025-08-01 01:58:54 PM,109.75,1,109.75,72265608.97999994
2025-08-01 01:59:04 PM,109.75,100,10975.0,72276583.97999994
2025-08-01 01:59:27 PM,109.7,0,0.0,72276583.97999994
2025-08-01 01:59:30 PM,109.7,500,54850.0,72331433.97999994
2025-08-01 01:59:40 PM,109.7,1189,130433.3,72461867.27999994
2025-08-01 01:59:45 PM,109.7,20,2194.0,72464061.27999994
2025-08-01 01:59:50 PM,109.7,20,2194.0,72466255.27999994
2025-08-01 02:00:05 PM,109.7,8,877.6,72467132.87999994
2025-08-01 02:00:12 PM,109.74,0,0.0,72467132.87999994
2025-08-01 02:00:16 PM,109.74,1000,109740.0,72576872.87999994
2025-08-01 02:00:25 PM,109.74,100,10974.0,72587846.87999994
2025-08-01 02:00:28 PM,109.73,0,0.0,72587846.87999994
2025-08-01 02:00:29 PM,109.7,0,0.0,72587846.87999994
2025-08-01 02:00:30 PM,109.7,102,11189.4,72599036.27999994
2025-08-01 02:00:39 PM,109.73,30,3291.9,72602328.17999995
2025-08-01 02:00:40 PM,109.7,0,0.0,72602328.17999995
2025-08-01 02:00:44 PM,109.7,133,14590.1,72616918.27999994
2025-08-01 02:00:56 PM,109.61,0,0.0,72616918.27999994
2025-08-01 02:00:58 PM,109.61,390,42747.9,72659666.17999995
2025-08-01 02:01:00 PM,109.6,0,0.0,72659666.17999995
2025-08-01 02:01:03 PM,109.6,251,27509.6,72687175.77999994
2025-08-01 02:01:14 PM,109.6,61,6685.599999999999,72693861.37999994
2025-08-01 02:01:30 PM,109.68,0,0.0,72693861.37999994
2025-08-01 02:01:33 PM,109.68,50,5484.0,72699345.37999994
2025-08-01 02:01:36 PM,109.69,0,0.0,72699345.37999994
2025-08-01 02:01:37 PM,109.69,500,54845.0,72754190.37999994
2025-08-01 02:01:57 PM,109.69,1,109.69,72754300.06999993
2025-08-01 02:02:21 PM,109.61,100,10961.0,72765261.06999993
2025-08-01 02:02:22 PM,109.68,0,0.0,72765261.06999993
2025-08-01 02:02:24 PM,109.61,0,0.0,72765261.06999993
2025-08-01 02:02:26 PM,109.61,60,6576.6,72771837.66999993
2025-08-01 02:02:56 PM,109.62,110,12058.2,72783895.86999993
2025-08-01 02:03:18 PM,109.61,0,0.0,72783895.86999993
2025-08-01 02:03:22 PM,109.61,367,40226.87,72824122.73999994
2025-08-01 02:03:23 PM,109.67,0,0.0,72824122.73999994
2025-08-01 02:03:27 PM,109.67,1,109.67,72824232.40999994
2025-08-01 02:03:27 PM,109.67,10,1096.7,72825329.10999994
2025-08-01 02:03:54 PM,109.61,0,0.0,72825329.10999994
2025-08-01 02:03:57 PM,109.61,721,79028.81,72904357.91999994
2025-08-01 02:04:07 PM,109.61,175,19181.75,72923539.66999994
2025-08-01 02:04:26 PM,109.6,0,0.0,72923539.66999994
2025-08-01 02:04:27 PM,109.6,752,82419.2,73005958.86999995
2025-08-01 02:04:46 PM,109.67,0,0.0,73005958.86999995
2025-08-01 02:04:48 PM,109.67,500,54835.0,73060793.86999995
2025-08-01 02:04:53 PM,109.67,100,10967.0,73071760.86999995
2025-08-01 02:05:00 PM,109.65,0,0.0,73071760.86999995
2025-08-01 02:05:03 PM,109.65,5,548.25,73072309.11999995
2025-08-01 02:05:35 PM,109.63,0,0.0,73072309.11999995
2025-08-01 02:05:38 PM,109.63,84,9208.92,73081518.03999995
2025-08-01 02:06:02 PM,109.63,20,2192.6,73083710.63999994
2025-08-01 02:07:04 PM,109.68,0,0.0,73083710.63999994
2025-08-01 02:07:04 PM,109.68,1,109.68,73083820.31999995
2025-08-01 02:07:17 PM,109.63,0,0.0,73083820.31999995
2025-08-01 02:07:19 PM,109.63,300,32889.0,73116709.31999995
2025-08-01 02:07:34 PM,109.63,255,27955.649999999998,73144664.96999995
2025-08-01 02:07:56 PM,109.68,2,219.36,73144884.32999995
2025-08-01 02:08:01 PM,109.68,8,877.44,73145761.76999995
2025-08-01 02:08:33 PM,109.63,0,0.0,73145761.76999995
2025-08-01 02:08:36 PM,109.63,57,6248.91,73152010.67999995
2025-08-01 02:09:02 PM,109.68,50,5484.0,73157494.67999995
2025-08-01 02:09:17 PM,109.68,5,548.4000000000001,73158043.07999995
2025-08-01 02:09:22 PM,109.68,25,2742.0,73160785.07999995
2025-08-01 02:09:26 PM,109.63,0,0.0,73160785.07999995
2025-08-01 02:09:28 PM,109.63,160,17540.8,73178325.87999995
2025-08-01 02:09:36 PM,109.68,0,0.0,73178325.87999995
2025-08-01 02:09:37 PM,109.68,12,1316.16,73179642.03999995
2025-08-01 02:09:38 PM,109.67,0,0.0,73179642.03999995
2025-08-01 02:09:42 PM,109.67,390,42771.3,73222413.33999994
2025-08-01 02:09:54 PM,109.63,0,0.0,73222413.33999994
2025-08-01 02:09:57 PM,109.63,15,1644.4499999999998,73224057.78999995
2025-08-01 02:10:47 PM,109.63,100,10963.0,73235020.78999995
2025-08-01 02:11:06 PM,109.64,0,0.0,73235020.78999995
2025-08-01 02:11:08 PM,109.64,5,548.2,73235568.98999995
2025-08-01 02:11:09 PM,109.64,50,5482.0,73241050.98999995
2025-08-01 02:11:14 PM,109.64,2,219.28,73241270.26999995
2025-08-01 02:11:24 PM,109.63,69,7564.469999999999,73248834.73999995
2025-08-01 02:11:48 PM,109.64,0,0.0,73248834.73999995
2025-08-01 02:11:50 PM,109.63,0,0.0,73248834.73999995
2025-08-01 02:11:50 PM,109.63,116,12717.08,73261551.81999995
2025-08-01 02:11:56 PM,109.64,0,0.0,73261551.81999995
2025-08-01 02:11:56 PM,109.64,10,1096.4,73262648.21999995
2025-08-01 02:12:11 PM,109.64,5460,598634.4,73861282.61999996
2025-08-01 02:12:13 PM,109.63,0,0.0,73861282.61999996
2025-08-01 02:12:16 PM,109.65,146,16008.900000000001,73877291.51999997
2025-08-01 02:12:44 PM,109.62,0,0.0,73877291.51999997
2025-08-01 02:12:46 PM,109.62,6070,665393.4,74542684.91999997
2025-08-01 02:12:47 PM,109.6,3331,365077.6,74907762.51999997
2025-08-01 02:12:51 PM,109.5,0,0.0,74907762.51999997
2025-08-01 02:12:51 PM,109.5,368,40296.0,74948058.51999997
2025-08-01 02:13:01 PM,109.5,70,7665.0,74955723.51999997
2025-08-01 02:13:26 PM,109.49,0,0.0,74955723.51999997
2025-08-01 02:13:27 PM,109.49,4706,515259.94,75470983.45999996
2025-08-01 02:13:45 PM,109.45,3,328.35,75471311.80999996
2025-08-01 02:13:48 PM,109.47,0,0.0,75471311.80999996
2025-08-01 02:13:48 PM,109.47,101,11056.47,75482368.27999996
2025-08-01 02:14:01 PM,109.47,1000,109470.0,75591838.27999996
2025-08-01 02:14:08 PM,109.41,0,0.0,75591838.27999996
2025-08-01 02:14:10 PM,109.41,11,1203.51,75593041.78999996
2025-08-01 02:14:18 PM,109.26,0,0.0,75593041.78999996
2025-08-01 02:14:18 PM,109.36,0,0.0,75593041.78999996
2025-08-01 02:14:20 PM,109.36,2610,285429.6,75878471.38999996
2025-08-01 02:14:22 PM,109.4,0,0.0,75878471.38999996
2025-08-01 02:14:22 PM,109.4,1000,109400.0,75987871.38999996
2025-08-01 02:14:26 PM,109.33,0,0.0,75987871.38999996
2025-08-01 02:14:26 PM,109.33,58,6341.14,75994212.52999996
2025-08-01 02:14:34 PM,109.28,0,0.0,75994212.52999996
2025-08-01 02:14:36 PM,109.33,0,0.0,75994212.52999996
2025-08-01 02:14:36 PM,109.33,1463,159949.79,76154162.31999996
2025-08-01 02:14:43 PM,109.33,1,109.33,76154271.64999996
2025-08-01 02:14:45 PM,109.34,0,0.0,76154271.64999996
2025-08-01 02:14:46 PM,109.34,3164,345951.76,76500223.40999997
2025-08-01 02:15:04 PM,109.37,20,2187.4,76502410.80999997
2025-08-01 02:15:09 PM,109.37,16,1749.92,76504160.72999997
2025-08-01 02:15:17 PM,109.28,500,54640.0,76558800.72999997
2025-08-01 02:15:36 PM,109.37,0,0.0,76558800.72999997
2025-08-01 02:15:37 PM,109.37,55,6015.35,76564816.07999997
2025-08-01 02:16:12 PM,109.3,0,0.0,76564816.07999997
2025-08-01 02:16:12 PM,109.3,45,4918.5,76569734.57999997
2025-08-01 02:16:16 PM,109.28,0,0.0,76569734.57999997
2025-08-01 02:16:17 PM,109.28,324,35406.72,76605141.29999997
2025-08-01 02:16:18 PM,109.23,0,0.0,76605141.29999997
2025-08-01 02:16:18 PM,109.23,1027,112179.21,76717320.50999996
2025-08-01 02:16:32 PM,109.29,0,0.0,76717320.50999996
2025-08-01 02:16:33 PM,109.29,50,5464.5,76722785.00999996
2025-08-01 02:16:41 PM,109.29,100,10929.0,76733714.00999996
2025-08-01 02:16:42 PM,109.2,0,0.0,76733714.00999996
2025-08-01 02:16:43 PM,109.2,599,65410.8,76799124.80999996
2025-08-01 02:16:56 PM,109.28,0,0.0,76799124.80999996
2025-08-01 02:16:56 PM,109.28,100,10928.0,76810052.80999996
2025-08-01 02:17:12 PM,109.28,1,109.28,76810162.08999996
2025-08-01 02:17:22 PM,109.2,0,0.0,76810162.08999996
2025-08-01 02:17:22 PM,109.2,201,21949.2,76832111.28999996
2025-08-01 02:17:27 PM,109.2,352,38438.4,76870549.68999997
2025-08-01 02:17:28 PM,109.2,22,2402.4,76872952.08999997
2025-08-01 02:17:50 PM,109.26,0,0.0,76872952.08999997
2025-08-01 02:17:52 PM,109.26,90,9833.4,76882785.48999998
2025-08-01 02:17:56 PM,109.2,0,0.0,76882785.48999998
2025-08-01 02:17:57 PM,109.2,388,42369.6,76925155.08999997
2025-08-01 02:18:02 PM,109.26,0,0.0,76925155.08999997
2025-08-01 02:18:02 PM,109.26,20,2185.2000000000003,76927340.28999998
2025-08-01 02:18:19 PM,109.24,5,546.1999999999999,76927886.48999998
2025-08-01 02:18:20 PM,109.2,0,0.0,76927886.48999998
2025-08-01 02:18:23 PM,109.24,981,107164.43999999999,77035050.92999998
2025-08-01 02:18:29 PM,109.2,150,16380.0,77051430.92999998
2025-08-01 02:18:34 PM,109.12,0,0.0,77051430.92999998
2025-08-01 02:18:34 PM,109.12,19760,2156211.2,79207642.12999998
2025-08-01 02:18:34 PM,108.94,0,0.0,79207642.12999998
2025-08-01 02:18:34 PM,108.94,1038,113079.72,79320721.84999998
2025-08-01 02:18:36 PM,108.98,0,0.0,79320721.84999998
2025-08-01 02:18:36 PM,108.96,0,0.0,79320721.84999998
2025-08-01 02:18:38 PM,109.04,0,0.0,79320721.84999998
2025-08-01 02:18:38 PM,109.01,0,0.0,79320721.84999998
2025-08-01 02:18:39 PM,108.95,1436,156452.2,79477174.04999998
2025-08-01 02:18:39 PM,108.85,474,51594.899999999994,79528768.94999999
2025-08-01 02:18:44 PM,108.98,0,0.0,79528768.94999999
2025-08-01 02:18:44 PM,108.98,251,27353.98,79556122.92999999
2025-08-01 02:18:44 PM,108.87,233,25366.710000000003,79581489.63999999
2025-08-01 02:18:54 PM,108.86,0,0.0,79581489.63999999
