date,price,qty,trnvr,cum_trnvr
2025-08-01 09:15:04 AM,1402.5,46,64515.0,64515.0
2025-08-01 09:15:13 AM,1407.6,0,0.0,64515.0
2025-08-01 09:15:16 AM,1407.6,15,21114.0,85629.0
2025-08-01 09:15:22 AM,1406.8,0,0.0,85629.0
2025-08-01 09:15:26 AM,1406.8,20,28136.0,113765.0
2025-08-01 09:15:34 AM,1405.6,0,0.0,113765.0
2025-08-01 09:15:35 AM,1405.6,44,61846.399999999994,175611.4
2025-08-01 09:15:37 AM,1407.5,0,0.0,175611.4
2025-08-01 09:15:43 AM,1407.5,1,1407.5,177018.9
2025-08-01 09:15:53 AM,1407.7,6,8446.2,185465.1
2025-08-01 09:16:01 AM,1403.8,33,46325.4,231790.5
2025-08-01 09:16:07 AM,1405.8,0,0.0,231790.5
2025-08-01 09:16:07 AM,1405.8,2,2811.6,234602.1
2025-08-01 09:16:15 AM,1403.9,9,12635.1,247237.2
2025-08-01 09:16:57 AM,1402.0,5,7010.0,254247.2
2025-08-01 09:17:15 AM,1404.1,25,35102.5,289349.7
2025-08-01 09:17:27 AM,1406.0,0,0.0,289349.7
2025-08-01 09:17:30 AM,1406.0,2,2812.0,292161.7
2025-08-01 09:17:55 AM,1405.0,50,70250.0,362411.7
2025-08-01 09:17:56 AM,1406.3,9,12656.699999999999,375068.4
2025-08-01 09:17:59 AM,1407.9,0,0.0,375068.4
2025-08-01 09:18:03 AM,1411.6,233,328902.8,703971.2
2025-08-01 09:18:04 AM,1413.6,10,14136.0,718107.2
2025-08-01 09:18:07 AM,1416.3,0,0.0,718107.2
2025-08-01 09:18:11 AM,1416.3,3,4248.9,722356.1
2025-08-01 09:18:15 AM,1417.5,0,0.0,722356.1
2025-08-01 09:18:17 AM,1417.6,0,0.0,722356.1
2025-08-01 09:18:20 AM,1417.6,3,4252.799999999999,726608.9
2025-08-01 09:18:23 AM,1419.0,0,0.0,726608.9
2025-08-01 09:18:28 AM,1419.0,6,8514.0,735122.9
2025-08-01 09:18:29 AM,1417.8,1,1417.8,736540.7000000001
2025-08-01 09:18:36 AM,1418.2,92,130474.40000000001,867015.1000000001
2025-08-01 09:18:37 AM,1414.7,49,69320.3,936335.4000000001
2025-08-01 09:18:41 AM,1417.1,0,0.0,936335.4000000001
2025-08-01 09:18:44 AM,1417.1,1,1417.1,937752.5000000001
2025-08-01 09:18:52 AM,1417.1,1,1417.1,939169.6000000001
2025-08-01 09:18:54 AM,1416.2,5,7081.0,946250.6000000001
2025-08-01 09:19:01 AM,1415.5,2,2831.0,949081.6000000001
2025-08-01 09:19:02 AM,1414.7,25,35367.5,984449.1000000001
2025-08-01 09:19:10 AM,1416.6,4,5666.4,990115.5000000001
2025-08-01 09:19:32 AM,1416.5,0,0.0,990115.5000000001
2025-08-01 09:19:33 AM,1416.5,6,8499.0,998614.5000000001
2025-08-01 09:19:40 AM,1416.6,0,0.0,998614.5000000001
2025-08-01 09:19:41 AM,1416.6,18,25498.8,1024113.3000000002
2025-08-01 09:20:14 AM,1414.4,59,83449.6,1107562.9000000001
2025-08-01 09:20:28 AM,1413.3,0,0.0,1107562.9000000001
2025-08-01 09:20:29 AM,1413.3,3,4239.9,1111802.8
2025-08-01 09:20:32 AM,1411.5,0,0.0,1111802.8
2025-08-01 09:20:36 AM,1411.5,14,19761.0,1131563.8
2025-08-01 09:20:43 AM,1411.6,0,0.0,1131563.8
2025-08-01 09:20:44 AM,1411.6,5,7058.0,1138621.8
2025-08-01 09:20:46 AM,1411.4,5,7057.0,1145678.8
2025-08-01 09:20:50 AM,1411.1,0,0.0,1145678.8
2025-08-01 09:20:52 AM,1411.1,5,7055.5,1152734.3
2025-08-01 09:21:06 AM,1411.0,0,0.0,1152734.3
2025-08-01 09:21:07 AM,1411.0,15,21165.0,1173899.3
2025-08-01 09:21:15 AM,1411.0,135,190485.0,1364384.3
2025-08-01 09:21:20 AM,1411.5,0,0.0,1364384.3
2025-08-01 09:21:23 AM,1411.5,78,110097.0,1474481.3
2025-08-01 09:21:54 AM,1411.5,2,2823.0,1477304.3
2025-08-01 09:22:03 AM,1411.8,6,8470.8,1485775.1
2025-08-01 09:22:11 AM,1413.3,0,0.0,1485775.1
2025-08-01 09:22:17 AM,1413.3,17,24026.1,1509801.2000000002
2025-08-01 09:22:49 AM,1411.0,1,1411.0,1511212.2000000002
2025-08-01 09:23:02 AM,1410.9,1,1410.9,1512623.1
2025-08-01 09:23:18 AM,1410.1,580,817858.0,2330481.1
2025-08-01 09:23:20 AM,1409.1,100,140910.0,2471391.1
2025-08-01 09:23:20 AM,1407.3,0,0.0,2471391.1
2025-08-01 09:23:25 AM,1407.3,1,1407.3,2472798.4
2025-08-01 09:23:27 AM,1406.6,1,1406.6,2474205.0
2025-08-01 09:23:42 AM,1409.4,64,90201.6,2564406.6
2025-08-01 09:24:43 AM,1409.1,0,0.0,2564406.6
2025-08-01 09:24:43 AM,1409.1,2,2818.2,2567224.8000000003
2025-08-01 09:25:04 AM,1407.3,3,4221.9,2571446.7
2025-08-01 09:25:14 AM,1409.1,2,2818.2,2574264.9000000004
2025-08-01 09:25:17 AM,1407.3,0,0.0,2574264.9000000004
2025-08-01 09:25:19 AM,1407.3,11,15480.3,2589745.2
2025-08-01 09:25:21 AM,1409.1,1,1409.1,2591154.3000000003
2025-08-01 09:25:34 AM,1409.3,7,9865.1,2601019.4000000004
2025-08-01 09:25:43 AM,1409.5,25,35237.5,2636256.9000000004
2025-08-01 09:25:57 AM,1409.7,6,8458.2,2644715.1000000006
2025-08-01 09:26:04 AM,1410.4,50,70520.0,2715235.1000000006
2025-08-01 09:26:12 AM,1410.4,49,69109.6,2784344.7000000007
2025-08-01 09:26:35 AM,1410.4,24,33849.600000000006,2818194.3000000007
2025-08-01 09:26:43 AM,1410.4,26,36670.4,2854864.7000000007
2025-08-01 09:26:56 AM,1410.1,0,0.0,2854864.7000000007
2025-08-01 09:26:58 AM,1410.1,5,7050.5,2861915.2000000007
2025-08-01 09:27:35 AM,1410.1,8,11280.8,2873196.0000000005
2025-08-01 09:28:11 AM,1408.6,0,0.0,2873196.0000000005
2025-08-01 09:28:13 AM,1408.6,5,7043.0,2880239.0000000005
2025-08-01 09:28:51 AM,1408.6,1,1408.6,2881647.6000000006
2025-08-01 09:28:52 AM,1408.6,1,1408.6,2883056.2000000007
2025-08-01 09:29:08 AM,1408.6,4,5634.4,2888690.6000000006
2025-08-01 09:29:47 AM,1407.7,0,0.0,2888690.6000000006
2025-08-01 09:29:51 AM,1407.7,7,9853.9,2898544.5000000005
2025-08-01 09:30:12 AM,1407.0,0,0.0,2898544.5000000005
2025-08-01 09:30:15 AM,1407.0,5,7035.0,2905579.5000000005
2025-08-01 09:30:22 AM,1407.0,6,8442.0,2914021.5000000005
2025-08-01 09:30:26 AM,1406.0,0,0.0,2914021.5000000005
2025-08-01 09:30:29 AM,1406.0,25,35150.0,2949171.5000000005
2025-08-01 09:30:37 AM,1406.0,1,1406.0,2950577.5000000005
2025-08-01 09:30:47 AM,1404.1,0,0.0,2950577.5000000005
2025-08-01 09:30:51 AM,1404.1,46,64588.6,3015166.1000000006
2025-08-01 09:31:21 AM,1406.0,1,1406.0,3016572.1000000006
2025-08-01 09:31:42 AM,1406.0,25,35150.0,3051722.1000000006
2025-08-01 09:31:49 AM,1406.0,1,1406.0,3053128.1000000006
2025-08-01 09:31:51 AM,1404.1,0,0.0,3053128.1000000006
2025-08-01 09:31:56 AM,1404.1,25,35102.5,3088230.6000000006
2025-08-01 09:32:03 AM,1404.1,30,42123.0,3130353.6000000006
2025-08-01 09:32:24 AM,1404.2,0,0.0,3130353.6000000006
2025-08-01 09:32:24 AM,1404.2,2,2808.4,3133162.0000000005
2025-08-01 09:32:36 AM,1404.1,0,0.0,3133162.0000000005
2025-08-01 09:32:38 AM,1404.1,25,35102.5,3168264.5000000005
2025-08-01 09:32:42 AM,1405.4,0,0.0,3168264.5000000005
2025-08-01 09:32:45 AM,1405.4,13,18270.2,3186534.7000000007
2025-08-01 09:32:48 AM,1405.8,0,0.0,3186534.7000000007
2025-08-01 09:32:52 AM,1405.8,2,2811.6,3189346.3000000007
2025-08-01 09:32:59 AM,1406.0,37,52022.0,3241368.3000000007
2025-08-01 09:33:06 AM,1404.3,0,0.0,3241368.3000000007
2025-08-01 09:33:06 AM,1404.3,3,4212.9,3245581.2000000007
2025-08-01 09:33:20 AM,1404.8,4,5619.2,3251200.400000001
2025-08-01 09:33:37 AM,1403.1,0,0.0,3251200.400000001
2025-08-01 09:33:40 AM,1403.1,12,16837.199999999997,3268037.600000001
2025-08-01 09:33:47 AM,1403.1,5,7015.5,3275053.100000001
2025-08-01 09:34:16 AM,1403.1,2,2806.2,3277859.300000001
2025-08-01 09:34:54 AM,1404.3,0,0.0,3277859.300000001
2025-08-01 09:34:56 AM,1403.3,0,0.0,3277859.300000001
2025-08-01 09:34:57 AM,1403.3,9,12629.699999999999,3290489.0000000014
2025-08-01 09:35:36 AM,1403.4,0,0.0,3290489.0000000014
2025-08-01 09:35:39 AM,1403.4,2,2806.8,3293295.800000001
2025-08-01 09:35:46 AM,1404.6,38,53374.799999999996,3346670.600000001
2025-08-01 09:35:56 AM,1404.4,0,0.0,3346670.600000001
2025-08-01 09:35:59 AM,1404.4,251,352504.4,3699175.000000001
2025-08-01 09:36:01 AM,1404.3,0,0.0,3699175.000000001
2025-08-01 09:36:05 AM,1404.7,0,0.0,3699175.000000001
2025-08-01 09:36:06 AM,1404.7,116,162945.2,3862120.200000001
2025-08-01 09:36:32 AM,1404.7,2,2809.4,3864929.600000001
2025-08-01 09:37:15 AM,1406.0,0,0.0,3864929.600000001
2025-08-01 09:37:20 AM,1406.0,2,2812.0,3867741.600000001
2025-08-01 09:37:31 AM,1404.9,0,0.0,3867741.600000001
2025-08-01 09:37:33 AM,1404.9,5,7024.5,3874766.100000001
2025-08-01 09:37:43 AM,1406.0,0,0.0,3874766.100000001
2025-08-01 09:37:47 AM,1406.0,34,47804.0,3922570.100000001
2025-08-01 09:37:53 AM,1406.0,1,1406.0,3923976.100000001
2025-08-01 09:37:57 AM,1405.2,0,0.0,3923976.100000001
2025-08-01 09:38:00 AM,1405.2,1,1405.2,3925381.300000001
2025-08-01 09:38:31 AM,1402.8,0,0.0,3925381.300000001
2025-08-01 09:38:34 AM,1402.8,345,483966.0,4409347.300000001
2025-08-01 09:38:41 AM,1401.4,0,0.0,4409347.300000001
2025-08-01 09:38:47 AM,1401.4,8,11211.2,4420558.500000001
2025-08-01 09:39:12 AM,1401.9,0,0.0,4420558.500000001
2025-08-01 09:39:14 AM,1401.9,77,107946.3,4528504.800000001
2025-08-01 09:39:21 AM,1400.7,113,158279.1,4686783.9
2025-08-01 09:39:22 AM,1401.8,0,0.0,4686783.9
2025-08-01 09:39:28 AM,1401.8,1,1401.8,4688185.7
2025-08-01 09:39:34 AM,1400.9,1,1400.9,4689586.600000001
2025-08-01 09:40:00 AM,1400.8,14,19611.2,4709197.800000001
2025-08-01 09:40:23 AM,1401.8,0,0.0,4709197.800000001
2025-08-01 09:40:27 AM,1400.6,67,93840.2,4803038.000000001
2025-08-01 09:40:28 AM,1401.8,0,0.0,4803038.000000001
2025-08-01 09:40:33 AM,1401.8,4,5607.2,4808645.200000001
2025-08-01 09:40:49 AM,1401.9,0,0.0,4808645.200000001
2025-08-01 09:40:53 AM,1401.9,13,18224.7,4826869.900000001
2025-08-01 09:41:21 AM,1403.5,0,0.0,4826869.900000001
2025-08-01 09:41:26 AM,1403.5,35,49122.5,4875992.400000001
2025-08-01 09:41:41 AM,1404.0,0,0.0,4875992.400000001
2025-08-01 09:41:46 AM,1404.0,84,117936.0,4993928.400000001
2025-08-01 09:42:06 AM,1405.0,25,35125.0,5029053.400000001
2025-08-01 09:42:12 AM,1405.0,10,14050.0,5043103.400000001
2025-08-01 09:42:15 AM,1405.2,0,0.0,5043103.400000001
2025-08-01 09:42:18 AM,1405.2,1,1405.2,5044508.6000000015
2025-08-01 09:42:32 AM,1406.0,0,0.0,5044508.6000000015
2025-08-01 09:42:32 AM,1406.0,82,115292.0,5159800.6000000015
2025-08-01 09:42:40 AM,1404.5,0,0.0,5159800.6000000015
2025-08-01 09:42:44 AM,1404.5,5,7022.5,5166823.1000000015
2025-08-01 09:43:20 AM,1405.1,0,0.0,5166823.1000000015
2025-08-01 09:43:20 AM,1404.3,0,0.0,5166823.1000000015
2025-08-01 09:43:24 AM,1404.3,10,14043.0,5180866.1000000015
2025-08-01 09:43:48 AM,1403.3,0,0.0,5180866.1000000015
2025-08-01 09:43:50 AM,1403.3,14,19646.2,5200512.300000002
2025-08-01 09:44:52 AM,1402.6,0,0.0,5200512.300000002
2025-08-01 09:44:55 AM,1402.6,6,8415.599999999999,5208927.900000001
2025-08-01 09:45:00 AM,1402.1,0,0.0,5208927.900000001
2025-08-01 09:45:02 AM,1402.1,3,4206.299999999999,5213134.200000001
2025-08-01 09:45:09 AM,1402.1,15,21031.5,5234165.700000001
2025-08-01 09:45:35 AM,1401.4,1,1401.4,5235567.1000000015
2025-08-01 09:46:12 AM,1402.2,0,0.0,5235567.1000000015
2025-08-01 09:46:14 AM,1402.2,19,26641.8,5262208.900000001
2025-08-01 09:48:02 AM,1402.2,8,11217.6,5273426.500000001
2025-08-01 09:48:24 AM,1402.2,50,70110.0,5343536.500000001
2025-08-01 09:48:56 AM,1404.0,0,0.0,5343536.500000001
2025-08-01 09:49:00 AM,1404.0,2,2808.0,5346344.500000001
2025-08-01 09:49:09 AM,1404.0,6,8424.0,5354768.500000001
2025-08-01 09:49:27 AM,1403.3,5,7016.5,5361785.000000001
2025-08-01 09:50:22 AM,1403.3,1,1403.3,5363188.300000001
2025-08-01 09:50:37 AM,1403.3,37,51922.1,5415110.4
2025-08-01 09:51:00 AM,1403.0,0,0.0,5415110.4
2025-08-01 09:51:02 AM,1403.0,20,28060.0,5443170.4
2025-08-01 09:51:07 AM,1404.0,0,0.0,5443170.4
2025-08-01 09:51:08 AM,1404.0,25,35100.0,5478270.4
2025-08-01 09:51:13 AM,1403.0,0,0.0,5478270.4
2025-08-01 09:51:13 AM,1403.0,10,14030.0,5492300.4
2025-08-01 09:51:33 AM,1404.0,0,0.0,5492300.4
2025-08-01 09:51:37 AM,1404.0,2,2808.0,5495108.4
2025-08-01 09:51:42 AM,1403.2,0,0.0,5495108.4
2025-08-01 09:51:44 AM,1403.2,14,19644.8,5514753.2
2025-08-01 09:52:11 AM,1404.0,0,0.0,5514753.2
2025-08-01 09:52:14 AM,1404.0,1,1404.0,5516157.2
2025-08-01 09:52:54 AM,1404.0,6,8424.0,5524581.2
2025-08-01 09:52:59 AM,1403.2,0,0.0,5524581.2
2025-08-01 09:52:59 AM,1403.2,22,30870.4,5555451.600000001
2025-08-01 09:53:03 AM,1404.0,1,1404.0,5556855.600000001
2025-08-01 09:53:14 AM,1403.0,0,0.0,5556855.600000001
2025-08-01 09:53:16 AM,1403.0,14,19642.0,5576497.600000001
2025-08-01 09:53:47 AM,1403.0,20,28060.0,5604557.600000001
2025-08-01 09:53:53 AM,1403.0,86,120658.0,5725215.600000001
2025-08-01 09:54:15 AM,1401.7,0,0.0,5725215.600000001
2025-08-01 09:54:18 AM,1401.7,6,8410.2,5733625.800000001
2025-08-01 09:54:49 AM,1401.7,8,11213.6,5744839.4
2025-08-01 09:55:00 AM,1400.0,5,7000.0,5751839.4
2025-08-01 09:55:11 AM,1400.0,1,1400.0,5753239.4
2025-08-01 09:55:18 AM,1400.0,3,4200.0,5757439.4
2025-08-01 09:55:29 AM,1400.0,7,9800.0,5767239.4
2025-08-01 09:55:35 AM,1400.0,14,19600.0,5786839.4
2025-08-01 09:55:42 AM,1400.0,14,19600.0,5806439.4
2025-08-01 09:55:48 AM,1400.0,5,7000.0,5813439.4
2025-08-01 09:56:30 AM,1400.0,5,7000.0,5820439.4
2025-08-01 09:57:06 AM,1400.0,8,11200.0,5831639.4
2025-08-01 09:57:35 AM,1400.0,3,4200.0,5835839.4
2025-08-01 09:58:05 AM,1400.0,11,15400.0,5851239.4
2025-08-01 09:58:26 AM,1400.0,14,19600.0,5870839.4
2025-08-01 09:58:56 AM,1400.0,40,56000.0,5926839.4
2025-08-01 09:58:59 AM,1399.9,0,0.0,5926839.4
2025-08-01 09:59:00 AM,1399.9,34,47596.600000000006,5974436.0
2025-08-01 09:59:06 AM,1400.0,31,43400.0,6017836.0
2025-08-01 09:59:12 AM,1399.4,10,13994.0,6031830.0
2025-08-01 09:59:17 AM,1399.2,0,0.0,6031830.0
2025-08-01 09:59:18 AM,1399.2,30,41976.0,6073806.0
2025-08-01 09:59:29 AM,1399.0,0,0.0,6073806.0
2025-08-01 09:59:31 AM,1399.0,1,1399.0,6075205.0
2025-08-01 09:59:34 AM,1399.0,2,2798.0,6078003.0
2025-08-01 10:00:02 AM,1399.0,6,8394.0,6086397.0
2025-08-01 10:00:04 AM,1398.9,0,0.0,6086397.0
2025-08-01 10:00:05 AM,1398.9,8,11191.2,6097588.2
2025-08-01 10:00:52 AM,1398.9,10,13989.0,6111577.2
2025-08-01 10:00:56 AM,1399.0,2,2798.0,6114375.2
2025-08-01 10:00:58 AM,1398.9,0,0.0,6114375.2
2025-08-01 10:00:59 AM,1398.9,21,29376.9,6143752.100000001
2025-08-01 10:01:21 AM,1398.9,1,1398.9,6145151.000000001
2025-08-01 10:01:36 AM,1397.2,0,0.0,6145151.000000001
2025-08-01 10:01:36 AM,1397.2,3,4191.6,6149342.600000001
2025-08-01 10:01:42 AM,1398.9,84,117507.6,6266850.2
2025-08-01 10:02:00 AM,1400.0,0,0.0,6266850.2
2025-08-01 10:02:00 AM,1400.0,3,4200.0,6271050.2
2025-08-01 10:02:05 AM,1399.1,0,0.0,6271050.2
2025-08-01 10:02:06 AM,1399.1,13,18188.3,6289238.5
2025-08-01 10:02:42 AM,1400.0,4,5600.0,6294838.5
2025-08-01 10:02:49 AM,1398.3,14,19576.2,6314414.7
2025-08-01 10:04:32 AM,1398.5,8,11188.0,6325602.7
2025-08-01 10:04:40 AM,1397.2,0,0.0,6325602.7
2025-08-01 10:04:42 AM,1397.2,100,139720.0,6465322.7
2025-08-01 10:04:44 AM,1399.4,33,46180.200000000004,6511502.9
2025-08-01 10:05:09 AM,1400.0,0,0.0,6511502.9
2025-08-01 10:05:09 AM,1400.0,2,2800.0,6514302.9
2025-08-01 10:05:26 AM,1400.0,1,1400.0,6515702.9
2025-08-01 10:05:40 AM,1399.4,0,0.0,6515702.9
2025-08-01 10:05:40 AM,1399.4,1,1399.4,6517102.300000001
2025-08-01 10:05:58 AM,1400.0,0,0.0,6517102.300000001
2025-08-01 10:05:58 AM,1400.0,15,21000.0,6538102.300000001
2025-08-01 10:06:10 AM,1399.4,25,34985.0,6573087.300000001
2025-08-01 10:06:18 AM,1400.0,0,0.0,6573087.300000001
2025-08-01 10:06:19 AM,1400.0,10,14000.0,6587087.300000001
2025-08-01 10:06:56 AM,1398.7,5,6993.5,6594080.800000001
2025-08-01 10:07:14 AM,1400.3,35,49010.5,6643091.300000001
2025-08-01 10:07:31 AM,1400.0,0,0.0,6643091.300000001
2025-08-01 10:07:33 AM,1400.0,6,8400.0,6651491.300000001
2025-08-01 10:07:47 AM,1398.3,54,75508.2,6726999.500000001
2025-08-01 10:07:49 AM,1398.4,0,0.0,6726999.500000001
2025-08-01 10:07:51 AM,1398.4,2,2796.8,6729796.300000001
2025-08-01 10:08:04 AM,1398.4,1,1398.4,6731194.700000001
2025-08-01 10:08:35 AM,1398.4,13,18179.2,6749373.900000001
2025-08-01 10:09:03 AM,1401.2,0,0.0,6749373.900000001
2025-08-01 10:09:04 AM,1401.2,300,420360.0,7169733.900000001
2025-08-01 10:09:24 AM,1400.2,12,16802.4,7186536.300000002
2025-08-01 10:09:34 AM,1400.2,1,1400.2,7187936.500000002
2025-08-01 10:09:35 AM,1400.0,20,28000.0,7215936.500000002
2025-08-01 10:09:39 AM,1400.7,0,0.0,7215936.500000002
2025-08-01 10:09:40 AM,1400.7,75,105052.5,7320989.000000002
2025-08-01 10:09:54 AM,1400.5,0,0.0,7320989.000000002
2025-08-01 10:09:57 AM,1400.5,20,28010.0,7348999.000000002
2025-08-01 10:10:06 AM,1400.7,0,0.0,7348999.000000002
2025-08-01 10:10:08 AM,1400.7,3,4202.1,7353201.1000000015
2025-08-01 10:10:26 AM,1400.7,11,15407.7,7368608.800000002
2025-08-01 10:12:15 AM,1400.1,0,0.0,7368608.800000002
2025-08-01 10:12:18 AM,1400.1,1,1400.1,7370008.900000001
2025-08-01 10:12:24 AM,1400.7,8,11205.6,7381214.500000001
2025-08-01 10:12:57 AM,1401.0,0,0.0,7381214.500000001
2025-08-01 10:12:58 AM,1401.0,2,2802.0,7384016.500000001
2025-08-01 10:13:51 AM,1401.0,12,16812.0,7400828.500000001
2025-08-01 10:14:00 AM,1401.7,0,0.0,7400828.500000001
2025-08-01 10:14:03 AM,1401.7,6,8410.2,7409238.700000001
2025-08-01 10:14:14 AM,1401.7,1,1401.7,7410640.400000001
2025-08-01 10:15:01 AM,1401.7,4,5606.8,7416247.200000001
2025-08-01 10:15:30 AM,1401.7,15,21025.5,7437272.700000001
2025-08-01 10:15:31 AM,1401.7,70,98119.0,7535391.700000001
2025-08-01 10:16:14 AM,1401.5,0,0.0,7535391.700000001
2025-08-01 10:16:18 AM,1401.5,14,19621.0,7555012.700000001
2025-08-01 10:18:09 AM,1403.2,0,0.0,7555012.700000001
2025-08-01 10:18:13 AM,1403.2,50,70160.0,7625172.700000001
2025-08-01 10:18:26 AM,1401.7,0,0.0,7625172.700000001
2025-08-01 10:18:30 AM,1401.7,6,8410.2,7633582.900000001
2025-08-01 10:18:53 AM,1403.2,100,140320.0,7773902.900000001
2025-08-01 10:18:57 AM,1403.1,0,0.0,7773902.900000001
2025-08-01 10:18:58 AM,1403.2,0,0.0,7773902.900000001
2025-08-01 10:18:58 AM,1403.2,100,140320.0,7914222.900000001
2025-08-01 10:19:16 AM,1403.1,0,0.0,7914222.900000001
2025-08-01 10:19:16 AM,1403.1,2,2806.2,7917029.1000000015
2025-08-01 10:19:22 AM,1402.0,0,0.0,7917029.1000000015
2025-08-01 10:19:22 AM,1402.0,8,11216.0,7928245.1000000015
2025-08-01 10:19:28 AM,1401.8,10,14018.0,7942263.1000000015
2025-08-01 10:19:31 AM,1401.9,0,0.0,7942263.1000000015
2025-08-01 10:19:33 AM,1401.9,9,12617.1,7954880.200000001
2025-08-01 10:19:39 AM,1401.9,1,1401.9,7956282.1000000015
2025-08-01 10:19:50 AM,1402.0,69,96738.0,8053020.1000000015
2025-08-01 10:19:56 AM,1402.0,1,1402.0,8054422.1000000015
2025-08-01 10:19:57 AM,1402.0,40,56080.0,8110502.1000000015
2025-08-01 10:20:24 AM,1402.0,2,2804.0,8113306.1000000015
2025-08-01 10:21:16 AM,1402.0,5,7010.0,8120316.1000000015
2025-08-01 10:21:22 AM,1401.3,0,0.0,8120316.1000000015
2025-08-01 10:21:22 AM,1401.3,14,19618.2,8139934.300000002
2025-08-01 10:22:06 AM,1401.0,0,0.0,8139934.300000002
2025-08-01 10:22:06 AM,1401.0,100,140100.0,8280034.300000002
2025-08-01 10:22:21 AM,1402.0,0,0.0,8280034.300000002
2025-08-01 10:22:24 AM,1402.0,3,4206.0,8284240.300000002
2025-08-01 10:22:27 AM,1401.1,0,0.0,8284240.300000002
2025-08-01 10:22:30 AM,1401.1,21,29423.1,8313663.400000001
2025-08-01 10:22:41 AM,1402.0,1,1402.0,8315065.400000001
2025-08-01 10:22:54 AM,1401.1,10,14011.0,8329076.400000001
2025-08-01 10:23:14 AM,1401.1,7,9807.699999999999,8338884.1000000015
2025-08-01 10:23:17 AM,1401.1,14,19615.399999999998,8358499.500000002
2025-08-01 10:23:24 AM,1402.0,0,0.0,8358499.500000002
2025-08-01 10:23:26 AM,1402.0,1,1402.0,8359901.500000002
2025-08-01 10:23:46 AM,1401.3,12,16815.6,8376717.1000000015
2025-08-01 10:25:05 AM,1401.3,9,12611.699999999999,8389328.8
2025-08-01 10:25:43 AM,1402.0,0,0.0,8389328.8
2025-08-01 10:25:43 AM,1402.0,50,70100.0,8459428.8
2025-08-01 10:25:48 AM,1402.7,0,0.0,8459428.8
2025-08-01 10:25:48 AM,1402.7,7,9818.9,8469247.700000001
2025-08-01 10:26:36 AM,1402.7,2,2805.4,8472053.100000001
2025-08-01 10:27:02 AM,1402.7,3,4208.1,8476261.200000001
2025-08-01 10:27:54 AM,1401.5,0,0.0,8476261.200000001
2025-08-01 10:27:55 AM,1401.5,9,12613.5,8488874.700000001
2025-08-01 10:32:06 AM,1402.4,6,8414.400000000001,8497289.100000001
2025-08-01 10:33:04 AM,1402.7,3,4208.1,8501497.200000001
2025-08-01 10:35:39 AM,1401.9,0,0.0,8501497.200000001
2025-08-01 10:35:39 AM,1401.9,14,19626.600000000002,8521123.8
2025-08-01 10:35:57 AM,1402.7,0,0.0,8521123.8
2025-08-01 10:35:58 AM,1402.7,1,1402.7,8522526.5
2025-08-01 10:38:00 AM,1401.7,14,19623.8,8542150.3
2025-08-01 10:39:05 AM,1401.7,10,14017.0,8556167.3
2025-08-01 10:39:28 AM,1401.7,14,19623.8,8575791.100000001
2025-08-01 10:39:48 AM,1402.7,0,0.0,8575791.100000001
2025-08-01 10:39:50 AM,1402.7,1,1402.7,8577193.8
2025-08-01 10:40:09 AM,1402.7,6,8416.2,8585610.0
2025-08-01 10:42:07 AM,1402.7,6,8416.2,8594026.2
2025-08-01 10:42:41 AM,1402.5,55,77137.5,8671163.7
2025-08-01 10:43:26 AM,1401.3,0,0.0,8671163.7
2025-08-01 10:43:28 AM,1401.3,94,131722.19999999998,8802885.899999999
2025-08-01 10:43:35 AM,1402.0,0,0.0,8802885.899999999
2025-08-01 10:43:36 AM,1402.0,50,70100.0,8872985.899999999
2025-08-01 10:44:09 AM,1401.0,0,0.0,8872985.899999999
2025-08-01 10:44:10 AM,1401.0,3,4203.0,8877188.899999999
2025-08-01 10:44:13 AM,1402.1,0,0.0,8877188.899999999
2025-08-01 10:44:13 AM,1402.1,1,1402.1,8878590.999999998
2025-08-01 10:44:24 AM,1402.1,6,8412.599999999999,8887003.599999998
2025-08-01 10:45:24 AM,1402.1,1,1402.1,8888405.699999997
2025-08-01 10:46:26 AM,1401.2,0,0.0,8888405.699999997
2025-08-01 10:46:28 AM,1401.2,14,19616.8,8908022.499999998
2025-08-01 10:46:35 AM,1401.8,0,0.0,8908022.499999998
2025-08-01 10:46:35 AM,1401.8,1,1401.8,8909424.299999999
2025-08-01 10:47:06 AM,1401.0,0,0.0,8909424.299999999
2025-08-01 10:47:06 AM,1401.0,14,19614.0,8929038.299999999
2025-08-01 10:47:19 AM,1400.6,0,0.0,8929038.299999999
2025-08-01 10:47:22 AM,1400.6,12,16807.199999999997,8945845.499999998
2025-08-01 10:47:28 AM,1400.0,0,0.0,8945845.499999998
2025-08-01 10:47:28 AM,1400.0,9,12600.0,8958445.499999998
2025-08-01 10:47:30 AM,1400.0,49,68600.0,9027045.499999998
2025-08-01 10:52:39 AM,1401.0,6,8406.0,9035451.499999998
2025-08-01 10:52:51 AM,1399.7,25,34992.5,9070443.999999998
2025-08-01 10:53:07 AM,1401.0,5,7005.0,9077448.999999998
2025-08-01 10:54:49 AM,1400.0,0,0.0,9077448.999999998
2025-08-01 10:54:52 AM,1400.0,9,12600.0,9090048.999999998
2025-08-01 10:55:03 AM,1400.0,18,25200.0,9115248.999999998
2025-08-01 10:55:58 AM,1400.5,0,0.0,9115248.999999998
2025-08-01 10:56:02 AM,1400.5,1,1400.5,9116649.499999998
2025-08-01 10:58:07 AM,1400.0,0,0.0,9116649.499999998
2025-08-01 10:58:08 AM,1400.0,13,18200.0,9134849.499999998
2025-08-01 10:59:47 AM,1398.5,0,0.0,9134849.499999998
2025-08-01 10:59:49 AM,1398.5,7,9789.5,9144638.999999998
2025-08-01 11:00:08 AM,1397.1,0,0.0,9144638.999999998
2025-08-01 11:00:12 AM,1397.1,4,5588.4,9150227.399999999
2025-08-01 11:00:35 AM,1398.5,5,6992.5,9157219.899999999
2025-08-01 11:01:17 AM,1398.5,6,8391.0,9165610.899999999
2025-08-01 11:01:34 AM,1397.7,0,0.0,9165610.899999999
2025-08-01 11:01:37 AM,1397.7,3,4193.1,9169803.999999998
2025-08-01 11:04:26 AM,1397.7,10,13977.0,9183780.999999998
2025-08-01 11:04:57 AM,1397.7,2,2795.4,9186576.399999999
2025-08-01 11:05:03 AM,1397.7,1,1397.7,9187974.099999998
2025-08-01 11:05:41 AM,1397.5,0,0.0,9187974.099999998
2025-08-01 11:05:42 AM,1397.5,2,2795.0,9190769.099999998
2025-08-01 11:05:52 AM,1397.7,0,0.0,9190769.099999998
2025-08-01 11:05:53 AM,1397.7,24,33544.8,9224313.899999999
2025-08-01 11:05:55 AM,1397.5,0,0.0,9224313.899999999
2025-08-01 11:05:56 AM,1397.5,1,1397.5,9225711.399999999
2025-08-01 11:06:19 AM,1397.0,2,2794.0,9228505.399999999
2025-08-01 11:06:36 AM,1397.5,0,0.0,9228505.399999999
2025-08-01 11:06:37 AM,1397.5,131,183072.5,9411577.899999999
2025-08-01 11:06:38 AM,1397.7,0,0.0,9411577.899999999
2025-08-01 11:06:38 AM,1397.7,10,13977.0,9425554.899999999
2025-08-01 11:07:37 AM,1397.7,3,4193.1,9429747.999999998
2025-08-01 11:07:41 AM,1398.6,0,0.0,9429747.999999998
2025-08-01 11:07:43 AM,1398.6,65,90909.0,9520656.999999998
2025-08-01 11:07:46 AM,1398.8,0,0.0,9520656.999999998
2025-08-01 11:07:48 AM,1398.8,35,48958.0,9569614.999999998
2025-08-01 11:08:26 AM,1399.7,0,0.0,9569614.999999998
2025-08-01 11:08:27 AM,1399.7,20,27994.0,9597608.999999998
2025-08-01 11:08:33 AM,1399.7,10,13997.0,9611605.999999998
2025-08-01 11:08:39 AM,1397.9,0,0.0,9611605.999999998
2025-08-01 11:08:41 AM,1397.9,1,1397.9,9613003.899999999
2025-08-01 11:10:48 AM,1399.3,0,0.0,9613003.899999999
2025-08-01 11:10:52 AM,1399.3,6,8395.8,9621399.7
2025-08-01 11:10:57 AM,1399.3,3,4197.9,9625597.6
2025-08-01 11:11:52 AM,1398.3,22,30762.6,9656360.2
2025-08-01 11:12:33 AM,1398.2,0,0.0,9656360.2
2025-08-01 11:12:35 AM,1398.2,71,99272.2,9755632.399999999
2025-08-01 11:12:39 AM,1399.1,0,0.0,9755632.399999999
2025-08-01 11:12:40 AM,1399.2,0,0.0,9755632.399999999
2025-08-01 11:12:40 AM,1399.2,3,4197.6,9759829.999999998
2025-08-01 11:18:48 AM,1398.4,0,0.0,9759829.999999998
2025-08-01 11:18:50 AM,1398.4,1,1398.4,9761228.399999999
2025-08-01 11:20:17 AM,1398.4,10,13984.0,9775212.399999999
2025-08-01 11:22:12 AM,1398.4,6,8390.400000000001,9783602.799999999
2025-08-01 11:26:02 AM,1398.4,2,2796.8,9786399.6
2025-08-01 11:26:07 AM,1398.4,6,8390.400000000001,9794790.0
2025-08-01 11:26:48 AM,1398.4,1,1398.4,9796188.4
2025-08-01 11:27:36 AM,1398.0,0,0.0,9796188.4
2025-08-01 11:27:39 AM,1398.0,24,33552.0,9829740.4
2025-08-01 11:28:57 AM,1397.1,0,0.0,9829740.4
2025-08-01 11:28:58 AM,1397.1,22,30736.199999999997,9860476.6
2025-08-01 11:29:07 AM,1397.0,0,0.0,9860476.6
2025-08-01 11:29:08 AM,1396.9,399,557363.1000000001,10417839.7
2025-08-01 11:29:09 AM,1398.2,0,0.0,10417839.7
2025-08-01 11:29:11 AM,1398.2,185,258667.0,10676506.7
2025-08-01 11:29:16 AM,1399.3,0,0.0,10676506.7
2025-08-01 11:29:17 AM,1399.3,14,19590.2,10696096.899999999
2025-08-01 11:29:21 AM,1400.0,0,0.0,10696096.899999999
2025-08-01 11:29:22 AM,1400.0,7,9800.0,10705896.899999999
2025-08-01 11:29:51 AM,1400.0,28,39200.0,10745096.899999999
2025-08-01 11:29:53 AM,1400.0,1,1400.0,10746496.899999999
2025-08-01 11:30:09 AM,1400.0,1,1400.0,10747896.899999999
2025-08-01 11:30:31 AM,1399.3,0,0.0,10747896.899999999
2025-08-01 11:30:32 AM,1399.3,15,20989.5,10768886.399999999
2025-08-01 11:32:37 AM,1399.3,5,6996.5,10775882.899999999
2025-08-01 11:35:04 AM,1399.3,30,41979.0,10817861.899999999
2025-08-01 11:35:22 AM,1399.1,0,0.0,10817861.899999999
2025-08-01 11:35:26 AM,1399.1,10,13991.0,10831852.899999999
2025-08-01 11:35:28 AM,1400.0,0,0.0,10831852.899999999
2025-08-01 11:35:32 AM,1400.0,1,1400.0,10833252.899999999
2025-08-01 11:35:40 AM,1399.0,0,0.0,10833252.899999999
2025-08-01 11:35:42 AM,1399.0,7,9793.0,10843045.899999999
2025-08-01 11:37:50 AM,1398.9,0,0.0,10843045.899999999
2025-08-01 11:37:52 AM,1398.9,36,50360.4,10893406.299999999
2025-08-01 11:38:07 AM,1398.8,0,0.0,10893406.299999999
2025-08-01 11:38:07 AM,1398.8,1,1398.8,10894805.1
2025-08-01 11:38:59 AM,1397.6,0,0.0,10894805.1
2025-08-01 11:39:01 AM,1397.7,0,0.0,10894805.1
2025-08-01 11:39:02 AM,1397.7,17,23760.9,10918566.0
2025-08-01 11:39:03 AM,1397.9,0,0.0,10918566.0
2025-08-01 11:39:03 AM,1397.9,14,19570.600000000002,10938136.6
2025-08-01 11:39:25 AM,1398.4,0,0.0,10938136.6
2025-08-01 11:39:27 AM,1398.4,156,218150.40000000002,11156287.0
2025-08-01 11:39:41 AM,1396.3,0,0.0,11156287.0
2025-08-01 11:39:44 AM,1396.3,3,4188.9,11160475.9
2025-08-01 11:39:53 AM,1396.0,0,0.0,11160475.9
2025-08-01 11:39:55 AM,1396.0,793,1107028.0,12267503.9
2025-08-01 11:39:56 AM,1398.6,37,51748.2,12319252.1
2025-08-01 11:39:58 AM,1398.7,0,0.0,12319252.1
2025-08-01 11:40:00 AM,1398.7,140,195818.0,12515070.1
2025-08-01 11:40:01 AM,1397.7,5,6988.5,12522058.6
2025-08-01 11:40:02 AM,1399.4,0,0.0,12522058.6
2025-08-01 11:40:04 AM,1399.3,0,0.0,12522058.6
2025-08-01 11:40:05 AM,1399.3,71,99350.3,12621408.9
2025-08-01 11:42:24 AM,1397.7,0,0.0,12621408.9
2025-08-01 11:42:27 AM,1397.7,20,27954.0,12649362.9
2025-08-01 11:42:38 AM,1397.7,1,1397.7,12650760.6
2025-08-01 11:43:08 AM,1397.8,0,0.0,12650760.6
2025-08-01 11:43:09 AM,1397.8,8,11182.4,12661943.0
2025-08-01 11:43:24 AM,1395.0,0,0.0,12661943.0
2025-08-01 11:43:26 AM,1395.0,1303,1817685.0,14479628.0
2025-08-01 11:43:26 AM,1395.7,20,27914.0,14507542.0
2025-08-01 11:43:28 AM,1396.8,0,0.0,14507542.0
2025-08-01 11:43:31 AM,1398.4,360,503424.00000000006,15010966.0
2025-08-01 11:43:31 AM,1400.0,0,0.0,15010966.0
2025-08-01 11:43:31 AM,1400.0,120,168000.0,15178966.0
2025-08-01 11:43:36 AM,1400.0,31,43400.0,15222366.0
2025-08-01 11:44:00 AM,1401.9,0,0.0,15222366.0
2025-08-01 11:44:02 AM,1401.9,103,144395.7,15366761.7
2025-08-01 11:44:14 AM,1401.9,1,1401.9,15368163.6
2025-08-01 11:44:20 AM,1401.9,15,21028.5,15389192.1
2025-08-01 11:44:32 AM,1400.3,14,19604.2,15408796.299999999
2025-08-01 11:46:56 AM,1400.3,9,12602.699999999999,15421398.999999998
2025-08-01 11:47:08 AM,1401.7,0,0.0,15421398.999999998
2025-08-01 11:47:11 AM,1401.7,5,7008.5,15428407.499999998
2025-08-01 11:47:17 AM,1400.1,14,19601.399999999998,15448008.899999999
2025-08-01 11:48:13 AM,1400.1,4,5600.4,15453609.299999999
2025-08-01 11:48:22 AM,1400.0,0,0.0,15453609.299999999
2025-08-01 11:48:23 AM,1400.0,48,67200.0,15520809.299999999
2025-08-01 11:48:38 AM,1401.1,35,49038.5,15569847.799999999
2025-08-01 11:48:56 AM,1400.0,0,0.0,15569847.799999999
2025-08-01 11:48:58 AM,1400.0,69,96600.0,15666447.799999999
2025-08-01 11:49:45 AM,1401.1,11,15412.099999999999,15681859.899999999
2025-08-01 11:49:50 AM,1401.1,25,35027.5,15716887.399999999
2025-08-01 11:50:08 AM,1400.0,0,0.0,15716887.399999999
2025-08-01 11:50:11 AM,1400.0,60,84000.0,15800887.399999999
2025-08-01 11:51:47 AM,1400.2,0,0.0,15800887.399999999
2025-08-01 11:51:51 AM,1400.2,2,2800.4,15803687.799999999
2025-08-01 11:51:54 AM,1401.3,0,0.0,15803687.799999999
2025-08-01 11:51:56 AM,1401.3,1,1401.3,15805089.1
2025-08-01 11:52:16 AM,1401.3,11,15414.3,15820503.4
2025-08-01 11:52:36 AM,1401.3,10,14013.0,15834516.4
2025-08-01 11:54:00 AM,1400.9,0,0.0,15834516.4
2025-08-01 11:54:02 AM,1400.9,2,2801.8,15837318.200000001
2025-08-01 11:54:18 AM,1402.0,0,0.0,15837318.200000001
2025-08-01 11:54:18 AM,1402.0,1,1402.0,15838720.200000001
2025-08-01 11:54:50 AM,1400.8,0,0.0,15838720.200000001
2025-08-01 11:54:53 AM,1400.8,1,1400.8,15840121.000000002
2025-08-01 11:56:34 AM,1399.9,0,0.0,15840121.000000002
2025-08-01 11:56:34 AM,1399.9,490,685951.0,16526072.000000002
2025-08-01 11:56:38 AM,1400.0,0,0.0,16526072.000000002
2025-08-01 11:56:39 AM,1400.0,43,60200.0,16586272.000000002
2025-08-01 11:56:43 AM,1401.2,0,0.0,16586272.000000002
2025-08-01 11:56:44 AM,1401.2,12,16814.4,16603086.400000002
2025-08-01 11:57:16 AM,1400.0,0,0.0,16603086.400000002
2025-08-01 11:57:19 AM,1400.0,11,15400.0,16618486.400000002
2025-08-01 11:58:14 AM,1400.9,0,0.0,16618486.400000002
2025-08-01 11:58:16 AM,1400.9,9,12608.1,16631094.500000002
2025-08-01 11:58:44 AM,1400.1,10,14001.0,16645095.500000002
2025-08-01 11:59:09 AM,1400.1,10,14001.0,16659096.500000002
2025-08-01 11:59:16 AM,1400.0,0,0.0,16659096.500000002
2025-08-01 11:59:19 AM,1400.0,6,8400.0,16667496.500000002
2025-08-01 11:59:34 AM,1400.0,7,9800.0,16677296.500000002
2025-08-01 11:59:47 AM,1400.8,0,0.0,16677296.500000002
2025-08-01 11:59:50 AM,1400.8,4,5603.2,16682899.700000001
2025-08-01 12:00:07 PM,1400.0,0,0.0,16682899.700000001
2025-08-01 12:00:08 PM,1400.0,9,12600.0,16695499.700000001
2025-08-01 12:00:51 PM,1400.0,6,8400.0,16703899.700000001
2025-08-01 12:00:57 PM,1400.7,0,0.0,16703899.700000001
2025-08-01 12:00:58 PM,1400.7,18,25212.600000000002,16729112.3
2025-08-01 12:02:28 PM,1400.0,7,9800.0,16738912.3
2025-08-01 12:02:56 PM,1400.7,0,0.0,16738912.3
2025-08-01 12:02:58 PM,1400.7,1,1400.7,16740313.0
2025-08-01 12:04:10 PM,1400.0,0,0.0,16740313.0
2025-08-01 12:04:12 PM,1400.0,26,36400.0,16776713.0
2025-08-01 12:04:14 PM,1400.0,1,1400.0,16778113.0
2025-08-01 12:04:22 PM,1399.1,0,0.0,16778113.0
2025-08-01 12:04:22 PM,1399.1,38,53165.799999999996,16831278.8
2025-08-01 12:04:47 PM,1397.9,0,0.0,16831278.8
2025-08-01 12:04:47 PM,1397.9,176,246030.40000000002,17077309.2
2025-08-01 12:05:08 PM,1396.6,30,41898.0,17119207.2
2025-08-01 12:05:19 PM,1397.1,0,0.0,17119207.2
2025-08-01 12:05:20 PM,1397.1,4,5588.4,17124795.599999998
2025-08-01 12:06:23 PM,1395.1,0,0.0,17124795.599999998
2025-08-01 12:06:23 PM,1395.1,123,171597.3,17296392.9
2025-08-01 12:06:25 PM,1395.0,0,0.0,17296392.9
2025-08-01 12:06:27 PM,1394.9,0,0.0,17296392.9
2025-08-01 12:06:28 PM,1394.9,101,140884.90000000002,17437277.799999997
2025-08-01 12:06:30 PM,1394.3,0,0.0,17437277.799999997
2025-08-01 12:06:33 PM,1394.3,50,69715.0,17506992.799999997
2025-08-01 12:06:38 PM,1395.9,14,19542.600000000002,17526535.4
2025-08-01 12:06:48 PM,1396.0,5,6980.0,17533515.4
2025-08-01 12:07:32 PM,1396.9,0,0.0,17533515.4
2025-08-01 12:07:33 PM,1395.9,14,19542.600000000002,17553058.0
2025-08-01 12:07:35 PM,1396.8,0,0.0,17553058.0
2025-08-01 12:07:38 PM,1396.8,2,2793.6,17555851.6
2025-08-01 12:08:21 PM,1395.9,0,0.0,17555851.6
2025-08-01 12:08:24 PM,1395.9,3,4187.700000000001,17560039.3
2025-08-01 12:08:48 PM,1395.9,3,4187.700000000001,17564227.0
2025-08-01 12:09:33 PM,1395.9,4,5583.6,17569810.6
2025-08-01 12:10:14 PM,1395.9,4,5583.6,17575394.200000003
2025-08-01 12:10:34 PM,1395.9,5,6979.5,17582373.700000003
2025-08-01 12:10:43 PM,1395.9,10,13959.0,17596332.700000003
2025-08-01 12:10:48 PM,1396.6,0,0.0,17596332.700000003
2025-08-01 12:10:53 PM,1396.6,1,1396.6,17597729.300000004
2025-08-01 12:11:10 PM,1395.9,0,0.0,17597729.300000004
2025-08-01 12:11:13 PM,1395.9,1,1395.9,17599125.200000003
2025-08-01 12:11:18 PM,1395.9,65,90733.5,17689858.700000003
2025-08-01 12:13:52 PM,1395.9,10,13959.0,17703817.700000003
2025-08-01 12:14:16 PM,1396.6,0,0.0,17703817.700000003
2025-08-01 12:14:17 PM,1396.6,1,1396.6,17705214.300000004
2025-08-01 12:14:23 PM,1395.6,0,0.0,17705214.300000004
2025-08-01 12:14:27 PM,1395.6,42,58615.2,17763829.500000004
2025-08-01 12:14:33 PM,1396.5,0,0.0,17763829.500000004
2025-08-01 12:14:37 PM,1396.5,1,1396.5,17765226.000000004
2025-08-01 12:15:17 PM,1395.5,0,0.0,17765226.000000004
2025-08-01 12:15:18 PM,1395.5,3,4186.5,17769412.500000004
2025-08-01 12:16:18 PM,1394.5,0,0.0,17769412.500000004
2025-08-01 12:16:19 PM,1394.5,3,4183.5,17773596.000000004
2025-08-01 12:17:12 PM,1394.5,3,4183.5,17777779.500000004
2025-08-01 12:18:49 PM,1395.2,0,0.0,17777779.500000004
2025-08-01 12:18:50 PM,1395.2,1,1395.2,17779174.700000003
2025-08-01 12:19:20 PM,1394.6,3,4183.799999999999,17783358.500000004
2025-08-01 12:19:25 PM,1395.2,31,43251.200000000004,17826609.700000003
2025-08-01 12:19:28 PM,1395.3,0,0.0,17826609.700000003
2025-08-01 12:19:30 PM,1395.3,3,4185.9,17830795.6
2025-08-01 12:20:48 PM,1395.3,5,6976.5,17837772.1
2025-08-01 12:20:52 PM,1395.2,0,0.0,17837772.1
2025-08-01 12:20:53 PM,1395.2,1,1395.2,17839167.3
2025-08-01 12:20:59 PM,1395.3,0,0.0,17839167.3
2025-08-01 12:21:03 PM,1395.3,6,8371.8,17847539.1
2025-08-01 12:21:06 PM,1395.2,0,0.0,17847539.1
2025-08-01 12:21:08 PM,1395.2,1,1395.2,17848934.3
2025-08-01 12:21:26 PM,1396.0,0,0.0,17848934.3
2025-08-01 12:21:27 PM,1396.0,200,279200.0,18128134.3
2025-08-01 12:21:32 PM,1394.5,82,114349.0,18242483.3
2025-08-01 12:21:34 PM,1392.0,0,0.0,18242483.3
2025-08-01 12:21:36 PM,1391.3,29,40347.7,18282831.0
2025-08-01 12:21:37 PM,1390.1,0,0.0,18282831.0
2025-08-01 12:21:37 PM,1390.1,39,54213.899999999994,18337044.9
2025-08-01 12:21:38 PM,1390.0,0,0.0,18337044.9
2025-08-01 12:21:41 PM,1390.0,290,403100.0,18740144.9
2025-08-01 12:21:42 PM,1389.9,2,2779.8,18742924.7
2025-08-01 12:21:42 PM,1389.0,0,0.0,18742924.7
2025-08-01 12:21:43 PM,1389.5,0,0.0,18742924.7
2025-08-01 12:21:46 PM,1389.5,83,115328.5,18858253.2
2025-08-01 12:21:54 PM,1390.0,0,0.0,18858253.2
2025-08-01 12:21:55 PM,1390.0,5,6950.0,18865203.2
2025-08-01 12:22:06 PM,1390.0,21,29190.0,18894393.2
2025-08-01 12:22:09 PM,1391.2,0,0.0,18894393.2
2025-08-01 12:22:11 PM,1391.2,37,51474.4,18945867.599999998
2025-08-01 12:22:16 PM,1390.6,0,0.0,18945867.599999998
2025-08-01 12:22:17 PM,1390.6,5,6953.0,18952820.599999998
2025-08-01 12:22:34 PM,1391.1,0,0.0,18952820.599999998
2025-08-01 12:22:38 PM,1391.1,6,8346.599999999999,18961167.2
2025-08-01 12:22:40 PM,1391.8,0,0.0,18961167.2
2025-08-01 12:22:41 PM,1390.1,0,0.0,18961167.2
2025-08-01 12:22:43 PM,1390.1,29,40312.899999999994,19001480.099999998
2025-08-01 12:22:49 PM,1390.2,0,0.0,19001480.099999998
2025-08-01 12:22:53 PM,1390.2,20,27804.0,19029284.099999998
2025-08-01 12:23:02 PM,1390.0,0,0.0,19029284.099999998
2025-08-01 12:23:03 PM,1390.0,2,2780.0,19032064.099999998
2025-08-01 12:23:03 PM,1390.0,6,8340.0,19040404.099999998
2025-08-01 12:23:08 PM,1390.0,2,2780.0,19043184.099999998
2025-08-01 12:23:32 PM,1390.0,2,2780.0,19045964.099999998
2025-08-01 12:24:31 PM,1390.7,0,0.0,19045964.099999998
2025-08-01 12:24:32 PM,1390.7,2,2781.4,19048745.499999996
2025-08-01 12:24:57 PM,1390.9,0,0.0,19048745.499999996
2025-08-01 12:25:01 PM,1390.9,1,1390.9,19050136.399999995
2025-08-01 12:25:04 PM,1391.3,0,0.0,19050136.399999995
2025-08-01 12:25:06 PM,1391.3,17,23652.1,19073788.499999996
2025-08-01 12:25:16 PM,1391.8,18,25052.399999999998,19098840.899999995
2025-08-01 12:25:19 PM,1392.2,0,0.0,19098840.899999995
2025-08-01 12:25:22 PM,1392.2,31,43158.200000000004,19141999.099999994
2025-08-01 12:25:29 PM,1391.4,0,0.0,19141999.099999994
2025-08-01 12:25:32 PM,1391.4,4,5565.6,19147564.699999996
2025-08-01 12:25:35 PM,1392.1,0,0.0,19147564.699999996
2025-08-01 12:25:36 PM,1392.1,7,9744.699999999999,19157309.399999995
2025-08-01 12:25:38 PM,1390.9,0,0.0,19157309.399999995
2025-08-01 12:25:41 PM,1390.9,15,20863.5,19178172.899999995
2025-08-01 12:25:42 PM,1390.9,1,1390.9,19179563.799999993
2025-08-01 12:25:44 PM,1390.6,0,0.0,19179563.799999993
2025-08-01 12:25:46 PM,1390.6,3,4171.799999999999,19183735.599999994
2025-08-01 12:26:16 PM,1390.8,0,0.0,19183735.599999994
2025-08-01 12:26:17 PM,1390.8,6,8344.8,19192080.399999995
2025-08-01 12:26:24 PM,1390.0,0,0.0,19192080.399999995
2025-08-01 12:26:27 PM,1390.0,1,1390.0,19193470.399999995
2025-08-01 12:26:47 PM,1390.8,2,2781.6,19196251.999999996
2025-08-01 12:26:52 PM,1390.8,1,1390.8,19197642.799999997
2025-08-01 12:27:21 PM,1389.4,0,0.0,19197642.799999997
2025-08-01 12:27:23 PM,1389.4,68,94479.20000000001,19292121.999999996
2025-08-01 12:27:26 PM,1387.4,0,0.0,19292121.999999996
2025-08-01 12:27:28 PM,1387.4,4,5549.6,19297671.599999998
2025-08-01 12:27:28 PM,1388.2,0,0.0,19297671.599999998
2025-08-01 12:27:32 PM,1388.2,7,9717.4,19307388.999999996
2025-08-01 12:27:56 PM,1388.1,0,0.0,19307388.999999996
2025-08-01 12:27:57 PM,1388.1,1,1388.1,19308777.099999998
2025-08-01 12:28:05 PM,1388.9,0,0.0,19308777.099999998
2025-08-01 12:28:07 PM,1388.9,4,5555.6,19314332.7
2025-08-01 12:28:22 PM,1388.9,2,2777.8,19317110.5
2025-08-01 12:28:36 PM,1388.1,1,1388.1,19318498.6
2025-08-01 12:28:48 PM,1387.4,0,0.0,19318498.6
2025-08-01 12:28:51 PM,1387.4,45,62433.00000000001,19380931.6
2025-08-01 12:28:59 PM,1387.0,0,0.0,19380931.6
2025-08-01 12:29:01 PM,1387.0,14,19418.0,19400349.6
2025-08-01 12:29:03 PM,1385.0,0,0.0,19400349.6
2025-08-01 12:29:06 PM,1385.0,465,644025.0,20044374.6
2025-08-01 12:29:08 PM,1386.7,0,0.0,20044374.6
2025-08-01 12:29:11 PM,1386.6,151,209376.59999999998,20253751.200000003
2025-08-01 12:29:16 PM,1388.9,62,86111.8,20339863.000000004
2025-08-01 12:29:48 PM,1390.1,0,0.0,20339863.000000004
2025-08-01 12:29:48 PM,1390.1,13,18071.3,20357934.300000004
2025-08-01 12:30:00 PM,1390.1,1,1390.1,20359324.400000006
2025-08-01 12:30:28 PM,1390.0,0,0.0,20359324.400000006
2025-08-01 12:30:29 PM,1390.0,10,13900.0,20373224.400000006
2025-08-01 12:30:37 PM,1390.0,1,1390.0,20374614.400000006
2025-08-01 12:30:53 PM,1390.0,5,6950.0,20381564.400000006
2025-08-01 12:30:58 PM,1390.0,11,15290.0,20396854.400000006
2025-08-01 12:31:00 PM,1390.0,2,2780.0,20399634.400000006
2025-08-01 12:31:02 PM,1390.0,2,2780.0,20402414.400000006
2025-08-01 12:31:56 PM,1391.0,0,0.0,20402414.400000006
2025-08-01 12:31:56 PM,1391.0,10,13910.0,20416324.400000006
2025-08-01 12:32:04 PM,1390.8,0,0.0,20416324.400000006
2025-08-01 12:32:06 PM,1390.8,2,2781.6,20419106.000000007
2025-08-01 12:32:11 PM,1390.8,3,4172.4,20423278.400000006
2025-08-01 12:32:12 PM,1392.1,1,1392.1,20424670.500000007
2025-08-01 12:32:22 PM,1390.8,0,0.0,20424670.500000007
2025-08-01 12:32:22 PM,1390.8,1,1390.8,20426061.30000001
2025-08-01 12:32:26 PM,1391.5,0,0.0,20426061.30000001
2025-08-01 12:32:28 PM,1391.5,50,69575.0,20495636.30000001
2025-08-01 12:32:33 PM,1391.5,5,6957.5,20502593.80000001
2025-08-01 12:32:34 PM,1389.8,0,0.0,20502593.80000001
2025-08-01 12:32:38 PM,1389.8,80,111184.0,20613777.80000001
2025-08-01 12:33:42 PM,1389.4,6,8336.400000000001,20622114.200000007
2025-08-01 12:33:48 PM,1389.0,6,8334.0,20630448.200000007
2025-08-01 12:34:21 PM,1388.8,0,0.0,20630448.200000007
2025-08-01 12:34:22 PM,1388.8,7,9721.6,20640169.80000001
2025-08-01 12:35:50 PM,1388.7,2,2777.4,20642947.200000007
2025-08-01 12:36:21 PM,1388.7,16,22219.2,20665166.400000006
2025-08-01 12:36:36 PM,1388.8,0,0.0,20665166.400000006
2025-08-01 12:36:37 PM,1388.8,18,24998.399999999998,20690164.800000004
2025-08-01 12:36:47 PM,1388.8,4,5555.2,20695720.000000004
2025-08-01 12:36:57 PM,1388.8,1,1388.8,20697108.800000004
2025-08-01 12:38:09 PM,1389.0,0,0.0,20697108.800000004
2025-08-01 12:38:13 PM,1389.0,2,2778.0,20699886.800000004
2025-08-01 12:39:55 PM,1388.6,99,137471.4,20837358.200000003
2025-08-01 12:40:04 PM,1388.4,0,0.0,20837358.200000003
2025-08-01 12:40:06 PM,1388.4,1,1388.4,20838746.6
2025-08-01 12:40:11 PM,1386.3,25,34657.5,20873404.1
2025-08-01 12:41:09 PM,1386.2,0,0.0,20873404.1
2025-08-01 12:41:13 PM,1386.2,9,12475.800000000001,20885879.900000002
2025-08-01 12:41:22 PM,1386.8,0,0.0,20885879.900000002
2025-08-01 12:41:24 PM,1386.8,14,19415.2,20905295.1
2025-08-01 12:41:32 PM,1385.6,0,0.0,20905295.1
2025-08-01 12:41:34 PM,1385.6,110,152416.0,21057711.1
2025-08-01 12:42:08 PM,1386.1,0,0.0,21057711.1
2025-08-01 12:42:11 PM,1386.1,1,1386.1,21059097.200000003
2025-08-01 12:43:16 PM,1385.4,0,0.0,21059097.200000003
2025-08-01 12:43:19 PM,1385.4,2,2770.8,21061868.000000004
2025-08-01 12:43:22 PM,1385.0,0,0.0,21061868.000000004
2025-08-01 12:43:24 PM,1385.0,183,253455.0,21315323.000000004
2025-08-01 12:43:25 PM,1385.2,0,0.0,21315323.000000004
2025-08-01 12:43:28 PM,1385.0,0,0.0,21315323.000000004
2025-08-01 12:43:30 PM,1385.0,30,41550.0,21356873.000000004
2025-08-01 12:43:35 PM,1385.0,1,1385.0,21358258.000000004
2025-08-01 12:43:46 PM,1385.0,16,22160.0,21380418.000000004
2025-08-01 12:44:18 PM,1384.7,0,0.0,21380418.000000004
2025-08-01 12:44:19 PM,1384.8,22,30465.6,21410883.600000005
2025-08-01 12:44:23 PM,1384.7,0,0.0,21410883.600000005
2025-08-01 12:44:24 PM,1384.7,3,4154.1,21415037.700000007
2025-08-01 12:45:18 PM,1384.8,0,0.0,21415037.700000007
2025-08-01 12:45:21 PM,1384.7,0,0.0,21415037.700000007
2025-08-01 12:45:22 PM,1384.7,26,36002.200000000004,21451039.900000006
2025-08-01 12:45:27 PM,1384.7,5,6923.5,21457963.400000006
2025-08-01 12:46:46 PM,1383.3,0,0.0,21457963.400000006
2025-08-01 12:46:48 PM,1383.3,91,125880.3,21583843.700000007
2025-08-01 12:46:53 PM,1382.3,16,22116.8,21605960.500000007
2025-08-01 12:46:54 PM,1383.2,0,0.0,21605960.500000007
2025-08-01 12:46:58 PM,1383.2,40,55328.0,21661288.500000007
2025-08-01 12:47:03 PM,1383.3,6,8299.8,21669588.30000001
2025-08-01 12:47:04 PM,1381.8,0,0.0,21669588.30000001
2025-08-01 12:47:08 PM,1381.8,50,69090.0,21738678.30000001
2025-08-01 12:47:13 PM,1382.0,0,0.0,21738678.30000001
2025-08-01 12:47:13 PM,1382.0,59,81538.0,21820216.30000001
2025-08-01 12:47:16 PM,1382.9,0,0.0,21820216.30000001
2025-08-01 12:47:18 PM,1382.9,1,1382.9,21821599.200000007
2025-08-01 12:47:20 PM,1383.0,0,0.0,21821599.200000007
2025-08-01 12:47:22 PM,1382.3,0,0.0,21821599.200000007
2025-08-01 12:47:23 PM,1382.0,140,193480.0,22015079.200000007
2025-08-01 12:47:25 PM,1384.0,0,0.0,22015079.200000007
2025-08-01 12:47:28 PM,1383.7,0,0.0,22015079.200000007
2025-08-01 12:47:28 PM,1383.7,49,67801.3,22082880.500000007
2025-08-01 12:47:29 PM,1383.6,14,19370.399999999998,22102250.900000006
2025-08-01 12:47:34 PM,1383.6,7,9685.199999999999,22111936.100000005
2025-08-01 12:47:42 PM,1384.3,0,0.0,22111936.100000005
2025-08-01 12:47:44 PM,1384.3,1,1384.3,22113320.400000006
2025-08-01 12:47:49 PM,1384.3,7,9690.1,22123010.500000007
2025-08-01 12:47:54 PM,1383.6,1,1383.6,22124394.10000001
2025-08-01 12:48:18 PM,1383.6,35,48426.0,22172820.10000001
2025-08-01 12:48:24 PM,1382.0,0,0.0,22172820.10000001
2025-08-01 12:48:24 PM,1382.0,7,9674.0,22182494.10000001
2025-08-01 12:48:59 PM,1382.7,6,8296.2,22190790.30000001
2025-08-01 12:49:04 PM,1382.1,0,0.0,22190790.30000001
2025-08-01 12:49:08 PM,1382.1,1,1382.1,22192172.40000001
2025-08-01 12:49:22 PM,1382.6,0,0.0,22192172.40000001
2025-08-01 12:49:23 PM,1381.8,79,109162.2,22301334.60000001
2025-08-01 12:49:34 PM,1382.4,0,0.0,22301334.60000001
2025-08-01 12:49:37 PM,1381.6,0,0.0,22301334.60000001
2025-08-01 12:49:37 PM,1381.6,14,19342.399999999998,22320677.000000007
2025-08-01 12:49:42 PM,1381.6,1,1381.6,22322058.60000001
2025-08-01 12:49:48 PM,1381.6,4,5526.4,22327585.000000007
2025-08-01 12:50:48 PM,1382.5,0,0.0,22327585.000000007
2025-08-01 12:50:50 PM,1382.5,25,34562.5,22362147.500000007
2025-08-01 12:50:56 PM,1381.6,0,0.0,22362147.500000007
2025-08-01 12:50:57 PM,1381.6,2,2763.2,22364910.700000007
2025-08-01 12:51:18 PM,1382.6,0,0.0,22364910.700000007
2025-08-01 12:51:21 PM,1382.6,8,11060.8,22375971.500000007
2025-08-01 12:51:35 PM,1382.7,0,0.0,22375971.500000007
2025-08-01 12:51:35 PM,1382.7,1,1382.7,22377354.200000007
2025-08-01 12:51:37 PM,1382.7,1,1382.7,22378736.900000006
2025-08-01 12:52:26 PM,1382.7,8,11061.6,22389798.500000007
2025-08-01 12:52:29 PM,1381.0,0,0.0,22389798.500000007
2025-08-01 12:52:30 PM,1381.0,156,215436.0,22605234.500000007
2025-08-01 12:52:35 PM,1381.2,0,0.0,22605234.500000007
2025-08-01 12:52:35 PM,1381.2,4,5524.8,22610759.30000001
2025-08-01 12:52:38 PM,1380.6,0,0.0,22610759.30000001
2025-08-01 12:52:40 PM,1380.6,28,38656.799999999996,22649416.10000001
2025-08-01 12:53:05 PM,1380.6,1,1380.6,22650796.70000001
2025-08-01 12:53:10 PM,1380.6,1,1380.6,22652177.300000012
2025-08-01 12:53:46 PM,1380.6,10,13806.0,22665983.300000012
2025-08-01 12:54:01 PM,1380.6,1,1380.6,22667363.900000013
2025-08-01 12:54:56 PM,1381.2,0,0.0,22667363.900000013
2025-08-01 12:54:57 PM,1381.2,47,64916.4,22732280.300000012
2025-08-01 12:54:59 PM,1381.8,0,0.0,22732280.300000012
2025-08-01 12:55:02 PM,1381.3,6,8287.8,22740568.100000013
2025-08-01 12:55:08 PM,1381.2,0,0.0,22740568.100000013
2025-08-01 12:55:13 PM,1381.2,25,34530.0,22775098.100000013
2025-08-01 12:55:19 PM,1381.2,74,102208.8,22877306.900000013
2025-08-01 12:55:19 PM,1380.6,5,6903.0,22884209.900000013
2025-08-01 12:55:20 PM,1381.7,0,0.0,22884209.900000013
2025-08-01 12:55:22 PM,1380.6,0,0.0,22884209.900000013
2025-08-01 12:55:24 PM,1380.6,39,53843.399999999994,22938053.300000012
2025-08-01 12:55:29 PM,1380.0,751,1036380.0,23974433.300000012
2025-08-01 12:55:30 PM,1378.0,0,0.0,23974433.300000012
2025-08-01 12:55:32 PM,1377.7,0,0.0,23974433.300000012
2025-08-01 12:55:32 PM,1378.0,0,0.0,23974433.300000012
2025-08-01 12:55:34 PM,1378.0,365,502970.0,24477403.300000012
2025-08-01 12:55:34 PM,1377.0,17,23409.0,24500812.300000012
2025-08-01 12:55:34 PM,1378.0,0,0.0,24500812.300000012
2025-08-01 12:55:36 PM,1378.7,0,0.0,24500812.300000012
2025-08-01 12:55:38 PM,1379.8,0,0.0,24500812.300000012
2025-08-01 12:55:38 PM,1379.8,467,644366.6,25145178.900000013
2025-08-01 12:55:39 PM,1379.7,26,35872.200000000004,25181051.100000013
2025-08-01 12:55:40 PM,1382.9,0,0.0,25181051.100000013
2025-08-01 12:55:42 PM,1381.7,0,0.0,25181051.100000013
2025-08-01 12:55:43 PM,1381.7,121,167185.7,25348236.800000012
2025-08-01 12:55:45 PM,1380.4,0,0.0,25348236.800000012
2025-08-01 12:55:47 PM,1380.5,0,0.0,25348236.800000012
2025-08-01 12:55:48 PM,1380.5,96,132528.0,25480764.800000012
2025-08-01 12:55:53 PM,1380.5,9,12424.5,25493189.300000012
2025-08-01 12:55:56 PM,1381.0,0,0.0,25493189.300000012
2025-08-01 12:55:58 PM,1380.5,11,15185.5,25508374.800000012
2025-08-01 12:56:13 PM,1380.5,1,1380.5,25509755.300000012
2025-08-01 12:56:16 PM,1381.0,0,0.0,25509755.300000012
2025-08-01 12:56:19 PM,1381.0,10,13810.0,25523565.300000012
2025-08-01 12:56:22 PM,1380.5,0,0.0,25523565.300000012
2025-08-01 12:56:23 PM,1380.5,2,2761.0,25526326.300000012
2025-08-01 12:56:43 PM,1380.5,47,64883.5,25591209.800000012
2025-08-01 12:56:47 PM,1380.1,0,0.0,25591209.800000012
2025-08-01 12:56:48 PM,1380.1,8,11040.8,25602250.600000013
2025-08-01 12:57:06 PM,1380.4,0,0.0,25602250.600000013
2025-08-01 12:57:06 PM,1380.1,0,0.0,25602250.600000013
2025-08-01 12:57:08 PM,1380.1,63,86946.29999999999,25689196.900000013
2025-08-01 12:57:10 PM,1380.0,0,0.0,25689196.900000013
2025-08-01 12:57:10 PM,1380.4,0,0.0,25689196.900000013
2025-08-01 12:57:13 PM,1380.4,13,17945.2,25707142.100000013
2025-08-01 12:57:18 PM,1380.0,1,1380.0,25708522.100000013
2025-08-01 12:57:58 PM,1380.0,1,1380.0,25709902.100000013
2025-08-01 12:57:59 PM,1380.4,1,1380.4,25711282.50000001
2025-08-01 12:58:16 PM,1380.0,0,0.0,25711282.50000001
2025-08-01 12:58:18 PM,1380.0,1,1380.0,25712662.50000001
2025-08-01 12:58:36 PM,1379.7,0,0.0,25712662.50000001
2025-08-01 12:58:39 PM,1379.7,3,4139.1,25716801.600000013
2025-08-01 12:58:49 PM,1378.4,10,13784.0,25730585.600000013
2025-08-01 12:58:56 PM,1379.7,0,0.0,25730585.600000013
2025-08-01 12:58:59 PM,1379.7,12,16556.4,25747142.00000001
2025-08-01 12:59:04 PM,1379.7,2,2759.4,25749901.40000001
2025-08-01 12:59:10 PM,1379.8,0,0.0,25749901.40000001
2025-08-01 12:59:14 PM,1379.8,17,23456.6,25773358.00000001
2025-08-01 12:59:16 PM,1380.0,0,0.0,25773358.00000001
2025-08-01 12:59:17 PM,1377.4,0,0.0,25773358.00000001
2025-08-01 12:59:19 PM,1377.4,937,1290623.8,27063981.800000012
2025-08-01 12:59:19 PM,1377.6,0,0.0,27063981.800000012
2025-08-01 12:59:22 PM,1379.8,0,0.0,27063981.800000012
2025-08-01 12:59:22 PM,1378.9,0,0.0,27063981.800000012
2025-08-01 12:59:24 PM,1379.7,274,378037.8,27442019.600000013
2025-08-01 12:59:26 PM,1378.9,0,0.0,27442019.600000013
2025-08-01 12:59:26 PM,1380.1,0,0.0,27442019.600000013
2025-08-01 12:59:29 PM,1379.3,64,88275.2,27530294.800000012
2025-08-01 12:59:30 PM,1379.5,0,0.0,27530294.800000012
2025-08-01 12:59:34 PM,1377.8,95,130891.0,27661185.800000012
2025-08-01 12:59:37 PM,1376.9,0,0.0,27661185.800000012
2025-08-01 12:59:40 PM,1376.9,94,129428.6,27790614.400000013
2025-08-01 12:59:42 PM,1378.2,0,0.0,27790614.400000013
2025-08-01 12:59:42 PM,1378.6,0,0.0,27790614.400000013
2025-08-01 12:59:44 PM,1379.0,0,0.0,27790614.400000013
2025-08-01 12:59:45 PM,1379.0,109,150311.0,27940925.400000013
2025-08-01 12:59:48 PM,1378.4,0,0.0,27940925.400000013
2025-08-01 12:59:50 PM,1378.4,17,23432.800000000003,27964358.200000014
2025-08-01 12:59:53 PM,1379.3,0,0.0,27964358.200000014
2025-08-01 12:59:56 PM,1379.3,24,33103.2,27997461.400000013
2025-08-01 01:00:00 PM,1378.7,0,0.0,27997461.400000013
2025-08-01 01:00:01 PM,1378.7,1,1378.7,27998840.100000013
2025-08-01 01:00:20 PM,1378.1,0,0.0,27998840.100000013
2025-08-01 01:00:22 PM,1378.1,905,1247180.5,29246020.600000013
2025-08-01 01:00:23 PM,1378.5,0,0.0,29246020.600000013
2025-08-01 01:00:25 PM,1379.8,0,0.0,29246020.600000013
2025-08-01 01:00:27 PM,1379.4,0,0.0,29246020.600000013
2025-08-01 01:00:27 PM,1379.4,272,375196.80000000005,29621217.400000013
2025-08-01 01:00:29 PM,1377.3,0,0.0,29621217.400000013
2025-08-01 01:00:29 PM,1378.5,0,0.0,29621217.400000013
2025-08-01 01:00:31 PM,1378.6,0,0.0,29621217.400000013
2025-08-01 01:00:32 PM,1378.6,132,181975.19999999998,29803192.600000013
2025-08-01 01:00:33 PM,1376.8,0,0.0,29803192.600000013
2025-08-01 01:00:33 PM,1376.8,10,13768.0,29816960.600000013
2025-08-01 01:00:33 PM,1377.6,0,0.0,29816960.600000013
2025-08-01 01:00:35 PM,1377.7,0,0.0,29816960.600000013
2025-08-01 01:00:36 PM,1378.0,0,0.0,29816960.600000013
2025-08-01 01:00:37 PM,1377.6,137,188731.19999999998,30005691.800000012
2025-08-01 01:00:43 PM,1377.2,0,0.0,30005691.800000012
2025-08-01 01:00:43 PM,1377.2,139,191430.80000000002,30197122.600000013
2025-08-01 01:00:45 PM,1378.6,0,0.0,30197122.600000013
2025-08-01 01:00:48 PM,1377.4,95,130853.00000000001,30327975.600000013
2025-08-01 01:00:51 PM,1377.1,0,0.0,30327975.600000013
2025-08-01 01:00:53 PM,1377.0,0,0.0,30327975.600000013
2025-08-01 01:00:53 PM,1377.0,34,46818.0,30374793.600000013
2025-08-01 01:00:58 PM,1377.0,3,4131.0,30378924.600000013
2025-08-01 01:01:09 PM,1377.3,0,0.0,30378924.600000013
2025-08-01 01:01:10 PM,1377.3,22,30300.6,30409225.200000014
2025-08-01 01:01:12 PM,1377.3,40,55092.0,30464317.200000014
2025-08-01 01:01:13 PM,1377.1,7,9639.699999999999,30473956.900000013
2025-08-01 01:01:16 PM,1377.3,0,0.0,30473956.900000013
2025-08-01 01:01:16 PM,1377.3,1,1377.3,30475334.200000014
2025-08-01 01:01:18 PM,1377.6,0,0.0,30475334.200000014
2025-08-01 01:01:18 PM,1377.6,9,12398.4,30487732.600000013
2025-08-01 01:01:34 PM,1377.3,0,0.0,30487732.600000013
2025-08-01 01:01:34 PM,1377.6,53,73012.79999999999,30560745.400000013
2025-08-01 01:01:38 PM,1377.8,9,12400.199999999999,30573145.600000013
2025-08-01 01:01:40 PM,1377.7,0,0.0,30573145.600000013
2025-08-01 01:01:40 PM,1377.7,15,20665.5,30593811.100000013
2025-08-01 01:01:43 PM,1377.7,3,4133.1,30597944.200000014
2025-08-01 01:01:49 PM,1377.7,5,6888.5,30604832.700000014
2025-08-01 01:01:53 PM,1377.3,0,0.0,30604832.700000014
2025-08-01 01:01:53 PM,1377.3,1,1377.3,30606210.000000015
2025-08-01 01:02:08 PM,1378.6,0,0.0,30606210.000000015
2025-08-01 01:02:09 PM,1378.6,20,27572.0,30633782.000000015
2025-08-01 01:02:10 PM,1377.5,80,110200.0,30743982.000000015
2025-08-01 01:02:14 PM,1378.1,13,17915.3,30761897.300000016
2025-08-01 01:02:15 PM,1377.6,1,1377.6,30763274.900000017
2025-08-01 01:02:16 PM,1379.0,0,0.0,30763274.900000017
2025-08-01 01:02:17 PM,1378.1,0,0.0,30763274.900000017
2025-08-01 01:02:19 PM,1378.1,32,44099.2,30807374.100000016
2025-08-01 01:02:25 PM,1377.5,6,8265.0,30815639.100000016
2025-08-01 01:02:32 PM,1378.8,0,0.0,30815639.100000016
2025-08-01 01:02:33 PM,1380.3,0,0.0,30815639.100000016
2025-08-01 01:02:35 PM,1380.3,248,342314.39999999997,31157953.500000015
2025-08-01 01:02:37 PM,1379.1,0,0.0,31157953.500000015
2025-08-01 01:02:38 PM,1380.0,0,0.0,31157953.500000015
2025-08-01 01:02:40 PM,1380.0,79,109020.0,31266973.500000015
2025-08-01 01:02:41 PM,1380.3,0,0.0,31266973.500000015
2025-08-01 01:02:45 PM,1379.3,0,0.0,31266973.500000015
2025-08-01 01:02:45 PM,1379.3,11,15172.3,31282145.800000016
2025-08-01 01:02:49 PM,1379.2,0,0.0,31282145.800000016
2025-08-01 01:02:50 PM,1379.2,32,44134.4,31326280.200000014
2025-08-01 01:02:55 PM,1379.2,5,6896.0,31333176.200000014
2025-08-01 01:03:27 PM,1379.7,0,0.0,31333176.200000014
2025-08-01 01:03:29 PM,1379.7,25,34492.5,31367668.700000014
2025-08-01 01:03:32 PM,1379.8,0,0.0,31367668.700000014
2025-08-01 01:03:34 PM,1379.8,28,38634.4,31406303.100000013
2025-08-01 01:03:39 PM,1379.9,0,0.0,31406303.100000013
2025-08-01 01:03:39 PM,1379.2,6,8275.2,31414578.300000012
2025-08-01 01:03:54 PM,1379.2,17,23446.4,31438024.70000001
2025-08-01 01:03:59 PM,1379.2,3,4137.6,31442162.300000012
2025-08-01 01:04:57 PM,1379.0,101,139279.0,31581441.300000012
2025-08-01 01:05:03 PM,1378.6,0,0.0,31581441.300000012
2025-08-01 01:05:03 PM,1378.6,14,19300.399999999998,31600741.70000001
2025-08-01 01:05:05 PM,1377.2,0,0.0,31600741.70000001
2025-08-01 01:05:07 PM,1377.2,4,5508.8,31606250.50000001
2025-08-01 01:05:23 PM,1377.9,1,1377.9,31607628.40000001
2025-08-01 01:05:46 PM,1378.1,0,0.0,31607628.40000001
2025-08-01 01:05:48 PM,1378.1,42,57880.2,31665508.60000001
2025-08-01 01:05:53 PM,1377.9,41,56493.9,31722002.500000007
2025-08-01 01:05:58 PM,1377.9,6,8267.400000000001,31730269.900000006
2025-08-01 01:06:35 PM,1378.0,110,151580.0,31881849.900000006
2025-08-01 01:06:38 PM,1379.1,0,0.0,31881849.900000006
2025-08-01 01:06:39 PM,1378.5,0,0.0,31881849.900000006
2025-08-01 01:06:39 PM,1378.5,33,45490.5,31927340.400000006
2025-08-01 01:06:47 PM,1378.8,0,0.0,31927340.400000006
2025-08-01 01:06:50 PM,1378.8,3,4136.4,31931476.800000004
2025-08-01 01:07:22 PM,1378.8,1,1378.8,31932855.600000005
2025-08-01 01:08:44 PM,1378.8,30,41364.0,31974219.600000005
2025-08-01 01:08:48 PM,1379.0,0,0.0,31974219.600000005
2025-08-01 01:08:48 PM,1379.0,6,8274.0,31982493.600000005
2025-08-01 01:09:04 PM,1380.1,0,0.0,31982493.600000005
2025-08-01 01:09:06 PM,1380.1,10,13801.0,31996294.600000005
2025-08-01 01:09:12 PM,1379.0,0,0.0,31996294.600000005
2025-08-01 01:09:14 PM,1379.0,1,1379.0,31997673.600000005
2025-08-01 01:09:37 PM,1379.6,0,0.0,31997673.600000005
2025-08-01 01:09:39 PM,1379.6,6,8277.599999999999,32005951.200000007
2025-08-01 01:09:44 PM,1379.0,1,1379.0,32007330.200000007
2025-08-01 01:10:27 PM,1379.6,7,9657.199999999999,32016987.400000006
2025-08-01 01:10:34 PM,1379.2,2,2758.4,32019745.800000004
2025-08-01 01:10:50 PM,1379.2,29,39996.8,32059742.600000005
2025-08-01 01:10:58 PM,1379.2,5,6896.0,32066638.600000005
2025-08-01 01:11:32 PM,1379.2,10,13792.0,32080430.600000005
2025-08-01 01:11:37 PM,1379.2,2,2758.4,32083189.000000004
2025-08-01 01:12:03 PM,1378.8,89,122713.2,32205902.200000003
2025-08-01 01:12:06 PM,1376.0,0,0.0,32205902.200000003
2025-08-01 01:12:07 PM,1376.0,15,20640.0,32226542.200000003
2025-08-01 01:12:12 PM,1376.6,14,19272.399999999998,32245814.6
2025-08-01 01:12:20 PM,1376.0,0,0.0,32245814.6
2025-08-01 01:12:22 PM,1376.0,3,4128.0,32249942.6
2025-08-01 01:12:29 PM,1376.6,0,0.0,32249942.6
2025-08-01 01:12:29 PM,1376.6,1,1376.6,32251319.200000003
2025-08-01 01:13:25 PM,1376.1,12,16513.199999999997,32267832.400000002
2025-08-01 01:13:30 PM,1376.6,0,0.0,32267832.400000002
2025-08-01 01:13:30 PM,1376.6,4,5506.4,32273338.8
2025-08-01 01:13:31 PM,1375.0,0,0.0,32273338.8
2025-08-01 01:13:32 PM,1374.9,0,0.0,32273338.8
2025-08-01 01:13:33 PM,1373.0,678,930894.0,33204232.8
2025-08-01 01:13:35 PM,1374.1,12,16489.199999999997,33220722.0
2025-08-01 01:13:37 PM,1374.3,0,0.0,33220722.0
2025-08-01 01:13:38 PM,1375.0,0,0.0,33220722.0
2025-08-01 01:13:38 PM,1376.5,172,236758.0,33457480.0
2025-08-01 01:13:39 PM,1377.3,0,0.0,33457480.0
2025-08-01 01:13:40 PM,1376.1,0,0.0,33457480.0
2025-08-01 01:13:41 PM,1376.1,142,195406.19999999998,33652886.2
2025-08-01 01:13:42 PM,1375.0,0,0.0,33652886.2
2025-08-01 01:13:44 PM,1374.6,128,175948.8,33828835.0
2025-08-01 01:13:47 PM,1374.5,0,0.0,33828835.0
2025-08-01 01:13:49 PM,1373.5,22,30217.0,33859052.0
2025-08-01 01:13:51 PM,1373.9,0,0.0,33859052.0
2025-08-01 01:13:51 PM,1373.9,33,45338.700000000004,33904390.7
2025-08-01 01:13:53 PM,1374.3,0,0.0,33904390.7
2025-08-01 01:13:54 PM,1374.3,117,160793.1,34065183.800000004
2025-08-01 01:13:59 PM,1373.3,7,9613.1,34074796.900000006
2025-08-01 01:14:45 PM,1374.0,14,19236.0,34094032.900000006
2025-08-01 01:14:49 PM,1374.3,0,0.0,34094032.900000006
2025-08-01 01:14:50 PM,1374.3,1,1374.3,34095407.2
2025-08-01 01:14:51 PM,1374.0,0,0.0,34095407.2
2025-08-01 01:14:53 PM,1374.0,2,2748.0,34098155.2
2025-08-01 01:14:56 PM,1374.3,0,0.0,34098155.2
2025-08-01 01:14:58 PM,1374.3,1,1374.3,34099529.5
2025-08-01 01:15:07 PM,1374.0,0,0.0,34099529.5
2025-08-01 01:15:08 PM,1374.0,1,1374.0,34100903.5
2025-08-01 01:15:54 PM,1374.0,28,38472.0,34139375.5
2025-08-01 01:16:04 PM,1374.0,5,6870.0,34146245.5
2025-08-01 01:16:58 PM,1374.3,0,0.0,34146245.5
2025-08-01 01:16:59 PM,1374.3,6,8245.8,34154491.3
2025-08-01 01:17:02 PM,1374.0,0,0.0,34154491.3
2025-08-01 01:17:04 PM,1374.0,1,1374.0,34155865.3
2025-08-01 01:17:36 PM,1374.3,0,0.0,34155865.3
2025-08-01 01:17:36 PM,1374.3,4,5497.2,34161362.5
2025-08-01 01:17:38 PM,1374.3,10,13743.0,34175105.5
2025-08-01 01:17:42 PM,1374.0,0,0.0,34175105.5
2025-08-01 01:17:43 PM,1374.0,2,2748.0,34177853.5
2025-08-01 01:18:06 PM,1374.3,0,0.0,34177853.5
2025-08-01 01:18:07 PM,1374.3,3,4122.9,34181976.4
2025-08-01 01:18:16 PM,1374.3,6,8245.8,34190222.199999996
2025-08-01 01:18:21 PM,1374.5,8,10996.0,34201218.199999996
2025-08-01 01:18:31 PM,1374.5,6,8247.0,34209465.199999996
2025-08-01 01:18:35 PM,1374.0,0,0.0,34209465.199999996
2025-08-01 01:18:36 PM,1374.0,1,1374.0,34210839.199999996
2025-08-01 01:18:46 PM,1374.0,10,13740.0,34224579.199999996
2025-08-01 01:18:56 PM,1374.0,2,2748.0,34227327.199999996
2025-08-01 01:19:26 PM,1374.1,0,0.0,34227327.199999996
2025-08-01 01:19:26 PM,1374.1,1,1374.1,34228701.3
2025-08-01 01:19:30 PM,1374.0,0,0.0,34228701.3
2025-08-01 01:19:30 PM,1374.0,66,90684.0,34319385.3
2025-08-01 01:19:35 PM,1373.6,22,30219.199999999997,34349604.5
2025-08-01 01:19:46 PM,1373.3,2,2746.6,34352351.1
2025-08-01 01:19:57 PM,1373.9,0,0.0,34352351.1
2025-08-01 01:19:59 PM,1373.9,1,1373.9,34353725.0
2025-08-01 01:20:20 PM,1373.3,0,0.0,34353725.0
2025-08-01 01:20:20 PM,1373.3,31,42572.299999999996,34396297.3
2025-08-01 01:20:22 PM,1372.0,0,0.0,34396297.3
2025-08-01 01:20:24 PM,1372.2,0,0.0,34396297.3
2025-08-01 01:20:25 PM,1372.2,472,647678.4,35043975.699999996
2025-08-01 01:20:26 PM,1373.1,0,0.0,35043975.699999996
2025-08-01 01:20:27 PM,1371.3,0,0.0,35043975.699999996
2025-08-01 01:20:28 PM,1372.2,0,0.0,35043975.699999996
2025-08-01 01:20:30 PM,1371.1,0,0.0,35043975.699999996
2025-08-01 01:20:30 PM,1371.0,224,307104.0,35351079.699999996
2025-08-01 01:20:32 PM,1372.2,0,0.0,35351079.699999996
2025-08-01 01:20:35 PM,1371.9,0,0.0,35351079.699999996
2025-08-01 01:20:35 PM,1371.9,93,127586.70000000001,35478666.4
2025-08-01 01:20:40 PM,1371.1,11,15082.099999999999,35493748.5
2025-08-01 01:20:51 PM,1371.0,75,102825.0,35596573.5
2025-08-01 01:20:55 PM,1371.0,13,17823.0,35614396.5
2025-08-01 01:21:10 PM,1371.0,1,1371.0,35615767.5
2025-08-01 01:22:02 PM,1371.9,0,0.0,35615767.5
2025-08-01 01:22:04 PM,1371.9,6,8231.400000000001,35623998.9
2025-08-01 01:22:08 PM,1371.1,0,0.0,35623998.9
2025-08-01 01:22:09 PM,1371.1,1,1371.1,35625370.0
2025-08-01 01:22:36 PM,1371.9,2,2743.8,35628113.8
2025-08-01 01:22:38 PM,1371.1,0,0.0,35628113.8
2025-08-01 01:22:40 PM,1371.1,1,1371.1,35629484.9
2025-08-01 01:23:01 PM,1372.0,0,0.0,35629484.9
2025-08-01 01:23:03 PM,1372.0,20,27440.0,35656924.9
2025-08-01 01:23:08 PM,1371.3,7,9599.1,35666524.0
2025-08-01 01:23:10 PM,1371.2,0,0.0,35666524.0
2025-08-01 01:23:12 PM,1371.2,30,41136.0,35707660.0
2025-08-01 01:23:22 PM,1371.2,6,8227.2,35715887.2
2025-08-01 01:23:32 PM,1371.2,210,287952.0,36003839.2
2025-08-01 01:23:38 PM,1371.1,0,0.0,36003839.2
2025-08-01 01:23:42 PM,1371.1,37,50730.7,36054569.900000006
2025-08-01 01:24:51 PM,1372.0,0,0.0,36054569.900000006
2025-08-01 01:24:53 PM,1372.0,15,20580.0,36075149.900000006
2025-08-01 01:24:59 PM,1371.1,0,0.0,36075149.900000006
2025-08-01 01:25:03 PM,1371.1,2,2742.2,36077892.10000001
2025-08-01 01:26:02 PM,1372.2,0,0.0,36077892.10000001
2025-08-01 01:26:02 PM,1372.2,50,68610.0,36146502.10000001
2025-08-01 01:26:03 PM,1371.1,0,0.0,36146502.10000001
2025-08-01 01:26:07 PM,1371.1,4,5484.4,36151986.50000001
2025-08-01 01:26:12 PM,1372.1,0,0.0,36151986.50000001
2025-08-01 01:26:12 PM,1372.1,6,8232.599999999999,36160219.10000001
2025-08-01 01:26:21 PM,1371.2,0,0.0,36160219.10000001
2025-08-01 01:26:23 PM,1371.2,1,1371.2,36161590.30000001
2025-08-01 01:26:57 PM,1372.4,0,0.0,36161590.30000001
2025-08-01 01:26:57 PM,1372.4,6,8234.400000000001,36169824.70000001
2025-08-01 01:27:07 PM,1372.9,0,0.0,36169824.70000001
2025-08-01 01:27:07 PM,1372.9,2,2745.8,36172570.50000001
2025-08-01 01:27:41 PM,1372.9,8,10983.2,36183553.70000001
2025-08-01 01:27:46 PM,1372.2,0,0.0,36183553.70000001
2025-08-01 01:27:46 PM,1372.2,2,2744.4,36186298.10000001
2025-08-01 01:28:18 PM,1371.0,0,0.0,36186298.10000001
2025-08-01 01:28:20 PM,1371.0,221,302991.0,36489289.10000001
2025-08-01 01:28:24 PM,1370.0,0,0.0,36489289.10000001
2025-08-01 01:28:25 PM,1370.0,102,139740.0,36629029.10000001
2025-08-01 01:28:26 PM,1368.0,0,0.0,36629029.10000001
2025-08-01 01:28:28 PM,1367.2,0,0.0,36629029.10000001
2025-08-01 01:28:29 PM,1368.3,0,0.0,36629029.10000001
2025-08-01 01:28:29 PM,1368.3,235,321550.5,36950579.60000001
2025-08-01 01:28:30 PM,1370.2,0,0.0,36950579.60000001
2025-08-01 01:28:32 PM,1370.0,0,0.0,36950579.60000001
2025-08-01 01:28:34 PM,1370.0,37,50690.0,37001269.60000001
2025-08-01 01:28:36 PM,1371.4,0,0.0,37001269.60000001
2025-08-01 01:28:38 PM,1370.5,0,0.0,37001269.60000001
2025-08-01 01:28:39 PM,1370.5,12,16446.0,37017715.60000001
2025-08-01 01:28:42 PM,1371.5,0,0.0,37017715.60000001
2025-08-01 01:28:44 PM,1371.5,28,38402.0,37056117.60000001
2025-08-01 01:28:52 PM,1370.8,0,0.0,37056117.60000001
2025-08-01 01:28:53 PM,1370.8,3,4112.4,37060230.00000001
2025-08-01 01:29:16 PM,1371.4,0,0.0,37060230.00000001
2025-08-01 01:29:17 PM,1371.4,14,19199.600000000002,37079429.60000001
2025-08-01 01:29:22 PM,1371.4,4,5485.6,37084915.20000001
2025-08-01 01:29:37 PM,1371.1,0,0.0,37084915.20000001
2025-08-01 01:29:41 PM,1371.1,14,19195.399999999998,37104110.60000001
2025-08-01 01:29:54 PM,1371.1,2,2742.2,37106852.80000001
2025-08-01 01:30:24 PM,1371.5,0,0.0,37106852.80000001
2025-08-01 01:30:25 PM,1371.5,2,2743.0,37109595.80000001
2025-08-01 01:30:48 PM,1372.9,0,0.0,37109595.80000001
2025-08-01 01:30:48 PM,1372.9,200,274580.0,37384175.80000001
2025-08-01 01:30:53 PM,1371.1,43,58957.299999999996,37443133.10000001
2025-08-01 01:30:56 PM,1372.2,0,0.0,37443133.10000001
2025-08-01 01:30:58 PM,1371.4,43,58970.200000000004,37502103.30000001
2025-08-01 01:31:00 PM,1371.1,0,0.0,37502103.30000001
2025-08-01 01:31:03 PM,1371.1,6,8226.599999999999,37510329.90000001
2025-08-01 01:31:22 PM,1371.0,0,0.0,37510329.90000001
2025-08-01 01:31:25 PM,1371.0,30,41130.0,37551459.90000001
2025-08-01 01:31:30 PM,1371.0,5,6855.0,37558314.90000001
2025-08-01 01:32:05 PM,1371.4,0,0.0,37558314.90000001
2025-08-01 01:32:09 PM,1371.4,1,1371.4,37559686.30000001
2025-08-01 01:32:48 PM,1371.7,1,1371.7,37561058.000000015
2025-08-01 01:33:01 PM,1366.4,0,0.0,37561058.000000015
2025-08-01 01:33:02 PM,1367.2,0,0.0,37561058.000000015
2025-08-01 01:33:02 PM,1367.2,301,411527.2,37972585.20000002
2025-08-01 01:33:04 PM,1367.1,0,0.0,37972585.20000002
2025-08-01 01:33:06 PM,1365.7,0,0.0,37972585.20000002
2025-08-01 01:33:07 PM,1365.7,19,25948.3,37998533.500000015
2025-08-01 01:33:09 PM,1365.8,0,0.0,37998533.500000015
2025-08-01 01:33:12 PM,1365.8,29,39608.2,38038141.70000002
2025-08-01 01:33:16 PM,1365.5,0,0.0,38038141.70000002
2025-08-01 01:33:17 PM,1365.5,44,60082.0,38098223.70000002
2025-08-01 01:33:22 PM,1365.1,21,28667.1,38126890.80000002
2025-08-01 01:33:27 PM,1365.1,7,9555.699999999999,38136446.50000002
2025-08-01 01:33:30 PM,1365.5,0,0.0,38136446.50000002
2025-08-01 01:33:32 PM,1365.5,71,96950.5,38233397.00000002
2025-08-01 01:33:34 PM,1367.6,0,0.0,38233397.00000002
2025-08-01 01:33:36 PM,1367.6,58,79320.79999999999,38312717.80000002
2025-08-01 01:33:46 PM,1367.2,23,31445.600000000002,38344163.40000002
2025-08-01 01:33:51 PM,1366.7,30,41001.0,38385164.40000002
2025-08-01 01:34:02 PM,1366.7,26,35534.200000000004,38420698.600000024
2025-08-01 01:34:06 PM,1366.5,0,0.0,38420698.600000024
2025-08-01 01:34:07 PM,1366.5,19,25963.5,38446662.100000024
2025-08-01 01:34:11 PM,1365.5,8,10924.0,38457586.100000024
2025-08-01 01:34:16 PM,1365.4,54,73731.6,38531317.700000025
2025-08-01 01:34:25 PM,1365.5,10,13655.0,38544972.700000025
2025-08-01 01:34:28 PM,1367.6,0,0.0,38544972.700000025
2025-08-01 01:34:29 PM,1367.6,81,110775.59999999999,38655748.30000003
2025-08-01 01:34:46 PM,1368.5,0,0.0,38655748.30000003
2025-08-01 01:34:47 PM,1369.9,0,0.0,38655748.30000003
2025-08-01 01:34:47 PM,1369.9,288,394531.2,39050279.50000003
2025-08-01 01:34:50 PM,1369.6,0,0.0,39050279.50000003
2025-08-01 01:34:53 PM,1369.6,41,56153.6,39106433.10000003
2025-08-01 01:35:01 PM,1367.5,0,0.0,39106433.10000003
2025-08-01 01:35:02 PM,1367.5,123,168202.5,39274635.60000003
2025-08-01 01:35:06 PM,1367.3,0,0.0,39274635.60000003
2025-08-01 01:35:07 PM,1367.3,1,1367.3,39276002.90000003
2025-08-01 01:35:12 PM,1367.0,30,41010.0,39317012.90000003
2025-08-01 01:35:16 PM,1365.6,0,0.0,39317012.90000003
2025-08-01 01:35:17 PM,1365.6,67,91495.2,39408508.10000003
2025-08-01 01:35:26 PM,1366.6,19,25965.399999999998,39434473.50000003
2025-08-01 01:35:26 PM,1367.3,0,0.0,39434473.50000003
2025-08-01 01:35:27 PM,1367.3,50,68365.0,39502838.50000003
2025-08-01 01:35:31 PM,1365.7,10,13657.0,39516495.50000003
2025-08-01 01:35:47 PM,1365.5,61,83295.5,39599791.00000003
2025-08-01 01:36:01 PM,1365.6,60,81936.0,39681727.00000003
2025-08-01 01:36:16 PM,1365.9,0,0.0,39681727.00000003
2025-08-01 01:36:20 PM,1365.9,31,42342.9,39724069.90000003
2025-08-01 01:36:21 PM,1366.1,5,6830.5,39730900.40000003
2025-08-01 01:36:21 PM,1365.8,0,0.0,39730900.40000003
2025-08-01 01:36:25 PM,1365.8,18,24584.399999999998,39755484.80000003
2025-08-01 01:36:25 PM,1365.6,8,10924.8,39766409.600000024
2025-08-01 01:36:26 PM,1365.5,0,0.0,39766409.600000024
2025-08-01 01:36:30 PM,1365.5,6,8193.0,39774602.600000024
2025-08-01 01:36:35 PM,1365.5,53,72371.5,39846974.100000024
2025-08-01 01:36:46 PM,1365.8,0,0.0,39846974.100000024
2025-08-01 01:36:49 PM,1365.8,54,73753.2,39920727.30000003
2025-08-01 01:37:01 PM,1365.1,0,0.0,39920727.30000003
2025-08-01 01:37:03 PM,1365.1,1028,1403322.7999999998,41324050.100000024
2025-08-01 01:37:06 PM,1366.9,0,0.0,41324050.100000024
2025-08-01 01:37:08 PM,1368.8,0,0.0,41324050.100000024
2025-08-01 01:37:09 PM,1368.8,77,105397.59999999999,41429447.700000025
2025-08-01 01:37:13 PM,1368.6,1,1368.6,41430816.30000003
2025-08-01 01:37:18 PM,1369.9,5,6849.5,41437665.80000003
2025-08-01 01:37:19 PM,1374.9,0,0.0,41437665.80000003
2025-08-01 01:37:20 PM,1375.9,0,0.0,41437665.80000003
2025-08-01 01:37:22 PM,1376.7,0,0.0,41437665.80000003
2025-08-01 01:37:23 PM,1376.7,420,578214.0,42015879.80000003
2025-08-01 01:37:25 PM,1380.5,0,0.0,42015879.80000003
2025-08-01 01:37:26 PM,1377.4,0,0.0,42015879.80000003
2025-08-01 01:37:28 PM,1375.2,496,682099.2000000001,42697979.00000003
2025-08-01 01:37:29 PM,1373.5,0,0.0,42697979.00000003
2025-08-01 01:37:29 PM,1373.5,30,41205.0,42739184.00000003
2025-08-01 01:37:30 PM,1373.2,0,0.0,42739184.00000003
2025-08-01 01:37:32 PM,1374.2,0,0.0,42739184.00000003
2025-08-01 01:37:33 PM,1374.2,266,365537.2,43104721.20000003
2025-08-01 01:37:37 PM,1374.2,100,137420.0,43242141.20000003
2025-08-01 01:37:38 PM,1373.9,0,0.0,43242141.20000003
2025-08-01 01:37:38 PM,1373.9,27,37095.3,43279236.50000003
2025-08-01 01:37:43 PM,1373.9,94,129146.6,43408383.10000003
2025-08-01 01:37:46 PM,1375.5,0,0.0,43408383.10000003
2025-08-01 01:37:48 PM,1375.5,140,192570.0,43600953.10000003
2025-08-01 01:37:50 PM,1375.1,0,0.0,43600953.10000003
2025-08-01 01:37:52 PM,1375.1,24,33002.399999999994,43633955.50000003
2025-08-01 01:37:58 PM,1376.3,0,0.0,43633955.50000003
2025-08-01 01:37:59 PM,1376.3,2,2752.6,43636708.10000003
2025-08-01 01:38:24 PM,1375.1,0,0.0,43636708.10000003
2025-08-01 01:38:24 PM,1375.1,10,13751.0,43650459.10000003
2025-08-01 01:38:28 PM,1375.1,1,1375.1,43651834.20000003
2025-08-01 01:38:37 PM,1375.1,32,44003.2,43695837.400000036
2025-08-01 01:38:38 PM,1375.1,12,16501.199999999997,43712338.60000004
2025-08-01 01:38:38 PM,1374.7,6,8248.2,43720586.80000004
2025-08-01 01:38:41 PM,1374.7,2,2749.4,43723336.20000004
2025-08-01 01:38:56 PM,1375.8,0,0.0,43723336.20000004
2025-08-01 01:38:57 PM,1375.8,165,227007.0,43950343.20000004
2025-08-01 01:38:58 PM,1374.7,0,0.0,43950343.20000004
2025-08-01 01:38:59 PM,1374.7,21,28868.7,43979211.90000004
2025-08-01 01:39:01 PM,1379.0,0,0.0,43979211.90000004
2025-08-01 01:39:03 PM,1377.9,0,0.0,43979211.90000004
2025-08-01 01:39:03 PM,1377.9,424,584229.6000000001,44563441.500000045
2025-08-01 01:39:05 PM,1379.0,0,0.0,44563441.500000045
2025-08-01 01:39:08 PM,1378.3,143,197096.9,44760538.40000004
2025-08-01 01:39:13 PM,1378.5,0,0.0,44760538.40000004
2025-08-01 01:39:14 PM,1378.5,44,60654.0,44821192.40000004
2025-08-01 01:39:15 PM,1379.7,0,0.0,44821192.40000004
2025-08-01 01:39:19 PM,1379.7,83,114515.1,44935707.500000045
2025-08-01 01:39:22 PM,1378.7,0,0.0,44935707.500000045
2025-08-01 01:39:23 PM,1378.6,0,0.0,44935707.500000045
2025-08-01 01:39:24 PM,1378.6,18,24814.8,44960522.30000004
2025-08-01 01:39:29 PM,1377.6,0,0.0,44960522.30000004
2025-08-01 01:39:29 PM,1377.0,222,305694.0,45266216.30000004
2025-08-01 01:39:34 PM,1377.0,39,53703.0,45319919.30000004
2025-08-01 01:39:49 PM,1377.0,10,13770.0,45333689.30000004
2025-08-01 01:39:59 PM,1377.0,2,2754.0,45336443.30000004
2025-08-01 01:40:05 PM,1377.0,40,55080.0,45391523.30000004
2025-08-01 01:40:06 PM,1377.0,809,1113993.0,46505516.30000004
2025-08-01 01:40:09 PM,1378.1,0,0.0,46505516.30000004
2025-08-01 01:40:10 PM,1378.1,241,332122.1,46837638.40000004
2025-08-01 01:40:13 PM,1378.9,0,0.0,46837638.40000004
2025-08-01 01:40:15 PM,1383.6,0,0.0,46837638.40000004
2025-08-01 01:40:15 PM,1383.6,342,473191.19999999995,47310829.600000046
2025-08-01 01:40:17 PM,1385.3,0,0.0,47310829.600000046
2025-08-01 01:40:18 PM,1386.9,0,0.0,47310829.600000046
2025-08-01 01:40:18 PM,1388.0,0,0.0,47310829.600000046
2025-08-01 01:40:20 PM,1387.3,0,0.0,47310829.600000046
2025-08-01 01:40:20 PM,1387.3,107,148441.1,47459270.70000005
2025-08-01 01:40:21 PM,1387.3,5,6936.5,47466207.20000005
2025-08-01 01:40:22 PM,1386.5,0,0.0,47466207.20000005
2025-08-01 01:40:23 PM,1385.5,0,0.0,47466207.20000005
2025-08-01 01:40:25 PM,1385.5,290,401795.0,47868002.20000005
2025-08-01 01:40:30 PM,1383.8,134,185429.19999999998,48053431.40000005
2025-08-01 01:40:32 PM,1383.4,0,0.0,48053431.40000005
2025-08-01 01:40:35 PM,1381.6,109,150594.4,48204025.80000005
2025-08-01 01:40:39 PM,1382.2,0,0.0,48204025.80000005
2025-08-01 01:40:40 PM,1381.6,34,46974.399999999994,48251000.20000005
2025-08-01 01:40:45 PM,1381.5,0,0.0,48251000.20000005
2025-08-01 01:40:45 PM,1381.5,5,6907.5,48257907.70000005
2025-08-01 01:41:11 PM,1384.2,899,1244395.8,49502303.500000045
2025-08-01 01:41:12 PM,1385.5,0,0.0,49502303.500000045
2025-08-01 01:41:14 PM,1385.9,0,0.0,49502303.500000045
2025-08-01 01:41:15 PM,1385.2,324,448804.8,49951108.30000004
2025-08-01 01:41:16 PM,1384.0,12,16608.0,49967716.30000004
2025-08-01 01:41:18 PM,1387.8,0,0.0,49967716.30000004
2025-08-01 01:41:20 PM,1384.7,0,0.0,49967716.30000004
2025-08-01 01:41:20 PM,1384.7,542,750507.4,50718223.70000004
2025-08-01 01:41:20 PM,1383.4,0,0.0,50718223.70000004
2025-08-01 01:41:21 PM,1383.4,128,177075.2,50895298.90000004
2025-08-01 01:41:22 PM,1383.2,0,0.0,50895298.90000004
2025-08-01 01:41:22 PM,1384.8,0,0.0,50895298.90000004
2025-08-01 01:41:24 PM,1384.0,0,0.0,50895298.90000004
2025-08-01 01:41:24 PM,1382.3,0,0.0,50895298.90000004
2025-08-01 01:41:25 PM,1382.3,308,425748.39999999997,51321047.30000004
2025-08-01 01:41:28 PM,1382.7,0,0.0,51321047.30000004
2025-08-01 01:41:29 PM,1382.2,155,214241.0,51535288.30000004
2025-08-01 01:41:32 PM,1380.7,0,0.0,51535288.30000004
2025-08-01 01:41:34 PM,1380.7,2,2761.4,51538049.70000004
2025-08-01 01:41:39 PM,1380.5,0,0.0,51538049.70000004
2025-08-01 01:41:40 PM,1380.5,4,5522.0,51543571.70000004
2025-08-01 01:45:22 PM,1381.8,0,0.0,51543571.70000004
2025-08-01 01:45:22 PM,1381.8,5,6909.0,51550480.70000004
2025-08-01 01:45:23 PM,1381.2,0,0.0,51550480.70000004
2025-08-01 01:45:27 PM,1381.2,1,1381.2,51551861.90000004
2025-08-01 01:45:32 PM,1381.2,1,1381.2,51553243.100000046
2025-08-01 01:46:06 PM,1381.2,42,58010.4,51611253.500000045
2025-08-01 01:46:11 PM,1381.2,22,30386.4,51641639.90000004
2025-08-01 01:46:16 PM,1381.2,2,2762.4,51644402.30000004
2025-08-01 01:46:53 PM,1381.2,1,1381.2,51645783.500000045
2025-08-01 01:47:12 PM,1381.3,0,0.0,51645783.500000045
2025-08-01 01:47:12 PM,1381.3,1,1381.3,51647164.80000004
2025-08-01 01:47:22 PM,1381.2,0,0.0,51647164.80000004
2025-08-01 01:47:23 PM,1381.2,1,1381.2,51648546.000000045
2025-08-01 01:47:32 PM,1381.3,13,17956.899999999998,51666502.90000004
2025-08-01 01:47:37 PM,1381.2,0,0.0,51666502.90000004
2025-08-01 01:47:37 PM,1381.2,2,2762.4,51669265.30000004
2025-08-01 01:48:31 PM,1381.3,0,0.0,51669265.30000004
2025-08-01 01:48:32 PM,1381.3,4,5525.2,51674790.500000045
2025-08-01 01:48:35 PM,1381.2,0,0.0,51674790.500000045
2025-08-01 01:48:37 PM,1381.2,1,1381.2,51676171.70000005
2025-08-01 01:49:15 PM,1381.3,5,6906.5,51683078.20000005
2025-08-01 01:49:44 PM,1381.3,2,2762.6,51685840.80000005
2025-08-01 01:49:49 PM,1381.3,1,1381.3,51687222.100000046
2025-08-01 01:50:03 PM,1381.3,5,6906.5,51694128.600000046
2025-08-01 01:50:12 PM,1381.2,0,0.0,51694128.600000046
2025-08-01 01:50:13 PM,1381.2,78,107733.6,51801862.20000005
2025-08-01 01:50:26 PM,1381.3,0,0.0,51801862.20000005
2025-08-01 01:50:28 PM,1381.3,18,24863.399999999998,51826725.600000046
2025-08-01 01:50:32 PM,1381.2,0,0.0,51826725.600000046
2025-08-01 01:50:33 PM,1381.2,1,1381.2,51828106.80000005
2025-08-01 01:50:38 PM,1381.2,9,12430.800000000001,51840537.600000046
2025-08-01 01:50:42 PM,1380.9,0,0.0,51840537.600000046
2025-08-01 01:50:43 PM,1380.9,2,2761.8,51843299.40000004
2025-08-01 01:51:45 PM,1380.0,0,0.0,51843299.40000004
2025-08-01 01:51:46 PM,1380.0,103,142140.0,51985439.40000004
2025-08-01 01:51:50 PM,1378.1,0,0.0,51985439.40000004
2025-08-01 01:51:51 PM,1378.1,10,13781.0,51999220.40000004
2025-08-01 01:51:52 PM,1376.9,0,0.0,51999220.40000004
2025-08-01 01:51:54 PM,1377.6,0,0.0,51999220.40000004
2025-08-01 01:51:55 PM,1377.9,0,0.0,51999220.40000004
2025-08-01 01:51:56 PM,1377.9,45,62005.50000000001,52061225.90000004
2025-08-01 01:51:57 PM,1378.6,0,0.0,52061225.90000004
2025-08-01 01:51:58 PM,1377.9,0,0.0,52061225.90000004
2025-08-01 01:52:01 PM,1377.9,39,53738.100000000006,52114964.000000045
2025-08-01 01:52:07 PM,1377.4,0,0.0,52114964.000000045
2025-08-01 01:52:11 PM,1377.4,7,9641.800000000001,52124605.80000004
2025-08-01 01:53:45 PM,1378.3,0,0.0,52124605.80000004
2025-08-01 01:53:46 PM,1378.3,1,1378.3,52125984.10000004
2025-08-01 01:55:01 PM,1377.3,0,0.0,52125984.10000004
2025-08-01 01:55:03 PM,1377.3,1,1377.3,52127361.400000036
2025-08-01 01:56:01 PM,1378.2,0,0.0,52127361.400000036
2025-08-01 01:56:03 PM,1378.2,5,6891.0,52134252.400000036
2025-08-01 01:56:07 PM,1377.4,0,0.0,52134252.400000036
2025-08-01 01:56:08 PM,1377.4,1,1377.4,52135629.800000034
2025-08-01 01:56:09 PM,1377.3,0,0.0,52135629.800000034
2025-08-01 01:56:13 PM,1377.3,10,13773.0,52149402.800000034
2025-08-01 01:56:23 PM,1377.3,2,2754.6,52152157.400000036
2025-08-01 01:57:47 PM,1377.3,10,13773.0,52165930.400000036
2025-08-01 01:57:51 PM,1377.3,2,2754.6,52168685.00000004
2025-08-01 01:58:16 PM,1377.3,1,1377.3,52170062.300000034
2025-08-01 01:58:21 PM,1377.3,6,8263.8,52178326.10000003
2025-08-01 01:58:23 PM,1377.0,0,0.0,52178326.10000003
2025-08-01 01:58:26 PM,1377.0,1,1377.0,52179703.10000003
2025-08-01 01:59:17 PM,1377.1,0,0.0,52179703.10000003
2025-08-01 01:59:17 PM,1377.1,31,42690.1,52222393.20000003
2025-08-01 01:59:21 PM,1377.0,0,0.0,52222393.20000003
2025-08-01 01:59:22 PM,1377.0,5,6885.0,52229278.20000003
2025-08-01 01:59:31 PM,1377.1,0,0.0,52229278.20000003
2025-08-01 01:59:32 PM,1377.1,3,4131.299999999999,52233409.50000003
2025-08-01 01:59:37 PM,1377.0,0,0.0,52233409.50000003
2025-08-01 01:59:37 PM,1377.0,1,1377.0,52234786.50000003
2025-08-01 02:00:41 PM,1377.0,54,74358.0,52309144.50000003
2025-08-01 02:00:44 PM,1376.5,0,0.0,52309144.50000003
2025-08-01 02:00:46 PM,1376.5,9,12388.5,52321533.00000003
2025-08-01 02:01:16 PM,1376.5,7,9635.5,52331168.50000003
2025-08-01 02:01:25 PM,1376.5,2,2753.0,52333921.50000003
2025-08-01 02:01:40 PM,1375.1,0,0.0,52333921.50000003
2025-08-01 02:01:44 PM,1375.1,58,79755.79999999999,52413677.30000003
2025-08-01 02:01:49 PM,1375.0,0,0.0,52413677.30000003
2025-08-01 02:01:49 PM,1375.0,10,13750.0,52427427.30000003
2025-08-01 02:02:04 PM,1375.0,19,26125.0,52453552.30000003
2025-08-01 02:02:08 PM,1374.7,0,0.0,52453552.30000003
2025-08-01 02:02:09 PM,1374.7,17,23369.9,52476922.200000025
2025-08-01 02:02:11 PM,1374.9,0,0.0,52476922.200000025
2025-08-01 02:02:12 PM,1374.5,0,0.0,52476922.200000025
2025-08-01 02:02:14 PM,1374.5,173,237788.5,52714710.700000025
2025-08-01 02:02:25 PM,1374.8,0,0.0,52714710.700000025
2025-08-01 02:02:28 PM,1374.8,28,38494.4,52753205.100000024
2025-08-01 02:02:38 PM,1374.8,2,2749.6,52755954.700000025
2025-08-01 02:02:53 PM,1373.6,135,185436.0,52941390.700000025
2025-08-01 02:02:58 PM,1373.6,24,32966.399999999994,52974357.100000024
2025-08-01 02:03:43 PM,1373.4,0,0.0,52974357.100000024
2025-08-01 02:03:44 PM,1373.4,9,12360.6,52986717.700000025
2025-08-01 02:03:49 PM,1373.4,1,1373.4,52988091.100000024
2025-08-01 02:04:19 PM,1373.4,12,16480.800000000003,53004571.90000002
2025-08-01 02:04:29 PM,1373.4,2,2746.8,53007318.70000002
2025-08-01 02:05:30 PM,1374.9,6,8249.400000000001,53015568.10000002
2025-08-01 02:05:32 PM,1374.4,0,0.0,53015568.10000002
2025-08-01 02:05:35 PM,1374.4,1,1374.4,53016942.500000015
2025-08-01 02:05:53 PM,1374.0,0,0.0,53016942.500000015
2025-08-01 02:05:55 PM,1374.0,11,15114.0,53032056.500000015
2025-08-01 02:05:56 PM,1373.7,0,0.0,53032056.500000015
2025-08-01 02:05:59 PM,1373.7,1,1373.7,53033430.20000002
2025-08-01 02:06:41 PM,1374.0,33,45342.0,53078772.20000002
2025-08-01 02:06:51 PM,1374.0,6,8244.0,53087016.20000002
2025-08-01 02:08:13 PM,1374.0,1,1374.0,53088390.20000002
2025-08-01 02:08:23 PM,1373.3,0,0.0,53088390.20000002
2025-08-01 02:08:23 PM,1373.3,83,113983.9,53202374.10000002
2025-08-01 02:08:33 PM,1373.3,15,20599.5,53222973.60000002
2025-08-01 02:08:36 PM,1373.2,0,0.0,53222973.60000002
2025-08-01 02:08:38 PM,1373.2,5,6866.0,53229839.60000002
2025-08-01 02:08:51 PM,1372.4,0,0.0,53229839.60000002
2025-08-01 02:08:54 PM,1372.4,1,1372.4,53231212.000000015
2025-08-01 02:09:25 PM,1372.4,4,5489.6,53236701.60000002
2025-08-01 02:10:09 PM,1372.4,16,21958.4,53258660.000000015
2025-08-01 02:10:14 PM,1372.4,3,4117.200000000001,53262777.20000002
2025-08-01 02:10:25 PM,1372.5,0,0.0,53262777.20000002
2025-08-01 02:10:29 PM,1372.5,6,8235.0,53271012.20000002
2025-08-01 02:10:41 PM,1372.4,0,0.0,53271012.20000002
2025-08-01 02:10:44 PM,1372.4,1,1372.4,53272384.60000002
2025-08-01 02:10:52 PM,1370.0,0,0.0,53272384.60000002
2025-08-01 02:10:55 PM,1370.0,351,480870.0,53753254.60000002
2025-08-01 02:11:00 PM,1370.6,0,0.0,53753254.60000002
2025-08-01 02:11:01 PM,1370.0,0,0.0,53753254.60000002
2025-08-01 02:11:05 PM,1369.2,0,0.0,53753254.60000002
2025-08-01 02:11:05 PM,1369.2,1826,2500159.2,56253413.80000002
2025-08-01 02:11:07 PM,1370.6,0,0.0,56253413.80000002
2025-08-01 02:11:08 PM,1369.7,0,0.0,56253413.80000002
2025-08-01 02:11:10 PM,1371.3,0,0.0,56253413.80000002
2025-08-01 02:11:11 PM,1369.9,0,0.0,56253413.80000002
2025-08-01 02:11:11 PM,1369.9,197,269870.30000000005,56523284.10000002
2025-08-01 02:11:13 PM,1371.0,0,0.0,56523284.10000002
2025-08-01 02:11:16 PM,1372.0,0,0.0,56523284.10000002
2025-08-01 02:11:16 PM,1372.0,197,270284.0,56793568.10000002
2025-08-01 02:11:16 PM,1369.3,80,109544.0,56903112.10000002
2025-08-01 02:11:19 PM,1371.9,0,0.0,56903112.10000002
2025-08-01 02:11:20 PM,1372.8,0,0.0,56903112.10000002
2025-08-01 02:11:21 PM,1372.4,0,0.0,56903112.10000002
2025-08-01 02:11:21 PM,1371.1,248,340032.8,57243144.90000001
2025-08-01 02:11:23 PM,1372.8,0,0.0,57243144.90000001
2025-08-01 02:11:24 PM,1373.6,0,0.0,57243144.90000001
2025-08-01 02:11:24 PM,1373.0,0,0.0,57243144.90000001
2025-08-01 02:11:26 PM,1372.9,0,0.0,57243144.90000001
2025-08-01 02:11:27 PM,1372.9,322,442073.80000000005,57685218.70000001
2025-08-01 02:11:28 PM,1371.8,0,0.0,57685218.70000001
2025-08-01 02:11:32 PM,1371.8,51,69961.8,57755180.50000001
2025-08-01 02:12:18 PM,1372.1,80,109768.0,57864948.50000001
2025-08-01 02:12:27 PM,1372.1,14,19209.399999999998,57884157.900000006
2025-08-01 02:13:54 PM,1372.2,0,0.0,57884157.900000006
2025-08-01 02:13:56 PM,1372.2,5,6861.0,57891018.900000006
2025-08-01 02:14:03 PM,1372.1,0,0.0,57891018.900000006
2025-08-01 02:14:03 PM,1372.1,1,1372.1,57892391.00000001
2025-08-01 02:14:12 PM,1372.1,96,131721.59999999998,58024112.60000001
2025-08-01 02:14:17 PM,1371.6,0,0.0,58024112.60000001
2025-08-01 02:14:17 PM,1371.6,17,23317.199999999997,58047429.80000001
2025-08-01 02:14:47 PM,1371.9,0,0.0,58047429.80000001
2025-08-01 02:14:48 PM,1371.9,5,6859.5,58054289.30000001
2025-08-01 02:14:57 PM,1371.6,0,0.0,58054289.30000001
2025-08-01 02:14:58 PM,1371.6,1,1371.6,58055660.90000001
2025-08-01 02:15:22 PM,1371.6,42,57607.2,58113268.10000002
2025-08-01 02:15:29 PM,1371.6,7,9601.199999999999,58122869.30000002
2025-08-01 02:15:34 PM,1371.9,4,5487.6,58128356.90000002
2025-08-01 02:15:41 PM,1371.6,0,0.0,58128356.90000002
2025-08-01 02:15:42 PM,1371.6,1,1371.6,58129728.50000002
2025-08-01 02:16:00 PM,1371.6,1,1371.6,58131100.100000024
2025-08-01 02:16:19 PM,1371.6,25,34290.0,58165390.100000024
2025-08-01 02:16:25 PM,1371.6,4,5486.4,58170876.50000002
2025-08-01 02:17:44 PM,1371.6,40,54864.0,58225740.50000002
2025-08-01 02:17:50 PM,1371.6,8,10972.8,58236713.30000002
2025-08-01 02:18:20 PM,1366.1,290,396169.0,58632882.30000002
2025-08-01 02:18:21 PM,1367.2,0,0.0,58632882.30000002
2025-08-01 02:18:21 PM,1367.2,6,8203.2,58641085.50000002
2025-08-01 02:18:23 PM,1366.3,0,0.0,58641085.50000002
2025-08-01 02:18:25 PM,1366.3,34,46454.2,58687539.700000025
2025-08-01 02:18:35 PM,1367.8,0,0.0,58687539.700000025
2025-08-01 02:18:36 PM,1367.8,17,23252.6,58710792.30000003
2025-08-01 02:19:51 PM,1367.5,0,0.0,58710792.30000003
2025-08-01 02:19:54 PM,1368.7,17,23267.9,58734060.200000025
2025-08-01 02:19:59 PM,1367.7,0,0.0,58734060.200000025
2025-08-01 02:19:59 PM,1367.7,19,25986.3,58760046.50000002
2025-08-01 02:20:12 PM,1368.7,0,0.0,58760046.50000002
2025-08-01 02:20:14 PM,1368.7,10,13687.0,58773733.50000002
2025-08-01 02:21:38 PM,1368.6,0,0.0,58773733.50000002
2025-08-01 02:21:41 PM,1368.6,35,47901.0,58821634.50000002
2025-08-01 02:21:47 PM,1368.9,50,68445.0,58890079.50000002
2025-08-01 02:22:14 PM,1368.3,0,0.0,58890079.50000002
2025-08-01 02:22:14 PM,1368.3,38,51995.4,58942074.90000002
2025-08-01 02:22:19 PM,1368.3,12,16419.6,58958494.50000002
2025-08-01 02:22:49 PM,1369.0,0,0.0,58958494.50000002
2025-08-01 02:22:51 PM,1369.0,25,34225.0,58992719.50000002
2025-08-01 02:22:56 PM,1370.0,0,0.0,58992719.50000002
2025-08-01 02:22:56 PM,1370.0,80,109600.0,59102319.50000002
2025-08-01 02:23:51 PM,1369.9,0,0.0,59102319.50000002
2025-08-01 02:23:55 PM,1369.9,6,8219.400000000001,59110538.90000002
2025-08-01 02:24:21 PM,1370.0,0,0.0,59110538.90000002
2025-08-01 02:24:21 PM,1370.0,3,4110.0,59114648.90000002
2025-08-01 02:24:42 PM,1370.0,21,28770.0,59143418.90000002
2025-08-01 02:24:47 PM,1370.0,10,13700.0,59157118.90000002
2025-08-01 02:25:12 PM,1369.1,0,0.0,59157118.90000002
2025-08-01 02:25:14 PM,1369.1,163,223163.3,59380282.20000002
2025-08-01 02:25:45 PM,1368.3,0,0.0,59380282.20000002
2025-08-01 02:25:47 PM,1368.3,45,61573.5,59441855.70000002
2025-08-01 02:26:02 PM,1368.9,5,6844.5,59448700.20000002
2025-08-01 02:26:13 PM,1368.3,0,0.0,59448700.20000002
2025-08-01 02:26:13 PM,1368.3,6,8209.8,59456910.000000015
2025-08-01 02:26:31 PM,1365.1,0,0.0,59456910.000000015
2025-08-01 02:26:34 PM,1365.1,707,965125.7,60422035.70000002
2025-08-01 02:26:36 PM,1367.8,0,0.0,60422035.70000002
2025-08-01 02:26:39 PM,1367.8,36,49240.799999999996,60471276.500000015
2025-08-01 02:26:52 PM,1366.5,0,0.0,60471276.500000015
2025-08-01 02:26:55 PM,1366.5,129,176278.5,60647555.000000015
2025-08-01 02:27:15 PM,1365.1,0,0.0,60647555.000000015
2025-08-01 02:27:17 PM,1365.1,275,375402.5,61022957.500000015
2025-08-01 02:28:08 PM,1365.2,0,0.0,61022957.500000015
2025-08-01 02:28:11 PM,1365.2,1,1365.2,61024322.70000002
2025-08-01 02:28:53 PM,1365.1,0,0.0,61024322.70000002
2025-08-01 02:28:55 PM,1365.1,78,106477.79999999999,61130800.500000015
2025-08-01 02:29:16 PM,1366.6,0,0.0,61130800.500000015
2025-08-01 02:29:18 PM,1366.6,34,46464.399999999994,61177264.90000001
2025-08-01 02:29:26 PM,1365.1,0,0.0,61177264.90000001
2025-08-01 02:29:29 PM,1365.1,70,95557.0,61272821.90000001
2025-08-01 02:29:50 PM,1366.6,19,25965.399999999998,61298787.30000001
2025-08-01 02:29:52 PM,1365.2,24,32764.800000000003,61331552.10000001
2025-08-01 02:30:38 PM,1365.0,0,0.0,61331552.10000001
2025-08-01 02:30:39 PM,1366.6,0,0.0,61331552.10000001
2025-08-01 02:30:40 PM,1366.6,5033,6878097.8,68209649.9
2025-08-01 02:30:41 PM,1368.3,0,0.0,68209649.9
2025-08-01 02:30:41 PM,1368.3,223,305130.89999999997,68514780.80000001
2025-08-01 02:30:44 PM,1368.5,0,0.0,68514780.80000001
2025-08-01 02:30:45 PM,1368.4,120,164208.0,68678988.80000001
2025-08-01 02:30:48 PM,1367.6,0,0.0,68678988.80000001
2025-08-01 02:30:50 PM,1367.6,280,382928.0,69061916.80000001
2025-08-01 02:31:08 PM,1366.5,0,0.0,69061916.80000001
2025-08-01 02:31:08 PM,1366.5,20,27330.0,69089246.80000001
2025-08-01 02:31:11 PM,1368.5,0,0.0,69089246.80000001
2025-08-01 02:31:13 PM,1368.5,50,68425.0,69157671.80000001
2025-08-01 02:31:41 PM,1366.9,0,0.0,69157671.80000001
2025-08-01 02:31:41 PM,1366.9,171,233739.90000000002,69391411.70000002
2025-08-01 02:33:29 PM,1366.2,0,0.0,69391411.70000002
2025-08-01 02:33:31 PM,1366.2,30,40986.0,69432397.70000002
2025-08-01 02:33:50 PM,1366.8,5,6834.0,69439231.70000002
2025-08-01 02:34:29 PM,1366.2,0,0.0,69439231.70000002
2025-08-01 02:34:29 PM,1366.2,5,6831.0,69446062.70000002
2025-08-01 02:34:34 PM,1366.8,2,2733.6,69448796.30000001
2025-08-01 02:34:59 PM,1366.8,1,1366.8,69450163.10000001
2025-08-01 02:35:07 PM,1366.8,1,1366.8,69451529.9
2025-08-01 02:35:09 PM,1366.2,0,0.0,69451529.9
2025-08-01 02:35:10 PM,1366.1,94,128413.4,69579943.30000001
2025-08-01 02:35:15 PM,1365.0,24,32760.0,69612703.30000001
2025-08-01 02:35:22 PM,1365.5,0,0.0,69612703.30000001
2025-08-01 02:35:23 PM,1365.5,4,5462.0,69618165.30000001
2025-08-01 02:35:50 PM,1365.3,1,1365.3,69619530.60000001
2025-08-01 02:35:51 PM,1362.9,0,0.0,69619530.60000001
2025-08-01 02:35:52 PM,1363.0,0,0.0,69619530.60000001
2025-08-01 02:35:52 PM,1363.0,465,633795.0,70253325.60000001
2025-08-01 02:36:09 PM,1363.0,975,1328925.0,71582250.60000001
2025-08-01 02:36:12 PM,1363.0,196,267148.0,71849398.60000001
2025-08-01 02:36:14 PM,1365.4,0,0.0,71849398.60000001
2025-08-01 02:36:15 PM,1365.0,150,204750.0,72054148.60000001
2025-08-01 02:36:16 PM,1365.4,0,0.0,72054148.60000001
2025-08-01 02:36:18 PM,1366.3,142,194014.6,72248163.2
2025-08-01 02:36:20 PM,1365.0,50,68250.0,72316413.2
2025-08-01 02:36:22 PM,1366.6,0,0.0,72316413.2
2025-08-01 02:36:24 PM,1366.6,41,56030.6,72372443.8
2025-08-01 02:36:31 PM,1367.5,0,0.0,72372443.8
2025-08-01 02:36:31 PM,1367.5,194,265295.0,72637738.8
2025-08-01 02:36:37 PM,1368.4,20,27368.0,72665106.8
2025-08-01 02:36:39 PM,1369.4,124,169805.6,72834912.39999999
2025-08-01 02:36:40 PM,1368.4,0,0.0,72834912.39999999
2025-08-01 02:36:42 PM,1368.4,44,60209.600000000006,72895121.99999999
2025-08-01 02:37:37 PM,1368.0,0,0.0,72895121.99999999
2025-08-01 02:37:38 PM,1368.0,209,285912.0,73181033.99999999
2025-08-01 02:37:45 PM,1365.6,10,13656.0,73194689.99999999
2025-08-01 02:38:52 PM,1366.4,1,1366.4,73196056.39999999
2025-08-01 02:39:26 PM,1367.4,6,8204.400000000001,73204260.8
2025-08-01 02:39:54 PM,1369.4,18,24649.2,73228910.0
2025-08-01 02:39:55 PM,1368.7,0,0.0,73228910.0
2025-08-01 02:39:59 PM,1368.7,141,192986.7,73421896.7
2025-08-01 02:40:16 PM,1367.2,0,0.0,73421896.7
2025-08-01 02:40:16 PM,1367.2,314,429300.8,73851197.5
2025-08-01 02:40:38 PM,1366.6,36,49197.6,73900395.1
2025-08-01 02:41:12 PM,1368.5,10,13685.0,73914080.1
2025-08-01 02:41:27 PM,1366.6,0,0.0,73914080.1
2025-08-01 02:41:28 PM,1366.6,8,10932.8,73925012.89999999
2025-08-01 02:42:36 PM,1367.2,0,0.0,73925012.89999999
2025-08-01 02:42:36 PM,1367.2,7,9570.4,73934583.3
2025-08-01 02:42:47 PM,1367.2,113,154493.6,74089076.89999999
2025-08-01 02:42:49 PM,1367.7,0,0.0,74089076.89999999
2025-08-01 02:42:52 PM,1367.7,15,20515.5,74109592.39999999
2025-08-01 02:45:33 PM,1368.0,1,1368.0,74110960.39999999
2025-08-01 02:45:59 PM,1367.2,0,0.0,74110960.39999999
2025-08-01 02:46:00 PM,1367.2,3,4101.6,74115061.99999999
2025-08-01 02:46:51 PM,1367.2,52,71094.40000000001,74186156.39999999
2025-08-01 02:47:02 PM,1367.4,1,1367.4,74187523.8
2025-08-01 02:47:07 PM,1367.3,0,0.0,74187523.8
2025-08-01 02:47:08 PM,1367.3,6,8203.8,74195727.6
2025-08-01 02:47:45 PM,1367.2,0,0.0,74195727.6
2025-08-01 02:47:47 PM,1367.2,5,6836.0,74202563.6
2025-08-01 02:47:48 PM,1367.2,15,20508.0,74223071.6
2025-08-01 02:48:44 PM,1367.2,3,4101.6,74227173.19999999
2025-08-01 02:49:04 PM,1367.3,0,0.0,74227173.19999999
2025-08-01 02:49:07 PM,1367.3,24,32815.2,74259988.39999999
2025-08-01 02:49:23 PM,1365.6,118,161140.8,74421129.19999999
2025-08-01 02:49:25 PM,1367.0,0,0.0,74421129.19999999
2025-08-01 02:49:28 PM,1367.0,4,5468.0,74426597.19999999
2025-08-01 02:49:47 PM,1367.2,0,0.0,74426597.19999999
2025-08-01 02:49:51 PM,1367.3,91,124424.3,74551021.49999999
2025-08-01 02:50:34 PM,1367.5,0,0.0,74551021.49999999
2025-08-01 02:50:35 PM,1367.5,328,448540.0,74999561.49999999
2025-08-01 02:50:46 PM,1367.8,1,1367.8,75000929.29999998
2025-08-01 02:51:14 PM,1367.6,0,0.0,75000929.29999998
2025-08-01 02:51:18 PM,1367.6,1,1367.6,75002296.89999998
2025-08-01 02:51:29 PM,1367.8,0,0.0,75002296.89999998
2025-08-01 02:51:29 PM,1367.8,5,6839.0,75009135.89999998
2025-08-01 02:51:50 PM,1367.5,0,0.0,75009135.89999998
2025-08-01 02:51:50 PM,1367.5,295,403412.5,75412548.39999998
2025-08-01 02:51:54 PM,1366.6,0,0.0,75412548.39999998
2025-08-01 02:51:56 PM,1366.6,10,13666.0,75426214.39999998
2025-08-01 02:52:23 PM,1366.6,56,76529.59999999999,75502743.99999997
2025-08-01 02:53:28 PM,1366.2,0,0.0,75502743.99999997
2025-08-01 02:53:29 PM,1366.2,100,136620.0,75639363.99999997
2025-08-01 02:54:28 PM,1366.2,6,8197.2,75647561.19999997
2025-08-01 02:54:58 PM,1366.2,38,51915.6,75699476.79999997
2025-08-01 02:55:15 PM,1367.3,0,0.0,75699476.79999997
2025-08-01 02:55:15 PM,1367.3,10,13673.0,75713149.79999997
2025-08-01 02:55:19 PM,1366.1,0,0.0,75713149.79999997
2025-08-01 02:55:20 PM,1366.1,14,19125.399999999998,75732275.19999997
2025-08-01 02:56:02 PM,1367.4,0,0.0,75732275.19999997
2025-08-01 02:56:04 PM,1367.4,1,1367.4,75733642.59999998
2025-08-01 02:56:10 PM,1361.0,480,653280.0,76386922.59999998
2025-08-01 02:56:16 PM,1361.0,37,50357.0,76437279.59999998
2025-08-01 02:56:22 PM,1361.0,72,97992.0,76535271.59999998
2025-08-01 02:56:32 PM,1362.5,0,0.0,76535271.59999998
2025-08-01 02:56:33 PM,1362.5,1,1362.5,76536634.09999998
2025-08-01 02:56:43 PM,1364.8,43,58686.4,76595320.49999999
2025-08-01 02:56:48 PM,1363.7,0,0.0,76595320.49999999
2025-08-01 02:56:49 PM,1363.5,286,389961.0,76985281.49999999
2025-08-01 02:56:53 PM,1364.0,0,0.0,76985281.49999999
2025-08-01 02:56:54 PM,1364.0,27,36828.0,77022109.49999999
2025-08-01 02:56:55 PM,1364.5,37,50486.5,77072595.99999999
2025-08-01 02:57:04 PM,1363.3,0,0.0,77072595.99999999
2025-08-01 02:57:06 PM,1363.3,101,137693.3,77210289.29999998
2025-08-01 02:57:08 PM,1364.5,0,0.0,77210289.29999998
2025-08-01 02:57:09 PM,1365.0,0,0.0,77210289.29999998
2025-08-01 02:57:11 PM,1365.0,39,53235.0,77263524.29999998
2025-08-01 02:57:15 PM,1363.0,0,0.0,77263524.29999998
2025-08-01 02:57:17 PM,1363.0,2,2726.0,77266250.29999998
2025-08-01 02:57:33 PM,1364.0,131,178684.0,77444934.29999998
2025-08-01 02:58:02 PM,1363.9,0,0.0,77444934.29999998
2025-08-01 02:58:04 PM,1362.2,0,0.0,77444934.29999998
2025-08-01 02:58:05 PM,1362.2,73,99440.6,77544374.89999998
2025-08-01 02:58:12 PM,1360.9,0,0.0,77544374.89999998
2025-08-01 02:58:13 PM,1360.9,3092,4207902.800000001,81752277.69999997
2025-08-01 02:58:16 PM,1364.1,0,0.0,81752277.69999997
2025-08-01 02:58:18 PM,1367.1,0,0.0,81752277.69999997
2025-08-01 02:58:18 PM,1367.1,352,481219.19999999995,82233496.89999998
2025-08-01 02:58:19 PM,1367.8,18,24620.399999999998,82258117.29999998
2025-08-01 02:58:20 PM,1369.7,0,0.0,82258117.29999998
2025-08-01 02:58:22 PM,1371.1,0,0.0,82258117.29999998
2025-08-01 02:58:24 PM,1370.0,765,1048050.0,83306167.29999998
2025-08-01 02:58:28 PM,1369.2,0,0.0,83306167.29999998
2025-08-01 02:58:30 PM,1369.2,393,538095.6,83844262.89999998
2025-08-01 02:58:34 PM,1369.6,0,0.0,83844262.89999998
2025-08-01 02:58:35 PM,1370.3,70,95921.0,83940183.89999998
2025-08-01 02:58:36 PM,1370.2,0,0.0,83940183.89999998
2025-08-01 02:58:37 PM,1370.2,96,131539.2,84071723.09999998
2025-08-01 02:58:43 PM,1369.8,0,0.0,84071723.09999998
2025-08-01 02:58:46 PM,1369.8,9,12328.199999999999,84084051.29999998
2025-08-01 02:58:50 PM,1368.3,0,0.0,84084051.29999998
2025-08-01 02:58:52 PM,1368.3,465,636259.5,84720310.79999998
2025-08-01 02:58:57 PM,1368.5,33,45160.5,84765471.29999998
2025-08-01 02:59:06 PM,1368.0,0,0.0,84765471.29999998
2025-08-01 02:59:06 PM,1368.0,152,207936.0,84973407.29999998
2025-08-01 02:59:08 PM,1367.9,0,0.0,84973407.29999998
2025-08-01 02:59:09 PM,1367.9,8,10943.2,84984350.49999999
2025-08-01 02:59:10 PM,1368.8,0,0.0,84984350.49999999
2025-08-01 02:59:10 PM,1368.8,6,8212.8,84992563.29999998
2025-08-01 02:59:11 PM,1369.2,26,35599.200000000004,85028162.49999999
2025-08-01 02:59:18 PM,1368.5,0,0.0,85028162.49999999
2025-08-01 02:59:18 PM,1368.5,15,20527.5,85048689.99999999
2025-08-01 02:59:20 PM,1367.9,0,0.0,85048689.99999999
2025-08-01 02:59:20 PM,1367.9,36,49244.4,85097934.39999999
2025-08-01 02:59:56 PM,1367.9,50,68395.0,85166329.39999999
2025-08-01 03:00:01 PM,1367.9,36,49244.4,85215573.8
2025-08-01 03:00:01 PM,1368.7,0,0.0,85215573.8
2025-08-01 03:00:03 PM,1368.9,0,0.0,85215573.8
2025-08-01 03:00:05 PM,1368.9,2,2737.8,85218311.6
2025-08-01 03:00:11 PM,1367.4,60,82044.0,85300355.6
2025-08-01 03:00:19 PM,1366.9,38,51942.200000000004,85352297.8
2025-08-01 03:00:20 PM,1367.1,0,0.0,85352297.8
2025-08-01 03:00:23 PM,1367.1,6,8202.599999999999,85360500.39999999
2025-08-01 03:00:28 PM,1366.7,0,0.0,85360500.39999999
2025-08-01 03:00:29 PM,1366.7,26,35534.200000000004,85396034.6
2025-08-01 03:00:46 PM,1368.9,0,0.0,85396034.6
2025-08-01 03:00:47 PM,1368.9,79,108143.1,85504177.69999999
2025-08-01 03:01:05 PM,1367.6,0,0.0,85504177.69999999
2025-08-01 03:01:07 PM,1367.6,1,1367.6,85505545.29999998
2025-08-01 03:01:11 PM,1368.1,0,0.0,85505545.29999998
2025-08-01 03:01:11 PM,1368.1,20,27362.0,85532907.29999998
2025-08-01 03:01:17 PM,1366.8,0,0.0,85532907.29999998
2025-08-01 03:01:17 PM,1366.8,68,92942.4,85625849.69999999
2025-08-01 03:01:44 PM,1366.4,2,2732.8,85628582.49999999
2025-08-01 03:01:55 PM,1367.3,0,0.0,85628582.49999999
2025-08-01 03:01:56 PM,1367.3,1,1367.3,85629949.79999998
2025-08-01 03:02:01 PM,1366.8,0,0.0,85629949.79999998
2025-08-01 03:02:01 PM,1366.2,0,0.0,85629949.79999998
2025-08-01 03:02:03 PM,1366.2,3,4098.6,85634048.39999998
2025-08-01 03:02:09 PM,1366.0,80,109280.0,85743328.39999998
2025-08-01 03:02:12 PM,1365.1,16,21841.6,85765169.99999997
2025-08-01 03:02:15 PM,1366.2,69,94267.8,85859437.79999997
2025-08-01 03:02:18 PM,1367.1,2,2734.2,85862171.99999997
2025-08-01 03:02:24 PM,1366.1,30,40983.0,85903154.99999997
2025-08-01 03:02:25 PM,1367.5,0,0.0,85903154.99999997
2025-08-01 03:02:27 PM,1367.9,18,24622.2,85927777.19999997
2025-08-01 03:02:54 PM,1367.8,1,1367.8,85929144.99999997
2025-08-01 03:03:02 PM,1367.0,0,0.0,85929144.99999997
2025-08-01 03:03:04 PM,1367.0,1,1367.0,85930511.99999997
2025-08-01 03:03:19 PM,1367.0,11,15037.0,85945548.99999997
2025-08-01 03:03:22 PM,1366.3,3,4098.9,85949647.89999998
2025-08-01 03:03:43 PM,1367.3,0,0.0,85949647.89999998
2025-08-01 03:03:43 PM,1367.3,1,1367.3,85951015.19999997
2025-08-01 03:03:55 PM,1367.3,1,1367.3,85952382.49999997
2025-08-01 03:03:58 PM,1367.3,3,4101.9,85956484.39999998
2025-08-01 03:04:02 PM,1367.0,0,0.0,85956484.39999998
2025-08-01 03:04:04 PM,1367.0,1,1367.0,85957851.39999998
2025-08-01 03:04:08 PM,1366.3,0,0.0,85957851.39999998
2025-08-01 03:04:08 PM,1366.3,63,86076.9,86043928.29999998
2025-08-01 03:04:11 PM,1366.3,9,12296.699999999999,86056224.99999999
2025-08-01 03:04:33 PM,1365.9,1,1365.9,86057590.89999999
2025-08-01 03:04:57 PM,1365.0,4,5460.0,86063050.89999999
2025-08-01 03:05:03 PM,1365.5,1,1365.5,86064416.39999999
2025-08-01 03:05:06 PM,1365.0,13,17745.0,86082161.39999999
2025-08-01 03:05:09 PM,1364.7,5,6823.5,86088984.89999999
2025-08-01 03:05:16 PM,1364.0,27,36828.0,86125812.89999999
2025-08-01 03:05:25 PM,1365.1,0,0.0,86125812.89999999
2025-08-01 03:05:26 PM,1364.5,88,120076.0,86245888.89999999
2025-08-01 03:05:59 PM,1364.4,4,5457.6,86251346.49999999
2025-08-01 03:06:23 PM,1364.3,0,0.0,86251346.49999999
2025-08-01 03:06:24 PM,1364.3,5,6821.5,86258167.99999999
2025-08-01 03:06:34 PM,1364.2,1,1364.2,86259532.19999999
2025-08-01 03:06:46 PM,1364.0,0,0.0,86259532.19999999
2025-08-01 03:06:46 PM,1364.0,5,6820.0,86266352.19999999
2025-08-01 03:07:00 PM,1364.1,0,0.0,86266352.19999999
2025-08-01 03:07:01 PM,1364.1,1,1364.1,86267716.29999998
2025-08-01 03:07:08 PM,1364.1,1,1364.1,86269080.39999998
2025-08-01 03:07:11 PM,1364.0,10,13640.0,86282720.39999998
2025-08-01 03:07:14 PM,1363.9,0,0.0,86282720.39999998
2025-08-01 03:07:14 PM,1363.9,6,8183.400000000001,86290903.79999998
2025-08-01 03:07:24 PM,1363.8,5,6819.0,86297722.79999998
2025-08-01 03:07:42 PM,1363.8,6,8182.799999999999,86305905.59999998
2025-08-01 03:08:00 PM,1363.8,7,9546.6,86315452.19999997
2025-08-01 03:08:21 PM,1363.7,0,0.0,86315452.19999997
2025-08-01 03:08:22 PM,1363.7,50,68185.0,86383637.19999997
2025-08-01 03:08:32 PM,1363.7,4,5454.8,86389091.99999997
2025-08-01 03:08:53 PM,1363.8,1,1363.8,86390455.79999997
