date,price,qty,trnvr,cum_trnvr
2025-08-01 09:15:04 AM,2015.1,205,413095.5,413095.5
2025-08-01 09:15:04 AM,2020.0,0,0.0,413095.5
2025-08-01 09:15:06 AM,2020.0,2,4040.0,417135.5
2025-08-01 09:15:13 AM,2015.0,0,0.0,417135.5
2025-08-01 09:15:15 AM,2015.0,260,523900.0,941035.5
2025-08-01 09:15:17 AM,2020.0,67,135340.0,1076375.5
2025-08-01 09:15:22 AM,2015.1,0,0.0,1076375.5
2025-08-01 09:15:25 AM,2015.1,428,862462.7999999999,1938838.2999999998
2025-08-01 09:15:28 AM,2018.9,0,0.0,1938838.2999999998
2025-08-01 09:15:33 AM,2015.1,0,0.0,1938838.2999999998
2025-08-01 09:15:34 AM,2015.1,221,445337.1,2384175.4
2025-08-01 09:15:37 AM,2014.7,0,0.0,2384175.4
2025-08-01 09:15:42 AM,2014.0,24,48336.0,2432511.4
2025-08-01 09:15:49 AM,2011.0,0,0.0,2432511.4
2025-08-01 09:15:50 AM,2011.0,950,1910450.0,4342961.4
2025-08-01 09:15:52 AM,2013.7,100,201370.0,4544331.4
2025-08-01 09:16:07 AM,2014.0,132,265848.0,4810179.4
2025-08-01 09:16:11 AM,2013.8,0,0.0,4810179.4
2025-08-01 09:16:15 AM,2013.8,102,205407.6,5015587.0
2025-08-01 09:16:16 AM,2013.7,25,50342.5,5065929.5
2025-08-01 09:16:20 AM,2017.2,0,0.0,5065929.5
2025-08-01 09:16:23 AM,2017.2,132,266270.4,5332199.9
2025-08-01 09:16:25 AM,2020.9,14,28292.600000000002,5360492.5
2025-08-01 09:16:33 AM,2021.6,1,2021.6,5362514.1
2025-08-01 09:16:40 AM,2018.8,30,60564.0,5423078.1
2025-08-01 09:16:48 AM,2022.1,56,113237.59999999999,5536315.699999999
2025-08-01 09:17:00 AM,2024.6,0,0.0,5536315.699999999
2025-08-01 09:17:04 AM,2024.6,66,133623.6,5669939.299999999
2025-08-01 09:17:13 AM,2027.8,52,105445.59999999999,5775384.8999999985
2025-08-01 09:17:16 AM,2028.6,0,0.0,5775384.8999999985
2025-08-01 09:17:21 AM,2030.8,100,203080.0,5978464.8999999985
2025-08-01 09:17:26 AM,2036.0,0,0.0,5978464.8999999985
2025-08-01 09:17:29 AM,2036.0,380,773680.0,6752144.8999999985
2025-08-01 09:17:32 AM,2034.2,0,0.0,6752144.8999999985
2025-08-01 09:17:37 AM,2036.0,157,319652.0,7071796.8999999985
2025-08-01 09:17:38 AM,2036.0,1,2036.0,7073832.8999999985
2025-08-01 09:17:42 AM,2037.2,0,0.0,7073832.8999999985
2025-08-01 09:17:46 AM,2037.2,74,150752.80000000002,7224585.699999998
2025-08-01 09:17:50 AM,2030.0,0,0.0,7224585.699999998
2025-08-01 09:17:54 AM,2028.6,267,541636.2,7766221.8999999985
2025-08-01 09:17:58 AM,2030.3,0,0.0,7766221.8999999985
2025-08-01 09:18:00 AM,2030.8,0,0.0,7766221.8999999985
2025-08-01 09:18:02 AM,2031.4,62,125946.8,7892168.699999998
2025-08-01 09:18:08 AM,2032.0,0,0.0,7892168.699999998
2025-08-01 09:18:11 AM,2032.0,50,101600.0,7993768.699999998
2025-08-01 09:18:19 AM,2032.0,100,203200.0,8196968.699999998
2025-08-01 09:18:27 AM,2032.0,50,101600.0,8298568.699999998
2025-08-01 09:18:37 AM,2032.0,147,298704.0,8597272.7
2025-08-01 09:18:44 AM,2032.0,468,950976.0,9548248.7
2025-08-01 09:19:01 AM,2032.0,7,14224.0,9562472.7
2025-08-01 09:19:08 AM,2032.0,10,20320.0,9582792.7
2025-08-01 09:19:10 AM,2032.9,0,0.0,9582792.7
2025-08-01 09:19:16 AM,2031.0,933,1894923.0,11477715.7
2025-08-01 09:19:34 AM,2029.9,404,820079.6000000001,12297795.299999999
2025-08-01 09:19:35 AM,2029.5,0,0.0,12297795.299999999
2025-08-01 09:19:40 AM,2029.5,156,316602.0,12614397.299999999
2025-08-01 09:19:43 AM,2032.5,0,0.0,12614397.299999999
2025-08-01 09:19:48 AM,2033.4,131,266375.4,12880772.7
2025-08-01 09:19:56 AM,2033.5,10,20335.0,12901107.7
2025-08-01 09:19:56 AM,2030.0,0,0.0,12901107.7
2025-08-01 09:19:58 AM,2033.4,150,305010.0,13206117.7
2025-08-01 09:20:04 AM,2032.5,5,10162.5,13216280.2
2025-08-01 09:20:11 AM,2031.5,0,0.0,13216280.2
2025-08-01 09:20:12 AM,2031.5,15,30472.5,13246752.7
2025-08-01 09:20:22 AM,2030.0,154,312620.0,13559372.7
2025-08-01 09:20:32 AM,2030.8,0,0.0,13559372.7
2025-08-01 09:20:36 AM,2030.8,21,42646.799999999996,13602019.5
2025-08-01 09:20:36 AM,2033.5,0,0.0,13602019.5
2025-08-01 09:20:37 AM,2034.3,2,4068.6,13606088.1
2025-08-01 09:21:03 AM,2035.0,0,0.0,13606088.1
2025-08-01 09:21:07 AM,2035.0,100,203500.0,13809588.1
2025-08-01 09:21:08 AM,2036.3,1,2036.3,13811624.4
2025-08-01 09:21:15 AM,2039.4,148,301831.2,14113455.6
2025-08-01 09:21:16 AM,2039.0,10,20390.0,14133845.6
2025-08-01 09:21:23 AM,2036.1,184,374642.39999999997,14508488.0
2025-08-01 09:21:24 AM,2037.0,50,101850.0,14610338.0
2025-08-01 09:21:31 AM,2037.3,51,103902.3,14714240.3
2025-08-01 09:21:37 AM,2039.0,0,0.0,14714240.3
2025-08-01 09:21:39 AM,2036.8,66,134428.8,14848669.100000001
2025-08-01 09:21:46 AM,2039.0,60,122340.0,14971009.100000001
2025-08-01 09:21:53 AM,2039.0,10,20390.0,14991399.100000001
2025-08-01 09:21:54 AM,2039.0,10,20390.0,15011789.100000001
2025-08-01 09:21:56 AM,2037.9,0,0.0,15011789.100000001
2025-08-01 09:21:59 AM,2038.0,0,0.0,15011789.100000001
2025-08-01 09:22:01 AM,2038.0,336,684768.0,15696557.100000001
2025-08-01 09:22:04 AM,2039.7,0,0.0,15696557.100000001
2025-08-01 09:22:07 AM,2036.3,0,0.0,15696557.100000001
2025-08-01 09:22:08 AM,2036.3,119,242319.69999999998,15938876.8
2025-08-01 09:22:10 AM,2037.0,0,0.0,15938876.8
2025-08-01 09:22:16 AM,2037.0,102,207774.0,16146650.8
2025-08-01 09:22:27 AM,2035.0,0,0.0,16146650.8
2025-08-01 09:22:31 AM,2037.0,374,761838.0,16908488.8
2025-08-01 09:22:35 AM,2039.8,0,0.0,16908488.8
2025-08-01 09:22:39 AM,2038.4,156,317990.4,17226479.2
2025-08-01 09:22:46 AM,2034.9,0,0.0,17226479.2
2025-08-01 09:22:47 AM,2034.9,23,46802.700000000004,17273281.9
2025-08-01 09:22:47 AM,2034.0,0,0.0,17273281.9
2025-08-01 09:22:48 AM,2035.6,30,61068.0,17334349.9
2025-08-01 09:22:58 AM,2033.0,0,0.0,17334349.9
2025-08-01 09:23:02 AM,2033.0,16,32528.0,17366877.9
2025-08-01 09:23:06 AM,2034.0,0,0.0,17366877.9
2025-08-01 09:23:09 AM,2034.0,55,111870.0,17478747.9
2025-08-01 09:23:11 AM,2035.0,6,12210.0,17490957.9
2025-08-01 09:23:17 AM,2036.8,25,50920.0,17541877.9
2025-08-01 09:23:25 AM,2036.9,15,30553.5,17572431.4
2025-08-01 09:23:32 AM,2036.6,0,0.0,17572431.4
2025-08-01 09:23:32 AM,2036.6,1,2036.6,17574468.0
2025-08-01 09:23:34 AM,2036.8,5,10184.0,17584652.0
2025-08-01 09:23:39 AM,2036.9,0,0.0,17584652.0
2025-08-01 09:23:40 AM,2036.9,20,40738.0,17625390.0
2025-08-01 09:23:46 AM,2036.6,0,0.0,17625390.0
2025-08-01 09:23:47 AM,2036.6,15,30549.0,17655939.0
2025-08-01 09:23:49 AM,2038.3,38,77455.4,17733394.4
2025-08-01 09:23:52 AM,2037.0,0,0.0,17733394.4
2025-08-01 09:23:55 AM,2037.0,37,75369.0,17808763.4
2025-08-01 09:24:04 AM,2037.0,2,4074.0,17812837.4
2025-08-01 09:24:11 AM,2037.0,21,42777.0,17855614.4
2025-08-01 09:24:18 AM,2038.3,6,12229.8,17867844.2
2025-08-01 09:24:20 AM,2041.5,905,1847557.5,19715401.7
2025-08-01 09:24:24 AM,2045.4,0,0.0,19715401.7
2025-08-01 09:24:26 AM,2045.4,194,396807.60000000003,20112209.3
2025-08-01 09:24:35 AM,2045.4,5,10227.0,20122436.3
2025-08-01 09:24:41 AM,2046.0,1,2046.0,20124482.3
2025-08-01 09:24:43 AM,2047.0,27,55269.0,20179751.3
2025-08-01 09:24:48 AM,2047.0,11,22517.0,20202268.3
2025-08-01 09:24:49 AM,2049.0,0,0.0,20202268.3
2025-08-01 09:24:50 AM,2049.0,451,924099.0,21126367.3
2025-08-01 09:24:55 AM,2048.1,0,0.0,21126367.3
2025-08-01 09:24:56 AM,2048.1,10,20481.0,21146848.3
2025-08-01 09:25:05 AM,2050.0,33,67650.0,21214498.3
2025-08-01 09:25:13 AM,2050.9,18,36916.200000000004,21251414.5
2025-08-01 09:25:16 AM,2050.0,0,0.0,21251414.5
2025-08-01 09:25:17 AM,2047.0,0,0.0,21251414.5
2025-08-01 09:25:18 AM,2047.0,618,1265046.0,22516460.5
2025-08-01 09:25:21 AM,2047.8,61,124915.8,22641376.3
2025-08-01 09:25:26 AM,2047.5,20,40950.0,22682326.3
2025-08-01 09:25:33 AM,2047.9,2,4095.8,22686422.1
2025-08-01 09:25:41 AM,2047.0,0,0.0,22686422.1
2025-08-01 09:25:43 AM,2047.0,26,53222.0,22739644.1
2025-08-01 09:25:48 AM,2047.0,26,53222.0,22792866.1
2025-08-01 09:25:50 AM,2044.0,58,118552.0,22911418.1
2025-08-01 09:25:56 AM,2042.0,41,83722.0,22995140.1
2025-08-01 09:26:17 AM,2042.8,0,0.0,22995140.1
2025-08-01 09:26:19 AM,2042.8,30,61284.0,23056424.1
2025-08-01 09:26:27 AM,2042.8,10,20428.0,23076852.1
2025-08-01 09:26:27 AM,2044.2,0,0.0,23076852.1
2025-08-01 09:26:28 AM,2044.2,19,38839.8,23115691.900000002
2025-08-01 09:26:42 AM,2044.2,1,2044.2,23117736.1
2025-08-01 09:26:50 AM,2047.0,0,0.0,23117736.1
2025-08-01 09:26:51 AM,2047.0,25,51175.0,23168911.1
2025-08-01 09:26:56 AM,2045.5,0,0.0,23168911.1
2025-08-01 09:26:57 AM,2044.2,112,228950.4,23397861.5
2025-08-01 09:27:02 AM,2041.0,0,0.0,23397861.5
2025-08-01 09:27:06 AM,2041.0,243,495963.0,23893824.5
2025-08-01 09:27:12 AM,2041.0,41,83681.0,23977505.5
2025-08-01 09:27:27 AM,2041.0,1,2041.0,23979546.5
2025-08-01 09:27:47 AM,2039.6,0,0.0,23979546.5
2025-08-01 09:27:48 AM,2040.7,0,0.0,23979546.5
2025-08-01 09:27:49 AM,2041.0,196,400036.0,24379582.5
2025-08-01 09:27:51 AM,2041.0,13,26533.0,24406115.5
2025-08-01 09:27:57 AM,2039.0,367,748313.0,25154428.5
2025-08-01 09:28:03 AM,2039.8,0,0.0,25154428.5
2025-08-01 09:28:05 AM,2039.8,23,46915.4,25201343.9
2025-08-01 09:28:06 AM,2037.0,24,48888.0,25250231.9
2025-08-01 09:28:10 AM,2039.0,0,0.0,25250231.9
2025-08-01 09:28:12 AM,2039.0,7,14273.0,25264504.9
2025-08-01 09:28:20 AM,2039.0,3,6117.0,25270621.9
2025-08-01 09:28:21 AM,2038.0,76,154888.0,25425509.9
2025-08-01 09:28:22 AM,2037.0,0,0.0,25425509.9
2025-08-01 09:28:28 AM,2037.0,101,205737.0,25631246.9
2025-08-01 09:28:35 AM,2034.5,32,65104.0,25696350.9
2025-08-01 09:28:37 AM,2037.0,140,285180.0,25981530.9
2025-08-01 09:28:39 AM,2033.3,0,0.0,25981530.9
2025-08-01 09:28:43 AM,2035.0,0,0.0,25981530.9
2025-08-01 09:28:43 AM,2035.0,541,1100935.0,27082465.9
2025-08-01 09:29:15 AM,2032.4,5,10162.0,27092627.9
2025-08-01 09:29:21 AM,2031.9,42,85339.8,27177967.7
2025-08-01 09:29:29 AM,2029.4,26,52764.4,27230732.099999998
2025-08-01 09:29:30 AM,2029.9,10,20299.0,27251031.099999998
2025-08-01 09:29:32 AM,2028.2,0,0.0,27251031.099999998
2025-08-01 09:29:37 AM,2028.0,35,70980.0,27322011.099999998
2025-08-01 09:29:42 AM,2027.9,0,0.0,27322011.099999998
2025-08-01 09:29:44 AM,2027.9,65,131813.5,27453824.599999998
2025-08-01 09:29:51 AM,2027.0,2,4054.0,27457878.599999998
2025-08-01 09:29:52 AM,2027.0,4,8108.0,27465986.599999998
2025-08-01 09:29:59 AM,2027.0,4,8108.0,27474094.599999998
2025-08-01 09:30:04 AM,2026.6,0,0.0,27474094.599999998
2025-08-01 09:30:06 AM,2026.6,272,551235.2,28025329.799999997
2025-08-01 09:30:11 AM,2025.0,0,0.0,28025329.799999997
2025-08-01 09:30:14 AM,2025.0,108,218700.0,28244029.799999997
2025-08-01 09:30:29 AM,2024.8,10,20248.0,28264277.799999997
2025-08-01 09:30:43 AM,2026.9,55,111479.5,28375757.299999997
2025-08-01 09:30:44 AM,2025.3,13,26328.899999999998,28402086.199999996
2025-08-01 09:30:51 AM,2031.6,458,930472.7999999999,29332558.999999996
2025-08-01 09:30:53 AM,2033.6,0,0.0,29332558.999999996
2025-08-01 09:30:59 AM,2033.6,20,40672.0,29373230.999999996
2025-08-01 09:31:04 AM,2033.9,0,0.0,29373230.999999996
2025-08-01 09:31:05 AM,2032.2,7,14225.4,29387456.399999995
2025-08-01 09:31:06 AM,2029.0,280,568120.0,29955576.399999995
2025-08-01 09:31:20 AM,2030.4,0,0.0,29955576.399999995
2025-08-01 09:31:20 AM,2030.4,35,71064.0,30026640.399999995
2025-08-01 09:31:35 AM,2034.6,110,223806.0,30250446.399999995
2025-08-01 09:31:35 AM,2034.4,5,10172.0,30260618.399999995
2025-08-01 09:31:55 AM,2035.8,0,0.0,30260618.399999995
2025-08-01 09:31:56 AM,2035.8,51,103825.8,30364444.199999996
2025-08-01 09:32:05 AM,2032.9,0,0.0,30364444.199999996
2025-08-01 09:32:10 AM,2032.9,150,304935.0,30669379.199999996
2025-08-01 09:32:23 AM,2033.2,0,0.0,30669379.199999996
2025-08-01 09:32:24 AM,2033.2,135,274482.0,30943861.199999996
2025-08-01 09:32:30 AM,2036.7,0,0.0,30943861.199999996
2025-08-01 09:32:31 AM,2036.7,50,101835.0,31045696.199999996
2025-08-01 09:32:48 AM,2039.3,0,0.0,31045696.199999996
2025-08-01 09:32:52 AM,2039.3,100,203930.0,31249626.199999996
2025-08-01 09:32:58 AM,2040.0,100,204000.0,31453626.199999996
2025-08-01 09:33:05 AM,2037.4,11,22411.4,31476037.599999994
2025-08-01 09:33:11 AM,2037.1,0,0.0,31476037.599999994
2025-08-01 09:33:12 AM,2037.1,1,2037.1,31478074.699999996
2025-08-01 09:33:16 AM,2038.6,0,0.0,31478074.699999996
2025-08-01 09:33:19 AM,2039.3,20,40786.0,31518860.699999996
2025-08-01 09:33:26 AM,2039.4,0,0.0,31518860.699999996
2025-08-01 09:33:31 AM,2043.5,0,0.0,31518860.699999996
2025-08-01 09:33:33 AM,2044.2,66,134917.2,31653777.899999995
2025-08-01 09:33:33 AM,2041.9,10,20419.0,31674196.899999995
2025-08-01 09:33:36 AM,2044.3,0,0.0,31674196.899999995
2025-08-01 09:33:40 AM,2044.3,20,40886.0,31715082.899999995
2025-08-01 09:33:56 AM,2040.4,0,0.0,31715082.899999995
2025-08-01 09:33:56 AM,2045.2,0,0.0,31715082.899999995
2025-08-01 09:34:01 AM,2045.2,164,335412.8,32050495.699999996
2025-08-01 09:34:29 AM,2044.3,0,0.0,32050495.699999996
2025-08-01 09:34:29 AM,2044.3,74,151278.19999999998,32201773.899999995
2025-08-01 09:34:56 AM,2041.8,0,0.0,32201773.899999995
2025-08-01 09:34:57 AM,2041.8,5,10209.0,32211982.899999995
2025-08-01 09:35:03 AM,2042.0,14,28588.0,32240570.899999995
2025-08-01 09:35:11 AM,2038.9,0,0.0,32240570.899999995
2025-08-01 09:35:11 AM,2038.9,200,407780.0,32648350.899999995
2025-08-01 09:35:36 AM,2041.7,0,0.0,32648350.899999995
2025-08-01 09:35:39 AM,2041.7,3,6125.1,32654475.999999996
2025-08-01 09:35:45 AM,2038.8,60,122328.0,32776803.999999996
2025-08-01 09:35:51 AM,2039.1,0,0.0,32776803.999999996
2025-08-01 09:35:52 AM,2039.1,7,14273.699999999999,32791077.699999996
2025-08-01 09:36:05 AM,2039.9,0,0.0,32791077.699999996
2025-08-01 09:36:05 AM,2039.9,251,512014.9,33303092.599999994
2025-08-01 09:36:25 AM,2043.9,0,0.0,33303092.599999994
2025-08-01 09:36:25 AM,2043.9,103,210521.7,33513614.299999993
2025-08-01 09:36:29 AM,2045.2,0,0.0,33513614.299999993
2025-08-01 09:36:32 AM,2045.2,13,26587.600000000002,33540201.899999995
2025-08-01 09:36:44 AM,2045.2,6,12271.2,33552473.099999994
2025-08-01 09:36:49 AM,2045.0,0,0.0,33552473.099999994
2025-08-01 09:36:51 AM,2045.0,3,6135.0,33558608.099999994
2025-08-01 09:37:01 AM,2045.8,0,0.0,33558608.099999994
2025-08-01 09:37:05 AM,2045.8,151,308915.8,33867523.89999999
2025-08-01 09:37:12 AM,2045.8,2,4091.6,33871615.49999999
2025-08-01 09:37:20 AM,2047.5,0,0.0,33871615.49999999
2025-08-01 09:37:24 AM,2045.0,0,0.0,33871615.49999999
2025-08-01 09:37:26 AM,2045.0,152,310840.0,34182455.49999999
2025-08-01 09:37:39 AM,2046.4,0,0.0,34182455.49999999
2025-08-01 09:37:40 AM,2046.4,1,2046.4,34184501.89999999
2025-08-01 09:37:43 AM,2048.1,0,0.0,34184501.89999999
2025-08-01 09:37:46 AM,2048.1,220,450582.0,34635083.89999999
2025-08-01 09:37:59 AM,2048.9,80,163912.0,34798995.89999999
2025-08-01 09:38:11 AM,2050.0,0,0.0,34798995.89999999
2025-08-01 09:38:13 AM,2050.0,101,207050.0,35006045.89999999
2025-08-01 09:38:20 AM,2052.0,10,20520.0,35026565.89999999
2025-08-01 09:38:26 AM,2046.3,0,0.0,35026565.89999999
2025-08-01 09:38:27 AM,2046.3,461,943344.2999999999,35969910.19999999
2025-08-01 09:38:33 AM,2045.2,1,2045.2,35971955.39999999
2025-08-01 09:38:36 AM,2045.5,0,0.0,35971955.39999999
2025-08-01 09:38:40 AM,2041.6,267,545107.2,36517062.599999994
2025-08-01 09:38:41 AM,2044.0,0,0.0,36517062.599999994
2025-08-01 09:38:44 AM,2045.7,0,0.0,36517062.599999994
2025-08-01 09:38:47 AM,2045.7,48,98193.6,36615256.199999996
2025-08-01 09:38:57 AM,2045.9,0,0.0,36615256.199999996
2025-08-01 09:39:00 AM,2045.9,20,40918.0,36656174.199999996
2025-08-01 09:39:01 AM,2046.0,0,0.0,36656174.199999996
2025-08-01 09:39:07 AM,2046.0,20,40920.0,36697094.199999996
2025-08-01 09:39:11 AM,2042.4,0,0.0,36697094.199999996
2025-08-01 09:39:14 AM,2042.4,25,51060.0,36748154.199999996
2025-08-01 09:39:16 AM,2043.2,0,0.0,36748154.199999996
2025-08-01 09:39:20 AM,2040.1,185,377418.5,37125572.699999996
2025-08-01 09:39:26 AM,2042.1,0,0.0,37125572.699999996
2025-08-01 09:39:27 AM,2042.1,8,16336.8,37141909.49999999
2025-08-01 09:39:29 AM,2040.4,0,0.0,37141909.49999999
2025-08-01 09:39:34 AM,2044.0,746,1524824.0,38666733.49999999
2025-08-01 09:39:42 AM,2047.6,0,0.0,38666733.49999999
2025-08-01 09:39:46 AM,2045.2,0,0.0,38666733.49999999
2025-08-01 09:39:47 AM,2045.2,6,12271.2,38679004.699999996
2025-08-01 09:40:26 AM,2045.2,4,8180.8,38687185.49999999
2025-08-01 09:40:54 AM,2045.0,0,0.0,38687185.49999999
2025-08-01 09:40:59 AM,2045.0,2,4090.0,38691275.49999999
2025-08-01 09:41:19 AM,2045.0,18,36810.0,38728085.49999999
2025-08-01 09:41:41 AM,2044.9,0,0.0,38728085.49999999
2025-08-01 09:41:44 AM,2044.0,0,0.0,38728085.49999999
2025-08-01 09:41:45 AM,2044.0,15,30660.0,38758745.49999999
2025-08-01 09:41:49 AM,2044.9,0,0.0,38758745.49999999
2025-08-01 09:41:52 AM,2044.9,38,77706.2,38836451.699999996
2025-08-01 09:41:57 AM,2043.7,0,0.0,38836451.699999996
2025-08-01 09:41:58 AM,2043.7,1,2043.7,38838495.4
2025-08-01 09:42:32 AM,2043.8,3,6131.4,38844626.8
2025-08-01 09:42:44 AM,2044.9,1,2044.9,38846671.699999996
2025-08-01 09:43:00 AM,2044.1,0,0.0,38846671.699999996
2025-08-01 09:43:03 AM,2044.1,3,6132.299999999999,38852803.99999999
2025-08-01 09:43:10 AM,2044.0,2,4088.0,38856891.99999999
2025-08-01 09:43:16 AM,2039.0,0,0.0,38856891.99999999
2025-08-01 09:43:16 AM,2040.2,0,0.0,38856891.99999999
2025-08-01 09:43:17 AM,2038.0,895,1824010.0,40680901.99999999
2025-08-01 09:43:20 AM,2036.7,0,0.0,40680901.99999999
2025-08-01 09:43:24 AM,2038.6,0,0.0,40680901.99999999
2025-08-01 09:43:24 AM,2038.6,46,93775.59999999999,40774677.599999994
2025-08-01 09:43:31 AM,2040.8,20,40816.0,40815493.599999994
2025-08-01 09:44:32 AM,2037.7,0,0.0,40815493.599999994
2025-08-01 09:44:36 AM,2037.7,12,24452.4,40839945.99999999
2025-08-01 09:44:40 AM,2036.0,0,0.0,40839945.99999999
2025-08-01 09:44:42 AM,2036.0,5,10180.0,40850125.99999999
2025-08-01 09:44:55 AM,2037.8,19,38718.2,40888844.199999996
2025-08-01 09:44:56 AM,2035.6,153,311446.8,41200290.99999999
2025-08-01 09:45:01 AM,2041.8,152,310353.6,41510644.599999994
2025-08-01 09:45:03 AM,2041.3,95,193923.5,41704568.099999994
2025-08-01 09:45:15 AM,2035.0,213,433455.0,42138023.099999994
2025-08-01 09:45:17 AM,2031.7,1,2031.7,42140054.8
2025-08-01 09:45:20 AM,2032.8,0,0.0,42140054.8
2025-08-01 09:45:22 AM,2032.8,21,42688.799999999996,42182743.599999994
2025-08-01 09:45:29 AM,2031.0,10,20310.0,42203053.599999994
2025-08-01 09:45:34 AM,2030.6,16,32489.6,42235543.199999996
2025-08-01 09:45:44 AM,2030.0,0,0.0,42235543.199999996
2025-08-01 09:45:47 AM,2029.9,29,58867.100000000006,42294410.3
2025-08-01 09:45:54 AM,2028.1,3,6084.299999999999,42300494.599999994
2025-08-01 09:45:54 AM,2025.1,0,0.0,42300494.599999994
2025-08-01 09:45:55 AM,2025.1,100,202510.0,42503004.599999994
2025-08-01 09:45:57 AM,2025.0,0,0.0,42503004.599999994
2025-08-01 09:46:00 AM,2025.0,43,87075.0,42590079.599999994
2025-08-01 09:46:02 AM,2023.2,0,0.0,42590079.599999994
2025-08-01 09:46:06 AM,2023.5,0,0.0,42590079.599999994
2025-08-01 09:46:07 AM,2023.5,70,141645.0,42731724.599999994
2025-08-01 09:46:11 AM,2023.8,0,0.0,42731724.599999994
2025-08-01 09:46:12 AM,2024.7,0,0.0,42731724.599999994
2025-08-01 09:46:13 AM,2024.7,53,107309.1,42839033.699999996
2025-08-01 09:46:16 AM,2024.6,0,0.0,42839033.699999996
2025-08-01 09:46:17 AM,2029.2,0,0.0,42839033.699999996
2025-08-01 09:46:20 AM,2029.2,288,584409.6,43423443.3
2025-08-01 09:46:21 AM,2029.8,0,0.0,43423443.3
2025-08-01 09:46:21 AM,2029.8,1,2029.8,43425473.099999994
2025-08-01 09:46:28 AM,2028.1,4,8112.4,43433585.49999999
2025-08-01 09:46:37 AM,2028.9,0,0.0,43433585.49999999
2025-08-01 09:46:39 AM,2028.9,16,32462.4,43466047.89999999
2025-08-01 09:46:41 AM,2028.4,10,20284.0,43486331.89999999
2025-08-01 09:46:57 AM,2028.1,0,0.0,43486331.89999999
2025-08-01 09:46:58 AM,2028.1,30,60843.0,43547174.89999999
2025-08-01 09:47:02 AM,2028.4,0,0.0,43547174.89999999
2025-08-01 09:47:04 AM,2028.4,8,16227.2,43563402.099999994
2025-08-01 09:47:05 AM,2028.1,0,0.0,43563402.099999994
2025-08-01 09:47:06 AM,2028.1,97,196725.69999999998,43760127.8
2025-08-01 09:47:08 AM,2028.2,0,0.0,43760127.8
2025-08-01 09:47:10 AM,2028.2,10,20282.0,43780409.8
2025-08-01 09:47:13 AM,2028.0,0,0.0,43780409.8
2025-08-01 09:47:16 AM,2028.0,27,54756.0,43835165.8
2025-08-01 09:47:26 AM,2029.4,0,0.0,43835165.8
2025-08-01 09:47:29 AM,2026.6,70,141862.0,43977027.8
2025-08-01 09:47:30 AM,2026.0,0,0.0,43977027.8
2025-08-01 09:47:31 AM,2026.0,30,60780.0,44037807.8
2025-08-01 09:47:33 AM,2028.5,0,0.0,44037807.8
2025-08-01 09:47:35 AM,2028.5,9,18256.5,44056064.3
2025-08-01 09:47:44 AM,2026.2,14,28366.8,44084431.099999994
2025-08-01 09:47:49 AM,2028.3,8,16226.4,44100657.49999999
2025-08-01 09:47:54 AM,2025.0,0,0.0,44100657.49999999
2025-08-01 09:47:55 AM,2025.0,103,208575.0,44309232.49999999
2025-08-01 09:48:08 AM,2025.0,17,34425.0,44343657.49999999
2025-08-01 09:48:11 AM,2025.0,50,101250.0,44444907.49999999
2025-08-01 09:48:15 AM,2025.0,32,64800.0,44509707.49999999
2025-08-01 09:48:37 AM,2025.0,66,133650.0,44643357.49999999
2025-08-01 09:48:48 AM,2025.8,0,0.0,44643357.49999999
2025-08-01 09:48:49 AM,2025.8,101,204605.8,44847963.29999999
2025-08-01 09:48:56 AM,2025.8,5,10129.0,44858092.29999999
2025-08-01 09:49:08 AM,2025.8,10,20258.0,44878350.29999999
2025-08-01 09:49:15 AM,2025.1,1,2025.1,44880375.39999999
2025-08-01 09:49:25 AM,2025.8,3,6077.4,44886452.79999999
2025-08-01 09:49:56 AM,2027.0,0,0.0,44886452.79999999
2025-08-01 09:49:56 AM,2027.0,9,18243.0,44904695.79999999
2025-08-01 09:50:00 AM,2025.5,0,0.0,44904695.79999999
2025-08-01 09:50:02 AM,2025.5,2,4051.0,44908746.79999999
2025-08-01 09:50:03 AM,2026.0,0,0.0,44908746.79999999
2025-08-01 09:50:09 AM,2026.0,25,50650.0,44959396.79999999
2025-08-01 09:50:12 AM,2025.9,26,52673.4,45012070.19999999
2025-08-01 09:50:26 AM,2027.0,0,0.0,45012070.19999999
2025-08-01 09:50:31 AM,2027.0,20,40540.0,45052610.19999999
2025-08-01 09:50:33 AM,2025.9,0,0.0,45052610.19999999
2025-08-01 09:50:34 AM,2025.9,3,6077.700000000001,45058687.89999999
2025-08-01 09:50:54 AM,2027.9,0,0.0,45058687.89999999
2025-08-01 09:50:57 AM,2028.8,0,0.0,45058687.89999999
2025-08-01 09:50:59 AM,2028.8,42,85209.59999999999,45143897.49999999
2025-08-01 09:51:08 AM,2030.0,13,26390.0,45170287.49999999
2025-08-01 09:51:13 AM,2031.7,0,0.0,45170287.49999999
2025-08-01 09:51:14 AM,2031.7,2,4063.4,45174350.89999999
2025-08-01 09:51:18 AM,2032.8,10,20328.0,45194678.89999999
2025-08-01 09:51:22 AM,2031.3,0,0.0,45194678.89999999
2025-08-01 09:51:25 AM,2029.4,116,235410.40000000002,45430089.29999999
2025-08-01 09:51:31 AM,2029.8,25,50745.0,45480834.29999999
2025-08-01 09:51:53 AM,2029.0,0,0.0,45480834.29999999
2025-08-01 09:51:56 AM,2029.0,20,40580.0,45521414.29999999
2025-08-01 09:51:56 AM,2028.7,0,0.0,45521414.29999999
2025-08-01 09:51:58 AM,2028.7,3,6086.1,45527500.39999999
2025-08-01 09:52:26 AM,2026.6,80,162128.0,45689628.39999999
2025-08-01 09:52:29 AM,2029.1,0,0.0,45689628.39999999
2025-08-01 09:52:29 AM,2029.1,8,16232.8,45705861.19999999
2025-08-01 09:52:53 AM,2029.9,0,0.0,45705861.19999999
2025-08-01 09:52:53 AM,2029.9,1,2029.9,45707891.09999999
2025-08-01 09:53:39 AM,2029.3,0,0.0,45707891.09999999
2025-08-01 09:53:40 AM,2029.3,9,18263.7,45726154.79999999
2025-08-01 09:53:44 AM,2027.2,0,0.0,45726154.79999999
2025-08-01 09:53:46 AM,2027.2,1,2027.2,45728181.99999999
2025-08-01 09:53:51 AM,2028.0,0,0.0,45728181.99999999
2025-08-01 09:53:53 AM,2028.0,5,10140.0,45738321.99999999
2025-08-01 09:54:17 AM,2027.0,2,4054.0,45742375.99999999
2025-08-01 09:55:12 AM,2028.0,4,8112.0,45750487.99999999
2025-08-01 09:55:17 AM,2028.0,8,16224.0,45766711.99999999
2025-08-01 09:55:18 AM,2028.2,10,20282.0,45786993.99999999
2025-08-01 09:55:32 AM,2027.6,0,0.0,45786993.99999999
2025-08-01 09:55:35 AM,2027.6,10,20276.0,45807269.99999999
2025-08-01 09:55:39 AM,2029.4,0,0.0,45807269.99999999
2025-08-01 09:55:41 AM,2029.4,1,2029.4,45809299.39999999
2025-08-01 09:56:00 AM,2034.9,0,0.0,45809299.39999999
2025-08-01 09:56:00 AM,2034.9,100,203490.0,46012789.39999999
2025-08-01 09:56:06 AM,2040.0,58,118320.0,46131109.39999999
2025-08-01 09:56:11 AM,2040.0,60,122400.0,46253509.39999999
2025-08-01 09:56:21 AM,2042.2,0,0.0,46253509.39999999
2025-08-01 09:56:24 AM,2044.7,74,151307.80000000002,46404817.19999999
2025-08-01 09:56:29 AM,2042.2,5,10211.0,46415028.19999999
2025-08-01 09:56:41 AM,2042.2,1,2042.2,46417070.39999999
2025-08-01 09:56:42 AM,2039.1,100,203910.0,46620980.39999999
2025-08-01 09:56:45 AM,2044.0,0,0.0,46620980.39999999
2025-08-01 09:56:45 AM,2038.2,0,0.0,46620980.39999999
2025-08-01 09:56:48 AM,2035.8,279,567988.2,47188968.599999994
2025-08-01 09:56:53 AM,2037.0,0,0.0,47188968.599999994
2025-08-01 09:56:54 AM,2037.0,15,30555.0,47219523.599999994
2025-08-01 09:56:58 AM,2037.6,0,0.0,47219523.599999994
2025-08-01 09:56:59 AM,2037.0,12,24444.0,47243967.599999994
2025-08-01 09:57:10 AM,2036.9,0,0.0,47243967.599999994
2025-08-01 09:57:11 AM,2036.9,1,2036.9,47246004.49999999
2025-08-01 09:57:34 AM,2032.4,0,0.0,47246004.49999999
2025-08-01 09:57:34 AM,2032.4,37,75198.8,47321203.29999999
2025-08-01 09:57:37 AM,2031.6,6,12189.599999999999,47333392.89999999
2025-08-01 09:58:01 AM,2032.0,0,0.0,47333392.89999999
2025-08-01 09:58:01 AM,2032.0,4,8128.0,47341520.89999999
2025-08-01 09:58:05 AM,2030.1,11,22331.1,47363851.99999999
2025-08-01 09:58:11 AM,2031.6,0,0.0,47363851.99999999
2025-08-01 09:58:11 AM,2031.6,3,6094.799999999999,47369946.79999999
2025-08-01 09:58:17 AM,2031.7,4,8126.8,47378073.59999999
2025-08-01 09:58:19 AM,2031.8,10,20318.0,47398391.59999999
2025-08-01 09:58:22 AM,2032.0,0,0.0,47398391.59999999
2025-08-01 09:58:23 AM,2032.0,6,12192.0,47410583.59999999
2025-08-01 09:58:25 AM,2032.0,2,4064.0,47414647.59999999
2025-08-01 09:58:47 AM,2031.8,0,0.0,47414647.59999999
2025-08-01 09:58:47 AM,2031.8,16,32508.8,47447156.39999998
2025-08-01 09:58:59 AM,2031.4,0,0.0,47447156.39999998
2025-08-01 09:58:59 AM,2031.4,1,2031.4,47449187.79999998
2025-08-01 09:59:18 AM,2032.0,20,40640.0,47489827.79999998
2025-08-01 09:59:40 AM,2032.0,10,20320.0,47510147.79999998
2025-08-01 09:59:43 AM,2032.0,20,40640.0,47550787.79999998
2025-08-01 09:59:52 AM,2032.0,2,4064.0,47554851.79999998
2025-08-01 09:59:54 AM,2032.4,0,0.0,47554851.79999998
2025-08-01 09:59:55 AM,2032.4,5,10162.0,47565013.79999998
2025-08-01 10:00:24 AM,2033.0,2,4066.0,47569079.79999998
2025-08-01 10:00:27 AM,2033.0,4,8132.0,47577211.79999998
2025-08-01 10:00:36 AM,2033.0,104,211432.0,47788643.79999998
2025-08-01 10:00:43 AM,2034.7,10,20347.0,47808990.79999998
2025-08-01 10:00:46 AM,2034.0,0,0.0,47808990.79999998
2025-08-01 10:00:46 AM,2034.0,2,4068.0,47813058.79999998
2025-08-01 10:00:49 AM,2034.0,12,24408.0,47837466.79999998
2025-08-01 10:00:55 AM,2034.0,23,46782.0,47884248.79999998
2025-08-01 10:00:58 AM,2032.4,0,0.0,47884248.79999998
2025-08-01 10:00:58 AM,2032.4,5,10162.0,47894410.79999998
2025-08-01 10:01:08 AM,2031.7,80,162536.0,48056946.79999998
2025-08-01 10:02:10 AM,2030.0,0,0.0,48056946.79999998
2025-08-01 10:02:10 AM,2030.0,20,40600.0,48097546.79999998
2025-08-01 10:02:23 AM,2030.9,0,0.0,48097546.79999998
2025-08-01 10:02:23 AM,2030.9,7,14216.300000000001,48111763.09999998
2025-08-01 10:02:28 AM,2030.0,0,0.0,48111763.09999998
2025-08-01 10:02:29 AM,2030.0,2,4060.0,48115823.09999998
2025-08-01 10:02:37 AM,2026.7,0,0.0,48115823.09999998
2025-08-01 10:02:37 AM,2026.7,119,241177.30000000002,48357000.399999976
2025-08-01 10:03:14 AM,2029.0,125,253625.0,48610625.399999976
2025-08-01 10:03:22 AM,2027.8,3,6083.4,48616708.799999975
2025-08-01 10:04:15 AM,2029.0,0,0.0,48616708.799999975
2025-08-01 10:04:17 AM,2029.0,2,4058.0,48620766.799999975
2025-08-01 10:04:42 AM,2028.2,5,10141.0,48630907.799999975
2025-08-01 10:04:53 AM,2028.8,0,0.0,48630907.799999975
2025-08-01 10:04:54 AM,2028.2,11,22310.2,48653217.99999998
2025-08-01 10:05:13 AM,2028.2,9,18253.8,48671471.799999975
2025-08-01 10:05:19 AM,2026.7,0,0.0,48671471.799999975
2025-08-01 10:05:19 AM,2026.7,2,4053.4,48675525.19999997
2025-08-01 10:05:58 AM,2027.0,0,0.0,48675525.19999997
2025-08-01 10:05:58 AM,2027.0,2,4054.0,48679579.19999997
2025-08-01 10:06:19 AM,2025.1,20,40502.0,48720081.19999997
2025-08-01 10:06:45 AM,2024.0,121,244904.0,48964985.19999997
2025-08-01 10:06:49 AM,2022.0,50,101100.0,49066085.19999997
2025-08-01 10:06:55 AM,2022.0,2,4044.0,49070129.19999997
2025-08-01 10:07:02 AM,2021.0,0,0.0,49070129.19999997
2025-08-01 10:07:02 AM,2021.0,2,4042.0,49074171.19999997
2025-08-01 10:07:14 AM,2020.0,122,246440.0,49320611.19999997
2025-08-01 10:07:16 AM,2017.4,18,36313.200000000004,49356924.399999976
2025-08-01 10:07:17 AM,2020.0,0,0.0,49356924.399999976
2025-08-01 10:07:20 AM,2020.0,21,42420.0,49399344.399999976
2025-08-01 10:07:22 AM,2020.0,1,2020.0,49401364.399999976
2025-08-01 10:07:27 AM,2019.2,0,0.0,49401364.399999976
2025-08-01 10:07:27 AM,2019.2,11,22211.2,49423575.59999998
2025-08-01 10:07:39 AM,2019.0,0,0.0,49423575.59999998
2025-08-01 10:07:39 AM,2019.0,7,14133.0,49437708.59999998
2025-08-01 10:07:45 AM,2019.0,79,159501.0,49597209.59999998
2025-08-01 10:07:57 AM,2019.9,4,8079.6,49605289.19999998
2025-08-01 10:07:59 AM,2019.0,0,0.0,49605289.19999998
2025-08-01 10:07:59 AM,2019.9,0,0.0,49605289.19999998
2025-08-01 10:07:59 AM,2019.0,29,58551.0,49663840.19999998
2025-08-01 10:08:03 AM,2020.3,0,0.0,49663840.19999998
2025-08-01 10:08:03 AM,2020.3,24,48487.2,49712327.39999998
2025-08-01 10:08:05 AM,2021.6,10,20216.0,49732543.39999998
2025-08-01 10:08:28 AM,2022.2,75,151665.0,49884208.39999998
2025-08-01 10:08:30 AM,2022.0,0,0.0,49884208.39999998
2025-08-01 10:08:30 AM,2022.0,179,361938.0,50246146.39999998
2025-08-01 10:08:42 AM,2022.7,0,0.0,50246146.39999998
2025-08-01 10:08:42 AM,2022.7,1,2022.7,50248169.09999999
2025-08-01 10:09:07 AM,2025.0,0,0.0,50248169.09999999
2025-08-01 10:09:10 AM,2025.0,50,101250.0,50349419.09999999
2025-08-01 10:09:16 AM,2024.4,0,0.0,50349419.09999999
2025-08-01 10:09:16 AM,2024.4,2,4048.8,50353467.89999998
2025-08-01 10:09:29 AM,2025.0,1,2025.0,50355492.89999998
2025-08-01 10:09:43 AM,2025.6,0,0.0,50355492.89999998
2025-08-01 10:09:45 AM,2025.6,4,8102.4,50363595.29999998
2025-08-01 10:09:51 AM,2026.2,10,20262.0,50383857.29999998
2025-08-01 10:09:52 AM,2026.0,0,0.0,50383857.29999998
2025-08-01 10:09:52 AM,2026.0,1,2026.0,50385883.29999998
2025-08-01 10:10:00 AM,2025.3,0,0.0,50385883.29999998
2025-08-01 10:10:02 AM,2025.3,21,42531.299999999996,50428414.59999998
2025-08-01 10:10:27 AM,2024.8,0,0.0,50428414.59999998
2025-08-01 10:10:27 AM,2024.8,1,2024.8,50430439.399999976
2025-08-01 10:10:37 AM,2022.0,230,465060.0,50895499.399999976
2025-08-01 10:10:42 AM,2021.5,0,0.0,50895499.399999976
2025-08-01 10:10:43 AM,2021.5,1,2021.5,50897520.899999976
2025-08-01 10:10:54 AM,2022.4,0,0.0,50897520.899999976
2025-08-01 10:10:57 AM,2022.4,26,52582.4,50950103.299999975
2025-08-01 10:11:39 AM,2021.6,0,0.0,50950103.299999975
2025-08-01 10:11:42 AM,2021.6,1,2021.6,50952124.899999976
2025-08-01 10:11:45 AM,2021.5,0,0.0,50952124.899999976
2025-08-01 10:11:48 AM,2021.5,10,20215.0,50972339.899999976
2025-08-01 10:11:54 AM,2022.4,0,0.0,50972339.899999976
2025-08-01 10:11:55 AM,2022.4,6,12134.400000000001,50984474.299999975
2025-08-01 10:12:33 AM,2022.6,0,0.0,50984474.299999975
2025-08-01 10:12:35 AM,2022.6,25,50565.0,51035039.299999975
2025-08-01 10:12:46 AM,2022.5,53,107192.5,51142231.799999975
2025-08-01 10:12:47 AM,2022.5,175,353937.5,51496169.299999975
2025-08-01 10:12:54 AM,2020.3,0,0.0,51496169.299999975
2025-08-01 10:12:57 AM,2020.3,1,2020.3,51498189.59999997
2025-08-01 10:13:39 AM,2020.3,13,26263.899999999998,51524453.49999997
2025-08-01 10:14:24 AM,2020.0,0,0.0,51524453.49999997
2025-08-01 10:14:25 AM,2020.0,2,4040.0,51528493.49999997
2025-08-01 10:14:48 AM,2017.1,0,0.0,51528493.49999997
2025-08-01 10:14:49 AM,2017.1,2,4034.2,51532527.69999997
2025-08-01 10:14:55 AM,2018.0,0,0.0,51532527.69999997
2025-08-01 10:14:55 AM,2018.0,15,30270.0,51562797.69999997
2025-08-01 10:15:06 AM,2018.0,9,18162.0,51580959.69999997
2025-08-01 10:15:10 AM,2017.5,0,0.0,51580959.69999997
2025-08-01 10:15:11 AM,2017.5,4,8070.0,51589029.69999997
2025-08-01 10:15:30 AM,2021.9,245,495365.5,52084395.19999997
2025-08-01 10:15:35 AM,2018.7,0,0.0,52084395.19999997
2025-08-01 10:15:36 AM,2020.1,0,0.0,52084395.19999997
2025-08-01 10:15:36 AM,2020.1,3,6060.299999999999,52090455.49999997
2025-08-01 10:15:45 AM,2020.7,0,0.0,52090455.49999997
2025-08-01 10:15:48 AM,2020.7,104,210152.80000000002,52300608.29999997
2025-08-01 10:16:52 AM,2020.7,10,20207.0,52320815.29999997
2025-08-01 10:16:57 AM,2019.0,0,0.0,52320815.29999997
2025-08-01 10:16:57 AM,2019.0,19,38361.0,52359176.29999997
2025-08-01 10:17:14 AM,2019.0,5,10095.0,52369271.29999997
2025-08-01 10:18:00 AM,2019.0,50,100950.0,52470221.29999997
2025-08-01 10:18:21 AM,2016.7,0,0.0,52470221.29999997
2025-08-01 10:18:23 AM,2017.3,0,0.0,52470221.29999997
2025-08-01 10:18:24 AM,2017.3,23,46397.9,52516619.199999966
2025-08-01 10:18:30 AM,2017.3,238,480117.39999999997,52996736.599999964
2025-08-01 10:19:25 AM,2014.9,0,0.0,52996736.599999964
2025-08-01 10:19:27 AM,2014.9,25,50372.5,53047109.099999964
2025-08-01 10:20:24 AM,2017.2,3,6051.6,53053160.699999966
2025-08-01 10:20:31 AM,2015.4,0,0.0,53053160.699999966
2025-08-01 10:20:31 AM,2015.4,2,4030.8,53057191.49999996
2025-08-01 10:20:54 AM,2015.4,15,30231.0,53087422.49999996
2025-08-01 10:20:58 AM,2016.0,0,0.0,53087422.49999996
2025-08-01 10:20:59 AM,2016.0,2,4032.0,53091454.49999996
2025-08-01 10:21:10 AM,2018.9,100,201890.0,53293344.49999996
2025-08-01 10:21:36 AM,2020.7,0,0.0,53293344.49999996
2025-08-01 10:21:37 AM,2019.0,14,28266.0,53321610.49999996
2025-08-01 10:21:43 AM,2020.3,100,202030.0,53523640.49999996
2025-08-01 10:21:54 AM,2018.0,0,0.0,53523640.49999996
2025-08-01 10:21:55 AM,2018.0,40,80720.0,53604360.49999996
2025-08-01 10:22:18 AM,2017.1,40,80684.0,53685044.49999996
2025-08-01 10:22:30 AM,2019.8,0,0.0,53685044.49999996
2025-08-01 10:22:30 AM,2019.8,10,20198.0,53705242.49999996
2025-08-01 10:23:19 AM,2019.0,2,4038.0,53709280.49999996
2025-08-01 10:24:26 AM,2019.8,1,2019.8,53711300.29999996
2025-08-01 10:24:32 AM,2019.0,0,0.0,53711300.29999996
2025-08-01 10:24:35 AM,2019.0,57,115083.0,53826383.29999996
2025-08-01 10:24:53 AM,2017.8,0,0.0,53826383.29999996
2025-08-01 10:24:54 AM,2017.8,10,20178.0,53846561.29999996
2025-08-01 10:25:24 AM,2016.6,0,0.0,53846561.29999996
2025-08-01 10:25:26 AM,2016.6,4,8066.4,53854627.69999996
2025-08-01 10:25:33 AM,2016.8,0,0.0,53854627.69999996
2025-08-01 10:25:34 AM,2016.8,3,6050.4,53860678.09999996
2025-08-01 10:25:57 AM,2016.1,0,0.0,53860678.09999996
2025-08-01 10:25:59 AM,2016.1,38,76611.8,53937289.899999954
2025-08-01 10:26:19 AM,2015.5,0,0.0,53937289.899999954
2025-08-01 10:26:21 AM,2015.5,20,40310.0,53977599.899999954
2025-08-01 10:26:39 AM,2012.2,63,126768.6,54104368.499999955
2025-08-01 10:26:51 AM,2012.9,0,0.0,54104368.499999955
2025-08-01 10:26:52 AM,2012.9,556,1119172.4000000001,55223540.899999954
2025-08-01 10:27:04 AM,2014.9,1,2014.9,55225555.79999995
2025-08-01 10:27:18 AM,2016.6,0,0.0,55225555.79999995
2025-08-01 10:27:18 AM,2016.6,2,4033.2,55229588.999999955
2025-08-01 10:27:24 AM,2015.1,11,22166.1,55251755.09999996
2025-08-01 10:29:08 AM,2012.2,0,0.0,55251755.09999996
2025-08-01 10:29:08 AM,2012.5,21,42262.5,55294017.59999996
2025-08-01 10:29:16 AM,2014.5,15,30217.5,55324235.09999996
2025-08-01 10:29:55 AM,2012.2,32,64390.4,55388625.499999955
2025-08-01 10:30:51 AM,2014.3,0,0.0,55388625.499999955
2025-08-01 10:30:52 AM,2014.3,10,20143.0,55408768.499999955
2025-08-01 10:31:01 AM,2012.2,13,26158.600000000002,55434927.09999996
2025-08-01 10:31:16 AM,2012.2,55,110671.0,55545598.09999996
2025-08-01 10:31:22 AM,2012.3,0,0.0,55545598.09999996
2025-08-01 10:31:24 AM,2012.3,10,20123.0,55565721.09999996
2025-08-01 10:31:37 AM,2012.2,0,0.0,55565721.09999996
2025-08-01 10:31:40 AM,2012.2,10,20122.0,55585843.09999996
2025-08-01 10:31:49 AM,2012.2,10,20122.0,55605965.09999996
2025-08-01 10:31:55 AM,2012.2,198,398415.60000000003,56004380.69999996
2025-08-01 10:32:07 AM,2013.9,0,0.0,56004380.69999996
2025-08-01 10:32:08 AM,2013.9,10,20139.0,56024519.69999996
2025-08-01 10:32:15 AM,2014.2,2,4028.4,56028548.09999996
2025-08-01 10:32:41 AM,2015.6,5,10078.0,56038626.09999996
2025-08-01 10:33:18 AM,2015.7,0,0.0,56038626.09999996
2025-08-01 10:33:18 AM,2015.7,10,20157.0,56058783.09999996
2025-08-01 10:34:31 AM,2016.9,52,104878.8,56163661.899999954
2025-08-01 10:34:56 AM,2019.0,10,20190.0,56183851.899999954
2025-08-01 10:34:58 AM,2017.5,0,0.0,56183851.899999954
2025-08-01 10:34:59 AM,2017.5,26,52455.0,56236306.899999954
2025-08-01 10:35:27 AM,2015.9,5,10079.5,56246386.399999954
2025-08-01 10:35:33 AM,2017.8,0,0.0,56246386.399999954
2025-08-01 10:35:33 AM,2017.8,20,40356.0,56286742.399999954
2025-08-01 10:35:48 AM,2015.3,0,0.0,56286742.399999954
2025-08-01 10:35:50 AM,2015.3,10,20153.0,56306895.399999954
2025-08-01 10:35:51 AM,2016.1,0,0.0,56306895.399999954
2025-08-01 10:35:52 AM,2016.1,26,52418.6,56359313.999999955
2025-08-01 10:36:26 AM,2014.2,0,0.0,56359313.999999955
2025-08-01 10:36:26 AM,2014.2,6,12085.2,56371399.19999996
2025-08-01 10:36:29 AM,2014.5,25,50362.5,56421761.69999996
2025-08-01 10:36:45 AM,2014.7,2,4029.4,56425791.09999996
2025-08-01 10:37:20 AM,2014.6,0,0.0,56425791.09999996
2025-08-01 10:37:20 AM,2014.6,5,10073.0,56435864.09999996
2025-08-01 10:37:26 AM,2014.1,0,0.0,56435864.09999996
2025-08-01 10:37:26 AM,2014.1,20,40282.0,56476146.09999996
2025-08-01 10:37:46 AM,2014.1,1,2014.1,56478160.19999996
2025-08-01 10:38:12 AM,2015.0,33,66495.0,56544655.19999996
2025-08-01 10:38:30 AM,2014.1,0,0.0,56544655.19999996
2025-08-01 10:38:31 AM,2014.1,30,60423.0,56605078.19999996
2025-08-01 10:38:36 AM,2012.8,0,0.0,56605078.19999996
2025-08-01 10:38:37 AM,2013.5,0,0.0,56605078.19999996
2025-08-01 10:38:37 AM,2013.5,25,50337.5,56655415.69999996
2025-08-01 10:38:39 AM,2011.5,0,0.0,56655415.69999996
2025-08-01 10:38:40 AM,2011.5,15,30172.5,56685588.19999996
2025-08-01 10:39:18 AM,2010.5,0,0.0,56685588.19999996
2025-08-01 10:39:19 AM,2010.5,25,50262.5,56735850.69999996
2025-08-01 10:39:48 AM,2010.6,0,0.0,56735850.69999996
2025-08-01 10:39:49 AM,2011.9,9,18107.100000000002,56753957.79999996
2025-08-01 10:39:54 AM,2010.0,0,0.0,56753957.79999996
2025-08-01 10:39:55 AM,2010.0,95,190950.0,56944907.79999996
2025-08-01 10:39:58 AM,2008.1,62,124502.2,57069409.99999996
2025-08-01 10:40:34 AM,2007.4,5,10037.0,57079446.99999996
2025-08-01 10:40:56 AM,2007.5,167,335252.5,57414699.49999996
2025-08-01 10:40:57 AM,2007.7,0,0.0,57414699.49999996
2025-08-01 10:40:59 AM,2007.7,6,12046.2,57426745.699999966
2025-08-01 10:41:33 AM,2006.3,124,248781.19999999998,57675526.89999997
2025-08-01 10:41:37 AM,2006.8,0,0.0,57675526.89999997
2025-08-01 10:41:38 AM,2006.8,1,2006.8,57677533.699999966
2025-08-01 10:41:44 AM,2003.0,0,0.0,57677533.699999966
2025-08-01 10:41:44 AM,2003.0,128,256384.0,57933917.699999966
2025-08-01 10:41:49 AM,2004.0,0,0.0,57933917.699999966
2025-08-01 10:41:49 AM,2004.0,1,2004.0,57935921.699999966
2025-08-01 10:41:50 AM,2002.2,0,0.0,57935921.699999966
2025-08-01 10:41:51 AM,2002.2,41,82090.2,58018011.89999997
2025-08-01 10:42:00 AM,2005.1,129,258657.9,58276669.79999997
2025-08-01 10:42:10 AM,2005.8,0,0.0,58276669.79999997
2025-08-01 10:42:11 AM,2005.8,10,20058.0,58296727.79999997
2025-08-01 10:42:34 AM,2007.0,0,0.0,58296727.79999997
2025-08-01 10:42:35 AM,2007.0,4,8028.0,58304755.79999997
2025-08-01 10:43:03 AM,2007.9,0,0.0,58304755.79999997
2025-08-01 10:43:03 AM,2007.9,20,40158.0,58344913.79999997
2025-08-01 10:43:39 AM,2005.3,28,56148.4,58401062.199999966
2025-08-01 10:44:12 AM,2005.3,4,8021.2,58409083.39999997
2025-08-01 10:44:27 AM,2005.4,0,0.0,58409083.39999997
2025-08-01 10:44:29 AM,2005.4,1,2005.4,58411088.79999997
2025-08-01 10:44:48 AM,2004.9,0,0.0,58411088.79999997
2025-08-01 10:44:48 AM,2004.9,8,16039.2,58427127.99999997
2025-08-01 10:45:01 AM,2004.1,0,0.0,58427127.99999997
2025-08-01 10:45:01 AM,2004.1,9,18036.899999999998,58445164.89999997
2025-08-01 10:45:08 AM,2006.8,0,0.0,58445164.89999997
2025-08-01 10:45:10 AM,2006.8,2,4013.6,58449178.49999997
2025-08-01 10:45:23 AM,2005.4,0,0.0,58449178.49999997
2025-08-01 10:45:24 AM,2005.4,1,2005.4,58451183.89999997
2025-08-01 10:45:33 AM,2006.9,0,0.0,58451183.89999997
2025-08-01 10:45:34 AM,2006.9,5,10034.5,58461218.39999997
2025-08-01 10:45:36 AM,2006.8,0,0.0,58461218.39999997
2025-08-01 10:45:37 AM,2006.8,5,10034.0,58471252.39999997
2025-08-01 10:45:40 AM,2006.8,5,10034.0,58481286.39999997
2025-08-01 10:45:42 AM,2008.0,0,0.0,58481286.39999997
2025-08-01 10:45:42 AM,2008.0,2,4016.0,58485302.39999997
2025-08-01 10:45:46 AM,2006.9,0,0.0,58485302.39999997
2025-08-01 10:45:48 AM,2006.9,101,202696.90000000002,58687999.29999997
2025-08-01 10:46:24 AM,2007.8,0,0.0,58687999.29999997
2025-08-01 10:46:24 AM,2007.8,503,1009923.4,59697922.699999966
2025-08-01 10:47:01 AM,2006.7,27,54180.9,59752103.599999964
2025-08-01 10:47:06 AM,2006.9,0,0.0,59752103.599999964
2025-08-01 10:47:06 AM,2006.9,12,24082.800000000003,59776186.39999996
2025-08-01 10:47:34 AM,2004.8,0,0.0,59776186.39999996
2025-08-01 10:47:35 AM,2006.9,30,60207.0,59836393.39999996
2025-08-01 10:47:46 AM,2007.0,2,4014.0,59840407.39999996
2025-08-01 10:47:47 AM,2005.5,0,0.0,59840407.39999996
2025-08-01 10:47:49 AM,2005.5,4,8022.0,59848429.39999996
2025-08-01 10:49:05 AM,2004.4,0,0.0,59848429.39999996
2025-08-01 10:49:05 AM,2004.4,19,38083.6,59886512.99999996
2025-08-01 10:49:07 AM,2006.4,1,2006.4,59888519.39999996
2025-08-01 10:49:07 AM,2006.0,0,0.0,59888519.39999996
2025-08-01 10:49:12 AM,2006.0,55,110330.0,59998849.39999996
2025-08-01 10:49:38 AM,2006.0,100,200600.0,60199449.39999996
2025-08-01 10:50:15 AM,2006.0,1,2006.0,60201455.39999996
2025-08-01 10:50:25 AM,2009.1,0,0.0,60201455.39999996
2025-08-01 10:50:27 AM,2009.1,82,164746.19999999998,60366201.599999964
2025-08-01 10:51:26 AM,2009.4,0,0.0,60366201.599999964
2025-08-01 10:51:28 AM,2009.4,2,4018.8,60370220.39999996
2025-08-01 10:51:54 AM,2010.8,0,0.0,60370220.39999996
2025-08-01 10:51:56 AM,2010.8,50,100540.0,60470760.39999996
2025-08-01 10:52:10 AM,2011.4,0,0.0,60470760.39999996
2025-08-01 10:52:12 AM,2011.4,15,30171.0,60500931.39999996
2025-08-01 10:52:23 AM,2011.4,2,4022.8,60504954.19999996
2025-08-01 10:52:29 AM,2011.3,2,4022.6,60508976.79999996
2025-08-01 10:52:45 AM,2011.7,0,0.0,60508976.79999996
2025-08-01 10:52:45 AM,2011.7,25,50292.5,60559269.29999996
2025-08-01 10:53:20 AM,2009.7,0,0.0,60559269.29999996
2025-08-01 10:53:21 AM,2009.7,1,2009.7,60561278.99999996
2025-08-01 10:53:48 AM,2009.8,0,0.0,60561278.99999996
2025-08-01 10:53:48 AM,2009.8,12,24117.6,60585396.599999964
2025-08-01 10:53:56 AM,2011.9,0,0.0,60585396.599999964
2025-08-01 10:53:58 AM,2012.2,0,0.0,60585396.599999964
2025-08-01 10:53:58 AM,2012.2,22,44268.4,60629664.99999996
2025-08-01 10:55:07 AM,2012.2,4,8048.8,60637713.79999996
2025-08-01 10:55:47 AM,2004.1,333,667365.2999999999,61305079.09999996
2025-08-01 10:55:56 AM,2004.0,0,0.0,61305079.09999996
2025-08-01 10:55:56 AM,2004.0,25,50100.0,61355179.09999996
2025-08-01 10:56:16 AM,2002.1,0,0.0,61355179.09999996
2025-08-01 10:56:17 AM,2002.1,1,2002.1,61357181.19999996
2025-08-01 10:56:20 AM,2003.3,0,0.0,61357181.19999996
2025-08-01 10:56:22 AM,2003.3,55,110181.5,61467362.69999996
2025-08-01 10:56:59 AM,2002.3,10,20023.0,61487385.69999996
2025-08-01 10:57:08 AM,2003.3,0,0.0,61487385.69999996
2025-08-01 10:57:10 AM,2003.3,1,2003.3,61489388.999999955
2025-08-01 10:57:15 AM,2003.1,1,2003.1,61491392.09999996
2025-08-01 10:57:47 AM,2004.6,26,52119.6,61543511.69999996
2025-08-01 10:58:07 AM,2006.6,0,0.0,61543511.69999996
2025-08-01 10:58:08 AM,2006.6,10,20066.0,61563577.69999996
2025-08-01 10:58:18 AM,2004.9,0,0.0,61563577.69999996
2025-08-01 10:58:19 AM,2004.9,9,18044.100000000002,61581621.79999996
2025-08-01 10:58:28 AM,2004.1,0,0.0,61581621.79999996
2025-08-01 10:58:30 AM,2004.1,1,2004.1,61583625.89999996
2025-08-01 10:58:34 AM,2003.0,0,0.0,61583625.89999996
2025-08-01 10:58:35 AM,2003.0,258,516774.0,62100399.89999996
2025-08-01 10:58:40 AM,2002.1,0,0.0,62100399.89999996
2025-08-01 10:58:41 AM,2002.1,2,4004.2,62104404.099999964
2025-08-01 10:59:00 AM,2002.2,0,0.0,62104404.099999964
2025-08-01 10:59:02 AM,2002.2,15,30033.0,62134437.099999964
2025-08-01 10:59:08 AM,2004.3,0,0.0,62134437.099999964
2025-08-01 10:59:08 AM,2004.3,3,6012.9,62140449.99999996
2025-08-01 10:59:54 AM,2002.3,100,200230.0,62340679.99999996
2025-08-01 10:59:58 AM,2004.3,0,0.0,62340679.99999996
2025-08-01 11:00:00 AM,2004.3,150,300645.0,62641324.99999996
2025-08-01 11:00:17 AM,2005.0,0,0.0,62641324.99999996
2025-08-01 11:00:17 AM,2005.0,127,254635.0,62895959.99999996
2025-08-01 11:00:22 AM,2003.9,0,0.0,62895959.99999996
2025-08-01 11:00:23 AM,2003.9,10,20039.0,62915998.99999996
2025-08-01 11:00:32 AM,2006.4,0,0.0,62915998.99999996
2025-08-01 11:00:34 AM,2006.4,20,40128.0,62956126.99999996
2025-08-01 11:01:03 AM,2004.7,0,0.0,62956126.99999996
2025-08-01 11:01:05 AM,2004.7,1,2004.7,62958131.699999966
2025-08-01 11:02:17 AM,2006.6,0,0.0,62958131.699999966
2025-08-01 11:02:19 AM,2006.6,20,40132.0,62998263.699999966
2025-08-01 11:02:25 AM,2004.8,4,8019.2,63006282.89999997
2025-08-01 11:02:30 AM,2004.6,10,20046.0,63026328.89999997
2025-08-01 11:02:41 AM,2003.8,0,0.0,63026328.89999997
2025-08-01 11:02:42 AM,2003.8,2,4007.6,63030336.49999997
2025-08-01 11:03:35 AM,2006.4,0,0.0,63030336.49999997
2025-08-01 11:03:35 AM,2006.4,10,20064.0,63050400.49999997
2025-08-01 11:03:52 AM,2008.7,254,510209.8,63560610.29999997
2025-08-01 11:04:57 AM,2009.3,120,241116.0,63801726.29999997
2025-08-01 11:07:35 AM,2006.4,0,0.0,63801726.29999997
2025-08-01 11:07:37 AM,2006.4,10,20064.0,63821790.29999997
2025-08-01 11:07:53 AM,2007.1,52,104369.2,63926159.49999997
2025-08-01 11:07:59 AM,2007.1,1,2007.1,63928166.59999997
2025-08-01 11:08:14 AM,2008.0,0,0.0,63928166.59999997
2025-08-01 11:08:15 AM,2008.0,100,200800.0,64128966.59999997
2025-08-01 11:08:25 AM,2006.4,27,54172.8,64183139.39999997
2025-08-01 11:08:50 AM,2006.2,0,0.0,64183139.39999997
2025-08-01 11:08:51 AM,2006.2,10,20062.0,64203201.39999997
2025-08-01 11:09:00 AM,2004.3,0,0.0,64203201.39999997
2025-08-01 11:09:02 AM,2004.3,44,88189.2,64291390.59999997
2025-08-01 11:09:19 AM,2002.3,5,10011.5,64301402.09999997
2025-08-01 11:09:42 AM,2002.1,0,0.0,64301402.09999997
2025-08-01 11:09:43 AM,2002.1,2,4004.2,64305406.299999975
2025-08-01 11:10:18 AM,2003.4,0,0.0,64305406.299999975
2025-08-01 11:10:19 AM,2003.4,3,6010.200000000001,64311416.49999998
2025-08-01 11:11:25 AM,2006.1,0,0.0,64311416.49999998
2025-08-01 11:11:25 AM,2006.1,6,12036.599999999999,64323453.09999998
2025-08-01 11:12:32 AM,2003.5,0,0.0,64323453.09999998
2025-08-01 11:12:34 AM,2003.5,10,20035.0,64343488.09999998
2025-08-01 11:12:42 AM,2005.4,0,0.0,64343488.09999998
2025-08-01 11:12:45 AM,2005.4,10,20054.0,64363542.09999998
2025-08-01 11:13:11 AM,2004.5,2,4009.0,64367551.09999998
2025-08-01 11:13:49 AM,2003.4,2,4006.8,64371557.899999976
2025-08-01 11:14:03 AM,2002.6,0,0.0,64371557.899999976
2025-08-01 11:14:05 AM,2002.6,20,40052.0,64411609.899999976
2025-08-01 11:14:27 AM,2002.7,2,4005.4,64415615.299999975
2025-08-01 11:15:10 AM,2002.7,3,6008.1,64421623.399999976
2025-08-01 11:15:47 AM,2002.8,0,0.0,64421623.399999976
2025-08-01 11:15:47 AM,2002.8,3,6008.4,64427631.799999975
2025-08-01 11:15:53 AM,2004.6,9,18041.399999999998,64445673.19999997
2025-08-01 11:16:34 AM,2005.3,1,2005.3,64447678.49999997
2025-08-01 11:17:13 AM,2003.0,40,80120.0,64527798.49999997
2025-08-01 11:17:55 AM,2003.5,0,0.0,64527798.49999997
2025-08-01 11:17:55 AM,2003.5,3,6010.5,64533808.99999997
2025-08-01 11:18:00 AM,2005.0,1,2005.0,64535813.99999997
2025-08-01 11:18:15 AM,2003.5,0,0.0,64535813.99999997
2025-08-01 11:18:15 AM,2003.5,72,144252.0,64680065.99999997
2025-08-01 11:18:36 AM,2004.6,0,0.0,64680065.99999997
2025-08-01 11:18:38 AM,2004.6,20,40092.0,64720157.99999997
2025-08-01 11:19:40 AM,2004.6,2,4009.2,64724167.19999997
2025-08-01 11:20:42 AM,2006.9,0,0.0,64724167.19999997
2025-08-01 11:20:43 AM,2006.9,100,200690.0,64924857.19999997
2025-08-01 11:20:58 AM,2008.1,0,0.0,64924857.19999997
2025-08-01 11:20:58 AM,2008.1,100,200810.0,65125667.19999997
2025-08-01 11:21:18 AM,2006.5,0,0.0,65125667.19999997
2025-08-01 11:21:20 AM,2006.5,21,42136.5,65167803.69999997
2025-08-01 11:21:55 AM,2007.9,0,0.0,65167803.69999997
2025-08-01 11:21:56 AM,2007.9,25,50197.5,65218001.19999997
2025-08-01 11:22:00 AM,2005.3,0,0.0,65218001.19999997
2025-08-01 11:22:01 AM,2005.3,1,2005.3,65220006.49999997
2025-08-01 11:22:09 AM,2005.2,0,0.0,65220006.49999997
2025-08-01 11:22:12 AM,2005.2,2,4010.4,65224016.89999997
2025-08-01 11:22:46 AM,2006.5,0,0.0,65224016.89999997
2025-08-01 11:22:49 AM,2006.5,5,10032.5,65234049.39999997
2025-08-01 11:23:18 AM,2006.8,0,0.0,65234049.39999997
2025-08-01 11:23:21 AM,2006.8,1,2006.8,65236056.199999966
2025-08-01 11:23:30 AM,2006.1,0,0.0,65236056.199999966
2025-08-01 11:23:31 AM,2006.1,14,28085.399999999998,65264141.599999964
2025-08-01 11:24:30 AM,2004.3,0,0.0,65264141.599999964
2025-08-01 11:24:33 AM,2004.3,4,8017.2,65272158.79999997
2025-08-01 11:25:08 AM,2006.9,0,0.0,65272158.79999997
2025-08-01 11:25:10 AM,2006.9,24,48165.600000000006,65320324.39999997
2025-08-01 11:25:35 AM,2006.6,201,403326.6,65723650.99999997
2025-08-01 11:26:32 AM,2006.7,0,0.0,65723650.99999997
2025-08-01 11:26:32 AM,2006.7,5,10033.5,65733684.49999997
2025-08-01 11:27:28 AM,2006.7,571,1145825.7,66879510.19999997
2025-08-01 11:28:50 AM,2005.2,2,4010.4,66883520.59999997
2025-08-01 11:30:03 AM,2005.2,5,10026.0,66893546.59999997
2025-08-01 11:30:34 AM,2006.3,10,20063.0,66913609.59999997
2025-08-01 11:31:00 AM,2005.2,0,0.0,66913609.59999997
2025-08-01 11:31:02 AM,2005.2,15,30078.0,66943687.59999997
2025-08-01 11:32:36 AM,2005.0,0,0.0,66943687.59999997
2025-08-01 11:32:36 AM,2005.0,35,70175.0,67013862.59999997
2025-08-01 11:32:40 AM,2002.6,0,0.0,67013862.59999997
2025-08-01 11:32:41 AM,2002.6,50,100130.0,67113992.59999996
2025-08-01 11:33:16 AM,2004.7,0,0.0,67113992.59999996
2025-08-01 11:33:16 AM,2004.7,1,2004.7,67115997.29999997
2025-08-01 11:33:25 AM,2002.9,0,0.0,67115997.29999997
2025-08-01 11:33:26 AM,2002.9,2,4005.8,67120003.09999996
2025-08-01 11:33:49 AM,2004.0,0,0.0,67120003.09999996
2025-08-01 11:33:52 AM,2004.0,22,44088.0,67164091.09999996
2025-08-01 11:34:35 AM,2003.2,0,0.0,67164091.09999996
2025-08-01 11:34:38 AM,2003.2,50,100160.0,67264251.09999996
2025-08-01 11:34:55 AM,2002.4,0,0.0,67264251.09999996
2025-08-01 11:34:59 AM,2002.4,25,50060.0,67314311.09999996
2025-08-01 11:35:04 AM,2002.4,12,24028.800000000003,67338339.89999996
2025-08-01 11:35:34 AM,2002.3,0,0.0,67338339.89999996
2025-08-01 11:35:36 AM,2002.3,10,20023.0,67358362.89999996
2025-08-01 11:35:41 AM,2002.3,71,142163.3,67500526.19999996
2025-08-01 11:36:07 AM,2002.0,45,90090.0,67590616.19999996
2025-08-01 11:36:12 AM,2002.0,58,116116.0,67706732.19999996
2025-08-01 11:36:39 AM,2002.1,0,0.0,67706732.19999996
2025-08-01 11:36:43 AM,2002.1,5,10010.5,67716742.69999996
2025-08-01 11:38:16 AM,2001.6,0,0.0,67716742.69999996
2025-08-01 11:38:17 AM,2001.6,3,6004.799999999999,67722747.49999996
2025-08-01 11:38:17 AM,2003.1,25,50077.5,67772824.99999996
2025-08-01 11:38:24 AM,2001.5,0,0.0,67772824.99999996
2025-08-01 11:38:27 AM,2001.5,2,4003.0,67776827.99999996
2025-08-01 11:39:31 AM,1996.9,0,0.0,67776827.99999996
2025-08-01 11:39:32 AM,1996.9,854,1705352.6,69482180.59999995
2025-08-01 11:39:33 AM,1996.7,1,1996.7,69484177.29999995
2025-08-01 11:39:36 AM,1995.0,0,0.0,69484177.29999995
2025-08-01 11:39:38 AM,1995.0,151,301245.0,69785422.29999995
2025-08-01 11:39:44 AM,1990.4,612,1218124.8,71003547.09999995
2025-08-01 11:39:45 AM,1988.2,0,0.0,71003547.09999995
2025-08-01 11:39:45 AM,1988.2,2279,4531107.8,75534654.89999995
2025-08-01 11:39:49 AM,1988.3,1,1988.3,75536643.19999994
2025-08-01 11:39:51 AM,1988.4,1,1988.4,75538631.59999995
2025-08-01 11:39:56 AM,1987.0,101,200687.0,75739318.59999995
2025-08-01 11:40:00 AM,1984.8,19,37711.2,75777029.79999995
2025-08-01 11:40:06 AM,1985.3,1,1985.3,75779015.09999995
2025-08-01 11:40:08 AM,1984.5,0,0.0,75779015.09999995
2025-08-01 11:40:09 AM,1984.5,30,59535.0,75838550.09999995
2025-08-01 11:40:13 AM,1983.8,0,0.0,75838550.09999995
2025-08-01 11:40:15 AM,1983.8,46,91254.8,75929804.89999995
2025-08-01 11:40:16 AM,1986.8,0,0.0,75929804.89999995
2025-08-01 11:40:16 AM,1986.8,395,784786.0,76714590.89999995
2025-08-01 11:40:19 AM,1984.8,0,0.0,76714590.89999995
2025-08-01 11:40:20 AM,1984.8,100,198480.0,76913070.89999995
2025-08-01 11:40:26 AM,1984.9,60,119094.0,77032164.89999995
2025-08-01 11:40:32 AM,1983.1,0,0.0,77032164.89999995
2025-08-01 11:40:35 AM,1983.1,100,198310.0,77230474.89999995
2025-08-01 11:40:43 AM,1985.9,0,0.0,77230474.89999995
2025-08-01 11:40:45 AM,1985.9,134,266110.60000000003,77496585.49999994
2025-08-01 11:40:49 AM,1984.2,0,0.0,77496585.49999994
2025-08-01 11:40:51 AM,1984.2,50,99210.0,77595795.49999994
2025-08-01 11:40:55 AM,1985.8,91,180707.8,77776503.29999994
2025-08-01 11:41:04 AM,1983.9,0,0.0,77776503.29999994
2025-08-01 11:41:06 AM,1983.9,60,119034.0,77895537.29999994
2025-08-01 11:41:11 AM,1982.7,0,0.0,77895537.29999994
2025-08-01 11:41:11 AM,1982.7,75,148702.5,78044239.79999994
2025-08-01 11:41:17 AM,1981.9,100,198190.0,78242429.79999994
2025-08-01 11:41:19 AM,1981.4,0,0.0,78242429.79999994
2025-08-01 11:41:21 AM,1981.4,9,17832.600000000002,78260262.39999993
2025-08-01 11:41:23 AM,1981.0,0,0.0,78260262.39999993
2025-08-01 11:41:26 AM,1981.0,60,118860.0,78379122.39999993
2025-08-01 11:41:35 AM,1983.8,0,0.0,78379122.39999993
2025-08-01 11:41:35 AM,1983.8,22,43643.6,78422765.99999993
2025-08-01 11:41:48 AM,1982.4,0,0.0,78422765.99999993
2025-08-01 11:41:51 AM,1983.7,4,7934.8,78430700.79999992
2025-08-01 11:41:51 AM,1983.7,2,3967.4,78434668.19999993
2025-08-01 11:41:56 AM,1983.3,1,1983.3,78436651.49999993
2025-08-01 11:41:57 AM,1981.9,0,0.0,78436651.49999993
2025-08-01 11:42:01 AM,1981.9,2,3963.8,78440615.29999992
2025-08-01 11:42:04 AM,1985.3,0,0.0,78440615.29999992
2025-08-01 11:42:06 AM,1985.3,23,45661.9,78486277.19999993
2025-08-01 11:42:16 AM,1985.3,5,9926.5,78496203.69999993
2025-08-01 11:42:23 AM,1982.3,0,0.0,78496203.69999993
2025-08-01 11:42:23 AM,1981.8,0,0.0,78496203.69999993
2025-08-01 11:42:26 AM,1985.6,0,0.0,78496203.69999993
2025-08-01 11:42:26 AM,1985.6,238,472572.8,78968776.49999993
2025-08-01 11:42:27 AM,1983.1,0,0.0,78968776.49999993
2025-08-01 11:42:32 AM,1983.1,80,158648.0,79127424.49999993
2025-08-01 11:42:41 AM,1990.6,0,0.0,79127424.49999993
2025-08-01 11:42:43 AM,1990.6,449,893779.3999999999,80021203.89999993
2025-08-01 11:42:59 AM,1990.5,1,1990.5,80023194.39999993
2025-08-01 11:43:19 AM,1989.8,0,0.0,80023194.39999993
2025-08-01 11:43:20 AM,1989.8,1,1989.8,80025184.19999993
2025-08-01 11:43:34 AM,1989.6,0,0.0,80025184.19999993
2025-08-01 11:43:35 AM,1989.5,0,0.0,80025184.19999993
2025-08-01 11:43:36 AM,1989.5,4,7958.0,80033142.19999993
2025-08-01 11:43:47 AM,1989.6,0,0.0,80033142.19999993
2025-08-01 11:43:51 AM,1989.6,20,39792.0,80072934.19999993
2025-08-01 11:44:05 AM,1990.0,0,0.0,80072934.19999993
2025-08-01 11:44:07 AM,1990.0,167,332330.0,80405264.19999993
2025-08-01 11:44:22 AM,1988.1,0,0.0,80405264.19999993
2025-08-01 11:44:25 AM,1988.1,37,73559.7,80478823.89999993
2025-08-01 11:44:34 AM,1993.9,0,0.0,80478823.89999993
2025-08-01 11:44:37 AM,1993.9,110,219329.0,80698152.89999993
2025-08-01 11:44:42 AM,1993.9,1,1993.9,80700146.79999994
2025-08-01 11:44:46 AM,1993.0,0,0.0,80700146.79999994
2025-08-01 11:44:48 AM,1993.0,10,19930.0,80720076.79999994
2025-08-01 11:44:55 AM,1996.8,0,0.0,80720076.79999994
2025-08-01 11:44:58 AM,1996.8,19,37939.2,80758015.99999994
2025-08-01 11:45:07 AM,1998.4,0,0.0,80758015.99999994
2025-08-01 11:45:09 AM,2000.0,57,114000.0,80872015.99999994
2025-08-01 11:45:55 AM,1999.3,0,0.0,80872015.99999994
2025-08-01 11:45:57 AM,1999.3,4,7997.2,80880013.19999994
2025-08-01 11:46:16 AM,1999.0,0,0.0,80880013.19999994
2025-08-01 11:46:18 AM,1999.0,40,79960.0,80959973.19999994
2025-08-01 11:46:25 AM,2000.0,0,0.0,80959973.19999994
2025-08-01 11:46:29 AM,2000.0,78,156000.0,81115973.19999994
2025-08-01 11:46:40 AM,2000.5,2,4001.0,81119974.19999994
2025-08-01 11:46:49 AM,2002.7,0,0.0,81119974.19999994
2025-08-01 11:46:50 AM,2002.7,69,138186.30000000002,81258160.49999994
2025-08-01 11:47:22 AM,2002.0,0,0.0,81258160.49999994
2025-08-01 11:47:22 AM,2002.0,22,44044.0,81302204.49999994
2025-08-01 11:47:41 AM,2004.3,98,196421.4,81498625.89999995
2025-08-01 11:48:00 AM,2002.4,0,0.0,81498625.89999995
2025-08-01 11:48:01 AM,2001.5,0,0.0,81498625.89999995
2025-08-01 11:48:02 AM,2001.5,50,100075.0,81598700.89999995
2025-08-01 11:48:37 AM,2000.0,5,10000.0,81608700.89999995
2025-08-01 11:50:17 AM,1998.9,0,0.0,81608700.89999995
2025-08-01 11:50:21 AM,1998.9,5,9994.5,81618695.39999995
2025-08-01 11:51:17 AM,1996.4,0,0.0,81618695.39999995
2025-08-01 11:51:20 AM,1996.4,1,1996.4,81620691.79999995
2025-08-01 11:51:21 AM,1998.2,0,0.0,81620691.79999995
2025-08-01 11:51:25 AM,1998.2,10,19982.0,81640673.79999995
2025-08-01 11:52:12 AM,1995.0,0,0.0,81640673.79999995
2025-08-01 11:52:15 AM,1995.0,67,133665.0,81774338.79999995
2025-08-01 11:52:16 AM,1995.0,50,99750.0,81874088.79999995
2025-08-01 11:52:34 AM,1990.7,0,0.0,81874088.79999995
2025-08-01 11:52:35 AM,1993.4,0,0.0,81874088.79999995
2025-08-01 11:52:35 AM,1993.4,223,444528.2,82318616.99999996
2025-08-01 11:53:15 AM,1992.3,0,0.0,82318616.99999996
2025-08-01 11:53:16 AM,1992.3,2,3984.6,82322601.59999995
2025-08-01 11:53:25 AM,1991.3,0,0.0,82322601.59999995
2025-08-01 11:53:27 AM,1991.3,3,5973.9,82328575.49999996
2025-08-01 11:53:34 AM,1989.7,0,0.0,82328575.49999996
2025-08-01 11:53:37 AM,1989.7,40,79588.0,82408163.49999996
2025-08-01 11:53:47 AM,1990.7,4,7962.8,82416126.29999995
2025-08-01 11:54:39 AM,1987.7,3,5963.1,82422089.39999995
2025-08-01 11:55:21 AM,1987.2,0,0.0,82422089.39999995
2025-08-01 11:55:23 AM,1987.2,2,3974.4,82426063.79999995
2025-08-01 11:55:27 AM,1987.6,0,0.0,82426063.79999995
2025-08-01 11:55:28 AM,1987.6,10,19876.0,82445939.79999995
2025-08-01 11:55:48 AM,1987.6,3,5962.799999999999,82451902.59999995
2025-08-01 11:56:01 AM,1988.8,0,0.0,82451902.59999995
2025-08-01 11:56:03 AM,1988.8,7,13921.6,82465824.19999994
2025-08-01 11:56:07 AM,1987.6,0,0.0,82465824.19999994
2025-08-01 11:56:08 AM,1987.6,2,3975.2,82469799.39999995
2025-08-01 11:56:19 AM,1988.5,0,0.0,82469799.39999995
2025-08-01 11:56:20 AM,1988.5,1,1988.5,82471787.89999995
2025-08-01 11:56:21 AM,1988.8,0,0.0,82471787.89999995
2025-08-01 11:56:24 AM,1988.8,5,9944.0,82481731.89999995
2025-08-01 11:56:29 AM,1988.8,10,19888.0,82501619.89999995
2025-08-01 11:56:38 AM,1989.2,0,0.0,82501619.89999995
2025-08-01 11:56:39 AM,1989.2,10,19892.0,82521511.89999995
2025-08-01 11:57:18 AM,1987.1,0,0.0,82521511.89999995
2025-08-01 11:57:19 AM,1987.1,5,9935.5,82531447.39999995
2025-08-01 11:57:25 AM,1987.0,0,0.0,82531447.39999995
2025-08-01 11:57:25 AM,1987.0,89,176843.0,82708290.39999995
2025-08-01 11:58:04 AM,1987.0,208,413296.0,83121586.39999995
2025-08-01 11:58:06 AM,1987.0,428,850436.0,83972022.39999995
2025-08-01 11:58:25 AM,1986.4,0,0.0,83972022.39999995
2025-08-01 11:58:26 AM,1986.4,5,9932.0,83981954.39999995
2025-08-01 11:58:46 AM,1987.0,0,0.0,83981954.39999995
2025-08-01 11:58:47 AM,1987.0,5,9935.0,83991889.39999995
2025-08-01 11:58:53 AM,1987.4,5,9937.0,84001826.39999995
2025-08-01 11:59:00 AM,1988.1,0,0.0,84001826.39999995
2025-08-01 11:59:03 AM,1988.1,25,49702.5,84051528.89999995
2025-08-01 12:00:17 PM,1987.4,0,0.0,84051528.89999995
2025-08-01 12:00:17 PM,1987.4,5,9937.0,84061465.89999995
2025-08-01 12:00:28 PM,1987.4,2,3974.8,84065440.69999994
2025-08-01 12:00:47 PM,1985.8,10,19858.0,84085298.69999994
2025-08-01 12:00:54 PM,1984.7,0,0.0,84085298.69999994
2025-08-01 12:00:54 PM,1984.7,40,79388.0,84164686.69999994
2025-08-01 12:01:32 PM,1983.9,3,5951.700000000001,84170638.39999995
2025-08-01 12:02:23 PM,1983.2,0,0.0,84170638.39999995
2025-08-01 12:02:25 PM,1983.2,44,87260.8,84257899.19999994
2025-08-01 12:02:27 PM,1986.2,0,0.0,84257899.19999994
2025-08-01 12:02:27 PM,1986.2,20,39724.0,84297623.19999994
2025-08-01 12:02:50 PM,1985.7,0,0.0,84297623.19999994
2025-08-01 12:02:53 PM,1985.7,4,7942.8,84305565.99999994
2025-08-01 12:02:54 PM,1982.1,100,198210.0,84503775.99999994
2025-08-01 12:02:57 PM,1981.7,0,0.0,84503775.99999994
2025-08-01 12:02:58 PM,1981.7,48,95121.6,84598897.59999993
2025-08-01 12:03:09 PM,1984.7,108,214347.6,84813245.19999993
2025-08-01 12:03:17 PM,1985.0,1,1985.0,84815230.19999993
2025-08-01 12:03:29 PM,1983.8,12,23805.6,84839035.79999992
2025-08-01 12:03:34 PM,1985.6,1,1985.6,84841021.39999992
2025-08-01 12:04:36 PM,1986.7,0,0.0,84841021.39999992
2025-08-01 12:04:37 PM,1986.7,1,1986.7,84843008.09999992
2025-08-01 12:04:49 PM,1986.8,15,29802.0,84872810.09999992
2025-08-01 12:05:16 PM,1986.8,12,23841.6,84896651.69999991
2025-08-01 12:05:21 PM,1983.6,703,1394470.8,86291122.49999991
2025-08-01 12:05:26 PM,1984.3,0,0.0,86291122.49999991
2025-08-01 12:05:27 PM,1984.3,23,45638.9,86336761.39999992
2025-08-01 12:06:14 PM,1986.1,1,1986.1,86338747.49999991
2025-08-01 12:06:40 PM,1986.3,0,0.0,86338747.49999991
2025-08-01 12:06:42 PM,1986.3,1,1986.3,86340733.79999991
2025-08-01 12:07:03 PM,1985.1,20,39702.0,86380435.79999991
2025-08-01 12:07:10 PM,1985.3,0,0.0,86380435.79999991
2025-08-01 12:07:13 PM,1985.3,1,1985.3,86382421.0999999
2025-08-01 12:07:20 PM,1986.2,0,0.0,86382421.0999999
2025-08-01 12:07:22 PM,1986.2,19,37737.8,86420158.8999999
2025-08-01 12:08:22 PM,1986.0,0,0.0,86420158.8999999
2025-08-01 12:08:23 PM,1986.0,2,3972.0,86424130.8999999
2025-08-01 12:08:34 PM,1987.3,0,0.0,86424130.8999999
2025-08-01 12:08:38 PM,1987.3,1,1987.3,86426118.1999999
2025-08-01 12:08:56 PM,1987.2,0,0.0,86426118.1999999
2025-08-01 12:08:58 PM,1987.2,1,1987.2,86428105.3999999
2025-08-01 12:09:23 PM,1987.5,34,67575.0,86495680.3999999
2025-08-01 12:09:26 PM,1988.1,0,0.0,86495680.3999999
2025-08-01 12:09:28 PM,1988.1,1,1988.1,86497668.4999999
2025-08-01 12:10:18 PM,1989.0,88,175032.0,86672700.4999999
2025-08-01 12:10:50 PM,1989.1,0,0.0,86672700.4999999
2025-08-01 12:10:52 PM,1989.1,5,9945.5,86682645.9999999
2025-08-01 12:10:54 PM,1988.4,0,0.0,86682645.9999999
2025-08-01 12:10:57 PM,1988.4,5,9942.0,86692587.9999999
2025-08-01 12:12:04 PM,1989.9,0,0.0,86692587.9999999
2025-08-01 12:12:06 PM,1989.9,2,3979.8,86696567.7999999
2025-08-01 12:12:10 PM,1990.0,0,0.0,86696567.7999999
2025-08-01 12:12:11 PM,1990.0,1,1990.0,86698557.7999999
2025-08-01 12:12:22 PM,1989.9,0,0.0,86698557.7999999
2025-08-01 12:12:26 PM,1989.9,10,19899.0,86718456.7999999
2025-08-01 12:12:46 PM,1990.0,0,0.0,86718456.7999999
2025-08-01 12:12:47 PM,1990.0,351,698490.0,87416946.7999999
2025-08-01 12:12:57 PM,1988.4,1,1988.4,87418935.1999999
2025-08-01 12:13:00 PM,1989.4,0,0.0,87418935.1999999
2025-08-01 12:13:03 PM,1989.4,2,3978.8,87422913.9999999
2025-08-01 12:13:27 PM,1989.3,1,1989.3,87424903.2999999
2025-08-01 12:13:30 PM,1988.4,0,0.0,87424903.2999999
2025-08-01 12:13:32 PM,1988.4,1,1988.4,87426891.6999999
2025-08-01 12:13:56 PM,1989.4,0,0.0,87426891.6999999
2025-08-01 12:13:58 PM,1989.4,1,1989.4,87428881.0999999
2025-08-01 12:13:58 PM,1989.3,0,0.0,87428881.0999999
2025-08-01 12:14:02 PM,1989.3,1,1989.3,87430870.3999999
2025-08-01 12:15:08 PM,1989.9,1,1989.9,87432860.29999991
2025-08-01 12:15:18 PM,1989.0,206,409734.0,87842594.29999991
2025-08-01 12:15:28 PM,1989.0,9,17901.0,87860495.29999991
2025-08-01 12:17:38 PM,1988.0,0,0.0,87860495.29999991
2025-08-01 12:17:41 PM,1988.0,59,117292.0,87977787.29999991
2025-08-01 12:17:45 PM,1988.0,12,23856.0,88001643.29999991
2025-08-01 12:18:58 PM,1987.4,0,0.0,88001643.29999991
2025-08-01 12:18:59 PM,1987.4,1,1987.4,88003630.69999991
2025-08-01 12:19:04 PM,1988.0,0,0.0,88003630.69999991
2025-08-01 12:19:05 PM,1988.0,5,9940.0,88013570.69999991
2025-08-01 12:19:25 PM,1985.5,0,0.0,88013570.69999991
2025-08-01 12:19:30 PM,1985.5,16,31768.0,88045338.69999991
2025-08-01 12:20:15 PM,1986.0,0,0.0,88045338.69999991
2025-08-01 12:20:16 PM,1986.0,5,9930.0,88055268.69999991
2025-08-01 12:20:32 PM,1986.0,5,9930.0,88065198.69999991
2025-08-01 12:21:02 PM,1986.0,8,15888.0,88081086.69999991
2025-08-01 12:21:11 PM,1985.0,0,0.0,88081086.69999991
2025-08-01 12:21:12 PM,1985.0,2,3970.0,88085056.69999991
2025-08-01 12:21:23 PM,1987.9,0,0.0,88085056.69999991
2025-08-01 12:21:27 PM,1987.9,110,218669.0,88303725.69999991
2025-08-01 12:22:02 PM,1987.5,0,0.0,88303725.69999991
2025-08-01 12:22:06 PM,1987.5,15,29812.5,88333538.19999991
2025-08-01 12:22:50 PM,1987.3,0,0.0,88333538.19999991
2025-08-01 12:22:52 PM,1987.3,2,3974.6,88337512.79999991
2025-08-01 12:23:32 PM,1989.0,5,9945.0,88347457.79999991
2025-08-01 12:23:40 PM,1987.3,0,0.0,88347457.79999991
2025-08-01 12:23:41 PM,1987.3,1,1987.3,88349445.0999999
2025-08-01 12:25:13 PM,1986.3,0,0.0,88349445.0999999
2025-08-01 12:25:16 PM,1986.3,10,19863.0,88369308.0999999
2025-08-01 12:25:28 PM,1987.5,0,0.0,88369308.0999999
2025-08-01 12:25:31 PM,1987.5,2,3975.0,88373283.0999999
2025-08-01 12:26:01 PM,1986.3,2,3972.6,88377255.6999999
2025-08-01 12:26:11 PM,1987.6,0,0.0,88377255.6999999
2025-08-01 12:26:11 PM,1987.6,3,5962.799999999999,88383218.4999999
2025-08-01 12:27:06 PM,1988.6,0,0.0,88383218.4999999
2025-08-01 12:27:07 PM,1988.6,1,1988.6,88385207.09999989
2025-08-01 12:27:13 PM,1988.7,0,0.0,88385207.09999989
2025-08-01 12:27:14 PM,1987.6,0,0.0,88385207.09999989
2025-08-01 12:27:17 PM,1987.6,7,13913.199999999999,88399120.2999999
2025-08-01 12:28:46 PM,1987.6,70,139132.0,88538252.2999999
2025-08-01 12:29:17 PM,1986.5,1,1986.5,88540238.7999999
2025-08-01 12:29:35 PM,1985.1,0,0.0,88540238.7999999
2025-08-01 12:29:36 PM,1985.1,1,1985.1,88542223.89999989
2025-08-01 12:29:58 PM,1985.1,20,39702.0,88581925.89999989
2025-08-01 12:30:00 PM,1985.0,0,0.0,88581925.89999989
2025-08-01 12:30:03 PM,1985.0,15,29775.0,88611700.89999989
2025-08-01 12:30:18 PM,1985.0,1,1985.0,88613685.89999989
2025-08-01 12:30:52 PM,1985.0,1,1985.0,88615670.89999989
2025-08-01 12:31:23 PM,1985.0,20,39700.0,88655370.89999989
2025-08-01 12:31:34 PM,1986.9,27,53646.3,88709017.19999988
2025-08-01 12:32:00 PM,1988.9,0,0.0,88709017.19999988
2025-08-01 12:32:01 PM,1988.9,30,59667.0,88768684.19999988
2025-08-01 12:32:18 PM,1986.3,0,0.0,88768684.19999988
2025-08-01 12:32:22 PM,1986.3,2,3972.6,88772656.79999988
2025-08-01 12:33:32 PM,1985.0,0,0.0,88772656.79999988
2025-08-01 12:33:36 PM,1985.0,254,504190.0,89276846.79999988
2025-08-01 12:33:57 PM,1985.0,14,27790.0,89304636.79999988
2025-08-01 12:34:16 PM,1986.9,0,0.0,89304636.79999988
2025-08-01 12:34:17 PM,1986.9,16,31790.4,89336427.19999988
2025-08-01 12:34:30 PM,1985.2,0,0.0,89336427.19999988
2025-08-01 12:34:32 PM,1985.2,1,1985.2,89338412.39999989
2025-08-01 12:35:23 PM,1985.0,700,1389500.0,90727912.39999989
2025-08-01 12:35:28 PM,1985.0,212,420820.0,91148732.39999989
2025-08-01 12:35:47 PM,1984.2,0,0.0,91148732.39999989
2025-08-01 12:35:50 PM,1983.5,2,3967.0,91152699.39999989
2025-08-01 12:36:59 PM,1980.1,0,0.0,91152699.39999989
2025-08-01 12:37:02 PM,1980.1,138,273253.8,91425953.19999988
2025-08-01 12:37:05 PM,1980.2,0,0.0,91425953.19999988
2025-08-01 12:37:07 PM,1980.2,28,55445.6,91481398.79999988
2025-08-01 12:37:25 PM,1980.1,0,0.0,91481398.79999988
2025-08-01 12:37:27 PM,1980.1,20,39602.0,91521000.79999988
2025-08-01 12:37:27 PM,1980.0,0,0.0,91521000.79999988
2025-08-01 12:37:27 PM,1980.0,16,31680.0,91552680.79999988
2025-08-01 12:37:31 PM,1981.0,0,0.0,91552680.79999988
2025-08-01 12:37:32 PM,1981.0,1,1981.0,91554661.79999988
2025-08-01 12:37:49 PM,1981.9,0,0.0,91554661.79999988
2025-08-01 12:37:52 PM,1981.9,1,1981.9,91556643.69999988
2025-08-01 12:38:20 PM,1981.0,0,0.0,91556643.69999988
2025-08-01 12:38:22 PM,1981.0,2,3962.0,91560605.69999988
2025-08-01 12:38:33 PM,1982.2,0,0.0,91560605.69999988
2025-08-01 12:38:36 PM,1982.2,25,49555.0,91610160.69999988
2025-08-01 12:39:09 PM,1980.7,0,0.0,91610160.69999988
2025-08-01 12:39:10 PM,1980.7,26,51498.200000000004,91661658.89999989
2025-08-01 12:40:14 PM,1980.1,0,0.0,91661658.89999989
2025-08-01 12:40:16 PM,1980.1,18,35641.799999999996,91697300.69999988
2025-08-01 12:40:26 PM,1980.0,4,7920.0,91705220.69999988
2025-08-01 12:41:06 PM,1981.0,0,0.0,91705220.69999988
2025-08-01 12:41:07 PM,1981.0,225,445725.0,92150945.69999988
2025-08-01 12:41:18 PM,1981.0,1,1981.0,92152926.69999988
2025-08-01 12:41:36 PM,1980.0,0,0.0,92152926.69999988
2025-08-01 12:41:39 PM,1980.0,200,396000.0,92548926.69999988
2025-08-01 12:44:02 PM,1980.0,20,39600.0,92588526.69999988
2025-08-01 12:44:08 PM,1980.0,1,1980.0,92590506.69999988
2025-08-01 12:44:29 PM,1980.0,10,19800.0,92610306.69999988
2025-08-01 12:44:45 PM,1980.0,6,11880.0,92622186.69999988
2025-08-01 12:45:10 PM,1980.0,2,3960.0,92626146.69999988
2025-08-01 12:45:20 PM,1980.7,0,0.0,92626146.69999988
2025-08-01 12:45:21 PM,1980.7,6,11884.2,92638030.89999989
2025-08-01 12:45:26 PM,1981.0,0,0.0,92638030.89999989
2025-08-01 12:45:26 PM,1981.0,3,5943.0,92643973.89999989
2025-08-01 12:46:12 PM,1981.5,0,0.0,92643973.89999989
2025-08-01 12:46:12 PM,1981.5,1,1981.5,92645955.39999989
2025-08-01 12:46:46 PM,1981.4,0,0.0,92645955.39999989
2025-08-01 12:46:47 PM,1981.4,5,9907.0,92655862.39999989
2025-08-01 12:47:42 PM,1976.0,0,0.0,92655862.39999989
2025-08-01 12:47:43 PM,1976.0,282,557232.0,93213094.39999989
2025-08-01 12:47:48 PM,1973.5,0,0.0,93213094.39999989
2025-08-01 12:47:48 PM,1973.5,611,1205808.5,94418902.89999989
2025-08-01 12:47:48 PM,1972.1,0,0.0,94418902.89999989
2025-08-01 12:47:49 PM,1972.1,2,3944.2,94422847.09999989
2025-08-01 12:47:50 PM,1975.8,0,0.0,94422847.09999989
2025-08-01 12:47:52 PM,1975.0,0,0.0,94422847.09999989
2025-08-01 12:47:53 PM,1975.0,77,152075.0,94574922.09999989
2025-08-01 12:48:00 PM,1974.7,0,0.0,94574922.09999989
2025-08-01 12:48:03 PM,1974.7,3,5924.1,94580846.19999988
2025-08-01 12:48:08 PM,1976.0,2,3952.0,94584798.19999988
2025-08-01 12:48:10 PM,1976.2,0,0.0,94584798.19999988
2025-08-01 12:48:12 PM,1976.8,0,0.0,94584798.19999988
2025-08-01 12:48:13 PM,1976.8,18,35582.4,94620380.59999989
2025-08-01 12:48:18 PM,1977.9,25,49447.5,94669828.09999989
2025-08-01 12:48:28 PM,1977.3,0,0.0,94669828.09999989
2025-08-01 12:48:28 PM,1977.3,1,1977.3,94671805.39999989
2025-08-01 12:48:30 PM,1975.4,0,0.0,94671805.39999989
2025-08-01 12:48:33 PM,1975.4,1,1975.4,94673780.7999999
2025-08-01 12:48:36 PM,1974.2,0,0.0,94673780.7999999
2025-08-01 12:48:38 PM,1978.0,0,0.0,94673780.7999999
2025-08-01 12:48:38 PM,1978.0,101,199778.0,94873558.7999999
2025-08-01 12:49:08 PM,1978.0,6,11868.0,94885426.7999999
2025-08-01 12:50:42 PM,1977.0,0,0.0,94885426.7999999
2025-08-01 12:50:44 PM,1977.9,0,0.0,94885426.7999999
2025-08-01 12:50:44 PM,1977.9,19,37580.1,94923006.89999989
2025-08-01 12:51:00 PM,1978.0,0,0.0,94923006.89999989
2025-08-01 12:51:05 PM,1978.0,216,427248.0,95350254.89999989
2025-08-01 12:51:08 PM,1977.8,0,0.0,95350254.89999989
2025-08-01 12:51:10 PM,1977.8,9,17800.2,95368055.09999989
2025-08-01 12:51:44 PM,1978.9,0,0.0,95368055.09999989
2025-08-01 12:51:45 PM,1978.9,46,91029.40000000001,95459084.4999999
2025-08-01 12:51:52 PM,1985.2,80,158816.0,95617900.4999999
2025-08-01 12:51:52 PM,1986.0,0,0.0,95617900.4999999
2025-08-01 12:51:56 PM,1986.0,2,3972.0,95621872.4999999
2025-08-01 12:51:58 PM,1988.0,0,0.0,95621872.4999999
2025-08-01 12:52:00 PM,1988.0,70,139160.0,95761032.4999999
2025-08-01 12:53:51 PM,1987.0,23,45701.0,95806733.4999999
2025-08-01 12:53:52 PM,1990.7,0,0.0,95806733.4999999
2025-08-01 12:53:55 PM,1990.7,527,1049098.9000000001,96855832.3999999
2025-08-01 12:54:00 PM,1992.9,0,0.0,96855832.3999999
2025-08-01 12:54:00 PM,1992.9,6,11957.400000000001,96867789.79999991
2025-08-01 12:54:22 PM,1995.3,0,0.0,96867789.79999991
2025-08-01 12:54:25 PM,1995.3,1,1995.3,96869785.0999999
2025-08-01 12:54:50 PM,1996.8,0,0.0,96869785.0999999
2025-08-01 12:54:51 PM,1996.8,20,39936.0,96909721.0999999
2025-08-01 12:54:54 PM,1996.0,0,0.0,96909721.0999999
2025-08-01 12:54:56 PM,1994.6,0,0.0,96909721.0999999
2025-08-01 12:54:56 PM,1994.6,1122,2237941.1999999997,99147662.29999991
2025-08-01 12:54:58 PM,1989.9,0,0.0,99147662.29999991
2025-08-01 12:55:02 PM,1989.9,3,5969.700000000001,99153631.99999991
2025-08-01 12:56:16 PM,1988.6,0,0.0,99153631.99999991
2025-08-01 12:56:18 PM,1988.6,101,200848.59999999998,99354480.5999999
2025-08-01 12:56:32 PM,1989.1,0,0.0,99354480.5999999
2025-08-01 12:56:33 PM,1989.1,3,5967.299999999999,99360447.8999999
2025-08-01 12:57:58 PM,1990.7,37,73655.90000000001,99434103.79999991
2025-08-01 12:59:42 PM,1993.6,0,0.0,99434103.79999991
2025-08-01 12:59:44 PM,1993.6,5,9968.0,99444071.79999991
2025-08-01 12:59:50 PM,1993.6,5,9968.0,99454039.79999991
2025-08-01 12:59:55 PM,1993.6,2,3987.2,99458026.99999991
2025-08-01 01:00:11 PM,1994.0,0,0.0,99458026.99999991
2025-08-01 01:00:11 PM,1994.0,1,1994.0,99460020.99999991
2025-08-01 01:00:13 PM,1994.4,0,0.0,99460020.99999991
2025-08-01 01:00:16 PM,1994.4,2,3988.8,99464009.79999991
2025-08-01 01:00:43 PM,1996.1,0,0.0,99464009.79999991
2025-08-01 01:00:43 PM,1996.1,1,1996.1,99466005.8999999
2025-08-01 01:01:33 PM,1992.7,0,0.0,99466005.8999999
2025-08-01 01:01:34 PM,1992.7,213,424445.10000000003,99890450.9999999
2025-08-01 01:02:13 PM,1992.1,0,0.0,99890450.9999999
2025-08-01 01:02:13 PM,1992.1,229,456190.89999999997,100346641.8999999
2025-08-01 01:03:13 PM,1996.0,0,0.0,100346641.8999999
2025-08-01 01:03:14 PM,1996.0,6,11976.0,100358617.8999999
2025-08-01 01:04:51 PM,1992.2,0,0.0,100358617.8999999
2025-08-01 01:04:52 PM,1992.2,50,99610.0,100458227.8999999
2025-08-01 01:06:36 PM,1992.0,0,0.0,100458227.8999999
2025-08-01 01:06:39 PM,1992.0,20,39840.0,100498067.8999999
2025-08-01 01:06:41 PM,1992.7,0,0.0,100498067.8999999
2025-08-01 01:06:44 PM,1992.7,43,85686.1,100583753.9999999
2025-08-01 01:06:49 PM,1993.5,0,0.0,100583753.9999999
2025-08-01 01:06:50 PM,1993.5,3,5980.5,100589734.4999999
2025-08-01 01:08:41 PM,1993.5,3,5980.5,100595714.9999999
2025-08-01 01:08:45 PM,1994.4,0,0.0,100595714.9999999
2025-08-01 01:08:46 PM,1994.4,3,5983.200000000001,100601698.1999999
2025-08-01 01:09:26 PM,1994.5,2,3989.0,100605687.1999999
2025-08-01 01:09:34 PM,1995.0,10,19950.0,100625637.1999999
2025-08-01 01:09:50 PM,1994.0,0,0.0,100625637.1999999
2025-08-01 01:09:51 PM,1994.0,2,3988.0,100629625.1999999
2025-08-01 01:09:56 PM,1993.3,0,0.0,100629625.1999999
2025-08-01 01:09:56 PM,1993.3,5,9966.5,100639591.6999999
2025-08-01 01:12:14 PM,1995.2,0,0.0,100639591.6999999
2025-08-01 01:12:17 PM,1995.2,10,19952.0,100659543.6999999
2025-08-01 01:12:39 PM,1995.3,0,0.0,100659543.6999999
2025-08-01 01:12:42 PM,1995.3,1,1995.3,100661538.9999999
2025-08-01 01:13:12 PM,1993.6,0,0.0,100661538.9999999
2025-08-01 01:13:13 PM,1993.6,8,15948.8,100677487.7999999
2025-08-01 01:15:54 PM,1993.7,0,0.0,100677487.7999999
2025-08-01 01:15:54 PM,1993.7,3,5981.1,100683468.89999989
2025-08-01 01:16:06 PM,1993.1,0,0.0,100683468.89999989
2025-08-01 01:16:08 PM,1993.1,2,3986.2,100687455.09999989
2025-08-01 01:17:06 PM,1994.3,0,0.0,100687455.09999989
2025-08-01 01:17:08 PM,1994.3,1,1994.3,100689449.39999989
2025-08-01 01:18:22 PM,1994.5,0,0.0,100689449.39999989
2025-08-01 01:18:25 PM,1994.5,90,179505.0,100868954.39999989
2025-08-01 01:18:40 PM,1994.3,0,0.0,100868954.39999989
2025-08-01 01:18:40 PM,1994.3,14,27920.2,100896874.59999989
2025-08-01 01:19:28 PM,1994.0,0,0.0,100896874.59999989
2025-08-01 01:19:30 PM,1994.0,8,15952.0,100912826.59999989
2025-08-01 01:20:00 PM,1993.0,125,249125.0,101161951.59999989
2025-08-01 01:20:18 PM,1991.3,0,0.0,101161951.59999989
2025-08-01 01:20:20 PM,1991.3,1,1991.3,101163942.89999989
2025-08-01 01:20:26 PM,1992.5,0,0.0,101163942.89999989
2025-08-01 01:20:30 PM,1992.5,1,1992.5,101165935.39999989
2025-08-01 01:21:02 PM,1993.0,0,0.0,101165935.39999989
2025-08-01 01:21:04 PM,1993.0,2,3986.0,101169921.39999989
2025-08-01 01:21:48 PM,1992.5,0,0.0,101169921.39999989
2025-08-01 01:21:49 PM,1992.5,1,1992.5,101171913.89999989
2025-08-01 01:23:36 PM,1992.5,5,9962.5,101181876.39999989
2025-08-01 01:24:07 PM,1994.9,0,0.0,101181876.39999989
2025-08-01 01:24:10 PM,1992.8,132,263049.6,101444925.99999988
2025-08-01 01:24:19 PM,1991.0,0,0.0,101444925.99999988
2025-08-01 01:24:20 PM,1991.0,1,1991.0,101446916.99999988
2025-08-01 01:24:48 PM,1990.0,10,19900.0,101466816.99999988
2025-08-01 01:25:13 PM,1988.5,52,103402.0,101570218.99999988
2025-08-01 01:25:35 PM,1986.8,0,0.0,101570218.99999988
2025-08-01 01:25:37 PM,1986.8,15,29802.0,101600020.99999988
2025-08-01 01:25:55 PM,1989.1,0,0.0,101600020.99999988
2025-08-01 01:25:57 PM,1989.1,40,79564.0,101679584.99999988
2025-08-01 01:25:59 PM,1988.0,0,0.0,101679584.99999988
2025-08-01 01:26:02 PM,1988.0,54,107352.0,101786936.99999988
2025-08-01 01:27:15 PM,1982.2,0,0.0,101786936.99999988
2025-08-01 01:27:16 PM,1982.2,150,297330.0,102084266.99999988
2025-08-01 01:27:43 PM,1984.9,0,0.0,102084266.99999988
2025-08-01 01:27:45 PM,1984.9,97,192535.30000000002,102276802.29999988
2025-08-01 01:27:57 PM,1988.0,0,0.0,102276802.29999988
2025-08-01 01:28:00 PM,1988.0,315,626220.0,102903022.29999988
2025-08-01 01:28:23 PM,1989.8,0,0.0,102903022.29999988
2025-08-01 01:28:24 PM,1989.8,2,3979.6,102907001.89999987
2025-08-01 01:29:26 PM,1989.8,49,97500.2,103004502.09999987
2025-08-01 01:29:39 PM,1990.6,0,0.0,103004502.09999987
2025-08-01 01:29:40 PM,1990.6,3,5971.799999999999,103010473.89999987
2025-08-01 01:31:46 PM,1990.5,0,0.0,103010473.89999987
2025-08-01 01:31:49 PM,1990.5,4,7962.0,103018435.89999987
2025-08-01 01:33:32 PM,1989.8,0,0.0,103018435.89999987
2025-08-01 01:33:36 PM,1989.8,10,19898.0,103038333.89999987
2025-08-01 01:33:38 PM,1989.5,0,0.0,103038333.89999987
2025-08-01 01:33:41 PM,1989.5,10,19895.0,103058228.89999987
2025-08-01 01:33:52 PM,1987.0,0,0.0,103058228.89999987
2025-08-01 01:33:56 PM,1987.0,21,41727.0,103099955.89999987
2025-08-01 01:33:56 PM,1988.7,50,99435.0,103199390.89999987
2025-08-01 01:34:42 PM,1982.1,0,0.0,103199390.89999987
2025-08-01 01:34:43 PM,1982.1,254,503453.39999999997,103702844.29999988
2025-08-01 01:34:48 PM,1982.9,0,0.0,103702844.29999988
2025-08-01 01:34:52 PM,1982.9,45,89230.5,103792074.79999988
2025-08-01 01:36:46 PM,1984.2,0,0.0,103792074.79999988
2025-08-01 01:36:48 PM,1984.2,1,1984.2,103794058.99999988
2025-08-01 01:37:42 PM,1980.0,89,176220.0,103970278.99999988
2025-08-01 01:37:50 PM,1979.2,0,0.0,103970278.99999988
2025-08-01 01:37:52 PM,1979.2,9,17812.8,103988091.79999988
2025-08-01 01:38:00 PM,1980.1,0,0.0,103988091.79999988
2025-08-01 01:38:02 PM,1980.3,0,0.0,103988091.79999988
2025-08-01 01:38:02 PM,1980.3,8,15842.4,104003934.19999988
2025-08-01 01:38:05 PM,1979.1,0,0.0,104003934.19999988
2025-08-01 01:38:08 PM,1979.1,102,201868.19999999998,104205802.39999989
2025-08-01 01:38:13 PM,1979.1,9,17811.899999999998,104223614.2999999
2025-08-01 01:38:14 PM,1979.1,15,29686.5,104253300.7999999
2025-08-01 01:38:52 PM,1978.2,5,9891.0,104263191.7999999
2025-08-01 01:39:12 PM,1975.0,0,0.0,104263191.7999999
2025-08-01 01:39:13 PM,1975.0,35,69125.0,104332316.7999999
2025-08-01 01:40:05 PM,1976.0,5,9880.0,104342196.7999999
2025-08-01 01:40:38 PM,1977.3,0,0.0,104342196.7999999
2025-08-01 01:40:40 PM,1977.3,10,19773.0,104361969.7999999
2025-08-01 01:41:04 PM,1977.3,1,1977.3,104363947.09999989
2025-08-01 01:41:06 PM,1976.1,0,0.0,104363947.09999989
2025-08-01 01:41:10 PM,1976.1,1,1976.1,104365923.19999988
2025-08-01 01:41:29 PM,1976.0,2,3952.0,104369875.19999988
2025-08-01 01:41:53 PM,1976.0,7,13832.0,104383707.19999988
2025-08-01 01:41:56 PM,1977.1,0,0.0,104383707.19999988
2025-08-01 01:41:58 PM,1977.1,1,1977.1,104385684.29999988
2025-08-01 01:41:59 PM,1977.1,1,1977.1,104387661.39999987
2025-08-01 01:42:33 PM,1977.1,54,106763.4,104494424.79999988
2025-08-01 01:42:34 PM,1977.9,0,0.0,104494424.79999988
2025-08-01 01:42:38 PM,1977.9,49,96917.1,104591341.89999987
2025-08-01 01:42:47 PM,1980.2,2,3960.4,104595302.29999988
2025-08-01 01:43:16 PM,1980.7,0,0.0,104595302.29999988
2025-08-01 01:43:17 PM,1980.7,3,5942.1,104601244.39999987
2025-08-01 01:43:30 PM,1978.6,0,0.0,104601244.39999987
2025-08-01 01:43:32 PM,1978.6,5,9893.0,104611137.39999987
2025-08-01 01:44:34 PM,1978.8,0,0.0,104611137.39999987
2025-08-01 01:44:36 PM,1979.9,0,0.0,104611137.39999987
2025-08-01 01:44:37 PM,1979.9,2,3959.8,104615097.19999987
2025-08-01 01:45:04 PM,1980.1,0,0.0,104615097.19999987
2025-08-01 01:45:07 PM,1980.1,1,1980.1,104617077.29999986
2025-08-01 01:45:28 PM,1979.9,0,0.0,104617077.29999986
2025-08-01 01:45:32 PM,1979.9,1,1979.9,104619057.19999987
2025-08-01 01:45:46 PM,1979.2,0,0.0,104619057.19999987
2025-08-01 01:45:47 PM,1979.2,1,1979.2,104621036.39999987
2025-08-01 01:46:44 PM,1978.6,0,0.0,104621036.39999987
2025-08-01 01:46:46 PM,1978.6,10,19786.0,104640822.39999987
2025-08-01 01:46:56 PM,1980.0,1,1980.0,104642802.39999987
2025-08-01 01:47:18 PM,1978.7,0,0.0,104642802.39999987
2025-08-01 01:47:22 PM,1978.7,2,3957.4,104646759.79999988
2025-08-01 01:47:44 PM,1980.3,0,0.0,104646759.79999988
2025-08-01 01:47:47 PM,1980.3,1,1980.3,104648740.09999987
2025-08-01 01:48:05 PM,1977.4,0,0.0,104648740.09999987
2025-08-01 01:48:06 PM,1977.4,50,98870.0,104747610.09999987
2025-08-01 01:49:26 PM,1978.9,0,0.0,104747610.09999987
2025-08-01 01:49:29 PM,1978.9,10,19789.0,104767399.09999987
2025-08-01 01:50:12 PM,1977.9,0,0.0,104767399.09999987
2025-08-01 01:50:13 PM,1977.9,4,7911.6,104775310.69999987
2025-08-01 01:50:22 PM,1977.6,0,0.0,104775310.69999987
2025-08-01 01:50:23 PM,1977.6,2,3955.2,104779265.89999987
2025-08-01 01:50:24 PM,1977.4,0,0.0,104779265.89999987
2025-08-01 01:50:28 PM,1977.4,10,19774.0,104799039.89999987
2025-08-01 01:50:43 PM,1977.4,1,1977.4,104801017.29999988
2025-08-01 01:51:13 PM,1977.4,1,1977.4,104802994.69999988
2025-08-01 01:51:22 PM,1977.4,1,1977.4,104804972.09999989
2025-08-01 01:51:46 PM,1976.5,15,29647.5,104834619.59999989
2025-08-01 01:52:28 PM,1976.0,0,0.0,104834619.59999989
2025-08-01 01:52:30 PM,1976.0,25,49400.0,104884019.59999989
2025-08-01 01:52:36 PM,1975.9,2,3951.8,104887971.39999989
2025-08-01 01:52:52 PM,1975.8,0,0.0,104887971.39999989
2025-08-01 01:52:54 PM,1975.8,1,1975.8,104889947.19999988
2025-08-01 01:52:55 PM,1976.0,0,0.0,104889947.19999988
2025-08-01 01:52:55 PM,1976.0,39,77064.0,104967011.19999988
2025-08-01 01:53:16 PM,1971.3,0,0.0,104967011.19999988
2025-08-01 01:53:18 PM,1971.3,174,343006.2,105310017.39999989
2025-08-01 01:53:30 PM,1971.2,0,0.0,105310017.39999989
2025-08-01 01:53:32 PM,1971.2,20,39424.0,105349441.39999989
2025-08-01 01:53:34 PM,1973.4,0,0.0,105349441.39999989
2025-08-01 01:53:37 PM,1973.4,10,19734.0,105369175.39999989
2025-08-01 01:54:05 PM,1973.4,21,41441.4,105410616.7999999
2025-08-01 01:54:17 PM,1975.9,4,7903.6,105418520.39999989
2025-08-01 01:54:17 PM,1974.1,0,0.0,105418520.39999989
2025-08-01 01:54:20 PM,1974.1,201,396794.1,105815314.49999988
2025-08-01 01:54:28 PM,1973.9,0,0.0,105815314.49999988
2025-08-01 01:54:29 PM,1973.9,10,19739.0,105835053.49999988
2025-08-01 01:54:38 PM,1974.2,0,0.0,105835053.49999988
2025-08-01 01:54:38 PM,1974.2,376,742299.2000000001,106577352.69999988
2025-08-01 01:55:02 PM,1977.7,0,0.0,106577352.69999988
2025-08-01 01:55:03 PM,1977.7,20,39554.0,106616906.69999988
2025-08-01 01:55:06 PM,1976.3,0,0.0,106616906.69999988
2025-08-01 01:55:08 PM,1976.3,302,596842.6,107213749.29999988
2025-08-01 01:55:10 PM,1974.8,0,0.0,107213749.29999988
2025-08-01 01:55:13 PM,1974.8,15,29622.0,107243371.29999988
2025-08-01 01:55:15 PM,1976.4,0,0.0,107243371.29999988
2025-08-01 01:55:18 PM,1976.4,1,1976.4,107245347.69999988
2025-08-01 01:55:48 PM,1978.1,0,0.0,107245347.69999988
2025-08-01 01:55:53 PM,1978.1,114,225503.4,107470851.09999989
2025-08-01 01:56:54 PM,1976.0,0,0.0,107470851.09999989
2025-08-01 01:56:58 PM,1976.0,3,5928.0,107476779.09999989
2025-08-01 01:57:06 PM,1978.1,0,0.0,107476779.09999989
2025-08-01 01:57:07 PM,1978.1,10,19781.0,107496560.09999989
2025-08-01 01:57:58 PM,1975.7,0,0.0,107496560.09999989
2025-08-01 01:58:00 PM,1975.7,25,49392.5,107545952.59999989
2025-08-01 01:59:04 PM,1977.5,0,0.0,107545952.59999989
2025-08-01 01:59:06 PM,1977.5,5,9887.5,107555840.09999989
2025-08-01 01:59:46 PM,1976.0,0,0.0,107555840.09999989
2025-08-01 01:59:47 PM,1976.0,1,1976.0,107557816.09999989
2025-08-01 02:00:06 PM,1975.7,0,0.0,107557816.09999989
2025-08-01 02:00:07 PM,1975.7,1,1975.7,107559791.7999999
2025-08-01 02:00:32 PM,1978.1,50,98905.0,107658696.7999999
2025-08-01 02:00:47 PM,1976.1,0,0.0,107658696.7999999
2025-08-01 02:00:50 PM,1976.1,2,3952.2,107662648.9999999
2025-08-01 02:00:54 PM,1975.8,0,0.0,107662648.9999999
2025-08-01 02:00:55 PM,1975.8,1,1975.8,107664624.7999999
2025-08-01 02:02:00 PM,1974.8,0,0.0,107664624.7999999
2025-08-01 02:02:04 PM,1974.8,111,219202.8,107883827.59999989
2025-08-01 02:02:18 PM,1972.9,0,0.0,107883827.59999989
2025-08-01 02:02:19 PM,1972.9,85,167696.5,108051524.09999989
2025-08-01 02:02:37 PM,1975.0,0,0.0,108051524.09999989
2025-08-01 02:02:38 PM,1975.0,10,19750.0,108071274.09999989
2025-08-01 02:02:40 PM,1972.6,0,0.0,108071274.09999989
2025-08-01 02:02:43 PM,1972.6,25,49315.0,108120589.09999989
2025-08-01 02:03:11 PM,1974.6,0,0.0,108120589.09999989
2025-08-01 02:03:14 PM,1974.6,1,1974.6,108122563.69999988
2025-08-01 02:03:30 PM,1975.0,0,0.0,108122563.69999988
2025-08-01 02:03:33 PM,1975.0,150,296250.0,108418813.69999988
2025-08-01 02:05:25 PM,1975.0,15,29625.0,108448438.69999988
2025-08-01 02:05:51 PM,1972.8,0,0.0,108448438.69999988
2025-08-01 02:05:54 PM,1972.8,14,27619.2,108476057.89999989
2025-08-01 02:06:09 PM,1972.8,7,13809.6,108489867.49999988
2025-08-01 02:06:23 PM,1973.9,0,0.0,108489867.49999988
2025-08-01 02:06:24 PM,1973.9,1,1973.9,108491841.39999989
2025-08-01 02:06:56 PM,1973.0,0,0.0,108491841.39999989
2025-08-01 02:06:56 PM,1973.0,50,98650.0,108590491.39999989
2025-08-01 02:06:57 PM,1974.4,0,0.0,108590491.39999989
2025-08-01 02:07:01 PM,1974.4,1,1974.4,108592465.7999999
2025-08-01 02:07:09 PM,1973.0,0,0.0,108592465.7999999
2025-08-01 02:07:12 PM,1973.0,8,15784.0,108608249.7999999
2025-08-01 02:07:29 PM,1974.4,0,0.0,108608249.7999999
2025-08-01 02:07:31 PM,1974.4,1,1974.4,108610224.1999999
2025-08-01 02:07:57 PM,1979.9,710,1405729.0,110015953.1999999
2025-08-01 02:07:58 PM,1980.2,0,0.0,110015953.1999999
2025-08-01 02:08:02 PM,1980.2,47,93069.40000000001,110109022.5999999
2025-08-01 02:08:15 PM,1980.3,0,0.0,110109022.5999999
2025-08-01 02:08:18 PM,1980.3,794,1572358.2,111681380.79999991
2025-08-01 02:08:24 PM,1978.7,0,0.0,111681380.79999991
2025-08-01 02:08:28 PM,1978.7,20,39574.0,111720954.79999991
2025-08-01 02:09:03 PM,1979.6,0,0.0,111720954.79999991
2025-08-01 02:09:04 PM,1979.6,1,1979.6,111722934.3999999
2025-08-01 02:09:12 PM,1978.7,0,0.0,111722934.3999999
2025-08-01 02:09:14 PM,1978.7,58,114764.6,111837698.9999999
2025-08-01 02:09:37 PM,1977.3,0,0.0,111837698.9999999
2025-08-01 02:09:39 PM,1977.3,26,51409.799999999996,111889108.7999999
2025-08-01 02:10:00 PM,1978.8,0,0.0,111889108.7999999
2025-08-01 02:10:03 PM,1978.8,1,1978.8,111891087.59999989
2025-08-01 02:12:02 PM,1977.3,0,0.0,111891087.59999989
2025-08-01 02:12:02 PM,1977.3,1,1977.3,111893064.89999989
2025-08-01 02:12:11 PM,1977.4,0,0.0,111893064.89999989
2025-08-01 02:12:14 PM,1977.4,1,1977.4,111895042.2999999
2025-08-01 02:12:41 PM,1976.3,0,0.0,111895042.2999999
2025-08-01 02:12:43 PM,1976.3,1,1976.3,111897018.59999989
2025-08-01 02:13:21 PM,1977.1,4,7908.4,111904926.9999999
2025-08-01 02:14:04 PM,1977.5,0,0.0,111904926.9999999
2025-08-01 02:14:06 PM,1977.5,51,100852.5,112005779.4999999
2025-08-01 02:14:45 PM,1977.5,1,1977.5,112007756.9999999
2025-08-01 02:15:11 PM,1975.4,51,100745.40000000001,112108502.3999999
2025-08-01 02:16:02 PM,1977.3,0,0.0,112108502.3999999
2025-08-01 02:16:03 PM,1977.3,3,5931.9,112114434.29999991
2025-08-01 02:17:34 PM,1975.4,30,59262.0,112173696.29999991
2025-08-01 02:17:59 PM,1973.4,2,3946.8,112177643.0999999
2025-08-01 02:19:14 PM,1976.5,0,0.0,112177643.0999999
2025-08-01 02:19:16 PM,1976.5,13,25694.5,112203337.5999999
2025-08-01 02:19:24 PM,1975.9,0,0.0,112203337.5999999
2025-08-01 02:19:27 PM,1975.9,2,3951.8,112207289.3999999
2025-08-01 02:19:58 PM,1974.6,0,0.0,112207289.3999999
2025-08-01 02:19:58 PM,1974.6,2,3949.2,112211238.5999999
2025-08-01 02:20:03 PM,1974.5,0,0.0,112211238.5999999
2025-08-01 02:20:03 PM,1974.5,1,1974.5,112213213.0999999
2025-08-01 02:20:39 PM,1976.1,0,0.0,112213213.0999999
2025-08-01 02:20:39 PM,1976.1,2,3952.2,112217165.29999991
2025-08-01 02:21:04 PM,1976.1,10,19761.0,112236926.29999991
2025-08-01 02:21:06 PM,1974.1,0,0.0,112236926.29999991
2025-08-01 02:21:09 PM,1974.0,7,13818.0,112250744.29999991
2025-08-01 02:21:50 PM,1973.3,0,0.0,112250744.29999991
2025-08-01 02:21:52 PM,1972.0,326,642872.0,112893616.29999991
2025-08-01 02:21:57 PM,1972.0,180,354960.0,113248576.29999991
2025-08-01 02:22:02 PM,1971.9,0,0.0,113248576.29999991
2025-08-01 02:22:02 PM,1971.9,1,1971.9,113250548.19999991
2025-08-01 02:22:05 PM,1971.0,0,0.0,113250548.19999991
2025-08-01 02:22:07 PM,1971.0,19,37449.0,113287997.19999991
2025-08-01 02:22:11 PM,1970.4,0,0.0,113287997.19999991
2025-08-01 02:22:13 PM,1970.0,288,567360.0,113855357.19999991
2025-08-01 02:22:18 PM,1962.3,269,527858.7,114383215.89999992
2025-08-01 02:22:19 PM,1962.4,2,3924.8,114387140.69999991
2025-08-01 02:22:22 PM,1961.1,0,0.0,114387140.69999991
2025-08-01 02:22:22 PM,1960.8,0,0.0,114387140.69999991
2025-08-01 02:22:24 PM,1962.4,254,498449.60000000003,114885590.29999991
2025-08-01 02:22:30 PM,1960.6,0,0.0,114885590.29999991
2025-08-01 02:22:30 PM,1960.6,20,39212.0,114924802.29999991
2025-08-01 02:22:32 PM,1959.7,0,0.0,114924802.29999991
2025-08-01 02:22:35 PM,1959.7,20,39194.0,114963996.29999991
2025-08-01 02:22:37 PM,1958.0,0,0.0,114963996.29999991
2025-08-01 02:22:40 PM,1958.2,0,0.0,114963996.29999991
2025-08-01 02:22:40 PM,1958.2,1103,2159894.6,117123890.8999999
2025-08-01 02:22:43 PM,1960.6,0,0.0,117123890.8999999
2025-08-01 02:22:45 PM,1960.6,26,50975.6,117174866.4999999
2025-08-01 02:22:50 PM,1961.0,0,0.0,117174866.4999999
2025-08-01 02:22:50 PM,1961.0,1,1961.0,117176827.4999999
2025-08-01 02:22:55 PM,1960.0,0,0.0,117176827.4999999
2025-08-01 02:22:56 PM,1960.0,25,49000.0,117225827.4999999
2025-08-01 02:23:02 PM,1960.4,0,0.0,117225827.4999999
2025-08-01 02:23:02 PM,1960.4,1,1960.4,117227787.8999999
2025-08-01 02:23:04 PM,1961.6,48,94156.79999999999,117321944.6999999
2025-08-01 02:23:09 PM,1960.1,1,1960.1,117323904.7999999
2025-08-01 02:23:11 PM,1961.5,5,9807.5,117333712.2999999
2025-08-01 02:23:17 PM,1958.8,100,195880.0,117529592.2999999
2025-08-01 02:23:20 PM,1960.0,0,0.0,117529592.2999999
2025-08-01 02:23:20 PM,1960.0,1,1960.0,117531552.2999999
2025-08-01 02:23:22 PM,1958.8,1,1958.8,117533511.09999989
2025-08-01 02:23:25 PM,1963.6,57,111925.2,117645436.2999999
2025-08-01 02:23:26 PM,1967.0,0,0.0,117645436.2999999
2025-08-01 02:23:26 PM,1967.0,37,72779.0,117718215.2999999
2025-08-01 02:23:26 PM,1967.0,1,1967.0,117720182.2999999
2025-08-01 02:23:34 PM,1964.9,5,9824.5,117730006.7999999
2025-08-01 02:23:40 PM,1964.9,3,5894.700000000001,117735901.4999999
2025-08-01 02:23:40 PM,1964.6,7,13752.199999999999,117749653.6999999
2025-08-01 02:23:41 PM,1964.9,0,0.0,117749653.6999999
2025-08-01 02:23:41 PM,1964.9,233,457821.7,118207475.3999999
2025-08-01 02:23:46 PM,1964.9,1,1964.9,118209440.29999991
2025-08-01 02:23:53 PM,1967.1,0,0.0,118209440.29999991
2025-08-01 02:23:53 PM,1967.1,43,84585.3,118294025.5999999
2025-08-01 02:24:09 PM,1970.7,0,0.0,118294025.5999999
2025-08-01 02:24:11 PM,1970.7,107,210864.9,118504890.49999991
2025-08-01 02:24:15 PM,1971.7,0,0.0,118504890.49999991
2025-08-01 02:24:16 PM,1971.7,1,1971.7,118506862.19999991
2025-08-01 02:24:21 PM,1970.6,0,0.0,118506862.19999991
2025-08-01 02:24:21 PM,1970.6,4,7882.4,118514744.59999992
2025-08-01 02:24:26 PM,1970.6,9,17735.399999999998,118532479.99999993
2025-08-01 02:24:28 PM,1972.5,0,0.0,118532479.99999993
2025-08-01 02:24:30 PM,1973.6,0,0.0,118532479.99999993
2025-08-01 02:24:31 PM,1973.9,288,568483.2000000001,119100963.19999993
2025-08-01 02:24:45 PM,1968.4,0,0.0,119100963.19999993
2025-08-01 02:24:47 PM,1968.4,100,196840.0,119297803.19999993
2025-08-01 02:24:51 PM,1969.7,0,0.0,119297803.19999993
2025-08-01 02:24:52 PM,1969.7,3,5909.1,119303712.29999992
2025-08-01 02:24:54 PM,1969.3,0,0.0,119303712.29999992
2025-08-01 02:24:58 PM,1969.3,10,19693.0,119323405.29999992
2025-08-01 02:25:17 PM,1971.0,25,49275.0,119372680.29999992
2025-08-01 02:26:13 PM,1970.2,0,0.0,119372680.29999992
2025-08-01 02:26:13 PM,1970.2,20,39404.0,119412084.29999992
2025-08-01 02:26:57 PM,1969.4,0,0.0,119412084.29999992
2025-08-01 02:27:00 PM,1969.4,27,53173.8,119465258.09999992
2025-08-01 02:27:09 PM,1969.0,0,0.0,119465258.09999992
2025-08-01 02:27:12 PM,1969.0,9,17721.0,119482979.09999992
2025-08-01 02:27:17 PM,1968.1,1,1968.1,119484947.19999991
2025-08-01 02:27:22 PM,1969.2,15,29538.0,119514485.19999991
2025-08-01 02:27:38 PM,1968.1,6,11808.599999999999,119526293.79999991
2025-08-01 02:27:44 PM,1968.9,50,98445.0,119624738.79999991
2025-08-01 02:28:20 PM,1968.8,0,0.0,119624738.79999991
2025-08-01 02:28:22 PM,1968.8,5,9844.0,119634582.79999991
2025-08-01 02:29:00 PM,1967.0,18,35406.0,119669988.79999991
2025-08-01 02:30:01 PM,1967.7,6,11806.2,119681794.99999991
2025-08-01 02:30:04 PM,1966.9,0,0.0,119681794.99999991
2025-08-01 02:30:07 PM,1966.9,15,29503.5,119711298.49999991
2025-08-01 02:30:24 PM,1966.9,23,45238.700000000004,119756537.19999991
2025-08-01 02:30:39 PM,1967.5,52,102310.0,119858847.19999991
2025-08-01 02:30:41 PM,1968.4,0,0.0,119858847.19999991
2025-08-01 02:30:41 PM,1968.4,1,1968.4,119860815.59999992
2025-08-01 02:31:08 PM,1966.0,15,29490.0,119890305.59999992
2025-08-01 02:31:51 PM,1968.5,5,9842.5,119900148.09999992
2025-08-01 02:32:07 PM,1968.6,1,1968.6,119902116.69999991
2025-08-01 02:32:20 PM,1968.9,0,0.0,119902116.69999991
2025-08-01 02:32:23 PM,1968.9,38,74818.2,119976934.89999992
2025-08-01 02:32:33 PM,1967.3,13,25574.899999999998,120002509.79999992
2025-08-01 02:32:40 PM,1967.0,50,98350.0,120100859.79999992
2025-08-01 02:32:44 PM,1970.7,0,0.0,120100859.79999992
2025-08-01 02:32:44 PM,1970.7,100,197070.0,120297929.79999992
2025-08-01 02:33:17 PM,1967.1,0,0.0,120297929.79999992
2025-08-01 02:33:17 PM,1967.1,10,19671.0,120317600.79999992
2025-08-01 02:33:31 PM,1969.2,5,9846.0,120327446.79999992
2025-08-01 02:33:35 PM,1968.7,0,0.0,120327446.79999992
2025-08-01 02:33:36 PM,1968.7,2,3937.4,120331384.19999993
2025-08-01 02:33:55 PM,1968.7,15,29530.5,120360914.69999993
2025-08-01 02:34:17 PM,1968.0,0,0.0,120360914.69999993
2025-08-01 02:34:18 PM,1968.0,5,9840.0,120370754.69999993
2025-08-01 02:34:20 PM,1968.2,0,0.0,120370754.69999993
2025-08-01 02:34:20 PM,1968.2,1,1968.2,120372722.89999993
2025-08-01 02:34:23 PM,1968.2,10,19682.0,120392404.89999993
2025-08-01 02:34:31 PM,1970.3,1,1970.3,120394375.19999993
2025-08-01 02:34:37 PM,1970.1,2,3940.2,120398315.39999993
2025-08-01 02:35:20 PM,1968.1,5,9840.5,120408155.89999993
2025-08-01 02:35:38 PM,1967.8,0,0.0,120408155.89999993
2025-08-01 02:35:40 PM,1967.8,3,5903.4,120414059.29999994
2025-08-01 02:35:52 PM,1967.1,8,15736.8,120429796.09999993
2025-08-01 02:35:54 PM,1969.4,0,0.0,120429796.09999993
2025-08-01 02:35:55 PM,1969.4,31,61051.4,120490847.49999994
2025-08-01 02:36:12 PM,1967.7,0,0.0,120490847.49999994
2025-08-01 02:36:12 PM,1967.7,1,1967.7,120492815.19999994
2025-08-01 02:36:25 PM,1968.3,0,0.0,120492815.19999994
2025-08-01 02:36:25 PM,1968.3,10,19683.0,120512498.19999994
2025-08-01 02:36:57 PM,1968.3,157,309023.1,120821521.29999994
2025-08-01 02:36:58 PM,1967.1,0,0.0,120821521.29999994
2025-08-01 02:37:00 PM,1967.1,1,1967.1,120823488.39999993
2025-08-01 02:37:02 PM,1968.0,25,49200.0,120872688.39999993
2025-08-01 02:37:06 PM,1968.0,2,3936.0,120876624.39999993
2025-08-01 02:37:16 PM,1968.1,0,0.0,120876624.39999993
2025-08-01 02:37:17 PM,1968.1,3,5904.299999999999,120882528.69999993
2025-08-01 02:38:04 PM,1964.5,0,0.0,120882528.69999993
2025-08-01 02:38:05 PM,1963.7,23,45165.1,120927693.79999992
2025-08-01 02:38:36 PM,1964.7,0,0.0,120927693.79999992
2025-08-01 02:38:39 PM,1964.7,6,11788.2,120939481.99999993
2025-08-01 02:38:59 PM,1963.0,0,0.0,120939481.99999993
2025-08-01 02:39:01 PM,1962.5,0,0.0,120939481.99999993
2025-08-01 02:39:02 PM,1962.5,160,314000.0,121253481.99999993
2025-08-01 02:39:05 PM,1960.6,0,0.0,121253481.99999993
2025-08-01 02:39:08 PM,1960.6,97,190178.19999999998,121443660.19999993
2025-08-01 02:39:17 PM,1963.5,0,0.0,121443660.19999993
2025-08-01 02:39:20 PM,1963.5,1,1963.5,121445623.69999993
2025-08-01 02:39:26 PM,1963.8,2,3927.6,121449551.29999992
2025-08-01 02:39:27 PM,1964.7,0,0.0,121449551.29999992
2025-08-01 02:39:31 PM,1964.7,36,70729.2,121520280.49999993
2025-08-01 02:39:32 PM,1966.0,6,11796.0,121532076.49999993
2025-08-01 02:39:40 PM,1967.3,0,0.0,121532076.49999993
2025-08-01 02:39:42 PM,1967.3,1,1967.3,121534043.79999992
2025-08-01 02:40:01 PM,1969.1,0,0.0,121534043.79999992
2025-08-01 02:40:05 PM,1969.1,72,141775.19999999998,121675818.99999993
2025-08-01 02:40:17 PM,1970.6,0,0.0,121675818.99999993
2025-08-01 02:40:21 PM,1970.6,101,199030.59999999998,121874849.59999992
2025-08-01 02:40:56 PM,1964.3,0,0.0,121874849.59999992
2025-08-01 02:40:58 PM,1966.9,0,0.0,121874849.59999992
2025-08-01 02:40:59 PM,1966.9,52,102278.8,121977128.39999992
2025-08-01 02:42:04 PM,1962.1,0,0.0,121977128.39999992
2025-08-01 02:42:04 PM,1962.1,53,103991.29999999999,122081119.69999991
2025-08-01 02:42:20 PM,1963.3,3,5889.9,122087009.59999992
2025-08-01 02:42:24 PM,1964.6,0,0.0,122087009.59999992
2025-08-01 02:42:26 PM,1964.6,4,7858.4,122094867.99999993
2025-08-01 02:42:30 PM,1965.4,0,0.0,122094867.99999993
2025-08-01 02:42:31 PM,1965.4,2,3930.8,122098798.79999992
2025-08-01 02:42:48 PM,1965.1,0,0.0,122098798.79999992
2025-08-01 02:42:52 PM,1965.1,1,1965.1,122100763.89999992
2025-08-01 02:43:01 PM,1965.0,0,0.0,122100763.89999992
2025-08-01 02:43:02 PM,1965.0,18,35370.0,122136133.89999992
2025-08-01 02:43:33 PM,1964.6,0,0.0,122136133.89999992
2025-08-01 02:43:35 PM,1964.6,2,3929.2,122140063.09999992
2025-08-01 02:44:09 PM,1964.6,1,1964.6,122142027.69999991
2025-08-01 02:44:36 PM,1964.5,61,119834.5,122261862.19999991
2025-08-01 02:44:42 PM,1961.7,100,196170.0,122458032.19999991
2025-08-01 02:44:56 PM,1963.5,0,0.0,122458032.19999991
2025-08-01 02:44:59 PM,1963.5,2,3927.0,122461959.19999991
2025-08-01 02:45:02 PM,1961.5,0,0.0,122461959.19999991
2025-08-01 02:45:05 PM,1961.5,334,655141.0,123117100.19999991
2025-08-01 02:45:08 PM,1962.5,0,0.0,123117100.19999991
2025-08-01 02:45:11 PM,1962.5,17,33362.5,123150462.69999991
2025-08-01 02:45:14 PM,1960.0,0,0.0,123150462.69999991
2025-08-01 02:45:16 PM,1960.0,47,92120.0,123242582.69999991
2025-08-01 02:45:29 PM,1960.7,0,0.0,123242582.69999991
2025-08-01 02:45:32 PM,1960.0,0,0.0,123242582.69999991
2025-08-01 02:45:33 PM,1960.0,31,60760.0,123303342.69999991
2025-08-01 02:45:44 PM,1960.0,2,3920.0,123307262.69999991
2025-08-01 02:45:49 PM,1956.2,166,324729.2,123631991.89999992
2025-08-01 02:45:53 PM,1955.7,0,0.0,123631991.89999992
2025-08-01 02:45:54 PM,1955.7,257,502614.9,124134606.79999992
2025-08-01 02:45:59 PM,1957.2,0,0.0,124134606.79999992
2025-08-01 02:46:00 PM,1957.3,19,37188.7,124171795.49999993
2025-08-01 02:46:05 PM,1958.5,0,0.0,124171795.49999993
2025-08-01 02:46:05 PM,1958.5,7,13709.5,124185504.99999993
2025-08-01 02:46:06 PM,1959.8,4,7839.2,124193344.19999993
2025-08-01 02:46:45 PM,1960.5,2,3921.0,124197265.19999993
2025-08-01 02:46:55 PM,1959.9,0,0.0,124197265.19999993
2025-08-01 02:46:56 PM,1959.9,11,21558.9,124218824.09999993
2025-08-01 02:46:57 PM,1960.5,1,1960.5,124220784.59999993
2025-08-01 02:47:01 PM,1962.5,0,0.0,124220784.59999993
2025-08-01 02:47:01 PM,1962.5,97,190362.5,124411147.09999993
2025-08-01 02:47:36 PM,1964.0,110,216040.0,124627187.09999993
2025-08-01 02:47:51 PM,1965.4,0,0.0,124627187.09999993
2025-08-01 02:47:53 PM,1965.4,1,1965.4,124629152.49999994
2025-08-01 02:48:03 PM,1966.7,0,0.0,124629152.49999994
2025-08-01 02:48:04 PM,1966.7,102,200603.4,124829755.89999995
2025-08-01 02:48:21 PM,1968.1,0,0.0,124829755.89999995
2025-08-01 02:48:22 PM,1968.1,6,11808.599999999999,124841564.49999994
2025-08-01 02:48:45 PM,1966.1,0,0.0,124841564.49999994
2025-08-01 02:48:48 PM,1966.7,0,0.0,124841564.49999994
2025-08-01 02:48:49 PM,1966.7,69,135702.30000000002,124977266.79999994
2025-08-01 02:48:55 PM,1967.3,2,3934.6,124981201.39999993
2025-08-01 02:49:13 PM,1968.0,0,0.0,124981201.39999993
2025-08-01 02:49:16 PM,1969.7,0,0.0,124981201.39999993
2025-08-01 02:49:17 PM,1966.2,56,110107.2,125091308.59999993
2025-08-01 02:49:27 PM,1968.6,0,0.0,125091308.59999993
2025-08-01 02:49:28 PM,1968.6,4,7874.4,125099182.99999994
2025-08-01 02:50:35 PM,1968.6,5,9843.0,125109025.99999994
2025-08-01 02:50:37 PM,1968.8,0,0.0,125109025.99999994
