date,price,qty,trnvr,cum_trnvr
2025-08-01 09:15:04 AM,59.02,25496,1504773.9200000002,1504773.9200000002
2025-08-01 09:15:04 AM,59.11,0,0.0,1504773.9200000002
2025-08-01 09:15:06 AM,59.0,181,10679.0,1515452.9200000002
2025-08-01 09:15:15 AM,59.1,7228,427174.8,1942627.7200000002
2025-08-01 09:15:17 AM,59.1,25,1477.5,1944105.2200000002
2025-08-01 09:15:23 AM,59.14,0,0.0,1944105.2200000002
2025-08-01 09:15:25 AM,59.07,7658,452358.06,2396463.2800000003
2025-08-01 09:15:33 AM,59.16,0,0.0,2396463.2800000003
2025-08-01 09:15:34 AM,59.16,363,21475.079999999998,2417938.3600000003
2025-08-01 09:15:37 AM,59.07,0,0.0,2417938.3600000003
2025-08-01 09:15:41 AM,59.14,0,0.0,2417938.3600000003
2025-08-01 09:15:42 AM,59.14,8175,483469.5,2901407.8600000003
2025-08-01 09:15:51 AM,59.14,10125,598792.5,3500200.3600000003
2025-08-01 09:15:55 AM,59.19,0,0.0,3500200.3600000003
2025-08-01 09:15:59 AM,59.19,41,2426.79,3502627.1500000004
2025-08-01 09:16:03 AM,58.86,0,0.0,3502627.1500000004
2025-08-01 09:16:07 AM,58.9,8130,478857.0,3981484.1500000004
2025-08-01 09:16:16 AM,58.96,1000,58960.0,4040444.1500000004
2025-08-01 09:16:18 AM,58.93,0,0.0,4040444.1500000004
2025-08-01 09:16:20 AM,58.9,0,0.0,4040444.1500000004
2025-08-01 09:16:23 AM,58.86,525,30901.5,4071345.6500000004
2025-08-01 09:16:25 AM,58.9,1000,58900.0,4130245.6500000004
2025-08-01 09:16:28 AM,58.94,0,0.0,4130245.6500000004
2025-08-01 09:16:31 AM,58.94,844,49745.36,4179991.0100000002
2025-08-01 09:16:48 AM,58.97,2968,175022.96,4355013.970000001
2025-08-01 09:16:56 AM,58.94,1005,59234.7,4414248.670000001
2025-08-01 09:16:58 AM,59.01,0,0.0,4414248.670000001
2025-08-01 09:17:00 AM,58.97,0,0.0,4414248.670000001
2025-08-01 09:17:04 AM,58.97,758,44699.26,4458947.930000001
2025-08-01 09:17:16 AM,59.04,0,0.0,4458947.930000001
2025-08-01 09:17:21 AM,58.98,914,53907.719999999994,4512855.65
2025-08-01 09:17:29 AM,58.98,800,47184.0,4560039.65
2025-08-01 09:17:32 AM,59.1,0,0.0,4560039.65
2025-08-01 09:17:37 AM,59.1,1431,84572.1,4644611.75
2025-08-01 09:17:38 AM,59.1,750,44325.0,4688936.75
2025-08-01 09:17:46 AM,59.09,300,17727.0,4706663.75
2025-08-01 09:17:47 AM,59.08,10,590.8,4707254.55
2025-08-01 09:17:55 AM,59.02,69,4072.38,4711326.93
2025-08-01 09:17:58 AM,59.26,0,0.0,4711326.93
2025-08-01 09:18:02 AM,59.26,16534,979804.84,5691131.77
2025-08-01 09:18:11 AM,59.26,400,23704.0,5714835.77
2025-08-01 09:18:20 AM,59.38,2609,154922.42,5869758.1899999995
2025-08-01 09:18:22 AM,59.3,0,0.0,5869758.1899999995
2025-08-01 09:18:27 AM,59.3,2850,169005.0,6038763.1899999995
2025-08-01 09:18:37 AM,59.35,5,296.75,6039059.9399999995
2025-08-01 09:18:40 AM,59.38,0,0.0,6039059.9399999995
2025-08-01 09:18:44 AM,59.4,12957,769645.7999999999,6808705.739999999
2025-08-01 09:18:45 AM,59.4,1,59.4,6808765.14
2025-08-01 09:18:46 AM,59.32,0,0.0,6808765.14
2025-08-01 09:18:52 AM,59.32,3001,178019.32,6986784.46
2025-08-01 09:18:53 AM,59.44,2500,148600.0,7135384.46
2025-08-01 09:19:00 AM,59.27,8728,517308.56000000006,7652693.02
2025-08-01 09:19:01 AM,59.23,690,40868.7,7693561.72
2025-08-01 09:19:02 AM,59.28,0,0.0,7693561.72
2025-08-01 09:19:04 AM,59.29,0,0.0,7693561.72
2025-08-01 09:19:08 AM,59.29,150,8893.5,7702455.22
2025-08-01 09:19:16 AM,59.31,551,32679.81,7735135.029999999
2025-08-01 09:19:17 AM,59.31,100,5931.0,7741066.029999999
2025-08-01 09:19:20 AM,59.41,0,0.0,7741066.029999999
2025-08-01 09:19:24 AM,59.41,1500,89115.0,7830181.029999999
2025-08-01 09:19:27 AM,59.39,0,0.0,7830181.029999999
2025-08-01 09:19:32 AM,59.44,1408,83691.51999999999,7913872.549999999
2025-08-01 09:19:42 AM,59.39,418,24825.02,7938697.569999998
2025-08-01 09:19:43 AM,59.38,0,0.0,7938697.569999998
2025-08-01 09:19:48 AM,59.39,257,15263.23,7953960.799999999
2025-08-01 09:19:58 AM,59.39,51,3028.89,7956989.689999999
2025-08-01 09:20:04 AM,59.39,10,593.9,7957583.589999999
2025-08-01 09:20:06 AM,59.36,164,9735.039999999999,7967318.629999999
2025-08-01 09:20:11 AM,59.44,0,0.0,7967318.629999999
2025-08-01 09:20:12 AM,59.44,19447,1155929.68,9123248.309999999
2025-08-01 09:20:14 AM,59.44,1,59.44,9123307.749999998
2025-08-01 09:20:18 AM,59.48,0,0.0,9123307.749999998
2025-08-01 09:20:20 AM,59.48,260,15464.8,9138772.549999999
2025-08-01 09:20:25 AM,59.43,0,0.0,9138772.549999999
2025-08-01 09:20:28 AM,59.45,480,28536.0,9167308.549999999
2025-08-01 09:20:36 AM,59.37,2505,148721.85,9316030.399999999
2025-08-01 09:20:42 AM,59.39,0,0.0,9316030.399999999
2025-08-01 09:20:44 AM,59.39,150,8908.5,9324938.899999999
2025-08-01 09:20:49 AM,59.4,0,0.0,9324938.899999999
2025-08-01 09:20:51 AM,59.31,2540,150647.4,9475586.299999999
2025-08-01 09:21:11 AM,59.4,0,0.0,9475586.299999999
2025-08-01 09:21:15 AM,59.39,536,31833.04,9507419.339999998
2025-08-01 09:21:23 AM,59.39,30,1781.7,9509201.039999997
2025-08-01 09:21:38 AM,59.39,5,296.95,9509497.989999996
2025-08-01 09:21:46 AM,59.39,501,29754.39,9539252.379999997
2025-08-01 09:21:52 AM,59.36,0,0.0,9539252.379999997
2025-08-01 09:21:54 AM,59.36,56,3324.16,9542576.539999997
2025-08-01 09:22:02 AM,59.33,1000,59330.0,9601906.539999997
2025-08-01 09:22:13 AM,59.34,0,0.0,9601906.539999997
2025-08-01 09:22:16 AM,59.34,262,15547.080000000002,9617453.619999997
2025-08-01 09:22:20 AM,59.33,0,0.0,9617453.619999997
2025-08-01 09:22:24 AM,59.33,179,10620.07,9628073.689999998
2025-08-01 09:22:35 AM,59.38,0,0.0,9628073.689999998
2025-08-01 09:22:39 AM,59.37,203,12052.109999999999,9640125.799999997
2025-08-01 09:22:47 AM,59.32,0,0.0,9640125.799999997
2025-08-01 09:22:48 AM,59.32,179,10618.28,9650744.079999996
2025-08-01 09:23:06 AM,59.37,0,0.0,9650744.079999996
2025-08-01 09:23:08 AM,59.32,0,0.0,9650744.079999996
2025-08-01 09:23:09 AM,59.4,10180,604692.0,10255436.079999996
2025-08-01 09:23:17 AM,59.38,118,7006.84,10262442.919999996
2025-08-01 09:23:19 AM,59.38,2,118.76,10262561.679999996
2025-08-01 09:23:40 AM,59.38,270,16032.6,10278594.279999996
2025-08-01 09:23:40 AM,59.39,0,0.0,10278594.279999996
2025-08-01 09:23:46 AM,59.38,0,0.0,10278594.279999996
2025-08-01 09:23:47 AM,59.38,321,19060.98,10297655.259999996
2025-08-01 09:23:49 AM,59.38,100,5938.0,10303593.259999996
2025-08-01 09:23:55 AM,59.37,802,47614.74,10351207.999999996
2025-08-01 09:23:57 AM,59.31,75,4448.25,10355656.249999996
2025-08-01 09:24:03 AM,59.37,7,415.59,10356071.839999996
2025-08-01 09:24:31 AM,59.27,0,0.0,10356071.839999996
2025-08-01 09:24:34 AM,59.27,3310,196183.7,10552255.539999995
2025-08-01 09:24:43 AM,59.24,180,10663.2,10562918.739999995
2025-08-01 09:24:48 AM,59.23,10155,601480.65,11164399.389999995
2025-08-01 09:24:58 AM,59.18,1176,69595.68,11233995.069999995
2025-08-01 09:25:02 AM,59.07,0,0.0,11233995.069999995
2025-08-01 09:25:03 AM,59.07,3400,200838.0,11434833.069999995
2025-08-01 09:25:04 AM,59.14,0,0.0,11434833.069999995
2025-08-01 09:25:06 AM,59.14,1,59.14,11434892.209999995
2025-08-01 09:25:11 AM,59.14,1700,100538.0,11535430.209999995
2025-08-01 09:25:13 AM,59.14,18,1064.52,11536494.729999995
2025-08-01 09:25:18 AM,59.14,15,887.1,11537381.829999994
2025-08-01 09:25:26 AM,59.14,90,5322.6,11542704.429999994
2025-08-01 09:25:28 AM,59.13,162,9579.060000000001,11552283.489999995
2025-08-01 09:25:29 AM,59.05,0,0.0,11552283.489999995
2025-08-01 09:25:33 AM,59.12,816,48241.92,11600525.409999995
2025-08-01 09:25:41 AM,59.12,50,2956.0,11603481.409999995
2025-08-01 09:25:45 AM,59.06,0,0.0,11603481.409999995
2025-08-01 09:25:48 AM,59.06,372,21970.32,11625451.729999995
2025-08-01 09:25:51 AM,59.05,594,35075.7,11660527.429999994
2025-08-01 09:25:56 AM,59.12,34,2010.08,11662537.509999994
2025-08-01 09:25:58 AM,59.13,300,17739.0,11680276.509999994
2025-08-01 09:26:03 AM,59.13,1,59.13,11680335.639999995
2025-08-01 09:26:10 AM,59.12,0,0.0,11680335.639999995
2025-08-01 09:26:11 AM,59.12,30,1773.6,11682109.239999995
2025-08-01 09:26:21 AM,59.12,3,177.35999999999999,11682286.599999994
2025-08-01 09:26:27 AM,59.12,178,10523.359999999999,11692809.959999993
2025-08-01 09:26:28 AM,59.12,100,5912.0,11698721.959999993
2025-08-01 09:26:34 AM,59.12,10,591.1999999999999,11699313.159999993
2025-08-01 09:26:35 AM,59.15,0,0.0,11699313.159999993
2025-08-01 09:26:36 AM,59.15,3884,229738.6,11929051.759999992
2025-08-01 09:26:41 AM,59.16,0,0.0,11929051.759999992
2025-08-01 09:26:42 AM,59.22,485,28721.7,11957773.459999992
2025-08-01 09:26:50 AM,59.25,0,0.0,11957773.459999992
2025-08-01 09:26:51 AM,59.25,2800,165900.0,12123673.459999992
2025-08-01 09:27:00 AM,59.22,0,0.0,12123673.459999992
2025-08-01 09:27:04 AM,59.22,3,177.66,12123851.119999992
2025-08-01 09:27:13 AM,59.17,30,1775.1000000000001,12125626.219999991
2025-08-01 09:27:19 AM,59.17,7549,446674.33,12572300.549999991
2025-08-01 09:27:28 AM,59.25,0,0.0,12572300.549999991
2025-08-01 09:27:34 AM,59.25,490,29032.5,12601333.049999991
2025-08-01 09:27:35 AM,59.25,5,296.25,12601629.299999991
2025-08-01 09:27:42 AM,59.25,100,5925.0,12607554.299999991
2025-08-01 09:27:49 AM,59.23,1,59.23,12607613.529999992
2025-08-01 09:28:03 AM,59.25,0,0.0,12607613.529999992
2025-08-01 09:28:05 AM,59.25,94,5569.5,12613183.029999992
2025-08-01 09:28:12 AM,59.25,201,11909.25,12625092.279999992
2025-08-01 09:28:17 AM,59.23,0,0.0,12625092.279999992
2025-08-01 09:28:20 AM,59.23,148,8766.039999999999,12633858.319999991
2025-08-01 09:28:28 AM,59.23,68,4027.64,12637885.959999992
2025-08-01 09:28:29 AM,59.25,10,592.5,12638478.459999992
2025-08-01 09:28:43 AM,59.25,20,1185.0,12639663.459999992
2025-08-01 09:28:44 AM,59.25,1,59.25,12639722.709999992
2025-08-01 09:28:51 AM,59.25,2,118.5,12639841.209999992
2025-08-01 09:28:58 AM,59.25,28,1659.0,12641500.209999992
2025-08-01 09:29:00 AM,59.22,0,0.0,12641500.209999992
2025-08-01 09:29:00 AM,59.22,137,8113.139999999999,12649613.349999992
2025-08-01 09:29:01 AM,59.25,0,0.0,12649613.349999992
2025-08-01 09:29:06 AM,59.25,1,59.25,12649672.599999992
2025-08-01 09:29:12 AM,59.22,0,0.0,12649672.599999992
2025-08-01 09:29:15 AM,59.22,11,651.42,12650324.019999992
2025-08-01 09:29:17 AM,59.2,0,0.0,12650324.019999992
2025-08-01 09:29:21 AM,59.2,12,710.4000000000001,12651034.419999992
2025-08-01 09:29:22 AM,59.22,0,0.0,12651034.419999992
2025-08-01 09:29:23 AM,59.22,500,29610.0,12680644.419999992
2025-08-01 09:29:36 AM,59.2,238,14089.6,12694734.019999992
2025-08-01 09:29:44 AM,59.19,10,591.9,12695325.919999992
2025-08-01 09:29:51 AM,59.19,13,769.47,12696095.389999993
2025-08-01 09:29:58 AM,59.24,0,0.0,12696095.389999993
2025-08-01 09:29:59 AM,59.24,714,42297.36,12738392.749999993
2025-08-01 09:30:04 AM,59.25,0,0.0,12738392.749999993
2025-08-01 09:30:06 AM,59.24,808,47865.92,12786258.669999992
2025-08-01 09:30:12 AM,59.25,0,0.0,12786258.669999992
2025-08-01 09:30:14 AM,59.22,43,2546.46,12788805.129999993
2025-08-01 09:30:15 AM,59.25,1,59.25,12788864.379999993
2025-08-01 09:30:21 AM,59.25,44,2607.0,12791471.379999993
2025-08-01 09:30:29 AM,59.25,251,14871.75,12806343.129999993
2025-08-01 09:30:36 AM,59.25,522,30928.5,12837271.629999993
2025-08-01 09:30:43 AM,59.25,687,40704.75,12877976.379999993
2025-08-01 09:30:53 AM,59.27,0,0.0,12877976.379999993
2025-08-01 09:30:58 AM,59.27,98,5808.46,12883784.839999994
2025-08-01 09:31:04 AM,59.25,0,0.0,12883784.839999994
2025-08-01 09:31:05 AM,59.25,475,28143.75,12911928.589999994
2025-08-01 09:31:13 AM,59.25,2,118.5,12912047.089999994
2025-08-01 09:31:16 AM,59.27,0,0.0,12912047.089999994
2025-08-01 09:31:20 AM,59.27,260,15410.2,12927457.289999994
2025-08-01 09:31:26 AM,59.28,0,0.0,12927457.289999994
2025-08-01 09:31:28 AM,59.28,331,19621.68,12947078.969999993
2025-08-01 09:31:42 AM,59.28,98,5809.4400000000005,12952888.409999993
2025-08-01 09:31:49 AM,59.29,200,11858.0,12964746.409999993
2025-08-01 09:31:50 AM,59.25,0,0.0,12964746.409999993
2025-08-01 09:31:55 AM,59.28,0,0.0,12964746.409999993
2025-08-01 09:31:56 AM,59.28,4,237.12,12964983.529999992
2025-08-01 09:32:03 AM,59.29,45,2668.05,12967651.579999993
2025-08-01 09:32:10 AM,59.28,200,11856.0,12979507.579999993
2025-08-01 09:32:18 AM,59.3,0,0.0,12979507.579999993
2025-08-01 09:32:24 AM,59.29,0,0.0,12979507.579999993
2025-08-01 09:32:24 AM,59.29,220,13043.8,12992551.379999993
2025-08-01 09:32:30 AM,59.35,0,0.0,12992551.379999993
2025-08-01 09:32:30 AM,59.34,0,0.0,12992551.379999993
2025-08-01 09:32:31 AM,59.34,3011,178672.74000000002,13171224.119999994
2025-08-01 09:32:36 AM,59.36,0,0.0,13171224.119999994
2025-08-01 09:32:37 AM,59.36,19,1127.84,13172351.959999993
2025-08-01 09:32:48 AM,59.32,0,0.0,13172351.959999993
2025-08-01 09:32:52 AM,59.34,111,6586.740000000001,13178938.699999994
2025-08-01 09:32:58 AM,59.36,35,2077.6,13181016.299999993
2025-08-01 09:33:19 AM,59.36,4,237.44,13181253.739999993
2025-08-01 09:33:26 AM,59.34,0,0.0,13181253.739999993
2025-08-01 09:33:26 AM,59.34,163,9672.42,13190926.159999993
2025-08-01 09:33:31 AM,59.38,0,0.0,13190926.159999993
2025-08-01 09:33:33 AM,59.34,117,6942.780000000001,13197868.939999992
2025-08-01 09:33:40 AM,59.34,15,890.1,13198759.039999992
2025-08-01 09:33:44 AM,59.38,0,0.0,13198759.039999992
2025-08-01 09:33:47 AM,59.38,25,1484.5,13200243.539999992
2025-08-01 09:33:50 AM,59.34,0,0.0,13200243.539999992
2025-08-01 09:33:54 AM,59.34,306,18158.04,13218401.57999999
2025-08-01 09:33:56 AM,59.35,0,0.0,13218401.57999999
2025-08-01 09:34:01 AM,59.35,220,13057.0,13231458.57999999
2025-08-01 09:34:58 AM,59.39,0,0.0,13231458.57999999
2025-08-01 09:35:01 AM,59.34,0,0.0,13231458.57999999
2025-08-01 09:35:03 AM,59.34,172,10206.480000000001,13241665.059999991
2025-08-01 09:35:06 AM,59.38,0,0.0,13241665.059999991
2025-08-01 09:35:11 AM,59.39,0,0.0,13241665.059999991
2025-08-01 09:35:11 AM,59.39,31,1841.09,13243506.149999991
2025-08-01 09:35:25 AM,59.39,4,237.56,13243743.709999992
2025-08-01 09:35:26 AM,59.4,0,0.0,13243743.709999992
2025-08-01 09:35:32 AM,59.4,250,14850.0,13258593.709999992
2025-08-01 09:35:45 AM,59.35,131,7774.85,13266368.559999991
2025-08-01 09:35:51 AM,59.4,0,0.0,13266368.559999991
2025-08-01 09:35:52 AM,59.4,3,178.2,13266546.75999999
2025-08-01 09:35:56 AM,59.35,0,0.0,13266546.75999999
2025-08-01 09:35:59 AM,59.35,2,118.7,13266665.45999999
2025-08-01 09:36:05 AM,59.39,0,0.0,13266665.45999999
2025-08-01 09:36:05 AM,59.39,3,178.17000000000002,13266843.62999999
2025-08-01 09:36:17 AM,59.35,0,0.0,13266843.62999999
2025-08-01 09:36:19 AM,59.35,58,3442.3,13270285.92999999
2025-08-01 09:36:25 AM,59.39,0,0.0,13270285.92999999
2025-08-01 09:36:25 AM,59.39,1,59.39,13270345.319999991
2025-08-01 09:36:33 AM,59.32,0,0.0,13270345.319999991
2025-08-01 09:36:37 AM,59.35,0,0.0,13270345.319999991
2025-08-01 09:36:38 AM,59.35,1464,86888.40000000001,13357233.719999991
2025-08-01 09:36:41 AM,59.38,0,0.0,13357233.719999991
2025-08-01 09:36:44 AM,59.38,10,593.8000000000001,13357827.519999992
2025-08-01 09:36:58 AM,59.38,55,3265.9,13361093.419999992
2025-08-01 09:37:01 AM,59.35,0,0.0,13361093.419999992
2025-08-01 09:37:05 AM,59.38,0,0.0,13361093.419999992
2025-08-01 09:37:05 AM,59.38,10,593.8000000000001,13361687.219999993
2025-08-01 09:37:12 AM,59.38,10,593.8000000000001,13362281.019999994
2025-08-01 09:37:12 AM,59.38,25,1484.5,13363765.519999994
2025-08-01 09:37:15 AM,59.35,0,0.0,13363765.519999994
2025-08-01 09:37:19 AM,59.35,269,15965.15,13379730.669999994
2025-08-01 09:37:26 AM,59.3,1607,95295.09999999999,13475025.769999994
2025-08-01 09:37:33 AM,59.3,1,59.3,13475085.069999995
2025-08-01 09:37:39 AM,59.31,0,0.0,13475085.069999995
2025-08-01 09:37:40 AM,59.31,1,59.31,13475144.379999995
2025-08-01 09:37:43 AM,59.3,0,0.0,13475144.379999995
2025-08-01 09:37:46 AM,59.3,52,3083.6,13478227.979999995
2025-08-01 09:37:53 AM,59.34,0,0.0,13478227.979999995
2025-08-01 09:37:53 AM,59.34,850,50439.0,13528666.979999995
2025-08-01 09:37:55 AM,59.3,0,0.0,13528666.979999995
2025-08-01 09:37:59 AM,59.3,51,3024.2999999999997,13531691.279999996
2025-08-01 09:38:06 AM,59.3,27,1601.1,13533292.379999995
2025-08-01 09:38:13 AM,59.3,19,1126.7,13534419.079999994
2025-08-01 09:38:26 AM,59.25,0,0.0,13534419.079999994
2025-08-01 09:38:27 AM,59.25,511,30276.75,13564695.829999994
2025-08-01 09:38:31 AM,59.29,0,0.0,13564695.829999994
2025-08-01 09:38:33 AM,59.29,1,59.29,13564755.119999994
2025-08-01 09:38:44 AM,59.25,0,0.0,13564755.119999994
2025-08-01 09:38:47 AM,59.25,601,35609.25,13600364.369999994
2025-08-01 09:38:57 AM,59.24,0,0.0,13600364.369999994
2025-08-01 09:39:00 AM,59.24,2,118.48,13600482.849999994
2025-08-01 09:39:07 AM,59.24,104,6160.96,13606643.809999995
2025-08-01 09:39:14 AM,59.24,1,59.24,13606703.049999995
2025-08-01 09:39:20 AM,59.26,1000,59260.0,13665963.049999995
2025-08-01 09:39:34 AM,59.26,3,177.78,13666140.829999994
2025-08-01 09:39:40 AM,59.21,150,8881.5,13675022.329999994
2025-08-01 09:39:54 AM,59.21,1,59.21,13675081.539999995
2025-08-01 09:39:58 AM,59.26,0,0.0,13675081.539999995
2025-08-01 09:40:00 AM,59.27,104,6164.08,13681245.619999995
2025-08-01 09:40:05 AM,59.18,0,0.0,13681245.619999995
2025-08-01 09:40:06 AM,59.18,1487,88000.66,13769246.279999996
2025-08-01 09:40:10 AM,59.06,0,0.0,13769246.279999996
2025-08-01 09:40:13 AM,59.05,3394,200415.69999999998,13969661.979999995
2025-08-01 09:40:16 AM,59.01,0,0.0,13969661.979999995
2025-08-01 09:40:18 AM,59.0,0,0.0,13969661.979999995
2025-08-01 09:40:19 AM,59.0,10828,638852.0,14608513.979999995
2025-08-01 09:40:20 AM,59.01,11,649.11,14609163.089999994
2025-08-01 09:40:25 AM,59.0,0,0.0,14609163.089999994
2025-08-01 09:40:26 AM,59.0,1407,83013.0,14692176.089999994
2025-08-01 09:40:33 AM,59.0,12,708.0,14692884.089999994
2025-08-01 09:40:33 AM,59.0,11,649.0,14693533.089999994
2025-08-01 09:40:45 AM,59.01,0,0.0,14693533.089999994
2025-08-01 09:40:46 AM,59.01,191,11270.91,14704803.999999994
2025-08-01 09:40:49 AM,59.0,0,0.0,14704803.999999994
2025-08-01 09:40:53 AM,59.0,270,15930.0,14720733.999999994
2025-08-01 09:40:59 AM,59.0,1778,104902.0,14825635.999999994
2025-08-01 09:41:06 AM,59.0,84,4956.0,14830591.999999994
2025-08-01 09:41:09 AM,59.02,0,0.0,14830591.999999994
2025-08-01 09:41:12 AM,59.0,985,58115.0,14888706.999999994
2025-08-01 09:41:13 AM,59.02,0,0.0,14888706.999999994
2025-08-01 09:41:17 AM,59.0,0,0.0,14888706.999999994
2025-08-01 09:41:19 AM,59.0,137,8083.0,14896789.999999994
2025-08-01 09:41:26 AM,59.0,275,16225.0,14913014.999999994
2025-08-01 09:41:32 AM,59.0,139,8201.0,14921215.999999994
2025-08-01 09:41:37 AM,59.01,0,0.0,14921215.999999994
2025-08-01 09:41:39 AM,59.01,2635,155491.35,15076707.349999994
2025-08-01 09:41:40 AM,59.04,1,59.04,15076766.389999993
2025-08-01 09:41:41 AM,59.0,0,0.0,15076766.389999993
2025-08-01 09:41:46 AM,59.0,290,17110.0,15093876.389999993
2025-08-01 09:41:46 AM,59.05,115,6790.75,15100667.139999993
2025-08-01 09:41:52 AM,59.0,135,7965.0,15108632.139999993
2025-08-01 09:41:57 AM,59.05,0,0.0,15108632.139999993
2025-08-01 09:41:58 AM,59.05,229,13522.449999999999,15122154.589999992
2025-08-01 09:42:00 AM,59.01,0,0.0,15122154.589999992
2025-08-01 09:42:05 AM,59.01,135,7966.349999999999,15130120.939999992
2025-08-01 09:42:06 AM,59.01,135,7966.349999999999,15138087.289999992
2025-08-01 09:42:12 AM,59.01,160,9441.6,15147528.889999991
2025-08-01 09:42:18 AM,59.0,4781,282079.0,15429607.889999991
2025-08-01 09:42:25 AM,59.0,1160,68440.0,15498047.889999991
2025-08-01 09:42:31 AM,59.0,1,59.0,15498106.889999991
2025-08-01 09:42:45 AM,59.0,10,590.0,15498696.889999991
2025-08-01 09:42:52 AM,58.97,12,707.64,15499404.529999992
2025-08-01 09:42:55 AM,59.0,0,0.0,15499404.529999992
2025-08-01 09:42:57 AM,59.0,134,7906.0,15507310.529999992
2025-08-01 09:43:03 AM,59.02,1101,64981.020000000004,15572291.549999991
2025-08-01 09:43:07 AM,59.04,0,0.0,15572291.549999991
2025-08-01 09:43:11 AM,59.04,5,295.2,15572586.74999999
2025-08-01 09:43:16 AM,59.0,0,0.0,15572586.74999999
2025-08-01 09:43:17 AM,59.0,811,47849.0,15620435.74999999
2025-08-01 09:43:24 AM,59.05,0,0.0,15620435.74999999
2025-08-01 09:43:24 AM,59.05,10,590.5,15621026.24999999
2025-08-01 09:43:37 AM,59.05,23,1358.1499999999999,15622384.399999991
2025-08-01 09:43:44 AM,59.01,680,40126.799999999996,15662511.199999992
2025-08-01 09:43:47 AM,59.04,0,0.0,15662511.199999992
2025-08-01 09:43:50 AM,59.01,311,18352.11,15680863.309999991
2025-08-01 09:43:52 AM,59.05,0,0.0,15680863.309999991
2025-08-01 09:43:56 AM,59.05,91,5373.55,15686236.859999992
2025-08-01 09:44:03 AM,59.05,4,236.2,15686473.059999991
2025-08-01 09:44:10 AM,59.05,294,17360.7,15703833.75999999
2025-08-01 09:44:16 AM,59.0,0,0.0,15703833.75999999
2025-08-01 09:44:17 AM,59.0,855,50445.0,15754278.75999999
2025-08-01 09:44:24 AM,59.01,56,3304.56,15757583.319999991
2025-08-01 09:44:29 AM,59.01,37,2183.37,15759766.68999999
2025-08-01 09:44:42 AM,59.01,1,59.01,15759825.69999999
2025-08-01 09:44:44 AM,59.0,0,0.0,15759825.69999999
2025-08-01 09:44:49 AM,59.0,7251,427809.0,16187634.69999999
2025-08-01 09:45:00 AM,59.01,0,0.0,16187634.69999999
2025-08-01 09:45:02 AM,59.01,275,16227.75,16203862.44999999
2025-08-01 09:45:15 AM,59.03,600,35418.0,16239280.44999999
2025-08-01 09:45:24 AM,59.01,0,0.0,16239280.44999999
2025-08-01 09:45:28 AM,59.01,20,1180.2,16240460.64999999
2025-08-01 09:45:34 AM,59.0,505,29795.0,16270255.64999999
2025-08-01 09:45:36 AM,59.01,85,5015.849999999999,16275271.499999989
2025-08-01 09:45:41 AM,59.01,5,295.05,16275566.54999999
2025-08-01 09:45:44 AM,59.0,0,0.0,16275566.54999999
2025-08-01 09:45:47 AM,59.0,832,49088.0,16324654.54999999
2025-08-01 09:45:54 AM,59.0,500,29500.0,16354154.54999999
2025-08-01 09:45:57 AM,59.01,0,0.0,16354154.54999999
2025-08-01 09:46:00 AM,59.01,153,9028.529999999999,16363183.079999989
2025-08-01 09:46:01 AM,59.0,7467,440553.0,16803736.07999999
2025-08-01 09:46:08 AM,59.0,993,58587.0,16862323.07999999
2025-08-01 09:46:20 AM,58.95,1,58.95,16862382.02999999
2025-08-01 09:46:26 AM,58.95,11,648.45,16863030.47999999
2025-08-01 09:46:30 AM,59.0,0,0.0,16863030.47999999
2025-08-01 09:46:33 AM,59.0,202,11918.0,16874948.47999999
2025-08-01 09:46:38 AM,58.99,0,0.0,16874948.47999999
2025-08-01 09:46:39 AM,58.99,5,294.95,16875243.42999999
2025-08-01 09:46:41 AM,58.95,0,0.0,16875243.42999999
2025-08-01 09:46:41 AM,58.95,17,1002.1500000000001,16876245.579999987
2025-08-01 09:46:45 AM,58.99,0,0.0,16876245.579999987
2025-08-01 09:46:45 AM,58.99,6,353.94,16876599.51999999
2025-08-01 09:46:45 AM,58.91,0,0.0,16876599.51999999
2025-08-01 09:46:47 AM,58.91,3000,176730.0,17053329.51999999
2025-08-01 09:46:49 AM,58.88,0,0.0,17053329.51999999
2025-08-01 09:46:50 AM,58.93,0,0.0,17053329.51999999
2025-08-01 09:46:53 AM,58.93,3691,217510.63,17270840.149999987
2025-08-01 09:46:58 AM,58.93,2,117.86,17270958.009999987
2025-08-01 09:47:04 AM,58.9,9,530.1,17271488.10999999
2025-08-01 09:47:09 AM,58.92,0,0.0,17271488.10999999
2025-08-01 09:47:10 AM,58.92,511,30108.120000000003,17301596.22999999
2025-08-01 09:47:16 AM,58.92,500,29460.0,17331056.22999999
2025-08-01 09:47:29 AM,58.95,191,11259.45,17342315.67999999
2025-08-01 09:47:38 AM,58.94,81,4774.139999999999,17347089.81999999
2025-08-01 09:47:54 AM,58.95,0,0.0,17347089.81999999
2025-08-01 09:47:55 AM,58.95,3,176.85000000000002,17347266.66999999
2025-08-01 09:47:58 AM,58.98,0,0.0,17347266.66999999
2025-08-01 09:48:02 AM,58.98,1,58.98,17347325.64999999
2025-08-01 09:48:11 AM,58.98,8,471.84,17347797.48999999
2025-08-01 09:48:15 AM,58.93,80,4714.4,17352511.88999999
2025-08-01 09:48:23 AM,58.92,0,0.0,17352511.88999999
2025-08-01 09:48:24 AM,58.97,2027,119532.19,17472044.07999999
2025-08-01 09:48:30 AM,58.96,25,1474.0,17473518.07999999
2025-08-01 09:48:32 AM,58.98,0,0.0,17473518.07999999
2025-08-01 09:48:34 AM,58.98,194,11442.119999999999,17484960.19999999
2025-08-01 09:48:39 AM,58.93,0,0.0,17484960.19999999
2025-08-01 09:48:41 AM,58.93,3,176.79,17485136.98999999
2025-08-01 09:48:43 AM,58.98,0,0.0,17485136.98999999
2025-08-01 09:48:43 AM,58.98,1,58.98,17485195.96999999
2025-08-01 09:48:52 AM,58.99,0,0.0,17485195.96999999
2025-08-01 09:48:53 AM,58.99,700,41293.0,17526488.96999999
2025-08-01 09:48:59 AM,58.98,0,0.0,17526488.96999999
2025-08-01 09:49:00 AM,58.98,5,294.9,17526783.86999999
2025-08-01 09:49:12 AM,58.98,8,471.84,17527255.70999999
2025-08-01 09:49:18 AM,59.0,516,30444.0,17557699.70999999
2025-08-01 09:49:37 AM,58.97,0,0.0,17557699.70999999
2025-08-01 09:49:37 AM,58.97,300,17691.0,17575390.70999999
2025-08-01 09:49:52 AM,58.97,220,12973.4,17588364.10999999
2025-08-01 09:49:56 AM,58.94,0,0.0,17588364.10999999
2025-08-01 09:49:57 AM,58.99,0,0.0,17588364.10999999
2025-08-01 09:49:59 AM,58.99,3089,182220.11000000002,17770584.219999988
2025-08-01 09:50:15 AM,58.92,0,0.0,17770584.219999988
2025-08-01 09:50:16 AM,58.92,246,14494.32,17785078.539999988
2025-08-01 09:50:21 AM,58.95,0,0.0,17785078.539999988
2025-08-01 09:50:22 AM,58.95,100,5895.0,17790973.539999988
2025-08-01 09:50:40 AM,58.97,2,117.94,17791091.47999999
2025-08-01 09:50:43 AM,58.97,50,2948.5,17794039.97999999
2025-08-01 09:50:48 AM,59.0,0,0.0,17794039.97999999
2025-08-01 09:50:49 AM,59.0,20,1180.0,17795219.97999999
2025-08-01 09:50:51 AM,58.95,0,0.0,17795219.97999999
2025-08-01 09:50:53 AM,58.95,71,4185.45,17799405.42999999
2025-08-01 09:50:57 AM,59.0,0,0.0,17799405.42999999
2025-08-01 09:51:00 AM,59.0,1000,59000.0,17858405.42999999
2025-08-01 09:51:02 AM,59.0,9,531.0,17858936.42999999
2025-08-01 09:51:06 AM,59.0,34,2006.0,17860942.42999999
2025-08-01 09:51:12 AM,59.0,5,295.0,17861237.42999999
2025-08-01 09:51:18 AM,59.0,100,5900.0,17867137.42999999
2025-08-01 09:51:25 AM,59.0,50,2950.0,17870087.42999999
2025-08-01 09:51:27 AM,59.0,1,59.0,17870146.42999999
2025-08-01 09:51:46 AM,58.95,249,14678.550000000001,17884824.97999999
2025-08-01 09:51:59 AM,58.95,85,5010.75,17889835.72999999
2025-08-01 09:52:02 AM,58.95,103,6071.85,17895907.57999999
2025-08-01 09:52:10 AM,58.95,15,884.25,17896791.82999999
2025-08-01 09:52:38 AM,58.96,0,0.0,17896791.82999999
2025-08-01 09:52:38 AM,58.96,10000,589600.0,18486391.82999999
2025-08-01 09:52:41 AM,58.98,0,0.0,18486391.82999999
2025-08-01 09:52:41 AM,58.98,181,10675.38,18497067.20999999
2025-08-01 09:52:47 AM,58.98,1,58.98,18497126.18999999
2025-08-01 09:52:51 AM,58.98,250,14745.0,18511871.18999999
2025-08-01 09:52:57 AM,58.98,500,29490.0,18541361.18999999
2025-08-01 09:52:59 AM,58.94,0,0.0,18541361.18999999
2025-08-01 09:52:59 AM,58.94,5,294.7,18541655.88999999
2025-08-01 09:53:05 AM,58.98,0,0.0,18541655.88999999
2025-08-01 09:53:05 AM,58.98,1,58.98,18541714.86999999
2025-08-01 09:53:15 AM,58.98,17,1002.66,18542717.52999999
2025-08-01 09:53:24 AM,58.98,1,58.98,18542776.50999999
2025-08-01 09:53:28 AM,58.98,50,2949.0,18545725.50999999
2025-08-01 09:53:30 AM,58.98,100,5898.0,18551623.50999999
2025-08-01 09:53:42 AM,58.98,16,943.68,18552567.18999999
2025-08-01 09:53:44 AM,58.94,0,0.0,18552567.18999999
2025-08-01 09:53:46 AM,58.94,42,2475.48,18555042.66999999
2025-08-01 09:54:24 AM,58.98,0,0.0,18555042.66999999
2025-08-01 09:54:25 AM,58.98,240,14155.199999999999,18569197.86999999
2025-08-01 09:55:00 AM,58.96,18,1061.28,18570259.14999999
2025-08-01 09:55:17 AM,58.93,529,31173.97,18601433.11999999
2025-08-01 09:55:18 AM,58.94,192,11316.48,18612749.59999999
2025-08-01 09:55:27 AM,58.97,0,0.0,18612749.59999999
2025-08-01 09:55:29 AM,58.95,55,3242.25,18615991.84999999
2025-08-01 09:55:52 AM,58.97,0,0.0,18615991.84999999
2025-08-01 09:55:53 AM,58.95,27,1591.65,18617583.49999999
2025-08-01 09:55:57 AM,58.97,0,0.0,18617583.49999999
2025-08-01 09:56:00 AM,58.97,43,2535.71,18620119.20999999
2025-08-01 09:56:06 AM,58.98,0,0.0,18620119.20999999
2025-08-01 09:56:06 AM,58.98,1000,58980.0,18679099.20999999
2025-08-01 09:56:12 AM,58.98,20,1179.6,18680278.80999999
2025-08-01 09:56:18 AM,58.92,0,0.0,18680278.80999999
2025-08-01 09:56:18 AM,58.92,400,23568.0,18703846.80999999
2025-08-01 09:56:29 AM,58.97,2,117.94,18703964.749999993
2025-08-01 09:56:30 AM,58.97,5,294.85,18704259.599999994
2025-08-01 09:56:35 AM,58.97,180,10614.6,18714874.199999996
2025-08-01 09:56:41 AM,58.97,16,943.52,18715817.719999995
2025-08-01 09:56:45 AM,58.9,0,0.0,18715817.719999995
2025-08-01 09:56:48 AM,58.9,2220,130758.0,18846575.719999995
2025-08-01 09:56:50 AM,58.95,0,0.0,18846575.719999995
2025-08-01 09:56:54 AM,58.95,100,5895.0,18852470.719999995
2025-08-01 09:56:59 AM,58.95,1,58.95,18852529.669999994
2025-08-01 09:57:01 AM,58.95,200,11790.0,18864319.669999994
2025-08-01 09:57:23 AM,58.95,1,58.95,18864378.619999994
2025-08-01 09:57:37 AM,58.9,195,11485.5,18875864.119999994
2025-08-01 09:57:46 AM,58.95,0,0.0,18875864.119999994
2025-08-01 09:57:46 AM,58.99,3767,222215.33000000002,19098079.44999999
2025-08-01 09:58:14 AM,58.97,2,117.94,19098197.389999993
2025-08-01 09:58:22 AM,58.91,0,0.0,19098197.389999993
2025-08-01 09:58:23 AM,58.91,5,294.54999999999995,19098491.939999994
2025-08-01 09:58:31 AM,58.91,953,56141.229999999996,19154633.169999994
2025-08-01 09:58:47 AM,58.96,0,0.0,19154633.169999994
2025-08-01 09:58:47 AM,58.96,50,2948.0,19157581.169999994
2025-08-01 09:59:05 AM,58.96,10,589.6,19158170.769999996
2025-08-01 09:59:12 AM,58.96,28,1650.88,19159821.649999995
2025-08-01 09:59:17 AM,58.91,0,0.0,19159821.649999995
2025-08-01 09:59:18 AM,58.91,17,1001.4699999999999,19160823.119999994
2025-08-01 09:59:24 AM,58.96,10,589.6,19161412.719999995
2025-08-01 09:59:36 AM,58.98,0,0.0,19161412.719999995
2025-08-01 09:59:37 AM,58.98,20,1179.6,19162592.319999997
2025-08-01 09:59:40 AM,58.95,5,294.75,19162887.069999997
2025-08-01 09:59:58 AM,58.95,3,176.85000000000002,19163063.919999998
2025-08-01 10:00:08 AM,58.96,0,0.0,19163063.919999998
2025-08-01 10:00:08 AM,58.96,20,1179.2,19164243.119999997
2025-08-01 10:00:14 AM,58.96,14,825.44,19165068.56
2025-08-01 10:00:17 AM,58.96,1,58.96,19165127.52
2025-08-01 10:00:55 AM,58.96,21,1238.16,19166365.68
2025-08-01 10:00:58 AM,58.9,0,0.0,19166365.68
2025-08-01 10:00:58 AM,58.9,35,2061.5,19168427.18
2025-08-01 10:01:02 AM,58.9,181,10660.9,19179088.08
2025-08-01 10:01:04 AM,58.96,0,0.0,19179088.08
2025-08-01 10:01:05 AM,58.97,108,6368.76,19185456.84
2025-08-01 10:01:08 AM,58.87,6655,391779.85,19577236.69
2025-08-01 10:01:17 AM,58.83,228,13413.24,19590649.93
2025-08-01 10:01:20 AM,58.87,0,0.0,19590649.93
2025-08-01 10:01:21 AM,58.87,95,5592.65,19596242.58
2025-08-01 10:01:23 AM,58.83,253,14883.99,19611126.569999997
2025-08-01 10:01:27 AM,58.87,2,117.74,19611244.309999995
2025-08-01 10:01:29 AM,58.87,200,11774.0,19623018.309999995
2025-08-01 10:01:35 AM,58.87,11,647.5699999999999,19623665.879999995
2025-08-01 10:01:39 AM,58.87,1,58.87,19623724.749999996
2025-08-01 10:01:41 AM,58.87,20,1177.3999999999999,19624902.149999995
2025-08-01 10:01:46 AM,58.87,54,3178.98,19628081.129999995
2025-08-01 10:01:52 AM,58.87,77,4532.99,19632614.119999994
2025-08-01 10:02:00 AM,58.9,0,0.0,19632614.119999994
2025-08-01 10:02:00 AM,58.9,10,589.0,19633203.119999994
2025-08-01 10:02:23 AM,58.87,0,0.0,19633203.119999994
2025-08-01 10:02:23 AM,58.9,205,12074.5,19645277.619999994
2025-08-01 10:02:29 AM,58.9,85,5006.5,19650284.119999994
2025-08-01 10:02:37 AM,58.91,0,0.0,19650284.119999994
2025-08-01 10:02:37 AM,58.91,15,883.65,19651167.769999992
2025-08-01 10:02:49 AM,58.91,55,3240.0499999999997,19654407.819999993
2025-08-01 10:02:55 AM,58.91,1,58.91,19654466.729999993
2025-08-01 10:02:56 AM,58.91,64,3770.24,19658236.96999999
2025-08-01 10:03:01 AM,58.91,1,58.91,19658295.87999999
2025-08-01 10:03:07 AM,58.91,16,942.56,19659238.43999999
2025-08-01 10:03:09 AM,58.84,5182,304908.88,19964147.31999999
2025-08-01 10:03:14 AM,58.88,5,294.40000000000003,19964441.719999988
2025-08-01 10:03:19 AM,58.87,0,0.0,19964441.719999988
2025-08-01 10:03:20 AM,58.87,25,1471.75,19965913.469999988
2025-08-01 10:03:23 AM,58.88,0,0.0,19965913.469999988
2025-08-01 10:03:23 AM,58.88,100,5888.0,19971801.469999988
2025-08-01 10:03:40 AM,58.88,602,35445.76,20007247.22999999
2025-08-01 10:03:48 AM,58.89,20,1177.8,20008425.02999999
2025-08-01 10:03:50 AM,58.88,0,0.0,20008425.02999999
2025-08-01 10:03:52 AM,58.88,50,2944.0,20011369.02999999
2025-08-01 10:03:55 AM,58.89,0,0.0,20011369.02999999
2025-08-01 10:03:58 AM,58.89,5,294.45,20011663.47999999
2025-08-01 10:04:13 AM,58.81,2000,117620.0,20129283.47999999
2025-08-01 10:04:15 AM,58.88,0,0.0,20129283.47999999
2025-08-01 10:04:17 AM,58.88,1,58.88,20129342.35999999
2025-08-01 10:04:25 AM,58.88,200,11776.0,20141118.35999999
2025-08-01 10:04:29 AM,58.88,25,1472.0,20142590.35999999
2025-08-01 10:04:48 AM,58.88,1,58.88,20142649.239999987
2025-08-01 10:04:53 AM,58.87,0,0.0,20142649.239999987
2025-08-01 10:04:54 AM,58.87,147,8653.89,20151303.129999988
2025-08-01 10:04:56 AM,58.85,100,5885.0,20157188.129999988
2025-08-01 10:05:00 AM,58.86,0,0.0,20157188.129999988
2025-08-01 10:05:01 AM,58.86,261,15362.46,20172550.58999999
2025-08-01 10:05:09 AM,58.81,0,0.0,20172550.58999999
2025-08-01 10:05:09 AM,58.86,6,353.15999999999997,20172903.74999999
2025-08-01 10:05:13 AM,58.86,300,17658.0,20190561.74999999
2025-08-01 10:05:19 AM,58.86,6,353.15999999999997,20190914.90999999
2025-08-01 10:05:21 AM,58.85,100,5885.0,20196799.90999999
2025-08-01 10:05:31 AM,58.85,5,294.25,20197094.15999999
2025-08-01 10:05:45 AM,58.88,500,29440.0,20226534.15999999
2025-08-01 10:05:49 AM,58.85,0,0.0,20226534.15999999
2025-08-01 10:05:50 AM,58.85,98,5767.3,20232301.45999999
2025-08-01 10:06:19 AM,58.88,3,176.64000000000001,20232478.09999999
2025-08-01 10:06:21 AM,58.81,1394,81981.14,20314459.23999999
2025-08-01 10:06:33 AM,58.87,80,4709.599999999999,20319168.839999992
2025-08-01 10:06:43 AM,58.8,3910,229908.0,20549076.839999992
2025-08-01 10:06:45 AM,58.87,5,294.34999999999997,20549371.189999994
2025-08-01 10:06:49 AM,58.87,3,176.60999999999999,20549547.799999993
2025-08-01 10:06:51 AM,58.81,58,3410.98,20552958.779999994
2025-08-01 10:06:55 AM,58.81,104,6116.24,20559075.019999992
2025-08-01 10:07:02 AM,58.81,172,10115.32,20569190.339999992
2025-08-01 10:07:03 AM,58.81,1,58.81,20569249.14999999
2025-08-01 10:07:08 AM,58.81,200,11762.0,20581011.14999999
2025-08-01 10:07:14 AM,58.81,323,18995.63,20600006.77999999
2025-08-01 10:07:16 AM,58.86,213,12537.18,20612543.95999999
2025-08-01 10:07:20 AM,58.81,33,1940.73,20614484.68999999
2025-08-01 10:07:27 AM,58.86,0,0.0,20614484.68999999
2025-08-01 10:07:27 AM,58.86,50,2943.0,20617427.68999999
2025-08-01 10:07:35 AM,58.81,0,0.0,20617427.68999999
2025-08-01 10:07:35 AM,58.81,344,20230.64,20637658.32999999
2025-08-01 10:07:44 AM,58.87,0,0.0,20637658.32999999
2025-08-01 10:07:45 AM,58.87,24,1412.8799999999999,20639071.20999999
2025-08-01 10:07:47 AM,58.85,17,1000.45,20640071.65999999
2025-08-01 10:07:57 AM,58.85,3,176.55,20640248.20999999
2025-08-01 10:07:59 AM,58.82,0,0.0,20640248.20999999
2025-08-01 10:07:59 AM,58.82,231,13587.42,20653835.62999999
2025-08-01 10:08:11 AM,58.85,200,11770.0,20665605.62999999
2025-08-01 10:08:13 AM,58.82,0,0.0,20665605.62999999
2025-08-01 10:08:16 AM,58.82,1401,82406.82,20748012.44999999
2025-08-01 10:08:18 AM,58.85,0,0.0,20748012.44999999
2025-08-01 10:08:18 AM,58.85,41,2412.85,20750425.299999993
2025-08-01 10:08:34 AM,58.85,24,1412.4,20751837.69999999
2025-08-01 10:08:36 AM,58.85,1,58.85,20751896.549999993
2025-08-01 10:08:40 AM,58.85,40,2354.0,20754250.549999993
2025-08-01 10:08:43 AM,58.78,0,0.0,20754250.549999993
2025-08-01 10:08:46 AM,58.78,2501,147008.78,20901259.329999994
2025-08-01 10:08:48 AM,58.85,0,0.0,20901259.329999994
2025-08-01 10:08:52 AM,58.85,679,39959.15,20941218.479999993
2025-08-01 10:09:04 AM,58.85,161,9474.85,20950693.329999994
2025-08-01 10:09:11 AM,58.88,2,117.76,20950811.089999996
2025-08-01 10:09:13 AM,58.85,0,0.0,20950811.089999996
2025-08-01 10:09:18 AM,58.88,0,0.0,20950811.089999996
2025-08-01 10:09:22 AM,58.88,601,35386.880000000005,20986197.969999995
2025-08-01 10:09:33 AM,58.89,0,0.0,20986197.969999995
2025-08-01 10:09:33 AM,58.89,1,58.89,20986256.859999996
2025-08-01 10:10:00 AM,58.85,0,0.0,20986256.859999996
2025-08-01 10:10:02 AM,58.85,400,23540.0,21009796.859999996
2025-08-01 10:10:07 AM,58.88,0,0.0,21009796.859999996
2025-08-01 10:10:08 AM,58.88,26,1530.88,21011327.739999995
2025-08-01 10:10:13 AM,58.83,0,0.0,21011327.739999995
2025-08-01 10:10:14 AM,58.83,238,14001.539999999999,21025329.279999994
2025-08-01 10:10:19 AM,58.8,96,5644.799999999999,21030974.079999994
2025-08-01 10:10:30 AM,58.85,0,0.0,21030974.079999994
2025-08-01 10:10:31 AM,58.85,4,235.4,21031209.479999993
2025-08-01 10:10:45 AM,58.85,100,5885.0,21037094.479999993
2025-08-01 10:11:01 AM,58.85,100,5885.0,21042979.479999993
2025-08-01 10:11:12 AM,58.87,0,0.0,21042979.479999993
2025-08-01 10:11:13 AM,58.88,206,12129.28,21055108.759999994
2025-08-01 10:12:00 AM,58.88,56,3297.28,21058406.039999995
2025-08-01 10:12:06 AM,58.88,120,7065.6,21065471.639999997
2025-08-01 10:12:11 AM,58.85,461,27129.850000000002,21092601.49
2025-08-01 10:12:17 AM,58.87,65,3826.5499999999997,21096428.04
2025-08-01 10:12:23 AM,58.87,1000,58870.0,21155298.04
2025-08-01 10:12:24 AM,58.87,1,58.87,21155356.91
2025-08-01 10:12:29 AM,58.87,166,9772.42,21165129.330000002
2025-08-01 10:12:41 AM,58.88,101,5946.88,21171076.21
2025-08-01 10:12:46 AM,58.88,200,11776.0,21182852.21
2025-08-01 10:12:47 AM,58.85,11,647.35,21183499.560000002
2025-08-01 10:12:52 AM,58.88,60,3532.8,21187032.360000003
2025-08-01 10:12:57 AM,58.88,20,1177.6000000000001,21188209.960000005
2025-08-01 10:13:03 AM,58.88,20,1177.6000000000001,21189387.560000006
2025-08-01 10:13:10 AM,58.82,20,1176.4,21190563.960000005
2025-08-01 10:13:27 AM,58.87,0,0.0,21190563.960000005
2025-08-01 10:13:27 AM,58.87,280,16483.6,21207047.560000006
2025-08-01 10:13:34 AM,58.85,1,58.85,21207106.410000008
2025-08-01 10:13:45 AM,58.85,5,294.25,21207400.660000008
2025-08-01 10:13:57 AM,58.89,0,0.0,21207400.660000008
2025-08-01 10:13:57 AM,58.89,3000,176670.0,21384070.660000008
2025-08-01 10:14:02 AM,58.89,25,1472.25,21385542.910000008
2025-08-01 10:14:08 AM,58.89,2,117.78,21385660.69000001
2025-08-01 10:14:14 AM,58.89,2,117.78,21385778.47000001
2025-08-01 10:14:26 AM,58.88,10,588.8000000000001,21386367.27000001
2025-08-01 10:14:37 AM,58.88,3010,177228.80000000002,21563596.07000001
2025-08-01 10:14:38 AM,58.85,10,588.5,21564184.57000001
2025-08-01 10:14:43 AM,58.87,20,1177.3999999999999,21565361.97000001
2025-08-01 10:14:49 AM,58.87,1,58.87,21565420.84000001
2025-08-01 10:14:50 AM,58.8,0,0.0,21565420.84000001
2025-08-01 10:14:50 AM,58.8,400,23520.0,21588940.84000001
2025-08-01 10:15:00 AM,58.81,0,0.0,21588940.84000001
2025-08-01 10:15:00 AM,58.81,45,2646.4500000000003,21591587.29000001
2025-08-01 10:15:18 AM,58.87,20,1177.3999999999999,21592764.69000001
2025-08-01 10:15:24 AM,58.87,59,3473.33,21596238.020000007
2025-08-01 10:15:29 AM,58.89,0,0.0,21596238.020000007
2025-08-01 10:15:30 AM,58.89,1000,58890.0,21655128.020000007
2025-08-01 10:15:37 AM,58.89,50,2944.5,21658072.520000007
2025-08-01 10:15:48 AM,58.89,1,58.89,21658131.410000008
2025-08-01 10:15:54 AM,58.83,0,0.0,21658131.410000008
2025-08-01 10:15:54 AM,58.83,28,1647.24,21659778.650000006
2025-08-01 10:16:51 AM,58.89,0,0.0,21659778.650000006
2025-08-01 10:16:52 AM,58.89,3,176.67000000000002,21659955.320000008
2025-08-01 10:16:59 AM,58.9,0,0.0,21659955.320000008
2025-08-01 10:17:03 AM,58.9,1008,59371.2,21719326.520000007
2025-08-01 10:17:06 AM,58.83,0,0.0,21719326.520000007
2025-08-01 10:17:09 AM,58.83,1,58.83,21719385.350000005
2025-08-01 10:17:20 AM,58.85,0,0.0,21719385.350000005
2025-08-01 10:17:20 AM,58.89,47,2767.83,21722153.180000003
2025-08-01 10:17:37 AM,58.89,18,1060.02,21723213.200000003
2025-08-01 10:17:53 AM,58.9,0,0.0,21723213.200000003
2025-08-01 10:17:55 AM,58.9,206,12133.4,21735346.6
2025-08-01 10:18:05 AM,58.84,0,0.0,21735346.6
2025-08-01 10:18:06 AM,58.84,75,4413.0,21739759.6
2025-08-01 10:18:23 AM,58.89,0,0.0,21739759.6
2025-08-01 10:18:24 AM,58.89,7,412.23,21740171.830000002
2025-08-01 10:18:35 AM,58.84,555,32656.2,21772828.03
2025-08-01 10:18:38 AM,58.89,0,0.0,21772828.03
2025-08-01 10:18:41 AM,58.89,10,588.9,21773416.93
2025-08-01 10:19:04 AM,58.89,26,1531.14,21774948.07
2025-08-01 10:19:10 AM,58.89,30,1766.7,21776714.77
2025-08-01 10:19:13 AM,58.85,0,0.0,21776714.77
2025-08-01 10:19:15 AM,58.85,228,13417.800000000001,21790132.57
2025-08-01 10:19:38 AM,58.85,136,8003.6,21798136.17
2025-08-01 10:19:45 AM,58.88,10,588.8000000000001,21798724.970000003
2025-08-01 10:19:50 AM,58.84,324,19064.16,21817789.130000003
2025-08-01 10:19:51 AM,58.88,5,294.40000000000003,21818083.53
2025-08-01 10:19:55 AM,58.88,130,7654.400000000001,21825737.93
2025-08-01 10:20:02 AM,58.88,39,2296.32,21828034.25
2025-08-01 10:20:18 AM,58.88,3000,176640.0,22004674.25
2025-08-01 10:20:24 AM,58.85,30,1765.5,22006439.75
2025-08-01 10:20:48 AM,58.88,0,0.0,22006439.75
2025-08-01 10:20:48 AM,58.88,1234,72657.92,22079097.67
2025-08-01 10:20:54 AM,58.85,848,49904.8,22129002.470000003
2025-08-01 10:20:55 AM,58.85,7,411.95,22129414.42
2025-08-01 10:20:59 AM,58.88,0,0.0,22129414.42
2025-08-01 10:20:59 AM,58.88,21,1236.48,22130650.900000002
2025-08-01 10:21:10 AM,58.88,25,1472.0,22132122.900000002
2025-08-01 10:21:27 AM,58.88,2,117.76,22132240.660000004
2025-08-01 10:21:45 AM,58.84,0,0.0,22132240.660000004
2025-08-01 10:21:45 AM,58.84,25,1471.0,22133711.660000004
2025-08-01 10:22:02 AM,58.88,3,176.64000000000001,22133888.300000004
2025-08-01 10:22:12 AM,58.87,0,0.0,22133888.300000004
2025-08-01 10:22:12 AM,58.87,50,2943.5,22136831.800000004
2025-08-01 10:22:21 AM,58.88,0,0.0,22136831.800000004
2025-08-01 10:22:24 AM,58.88,2124,125061.12000000001,22261892.920000006
2025-08-01 10:22:26 AM,58.85,66,3884.1,22265777.020000007
2025-08-01 10:22:30 AM,58.85,356,20950.600000000002,22286727.62000001
2025-08-01 10:22:32 AM,58.85,10000,588500.0,22875227.62000001
2025-08-01 10:22:37 AM,58.85,5,294.25,22875521.87000001
2025-08-01 10:22:46 AM,58.85,20,1177.0,22876698.87000001
2025-08-01 10:22:51 AM,58.85,10,588.5,22877287.37000001
2025-08-01 10:22:59 AM,58.85,2,117.7,22877405.070000008
2025-08-01 10:23:05 AM,58.89,0,0.0,22877405.070000008
2025-08-01 10:23:05 AM,58.89,900,53001.0,22930406.070000008
2025-08-01 10:23:08 AM,58.85,0,0.0,22930406.070000008
2025-08-01 10:23:08 AM,58.85,100,5885.0,22936291.070000008
2025-08-01 10:23:11 AM,58.85,1,58.85,22936349.92000001
2025-08-01 10:23:12 AM,58.88,0,0.0,22936349.92000001
2025-08-01 10:23:14 AM,58.88,5,294.40000000000003,22936644.320000008
2025-08-01 10:23:34 AM,58.88,35,2060.8,22938705.12000001
2025-08-01 10:23:51 AM,58.88,8,471.04,22939176.160000008
2025-08-01 10:23:56 AM,58.89,0,0.0,22939176.160000008
2025-08-01 10:23:57 AM,58.89,36565,2153312.85,25092489.01000001
2025-08-01 10:23:58 AM,58.85,915,53847.75,25146336.76000001
2025-08-01 10:24:01 AM,58.89,0,0.0,25146336.76000001
2025-08-01 10:24:02 AM,58.86,0,0.0,25146336.76000001
2025-08-01 10:24:02 AM,58.86,359,21130.74,25167467.500000007
2025-08-01 10:24:03 AM,58.92,0,0.0,25167467.500000007
2025-08-01 10:24:04 AM,58.85,244,14359.4,25181826.900000006
2025-08-01 10:24:17 AM,58.9,0,0.0,25181826.900000006
2025-08-01 10:24:19 AM,58.9,25,1472.5,25183299.400000006
2025-08-01 10:24:23 AM,58.85,0,0.0,25183299.400000006
2025-08-01 10:24:24 AM,58.85,100,5885.0,25189184.400000006
2025-08-01 10:24:26 AM,58.85,3440,202444.0,25391628.400000006
2025-08-01 10:24:30 AM,58.89,85,5005.65,25396634.050000004
2025-08-01 10:24:48 AM,58.89,210,12366.9,25409000.950000003
2025-08-01 10:24:54 AM,58.85,0,0.0,25409000.950000003
2025-08-01 10:24:57 AM,58.85,1718,101104.3,25510105.250000004
2025-08-01 10:24:59 AM,58.89,0,0.0,25510105.250000004
2025-08-01 10:24:59 AM,58.95,4796,282724.2,25792829.450000003
2025-08-01 10:25:00 AM,58.99,0,0.0,25792829.450000003
2025-08-01 10:25:02 AM,58.99,1025,60464.75,25853294.200000003
2025-08-01 10:25:06 AM,59.05,0,0.0,25853294.200000003
2025-08-01 10:25:08 AM,59.05,1005,59345.25,25912639.450000003
2025-08-01 10:25:14 AM,59.08,15,886.1999999999999,25913525.650000002
2025-08-01 10:25:20 AM,59.03,148,8736.44,25922262.090000004
2025-08-01 10:25:26 AM,58.97,2120,125016.4,26047278.490000002
2025-08-01 10:25:39 AM,58.99,0,0.0,26047278.490000002
2025-08-01 10:25:39 AM,58.99,100,5899.0,26053177.490000002
2025-08-01 10:25:49 AM,58.92,0,0.0,26053177.490000002
2025-08-01 10:25:50 AM,58.92,900,53028.0,26106205.490000002
2025-08-01 10:25:51 AM,58.98,0,0.0,26106205.490000002
2025-08-01 10:25:54 AM,58.98,250,14745.0,26120950.490000002
2025-08-01 10:26:12 AM,58.99,0,0.0,26120950.490000002
2025-08-01 10:26:12 AM,58.99,42,2477.58,26123428.07
2025-08-01 10:26:13 AM,58.94,0,0.0,26123428.07
2025-08-01 10:26:16 AM,58.94,60,3536.3999999999996,26126964.47
2025-08-01 10:26:27 AM,58.99,0,0.0,26126964.47
2025-08-01 10:26:27 AM,58.99,100,5899.0,26132863.47
2025-08-01 10:26:33 AM,58.94,0,0.0,26132863.47
2025-08-01 10:26:33 AM,58.94,2,117.88,26132981.349999998
2025-08-01 10:26:37 AM,58.99,0,0.0,26132981.349999998
2025-08-01 10:26:39 AM,58.99,42,2477.58,26135458.929999996
2025-08-01 10:26:52 AM,58.99,15,884.85,26136343.779999997
2025-08-01 10:26:58 AM,58.99,1,58.99,26136402.769999996
2025-08-01 10:27:07 AM,58.99,1,58.99,26136461.759999994
2025-08-01 10:27:10 AM,58.99,15,884.85,26137346.609999996
2025-08-01 10:27:24 AM,58.98,200,11796.0,26149142.609999996
2025-08-01 10:27:27 AM,58.95,0,0.0,26149142.609999996
2025-08-01 10:27:27 AM,58.95,5084,299701.8,26448844.409999996
2025-08-01 10:27:42 AM,58.9,0,0.0,26448844.409999996
2025-08-01 10:27:43 AM,58.9,2961,174402.9,26623247.309999995
2025-08-01 10:27:45 AM,58.96,0,0.0,26623247.309999995
2025-08-01 10:27:46 AM,58.96,1004,59195.840000000004,26682443.149999995
2025-08-01 10:28:08 AM,58.89,0,0.0,26682443.149999995
2025-08-01 10:28:10 AM,58.89,5407,318418.23,27000861.379999995
2025-08-01 10:28:32 AM,58.89,100,5889.0,27006750.379999995
2025-08-01 10:28:43 AM,58.89,100,5889.0,27012639.379999995
2025-08-01 10:28:49 AM,58.89,1,58.89,27012698.269999996
2025-08-01 10:28:57 AM,58.89,1,58.89,27012757.159999996
2025-08-01 10:29:00 AM,58.89,8,471.12,27013228.279999997
2025-08-01 10:29:03 AM,58.89,88,5182.32,27018410.599999998
2025-08-01 10:29:05 AM,58.85,0,0.0,27018410.599999998
2025-08-01 10:29:05 AM,58.85,784,46138.4,27064548.999999996
2025-08-01 10:29:14 AM,58.85,180,10593.0,27075141.999999996
2025-08-01 10:29:17 AM,58.85,200,11770.0,27086911.999999996
2025-08-01 10:29:24 AM,58.88,0,0.0,27086911.999999996
2025-08-01 10:29:25 AM,58.88,10,588.8000000000001,27087500.799999997
2025-08-01 10:29:30 AM,58.88,35,2060.8,27089561.599999998
2025-08-01 10:29:36 AM,58.88,1,58.88,27089620.479999997
2025-08-01 10:29:38 AM,58.85,0,0.0,27089620.479999997
2025-08-01 10:29:39 AM,58.85,1,58.85,27089679.33
2025-08-01 10:29:41 AM,58.88,0,0.0,27089679.33
2025-08-01 10:29:42 AM,58.88,1,58.88,27089738.209999997
2025-08-01 10:29:43 AM,58.85,0,0.0,27089738.209999997
2025-08-01 10:29:44 AM,58.85,2128,125232.8,27214971.009999998
2025-08-01 10:30:00 AM,58.9,0,0.0,27214971.009999998
2025-08-01 10:30:01 AM,58.85,0,0.0,27214971.009999998
2025-08-01 10:30:01 AM,58.85,398,23422.3,27238393.31
2025-08-01 10:30:10 AM,58.85,4,235.4,27238628.709999997
2025-08-01 10:30:13 AM,58.85,1,58.85,27238687.56
2025-08-01 10:30:27 AM,58.85,1,58.85,27238746.41
2025-08-01 10:30:41 AM,58.84,0,0.0,27238746.41
2025-08-01 10:30:41 AM,58.84,106,6237.04,27244983.45
2025-08-01 10:30:57 AM,58.89,0,0.0,27244983.45
2025-08-01 10:30:58 AM,58.89,4,235.56,27245219.009999998
2025-08-01 10:31:04 AM,58.89,1,58.89,27245277.9
2025-08-01 10:31:18 AM,58.89,245,14428.05,27259705.95
2025-08-01 10:31:24 AM,58.89,15,883.35,27260589.3
2025-08-01 10:31:27 AM,58.89,2,117.78,27260707.080000002
2025-08-01 10:31:43 AM,58.89,1,58.89,27260765.970000003
2025-08-01 10:31:49 AM,58.89,10,588.9,27261354.87
2025-08-01 10:31:52 AM,58.89,200,11778.0,27273132.87
2025-08-01 10:31:55 AM,58.89,20,1177.8,27274310.67
2025-08-01 10:32:05 AM,58.89,10,588.9,27274899.57
2025-08-01 10:32:10 AM,58.95,0,0.0,27274899.57
2025-08-01 10:32:10 AM,58.94,0,0.0,27274899.57
2025-08-01 10:32:12 AM,58.89,46186,2719893.54,29994793.11
2025-08-01 10:32:13 AM,58.85,0,0.0,29994793.11
2025-08-01 10:32:15 AM,58.86,679,39965.94,30034759.05
2025-08-01 10:32:16 AM,58.87,0,0.0,30034759.05
2025-08-01 10:32:19 AM,58.85,2750,161837.5,30196596.55
2025-08-01 10:32:22 AM,58.85,1,58.85,30196655.400000002
2025-08-01 10:32:25 AM,58.85,184,10828.4,30207483.8
2025-08-01 10:32:28 AM,58.89,1,58.89,30207542.69
2025-08-01 10:32:33 AM,58.85,0,0.0,30207542.69
2025-08-01 10:32:35 AM,58.85,10,588.5,30208131.19
2025-08-01 10:32:41 AM,58.85,2,117.7,30208248.89
2025-08-01 10:32:46 AM,58.85,32,1883.2,30210132.09
2025-08-01 10:32:49 AM,58.85,64,3766.4,30213898.49
2025-08-01 10:32:52 AM,58.85,32,1883.2,30215781.689999998
2025-08-01 10:32:54 AM,58.87,0,0.0,30215781.689999998
2025-08-01 10:32:55 AM,58.87,5,294.34999999999997,30216076.04
2025-08-01 10:33:01 AM,58.87,1,58.87,30216134.91
2025-08-01 10:33:03 AM,58.84,3123,183757.32,30399892.23
2025-08-01 10:33:15 AM,58.87,50,2943.5,30402835.73
2025-08-01 10:33:18 AM,58.87,3,176.60999999999999,30403012.34
2025-08-01 10:33:25 AM,58.84,200,11768.0,30414780.34
2025-08-01 10:33:29 AM,58.87,20,1177.3999999999999,30415957.74
2025-08-01 10:33:39 AM,58.87,1,58.87,30416016.61
2025-08-01 10:33:45 AM,58.84,0,0.0,30416016.61
2025-08-01 10:33:47 AM,58.87,0,0.0,30416016.61
2025-08-01 10:33:48 AM,58.87,116,6828.92,30422845.53
2025-08-01 10:33:51 AM,58.89,0,0.0,30422845.53
2025-08-01 10:33:51 AM,58.89,50,2944.5,30425790.03
2025-08-01 10:33:53 AM,58.87,0,0.0,30425790.03
2025-08-01 10:33:55 AM,58.86,0,0.0,30425790.03
2025-08-01 10:33:57 AM,58.86,47,2766.42,30428556.450000003
2025-08-01 10:34:01 AM,58.87,0,0.0,30428556.450000003
2025-08-01 10:34:02 AM,58.89,86,5064.54,30433620.990000002
2025-08-01 10:34:07 AM,58.84,0,0.0,30433620.990000002
2025-08-01 10:34:07 AM,58.87,0,0.0,30433620.990000002
2025-08-01 10:34:08 AM,58.87,1103,64933.61,30498554.6
2025-08-01 10:34:14 AM,58.87,25,1471.75,30500026.35
2025-08-01 10:34:21 AM,58.85,100,5885.0,30505911.35
2025-08-01 10:34:25 AM,58.85,64,3766.4,30509677.75
2025-08-01 10:34:31 AM,58.85,51,3001.35,30512679.1
2025-08-01 10:34:36 AM,58.84,63,3706.92,30516386.020000003
2025-08-01 10:34:44 AM,58.85,62,3648.7000000000003,30520034.720000003
2025-08-01 10:34:48 AM,58.85,32,1883.2,30521917.92
2025-08-01 10:34:56 AM,58.85,1,58.85,30521976.770000003
2025-08-01 10:35:05 AM,58.85,2,117.7,30522094.470000003
2025-08-01 10:35:11 AM,58.85,1,58.85,30522153.320000004
2025-08-01 10:35:15 AM,58.9,0,0.0,30522153.320000004
2025-08-01 10:35:16 AM,58.9,500,29450.0,30551603.320000004
2025-08-01 10:35:18 AM,58.85,170,10004.5,30561607.820000004
2025-08-01 10:35:27 AM,58.85,50,2942.5,30564550.320000004
2025-08-01 10:35:50 AM,58.85,100,5885.0,30570435.320000004
2025-08-01 10:36:08 AM,58.84,0,0.0,30570435.320000004
2025-08-01 10:36:09 AM,58.84,423,24889.32,30595324.640000004
2025-08-01 10:36:14 AM,58.85,0,0.0,30595324.640000004
2025-08-01 10:36:18 AM,58.85,3,176.55,30595501.190000005
2025-08-01 10:36:20 AM,58.84,0,0.0,30595501.190000005
2025-08-01 10:36:23 AM,58.84,1,58.84,30595560.030000005
2025-08-01 10:36:27 AM,58.88,0,0.0,30595560.030000005
2025-08-01 10:36:29 AM,58.88,7,412.16,30595972.190000005
2025-08-01 10:36:34 AM,58.88,89,5240.320000000001,30601212.510000005
2025-08-01 10:36:36 AM,58.85,0,0.0,30601212.510000005
2025-08-01 10:36:40 AM,58.85,33,1942.05,30603154.560000006
2025-08-01 10:36:45 AM,58.85,1,58.85,30603213.410000008
2025-08-01 10:36:51 AM,58.85,30,1765.5,30604978.910000008
2025-08-01 10:36:56 AM,58.85,50,2942.5,30607921.410000008
2025-08-01 10:37:13 AM,58.86,1565,92115.9,30700037.310000006
2025-08-01 10:37:15 AM,58.86,301,17716.86,30717754.170000006
2025-08-01 10:37:28 AM,58.85,0,0.0,30717754.170000006
2025-08-01 10:37:29 AM,58.85,61,3589.85,30721344.020000007
2025-08-01 10:37:57 AM,58.89,100,5889.0,30727233.020000007
2025-08-01 10:38:01 AM,58.85,0,0.0,30727233.020000007
2025-08-01 10:38:03 AM,58.85,5,294.25,30727527.270000007
2025-08-01 10:38:07 AM,58.89,0,0.0,30727527.270000007
2025-08-01 10:38:09 AM,58.89,100,5889.0,30733416.270000007
2025-08-01 10:38:23 AM,58.86,0,0.0,30733416.270000007
2025-08-01 10:38:24 AM,58.86,34,2001.24,30735417.510000005
2025-08-01 10:38:31 AM,58.84,0,0.0,30735417.510000005
2025-08-01 10:38:31 AM,58.84,2,117.68,30735535.190000005
2025-08-01 10:38:39 AM,58.85,0,0.0,30735535.190000005
2025-08-01 10:38:40 AM,58.85,1000,58850.0,30794385.190000005
2025-08-01 10:39:02 AM,58.85,81,4766.85,30799152.040000007
2025-08-01 10:39:05 AM,58.85,1,58.85,30799210.890000008
2025-08-01 10:39:08 AM,58.89,0,0.0,30799210.890000008
2025-08-01 10:39:10 AM,58.85,17,1000.45,30800211.340000007
2025-08-01 10:39:27 AM,58.85,37,2177.4500000000003,30802388.790000007
2025-08-01 10:39:33 AM,58.85,50,2942.5,30805331.290000007
2025-08-01 10:40:09 AM,58.85,7,411.95,30805743.240000006
2025-08-01 10:40:23 AM,58.85,5,294.25,30806037.490000006
2025-08-01 10:40:34 AM,58.85,100,5885.0,30811922.490000006
2025-08-01 10:40:42 AM,58.85,9,529.65,30812452.140000004
2025-08-01 10:40:48 AM,58.85,55,3236.75,30815688.890000004
2025-08-01 10:40:50 AM,58.85,862,50728.700000000004,30866417.590000004
2025-08-01 10:41:04 AM,58.85,203,11946.550000000001,30878364.140000004
2025-08-01 10:41:16 AM,58.89,0,0.0,30878364.140000004
2025-08-01 10:41:17 AM,58.9,0,0.0,30878364.140000004
2025-08-01 10:41:21 AM,58.9,700,41230.0,30919594.140000004
2025-08-01 10:41:30 AM,58.88,0,0.0,30919594.140000004
2025-08-01 10:41:33 AM,58.89,0,0.0,30919594.140000004
2025-08-01 10:41:33 AM,58.89,475,27972.75,30947566.890000004
2025-08-01 10:41:44 AM,58.89,5,294.45,30947861.340000004
2025-08-01 10:41:45 AM,58.89,1,58.89,30947920.230000004
2025-08-01 10:41:49 AM,58.9,0,0.0,30947920.230000004
2025-08-01 10:41:49 AM,58.9,549,32336.1,30980256.330000006
2025-08-01 10:41:54 AM,58.88,0,0.0,30980256.330000006
2025-08-01 10:41:54 AM,58.88,75,4416.0,30984672.330000006
2025-08-01 10:41:55 AM,58.83,0,0.0,30984672.330000006
2025-08-01 10:41:56 AM,58.83,80,4706.4,30989378.730000004
2025-08-01 10:41:57 AM,58.85,0,0.0,30989378.730000004
2025-08-01 10:42:00 AM,58.85,5,294.25,30989672.980000004
2025-08-01 10:42:01 AM,58.85,339,19950.15,31009623.130000003
2025-08-01 10:42:07 AM,58.85,99,5826.150000000001,31015449.28
2025-08-01 10:42:33 AM,58.83,81,4765.23,31020214.51
2025-08-01 10:42:51 AM,58.82,0,0.0,31020214.51
2025-08-01 10:42:52 AM,58.82,19,1117.58,31021332.09
2025-08-01 10:42:57 AM,58.86,0,0.0,31021332.09
2025-08-01 10:42:58 AM,58.86,7,412.02,31021744.11
2025-08-01 10:43:03 AM,58.83,0,0.0,31021744.11
2025-08-01 10:43:03 AM,58.83,468,27532.44,31049276.55
2025-08-01 10:43:20 AM,58.88,200,11776.0,31061052.55
2025-08-01 10:43:28 AM,58.89,100,5889.0,31066941.55
2025-08-01 10:43:30 AM,58.89,20,1177.8,31068119.35
2025-08-01 10:43:46 AM,58.88,0,0.0,31068119.35
2025-08-01 10:43:46 AM,58.88,25,1472.0,31069591.35
2025-08-01 10:43:57 AM,58.88,12,706.5600000000001,31070297.91
2025-08-01 10:44:47 AM,58.85,0,0.0,31070297.91
2025-08-01 10:44:48 AM,58.85,2626,154540.1,31224838.01
2025-08-01 10:44:49 AM,58.88,0,0.0,31224838.01
2025-08-01 10:44:51 AM,58.85,92,5414.2,31230252.21
2025-08-01 10:45:29 AM,58.85,1,58.85,31230311.060000002
2025-08-01 10:45:32 AM,58.85,34,2000.9,31232311.96
2025-08-01 10:45:37 AM,58.85,5,294.25,31232606.21
2025-08-01 10:45:40 AM,58.85,1,58.85,31232665.060000002
2025-08-01 10:45:55 AM,58.84,0,0.0,31232665.060000002
2025-08-01 10:45:55 AM,58.84,267,15710.28,31248375.340000004
2025-08-01 10:46:04 AM,58.85,0,0.0,31248375.340000004
2025-08-01 10:46:04 AM,58.85,2000,117700.0,31366075.340000004
2025-08-01 10:46:50 AM,58.85,10,588.5,31366663.840000004
2025-08-01 10:46:56 AM,58.85,100,5885.0,31372548.840000004
2025-08-01 10:47:15 AM,58.88,0,0.0,31372548.840000004
2025-08-01 10:47:17 AM,58.88,15,883.2,31373432.040000003
2025-08-01 10:47:18 AM,58.88,84,4945.92,31378377.960000005
2025-08-01 10:47:22 AM,58.88,3,176.64000000000001,31378554.600000005
2025-08-01 10:47:26 AM,58.85,0,0.0,31378554.600000005
2025-08-01 10:47:28 AM,58.85,10,588.5,31379143.100000005
2025-08-01 10:47:29 AM,58.89,0,0.0,31379143.100000005
2025-08-01 10:47:29 AM,58.89,150,8833.5,31387976.600000005
2025-08-01 10:47:46 AM,58.89,600,35334.0,31423310.600000005
2025-08-01 10:47:47 AM,58.86,0,0.0,31423310.600000005
2025-08-01 10:47:49 AM,58.85,0,0.0,31423310.600000005
2025-08-01 10:47:49 AM,58.85,793,46668.05,31469978.650000006
2025-08-01 10:48:00 AM,58.85,100,5885.0,31475863.650000006
2025-08-01 10:48:04 AM,58.88,0,0.0,31475863.650000006
2025-08-01 10:48:05 AM,58.88,10,588.8000000000001,31476452.450000007
2025-08-01 10:48:18 AM,58.85,0,0.0,31476452.450000007
2025-08-01 10:48:18 AM,58.85,1000,58850.0,31535302.450000007
2025-08-01 10:48:27 AM,58.84,48,2824.32,31538126.770000007
2025-08-01 10:48:41 AM,58.85,0,0.0,31538126.770000007
2025-08-01 10:48:43 AM,58.85,738,43431.3,31581558.070000008
2025-08-01 10:48:45 AM,58.88,1073,63178.240000000005,31644736.310000006
2025-08-01 10:48:47 AM,58.85,0,0.0,31644736.310000006
2025-08-01 10:48:49 AM,58.85,415,24422.75,31669159.060000006
2025-08-01 10:48:53 AM,58.84,0,0.0,31669159.060000006
2025-08-01 10:48:54 AM,58.84,14,823.76,31669982.820000008
2025-08-01 10:49:01 AM,58.88,10,588.8000000000001,31670571.62000001
2025-08-01 10:49:11 AM,58.83,0,0.0,31670571.62000001
2025-08-01 10:49:11 AM,58.83,500,29415.0,31699986.62000001
2025-08-01 10:49:52 AM,58.87,0,0.0,31699986.62000001
2025-08-01 10:49:53 AM,58.87,5,294.34999999999997,31700280.97000001
2025-08-01 10:49:58 AM,58.89,0,0.0,31700280.97000001
2025-08-01 10:49:59 AM,58.89,850,50056.5,31750337.47000001
2025-08-01 10:50:09 AM,58.87,0,0.0,31750337.47000001
2025-08-01 10:50:10 AM,58.87,37,2178.19,31752515.66000001
2025-08-01 10:50:20 AM,58.83,0,0.0,31752515.66000001
2025-08-01 10:50:21 AM,58.83,300,17649.0,31770164.66000001
2025-08-01 10:50:55 AM,58.89,0,0.0,31770164.66000001
2025-08-01 10:50:55 AM,58.89,1,58.89,31770223.550000012
2025-08-01 10:51:06 AM,58.88,0,0.0,31770223.550000012
2025-08-01 10:51:07 AM,58.88,1,58.88,31770282.43000001
2025-08-01 10:51:11 AM,58.89,0,0.0,31770282.43000001
2025-08-01 10:51:12 AM,58.89,32,1884.48,31772166.91000001
2025-08-01 10:51:32 AM,58.88,0,0.0,31772166.91000001
2025-08-01 10:51:34 AM,58.88,200,11776.0,31783942.91000001
2025-08-01 10:51:39 AM,58.89,0,0.0,31783942.91000001
2025-08-01 10:51:40 AM,58.89,80,4711.2,31788654.11000001
2025-08-01 10:52:01 AM,58.88,550,32384.0,31821038.11000001
2025-08-01 10:52:06 AM,58.86,0,0.0,31821038.11000001
2025-08-01 10:52:06 AM,58.92,0,0.0,31821038.11000001
2025-08-01 10:52:06 AM,58.92,2115,124615.8,31945653.91000001
2025-08-01 10:52:12 AM,58.89,1694,99759.66,32045413.57000001
2025-08-01 10:52:23 AM,58.89,500,29445.0,32074858.57000001
2025-08-01 10:52:28 AM,58.85,0,0.0,32074858.57000001
2025-08-01 10:52:28 AM,58.85,317,18655.45,32093514.02000001
2025-08-01 10:52:29 AM,58.85,39,2295.15,32095809.17000001
2025-08-01 10:53:04 AM,58.88,0,0.0,32095809.17000001
2025-08-01 10:53:05 AM,58.9,0,0.0,32095809.17000001
2025-08-01 10:53:05 AM,58.85,188,11063.800000000001,32106872.97000001
2025-08-01 10:53:12 AM,58.84,110,6472.400000000001,32113345.37000001
2025-08-01 10:53:12 AM,58.8,0,0.0,32113345.37000001
2025-08-01 10:53:15 AM,58.8,4000,235200.0,32348545.37000001
2025-08-01 10:53:17 AM,58.89,0,0.0,32348545.37000001
2025-08-01 10:53:17 AM,58.89,2,117.78,32348663.15000001
2025-08-01 10:53:21 AM,58.89,1000,58890.0,32407553.15000001
2025-08-01 10:53:24 AM,58.85,0,0.0,32407553.15000001
2025-08-01 10:53:26 AM,58.89,0,0.0,32407553.15000001
2025-08-01 10:53:27 AM,58.89,523,30799.47,32438352.62000001
2025-08-01 10:53:37 AM,58.89,100,5889.0,32444241.62000001
2025-08-01 10:53:48 AM,58.89,28,1648.92,32445890.54000001
2025-08-01 10:53:58 AM,58.89,50,2944.5,32448835.04000001
2025-08-01 10:54:04 AM,58.89,10,588.9,32449423.94000001
2025-08-01 10:54:20 AM,58.89,100,5889.0,32455312.94000001
2025-08-01 10:54:21 AM,58.83,2050,120601.5,32575914.44000001
2025-08-01 10:54:28 AM,58.82,0,0.0,32575914.44000001
2025-08-01 10:54:31 AM,58.82,1000,58820.0,32634734.44000001
2025-08-01 10:54:34 AM,58.83,0,0.0,32634734.44000001
2025-08-01 10:54:36 AM,58.83,500,29415.0,32664149.44000001
2025-08-01 10:54:41 AM,58.88,0,0.0,32664149.44000001
2025-08-01 10:54:41 AM,58.88,567,33384.96,32697534.40000001
2025-08-01 10:54:57 AM,58.88,10,588.8000000000001,32698123.20000001
2025-08-01 10:55:07 AM,58.88,130,7654.400000000001,32705777.60000001
2025-08-01 10:55:20 AM,58.89,0,0.0,32705777.60000001
2025-08-01 10:55:24 AM,58.89,5,294.45,32706072.05000001
2025-08-01 10:55:46 AM,58.85,7,411.95,32706484.000000007
2025-08-01 10:55:56 AM,58.88,0,0.0,32706484.000000007
2025-08-01 10:55:56 AM,58.88,7,412.16,32706896.160000008
2025-08-01 10:56:02 AM,58.89,0,0.0,32706896.160000008
2025-08-01 10:56:02 AM,58.89,250,14722.5,32721618.660000008
2025-08-01 10:56:06 AM,58.88,0,0.0,32721618.660000008
2025-08-01 10:56:06 AM,58.88,100,5888.0,32727506.660000008
2025-08-01 10:56:08 AM,58.89,0,0.0,32727506.660000008
2025-08-01 10:56:11 AM,58.89,420,24733.8,32752240.46000001
2025-08-01 10:56:22 AM,58.89,1,58.89,32752299.35000001
2025-08-01 10:56:38 AM,58.89,20,1177.8,32753477.15000001
2025-08-01 10:57:05 AM,58.89,85,5005.65,32758482.80000001
2025-08-01 10:57:10 AM,58.88,0,0.0,32758482.80000001
2025-08-01 10:57:11 AM,58.88,20,1177.6000000000001,32759660.40000001
2025-08-01 10:57:12 AM,58.84,0,0.0,32759660.40000001
2025-08-01 10:57:16 AM,58.84,30,1765.2,32761425.60000001
2025-08-01 10:57:30 AM,58.83,0,0.0,32761425.60000001
2025-08-01 10:57:31 AM,58.85,1136,66853.6,32828279.20000001
2025-08-01 10:57:32 AM,58.84,32,1882.88,32830162.08000001
2025-08-01 10:57:37 AM,58.87,1200,70644.0,32900806.08000001
2025-08-01 10:57:46 AM,58.88,0,0.0,32900806.08000001
2025-08-01 10:57:47 AM,58.88,1200,70656.0,32971462.08000001
2025-08-01 10:57:50 AM,58.85,0,0.0,32971462.08000001
2025-08-01 10:57:52 AM,58.85,2000,117700.0,33089162.08000001
2025-08-01 10:58:08 AM,58.87,50,2943.5,33092105.58000001
2025-08-01 10:58:28 AM,58.85,0,0.0,33092105.58000001
2025-08-01 10:58:30 AM,58.85,3,176.55,33092282.13000001
2025-08-01 10:58:35 AM,58.85,2,117.7,33092399.83000001
2025-08-01 10:58:42 AM,58.8,0,0.0,33092399.83000001
2025-08-01 10:58:46 AM,58.8,219,12877.199999999999,33105277.03000001
2025-08-01 10:59:07 AM,58.8,475,27930.0,33133207.03000001
2025-08-01 10:59:16 AM,58.86,0,0.0,33133207.03000001
2025-08-01 10:59:17 AM,58.86,100,5886.0,33139093.03000001
2025-08-01 10:59:27 AM,58.86,1,58.86,33139151.890000008
2025-08-01 10:59:32 AM,58.86,7,412.02,33139563.910000008
2025-08-01 10:59:36 AM,58.81,0,0.0,33139563.910000008
2025-08-01 10:59:38 AM,58.81,3,176.43,33139740.340000007
2025-08-01 11:00:03 AM,58.87,0,0.0,33139740.340000007
2025-08-01 11:00:06 AM,58.87,27,1589.49,33141329.830000006
2025-08-01 11:00:29 AM,58.87,100,5887.0,33147216.830000006
2025-08-01 11:00:39 AM,58.87,1200,70644.0,33217860.830000006
2025-08-01 11:00:47 AM,58.85,0,0.0,33217860.830000006
2025-08-01 11:00:49 AM,58.85,250,14712.5,33232573.330000006
2025-08-01 11:00:57 AM,58.89,0,0.0,33232573.330000006
2025-08-01 11:01:00 AM,58.89,16,942.24,33233515.570000004
2025-08-01 11:01:02 AM,58.83,0,0.0,33233515.570000004
2025-08-01 11:01:05 AM,58.83,15,882.4499999999999,33234398.020000003
2025-08-01 11:01:16 AM,58.89,0,0.0,33234398.020000003
2025-08-01 11:01:16 AM,58.89,1,58.89,33234456.910000004
2025-08-01 11:01:22 AM,58.89,2,117.78,33234574.690000005
2025-08-01 11:01:37 AM,58.83,0,0.0,33234574.690000005
2025-08-01 11:01:37 AM,58.83,96,5647.68,33240222.370000005
2025-08-01 11:01:42 AM,58.89,100,5889.0,33246111.370000005
2025-08-01 11:01:48 AM,58.89,10,588.9,33246700.270000003
2025-08-01 11:01:53 AM,58.89,3,176.67000000000002,33246876.940000005
2025-08-01 11:02:03 AM,58.89,4,235.56,33247112.500000004
2025-08-01 11:02:20 AM,58.89,50,2944.5,33250057.000000004
2025-08-01 11:02:24 AM,58.89,100,5889.0,33255946.000000004
2025-08-01 11:02:31 AM,58.89,10,588.9,33256534.900000002
2025-08-01 11:02:35 AM,58.83,0,0.0,33256534.900000002
2025-08-01 11:02:36 AM,58.83,44,2588.52,33259123.42
2025-08-01 11:03:02 AM,58.89,390,22967.1,33282090.520000003
2025-08-01 11:03:17 AM,58.89,100,5889.0,33287979.520000003
2025-08-01 11:03:40 AM,58.85,5152,303195.2,33591174.720000006
2025-08-01 11:03:46 AM,58.89,10000,588900.0,34180074.720000006
2025-08-01 11:03:52 AM,58.85,100,5885.0,34185959.720000006
2025-08-01 11:04:02 AM,58.84,200,11768.0,34197727.720000006
2025-08-01 11:04:27 AM,58.88,16,942.08,34198669.800000004
2025-08-01 11:04:28 AM,58.84,0,0.0,34198669.800000004
2025-08-01 11:04:31 AM,58.84,1200,70608.0,34269277.800000004
2025-08-01 11:04:42 AM,58.88,0,0.0,34269277.800000004
2025-08-01 11:04:43 AM,58.88,1,58.88,34269336.68000001
2025-08-01 11:04:57 AM,58.88,5,294.40000000000003,34269631.080000006
2025-08-01 11:05:02 AM,58.85,246,14477.1,34284108.18000001
2025-08-01 11:05:22 AM,58.88,0,0.0,34284108.18000001
2025-08-01 11:05:24 AM,58.88,10,588.8000000000001,34284696.980000004
2025-08-01 11:05:28 AM,58.89,0,0.0,34284696.980000004
2025-08-01 11:05:29 AM,58.89,2,117.78,34284814.760000005
2025-08-01 11:05:34 AM,58.85,0,0.0,34284814.760000005
2025-08-01 11:05:34 AM,58.85,100,5885.0,34290699.760000005
2025-08-01 11:05:36 AM,58.88,4,235.52,34290935.28000001
2025-08-01 11:05:47 AM,58.88,5,294.40000000000003,34291229.68000001
2025-08-01 11:05:57 AM,58.85,3,176.55,34291406.230000004
2025-08-01 11:06:04 AM,58.88,0,0.0,34291406.230000004
2025-08-01 11:06:07 AM,58.88,3,176.64000000000001,34291582.870000005
2025-08-01 11:06:18 AM,58.89,0,0.0,34291582.870000005
2025-08-01 11:06:18 AM,58.89,200,11778.0,34303360.870000005
2025-08-01 11:06:25 AM,58.89,914,53825.46,34357186.330000006
2025-08-01 11:06:38 AM,58.89,10,588.9,34357775.230000004
2025-08-01 11:06:43 AM,58.89,2,117.78,34357893.010000005
2025-08-01 11:06:50 AM,58.89,7,412.23,34358305.24
2025-08-01 11:06:54 AM,58.89,10,588.9,34358894.14
2025-08-01 11:07:10 AM,58.84,25,1471.0,34360365.14
2025-08-01 11:07:43 AM,58.89,51,3003.39,34363368.53
2025-08-01 11:08:00 AM,58.83,500,29415.0,34392783.53
2025-08-01 11:08:16 AM,58.88,50,2944.0,34395727.53
2025-08-01 11:08:35 AM,58.88,25,1472.0,34397199.53
2025-08-01 11:08:37 AM,58.88,178,10480.640000000001,34407680.17
2025-08-01 11:08:48 AM,58.88,10,588.8000000000001,34408268.97
2025-08-01 11:09:22 AM,58.85,414,24363.9,34432632.87
2025-08-01 11:09:36 AM,58.84,110,6472.400000000001,34439105.269999996
2025-08-01 11:09:37 AM,58.88,0,0.0,34439105.269999996
2025-08-01 11:09:38 AM,58.88,101,5946.88,34445052.15
2025-08-01 11:09:54 AM,58.88,254,14955.52,34460007.67
2025-08-01 11:10:08 AM,58.85,0,0.0,34460007.67
2025-08-01 11:10:13 AM,58.85,170,10004.5,34470012.17
2025-08-01 11:10:22 AM,58.88,0,0.0,34470012.17
2025-08-01 11:10:24 AM,58.85,270,15889.5,34485901.67
2025-08-01 11:10:29 AM,58.88,0,0.0,34485901.67
2025-08-01 11:10:29 AM,58.88,1000,58880.0,34544781.67
2025-08-01 11:10:40 AM,58.88,1,58.88,34544840.550000004
2025-08-01 11:10:46 AM,58.88,1,58.88,34544899.43000001
2025-08-01 11:11:08 AM,58.88,2,117.76,34545017.190000005
2025-08-01 11:11:41 AM,58.88,50,2944.0,34547961.190000005
2025-08-01 11:12:07 AM,58.88,10,588.8000000000001,34548549.99
2025-08-01 11:12:08 AM,58.88,100,5888.0,34554437.99
2025-08-01 11:12:34 AM,58.88,53,3120.6400000000003,34557558.63
2025-08-01 11:12:45 AM,58.88,2,117.76,34557676.39
2025-08-01 11:13:22 AM,58.88,10,588.8000000000001,34558265.19
2025-08-01 11:13:38 AM,58.88,1,58.88,34558324.07
2025-08-01 11:13:40 AM,58.88,950,55936.0,34614260.07
2025-08-01 11:13:54 AM,58.88,5,294.40000000000003,34614554.47
2025-08-01 11:14:07 AM,58.88,11,647.6800000000001,34615202.15
2025-08-01 11:14:12 AM,58.83,0,0.0,34615202.15
2025-08-01 11:14:12 AM,58.87,19,1118.53,34616320.68
2025-08-01 11:14:39 AM,58.82,0,0.0,34616320.68
2025-08-01 11:14:39 AM,58.82,51,2999.82,34619320.5
2025-08-01 11:14:41 AM,58.87,0,0.0,34619320.5
2025-08-01 11:14:44 AM,58.87,17,1000.79,34620321.29
2025-08-01 11:14:54 AM,58.87,50,2943.5,34623264.79
2025-08-01 11:14:55 AM,58.85,0,0.0,34623264.79
2025-08-01 11:14:55 AM,58.85,2,117.7,34623382.49
2025-08-01 11:15:10 AM,58.85,2,117.7,34623500.190000005
2025-08-01 11:15:17 AM,58.8,0,0.0,34623500.190000005
2025-08-01 11:15:19 AM,58.85,0,0.0,34623500.190000005
2025-08-01 11:15:21 AM,58.85,5001,294308.85000000003,34917809.04000001
2025-08-01 11:15:31 AM,58.85,70,4119.5,34921928.54000001
2025-08-01 11:15:51 AM,58.83,0,0.0,34921928.54000001
2025-08-01 11:15:52 AM,58.83,100,5883.0,34927811.54000001
2025-08-01 11:16:02 AM,58.85,17,1000.45,34928811.99000001
2025-08-01 11:16:07 AM,58.84,0,0.0,34928811.99000001
2025-08-01 11:16:07 AM,58.84,9,529.5600000000001,34929341.55000001
2025-08-01 11:16:09 AM,58.85,0,0.0,34929341.55000001
2025-08-01 11:16:13 AM,58.85,1,58.85,34929400.40000001
2025-08-01 11:16:18 AM,58.85,17,1000.45,34930400.85000002
2025-08-01 11:16:29 AM,58.85,10,588.5,34930989.35000002
2025-08-01 11:16:39 AM,58.85,50,2942.5,34933931.85000002
2025-08-01 11:16:57 AM,58.85,50,2942.5,34936874.35000002
2025-08-01 11:16:59 AM,58.83,0,0.0,34936874.35000002
2025-08-01 11:17:00 AM,58.83,115,6765.45,34943639.80000002
2025-08-01 11:17:05 AM,58.85,0,0.0,34943639.80000002
2025-08-01 11:17:06 AM,58.85,50,2942.5,34946582.30000002
2025-08-01 11:17:45 AM,58.84,0,0.0,34946582.30000002
2025-08-01 11:17:45 AM,58.84,748,44012.32,34990594.62000002
2025-08-01 11:18:04 AM,58.84,7,411.88,34991006.50000002
2025-08-01 11:18:15 AM,58.84,10,588.4000000000001,34991594.90000002
2025-08-01 11:18:17 AM,58.84,10,588.4000000000001,34992183.30000002
2025-08-01 11:18:21 AM,58.82,400,23528.0,35015711.30000002
2025-08-01 11:18:38 AM,58.82,293,17234.26,35032945.56000002
2025-08-01 11:18:42 AM,58.84,0,0.0,35032945.56000002
2025-08-01 11:18:44 AM,58.84,4598,270546.32,35303491.88000002
2025-08-01 11:18:58 AM,58.85,0,0.0,35303491.88000002
2025-08-01 11:19:01 AM,58.85,1,58.85,35303550.73000002
2025-08-01 11:19:07 AM,58.85,10,588.5,35304139.23000002
2025-08-01 11:19:29 AM,58.85,23,1353.55,35305492.780000016
2025-08-01 11:19:55 AM,58.84,0,0.0,35305492.780000016
2025-08-01 11:19:56 AM,58.84,120,7060.8,35312553.58000001
2025-08-01 11:20:07 AM,58.85,2,117.7,35312671.280000016
2025-08-01 11:20:17 AM,58.85,5,294.25,35312965.530000016
2025-08-01 11:20:28 AM,58.85,1,58.85,35313024.38000002
2025-08-01 11:20:33 AM,58.85,63,3707.55,35316731.930000015
2025-08-01 11:20:43 AM,58.85,45,2648.25,35319380.180000015
2025-08-01 11:21:04 AM,58.85,5,294.25,35319674.430000015
2025-08-01 11:21:09 AM,58.85,135,7944.75,35327619.180000015
2025-08-01 11:21:14 AM,58.85,2,117.7,35327736.88000002
2025-08-01 11:21:20 AM,58.85,3,176.55,35327913.430000015
2025-08-01 11:21:25 AM,58.85,116,6826.6,35334740.030000016
2025-08-01 11:21:36 AM,58.85,1,58.85,35334798.88000002
2025-08-01 11:21:42 AM,58.85,25,1471.25,35336270.13000002
2025-08-01 11:21:46 AM,58.85,10,588.5,35336858.63000002
2025-08-01 11:22:06 AM,58.85,34,2000.9,35338859.530000016
2025-08-01 11:22:13 AM,58.84,0,0.0,35338859.530000016
2025-08-01 11:22:17 AM,58.84,396,23300.640000000003,35362160.17000002
2025-08-01 11:22:39 AM,58.84,86,5060.240000000001,35367220.41000002
2025-08-01 11:22:44 AM,58.84,1,58.84,35367279.25000002
2025-08-01 11:22:54 AM,58.84,4,235.36,35367514.61000002
2025-08-01 11:22:59 AM,58.84,1,58.84,35367573.450000025
2025-08-01 11:23:04 AM,58.84,1,58.84,35367632.29000003
2025-08-01 11:23:10 AM,58.84,1,58.84,35367691.13000003
2025-08-01 11:23:10 AM,58.84,1,58.84,35367749.970000036
2025-08-01 11:23:22 AM,58.83,0,0.0,35367749.970000036
2025-08-01 11:23:23 AM,58.84,0,0.0,35367749.970000036
2025-08-01 11:23:26 AM,58.84,107,6295.88,35374045.85000004
2025-08-01 11:23:33 AM,58.82,0,0.0,35374045.85000004
2025-08-01 11:23:37 AM,58.82,60,3529.2,35377575.05000004
2025-08-01 11:24:00 AM,58.84,0,0.0,35377575.05000004
2025-08-01 11:24:01 AM,58.84,118,6943.120000000001,35384518.17000004
2025-08-01 11:24:28 AM,58.84,10,588.4000000000001,35385106.57000004
2025-08-01 11:24:32 AM,58.82,0,0.0,35385106.57000004
2025-08-01 11:24:33 AM,58.82,220,12940.4,35398046.970000036
2025-08-01 11:24:55 AM,58.84,0,0.0,35398046.970000036
2025-08-01 11:24:59 AM,58.84,10,588.4000000000001,35398635.370000035
2025-08-01 11:25:05 AM,58.84,10,588.4000000000001,35399223.77000003
2025-08-01 11:25:25 AM,58.84,1,58.84,35399282.61000004
2025-08-01 11:25:30 AM,58.84,1,58.84,35399341.45000004
2025-08-01 11:25:52 AM,58.84,20,1176.8000000000002,35400518.25000004
2025-08-01 11:26:01 AM,58.84,1,58.84,35400577.09000004
2025-08-01 11:26:02 AM,58.84,50,2942.0,35403519.09000004
2025-08-01 11:26:32 AM,58.84,25,1471.0,35404990.09000004
2025-08-01 11:26:38 AM,58.84,4,235.36,35405225.45000004
2025-08-01 11:26:50 AM,58.82,0,0.0,35405225.45000004
2025-08-01 11:26:53 AM,58.82,11,647.02,35405872.47000004
2025-08-01 11:26:58 AM,58.84,0,0.0,35405872.47000004
2025-08-01 11:26:59 AM,58.84,76,4471.84,35410344.31000005
2025-08-01 11:27:01 AM,58.85,0,0.0,35410344.31000005
2025-08-01 11:27:02 AM,58.85,200,11770.0,35422114.31000005
2025-08-01 11:27:04 AM,58.89,6093,358816.77,35780931.08000005
2025-08-01 11:27:04 AM,58.88,0,0.0,35780931.08000005
2025-08-01 11:27:06 AM,58.86,0,0.0,35780931.08000005
2025-08-01 11:27:07 AM,58.86,1222,71926.92,35852858.00000005
2025-08-01 11:27:08 AM,58.85,0,0.0,35852858.00000005
2025-08-01 11:27:09 AM,58.85,521,30660.850000000002,35883518.85000005
2025-08-01 11:27:10 AM,58.86,0,0.0,35883518.85000005
2025-08-01 11:27:12 AM,58.86,387,22778.82,35906297.670000054
2025-08-01 11:27:14 AM,58.86,387,22778.82,35929076.490000054
2025-08-01 11:27:17 AM,58.85,0,0.0,35929076.490000054
2025-08-01 11:27:18 AM,58.85,2018,118759.3,36047835.79000005
2025-08-01 11:27:20 AM,58.85,26,1530.1000000000001,36049365.89000005
2025-08-01 11:27:22 AM,58.88,0,0.0,36049365.89000005
2025-08-01 11:27:23 AM,58.88,20,1177.6000000000001,36050543.490000054
2025-08-01 11:27:44 AM,58.88,5,294.40000000000003,36050837.89000005
2025-08-01 11:27:52 AM,58.85,0,0.0,36050837.89000005
2025-08-01 11:27:54 AM,58.85,181,10651.85,36061489.740000054
2025-08-01 11:28:05 AM,58.89,0,0.0,36061489.740000054
2025-08-01 11:28:06 AM,58.89,7,412.23,36061901.97000005
2025-08-01 11:28:40 AM,58.86,0,0.0,36061901.97000005
2025-08-01 11:28:41 AM,58.86,17404,1024399.44,37086301.41000005
2025-08-01 11:28:42 AM,58.89,0,0.0,37086301.41000005
2025-08-01 11:28:43 AM,58.89,1,58.89,37086360.30000005
2025-08-01 11:28:44 AM,58.85,0,0.0,37086360.30000005
2025-08-01 11:28:46 AM,58.85,172,10122.2,37096482.50000005
2025-08-01 11:28:57 AM,58.89,0,0.0,37096482.50000005
2025-08-01 11:28:57 AM,58.89,300,17667.0,37114149.50000005
2025-08-01 11:29:35 AM,58.89,1,58.89,37114208.39000005
2025-08-01 11:29:48 AM,58.89,315,18550.35,37132758.740000054
2025-08-01 11:29:57 AM,58.85,0,0.0,37132758.740000054
2025-08-01 11:29:58 AM,58.85,940,55319.0,37188077.740000054
2025-08-01 11:30:11 AM,58.85,21,1235.8500000000001,37189313.590000056
2025-08-01 11:30:24 AM,58.85,100,5885.0,37195198.590000056
2025-08-01 11:30:25 AM,58.87,0,0.0,37195198.590000056
2025-08-01 11:30:26 AM,58.87,1,58.87,37195257.46000005
2025-08-01 11:30:29 AM,58.84,534,31420.56,37226678.020000055
2025-08-01 11:30:36 AM,58.84,1,58.84,37226736.86000006
2025-08-01 11:31:05 AM,58.87,0,0.0,37226736.86000006
2025-08-01 11:31:07 AM,58.87,5,294.34999999999997,37227031.21000006
2025-08-01 11:31:20 AM,58.89,0,0.0,37227031.21000006
2025-08-01 11:31:22 AM,58.89,33,1943.3700000000001,37228974.58000006
2025-08-01 11:31:36 AM,58.87,0,0.0,37228974.58000006
2025-08-01 11:31:37 AM,58.85,0,0.0,37228974.58000006
2025-08-01 11:31:38 AM,58.85,233,13712.050000000001,37242686.630000055
2025-08-01 11:32:18 AM,58.87,0,0.0,37242686.630000055
2025-08-01 11:32:19 AM,58.87,5,294.34999999999997,37242980.98000006
2025-08-01 11:32:25 AM,58.9,0,0.0,37242980.98000006
2025-08-01 11:32:26 AM,58.9,4323,254624.69999999998,37497605.68000006
2025-08-01 11:32:27 AM,58.85,0,0.0,37497605.68000006
2025-08-01 11:32:29 AM,58.85,56,3295.6,37500901.28000006
2025-08-01 11:32:40 AM,58.9,100,5890.0,37506791.28000006
2025-08-01 11:32:45 AM,58.84,0,0.0,37506791.28000006
2025-08-01 11:32:45 AM,58.84,450,26478.0,37533269.28000006
2025-08-01 11:33:01 AM,58.84,8,470.72,37533740.00000006
2025-08-01 11:33:47 AM,58.84,26,1529.8400000000001,37535269.84000006
2025-08-01 11:33:52 AM,58.89,1,58.89,37535328.730000064
2025-08-01 11:33:57 AM,58.84,0,0.0,37535328.730000064
2025-08-01 11:33:57 AM,58.84,500,29420.0,37564748.730000064
2025-08-01 11:34:11 AM,58.85,0,0.0,37564748.730000064
2025-08-01 11:34:12 AM,58.85,79,4649.150000000001,37569397.88000006
2025-08-01 11:34:27 AM,58.85,2,117.7,37569515.580000065
2025-08-01 11:34:28 AM,58.88,0,0.0,37569515.580000065
2025-08-01 11:34:30 AM,58.85,0,0.0,37569515.580000065
2025-08-01 11:34:32 AM,58.85,100,5885.0,37575400.580000065
2025-08-01 11:34:39 AM,58.88,0,0.0,37575400.580000065
2025-08-01 11:34:43 AM,58.88,3,176.64000000000001,37575577.220000066
2025-08-01 11:35:01 AM,58.85,0,0.0,37575577.220000066
2025-08-01 11:35:04 AM,58.85,619,36428.15,37612005.370000064
2025-08-01 11:35:26 AM,58.84,0,0.0,37612005.370000064
2025-08-01 11:35:31 AM,58.84,125,7355.0,37619360.370000064
2025-08-01 11:36:11 AM,58.88,0,0.0,37619360.370000064
2025-08-01 11:36:12 AM,58.88,9,529.9200000000001,37619890.290000066
2025-08-01 11:36:27 AM,58.84,0,0.0,37619890.290000066
2025-08-01 11:36:28 AM,58.84,100,5884.0,37625774.290000066
2025-08-01 11:36:47 AM,58.85,0,0.0,37625774.290000066
2025-08-01 11:36:49 AM,58.85,334,19655.9,37645430.190000065
2025-08-01 11:37:01 AM,58.88,0,0.0,37645430.190000065
2025-08-01 11:37:04 AM,58.88,1,58.88,37645489.07000007
2025-08-01 11:37:10 AM,58.88,1,58.88,37645547.95000007
2025-08-01 11:37:41 AM,58.85,1321,77740.85,37723288.80000007
2025-08-01 11:37:43 AM,58.9,0,0.0,37723288.80000007
2025-08-01 11:37:45 AM,58.88,0,0.0,37723288.80000007
2025-08-01 11:37:46 AM,58.88,304,17899.52,37741188.320000075
2025-08-01 11:37:52 AM,58.89,1514,89159.46,37830347.780000076
2025-08-01 11:38:03 AM,58.84,0,0.0,37830347.780000076
2025-08-01 11:38:06 AM,58.84,15,882.6,37831230.38000008
2025-08-01 11:38:21 AM,58.89,0,0.0,37831230.38000008
2025-08-01 11:38:21 AM,58.89,16,942.24,37832172.62000008
2025-08-01 11:38:31 AM,58.85,0,0.0,37832172.62000008
2025-08-01 11:38:32 AM,58.85,620,36487.0,37868659.62000008
2025-08-01 11:38:43 AM,58.89,20,1177.8,37869837.42000008
2025-08-01 11:38:45 AM,58.85,0,0.0,37869837.42000008
2025-08-01 11:38:47 AM,58.85,500,29425.0,37899262.42000008
2025-08-01 11:38:52 AM,58.85,10,588.5,37899850.92000008
2025-08-01 11:38:56 AM,58.87,0,0.0,37899850.92000008
2025-08-01 11:38:57 AM,58.87,91,5357.17,37905208.09000008
2025-08-01 11:39:00 AM,58.85,0,0.0,37905208.09000008
2025-08-01 11:39:02 AM,58.85,900,52965.0,37958173.09000008
2025-08-01 11:39:03 AM,58.85,5,294.25,37958467.34000008
2025-08-01 11:39:34 AM,58.83,1341,78891.03,38037358.37000008
2025-08-01 11:40:44 AM,58.82,0,0.0,38037358.37000008
2025-08-01 11:40:45 AM,58.82,50,2941.0,38040299.37000008
2025-08-01 11:40:53 AM,58.83,0,0.0,38040299.37000008
2025-08-01 11:40:55 AM,58.83,32,1882.56,38042181.93000008
2025-08-01 11:41:06 AM,58.83,31,1823.73,38044005.66000008
2025-08-01 11:41:43 AM,58.86,0,0.0,38044005.66000008
2025-08-01 11:41:46 AM,58.86,10,588.6,38044594.26000008
2025-08-01 11:41:56 AM,58.86,11,647.46,38045241.72000008
2025-08-01 11:42:01 AM,58.86,100,5886.0,38051127.72000008
2025-08-01 11:42:23 AM,58.82,0,0.0,38051127.72000008
2025-08-01 11:42:27 AM,58.82,3584,210810.88,38261938.60000008
2025-08-01 11:42:43 AM,58.81,111,6527.91,38268466.51000008
2025-08-01 11:42:47 AM,58.8,0,0.0,38268466.51000008
2025-08-01 11:42:48 AM,58.8,5635,331338.0,38599804.51000008
2025-08-01 11:43:40 AM,58.75,0,0.0,38599804.51000008
2025-08-01 11:43:41 AM,58.75,3500,205625.0,38805429.51000008
2025-08-01 11:43:43 AM,58.81,0,0.0,38805429.51000008
2025-08-01 11:43:46 AM,58.81,1003,58986.43,38864415.94000008
2025-08-01 11:43:51 AM,58.75,0,0.0,38864415.94000008
2025-08-01 11:43:51 AM,58.75,1500,88125.0,38952540.94000008
2025-08-01 11:44:02 AM,58.75,1278,75082.5,39027623.44000008
2025-08-01 11:44:58 AM,58.79,0,0.0,39027623.44000008
2025-08-01 11:44:58 AM,58.79,2,117.58,39027741.02000008
2025-08-01 11:45:14 AM,58.77,19,1116.63,39028857.65000008
2025-08-01 11:45:20 AM,58.79,10,587.9,39029445.55000008
2025-08-01 11:45:55 AM,58.82,0,0.0,39029445.55000008
2025-08-01 11:45:57 AM,58.82,10,588.2,39030033.75000008
2025-08-01 11:45:58 AM,58.75,1200,70500.0,39100533.75000008
2025-08-01 11:46:07 AM,58.84,0,0.0,39100533.75000008
2025-08-01 11:46:08 AM,58.84,1700,100028.0,39200561.75000008
2025-08-01 11:46:16 AM,58.83,0,0.0,39200561.75000008
2025-08-01 11:46:18 AM,58.83,3,176.49,39200738.240000084
2025-08-01 11:46:29 AM,58.83,10,588.3,39201326.54000008
2025-08-01 11:46:45 AM,58.83,10,588.3,39201914.84000008
2025-08-01 11:46:48 AM,58.76,0,0.0,39201914.84000008
2025-08-01 11:46:50 AM,58.76,18291,1074779.16,40276694.000000075
2025-08-01 11:47:09 AM,58.75,0,0.0,40276694.000000075
2025-08-01 11:47:11 AM,58.75,100,5875.0,40282569.000000075
2025-08-01 11:47:40 AM,58.76,0,0.0,40282569.000000075
2025-08-01 11:47:41 AM,58.76,7,411.32,40282980.320000075
2025-08-01 11:47:52 AM,58.8,3,176.39999999999998,40283156.72000007
2025-08-01 11:47:56 AM,58.76,0,0.0,40283156.72000007
2025-08-01 11:47:57 AM,58.76,19,1116.44,40284273.16000007
2025-08-01 11:47:58 AM,58.8,0,0.0,40284273.16000007
2025-08-01 11:48:02 AM,58.8,10,588.0,40284861.16000007
2025-08-01 11:48:07 AM,58.8,4,235.2,40285096.360000074
2025-08-01 11:48:48 AM,58.8,500,29400.0,40314496.360000074
2025-08-01 11:48:58 AM,58.8,106,6232.799999999999,40320729.16000007
2025-08-01 11:49:19 AM,58.8,1,58.8,40320787.96000007
2025-08-01 11:49:24 AM,58.8,1,58.8,40320846.760000065
2025-08-01 11:49:29 AM,58.8,50,2940.0,40323786.760000065
2025-08-01 11:49:34 AM,58.83,0,0.0,40323786.760000065
2025-08-01 11:49:34 AM,58.83,835,49123.049999999996,40372909.81000006
2025-08-01 11:49:44 AM,58.8,0,0.0,40372909.81000006
2025-08-01 11:49:45 AM,58.8,5,294.0,40373203.81000006
2025-08-01 11:50:21 AM,58.77,39,2292.03,40375495.84000006
2025-08-01 11:50:36 AM,58.8,629,36985.2,40412481.040000066
2025-08-01 11:50:37 AM,58.83,0,0.0,40412481.040000066
2025-08-01 11:50:41 AM,58.83,385,22649.55,40435130.59000006
2025-08-01 11:50:47 AM,58.82,0,0.0,40435130.59000006
2025-08-01 11:50:51 AM,58.82,21,1235.22,40436365.81000006
2025-08-01 11:50:58 AM,58.8,0,0.0,40436365.81000006
2025-08-01 11:51:01 AM,58.8,400,23520.0,40459885.81000006
2025-08-01 11:51:03 AM,58.84,0,0.0,40459885.81000006
2025-08-01 11:51:05 AM,58.84,18,1059.1200000000001,40460944.93000006
2025-08-01 11:51:20 AM,58.84,35,2059.4,40463004.33000006
2025-08-01 11:51:40 AM,58.84,5,294.20000000000005,40463298.53000006
2025-08-01 11:51:51 AM,58.81,3,176.43,40463474.96000006
2025-08-01 11:52:12 AM,58.83,0,0.0,40463474.96000006
2025-08-01 11:52:15 AM,58.81,0,0.0,40463474.96000006
2025-08-01 11:52:15 AM,58.81,155,9115.550000000001,40472590.51000006
2025-08-01 11:52:33 AM,58.83,0,0.0,40472590.51000006
2025-08-01 11:52:35 AM,58.83,3,176.49,40472767.00000006
2025-08-01 11:52:50 AM,58.83,15,882.4499999999999,40473649.45000006
2025-08-01 11:53:12 AM,58.83,50,2941.5,40476590.95000006
2025-08-01 11:53:27 AM,58.83,101,5941.83,40482532.78000006
2025-08-01 11:53:33 AM,58.82,0,0.0,40482532.78000006
2025-08-01 11:53:37 AM,58.82,131,7705.42,40490238.20000006
2025-08-01 11:53:38 AM,58.83,0,0.0,40490238.20000006
2025-08-01 11:53:42 AM,58.83,510,30003.3,40520241.50000006
2025-08-01 11:53:52 AM,58.83,1,58.83,40520300.33000006
2025-08-01 11:54:02 AM,58.83,20,1176.6,40521476.93000006
2025-08-01 11:54:22 AM,58.83,15,882.4499999999999,40522359.38000006
2025-08-01 11:54:34 AM,58.83,520,30591.6,40552950.980000064
2025-08-01 11:54:41 AM,58.82,0,0.0,40552950.980000064
2025-08-01 11:54:43 AM,58.82,15,882.3,40553833.28000006
2025-08-01 11:55:14 AM,58.82,24,1411.68,40555244.96000006
2025-08-01 11:55:16 AM,58.83,0,0.0,40555244.96000006
2025-08-01 11:55:18 AM,58.83,100,5883.0,40561127.96000006
2025-08-01 11:55:23 AM,58.83,2424,142603.91999999998,40703731.88000006
2025-08-01 11:55:25 AM,58.83,448,26355.84,40730087.720000066
2025-08-01 11:55:39 AM,58.83,3000,176490.0,40906577.720000066
2025-08-01 11:55:44 AM,58.85,0,0.0,40906577.720000066
2025-08-01 11:55:44 AM,58.85,1635,96219.75,41002797.470000066
2025-08-01 11:55:48 AM,58.85,503,29601.55,41032399.02000006
2025-08-01 11:55:52 AM,58.86,0,0.0,41032399.02000006
2025-08-01 11:55:53 AM,58.86,85,5003.1,41037402.120000064
2025-08-01 11:56:13 AM,58.86,10,588.6,41037990.720000066
2025-08-01 11:56:37 AM,58.83,0,0.0,41037990.720000066
2025-08-01 11:56:39 AM,58.83,50,2941.5,41040932.220000066
2025-08-01 11:56:47 AM,58.86,0,0.0,41040932.220000066
2025-08-01 11:56:49 AM,58.86,50,2943.0,41043875.220000066
2025-08-01 11:56:58 AM,58.83,0,0.0,41043875.220000066
2025-08-01 11:56:59 AM,58.83,2,117.66,41043992.88000006
2025-08-01 11:57:04 AM,58.83,2,117.66,41044110.54000006
2025-08-01 11:57:18 AM,58.86,0,0.0,41044110.54000006
2025-08-01 11:57:19 AM,58.86,1,58.86,41044169.40000006
2025-08-01 11:57:21 AM,58.87,0,0.0,41044169.40000006
2025-08-01 11:57:24 AM,58.87,168,9890.16,41054059.560000055
2025-08-01 11:57:37 AM,58.83,0,0.0,41054059.560000055
2025-08-01 11:57:39 AM,58.83,302,17766.66,41071826.22000005
2025-08-01 11:58:26 AM,58.83,4,235.32,41072061.54000005
2025-08-01 11:58:36 AM,58.87,0,0.0,41072061.54000005
2025-08-01 11:58:37 AM,58.87,1,58.87,41072120.41000005
2025-08-01 11:58:42 AM,58.88,54,3179.52,41075299.93000005
2025-08-01 11:59:03 AM,58.86,10,588.6,41075888.53000005
2025-08-01 11:59:09 AM,58.86,1,58.86,41075947.39000005
2025-08-01 11:59:12 AM,58.84,0,0.0,41075947.39000005
2025-08-01 11:59:14 AM,58.84,280,16475.2,41092422.590000056
2025-08-01 11:59:32 AM,58.87,0,0.0,41092422.590000056
2025-08-01 11:59:34 AM,58.87,1,58.87,41092481.46000005
2025-08-01 11:59:39 AM,58.87,20,1177.3999999999999,41093658.86000005
2025-08-01 11:59:55 AM,58.87,1,58.87,41093717.73000005
2025-08-01 12:00:00 PM,58.83,0,0.0,41093717.73000005
2025-08-01 12:00:02 PM,58.87,38,2237.06,41095954.79000005
2025-08-01 12:00:09 PM,58.84,0,0.0,41095954.79000005
2025-08-01 12:00:11 PM,58.84,50,2942.0,41098896.79000005
2025-08-01 12:00:13 PM,58.84,2,117.68,41099014.47000005
2025-08-01 12:00:35 PM,58.87,0,0.0,41099014.47000005
2025-08-01 12:00:36 PM,58.87,1,58.87,41099073.34000005
2025-08-01 12:00:46 PM,58.87,12,706.4399999999999,41099779.780000046
2025-08-01 12:01:00 PM,58.87,1,58.87,41099838.65000004
2025-08-01 12:01:08 PM,58.87,150,8830.5,41108669.15000004
2025-08-01 12:01:35 PM,58.85,0,0.0,41108669.15000004
2025-08-01 12:01:36 PM,58.85,10,588.5,41109257.65000004
2025-08-01 12:01:39 PM,58.87,50,2943.5,41112201.15000004
2025-08-01 12:01:49 PM,58.85,0,0.0,41112201.15000004
2025-08-01 12:01:51 PM,58.84,0,0.0,41112201.15000004
2025-08-01 12:01:53 PM,58.84,466,27419.440000000002,41139620.59000004
2025-08-01 12:02:35 PM,58.87,2,117.74,41139738.33000004
2025-08-01 12:03:02 PM,58.86,0,0.0,41139738.33000004
2025-08-01 12:03:03 PM,58.86,207,12184.02,41151922.350000046
2025-08-01 12:03:13 PM,58.86,1500,88290.0,41240212.350000046
2025-08-01 12:03:14 PM,58.82,0,0.0,41240212.350000046
2025-08-01 12:03:14 PM,58.82,609,35821.38,41276033.73000005
2025-08-01 12:03:18 PM,58.82,40,2352.8,41278386.530000046
2025-08-01 12:03:26 PM,58.81,0,0.0,41278386.530000046
2025-08-01 12:03:28 PM,58.81,992,58339.520000000004,41336726.05000005
2025-08-01 12:03:33 PM,58.8,0,0.0,41336726.05000005
2025-08-01 12:03:34 PM,58.8,1147,67443.59999999999,41404169.65000005
2025-08-01 12:03:37 PM,58.8,1,58.8,41404228.45000005
2025-08-01 12:03:45 PM,58.8,30,1764.0,41405992.45000005
2025-08-01 12:03:47 PM,58.8,1,58.8,41406051.250000045
2025-08-01 12:03:50 PM,58.8,10,588.0,41406639.250000045
2025-08-01 12:04:22 PM,58.8,200,11760.0,41418399.250000045
2025-08-01 12:04:27 PM,58.8,5,294.0,41418693.250000045
2025-08-01 12:04:36 PM,58.78,0,0.0,41418693.250000045
2025-08-01 12:04:37 PM,58.78,50,2939.0,41421632.250000045
2025-08-01 12:04:38 PM,58.77,0,0.0,41421632.250000045
2025-08-01 12:04:39 PM,58.77,288,16925.760000000002,41438558.01000004
2025-08-01 12:04:59 PM,58.8,500,29400.0,41467958.01000004
2025-08-01 12:05:08 PM,58.8,16,940.8,41468898.81000004
2025-08-01 12:05:10 PM,58.8,20,1176.0,41470074.81000004
2025-08-01 12:05:23 PM,58.8,61,3586.7999999999997,41473661.61000004
2025-08-01 12:05:33 PM,58.8,25,1470.0,41475131.61000004
2025-08-01 12:05:58 PM,58.8,16,940.8,41476072.41000003
2025-08-01 12:06:09 PM,58.8,35,2058.0,41478130.41000003
2025-08-01 12:06:23 PM,58.8,5,294.0,41478424.41000003
2025-08-01 12:06:28 PM,58.8,110,6468.0,41484892.41000003
2025-08-01 12:06:33 PM,58.8,50,2940.0,41487832.41000003
2025-08-01 12:06:47 PM,58.8,715,42042.0,41529874.41000003
2025-08-01 12:07:04 PM,58.83,0,0.0,41529874.41000003
2025-08-01 12:07:07 PM,58.83,48,2823.84,41532698.25000004
2025-08-01 12:07:18 PM,58.83,182,10707.06,41543405.31000004
2025-08-01 12:07:28 PM,58.83,504,29650.32,41573055.63000004
2025-08-01 12:07:38 PM,58.82,3,176.46,41573232.09000004
2025-08-01 12:07:48 PM,58.82,6,352.92,41573585.01000004
2025-08-01 12:08:12 PM,58.83,0,0.0,41573585.01000004
2025-08-01 12:08:13 PM,58.83,105,6177.15,41579762.16000004
2025-08-01 12:08:18 PM,58.79,0,0.0,41579762.16000004
2025-08-01 12:08:18 PM,58.79,5,293.95,41580056.110000044
2025-08-01 12:08:20 PM,58.82,0,0.0,41580056.110000044
2025-08-01 12:08:23 PM,58.82,62,3646.84,41583702.95000005
2025-08-01 12:08:26 PM,58.84,0,0.0,41583702.95000005
2025-08-01 12:08:28 PM,58.82,0,0.0,41583702.95000005
2025-08-01 12:08:28 PM,58.82,443,26057.26,41609760.210000046
2025-08-01 12:08:32 PM,58.77,0,0.0,41609760.210000046
2025-08-01 12:08:33 PM,58.77,105,6170.85,41615931.06000005
2025-08-01 12:08:40 PM,58.81,0,0.0,41615931.06000005
2025-08-01 12:08:43 PM,58.81,5,294.05,41616225.110000044
2025-08-01 12:08:46 PM,58.78,0,0.0,41616225.110000044
2025-08-01 12:08:48 PM,58.78,5,293.9,41616519.01000004
2025-08-01 12:08:53 PM,58.82,5,294.1,41616813.110000044
2025-08-01 12:08:56 PM,58.78,0,0.0,41616813.110000044
2025-08-01 12:08:58 PM,58.78,2,117.56,41616930.67000005
2025-08-01 12:09:00 PM,58.77,0,0.0,41616930.67000005
2025-08-01 12:09:03 PM,58.77,5,293.85,41617224.52000005
2025-08-01 12:09:06 PM,58.81,0,0.0,41617224.52000005
2025-08-01 12:09:08 PM,58.82,0,0.0,41617224.52000005
2025-08-01 12:09:08 PM,58.82,105,6176.1,41623400.62000005
2025-08-01 12:09:14 PM,58.77,0,0.0,41623400.62000005
2025-08-01 12:09:18 PM,58.77,5,293.85,41623694.47000005
2025-08-01 12:09:20 PM,58.83,0,0.0,41623694.47000005
2025-08-01 12:09:23 PM,58.83,6,352.98,41624047.45000005
2025-08-01 12:09:33 PM,58.83,30,1764.8999999999999,41625812.350000046
2025-08-01 12:09:43 PM,58.77,100,5877.0,41631689.350000046
2025-08-01 12:09:46 PM,58.82,0,0.0,41631689.350000046
2025-08-01 12:09:48 PM,58.82,2,117.64,41631806.99000005
2025-08-01 12:09:54 PM,58.83,0,0.0,41631806.99000005
2025-08-01 12:09:57 PM,58.83,5,294.15,41632101.140000045
2025-08-01 12:10:08 PM,58.83,52,3059.16,41635160.30000004
2025-08-01 12:10:08 PM,58.77,0,0.0,41635160.30000004
2025-08-01 12:10:12 PM,58.83,0,0.0,41635160.30000004
2025-08-01 12:10:13 PM,58.83,4520,265911.6,41901071.90000004
2025-08-01 12:10:28 PM,58.84,0,0.0,41901071.90000004
2025-08-01 12:10:28 PM,58.84,140,8237.6,41909309.500000045
2025-08-01 12:10:33 PM,58.84,50,2942.0,41912251.500000045
2025-08-01 12:11:06 PM,58.86,0,0.0,41912251.500000045
2025-08-01 12:11:08 PM,58.86,5,294.3,41912545.80000004
2025-08-01 12:11:20 PM,58.8,0,0.0,41912545.80000004
2025-08-01 12:11:23 PM,58.8,5,294.0,41912839.80000004
2025-08-01 12:11:30 PM,58.85,0,0.0,41912839.80000004
2025-08-01 12:11:33 PM,58.85,120,7062.0,41919901.80000004
2025-08-01 12:11:37 PM,58.85,5,294.25,41920196.05000004
2025-08-01 12:11:40 PM,58.8,0,0.0,41920196.05000004
2025-08-01 12:11:42 PM,58.8,1005,59094.0,41979290.05000004
2025-08-01 12:11:42 PM,58.8,35,2058.0,41981348.05000004
2025-08-01 12:11:50 PM,58.85,0,0.0,41981348.05000004
2025-08-01 12:11:52 PM,58.85,5,294.25,41981642.30000004
2025-08-01 12:11:57 PM,58.8,450,26460.0,42008102.30000004
2025-08-01 12:12:00 PM,58.78,0,0.0,42008102.30000004
2025-08-01 12:12:01 PM,58.78,1000,58780.0,42066882.30000004
2025-08-01 12:12:06 PM,58.78,5,293.9,42067176.20000004
2025-08-01 12:12:14 PM,58.85,0,0.0,42067176.20000004
2025-08-01 12:12:16 PM,58.85,5,294.25,42067470.45000004
2025-08-01 12:12:21 PM,58.78,5,293.9,42067764.35000004
2025-08-01 12:12:24 PM,58.85,0,0.0,42067764.35000004
2025-08-01 12:12:26 PM,58.85,442,26011.7,42093776.05000004
2025-08-01 12:12:52 PM,58.85,24,1412.4,42095188.45000004
2025-08-01 12:13:02 PM,58.84,0,0.0,42095188.45000004
2025-08-01 12:13:03 PM,58.84,2,117.68,42095306.13000004
2025-08-01 12:13:48 PM,58.85,700,41195.0,42136501.13000004
2025-08-01 12:14:02 PM,58.84,42,2471.28,42138972.41000004
2025-08-01 12:14:07 PM,58.84,1700,100028.0,42239000.41000004
2025-08-01 12:14:12 PM,58.84,30,1765.2,42240765.610000044
2025-08-01 12:15:07 PM,58.84,50,2942.0,42243707.610000044
2025-08-01 12:15:26 PM,58.79,0,0.0,42243707.610000044
2025-08-01 12:15:28 PM,58.79,66,3880.14,42247587.750000045
2025-08-01 12:15:34 PM,58.83,0,0.0,42247587.750000045
2025-08-01 12:15:38 PM,58.83,50,2941.5,42250529.250000045
2025-08-01 12:16:03 PM,58.83,1,58.83,42250588.08000004
2025-08-01 12:16:38 PM,58.83,25,1470.75,42252058.83000004
2025-08-01 12:16:38 PM,58.8,91,5350.8,42257409.63000004
2025-08-01 12:16:46 PM,58.83,0,0.0,42257409.63000004
2025-08-01 12:16:47 PM,58.83,17,1000.11,42258409.74000004
2025-08-01 12:17:02 PM,58.83,5,294.15,42258703.89000004
2025-08-01 12:17:02 PM,58.8,0,0.0,42258703.89000004
2025-08-01 12:17:07 PM,58.8,12,705.5999999999999,42259409.49000004
2025-08-01 12:17:34 PM,58.83,0,0.0,42259409.49000004
2025-08-01 12:17:36 PM,58.83,3,176.49,42259585.98000004
2025-08-01 12:17:55 PM,58.83,5,294.15,42259880.13000004
2025-08-01 12:18:08 PM,58.8,0,0.0,42259880.13000004
2025-08-01 12:18:08 PM,58.83,0,0.0,42259880.13000004
2025-08-01 12:18:10 PM,58.83,89,5235.87,42265116.00000004
2025-08-01 12:18:15 PM,58.83,16,941.28,42266057.28000004
2025-08-01 12:18:39 PM,58.83,1,58.83,42266116.11000004
2025-08-01 12:18:44 PM,58.83,10,588.3,42266704.41000003
2025-08-01 12:18:56 PM,58.8,0,0.0,42266704.41000003
2025-08-01 12:18:59 PM,58.8,87,5115.599999999999,42271820.010000035
2025-08-01 12:19:16 PM,58.83,0,0.0,42271820.010000035
2025-08-01 12:19:20 PM,58.83,21,1235.43,42273055.440000035
2025-08-01 12:20:00 PM,58.83,3,176.49,42273231.93000004
2025-08-01 12:20:05 PM,58.78,0,0.0,42273231.93000004
2025-08-01 12:20:06 PM,58.78,807,47435.46,42320667.39000004
2025-08-01 12:20:24 PM,58.8,0,0.0,42320667.39000004
2025-08-01 12:20:27 PM,58.8,1,58.8,42320726.190000035
2025-08-01 12:20:37 PM,58.8,54,3175.2,42323901.39000004
2025-08-01 12:20:42 PM,58.8,50,2940.0,42326841.39000004
2025-08-01 12:20:49 PM,58.78,0,0.0,42326841.39000004
2025-08-01 12:20:52 PM,58.78,725,42615.5,42369456.89000004
2025-08-01 12:20:54 PM,58.8,0,0.0,42369456.89000004
2025-08-01 12:20:57 PM,58.8,4,235.2,42369692.09000004
2025-08-01 12:20:58 PM,58.76,4504,264655.04,42634347.13000004
2025-08-01 12:21:07 PM,58.76,15,881.4,42635228.53000004
2025-08-01 12:21:51 PM,58.8,0,0.0,42635228.53000004
2025-08-01 12:21:51 PM,58.8,600,35280.0,42670508.53000004
2025-08-01 12:21:53 PM,58.75,0,0.0,42670508.53000004
2025-08-01 12:21:55 PM,58.75,195,11456.25,42681964.78000004
2025-08-01 12:21:59 PM,58.8,0,0.0,42681964.78000004
2025-08-01 12:22:00 PM,58.8,10,588.0,42682552.78000004
2025-08-01 12:22:01 PM,58.75,0,0.0,42682552.78000004
2025-08-01 12:22:01 PM,58.75,1000,58750.0,42741302.78000004
2025-08-01 12:22:05 PM,58.77,0,0.0,42741302.78000004
2025-08-01 12:22:06 PM,58.77,15,881.5500000000001,42742184.330000035
2025-08-01 12:22:12 PM,58.77,3,176.31,42742360.64000004
2025-08-01 12:22:43 PM,58.77,2,117.54,42742478.18000004
2025-08-01 12:22:57 PM,58.77,1,58.77,42742536.95000004
2025-08-01 12:23:02 PM,58.77,7,411.39000000000004,42742948.34000004
2025-08-01 12:23:51 PM,58.77,21,1234.17,42744182.51000004
2025-08-01 12:23:55 PM,58.8,0,0.0,42744182.51000004
2025-08-01 12:23:56 PM,58.8,10,588.0,42744770.51000004
2025-08-01 12:24:02 PM,58.8,3,176.39999999999998,42744946.91000004
2025-08-01 12:24:26 PM,58.77,0,0.0,42744946.91000004
2025-08-01 12:24:27 PM,58.77,58,3408.6600000000003,42748355.57000004
2025-08-01 12:24:27 PM,58.81,0,0.0,42748355.57000004
2025-08-01 12:24:31 PM,58.81,70,4116.7,42752472.27000004
2025-08-01 12:24:36 PM,58.81,1,58.81,42752531.08000004
2025-08-01 12:25:26 PM,58.81,66,3881.46,42756412.540000044
2025-08-01 12:25:31 PM,58.78,50,2939.0,42759351.540000044
2025-08-01 12:25:43 PM,58.82,0,0.0,42759351.540000044
2025-08-01 12:25:47 PM,58.82,2,117.64,42759469.180000044
2025-08-01 12:26:06 PM,58.82,2,117.64,42759586.820000045
2025-08-01 12:26:19 PM,58.78,0,0.0,42759586.820000045
2025-08-01 12:26:21 PM,58.78,87,5113.86,42764700.680000044
2025-08-01 12:27:00 PM,58.81,0,0.0,42764700.680000044
2025-08-01 12:27:02 PM,58.81,125,7351.25,42772051.930000044
2025-08-01 12:27:07 PM,58.78,8,470.24,42772522.17000005
2025-08-01 12:27:16 PM,58.81,0,0.0,42772522.17000005
2025-08-01 12:27:17 PM,58.81,200,11762.0,42784284.17000005
2025-08-01 12:27:22 PM,58.81,40,2352.4,42786636.570000045
2025-08-01 12:27:27 PM,58.81,10,588.1,42787224.67000005
2025-08-01 12:27:42 PM,58.81,2,117.62,42787342.290000044
2025-08-01 12:27:47 PM,58.81,123,7233.63,42794575.92000005
2025-08-01 12:28:06 PM,58.81,5,294.05,42794869.97000004
2025-08-01 12:28:07 PM,58.78,205,12049.9,42806919.87000004
2025-08-01 12:28:14 PM,58.82,0,0.0,42806919.87000004
2025-08-01 12:28:16 PM,58.82,1,58.82,42806978.69000004
2025-08-01 12:28:27 PM,58.83,0,0.0,42806978.69000004
2025-08-01 12:28:27 PM,58.83,1000,58830.0,42865808.69000004
2025-08-01 12:28:31 PM,58.83,49,2882.67,42868691.360000044
2025-08-01 12:28:37 PM,58.83,683,40180.89,42908872.250000045
2025-08-01 12:29:00 PM,58.83,10,588.3,42909460.55000004
2025-08-01 12:29:06 PM,58.78,0,0.0,42909460.55000004
2025-08-01 12:29:07 PM,58.78,346,20337.88,42929798.430000044
2025-08-01 12:29:08 PM,58.73,0,0.0,42929798.430000044
2025-08-01 12:29:10 PM,58.73,1503,88271.19,43018069.62000004
2025-08-01 12:29:18 PM,58.75,0,0.0,43018069.62000004
2025-08-01 12:29:20 PM,58.75,570,33487.5,43051557.12000004
2025-08-01 12:29:37 PM,58.74,0,0.0,43051557.12000004
2025-08-01 12:29:39 PM,58.74,70,4111.8,43055668.92000004
2025-08-01 12:29:58 PM,58.74,29,1703.46,43057372.38000004
2025-08-01 12:30:02 PM,58.79,0,0.0,43057372.38000004
2025-08-01 12:30:03 PM,58.79,10,587.9,43057960.28000004
2025-08-01 12:30:34 PM,58.74,84,4934.16,43062894.440000035
2025-08-01 12:30:42 PM,58.74,16,939.84,43063834.28000004
2025-08-01 12:30:46 PM,58.78,0,0.0,43063834.28000004
2025-08-01 12:30:47 PM,58.78,44,2586.32,43066420.60000004
2025-08-01 12:30:56 PM,58.8,0,0.0,43066420.60000004
2025-08-01 12:30:57 PM,58.8,593,34868.4,43101289.00000004
2025-08-01 12:31:17 PM,58.74,0,0.0,43101289.00000004
2025-08-01 12:31:17 PM,58.74,300,17622.0,43118911.00000004
2025-08-01 12:31:56 PM,58.75,20,1175.0,43120086.00000004
2025-08-01 12:32:01 PM,58.75,50,2937.5,43123023.50000004
2025-08-01 12:32:06 PM,58.8,3,176.39999999999998,43123199.900000036
2025-08-01 12:32:11 PM,58.76,32,1880.32,43125080.220000036
2025-08-01 12:32:22 PM,58.8,3,176.39999999999998,43125256.620000035
2025-08-01 12:32:32 PM,58.8,100,5880.0,43131136.620000035
2025-08-01 12:32:55 PM,58.76,0,0.0,43131136.620000035
2025-08-01 12:32:56 PM,58.76,3,176.28,43131312.900000036
2025-08-01 12:33:20 PM,58.75,0,0.0,43131312.900000036
2025-08-01 12:33:22 PM,58.81,1216,71512.96,43202825.86000004
2025-08-01 12:34:16 PM,58.82,0,0.0,43202825.86000004
2025-08-01 12:34:17 PM,58.82,10,588.2,43203414.06000004
2025-08-01 12:34:21 PM,58.77,0,0.0,43203414.06000004
2025-08-01 12:34:22 PM,58.77,5000,293850.0,43497264.06000004
2025-08-01 12:34:50 PM,58.79,0,0.0,43497264.06000004
2025-08-01 12:34:53 PM,58.79,51,2998.29,43500262.35000004
2025-08-01 12:35:07 PM,58.81,0,0.0,43500262.35000004
2025-08-01 12:35:08 PM,58.81,30,1764.3000000000002,43502026.650000036
2025-08-01 12:35:23 PM,58.81,2,117.62,43502144.27000003
2025-08-01 12:35:33 PM,58.81,532,31286.920000000002,43533431.190000035
2025-08-01 12:35:48 PM,58.79,0,0.0,43533431.190000035
2025-08-01 12:35:50 PM,58.79,50,2939.5,43536370.690000035
2025-08-01 12:35:52 PM,58.8,0,0.0,43536370.690000035
2025-08-01 12:35:55 PM,58.8,150,8820.0,43545190.690000035
2025-08-01 12:35:56 PM,58.75,0,0.0,43545190.690000035
2025-08-01 12:36:00 PM,58.75,3916,230065.0,43775255.690000035
2025-08-01 12:37:09 PM,58.78,0,0.0,43775255.690000035
2025-08-01 12:37:12 PM,58.78,22,1293.16,43776548.85000003
2025-08-01 12:37:13 PM,58.75,0,0.0,43776548.85000003
2025-08-01 12:37:17 PM,58.75,110,6462.5,43783011.35000003
2025-08-01 12:37:21 PM,58.78,0,0.0,43783011.35000003
2025-08-01 12:37:22 PM,58.78,35,2057.3,43785068.65000003
2025-08-01 12:37:32 PM,58.78,50,2939.0,43788007.65000003
2025-08-01 12:37:37 PM,58.75,690,40537.5,43828545.15000003
2025-08-01 12:37:41 PM,58.75,1,58.75,43828603.90000003
2025-08-01 12:37:46 PM,58.75,319,18741.25,43847345.15000003
2025-08-01 12:37:52 PM,58.75,41,2408.75,43849753.90000003
2025-08-01 12:38:01 PM,58.75,36,2115.0,43851868.90000003
