date,price,qty,trnvr,cum_trnvr
2025-08-01 09:15:02 AM,31.39,134,4206.26,4206.26
2025-08-01 09:15:03 AM,31.3,0,0.0,4206.26
2025-08-01 09:15:04 AM,31.3,140,4382.0,8588.26
2025-08-01 09:15:14 AM,31.3,4,125.2,8713.460000000001
2025-08-01 09:15:21 AM,31.35,0,0.0,8713.460000000001
2025-08-01 09:15:24 AM,31.35,1000,31350.0,40063.46
2025-08-01 09:15:26 AM,31.35,100,3135.0,43198.46
2025-08-01 09:15:35 AM,31.35,2,62.7,43261.159999999996
2025-08-01 09:15:48 AM,31.2,0,0.0,43261.159999999996
2025-08-01 09:15:50 AM,31.2,2230,69576.0,112837.16
2025-08-01 09:16:02 AM,31.15,0,0.0,112837.16
2025-08-01 09:16:06 AM,31.15,1025,31928.75,144765.91
2025-08-01 09:16:47 AM,31.09,500,15545.0,160310.91
2025-08-01 09:16:59 AM,31.17,0,0.0,160310.91
2025-08-01 09:17:03 AM,31.17,1500,46755.0,207065.91
2025-08-01 09:17:33 AM,31.19,0,0.0,207065.91
2025-08-01 09:17:37 AM,31.22,1084,33842.479999999996,240908.39
2025-08-01 09:18:07 AM,31.23,0,0.0,240908.39
2025-08-01 09:18:10 AM,31.23,215,6714.45,247622.84000000003
2025-08-01 09:18:11 AM,31.25,1,31.25,247654.09000000003
2025-08-01 09:18:15 AM,31.26,0,0.0,247654.09000000003
2025-08-01 09:18:18 AM,31.26,220,6877.200000000001,254531.29000000004
2025-08-01 09:18:34 AM,31.24,200,6248.0,260779.29000000004
2025-08-01 09:18:36 AM,31.21,16,499.36,261278.65000000002
2025-08-01 09:19:15 AM,31.21,100,3121.0,264399.65
2025-08-01 09:20:44 AM,31.34,2000,62680.0,327079.65
2025-08-01 09:21:22 AM,31.32,5000,156600.0,483679.65
2025-08-01 09:21:23 AM,31.35,927,29061.45,512741.10000000003
2025-08-01 09:21:49 AM,31.39,0,0.0,512741.10000000003
2025-08-01 09:21:53 AM,31.39,100,3139.0,515880.10000000003
2025-08-01 09:22:00 AM,31.39,1,31.39,515911.49000000005
2025-08-01 09:23:24 AM,31.3,2270,71051.0,586962.49
2025-08-01 09:23:47 AM,31.3,119,3724.7000000000003,590687.19
2025-08-01 09:23:48 AM,31.3,436,13646.800000000001,604333.99
2025-08-01 09:24:36 AM,31.29,0,0.0,604333.99
2025-08-01 09:24:40 AM,31.29,110,3441.9,607775.89
2025-08-01 09:25:18 AM,31.29,10,312.9,608088.79
2025-08-01 09:26:05 AM,31.29,3,93.87,608182.66
2025-08-01 09:26:52 AM,31.3,0,0.0,608182.66
2025-08-01 09:26:56 AM,31.3,192,6009.6,614192.26
2025-08-01 09:27:11 AM,31.34,1000,31340.0,645532.26
2025-08-01 09:27:58 AM,31.39,0,0.0,645532.26
2025-08-01 09:28:03 AM,31.34,0,0.0,645532.26
2025-08-01 09:28:04 AM,31.34,600,18804.0,664336.26
2025-08-01 09:28:15 AM,31.39,0,0.0,664336.26
2025-08-01 09:28:19 AM,31.39,225,7062.75,671399.01
2025-08-01 09:28:26 AM,31.44,0,0.0,671399.01
2025-08-01 09:28:27 AM,31.44,1206,37916.64,709315.65
2025-08-01 09:28:32 AM,31.5,0,0.0,709315.65
2025-08-01 09:28:35 AM,31.59,4691,148188.69,857504.3400000001
2025-08-01 09:28:42 AM,31.6,66,2085.6,859589.9400000001
2025-08-01 09:28:43 AM,31.59,1000,31590.0,891179.9400000001
2025-08-01 09:28:57 AM,31.64,378,11959.92,903139.8600000001
2025-08-01 09:29:05 AM,31.59,0,0.0,903139.8600000001
2025-08-01 09:29:05 AM,31.59,500,15795.0,918934.8600000001
2025-08-01 09:29:17 AM,31.54,0,0.0,918934.8600000001
2025-08-01 09:29:20 AM,31.54,880,27755.2,946690.06
2025-08-01 09:30:06 AM,31.53,30,945.9000000000001,947635.9600000001
2025-08-01 09:30:28 AM,31.53,10,315.3,947951.2600000001
2025-08-01 09:30:39 AM,31.51,0,0.0,947951.2600000001
2025-08-01 09:30:43 AM,31.51,1,31.51,947982.7700000001
2025-08-01 09:31:05 AM,31.51,4,126.04,948108.8100000002
2025-08-01 09:31:20 AM,31.53,20,630.6,948739.4100000001
2025-08-01 09:31:27 AM,31.53,13,409.89,949149.3000000002
2025-08-01 09:32:00 AM,31.51,0,0.0,949149.3000000002
2025-08-01 09:32:02 AM,31.51,415,13076.650000000001,962225.9500000002
2025-08-01 09:32:37 AM,31.54,166,5235.639999999999,967461.5900000002
2025-08-01 09:33:31 AM,31.6,0,0.0,967461.5900000002
2025-08-01 09:33:32 AM,31.6,215,6794.0,974255.5900000002
2025-08-01 09:33:46 AM,31.6,1,31.6,974287.1900000002
2025-08-01 09:34:14 AM,31.6,2,63.2,974350.3900000001
2025-08-01 09:34:28 AM,31.5,12580,396270.0,1370620.3900000001
2025-08-01 09:34:44 AM,31.44,0,0.0,1370620.3900000001
2025-08-01 09:34:46 AM,31.45,0,0.0,1370620.3900000001
2025-08-01 09:34:49 AM,31.45,1202,37802.9,1408423.29
2025-08-01 09:35:01 AM,31.41,0,0.0,1408423.29
2025-08-01 09:35:03 AM,31.41,4999,157018.59,1565441.8800000001
2025-08-01 09:35:24 AM,31.51,650,20481.5,1585923.3800000001
2025-08-01 09:35:38 AM,31.51,100,3151.0,1589074.3800000001
2025-08-01 09:35:56 AM,31.54,0,0.0,1589074.3800000001
2025-08-01 09:35:58 AM,31.54,200,6308.0,1595382.3800000001
2025-08-01 09:36:18 AM,31.54,1,31.54,1595413.9200000002
2025-08-01 09:36:25 AM,31.54,5,157.7,1595571.62
2025-08-01 09:37:00 AM,31.53,0,0.0,1595571.62
2025-08-01 09:37:04 AM,31.53,11,346.83000000000004,1595918.4500000002
2025-08-01 09:37:08 AM,31.47,0,0.0,1595918.4500000002
2025-08-01 09:37:10 AM,31.55,0,0.0,1595918.4500000002
2025-08-01 09:37:11 AM,31.55,1195,37702.25,1633620.7000000002
2025-08-01 09:37:14 AM,31.54,0,0.0,1633620.7000000002
2025-08-01 09:37:18 AM,31.54,100,3154.0,1636774.7000000002
2025-08-01 09:37:25 AM,31.54,99,3122.46,1639897.1600000001
2025-08-01 09:38:26 AM,31.65,1899,60103.35,1700000.5100000002
2025-08-01 09:38:33 AM,31.65,535,16932.75,1716933.2600000002
2025-08-01 09:38:36 AM,31.71,0,0.0,1716933.2600000002
2025-08-01 09:38:39 AM,31.71,5777,183188.67,1900121.9300000002
2025-08-01 09:38:44 AM,31.7,0,0.0,1900121.9300000002
2025-08-01 09:38:46 AM,31.78,400,12712.0,1912833.9300000002
2025-08-01 09:38:52 AM,31.8,0,0.0,1912833.9300000002
2025-08-01 09:38:52 AM,31.8,6349,201898.2,2114732.1300000004
2025-08-01 09:38:56 AM,31.79,0,0.0,2114732.1300000004
2025-08-01 09:38:59 AM,31.79,1,31.79,2114763.9200000004
2025-08-01 09:39:33 AM,31.79,325,10331.75,2125095.6700000004
2025-08-01 09:39:45 AM,31.71,0,0.0,2125095.6700000004
2025-08-01 09:39:46 AM,31.71,1660,52638.6,2177734.2700000005
2025-08-01 09:39:52 AM,31.71,60,1902.6000000000001,2179636.8700000006
2025-08-01 09:40:09 AM,31.76,0,0.0,2179636.8700000006
2025-08-01 09:40:12 AM,31.76,50,1588.0,2181224.8700000006
2025-08-01 09:41:08 AM,31.75,0,0.0,2181224.8700000006
2025-08-01 09:41:12 AM,31.75,100,3175.0,2184399.8700000006
2025-08-01 09:41:25 AM,31.75,39,1238.25,2185638.1200000006
2025-08-01 09:41:36 AM,31.71,0,0.0,2185638.1200000006
2025-08-01 09:41:38 AM,31.71,1,31.71,2185669.8300000005
2025-08-01 09:41:56 AM,31.75,0,0.0,2185669.8300000005
2025-08-01 09:41:57 AM,31.75,100,3175.0,2188844.8300000005
2025-08-01 09:42:24 AM,31.75,3,95.25,2188940.0800000005
2025-08-01 09:42:43 AM,31.75,142,4508.5,2193448.5800000005
2025-08-01 09:42:57 AM,31.61,12500,395125.0,2588573.5800000005
2025-08-01 09:43:03 AM,31.74,0,0.0,2588573.5800000005
2025-08-01 09:43:04 AM,31.74,2,63.48,2588637.0600000005
2025-08-01 09:43:07 AM,31.69,0,0.0,2588637.0600000005
2025-08-01 09:43:09 AM,31.69,250,7922.5,2596559.5600000005
2025-08-01 09:43:29 AM,31.69,2105,66707.45,2663267.0100000007
2025-08-01 09:43:43 AM,31.73,0,0.0,2663267.0100000007
2025-08-01 09:43:44 AM,31.73,560,17768.8,2681035.8100000005
2025-08-01 09:44:41 AM,31.73,200,6346.0,2687381.8100000005
2025-08-01 09:44:49 AM,31.76,1000,31760.0,2719141.8100000005
2025-08-01 09:45:23 AM,31.85,0,0.0,2719141.8100000005
2025-08-01 09:45:27 AM,31.85,11641,370765.85000000003,3089907.6600000006
2025-08-01 09:45:35 AM,31.81,30,954.3,3090861.9600000004
2025-08-01 09:45:57 AM,31.9,0,0.0,3090861.9600000004
2025-08-01 09:45:59 AM,31.9,3984,127089.59999999999,3217951.5600000005
2025-08-01 09:46:07 AM,31.94,650,20761.0,3238712.5600000005
2025-08-01 09:46:32 AM,31.9,0,0.0,3238712.5600000005
2025-08-01 09:46:32 AM,31.9,25,797.5,3239510.0600000005
2025-08-01 09:46:51 AM,31.9,2484,79239.59999999999,3318749.6600000006
2025-08-01 09:46:53 AM,31.9,100,3190.0,3321939.6600000006
2025-08-01 09:47:04 AM,31.93,0,0.0,3321939.6600000006
2025-08-01 09:47:05 AM,31.93,221,7056.53,3328996.1900000004
2025-08-01 09:47:17 AM,31.93,1,31.93,3329028.1200000006
2025-08-01 09:47:37 AM,31.9,150,4785.0,3333813.1200000006
2025-08-01 09:47:54 AM,31.8,0,0.0,3333813.1200000006
2025-08-01 09:47:55 AM,31.8,12500,397500.0,3731313.1200000006
2025-08-01 09:47:58 AM,31.86,0,0.0,3731313.1200000006
2025-08-01 09:48:01 AM,31.86,6,191.16,3731504.2800000007
2025-08-01 09:48:07 AM,31.73,0,0.0,3731504.2800000007
2025-08-01 09:48:08 AM,31.73,1953,61968.69,3793472.9700000007
2025-08-01 09:48:15 AM,31.75,0,0.0,3793472.9700000007
2025-08-01 09:48:17 AM,31.75,10,317.5,3793790.4700000007
2025-08-01 09:48:46 AM,31.77,2,63.54,3793854.0100000007
2025-08-01 09:48:53 AM,31.76,840,26678.4,3820532.4100000006
2025-08-01 09:49:28 AM,31.78,0,0.0,3820532.4100000006
2025-08-01 09:49:30 AM,31.77,80,2541.6,3823074.0100000007
2025-08-01 09:49:34 AM,31.76,0,0.0,3823074.0100000007
2025-08-01 09:49:36 AM,31.76,50,1588.0,3824662.0100000007
2025-08-01 09:49:52 AM,31.72,0,0.0,3824662.0100000007
2025-08-01 09:49:55 AM,31.72,744,23599.68,3848261.690000001
2025-08-01 09:49:56 AM,31.7,0,0.0,3848261.690000001
2025-08-01 09:49:58 AM,31.7,24,760.8,3849022.4900000007
2025-08-01 09:50:18 AM,31.67,10,316.70000000000005,3849339.190000001
2025-08-01 09:50:27 AM,31.66,10,316.6,3849655.790000001
2025-08-01 09:50:40 AM,31.66,7,221.62,3849877.410000001
2025-08-01 09:51:29 AM,31.61,0,0.0,3849877.410000001
2025-08-01 09:51:30 AM,31.61,2800,88508.0,3938385.410000001
2025-08-01 09:51:45 AM,31.66,0,0.0,3938385.410000001
2025-08-01 09:51:45 AM,31.66,300,9498.0,3947883.410000001
2025-08-01 09:52:34 AM,31.67,500,15835.0,3963718.410000001
2025-08-01 09:52:58 AM,31.67,1,31.67,3963750.080000001
2025-08-01 09:53:30 AM,31.66,0,0.0,3963750.080000001
2025-08-01 09:53:33 AM,31.66,5,158.3,3963908.380000001
2025-08-01 09:53:39 AM,31.65,0,0.0,3963908.380000001
2025-08-01 09:53:39 AM,31.65,16,506.4,3964414.7800000007
2025-08-01 09:53:57 AM,31.61,0,0.0,3964414.7800000007
2025-08-01 09:53:58 AM,31.61,100,3161.0,3967575.7800000007
2025-08-01 09:54:40 AM,31.66,0,0.0,3967575.7800000007
2025-08-01 09:54:41 AM,31.66,2,63.32,3967639.1000000006
2025-08-01 09:54:54 AM,31.66,100,3166.0,3970805.1000000006
2025-08-01 09:55:00 AM,31.66,10,316.6,3971121.7000000007
2025-08-01 09:55:04 AM,31.66,5,158.3,3971280.0000000005
2025-08-01 09:56:53 AM,31.66,188,5952.08,3977232.0800000005
2025-08-01 09:57:00 AM,31.66,1,31.66,3977263.7400000007
2025-08-01 09:58:31 AM,31.62,464,14671.68,3991935.420000001
2025-08-01 09:58:40 AM,31.64,20,632.8,3992568.2200000007
2025-08-01 09:58:50 AM,31.58,0,0.0,3992568.2200000007
2025-08-01 09:58:50 AM,31.58,50,1579.0,3994147.2200000007
2025-08-01 09:59:01 AM,31.56,3609,113900.04,4108047.2600000007
2025-08-01 10:00:07 AM,31.58,6,189.48,4108236.7400000007
2025-08-01 10:00:29 AM,31.58,1,31.58,4108268.3200000008
2025-08-01 10:00:58 AM,31.58,200,6316.0,4114584.3200000008
2025-08-01 10:01:01 AM,31.52,24,756.48,4115340.8000000007
2025-08-01 10:01:45 AM,31.56,50,1578.0,4116918.8000000007
2025-08-01 10:01:47 AM,31.56,1,31.56,4116950.360000001
2025-08-01 10:02:18 AM,31.57,0,0.0,4116950.360000001
2025-08-01 10:02:18 AM,31.57,1,31.57,4116981.9300000006
2025-08-01 10:02:22 AM,31.57,1,31.57,4117013.5000000005
2025-08-01 10:02:40 AM,31.53,0,0.0,4117013.5000000005
2025-08-01 10:02:41 AM,31.53,1,31.53,4117045.0300000003
2025-08-01 10:02:48 AM,31.57,1,31.57,4117076.6
2025-08-01 10:02:54 AM,31.56,0,0.0,4117076.6
2025-08-01 10:02:54 AM,31.56,110,3471.6,4120548.2
2025-08-01 10:03:13 AM,31.56,40,1262.3999999999999,4121810.6
2025-08-01 10:04:04 AM,31.56,25,789.0,4122599.6
2025-08-01 10:04:16 AM,31.55,1,31.55,4122631.15
2025-08-01 10:04:18 AM,31.56,0,0.0,4122631.15
2025-08-01 10:04:18 AM,31.56,50,1578.0,4124209.15
2025-08-01 10:04:37 AM,31.56,10,315.59999999999997,4124524.75
2025-08-01 10:04:41 AM,31.56,8,252.48,4124777.23
2025-08-01 10:05:12 AM,31.58,0,0.0,4124777.23
2025-08-01 10:05:12 AM,31.58,63,1989.54,4126766.77
2025-08-01 10:05:31 AM,31.6,0,0.0,4126766.77
2025-08-01 10:05:31 AM,31.6,1,31.6,4126798.37
2025-08-01 10:05:39 AM,31.61,600,18966.0,4145764.37
2025-08-01 10:06:07 AM,31.56,75,2367.0,4148131.37
2025-08-01 10:06:09 AM,31.56,20,631.1999999999999,4148762.5700000003
2025-08-01 10:06:42 AM,31.56,371,11708.76,4160471.33
2025-08-01 10:07:40 AM,31.55,20,631.0,4161102.33
2025-08-01 10:07:52 AM,31.54,481,15170.74,4176273.0700000003
2025-08-01 10:07:59 AM,31.55,0,0.0,4176273.0700000003
2025-08-01 10:08:03 AM,31.55,250,7887.5,4184160.5700000003
2025-08-01 10:09:29 AM,31.55,11,347.05,4184507.62
2025-08-01 10:09:36 AM,31.52,0,0.0,4184507.62
2025-08-01 10:09:38 AM,31.52,600,18912.0,4203419.62
2025-08-01 10:10:06 AM,31.59,0,0.0,4203419.62
2025-08-01 10:10:07 AM,31.59,4,126.36,4203545.98
2025-08-01 10:10:42 AM,31.56,0,0.0,4203545.98
2025-08-01 10:10:43 AM,31.56,950,29982.0,4233527.98
2025-08-01 10:11:39 AM,31.59,0,0.0,4233527.98
2025-08-01 10:11:41 AM,31.59,2,63.18,4233591.16
2025-08-01 10:11:59 AM,31.59,2,63.18,4233654.34
2025-08-01 10:12:21 AM,31.56,0,0.0,4233654.34
2025-08-01 10:12:22 AM,31.56,1,31.56,4233685.899999999
2025-08-01 10:12:57 AM,31.59,0,0.0,4233685.899999999
2025-08-01 10:12:57 AM,31.59,1000,31590.0,4265275.899999999
2025-08-01 10:13:39 AM,31.6,0,0.0,4265275.899999999
2025-08-01 10:13:39 AM,31.6,490,15484.0,4280759.899999999
2025-08-01 10:14:19 AM,31.66,100,3166.0,4283925.899999999
2025-08-01 10:17:37 AM,31.66,5,158.3,4284084.199999999
2025-08-01 10:18:17 AM,31.66,12,379.92,4284464.119999999
2025-08-01 10:19:03 AM,31.66,5,158.3,4284622.419999999
2025-08-01 10:20:16 AM,31.67,0,0.0,4284622.419999999
2025-08-01 10:20:17 AM,31.67,1,31.67,4284654.089999999
2025-08-01 10:20:19 AM,31.67,10,316.70000000000005,4284970.789999999
2025-08-01 10:20:29 AM,31.67,289,9152.630000000001,4294123.419999999
2025-08-01 10:20:41 AM,31.74,111,3523.14,4297646.559999999
2025-08-01 10:20:53 AM,31.74,100,3174.0,4300820.559999999
2025-08-01 10:21:11 AM,31.74,6,190.44,4301010.999999999
2025-08-01 10:22:05 AM,31.74,5,158.7,4301169.699999999
2025-08-01 10:22:39 AM,31.67,0,0.0,4301169.699999999
2025-08-01 10:22:40 AM,31.67,240,7600.8,4308770.499999999
2025-08-01 10:22:42 AM,31.68,25,792.0,4309562.499999999
2025-08-01 10:23:10 AM,31.74,1500,47610.0,4357172.499999999
2025-08-01 10:23:41 AM,31.68,0,0.0,4357172.499999999
2025-08-01 10:23:41 AM,31.68,1000,31680.0,4388852.499999999
2025-08-01 10:24:03 AM,31.68,4351,137839.68,4526692.179999999
2025-08-01 10:26:11 AM,31.69,14,443.66,4527135.839999999
2025-08-01 10:27:34 AM,31.7,0,0.0,4527135.839999999
2025-08-01 10:27:34 AM,31.7,2,63.4,4527199.239999999
2025-08-01 10:28:17 AM,31.71,210,6659.1,4533858.339999999
2025-08-01 10:28:51 AM,31.75,0,0.0,4533858.339999999
2025-08-01 10:28:51 AM,31.75,100,3175.0,4537033.339999999
2025-08-01 10:29:24 AM,31.74,0,0.0,4537033.339999999
2025-08-01 10:29:24 AM,31.74,2,63.48,4537096.819999999
2025-08-01 10:31:37 AM,31.74,210,6665.4,4543762.22
2025-08-01 10:31:48 AM,31.74,210,6665.4,4550427.62
2025-08-01 10:31:58 AM,31.7,0,0.0,4550427.62
2025-08-01 10:31:58 AM,31.74,104,3300.96,4553728.58
2025-08-01 10:32:51 AM,31.66,1500,47490.0,4601218.58
2025-08-01 10:33:08 AM,31.73,1,31.73,4601250.3100000005
2025-08-01 10:33:11 AM,31.73,1,31.73,4601282.040000001
2025-08-01 10:34:32 AM,31.73,3,95.19,4601377.230000001
2025-08-01 10:34:53 AM,31.73,15,475.95,4601853.180000002
2025-08-01 10:36:08 AM,31.73,70,2221.1,4604074.280000001
2025-08-01 10:36:11 AM,31.75,0,0.0,4604074.280000001
2025-08-01 10:36:11 AM,31.75,630,20002.5,4624076.780000001
2025-08-01 10:39:15 AM,31.69,0,0.0,4624076.780000001
2025-08-01 10:39:15 AM,31.69,150,4753.5,4628830.280000001
2025-08-01 10:40:19 AM,31.69,94,2978.86,4631809.1400000015
2025-08-01 10:40:22 AM,31.69,215,6813.35,4638622.490000001
2025-08-01 10:40:36 AM,31.69,150,4753.5,4643375.990000001
2025-08-01 10:41:15 AM,31.7,0,0.0,4643375.990000001
2025-08-01 10:41:15 AM,31.7,100,3170.0,4646545.990000001
2025-08-01 10:41:45 AM,31.65,0,0.0,4646545.990000001
2025-08-01 10:41:45 AM,31.65,60,1899.0,4648444.990000001
2025-08-01 10:42:22 AM,31.65,1,31.65,4648476.6400000015
2025-08-01 10:42:33 AM,31.65,14,443.09999999999997,4648919.740000001
2025-08-01 10:43:38 AM,31.67,0,0.0,4648919.740000001
2025-08-01 10:43:38 AM,31.67,1,31.67,4648951.410000001
2025-08-01 10:48:44 AM,31.58,0,0.0,4648951.410000001
2025-08-01 10:48:45 AM,31.58,1000,31580.0,4680531.410000001
2025-08-01 10:48:56 AM,31.64,0,0.0,4680531.410000001
2025-08-01 10:48:59 AM,31.64,1,31.64,4680563.050000001
2025-08-01 10:50:39 AM,31.57,0,0.0,4680563.050000001
2025-08-01 10:50:43 AM,31.57,200,6314.0,4686877.050000001
2025-08-01 10:51:27 AM,31.57,20,631.4,4687508.450000001
2025-08-01 10:53:04 AM,31.57,500,15785.0,4703293.450000001
2025-08-01 10:54:51 AM,31.59,40,1263.6,4704557.050000001
2025-08-01 10:55:45 AM,31.59,6,189.54,4704746.590000001
2025-08-01 10:57:57 AM,31.59,2,63.18,4704809.7700000005
2025-08-01 11:00:05 AM,31.59,2,63.18,4704872.95
2025-08-01 11:00:07 AM,31.6,0,0.0,4704872.95
2025-08-01 11:00:11 AM,31.6,5,158.0,4705030.95
2025-08-01 11:00:22 AM,31.6,2,63.2,4705094.15
2025-08-01 11:01:21 AM,31.6,300,9480.0,4714574.15
2025-08-01 11:01:31 AM,31.6,11,347.6,4714921.75
2025-08-01 11:03:12 AM,31.6,1,31.6,4714953.35
2025-08-01 11:03:24 AM,31.6,50,1580.0,4716533.35
2025-08-01 11:03:43 AM,31.6,1,31.6,4716564.949999999
2025-08-01 11:05:03 AM,31.51,0,0.0,4716564.949999999
2025-08-01 11:05:03 AM,31.51,2500,78775.0,4795339.949999999
2025-08-01 11:05:22 AM,31.6,0,0.0,4795339.949999999
2025-08-01 11:05:23 AM,31.6,30,948.0,4796287.949999999
2025-08-01 11:05:34 AM,31.6,100,3160.0,4799447.949999999
2025-08-01 11:07:47 AM,31.6,450,14220.0,4813667.949999999
2025-08-01 11:07:58 AM,31.6,25,790.0,4814457.949999999
2025-08-01 11:08:45 AM,31.6,8,252.8,4814710.749999999
2025-08-01 11:09:13 AM,31.6,1,31.6,4814742.349999999
2025-08-01 11:12:06 AM,31.6,233,7362.8,4822105.1499999985
2025-08-01 11:12:46 AM,31.65,0,0.0,4822105.1499999985
2025-08-01 11:12:49 AM,31.65,210,6646.5,4828751.6499999985
2025-08-01 11:13:43 AM,31.65,35,1107.75,4829859.3999999985
2025-08-01 11:13:55 AM,31.6,1755,55458.0,4885317.3999999985
2025-08-01 11:14:09 AM,31.64,0,0.0,4885317.3999999985
2025-08-01 11:14:10 AM,31.64,158,4999.12,4890316.519999999
2025-08-01 11:14:21 AM,31.55,0,0.0,4890316.519999999
2025-08-01 11:14:21 AM,31.55,142,4480.1,4894796.619999998
2025-08-01 11:14:22 AM,31.55,1,31.55,4894828.169999998
2025-08-01 11:15:35 AM,31.52,0,0.0,4894828.169999998
2025-08-01 11:15:36 AM,31.52,245,7722.4,4902550.569999998
2025-08-01 11:16:02 AM,31.5,1,31.5,4902582.069999998
2025-08-01 11:17:37 AM,31.54,0,0.0,4902582.069999998
2025-08-01 11:17:39 AM,31.54,10,315.4,4902897.469999999
2025-08-01 11:18:15 AM,31.5,0,0.0,4902897.469999999
2025-08-01 11:18:16 AM,31.5,634,19971.0,4922868.469999999
2025-08-01 11:19:00 AM,31.47,2,62.94,4922931.409999999
2025-08-01 11:20:16 AM,31.47,20,629.4,4923560.81
2025-08-01 11:20:25 AM,31.48,0,0.0,4923560.81
2025-08-01 11:20:27 AM,31.48,5,157.4,4923718.21
2025-08-01 11:22:33 AM,31.48,10,314.8,4924033.01
2025-08-01 11:23:41 AM,31.48,10,314.8,4924347.81
2025-08-01 11:23:46 AM,31.48,5,157.4,4924505.21
2025-08-01 11:24:05 AM,31.48,9,283.32,4924788.53
2025-08-01 11:27:13 AM,31.48,3,94.44,4924882.970000001
2025-08-01 11:30:03 AM,31.44,110,3458.4,4928341.370000001
2025-08-01 11:31:01 AM,31.46,25,786.5,4929127.870000001
2025-08-01 11:31:47 AM,31.46,250,7865.0,4936992.870000001
2025-08-01 11:33:28 AM,31.41,0,0.0,4936992.870000001
2025-08-01 11:33:31 AM,31.41,100,3141.0,4940133.870000001
2025-08-01 11:33:36 AM,31.4,206,6468.4,4946602.270000001
2025-08-01 11:34:51 AM,31.46,0,0.0,4946602.270000001
2025-08-01 11:34:53 AM,31.46,1,31.46,4946633.730000001
2025-08-01 11:36:15 AM,31.47,0,0.0,4946633.730000001
2025-08-01 11:36:17 AM,31.47,15,472.04999999999995,4947105.780000001
2025-08-01 11:38:04 AM,31.46,0,0.0,4947105.780000001
2025-08-01 11:38:06 AM,31.46,500,15730.0,4962835.780000001
2025-08-01 11:39:03 AM,31.4,0,0.0,4962835.780000001
2025-08-01 11:39:06 AM,31.4,3132,98344.79999999999,5061180.580000001
2025-08-01 11:39:13 AM,31.4,1,31.4,5061211.980000001
2025-08-01 11:39:45 AM,31.42,0,0.0,5061211.980000001
2025-08-01 11:39:49 AM,31.42,1,31.42,5061243.400000001
2025-08-01 11:40:42 AM,31.44,0,0.0,5061243.400000001
2025-08-01 11:40:45 AM,31.44,1,31.44,5061274.840000002
2025-08-01 11:41:30 AM,31.44,100,3144.0,5064418.840000002
2025-08-01 11:43:50 AM,31.44,10,314.40000000000003,5064733.240000002
2025-08-01 11:44:25 AM,31.44,100,3144.0,5067877.240000002
2025-08-01 11:44:52 AM,31.4,0,0.0,5067877.240000002
2025-08-01 11:44:53 AM,31.56,12750,402390.0,5470267.240000002
2025-08-01 11:44:58 AM,31.51,20,630.2,5470897.440000002
2025-08-01 11:45:03 AM,31.5,100,3150.0,5474047.440000002
2025-08-01 11:45:08 AM,31.5,50,1575.0,5475622.440000002
2025-08-01 11:48:12 AM,31.5,50,1575.0,5477197.440000002
2025-08-01 11:49:23 AM,31.5,10,315.0,5477512.440000002
2025-08-01 11:50:30 AM,31.43,0,0.0,5477512.440000002
2025-08-01 11:50:31 AM,31.43,16,502.88,5478015.320000002
2025-08-01 11:51:27 AM,31.48,0,0.0,5478015.320000002
2025-08-01 11:51:30 AM,31.48,479,15078.92,5493094.240000002
2025-08-01 11:52:41 AM,31.54,0,0.0,5493094.240000002
2025-08-01 11:52:41 AM,31.54,630,19870.2,5512964.440000002
2025-08-01 11:54:11 AM,31.54,7,220.78,5513185.2200000025
2025-08-01 11:54:19 AM,31.5,0,0.0,5513185.2200000025
2025-08-01 11:54:22 AM,31.5,50,1575.0,5514760.2200000025
2025-08-01 11:54:39 AM,31.55,0,0.0,5514760.2200000025
2025-08-01 11:54:42 AM,31.6,574,18138.4,5532898.620000003
2025-08-01 11:55:40 AM,31.58,0,0.0,5532898.620000003
2025-08-01 11:55:42 AM,31.58,10,315.79999999999995,5533214.420000003
2025-08-01 11:55:51 AM,31.52,0,0.0,5533214.420000003
2025-08-01 11:55:52 AM,31.52,1,31.52,5533245.940000002
2025-08-01 11:59:04 AM,31.57,1,31.57,5533277.510000003
2025-08-01 12:01:35 PM,31.55,0,0.0,5533277.510000003
2025-08-01 12:01:36 PM,31.55,250,7887.5,5541165.010000003
2025-08-01 12:05:13 PM,31.55,500,15775.0,5556940.010000003
2025-08-01 12:06:03 PM,31.58,500,15790.0,5572730.010000003
2025-08-01 12:08:18 PM,31.54,224,7064.96,5579794.9700000025
2025-08-01 12:11:16 PM,31.5,0,0.0,5579794.9700000025
2025-08-01 12:11:17 PM,31.5,229,7213.5,5587008.4700000025
2025-08-01 12:11:18 PM,31.48,0,0.0,5587008.4700000025
2025-08-01 12:11:22 PM,31.48,3,94.44,5587102.910000003
2025-08-01 12:12:12 PM,31.52,0,0.0,5587102.910000003
2025-08-01 12:12:16 PM,31.52,1,31.52,5587134.4300000025
2025-08-01 12:12:51 PM,31.52,10,315.2,5587449.630000003
2025-08-01 12:13:50 PM,31.48,0,0.0,5587449.630000003
2025-08-01 12:13:51 PM,31.48,30,944.4,5588394.030000003
2025-08-01 12:14:57 PM,31.48,67,2109.16,5590503.190000003
2025-08-01 12:16:18 PM,31.48,3,94.44,5590597.630000004
2025-08-01 12:16:18 PM,31.49,25,787.25,5591384.880000004
2025-08-01 12:16:22 PM,31.49,10,314.9,5591699.780000004
2025-08-01 12:19:14 PM,31.48,0,0.0,5591699.780000004
2025-08-01 12:19:14 PM,31.48,1,31.48,5591731.260000004
2025-08-01 12:19:44 PM,31.44,0,0.0,5591731.260000004
2025-08-01 12:19:44 PM,31.44,28,880.32,5592611.580000005
2025-08-01 12:19:53 PM,31.42,0,0.0,5592611.580000005
2025-08-01 12:19:54 PM,31.42,3,94.26,5592705.8400000045
2025-08-01 12:20:00 PM,31.44,0,0.0,5592705.8400000045
2025-08-01 12:20:05 PM,31.44,3,94.32000000000001,5592800.160000005
2025-08-01 12:20:07 PM,31.4,0,0.0,5592800.160000005
2025-08-01 12:20:10 PM,31.4,2475,77715.0,5670515.160000005
2025-08-01 12:20:16 PM,31.4,100,3140.0,5673655.160000005
2025-08-01 12:21:57 PM,31.46,0,0.0,5673655.160000005
2025-08-01 12:22:00 PM,31.46,2,62.92,5673718.080000005
2025-08-01 12:22:21 PM,31.46,1,31.46,5673749.540000005
2025-08-01 12:22:43 PM,31.49,0,0.0,5673749.540000005
2025-08-01 12:22:47 PM,31.49,1006,31678.94,5705428.480000005
2025-08-01 12:23:59 PM,31.44,0,0.0,5705428.480000005
2025-08-01 12:24:01 PM,31.44,18,565.9200000000001,5705994.400000005
2025-08-01 12:28:01 PM,31.47,11,346.16999999999996,5706340.570000005
2025-08-01 12:29:37 PM,31.5,0,0.0,5706340.570000005
2025-08-01 12:29:38 PM,31.5,100,3150.0,5709490.570000005
2025-08-01 12:30:05 PM,31.5,1,31.5,5709522.070000005
2025-08-01 12:30:15 PM,31.5,107,3370.5,5712892.570000005
2025-08-01 12:32:32 PM,31.5,30,945.0,5713837.570000005
2025-08-01 12:34:52 PM,31.47,0,0.0,5713837.570000005
2025-08-01 12:34:52 PM,31.47,881,27725.07,5741562.640000005
2025-08-01 12:38:30 PM,31.46,0,0.0,5741562.640000005
2025-08-01 12:38:31 PM,31.46,1500,47190.0,5788752.640000005
2025-08-01 12:40:06 PM,31.5,0,0.0,5788752.640000005
2025-08-01 12:40:10 PM,31.5,5,157.5,5788910.140000005
2025-08-01 12:44:07 PM,31.46,100,3146.0,5792056.140000005
2025-08-01 12:45:44 PM,31.5,0,0.0,5792056.140000005
2025-08-01 12:45:46 PM,31.5,10,315.0,5792371.140000005
2025-08-01 12:46:26 PM,31.5,3,94.5,5792465.640000005
2025-08-01 12:46:47 PM,31.5,1000,31500.0,5823965.640000005
2025-08-01 12:50:56 PM,31.46,865,27212.9,5851178.540000006
2025-08-01 12:52:48 PM,31.49,0,0.0,5851178.540000006
2025-08-01 12:52:49 PM,31.49,6,188.94,5851367.480000006
2025-08-01 12:53:19 PM,31.49,100,3149.0,5854516.480000006
2025-08-01 12:54:15 PM,31.49,1,31.49,5854547.970000006
2025-08-01 12:54:45 PM,31.49,500,15745.0,5870292.970000006
2025-08-01 12:54:56 PM,31.49,1,31.49,5870324.4600000065
2025-08-01 12:56:50 PM,31.45,0,0.0,5870324.4600000065
2025-08-01 12:56:53 PM,31.45,100,3145.0,5873469.4600000065
2025-08-01 12:58:26 PM,31.47,0,0.0,5873469.4600000065
2025-08-01 12:58:28 PM,31.47,1,31.47,5873500.930000006
2025-08-01 12:59:18 PM,31.47,40,1258.8,5874759.730000006
2025-08-01 01:00:47 PM,31.47,1,31.47,5874791.200000006
2025-08-01 01:01:19 PM,31.47,1,31.47,5874822.6700000055
2025-08-01 01:01:34 PM,31.47,712,22406.64,5897229.310000005
2025-08-01 01:02:04 PM,31.49,1,31.49,5897260.800000005
2025-08-01 01:03:29 PM,31.49,1,31.49,5897292.290000006
2025-08-01 01:05:33 PM,31.49,1,31.49,5897323.780000006
2025-08-01 01:06:04 PM,31.49,1,31.49,5897355.270000006
2025-08-01 01:07:30 PM,31.47,0,0.0,5897355.270000006
2025-08-01 01:07:30 PM,31.47,20,629.4,5897984.670000006
2025-08-01 01:07:35 PM,31.47,299,9409.529999999999,5907394.200000007
2025-08-01 01:10:14 PM,31.48,0,0.0,5907394.200000007
2025-08-01 01:10:16 PM,31.48,1,31.48,5907425.680000007
2025-08-01 01:13:17 PM,31.48,7,220.36,5907646.0400000075
2025-08-01 01:13:32 PM,31.48,19,598.12,5908244.160000008
2025-08-01 01:16:23 PM,31.48,95,2990.6,5911234.760000007
2025-08-01 01:16:33 PM,31.48,1,31.48,5911266.240000008
2025-08-01 01:17:37 PM,31.48,1,31.48,5911297.720000008
2025-08-01 01:19:35 PM,31.48,11,346.28000000000003,5911644.000000008
2025-08-01 01:20:34 PM,31.47,7,220.29,5911864.290000008
2025-08-01 01:26:51 PM,31.47,50,1573.5,5913437.790000008
2025-08-01 01:27:35 PM,31.44,0,0.0,5913437.790000008
2025-08-01 01:27:35 PM,31.44,892,28044.48,5941482.270000009
2025-08-01 01:27:49 PM,31.4,0,0.0,5941482.270000009
2025-08-01 01:27:50 PM,31.4,476,14946.4,5956428.670000009
2025-08-01 01:27:54 PM,31.4,10,314.0,5956742.670000009
2025-08-01 01:28:04 PM,31.3,11564,361953.2,6318695.870000009
2025-08-01 01:28:10 PM,31.37,0,0.0,6318695.870000009
2025-08-01 01:28:14 PM,31.37,100,3137.0,6321832.870000009
2025-08-01 01:29:06 PM,31.37,198,6211.26,6328044.130000009
2025-08-01 01:29:14 PM,31.36,0,0.0,6328044.130000009
2025-08-01 01:29:16 PM,31.36,3,94.08,6328138.210000009
2025-08-01 01:30:40 PM,31.4,0,0.0,6328138.210000009
2025-08-01 01:30:42 PM,31.4,198,6217.2,6334355.410000009
2025-08-01 01:32:47 PM,31.4,1,31.4,6334386.81000001
2025-08-01 01:33:01 PM,31.4,1,31.4,6334418.21000001
2025-08-01 01:33:31 PM,31.4,200,6280.0,6340698.21000001
2025-08-01 01:34:08 PM,31.48,0,0.0,6340698.21000001
2025-08-01 01:34:09 PM,31.48,12600,396648.0,6737346.21000001
2025-08-01 01:34:58 PM,31.41,0,0.0,6737346.21000001
2025-08-01 01:35:01 PM,31.41,2,62.82,6737409.0300000105
2025-08-01 01:35:40 PM,31.41,540,16961.4,6754370.430000011
2025-08-01 01:35:55 PM,31.41,525,16490.25,6770860.680000011
2025-08-01 01:36:54 PM,31.37,0,0.0,6770860.680000011
2025-08-01 01:36:57 PM,31.37,300,9411.0,6780271.680000011
2025-08-01 01:37:36 PM,31.37,1,31.37,6780303.050000011
2025-08-01 01:42:30 PM,31.44,0,0.0,6780303.050000011
2025-08-01 01:42:32 PM,31.44,210,6602.400000000001,6786905.450000011
2025-08-01 01:42:34 PM,31.48,0,0.0,6786905.450000011
2025-08-01 01:42:37 PM,31.48,442,13914.16,6800819.6100000115
2025-08-01 01:42:42 PM,31.48,718,22602.64,6823422.250000011
2025-08-01 01:42:47 PM,31.48,5,157.4,6823579.650000012
2025-08-01 01:43:27 PM,31.48,180,5666.4,6829246.050000012
2025-08-01 01:43:42 PM,31.44,0,0.0,6829246.050000012
2025-08-01 01:43:42 PM,31.44,150,4716.0,6833962.050000012
2025-08-01 01:45:11 PM,31.39,1420,44573.8,6878535.850000012
2025-08-01 01:45:24 PM,31.38,0,0.0,6878535.850000012
2025-08-01 01:45:26 PM,31.36,0,0.0,6878535.850000012
2025-08-01 01:45:27 PM,31.36,3218,100916.48,6979452.330000012
2025-08-01 01:45:34 PM,31.29,0,0.0,6979452.330000012
2025-08-01 01:45:36 PM,31.29,8167,255545.43,7234997.760000012
2025-08-01 01:45:56 PM,31.33,1,31.33,7235029.090000012
2025-08-01 01:46:01 PM,31.33,3,93.99,7235123.080000012
2025-08-01 01:47:54 PM,31.37,0,0.0,7235123.080000012
2025-08-01 01:47:56 PM,31.37,8,250.96,7235374.040000012
2025-08-01 01:48:16 PM,31.37,100,3137.0,7238511.040000012
2025-08-01 01:49:24 PM,31.37,1,31.37,7238542.410000012
2025-08-01 01:51:22 PM,31.37,10,313.7,7238856.110000012
2025-08-01 01:51:45 PM,31.37,160,5019.2,7243875.310000013
2025-08-01 01:52:22 PM,31.36,0,0.0,7243875.310000013
2025-08-01 01:52:24 PM,31.37,0,0.0,7243875.310000013
2025-08-01 01:52:24 PM,31.37,76,2384.12,7246259.430000013
2025-08-01 01:53:42 PM,31.42,218,6849.56,7253108.990000012
2025-08-01 01:54:05 PM,31.42,4,125.68,7253234.670000012
2025-08-01 01:54:24 PM,31.37,0,0.0,7253234.670000012
2025-08-01 01:54:25 PM,31.37,1500,47055.0,7300289.670000012
2025-08-01 01:55:58 PM,31.45,0,0.0,7300289.670000012
2025-08-01 01:56:02 PM,31.45,1000,31450.0,7331739.670000012
2025-08-01 01:56:16 PM,31.46,0,0.0,7331739.670000012
2025-08-01 01:56:17 PM,31.46,80,2516.8,7334256.470000012
2025-08-01 01:56:38 PM,31.48,0,0.0,7334256.470000012
2025-08-01 01:56:42 PM,31.48,1910,60126.8,7394383.270000012
2025-08-01 01:57:30 PM,31.47,0,0.0,7394383.270000012
2025-08-01 01:57:31 PM,31.47,10,314.7,7394697.970000012
2025-08-01 01:59:06 PM,31.46,0,0.0,7394697.970000012
2025-08-01 01:59:06 PM,31.46,2,62.92,7394760.890000012
2025-08-01 01:59:40 PM,31.41,0,0.0,7394760.890000012
2025-08-01 01:59:41 PM,31.41,2,62.82,7394823.710000012
2025-08-01 02:01:36 PM,31.45,0,0.0,7394823.710000012
2025-08-01 02:01:39 PM,31.45,16,503.2,7395326.910000012
2025-08-01 02:01:43 PM,31.41,0,0.0,7395326.910000012
2025-08-01 02:01:43 PM,31.41,16,502.56,7395829.470000012
2025-08-01 02:02:57 PM,31.41,455,14291.55,7410121.020000012
2025-08-01 02:03:08 PM,31.28,3311,103568.08,7513689.100000012
2025-08-01 02:03:56 PM,31.3,0,0.0,7513689.100000012
2025-08-01 02:03:58 PM,31.3,100,3130.0,7516819.100000012
2025-08-01 02:04:16 PM,31.37,0,0.0,7516819.100000012
2025-08-01 02:04:18 PM,31.37,30,941.1,7517760.200000011
2025-08-01 02:05:32 PM,31.35,0,0.0,7517760.200000011
2025-08-01 02:05:34 PM,31.35,28,877.8000000000001,7518638.000000011
2025-08-01 02:07:30 PM,31.35,100,3135.0,7521773.000000011
2025-08-01 02:08:27 PM,31.35,2,62.7,7521835.700000011
2025-08-01 02:10:18 PM,31.34,0,0.0,7521835.700000011
2025-08-01 02:10:18 PM,31.34,2098,65751.31999999999,7587587.020000012
2025-08-01 02:10:30 PM,31.36,0,0.0,7587587.020000012
2025-08-01 02:10:34 PM,31.36,3,94.08,7587681.100000012
2025-08-01 02:11:55 PM,31.25,0,0.0,7587681.100000012
2025-08-01 02:11:57 PM,31.25,1693,52906.25,7640587.350000012
2025-08-01 02:14:18 PM,31.36,0,0.0,7640587.350000012
2025-08-01 02:14:18 PM,31.36,3,94.08,7640681.430000012
2025-08-01 02:18:25 PM,31.36,100,3136.0,7643817.430000012
2025-08-01 02:19:53 PM,31.36,4,125.44,7643942.870000012
2025-08-01 02:21:19 PM,31.31,100,3131.0,7647073.870000012
2025-08-01 02:24:37 PM,31.32,0,0.0,7647073.870000012
2025-08-01 02:24:37 PM,31.32,50,1566.0,7648639.870000012
2025-08-01 02:27:59 PM,31.32,200,6264.0,7654903.870000012
2025-08-01 02:28:40 PM,31.33,0,0.0,7654903.870000012
2025-08-01 02:28:43 PM,31.33,100,3133.0,7658036.870000012
2025-08-01 02:29:04 PM,31.36,0,0.0,7658036.870000012
2025-08-01 02:29:05 PM,31.36,1,31.36,7658068.230000013
2025-08-01 02:30:33 PM,31.36,1,31.36,7658099.590000013
2025-08-01 02:31:17 PM,31.36,70,2195.2,7660294.790000013
2025-08-01 02:31:23 PM,31.36,36,1128.96,7661423.750000013
2025-08-01 02:31:48 PM,31.38,0,0.0,7661423.750000013
2025-08-01 02:31:49 PM,31.38,35,1098.3,7662522.050000013
2025-08-01 02:32:08 PM,31.31,0,0.0,7662522.050000013
2025-08-01 02:32:11 PM,31.31,1131,35411.61,7697933.660000013
2025-08-01 02:32:21 PM,31.36,0,0.0,7697933.660000013
2025-08-01 02:32:22 PM,31.36,50,1568.0,7699501.660000013
2025-08-01 02:34:04 PM,31.38,0,0.0,7699501.660000013
2025-08-01 02:34:06 PM,31.38,1,31.38,7699533.040000013
2025-08-01 02:34:20 PM,31.38,1,31.38,7699564.420000013
2025-08-01 02:36:12 PM,31.38,100,3138.0,7702702.420000013
2025-08-01 02:36:13 PM,31.39,0,0.0,7702702.420000013
2025-08-01 02:36:14 PM,31.39,435,13654.65,7716357.070000013
2025-08-01 02:36:23 PM,31.39,1,31.39,7716388.460000013
2025-08-01 02:37:11 PM,31.39,1,31.39,7716419.850000013
2025-08-01 02:38:04 PM,31.36,0,0.0,7716419.850000013
2025-08-01 02:38:04 PM,31.36,500,15680.0,7732099.850000013
2025-08-01 02:39:19 PM,31.36,771,24178.56,7756278.410000012
2025-08-01 02:41:06 PM,31.32,4229,132452.28,7888730.6900000125
2025-08-01 02:41:21 PM,31.38,0,0.0,7888730.6900000125
2025-08-01 02:41:22 PM,31.38,1,31.38,7888762.070000012
2025-08-01 02:41:39 PM,31.33,0,0.0,7888762.070000012
2025-08-01 02:41:42 PM,31.33,344,10777.519999999999,7899539.590000012
2025-08-01 02:43:00 PM,31.37,0,0.0,7899539.590000012
2025-08-01 02:43:02 PM,31.37,1,31.37,7899570.960000012
2025-08-01 02:43:48 PM,31.36,0,0.0,7899570.960000012
2025-08-01 02:43:51 PM,31.36,250,7840.0,7907410.960000012
2025-08-01 02:44:25 PM,31.3,1000,31300.0,7938710.960000012
2025-08-01 02:46:55 PM,31.36,0,0.0,7938710.960000012
2025-08-01 02:46:55 PM,31.36,1,31.36,7938742.320000012
2025-08-01 02:47:01 PM,31.36,11,344.96,7939087.280000012
2025-08-01 02:48:11 PM,31.35,1,31.35,7939118.630000012
2025-08-01 02:49:39 PM,31.36,222,6961.92,7946080.550000012
2025-08-01 02:52:26 PM,31.39,0,0.0,7946080.550000012
2025-08-01 02:52:27 PM,31.39,50,1569.5,7947650.050000012
2025-08-01 02:52:32 PM,31.4,0,0.0,7947650.050000012
2025-08-01 02:52:32 PM,31.4,25,785.0,7948435.050000012
2025-08-01 02:53:27 PM,31.35,0,0.0,7948435.050000012
2025-08-01 02:53:28 PM,31.35,1,31.35,7948466.400000012
2025-08-01 02:55:04 PM,31.4,0,0.0,7948466.400000012
2025-08-01 02:55:05 PM,31.4,1,31.4,7948497.800000012
2025-08-01 02:56:21 PM,31.42,1244,39086.48,7987584.280000012
2025-08-01 02:56:32 PM,31.41,32,1005.12,7988589.4000000125
2025-08-01 02:57:16 PM,31.37,1,31.37,7988620.770000013
2025-08-01 02:57:59 PM,31.37,597,18727.89,8007348.660000012
2025-08-01 02:58:29 PM,31.37,11,345.07,8007693.730000013
2025-08-01 02:59:08 PM,31.37,1,31.37,8007725.100000013
2025-08-01 02:59:20 PM,31.37,391,12265.67,8019990.770000013
2025-08-01 03:00:22 PM,31.36,800,25088.0,8045078.770000013
2025-08-01 03:01:10 PM,31.36,200,6272.0,8051350.770000013
2025-08-01 03:01:22 PM,31.42,0,0.0,8051350.770000013
2025-08-01 03:01:22 PM,31.42,100,3142.0,8054492.770000013
2025-08-01 03:03:27 PM,31.37,440,13802.800000000001,8068295.570000012
2025-08-01 03:04:40 PM,31.4,0,0.0,8068295.570000012
2025-08-01 03:04:41 PM,31.4,1,31.4,8068326.970000013
2025-08-01 03:05:30 PM,31.37,0,0.0,8068326.970000013
2025-08-01 03:05:31 PM,31.37,75,2352.75,8070679.720000013
2025-08-01 03:06:08 PM,31.36,0,0.0,8070679.720000013
2025-08-01 03:06:09 PM,31.36,20,627.2,8071306.920000013
2025-08-01 03:07:04 PM,31.37,1,31.37,8071338.290000013
2025-08-01 03:07:17 PM,31.36,150,4704.0,8076042.290000013
2025-08-01 03:08:05 PM,31.37,347,10885.390000000001,8086927.680000013
2025-08-01 03:08:18 PM,31.37,353,11073.61,8098001.290000013
2025-08-01 03:09:02 PM,31.37,114,3576.1800000000003,8101577.470000013
2025-08-01 03:09:27 PM,31.37,1,31.37,8101608.840000013
2025-08-01 03:10:01 PM,31.37,15,470.55,8102079.390000013
2025-08-01 03:10:09 PM,31.35,0,0.0,8102079.390000013
2025-08-01 03:10:09 PM,31.35,1273,39908.55,8141987.9400000125
2025-08-01 03:10:23 PM,31.31,980,30683.8,8172671.740000012
2025-08-01 03:10:25 PM,31.3,3236,101286.8,8273958.540000012
2025-08-01 03:10:30 PM,31.36,644,20195.84,8294154.380000012
2025-08-01 03:11:01 PM,31.35,0,0.0,8294154.380000012
2025-08-01 03:11:02 PM,31.35,65,2037.75,8296192.130000012
2025-08-01 03:11:27 PM,31.35,10,313.5,8296505.630000012
2025-08-01 03:11:40 PM,31.35,301,9436.35,8305941.980000012
2025-08-01 03:12:19 PM,31.35,212,6646.200000000001,8312588.180000012
2025-08-01 03:13:29 PM,31.26,0,0.0,8312588.180000012
2025-08-01 03:13:30 PM,31.26,7,218.82000000000002,8312807.000000012
2025-08-01 03:13:37 PM,31.33,0,0.0,8312807.000000012
2025-08-01 03:13:39 PM,31.33,1,31.33,8312838.330000012
2025-08-01 03:14:22 PM,31.33,1,31.33,8312869.660000012
2025-08-01 03:15:22 PM,31.31,416,13024.96,8325894.620000012
2025-08-01 03:15:57 PM,31.26,649,20287.74,8346182.360000012
2025-08-01 03:16:03 PM,31.25,158,4937.5,8351119.860000012
2025-08-01 03:16:10 PM,31.24,0,0.0,8351119.860000012
2025-08-01 03:16:10 PM,31.24,3,93.72,8351213.580000012
2025-08-01 03:16:12 PM,31.24,190,5935.599999999999,8357149.180000012
2025-08-01 03:16:17 PM,31.24,157,4904.679999999999,8362053.8600000115
2025-08-01 03:16:19 PM,31.25,75,2343.75,8364397.6100000115
2025-08-01 03:16:31 PM,31.23,0,0.0,8364397.6100000115
2025-08-01 03:16:31 PM,31.23,501,15646.23,8380043.840000012
2025-08-01 03:16:38 PM,31.21,6,187.26,8380231.100000012
2025-08-01 03:16:41 PM,31.24,0,0.0,8380231.100000012
2025-08-01 03:16:45 PM,31.24,5,156.2,8380387.300000012
2025-08-01 03:16:52 PM,31.24,1,31.24,8380418.540000012
2025-08-01 03:16:58 PM,31.24,10,312.4,8380730.9400000125
2025-08-01 03:17:27 PM,31.2,2925,91260.0,8471990.940000013
2025-08-01 03:17:29 PM,31.16,0,0.0,8471990.940000013
2025-08-01 03:17:32 PM,31.16,7,218.12,8472209.060000012
2025-08-01 03:17:51 PM,31.2,574,17908.8,8490117.860000012
2025-08-01 03:18:06 PM,31.2,5,156.0,8490273.860000012
2025-08-01 03:18:31 PM,31.2,45,1404.0,8491677.860000012
2025-08-01 03:18:37 PM,31.2,113,3525.6,8495203.460000012
2025-08-01 03:18:43 PM,31.2,2,62.4,8495265.860000012
2025-08-01 03:18:50 PM,31.2,120,3744.0,8499009.860000012
2025-08-01 03:19:12 PM,31.16,1000,31160.0,8530169.860000012
2025-08-01 03:19:30 PM,31.16,30,934.8,8531104.660000013
2025-08-01 03:19:49 PM,31.14,0,0.0,8531104.660000013
2025-08-01 03:19:49 PM,31.14,559,17407.260000000002,8548511.920000013
2025-08-01 03:19:51 PM,31.14,45,1401.3,8549913.220000014
2025-08-01 03:19:53 PM,31.1,0,0.0,8549913.220000014
2025-08-01 03:19:55 PM,31.1,2000,62200.0,8612113.220000014
2025-08-01 03:19:58 PM,31.14,100,3114.0,8615227.220000014
2025-08-01 03:20:13 PM,31.1,400,12440.0,8627667.220000014
2025-08-01 03:20:25 PM,31.1,700,21770.0,8649437.220000014
2025-08-01 03:20:38 PM,31.1,1596,49635.600000000006,8699072.820000013
2025-08-01 03:20:57 PM,31.11,0,0.0,8699072.820000013
2025-08-01 03:20:59 PM,31.11,1724,53633.64,8752706.460000014
2025-08-01 03:21:15 PM,31.1,7,217.70000000000002,8752924.160000013
2025-08-01 03:21:34 PM,31.14,108,3363.12,8756287.280000012
2025-08-01 03:21:47 PM,31.12,1177,36628.24,8792915.520000013
2025-08-01 03:22:18 PM,31.2,0,0.0,8792915.520000013
2025-08-01 03:22:21 PM,31.2,134,4180.8,8797096.320000013
2025-08-01 03:22:28 PM,31.2,30,936.0,8798032.320000013
2025-08-01 03:23:00 PM,31.2,300,9360.0,8807392.320000013
2025-08-01 03:23:14 PM,31.2,141,4399.2,8811791.520000013
2025-08-01 03:23:23 PM,31.2,1,31.2,8811822.720000012
2025-08-01 03:23:27 PM,31.2,210,6552.0,8818374.720000012
2025-08-01 03:23:47 PM,31.2,4,124.8,8818499.520000013
2025-08-01 03:23:54 PM,31.2,108,3369.6,8821869.120000012
2025-08-01 03:24:06 PM,31.18,0,0.0,8821869.120000012
2025-08-01 03:24:07 PM,31.18,44,1371.92,8823241.040000012
2025-08-01 03:24:14 PM,31.18,13,405.34,8823646.380000012
2025-08-01 03:24:54 PM,31.2,0,0.0,8823646.380000012
2025-08-01 03:24:54 PM,31.2,65,2028.0,8825674.380000012
2025-08-01 03:24:55 PM,31.2,1,31.2,8825705.580000011
2025-08-01 03:25:07 PM,31.18,231,7202.58,8832908.160000011
2025-08-01 03:25:14 PM,31.2,25,780.0,8833688.160000011
2025-08-01 03:25:34 PM,31.19,0,0.0,8833688.160000011
2025-08-01 03:25:35 PM,31.19,3,93.57000000000001,8833781.730000012
2025-08-01 03:26:04 PM,31.2,0,0.0,8833781.730000012
2025-08-01 03:26:06 PM,31.2,525,16380.0,8850161.730000012
2025-08-01 03:26:39 PM,31.18,300,9354.0,8859515.730000012
2025-08-01 03:26:58 PM,31.2,0,0.0,8859515.730000012
2025-08-01 03:26:59 PM,31.2,130,4056.0,8863571.730000012
2025-08-01 03:27:06 PM,31.2,1163,36285.6,8899857.330000011
2025-08-01 03:27:08 PM,31.19,0,0.0,8899857.330000011
2025-08-01 03:27:13 PM,31.19,215,6705.85,8906563.18000001
2025-08-01 03:27:19 PM,31.1,0,0.0,8906563.18000001
2025-08-01 03:27:20 PM,31.1,198,6157.8,8912720.980000012
2025-08-01 03:27:34 PM,31.19,98,3056.6200000000003,8915777.60000001
2025-08-01 03:27:48 PM,31.19,500,15595.0,8931372.60000001
2025-08-01 03:27:57 PM,31.19,109,3399.71,8934772.310000012
2025-08-01 03:28:02 PM,31.19,114,3555.6600000000003,8938327.970000012
2025-08-01 03:28:03 PM,31.1,43,1337.3,8939665.270000013
2025-08-01 03:28:06 PM,31.19,0,0.0,8939665.270000013
2025-08-01 03:28:09 PM,31.19,7,218.33,8939883.600000013
2025-08-01 03:28:23 PM,31.1,18,559.8000000000001,8940443.400000013
2025-08-01 03:28:26 PM,31.18,0,0.0,8940443.400000013
2025-08-01 03:28:29 PM,31.15,0,0.0,8940443.400000013
2025-08-01 03:28:30 PM,31.18,104,3242.72,8943686.120000014
2025-08-01 03:28:44 PM,31.1,500,15550.0,8959236.120000014
2025-08-01 03:28:49 PM,31.18,0,0.0,8959236.120000014
2025-08-01 03:28:50 PM,31.18,50,1559.0,8960795.120000014
2025-08-01 03:28:57 PM,31.18,1,31.18,8960826.300000014
2025-08-01 03:29:03 PM,31.1,0,0.0,8960826.300000014
2025-08-01 03:29:04 PM,31.1,6,186.60000000000002,8961012.900000013
2025-08-01 03:29:06 PM,31.18,30,935.4,8961948.300000014
2025-08-01 03:29:15 PM,31.18,50,1559.0,8963507.300000014
2025-08-01 03:29:21 PM,31.18,1,31.18,8963538.480000013
2025-08-01 03:29:22 PM,31.1,0,0.0,8963538.480000013
2025-08-01 03:29:22 PM,31.1,277,8614.7,8972153.180000013
2025-08-01 03:29:36 PM,31.1,511,15892.1,8988045.280000012
2025-08-01 03:29:50 PM,31.1,1,31.1,8988076.380000012
2025-08-01 03:29:52 PM,31.09,5,155.45,8988231.830000011
2025-08-01 03:29:56 PM,31.06,0,0.0,8988231.830000011
2025-08-01 03:29:57 PM,31.06,40,1242.3999999999999,8989474.230000012
