date,price,qty,trnvr,cum_trnvr
2025-08-01 09:15:04 AM,384.4,3699,1421895.5999999999,1421895.5999999999
2025-08-01 09:15:06 AM,383.6,2340,897624.0,2319519.5999999996
2025-08-01 09:15:13 AM,382.95,0,0.0,2319519.5999999996
2025-08-01 09:15:15 AM,382.5,2696,1031220.0,3350739.5999999996
2025-08-01 09:15:17 AM,382.65,609,233033.84999999998,3583773.4499999997
2025-08-01 09:15:22 AM,383.5,0,0.0,3583773.4499999997
2025-08-01 09:15:25 AM,383.45,4546,1743163.7,5326937.149999999
2025-08-01 09:15:33 AM,383.1,0,0.0,5326937.149999999
2025-08-01 09:15:34 AM,382.95,352,134798.4,5461735.55
2025-08-01 09:15:35 AM,382.95,812,310955.39999999997,5772690.95
2025-08-01 09:15:41 AM,382.5,0,0.0,5772690.95
2025-08-01 09:15:42 AM,382.5,10,3825.0,5776515.95
2025-08-01 09:15:44 AM,382.7,1,382.7,5776898.65
2025-08-01 09:15:46 AM,382.4,0,0.0,5776898.65
2025-08-01 09:15:49 AM,382.5,0,0.0,5776898.65
2025-08-01 09:15:50 AM,382.8,2145,821106.0,6598004.65
2025-08-01 09:15:52 AM,382.3,882,337188.60000000003,6935193.25
2025-08-01 09:15:55 AM,382.25,0,0.0,6935193.25
2025-08-01 09:15:57 AM,382.4,0,0.0,6935193.25
2025-08-01 09:15:59 AM,382.2,230,87906.0,7023099.25
2025-08-01 09:16:00 AM,381.45,459,175085.55,7198184.8
2025-08-01 09:16:03 AM,381.8,0,0.0,7198184.8
2025-08-01 09:16:07 AM,381.95,4351,1661864.45,8860049.25
2025-08-01 09:16:07 AM,381.9,0,0.0,8860049.25
2025-08-01 09:16:09 AM,381.9,21,8019.9,8868069.15
2025-08-01 09:16:11 AM,381.7,0,0.0,8868069.15
2025-08-01 09:16:15 AM,381.35,70,26694.5,8894763.65
2025-08-01 09:16:16 AM,381.4,100,38140.0,8932903.65
2025-08-01 09:16:23 AM,381.8,1693,646387.4,9579291.05
2025-08-01 09:16:25 AM,381.8,20,7636.0,9586927.05
2025-08-01 09:16:28 AM,382.0,0,0.0,9586927.05
2025-08-01 09:16:31 AM,382.1,614,234609.40000000002,9821536.450000001
2025-08-01 09:16:38 AM,382.35,0,0.0,9821536.450000001
2025-08-01 09:16:40 AM,382.35,1944,743288.4,10564824.850000001
2025-08-01 09:16:48 AM,382.25,387,147930.75,10712755.600000001
2025-08-01 09:16:50 AM,382.55,0,0.0,10712755.600000001
2025-08-01 09:16:56 AM,381.6,1819,694130.4,11406886.000000002
2025-08-01 09:17:00 AM,381.75,0,0.0,11406886.000000002
2025-08-01 09:17:00 AM,381.75,955,364571.25,11771457.250000002
2025-08-01 09:17:05 AM,381.8,50,19090.0,11790547.250000002
2025-08-01 09:17:07 AM,382.1,1834,700771.4,12491318.650000002
2025-08-01 09:17:08 AM,382.0,2,764.0,12492082.650000002
2025-08-01 09:17:10 AM,382.1,15,5731.5,12497814.150000002
2025-08-01 09:17:12 AM,382.35,175,66911.25,12564725.400000002
2025-08-01 09:17:16 AM,382.85,0,0.0,12564725.400000002
2025-08-01 09:17:17 AM,382.85,500,191425.0,12756150.400000002
2025-08-01 09:17:18 AM,382.5,0,0.0,12756150.400000002
2025-08-01 09:17:19 AM,382.5,50,19125.0,12775275.400000002
2025-08-01 09:17:22 AM,382.75,100,38275.0,12813550.400000002
2025-08-01 09:17:24 AM,382.8,128,48998.4,12862548.800000003
2025-08-01 09:17:26 AM,383.15,0,0.0,12862548.800000003
2025-08-01 09:17:27 AM,383.0,572,219076.0,13081624.800000003
2025-08-01 09:17:28 AM,382.75,0,0.0,13081624.800000003
2025-08-01 09:17:29 AM,382.75,25,9568.75,13091193.550000003
2025-08-01 09:17:29 AM,382.8,2,765.6,13091959.150000002
2025-08-01 09:17:36 AM,383.0,0,0.0,13091959.150000002
2025-08-01 09:17:36 AM,383.0,1,383.0,13092342.150000002
2025-08-01 09:17:38 AM,382.8,0,0.0,13092342.150000002
2025-08-01 09:17:39 AM,382.8,467,178767.6,13271109.750000002
2025-08-01 09:17:39 AM,382.45,0,0.0,13271109.750000002
2025-08-01 09:17:40 AM,382.45,2,764.9,13271874.650000002
2025-08-01 09:17:41 AM,382.4,1,382.4,13272257.050000003
2025-08-01 09:17:44 AM,382.25,0,0.0,13272257.050000003
2025-08-01 09:17:45 AM,382.25,270,103207.5,13375464.550000003
2025-08-01 09:17:46 AM,382.55,10,3825.5,13379290.050000003
2025-08-01 09:17:46 AM,382.3,5,1911.5,13381201.550000003
2025-08-01 09:17:47 AM,382.6,30,11478.0,13392679.550000003
2025-08-01 09:17:48 AM,382.7,0,0.0,13392679.550000003
2025-08-01 09:17:49 AM,382.7,200,76540.0,13469219.550000003
2025-08-01 09:17:51 AM,382.45,0,0.0,13469219.550000003
2025-08-01 09:17:51 AM,382.45,6,2294.7,13471514.250000002
2025-08-01 09:17:53 AM,382.4,9,3441.6,13474955.850000001
2025-08-01 09:17:54 AM,382.25,6,2293.5,13477249.350000001
2025-08-01 09:17:54 AM,382.0,0,0.0,13477249.350000001
2025-08-01 09:17:55 AM,382.0,100,38200.0,13515449.350000001
2025-08-01 09:17:55 AM,382.0,921,351822.0,13867271.350000001
2025-08-01 09:17:56 AM,382.0,10,3820.0,13871091.350000001
2025-08-01 09:17:56 AM,382.1,0,0.0,13871091.350000001
2025-08-01 09:17:57 AM,382.1,10,3821.0,13874912.350000001
2025-08-01 09:18:00 AM,381.8,440,167992.0,14042904.350000001
2025-08-01 09:18:01 AM,381.95,0,0.0,14042904.350000001
2025-08-01 09:18:01 AM,382.0,0,0.0,14042904.350000001
2025-08-01 09:18:02 AM,382.0,21,8022.0,14050926.350000001
2025-08-01 09:18:03 AM,382.1,1000,382100.0,14433026.350000001
2025-08-01 09:18:04 AM,382.1,1,382.1,14433408.450000001
2025-08-01 09:18:05 AM,382.25,0,0.0,14433408.450000001
2025-08-01 09:18:06 AM,382.25,500,191125.0,14624533.450000001
2025-08-01 09:18:08 AM,382.4,0,0.0,14624533.450000001
2025-08-01 09:18:09 AM,382.4,3,1147.1999999999998,14625680.65
2025-08-01 09:18:12 AM,382.2,0,0.0,14625680.65
2025-08-01 09:18:13 AM,382.2,2,764.4,14626445.05
2025-08-01 09:18:13 AM,382.45,0,0.0,14626445.05
2025-08-01 09:18:14 AM,382.45,50,19122.5,14645567.55
2025-08-01 09:18:14 AM,382.15,0,0.0,14645567.55
2025-08-01 09:18:15 AM,382.4,22,8412.8,14653980.350000001
2025-08-01 09:18:16 AM,382.05,0,0.0,14653980.350000001
2025-08-01 09:18:17 AM,382.05,500,191025.0,14845005.350000001
2025-08-01 09:18:17 AM,382.2,20,7644.0,14852649.350000001
2025-08-01 09:18:21 AM,382.65,200,76530.0,14929179.350000001
2025-08-01 09:18:21 AM,382.75,0,0.0,14929179.350000001
2025-08-01 09:18:22 AM,382.75,10,3827.5,14933006.850000001
2025-08-01 09:18:23 AM,382.75,100,38275.0,14971281.850000001
2025-08-01 09:18:25 AM,382.85,1000,382850.0,15354131.850000001
2025-08-01 09:18:25 AM,382.45,0,0.0,15354131.850000001
2025-08-01 09:18:26 AM,382.45,64,24476.8,15378608.650000002
2025-08-01 09:18:29 AM,382.65,0,0.0,15378608.650000002
2025-08-01 09:18:30 AM,382.65,1,382.65,15378991.300000003
2025-08-01 09:18:32 AM,382.45,0,0.0,15378991.300000003
2025-08-01 09:18:32 AM,382.45,200,76490.0,15455481.300000003
2025-08-01 09:18:33 AM,382.05,0,0.0,15455481.300000003
2025-08-01 09:18:33 AM,382.05,100,38205.0,15493686.300000003
2025-08-01 09:18:35 AM,382.1,15,5731.5,15499417.800000003
2025-08-01 09:18:36 AM,382.35,0,0.0,15499417.800000003
2025-08-01 09:18:36 AM,382.35,5,1911.75,15501329.550000003
2025-08-01 09:18:37 AM,382.05,342,130661.1,15631990.650000002
2025-08-01 09:18:38 AM,382.45,0,0.0,15631990.650000002
2025-08-01 09:18:38 AM,382.45,100,38245.0,15670235.650000002
2025-08-01 09:18:39 AM,382.2,20,7644.0,15677879.650000002
2025-08-01 09:18:40 AM,382.45,25,9561.25,15687440.900000002
2025-08-01 09:18:42 AM,382.5,200,76500.0,15763940.900000002
2025-08-01 09:18:43 AM,382.4,201,76862.4,15840803.300000003
2025-08-01 09:18:44 AM,382.2,347,132623.4,15973426.700000003
2025-08-01 09:18:45 AM,382.3,100,38230.0,16011656.700000003
2025-08-01 09:18:45 AM,382.35,0,0.0,16011656.700000003
2025-08-01 09:18:46 AM,382.25,180,68805.0,16080461.700000003
2025-08-01 09:18:47 AM,382.2,1,382.2,16080843.900000002
2025-08-01 09:18:50 AM,382.9,0,0.0,16080843.900000002
2025-08-01 09:18:50 AM,382.9,323,123676.7,16204520.600000001
2025-08-01 09:18:52 AM,382.65,0,0.0,16204520.600000001
2025-08-01 09:18:52 AM,382.65,51,19515.149999999998,16224035.750000002
2025-08-01 09:18:53 AM,382.8,0,0.0,16224035.750000002
2025-08-01 09:18:53 AM,382.8,10,3828.0,16227863.750000002
2025-08-01 09:18:55 AM,382.45,392,149920.4,16377784.150000002
2025-08-01 09:18:59 AM,382.55,3,1147.65,16378931.800000003
2025-08-01 09:19:02 AM,382.5,0,0.0,16378931.800000003
2025-08-01 09:19:03 AM,382.25,2,764.5,16379696.300000003
2025-08-01 09:19:04 AM,382.5,0,0.0,16379696.300000003
2025-08-01 09:19:05 AM,382.5,30,11475.0,16391171.300000003
2025-08-01 09:19:10 AM,382.5,2805,1072912.5,17464083.800000004
2025-08-01 09:19:11 AM,382.75,70,26792.5,17490876.300000004
2025-08-01 09:19:13 AM,382.7,10,3827.0,17494703.300000004
2025-08-01 09:19:19 AM,382.75,0,0.0,17494703.300000004
2025-08-01 09:19:20 AM,382.75,7,2679.25,17497382.550000004
2025-08-01 09:19:20 AM,382.7,100,38270.0,17535652.550000004
2025-08-01 09:19:23 AM,382.75,2,765.5,17536418.050000004
2025-08-01 09:19:24 AM,382.8,0,0.0,17536418.050000004
2025-08-01 09:19:25 AM,382.8,200,76560.0,17612978.050000004
2025-08-01 09:19:26 AM,382.7,0,0.0,17612978.050000004
2025-08-01 09:19:27 AM,382.7,100,38270.0,17651248.050000004
2025-08-01 09:19:28 AM,382.7,1,382.7,17651630.750000004
2025-08-01 09:19:28 AM,382.5,0,0.0,17651630.750000004
2025-08-01 09:19:29 AM,382.5,231,88357.5,17739988.250000004
2025-08-01 09:19:30 AM,382.6,8,3060.8,17743049.050000004
2025-08-01 09:19:31 AM,382.25,101,38607.25,17781656.300000004
2025-08-01 09:19:32 AM,382.35,10,3823.5,17785479.800000004
2025-08-01 09:19:32 AM,382.3,0,0.0,17785479.800000004
2025-08-01 09:19:32 AM,382.3,12,4587.6,17790067.400000006
2025-08-01 09:19:33 AM,381.8,2276,868976.8,18659044.200000007
2025-08-01 09:19:34 AM,381.7,0,0.0,18659044.200000007
2025-08-01 09:19:35 AM,381.7,97,37024.9,18696069.100000005
2025-08-01 09:19:35 AM,381.95,0,0.0,18696069.100000005
2025-08-01 09:19:36 AM,381.95,820,313199.0,19009268.100000005
2025-08-01 09:19:37 AM,381.9,250,95475.0,19104743.100000005
2025-08-01 09:19:37 AM,381.6,0,0.0,19104743.100000005
2025-08-01 09:19:38 AM,381.6,84,32054.4,19136797.500000004
2025-08-01 09:19:40 AM,381.85,26,9928.1,19146725.600000005
2025-08-01 09:19:40 AM,381.85,3,1145.5500000000002,19147871.150000006
2025-08-01 09:19:42 AM,381.9,10,3819.0,19151690.150000006
2025-08-01 09:19:44 AM,381.95,50,19097.5,19170787.650000006
2025-08-01 09:19:45 AM,382.1,0,0.0,19170787.650000006
2025-08-01 09:19:46 AM,382.1,200,76420.0,19247207.650000006
2025-08-01 09:19:48 AM,382.05,0,0.0,19247207.650000006
2025-08-01 09:19:49 AM,382.05,100,38205.0,19285412.650000006
2025-08-01 09:19:50 AM,381.85,50,19092.5,19304505.150000006
2025-08-01 09:19:52 AM,381.7,467,178253.9,19482759.050000004
2025-08-01 09:19:53 AM,381.6,0,0.0,19482759.050000004
2025-08-01 09:19:54 AM,381.9,53,20240.699999999997,19502999.750000004
2025-08-01 09:19:54 AM,381.65,25,9541.25,19512541.000000004
2025-08-01 09:19:55 AM,381.9,40,15276.0,19527817.000000004
2025-08-01 09:19:59 AM,381.9,5,1909.5,19529726.500000004
2025-08-01 09:20:03 AM,382.05,11,4202.55,19533929.050000004
2025-08-01 09:20:04 AM,381.75,200,76350.0,19610279.050000004
2025-08-01 09:20:09 AM,382.3,0,0.0,19610279.050000004
2025-08-01 09:20:10 AM,382.3,3567,1363664.1,20973943.150000006
2025-08-01 09:20:13 AM,382.0,27,10314.0,20984257.150000006
2025-08-01 09:20:23 AM,382.05,0,0.0,20984257.150000006
2025-08-01 09:20:24 AM,382.05,905,345755.25,21330012.400000006
2025-08-01 09:20:27 AM,382.0,200,76400.0,21406412.400000006
2025-08-01 09:20:29 AM,381.95,30,11458.5,21417870.900000006
2025-08-01 09:20:31 AM,382.0,1000,382000.0,21799870.900000006
2025-08-01 09:20:39 AM,382.0,2,764.0,21800634.900000006
2025-08-01 09:20:40 AM,382.0,2,764.0,21801398.900000006
2025-08-01 09:20:41 AM,382.05,7,2674.35,21804073.250000007
2025-08-01 09:20:42 AM,382.0,13,4966.0,21809039.250000007
2025-08-01 09:20:43 AM,382.0,1,382.0,21809421.250000007
2025-08-01 09:20:43 AM,381.75,0,0.0,21809421.250000007
2025-08-01 09:20:43 AM,382.05,0,0.0,21809421.250000007
2025-08-01 09:20:44 AM,382.05,1949,744615.4500000001,22554036.700000007
2025-08-01 09:20:44 AM,381.85,65,24820.25,22578856.950000007
2025-08-01 09:20:47 AM,382.0,60,22920.0,22601776.950000007
2025-08-01 09:20:51 AM,382.0,190,72580.0,22674356.950000007
2025-08-01 09:20:51 AM,381.75,0,0.0,22674356.950000007
2025-08-01 09:20:52 AM,381.75,100,38175.0,22712531.950000007
2025-08-01 09:20:54 AM,382.05,13,4966.650000000001,22717498.600000005
2025-08-01 09:20:58 AM,382.05,50,19102.5,22736601.100000005
2025-08-01 09:21:03 AM,382.1,0,0.0,22736601.100000005
2025-08-01 09:21:05 AM,382.05,0,0.0,22736601.100000005
2025-08-01 09:21:07 AM,382.05,12,4584.6,22741185.700000007
2025-08-01 09:21:08 AM,382.1,1,382.1,22741567.80000001
2025-08-01 09:21:10 AM,382.6,0,0.0,22741567.80000001
2025-08-01 09:21:15 AM,382.6,150,57390.0,22798957.80000001
2025-08-01 09:21:17 AM,382.5,0,0.0,22798957.80000001
2025-08-01 09:21:19 AM,382.45,0,0.0,22798957.80000001
2025-08-01 09:21:23 AM,382.8,481,184126.80000000002,22983084.60000001
2025-08-01 09:21:26 AM,382.7,0,0.0,22983084.60000001
2025-08-01 09:21:31 AM,382.8,21,8038.8,22991123.40000001
2025-08-01 09:21:37 AM,382.7,0,0.0,22991123.40000001
2025-08-01 09:21:38 AM,382.7,2185,836199.5,23827322.90000001
2025-08-01 09:21:39 AM,382.8,10,3828.0,23831150.90000001
2025-08-01 09:21:43 AM,382.55,0,0.0,23831150.90000001
2025-08-01 09:21:46 AM,382.55,257,98315.35,23929466.25000001
2025-08-01 09:21:49 AM,382.65,0,0.0,23929466.25000001
2025-08-01 09:21:52 AM,382.75,0,0.0,23929466.25000001
2025-08-01 09:21:53 AM,382.75,660,252615.0,24182081.25000001
2025-08-01 09:21:56 AM,382.45,0,0.0,24182081.25000001
2025-08-01 09:21:59 AM,382.6,0,0.0,24182081.25000001
2025-08-01 09:22:00 AM,382.6,193,73841.8,24255923.050000012
2025-08-01 09:22:01 AM,382.95,0,0.0,24255923.050000012
2025-08-01 09:22:01 AM,382.95,270,103396.5,24359319.550000012
2025-08-01 09:22:02 AM,382.75,0,0.0,24359319.550000012
2025-08-01 09:22:02 AM,382.75,50,19137.5,24378457.050000012
2025-08-01 09:22:03 AM,382.75,310,118652.5,24497109.550000012
2025-08-01 09:22:04 AM,382.75,3,1148.25,24498257.800000012
2025-08-01 09:22:05 AM,382.75,50,19137.5,24517395.300000012
2025-08-01 09:22:09 AM,382.7,0,0.0,24517395.300000012
2025-08-01 09:22:09 AM,382.7,1,382.7,24517778.00000001
2025-08-01 09:22:12 AM,382.75,0,0.0,24517778.00000001
2025-08-01 09:22:12 AM,382.75,1,382.75,24518160.75000001
2025-08-01 09:22:13 AM,382.7,1,382.7,24518543.45000001
2025-08-01 09:22:13 AM,382.45,0,0.0,24518543.45000001
2025-08-01 09:22:14 AM,382.45,153,58514.85,24577058.300000012
2025-08-01 09:22:15 AM,382.6,100,38260.0,24615318.300000012
2025-08-01 09:22:16 AM,382.6,1,382.6,24615700.900000013
2025-08-01 09:22:16 AM,382.65,25,9566.25,24625267.150000013
2025-08-01 09:22:21 AM,382.7,0,0.0,24625267.150000013
2025-08-01 09:22:22 AM,382.75,939,359402.25,24984669.400000013
2025-08-01 09:22:22 AM,382.65,2,765.3,24985434.700000014
2025-08-01 09:22:23 AM,382.4,25,9560.0,24994994.700000014
2025-08-01 09:22:26 AM,382.6,5,1913.0,24996907.700000014
2025-08-01 09:22:27 AM,382.6,4,1530.4,24998438.100000013
2025-08-01 09:22:27 AM,382.6,9,3443.4,25001881.50000001
2025-08-01 09:22:28 AM,382.4,75,28680.0,25030561.50000001
2025-08-01 09:22:31 AM,382.4,10,3824.0,25034385.50000001
2025-08-01 09:22:35 AM,382.6,1,382.6,25034768.100000013
2025-08-01 09:22:46 AM,382.6,15,5739.0,25040507.100000013
2025-08-01 09:22:46 AM,382.6,1,382.6,25040889.700000014
2025-08-01 09:22:46 AM,382.35,0,0.0,25040889.700000014
2025-08-01 09:22:47 AM,382.55,27,10328.85,25051218.550000016
2025-08-01 09:22:51 AM,382.45,1,382.45,25051601.000000015
2025-08-01 09:22:53 AM,382.55,0,0.0,25051601.000000015
2025-08-01 09:22:54 AM,382.55,1,382.55,25051983.550000016
2025-08-01 09:22:55 AM,382.6,200,76520.0,25128503.550000016
2025-08-01 09:22:56 AM,382.55,25,9563.75,25138067.300000016
2025-08-01 09:22:57 AM,382.55,41,15684.550000000001,25153751.850000016
2025-08-01 09:22:59 AM,382.55,19,7268.45,25161020.300000016
2025-08-01 09:23:00 AM,382.35,0,0.0,25161020.300000016
2025-08-01 09:23:02 AM,382.35,93,35558.55,25196578.850000016
2025-08-01 09:23:06 AM,382.3,0,0.0,25196578.850000016
2025-08-01 09:23:08 AM,382.6,0,0.0,25196578.850000016
2025-08-01 09:23:09 AM,382.4,82,31356.8,25227935.650000017
2025-08-01 09:23:17 AM,382.55,16,6120.8,25234056.450000018
2025-08-01 09:23:25 AM,382.25,135,51603.75,25285660.200000018
2025-08-01 09:23:26 AM,382.5,0,0.0,25285660.200000018
2025-08-01 09:23:27 AM,382.5,1,382.5,25286042.700000018
2025-08-01 09:23:32 AM,382.15,0,0.0,25286042.700000018
2025-08-01 09:23:32 AM,382.15,340,129930.99999999999,25415973.700000018
2025-08-01 09:23:39 AM,382.25,0,0.0,25415973.700000018
2025-08-01 09:23:40 AM,382.25,1126,430413.5,25846387.200000018
2025-08-01 09:23:55 AM,382.15,668,255276.19999999998,26101663.400000017
2025-08-01 09:23:58 AM,382.55,0,0.0,26101663.400000017
2025-08-01 09:24:03 AM,382.55,64,24483.2,26126146.600000016
2025-08-01 09:24:04 AM,382.5,100,38250.0,26164396.600000016
2025-08-01 09:24:11 AM,382.5,430,164475.0,26328871.600000016
2025-08-01 09:24:12 AM,382.3,117,44729.1,26373600.700000018
2025-08-01 09:24:18 AM,382.5,6,2295.0,26375895.700000018
2025-08-01 09:24:24 AM,382.3,0,0.0,26375895.700000018
2025-08-01 09:24:25 AM,382.4,0,0.0,26375895.700000018
2025-08-01 09:24:26 AM,382.4,28,10707.199999999999,26386602.900000017
2025-08-01 09:24:31 AM,382.2,0,0.0,26386602.900000017
2025-08-01 09:24:31 AM,382.1,0,0.0,26386602.900000017
2025-08-01 09:24:34 AM,382.1,135,51583.5,26438186.400000017
2025-08-01 09:24:41 AM,382.2,166,63445.2,26501631.600000016
2025-08-01 09:24:43 AM,382.15,15,5732.25,26507363.850000016
2025-08-01 09:24:43 AM,382.25,0,0.0,26507363.850000016
2025-08-01 09:24:48 AM,382.0,1316,502712.0,27010075.850000016
2025-08-01 09:24:49 AM,382.05,0,0.0,27010075.850000016
2025-08-01 09:24:50 AM,382.05,10,3820.5,27013896.350000016
2025-08-01 09:24:55 AM,382.0,0,0.0,27013896.350000016
2025-08-01 09:24:56 AM,381.8,80,30544.0,27044440.350000016
2025-08-01 09:24:58 AM,381.8,200,76360.0,27120800.350000016
2025-08-01 09:25:03 AM,381.8,172,65669.6,27186469.950000018
2025-08-01 09:25:10 AM,381.9,0,0.0,27186469.950000018
2025-08-01 09:25:11 AM,381.9,10,3819.0,27190288.950000018
2025-08-01 09:25:16 AM,382.0,0,0.0,27190288.950000018
2025-08-01 09:25:18 AM,382.0,109,41638.0,27231926.950000018
2025-08-01 09:25:21 AM,381.9,1,381.9,27232308.850000016
2025-08-01 09:25:22 AM,381.95,0,0.0,27232308.850000016
2025-08-01 09:25:26 AM,381.95,17,6493.15,27238802.000000015
2025-08-01 09:25:33 AM,382.2,20,7644.0,27246446.000000015
2025-08-01 09:25:34 AM,381.95,0,0.0,27246446.000000015
2025-08-01 09:25:35 AM,381.95,73,27882.35,27274328.350000016
2025-08-01 09:25:40 AM,382.2,0,0.0,27274328.350000016
2025-08-01 09:25:41 AM,382.2,1,382.2,27274710.550000016
2025-08-01 09:25:43 AM,381.95,8,3055.6,27277766.150000017
2025-08-01 09:25:48 AM,382.2,102,38984.4,27316750.550000016
2025-08-01 09:25:56 AM,382.2,7,2675.4,27319425.950000014
2025-08-01 09:25:57 AM,381.95,0,0.0,27319425.950000014
2025-08-01 09:25:58 AM,381.95,10,3819.5,27323245.450000014
2025-08-01 09:26:03 AM,381.65,916,349591.39999999997,27672836.850000013
2025-08-01 09:26:05 AM,381.75,565,215688.75,27888525.600000013
2025-08-01 09:26:11 AM,381.75,50,19087.5,27907613.100000013
2025-08-01 09:26:13 AM,381.75,32,12216.0,27919829.100000013
2025-08-01 09:26:17 AM,381.65,0,0.0,27919829.100000013
2025-08-01 09:26:19 AM,381.65,2,763.3,27920592.400000013
2025-08-01 09:26:23 AM,381.6,0,0.0,27920592.400000013
2025-08-01 09:26:27 AM,381.55,2727,1040486.85,28961079.250000015
2025-08-01 09:26:32 AM,381.5,0,0.0,28961079.250000015
2025-08-01 09:26:34 AM,381.5,869,331523.5,29292602.750000015
2025-08-01 09:26:35 AM,381.7,0,0.0,29292602.750000015
2025-08-01 09:26:36 AM,381.7,249,95043.3,29387646.050000016
2025-08-01 09:26:38 AM,381.9,0,0.0,29387646.050000016
2025-08-01 09:26:41 AM,381.65,0,0.0,29387646.050000016
2025-08-01 09:26:42 AM,381.65,14,5343.099999999999,29392989.150000017
2025-08-01 09:26:46 AM,381.9,0,0.0,29392989.150000017
2025-08-01 09:26:49 AM,382.0,37,14134.0,29407123.150000017
2025-08-01 09:26:51 AM,382.0,16,6112.0,29413235.150000017
2025-08-01 09:26:57 AM,382.0,6,2292.0,29415527.150000017
2025-08-01 09:27:00 AM,381.9,0,0.0,29415527.150000017
2025-08-01 09:27:04 AM,382.0,33,12606.0,29428133.150000017
2025-08-01 09:27:08 AM,381.75,0,0.0,29428133.150000017
2025-08-01 09:27:12 AM,382.0,25,9550.0,29437683.150000017
2025-08-01 09:27:19 AM,382.0,23,8786.0,29446469.150000017
2025-08-01 09:27:27 AM,381.9,25,9547.5,29456016.650000017
2025-08-01 09:27:28 AM,381.85,2,763.7,29456780.350000016
2025-08-01 09:27:32 AM,381.95,0,0.0,29456780.350000016
2025-08-01 09:27:34 AM,381.95,53,20243.35,29477023.700000018
2025-08-01 09:27:43 AM,381.95,1,381.95,29477405.650000017
2025-08-01 09:27:49 AM,381.95,3,1145.85,29478551.50000002
2025-08-01 09:27:52 AM,381.85,0,0.0,29478551.50000002
2025-08-01 09:27:57 AM,381.85,228,87061.8,29565613.30000002
2025-08-01 09:28:03 AM,381.85,55,21001.75,29586615.05000002
2025-08-01 09:28:03 AM,381.65,0,0.0,29586615.05000002
2025-08-01 09:28:04 AM,381.65,89,33966.85,29620581.90000002
2025-08-01 09:28:05 AM,381.65,45,17174.25,29637756.15000002
2025-08-01 09:28:05 AM,381.55,0,0.0,29637756.15000002
2025-08-01 09:28:06 AM,381.55,48,18314.4,29656070.55000002
2025-08-01 09:28:06 AM,381.5,0,0.0,29656070.55000002
2025-08-01 09:28:07 AM,381.5,5041,1923141.5,31579212.05000002
2025-08-01 09:28:12 AM,381.5,3,1144.5,31580356.55000002
2025-08-01 09:28:14 AM,381.4,0,0.0,31580356.55000002
2025-08-01 09:28:14 AM,381.4,162,61786.799999999996,31642143.35000002
2025-08-01 09:28:17 AM,381.35,0,0.0,31642143.35000002
2025-08-01 09:28:17 AM,381.35,147,56058.450000000004,31698201.80000002
2025-08-01 09:28:18 AM,381.5,1,381.5,31698583.30000002
2025-08-01 09:28:24 AM,381.2,134,51080.799999999996,31749664.10000002
2025-08-01 09:28:25 AM,381.35,1,381.35,31750045.45000002
2025-08-01 09:28:26 AM,381.3,0,0.0,31750045.45000002
2025-08-01 09:28:27 AM,381.3,5,1906.5,31751951.95000002
2025-08-01 09:28:33 AM,381.05,21,8002.05,31759954.000000022
2025-08-01 09:28:36 AM,381.1,100,38110.0,31798064.000000022
2025-08-01 09:28:37 AM,381.1,1,381.1,31798445.100000024
2025-08-01 09:28:37 AM,381.15,0,0.0,31798445.100000024
2025-08-01 09:28:38 AM,381.15,60,22869.0,31821314.100000024
2025-08-01 09:28:39 AM,381.05,0,0.0,31821314.100000024
2025-08-01 09:28:40 AM,381.05,269,102502.45,31923816.550000023
2025-08-01 09:28:41 AM,381.05,15,5715.75,31929532.300000023
2025-08-01 09:28:42 AM,381.0,1865,710565.0,32640097.300000023
2025-08-01 09:28:43 AM,381.1,50,19055.0,32659152.300000023
2025-08-01 09:28:44 AM,381.1,1,381.1,32659533.400000025
2025-08-01 09:28:45 AM,381.0,1,381.0,32659914.400000025
2025-08-01 09:28:47 AM,381.0,374,142494.0,32802408.400000025
2025-08-01 09:28:49 AM,381.0,105,40005.0,32842413.400000025
2025-08-01 09:28:53 AM,381.0,15,5715.0,32848128.400000025
2025-08-01 09:28:54 AM,381.0,13,4953.0,32853081.400000025
2025-08-01 09:28:55 AM,381.2,0,0.0,32853081.400000025
2025-08-01 09:28:55 AM,381.2,147,56036.4,32909117.800000023
2025-08-01 09:28:56 AM,381.45,1,381.45,32909499.250000022
2025-08-01 09:28:57 AM,381.2,0,0.0,32909499.250000022
2025-08-01 09:28:57 AM,381.2,350,133420.0,33042919.250000022
2025-08-01 09:28:59 AM,381.2,25,9530.0,33052449.250000022
2025-08-01 09:28:59 AM,381.45,4,1525.8,33053975.050000023
2025-08-01 09:29:00 AM,381.4,20,7628.0,33061603.050000023
2025-08-01 09:29:03 AM,381.55,0,0.0,33061603.050000023
2025-08-01 09:29:04 AM,381.55,7,2670.85,33064273.900000025
2025-08-01 09:29:04 AM,381.35,0,0.0,33064273.900000025
2025-08-01 09:29:05 AM,381.35,18,6864.3,33071138.200000025
2025-08-01 09:29:06 AM,381.35,10,3813.5,33074951.700000025
2025-08-01 09:29:06 AM,381.55,0,0.0,33074951.700000025
2025-08-01 09:29:07 AM,381.55,27,10301.85,33085253.550000027
2025-08-01 09:29:09 AM,381.55,9,3433.9500000000003,33088687.500000026
2025-08-01 09:29:18 AM,381.6,0,0.0,33088687.500000026
2025-08-01 09:29:18 AM,381.6,1,381.6,33089069.100000028
2025-08-01 09:29:22 AM,381.45,2,762.9,33089832.000000026
2025-08-01 09:29:24 AM,381.5,100,38150.0,33127982.000000026
2025-08-01 09:29:24 AM,381.25,0,0.0,33127982.000000026
2025-08-01 09:29:25 AM,381.25,15,5718.75,33133700.750000026
2025-08-01 09:29:32 AM,381.3,0,0.0,33133700.750000026
2025-08-01 09:29:32 AM,381.3,1,381.3,33134082.050000027
2025-08-01 09:29:32 AM,381.45,100,38145.0,33172227.050000027
2025-08-01 09:29:32 AM,381.25,0,0.0,33172227.050000027
2025-08-01 09:29:33 AM,381.25,2,762.5,33172989.550000027
2025-08-01 09:29:36 AM,381.15,29,11053.349999999999,33184042.90000003
2025-08-01 09:29:39 AM,381.25,0,0.0,33184042.90000003
2025-08-01 09:29:40 AM,381.25,25,9531.25,33193574.15000003
2025-08-01 09:29:40 AM,381.55,5,1907.75,33195481.90000003
2025-08-01 09:29:43 AM,381.4,25,9535.0,33205016.90000003
2025-08-01 09:29:45 AM,380.85,9000,3427650.0,36632666.90000003
2025-08-01 09:29:47 AM,381.05,0,0.0,36632666.90000003
2025-08-01 09:29:47 AM,381.05,60,22863.0,36655529.90000003
2025-08-01 09:29:50 AM,381.4,0,0.0,36655529.90000003
2025-08-01 09:29:51 AM,381.4,80,30512.0,36686041.90000003
2025-08-01 09:29:51 AM,381.5,150,57225.0,36743266.90000003
2025-08-01 09:29:52 AM,381.5,6,2289.0,36745555.90000003
2025-08-01 09:29:59 AM,381.5,143,54554.5,36800110.40000003
2025-08-01 09:30:00 AM,381.5,3,1144.5,36801254.90000003
2025-08-01 09:30:01 AM,381.45,1,381.45,36801636.35000003
2025-08-01 09:30:02 AM,381.45,10,3814.5,36805450.85000003
2025-08-01 09:30:02 AM,381.45,2,762.9,36806213.75000003
2025-08-01 09:30:05 AM,381.15,0,0.0,36806213.75000003
2025-08-01 09:30:06 AM,381.35,9,3432.15,36809645.90000003
2025-08-01 09:30:08 AM,381.05,513,195478.65,37005124.55000003
2025-08-01 09:30:09 AM,380.85,100,38085.0,37043209.55000003
2025-08-01 09:30:12 AM,381.05,0,0.0,37043209.55000003
2025-08-01 09:30:12 AM,381.05,25,9526.25,37052735.80000003
2025-08-01 09:30:13 AM,381.0,0,0.0,37052735.80000003
2025-08-01 09:30:13 AM,381.0,1,381.0,37053116.80000003
2025-08-01 09:30:17 AM,381.0,2,762.0,37053878.80000003
2025-08-01 09:30:18 AM,381.0,9,3429.0,37057307.80000003
2025-08-01 09:30:19 AM,380.6,174,66224.40000000001,37123532.200000025
2025-08-01 09:30:20 AM,380.7,3,1142.1,37124674.30000003
2025-08-01 09:30:23 AM,380.7,2,761.4,37125435.700000025
2025-08-01 09:30:24 AM,380.7,1,380.7,37125816.40000003
2025-08-01 09:30:26 AM,380.55,0,0.0,37125816.40000003
2025-08-01 09:30:27 AM,380.65,0,0.0,37125816.40000003
2025-08-01 09:30:27 AM,380.65,31,11800.15,37137616.55000003
2025-08-01 09:30:27 AM,380.7,0,0.0,37137616.55000003
2025-08-01 09:30:28 AM,380.7,2,761.4,37138377.950000025
2025-08-01 09:30:29 AM,380.7,1301,495290.7,37633668.65000003
2025-08-01 09:30:30 AM,380.7,40,15228.0,37648896.65000003
2025-08-01 09:30:32 AM,380.5,510,194055.0,37842951.65000003
2025-08-01 09:30:32 AM,380.65,0,0.0,37842951.65000003
2025-08-01 09:30:33 AM,380.7,47,17892.899999999998,37860844.55000003
2025-08-01 09:30:34 AM,380.5,0,0.0,37860844.55000003
2025-08-01 09:30:34 AM,380.5,150,57075.0,37917919.55000003
2025-08-01 09:30:35 AM,380.7,0,0.0,37917919.55000003
2025-08-01 09:30:36 AM,380.7,13,4949.099999999999,37922868.65000003
2025-08-01 09:30:36 AM,380.7,10,3807.0,37926675.65000003
2025-08-01 09:30:38 AM,380.7,2,761.4,37927437.05000003
2025-08-01 09:30:39 AM,380.7,1,380.7,37927817.75000003
2025-08-01 09:30:39 AM,380.7,1,380.7,37928198.45000003
2025-08-01 09:30:42 AM,380.7,10,3807.0,37932005.45000003
2025-08-01 09:30:44 AM,380.55,0,0.0,37932005.45000003
2025-08-01 09:30:44 AM,380.55,2,761.1,37932766.550000034
2025-08-01 09:30:44 AM,380.7,1,380.7,37933147.25000004
2025-08-01 09:30:45 AM,380.7,50,19035.0,37952182.25000004
2025-08-01 09:30:46 AM,380.7,5,1903.5,37954085.75000004
2025-08-01 09:30:49 AM,380.55,100,38055.0,37992140.75000004
2025-08-01 09:30:50 AM,380.7,0,0.0,37992140.75000004
2025-08-01 09:30:51 AM,380.7,2,761.4,37992902.150000036
2025-08-01 09:30:55 AM,380.7,25,9517.5,38002419.650000036
2025-08-01 09:30:57 AM,380.7,1,380.7,38002800.35000004
2025-08-01 09:31:00 AM,380.4,0,0.0,38002800.35000004
2025-08-01 09:31:04 AM,380.3,0,0.0,38002800.35000004
2025-08-01 09:31:05 AM,380.3,4602,1750140.6,39752940.95000004
2025-08-01 09:31:08 AM,380.35,0,0.0,39752940.95000004
2025-08-01 09:31:10 AM,380.25,0,0.0,39752940.95000004
2025-08-01 09:31:13 AM,380.3,1825,694047.5,40446988.45000004
2025-08-01 09:31:16 AM,380.4,0,0.0,40446988.45000004
2025-08-01 09:31:20 AM,380.65,0,0.0,40446988.45000004
2025-08-01 09:31:20 AM,380.65,506,192608.9,40639597.35000004
2025-08-01 09:31:22 AM,380.7,0,0.0,40639597.35000004
2025-08-01 09:31:28 AM,380.9,3508,1336197.2,41975794.55000004
2025-08-01 09:31:32 AM,380.65,0,0.0,41975794.55000004
2025-08-01 09:31:34 AM,381.05,0,0.0,41975794.55000004
2025-08-01 09:31:35 AM,380.8,824,313779.2,42289573.750000045
2025-08-01 09:31:40 AM,380.95,0,0.0,42289573.750000045
2025-08-01 09:31:42 AM,380.9,1056,402230.39999999997,42691804.15000004
2025-08-01 09:31:49 AM,380.9,5,1904.5,42693708.65000004
2025-08-01 09:31:51 AM,381.15,0,0.0,42693708.65000004
2025-08-01 09:31:55 AM,380.9,0,0.0,42693708.65000004
2025-08-01 09:31:56 AM,380.9,147,55992.299999999996,42749700.95000004
2025-08-01 09:32:00 AM,381.15,0,0.0,42749700.95000004
2025-08-01 09:32:02 AM,381.15,1505,573630.75,43323331.70000004
2025-08-01 09:32:05 AM,381.35,0,0.0,43323331.70000004
2025-08-01 09:32:10 AM,381.15,144,54885.6,43378217.30000004
2025-08-01 09:32:11 AM,381.35,0,0.0,43378217.30000004
2025-08-01 09:32:11 AM,381.15,0,0.0,43378217.30000004
2025-08-01 09:32:17 AM,381.35,5,1906.75,43380124.05000004
2025-08-01 09:32:23 AM,381.55,0,0.0,43380124.05000004
2025-08-01 09:32:24 AM,381.55,34,12972.7,43393096.750000045
2025-08-01 09:32:31 AM,381.55,272,103781.6,43496878.350000046
2025-08-01 09:32:36 AM,381.7,0,0.0,43496878.350000046
2025-08-01 09:32:37 AM,381.7,13,4962.099999999999,43501840.45000005
2025-08-01 09:32:42 AM,381.35,0,0.0,43501840.45000005
2025-08-01 09:32:45 AM,381.35,921,351223.35000000003,43853063.80000005
2025-08-01 09:32:48 AM,381.5,0,0.0,43853063.80000005
2025-08-01 09:32:52 AM,381.6,12,4579.200000000001,43857643.00000005
2025-08-01 09:32:52 AM,381.7,50,19085.0,43876728.00000005
2025-08-01 09:32:54 AM,381.6,0,0.0,43876728.00000005
2025-08-01 09:32:58 AM,382.1,1079,412285.9,44289013.90000005
2025-08-01 09:33:05 AM,381.7,188,71759.59999999999,44360773.50000005
2025-08-01 09:33:12 AM,381.7,53,20230.1,44381003.60000005
2025-08-01 09:33:19 AM,381.7,101,38551.7,44419555.30000006
2025-08-01 09:33:21 AM,381.9,0,0.0,44419555.30000006
2025-08-01 09:33:26 AM,381.85,0,0.0,44419555.30000006
2025-08-01 09:33:26 AM,381.85,130,49640.5,44469195.80000006
2025-08-01 09:33:31 AM,382.1,0,0.0,44469195.80000006
2025-08-01 09:33:33 AM,382.1,27,10316.7,44479512.50000006
2025-08-01 09:33:36 AM,381.9,0,0.0,44479512.50000006
2025-08-01 09:33:40 AM,382.1,259,98963.90000000001,44578476.40000006
2025-08-01 09:33:44 AM,382.15,0,0.0,44578476.40000006
2025-08-01 09:33:47 AM,382.15,22,8407.3,44586883.700000055
2025-08-01 09:33:50 AM,382.4,0,0.0,44586883.700000055
2025-08-01 09:33:54 AM,382.4,73,27915.199999999997,44614798.90000006
2025-08-01 09:33:56 AM,382.35,0,0.0,44614798.90000006
2025-08-01 09:33:56 AM,382.5,0,0.0,44614798.90000006
2025-08-01 09:34:01 AM,382.5,706,270045.0,44884843.90000006
2025-08-01 09:34:06 AM,382.35,0,0.0,44884843.90000006
2025-08-01 09:34:08 AM,382.35,392,149881.2,45034725.10000006
2025-08-01 09:34:14 AM,382.4,0,0.0,45034725.10000006
2025-08-01 09:34:15 AM,382.35,121,46264.350000000006,45080989.45000006
2025-08-01 09:34:22 AM,382.35,5,1911.75,45082901.20000006
2025-08-01 09:34:29 AM,382.1,0,0.0,45082901.20000006
2025-08-01 09:34:29 AM,382.1,206,78712.6,45161613.800000064
2025-08-01 09:34:31 AM,382.4,0,0.0,45161613.800000064
2025-08-01 09:34:34 AM,382.1,0,0.0,45161613.800000064
2025-08-01 09:34:36 AM,382.1,980,374458.0,45536071.800000064
2025-08-01 09:34:36 AM,382.0,3045,1163190.0,46699261.800000064
2025-08-01 09:34:41 AM,381.75,0,0.0,46699261.800000064
2025-08-01 09:34:43 AM,381.85,193,73697.05,46772958.85000006
2025-08-01 09:34:49 AM,381.8,0,0.0,46772958.85000006
2025-08-01 09:34:50 AM,381.6,249,95018.40000000001,46867977.25000006
2025-08-01 09:34:54 AM,381.7,0,0.0,46867977.25000006
2025-08-01 09:34:56 AM,381.5,0,0.0,46867977.25000006
2025-08-01 09:34:57 AM,381.5,104,39676.0,46907653.25000006
2025-08-01 09:35:01 AM,381.6,0,0.0,46907653.25000006
2025-08-01 09:35:03 AM,381.6,301,114861.6,47022514.85000006
2025-08-01 09:35:06 AM,381.5,0,0.0,47022514.85000006
2025-08-01 09:35:11 AM,381.35,0,0.0,47022514.85000006
2025-08-01 09:35:11 AM,381.35,235,89617.25,47112132.10000006
2025-08-01 09:35:11 AM,381.1,0,0.0,47112132.10000006
2025-08-01 09:35:16 AM,381.3,0,0.0,47112132.10000006
2025-08-01 09:35:18 AM,381.3,65,24784.5,47136916.60000006
2025-08-01 09:35:21 AM,381.25,0,0.0,47136916.60000006
2025-08-01 09:35:21 AM,381.1,0,0.0,47136916.60000006
2025-08-01 09:35:25 AM,381.15,84,32016.6,47168933.20000006
2025-08-01 09:35:26 AM,381.05,0,0.0,47168933.20000006
2025-08-01 09:35:31 AM,381.1,0,0.0,47168933.20000006
2025-08-01 09:35:32 AM,381.1,5,1905.5,47170838.70000006
2025-08-01 09:35:36 AM,380.85,0,0.0,47170838.70000006
2025-08-01 09:35:36 AM,380.95,0,0.0,47170838.70000006
2025-08-01 09:35:39 AM,380.95,2128,810661.6,47981500.300000064
2025-08-01 09:35:41 AM,381.0,0,0.0,47981500.300000064
2025-08-01 09:35:45 AM,380.85,27,10282.95,47991783.25000007
2025-08-01 09:35:51 AM,380.9,0,0.0,47991783.25000007
2025-08-01 09:35:52 AM,380.9,10019,3816237.0999999996,51808020.35000007
2025-08-01 09:35:56 AM,381.15,0,0.0,51808020.35000007
2025-08-01 09:35:59 AM,381.15,60,22869.0,51830889.35000007
2025-08-01 09:36:01 AM,380.85,0,0.0,51830889.35000007
2025-08-01 09:36:05 AM,380.85,150,57127.5,51888016.85000007
2025-08-01 09:36:09 AM,381.15,0,0.0,51888016.85000007
2025-08-01 09:36:12 AM,381.15,96,36590.399999999994,51924607.25000007
2025-08-01 09:36:13 AM,380.95,0,0.0,51924607.25000007
2025-08-01 09:36:17 AM,381.15,0,0.0,51924607.25000007
2025-08-01 09:36:19 AM,381.05,86,32770.3,51957377.550000064
2025-08-01 09:36:21 AM,381.15,0,0.0,51957377.550000064
2025-08-01 09:36:25 AM,381.15,27,10291.05,51967668.60000006
2025-08-01 09:36:32 AM,381.25,0,0.0,51967668.60000006
2025-08-01 09:36:32 AM,381.25,87,33168.75,52000837.35000006
2025-08-01 09:36:38 AM,381.25,4,1525.0,52002362.35000006
2025-08-01 09:36:41 AM,381.3,0,0.0,52002362.35000006
2025-08-01 09:36:44 AM,381.3,158,60245.4,52062607.75000006
2025-08-01 09:36:45 AM,381.25,0,0.0,52062607.75000006
2025-08-01 09:36:49 AM,381.15,0,0.0,52062607.75000006
2025-08-01 09:36:51 AM,381.15,182,69369.3,52131977.05000006
2025-08-01 09:36:57 AM,381.0,0,0.0,52131977.05000006
2025-08-01 09:36:58 AM,380.95,15190,5786630.5,57918607.55000006
2025-08-01 09:36:58 AM,380.95,10,3809.5,57922417.05000006
2025-08-01 09:37:01 AM,381.0,0,0.0,57922417.05000006
2025-08-01 09:37:05 AM,380.85,0,0.0,57922417.05000006
2025-08-01 09:37:05 AM,380.85,1012,385420.2,58307837.25000006
2025-08-01 09:37:12 AM,380.85,304,115778.40000000001,58423615.65000006
2025-08-01 09:37:15 AM,380.55,0,0.0,58423615.65000006
2025-08-01 09:37:19 AM,380.6,0,0.0,58423615.65000006
2025-08-01 09:37:19 AM,380.6,712,270987.2,58694602.85000006
2025-08-01 09:37:25 AM,380.3,0,0.0,58694602.85000006
2025-08-01 09:37:26 AM,380.3,278,105723.40000000001,58800326.25000006
2025-08-01 09:37:26 AM,380.55,5,1902.75,58802229.00000006
2025-08-01 09:37:33 AM,380.55,50,19027.5,58821256.50000006
2025-08-01 09:37:34 AM,380.45,0,0.0,58821256.50000006
2025-08-01 09:37:35 AM,380.55,0,0.0,58821256.50000006
2025-08-01 09:37:40 AM,380.55,10,3805.5,58825062.00000006
2025-08-01 09:37:40 AM,380.55,50,19027.5,58844089.50000006
2025-08-01 09:37:43 AM,380.75,0,0.0,58844089.50000006
2025-08-01 09:37:46 AM,380.8,2,761.6,58844851.10000006
2025-08-01 09:37:53 AM,380.8,13,4950.400000000001,58849801.50000006
2025-08-01 09:37:59 AM,380.4,1187,451534.8,59301336.30000006
2025-08-01 09:38:01 AM,380.55,0,0.0,59301336.30000006
2025-08-01 09:38:04 AM,380.4,0,0.0,59301336.30000006
2025-08-01 09:38:06 AM,380.1,9747,3704834.7,63006171.00000006
2025-08-01 09:38:07 AM,380.05,0,0.0,63006171.00000006
2025-08-01 09:38:11 AM,380.25,0,0.0,63006171.00000006
2025-08-01 09:38:13 AM,380.4,354,134661.6,63140832.60000006
2025-08-01 09:38:20 AM,380.4,4,1521.6,63142354.20000006
2025-08-01 09:38:21 AM,380.35,0,0.0,63142354.20000006
2025-08-01 09:38:22 AM,380.2,0,0.0,63142354.20000006
2025-08-01 09:38:26 AM,380.35,0,0.0,63142354.20000006
2025-08-01 09:38:27 AM,380.35,61,23201.350000000002,63165555.550000064
2025-08-01 09:38:33 AM,380.3,413,157063.9,63322619.45000006
2025-08-01 09:38:40 AM,380.3,53,20155.9,63342775.35000006
2025-08-01 09:38:44 AM,380.35,0,0.0,63342775.35000006
2025-08-01 09:38:47 AM,380.35,683,259779.05000000002,63602554.40000006
2025-08-01 09:38:53 AM,380.35,172,65420.200000000004,63667974.60000006
2025-08-01 09:39:00 AM,380.45,5,1902.25,63669876.85000006
2025-08-01 09:39:01 AM,380.3,0,0.0,63669876.85000006
2025-08-01 09:39:06 AM,380.2,0,0.0,63669876.85000006
2025-08-01 09:39:07 AM,380.2,1071,407194.2,64077071.050000064
2025-08-01 09:39:07 AM,380.25,1,380.25,64077451.300000064
2025-08-01 09:39:11 AM,380.2,0,0.0,64077451.300000064
2025-08-01 09:39:14 AM,380.25,671,255147.75,64332599.050000064
2025-08-01 09:39:20 AM,380.1,178,67657.8,64400256.85000006
2025-08-01 09:39:21 AM,380.3,0,0.0,64400256.85000006
2025-08-01 09:39:22 AM,380.1,0,0.0,64400256.85000006
2025-08-01 09:39:26 AM,380.05,0,0.0,64400256.85000006
2025-08-01 09:39:27 AM,380.05,265,100713.25,64500970.10000006
2025-08-01 09:39:29 AM,380.2,0,0.0,64500970.10000006
2025-08-01 09:39:34 AM,380.2,66,25093.2,64526063.300000064
2025-08-01 09:39:37 AM,380.05,0,0.0,64526063.300000064
2025-08-01 09:39:40 AM,380.05,1110,421855.5,64947918.800000064
2025-08-01 09:39:42 AM,380.2,0,0.0,64947918.800000064
2025-08-01 09:39:47 AM,380.2,503,191240.6,65139159.400000066
2025-08-01 09:39:50 AM,380.25,0,0.0,65139159.400000066
2025-08-01 09:39:53 AM,380.25,10,3802.5,65142961.900000066
2025-08-01 09:39:54 AM,380.2,1,380.2,65143342.10000007
2025-08-01 09:39:58 AM,380.25,0,0.0,65143342.10000007
2025-08-01 09:39:58 AM,380.2,0,0.0,65143342.10000007
2025-08-01 09:40:00 AM,380.2,403,153220.6,65296562.70000007
2025-08-01 09:40:00 AM,380.25,5,1901.25,65298463.95000007
2025-08-01 09:40:06 AM,380.25,2,760.5,65299224.45000007
2025-08-01 09:40:10 AM,380.35,0,0.0,65299224.45000007
2025-08-01 09:40:13 AM,380.35,1613,613504.55,65912729.00000007
2025-08-01 09:40:18 AM,380.5,0,0.0,65912729.00000007
2025-08-01 09:40:19 AM,380.5,73,27776.5,65940505.50000007
2025-08-01 09:40:20 AM,380.4,0,0.0,65940505.50000007
2025-08-01 09:40:20 AM,380.4,1,380.4,65940885.900000066
2025-08-01 09:40:23 AM,380.5,0,0.0,65940885.900000066
2025-08-01 09:40:25 AM,380.35,0,0.0,65940885.900000066
2025-08-01 09:40:26 AM,380.35,654,248748.90000000002,66189634.800000064
2025-08-01 09:40:33 AM,380.5,86,32723.0,66222357.800000064
2025-08-01 09:40:36 AM,380.7,0,0.0,66222357.800000064
2025-08-01 09:40:39 AM,380.85,158,60174.3,66282532.10000006
2025-08-01 09:40:41 AM,380.6,0,0.0,66282532.10000006
2025-08-01 09:40:46 AM,380.6,253,96291.8,66378823.90000006
2025-08-01 09:40:49 AM,380.7,0,0.0,66378823.90000006
2025-08-01 09:40:52 AM,380.7,169,64338.299999999996,66443162.200000055
2025-08-01 09:40:54 AM,380.95,0,0.0,66443162.200000055
2025-08-01 09:40:59 AM,380.95,1020,388569.0,66831731.200000055
2025-08-01 09:41:01 AM,380.95,12,4571.4,66836302.60000005
2025-08-01 09:41:01 AM,380.7,100,38070.0,66874372.60000005
2025-08-01 09:41:06 AM,380.75,0,0.0,66874372.60000005
2025-08-01 09:41:07 AM,380.75,130,49497.5,66923870.10000005
2025-08-01 09:41:10 AM,380.7,50,19035.0,66942905.10000005
2025-08-01 09:41:12 AM,380.7,60,22842.0,66965747.10000005
2025-08-01 09:41:12 AM,380.9,2,761.8,66966508.90000005
2025-08-01 09:41:14 AM,380.6,170,64702.00000000001,67031210.90000005
2025-08-01 09:41:15 AM,380.6,5,1903.0,67033113.90000005
2025-08-01 09:41:15 AM,380.65,2,761.3,67033875.20000005
2025-08-01 09:41:23 AM,380.65,1,380.65,67034255.850000046
2025-08-01 09:41:24 AM,380.5,0,0.0,67034255.850000046
2025-08-01 09:41:25 AM,380.5,1,380.5,67034636.350000046
2025-08-01 09:41:27 AM,380.5,76,28918.0,67063554.350000046
2025-08-01 09:41:27 AM,380.55,1,380.55,67063934.90000004
2025-08-01 09:41:28 AM,380.5,76,28918.0,67092852.90000004
2025-08-01 09:41:29 AM,380.8,150,57120.0,67149972.90000004
2025-08-01 09:41:32 AM,380.85,2,761.7,67150734.60000004
2025-08-01 09:41:32 AM,380.85,1,380.85,67151115.45000003
2025-08-01 09:41:38 AM,380.8,5,1904.0,67153019.45000003
2025-08-01 09:41:39 AM,380.8,1,380.8,67153400.25000003
2025-08-01 09:41:44 AM,380.85,0,0.0,67153400.25000003
2025-08-01 09:41:44 AM,380.85,10,3808.5,67157208.75000003
2025-08-01 09:41:50 AM,380.75,0,0.0,67157208.75000003
2025-08-01 09:41:50 AM,380.75,200,76150.0,67233358.75000003
2025-08-01 09:41:51 AM,380.75,2,761.5,67234120.25000003
2025-08-01 09:41:55 AM,380.75,12,4569.0,67238689.25000003
2025-08-01 09:41:56 AM,380.85,0,0.0,67238689.25000003
2025-08-01 09:41:57 AM,380.85,13,4951.05,67243640.30000003
2025-08-01 09:41:59 AM,380.85,1,380.85,67244021.15000002
2025-08-01 09:42:03 AM,380.75,120,45690.0,67289711.15000002
2025-08-01 09:42:05 AM,380.7,0,0.0,67289711.15000002
2025-08-01 09:42:06 AM,380.7,100,38070.0,67327781.15000002
2025-08-01 09:42:06 AM,380.75,1,380.75,67328161.90000002
2025-08-01 09:42:08 AM,380.85,2,761.7,67328923.60000002
2025-08-01 09:42:09 AM,380.75,1,380.75,67329304.35000002
2025-08-01 09:42:12 AM,380.75,1,380.75,67329685.10000002
2025-08-01 09:42:13 AM,380.75,17,6472.75,67336157.85000002
2025-08-01 09:42:14 AM,380.75,21,7995.75,67344153.60000002
2025-08-01 09:42:15 AM,380.6,0,0.0,67344153.60000002
2025-08-01 09:42:16 AM,380.75,31,11803.25,67355956.85000002
2025-08-01 09:42:17 AM,380.65,0,0.0,67355956.85000002
2025-08-01 09:42:18 AM,380.65,15,5709.75,67361666.60000002
2025-08-01 09:42:18 AM,380.85,30,11425.5,67373092.10000002
2025-08-01 09:42:19 AM,380.8,0,0.0,67373092.10000002
2025-08-01 09:42:20 AM,380.8,1,380.8,67373472.90000002
2025-08-01 09:42:20 AM,380.8,75,28560.0,67402032.90000002
2025-08-01 09:42:20 AM,380.7,0,0.0,67402032.90000002
2025-08-01 09:42:21 AM,380.7,1,380.7,67402413.60000002
2025-08-01 09:42:25 AM,380.7,3,1142.1,67403555.70000002
2025-08-01 09:42:26 AM,380.5,0,0.0,67403555.70000002
2025-08-01 09:42:27 AM,380.5,350,133175.0,67536730.70000002
2025-08-01 09:42:28 AM,380.7,49,18654.3,67555385.00000001
2025-08-01 09:42:29 AM,380.75,12,4569.0,67559954.00000001
2025-08-01 09:42:30 AM,380.7,0,0.0,67559954.00000001
2025-08-01 09:42:30 AM,380.7,54,20557.8,67580511.80000001
2025-08-01 09:42:33 AM,380.7,1000,380700.0,67961211.80000001
2025-08-01 09:42:36 AM,380.8,15,5712.0,67966923.80000001
2025-08-01 09:42:37 AM,380.6,0,0.0,67966923.80000001
2025-08-01 09:42:37 AM,380.6,7,2664.2000000000003,67969588.00000001
2025-08-01 09:42:38 AM,380.5,776,295268.0,68264856.00000001
2025-08-01 09:42:39 AM,380.8,31,11804.800000000001,68276660.80000001
2025-08-01 09:42:40 AM,380.35,26,9889.1,68286549.9
2025-08-01 09:42:42 AM,380.5,0,0.0,68286549.9
2025-08-01 09:42:42 AM,380.5,2,761.0,68287310.9
2025-08-01 09:42:46 AM,380.7,1,380.7,68287691.60000001
2025-08-01 09:42:55 AM,380.6,1,380.6,68288072.2
2025-08-01 09:42:58 AM,380.75,26,9899.5,68297971.7
2025-08-01 09:43:02 AM,380.75,2,761.5,68298733.2
2025-08-01 09:43:09 AM,380.8,20,7616.0,68306349.2
2025-08-01 09:43:10 AM,380.75,2,761.5,68307110.7
2025-08-01 09:43:13 AM,380.75,1,380.75,68307491.45
2025-08-01 09:43:14 AM,380.75,2,761.5,68308252.95
2025-08-01 09:43:19 AM,380.75,59,22464.25,68330717.2
2025-08-01 09:43:24 AM,380.7,0,0.0,68330717.2
2025-08-01 09:43:25 AM,380.7,2,761.4,68331478.60000001
2025-08-01 09:43:27 AM,380.7,5,1903.5,68333382.10000001
2025-08-01 09:43:30 AM,380.7,8,3045.6,68336427.7
2025-08-01 09:43:30 AM,380.75,0,0.0,68336427.7
2025-08-01 09:43:31 AM,380.75,22,8376.5,68344804.2
2025-08-01 09:43:32 AM,380.7,2,761.4,68345565.60000001
2025-08-01 09:43:37 AM,380.7,10,3807.0,68349372.60000001
2025-08-01 09:43:38 AM,380.7,3,1142.1,68350514.7
2025-08-01 09:43:39 AM,380.75,2,761.5,68351276.2
2025-08-01 09:43:40 AM,380.75,1,380.75,68351656.95
2025-08-01 09:43:43 AM,380.75,6,2284.5,68353941.45
2025-08-01 09:43:45 AM,380.7,0,0.0,68353941.45
2025-08-01 09:43:45 AM,380.7,10,3807.0,68357748.45
2025-08-01 09:43:46 AM,380.75,2,761.5,68358509.95
2025-08-01 09:43:46 AM,380.7,0,0.0,68358509.95
2025-08-01 09:43:47 AM,380.7,105,39973.5,68398483.45
2025-08-01 09:43:49 AM,380.75,5,1903.75,68400387.2
2025-08-01 09:43:50 AM,380.75,5,1903.75,68402290.95
2025-08-01 09:43:50 AM,380.7,0,0.0,68402290.95
2025-08-01 09:43:51 AM,380.7,1,380.7,68402671.65
2025-08-01 09:43:54 AM,380.75,0,0.0,68402671.65
2025-08-01 09:43:55 AM,380.75,1,380.75,68403052.4
2025-08-01 09:43:57 AM,380.75,251,95568.25,68498620.65
2025-08-01 09:44:03 AM,380.7,926,352528.2,68851148.85000001
2025-08-01 09:44:04 AM,380.6,0,0.0,68851148.85000001
2025-08-01 09:44:04 AM,380.6,50,19030.0,68870178.85000001
2025-08-01 09:44:11 AM,380.6,32,12179.2,68882358.05000001
2025-08-01 09:44:16 AM,380.55,0,0.0,68882358.05000001
2025-08-01 09:44:17 AM,380.55,765,291120.75,69173478.80000001
2025-08-01 09:44:18 AM,380.5,0,0.0,69173478.80000001
2025-08-01 09:44:18 AM,380.5,110,41855.0,69215333.80000001
2025-08-01 09:44:22 AM,380.35,0,0.0,69215333.80000001
2025-08-01 09:44:23 AM,380.35,61,23201.350000000002,69238535.15
2025-08-01 09:44:26 AM,380.4,0,0.0,69238535.15
2025-08-01 09:44:29 AM,380.4,4,1521.6,69240056.75
2025-08-01 09:44:36 AM,380.4,268,101947.2,69342003.95
2025-08-01 09:44:40 AM,380.25,0,0.0,69342003.95
2025-08-01 09:44:42 AM,380.25,5116,1945359.0,71287362.95
2025-08-01 09:44:48 AM,380.05,0,0.0,71287362.95
2025-08-01 09:44:49 AM,380.05,140,53207.0,71340569.95
2025-08-01 09:44:55 AM,380.15,2,760.3,71341330.25
2025-08-01 09:44:56 AM,380.25,1779,676464.75,72017795.0
2025-08-01 09:44:58 AM,380.5,0,0.0,72017795.0
2025-08-01 09:45:00 AM,380.3,0,0.0,72017795.0
2025-08-01 09:45:02 AM,380.3,1531,582239.3,72600034.3
2025-08-01 09:45:04 AM,380.0,0,0.0,72600034.3
2025-08-01 09:45:08 AM,380.0,12089,4593820.0,77193854.3
2025-08-01 09:45:10 AM,380.0,50,19000.0,77212854.3
2025-08-01 09:45:12 AM,380.05,0,0.0,77212854.3
2025-08-01 09:45:15 AM,379.8,1322,502095.60000000003,77714949.89999999
2025-08-01 09:45:17 AM,379.8,2,759.6,77715709.49999999
2025-08-01 09:45:22 AM,379.6,134,50866.4,77766575.89999999
2025-08-01 09:45:23 AM,379.5,700,265650.0,78032225.89999999
2025-08-01 09:45:24 AM,379.8,0,0.0,78032225.89999999
2025-08-01 09:45:28 AM,379.8,5,1899.0,78034124.89999999
2025-08-01 09:45:29 AM,379.55,31,11766.050000000001,78045890.94999999
2025-08-01 09:45:32 AM,379.75,0,0.0,78045890.94999999
2025-08-01 09:45:34 AM,379.75,129,48987.75,78094878.69999999
2025-08-01 09:45:36 AM,379.8,10,3798.0,78098676.69999999
2025-08-01 09:45:40 AM,379.9,0,0.0,78098676.69999999
2025-08-01 09:45:41 AM,379.9,546,207425.4,78306102.1
2025-08-01 09:45:47 AM,379.75,2,759.5,78306861.6
2025-08-01 09:45:48 AM,379.9,0,0.0,78306861.6
2025-08-01 09:45:49 AM,379.9,50,18995.0,78325856.6
2025-08-01 09:45:54 AM,379.9,5,1899.5,78327756.1
2025-08-01 09:45:55 AM,379.9,2,759.8,78328515.89999999
2025-08-01 09:46:00 AM,379.9,123,46727.7,78375243.6
2025-08-01 09:46:01 AM,379.75,201,76329.75,78451573.35
2025-08-01 09:46:02 AM,379.7,0,0.0,78451573.35
2025-08-01 09:46:06 AM,379.65,0,0.0,78451573.35
2025-08-01 09:46:07 AM,379.65,1210,459376.5,78910949.85
2025-08-01 09:46:07 AM,379.6,0,0.0,78910949.85
2025-08-01 09:46:08 AM,379.6,2510,952796.0,79863745.85
2025-08-01 09:46:13 AM,379.6,979,371628.4,80235374.25
2025-08-01 09:46:15 AM,379.6,5,1898.0,80237272.25
2025-08-01 09:46:20 AM,379.7,583,221365.1,80458637.35
2025-08-01 09:46:21 AM,379.6,0,0.0,80458637.35
2025-08-01 09:46:21 AM,379.6,2,759.2,80459396.55
2025-08-01 09:46:26 AM,379.6,500,189800.0,80649196.55
2025-08-01 09:46:28 AM,379.65,100,37965.0,80687161.55
2025-08-01 09:46:29 AM,379.5,0,0.0,80687161.55
2025-08-01 09:46:33 AM,379.5,4592,1742664.0,82429825.55
2025-08-01 09:46:34 AM,379.4,37,14037.8,82443863.35
2025-08-01 09:46:37 AM,379.5,0,0.0,82443863.35
2025-08-01 09:46:39 AM,379.5,61,23149.5,82467012.85
2025-08-01 09:46:41 AM,379.4,0,0.0,82467012.85
2025-08-01 09:46:41 AM,379.4,400,151760.0,82618772.85
2025-08-01 09:46:45 AM,379.4,270,102438.0,82721210.85
2025-08-01 09:46:47 AM,379.25,57,21617.25,82742828.1
2025-08-01 09:46:50 AM,379.65,0,0.0,82742828.1
2025-08-01 09:46:51 AM,379.65,3234,1227788.0999999999,83970616.19999999
2025-08-01 09:46:53 AM,379.55,75,28466.25,83999082.44999999
2025-08-01 09:46:57 AM,379.6,0,0.0,83999082.44999999
2025-08-01 09:46:58 AM,379.65,168,63781.2,84062863.64999999
2025-08-01 09:47:01 AM,379.6,1,379.6,84063243.24999999
2025-08-01 09:47:02 AM,379.55,20,7591.0,84070834.24999999
2025-08-01 09:47:03 AM,379.7,3,1139.1,84071973.34999998
2025-08-01 09:47:04 AM,379.55,0,0.0,84071973.34999998
2025-08-01 09:47:04 AM,379.55,20,7591.0,84079564.34999998
2025-08-01 09:47:04 AM,379.65,0,0.0,84079564.34999998
2025-08-01 09:47:05 AM,379.65,6,2277.8999999999996,84081842.24999999
2025-08-01 09:47:06 AM,379.6,0,0.0,84081842.24999999
2025-08-01 09:47:06 AM,379.6,1,379.6,84082221.84999998
2025-08-01 09:47:06 AM,379.65,50,18982.5,84101204.34999998
2025-08-01 09:47:06 AM,379.6,0,0.0,84101204.34999998
2025-08-01 09:47:07 AM,379.6,2,759.2,84101963.54999998
2025-08-01 09:47:07 AM,379.6,250,94900.0,84196863.54999998
2025-08-01 09:47:12 AM,379.6,1,379.6,84197243.14999998
2025-08-01 09:47:14 AM,379.55,0,0.0,84197243.14999998
2025-08-01 09:47:15 AM,379.55,60,22773.0,84220016.14999998
2025-08-01 09:47:15 AM,379.5,35,13282.5,84233298.64999998
2025-08-01 09:47:17 AM,379.5,9,3415.5,84236714.14999998
2025-08-01 09:47:18 AM,379.45,0,0.0,84236714.14999998
2025-08-01 09:47:18 AM,379.35,1810,686623.5,84923337.64999998
2025-08-01 09:47:18 AM,379.6,0,0.0,84923337.64999998
2025-08-01 09:47:19 AM,379.6,10,3796.0,84927133.64999998
2025-08-01 09:47:19 AM,379.45,0,0.0,84927133.64999998
2025-08-01 09:47:20 AM,379.4,202,76638.79999999999,85003772.44999997
2025-08-01 09:47:20 AM,379.45,0,0.0,85003772.44999997
2025-08-01 09:47:21 AM,379.45,10,3794.5,85007566.94999997
2025-08-01 09:47:24 AM,379.05,3600,1364580.0,86372146.94999997
2025-08-01 09:47:24 AM,379.15,0,0.0,86372146.94999997
2025-08-01 09:47:25 AM,379.15,50,18957.5,86391104.44999997
2025-08-01 09:47:25 AM,379.15,1399,530430.85,86921535.29999997
2025-08-01 09:47:26 AM,379.35,1,379.35,86921914.64999996
2025-08-01 09:47:27 AM,379.35,300,113805.0,87035719.64999996
2025-08-01 09:47:30 AM,379.3,0,0.0,87035719.64999996
2025-08-01 09:47:31 AM,379.3,222,84204.6,87119924.24999996
2025-08-01 09:47:31 AM,379.25,2,758.5,87120682.74999996
2025-08-01 09:47:32 AM,379.25,3,1137.75,87121820.49999996
2025-08-01 09:47:33 AM,379.25,101,38304.25,87160124.74999996
2025-08-01 09:47:34 AM,379.05,15,5685.75,87165810.49999996
2025-08-01 09:47:35 AM,379.25,1,379.25,87166189.74999996
2025-08-01 09:47:40 AM,379.15,120,45498.0,87211687.74999996
2025-08-01 09:47:42 AM,379.05,0,0.0,87211687.74999996
2025-08-01 09:47:43 AM,379.05,1,379.05,87212066.79999995
2025-08-01 09:47:46 AM,379.15,0,0.0,87212066.79999995
2025-08-01 09:47:46 AM,379.15,10,3791.5,87215858.29999995
2025-08-01 09:47:47 AM,379.1,1416,536805.6,87752663.89999995
2025-08-01 09:47:51 AM,379.2,2,758.4,87753422.29999995
2025-08-01 09:47:55 AM,379.2,2,758.4,87754180.69999996
2025-08-01 09:47:56 AM,379.2,100,37920.0,87792100.69999996
2025-08-01 09:47:58 AM,379.2,50,18960.0,87811060.69999996
2025-08-01 09:48:00 AM,379.2,2,758.4,87811819.09999996
2025-08-01 09:48:02 AM,379.0,4656,1764624.0,89576443.09999996
2025-08-01 09:48:03 AM,378.8,0,0.0,89576443.09999996
2025-08-01 09:48:03 AM,378.95,0,0.0,89576443.09999996
2025-08-01 09:48:04 AM,378.95,118,44716.1,89621159.19999996
2025-08-01 09:48:08 AM,378.9,0,0.0,89621159.19999996
2025-08-01 09:48:08 AM,378.95,48,18189.6,89639348.79999995
2025-08-01 09:48:11 AM,379.05,0,0.0,89639348.79999995
2025-08-01 09:48:11 AM,379.05,5572,2112066.6,91751415.39999995
2025-08-01 09:48:15 AM,379.45,8,3035.6,91754450.99999994
2025-08-01 09:48:17 AM,379.45,1,379.45,91754830.44999994
2025-08-01 09:48:24 AM,379.6,10,3796.0,91758626.44999994
2025-08-01 09:48:28 AM,379.75,3,1139.25,91759765.69999994
2025-08-01 09:48:30 AM,379.6,5,1898.0,91761663.69999994
2025-08-01 09:48:34 AM,379.6,52,19739.2,91781402.89999995
2025-08-01 09:48:39 AM,379.95,0,0.0,91781402.89999995
2025-08-01 09:48:41 AM,379.95,5,1899.75,91783302.64999995
2025-08-01 09:48:44 AM,379.8,0,0.0,91783302.64999995
2025-08-01 09:48:47 AM,380.0,0,0.0,91783302.64999995
2025-08-01 09:48:47 AM,380.0,537,204060.0,91987362.64999995
2025-08-01 09:48:49 AM,380.0,24,9120.0,91996482.64999995
2025-08-01 09:48:53 AM,379.95,26,9878.699999999999,92006361.34999995
2025-08-01 09:48:55 AM,379.85,0,0.0,92006361.34999995
2025-08-01 09:48:56 AM,379.85,118,44822.3,92051183.64999995
2025-08-01 09:49:02 AM,379.95,0,0.0,92051183.64999995
2025-08-01 09:49:03 AM,379.95,2,759.9,92051943.54999995
2025-08-01 09:49:03 AM,379.85,0,0.0,92051943.54999995
2025-08-01 09:49:04 AM,379.85,100,37985.0,92089928.54999995
2025-08-01 09:49:10 AM,379.85,1,379.85,92090308.39999995
2025-08-01 09:49:11 AM,380.0,51,19380.0,92109688.39999995
2025-08-01 09:49:12 AM,380.0,10,3800.0,92113488.39999995
2025-08-01 09:49:15 AM,380.0,10,3800.0,92117288.39999995
2025-08-01 09:49:18 AM,380.0,30,11400.0,92128688.39999995
2025-08-01 09:49:19 AM,380.0,25,9500.0,92138188.39999995
2025-08-01 09:49:20 AM,380.0,18,6840.0,92145028.39999995
2025-08-01 09:49:21 AM,380.0,20,7600.0,92152628.39999995
2025-08-01 09:49:23 AM,379.85,54,20511.9,92173140.29999995
2025-08-01 09:49:24 AM,380.0,1000,380000.0,92553140.29999995
2025-08-01 09:49:27 AM,380.1,250,95025.0,92648165.29999995
2025-08-01 09:49:31 AM,379.95,55,20897.25,92669062.54999995
2025-08-01 09:49:36 AM,380.2,1,380.2,92669442.74999996
2025-08-01 09:49:39 AM,380.35,0,0.0,92669442.74999996
2025-08-01 09:49:39 AM,380.35,2,760.7,92670203.44999996
2025-08-01 09:49:43 AM,380.25,1,380.25,92670583.69999996
2025-08-01 09:49:44 AM,380.3,0,0.0,92670583.69999996
2025-08-01 09:49:45 AM,380.3,40,15212.0,92685795.69999996
2025-08-01 09:49:45 AM,380.25,10,3802.5,92689598.19999996
2025-08-01 09:49:53 AM,380.0,0,0.0,92689598.19999996
2025-08-01 09:49:54 AM,380.0,64,24320.0,92713918.19999996
2025-08-01 09:49:54 AM,380.0,4,1520.0,92715438.19999996
2025-08-01 09:49:56 AM,380.0,2,760.0,92716198.19999996
2025-08-01 09:49:57 AM,380.0,510,193800.0,92909998.19999996
2025-08-01 09:50:03 AM,379.95,0,0.0,92909998.19999996
2025-08-01 09:50:03 AM,379.95,10,3799.5,92913797.69999996
2025-08-01 09:50:03 AM,379.9,0,0.0,92913797.69999996
2025-08-01 09:50:04 AM,379.9,28,10637.199999999999,92924434.89999996
2025-08-01 09:50:05 AM,379.95,0,0.0,92924434.89999996
2025-08-01 09:50:05 AM,379.95,3,1139.85,92925574.74999996
2025-08-01 09:50:06 AM,380.0,1,380.0,92925954.74999996
2025-08-01 09:50:08 AM,380.0,1,380.0,92926334.74999996
2025-08-01 09:50:14 AM,380.0,27,10260.0,92936594.74999996
2025-08-01 09:50:17 AM,380.0,50,19000.0,92955594.74999996
2025-08-01 09:50:23 AM,380.0,3,1140.0,92956734.74999996
2025-08-01 09:50:26 AM,380.05,5,1900.25,92958634.99999996
2025-08-01 09:50:30 AM,380.0,0,0.0,92958634.99999996
2025-08-01 09:50:30 AM,380.0,25,9500.0,92968134.99999996
2025-08-01 09:50:34 AM,380.0,2,760.0,92968894.99999996
2025-08-01 09:50:36 AM,380.0,3,1140.0,92970034.99999996
2025-08-01 09:50:40 AM,380.0,39,14820.0,92984854.99999996
2025-08-01 09:50:41 AM,380.0,10,3800.0,92988654.99999996
2025-08-01 09:50:42 AM,380.0,200,76000.0,93064654.99999996
2025-08-01 09:50:43 AM,380.2,0,0.0,93064654.99999996
2025-08-01 09:50:43 AM,380.2,5025,1910505.0,94975159.99999996
2025-08-01 09:50:47 AM,379.95,0,0.0,94975159.99999996
2025-08-01 09:50:48 AM,379.95,80,30396.0,95005555.99999996
2025-08-01 09:50:48 AM,380.2,0,0.0,95005555.99999996
2025-08-01 09:50:49 AM,380.2,324,123184.8,95128740.79999995
2025-08-01 09:50:51 AM,380.2,1,380.2,95129120.99999996
2025-08-01 09:50:55 AM,380.15,30,11404.5,95140525.49999996
2025-08-01 09:50:55 AM,380.15,1,380.15,95140905.64999996
2025-08-01 09:50:58 AM,380.15,25,9503.75,95150409.39999996
2025-08-01 09:50:59 AM,380.15,41,15586.15,95165995.54999997
2025-08-01 09:51:05 AM,380.3,10,3803.0,95169798.54999997
2025-08-01 09:51:07 AM,380.3,490,186347.0,95356145.54999997
2025-08-01 09:51:12 AM,380.6,131,49858.600000000006,95406004.14999996
2025-08-01 09:51:15 AM,380.25,1426,542236.5,95948240.64999996
2025-08-01 09:51:16 AM,380.0,959,364420.0,96312660.64999996
2025-08-01 09:51:17 AM,379.95,0,0.0,96312660.64999996
2025-08-01 09:51:17 AM,379.95,138,52433.1,96365093.74999996
2025-08-01 09:51:18 AM,380.2,0,0.0,96365093.74999996
2025-08-01 09:51:19 AM,380.2,5,1901.0,96366994.74999996
2025-08-01 09:51:27 AM,380.4,50,19020.0,96386014.74999996
2025-08-01 09:51:29 AM,380.4,1,380.4,96386395.14999996
2025-08-01 09:51:29 AM,380.4,99,37659.6,96424054.74999996
2025-08-01 09:51:30 AM,380.4,28,10651.199999999999,96434705.94999996
2025-08-01 09:51:31 AM,380.4,3,1141.1999999999998,96435847.14999996
2025-08-01 09:51:31 AM,380.4,5,1902.0,96437749.14999996
2025-08-01 09:51:31 AM,380.15,0,0.0,96437749.14999996
2025-08-01 09:51:32 AM,380.15,6,2280.8999999999996,96440030.04999997
2025-08-01 09:51:33 AM,380.35,0,0.0,96440030.04999997
2025-08-01 09:51:33 AM,380.35,1,380.35,96440410.39999996
2025-08-01 09:51:37 AM,380.25,0,0.0,96440410.39999996
2025-08-01 09:51:38 AM,380.25,25,9506.25,96449916.64999996
2025-08-01 09:51:40 AM,380.35,0,0.0,96449916.64999996
2025-08-01 09:51:40 AM,380.35,272,103455.20000000001,96553371.84999996
2025-08-01 09:51:42 AM,380.1,0,0.0,96553371.84999996
2025-08-01 09:51:42 AM,380.1,52,19765.2,96573137.04999997
2025-08-01 09:51:44 AM,380.25,50,19012.5,96592149.54999997
2025-08-01 09:51:46 AM,380.0,1,380.0,96592529.54999997
2025-08-01 09:51:47 AM,379.85,70,26589.5,96619119.04999997
2025-08-01 09:51:48 AM,379.85,77,29248.45,96648367.49999997
2025-08-01 09:51:51 AM,379.85,55,20891.75,96669259.24999997
2025-08-01 09:51:54 AM,379.8,2,759.6,96670018.84999996
2025-08-01 09:51:59 AM,379.75,0,0.0,96670018.84999996
2025-08-01 09:51:59 AM,379.75,25,9493.75,96679512.59999996
2025-08-01 09:52:01 AM,379.75,1,379.75,96679892.34999996
2025-08-01 09:52:02 AM,379.8,15,5697.0,96685589.34999996
2025-08-01 09:52:02 AM,379.8,10,3798.0,96689387.34999996
2025-08-01 09:52:03 AM,379.75,1,379.75,96689767.09999996
2025-08-01 09:52:04 AM,379.8,86,32662.8,96722429.89999996
2025-08-01 09:52:07 AM,379.8,3,1139.4,96723569.29999997
2025-08-01 09:52:07 AM,379.85,0,0.0,96723569.29999997
2025-08-01 09:52:08 AM,379.85,20,7597.0,96731166.29999997
2025-08-01 09:52:11 AM,379.85,2,759.7,96731925.99999997
2025-08-01 09:52:12 AM,379.85,24,9116.400000000001,96741042.39999998
2025-08-01 09:52:13 AM,379.85,10,3798.5,96744840.89999998
2025-08-01 09:52:14 AM,379.75,507,192533.25,96937374.14999998
2025-08-01 09:52:14 AM,379.75,10,3797.5,96941171.64999998
2025-08-01 09:52:15 AM,379.75,10,3797.5,96944969.14999998
2025-08-01 09:52:15 AM,379.75,70,26582.5,96971551.64999998
2025-08-01 09:52:16 AM,379.75,1,379.75,96971931.39999998
2025-08-01 09:52:19 AM,379.85,0,0.0,96971931.39999998
2025-08-01 09:52:20 AM,379.85,500,189925.0,97161856.39999998
2025-08-01 09:52:21 AM,379.8,300,113940.0,97275796.39999998
2025-08-01 09:52:22 AM,379.6,0,0.0,97275796.39999998
2025-08-01 09:52:23 AM,379.65,41,15565.65,97291362.04999998
2025-08-01 09:52:24 AM,379.6,0,0.0,97291362.04999998
2025-08-01 09:52:25 AM,379.6,99,37580.4,97328942.44999999
2025-08-01 09:52:29 AM,379.8,1,379.8,97329322.24999999
2025-08-01 09:52:31 AM,379.8,32,12153.6,97341475.84999998
2025-08-01 09:52:35 AM,379.8,50,18990.0,97360465.84999998
2025-08-01 09:52:36 AM,379.8,1,379.8,97360845.64999998
2025-08-01 09:52:38 AM,379.8,3,1139.4,97361985.04999998
2025-08-01 09:52:42 AM,379.6,0,0.0,97361985.04999998
2025-08-01 09:52:42 AM,379.6,7,2657.2000000000003,97364642.24999999
2025-08-01 09:52:43 AM,379.6,119,45172.4,97409814.64999999
2025-08-01 09:52:44 AM,379.65,90,34168.5,97443983.14999999
2025-08-01 09:52:45 AM,379.6,3,1138.8000000000002,97445121.94999999
2025-08-01 09:52:46 AM,379.55,0,0.0,97445121.94999999
2025-08-01 09:52:47 AM,379.55,10,3795.5,97448917.44999999
2025-08-01 09:52:47 AM,379.5,0,0.0,97448917.44999999
2025-08-01 09:52:48 AM,379.5,65,24667.5,97473584.94999999
2025-08-01 09:52:48 AM,379.7,1000,379700.0,97853284.94999999
2025-08-01 09:52:49 AM,379.45,0,0.0,97853284.94999999
2025-08-01 09:52:49 AM,379.45,642,243606.9,98096891.85
2025-08-01 09:52:49 AM,379.2,150,56880.0,98153771.85
2025-08-01 09:52:50 AM,379.5,0,0.0,98153771.85
2025-08-01 09:52:50 AM,379.5,222,84249.0,98238020.85
2025-08-01 09:52:56 AM,379.5,1,379.5,98238400.35
2025-08-01 09:53:05 AM,379.5,2,759.0,98239159.35
2025-08-01 09:53:08 AM,379.65,0,0.0,98239159.35
2025-08-01 09:53:09 AM,379.65,232,88078.79999999999,98327238.14999999
2025-08-01 09:53:11 AM,379.65,5,1898.25,98329136.39999999
2025-08-01 09:53:15 AM,379.65,1,379.65,98329516.05
2025-08-01 09:53:17 AM,379.4,183,69430.2,98398946.25
2025-08-01 09:53:22 AM,379.4,17,6449.799999999999,98405396.05
2025-08-01 09:53:24 AM,379.2,0,0.0,98405396.05
2025-08-01 09:53:24 AM,379.2,30,11376.0,98416772.05
2025-08-01 09:53:28 AM,379.3,1426,540881.8,98957653.85
2025-08-01 09:53:30 AM,379.3,557,211270.1,99168923.94999999
2025-08-01 09:53:35 AM,379.25,11,4171.75,99173095.69999999
2025-08-01 09:53:39 AM,379.1,0,0.0,99173095.69999999
2025-08-01 09:53:40 AM,379.1,102,38668.200000000004,99211763.89999999
2025-08-01 09:53:42 AM,379.2,0,0.0,99211763.89999999
2025-08-01 09:53:42 AM,379.2,1,379.2,99212143.1
2025-08-01 09:53:44 AM,379.0,0,0.0,99212143.1
2025-08-01 09:53:46 AM,378.85,4100,1553285.0,100765428.1
2025-08-01 09:53:48 AM,378.9,0,0.0,100765428.1
2025-08-01 09:53:48 AM,378.9,50,18945.0,100784373.1
2025-08-01 09:53:53 AM,378.9,1,378.9,100784752.0
2025-08-01 09:53:54 AM,378.6,0,0.0,100784752.0
2025-08-01 09:53:59 AM,378.6,323,122287.8,100907039.8
2025-08-01 09:54:00 AM,378.8,0,0.0,100907039.8
2025-08-01 09:54:00 AM,378.8,3,1136.4,100908176.2
2025-08-01 09:54:01 AM,378.7,7,2650.9,100910827.10000001
2025-08-01 09:54:03 AM,378.7,39,14769.3,100925596.4
2025-08-01 09:54:03 AM,378.8,25,9470.0,100935066.4
2025-08-01 09:54:05 AM,378.8,1,378.8,100935445.2
2025-08-01 09:54:07 AM,378.8,1,378.8,100935824.0
2025-08-01 09:54:08 AM,378.8,10,3788.0,100939612.0
2025-08-01 09:54:09 AM,378.8,50,18940.0,100958552.0
2025-08-01 09:54:11 AM,378.8,400,151520.0,101110072.0
2025-08-01 09:54:12 AM,378.8,100,37880.0,101147952.0
2025-08-01 09:54:13 AM,378.75,1,378.75,101148330.75
2025-08-01 09:54:13 AM,378.7,30,11361.0,101159691.75
2025-08-01 09:54:18 AM,378.7,5,1893.5,101161585.25
2025-08-01 09:54:18 AM,378.65,0,0.0,101161585.25
2025-08-01 09:54:19 AM,378.7,101,38248.7,101199833.95
2025-08-01 09:54:20 AM,378.7,57,21585.899999999998,101221419.85000001
2025-08-01 09:54:20 AM,378.7,2443,925164.1,102146583.95
2025-08-01 09:54:22 AM,378.7,1,378.7,102146962.65
2025-08-01 09:54:24 AM,378.7,50,18935.0,102165897.65
2025-08-01 09:54:27 AM,378.65,0,0.0,102165897.65
2025-08-01 09:54:27 AM,378.6,21,7950.6,102173848.25
2025-08-01 09:54:30 AM,378.6,2,757.2,102174605.45
2025-08-01 09:54:30 AM,378.7,1,378.7,102174984.15
2025-08-01 09:54:30 AM,378.55,0,0.0,102174984.15
2025-08-01 09:54:31 AM,378.55,1800,681390.0,102856374.15
2025-08-01 09:54:31 AM,378.65,250,94662.5,102951036.65
2025-08-01 09:54:32 AM,378.6,65,24609.0,102975645.65
2025-08-01 09:54:34 AM,378.65,1847,699366.5499999999,103675012.2
2025-08-01 09:54:38 AM,378.65,265,100342.25,103775354.45
2025-08-01 09:54:40 AM,378.65,30,11359.5,103786713.95
2025-08-01 09:54:45 AM,378.7,100,37870.0,103824583.95
2025-08-01 09:54:52 AM,378.7,10,3787.0,103828370.95
2025-08-01 09:54:53 AM,378.7,8,3029.6,103831400.55
2025-08-01 09:54:53 AM,378.85,0,0.0,103831400.55
2025-08-01 09:54:54 AM,378.85,8,3030.8,103834431.35
2025-08-01 09:54:54 AM,378.7,0,0.0,103834431.35
2025-08-01 09:54:55 AM,378.85,19,7198.150000000001,103841629.5
2025-08-01 09:54:57 AM,378.7,1,378.7,103842008.2
2025-08-01 09:54:58 AM,378.7,10,3787.0,103845795.2
2025-08-01 09:54:58 AM,378.7,116,43929.2,103889724.4
2025-08-01 09:54:59 AM,378.85,0,0.0,103889724.4
2025-08-01 09:54:59 AM,378.85,54,20457.9,103910182.30000001
2025-08-01 09:55:02 AM,378.85,65,24625.25,103934807.55000001
2025-08-01 09:55:02 AM,378.85,4,1515.4,103936322.95000002
2025-08-01 09:55:03 AM,378.85,1,378.85,103936701.80000001
2025-08-01 09:55:06 AM,378.85,3,1136.5500000000002,103937838.35000001
2025-08-01 09:55:09 AM,379.0,0,0.0,103937838.35000001
2025-08-01 09:55:09 AM,379.0,100,37900.0,103975738.35000001
2025-08-01 09:55:11 AM,379.05,1767,669781.35,104645519.7
2025-08-01 09:55:13 AM,379.1,0,0.0,104645519.7
2025-08-01 09:55:14 AM,379.1,15,5686.5,104651206.2
2025-08-01 09:55:15 AM,379.1,4,1516.4,104652722.60000001
2025-08-01 09:55:15 AM,379.05,59,22363.95,104675086.55000001
2025-08-01 09:55:15 AM,379.25,0,0.0,104675086.55000001
2025-08-01 09:55:16 AM,379.25,100,37925.0,104713011.55000001
2025-08-01 09:55:17 AM,379.25,1,379.25,104713390.80000001
2025-08-01 09:55:19 AM,379.25,1,379.25,104713770.05000001
2025-08-01 09:55:21 AM,379.25,5,1896.25,104715666.30000001
2025-08-01 09:55:23 AM,379.25,1,379.25,104716045.55000001
2025-08-01 09:55:24 AM,379.25,145,54991.25,104771036.80000001
2025-08-01 09:55:24 AM,379.25,26,9860.5,104780897.30000001
2025-08-01 09:55:30 AM,379.25,50,18962.5,104799859.80000001
2025-08-01 09:55:32 AM,379.3,0,0.0,104799859.80000001
2025-08-01 09:55:32 AM,379.05,16,6064.8,104805924.60000001
2025-08-01 09:55:34 AM,379.05,50,18952.5,104824877.10000001
2025-08-01 09:55:35 AM,379.3,6,2275.8,104827152.9
2025-08-01 09:55:37 AM,379.1,0,0.0,104827152.9
2025-08-01 09:55:37 AM,379.1,20,7582.0,104834734.9
2025-08-01 09:55:46 AM,379.1,77,29190.7,104863925.60000001
2025-08-01 09:55:47 AM,379.3,0,0.0,104863925.60000001
2025-08-01 09:55:47 AM,379.3,75,28447.5,104892373.10000001
2025-08-01 09:55:49 AM,379.3,10,3793.0,104896166.10000001
2025-08-01 09:55:53 AM,379.3,7,2655.1,104898821.2
2025-08-01 09:55:57 AM,379.25,0,0.0,104898821.2
2025-08-01 09:55:57 AM,379.25,5,1896.25,104900717.45
2025-08-01 09:56:01 AM,379.1,100,37910.0,104938627.45
2025-08-01 09:56:05 AM,379.25,25,9481.25,104948108.7
2025-08-01 09:56:09 AM,379.05,0,0.0,104948108.7
2025-08-01 09:56:09 AM,379.05,39,14782.95,104962891.65
2025-08-01 09:56:11 AM,379.2,2000,758400.0,105721291.65
2025-08-01 09:56:15 AM,379.1,0,0.0,105721291.65
2025-08-01 09:56:15 AM,379.1,16,6065.6,105727357.25
2025-08-01 09:56:16 AM,379.05,0,0.0,105727357.25
2025-08-01 09:56:16 AM,379.05,1819,689491.9500000001,106416849.2
2025-08-01 09:56:17 AM,379.05,124,47002.200000000004,106463851.4
2025-08-01 09:56:20 AM,379.05,251,95141.55,106558992.95
2025-08-01 09:56:21 AM,379.2,0,0.0,106558992.95
2025-08-01 09:56:21 AM,379.2,1,379.2,106559372.15
2025-08-01 09:56:22 AM,379.2,3,1137.6,106560509.75
2025-08-01 09:56:24 AM,379.2,1,379.2,106560888.95
2025-08-01 09:56:25 AM,379.2,103,39057.6,106599946.55
2025-08-01 09:56:29 AM,379.05,1,379.05,106600325.6
2025-08-01 09:56:31 AM,379.2,90,34128.0,106634453.6
2025-08-01 09:56:33 AM,379.2,5,1896.0,106636349.6
2025-08-01 09:56:34 AM,379.2,4,1516.8,106637866.39999999
2025-08-01 09:56:37 AM,379.2,91,34507.2,106672373.6
2025-08-01 09:56:37 AM,379.1,11,4170.1,106676543.69999999
2025-08-01 09:56:38 AM,379.1,21,7961.1,106684504.79999998
2025-08-01 09:56:42 AM,379.0,0,0.0,106684504.79999998
2025-08-01 09:56:42 AM,379.0,77,29183.0,106713687.79999998
2025-08-01 09:56:43 AM,378.85,78,29550.300000000003,106743238.09999998
2025-08-01 09:56:44 AM,378.9,0,0.0,106743238.09999998
2025-08-01 09:56:44 AM,378.9,100,37890.0,106781128.09999998
2025-08-01 09:56:45 AM,378.9,102,38647.799999999996,106819775.89999998
2025-08-01 09:56:46 AM,378.9,2,757.8,106820533.69999997
2025-08-01 09:56:50 AM,378.9,2,757.8,106821291.49999997
2025-08-01 09:56:52 AM,378.9,3,1136.6999999999998,106822428.19999997
2025-08-01 09:56:53 AM,378.9,100,37890.0,106860318.19999997
2025-08-01 09:56:55 AM,378.9,17,6441.299999999999,106866759.49999997
2025-08-01 09:56:56 AM,378.8,0,0.0,106866759.49999997
2025-08-01 09:56:56 AM,378.8,2,757.6,106867517.09999996
2025-08-01 09:56:58 AM,378.8,5,1894.0,106869411.09999996
2025-08-01 09:56:59 AM,378.8,205,77654.0,106947065.09999996
2025-08-01 09:56:59 AM,378.8,1,378.8,106947443.89999996
2025-08-01 09:57:05 AM,378.8,5,1894.0,106949337.89999996
2025-08-01 09:57:10 AM,378.6,0,0.0,106949337.89999996
2025-08-01 09:57:11 AM,378.6,5557,2103880.2,109053218.09999996
2025-08-01 09:57:17 AM,379.05,0,0.0,109053218.09999996
2025-08-01 09:57:17 AM,379.05,199,75430.95,109128649.04999997
2025-08-01 09:57:23 AM,378.9,2,757.8,109129406.84999996
2025-08-01 09:57:29 AM,379.0,0,0.0,109129406.84999996
2025-08-01 09:57:31 AM,379.0,1,379.0,109129785.84999996
2025-08-01 09:57:34 AM,378.9,0,0.0,109129785.84999996
2025-08-01 09:57:34 AM,378.9,1,378.9,109130164.74999997
2025-08-01 09:57:37 AM,378.9,106,40163.399999999994,109170328.14999998
2025-08-01 09:57:38 AM,378.95,0,0.0,109170328.14999998
2025-08-01 09:57:40 AM,378.95,511,193643.44999999998,109363971.59999998
2025-08-01 09:57:46 AM,378.8,0,0.0,109363971.59999998
2025-08-01 09:57:46 AM,378.65,564,213558.59999999998,109577530.19999997
2025-08-01 09:57:52 AM,378.55,5,1892.75,109579422.94999997
2025-08-01 09:57:55 AM,378.7,65,24615.5,109604038.44999997
2025-08-01 09:57:57 AM,378.65,0,0.0,109604038.44999997
2025-08-01 09:57:59 AM,378.65,250,94662.5,109698700.94999997
2025-08-01 09:58:00 AM,378.6,350,132510.0,109831210.94999997
2025-08-01 09:58:01 AM,378.6,468,177184.80000000002,110008395.74999997
2025-08-01 09:58:02 AM,378.55,0,0.0,110008395.74999997
2025-08-01 09:58:02 AM,378.55,100,37855.0,110046250.74999997
2025-08-01 09:58:03 AM,378.6,1,378.6,110046629.34999996
2025-08-01 09:58:04 AM,378.6,75,28395.0,110075024.34999996
2025-08-01 09:58:05 AM,378.5,81,30658.5,110105682.84999996
2025-08-01 09:58:05 AM,378.6,10,3786.0,110109468.84999996
2025-08-01 09:58:08 AM,378.45,557,210796.65,110320265.49999997
2025-08-01 09:58:09 AM,378.55,0,0.0,110320265.49999997
2025-08-01 09:58:09 AM,378.55,1241,469780.55,110790046.04999997
2025-08-01 09:58:10 AM,378.4,17,6432.799999999999,110796478.84999996
2025-08-01 09:58:12 AM,378.5,2,757.0,110797235.84999996
2025-08-01 09:58:13 AM,378.6,0,0.0,110797235.84999996
2025-08-01 09:58:13 AM,378.6,847,320674.2,111117910.04999997
2025-08-01 09:58:15 AM,378.55,3,1135.65,111119045.69999997
2025-08-01 09:58:16 AM,378.4,100,37840.0,111156885.69999997
2025-08-01 09:58:17 AM,378.6,0,0.0,111156885.69999997
2025-08-01 09:58:17 AM,378.6,25,9465.0,111166350.69999997
2025-08-01 09:58:20 AM,378.6,2,757.2,111167107.89999998
2025-08-01 09:58:21 AM,378.6,20,7572.0,111174679.89999998
2025-08-01 09:58:22 AM,378.6,1,378.6,111175058.49999997
2025-08-01 09:58:24 AM,378.6,35,13251.0,111188309.49999997
2025-08-01 09:58:27 AM,378.65,1000,378650.0,111566959.49999997
2025-08-01 09:58:29 AM,378.6,0,0.0,111566959.49999997
2025-08-01 09:58:29 AM,378.6,25,9465.0,111576424.49999997
2025-08-01 09:58:30 AM,378.6,3,1135.8000000000002,111577560.29999997
2025-08-01 09:58:31 AM,378.6,51,19308.600000000002,111596868.89999996
2025-08-01 09:58:33 AM,378.65,524,198412.59999999998,111795281.49999996
2025-08-01 09:58:34 AM,378.5,18,6813.0,111802094.49999996
2025-08-01 09:58:38 AM,378.6,1,378.6,111802473.09999995
2025-08-01 09:58:41 AM,378.5,0,0.0,111802473.09999995
2025-08-01 09:58:41 AM,378.5,29,10976.5,111813449.59999995
2025-08-01 09:58:42 AM,378.4,0,0.0,111813449.59999995
2025-08-01 09:58:42 AM,378.4,124,46921.6,111860371.19999994
2025-08-01 09:58:44 AM,378.3,0,0.0,111860371.19999994
2025-08-01 09:58:44 AM,378.3,389,147158.7,112007529.89999995
2025-08-01 09:58:45 AM,378.4,2,756.8,112008286.69999994
2025-08-01 09:58:46 AM,378.4,50,18920.0,112027206.69999994
2025-08-01 09:58:50 AM,378.4,10,3784.0,112030990.69999994
2025-08-01 09:58:52 AM,378.4,14,5297.599999999999,112036288.29999994
2025-08-01 09:58:53 AM,378.4,34,12865.599999999999,112049153.89999993
2025-08-01 09:58:56 AM,378.5,50,18925.0,112068078.89999993
2025-08-01 09:59:00 AM,378.4,6,2270.3999999999996,112070349.29999994
2025-08-01 09:59:02 AM,378.3,0,0.0,112070349.29999994
2025-08-01 09:59:02 AM,378.3,524,198229.2,112268578.49999994
2025-08-01 09:59:03 AM,378.3,50,18915.0,112287493.49999994
2025-08-01 09:59:03 AM,378.3,2,756.6,112288250.09999993
2025-08-01 09:59:06 AM,378.25,0,0.0,112288250.09999993
2025-08-01 09:59:06 AM,378.25,9,3404.25,112291654.34999993
2025-08-01 09:59:07 AM,378.3,0,0.0,112291654.34999993
2025-08-01 09:59:07 AM,378.3,7,2648.1,112294302.44999993
2025-08-01 09:59:08 AM,378.3,25,9457.5,112303759.94999993
2025-08-01 09:59:09 AM,378.3,100,37830.0,112341589.94999993
2025-08-01 09:59:10 AM,378.3,700,264810.0,112606399.94999993
2025-08-01 09:59:12 AM,378.25,40,15130.0,112621529.94999993
2025-08-01 09:59:13 AM,378.3,0,0.0,112621529.94999993
2025-08-01 09:59:13 AM,378.25,0,0.0,112621529.94999993
2025-08-01 09:59:13 AM,378.25,51,19290.75,112640820.69999993
2025-08-01 09:59:16 AM,378.25,20,7565.0,112648385.69999993
2025-08-01 09:59:17 AM,378.3,5,1891.5,112650277.19999993
2025-08-01 09:59:18 AM,378.25,556,210307.0,112860584.19999993
2025-08-01 09:59:19 AM,378.25,35,13238.75,112873822.94999993
2025-08-01 09:59:20 AM,378.25,10,3782.5,112877605.44999993
2025-08-01 09:59:22 AM,378.3,0,0.0,112877605.44999993
2025-08-01 09:59:22 AM,378.3,3122,1181052.6,114058658.04999992
2025-08-01 09:59:23 AM,378.3,51,19293.3,114077951.34999992
2025-08-01 09:59:24 AM,378.3,50,18915.0,114096866.34999992
2025-08-01 09:59:27 AM,378.5,0,0.0,114096866.34999992
2025-08-01 09:59:27 AM,378.5,305,115442.5,114212308.84999992
2025-08-01 09:59:29 AM,378.6,43,16279.800000000001,114228588.64999992
2025-08-01 09:59:32 AM,378.6,25,9465.0,114238053.64999992
2025-08-01 09:59:33 AM,378.6,2,757.2,114238810.84999992
2025-08-01 09:59:35 AM,378.7,0,0.0,114238810.84999992
2025-08-01 09:59:35 AM,378.7,249,94296.3,114333107.14999992
2025-08-01 09:59:36 AM,378.7,164,62106.799999999996,114395213.94999991
2025-08-01 09:59:36 AM,378.7,40,15148.0,114410361.94999991
2025-08-01 09:59:37 AM,379.1,695,263474.5,114673836.44999991
2025-08-01 09:59:40 AM,378.95,200,75790.0,114749626.44999991
2025-08-01 09:59:42 AM,379.1,1,379.1,114750005.54999991
2025-08-01 09:59:43 AM,378.95,0,0.0,114750005.54999991
2025-08-01 09:59:43 AM,378.95,50,18947.5,114768953.04999991
2025-08-01 09:59:44 AM,378.95,131,49642.45,114818595.49999991
2025-08-01 09:59:45 AM,378.9,1,378.9,114818974.39999992
2025-08-01 09:59:49 AM,378.9,1000,378900.0,115197874.39999992
2025-08-01 09:59:51 AM,378.65,8,3029.2,115200903.59999992
2025-08-01 09:59:54 AM,378.65,256,96934.4,115297837.99999993
2025-08-01 09:59:59 AM,378.55,1350,511042.5,115808880.49999993
2025-08-01 10:00:00 AM,379.4,0,0.0,115808880.49999993
2025-08-01 10:00:00 AM,379.55,0,0.0,115808880.49999993
2025-08-01 10:00:00 AM,379.6,7926,3008709.6,118817590.09999992
2025-08-01 10:00:02 AM,379.35,0,0.0,118817590.09999992
2025-08-01 10:00:02 AM,379.35,15,5690.25,118823280.34999992
2025-08-01 10:00:03 AM,379.3,0,0.0,118823280.34999992
2025-08-01 10:00:03 AM,379.55,510,193570.5,119016850.84999992
2025-08-01 10:00:04 AM,379.3,0,0.0,119016850.84999992
2025-08-01 10:00:04 AM,379.3,85,32240.5,119049091.34999992
2025-08-01 10:00:04 AM,379.65,451,171222.15,119220313.49999993
2025-08-01 10:00:05 AM,379.9,0,0.0,119220313.49999993
2025-08-01 10:00:05 AM,379.9,3,1139.6999999999998,119221453.19999993
2025-08-01 10:00:05 AM,379.9,9,3419.1,119224872.29999992
2025-08-01 10:00:06 AM,379.95,0,0.0,119224872.29999992
2025-08-01 10:00:06 AM,380.0,7,2660.0,119227532.29999992
2025-08-01 10:00:07 AM,380.0,15,5700.0,119233232.29999992
2025-08-01 10:00:08 AM,379.8,41,15571.800000000001,119248804.09999992
2025-08-01 10:00:09 AM,380.0,0,0.0,119248804.09999992
2025-08-01 10:00:09 AM,380.0,1,380.0,119249184.09999992
2025-08-01 10:00:09 AM,379.8,0,0.0,119249184.09999992
2025-08-01 10:00:09 AM,379.8,65,24687.0,119273871.09999992
2025-08-01 10:00:12 AM,379.95,0,0.0,119273871.09999992
2025-08-01 10:00:13 AM,380.0,0,0.0,119273871.09999992
2025-08-01 10:00:13 AM,380.0,334,126920.0,119400791.09999992
2025-08-01 10:00:13 AM,379.85,21,7976.85,119408767.94999991
2025-08-01 10:00:16 AM,379.8,0,0.0,119408767.94999991
2025-08-01 10:00:16 AM,379.8,147,55830.6,119464598.54999991
2025-08-01 10:00:17 AM,379.6,0,0.0,119464598.54999991
2025-08-01 10:00:17 AM,379.6,40,15184.0,119479782.54999991
2025-08-01 10:00:17 AM,379.85,1,379.85,119480162.3999999
2025-08-01 10:00:18 AM,379.85,2,759.7,119480922.0999999
2025-08-01 10:00:24 AM,379.75,0,0.0,119480922.0999999
2025-08-01 10:00:24 AM,379.75,11,4177.25,119485099.3499999
2025-08-01 10:00:25 AM,380.0,0,0.0,119485099.3499999
2025-08-01 10:00:25 AM,380.0,2,760.0,119485859.3499999
2025-08-01 10:00:27 AM,379.9,10,3799.0,119489658.3499999
2025-08-01 10:00:29 AM,379.95,2,759.9,119490418.24999991
2025-08-01 10:00:31 AM,379.85,0,0.0,119490418.24999991
2025-08-01 10:00:31 AM,379.8,12,4557.6,119494975.8499999
2025-08-01 10:00:32 AM,379.85,91,34566.35,119529542.1999999
2025-08-01 10:00:32 AM,379.85,200,75970.0,119605512.1999999
2025-08-01 10:00:34 AM,379.85,2,759.7,119606271.8999999
2025-08-01 10:00:34 AM,379.45,2500,948625.0,120554896.8999999
2025-08-01 10:00:35 AM,379.5,1,379.5,120555276.3999999
2025-08-01 10:00:38 AM,379.55,0,0.0,120555276.3999999
2025-08-01 10:00:38 AM,379.55,91,34539.05,120589815.4499999
2025-08-01 10:00:39 AM,379.55,80,30364.0,120620179.4499999
2025-08-01 10:00:41 AM,379.8,2,759.6,120620939.0499999
2025-08-01 10:00:43 AM,379.8,17,6456.6,120627395.64999989
2025-08-01 10:00:46 AM,379.6,0,0.0,120627395.64999989
2025-08-01 10:00:46 AM,379.6,77,29229.2,120656624.84999989
2025-08-01 10:00:51 AM,379.75,2,759.5,120657384.34999989
2025-08-01 10:00:53 AM,379.5,20,7590.0,120664974.34999989
2025-08-01 10:00:54 AM,379.75,0,0.0,120664974.34999989
2025-08-01 10:00:54 AM,379.5,150,56925.0,120721899.34999989
2025-08-01 10:00:56 AM,379.75,13,4936.75,120726836.09999989
2025-08-01 10:00:57 AM,379.75,1,379.75,120727215.84999989
2025-08-01 10:00:58 AM,379.75,10,3797.5,120731013.34999989
2025-08-01 10:00:59 AM,379.75,146,55443.5,120786456.84999989
2025-08-01 10:01:00 AM,379.8,40,15192.0,120801648.84999989
2025-08-01 10:01:02 AM,379.95,10,3799.5,120805448.34999989
2025-08-01 10:01:04 AM,379.95,1,379.95,120805828.2999999
2025-08-01 10:01:05 AM,379.95,5,1899.75,120807728.0499999
2025-08-01 10:01:07 AM,379.95,1,379.95,120808107.9999999
2025-08-01 10:01:08 AM,380.0,0,0.0,120808107.9999999
2025-08-01 10:01:08 AM,380.0,186,70680.0,120878787.9999999
2025-08-01 10:01:12 AM,379.95,16,6079.2,120884867.1999999
2025-08-01 10:01:15 AM,379.9,62,23553.8,120908420.9999999
2025-08-01 10:01:19 AM,380.0,0,0.0,120908420.9999999
2025-08-01 10:01:19 AM,380.1,41,15584.1,120924005.09999989
2025-08-01 10:01:21 AM,380.0,6,2280.0,120926285.09999989
2025-08-01 10:01:22 AM,380.1,20,7602.0,120933887.09999989
2025-08-01 10:01:25 AM,380.0,5,1900.0,120935787.09999989
2025-08-01 10:01:28 AM,380.2,0,0.0,120935787.09999989
2025-08-01 10:01:28 AM,380.1,0,0.0,120935787.09999989
2025-08-01 10:01:28 AM,380.1,262,99586.20000000001,121035373.2999999
2025-08-01 10:01:29 AM,380.1,201,76400.1,121111773.39999989
2025-08-01 10:01:30 AM,380.2,0,0.0,121111773.39999989
2025-08-01 10:01:30 AM,380.2,1,380.2,121112153.59999989
2025-08-01 10:01:32 AM,380.35,496,188653.6,121300807.19999988
2025-08-01 10:01:33 AM,380.2,0,0.0,121300807.19999988
2025-08-01 10:01:33 AM,380.2,500,190100.0,121490907.19999988
2025-08-01 10:01:35 AM,380.1,0,0.0,121490907.19999988
2025-08-01 10:01:35 AM,380.1,630,239463.0,121730370.19999988
2025-08-01 10:01:37 AM,380.15,19,7222.849999999999,121737593.04999988
2025-08-01 10:01:39 AM,380.2,38,14447.6,121752040.64999987
2025-08-01 10:01:44 AM,380.0,10,3800.0,121755840.64999987
2025-08-01 10:01:46 AM,380.15,0,0.0,121755840.64999987
2025-08-01 10:01:46 AM,380.15,100,38015.0,121793855.64999987
2025-08-01 10:01:47 AM,380.2,0,0.0,121793855.64999987
2025-08-01 10:01:47 AM,380.2,4,1520.8,121795376.44999987
2025-08-01 10:01:47 AM,380.25,10,3802.5,121799178.94999987
2025-08-01 10:01:48 AM,380.25,9,3422.25,121802601.19999987
2025-08-01 10:01:50 AM,380.2,0,0.0,121802601.19999987
2025-08-01 10:01:50 AM,380.2,100,38020.0,121840621.19999987
2025-08-01 10:01:52 AM,380.05,5,1900.25,121842521.44999987
2025-08-01 10:01:53 AM,380.05,45,17102.25,121859623.69999987
2025-08-01 10:01:55 AM,380.2,0,0.0,121859623.69999987
2025-08-01 10:01:56 AM,380.4,0,0.0,121859623.69999987
2025-08-01 10:01:56 AM,380.4,8,3043.2,121862666.89999987
2025-08-01 10:02:04 AM,380.2,0,0.0,121862666.89999987
2025-08-01 10:02:04 AM,380.2,33,12546.6,121875213.49999987
2025-08-01 10:02:12 AM,380.35,14,5324.900000000001,121880538.39999987
2025-08-01 10:02:16 AM,380.3,0,0.0,121880538.39999987
2025-08-01 10:02:17 AM,380.3,451,171515.30000000002,122052053.69999987
2025-08-01 10:02:18 AM,380.3,5,1901.5,122053955.19999987
2025-08-01 10:02:23 AM,380.3,161,61228.3,122115183.49999987
2025-08-01 10:02:28 AM,380.4,0,0.0,122115183.49999987
2025-08-01 10:02:29 AM,380.4,302,114880.79999999999,122230064.29999986
2025-08-01 10:02:35 AM,380.4,23,8749.199999999999,122238813.49999987
2025-08-01 10:02:37 AM,380.4,8,3043.2,122241856.69999987
2025-08-01 10:02:42 AM,380.4,103,39181.2,122281037.89999987
2025-08-01 10:02:46 AM,380.25,0,0.0,122281037.89999987
2025-08-01 10:02:48 AM,380.4,99,37659.6,122318697.49999987
2025-08-01 10:02:55 AM,380.35,0,0.0,122318697.49999987
2025-08-01 10:02:55 AM,380.35,98,37274.3,122355971.79999986
2025-08-01 10:02:59 AM,380.25,0,0.0,122355971.79999986
2025-08-01 10:03:01 AM,380.2,35,13307.0,122369278.79999986
2025-08-01 10:03:07 AM,380.35,62,23581.7,122392860.49999987
2025-08-01 10:03:14 AM,380.05,51,19382.55,122412243.04999986
2025-08-01 10:03:15 AM,380.1,0,0.0,122412243.04999986
2025-08-01 10:03:16 AM,380.05,73,27743.65,122439986.69999987
2025-08-01 10:03:20 AM,380.05,500,190025.0,122630011.69999987
2025-08-01 10:03:27 AM,380.4,0,0.0,122630011.69999987
2025-08-01 10:03:27 AM,380.4,421,160148.4,122790160.09999987
2025-08-01 10:03:29 AM,380.4,431,163952.4,122954112.49999988
2025-08-01 10:03:33 AM,380.4,2,760.8,122954873.29999988
2025-08-01 10:03:40 AM,380.4,287,109174.79999999999,123064048.09999987
2025-08-01 10:03:42 AM,380.5,65,24732.5,123088780.59999987
2025-08-01 10:03:46 AM,380.4,0,0.0,123088780.59999987
2025-08-01 10:03:46 AM,380.4,489,186015.59999999998,123274796.19999987
2025-08-01 10:03:48 AM,380.4,198,75319.2,123350115.39999987
2025-08-01 10:03:52 AM,380.4,257,97762.79999999999,123447878.19999987
2025-08-01 10:03:54 AM,380.35,0,0.0,123447878.19999987
2025-08-01 10:03:54 AM,380.35,130,49445.5,123497323.69999987
2025-08-01 10:03:55 AM,380.4,0,0.0,123497323.69999987
2025-08-01 10:03:58 AM,380.4,5,1902.0,123499225.69999987
2025-08-01 10:03:59 AM,380.1,0,0.0,123499225.69999987
2025-08-01 10:04:00 AM,380.1,10,3801.0,123503026.69999987
2025-08-01 10:04:04 AM,380.2,9,3421.7999999999997,123506448.49999987
2025-08-01 10:04:07 AM,380.2,6,2281.2,123508729.69999987
2025-08-01 10:04:13 AM,380.2,3,1140.6,123509870.29999986
2025-08-01 10:04:15 AM,380.15,0,0.0,123509870.29999986
2025-08-01 10:04:17 AM,380.05,78,29643.9,123539514.19999987
2025-08-01 10:04:19 AM,380.2,12,4562.4,123544076.59999987
2025-08-01 10:04:25 AM,380.1,20,7602.0,123551678.59999987
2025-08-01 10:04:27 AM,380.2,0,0.0,123551678.59999987
2025-08-01 10:04:29 AM,380.2,99,37639.799999999996,123589318.39999987
2025-08-01 10:04:30 AM,380.25,0,0.0,123589318.39999987
2025-08-01 10:04:32 AM,380.25,5,1901.25,123591219.64999987
2025-08-01 10:04:36 AM,380.25,98,37264.5,123628484.14999987
2025-08-01 10:04:38 AM,380.3,1,380.3,123628864.44999987
2025-08-01 10:04:44 AM,380.4,1351,513920.39999999997,124142784.84999987
2025-08-01 10:04:48 AM,380.5,50,19025.0,124161809.84999987
2025-08-01 10:04:50 AM,380.5,4,1522.0,124163331.84999987
2025-08-01 10:04:54 AM,380.2,1,380.2,124163712.04999988
2025-08-01 10:04:56 AM,380.45,63,23968.35,124187680.39999987
2025-08-01 10:05:01 AM,380.45,10,3804.5,124191484.89999987
2025-08-01 10:05:03 AM,380.35,0,0.0,124191484.89999987
2025-08-01 10:05:03 AM,380.35,5,1901.75,124193386.64999987
2025-08-01 10:05:07 AM,380.35,8,3042.8,124196429.44999987
2025-08-01 10:05:09 AM,380.35,100,38035.0,124234464.44999987
2025-08-01 10:05:12 AM,380.2,0,0.0,124234464.44999987
2025-08-01 10:05:13 AM,380.2,28,10645.6,124245110.04999986
2025-08-01 10:05:15 AM,380.1,1,380.1,124245490.14999986
2025-08-01 10:05:19 AM,380.0,0,0.0,124245490.14999986
2025-08-01 10:05:19 AM,380.0,1078,409640.0,124655130.14999986
2025-08-01 10:05:21 AM,380.1,50,19005.0,124674135.14999986
2025-08-01 10:05:31 AM,379.65,0,0.0,124674135.14999986
2025-08-01 10:05:31 AM,379.7,1602,608279.4,125282414.54999986
2025-08-01 10:05:37 AM,379.85,0,0.0,125282414.54999986
2025-08-01 10:05:38 AM,379.85,409,155358.65000000002,125437773.19999987
2025-08-01 10:05:43 AM,379.7,0,0.0,125437773.19999987
2025-08-01 10:05:43 AM,379.7,1,379.7,125438152.89999987
2025-08-01 10:05:45 AM,379.75,152,57722.0,125495874.89999987
2025-08-01 10:05:49 AM,379.45,31,11762.949999999999,125507637.84999987
2025-08-01 10:05:55 AM,379.75,0,0.0,125507637.84999987
2025-08-01 10:05:55 AM,379.45,125,47431.25,125555069.09999987
2025-08-01 10:05:58 AM,379.7,0,0.0,125555069.09999987
2025-08-01 10:05:58 AM,379.7,5,1898.5,125556967.59999987
2025-08-01 10:06:00 AM,379.7,50,18985.0,125575952.59999987
2025-08-01 10:06:01 AM,379.45,21,7968.45,125583921.04999988
2025-08-01 10:06:05 AM,379.7,100,37970.0,125621891.04999988
2025-08-01 10:06:06 AM,379.4,66,25040.399999999998,125646931.44999988
2025-08-01 10:06:09 AM,379.45,54,20490.3,125667421.74999988
2025-08-01 10:06:11 AM,379.15,0,0.0,125667421.74999988
2025-08-01 10:06:11 AM,379.15,67,25403.05,125692824.79999988
2025-08-01 10:06:13 AM,379.4,1,379.4,125693204.19999988
2025-08-01 10:06:15 AM,379.25,77,29202.25,125722406.44999988
2025-08-01 10:06:16 AM,379.45,0,0.0,125722406.44999988
2025-08-01 10:06:16 AM,379.45,1,379.45,125722785.89999989
2025-08-01 10:06:16 AM,379.2,45,17064.0,125739849.89999989
2025-08-01 10:06:19 AM,379.45,0,0.0,125739849.89999989
2025-08-01 10:06:19 AM,379.45,1,379.45,125740229.34999989
2025-08-01 10:06:21 AM,379.2,0,0.0,125740229.34999989
2025-08-01 10:06:21 AM,379.2,325,123240.0,125863469.34999989
2025-08-01 10:06:21 AM,379.45,9,3415.0499999999997,125866884.39999989
2025-08-01 10:06:25 AM,379.45,5,1897.25,125868781.64999989
2025-08-01 10:06:30 AM,379.45,30,11383.5,125880165.14999989
2025-08-01 10:06:32 AM,379.25,20,7585.0,125887750.14999989
2025-08-01 10:06:35 AM,379.25,50,18962.5,125906712.64999989
2025-08-01 10:06:38 AM,379.2,5,1896.0,125908608.64999989
2025-08-01 10:06:39 AM,379.45,0,0.0,125908608.64999989
2025-08-01 10:06:39 AM,379.45,212,80443.4,125989052.0499999
2025-08-01 10:06:41 AM,379.2,0,0.0,125989052.0499999
2025-08-01 10:06:41 AM,379.2,76,28819.2,126017871.2499999
2025-08-01 10:06:45 AM,379.2,14,5308.8,126023180.0499999
2025-08-01 10:06:46 AM,379.15,64,24265.6,126047445.64999989
2025-08-01 10:06:47 AM,379.15,20,7583.0,126055028.64999989
2025-08-01 10:06:49 AM,379.4,0,0.0,126055028.64999989
2025-08-01 10:06:50 AM,379.4,6,2276.3999999999996,126057305.0499999
2025-08-01 10:06:51 AM,379.4,50,18970.0,126076275.0499999
2025-08-01 10:06:53 AM,379.25,0,0.0,126076275.0499999
2025-08-01 10:06:53 AM,379.25,16,6068.0,126082343.0499999
2025-08-01 10:06:57 AM,379.4,0,0.0,126082343.0499999
2025-08-01 10:06:57 AM,379.4,1,379.4,126082722.4499999
2025-08-01 10:06:58 AM,379.45,5,1897.25,126084619.6999999
2025-08-01 10:07:02 AM,379.55,0,0.0,126084619.6999999
2025-08-01 10:07:02 AM,379.55,589,223554.95,126308174.6499999
2025-08-01 10:07:07 AM,379.3,0,0.0,126308174.6499999
2025-08-01 10:07:08 AM,379.3,25,9482.5,126317657.1499999
2025-08-01 10:07:10 AM,379.5,251,95254.5,126412911.6499999
2025-08-01 10:07:12 AM,379.4,0,0.0,126412911.6499999
2025-08-01 10:07:14 AM,379.4,62,23522.8,126436434.4499999
2025-08-01 10:07:16 AM,379.25,25,9481.25,126445915.6999999
2025-08-01 10:07:20 AM,379.25,234,88744.5,126534660.1999999
2025-08-01 10:07:22 AM,379.25,28,10619.0,126545279.1999999
2025-08-01 10:07:28 AM,379.45,28,10624.6,126555903.7999999
2025-08-01 10:07:31 AM,379.3,0,0.0,126555903.7999999
2025-08-01 10:07:33 AM,379.25,178,67506.5,126623410.2999999
2025-08-01 10:07:39 AM,379.3,0,0.0,126623410.2999999
2025-08-01 10:07:39 AM,379.3,4,1517.2,126624927.4999999
2025-08-01 10:07:41 AM,379.55,5,1897.75,126626825.2499999
2025-08-01 10:07:44 AM,379.3,0,0.0,126626825.2499999
2025-08-01 10:07:45 AM,379.3,4,1517.2,126628342.4499999
2025-08-01 10:07:47 AM,379.3,77,29206.100000000002,126657548.5499999
2025-08-01 10:07:51 AM,379.2,860,326112.0,126983660.5499999
2025-08-01 10:07:53 AM,379.25,4,1517.0,126985177.5499999
2025-08-01 10:07:57 AM,379.25,33,12515.25,126997692.7999999
2025-08-01 10:08:08 AM,379.2,0,0.0,126997692.7999999
2025-08-01 10:08:09 AM,379.25,0,0.0,126997692.7999999
2025-08-01 10:08:10 AM,379.25,228,86469.0,127084161.7999999
2025-08-01 10:08:16 AM,379.15,78,29573.699999999997,127113735.4999999
2025-08-01 10:08:18 AM,379.15,50,18957.5,127132692.9999999
2025-08-01 10:08:22 AM,379.15,1,379.15,127133072.1499999
2025-08-01 10:08:24 AM,379.2,0,0.0,127133072.1499999
2025-08-01 10:08:24 AM,379.2,32,12134.4,127145206.54999991
2025-08-01 10:08:27 AM,379.45,0,0.0,127145206.54999991
2025-08-01 10:08:28 AM,379.5,501,190129.5,127335336.04999991
2025-08-01 10:08:36 AM,379.65,0,0.0,127335336.04999991
2025-08-01 10:08:36 AM,379.65,1,379.65,127335715.69999991
2025-08-01 10:08:40 AM,379.65,3,1138.9499999999998,127336854.64999992
2025-08-01 10:08:45 AM,379.5,0,0.0,127336854.64999992
2025-08-01 10:08:46 AM,379.5,1100,417450.0,127754304.64999992
2025-08-01 10:08:48 AM,379.5,10,3795.0,127758099.64999992
2025-08-01 10:08:52 AM,379.5,60,22770.0,127780869.64999992
2025-08-01 10:08:57 AM,379.45,0,0.0,127780869.64999992
2025-08-01 10:08:58 AM,379.5,0,0.0,127780869.64999992
2025-08-01 10:08:58 AM,379.5,12,4554.0,127785423.64999992
2025-08-01 10:09:02 AM,379.5,2,759.0,127786182.64999992
2025-08-01 10:09:03 AM,379.5,10,3795.0,127789977.64999992
2025-08-01 10:09:05 AM,379.5,12,4554.0,127794531.64999992
2025-08-01 10:09:07 AM,379.5,149,56545.5,127851077.14999992
2025-08-01 10:09:08 AM,379.55,0,0.0,127851077.14999992
2025-08-01 10:09:08 AM,379.55,25,9488.75,127860565.89999992
2025-08-01 10:09:10 AM,379.4,0,0.0,127860565.89999992
2025-08-01 10:09:10 AM,379.4,10,3794.0,127864359.89999992
2025-08-01 10:09:13 AM,379.5,78,29601.0,127893960.89999992
2025-08-01 10:09:17 AM,379.5,5,1897.5,127895858.39999992
2025-08-01 10:09:21 AM,379.5,15,5692.5,127901550.89999992
2025-08-01 10:09:23 AM,379.5,5,1897.5,127903448.39999992
2025-08-01 10:09:25 AM,379.5,2,759.0,127904207.39999992
2025-08-01 10:09:35 AM,379.5,25,9487.5,127913694.89999992
2025-08-01 10:09:37 AM,379.5,1,379.5,127914074.39999992
2025-08-01 10:09:37 AM,379.5,5,1897.5,127915971.89999992
2025-08-01 10:09:40 AM,379.65,0,0.0,127915971.89999992
2025-08-01 10:09:40 AM,379.65,400,151860.0,128067831.89999992
2025-08-01 10:09:43 AM,379.6,2,759.2,128068591.09999992
2025-08-01 10:09:45 AM,379.5,78,29601.0,128098192.09999992
2025-08-01 10:09:48 AM,379.4,100,37940.0,128136132.09999992
2025-08-01 10:09:56 AM,379.7,0,0.0,128136132.09999992
2025-08-01 10:09:56 AM,379.7,5,1898.5,128138030.59999992
2025-08-01 10:09:57 AM,379.7,204,77458.8,128215489.39999992
2025-08-01 10:09:58 AM,379.7,2074,787497.7999999999,129002987.19999991
2025-08-01 10:10:02 AM,379.7,2722,1033543.4,130036530.59999992
2025-08-01 10:10:03 AM,379.6,0,0.0,130036530.59999992
2025-08-01 10:10:03 AM,379.6,13,4934.8,130041465.39999992
2025-08-01 10:10:04 AM,379.45,1027,389695.14999999997,130431160.54999992
2025-08-01 10:10:06 AM,379.35,0,0.0,130431160.54999992
2025-08-01 10:10:06 AM,379.35,25,9483.75,130440644.29999992
2025-08-01 10:10:12 AM,379.55,35,13284.25,130453928.54999992
2025-08-01 10:10:14 AM,379.4,5,1897.0,130455825.54999992
2025-08-01 10:10:16 AM,379.35,0,0.0,130455825.54999992
2025-08-01 10:10:16 AM,379.35,26,9863.1,130465688.64999992
2025-08-01 10:10:17 AM,379.15,0,0.0,130465688.64999992
2025-08-01 10:10:17 AM,379.15,46,17440.899999999998,130483129.54999992
2025-08-01 10:10:18 AM,379.3,100,37930.0,130521059.54999992
2025-08-01 10:10:20 AM,379.4,1048,397611.19999999995,130918670.74999993
2025-08-01 10:10:44 AM,379.55,10,3795.5,130922466.24999993
2025-08-01 10:10:45 AM,379.5,0,0.0,130922466.24999993
2025-08-01 10:10:45 AM,379.5,3,1138.5,130923604.74999993
2025-08-01 10:10:45 AM,379.4,5,1897.0,130925501.74999993
2025-08-01 10:10:47 AM,379.35,0,0.0,130925501.74999993
2025-08-01 10:10:47 AM,379.35,60,22761.0,130948262.74999993
2025-08-01 10:10:51 AM,379.35,10,3793.5,130952056.24999993
2025-08-01 10:10:51 AM,379.4,262,99402.79999999999,131051459.04999992
2025-08-01 10:10:52 AM,379.6,0,0.0,131051459.04999992
2025-08-01 10:10:52 AM,379.6,1,379.6,131051838.64999992
2025-08-01 10:10:56 AM,379.4,1,379.4,131052218.04999992
2025-08-01 10:11:07 AM,379.4,13,4932.2,131057150.24999993
2025-08-01 10:11:08 AM,379.55,1,379.55,131057529.79999992
2025-08-01 10:11:12 AM,379.9,0,0.0,131057529.79999992
2025-08-01 10:11:13 AM,379.8,205,77859.0,131135388.79999992
2025-08-01 10:11:18 AM,379.7,0,0.0,131135388.79999992
2025-08-01 10:11:19 AM,379.7,78,29616.6,131165005.39999992
2025-08-01 10:11:24 AM,379.9,0,0.0,131165005.39999992
2025-08-01 10:11:25 AM,379.9,5,1899.5,131166904.89999992
2025-08-01 10:11:26 AM,379.9,2,759.8,131167664.69999991
2025-08-01 10:11:32 AM,379.7,60,22782.0,131190446.69999991
2025-08-01 10:11:36 AM,379.9,0,0.0,131190446.69999991
2025-08-01 10:11:36 AM,379.9,11,4178.9,131194625.59999992
2025-08-01 10:11:42 AM,379.8,0,0.0,131194625.59999992
2025-08-01 10:11:42 AM,379.8,46,17470.8,131212096.39999992
2025-08-01 10:11:43 AM,379.75,2,759.5,131212855.89999992
2025-08-01 10:11:45 AM,379.8,0,0.0,131212855.89999992
2025-08-01 10:11:48 AM,379.8,263,99887.40000000001,131312743.29999992
2025-08-01 10:11:51 AM,379.5,0,0.0,131312743.29999992
2025-08-01 10:11:53 AM,379.7,238,90368.59999999999,131403111.89999992
2025-08-01 10:11:55 AM,379.7,10,3797.0,131406908.89999992
2025-08-01 10:12:00 AM,379.7,32,12150.4,131419059.29999992
2025-08-01 10:12:06 AM,379.65,0,0.0,131419059.29999992
2025-08-01 10:12:06 AM,379.65,25,9491.25,131428550.54999992
2025-08-01 10:12:17 AM,379.5,79,29980.5,131458531.04999992
2025-08-01 10:12:21 AM,379.65,0,0.0,131458531.04999992
2025-08-01 10:12:23 AM,379.65,300,113895.0,131572426.04999992
2025-08-01 10:12:29 AM,379.65,1,379.65,131572805.69999993
2025-08-01 10:12:33 AM,379.7,0,0.0,131572805.69999993
2025-08-01 10:12:35 AM,379.7,132,50120.4,131622926.09999993
2025-08-01 10:12:40 AM,379.7,7,2657.9,131625583.99999994
2025-08-01 10:12:46 AM,379.55,35,13284.25,131638868.24999994
2025-08-01 10:12:47 AM,379.5,42,15939.0,131654807.24999994
2025-08-01 10:12:48 AM,379.7,0,0.0,131654807.24999994
2025-08-01 10:12:51 AM,379.75,0,0.0,131654807.24999994
2025-08-01 10:12:52 AM,379.75,181,68734.75,131723541.99999994
2025-08-01 10:12:52 AM,379.55,53,20116.15,131743658.14999995
2025-08-01 10:12:57 AM,379.75,0,0.0,131743658.14999995
2025-08-01 10:12:57 AM,379.45,425,161266.25,131904924.39999995
2025-08-01 10:13:03 AM,379.75,0,0.0,131904924.39999995
2025-08-01 10:13:03 AM,379.75,3,1139.25,131906063.64999995
2025-08-01 10:13:04 AM,379.7,10,3797.0,131909860.64999995
2025-08-01 10:13:09 AM,379.45,0,0.0,131909860.64999995
2025-08-01 10:13:09 AM,379.45,25,9486.25,131919346.89999995
2025-08-01 10:13:10 AM,379.65,203,77068.95,131996415.84999995
2025-08-01 10:13:15 AM,379.5,0,0.0,131996415.84999995
2025-08-01 10:13:15 AM,379.5,21,7969.5,132004385.34999995
2025-08-01 10:13:16 AM,379.45,1,379.45,132004764.79999995
2025-08-01 10:13:18 AM,379.4,0,0.0,132004764.79999995
2025-08-01 10:13:21 AM,379.55,0,0.0,132004764.79999995
2025-08-01 10:13:21 AM,379.55,84,31882.2,132036646.99999996
2025-08-01 10:13:22 AM,379.55,40,15182.0,132051828.99999996
2025-08-01 10:13:27 AM,379.75,0,0.0,132051828.99999996
2025-08-01 10:13:27 AM,379.75,6,2278.5,132054107.49999996
2025-08-01 10:13:28 AM,379.75,6,2278.5,132056385.99999996
2025-08-01 10:13:33 AM,379.6,0,0.0,132056385.99999996
2025-08-01 10:13:33 AM,379.6,6,2277.6000000000004,132058663.59999995
2025-08-01 10:13:45 AM,379.55,0,0.0,132058663.59999995
2025-08-01 10:13:45 AM,379.55,25,9488.75,132068152.34999995
2025-08-01 10:13:48 AM,379.65,0,0.0,132068152.34999995
2025-08-01 10:13:51 AM,379.65,188,71374.2,132139526.54999995
2025-08-01 10:13:54 AM,379.7,0,0.0,132139526.54999995
2025-08-01 10:13:57 AM,379.6,0,0.0,132139526.54999995
2025-08-01 10:13:57 AM,379.6,24,9110.400000000001,132148636.94999996
2025-08-01 10:14:07 AM,379.8,0,0.0,132148636.94999996
2025-08-01 10:14:07 AM,379.8,118,44816.4,132193453.34999996
2025-08-01 10:14:07 AM,379.8,1,379.8,132193833.14999996
2025-08-01 10:14:09 AM,379.85,460,174731.0,132368564.14999996
2025-08-01 10:14:10 AM,379.85,1,379.85,132368943.99999996
2025-08-01 10:14:15 AM,379.7,78,29616.6,132398560.59999995
2025-08-01 10:14:20 AM,379.85,2,759.7,132399320.29999995
2025-08-01 10:14:25 AM,379.85,5,1899.25,132401219.54999995
2025-08-01 10:14:27 AM,379.8,0,0.0,132401219.54999995
2025-08-01 10:14:27 AM,379.8,1,379.8,132401599.34999995
2025-08-01 10:14:28 AM,379.8,1,379.8,132401979.14999995
2025-08-01 10:14:35 AM,379.8,150,56970.0,132458949.14999995
2025-08-01 10:14:38 AM,379.8,10,3798.0,132462747.14999995
2025-08-01 10:14:40 AM,379.7,80,30376.0,132493123.14999995
2025-08-01 10:14:44 AM,379.65,0,0.0,132493123.14999995
2025-08-01 10:14:44 AM,379.7,88,33413.6,132526536.74999994
2025-08-01 10:14:47 AM,379.7,10,3797.0,132530333.74999994
2025-08-01 10:14:48 AM,379.7,18,6834.599999999999,132537168.34999993
2025-08-01 10:14:52 AM,379.8,3,1139.4,132538307.74999994
2025-08-01 10:14:53 AM,379.8,65,24687.0,132562994.74999994
2025-08-01 10:14:57 AM,379.65,0,0.0,132562994.74999994
2025-08-01 10:14:57 AM,379.65,50,18982.5,132581977.24999994
2025-08-01 10:15:00 AM,379.8,0,0.0,132581977.24999994
2025-08-01 10:15:00 AM,379.8,50,18990.0,132600967.24999994
2025-08-01 10:15:06 AM,379.8,50,18990.0,132619957.24999994
2025-08-01 10:15:17 AM,379.7,0,0.0,132619957.24999994
2025-08-01 10:15:18 AM,379.7,147,55815.9,132675773.14999995
2025-08-01 10:15:18 AM,379.7,50,18985.0,132694758.14999995
2025-08-01 10:15:20 AM,379.5,0,0.0,132694758.14999995
2025-08-01 10:15:24 AM,379.5,277,105121.5,132799879.64999995
2025-08-01 10:15:24 AM,379.5,59,22390.5,132822270.14999995
2025-08-01 10:15:30 AM,379.7,0,0.0,132822270.14999995
2025-08-01 10:15:30 AM,379.7,100,37970.0,132860240.14999995
2025-08-01 10:15:36 AM,379.7,1,379.7,132860619.84999995
2025-08-01 10:15:39 AM,379.75,0,0.0,132860619.84999995
2025-08-01 10:15:42 AM,379.75,53,20126.75,132880746.59999995
2025-08-01 10:15:42 AM,379.7,10,3797.0,132884543.59999995
2025-08-01 10:15:48 AM,379.7,81,30755.7,132915299.29999995
2025-08-01 10:15:50 AM,379.55,0,0.0,132915299.29999995
2025-08-01 10:15:53 AM,379.7,0,0.0,132915299.29999995
2025-08-01 10:15:54 AM,379.7,751,285154.7,133200453.99999996
2025-08-01 10:16:00 AM,379.7,1,379.7,133200833.69999996
2025-08-01 10:16:09 AM,379.65,0,0.0,133200833.69999996
2025-08-01 10:16:11 AM,379.65,285,108200.25,133309033.94999996
2025-08-01 10:16:17 AM,379.4,0,0.0,133309033.94999996
2025-08-01 10:16:17 AM,379.4,79,29972.6,133339006.54999995
2025-08-01 10:16:20 AM,379.6,0,0.0,133339006.54999995
2025-08-01 10:16:21 AM,379.65,0,0.0,133339006.54999995
2025-08-01 10:16:23 AM,379.65,111,42141.149999999994,133381147.69999996
2025-08-01 10:16:29 AM,379.65,9,3416.85,133384564.54999995
2025-08-01 10:16:33 AM,379.6,0,0.0,133384564.54999995
2025-08-01 10:16:35 AM,379.6,6,2277.6000000000004,133386842.14999995
2025-08-01 10:16:41 AM,379.65,100,37965.0,133424807.14999995
2025-08-01 10:16:44 AM,379.6,0,0.0,133424807.14999995
2025-08-01 10:16:45 AM,379.65,0,0.0,133424807.14999995
2025-08-01 10:16:46 AM,379.65,442,167805.3,133592612.44999994
2025-08-01 10:16:52 AM,379.55,128,48582.4,133641194.84999995
2025-08-01 10:16:54 AM,379.65,0,0.0,133641194.84999995
2025-08-01 10:16:56 AM,379.7,0,0.0,133641194.84999995
2025-08-01 10:16:57 AM,379.7,8,3037.6,133644232.44999994
2025-08-01 10:17:03 AM,379.7,12,4556.4,133648788.84999995
2025-08-01 10:17:06 AM,379.65,0,0.0,133648788.84999995
2025-08-01 10:17:08 AM,379.65,141,53530.649999999994,133702319.49999996
2025-08-01 10:17:11 AM,379.5,0,0.0,133702319.49999996
2025-08-01 10:17:14 AM,379.35,0,0.0,133702319.49999996
2025-08-01 10:17:14 AM,379.35,1520,576612.0,134278931.49999994
2025-08-01 10:17:15 AM,379.45,0,0.0,134278931.49999994
2025-08-01 10:17:17 AM,379.25,0,0.0,134278931.49999994
2025-08-01 10:17:20 AM,379.25,145,54991.25,134333922.74999994
2025-08-01 10:17:21 AM,379.35,0,0.0,134333922.74999994
2025-08-01 10:17:26 AM,379.35,9,3414.15,134337336.89999995
2025-08-01 10:17:31 AM,379.35,34,12897.900000000001,134350234.79999995
2025-08-01 10:17:35 AM,379.45,0,0.0,134350234.79999995
2025-08-01 10:17:37 AM,379.45,151,57296.95,134407531.74999994
2025-08-01 10:17:41 AM,379.55,0,0.0,134407531.74999994
2025-08-01 10:17:43 AM,379.55,121,45925.55,134453457.29999995
2025-08-01 10:17:44 AM,379.45,0,0.0,134453457.29999995
2025-08-01 10:17:47 AM,379.55,0,0.0,134453457.29999995
2025-08-01 10:17:49 AM,379.55,128,48582.4,134502039.69999996
2025-08-01 10:17:51 AM,379.35,0,0.0,134502039.69999996
