date,price,qty,trnvr,cum_trnvr
2025-08-01 09:15:05 AM,202.79,13139,2664457.81,2664457.81
2025-08-01 09:15:07 AM,202.68,3442,697624.56,3362082.37
2025-08-01 09:15:17 AM,202.71,5029,1019428.5900000001,4381510.96
2025-08-01 09:15:19 AM,202.49,159,32195.91,4413706.87
2025-08-01 09:15:22 AM,202.84,0,0.0,4413706.87
2025-08-01 09:15:24 AM,202.79,0,0.0,4413706.87
2025-08-01 09:15:26 AM,202.79,2149,435795.70999999996,4849502.58
2025-08-01 09:15:28 AM,202.85,10,2028.5,4851531.08
2025-08-01 09:15:34 AM,202.72,0,0.0,4851531.08
2025-08-01 09:15:35 AM,202.69,6272,1271271.68,6122802.76
2025-08-01 09:15:38 AM,202.7,0,0.0,6122802.76
2025-08-01 09:15:42 AM,202.61,0,0.0,6122802.76
2025-08-01 09:15:43 AM,202.61,394,79828.34000000001,6202631.1
2025-08-01 09:15:45 AM,202.6,565,114469.0,6317100.1
2025-08-01 09:15:51 AM,202.64,632,128068.48,6445168.58
2025-08-01 09:15:53 AM,202.65,1000,202650.0,6647818.58
2025-08-01 09:16:01 AM,202.35,4713,953675.5499999999,7601494.13
2025-08-01 09:16:04 AM,202.3,0,0.0,7601494.13
2025-08-01 09:16:08 AM,202.06,9668,1953516.08,9555010.21
2025-08-01 09:16:08 AM,202.01,0,0.0,9555010.21
2025-08-01 09:16:09 AM,202.04,1159,234164.36,9789174.57
2025-08-01 09:16:12 AM,201.95,0,0.0,9789174.57
2025-08-01 09:16:16 AM,201.95,582,117534.9,9906709.47
2025-08-01 09:16:17 AM,202.36,7749,1568087.6400000001,11474797.110000001
2025-08-01 09:16:19 AM,202.35,0,0.0,11474797.110000001
2025-08-01 09:16:21 AM,202.43,0,0.0,11474797.110000001
2025-08-01 09:16:24 AM,202.41,935,189253.35,11664050.46
2025-08-01 09:16:31 AM,202.34,0,0.0,11664050.46
2025-08-01 09:16:32 AM,202.34,7163,1449361.42,13113411.88
2025-08-01 09:16:34 AM,202.34,372,75270.48,13188682.360000001
2025-08-01 09:16:39 AM,202.4,0,0.0,13188682.360000001
2025-08-01 09:16:41 AM,201.95,11112,2244068.4,15432750.760000002
2025-08-01 09:16:42 AM,201.89,4213,850562.57,16283313.330000002
2025-08-01 09:16:49 AM,201.8,5882,1186987.6,17470300.930000003
2025-08-01 09:16:49 AM,201.81,0,0.0,17470300.930000003
2025-08-01 09:16:50 AM,201.79,202,40761.58,17511062.51
2025-08-01 09:16:57 AM,201.73,7815,1576519.95,19087582.46
2025-08-01 09:16:59 AM,201.78,2,403.56,19087986.02
2025-08-01 09:16:59 AM,201.75,0,0.0,19087986.02
2025-08-01 09:17:00 AM,201.75,1275,257231.25,19345217.27
2025-08-01 09:17:01 AM,201.68,2,403.36,19345620.63
2025-08-01 09:17:01 AM,201.69,500,100845.0,19446465.63
2025-08-01 09:17:02 AM,201.66,200,40332.0,19486797.63
2025-08-01 09:17:04 AM,201.66,47,9478.02,19496275.65
2025-08-01 09:17:05 AM,201.71,849,171251.79,19667527.439999998
2025-08-01 09:17:06 AM,201.71,646,130304.66,19797832.099999998
2025-08-01 09:17:06 AM,201.76,150,30264.0,19828096.099999998
2025-08-01 09:17:07 AM,201.61,250,50402.5,19878498.599999998
2025-08-01 09:17:07 AM,201.78,0,0.0,19878498.599999998
2025-08-01 09:17:07 AM,201.78,1780,359168.4,20237666.999999996
2025-08-01 09:17:12 AM,201.68,260,52436.8,20290103.799999997
2025-08-01 09:17:12 AM,201.78,0,0.0,20290103.799999997
2025-08-01 09:17:13 AM,201.78,2,403.56,20290507.359999996
2025-08-01 09:17:13 AM,201.84,0,0.0,20290507.359999996
2025-08-01 09:17:14 AM,201.84,1228,247859.52000000002,20538366.879999995
2025-08-01 09:17:14 AM,201.77,2478,499986.06,21038352.939999994
2025-08-01 09:17:15 AM,201.77,1,201.77,21038554.709999993
2025-08-01 09:17:15 AM,201.66,559,112727.94,21151282.649999995
2025-08-01 09:17:16 AM,201.65,1509,304289.85000000003,21455572.499999996
2025-08-01 09:17:18 AM,201.5,7815,1574722.5,23030294.999999996
2025-08-01 09:17:20 AM,201.48,0,0.0,23030294.999999996
2025-08-01 09:17:20 AM,201.42,80,16113.599999999999,23046408.599999998
2025-08-01 09:17:23 AM,201.47,0,0.0,23046408.599999998
2025-08-01 09:17:24 AM,201.47,15,3022.05,23049430.65
2025-08-01 09:17:25 AM,201.35,0,0.0,23049430.65
2025-08-01 09:17:26 AM,201.34,738,148588.92,23198019.57
2025-08-01 09:17:26 AM,201.35,2105,423841.75,23621861.32
2025-08-01 09:17:28 AM,201.36,150,30204.000000000004,23652065.32
2025-08-01 09:17:29 AM,201.38,1,201.38,23652266.7
2025-08-01 09:17:31 AM,201.17,0,0.0,23652266.7
2025-08-01 09:17:31 AM,201.17,12495,2513619.15,26165885.849999998
2025-08-01 09:17:32 AM,201.03,2416,485688.48,26651574.33
2025-08-01 09:17:32 AM,201.08,0,0.0,26651574.33
2025-08-01 09:17:32 AM,201.08,327,65753.16,26717327.49
2025-08-01 09:17:33 AM,201.07,0,0.0,26717327.49
2025-08-01 09:17:33 AM,200.76,5173,1038531.48,27755858.97
2025-08-01 09:17:34 AM,200.95,1362,273693.89999999997,28029552.869999997
2025-08-01 09:17:34 AM,200.9,0,0.0,28029552.869999997
2025-08-01 09:17:34 AM,200.9,805,161724.5,28191277.369999997
2025-08-01 09:17:35 AM,201.05,19,3819.9500000000003,28195097.319999997
2025-08-01 09:17:35 AM,200.94,0,0.0,28195097.319999997
2025-08-01 09:17:36 AM,200.94,5,1004.7,28196102.019999996
2025-08-01 09:17:36 AM,201.0,0,0.0,28196102.019999996
2025-08-01 09:17:37 AM,201.03,226,45432.78,28241534.799999997
2025-08-01 09:17:37 AM,201.06,56,11259.36,28252794.159999996
2025-08-01 09:17:38 AM,201.17,15,3017.5499999999997,28255811.709999997
2025-08-01 09:17:39 AM,201.17,10,2011.6999999999998,28257823.409999996
2025-08-01 09:17:39 AM,201.2,0,0.0,28257823.409999996
2025-08-01 09:17:40 AM,201.25,1002,201652.5,28459475.909999996
2025-08-01 09:17:42 AM,201.25,130,26162.5,28485638.409999996
2025-08-01 09:17:43 AM,201.25,100,20125.0,28505763.409999996
2025-08-01 09:17:44 AM,201.23,93,18714.39,28524477.799999997
2025-08-01 09:17:45 AM,201.25,0,0.0,28524477.799999997
2025-08-01 09:17:46 AM,201.25,500,100625.0,28625102.799999997
2025-08-01 09:17:47 AM,201.22,0,0.0,28625102.799999997
2025-08-01 09:17:47 AM,201.17,0,0.0,28625102.799999997
2025-08-01 09:17:48 AM,201.17,3,603.51,28625706.31
2025-08-01 09:17:49 AM,201.19,1011,203403.09,28829109.4
2025-08-01 09:17:52 AM,201.1,1,201.1,28829310.5
2025-08-01 09:17:53 AM,201.1,700,140770.0,28970080.5
2025-08-01 09:17:54 AM,201.09,0,0.0,28970080.5
2025-08-01 09:17:54 AM,201.09,3357,675059.13,29645139.63
2025-08-01 09:17:55 AM,200.93,5089,1022532.77,30667672.4
2025-08-01 09:17:55 AM,200.93,15,3013.9500000000003,30670686.349999998
2025-08-01 09:17:56 AM,200.96,4880,980684.8,31651371.15
2025-08-01 09:17:57 AM,200.98,50,10049.0,31661420.15
2025-08-01 09:17:57 AM,200.75,1813,363959.75,32025379.9
2025-08-01 09:17:58 AM,200.6,1051,210830.6,32236210.5
2025-08-01 09:17:59 AM,200.79,5,1003.9499999999999,32237214.45
2025-08-01 09:18:00 AM,200.75,0,0.0,32237214.45
2025-08-01 09:18:01 AM,200.75,200,40150.0,32277364.45
2025-08-01 09:18:01 AM,200.8,0,0.0,32277364.45
2025-08-01 09:18:02 AM,200.8,1000,200800.0,32478164.45
2025-08-01 09:18:02 AM,200.69,0,0.0,32478164.45
2025-08-01 09:18:02 AM,200.6,3448,691668.7999999999,33169833.25
2025-08-01 09:18:03 AM,200.74,0,0.0,33169833.25
2025-08-01 09:18:03 AM,200.74,61,12245.140000000001,33182078.39
2025-08-01 09:18:04 AM,200.75,0,0.0,33182078.39
2025-08-01 09:18:04 AM,200.75,3865,775898.75,33957977.14
2025-08-01 09:18:05 AM,200.8,0,0.0,33957977.14
2025-08-01 09:18:06 AM,200.8,5,1004.0,33958981.14
2025-08-01 09:18:06 AM,200.79,103,20681.37,33979662.51
2025-08-01 09:18:07 AM,200.82,902,181139.63999999998,34160802.15
2025-08-01 09:18:08 AM,200.87,0,0.0,34160802.15
2025-08-01 09:18:09 AM,200.87,275,55239.25,34216041.4
2025-08-01 09:18:09 AM,200.86,76,15265.36,34231306.76
2025-08-01 09:18:10 AM,200.93,53,10649.29,34241956.05
2025-08-01 09:18:11 AM,200.99,5,1004.95,34242961.0
2025-08-01 09:18:12 AM,201.02,549,110359.98000000001,34353320.98
2025-08-01 09:18:12 AM,201.09,0,0.0,34353320.98
2025-08-01 09:18:13 AM,201.09,25,5027.25,34358348.23
2025-08-01 09:18:13 AM,201.09,1179,237085.11000000002,34595433.339999996
2025-08-01 09:18:14 AM,201.19,4300,865117.0,35460550.339999996
2025-08-01 09:18:16 AM,201.0,1742,350142.0,35810692.339999996
2025-08-01 09:18:16 AM,201.08,0,0.0,35810692.339999996
2025-08-01 09:18:16 AM,201.08,274,55095.920000000006,35865788.26
2025-08-01 09:18:17 AM,201.08,50,10054.0,35875842.26
2025-08-01 09:18:18 AM,200.95,216,43405.2,35919247.46
2025-08-01 09:18:20 AM,200.96,1510,303449.60000000003,36222697.06
2025-08-01 09:18:21 AM,200.96,1513,304052.48000000004,36526749.54
2025-08-01 09:18:23 AM,201.0,100,20100.0,36546849.54
2025-08-01 09:18:24 AM,201.0,10,2010.0,36548859.54
2025-08-01 09:18:25 AM,201.02,2260,454305.2,37003164.74
2025-08-01 09:18:26 AM,201.0,0,0.0,37003164.74
2025-08-01 09:18:27 AM,201.0,5000,1005000.0,38008164.74
2025-08-01 09:18:28 AM,200.89,252,50624.28,38058789.02
2025-08-01 09:18:28 AM,201.02,0,0.0,38058789.02
2025-08-01 09:18:28 AM,201.02,1091,219312.82,38278101.84
2025-08-01 09:18:29 AM,201.18,1116,224516.88,38502618.720000006
2025-08-01 09:18:29 AM,200.82,0,0.0,38502618.720000006
2025-08-01 09:18:30 AM,200.88,7937,1594384.56,40097003.28000001
2025-08-01 09:18:31 AM,200.88,30,6026.4,40103029.68000001
2025-08-01 09:18:32 AM,200.89,0,0.0,40103029.68000001
2025-08-01 09:18:32 AM,200.89,349,70110.61,40173140.29000001
2025-08-01 09:18:33 AM,200.8,500,100400.0,40273540.29000001
2025-08-01 09:18:34 AM,200.9,10,2009.0,40275549.29000001
2025-08-01 09:18:35 AM,200.85,50,10042.5,40285591.79000001
2025-08-01 09:18:35 AM,200.97,0,0.0,40285591.79000001
2025-08-01 09:18:36 AM,201.0,369,74169.0,40359760.79000001
2025-08-01 09:18:37 AM,200.93,452,90820.36,40450581.150000006
2025-08-01 09:18:38 AM,200.96,613,123188.48000000001,40573769.63
2025-08-01 09:18:39 AM,200.8,4869,977695.2000000001,41551464.830000006
2025-08-01 09:18:40 AM,200.95,1020,204969.0,41756433.830000006
2025-08-01 09:18:41 AM,200.93,0,0.0,41756433.830000006
2025-08-01 09:18:42 AM,200.93,285,57265.05,41813698.88
2025-08-01 09:18:45 AM,200.97,100,20097.0,41833795.88
2025-08-01 09:18:46 AM,200.97,513,103097.61,41936893.49
2025-08-01 09:18:47 AM,200.97,101,20297.97,41957191.46
2025-08-01 09:18:48 AM,201.08,258,51878.64000000001,42009070.1
2025-08-01 09:18:49 AM,201.06,13,2613.78,42011683.88
2025-08-01 09:18:51 AM,201.24,1,201.24,42011885.120000005
2025-08-01 09:18:54 AM,201.3,100,20130.0,42032015.120000005
2025-08-01 09:18:56 AM,201.18,250,50295.0,42082310.120000005
2025-08-01 09:18:58 AM,201.22,0,0.0,42082310.120000005
2025-08-01 09:18:59 AM,201.22,110,22134.2,42104444.32000001
2025-08-01 09:18:59 AM,201.19,0,0.0,42104444.32000001
2025-08-01 09:19:00 AM,201.19,526,105825.94,42210270.260000005
2025-08-01 09:19:00 AM,201.15,0,0.0,42210270.260000005
2025-08-01 09:19:01 AM,201.15,100,20115.0,42230385.260000005
2025-08-01 09:19:01 AM,201.09,120,24130.8,42254516.06
2025-08-01 09:19:02 AM,201.0,8,1608.0,42256124.06
2025-08-01 09:19:02 AM,201.09,0,0.0,42256124.06
2025-08-01 09:19:02 AM,201.09,2,402.18,42256526.24
2025-08-01 09:19:03 AM,201.12,0,0.0,42256526.24
2025-08-01 09:19:03 AM,201.12,453,91107.36,42347633.6
2025-08-01 09:19:04 AM,201.11,0,0.0,42347633.6
2025-08-01 09:19:05 AM,201.11,90,18099.9,42365733.5
2025-08-01 09:19:05 AM,201.17,0,0.0,42365733.5
2025-08-01 09:19:06 AM,201.17,100,20117.0,42385850.5
2025-08-01 09:19:07 AM,201.05,3477,699050.8500000001,43084901.35
2025-08-01 09:19:07 AM,201.1,0,0.0,43084901.35
2025-08-01 09:19:07 AM,201.19,0,0.0,43084901.35
2025-08-01 09:19:08 AM,201.19,423,85103.37,43170004.72
2025-08-01 09:19:08 AM,201.19,1,201.19,43170205.91
2025-08-01 09:19:10 AM,201.24,1,201.24,43170407.15
2025-08-01 09:19:11 AM,201.24,2,402.48,43170809.629999995
2025-08-01 09:19:11 AM,201.09,3857,775604.13,43946413.76
2025-08-01 09:19:12 AM,201.16,0,0.0,43946413.76
2025-08-01 09:19:12 AM,201.16,1,201.16,43946614.919999994
2025-08-01 09:19:14 AM,201.25,0,0.0,43946614.919999994
2025-08-01 09:19:14 AM,201.25,1,201.25,43946816.169999994
2025-08-01 09:19:14 AM,201.19,0,0.0,43946816.169999994
2025-08-01 09:19:14 AM,201.19,1,201.19,43947017.35999999
2025-08-01 09:19:16 AM,201.17,0,0.0,43947017.35999999
2025-08-01 09:19:16 AM,201.17,1,201.17,43947218.529999994
2025-08-01 09:19:17 AM,201.26,0,0.0,43947218.529999994
2025-08-01 09:19:17 AM,201.26,100,20126.0,43967344.529999994
2025-08-01 09:19:20 AM,201.26,2189,440558.13999999996,44407902.669999994
2025-08-01 09:19:20 AM,201.26,462,92982.12,44500884.78999999
2025-08-01 09:19:21 AM,201.26,59,11874.34,44512759.129999995
2025-08-01 09:19:21 AM,201.26,1,201.26,44512960.38999999
2025-08-01 09:19:21 AM,201.23,0,0.0,44512960.38999999
2025-08-01 09:19:22 AM,201.23,300,60369.0,44573329.38999999
2025-08-01 09:19:23 AM,201.43,1060,213515.80000000002,44786845.18999999
2025-08-01 09:19:23 AM,201.43,1,201.43,44787046.61999999
2025-08-01 09:19:24 AM,201.29,819,164856.50999999998,44951903.12999999
2025-08-01 09:19:26 AM,201.25,0,0.0,44951903.12999999
2025-08-01 09:19:26 AM,201.25,690,138862.5,45090765.62999999
2025-08-01 09:19:31 AM,201.18,63,12674.34,45103439.96999999
2025-08-01 09:19:31 AM,201.16,0,0.0,45103439.96999999
2025-08-01 09:19:32 AM,201.23,32,6439.36,45109879.32999999
2025-08-01 09:19:32 AM,201.23,2,402.46,45110281.78999999
2025-08-01 09:19:34 AM,201.23,84,16903.32,45127185.10999999
2025-08-01 09:19:35 AM,200.95,8845,1777402.75,46904587.85999999
2025-08-01 09:19:35 AM,201.0,410,82410.0,46986997.85999999
2025-08-01 09:19:37 AM,201.1,10,2011.0,46989008.85999999
2025-08-01 09:19:38 AM,201.01,0,0.0,46989008.85999999
2025-08-01 09:19:38 AM,201.01,393,78996.93,47068005.78999999
2025-08-01 09:19:40 AM,201.03,20,4020.6,47072026.38999999
2025-08-01 09:19:41 AM,200.93,238,47821.340000000004,47119847.73
2025-08-01 09:19:42 AM,200.72,0,0.0,47119847.73
2025-08-01 09:19:43 AM,200.72,2632,528295.04,47648142.769999996
2025-08-01 09:19:44 AM,200.79,17,3413.43,47651556.199999996
2025-08-01 09:19:44 AM,200.8,0,0.0,47651556.199999996
2025-08-01 09:19:45 AM,200.95,2067,415363.64999999997,48066919.849999994
2025-08-01 09:19:46 AM,200.77,4762,956066.74,49022986.589999996
2025-08-01 09:19:46 AM,200.82,1353,271709.45999999996,49294696.05
2025-08-01 09:19:46 AM,200.85,0,0.0,49294696.05
2025-08-01 09:19:47 AM,200.83,1276,256259.08000000002,49550955.129999995
2025-08-01 09:19:48 AM,200.82,5,1004.0999999999999,49551959.23
2025-08-01 09:19:49 AM,200.89,10,2008.8999999999999,49553968.129999995
2025-08-01 09:19:51 AM,200.92,500,100460.0,49654428.129999995
2025-08-01 09:19:52 AM,200.84,52,10443.68,49664871.809999995
2025-08-01 09:19:54 AM,200.89,1,200.89,49665072.699999996
2025-08-01 09:19:57 AM,200.82,41,8233.619999999999,49673306.31999999
2025-08-01 09:19:58 AM,200.89,0,0.0,49673306.31999999
2025-08-01 09:19:59 AM,200.89,60,12053.4,49685359.71999999
2025-08-01 09:20:00 AM,200.89,5,1004.4499999999999,49686364.169999994
2025-08-01 09:20:00 AM,201.02,0,0.0,49686364.169999994
2025-08-01 09:20:04 AM,200.91,0,0.0,49686364.169999994
2025-08-01 09:20:05 AM,200.91,3274,657779.34,50344143.51
2025-08-01 09:20:07 AM,200.97,442,88828.74,50432972.25
2025-08-01 09:20:11 AM,201.12,0,0.0,50432972.25
2025-08-01 09:20:13 AM,201.12,2105,423357.60000000003,50856329.85
2025-08-01 09:20:18 AM,201.09,0,0.0,50856329.85
2025-08-01 09:20:21 AM,201.07,263,52881.409999999996,50909211.26
2025-08-01 09:20:23 AM,201.08,50,10054.0,50919265.26
2025-08-01 09:20:25 AM,201.1,0,0.0,50919265.26
2025-08-01 09:20:29 AM,201.2,3786,761743.2,51681008.46
2025-08-01 09:20:29 AM,201.23,0,0.0,51681008.46
2025-08-01 09:20:30 AM,201.15,17,3419.55,51684428.01
2025-08-01 09:20:32 AM,201.2,0,0.0,51684428.01
2025-08-01 09:20:37 AM,201.19,2314,465553.66,52149981.669999994
2025-08-01 09:20:38 AM,200.95,5849,1175356.55,53325338.21999999
2025-08-01 09:20:39 AM,201.1,0,0.0,53325338.21999999
2025-08-01 09:20:43 AM,201.01,0,0.0,53325338.21999999
2025-08-01 09:20:45 AM,201.01,2054,412874.54,53738212.75999999
2025-08-01 09:20:46 AM,201.01,1,201.01,53738413.76999999
2025-08-01 09:20:50 AM,200.96,0,0.0,53738413.76999999
2025-08-01 09:20:52 AM,200.96,1920,385843.2,54124256.96999999
2025-08-01 09:20:53 AM,201.06,0,0.0,54124256.96999999
2025-08-01 09:20:54 AM,201.06,1238,248912.28,54373169.24999999
2025-08-01 09:20:57 AM,201.01,0,0.0,54373169.24999999
2025-08-01 09:21:00 AM,200.81,8233,1653268.73,56026437.97999999
2025-08-01 09:21:01 AM,200.9,792,159112.80000000002,56185550.77999999
2025-08-01 09:21:04 AM,200.84,0,0.0,56185550.77999999
2025-08-01 09:21:06 AM,200.67,0,0.0,56185550.77999999
2025-08-01 09:21:08 AM,200.74,20477,4110552.98,60296103.75999998
2025-08-01 09:21:11 AM,200.54,0,0.0,60296103.75999998
2025-08-01 09:21:13 AM,200.55,0,0.0,60296103.75999998
2025-08-01 09:21:16 AM,200.68,13895,2788448.6,63084552.359999985
2025-08-01 09:21:18 AM,200.65,0,0.0,63084552.359999985
2025-08-01 09:21:20 AM,200.55,0,0.0,63084552.359999985
2025-08-01 09:21:24 AM,200.6,2552,511931.2,63596483.55999999
2025-08-01 09:21:27 AM,200.44,0,0.0,63596483.55999999
2025-08-01 09:21:31 AM,200.42,19616,3931438.7199999997,67527922.27999999
2025-08-01 09:21:32 AM,200.55,1150,230632.5,67758554.77999999
2025-08-01 09:21:32 AM,200.57,0,0.0,67758554.77999999
2025-08-01 09:21:34 AM,200.53,0,0.0,67758554.77999999
2025-08-01 09:21:37 AM,200.46,0,0.0,67758554.77999999
2025-08-01 09:21:39 AM,200.44,1011,202644.84,67961199.61999999
2025-08-01 09:21:44 AM,200.43,0,0.0,67961199.61999999
2025-08-01 09:21:47 AM,200.53,6009,1204984.77,69166184.38999999
2025-08-01 09:21:47 AM,200.44,0,0.0,69166184.38999999
2025-08-01 09:21:48 AM,200.44,803,160953.32,69327137.70999998
2025-08-01 09:21:50 AM,200.43,0,0.0,69327137.70999998
2025-08-01 09:21:53 AM,200.48,0,0.0,69327137.70999998
2025-08-01 09:21:54 AM,200.48,14569,2920793.1199999996,72247930.82999998
2025-08-01 09:21:55 AM,200.53,908,182081.24,72430012.06999998
2025-08-01 09:22:00 AM,200.6,0,0.0,72430012.06999998
2025-08-01 09:22:01 AM,200.6,1086,217851.6,72647863.66999997
2025-08-01 09:22:01 AM,200.52,0,0.0,72647863.66999997
2025-08-01 09:22:01 AM,200.52,1,200.52,72648064.18999997
2025-08-01 09:22:02 AM,200.6,0,0.0,72648064.18999997
2025-08-01 09:22:03 AM,200.5,758,151979.0,72800043.18999997
2025-08-01 09:22:04 AM,200.51,0,0.0,72800043.18999997
2025-08-01 09:22:05 AM,200.51,37,7418.87,72807462.05999997
2025-08-01 09:22:05 AM,200.58,0,0.0,72807462.05999997
2025-08-01 09:22:06 AM,200.58,200,40116.0,72847578.05999997
2025-08-01 09:22:06 AM,200.52,200,40104.0,72887682.05999997
2025-08-01 09:22:07 AM,200.59,551,110525.09,72998207.14999998
2025-08-01 09:22:07 AM,200.6,0,0.0,72998207.14999998
2025-08-01 09:22:07 AM,200.6,1244,249546.4,73247753.54999998
2025-08-01 09:22:09 AM,200.61,0,0.0,73247753.54999998
2025-08-01 09:22:09 AM,200.61,1038,208233.18000000002,73455986.72999999
2025-08-01 09:22:10 AM,200.69,100,20069.0,73476055.72999999
2025-08-01 09:22:11 AM,200.6,0,0.0,73476055.72999999
2025-08-01 09:22:11 AM,200.6,4,802.4,73476858.13
2025-08-01 09:22:12 AM,200.6,223,44733.799999999996,73521591.92999999
2025-08-01 09:22:14 AM,200.55,0,0.0,73521591.92999999
2025-08-01 09:22:14 AM,200.55,508,101879.40000000001,73623471.33
2025-08-01 09:22:15 AM,200.53,51,10227.03,73633698.36
2025-08-01 09:22:18 AM,200.65,263,52770.950000000004,73686469.31
2025-08-01 09:22:19 AM,200.63,1195,239752.85,73926222.16
2025-08-01 09:22:20 AM,200.63,230,46144.9,73972367.06
2025-08-01 09:22:21 AM,200.69,0,0.0,73972367.06
2025-08-01 09:22:21 AM,200.69,50,10034.5,73982401.56
2025-08-01 09:22:21 AM,200.69,1,200.69,73982602.25
2025-08-01 09:22:23 AM,200.69,10,2006.9,73984609.15
2025-08-01 09:22:23 AM,200.7,0,0.0,73984609.15
2025-08-01 09:22:23 AM,200.7,2500,501750.0,74486359.15
2025-08-01 09:22:24 AM,200.7,2,401.4,74486760.55000001
2025-08-01 09:22:24 AM,200.7,1,200.7,74486961.25000001
2025-08-01 09:22:24 AM,200.69,0,0.0,74486961.25000001
2025-08-01 09:22:25 AM,200.65,5,1003.25,74487964.50000001
2025-08-01 09:22:25 AM,200.58,364,73011.12000000001,74560975.62000002
2025-08-01 09:22:26 AM,200.61,300,60183.00000000001,74621158.62000002
2025-08-01 09:22:26 AM,200.61,2,401.22,74621559.84000002
2025-08-01 09:22:27 AM,200.61,56,11234.16,74632794.00000001
2025-08-01 09:22:27 AM,200.6,0,0.0,74632794.00000001
2025-08-01 09:22:27 AM,200.6,2,401.2,74633195.20000002
2025-08-01 09:22:28 AM,200.55,1,200.55,74633395.75000001
2025-08-01 09:22:28 AM,200.6,1,200.6,74633596.35000001
2025-08-01 09:22:29 AM,200.55,4,802.2,74634398.55000001
2025-08-01 09:22:30 AM,200.55,2,401.1,74634799.65
2025-08-01 09:22:31 AM,200.59,0,0.0,74634799.65
2025-08-01 09:22:31 AM,200.59,51,10230.09,74645029.74000001
2025-08-01 09:22:32 AM,200.59,1,200.59,74645230.33000001
2025-08-01 09:22:33 AM,200.59,2003,401781.77,75047012.10000001
2025-08-01 09:22:34 AM,200.59,8,1604.72,75048616.82000001
2025-08-01 09:22:35 AM,200.59,2,401.18,75049018.00000001
2025-08-01 09:22:36 AM,200.55,72,14439.6,75063457.60000001
2025-08-01 09:22:36 AM,200.59,6,1203.54,75064661.14000002
2025-08-01 09:22:37 AM,200.58,1,200.58,75064861.72000001
2025-08-01 09:22:38 AM,200.58,12041,2415183.7800000003,77480045.50000001
2025-08-01 09:22:38 AM,200.64,0,0.0,77480045.50000001
2025-08-01 09:22:39 AM,200.6,2279,457167.39999999997,77937212.90000002
2025-08-01 09:22:40 AM,200.59,15,3008.85,77940221.75000001
2025-08-01 09:22:41 AM,200.5,1943,389571.5,78329793.25000001
2025-08-01 09:22:41 AM,200.53,21,4211.13,78334004.38000001
2025-08-01 09:22:41 AM,200.5,0,0.0,78334004.38000001
2025-08-01 09:22:42 AM,200.45,835,167375.75,78501380.13000001
2025-08-01 09:22:42 AM,200.53,2,401.06,78501781.19000001
2025-08-01 09:22:43 AM,200.53,110,22058.3,78523839.49000001
2025-08-01 09:22:44 AM,200.53,1,200.53,78524040.02000001
2025-08-01 09:22:44 AM,200.44,0,0.0,78524040.02000001
2025-08-01 09:22:45 AM,200.38,7507,1504252.66,80028292.68
2025-08-01 09:22:47 AM,200.35,1605,321561.75,80349854.43
2025-08-01 09:22:47 AM,200.28,1,200.28,80350054.71000001
2025-08-01 09:22:48 AM,200.41,31,6212.71,80356267.42
2025-08-01 09:22:49 AM,200.29,421,84322.09,80440589.51
2025-08-01 09:22:49 AM,200.4,4,801.6,80441391.11
2025-08-01 09:22:50 AM,200.42,13,2605.46,80443996.57
2025-08-01 09:22:50 AM,200.42,3,601.26,80444597.83
2025-08-01 09:22:51 AM,200.31,1,200.31,80444798.14
2025-08-01 09:22:51 AM,200.42,15,3006.2999999999997,80447804.44
2025-08-01 09:22:52 AM,200.29,149,29843.21,80477647.64999999
2025-08-01 09:22:52 AM,200.34,0,0.0,80477647.64999999
2025-08-01 09:22:53 AM,200.33,4,801.32,80478448.96999998
2025-08-01 09:22:53 AM,200.25,0,0.0,80478448.96999998
2025-08-01 09:22:54 AM,200.25,8,1602.0,80480050.96999998
2025-08-01 09:22:54 AM,200.26,1,200.26,80480251.22999999
2025-08-01 09:22:54 AM,200.32,0,0.0,80480251.22999999
2025-08-01 09:22:55 AM,200.32,2,400.64,80480651.86999999
2025-08-01 09:22:56 AM,200.29,1,200.29,80480852.16
2025-08-01 09:22:57 AM,200.3,1,200.3,80481052.46
2025-08-01 09:22:58 AM,200.3,2,400.6,80481453.05999999
2025-08-01 09:22:59 AM,200.3,2,400.6,80481853.65999998
2025-08-01 09:22:59 AM,200.32,219,43870.08,80525723.73999998
2025-08-01 09:22:59 AM,200.29,0,0.0,80525723.73999998
2025-08-01 09:23:00 AM,200.29,726,145410.54,80671134.27999999
2025-08-01 09:23:04 AM,200.34,2,400.68,80671534.96
2025-08-01 09:23:05 AM,200.34,5,1001.7,80672536.66
2025-08-01 09:23:05 AM,200.3,0,0.0,80672536.66
2025-08-01 09:23:05 AM,200.3,1000,200300.0,80872836.66
2025-08-01 09:23:06 AM,200.35,26,5209.099999999999,80878045.75999999
2025-08-01 09:23:07 AM,200.26,0,0.0,80878045.75999999
2025-08-01 09:23:07 AM,200.26,8,1602.08,80879647.83999999
2025-08-01 09:23:08 AM,200.35,0,0.0,80879647.83999999
2025-08-01 09:23:08 AM,200.35,1,200.35,80879848.18999998
2025-08-01 09:23:11 AM,200.41,0,0.0,80879848.18999998
2025-08-01 09:23:11 AM,200.41,1450,290594.5,81170442.68999998
2025-08-01 09:23:12 AM,200.36,0,0.0,81170442.68999998
2025-08-01 09:23:12 AM,200.36,80,16028.800000000001,81186471.48999998
2025-08-01 09:23:13 AM,200.39,0,0.0,81186471.48999998
2025-08-01 09:23:13 AM,200.39,10,2003.8999999999999,81188475.38999999
2025-08-01 09:23:16 AM,200.58,0,0.0,81188475.38999999
2025-08-01 09:23:16 AM,200.58,5739,1151128.62,82339604.00999999
2025-08-01 09:23:17 AM,200.4,0,0.0,82339604.00999999
2025-08-01 09:23:17 AM,200.4,211,42284.4,82381888.41
2025-08-01 09:23:18 AM,200.35,0,0.0,82381888.41
2025-08-01 09:23:18 AM,200.35,175,35061.25,82416949.66
2025-08-01 09:23:19 AM,200.4,50,10020.0,82426969.66
2025-08-01 09:23:20 AM,200.4,15,3006.0,82429975.66
2025-08-01 09:23:20 AM,200.4,1596,319838.4,82749814.06
2025-08-01 09:23:21 AM,200.4,100,20040.0,82769854.06
2025-08-01 09:23:22 AM,200.4,3,601.2,82770455.26
2025-08-01 09:23:23 AM,200.39,150,30058.499999999996,82800513.76
2025-08-01 09:23:23 AM,200.4,0,0.0,82800513.76
2025-08-01 09:23:24 AM,200.33,3572,715578.76,83516092.52000001
2025-08-01 09:23:25 AM,200.42,100,20042.0,83536134.52000001
2025-08-01 09:23:28 AM,200.39,1000,200390.0,83736524.52000001
2025-08-01 09:23:29 AM,200.4,301,60320.4,83796844.92000002
2025-08-01 09:23:30 AM,200.38,5185,1038970.2999999999,84835815.22000001
2025-08-01 09:23:31 AM,200.36,1464,293327.04000000004,85129142.26000002
2025-08-01 09:23:31 AM,200.41,0,0.0,85129142.26000002
2025-08-01 09:23:32 AM,200.52,1920,384998.4,85514140.66000003
2025-08-01 09:23:33 AM,200.51,90,18045.899999999998,85532186.56000003
2025-08-01 09:23:38 AM,200.51,12,2406.12,85534592.68000004
2025-08-01 09:23:38 AM,200.55,0,0.0,85534592.68000004
2025-08-01 09:23:39 AM,200.6,664,133198.4,85667791.08000004
2025-08-01 09:23:40 AM,200.64,100,20064.0,85687855.08000004
2025-08-01 09:23:41 AM,200.64,632,126804.48,85814659.56000005
2025-08-01 09:23:43 AM,200.58,500,100290.0,85914949.56000005
2025-08-01 09:23:43 AM,200.64,0,0.0,85914949.56000005
2025-08-01 09:23:44 AM,200.64,30,6019.2,85920968.76000005
2025-08-01 09:23:47 AM,200.64,30,6019.2,85926987.96000005
2025-08-01 09:23:48 AM,200.6,4,802.4,85927790.36000006
2025-08-01 09:23:50 AM,200.64,10,2006.3999999999999,85929796.76000006
2025-08-01 09:23:51 AM,200.64,4,802.56,85930599.32000007
2025-08-01 09:23:52 AM,200.64,406,81459.84,86012059.16000007
2025-08-01 09:23:52 AM,200.69,1091,218952.79,86231011.95000008
2025-08-01 09:23:52 AM,200.66,0,0.0,86231011.95000008
2025-08-01 09:23:53 AM,200.66,578,115981.48,86346993.43000008
2025-08-01 09:23:53 AM,200.77,0,0.0,86346993.43000008
2025-08-01 09:23:54 AM,200.63,10202,2046827.26,88393820.69000009
2025-08-01 09:23:55 AM,200.6,100,20060.0,88413880.69000009
2025-08-01 09:23:55 AM,200.6,1,200.6,88414081.29000008
2025-08-01 09:23:56 AM,200.55,35,7019.25,88421100.54000008
2025-08-01 09:23:57 AM,200.56,20,4011.2,88425111.74000008
2025-08-01 09:23:57 AM,200.51,0,0.0,88425111.74000008
2025-08-01 09:23:58 AM,200.51,41,8220.91,88433332.65000008
2025-08-01 09:23:59 AM,200.44,256,51312.64,88484645.29000008
2025-08-01 09:24:04 AM,200.35,848,169896.8,88654542.09000008
2025-08-01 09:24:05 AM,200.35,1371,274679.85,88929221.94000007
2025-08-01 09:24:06 AM,200.33,0,0.0,88929221.94000007
2025-08-01 09:24:12 AM,200.25,26784,5363496.0,94292717.94000007
2025-08-01 09:24:13 AM,200.2,2027,405805.39999999997,94698523.34000008
2025-08-01 09:24:19 AM,200.2,2337,467867.39999999997,95166390.74000008
2025-08-01 09:24:19 AM,200.15,0,0.0,95166390.74000008
2025-08-01 09:24:21 AM,200.2,791,158358.19999999998,95324748.94000009
2025-08-01 09:24:25 AM,200.26,0,0.0,95324748.94000009
2025-08-01 09:24:27 AM,200.26,5560,1113445.5999999999,96438194.54000008
2025-08-01 09:24:28 AM,200.26,35,7009.099999999999,96445203.64000008
2025-08-01 09:24:31 AM,200.33,0,0.0,96445203.64000008
2025-08-01 09:24:34 AM,200.3,2684,537605.2000000001,96982808.84000008
2025-08-01 09:24:36 AM,200.3,100,20030.0,97002838.84000008
2025-08-01 09:24:42 AM,200.35,1669,334384.14999999997,97337222.99000008
2025-08-01 09:24:49 AM,200.45,170,34076.5,97371299.49000008
2025-08-01 09:24:51 AM,200.45,1,200.45,97371499.94000009
2025-08-01 09:24:56 AM,200.3,0,0.0,97371499.94000009
2025-08-01 09:24:57 AM,200.24,1880,376451.2,97747951.14000009
2025-08-01 09:24:59 AM,200.25,137,27434.25,97775385.39000009
2025-08-01 09:25:00 AM,200.21,0,0.0,97775385.39000009
2025-08-01 09:25:01 AM,200.21,60,12012.6,97787397.99000008
2025-08-01 09:25:02 AM,200.29,0,0.0,97787397.99000008
2025-08-01 09:25:03 AM,200.24,18,3604.32,97791002.31000008
2025-08-01 09:25:04 AM,200.2,929,185985.8,97976988.11000007
2025-08-01 09:25:05 AM,200.21,1100,220231.0,98197219.11000007
2025-08-01 09:25:06 AM,200.15,251,50237.65,98247456.76000008
2025-08-01 09:25:07 AM,200.11,0,0.0,98247456.76000008
2025-08-01 09:25:07 AM,200.11,10,2001.1000000000001,98249457.86000007
2025-08-01 09:25:09 AM,200.11,90,18009.9,98267467.76000008
2025-08-01 09:25:10 AM,200.1,0,0.0,98267467.76000008
2025-08-01 09:25:11 AM,200.1,1346,269334.6,98536802.36000007
2025-08-01 09:25:13 AM,200.1,1829,365982.89999999997,98902785.26000008
2025-08-01 09:25:13 AM,200.15,0,0.0,98902785.26000008
2025-08-01 09:25:14 AM,200.15,200,40030.0,98942815.26000008
2025-08-01 09:25:16 AM,200.15,550,110082.5,99052897.76000008
2025-08-01 09:25:17 AM,200.15,1646,329446.9,99382344.66000009
2025-08-01 09:25:18 AM,200.15,1,200.15,99382544.81000009
2025-08-01 09:25:20 AM,200.08,0,0.0,99382544.81000009
2025-08-01 09:25:20 AM,200.08,5236,1047618.8800000001,100430163.69000009
2025-08-01 09:25:21 AM,200.1,1,200.1,100430363.79000008
2025-08-01 09:25:22 AM,200.1,327,65432.7,100495796.49000008
2025-08-01 09:25:22 AM,200.13,0,0.0,100495796.49000008
2025-08-01 09:25:22 AM,200.13,1,200.13,100495996.62000008
2025-08-01 09:25:23 AM,200.11,0,0.0,100495996.62000008
2025-08-01 09:25:24 AM,200.11,2089,418029.79000000004,100914026.41000009
2025-08-01 09:25:24 AM,200.14,0,0.0,100914026.41000009
2025-08-01 09:25:25 AM,200.14,1226,245371.63999999998,101159398.05000009
2025-08-01 09:25:27 AM,200.13,0,0.0,101159398.05000009
2025-08-01 09:25:28 AM,200.13,2,400.26,101159798.31000009
2025-08-01 09:25:30 AM,200.1,250,50025.0,101209823.31000009
2025-08-01 09:25:31 AM,200.13,0,0.0,101209823.31000009
2025-08-01 09:25:32 AM,200.13,63,12608.19,101222431.50000009
2025-08-01 09:25:33 AM,200.13,1,200.13,101222631.63000008
2025-08-01 09:25:34 AM,200.13,52,10406.76,101233038.39000009
2025-08-01 09:25:38 AM,200.13,1265,253164.44999999998,101486202.8400001
2025-08-01 09:25:40 AM,200.13,2,400.26,101486603.1000001
2025-08-01 09:25:40 AM,200.13,2,400.26,101487003.3600001
2025-08-01 09:25:42 AM,200.1,813,162681.3,101649684.6600001
2025-08-01 09:25:43 AM,200.05,109,21805.45,101671490.1100001
2025-08-01 09:25:44 AM,200.03,1061,212231.83,101883721.9400001
2025-08-01 09:25:44 AM,200.07,0,0.0,101883721.9400001
2025-08-01 09:25:45 AM,200.07,3,600.21,101884322.1500001
2025-08-01 09:25:45 AM,200.08,0,0.0,101884322.1500001
2025-08-01 09:25:45 AM,200.08,100,20008.0,101904330.1500001
2025-08-01 09:25:46 AM,200.03,40,8001.2,101912331.3500001
2025-08-01 09:25:47 AM,200.03,169,33805.07,101946136.42000009
2025-08-01 09:25:47 AM,200.01,0,0.0,101946136.42000009
2025-08-01 09:25:48 AM,200.01,386,77203.86,102023340.28000009
2025-08-01 09:25:49 AM,200.01,308,61603.079999999994,102084943.36000009
2025-08-01 09:25:49 AM,200.05,0,0.0,102084943.36000009
2025-08-01 09:25:50 AM,200.05,4,800.2,102085743.56000009
2025-08-01 09:25:51 AM,200.07,88,17606.16,102103349.72000009
2025-08-01 09:25:52 AM,200.01,0,0.0,102103349.72000009
2025-08-01 09:25:53 AM,200.07,563,112639.40999999999,102215989.13000008
2025-08-01 09:25:54 AM,200.01,145,29001.449999999997,102244990.58000009
2025-08-01 09:25:55 AM,200.07,25,5001.75,102249992.33000009
2025-08-01 09:25:56 AM,200.07,1,200.07,102250192.40000008
2025-08-01 09:25:57 AM,199.96,29621,5923015.16,108173207.56000008
2025-08-01 09:25:57 AM,199.9,0,0.0,108173207.56000008
2025-08-01 09:25:57 AM,200.0,0,0.0,108173207.56000008
2025-08-01 09:25:58 AM,199.91,0,0.0,108173207.56000008
2025-08-01 09:25:58 AM,199.91,2907,581138.37,108754345.93000008
2025-08-01 09:25:59 AM,199.9,0,0.0,108754345.93000008
2025-08-01 09:25:59 AM,199.9,12,2398.8,108756744.73000008
2025-08-01 09:26:04 AM,199.88,6910,1381170.8,110137915.53000008
2025-08-01 09:26:06 AM,199.9,20,3998.0,110141913.53000008
2025-08-01 09:26:11 AM,199.89,0,0.0,110141913.53000008
2025-08-01 09:26:12 AM,199.89,4945,988456.0499999999,111130369.58000007
2025-08-01 09:26:14 AM,199.88,27,5396.76,111135766.34000008
2025-08-01 09:26:17 AM,199.9,0,0.0,111135766.34000008
2025-08-01 09:26:20 AM,199.86,609,121714.74,111257481.08000007
2025-08-01 09:26:22 AM,199.85,21,4196.849999999999,111261677.93000007
2025-08-01 09:26:23 AM,199.8,0,0.0,111261677.93000007
2025-08-01 09:26:23 AM,199.84,0,0.0,111261677.93000007
2025-08-01 09:26:28 AM,199.81,1418,283330.58,111545008.51000006
2025-08-01 09:26:28 AM,199.9,0,0.0,111545008.51000006
2025-08-01 09:26:29 AM,199.91,257,51376.87,111596385.38000007
2025-08-01 09:26:33 AM,199.99,0,0.0,111596385.38000007
2025-08-01 09:26:35 AM,199.98,2804,560743.9199999999,112157129.30000007
2025-08-01 09:26:35 AM,199.95,0,0.0,112157129.30000007
2025-08-01 09:26:37 AM,199.95,200,39990.0,112197119.30000007
2025-08-01 09:26:38 AM,200.0,0,0.0,112197119.30000007
2025-08-01 09:26:43 AM,200.0,1409,281800.0,112478919.30000007
2025-08-01 09:26:47 AM,200.01,0,0.0,112478919.30000007
2025-08-01 09:26:50 AM,199.98,781,156184.38,112635103.68000007
2025-08-01 09:26:52 AM,200.0,129,25800.0,112660903.68000007
2025-08-01 09:26:54 AM,199.98,0,0.0,112660903.68000007
2025-08-01 09:26:57 AM,200.0,0,0.0,112660903.68000007
2025-08-01 09:26:58 AM,200.0,7297,1459400.0,114120303.68000007
2025-08-01 09:26:59 AM,199.95,173,34591.35,114154895.03000006
2025-08-01 09:27:01 AM,199.98,0,0.0,114154895.03000006
2025-08-01 09:27:02 AM,199.98,4,799.92,114155694.95000006
2025-08-01 09:27:02 AM,199.96,0,0.0,114155694.95000006
2025-08-01 09:27:02 AM,199.98,0,0.0,114155694.95000006
2025-08-01 09:27:03 AM,199.98,402,80391.95999999999,114236086.91000006
2025-08-01 09:27:04 AM,199.97,2,399.94,114236486.85000005
2025-08-01 09:27:05 AM,199.97,1,199.97,114236686.82000005
2025-08-01 09:27:07 AM,199.98,0,0.0,114236686.82000005
2025-08-01 09:27:07 AM,199.98,10,1999.8,114238686.62000005
2025-08-01 09:27:08 AM,199.98,1560,311968.8,114550655.42000005
2025-08-01 09:27:08 AM,200.0,6078,1215600.0,115766255.42000005
2025-08-01 09:27:09 AM,199.97,0,0.0,115766255.42000005
2025-08-01 09:27:09 AM,199.97,100,19997.0,115786252.42000005
2025-08-01 09:27:10 AM,200.0,62,12400.0,115798652.42000005
2025-08-01 09:27:11 AM,200.06,0,0.0,115798652.42000005
2025-08-01 09:27:11 AM,200.06,437,87426.22,115886078.64000005
2025-08-01 09:27:12 AM,200.0,0,0.0,115886078.64000005
2025-08-01 09:27:12 AM,200.0,100,20000.0,115906078.64000005
2025-08-01 09:27:13 AM,200.0,128,25600.0,115931678.64000005
2025-08-01 09:27:13 AM,200.0,314,62800.0,115994478.64000005
2025-08-01 09:27:15 AM,199.98,0,0.0,115994478.64000005
2025-08-01 09:27:15 AM,199.98,16,3199.68,115997678.32000005
2025-08-01 09:27:16 AM,200.0,0,0.0,115997678.32000005
2025-08-01 09:27:16 AM,200.0,79,15800.0,116013478.32000005
2025-08-01 09:27:18 AM,200.0,300,60000.0,116073478.32000005
2025-08-01 09:27:21 AM,200.0,22,4400.0,116077878.32000005
2025-08-01 09:27:21 AM,200.0,5,1000.0,116078878.32000005
2025-08-01 09:27:22 AM,200.06,1000,200060.0,116278938.32000005
2025-08-01 09:27:23 AM,200.06,400,80024.0,116358962.32000005
2025-08-01 09:27:25 AM,200.0,190,38000.0,116396962.32000005
2025-08-01 09:27:27 AM,200.07,1000,200070.0,116597032.32000005
2025-08-01 09:27:28 AM,200.0,3,600.0,116597632.32000005
2025-08-01 09:27:29 AM,200.0,24,4800.0,116602432.32000005
2025-08-01 09:27:31 AM,200.06,45,9002.7,116611435.02000006
2025-08-01 09:27:32 AM,200.0,7,1400.0,116612835.02000006
2025-08-01 09:27:32 AM,200.06,0,0.0,116612835.02000006
2025-08-01 09:27:32 AM,200.06,10,2000.6,116614835.62000005
2025-08-01 09:27:34 AM,200.06,25,5001.5,116619837.12000005
2025-08-01 09:27:35 AM,200.05,475,95023.75,116714860.87000005
2025-08-01 09:27:35 AM,200.0,0,0.0,116714860.87000005
2025-08-01 09:27:35 AM,200.0,923,184600.0,116899460.87000005
2025-08-01 09:27:36 AM,200.0,29,5800.0,116905260.87000005
2025-08-01 09:27:37 AM,200.06,1,200.06,116905460.93000005
2025-08-01 09:27:39 AM,200.06,350,70021.0,116975481.93000005
2025-08-01 09:27:40 AM,200.06,1,200.06,116975681.99000005
2025-08-01 09:27:45 AM,199.95,21416,4282129.2,121257811.19000006
2025-08-01 09:27:45 AM,199.93,0,0.0,121257811.19000006
2025-08-01 09:27:46 AM,199.93,251,50182.43,121307993.62000006
2025-08-01 09:27:46 AM,200.01,1857,371418.57,121679412.19000006
2025-08-01 09:27:47 AM,200.01,20,4000.2,121683412.39000006
2025-08-01 09:27:48 AM,199.99,228,45597.72,121729010.11000006
2025-08-01 09:27:49 AM,200.0,500,100000.0,121829010.11000006
2025-08-01 09:27:50 AM,200.0,5,1000.0,121830010.11000006
2025-08-01 09:27:51 AM,199.93,1200,239916.0,122069926.11000006
2025-08-01 09:27:51 AM,200.0,0,0.0,122069926.11000006
2025-08-01 09:27:52 AM,200.01,445,89004.45,122158930.56000006
2025-08-01 09:27:56 AM,200.0,1957,391400.0,122550330.56000006
2025-08-01 09:27:58 AM,200.0,50,10000.0,122560330.56000006
2025-08-01 09:28:00 AM,200.02,101,20202.02,122580532.58000006
2025-08-01 09:28:03 AM,200.0,0,0.0,122580532.58000006
2025-08-01 09:28:04 AM,200.01,0,0.0,122580532.58000006
2025-08-01 09:28:06 AM,200.01,763,152607.63,122733140.21000005
2025-08-01 09:28:11 AM,200.0,0,0.0,122733140.21000005
2025-08-01 09:28:11 AM,200.01,0,0.0,122733140.21000005
2025-08-01 09:28:13 AM,200.0,597,119400.0,122852540.21000005
2025-08-01 09:28:15 AM,200.01,100,20001.0,122872541.21000005
2025-08-01 09:28:21 AM,200.0,1282,256400.0,123128941.21000005
2025-08-01 09:28:22 AM,200.06,0,0.0,123128941.21000005
2025-08-01 09:28:28 AM,199.9,0,0.0,123128941.21000005
2025-08-01 09:28:28 AM,199.81,0,0.0,123128941.21000005
2025-08-01 09:28:29 AM,199.91,21381,4274275.71,127403216.92000005
2025-08-01 09:28:33 AM,199.9,0,0.0,127403216.92000005
2025-08-01 09:28:36 AM,199.88,1573,314411.24,127717628.16000004
2025-08-01 09:28:38 AM,199.8,9,1798.2,127719426.36000004
2025-08-01 09:28:39 AM,199.87,0,0.0,127719426.36000004
2025-08-01 09:28:44 AM,199.85,0,0.0,127719426.36000004
2025-08-01 09:28:44 AM,199.85,316,63152.6,127782578.96000004
2025-08-01 09:28:45 AM,199.86,0,0.0,127782578.96000004
2025-08-01 09:28:52 AM,199.86,1055,210852.30000000002,127993431.26000004
2025-08-01 09:28:55 AM,199.8,0,0.0,127993431.26000004
2025-08-01 09:28:59 AM,199.83,561,112104.63,128105535.89000003
2025-08-01 09:29:00 AM,199.75,86,17178.5,128122714.39000003
2025-08-01 09:29:01 AM,199.83,0,0.0,128122714.39000003
2025-08-01 09:29:07 AM,199.81,4134,826014.54,128948728.93000004
2025-08-01 09:29:12 AM,199.8,0,0.0,128948728.93000004
2025-08-01 09:29:14 AM,199.8,1565,312687.0,129261415.93000004
2025-08-01 09:29:16 AM,199.71,1201,239851.71000000002,129501267.64000003
2025-08-01 09:29:18 AM,199.75,0,0.0,129501267.64000003
2025-08-01 09:29:18 AM,199.7,0,0.0,129501267.64000003
2025-08-01 09:29:22 AM,199.69,555,110827.95,129612095.59000003
2025-08-01 09:29:23 AM,199.64,0,0.0,129612095.59000003
2025-08-01 09:29:24 AM,199.64,54,10780.56,129622876.15000004
2025-08-01 09:29:27 AM,199.71,0,0.0,129622876.15000004
2025-08-01 09:29:30 AM,199.8,1184,236563.2,129859439.35000004
2025-08-01 09:29:31 AM,199.7,500,99850.0,129959289.35000004
2025-08-01 09:29:37 AM,199.79,1,199.79,129959489.14000005
2025-08-01 09:29:38 AM,199.7,20,3994.0,129963483.14000005
2025-08-01 09:29:42 AM,199.67,0,0.0,129963483.14000005
2025-08-01 09:29:44 AM,199.74,870,173773.80000000002,130137256.94000004
2025-08-01 09:29:48 AM,199.75,0,0.0,130137256.94000004
2025-08-01 09:29:52 AM,199.77,79,15781.83,130153038.77000004
2025-08-01 09:29:53 AM,199.78,0,0.0,130153038.77000004
2025-08-01 09:29:58 AM,199.75,0,0.0,130153038.77000004
2025-08-01 09:29:59 AM,199.68,4330,864614.4,131017653.17000005
2025-08-01 09:30:00 AM,199.64,286,57097.03999999999,131074750.21000005
2025-08-01 09:30:05 AM,199.5,0,0.0,131074750.21000005
2025-08-01 09:30:07 AM,199.6,3144,627542.4,131702292.61000006
2025-08-01 09:30:08 AM,199.5,1636,326382.0,132028674.61000006
2025-08-01 09:30:12 AM,199.52,0,0.0,132028674.61000006
2025-08-01 09:30:13 AM,199.55,0,0.0,132028674.61000006
2025-08-01 09:30:15 AM,199.54,2463,491467.01999999996,132520141.63000005
2025-08-01 09:30:16 AM,199.55,17,3392.3500000000004,132523533.98000005
2025-08-01 09:30:19 AM,199.6,0,0.0,132523533.98000005
2025-08-01 09:30:20 AM,199.58,0,0.0,132523533.98000005
2025-08-01 09:30:22 AM,199.64,2957,590335.48,133113869.46000005
2025-08-01 09:30:23 AM,199.68,6,1198.08,133115067.54000005
2025-08-01 09:30:26 AM,199.55,0,0.0,133115067.54000005
2025-08-01 09:30:30 AM,199.55,1079,215314.45,133330381.99000005
2025-08-01 09:30:30 AM,199.64,5,998.1999999999999,133331380.19000006
2025-08-01 09:30:33 AM,199.55,0,0.0,133331380.19000006
2025-08-01 09:30:37 AM,199.64,602,120183.28,133451563.47000006
2025-08-01 09:30:38 AM,199.64,11,2196.04,133453759.51000006
2025-08-01 09:30:44 AM,199.67,1100,219637.0,133673396.51000006
2025-08-01 09:30:45 AM,199.64,12,2395.68,133675792.19000007
2025-08-01 09:30:49 AM,199.66,0,0.0,133675792.19000007
2025-08-01 09:30:52 AM,199.65,508,101422.2,133777214.39000008
2025-08-01 09:30:52 AM,199.65,11,2196.15,133779410.54000008
2025-08-01 09:30:54 AM,199.74,0,0.0,133779410.54000008
2025-08-01 09:30:59 AM,199.75,2070,413482.5,134192893.04000008
2025-08-01 09:30:59 AM,199.8,0,0.0,134192893.04000008
2025-08-01 09:31:00 AM,199.8,2,399.6,134193292.64000008
2025-08-01 09:31:01 AM,199.92,0,0.0,134193292.64000008
2025-08-01 09:31:01 AM,199.89,135,26985.149999999998,134220277.79000008
2025-08-01 09:31:02 AM,199.89,311,62165.78999999999,134282443.58000007
2025-08-01 09:31:02 AM,199.75,0,0.0,134282443.58000007
2025-08-01 09:31:03 AM,199.75,1641,327789.75,134610233.33000007
2025-08-01 09:31:03 AM,199.76,51,10187.76,134620421.09000006
2025-08-01 09:31:04 AM,199.74,0,0.0,134620421.09000006
2025-08-01 09:31:05 AM,199.74,2,399.48,134620820.57000005
2025-08-01 09:31:06 AM,199.86,322,64354.920000000006,134685175.49000004
2025-08-01 09:31:13 AM,199.82,0,0.0,134685175.49000004
2025-08-01 09:31:13 AM,199.82,1,199.82,134685375.31000003
2025-08-01 09:31:15 AM,199.82,1,199.82,134685575.13000003
2025-08-01 09:31:15 AM,199.76,1,199.76,134685774.89000002
2025-08-01 09:31:19 AM,199.82,0,0.0,134685774.89000002
2025-08-01 09:31:19 AM,199.82,237,47357.34,134733132.23000002
2025-08-01 09:31:21 AM,199.86,0,0.0,134733132.23000002
2025-08-01 09:31:21 AM,199.86,1,199.86,134733332.09000003
2025-08-01 09:31:23 AM,199.86,500,99930.0,134833262.09000003
2025-08-01 09:31:24 AM,199.8,10,1998.0,134835260.09000003
2025-08-01 09:31:26 AM,199.86,21,4197.06,134839457.15000004
2025-08-01 09:31:27 AM,199.8,480,95904.0,134935361.15000004
2025-08-01 09:31:28 AM,199.8,40,7992.0,134943353.15000004
2025-08-01 09:31:30 AM,199.86,100,19986.0,134963339.15000004
2025-08-01 09:31:31 AM,199.9,951,190104.9,135153444.05000004
2025-08-01 09:31:37 AM,199.92,1,199.92,135153643.97000003
2025-08-01 09:31:38 AM,199.84,2638,527177.92,135680821.89000002
2025-08-01 09:31:38 AM,199.83,0,0.0,135680821.89000002
2025-08-01 09:31:39 AM,199.83,5,999.1500000000001,135681821.04000002
2025-08-01 09:31:40 AM,199.8,25,4995.0,135686816.04000002
2025-08-01 09:31:42 AM,199.89,1,199.89,135687015.93
2025-08-01 09:31:43 AM,199.9,0,0.0,135687015.93
2025-08-01 09:31:44 AM,199.9,190,37981.0,135724996.93
2025-08-01 09:31:45 AM,199.84,0,0.0,135724996.93
2025-08-01 09:31:45 AM,199.84,87,17386.08,135742383.01000002
2025-08-01 09:31:45 AM,199.8,3558,710888.4,136453271.41000003
2025-08-01 09:31:46 AM,199.98,932,186381.36,136639652.77000004
2025-08-01 09:31:46 AM,200.01,1507,301415.07,136941067.84000003
2025-08-01 09:31:48 AM,200.02,65,13001.300000000001,136954069.14000005
2025-08-01 09:31:48 AM,200.05,380,76019.0,137030088.14000005
2025-08-01 09:31:49 AM,200.03,0,0.0,137030088.14000005
2025-08-01 09:31:49 AM,200.0,1326,265200.0,137295288.14000005
2025-08-01 09:31:52 AM,200.04,579,115823.15999999999,137411111.30000004
2025-08-01 09:31:53 AM,200.07,521,104236.47,137515347.77000004
2025-08-01 09:31:55 AM,200.07,106,21207.42,137536555.19000003
2025-08-01 09:31:56 AM,200.07,206,41214.42,137577769.61
2025-08-01 09:31:56 AM,200.05,335,67016.75,137644786.36
2025-08-01 09:32:01 AM,200.07,0,0.0,137644786.36
2025-08-01 09:32:01 AM,200.07,589,117841.23,137762627.59
2025-08-01 09:32:01 AM,200.1,0,0.0,137762627.59
2025-08-01 09:32:01 AM,200.1,10,2001.0,137764628.59
2025-08-01 09:32:06 AM,200.03,74,14802.22,137779430.81
2025-08-01 09:32:07 AM,200.03,13,2600.39,137782031.2
2025-08-01 09:32:08 AM,200.03,6,1200.18,137783231.38
2025-08-01 09:32:08 AM,200.08,1062,212484.96000000002,137995716.34
2025-08-01 09:32:08 AM,200.03,0,0.0,137995716.34
2025-08-01 09:32:09 AM,200.03,12,2400.36,137998116.70000002
2025-08-01 09:32:10 AM,200.03,30,6000.9,138004117.60000002
2025-08-01 09:32:11 AM,200.03,12,2400.36,138006517.96000004
2025-08-01 09:32:12 AM,200.08,0,0.0,138006517.96000004
2025-08-01 09:32:12 AM,200.08,467,93437.36,138099955.32000005
2025-08-01 09:32:12 AM,200.08,204,40816.32,138140771.64000005
2025-08-01 09:32:14 AM,200.15,0,0.0,138140771.64000005
2025-08-01 09:32:14 AM,200.15,2000,400300.0,138541071.64000005
2025-08-01 09:32:15 AM,200.15,505,101075.75,138642147.39000005
2025-08-01 09:32:16 AM,200.09,719,143864.71,138786012.10000005
2025-08-01 09:32:21 AM,200.15,0,0.0,138786012.10000005
2025-08-01 09:32:21 AM,200.15,250,50037.5,138836049.60000005
2025-08-01 09:32:22 AM,200.15,513,102676.95,138938726.55000004
2025-08-01 09:32:23 AM,200.15,1,200.15,138938926.70000005
2025-08-01 09:32:23 AM,200.28,0,0.0,138938926.70000005
2025-08-01 09:32:23 AM,200.28,4000,801120.0,139740046.70000005
2025-08-01 09:32:26 AM,200.25,53,10613.25,139750659.95000005
2025-08-01 09:32:27 AM,200.24,200,40048.0,139790707.95000005
2025-08-01 09:32:28 AM,200.24,25,5006.0,139795713.95000005
2025-08-01 09:32:30 AM,200.24,2,400.48,139796114.43000004
2025-08-01 09:32:31 AM,200.24,10,2002.4,139798116.83000004
2025-08-01 09:32:32 AM,200.24,453,90708.72,139888825.55000004
2025-08-01 09:32:33 AM,200.21,3,600.63,139889426.18000004
2025-08-01 09:32:34 AM,200.15,585,117087.75,140006513.93000004
2025-08-01 09:32:37 AM,200.29,639,127985.31,140134499.24000004
2025-08-01 09:32:37 AM,200.25,484,96921.0,140231420.24000004
2025-08-01 09:32:38 AM,200.23,291,58266.93,140289687.17000005
2025-08-01 09:32:38 AM,200.25,10,2002.5,140291689.67000005
2025-08-01 09:32:39 AM,200.21,12,2402.52,140294092.19000006
2025-08-01 09:32:40 AM,200.25,1,200.25,140294292.44000006
2025-08-01 09:32:41 AM,200.25,10,2002.5,140296294.94000006
2025-08-01 09:32:41 AM,200.29,0,0.0,140296294.94000006
2025-08-01 09:32:42 AM,200.34,693,138835.62,140435130.56000006
2025-08-01 09:32:46 AM,200.33,10,2003.3000000000002,140437133.86000007
2025-08-01 09:32:47 AM,200.36,50,10018.0,140447151.86000007
2025-08-01 09:32:48 AM,200.36,11,2203.96,140449355.82000008
2025-08-01 09:32:48 AM,200.38,0,0.0,140449355.82000008
2025-08-01 09:32:49 AM,200.3,564,112969.20000000001,140562325.02000007
2025-08-01 09:32:49 AM,200.3,3,600.9000000000001,140562925.92000008
2025-08-01 09:32:51 AM,200.31,0,0.0,140562925.92000008
2025-08-01 09:32:51 AM,200.31,28,5608.68,140568534.60000008
2025-08-01 09:32:52 AM,200.38,0,0.0,140568534.60000008
2025-08-01 09:32:53 AM,200.34,0,0.0,140568534.60000008
2025-08-01 09:32:53 AM,200.34,511,102373.74,140670908.3400001
2025-08-01 09:32:53 AM,200.35,11,2203.85,140673112.1900001
2025-08-01 09:32:53 AM,200.39,0,0.0,140673112.1900001
2025-08-01 09:32:54 AM,200.38,2483,497543.54,141170655.73000008
2025-08-01 09:32:54 AM,200.39,0,0.0,141170655.73000008
2025-08-01 09:32:55 AM,200.39,46,9217.939999999999,141179873.67000008
2025-08-01 09:32:55 AM,200.4,0,0.0,141179873.67000008
2025-08-01 09:32:56 AM,200.39,1450,290565.5,141470439.17000008
2025-08-01 09:32:57 AM,200.39,25,5009.75,141475448.92000008
2025-08-01 09:32:57 AM,200.45,0,0.0,141475448.92000008
2025-08-01 09:32:58 AM,200.38,38,7614.44,141483063.36000007
2025-08-01 09:32:58 AM,200.45,0,0.0,141483063.36000007
2025-08-01 09:32:59 AM,200.45,50,10022.5,141493085.86000007
2025-08-01 09:32:59 AM,200.45,40,8018.0,141501103.86000007
2025-08-01 09:32:59 AM,200.39,0,0.0,141501103.86000007
2025-08-01 09:33:00 AM,200.39,12,2404.68,141503508.54000008
2025-08-01 09:33:06 AM,200.41,0,0.0,141503508.54000008
2025-08-01 09:33:06 AM,200.4,542,108616.8,141612125.3400001
2025-08-01 09:33:13 AM,200.4,44,8817.6,141620942.9400001
2025-08-01 09:33:20 AM,200.44,578,115854.31999999999,141736797.26000008
2025-08-01 09:33:22 AM,200.45,0,0.0,141736797.26000008
2025-08-01 09:33:27 AM,200.45,4716,945322.2,142682119.46000007
2025-08-01 09:33:32 AM,200.54,0,0.0,142682119.46000007
2025-08-01 09:33:34 AM,200.39,4320,865684.7999999999,143547804.26000008
2025-08-01 09:33:37 AM,200.44,0,0.0,143547804.26000008
2025-08-01 09:33:41 AM,200.51,971,194695.21,143742499.4700001
2025-08-01 09:33:42 AM,200.48,0,0.0,143742499.4700001
2025-08-01 09:33:47 AM,200.54,0,0.0,143742499.4700001
2025-08-01 09:33:48 AM,200.54,256,51338.24,143793837.7100001
2025-08-01 09:33:55 AM,200.74,1048,210375.52000000002,144004213.2300001
2025-08-01 09:33:56 AM,200.72,0,0.0,144004213.2300001
2025-08-01 09:33:57 AM,200.65,0,0.0,144004213.2300001
2025-08-01 09:34:02 AM,200.65,2384,478349.60000000003,144482562.8300001
2025-08-01 09:34:02 AM,200.64,148,29694.719999999998,144512257.5500001
2025-08-01 09:34:07 AM,200.62,0,0.0,144512257.5500001
2025-08-01 09:34:08 AM,200.54,0,0.0,144512257.5500001
2025-08-01 09:34:09 AM,200.6,702,140821.19999999998,144653078.7500001
2025-08-01 09:34:09 AM,200.62,150,30093.0,144683171.7500001
2025-08-01 09:34:12 AM,200.63,0,0.0,144683171.7500001
2025-08-01 09:34:16 AM,200.63,75,15047.25,144698219.0000001
2025-08-01 09:34:17 AM,200.62,0,0.0,144698219.0000001
2025-08-01 09:34:22 AM,200.47,0,0.0,144698219.0000001
2025-08-01 09:34:23 AM,200.47,733,146944.51,144845163.51000008
2025-08-01 09:34:25 AM,200.51,0,0.0,144845163.51000008
2025-08-01 09:34:27 AM,200.44,0,0.0,144845163.51000008
2025-08-01 09:34:30 AM,200.46,0,0.0,144845163.51000008
2025-08-01 09:34:30 AM,200.46,6288,1260492.48,146105655.99000007
2025-08-01 09:34:30 AM,200.45,3792,760106.3999999999,146865762.39000008
2025-08-01 09:34:32 AM,200.39,0,0.0,146865762.39000008
2025-08-01 09:34:35 AM,200.4,0,0.0,146865762.39000008
2025-08-01 09:34:37 AM,200.4,3300,661320.0,147527082.39000008
2025-08-01 09:34:40 AM,200.39,0,0.0,147527082.39000008
2025-08-01 09:34:42 AM,200.38,0,0.0,147527082.39000008
2025-08-01 09:34:44 AM,200.33,11048,2213245.8400000003,149740328.23000008
2025-08-01 09:34:47 AM,200.35,0,0.0,149740328.23000008
2025-08-01 09:34:51 AM,200.25,4392,879498.0,150619826.23000008
2025-08-01 09:34:54 AM,200.21,0,0.0,150619826.23000008
2025-08-01 09:34:57 AM,200.2,0,0.0,150619826.23000008
2025-08-01 09:34:57 AM,200.2,1869,374173.8,150994000.0300001
2025-08-01 09:34:58 AM,200.21,770,154161.7,151148161.73000008
2025-08-01 09:35:02 AM,200.11,0,0.0,151148161.73000008
2025-08-01 09:35:04 AM,200.2,384,76876.79999999999,151225038.5300001
2025-08-01 09:35:07 AM,200.19,0,0.0,151225038.5300001
2025-08-01 09:35:11 AM,200.03,9299,1860078.97,153085117.5000001
2025-08-01 09:35:17 AM,200.12,0,0.0,153085117.5000001
2025-08-01 09:35:19 AM,200.1,1549,309954.89999999997,153395072.4000001
2025-08-01 09:35:22 AM,200.15,0,0.0,153395072.4000001
2025-08-01 09:35:26 AM,200.07,1350,270094.5,153665166.9000001
2025-08-01 09:35:32 AM,200.09,0,0.0,153665166.9000001
2025-08-01 09:35:33 AM,200.09,134,26812.06,153691978.9600001
2025-08-01 09:35:37 AM,200.07,0,0.0,153691978.9600001
2025-08-01 09:35:39 AM,200.09,146,29213.14,153721192.10000008
2025-08-01 09:35:46 AM,200.05,898,179644.90000000002,153900837.0000001
2025-08-01 09:35:51 AM,200.1,0,0.0,153900837.0000001
2025-08-01 09:35:53 AM,200.06,85,17005.1,153917842.10000008
2025-08-01 09:35:56 AM,200.07,0,0.0,153917842.10000008
2025-08-01 09:35:59 AM,200.07,52,10403.64,153928245.74000007
2025-08-01 09:36:06 AM,200.07,652,130445.64,154058691.38000005
2025-08-01 09:36:09 AM,200.22,0,0.0,154058691.38000005
2025-08-01 09:36:13 AM,200.22,1812,362798.64,154421490.02000004
2025-08-01 09:36:25 AM,200.24,0,0.0,154421490.02000004
2025-08-01 09:36:26 AM,200.24,515,103123.6,154524613.62000003
2025-08-01 09:36:32 AM,200.25,300,60075.0,154584688.62000003
2025-08-01 09:36:39 AM,200.24,1060,212254.40000000002,154796943.02000004
2025-08-01 09:36:41 AM,200.32,0,0.0,154796943.02000004
2025-08-01 09:36:45 AM,200.24,0,0.0,154796943.02000004
2025-08-01 09:36:45 AM,200.24,201,40248.240000000005,154837191.26000005
2025-08-01 09:36:52 AM,200.25,4,801.0,154837992.26000005
2025-08-01 09:36:57 AM,200.29,0,0.0,154837992.26000005
2025-08-01 09:36:57 AM,200.24,0,0.0,154837992.26000005
2025-08-01 09:36:59 AM,200.24,8531,1708247.4400000002,156546239.70000005
2025-08-01 09:36:59 AM,200.25,45,9011.25,156555250.95000005
2025-08-01 09:37:01 AM,200.24,0,0.0,156555250.95000005
2025-08-01 09:37:01 AM,200.23,0,0.0,156555250.95000005
2025-08-01 09:37:05 AM,200.17,0,0.0,156555250.95000005
2025-08-01 09:37:05 AM,200.2,0,0.0,156555250.95000005
2025-08-01 09:37:06 AM,200.2,11558,2313911.6,158869162.55000004
2025-08-01 09:37:06 AM,200.18,2,400.36,158869562.91000006
2025-08-01 09:37:11 AM,200.15,0,0.0,158869562.91000006
2025-08-01 09:37:13 AM,200.11,10979,2197007.69,161066570.60000005
2025-08-01 09:37:13 AM,200.29,10003,2003500.8699999999,163070071.47000006
2025-08-01 09:37:16 AM,200.39,0,0.0,163070071.47000006
2025-08-01 09:37:20 AM,200.44,0,0.0,163070071.47000006
2025-08-01 09:37:20 AM,200.44,22182,4446160.08,167516231.55000007
2025-08-01 09:37:26 AM,200.39,0,0.0,167516231.55000007
2025-08-01 09:37:27 AM,200.24,1010,202242.40000000002,167718473.95000008
2025-08-01 09:37:30 AM,200.27,0,0.0,167718473.95000008
2025-08-01 09:37:31 AM,200.15,0,0.0,167718473.95000008
2025-08-01 09:37:34 AM,200.12,2710,542325.2000000001,168260799.15000007
2025-08-01 09:37:35 AM,200.15,0,0.0,168260799.15000007
2025-08-01 09:37:39 AM,200.14,0,0.0,168260799.15000007
2025-08-01 09:37:40 AM,200.18,7413,1483934.34,169744733.49000007
2025-08-01 09:37:43 AM,200.15,0,0.0,169744733.49000007
2025-08-01 09:37:44 AM,200.21,0,0.0,169744733.49000007
2025-08-01 09:37:47 AM,200.14,6478,1296506.92,171041240.41000006
2025-08-01 09:37:51 AM,200.12,0,0.0,171041240.41000006
2025-08-01 09:37:53 AM,200.11,0,0.0,171041240.41000006
2025-08-01 09:37:53 AM,200.19,752,150542.88,171191783.29000005
2025-08-01 09:37:54 AM,200.19,7,1401.33,171193184.62000006
2025-08-01 09:37:59 AM,200.16,0,0.0,171193184.62000006
2025-08-01 09:38:00 AM,200.16,183,36629.28,171229813.90000007
2025-08-01 09:38:01 AM,200.11,20,4002.2000000000003,171233816.10000005
2025-08-01 09:38:03 AM,200.11,60,12006.6,171245822.70000005
2025-08-01 09:38:05 AM,200.16,0,0.0,171245822.70000005
2025-08-01 09:38:05 AM,200.14,101,20214.14,171266036.84000003
2025-08-01 09:38:06 AM,200.11,200,40022.0,171306058.84000003
2025-08-01 09:38:07 AM,200.14,0,0.0,171306058.84000003
2025-08-01 09:38:07 AM,200.14,1,200.14,171306258.98000002
2025-08-01 09:38:07 AM,200.14,100,20014.0,171326272.98000002
2025-08-01 09:38:08 AM,200.14,12,2401.68,171328674.66000003
2025-08-01 09:38:09 AM,200.11,0,0.0,171328674.66000003
2025-08-01 09:38:09 AM,200.11,66,13207.26,171341881.92000002
2025-08-01 09:38:10 AM,200.14,5,1000.6999999999999,171342882.62
2025-08-01 09:38:11 AM,200.14,283,56639.619999999995,171399522.24
2025-08-01 09:38:12 AM,200.12,0,0.0,171399522.24
2025-08-01 09:38:12 AM,200.12,55,11006.6,171410528.84
2025-08-01 09:38:13 AM,200.14,235,47032.899999999994,171457561.74
2025-08-01 09:38:13 AM,200.13,64,12808.32,171470370.06
2025-08-01 09:38:14 AM,200.11,36,7203.960000000001,171477574.02
2025-08-01 09:38:15 AM,200.11,39,7804.290000000001,171485378.31
2025-08-01 09:38:16 AM,200.11,50,10005.5,171495383.81
2025-08-01 09:38:17 AM,200.13,500,100065.0,171595448.81
2025-08-01 09:38:18 AM,200.11,100,20011.0,171615459.81
2025-08-01 09:38:19 AM,200.11,20,4002.2000000000003,171619462.01
2025-08-01 09:38:21 AM,200.13,0,0.0,171619462.01
2025-08-01 09:38:22 AM,200.13,3,600.39,171620062.39999998
2025-08-01 09:38:22 AM,200.11,33,6603.63,171626666.02999997
2025-08-01 09:38:25 AM,200.13,0,0.0,171626666.02999997
2025-08-01 09:38:25 AM,200.13,1027,205533.51,171832199.53999996
2025-08-01 09:38:30 AM,200.12,218,43626.16,171875825.69999996
2025-08-01 09:38:32 AM,200.12,1,200.12,171876025.81999996
2025-08-01 09:38:33 AM,200.14,105,21014.699999999997,171897040.51999995
2025-08-01 09:38:38 AM,200.06,14843,2969490.58,174866531.09999996
2025-08-01 09:38:38 AM,200.07,0,0.0,174866531.09999996
2025-08-01 09:38:39 AM,200.07,12,2400.84,174868931.93999997
2025-08-01 09:38:40 AM,200.07,101,20207.07,174889139.00999996
2025-08-01 09:38:41 AM,200.05,0,0.0,174889139.00999996
2025-08-01 09:38:42 AM,200.05,758,151637.9,175040776.90999997
2025-08-01 09:38:43 AM,200.04,0,0.0,175040776.90999997
2025-08-01 09:38:43 AM,200.05,926,185246.30000000002,175226023.20999998
2025-08-01 09:38:43 AM,200.07,0,0.0,175226023.20999998
2025-08-01 09:38:44 AM,200.07,250,50017.5,175276040.70999998
2025-08-01 09:38:45 AM,200.07,160,32011.199999999997,175308051.90999997
2025-08-01 09:38:46 AM,200.0,500,100000.0,175408051.90999997
2025-08-01 09:38:48 AM,200.05,11,2200.55,175410252.45999998
2025-08-01 09:38:48 AM,200.0,347,69400.0,175479652.45999998
2025-08-01 09:38:50 AM,200.0,100,20000.0,175499652.45999998
2025-08-01 09:38:51 AM,200.0,14,2800.0,175502452.45999998
2025-08-01 09:38:52 AM,200.0,2,400.0,175502852.45999998
2025-08-01 09:38:53 AM,200.0,1,200.0,175503052.45999998
2025-08-01 09:38:54 AM,199.99,0,0.0,175503052.45999998
2025-08-01 09:38:54 AM,199.99,6048,1209539.52,176712591.98
2025-08-01 09:38:54 AM,200.0,0,0.0,176712591.98
2025-08-01 09:38:55 AM,200.0,2,400.0,176712991.98
2025-08-01 09:38:56 AM,200.0,291,58200.0,176771191.98
2025-08-01 09:38:56 AM,200.0,179,35800.0,176806991.98
2025-08-01 09:38:58 AM,199.97,20,3999.4,176810991.38
2025-08-01 09:39:00 AM,199.9,45,8995.5,176819986.88
2025-08-01 09:39:08 AM,199.9,2789,557521.1,177377507.98
2025-08-01 09:39:12 AM,199.85,0,0.0,177377507.98
2025-08-01 09:39:14 AM,199.85,357,71346.45,177448854.42999998
2025-08-01 09:39:16 AM,199.86,0,0.0,177448854.42999998
2025-08-01 09:39:21 AM,199.86,2,399.72,177449254.14999998
2025-08-01 09:39:21 AM,199.85,20,3997.0,177453251.14999998
2025-08-01 09:39:22 AM,199.86,0,0.0,177453251.14999998
2025-08-01 09:39:26 AM,199.9,0,0.0,177453251.14999998
2025-08-01 09:39:28 AM,199.9,5265,1052473.5,178505724.64999998
2025-08-01 09:39:30 AM,199.86,0,0.0,178505724.64999998
2025-08-01 09:39:34 AM,200.03,0,0.0,178505724.64999998
2025-08-01 09:39:34 AM,200.03,3977,795519.31,179301243.95999998
2025-08-01 09:39:35 AM,200.13,350,70045.5,179371289.45999998
2025-08-01 09:39:38 AM,200.04,0,0.0,179371289.45999998
2025-08-01 09:39:41 AM,200.11,646,129271.06000000001,179500560.51999998
2025-08-01 09:39:41 AM,200.01,107,21401.07,179521961.58999997
2025-08-01 09:39:42 AM,200.0,0,0.0,179521961.58999997
2025-08-01 09:39:46 AM,200.01,0,0.0,179521961.58999997
2025-08-01 09:39:47 AM,200.01,1747,349417.47,179871379.05999997
2025-08-01 09:39:54 AM,200.0,22,4400.0,179875779.05999997
2025-08-01 09:39:58 AM,199.98,0,0.0,179875779.05999997
2025-08-01 09:40:00 AM,200.0,191,38200.0,179913979.05999997
2025-08-01 09:40:07 AM,200.0,3117,623400.0,180537379.05999997
2025-08-01 09:40:10 AM,200.02,0,0.0,180537379.05999997
2025-08-01 09:40:14 AM,200.11,512,102456.32,180639835.37999997
2025-08-01 09:40:18 AM,200.13,0,0.0,180639835.37999997
2025-08-01 09:40:20 AM,200.15,1801,360470.15,181000305.52999997
2025-08-01 09:40:23 AM,200.25,0,0.0,181000305.52999997
2025-08-01 09:40:27 AM,200.25,270,54067.5,181054373.02999997
2025-08-01 09:40:28 AM,200.25,10032,2008908.0,183063281.02999997
2025-08-01 09:40:33 AM,200.36,0,0.0,183063281.02999997
2025-08-01 09:40:33 AM,200.36,11672,2338601.9200000004,185401882.94999996
2025-08-01 09:40:37 AM,200.44,0,0.0,185401882.94999996
2025-08-01 09:40:40 AM,200.44,2304,461813.76,185863696.70999995
2025-08-01 09:40:41 AM,200.39,92,18435.879999999997,185882132.58999994
2025-08-01 09:40:41 AM,200.44,0,0.0,185882132.58999994
2025-08-01 09:40:45 AM,200.5,0,0.0,185882132.58999994
2025-08-01 09:40:47 AM,200.5,3664,734632.0,186616764.58999994
2025-08-01 09:40:50 AM,200.73,0,0.0,186616764.58999994
2025-08-01 09:40:53 AM,200.73,601,120638.73,186737403.31999993
2025-08-01 09:40:54 AM,200.68,2002,401761.36,187139164.67999995
2025-08-01 09:40:59 AM,200.7,0,0.0,187139164.67999995
2025-08-01 09:41:00 AM,200.7,879,176415.3,187315579.97999996
2025-08-01 09:41:05 AM,200.8,0,0.0,187315579.97999996
2025-08-01 09:41:06 AM,200.8,6572,1319657.6,188635237.57999995
2025-08-01 09:41:09 AM,201.0,0,0.0,188635237.57999995
2025-08-01 09:41:13 AM,201.01,9087,1826577.8699999999,190461815.44999996
2025-08-01 09:41:17 AM,201.05,0,0.0,190461815.44999996
2025-08-01 09:41:20 AM,201.05,2076,417379.80000000005,190879195.24999997
2025-08-01 09:41:21 AM,201.04,1393,280048.72,191159243.96999997
2025-08-01 09:41:21 AM,201.05,0,0.0,191159243.96999997
2025-08-01 09:41:25 AM,200.8,0,0.0,191159243.96999997
2025-08-01 09:41:26 AM,201.0,26802,5387202.0,196546445.96999997
2025-08-01 09:41:27 AM,201.0,448,90048.0,196636493.96999997
2025-08-01 09:41:33 AM,201.0,3197,642597.0,197279090.96999997
2025-08-01 09:41:34 AM,201.0,4661,936861.0,198215951.96999997
2025-08-01 09:41:37 AM,200.9,0,0.0,198215951.96999997
2025-08-01 09:41:40 AM,201.0,3741,751941.0,198967892.96999997
2025-08-01 09:41:47 AM,201.0,17,3417.0,198971309.96999997
2025-08-01 09:41:49 AM,200.98,0,0.0,198971309.96999997
2025-08-01 09:41:53 AM,200.87,4189,841444.43,199812754.39999998
2025-08-01 09:41:54 AM,200.85,0,0.0,199812754.39999998
2025-08-01 09:41:54 AM,200.85,106,21290.1,199834044.49999997
2025-08-01 09:41:57 AM,200.76,0,0.0,199834044.49999997
2025-08-01 09:41:59 AM,200.76,2001,401720.76,200235765.25999996
2025-08-01 09:42:01 AM,200.84,62,12452.08,200248217.33999997
2025-08-01 09:42:02 AM,200.82,264,53016.479999999996,200301233.81999996
2025-08-01 09:42:06 AM,200.82,40,8032.799999999999,200309266.61999997
2025-08-01 09:42:07 AM,200.82,145,29118.899999999998,200338385.51999998
2025-08-01 09:42:08 AM,200.82,62,12450.84,200350836.35999998
2025-08-01 09:42:10 AM,200.82,215,43176.299999999996,200394012.66
2025-08-01 09:42:11 AM,200.82,45,9036.9,200403049.56
2025-08-01 09:42:12 AM,200.8,0,0.0,200403049.56
2025-08-01 09:42:12 AM,200.8,52,10441.6,200413491.16
2025-08-01 09:42:13 AM,200.82,2,401.64,200413892.79999998
2025-08-01 09:42:13 AM,200.66,0,0.0,200413892.79999998
2025-08-01 09:42:14 AM,200.66,1360,272897.6,200686790.39999998
2025-08-01 09:42:14 AM,200.62,95,19058.9,200705849.29999998
2025-08-01 09:42:16 AM,200.62,40,8024.8,200713874.1
2025-08-01 09:42:21 AM,200.58,2,401.16,200714275.26
2025-08-01 09:42:21 AM,200.6,0,0.0,200714275.26
2025-08-01 09:42:22 AM,200.6,1000,200600.0,200914875.26
2025-08-01 09:42:22 AM,200.6,63,12637.8,200927513.06
2025-08-01 09:42:24 AM,200.6,2,401.2,200927914.26
2025-08-01 09:42:25 AM,200.6,300,60180.0,200988094.26
2025-08-01 09:42:27 AM,200.51,0,0.0,200988094.26
2025-08-01 09:42:28 AM,200.51,4,802.04,200988896.29999998
2025-08-01 09:42:30 AM,200.5,200,40100.0,201028996.29999998
2025-08-01 09:42:31 AM,200.49,48,9623.52,201038619.82
2025-08-01 09:42:32 AM,200.44,1,200.44,201038820.26
2025-08-01 09:42:35 AM,200.49,0,0.0,201038820.26
2025-08-01 09:42:35 AM,200.49,10,2004.9,201040825.16
2025-08-01 09:42:36 AM,200.48,0,0.0,201040825.16
2025-08-01 09:42:37 AM,200.48,1492,299116.16,201339941.32
2025-08-01 09:42:39 AM,200.43,150,30064.5,201370005.82
2025-08-01 09:42:40 AM,200.48,1,200.48,201370206.29999998
2025-08-01 09:42:41 AM,200.45,313,62740.85,201432947.14999998
2025-08-01 09:42:42 AM,200.45,74,14833.3,201447780.45
2025-08-01 09:42:43 AM,200.45,107,21448.149999999998,201469228.6
2025-08-01 09:42:45 AM,200.51,3519,705594.69,202174823.29
2025-08-01 09:42:45 AM,200.5,0,0.0,202174823.29
2025-08-01 09:42:46 AM,200.5,646,129523.0,202304346.29
2025-08-01 09:42:48 AM,200.49,0,0.0,202304346.29
2025-08-01 09:42:49 AM,200.49,538,107863.62000000001,202412209.91
2025-08-01 09:42:49 AM,200.47,7,1403.29,202413613.2
2025-08-01 09:42:49 AM,200.44,0,0.0,202413613.2
2025-08-01 09:42:50 AM,200.44,872,174783.68,202588396.88
2025-08-01 09:42:51 AM,200.65,0,0.0,202588396.88
2025-08-01 09:42:51 AM,200.51,2173,435708.23,203024105.10999998
2025-08-01 09:42:52 AM,200.56,0,0.0,203024105.10999998
2025-08-01 09:42:52 AM,200.51,53,10627.029999999999,203034732.14
2025-08-01 09:42:53 AM,200.53,1,200.53,203034932.67
2025-08-01 09:42:56 AM,200.61,0,0.0,203034932.67
2025-08-01 09:42:56 AM,200.61,5,1003.0500000000001,203035935.72
2025-08-01 09:42:58 AM,200.59,0,0.0,203035935.72
2025-08-01 09:42:58 AM,200.59,47,9427.73,203045363.45
2025-08-01 09:42:59 AM,200.61,2,401.22,203045764.67
2025-08-01 09:43:00 AM,200.61,1,200.61,203045965.28
2025-08-01 09:43:00 AM,200.55,0,0.0,203045965.28
2025-08-01 09:43:01 AM,200.65,0,0.0,203045965.28
2025-08-01 09:43:01 AM,200.65,92,18459.8,203064425.08
2025-08-01 09:43:02 AM,200.61,0,0.0,203064425.08
2025-08-01 09:43:03 AM,200.6,26,5215.599999999999,203069640.68
2025-08-01 09:43:04 AM,200.59,66,13238.94,203082879.62
2025-08-01 09:43:05 AM,200.65,75,15048.75,203097928.37
2025-08-01 09:43:07 AM,200.68,0,0.0,203097928.37
2025-08-01 09:43:08 AM,200.68,2677,537220.36,203635148.73000002
2025-08-01 09:43:08 AM,200.75,3,602.25,203635750.98000002
2025-08-01 09:43:09 AM,200.75,1,200.75,203635951.73000002
2025-08-01 09:43:10 AM,200.7,0,0.0,203635951.73000002
2025-08-01 09:43:10 AM,200.7,7904,1586332.7999999998,205222284.53000003
2025-08-01 09:43:11 AM,200.7,685,137479.5,205359764.03000003
2025-08-01 09:43:12 AM,200.66,0,0.0,205359764.03000003
2025-08-01 09:43:12 AM,200.66,1473,295572.18,205655336.21000004
2025-08-01 09:43:15 AM,200.68,1,200.68,205655536.89000005
2025-08-01 09:43:17 AM,200.66,16,3210.56,205658747.45000005
2025-08-01 09:43:17 AM,200.67,570,114381.9,205773129.35000005
2025-08-01 09:43:18 AM,200.68,0,0.0,205773129.35000005
2025-08-01 09:43:18 AM,200.68,100,20068.0,205793197.35000005
2025-08-01 09:43:30 AM,200.65,25,5016.25,205798213.60000005
2025-08-01 09:43:32 AM,200.6,51,10230.6,205808444.20000005
2025-08-01 09:43:37 AM,200.65,1,200.65,205808644.85000005
2025-08-01 09:43:39 AM,200.65,9,1805.8500000000001,205810450.70000005
2025-08-01 09:43:41 AM,200.68,1616,324298.88,206134749.58000004
2025-08-01 09:43:43 AM,200.65,1,200.65,206134950.23000005
2025-08-01 09:43:47 AM,200.65,100,20065.0,206155015.23000005
2025-08-01 09:43:50 AM,200.68,0,0.0,206155015.23000005
2025-08-01 09:43:51 AM,200.65,504,101127.6,206256142.83000004
2025-08-01 09:43:52 AM,200.6,0,0.0,206256142.83000004
2025-08-01 09:43:52 AM,200.6,1806,362283.6,206618426.43000004
2025-08-01 09:43:53 AM,200.44,976,195629.44,206814055.87000003
2025-08-01 09:43:53 AM,200.46,12,2405.52,206816461.39000005
2025-08-01 09:43:53 AM,200.3,0,0.0,206816461.39000005
2025-08-01 09:43:54 AM,200.32,5232,1048074.24,207864535.63000005
2025-08-01 09:43:54 AM,200.18,0,0.0,207864535.63000005
2025-08-01 09:43:55 AM,200.18,4085,817735.3,208682270.93000007
2025-08-01 09:43:55 AM,200.03,11249,2250137.47,210932408.40000007
2025-08-01 09:43:55 AM,200.06,0,0.0,210932408.40000007
2025-08-01 09:43:56 AM,200.06,855,171051.3,211103459.70000008
2025-08-01 09:43:56 AM,200.06,1299,259877.94,211363337.64000008
2025-08-01 09:43:57 AM,200.06,1314,262878.84,211626216.48000008
2025-08-01 09:43:58 AM,200.06,397,79423.82,211705640.30000007
2025-08-01 09:43:58 AM,200.08,0,0.0,211705640.30000007
2025-08-01 09:43:59 AM,200.08,16,3201.28,211708841.58000007
2025-08-01 09:43:59 AM,200.06,932,186455.92,211895297.50000006
2025-08-01 09:44:00 AM,200.04,5,1000.1999999999999,211896297.70000005
2025-08-01 09:44:01 AM,200.05,0,0.0,211896297.70000005
2025-08-01 09:44:01 AM,200.02,3410,682068.2000000001,212578365.90000004
2025-08-01 09:44:03 AM,200.0,0,0.0,212578365.90000004
2025-08-01 09:44:03 AM,200.02,0,0.0,212578365.90000004
2025-08-01 09:44:04 AM,200.07,0,0.0,212578365.90000004
2025-08-01 09:44:05 AM,200.0,0,0.0,212578365.90000004
2025-08-01 09:44:06 AM,200.0,1014,202800.0,212781165.90000004
2025-08-01 09:44:07 AM,200.01,0,0.0,212781165.90000004
2025-08-01 09:44:09 AM,200.01,7,1400.07,212782565.97000003
2025-08-01 09:44:10 AM,200.0,0,0.0,212782565.97000003
2025-08-01 09:44:11 AM,200.0,5097,1019400.0,213801965.97000003
2025-08-01 09:44:12 AM,199.95,0,0.0,213801965.97000003
2025-08-01 09:44:12 AM,199.97,0,0.0,213801965.97000003
2025-08-01 09:44:13 AM,199.95,2379,475681.05,214277647.02000004
2025-08-01 09:44:13 AM,199.91,6,1199.46,214278846.48000005
2025-08-01 09:44:14 AM,199.97,81,16197.57,214295044.05000004
2025-08-01 09:44:15 AM,199.92,0,0.0,214295044.05000004
2025-08-01 09:44:16 AM,199.92,14,2798.8799999999997,214297842.93000004
2025-08-01 09:44:17 AM,199.91,0,0.0,214297842.93000004
2025-08-01 09:44:18 AM,199.91,69,13793.789999999999,214311636.72000003
2025-08-01 09:44:19 AM,199.94,0,0.0,214311636.72000003
2025-08-01 09:44:20 AM,199.94,10,1999.4,214313636.12000003
2025-08-01 09:44:20 AM,200.04,1275,255051.0,214568687.12000003
2025-08-01 09:44:21 AM,200.04,16,3200.64,214571887.76000002
2025-08-01 09:44:21 AM,200.0,100,20000.0,214591887.76000002
2025-08-01 09:44:22 AM,200.0,354,70800.0,214662687.76000002
2025-08-01 09:44:23 AM,200.0,54,10800.0,214673487.76000002
2025-08-01 09:44:25 AM,200.0,40,8000.0,214681487.76000002
2025-08-01 09:44:25 AM,200.0,6,1200.0,214682687.76000002
2025-08-01 09:44:26 AM,200.0,6,1200.0,214683887.76000002
2025-08-01 09:44:27 AM,200.0,5,1000.0,214684887.76000002
2025-08-01 09:44:28 AM,200.01,0,0.0,214684887.76000002
2025-08-01 09:44:29 AM,200.01,1,200.01,214685087.77
2025-08-01 09:44:31 AM,200.06,0,0.0,214685087.77
2025-08-01 09:44:32 AM,200.01,0,0.0,214685087.77
2025-08-01 09:44:32 AM,200.03,0,0.0,214685087.77
2025-08-01 09:44:33 AM,200.03,549,109816.47,214794904.24
2025-08-01 09:44:33 AM,200.02,0,0.0,214794904.24
2025-08-01 09:44:34 AM,200.0,2992,598400.0,215393304.24
2025-08-01 09:44:36 AM,199.98,0,0.0,215393304.24
2025-08-01 09:44:36 AM,199.97,0,0.0,215393304.24
2025-08-01 09:44:37 AM,199.95,0,0.0,215393304.24
2025-08-01 09:44:38 AM,199.95,329,65783.55,215459087.79000002
2025-08-01 09:44:39 AM,199.97,0,0.0,215459087.79000002
2025-08-01 09:44:40 AM,199.97,724,144778.28,215603866.07000002
2025-08-01 09:44:40 AM,200.01,0,0.0,215603866.07000002
2025-08-01 09:44:41 AM,199.97,0,0.0,215603866.07000002
2025-08-01 09:44:41 AM,199.97,1200,239964.0,215843830.07000002
2025-08-01 09:44:41 AM,199.93,0,0.0,215843830.07000002
2025-08-01 09:44:42 AM,199.99,246,49197.54,215893027.61
2025-08-01 09:44:43 AM,199.93,34,6797.62,215899825.23000002
2025-08-01 09:44:45 AM,199.93,7,1399.51,215901224.74
2025-08-01 09:44:46 AM,199.97,1000,199970.0,216101194.74
2025-08-01 09:44:48 AM,199.92,0,0.0,216101194.74
2025-08-01 09:44:49 AM,199.92,150,29987.999999999996,216131182.74
2025-08-01 09:44:50 AM,199.93,0,0.0,216131182.74
2025-08-01 09:44:51 AM,199.93,38,7597.34,216138780.08
2025-08-01 09:44:51 AM,199.94,2561,512046.33999999997,216650826.42000002
2025-08-01 09:44:52 AM,199.95,0,0.0,216650826.42000002
2025-08-01 09:44:52 AM,199.95,77,15396.15,216666222.57000002
2025-08-01 09:44:52 AM,199.93,0,0.0,216666222.57000002
2025-08-01 09:44:53 AM,199.92,2,399.84,216666622.41000003
2025-08-01 09:44:55 AM,199.92,454,90763.68,216757386.09000003
2025-08-01 09:44:57 AM,199.93,9,1799.3700000000001,216759185.46000004
2025-08-01 09:45:02 AM,199.98,0,0.0,216759185.46000004
2025-08-01 09:45:02 AM,199.98,38,7599.24,216766784.70000005
2025-08-01 09:45:04 AM,199.98,2,399.96,216767184.66000006
2025-08-01 09:45:07 AM,199.92,0,0.0,216767184.66000006
2025-08-01 09:45:09 AM,199.86,2116,422903.76,217190088.42000005
2025-08-01 09:45:10 AM,199.77,0,0.0,217190088.42000005
2025-08-01 09:45:11 AM,199.76,4110,821013.6,218011102.02000004
2025-08-01 09:45:16 AM,199.76,985,196763.59999999998,218207865.62000003
2025-08-01 09:45:17 AM,199.76,26,5193.76,218213059.38000003
2025-08-01 09:45:22 AM,199.76,391,78106.16,218291165.54000002
2025-08-01 09:45:24 AM,199.76,19,3795.4399999999996,218294960.98000002
2025-08-01 09:45:28 AM,199.75,0,0.0,218294960.98000002
2025-08-01 09:45:29 AM,199.75,1937,386915.75,218681876.73000002
2025-08-01 09:45:30 AM,199.7,269,53719.299999999996,218735596.03000003
2025-08-01 09:45:32 AM,199.78,0,0.0,218735596.03000003
2025-08-01 09:45:35 AM,199.69,4019,802554.11,219538150.14000005
2025-08-01 09:45:36 AM,199.67,190,37937.299999999996,219576087.44000006
2025-08-01 09:45:40 AM,199.65,0,0.0,219576087.44000006
2025-08-01 09:45:42 AM,199.7,50,9985.0,219586072.44000006
2025-08-01 09:45:43 AM,199.68,137,27356.16,219613428.60000005
2025-08-01 09:45:44 AM,199.67,0,0.0,219613428.60000005
2025-08-01 09:45:48 AM,199.65,5854,1168751.1,220782179.70000005
2025-08-01 09:45:49 AM,199.6,350,69860.0,220852039.70000005
2025-08-01 09:45:52 AM,199.64,0,0.0,220852039.70000005
2025-08-01 09:45:55 AM,199.64,222,44320.079999999994,220896359.78000006
2025-08-01 09:45:58 AM,199.73,0,0.0,220896359.78000006
2025-08-01 09:46:01 AM,199.74,0,0.0,220896359.78000006
2025-08-01 09:46:01 AM,199.74,82,16378.68,220912738.46000007
2025-08-01 09:46:01 AM,199.65,0,0.0,220912738.46000007
2025-08-01 09:46:02 AM,199.65,3,598.95,220913337.41000006
2025-08-01 09:46:02 AM,199.71,0,0.0,220913337.41000006
2025-08-01 09:46:03 AM,199.71,1,199.71,220913537.12000006
2025-08-01 09:46:03 AM,199.65,0,0.0,220913537.12000006
2025-08-01 09:46:04 AM,199.65,1,199.65,220913736.77000007
2025-08-01 09:46:06 AM,199.72,0,0.0,220913736.77000007
2025-08-01 09:46:07 AM,199.72,10,1997.2,220915733.97000006
2025-08-01 09:46:07 AM,199.73,1500,299595.0,221215328.97000006
2025-08-01 09:46:09 AM,199.71,399,79684.29000000001,221295013.26000005
2025-08-01 09:46:10 AM,199.74,676,135024.24000000002,221430037.50000006
2025-08-01 09:46:11 AM,199.74,660,131828.4,221561865.90000007
2025-08-01 09:46:12 AM,199.72,0,0.0,221561865.90000007
2025-08-01 09:46:12 AM,199.73,0,0.0,221561865.90000007
2025-08-01 09:46:13 AM,199.73,1025,204723.25,221766589.15000007
2025-08-01 09:46:13 AM,199.69,0,0.0,221766589.15000007
2025-08-01 09:46:14 AM,199.69,234,46727.46,221813316.61000007
2025-08-01 09:46:14 AM,199.7,0,0.0,221813316.61000007
2025-08-01 09:46:15 AM,199.7,1174,234447.8,222047764.4100001
2025-08-01 09:46:15 AM,199.68,0,0.0,222047764.4100001
2025-08-01 09:46:16 AM,199.68,16,3194.88,222050959.29000008
2025-08-01 09:46:16 AM,199.65,92,18367.8,222069327.0900001
2025-08-01 09:46:17 AM,199.64,0,0.0,222069327.0900001
2025-08-01 09:46:17 AM,199.64,32,6388.48,222075715.57000008
2025-08-01 09:46:17 AM,199.7,0,0.0,222075715.57000008
2025-08-01 09:46:18 AM,199.7,4,798.8,222076514.3700001
2025-08-01 09:46:19 AM,199.65,0,0.0,222076514.3700001
2025-08-01 09:46:20 AM,199.65,4,798.6,222077312.9700001
2025-08-01 09:46:21 AM,199.64,0,0.0,222077312.9700001
2025-08-01 09:46:21 AM,199.64,200,39928.0,222117240.9700001
2025-08-01 09:46:22 AM,199.64,23,4591.719999999999,222121832.6900001
2025-08-01 09:46:22 AM,199.65,32,6388.8,222128221.4900001
2025-08-01 09:46:23 AM,199.69,9,1797.21,222130018.7000001
2025-08-01 09:46:23 AM,199.67,0,0.0,222130018.7000001
2025-08-01 09:46:24 AM,199.67,230,45924.1,222175942.8000001
2025-08-01 09:46:24 AM,199.65,0,0.0,222175942.8000001
2025-08-01 09:46:25 AM,199.65,35,6987.75,222182930.5500001
2025-08-01 09:46:25 AM,199.59,0,0.0,222182930.5500001
2025-08-01 09:46:26 AM,199.62,2812,561331.4400000001,222744261.9900001
2025-08-01 09:46:27 AM,199.58,206,41113.48,222785375.4700001
2025-08-01 09:46:27 AM,199.57,0,0.0,222785375.4700001
2025-08-01 09:46:28 AM,199.69,37,7388.53,222792764.0000001
2025-08-01 09:46:29 AM,199.57,1300,259441.0,223052205.0000001
2025-08-01 09:46:30 AM,199.58,32,6386.56,223058591.5600001
2025-08-01 09:46:31 AM,199.5,5000,997500.0,224056091.5600001
2025-08-01 09:46:32 AM,199.57,117,23349.69,224079441.2500001
2025-08-01 09:46:33 AM,199.55,422,84210.1,224163651.35000008
2025-08-01 09:46:34 AM,199.54,65,12970.1,224176621.45000008
2025-08-01 09:46:36 AM,199.53,9,1795.77,224178417.2200001
2025-08-01 09:46:36 AM,199.52,0,0.0,224178417.2200001
2025-08-01 09:46:37 AM,199.56,35,6984.6,224185401.82000008
2025-08-01 09:46:38 AM,199.56,27,5388.12,224190789.9400001
2025-08-01 09:46:38 AM,199.58,0,0.0,224190789.9400001
2025-08-01 09:46:39 AM,199.6,201,40119.6,224230909.54000008
2025-08-01 09:46:41 AM,199.56,0,0.0,224230909.54000008
2025-08-01 09:46:41 AM,199.53,104,20751.12,224251660.6600001
2025-08-01 09:46:42 AM,199.6,57,11377.199999999999,224263037.86000007
2025-08-01 09:46:44 AM,199.55,0,0.0,224263037.86000007
2025-08-01 09:46:45 AM,199.55,108,21551.4,224284589.26000008
2025-08-01 09:46:45 AM,199.6,0,0.0,224284589.26000008
2025-08-01 09:46:46 AM,199.6,150,29940.0,224314529.26000008
2025-08-01 09:46:47 AM,199.55,0,0.0,224314529.26000008
2025-08-01 09:46:48 AM,199.55,23,4589.650000000001,224319118.9100001
2025-08-01 09:46:48 AM,199.57,0,0.0,224319118.9100001
2025-08-01 09:46:49 AM,199.57,3,598.71,224319717.6200001
2025-08-01 09:46:49 AM,199.64,0,0.0,224319717.6200001
2025-08-01 09:46:50 AM,199.64,15,2994.6,224322712.2200001
2025-08-01 09:46:51 AM,199.62,0,0.0,224322712.2200001
2025-08-01 09:46:52 AM,199.62,50,9981.0,224332693.2200001
2025-08-01 09:46:52 AM,199.56,1,199.56,224332892.7800001
2025-08-01 09:46:53 AM,199.55,8,1596.4,224334489.1800001
2025-08-01 09:46:56 AM,199.55,49,9777.95,224344267.13000008
2025-08-01 09:46:57 AM,199.55,8,1596.4,224345863.5300001
2025-08-01 09:46:58 AM,199.55,250,49887.5,224395751.0300001
2025-08-01 09:46:59 AM,199.65,2255,450210.75,224845961.7800001
2025-08-01 09:46:59 AM,199.59,1056,210767.04,225056728.82000008
2025-08-01 09:47:00 AM,199.62,0,0.0,225056728.82000008
2025-08-01 09:47:01 AM,199.53,0,0.0,225056728.82000008
2025-08-01 09:47:01 AM,199.4,9174,1829295.6,226886024.42000008
2025-08-01 09:47:01 AM,199.45,0,0.0,226886024.42000008
2025-08-01 09:47:02 AM,199.46,2291,456962.86000000004,227342987.2800001
2025-08-01 09:47:03 AM,199.45,0,0.0,227342987.2800001
2025-08-01 09:47:04 AM,199.45,324,64621.799999999996,227407609.0800001
2025-08-01 09:47:05 AM,199.45,50,9972.5,227417581.5800001
2025-08-01 09:47:06 AM,199.54,10,1995.3999999999999,227419576.9800001
2025-08-01 09:47:06 AM,199.5,0,0.0,227419576.9800001
2025-08-01 09:47:07 AM,199.5,2,399.0,227419975.9800001
2025-08-01 09:47:09 AM,199.5,1,199.5,227420175.4800001
2025-08-01 09:47:09 AM,199.46,0,0.0,227420175.4800001
2025-08-01 09:47:10 AM,199.46,2,398.92,227420574.4000001
2025-08-01 09:47:10 AM,199.49,0,0.0,227420574.4000001
2025-08-01 09:47:11 AM,199.49,20,3989.8,227424564.2000001
2025-08-01 09:47:11 AM,199.5,0,0.0,227424564.2000001
2025-08-01 09:47:12 AM,199.45,50,9972.5,227434536.7000001
2025-08-01 09:47:13 AM,199.45,6,1196.6999999999998,227435733.4000001
2025-08-01 09:47:14 AM,199.48,3503,698778.44,228134511.8400001
2025-08-01 09:47:15 AM,199.45,0,0.0,228134511.8400001
2025-08-01 09:47:16 AM,199.43,192,38290.56,228172802.4000001
2025-08-01 09:47:17 AM,199.41,26,5184.66,228177987.0600001
2025-08-01 09:47:18 AM,199.36,896,178626.56,228356613.6200001
2025-08-01 09:47:19 AM,199.32,0,0.0,228356613.6200001
2025-08-01 09:47:20 AM,199.32,549,109426.68,228466040.3000001
2025-08-01 09:47:20 AM,199.3,0,0.0,228466040.3000001
2025-08-01 09:47:21 AM,199.3,105,20926.5,228486966.8000001
2025-08-01 09:47:21 AM,199.25,0,0.0,228486966.8000001
2025-08-01 09:47:22 AM,199.25,782,155813.5,228642780.3000001
2025-08-01 09:47:23 AM,199.25,397,79102.25,228721882.5500001
2025-08-01 09:47:23 AM,199.27,5,996.35,228722878.9000001
2025-08-01 09:47:23 AM,199.25,0,0.0,228722878.9000001
2025-08-01 09:47:24 AM,199.14,2615,520751.1,229243630.0000001
2025-08-01 09:47:24 AM,199.12,0,0.0,229243630.0000001
2025-08-01 09:47:25 AM,199.12,217,43209.04,229286839.04000008
2025-08-01 09:47:25 AM,199.18,0,0.0,229286839.04000008
2025-08-01 09:47:26 AM,199.18,434,86444.12000000001,229373283.1600001
2025-08-01 09:47:26 AM,199.16,0,0.0,229373283.1600001
2025-08-01 09:47:27 AM,199.16,15,2987.4,229376270.5600001
2025-08-01 09:47:27 AM,199.18,0,0.0,229376270.5600001
2025-08-01 09:47:28 AM,199.13,2584,514551.92,229890822.48000008
2025-08-01 09:47:28 AM,199.15,0,0.0,229890822.48000008
2025-08-01 09:47:29 AM,199.14,0,0.0,229890822.48000008
2025-08-01 09:47:29 AM,199.14,168,33455.52,229924278.0000001
2025-08-01 09:47:29 AM,199.14,1209,240760.25999999998,230165038.26000008
2025-08-01 09:47:29 AM,199.16,0,0.0,230165038.26000008
2025-08-01 09:47:30 AM,199.14,128,25489.92,230190528.18000007
2025-08-01 09:47:31 AM,199.14,91,18121.739999999998,230208649.92000008
2025-08-01 09:47:31 AM,199.18,0,0.0,230208649.92000008
2025-08-01 09:47:32 AM,199.13,648,129036.23999999999,230337686.1600001
2025-08-01 09:47:32 AM,199.18,0,0.0,230337686.1600001
2025-08-01 09:47:33 AM,199.17,170,33858.9,230371545.0600001
2025-08-01 09:47:34 AM,199.17,40,7966.799999999999,230379511.8600001
2025-08-01 09:47:35 AM,199.31,0,0.0,230379511.8600001
2025-08-01 09:47:36 AM,199.26,17,3387.42,230382899.2800001
2025-08-01 09:47:37 AM,199.33,0,0.0,230382899.2800001
2025-08-01 09:47:38 AM,199.33,3,597.99,230383497.2700001
2025-08-01 09:47:43 AM,199.31,0,0.0,230383497.2700001
2025-08-01 09:47:44 AM,199.31,89,17738.59,230401235.8600001
2025-08-01 09:47:45 AM,199.33,13,2591.29,230403827.1500001
2025-08-01 09:47:46 AM,199.38,2,398.76,230404225.9100001
2025-08-01 09:47:48 AM,199.39,0,0.0,230404225.9100001
2025-08-01 09:47:49 AM,199.39,51,10168.89,230414394.80000007
2025-08-01 09:47:50 AM,199.34,0,0.0,230414394.80000007
2025-08-01 09:47:51 AM,199.34,8,1594.72,230415989.52000007
2025-08-01 09:47:52 AM,199.39,1,199.39,230416188.91000006
2025-08-01 09:47:54 AM,199.39,1,199.39,230416388.30000004
2025-08-01 09:47:55 AM,199.31,0,0.0,230416388.30000004
2025-08-01 09:47:56 AM,199.31,500,99655.0,230516043.30000004
2025-08-01 09:47:57 AM,199.32,75,14949.0,230530992.30000004
2025-08-01 09:47:59 AM,199.32,11,2192.52,230533184.82000005
2025-08-01 09:48:01 AM,199.39,6,1196.34,230534381.16000006
2025-08-01 09:48:01 AM,199.38,1,199.38,230534580.54000005
2025-08-01 09:48:02 AM,199.36,947,188793.92,230723374.46000004
2025-08-01 09:48:03 AM,199.37,0,0.0,230723374.46000004
2025-08-01 09:48:03 AM,199.37,559,111447.83,230834822.29000005
2025-08-01 09:48:04 AM,199.36,28,5582.08,230840404.37000006
2025-08-01 09:48:06 AM,199.32,178,35478.96,230875883.33000007
2025-08-01 09:48:06 AM,199.31,0,0.0,230875883.33000007
2025-08-01 09:48:07 AM,199.31,1,199.31,230876082.64000008
2025-08-01 09:48:07 AM,199.3,12,2391.6000000000004,230878474.24000007
2025-08-01 09:48:08 AM,199.3,17,3388.1000000000004,230881862.34000006
2025-08-01 09:48:08 AM,199.3,3,597.9000000000001,230882460.24000007
2025-08-01 09:48:09 AM,199.3,2,398.6,230882858.84000006
2025-08-01 09:48:11 AM,199.29,0,0.0,230882858.84000006
2025-08-01 09:48:12 AM,199.28,0,0.0,230882858.84000006
2025-08-01 09:48:12 AM,199.28,1524,303702.72000000003,231186561.56000006
2025-08-01 09:48:12 AM,199.28,7,1394.96,231187956.52000007
2025-08-01 09:48:13 AM,199.26,216,43040.159999999996,231230996.68000007
2025-08-01 09:48:14 AM,199.23,34,6773.82,231237770.50000006
2025-08-01 09:48:14 AM,199.28,1,199.28,231237969.78000006
2025-08-01 09:48:16 AM,199.23,0,0.0,231237969.78000006
2025-08-01 09:48:16 AM,199.25,6,1195.5,231239165.28000006
2025-08-01 09:48:18 AM,199.25,249,49613.25,231288778.53000006
2025-08-01 09:48:19 AM,199.23,41,8168.429999999999,231296946.96000007
2025-08-01 09:48:20 AM,199.23,1,199.23,231297146.19000006
2025-08-01 09:48:21 AM,199.25,0,0.0,231297146.19000006
2025-08-01 09:48:22 AM,199.25,1000,199250.0,231496396.19000006
2025-08-01 09:48:22 AM,199.17,0,0.0,231496396.19000006
2025-08-01 09:48:23 AM,199.17,1270,252945.9,231749342.09000006
2025-08-01 09:48:24 AM,199.17,30,5975.099999999999,231755317.19000006
2025-08-01 09:48:24 AM,199.15,25,4978.75,231760295.94000006
2025-08-01 09:48:25 AM,199.13,0,0.0,231760295.94000006
2025-08-01 09:48:25 AM,199.13,5,995.65,231761291.59000006
2025-08-01 09:48:25 AM,199.17,0,0.0,231761291.59000006
2025-08-01 09:48:26 AM,199.17,171,34058.07,231795349.66000006
2025-08-01 09:48:26 AM,199.17,25,4979.25,231800328.91000006
2025-08-01 09:48:26 AM,199.23,0,0.0,231800328.91000006
2025-08-01 09:48:27 AM,199.23,695,138464.85,231938793.76000005
2025-08-01 09:48:28 AM,199.23,291,57975.93,231996769.69000006
2025-08-01 09:48:30 AM,199.16,44,8763.039999999999,232005532.73000005
2025-08-01 09:48:31 AM,199.19,0,0.0,232005532.73000005
2025-08-01 09:48:31 AM,199.16,49,9758.84,232015291.57000005
2025-08-01 09:48:32 AM,199.15,3,597.45,232015889.02000004
2025-08-01 09:48:32 AM,199.24,0,0.0,232015889.02000004
2025-08-01 09:48:33 AM,199.24,200,39848.0,232055737.02000004
2025-08-01 09:48:34 AM,199.14,38,7567.32,232063304.34000003
2025-08-01 09:48:35 AM,199.15,347,69105.05,232132409.39000005
2025-08-01 09:48:35 AM,199.16,22,4381.5199999999995,232136790.91000006
2025-08-01 09:48:36 AM,199.25,0,0.0,232136790.91000006
2025-08-01 09:48:37 AM,199.25,200,39850.0,232176640.91000006
2025-08-01 09:48:37 AM,199.15,0,0.0,232176640.91000006
2025-08-01 09:48:38 AM,199.15,34,6771.1,232183412.01000005
2025-08-01 09:48:38 AM,199.08,0,0.0,232183412.01000005
2025-08-01 09:48:39 AM,199.08,4766,948815.28,233132227.29000005
2025-08-01 09:48:39 AM,199.16,4,796.64,233133023.93000004
2025-08-01 09:48:40 AM,199.16,496,98783.36,233231807.29000005
2025-08-01 09:48:41 AM,199.15,0,0.0,233231807.29000005
2025-08-01 09:48:41 AM,199.15,124,24694.600000000002,233256501.89000005
2025-08-01 09:48:42 AM,199.1,41,8163.099999999999,233264664.99000004
2025-08-01 09:48:42 AM,199.11,0,0.0,233264664.99000004
2025-08-01 09:48:43 AM,199.12,16,3185.92,233267850.91000003
2025-08-01 09:48:44 AM,199.13,0,0.0,233267850.91000003
2025-08-01 09:48:45 AM,199.13,1,199.13,233268050.04000002
2025-08-01 09:48:46 AM,199.19,8,1593.52,233269643.56000003
2025-08-01 09:48:47 AM,199.13,1,199.13,233269842.69000003
2025-08-01 09:48:48 AM,199.15,1,199.15,233270041.84000003
2025-08-01 09:48:49 AM,199.15,5,995.75,233271037.59000003
2025-08-01 09:48:49 AM,199.15,25,4978.75,233276016.34000003
2025-08-01 09:48:50 AM,199.15,1251,249136.65,233525152.99000004
2025-08-01 09:48:51 AM,199.14,6,1194.84,233526347.83000004
2025-08-01 09:48:51 AM,199.13,56,11151.279999999999,233537499.11000004
2025-08-01 09:48:52 AM,199.15,1149,228823.35,233766322.46000004
2025-08-01 09:48:53 AM,199.13,0,0.0,233766322.46000004
2025-08-01 09:48:54 AM,199.13,1,199.13,233766521.59000003
2025-08-01 09:48:54 AM,199.12,32,6371.84,233772893.43000004
2025-08-01 09:48:55 AM,199.12,11,2190.32,233775083.75000003
2025-08-01 09:48:56 AM,199.13,0,0.0,233775083.75000003
2025-08-01 09:48:57 AM,199.13,2,398.26,233775482.01000002
2025-08-01 09:48:57 AM,199.13,1,199.13,233775681.14000002
2025-08-01 09:48:59 AM,199.13,3,597.39,233776278.53
2025-08-01 09:49:00 AM,199.12,0,0.0,233776278.53
2025-08-01 09:49:00 AM,199.12,11,2190.32,233778468.85
2025-08-01 09:49:01 AM,199.11,30,5973.3,233784442.15
2025-08-01 09:49:01 AM,199.1,0,0.0,233784442.15
2025-08-01 09:49:02 AM,199.1,3,597.3,233785039.45000002
2025-08-01 09:49:02 AM,199.09,1030,205062.7,233990102.15
2025-08-01 09:49:03 AM,199.1,0,0.0,233990102.15
2025-08-01 09:49:04 AM,199.1,6,1194.6,233991296.75
2025-08-01 09:49:04 AM,199.16,0,0.0,233991296.75
2025-08-01 09:49:05 AM,199.16,1538,306308.08,234297604.83
2025-08-01 09:49:06 AM,199.19,0,0.0,234297604.83
2025-08-01 09:49:06 AM,199.19,18147,3614700.93,237912305.76000002
2025-08-01 09:49:07 AM,199.11,473,94179.03000000001,238006484.79000002
2025-08-01 09:49:08 AM,199.19,2960,589602.4,238596087.19000003
2025-08-01 09:49:08 AM,199.25,40,7970.0,238604057.19000003
2025-08-01 09:49:10 AM,199.21,205,40838.05,238644895.24000004
2025-08-01 09:49:11 AM,199.25,31,6176.75,238651071.99000004
2025-08-01 09:49:12 AM,199.26,0,0.0,238651071.99000004
2025-08-01 09:49:12 AM,199.29,12,2391.48,238653463.47000003
2025-08-01 09:49:13 AM,199.26,0,0.0,238653463.47000003
2025-08-01 09:49:14 AM,199.26,6,1195.56,238654659.03000003
2025-08-01 09:49:16 AM,199.29,12,2391.48,238657050.51000002
2025-08-01 09:49:17 AM,199.29,836,166606.44,238823656.95000002
2025-08-01 09:49:18 AM,199.3,350,69755.0,238893411.95000002
2025-08-01 09:49:18 AM,199.33,0,0.0,238893411.95000002
2025-08-01 09:49:19 AM,199.33,25,4983.25,238898395.20000002
2025-08-01 09:49:19 AM,199.3,101,20129.300000000003,238918524.50000003
2025-08-01 09:49:20 AM,199.3,71,14150.300000000001,238932674.80000004
2025-08-01 09:49:21 AM,199.4,2000,398800.0,239331474.80000004
2025-08-01 09:49:21 AM,199.33,0,0.0,239331474.80000004
2025-08-01 09:49:22 AM,199.33,95,18936.350000000002,239350411.15000004
2025-08-01 09:49:22 AM,199.3,207,41255.100000000006,239391666.25000003
2025-08-01 09:49:23 AM,199.3,45,8968.5,239400634.75000003
2025-08-01 09:49:26 AM,199.3,7,1395.1000000000001,239402029.85000002
2025-08-01 09:49:27 AM,199.3,1,199.3,239402229.15000004
2025-08-01 09:49:30 AM,199.36,300,59808.00000000001,239462037.15000004
2025-08-01 09:49:30 AM,199.33,0,0.0,239462037.15000004
2025-08-01 09:49:31 AM,199.33,1,199.33,239462236.48000005
2025-08-01 09:49:31 AM,199.31,3500,697585.0,240159821.48000005
2025-08-01 09:49:31 AM,199.3,0,0.0,240159821.48000005
2025-08-01 09:49:32 AM,199.3,95,18933.5,240178754.98000005
2025-08-01 09:49:32 AM,199.3,1145,228198.5,240406953.48000005
2025-08-01 09:49:33 AM,199.26,1,199.26,240407152.74000004
2025-08-01 09:49:34 AM,199.21,40,7968.400000000001,240415121.14000005
2025-08-01 09:49:34 AM,199.22,171,34066.62,240449187.76000005
2025-08-01 09:49:35 AM,199.31,0,0.0,240449187.76000005
2025-08-01 09:49:35 AM,199.31,4,797.24,240449985.00000006
2025-08-01 09:49:36 AM,199.28,33,6576.24,240456561.24000007
2025-08-01 09:49:38 AM,199.3,0,0.0,240456561.24000007
2025-08-01 09:49:38 AM,199.3,5,996.5,240457557.74000007
2025-08-01 09:49:40 AM,199.3,1,199.3,240457757.04000008
2025-08-01 09:49:40 AM,199.32,220,43850.4,240501607.4400001
2025-08-01 09:49:42 AM,199.32,50,9966.0,240511573.4400001
2025-08-01 09:49:43 AM,199.32,21,4185.72,240515759.1600001
2025-08-01 09:49:45 AM,199.3,2,398.6,240516157.76000008
2025-08-01 09:49:47 AM,199.33,23,4584.59,240520742.35000008
2025-08-01 09:49:49 AM,199.31,100,19931.0,240540673.35000008
2025-08-01 09:49:51 AM,199.3,15,2989.5,240543662.85000008
2025-08-01 09:49:51 AM,199.35,0,0.0,240543662.85000008
2025-08-01 09:49:52 AM,199.3,0,0.0,240543662.85000008
2025-08-01 09:49:52 AM,199.3,65,12954.5,240556617.35000008
2025-08-01 09:49:53 AM,199.3,30,5979.0,240562596.35000008
2025-08-01 09:49:55 AM,199.3,195,38863.5,240601459.85000008
2025-08-01 09:49:56 AM,199.28,1703,339373.84,240940833.6900001
2025-08-01 09:49:56 AM,199.25,0,0.0,240940833.6900001
2025-08-01 09:49:57 AM,199.26,421,83888.45999999999,241024722.1500001
2025-08-01 09:49:57 AM,199.27,390,77715.3,241102437.4500001
2025-08-01 09:49:58 AM,199.25,20,3985.0,241106422.4500001
2025-08-01 09:49:59 AM,199.25,24,4782.0,241111204.4500001
2025-08-01 09:50:00 AM,199.25,77,15342.25,241126546.7000001
2025-08-01 09:50:00 AM,199.26,0,0.0,241126546.7000001
2025-08-01 09:50:01 AM,199.19,925,184250.75,241310797.4500001
2025-08-01 09:50:01 AM,199.15,26,5177.900000000001,241315975.3500001
2025-08-01 09:50:02 AM,199.13,15,2986.95,241318962.3000001
2025-08-01 09:50:03 AM,199.08,762,151698.96000000002,241470661.2600001
2025-08-01 09:50:04 AM,199.06,10,1990.6,241472651.8600001
2025-08-01 09:50:04 AM,199.05,0,0.0,241472651.8600001
2025-08-01 09:50:05 AM,199.05,126,25080.300000000003,241497732.16000012
2025-08-01 09:50:06 AM,199.05,23,4578.150000000001,241502310.31000012
2025-08-01 09:50:07 AM,199.09,204,40614.36,241542924.67000014
2025-08-01 09:50:07 AM,199.1,0,0.0,241542924.67000014
2025-08-01 09:50:08 AM,199.14,0,0.0,241542924.67000014
2025-08-01 09:50:08 AM,199.14,531,105743.34,241648668.01000014
2025-08-01 09:50:08 AM,199.1,21,4181.099999999999,241652849.11000013
2025-08-01 09:50:09 AM,199.1,11,2190.1,241655039.21000013
2025-08-01 09:50:10 AM,199.1,73,14534.3,241669573.51000014
2025-08-01 09:50:10 AM,199.11,0,0.0,241669573.51000014
2025-08-01 09:50:11 AM,199.11,6103,1215168.33,242884741.84000015
2025-08-01 09:50:11 AM,199.13,25,4978.25,242889720.09000015
2025-08-01 09:50:12 AM,199.06,0,0.0,242889720.09000015
2025-08-01 09:50:12 AM,199.06,58,11545.48,242901265.57000014
2025-08-01 09:50:12 AM,199.06,846,168404.76,243069670.33000013
2025-08-01 09:50:12 AM,199.07,0,0.0,243069670.33000013
2025-08-01 09:50:13 AM,199.07,133,26476.309999999998,243096146.64000013
2025-08-01 09:50:13 AM,199.08,1,199.08,243096345.72000015
2025-08-01 09:50:15 AM,199.08,20,3981.6000000000004,243100327.32000014
2025-08-01 09:50:16 AM,199.13,5,995.65,243101322.97000015
2025-08-01 09:50:17 AM,199.13,1,199.13,243101522.10000014
2025-08-01 09:50:19 AM,199.1,25,4977.5,243106499.60000014
2025-08-01 09:50:21 AM,199.11,0,0.0,243106499.60000014
2025-08-01 09:50:21 AM,199.1,9,1791.8999999999999,243108291.50000015
2025-08-01 09:50:23 AM,199.13,50,9956.5,243118248.00000015
2025-08-01 09:50:24 AM,199.11,5,995.5500000000001,243119243.55000016
2025-08-01 09:50:24 AM,199.1,0,0.0,243119243.55000016
2025-08-01 09:50:25 AM,199.1,4,796.4,243120039.95000017
2025-08-01 09:50:26 AM,199.06,292,58125.520000000004,243178165.47000018
2025-08-01 09:50:27 AM,199.06,9,1791.54,243179957.01000017
2025-08-01 09:50:27 AM,199.04,0,0.0,243179957.01000017
2025-08-01 09:50:28 AM,199.04,49,9752.96,243189709.97000018
2025-08-01 09:50:28 AM,199.06,0,0.0,243189709.97000018
2025-08-01 09:50:28 AM,199.06,2,398.12,243190108.09000018
2025-08-01 09:50:29 AM,199.09,0,0.0,243190108.09000018
2025-08-01 09:50:29 AM,199.09,5,995.45,243191103.54000017
2025-08-01 09:50:29 AM,199.06,4,796.24,243191899.78000018
2025-08-01 09:50:30 AM,199.1,0,0.0,243191899.78000018
2025-08-01 09:50:31 AM,199.1,25,4977.5,243196877.28000018
2025-08-01 09:50:32 AM,199.06,0,0.0,243196877.28000018
2025-08-01 09:50:32 AM,199.06,49,9753.94,243206631.22000018
2025-08-01 09:50:32 AM,199.02,0,0.0,243206631.22000018
2025-08-01 09:50:33 AM,199.09,55,10949.95,243217581.17000017
2025-08-01 09:50:34 AM,199.02,0,0.0,243217581.17000017
2025-08-01 09:50:35 AM,199.01,1004,199806.03999999998,243417387.21000016
2025-08-01 09:50:35 AM,199.02,0,0.0,243417387.21000016
2025-08-01 09:50:36 AM,199.02,120,23882.4,243441269.61000016
2025-08-01 09:50:36 AM,199.04,1,199.04,243441468.65000015
2025-08-01 09:50:37 AM,199.04,169,33637.76,243475106.41000015
2025-08-01 09:50:38 AM,199.08,87,17319.960000000003,243492426.37000015
2025-08-01 09:50:39 AM,199.07,0,0.0,243492426.37000015
2025-08-01 09:50:39 AM,199.07,256,50961.92,243543388.29000014
2025-08-01 09:50:41 AM,199.06,0,0.0,243543388.29000014
2025-08-01 09:50:41 AM,199.08,538,107105.04000000001,243650493.33000013
2025-08-01 09:50:41 AM,199.07,0,0.0,243650493.33000013
2025-08-01 09:50:42 AM,199.07,80,15925.599999999999,243666418.93000013
2025-08-01 09:50:43 AM,199.07,40,7962.799999999999,243674381.73000014
2025-08-01 09:50:43 AM,199.09,0,0.0,243674381.73000014
2025-08-01 09:50:44 AM,199.09,55,10949.95,243685331.68000013
2025-08-01 09:50:45 AM,199.01,1127,224284.27,243909615.95000014
2025-08-01 09:50:45 AM,199.1,25,4977.5,243914593.45000014
2025-08-01 09:50:47 AM,199.01,5560,1106495.5999999999,245021089.05000013
2025-08-01 09:50:48 AM,199.09,931,185352.79,245206441.84000012
2025-08-01 09:50:48 AM,199.1,0,0.0,245206441.84000012
2025-08-01 09:50:49 AM,199.1,752,149723.19999999998,245356165.0400001
2025-08-01 09:50:49 AM,199.01,1,199.01,245356364.0500001
2025-08-01 09:50:49 AM,199.09,0,0.0,245356364.0500001
2025-08-01 09:50:50 AM,199.09,111,22098.99,245378463.0400001
2025-08-01 09:50:50 AM,199.1,1,199.1,245378662.1400001
2025-08-01 09:50:50 AM,199.09,0,0.0,245378662.1400001
2025-08-01 09:50:51 AM,199.09,120,23890.8,245402552.94000012
2025-08-01 09:50:51 AM,199.11,0,0.0,245402552.94000012
2025-08-01 09:50:52 AM,199.09,0,0.0,245402552.94000012
2025-08-01 09:50:52 AM,199.09,102,20307.18,245422860.12000012
2025-08-01 09:50:52 AM,199.05,0,0.0,245422860.12000012
2025-08-01 09:50:53 AM,199.08,532,105910.56000000001,245528770.68000013
2025-08-01 09:50:54 AM,199.0,16747,3332653.0,248861423.68000013
2025-08-01 09:50:54 AM,199.0,6,1194.0,248862617.68000013
2025-08-01 09:50:55 AM,199.02,114,22688.280000000002,248885305.96000013
2025-08-01 09:50:55 AM,199.02,841,167375.82,249052681.78000012
2025-08-01 09:50:56 AM,199.0,50,9950.0,249062631.78000012
2025-08-01 09:50:57 AM,199.0,719,143081.0,249205712.78000012
2025-08-01 09:50:57 AM,199.0,111,22089.0,249227801.78000012
2025-08-01 09:50:58 AM,199.01,2,398.02,249228199.80000013
2025-08-01 09:50:58 AM,199.05,2148,427559.4,249655759.20000014
2025-08-01 09:50:59 AM,199.0,210,41790.0,249697549.20000014
2025-08-01 09:51:00 AM,199.01,610,121396.09999999999,249818945.30000013
2025-08-01 09:51:00 AM,199.0,0,0.0,249818945.30000013
2025-08-01 09:51:01 AM,199.01,39,7761.389999999999,249826706.69000012
2025-08-01 09:51:02 AM,199.0,500,99500.0,249926206.69000012
2025-08-01 09:51:03 AM,199.03,0,0.0,249926206.69000012
2025-08-01 09:51:03 AM,199.03,30,5970.9,249932177.59000012
2025-08-01 09:51:04 AM,199.2,0,0.0,249932177.59000012
2025-08-01 09:51:05 AM,199.2,13546,2698363.1999999997,252630540.7900001
2025-08-01 09:51:05 AM,199.12,0,0.0,252630540.7900001
2025-08-01 09:51:06 AM,199.12,2033,404810.96,253035351.75000012
2025-08-01 09:51:07 AM,199.37,13652,2721799.24,255757150.99000013
2025-08-01 09:51:07 AM,199.41,16,3190.56,255760341.55000013
2025-08-01 09:51:08 AM,199.32,2065,411595.8,256171937.35000014
2025-08-01 09:51:08 AM,199.37,0,0.0,256171937.35000014
2025-08-01 09:51:09 AM,199.37,328,65393.36,256237330.71000016
2025-08-01 09:51:09 AM,199.3,0,0.0,256237330.71000016
2025-08-01 09:51:10 AM,199.48,0,0.0,256237330.71000016
2025-08-01 09:51:10 AM,199.48,7535,1503081.7999999998,257740412.51000017
2025-08-01 09:51:10 AM,199.54,1308,260998.31999999998,258001410.83000016
2025-08-01 09:51:10 AM,199.63,0,0.0,258001410.83000016
2025-08-01 09:51:11 AM,199.45,512,102118.4,258103529.23000017
2025-08-01 09:51:11 AM,199.43,0,0.0,258103529.23000017
2025-08-01 09:51:12 AM,199.42,0,0.0,258103529.23000017
2025-08-01 09:51:12 AM,199.42,484,96519.28,258200048.51000017
2025-08-01 09:51:13 AM,199.42,75,14956.499999999998,258215005.01000017
2025-08-01 09:51:13 AM,199.45,3,598.3499999999999,258215603.36000016
2025-08-01 09:51:14 AM,199.54,688,137283.52,258352886.88000017
2025-08-01 09:51:16 AM,199.48,0,0.0,258352886.88000017
2025-08-01 09:51:16 AM,199.48,43,8577.64,258361464.52000016
2025-08-01 09:51:16 AM,199.47,20,3989.4,258365453.92000017
2025-08-01 09:51:17 AM,199.41,0,0.0,258365453.92000017
2025-08-01 09:51:17 AM,199.41,4,797.64,258366251.56000015
2025-08-01 09:51:18 AM,199.41,8,1595.28,258367846.84000015
2025-08-01 09:51:19 AM,199.45,20,3989.0,258371835.84000015
2025-08-01 09:51:19 AM,199.49,521,103934.29000000001,258475770.13000014
2025-08-01 09:51:19 AM,199.58,0,0.0,258475770.13000014
2025-08-01 09:51:20 AM,199.58,50,9979.0,258485749.13000014
2025-08-01 09:51:20 AM,199.44,0,0.0,258485749.13000014
2025-08-01 09:51:21 AM,199.45,104,20742.8,258506491.93000016
2025-08-01 09:51:22 AM,199.52,26,5187.52,258511679.45000017
2025-08-01 09:51:24 AM,199.52,4,798.08,258512477.53000018
2025-08-01 09:51:25 AM,199.46,15,2991.9,258515469.4300002
2025-08-01 09:51:26 AM,199.56,800,159648.0,258675117.4300002
2025-08-01 09:51:26 AM,199.5,0,0.0,258675117.4300002
2025-08-01 09:51:27 AM,199.5,100,19950.0,258695067.4300002
2025-08-01 09:51:27 AM,199.46,10,1994.6000000000001,258697062.03000018
2025-08-01 09:51:28 AM,199.46,20,3989.2000000000003,258701051.23000017
2025-08-01 09:51:29 AM,199.46,16,3191.36,258704242.59000018
2025-08-01 09:51:29 AM,199.57,0,0.0,258704242.59000018
2025-08-01 09:51:29 AM,199.57,3000,598710.0,259302952.59000018
2025-08-01 09:51:30 AM,199.5,0,0.0,259302952.59000018
2025-08-01 09:51:31 AM,199.5,453,90373.5,259393326.09000018
2025-08-01 09:51:32 AM,199.55,0,0.0,259393326.09000018
2025-08-01 09:51:32 AM,199.55,2,399.1,259393725.19000018
2025-08-01 09:51:32 AM,199.61,547,109186.67000000001,259502911.86000016
2025-08-01 09:51:34 AM,199.5,83,16558.5,259519470.36000016
2025-08-01 09:51:36 AM,199.48,0,0.0,259519470.36000016
2025-08-01 09:51:36 AM,199.48,13,2593.24,259522063.60000017
2025-08-01 09:51:37 AM,199.47,0,0.0,259522063.60000017
2025-08-01 09:51:38 AM,199.47,2,398.94,259522462.54000017
2025-08-01 09:51:40 AM,199.51,100,19951.0,259542413.54000017
2025-08-01 09:51:41 AM,199.4,0,0.0,259542413.54000017
2025-08-01 09:51:42 AM,199.42,0,0.0,259542413.54000017
2025-08-01 09:51:42 AM,199.42,515,102701.29999999999,259645114.84000018
2025-08-01 09:51:43 AM,199.37,3,598.11,259645712.9500002
2025-08-01 09:51:44 AM,199.46,3129,624110.34,260269823.2900002
2025-08-01 09:51:45 AM,199.5,0,0.0,260269823.2900002
2025-08-01 09:51:46 AM,199.5,58,11571.0,260281394.2900002
2025-08-01 09:51:46 AM,199.49,10,1994.9,260283389.1900002
2025-08-01 09:51:47 AM,199.43,693,138204.99,260421594.18000022
2025-08-01 09:51:48 AM,199.5,500,99750.0,260521344.18000022
2025-08-01 09:51:50 AM,199.43,74,14757.82,260536102.0000002
2025-08-01 09:51:51 AM,199.48,48,9575.039999999999,260545677.0400002
2025-08-01 09:51:52 AM,199.45,0,0.0,260545677.0400002
2025-08-01 09:51:52 AM,199.45,2,398.9,260546075.9400002
2025-08-01 09:51:53 AM,199.43,0,0.0,260546075.9400002
2025-08-01 09:51:53 AM,199.43,8,1595.44,260547671.3800002
2025-08-01 09:51:54 AM,199.48,0,0.0,260547671.3800002
