date,price,qty,trnvr,cum_trnvr
2025-08-01 09:15:03 AM,1920.0,46,88320.0,88320.0
2025-08-01 09:15:12 AM,1918.1,0,0.0,88320.0
2025-08-01 09:15:15 AM,1910.3,61,116528.3,204848.3
2025-08-01 09:15:17 AM,1914.0,101,193314.0,398162.3
2025-08-01 09:15:26 AM,1915.0,58,111070.0,509232.3
2025-08-01 09:15:28 AM,1918.8,0,0.0,509232.3
2025-08-01 09:15:33 AM,1918.8,9,17269.2,526501.5
2025-08-01 09:15:36 AM,1919.0,0,0.0,526501.5
2025-08-01 09:15:42 AM,1919.0,16,30704.0,557205.5
2025-08-01 09:15:43 AM,1919.0,7,13433.0,570638.5
2025-08-01 09:15:54 AM,1917.9,0,0.0,570638.5
2025-08-01 09:15:58 AM,1917.9,4,7671.6,578310.1
2025-08-01 09:16:02 AM,1913.2,0,0.0,578310.1
2025-08-01 09:16:06 AM,1914.9,36,68936.40000000001,647246.5
2025-08-01 09:16:10 AM,1916.1,0,0.0,647246.5
2025-08-01 09:16:14 AM,1916.1,1,1916.1,649162.6
2025-08-01 09:16:16 AM,1910.4,21,40118.4,689281.0
2025-08-01 09:16:17 AM,1915.4,0,0.0,689281.0
2025-08-01 09:16:23 AM,1910.4,33,63043.200000000004,752324.2
2025-08-01 09:16:27 AM,1912.6,0,0.0,752324.2
2025-08-01 09:16:31 AM,1915.2,108,206841.6,959165.7999999999
2025-08-01 09:16:37 AM,1916.8,0,0.0,959165.7999999999
2025-08-01 09:16:39 AM,1919.5,83,159318.5,1118484.2999999998
2025-08-01 09:16:47 AM,1917.1,11,21088.1,1139572.4
2025-08-01 09:16:49 AM,1919.9,0,0.0,1139572.4
2025-08-01 09:16:55 AM,1917.9,31,59454.9,1199027.2999999998
2025-08-01 09:17:04 AM,1919.9,38,72956.2,1271983.4999999998
2025-08-01 09:17:12 AM,1923.7,40,76948.0,1348931.4999999998
2025-08-01 09:17:17 AM,1926.7,0,0.0,1348931.4999999998
2025-08-01 09:17:20 AM,1926.7,2,3853.4,1352784.8999999997
2025-08-01 09:17:21 AM,1923.2,6,11539.2,1364324.0999999996
2025-08-01 09:17:23 AM,1926.0,0,0.0,1364324.0999999996
2025-08-01 09:17:25 AM,1925.0,0,0.0,1364324.0999999996
2025-08-01 09:17:28 AM,1925.0,21,40425.0,1404749.0999999996
2025-08-01 09:17:32 AM,1926.8,0,0.0,1404749.0999999996
2025-08-01 09:17:34 AM,1926.7,0,0.0,1404749.0999999996
2025-08-01 09:17:37 AM,1926.7,44,84774.8,1489523.8999999997
2025-08-01 09:17:42 AM,1925.2,0,0.0,1489523.8999999997
2025-08-01 09:17:45 AM,1926.3,37,71273.09999999999,1560796.9999999998
2025-08-01 09:17:53 AM,1924.5,3,5773.5,1566570.4999999998
2025-08-01 09:17:58 AM,1925.0,0,0.0,1566570.4999999998
2025-08-01 09:18:00 AM,1926.0,0,0.0,1566570.4999999998
2025-08-01 09:18:02 AM,1926.0,3,5778.0,1572348.4999999998
2025-08-01 09:18:05 AM,1927.0,0,0.0,1572348.4999999998
2025-08-01 09:18:10 AM,1927.0,49,94423.0,1666771.4999999998
2025-08-01 09:18:13 AM,1929.0,0,0.0,1666771.4999999998
2025-08-01 09:18:15 AM,1930.0,0,0.0,1666771.4999999998
2025-08-01 09:18:18 AM,1930.0,6,11580.0,1678351.4999999998
2025-08-01 09:18:20 AM,1929.6,1,1929.6,1680281.0999999999
2025-08-01 09:18:24 AM,1931.3,0,0.0,1680281.0999999999
2025-08-01 09:18:27 AM,1931.0,4,7724.0,1688005.0999999999
2025-08-01 09:18:35 AM,1929.2,10,19292.0,1707297.0999999999
2025-08-01 09:18:37 AM,1931.3,0,0.0,1707297.0999999999
2025-08-01 09:18:40 AM,1928.9,0,0.0,1707297.0999999999
2025-08-01 09:18:43 AM,1928.9,14,27004.600000000002,1734301.7
2025-08-01 09:18:51 AM,1931.1,13,25104.3,1759406.0
2025-08-01 09:18:52 AM,1929.3,1,1929.3,1761335.3
2025-08-01 09:18:55 AM,1931.7,0,0.0,1761335.3
2025-08-01 09:18:59 AM,1931.7,9,17385.3,1778720.6
2025-08-01 09:19:04 AM,1933.0,0,0.0,1778720.6
2025-08-01 09:19:07 AM,1933.0,22,42526.0,1821246.6
2025-08-01 09:19:11 AM,1933.4,0,0.0,1821246.6
2025-08-01 09:19:15 AM,1934.0,64,123776.0,1945022.6
2025-08-01 09:19:17 AM,1933.8,8,15470.4,1960493.0
2025-08-01 09:19:19 AM,1930.7,0,0.0,1960493.0
2025-08-01 09:19:23 AM,1930.6,7,13514.199999999999,1974007.2
2025-08-01 09:19:24 AM,1930.2,0,0.0,1974007.2
2025-08-01 09:19:25 AM,1930.2,2,3860.4,1977867.5999999999
2025-08-01 09:19:26 AM,1934.0,0,0.0,1977867.5999999999
2025-08-01 09:19:31 AM,1930.9,0,0.0,1977867.5999999999
2025-08-01 09:19:32 AM,1930.9,144,278049.60000000003,2255917.1999999997
2025-08-01 09:19:34 AM,1932.8,0,0.0,2255917.1999999997
2025-08-01 09:19:40 AM,1932.8,4,7731.2,2263648.4
2025-08-01 09:19:49 AM,1933.2,0,0.0,2263648.4
2025-08-01 09:19:49 AM,1933.2,1,1933.2,2265581.6
2025-08-01 09:19:55 AM,1934.0,0,0.0,2265581.6
2025-08-01 09:19:56 AM,1934.0,1,1934.0,2267515.6
2025-08-01 09:19:56 AM,1934.6,0,0.0,2267515.6
2025-08-01 09:19:57 AM,1934.6,1,1934.6,2269450.2
2025-08-01 09:20:11 AM,1935.1,0,0.0,2269450.2
2025-08-01 09:20:12 AM,1935.1,19,36766.9,2306217.1
2025-08-01 09:20:17 AM,1935.0,0,0.0,2306217.1
2025-08-01 09:20:19 AM,1935.0,4,7740.0,2313957.1
2025-08-01 09:20:21 AM,1934.6,125,241825.0,2555782.1
2025-08-01 09:20:27 AM,1934.6,4,7738.4,2563520.5
2025-08-01 09:20:29 AM,1936.7,1,1936.7,2565457.2
2025-08-01 09:20:35 AM,1934.8,2,3869.6,2569326.8000000003
2025-08-01 09:20:42 AM,1937.4,0,0.0,2569326.8000000003
2025-08-01 09:20:43 AM,1935.1,9,17415.899999999998,2586742.7
2025-08-01 09:20:49 AM,1935.0,0,0.0,2586742.7
2025-08-01 09:20:51 AM,1937.7,3,5813.1,2592555.8000000003
2025-08-01 09:20:56 AM,1937.8,0,0.0,2592555.8000000003
2025-08-01 09:20:58 AM,1937.8,1,1937.8,2594493.6
2025-08-01 09:21:03 AM,1935.1,0,0.0,2594493.6
2025-08-01 09:21:05 AM,1937.8,0,0.0,2594493.6
2025-08-01 09:21:06 AM,1937.8,3,5813.4,2600307.0
2025-08-01 09:21:10 AM,1935.2,0,0.0,2600307.0
2025-08-01 09:21:14 AM,1935.2,12,23222.4,2623529.4
2025-08-01 09:21:22 AM,1935.2,2,3870.4,2627399.8
2025-08-01 09:21:26 AM,1937.8,0,0.0,2627399.8
2025-08-01 09:21:30 AM,1932.1,561,1083908.0999999999,3711307.8999999994
2025-08-01 09:21:31 AM,1934.5,0,0.0,3711307.8999999994
2025-08-01 09:21:33 AM,1933.0,0,0.0,3711307.8999999994
2025-08-01 09:21:36 AM,1935.8,0,0.0,3711307.8999999994
2025-08-01 09:21:38 AM,1935.8,66,127762.8,3839070.6999999993
2025-08-01 09:21:38 AM,1936.2,1,1936.2,3841006.8999999994
2025-08-01 09:21:42 AM,1935.0,0,0.0,3841006.8999999994
2025-08-01 09:21:45 AM,1935.0,6,11610.0,3852616.8999999994
2025-08-01 09:21:54 AM,1935.0,1,1935.0,3854551.8999999994
2025-08-01 09:22:16 AM,1935.0,4,7740.0,3862291.8999999994
2025-08-01 09:22:23 AM,1936.6,60,116196.0,3978487.8999999994
2025-08-01 09:22:31 AM,1933.9,1,1933.9,3980421.7999999993
2025-08-01 09:22:38 AM,1935.8,1,1935.8,3982357.599999999
2025-08-01 09:22:41 AM,1936.4,0,0.0,3982357.599999999
2025-08-01 09:22:46 AM,1936.4,1,1936.4,3984293.999999999
2025-08-01 09:22:48 AM,1935.0,3,5805.0,3990098.999999999
2025-08-01 09:22:58 AM,1936.4,0,0.0,3990098.999999999
2025-08-01 09:23:01 AM,1935.0,2,3870.0,3993968.999999999
2025-08-01 09:23:03 AM,1935.0,3,5805.0,3999773.999999999
2025-08-01 09:23:14 AM,1936.3,0,0.0,3999773.999999999
2025-08-01 09:23:17 AM,1936.3,8,15490.4,4015264.399999999
2025-08-01 09:23:26 AM,1935.1,0,0.0,4015264.399999999
2025-08-01 09:23:32 AM,1936.4,12,23236.800000000003,4038501.199999999
2025-08-01 09:23:52 AM,1936.2,0,0.0,4038501.199999999
2025-08-01 09:23:55 AM,1936.2,1,1936.2,4040437.399999999
2025-08-01 09:23:56 AM,1936.2,1,1936.2,4042373.599999999
2025-08-01 09:24:02 AM,1936.2,5,9681.0,4052054.599999999
2025-08-01 09:24:10 AM,1936.5,5,9682.5,4061737.099999999
2025-08-01 09:24:27 AM,1934.5,59,114135.5,4175872.599999999
2025-08-01 09:24:30 AM,1934.7,0,0.0,4175872.599999999
2025-08-01 09:24:33 AM,1935.0,12,23220.0,4199092.6
2025-08-01 09:24:36 AM,1936.0,0,0.0,4199092.6
2025-08-01 09:24:40 AM,1933.2,60,115992.0,4315084.6
2025-08-01 09:24:42 AM,1935.7,8,15485.6,4330570.199999999
2025-08-01 09:24:48 AM,1935.9,46,89051.40000000001,4419621.6
2025-08-01 09:24:49 AM,1934.0,0,0.0,4419621.6
2025-08-01 09:24:50 AM,1933.4,21,40601.4,4460223.0
2025-08-01 09:25:02 AM,1936.5,0,0.0,4460223.0
2025-08-01 09:25:03 AM,1936.5,2,3873.0,4464096.0
2025-08-01 09:25:12 AM,1936.5,4,7746.0,4471842.0
2025-08-01 09:25:18 AM,1936.5,1,1936.5,4473778.5
2025-08-01 09:25:27 AM,1934.8,1,1934.8,4475713.3
2025-08-01 09:25:45 AM,1936.0,0,0.0,4475713.3
2025-08-01 09:25:48 AM,1936.0,12,23232.0,4498945.3
2025-08-01 09:26:03 AM,1936.0,1,1936.0,4500881.3
2025-08-01 09:26:18 AM,1933.9,4,7735.6,4508616.899999999
2025-08-01 09:26:20 AM,1932.6,10,19326.0,4527942.899999999
2025-08-01 09:26:26 AM,1935.1,2,3870.2,4531813.1
2025-08-01 09:26:53 AM,1934.7,0,0.0,4531813.1
2025-08-01 09:26:56 AM,1934.7,1,1934.7,4533747.8
2025-08-01 09:27:07 AM,1934.5,0,0.0,4533747.8
2025-08-01 09:27:11 AM,1935.7,5,9678.5,4543426.3
2025-08-01 09:27:17 AM,1936.0,0,0.0,4543426.3
2025-08-01 09:27:19 AM,1936.0,23,44528.0,4587954.3
2025-08-01 09:27:26 AM,1939.0,71,137669.0,4725623.3
2025-08-01 09:27:27 AM,1939.0,34,65926.0,4791549.3
2025-08-01 09:27:37 AM,1937.8,0,0.0,4791549.3
2025-08-01 09:27:41 AM,1937.8,1,1937.8,4793487.1
2025-08-01 09:28:12 AM,1937.6,12,23251.199999999997,4816738.3
2025-08-01 09:28:19 AM,1937.6,2,3875.2,4820613.5
2025-08-01 09:28:32 AM,1936.7,0,0.0,4820613.5
2025-08-01 09:28:35 AM,1936.7,9,17430.3,4838043.8
2025-08-01 09:28:42 AM,1938.9,4,7755.6,4845799.399999999
2025-08-01 09:28:44 AM,1938.8,1,1938.8,4847738.199999999
2025-08-01 09:28:48 AM,1937.1,0,0.0,4847738.199999999
2025-08-01 09:28:50 AM,1937.1,10,19371.0,4867109.199999999
2025-08-01 09:28:58 AM,1938.0,5,9690.0,4876799.199999999
2025-08-01 09:29:00 AM,1937.8,0,0.0,4876799.199999999
2025-08-01 09:29:05 AM,1937.8,103,199593.4,5076392.6
2025-08-01 09:29:11 AM,1938.1,0,0.0,5076392.6
2025-08-01 09:29:13 AM,1938.1,5,9690.5,5086083.1
2025-08-01 09:29:17 AM,1938.2,0,0.0,5086083.1
2025-08-01 09:29:21 AM,1938.2,3,5814.6,5091897.699999999
2025-08-01 09:29:50 AM,1938.2,1,1938.2,5093835.899999999
2025-08-01 09:29:58 AM,1938.2,1,1938.2,5095774.1
2025-08-01 09:30:04 AM,1936.9,0,0.0,5095774.1
2025-08-01 09:30:06 AM,1936.9,9,17432.100000000002,5113206.199999999
2025-08-01 09:30:21 AM,1938.9,1,1938.9,5115145.1
2025-08-01 09:30:22 AM,1936.9,5,9684.5,5124829.6
2025-08-01 09:30:29 AM,1935.8,30,58074.0,5182903.6
2025-08-01 09:30:32 AM,1936.9,0,0.0,5182903.6
2025-08-01 09:30:36 AM,1934.4,16,30950.4,5213854.0
2025-08-01 09:30:50 AM,1936.1,1,1936.1,5215790.1
2025-08-01 09:30:58 AM,1936.1,1,1936.1,5217726.199999999
2025-08-01 09:30:58 AM,1934.5,0,0.0,5217726.199999999
2025-08-01 09:31:01 AM,1936.0,0,0.0,5217726.199999999
2025-08-01 09:31:05 AM,1936.0,2,3872.0,5221598.199999999
2025-08-01 09:31:20 AM,1933.9,10,19339.0,5240937.199999999
2025-08-01 09:31:31 AM,1934.0,0,0.0,5240937.199999999
2025-08-01 09:31:34 AM,1934.0,1,1934.0,5242871.199999999
2025-08-01 09:31:45 AM,1935.5,0,0.0,5242871.199999999
2025-08-01 09:31:48 AM,1935.5,10,19355.0,5262226.199999999
2025-08-01 09:31:55 AM,1934.4,0,0.0,5262226.199999999
2025-08-01 09:31:55 AM,1934.4,2,3868.8,5266094.999999999
2025-08-01 09:32:02 AM,1935.5,1,1935.5,5268030.499999999
2025-08-01 09:32:05 AM,1933.9,0,0.0,5268030.499999999
2025-08-01 09:32:09 AM,1933.9,18,34810.200000000004,5302840.699999999
2025-08-01 09:32:58 AM,1935.1,2,3870.2,5306710.899999999
2025-08-01 09:33:11 AM,1934.2,0,0.0,5306710.899999999
2025-08-01 09:33:12 AM,1934.2,4,7736.8,5314447.699999999
2025-08-01 09:33:16 AM,1935.4,0,0.0,5314447.699999999
2025-08-01 09:33:19 AM,1935.4,17,32901.8,5347349.499999999
2025-08-01 09:33:39 AM,1935.0,1,1935.0,5349284.499999999
2025-08-01 09:33:49 AM,1935.5,0,0.0,5349284.499999999
2025-08-01 09:33:53 AM,1935.5,3,5806.5,5355090.999999999
2025-08-01 09:34:06 AM,1936.0,0,0.0,5355090.999999999
2025-08-01 09:34:07 AM,1936.0,1,1936.0,5357026.999999999
2025-08-01 09:34:14 AM,1936.0,1,1936.0,5358962.999999999
2025-08-01 09:34:26 AM,1937.0,0,0.0,5358962.999999999
2025-08-01 09:34:29 AM,1937.9,0,0.0,5358962.999999999
2025-08-01 09:34:29 AM,1937.9,2,3875.8,5362838.799999999
2025-08-01 09:34:31 AM,1937.0,0,0.0,5362838.799999999
2025-08-01 09:34:35 AM,1937.0,1,1937.0,5364775.799999999
2025-08-01 09:34:42 AM,1937.0,2,3874.0,5368649.799999999
2025-08-01 09:35:01 AM,1937.8,0,0.0,5368649.799999999
2025-08-01 09:35:03 AM,1937.8,3,5813.4,5374463.199999999
2025-08-01 09:35:24 AM,1936.0,2,3872.0,5378335.199999999
2025-08-01 09:35:31 AM,1937.5,0,0.0,5378335.199999999
2025-08-01 09:35:31 AM,1937.5,11,21312.5,5399647.699999999
2025-08-01 09:36:09 AM,1936.0,0,0.0,5399647.699999999
2025-08-01 09:36:12 AM,1936.0,9,17424.0,5417071.699999999
2025-08-01 09:36:31 AM,1937.2,1,1937.2,5419008.899999999
2025-08-01 09:36:36 AM,1935.6,0,0.0,5419008.899999999
2025-08-01 09:36:38 AM,1935.6,3,5806.799999999999,5424815.699999999
2025-08-01 09:37:11 AM,1935.6,4,7742.4,5432558.1
2025-08-01 09:37:19 AM,1935.6,3,5806.799999999999,5438364.899999999
2025-08-01 09:37:38 AM,1935.4,0,0.0,5438364.899999999
2025-08-01 09:37:39 AM,1935.4,23,44514.200000000004,5482879.1
2025-08-01 09:38:04 AM,1937.0,0,0.0,5482879.1
2025-08-01 09:38:06 AM,1937.0,3,5811.0,5488690.1
2025-08-01 09:38:13 AM,1937.1,1,1937.1,5490627.199999999
2025-08-01 09:38:21 AM,1935.7,0,0.0,5490627.199999999
2025-08-01 09:38:26 AM,1935.6,4,7742.4,5498369.6
2025-08-01 09:38:48 AM,1937.2,0,0.0,5498369.6
2025-08-01 09:38:52 AM,1934.9,0,0.0,5498369.6
2025-08-01 09:38:53 AM,1934.9,43,83200.7,5581570.3
2025-08-01 09:39:01 AM,1935.0,0,0.0,5581570.3
2025-08-01 09:39:06 AM,1935.0,6,11610.0,5593180.3
2025-08-01 09:39:11 AM,1934.9,0,0.0,5593180.3
2025-08-01 09:39:13 AM,1934.9,50,96745.0,5689925.3
2025-08-01 09:39:29 AM,1934.0,0,0.0,5689925.3
2025-08-01 09:39:33 AM,1934.0,6,11604.0,5701529.3
2025-08-01 09:39:53 AM,1934.0,2,3868.0,5705397.3
2025-08-01 09:39:57 AM,1933.1,0,0.0,5705397.3
2025-08-01 09:39:59 AM,1933.1,1,1933.1,5707330.399999999
2025-08-01 09:40:10 AM,1934.0,0,0.0,5707330.399999999
2025-08-01 09:40:12 AM,1934.0,1,1934.0,5709264.399999999
2025-08-01 09:40:30 AM,1933.0,0,0.0,5709264.399999999
2025-08-01 09:40:32 AM,1933.0,3,5799.0,5715063.399999999
2025-08-01 09:40:39 AM,1933.0,3,5799.0,5720862.399999999
2025-08-01 09:40:41 AM,1930.6,0,0.0,5720862.399999999
2025-08-01 09:40:45 AM,1930.6,86,166031.6,5886893.999999999
2025-08-01 09:40:52 AM,1930.6,16,30889.6,5917783.599999999
2025-08-01 09:40:58 AM,1933.5,1,1933.5,5919717.099999999
2025-08-01 09:41:25 AM,1933.5,1,1933.5,5921650.599999999
2025-08-01 09:41:28 AM,1932.0,0,0.0,5921650.599999999
2025-08-01 09:41:32 AM,1932.0,1,1932.0,5923582.599999999
2025-08-01 09:41:36 AM,1932.6,0,0.0,5923582.599999999
2025-08-01 09:41:38 AM,1932.6,1,1932.6,5925515.199999998
2025-08-01 09:41:44 AM,1933.3,0,0.0,5925515.199999998
2025-08-01 09:41:45 AM,1933.3,1,1933.3,5927448.499999998
2025-08-01 09:42:04 AM,1931.9,6,11591.400000000001,5939039.8999999985
2025-08-01 09:42:10 AM,1935.7,0,0.0,5939039.8999999985
2025-08-01 09:42:11 AM,1935.7,101,195505.7,6134545.599999999
2025-08-01 09:42:24 AM,1935.0,11,21285.0,6155830.599999999
2025-08-01 09:43:07 AM,1933.6,0,0.0,6155830.599999999
2025-08-01 09:43:10 AM,1933.6,2,3867.2,6159697.799999999
2025-08-01 09:43:24 AM,1935.1,6,11610.599999999999,6171308.3999999985
2025-08-01 09:43:27 AM,1935.9,0,0.0,6171308.3999999985
2025-08-01 09:43:30 AM,1935.9,4,7743.6,6179051.999999998
2025-08-01 09:43:55 AM,1935.6,0,0.0,6179051.999999998
2025-08-01 09:43:56 AM,1935.6,2,3871.2,6182923.199999998
2025-08-01 09:44:08 AM,1935.3,0,0.0,6182923.199999998
2025-08-01 09:44:09 AM,1935.3,42,81282.59999999999,6264205.799999998
2025-08-01 09:44:10 AM,1935.3,5,9676.5,6273882.299999998
2025-08-01 09:44:27 AM,1934.6,0,0.0,6273882.299999998
2025-08-01 09:44:29 AM,1934.6,11,21280.6,6295162.899999998
2025-08-01 09:44:33 AM,1935.4,0,0.0,6295162.899999998
2025-08-01 09:44:35 AM,1935.4,1,1935.4,6297098.299999998
2025-08-01 09:44:55 AM,1934.5,0,0.0,6297098.299999998
2025-08-01 09:44:56 AM,1934.5,6,11607.0,6308705.299999998
2025-08-01 09:45:08 AM,1934.0,6,11604.0,6320309.299999998
2025-08-01 09:45:20 AM,1934.3,0,0.0,6320309.299999998
2025-08-01 09:45:21 AM,1934.3,3,5802.9,6326112.199999998
2025-08-01 09:45:31 AM,1934.1,0,0.0,6326112.199999998
2025-08-01 09:45:34 AM,1934.1,1,1934.1,6328046.299999998
2025-08-01 09:45:47 AM,1932.4,27,52174.8,6380221.099999998
2025-08-01 09:45:51 AM,1932.6,0,0.0,6380221.099999998
2025-08-01 09:45:54 AM,1932.6,1,1932.6,6382153.699999997
2025-08-01 09:46:11 AM,1930.4,0,0.0,6382153.699999997
2025-08-01 09:46:13 AM,1930.4,1,1930.4,6384084.099999998
2025-08-01 09:46:37 AM,1931.2,0,0.0,6384084.099999998
2025-08-01 09:46:38 AM,1931.2,1,1931.2,6386015.299999998
2025-08-01 09:46:48 AM,1931.4,0,0.0,6386015.299999998
2025-08-01 09:46:51 AM,1931.4,1,1931.4,6387946.699999998
2025-08-01 09:46:59 AM,1929.0,13,25077.0,6413023.699999998
2025-08-01 09:47:21 AM,1928.2,0,0.0,6413023.699999998
2025-08-01 09:47:22 AM,1928.2,22,42420.4,6455444.099999999
2025-08-01 09:47:28 AM,1931.2,0,0.0,6455444.099999999
2025-08-01 09:47:28 AM,1931.2,20,38624.0,6494068.099999999
2025-08-01 09:47:34 AM,1929.1,0,0.0,6494068.099999999
2025-08-01 09:47:35 AM,1929.1,3,5787.299999999999,6499855.3999999985
2025-08-01 09:47:47 AM,1928.1,0,0.0,6499855.3999999985
2025-08-01 09:47:48 AM,1928.1,2,3856.2,6503711.599999999
2025-08-01 09:48:08 AM,1927.6,0,0.0,6503711.599999999
2025-08-01 09:48:08 AM,1927.6,3,5782.799999999999,6509494.3999999985
2025-08-01 09:48:39 AM,1927.7,0,0.0,6509494.3999999985
2025-08-01 09:48:40 AM,1927.7,8,15421.6,6524915.999999998
2025-08-01 09:48:46 AM,1927.7,1,1927.7,6526843.699999998
2025-08-01 09:48:49 AM,1927.6,1,1927.6,6528771.299999998
2025-08-01 09:49:43 AM,1929.4,0,0.0,6528771.299999998
2025-08-01 09:49:46 AM,1929.4,1,1929.4,6530700.699999998
2025-08-01 09:50:03 AM,1928.3,0,0.0,6530700.699999998
2025-08-01 09:50:05 AM,1927.8,38,73256.4,6603957.099999999
2025-08-01 09:50:06 AM,1928.0,0,0.0,6603957.099999999
2025-08-01 09:50:08 AM,1928.0,10,19280.0,6623237.099999999
2025-08-01 09:50:15 AM,1926.4,0,0.0,6623237.099999999
2025-08-01 09:50:15 AM,1926.4,6,11558.400000000001,6634795.499999999
2025-08-01 09:50:24 AM,1926.5,1,1926.5,6636721.999999999
2025-08-01 09:50:32 AM,1927.8,0,0.0,6636721.999999999
2025-08-01 09:50:34 AM,1927.8,6,11566.8,6648288.799999999
2025-08-01 09:50:40 AM,1928.4,9,17355.600000000002,6665644.3999999985
2025-08-01 09:50:45 AM,1928.6,0,0.0,6665644.3999999985
2025-08-01 09:50:46 AM,1928.6,1,1928.6,6667572.999999998
2025-08-01 09:50:49 AM,1928.6,1,1928.6,6669501.599999998
2025-08-01 09:51:10 AM,1927.5,0,0.0,6669501.599999998
2025-08-01 09:51:12 AM,1927.5,1,1927.5,6671429.099999998
2025-08-01 09:51:39 AM,1927.9,1,1927.9,6673356.999999998
2025-08-01 09:51:49 AM,1926.5,4,7706.0,6681062.999999998
2025-08-01 09:52:04 AM,1926.6,0,0.0,6681062.999999998
2025-08-01 09:52:07 AM,1926.6,2,3853.2,6684916.199999998
2025-08-01 09:52:08 AM,1928.6,0,0.0,6684916.199999998
2025-08-01 09:52:10 AM,1928.6,6,11571.599999999999,6696487.799999998
2025-08-01 09:52:11 AM,1929.7,0,0.0,6696487.799999998
2025-08-01 09:52:13 AM,1929.7,1,1929.7,6698417.499999998
2025-08-01 09:52:23 AM,1929.9,0,0.0,6698417.499999998
2025-08-01 09:52:26 AM,1929.9,2,3859.8,6702277.299999998
2025-08-01 09:52:56 AM,1927.2,0,0.0,6702277.299999998
2025-08-01 09:52:56 AM,1927.2,2,3854.4,6706131.699999998
2025-08-01 09:53:24 AM,1927.1,0,0.0,6706131.699999998
2025-08-01 09:53:27 AM,1927.1,1,1927.1,6708058.799999998
2025-08-01 09:53:36 AM,1928.4,0,0.0,6708058.799999998
2025-08-01 09:53:39 AM,1928.4,5,9642.0,6717700.799999998
2025-08-01 09:53:45 AM,1928.8,0,0.0,6717700.799999998
2025-08-01 09:53:46 AM,1929.2,21,40513.200000000004,6758213.999999998
2025-08-01 09:53:52 AM,1929.2,1,1929.2,6760143.199999998
2025-08-01 09:53:57 AM,1928.6,0,0.0,6760143.199999998
2025-08-01 09:53:58 AM,1928.6,1,1928.6,6762071.799999998
2025-08-01 09:54:12 AM,1926.9,4,7707.6,6769779.399999998
2025-08-01 09:54:52 AM,1928.4,0,0.0,6769779.399999998
2025-08-01 09:54:53 AM,1928.4,2,3856.8,6773636.199999997
2025-08-01 09:54:55 AM,1926.5,0,0.0,6773636.199999997
2025-08-01 09:54:58 AM,1928.3,0,0.0,6773636.199999997
2025-08-01 09:54:59 AM,1928.3,4,7713.2,6781349.399999998
2025-08-01 09:55:16 AM,1928.8,0,0.0,6781349.399999998
2025-08-01 09:55:17 AM,1928.8,9,17359.2,6798708.599999998
2025-08-01 09:55:29 AM,1927.5,3,5782.5,6804491.099999998
2025-08-01 09:55:34 AM,1928.9,0,0.0,6804491.099999998
2025-08-01 09:55:35 AM,1928.9,1,1928.9,6806419.999999998
2025-08-01 09:55:36 AM,1927.7,3,5783.1,6812203.099999998
2025-08-01 09:55:59 AM,1927.8,1,1927.8,6814130.899999998
2025-08-01 09:56:31 AM,1927.7,0,0.0,6814130.899999998
2025-08-01 09:56:34 AM,1927.7,3,5783.1,6819913.999999997
2025-08-01 09:56:47 AM,1929.2,5,9646.0,6829559.999999997
2025-08-01 09:57:05 AM,1929.8,0,0.0,6829559.999999997
2025-08-01 09:57:05 AM,1929.8,2,3859.6,6833419.599999997
2025-08-01 09:57:13 AM,1928.1,0,0.0,6833419.599999997
2025-08-01 09:57:17 AM,1928.1,2,3856.2,6837275.799999997
2025-08-01 09:57:55 AM,1928.1,48,92548.79999999999,6929824.599999997
2025-08-01 09:58:04 AM,1929.1,1,1929.1,6931753.699999996
2025-08-01 09:58:31 AM,1929.3,4,7717.2,6939470.899999997
2025-08-01 09:58:37 AM,1926.1,99,190683.9,7130154.799999997
2025-08-01 09:58:41 AM,1926.1,3,5778.299999999999,7135933.099999997
2025-08-01 09:58:46 AM,1925.4,0,0.0,7135933.099999997
2025-08-01 09:58:47 AM,1925.4,1,1925.4,7137858.499999997
2025-08-01 09:58:50 AM,1925.3,0,0.0,7137858.499999997
2025-08-01 09:58:50 AM,1925.3,1,1925.3,7139783.799999997
2025-08-01 09:59:03 AM,1926.4,0,0.0,7139783.799999997
2025-08-01 09:59:05 AM,1926.4,8,15411.2,7155194.999999997
2025-08-01 09:59:11 AM,1925.3,10,19253.0,7174447.999999997
2025-08-01 09:59:18 AM,1925.3,4,7701.2,7182149.199999997
2025-08-01 09:59:49 AM,1926.1,1,1926.1,7184075.299999997
2025-08-01 10:00:00 AM,1925.3,0,0.0,7184075.299999997
2025-08-01 10:00:01 AM,1925.3,2,3850.6,7187925.899999997
2025-08-01 10:00:10 AM,1926.1,0,0.0,7187925.899999997
2025-08-01 10:00:10 AM,1926.1,1,1926.1,7189851.999999996
2025-08-01 10:00:51 AM,1921.6,0,0.0,7189851.999999996
2025-08-01 10:00:52 AM,1921.6,200,384320.0,7574171.999999996
2025-08-01 10:00:55 AM,1921.8,4,7687.2,7581859.199999996
2025-08-01 10:01:01 AM,1921.7,1,1921.7,7583780.899999997
2025-08-01 10:01:04 AM,1922.4,14,26913.600000000002,7610694.499999996
2025-08-01 10:01:08 AM,1920.1,0,0.0,7610694.499999996
2025-08-01 10:01:08 AM,1920.1,34,65283.399999999994,7675977.899999997
2025-08-01 10:01:17 AM,1921.8,3,5765.4,7681743.299999997
2025-08-01 10:02:05 AM,1921.8,8,15374.4,7697117.699999997
2025-08-01 10:02:07 AM,1921.4,0,0.0,7697117.699999997
2025-08-01 10:02:10 AM,1921.4,3,5764.200000000001,7702881.899999998
2025-08-01 10:02:24 AM,1921.8,0,0.0,7702881.899999998
2025-08-01 10:02:24 AM,1921.8,1,1921.8,7704803.699999997
2025-08-01 10:02:36 AM,1920.9,0,0.0,7704803.699999997
2025-08-01 10:02:37 AM,1920.9,2,3841.8,7708645.499999997
2025-08-01 10:02:48 AM,1921.8,6,11530.8,7720176.299999997
2025-08-01 10:03:26 AM,1921.8,1,1921.8,7722098.099999997
2025-08-01 10:03:47 AM,1921.9,3,5765.700000000001,7727863.799999997
2025-08-01 10:03:51 AM,1921.9,2,3843.8,7731707.599999997
2025-08-01 10:04:00 AM,1921.9,7,13453.300000000001,7745160.899999997
2025-08-01 10:04:02 AM,1921.1,0,0.0,7745160.899999997
2025-08-01 10:04:04 AM,1921.1,1,1921.1,7747081.999999996
2025-08-01 10:04:18 AM,1921.1,3,5763.299999999999,7752845.299999996
2025-08-01 10:04:25 AM,1920.9,39,74915.1,7827760.399999996
2025-08-01 10:04:35 AM,1921.7,0,0.0,7827760.399999996
2025-08-01 10:04:35 AM,1921.7,1,1921.7,7829682.099999996
2025-08-01 10:04:41 AM,1921.7,1,1921.7,7831603.799999996
2025-08-01 10:05:39 AM,1921.7,1,1921.7,7833525.499999996
2025-08-01 10:05:57 AM,1920.6,1,1920.6,7835446.099999996
2025-08-01 10:05:58 AM,1923.4,0,0.0,7835446.099999996
2025-08-01 10:06:01 AM,1923.4,100,192340.0,8027786.099999996
2025-08-01 10:06:03 AM,1921.4,5,9607.0,8037393.099999996
2025-08-01 10:06:15 AM,1921.4,1,1921.4,8039314.499999996
2025-08-01 10:06:19 AM,1921.4,9,17292.600000000002,8056607.099999996
2025-08-01 10:06:42 AM,1921.6,0,0.0,8056607.099999996
2025-08-01 10:06:43 AM,1921.6,42,80707.2,8137314.299999996
2025-08-01 10:06:45 AM,1921.6,2,3843.2,8141157.499999996
2025-08-01 10:07:07 AM,1920.1,0,0.0,8141157.499999996
2025-08-01 10:07:07 AM,1920.1,3,5760.299999999999,8146917.799999996
2025-08-01 10:07:22 AM,1921.3,2,3842.6,8150760.399999996
2025-08-01 10:07:32 AM,1920.5,3,5761.5,8156521.899999996
2025-08-01 10:07:38 AM,1921.8,1,1921.8,8158443.6999999955
2025-08-01 10:07:59 AM,1915.5,0,0.0,8158443.6999999955
2025-08-01 10:07:59 AM,1915.5,49,93859.5,8252303.1999999955
2025-08-01 10:08:03 AM,1918.9,0,0.0,8252303.1999999955
2025-08-01 10:08:03 AM,1918.9,58,111296.20000000001,8363599.399999996
2025-08-01 10:08:05 AM,1919.0,1,1919.0,8365518.399999996
2025-08-01 10:08:08 AM,1916.4,0,0.0,8365518.399999996
2025-08-01 10:08:09 AM,1916.4,1,1916.4,8367434.799999996
2025-08-01 10:08:11 AM,1916.8,2,3833.6,8371268.399999996
2025-08-01 10:08:25 AM,1917.1,0,0.0,8371268.399999996
2025-08-01 10:08:27 AM,1917.0,0,0.0,8371268.399999996
2025-08-01 10:08:28 AM,1917.0,7,13419.0,8384687.399999996
2025-08-01 10:08:43 AM,1916.9,0,0.0,8384687.399999996
2025-08-01 10:08:45 AM,1918.3,0,0.0,8384687.399999996
2025-08-01 10:08:46 AM,1918.3,2,3836.6,8388523.999999995
2025-08-01 10:09:09 AM,1918.4,0,0.0,8388523.999999995
2025-08-01 10:09:09 AM,1918.4,2,3836.8,8392360.799999995
2025-08-01 10:09:23 AM,1917.1,1,1917.1,8394277.899999995
2025-08-01 10:09:50 AM,1917.2,10,19172.0,8413449.899999995
2025-08-01 10:10:01 AM,1917.0,0,0.0,8413449.899999995
2025-08-01 10:10:01 AM,1917.0,50,95850.0,8509299.899999995
2025-08-01 10:11:08 AM,1917.7,1,1917.7,8511217.599999994
2025-08-01 10:11:31 AM,1918.5,4,7674.0,8518891.599999994
2025-08-01 10:11:37 AM,1918.2,11,21100.2,8539991.799999993
2025-08-01 10:11:47 AM,1918.2,3,5754.6,8545746.399999993
2025-08-01 10:11:59 AM,1918.6,1,1918.6,8547664.999999993
2025-08-01 10:12:05 AM,1918.0,3,5754.0,8553418.999999993
2025-08-01 10:12:39 AM,1919.6,0,0.0,8553418.999999993
2025-08-01 10:12:40 AM,1919.6,8,15356.8,8568775.799999993
2025-08-01 10:12:57 AM,1920.3,0,0.0,8568775.799999993
2025-08-01 10:12:57 AM,1920.3,6,11521.8,8580297.599999994
2025-08-01 10:13:03 AM,1921.6,0,0.0,8580297.599999994
2025-08-01 10:13:03 AM,1921.6,1,1921.6,8582219.199999994
2025-08-01 10:13:09 AM,1922.1,4,7688.4,8589907.599999994
2025-08-01 10:13:38 AM,1922.3,3,5766.9,8595674.499999994
2025-08-01 10:13:44 AM,1923.3,1,1923.3,8597597.799999995
2025-08-01 10:13:51 AM,1921.3,1,1921.3,8599519.099999996
2025-08-01 10:13:56 AM,1920.9,1,1920.9,8601439.999999996
2025-08-01 10:14:30 AM,1922.6,0,0.0,8601439.999999996
2025-08-01 10:14:31 AM,1922.6,2,3845.2,8605285.199999996
2025-08-01 10:14:33 AM,1923.3,0,0.0,8605285.199999996
2025-08-01 10:14:36 AM,1923.3,1,1923.3,8607208.499999996
2025-08-01 10:14:47 AM,1921.0,0,0.0,8607208.499999996
2025-08-01 10:14:48 AM,1921.0,4,7684.0,8614892.499999996
2025-08-01 10:15:15 AM,1920.9,0,0.0,8614892.499999996
2025-08-01 10:15:17 AM,1919.6,65,124774.0,8739666.499999996
2025-08-01 10:15:20 AM,1920.6,0,0.0,8739666.499999996
2025-08-01 10:15:23 AM,1920.6,2,3841.2,8743507.699999996
2025-08-01 10:15:26 AM,1919.7,0,0.0,8743507.699999996
2025-08-01 10:15:29 AM,1919.7,1,1919.7,8745427.399999995
2025-08-01 10:15:42 AM,1919.7,2,3839.4,8749266.799999995
2025-08-01 10:15:47 AM,1922.0,0,0.0,8749266.799999995
2025-08-01 10:15:47 AM,1922.0,75,144150.0,8893416.799999995
2025-08-01 10:15:53 AM,1924.2,0,0.0,8893416.799999995
2025-08-01 10:15:54 AM,1924.2,3,5772.6,8899189.399999995
2025-08-01 10:16:02 AM,1924.5,0,0.0,8899189.399999995
2025-08-01 10:16:05 AM,1924.5,145,279052.5,9178241.899999995
2025-08-01 10:16:08 AM,1924.3,0,0.0,9178241.899999995
2025-08-01 10:16:11 AM,1924.3,7,13470.1,9191711.999999994
2025-08-01 10:16:14 AM,1922.5,0,0.0,9191711.999999994
2025-08-01 10:16:17 AM,1922.4,0,0.0,9191711.999999994
2025-08-01 10:16:17 AM,1922.4,24,46137.600000000006,9237849.599999994
2025-08-01 10:16:32 AM,1921.2,0,0.0,9237849.599999994
2025-08-01 10:16:34 AM,1922.3,5,9611.5,9247461.099999994
2025-08-01 10:16:40 AM,1922.4,2,3844.8,9251305.899999995
2025-08-01 10:16:48 AM,1920.8,0,0.0,9251305.899999995
2025-08-01 10:16:51 AM,1920.8,15,28812.0,9280117.899999995
2025-08-01 10:17:23 AM,1923.2,0,0.0,9280117.899999995
2025-08-01 10:17:25 AM,1923.2,1,1923.2,9282041.099999994
2025-08-01 10:17:29 AM,1922.2,0,0.0,9282041.099999994
2025-08-01 10:17:31 AM,1922.2,4,7688.8,9289729.899999995
2025-08-01 10:18:00 AM,1922.2,2,3844.4,9293574.299999995
2025-08-01 10:18:29 AM,1923.5,0,0.0,9293574.299999995
2025-08-01 10:18:29 AM,1923.5,2,3847.0,9297421.299999995
2025-08-01 10:18:36 AM,1922.3,0,0.0,9297421.299999995
2025-08-01 10:18:41 AM,1922.3,1,1922.3,9299343.599999996
2025-08-01 10:18:54 AM,1923.4,0,0.0,9299343.599999996
2025-08-01 10:18:58 AM,1923.4,1,1923.4,9301266.999999996
2025-08-01 10:19:02 AM,1923.5,0,0.0,9301266.999999996
2025-08-01 10:19:03 AM,1922.3,11,21145.3,9322412.299999997
2025-08-01 10:19:25 AM,1923.5,0,0.0,9322412.299999997
2025-08-01 10:19:27 AM,1923.5,1,1923.5,9324335.799999997
2025-08-01 10:19:49 AM,1923.5,6,11541.0,9335876.799999997
2025-08-01 10:19:55 AM,1923.5,1,1923.5,9337800.299999997
2025-08-01 10:20:06 AM,1922.5,1,1922.5,9339722.799999997
2025-08-01 10:20:36 AM,1923.5,0,0.0,9339722.799999997
2025-08-01 10:20:37 AM,1923.5,8,15388.0,9355110.799999997
2025-08-01 10:20:41 AM,1922.5,4,7690.0,9362800.799999997
2025-08-01 10:20:59 AM,1922.5,2,3845.0,9366645.799999997
2025-08-01 10:21:28 AM,1922.6,1,1922.6,9368568.399999997
2025-08-01 10:21:51 AM,1923.5,0,0.0,9368568.399999997
2025-08-01 10:21:54 AM,1923.5,2,3847.0,9372415.399999997
2025-08-01 10:21:56 AM,1922.5,4,7690.0,9380105.399999997
2025-08-01 10:22:00 AM,1923.5,0,0.0,9380105.399999997
2025-08-01 10:22:00 AM,1923.5,1,1923.5,9382028.899999997
2025-08-01 10:22:02 AM,1923.5,1,1923.5,9383952.399999997
2025-08-01 10:22:05 AM,1923.5,1,1923.5,9385875.899999997
2025-08-01 10:22:31 AM,1923.5,2,3847.0,9389722.899999997
2025-08-01 10:22:35 AM,1923.5,1,1923.5,9391646.399999997
2025-08-01 10:22:42 AM,1923.5,1,1923.5,9393569.899999997
2025-08-01 10:23:18 AM,1922.5,0,0.0,9393569.899999997
2025-08-01 10:23:19 AM,1922.5,151,290297.5,9683867.399999997
2025-08-01 10:23:23 AM,1921.5,0,0.0,9683867.399999997
2025-08-01 10:23:25 AM,1920.7,2,3841.4,9687708.799999997
2025-08-01 10:23:30 AM,1920.7,4,7682.8,9695391.599999998
2025-08-01 10:23:32 AM,1920.8,0,0.0,9695391.599999998
2025-08-01 10:23:34 AM,1920.8,1,1920.8,9697312.399999999
2025-08-01 10:23:36 AM,1920.8,9,17287.2,9714599.599999998
2025-08-01 10:23:51 AM,1921.1,0,0.0,9714599.599999998
2025-08-01 10:23:53 AM,1921.1,11,21132.1,9735731.699999997
2025-08-01 10:23:56 AM,1920.7,0,0.0,9735731.699999997
2025-08-01 10:23:56 AM,1920.7,29,55700.3,9791431.999999998
2025-08-01 10:24:00 AM,1922.2,0,0.0,9791431.999999998
2025-08-01 10:24:01 AM,1922.2,1,1922.2,9793354.199999997
2025-08-01 10:24:11 AM,1921.3,0,0.0,9793354.199999997
2025-08-01 10:24:13 AM,1920.7,5,9603.5,9802957.699999997
2025-08-01 10:24:18 AM,1920.7,1,1920.7,9804878.399999997
2025-08-01 10:25:24 AM,1922.4,0,0.0,9804878.399999997
2025-08-01 10:25:25 AM,1922.4,1,1922.4,9806800.799999997
2025-08-01 10:25:33 AM,1921.2,0,0.0,9806800.799999997
2025-08-01 10:25:33 AM,1921.2,1,1921.2,9808721.999999996
2025-08-01 10:25:58 AM,1921.2,2,3842.4,9812564.399999997
2025-08-01 10:26:06 AM,1922.7,0,0.0,9812564.399999997
2025-08-01 10:26:06 AM,1922.7,1,1922.7,9814487.099999996
2025-08-01 10:26:38 AM,1921.0,4,7684.0,9822171.099999996
2025-08-01 10:26:48 AM,1922.3,0,0.0,9822171.099999996
2025-08-01 10:26:49 AM,1922.3,1,1922.3,9824093.399999997
2025-08-01 10:26:54 AM,1920.7,0,0.0,9824093.399999997
2025-08-01 10:26:55 AM,1920.7,5,9603.5,9833696.899999997
2025-08-01 10:27:48 AM,1921.8,0,0.0,9833696.899999997
2025-08-01 10:27:48 AM,1921.8,4,7687.2,9841384.099999996
2025-08-01 10:27:55 AM,1922.0,0,0.0,9841384.099999996
2025-08-01 10:27:56 AM,1922.0,7,13454.0,9854838.099999996
2025-08-01 10:28:10 AM,1922.1,0,0.0,9854838.099999996
2025-08-01 10:28:12 AM,1922.1,1,1922.1,9856760.199999996
2025-08-01 10:29:14 AM,1922.1,1,1922.1,9858682.299999995
2025-08-01 10:29:40 AM,1920.8,0,0.0,9858682.299999995
2025-08-01 10:29:41 AM,1920.8,1,1920.8,9860603.099999996
2025-08-01 10:29:44 AM,1922.1,0,0.0,9860603.099999996
2025-08-01 10:29:44 AM,1922.1,3,5766.299999999999,9866369.399999997
2025-08-01 10:29:49 AM,1923.5,3,5770.5,9872139.899999997
2025-08-01 10:30:26 AM,1923.5,12,23082.0,9895221.899999997
2025-08-01 10:30:35 AM,1925.0,0,0.0,9895221.899999997
2025-08-01 10:30:35 AM,1925.0,97,186725.0,10081946.899999997
2025-08-01 10:30:36 AM,1923.5,0,0.0,10081946.899999997
2025-08-01 10:30:38 AM,1923.5,4,7694.0,10089640.899999997
2025-08-01 10:30:41 AM,1922.7,4,7690.8,10097331.699999997
2025-08-01 10:30:57 AM,1924.1,0,0.0,10097331.699999997
2025-08-01 10:30:58 AM,1924.1,1,1924.1,10099255.799999997
2025-08-01 10:31:15 AM,1922.2,0,0.0,10099255.799999997
2025-08-01 10:31:15 AM,1922.2,5,9611.0,10108866.799999997
2025-08-01 10:31:17 AM,1923.8,0,0.0,10108866.799999997
2025-08-01 10:31:18 AM,1923.8,2,3847.6,10112714.399999997
2025-08-01 10:31:40 AM,1924.0,0,0.0,10112714.399999997
2025-08-01 10:31:40 AM,1924.0,1,1924.0,10114638.399999997
2025-08-01 10:32:01 AM,1922.1,0,0.0,10114638.399999997
2025-08-01 10:32:01 AM,1922.1,7,13454.699999999999,10128093.099999996
2025-08-01 10:32:07 AM,1921.6,0,0.0,10128093.099999996
2025-08-01 10:32:08 AM,1921.6,12,23059.199999999997,10151152.299999995
2025-08-01 10:32:30 AM,1921.2,0,0.0,10151152.299999995
2025-08-01 10:32:31 AM,1921.2,1,1921.2,10153073.499999994
2025-08-01 10:32:43 AM,1923.0,1,1923.0,10154996.499999994
2025-08-01 10:33:08 AM,1923.0,1,1923.0,10156919.499999994
2025-08-01 10:33:25 AM,1923.0,1,1923.0,10158842.499999994
2025-08-01 10:33:36 AM,1921.4,0,0.0,10158842.499999994
2025-08-01 10:33:36 AM,1921.4,1,1921.4,10160763.899999995
2025-08-01 10:34:49 AM,1922.9,0,0.0,10160763.899999995
2025-08-01 10:34:49 AM,1922.9,1,1922.9,10162686.799999995
2025-08-01 10:35:02 AM,1921.3,0,0.0,10162686.799999995
2025-08-01 10:35:04 AM,1921.3,1,1921.3,10164608.099999996
2025-08-01 10:35:22 AM,1922.7,0,0.0,10164608.099999996
2025-08-01 10:35:23 AM,1922.7,1,1922.7,10166530.799999995
2025-08-01 10:35:54 AM,1922.9,0,0.0,10166530.799999995
2025-08-01 10:35:55 AM,1922.9,2,3845.8,10170376.599999996
2025-08-01 10:36:23 AM,1922.9,9,17306.100000000002,10187682.699999996
2025-08-01 10:37:07 AM,1921.3,1,1921.3,10189603.999999996
2025-08-01 10:37:22 AM,1922.7,0,0.0,10189603.999999996
2025-08-01 10:37:23 AM,1922.7,1,1922.7,10191526.699999996
2025-08-01 10:37:29 AM,1922.7,1,1922.7,10193449.399999995
2025-08-01 10:38:02 AM,1921.0,0,0.0,10193449.399999995
2025-08-01 10:38:03 AM,1921.0,26,49946.0,10243395.399999995
2025-08-01 10:38:22 AM,1918.9,0,0.0,10243395.399999995
2025-08-01 10:38:24 AM,1918.9,1,1918.9,10245314.299999995
2025-08-01 10:38:33 AM,1920.5,1,1920.5,10247234.799999995
2025-08-01 10:38:36 AM,1920.8,0,0.0,10247234.799999995
2025-08-01 10:38:36 AM,1920.8,10,19208.0,10266442.799999995
2025-08-01 10:38:48 AM,1920.6,2,3841.2,10270283.999999994
2025-08-01 10:38:50 AM,1918.8,4,7675.2,10277959.199999994
2025-08-01 10:38:55 AM,1918.7,0,0.0,10277959.199999994
2025-08-01 10:38:56 AM,1918.7,1,1918.7,10279877.899999993
2025-08-01 10:39:03 AM,1920.2,0,0.0,10279877.899999993
2025-08-01 10:39:04 AM,1921.0,0,0.0,10279877.899999993
2025-08-01 10:39:04 AM,1921.0,14,26894.0,10306771.899999993
2025-08-01 10:39:15 AM,1920.9,1,1920.9,10308692.799999993
2025-08-01 10:39:57 AM,1919.4,0,0.0,10308692.799999993
2025-08-01 10:39:57 AM,1919.4,1,1919.4,10310612.199999994
2025-08-01 10:40:00 AM,1919.4,1,1919.4,10312531.599999994
2025-08-01 10:40:05 AM,1920.5,0,0.0,10312531.599999994
2025-08-01 10:40:05 AM,1920.5,1,1920.5,10314452.099999994
2025-08-01 10:40:16 AM,1920.6,0,0.0,10314452.099999994
2025-08-01 10:40:17 AM,1920.6,1,1920.6,10316372.699999994
2025-08-01 10:40:36 AM,1919.6,2,3839.2,10320211.899999993
2025-08-01 10:40:42 AM,1921.2,6,11527.2,10331739.099999992
2025-08-01 10:40:44 AM,1921.3,6,11527.8,10343266.899999993
2025-08-01 10:40:50 AM,1921.3,3,5763.9,10349030.799999993
2025-08-01 10:41:04 AM,1921.3,2,3842.6,10352873.399999993
2025-08-01 10:41:44 AM,1921.3,1,1921.3,10354794.699999994
2025-08-01 10:41:53 AM,1918.0,0,0.0,10354794.699999994
2025-08-01 10:41:54 AM,1918.0,302,579236.0,10934030.699999994
2025-08-01 10:41:55 AM,1918.6,0,0.0,10934030.699999994
2025-08-01 10:41:55 AM,1918.6,2,3837.2,10937867.899999993
2025-08-01 10:41:57 AM,1918.5,0,0.0,10937867.899999993
2025-08-01 10:42:00 AM,1918.6,3,5755.799999999999,10943623.699999994
2025-08-01 10:42:03 AM,1919.5,0,0.0,10943623.699999994
2025-08-01 10:42:05 AM,1919.5,1,1919.5,10945543.199999994
2025-08-01 10:42:11 AM,1919.5,10,19195.0,10964738.199999994
2025-08-01 10:42:56 AM,1918.5,0,0.0,10964738.199999994
2025-08-01 10:42:57 AM,1918.5,1,1918.5,10966656.699999994
2025-08-01 10:43:28 AM,1918.6,2,3837.2,10970493.899999993
2025-08-01 10:43:40 AM,1918.7,0,0.0,10970493.899999993
2025-08-01 10:43:41 AM,1918.7,1,1918.7,10972412.599999992
2025-08-01 10:43:52 AM,1917.6,0,0.0,10972412.599999992
2025-08-01 10:43:54 AM,1917.6,2,3835.2,10976247.799999991
2025-08-01 10:44:20 AM,1919.0,0,0.0,10976247.799999991
2025-08-01 10:44:21 AM,1919.0,2,3838.0,10980085.799999991
2025-08-01 10:44:22 AM,1918.9,0,0.0,10980085.799999991
2025-08-01 10:44:23 AM,1918.9,2,3837.8,10983923.599999992
2025-08-01 10:44:35 AM,1919.5,0,0.0,10983923.599999992
2025-08-01 10:44:37 AM,1919.5,1,1919.5,10985843.099999992
2025-08-01 10:45:18 AM,1920.0,0,0.0,10985843.099999992
2025-08-01 10:45:18 AM,1920.0,2,3840.0,10989683.099999992
2025-08-01 10:45:39 AM,1918.2,1,1918.2,10991601.299999991
2025-08-01 10:45:44 AM,1919.7,0,0.0,10991601.299999991
2025-08-01 10:45:44 AM,1917.6,0,0.0,10991601.299999991
2025-08-01 10:45:45 AM,1918.1,15,28771.5,11020372.799999991
2025-08-01 10:45:58 AM,1917.0,0,0.0,11020372.799999991
2025-08-01 10:45:58 AM,1917.0,1,1917.0,11022289.799999991
2025-08-01 10:46:03 AM,1918.7,0,0.0,11022289.799999991
2025-08-01 10:46:04 AM,1918.7,1,1918.7,11024208.49999999
2025-08-01 10:46:05 AM,1917.0,0,0.0,11024208.49999999
2025-08-01 10:46:06 AM,1917.0,1,1917.0,11026125.49999999
2025-08-01 10:46:29 AM,1916.5,31,59411.5,11085536.99999999
2025-08-01 10:46:42 AM,1920.7,0,0.0,11085536.99999999
2025-08-01 10:46:44 AM,1920.7,100,192070.0,11277606.99999999
2025-08-01 10:48:02 AM,1918.2,2,3836.4,11281443.399999991
2025-08-01 10:48:04 AM,1920.2,0,0.0,11281443.399999991
2025-08-01 10:48:05 AM,1920.2,4,7680.8,11289124.199999992
2025-08-01 10:48:10 AM,1918.3,0,0.0,11289124.199999992
2025-08-01 10:48:10 AM,1918.3,1,1918.3,11291042.499999993
2025-08-01 10:48:38 AM,1919.9,0,0.0,11291042.499999993
2025-08-01 10:48:39 AM,1919.9,7,13439.300000000001,11304481.799999993
2025-08-01 10:48:55 AM,1920.2,1,1920.2,11306401.999999993
2025-08-01 10:49:06 AM,1915.2,1213,2323137.6,13629539.599999992
2025-08-01 10:49:09 AM,1911.4,0,0.0,13629539.599999992
2025-08-01 10:49:10 AM,1909.3,3,5727.9,13635267.499999993
2025-08-01 10:49:12 AM,1907.2,0,0.0,13635267.499999993
2025-08-01 10:49:12 AM,1907.2,55,104896.0,13740163.499999993
2025-08-01 10:49:13 AM,1910.7,0,0.0,13740163.499999993
2025-08-01 10:49:16 AM,1910.7,20,38214.0,13778377.499999993
2025-08-01 10:49:23 AM,1910.6,0,0.0,13778377.499999993
2025-08-01 10:49:26 AM,1910.6,1,1910.6,13780288.099999992
2025-08-01 10:49:34 AM,1911.8,0,0.0,13780288.099999992
2025-08-01 10:49:37 AM,1911.8,3,5735.4,13786023.499999993
2025-08-01 10:50:02 AM,1913.4,0,0.0,13786023.499999993
2025-08-01 10:50:04 AM,1913.4,10,19134.0,13805157.499999993
2025-08-01 10:50:22 AM,1912.3,0,0.0,13805157.499999993
2025-08-01 10:50:22 AM,1912.3,6,11473.8,13816631.299999993
2025-08-01 10:50:31 AM,1911.8,0,0.0,13816631.299999993
2025-08-01 10:50:32 AM,1911.8,13,24853.399999999998,13841484.699999994
2025-08-01 10:50:36 AM,1911.6,0,0.0,13841484.699999994
2025-08-01 10:50:38 AM,1911.6,1,1911.6,13843396.299999993
2025-08-01 10:50:45 AM,1909.8,0,0.0,13843396.299999993
2025-08-01 10:50:49 AM,1909.8,27,51564.6,13894960.899999993
2025-08-01 10:51:06 AM,1912.3,0,0.0,13894960.899999993
2025-08-01 10:51:06 AM,1912.3,40,76492.0,13971452.899999993
2025-08-01 10:51:11 AM,1911.3,0,0.0,13971452.899999993
2025-08-01 10:51:12 AM,1911.3,1,1911.3,13973364.199999994
2025-08-01 10:51:26 AM,1909.3,0,0.0,13973364.199999994
2025-08-01 10:51:28 AM,1909.3,2,3818.6,13977182.799999993
2025-08-01 10:51:50 AM,1910.2,0,0.0,13977182.799999993
2025-08-01 10:51:50 AM,1910.2,2,3820.4,13981003.199999994
2025-08-01 10:52:01 AM,1911.1,1,1911.1,13982914.299999993
2025-08-01 10:52:18 AM,1910.0,1,1910.0,13984824.299999993
2025-08-01 10:52:28 AM,1911.1,1,1911.1,13986735.399999993
2025-08-01 10:52:44 AM,1911.1,1,1911.1,13988646.499999993
2025-08-01 10:53:15 AM,1910.0,1,1910.0,13990556.499999993
2025-08-01 10:53:16 AM,1911.1,1,1911.1,13992467.599999992
2025-08-01 10:53:19 AM,1910.5,0,0.0,13992467.599999992
2025-08-01 10:53:19 AM,1910.5,1,1910.5,13994378.099999992
2025-08-01 10:53:27 AM,1910.0,0,0.0,13994378.099999992
2025-08-01 10:53:27 AM,1910.0,1,1910.0,13996288.099999992
2025-08-01 10:53:37 AM,1911.6,1,1911.6,13998199.699999992
2025-08-01 10:53:39 AM,1911.8,1,1911.8,14000111.499999993
2025-08-01 10:53:56 AM,1911.0,0,0.0,14000111.499999993
2025-08-01 10:53:56 AM,1911.0,1,1911.0,14002022.499999993
2025-08-01 10:54:00 AM,1912.5,0,0.0,14002022.499999993
2025-08-01 10:54:00 AM,1912.5,1,1912.5,14003934.999999993
2025-08-01 10:54:20 AM,1912.5,1,1912.5,14005847.499999993
2025-08-01 10:54:22 AM,1912.6,0,0.0,14005847.499999993
2025-08-01 10:54:25 AM,1912.6,6,11475.599999999999,14017323.099999992
2025-08-01 10:54:40 AM,1911.0,0,0.0,14017323.099999992
2025-08-01 10:54:41 AM,1911.0,2,3822.0,14021145.099999992
2025-08-01 10:54:43 AM,1912.1,0,0.0,14021145.099999992
2025-08-01 10:54:46 AM,1912.1,2,3824.2,14024969.299999991
2025-08-01 10:54:51 AM,1912.1,3,5736.299999999999,14030705.599999992
2025-08-01 10:55:35 AM,1912.2,1,1912.2,14032617.799999991
2025-08-01 10:55:56 AM,1911.4,4,7645.6,14040263.399999991
2025-08-01 10:56:01 AM,1911.4,1,1911.4,14042174.799999991
2025-08-01 10:56:12 AM,1912.6,0,0.0,14042174.799999991
2025-08-01 10:56:12 AM,1912.6,1,1912.6,14044087.399999991
2025-08-01 10:56:16 AM,1911.4,0,0.0,14044087.399999991
2025-08-01 10:56:16 AM,1911.4,5,9557.0,14053644.399999991
2025-08-01 10:56:59 AM,1911.4,12,22936.800000000003,14076581.199999992
2025-08-01 10:57:20 AM,1911.1,1,1911.1,14078492.299999991
2025-08-01 10:57:24 AM,1912.0,0,0.0,14078492.299999991
2025-08-01 10:57:25 AM,1912.0,1,1912.0,14080404.299999991
2025-08-01 10:57:26 AM,1912.0,1,1912.0,14082316.299999991
2025-08-01 10:57:30 AM,1912.0,1,1912.0,14084228.299999991
2025-08-01 10:57:32 AM,1912.2,5,9561.0,14093789.299999991
2025-08-01 10:57:34 AM,1911.0,0,0.0,14093789.299999991
2025-08-01 10:57:36 AM,1911.0,1,1911.0,14095700.299999991
2025-08-01 10:58:12 AM,1912.2,0,0.0,14095700.299999991
2025-08-01 10:58:13 AM,1912.2,1,1912.2,14097612.49999999
2025-08-01 10:58:13 AM,1912.2,1,1912.2,14099524.69999999
2025-08-01 10:59:06 AM,1912.6,0,0.0,14099524.69999999
2025-08-01 10:59:07 AM,1912.6,1,1912.6,14101437.29999999
2025-08-01 10:59:54 AM,1912.6,1,1912.6,14103349.89999999
2025-08-01 11:00:05 AM,1912.6,1,1912.6,14105262.499999989
2025-08-01 11:01:05 AM,1912.6,5,9563.0,14114825.499999989
2025-08-01 11:01:17 AM,1912.8,0,0.0,14114825.499999989
2025-08-01 11:01:21 AM,1912.8,1,1912.8,14116738.29999999
2025-08-01 11:01:25 AM,1914.1,0,0.0,14116738.29999999
2025-08-01 11:01:26 AM,1914.1,2,3828.2,14120566.499999989
2025-08-01 11:01:32 AM,1912.4,2,3824.8,14124391.29999999
2025-08-01 11:02:13 AM,1912.3,0,0.0,14124391.29999999
2025-08-01 11:02:13 AM,1912.3,1,1912.3,14126303.59999999
2025-08-01 11:02:31 AM,1912.3,1,1912.3,14128215.899999991
2025-08-01 11:02:35 AM,1913.6,0,0.0,14128215.899999991
2025-08-01 11:02:36 AM,1913.6,1,1913.6,14130129.49999999
2025-08-01 11:02:42 AM,1913.7,1,1913.7,14132043.19999999
2025-08-01 11:03:07 AM,1913.6,0,0.0,14132043.19999999
2025-08-01 11:03:07 AM,1913.6,1,1913.6,14133956.79999999
2025-08-01 11:03:27 AM,1913.6,1,1913.6,14135870.39999999
2025-08-01 11:04:19 AM,1913.3,0,0.0,14135870.39999999
2025-08-01 11:04:20 AM,1913.3,1,1913.3,14137783.69999999
2025-08-01 11:04:25 AM,1912.2,0,0.0,14137783.69999999
2025-08-01 11:04:25 AM,1912.2,1,1912.2,14139695.89999999
2025-08-01 11:05:25 AM,1913.7,1,1913.7,14141609.599999988
2025-08-01 11:05:25 AM,1912.0,0,0.0,14141609.599999988
2025-08-01 11:05:28 AM,1912.0,12,22944.0,14164553.599999988
2025-08-01 11:05:53 AM,1913.4,0,0.0,14164553.599999988
2025-08-01 11:05:56 AM,1913.4,1,1913.4,14166466.999999989
2025-08-01 11:06:21 AM,1912.2,0,0.0,14166466.999999989
2025-08-01 11:06:22 AM,1912.2,3,5736.6,14172203.599999988
2025-08-01 11:06:31 AM,1913.9,3,5741.700000000001,14177945.299999988
2025-08-01 11:06:35 AM,1912.4,0,0.0,14177945.299999988
2025-08-01 11:06:36 AM,1912.4,2,3824.8,14181770.099999988
2025-08-01 11:06:53 AM,1912.2,0,0.0,14181770.099999988
2025-08-01 11:06:54 AM,1912.2,3,5736.6,14187506.699999988
2025-08-01 11:07:09 AM,1913.7,0,0.0,14187506.699999988
2025-08-01 11:07:09 AM,1913.7,2,3827.4,14191334.099999988
2025-08-01 11:07:13 AM,1912.4,0,0.0,14191334.099999988
2025-08-01 11:07:15 AM,1912.4,2,3824.8,14195158.89999999
2025-08-01 11:07:19 AM,1913.9,0,0.0,14195158.89999999
2025-08-01 11:07:20 AM,1912.4,3,5737.200000000001,14200896.099999988
2025-08-01 11:07:21 AM,1912.4,2,3824.8,14204720.89999999
2025-08-01 11:07:26 AM,1912.4,1,1912.4,14206633.29999999
2025-08-01 11:07:37 AM,1913.6,2,3827.2,14210460.499999989
2025-08-01 11:07:37 AM,1912.4,0,0.0,14210460.499999989
2025-08-01 11:07:38 AM,1912.4,5,9562.0,14220022.499999989
2025-08-01 11:07:49 AM,1912.4,2,3824.8,14223847.29999999
2025-08-01 11:07:51 AM,1913.7,0,0.0,14223847.29999999
2025-08-01 11:07:53 AM,1913.7,1,1913.7,14225760.999999989
2025-08-01 11:08:39 AM,1913.8,0,0.0,14225760.999999989
2025-08-01 11:08:40 AM,1913.8,3,5741.4,14231502.39999999
2025-08-01 11:08:42 AM,1913.8,1,1913.8,14233416.19999999
2025-08-01 11:08:45 AM,1912.4,0,0.0,14233416.19999999
2025-08-01 11:08:45 AM,1912.4,21,40160.4,14273576.59999999
2025-08-01 11:08:50 AM,1911.0,0,0.0,14273576.59999999
2025-08-01 11:08:50 AM,1911.0,22,42042.0,14315618.59999999
2025-08-01 11:08:57 AM,1911.6,0,0.0,14315618.59999999
2025-08-01 11:08:59 AM,1911.6,22,42055.2,14357673.79999999
2025-08-01 11:09:11 AM,1910.5,8,15284.0,14372957.79999999
2025-08-01 11:09:29 AM,1909.5,0,0.0,14372957.79999999
2025-08-01 11:09:30 AM,1909.5,308,588126.0,14961083.79999999
2025-08-01 11:09:32 AM,1909.6,0,0.0,14961083.79999999
2025-08-01 11:09:32 AM,1909.6,3,5728.799999999999,14966812.59999999
2025-08-01 11:09:34 AM,1909.5,0,0.0,14966812.59999999
2025-08-01 11:09:35 AM,1909.5,1,1909.5,14968722.09999999
2025-08-01 11:09:40 AM,1908.8,0,0.0,14968722.09999999
2025-08-01 11:09:41 AM,1908.8,39,74443.2,15043165.29999999
2025-08-01 11:09:48 AM,1910.4,0,0.0,15043165.29999999
2025-08-01 11:09:48 AM,1910.4,6,11462.400000000001,15054627.69999999
2025-08-01 11:09:53 AM,1910.3,1,1910.3,15056537.99999999
2025-08-01 11:10:08 AM,1909.0,1,1909.0,15058446.99999999
2025-08-01 11:10:18 AM,1910.4,0,0.0,15058446.99999999
2025-08-01 11:10:18 AM,1910.4,3,5731.200000000001,15064178.19999999
2025-08-01 11:10:30 AM,1910.3,1,1910.3,15066088.49999999
2025-08-01 11:11:10 AM,1909.5,0,0.0,15066088.49999999
2025-08-01 11:11:13 AM,1909.5,1,1909.5,15067997.99999999
2025-08-01 11:12:22 AM,1910.6,0,0.0,15067997.99999999
2025-08-01 11:12:23 AM,1910.6,7,13374.199999999999,15081372.19999999
2025-08-01 11:12:44 AM,1909.1,0,0.0,15081372.19999999
2025-08-01 11:12:44 AM,1909.1,4,7636.4,15089008.59999999
2025-08-01 11:13:17 AM,1909.1,1,1909.1,15090917.69999999
2025-08-01 11:14:01 AM,1910.3,1,1910.3,15092827.99999999
2025-08-01 11:14:29 AM,1910.4,0,0.0,15092827.99999999
2025-08-01 11:14:32 AM,1910.4,5,9552.0,15102379.99999999
2025-08-01 11:14:33 AM,1910.5,0,0.0,15102379.99999999
2025-08-01 11:14:33 AM,1910.5,8,15284.0,15117663.99999999
2025-08-01 11:14:42 AM,1909.2,8,15273.6,15132937.59999999
2025-08-01 11:14:43 AM,1910.4,0,0.0,15132937.59999999
2025-08-01 11:14:44 AM,1910.4,1,1910.4,15134847.99999999
2025-08-01 11:14:49 AM,1910.4,1,1910.4,15136758.399999991
2025-08-01 11:14:54 AM,1909.1,1,1909.1,15138667.49999999
2025-08-01 11:15:09 AM,1910.3,0,0.0,15138667.49999999
2025-08-01 11:15:10 AM,1910.3,1,1910.3,15140577.799999991
2025-08-01 11:15:13 AM,1910.4,0,0.0,15140577.799999991
2025-08-01 11:15:15 AM,1909.1,0,0.0,15140577.799999991
2025-08-01 11:15:15 AM,1909.1,2,3818.2,15144395.99999999
2025-08-01 11:15:52 AM,1910.3,1,1910.3,15146306.299999991
2025-08-01 11:16:02 AM,1910.3,1,1910.3,15148216.599999992
2025-08-01 11:16:07 AM,1910.4,0,0.0,15148216.599999992
2025-08-01 11:16:08 AM,1910.4,5,9552.0,15157768.599999992
2025-08-01 11:16:23 AM,1910.6,0,0.0,15157768.599999992
2025-08-01 11:16:23 AM,1910.6,1,1910.6,15159679.199999992
2025-08-01 11:16:29 AM,1909.1,20,38182.0,15197861.199999992
2025-08-01 11:16:44 AM,1910.6,11,21016.6,15218877.799999991
2025-08-01 11:17:02 AM,1910.9,1,1910.9,15220788.699999992
2025-08-01 11:17:21 AM,1910.9,26,49683.4,15270472.099999992
2025-08-01 11:17:41 AM,1911.3,0,0.0,15270472.099999992
2025-08-01 11:17:43 AM,1911.3,2,3822.6,15274294.699999992
2025-08-01 11:17:47 AM,1912.0,0,0.0,15274294.699999992
2025-08-01 11:17:48 AM,1912.0,1,1912.0,15276206.699999992
2025-08-01 11:17:58 AM,1912.1,0,0.0,15276206.699999992
2025-08-01 11:17:58 AM,1912.1,5,9560.5,15285767.199999992
2025-08-01 11:18:00 AM,1912.1,2,3824.2,15289591.399999991
2025-08-01 11:18:19 AM,1912.2,0,0.0,15289591.399999991
2025-08-01 11:18:20 AM,1912.2,16,30595.2,15320186.59999999
2025-08-01 11:18:33 AM,1912.2,1,1912.2,15322098.79999999
2025-08-01 11:18:43 AM,1912.2,2,3824.4,15325923.19999999
2025-08-01 11:19:02 AM,1910.3,0,0.0,15325923.19999999
2025-08-01 11:19:06 AM,1910.3,10,19103.0,15345026.19999999
2025-08-01 11:20:04 AM,1912.0,0,0.0,15345026.19999999
2025-08-01 11:20:06 AM,1912.0,1,1912.0,15346938.19999999
2025-08-01 11:20:40 AM,1912.8,0,0.0,15346938.19999999
2025-08-01 11:20:42 AM,1914.1,0,0.0,15346938.19999999
2025-08-01 11:20:43 AM,1914.1,40,76564.0,15423502.19999999
2025-08-01 11:20:56 AM,1914.8,0,0.0,15423502.19999999
2025-08-01 11:20:58 AM,1914.8,1,1914.8,15425416.99999999
2025-08-01 11:21:09 AM,1914.8,7,13403.6,15438820.59999999
2025-08-01 11:21:20 AM,1915.4,2,3830.8,15442651.399999991
2025-08-01 11:21:30 AM,1913.6,7,13395.199999999999,15456046.59999999
2025-08-01 11:21:34 AM,1914.8,0,0.0,15456046.59999999
2025-08-01 11:21:35 AM,1914.8,2,3829.6,15459876.19999999
2025-08-01 11:21:56 AM,1915.1,0,0.0,15459876.19999999
2025-08-01 11:21:56 AM,1915.1,1,1915.1,15461791.29999999
2025-08-01 11:21:58 AM,1915.4,0,0.0,15461791.29999999
2025-08-01 11:22:00 AM,1915.4,1,1915.4,15463706.69999999
2025-08-01 11:22:04 AM,1914.3,0,0.0,15463706.69999999
2025-08-01 11:22:06 AM,1914.3,3,5742.9,15469449.59999999
2025-08-01 11:22:13 AM,1915.9,0,0.0,15469449.59999999
2025-08-01 11:22:17 AM,1915.9,1,1915.9,15471365.49999999
2025-08-01 11:23:14 AM,1916.0,0,0.0,15471365.49999999
2025-08-01 11:23:15 AM,1916.0,9,17244.0,15488609.49999999
2025-08-01 11:23:28 AM,1914.1,0,0.0,15488609.49999999
2025-08-01 11:23:29 AM,1913.5,0,0.0,15488609.49999999
2025-08-01 11:23:31 AM,1913.5,11,21048.5,15509657.99999999
2025-08-01 11:23:52 AM,1913.8,0,0.0,15509657.99999999
2025-08-01 11:23:56 AM,1913.8,7,13396.6,15523054.59999999
2025-08-01 11:24:12 AM,1912.4,0,0.0,15523054.59999999
2025-08-01 11:24:16 AM,1912.4,2,3824.8,15526879.399999991
2025-08-01 11:24:20 AM,1914.1,0,0.0,15526879.399999991
2025-08-01 11:24:21 AM,1914.1,2,3828.2,15530707.59999999
2025-08-01 11:24:24 AM,1911.6,0,0.0,15530707.59999999
2025-08-01 11:24:25 AM,1913.1,0,0.0,15530707.59999999
2025-08-01 11:24:27 AM,1913.0,0,0.0,15530707.59999999
2025-08-01 11:24:27 AM,1913.0,91,174083.0,15704790.59999999
2025-08-01 11:24:38 AM,1911.0,0,0.0,15704790.59999999
2025-08-01 11:24:43 AM,1911.0,1,1911.0,15706701.59999999
2025-08-01 11:24:48 AM,1910.9,1,1910.9,15708612.49999999
2025-08-01 11:25:21 AM,1912.5,0,0.0,15708612.49999999
2025-08-01 11:25:24 AM,1912.5,1,1912.5,15710524.99999999
2025-08-01 11:25:31 AM,1911.1,0,0.0,15710524.99999999
2025-08-01 11:25:35 AM,1911.1,1,1911.1,15712436.09999999
2025-08-01 11:25:40 AM,1910.8,0,0.0,15712436.09999999
2025-08-01 11:25:40 AM,1910.8,10,19108.0,15731544.09999999
2025-08-01 11:25:42 AM,1912.4,0,0.0,15731544.09999999
2025-08-01 11:25:42 AM,1911.1,0,0.0,15731544.09999999
2025-08-01 11:25:46 AM,1911.1,2,3822.2,15735366.29999999
2025-08-01 11:26:06 AM,1912.0,0,0.0,15735366.29999999
2025-08-01 11:26:06 AM,1912.0,2,3824.0,15739190.29999999
2025-08-01 11:26:37 AM,1912.0,1,1912.0,15741102.29999999
2025-08-01 11:27:23 AM,1912.0,2,3824.0,15744926.29999999
2025-08-01 11:27:24 AM,1911.2,0,0.0,15744926.29999999
2025-08-01 11:27:24 AM,1911.2,1,1911.2,15746837.499999989
2025-08-01 11:27:25 AM,1912.3,0,0.0,15746837.499999989
2025-08-01 11:27:28 AM,1912.3,1,1912.3,15748749.79999999
2025-08-01 11:27:34 AM,1912.5,0,0.0,15748749.79999999
2025-08-01 11:27:34 AM,1912.5,9,17212.5,15765962.29999999
2025-08-01 11:28:04 AM,1913.3,1,1913.3,15767875.59999999
2025-08-01 11:28:16 AM,1912.1,2,3824.2,15771699.79999999
2025-08-01 11:28:28 AM,1913.3,0,0.0,15771699.79999999
2025-08-01 11:28:30 AM,1913.3,17,32526.1,15804225.89999999
2025-08-01 11:28:33 AM,1914.2,0,0.0,15804225.89999999
2025-08-01 11:28:35 AM,1914.2,69,132079.80000000002,15936305.69999999
2025-08-01 11:28:43 AM,1915.5,0,0.0,15936305.69999999
2025-08-01 11:28:45 AM,1915.5,1,1915.5,15938221.19999999
2025-08-01 11:28:50 AM,1913.6,8,15308.8,15953529.99999999
2025-08-01 11:28:57 AM,1911.1,100,191110.0,16144639.99999999
2025-08-01 11:29:09 AM,1913.7,0,0.0,16144639.99999999
2025-08-01 11:29:10 AM,1913.7,2,3827.4,16148467.399999991
2025-08-01 11:29:34 AM,1912.0,1,1912.0,16150379.399999991
2025-08-01 11:29:44 AM,1910.7,0,0.0,16150379.399999991
2025-08-01 11:29:45 AM,1910.7,1,1910.7,16152290.09999999
2025-08-01 11:30:07 AM,1912.3,0,0.0,16152290.09999999
2025-08-01 11:30:08 AM,1912.3,2,3824.6,16156114.69999999
2025-08-01 11:30:09 AM,1913.1,0,0.0,16156114.69999999
2025-08-01 11:30:10 AM,1913.1,5,9565.5,16165680.19999999
2025-08-01 11:30:29 AM,1913.3,0,0.0,16165680.19999999
2025-08-01 11:30:29 AM,1913.3,9,17219.7,16182899.89999999
2025-08-01 11:30:56 AM,1913.3,1,1913.3,16184813.19999999
2025-08-01 11:31:01 AM,1913.2,1,1913.2,16186726.39999999
2025-08-01 11:31:14 AM,1913.2,7,13392.4,16200118.79999999
2025-08-01 11:31:44 AM,1911.7,0,0.0,16200118.79999999
2025-08-01 11:31:44 AM,1911.7,8,15293.6,16215412.39999999
2025-08-01 11:31:55 AM,1911.3,0,0.0,16215412.39999999
2025-08-01 11:31:57 AM,1911.3,3,5733.9,16221146.29999999
2025-08-01 11:32:11 AM,1912.7,0,0.0,16221146.29999999
2025-08-01 11:32:14 AM,1912.7,1,1912.7,16223058.999999989
2025-08-01 11:32:39 AM,1912.8,1,1912.8,16224971.79999999
2025-08-01 11:33:00 AM,1913.3,0,0.0,16224971.79999999
2025-08-01 11:33:00 AM,1913.3,8,15306.4,16240278.19999999
2025-08-01 11:33:12 AM,1911.5,0,0.0,16240278.19999999
2025-08-01 11:33:12 AM,1911.5,3,5734.5,16246012.69999999
2025-08-01 11:34:15 AM,1912.7,0,0.0,16246012.69999999
2025-08-01 11:34:17 AM,1912.7,1,1912.7,16247925.39999999
2025-08-01 11:34:23 AM,1911.0,0,0.0,16247925.39999999
2025-08-01 11:34:27 AM,1911.0,10,19110.0,16267035.39999999
2025-08-01 11:34:53 AM,1911.6,0,0.0,16267035.39999999
2025-08-01 11:34:53 AM,1911.6,3,5734.799999999999,16272770.19999999
2025-08-01 11:36:17 AM,1911.3,0,0.0,16272770.19999999
2025-08-01 11:36:17 AM,1911.3,1,1911.3,16274681.49999999
2025-08-01 11:36:22 AM,1911.5,2,3823.0,16278504.49999999
2025-08-01 11:36:58 AM,1910.3,0,0.0,16278504.49999999
2025-08-01 11:36:59 AM,1910.3,4,7641.2,16286145.69999999
2025-08-01 11:37:02 AM,1911.5,0,0.0,16286145.69999999
2025-08-01 11:37:04 AM,1911.5,1,1911.5,16288057.19999999
2025-08-01 11:37:48 AM,1911.0,0,0.0,16288057.19999999
2025-08-01 11:37:51 AM,1911.0,5,9555.0,16297612.19999999
2025-08-01 11:38:04 AM,1911.4,0,0.0,16297612.19999999
2025-08-01 11:38:06 AM,1911.4,2,3822.8,16301434.99999999
2025-08-01 11:38:19 AM,1911.5,0,0.0,16301434.99999999
2025-08-01 11:38:21 AM,1911.5,30,57345.0,16358779.99999999
2025-08-01 11:38:32 AM,1911.6,2,3823.2,16362603.19999999
2025-08-01 11:38:34 AM,1911.7,0,0.0,16362603.19999999
2025-08-01 11:38:36 AM,1911.7,1,1911.7,16364514.89999999
2025-08-01 11:38:41 AM,1911.7,2,3823.4,16368338.29999999
2025-08-01 11:39:05 AM,1910.4,0,0.0,16368338.29999999
2025-08-01 11:39:06 AM,1910.4,2,3820.8,16372159.09999999
2025-08-01 11:39:11 AM,1910.4,2,3820.8,16375979.899999991
2025-08-01 11:39:13 AM,1911.6,1,1911.6,16377891.49999999
2025-08-01 11:40:51 AM,1911.7,0,0.0,16377891.49999999
2025-08-01 11:40:55 AM,1911.7,57,108966.90000000001,16486858.399999991
2025-08-01 11:41:05 AM,1913.3,0,0.0,16486858.399999991
2025-08-01 11:41:05 AM,1913.3,3,5739.9,16492598.299999991
2025-08-01 11:41:09 AM,1911.5,0,0.0,16492598.299999991
2025-08-01 11:41:11 AM,1911.5,1,1911.5,16494509.799999991
2025-08-01 11:42:03 AM,1910.9,0,0.0,16494509.799999991
2025-08-01 11:42:06 AM,1910.9,1,1910.9,16496420.699999992
2025-08-01 11:42:47 AM,1912.6,0,0.0,16496420.699999992
2025-08-01 11:42:48 AM,1912.6,10,19126.0,16515546.699999992
2025-08-01 11:43:59 AM,1911.3,0,0.0,16515546.699999992
2025-08-01 11:44:01 AM,1911.3,1,1911.3,16517457.999999993
2025-08-01 11:44:07 AM,1911.3,1,1911.3,16519369.299999993
2025-08-01 11:44:13 AM,1911.9,26,49709.4,16569078.699999994
2025-08-01 11:44:19 AM,1911.9,3,5735.700000000001,16574814.399999993
2025-08-01 11:44:28 AM,1912.2,0,0.0,16574814.399999993
2025-08-01 11:44:31 AM,1912.2,4,7648.8,16582463.199999994
2025-08-01 11:45:09 AM,1913.1,10,19131.0,16601594.199999994
2025-08-01 11:45:11 AM,1911.1,0,0.0,16601594.199999994
2025-08-01 11:45:14 AM,1911.1,1,1911.1,16603505.299999993
2025-08-01 11:45:35 AM,1913.1,0,0.0,16603505.299999993
2025-08-01 11:45:35 AM,1913.1,10,19131.0,16622636.299999993
2025-08-01 11:46:01 AM,1912.9,0,0.0,16622636.299999993
2025-08-01 11:46:02 AM,1912.9,21,40170.9,16662807.199999994
2025-08-01 11:46:13 AM,1911.6,0,0.0,16662807.199999994
2025-08-01 11:46:13 AM,1911.6,1,1911.6,16664718.799999993
2025-08-01 11:46:33 AM,1911.5,0,0.0,16664718.799999993
2025-08-01 11:46:34 AM,1911.5,2,3823.0,16668541.799999993
2025-08-01 11:47:04 AM,1913.2,0,0.0,16668541.799999993
2025-08-01 11:47:05 AM,1913.2,12,22958.4,16691500.199999994
2025-08-01 11:47:06 AM,1913.3,0,0.0,16691500.199999994
2025-08-01 11:47:06 AM,1913.3,1,1913.3,16693413.499999994
2025-08-01 11:47:09 AM,1911.9,0,0.0,16693413.499999994
2025-08-01 11:47:10 AM,1911.9,1,1911.9,16695325.399999995
2025-08-01 11:47:13 AM,1911.8,0,0.0,16695325.399999995
2025-08-01 11:47:16 AM,1911.8,4,7647.2,16702972.599999994
2025-08-01 11:47:17 AM,1911.7,0,0.0,16702972.599999994
2025-08-01 11:47:21 AM,1911.7,1,1911.7,16704884.299999993
2025-08-01 11:47:36 AM,1911.5,2,3823.0,16708707.299999993
2025-08-01 11:47:41 AM,1911.5,2,3823.0,16712530.299999993
2025-08-01 11:47:47 AM,1911.5,1,1911.5,16714441.799999993
2025-08-01 11:48:13 AM,1912.5,0,0.0,16714441.799999993
2025-08-01 11:48:17 AM,1912.5,1,1912.5,16716354.299999993
2025-08-01 11:48:19 AM,1913.5,0,0.0,16716354.299999993
2025-08-01 11:48:22 AM,1913.5,22,42097.0,16758451.299999993
2025-08-01 11:48:27 AM,1913.5,1,1913.5,16760364.799999993
2025-08-01 11:49:22 AM,1912.9,0,0.0,16760364.799999993
2025-08-01 11:49:23 AM,1912.9,6,11477.400000000001,16771842.199999994
2025-08-01 11:49:32 AM,1912.4,0,0.0,16771842.199999994
2025-08-01 11:49:34 AM,1912.4,9,17211.600000000002,16789053.799999993
2025-08-01 11:49:37 AM,1914.1,0,0.0,16789053.799999993
2025-08-01 11:49:38 AM,1914.5,0,0.0,16789053.799999993
2025-08-01 11:49:39 AM,1914.5,12,22974.0,16812027.799999993
2025-08-01 11:49:41 AM,1914.9,0,0.0,16812027.799999993
2025-08-01 11:49:44 AM,1914.9,10,19149.0,16831176.799999993
2025-08-01 11:50:18 AM,1913.0,0,0.0,16831176.799999993
2025-08-01 11:50:21 AM,1913.0,2,3826.0,16835002.799999993
2025-08-01 11:51:20 AM,1914.5,0,0.0,16835002.799999993
2025-08-01 11:51:20 AM,1914.5,2,3829.0,16838831.799999993
2025-08-01 11:51:23 AM,1912.8,0,0.0,16838831.799999993
2025-08-01 11:51:25 AM,1912.8,203,388298.39999999997,17227130.19999999
2025-08-01 11:51:25 AM,1912.7,2,3825.4,17230955.59999999
2025-08-01 11:51:28 AM,1912.8,0,0.0,17230955.59999999
2025-08-01 11:51:30 AM,1912.8,7,13389.6,17244345.19999999
2025-08-01 11:52:20 AM,1912.8,3,5738.4,17250083.59999999
2025-08-01 11:52:26 AM,1911.9,0,0.0,17250083.59999999
2025-08-01 11:52:26 AM,1911.9,2,3823.8,17253907.39999999
2025-08-01 11:52:35 AM,1913.4,2,3826.8,17257734.19999999
2025-08-01 11:53:14 AM,1914.6,0,0.0,17257734.19999999
2025-08-01 11:53:15 AM,1910.6,0,0.0,17257734.19999999
2025-08-01 11:53:16 AM,1910.6,107,204434.19999999998,17462168.39999999
2025-08-01 11:53:18 AM,1914.2,0,0.0,17462168.39999999
2025-08-01 11:53:21 AM,1914.2,3,5742.6,17467910.999999993
2025-08-01 11:53:55 AM,1912.4,0,0.0,17467910.999999993
2025-08-01 11:53:56 AM,1912.4,2,3824.8,17471735.799999993
2025-08-01 11:54:00 AM,1913.7,0,0.0,17471735.799999993
2025-08-01 11:54:01 AM,1913.7,7,13395.9,17485131.69999999
2025-08-01 11:54:14 AM,1914.1,0,0.0,17485131.69999999
2025-08-01 11:54:17 AM,1914.1,11,21055.1,17506186.799999993
2025-08-01 11:54:58 AM,1913.9,0,0.0,17506186.799999993
2025-08-01 11:54:59 AM,1913.9,1,1913.9,17508100.69999999
2025-08-01 11:55:23 AM,1913.8,1,1913.8,17510014.499999993
2025-08-01 11:55:39 AM,1913.8,13,24879.399999999998,17534893.89999999
2025-08-01 11:56:01 AM,1913.5,0,0.0,17534893.89999999
2025-08-01 11:56:02 AM,1913.1,0,0.0,17534893.89999999
2025-08-01 11:56:02 AM,1913.1,30,57393.0,17592286.89999999
2025-08-01 11:56:04 AM,1913.8,0,0.0,17592286.89999999
2025-08-01 11:56:08 AM,1913.8,4,7655.2,17599942.09999999
2025-08-01 11:56:48 AM,1913.8,25,47845.0,17647787.09999999
2025-08-01 11:56:50 AM,1913.8,10,19138.0,17666925.09999999
2025-08-01 11:56:53 AM,1913.8,4,7655.2,17674580.29999999
2025-08-01 11:56:59 AM,1913.8,3,5741.4,17680321.699999988
2025-08-01 11:58:37 AM,1913.2,1,1913.2,17682234.899999987
2025-08-01 11:58:48 AM,1913.1,1,1913.1,17684147.99999999
2025-08-01 12:00:17 PM,1913.1,6,11478.599999999999,17695626.59999999
2025-08-01 12:01:07 PM,1913.1,13,24870.3,17720496.89999999
2025-08-01 12:01:09 PM,1914.3,0,0.0,17720496.89999999
2025-08-01 12:01:10 PM,1914.3,1,1914.3,17722411.19999999
2025-08-01 12:01:29 PM,1913.1,4,7652.4,17730063.59999999
2025-08-01 12:01:43 PM,1913.1,135,258268.5,17988332.09999999
2025-08-01 12:01:45 PM,1913.1,11,21044.1,18009376.19999999
2025-08-01 12:01:51 PM,1912.1,0,0.0,18009376.19999999
2025-08-01 12:01:53 PM,1912.1,2,3824.2,18013200.39999999
2025-08-01 12:02:01 PM,1912.0,0,0.0,18013200.39999999
2025-08-01 12:02:02 PM,1912.0,1,1912.0,18015112.39999999
2025-08-01 12:02:09 PM,1912.0,3,5736.0,18020848.39999999
2025-08-01 12:02:09 PM,1912.8,0,0.0,18020848.39999999
2025-08-01 12:02:11 PM,1912.0,0,0.0,18020848.39999999
2025-08-01 12:02:12 PM,1912.0,17,32504.0,18053352.39999999
2025-08-01 12:02:14 PM,1913.4,0,0.0,18053352.39999999
2025-08-01 12:02:14 PM,1913.4,12,22960.800000000003,18076313.19999999
2025-08-01 12:02:27 PM,1912.3,1,1912.3,18078225.499999993
2025-08-01 12:02:39 PM,1914.8,0,0.0,18078225.499999993
2025-08-01 12:02:39 PM,1914.8,3,5744.4,18083969.89999999
2025-08-01 12:02:59 PM,1914.1,1,1914.1,18085883.999999993
2025-08-01 12:03:27 PM,1914.1,1,1914.1,18087798.099999994
2025-08-01 12:03:42 PM,1914.5,1,1914.5,18089712.599999994
2025-08-01 12:04:02 PM,1914.6,0,0.0,18089712.599999994
2025-08-01 12:04:02 PM,1914.6,1,1914.6,18091627.199999996
2025-08-01 12:04:05 PM,1912.9,4,7651.6,18099278.799999997
2025-08-01 12:04:13 PM,1914.8,40,76592.0,18175870.799999997
2025-08-01 12:04:38 PM,1912.8,0,0.0,18175870.799999997
2025-08-01 12:04:39 PM,1912.8,1,1912.8,18177783.599999998
2025-08-01 12:04:42 PM,1912.8,2,3825.6,18181609.2
2025-08-01 12:04:46 PM,1913.0,0,0.0,18181609.2
2025-08-01 12:04:47 PM,1913.0,2,3826.0,18185435.2
2025-08-01 12:04:49 PM,1913.0,4,7652.0,18193087.2
2025-08-01 12:05:02 PM,1914.3,0,0.0,18193087.2
2025-08-01 12:05:02 PM,1914.3,1,1914.3,18195001.5
2025-08-01 12:05:46 PM,1912.7,0,0.0,18195001.5
2025-08-01 12:05:48 PM,1912.7,2,3825.4,18198826.9
2025-08-01 12:05:58 PM,1914.0,2,3828.0,18202654.9
2025-08-01 12:06:04 PM,1913.0,17,32521.0,18235175.9
2025-08-01 12:06:37 PM,1914.9,1,1914.9,18237090.799999997
2025-08-01 12:06:38 PM,1912.9,1,1912.9,18239003.699999996
2025-08-01 12:06:46 PM,1914.5,0,0.0,18239003.699999996
2025-08-01 12:06:47 PM,1914.5,2,3829.0,18242832.699999996
2025-08-01 12:07:12 PM,1915.5,0,0.0,18242832.699999996
2025-08-01 12:07:12 PM,1915.5,2,3831.0,18246663.699999996
2025-08-01 12:08:50 PM,1915.4,0,0.0,18246663.699999996
2025-08-01 12:08:52 PM,1915.4,9,17238.600000000002,18263902.299999997
2025-08-01 12:09:22 PM,1915.8,0,0.0,18263902.299999997
2025-08-01 12:09:22 PM,1915.8,3,5747.4,18269649.699999996
2025-08-01 12:09:36 PM,1916.5,0,0.0,18269649.699999996
2025-08-01 12:09:37 PM,1916.5,2,3833.0,18273482.699999996
2025-08-01 12:10:08 PM,1915.4,0,0.0,18273482.699999996
2025-08-01 12:10:13 PM,1915.4,1,1915.4,18275398.099999994
2025-08-01 12:10:16 PM,1914.5,0,0.0,18275398.099999994
2025-08-01 12:10:18 PM,1915.5,14,26817.0,18302215.099999994
2025-08-01 12:10:32 PM,1916.0,0,0.0,18302215.099999994
2025-08-01 12:10:33 PM,1916.0,5,9580.0,18311795.099999994
2025-08-01 12:10:44 PM,1916.3,0,0.0,18311795.099999994
2025-08-01 12:10:47 PM,1916.3,20,38326.0,18350121.099999994
2025-08-01 12:11:20 PM,1914.0,0,0.0,18350121.099999994
2025-08-01 12:11:22 PM,1914.0,5,9570.0,18359691.099999994
2025-08-01 12:11:28 PM,1915.5,0,0.0,18359691.099999994
2025-08-01 12:11:32 PM,1915.5,1,1915.5,18361606.599999994
2025-08-01 12:12:21 PM,1915.5,1,1915.5,18363522.099999994
2025-08-01 12:12:36 PM,1915.5,94,180057.0,18543579.099999994
2025-08-01 12:12:44 PM,1914.0,0,0.0,18543579.099999994
2025-08-01 12:12:46 PM,1914.0,4,7656.0,18551235.099999994
2025-08-01 12:12:52 PM,1914.0,1,1914.0,18553149.099999994
2025-08-01 12:13:07 PM,1914.0,12,22968.0,18576117.099999994
2025-08-01 12:13:08 PM,1915.9,0,0.0,18576117.099999994
2025-08-01 12:13:12 PM,1915.9,21,40233.9,18616350.999999993
2025-08-01 12:14:26 PM,1915.9,1,1915.9,18618266.89999999
2025-08-01 12:15:42 PM,1914.1,0,0.0,18618266.89999999
2025-08-01 12:15:43 PM,1914.1,2,3828.2,18622095.09999999
2025-08-01 12:15:48 PM,1914.0,1,1914.0,18624009.09999999
2025-08-01 12:15:53 PM,1914.0,4,7656.0,18631665.09999999
2025-08-01 12:15:58 PM,1915.9,0,0.0,18631665.09999999
2025-08-01 12:15:58 PM,1915.9,12,22990.800000000003,18654655.89999999
2025-08-01 12:16:00 PM,1914.3,0,0.0,18654655.89999999
2025-08-01 12:16:03 PM,1914.3,9,17228.7,18671884.59999999
2025-08-01 12:16:14 PM,1913.4,0,0.0,18671884.59999999
2025-08-01 12:16:18 PM,1913.4,2,3826.8,18675711.39999999
2025-08-01 12:16:26 PM,1914.8,0,0.0,18675711.39999999
2025-08-01 12:16:27 PM,1914.8,1,1914.8,18677626.19999999
2025-08-01 12:16:28 PM,1915.4,10,19154.0,18696780.19999999
2025-08-01 12:17:11 PM,1915.4,7,13407.800000000001,18710187.999999993
2025-08-01 12:17:58 PM,1914.2,0,0.0,18710187.999999993
2025-08-01 12:18:00 PM,1914.2,2,3828.4,18714016.39999999
2025-08-01 12:18:06 PM,1916.3,0,0.0,18714016.39999999
2025-08-01 12:18:10 PM,1916.3,1,1916.3,18715932.69999999
2025-08-01 12:18:12 PM,1914.4,0,0.0,18715932.69999999
2025-08-01 12:18:14 PM,1914.4,1,1914.4,18717847.09999999
2025-08-01 12:18:22 PM,1916.3,0,0.0,18717847.09999999
2025-08-01 12:18:24 PM,1916.3,1,1916.3,18719763.39999999
2025-08-01 12:19:30 PM,1914.3,0,0.0,18719763.39999999
2025-08-01 12:19:35 PM,1914.3,3,5742.9,18725506.29999999
2025-08-01 12:20:01 PM,1916.0,0,0.0,18725506.29999999
2025-08-01 12:20:05 PM,1916.0,1,1916.0,18727422.29999999
2025-08-01 12:20:11 PM,1914.3,1,1914.3,18729336.59999999
2025-08-01 12:20:22 PM,1916.2,0,0.0,18729336.59999999
2025-08-01 12:20:23 PM,1914.4,0,0.0,18729336.59999999
2025-08-01 12:20:25 PM,1916.2,0,0.0,18729336.59999999
2025-08-01 12:20:26 PM,1916.2,4,7664.8,18737001.39999999
2025-08-01 12:21:33 PM,1916.1,0,0.0,18737001.39999999
2025-08-01 12:21:36 PM,1916.1,1,1916.1,18738917.499999993
2025-08-01 12:21:37 PM,1914.7,0,0.0,18738917.499999993
2025-08-01 12:21:40 PM,1914.7,1,1914.7,18740832.19999999
2025-08-01 12:22:06 PM,1914.7,1,1914.7,18742746.89999999
2025-08-01 12:24:07 PM,1916.2,0,0.0,18742746.89999999
2025-08-01 12:24:11 PM,1916.2,1,1916.2,18744663.09999999
2025-08-01 12:24:21 PM,1915.0,1,1915.0,18746578.09999999
2025-08-01 12:24:23 PM,1914.8,0,0.0,18746578.09999999
2025-08-01 12:24:26 PM,1914.8,2,3829.6,18750407.69999999
2025-08-01 12:24:51 PM,1914.8,1,1914.8,18752322.499999993
2025-08-01 12:26:18 PM,1916.3,0,0.0,18752322.499999993
2025-08-01 12:26:21 PM,1916.3,13,24911.899999999998,18777234.39999999
2025-08-01 12:26:25 PM,1915.2,0,0.0,18777234.39999999
2025-08-01 12:26:26 PM,1915.2,11,21067.2,18798301.59999999
2025-08-01 12:26:59 PM,1914.7,0,0.0,18798301.59999999
2025-08-01 12:27:01 PM,1914.7,2,3829.4,18802130.99999999
2025-08-01 12:27:22 PM,1915.4,1,1915.4,18804046.399999987
2025-08-01 12:27:37 PM,1915.4,1,1915.4,18805961.799999986
2025-08-01 12:28:30 PM,1914.3,0,0.0,18805961.799999986
2025-08-01 12:28:30 PM,1914.3,20,38286.0,18844247.799999986
2025-08-01 12:28:34 PM,1915.4,0,0.0,18844247.799999986
2025-08-01 12:28:35 PM,1915.4,2,3830.8,18848078.599999987
2025-08-01 12:29:25 PM,1915.7,0,0.0,18848078.599999987
2025-08-01 12:29:26 PM,1915.7,6,11494.2,18859572.799999986
2025-08-01 12:30:22 PM,1916.8,0,0.0,18859572.799999986
2025-08-01 12:30:23 PM,1916.8,1,1916.8,18861489.599999987
2025-08-01 12:30:38 PM,1914.3,0,0.0,18861489.599999987
2025-08-01 12:30:38 PM,1914.3,45,86143.5,18947633.099999987
2025-08-01 12:30:41 PM,1915.1,5,9575.5,18957208.599999987
2025-08-01 12:30:52 PM,1914.3,3,5742.9,18962951.499999985
2025-08-01 12:31:06 PM,1914.3,2,3828.6,18966780.099999987
2025-08-01 12:31:36 PM,1915.0,0,0.0,18966780.099999987
2025-08-01 12:31:39 PM,1915.0,3,5745.0,18972525.099999987
2025-08-01 12:31:42 PM,1917.0,0,0.0,18972525.099999987
2025-08-01 12:31:44 PM,1917.0,11,21087.0,18993612.099999987
2025-08-01 12:32:16 PM,1915.5,0,0.0,18993612.099999987
2025-08-01 12:32:16 PM,1915.5,2,3831.0,18997443.099999987
2025-08-01 12:32:18 PM,1917.0,0,0.0,18997443.099999987
2025-08-01 12:32:21 PM,1917.0,1,1917.0,18999360.099999987
2025-08-01 12:33:00 PM,1916.9,0,0.0,18999360.099999987
2025-08-01 12:33:01 PM,1916.9,1,1916.9,19001276.999999985
2025-08-01 12:33:31 PM,1916.9,1,1916.9,19003193.899999984
2025-08-01 12:33:42 PM,1917.0,1,1917.0,19005110.899999984
2025-08-01 12:34:02 PM,1917.2,0,0.0,19005110.899999984
2025-08-01 12:34:07 PM,1917.2,10,19172.0,19024282.899999984
2025-08-01 12:34:17 PM,1917.2,1,1917.2,19026200.099999983
2025-08-01 12:35:18 PM,1917.1,1,1917.1,19028117.199999984
2025-08-01 12:35:43 PM,1917.7,1,1917.7,19030034.899999984
2025-08-01 12:36:00 PM,1917.7,1,1917.7,19031952.599999983
2025-08-01 12:36:08 PM,1918.1,0,0.0,19031952.599999983
2025-08-01 12:36:10 PM,1918.9,0,0.0,19031952.599999983
2025-08-01 12:36:10 PM,1918.9,3,5756.700000000001,19037709.299999982
2025-08-01 12:36:26 PM,1918.9,10,19189.0,19056898.299999982
2025-08-01 12:36:40 PM,1918.8,0,0.0,19056898.299999982
2025-08-01 12:36:41 PM,1918.8,1,1918.8,19058817.099999983
2025-08-01 12:37:01 PM,1918.9,0,0.0,19058817.099999983
2025-08-01 12:37:02 PM,1918.9,4,7675.6,19066492.699999984
2025-08-01 12:37:06 PM,1918.9,2,3837.8,19070330.499999985
2025-08-01 12:37:32 PM,1918.9,1,1918.9,19072249.399999984
2025-08-01 12:37:36 PM,1918.9,1,1918.9,19074168.299999982
2025-08-01 12:38:26 PM,1917.3,0,0.0,19074168.299999982
2025-08-01 12:38:26 PM,1917.3,1,1917.3,19076085.599999983
2025-08-01 12:38:34 PM,1918.0,0,0.0,19076085.599999983
2025-08-01 12:38:36 PM,1918.0,2,3836.0,19079921.599999983
2025-08-01 12:38:42 PM,1918.9,0,0.0,19079921.599999983
2025-08-01 12:38:42 PM,1918.9,1,1918.9,19081840.49999998
2025-08-01 12:39:29 PM,1917.3,2,3834.6,19085675.099999983
2025-08-01 12:39:53 PM,1919.8,0,0.0,19085675.099999983
2025-08-01 12:39:54 PM,1919.8,52,99829.59999999999,19185504.699999984
2025-08-01 12:40:00 PM,1918.1,11,21099.1,19206603.799999986
2025-08-01 12:40:18 PM,1916.9,0,0.0,19206603.799999986
2025-08-01 12:40:21 PM,1916.9,1,1916.9,19208520.699999984
2025-08-01 12:40:28 PM,1914.8,0,0.0,19208520.699999984
2025-08-01 12:40:30 PM,1914.1,0,0.0,19208520.699999984
2025-08-01 12:40:31 PM,1914.1,118,225863.8,19434384.499999985
2025-08-01 12:40:36 PM,1911.6,6,11469.599999999999,19445854.099999987
2025-08-01 12:40:42 PM,1913.5,0,0.0,19445854.099999987
2025-08-01 12:40:47 PM,1913.5,17,32529.5,19478383.599999987
2025-08-01 12:40:54 PM,1914.1,0,0.0,19478383.599999987
2025-08-01 12:40:56 PM,1914.4,0,0.0,19478383.599999987
2025-08-01 12:40:57 PM,1914.4,26,49774.4,19528157.999999985
2025-08-01 12:41:39 PM,1915.5,1,1915.5,19530073.499999985
2025-08-01 12:41:48 PM,1915.8,0,0.0,19530073.499999985
2025-08-01 12:41:49 PM,1915.8,1,1915.8,19531989.299999986
2025-08-01 12:42:10 PM,1916.4,1,1916.4,19533905.699999984
2025-08-01 12:42:54 PM,1916.3,0,0.0,19533905.699999984
2025-08-01 12:42:56 PM,1916.3,1,1916.3,19535821.999999985
2025-08-01 12:43:12 PM,1913.9,3,5741.700000000001,19541563.699999984
2025-08-01 12:43:29 PM,1915.7,20,38314.0,19579877.699999984
2025-08-01 12:43:31 PM,1913.4,0,0.0,19579877.699999984
2025-08-01 12:43:34 PM,1913.4,2,3826.8,19583704.499999985
2025-08-01 12:43:43 PM,1915.4,0,0.0,19583704.499999985
2025-08-01 12:43:45 PM,1915.4,6,11492.400000000001,19595196.899999984
2025-08-01 12:44:58 PM,1915.0,0,0.0,19595196.899999984
2025-08-01 12:45:00 PM,1915.0,1,1915.0,19597111.899999984
2025-08-01 12:45:10 PM,1915.9,1,1915.9,19599027.799999982
2025-08-01 12:45:21 PM,1915.9,1,1915.9,19600943.69999998
2025-08-01 12:45:31 PM,1915.9,1,1915.9,19602859.59999998
2025-08-01 12:45:34 PM,1913.5,0,0.0,19602859.59999998
2025-08-01 12:45:36 PM,1913.5,49,93761.5,19696621.09999998
2025-08-01 12:45:50 PM,1916.4,0,0.0,19696621.09999998
2025-08-01 12:45:51 PM,1916.4,1,1916.4,19698537.499999978
2025-08-01 12:46:27 PM,1916.4,1,1916.4,19700453.899999976
2025-08-01 12:46:52 PM,1916.4,7,13414.800000000001,19713868.699999977
2025-08-01 12:47:02 PM,1916.4,2,3832.8,19717701.499999978
2025-08-01 12:47:24 PM,1915.0,0,0.0,19717701.499999978
2025-08-01 12:47:28 PM,1915.0,20,38300.0,19756001.499999978
2025-08-01 12:48:26 PM,1916.4,0,0.0,19756001.499999978
2025-08-01 12:48:28 PM,1916.4,1,1916.4,19757917.899999976
2025-08-01 12:49:22 PM,1916.4,1,1916.4,19759834.299999975
2025-08-01 12:49:27 PM,1917.3,15,28759.5,19788593.799999975
2025-08-01 12:49:32 PM,1917.5,2,3835.0,19792428.799999975
2025-08-01 12:49:38 PM,1917.8,1,1917.8,19794346.599999975
2025-08-01 12:49:40 PM,1918.2,0,0.0,19794346.599999975
2025-08-01 12:49:41 PM,1918.2,1,1918.2,19796264.799999975
2025-08-01 12:49:44 PM,1916.9,0,0.0,19796264.799999975
2025-08-01 12:49:46 PM,1916.9,1,1916.9,19798181.699999973
2025-08-01 12:49:48 PM,1918.2,0,0.0,19798181.699999973
2025-08-01 12:49:50 PM,1918.3,0,0.0,19798181.699999973
2025-08-01 12:49:51 PM,1918.3,6,11509.8,19809691.499999974
2025-08-01 12:50:08 PM,1918.5,0,0.0,19809691.499999974
2025-08-01 12:50:09 PM,1918.5,1,1918.5,19811609.999999974
2025-08-01 12:50:42 PM,1918.7,0,0.0,19811609.999999974
2025-08-01 12:50:42 PM,1919.4,0,0.0,19811609.999999974
2025-08-01 12:50:44 PM,1919.4,2,3838.8,19815448.799999975
2025-08-01 12:50:50 PM,1917.4,0,0.0,19815448.799999975
2025-08-01 12:50:50 PM,1917.4,11,21091.4,19836540.199999973
2025-08-01 12:50:54 PM,1915.1,0,0.0,19836540.199999973
2025-08-01 12:50:54 PM,1915.1,24,45962.399999999994,19882502.59999997
2025-08-01 12:51:06 PM,1916.4,2,3832.8,19886335.399999972
2025-08-01 12:51:38 PM,1915.1,0,0.0,19886335.399999972
2025-08-01 12:51:40 PM,1915.1,2,3830.2,19890165.59999997
2025-08-01 12:51:45 PM,1915.1,5,9575.5,19899741.09999997
2025-08-01 12:52:50 PM,1915.1,1,1915.1,19901656.199999973
2025-08-01 12:53:36 PM,1914.6,0,0.0,19901656.199999973
2025-08-01 12:53:38 PM,1915.0,0,0.0,19901656.199999973
2025-08-01 12:53:40 PM,1915.0,40,76600.0,19978256.199999973
2025-08-01 12:53:55 PM,1915.0,6,11490.0,19989746.199999973
2025-08-01 12:54:05 PM,1915.0,5,9575.0,19999321.199999973
2025-08-01 12:55:07 PM,1916.5,17,32580.5,20031901.699999973
2025-08-01 12:55:46 PM,1915.7,0,0.0,20031901.699999973
2025-08-01 12:55:47 PM,1915.7,1,1915.7,20033817.399999972
2025-08-01 12:55:48 PM,1916.9,6,11501.400000000001,20045318.79999997
2025-08-01 12:56:08 PM,1917.8,1,1917.8,20047236.59999997
2025-08-01 12:56:18 PM,1916.3,1,1916.3,20049152.899999972
2025-08-01 12:56:54 PM,1915.8,0,0.0,20049152.899999972
2025-08-01 12:56:58 PM,1915.8,1,1915.8,20051068.699999973
2025-08-01 12:56:58 PM,1916.9,0,0.0,20051068.699999973
2025-08-01 12:56:58 PM,1916.9,5,9584.5,20060653.199999973
2025-08-01 12:57:48 PM,1918.3,1,1918.3,20062571.499999974
2025-08-01 12:58:00 PM,1919.7,0,0.0,20062571.499999974
2025-08-01 12:58:02 PM,1919.7,15,28795.5,20091366.999999974
2025-08-01 12:58:08 PM,1917.4,0,0.0,20091366.999999974
2025-08-01 12:58:12 PM,1917.4,1,1917.4,20093284.399999972
2025-08-01 12:58:50 PM,1916.4,0,0.0,20093284.399999972
2025-08-01 12:58:53 PM,1916.4,1,1916.4,20095200.79999997
2025-08-01 12:59:02 PM,1918.2,0,0.0,20095200.79999997
2025-08-01 12:59:03 PM,1918.2,5,9591.0,20104791.79999997
2025-08-01 12:59:49 PM,1918.2,1,1918.2,20106709.99999997
2025-08-01 12:59:50 PM,1916.3,0,0.0,20106709.99999997
2025-08-01 12:59:55 PM,1916.3,4,7665.2,20114375.19999997
2025-08-01 12:59:58 PM,1918.1,0,0.0,20114375.19999997
2025-08-01 01:00:00 PM,1918.1,127,243598.69999999998,20357973.89999997
2025-08-01 01:00:19 PM,1919.1,0,0.0,20357973.89999997
2025-08-01 01:00:21 PM,1919.1,2,3838.2,20361812.099999968
2025-08-01 01:00:41 PM,1917.1,0,0.0,20361812.099999968
2025-08-01 01:00:41 PM,1919.1,0,0.0,20361812.099999968
2025-08-01 01:00:42 PM,1919.1,43,82521.3,20444333.39999997
2025-08-01 01:01:01 PM,1917.1,0,0.0,20444333.39999997
2025-08-01 01:01:02 PM,1917.1,1,1917.1,20446250.49999997
2025-08-01 01:01:31 PM,1918.5,0,0.0,20446250.49999997
2025-08-01 01:01:34 PM,1918.5,1,1918.5,20448168.99999997
2025-08-01 01:01:58 PM,1919.1,9,17271.899999999998,20465440.89999997
2025-08-01 01:02:23 PM,1919.7,0,0.0,20465440.89999997
2025-08-01 01:02:23 PM,1919.7,1,1919.7,20467360.599999968
2025-08-01 01:02:45 PM,1917.4,0,0.0,20467360.599999968
2025-08-01 01:02:49 PM,1917.1,0,0.0,20467360.599999968
2025-08-01 01:02:49 PM,1917.1,89,170621.9,20637982.499999966
2025-08-01 01:03:21 PM,1916.9,0,0.0,20637982.499999966
2025-08-01 01:03:24 PM,1916.9,1,1916.9,20639899.399999965
2025-08-01 01:03:25 PM,1917.0,0,0.0,20639899.399999965
2025-08-01 01:03:29 PM,1917.0,8,15336.0,20655235.399999965
2025-08-01 01:03:31 PM,1916.9,0,0.0,20655235.399999965
2025-08-01 01:03:34 PM,1916.9,3,5750.700000000001,20660986.099999964
2025-08-01 01:04:45 PM,1917.1,0,0.0,20660986.099999964
2025-08-01 01:04:46 PM,1917.1,1,1917.1,20662903.199999966
2025-08-01 01:05:01 PM,1915.1,7,13405.699999999999,20676308.899999965
2025-08-01 01:05:03 PM,1916.6,0,0.0,20676308.899999965
2025-08-01 01:05:06 PM,1916.6,18,34498.799999999996,20710807.699999966
2025-08-01 01:05:39 PM,1915.0,0,0.0,20710807.699999966
2025-08-01 01:05:39 PM,1915.0,2,3830.0,20714637.699999966
2025-08-01 01:05:39 PM,1916.9,0,0.0,20714637.699999966
2025-08-01 01:05:42 PM,1916.9,14,26836.600000000002,20741474.299999967
2025-08-01 01:05:47 PM,1915.2,0,0.0,20741474.299999967
2025-08-01 01:05:47 PM,1915.2,5,9576.0,20751050.299999967
2025-08-01 01:08:18 PM,1917.1,0,0.0,20751050.299999967
2025-08-01 01:08:21 PM,1917.1,1,1917.1,20752967.39999997
2025-08-01 01:08:36 PM,1915.0,0,0.0,20752967.39999997
2025-08-01 01:08:36 PM,1915.0,6,11490.0,20764457.39999997
2025-08-01 01:08:38 PM,1915.0,2,3830.0,20768287.39999997
2025-08-01 01:08:38 PM,1916.3,0,0.0,20768287.39999997
2025-08-01 01:08:41 PM,1916.3,11,21079.3,20789366.69999997
2025-08-01 01:08:48 PM,1915.1,0,0.0,20789366.69999997
2025-08-01 01:08:50 PM,1915.1,1,1915.1,20791281.79999997
2025-08-01 01:08:53 PM,1916.5,0,0.0,20791281.79999997
2025-08-01 01:08:55 PM,1916.5,1,1916.5,20793198.29999997
2025-08-01 01:09:02 PM,1917.1,1,1917.1,20795115.399999972
2025-08-01 01:09:06 PM,1915.0,0,0.0,20795115.399999972
2025-08-01 01:09:07 PM,1915.0,1,1915.0,20797030.399999972
2025-08-01 01:09:08 PM,1916.6,0,0.0,20797030.399999972
2025-08-01 01:09:10 PM,1916.6,1,1916.6,20798946.999999974
2025-08-01 01:09:24 PM,1917.0,0,0.0,20798946.999999974
2025-08-01 01:09:25 PM,1917.0,1,1917.0,20800863.999999974
2025-08-01 01:09:28 PM,1917.0,1,1917.0,20802780.999999974
2025-08-01 01:09:42 PM,1917.1,0,0.0,20802780.999999974
2025-08-01 01:09:43 PM,1917.1,1,1917.1,20804698.099999975
2025-08-01 01:09:54 PM,1917.3,5,9586.5,20814284.599999975
2025-08-01 01:10:38 PM,1917.1,0,0.0,20814284.599999975
2025-08-01 01:10:39 PM,1917.1,1,1917.1,20816201.699999977
2025-08-01 01:10:40 PM,1914.9,0,0.0,20816201.699999977
2025-08-01 01:10:42 PM,1914.9,9,17234.100000000002,20833435.79999998
2025-08-01 01:10:44 PM,1916.2,0,0.0,20833435.79999998
2025-08-01 01:10:47 PM,1916.2,5,9581.0,20843016.79999998
2025-08-01 01:10:48 PM,1917.0,0,0.0,20843016.79999998
2025-08-01 01:10:49 PM,1917.0,1,1917.0,20844933.79999998
2025-08-01 01:11:00 PM,1917.1,0,0.0,20844933.79999998
2025-08-01 01:11:02 PM,1917.1,1,1917.1,20846850.89999998
2025-08-01 01:11:48 PM,1917.6,1,1917.6,20848768.49999998
2025-08-01 01:12:24 PM,1918.6,0,0.0,20848768.49999998
2025-08-01 01:12:26 PM,1918.6,4,7674.4,20856442.89999998
2025-08-01 01:12:57 PM,1919.0,4,7676.0,20864118.89999998
2025-08-01 01:12:59 PM,1919.9,2,3839.8,20867958.69999998
2025-08-01 01:13:02 PM,1918.0,1,1918.0,20869876.69999998
2025-08-01 01:13:48 PM,1919.7,0,0.0,20869876.69999998
2025-08-01 01:13:50 PM,1919.7,1,1919.7,20871796.39999998
2025-08-01 01:15:50 PM,1917.9,0,0.0,20871796.39999998
2025-08-01 01:15:50 PM,1917.9,4,7671.6,20879467.99999998
2025-08-01 01:15:53 PM,1919.4,2,3838.8,20883306.799999982
2025-08-01 01:16:50 PM,1917.1,7,13419.699999999999,20896726.49999998
2025-08-01 01:17:37 PM,1919.4,1,1919.4,20898645.89999998
2025-08-01 01:17:50 PM,1919.5,0,0.0,20898645.89999998
2025-08-01 01:17:51 PM,1919.5,2,3839.0,20902484.89999998
2025-08-01 01:18:56 PM,1917.1,0,0.0,20902484.89999998
2025-08-01 01:19:00 PM,1917.1,1,1917.1,20904401.99999998
2025-08-01 01:19:26 PM,1918.8,0,0.0,20904401.99999998
2025-08-01 01:19:26 PM,1918.8,1,1918.8,20906320.799999982
2025-08-01 01:19:42 PM,1917.3,0,0.0,20906320.799999982
2025-08-01 01:19:44 PM,1917.3,1,1917.3,20908238.099999983
2025-08-01 01:20:10 PM,1917.1,0,0.0,20908238.099999983
2025-08-01 01:20:10 PM,1917.1,3,5751.299999999999,20913989.399999984
2025-08-01 01:20:22 PM,1916.6,0,0.0,20913989.399999984
2025-08-01 01:20:25 PM,1916.6,5,9583.0,20923572.399999984
2025-08-01 01:20:50 PM,1917.1,3,5751.299999999999,20929323.699999984
2025-08-01 01:21:08 PM,1916.2,0,0.0,20929323.699999984
2025-08-01 01:21:09 PM,1916.2,3,5748.6,20935072.299999986
2025-08-01 01:21:53 PM,1917.1,1,1917.1,20936989.399999987
2025-08-01 01:22:02 PM,1914.4,0,0.0,20936989.399999987
2025-08-01 01:22:03 PM,1914.4,60,114864.0,21051853.399999987
2025-08-01 01:22:19 PM,1917.1,0,0.0,21051853.399999987
2025-08-01 01:22:22 PM,1917.1,1,1917.1,21053770.49999999
2025-08-01 01:22:34 PM,1916.7,0,0.0,21053770.49999999
2025-08-01 01:22:35 PM,1916.7,76,145669.2,21199439.699999988
2025-08-01 01:22:35 PM,1917.0,11,21087.0,21220526.699999988
2025-08-01 01:24:24 PM,1917.3,10,19173.0,21239699.699999988
2025-08-01 01:24:30 PM,1917.0,0,0.0,21239699.699999988
2025-08-01 01:24:33 PM,1917.0,5,9585.0,21249284.699999988
2025-08-01 01:24:43 PM,1917.0,14,26838.0,21276122.699999988
2025-08-01 01:24:50 PM,1916.4,0,0.0,21276122.699999988
2025-08-01 01:24:53 PM,1916.4,3,5749.200000000001,21281871.899999987
2025-08-01 01:25:09 PM,1916.8,0,0.0,21281871.899999987
2025-08-01 01:25:13 PM,1916.8,5,9584.0,21291455.899999987
2025-08-01 01:26:27 PM,1914.8,0,0.0,21291455.899999987
2025-08-01 01:26:27 PM,1914.8,37,70847.59999999999,21362303.49999999
2025-08-01 01:26:27 PM,1916.8,0,0.0,21362303.49999999
2025-08-01 01:26:32 PM,1916.8,6,11500.8,21373804.29999999
2025-08-01 01:26:37 PM,1917.3,0,0.0,21373804.29999999
2025-08-01 01:26:39 PM,1917.6,0,0.0,21373804.29999999
2025-08-01 01:26:41 PM,1917.6,2,3835.2,21377639.49999999
2025-08-01 01:27:09 PM,1915.5,0,0.0,21377639.49999999
2025-08-01 01:27:11 PM,1915.5,2,3831.0,21381470.49999999
2025-08-01 01:27:35 PM,1916.9,0,0.0,21381470.49999999
2025-08-01 01:27:40 PM,1916.9,1,1916.9,21383387.399999987
2025-08-01 01:29:01 PM,1917.1,0,0.0,21383387.399999987
2025-08-01 01:29:01 PM,1917.1,1,1917.1,21385304.49999999
2025-08-01 01:29:21 PM,1917.1,1,1917.1,21387221.59999999
2025-08-01 01:29:26 PM,1917.2,1,1917.2,21389138.79999999
2025-08-01 01:29:42 PM,1915.3,0,0.0,21389138.79999999
2025-08-01 01:29:45 PM,1915.3,1,1915.3,21391054.09999999
2025-08-01 01:29:57 PM,1917.9,0,0.0,21391054.09999999
2025-08-01 01:29:58 PM,1917.9,20,38358.0,21429412.09999999
2025-08-01 01:30:10 PM,1915.2,0,0.0,21429412.09999999
2025-08-01 01:30:14 PM,1917.3,17,32594.1,21462006.19999999
2025-08-01 01:31:32 PM,1915.7,0,0.0,21462006.19999999
2025-08-01 01:31:34 PM,1915.7,2,3831.4,21465837.59999999
2025-08-01 01:32:06 PM,1917.6,0,0.0,21465837.59999999
2025-08-01 01:32:08 PM,1917.6,14,26846.399999999998,21492683.99999999
2025-08-01 01:33:21 PM,1915.1,1,1915.1,21494599.09999999
2025-08-01 01:33:22 PM,1916.9,0,0.0,21494599.09999999
2025-08-01 01:33:26 PM,1916.9,6,11501.400000000001,21506100.49999999
2025-08-01 01:34:23 PM,1915.8,0,0.0,21506100.49999999
2025-08-01 01:34:24 PM,1915.8,1,1915.8,21508016.29999999
2025-08-01 01:34:30 PM,1917.0,0,0.0,21508016.29999999
2025-08-01 01:34:33 PM,1917.0,1,1917.0,21509933.29999999
2025-08-01 01:34:50 PM,1915.0,0,0.0,21509933.29999999
2025-08-01 01:34:52 PM,1915.0,2,3830.0,21513763.29999999
2025-08-01 01:34:54 PM,1916.5,0,0.0,21513763.29999999
2025-08-01 01:34:57 PM,1916.5,5,9582.5,21523345.79999999
2025-08-01 01:35:01 PM,1917.4,9,17256.600000000002,21540602.39999999
2025-08-01 01:35:32 PM,1918.5,0,0.0,21540602.39999999
2025-08-01 01:35:35 PM,1918.5,3,5755.5,21546357.89999999
2025-08-01 01:36:12 PM,1916.1,0,0.0,21546357.89999999
2025-08-01 01:36:14 PM,1916.1,2,3832.2,21550190.09999999
2025-08-01 01:36:19 PM,1914.8,28,53614.4,21603804.49999999
2025-08-01 01:36:22 PM,1915.3,0,0.0,21603804.49999999
2025-08-01 01:36:24 PM,1915.3,2,3830.6,21607635.09999999
2025-08-01 01:36:25 PM,1916.5,0,0.0,21607635.09999999
2025-08-01 01:36:29 PM,1916.5,9,17248.5,21624883.59999999
2025-08-01 01:36:58 PM,1917.1,1,1917.1,21626800.69999999
2025-08-01 01:38:00 PM,1917.6,0,0.0,21626800.69999999
2025-08-01 01:38:02 PM,1917.6,1,1917.6,21628718.299999993
2025-08-01 01:38:14 PM,1917.7,2,3835.4,21632553.69999999
2025-08-01 01:39:22 PM,1915.1,0,0.0,21632553.69999999
2025-08-01 01:39:22 PM,1915.0,0,0.0,21632553.69999999
2025-08-01 01:39:23 PM,1915.0,57,109155.0,21741708.69999999
2025-08-01 01:39:24 PM,1915.0,1,1915.0,21743623.69999999
2025-08-01 01:39:24 PM,1914.8,0,0.0,21743623.69999999
2025-08-01 01:39:26 PM,1916.8,0,0.0,21743623.69999999
2025-08-01 01:39:28 PM,1915.3,0,0.0,21743623.69999999
2025-08-01 01:39:28 PM,1915.3,25,47882.5,21791506.19999999
2025-08-01 01:39:36 PM,1916.9,0,0.0,21791506.19999999
2025-08-01 01:39:38 PM,1916.9,32,61340.8,21852846.999999993
2025-08-01 01:39:52 PM,1915.0,0,0.0,21852846.999999993
2025-08-01 01:39:54 PM,1915.0,1,1915.0,21854761.999999993
2025-08-01 01:39:56 PM,1916.8,0,0.0,21854761.999999993
2025-08-01 01:39:58 PM,1916.8,1,1916.8,21856678.799999993
2025-08-01 01:40:10 PM,1915.2,0,0.0,21856678.799999993
2025-08-01 01:40:14 PM,1915.2,5,9576.0,21866254.799999993
2025-08-01 01:40:20 PM,1917.0,0,0.0,21866254.799999993
2025-08-01 01:40:24 PM,1917.0,1,1917.0,21868171.799999993
2025-08-01 01:40:42 PM,1918.3,0,0.0,21868171.799999993
2025-08-01 01:40:45 PM,1918.3,38,72895.4,21941067.19999999
2025-08-01 01:40:49 PM,1917.7,10,19177.0,21960244.19999999
2025-08-01 01:41:12 PM,1918.3,0,0.0,21960244.19999999
2025-08-01 01:41:15 PM,1918.3,1,1918.3,21962162.499999993
2025-08-01 01:41:26 PM,1916.4,0,0.0,21962162.499999993
2025-08-01 01:41:29 PM,1916.4,14,26829.600000000002,21988992.099999994
2025-08-01 01:42:16 PM,1917.7,0,0.0,21988992.099999994
2025-08-01 01:42:18 PM,1917.7,1,1917.7,21990909.799999993
2025-08-01 01:42:28 PM,1919.2,0,0.0,21990909.799999993
2025-08-01 01:42:32 PM,1916.8,0,0.0,21990909.799999993
2025-08-01 01:42:33 PM,1916.8,26,49836.799999999996,22040746.599999994
2025-08-01 01:43:57 PM,1916.7,2,3833.4,22044579.999999993
2025-08-01 01:44:20 PM,1918.8,0,0.0,22044579.999999993
2025-08-01 01:44:22 PM,1918.8,1,1918.8,22046498.799999993
2025-08-01 01:44:30 PM,1917.1,0,0.0,22046498.799999993
2025-08-01 01:44:32 PM,1917.1,52,99689.2,22146187.999999993
2025-08-01 01:44:42 PM,1917.8,0,0.0,22146187.999999993
2025-08-01 01:44:42 PM,1917.8,1,1917.8,22148105.799999993
2025-08-01 01:44:54 PM,1916.2,0,0.0,22148105.799999993
2025-08-01 01:44:56 PM,1917.8,0,0.0,22148105.799999993
2025-08-01 01:44:57 PM,1917.8,11,21095.8,22169201.599999994
2025-08-01 01:46:31 PM,1917.0,1,1917.0,22171118.599999994
2025-08-01 01:46:47 PM,1917.0,1,1917.0,22173035.599999994
2025-08-01 01:47:07 PM,1915.6,2,3831.2,22176866.799999993
2025-08-01 01:47:12 PM,1916.8,0,0.0,22176866.799999993
2025-08-01 01:47:13 PM,1916.8,4,7667.2,22184533.999999993
2025-08-01 01:47:14 PM,1915.7,0,0.0,22184533.999999993
2025-08-01 01:47:16 PM,1915.7,5,9578.5,22194112.499999993
2025-08-01 01:47:16 PM,1916.5,0,0.0,22194112.499999993
2025-08-01 01:47:17 PM,1916.5,5,9582.5,22203694.999999993
2025-08-01 01:47:56 PM,1915.7,0,0.0,22203694.999999993
2025-08-01 01:47:57 PM,1915.7,2,3831.4,22207526.39999999
2025-08-01 01:48:31 PM,1915.7,54,103447.8,22310974.19999999
2025-08-01 01:48:32 PM,1916.0,8,15328.0,22326302.19999999
2025-08-01 01:48:36 PM,1916.8,0,0.0,22326302.19999999
2025-08-01 01:48:37 PM,1916.8,11,21084.8,22347386.999999993
2025-08-01 01:49:16 PM,1917.6,0,0.0,22347386.999999993
2025-08-01 01:49:19 PM,1917.6,1,1917.6,22349304.599999994
2025-08-01 01:49:50 PM,1918.0,0,0.0,22349304.599999994
2025-08-01 01:49:53 PM,1918.0,1,1918.0,22351222.599999994
2025-08-01 01:50:21 PM,1918.1,0,0.0,22351222.599999994
2025-08-01 01:50:23 PM,1918.1,1,1918.1,22353140.699999996
2025-08-01 01:51:07 PM,1918.1,1,1918.1,22355058.799999997
2025-08-01 01:51:26 PM,1916.3,0,0.0,22355058.799999997
2025-08-01 01:51:26 PM,1916.3,1,1916.3,22356975.099999998
2025-08-01 01:51:34 PM,1916.2,0,0.0,22356975.099999998
2025-08-01 01:51:36 PM,1916.2,1,1916.2,22358891.299999997
2025-08-01 01:51:40 PM,1916.2,4,7664.8,22366556.099999998
2025-08-01 01:51:42 PM,1916.8,0,0.0,22366556.099999998
2025-08-01 01:51:45 PM,1916.8,12,23001.6,22389557.7
2025-08-01 01:52:18 PM,1916.6,0,0.0,22389557.7
2025-08-01 01:52:19 PM,1916.6,1,1916.6,22391474.3
2025-08-01 01:52:35 PM,1917.8,0,0.0,22391474.3
2025-08-01 01:52:35 PM,1917.8,2,3835.6,22395309.900000002
2025-08-01 01:52:44 PM,1918.3,1,1918.3,22397228.200000003
2025-08-01 01:53:36 PM,1916.9,1,1916.9,22399145.1
2025-08-01 01:53:54 PM,1916.9,1,1916.9,22401062.0
2025-08-01 01:54:32 PM,1918.9,0,0.0,22401062.0
2025-08-01 01:54:33 PM,1918.9,37,70999.3,22472061.3
2025-08-01 01:54:42 PM,1917.5,0,0.0,22472061.3
2025-08-01 01:54:43 PM,1917.5,6,11505.0,22483566.3
2025-08-01 01:55:28 PM,1917.2,0,0.0,22483566.3
2025-08-01 01:55:28 PM,1917.2,1,1917.2,22485483.5
2025-08-01 01:55:34 PM,1919.1,0,0.0,22485483.5
2025-08-01 01:55:38 PM,1919.1,1,1919.1,22487402.6
2025-08-01 01:55:56 PM,1917.5,0,0.0,22487402.6
2025-08-01 01:55:57 PM,1917.5,1,1917.5,22489320.1
2025-08-01 01:56:27 PM,1916.9,1,1916.9,22491237.0
2025-08-01 01:57:02 PM,1916.9,17,32587.300000000003,22523824.3
2025-08-01 01:57:22 PM,1915.4,0,0.0,22523824.3
2025-08-01 01:57:22 PM,1915.4,45,86193.0,22610017.3
2025-08-01 01:57:32 PM,1916.9,0,0.0,22610017.3
2025-08-01 01:57:36 PM,1916.9,16,30670.4,22640687.7
2025-08-01 01:57:48 PM,1915.9,0,0.0,22640687.7
2025-08-01 01:57:51 PM,1915.9,1,1915.9,22642603.599999998
2025-08-01 01:57:54 PM,1915.8,0,0.0,22642603.599999998
2025-08-01 01:57:55 PM,1915.8,1,1915.8,22644519.4
2025-08-01 01:58:02 PM,1917.6,0,0.0,22644519.4
2025-08-01 01:58:05 PM,1917.6,1,1917.6,22646437.0
2025-08-01 01:58:14 PM,1915.8,0,0.0,22646437.0
2025-08-01 01:58:15 PM,1915.8,1,1915.8,22648352.8
2025-08-01 01:58:16 PM,1916.9,0,0.0,22648352.8
2025-08-01 01:58:20 PM,1916.9,3,5750.700000000001,22654103.5
2025-08-01 01:58:26 PM,1915.6,2,3831.2,22657934.7
2025-08-01 01:58:30 PM,1915.6,52,99611.2,22757545.9
2025-08-01 01:58:32 PM,1917.8,0,0.0,22757545.9
2025-08-01 01:58:35 PM,1917.8,188,360546.39999999997,23118092.299999997
2025-08-01 01:58:46 PM,1918.7,0,0.0,23118092.299999997
2025-08-01 01:58:50 PM,1918.7,1,1918.7,23120010.999999996
2025-08-01 01:59:00 PM,1919.5,2,3839.0,23123849.999999996
2025-08-01 01:59:02 PM,1917.4,0,0.0,23123849.999999996
2025-08-01 01:59:06 PM,1917.4,1,1917.4,23125767.399999995
2025-08-01 01:59:08 PM,1917.3,0,0.0,23125767.399999995
2025-08-01 01:59:11 PM,1917.3,1,1917.3,23127684.699999996
2025-08-01 01:59:25 PM,1916.7,0,0.0,23127684.699999996
2025-08-01 01:59:26 PM,1916.4,2,3832.8,23131517.499999996
2025-08-01 01:59:28 PM,1918.2,0,0.0,23131517.499999996
2025-08-01 01:59:31 PM,1918.2,9,17263.8,23148781.299999997
2025-08-01 01:59:42 PM,1918.2,1,1918.2,23150699.499999996
2025-08-01 01:59:43 PM,1916.2,0,0.0,23150699.499999996
2025-08-01 01:59:46 PM,1916.2,5,9581.0,23160280.499999996
2025-08-01 02:00:06 PM,1917.4,0,0.0,23160280.499999996
2025-08-01 02:00:07 PM,1917.4,1,1917.4,23162197.899999995
2025-08-01 02:00:11 PM,1917.3,0,0.0,23162197.899999995
2025-08-01 02:00:12 PM,1917.3,1,1917.3,23164115.199999996
2025-08-01 02:00:32 PM,1915.0,0,0.0,23164115.199999996
2025-08-01 02:00:34 PM,1915.5,0,0.0,23164115.199999996
2025-08-01 02:00:36 PM,1915.5,12,22986.0,23187101.199999996
2025-08-01 02:00:36 PM,1915.8,0,0.0,23187101.199999996
2025-08-01 02:00:38 PM,1916.4,0,0.0,23187101.199999996
2025-08-01 02:00:40 PM,1916.4,16,30662.4,23217763.599999994
2025-08-01 02:00:42 PM,1916.7,0,0.0,23217763.599999994
2025-08-01 02:00:45 PM,1916.7,325,622927.5,23840691.099999994
2025-08-01 02:01:15 PM,1916.8,0,0.0,23840691.099999994
2025-08-01 02:01:15 PM,1916.8,3,5750.4,23846441.499999993
2025-08-01 02:01:32 PM,1918.9,0,0.0,23846441.499999993
2025-08-01 02:01:34 PM,1918.9,2,3837.8,23850279.299999993
2025-08-01 02:01:41 PM,1917.0,0,0.0,23850279.299999993
2025-08-01 02:01:44 PM,1917.0,8,15336.0,23865615.299999993
2025-08-01 02:02:00 PM,1915.3,0,0.0,23865615.299999993
2025-08-01 02:02:03 PM,1915.3,1,1915.3,23867530.599999994
2025-08-01 02:02:13 PM,1915.3,1,1915.3,23869445.899999995
2025-08-01 02:02:18 PM,1915.3,1,1915.3,23871361.199999996
2025-08-01 02:02:18 PM,1916.9,0,0.0,23871361.199999996
2025-08-01 02:02:19 PM,1915.6,0,0.0,23871361.199999996
2025-08-01 02:02:23 PM,1915.6,7,13409.199999999999,23884770.399999995
2025-08-01 02:03:17 PM,1914.8,0,0.0,23884770.399999995
2025-08-01 02:03:18 PM,1914.8,105,201054.0,24085824.399999995
2025-08-01 02:03:18 PM,1914.8,7,13403.6,24099227.999999996
2025-08-01 02:03:28 PM,1914.3,2,3828.6,24103056.599999998
2025-08-01 02:03:33 PM,1915.9,4,7663.6,24110720.2
2025-08-01 02:03:38 PM,1916.3,1,1916.3,24112636.5
2025-08-01 02:05:51 PM,1915.3,0,0.0,24112636.5
2025-08-01 02:05:54 PM,1915.3,1,1915.3,24114551.8
2025-08-01 02:06:37 PM,1916.7,0,0.0,24114551.8
2025-08-01 02:06:39 PM,1916.7,1,1916.7,24116468.5
2025-08-01 02:06:44 PM,1915.2,0,0.0,24116468.5
2025-08-01 02:06:45 PM,1915.2,1,1915.2,24118383.7
2025-08-01 02:06:49 PM,1916.9,0,0.0,24118383.7
2025-08-01 02:06:50 PM,1916.9,5,9584.5,24127968.2
2025-08-01 02:06:53 PM,1915.1,0,0.0,24127968.2
2025-08-01 02:06:55 PM,1915.1,2,3830.2,24131798.4
2025-08-01 02:07:00 PM,1914.4,19,36373.6,24168172.0
2025-08-01 02:07:01 PM,1916.0,13,24908.0,24193080.0
2025-08-01 02:07:54 PM,1914.4,0,0.0,24193080.0
2025-08-01 02:07:57 PM,1914.4,2,3828.8,24196908.8
2025-08-01 02:08:02 PM,1916.0,7,13412.0,24210320.8
2025-08-01 02:08:12 PM,1916.0,3,5748.0,24216068.8
2025-08-01 02:08:36 PM,1914.3,0,0.0,24216068.8
2025-08-01 02:08:37 PM,1914.3,2,3828.6,24219897.400000002
2025-08-01 02:08:43 PM,1915.4,3,5746.200000000001,24225643.6
2025-08-01 02:08:57 PM,1916.3,0,0.0,24225643.6
2025-08-01 02:08:59 PM,1916.3,1,1916.3,24227559.900000002
2025-08-01 02:09:26 PM,1913.5,0,0.0,24227559.900000002
2025-08-01 02:09:29 PM,1913.5,102,195177.0,24422736.900000002
2025-08-01 02:09:29 PM,1913.5,70,133945.0,24556681.900000002
2025-08-01 02:09:34 PM,1915.4,0,0.0,24556681.900000002
2025-08-01 02:09:34 PM,1915.4,3,5746.200000000001,24562428.1
2025-08-01 02:09:39 PM,1915.9,1,1915.9,24564344.0
2025-08-01 02:09:40 PM,1914.1,0,0.0,24564344.0
2025-08-01 02:09:44 PM,1914.1,1,1914.1,24566258.1
2025-08-01 02:09:44 PM,1915.5,0,0.0,24566258.1
2025-08-01 02:09:44 PM,1915.5,2,3831.0,24570089.1
2025-08-01 02:09:58 PM,1916.2,0,0.0,24570089.1
2025-08-01 02:10:03 PM,1916.2,1,1916.2,24572005.3
2025-08-01 02:11:27 PM,1916.3,0,0.0,24572005.3
2025-08-01 02:11:31 PM,1916.3,1,1916.3,24573921.6
2025-08-01 02:11:35 PM,1920.0,0,0.0,24573921.6
2025-08-01 02:11:36 PM,1918.0,118,226324.0,24800245.6
2025-08-01 02:12:04 PM,1917.9,0,0.0,24800245.6
2025-08-01 02:12:07 PM,1917.9,4,7671.6,24807917.200000003
2025-08-01 02:12:10 PM,1917.2,0,0.0,24807917.200000003
2025-08-01 02:12:12 PM,1917.2,5,9586.0,24817503.200000003
2025-08-01 02:12:20 PM,1916.8,0,0.0,24817503.200000003
2025-08-01 02:12:22 PM,1916.8,1,1916.8,24819420.000000004
2025-08-01 02:12:27 PM,1916.8,1,1916.8,24821336.800000004
2025-08-01 02:12:43 PM,1916.8,3,5750.4,24827087.200000003
2025-08-01 02:13:05 PM,1915.8,3,5747.4,24832834.6
2025-08-01 02:13:12 PM,1915.3,0,0.0,24832834.6
2025-08-01 02:13:13 PM,1915.3,2,3830.6,24836665.200000003
2025-08-01 02:13:23 PM,1915.3,1,1915.3,24838580.500000004
2025-08-01 02:13:36 PM,1915.3,37,70866.09999999999,24909446.600000005
2025-08-01 02:13:39 PM,1916.7,2,3833.4,24913280.000000004
2025-08-01 02:14:28 PM,1914.8,0,0.0,24913280.000000004
2025-08-01 02:14:29 PM,1914.8,1,1914.8,24915194.800000004
2025-08-01 02:14:30 PM,1916.0,0,0.0,24915194.800000004
2025-08-01 02:14:32 PM,1916.0,1,1916.0,24917110.800000004
2025-08-01 02:14:35 PM,1916.0,4,7664.0,24924774.800000004
2025-08-01 02:14:38 PM,1916.1,1,1916.1,24926690.900000006
2025-08-01 02:15:00 PM,1916.1,1,1916.1,24928607.000000007
2025-08-01 02:15:40 PM,1914.6,0,0.0,24928607.000000007
2025-08-01 02:15:42 PM,1914.6,1,1914.6,24930521.60000001
2025-08-01 02:15:42 PM,1916.0,0,0.0,24930521.60000001
2025-08-01 02:15:44 PM,1916.0,1,1916.0,24932437.60000001
2025-08-01 02:16:08 PM,1914.4,0,0.0,24932437.60000001
2025-08-01 02:16:08 PM,1914.4,6,11486.400000000001,24943924.000000007
2025-08-01 02:16:09 PM,1915.9,8,15327.2,24959251.200000007
2025-08-01 02:17:18 PM,1916.3,0,0.0,24959251.200000007
2025-08-01 02:17:18 PM,1916.3,4,7665.2,24966916.400000006
2025-08-01 02:17:43 PM,1916.3,3,5748.9,24972665.300000004
2025-08-01 02:18:25 PM,1915.2,2,3830.4,24976495.700000003
2025-08-01 02:18:42 PM,1917.0,0,0.0,24976495.700000003
2025-08-01 02:18:45 PM,1917.0,1,1917.0,24978412.700000003
2025-08-01 02:18:54 PM,1916.9,0,0.0,24978412.700000003
2025-08-01 02:18:55 PM,1916.9,1,1916.9,24980329.6
2025-08-01 02:18:56 PM,1917.0,0,0.0,24980329.6
2025-08-01 02:19:00 PM,1917.0,1,1917.0,24982246.6
2025-08-01 02:19:10 PM,1915.2,0,0.0,24982246.6
2025-08-01 02:19:10 PM,1915.2,5,9576.0,24991822.6
2025-08-01 02:19:21 PM,1914.3,1,1914.3,24993736.900000002
2025-08-01 02:19:26 PM,1916.0,5,9580.0,25003316.900000002
2025-08-01 02:20:36 PM,1916.1,0,0.0,25003316.900000002
2025-08-01 02:20:38 PM,1916.1,1,1916.1,25005233.000000004
2025-08-01 02:20:48 PM,1916.0,0,0.0,25005233.000000004
2025-08-01 02:20:49 PM,1916.0,1,1916.0,25007149.000000004
2025-08-01 02:21:14 PM,1916.1,1,1916.1,25009065.100000005
2025-08-01 02:21:19 PM,1916.1,1,1916.1,25010981.200000007
2025-08-01 02:22:24 PM,1913.7,15,28705.5,25039686.700000007
2025-08-01 02:22:25 PM,1914.0,0,0.0,25039686.700000007
2025-08-01 02:22:29 PM,1914.0,19,36366.0,25076052.700000007
2025-08-01 02:22:30 PM,1915.5,0,0.0,25076052.700000007
2025-08-01 02:22:32 PM,1916.2,0,0.0,25076052.700000007
2025-08-01 02:22:34 PM,1916.2,30,57486.0,25133538.700000007
2025-08-01 02:22:41 PM,1916.0,0,0.0,25133538.700000007
2025-08-01 02:22:45 PM,1916.0,9,17244.0,25150782.700000007
2025-08-01 02:23:01 PM,1914.0,0,0.0,25150782.700000007
2025-08-01 02:23:01 PM,1914.0,1,1914.0,25152696.700000007
2025-08-01 02:23:07 PM,1915.8,0,0.0,25152696.700000007
2025-08-01 02:23:12 PM,1915.8,11,21073.8,25173770.500000007
2025-08-01 02:23:33 PM,1915.8,10,19158.0,25192928.500000007
2025-08-01 02:23:45 PM,1914.0,0,0.0,25192928.500000007
2025-08-01 02:23:49 PM,1914.0,3,5742.0,25198670.500000007
2025-08-01 02:23:51 PM,1915.1,0,0.0,25198670.500000007
2025-08-01 02:23:54 PM,1915.1,2,3830.2,25202500.700000007
2025-08-01 02:24:06 PM,1915.8,0,0.0,25202500.700000007
2025-08-01 02:24:10 PM,1915.8,108,206906.4,25409407.100000005
2025-08-01 02:24:18 PM,1916.9,0,0.0,25409407.100000005
2025-08-01 02:24:21 PM,1916.9,2,3833.8,25413240.900000006
2025-08-01 02:24:58 PM,1916.9,2,3833.8,25417074.700000007
2025-08-01 02:25:24 PM,1916.9,1,1916.9,25418991.600000005
2025-08-01 02:26:23 PM,1914.8,3,5744.4,25424736.000000004
2025-08-01 02:26:42 PM,1914.0,0,0.0,25424736.000000004
2025-08-01 02:26:43 PM,1914.0,1,1914.0,25426650.000000004
2025-08-01 02:26:45 PM,1915.8,0,0.0,25426650.000000004
2025-08-01 02:26:49 PM,1915.8,1,1915.8,25428565.800000004
2025-08-01 02:26:51 PM,1914.6,0,0.0,25428565.800000004
