date,price,qty,trnvr,cum_trnvr
2025-08-01 09:15:00 AM,205.0,10060,2062300.0,2062300.0
2025-08-01 09:15:01 AM,204.97,70,14347.9,2076647.9
2025-08-01 09:15:09 AM,204.5,0,0.0,2076647.9
2025-08-01 09:15:11 AM,204.5,656,134152.0,2210799.9
2025-08-01 09:15:20 AM,204.7,0,0.0,2210799.9
2025-08-01 09:15:22 AM,204.91,1482,303676.62,2514476.52
2025-08-01 09:15:24 AM,205.0,1319,270395.0,2784871.52
2025-08-01 09:15:31 AM,205.32,87,17862.84,2802734.36
2025-08-01 09:15:38 AM,205.62,0,0.0,2802734.36
2025-08-01 09:15:39 AM,205.62,184,37834.08,2840568.44
2025-08-01 09:15:41 AM,205.45,100,20545.0,2861113.44
2025-08-01 09:15:46 AM,205.49,0,0.0,2861113.44
2025-08-01 09:15:47 AM,205.49,1472,302481.28,3163594.7199999997
2025-08-01 09:15:49 AM,205.45,125,25681.25,3189275.9699999997
2025-08-01 09:15:51 AM,205.52,0,0.0,3189275.9699999997
2025-08-01 09:15:55 AM,205.52,1002,205931.04,3395207.01
2025-08-01 09:15:57 AM,205.53,10,2055.3,3397262.3099999996
2025-08-01 09:16:00 AM,205.46,0,0.0,3397262.3099999996
2025-08-01 09:16:03 AM,204.91,0,0.0,3397262.3099999996
2025-08-01 09:16:04 AM,204.91,2049,419860.58999999997,3817122.8999999994
2025-08-01 09:16:06 AM,205.22,194,39812.68,3856935.5799999996
2025-08-01 09:16:14 AM,204.96,0,0.0,3856935.5799999996
2025-08-01 09:16:17 AM,204.7,0,0.0,3856935.5799999996
2025-08-01 09:16:20 AM,204.7,2035,416564.5,4273500.08
2025-08-01 09:16:22 AM,205.0,137,28085.0,4301585.08
2025-08-01 09:16:27 AM,205.05,0,0.0,4301585.08
2025-08-01 09:16:28 AM,205.05,215,44085.75,4345670.83
2025-08-01 09:16:35 AM,205.15,0,0.0,4345670.83
2025-08-01 09:16:37 AM,205.15,40,8206.0,4353876.83
2025-08-01 09:16:38 AM,205.4,398,81749.2,4435626.03
2025-08-01 09:16:45 AM,205.38,153,31423.14,4467049.17
2025-08-01 09:16:46 AM,205.38,15,3080.7,4470129.87
2025-08-01 09:16:53 AM,205.38,2,410.76,4470540.63
2025-08-01 09:16:55 AM,205.45,0,0.0,4470540.63
2025-08-01 09:17:01 AM,206.0,3426,705756.0,5176296.63
2025-08-01 09:17:03 AM,206.24,1089,224595.36000000002,5400891.99
2025-08-01 09:17:03 AM,205.84,0,0.0,5400891.99
2025-08-01 09:17:05 AM,206.0,0,0.0,5400891.99
2025-08-01 09:17:10 AM,206.01,420,86524.2,5487416.19
2025-08-01 09:17:11 AM,206.0,419,86314.0,5573730.19
2025-08-01 09:17:18 AM,206.0,1186,244316.0,5818046.19
2025-08-01 09:17:26 AM,206.0,935,192610.0,6010656.19
2025-08-01 09:17:27 AM,205.97,217,44695.49,6055351.680000001
2025-08-01 09:17:34 AM,205.91,717,147637.47,6202989.15
2025-08-01 09:17:39 AM,205.84,0,0.0,6202989.15
2025-08-01 09:17:43 AM,205.84,35,7204.400000000001,6210193.550000001
2025-08-01 09:17:44 AM,205.6,246,50577.6,6260771.15
2025-08-01 09:17:46 AM,205.65,0,0.0,6260771.15
2025-08-01 09:17:48 AM,205.73,0,0.0,6260771.15
2025-08-01 09:17:51 AM,205.73,739,152034.47,6412805.62
2025-08-01 09:17:57 AM,205.68,0,0.0,6412805.62
2025-08-01 09:17:59 AM,205.5,37,7603.5,6420409.12
2025-08-01 09:18:03 AM,205.67,0,0.0,6420409.12
2025-08-01 09:18:08 AM,206.1,2085,429718.5,6850127.62
2025-08-01 09:18:11 AM,206.12,0,0.0,6850127.62
2025-08-01 09:18:13 AM,205.98,0,0.0,6850127.62
2025-08-01 09:18:16 AM,205.67,791,162684.97,7012812.59
2025-08-01 09:18:19 AM,205.6,0,0.0,7012812.59
2025-08-01 09:18:21 AM,205.61,0,0.0,7012812.59
2025-08-01 09:18:24 AM,205.61,650,133646.5,7146459.09
2025-08-01 09:18:27 AM,205.72,0,0.0,7146459.09
2025-08-01 09:18:32 AM,205.51,93,19112.43,7165571.52
2025-08-01 09:18:34 AM,205.61,99,20355.390000000003,7185926.909999999
2025-08-01 09:18:35 AM,205.6,0,0.0,7185926.909999999
2025-08-01 09:18:40 AM,205.6,153,31456.8,7217383.709999999
2025-08-01 09:18:45 AM,205.78,0,0.0,7217383.709999999
2025-08-01 09:18:49 AM,205.78,120,24693.6,7242077.309999999
2025-08-01 09:18:58 AM,205.86,170,34996.200000000004,7277073.509999999
2025-08-01 09:19:06 AM,205.9,1000,205900.0,7482973.509999999
2025-08-01 09:19:07 AM,205.78,0,0.0,7482973.509999999
2025-08-01 09:19:13 AM,205.86,298,61346.280000000006,7544319.789999999
2025-08-01 09:19:14 AM,205.86,24,4940.64,7549260.429999999
2025-08-01 09:19:21 AM,205.99,288,59325.12,7608585.549999999
2025-08-01 09:19:22 AM,205.9,160,32944.0,7641529.549999999
2025-08-01 09:19:29 AM,205.67,1049,215747.83,7857277.379999999
2025-08-01 09:19:37 AM,205.62,4,822.48,7858099.859999999
2025-08-01 09:19:45 AM,205.63,153,31461.39,7889561.249999999
2025-08-01 09:19:47 AM,205.67,4,822.68,7890383.929999999
2025-08-01 09:19:53 AM,205.63,35,7197.05,7897580.979999999
2025-08-01 09:20:11 AM,205.79,1080,222253.19999999998,8119834.179999999
2025-08-01 09:20:33 AM,205.99,0,0.0,8119834.179999999
2025-08-01 09:20:34 AM,205.99,76,15655.240000000002,8135489.419999999
2025-08-01 09:20:49 AM,206.05,2,412.1,8135901.519999999
2025-08-01 09:20:50 AM,206.0,446,91876.0,8227777.519999999
2025-08-01 09:20:56 AM,206.0,54,11124.0,8238901.519999999
2025-08-01 09:21:04 AM,206.0,363,74778.0,8313679.519999999
2025-08-01 09:21:05 AM,206.07,275,56669.25,8370348.769999999
2025-08-01 09:21:13 AM,206.0,1,206.0,8370554.769999999
2025-08-01 09:21:20 AM,206.0,240,49440.0,8419994.77
2025-08-01 09:21:22 AM,205.95,0,0.0,8419994.77
2025-08-01 09:21:24 AM,206.0,0,0.0,8419994.77
2025-08-01 09:21:28 AM,206.01,71,14626.71,8434621.48
2025-08-01 09:21:35 AM,206.07,12,2472.84,8437094.32
2025-08-01 09:21:47 AM,206.1,0,0.0,8437094.32
2025-08-01 09:21:51 AM,206.1,15,3091.5,8440185.82
2025-08-01 09:21:57 AM,206.07,0,0.0,8440185.82
2025-08-01 09:21:58 AM,206.07,12,2472.84,8442658.66
2025-08-01 09:22:01 AM,206.13,0,0.0,8442658.66
2025-08-01 09:22:06 AM,206.13,25,5153.25,8447811.91
2025-08-01 09:22:07 AM,206.13,50,10306.5,8458118.41
2025-08-01 09:22:11 AM,206.2,0,0.0,8458118.41
2025-08-01 09:22:13 AM,206.1,162,33388.2,8491506.61
2025-08-01 09:22:21 AM,206.13,152,31331.76,8522838.37
2025-08-01 09:22:22 AM,206.2,0,0.0,8522838.37
2025-08-01 09:22:29 AM,206.1,487,100370.7,8623209.069999998
2025-08-01 09:22:29 AM,205.98,0,0.0,8623209.069999998
2025-08-01 09:22:30 AM,205.98,638,131415.24,8754624.309999999
2025-08-01 09:22:32 AM,205.99,0,0.0,8754624.309999999
2025-08-01 09:22:36 AM,205.7,676,139053.19999999998,8893677.509999998
2025-08-01 09:22:53 AM,205.73,47,9669.31,8903346.819999998
2025-08-01 09:22:58 AM,205.7,0,0.0,8903346.819999998
2025-08-01 09:22:59 AM,205.7,377,77548.9,8980895.719999999
2025-08-01 09:23:03 AM,205.62,0,0.0,8980895.719999999
2025-08-01 09:23:07 AM,205.62,173,35572.26,9016467.979999999
2025-08-01 09:23:08 AM,205.62,76,15627.12,9032095.099999998
2025-08-01 09:23:10 AM,205.8,0,0.0,9032095.099999998
2025-08-01 09:23:14 AM,205.8,8,1646.4,9033741.499999998
2025-08-01 09:23:17 AM,205.84,0,0.0,9033741.499999998
2025-08-01 09:23:22 AM,205.84,1,205.84,9033947.339999998
2025-08-01 09:23:30 AM,205.83,1,205.83,9034153.169999998
2025-08-01 09:23:44 AM,205.71,0,0.0,9034153.169999998
2025-08-01 09:23:45 AM,205.71,86,17691.06,9051844.229999999
2025-08-01 09:23:46 AM,205.6,1356,278793.6,9330637.829999998
2025-08-01 09:23:50 AM,205.47,0,0.0,9330637.829999998
2025-08-01 09:23:50 AM,205.63,0,0.0,9330637.829999998
2025-08-01 09:23:52 AM,205.65,87,17891.55,9348529.379999999
2025-08-01 09:23:54 AM,205.4,1000,205400.0,9553929.379999999
2025-08-01 09:24:00 AM,205.4,1000,205400.0,9759329.379999999
2025-08-01 09:24:02 AM,205.39,20,4107.799999999999,9763437.18
2025-08-01 09:24:03 AM,205.57,0,0.0,9763437.18
2025-08-01 09:24:08 AM,205.07,706,144779.41999999998,9908216.6
2025-08-01 09:24:09 AM,205.28,11,2258.08,9910474.68
2025-08-01 09:24:15 AM,205.28,45,9237.6,9919712.28
2025-08-01 09:24:23 AM,205.43,107,21981.010000000002,9941693.29
2025-08-01 09:24:29 AM,205.3,0,0.0,9941693.29
2025-08-01 09:24:31 AM,205.3,1476,303022.8,10244716.09
2025-08-01 09:24:41 AM,205.0,0,0.0,10244716.09
2025-08-01 09:24:46 AM,205.06,5001,1025505.06,11270221.15
2025-08-01 09:24:53 AM,205.23,1,205.23,11270426.38
2025-08-01 09:25:07 AM,205.2,0,0.0,11270426.38
2025-08-01 09:25:08 AM,205.2,37,7592.4,11278018.780000001
2025-08-01 09:25:10 AM,205.22,601,123337.22,11401356.000000002
2025-08-01 09:25:14 AM,205.09,0,0.0,11401356.000000002
2025-08-01 09:25:15 AM,205.09,1,205.09,11401561.090000002
2025-08-01 09:25:25 AM,205.23,6,1231.3799999999999,11402792.470000003
2025-08-01 09:25:31 AM,205.2,102,20930.399999999998,11423722.870000003
2025-08-01 09:25:38 AM,205.24,302,61982.48,11485705.350000003
2025-08-01 09:25:39 AM,205.29,0,0.0,11485705.350000003
2025-08-01 09:25:40 AM,205.29,4,821.16,11486526.510000004
2025-08-01 09:26:08 AM,205.3,10,2053.0,11488579.510000004
2025-08-01 09:26:31 AM,205.4,0,0.0,11488579.510000004
2025-08-01 09:26:31 AM,205.4,375,77025.0,11565604.510000004
2025-08-01 09:26:56 AM,205.89,3157,649994.73,12215599.240000004
2025-08-01 09:26:58 AM,206.0,0,0.0,12215599.240000004
2025-08-01 09:27:02 AM,206.09,31,6388.79,12221988.030000003
2025-08-01 09:27:09 AM,205.74,443,91142.82,12313130.850000003
2025-08-01 09:27:21 AM,205.78,0,0.0,12313130.850000003
2025-08-01 09:27:24 AM,205.61,525,107945.25,12421076.100000003
2025-08-01 09:28:03 AM,205.73,10,2057.2999999999997,12423133.400000004
2025-08-01 09:28:14 AM,205.71,0,0.0,12423133.400000004
2025-08-01 09:28:15 AM,205.72,0,0.0,12423133.400000004
2025-08-01 09:28:17 AM,205.68,57,11723.76,12434857.160000004
2025-08-01 09:28:25 AM,205.6,2,411.2,12435268.360000003
2025-08-01 09:28:59 AM,205.71,0,0.0,12435268.360000003
2025-08-01 09:29:03 AM,205.6,2,411.2,12435679.560000002
2025-08-01 09:29:04 AM,205.59,74,15213.66,12450893.220000003
2025-08-01 09:29:10 AM,205.58,0,0.0,12450893.220000003
2025-08-01 09:29:11 AM,205.58,26,5345.08,12456238.300000003
2025-08-01 09:29:12 AM,205.58,29,5961.820000000001,12462200.120000003
2025-08-01 09:29:18 AM,204.7,7442,1523377.4,13985577.520000003
2025-08-01 09:29:20 AM,204.71,129,26407.59,14011985.110000003
2025-08-01 09:29:27 AM,204.77,1,204.77,14012189.880000003
2025-08-01 09:29:33 AM,204.65,11,2251.15,14014441.030000003
2025-08-01 09:29:40 AM,204.69,0,0.0,14014441.030000003
2025-08-01 09:29:41 AM,204.69,5,1023.45,14015464.480000002
2025-08-01 09:29:48 AM,204.69,361,73893.09,14089357.570000002
2025-08-01 09:30:02 AM,204.74,0,0.0,14089357.570000002
2025-08-01 09:30:03 AM,204.74,144,29482.56,14118840.130000003
2025-08-01 09:30:04 AM,204.75,59,12080.25,14130920.380000003
2025-08-01 09:30:09 AM,204.78,0,0.0,14130920.380000003
2025-08-01 09:30:11 AM,204.79,493,100961.47,14231881.850000003
2025-08-01 09:30:16 AM,204.85,0,0.0,14231881.850000003
2025-08-01 09:30:19 AM,204.79,105,21502.95,14253384.800000003
2025-08-01 09:30:33 AM,204.79,1,204.79,14253589.590000002
2025-08-01 09:30:41 AM,204.79,94,19250.26,14272839.850000001
2025-08-01 09:30:46 AM,204.97,0,0.0,14272839.850000001
2025-08-01 09:30:48 AM,204.97,185,37919.45,14310759.3
2025-08-01 09:30:54 AM,204.95,0,0.0,14310759.3
2025-08-01 09:30:55 AM,204.95,1,204.95,14310964.25
2025-08-01 09:31:03 AM,204.95,2,409.9,14311374.15
2025-08-01 09:31:10 AM,204.95,20,4099.0,14315473.15
2025-08-01 09:31:18 AM,204.75,0,0.0,14315473.15
2025-08-01 09:31:18 AM,204.75,878,179770.5,14495243.65
2025-08-01 09:31:24 AM,204.83,0,0.0,14495243.65
2025-08-01 09:31:25 AM,204.83,33,6759.39,14502003.040000001
2025-08-01 09:31:32 AM,204.75,38,7780.5,14509783.540000001
2025-08-01 09:32:14 AM,204.76,36,7371.36,14517154.9
2025-08-01 09:32:21 AM,204.91,121,24794.11,14541949.01
2025-08-01 09:32:46 AM,204.94,0,0.0,14541949.01
2025-08-01 09:32:49 AM,204.93,19,3893.67,14545842.68
2025-08-01 09:33:23 AM,204.99,1,204.99,14546047.67
2025-08-01 09:33:37 AM,204.99,1,204.99,14546252.66
2025-08-01 09:33:42 AM,205.0,0,0.0,14546252.66
2025-08-01 09:33:44 AM,205.0,86,17630.0,14563882.66
2025-08-01 09:33:44 AM,205.13,50,10256.5,14574139.16
2025-08-01 09:34:12 AM,205.45,25,5136.25,14579275.41
2025-08-01 09:34:15 AM,205.41,0,0.0,14579275.41
2025-08-01 09:34:19 AM,205.41,37,7600.17,14586875.58
2025-08-01 09:34:23 AM,205.49,0,0.0,14586875.58
2025-08-01 09:34:24 AM,205.56,0,0.0,14586875.58
2025-08-01 09:34:26 AM,205.56,54,11100.24,14597975.82
2025-08-01 09:34:35 AM,205.42,0,0.0,14597975.82
2025-08-01 09:34:38 AM,205.33,0,0.0,14597975.82
2025-08-01 09:34:40 AM,205.33,1277,262206.41000000003,14860182.23
2025-08-01 09:34:45 AM,205.28,0,0.0,14860182.23
2025-08-01 09:34:47 AM,205.28,15,3079.2,14863261.43
2025-08-01 09:35:04 AM,205.35,0,0.0,14863261.43
2025-08-01 09:35:08 AM,205.35,16,3285.6,14866547.03
2025-08-01 09:35:14 AM,205.33,0,0.0,14866547.03
2025-08-01 09:35:15 AM,205.19,326,66891.94,14933438.969999999
2025-08-01 09:35:20 AM,205.22,0,0.0,14933438.969999999
2025-08-01 09:35:20 AM,205.35,0,0.0,14933438.969999999
2025-08-01 09:35:22 AM,205.35,1195,245393.25,15178832.219999999
2025-08-01 09:35:43 AM,205.39,30,6161.7,15184993.919999998
2025-08-01 09:36:07 AM,205.41,0,0.0,15184993.919999998
2025-08-01 09:36:10 AM,205.41,166,34098.06,15219091.979999999
2025-08-01 09:36:19 AM,205.54,0,0.0,15219091.979999999
2025-08-01 09:36:19 AM,205.61,0,0.0,15219091.979999999
2025-08-01 09:36:23 AM,205.61,583,119870.63,15338962.61
2025-08-01 09:36:42 AM,205.59,1,205.59,15339168.2
2025-08-01 09:36:59 AM,205.73,0,0.0,15339168.2
2025-08-01 09:37:02 AM,205.73,1,205.73,15339373.93
2025-08-01 09:37:09 AM,205.49,253,51988.97,15391362.9
2025-08-01 09:37:16 AM,205.49,26,5342.74,15396705.64
2025-08-01 09:37:45 AM,205.45,0,0.0,15396705.64
2025-08-01 09:37:50 AM,205.45,11,2259.95,15398965.59
2025-08-01 09:38:15 AM,205.52,0,0.0,15398965.59
2025-08-01 09:38:18 AM,205.52,23,4726.96,15403692.55
2025-08-01 09:38:29 AM,205.59,0,0.0,15403692.55
2025-08-01 09:38:31 AM,205.59,11,2261.4900000000002,15405954.040000001
2025-08-01 09:38:38 AM,205.47,102,20957.94,15426911.98
2025-08-01 09:38:55 AM,205.45,0,0.0,15426911.98
2025-08-01 09:38:57 AM,205.45,17,3492.6499999999996,15430404.63
2025-08-01 09:38:59 AM,205.54,0,0.0,15430404.63
2025-08-01 09:39:04 AM,205.54,4,822.16,15431226.790000001
2025-08-01 09:39:10 AM,205.56,0,0.0,15431226.790000001
2025-08-01 09:39:11 AM,205.56,315,64751.4,15495978.190000001
2025-08-01 09:39:14 AM,205.57,0,0.0,15495978.190000001
2025-08-01 09:39:18 AM,205.47,115,23629.05,15519607.240000002
2025-08-01 09:39:44 AM,205.58,0,0.0,15519607.240000002
2025-08-01 09:39:45 AM,205.58,14,2878.1200000000003,15522485.360000001
2025-08-01 09:39:56 AM,205.51,0,0.0,15522485.360000001
2025-08-01 09:39:57 AM,205.51,44,9042.439999999999,15531527.8
2025-08-01 09:39:58 AM,205.51,1,205.51,15531733.31
2025-08-01 09:40:00 AM,205.5,0,0.0,15531733.31
2025-08-01 09:40:04 AM,205.51,576,118373.76,15650107.07
2025-08-01 09:40:08 AM,205.58,0,0.0,15650107.07
2025-08-01 09:40:10 AM,205.58,355,72980.90000000001,15723087.97
2025-08-01 09:40:18 AM,205.51,25,5137.75,15728225.72
2025-08-01 09:40:31 AM,205.58,83,17063.14,15745288.860000001
2025-08-01 09:40:50 AM,205.58,67,13773.86,15759062.72
2025-08-01 09:41:03 AM,205.83,249,51251.670000000006,15810314.39
2025-08-01 09:41:07 AM,205.9,0,0.0,15810314.39
2025-08-01 09:41:08 AM,205.94,0,0.0,15810314.39
2025-08-01 09:41:10 AM,205.94,1074,221179.56,16031493.950000001
2025-08-01 09:41:11 AM,206.05,0,0.0,16031493.950000001
2025-08-01 09:41:15 AM,206.09,0,0.0,16031493.950000001
2025-08-01 09:41:17 AM,206.09,804,165696.36000000002,16197190.31
2025-08-01 09:41:37 AM,205.98,6,1235.8799999999999,16198426.190000001
2025-08-01 09:41:56 AM,205.98,10,2059.7999999999997,16200485.990000002
2025-08-01 09:42:16 AM,205.58,321,65991.18000000001,16266477.170000002
2025-08-01 09:42:16 AM,205.77,0,0.0,16266477.170000002
2025-08-01 09:42:17 AM,205.77,200,41154.0,16307631.170000002
2025-08-01 09:42:20 AM,205.86,0,0.0,16307631.170000002
2025-08-01 09:42:22 AM,205.86,364,74933.04000000001,16382564.21
2025-08-01 09:42:36 AM,205.9,34,7000.6,16389564.81
2025-08-01 09:42:48 AM,206.05,1000,206050.0,16595614.81
2025-08-01 09:42:49 AM,205.9,100,20590.0,16616204.81
2025-08-01 09:43:01 AM,206.04,5,1030.2,16617235.01
2025-08-01 09:43:06 AM,206.05,0,0.0,16617235.01
2025-08-01 09:43:08 AM,206.05,4,824.2,16618059.209999999
2025-08-01 09:43:14 AM,206.04,2,412.08,16618471.29
2025-08-01 09:43:26 AM,206.0,0,0.0,16618471.29
2025-08-01 09:43:28 AM,206.0,100,20600.0,16639071.29
2025-08-01 09:43:34 AM,206.0,4,824.0,16639895.29
2025-08-01 09:43:50 AM,206.09,0,0.0,16639895.29
2025-08-01 09:43:54 AM,206.09,1950,401875.5,17041770.79
2025-08-01 09:44:21 AM,206.09,604,124478.36,17166249.15
2025-08-01 09:44:22 AM,206.09,4,824.36,17167073.509999998
2025-08-01 09:44:26 AM,206.19,0,0.0,17167073.509999998
2025-08-01 09:44:27 AM,206.19,101,20825.19,17187898.7
2025-08-01 09:44:30 AM,206.2,0,0.0,17187898.7
2025-08-01 09:44:32 AM,206.05,0,0.0,17187898.7
2025-08-01 09:44:33 AM,206.04,78,16071.119999999999,17203969.82
2025-08-01 09:44:41 AM,206.04,50,10302.0,17214271.82
2025-08-01 09:44:44 AM,206.1,0,0.0,17214271.82
2025-08-01 09:44:46 AM,206.1,500,103050.0,17317321.82
2025-08-01 09:45:08 AM,205.99,0,0.0,17317321.82
2025-08-01 09:45:13 AM,205.99,4,823.96,17318145.78
2025-08-01 09:45:18 AM,205.95,0,0.0,17318145.78
2025-08-01 09:45:19 AM,205.89,1139,234508.71,17552654.490000002
2025-08-01 09:45:25 AM,205.71,30,6171.3,17558825.790000003
2025-08-01 09:45:26 AM,205.8,0,0.0,17558825.790000003
2025-08-01 09:45:27 AM,205.8,3,617.4000000000001,17559443.19
2025-08-01 09:45:40 AM,205.86,15,3087.9,17562531.09
2025-08-01 09:45:46 AM,205.9,1,205.9,17562736.99
2025-08-01 09:45:50 AM,205.81,0,0.0,17562736.99
2025-08-01 09:45:52 AM,205.81,1,205.81,17562942.799999997
2025-08-01 09:46:11 AM,205.9,571,117568.90000000001,17680511.699999996
2025-08-01 09:46:12 AM,205.9,9,1853.1000000000001,17682364.799999997
2025-08-01 09:46:20 AM,205.91,0,0.0,17682364.799999997
2025-08-01 09:46:24 AM,205.91,2,411.82,17682776.619999997
2025-08-01 09:46:27 AM,205.92,0,0.0,17682776.619999997
2025-08-01 09:46:28 AM,205.91,0,0.0,17682776.619999997
2025-08-01 09:46:30 AM,205.91,8,1647.28,17684423.9
2025-08-01 09:46:31 AM,205.9,0,0.0,17684423.9
2025-08-01 09:46:32 AM,205.9,140,28826.0,17713249.9
2025-08-01 09:46:44 AM,206.0,0,0.0,17713249.9
2025-08-01 09:46:45 AM,206.0,37,7622.0,17720871.9
2025-08-01 09:47:01 AM,206.0,3,618.0,17721489.9
2025-08-01 09:47:04 AM,205.9,0,0.0,17721489.9
2025-08-01 09:47:08 AM,205.9,28,5765.2,17727255.099999998
2025-08-01 09:47:11 AM,205.99,0,0.0,17727255.099999998
2025-08-01 09:47:14 AM,205.99,46,9475.54,17736730.639999997
2025-08-01 09:47:23 AM,205.9,0,0.0,17736730.639999997
2025-08-01 09:47:24 AM,205.97,0,0.0,17736730.639999997
2025-08-01 09:47:26 AM,205.97,543,111841.71,17848572.349999998
2025-08-01 09:47:41 AM,205.94,0,0.0,17848572.349999998
2025-08-01 09:47:42 AM,205.94,1,205.94,17848778.29
2025-08-01 09:47:48 AM,205.9,0,0.0,17848778.29
2025-08-01 09:47:49 AM,205.9,62,12765.800000000001,17861544.09
2025-08-01 09:47:53 AM,205.9,1,205.9,17861749.99
2025-08-01 09:47:59 AM,205.89,320,65884.79999999999,17927634.79
2025-08-01 09:48:01 AM,205.9,0,0.0,17927634.79
2025-08-01 09:48:02 AM,205.9,423,87095.7,18014730.49
2025-08-01 09:48:06 AM,205.9,482,99243.8,18113974.29
2025-08-01 09:48:08 AM,205.91,1,205.91,18114180.2
2025-08-01 09:48:15 AM,205.9,46,9471.4,18123651.599999998
2025-08-01 09:48:18 AM,205.93,0,0.0,18123651.599999998
2025-08-01 09:48:18 AM,206.01,0,0.0,18123651.599999998
2025-08-01 09:48:18 AM,206.01,1986,409135.86,18532787.459999997
2025-08-01 09:48:25 AM,206.13,504,103889.52,18636676.979999997
2025-08-01 09:48:28 AM,205.99,100,20599.0,18657275.979999997
2025-08-01 09:48:41 AM,205.93,235,48393.55,18705669.529999997
2025-08-01 09:48:50 AM,205.94,0,0.0,18705669.529999997
2025-08-01 09:48:51 AM,205.94,20,4118.8,18709788.33
2025-08-01 09:48:57 AM,206.11,24,4946.64,18714734.97
2025-08-01 09:49:06 AM,205.9,0,0.0,18714734.97
2025-08-01 09:49:06 AM,205.9,500,102950.0,18817684.97
2025-08-01 09:49:10 AM,206.07,0,0.0,18817684.97
2025-08-01 09:49:10 AM,206.07,5,1030.35,18818715.32
2025-08-01 09:49:39 AM,205.91,0,0.0,18818715.32
2025-08-01 09:49:41 AM,205.9,813,167396.7,18986112.02
2025-08-01 09:50:11 AM,205.8,0,0.0,18986112.02
2025-08-01 09:50:13 AM,205.78,718,147750.04,19133862.06
2025-08-01 09:50:16 AM,205.82,4,823.28,19134685.34
2025-08-01 09:50:19 AM,205.81,24,4939.4400000000005,19139624.78
2025-08-01 09:50:26 AM,205.82,2,411.64,19140036.42
2025-08-01 09:50:35 AM,205.67,0,0.0,19140036.42
2025-08-01 09:50:37 AM,205.83,0,0.0,19140036.42
2025-08-01 09:50:38 AM,205.9,668,137541.2,19277577.62
2025-08-01 09:50:38 AM,205.75,0,0.0,19277577.62
2025-08-01 09:50:40 AM,205.9,0,0.0,19277577.62
2025-08-01 09:50:41 AM,205.9,105,21619.5,19299197.12
2025-08-01 09:51:13 AM,205.91,0,0.0,19299197.12
2025-08-01 09:51:16 AM,205.91,2,411.82,19299608.94
2025-08-01 09:51:30 AM,205.92,0,0.0,19299608.94
2025-08-01 09:51:30 AM,205.92,50,10296.0,19309904.94
2025-08-01 09:51:43 AM,206.0,25,5150.0,19315054.94
2025-08-01 09:51:50 AM,206.0,4,824.0,19315878.94
2025-08-01 09:51:55 AM,205.92,0,0.0,19315878.94
2025-08-01 09:51:56 AM,205.92,50,10296.0,19326174.94
2025-08-01 09:52:16 AM,205.99,0,0.0,19326174.94
2025-08-01 09:52:18 AM,205.99,50,10299.5,19336474.44
2025-08-01 09:52:21 AM,206.0,1,206.0,19336680.44
2025-08-01 09:52:25 AM,205.99,0,0.0,19336680.44
2025-08-01 09:52:27 AM,205.99,150,30898.5,19367578.94
2025-08-01 09:52:39 AM,206.0,10,2060.0,19369638.94
2025-08-01 09:53:06 AM,206.06,51,10509.06,19380148.0
2025-08-01 09:53:09 AM,206.05,5,1030.25,19381178.25
2025-08-01 09:53:13 AM,206.16,0,0.0,19381178.25
2025-08-01 09:53:15 AM,206.16,50,10308.0,19391486.25
2025-08-01 09:53:25 AM,206.16,36,7421.76,19398908.01
2025-08-01 09:53:41 AM,206.25,0,0.0,19398908.01
2025-08-01 09:53:44 AM,206.25,350,72187.5,19471095.51
2025-08-01 09:53:50 AM,206.25,14,2887.5,19473983.01
2025-08-01 09:53:53 AM,206.3,0,0.0,19473983.01
2025-08-01 09:53:56 AM,206.27,450,92821.5,19566804.51
2025-08-01 09:54:08 AM,206.28,0,0.0,19566804.51
2025-08-01 09:54:08 AM,206.28,23,4744.44,19571548.950000003
2025-08-01 09:54:14 AM,206.24,0,0.0,19571548.950000003
2025-08-01 09:54:15 AM,206.24,24,4949.76,19576498.710000005
2025-08-01 09:54:34 AM,206.24,18,3712.32,19580211.030000005
2025-08-01 09:54:51 AM,206.23,48,9899.039999999999,19590110.070000004
2025-08-01 09:55:06 AM,206.35,0,0.0,19590110.070000004
2025-08-01 09:55:09 AM,206.35,400,82540.0,19672650.070000004
2025-08-01 09:55:15 AM,206.29,0,0.0,19672650.070000004
2025-08-01 09:55:15 AM,206.29,10,2062.9,19674712.970000003
2025-08-01 09:55:22 AM,206.28,0,0.0,19674712.970000003
2025-08-01 09:55:22 AM,206.28,253,52188.840000000004,19726901.810000002
2025-08-01 09:55:29 AM,206.32,0,0.0,19726901.810000002
2025-08-01 09:55:33 AM,206.32,73,15061.359999999999,19741963.17
2025-08-01 09:55:34 AM,206.4,200,41280.0,19783243.17
2025-08-01 09:55:39 AM,206.44,500,103220.0,19886463.17
2025-08-01 09:55:40 AM,206.26,8,1650.08,19888113.25
2025-08-01 09:55:54 AM,206.12,0,0.0,19888113.25
2025-08-01 09:55:57 AM,206.12,500,103060.0,19991173.25
2025-08-01 09:56:08 AM,206.1,0,0.0,19991173.25
2025-08-01 09:56:09 AM,206.23,0,0.0,19991173.25
2025-08-01 09:56:09 AM,206.23,400,82492.0,20073665.25
2025-08-01 09:56:11 AM,206.1,0,0.0,20073665.25
2025-08-01 09:56:15 AM,206.1,100,20610.0,20094275.25
2025-08-01 09:56:27 AM,206.1,2,412.2,20094687.45
2025-08-01 09:56:28 AM,206.25,145,29906.25,20124593.7
2025-08-01 09:57:09 AM,206.1,1600,329760.0,20454353.7
2025-08-01 09:57:11 AM,206.1,200,41220.0,20495573.7
2025-08-01 09:57:15 AM,206.1,600,123660.0,20619233.7
2025-08-01 09:57:17 AM,206.1,300,61830.0,20681063.7
2025-08-01 09:57:20 AM,206.18,0,0.0,20681063.7
2025-08-01 09:57:21 AM,206.18,150,30927.0,20711990.7
2025-08-01 09:58:11 AM,206.1,100,20610.0,20732600.7
2025-08-01 09:58:13 AM,205.66,0,0.0,20732600.7
2025-08-01 09:58:15 AM,205.87,616,126815.92,20859416.62
2025-08-01 09:58:17 AM,206.0,0,0.0,20859416.62
2025-08-01 09:58:17 AM,206.01,500,103005.0,20962421.62
2025-08-01 09:58:21 AM,206.1,0,0.0,20962421.62
2025-08-01 09:58:21 AM,206.1,300,61830.0,21024251.62
2025-08-01 09:58:27 AM,206.1,270,55647.0,21079898.62
2025-08-01 09:58:29 AM,206.22,0,0.0,21079898.62
2025-08-01 09:58:29 AM,206.22,101,20828.22,21100726.84
2025-08-01 09:58:33 AM,206.24,0,0.0,21100726.84
2025-08-01 09:58:33 AM,206.24,62,12786.880000000001,21113513.72
2025-08-01 09:58:45 AM,206.1,0,0.0,21113513.72
2025-08-01 09:58:45 AM,206.1,26,5358.599999999999,21118872.32
2025-08-01 09:58:51 AM,206.1,100,20610.0,21139482.32
2025-08-01 09:59:31 AM,206.1,1,206.1,21139688.42
2025-08-01 10:00:08 AM,206.1,4,824.4,21140512.82
2025-08-01 10:00:18 AM,206.1,14,2885.4,21143398.22
2025-08-01 10:00:47 AM,206.1,50,10305.0,21153703.22
2025-08-01 10:00:53 AM,206.1,88,18136.8,21171840.02
2025-08-01 10:00:56 AM,206.01,0,0.0,21171840.02
2025-08-01 10:00:56 AM,206.01,117,24103.17,21195943.19
2025-08-01 10:01:09 AM,206.18,3,618.54,21196561.73
2025-08-01 10:01:17 AM,206.29,0,0.0,21196561.73
2025-08-01 10:01:18 AM,206.29,1842,379986.18,21576547.91
2025-08-01 10:01:26 AM,206.39,0,0.0,21576547.91
2025-08-01 10:01:27 AM,206.39,10,2063.8999999999996,21578611.81
2025-08-01 10:01:33 AM,206.37,0,0.0,21578611.81
2025-08-01 10:01:33 AM,206.37,100,20637.0,21599248.81
2025-08-01 10:01:45 AM,206.49,20,4129.8,21603378.61
2025-08-01 10:01:49 AM,206.5,116,23954.0,21627332.61
2025-08-01 10:01:51 AM,206.65,0,0.0,21627332.61
2025-08-01 10:01:51 AM,206.65,5,1033.25,21628365.86
2025-08-01 10:01:57 AM,206.64,1,206.64,21628572.5
2025-08-01 10:02:01 AM,206.8,1,206.8,21628779.3
2025-08-01 10:02:06 AM,206.83,0,0.0,21628779.3
2025-08-01 10:02:08 AM,206.83,1512,312726.96,21941506.26
2025-08-01 10:02:14 AM,206.67,0,0.0,21941506.26
2025-08-01 10:02:14 AM,206.67,1,206.67,21941712.930000003
2025-08-01 10:02:22 AM,206.67,513,106021.70999999999,22047734.640000004
2025-08-01 10:02:26 AM,206.8,0,0.0,22047734.640000004
2025-08-01 10:02:27 AM,206.8,232,47977.600000000006,22095712.240000006
2025-08-01 10:02:33 AM,206.77,686,141844.22,22237556.460000005
2025-08-01 10:02:35 AM,206.8,0,0.0,22237556.460000005
2025-08-01 10:02:35 AM,206.8,234,48391.200000000004,22285947.660000004
2025-08-01 10:02:39 AM,206.9,0,0.0,22285947.660000004
2025-08-01 10:02:39 AM,206.9,1,206.9,22286154.560000002
2025-08-01 10:02:46 AM,206.9,200,41380.0,22327534.560000002
2025-08-01 10:02:52 AM,206.9,11,2275.9,22329810.46
2025-08-01 10:02:57 AM,206.81,0,0.0,22329810.46
2025-08-01 10:02:59 AM,206.81,87,17992.47,22347802.93
2025-08-01 10:03:00 AM,206.9,1,206.9,22348009.83
2025-08-01 10:03:05 AM,206.9,287,59380.3,22407390.13
2025-08-01 10:03:07 AM,206.89,102,21102.78,22428492.91
2025-08-01 10:03:09 AM,207.0,0,0.0,22428492.91
2025-08-01 10:03:11 AM,206.88,1001,207086.88,22635579.79
2025-08-01 10:03:20 AM,207.0,97,20079.0,22655658.79
2025-08-01 10:03:24 AM,207.17,2,414.34,22656073.13
2025-08-01 10:03:26 AM,207.17,5,1035.85,22657108.98
2025-08-01 10:03:31 AM,207.04,1,207.04,22657316.02
2025-08-01 10:03:33 AM,207.17,36,7458.12,22664774.14
2025-08-01 10:03:39 AM,207.35,113,23430.55,22688204.69
2025-08-01 10:03:49 AM,207.23,0,0.0,22688204.69
2025-08-01 10:03:50 AM,207.23,109,22588.07,22710792.76
2025-08-01 10:03:52 AM,207.24,2,414.48,22711207.240000002
2025-08-01 10:03:53 AM,207.38,0,0.0,22711207.240000002
2025-08-01 10:03:56 AM,207.38,1,207.38,22711414.62
2025-08-01 10:04:02 AM,207.1,225,46597.5,22758012.12
2025-08-01 10:04:04 AM,207.12,10,2071.2,22760083.32
2025-08-01 10:04:13 AM,207.18,0,0.0,22760083.32
2025-08-01 10:04:14 AM,207.0,212,43884.0,22803967.32
2025-08-01 10:04:17 AM,206.82,0,0.0,22803967.32
2025-08-01 10:04:17 AM,206.82,3,620.46,22804587.78
2025-08-01 10:04:27 AM,206.82,28,5790.96,22810378.740000002
2025-08-01 10:04:40 AM,206.96,30,6208.8,22816587.540000003
2025-08-01 10:04:42 AM,206.82,500,103410.0,22919997.540000003
2025-08-01 10:05:19 AM,206.95,50,10347.5,22930345.040000003
2025-08-01 10:05:47 AM,206.82,100,20682.0,22951027.040000003
2025-08-01 10:05:49 AM,206.93,30,6207.900000000001,22957234.94
2025-08-01 10:05:53 AM,206.94,20,4138.8,22961373.740000002
2025-08-01 10:06:11 AM,206.7,0,0.0,22961373.740000002
2025-08-01 10:06:11 AM,206.7,540,111618.0,23072991.740000002
2025-08-01 10:06:13 AM,206.79,100,20679.0,23093670.740000002
2025-08-01 10:06:17 AM,206.8,0,0.0,23093670.740000002
2025-08-01 10:06:17 AM,206.8,100,20680.0,23114350.740000002
2025-08-01 10:06:25 AM,206.8,252,52113.600000000006,23166464.340000004
2025-08-01 10:06:31 AM,206.77,91,18816.07,23185280.410000004
2025-08-01 10:06:37 AM,206.96,161,33320.56,23218600.970000003
2025-08-01 10:06:40 AM,206.74,0,0.0,23218600.970000003
2025-08-01 10:06:41 AM,206.74,202,41761.48,23260362.450000003
2025-08-01 10:06:59 AM,206.8,100,20680.0,23281042.450000003
2025-08-01 10:07:05 AM,206.89,0,0.0,23281042.450000003
2025-08-01 10:07:05 AM,206.89,1,206.89,23281249.340000004
2025-08-01 10:07:07 AM,206.8,42,8685.6,23289934.940000005
2025-08-01 10:07:12 AM,206.8,10,2068.0,23292002.940000005
2025-08-01 10:07:14 AM,206.85,97,20064.45,23312067.390000004
2025-08-01 10:07:16 AM,206.8,0,0.0,23312067.390000004
2025-08-01 10:07:18 AM,206.8,101,20886.800000000003,23332954.190000005
2025-08-01 10:07:24 AM,206.68,87,17981.16,23350935.350000005
2025-08-01 10:07:33 AM,206.82,0,0.0,23350935.350000005
2025-08-01 10:07:36 AM,206.82,10,2068.2,23353003.550000004
2025-08-01 10:07:47 AM,206.86,0,0.0,23353003.550000004
2025-08-01 10:07:49 AM,206.9,401,82966.90000000001,23435970.450000003
2025-08-01 10:07:51 AM,206.9,76,15724.4,23451694.85
2025-08-01 10:08:27 AM,207.19,0,0.0,23451694.85
2025-08-01 10:08:28 AM,207.19,340,70444.6,23522139.450000003
2025-08-01 10:08:29 AM,207.13,0,0.0,23522139.450000003
2025-08-01 10:08:32 AM,207.13,1,207.13,23522346.580000002
2025-08-01 10:08:54 AM,207.09,0,0.0,23522346.580000002
2025-08-01 10:08:56 AM,207.09,100,20709.0,23543055.580000002
2025-08-01 10:09:02 AM,207.1,100,20710.0,23563765.580000002
2025-08-01 10:09:32 AM,207.39,0,0.0,23563765.580000002
2025-08-01 10:09:33 AM,207.39,500,103695.0,23667460.580000002
2025-08-01 10:09:50 AM,207.3,0,0.0,23667460.580000002
2025-08-01 10:09:50 AM,207.3,400,82920.0,23750380.580000002
2025-08-01 10:10:01 AM,207.14,201,41635.14,23792015.720000003
2025-08-01 10:10:17 AM,207.01,900,186309.0,23978324.720000003
2025-08-01 10:10:19 AM,207.02,4,828.08,23979152.8
2025-08-01 10:10:22 AM,207.15,0,0.0,23979152.8
2025-08-01 10:10:23 AM,207.15,1,207.15,23979359.95
2025-08-01 10:10:25 AM,206.92,500,103460.0,24082819.95
2025-08-01 10:10:26 AM,207.19,0,0.0,24082819.95
2025-08-01 10:10:29 AM,207.17,0,0.0,24082819.95
2025-08-01 10:10:29 AM,207.17,229,47441.93,24130261.88
2025-08-01 10:10:32 AM,207.2,0,0.0,24130261.88
2025-08-01 10:10:35 AM,207.2,150,31080.0,24161341.88
2025-08-01 10:10:37 AM,207.2,9,1864.8,24163206.68
2025-08-01 10:10:49 AM,207.2,300,62160.0,24225366.68
2025-08-01 10:11:08 AM,207.28,0,0.0,24225366.68
2025-08-01 10:11:11 AM,207.33,0,0.0,24225366.68
2025-08-01 10:11:11 AM,207.33,293,60747.69,24286114.37
2025-08-01 10:11:12 AM,207.33,14,2902.6200000000003,24289016.990000002
2025-08-01 10:11:23 AM,207.5,0,0.0,24289016.990000002
2025-08-01 10:11:23 AM,207.5,251,52082.5,24341099.490000002
2025-08-01 10:11:26 AM,207.69,0,0.0,24341099.490000002
2025-08-01 10:11:28 AM,207.69,1000,207690.0,24548789.490000002
2025-08-01 10:11:29 AM,207.49,0,0.0,24548789.490000002
2025-08-01 10:11:30 AM,207.49,45,9337.050000000001,24558126.540000003
2025-08-01 10:11:38 AM,207.39,0,0.0,24558126.540000003
2025-08-01 10:11:39 AM,207.39,549,113857.10999999999,24671983.650000002
2025-08-01 10:11:56 AM,207.2,0,0.0,24671983.650000002
2025-08-01 10:11:57 AM,207.2,599,124112.79999999999,24796096.450000003
2025-08-01 10:12:09 AM,207.2,20,4144.0,24800240.450000003
2025-08-01 10:12:10 AM,207.2,10,2072.0,24802312.450000003
2025-08-01 10:12:15 AM,207.04,85,17598.399999999998,24819910.85
2025-08-01 10:12:20 AM,207.21,0,0.0,24819910.85
2025-08-01 10:12:21 AM,207.06,125,25882.5,24845793.35
2025-08-01 10:12:32 AM,207.18,0,0.0,24845793.35
2025-08-01 10:12:32 AM,207.18,1116,231212.88,25077006.23
2025-08-01 10:12:38 AM,207.03,0,0.0,25077006.23
2025-08-01 10:12:38 AM,207.03,1,207.03,25077213.26
2025-08-01 10:12:53 AM,207.18,0,0.0,25077213.26
2025-08-01 10:12:55 AM,207.18,25,5179.5,25082392.76
2025-08-01 10:13:05 AM,207.15,0,0.0,25082392.76
2025-08-01 10:13:07 AM,207.15,3,621.45,25083014.21
2025-08-01 10:13:11 AM,206.9,0,0.0,25083014.21
2025-08-01 10:13:13 AM,206.9,1209,250142.1,25333156.310000002
2025-08-01 10:13:19 AM,206.9,25,5172.5,25338328.810000002
2025-08-01 10:13:25 AM,206.9,1,206.9,25338535.71
2025-08-01 10:13:25 AM,206.85,499,103218.15,25441753.86
2025-08-01 10:13:26 AM,206.9,0,0.0,25441753.86
2025-08-01 10:13:31 AM,206.9,449,92898.1,25534651.96
2025-08-01 10:13:41 AM,206.91,0,0.0,25534651.96
2025-08-01 10:13:43 AM,206.91,1,206.91,25534858.87
2025-08-01 10:14:14 AM,206.9,0,0.0,25534858.87
2025-08-01 10:14:18 AM,206.9,151,31241.9,25566100.77
2025-08-01 10:15:09 AM,206.98,0,0.0,25566100.77
2025-08-01 10:15:09 AM,206.98,85,17593.3,25583694.07
2025-08-01 10:15:52 AM,206.98,20,4139.599999999999,25587833.67
2025-08-01 10:16:11 AM,206.9,0,0.0,25587833.67
2025-08-01 10:16:15 AM,206.9,831,171933.9,25759767.57
2025-08-01 10:16:26 AM,206.9,100,20690.0,25780457.57
2025-08-01 10:16:52 AM,207.0,0,0.0,25780457.57
2025-08-01 10:16:55 AM,207.0,155,32085.0,25812542.57
2025-08-01 10:18:16 AM,206.9,0,0.0,25812542.57
2025-08-01 10:18:16 AM,206.9,200,41380.0,25853922.57
2025-08-01 10:18:33 AM,206.9,847,175244.30000000002,26029166.87
2025-08-01 10:18:42 AM,206.96,0,0.0,26029166.87
2025-08-01 10:18:45 AM,206.96,1904,394051.84,26423218.71
2025-08-01 10:18:48 AM,207.0,0,0.0,26423218.71
2025-08-01 10:18:50 AM,207.0,3583,741681.0,27164899.71
2025-08-01 10:19:18 AM,206.89,0,0.0,27164899.71
2025-08-01 10:19:19 AM,206.89,3534,731149.26,27896048.970000003
2025-08-01 10:19:36 AM,206.8,0,0.0,27896048.970000003
2025-08-01 10:19:36 AM,206.8,1099,227273.2,28123322.17
2025-08-01 10:20:15 AM,206.93,0,0.0,28123322.17
2025-08-01 10:20:15 AM,206.93,52,10760.36,28134082.53
2025-08-01 10:20:35 AM,206.93,151,31246.43,28165328.96
2025-08-01 10:20:53 AM,206.93,40,8277.2,28173606.16
2025-08-01 10:20:57 AM,207.0,0,0.0,28173606.16
2025-08-01 10:20:57 AM,207.0,309,63963.0,28237569.16
2025-08-01 10:21:08 AM,207.06,5,1035.3,28238604.46
2025-08-01 10:21:10 AM,207.07,40,8282.8,28246887.26
2025-08-01 10:21:30 AM,207.07,23,4762.61,28251649.87
2025-08-01 10:21:35 AM,206.98,0,0.0,28251649.87
2025-08-01 10:21:35 AM,206.98,95,19663.1,28271312.970000003
2025-08-01 10:21:37 AM,206.95,116,24006.199999999997,28295319.17
2025-08-01 10:21:41 AM,206.9,0,0.0,28295319.17
2025-08-01 10:21:41 AM,206.9,250,51725.0,28347044.17
2025-08-01 10:21:44 AM,206.95,0,0.0,28347044.17
2025-08-01 10:21:47 AM,206.92,89,18415.879999999997,28365460.05
2025-08-01 10:22:09 AM,207.07,67,13873.689999999999,28379333.740000002
2025-08-01 10:22:21 AM,207.07,5,1035.35,28380369.090000004
2025-08-01 10:22:23 AM,207.07,2,414.14,28380783.230000004
2025-08-01 10:23:01 AM,207.0,0,0.0,28380783.230000004
2025-08-01 10:23:03 AM,207.0,1,207.0,28380990.230000004
2025-08-01 10:23:19 AM,207.26,0,0.0,28380990.230000004
2025-08-01 10:23:20 AM,207.26,2000,414520.0,28795510.230000004
2025-08-01 10:23:34 AM,207.07,0,0.0,28795510.230000004
2025-08-01 10:23:34 AM,207.07,5,1035.35,28796545.580000006
2025-08-01 10:23:54 AM,207.07,2,414.14,28796959.720000006
2025-08-01 10:24:13 AM,207.06,0,0.0,28796959.720000006
2025-08-01 10:24:13 AM,207.06,11,2277.66,28799237.380000006
2025-08-01 10:24:24 AM,207.06,43,8903.58,28808140.960000005
2025-08-01 10:24:44 AM,207.06,100,20706.0,28828846.960000005
2025-08-01 10:24:46 AM,207.06,50,10353.0,28839199.960000005
2025-08-01 10:25:03 AM,206.95,300,62085.0,28901284.960000005
2025-08-01 10:25:06 AM,207.16,0,0.0,28901284.960000005
2025-08-01 10:25:06 AM,207.16,10,2071.6,28903356.560000006
2025-08-01 10:25:35 AM,207.2,0,0.0,28903356.560000006
2025-08-01 10:25:35 AM,207.2,100,20720.0,28924076.560000006
2025-08-01 10:25:48 AM,207.25,0,0.0,28924076.560000006
2025-08-01 10:25:48 AM,207.25,50,10362.5,28934439.060000006
2025-08-01 10:25:50 AM,207.21,0,0.0,28934439.060000006
2025-08-01 10:25:51 AM,207.21,2,414.42,28934853.480000008
2025-08-01 10:26:17 AM,207.22,0,0.0,28934853.480000008
2025-08-01 10:26:19 AM,207.22,5,1036.1,28935889.58000001
2025-08-01 10:26:38 AM,207.23,0,0.0,28935889.58000001
2025-08-01 10:26:39 AM,207.23,12,2486.7599999999998,28938376.34000001
2025-08-01 10:26:42 AM,207.21,0,0.0,28938376.34000001
2025-08-01 10:26:42 AM,207.21,300,62163.0,29000539.34000001
2025-08-01 10:26:48 AM,207.22,0,0.0,29000539.34000001
2025-08-01 10:26:48 AM,207.22,5,1036.1,29001575.440000013
2025-08-01 10:27:19 AM,207.2,2,414.4,29001989.84000001
2025-08-01 10:27:43 AM,207.3,100,20730.0,29022719.84000001
2025-08-01 10:28:11 AM,207.3,34,7048.200000000001,29029768.04000001
2025-08-01 10:28:13 AM,207.3,171,35448.3,29065216.34000001
2025-08-01 10:28:21 AM,207.45,0,0.0,29065216.34000001
2025-08-01 10:28:21 AM,207.45,29,6016.049999999999,29071232.39000001
2025-08-01 10:28:33 AM,207.3,0,0.0,29071232.39000001
2025-08-01 10:28:33 AM,207.3,30,6219.0,29077451.39000001
2025-08-01 10:29:12 AM,207.3,95,19693.5,29097144.89000001
2025-08-01 10:29:14 AM,207.3,5,1036.5,29098181.39000001
2025-08-01 10:29:23 AM,207.1,1200,248520.0,29346701.39000001
2025-08-01 10:29:30 AM,207.34,0,0.0,29346701.39000001
2025-08-01 10:29:31 AM,207.34,2,414.68,29347116.07000001
2025-08-01 10:29:34 AM,207.4,0,0.0,29347116.07000001
2025-08-01 10:29:34 AM,207.4,200,41480.0,29388596.07000001
2025-08-01 10:29:44 AM,207.18,0,0.0,29388596.07000001
2025-08-01 10:29:45 AM,207.18,100,20718.0,29409314.07000001
2025-08-01 10:30:49 AM,207.31,0,0.0,29409314.07000001
2025-08-01 10:30:50 AM,207.31,1,207.31,29409521.38000001
2025-08-01 10:31:56 AM,207.31,30,6219.3,29415740.68000001
2025-08-01 10:32:06 AM,207.31,50,10365.5,29426106.18000001
2025-08-01 10:32:16 AM,207.31,100,20731.0,29446837.18000001
2025-08-01 10:32:26 AM,207.31,2,414.62,29447251.800000012
2025-08-01 10:32:32 AM,207.24,0,0.0,29447251.800000012
2025-08-01 10:32:32 AM,207.24,38,7875.120000000001,29455126.920000013
2025-08-01 10:33:01 AM,207.19,50,10359.5,29465486.420000013
2025-08-01 10:34:54 AM,207.31,618,128117.58,29593604.00000001
2025-08-01 10:35:08 AM,207.46,1,207.46,29593811.460000012
2025-08-01 10:35:11 AM,207.46,5,1037.3,29594848.760000013
2025-08-01 10:35:42 AM,207.46,2,414.92,29595263.680000015
2025-08-01 10:35:51 AM,207.34,0,0.0,29595263.680000015
2025-08-01 10:35:53 AM,207.34,10,2073.4,29597337.080000013
2025-08-01 10:36:21 AM,207.51,300,62253.0,29659590.080000013
2025-08-01 10:36:42 AM,207.3,0,0.0,29659590.080000013
2025-08-01 10:36:43 AM,207.3,129,26741.7,29686331.780000012
2025-08-01 10:37:32 AM,207.44,4,829.76,29687161.540000014
2025-08-01 10:37:34 AM,207.52,0,0.0,29687161.540000014
2025-08-01 10:37:35 AM,207.52,250,51880.0,29739041.540000014
2025-08-01 10:38:13 AM,207.44,0,0.0,29739041.540000014
2025-08-01 10:38:13 AM,207.44,1,207.44,29739248.980000015
2025-08-01 10:38:16 AM,207.3,0,0.0,29739248.980000015
2025-08-01 10:38:16 AM,207.3,179,37106.700000000004,29776355.680000015
2025-08-01 10:39:31 AM,207.22,25,5180.5,29781536.180000015
2025-08-01 10:40:00 AM,207.21,0,0.0,29781536.180000015
2025-08-01 10:40:01 AM,207.21,13,2693.73,29784229.910000015
2025-08-01 10:40:23 AM,207.15,2253,466708.95,30250938.860000014
2025-08-01 10:40:33 AM,207.14,0,0.0,30250938.860000014
2025-08-01 10:40:34 AM,207.14,30,6214.2,30257153.060000014
2025-08-01 10:41:03 AM,207.0,0,0.0,30257153.060000014
2025-08-01 10:41:04 AM,207.0,16,3312.0,30260465.060000014
2025-08-01 10:41:06 AM,207.17,0,0.0,30260465.060000014
2025-08-01 10:41:08 AM,207.17,10,2071.7,30262536.760000013
2025-08-01 10:43:54 AM,206.81,0,0.0,30262536.760000013
2025-08-01 10:43:55 AM,206.87,2163,447459.81,30709996.57000001
2025-08-01 10:44:05 AM,206.9,1200,248280.0,30958276.57000001
2025-08-01 10:44:48 AM,207.07,0,0.0,30958276.57000001
2025-08-01 10:44:49 AM,207.07,8,1656.56,30959933.13000001
2025-08-01 10:45:08 AM,207.07,10,2070.7,30962003.83000001
2025-08-01 10:45:28 AM,206.92,0,0.0,30962003.83000001
2025-08-01 10:45:30 AM,206.92,80,16553.6,30978557.43000001
2025-08-01 10:46:27 AM,207.16,350,72506.0,31051063.43000001
2025-08-01 10:46:31 AM,206.92,0,0.0,31051063.43000001
2025-08-01 10:46:31 AM,206.92,298,61662.159999999996,31112725.59000001
2025-08-01 10:46:38 AM,206.92,15,3103.7999999999997,31115829.39000001
2025-08-01 10:46:58 AM,206.91,20,4138.2,31119967.59000001
2025-08-01 10:47:20 AM,206.91,13,2689.83,31122657.42000001
2025-08-01 10:47:25 AM,206.9,129,26690.100000000002,31149347.52000001
2025-08-01 10:47:33 AM,206.9,100,20690.0,31170037.52000001
2025-08-01 10:47:38 AM,206.91,0,0.0,31170037.52000001
2025-08-01 10:47:38 AM,206.91,100,20691.0,31190728.52000001
2025-08-01 10:47:44 AM,206.91,4,827.64,31191556.16000001
2025-08-01 10:47:45 AM,206.9,0,0.0,31191556.16000001
2025-08-01 10:47:47 AM,206.9,31,6413.900000000001,31197970.06000001
2025-08-01 10:48:05 AM,206.9,1,206.9,31198176.96000001
2025-08-01 10:48:47 AM,206.83,0,0.0,31198176.96000001
2025-08-01 10:48:48 AM,206.83,20,4136.6,31202313.56000001
2025-08-01 10:49:01 AM,206.9,0,0.0,31202313.56000001
2025-08-01 10:49:03 AM,206.9,1,206.9,31202520.46000001
2025-08-01 10:49:08 AM,206.85,0,0.0,31202520.46000001
2025-08-01 10:49:09 AM,206.9,596,123312.40000000001,31325832.860000007
2025-08-01 10:49:10 AM,206.91,17,3517.47,31329350.330000006
2025-08-01 10:49:13 AM,207.1,0,0.0,31329350.330000006
2025-08-01 10:49:14 AM,207.1,500,103550.0,31432900.330000006
2025-08-01 10:49:18 AM,206.81,0,0.0,31432900.330000006
2025-08-01 10:49:19 AM,206.81,350,72383.5,31505283.830000006
2025-08-01 10:49:55 AM,206.84,0,0.0,31505283.830000006
2025-08-01 10:49:57 AM,206.84,130,26889.2,31532173.030000005
2025-08-01 10:50:01 AM,206.85,0,0.0,31532173.030000005
2025-08-01 10:50:02 AM,206.85,25,5171.25,31537344.280000005
2025-08-01 10:50:22 AM,207.06,0,0.0,31537344.280000005
2025-08-01 10:50:25 AM,207.06,200,41412.0,31578756.280000005
2025-08-01 10:50:37 AM,206.82,200,41364.0,31620120.280000005
2025-08-01 10:50:44 AM,207.05,0,0.0,31620120.280000005
2025-08-01 10:50:47 AM,207.05,100,20705.0,31640825.280000005
2025-08-01 10:50:57 AM,206.74,0,0.0,31640825.280000005
2025-08-01 10:50:59 AM,206.74,400,82696.0,31723521.280000005
2025-08-01 10:51:14 AM,206.78,0,0.0,31723521.280000005
2025-08-01 10:51:16 AM,206.78,100,20678.0,31744199.280000005
2025-08-01 10:51:26 AM,206.94,0,0.0,31744199.280000005
2025-08-01 10:51:26 AM,206.94,4,827.76,31745027.040000007
2025-08-01 10:51:46 AM,206.82,0,0.0,31745027.040000007
2025-08-01 10:51:48 AM,206.82,10,2068.2,31747095.240000006
2025-08-01 10:52:15 AM,206.82,5,1034.1,31748129.340000007
2025-08-01 10:53:56 AM,206.9,0,0.0,31748129.340000007
2025-08-01 10:53:56 AM,206.9,25,5172.5,31753301.840000007
2025-08-01 10:55:00 AM,206.72,0,0.0,31753301.840000007
2025-08-01 10:55:00 AM,206.72,550,113696.0,31866997.840000007
2025-08-01 10:55:52 AM,206.88,0,0.0,31866997.840000007
2025-08-01 10:55:54 AM,206.88,1,206.88,31867204.720000006
2025-08-01 10:56:20 AM,206.9,0,0.0,31867204.720000006
2025-08-01 10:56:20 AM,206.9,10,2069.0,31869273.720000006
2025-08-01 10:56:27 AM,206.9,5,1034.5,31870308.220000006
2025-08-01 10:56:41 AM,206.9,100,20690.0,31890998.220000006
2025-08-01 10:57:14 AM,206.9,20,4138.0,31895136.220000006
2025-08-01 10:57:18 AM,206.9,5,1034.5,31896170.720000006
2025-08-01 10:58:01 AM,206.9,8,1655.2,31897825.920000006
2025-08-01 10:59:16 AM,206.9,3,620.7,31898446.620000005
2025-08-01 10:59:18 AM,206.88,0,0.0,31898446.620000005
2025-08-01 10:59:20 AM,206.88,100,20688.0,31919134.620000005
2025-08-01 10:59:25 AM,206.9,907,187658.30000000002,32106792.920000006
2025-08-01 10:59:41 AM,206.9,10,2069.0,32108861.920000006
2025-08-01 11:00:03 AM,207.0,5,1035.0,32109896.920000006
2025-08-01 11:00:10 AM,206.78,500,103390.0,32213286.920000006
2025-08-01 11:00:26 AM,206.89,20,4137.799999999999,32217424.720000006
2025-08-01 11:00:29 AM,206.99,0,0.0,32217424.720000006
2025-08-01 11:00:32 AM,206.99,1,206.99,32217631.710000005
2025-08-01 11:01:01 AM,207.12,0,0.0,32217631.710000005
2025-08-01 11:01:03 AM,207.12,1407,291417.84,32509049.550000004
2025-08-01 11:01:29 AM,207.36,0,0.0,32509049.550000004
2025-08-01 11:01:30 AM,207.36,22,4561.92,32513611.470000006
2025-08-01 11:01:57 AM,207.16,0,0.0,32513611.470000006
2025-08-01 11:01:57 AM,207.16,436,90321.76,32603933.230000008
2025-08-01 11:02:09 AM,207.33,0,0.0,32603933.230000008
2025-08-01 11:02:11 AM,207.33,1000,207330.0,32811263.230000008
2025-08-01 11:02:31 AM,207.12,0,0.0,32811263.230000008
2025-08-01 11:02:34 AM,207.12,5,1035.6,32812298.83000001
2025-08-01 11:03:05 AM,207.12,74,15326.880000000001,32827625.71000001
2025-08-01 11:03:17 AM,207.09,0,0.0,32827625.71000001
2025-08-01 11:03:17 AM,207.09,1,207.09,32827832.80000001
2025-08-01 11:03:27 AM,207.1,0,0.0,32827832.80000001
2025-08-01 11:03:28 AM,207.1,6,1242.6,32829075.40000001
2025-08-01 11:04:24 AM,207.1,1,207.1,32829282.50000001
2025-08-01 11:04:29 AM,207.1,15,3106.5,32832389.00000001
2025-08-01 11:04:36 AM,206.98,7,1448.86,32833837.86000001
2025-08-01 11:05:36 AM,207.09,0,0.0,32833837.86000001
2025-08-01 11:05:38 AM,207.09,1,207.09,32834044.95000001
2025-08-01 11:06:06 AM,207.09,240,49701.6,32883746.550000012
2025-08-01 11:06:42 AM,207.0,8,1656.0,32885402.550000012
2025-08-01 11:06:57 AM,207.09,1,207.09,32885609.64000001
2025-08-01 11:06:58 AM,207.0,0,0.0,32885609.64000001
2025-08-01 11:06:59 AM,207.0,12,2484.0,32888093.64000001
2025-08-01 11:07:52 AM,206.9,5,1034.5,32889128.14000001
2025-08-01 11:08:13 AM,206.9,38,7862.2,32896990.34000001
2025-08-01 11:08:33 AM,206.9,244,50483.6,32947473.940000013
2025-08-01 11:08:51 AM,206.9,1,206.9,32947680.84000001
2025-08-01 11:08:59 AM,206.96,0,0.0,32947680.84000001
2025-08-01 11:09:00 AM,207.0,1554,321678.0,33269358.84000001
2025-08-01 11:09:03 AM,207.0,413,85491.0,33354849.84000001
2025-08-01 11:09:03 AM,206.72,0,0.0,33354849.84000001
2025-08-01 11:09:06 AM,206.72,34,7028.48,33361878.32000001
2025-08-01 11:09:19 AM,206.68,0,0.0,33361878.32000001
2025-08-01 11:09:20 AM,206.68,2,413.36,33362291.68000001
2025-08-01 11:09:24 AM,206.69,0,0.0,33362291.68000001
2025-08-01 11:09:26 AM,206.69,40,8267.6,33370559.280000012
2025-08-01 11:09:34 AM,206.53,0,0.0,33370559.280000012
2025-08-01 11:09:34 AM,206.53,82,16935.46,33387494.740000013
2025-08-01 11:09:40 AM,206.5,0,0.0,33387494.740000013
2025-08-01 11:09:41 AM,206.85,4136,855531.6,34243026.34000001
2025-08-01 11:09:42 AM,206.86,0,0.0,34243026.34000001
2025-08-01 11:09:45 AM,206.86,1,206.86,34243233.20000001
2025-08-01 11:10:30 AM,206.99,0,0.0,34243233.20000001
2025-08-01 11:10:33 AM,206.99,48,9935.52,34253168.72000001
2025-08-01 11:11:55 AM,206.85,35,7239.75,34260408.47000001
2025-08-01 11:13:54 AM,206.85,250,51712.5,34312120.97000001
2025-08-01 11:14:41 AM,206.85,722,149345.69999999998,34461466.67000002
2025-08-01 11:14:42 AM,206.85,21,4343.849999999999,34465810.52000002
2025-08-01 11:15:03 AM,206.99,40,8279.6,34474090.12000002
2025-08-01 11:15:23 AM,207.0,0,0.0,34474090.12000002
2025-08-01 11:15:24 AM,207.01,148,30637.48,34504727.60000002
2025-08-01 11:16:06 AM,207.0,21,4347.0,34509074.60000002
2025-08-01 11:16:11 AM,207.0,29,6003.0,34515077.60000002
2025-08-01 11:16:12 AM,207.19,116,24034.04,34539111.640000015
2025-08-01 11:16:47 AM,207.23,0,0.0,34539111.640000015
2025-08-01 11:16:47 AM,207.23,60,12433.8,34551545.44000001
2025-08-01 11:16:53 AM,207.23,1,207.23,34551752.67000001
2025-08-01 11:16:55 AM,207.24,22,4559.280000000001,34556311.95000001
2025-08-01 11:17:03 AM,207.25,0,0.0,34556311.95000001
2025-08-01 11:17:04 AM,207.25,1,207.25,34556519.20000001
2025-08-01 11:17:48 AM,207.31,18,3731.58,34560250.78000001
2025-08-01 11:18:00 AM,207.15,0,0.0,34560250.78000001
2025-08-01 11:18:02 AM,207.15,180,37287.0,34597537.78000001
2025-08-01 11:18:06 AM,207.02,0,0.0,34597537.78000001
2025-08-01 11:18:08 AM,207.02,146,30224.920000000002,34627762.70000001
2025-08-01 11:18:13 AM,206.88,0,0.0,34627762.70000001
2025-08-01 11:18:13 AM,206.88,20,4137.6,34631900.30000001
2025-08-01 11:18:27 AM,207.02,0,0.0,34631900.30000001
2025-08-01 11:18:30 AM,207.02,100,20702.0,34652602.30000001
2025-08-01 11:19:28 AM,207.12,0,0.0,34652602.30000001
2025-08-01 11:19:32 AM,207.1,0,0.0,34652602.30000001
2025-08-01 11:19:32 AM,207.1,600,124260.0,34776862.30000001
2025-08-01 11:20:50 AM,207.03,0,0.0,34776862.30000001
2025-08-01 11:20:51 AM,207.03,5,1035.15,34777897.45000001
2025-08-01 11:20:55 AM,207.1,0,0.0,34777897.45000001
2025-08-01 11:20:56 AM,207.1,1,207.1,34778104.55000001
2025-08-01 11:21:14 AM,207.03,0,0.0,34778104.55000001
2025-08-01 11:21:15 AM,206.85,0,0.0,34778104.55000001
2025-08-01 11:21:18 AM,206.85,96,19857.6,34797962.15000001
2025-08-01 11:21:26 AM,206.86,0,0.0,34797962.15000001
2025-08-01 11:21:28 AM,206.86,1,206.86,34798169.01000001
2025-08-01 11:22:09 AM,206.86,46,9515.560000000001,34807684.570000015
2025-08-01 11:23:02 AM,206.9,0,0.0,34807684.570000015
2025-08-01 11:23:02 AM,206.9,39,8069.1,34815753.67000002
2025-08-01 11:23:45 AM,207.07,25,5176.75,34820930.42000002
2025-08-01 11:23:56 AM,207.04,0,0.0,34820930.42000002
2025-08-01 11:23:59 AM,207.04,1033,213872.31999999998,35034802.74000002
2025-08-01 11:24:01 AM,207.05,0,0.0,35034802.74000002
2025-08-01 11:24:04 AM,207.05,250,51762.5,35086565.24000002
2025-08-01 11:24:09 AM,207.05,50,10352.5,35096917.74000002
2025-08-01 11:24:33 AM,207.1,0,0.0,35096917.74000002
2025-08-01 11:24:36 AM,207.1,25,5177.5,35102095.24000002
2025-08-01 11:24:42 AM,207.05,0,0.0,35102095.24000002
2025-08-01 11:24:46 AM,207.05,172,35612.6,35137707.84000002
2025-08-01 11:25:08 AM,207.05,50,10352.5,35148060.34000002
2025-08-01 11:25:45 AM,207.05,15,3105.75,35151166.09000002
2025-08-01 11:26:14 AM,207.21,0,0.0,35151166.09000002
2025-08-01 11:26:15 AM,207.21,100,20721.0,35171887.09000002
2025-08-01 11:26:30 AM,207.22,5,1036.1,35172923.19000002
2025-08-01 11:26:39 AM,207.06,0,0.0,35172923.19000002
2025-08-01 11:26:41 AM,207.06,20,4141.2,35177064.39000002
2025-08-01 11:27:19 AM,207.19,0,0.0,35177064.39000002
2025-08-01 11:27:21 AM,207.19,200,41438.0,35218502.39000002
2025-08-01 11:27:53 AM,207.18,0,0.0,35218502.39000002
2025-08-01 11:27:54 AM,207.18,1,207.18,35218709.57000002
2025-08-01 11:28:56 AM,207.08,0,0.0,35218709.57000002
2025-08-01 11:28:58 AM,207.08,31,6419.4800000000005,35225129.05000002
2025-08-01 11:29:05 AM,207.05,0,0.0,35225129.05000002
2025-08-01 11:29:06 AM,207.05,100,20705.0,35245834.05000002
2025-08-01 11:29:08 AM,207.05,19,3933.9500000000003,35249768.00000002
2025-08-01 11:29:14 AM,207.05,200,41410.0,35291178.00000002
2025-08-01 11:29:25 AM,207.17,0,0.0,35291178.00000002
2025-08-01 11:29:25 AM,207.17,10,2071.7,35293249.700000025
2025-08-01 11:29:33 AM,207.05,0,0.0,35293249.700000025
2025-08-01 11:29:33 AM,207.05,3,621.1500000000001,35293870.850000024
2025-08-01 11:29:51 AM,206.95,0,0.0,35293870.850000024
2025-08-01 11:29:51 AM,206.95,510,105544.5,35399415.350000024
2025-08-01 11:32:26 AM,207.19,0,0.0,35399415.350000024
2025-08-01 11:32:27 AM,207.19,7,1450.33,35400865.68000002
2025-08-01 11:33:37 AM,207.13,0,0.0,35400865.68000002
2025-08-01 11:33:39 AM,207.13,1,207.13,35401072.810000025
2025-08-01 11:34:17 AM,207.19,0,0.0,35401072.810000025
2025-08-01 11:34:20 AM,207.19,10,2071.9,35403144.71000002
2025-08-01 11:34:57 AM,207.08,30,6212.400000000001,35409357.11000002
2025-08-01 11:35:09 AM,207.19,0,0.0,35409357.11000002
2025-08-01 11:35:13 AM,207.19,45,9323.55,35418680.66000002
2025-08-01 11:35:53 AM,207.21,0,0.0,35418680.66000002
2025-08-01 11:35:55 AM,207.21,100,20721.0,35439401.66000002
2025-08-01 11:36:51 AM,207.27,0,0.0,35439401.66000002
2025-08-01 11:36:52 AM,207.27,55,11399.85,35450801.51000002
2025-08-01 11:37:10 AM,207.05,0,0.0,35450801.51000002
2025-08-01 11:37:13 AM,207.05,500,103525.0,35554326.51000002
2025-08-01 11:38:46 AM,207.05,200,41410.0,35595736.51000002
2025-08-01 11:38:55 AM,207.05,150,31057.5,35626794.01000002
2025-08-01 11:39:25 AM,206.94,0,0.0,35626794.01000002
2025-08-01 11:39:25 AM,206.94,4072,842659.6799999999,36469453.69000002
2025-08-01 11:39:27 AM,207.05,1000,207050.0,36676503.69000002
2025-08-01 11:39:30 AM,207.05,384,79507.20000000001,36756010.89000002
2025-08-01 11:39:35 AM,207.05,1618,335006.9,37091017.79000002
2025-08-01 11:39:37 AM,207.05,826,171023.30000000002,37262041.09000002
2025-08-01 11:39:51 AM,207.0,0,0.0,37262041.09000002
2025-08-01 11:39:53 AM,207.0,1001,207207.0,37469248.09000002
2025-08-01 11:39:57 AM,207.05,0,0.0,37469248.09000002
2025-08-01 11:39:58 AM,207.05,19,3933.9500000000003,37473182.04000002
2025-08-01 11:40:02 AM,207.05,50,10352.5,37483534.54000002
2025-08-01 11:40:39 AM,207.2,0,0.0,37483534.54000002
2025-08-01 11:40:39 AM,207.2,15,3108.0,37486642.54000002
2025-08-01 11:41:51 AM,207.09,0,0.0,37486642.54000002
2025-08-01 11:41:54 AM,207.09,260,53843.4,37540485.94000002
2025-08-01 11:42:17 AM,207.0,0,0.0,37540485.94000002
2025-08-01 11:42:19 AM,207.0,485,100395.0,37640880.94000002
2025-08-01 11:42:23 AM,207.26,0,0.0,37640880.94000002
2025-08-01 11:42:25 AM,207.09,464,96089.76,37736970.70000002
2025-08-01 11:42:51 AM,207.3,0,0.0,37736970.70000002
2025-08-01 11:42:51 AM,207.12,0,0.0,37736970.70000002
2025-08-01 11:42:51 AM,207.12,16,3313.92,37740284.62000002
2025-08-01 11:42:59 AM,207.05,0,0.0,37740284.62000002
2025-08-01 11:43:01 AM,207.05,1000,207050.0,37947334.62000002
2025-08-01 11:43:02 AM,207.07,1,207.07,37947541.69000002
2025-08-01 11:43:29 AM,207.07,10,2070.7,37949612.39000002
2025-08-01 11:43:37 AM,206.93,0,0.0,37949612.39000002
2025-08-01 11:43:37 AM,207.05,0,0.0,37949612.39000002
2025-08-01 11:43:39 AM,207.05,2599,538122.9500000001,38487735.340000026
2025-08-01 11:43:39 AM,207.05,145,30022.25,38517757.590000026
2025-08-01 11:43:53 AM,206.66,0,0.0,38517757.590000026
2025-08-01 11:43:54 AM,206.96,7034,1455756.6400000001,39973514.23000003
2025-08-01 11:43:54 AM,207.05,1000,207050.0,40180564.23000003
2025-08-01 11:43:57 AM,206.96,0,0.0,40180564.23000003
2025-08-01 11:43:59 AM,207.05,0,0.0,40180564.23000003
2025-08-01 11:44:00 AM,207.05,6073,1257414.6500000001,41437978.880000025
2025-08-01 11:44:11 AM,207.05,2409,498783.45,41936762.33000003
2025-08-01 11:44:13 AM,206.89,0,0.0,41936762.33000003
2025-08-01 11:44:17 AM,207.05,0,0.0,41936762.33000003
2025-08-01 11:44:17 AM,207.05,1077,222992.85,42159755.18000003
2025-08-01 11:44:36 AM,207.06,0,0.0,42159755.18000003
2025-08-01 11:44:40 AM,207.06,61,12630.66,42172385.840000026
2025-08-01 11:44:46 AM,207.05,531,109943.55,42282329.39000002
2025-08-01 11:44:51 AM,207.05,50,10352.5,42292681.89000002
2025-08-01 11:45:12 AM,207.05,1,207.05,42292888.94000002
2025-08-01 11:45:28 AM,207.01,0,0.0,42292888.94000002
2025-08-01 11:45:28 AM,206.65,8552,1767270.8,44060159.74000002
2025-08-01 11:45:29 AM,206.41,0,0.0,44060159.74000002
2025-08-01 11:45:31 AM,206.09,0,0.0,44060159.74000002
2025-08-01 11:45:34 AM,206.09,673,138698.57,44198858.31000002
2025-08-01 11:46:30 AM,206.32,0,0.0,44198858.31000002
2025-08-01 11:46:32 AM,206.32,550,113476.0,44312334.31000002
2025-08-01 11:46:33 AM,206.09,0,0.0,44312334.31000002
2025-08-01 11:46:37 AM,206.09,5,1030.45,44313364.76000002
2025-08-01 11:47:07 AM,206.28,0,0.0,44313364.76000002
2025-08-01 11:47:09 AM,206.28,3,618.84,44313983.600000024
2025-08-01 11:47:23 AM,206.21,0,0.0,44313983.600000024
2025-08-01 11:47:24 AM,206.21,108,22270.68,44336254.28000002
2025-08-01 11:47:28 AM,206.09,0,0.0,44336254.28000002
2025-08-01 11:47:29 AM,206.09,70,14426.300000000001,44350680.58000002
2025-08-01 11:47:33 AM,205.92,0,0.0,44350680.58000002
2025-08-01 11:47:34 AM,205.92,1530,315057.6,44665738.18000002
2025-08-01 11:47:37 AM,205.9,0,0.0,44665738.18000002
2025-08-01 11:47:39 AM,205.9,14,2882.6,44668620.78000002
2025-08-01 11:47:50 AM,205.9,34,7000.6,44675621.380000025
2025-08-01 11:48:13 AM,205.76,0,0.0,44675621.380000025
2025-08-01 11:48:15 AM,205.76,24,4938.24,44680559.62000003
2025-08-01 11:48:49 AM,205.59,0,0.0,44680559.62000003
2025-08-01 11:48:51 AM,205.59,134,27549.06,44708108.68000003
2025-08-01 11:49:03 AM,205.6,0,0.0,44708108.68000003
2025-08-01 11:49:06 AM,205.6,3,616.8,44708725.48000003
2025-08-01 11:49:23 AM,205.5,0,0.0,44708725.48000003
2025-08-01 11:49:27 AM,205.5,247,50758.5,44759483.98000003
2025-08-01 11:49:29 AM,205.66,0,0.0,44759483.98000003
2025-08-01 11:49:32 AM,205.66,2,411.32,44759895.30000003
2025-08-01 11:49:32 AM,205.49,269,55276.810000000005,44815172.11000003
2025-08-01 11:49:35 AM,205.12,0,0.0,44815172.11000003
2025-08-01 11:49:37 AM,205.12,1878,385215.36,45200387.47000003
2025-08-01 11:49:48 AM,205.18,0,0.0,45200387.47000003
2025-08-01 11:49:48 AM,205.18,55,11284.9,45211672.37000003
2025-08-01 11:49:52 AM,205.35,0,0.0,45211672.37000003
2025-08-01 11:49:53 AM,205.35,35,7187.25,45218859.62000003
2025-08-01 11:50:06 AM,205.53,0,0.0,45218859.62000003
2025-08-01 11:50:08 AM,205.53,500,102765.0,45321624.62000003
2025-08-01 11:50:09 AM,205.45,1,205.45,45321830.07000003
2025-08-01 11:50:19 AM,205.45,92,18901.399999999998,45340731.47000003
2025-08-01 11:50:34 AM,205.5,14,2877.0,45343608.47000003
2025-08-01 11:50:42 AM,205.45,0,0.0,45343608.47000003
2025-08-01 11:50:44 AM,205.45,55,11299.75,45354908.22000003
2025-08-01 11:51:25 AM,205.27,0,0.0,45354908.22000003
2025-08-01 11:51:28 AM,205.1,361,74041.09999999999,45428949.32000003
2025-08-01 11:51:38 AM,205.1,269,55171.9,45484121.22000003
2025-08-01 11:51:44 AM,205.22,0,0.0,45484121.22000003
2025-08-01 11:51:48 AM,205.22,50,10261.0,45494382.22000003
2025-08-01 11:51:58 AM,205.3,0,0.0,45494382.22000003
2025-08-01 11:51:58 AM,205.3,1,205.3,45494587.520000026
2025-08-01 11:52:06 AM,205.36,0,0.0,45494587.520000026
2025-08-01 11:52:08 AM,205.36,2,410.72,45494998.240000024
2025-08-01 11:52:13 AM,205.27,0,0.0,45494998.240000024
2025-08-01 11:52:13 AM,205.27,118,24221.86,45519220.100000024
2025-08-01 11:52:54 AM,205.4,4,821.6,45520041.700000025
2025-08-01 11:53:03 AM,205.28,0,0.0,45520041.700000025
2025-08-01 11:53:04 AM,205.28,23,4721.44,45524763.14000002
2025-08-01 11:53:07 AM,205.25,0,0.0,45524763.14000002
2025-08-01 11:53:09 AM,205.25,111,22782.75,45547545.89000002
2025-08-01 11:53:37 AM,205.12,0,0.0,45547545.89000002
2025-08-01 11:53:40 AM,205.12,4,820.48,45548366.37000002
2025-08-01 11:53:43 AM,205.25,0,0.0,45548366.37000002
2025-08-01 11:53:45 AM,205.25,5,1026.25,45549392.62000002
2025-08-01 11:53:59 AM,205.16,0,0.0,45549392.62000002
2025-08-01 11:54:00 AM,205.16,19,3898.04,45553290.66000002
2025-08-01 11:54:49 AM,205.25,0,0.0,45553290.66000002
2025-08-01 11:54:51 AM,205.25,100,20525.0,45573815.66000002
2025-08-01 11:55:00 AM,205.0,0,0.0,45573815.66000002
2025-08-01 11:55:01 AM,205.0,904,185320.0,45759135.66000002
2025-08-01 11:55:03 AM,205.03,0,0.0,45759135.66000002
2025-08-01 11:55:06 AM,205.03,19,3895.57,45763031.23000002
2025-08-01 11:55:30 AM,205.2,0,0.0,45763031.23000002
2025-08-01 11:55:31 AM,205.2,40,8208.0,45771239.23000002
2025-08-01 11:55:36 AM,205.13,0,0.0,45771239.23000002
2025-08-01 11:55:36 AM,205.2,25,5130.0,45776369.23000002
2025-08-01 11:55:39 AM,205.29,0,0.0,45776369.23000002
2025-08-01 11:55:41 AM,205.29,10,2052.9,45778422.13000002
2025-08-01 11:55:44 AM,205.05,0,0.0,45778422.13000002
2025-08-01 11:55:46 AM,205.05,958,196437.90000000002,45974860.030000016
2025-08-01 11:55:51 AM,205.0,1057,216685.0,46191545.030000016
2025-08-01 11:55:52 AM,205.0,258,52890.0,46244435.030000016
2025-08-01 11:55:53 AM,204.94,0,0.0,46244435.030000016
2025-08-01 11:55:55 AM,204.81,0,0.0,46244435.030000016
2025-08-01 11:55:56 AM,204.81,75,15360.75,46259795.780000016
2025-08-01 11:55:57 AM,204.94,5,1024.7,46260820.48000002
2025-08-01 11:56:12 AM,204.81,0,0.0,46260820.48000002
2025-08-01 11:56:12 AM,204.81,24,4915.4400000000005,46265735.92000002
2025-08-01 11:56:23 AM,204.56,3000,613680.0,46879415.92000002
2025-08-01 11:56:43 AM,204.5,0,0.0,46879415.92000002
2025-08-01 11:56:43 AM,204.5,1000,204500.0,47083915.92000002
2025-08-01 11:57:02 AM,204.53,25,5113.25,47089029.17000002
2025-08-01 11:57:12 AM,204.67,5,1023.3499999999999,47090052.52000002
2025-08-01 11:57:13 AM,204.53,24,4908.72,47094961.24000002
2025-08-01 11:57:31 AM,204.67,0,0.0,47094961.24000002
2025-08-01 11:57:32 AM,204.67,150,30700.499999999996,47125661.74000002
2025-08-01 11:57:51 AM,204.66,0,0.0,47125661.74000002
2025-08-01 11:57:52 AM,204.66,30,6139.8,47131801.540000014
2025-08-01 11:58:13 AM,204.67,1,204.67,47132006.210000016
2025-08-01 11:58:14 AM,204.55,0,0.0,47132006.210000016
2025-08-01 11:58:15 AM,204.55,11,2250.05,47134256.26000001
2025-08-01 11:58:21 AM,204.2,0,0.0,47134256.26000001
2025-08-01 11:58:24 AM,204.2,5832,1190894.4,48325150.66000001
2025-08-01 11:58:26 AM,204.1,0,0.0,48325150.66000001
2025-08-01 11:58:29 AM,204.1,1816,370645.6,48695796.26000001
2025-08-01 11:58:32 AM,204.35,0,0.0,48695796.26000001
2025-08-01 11:58:35 AM,204.35,1000,204350.0,48900146.26000001
2025-08-01 11:58:44 AM,204.2,0,0.0,48900146.26000001
2025-08-01 11:58:45 AM,204.2,25,5105.0,48905251.26000001
2025-08-01 11:58:56 AM,204.2,4,816.8,48906068.06000001
2025-08-01 11:59:17 AM,204.21,50,10210.5,48916278.56000001
2025-08-01 11:59:20 AM,204.2,0,0.0,48916278.56000001
2025-08-01 11:59:22 AM,204.2,601,122724.2,49039002.76000001
2025-08-01 11:59:23 AM,204.21,27,5513.67,49044516.430000015
2025-08-01 11:59:33 AM,204.11,1001,204314.11000000002,49248830.540000014
2025-08-01 11:59:52 AM,204.26,0,0.0,49248830.540000014
2025-08-01 11:59:53 AM,204.26,50,10213.0,49259043.540000014
2025-08-01 12:00:08 PM,204.25,0,0.0,49259043.540000014
2025-08-01 12:00:09 PM,204.25,125,25531.25,49284574.790000014
2025-08-01 12:00:14 PM,204.25,19,3880.75,49288455.540000014
2025-08-01 12:00:24 PM,204.25,30,6127.5,49294583.040000014
2025-08-01 12:00:41 PM,204.36,1,204.36,49294787.40000001
2025-08-01 12:00:44 PM,204.26,0,0.0,49294787.40000001
2025-08-01 12:00:46 PM,204.26,23,4697.98,49299485.38000001
2025-08-01 12:01:25 PM,204.35,5,1021.75,49300507.13000001
2025-08-01 12:01:30 PM,204.29,6,1225.74,49301732.87000001
2025-08-01 12:01:51 PM,204.38,15,3065.7,49304798.570000015
2025-08-01 12:01:55 PM,204.3,0,0.0,49304798.570000015
2025-08-01 12:01:56 PM,204.5,1023,209203.5,49514002.070000015
2025-08-01 12:02:03 PM,204.5,8,1636.0,49515638.070000015
2025-08-01 12:02:13 PM,204.55,50,10227.5,49525865.570000015
2025-08-01 12:02:15 PM,204.55,1,204.55,49526070.12000001
2025-08-01 12:02:17 PM,204.46,0,0.0,49526070.12000001
2025-08-01 12:02:18 PM,204.46,350,71561.0,49597631.12000001
2025-08-01 12:02:33 PM,204.41,0,0.0,49597631.12000001
2025-08-01 12:02:36 PM,204.41,6,1226.46,49598857.58000001
2025-08-01 12:02:36 PM,204.33,0,0.0,49598857.58000001
2025-08-01 12:02:38 PM,204.33,2,408.66,49599266.24000001
2025-08-01 12:03:17 PM,204.3,0,0.0,49599266.24000001
2025-08-01 12:03:17 PM,204.3,41,8376.300000000001,49607642.54000001
2025-08-01 12:03:19 PM,204.36,0,0.0,49607642.54000001
2025-08-01 12:03:21 PM,204.36,8,1634.88,49609277.42000001
2025-08-01 12:03:53 PM,204.36,24,4904.64,49614182.06000001
2025-08-01 12:04:05 PM,204.5,0,0.0,49614182.06000001
2025-08-01 12:04:06 PM,204.5,25,5112.5,49619294.56000001
2025-08-01 12:04:17 PM,204.5,1976,404092.0,50023386.56000001
2025-08-01 12:04:20 PM,204.5,46,9407.0,50032793.56000001
2025-08-01 12:04:54 PM,204.51,0,0.0,50032793.56000001
2025-08-01 12:04:55 PM,204.5,574,117383.0,50150176.56000001
2025-08-01 12:04:57 PM,204.5,10,2045.0,50152221.56000001
2025-08-01 12:05:10 PM,204.47,0,0.0,50152221.56000001
2025-08-01 12:05:11 PM,204.47,27,5520.69,50157742.25000001
2025-08-01 12:05:26 PM,204.47,2,408.94,50158151.190000005
2025-08-01 12:05:36 PM,204.47,10,2044.7,50160195.89000001
2025-08-01 12:05:47 PM,204.47,18,3680.46,50163876.35000001
2025-08-01 12:05:56 PM,204.47,20,4089.4,50167965.75000001
2025-08-01 12:06:10 PM,204.36,0,0.0,50167965.75000001
2025-08-01 12:06:12 PM,204.36,390,79700.40000000001,50247666.150000006
2025-08-01 12:06:45 PM,204.52,200,40904.0,50288570.150000006
2025-08-01 12:06:50 PM,204.39,0,0.0,50288570.150000006
2025-08-01 12:06:50 PM,204.39,5,1021.9499999999999,50289592.10000001
2025-08-01 12:06:51 PM,204.39,27,5518.53,50295110.63000001
2025-08-01 12:07:00 PM,204.39,6,1226.34,50296336.97000001
2025-08-01 12:07:41 PM,204.35,19,3882.65,50300219.62000001
2025-08-01 12:08:06 PM,204.35,3,613.05,50300832.67000001
2025-08-01 12:08:14 PM,204.38,0,0.0,50300832.67000001
2025-08-01 12:08:16 PM,204.38,58,11854.039999999999,50312686.71000001
2025-08-01 12:08:26 PM,204.38,3,613.14,50313299.85000001
2025-08-01 12:08:36 PM,204.39,0,0.0,50313299.85000001
2025-08-01 12:08:36 PM,204.39,5,1021.9499999999999,50314321.80000001
2025-08-01 12:08:41 PM,204.39,1,204.39,50314526.19000001
2025-08-01 12:09:01 PM,204.39,8,1635.12,50316161.31000001
2025-08-01 12:09:06 PM,204.39,4,817.56,50316978.87000001
2025-08-01 12:09:14 PM,204.36,0,0.0,50316978.87000001
2025-08-01 12:09:16 PM,204.36,44,8991.84,50325970.710000016
2025-08-01 12:09:36 PM,204.38,1,204.38,50326175.09000002
2025-08-01 12:09:38 PM,204.3,0,0.0,50326175.09000002
2025-08-01 12:09:41 PM,204.3,300,61290.0,50387465.09000002
2025-08-01 12:09:48 PM,204.25,0,0.0,50387465.09000002
2025-08-01 12:09:51 PM,204.25,600,122550.0,50510015.09000002
2025-08-01 12:10:00 PM,204.25,340,69445.0,50579460.09000002
2025-08-01 12:10:02 PM,203.8,0,0.0,50579460.09000002
2025-08-01 12:10:02 PM,203.53,0,0.0,50579460.09000002
2025-08-01 12:10:04 PM,203.74,0,0.0,50579460.09000002
2025-08-01 12:10:06 PM,203.74,14511,2956471.14,53535931.23000002
2025-08-01 12:10:08 PM,203.75,0,0.0,53535931.23000002
2025-08-01 12:10:11 PM,203.75,11,2241.25,53538172.48000002
2025-08-01 12:10:18 PM,203.62,0,0.0,53538172.48000002
2025-08-01 12:10:21 PM,203.62,201,40927.62,53579100.10000002
2025-08-01 12:10:24 PM,203.5,0,0.0,53579100.10000002
2025-08-01 12:10:26 PM,203.5,300,61050.0,53640150.10000002
2025-08-01 12:10:31 PM,203.5,201,40903.5,53681053.60000002
2025-08-01 12:10:46 PM,203.63,0,0.0,53681053.60000002
2025-08-01 12:10:50 PM,203.52,0,0.0,53681053.60000002
2025-08-01 12:10:51 PM,203.52,2718,553167.36,54234220.960000016
2025-08-01 12:10:52 PM,203.73,0,0.0,54234220.960000016
2025-08-01 12:10:56 PM,203.73,1,203.73,54234424.69000001
2025-08-01 12:11:10 PM,203.7,0,0.0,54234424.69000001
2025-08-01 12:11:11 PM,203.7,13,2648.1,54237072.790000014
2025-08-01 12:11:22 PM,203.69,0,0.0,54237072.790000014
2025-08-01 12:11:26 PM,203.69,1,203.69,54237276.48000001
2025-08-01 12:11:36 PM,203.67,5,1018.3499999999999,54238294.83000001
2025-08-01 12:12:06 PM,203.65,0,0.0,54238294.83000001
2025-08-01 12:12:09 PM,203.65,6,1221.9,54239516.73000001
2025-08-01 12:12:12 PM,203.66,0,0.0,54239516.73000001
2025-08-01 12:12:14 PM,203.67,0,0.0,54239516.73000001
2025-08-01 12:12:14 PM,203.67,105,21385.35,54260902.08000001
2025-08-01 12:12:22 PM,203.65,0,0.0,54260902.08000001
2025-08-01 12:12:24 PM,203.65,36,7331.400000000001,54268233.48000001
2025-08-01 12:12:28 PM,203.67,0,0.0,54268233.48000001
2025-08-01 12:12:29 PM,203.67,211,42974.369999999995,54311207.85000001
2025-08-01 12:12:35 PM,203.67,17,3462.39,54314670.24000001
2025-08-01 12:12:44 PM,203.76,0,0.0,54314670.24000001
2025-08-01 12:12:45 PM,203.76,153,31175.28,54345845.52000001
2025-08-01 12:13:15 PM,203.86,25,5096.5,54350942.02000001
2025-08-01 12:13:18 PM,203.97,0,0.0,54350942.02000001
2025-08-01 12:13:20 PM,203.97,476,97089.72,54448031.74000001
2025-08-01 12:13:25 PM,203.99,568,115866.32,54563898.06000001
2025-08-01 12:13:32 PM,204.1,0,0.0,54563898.06000001
2025-08-01 12:13:35 PM,204.1,100,20410.0,54584308.06000001
2025-08-01 12:13:40 PM,204.19,0,0.0,54584308.06000001
2025-08-01 12:13:40 PM,204.19,800,163352.0,54747660.06000001
2025-08-01 12:13:44 PM,203.96,0,0.0,54747660.06000001
2025-08-01 12:13:45 PM,203.96,107,21823.72,54769483.78000001
2025-08-01 12:14:18 PM,204.0,0,0.0,54769483.78000001
2025-08-01 12:14:18 PM,204.02,0,0.0,54769483.78000001
2025-08-01 12:14:20 PM,204.02,526,107314.52,54876798.30000001
2025-08-01 12:14:22 PM,203.96,0,0.0,54876798.30000001
2025-08-01 12:14:25 PM,203.96,10,2039.6000000000001,54878837.90000001
2025-08-01 12:15:10 PM,203.98,0,0.0,54878837.90000001
2025-08-01 12:15:10 PM,203.98,19,3875.62,54882713.52000001
2025-08-01 12:15:41 PM,203.98,23,4691.54,54887405.06000001
2025-08-01 12:16:46 PM,204.01,0,0.0,54887405.06000001
2025-08-01 12:16:50 PM,204.04,0,0.0,54887405.06000001
2025-08-01 12:16:50 PM,204.04,29,5917.16,54893322.220000006
2025-08-01 12:16:56 PM,203.91,1823,371727.93,55265050.150000006
2025-08-01 12:16:58 PM,204.02,0,0.0,55265050.150000006
2025-08-01 12:17:00 PM,203.77,0,0.0,55265050.150000006
2025-08-01 12:17:00 PM,203.77,525,106979.25,55372029.400000006
2025-08-01 12:17:22 PM,203.8,0,0.0,55372029.400000006
2025-08-01 12:17:25 PM,203.8,20,4076.0,55376105.400000006
2025-08-01 12:17:42 PM,203.98,0,0.0,55376105.400000006
2025-08-01 12:17:44 PM,203.98,5,1019.9,55377125.300000004
2025-08-01 12:17:58 PM,204.02,2,408.04,55377533.34
2025-08-01 12:18:04 PM,203.91,0,0.0,55377533.34
2025-08-01 12:18:08 PM,203.91,2,407.82,55377941.160000004
2025-08-01 12:18:22 PM,204.02,0,0.0,55377941.160000004
2025-08-01 12:18:22 PM,204.02,21,4284.42,55382225.580000006
2025-08-01 12:18:27 PM,204.06,100,20406.0,55402631.580000006
2025-08-01 12:18:36 PM,203.99,0,0.0,55402631.580000006
2025-08-01 12:18:37 PM,203.99,18,3671.82,55406303.400000006
2025-08-01 12:18:52 PM,203.92,0,0.0,55406303.400000006
2025-08-01 12:18:52 PM,203.92,5,1019.5999999999999,55407323.00000001
2025-08-01 12:18:54 PM,203.83,0,0.0,55407323.00000001
2025-08-01 12:18:57 PM,203.95,106,21618.699999999997,55428941.70000001
2025-08-01 12:19:04 PM,204.0,0,0.0,55428941.70000001
2025-08-01 12:19:08 PM,204.0,100,20400.0,55449341.70000001
2025-08-01 12:19:13 PM,203.84,22,4484.4800000000005,55453826.18000001
2025-08-01 12:19:14 PM,203.96,0,0.0,55453826.18000001
2025-08-01 12:19:18 PM,203.96,1,203.96,55454030.14000001
2025-08-01 12:19:28 PM,203.96,20,4079.2000000000003,55458109.34000001
2025-08-01 12:19:41 PM,203.94,0,0.0,55458109.34000001
2025-08-01 12:19:43 PM,203.94,49,9993.06,55468102.40000001
2025-08-01 12:19:58 PM,203.94,100,20394.0,55488496.40000001
2025-08-01 12:20:12 PM,203.98,0,0.0,55488496.40000001
2025-08-01 12:20:14 PM,203.98,129,26313.42,55514809.820000015
2025-08-01 12:20:29 PM,203.86,0,0.0,55514809.820000015
2025-08-01 12:20:30 PM,203.86,6,1223.16,55516032.98000001
2025-08-01 12:20:35 PM,203.83,27,5503.410000000001,55521536.39000001
2025-08-01 12:21:10 PM,203.84,0,0.0,55521536.39000001
2025-08-01 12:21:11 PM,203.84,6,1223.04,55522759.43000001
2025-08-01 12:21:13 PM,203.83,0,0.0,55522759.43000001
2025-08-01 12:21:16 PM,203.83,30,6114.900000000001,55528874.330000006
2025-08-01 12:21:31 PM,203.8,0,0.0,55528874.330000006
2025-08-01 12:21:32 PM,203.75,0,0.0,55528874.330000006
2025-08-01 12:21:34 PM,203.75,3141,639978.75,56168853.080000006
2025-08-01 12:21:53 PM,203.7,0,0.0,56168853.080000006
2025-08-01 12:21:53 PM,203.7,1,203.7,56169056.78000001
2025-08-01 12:22:13 PM,203.78,0,0.0,56169056.78000001
2025-08-01 12:22:14 PM,203.78,25,5094.5,56174151.28000001
2025-08-01 12:22:29 PM,203.71,0,0.0,56174151.28000001
2025-08-01 12:22:30 PM,203.71,106,21593.260000000002,56195744.54000001
2025-08-01 12:22:31 PM,203.75,0,0.0,56195744.54000001
2025-08-01 12:22:31 PM,203.75,18,3667.5,56199412.04000001
2025-08-01 12:22:35 PM,203.75,23,4686.25,56204098.29000001
2025-08-01 12:22:37 PM,203.63,0,0.0,56204098.29000001
2025-08-01 12:22:41 PM,203.63,3409,694174.67,56898272.96000001
2025-08-01 12:23:04 PM,203.7,0,0.0,56898272.96000001
2025-08-01 12:23:06 PM,203.7,1000,203700.0,57101972.96000001
2025-08-01 12:23:08 PM,203.6,0,0.0,57101972.96000001
2025-08-01 12:23:11 PM,203.6,29,5904.4,57107877.36000001
2025-08-01 12:23:20 PM,203.6,71,14455.6,57122332.96000001
2025-08-01 12:23:48 PM,203.74,0,0.0,57122332.96000001
2025-08-01 12:23:49 PM,203.74,23,4686.02,57127018.98000001
2025-08-01 12:23:52 PM,203.5,0,0.0,57127018.98000001
2025-08-01 12:23:54 PM,203.5,1766,359381.0,57486399.98000001
2025-08-01 12:23:55 PM,203.49,0,0.0,57486399.98000001
2025-08-01 12:24:00 PM,203.49,10,2034.9,57488434.88000001
2025-08-01 12:24:04 PM,203.5,0,0.0,57488434.88000001
2025-08-01 12:24:05 PM,203.5,7,1424.5,57489859.38000001
2025-08-01 12:24:20 PM,203.5,250,50875.0,57540734.38000001
2025-08-01 12:24:33 PM,203.42,0,0.0,57540734.38000001
2025-08-01 12:24:34 PM,203.42,5,1017.0999999999999,57541751.48000001
2025-08-01 12:24:37 PM,203.36,0,0.0,57541751.48000001
2025-08-01 12:24:39 PM,203.36,99,20132.640000000003,57561884.12000001
2025-08-01 12:24:49 PM,203.36,60,12201.6,57574085.72000001
2025-08-01 12:24:54 PM,203.35,20,4067.0,57578152.72000001
2025-08-01 12:25:04 PM,203.35,65,13217.75,57591370.47000001
2025-08-01 12:25:05 PM,203.49,0,0.0,57591370.47000001
2025-08-01 12:25:08 PM,203.0,0,0.0,57591370.47000001
2025-08-01 12:25:09 PM,203.0,10129,2056187.0,59647557.47000001
2025-08-01 12:25:13 PM,203.06,0,0.0,59647557.47000001
2025-08-01 12:25:14 PM,203.06,125,25382.5,59672939.97000001
2025-08-01 12:25:16 PM,203.07,0,0.0,59672939.97000001
2025-08-01 12:25:19 PM,203.07,5,1015.3499999999999,59673955.320000015
2025-08-01 12:25:30 PM,203.29,15,3049.35,59677004.67000002
2025-08-01 12:25:31 PM,203.19,0,0.0,59677004.67000002
2025-08-01 12:25:34 PM,203.29,0,0.0,59677004.67000002
2025-08-01 12:25:34 PM,203.29,41,8334.89,59685339.56000002
2025-08-01 12:26:03 PM,203.3,0,0.0,59685339.56000002
2025-08-01 12:26:04 PM,203.3,1,203.3,59685542.860000014
2025-08-01 12:26:11 PM,203.19,0,0.0,59685542.860000014
2025-08-01 12:26:15 PM,203.19,1,203.19,59685746.05000001
2025-08-01 12:26:18 PM,203.29,0,0.0,59685746.05000001
2025-08-01 12:26:20 PM,203.29,130,26427.7,59712173.750000015
2025-08-01 12:26:25 PM,203.19,3,609.5699999999999,59712783.320000015
2025-08-01 12:26:28 PM,203.11,0,0.0,59712783.320000015
2025-08-01 12:26:30 PM,203.11,22,4468.42,59717251.74000002
2025-08-01 12:26:34 PM,203.15,0,0.0,59717251.74000002
2025-08-01 12:26:35 PM,203.15,144,29253.600000000002,59746505.34000002
2025-08-01 12:26:45 PM,203.33,200,40666.0,59787171.34000002
2025-08-01 12:26:46 PM,203.17,0,0.0,59787171.34000002
2025-08-01 12:26:48 PM,203.3,0,0.0,59787171.34000002
2025-08-01 12:26:49 PM,203.3,23,4675.900000000001,59791847.24000002
2025-08-01 12:27:12 PM,203.38,0,0.0,59791847.24000002
2025-08-01 12:27:15 PM,203.38,19,3864.22,59795711.460000016
2025-08-01 12:27:21 PM,203.41,2002,407226.82,60202938.280000016
2025-08-01 12:27:33 PM,203.15,0,0.0,60202938.280000016
2025-08-01 12:27:35 PM,203.15,900,182835.0,60385773.280000016
2025-08-01 12:28:02 PM,203.18,0,0.0,60385773.280000016
2025-08-01 12:28:04 PM,203.18,33,6704.9400000000005,60392478.22000001
2025-08-01 12:28:09 PM,203.29,13,2642.77,60395120.99000002
2025-08-01 12:28:20 PM,203.29,2,406.58,60395527.570000015
2025-08-01 12:28:51 PM,203.29,2,406.58,60395934.15000001
2025-08-01 12:28:53 PM,202.8,0,0.0,60395934.15000001
2025-08-01 12:28:54 PM,202.8,3401,689722.8,61085656.95000001
2025-08-01 12:29:03 PM,202.7,0,0.0,61085656.95000001
2025-08-01 12:29:03 PM,202.7,34,6891.799999999999,61092548.75000001
2025-08-01 12:29:06 PM,202.62,0,0.0,61092548.75000001
2025-08-01 12:29:07 PM,202.6,0,0.0,61092548.75000001
2025-08-01 12:29:08 PM,202.6,627,127030.2,61219578.95000001
2025-08-01 12:29:15 PM,202.6,2,405.2,61219984.15000001
2025-08-01 12:29:18 PM,202.6,25,5065.0,61225049.15000001
2025-08-01 12:29:25 PM,202.6,1,202.6,61225251.750000015
2025-08-01 12:29:32 PM,202.6,3,607.8,61225859.55000001
2025-08-01 12:29:34 PM,202.55,245,49624.75,61275484.30000001
2025-08-01 12:29:35 PM,202.54,0,0.0,61275484.30000001
2025-08-01 12:29:37 PM,202.54,17,3443.18,61278927.48000001
2025-08-01 12:29:43 PM,202.6,0,0.0,61278927.48000001
2025-08-01 12:29:44 PM,202.6,15,3039.0,61281966.48000001
2025-08-01 12:29:46 PM,202.64,300,60791.99999999999,61342758.48000001
2025-08-01 12:29:49 PM,202.5,0,0.0,61342758.48000001
2025-08-01 12:29:51 PM,202.5,99,20047.5,61362805.98000001
2025-08-01 12:30:04 PM,202.64,0,0.0,61362805.98000001
2025-08-01 12:30:06 PM,202.5,528,106920.0,61469725.98000001
2025-08-01 12:30:09 PM,202.49,5,1012.45,61470738.430000015
2025-08-01 12:30:28 PM,202.47,0,0.0,61470738.430000015
2025-08-01 12:30:29 PM,202.47,5,1012.35,61471750.780000016
2025-08-01 12:30:32 PM,202.45,0,0.0,61471750.780000016
2025-08-01 12:30:35 PM,202.45,5,1012.25,61472763.030000016
2025-08-01 12:30:40 PM,202.47,0,0.0,61472763.030000016
2025-08-01 12:30:42 PM,202.47,14,2834.58,61475597.610000014
2025-08-01 12:30:45 PM,202.32,32,6474.24,61482071.85000002
2025-08-01 12:30:47 PM,202.47,252,51022.44,61533094.290000014
2025-08-01 12:30:52 PM,202.48,0,0.0,61533094.290000014
2025-08-01 12:30:52 PM,202.48,5,1012.4,61534106.69000001
2025-08-01 12:31:04 PM,202.47,0,0.0,61534106.69000001
2025-08-01 12:31:05 PM,202.47,35,7086.45,61541193.140000015
2025-08-01 12:31:12 PM,202.46,0,0.0,61541193.140000015
2025-08-01 12:31:15 PM,202.5,2233,452182.5,61993375.640000015
2025-08-01 12:31:17 PM,202.5,736,149040.0,62142415.640000015
2025-08-01 12:31:28 PM,202.63,45,9118.35,62151533.99000002
2025-08-01 12:31:30 PM,202.79,0,0.0,62151533.99000002
2025-08-01 12:31:32 PM,202.8,2,405.6,62151939.59000002
2025-08-01 12:31:52 PM,202.85,0,0.0,62151939.59000002
2025-08-01 12:31:53 PM,202.85,20,4057.0,62155996.59000002
2025-08-01 12:32:16 PM,202.86,0,0.0,62155996.59000002
2025-08-01 12:32:20 PM,202.85,44,8925.4,62164921.99000002
2025-08-01 12:32:25 PM,202.85,20,4057.0,62168978.99000002
2025-08-01 12:32:44 PM,202.98,0,0.0,62168978.99000002
2025-08-01 12:32:45 PM,202.98,200,40596.0,62209574.99000002
2025-08-01 12:33:15 PM,202.98,96,19486.079999999998,62229061.070000015
2025-08-01 12:33:16 PM,202.98,20,4059.6,62233120.67000002
2025-08-01 12:33:45 PM,203.08,5,1015.4000000000001,62234136.070000015
2025-08-01 12:33:48 PM,202.85,0,0.0,62234136.070000015
2025-08-01 12:33:50 PM,202.99,1589,322551.11,62556687.180000015
2025-08-01 12:33:52 PM,202.98,0,0.0,62556687.180000015
2025-08-01 12:33:55 PM,202.98,582,118134.36,62674821.540000014
2025-08-01 12:34:04 PM,202.96,0,0.0,62674821.540000014
2025-08-01 12:34:05 PM,202.96,3,608.88,62675430.42000002
2025-08-01 12:34:06 PM,202.94,0,0.0,62675430.42000002
2025-08-01 12:34:10 PM,202.94,5,1014.7,62676445.12000002
2025-08-01 12:34:14 PM,202.81,0,0.0,62676445.12000002
2025-08-01 12:34:15 PM,202.81,2,405.62,62676850.74000002
2025-08-01 12:34:16 PM,202.7,0,0.0,62676850.74000002
2025-08-01 12:34:18 PM,202.85,0,0.0,62676850.74000002
2025-08-01 12:34:20 PM,202.92,0,0.0,62676850.74000002
2025-08-01 12:34:20 PM,202.66,912,184825.91999999998,62861676.66000002
2025-08-01 12:34:30 PM,202.73,0,0.0,62861676.66000002
2025-08-01 12:34:30 PM,202.73,10,2027.3,62863703.960000016
2025-08-01 12:34:44 PM,202.92,0,0.0,62863703.960000016
2025-08-01 12:34:46 PM,202.92,372,75486.23999999999,62939190.20000002
2025-08-01 12:34:54 PM,202.75,0,0.0,62939190.20000002
2025-08-01 12:34:56 PM,202.75,90,18247.5,62957437.70000002
2025-08-01 12:35:04 PM,202.9,0,0.0,62957437.70000002
2025-08-01 12:35:06 PM,202.9,5,1014.5,62958452.20000002
2025-08-01 12:35:22 PM,202.9,5,1014.5,62959466.70000002
2025-08-01 12:35:34 PM,202.77,0,0.0,62959466.70000002
2025-08-01 12:35:36 PM,202.77,21,4258.17,62963724.87000002
2025-08-01 12:35:38 PM,202.9,0,0.0,62963724.87000002
2025-08-01 12:35:42 PM,202.9,68,13797.2,62977522.07000002
2025-08-01 12:35:58 PM,202.7,0,0.0,62977522.07000002
2025-08-01 12:35:58 PM,202.7,387,78444.9,63055966.97000002
2025-08-01 12:36:06 PM,202.76,0,0.0,63055966.97000002
2025-08-01 12:36:09 PM,202.76,1,202.76,63056169.73000002
2025-08-01 12:36:22 PM,202.83,0,0.0,63056169.73000002
2025-08-01 12:36:24 PM,202.83,1,202.83,63056372.56000002
2025-08-01 12:36:30 PM,202.76,0,0.0,63056372.56000002
2025-08-01 12:36:30 PM,202.76,19,3852.4399999999996,63060225.000000015
2025-08-01 12:36:38 PM,203.0,0,0.0,63060225.000000015
2025-08-01 12:36:40 PM,203.0,2000,406000.0,63466225.000000015
2025-08-01 12:37:01 PM,202.86,0,0.0,63466225.000000015
2025-08-01 12:37:05 PM,202.86,5,1014.3000000000001,63467239.30000001
2025-08-01 12:37:20 PM,202.86,36,7302.960000000001,63474542.26000001
2025-08-01 12:37:40 PM,202.86,49,9940.140000000001,63484482.40000001
2025-08-01 12:37:47 PM,203.0,0,0.0,63484482.40000001
2025-08-01 12:37:50 PM,203.0,50,10150.0,63494632.40000001
2025-08-01 12:37:57 PM,202.99,0,0.0,63494632.40000001
2025-08-01 12:38:00 PM,202.99,1,202.99,63494835.390000015
2025-08-01 12:38:05 PM,203.1,0,0.0,63494835.390000015
2025-08-01 12:38:06 PM,203.1,153,31074.3,63525909.69000001
2025-08-01 12:38:07 PM,202.96,0,0.0,63525909.69000001
2025-08-01 12:38:10 PM,202.96,540,109598.40000000001,63635508.09000001
2025-08-01 12:38:17 PM,203.04,0,0.0,63635508.09000001
2025-08-01 12:38:19 PM,203.22,0,0.0,63635508.09000001
2025-08-01 12:38:20 PM,203.22,257,52227.54,63687735.63000001
2025-08-01 12:38:22 PM,203.09,0,0.0,63687735.63000001
2025-08-01 12:38:25 PM,203.09,30,6092.7,63693828.33000001
2025-08-01 12:38:34 PM,203.08,0,0.0,63693828.33000001
2025-08-01 12:38:34 PM,203.08,50,10154.0,63703982.33000001
2025-08-01 12:38:39 PM,203.36,0,0.0,63703982.33000001
2025-08-01 12:38:39 PM,203.36,1000,203360.0,63907342.33000001
2025-08-01 12:38:41 PM,203.08,50,10154.0,63917496.33000001
2025-08-01 12:38:46 PM,203.06,0,0.0,63917496.33000001
2025-08-01 12:38:49 PM,203.06,1,203.06,63917699.390000015
2025-08-01 12:38:55 PM,203.0,5,1015.0,63918714.390000015
2025-08-01 12:39:03 PM,203.0,99,20097.0,63938811.390000015
2025-08-01 12:39:08 PM,202.99,0,0.0,63938811.390000015
2025-08-01 12:39:10 PM,203.0,51,10353.0,63949164.390000015
2025-08-01 12:39:18 PM,202.88,26,5274.88,63954439.27000002
2025-08-01 12:39:26 PM,203.09,0,0.0,63954439.27000002
2025-08-01 12:39:28 PM,203.09,200,40618.0,63995057.27000002
2025-08-01 12:39:33 PM,202.92,0,0.0,63995057.27000002
2025-08-01 12:39:33 PM,202.92,74,15016.08,64010073.35000002
2025-08-01 12:39:48 PM,202.86,24,4868.64,64014941.99000002
2025-08-01 12:39:49 PM,202.85,0,0.0,64014941.99000002
2025-08-01 12:39:53 PM,202.85,106,21502.1,64036444.09000002
2025-08-01 12:40:00 PM,202.66,0,0.0,64036444.09000002
2025-08-01 12:40:03 PM,202.66,1000,202660.0,64239104.09000002
2025-08-01 12:40:04 PM,202.62,194,39308.28,64278412.37000002
2025-08-01 12:40:08 PM,202.69,0,0.0,64278412.37000002
2025-08-01 12:40:09 PM,202.69,1073,217486.37,64495898.74000002
2025-08-01 12:40:14 PM,202.65,0,0.0,64495898.74000002
2025-08-01 12:40:14 PM,202.65,301,60997.65,64556896.390000015
2025-08-01 12:40:19 PM,202.65,100,20265.0,64577161.390000015
2025-08-01 12:40:34 PM,202.65,19,3850.35,64581011.74000002
2025-08-01 12:40:54 PM,202.5,0,0.0,64581011.74000002
2025-08-01 12:40:55 PM,202.5,590,119475.0,64700486.74000002
2025-08-01 12:41:06 PM,202.5,1500,303750.0,65004236.74000002
2025-08-01 12:41:12 PM,202.65,0,0.0,65004236.74000002
2025-08-01 12:41:16 PM,202.65,2984,604707.6,65608944.34000002
2025-08-01 12:41:16 PM,202.57,0,0.0,65608944.34000002
2025-08-01 12:41:16 PM,202.57,2439,494068.23,66103012.570000015
2025-08-01 12:41:18 PM,202.61,0,0.0,66103012.570000015
2025-08-01 12:41:21 PM,202.61,146,29581.06,66132593.63000002
2025-08-01 12:41:24 PM,202.5,0,0.0,66132593.63000002
2025-08-01 12:41:27 PM,202.5,1000,202500.0,66335093.63000002
2025-08-01 12:41:34 PM,202.6,0,0.0,66335093.63000002
2025-08-01 12:41:37 PM,202.6,50,10130.0,66345223.63000002
2025-08-01 12:41:38 PM,202.77,100,20277.0,66365500.63000002
2025-08-01 12:41:42 PM,202.77,15,3041.55,66368542.180000015
2025-08-01 12:41:47 PM,202.75,80,16220.0,66384762.180000015
2025-08-01 12:42:06 PM,202.5,0,0.0,66384762.180000015
2025-08-01 12:42:08 PM,202.5,2278,461295.0,66846057.180000015
2025-08-01 12:42:30 PM,202.5,10,2025.0,66848082.180000015
2025-08-01 12:42:34 PM,202.5,5,1012.5,66849094.680000015
2025-08-01 12:42:44 PM,202.5,200,40500.0,66889594.680000015
2025-08-01 12:43:00 PM,202.49,5,1012.45,66890607.13000002
2025-08-01 12:43:04 PM,202.5,0,0.0,66890607.13000002
2025-08-01 12:43:05 PM,202.5,4,810.0,66891417.13000002
2025-08-01 12:43:21 PM,202.45,0,0.0,66891417.13000002
2025-08-01 12:43:22 PM,202.45,207,41907.149999999994,66933324.280000016
2025-08-01 12:43:24 PM,202.38,0,0.0,66933324.280000016
2025-08-01 12:43:27 PM,202.32,24,4855.68,66938179.960000016
2025-08-01 12:43:30 PM,202.31,0,0.0,66938179.960000016
2025-08-01 12:43:33 PM,202.31,1,202.31,66938382.27000002
2025-08-01 12:43:36 PM,202.3,0,0.0,66938382.27000002
2025-08-01 12:43:38 PM,202.3,25,5057.5,66943439.77000002
2025-08-01 12:44:06 PM,202.07,0,0.0,66943439.77000002
2025-08-01 12:44:10 PM,202.02,0,0.0,66943439.77000002
2025-08-01 12:44:11 PM,202.02,2487,502423.74000000005,67445863.51000002
2025-08-01 12:44:20 PM,202.2,0,0.0,67445863.51000002
2025-08-01 12:44:22 PM,202.2,215,43473.0,67489336.51000002
2025-08-01 12:44:22 PM,202.21,0,0.0,67489336.51000002
2025-08-01 12:44:27 PM,202.21,121,24467.41,67513803.92000002
2025-08-01 12:45:04 PM,202.32,0,0.0,67513803.92000002
2025-08-01 12:45:08 PM,202.03,0,0.0,67513803.92000002
2025-08-01 12:45:08 PM,202.03,998,201625.94,67715429.86000001
2025-08-01 12:45:18 PM,202.06,0,0.0,67715429.86000001
2025-08-01 12:45:19 PM,202.01,4046,817332.46,68532762.32000001
2025-08-01 12:45:22 PM,202.0,0,0.0,68532762.32000001
2025-08-01 12:45:24 PM,201.96,0,0.0,68532762.32000001
2025-08-01 12:45:24 PM,201.96,4,807.84,68533570.16000001
2025-08-01 12:45:36 PM,202.15,0,0.0,68533570.16000001
2025-08-01 12:45:40 PM,202.15,110,22236.5,68555806.66000001
2025-08-01 12:45:40 PM,202.16,63,12736.08,68568542.74000001
2025-08-01 12:45:46 PM,202.1,0,0.0,68568542.74000001
2025-08-01 12:45:48 PM,202.03,0,0.0,68568542.74000001
2025-08-01 12:45:50 PM,202.03,5,1010.15,68569552.89000002
2025-08-01 12:46:00 PM,202.29,0,0.0,68569552.89000002
2025-08-01 12:46:01 PM,202.29,316,63923.64,68633476.53000002
2025-08-01 12:46:14 PM,202.3,0,0.0,68633476.53000002
2025-08-01 12:46:14 PM,202.3,1,202.3,68633678.83000001
2025-08-01 12:46:18 PM,202.46,0,0.0,68633678.83000001
2025-08-01 12:46:20 PM,202.46,100,20246.0,68653924.83000001
2025-08-01 12:46:24 PM,202.45,0,0.0,68653924.83000001
2025-08-01 12:46:25 PM,202.45,1,202.45,68654127.28000002
2025-08-01 12:46:46 PM,202.29,10,2022.8999999999999,68656150.18000002
2025-08-01 12:46:58 PM,202.01,0,0.0,68656150.18000002
2025-08-01 12:47:00 PM,202.01,3129,632089.2899999999,69288239.47000003
2025-08-01 12:47:11 PM,202.44,272,55063.68,69343303.15000004
2025-08-01 12:47:28 PM,202.64,0,0.0,69343303.15000004
2025-08-01 12:47:31 PM,202.64,250,50660.0,69393963.15000004
2025-08-01 12:47:34 PM,202.79,0,0.0,69393963.15000004
2025-08-01 12:47:36 PM,202.65,0,0.0,69393963.15000004
2025-08-01 12:47:36 PM,202.65,61,12361.65,69406324.80000004
2025-08-01 12:47:40 PM,202.52,0,0.0,69406324.80000004
2025-08-01 12:47:41 PM,202.52,131,26530.120000000003,69432854.92000005
2025-08-01 12:48:22 PM,202.52,20,4050.4,69436905.32000005
2025-08-01 12:48:46 PM,202.46,0,0.0,69436905.32000005
2025-08-01 12:48:47 PM,202.46,110,22270.600000000002,69459175.92000005
2025-08-01 12:48:48 PM,202.6,0,0.0,69459175.92000005
2025-08-01 12:48:50 PM,202.46,0,0.0,69459175.92000005
2025-08-01 12:48:51 PM,202.46,7,1417.22,69460593.14000005
2025-08-01 12:49:08 PM,202.68,0,0.0,69460593.14000005
2025-08-01 12:49:11 PM,202.68,241,48845.880000000005,69509439.02000004
2025-08-01 12:49:31 PM,202.84,1,202.84,69509641.86000004
2025-08-01 12:49:38 PM,202.74,0,0.0,69509641.86000004
2025-08-01 12:49:40 PM,202.89,20,4057.7999999999997,69513699.66000004
2025-08-01 12:49:41 PM,202.84,3033,615213.72,70128913.38000004
2025-08-01 12:49:48 PM,202.66,0,0.0,70128913.38000004
2025-08-01 12:49:50 PM,202.66,20,4053.2,70132966.58000004
2025-08-01 12:50:06 PM,202.66,10,2026.6,70134993.18000004
2025-08-01 12:50:10 PM,202.57,0,0.0,70134993.18000004
2025-08-01 12:50:11 PM,202.57,5,1012.8499999999999,70136006.03000003
2025-08-01 12:50:12 PM,202.66,0,0.0,70136006.03000003
2025-08-01 12:50:13 PM,202.66,20,4053.2,70140059.23000003
2025-08-01 12:50:30 PM,202.57,0,0.0,70140059.23000003
2025-08-01 12:50:32 PM,202.57,20,4051.3999999999996,70144110.63000004
2025-08-01 12:50:34 PM,202.66,0,0.0,70144110.63000004
2025-08-01 12:50:37 PM,202.66,100,20266.0,70164376.63000004
2025-08-01 12:51:04 PM,202.52,0,0.0,70164376.63000004
2025-08-01 12:51:04 PM,202.52,5,1012.6,70165389.23000003
2025-08-01 12:51:20 PM,202.5,20,4050.0,70169439.23000003
2025-08-01 12:51:24 PM,202.5,6,1215.0,70170654.23000003
2025-08-01 12:51:26 PM,202.31,0,0.0,70170654.23000003
2025-08-01 12:51:29 PM,202.31,162,32774.22,70203428.45000003
2025-08-01 12:51:52 PM,202.56,0,0.0,70203428.45000003
2025-08-01 12:51:54 PM,202.56,20,4051.2,70207479.65000004
2025-08-01 12:52:29 PM,202.56,20,4051.2,70211530.85000004
2025-08-01 12:52:40 PM,202.4,0,0.0,70211530.85000004
2025-08-01 12:52:42 PM,202.62,0,0.0,70211530.85000004
2025-08-01 12:52:43 PM,202.62,214,43360.68,70254891.53000005
2025-08-01 12:52:49 PM,202.78,2,405.56,70255297.09000005
2025-08-01 12:54:08 PM,202.76,0,0.0,70255297.09000005
2025-08-01 12:54:08 PM,202.76,25,5069.0,70260366.09000005
2025-08-01 12:54:26 PM,202.72,0,0.0,70260366.09000005
2025-08-01 12:54:28 PM,202.72,2,405.44,70260771.53000005
2025-08-01 12:54:33 PM,202.61,20,4052.2000000000003,70264823.73000005
2025-08-01 12:54:56 PM,202.75,0,0.0,70264823.73000005
2025-08-01 12:55:00 PM,202.75,62,12570.5,70277394.23000005
2025-08-01 12:55:05 PM,202.75,1,202.75,70277596.98000005
2025-08-01 12:55:16 PM,202.75,10,2027.5,70279624.48000005
2025-08-01 12:55:36 PM,202.61,35,7091.35,70286715.83000004
2025-08-01 12:55:37 PM,202.61,6,1215.66,70287931.49000004
2025-08-01 12:56:02 PM,202.77,0,0.0,70287931.49000004
2025-08-01 12:56:06 PM,202.77,4,811.08,70288742.57000004
2025-08-01 12:56:36 PM,202.62,5,1013.1,70289755.67000003
2025-08-01 12:57:06 PM,202.79,1,202.79,70289958.46000004
2025-08-01 12:57:22 PM,202.81,0,0.0,70289958.46000004
2025-08-01 12:57:26 PM,202.81,1,202.81,70290161.27000004
2025-08-01 12:57:40 PM,202.99,0,0.0,70290161.27000004
2025-08-01 12:57:41 PM,202.99,1500,304485.0,70594646.27000004
2025-08-01 12:57:51 PM,202.9,7,1420.3,70596066.57000004
2025-08-01 12:58:11 PM,202.9,51,10347.9,70606414.47000004
2025-08-01 12:58:21 PM,202.9,30,6087.0,70612501.47000004
2025-08-01 12:58:24 PM,202.91,0,0.0,70612501.47000004
2025-08-01 12:58:26 PM,202.9,0,0.0,70612501.47000004
2025-08-01 12:58:26 PM,202.9,79,16029.1,70628530.57000004
2025-08-01 12:58:37 PM,202.9,5,1014.5,70629545.07000004
2025-08-01 12:58:40 PM,202.96,0,0.0,70629545.07000004
2025-08-01 12:58:42 PM,202.93,214,43427.020000000004,70672972.09000003
2025-08-01 12:58:54 PM,202.94,0,0.0,70672972.09000003
2025-08-01 12:58:57 PM,202.94,108,21917.52,70694889.61000003
2025-08-01 12:59:00 PM,202.96,0,0.0,70694889.61000003
2025-08-01 12:59:02 PM,202.96,1,202.96,70695092.57000002
2025-08-01 12:59:14 PM,203.07,0,0.0,70695092.57000002
2025-08-01 12:59:17 PM,203.07,145,29445.149999999998,70724537.72000003
2025-08-01 12:59:18 PM,202.96,0,0.0,70724537.72000003
2025-08-01 12:59:20 PM,203.12,0,0.0,70724537.72000003
2025-08-01 12:59:22 PM,203.12,219,44483.28,70769021.00000003
2025-08-01 12:59:43 PM,203.12,1,203.12,70769224.12000003
2025-08-01 01:00:23 PM,202.97,0,0.0,70769224.12000003
2025-08-01 01:00:25 PM,202.97,20,4059.4,70773283.52000004
2025-08-01 01:00:45 PM,203.12,0,0.0,70773283.52000004
2025-08-01 01:00:45 PM,203.12,100,20312.0,70793595.52000004
2025-08-01 01:00:56 PM,203.12,1,203.12,70793798.64000005
2025-08-01 01:01:18 PM,203.12,100,20312.0,70814110.64000005
2025-08-01 01:01:23 PM,203.12,4,812.48,70814923.12000005
2025-08-01 01:01:57 PM,203.12,10,2031.2,70816954.32000005
2025-08-01 01:02:01 PM,203.1,0,0.0,70816954.32000005
2025-08-01 01:02:02 PM,203.1,1,203.1,70817157.42000005
2025-08-01 01:02:05 PM,203.39,0,0.0,70817157.42000005
2025-08-01 01:02:07 PM,203.39,3000,610170.0,71427327.42000005
2025-08-01 01:02:15 PM,203.12,0,0.0,71427327.42000005
2025-08-01 01:02:17 PM,203.12,1,203.12,71427530.54000005
2025-08-01 01:02:17 PM,203.01,0,0.0,71427530.54000005
2025-08-01 01:02:18 PM,202.88,322,65327.36,71492857.90000005
2025-08-01 01:02:25 PM,202.8,0,0.0,71492857.90000005
2025-08-01 01:02:27 PM,202.8,100,20280.0,71513137.90000005
2025-08-01 01:02:33 PM,202.85,0,0.0,71513137.90000005
2025-08-01 01:02:33 PM,202.85,9,1825.6499999999999,71514963.55000006
2025-08-01 01:03:09 PM,202.72,0,0.0,71514963.55000006
2025-08-01 01:03:11 PM,202.64,0,0.0,71514963.55000006
2025-08-01 01:03:12 PM,202.64,18,3647.5199999999995,71518611.07000005
2025-08-01 01:03:13 PM,202.5,552,111780.0,71630391.07000005
2025-08-01 01:03:13 PM,202.35,0,0.0,71630391.07000005
2025-08-01 01:03:15 PM,202.45,0,0.0,71630391.07000005
2025-08-01 01:03:17 PM,202.33,0,0.0,71630391.07000005
2025-08-01 01:03:17 PM,202.33,26,5260.58,71635651.65000005
2025-08-01 01:03:27 PM,202.31,0,0.0,71635651.65000005
2025-08-01 01:03:27 PM,202.31,3,606.9300000000001,71636258.58000006
2025-08-01 01:03:42 PM,202.31,4,809.24,71637067.82000005
2025-08-01 01:03:45 PM,202.3,0,0.0,71637067.82000005
2025-08-01 01:03:47 PM,202.31,0,0.0,71637067.82000005
2025-08-01 01:03:47 PM,202.31,322,65143.82,71702211.64000005
2025-08-01 01:03:47 PM,202.52,0,0.0,71702211.64000005
2025-08-01 01:03:48 PM,202.52,159,32200.68,71734412.32000005
2025-08-01 01:04:01 PM,202.5,5,1012.5,71735424.82000005
2025-08-01 01:04:06 PM,202.41,306,61937.46,71797362.28000005
2025-08-01 01:04:15 PM,202.62,0,0.0,71797362.28000005
2025-08-01 01:04:16 PM,202.62,100,20262.0,71817624.28000005
2025-08-01 01:05:29 PM,202.45,0,0.0,71817624.28000005
2025-08-01 01:05:30 PM,202.45,5,1012.25,71818636.53000005
2025-08-01 01:05:33 PM,202.62,0,0.0,71818636.53000005
2025-08-01 01:05:35 PM,202.62,20,4052.4,71822688.93000005
2025-08-01 01:06:03 PM,202.5,0,0.0,71822688.93000005
2025-08-01 01:06:05 PM,202.62,0,0.0,71822688.93000005
2025-08-01 01:06:06 PM,202.62,49,9928.380000000001,71832617.31000005
2025-08-01 01:06:15 PM,202.6,0,0.0,71832617.31000005
2025-08-01 01:06:17 PM,202.6,15,3039.0,71835656.31000005
2025-08-01 01:06:21 PM,202.79,0,0.0,71835656.31000005
2025-08-01 01:06:22 PM,202.79,200,40558.0,71876214.31000005
2025-08-01 01:06:37 PM,202.87,0,0.0,71876214.31000005
2025-08-01 01:06:37 PM,202.87,30,6086.1,71882300.41000004
2025-08-01 01:06:46 PM,202.72,0,0.0,71882300.41000004
2025-08-01 01:06:48 PM,202.72,36,7297.92,71889598.33000004
2025-08-01 01:07:03 PM,202.92,31,6290.5199999999995,71895888.85000004
2025-08-01 01:07:48 PM,203.06,0,0.0,71895888.85000004
2025-08-01 01:07:49 PM,203.06,25,5076.5,71900965.35000004
2025-08-01 01:08:08 PM,202.9,0,0.0,71900965.35000004
2025-08-01 01:08:09 PM,202.9,192,38956.8,71939922.15000004
2025-08-01 01:08:22 PM,202.85,0,0.0,71939922.15000004
2025-08-01 01:08:24 PM,202.93,0,0.0,71939922.15000004
2025-08-01 01:08:25 PM,202.93,23,4667.39,71944589.54000004
2025-08-01 01:08:35 PM,202.93,20,4058.6000000000004,71948648.14000003
2025-08-01 01:09:46 PM,202.96,0,0.0,71948648.14000003
2025-08-01 01:09:47 PM,202.96,90,18266.4,71966914.54000004
2025-08-01 01:09:52 PM,203.21,143,29059.030000000002,71995973.57000004
2025-08-01 01:10:00 PM,203.21,60,12192.6,72008166.17000003
2025-08-01 01:10:22 PM,203.2,350,71120.0,72079286.17000003
2025-08-01 01:10:23 PM,203.03,0,0.0,72079286.17000003
2025-08-01 01:10:25 PM,203.03,145,29439.35,72108725.52000003
2025-08-01 01:10:28 PM,202.77,0,0.0,72108725.52000003
2025-08-01 01:10:30 PM,202.77,4856,984651.12,73093376.64000003
2025-08-01 01:10:35 PM,202.37,2952,597396.24,73690772.88000003
2025-08-01 01:10:58 PM,202.37,16,3237.92,73694010.80000003
2025-08-01 01:11:06 PM,202.52,0,0.0,73694010.80000003
2025-08-01 01:11:07 PM,202.38,29,5869.0199999999995,73699879.82000002
2025-08-01 01:11:16 PM,202.55,0,0.0,73699879.82000002
2025-08-01 01:11:17 PM,202.55,50,10127.5,73710007.32000002
2025-08-01 01:11:50 PM,202.55,30,6076.5,73716083.82000002
2025-08-01 01:12:12 PM,202.34,0,0.0,73716083.82000002
2025-08-01 01:12:15 PM,202.34,100,20234.0,73736317.82000002
2025-08-01 01:12:19 PM,202.53,0,0.0,73736317.82000002
2025-08-01 01:12:20 PM,202.53,90,18227.7,73754545.52000003
2025-08-01 01:12:34 PM,202.36,0,0.0,73754545.52000003
2025-08-01 01:12:35 PM,202.36,20,4047.2000000000003,73758592.72000003
2025-08-01 01:13:45 PM,202.46,0,0.0,73758592.72000003
2025-08-01 01:13:46 PM,202.46,4,809.84,73759402.56000003
2025-08-01 01:14:06 PM,202.51,0,0.0,73759402.56000003
2025-08-01 01:14:07 PM,202.51,27,5467.7699999999995,73764870.33000003
2025-08-01 01:14:28 PM,202.61,0,0.0,73764870.33000003
2025-08-01 01:14:29 PM,202.61,1,202.61,73765072.94000003
2025-08-01 01:14:34 PM,202.64,0,0.0,73765072.94000003
2025-08-01 01:14:35 PM,202.64,100,20264.0,73785336.94000003
2025-08-01 01:15:21 PM,202.64,5,1013.1999999999999,73786350.14000003
2025-08-01 01:15:26 PM,202.75,0,0.0,73786350.14000003
2025-08-01 01:15:26 PM,202.75,8,1622.0,73787972.14000003
2025-08-01 01:15:47 PM,202.75,50,10137.5,73798109.64000003
2025-08-01 01:15:50 PM,202.74,0,0.0,73798109.64000003
2025-08-01 01:15:52 PM,202.74,66,13380.84,73811490.48000003
2025-08-01 01:16:08 PM,202.67,0,0.0,73811490.48000003
2025-08-01 01:16:09 PM,202.67,98,19861.66,73831352.14000003
2025-08-01 01:16:10 PM,202.64,0,0.0,73831352.14000003
2025-08-01 01:16:11 PM,202.64,39,7902.959999999999,73839255.10000002
2025-08-01 01:16:22 PM,202.64,111,22493.039999999997,73861748.14000003
2025-08-01 01:16:29 PM,202.64,17,3444.8799999999997,73865193.02000003
2025-08-01 01:16:30 PM,202.51,0,0.0,73865193.02000003
2025-08-01 01:16:32 PM,202.51,98,19845.98,73885039.00000003
2025-08-01 01:17:20 PM,202.55,0,0.0,73885039.00000003
2025-08-01 01:17:21 PM,202.55,5,1012.75,73886051.75000003
2025-08-01 01:17:26 PM,202.36,0,0.0,73886051.75000003
2025-08-01 01:17:26 PM,202.36,1836,371532.96,74257584.71000002
2025-08-01 01:17:53 PM,202.31,242,48959.020000000004,74306543.73000002
2025-08-01 01:17:59 PM,202.31,308,62311.48,74368855.21000002
2025-08-01 01:18:10 PM,202.32,89,18006.48,74386861.69000003
2025-08-01 01:18:26 PM,202.3,0,0.0,74386861.69000003
2025-08-01 01:18:29 PM,202.3,150,30345.0,74417206.69000003
2025-08-01 01:18:42 PM,202.43,0,0.0,74417206.69000003
2025-08-01 01:18:43 PM,202.43,10,2024.3000000000002,74419230.99000002
2025-08-01 01:18:59 PM,202.43,78,15789.54,74435020.53000003
2025-08-01 01:19:00 PM,202.41,0,0.0,74435020.53000003
2025-08-01 01:19:04 PM,202.41,1,202.41,74435222.94000003
2025-08-01 01:19:10 PM,202.31,0,0.0,74435222.94000003
2025-08-01 01:19:14 PM,202.31,20,4046.2,74439269.14000003
2025-08-01 01:19:28 PM,202.31,1000,202310.0,74641579.14000003
2025-08-01 01:19:46 PM,202.45,0,0.0,74641579.14000003
2025-08-01 01:19:47 PM,202.45,87,17613.149999999998,74659192.29000004
2025-08-01 01:20:02 PM,202.39,0,0.0,74659192.29000004
2025-08-01 01:20:02 PM,202.39,20,4047.7999999999997,74663240.09000003
2025-08-01 01:20:22 PM,202.51,0,0.0,74663240.09000003
2025-08-01 01:20:23 PM,202.51,150,30376.5,74693616.59000003
2025-08-01 01:20:46 PM,202.49,0,0.0,74693616.59000003
2025-08-01 01:20:48 PM,202.49,100,20249.0,74713865.59000003
2025-08-01 01:20:50 PM,202.51,0,0.0,74713865.59000003
2025-08-01 01:20:53 PM,202.51,160,32401.6,74746267.19000003
2025-08-01 01:20:56 PM,202.55,0,0.0,74746267.19000003
2025-08-01 01:20:58 PM,202.55,599,121327.45000000001,74867594.64000003
2025-08-01 01:21:02 PM,202.55,9,1822.95,74869417.59000003
2025-08-01 01:21:06 PM,202.52,0,0.0,74869417.59000003
2025-08-01 01:21:06 PM,202.55,0,0.0,74869417.59000003
2025-08-01 01:21:07 PM,202.55,501,101477.55,74970895.14000003
2025-08-01 01:21:18 PM,202.55,480,97224.0,75068119.14000003
2025-08-01 01:21:23 PM,202.55,6,1215.3000000000002,75069334.44000003
2025-08-01 01:21:28 PM,202.52,0,0.0,75069334.44000003
2025-08-01 01:21:28 PM,202.52,94,19036.88,75088371.32000002
2025-08-01 01:21:32 PM,202.48,0,0.0,75088371.32000002
2025-08-01 01:21:33 PM,202.48,20,4049.6,75092420.92000002
2025-08-01 01:22:03 PM,202.63,0,0.0,75092420.92000002
2025-08-01 01:22:04 PM,202.52,0,0.0,75092420.92000002
2025-08-01 01:22:06 PM,202.52,137,27745.24,75120166.16000001
2025-08-01 01:22:36 PM,202.7,0,0.0,75120166.16000001
2025-08-01 01:22:38 PM,202.7,100,20270.0,75140436.16000001
2025-08-01 01:23:24 PM,202.68,0,0.0,75140436.16000001
2025-08-01 01:23:25 PM,202.68,50,10134.0,75150570.16000001
2025-08-01 01:23:26 PM,202.66,0,0.0,75150570.16000001
2025-08-01 01:23:30 PM,202.66,76,15402.16,75165972.32000001
2025-08-01 01:24:29 PM,202.91,0,0.0,75165972.32000001
2025-08-01 01:24:32 PM,202.98,111,22530.78,75188503.10000001
2025-08-01 01:25:00 PM,202.82,0,0.0,75188503.10000001
2025-08-01 01:25:00 PM,202.82,5,1014.0999999999999,75189517.2
2025-08-01 01:25:25 PM,202.92,0,0.0,75189517.2
2025-08-01 01:25:25 PM,202.75,0,0.0,75189517.2
2025-08-01 01:25:26 PM,202.58,2318,469580.44,75659097.64
2025-08-01 01:25:36 PM,202.61,21,4254.81,75663352.45
2025-08-01 01:26:25 PM,202.79,0,0.0,75663352.45
2025-08-01 01:26:26 PM,202.79,514,104234.06,75767586.51
2025-08-01 01:26:43 PM,202.75,0,0.0,75767586.51
2025-08-01 01:26:45 PM,202.75,20,4055.0,75771641.51
2025-08-01 01:27:07 PM,202.86,0,0.0,75771641.51
2025-08-01 01:27:09 PM,202.86,89,18054.54,75789696.05000001
2025-08-01 01:27:11 PM,202.72,0,0.0,75789696.05000001
2025-08-01 01:27:14 PM,202.72,49,9933.28,75799629.33000001
2025-08-01 01:27:21 PM,202.85,0,0.0,75799629.33000001
2025-08-01 01:27:24 PM,202.85,100,20285.0,75819914.33000001
2025-08-01 01:27:27 PM,202.72,0,0.0,75819914.33000001
