date,price,qty,trnvr,cum_trnvr
2025-08-01 09:15:02 AM,857.7,4376,3753295.2,3753295.2
2025-08-01 09:15:02 AM,858.2,0,0.0,3753295.2
2025-08-01 09:15:03 AM,859.0,0,0.0,3753295.2
2025-08-01 09:15:04 AM,859.0,1278,1097802.0,4851097.2
2025-08-01 09:15:11 AM,858.25,0,0.0,4851097.2
2025-08-01 09:15:14 AM,858.3,6131,5262237.3,10113334.5
2025-08-01 09:15:16 AM,858.2,283,242870.6,10356205.1
2025-08-01 09:15:20 AM,859.75,0,0.0,10356205.1
2025-08-01 09:15:22 AM,859.55,0,0.0,10356205.1
2025-08-01 09:15:24 AM,858.15,1428,1225438.2,11581643.299999999
2025-08-01 09:15:25 AM,859.15,63,54126.45,11635769.749999998
2025-08-01 09:15:28 AM,859.2,0,0.0,11635769.749999998
2025-08-01 09:15:31 AM,859.0,0,0.0,11635769.749999998
2025-08-01 09:15:33 AM,858.85,557,478379.45,12114149.199999997
2025-08-01 09:15:35 AM,858.35,0,0.0,12114149.199999997
2025-08-01 09:15:40 AM,859.8,0,0.0,12114149.199999997
2025-08-01 09:15:41 AM,859.8,13056,11225548.799999999,23339697.999999996
2025-08-01 09:15:42 AM,859.8,884,760063.2,24099761.199999996
2025-08-01 09:15:44 AM,861.0,0,0.0,24099761.199999996
2025-08-01 09:15:48 AM,862.05,0,0.0,24099761.199999996
2025-08-01 09:15:49 AM,862.35,11212,9668668.200000001,33768429.4
2025-08-01 09:15:51 AM,862.35,502,432899.7,34201329.1
2025-08-01 09:15:53 AM,863.0,0,0.0,34201329.1
2025-08-01 09:15:56 AM,861.4,0,0.0,34201329.1
2025-08-01 09:15:57 AM,861.4,2996,2580754.4,36782083.5
2025-08-01 09:15:59 AM,860.65,38,32704.7,36814788.2
2025-08-01 09:16:02 AM,860.0,0,0.0,36814788.2
2025-08-01 09:16:06 AM,860.1,4180,3595218.0,40410006.2
2025-08-01 09:16:07 AM,860.6,270,232362.0,40642368.2
2025-08-01 09:16:10 AM,862.0,0,0.0,40642368.2
2025-08-01 09:16:13 AM,861.45,1905,1641062.25,42283430.45
2025-08-01 09:16:15 AM,861.2,55,47366.0,42330796.45
2025-08-01 09:16:19 AM,861.5,0,0.0,42330796.45
2025-08-01 09:16:22 AM,861.85,2121,1827983.85,44158780.300000004
2025-08-01 09:16:23 AM,861.7,43,37053.1,44195833.400000006
2025-08-01 09:16:30 AM,861.7,4990,4299883.0,48495716.400000006
2025-08-01 09:16:32 AM,862.15,502,432799.3,48928515.7
2025-08-01 09:16:37 AM,863.1,0,0.0,48928515.7
2025-08-01 09:16:38 AM,861.4,5363,4619688.2,53548203.900000006
2025-08-01 09:16:39 AM,863.05,0,0.0,53548203.900000006
2025-08-01 09:16:40 AM,863.1,96,82857.6,53631061.50000001
2025-08-01 09:16:47 AM,863.6,1193,1030274.8,54661336.300000004
2025-08-01 09:16:47 AM,863.55,0,0.0,54661336.300000004
2025-08-01 09:16:48 AM,863.15,262,226145.3,54887481.6
2025-08-01 09:16:49 AM,863.05,0,0.0,54887481.6
2025-08-01 09:16:55 AM,863.0,2517,2172171.0,57059652.6
2025-08-01 09:16:56 AM,862.95,151,130305.45000000001,57189958.050000004
2025-08-01 09:16:57 AM,863.0,0,0.0,57189958.050000004
2025-08-01 09:17:03 AM,862.9,834,719658.6,57909616.650000006
2025-08-01 09:17:04 AM,863.0,104,89752.0,57999368.650000006
2025-08-01 09:17:11 AM,862.3,1741,1501264.2999999998,59500632.95
2025-08-01 09:17:13 AM,862.2,24,20692.800000000003,59521325.75
2025-08-01 09:17:14 AM,861.2,0,0.0,59521325.75
2025-08-01 09:17:16 AM,861.4,0,0.0,59521325.75
2025-08-01 09:17:19 AM,861.1,6439,5544622.9,65065948.65
2025-08-01 09:17:21 AM,861.75,510,439492.5,65505441.15
2025-08-01 09:17:23 AM,861.3,0,0.0,65505441.15
2025-08-01 09:17:25 AM,861.75,0,0.0,65505441.15
2025-08-01 09:17:28 AM,861.9,1137,979980.2999999999,66485421.449999996
2025-08-01 09:17:29 AM,861.9,77,66366.3,66551787.74999999
2025-08-01 09:17:33 AM,861.4,0,0.0,66551787.74999999
2025-08-01 09:17:36 AM,861.4,29,24980.6,66576768.349999994
2025-08-01 09:17:41 AM,861.7,0,0.0,66576768.349999994
2025-08-01 09:17:44 AM,861.7,447,385179.9,66961948.24999999
2025-08-01 09:17:45 AM,861.75,15,12926.25,66974874.49999999
2025-08-01 09:17:48 AM,859.3,0,0.0,66974874.49999999
2025-08-01 09:17:50 AM,859.4,0,0.0,66974874.49999999
2025-08-01 09:17:53 AM,859.65,10484,9012570.6,75987445.1
2025-08-01 09:17:54 AM,859.05,2295,1971519.75,77958964.85
2025-08-01 09:17:59 AM,859.6,0,0.0,77958964.85
2025-08-01 09:18:01 AM,859.9,1048,901175.2,78860140.05
2025-08-01 09:18:02 AM,859.8,10,8598.0,78868738.05
2025-08-01 09:18:05 AM,860.0,0,0.0,78868738.05
2025-08-01 09:18:09 AM,860.6,265,228059.0,79096797.05
2025-08-01 09:18:11 AM,860.6,10,8606.0,79105403.05
2025-08-01 09:18:15 AM,860.0,0,0.0,79105403.05
2025-08-01 09:18:18 AM,860.5,817,703028.5,79808431.55
2025-08-01 09:18:19 AM,859.9,104,89429.59999999999,79897861.14999999
2025-08-01 09:18:21 AM,860.9,0,0.0,79897861.14999999
2025-08-01 09:18:23 AM,861.0,0,0.0,79897861.14999999
2025-08-01 09:18:26 AM,860.6,1897,1632558.2,81530419.35
2025-08-01 09:18:29 AM,860.95,0,0.0,81530419.35
2025-08-01 09:18:30 AM,861.55,0,0.0,81530419.35
2025-08-01 09:18:34 AM,861.3,1626,1400473.7999999998,82930893.14999999
2025-08-01 09:18:37 AM,862.0,0,0.0,82930893.14999999
2025-08-01 09:18:42 AM,862.05,136,117238.79999999999,83048131.94999999
2025-08-01 09:18:45 AM,862.6,0,0.0,83048131.94999999
2025-08-01 09:18:47 AM,862.25,0,0.0,83048131.94999999
2025-08-01 09:18:50 AM,862.4,955,823592.0,83871723.94999999
2025-08-01 09:18:53 AM,862.1,0,0.0,83871723.94999999
2025-08-01 09:18:55 AM,861.95,0,0.0,83871723.94999999
2025-08-01 09:18:59 AM,861.8,3558,3066284.4,86938008.35
2025-08-01 09:19:00 AM,861.5,15,12922.5,86950930.85
2025-08-01 09:19:01 AM,860.25,0,0.0,86950930.85
2025-08-01 09:19:07 AM,860.8,900,774720.0,87725650.85
2025-08-01 09:19:09 AM,860.3,0,0.0,87725650.85
2025-08-01 09:19:11 AM,860.8,0,0.0,87725650.85
2025-08-01 09:19:15 AM,860.3,191,164317.3,87889968.14999999
2025-08-01 09:19:16 AM,860.3,59,50757.7,87940725.85
2025-08-01 09:19:17 AM,860.0,0,0.0,87940725.85
2025-08-01 09:19:23 AM,860.3,560,481768.0,88422493.85
2025-08-01 09:19:26 AM,859.55,0,0.0,88422493.85
2025-08-01 09:19:31 AM,859.5,368,316296.0,88738789.85
2025-08-01 09:19:32 AM,859.55,5,4297.75,88743087.6
2025-08-01 09:19:34 AM,860.0,0,0.0,88743087.6
2025-08-01 09:19:39 AM,859.85,293,251936.05000000002,88995023.64999999
2025-08-01 09:19:41 AM,860.0,100,86000.0,89081023.64999999
2025-08-01 09:19:47 AM,859.9,29,24937.1,89105960.74999999
2025-08-01 09:19:55 AM,860.25,203,174630.75,89280591.49999999
2025-08-01 09:19:57 AM,860.0,4,3440.0,89284031.49999999
2025-08-01 09:20:03 AM,860.05,21,18061.05,89302092.54999998
2025-08-01 09:20:03 AM,860.25,0,0.0,89302092.54999998
2025-08-01 09:20:04 AM,859.85,272,233879.2,89535971.74999999
2025-08-01 09:20:10 AM,859.9,0,0.0,89535971.74999999
2025-08-01 09:20:11 AM,859.9,454,390394.6,89926366.34999998
2025-08-01 09:20:17 AM,858.85,0,0.0,89926366.34999998
2025-08-01 09:20:19 AM,858.85,774,664749.9,90591116.24999999
2025-08-01 09:20:20 AM,858.85,40,34354.0,90625470.24999999
2025-08-01 09:20:24 AM,858.7,0,0.0,90625470.24999999
2025-08-01 09:20:27 AM,858.75,1030,884512.5,91509982.74999999
2025-08-01 09:20:30 AM,858.7,0,0.0,91509982.74999999
2025-08-01 09:20:35 AM,857.75,1954,1676043.5,93186026.24999999
2025-08-01 09:20:41 AM,858.15,0,0.0,93186026.24999999
2025-08-01 09:20:42 AM,858.15,139,119282.84999999999,93305309.09999998
2025-08-01 09:20:48 AM,857.6,0,0.0,93305309.09999998
2025-08-01 09:20:50 AM,857.85,467,400615.95,93705925.04999998
2025-08-01 09:20:51 AM,857.85,14,12009.9,93717934.94999999
2025-08-01 09:20:55 AM,857.5,0,0.0,93717934.94999999
2025-08-01 09:20:58 AM,857.5,335,287262.5,94005197.44999999
2025-08-01 09:20:58 AM,857.9,0,0.0,94005197.44999999
2025-08-01 09:20:59 AM,857.9,6,5147.4,94010344.85
2025-08-01 09:21:02 AM,857.0,0,0.0,94010344.85
2025-08-01 09:21:04 AM,856.9,0,0.0,94010344.85
2025-08-01 09:21:06 AM,856.9,722,618681.7999999999,94629026.64999999
2025-08-01 09:21:07 AM,856.9,5,4284.5,94633311.14999999
2025-08-01 09:21:09 AM,857.5,0,0.0,94633311.14999999
2025-08-01 09:21:11 AM,857.55,0,0.0,94633311.14999999
2025-08-01 09:21:13 AM,857.9,42,36031.799999999996,94669342.94999999
2025-08-01 09:21:15 AM,858.15,507,435082.05,95104424.99999999
2025-08-01 09:21:18 AM,858.35,0,0.0,95104424.99999999
2025-08-01 09:21:21 AM,857.9,201,172437.9,95276862.89999999
2025-08-01 09:21:22 AM,857.7,70,60039.0,95336901.89999999
2025-08-01 09:21:23 AM,857.9,0,0.0,95336901.89999999
2025-08-01 09:21:29 AM,858.0,181,155298.0,95492199.89999999
2025-08-01 09:21:30 AM,857.6,0,0.0,95492199.89999999
2025-08-01 09:21:36 AM,858.0,0,0.0,95492199.89999999
2025-08-01 09:21:37 AM,858.0,129,110682.0,95602881.89999999
2025-08-01 09:21:38 AM,858.0,2,1716.0,95604597.89999999
2025-08-01 09:21:39 AM,858.3,0,0.0,95604597.89999999
2025-08-01 09:21:42 AM,858.15,0,0.0,95604597.89999999
2025-08-01 09:21:45 AM,858.0,453,388674.0,95993271.89999999
2025-08-01 09:21:45 AM,858.0,36,30888.0,96024159.89999999
2025-08-01 09:21:52 AM,857.6,298,255564.80000000002,96279724.69999999
2025-08-01 09:21:53 AM,858.0,52,44616.0,96324340.69999999
2025-08-01 09:21:58 AM,857.9,0,0.0,96324340.69999999
2025-08-01 09:22:00 AM,857.9,45,38605.5,96362946.19999999
2025-08-01 09:22:01 AM,857.7,2473,2121092.1,98484038.29999998
2025-08-01 09:22:06 AM,857.6,0,0.0,98484038.29999998
2025-08-01 09:22:07 AM,857.6,35,30016.0,98514054.29999998
2025-08-01 09:22:09 AM,857.85,10,8578.5,98522632.79999998
2025-08-01 09:22:09 AM,857.3,0,0.0,98522632.79999998
2025-08-01 09:22:12 AM,857.15,0,0.0,98522632.79999998
2025-08-01 09:22:15 AM,857.45,186,159485.7,98682118.49999999
2025-08-01 09:22:16 AM,857.45,97,83172.65000000001,98765291.14999999
2025-08-01 09:22:23 AM,857.4,911,781091.4,99546382.55
2025-08-01 09:22:23 AM,856.9,0,0.0,99546382.55
2025-08-01 09:22:24 AM,856.9,7,5998.3,99552380.85
2025-08-01 09:22:30 AM,856.9,86,73693.4,99626074.25
2025-08-01 09:22:34 AM,856.65,0,0.0,99626074.25
2025-08-01 09:22:38 AM,856.5,2415,2068447.5,101694521.75
2025-08-01 09:22:39 AM,856.2,578,494883.60000000003,102189405.35
2025-08-01 09:22:45 AM,856.85,100,85685.0,102275090.35
2025-08-01 09:22:47 AM,856.85,15,12852.75,102287943.1
2025-08-01 09:22:51 AM,857.35,0,0.0,102287943.1
2025-08-01 09:22:53 AM,857.35,85,72874.75,102360817.85
2025-08-01 09:22:57 AM,856.85,0,0.0,102360817.85
2025-08-01 09:23:00 AM,856.9,0,0.0,102360817.85
2025-08-01 09:23:01 AM,856.9,251,215081.9,102575899.75
2025-08-01 09:23:02 AM,856.9,115,98543.5,102674443.25
2025-08-01 09:23:05 AM,856.5,0,0.0,102674443.25
2025-08-01 09:23:08 AM,856.5,200,171300.0,102845743.25
2025-08-01 09:23:13 AM,856.35,0,0.0,102845743.25
2025-08-01 09:23:16 AM,856.3,57,48809.1,102894552.35
2025-08-01 09:23:24 AM,856.45,421,360565.45,103255117.8
2025-08-01 09:23:25 AM,856.4,4,3425.6,103258543.39999999
2025-08-01 09:23:31 AM,856.3,26,22263.8,103280807.19999999
2025-08-01 09:23:33 AM,856.05,155,132687.75,103413494.94999999
2025-08-01 09:23:33 AM,856.3,0,0.0,103413494.94999999
2025-08-01 09:23:38 AM,855.8,0,0.0,103413494.94999999
2025-08-01 09:23:39 AM,855.8,225,192555.0,103606049.94999999
2025-08-01 09:23:46 AM,855.8,118,100984.4,103707034.35
2025-08-01 09:23:48 AM,856.05,61,52219.049999999996,103759253.39999999
2025-08-01 09:23:51 AM,855.7,0,0.0,103759253.39999999
2025-08-01 09:23:54 AM,856.05,280,239694.0,103998947.39999999
2025-08-01 09:23:56 AM,856.15,22,18835.3,104017782.69999999
2025-08-01 09:23:57 AM,855.85,0,0.0,104017782.69999999
2025-08-01 09:24:02 AM,855.85,116,99278.6,104117061.29999998
2025-08-01 09:24:03 AM,856.15,215,184072.25,104301133.54999998
2025-08-01 09:24:10 AM,856.1,80,68488.0,104369621.54999998
2025-08-01 09:24:11 AM,856.1,5,4280.5,104373902.04999998
2025-08-01 09:24:11 AM,856.15,0,0.0,104373902.04999998
2025-08-01 09:24:17 AM,856.3,320,274016.0,104647918.04999998
2025-08-01 09:24:24 AM,855.85,0,0.0,104647918.04999998
2025-08-01 09:24:25 AM,855.85,238,203692.30000000002,104851610.34999998
2025-08-01 09:24:26 AM,856.1,650,556465.0,105408075.34999998
2025-08-01 09:24:30 AM,855.5,0,0.0,105408075.34999998
2025-08-01 09:24:32 AM,855.25,10073,8614933.25,114023008.59999998
2025-08-01 09:24:36 AM,855.55,0,0.0,114023008.59999998
2025-08-01 09:24:36 AM,855.75,0,0.0,114023008.59999998
2025-08-01 09:24:40 AM,855.6,914,782018.4,114805026.99999999
2025-08-01 09:24:42 AM,855.6,6,5133.6,114810160.59999998
2025-08-01 09:24:47 AM,855.55,210,179665.5,114989826.09999998
2025-08-01 09:24:49 AM,855.25,44,37631.0,115027457.09999998
2025-08-01 09:24:54 AM,855.6,0,0.0,115027457.09999998
2025-08-01 09:24:55 AM,855.6,148,126628.8,115154085.89999998
2025-08-01 09:25:01 AM,855.1,0,0.0,115154085.89999998
2025-08-01 09:25:02 AM,855.3,1326,1134127.8,116288213.69999997
2025-08-01 09:25:09 AM,855.35,0,0.0,116288213.69999997
2025-08-01 09:25:10 AM,855.35,24,20528.4,116308742.09999998
2025-08-01 09:25:15 AM,855.1,0,0.0,116308742.09999998
2025-08-01 09:25:17 AM,855.1,112,95771.2,116404513.29999998
2025-08-01 09:25:22 AM,855.45,0,0.0,116404513.29999998
2025-08-01 09:25:25 AM,855.45,138,118052.1,116522565.39999998
2025-08-01 09:25:32 AM,855.15,7,5986.05,116528551.44999997
2025-08-01 09:25:34 AM,855.3,234,200140.19999999998,116728691.64999998
2025-08-01 09:25:40 AM,855.3,53,45330.899999999994,116774022.54999998
2025-08-01 09:25:42 AM,855.3,70,59871.0,116833893.54999998
2025-08-01 09:25:47 AM,855.55,176,150576.8,116984470.34999998
2025-08-01 09:25:49 AM,855.3,29,24803.699999999997,117009274.04999998
2025-08-01 09:25:50 AM,854.95,0,0.0,117009274.04999998
2025-08-01 09:25:55 AM,854.85,693,592411.05,117601685.09999998
2025-08-01 09:26:02 AM,854.8,90,76932.0,117678617.09999998
2025-08-01 09:26:04 AM,855.15,500,427575.0,118106192.09999998
2025-08-01 09:26:09 AM,854.5,0,0.0,118106192.09999998
2025-08-01 09:26:10 AM,854.5,399,340945.5,118447137.59999998
2025-08-01 09:26:12 AM,854.0,147,125538.0,118572675.59999998
2025-08-01 09:26:16 AM,853.9,0,0.0,118572675.59999998
2025-08-01 09:26:18 AM,853.9,329,280933.1,118853608.69999997
2025-08-01 09:26:20 AM,854.25,105,89696.25,118943304.94999997
2025-08-01 09:26:22 AM,853.7,0,0.0,118943304.94999997
2025-08-01 09:26:25 AM,853.35,1126,960872.1,119904177.04999997
2025-08-01 09:26:27 AM,853.8,22,18783.6,119922960.64999996
2025-08-01 09:26:32 AM,853.75,0,0.0,119922960.64999996
2025-08-01 09:26:33 AM,853.2,1525,1301130.0,121224090.64999996
2025-08-01 09:26:37 AM,853.75,0,0.0,121224090.64999996
2025-08-01 09:26:40 AM,853.8,0,0.0,121224090.64999996
2025-08-01 09:26:41 AM,853.8,293,250163.4,121474254.04999997
2025-08-01 09:26:42 AM,853.8,25,21345.0,121495599.04999997
2025-08-01 09:26:46 AM,853.4,0,0.0,121495599.04999997
2025-08-01 09:26:48 AM,853.8,139,118678.2,121614277.24999997
2025-08-01 09:26:57 AM,853.8,52,44397.6,121658674.84999996
2025-08-01 09:27:00 AM,853.3,74,63144.2,121721819.04999997
2025-08-01 09:27:02 AM,854.25,0,0.0,121721819.04999997
2025-08-01 09:27:03 AM,854.25,1824,1558152.0,123279971.04999997
2025-08-01 09:27:03 AM,854.45,0,0.0,123279971.04999997
2025-08-01 09:27:04 AM,854.45,2,1708.9,123281679.94999997
2025-08-01 09:27:06 AM,854.1,40,34164.0,123315843.94999997
2025-08-01 09:27:11 AM,853.6,0,0.0,123315843.94999997
2025-08-01 09:27:12 AM,853.25,81,69113.25,123384957.19999997
2025-08-01 09:27:12 AM,853.2,114,97264.8,123482221.99999997
2025-08-01 09:27:13 AM,853.7,64,54636.8,123536858.79999997
2025-08-01 09:27:19 AM,853.4,31,26455.399999999998,123563314.19999997
2025-08-01 09:27:21 AM,853.2,174,148456.80000000002,123711770.99999997
2025-08-01 09:27:22 AM,853.2,3,2559.6000000000004,123714330.59999996
2025-08-01 09:27:23 AM,853.15,0,0.0,123714330.59999996
2025-08-01 09:27:24 AM,853.15,20,17063.0,123731393.59999996
2025-08-01 09:27:25 AM,853.05,104,88717.2,123820110.79999997
2025-08-01 09:27:26 AM,853.3,0,0.0,123820110.79999997
2025-08-01 09:27:27 AM,853.3,15,12799.5,123832910.29999997
2025-08-01 09:27:29 AM,853.0,0,0.0,123832910.29999997
2025-08-01 09:27:30 AM,853.0,103,87859.0,123920769.29999997
2025-08-01 09:27:31 AM,853.0,68,58004.0,123978773.29999997
2025-08-01 09:27:32 AM,853.0,1656,1412568.0,125391341.29999997
2025-08-01 09:27:35 AM,852.8,181,154356.8,125545698.09999996
2025-08-01 09:27:36 AM,853.05,20,17061.0,125562759.09999996
2025-08-01 09:27:39 AM,853.0,11,9383.0,125572142.09999996
2025-08-01 09:27:41 AM,853.35,5,4266.75,125576408.84999996
2025-08-01 09:27:44 AM,853.4,0,0.0,125576408.84999996
2025-08-01 09:27:45 AM,853.4,215,183481.0,125759889.84999996
2025-08-01 09:27:47 AM,853.4,9,7680.599999999999,125767570.44999996
2025-08-01 09:27:51 AM,853.4,339,289302.6,126056873.04999995
2025-08-01 09:27:52 AM,853.9,599,511486.1,126568359.14999995
2025-08-01 09:28:00 AM,853.85,16,13661.6,126582020.74999994
2025-08-01 09:28:00 AM,853.9,0,0.0,126582020.74999994
2025-08-01 09:28:01 AM,853.95,253,216049.35,126798070.09999993
2025-08-01 09:28:04 AM,853.95,1,853.95,126798924.04999994
2025-08-01 09:28:05 AM,853.95,1,853.95,126799777.99999994
2025-08-01 09:28:06 AM,853.9,0,0.0,126799777.99999994
2025-08-01 09:28:07 AM,853.9,100,85390.0,126885167.99999994
2025-08-01 09:28:07 AM,853.85,1,853.85,126886021.84999993
2025-08-01 09:28:08 AM,853.85,1,853.85,126886875.69999993
2025-08-01 09:28:09 AM,853.85,179,152839.15,127039714.84999993
2025-08-01 09:28:11 AM,853.85,105,89654.25,127129369.09999993
2025-08-01 09:28:14 AM,853.85,22,18784.7,127148153.79999994
2025-08-01 09:28:15 AM,853.85,4,3415.4,127151569.19999994
2025-08-01 09:28:18 AM,853.85,5,4269.25,127155838.44999994
2025-08-01 09:28:20 AM,853.85,16,13661.6,127169500.04999994
2025-08-01 09:28:26 AM,853.85,30,25615.5,127195115.54999994
2025-08-01 09:28:27 AM,853.85,2,1707.7,127196823.24999994
2025-08-01 09:28:30 AM,853.5,68,58038.0,127254861.24999994
2025-08-01 09:28:33 AM,853.85,53,45254.05,127300115.29999994
2025-08-01 09:28:35 AM,853.2,630,537516.0,127837631.29999994
2025-08-01 09:28:38 AM,853.8,84,71719.2,127909350.49999994
2025-08-01 09:28:39 AM,853.45,15,12801.75,127922152.24999994
2025-08-01 09:28:43 AM,853.8,0,0.0,127922152.24999994
2025-08-01 09:28:44 AM,853.8,11,9391.8,127931544.04999994
2025-08-01 09:28:44 AM,853.8,15,12807.0,127944351.04999994
2025-08-01 09:28:45 AM,853.75,15,12806.25,127957157.29999994
2025-08-01 09:28:45 AM,853.5,0,0.0,127957157.29999994
2025-08-01 09:28:46 AM,853.5,46,39261.0,127996418.29999994
2025-08-01 09:28:47 AM,853.65,500,426825.0,128423243.29999994
2025-08-01 09:28:52 AM,853.75,0,0.0,128423243.29999994
2025-08-01 09:28:53 AM,853.75,60,51225.0,128474468.29999994
2025-08-01 09:28:58 AM,853.3,0,0.0,128474468.29999994
2025-08-01 09:28:59 AM,853.3,100,85330.0,128559798.29999994
2025-08-01 09:29:00 AM,853.35,15,12800.25,128572598.54999994
2025-08-01 09:29:05 AM,853.35,247,210777.45,128783375.99999994
2025-08-01 09:29:06 AM,853.2,30,25596.0,128808971.99999994
2025-08-01 09:29:12 AM,852.8,2852,2432185.6,131241157.59999993
2025-08-01 09:29:14 AM,853.1,50,42655.0,131283812.59999993
2025-08-01 09:29:16 AM,853.15,0,0.0,131283812.59999993
2025-08-01 09:29:20 AM,853.15,291,248266.65,131532079.24999994
2025-08-01 09:29:26 AM,852.8,0,0.0,131532079.24999994
2025-08-01 09:29:28 AM,852.8,10,8528.0,131540607.24999994
2025-08-01 09:29:29 AM,852.8,47,40081.6,131580688.84999993
2025-08-01 09:29:32 AM,853.15,0,0.0,131580688.84999993
2025-08-01 09:29:35 AM,853.15,486,414630.89999999997,131995319.74999994
2025-08-01 09:29:41 AM,853.45,0,0.0,131995319.74999994
2025-08-01 09:29:42 AM,853.5,0,0.0,131995319.74999994
2025-08-01 09:29:42 AM,853.5,479,408826.5,132404146.24999994
2025-08-01 09:29:46 AM,854.05,0,0.0,132404146.24999994
2025-08-01 09:29:50 AM,854.05,2057,1756780.8499999999,134160927.09999993
2025-08-01 09:29:51 AM,854.0,1,854.0,134161781.09999993
2025-08-01 09:29:52 AM,853.6,0,0.0,134161781.09999993
2025-08-01 09:29:57 AM,853.6,58,49508.8,134211289.89999993
2025-08-01 09:30:01 AM,853.95,10,8539.5,134219829.39999992
2025-08-01 09:30:01 AM,853.95,5,4269.75,134224099.14999992
2025-08-01 09:30:04 AM,853.9,0,0.0,134224099.14999992
2025-08-01 09:30:05 AM,853.9,80,68312.0,134292411.14999992
2025-08-01 09:30:07 AM,853.65,2,1707.3,134294118.44999993
2025-08-01 09:30:08 AM,853.9,1,853.9,134294972.34999993
2025-08-01 09:30:10 AM,853.9,7,5977.3,134300949.64999995
2025-08-01 09:30:12 AM,853.65,6,5121.9,134306071.54999995
2025-08-01 09:30:14 AM,853.9,4,3415.6,134309487.14999995
2025-08-01 09:30:15 AM,853.6,0,0.0,134309487.14999995
2025-08-01 09:30:15 AM,853.6,528,450700.8,134760187.94999996
2025-08-01 09:30:18 AM,853.3,0,0.0,134760187.94999996
2025-08-01 09:30:19 AM,853.3,2,1706.6,134761894.54999995
2025-08-01 09:30:19 AM,853.6,100,85360.0,134847254.54999995
2025-08-01 09:30:20 AM,853.6,16,13657.6,134860912.14999995
2025-08-01 09:30:24 AM,853.5,100,85350.0,134946262.14999995
2025-08-01 09:30:25 AM,853.3,0,0.0,134946262.14999995
2025-08-01 09:30:25 AM,853.3,332,283295.6,135229557.74999994
2025-08-01 09:30:26 AM,852.9,0,0.0,135229557.74999994
2025-08-01 09:30:26 AM,852.9,42,35821.799999999996,135265379.54999995
2025-08-01 09:30:31 AM,852.9,8,6823.2,135272202.74999994
2025-08-01 09:30:34 AM,852.9,7,5970.3,135278173.04999995
2025-08-01 09:30:35 AM,852.9,3,2558.7,135280731.74999994
2025-08-01 09:30:35 AM,852.9,25,21322.5,135302054.24999994
2025-08-01 09:30:35 AM,852.85,0,0.0,135302054.24999994
2025-08-01 09:30:36 AM,852.9,66,56291.4,135358345.64999995
2025-08-01 09:30:37 AM,852.85,8,6822.8,135365168.44999996
2025-08-01 09:30:38 AM,853.2,59,50338.8,135415507.24999997
2025-08-01 09:30:40 AM,853.15,15,12797.25,135428304.49999997
2025-08-01 09:30:42 AM,853.2,1,853.2,135429157.69999996
2025-08-01 09:30:44 AM,853.2,6,5119.200000000001,135434276.89999995
2025-08-01 09:30:45 AM,853.1,67,57157.700000000004,135491434.59999993
2025-08-01 09:30:48 AM,853.2,2,1706.4,135493140.99999994
2025-08-01 09:30:49 AM,853.2,76,64843.200000000004,135557984.19999993
2025-08-01 09:30:50 AM,853.1,0,0.0,135557984.19999993
2025-08-01 09:30:50 AM,853.1,100,85310.0,135643294.19999993
2025-08-01 09:30:51 AM,853.1,113,96400.3,135739694.49999994
2025-08-01 09:30:51 AM,853.1,174,148439.4,135888133.89999995
2025-08-01 09:31:00 AM,852.85,20,17057.0,135905190.89999995
2025-08-01 09:31:01 AM,853.1,0,0.0,135905190.89999995
2025-08-01 09:31:04 AM,853.1,226,192800.6,136097991.49999994
2025-08-01 09:31:12 AM,853.1,16,13649.6,136111641.09999993
2025-08-01 09:31:15 AM,853.0,0,0.0,136111641.09999993
2025-08-01 09:31:19 AM,853.15,0,0.0,136111641.09999993
2025-08-01 09:31:19 AM,853.15,411,350644.64999999997,136462285.74999994
2025-08-01 09:31:21 AM,853.2,0,0.0,136462285.74999994
2025-08-01 09:31:26 AM,853.2,133,113475.6,136575761.34999993
2025-08-01 09:31:33 AM,854.45,0,0.0,136575761.34999993
2025-08-01 09:31:34 AM,854.45,1709,1460255.05,138036016.39999995
2025-08-01 09:31:34 AM,854.2,8,6833.6,138042849.99999994
2025-08-01 09:31:37 AM,854.45,0,0.0,138042849.99999994
2025-08-01 09:31:39 AM,854.75,0,0.0,138042849.99999994
2025-08-01 09:31:41 AM,854.45,64,54684.8,138097534.79999995
2025-08-01 09:31:47 AM,854.45,113,96552.85,138194087.64999995
2025-08-01 09:31:54 AM,855.05,0,0.0,138194087.64999995
2025-08-01 09:31:55 AM,855.05,612,523290.6,138717378.24999994
2025-08-01 09:32:01 AM,855.8,1683,1440311.4,140157689.64999995
2025-08-01 09:32:05 AM,855.65,0,0.0,140157689.64999995
2025-08-01 09:32:05 AM,855.5,0,0.0,140157689.64999995
2025-08-01 09:32:09 AM,855.85,140,119819.0,140277508.64999995
2025-08-01 09:32:11 AM,855.55,0,0.0,140277508.64999995
2025-08-01 09:32:16 AM,855.55,1182,1011260.1,141288768.74999994
2025-08-01 09:32:17 AM,855.5,0,0.0,141288768.74999994
2025-08-01 09:32:23 AM,855.8,0,0.0,141288768.74999994
2025-08-01 09:32:23 AM,855.8,1142,977323.6,142266092.34999993
2025-08-01 09:32:29 AM,855.65,0,0.0,142266092.34999993
2025-08-01 09:32:30 AM,855.65,91,77864.15,142343956.49999994
2025-08-01 09:32:35 AM,855.8,0,0.0,142343956.49999994
2025-08-01 09:32:36 AM,855.8,357,305520.6,142649477.09999993
2025-08-01 09:32:41 AM,855.85,0,0.0,142649477.09999993
2025-08-01 09:32:41 AM,855.65,0,0.0,142649477.09999993
2025-08-01 09:32:43 AM,856.2,881,754312.2000000001,143403789.29999992
2025-08-01 09:32:47 AM,856.75,0,0.0,143403789.29999992
2025-08-01 09:32:51 AM,856.3,1338,1145729.4,144549518.69999993
2025-08-01 09:32:57 AM,856.3,15,12844.5,144562363.19999993
2025-08-01 09:32:59 AM,856.7,0,0.0,144562363.19999993
2025-08-01 09:33:01 AM,856.7,40,34268.0,144596631.19999993
2025-08-01 09:33:02 AM,856.35,20,17127.0,144613758.19999993
2025-08-01 09:33:02 AM,856.75,295,252741.25,144866499.44999993
2025-08-01 09:33:05 AM,856.75,11,9424.25,144875923.69999993
2025-08-01 09:33:09 AM,856.75,12,10281.0,144886204.69999993
2025-08-01 09:33:10 AM,856.5,1,856.5,144887061.19999993
2025-08-01 09:33:11 AM,856.75,64,54832.0,144941893.19999993
2025-08-01 09:33:11 AM,856.25,0,0.0,144941893.19999993
2025-08-01 09:33:12 AM,856.25,2432,2082400.0,147024293.19999993
2025-08-01 09:33:15 AM,855.45,800,684360.0,147708653.19999993
2025-08-01 09:33:16 AM,856.2,0,0.0,147708653.19999993
2025-08-01 09:33:16 AM,856.2,8,6849.6,147715502.79999992
2025-08-01 09:33:20 AM,856.2,16,13699.2,147729201.9999999
2025-08-01 09:33:24 AM,856.2,9,7705.8,147736907.79999992
2025-08-01 09:33:27 AM,856.2,1,856.2,147737763.9999999
2025-08-01 09:33:28 AM,856.2,50,42810.0,147780573.9999999
2025-08-01 09:33:29 AM,856.2,9,7705.8,147788279.79999992
2025-08-01 09:33:30 AM,856.45,0,0.0,147788279.79999992
2025-08-01 09:33:30 AM,856.45,114,97635.3,147885915.09999993
2025-08-01 09:33:31 AM,856.5,24,20556.0,147906471.09999993
2025-08-01 09:33:32 AM,856.5,21,17986.5,147924457.59999993
2025-08-01 09:33:32 AM,856.5,14,11991.0,147936448.59999993
2025-08-01 09:33:33 AM,856.5,19,16273.5,147952722.09999993
2025-08-01 09:33:35 AM,856.55,0,0.0,147952722.09999993
2025-08-01 09:33:35 AM,856.55,3,2569.6499999999996,147955291.74999994
2025-08-01 09:33:36 AM,856.75,69,59115.75,148014407.49999994
2025-08-01 09:33:37 AM,856.75,3,2570.25,148016977.74999994
2025-08-01 09:33:40 AM,856.55,41,35118.549999999996,148052096.29999995
2025-08-01 09:33:41 AM,856.9,11,9425.9,148061522.19999996
2025-08-01 09:33:50 AM,857.05,144,123415.2,148184937.39999995
2025-08-01 09:33:52 AM,857.05,436,373673.8,148558611.19999996
2025-08-01 09:33:53 AM,857.35,120,102882.0,148661493.19999996
2025-08-01 09:33:56 AM,857.35,5,4286.75,148665779.94999996
2025-08-01 09:34:00 AM,857.35,15,12860.25,148678640.19999996
2025-08-01 09:34:06 AM,857.5,0,0.0,148678640.19999996
2025-08-01 09:34:07 AM,857.5,847,726302.5,149404942.69999996
2025-08-01 09:34:11 AM,857.65,0,0.0,149404942.69999996
2025-08-01 09:34:14 AM,857.6,2223,1906444.8,151311387.49999997
2025-08-01 09:34:19 AM,857.5,0,0.0,151311387.49999997
2025-08-01 09:34:20 AM,857.6,0,0.0,151311387.49999997
2025-08-01 09:34:21 AM,857.6,54,46310.4,151357697.89999998
2025-08-01 09:34:24 AM,857.2,0,0.0,151357697.89999998
2025-08-01 09:34:28 AM,857.2,1482,1270370.4000000001,152628068.29999998
2025-08-01 09:34:30 AM,856.9,0,0.0,152628068.29999998
2025-08-01 09:34:35 AM,856.95,2082,1784169.9000000001,154412238.2
2025-08-01 09:34:39 AM,856.4,0,0.0,154412238.2
2025-08-01 09:34:42 AM,856.4,1173,1004557.2,155416795.39999998
2025-08-01 09:34:43 AM,856.0,0,0.0,155416795.39999998
2025-08-01 09:34:49 AM,856.0,89,76184.0,155492979.39999998
2025-08-01 09:34:51 AM,856.1,0,0.0,155492979.39999998
2025-08-01 09:34:56 AM,856.1,500,428050.0,155921029.39999998
2025-08-01 09:35:00 AM,855.95,0,0.0,155921029.39999998
2025-08-01 09:35:02 AM,855.95,747,639394.65,156560424.04999998
2025-08-01 09:35:09 AM,855.95,58,49645.100000000006,156610069.14999998
2025-08-01 09:35:17 AM,855.95,171,146367.45,156756436.59999996
2025-08-01 09:35:24 AM,855.95,15,12839.25,156769275.84999996
2025-08-01 09:35:31 AM,855.95,23,19686.850000000002,156788962.69999996
2025-08-01 09:35:44 AM,855.45,810,692914.5,157481877.19999996
2025-08-01 09:35:45 AM,855.35,0,0.0,157481877.19999996
2025-08-01 09:35:51 AM,855.35,125,106918.75,157588795.94999996
2025-08-01 09:35:57 AM,855.1,11,9406.1,157598202.04999995
2025-08-01 09:36:04 AM,855.1,181,154773.1,157752975.14999995
2025-08-01 09:36:08 AM,855.35,0,0.0,157752975.14999995
2025-08-01 09:36:11 AM,855.55,1491,1275625.05,159028600.19999996
2025-08-01 09:36:12 AM,855.1,0,0.0,159028600.19999996
2025-08-01 09:36:18 AM,855.1,85,72683.5,159101283.69999996
2025-08-01 09:36:20 AM,855.75,0,0.0,159101283.69999996
2025-08-01 09:36:24 AM,855.75,62,53056.5,159154340.19999996
2025-08-01 09:36:31 AM,855.4,43,36782.2,159191122.39999995
2025-08-01 09:36:36 AM,855.35,0,0.0,159191122.39999995
2025-08-01 09:36:37 AM,855.35,257,219824.95,159410947.34999993
2025-08-01 09:36:40 AM,855.75,0,0.0,159410947.34999993
2025-08-01 09:36:43 AM,855.2,881,753431.2000000001,160164378.54999992
2025-08-01 09:36:48 AM,855.0,0,0.0,160164378.54999992
2025-08-01 09:36:50 AM,855.0,2,1710.0,160166088.54999992
2025-08-01 09:36:52 AM,854.85,0,0.0,160166088.54999992
2025-08-01 09:36:56 AM,855.0,0,0.0,160166088.54999992
2025-08-01 09:36:57 AM,855.0,103,88065.0,160254153.54999992
2025-08-01 09:37:00 AM,855.05,0,0.0,160254153.54999992
2025-08-01 09:37:00 AM,855.1,0,0.0,160254153.54999992
2025-08-01 09:37:04 AM,855.15,1085,927837.75,161181991.29999992
2025-08-01 09:37:11 AM,855.15,1,855.15,161182846.44999993
2025-08-01 09:37:18 AM,855.15,8,6841.2,161189687.64999992
2025-08-01 09:37:25 AM,855.15,139,118865.84999999999,161308553.4999999
2025-08-01 09:37:29 AM,854.8,0,0.0,161308553.4999999
2025-08-01 09:37:32 AM,854.8,1364,1165947.2,162474500.6999999
2025-08-01 09:37:32 AM,854.75,9,7692.75,162482193.4499999
2025-08-01 09:37:38 AM,854.5,0,0.0,162482193.4499999
2025-08-01 09:37:38 AM,854.5,11,9399.5,162491592.9499999
2025-08-01 09:37:45 AM,854.75,15,12821.25,162504414.1999999
2025-08-01 09:37:50 AM,854.55,0,0.0,162504414.1999999
2025-08-01 09:37:52 AM,854.6,0,0.0,162504414.1999999
2025-08-01 09:37:52 AM,854.6,339,289709.4,162794123.5999999
2025-08-01 09:37:54 AM,854.65,0,0.0,162794123.5999999
2025-08-01 09:37:58 AM,854.55,25,21363.75,162815487.3499999
2025-08-01 09:38:00 AM,854.45,0,0.0,162815487.3499999
2025-08-01 09:38:04 AM,854.6,0,0.0,162815487.3499999
2025-08-01 09:38:05 AM,854.6,1430,1222078.0,164037565.3499999
2025-08-01 09:38:12 AM,854.6,58,49566.8,164087132.14999992
2025-08-01 09:38:16 AM,854.65,0,0.0,164087132.14999992
2025-08-01 09:38:16 AM,854.85,0,0.0,164087132.14999992
2025-08-01 09:38:19 AM,854.85,615,525732.75,164612864.89999992
2025-08-01 09:38:25 AM,854.55,0,0.0,164612864.89999992
2025-08-01 09:38:26 AM,854.55,1499,1280970.45,165893835.3499999
2025-08-01 09:38:32 AM,854.55,148,126473.4,166020308.7499999
2025-08-01 09:38:35 AM,854.0,0,0.0,166020308.7499999
2025-08-01 09:38:39 AM,853.35,2712,2314285.2,168334593.9499999
2025-08-01 09:38:44 AM,853.7,0,0.0,168334593.9499999
2025-08-01 09:38:46 AM,853.7,25,21342.5,168355936.4499999
2025-08-01 09:38:52 AM,853.4,270,230418.0,168586354.4499999
2025-08-01 09:38:56 AM,853.0,0,0.0,168586354.4499999
2025-08-01 09:38:59 AM,853.05,1171,998921.5499999999,169585275.9999999
2025-08-01 09:39:00 AM,853.05,25,21326.25,169606602.2499999
2025-08-01 09:39:01 AM,852.4,1013,863481.2,170470083.4499999
2025-08-01 09:39:02 AM,851.8,0,0.0,170470083.4499999
2025-08-01 09:39:03 AM,851.8,1505,1281959.0,171752042.4499999
2025-08-01 09:39:04 AM,851.5,690,587535.0,172339577.4499999
2025-08-01 09:39:06 AM,851.5,70,59605.0,172399182.4499999
2025-08-01 09:39:07 AM,851.5,2,1703.0,172400885.4499999
2025-08-01 09:39:07 AM,851.9,0,0.0,172400885.4499999
2025-08-01 09:39:08 AM,851.5,189,160933.5,172561818.9499999
2025-08-01 09:39:08 AM,851.85,0,0.0,172561818.9499999
2025-08-01 09:39:09 AM,850.5,2162,1838781.0,174400599.9499999
2025-08-01 09:39:11 AM,850.7,10,8507.0,174409106.9499999
2025-08-01 09:39:12 AM,851.0,1,851.0,174409957.9499999
2025-08-01 09:39:15 AM,850.7,7,5954.900000000001,174415912.8499999
2025-08-01 09:39:19 AM,851.0,214,182114.0,174598026.8499999
2025-08-01 09:39:20 AM,851.0,15,12765.0,174610791.8499999
2025-08-01 09:39:25 AM,850.7,0,0.0,174610791.8499999
2025-08-01 09:39:26 AM,850.15,465,395319.75,175006111.5999999
2025-08-01 09:39:26 AM,850.55,0,0.0,175006111.5999999
2025-08-01 09:39:27 AM,850.15,108,91816.2,175097927.7999999
2025-08-01 09:39:28 AM,850.55,0,0.0,175097927.7999999
2025-08-01 09:39:28 AM,850.55,10,8505.5,175106433.2999999
2025-08-01 09:39:29 AM,850.55,5,4252.75,175110686.0499999
2025-08-01 09:39:32 AM,850.7,0,0.0,175110686.0499999
2025-08-01 09:39:33 AM,851.25,3039,2586948.75,177697634.7999999
2025-08-01 09:39:35 AM,851.55,0,0.0,177697634.7999999
2025-08-01 09:39:36 AM,851.55,561,477719.55,178175354.3499999
2025-08-01 09:39:39 AM,851.65,0,0.0,178175354.3499999
2025-08-01 09:39:40 AM,851.65,70,59615.5,178234969.8499999
2025-08-01 09:39:42 AM,851.65,40,34066.0,178269035.8499999
2025-08-01 09:39:49 AM,851.85,8,6814.8,178275850.64999992
2025-08-01 09:39:54 AM,851.85,83,70703.55,178346554.19999993
2025-08-01 09:39:56 AM,851.85,50,42592.5,178389146.69999993
2025-08-01 09:39:57 AM,851.85,12,10222.2,178399368.89999992
2025-08-01 09:39:59 AM,851.85,10,8518.5,178407887.39999992
2025-08-01 09:40:00 AM,851.9,0,0.0,178407887.39999992
2025-08-01 09:40:00 AM,851.9,16,13630.4,178421517.79999992
2025-08-01 09:40:04 AM,851.9,64,54521.6,178476039.39999992
2025-08-01 09:40:05 AM,852.3,1500,1278450.0,179754489.39999992
2025-08-01 09:40:07 AM,852.4,0,0.0,179754489.39999992
2025-08-01 09:40:08 AM,852.3,0,0.0,179754489.39999992
2025-08-01 09:40:08 AM,852.3,81,69036.3,179823525.69999993
2025-08-01 09:40:12 AM,852.4,38,32391.2,179855916.89999992
2025-08-01 09:40:14 AM,852.4,15,12786.0,179868702.89999992
2025-08-01 09:40:15 AM,852.4,7,5966.8,179874669.69999993
2025-08-01 09:40:17 AM,852.4,50,42620.0,179917289.69999993
2025-08-01 09:40:18 AM,852.4,74,63077.6,179980367.29999992
2025-08-01 09:40:18 AM,852.45,0,0.0,179980367.29999992
2025-08-01 09:40:19 AM,852.5,419,357197.5,180337564.79999992
2025-08-01 09:40:23 AM,852.75,2,1705.5,180339270.29999992
2025-08-01 09:40:24 AM,852.6,0,0.0,180339270.29999992
2025-08-01 09:40:25 AM,852.75,71,60545.25,180399815.54999992
2025-08-01 09:40:27 AM,852.75,50,42637.5,180442453.04999992
2025-08-01 09:40:29 AM,852.75,3,2558.25,180445011.29999992
2025-08-01 09:40:32 AM,852.6,5,4263.0,180449274.29999992
2025-08-01 09:40:33 AM,852.75,0,0.0,180449274.29999992
2025-08-01 09:40:34 AM,852.75,64,54576.0,180503850.29999992
2025-08-01 09:40:40 AM,852.75,105,89538.75,180593389.04999992
2025-08-01 09:40:41 AM,852.75,5,4263.75,180597652.79999992
2025-08-01 09:40:47 AM,852.75,10,8527.5,180606180.29999992
2025-08-01 09:40:48 AM,852.65,34,28990.1,180635170.39999992
2025-08-01 09:40:50 AM,852.65,15,12789.75,180647960.14999992
2025-08-01 09:40:51 AM,852.75,0,0.0,180647960.14999992
2025-08-01 09:40:52 AM,852.75,23,19613.25,180667573.39999992
2025-08-01 09:40:52 AM,852.65,0,0.0,180667573.39999992
2025-08-01 09:40:53 AM,852.75,0,0.0,180667573.39999992
2025-08-01 09:40:53 AM,852.75,110,93802.5,180761375.89999992
2025-08-01 09:41:04 AM,852.85,259,220888.15,180982264.04999992
2025-08-01 09:41:11 AM,852.85,285,243062.25,181225326.29999992
2025-08-01 09:41:19 AM,853.0,86,73358.0,181298684.29999992
2025-08-01 09:41:20 AM,852.95,0,0.0,181298684.29999992
2025-08-01 09:41:25 AM,852.95,15,12794.25,181311478.54999992
2025-08-01 09:41:31 AM,852.85,849,724069.65,182035548.19999993
2025-08-01 09:41:36 AM,852.9,0,0.0,182035548.19999993
2025-08-01 09:41:38 AM,852.9,199,169727.1,182205275.29999992
2025-08-01 09:41:44 AM,852.9,116,98936.4,182304211.69999993
2025-08-01 09:41:57 AM,853.0,135,115155.0,182419366.69999993
2025-08-01 09:42:03 AM,852.85,125,106606.25,182525972.94999993
2025-08-01 09:42:04 AM,852.8,0,0.0,182525972.94999993
2025-08-01 09:42:05 AM,852.8,1302,1110345.5999999999,183636318.54999992
2025-08-01 09:42:09 AM,852.85,0,0.0,183636318.54999992
2025-08-01 09:42:10 AM,852.85,181,154365.85,183790684.39999992
2025-08-01 09:42:21 AM,852.8,0,0.0,183790684.39999992
2025-08-01 09:42:23 AM,852.8,75,63960.0,183854644.39999992
2025-08-01 09:42:35 AM,852.35,0,0.0,183854644.39999992
2025-08-01 09:42:37 AM,852.35,672,572779.2000000001,184427423.5999999
2025-08-01 09:42:44 AM,852.5,37,31542.5,184458966.0999999
2025-08-01 09:42:47 AM,852.6,0,0.0,184458966.0999999
2025-08-01 09:42:49 AM,852.3,448,381830.39999999997,184840796.4999999
2025-08-01 09:42:51 AM,852.3,296,252280.8,185093077.29999992
2025-08-01 09:42:56 AM,852.35,305,259966.75,185353044.04999992
2025-08-01 09:42:59 AM,852.0,0,0.0,185353044.04999992
2025-08-01 09:43:01 AM,851.3,0,0.0,185353044.04999992
2025-08-01 09:43:01 AM,851.3,1038,883649.3999999999,186236693.44999993
2025-08-01 09:43:01 AM,851.75,0,0.0,186236693.44999993
2025-08-01 09:43:01 AM,851.75,5,4258.75,186240952.19999993
2025-08-01 09:43:06 AM,851.3,5,4256.5,186245208.69999993
2025-08-01 09:43:07 AM,851.75,2,1703.5,186246912.19999993
2025-08-01 09:43:09 AM,851.75,30,25552.5,186272464.69999993
2025-08-01 09:43:14 AM,851.75,74,63029.5,186335494.19999993
2025-08-01 09:43:15 AM,851.75,64,54512.0,186390006.19999993
2025-08-01 09:43:20 AM,851.7,17,14478.900000000001,186404485.09999993
2025-08-01 09:43:24 AM,851.4,0,0.0,186404485.09999993
2025-08-01 09:43:25 AM,851.4,25,21285.0,186425770.09999993
2025-08-01 09:43:27 AM,851.3,0,0.0,186425770.09999993
2025-08-01 09:43:28 AM,851.3,257,218784.09999999998,186644554.19999993
2025-08-01 09:43:34 AM,851.65,0,0.0,186644554.19999993
2025-08-01 09:43:35 AM,851.65,10,8516.5,186653070.69999993
2025-08-01 09:43:35 AM,851.3,5,4256.5,186657327.19999993
2025-08-01 09:43:36 AM,851.3,491,417988.3,187075315.49999994
2025-08-01 09:43:37 AM,851.25,0,0.0,187075315.49999994
2025-08-01 09:43:38 AM,851.25,3,2553.75,187077869.24999994
2025-08-01 09:43:40 AM,851.25,47,40008.75,187117877.99999994
2025-08-01 09:43:41 AM,851.25,20,17025.0,187134902.99999994
2025-08-01 09:43:44 AM,851.3,0,0.0,187134902.99999994
2025-08-01 09:43:45 AM,851.3,30,25539.0,187160441.99999994
2025-08-01 09:43:47 AM,851.25,0,0.0,187160441.99999994
2025-08-01 09:43:48 AM,851.25,112,95340.0,187255781.99999994
2025-08-01 09:43:49 AM,851.25,25,21281.25,187277063.24999994
2025-08-01 09:43:56 AM,851.3,0,0.0,187277063.24999994
2025-08-01 09:43:56 AM,851.3,550,468215.0,187745278.24999994
2025-08-01 09:43:57 AM,851.25,0,0.0,187745278.24999994
2025-08-01 09:43:58 AM,851.25,1111,945738.75,188691016.99999994
2025-08-01 09:43:59 AM,851.25,10,8512.5,188699529.49999994
2025-08-01 09:44:00 AM,851.25,70,59587.5,188759116.99999994
2025-08-01 09:44:02 AM,851.0,12,10212.0,188769328.99999994
2025-08-01 09:44:09 AM,851.05,333,283399.64999999997,189052728.64999995
2025-08-01 09:44:11 AM,851.0,0,0.0,189052728.64999995
2025-08-01 09:44:16 AM,851.0,110,93610.0,189146338.64999995
2025-08-01 09:44:22 AM,850.95,114,97008.3,189243346.94999996
2025-08-01 09:44:27 AM,851.05,0,0.0,189243346.94999996
2025-08-01 09:44:28 AM,851.05,319,271484.95,189514831.89999995
2025-08-01 09:44:29 AM,850.75,10,8507.5,189523339.39999995
2025-08-01 09:44:35 AM,850.95,0,0.0,189523339.39999995
2025-08-01 09:44:36 AM,850.95,2,1701.9,189525041.29999995
2025-08-01 09:44:39 AM,850.85,0,0.0,189525041.29999995
2025-08-01 09:44:41 AM,850.85,1314,1118016.9000000001,190643058.19999996
2025-08-01 09:44:43 AM,850.75,0,0.0,190643058.19999996
2025-08-01 09:44:48 AM,850.75,407,346255.25,190989313.44999996
2025-08-01 09:44:51 AM,850.5,0,0.0,190989313.44999996
2025-08-01 09:44:54 AM,850.5,94,79947.0,191069260.44999996
2025-08-01 09:44:59 AM,850.75,0,0.0,191069260.44999996
2025-08-01 09:45:00 AM,850.75,396,336897.0,191406157.44999996
2025-08-01 09:45:02 AM,850.75,4,3403.0,191409560.44999996
2025-08-01 09:45:03 AM,850.5,0,0.0,191409560.44999996
2025-08-01 09:45:07 AM,850.25,3609,3068552.25,194478112.69999996
2025-08-01 09:45:09 AM,850.25,156,132639.0,194610751.69999996
2025-08-01 09:45:11 AM,850.15,0,0.0,194610751.69999996
2025-08-01 09:45:14 AM,850.15,43,36556.45,194647308.14999995
2025-08-01 09:45:15 AM,850.25,0,0.0,194647308.14999995
2025-08-01 09:45:16 AM,850.25,151,128387.75,194775695.89999995
2025-08-01 09:45:21 AM,850.25,18,15304.5,194791000.39999995
2025-08-01 09:45:22 AM,850.25,51,43362.75,194834363.14999995
2025-08-01 09:45:27 AM,850.5,235,199867.5,195034230.64999995
2025-08-01 09:45:31 AM,850.25,0,0.0,195034230.64999995
2025-08-01 09:45:33 AM,850.15,70,59510.5,195093741.14999995
2025-08-01 09:45:35 AM,850.15,70,59510.5,195153251.64999995
2025-08-01 09:45:35 AM,849.75,0,0.0,195153251.64999995
2025-08-01 09:45:39 AM,850.1,0,0.0,195153251.64999995
2025-08-01 09:45:40 AM,850.1,3366,2861436.6,198014688.24999994
2025-08-01 09:45:41 AM,849.8,50,42490.0,198057178.24999994
2025-08-01 09:45:46 AM,849.8,254,215849.19999999998,198273027.44999993
2025-08-01 09:45:51 AM,850.25,0,0.0,198273027.44999993
2025-08-01 09:45:53 AM,850.25,512,435328.0,198708355.44999993
2025-08-01 09:45:57 AM,850.5,0,0.0,198708355.44999993
2025-08-01 09:45:59 AM,850.75,1817,1545812.75,200254168.19999993
2025-08-01 09:46:00 AM,850.75,72,61254.0,200315422.19999993
2025-08-01 09:46:06 AM,850.55,711,604741.0499999999,200920163.24999994
2025-08-01 09:46:12 AM,850.65,557,473812.05,201393975.29999995
2025-08-01 09:46:14 AM,850.55,122,103767.09999999999,201497742.39999995
2025-08-01 09:46:20 AM,849.75,0,0.0,201497742.39999995
2025-08-01 09:46:20 AM,849.75,100,84975.0,201582717.39999995
2025-08-01 09:46:21 AM,850.2,0,0.0,201582717.39999995
2025-08-01 09:46:25 AM,850.55,1096,932202.7999999999,202514920.19999996
2025-08-01 09:46:27 AM,850.55,52,44228.6,202559148.79999995
2025-08-01 09:46:32 AM,850.8,957,814215.6,203373364.39999995
2025-08-01 09:46:38 AM,850.8,62,52749.6,203426113.99999994
2025-08-01 09:46:41 AM,850.75,0,0.0,203426113.99999994
2025-08-01 09:46:44 AM,850.75,16,13612.0,203439725.99999994
2025-08-01 09:46:45 AM,850.55,0,0.0,203439725.99999994
2025-08-01 09:46:46 AM,850.55,2,1701.1,203441427.09999993
2025-08-01 09:46:52 AM,850.55,1,850.55,203442277.64999995
2025-08-01 09:46:57 AM,850.55,407,346173.85,203788451.49999994
2025-08-01 09:46:58 AM,850.55,55,46780.25,203835231.74999994
2025-08-01 09:47:00 AM,850.5,153,130126.5,203965358.24999994
2025-08-01 09:47:03 AM,850.65,50,42532.5,204007890.74999994
2025-08-01 09:47:14 AM,850.65,21,17863.649999999998,204025754.39999995
2025-08-01 09:47:20 AM,850.65,15,12759.75,204038514.14999995
2025-08-01 09:47:21 AM,850.65,10,8506.5,204047020.64999995
2025-08-01 09:47:21 AM,850.65,1,850.65,204047871.29999995
2025-08-01 09:47:23 AM,850.65,10,8506.5,204056377.79999995
2025-08-01 09:47:26 AM,850.65,50,42532.5,204098910.29999995
2025-08-01 09:47:32 AM,850.5,0,0.0,204098910.29999995
2025-08-01 09:47:32 AM,850.5,626,532413.0,204631323.29999995
2025-08-01 09:47:40 AM,850.35,15,12755.25,204644078.54999995
2025-08-01 09:47:42 AM,850.05,250,212512.5,204856591.04999995
2025-08-01 09:47:49 AM,850.4,0,0.0,204856591.04999995
2025-08-01 09:47:50 AM,850.4,565,480476.0,205337067.04999995
2025-08-01 09:47:55 AM,850.65,125,106331.25,205443398.29999995
2025-08-01 09:48:00 AM,850.65,15,12759.75,205456158.04999995
2025-08-01 09:48:01 AM,850.35,17,14455.95,205470613.99999994
2025-08-01 09:48:01 AM,850.65,0,0.0,205470613.99999994
2025-08-01 09:48:01 AM,850.65,29,24668.85,205495282.84999993
2025-08-01 09:48:02 AM,850.65,47,39980.549999999996,205535263.39999995
2025-08-01 09:48:04 AM,850.65,12,10207.8,205545471.19999996
2025-08-01 09:48:07 AM,850.65,64,54441.6,205599912.79999995
2025-08-01 09:48:11 AM,850.65,158,134402.69999999998,205734315.49999994
2025-08-01 09:48:11 AM,850.85,0,0.0,205734315.49999994
2025-08-01 09:48:12 AM,850.85,282,239939.7,205974255.19999993
2025-08-01 09:48:13 AM,851.05,62,52765.1,206027020.29999992
2025-08-01 09:48:15 AM,851.15,1,851.15,206027871.44999993
2025-08-01 09:48:17 AM,851.15,100,85115.0,206112986.44999993
2025-08-01 09:48:19 AM,851.15,100,85115.0,206198101.44999993
2025-08-01 09:48:20 AM,851.15,16,13618.4,206211719.84999993
2025-08-01 09:48:24 AM,851.15,10,8511.5,206220231.34999993
2025-08-01 09:48:25 AM,851.15,371,315776.64999999997,206536007.99999994
2025-08-01 09:48:25 AM,851.25,0,0.0,206536007.99999994
2025-08-01 09:48:26 AM,851.25,143,121728.75,206657736.74999994
2025-08-01 09:48:26 AM,851.3,202,171962.59999999998,206829699.34999993
2025-08-01 09:48:27 AM,851.5,0,0.0,206829699.34999993
2025-08-01 09:48:27 AM,851.5,100,85150.0,206914849.34999993
2025-08-01 09:48:32 AM,851.75,0,0.0,206914849.34999993
2025-08-01 09:48:33 AM,851.75,117,99654.75,207014504.09999993
2025-08-01 09:48:36 AM,851.75,57,48549.75,207063053.84999993
2025-08-01 09:48:39 AM,851.75,10,8517.5,207071571.34999993
2025-08-01 09:48:40 AM,851.75,15,12776.25,207084347.59999993
2025-08-01 09:48:47 AM,851.75,43,36625.25,207120972.84999993
2025-08-01 09:48:49 AM,851.75,18,15331.5,207136304.34999993
2025-08-01 09:48:55 AM,851.75,42,35773.5,207172077.84999993
2025-08-01 09:48:55 AM,851.8,3,2555.3999999999996,207174633.24999994
2025-08-01 09:48:59 AM,851.8,216,183988.8,207358622.04999995
2025-08-01 09:49:05 AM,852.1,15,12781.5,207371403.54999995
2025-08-01 09:49:07 AM,851.9,12,10222.8,207381626.34999996
2025-08-01 09:49:11 AM,852.1,0,0.0,207381626.34999996
2025-08-01 09:49:11 AM,852.1,64,54534.4,207436160.74999997
2025-08-01 09:49:17 AM,852.1,238,202799.80000000002,207638960.54999998
2025-08-01 09:49:20 AM,852.1,15,12781.5,207651742.04999998
2025-08-01 09:49:24 AM,852.1,1,852.1,207652594.14999998
2025-08-01 09:49:29 AM,852.1,63,53682.3,207706276.45
2025-08-01 09:49:37 AM,852.0,0,0.0,207706276.45
2025-08-01 09:49:39 AM,852.0,5,4260.0,207710536.45
2025-08-01 09:49:40 AM,851.95,0,0.0,207710536.45
2025-08-01 09:49:42 AM,851.55,1098,935001.8999999999,208645538.35
2025-08-01 09:49:51 AM,851.95,79,67304.05,208712842.4
2025-08-01 09:49:52 AM,851.7,0,0.0,208712842.4
2025-08-01 09:49:55 AM,851.65,0,0.0,208712842.4
2025-08-01 09:49:55 AM,851.65,1971,1678602.15,210391444.55
2025-08-01 09:49:56 AM,851.45,0,0.0,210391444.55
2025-08-01 09:49:58 AM,851.65,13,11071.449999999999,210402516.0
2025-08-01 09:50:00 AM,851.7,0,0.0,210402516.0
2025-08-01 09:50:01 AM,851.7,76,64729.200000000004,210467245.2
2025-08-01 09:50:04 AM,851.7,100,85170.0,210552415.2
2025-08-01 09:50:06 AM,853.0,0,0.0,210552415.2
2025-08-01 09:50:08 AM,852.1,5411,4610713.100000001,215163128.29999998
2025-08-01 09:50:09 AM,852.2,0,0.0,215163128.29999998
2025-08-01 09:50:11 AM,852.2,50,42610.0,215205738.29999998
2025-08-01 09:50:14 AM,852.75,64,54576.0,215260314.29999998
2025-08-01 09:50:15 AM,852.3,0,0.0,215260314.29999998
2025-08-01 09:50:17 AM,852.3,8,6818.4,215267132.7
2025-08-01 09:50:18 AM,852.25,0,0.0,215267132.7
2025-08-01 09:50:21 AM,852.25,565,481521.25,215748653.95
2025-08-01 09:50:24 AM,852.05,127,108210.34999999999,215856864.29999998
2025-08-01 09:50:32 AM,852.0,0,0.0,215856864.29999998
2025-08-01 09:50:33 AM,851.95,30,25558.5,215882422.79999998
2025-08-01 09:50:38 AM,852.2,0,0.0,215882422.79999998
2025-08-01 09:50:39 AM,852.75,491,418700.25,216301123.04999998
2025-08-01 09:50:42 AM,852.25,50,42612.5,216343735.54999998
2025-08-01 09:50:42 AM,852.05,0,0.0,216343735.54999998
2025-08-01 09:50:45 AM,852.5,0,0.0,216343735.54999998
2025-08-01 09:50:46 AM,852.5,84,71610.0,216415345.54999998
2025-08-01 09:50:48 AM,852.55,181,154311.55,216569657.1
2025-08-01 09:50:56 AM,852.6,0,0.0,216569657.1
2025-08-01 09:50:58 AM,852.6,318,271126.8,216840783.9
2025-08-01 09:51:00 AM,852.5,15,12787.5,216853571.4
2025-08-01 09:51:03 AM,852.5,3,2557.5,216856128.9
2025-08-01 09:51:04 AM,852.75,0,0.0,216856128.9
2025-08-01 09:51:04 AM,852.75,150,127912.5,216984041.4
2025-08-01 09:51:06 AM,852.75,125,106593.75,217090635.15
2025-08-01 09:51:07 AM,852.9,34,28998.6,217119633.75
2025-08-01 09:51:08 AM,853.0,18,15354.0,217134987.75
2025-08-01 09:51:09 AM,853.15,14,11944.1,217146931.85
2025-08-01 09:51:10 AM,853.2,33,28155.600000000002,217175087.45
2025-08-01 09:51:11 AM,853.4,18,15361.199999999999,217190448.64999998
2025-08-01 09:51:12 AM,853.65,0,0.0,217190448.64999998
2025-08-01 09:51:12 AM,853.65,6,5121.9,217195570.54999998
2025-08-01 09:51:14 AM,853.65,64,54633.6,217250204.14999998
2025-08-01 09:51:15 AM,853.3,50,42665.0,217292869.14999998
2025-08-01 09:51:23 AM,853.4,0,0.0,217292869.14999998
2025-08-01 09:51:24 AM,853.4,70,59738.0,217352607.14999998
2025-08-01 09:51:25 AM,853.65,15,12804.75,217365411.89999998
2025-08-01 09:51:26 AM,853.65,9,7682.849999999999,217373094.74999997
2025-08-01 09:51:27 AM,853.4,0,0.0,217373094.74999997
2025-08-01 09:51:27 AM,853.4,310,264554.0,217637648.74999997
2025-08-01 09:51:28 AM,853.4,150,128010.0,217765658.74999997
2025-08-01 09:51:28 AM,853.2,139,118594.8,217884253.54999998
2025-08-01 09:51:29 AM,853.2,240,204768.0,218089021.54999998
2025-08-01 09:51:30 AM,852.8,0,0.0,218089021.54999998
2025-08-01 09:51:31 AM,852.8,1,852.8,218089874.35
2025-08-01 09:51:33 AM,853.15,0,0.0,218089874.35
2025-08-01 09:51:34 AM,853.15,100,85315.0,218175189.35
2025-08-01 09:51:35 AM,853.1,48,40948.8,218216138.15
2025-08-01 09:51:36 AM,853.15,0,0.0,218216138.15
2025-08-01 09:51:37 AM,853.15,190,162098.5,218378236.65
2025-08-01 09:51:39 AM,852.8,7,5969.599999999999,218384206.25
2025-08-01 09:51:45 AM,853.15,17,14503.55,218398709.8
2025-08-01 09:51:52 AM,852.95,0,0.0,218398709.8
2025-08-01 09:51:53 AM,852.95,64,54588.8,218453298.60000002
2025-08-01 09:51:59 AM,852.95,1,852.95,218454151.55
2025-08-01 09:52:00 AM,852.95,15,12794.25,218466945.8
2025-08-01 09:52:06 AM,853.0,0,0.0,218466945.8
2025-08-01 09:52:07 AM,853.0,374,319022.0,218785967.8
2025-08-01 09:52:07 AM,853.15,0,0.0,218785967.8
2025-08-01 09:52:08 AM,853.15,200,170630.0,218956597.8
2025-08-01 09:52:09 AM,853.15,21,17916.149999999998,218974513.95000002
2025-08-01 09:52:09 AM,853.4,0,0.0,218974513.95000002
2025-08-01 09:52:10 AM,853.4,139,118622.59999999999,219093136.55
2025-08-01 09:52:10 AM,853.65,0,0.0,219093136.55
2025-08-01 09:52:11 AM,853.65,73,62316.45,219155453.0
2025-08-01 09:52:14 AM,853.6,1,853.6,219156306.6
2025-08-01 09:52:17 AM,853.55,64,54627.2,219210933.79999998
2025-08-01 09:52:20 AM,853.55,15,12803.25,219223737.04999998
2025-08-01 09:52:23 AM,853.55,10,8535.5,219232272.54999998
2025-08-01 09:52:24 AM,853.6,0,0.0,219232272.54999998
2025-08-01 09:52:25 AM,853.6,50,42680.0,219274952.54999998
2025-08-01 09:52:29 AM,853.6,1,853.6,219275806.14999998
2025-08-01 09:52:31 AM,853.6,50,42680.0,219318486.14999998
2025-08-01 09:52:32 AM,853.6,5,4268.0,219322754.14999998
2025-08-01 09:52:35 AM,853.65,0,0.0,219322754.14999998
2025-08-01 09:52:36 AM,853.65,242,206583.3,219529337.45
2025-08-01 09:52:36 AM,853.65,96,81950.4,219611287.85
2025-08-01 09:52:37 AM,853.8,66,56350.799999999996,219667638.65
2025-08-01 09:52:40 AM,853.8,15,12807.0,219680445.65
2025-08-01 09:52:45 AM,853.8,1,853.8,219681299.45000002
2025-08-01 09:52:52 AM,853.8,64,54643.2,219735942.65
2025-08-01 09:52:59 AM,853.8,1,853.8,219736796.45000002
2025-08-01 09:53:00 AM,853.8,85,72573.0,219809369.45000002
2025-08-01 09:53:04 AM,853.8,331,282607.8,220091977.25000003
2025-08-01 09:53:08 AM,853.85,0,0.0,220091977.25000003
2025-08-01 09:53:08 AM,853.85,582,496940.7,220588917.95000002
2025-08-01 09:53:08 AM,853.8,0,0.0,220588917.95000002
2025-08-01 09:53:10 AM,853.8,50,42690.0,220631607.95000002
2025-08-01 09:53:14 AM,853.85,1,853.85,220632461.8
2025-08-01 09:53:21 AM,853.85,16,13661.6,220646123.4
2025-08-01 09:53:27 AM,853.85,64,54646.4,220700769.8
2025-08-01 09:53:29 AM,853.85,1,853.85,220701623.65
2025-08-01 09:53:32 AM,853.85,1,853.85,220702477.5
2025-08-01 09:53:36 AM,853.9,0,0.0,220702477.5
2025-08-01 09:53:39 AM,853.75,0,0.0,220702477.5
2025-08-01 09:53:39 AM,853.75,242,206607.5,220909085.0
2025-08-01 09:53:39 AM,853.7,0,0.0,220909085.0
2025-08-01 09:53:41 AM,853.45,428,365276.60000000003,221274361.6
2025-08-01 09:53:45 AM,853.45,29,24750.050000000003,221299111.65
2025-08-01 09:53:47 AM,853.45,12,10241.400000000001,221309353.05
2025-08-01 09:53:51 AM,853.75,0,0.0,221309353.05
2025-08-01 09:53:51 AM,853.4,0,0.0,221309353.05
2025-08-01 09:53:52 AM,853.4,125,106675.0,221416028.05
2025-08-01 09:53:53 AM,854.2,1337,1142065.4000000001,222558093.45000002
2025-08-01 09:53:58 AM,854.2,102,87128.40000000001,222645221.85000002
2025-08-01 09:53:59 AM,854.2,1,854.2,222646076.05
2025-08-01 09:54:00 AM,854.2,15,12813.0,222658889.05
2025-08-01 09:54:02 AM,853.75,250,213437.5,222872326.55
2025-08-01 09:54:05 AM,854.2,0,0.0,222872326.55
2025-08-01 09:54:06 AM,854.2,238,203299.6,223075626.15
2025-08-01 09:54:06 AM,854.2,41,35022.200000000004,223110648.35
2025-08-01 09:54:06 AM,854.25,0,0.0,223110648.35
2025-08-01 09:54:07 AM,854.25,4828,4124319.0,227234967.35
2025-08-01 09:54:09 AM,854.55,0,0.0,227234967.35
2025-08-01 09:54:10 AM,854.55,59,50418.45,227285385.79999998
2025-08-01 09:54:14 AM,854.55,1,854.55,227286240.35
2025-08-01 09:54:20 AM,854.55,15,12818.25,227299058.6
2025-08-01 09:54:24 AM,854.55,64,54691.2,227353749.79999998
2025-08-01 09:54:26 AM,854.2,1596,1363303.2000000002,228717052.99999997
2025-08-01 09:54:29 AM,853.75,1,853.75,228717906.74999997
2025-08-01 09:54:32 AM,853.3,1,853.3,228718760.04999998
2025-08-01 09:54:36 AM,853.75,0,0.0,228718760.04999998
2025-08-01 09:54:37 AM,853.75,252,215145.0,228933905.04999998
2025-08-01 09:54:40 AM,853.75,15,12806.25,228946711.29999998
2025-08-01 09:54:44 AM,853.75,1,853.75,228947565.04999998
2025-08-01 09:54:46 AM,853.75,10,8537.5,228956102.54999998
2025-08-01 09:54:53 AM,853.75,20,17075.0,228973177.54999998
2025-08-01 09:54:58 AM,853.75,64,54640.0,229027817.54999998
2025-08-01 09:54:59 AM,853.7,370,315869.0,229343686.54999998
2025-08-01 09:55:00 AM,853.7,16,13659.2,229357345.74999997
2025-08-01 09:55:05 AM,853.7,71,60612.700000000004,229417958.44999996
2025-08-01 09:55:06 AM,853.75,159,135746.25,229553704.69999996
2025-08-01 09:55:07 AM,854.2,8,6833.6,229560538.29999995
2025-08-01 09:55:15 AM,854.2,1,854.2,229561392.49999994
2025-08-01 09:55:17 AM,853.8,195,166491.0,229727883.49999994
2025-08-01 09:55:25 AM,854.2,15,12813.0,229740696.49999994
2025-08-01 09:55:29 AM,854.2,65,55523.0,229796219.49999994
2025-08-01 09:55:32 AM,853.95,12,10247.400000000001,229806466.89999995
2025-08-01 09:55:36 AM,854.2,0,0.0,229806466.89999995
2025-08-01 09:55:36 AM,854.2,94,80294.8,229886761.69999996
2025-08-01 09:55:37 AM,854.45,0,0.0,229886761.69999996
2025-08-01 09:55:37 AM,854.45,144,123040.8,230009802.49999997
2025-08-01 09:55:40 AM,854.45,15,12816.75,230022619.24999997
2025-08-01 09:55:44 AM,854.45,2,1708.9,230024328.14999998
2025-08-01 09:55:47 AM,854.45,157,134148.65,230158476.79999998
2025-08-01 09:55:53 AM,854.45,17,14525.650000000001,230173002.45
2025-08-01 09:55:56 AM,854.4,0,0.0,230173002.45
2025-08-01 09:55:56 AM,854.4,292,249484.8,230422487.25
2025-08-01 09:55:56 AM,854.15,1,854.15,230423341.4
2025-08-01 09:55:57 AM,854.45,0,0.0,230423341.4
2025-08-01 09:55:57 AM,854.45,50,42722.5,230466063.9
2025-08-01 09:55:58 AM,854.45,20,17089.0,230483152.9
2025-08-01 09:55:59 AM,854.45,1,854.45,230484007.35
2025-08-01 09:56:00 AM,854.45,35,29905.75,230513913.1
2025-08-01 09:56:05 AM,854.4,153,130723.2,230644636.29999998
2025-08-01 09:56:05 AM,854.45,95,81172.75,230725809.04999998
2025-08-01 09:56:11 AM,854.45,63,53830.350000000006,230779639.39999998
2025-08-01 09:56:11 AM,854.55,90,76909.5,230856548.89999998
2025-08-01 09:56:13 AM,854.65,0,0.0,230856548.89999998
2025-08-01 09:56:17 AM,854.65,130,111104.5,230967653.39999998
2025-08-01 09:56:23 AM,854.55,17,14527.349999999999,230982180.74999997
2025-08-01 09:56:28 AM,854.55,260,222183.0,231204363.74999997
2025-08-01 09:56:29 AM,854.65,1,854.65,231205218.39999998
2025-08-01 09:56:40 AM,854.65,432,369208.8,231574427.2
2025-08-01 09:56:45 AM,854.45,0,0.0,231574427.2
2025-08-01 09:56:46 AM,854.65,107,91447.55,231665874.75
2025-08-01 09:56:57 AM,854.45,0,0.0,231665874.75
2025-08-01 09:56:59 AM,854.45,55,46994.75,231712869.5
2025-08-01 09:57:00 AM,854.45,16,13671.2,231726540.7
2025-08-01 09:57:05 AM,854.4,0,0.0,231726540.7
2025-08-01 09:57:05 AM,854.4,238,203347.19999999998,231929887.89999998
2025-08-01 09:57:06 AM,854.4,73,62371.2,231992259.09999996
2025-08-01 09:57:07 AM,854.05,1,854.05,231993113.14999998
2025-08-01 09:57:14 AM,854.35,0,0.0,231993113.14999998
2025-08-01 09:57:14 AM,854.35,2,1708.7,231994821.84999996
2025-08-01 09:57:14 AM,854.35,1,854.35,231995676.19999996
2025-08-01 09:57:17 AM,854.05,0,0.0,231995676.19999996
2025-08-01 09:57:17 AM,854.05,1,854.05,231996530.24999997
2025-08-01 09:57:25 AM,854.35,0,0.0,231996530.24999997
2025-08-01 09:57:25 AM,854.3,0,0.0,231996530.24999997
2025-08-01 09:57:25 AM,854.3,79,67489.7,232064019.94999996
2025-08-01 09:57:28 AM,854.3,4,3417.2,232067437.14999995
2025-08-01 09:57:29 AM,854.3,4,3417.2,232070854.34999993
2025-08-01 09:57:30 AM,854.05,649,554278.45,232625132.79999992
2025-08-01 09:57:32 AM,853.55,2405,2052787.75,234677920.54999992
2025-08-01 09:57:42 AM,854.0,0,0.0,234677920.54999992
2025-08-01 09:57:42 AM,854.0,77,65758.0,234743678.54999992
2025-08-01 09:57:44 AM,853.95,2,1707.9,234745386.44999993
2025-08-01 09:57:45 AM,853.95,79,67462.05,234812848.49999994
2025-08-01 09:57:50 AM,853.95,64,54652.8,234867501.29999995
2025-08-01 09:57:52 AM,853.6,9,7682.400000000001,234875183.69999996
2025-08-01 09:57:53 AM,853.6,144,122918.40000000001,234998102.09999996
2025-08-01 09:57:54 AM,853.9,25,21347.5,235019449.59999996
2025-08-01 09:57:57 AM,853.95,0,0.0,235019449.59999996
2025-08-01 09:57:57 AM,853.95,70,59776.5,235079226.09999996
2025-08-01 09:57:59 AM,853.9,1,853.9,235080079.99999997
2025-08-01 09:58:00 AM,853.95,15,12809.25,235092889.24999997
2025-08-01 09:58:02 AM,853.6,173,147672.80000000002,235240562.04999998
2025-08-01 09:58:04 AM,853.4,775,661385.0,235901947.04999998
2025-08-01 09:58:06 AM,853.6,0,0.0,235901947.04999998
2025-08-01 09:58:06 AM,853.6,20,17072.0,235919019.04999998
2025-08-01 09:58:12 AM,853.6,5,4268.0,235923287.04999998
2025-08-01 09:58:15 AM,853.6,1,853.6,235924140.64999998
2025-08-01 09:58:18 AM,853.55,0,0.0,235924140.64999998
2025-08-01 09:58:18 AM,853.55,1,853.55,235924994.2
2025-08-01 09:58:20 AM,853.55,16,13656.8,235938651.0
2025-08-01 09:58:21 AM,853.55,2,1707.1,235940358.1
2025-08-01 09:58:22 AM,853.55,1,853.55,235941211.65
2025-08-01 09:58:24 AM,853.6,100,85360.0,236026571.65
2025-08-01 09:58:30 AM,853.6,1,853.6,236027425.25
2025-08-01 09:58:35 AM,853.6,26,22193.600000000002,236049618.85
2025-08-01 09:58:35 AM,853.6,163,139136.80000000002,236188755.65
2025-08-01 09:58:36 AM,853.6,58,49508.8,236238264.45000002
2025-08-01 09:58:36 AM,853.65,17,14512.05,236252776.50000003
2025-08-01 09:58:40 AM,853.65,15,12804.75,236265581.25000003
2025-08-01 09:58:41 AM,853.65,64,54633.6,236320214.85000002
2025-08-01 09:58:43 AM,853.65,410,349996.5,236670211.35000002
2025-08-01 09:58:44 AM,853.75,67,57201.25,236727412.60000002
2025-08-01 09:58:53 AM,853.35,825,704013.75,237431426.35000002
2025-08-01 09:58:58 AM,853.25,50,42662.5,237474088.85000002
2025-08-01 09:58:59 AM,853.65,1,853.65,237474942.50000003
2025-08-01 09:59:00 AM,853.65,16,13658.4,237488600.90000004
2025-08-01 09:59:04 AM,853.3,10,8533.0,237497133.90000004
2025-08-01 09:59:06 AM,853.65,0,0.0,237497133.90000004
2025-08-01 09:59:07 AM,853.75,238,203192.5,237700326.40000004
2025-08-01 09:59:08 AM,853.25,0,0.0,237700326.40000004
2025-08-01 09:59:11 AM,853.25,8,6826.0,237707152.40000004
2025-08-01 09:59:12 AM,853.75,0,0.0,237707152.40000004
2025-08-01 09:59:13 AM,853.75,234,199777.5,237906929.90000004
2025-08-01 09:59:17 AM,853.75,1,853.75,237907783.65000004
2025-08-01 09:59:20 AM,853.75,15,12806.25,237920589.90000004
2025-08-01 09:59:23 AM,853.75,64,54640.0,237975229.90000004
2025-08-01 09:59:30 AM,853.8,1,853.8,237976083.70000005
2025-08-01 09:59:36 AM,853.8,233,198935.4,238175019.10000005
2025-08-01 09:59:38 AM,853.9,0,0.0,238175019.10000005
2025-08-01 09:59:39 AM,853.9,94,80266.59999999999,238255285.70000005
2025-08-01 09:59:42 AM,853.9,26,22201.399999999998,238277487.10000005
2025-08-01 09:59:45 AM,853.9,2,1707.8,238279194.90000007
2025-08-01 09:59:57 AM,853.9,23,19639.7,238298834.60000005
2025-08-01 10:00:00 AM,853.95,0,0.0,238298834.60000005
2025-08-01 10:00:01 AM,854.0,0,0.0,238298834.60000005
2025-08-01 10:00:01 AM,854.0,53,45262.0,238344096.60000005
2025-08-01 10:00:02 AM,853.9,66,56357.4,238400454.00000006
2025-08-01 10:00:06 AM,854.0,0,0.0,238400454.00000006
2025-08-01 10:00:06 AM,854.0,242,206668.0,238607122.00000006
2025-08-01 10:00:09 AM,854.0,50,42700.0,238649822.00000006
2025-08-01 10:00:10 AM,853.95,0,0.0,238649822.00000006
2025-08-01 10:00:10 AM,853.95,80,68316.0,238718138.00000006
2025-08-01 10:00:15 AM,854.0,0,0.0,238718138.00000006
2025-08-01 10:00:15 AM,854.0,1,854.0,238718992.00000006
2025-08-01 10:00:17 AM,853.95,4,3415.8,238722407.80000007
2025-08-01 10:00:18 AM,854.0,0,0.0,238722407.80000007
2025-08-01 10:00:18 AM,854.0,857,731878.0,239454285.80000007
2025-08-01 10:00:20 AM,853.95,0,0.0,239454285.80000007
2025-08-01 10:00:20 AM,853.95,18,15371.1,239469656.90000007
2025-08-01 10:00:22 AM,853.95,11,9393.45,239479050.35000005
2025-08-01 10:00:23 AM,853.95,1,853.95,239479904.30000004
2025-08-01 10:00:26 AM,853.95,1,853.95,239480758.25000003
2025-08-01 10:00:28 AM,853.95,31,26472.45,239507230.70000002
2025-08-01 10:00:29 AM,853.95,9,7685.55,239514916.25000003
2025-08-01 10:00:34 AM,853.95,1,853.95,239515770.20000002
2025-08-01 10:00:35 AM,853.95,185,157980.75,239673750.95000002
2025-08-01 10:00:36 AM,854.0,63,53802.0,239727552.95000002
2025-08-01 10:00:39 AM,853.9,0,0.0,239727552.95000002
2025-08-01 10:00:39 AM,853.9,5,4269.5,239731822.45000002
2025-08-01 10:00:40 AM,854.0,58,49532.0,239781354.45000002
2025-08-01 10:00:42 AM,853.5,1360,1160760.0,240942114.45000002
2025-08-01 10:00:44 AM,853.5,10,8535.0,240950649.45000002
2025-08-01 10:00:44 AM,853.7,1,853.7,240951503.15
2025-08-01 10:00:46 AM,853.5,0,0.0,240951503.15
2025-08-01 10:00:46 AM,853.5,12,10242.0,240961745.15
2025-08-01 10:00:47 AM,853.35,0,0.0,240961745.15
2025-08-01 10:00:47 AM,853.35,10,8533.5,240970278.65
2025-08-01 10:00:48 AM,853.25,73,62287.25,241032565.9
2025-08-01 10:00:55 AM,853.0,235,200455.0,241233020.9
2025-08-01 10:00:59 AM,853.5,1,853.5,241233874.4
2025-08-01 10:01:00 AM,853.5,15,12802.5,241246676.9
2025-08-01 10:01:04 AM,853.5,2,1707.0,241248383.9
2025-08-01 10:01:07 AM,853.5,238,203133.0,241451516.9
2025-08-01 10:01:13 AM,853.5,69,58891.5,241510408.4
2025-08-01 10:01:16 AM,853.6,460,392656.0,241903064.4
2025-08-01 10:01:20 AM,853.6,47,40119.200000000004,241943183.6
2025-08-01 10:01:22 AM,853.6,77,65727.2,242008910.79999998
2025-08-01 10:01:23 AM,853.5,0,0.0,242008910.79999998
2025-08-01 10:01:26 AM,853.6,0,0.0,242008910.79999998
2025-08-01 10:01:26 AM,853.6,21,17925.600000000002,242026836.39999998
2025-08-01 10:01:32 AM,853.6,1,853.6,242027689.99999997
2025-08-01 10:01:34 AM,853.6,17,14511.2,242042201.19999996
2025-08-01 10:01:38 AM,853.8,0,0.0,242042201.19999996
2025-08-01 10:01:38 AM,853.8,278,237356.4,242279557.59999996
2025-08-01 10:01:40 AM,853.7,18,15366.6,242294924.19999996
2025-08-01 10:01:45 AM,853.8,42,35859.6,242330783.79999995
2025-08-01 10:01:47 AM,853.8,53,45251.399999999994,242376035.19999996
2025-08-01 10:01:48 AM,853.75,0,0.0,242376035.19999996
2025-08-01 10:01:51 AM,853.75,5,4268.75,242380303.94999996
2025-08-01 10:01:53 AM,854.2,35,29897.0,242410200.94999996
2025-08-01 10:01:57 AM,854.2,63,53814.600000000006,242464015.54999995
2025-08-01 10:01:59 AM,854.2,33,28188.600000000002,242492204.14999995
2025-08-01 10:02:03 AM,854.2,16,13667.2,242505871.34999993
2025-08-01 10:02:07 AM,854.15,0,0.0,242505871.34999993
2025-08-01 10:02:09 AM,853.85,0,0.0,242505871.34999993
2025-08-01 10:02:09 AM,853.85,808,689910.8,243195782.14999995
2025-08-01 10:02:15 AM,854.3,0,0.0,243195782.14999995
2025-08-01 10:02:16 AM,854.3,1,854.3,243196636.44999996
2025-08-01 10:02:22 AM,854.3,16,13668.8,243210305.24999997
2025-08-01 10:02:23 AM,854.2,0,0.0,243210305.24999997
2025-08-01 10:02:24 AM,854.2,13,11104.6,243221409.84999996
2025-08-01 10:02:30 AM,854.3,1,854.3,243222264.14999998
2025-08-01 10:02:34 AM,854.25,134,114469.5,243336733.64999998
2025-08-01 10:02:36 AM,854.3,0,0.0,243336733.64999998
2025-08-01 10:02:36 AM,854.3,114,97390.2,243434123.84999996
2025-08-01 10:02:41 AM,854.3,15,12814.5,243446938.34999996
2025-08-01 10:02:43 AM,854.2,702,599648.4,244046586.74999997
2025-08-01 10:02:47 AM,854.2,298,254551.6,244301138.34999996
2025-08-01 10:02:54 AM,854.2,9,7687.8,244308826.14999998
2025-08-01 10:03:00 AM,854.2,26,22209.2,244331035.34999996
2025-08-01 10:03:06 AM,854.2,246,210133.2,244541168.54999995
2025-08-01 10:03:10 AM,854.05,0,0.0,244541168.54999995
2025-08-01 10:03:13 AM,854.05,8,6832.4,244548000.94999996
2025-08-01 10:03:15 AM,854.2,9,7687.8,244555688.74999997
2025-08-01 10:03:19 AM,854.2,87,74315.40000000001,244630004.14999998
2025-08-01 10:03:21 AM,854.2,16,13667.2,244643671.34999996
2025-08-01 10:03:26 AM,854.55,0,0.0,244643671.34999996
2025-08-01 10:03:26 AM,854.55,476,406765.8,245050437.14999998
2025-08-01 10:03:28 AM,854.55,2,1709.1,245052146.24999997
2025-08-01 10:03:32 AM,854.55,1,854.55,245053000.79999998
2025-08-01 10:03:34 AM,854.55,114,97418.7,245150419.49999997
2025-08-01 10:03:39 AM,854.55,181,154673.55,245305093.04999998
2025-08-01 10:03:41 AM,854.55,15,12818.25,245317911.29999998
2025-08-01 10:03:45 AM,854.55,2,1709.1,245319620.39999998
2025-08-01 10:03:50 AM,854.5,0,0.0,245319620.39999998
2025-08-01 10:03:51 AM,854.5,745,636602.5,245956222.89999998
2025-08-01 10:03:57 AM,854.55,1,854.55,245957077.45
2025-08-01 10:03:58 AM,854.5,0,0.0,245957077.45
2025-08-01 10:03:59 AM,854.55,199,170055.44999999998,246127132.89999998
2025-08-01 10:04:03 AM,854.55,253,216201.15,246343334.04999998
2025-08-01 10:04:09 AM,854.5,81,69214.5,246412548.54999998
2025-08-01 10:04:16 AM,854.5,1,854.5,246413403.04999998
2025-08-01 10:04:22 AM,854.1,0,0.0,246413403.04999998
2025-08-01 10:04:22 AM,854.1,22,18790.2,246432193.24999997
2025-08-01 10:04:28 AM,854.5,82,70069.0,246502262.24999997
2025-08-01 10:04:31 AM,854.5,1,854.5,246503116.74999997
2025-08-01 10:04:35 AM,854.55,274,234146.69999999998,246737263.44999996
2025-08-01 10:04:37 AM,854.55,238,203382.9,246940646.34999996
2025-08-01 10:04:41 AM,854.55,15,12818.25,246953464.59999996
2025-08-01 10:04:47 AM,854.55,1,854.55,246954319.14999998
2025-08-01 10:04:49 AM,854.55,5,4272.75,246958591.89999998
2025-08-01 10:04:55 AM,854.55,48,41018.399999999994,246999610.29999998
2025-08-01 10:05:00 AM,854.65,114,97430.09999999999,247097040.39999998
2025-08-01 10:05:02 AM,854.65,16,13674.4,247110714.79999998
2025-08-01 10:05:06 AM,854.65,53,45296.45,247156011.24999997
2025-08-01 10:05:08 AM,854.75,185,158128.75,247314139.99999997
2025-08-01 10:05:12 AM,854.75,1,854.75,247314994.74999997
2025-08-01 10:05:14 AM,854.75,164,140179.0,247455173.74999997
2025-08-01 10:05:15 AM,854.55,0,0.0,247455173.74999997
2025-08-01 10:05:18 AM,854.75,1820,1555645.0,249010818.74999997
2025-08-01 10:05:20 AM,854.75,15,12821.25,249023639.99999997
2025-08-01 10:05:26 AM,854.75,5,4273.75,249027913.74999997
2025-08-01 10:05:31 AM,854.75,1,854.75,249028768.49999997
2025-08-01 10:05:33 AM,855.2,1198,1024529.6000000001,250053298.09999996
2025-08-01 10:05:37 AM,854.9,0,0.0,250053298.09999996
2025-08-01 10:05:37 AM,854.9,1344,1148985.5999999999,251202283.69999996
2025-08-01 10:05:40 AM,855.35,0,0.0,251202283.69999996
2025-08-01 10:05:44 AM,855.35,19,16251.65,251218535.34999996
2025-08-01 10:05:49 AM,855.05,0,0.0,251218535.34999996
2025-08-01 10:05:49 AM,855.05,12,10260.599999999999,251228795.94999996
2025-08-01 10:05:54 AM,855.35,0,0.0,251228795.94999996
2025-08-01 10:05:54 AM,855.35,167,142843.45,251371639.39999995
2025-08-01 10:06:00 AM,855.35,16,13685.6,251385324.99999994
2025-08-01 10:06:03 AM,855.35,11,9408.85,251394733.84999993
2025-08-01 10:06:06 AM,855.35,238,203573.30000000002,251598307.14999995
2025-08-01 10:06:12 AM,855.3,0,0.0,251598307.14999995
2025-08-01 10:06:12 AM,855.3,1,855.3,251599162.44999996
2025-08-01 10:06:15 AM,854.95,0,0.0,251599162.44999996
2025-08-01 10:06:15 AM,854.95,1467,1254211.6500000001,252853374.09999996
2025-08-01 10:06:18 AM,854.85,0,0.0,252853374.09999996
2025-08-01 10:06:18 AM,854.85,6,5129.1,252858503.19999996
2025-08-01 10:06:21 AM,854.85,16,13677.6,252872180.79999995
2025-08-01 10:06:26 AM,854.95,82,70105.90000000001,252942286.69999996
2025-08-01 10:06:30 AM,854.95,1,854.95,252943141.64999995
2025-08-01 10:06:32 AM,854.95,12,10259.400000000001,252953401.04999995
2025-08-01 10:06:36 AM,854.95,34,29068.300000000003,252982469.34999996
2025-08-01 10:06:37 AM,855.05,0,0.0,252982469.34999996
2025-08-01 10:06:38 AM,855.15,204,174450.6,253156919.94999996
2025-08-01 10:06:41 AM,855.05,0,0.0,253156919.94999996
2025-08-01 10:06:42 AM,855.05,113,96620.65,253253540.59999996
2025-08-01 10:06:44 AM,855.05,1,855.05,253254395.64999998
2025-08-01 10:06:48 AM,854.9,11,9403.9,253263799.54999998
2025-08-01 10:06:54 AM,854.5,741,633184.5,253896984.04999998
2025-08-01 10:07:01 AM,854.95,0,0.0,253896984.04999998
2025-08-01 10:07:01 AM,854.95,1,854.95,253897838.99999997
2025-08-01 10:07:03 AM,854.95,26,22228.7,253920067.69999996
2025-08-01 10:07:07 AM,854.95,273,233401.35,254153469.04999995
2025-08-01 10:07:09 AM,854.95,2,1709.9,254155178.94999996
2025-08-01 10:07:15 AM,854.7,101,86324.70000000001,254241503.64999995
2025-08-01 10:07:19 AM,854.95,64,54716.8,254296220.44999996
2025-08-01 10:07:21 AM,854.95,15,12824.25,254309044.69999996
2025-08-01 10:07:32 AM,854.75,15,12821.25,254321865.94999996
2025-08-01 10:07:38 AM,855.3,0,0.0,254321865.94999996
2025-08-01 10:07:38 AM,855.3,541,462717.3,254784583.24999997
2025-08-01 10:07:44 AM,855.3,38,32501.399999999998,254817084.64999998
2025-08-01 10:07:46 AM,855.3,2,1710.6,254818795.24999997
2025-08-01 10:07:50 AM,855.3,30,25659.0,254844454.24999997
2025-08-01 10:07:52 AM,855.2,25,21380.0,254865834.24999997
2025-08-01 10:08:02 AM,855.3,0,0.0,254865834.24999997
2025-08-01 10:08:02 AM,855.3,10,8553.0,254874387.24999997
2025-08-01 10:08:04 AM,855.35,119,101786.65000000001,254976173.89999998
2025-08-01 10:08:07 AM,855.45,0,0.0,254976173.89999998
2025-08-01 10:08:08 AM,855.55,0,0.0,254976173.89999998
2025-08-01 10:08:09 AM,855.55,198,169398.9,255145572.79999998
2025-08-01 10:08:15 AM,855.55,1,855.55,255146428.35
2025-08-01 10:08:21 AM,855.55,16,13688.8,255160117.15
2025-08-01 10:08:27 AM,855.55,100,85555.0,255245672.15
2025-08-01 10:08:29 AM,855.55,82,70155.09999999999,255315827.25
2025-08-01 10:08:33 AM,855.8,474,405649.19999999995,255721476.45
2025-08-01 10:08:35 AM,855.7,25,21392.5,255742868.95
2025-08-01 10:08:36 AM,855.85,0,0.0,255742868.95
2025-08-01 10:08:37 AM,856.2,0,0.0,255742868.95
2025-08-01 10:08:39 AM,856.2,521,446080.2,256188949.14999998
2025-08-01 10:08:45 AM,856.45,80,68516.0,256257465.14999998
2025-08-01 10:08:47 AM,856.5,64,54816.0,256312281.14999998
2025-08-01 10:08:48 AM,856.45,0,0.0,256312281.14999998
2025-08-01 10:08:50 AM,856.65,0,0.0,256312281.14999998
2025-08-01 10:08:51 AM,856.45,0,0.0,256312281.14999998
2025-08-01 10:08:51 AM,856.45,69,59095.05,256371376.2
2025-08-01 10:08:53 AM,856.45,1635,1400295.75,257771671.95
2025-08-01 10:08:56 AM,856.05,0,0.0,257771671.95
2025-08-01 10:08:57 AM,856.05,279,238837.94999999998,258010509.89999998
2025-08-01 10:08:58 AM,855.75,51,43643.25,258054153.14999998
2025-08-01 10:09:01 AM,856.2,0,0.0,258054153.14999998
2025-08-01 10:09:03 AM,856.2,101,86476.20000000001,258140629.34999996
2025-08-01 10:09:06 AM,856.25,0,0.0,258140629.34999996
2025-08-01 10:09:09 AM,856.05,0,0.0,258140629.34999996
2025-08-01 10:09:09 AM,856.05,307,262807.35,258403436.69999996
2025-08-01 10:09:15 AM,856.0,0,0.0,258403436.69999996
2025-08-01 10:09:15 AM,856.0,117,100152.0,258503588.69999996
2025-08-01 10:09:21 AM,856.1,0,0.0,258503588.69999996
2025-08-01 10:09:21 AM,856.1,194,166083.4,258669672.09999996
2025-08-01 10:09:26 AM,856.2,0,0.0,258669672.09999996
2025-08-01 10:09:27 AM,856.2,27,23117.4,258692789.49999997
2025-08-01 10:09:32 AM,856.2,65,55653.0,258748442.49999997
2025-08-01 10:09:37 AM,856.4,0,0.0,258748442.49999997
2025-08-01 10:09:38 AM,856.4,237,202966.8,258951409.29999998
2025-08-01 10:09:40 AM,856.35,15,12845.25,258964254.54999998
2025-08-01 10:09:44 AM,856.35,2,1712.7,258965967.24999997
2025-08-01 10:09:53 AM,856.2,0,0.0,258965967.24999997
2025-08-01 10:09:55 AM,856.2,60,51372.0,259017339.24999997
2025-08-01 10:10:00 AM,856.35,0,0.0,259017339.24999997
2025-08-01 10:10:01 AM,856.35,13,11132.550000000001,259028471.79999998
2025-08-01 10:10:07 AM,856.2,0,0.0,259028471.79999998
2025-08-01 10:10:07 AM,856.2,264,226036.80000000002,259254508.6
2025-08-01 10:10:12 AM,856.35,0,0.0,259254508.6
2025-08-01 10:10:13 AM,856.35,564,482981.4,259737490.0
2025-08-01 10:10:15 AM,856.35,176,150717.6,259888207.6
2025-08-01 10:10:18 AM,856.2,75,64215.0,259952422.6
2025-08-01 10:10:23 AM,855.4,0,0.0,259952422.6
2025-08-01 10:10:24 AM,855.4,1908,1632103.2,261584525.79999998
2025-08-01 10:10:26 AM,856.7,8654,7413881.800000001,268998407.59999996
2025-08-01 10:10:29 AM,856.65,0,0.0,268998407.59999996
2025-08-01 10:10:30 AM,856.95,0,0.0,268998407.59999996
2025-08-01 10:10:30 AM,856.95,201,172246.95,269170654.54999995
2025-08-01 10:10:38 AM,856.95,220,188529.0,269359183.54999995
2025-08-01 10:10:42 AM,856.95,16,13711.2,269372894.74999994
2025-08-01 10:10:44 AM,856.95,26,22280.7,269395175.4499999
2025-08-01 10:10:49 AM,856.7,6,5140.200000000001,269400315.6499999
2025-08-01 10:10:50 AM,856.95,1114,954642.3,270354957.9499999
2025-08-01 10:10:55 AM,856.85,100,85685.0,270440642.9499999
2025-08-01 10:10:56 AM,856.95,0,0.0,270440642.9499999
2025-08-01 10:10:56 AM,856.95,64,54844.8,270495487.74999994
2025-08-01 10:11:00 AM,856.8,356,305020.8,270800508.54999995
2025-08-01 10:11:02 AM,856.95,32,27422.4,270827930.9499999
2025-08-01 10:11:05 AM,856.65,0,0.0,270827930.9499999
2025-08-01 10:11:05 AM,856.65,82,70245.3,270898176.24999994
2025-08-01 10:11:09 AM,856.45,0,0.0,270898176.24999994
2025-08-01 10:11:09 AM,856.45,92,78793.40000000001,270976969.6499999
2025-08-01 10:11:10 AM,856.4,0,0.0,270976969.6499999
2025-08-01 10:11:10 AM,856.4,803,687689.2,271664658.8499999
2025-08-01 10:11:13 AM,856.8,0,0.0,271664658.8499999
2025-08-01 10:11:13 AM,856.8,2,1713.6,271666372.4499999
2025-08-01 10:11:15 AM,856.8,1,856.8,271667229.24999994
2025-08-01 10:11:20 AM,856.8,15,12852.0,271680081.24999994
2025-08-01 10:11:25 AM,856.8,7,5997.599999999999,271686078.84999996
2025-08-01 10:11:30 AM,856.8,1,856.8,271686935.65
2025-08-01 10:11:34 AM,856.8,215,184212.0,271871147.65
2025-08-01 10:11:36 AM,856.8,164,140515.19999999998,272011662.84999996
2025-08-01 10:11:40 AM,856.8,98,83966.4,272095629.24999994
2025-08-01 10:11:41 AM,856.65,150,128497.5,272224126.74999994
2025-08-01 10:11:42 AM,856.65,100,85665.0,272309791.74999994
2025-08-01 10:11:45 AM,856.7,0,0.0,272309791.74999994
2025-08-01 10:11:45 AM,856.7,2,1713.4,272311505.1499999
2025-08-01 10:11:47 AM,856.7,100,85670.0,272397175.1499999
2025-08-01 10:11:48 AM,856.7,15,12850.5,272410025.6499999
2025-08-01 10:11:54 AM,856.4,772,661140.7999999999,273071166.4499999
2025-08-01 10:11:59 AM,856.3,1,856.3,273072022.74999994
2025-08-01 10:12:00 AM,856.3,15,12844.5,273084867.24999994
2025-08-01 10:12:05 AM,856.7,0,0.0,273084867.24999994
2025-08-01 10:12:05 AM,856.7,2620,2244554.0,275329421.24999994
2025-08-01 10:12:06 AM,856.7,420,359814.0,275689235.24999994
2025-08-01 10:12:10 AM,856.7,50,42835.0,275732070.24999994
2025-08-01 10:12:15 AM,856.65,0,0.0,275732070.24999994
2025-08-01 10:12:16 AM,856.65,172,147343.8,275879414.04999995
2025-08-01 10:12:22 AM,856.65,15,12849.75,275892263.79999995
2025-08-01 10:12:28 AM,856.65,20,17133.0,275909396.79999995
2025-08-01 10:12:32 AM,856.8,0,0.0,275909396.79999995
2025-08-01 10:12:34 AM,856.8,469,401839.19999999995,276311235.99999994
2025-08-01 10:12:34 AM,856.8,70,59976.0,276371211.99999994
2025-08-01 10:12:40 AM,856.8,15,12852.0,276384063.99999994
2025-08-01 10:12:42 AM,856.7,0,0.0,276384063.99999994
2025-08-01 10:12:45 AM,857.0,1136,973552.0,277357615.99999994
2025-08-01 10:12:50 AM,856.8,0,0.0,277357615.99999994
2025-08-01 10:12:51 AM,856.8,69,59119.2,277416735.1999999
2025-08-01 10:12:56 AM,856.95,0,0.0,277416735.1999999
2025-08-01 10:12:57 AM,856.95,545,467037.75,277883772.9499999
2025-08-01 10:13:00 AM,856.8,0,0.0,277883772.9499999
2025-08-01 10:13:00 AM,856.75,0,0.0,277883772.9499999
2025-08-01 10:13:01 AM,856.75,70,59972.5,277943745.4499999
2025-08-01 10:13:06 AM,856.75,3,2570.25,277946315.6999999
2025-08-01 10:13:14 AM,856.5,1,856.5,277947172.1999999
2025-08-01 10:13:17 AM,856.4,0,0.0,277947172.1999999
2025-08-01 10:13:17 AM,856.4,198,169567.19999999998,278116739.3999999
2025-08-01 10:13:18 AM,856.4,5,4282.0,278121021.3999999
2025-08-01 10:13:21 AM,856.4,200,171280.0,278292301.3999999
2025-08-01 10:13:26 AM,856.5,0,0.0,278292301.3999999
2025-08-01 10:13:26 AM,856.5,356,304914.0,278597215.3999999
2025-08-01 10:13:28 AM,856.5,5,4282.5,278601497.8999999
2025-08-01 10:13:30 AM,856.75,0,0.0,278601497.8999999
2025-08-01 10:13:30 AM,856.75,21,17991.75,278619489.6499999
2025-08-01 10:13:31 AM,856.5,0,0.0,278619489.6499999
2025-08-01 10:13:31 AM,856.5,43,36829.5,278656319.1499999
2025-08-01 10:13:37 AM,856.75,43,36840.25,278693159.3999999
2025-08-01 10:13:40 AM,856.75,16,13708.0,278706867.3999999
2025-08-01 10:13:44 AM,856.75,2,1713.5,278708580.8999999
2025-08-01 10:13:46 AM,856.75,48,41124.0,278749704.8999999
2025-08-01 10:13:47 AM,856.75,12,10281.0,278759985.8999999
2025-08-01 10:13:49 AM,856.8,0,0.0,278759985.8999999
2025-08-01 10:13:49 AM,856.8,37,31701.6,278791687.49999994
2025-08-01 10:13:58 AM,856.8,5,4284.0,278795971.49999994
2025-08-01 10:13:59 AM,856.8,2,1713.6,278797685.09999996
2025-08-01 10:14:00 AM,856.8,15,12852.0,278810537.09999996
2025-08-01 10:14:01 AM,856.8,1,856.8,278811393.9
2025-08-01 10:14:02 AM,856.8,1,856.8,278812250.7
2025-08-01 10:14:07 AM,856.8,3,2570.3999999999996,278814821.09999996
2025-08-01 10:14:08 AM,856.8,4,3427.2,278818248.29999995
2025-08-01 10:14:13 AM,856.8,26,22276.8,278840525.09999996
2025-08-01 10:14:19 AM,856.8,1,856.8,278841381.9
2025-08-01 10:14:20 AM,856.8,15,12852.0,278854233.9
2025-08-01 10:14:25 AM,856.7,127,108800.90000000001,278963034.79999995
2025-08-01 10:14:30 AM,856.8,1,856.8,278963891.59999996
2025-08-01 10:14:42 AM,856.8,18,15422.4,278979313.99999994
2025-08-01 10:14:43 AM,856.8,32,27417.6,279006731.59999996
2025-08-01 10:14:48 AM,856.8,1,856.8,279007588.4
2025-08-01 10:14:59 AM,856.8,6,5140.799999999999,279012729.2
2025-08-01 10:15:00 AM,856.8,16,13708.8,279026438.0
2025-08-01 10:15:06 AM,856.7,60,51402.0,279077840.0
2025-08-01 10:15:07 AM,856.8,0,0.0,279077840.0
2025-08-01 10:15:11 AM,856.8,64,54835.2,279132675.2
2025-08-01 10:15:11 AM,856.7,15,12850.5,279145525.7
2025-08-01 10:15:15 AM,856.8,0,0.0,279145525.7
2025-08-01 10:15:17 AM,856.8,1,856.8,279146382.5
2025-08-01 10:15:23 AM,856.7,0,0.0,279146382.5
2025-08-01 10:15:23 AM,856.75,378,323851.5,279470234.0
2025-08-01 10:15:29 AM,856.75,18,15421.5,279485655.5
2025-08-01 10:15:29 AM,856.75,1,856.75,279486512.25
2025-08-01 10:15:33 AM,856.5,0,0.0,279486512.25
2025-08-01 10:15:34 AM,856.4,0,0.0,279486512.25
2025-08-01 10:15:35 AM,856.4,628,537819.2,280024331.45
2025-08-01 10:15:41 AM,856.45,0,0.0,280024331.45
2025-08-01 10:15:41 AM,856.45,162,138744.9,280163076.34999996
2025-08-01 10:15:45 AM,856.5,0,0.0,280163076.34999996
2025-08-01 10:15:47 AM,856.5,5,4282.5,280167358.84999996
2025-08-01 10:15:47 AM,856.45,3,2569.3500000000004,280169928.2
2025-08-01 10:15:49 AM,856.4,0,0.0,280169928.2
2025-08-01 10:15:51 AM,855.9,0,0.0,280169928.2
2025-08-01 10:15:53 AM,855.9,2250,1925775.0,282095703.2
2025-08-01 10:15:59 AM,856.4,0,0.0,282095703.2
2025-08-01 10:15:59 AM,856.4,490,419636.0,282515339.2
2025-08-01 10:16:04 AM,856.4,16,13702.4,282529041.59999996
2025-08-01 10:16:06 AM,857.15,0,0.0,282529041.59999996
2025-08-01 10:16:10 AM,856.95,3259,2792800.0500000003,285321841.65
2025-08-01 10:16:11 AM,857.05,0,0.0,285321841.65
2025-08-01 10:16:13 AM,857.0,0,0.0,285321841.65
2025-08-01 10:16:14 AM,856.95,0,0.0,285321841.65
2025-08-01 10:16:16 AM,856.95,1294,1108893.3,286430734.95
2025-08-01 10:16:22 AM,856.95,15,12854.25,286443589.2
2025-08-01 10:16:24 AM,856.6,0,0.0,286443589.2
2025-08-01 10:16:28 AM,856.6,277,237278.2,286680867.4
2025-08-01 10:16:31 AM,856.95,0,0.0,286680867.4
2025-08-01 10:16:32 AM,856.4,0,0.0,286680867.4
2025-08-01 10:16:34 AM,856.75,369,316140.75,286997008.15
2025-08-01 10:16:40 AM,856.4,314,268909.6,287265917.75
2025-08-01 10:16:40 AM,856.75,16,13708.0,287279625.75
2025-08-01 10:16:42 AM,856.7,0,0.0,287279625.75
2025-08-01 10:16:45 AM,856.7,850,728195.0,288007820.75
2025-08-01 10:16:56 AM,856.7,233,199611.1,288207431.85
2025-08-01 10:17:00 AM,856.7,266,227882.2,288435314.05
2025-08-01 10:17:01 AM,856.7,5,4283.5,288439597.55
2025-08-01 10:17:02 AM,856.7,10,8567.0,288448164.55
2025-08-01 10:17:12 AM,856.7,60,51402.0,288499566.55
2025-08-01 10:17:14 AM,856.7,1,856.7,288500423.25
2025-08-01 10:17:17 AM,856.6,505,432583.0,288933006.25
2025-08-01 10:17:20 AM,856.65,0,0.0,288933006.25
2025-08-01 10:17:20 AM,856.65,15,12849.75,288945856.0
2025-08-01 10:17:26 AM,856.65,200,171330.0,289117186.0
2025-08-01 10:17:29 AM,856.65,1,856.65,289118042.65
2025-08-01 10:17:33 AM,856.65,64,54825.6,289172868.25
2025-08-01 10:17:36 AM,856.65,10,8566.5,289181434.75
2025-08-01 10:17:40 AM,856.65,15,12849.75,289194284.5
2025-08-01 10:17:41 AM,856.65,6,5139.9,289199424.4
2025-08-01 10:17:44 AM,856.65,8,6853.2,289206277.59999996
2025-08-01 10:17:47 AM,856.65,32,27412.8,289233690.4
2025-08-01 10:17:48 AM,856.65,39,33409.35,289267099.75
2025-08-01 10:17:52 AM,856.65,8,6853.2,289273952.95
2025-08-01 10:17:54 AM,856.7,490,419783.0,289693735.95
2025-08-01 10:17:59 AM,856.65,0,0.0,289693735.95
2025-08-01 10:17:59 AM,856.65,1,856.65,289694592.59999996
2025-08-01 10:17:59 AM,856.7,1,856.7,289695449.29999995
2025-08-01 10:18:00 AM,856.7,15,12850.5,289708299.79999995
2025-08-01 10:18:03 AM,856.4,0,0.0,289708299.79999995
2025-08-01 10:18:04 AM,856.65,0,0.0,289708299.79999995
2025-08-01 10:18:05 AM,856.6,0,0.0,289708299.79999995
2025-08-01 10:18:05 AM,856.6,526,450571.60000000003,290158871.4
2025-08-01 10:18:17 AM,856.4,0,0.0,290158871.4
2025-08-01 10:18:17 AM,856.4,2,1712.8,290160584.2
2025-08-01 10:18:27 AM,856.6,0,0.0,290160584.2
2025-08-01 10:18:29 AM,856.45,0,0.0,290160584.2
2025-08-01 10:18:29 AM,856.45,27,23124.15,290183708.34999996
2025-08-01 10:18:30 AM,856.6,0,0.0,290183708.34999996
2025-08-01 10:18:34 AM,856.75,427,365832.25,290549540.59999996
2025-08-01 10:18:40 AM,856.75,15,12851.25,290562391.84999996
2025-08-01 10:18:46 AM,856.75,3,2570.25,290564962.09999996
2025-08-01 10:18:57 AM,856.75,8,6854.0,290571816.09999996
2025-08-01 10:19:00 AM,856.75,73,62542.75,290634358.84999996
2025-08-01 10:19:06 AM,856.75,223,191055.25,290825414.09999996
2025-08-01 10:19:14 AM,856.75,1,856.75,290826270.84999996
2025-08-01 10:19:20 AM,856.75,79,67683.25,290893954.09999996
2025-08-01 10:19:27 AM,856.5,0,0.0,290893954.09999996
2025-08-01 10:19:27 AM,856.5,100,85650.0,290979604.09999996
2025-08-01 10:19:29 AM,856.75,1,856.75,290980460.84999996
2025-08-01 10:19:30 AM,856.75,11,9424.25,290989885.09999996
2025-08-01 10:19:34 AM,856.4,595,509558.0,291499443.09999996
2025-08-01 10:19:43 AM,856.55,84,71950.2,291571393.29999995
2025-08-01 10:19:44 AM,856.75,2,1713.5,291573106.79999995
2025-08-01 10:19:45 AM,856.55,0,0.0,291573106.79999995
2025-08-01 10:19:45 AM,856.75,0,0.0,291573106.79999995
2025-08-01 10:19:45 AM,856.75,45,38553.75,291611660.54999995
2025-08-01 10:19:46 AM,856.75,45,38553.75,291650214.29999995
2025-08-01 10:19:50 AM,856.75,325,278443.75,291928658.04999995
2025-08-01 10:19:51 AM,856.8,0,0.0,291928658.04999995
2025-08-01 10:19:51 AM,857.0,0,0.0,291928658.04999995
2025-08-01 10:19:51 AM,857.0,252,215964.0,292144622.04999995
2025-08-01 10:19:52 AM,857.1,0,0.0,292144622.04999995
2025-08-01 10:19:52 AM,857.1,264,226274.4,292370896.4499999
2025-08-01 10:19:59 AM,857.3,1,857.3,292371753.74999994
2025-08-01 10:20:00 AM,857.3,16,13716.8,292385470.54999995
2025-08-01 10:20:05 AM,857.3,264,226327.19999999998,292611797.74999994
2025-08-01 10:20:17 AM,857.3,1,857.3,292612655.04999995
2025-08-01 10:20:23 AM,857.3,76,65154.799999999996,292677809.84999996
2025-08-01 10:20:30 AM,857.3,3,2571.8999999999996,292680381.74999994
2025-08-01 10:20:41 AM,857.3,15,12859.5,292693241.24999994
2025-08-01 10:20:47 AM,857.3,766,656691.7999999999,293349933.04999995
2025-08-01 10:20:51 AM,857.45,0,0.0,293349933.04999995
2025-08-01 10:20:53 AM,857.45,15,12861.75,293362794.79999995
2025-08-01 10:20:54 AM,857.45,11,9431.95,293372226.74999994
2025-08-01 10:20:58 AM,857.5,103,88322.5,293460549.24999994
2025-08-01 10:21:00 AM,857.5,17,14577.5,293475126.74999994
2025-08-01 10:21:06 AM,857.5,101,86607.5,293561734.24999994
2025-08-01 10:21:09 AM,857.45,0,0.0,293561734.24999994
2025-08-01 10:21:09 AM,857.9,3196,2741848.4,296303582.6499999
2025-08-01 10:21:11 AM,858.15,0,0.0,296303582.6499999
2025-08-01 10:21:11 AM,858.15,287,246289.05,296549871.6999999
2025-08-01 10:21:13 AM,858.5,0,0.0,296549871.6999999
2025-08-01 10:21:15 AM,858.7,315,270490.5,296820362.1999999
2025-08-01 10:21:17 AM,858.8,0,0.0,296820362.1999999
2025-08-01 10:21:17 AM,858.8,693,595148.4,297415510.5999999
2025-08-01 10:21:17 AM,858.95,0,0.0,297415510.5999999
2025-08-01 10:21:19 AM,859.0,0,0.0,297415510.5999999
2025-08-01 10:21:20 AM,858.95,635,545433.25,297960943.8499999
2025-08-01 10:21:22 AM,858.95,14,12025.300000000001,297972969.1499999
2025-08-01 10:21:25 AM,858.9,0,0.0,297972969.1499999
2025-08-01 10:21:26 AM,858.9,6,5153.4,297978122.5499999
2025-08-01 10:21:31 AM,858.9,1,858.9,297978981.44999987
2025-08-01 10:21:33 AM,858.9,30,25767.0,298004748.44999987
2025-08-01 10:21:42 AM,858.9,80,68712.0,298073460.44999987
2025-08-01 10:21:44 AM,858.6,0,0.0,298073460.44999987
2025-08-01 10:21:44 AM,858.6,463,397531.8,298470992.2499999
2025-08-01 10:21:45 AM,858.3,0,0.0,298470992.2499999
2025-08-01 10:21:48 AM,858.35,0,0.0,298470992.2499999
2025-08-01 10:21:48 AM,858.35,124,106435.40000000001,298577427.64999986
2025-08-01 10:21:59 AM,858.1,0,0.0,298577427.64999986
2025-08-01 10:22:00 AM,858.35,36,30900.600000000002,298608328.2499999
2025-08-01 10:22:01 AM,858.5,40,34340.0,298642668.2499999
2025-08-01 10:22:07 AM,858.5,7,6009.5,298648677.7499999
2025-08-01 10:22:11 AM,858.5,86,73831.0,298722508.7499999
2025-08-01 10:22:12 AM,857.85,500,428925.0,299151433.7499999
2025-08-01 10:22:15 AM,858.4,0,0.0,299151433.7499999
2025-08-01 10:22:17 AM,858.1,119,102113.90000000001,299253547.64999986
2025-08-01 10:22:25 AM,858.4,16,13734.4,299267282.04999983
2025-08-01 10:22:26 AM,858.85,0,0.0,299267282.04999983
2025-08-01 10:22:29 AM,858.85,100,85885.0,299353167.04999983
2025-08-01 10:22:31 AM,858.9,80,68712.0,299421879.04999983
2025-08-01 10:22:40 AM,858.9,15,12883.5,299434762.54999983
2025-08-01 10:22:42 AM,858.9,100,85890.0,299520652.54999983
2025-08-01 10:22:45 AM,858.9,1,858.9,299521511.4499998
2025-08-01 10:22:51 AM,858.8,0,0.0,299521511.4499998
2025-08-01 10:22:53 AM,858.9,60,51534.0,299573045.4499998
2025-08-01 10:22:56 AM,858.9,11,9447.9,299582493.3499998
2025-08-01 10:22:58 AM,858.9,100,85890.0,299668383.3499998
2025-08-01 10:23:01 AM,858.9,181,155460.9,299823844.24999976
2025-08-01 10:23:02 AM,858.9,11,9447.9,299833292.14999974
2025-08-01 10:23:10 AM,858.9,26,22331.399999999998,299855623.5499997
2025-08-01 10:23:15 AM,858.9,4,3435.6,299859059.14999974
2025-08-01 10:23:19 AM,858.9,100,85890.0,299944949.14999974
2025-08-01 10:23:20 AM,858.9,16,13742.4,299958691.5499997
2025-08-01 10:23:21 AM,858.9,64,54969.6,300013661.14999974
2025-08-01 10:23:23 AM,858.75,0,0.0,300013661.14999974
2025-08-01 10:23:23 AM,858.75,990,850162.5,300863823.64999974
2025-08-01 10:23:24 AM,858.65,0,0.0,300863823.64999974
2025-08-01 10:23:24 AM,858.75,219,188066.25,301051889.89999974
2025-08-01 10:23:25 AM,858.85,0,0.0,301051889.89999974
2025-08-01 10:23:25 AM,858.85,5,4294.25,301056184.14999974
2025-08-01 10:23:26 AM,858.9,1,858.9,301057043.0499997
2025-08-01 10:23:29 AM,858.9,18,15460.199999999999,301072503.2499997
2025-08-01 10:23:30 AM,858.95,0,0.0,301072503.2499997
2025-08-01 10:23:30 AM,858.95,1,858.95,301073362.1999997
2025-08-01 10:23:38 AM,858.95,117,100497.15000000001,301173859.34999967
2025-08-01 10:23:41 AM,858.95,15,12884.25,301186743.59999967
2025-08-01 10:23:44 AM,858.95,2,1717.9,301188461.49999964
2025-08-01 10:23:46 AM,858.9,0,0.0,301188461.49999964
2025-08-01 10:23:46 AM,858.9,52,44662.799999999996,301233124.29999965
2025-08-01 10:23:48 AM,858.95,93,79882.35,301313006.6499997
2025-08-01 10:23:56 AM,858.95,32,27486.4,301340493.04999965
2025-08-01 10:24:01 AM,858.95,16,13743.2,301354236.24999964
2025-08-01 10:24:03 AM,858.95,4,3435.8,301357672.04999965
2025-08-01 10:24:09 AM,858.95,5,4294.75,301361966.79999965
2025-08-01 10:24:12 AM,858.95,64,54972.8,301416939.59999967
2025-08-01 10:24:14 AM,858.9,0,0.0,301416939.59999967
2025-08-01 10:24:14 AM,858.9,22,18895.8,301435835.3999997
2025-08-01 10:24:17 AM,859.2,0,0.0,301435835.3999997
2025-08-01 10:24:18 AM,859.2,144,123724.8,301559560.1999997
2025-08-01 10:24:19 AM,858.9,1044,896691.6,302456251.7999997
2025-08-01 10:24:25 AM,859.15,15,12887.25,302469139.0499997
2025-08-01 10:24:26 AM,859.2,0,0.0,302469139.0499997
2025-08-01 10:24:27 AM,858.9,0,0.0,302469139.0499997
2025-08-01 10:24:29 AM,858.9,88,75583.2,302544722.2499997
2025-08-01 10:24:30 AM,859.2,1,859.2,302545581.4499997
2025-08-01 10:24:34 AM,858.9,0,0.0,302545581.4499997
2025-08-01 10:24:34 AM,858.9,424,364173.6,302909755.0499997
2025-08-01 10:24:35 AM,858.95,0,0.0,302909755.0499997
2025-08-01 10:24:36 AM,858.95,25,21473.75,302931228.7999997
2025-08-01 10:24:40 AM,858.9,0,0.0,302931228.7999997
2025-08-01 10:24:41 AM,858.9,15,12883.5,302944112.2999997
2025-08-01 10:24:45 AM,858.9,2,1717.8,302945830.0999997
2025-08-01 10:24:46 AM,858.95,0,0.0,302945830.0999997
2025-08-01 10:24:47 AM,858.95,150,128842.5,303074672.5999997
2025-08-01 10:24:54 AM,859.0,0,0.0,303074672.5999997
2025-08-01 10:24:56 AM,859.0,69,59271.0,303133943.5999997
2025-08-01 10:25:01 AM,858.9,143,122822.7,303256766.2999997
2025-08-01 10:25:13 AM,859.1,301,258589.1,303515355.39999974
2025-08-01 10:25:15 AM,859.05,0,0.0,303515355.39999974
2025-08-01 10:25:16 AM,859.05,1,859.05,303516214.44999975
2025-08-01 10:25:19 AM,859.05,5,4295.25,303520509.69999975
2025-08-01 10:25:22 AM,859.05,15,12885.75,303533395.44999975
2025-08-01 10:25:25 AM,859.05,9,7731.45,303541126.89999974
2025-08-01 10:25:29 AM,858.9,0,0.0,303541126.89999974
2025-08-01 10:25:30 AM,859.05,0,0.0,303541126.89999974
2025-08-01 10:25:31 AM,859.05,7,6013.349999999999,303547140.24999976
2025-08-01 10:25:39 AM,859.0,0,0.0,303547140.24999976
2025-08-01 10:25:42 AM,859.05,17,14603.849999999999,303561744.0999998
2025-08-01 10:25:44 AM,859.05,35,30066.75,303591810.8499998
2025-08-01 10:25:47 AM,859.05,2,1718.1,303593528.9499998
2025-08-01 10:25:50 AM,859.05,51,43811.549999999996,303637340.4999998
2025-08-01 10:25:53 AM,859.2,50,42960.0,303680300.4999998
2025-08-01 10:25:55 AM,859.4,0,0.0,303680300.4999998
2025-08-01 10:25:55 AM,859.4,194,166723.6,303847024.09999985
2025-08-01 10:25:58 AM,859.4,43,36954.2,303883978.29999983
2025-08-01 10:26:00 AM,859.5,0,0.0,303883978.29999983
2025-08-01 10:26:00 AM,859.5,1,859.5,303884837.79999983
2025-08-01 10:26:03 AM,860.1,0,0.0,303884837.79999983
2025-08-01 10:26:03 AM,860.0,53499,46009140.0,349893977.79999983
2025-08-01 10:26:11 AM,860.4,0,0.0,349893977.79999983
2025-08-01 10:26:11 AM,860.4,531,456872.39999999997,350350850.1999998
2025-08-01 10:26:15 AM,860.7,88,75741.6,350426591.79999983
2025-08-01 10:26:17 AM,860.7,1,860.7,350427452.4999998
2025-08-01 10:26:20 AM,860.7,15,12910.5,350440362.9999998
2025-08-01 10:26:22 AM,860.8,0,0.0,350440362.9999998
2025-08-01 10:26:22 AM,860.75,218,187643.5,350628006.4999998
2025-08-01 10:26:26 AM,860.75,225,193668.75,350821675.2499998
2025-08-01 10:26:27 AM,860.9,0,0.0,350821675.2499998
2025-08-01 10:26:28 AM,860.8,0,0.0,350821675.2499998
2025-08-01 10:26:28 AM,860.8,360,309888.0,351131563.2499998
2025-08-01 10:26:31 AM,861.0,0,0.0,351131563.2499998
2025-08-01 10:26:32 AM,860.8,109,93827.2,351225390.4499998
2025-08-01 10:26:34 AM,860.8,359,309027.2,351534417.6499998
2025-08-01 10:26:40 AM,861.0,10,8610.0,351543027.6499998
2025-08-01 10:26:43 AM,860.85,489,420955.65,351963983.2999998
2025-08-01 10:26:45 AM,861.0,0,0.0,351963983.2999998
2025-08-01 10:26:46 AM,861.0,15,12915.0,351976898.2999998
2025-08-01 10:26:51 AM,860.5,0,0.0,351976898.2999998
2025-08-01 10:26:51 AM,860.4,503,432781.2,352409679.49999976
2025-08-01 10:26:54 AM,860.5,0,0.0,352409679.49999976
2025-08-01 10:26:55 AM,860.8,0,0.0,352409679.49999976
2025-08-01 10:26:55 AM,860.8,3371,2901756.8,355311436.2999998
2025-08-01 10:26:57 AM,860.5,171,147145.5,355458581.7999998
2025-08-01 10:26:59 AM,860.75,0,0.0,355458581.7999998
2025-08-01 10:27:01 AM,860.75,476,409717.0,355868298.7999998
2025-08-01 10:27:03 AM,860.8,0,0.0,355868298.7999998
2025-08-01 10:27:03 AM,860.8,274,235859.19999999998,356104157.99999976
2025-08-01 10:27:06 AM,860.8,15,12912.0,356117069.99999976
2025-08-01 10:27:09 AM,860.4,0,0.0,356117069.99999976
2025-08-01 10:27:09 AM,860.4,286,246074.4,356363144.39999974
2025-08-01 10:27:11 AM,859.65,0,0.0,356363144.39999974
2025-08-01 10:27:12 AM,859.65,2000,1719300.0,358082444.39999974
2025-08-01 10:27:13 AM,860.25,0,0.0,358082444.39999974
2025-08-01 10:27:15 AM,860.25,436,375069.0,358457513.39999974
2025-08-01 10:27:19 AM,860.2,0,0.0,358457513.39999974
2025-08-01 10:27:20 AM,860.2,553,475690.60000000003,358933203.99999976
2025-08-01 10:27:23 AM,860.0,0,0.0,358933203.99999976
2025-08-01 10:27:23 AM,860.0,152,130720.0,359063923.99999976
2025-08-01 10:27:26 AM,860.0,2,1720.0,359065643.99999976
2025-08-01 10:27:27 AM,860.5,0,0.0,359065643.99999976
2025-08-01 10:27:28 AM,860.5,52,44746.0,359110389.99999976
2025-08-01 10:27:30 AM,860.25,0,0.0,359110389.99999976
2025-08-01 10:27:31 AM,860.25,69,59357.25,359169747.24999976
2025-08-01 10:27:34 AM,860.15,100,86015.0,359255762.24999976
2025-08-01 10:27:37 AM,860.0,2,1720.0,359257482.24999976
2025-08-01 10:27:42 AM,860.0,297,255420.0,359512902.24999976
2025-08-01 10:27:45 AM,860.25,0,0.0,359512902.24999976
2025-08-01 10:27:45 AM,860.25,19,16344.75,359529246.99999976
2025-08-01 10:27:48 AM,860.25,15,12903.75,359542150.74999976
2025-08-01 10:27:50 AM,859.95,0,0.0,359542150.74999976
2025-08-01 10:27:50 AM,859.95,310,266584.5,359808735.24999976
2025-08-01 10:28:00 AM,860.0,0,0.0,359808735.24999976
2025-08-01 10:28:01 AM,860.0,16,13760.0,359822495.24999976
2025-08-01 10:28:02 AM,859.9,0,0.0,359822495.24999976
2025-08-01 10:28:03 AM,860.0,0,0.0,359822495.24999976
2025-08-01 10:28:04 AM,860.0,164,141040.0,359963535.24999976
2025-08-01 10:28:09 AM,859.9,357,306984.3,360270519.5499998
2025-08-01 10:28:11 AM,859.85,0,0.0,360270519.5499998
2025-08-01 10:28:12 AM,859.9,289,248511.1,360519030.6499998
2025-08-01 10:28:14 AM,859.45,0,0.0,360519030.6499998
2025-08-01 10:28:15 AM,859.85,41,35253.85,360554284.4999998
2025-08-01 10:28:17 AM,859.45,90,77350.5,360631634.9999998
2025-08-01 10:28:19 AM,859.7,0,0.0,360631634.9999998
2025-08-01 10:28:20 AM,859.7,40,34388.0,360666022.9999998
2025-08-01 10:28:21 AM,859.45,0,0.0,360666022.9999998
2025-08-01 10:28:23 AM,859.45,3,2578.3500000000004,360668601.34999985
2025-08-01 10:28:30 AM,859.7,0,0.0,360668601.34999985
2025-08-01 10:28:31 AM,859.7,1,859.7,360669461.04999983
2025-08-01 10:28:36 AM,859.45,0,0.0,360669461.04999983
2025-08-01 10:28:37 AM,859.45,476,409098.2,361078559.2499998
2025-08-01 10:28:39 AM,859.45,146,125479.70000000001,361204038.9499998
2025-08-01 10:28:40 AM,859.5,0,0.0,361204038.9499998
2025-08-01 10:28:42 AM,859.5,30,25785.0,361229823.9499998
2025-08-01 10:28:45 AM,859.45,0,0.0,361229823.9499998
2025-08-01 10:28:45 AM,859.45,11,9453.95,361239277.8999998
2025-08-01 10:28:56 AM,859.5,115,98842.5,361338120.3999998
2025-08-01 10:28:59 AM,859.6,736,632665.6,361970785.9999998
2025-08-01 10:29:00 AM,859.65,0,0.0,361970785.9999998
2025-08-01 10:29:02 AM,859.65,89,76508.84999999999,362047294.84999985
2025-08-01 10:29:04 AM,859.7,0,0.0,362047294.84999985
2025-08-01 10:29:04 AM,859.7,12,10316.400000000001,362057611.2499998
2025-08-01 10:29:12 AM,859.8,0,0.0,362057611.2499998
2025-08-01 10:29:13 AM,859.8,232,199473.59999999998,362257084.84999985
2025-08-01 10:29:16 AM,859.8,1,859.8,362257944.64999986
2025-08-01 10:29:21 AM,859.8,15,12897.0,362270841.64999986
2025-08-01 10:29:26 AM,859.7,0,0.0,362270841.64999986
2025-08-01 10:29:27 AM,859.7,5,4298.5,362275140.14999986
2025-08-01 10:29:30 AM,859.8,6,5158.799999999999,362280298.94999987
2025-08-01 10:29:35 AM,859.8,90,77382.0,362357680.94999987
2025-08-01 10:29:41 AM,859.8,15,12897.0,362370577.94999987
2025-08-01 10:29:46 AM,859.8,2,1719.6,362372297.5499999
2025-08-01 10:30:00 AM,859.85,0,0.0,362372297.5499999
2025-08-01 10:30:00 AM,859.85,17,14617.45,362386914.9999999
2025-08-01 10:30:03 AM,860.5,0,0.0,362386914.9999999
2025-08-01 10:30:03 AM,860.5,2497,2148668.5,364535583.4999999
2025-08-01 10:30:06 AM,860.6,234,201380.4,364736963.89999986
2025-08-01 10:30:09 AM,860.55,4,3442.2,364740406.09999985
2025-08-01 10:30:15 AM,860.7,3,2582.1000000000004,364742988.19999987
2025-08-01 10:30:17 AM,860.9,209,179928.1,364922916.2999999
2025-08-01 10:30:19 AM,860.8,0,0.0,364922916.2999999
2025-08-01 10:30:20 AM,861.0,303,260883.0,365183799.2999999
2025-08-01 10:30:22 AM,860.85,0,0.0,365183799.2999999
2025-08-01 10:30:23 AM,860.85,12,10330.2,365194129.4999999
2025-08-01 10:30:25 AM,861.0,0,0.0,365194129.4999999
2025-08-01 10:30:26 AM,861.0,113,97293.0,365291422.4999999
2025-08-01 10:30:29 AM,860.9,50,43045.0,365334467.4999999
2025-08-01 10:30:31 AM,861.0,0,0.0,365334467.4999999
2025-08-01 10:30:31 AM,861.0,53,45633.0,365380100.4999999
2025-08-01 10:30:34 AM,860.9,0,0.0,365380100.4999999
2025-08-01 10:30:35 AM,860.9,10,8609.0,365388709.4999999
2025-08-01 10:30:40 AM,861.0,0,0.0,365388709.4999999
2025-08-01 10:30:40 AM,861.0,119,102459.0,365491168.4999999
2025-08-01 10:30:43 AM,861.0,10,8610.0,365499778.4999999
2025-08-01 10:30:46 AM,861.0,1,861.0,365500639.4999999
2025-08-01 10:30:48 AM,861.0,9,7749.0,365508388.4999999
2025-08-01 10:30:52 AM,861.0,100,86100.0,365594488.4999999
2025-08-01 10:30:54 AM,860.95,2,1721.9,365596210.39999986
2025-08-01 10:31:00 AM,861.0,0,0.0,365596210.39999986
2025-08-01 10:31:00 AM,861.0,16,13776.0,365609986.39999986
2025-08-01 10:31:06 AM,861.0,64,55104.0,365665090.39999986
2025-08-01 10:31:09 AM,861.0,43,37023.0,365702113.39999986
2025-08-01 10:31:12 AM,861.0,1,861.0,365702974.39999986
2025-08-01 10:31:15 AM,861.0,1,861.0,365703835.39999986
2025-08-01 10:31:17 AM,861.0,6,5166.0,365709001.39999986
2025-08-01 10:31:20 AM,860.95,85,73180.75,365782182.14999986
2025-08-01 10:31:23 AM,860.95,150,129142.5,365911324.64999986
2025-08-01 10:31:26 AM,861.0,976,840336.0,366751660.64999986
2025-08-01 10:31:27 AM,860.9,0,0.0,366751660.64999986
2025-08-01 10:31:29 AM,860.9,87,74898.3,366826558.94999987
2025-08-01 10:31:31 AM,861.0,0,0.0,366826558.94999987
2025-08-01 10:31:32 AM,861.0,1,861.0,366827419.94999987
2025-08-01 10:31:42 AM,861.2,409,352230.80000000005,367179650.7499999
2025-08-01 10:31:45 AM,861.2,1502,1293522.4000000001,368473173.14999986
2025-08-01 10:31:51 AM,861.0,6,5166.0,368478339.14999986
2025-08-01 10:31:54 AM,861.2,205,176546.0,368654885.14999986
2025-08-01 10:32:00 AM,861.15,0,0.0,368654885.14999986
2025-08-01 10:32:00 AM,861.2,0,0.0,368654885.14999986
2025-08-01 10:32:01 AM,861.2,16,13779.2,368668664.34999985
2025-08-01 10:32:04 AM,861.2,69,59422.8,368728087.14999986
2025-08-01 10:32:11 AM,861.4,514,442759.6,369170846.7499999
2025-08-01 10:32:13 AM,861.0,0,0.0,369170846.7499999
2025-08-01 10:32:14 AM,861.45,2026,1745297.7000000002,370916144.44999987
2025-08-01 10:32:20 AM,861.15,0,0.0,370916144.44999987
2025-08-01 10:32:21 AM,861.4,11,9475.4,370925619.84999985
2025-08-01 10:32:27 AM,861.4,15,12921.0,370938540.84999985
2025-08-01 10:32:30 AM,861.4,1,861.4,370939402.2499998
2025-08-01 10:32:37 AM,861.35,189,162795.15,371102197.3999998
2025-08-01 10:32:38 AM,861.5,0,0.0,371102197.3999998
2025-08-01 10:32:40 AM,861.6,28,24124.8,371126322.1999998
2025-08-01 10:32:42 AM,861.3,0,0.0,371126322.1999998
2025-08-01 10:32:43 AM,861.3,1000,861300.0,371987622.1999998
2025-08-01 10:32:45 AM,861.6,0,0.0,371987622.1999998
2025-08-01 10:32:46 AM,861.6,1,861.6,371988483.79999983
2025-08-01 10:32:48 AM,861.35,500,430675.0,372419158.79999983
2025-08-01 10:32:57 AM,861.6,0,0.0,372419158.79999983
2025-08-01 10:32:57 AM,861.6,279,240386.4,372659545.1999998
2025-08-01 10:33:00 AM,861.6,16,13785.6,372673330.79999983
2025-08-01 10:33:05 AM,861.6,15,12924.0,372686254.79999983
2025-08-01 10:33:08 AM,861.6,75,64620.0,372750874.79999983
2025-08-01 10:33:11 AM,861.9,0,0.0,372750874.79999983
2025-08-01 10:33:11 AM,861.9,64,55161.6,372806036.39999986
2025-08-01 10:33:14 AM,861.55,768,661670.3999999999,373467706.79999983
2025-08-01 10:33:15 AM,861.5,0,0.0,373467706.79999983
2025-08-01 10:33:17 AM,861.5,200,172300.0,373640006.79999983
2025-08-01 10:33:19 AM,861.55,173,149048.15,373789054.9499998
2025-08-01 10:33:21 AM,861.3,0,0.0,373789054.9499998
